<?xml version="1.0" encoding="UTF-8"?>
<!DOCTYPE html PUBLIC "-//W3C//DTD XHTML 1.0 Transitional//EN"
    "http://www.w3.org/TR/xhtml1/DTD/xhtml1-transitional.dtd">
<html xmlns="http://www.w3.org/1999/xhtml" xml:lang="en" lang="en">
 <head>
  <title>
</title>
<meta http-equiv="Content-Type" content="text/html;charset=utf-8" />
  <meta name='ocr-system' content='tesseract 3.04.00' />
  <meta name='ocr-capabilities' content='ocr_page ocr_carea ocr_par ocr_line ocrx_word'/>
</head>
<body>
  <div class='ocr_page' id='page_1' title='image "./vetustestamentu00essgoog_0371.png"; bbox 0 0 2924 4972; ppageno 0'>
   <div class='ocr_carea' id='block_1_1' title="bbox 154 202 1159 281">
    <p class='ocr_par' dir='ltr' id='par_1_1' title="bbox 154 202 1159 281">
     <span class='ocr_line' id='line_1_1' title="bbox 154 202 1159 281; baseline -0.007 -8"><span class='ocrx_word' id='word_1_1' title='bbox 154 206 219 274; x_wconf 74' lang='lat'><strong><em>314</em></strong></span> <span class='ocrx_word' id='word_1_2' title='bbox 407 202 945 268; x_wconf 74' lang='grc' dir='ltr'><strong><em>οΑΣιΛσιιιΝαανπσνΑ</em></strong></span> <span class='ocrx_word' id='word_1_3' title='bbox 987 202 1159 281; x_wconf 58' lang='lat' dir='ltr'><strong><em>mm.</em></strong></span> 
     </span>
    </p>
   </div>
   <div class='ocr_carea' id='block_1_2' title="bbox 152 320 1411 4627">
    <p class='ocr_par' dir='ltr' id='par_1_2' title="bbox 152 320 1411 4564">
     <span class='ocr_line' id='line_1_2' title="bbox 152 320 1408 415; baseline -0.001 -20"><span class='ocrx_word' id='word_1_4' title='bbox 152 355 206 396; x_wconf 86' lang='grc' dir='ltr'><strong><em>πεν</em></strong></span> <span class='ocrx_word' id='word_1_5' title='bbox 219 325 336 393; x_wconf 87' lang='grc' dir='ltr'><strong><em>Νάθαν</em></strong></span> <span class='ocrx_word' id='word_1_6' title='bbox 348 324 426 410; x_wconf 88' lang='grc' dir='ltr'><strong><em>πρὸς</em></strong></span> <span class='ocrx_word' id='word_1_7' title='bbox 439 323 491 391; x_wconf 87' lang='grc' dir='ltr'><strong><em>τὸν</em></strong></span> <span class='ocrx_word' id='word_1_8' title='bbox 501 326 636 412; x_wconf 76' lang='grc' dir='ltr'><strong><em>βασιλέα.</em></strong></span> <span class='ocrx_word' id='word_1_9' title='bbox 664 321 764 391; x_wconf 86' lang='grc' dir='ltr'><strong><em>πάντα</em></strong></span> <span class='ocrx_word' id='word_1_10' title='bbox 797 325 848 408; x_wconf 83' lang='grc' dir='ltr'><strong><em>ἀφ’</em></strong></span> <span class='ocrx_word' id='word_1_11' title='bbox 869 320 911 391; x_wconf 84' lang='grc' dir='ltr'><strong><em>ὧν</em></strong></span> <span class='ocrx_word' id='word_1_12' title='bbox 935 325 1092 411; x_wconf 75' lang='grc' dir='ltr'><strong><em>ἀπέστησα</em></strong></span> <span class='ocrx_word' id='word_1_13' title='bbox 1110 331 1141 393; x_wconf 81' lang='grc' dir='ltr'><strong><em>ἐκ</em></strong></span> <span class='ocrx_word' id='word_1_14' title='bbox 1159 324 1323 415; x_wconf 85' lang='grc' dir='ltr'><strong><em>προςώπου</em></strong></span> <span class='ocrx_word' id='word_1_15' title='bbox 1340 355 1408 411; x_wconf 89' lang='grc' dir='ltr'><strong><em>μου.</em></strong></span> 
     </span>
     <span class='ocr_line' id='line_1_3' title="bbox 155 405 1408 500; baseline 0 -20"><span class='ocrx_word' id='word_1_16' title='bbox 155 411 215 480; x_wconf 75' lang='grc' dir='ltr'><strong><em>ὅσα</em></strong></span> <span class='ocrx_word' id='word_1_17' title='bbox 233 411 271 476; x_wconf 79' lang='grc' dir='ltr'><strong><em>ἂν</em></strong></span> <span class='ocrx_word' id='word_1_18' title='bbox 288 416 319 476; x_wconf 80' lang='grc' dir='ltr'><strong><em>ἐν</em></strong></span> <span class='ocrx_word' id='word_1_19' title='bbox 331 414 370 500; x_wconf 77' lang='grc' dir='ltr'><strong><em>τῇ</em></strong></span> <span class='ocrx_word' id='word_1_20' title='bbox 385 410 494 494; x_wconf 82' lang='grc' dir='ltr'><strong><em>καρδίᾳ</em></strong></span> <span class='ocrx_word' id='word_1_21' title='bbox 508 434 579 484; x_wconf 89' lang='grc' dir='ltr'><strong><em>σου,</em></strong></span> <span class='ocrx_word' id='word_1_22' title='bbox 604 405 702 494; x_wconf 82' lang='grc' dir='ltr'><strong><em>βάδιζε</em></strong></span> <span class='ocrx_word' id='word_1_23' title='bbox 714 410 765 474; x_wconf 80' lang='grc' dir='ltr'><strong><em>καί</em></strong></span> <span class='ocrx_word' id='word_1_24' title='bbox 797 412 890 475; x_wconf 73' lang='grc' dir='ltr'><strong><em>16καὶ</em></strong></span> <span class='ocrx_word' id='word_1_25' title='bbox 915 408 1141 494; x_wconf 89' lang='grc' dir='ltr'><strong><em>πιστωθήσεται</em></strong></span> <span class='ocrx_word' id='word_1_26' title='bbox 1167 408 1185 477; x_wconf 81' lang='grc' dir='ltr'>ὁ</span> <span class='ocrx_word' id='word_1_27' title='bbox 1202 412 1283 487; x_wconf 79' lang='grc' dir='ltr'><strong><em>οἶκος</em></strong></span> <span class='ocrx_word' id='word_1_28' title='bbox 1302 411 1408 492; x_wconf 83' lang='grc' dir='ltr'><strong><em>αὐτοῦ,</em></strong></span> 
     </span>
     <span class='ocr_line' id='line_1_4' title="bbox 152 489 1411 580; baseline -0.002 -18"><span class='ocrx_word' id='word_1_29' title='bbox 152 501 243 570; x_wconf 86' lang='grc' dir='ltr'><strong><em>ποίει,</em></strong></span> <span class='ocrx_word' id='word_1_30' title='bbox 256 491 303 558; x_wconf 79' lang='grc' dir='ltr'><strong><em>ὅτι</em></strong></span> <span class='ocrx_word' id='word_1_31' title='bbox 317 489 417 578; x_wconf 88' lang='grc' dir='ltr'><strong><em>κύριος</em></strong></span> <span class='ocrx_word' id='word_1_32' title='bbox 428 491 502 577; x_wconf 82' lang='grc' dir='ltr'><strong><em>μετὰ</em></strong></span> <span class='ocrx_word' id='word_1_33' title='bbox 516 496 583 557; x_wconf 82' lang='grc' dir='ltr'><strong><em>σού.</em></strong></span> <span class='ocrx_word' id='word_1_34' title='bbox 610 492 626 533; x_wconf 81' lang='lat'><strong>⁴</strong></span> <span class='ocrx_word' id='word_1_35' title='bbox 639 494 690 556; x_wconf 86' lang='grc' dir='ltr'><strong><em>καὶ</em></strong></span> <span class='ocrx_word' id='word_1_36' title='bbox 702 495 765 570; x_wconf 81' lang='grc' dir='ltr'><strong><em>ίγέ·</em></strong></span> <span class='ocrx_word' id='word_1_37' title='bbox 797 495 849 558; x_wconf 79' lang='grc' dir='ltr'><strong><em>καὶ</em></strong></span> <span class='ocrx_word' id='word_1_38' title='bbox 868 490 887 577; x_wconf 83' lang='grc' dir='ltr'><strong><em>ή</em></strong></span> <span class='ocrx_word' id='word_1_39' title='bbox 905 494 1039 580; x_wconf 88' lang='grc' dir='ltr'><strong><em>βασιλεία</em></strong></span> <span class='ocrx_word' id='word_1_40' title='bbox 1056 493 1153 559; x_wconf 79' lang='grc' dir='ltr'><strong><em>αὐτοῦ</em></strong></span> <span class='ocrx_word' id='word_1_41' title='bbox 1171 499 1225 570; x_wconf 77' lang='grc' dir='ltr'><strong><em>ἕως</em></strong></span> <span class='ocrx_word' id='word_1_42' title='bbox 1238 499 1347 572; x_wconf 80' lang='grc' dir='ltr'><strong><em>αἰῶνος</em></strong></span> <span class='ocrx_word' id='word_1_43' title='bbox 1361 501 1411 562; x_wconf 82' lang='grc' dir='ltr'><strong><em>ἒν-</em></strong></span> 
     </span>
     <span class='ocr_line' id='line_1_5' title="bbox 154 573 1410 682; baseline 0.002 -40"><span class='ocrx_word' id='word_1_44' title='bbox 154 603 220 643; x_wconf 89' lang='grc' dir='ltr'><strong><em>νετο</em></strong></span> <span class='ocrx_word' id='word_1_45' title='bbox 234 581 273 670; x_wconf 78' lang='grc' dir='ltr'><strong><em>τῇ</em></strong></span> <span class='ocrx_word' id='word_1_46' title='bbox 285 579 368 641; x_wconf 78' lang='grc' dir='ltr'><strong><em>νυκτὶ</em></strong></span> <span class='ocrx_word' id='word_1_47' title='bbox 381 579 484 667; x_wconf 81' lang='grc' dir='ltr'><strong><em>ἐκείνη,</em></strong></span> <span class='ocrx_word' id='word_1_48' title='bbox 497 576 549 640; x_wconf 79' lang='grc' dir='ltr'><strong><em>καί</em></strong></span> <span class='ocrx_word' id='word_1_49' title='bbox 559 576 674 652; x_wconf 73' lang='grc' dir='ltr'><strong><em>ἐγένετο</em></strong></span> <span class='ocrx_word' id='word_1_50' title='bbox 684 578 766 660; x_wconf 74' lang='grc' dir='ltr'><strong><em>ῥῆμα</em></strong></span> <span class='ocrx_word' id='word_1_51' title='bbox 798 573 894 641; x_wconf 90' lang='grc' dir='ltr'><strong><em>ώπιόν</em></strong></span> <span class='ocrx_word' id='word_1_52' title='bbox 903 602 972 660; x_wconf 86' lang='grc' dir='ltr'><strong><em>μου.</em></strong></span> <span class='ocrx_word' id='word_1_53' title='bbox 990 579 1043 643; x_wconf 85' lang='grc' dir='ltr'><strong><em>καὶ</em></strong></span> <span class='ocrx_word' id='word_1_54' title='bbox 1054 573 1072 642; x_wconf 82' lang='grc' dir='ltr'>ὁ</span> <span class='ocrx_word' id='word_1_55' title='bbox 1084 575 1199 682; x_wconf 86' lang='grc' dir='ltr'><strong><em>θρόνος</em></strong></span> <span class='ocrx_word' id='word_1_56' title='bbox 1211 574 1310 642; x_wconf 80' lang='grc' dir='ltr'><strong><em>αὐτοῦ</em></strong></span> <span class='ocrx_word' id='word_1_57' title='bbox 1323 582 1410 644; x_wconf 74' lang='grc' dir='ltr'><strong><em>ἔσται</em></strong></span> 
     </span>
     <span class='ocr_line' id='line_1_6' title="bbox 155 656 1410 746; baseline 0.001 -20"><span class='ocrx_word' id='word_1_58' title='bbox 155 667 260 746; x_wconf 83' lang='grc' dir='ltr'><strong>κυρίου</strong></span> <span class='ocrx_word' id='word_1_59' title='bbox 270 656 480 746; x_wconf 87' lang='grc' dir='ltr'><strong><em>πρδςΝάθαν,</em></strong></span> <span class='ocrx_word' id='word_1_60' title='bbox 490 658 593 735; x_wconf 88' lang='grc' dir='ltr'><strong><em>λέγων.</em></strong></span> <span class='ocrx_word' id='word_1_61' title='bbox 605 659 765 742; x_wconf 72' lang='grc' dir='ltr'><strong><em>2πορεύου,</em></strong></span> <span class='ocrx_word' id='word_1_62' title='bbox 798 657 1018 746; x_wconf 82' lang='grc' dir='ltr'><strong><em>ἀνωρθωμένος</em></strong></span> <span class='ocrx_word' id='word_1_63' title='bbox 1035 665 1074 736; x_wconf 84' lang='grc' dir='ltr'><strong><em>είς</em></strong></span> <span class='ocrx_word' id='word_1_64' title='bbox 1093 685 1146 725; x_wconf 90' lang='grc' dir='ltr'><strong><em>τον</em></strong></span> <span class='ocrx_word' id='word_1_65' title='bbox 1163 663 1271 725; x_wconf 80' lang='grc' dir='ltr'><strong><em>αίώνα.</em></strong></span> <span class='ocrx_word' id='word_1_66' title='bbox 1286 663 1313 702; x_wconf 79' lang='lat'><strong><em>1⁷</em></strong></span> <span class='ocrx_word' id='word_1_67' title='bbox 1328 661 1410 727; x_wconf 89' lang='grc' dir='ltr'><strong><em>κατδι</em></strong></span> 
     </span>
     <span class='ocr_line' id='line_1_7' title="bbox 153 736 1410 828; baseline 0 -19"><span class='ocrx_word' id='word_1_68' title='bbox 153 747 205 809; x_wconf 79' lang='grc' dir='ltr'><strong><em>καὶ</em></strong></span> <span class='ocrx_word' id='word_1_69' title='bbox 217 742 300 808; x_wconf 82' lang='grc' dir='ltr'><strong><em>εἷπον</em></strong></span> <span class='ocrx_word' id='word_1_70' title='bbox 312 738 388 828; x_wconf 87' lang='grc' dir='ltr'><strong><em>πρὸς</em></strong></span> <span class='ocrx_word' id='word_1_71' title='bbox 403 742 457 807; x_wconf 90' lang='grc' dir='ltr'><strong><em>τὸν</em></strong></span> <span class='ocrx_word' id='word_1_72' title='bbox 469 736 577 807; x_wconf 80' lang='grc' dir='ltr'><strong><em>δοῦλόν</em></strong></span> <span class='ocrx_word' id='word_1_73' title='bbox 586 767 645 825; x_wconf 89' lang='grc' dir='ltr'><strong><em>μου</em></strong></span> <span class='ocrx_word' id='word_1_74' title='bbox 659 741 766 818; x_wconf 85' lang='grc' dir='ltr'><strong><em>Δαυὶδ,</em></strong></span> <span class='ocrx_word' id='word_1_75' title='bbox 798 737 914 818; x_wconf 77' lang='grc' dir='ltr'><strong><em>πάντας</em></strong></span> <span class='ocrx_word' id='word_1_76' title='bbox 927 742 998 818; x_wconf 87' lang='grc' dir='ltr'><strong><em>τούς</em></strong></span> <span class='ocrx_word' id='word_1_77' title='bbox 1011 740 1117 820; x_wconf 79' lang='grc' dir='ltr'><em>λόγους</em></span> <span class='ocrx_word' id='word_1_78' title='bbox 1129 738 1254 817; x_wconf 75' lang='grc' dir='ltr'><strong><em>τούτους</em></strong></span> <span class='ocrx_word' id='word_1_79' title='bbox 1266 744 1318 806; x_wconf 80' lang='grc' dir='ltr'><strong><em>καί</em></strong></span> <span class='ocrx_word' id='word_1_80' title='bbox 1330 746 1410 810; x_wconf 80' lang='grc' dir='ltr'><strong><em>κατὰ</em></strong></span> 
     </span>
     <span class='ocr_line' id='line_1_8' title="bbox 155 821 1409 912; baseline -0.001 -19"><span class='ocrx_word' id='word_1_81' title='bbox 155 823 227 893; x_wconf 87' lang='grc' dir='ltr'><strong><em>τάδε</em></strong></span> <span class='ocrx_word' id='word_1_82' title='bbox 240 827 316 903; x_wconf 81' lang='grc' dir='ltr'><em>λέγει</em></span> <span class='ocrx_word' id='word_1_83' title='bbox 329 822 440 909; x_wconf 83' lang='grc' dir='ltr'><strong><em>κύριος,</em></strong></span> <span class='ocrx_word' id='word_1_84' title='bbox 458 823 495 891; x_wconf 87' lang='grc' dir='ltr'><strong><em>ού</em></strong></span> <span class='ocrx_word' id='word_1_85' title='bbox 509 823 547 890; x_wconf 85' lang='grc' dir='ltr'><strong><em>σύ</em></strong></span> <span class='ocrx_word' id='word_1_86' title='bbox 561 821 766 908; x_wconf 72' lang='grc' dir='ltr'><strong><em>οἰκοδομήσας</em></strong></span> <span class='ocrx_word' id='word_1_87' title='bbox 798 829 900 892; x_wconf 82' lang='grc' dir='ltr'><strong><em>πᾶσαν</em></strong></span> <span class='ocrx_word' id='word_1_88' title='bbox 911 823 964 909; x_wconf 87' lang='grc' dir='ltr'><strong><em>τήν</em></strong></span> <span class='ocrx_word' id='word_1_89' title='bbox 977 822 1081 912; x_wconf 79' lang='grc' dir='ltr'><strong><em>ὅρασιν</em></strong></span> <span class='ocrx_word' id='word_1_90' title='bbox 1093 824 1213 909; x_wconf 88' lang='grc' dir='ltr'><strong><em>ταύτην.</em></strong></span> <span class='ocrx_word' id='word_1_91' title='bbox 1227 821 1325 901; x_wconf 71' lang='grc' dir='ltr'><strong><em>οὕτως</em></strong></span> <span class='ocrx_word' id='word_1_92' title='bbox 1338 825 1409 892; x_wconf 82' lang='grc' dir='ltr'><strong><em>ἐλά-</em></strong></span> 
     </span>
     <span class='ocr_line' id='line_1_9' title="bbox 153 903 1409 993; baseline -0.002 -17"><span class='ocrx_word' id='word_1_93' title='bbox 153 936 206 993; x_wconf 92' lang='grc' dir='ltr'><strong><em>μοι</em></strong></span> <span class='ocrx_word' id='word_1_94' title='bbox 219 909 303 975; x_wconf 82' lang='grc' dir='ltr'><strong><em>οἶκον</em></strong></span> <span class='ocrx_word' id='word_1_95' title='bbox 316 913 369 973; x_wconf 86' lang='grc' dir='ltr'><strong><em>τοῦ</em></strong></span> <span class='ocrx_word' id='word_1_96' title='bbox 381 912 563 992; x_wconf 81' lang='grc' dir='ltr'><strong><em>κατοικήσαί</em></strong></span> <span class='ocrx_word' id='word_1_97' title='bbox 572 933 615 989; x_wconf 86' lang='grc' dir='ltr'><strong><em>με.</em></strong></span> <span class='ocrx_word' id='word_1_98' title='bbox 637 909 653 950; x_wconf 79' lang='lat'><strong>⁶</strong></span> <span class='ocrx_word' id='word_1_99' title='bbox 667 903 715 972; x_wconf 78' lang='grc' dir='ltr'><strong><em>ὅτι</em></strong></span> <span class='ocrx_word' id='word_1_100' title='bbox 728 905 764 972; x_wconf 85' lang='grc' dir='ltr'><strong><em>ού</em></strong></span> <span class='ocrx_word' id='word_1_101' title='bbox 799 909 818 973; x_wconf 93' lang='grc' dir='ltr'><strong><em>λ</em></strong></span> <span class='ocrx_word' id='word_1_102' title='bbox 838 934 869 974; x_wconf 90' lang='grc' dir='ltr'><strong><em>σε</em></strong></span> <span class='ocrx_word' id='word_1_103' title='bbox 880 906 1000 973; x_wconf 90' lang='grc' dir='ltr'><strong><em>Νάθαν</em></strong></span> <span class='ocrx_word' id='word_1_104' title='bbox 1017 907 1095 993; x_wconf 85' lang='grc' dir='ltr'><strong><em>πρὸς</em></strong></span> <span class='ocrx_word' id='word_1_105' title='bbox 1109 908 1214 973; x_wconf 85' lang='grc' dir='ltr'><strong><em>Δαυίδ.</em></strong></span> <span class='ocrx_word' id='word_1_106' title='bbox 1242 909 1334 973; x_wconf 72' lang='grc' dir='ltr'><strong><em>18καί</em></strong></span> <span class='ocrx_word' id='word_1_107' title='bbox 1353 915 1409 985; x_wconf 83' lang='grc' dir='ltr'><strong><em>εἲς-</em></strong></span> 
     </span>
     <span class='ocr_line' id='line_1_10' title="bbox 154 935 1409 1077; baseline -0.002 -19"><span class='ocrx_word' id='word_1_108' title='bbox 154 989 315 1077; x_wconf 80' lang='grc' dir='ltr'><strong><em>κατῴκηκα</em></strong></span> <span class='ocrx_word' id='word_1_109' title='bbox 333 994 365 1056; x_wconf 81' lang='grc' dir='ltr'><strong><em>ἒν</em></strong></span> <span class='ocrx_word' id='word_1_110' title='bbox 383 992 456 1074; x_wconf 81' lang='grc' dir='ltr'><strong><em>οἴκῳ</em></strong></span> <span class='ocrx_word' id='word_1_111' title='bbox 476 989 526 1073; x_wconf 79' lang='grc' dir='ltr'><strong><em>ἀφ’</em></strong></span> <span class='ocrx_word' id='word_1_112' title='bbox 543 985 578 1076; x_wconf 78' lang='grc' dir='ltr'><strong><em>ἧς</em></strong></span> <span class='ocrx_word' id='word_1_113' title='bbox 591 989 698 1076; x_wconf 70' lang='grc' dir='ltr'><strong><em>ἡμέρας</em></strong></span> <span class='ocrx_word' id='word_1_114' title='bbox 710 990 764 1057; x_wconf 85' lang='grc' dir='ltr'><strong><em>άν-</em></strong></span> <span class='ocrx_word' id='word_1_115' title='bbox 799 935 891 1076; x_wconf 80' lang='grc' dir='ltr'><strong><em>ἦλθεν</em></strong></span> <span class='ocrx_word' id='word_1_116' title='bbox 902 986 920 1055; x_wconf 82' lang='grc' dir='ltr'>ὁ</span> <span class='ocrx_word' id='word_1_117' title='bbox 932 990 1069 1075; x_wconf 82' lang='grc' dir='ltr'><strong><em>βασιλεὺς</em></strong></span> <span class='ocrx_word' id='word_1_118' title='bbox 1082 993 1189 1065; x_wconf 80' lang='grc' dir='ltr'><strong><em>Δαυλδ,</em></strong></span> <span class='ocrx_word' id='word_1_119' title='bbox 1208 994 1259 1056; x_wconf 79' lang='grc' dir='ltr'><strong><em>καὶ</em></strong></span> <span class='ocrx_word' id='word_1_120' title='bbox 1272 990 1409 1057; x_wconf 73' lang='grc' dir='ltr'><strong><em>ἐκάθισεν</em></strong></span> 
     </span>
     <span class='ocr_line' id='line_1_11' title="bbox 153 1069 1407 1162; baseline -0.002 -22"><span class='ocrx_word' id='word_1_121' title='bbox 153 1074 268 1162; x_wconf 85' lang='grc' dir='ltr'><strong><em>ήγαγον</em></strong></span> <span class='ocrx_word' id='word_1_122' title='bbox 286 1074 354 1149; x_wconf 83' lang='grc' dir='ltr'><strong><em>τοὺς</em></strong></span> <span class='ocrx_word' id='word_1_123' title='bbox 373 1073 456 1151; x_wconf 83' lang='grc' dir='ltr'><strong><em>υἱούς</em></strong></span> <span class='ocrx_word' id='word_1_124' title='bbox 470 1073 595 1160; x_wconf 79' lang='grc' dir='ltr'><strong><em>Ἰσραήλ</em></strong></span> <span class='ocrx_word' id='word_1_125' title='bbox 613 1077 644 1150; x_wconf 80' lang='grc' dir='ltr'><strong><em>ἒξ</em></strong></span> <span class='ocrx_word' id='word_1_126' title='bbox 664 1069 763 1151; x_wconf 82' lang='grc' dir='ltr'><strong><em>Λῑγύ-</em></strong></span> <span class='ocrx_word' id='word_1_127' title='bbox 799 1071 927 1139; x_wconf 84' lang='grc' dir='ltr'><strong><em>ένώπων</em></strong></span> <span class='ocrx_word' id='word_1_128' title='bbox 939 1080 1052 1158; x_wconf 91' lang='grc' dir='ltr'><strong><em>κυρίου,</em></strong></span> <span class='ocrx_word' id='word_1_129' title='bbox 1065 1077 1116 1138; x_wconf 81' lang='grc' dir='ltr'><strong><em>καὶ</em></strong></span> <span class='ocrx_word' id='word_1_130' title='bbox 1128 1073 1199 1139; x_wconf 80' lang='grc' dir='ltr'><strong><em>εἶπε.</em></strong></span> <span class='ocrx_word' id='word_1_131' title='bbox 1222 1081 1266 1148; x_wconf 87' lang='grc' dir='ltr'><strong><em>τίς</em></strong></span> <span class='ocrx_word' id='word_1_132' title='bbox 1279 1080 1335 1157; x_wconf 80' lang='grc' dir='ltr'><strong><em>εἶμι</em></strong></span> <span class='ocrx_word' id='word_1_133' title='bbox 1349 1076 1407 1153; x_wconf 82' lang='grc' dir='ltr'><strong><em>ἐγώ</em></strong></span> 
     </span>
     <span class='ocr_line' id='line_1_12' title="bbox 153 1148 1408 1244; baseline -0.003 -17"><span class='ocrx_word' id='word_1_134' title='bbox 153 1185 233 1227; x_wconf 74' lang='lat' dir='ltr'><strong><em>mov</em></strong></span> <span class='ocrx_word' id='word_1_135' title='bbox 247 1164 303 1234; x_wconf 81' lang='grc' dir='ltr'><strong><em>ἕως</em></strong></span> <span class='ocrx_word' id='word_1_136' title='bbox 314 1162 367 1240; x_wconf 77' lang='grc' dir='ltr'><strong><em>τῆς</em></strong></span> <span class='ocrx_word' id='word_1_137' title='bbox 376 1154 485 1244; x_wconf 84' lang='grc' dir='ltr'><strong><em>ήμέρας</em></strong></span> <span class='ocrx_word' id='word_1_138' title='bbox 494 1153 616 1240; x_wconf 88' lang='grc' dir='ltr'><strong><em>ταύτης,</em></strong></span> <span class='ocrx_word' id='word_1_139' title='bbox 626 1158 678 1221; x_wconf 81' lang='grc' dir='ltr'><strong><em>καλ</em></strong></span> <span class='ocrx_word' id='word_1_140' title='bbox 691 1155 766 1240; x_wconf 86' lang='grc' dir='ltr'><strong><em>ήμην</em></strong></span> <span class='ocrx_word' id='word_1_141' title='bbox 799 1148 882 1243; x_wconf 85' lang='grc' dir='ltr'><strong><em>κύριέ</em></strong></span> <span class='ocrx_word' id='word_1_142' title='bbox 897 1182 955 1240; x_wconf 90' lang='grc' dir='ltr'><strong><em>μου</em></strong></span> <span class='ocrx_word' id='word_1_143' title='bbox 974 1152 1068 1241; x_wconf 89' lang='grc' dir='ltr'><strong><em>κύριε,</em></strong></span> <span class='ocrx_word' id='word_1_144' title='bbox 1095 1161 1146 1223; x_wconf 81' lang='grc' dir='ltr'><strong><em>καλ</em></strong></span> <span class='ocrx_word' id='word_1_145' title='bbox 1158 1163 1202 1231; x_wconf 87' lang='grc' dir='ltr'><strong><em>τίς</em></strong></span> <span class='ocrx_word' id='word_1_146' title='bbox 1215 1153 1233 1222; x_wconf 82' lang='grc' dir='ltr'>ὃ</span> <span class='ocrx_word' id='word_1_147' title='bbox 1246 1156 1327 1232; x_wconf 79' lang='grc' dir='ltr'><strong><em>οἶκός</em></strong></span> <span class='ocrx_word' id='word_1_148' title='bbox 1340 1186 1408 1240; x_wconf 89' lang='grc' dir='ltr'><strong><em>μου,</em></strong></span> 
     </span>
     <span class='ocr_line' id='line_1_13' title="bbox 154 1235 1410 1328; baseline -0.002 -20"><span class='ocrx_word' id='word_1_149' title='bbox 154 1246 363 1328; x_wconf 74' lang='grc' dir='ltr'><strong><em>ἐμπεριπατῶν</em></strong></span> <span class='ocrx_word' id='word_1_150' title='bbox 393 1245 424 1305; x_wconf 84' lang='grc' dir='ltr'><strong><em>ἐν</em></strong></span> <span class='ocrx_word' id='word_1_151' title='bbox 448 1236 635 1323; x_wconf 79' lang='grc' dir='ltr'><strong><em>καταλύματι</em></strong></span> <span class='ocrx_word' id='word_1_152' title='bbox 660 1243 712 1305; x_wconf 77' lang='grc' dir='ltr'><strong><em>καὶ</em></strong></span> <span class='ocrx_word' id='word_1_153' title='bbox 736 1243 766 1304; x_wconf 79' lang='grc' dir='ltr'><strong><em>ἓν</em></strong></span> <span class='ocrx_word' id='word_1_154' title='bbox 800 1235 848 1304; x_wconf 75' lang='grc' dir='ltr'><strong><em>ὅτι</em></strong></span> <span class='ocrx_word' id='word_1_155' title='bbox 861 1236 1016 1324; x_wconf 75' lang='grc' dir='ltr'><strong><em>ἠγάπησάς</em></strong></span> <span class='ocrx_word' id='word_1_156' title='bbox 1032 1265 1068 1323; x_wconf 87' lang='grc' dir='ltr'><strong><em>με</em></strong></span> <span class='ocrx_word' id='word_1_157' title='bbox 1086 1246 1141 1316; x_wconf 82' lang='grc' dir='ltr'><strong><em>έως</em></strong></span> <span class='ocrx_word' id='word_1_158' title='bbox 1159 1238 1274 1304; x_wconf 88' lang='grc' dir='ltr'><strong><em>τούτων</em></strong></span> <span class='ocrx_word' id='word_1_159' title='bbox 1280 1270 1293 1318; x_wconf 89' lang='lat'><strong><em>,·</em></strong></span> <span class='ocrx_word' id='word_1_160' title='bbox 1318 1244 1410 1306; x_wconf 79' lang='grc' dir='ltr'><strong><em>12καὶ</em></strong></span> 
     </span>
     <span class='ocr_line' id='line_1_14' title="bbox 156 1319 1408 1411; baseline -0.002 -20"><span class='ocrx_word' id='word_1_161' title='bbox 156 1330 248 1409; x_wconf 83' lang='grc' dir='ltr'><strong><em>σκηνῆ</em></strong></span> <span class='ocrx_word' id='word_1_162' title='bbox 268 1327 317 1389; x_wconf 78' lang='grc' dir='ltr'><strong><em>7έν</em></strong></span> <span class='ocrx_word' id='word_1_163' title='bbox 328 1328 422 1390; x_wconf 83' lang='grc' dir='ltr'><strong><em>πᾶσιν</em></strong></span> <span class='ocrx_word' id='word_1_164' title='bbox 434 1324 478 1398; x_wconf 79' lang='grc' dir='ltr'><strong><em>οἷς</em></strong></span> <span class='ocrx_word' id='word_1_165' title='bbox 491 1323 618 1407; x_wconf 74' lang='grc' dir='ltr'><strong><em>διῆλθον</em></strong></span> <span class='ocrx_word' id='word_1_166' title='bbox 632 1327 662 1388; x_wconf 81' lang='grc' dir='ltr'><strong><em>έν</em></strong></span> <span class='ocrx_word' id='word_1_167' title='bbox 674 1324 766 1388; x_wconf 73' lang='grc' dir='ltr'><strong><em>παντὶ</em></strong></span> <span class='ocrx_word' id='word_1_168' title='bbox 799 1321 1054 1411; x_wconf 84' lang='grc' dir='ltr'><strong><em>κατεσμικρύνθην</em></strong></span> <span class='ocrx_word' id='word_1_169' title='bbox 1077 1322 1183 1408; x_wconf 87' lang='grc' dir='ltr'><strong><em>μικρὸν</em></strong></span> <span class='ocrx_word' id='word_1_170' title='bbox 1208 1319 1334 1387; x_wconf 80' lang='grc' dir='ltr'><strong><em>ἐνώπιόν</em></strong></span> <span class='ocrx_word' id='word_1_171' title='bbox 1354 1350 1408 1388; x_wconf 92' lang='grc' dir='ltr'><strong><em>σου</em></strong></span> 
     </span>
     <span class='ocr_line' id='line_1_15' title="bbox 152 1397 1408 1510; baseline -0.004 -37"><span class='ocrx_word' id='word_1_172' title='bbox 152 1397 284 1491; x_wconf 86' lang='grc' dir='ltr'><strong><em>Ἰσράήλ.</em></strong></span> <span class='ocrx_word' id='word_1_173' title='bbox 310 1412 336 1472; x_wconf 75' lang='grc' dir='ltr'><strong><em>εἰ</em></strong></span> <span class='ocrx_word' id='word_1_174' title='bbox 348 1407 447 1471; x_wconf 79' lang='grc' dir='ltr'><strong><em>λαλῶν</em></strong></span> <span class='ocrx_word' id='word_1_175' title='bbox 460 1403 592 1489; x_wconf 78' lang='grc' dir='ltr'><strong><em>ἐλάλησα</em></strong></span> <span class='ocrx_word' id='word_1_176' title='bbox 604 1405 683 1491; x_wconf 85' lang='grc' dir='ltr'><strong><em>πρὸς</em></strong></span> <span class='ocrx_word' id='word_1_177' title='bbox 694 1412 766 1488; x_wconf 85' lang='grc' dir='ltr'><strong><em>μίαν</em></strong></span> <span class='ocrx_word' id='word_1_178' title='bbox 799 1406 882 1492; x_wconf 85' lang='grc' dir='ltr'><strong><em>κύριέ</em></strong></span> <span class='ocrx_word' id='word_1_179' title='bbox 891 1431 960 1510; x_wconf 82' lang='grc' dir='ltr'><strong><em>μου</em></strong></span> <span class='ocrx_word' id='word_1_180' title='bbox 977 1401 1072 1491; x_wconf 91' lang='grc' dir='ltr'><strong><em>κύριε,</em></strong></span> <span class='ocrx_word' id='word_1_181' title='bbox 1097 1409 1149 1470; x_wconf 82' lang='grc' dir='ltr'><strong><em>καὶ</em></strong></span> <span class='ocrx_word' id='word_1_182' title='bbox 1167 1400 1314 1488; x_wconf 82' lang='grc' dir='ltr'><strong><em>ἐλάλησας</em></strong></span> <span class='ocrx_word' id='word_1_183' title='bbox 1335 1404 1408 1492; x_wconf 76' lang='grc' dir='ltr'><strong><em>ὑπὲρ</em></strong></span> 
     </span>
     <span class='ocr_line' id='line_1_16' title="bbox 155 1479 1408 1573; baseline -0.002 -19"><span class='ocrx_word' id='word_1_184' title='bbox 155 1489 252 1572; x_wconf 85' lang='grc' dir='ltr'><strong><em>φυλήν</em></strong></span> <span class='ocrx_word' id='word_1_185' title='bbox 264 1494 319 1554; x_wconf 82' lang='grc' dir='ltr'><strong><em>τοῦ</em></strong></span> <span class='ocrx_word' id='word_1_186' title='bbox 328 1487 452 1573; x_wconf 82' lang='grc' dir='ltr'><strong><em>Ἰσραήλ</em></strong></span> <span class='ocrx_word' id='word_1_187' title='bbox 465 1479 491 1570; x_wconf 78' lang='grc' dir='ltr'><em>ᾧ</em></span> <span class='ocrx_word' id='word_1_188' title='bbox 504 1486 684 1573; x_wconf 79' lang='grc' dir='ltr'><strong><em>ἐνετειλάμην</em></strong></span> <span class='ocrx_word' id='word_1_189' title='bbox 696 1514 765 1554; x_wconf 79' lang='grc' dir='ltr'><strong><em>ποι·</em></strong></span> <span class='ocrx_word' id='word_1_190' title='bbox 800 1494 857 1554; x_wconf 81' lang='grc' dir='ltr'><strong><em>τοῦ</em></strong></span> <span class='ocrx_word' id='word_1_191' title='bbox 870 1514 956 1554; x_wconf 90' lang='grc' dir='ltr'><strong><em>οικου</em></strong></span> <span class='ocrx_word' id='word_1_192' title='bbox 968 1494 1024 1554; x_wconf 81' lang='grc' dir='ltr'><strong><em>τοῦ</em></strong></span> <span class='ocrx_word' id='word_1_193' title='bbox 1041 1485 1152 1554; x_wconf 88' lang='grc' dir='ltr'><strong><em>δούλου</em></strong></span> <span class='ocrx_word' id='word_1_194' title='bbox 1165 1514 1220 1553; x_wconf 90' lang='grc' dir='ltr'><strong><em>σου</em></strong></span> <span class='ocrx_word' id='word_1_195' title='bbox 1233 1494 1272 1563; x_wconf 76' lang='grc' dir='ltr'><strong><em>εἰς</em></strong></span> <span class='ocrx_word' id='word_1_196' title='bbox 1283 1486 1408 1573; x_wconf 88' lang='grc' dir='ltr'><strong><em>μακράν.</em></strong></span> 
     </span>
     <span class='ocr_line' id='line_1_17' title="bbox 155 1565 1411 1658; baseline -0.001 -22"><span class='ocrx_word' id='word_1_197' title='bbox 155 1578 266 1652; x_wconf 82' lang='grc' dir='ltr'><strong><em>μαίνειν</em></strong></span> <span class='ocrx_word' id='word_1_198' title='bbox 278 1570 332 1637; x_wconf 91' lang='grc' dir='ltr'><strong><em>τὸν</em></strong></span> <span class='ocrx_word' id='word_1_199' title='bbox 344 1566 420 1636; x_wconf 87' lang='grc' dir='ltr'><strong><em>λαόν</em></strong></span> <span class='ocrx_word' id='word_1_200' title='bbox 432 1597 488 1651; x_wconf 90' lang='grc' dir='ltr'><strong><em>μου</em></strong></span> <span class='ocrx_word' id='word_1_201' title='bbox 498 1568 636 1657; x_wconf 88' lang='grc' dir='ltr'><strong><em>Ἰσραήλ,</em></strong></span> <span class='ocrx_word' id='word_1_202' title='bbox 660 1570 764 1648; x_wconf 89' lang='grc' dir='ltr'><strong><em>λέγων.</em></strong></span> <span class='ocrx_word' id='word_1_203' title='bbox 801 1565 893 1646; x_wconf 86' lang='grc' dir='ltr'><strong><em>σύτος</em></strong></span> <span class='ocrx_word' id='word_1_204' title='bbox 906 1570 938 1637; x_wconf 84' lang='grc' dir='ltr'><strong><em>δὲ</em></strong></span> <span class='ocrx_word' id='word_1_205' title='bbox 951 1569 969 1635; x_wconf 86' lang='grc' dir='ltr'>ὁ</span> <span class='ocrx_word' id='word_1_206' title='bbox 983 1568 1072 1654; x_wconf 85' lang='grc' dir='ltr'><strong><em>νόμος</em></strong></span> <span class='ocrx_word' id='word_1_207' title='bbox 1084 1577 1141 1637; x_wconf 85' lang='grc' dir='ltr'><strong><em>τοῦ</em></strong></span> <span class='ocrx_word' id='word_1_208' title='bbox 1151 1568 1318 1655; x_wconf 87' lang='grc' dir='ltr'><strong><em>ἀνθρώπου</em></strong></span> <span class='ocrx_word' id='word_1_209' title='bbox 1328 1568 1411 1658; x_wconf 84' lang='grc' dir='ltr'><strong><em>κύριέ</em></strong></span> 
     </span>
     <span class='ocr_line' id='line_1_18' title="bbox 156 1649 1411 1741; baseline 0.002 -23"><span class='ocrx_word' id='word_1_210' title='bbox 156 1658 239 1720; x_wconf 78' lang='grc' dir='ltr'><strong><em>ἲνατί</em></strong></span> <span class='ocrx_word' id='word_1_211' title='bbox 254 1651 310 1719; x_wconf 81' lang='grc' dir='ltr'><strong><em>σύν</em></strong></span> <span class='ocrx_word' id='word_1_212' title='bbox 327 1650 538 1738; x_wconf 82' lang='grc' dir='ltr'><strong><em>ᾠκοδομήκατέ</em></strong></span> <span class='ocrx_word' id='word_1_213' title='bbox 552 1681 602 1738; x_wconf 87' lang='grc' dir='ltr'><strong><em>μοι</em></strong></span> <span class='ocrx_word' id='word_1_214' title='bbox 620 1653 704 1719; x_wconf 83' lang='grc' dir='ltr'><strong><em>οἶκον</em></strong></span> <span class='ocrx_word' id='word_1_215' title='bbox 715 1657 766 1719; x_wconf 86' lang='grc' dir='ltr'><strong><em>κέ-</em></strong></span> <span class='ocrx_word' id='word_1_216' title='bbox 800 1681 858 1738; x_wconf 93' lang='grc' dir='ltr'><strong><em>μου</em></strong></span> <span class='ocrx_word' id='word_1_217' title='bbox 871 1649 958 1741; x_wconf 89' lang='grc' dir='ltr'><strong><em>κύριε.</em></strong></span> <span class='ocrx_word' id='word_1_218' title='bbox 984 1655 1016 1698; x_wconf 86' lang='lat'><strong><em>²⁰</em></strong></span> <span class='ocrx_word' id='word_1_219' title='bbox 1028 1656 1081 1719; x_wconf 76' lang='grc' dir='ltr'><strong><em>καί</em></strong></span> <span class='ocrx_word' id='word_1_220' title='bbox 1098 1662 1128 1720; x_wconf 86' lang='grc' dir='ltr'><strong><em>τί</em></strong></span> <span class='ocrx_word' id='word_1_221' title='bbox 1140 1650 1300 1739; x_wconf 91' lang='grc' dir='ltr'><strong><em>προςθήσει</em></strong></span> <span class='ocrx_word' id='word_1_222' title='bbox 1314 1656 1411 1720; x_wconf 79' lang='grc' dir='ltr'><strong><em>Λαυίδ</em></strong></span> 
     </span>
     <span class='ocr_line' id='line_1_19' title="bbox 154 1732 1408 1823; baseline -0.001 -21"><span class='ocrx_word' id='word_1_223' title='bbox 154 1738 252 1823; x_wconf 90' lang='grc' dir='ltr'><strong><em>δρινον</em></strong></span> <span class='ocrx_word' id='word_1_224' title='bbox 258 1767 270 1817; x_wconf 83' lang='grc'><strong><em>,·</em></strong></span> <span class='ocrx_word' id='word_1_225' title='bbox 288 1738 361 1803; x_wconf 82' lang='grc' dir='ltr'><strong><em>2καὶ</em></strong></span> <span class='ocrx_word' id='word_1_226' title='bbox 373 1741 423 1802; x_wconf 83' lang='grc' dir='ltr'><strong><em>νῦν</em></strong></span> <span class='ocrx_word' id='word_1_227' title='bbox 436 1733 507 1802; x_wconf 90' lang='grc' dir='ltr'><strong><em>τάδε</em></strong></span> <span class='ocrx_word' id='word_1_228' title='bbox 520 1742 593 1823; x_wconf 76' lang='grc' dir='ltr'><strong><em>ἐρεῖς</em></strong></span> <span class='ocrx_word' id='word_1_229' title='bbox 605 1743 650 1821; x_wconf 75' lang='grc' dir='ltr'><strong><em>τῷ</em></strong></span> <span class='ocrx_word' id='word_1_230' title='bbox 662 1732 764 1821; x_wconf 86' lang='grc' dir='ltr'><strong><em>δούλῳ</em></strong></span> <span class='ocrx_word' id='word_1_231' title='bbox 800 1741 844 1802; x_wconf 79' lang='grc' dir='ltr'><strong><em>ἔτι</em></strong></span> <span class='ocrx_word' id='word_1_232' title='bbox 857 1743 913 1803; x_wconf 84' lang='grc' dir='ltr'><strong><em>τοῦ</em></strong></span> <span class='ocrx_word' id='word_1_233' title='bbox 928 1737 1054 1822; x_wconf 74' lang='grc' dir='ltr'><strong><em>λαλῆσαι</em></strong></span> <span class='ocrx_word' id='word_1_234' title='bbox 1071 1737 1148 1823; x_wconf 90' lang='grc' dir='ltr'><strong><em>πρὸς</em></strong></span> <span class='ocrx_word' id='word_1_235' title='bbox 1162 1741 1211 1816; x_wconf 84' lang='grc' dir='ltr'><strong><em>σέ,·</em></strong></span> <span class='ocrx_word' id='word_1_236' title='bbox 1236 1741 1287 1803; x_wconf 78' lang='grc' dir='ltr'><strong><em>καὶ</em></strong></span> <span class='ocrx_word' id='word_1_237' title='bbox 1301 1742 1352 1801; x_wconf 83' lang='grc' dir='ltr'><strong><em>νῦν</em></strong></span> <span class='ocrx_word' id='word_1_238' title='bbox 1370 1737 1408 1802; x_wconf 85' lang='grc' dir='ltr'><strong><em>σύ</em></strong></span> 
     </span>
     <span class='ocr_line' id='line_1_20' title="bbox 154 1815 1409 1906; baseline -0.001 -21"><span class='ocrx_word' id='word_1_239' title='bbox 154 1845 211 1904; x_wconf 89' lang='grc' dir='ltr'><strong><em>μου</em></strong></span> <span class='ocrx_word' id='word_1_240' title='bbox 224 1820 335 1894; x_wconf 79' lang='grc' dir='ltr'><strong><em>Δαυλδ,</em></strong></span> <span class='ocrx_word' id='word_1_241' title='bbox 359 1815 431 1886; x_wconf 86' lang='grc' dir='ltr'><strong><em>τάδε</em></strong></span> <span class='ocrx_word' id='word_1_242' title='bbox 446 1821 523 1898; x_wconf 83' lang='grc' dir='ltr'><strong><em>λέγει</em></strong></span> <span class='ocrx_word' id='word_1_243' title='bbox 540 1817 639 1905; x_wconf 91' lang='grc' dir='ltr'><strong><em>κύριος</em></strong></span> <span class='ocrx_word' id='word_1_244' title='bbox 652 1844 766 1885; x_wconf 87' lang='grc' dir='ltr'><strong><em>παντο-</em></strong></span> <span class='ocrx_word' id='word_1_245' title='bbox 801 1820 885 1895; x_wconf 80' lang='grc' dir='ltr'><strong><em>οἶδας</em></strong></span> <span class='ocrx_word' id='word_1_246' title='bbox 898 1818 952 1885; x_wconf 88' lang='grc' dir='ltr'><strong><em>τὸν</em></strong></span> <span class='ocrx_word' id='word_1_247' title='bbox 966 1816 1076 1885; x_wconf 83' lang='grc' dir='ltr'><strong><em>δοῦλάν</em></strong></span> <span class='ocrx_word' id='word_1_248' title='bbox 1089 1847 1144 1886; x_wconf 92' lang='grc' dir='ltr'><strong><em>σου</em></strong></span> <span class='ocrx_word' id='word_1_249' title='bbox 1158 1817 1244 1906; x_wconf 88' lang='grc' dir='ltr'><strong><em>κύριέ</em></strong></span> <span class='ocrx_word' id='word_1_250' title='bbox 1251 1846 1307 1901; x_wconf 93' lang='grc' dir='ltr'><strong><em>μου</em></strong></span> <span class='ocrx_word' id='word_1_251' title='bbox 1320 1815 1409 1903; x_wconf 88' lang='grc' dir='ltr'><strong><em>κύριε,</em></strong></span> 
     </span>
     <span class='ocr_line' id='line_1_21' title="bbox 154 1898 1409 1990; baseline -0.002 -22"><span class='ocrx_word' id='word_1_252' title='bbox 154 1899 292 1990; x_wconf 88' lang='grc' dir='ltr'><strong><em>κράτωρ,</em></strong></span> <span class='ocrx_word' id='word_1_253' title='bbox 318 1902 431 1989; x_wconf 71' lang='grc' dir='ltr'><strong><em>ἔλαβόν</em></strong></span> <span class='ocrx_word' id='word_1_254' title='bbox 457 1927 488 1968; x_wconf 90' lang='grc' dir='ltr'><strong><em>σε</em></strong></span> <span class='ocrx_word' id='word_1_255' title='bbox 513 1906 545 1967; x_wconf 75' lang='grc' dir='ltr'><strong><em>ἐκ</em></strong></span> <span class='ocrx_word' id='word_1_256' title='bbox 564 1907 618 1986; x_wconf 77' lang='grc' dir='ltr'><strong><em>τῆς</em></strong></span> <span class='ocrx_word' id='word_1_257' title='bbox 634 1898 765 1987; x_wconf 80' lang='grc' dir='ltr'><strong><em>μάνδραις</em></strong></span> <span class='ocrx_word' id='word_1_258' title='bbox 800 1907 828 1945; x_wconf 86' lang='lat'><strong><em>²¹</em></strong></span> <span class='ocrx_word' id='word_1_259' title='bbox 840 1905 892 1968; x_wconf 83' lang='grc' dir='ltr'><strong><em>καὶ</em></strong></span> <span class='ocrx_word' id='word_1_260' title='bbox 909 1902 959 1967; x_wconf 85' lang='grc' dir='ltr'><strong><em>διά</em></strong></span> <span class='ocrx_word' id='word_1_261' title='bbox 976 1901 1030 1967; x_wconf 86' lang='grc' dir='ltr'><strong><em>τὸν</em></strong></span> <span class='ocrx_word' id='word_1_262' title='bbox 1043 1899 1151 1967; x_wconf 81' lang='grc' dir='ltr'><strong><em>δοῦλόν</em></strong></span> <span class='ocrx_word' id='word_1_263' title='bbox 1170 1928 1222 1968; x_wconf 93' lang='grc' dir='ltr'><strong><em>σου</em></strong></span> <span class='ocrx_word' id='word_1_264' title='bbox 1233 1908 1409 1985; x_wconf 85' lang='grc' dir='ltr'><strong><em>πεποίηκας,</em></strong></span> 
     </span>
     <span class='ocr_line' id='line_1_22' title="bbox 154 1980 1411 2072; baseline -0.001 -22"><span class='ocrx_word' id='word_1_265' title='bbox 154 1991 217 2051; x_wconf 82' lang='grc' dir='ltr'><strong><em>τών</em></strong></span> <span class='ocrx_word' id='word_1_266' title='bbox 236 1981 400 2072; x_wconf 78' lang='grc' dir='ltr'><strong><em>προβάτων</em></strong></span> <span class='ocrx_word' id='word_1_267' title='bbox 417 1989 474 2049; x_wconf 83' lang='grc' dir='ltr'><strong><em>τοῦ</em></strong></span> <span class='ocrx_word' id='word_1_268' title='bbox 488 1983 563 2049; x_wconf 78' lang='grc' dir='ltr'><strong><em>εἷναί</em></strong></span> <span class='ocrx_word' id='word_1_269' title='bbox 576 2009 609 2050; x_wconf 90' lang='grc' dir='ltr'><strong><em>σε</em></strong></span> <span class='ocrx_word' id='word_1_270' title='bbox 621 1990 661 2058; x_wconf 84' lang='grc' dir='ltr'><strong><em>είς</em></strong></span> <span class='ocrx_word' id='word_1_271' title='bbox 673 1980 766 2068; x_wconf 84' lang='grc' dir='ltr'><strong><em>ήγού-</em></strong></span> <span class='ocrx_word' id='word_1_272' title='bbox 800 1987 852 2051; x_wconf 78' lang='grc' dir='ltr'><strong><em>καί</em></strong></span> <span class='ocrx_word' id='word_1_273' title='bbox 876 1981 954 2049; x_wconf 84' lang='grc' dir='ltr'><strong><em>κατά</em></strong></span> <span class='ocrx_word' id='word_1_274' title='bbox 979 1984 1034 2067; x_wconf 82' lang='grc' dir='ltr'><strong><em>τήν</em></strong></span> <span class='ocrx_word' id='word_1_275' title='bbox 1052 1986 1179 2071; x_wconf 79' lang='grc' dir='ltr'><strong><em>καρδίαν</em></strong></span> <span class='ocrx_word' id='word_1_276' title='bbox 1196 2012 1249 2052; x_wconf 90' lang='grc' dir='ltr'><strong><em>σου</em></strong></span> <span class='ocrx_word' id='word_1_277' title='bbox 1268 1990 1411 2068; x_wconf 77' lang='grc' dir='ltr'><strong><em>ἐποίησας</em></strong></span> 
     </span>
     <span class='ocr_line' id='line_1_23' title="bbox 153 2062 1411 2151; baseline 0 -18"><span class='ocrx_word' id='word_1_278' title='bbox 153 2092 239 2150; x_wconf 89' lang='grc' dir='ltr'><strong><em>μενον</em></strong></span> <span class='ocrx_word' id='word_1_279' title='bbox 257 2072 309 2134; x_wconf 75' lang='grc' dir='ltr'><strong><em>ἐπὶ</em></strong></span> <span class='ocrx_word' id='word_1_280' title='bbox 324 2067 378 2131; x_wconf 89' lang='grc' dir='ltr'><strong><em>τὸν</em></strong></span> <span class='ocrx_word' id='word_1_281' title='bbox 397 2062 472 2133; x_wconf 85' lang='grc' dir='ltr'><strong><em>λαιάν</em></strong></span> <span class='ocrx_word' id='word_1_282' title='bbox 488 2091 546 2149; x_wconf 92' lang='grc' dir='ltr'><strong><em>μου</em></strong></span> <span class='ocrx_word' id='word_1_283' title='bbox 564 2068 615 2132; x_wconf 78' lang='grc' dir='ltr'><strong><em>έπλ</em></strong></span> <span class='ocrx_word' id='word_1_284' title='bbox 632 2064 687 2132; x_wconf 88' lang='grc' dir='ltr'><strong><em>τὸν</em></strong></span> <span class='ocrx_word' id='word_1_285' title='bbox 702 2064 765 2130; x_wconf 88' lang='grc' dir='ltr'><strong><em>Ἰσ-</em></strong></span> <span class='ocrx_word' id='word_1_286' title='bbox 800 2071 902 2133; x_wconf 88' lang='grc' dir='ltr'><strong><em>πᾶσαν</em></strong></span> <span class='ocrx_word' id='word_1_287' title='bbox 915 2063 969 2151; x_wconf 86' lang='grc' dir='ltr'><strong><em>τήν</em></strong></span> <span class='ocrx_word' id='word_1_288' title='bbox 981 2065 1190 2151; x_wconf 81' lang='grc' dir='ltr'><strong><em>μεγαλωσύνην</em></strong></span> <span class='ocrx_word' id='word_1_289' title='bbox 1199 2064 1320 2151; x_wconf 88' lang='grc' dir='ltr'><strong><em>ταύτην,</em></strong></span> <span class='ocrx_word' id='word_1_290' title='bbox 1332 2093 1411 2145; x_wconf 89' lang='grc' dir='ltr'><strong><em>γνω-</em></strong></span> 
     </span>
     <span class='ocr_line' id='line_1_24' title="bbox 155 2146 1411 2237; baseline 0 -22"><span class='ocrx_word' id='word_1_291' title='bbox 155 2149 247 2234; x_wconf 84' lang='grc' dir='ltr'><strong><em>ραήλ,</em></strong></span> <span class='ocrx_word' id='word_1_292' title='bbox 272 2152 288 2193; x_wconf 83' lang='lat'>⁹</span> <span class='ocrx_word' id='word_1_293' title='bbox 302 2151 353 2215; x_wconf 86' lang='grc' dir='ltr'><strong><em>καὶ</em></strong></span> <span class='ocrx_word' id='word_1_294' title='bbox 366 2148 442 2235; x_wconf 80' lang='grc' dir='ltr'><strong><em>ήμην</em></strong></span> <span class='ocrx_word' id='word_1_295' title='bbox 458 2149 532 2233; x_wconf 81' lang='grc' dir='ltr'><strong><em>μετὰ</em></strong></span> <span class='ocrx_word' id='word_1_296' title='bbox 551 2154 606 2215; x_wconf 80' lang='grc' dir='ltr'><strong><em>σού</em></strong></span> <span class='ocrx_word' id='word_1_297' title='bbox 624 2152 655 2215; x_wconf 83' lang='grc' dir='ltr'><strong><em>έν</em></strong></span> <span class='ocrx_word' id='word_1_298' title='bbox 672 2153 765 2214; x_wconf 81' lang='grc' dir='ltr'><strong><em>πᾶσιν</em></strong></span> <span class='ocrx_word' id='word_1_299' title='bbox 800 2156 881 2237; x_wconf 90' lang='grc' dir='ltr'><strong><em>ρίσαι</em></strong></span> <span class='ocrx_word' id='word_1_300' title='bbox 893 2155 937 2234; x_wconf 80' lang='grc' dir='ltr'><strong><em>τῷ</em></strong></span> <span class='ocrx_word' id='word_1_301' title='bbox 949 2146 1050 2233; x_wconf 86' lang='grc' dir='ltr'><strong><em>δούλῳ</em></strong></span> <span class='ocrx_word' id='word_1_302' title='bbox 1065 2176 1131 2225; x_wconf 90' lang='grc' dir='ltr'><strong><em>σου,</em></strong></span> <span class='ocrx_word' id='word_1_303' title='bbox 1151 2155 1180 2192; x_wconf 88' lang='grc'><strong><em>22</em></strong></span> <span class='ocrx_word' id='word_1_304' title='bbox 1190 2157 1282 2217; x_wconf 81' lang='grc' dir='ltr'><strong><em>ἕνεκεν</em></strong></span> <span class='ocrx_word' id='word_1_305' title='bbox 1294 2156 1347 2215; x_wconf 81' lang='grc' dir='ltr'><strong><em>τοῦ</em></strong></span> <span class='ocrx_word' id='word_1_306' title='bbox 1360 2176 1411 2233; x_wconf 85' lang='grc' dir='ltr'><strong><em>με-</em></strong></span> 
     </span>
     <span class='ocr_line' id='line_1_25' title="bbox 156 2227 1411 2318; baseline 0.001 -21"><span class='ocrx_word' id='word_1_307' title='bbox 156 2235 201 2308; x_wconf 81' lang='grc' dir='ltr'><strong><em>οίς</em></strong></span> <span class='ocrx_word' id='word_1_308' title='bbox 214 2229 375 2317; x_wconf 81' lang='grc' dir='ltr'><strong><em>ἐπορεύου,</em></strong></span> <span class='ocrx_word' id='word_1_309' title='bbox 399 2234 451 2297; x_wconf 76' lang='grc' dir='ltr'><strong><em>καὶ</em></strong></span> <span class='ocrx_word' id='word_1_310' title='bbox 463 2229 674 2318; x_wconf 78' lang='grc' dir='ltr'><strong><em>ἕξωλύθρευσα</em></strong></span> <span class='ocrx_word' id='word_1_311' title='bbox 686 2227 764 2298; x_wconf 88' lang='grc' dir='ltr'><strong><em>πάν·</em></strong></span> <span class='ocrx_word' id='word_1_312' title='bbox 798 2230 926 2310; x_wconf 85' lang='grc' dir='ltr'><strong><em>γαλύναι</em></strong></span> <span class='ocrx_word' id='word_1_313' title='bbox 938 2258 968 2299; x_wconf 95' lang='grc' dir='ltr'><strong><em>σε</em></strong></span> <span class='ocrx_word' id='word_1_314' title='bbox 981 2232 1065 2318; x_wconf 86' lang='grc' dir='ltr'><strong><em>κύριέ</em></strong></span> <span class='ocrx_word' id='word_1_315' title='bbox 1072 2259 1140 2317; x_wconf 93' lang='grc' dir='ltr'><strong><em>μου.</em></strong></span> <span class='ocrx_word' id='word_1_316' title='bbox 1155 2230 1202 2298; x_wconf 78' lang='grc' dir='ltr'><strong><em>ὅτι</em></strong></span> <span class='ocrx_word' id='word_1_317' title='bbox 1216 2232 1272 2299; x_wconf 79' lang='grc' dir='ltr'><strong><em>οὐκ</em></strong></span> <span class='ocrx_word' id='word_1_318' title='bbox 1282 2236 1360 2299; x_wconf 75' lang='grc' dir='ltr'><strong><em>ἔστιν</em></strong></span> <span class='ocrx_word' id='word_1_319' title='bbox 1369 2232 1411 2310; x_wconf 83' lang='grc' dir='ltr'><strong><em>ὡς</em></strong></span> 
     </span>
     <span class='ocr_line' id='line_1_26' title="bbox 155 2310 1411 2400; baseline 0.002 -20"><span class='ocrx_word' id='word_1_320' title='bbox 155 2340 211 2391; x_wconf 83' lang='grc' dir='ltr'><strong><em>τας</em></strong></span> <span class='ocrx_word' id='word_1_321' title='bbox 223 2312 293 2390; x_wconf 86' lang='grc' dir='ltr'><strong><em>τούς</em></strong></span> <span class='ocrx_word' id='word_1_322' title='bbox 311 2310 438 2400; x_wconf 73' lang='grc' dir='ltr'><strong><em>ἐχθρούς</em></strong></span> <span class='ocrx_word' id='word_1_323' title='bbox 451 2341 505 2381; x_wconf 93' lang='grc' dir='ltr'><strong><em>σου</em></strong></span> <span class='ocrx_word' id='word_1_324' title='bbox 519 2313 582 2382; x_wconf 87' lang='grc' dir='ltr'><strong><em>ἀπὸ</em></strong></span> <span class='ocrx_word' id='word_1_325' title='bbox 600 2311 765 2400; x_wconf 88' lang='grc' dir='ltr'><strong><em>προςώπου</em></strong></span> <span class='ocrx_word' id='word_1_326' title='bbox 800 2310 846 2392; x_wconf 88' lang='grc' dir='ltr'><strong><em>ού,</em></strong></span> <span class='ocrx_word' id='word_1_327' title='bbox 859 2318 911 2382; x_wconf 84' lang='grc' dir='ltr'><strong><em>καὶ</em></strong></span> <span class='ocrx_word' id='word_1_328' title='bbox 923 2314 978 2381; x_wconf 84' lang='grc' dir='ltr'><strong><em>ούκ</em></strong></span> <span class='ocrx_word' id='word_1_329' title='bbox 990 2318 1053 2382; x_wconf 74' lang='grc' dir='ltr'><strong><em>ἔστι</em></strong></span> <span class='ocrx_word' id='word_1_330' title='bbox 1065 2315 1136 2391; x_wconf 89' lang='grc' dir='ltr'><strong><em>θεὸς</em></strong></span> <span class='ocrx_word' id='word_1_331' title='bbox 1147 2313 1225 2400; x_wconf 84' lang='grc' dir='ltr'><strong><em>πλήν</em></strong></span> <span class='ocrx_word' id='word_1_332' title='bbox 1235 2320 1291 2382; x_wconf 82' lang='grc' dir='ltr'><strong><em>σοῦ</em></strong></span> <span class='ocrx_word' id='word_1_333' title='bbox 1305 2319 1335 2380; x_wconf 82' lang='grc' dir='ltr'><strong><em>έν</em></strong></span> <span class='ocrx_word' id='word_1_334' title='bbox 1346 2322 1411 2382; x_wconf 86' lang='grc' dir='ltr'><strong><em>πᾶ-</em></strong></span> 
     </span>
     <span class='ocr_line' id='line_1_27' title="bbox 156 2393 1409 2484; baseline 0 -20"><span class='ocrx_word' id='word_1_335' title='bbox 156 2422 228 2470; x_wconf 86' lang='grc' dir='ltr'><strong><em>σου,</em></strong></span> <span class='ocrx_word' id='word_1_336' title='bbox 253 2399 306 2464; x_wconf 77' lang='grc' dir='ltr'><strong><em>καὶ</em></strong></span> <span class='ocrx_word' id='word_1_337' title='bbox 321 2393 449 2482; x_wconf 81' lang='grc' dir='ltr'><strong><em>ἐποίησά</em></strong></span> <span class='ocrx_word' id='word_1_338' title='bbox 462 2425 495 2465; x_wconf 90' lang='grc' dir='ltr'><strong><em>σε</em></strong></span> <span class='ocrx_word' id='word_1_339' title='bbox 508 2395 674 2484; x_wconf 81' lang='grc' dir='ltr'><strong><em>ὀνομαστὸν</em></strong></span> <span class='ocrx_word' id='word_1_340' title='bbox 685 2393 764 2463; x_wconf 88' lang='grc' dir='ltr'><strong><em>κατά</em></strong></span> <span class='ocrx_word' id='word_1_341' title='bbox 801 2424 847 2464; x_wconf 92' lang='grc' dir='ltr'><strong><em>σιν</em></strong></span> <span class='ocrx_word' id='word_1_342' title='bbox 867 2399 910 2474; x_wconf 82' lang='grc' dir='ltr'><strong><em>οῖς</em></strong></span> <span class='ocrx_word' id='word_1_343' title='bbox 928 2395 1096 2482; x_wconf 79' lang='grc' dir='ltr'><strong><em>ἠκούσαμεν</em></strong></span> <span class='ocrx_word' id='word_1_344' title='bbox 1109 2402 1139 2464; x_wconf 83' lang='grc' dir='ltr'><strong><em>έν</em></strong></span> <span class='ocrx_word' id='word_1_345' title='bbox 1156 2411 1218 2475; x_wconf 85' lang='grc' dir='ltr'><strong><em>τοῖς</em></strong></span> <span class='ocrx_word' id='word_1_346' title='bbox 1231 2395 1304 2465; x_wconf 85' lang='grc' dir='ltr'><strong><em>ώσὶν</em></strong></span> <span class='ocrx_word' id='word_1_347' title='bbox 1316 2396 1409 2484; x_wconf 76' lang='grc' dir='ltr'><strong><em>ἡμῶν.</em></strong></span> 
     </span>
     <span class='ocr_line' id='line_1_28' title="bbox 155 2478 1410 2568; baseline 0.002 -22"><span class='ocrx_word' id='word_1_348' title='bbox 155 2482 192 2547; x_wconf 87' lang='grc' dir='ltr'><strong><em>τὸ</em></strong></span> <span class='ocrx_word' id='word_1_349' title='bbox 219 2481 315 2563; x_wconf 82' lang='grc' dir='ltr'><strong><em>ὄνομα</em></strong></span> <span class='ocrx_word' id='word_1_350' title='bbox 339 2487 400 2547; x_wconf 80' lang='grc' dir='ltr'><strong><em>τῶν</em></strong></span> <span class='ocrx_word' id='word_1_351' title='bbox 415 2479 551 2566; x_wconf 82' lang='grc' dir='ltr'><strong><em>μεγάλαν</em></strong></span> <span class='ocrx_word' id='word_1_352' title='bbox 567 2487 629 2548; x_wconf 84' lang='grc' dir='ltr'><strong><em>τῶν</em></strong></span> <span class='ocrx_word' id='word_1_353' title='bbox 645 2483 696 2548; x_wconf 75' lang='grc' dir='ltr'><strong><em>ἐπὶ</em></strong></span> <span class='ocrx_word' id='word_1_354' title='bbox 714 2484 765 2564; x_wconf 77' lang='grc' dir='ltr'><strong><em>τῆς</em></strong></span> <span class='ocrx_word' id='word_1_355' title='bbox 800 2480 990 2557; x_wconf 76' lang='grc' dir='ltr'><strong><em>22καὶτίςώς</em></strong></span> <span class='ocrx_word' id='word_1_356' title='bbox 1004 2478 1021 2548; x_wconf 85' lang='grc' dir='ltr'>ὁ</span> <span class='ocrx_word' id='word_1_357' title='bbox 1034 2480 1108 2558; x_wconf 87' lang='grc' dir='ltr'><strong><em>λαός</em></strong></span> <span class='ocrx_word' id='word_1_358' title='bbox 1122 2508 1177 2548; x_wconf 93' lang='grc' dir='ltr'><strong><em>σου</em></strong></span> <span class='ocrx_word' id='word_1_359' title='bbox 1188 2480 1312 2568; x_wconf 85' lang='grc' dir='ltr'><strong><em>Ἰσραήλ</em></strong></span> <span class='ocrx_word' id='word_1_360' title='bbox 1322 2488 1410 2558; x_wconf 82' lang='grc' dir='ltr'><strong><em>ἔθνος</em></strong></span> 
     </span>
     <span class='ocr_line' id='line_1_29' title="bbox 155 2562 1409 2658; baseline 0 -28"><span class='ocrx_word' id='word_1_361' title='bbox 155 2570 218 2648; x_wconf 80' lang='grc' dir='ltr'><strong><em>γης.</em></strong></span> <span class='ocrx_word' id='word_1_362' title='bbox 255 2569 285 2609; x_wconf 84' lang='lat'><strong><em>¹⁰</em></strong></span> <span class='ocrx_word' id='word_1_363' title='bbox 297 2566 349 2630; x_wconf 78' lang='grc' dir='ltr'><strong><em>καί</em></strong></span> <span class='ocrx_word' id='word_1_364' title='bbox 364 2562 497 2650; x_wconf 88' lang='grc' dir='ltr'><strong><em>θήσομαι</em></strong></span> <span class='ocrx_word' id='word_1_365' title='bbox 518 2562 617 2631; x_wconf 86' lang='grc' dir='ltr'><strong><em>τόπον</em></strong></span> <span class='ocrx_word' id='word_1_366' title='bbox 637 2570 682 2649; x_wconf 79' lang='grc' dir='ltr'><strong><em>τῷ</em></strong></span> <span class='ocrx_word' id='word_1_367' title='bbox 698 2564 765 2647; x_wconf 75' lang='grc' dir='ltr'><strong><em>λαῷ</em></strong></span> <span class='ocrx_word' id='word_1_368' title='bbox 801 2562 877 2629; x_wconf 85' lang='grc' dir='ltr'><strong><em>ἀλλο</em></strong></span> <span class='ocrx_word' id='word_1_369' title='bbox 890 2569 922 2630; x_wconf 80' lang='grc' dir='ltr'><strong><em>έν</em></strong></span> <span class='ocrx_word' id='word_1_370' title='bbox 936 2568 974 2658; x_wconf 78' lang='grc' dir='ltr'><strong><em>τῇ</em></strong></span> <span class='ocrx_word' id='word_1_371' title='bbox 986 2569 1044 2655; x_wconf 68' lang='grc' dir='ltr'><strong><em>γῇς</em></strong></span> <span class='ocrx_word' id='word_1_372' title='bbox 1071 2564 1111 2642; x_wconf 86' lang='grc' dir='ltr'><strong><em>ὡς</em></strong></span> <span class='ocrx_word' id='word_1_373' title='bbox 1124 2563 1274 2650; x_wconf 78' lang='grc' dir='ltr'><strong><em>ὡδήγησεν</em></strong></span> <span class='ocrx_word' id='word_1_374' title='bbox 1287 2563 1409 2632; x_wconf 81' lang='grc' dir='ltr'><strong><em>αὖτὸνδ</em></strong></span> 
     </span>
     <span class='ocr_line' id='line_1_30' title="bbox 155 2645 1410 2733; baseline 0.002 -21"><span class='ocrx_word' id='word_1_375' title='bbox 155 2674 213 2730; x_wconf 90' lang='grc' dir='ltr'><strong><em>μου</em></strong></span> <span class='ocrx_word' id='word_1_376' title='bbox 222 2653 267 2731; x_wconf 78' lang='grc' dir='ltr'><strong><em>τῷ</em></strong></span> <span class='ocrx_word' id='word_1_377' title='bbox 276 2645 409 2733; x_wconf 85' lang='grc' dir='ltr'><strong><em>Ἰσραήλ,</em></strong></span> <span class='ocrx_word' id='word_1_378' title='bbox 420 2652 471 2713; x_wconf 76' lang='grc' dir='ltr'><strong><em>καὶ</em></strong></span> <span class='ocrx_word' id='word_1_379' title='bbox 479 2645 697 2729; x_wconf 87' lang='grc' dir='ltr'><strong><em>καταφυτεύσω</em></strong></span> <span class='ocrx_word' id='word_1_380' title='bbox 708 2645 765 2712; x_wconf 80' lang='grc' dir='ltr'><strong><em>αὖ·</em></strong></span> <span class='ocrx_word' id='word_1_381' title='bbox 799 2646 873 2724; x_wconf 86' lang='grc' dir='ltr'><strong><em>θεὸς</em></strong></span> <span class='ocrx_word' id='word_1_382' title='bbox 897 2653 953 2713; x_wconf 82' lang='grc' dir='ltr'><strong><em>τοῦ</em></strong></span> <span class='ocrx_word' id='word_1_383' title='bbox 979 2646 1191 2733; x_wconf 79' lang='grc' dir='ltr'><strong><em>λυτρώσασθαι</em></strong></span> <span class='ocrx_word' id='word_1_384' title='bbox 1216 2649 1301 2733; x_wconf 79' lang='grc' dir='ltr'><strong><em>αὐτῷ</em></strong></span> <span class='ocrx_word' id='word_1_385' title='bbox 1327 2649 1410 2726; x_wconf 85' lang='grc' dir='ltr'><strong><em>λαὸν,</em></strong></span> 
     </span>
     <span class='ocr_line' id='line_1_31' title="bbox 155 2728 1411 2817; baseline 0.005 -24"><span class='ocrx_word' id='word_1_386' title='bbox 155 2730 224 2805; x_wconf 85' lang='grc' dir='ltr'><strong><em>τὸν,</em></strong></span> <span class='ocrx_word' id='word_1_387' title='bbox 250 2732 302 2795; x_wconf 75' lang='grc' dir='ltr'><strong><em>καὶ</em></strong></span> <span class='ocrx_word' id='word_1_388' title='bbox 320 2728 538 2814; x_wconf 77' lang='grc' dir='ltr'><strong><em>κατασκηνώσει</em></strong></span> <span class='ocrx_word' id='word_1_389' title='bbox 555 2729 626 2795; x_wconf 79' lang='grc' dir='ltr'><strong><em>καθ’</em></strong></span> <span class='ocrx_word' id='word_1_390' title='bbox 648 2728 764 2806; x_wconf 79' lang='grc' dir='ltr'><strong><em>ἑαυτὸν,</em></strong></span> <span class='ocrx_word' id='word_1_391' title='bbox 800 2736 856 2796; x_wconf 80' lang='grc' dir='ltr'><strong><em>τοῦ</em></strong></span> <span class='ocrx_word' id='word_1_392' title='bbox 868 2734 984 2797; x_wconf 82' lang='grc' dir='ltr'><strong><em>θέσθαι</em></strong></span> <span class='ocrx_word' id='word_1_393' title='bbox 997 2758 1030 2797; x_wconf 95' lang='grc' dir='ltr'><strong><em>σε</em></strong></span> <span class='ocrx_word' id='word_1_394' title='bbox 1043 2731 1148 2816; x_wconf 77' lang='grc' dir='ltr'><strong><em>ὄνομα,</em></strong></span> <span class='ocrx_word' id='word_1_395' title='bbox 1160 2738 1216 2798; x_wconf 82' lang='grc' dir='ltr'><strong><em>τοῦ</em></strong></span> <span class='ocrx_word' id='word_1_396' title='bbox 1225 2737 1349 2816; x_wconf 82' lang='grc' dir='ltr'><strong><em>ποιησαι</em></strong></span> <span class='ocrx_word' id='word_1_397' title='bbox 1359 2760 1411 2817; x_wconf 82' lang='grc' dir='ltr'><strong><em>με-</em></strong></span> 
     </span>
     <span class='ocr_line' id='line_1_32' title="bbox 155 2808 1409 2915; baseline 0.004 -39"><span class='ocrx_word' id='word_1_398' title='bbox 155 2814 207 2876; x_wconf 80' lang='grc' dir='ltr'><strong><em>καλ</em></strong></span> <span class='ocrx_word' id='word_1_399' title='bbox 220 2809 257 2877; x_wconf 83' lang='grc' dir='ltr'><strong><em>ού</em></strong></span> <span class='ocrx_word' id='word_1_400' title='bbox 270 2808 436 2915; x_wconf 71' lang='grc' dir='ltr'><strong><em>μεριμνήσει</em></strong></span> <span class='ocrx_word' id='word_1_401' title='bbox 446 2811 552 2878; x_wconf 86' lang='grc' dir='ltr'><strong><em>αύκέτι.</em></strong></span> <span class='ocrx_word' id='word_1_402' title='bbox 564 2814 615 2875; x_wconf 81' lang='grc' dir='ltr'><strong><em>καὶ</em></strong></span> <span class='ocrx_word' id='word_1_403' title='bbox 626 2809 663 2877; x_wconf 85' lang='grc' dir='ltr'><strong><em>οά</em></strong></span> <span class='ocrx_word' id='word_1_404' title='bbox 672 2837 765 2897; x_wconf 91' lang='grc' dir='ltr'><strong><em>προς-</em></strong></span> <span class='ocrx_word' id='word_1_405' title='bbox 799 2809 974 2898; x_wconf 85' lang='grc' dir='ltr'><strong><em>γαιλωσύνην</em></strong></span> <span class='ocrx_word' id='word_1_406' title='bbox 986 2816 1038 2880; x_wconf 81' lang='grc' dir='ltr'><strong><em>καλ</em></strong></span> <span class='ocrx_word' id='word_1_407' title='bbox 1049 2811 1233 2895; x_wconf 75' lang='grc' dir='ltr'><strong><em>ἐπιφάνειαν,</em></strong></span> <span class='ocrx_word' id='word_1_408' title='bbox 1251 2820 1308 2879; x_wconf 85' lang='grc' dir='ltr'><strong><em>τοῦ</em></strong></span> <span class='ocrx_word' id='word_1_409' title='bbox 1320 2819 1409 2900; x_wconf 79' lang='grc' dir='ltr'><strong><em>ἐκβα-</em></strong></span> 
     </span>
     <span class='ocr_line' id='line_1_33' title="bbox 155 2890 1410 2984; baseline 0.003 -24"><span class='ocrx_word' id='word_1_410' title='bbox 155 2890 242 2977; x_wconf 89' lang='grc' dir='ltr'><strong><em>θήσει</em></strong></span> <span class='ocrx_word' id='word_1_411' title='bbox 256 2891 317 2970; x_wconf 80' lang='grc' dir='ltr'><strong><em>υἶδς</em></strong></span> <span class='ocrx_word' id='word_1_412' title='bbox 327 2895 442 2970; x_wconf 86' lang='grc' dir='ltr'><strong><em>αδικίας</em></strong></span> <span class='ocrx_word' id='word_1_413' title='bbox 453 2898 509 2961; x_wconf 85' lang='grc' dir='ltr'><strong><em>τού</em></strong></span> <span class='ocrx_word' id='word_1_414' title='bbox 518 2898 696 2960; x_wconf 75' lang='grc' dir='ltr'><strong><em>ταπεινῶσαι</em></strong></span> <span class='ocrx_word' id='word_1_415' title='bbox 708 2893 765 2959; x_wconf 83' lang='grc' dir='ltr'><strong><em>αύ·</em></strong></span> <span class='ocrx_word' id='word_1_416' title='bbox 801 2897 862 2962; x_wconf 84' lang='grc' dir='ltr'><strong><em>λεῖν</em></strong></span> <span class='ocrx_word' id='word_1_417' title='bbox 886 2922 917 2962; x_wconf 88' lang='grc' dir='ltr'><strong><em>σε</em></strong></span> <span class='ocrx_word' id='word_1_418' title='bbox 939 2900 972 2963; x_wconf 82' lang='grc' dir='ltr'><strong><em>ἐκ</em></strong></span> <span class='ocrx_word' id='word_1_419' title='bbox 994 2893 1155 2984; x_wconf 88' lang='grc' dir='ltr'><strong><em>προςώπου</em></strong></span> <span class='ocrx_word' id='word_1_420' title='bbox 1172 2903 1227 2964; x_wconf 79' lang='grc' dir='ltr'><strong><em>τοῦ</em></strong></span> <span class='ocrx_word' id='word_1_421' title='bbox 1246 2897 1324 2962; x_wconf 84' lang='grc' dir='ltr'><strong><em>λαιοῦ</em></strong></span> <span class='ocrx_word' id='word_1_422' title='bbox 1343 2925 1410 2975; x_wconf 89' lang='grc' dir='ltr'><strong><em>σου,</em></strong></span> 
     </span>
     <span class='ocr_line' id='line_1_34' title="bbox 156 2975 1410 3084; baseline 0.004 -41"><span class='ocrx_word' id='word_1_423' title='bbox 156 2976 219 3052; x_wconf 86' lang='grc' dir='ltr'><strong><em>τὸν,</em></strong></span> <span class='ocrx_word' id='word_1_424' title='bbox 231 2977 336 3054; x_wconf 86' lang='grc' dir='ltr'><strong><em>καθώς</em></strong></span> <span class='ocrx_word' id='word_1_425' title='bbox 347 2976 398 3045; x_wconf 86' lang='grc' dir='ltr'><strong><em>ἀπ’</em></strong></span> <span class='ocrx_word' id='word_1_426' title='bbox 411 2976 617 3084; x_wconf 69' lang='grc' dir='ltr'><strong><em>ἀρηής,22ἀπὸ</em></strong></span> <span class='ocrx_word' id='word_1_427' title='bbox 627 2982 687 3042; x_wconf 83' lang='grc' dir='ltr'><strong><em>τών</em></strong></span> <span class='ocrx_word' id='word_1_428' title='bbox 695 2975 764 3063; x_wconf 69' lang='grc' dir='ltr'><strong><em>ήμε-</em></strong></span> <span class='ocrx_word' id='word_1_429' title='bbox 802 2976 854 3056; x_wconf 72' lang='grc' dir='ltr'><strong><em>οὓς</em></strong></span> <span class='ocrx_word' id='word_1_430' title='bbox 879 2977 1038 3067; x_wconf 81' lang='grc' dir='ltr'><strong><em>ἐλυτρώσαο</em></strong></span> <span class='ocrx_word' id='word_1_431' title='bbox 1064 2987 1179 3066; x_wconf 82' lang='grc' dir='ltr'><strong><em>σεαυτῷ</em></strong></span> <span class='ocrx_word' id='word_1_432' title='bbox 1202 2977 1410 3059; x_wconf 79' lang='grc' dir='ltr'><strong><em>ἔξΑίγύπτου</em></strong></span> 
     </span>
     <span class='ocr_line' id='line_1_35' title="bbox 155 3054 1410 3150; baseline 0.005 -25"><span class='ocrx_word' id='word_1_433' title='bbox 155 3066 217 3141; x_wconf 80' lang='grc' dir='ltr'><strong><em>ρῶν</em></strong></span> <span class='ocrx_word' id='word_1_434' title='bbox 227 3054 270 3126; x_wconf 86' lang='grc' dir='ltr'><strong><em>ών</em></strong></span> <span class='ocrx_word' id='word_1_435' title='bbox 279 3064 372 3138; x_wconf 79' lang='grc' dir='ltr'><strong><em>ἔταξα</em></strong></span> <span class='ocrx_word' id='word_1_436' title='bbox 380 3087 482 3147; x_wconf 90' lang='grc' dir='ltr'><strong><em>κριτας</em></strong></span> <span class='ocrx_word' id='word_1_437' title='bbox 494 3063 545 3126; x_wconf 77' lang='grc' dir='ltr'><strong><em>ίπδ</em></strong></span> <span class='ocrx_word' id='word_1_438' title='bbox 556 3058 611 3126; x_wconf 87' lang='grc' dir='ltr'><strong><em>τὸν</em></strong></span> <span class='ocrx_word' id='word_1_439' title='bbox 620 3057 693 3126; x_wconf 87' lang='grc' dir='ltr'><strong><em>λαόν</em></strong></span> <span class='ocrx_word' id='word_1_440' title='bbox 706 3087 764 3144; x_wconf 88' lang='grc' dir='ltr'><strong><em>μου</em></strong></span> <span class='ocrx_word' id='word_1_441' title='bbox 801 3067 874 3146; x_wconf 81' lang='grc' dir='ltr'><strong><em>ἔθνη</em></strong></span> <span class='ocrx_word' id='word_1_442' title='bbox 886 3066 938 3128; x_wconf 82' lang='grc' dir='ltr'><strong><em>καὶ</em></strong></span> <span class='ocrx_word' id='word_1_443' title='bbox 950 3061 1136 3149; x_wconf 82' lang='grc' dir='ltr'><strong><em>σκηνώματα.</em></strong></span> <span class='ocrx_word' id='word_1_444' title='bbox 1173 3065 1206 3109; x_wconf 70' lang='grc'><strong><em>22</em></strong></span> <span class='ocrx_word' id='word_1_445' title='bbox 1218 3069 1270 3132; x_wconf 83' lang='grc' dir='ltr'><strong><em>καλ</em></strong></span> <span class='ocrx_word' id='word_1_446' title='bbox 1282 3061 1410 3150; x_wconf 82' lang='grc' dir='ltr'><strong><em>ήτοίμα-</em></strong></span> 
     </span>
     <span class='ocr_line' id='line_1_36' title="bbox 153 3139 1410 3234; baseline 0.005 -26"><span class='ocrx_word' id='word_1_447' title='bbox 153 3139 285 3229; x_wconf 90' lang='grc' dir='ltr'><strong><em>Ἰσραήλ.</em></strong></span> <span class='ocrx_word' id='word_1_448' title='bbox 311 3147 363 3208; x_wconf 79' lang='grc' dir='ltr'><strong><em>καί</em></strong></span> <span class='ocrx_word' id='word_1_449' title='bbox 375 3139 544 3211; x_wconf 82' lang='grc' dir='ltr'><strong><em>ἀναπαύσω</em></strong></span> <span class='ocrx_word' id='word_1_450' title='bbox 558 3169 589 3210; x_wconf 94' lang='grc' dir='ltr'><strong><em>σε</em></strong></span> <span class='ocrx_word' id='word_1_451' title='bbox 608 3142 671 3209; x_wconf 85' lang='grc' dir='ltr'><strong><em>ἀπὸ</em></strong></span> <span class='ocrx_word' id='word_1_452' title='bbox 685 3142 765 3211; x_wconf 85' lang='grc' dir='ltr'><strong><em>πάν·</em></strong></span> <span class='ocrx_word' id='word_1_453' title='bbox 801 3172 855 3222; x_wconf 90' lang='grc' dir='ltr'><strong><em>σας</em></strong></span> <span class='ocrx_word' id='word_1_454' title='bbox 872 3153 989 3231; x_wconf 78' lang='grc' dir='ltr'><strong><em>σεαυτῷ</em></strong></span> <span class='ocrx_word' id='word_1_455' title='bbox 1007 3148 1059 3214; x_wconf 90' lang='grc' dir='ltr'><strong><em>τὸν</em></strong></span> <span class='ocrx_word' id='word_1_456' title='bbox 1077 3145 1152 3214; x_wconf 89' lang='grc' dir='ltr'><strong><em>λαιόν</em></strong></span> <span class='ocrx_word' id='word_1_457' title='bbox 1165 3175 1220 3214; x_wconf 90' lang='grc' dir='ltr'><strong><em>σου</em></strong></span> <span class='ocrx_word' id='word_1_458' title='bbox 1235 3147 1358 3234; x_wconf 84' lang='grc' dir='ltr'><strong><em>Ἰσραήλ</em></strong></span> <span class='ocrx_word' id='word_1_459' title='bbox 1371 3155 1410 3226; x_wconf 82' lang='grc' dir='ltr'><strong><em>εἷς</em></strong></span> 
     </span>
     <span class='ocr_line' id='line_1_37' title="bbox 155 3225 1409 3319; baseline 0.005 -27"><span class='ocrx_word' id='word_1_460' title='bbox 155 3252 216 3292; x_wconf 86' lang='grc' dir='ltr'><strong><em>τιον</em></strong></span> <span class='ocrx_word' id='word_1_461' title='bbox 234 3230 296 3292; x_wconf 85' lang='grc' dir='ltr'><strong><em>τών</em></strong></span> <span class='ocrx_word' id='word_1_462' title='bbox 313 3229 432 3315; x_wconf 78' lang='grc' dir='ltr'><strong><em>ἐχθρῶν</em></strong></span> <span class='ocrx_word' id='word_1_463' title='bbox 449 3254 513 3293; x_wconf 90' lang='grc' dir='ltr'><strong><em>σου.</em></strong></span> <span class='ocrx_word' id='word_1_464' title='bbox 538 3229 591 3294; x_wconf 78' lang='grc' dir='ltr'><strong><em>καὶ</em></strong></span> <span class='ocrx_word' id='word_1_465' title='bbox 608 3225 769 3307; x_wconf 78' lang='grc' dir='ltr'><strong><em>ἀπαγγελεῖ</em></strong></span> <span class='ocrx_word' id='word_1_466' title='bbox 800 3229 875 3295; x_wconf 89' lang='grc' dir='ltr'><strong><em>λαὸν</em></strong></span> <span class='ocrx_word' id='word_1_467' title='bbox 887 3235 943 3306; x_wconf 80' lang='grc' dir='ltr'><strong><em>ἕως</em></strong></span> <span class='ocrx_word' id='word_1_468' title='bbox 955 3236 1077 3309; x_wconf 75' lang='grc' dir='ltr'><strong><em>αἰῶνος,</em></strong></span> <span class='ocrx_word' id='word_1_469' title='bbox 1102 3233 1154 3297; x_wconf 76' lang='grc' dir='ltr'><strong><em>καὶ</em></strong></span> <span class='ocrx_word' id='word_1_470' title='bbox 1167 3231 1205 3298; x_wconf 86' lang='grc' dir='ltr'><strong><em>σύ</em></strong></span> <span class='ocrx_word' id='word_1_471' title='bbox 1218 3228 1296 3319; x_wconf 90' lang='grc' dir='ltr'><strong><em>κύριε</em></strong></span> <span class='ocrx_word' id='word_1_472' title='bbox 1309 3234 1409 3309; x_wconf 77' lang='grc' dir='ltr'><strong><em>ἐγένου</em></strong></span> 
     </span>
     <span class='ocr_line' id='line_1_38' title="bbox 156 3306 1409 3401; baseline 0.003 -25"><span class='ocrx_word' id='word_1_473' title='bbox 156 3338 204 3376; x_wconf 90' lang='grc' dir='ltr'><strong><em>σοι</em></strong></span> <span class='ocrx_word' id='word_1_474' title='bbox 228 3307 348 3396; x_wconf 88' lang='grc' dir='ltr'><strong><em>κύριος,</em></strong></span> <span class='ocrx_word' id='word_1_475' title='bbox 384 3306 432 3376; x_wconf 78' lang='grc' dir='ltr'><strong><em>ὅτι</em></strong></span> <span class='ocrx_word' id='word_1_476' title='bbox 458 3310 541 3377; x_wconf 78' lang='grc' dir='ltr'><strong><em>οἶκον</em></strong></span> <span class='ocrx_word' id='word_1_477' title='bbox 566 3309 765 3395; x_wconf 75' lang='grc' dir='ltr'><strong><em>οἰκοδομήσας</em></strong></span> <span class='ocrx_word' id='word_1_478' title='bbox 801 3311 903 3388; x_wconf 81' lang='grc' dir='ltr'><strong><em>αὐτοῖς</em></strong></span> <span class='ocrx_word' id='word_1_479' title='bbox 916 3319 954 3388; x_wconf 78' lang='grc' dir='ltr'><strong><em>είς</em></strong></span> <span class='ocrx_word' id='word_1_480' title='bbox 966 3311 1050 3381; x_wconf 85' lang='grc' dir='ltr'><strong><em>θεόν.</em></strong></span> <span class='ocrx_word' id='word_1_481' title='bbox 1081 3317 1110 3359; x_wconf 85' lang='lat'><strong><em>²⁵</em></strong></span> <span class='ocrx_word' id='word_1_482' title='bbox 1123 3317 1174 3380; x_wconf 77' lang='grc' dir='ltr'><strong><em>καλ</em></strong></span> <span class='ocrx_word' id='word_1_483' title='bbox 1185 3321 1237 3382; x_wconf 81' lang='grc' dir='ltr'><strong><em>νῦν</em></strong></span> <span class='ocrx_word' id='word_1_484' title='bbox 1248 3311 1331 3401; x_wconf 87' lang='grc' dir='ltr'><strong><em>κύριέ</em></strong></span> <span class='ocrx_word' id='word_1_485' title='bbox 1341 3343 1409 3397; x_wconf 86' lang='grc' dir='ltr'><strong><em>μου,</em></strong></span> 
     </span>
     <span class='ocr_line' id='line_1_39' title="bbox 156 3391 1409 3500; baseline 0.005 -42"><span class='ocrx_word' id='word_1_486' title='bbox 156 3392 249 3500; x_wconf 74' lang='grc' dir='ltr'><strong><em>αύτῳ.</em></strong></span> <span class='ocrx_word' id='word_1_487' title='bbox 280 3397 308 3438; x_wconf 86' lang='lat'><strong><em>¹²</em></strong></span> <span class='ocrx_word' id='word_1_488' title='bbox 321 3396 373 3460; x_wconf 78' lang='grc' dir='ltr'><strong><em>καὶ</em></strong></span> <span class='ocrx_word' id='word_1_489' title='bbox 389 3396 474 3462; x_wconf 80' lang='grc' dir='ltr'><strong><em>ἔσται</em></strong></span> <span class='ocrx_word' id='word_1_490' title='bbox 491 3391 544 3461; x_wconf 84' lang='grc' dir='ltr'><strong><em>ἐάν</em></strong></span> <span class='ocrx_word' id='word_1_491' title='bbox 562 3395 765 3497; x_wconf 83' lang='grc' dir='ltr'><strong><em>πληρωθῶσιν</em></strong></span> <span class='ocrx_word' id='word_1_492' title='bbox 801 3393 914 3482; x_wconf 80' lang='grc' dir='ltr'><strong><em>ῥήμαδ</em></strong></span> <span class='ocrx_word' id='word_1_493' title='bbox 926 3394 1073 3480; x_wconf 82' lang='grc' dir='ltr'><strong><em>έλάλησας</em></strong></span> <span class='ocrx_word' id='word_1_494' title='bbox 1085 3401 1154 3484; x_wconf 79' lang='grc' dir='ltr'><strong><em>περὶ</em></strong></span> <span class='ocrx_word' id='word_1_495' title='bbox 1166 3406 1224 3466; x_wconf 84' lang='grc' dir='ltr'><strong><em>τοῦ</em></strong></span> <span class='ocrx_word' id='word_1_496' title='bbox 1234 3396 1344 3466; x_wconf 88' lang='grc' dir='ltr'><strong><em>δούλου</em></strong></span> <span class='ocrx_word' id='word_1_497' title='bbox 1355 3426 1409 3465; x_wconf 91' lang='grc' dir='ltr'><strong><em>σου</em></strong></span> 
     </span>
     <span class='ocr_line' id='line_1_40' title="bbox 157 3477 1410 3583; baseline 0.004 -41"><span class='ocrx_word' id='word_1_498' title='bbox 157 3483 190 3543; x_wconf 76' lang='grc' dir='ltr'><strong><em>αἱ</em></strong></span> <span class='ocrx_word' id='word_1_499' title='bbox 214 3482 320 3565; x_wconf 86' lang='grc' dir='ltr'><strong><em>ημέραι</em></strong></span> <span class='ocrx_word' id='word_1_500' title='bbox 337 3504 408 3554; x_wconf 91' lang='grc' dir='ltr'><strong><em>σου,</em></strong></span> <span class='ocrx_word' id='word_1_501' title='bbox 434 3481 486 3545; x_wconf 83' lang='grc' dir='ltr'><strong><em>καὶ</em></strong></span> <span class='ocrx_word' id='word_1_502' title='bbox 501 3489 672 3583; x_wconf 78' lang='grc' dir='ltr'><strong><em>κοιμηθηση</em></strong></span> <span class='ocrx_word' id='word_1_503' title='bbox 690 3477 764 3561; x_wconf 85' lang='grc' dir='ltr'><strong><em>μετά</em></strong></span> <span class='ocrx_word' id='word_1_504' title='bbox 801 3483 853 3544; x_wconf 79' lang='grc' dir='ltr'><strong><em>καλ</em></strong></span> <span class='ocrx_word' id='word_1_505' title='bbox 876 3485 933 3545; x_wconf 81' lang='grc' dir='ltr'><strong><em>τοῦ</em></strong></span> <span class='ocrx_word' id='word_1_506' title='bbox 957 3482 1043 3547; x_wconf 87' lang='grc' dir='ltr'><strong><em>οἴκου</em></strong></span> <span class='ocrx_word' id='word_1_507' title='bbox 1067 3480 1165 3548; x_wconf 79' lang='grc' dir='ltr'><strong><em>αὐτοῦ</em></strong></span> <span class='ocrx_word' id='word_1_508' title='bbox 1182 3490 1336 3550; x_wconf 78' lang='grc' dir='ltr'><strong><em>πίστευσον</em></strong></span> <span class='ocrx_word' id='word_1_509' title='bbox 1354 3488 1410 3557; x_wconf 77' lang='grc' dir='ltr'><strong><em>ἕως</em></strong></span> 
     </span>
     <span class='ocr_line' id='line_1_41' title="bbox 156 3559 1410 3650; baseline 0 -24"><span class='ocrx_word' id='word_1_510' title='bbox 156 3568 216 3628; x_wconf 85' lang='grc' dir='ltr'><strong><em>τών</em></strong></span> <span class='ocrx_word' id='word_1_511' title='bbox 233 3566 374 3648; x_wconf 85' lang='grc' dir='ltr'><strong><em>πατέρων</em></strong></span> <span class='ocrx_word' id='word_1_512' title='bbox 391 3588 446 3629; x_wconf 85' lang='grc' dir='ltr'><strong><em>σου</em></strong></span> <span class='ocrx_word' id='word_1_513' title='bbox 450 3611 460 3638; x_wconf 95' lang='grc'><strong><em>,</em></strong></span> <span class='ocrx_word' id='word_1_514' title='bbox 485 3563 537 3626; x_wconf 79' lang='grc' dir='ltr'><strong><em>καὶ</em></strong></span> <span class='ocrx_word' id='word_1_515' title='bbox 554 3559 715 3645; x_wconf 87' lang='grc' dir='ltr'><strong><em>ἀναοτησω</em></strong></span> <span class='ocrx_word' id='word_1_516' title='bbox 728 3561 763 3628; x_wconf 88' lang='grc' dir='ltr'><strong><em>τὸ</em></strong></span> <span class='ocrx_word' id='word_1_517' title='bbox 800 3567 857 3627; x_wconf 83' lang='grc' dir='ltr'><strong><em>τοῦ</em></strong></span> <span class='ocrx_word' id='word_1_518' title='bbox 873 3567 994 3640; x_wconf 78' lang='grc' dir='ltr'><strong><em>αἰῶνος,</em></strong></span> <span class='ocrx_word' id='word_1_519' title='bbox 1020 3561 1101 3649; x_wconf 90' lang='grc' dir='ltr'><strong><em>κύριε</em></strong></span> <span class='ocrx_word' id='word_1_520' title='bbox 1118 3564 1338 3650; x_wconf 84' lang='grc' dir='ltr'><strong><em>παντοκράτωρ</em></strong></span> <span class='ocrx_word' id='word_1_521' title='bbox 1356 3563 1410 3627; x_wconf 83' lang='grc' dir='ltr'><strong><em>θεὲ</em></strong></span> 
     </span>
     <span class='ocr_line' id='line_1_42' title="bbox 156 3640 1408 3731; baseline -0.002 -22"><span class='ocrx_word' id='word_1_522' title='bbox 156 3649 275 3731; x_wconf 83' lang='grc' dir='ltr'><strong><em>σπέρμα</em></strong></span> <span class='ocrx_word' id='word_1_523' title='bbox 294 3673 350 3711; x_wconf 90' lang='grc' dir='ltr'><strong><em>σου</em></strong></span> <span class='ocrx_word' id='word_1_524' title='bbox 362 3644 436 3727; x_wconf 80' lang='grc' dir='ltr'><strong><em>μετὰ</em></strong></span> <span class='ocrx_word' id='word_1_525' title='bbox 449 3643 495 3721; x_wconf 82' lang='grc' dir='ltr'><strong><em>σέ,</em></strong></span> <span class='ocrx_word' id='word_1_526' title='bbox 521 3640 554 3719; x_wconf 76' lang='grc' dir='ltr'><strong><em>ὃς</em></strong></span> <span class='ocrx_word' id='word_1_527' title='bbox 572 3648 653 3708; x_wconf 72' lang='grc' dir='ltr'><strong><em>λύπαι</em></strong></span> <span class='ocrx_word' id='word_1_528' title='bbox 665 3650 698 3710; x_wconf 83' lang='grc' dir='ltr'><strong><em>έκ</em></strong></span> <span class='ocrx_word' id='word_1_529' title='bbox 711 3650 765 3729; x_wconf 79' lang='grc' dir='ltr'><strong><em>τῆς</em></strong></span> <span class='ocrx_word' id='word_1_530' title='bbox 801 3650 857 3711; x_wconf 81' lang='grc' dir='ltr'><strong><em>τοῦ</em></strong></span> <span class='ocrx_word' id='word_1_531' title='bbox 865 3644 910 3713; x_wconf 77' lang='grc' dir='ltr'><strong><em>Ἰσ</em></strong></span> <span class='ocrx_word' id='word_1_532' title='bbox 930 3643 997 3730; x_wconf 92' lang='grc' dir='ltr'><strong><em>αήλ.</em></strong></span> <span class='ocrx_word' id='word_1_533' title='bbox 1011 3649 1063 3713; x_wconf 82' lang='grc' dir='ltr'><strong><em>καλ</em></strong></span> <span class='ocrx_word' id='word_1_534' title='bbox 1075 3651 1126 3711; x_wconf 82' lang='grc' dir='ltr'><strong><em>νῦν</em></strong></span> <span class='ocrx_word' id='word_1_535' title='bbox 1138 3647 1243 3721; x_wconf 83' lang='grc' dir='ltr'><strong><em>καθώς</em></strong></span> <span class='ocrx_word' id='word_1_536' title='bbox 1253 3643 1408 3726; x_wconf 76' lang='grc' dir='ltr'><strong><em>ἐλάλησας,</em></strong></span> 
     </span>
     <span class='ocr_line' id='line_1_43' title="bbox 156 3672 1406 3814; baseline -0.002 -24"><span class='ocrx_word' id='word_1_537' title='bbox 156 3730 271 3802; x_wconf 88' lang='grc' dir='ltr'><strong><em>κοιλίας</em></strong></span> <span class='ocrx_word' id='word_1_538' title='bbox 284 3754 354 3803; x_wconf 90' lang='grc' dir='ltr'><strong><em>σου,</em></strong></span> <span class='ocrx_word' id='word_1_539' title='bbox 380 3729 432 3791; x_wconf 78' lang='grc' dir='ltr'><strong><em>καὶ</em></strong></span> <span class='ocrx_word' id='word_1_540' title='bbox 449 3723 599 3811; x_wconf 82' lang='grc' dir='ltr'><strong><em>ἑτοιμάσω</em></strong></span> <span class='ocrx_word' id='word_1_541' title='bbox 613 3724 667 3811; x_wconf 84' lang='grc' dir='ltr'><strong><em>τήν</em></strong></span> <span class='ocrx_word' id='word_1_542' title='bbox 679 3732 765 3814; x_wconf 88' lang='grc' dir='ltr'><strong><em>βασι·</em></strong></span> <span class='ocrx_word' id='word_1_543' title='bbox 800 3672 1030 3813; x_wconf 72' lang='grc' dir='ltr'><strong><em>22μεγαλυνθείη</em></strong></span> <span class='ocrx_word' id='word_1_544' title='bbox 1042 3726 1079 3794; x_wconf 86' lang='grc' dir='ltr'><strong><em>τδ</em></strong></span> <span class='ocrx_word' id='word_1_545' title='bbox 1092 3727 1187 3810; x_wconf 77' lang='grc' dir='ltr'><strong><em>ὄνομά</em></strong></span> <span class='ocrx_word' id='word_1_546' title='bbox 1201 3754 1257 3793; x_wconf 92' lang='grc' dir='ltr'><strong><em>σου</em></strong></span> <span class='ocrx_word' id='word_1_547' title='bbox 1268 3732 1323 3800; x_wconf 80' lang='grc' dir='ltr'><strong><em>ἕως</em></strong></span> <span class='ocrx_word' id='word_1_548' title='bbox 1334 3730 1406 3788; x_wconf 78' lang='grc' dir='ltr'><strong><em>αἰῶ-</em></strong></span> 
     </span>
     <span class='ocr_line' id='line_1_44' title="bbox 157 3806 1409 3914; baseline -0.002 -42"><span class='ocrx_word' id='word_1_549' title='bbox 157 3807 239 3875; x_wconf 86' lang='grc' dir='ltr'><strong><em>λείαν</em></strong></span> <span class='ocrx_word' id='word_1_550' title='bbox 252 3808 355 3874; x_wconf 80' lang='grc' dir='ltr'><strong><em>αὐτοῦ.</em></strong></span> <span class='ocrx_word' id='word_1_551' title='bbox 378 3808 506 3885; x_wconf 73' lang='grc' dir='ltr'><strong><em>12αὐτὸς</em></strong></span> <span class='ocrx_word' id='word_1_552' title='bbox 518 3806 701 3895; x_wconf 80' lang='grc' dir='ltr'><strong><em>οἰκοδομήσει</em></strong></span> <span class='ocrx_word' id='word_1_553' title='bbox 709 3838 764 3914; x_wconf 88' lang='grc' dir='ltr'><strong><em>μοι</em></strong></span> <span class='ocrx_word' id='word_1_554' title='bbox 800 3835 858 3887; x_wconf 91' lang='grc' dir='ltr'><strong><em>νος.</em></strong></span> <span class='ocrx_word' id='word_1_555' title='bbox 896 3814 926 3855; x_wconf 79' lang='grc'><strong><em>22</em></strong></span> <span class='ocrx_word' id='word_1_556' title='bbox 938 3807 1017 3896; x_wconf 91' lang='grc' dir='ltr'><strong><em>κύριε</em></strong></span> <span class='ocrx_word' id='word_1_557' title='bbox 1031 3806 1251 3895; x_wconf 86' lang='grc' dir='ltr'><strong><em>παντοκράτωρ</em></strong></span> <span class='ocrx_word' id='word_1_558' title='bbox 1263 3809 1335 3882; x_wconf 85' lang='grc' dir='ltr'><strong><em>θεὸς</em></strong></span> <span class='ocrx_word' id='word_1_559' title='bbox 1348 3806 1409 3871; x_wconf 84' lang='grc' dir='ltr'><strong><em>Ἰα-</em></strong></span> 
     </span>
     <span class='ocr_line' id='line_1_45' title="bbox 157 3888 1408 3980; baseline -0.003 -23"><span class='ocrx_word' id='word_1_560' title='bbox 157 3892 240 3957; x_wconf 85' lang='grc' dir='ltr'><strong><em>οῖκον</em></strong></span> <span class='ocrx_word' id='word_1_561' title='bbox 252 3896 296 3973; x_wconf 81' lang='grc' dir='ltr'><strong><em>τῷ</em></strong></span> <span class='ocrx_word' id='word_1_562' title='bbox 310 3888 437 3974; x_wconf 84' lang='grc' dir='ltr'><strong><em>ὀνόματί</em></strong></span> <span class='ocrx_word' id='word_1_563' title='bbox 447 3920 515 3975; x_wconf 91' lang='grc' dir='ltr'><strong><em>μου,</em></strong></span> <span class='ocrx_word' id='word_1_564' title='bbox 531 3895 581 3958; x_wconf 82' lang='grc' dir='ltr'><strong><em>καί</em></strong></span> <span class='ocrx_word' id='word_1_565' title='bbox 594 3893 764 3980; x_wconf 79' lang='grc' dir='ltr'><strong><em>ἀνορθώσω</em></strong></span> <span class='ocrx_word' id='word_1_566' title='bbox 819 3892 893 3978; x_wconf 86' lang='grc' dir='ltr'><strong><em>αήλ,</em></strong></span> <span class='ocrx_word' id='word_1_567' title='bbox 906 3891 1101 3978; x_wconf 74' lang='grc' dir='ltr'><strong><em>ἀπεκάλυψας</em></strong></span> <span class='ocrx_word' id='word_1_568' title='bbox 1114 3892 1150 3957; x_wconf 89' lang='grc' dir='ltr'><strong><em>τὸ</em></strong></span> <span class='ocrx_word' id='word_1_569' title='bbox 1164 3890 1255 3956; x_wconf 85' lang='grc' dir='ltr'><strong><em>ώτίον</em></strong></span> <span class='ocrx_word' id='word_1_570' title='bbox 1266 3895 1323 3954; x_wconf 83' lang='grc' dir='ltr'><strong><em>τοῦ</em></strong></span> <span class='ocrx_word' id='word_1_571' title='bbox 1336 3889 1408 3955; x_wconf 88' lang='grc' dir='ltr'><strong><em>δού-</em></strong></span> 
     </span>
     <span class='ocr_line' id='line_1_46' title="bbox 157 3919 1408 4060; baseline -0.001 -22"><span class='ocrx_word' id='word_1_572' title='bbox 157 3975 210 4041; x_wconf 91' lang='grc' dir='ltr'><strong><em>τὸν</em></strong></span> <span class='ocrx_word' id='word_1_573' title='bbox 225 3977 338 4059; x_wconf 84' lang='grc' dir='ltr'><strong><em>θρόνον</em></strong></span> <span class='ocrx_word' id='word_1_574' title='bbox 355 3973 452 4041; x_wconf 77' lang='grc' dir='ltr'><strong><em>αὐτοῦ</em></strong></span> <span class='ocrx_word' id='word_1_575' title='bbox 469 3980 525 4051; x_wconf 78' lang='grc' dir='ltr'><strong><em>ἕως</em></strong></span> <span class='ocrx_word' id='word_1_576' title='bbox 541 3981 580 4050; x_wconf 80' lang='grc' dir='ltr'><strong><em>εἷς</em></strong></span> <span class='ocrx_word' id='word_1_577' title='bbox 593 3974 648 4042; x_wconf 88' lang='grc' dir='ltr'><strong><em>τὸν</em></strong></span> <span class='ocrx_word' id='word_1_578' title='bbox 660 3982 763 4042; x_wconf 80' lang='grc' dir='ltr'><strong><em>αίῶνα.</em></strong></span> <span class='ocrx_word' id='word_1_579' title='bbox 800 3919 854 4041; x_wconf 81' lang='grc' dir='ltr'><strong><em>λου</em></strong></span> <span class='ocrx_word' id='word_1_580' title='bbox 867 4002 920 4043; x_wconf 91' lang='grc' dir='ltr'><strong><em>σου</em></strong></span> <span class='ocrx_word' id='word_1_581' title='bbox 932 3976 1037 4053; x_wconf 84' lang='grc' dir='ltr'><strong><em>λέγων,</em></strong></span> <span class='ocrx_word' id='word_1_582' title='bbox 1055 3975 1139 4041; x_wconf 83' lang='grc' dir='ltr'><strong><em>οἶκον</em></strong></span> <span class='ocrx_word' id='word_1_583' title='bbox 1150 3971 1337 4060; x_wconf 75' lang='grc' dir='ltr'><strong><em>οἰκοδομήσω</em></strong></span> <span class='ocrx_word' id='word_1_584' title='bbox 1352 4001 1408 4038; x_wconf 92' lang='grc' dir='ltr'><strong><em>σοι.</em></strong></span> 
     </span>
     <span class='ocr_line' id='line_1_47' title="bbox 156 4049 1409 4144; baseline -0.002 -20"><span class='ocrx_word' id='word_1_585' title='bbox 156 4058 186 4101; x_wconf 85' lang='lat'><strong><em>¹⁴</em></strong></span> <span class='ocrx_word' id='word_1_586' title='bbox 199 4058 258 4136; x_wconf 80' lang='grc' dir='ltr'><strong><em>ἐγώ</em></strong></span> <span class='ocrx_word' id='word_1_587' title='bbox 276 4062 379 4141; x_wconf 79' lang='grc' dir='ltr'><strong><em>ἔσομαι</em></strong></span> <span class='ocrx_word' id='word_1_588' title='bbox 397 4057 481 4141; x_wconf 73' lang='grc' dir='ltr'><strong><em>αὐτῷ</em></strong></span> <span class='ocrx_word' id='word_1_589' title='bbox 499 4064 538 4134; x_wconf 82' lang='grc' dir='ltr'><strong><em>εἰς</em></strong></span> <span class='ocrx_word' id='word_1_590' title='bbox 553 4063 688 4140; x_wconf 85' lang='grc' dir='ltr'><strong><em>πατέρα,</em></strong></span> <span class='ocrx_word' id='word_1_591' title='bbox 713 4060 765 4123; x_wconf 81' lang='grc' dir='ltr'><strong><em>καὶ</em></strong></span> <span class='ocrx_word' id='word_1_592' title='bbox 801 4057 851 4124; x_wconf 82' lang='grc' dir='ltr'><strong><em>διὰ</em></strong></span> <span class='ocrx_word' id='word_1_593' title='bbox 863 4064 954 4125; x_wconf 83' lang='grc' dir='ltr'><strong><em>τοῦτο</em></strong></span> <span class='ocrx_word' id='word_1_594' title='bbox 967 4049 1078 4144; x_wconf 82' lang='grc' dir='ltr'><strong><em>εύρενὸ</em></strong></span> <span class='ocrx_word' id='word_1_595' title='bbox 1093 4053 1199 4131; x_wconf 81' lang='grc' dir='ltr'><strong><em>δοῦλός</em></strong></span> <span class='ocrx_word' id='word_1_596' title='bbox 1209 4082 1261 4121; x_wconf 91' lang='grc' dir='ltr'><strong><em>σου</em></strong></span> <span class='ocrx_word' id='word_1_597' title='bbox 1271 4062 1325 4140; x_wconf 83' lang='grc' dir='ltr'><strong><em>τήν</em></strong></span> <span class='ocrx_word' id='word_1_598' title='bbox 1334 4084 1409 4138; x_wconf 86' lang='grc' dir='ltr'><strong><em>καρ-</em></strong></span> 
     </span>
     <span class='ocr_line' id='line_1_48' title="bbox 158 4135 1409 4243; baseline -0.002 -36"><span class='ocrx_word' id='word_1_599' title='bbox 158 4140 250 4216; x_wconf 80' lang='grc' dir='ltr'><strong><em>αὐτὸς</em></strong></span> <span class='ocrx_word' id='word_1_600' title='bbox 262 4144 346 4205; x_wconf 75' lang='grc' dir='ltr'><strong><em>ἔσται</em></strong></span> <span class='ocrx_word' id='word_1_601' title='bbox 354 4166 411 4243; x_wconf 86' lang='grc' dir='ltr'><strong><em>μοι</em></strong></span> <span class='ocrx_word' id='word_1_602' title='bbox 424 4146 463 4218; x_wconf 76' lang='grc' dir='ltr'><strong><em>εἰς</em></strong></span> <span class='ocrx_word' id='word_1_603' title='bbox 473 4139 547 4207; x_wconf 81' lang='grc' dir='ltr'><strong><em>υἶύν.</em></strong></span> <span class='ocrx_word' id='word_1_604' title='bbox 560 4147 611 4208; x_wconf 79' lang='grc' dir='ltr'><strong><em>καί</em></strong></span> <span class='ocrx_word' id='word_1_605' title='bbox 624 4142 764 4234; x_wconf 80' lang='grc' dir='ltr'><strong><em>ἒδινέλθη</em></strong></span> <span class='ocrx_word' id='word_1_606' title='bbox 801 4143 867 4208; x_wconf 86' lang='grc' dir='ltr'><strong><em>διἀν</em></strong></span> <span class='ocrx_word' id='word_1_607' title='bbox 888 4144 995 4206; x_wconf 80' lang='grc' dir='ltr'><strong><em>ἑαυτοῦ</em></strong></span> <span class='ocrx_word' id='word_1_608' title='bbox 1017 4146 1073 4206; x_wconf 81' lang='grc' dir='ltr'><strong><em>τοῦ</em></strong></span> <span class='ocrx_word' id='word_1_609' title='bbox 1093 4135 1316 4227; x_wconf 84' lang='grc' dir='ltr'><strong><em>προςεύξασθαι</em></strong></span> <span class='ocrx_word' id='word_1_610' title='bbox 1333 4142 1409 4226; x_wconf 88' lang='grc' dir='ltr'><strong><em>πρὸς</em></strong></span> 
     </span>
     <span class='ocr_line' id='line_1_49' title="bbox 157 4220 1408 4310; baseline 0 -21"><span class='ocrx_word' id='word_1_611' title='bbox 157 4223 176 4309; x_wconf 81' lang='grc' dir='ltr'><strong><em>ή</em></strong></span> <span class='ocrx_word' id='word_1_612' title='bbox 200 4223 301 4290; x_wconf 81' lang='grc' dir='ltr'><strong><em>ἀδικία</em></strong></span> <span class='ocrx_word' id='word_1_613' title='bbox 326 4229 438 4301; x_wconf 84' lang='grc' dir='ltr'><strong><em>αυτοῦ,</em></strong></span> <span class='ocrx_word' id='word_1_614' title='bbox 464 4228 515 4290; x_wconf 80' lang='grc' dir='ltr'><strong><em>καὶ</em></strong></span> <span class='ocrx_word' id='word_1_615' title='bbox 541 4226 649 4304; x_wconf 76' lang='grc' dir='ltr'><strong><em>ἐλέγξω</em></strong></span> <span class='ocrx_word' id='word_1_616' title='bbox 672 4223 765 4291; x_wconf 80' lang='grc' dir='ltr'><strong><em>αὐτὸν</em></strong></span> <span class='ocrx_word' id='word_1_617' title='bbox 802 4223 836 4290; x_wconf 75' lang='grc' dir='ltr'><strong><em>σέ</em></strong></span> <span class='ocrx_word' id='word_1_618' title='bbox 846 4225 900 4308; x_wconf 86' lang='grc' dir='ltr'><strong><em>τήν</em></strong></span> <span class='ocrx_word' id='word_1_619' title='bbox 916 4223 1076 4310; x_wconf 83' lang='grc' dir='ltr'><strong><em>προςευχήν</em></strong></span> <span class='ocrx_word' id='word_1_620' title='bbox 1087 4220 1209 4305; x_wconf 89' lang='grc' dir='ltr'><strong><em>ταύτην.</em></strong></span> <span class='ocrx_word' id='word_1_621' title='bbox 1248 4224 1279 4266; x_wconf 84' lang='lat'><strong><em>²⁸</em></strong></span> <span class='ocrx_word' id='word_1_622' title='bbox 1292 4227 1342 4287; x_wconf 82' lang='grc' dir='ltr'><strong><em>καί</em></strong></span> <span class='ocrx_word' id='word_1_623' title='bbox 1356 4231 1408 4289; x_wconf 82' lang='grc' dir='ltr'><strong><em>νῦν</em></strong></span> 
     </span>
     <span class='ocr_line' id='line_1_50' title="bbox 157 4303 1407 4396; baseline 0 -24"><span class='ocrx_word' id='word_1_624' title='bbox 157 4311 188 4372; x_wconf 77' lang='grc' dir='ltr'><strong><em>έν</em></strong></span> <span class='ocrx_word' id='word_1_625' title='bbox 200 4304 301 4393; x_wconf 83' lang='grc' dir='ltr'><strong><em>ῥάβδῳ</em></strong></span> <span class='ocrx_word' id='word_1_626' title='bbox 319 4304 450 4390; x_wconf 79' lang='grc' dir='ltr'><strong><em>ἀνδρῶν,</em></strong></span> <span class='ocrx_word' id='word_1_627' title='bbox 476 4311 527 4374; x_wconf 82' lang='grc' dir='ltr'><strong><em>καὶ</em></strong></span> <span class='ocrx_word' id='word_1_628' title='bbox 540 4312 571 4374; x_wconf 82' lang='grc' dir='ltr'><strong><em>ἒν</em></strong></span> <span class='ocrx_word' id='word_1_629' title='bbox 586 4306 678 4391; x_wconf 82' lang='grc' dir='ltr'><strong><em>ἁφαῖς</em></strong></span> <span class='ocrx_word' id='word_1_630' title='bbox 692 4313 765 4375; x_wconf 81' lang='grc' dir='ltr'><strong><em>υἶών</em></strong></span> <span class='ocrx_word' id='word_1_631' title='bbox 801 4304 886 4396; x_wconf 85' lang='grc' dir='ltr'><strong><em>κύριέ</em></strong></span> <span class='ocrx_word' id='word_1_632' title='bbox 894 4333 951 4390; x_wconf 90' lang='grc' dir='ltr'><strong><em>μου</em></strong></span> <span class='ocrx_word' id='word_1_633' title='bbox 962 4303 1052 4391; x_wconf 89' lang='grc' dir='ltr'><strong><em>κύριε,</em></strong></span> <span class='ocrx_word' id='word_1_634' title='bbox 1066 4307 1101 4372; x_wconf 89' lang='grc' dir='ltr'><strong><em>ού</em></strong></span> <span class='ocrx_word' id='word_1_635' title='bbox 1115 4305 1143 4370; x_wconf 81' lang='grc' dir='ltr'><strong><em>εἶ</em></strong></span> <span class='ocrx_word' id='word_1_636' title='bbox 1152 4305 1233 4382; x_wconf 86' lang='grc' dir='ltr'><strong><em>θεὸς,</em></strong></span> <span class='ocrx_word' id='word_1_637' title='bbox 1245 4309 1298 4372; x_wconf 88' lang='grc' dir='ltr'><strong><em>καὶ</em></strong></span> <span class='ocrx_word' id='word_1_638' title='bbox 1311 4313 1341 4372; x_wconf 80' lang='grc' dir='ltr'><strong><em>οἱ</em></strong></span> <span class='ocrx_word' id='word_1_639' title='bbox 1354 4305 1407 4372; x_wconf 88' lang='grc' dir='ltr'><strong><em>λό-</em></strong></span> 
     </span>
     <span class='ocr_line' id='line_1_51' title="bbox 156 4385 1407 4477; baseline 0 -20"><span class='ocrx_word' id='word_1_640' title='bbox 156 4387 337 4477; x_wconf 89' lang='grc' dir='ltr'><strong><em>ἀνθρώπων.</em></strong></span> <span class='ocrx_word' id='word_1_641' title='bbox 376 4385 452 4456; x_wconf 77' lang='grc' dir='ltr'><strong><em>15τὸ</em></strong></span> <span class='ocrx_word' id='word_1_642' title='bbox 479 4391 511 4458; x_wconf 80' lang='grc' dir='ltr'><strong><em>δὲ</em></strong></span> <span class='ocrx_word' id='word_1_643' title='bbox 529 4388 613 4466; x_wconf 62' lang='grc' dir='ltr'><strong><em>ἔλεός</em></strong></span> <span class='ocrx_word' id='word_1_644' title='bbox 631 4418 691 4475; x_wconf 88' lang='grc' dir='ltr'><strong><em>μου</em></strong></span> <span class='ocrx_word' id='word_1_645' title='bbox 709 4390 764 4456; x_wconf 87' lang='grc' dir='ltr'><strong><em>σύκ</em></strong></span> <span class='ocrx_word' id='word_1_646' title='bbox 801 4417 849 4470; x_wconf 92' lang='grc' dir='ltr'><strong><em>γοι</em></strong></span> <span class='ocrx_word' id='word_1_647' title='bbox 862 4417 918 4457; x_wconf 89' lang='grc' dir='ltr'><strong><em>σου</em></strong></span> <span class='ocrx_word' id='word_1_648' title='bbox 932 4393 1051 4457; x_wconf 75' lang='grc' dir='ltr'><strong><em>ἔσονται</em></strong></span> <span class='ocrx_word' id='word_1_649' title='bbox 1064 4389 1220 4474; x_wconf 84' lang='grc' dir='ltr'><strong><em>ἀληθινοὶ,</em></strong></span> <span class='ocrx_word' id='word_1_650' title='bbox 1240 4394 1291 4455; x_wconf 82' lang='grc' dir='ltr'><strong><em>καὶ</em></strong></span> <span class='ocrx_word' id='word_1_651' title='bbox 1302 4388 1407 4475; x_wconf 78' lang='grc' dir='ltr'><strong><em>ἐλάλη-</em></strong></span> 
     </span>
     <span class='ocr_line' id='line_1_52' title="bbox 155 4470 1408 4564; baseline -0.001 -23"><span class='ocrx_word' id='word_1_652' title='bbox 155 4470 318 4560; x_wconf 87' lang='grc' dir='ltr'><strong><em>ἀποστήσω</em></strong></span> <span class='ocrx_word' id='word_1_653' title='bbox 329 4473 379 4541; x_wconf 87' lang='grc' dir='ltr'><strong><em>ἀπ’</em></strong></span> <span class='ocrx_word' id='word_1_654' title='bbox 393 4473 489 4541; x_wconf 77' lang='grc' dir='ltr'><strong><em>αὐτοῦ</em></strong></span> <span class='ocrx_word' id='word_1_655' title='bbox 498 4473 602 4550; x_wconf 83' lang='grc' dir='ltr'><strong><em>καθώς</em></strong></span> <span class='ocrx_word' id='word_1_656' title='bbox 611 4472 764 4558; x_wconf 84' lang='grc' dir='ltr'><strong><em>ἀπέστησα</em></strong></span> <span class='ocrx_word' id='word_1_657' title='bbox 803 4501 856 4552; x_wconf 84' lang='grc' dir='ltr'><strong><em>σας</em></strong></span> <span class='ocrx_word' id='word_1_658' title='bbox 874 4470 950 4564; x_wconf 75' lang='grc' dir='ltr'><strong><em>ὑπὲρ</em></strong></span> <span class='ocrx_word' id='word_1_659' title='bbox 970 4479 1026 4540; x_wconf 83' lang='grc' dir='ltr'><strong><em>τοῦ</em></strong></span> <span class='ocrx_word' id='word_1_660' title='bbox 1045 4472 1155 4542; x_wconf 88' lang='grc' dir='ltr'><strong><em>δούλου</em></strong></span> <span class='ocrx_word' id='word_1_661' title='bbox 1173 4501 1227 4541; x_wconf 89' lang='grc' dir='ltr'><strong><em>σου</em></strong></span> <span class='ocrx_word' id='word_1_662' title='bbox 1245 4473 1283 4540; x_wconf 88' lang='grc' dir='ltr'><strong><em>τά</em></strong></span> <span class='ocrx_word' id='word_1_663' title='bbox 1302 4473 1408 4555; x_wconf 84' lang='grc' dir='ltr'><strong><em>ἀγαθά</em></strong></span> 
     </span>
    </p>

    <p class='ocr_par' dir='ltr' id='par_1_3' title="bbox 1279 4585 1405 4627">
     <span class='ocr_line' id='line_1_53' title="bbox 1279 4585 1405 4627; baseline -0.048 0"><span class='ocrx_word' id='word_1_664' title='bbox 1279 4601 1281 4606; x_wconf 92' lang='grc'>-</span> <span class='ocrx_word' id='word_1_665' title='bbox 1305 4585 1405 4627; x_wconf 89' lang='grc' dir='ltr'><strong><em>ταυτα.</em></strong></span> 
     </span>
    </p>
   </div>
   <div class='ocr_carea' id='block_1_3' title="bbox 0 0 1469 4972">
    <p class='ocr_par' dir='ltr' id='par_1_4' title="bbox 0 0 1469 4972">
     <span class='ocr_line' id='line_1_54' title="bbox 0 0 1469 4972; baseline 0 0"><span class='ocrx_word' id='word_1_666' title='bbox 0 0 1469 4972; x_wconf 95' lang='lat' dir='ltr'><strong><em> </em></strong></span> 
     </span>
    </p>
   </div>
  </div>
 </body>
</html>
