2924 4972
163 226 228 296 404
330 225 623 290 ΒΑΣΙΛΕΙΩΝ
647 225 883 289 ΊΕΤΑΡΊἬ
923 221 1263 303 Κεο.κδ’.κε’.λί.95.

202 403 216 431 Ἰ
297 445 311 460 0
347 430 356 452 C
391 436 399 455 Ι
505 429 515 452 2
560 436 576 449 u
600 429 609 450 2
638 434 647 455 Ι
874 435 882 456 ρ
956 427 965 449 δ
1011 433 1025 447 ⁸
1124 430 1131 452 λ
1185 427 1192 447 Ι
1351 449 1365 462 ”

166 405 236 499 [Ὧν
258 459 324 508 ταις
343 458 460 520 ημεραις
479 456 575 497 αυτου
592 435 663 517 ανεβ
700 434 773 494 Να-
808 430 915 505 σιλειας
928 455 1033 494 αυτου.
1047 430 1130 494 11ιιαι
1143 432 1291 513 ἐξήνεγκεν
1303 439 1420 502 έκειθεν

165 512 384 609 βουχοδονόσορ
413 513 550 602 βασιλεύς
574 458 771 601 Βαβυλῶνος,
806 509 923 588 πάντας
934 511 1006 588 τοὺς
1021 513 1194 599 θησαυρούς
1207 516 1292 581 οἴκου
1304 527 1420 604 κυρίου,

164 608 216 670 καί
226 597 577 705 ίγενήθηαύτῷἸιοακὶμ
587 597 694 673 δοῦλος
704 603 773 683 τρία
807 599 859 661 καί
874 596 948 671 τούς
965 595 1138 682 θησαυροὺς
1156 598 1243 663 οἴκου
1259 604 1316 666 τοῦ
1332 606 1420 688 βασι-

166 691 234 770 έτη,
258 689 310 749 καί
329 685 492 767 ἐπέστρεψε
509 708 561 748 και
579 680 723 764 ήθέτησεν
742 684 773 745 έν
807 679 896 756 λέας,
922 681 974 744 καί
994 683 1142 764 συνέκοψε
1159 677 1262 746 πάντα
1278 681 1318 749 τὰ
1331 684 1420 773 σκεύη

165 769 260 853 αύτῷ.
298 768 377 832 2καί
401 763 552 832 ἀπέστειλε
567 762 670 848 κύριος
687 761 771 847 αύτῷ
806 763 846 828 τόι
858 759 990 868 χρυσᾶἀ
1002 765 1121 848 ἐποίησε
1129 763 1419 856 Σαλωμώνόβασι.

164 851 236 927 τοὺς
246 845 432 932 μονοξιύνους
444 855 506 915 τῶν
517 849 697 924 Χαλδαίων,
722 848 773 910 καί
806 845 871 922 λεὺς
893 844 1007 932 Ισραήλ
1025 849 1057 909 ἰν
1072 850 1119 930 τῷ
1136 852 1201 930 ναῷ
1213 856 1319 933 κυρίου
1337 854 1419 918 κατὰ

163 929 443 1015 τούςμονοζούνους
467 937 596 1017 Συρίας,
625 929 773 1004 καὶτοὺς
806 927 842 993 τὸ
862 933 941 1016 ρ’ήμα
957 935 1071 1014 κυρίου.
1100 929 1196 997 11καί
1213 930 1344 1016 ἀπῴκισε
1361 935 1419 1020 τήν

162 1011 349 1103 μονοζιύνους
361 1016 483 1101 Μωάβ,
495 1020 545 1080 καί
556 1011 628 1089 τούς
638 1014 773 1096 μονοζιύ·
801 1010 996 1098 Ἰερουσαλήμ
1013 1014 1066 1076 καὶ
1084 1008 1201 1088 πάντας
1216 1016 1289 1094 τούς
1305 1015 1345 1104 ἀρ
1363 1045 1417 1084 ον-

162 1127 232 1176 νους
254 1102 328 1163 υἱῶν
340 1097 483 1183 Ἀμμών,
508 1100 560 1163 καί
577 1097 772 1175 ἐξαπέστειλεν
805 1122 861 1171 τας
872 1099 923 1160 καὶ
934 1095 1006 1169 τούς
1018 1095 1165 1172 δυνατούς
1178 1044 1417 1183 ὶυχύΐαίχμαλοι-

163 1180 275 1257 αύτούς
293 1185 324 1246 ἕν
335 1186 373 1277 τή
390 1186 430 1287 γή
444 1179 547 1248 Ἰούδα
562 1185 619 1246 τοῦ
632 1205 699 1245 κατι
738 1183 772 1243 ῦ-
807 1185 874 1255 σίας
890 1180 963 1243 δέκα
978 1175 1111 1264 χιλιάδας
1129 1180 1346 1265 αἰχμαλωτίσας
1362 1187 1417 1251 καὶ

163 1296 214 1334 σαι
227 1264 305 1331 κατὰ
318 1266 372 1332 τὸν
388 1265 482 1344 λογον
498 1269 600 1351 κυρίου
616 1260 651 1328 ὃν
663 1205 772 1345 ἐλάλη-
806 1268 868 1328 πᾶν
879 1264 1005 1327 τέκτονα
1016 1264 1069 1326 καί
1080 1261 1135 1327 τὸν
1149 1264 1349 1343 συγκλείοντα,
1362 1273 1415 1333 καί

162 1378 210 1418 οεν
235 1352 267 1414 έν
289 1349 361 1436 χειρί
384 1354 446 1413 τῶν
464 1345 580 1414 δούλιον
599 1345 692 1412 αὐτοῦ
711 1350 772 1410 τῶν
807 1344 862 1431 οὐχ
889 1342 1056 1429 ὑπελείφθη
1080 1345 1158 1429 πλήν
1183 1352 1214 1412 οἱ
1230 1352 1346 1434 πτωχοί
1362 1356 1415 1434 τῆς

162 1438 338 1539 προφητῶν.
363 1430 468 1515 1πλήν
481 1435 531 1496 ἐπὶ
543 1430 597 1496 τὸν
608 1430 708 1512 θυμὸν
719 1455 771 1492 κυ-
805 1434 868 1512 γῆς.
903 1429 997 1493 11καί
1015 1424 1147 1512 ἀπῴκισε
1164 1428 1216 1494 τόν
1235 1428 1358 1517 Ἰωαχίμ
1375 1440 1415 1508 είς

161 1524 230 1603 ρίου
248 1541 285 1619 ην
302 1516 333 1579 έν
344 1517 389 1596 τῷ
404 1511 506 1578 Ἰούδα
522 1510 696 1595 ἀποστῆσαι
715 1509 771 1576 αύ-
806 1511 981 1599 Βαβυλῶνα
998 1515 1049 1576 καί
1066 1510 1121 1595 τήν
1132 1517 1246 1598 μητέρα
1262 1521 1317 1581 τοῦ
1328 1520 1411 1601 βασι-

161 1599 218 1665 τὸν
247 1593 310 1664 απὸ
337 1598 395 1661 τοῦ
418 1592 584 1682 προςιύπου
615 1593 710 1660 αὐτοῦ
740 1597 772 1658 ἓν
806 1595 894 1670 λέως,
912 1597 963 1658 καί
974 1594 1029 1671 τὰς
1039 1606 1179 1672 γυναῖκας
1192 1601 1247 1661 τοῦ
1257 1601 1414 1685 βασιλέως,

162 1678 320 1769 ἁμαρτίαις
334 1683 485 1783 Μανασσή
504 1675 583 1743 κατὰ
594 1672 695 1742 πάντα
710 1674 770 1743 ἀσα
805 1681 857 1741 καὶ
880 1678 949 1753 τοὺς
966 1676 1121 1762 εὐνούχους
1142 1679 1245 1744 αὐτοῦ.
1276 1686 1327 1747 καί
1343 1680 1414 1758 τούς

162 1768 290 1849 ἐποίησε.
315 1763 332 1804 ⁴
345 1767 397 1826 καί
407 1787 439 1840 γι
451 1787 488 1826 το
501 1761 574 1845 αίμα
590 1759 696 1825 ἀθῶον
709 1762 770 1837 ίξέ-
807 1760 941 1848 ἰσχυροὺς
952 1765 1005 1844 τῆς
1016 1766 1071 1845 γῆς
1083 1759 1233 1845 ἀπήγαγεν
1242 1768 1281 1839 είς
1290 1761 1415 1829 ἀποικε-

160 1873 217 1935 xa,
231 1849 282 1911 καί
294 1846 400 1930 έπλησε
412 1841 664 1931 τήνἸερουσαλήμ
677 1848 769 1924 α’ίμα-
806 1850 874 1910 σίαν
898 1846 929 1920 ἐξ
948 1841 1139 1929 Ἰερουσαλήμ
1165 1851 1204 1921 είς
1226 1846 1412 1932 Βαβυλῶνα.

161 1956 213 2005 τος
232 1925 355 2005 ἀθιύου,
380 1929 432 1992 καὶ
449 1925 505 1992 ούκ
524 1925 651 2011 ἠθέλησε
668 1922 770 2012 κύριος
805 1929 896 1994 11καί
913 1921 1030 2003 πάντας
1047 1928 1118 2002 τούς
1135 1926 1242 2013 ἀνδρας
1253 1934 1306 2006 τῆς
1319 1928 1413 1996 δυνό-

163 2013 336 2097 ίλασθήναι.
355 2010 432 2076 6καί
443 2011 483 2076 τὰ
496 2006 587 2075 λοιπά
599 2016 661 2075 τῶν
672 2008 769 2089 λόγιον
803 2037 878 2093 μεας
890 2011 1134 2096 έπτακιςχιλίους,
1156 2014 1208 2075 καί
1220 2011 1274 2077 τὸν
1284 2014 1413 2080 τέκτονα

158 2093 282 2179 Ἰιοακίμ
294 2096 345 2162 καί
357 2090 457 2161 πάντα
473 2089 532 2160 ὅσα
546 2096 695 2178 ἐποίησεν,
713 2091 768 2158 οὐκ
804 2096 855 2159 καί
877 2093 931 2162 τὸν
950 2095 1141 2173 συγκλείοντα
1158 2095 1276 2179 χιλίους.
1302 2093 1412 2174 πάντες

163 2178 230 2245 ἰδού
238 2184 337 2245 ταῦτα
347 2181 529 2266 γεγραμμένα
541 2179 591 2244 ἐπὶ
599 2177 705 2266 βιβλία
713 2171 768 2241 λό-
803 2180 927 2245 δυνατοί
939 2182 1094 2254 ποιοῦντες
1106 2176 1243 2262 πόλεμον.
1270 2182 1322 2245 καί
1333 2179 1411 2263 ήγα-

161 2288 223 2343 γιον
234 2267 294 2328 τῶν
307 2258 424 2350 ήμερῶν
436 2272 497 2337 τοῖς
508 2260 673 2348 βασιλεῦσιν
688 2243 768 2325 Ἰού·
803 2287 851 2341 γεν
869 2259 981 2338 αὐτούς
995 2261 1133 2347 βασιλεὺς
1145 2264 1331 2349 Βαβυλῶνος
1342 2290 1411 2346 μετ-

161 2348 201 2414 δα
203 2376 216 2427 ,·
242 2349 258 2391 ⁶
270 2348 320 2411 καί
333 2342 476 2431 ἐκοιμήθη
486 2343 608 2428 Ἰονακίμ
620 2342 694 2428 μετά
706 2346 768 2408 τῶν
804 2350 933 2411 οικεσίαν
946 2350 985 2421 εἰς
997 2346 1179 2431 Βαβυλῶνα.
1205 2349 1410 2433 11καὶέβασί-

160 2432 297 2517 πατέριον
308 2429 413 2505 αὐτοῦ,
426 2431 478 2495 καὶ
488 2429 669 2516 ἐβασίλευσεν
678 2425 768 2495 Ἰοοιι-
803 2428 884 2495 λευοε
899 2424 1035 2515 βασιλεὺς
1052 2430 1237 2515 Βαβυλῶνος
1254 2430 1308 2496 τὸν
1319 2436 1409 2496 Βατ-

159 2516 210 2601 χίμ
224 2512 287 2591 υίὸς
305 2512 400 2580 αὐτοῦ
419 2510 481 2578 ἀντ’
497 2512 603 2579 αὐτοῦ.
641 2513 718 2577 7καὶ
730 2506 766 2575 ού
803 2520 914 2578 θανίαν
938 2511 1004 2578 υἱόν
1026 2511 1123 2577 αὐτοῦ
1140 2511 1201 2578 ἀντ’
1223 2511 1333 2591 αὐτοῦ,
1358 2518 1409 2580 καί

159 2601 323 2685 προςὲθιτο
337 2600 379 2664 έτι
391 2595 529 2683 βασιλεύς
540 2592 703 2675 Αἰγύπτου
720 2596 766 2671 ἔξ-
803 2600 931 2681 ἔπέθηκε
956 2593 993 2661 τὸ
1017 2594 1112 2680 ὄνομα
1137 2596 1250 2672 αὐτοῦ,
1274 2599 1406 2664 Σεδεκία.

159 2683 256 2746 ελθεῖν
280 2685 383 2764 ἕντῆς
399 2685 453 2762 γής
470 2678 581 2756 αάτοῦ,
608 2675 656 2742 ὅτι
675 2676 765 2761 ἐλαβι
802 2680 831 2722 ¹⁸
844 2677 906 2757 υίὸς
924 2680 1016 2746 εἴκοσι
1027 2682 1079 2744 καί
1090 2678 1154 2755 ε’νός
1167 2683 1308 2746 ἐνιαυτῶν
1320 2683 1407 2747 Σεδε-

157 2760 294 2851 βασιλεύς
307 2760 491 2848 Βαβυλῶνος
504 2759 567 2826 ἀπὸ
580 2766 638 2824 τοῦ
648 2760 765 2867 χειμύρ-
802 2769 868 2838 κίας
880 2767 911 2828 ἰν
923 2768 967 2846 τῷ
979 2759 1137 2848 βασιλεύειν
1149 2761 1251 2841 αὐτὸν,
1266 2767 1317 2830 καί
1330 2767 1407 2831 ένδι-

158 2851 212 2932 ῥου
225 2840 388 2924 Αἰγύπτου
406 2848 461 2918 ἕως
473 2847 532 2909 τού
547 2849 689 2925 ποταμοῦ
702 2851 764 2908 Ευ-
800 2872 841 2910 κα
853 2851 904 2932 έτη
915 2847 1096 2933 ἔβασιλευσεν
1104 2850 1135 2911 ἐν
1143 2843 1345 2933 Ἰερουσαλήμ,
1356 2843 1407 2913 καί

158 2925 275 3015 φράτυυ
294 2923 395 2993 πόντα
411 2922 471 2992 ὅσα
492 2916 528 3012 ἦν
546 2931 603 2992 τοῦ
619 2925 764 3013 βασιλέως
800 2928 896 3015 ὄνομα
909 2935 947 3014 τῆ
959 2933 1048 3019 μητρί
1060 2928 1157 2996 αὐτοῦ
1169 2930 1294 3015 Ἀμιτάλ
1307 2929 1405 3011 θυγά-

157 3007 329 3089 Αίγύπτου.
362 3011 379 3052 1
392 3005 456 3085 υἱός
474 3007 673 3076 ὀκτωκαίδεκα
687 3016 763 3079 ἐτῶν
799 3037 855 3099 τηρ
862 3002 1010 3099 Ἱερεμίου.
1028 3016 1120 3079 19καί
1133 3016 1299 3098 ἐποίησετὰ
1312 3040 1406 3101 πονη-

153 3093 276 3179 Ἰωαχίμ
295 3095 326 3157 ἐν
342 3088 560 3241 τῷβμσιλεύειν
577 3093 685 3172 αὐτὸν,
711 3099 763 3162 καί
823 3097 854 3161 ’ν
871 3092 997 3162 ίνιόπιον
1012 3106 1115 3183 κυρίου
1134 3096 1210 3164 κατά
1228 3095 1329 3164 πάντα
1345 3094 1405 3164 ὅσα

155 3183 296 3282 τρίμηνον
312 3178 387 3264 έβασ
430 3199 493 3242 υοεν
509 3178 541 3242 έν
560 3172 762 3279 Ἰερουσαλήμ,
799 3121 933 3262 ίίίοίησεν
947 3178 1077 3265 Ἰιοακίμ.
1104 3185 1134 3225 ²⁰
1148 3178 1196 3246 ὅτι
1213 3185 1264 3248 ίπί
1278 3179 1333 3249 τὸν
1344 3191 1403 3246 θυ-

155 3262 206 3326 καί
233 3259 327 3344 όνομα
348 3263 387 3352 τῇ
411 3261 498 3348 μητρί
522 3257 618 3327 αύτου
636 3265 761 3341 Νέσίὶα,
796 3259 854 3346 μόν
869 3269 972 3371 κυρίου
992 3253 1027 3350 ήν
1039 3268 1090 3331 ἐπὶ
1102 3261 1295 3350 Ἰερουσαλήμ
1309 3267 1360 3329 καί
1372 3269 1403 3330 ἐν

153 3340 292 3472 θυγάτηρ
318 3343 532 3429 ’Βλλανασθάμ
557 3342 761 3432 ἔξἸερουυα-
798 3344 965 3430 τῷἸουδα,
979 3345 1400 3436 ίίυςάπέβραμεναάτούςάπὸ

153 3424 221 3514 λήμ.
290 3431 342 3497 καὶ
366 3432 485 3514 ἐποίησε
512 3427 548 3494 τό
573 3430 706 3518 πονηρὸν
730 3435 761 3496 ἐν
797 3428 959 3517 προςούπου
979 3430 1081 3499 αύτού.
1108 3436 1158 3499 καί
1178 3431 1401 3518 ἦθέτηοεΣεδε-

153 3511 325 3598 ὀφθαλμοῖς
350 3520 453 3600 κυρίου
478 3511 557 3578 κατά
578 3511 682 3580 πάντα
701 3510 760 3581 ὅσα
797 3520 864 3591 νίας
881 3520 912 3581 ἐν
923 3521 969 3602 τῷ
980 3517 1096 3604 βασιλεῖ
1105 3517 1297 3604 Βαβυλῶνος.

151 3598 288 3678 ἐποίησεν
301 3594 318 3662 ὁ
332 3596 431 3683 πατήρ
445 3593 549 3662 αῧτοῦ.
562 3597 681 3683 1οἔντῷ
693 3623 760 3662 και-
976 3606 1010 3665 Κ
1021 3607 1051 3664 E
1066 3604 1103 3663 Φ.
1147 3597 1230 3664 KE'.

150 3683 195 3764 ριῖν
209 3682 307 3762 ἐκείνῳ
318 3678 409 3767 ἀνέβη
419 3676 758 3768 Ναβουχοδονόσορβα·
795 3648 882 3748 Καὶ
901 3679 1025 3767 ἐγενήθη
1042 3685 1074 3744 έν
1089 3687 1135 3763 τῷ
1151 3685 1207 3744 ἔτει
1224 3684 1271 3758 τῷ
1286 3680 1401 3763 ε’κυοίτῳ

150 3744 245 3837 σιλεύς
254 3764 439 3850 Βαβυλῶνος
449 3760 697 3850 είςἸερουσαλήμ,
707 3767 758 3829 καί
794 3769 849 3847 τῆς
854 3764 1010 3865 βασιλείας
1034 3761 1128 3824 αύτοῦ
1152 3766 1184 3823 ἐν
1210 3763 1254 3856 τιβ
1272 3762 1342 3837 μηνί
1355 3768 1401 3838 τῷ

149 3833 239 3928 ήλθεν
256 3843 274 3931 ή
292 3842 379 3923 πόλις
393 3852 423 3912 έν
440 3850 570 3933 περιοχή.
595 3850 621 3889 11
633 3850 686 3911 καί
701 3852 757 3922 είς-
794 3846 918 3928 δεκατῳ,
938 3835 1013 3927 ἦλθε
1025 3841 1298 3926 Ναβουχοδονοσορ
1311 3834 1328 3900 ὁ
1334 3843 1399 3938 βα-

148 3928 239 4013 ῆλθεν
248 3925 520 4018 Ναβουχοδονόσορ
539 3919 674 4016 βασιλεὺς
684 3933 756 3993 Βα-
794 3925 888 4000 σιλςύς
900 3924 1098 4011 Βαβυλῶνος,
1112 3924 1163 3985 καί
1174 3921 1261 3984 πᾶσα
1275 3918 1292 4004 ή
1306 3922 1398 3986 δυνα-

146 4013 277 4099 βυλῶνος
295 4019 333 4113 εἷς
349 4009 451 4088 πόλιν,
476 4013 528 4075 καὶ
540 4014 572 4074 ολ
582 4009 685 4081 παῖδες
697 4007 754 4073 αύ-
790 4031 838 4087 μις
854 4006 949 4073 αὐτοῦ
963 4009 1013 4071 ἐπὶ
1028 3999 1228 4085 Ἰερουσαλήμ.
1255 4007 1305 4068 καί
1316 4033 1397 4092 παρ-

147 4101 202 4161 τοῠ
228 4095 423 4179 ἐπολιορκουν
448 4089 494 4157 ἐπ’
520 4085 620 4194 αὐτήν.
658 4092 687 4131 ¹²
703 4092 754 4155 καί
792 4090 923 4175 ενέβαλεν
940 4087 985 4156 ἐπ’
1005 4084 1114 4172 αύτήν,
1146 4089 1197 4151 καί
1212 4083 1398 4172 ᾠκοδόμησεν

147 4174 271 4260 ἐξῆλθεν
293 4173 416 4258 Ἰιοαχίμ
433 4169 565 4260 βασιλεὺς
592 4165 685 4235 Ιούδα
702 4170 753 4238 zm·
790 4171 834 4237 ἐπ’
850 4172 944 4259 αὐτήν
954 4178 1115 4256 περίτιιχος
1127 4168 1232 4252 κύκλῳ.
1252 4175 1330 4238 1καὶ
1343 4162 1395 4249 ήλ-

144 4255 271 4343 βασιλέα
293 4254 496 4354 Βαβυλῶνος,
528 4250 618 4329 αὐτὸς
643 4258 695 4322 καί
720 4262 752 4324 οί
787 4265 842 4322 θεν
858 4255 977 4336 ἡπόλις
994 4260 1026 4322 ἐν
1043 4262 1165 4341 περιοχῇ
1184 4260 1238 4330 ἕως
1251 4261 1304 4320 τοῦ
1318 4258 1396 4320 ένδτ-

144 4338 247 4413 παῖδες
260 4334 368 4414 αύτου,
381 4341 431 4402 καί
447 4333 465 4420 ή
474 4331 568 4424 μήτηρ
582 4335 687 4416 αὐτοῦ,
699 4343 750 4407 καί
788 4336 881 4406 κότου
906 4346 991 4416 ἔτους
1017 4344 1072 4402 τοῦ
1096 4329 1241 4427 βαόιλέως
1259 4340 1394 4403 Σεδεκίου

145 4424 177 4488 οἶ
201 4418 338 4506 ἀρχοντες
363 4419 472 4498 αὐτοῦ,
498 4426 548 4488 καὶ
567 4426 599 4489 ot
616 4420 749 4508 εὐνοῦχοι
788 4420 893 4508 ἒννάτη
915 4431 972 4490 τοῦ
988 4417 1085 4506 μηνός.
1121 4426 1198 4486 3καὶ
1216 4425 1393 4507 ἔνίυχυοενδ

143 4503 255 4584 αὐτοῦ,
286 4507 336 4571 καί
363 4505 470 4598 ἔλαβεν
497 4503 589 4575 αὐτὸν
611 4507 747 4596 βασιλεὺς
787 4497 965 4610 λιμὸςέντῇ
976 4503 1071 4584 πόλει,
1091 4495 1296 4590 καὶούκήσαν
1309 4504 1395 4605 ἀρτορ

1349 4613 1394 4668 το
