2924 4972
162 165 243 233 101⁸
391 157 767 226 ΜΑιιιιΑοΑιιιΝ
792 157 976 219 τουτου
1016 157 1185 233 xmus.
1453 40 1458 268 ή

157 277 318 364 γισάμενος,
330 280 382 344 καί
397 280 519 362 τραπείς
535 278 573 349 είς
584 271 639 338 τὸν
651 270 771 347 πότον,
804 275 931 357 ἐνέργεια
967 274 1023 336 τοῦ
1047 266 1149 336 πάντα
1179 270 1423 347 δεοποτεύοντσς
1455 272 1458 356 ζ

160 360 293 431 ἐκέλευσε
309 358 383 435 τούς
395 350 644 446 παραγεγονότας
660 359 700 431 είς
718 357 772 463 τήν
802 360 891 431 θεοῦ,
913 358 975 419 τῶν
986 354 1058 438 πρίν
1069 353 1152 437 αὐτῷ
1164 361 1421 440 μεμηχανημένων
1456 412 1458 445 Ι

162 451 332 529 συμποσίαν
345 444 481 527 ἀντικρυς
500 439 701 524 ἀνακλιθῆναι
714 465 771 504 αυ-
803 435 902 523 λήθην
932 436 1010 502 κατά
1036 432 1170 502 διάνοιαν
1202 434 1417 516 ίντεθειιιότος.

162 535 228 595 τοῦ.
253 531 282 572 ²⁷
295 519 332 593 ού
345 528 398 591 καί
409 528 576 607 γενομένου,
594 518 718 616 παρήνει
731 528 771 600 είς
803 524 834 564 ²⁹
847 519 865 586 ὁ
878 520 910 586 δι’
915 518 1039 606 Ἕρμων
1057 518 1219 586 ὑπεδείκνυε
1232 524 1286 587 καί
1306 522 1417 600 πάντες
1455 542 1458 629 η

162 613 290 697 εὐωχίαν
298 606 405 686 δόντας
413 609 549 684 ἑαυτοὺς,
560 607 597 672 τὸ
609 607 709 692 παρὸν
719 612 771 692 τῆς
805 609 837 670 οί
849 605 948 686 φίλοι,
973 604 1012 669 τά
1030 609 1126 687 θηρία
1144 606 1196 668 καί
1207 605 1266 679 τάς
1279 605 1417 690 δυνάμεις
1456 664 1458 671 ,

163 701 333 777 συμποσίας
349 690 477 758 ἐπιπολά
493 694 717 777 γεραιρομένους
730 695 770 767 είς
804 684 987 772 ἡτοιμάσθαι
999 687 1124 773 βασιλεύ
1136 687 1216 752 κατά
1225 687 1283 772 τῆν
1297 689 1358 773 σήν
1371 697 1415 757 ἔνι-

164 773 346 863 εὐφροσύνην
357 778 550 841 καταθέσθαι
561 778 657 858 μέρος.
671 775 770 839 22’ἐπι-
802 776 868 856 τενῆ
885 768 1039 856 πρόθεσιν.
1079 769 1142 837 ³⁰5
1159 769 1192 835 δὲ
1212 775 1264 837 ἐπὶ
1281 786 1350 849 τοῖς
1364 779 1415 860 ῥη-
1456 795 1458 820 ³

163 862 266 927 πλεῖον
284 858 316 923 δὲ
334 857 553 945 προβαινούσης
572 863 624 942 τῆς
642 854 769 960 ὁμιλίας,
802 865 881 920 θεῖσι
898 854 1069 940 πληρωθεὶς
1087 859 1175 940 βαρεῖ
1189 851 1289 939 χόλῳ,
1317 859 1415 923 διὰτὸ
1456 836 1458 947 λ

163 945 218 1009 τόν
225 941 364 1028 Ἕρμωνα
376 939 640 1026 μεταπεμψάμενος
652 967 670 1005 ο
683 946 770 1027 βασι-
801 939 871 1024 περί
889 936 1007 1003 τούτων
1023 945 1152 1023 προνοίᾳ
1165 944 1244 1004 θεοῦ
1263 941 1416 1006 διεσκεδά-

164 1027 249 1102 λεύς,
261 1027 334 1109 μετὰ
347 1031 455 1111 πικρᾶς
469 1024 589 1108 ἀπειλῆς
602 1019 769 1089 ἐπυνθάνε·
804 1031 878 1086 σθαι
891 1027 953 1086 πᾶν
965 1019 1063 1086 αύτοῦ
1072 1018 1108 1087 τό
1122 1017 1228 1105 νόημα,
1241 1026 1414 1099 ἐνατενίσας

164 1136 216 1184 το,
241 1115 320 1184 τίνος
338 1114 428 1173 ἕνεκεν
447 1114 545 1183 αἰτίας
572 1103 720 1193 εἰάθησαν
740 1111 771 1172 οί
802 1103 876 1188 μιτά
900 1104 1022 1188 ἀπειλῆς
1045 1104 1129 1169 εἶπεν.
1155 1106 1183 1148 ³¹
1197 1107 1225 1169 εί
1243 1132 1294 1171 σοι
1317 1121 1414 1186 γονεῖς

161 1192 304 1259 Ἰουδαῖοι
319 1192 373 1277 τήν
390 1196 548 1277 παροῦσαν
561 1187 674 1294 ήμέραν
686 1216 770 1274 περι·
801 1193 942 1291 παρῆσαν
955 1186 974 1272 ἢ
987 1189 1106 1254 παίδων
1118 1190 1216 1265 γοναί,
1232 1188 1322 1273 τήνδε
1335 1203 1415 1276 θηρ-

163 1275 335 1364 βεβιωκότες
346 1305 358 1354 ,·
383 1277 412 1318 ²⁰
424 1280 481 1339 τοῦ
508 1272 540 1338 δὲ
565 1274 771 1348 υποδείξιιντος
803 1274 849 1336 σίν
861 1277 976 1356 αγρίσις
988 1269 1148 1337 ἐσκεύασαν
1159 1272 1198 1336 ἀν
1210 1273 1328 1358 δαψιλῆ
1341 1285 1416 1341 θοῖ-

164 1357 270 1434 νυιιτὸς
282 1357 319 1425 τό
333 1357 498 1444 προςταγὲν
516 1359 565 1421 ἐπί
582 1357 665 1431 τέλος
679 1352 769 1441 ῆγηο-
803 1380 867 1432 ναν,
881 1353 950 1418 ἀντί
973 1359 1035 1420 τῶν
1058 1350 1247 1437 ἀνεγκλήτων
1270 1361 1338 1439 ἐμοὶ
1364 1361 1416 1423 καί

164 1449 257 1529 χέναι,
280 1443 330 1508 καί
342 1446 404 1507 τῶν
416 1441 512 1521 φίλων
525 1439 608 1523 αύτῷ
619 1465 771 1524 προςμαρ-
802 1439 963 1524 προγόνοις
977 1441 1058 1519 ἐμοῖς
1071 1436 1326 1521 ἀποδεδειγμένων
1340 1439 1415 1506 ὁλο-

164 1522 368 1611 τυρησάντων,
394 1528 426 1568 ²⁰
434 1522 486 1609 τήν
501 1520 643 1607 ὠμότητα
654 1529 771 1608 χείρονα
803 1525 888 1607 οχερῆ
892 1526 1024 1647 βεβαίαν
1036 1528 1137 1587 πίστιν
1150 1522 1268 1608 ἐξόχως,
1279 1523 1416 1590 Ἰουδαί·

168 1605 340 1691 Φαλάριδος
354 1608 482 1692 ἐσχηκώς
499 1612 571 1692 ἔφη,
597 1611 640 1690 τῷ
654 1611 706 1692 τῆς
719 1601 772 1691 οή-
803 1629 853 1669 ων.
907 1608 922 1647 2
935 1611 1038 1691 καίπερ
1051 1609 1075 1669 εί
1086 1604 1126 1689 μή
1145 1604 1194 1671 διά
1207 1604 1262 1691 τήν
1275 1613 1330 1690 τῆς
1343 1634 1415 1674 συν-

164 1715 255 1777 μερον
268 1688 352 1773 ἀπνῳ
369 1691 455 1776 χάριν
466 1693 538 1774 ἐχειν
551 1686 672 1766 αὐτούς.
698 1689 772 1756 ἀνυ·
803 1692 930 1774 τροφίας
948 1688 1078 1774 στοργήν
1097 1691 1217 1773 καὶτῆς
1234 1696 1350 1775 χρείας,
1376 1691 1411 1756 τὸ

165 1777 318 1859 περθέτως
337 1774 370 1839 δὲ
388 1779 426 1849 είς
442 1770 498 1858 τήν
513 1771 724 1840 ἔπιτελλουσαν
736 1772 773 1878 ῆ-
804 1775 855 1866 ζῆν
867 1771 934 1836 ἀντί
945 1767 1061 1838 τούτων
1073 1770 1242 1859 ἐστερήθης.
1269 1775 1299 1816 ³³
1313 1771 1414 1850 ούτως

165 1863 259 1943 μέραν
269 1855 348 1922 κατά
361 1854 398 1923 τό
412 1855 517 1940 ὅμοιον
529 1860 692 1939 ἐτοίμασον
704 1882 773 1934 τους
803 1852 821 1919 ὁ
834 1851 955 1940 Ἕρμων
979 1852 1204 1940 ἀπροςδόκητον
1219 1858 1271 1921 καί
1294 1859 1411 1923 ἐπικίν-

166 1941 330 2019 ἐλέιγαντας
343 1944 392 2007 ἐπί
405 1943 457 2005 τὸν
467 1945 527 2005 τῶν
536 1938 685 2022 ἀθεμίτων
693 1938 772 2005 'Iov-
803 1940 890 2005 δυνον
912 1935 1072 2022 ἀπήνεγκεν
1092 1936 1221 2021 ἀπειλήν,
1246 1943 1296 2002 καί
1309 1945 1350 2030 τῇ
1371 1939 1408 2002 ὁ-

166 2026 259 2087 δαίων
276 2021 451 2106 ἀφανισμόν.
476 2026 503 2066 ²²
511 2020 647 2097 εἰπόντος
665 2022 697 2088 δὲ
715 2028 773 2087 τοῦ
803 2018 888 2104 ράσει
912 2024 964 2088 καί
987 2025 1032 2127 τῳ
1056 2019 1203 2106 προςιύπῳ
1226 2018 1409 2105 συνεστάλη.

165 2105 319 2192 βασιλέως,
333 2106 464 2186 ἀσμένως
475 2101 583 2180 πάντες
594 2105 667 2186 μετά
680 2110 773 2190 χαράς
803 2105 835 2148 ³⁴
850 2105 867 2171 ό
879 2107 984 2181 καθείς
995 2107 1028 2170 δε
1040 2110 1098 2170 τιδν
1110 2105 1205 2184 φίλων
1217 2110 1412 2188 σκυθρωπῶς

166 2193 196 2254 ολ
220 2185 364 2274 παρόντες
382 2184 460 2272 δμοῦ
485 2190 709 2264 συναινέσαντες,
735 2193 774 2264 εἰς
804 2186 963 2274 δπεκρέων,
972 2186 1042 2265 τούς
1052 2191 1321 2274 συνηθροισμένους
1335 2186 1413 2252 ἀπέ-

165 2271 218 2338 τόν
230 2272 305 2336 ἴδιον
318 2271 402 2337 ολκον
412 2276 536 2347 ἕκαστος
549 2270 677 2337 ἀνθυοε.
691 2273 775 2337 22καί
803 2273 897 2337 λυσαν
909 2277 1038 2338 ἕκαστον
1046 2275 1096 2337 ἐπί
1107 2271 1164 2357 τήν
1173 2274 1250 2338 ίδίαν
1259 2269 1412 2355 ἀσχολίαν.

166 2355 221 2459 οὐχ
233 2351 330 2429 ούτως
340 2360 379 2430 είς
391 2354 483 2420 ύπνον
493 2352 712 2441 κατεχρήσαντο
722 2353 775 2421 τόν
803 2356 832 2399 ³⁶
845 2360 916 2420 οἵτε
931 2354 1075 2421 Ἰουδαῖοι
1092 2354 1133 2421 τά
1148 2355 1235 2439 παρὰ
1255 2363 1310 2419 τοῦ
1323 2359 1413 2440 βασι-

166 2463 272 2526 χρονσν
284 2443 337 2521 τῆς
349 2436 466 2514 νυκτός,
492 2436 533 2514 ὡς
546 2443 585 2514 είς
596 2436 633 2504 τό
645 2445 773 2504 παντοί-
803 2438 878 2513 λέως
898 2435 1088 2514 ἀκούσαντες,
1114 2437 1169 2504 τόν
1186 2442 1316 2522 ἐπιφανῆ
1335 2438 1414 2504 θεὸν

167 2548 220 2597 ους
231 2527 422 2605 μηχανᾶσθαι
432 2533 496 2597 τοῖς
505 2521 708 2606 ταλαιπώροις
720 2522 772 2587 δο-
803 2518 992 2670 καὶβαοιλία
1005 2528 1067 2587 τῶν
1077 2520 1223 2609 βασιλέων
1236 2521 1345 2605 ήνουν,
1359 2524 1414 2587 καί

166 2610 271 2670 κοῦσιν
289 2602 481 2687 ἕμπαιγμούς.
521 2607 550 2647 22
566 2603 634 2690 ἀριι
654 2605 685 2669 δὲ
703 2604 773 2669 ἀλι-
803 2610 855 2687 τῆς
874 2610 955 2688 ετῆς
966 2609 1110 2691 βοηθείας
1124 2605 1219 2670 αὐτοῦ
1232 2593 1411 2706 τετευχότες.

166 2687 281 2774 κτρυοόν
294 2686 441 2772 ἐκεκράγει
454 2688 588 2774 ὄρθριος,
599 2692 649 2752 καί
661 2688 700 2753 τά
714 2699 773 2772 θη·
803 2690 833 2733 ³⁶
845 2688 923 2755 κατά
936 2688 968 2755 δὲ
978 2687 1105 2764 τούτους
1114 2689 1185 2765 τοὺς
1198 2685 1307 2771 νόμους
1320 2714 1338 2752 ο
1352 2694 1413 2765 βα-

166 2779 218 2858 ρία
235 2769 437 2847 καθωπλικώς
455 2768 600 2856 όἛρμων
617 2775 649 2837 ἐν
666 2776 709 2854 τῷ
721 2798 772 2854 με·
803 2771 900 2848 σιλεὺς
915 2769 1143 2858 ,συστησάμενος
1165 2770 1258 2839 πάλιν
1277 2768 1315 2836 τό
1335 2799 1412 2854 συμ-

166 2853 250 2938 γάλῳ
280 2854 448 2940 περιστύλῳ
473 2856 594 2920 διεκίνει.
629 2855 661 2898 24
674 2855 713 2919 τά
739 2855 771 2919 δὲ
802 2851 911 2921 πόσιον
921 2861 960 2932 είς
969 2854 1154 2943 εὐφροσύνην
1164 2861 1314 2943 τραπῆναι
1328 2881 1412 2939 παρ-

167 2939 245 3004 κατά
258 2940 313 3023 τῆν
336 2935 425 3003 πόλιν
441 2939 550 3023 πλήθη
568 2934 771 3023 συνήθροιστο
802 2937 905 3005 εκάλει.
932 2942 960 2982 ³⁷
974 2941 1029 3006 τὸν
1042 2940 1075 3005 δὲ
1086 2939 1228 3025 Ἕρμωνα
1244 2939 1411 3026 προςκαλε-

165 3020 241 3107 πρός
253 3022 306 3106 τήν
318 3019 513 3108 οἰκτροτάτην
524 3027 666 3128 θεωρίαν,
676 3047 771 3107 προς-
802 3024 925 3105 σάμενος
945 3022 1019 3106 μετά
1045 3023 1166 3109 ἀπειλῆς
1188 3024 1256 3089 είπε.
1282 3017 1411 3096 ποσάκις

167 3107 304 3169 δοκῶντα
331 3105 386 3189 τήν
403 3107 523 3190 πρωίαν
533 3131 607 3187 μετα
630 3106 769 3189 σπουδῆς.
802 3131 850 3170 σοι
864 3108 909 3171 δεῖ
923 3104 1120 3190 περὶτούτων
1140 3106 1243 3174 αὐτῶν
1257 3101 1411 3210 προςτάτ-

167 3191 195 3230 ²⁵
214 3193 245 3250 οἱ
270 3187 302 3250 δὲ
325 3186 466 3253 Ἰουδαῖοι
491 3189 570 3253 κατὰ
595 3187 652 3253 τόν
676 3187 769 3273 ἀμερῆ
802 3213 859 3253 τειν
881 3187 1071 3291 ἀθλιώτατεη·
1107 3192 1138 3234 ³⁸
1152 3189 1223 3264 τοὺς
1246 3189 1412 3268 ἕλεφαντας

166 3265 415 3354 ιγυχουλκούμενοι
426 3272 543 3356 χρόνον,
565 3269 771 3357 πολυδάκρυον
800 3274 843 3336 ἔτι
855 3273 906 3334 καί
918 3275 969 3335 νύν
980 3272 1172 3335 καθοπλισον
1181 3275 1221 3344 είς
1232 3268 1288 3352 τήν
1300 3270 1412 3349 αάριον

166 3357 289 3418 ἱκετείαν
300 3357 331 3418 ἐν
341 3353 437 3439 μέλεσι
445 3364 561 3440 γοεροῖς
571 3360 708 3430 τείνοντες
717 3355 771 3430 τάς
801 3355 851 3417 ἐπὶ
874 3351 928 3417 τὸν
952 3357 1012 3414 τῶν
1041 3351 1199 3440 Ἰουδαίων
1223 3348 1406 3432 ἀφανισμόν.

163 3447 261 3520 χεῖρας
285 3441 322 3512 είς
344 3433 398 3503 τὸν
420 3436 551 3519 οὐρανὸν
573 3440 690 3504 ἐδέοντο
712 3443 769 3504 τοῦ
801 3437 832 3479 29
847 3434 922 3502 οἶδὲ
940 3440 1172 3518 συνανακείμενοι
1186 3446 1338 3513 συγγενεῖς,
1351 3434 1409 3518 τήν

165 3526 304 3599 μεγίστου
317 3523 408 3597 θεοῦ,
433 3520 524 3585 πάλιν
537 3519 641 3595 αὐτοῖς
651 3526 770 3608 βοηθῆ-
800 3519 932 3586 άστατον
941 3514 1073 3585 διάνοιαν
1082 3517 1179 3585 αὐτοῦ
1190 3515 1410 3601 θαυμάζοντες,

166 3626 216 3664 σαι
231 3599 391 3687 συντόμως.
428 3605 459 3647 ²⁶
472 3602 560 3669 ούπω
573 3604 606 3668 δὲ
618 3600 702 3688 ῆλίου
715 3609 769 3691 βο·
800 3600 1004 3688 προεφίροντο
1016 3599 1095 3669 τάδε.
1122 3602 1155 3646 ⁴⁰
1168 3603 1302 3688 βασιλεῦ,
1320 3598 1410 3688 με’χρι

165 3682 218 3747 λαί
230 3691 471 3768 κατεσπείροντο,
496 3688 547 3750 καί
559 3692 614 3752 τοῦ
618 3687 770 3792 βασιλέως
801 3693 881 3763 τίνος
899 3686 940 3762 ὡς
957 3682 1087 3765 ἀλόγους
1109 3684 1186 3770 ήμάς
1204 3686 1411 3769 διαπειράζεις,

164 3765 237 3840 ῐθῦς
263 3767 368 3846 φίλους
392 3769 587 3852 ἰνδεχομένου,
614 3797 632 3836 ο
650 3769 771 3855 Ἕρμων
801 3770 996 3855 προςτάσοων
1018 3769 1068 3852 ”δη
1082 3767 1306 3855 τρίτοναάτοός
1324 3767 1410 3849 ἀφα-

165 3849 323 3931 παραοτάς
351 3847 447 3915 ἐκάλει
476 3851 554 3935 πρός
581 3850 635 3937 τήν
659 3855 770 3930 ἔξοδον,
802 3798 1062 3930 νίσαι,καίπάλιν
1079 3855 1205 3917 ἐπὶτῶν
1221 3847 1409 3935 πραγμάτων

164 3929 370 3997 ὑποδεικνύων
390 3931 427 3999 τό
440 3933 598 4019 πρόθυμον
616 3940 672 4000 τοῦ
683 3940 771 4019 βασι-
802 3940 834 4000 ἐκ
846 3936 1010 4044 μεταβολῆς
1028 3933 1166 4001 ἀναλύων
1183 3935 1223 4001 τά
1244 3938 1291 3998 σοὶ
1302 3935 1407 4009 δεδογ-

165 4011 239 4086 λίως
256 4016 407 4099 ἐνὲτοίμῳ
422 4030 549 4084 κεῖσθαι.
576 4021 604 4061 22
618 4024 674 4084 τοῦ
687 4018 719 4084 δὲ
732 4016 770 4082 ἀ-
800 4016 893 4099 με’νας
920 4021 949 4062 ⁴¹
963 4047 1006 4084 ων
1028 4018 1115 4105 χάριν
1135 4017 1154 4102 ῆ
1177 4016 1263 4092 πόλις
1278 4017 1327 4081 διά
1350 4015 1410 4093 τήν

162 4096 366 4180 ποδεξαμένου
387 4102 438 4163 καί
454 4102 698 4179 καταπλαγέντος
721 4105 770 4167 ἐπὶ
801 4106 984 4186 προςδοκίαν
1013 4103 1112 4186 ὀχλεῖ,
1139 4106 1190 4167 καί
1223 4098 1410 4183 πληθύουσα

162 4184 201 4266 τῇ
213 4180 381 4264 παρανόμῳ
396 4179 584 4266 ἐξύδῳ,κατά
595 4191 657 4251 πᾶν
670 4185 770 4264 ἀγνω-
802 4199 1002 4271 συστροφαῖς,
1030 4186 1085 4271 ήδη
1099 4187 1149 4250 καὶ
1166 4179 1317 4249 κινδυνεύει
1329 4184 1411 4249 πολ-

162 4268 214 4345 σίορ
233 4268 443 4371 κεκρατημένος
462 4263 663 4344 ἐπυνθάνετο,
689 4276 722 4334 τί
733 4269 769 4335 τὸ
801 4267 884 4346 λάκις
897 4273 1130 4356 διαρπασθῆναι.
1167 4269 1199 4309 ⁴²
1213 4265 1285 4331 ὅθεν
1297 4266 1315 4332 ὁ
1329 4267 1410 4333 κατά

160 4351 287 4430 πρᾶγμα
312 4355 349 4430 ἐφ
393 4341 430 4414 ού
459 4355 554 4415 τοῦτο
584 4351 670 4434 αύτῷ
694 4351 768 4435 μετά
800 4349 1413 4440 πάνταΦάλεριςβασιλεάςὲμπληθυνθείς

159 4433 291 4515 σπουδῆς
304 4432 479 4512 τετέλεσταις
505 4435 536 4476 ²⁸
551 4434 685 4500 τοῦτοδὲ
700 4425 735 4520 ῆν
749 4436 767 4520 ή
782 4437 788 4511 λ
801 4436 989 4515 ἀλογιστίας,
1019 4441 1069 4501 καὶ
1088 4438 1143 4511 τίις
1160 4431 1319 4518 γινομίνας
1331 4433 1412 4542 πρὸς

1340 4543 1409 4582 επι-
