2924 4972
366 233 686 295 MAAszAz
727 235 803 310 m.
817 226 859 318 ρ’.
873 228 910 308 γ.
923 233 954 294 ι.
967 231 997 295 3.
1238 229 1302 295 765

63 371 128 430 την,
142 351 197 411 τού
211 345 283 411 εἶναι
295 344 348 430 τήν
360 342 507 430 διαθήκην
518 370 576 426 μου
589 346 666 429 πρὸς
699 345 787 431 ραήλ,
810 348 861 410 καὶ
873 342 1000 429 καλύψει
1013 344 1132 431 ἀσέβεια
1144 347 1193 411 ἐπὶ
1204 345 1244 410 τά
1257 349 1303 410 ἐν·

63 428 132 504 τοὺς
141 434 278 504 Λευίτας,
292 430 368 505 λέγει
381 425 480 511 κύριος
491 426 665 510 παντοκριί-
699 423 863 510 θυμιήματά
883 451 954 504 σου,
979 426 1057 504 λέγει
1076 427 1176 509 κύριος
1187 453 1303 493 παντο·

63 537 134 596 τωρ.
162 512 208 593 ὅή
228 508 358 594 διαθήκη
371 535 428 591 μου
445 499 483 595 ήν
494 509 553 593 μετ’
569 507 665 575 αὐτοῦ
700 507 838 596 κράτωρ,
863 510 915 574 καὶ
926 506 1098 590 φυλάξασθε
1115 511 1147 575 ἐν
1159 515 1203 592 τῷ
1215 505 1303 576 πνεύ-

64 599 115 695 τής
134 597 208 674 ζωῆς
226 597 276 657 καὶ
293 597 343 669 τής
362 587 482 675 εἰρήνης,
500 594 551 658 καὶ
568 592 666 657 ἐδωκα
699 619 770 674 ματι
785 590 880 674 ὑμῶν,
908 596 959 656 καὶ
978 591 1013 656 ού
1031 592 1069 676 μή
1088 592 1304 675 ἐγκαταλίπητε

64 682 149 757 αυτῷ
161 681 191 741 ἐν
203 673 290 759 φόβῳ
303 680 465 763 φοβεῖσθαί
475 700 525 758 με,
538 677 590 738 καὶ
602 674 665 740 ἀπὸ
700 678 726 718 ¹⁷
741 681 771 739 οὶ
788 670 1005 758 παροξύνοντες
1021 674 1076 739 τόν
1092 672 1166 737 θεὸν
1190 677 1222 738 ἐν
1240 687 1305 749 τοῖς

63 754 224 864 προςιύπου
248 752 396 838 ὀνόματός
411 773 480 840 μου
490 757 666 824 στέλλεσθαι
701 753 802 834 λόγοις
815 752 906 839 ὑμῶν.
930 759 982 821 καὶ
994 758 1103 832 εἴπατε,
1113 760 1143 820 ἐν
1155 761 1211 820 τίνι
1223 780 1300 838 παρ-

64 835 164 907 αυτόν.
200 835 317 922 6νόμος
341 839 483 923 ἀληθείας
509 831 544 919 ἦν
568 843 666 923 ἐντῷ
702 835 852 922 ωξύναμεν
870 835 981 917 αιἰτόνς
1005 842 1037 903 ἐν
1050 844 1094 920 τῷ
1111 837 1205 915 λέγειν
1218 834 1303 920 ύμᾶς,

65 918 189 1003 στόματι
205 919 318 999 αὐτοῦ,
343 926 395 988 καὶ
407 924 507 989 ἀδικία
520 921 574 1006 οὐχ
587 920 667 1006 εύρί-
701 924 761 996 πᾶς
783 925 880 987 ποιιόν
898 921 1039 1005 πονηρόν,
1063 920 1156 985 καλὸν
1180 917 1304 986 ἐντόπιον

63 1015 106 1086 θη
120 1007 150 1069 ἐν
161 1005 283 1088 χείλεσιν
291 1003 398 1071 αὐτοῦ.
413 1002 551 1096 ἐνείρήνη
562 1029 666 1069 κατευ·
701 1009 815 1086 κυρίου,
828 1007 878 1069 καὶ
891 1008 922 1068 ἐν
935 1004 1038 1080 αὐτοῖς
1051 1001 1142 1078 αύτός
1154 999 1303 1085 εὗδόκηοε,

63 1085 168 1152 θύνων
181 1085 331 1169 ἐπορεύθη
342 1087 400 1170 μετ’
417 1089 505 1168 ἐμοῦ,
528 1089 579 1152 καὶ
590 1088 665 1164 πολ-
701 1089 753 1152 καὶ
761 1088 824 1152 ποῦ
838 1090 916 1153 ἐστιν
931 1085 1091 1168 όθεόςτής
1100 1081 1303 1168 δικαιοσύνηςς

63 1169 138 1246 λούς
155 1173 334 1253 ἐπέστρεψεν
351 1168 415 1234 ἀπὸ
428 1169 552 1245 ἀδικίας.
592 1166 666 1234 1ὅτι
718 1176 731 1203 ⁰
882 1174 916 1233 Κ
927 1176 956 1232 E
969 1174 1008 1234 Φ.
1050 1174 1085 1233 Γ
1087 1165 1105 1232 ’.

62 1253 149 1336 χείλη
165 1253 262 1335 ἶερέως
284 1246 444 1330 φυλάξεται
466 1257 590 1330 γνῶσιν,
615 1255 667 1317 καὶ
701 1219 741 1316 I
744 1251 800 1318 δού
813 1253 1022 1327 ίξαποοτίλλω
1035 1248 1088 1316 τόν
1100 1245 1226 1329 ἀγγελόν
1235 1275 1304 1351 μου,

64 1331 151 1420 νόμον
168 1330 373 1438 ἐκζητήσουσιν
395 1337 427 1398 ἐκ
446 1331 592 1418 στόματος
610 1332 666 1398 αύ-
701 1337 752 1401 καὶ
770 1335 960 1421 ἐπιβλίψεται
980 1333 1050 1401 ὁδὸν
1067 1333 1128 1418 πρὸ
1142 1359 1304 1418 προςωπου

64 1421 135 1493 τού,
157 1413 234 1480 διότι
246 1418 369 1495 σγγελος
381 1423 484 1500 κυρίου
494 1416 666 1503 παντοκρά-
696 1444 775 1492 μου,
798 1418 850 1482 καὶ
866 1421 1001 1501 ἐξαίφνης
1023 1414 1082 1499 ήξει
1105 1421 1144 1492 είς
1160 1413 1214 1480 τὸν
1232 1415 1305 1481 ναόν

63 1497 152 1583 τορός
164 1502 248 1563 ἐστιν.
288 1500 304 1542 ⁸
317 1496 396 1580 ὑμεῖς
411 1500 442 1565 δὲ
456 1499 615 1576 ἐξεκλίνατε
634 1503 666 1564 ἐκ
703 1502 812 1566 ἑαυτοῦ
824 1495 933 1583 κύριος,
949 1498 986 1567 ὃν
1000 1496 1079 1581 ὑμεῖς
1092 1502 1210 1583 ζητεῖτε,
1221 1494 1303 1562 καὶὸ

63 1587 115 1683 τής
128 1579 212 1655 ὁδοῦ,
234 1585 285 1646 καὶ
297 1579 477 1666 ήσθενήσατε
487 1583 623 1657 πολλούς
635 1586 666 1648 ἐν
703 1583 825 1662 ἀγγελσς
835 1588 888 1665 τής
901 1580 1053 1687 διαθήκης,
1080 1579 1114 1647 ὃν
1128 1579 1206 1664 ὑμεῖς
1217 1577 1305 1647 θύλα-

64 1691 157 1748 νομῳ,
182 1665 368 1748 διεφθείρατε
386 1664 440 1749 τήν
453 1661 598 1750 διαθήκην
610 1670 666 1730 τοῦ
702 1692 741 1732 τε.
769 1665 834 1730 ὶδοὶι
847 1669 975 1749 ἔρχεται,
988 1664 1066 1742 λεγει
1078 1665 1179 1750 κύριος
1191 1688 1305 1729 παντο-

62 1750 149 1824 Λευὶ,
159 1747 233 1824 λέγει
241 1748 341 1831 κύρως
351 1746 578 1833 παντοκράτωρ.
592 1748 665 1831 9κᾷ-
703 1745 832 1833 κράτωρ.
847 1751 916 1814 2καὶ
923 1755 967 1822 τίς
980 1747 1119 1829 ὑπομενεῖ
1130 1744 1242 1830 ήμὶραν
1251 1752 1304 1820 είς-

63 1830 108 1909 γώ
126 1829 241 1894 δέδωκα
260 1827 335 1912 ὑμᾶς
351 1832 598 1914 ε’ξουδενωμένους
614 1832 666 1896 καὶ
703 1831 778 1898 όδου
791 1829 887 1896 αὐτοῦ
891 1861 903 1910 ;
922 1831 941 1914 ἢ
954 1836 997 1906 τίς
1010 1825 1211 1911 ἀποστήσεται
1224 1835 1255 1895 ἐν
1267 1832 1306 1922 τῇ

63 1912 293 2018 ἀπεβριρμὲνους
321 1917 361 1988 είς
387 1915 487 1978 πάντα
514 1912 552 1979 τά
579 1917 664 1997 ἔθνη,
703 1914 834 1996 ὀπτασίᾳ
860 1912 973 1991 αὐτοῦ,Ι
999 1908 1075 1979 διότι
1095 1911 1187 1987 αύτός
1211 1916 1304 1986 είςπο·

63 1993 130 2061 ἀνθ’
159 2020 201 2061 ων
226 1992 303 2078 ὑμεῖς
328 1993 383 2061 σύν
408 1991 665 2075 ἐφυλάξασθετάς
702 1997 815 2084 ρεύεται
832 1992 873 2072 ὡς
888 2002 948 2082 πῦρ
966 2001 1168 2083 χωνευτηρίου,
1194 1999 1246 2066 καὶ
1264 1994 1305 2070 ὡς

64 2074 153 2153 ὁδούς
164 2105 233 2162 μου,
244 2075 323 2142 ἀλλά
333 2075 508 2164 ἐλαμβάνετε
516 2075 664 2164 πρόςωπα
701 2081 776 2147 ποιά
788 2076 969 2145 πλυνόντων.
988 2082 1157 2144 3καθιεῖται
1170 2073 1305 2164 χωνεύων

63 2163 93 2224 ἐν
114 2157 203 2244 νόμῳ.
229 2163 258 2204 ¹⁰
271 2157 338 2243 ούχὶ
356 2161 458 2245 πατήρ
483 2162 522 2237 εὶς
542 2158 665 2229 πόντων
702 2168 753 2229 καὶ
774 2168 949 2247 καθαρίζων
967 2161 1007 2238 ὡς
1024 2159 1059 2227 τό
1078 2158 1229 2246 ἀργύριον,
1254 2162 1305 2224 καὶ

64 2240 144 2324 ὑμῶν
149 2273 162 2322 ,·
189 2241 256 2387 ούηβ
268 2243 341 2316 θεὸς
352 2243 390 2316 είς
403 2246 512 2308 ἐίιτισεν
523 2240 618 2346 ύρᾶςς
634 2251 665 2308 τί
702 2244 743 2319 ὡς
765 2245 801 2310 τὸ
822 2252 958 2329 χρυσίον,
984 2247 1036 2309 καὶ
1055 2251 1214 2328 καθαρίσει
1233 2239 1304 2318 τούς

59 2322 108 2389 ότι
121 2328 223 2402 ἐγκατε
246 2330 321 2388 ’πετε
329 2328 457 2399 ἕκαστος
467 2324 523 2389 τὸν
536 2326 665 2406 ἀδελφόν
703 2325 785 2402 υἱούς
796 2328 889 2402 Λευὶ,
905 2329 958 2391 καὶ
968 2337 1026 2410 χεεῖ
1035 2324 1148 2399 αύτούς
1160 2320 1254 2408 ιάςπερ
1267 2324 1304 2389 τό

57 2406 159 2472 αὐτοῦ
164 2456 174 2482 ,
199 2410 255 2469 τοῦ
271 2403 436 2490 βεβηλιάσαι
452 2405 506 2490 τήν
518 2405 665 2492 διαθήκην
701 2414 818 2495 χρυσίον
829 2412 882 2473 καὶ
893 2409 929 2473 τὸ
943 2407 1093 2491 ἀργύριον.
1121 2408 1172 2471 καὶ
1185 2410 1305 2472 ἔσονται

60 2492 122 2553 τοῖν
133 2490 272 2572 πατέρων
285 2485 384 2568 ύμῶνς
411 2491 437 2530 ¹¹
451 2490 664 2575 ἐγκατελείφθη
701 2497 745 2575 τῷ
757 2499 850 2594 κυρίῳ
869 2489 1070 2575 προςάγοντες
1086 2494 1199 2555 θυσίαν
1217 2494 1248 2553 ἐν
1259 2491 1305 2554 δι-

58 2566 190 2646 Ἰούδας,
216 2572 269 2633 καὶ
279 2568 431 2657 βδέλυγμα
448 2575 563 2649 ἐγένετο
576 2577 607 2638 ἐν
618 2580 662 2657 τῷ
700 2598 851 2658 καιοσυνη,
864 2574 937 2638 4καὶ
947 2572 1046 2657 ἀρέσει
1055 2577 1099 2655 τῷ
1109 2579 1200 2655 κυρίῳ
1209 2578 1305 2637 θυσία

57 2648 182 2738 Ἰσραήλ
195 2655 245 2717 καὶ
258 2657 289 2717 ἐν
298 2649 499 2738 Ἰερουσαλήμ,
511 2650 588 2720 διότι
599 2658 664 2741 ἐβε-
697 2654 799 2722 Ἰούδα
809 2647 1179 2742 ιὶαὶ”1ερουσαλήμ,καθο“ις
1191 2657 1224 2718 αὶ
1235 2651 1305 2737 ήμί-

58 2733 193 2823 β’λωσεν
213 2732 332 2810 Ἰούδας
348 2735 388 2800 τά
407 2732 479 2811 ἀγια
496 2742 607 2822 κυρίου,
633 2741 664 2802 ἐν
701 2767 752 2824 ραι
764 2744 821 2804 τοῦ
833 2744 952 2815 αὶιύνος,
965 2740 1017 2802 καὶ
1032 2736 1138 2812 καθοὶς
1149 2738 1189 2803 τά
1203 2735 1304 2821 ε”τητά

59 2765 255 2901 οὶςήγάπησε,
266 2815 561 2902 καὶέπετήδευσενεὶς
571 2821 663 2897 θεούς
700 2828 876 2906 ἔμπροσθεν.
903 2823 977 2886 ὅκαὶ
988 2821 1127 2907 προςάξω
1139 2820 1216 2902 πρὸς
1229 2817 1305 2904 ύμάς

58 2899 243 2984 ἀλλοτρίους.
275 2904 305 2943 ¹²
329 2898 536 2986 ἐξολσθρεύσει
562 2901 662 2986 κύριος
699 2911 730 2971 ἐν
745 2912 843 2990 κρίσει,
857 2906 907 2970 καὶ
915 2907 1020 2987 ἔσομαι
1031 2901 1145 2988 μάρτυς
1153 2905 1245 2987 ταχύς
1254 2907 1305 2970 ἐπὶ

58 2981 113 3049 τόν
129 2983 297 3069 ἀνθρωπον
314 2982 369 3049 τόν
386 2990 535 3052 ποιοῦντα
553 2991 661 3060 ταῦτα,
699 2987 753 3064 τάς
766 2985 954 3074 φαρμακούς,
982 2989 1034 3052 καὶ
1045 2989 1096 3051 ἐπὶ
1106 2988 1159 3061 τάς
1169 2986 1304 3070 μοιχαλί-

58 3070 113 3141 ἐως
136 3068 187 3131 καὶ
207 3072 381 3150 τοπεινωθῆ
405 3072 439 3133 ἐκ
461 3065 662 3153 σκηνωμάτων
698 3073 767 3146 δας,
793 3075 845 3138 καὶ
856 3073 907 3137 ἐπὶ
918 3067 987 3145 τούς
1000 3064 1164 3152 ὀμνύοντας
1175 3074 1220 3152 τῷ
1233 3064 1303 3134 dvi>-

54 3147 175 3236 Ἰακάβ,
200 3151 251 3214 καὶ
269 3153 302 3215 ἐκ
319 3139 534 3234 προςαγόντων
550 3157 662 3216 θυσίαν
697 3160 773 3238 ματί
794 3180 855 3238 μου
880 3156 930 3219 ἐπὶ
954 3149 1067 3237 ψεύδει,
1092 3153 1206 3217 καὶέπὶ
1230 3151 1303 3228 τούς

55 3235 102 3314 τῷ
110 3238 201 3316 κυρίῳ
212 3231 439 3318 παντοκράτορι.
455 3232 481 3273 ¹³
496 3235 660 3310 καὶταῦτα,
698 3235 938 3323 ἀποστεροῦντας
946 3234 1238 3319 μισθόνμισθωτού,
1251 3236 1303 3299 καὶ

55 3309 79 3378 δι’
100 3317 230 3398 ἐμίσουν,
250 3318 381 3382 ἐποιεῖτε.
407 3313 586 3383 ἐκαλύπτετο
607 3314 659 3384 δά·
697 3319 768 3394 τούς
789 3316 1099 3392 καταδυναστεύοντας
1118 3314 1226 3417 χήραν.
1251 3319 1303 3380 καί

56 3421 141 3542 κηυσι
165 3393 202 3461 τό
226 3399 441 3483 θυσιαστήριον
465 3407 580 3485 κυρίου,
608 3403 659 3465 καὶ
697 3397 1302 3484 τοὺςκονδυλίζονταςὀρφανους,καὶτούς

55 3505 74 3544 ιι
93 3482 204 3560 αυθμῷ
216 3481 269 3541 καὶ
281 3481 431 3562 στεναγμῷ
443 3483 475 3543 ἐκ
488 3481 601 3546 κόπων.
614 3485 658 3546 ἔτι
697 3484 882 3557 ἐκκλίνοντος
907 3489 1002 3564 κρίσιν
1027 3477 1224 3561 προςηλύτουι
1249 3481 1302 3543 καὶ

56 3558 141 3636 ἀξιον
154 3559 315 3643 ἐπιβλέψαι
328 3565 367 3633 είς
378 3568 497 3637 θυσίαν,
524 3561 544 3641 ἢ
559 3562 658 3646 λαβεῖν
697 3562 768 3638 τούς
779 3564 819 3649 μή
830 3567 1031 3649 φοβουμένους
1042 3585 1090 3640 με,
1115 3561 1190 3639 λέγει
1201 3555 1301 3644 κύριος

55 3641 160 3709 δεκτόν
168 3644 201 3706 ἐκ
210 3645 270 3704 τῶν
281 3646 385 3726 χειροῖν
399 3639 479 3723 ύμιύν
484 3671 496 3719 ,·
523 3642 607 3707 14καί
617 3644 656 3708 εί·
696 3645 925 3731 παντοκράτωρ.
965 3641 1071 3711 θδιότι
1087 3641 1145 3719 ἐγώ
1162 3639 1263 3728 κύριος
1279 3639 1298 3717 ὁ

54 3751 143 3801 ποτε,
154 3729 247 3789 ἕνεκεν
255 3730 336 3798 τίνος
341 3752 354 3802 ,·
376 3719 422 3789 ότι
432 3719 531 3807 κύριος
540 3724 658 3809 διεμαρ-
697 3727 770 3804 θεὸς
782 3727 875 3812 ὑμῶν,
891 3730 942 3793 καὶ
954 3726 1009 3795 οὐκ
1021 3724 1195 3829 ήλλοίωμαι.
1224 3728 1237 3768 ⁷
1249 3729 1301 3793 καὶ

57 3806 172 3893 τύρατο
185 3804 333 3891 ἀναμέοον
350 3831 422 3880 σου,
447 3809 499 3871 καὶ
511 3804 661 3891 ἀναμέσσν
698 3809 775 3892 ὑμεῖς
785 3817 815 3877 σί
826 3810 1002 3898 υίοὶἸακώβ
1010 3835 1067 3875 ουκ
1077 3806 1224 3915 ἀπέχεσθε
1236 3806 1297 3876 ἀπὶ

55 3889 192 3970 γυναικός
202 3886 348 3978 Ινεότητός
367 3915 432 3965 σου,
457 3885 493 3973 ήν
509 3891 659 3969 ἐγκατελι-
695 3899 756 3960 τῶν
768 3892 888 3960 ἀδικιῶν
900 3900 961 3960 τοῖν
971 3895 1113 3979 πατέρων
1126 3897 1221 3997 υμῶν,
1239 3895 1300 3969 ἰξε-

55 3998 117 4052 πες,
131 3976 182 4039 καὶ
192 3970 272 4059 αύτη
284 3969 423 4048 κοινωνός
436 3997 502 4049 σου,
524 3976 576 4038 καὶ
585 3975 659 4062 γυνή
696 3978 814 4045 κλίνατε
826 3973 933 4061 νόμιμά
948 4002 1022 4059 μου,
1045 3977 1097 4057 μοὶ
1117 4001 1175 4041 συκ
1186 3973 1300 4057 ἐφυλά-

55 4052 200 4163 διαθήκης
213 4081 284 4143 σου..
304 4057 388 4122 ’ὅκαί
400 4054 437 4121 ού
451 4054 545 4124 καλόν
556 4061 660 4143 ἐποίη-
695 4063 799 4139 ξασθε.
813 4065 1013 4145 ἐπιστρέψατε
1024 4056 1101 4143 πρός
1112 4056 1158 4142 μὶ,
1172 4060 1223 4125 καὶ
1235 4063 1300 4125 ἐπι-

56 4164 103 4216 σες
130 4167 180 4205 και
192 4134 359 4223 ύπόλειμμα
372 4135 538 4222 πνεύματος
551 4139 658 4207 αὐτοῦ.
695 4141 907 4232 στραφήσομαι
918 4141 995 4229 πρὸς
1007 4145 1097 4226 ὑμᾶς,
1110 4143 1188 4221 λε’γει
1199 4137 1300 4226 κύριος

54 4224 106 4286 καὶ
118 4223 234 4298 εἴπατε,
260 4229 291 4288 τί
302 4222 377 4289 ἀλλο
390 4221 409 4302 ἦ
423 4225 540 4311 σπέρμα
552 4222 658 4328 ζητεῖό
694 4230 920 4315 παντοκράτωρ.
934 4229 987 4292 καὶ
995 4229 1106 4304 εἴπατε,
1118 4230 1151 4292 ἐν
1163 4232 1222 4292 τίνι
1234 4228 1299 4291 ἐπι-

53 4297 142 4404 θεόςς
166 4306 218 4393 καὶ
229 4302 406 4386 φυλάξασθε
416 4309 446 4372 ίν
459 4312 503 4392 τῳ
515 4333 658 4391 πνευματι
695 4315 876 4417 στρόφομενς
895 4308 986 4394 8μήτι
998 4322 1125 4394 πτερνιεῐ
1135 4307 1300 4395 ἀνθρωπος

52 4388 150 4466 υμῶν,
173 4389 225 4453 καὶ
245 4400 374 4465 γυναῖκα
391 4384 525 4474 νεότητός
544 4417 599 4457 σου
618 4391 658 4476 μή
693 4404 782 4475 θεονς
806 4392 882 4462 διότι
899 4395 979 4477 ὑμεῖς
995 4394 1162 4477 πτερνίζετί
1177 4417 1220 4473 με.
1246 4394 1298 4457 καὶ

53 4467 263 4559 ε’γκαταλίπης,
276 4472 304 4513 ¹⁶
310 4468 389 4536 ἀλλά
397 4471 449 4539 ἐάν
456 4469 583 4558 μισήσας
593 4477 658 4552 ἐξα·
693 4481 791 4562 ἐρεῖτε,
805 4482 835 4543 ἐν
848 4485 904 4543 τίνι
918 4479 1128 4560 ἐπτερνίσαμίν
1142 4498 1174 4539 σε
1177 4502 1190 4550 ,·
1204 4473 1298 4538 ότιτά

51 4550 299 4642 ποστείλης,λίγει
312 4550 413 4636 κύριος
422 4552 440 4618 ό
450 4555 522 4632 θεὸς
532 4556 657 4626 τούἸσ-
693 4563 868 4636 ίπιδίκατα,
881 4562 931 4624 καὶ
945 4565 979 4624 αῖ
991 4558 1127 4640 ἀπαρχαὶ
1137 4552 1200 4637 μεθ’
1216 4553 1296 4638 ὑμῶν
