2924 4972
160 216 227 285 972
350 213 730 282 MAKKABAmN
753 217 966 278 ΠΡΩΤΟΣ
1005 215 1189 294 monz).
1446 39 1452 309 ί

157 339 208 400 καί
220 335 293 406 έδον,
300 332 352 396 καί
366 330 435 394 ίδοίι
445 331 540 411 θροῦς
550 329 602 390 καί
617 324 769 410 άποσκευή
805 323 887 402 υἱοὺς
900 331 961 429 τιόνΙ
974 324 1146 431 ἡγουμένων
1165 335 1218 413 τῆς
1229 327 1340 416 χώρας
1354 332 1424 419 ὅμη-

158 415 267 501 πολλή,
279 418 331 480 καί
354 410 372 474 ὁ
397 415 520 492 νυμφίος
541 409 649 492 ἐξῆλθε
666 413 719 475 καί
740 413 771 474 οῖ
804 436 856 496 ρα,
869 411 922 474 καί
939 412 1029 475 έθετο
1046 410 1161 486 αυτσίις
1178 415 1210 478 ἐν
1231 418 1272 503 τῇ·
1292 415 1381 501 άκρρ
1398 424 1425 484 ἐν

158 500 245 581 φίλοι
258 499 357 564 αὐτοῦ
370 498 421 560 καί
439 497 469 559 σί
484 491 610 574 ἀδελφοί
622 490 718 557 αὐτοῦ
732 498 771 567 είς
800 489 993 577 Ἰερουσαλήμ
1007 496 1038 558 έν
1053 493 1182 588 φυλακή.
1204 495 1238 538 ⁵⁴
1254 501 1310 562 καί
1323 503 1359 565 ἐν
1371 506 1425 568 ἔτει

161 580 338 664 συνάντησιν
350 577 451 644 αὐτῶν
460 577 534 659 μετά
546 571 709 660 τυμπάνων
719 578 772 641 καὶ
806 583 897 662 τρίτῳ
914 577 967 642 καί
981 583 1174 662 πεντηκοστῷ
1192 582 1249 644 καί
1262 583 1425 671 ἑκατοστῷ

158 669 310 750 μουσικῶν
322 664 373 727 καί
387 659 491 726 ίίιτλων
510 660 641 725 πολλῶν.
672 660 707 703 ⁴⁰
719 660 772 727 καί
803 661 874 744 μηνί
897 665 943 742 τῷ
965 661 1090 745 δευτέρῳ
1116 664 1260 739 ἐπέταξεν
1280 664 1424 754 ’Ἄλκιμος

159 746 356 830 ίξανέστησαν
369 744 414 809 ἐπ’
437 742 549 820 αὐτοὺς
562 742 625 810 άπὸ
638 747 697 809 τοῦ
709 747 768 808 ἐνέ·
804 754 960 829 καθαιρεῖν
983 743 1020 809 τὸ
1043 755 1140 829 τεῖχος
1161 749 1215 828 της
1238 745 1344 834 αὐλῆς
1369 758 1423 818 τῶν

159 836 232 919 δρου
248 830 358 915 οἱπερὶ
370 826 426 894 τὸν
437 825 605 904 Ἰωνάθαν,
631 828 683 892 καί
695 824 769 892 άπέ-
804 826 901 904 ἁγίων
914 832 966 912 τής
978 831 1142 913 ἐσωτέρας,
1167 832 1221 894 καί
1242 835 1376 901 καθεῖλε
1388 837 1424 902 τά

160 940 275 982 κτεεναν
287 911 414 986 αὐτοὺς,
441 914 493 976 καί
510 914 618 977 ἔπεσον
636 936 771 996 τραυμα-
804 915 879 995 ἔργα
903 916 965 974 τῶν
989 916 1163 994 προφητῶν,
1187 917 1244 979 καί
1270 914 1424 1003 ἐνήρξατο

161 1006 221 1065 τίω
234 997 364 1072 πολλοί,
390 998 441 1062 καί
454 999 485 1059 οἱ
498 994 647 1060 ἐπίλοιποι
662 997 772 1073 ἔφυγον
804 999 859 1058 τοῦ
873 1004 968 1058 καθαι
989 1007 1039 1059 εῖν.
1065 998 1131 1058 65έν
1143 999 1190 1079 τῷ
1202 1005 1306 1083 καιρῷ
1322 1005 1423 1087 ἐκείνῳ

161 1090 200 1159 είς
214 1081 249 1148 τὸ
262 1081 345 1165 όρος,
355 1080 407 1144 καί
418 1081 528 1164 ὲλαβον
538 1074 688 1142 πάντατά
698 1083 771 1143 σκῦ-
804 1072 919 1161 ἐπλήγη
938 1019 1076 1160 Ἄλκιμος
1095 1081 1147 1144 καί
1163 1083 1361 1171 ι’νεποδίσθη
1385 1087 1422 1153 τά

162 1168 201 1232 λα
215 1164 323 1232 αὐτῶν.
363 1164 392 1205 ⁴¹
404 1165 455 1228 καί
471 1159 658 1246 μετεστράφη
677 1159 695 1226 ὁ
713 1157 771 1239 γά-
803 1164 877 1245 ἔργα
892 1160 999 1237 αὐτοῦ,
1019 1165 1071 1226 καὶ
1087 1159 1251 1250 άπεφράγη
1266 1164 1304 1231 τό
1320 1169 1420 1254 στόμα

160 1276 215 1333 μσς
228 1254 268 1324 εἰς
279 1250 406 1320 πένθος,
428 1247 478 1311 καί
491 1244 509 1371 ή
522 1242 608 1328 φωνή
621 1250 771 1329 μουσικῶν
804 1243 900 1310 αὐτοῦ
914 1247 967 1309 καί
983 1245 1152 1331 παρελύθη,
1171 1251 1226 1312 καί
1239 1249 1298 1315 οὐκ
1313 1251 1415 1319 έδάνα·

162 1332 266 1399 αὐτῶν
284 1336 324 1406 εἰς
341 1335 465 1415 θρῆνον.
509 1331 588 1392 2καί
605 1330 772 1414 έξεδίκησαν
804 1352 841 1391 το
855 1331 898 1392 ἔτι
910 1327 1040 1409 λαλῆσαι
1051 1325 1146 1406 λόγον
1158 1333 1211 1394 καί
1224 1335 1420 1405 ε’ντειλασθαι

161 1415 215 1501 τήν
227 1416 374 1498 ἐκδίκησιν
383 1419 508 1495 αἵματος
519 1411 650 1494 ἀδελφοῦ
659 1411 771 1487 αὐτῶν,
805 1413 872 1495 περὶ
883 1415 938 1475 τοῦ
950 1414 1035 1478 σίκου
1048 1410 1154 1478 αὐτοῦ.
1181 1416 1212 1457 ⁶⁶
1226 1420 1280 1481 καί
1292 1416 1420 1486 ἀπέθα-

161 1502 213 1564 καί
225 1499 418 1581 ἀπέστρεψαν
437 1501 476 1571 είς
494 1493 532 1562 τὸ
545 1497 613 1571 έλος
625 1501 681 1562 τοῦ
693 1495 771 1579 Ἰορ-
804 1493 992 1579 νενἍλκιμος
1005 1498 1035 1559 έν
1052 1501 1097 1581 τῷ
1114 1502 1212 1583 καιρῷ
1224 1503 1334 1585 ἐκείνῳ
1345 1505 1419 1586 μετά

161 1578 265 1648 δάνου.
304 1580 335 1622 ⁴³
348 1582 399 1644 καί
413 1578 520 1664 ήκουσε
532 1581 695 1663 Βακχίδης,
721 1582 772 1644 καί
802 1573 938 1657 βασάνου
949 1576 1082 1664 μεγάλης.
1121 1582 1150 1623 ⁵⁷
1163 1584 1216 1646 καί
1228 1581 1286 1649 είδε
1299 1592 1413 1672 Βακχί

162 1652 240 1746 ήλθε
264 1668 302 1746 tr]
330 1661 425 1748 ήμέρρ
452 1668 512 1726 τῶν
526 1664 687 1766 σαββάτων
715 1667 771 1736 ἕως
803 1663 854 1744 δης
867 1660 914 1725 ίίτι
928 1661 1081 1728 άπίθανεν
1095 1662 1249 1749 Ἄλκιμος,
1274 1672 1329 1734 καί
1342 1669 1412 1736 άπέ·

162 1753 253 1816 τοίνκ
284 1734 290 1757 ’
316 1747 386 1812 ίδων
398 1750 454 1811 τοῦ
469 1745 624 1833 Ἰορδανου
637 1752 668 1812 ἐν
680 1742 770 1811 δυνά·
804 1764 913 1831 στρεψε
924 1746 1001 1829 πρὸς
1013 1745 1066 1812 τὸν
1077 1749 1214 1834 βασιλέα,
1234 1755 1287 1815 καί
1301 1751 1412 1838 ήσάχα-

161 1859 242 1918 μειπ
297 1836 326 1922 ᾗ.
352 1831 439 1895 44καί
452 1828 695 1897 εἶπενἸωνάθαν
709 1842 771 1904 τοῖς
804 1852 853 1893 σεν
866 1827 884 1912 ή
897 1834 935 1913 γή
947 1825 1048 1895 Ἰοόδα
1060 1834 1112 1914 ἔτη
1124 1830 1189 1898 δόσ.
1215 1835 1247 1877 ⁶⁸
1260 1839 1312 1899 καί
1326 1840 1411 1921 ἐβου-

161 1918 233 2000 παρ’
249 1915 358 1980 αὐτοῦ.
396 1913 569 1996 ἀναστῶμεν
580 1920 633 1979 νῦν
645 1916 697 1978 καί
709 1938 769 1977 πο·
804 1908 944 1977 λεόσαντο
964 1911 1073 1990 πάντες
1091 1919 1123 1979 οἱ
1138 1914 1254 1998 άνομοι,
1267 1919 1407 1993 λέγοντες.

161 1994 330 2081 λεμήσωμεν
343 1993 420 2080 ὑπὲρ
435 2001 496 2060 τῶν
510 2001 616 2098 ψυχῶν
628 1994 721 2079 ήμῶν,
732 1993 768 2060 οὗ
803 1994 869 2060 ίδοίι
886 1993 1035 2062 Ἰοννάθαν
1052 2001 1104 2063 καί
1119 2003 1150 2063 σί
1165 1997 1235 2082 παρ’
1255 1999 1356 2065 αὐτοῦ
1377 2006 1412 2067 ἐν

159 2078 222 2165 γάρ
237 2083 300 2145 ἐστι
314 2076 438 2163 σήμερον
451 2077 491 2153 ὡς
504 2083 590 2182 ἐχθες
602 2083 654 2144 καί
667 2085 770 2163 τρίτην
802 2074 907 2163 ήσυχίᾳ
932 2088 1112 2147 κατοικοῦσι
1132 2081 1323 2160 πεποιθότες.
1360 2092 1414 2152 νῦν

161 2161 282 2250 ήμέραν.
309 2162 341 2207 ⁴⁶
355 2161 422 2227 ίδοίι
445 2162 504 2248 γὰρ
523 2188 542 2227 ο
559 2158 689 2246 πόλεμος
708 2164 770 2238 ἕξε-
802 2151 857 2226 οάν
872 2162 979 2247 άξομεν
993 2166 1046 2231 τὸν
1055 2168 1221 2252 Βακχίδην,
1234 2171 1287 2233 καί
1300 2166 1411 2253 συλλή-

160 2252 281 2322 ναντίας
295 2244 391 2332 ήμῶν
417 2248 467 2311 καί
491 2242 649 2321 ἐξόπισθεν
675 2243 767 2331 ήμῶν.
802 2265 892 2326 ψεται
917 2245 1030 2324 αὐτοὺς
1050 2249 1167 2327 πάντας
1187 2255 1220 2316 έν
1241 2257 1327 2318 νυκτί
1348 2260 1411 2337 μιᾷ.

162 2327 199 2398 τὸ
214 2330 247 2396 δὲ
264 2328 344 2415 ὕδωρ
363 2333 421 2394 τοῦ
435 2327 481 2395 Ἰο
501 2326 595 2398 δάνου
613 2335 701 2396 ένθεν
717 2333 768 2395 καί
801 2330 831 2373 ⁶⁹
844 2331 895 2394 καί
916 2336 1113 2417 πορευθέντες
1138 2333 1410 2422 συνεβουλεύσαντο

162 2415 246 2478 ίνθεν
262 2416 314 2479 καί
331 2414 400 2488 έλος
416 2416 467 2478 καί
481 2356 537 2500 δρυ
559 2415 607 2491 ὸς,
633 2413 688 2479 οὐκ
707 2414 768 2479 ἔστι
800 2410 893 2496 αὐτῷ.
921 2415 953 2460 ⁶⁰
966 2418 1018 2481 καί
1034 2416 1133 2514 άπήρε
1150 2423 1208 2483 τοῦ
1220 2419 1322 2485 ἐλθεῖν
1335 2422 1410 2505 μετά

159 2494 257 2572 τόπος
282 2502 338 2563 τοῦ
365 2496 502 2562 ἐκκλῖναι.
547 2500 628 2563 6νῦν
641 2487 697 2562 οὖν
721 2522 768 2562 κε-
799 2497 946 2580 δυνόιμεως
958 2499 1085 2585 πολλῆς,
1097 2505 1149 2569 καί
1159 2501 1330 2568 ἀπέστειλεν
1343 2510 1409 2570 ἐπι-

160 2578 288 2666 ιιράξατε
301 2585 340 2655 εἰς
353 2579 492 2665 οὐρανὸν,
516 2577 766 2665 όπωςδιασωθή-
800 2581 910 2655 στολάς
931 2580 1037 2670 λάθρα
1058 2592 1135 2652 πᾶσι
1159 2595 1220 2660 τοῖς
1242 2585 1410 2670 συμμάχοις

161 2690 191 2729 τε
203 2668 236 2729 έν
267 2663 344 2751 ειρός
357 2669 476 2750 ἐχθροῖν
491 2662 581 2747 ὑμῶν.
596 2666 684 2729 47ιιαὶ
696 2690 766 2729 συν-
799 2663 896 2730 αὐτοῦ
909 2678 974 2741 τοῖς
987 2671 1019 2733 ἐν
1029 2674 1067 2752 τῆ
1077 2669 1222 2753 Ἰουδαίᾳ,
1236 2665 1322 2745 ὅπως
1334 2671 1409 2735 συλ-

161 2690 267 2833 ήψενό
277 2748 411 2829 πόλεμος.
451 2750 502 2811 καί
515 2751 649 2824 ἐξέτεινεν
659 2746 765 2815 Ἰωνά-
798 2744 913 2834 λάβωσι
936 2749 990 2816 τὸν
1010 2740 1165 2819 Ἰόννάθαν
1177 2757 1230 2819 καί
1251 2752 1325 2829 τοὺς
1347 2754 1407 2836 μετ’

157 2842 219 2895 θαν
244 2828 297 2915 τήν
322 2845 404 2916 χεῖρα
428 2830 526 2895 αὐτοῦ
553 2832 686 2908 πατάξαι
713 2831 766 2896 τὸν
798 2831 910 2910 αὐτοῦ,
937 2837 988 2898 καί
1001 2834 1229 2910 οδκέδόναντο,
1253 2834 1302 2900 ότι
1315 2835 1426 2915 ἐγνό·

158 2917 319 2999 Βακχίδην,
333 2917 384 2979 καί
398 2915 535 2992 ἔξείιλινεν
548 2913 598 2979 ἀπ’
616 2914 713 2979 αὐτοῦ
727 2920 766 2990 είς
798 2926 861 2999 σθη
889 2915 992 2993 αὐτοῖς
1011 2917 1031 3000 ή
1051 2918 1144 3003 βουλή
1166 2918 1279 2981 αὐτῶν.
1317 2923 1348 2964 ⁶¹
1362 2926 1413 2987 καὶ

157 3002 197 3063 τά
217 2998 325 3065 ὀπίσω.
363 2999 396 3041 ⁴⁸
411 3000 463 3063 καί
475 2999 650 3083 ἐνεπήδησεν
659 2995 764 3063 Ἰωνά-
798 2997 993 3085 συνελάβοντο
1005 3001 1067 3065 άπὸ
1079 3007 1138 3064 τῶν
1147 2998 1265 3081 ἀνδρῶν
1278 3007 1332 3082 τής
1344 3003 1412 3086 χαί.

156 3091 219 3145 θαν
231 3085 282 3146 καί
295 3086 327 3145 σί
339 3082 397 3164 μετ’
414 3082 509 3146 αὐτοῦ
528 3088 568 3157 είς
580 3082 634 3148 τὸν
645 3079 765 3165 Ἰορδά-
796 3108 851 3167 ρας
864 3090 925 3149 τῶν
937 3084 1069 3190 άρχηγῶν
1086 3086 1138 3169 τής
1155 3087 1261 3156 κακίας
1279 3089 1320 3158 εἰς
1334 3114 1411 3151 πει·-

156 3187 217 3246 νην,
231 3167 281 3226 καὶ
300 3160 534 3266 διεκολάμβησαν
551 3172 590 3239 εἰς
607 3164 644 3230 τό
658 3170 763 3248 πέραν,
797 3163 928 3251 τήκοντα
947 3169 1072 3253 ἀνδρας,
1086 3169 1137 3233 καί
1156 3164 1338 3232 ἀπέκτειναν
1352 3171 1410 3235 αδ-

156 3249 207 3310 καί
221 3245 257 3310 οίι
270 3247 409 3332 διέβησαν
427 3250 465 3310 έπ
494 3246 605 3323 αὐτοὺς
618 3249 672 3314 τὸν
683 3247 764 3331 Ἰορ·
796 3247 874 3324 τοός.
901 3252 987 3315 θῖκαί
999 3246 1347 3334 εξεχοίρησενἸωνάθαν
1360 3261 1409 3320 καί

155 3326 257 3414 δάνην.
285 3330 317 3372 ⁴⁰
331 3332 382 3394 καί
399 3321 532 3395 διέπεσον
548 3328 633 3417 παρά
645 3338 763 3415 Βακχί·
795 3339 894 3414 Σίμων
905 3334 956 3396 καί
968 3337 1000 3396 σί
1011 3332 1070 3415 μετ’
1091 3331 1190 3397 αὐτοῦ
1202 3336 1243 3406 εἰς
1256 3340 1406 3423 Βαιθβα-

155 3413 212 3476 δου
235 3419 272 3508 τι]
292 3410 385 3497 ήμίρηι
406 3417 497 3497 ἐκείνη
520 3419 558 3490 είς
575 3417 685 3500 χιλίους
708 3418 763 3482 άν-
795 3419 826 3481 σί
842 3413 897 3500 τήν
914 3419 944 3480 ἐν
967 3420 1005 3508 τῇ
1027 3412 1138 3501 ἐρήμῳ,
1159 3416 1211 3479 καί
1229 3415 1406 3502 ᾠκοδόμησε

155 3497 234 3575 δρας.
263 3501 294 3541 ⁵⁰
306 3499 357 3561 καί
370 3488 548 3581 ἐπέστρίφεν
562 3504 601 3574 είς
609 3498 762 3584 Ἰερουσα.
794 3499 1043 3585 τάκαθηρημένα
1063 3499 1173 3583 αὐτῆς,
1197 3504 1250 3564 καί
1263 3504 1404 3588 ἐστερέω-

154 3579 222 3661 λήμ,
236 3581 287 3642 καί
304 3576 476 3684 ᾠκοδόμησε
490 3581 591 3657 πόλεις
608 3581 719 3666 ὀχυράς
731 3587 762 3648 ἓν
794 3606 851 3647 σαν
862 3576 966 3669 αὐτήν.
993 3587 1023 3628 ⁶³
1036 3587 1088 3649 καί
1100 3588 1176 3662 ἔγνω
1190 3586 1345 3669 Βακχίδης
1355 3590 1404 3650 καί

154 3667 193 3751 τῇ
204 3660 352 3742 Ἰουδαίᾳ,
371 3662 407 3727 τό
427 3663 565 3748 οχόρωμα
585 3663 621 3729 τὸ
635 3667 760 3752 ἐνἸερι-
794 3664 939 3752 συνήγαγε
952 3672 1015 3733 πάν
1027 3665 1063 3733 τό
1076 3668 1197 3750 πλῆθος
1215 3666 1328 3744 αὐτοῦ,
1352 3672 1404 3733 καί

152 3741 208 3825 χιό,
221 3744 273 3807 καί
285 3743 339 3826 τήν
356 3742 520 3829 Ἐμμαοίιμ,
529 3749 580 3811 καί
592 3745 760 3830 τήνΒαιθ-
792 3763 857 3827 τοῖς
896 3754 928 3815 ἐκ
962 3756 1013 3835 τῆς
1043 3750 1194 3826 Ἰουδαίας
1216 3748 1404 3835 παρήγγειλε.

154 3825 252 3907 ωριίιν,
276 3830 326 3891 καί
339 3831 393 3909 τήν
406 3829 543 3916 Βαιθήλ,
560 3835 611 3896 καί
624 3831 677 3916 τήν
693 3837 759 3898 Θα-
792 3833 824 3876 ⁰⁴
837 3839 889 3900 καὶ
901 3833 1004 3899 ἐλθών
1021 3835 1215 3922 παρενέβαλεν
1232 3837 1283 3900 ἐπέ
1295 3842 1408 3901 Βαιθ-

149 3907 253 3986 μναθδι
268 3914 452 3995 ψαραθωνί,
477 3916 528 3979 καί
540 3912 594 3999 τήν
609 3915 713 3997 Τεφών
725 3922 758 3982 έν
789 3920 863 4003 βασί
885 3921 937 3982 καί
964 3921 1145 4004 ἐπολέμησεν
1172 3916 1267 4001 αὐτήν
1289 3918 1407 4006 ἡμέρας

149 3996 268 4071 τείχεσιν
284 3991 414 4075 ὑψηλοῖς
437 3999 488 4062 καί
505 3994 616 4073 πάλαις
632 4001 684 4063 καί
700 4027 757 4080 μσ-
789 3999 921 4075 πολλάς,
942 4005 994 4065 καί
1007 4006 1129 4086 ἐποίησε
1140 3997 1275 4086 μηχανάς.
1306 4003 1339 4045 ⁶⁵
1354 4007 1408 4068 καί

147 4073 236 4153 χλοῒς.
264 4079 344 4140 51καὶ
356 4082 446 4143 ἔθετο
460 4079 596 4164 φρουράν
608 4086 639 4146 ἐν
652 4082 756 4159 αὐτοῖς
788 4083 933 4149 άπέλνπεν
941 4082 1096 4151 Ἰωνάθαν
1108 4092 1228 4168 Σίμωνα
1239 4082 1297 4148 τόν
1312 4083 1406 4152 ἀδελ-

146 4160 202 4253 τρῦ
215 4160 377 4243 ἐχθραίνειν
391 4167 435 4243 τῴ
446 4162 572 4249 Ἰσραήλ.
605 4167 633 4208 ⁵²
646 4169 697 4230 καί
711 4167 754 4231 υί-
787 4166 847 4249 φόν
866 4167 964 4234 αὐτοῦ
983 4173 1014 4233 έν
1032 4174 1070 4251 τῇ
1091 4170 1192 4246 πόλει,
1205 4169 1258 4232 καί
1275 4170 1407 4252 ἐξῆλθεν

144 4263 259 4320 χυριοσε
272 4238 325 4322 τήν
338 4242 426 4307 πόλιν
438 4244 492 4330 τήν
510 4253 541 4312 ἐν
554 4247 753 4333 Βαιθσοάρα,
785 4258 823 4327 είς
835 4250 890 4336 τήν
902 4248 1014 4338 χώραν,
1023 4243 1074 4318 κάί
1087 4254 1209 4337 έξήλθεν
1220 4256 1253 4317 ἐν
1265 4251 1402 4336 ἀριθμῷ.

142 4324 194 4384 καί
208 4321 262 4400 τήν
274 4321 411 4409 Γάζαρα,
436 4331 487 4392 καί
504 4330 557 4412 τήν
570 4328 677 4415 άκραν,
703 4338 754 4399 καί
785 4337 818 4378 ⁶⁶
832 4340 883 4402 καί
896 4336 1046 4412 ἐπάταξεν
1062 4334 1252 4423 Ὀδοααρίρήν
1262 4340 1314 4399 καί
1326 4337 1405 4414 τοὺς

142 4405 231 4467 {vno
245 4408 275 4467 ἕν
288 4407 394 4482 αὐταῖς
404 4408 535 4491 &mim
546 4415 598 4476 καὶ
608 4420 750 4499 παραθέ-
784 4418 932 4499 ἀδελφοὺς
946 4419 1104 4486 αὐτοῦκαὶ
1119 4419 1191 4494 τοὺς
1204 4416 1285 4494 υίοίις
1302 4425 1406 4486 Φασι-

139 4510 198 4565 σεις
219 4485 400 4577 βρωμάτων.
430 4494 459 4536 ⁵³
484 4495 536 4557 καί
560 4494 651 4583 ἔλαβε
676 4496 748 4576 τούς
785 4503 848 4588 ρών
862 4507 893 4568 ἐν
910 4509 955 4589 τῷ
976 4500 1145 4588 σκηνώματι
1165 4502 1279 4579 αὐτῶν,
1307 4505 1340 4547 ⁶²
1354 4511 1407 4573 καί

1312 4590 1404 4676 ἕξον-
