2924 4972
160 264 226 329 732
541 261 716 323 ΑΜΩΣ
755 261 832 336 Κεφ.
849 249 943 333 γ’.δ.
957 257 1033 320 (λεὶ.

158 374 273 464 τρόπον
289 376 418 441 κυλίεται
437 375 454 459 ή
475 374 574 458 ἅμαξα
593 374 612 460 ή
630 380 766 461 γέμουσα
801 404 837 460 ση
853 372 871 441 ό
885 378 1044 460 ποιμήνέιι
1057 376 1206 461 στόματος
1218 382 1274 442 τοῦ
1288 377 1415 452 λέοντος

157 456 298 545 καλάμης.
330 460 430 524 14καὶ
452 458 608 525 ἀπολεῖται
629 459 709 544 φυγή
734 464 766 525 ἐκ
800 450 856 525 δύο
875 461 964 544 σκέλη
984 459 1003 545 ή
1020 460 1112 546 λοβὸν
1131 459 1238 530 ῶτίου,
1252 457 1351 536 ούτως
1365 465 1414 526 ε’κ-

158 548 302 628 δρομέως,
326 544 379 607 ιιαλ
391 540 413 607 ὁ
428 542 571 646 κραταιός
590 541 626 607 ού
639 541 680 626 μή
691 569 766 629 κρα-
801 538 1036 628 σπασθήσσνται
1059 548 1091 607 οἱ
1116 548 1178 609 υἱοὶ
1200 539 1346 628 Ἰσραήλ,
1383 549 1415 609 οῖ

158 625 233 731 τήση
247 632 299 709 τής
311 621 414 710 ίσχύος
426 631 532 700 αυτοῦ,
543 628 594 690 καί
606 623 624 690 ό
637 626 767 710 μαχητής
801 630 1006 701 κατοικοῦντες
1028 630 1060 691 ἐν
1076 632 1234 712 Σαμαρείᾳ
1253 631 1414 693 κατέναντι

159 738 197 775 ου
208 708 248 794 μή
262 704 346 800 σῶση
360 708 414 793 τήν
427 708 526 794 ψυχήν
539 708 651 785 αὐτοῦ,
676 711 703 752 ¹⁵
716 712 767 773 καί
800 713 853 792 τῆς
882 707 979 792 φυλῆς
1003 711 1056 774 καὶ
1079 713 1110 775 έν
1135 716 1300 794 Δαμασκῷ.
1329 716 1414 797 ἱερεῖς

159 792 177 858 ὁ
190 787 311 876 τοξότης
325 790 363 856 ού
379 792 420 874 μή
439 791 575 884 ὑποστῇ,
601 793 654 856 καὶ
666 787 684 856 ό
698 789 767 867 ὀξύς
801 788 1009 868 13ιῖικούσατε,
1033 794 1085 856 καί
1102 791 1352 877 ἐπεμαρτύρασθε
1367 799 1414 877 τῶ

158 889 223 949 τοῖς
233 877 324 940 ποσὶν
337 872 433 940 αὐτοῦ
450 873 487 940 ού
500 874 541 959 μή
554 875 704 967 διασωθῇ,
717 877 768 939 καὶ
801 874 875 957 οἴκῳ
886 872 1007 960 Ἰακῶβ,
1032 875 1111 953 λέγει
1133 877 1236 960 κύριος
1258 874 1277 941 ὁ
1299 876 1377 952 θεὸς·
1394 875 1412 942 ὁ

160 957 300 1031 ὁίππεύς
317 955 407 1064 οβμή
424 957 511 1061 σῶση
526 955 583 1060 τήη
597 958 696 1060 ψρχήν
710 956 768 1060 αὖ·
801 954 1033 1106 παντοκράτωρ.
1060 959 1089 1000 ¹⁴
1112 957 1190 1024 διότι
1207 963 1239 1025 ἐν
1255 965 1295 1052 τῇ
1315 957 1412 1107 ήρέρρ

159 1048 225 1116 τοῦ,
252 1042 373 1105 mmo
390 1066 533 1144 {ematve
549 1067 587 1106 οη
601 1069 642 1125 μη
655 1066 767 1143 τορησρ
802 1040 877 1144 ὁραν
888 1042 921 1103 ἐκ
941 1068 995 1105 ικω
1010 1041 1145 1128 ἀσεβείας
1157 1048 1213 1108 τοῦ
1223 1040 1330 1127 Ἰσραη
1364 1047 1403 1108 ἐπ

158 1125 214 1210 τήν
226 1124 350 1209 καρδίαι
370 1129 467 1190 αυτοῦ
485 1125 722 1198 ἐνδυναστείαις.
749 1150 766 1189 ο
802 1121 907 1198 αυτόν,
929 1126 982 1188 καί
1003 1123 1148 1210 ἐκδικήσω
1167 1128 1217 1191 ἐπὶ
1236 1125 1276 1191 τά
1298 1137 1414 1193 θυσια-

159 1207 269 1290 γυμνὸς
289 1204 426 1283 διῶξεται
449 1209 480 1273 ἐν
500 1211 592 1302 ἐκείνη
614 1212 652 1302 τῇ
670 1204 766 1293 ἡμέρας
803 1202 908 1292 στήρια
919 1207 1055 1292 Βαιθήλ.
1081 1204 1414 1293 καλκατασκαφήσεται

161 1291 238 1370 λέγει
250 1289 358 1377 κύριος.
802 1287 842 1354 τά
855 1293 968 1375 κέρατα
980 1297 1035 1358 τοῦ
1046 1295 1349 1374 θυσιαστηρίου,καὶ
1359 1319 1414 1360 πε-

193 1383 206 1412 ⁹
361 1380 483 1439 ΚΕΦ.
526 1371 581 1440 Γ’.
805 1379 927 1438 σοῦνται
944 1376 994 1439 ἐπὶ
1011 1375 1066 1441 τ“ν
1081 1380 1146 1461 γήν.
1184 1378 1341 1460 15συγχεῶ
1363 1379 1416 1442 καί

161 1427 345 1524 Ᾰκούσατε
357 1457 410 1522 τὸν
427 1453 518 1561 λόγον
531 1463 662 1535 τοῦτον,
689 1455 724 1523 ὃν
737 1461 768 1523 ἐ-
804 1452 931 1532 πατάξω
942 1457 997 1522 τὸν
1009 1403 1057 1523 οδε
1129 1458 1135 1477 “

1058 1485 1093 1524 ον
1105 1482 1157 1523 τον
1168 1465 1349 1545 περίπτερον
1362 1463 1413 1525 ἐπὶ

161 1539 272 1624 λάλησε
283 1535 385 1625 κύριος
399 1546 436 1621 ἐφ
458 1566 478 1605 υ
520 1568 535 1616 ς
547 1539 629 1615 οἶκος
637 1541 768 1626 Ἰσραήλ,
804 1539 859 1604 τὸν
871 1538 954 1605 ολκον
966 1540 1020 1607 τὸν
1030 1538 1169 1628 θερινόν,
1194 1545 1245 1607 καὶ
1258 1541 1413 1608 ἀπολούν-

160 1619 302 1690 καὶκατὰ
318 1623 416 1706 πάσης
431 1648 473 1704 (pv
493 1628 541 1706 ῆς,
567 1615 603 1708 ής
615 1621 766 1708 ἀνήγαγον
804 1648 855 1687 ται
868 1621 946 1688 οἶκοι
958 1619 1155 1705 ἐλεφάντινοι,
1180 1628 1267 1690 καὶπ
1305 1622 1413 1728 ςτεθή-

160 1712 194 1774 ἐκ
207 1711 260 1790 γής
272 1701 443 1783 Αἰγύπτου,
456 1705 560 1784 λέγων.
582 1705 681 1791 2πλήν
693 1705 769 1791 ὑμᾶς
807 1731 909 1772 οονται
921 1712 1017 1794 ἕτεροι
1029 1707 1109 1774 οἶκοι
1120 1707 1242 1786 πολλοὶ,
1298 1711 1346 1787 ’γει
1358 1737 1413 1774 κυ-

162 1794 257 1869 ἐγνοιν
268 1793 301 1855 ἐκ
319 1793 429 1855 πασῶν
441 1794 503 1856 τῶν
520 1791 626 1871 φυλῶν
639 1795 692 1876 τής
702 1796 766 1879 γής,
807 1815 878 1875 ριος.

162 1873 213 1941 διὰ
236 1878 328 1938 τοῦτο
353 1869 497 1956 ἐκδικήσω
518 1879 556 1953 ἐφ
577 1872 650 1956 ύμᾶς
667 1875 769 1949 πάσας
836 1883 851 1910 ⁰
997 1880 1031 1940 Κ
1042 1881 1072 1940 Ε
1083 1880 1121 1941 Φ.
1166 1871 1216 1941 Δ’.

161 1957 216 2031 τὰς
227 1955 374 2040 ἁμαρτίας
388 1954 477 2038 ὑμῶν.
503 1957 556 2019 3εί
571 1953 768 2042 πορεύσονται
807 1922 991 2024 Ακαύσατε
1007 1958 1062 2024 τὸν
1078 1954 1170 2037 λόγον
1186 1965 1296 2025 τοῦτον
1318 1957 1415 2044 δαμά·

162 2037 391 2105 δύοέπιτοαυτό
405 2037 559 2114 καθόλου,
572 2038 624 2105 ἐὰν
636 2040 676 2124 μή
690 2067 769 2119 γνω·
806 2039 928 2125 λειςτῖγς
947 2043 1163 2120 Βασανίτιδος,
1199 2048 1233 2107 αἱ
1251 2048 1338 2127 ἐντῶ
1352 2046 1415 2130 ὄρει

163 2127 282 2208 ρίσωσιν
294 2120 423 2197 ἑαυτούς
428 2151 440 2200 ,-
464 2123 481 2165 ⁴
495 2127 520 2186 ελ
534 2124 680 2204 ἐρεύξεται
692 2124 769 2189 λέων
806 2128 859 2208 τής
870 2132 1057 2209 Σαμαρείας,
1082 2130 1116 2191 αἱ
1133 2123 1413 2192 καταδυναστεύου-

162 2209 195 2272 ἐιι
207 2210 263 2271 τοῦ
276 2205 388 2292 δρυμοῦ
398 2202 603 2292 αύτοῶθήραν
613 2205 668 2273 ούκ
680 2209 767 2292 ἔχωνς
808 2232 859 2273 σαι
871 2205 1023 2293 πτωχούς,
1048 2212 1101 2274 καὶ
1112 2215 1344 2275 καταπατοῦσαι
1358 2215 1413 2275 πέ-

162 2294 187 2355 εί
199 2285 286 2354 δῶσει
304 2284 428 2369 σκύμνος
445 2288 546 2372 φωνήν
566 2288 661 2356 αὐτοῦ
673 2293 704 2354 ἐκ
717 2296 769 2374 τῆς
807 2315 915 2375 νητας,
940 2296 974 2356 αἱ
989 2292 1129 2369 λέγουσαι
1146 2304 1209 2367 τοῖς
1225 2300 1337 2378 κυρίοις
1356 2293 1414 2358 αύ-

162 2368 292 2458 μάνδρας
304 2371 401 2437 αὐτοῦ
414 2369 568 2447 καθόλου,
594 2372 646 2438 ἐὰν
657 2372 698 2458 μή
711 2371 768 2458 ἆρ-
805 2379 877 2448 τῶν,
890 2375 1008 2440 ἐπίδοτε
1022 2371 1089 2459 ήμίν
1110 2372 1193 2452 ὅπως
1202 2382 1324 2459 πίωμεν.
1351 2380 1365 2418 ²
1379 2376 1414 2441 ὀ-

162 2453 247 2548 πάση
260 2461 292 2519 τί
294 2484 306 2534 ,·
332 2457 346 2500 ⁵
359 2461 383 2520 ελ
394 2467 527 2521 πεσεῖται
540 2455 642 2540 ὄρνεον
654 2459 704 2522 ἐπὶ
715 2463 769 2540 τῆς
805 2455 883 2538 μνύει
901 2455 1001 2541 κύριος
1021 2457 1100 2523 κατὰ
1117 2464 1179 2524 τῶν
1195 2456 1289 2537 ἁγίων
1302 2457 1413 2534 αὐτοῦ,

162 2544 216 2624 γής
242 2538 311 2604 άνευ
342 2541 475 2618 ίξευτοῦς
497 2545 539 2604 ἐλ
563 2551 665 2624 σχαοθ
675 2541 769 2605 ’σεται
806 2535 881 2603 διότι
901 2537 968 2605 ίδού
985 2538 1090 2626 ήμέραι
1113 2545 1251 2628 ἔρχονται
1268 2539 1414 2623 ἐφ’ύμῶς,

163 2624 254 2700 παγίς
266 2624 316 2687 ἐπὶ
327 2627 379 2706 τῆς
390 2627 445 2726 γῆς
463 2621 532 2689 άνευ
543 2628 599 2688 τοῦ
613 2568 769 2708 συλλαβεῖν
806 2625 856 2686 καί
868 2621 1017 2725 λήψονται
1031 2623 1106 2709 ὑμᾶς
1119 2631 1150 2691 ἐν
1164 2623 1414 2701 όπλοις,καὶτούς

163 2711 195 2770 τί
197 2733 210 2783 ,·
237 2707 292 2770 6εί
312 2731 443 2788 φωνήσει
469 2703 597 2784 σάλπιγξ
620 2710 651 2770 ἐν
671 2706 767 2781 πόλει,
805 2703 871 2789 μεθ’
888 2711 969 2790 υμῶν
982 2713 1021 2783 είς
1034 2709 1159 2795 λέβητας
1180 2705 1413 2791 ύποκαιομένους

163 2791 215 2853 καὶ
233 2787 305 2863 λαός
329 2786 366 2852 ού
388 2787 613 2871 πτοηθήσεταις
641 2795 666 2855 εί
683 2793 768 2855 ἔσται
806 2788 984 2876 ἐμβαλοῦσιν
997 2792 1244 2876 έμπυροιλοιμοί,
1269 2792 1412 2866 3καλέξε-

163 2874 253 2934 κακία
267 2875 300 2934 ἐν
317 2866 412 2944 πόλει,
425 2867 462 2954 ἣν
478 2869 578 2957 κύριος
592 2871 647 2936 ούιι
665 2878 768 2957 ἐποίη·
806 2868 987 2956 νεχθήσεσθε
1009 2877 1118 2957 γυμναὶ
1140 2876 1295 2939 κατέναντι
1318 2869 1415 2957 ἆλλή·

164 2978 229 3031 σενς
256 2948 359 3018 7διότι
376 2951 414 3018 οὐ
431 2952 471 3037 μή
488 2951 601 3059 ποιήση
623 2951 723 3040 κύριος
750 2954 767 3021 ὁ
807 2954 885 3030 λων,
897 2957 950 3019 καὶ
967 2952 1207 3042 ἀποβριφήσεσθε
1224 2962 1262 3030 είς
1288 2953 1325 3019 τό
1339 2955 1412 3038 όρος

163 3036 237 3112 θεὸς
261 3042 389 3122 πρᾶγμα
394 3085 404 3112 ,
436 3037 490 3102 ἐὰν
513 3037 554 3122 μή
581 3032 768 3126 λιποκαλύψη
807 3035 844 3103 τό
853 3034 999 3122 Ῥομμδν,
1011 3039 1086 3116 λέγει
1099 3033 1208 3121 κύριος.
1222 3039 1239 3080 ⁴
1253 3034 1411 3119 είςήλθατε

162 3121 298 3185 παιδείαν
323 3120 400 3202 πρὸς
423 3124 495 3195 τοὺς
519 3118 647 3197 δούλους
672 3119 768 3187 αὐτοῦ
806 3125 846 3196 είς
869 3118 1005 3204 Βαιθήλ,
1030 3122 1080 3185 καλ
1104 3116 1270 3204 ἠσεβήσατε,
1295 3121 1348 3182 καὶ
1374 3126 1414 3196 εἰς

164 3202 234 3278 τοὺς
258 3204 425 3306 προερήτας.
465 3204 584 3270 ε’λέων
610 3204 768 3292 ἐρεύξεται,
807 3199 956 3281 Γάλγαλα
973 3198 1159 3286 ἐπληθύνατε
1176 3207 1234 3266 τοῦ
1255 3201 1413 3306 άσεβήσαι.

163 3288 215 3350 καὶ
237 3291 281 3362 τίς
305 3313 343 3353 ου
367 3285 590 3374 φοβηθήσεταις
622 3287 723 3375 κύριος
750 3285 767 3354 ὁ
807 3289 856 3352 καλ
874 3285 1014 3370 ήνέγκατε
1027 3286 1320 3369 είςτσπρωῒθυσίας
1335 3293 1416 3369 υμῶν

162 3369 234 3445 θεὸς
246 3371 438 3455 ἐλάληοε,καί
449 3378 493 3448 τίς
502 3371 539 3438 οίι
553 3369 768 3458 προφητεύσεις
807 3375 846 3446 είς
853 3371 906 3453 τήν
917 3375 1085 3474 τριημερίαυ
1095 3368 1136 3434 τόι
1145 3370 1307 3435 ἐπιδέκατα
1317 3366 1412 3453 ὑμῶν.

162 3454 384 3533 9οἰναγγείλατε
408 3455 519 3542 χώραις
544 3460 576 3520 ἐν
595 3456 767 3542 Ἀσσυρίοις,
808 3454 883 3519 ‘ml
897 3451 1069 3531 ἀνέγνωσαν
1081 3455 1143 3529 ἔξω
1156 3449 1259 3536 νόμον,
1282 3456 1332 3518 καὶ
1344 3457 1412 3517 ἐπε-

162 3535 694 3624 καὶἐπίτάςχῶραςτήςΑίγύπτου,
719 3541 770 3603 καὶ
808 3537 975 3604 καλέσαντο
1009 3534 1178 3621 ὁμολογίας.
1219 3535 1411 3615 άναγγείλαιε

162 3623 272 3685 είπατε.
300 3620 467 3706 συνάχθητε
489 3624 539 3687 ἐπὶ
555 3621 591 3687 τό
610 3621 681 3706 όρος
702 3630 769 3687 Σα-
809 3617 856 3685 ὅτι
868 3626 968 3687 ταῦτα
988 3617 1148 3705 ἠγάπησαν
1166 3625 1197 3686 σί
1210 3624 1270 3685 υίοὶ
1279 3617 1412 3704 Ἰσραήλ,

162 3709 299 3788 μαρείας,
323 3707 376 3769 καὶ
386 3707 459 3770 ἴδετε
487 3705 653 3789 θαυμαστά
666 3705 768 3772 πολλὰ
807 3701 886 3780 λέγει
911 3700 1020 3790 κύριος.
1047 3707 1125 3769 6καὶ
1148 3701 1207 3783 ἐγῶ
1229 3699 1315 3768 δῶσιν
1342 3699 1413 3784 ὑμῖν

162 3789 195 3848 ἐν
213 3789 294 3869 μέσῳ
316 3787 424 3871 αὐτῆς,
451 3791 503 3853 καὶ
519 3791 769 3856 καταδυναστείαν
808 3788 998 3890 γομφιασμόν
1018 3785 1151 3853 ὀδόντων
1170 3791 1202 3853 ἐν
1218 3784 1326 3858 πάσαις
1345 3796 1413 3859 ταῖς

163 3866 218 3951 τήν
231 3868 359 3960 έναύτῇ.
390 3873 419 3914 ¹⁰
432 3870 550 3937 καὶούκ
564 3877 637 3951 ἔγνω
650 3871 672 3937 ἃ
685 3877 768 3938 ἐσται
807 3872 928 3938 πολεσιν
946 3871 1041 3955 ὑμῶν,
1069 3873 1119 3936 καί
1138 3872 1246 3936 ἔνδειαν
1261 3866 1361 3950 άρτισν
1381 3871 1413 3932 ἐν

165 3954 298 4017 ἐναντίον
311 3953 419 4035 αὐτῆς,
431 3953 511 4033 λέγει
524 3951 643 4042 κύριος,
661 3959 692 4018 σί
708 3967 769 4039 θη·
807 3957 883 4017 πᾶσι
895 3965 959 4029 τοῖς
971 3953 1077 4030 τόποις
1095 3953 1189 4036 ὑμῶν,
1213 3953 1263 4017 καὶ
1275 3947 1332 4015 σύν
1345 3955 1415 4015 εἶπεν

164 4037 347 4119 παυρίζοντες
360 4036 478 4103 ἀδικίαν
494 4040 546 4103 καὶ
559 4038 768 4123 ταλαιπωρίαν
808 4039 958 4120 στρέψατε
972 4039 1049 4123 πρὸς
1060 4038 1106 4119 μὲ,
1119 4038 1198 4115 λέγει
1211 4033 1317 4120 κύριος.
1345 4036 1415 4099 7καί

164 4120 196 4180 ἐν
215 4129 281 4192 ταῖς
299 4117 409 4202 χώραις
427 4120 536 4186 αὐτῶν.
574 4119 768 4185 11διόιτούτο
809 4117 869 4197 ἐγῶ
888 4117 1014 4204 ἀνέσχον
1037 4117 1162 4203 ἔξύμῶν
1181 4119 1236 4185 τόν
1256 4116 1414 4203 ύετόνπρό

163 4196 234 4263 τάδε
252 4200 327 4278 λέγει
340 4200 440 4286 κύριος
458 4201 475 4266 ὁ
494 4199 575 4278 θεός.
605 4199 703 4288 Τύρος
716 4231 767 4268 κυ-
808 4207 901 4288 τριῶν
913 4208 1014 4287 μηνῶν
1027 4210 1083 4268 τοῦ
1097 4207 1261 4290 τρυγητού,
1282 4205 1414 4288 καὶβρέ·

163 4278 274 4349 ιιλόθεν
286 4282 305 4368 ή
319 4285 357 4365 γῆ
375 4309 431 4349 σου
448 4283 692 4390 ἐρημωθήσεται,
717 4290 769 4353 καὶ
809 4287 851 4362 ξω
866 4288 917 4351 ἐπὶ
928 4283 1018 4352 πόλιν
1030 4293 1115 4370 μίαν,
1135 4289 1186 4352 ἐπὶ
1198 4285 1230 4352 δὲ
1243 4284 1335 4351 πόλιν
1345 4290 1415 4368 μίαν

161 4363 281 4444 κατάξει
300 4371 332 4432 ἐκ
351 4368 409 4432 σού
429 4372 512 4452 ίσχυν
533 4393 604 4446 σου,
617 4372 669 4435 καὶ
683 4370 765 4456 διαρ-
809 4368 846 4434 ού
858 4372 960 4456 βρεξω.
984 4372 1065 4456 μερὶς
1077 4376 1130 4454 μία
1142 4366 1337 4458 βραχήσεται,
1364 4367 1416 4433 καί

161 4449 352 4554 παγήσηνται
370 4455 403 4516 αἱ
422 4457 518 4540 χῶροί
541 4477 607 4518 σου.
656 4457 683 4497 ¹²
695 4452 767 4522 τάδε
807 4456 888 4540 μερὶς
900 4452 944 4534 ἐφ’
965 4451 1003 4538 ἣν
1015 4451 1052 4519 ού
1070 4455 1168 4540 βριξω
1185 4449 1415 4539 ξηρανθήσεται.

161 4533 237 4617 λέγει
250 4562 358 4624 κυριος.
386 4531 422 4603 ὃν
435 4535 548 4626 τρόπον
566 4533 641 4608 όταν
654 4535 767 4609 ἐκσπά·
808 4539 889 4604 8καί
922 4534 1239 4623 συναθροισθήσονται
1272 4533 1330 4602 δύο
1364 4537 1417 4599 καί

1336 4629 1415 4700 τρεῖς
