2924 4972
148 189 194 260 40
322 142 336 163 ι
442 193 713 254 ΓΕΝΕΣΙΣ
751 182 1095 272 Κεφ.λζ’.λη’.37.38.

150 310 235 372 ἔστιν.
274 300 332 383 ἐγάν
362 302 393 369 δὲ
420 308 483 370 ποῦ
507 299 670 388 πορεύομαι
695 305 737 366 ἔτι
743 331 755 382 ;
788 306 842 367 τοῦ
854 300 1000 378 θεοῡςὸτι
1013 305 1129 387 ἐποίησε
1139 307 1236 368 τοῦτο.
1257 307 1309 369 καὶ
1320 309 1398 371 ἐθα-

149 394 177 434 ³¹
190 388 230 453 λοι
250 387 329 462 όντες
340 386 371 451 δὲ
383 383 436 451 τὸν
446 391 556 470 χιτῶνα
569 390 623 450 τοῦ
634 381 756 469 Ἰωσὴφ,
787 380 897 450 νάτιοσε
911 387 962 449 καὶ
974 389 1087 450 τοῦτον.
1125 389 1150 428 ¹¹
1162 385 1223 450 εἷπε
1234 386 1267 450 δὲ
1280 385 1398 467 Ἰούδας

151 392 282 551 ἔσφαξαν
298 473 399 555 ἔριφον
416 473 522 546 αἰγῶν,
547 471 598 532 καὶ
613 464 757 574 ἐμόλυναν
793 464 900 553 Θάμαρ
912 472 951 561 τῇ
962 464 1059 562 νύμφη
1072 466 1175 533 αὐτοῦ.
1201 465 1301 534 κάθου
1319 468 1396 558 χηρα

149 551 203 619 τὸν
212 557 320 639 χιτῶνα
332 558 375 636 τῷ
390 557 499 633 αἰζιιατι.
522 554 551 594 ³²
560 554 612 615 καὶ
622 553 757 616 απέστει-
788 553 818 615 ἐν
828 555 872 634 τῷ
884 551 956 635 οἴκῳ
976 556 1030 616 τοῦ
1048 548 1163 638 πατρός
1178 578 1246 629 σου,
1272 558 1327 630 ἔως
1342 559 1394 638 με’-

149 637 206 702 λαν
218 633 269 701 τὸν
282 640 390 719 χιτῶνα
402 632 454 699 τάν
465 635 614 710 ποικίλον,
639 636 690 699 καὶ
702 638 754 708 εἰς·
787 659 841 711 γας
859 637 977 717 γίνηται
995 634 1106 717 Σηλώμ
1125 630 1143 699 5
1162 631 1226 709 υἱός
1241 661 1306 716 μου.
1334 637 1396 704 εἶπε

148 716 270 803 ύνεγκαν
282 717 330 802 τῷ
348 719 441 800 πατρὶ
463 716 571 781 αὐτῶν.
596 718 647 781 καί
663 715 754 780 εἶπαν.
786 713 853 802 γάρ.
871 713 996 801 μήποτε
1009 714 1152 810 ἀποθάνη
1165 710 1325 796 καλούτος,
1338 719 1396 798 ὥς-

149 807 258 868 τσῦτον
272 798 398 885 εύρομεν,
411 803 554 877 ἐπίγνωθι
566 805 590 863 εἲ
601 798 689 885 χιτὼν
700 803 755 862 τοῦ
786 824 840 885 περ
854 801 904 863 καὶ
917 803 948 864 οἶ
960 798 1082 881 ἀδελφοὶ
1095 798 1196 865 αὐτοῦ.
1219 798 1396 870 ἀπελθοῦσα

149 888 217 950 υλοῦ
233 909 288 949 σου
301 886 394 960 ἐστὶν,
417 881 499 967 ησύ.
538 884 567 925 ³³
579 885 630 946 καὶ
642 884 755 959 ἐπέγνω
786 881 818 947 δὲ
842 878 949 987 Θάμαρ
970 879 1102 968 ἐκάθητο
1126 886 1156 946 ἐν
1179 888 1224 967 τῷ
1248 886 1321 969 σύκῳ
1339 891 1395 952 τοῦ

150 964 258 1043 αὐτὸν,
282 967 332 1030 καὶ
345 965 414 1031 εἷπε.
443 962 531 1065 ηιτών
546 969 602 1030 τοῦ
619 969 688 1030 υἱοῦ
698 991 755 1047 μου
786 965 900 1050 πατρὸς
913 971 1011 1048 αυτῆς.
1035 969 1062 1009 ¹²
1075 963 1304 1069 ἐπληθύνθησαν
1315 968 1347 1034 δὲ
1360 974 1395 1034 αλ

148 1053 218 1116 ἐστι’.
232 1055 476 1153 θηρίσνπονηρον
484 1049 646 1128 κατέφαγεν
654 1043 754 1117 αὐτόν,
786 1045 905 1131 ἢμέραι,
934 1052 985 1114 καὶ
1009 1046 1142 1114 ἀπέθανε
1166 1057 1254 1115 Σαυα
1279 1048 1298 1134 ἦ
1322 1052 1394 1137 γυνη

149 1140 257 1216 θηρίον
269 1135 382 1218 ἥρπασε
394 1131 447 1196 τὸν
455 1127 573 1214 Ἰωσήφ.
589 1133 620 1173 ³⁴
630 1132 755 1214 διέρρηξε
783 1127 892 1196 Ἰούδα.
917 1134 968 1196 καὶ
980 1131 1182 1217 παρακληθεὶς
1198 1130 1313 1210 Ἰούδας
1325 1134 1395 1200 ἀνέ-

148 1215 179 1281 δὲ
194 1215 304 1302 Ἰακὼβ
314 1214 353 1279 τά
367 1211 469 1296 ἶμάτια
486 1212 597 1290 αύτοῡ,
622 1216 672 1278 καὶ
685 1216 753 1278 ἐπέ·
784 1218 822 1301 βη
835 1215 886 1278 ἐπὶ
897 1214 966 1290 τοὺς
977 1222 1124 1297 κείροντας
1134 1216 1174 1280 τά
1186 1213 1325 1304 πρόβατα
1337 1217 1395 1283 ah.

148 1309 222 1364 θετο
240 1295 351 1364 σάκκον
375 1300 425 1363 ἐπὶ
449 1294 502 1396 την
527 1295 622 1376 ὀσφῦν
647 1293 754 1373 αὐτοῦ,
785 1302 854 1373 τοῦ,
876 1294 967 1372 αὐτὸς
979 1301 1030 1364 καὶ
1042 1298 1136 1384 Ελράς
1148 1296 1166 1364 5
1179 1300 1286 1383 ποιμὴν
1297 1299 1394 1366 αὐτοῦ

146 1384 198 1446 καὶ
221 1385 338 1449 ἐπένθει
361 1377 414 1445 τὸν
438 1385 503 1445 υἶον
528 1378 625 1444 αὐτοῦ
646 1376 754 1463 ἡμέρας
784 1377 800 1445 5
825 1377 1038 1466 Ὀδολλιιμὶτης
1064 1387 1103 1458 εἷς
1138 1380 1250 1465 Θαμνά.
1295 1385 1393 1449 13καὶ

147 1459 270 1538 πολλάς.
310 1465 338 1506 ³⁶
352 1459 538 1547 συνήχθησαν
554 1459 585 1525 δὲ
602 1457 708 1544 πάντες
724 1465 754 1526 οἱ
785 1459 936 1548 ἀπηγγέλη
966 1462 1074 1549 Θάμαρ
1098 1469 1136 1555 τῇ
1166 1461 1262 1550 νύμφη
1288 1464 1391 1544 αὐτοῦ,

148 1548 209 1610 υἱοὶ
218 1544 314 1624 αὐτοῦ
323 1546 374 1610 καὶ
383 1550 417 1609 αἱ
425 1545 651 1628 θυγατερες,καλ
660 1543 755 1627 ἦλθον
785 1545 922 1623 λέγοντες.
940 1546 1005 1610 ἰδού
1018 1544 1036 1611 5
1048 1544 1189 1632 πενθερός
1200 1539 1253 1612 σού
1266 1546 1393 1636 ἀναβαί-

148 1629 358 1715 παρακαλέσαι
384 1623 484 1693 αὐτόν.
515 1628 566 1690 καὶ
586 1624 642 1691 σύκ
667 1624 753 1711 η’θελε
784 1653 822 1693 νει
835 1634 874 1704 εἷς
891 1627 1005 1711 Θαμνὰ,
1028 1640 1120 1714 κεῖραι
1132 1629 1171 1693 τά
1183 1626 1324 1715 πρόβατα
1336 1631 1393 1696 αά-

148 1712 405 1797 παρακαλεῖσθαι,
430 1711 531 1788 λέγων.
562 1704 609 1774 ὅτι
621 1705 752 1797 καταβη-
783 1716 846 1776 τοῦ.
872 1711 901 1757 ¹⁴
914 1712 965 1776 καὶ
976 1711 1158 1798 περιελομένη
1170 1711 1209 1776 τά
1226 1710 1328 1794 ἱμάτια
1340 1719 1392 1797 τῆς

150 1821 239 1877 σομαι
264 1793 340 1880 πρὸς
357 1792 410 1858 τὸν
427 1788 492 1858 υἶύν
506 1818 563 1875 μου
580 1796 698 1857 πενθῶν
715 1797 753 1868 εἷς
782 1790 939 1880 χηρεύσεισς
960 1791 1010 1876 ἀφ’
1034 1797 1154 1879 ἑαυτῆς,
1184 1797 1333 1882 περιέβαλε
1354 1797 1390 1862 τὸ

148 1876 232 1961 ᾅδου,
260 1879 311 1941 καλ
336 1877 471 1941 ἔκλαυσεν
494 1871 587 1939 αὐτὸν
612 1872 630 1939 5
652 1872 753 1960 πατὴρ
783 1882 955 1962 θέριστρον,
989 1879 1039 1943 καὶ
1065 1878 1305 1956 ἐκαλλωπέυατο,
1341 1883 1392 1945 καλ

148 1959 254 2024 αὐτοῦ.
281 1961 312 2003 ³⁰
324 1958 395 2024 οἶδε’
409 1959 591 2043 Μαδιηναῒσι
605 1956 753 2024 ἀπέδοντο
784 1961 902 2025 ἐκάθισε
919 1959 995 2046 πρὸς
1019 1973 1085 2037 ταῖς
1107 1957 1215 2039 πύλαις
1232 1962 1346 2041 Αἷνάν,
1372 1959 1392 2047 ἥ

148 2042 202 2108 τὸν
210 2039 323 2125 Ἰωσὴφ
337 2046 375 2118 εἷς
386 2045 544 2120 Αἴγυπτον
559 2045 604 2126 τῷ
615 2047 753 2140 Πετεφρη
784 2048 860 2110 ἐστιν
873 2047 903 2108 ἐν
919 2039 1046 2129 παρόδῳ
1069 2041 1183 2128 Θαμνά,
1209 2047 1249 2111 ἴδε
1266 2046 1325 2132 γάρ
1343 2042 1391 2111 ἀτι

148 2132 193 2208 τῷ
207 2122 347 2198 σπάδοντι
363 2123 479 2208 Φαραώ
492 2122 695 2212 ἀρχιμαγελριρ.
783 2130 873 2211 μέγας
896 2129 995 2205 γε’γονε
1016 2123 1135 2232 Σηλιύμ.
1167 2126 1257 2206 αὐτὸς
1279 2129 1311 2194 δὲ
1336 2127 1390 2194 σύκ

179 2216 192 2249 ’
321 2215 395 2274 ΚΕ
407 2214 446 2273 Φ,
487 2208 575 2272 AH'.
784 2212 889 2276 ἔδωκεν
913 2208 1004 2292 οιάτην
1029 2215 1113 2293 αυτῷ
1136 2224 1268 2288 γυναῖκα.
1300 2214 1327 2255 ¹⁵
1339 2215 1390 2278 καλ

149 2258 201 2355 Ε
204 2295 302 2372 γένετο
314 2290 346 2357 δὲ
359 2297 389 2358 ἐν
401 2297 446 2375 τῷ
455 2318 504 2356 και
524 2294 668 2374 ῷέκεένῳ,
680 2315 754 2355 κατ·
785 2292 854 2360 ἐδών
867 2291 959 2376 αὐτην
971 2288 1087 2368 Ἰούδας
1104 2295 1198 2371 ἔδοξεν
1209 2294 1301 2378 αὐτὴν
1311 2292 1390 2380 πάρ-

150 2378 202 2481 εβη
208 2374 323 2451 Ἰούδας
328 2372 389 2440 ἀπὸ
395 2316 591 2456 τῶνάδελφῶν
596 2371 698 2449 αάτοῦ,
704 2376 755 2438 καὶ
783 2401 833 2461 νην
845 2375 924 2441 εἶναι.
940 2372 1167 2457 κατεκαλύψσιτο
1178 2377 1237 2464 γάρ
1250 2379 1285 2444 τὸ
1298 2377 1390 2463 πρός-

148 2465 271 2539 αφίκετο
284 2463 339 2534 ἔως
350 2458 425 2545 πρὸς
442 2456 605 2541 ἀνθρωπον
621 2453 687 2521 τινά
700 2454 754 2521 '0-
784 2485 867 2525 ωπον
889 2457 988 2542 αὐτῆς.
1019 2460 1070 2523 καλ
1086 2457 1140 2524 σάκ
1157 2463 1270 2538 ἐπέγνω
1288 2458 1388 2562 αὐτην.

148 2542 333 2627 δολλαμλτην,
346 2533 372 2626 ᾦ
384 2540 478 2625 ὄνομα
486 2537 587 2628 Εἰράς.
600 2541 672 2605 2καὶ
684 2538 754 2605 εἶδεν
783 2545 811 2586 ¹⁰
823 2542 943 2621 ἐξέκλινε
967 2540 999 2606 δὲ
1016 2541 1092 2627 πρὸς
1116 2541 1208 2627 αὐτὴν
1232 2545 1286 2627 την
1310 2541 1387 2609 ὁδον.

148 2629 207 2690 ἐκεῖ
219 2623 333 2698 Ἰούδας
343 2627 497 2707 θυγατέρα
507 2619 672 2708 ἀνθρώπου
682 2631 753 2687 Χα-
781 2627 833 2691 καὶ
857 2625 934 2691 εἶπεν
964 2622 1048 2708 αὐτῆ.
1087 2621 1174 2690 ἔασόν
1196 2653 1231 2709 με
1255 2626 1389 2704 εἰςελθεΐν

146 2712 282 2782 ναναέσυ,
305 2699 437 2798 ᾖάνομα
454 2701 551 2769 Σαυά.
582 2706 634 2786 καλ
652 2704 753 2790 ἐλαβεν
781 2707 857 2793 πρὸς
869 2709 909 2773 σε’.
937 2705 973 2771 σά
984 2699 1028 2783 γά
1056 2710 1146 2784 ἔγνον,
1167 2705 1214 2773 δτι
1225 2706 1321 2792 νύμφη
1332 2709 1388 2776 αύ-

147 2787 254 2871 αὐτὴν,
276 2790 328 2852 καὶ
339 2787 451 2870 εἶςηλθε
462 2787 538 2889 πρὸς
550 2781 649 2868 αιίτην.
675 2789 752 2851 3καὶ
781 2794 837 2855 τοῦ
862 2792 947 2854 ἐστίν.
980 2785 999 2872 ἡ
1024 2733 1056 2854 δὲ
1073 2789 1142 2854 εἷπε.
1167 2797 1199 2854 τί
1213 2817 1262 2874 μοι
1279 2790 1387 2870 δώσεις,

148 2871 336 2956 συλλαβοῦσα
352 2872 444 2933 ἔτεκεν
460 2873 538 2946 υἱον,
570 2869 621 2932 καλ
638 2864 751 2935 ἐκάλεσε
782 2872 834 2937 ἐάν
852 2872 982 2966 εέςελθης
1005 2866 1081 2957 πρός
1099 2898 1150 2955 με,·
1175 2869 1231 2938 ¹⁷5
1251 2873 1283 2939 δὲ
1301 2875 1386 2941 εἶπεν.

146 2954 182 3020 τὸ
196 2954 288 3036 ὄνομα
302 2949 482 3038 αιἰτοῦ,’Ἡρ.
498 2950 752 3038 4καὶσυλλοιβσύ-
781 2951 839 3033 ἐγώ
865 2981 911 3022 σοι
936 2955 1093 3026 αποστελῶ
1116 2959 1217 3042 ἔριφον
1241 2962 1334 3035 αἰγῶν
1355 2963 1387 3024 ἐκ

146 3064 184 3104 σα
209 3040 300 3102 ἔτεκεν
322 3034 387 3099 υἲδν
411 3037 469 3110 ἔτι,
497 3036 548 3100 καλ
577 3031 691 3100 ἐκάλεσε
714 3035 750 3100 τὸ
781 3043 841 3103 τῶν
863 3065 888 3104 π
943 3035 1025 3104 ἀτονν
1045 3066 1110 3123 μου.
1139 3035 1208 3122 ᾗδὲ
1224 3041 1308 3106 εἶπεν.
1335 3042 1386 3107 ἐάν

145 3119 239 3202 ὄνομα
251 3116 360 3193 αὐτοῦ,
384 3113 496 3182 Αάνάν.
523 3120 537 3161 ⁶
550 3119 602 3185 καὶ
612 3127 752 3202 πρσςθεῖ-
781 3123 839 3205 δῷς
850 3148 899 3204 μοι
911 3125 1086 3208 αρ’ῥαβῶνα,
1112 3127 1167 3198 ἕως
1178 3129 1234 3188 τοῦ
1246 3122 1387 3189 ἀποστεῖ-

144 3228 184 3267 σα
196 3205 288 3266 ἔτεκεν
301 3199 380 3277 υλδν,
404 3201 456 3264 καὶ
473 3195 587 3265 ἐκάλεσε
604 3199 640 3265 τὸ
659 3200 751 3282 ὄνομα
780 3203 833 3269 λαέ
849 3229 887 3270 σε.
919 3207 949 3250 ¹⁸
960 3201 978 3269 5
991 3203 1024 3270 δὲ
1041 3204 1109 3276 εἶπε.
1136 3212 1202 3270 τίνα
1218 3206 1271 3271 τὸν
1290 3204 1387 3290 ἀρ’ἀ-

144 3282 249 3361 αὐτοῦ,
269 3279 388 3365 Σηλώμ.
415 3278 490 3410 αὕτη
503 3282 535 3347 δὲ
548 3271 583 3366 ἦν
595 3285 626 3346 ἐν
638 3286 750 3371 Χασβλ,
779 3283 861 3374 βῶνά
884 3315 930 3355 σοι
948 3284 1051 3367 δεύσως
1077 3284 1095 3372 ᾗ
1113 3286 1145 3353 δὲ
1161 3286 1237 3365 εἷπε,
1261 3287 1315 3353 τὸν
1330 3233 1387 3355 λα-

148 3365 229 3432 ‘n'ua
241 3369 333 3432 ἔτεκεν
344 3362 459 3442 αὐτούς.
494 3363 751 3453 καλὲλαβενἸού-
780 3367 897 3435 κτύλιόν
922 3397 989 3448 σου,
1015 3368 1136 3437 καὶτὸν
1159 3367 1311 3456 ὁρμίσκον,
1335 3376 1386 3441 καλ

143 3395 197 3526 ἀας
218 3461 343 3530 γυναῖκα
353 3447 402 3515 Ἢ
432 3453 476 3532 τῷ
492 3451 676 3536 πρωτοτόκῳ
693 3449 750 3515 αὐ·
780 3451 833 3534 την
855 3450 964 3541 ῥάβδον
979 3452 1033 3538 τὴν
1049 3456 1080 3518 ἐν
1096 3456 1135 3544 τῇ
1168 3453 1226 3541 ειρί
1248 3482 1309 3524 σου.
1334 3458 1386 3523 καλ

142 3537 206 3611 τοῦ,
231 3525 250 3627 ᾖ
276 3531 370 3615 ὄνομα
396 3476 511 3616 ἐδάμαρ.
548 3535 692 3610 7ἒγένετο
718 3531 749 3598 δὲ
780 3536 884 3600 ἔδωκεν
908 3534 994 3631 αὐτῇ.
1021 3538 1073 3602 καλ
1091 3479 1205 3612 εές”λθε
1228 3539 1304 3623 πρὸς
1330 3538 1386 3603 aff>-

136 3615 198 3702 Ἢρ
209 3611 505 3702 πρωτότοκοςἸσύδα
515 3613 642 3700 πονηρὸς
654 3618 748 3680 ἔναντι
778 3614 839 3701 την.
864 3621 917 3684 καὶ
936 3622 967 3684 ἐν
986 3622 1092 3706 γαστρὶ
1115 3564 1220 3706 ἔλαβεν
1236 3623 1266 3695 ἐξ
1282 3617 1384 3684 αὐτοῦ.

142 3705 252 3777 κυρίου.
281 3699 333 3761 καὶ
351 3695 512 3762 ἀπέκτεινεν
528 3696 618 3763 αὐτὸν
635 3696 653 3764 5
669 3695 747 3775 θεός.
778 3702 872 3767 19καλ
894 3701 1048 3768 ἀναστᾶσα
1072 3699 1206 3803 ἀπηλθε,
1229 3702 1282 3764 καὶ
1303 3726 1385 3786 περι.

143 3781 226 3847 *εἷπε
231 3778 264 3845 δὲ
269 3775 386 3855 ’Ἰούδας
392 3775 553 3851 umbra».
560 3782 665 3858 εἴςελθε
672 3781 748 3869 πρὸς
778 3783 868 3850 είλετο
880 3785 916 3850 τὸ
929 3788 1085 3868 θέριστρον
1097 3786 1187 3866 αυτῆς
1200 3779 1250 3862 ἀφ’
1269 3785 1384 3867 ἑαυτῆς,

142 3863 197 3966 την
208 3872 332 3941 γυναῖκα
341 3866 396 3927 τοῦ
405 3844 535 3944 ἀδελφοῦ
547 3890 609 3942 σου,
622 3868 673 3932 καλ
682 3870 748 3932 ἐπι,
777 3869 829 3929 καὶ
841 3863 994 3932 ἐνεδύσατο
1002 3864 1042 3929 τά
1052 3859 1154 3947 λμάτια
1166 3869 1218 3970 της
1229 3861 1384 3950 χηρεύσεως

141 3943 586 4032 γαμβρευσαιαάτην,καὶάνάστ
639 3953 747 4033 νσπέρ-
777 3945 876 4031 αὐτῆς.
915 3951 947 3993 ²⁰
965 3944 1116 4012 ἀπέστειλε
1138 3946 1171 4013 δὲ
1201 3945 1308 4023 Ιούδας
1330 3948 1385 4013 τὸν

141 4034 241 4112 ματῷ
253 4027 372 4112 ἀδελφῷ
384 4056 445 4096 σου.
464 4030 576 4107 9γνούς
611 4029 746 4105 'Abram
776 4031 1024 4133 ἔριφονέξαέγιιῑν
1042 4032 1073 4094 ἐν
1087 4032 1159 4116 χειρὶ
1173 4033 1228 4095 τοῦ
1247 4033 1383 4113 ποιμένος

142 4107 188 4176 δ’τι
207 4110 260 4176 οέικ
279 4110 362 4197 αὐτῷ
376 4115 457 4180 ἔσται
473 4112 509 4178 τὸ
527 4116 658 4197 σπέρμα,
682 4114 746 4189 ἐγέ-
776 4116 870 4177 αυτοῦ
881 4115 937 4178 τοῦ
949 4108 1178 4193 ’οδσλλαμέτου,
1203 4119 1383 4194 κομίσασθαι

140 4218 205 4260 νετσ
217 4191 290 4261 ὅταν
305 4191 447 4286 εέςηρχετσ
462 4195 539 4282 πρὸς
555 4196 608 4279 τὴν
623 4205 746 4273 γυναῖκα
775 4191 861 4279 παρὰ
871 4198 925 4278 της
933 4193 1069 4272 γυναικὸς
1080 4194 1134 4259 τὸν
1145 4193 1315 4281 ἀρραβῶνα.
1332 4199 1383 4262 καλ

138 4283 195 4342 τοῦ
217 4276 347 4383 ἀδελφοῦ
371 4278 481 4355 αὐτοῦ,
506 4281 610 4362 ἐξέχεεν
626 4276 679 4340 ent
694 4274 747 4358 τὴν
775 4274 808 4341 o’
841 4267 920 4360 εὗρεν
932 4271 1033 4358 αὐτην.
1056 4274 1256 4364 21ἐπηρώτησε
1269 4278 1300 4344 δὲ
1313 4281 1383 4356 τοὺς

136 4365 191 4465 γην
202 4367 258 4427 τοῦ
269 4389 309 4447 μη
321 4362 424 4426 δοῦναι
435 4363 552 4443 σπέρμα
563 4363 610 4440 τῷ
627 4355 748 4440 ἀδελφῷ
776 4356 798 4422 ἀ
830 4356 1009 4440 ραςτσάςέκ
1027 4364 1083 4424 τοῦ
1099 4357 1203 4427 τόπου.
1229 4366 1290 4427 ποῦ
1308 4365 1383 4428 ἐστιν

138 4449 239 4509 αυτοῦ.
271 4448 299 4490 ¹⁰
310 4442 440 4531 πονηρὸν
457 4441 488 4507 δὲ
506 4436 601 4523 ἐφάνη
617 4441 747 4506 ἐναντίον
774 4436 901 4528 ἢπύρνη
919 4436 1084 4526 νἠγενομένη
1101 4445 1132 4508 ἐν
1148 4444 1247 4510 Αένάν
1265 4448 1315 4548 ἐπὶ
1331 4451 1384 4529 τῆς

1295 4530 1382 4607 οδους

1236 286 1391 302 *nn-
