2924 4972
284 36 445 131 ι”ἦςᾙεε

237 130 246 141 ·
279 132 282 137 ·
297 136 303 149 ·
333 122 373 161 ·“ι·

158 225 221 292 ωσ
257 221 746 287 πΑεΑΑ-σιποιιιτυσυ
764 217 982 281 πεατοιυ
1004 204 1125 290 ειμι.
1139 207 1324 274 «οσανν.

1150 303 1384 312 ....-—---—--.

161 316 608 329 .—---.-..-——--—-··-—

158 341 209 405 καί
228 334 366 403 δάκτυλοι
385 335 481 400 αὐτοῦ
500 336 533 439 ἐξ
550 336 602 398 καί
614 336 647 409 ἕξ
660 338 768 397 είκοσι-
801 327 915 412 φεύγειν
932 355 963 394 σε
980 332 1012 392 ἐκ
1028 323 1192 413 τιροςοίπου
1210 329 1329 409 ε”χδρῶν
1344 350 1411 404 σου,

151 420 315 506 τέσσαρες,
339 421 390 483 καί
408 403 497 493 οὗτος
509 442 546 501 ην
559 412 711 495 ἀπόγονος
722 441 768 493 γι-
800 415 851 479 καί
873 409 1005 498 μάχαιρα
1026 415 1142 495 ἐχθρῶν
1159 436 1215 474 σου
1232 413 1289 472 τοῦ
1308 408 1412 484 ἐξολο-

158 506 282 582 γάντων.
321 503 397 567 7καί
415 500 543 566 ὠνείδισε
560 498 615 564 τὸν
636 497 769 584 Ἰσραὴλ,
800 502 935 581 θρεῦοαι,
951 495 1059 581 ἢτρεῐς
1071 491 1181 578 ἡμέρας
1194 495 1347 575 ῥομραίαν
1358 518 1414 555 ιιυ-

160 590 211 652 καί
221 581 363 662 ἐπάταξεν
372 581 465 649 αὐτὸν
474 580 626 648 Ἰωνάθυιν
635 580 769 656 υίὸςΣα·
802 586 867 663 ρίου
880 581 932 644 καὶ
943 575 1079 643 θάνατον
1091 581 1122 640 ἐν
1133 579 1171 668 τῇ
1189 580 1239 669 γῇ,
1257 577 1309 639 καί
1323 573 1414 653 άγγε-

160 667 224 754 μαά
238 669 370 749 άδελνγοῦ
383 668 487 733 Δαυίδ.
509 667 524 709 ⁸
538 658 621 732 οὗτοι
634 668 769 743 ἐγένοντο
800 663 852 738 λος
864 669 967 749 κυρίου
980 656 1182 745 ίξολοθρεάων
1194 663 1225 722 έν
1236 655 1320 751 πάση
1339 660 1411 742 κλη-

132 770 134 776 ’
160 759 204 835 τῷ
213 750 315 832 Ῥαφά
327 745 444 826 ε’νΤέθ,
458 745 564 824 πάντες
577 738 652 832 ἦσαν
661 752 771 813 τέσσα-
801 752 929 832 ρονομίᾳ
943 740 1071 828 Ἰσραήλ.
1098 745 1149 807 καί
1168 749 1219 807 νῦν
1233 742 1273 806 ἴδε
1286 749 1318 806 τί
1329 741 1413 806 ἆπο-

160 862 207 920 ρες
219 840 366 913 γίγαντες,
392 836 443 898 καί
456 837 561 898 ε”πεσσν
573 837 604 897 ἐν
621 834 692 918 χειρί
705 836 768 895 Aa·
801 834 898 912 κριθαί
911 833 955 911 τῷ
969 826 1182 892 ἀποστείλαντι
1195 821 1292 903 λόγον.
1318 827 1346 868 ¹³
1358 827 1412 890 καί

161 921 209 984 υίδ
217 969 227 995 ,
243 921 294 983 καὶ
306 921 336 982 έν
346 920 418 1003 χειρὶ
428 917 545 981 παίδων
558 915 665 981 αὐτοῦ.
802 913 863 978 εἶπε
881 911 978 976 Δαυίδ
993 908 1069 1058 πρὸς
1083 911 1160 974 Γάδ.
1188 905 1275 974 στενά
1292 935 1341 991 μοι
1357 914 1412 974 καί

341 1005 465 1065 ΚΕΦ.
508 993 597 1064 KA‘.
802 994 841 1061 τά
866 1001 935 1080 τρία
960 989 1017 1076 σᾳά
1037 1020 1085 1097 ρα.
1116 996 1296 1076 ἐμπεσοῦμαι
1315 989 1351 1076 δίη
1369 997 1411 1067 εἰς

159 1050 246 1150 Καὶ
270 1087 342 1167 ἔστη
366 1080 504 1169 διάβολος
523 1085 553 1147 έν
569 1087 613 1166 τῷ
636 1079 771 1167 Ἰσραὴλ,
801 1092 897 1166 χεῖρας
909 1083 1022 1161 κυρίου,
1040 1072 1087 1141 σ’τι
1100 1077 1209 1141 πολλοὶ
1222 1081 1252 1141 οῖ
1264 1079 1412 1160 οἰκτιρμοί

160 1169 212 1234 καί
232 1172 360 1233 ἐπέρεισε
377 1165 431 1231 τὸν
449 1167 548 1232 Δαυὶδ
563 1169 619 1229 τοῦ
637 1164 769 1250 ἇριθμῆ-
802 1161 897 1229 αὐτοῦ
911 1157 1042 1246 σσόδρα,
1063 1162 1115 1226 καί
1127 1165 1166 1236 είς
1176 1172 1273 1245 χεῖρας
1285 1154 1411 1240 ἀνθρώ-

161 1279 212 1317 σαι
229 1248 282 1315 τὸν
295 1246 426 1337 Ἰσραήλ.
456 1250 534 1313 2καὶ
551 1247 629 1314 εἶπεν
647 1246 665 1313 ὁ
682 1254 766 1335 βασι·
801 1270 867 1311 πων
880 1245 917 1310 οὗ
932 1243 971 1330 μὴ
989 1246 1117 1329 ἐμπέσω.
1143 1244 1236 1308 14καὶ
1252 1244 1343 1308 ε’δωκε
1357 1240 1411 1306 κά-

161 1333 225 1410 λείις
239 1335 336 1399 Δαυίδ
353 1331 429 1419 πρὸς
444 1330 535 1419 Ἰωάβ
547 1335 598 1396 καί
612 1329 689 1418 πρὸς
701 1331 770 1406 τοὺς
801 1356 863 1413 ριος
880 1325 1017 1393 θάνατον
1030 1332 1061 1392 ἐν
1076 1324 1215 1412 Ἰσραὴλ,
1241 1330 1292 1391 καὶ
1305 1331 1411 1391 ε”πεσοε

160 1418 307 1502 ίίρχοντας
332 1421 386 1498 τῆς
409 1412 565 1498 δυνάμεως.
601 1411 769 1499 πορεύθητι
800 1410 975 1500 ε’ξἾσραηλ
994 1409 1196 1499 ἑβδομήκοντα
1210 1406 1337 1514 ηιλιάδες
1355 1410 1411 1474 άν-

160 1496 346 1584 άριθμησατε
359 1496 412 1562 τὸν
427 1496 552 1584 Ἰσραὴλ
566 1495 628 1562 ἀπὸ
641 1503 768 1584 Βηρσα-
800 1496 884 1580 δρῶν.
911 1497 1001 1560 15’καὶ
1020 1494 1189 1560 ἀπέστειλεν
1206 1522 1223 1559 ο
1237 1493 1309 1568 θεὸς
1321 1493 1410 1572 ίίγγε-

99 1599 102 1605 ’
159 1582 206 1669 βεὲ
224 1583 276 1646 καί
293 1584 348 1655 ἕως
360 1579 442 1657 Δάν,
469 1583 520 1644 καί
538 1583 673 1658 ἐνέγκατε
692 1579 769 1665 πρὸς
800 1580 854 1644 λον
866 1576 1107 1665 εἷςἹερουσαλὴμ
1125 1582 1181 1643 τοῦ
1194 1578 1304 1655 ἐξολοίὶ
1326 1583 1409 1643 εὔσαι

161 1665 206 1748 μί,
220 1666 271 1731 καὶ
283 1662 436 1745 γνώσομαι
449 1661 503 1728 τὸν
517 1662 646 1748 ἀριθμὸν
659 1663 767 1729 αὐτῶν.
800 1659 901 1747 αὐτην.
928 1665 979 1727 καὶ
992 1657 1034 1736 ὥς
1046 1663 1259 1749 ἐξωλόθρευεν,
1285 1664 1340 1727 ειδε
1353 1659 1410 1727 κεί-

160 1751 236 1814 οκαὶ
249 1745 326 1812 εἶπεν
336 1743 435 1834 Ἰωάβ.
454 1753 595 1833 προςθείη
610 1743 708 1834 κάριος
721 1750 769 1814 ἐπί
800 1773 871 1830 ριος,
884 1747 935 1810 καί
947 1744 1125 1830 μετεμελήθη
1135 1752 1184 1812 ἐπὶ
1196 1751 1234 1840 τῇ
1243 1753 1342 1828 κακίᾳ.
1356 1748 1410 1810 καί

160 1831 214 1898 τὸν
227 1828 302 1896 λαὸν
315 1828 425 1907 αὐτοῦ,
451 1827 769 1906 ὡςαύτοίέκατοντα-
799 1829 863 1895 εἶπε
888 1835 931 1911 τῷ
960 1828 1077 1912 ἀγγελῳ
1103 1835 1149 1914 τῴ
1172 1828 1409 1914 έξολοθρεάοντι.

160 1915 307 1988 πλασίως,
320 1916 371 1978 καί
383 1917 414 1978 οἱ
427 1913 583 1996 ὀφθαλμοί
596 1919 652 1979 τοῦ
664 1921 767 2000 κυρίου
800 1911 972 1978 ίκανοάσθω
992 1938 1053 1988 σοι,
1078 1912 1144 1989 άνες
1161 1911 1216 1998 τὴν
1237 1908 1318 1999 χεῖρά
1342 1937 1408 1977 σου.

160 2024 219 2081 μου
231 2001 286 2062 τοῦ
303 1996 446 2084 βασιλέως
462 1996 634 2082 βλέποντες,
659 1993 768 2075 πάντες
798 1999 849 2061 καί
862 1992 880 2060 ὁ
891 1994 1015 2074 άγγελος
1026 2005 1131 2080 κυρίου
1145 1994 1238 2072 ἑστώς
1247 1999 1277 2060 έν
1289 2001 1332 2079 τῷ
1342 1992 1410 2080 ἅλῳ

161 2085 206 2164 τῷ
217 2085 310 2165 κυρίῳ
321 2106 380 2163 μου
397 2084 506 2156 παῖδες.
535 2085 614 2146 ἱνατί
626 2079 768 2163 ζητεῐκί-
796 2077 888 2165 Ὀρνίι
906 2085 960 2145 τοῦ
978 2076 1177 2185 Ἰεβουσαίου,
1209 2083 1300 2145 10καὶ
1319 2084 1410 2173 ἐπῇρε

162 2160 226 2266 ριός
250 2188 308 2246 μου
332 2167 424 2229 τοῦτο
447 2169 497 2228 ’ίνα
522 2162 562 2248 μὴ
586 2168 704 2247 γένηται
731 2171 770 2240 είς
799 2164 898 2229 Δαυίδ
921 2161 992 2238 τοὺς
1011 2161 1193 2247 οσθαλμοίις
1211 2162 1316 2230 αὐτοῦ.
1356 2167 1409 2229 καί

162 2251 313 2330 αμαρτίαν
330 2251 375 2329 τῷ
391 2243 531 2334 ’Ῑοραηλς
556 2245 623 2312 *τά
641 2247 672 2313 δὲ
689 2251 769 2334 ρ’ῆμα
799 2247 855 2314 εἶδε
867 2245 920 2312 τὸν
938 2247 1062 2324 ἄγγελον
1079 2254 1181 2335 κυρίου
1199 2251 1317 2313 ἑστῶτα
1335 2247 1406 2312 σἰναη

161 2333 218 2394 τοῦ
229 2328 375 2415 βασιλέως
393 2333 505 2416 ἴσχυσεν
522 2333 572 2396 ἐπὶ
586 2328 693 2418 Ἰωάβ,
718 2337 769 2398 καί
797 2334 888 2417 μέσον
900 2335 952 2416 τῆς
964 2335 1018 2414 γῆς
1030 2333 1081 2396 καὶ
1093 2336 1151 2396 τοῦ
1163 2330 1305 2418 οὐρανοῦ,
1325 2333 1376 2397 καί
1390 2329 1409 2417 ἦ

161 2411 284 2496 ἐξῆλθεν
297 2410 412 2518 Ἰωοίβη
428 2414 480 2479 καί
495 2414 616 2500 διῆλθεν
635 2418 665 2481 ἐν
676 2420 770 2482 παντί
799 2419 934 2503 ῥομφαία
953 2413 1050 2479 αὐτοῦ
1063 2417 1233 2499 ἓσπασμένη
1247 2418 1277 2479 ἐν
1288 2421 1326 2498 τῆ
1337 2420 1410 2500 χειρὶ

159 2491 294 2582 Ἰσραὴλ,
320 2499 372 2562 καί
394 2497 487 2583 ηλθεν
503 2502 542 2574 είς
563 2494 768 2585 Ἰερουσαλήμ.
800 2498 897 2565 αὐτοῦ
922 2501 1095 2582 ἐκτεταμένη
1126 2502 1175 2563 ἐπὶ
1200 2489 1407 2584 Ἶερουάαλημ,

161 2581 240 2644 5καὶ
263 2582 368 2645 ἔδωκεν
387 2580 481 2668 Ἰωάβ
498 2580 551 2648 τὸν
569 2580 700 2665 ἀριθμὸν
716 2589 770 2667 τῆς
800 2585 851 2649 καί
878 2585 962 2647 ε’ίτεσε
980 2582 1078 2646 Δαυίδ
1101 2587 1152 2646 καί
1169 2587 1200 2646 οἱ
1217 2581 1408 2691 πρεσβύτεροι

161 2666 341 2744 ἐπισκέψεως
359 2669 415 2727 τοῦ
431 2666 510 2729 λαοῦ
528 2669 572 2747 τῷ
588 2667 692 2730 Δαυίδ.
718 2668 770 2732 καὶ
800 2665 1035 2753 περιβεβλημένοι
1062 2669 1092 2729 ἓν
1113 2661 1230 2742 σάκκοις
1248 2672 1299 2732 ἐπι
1316 2665 1410 2754 πρός-

161 2735 197 2828 ἦν
206 2750 266 2818 πᾶς
276 2744 399 2829 Ἰσραὴλ
408 2747 496 2828 χίλιαι
506 2743 629 2831 χιλιάδες
639 2751 690 2812 καί
699 2752 769 2813 ἕκα-
800 2774 884 2814 ωπον
904 2748 1013 2814 αὐτῶν.
1039 2751 1131 2814 1’καὶ
1149 2749 1211 2815 εἶπε
1224 2753 1322 2816 Δαυίδ
1333 2750 1410 2836 πρὸς

161 2825 215 2893 τὸν
232 2823 354 2912 χιλιάδες
373 2827 489 2912 ἀνδρῶν
508 2834 700 2912 ἐσπασμένων
710 2827 769 2915 μά-
799 2829 949 2897 τὸνθεόν.
977 2831 1032 2897 οίικ
1051 2831 1109 2910 ἐγώ
1127 2832 1197 2899 ελπα
1209 2840 1265 2900 τοῦ
1277 2834 1410 2920 ἀριθμῆ-

160 2936 275 2996 χαιραν.
286 2913 336 2975 καί
345 2915 403 2976 υῖοί
409 2909 512 2978 Ἰούδα
521 2914 709 2996 τετρακόσιαι
719 2917 770 2981 καὶ
801 2943 851 2981 σαι
864 2919 894 2982 ἐν
906 2920 952 3000 τῷ
964 2916 1046 2999 λαοῖς
1071 2919 1122 2982 καί
1135 2914 1194 2995 ἐγώ
1209 2923 1263 3004 εἶμι
1278 2916 1295 2983 ὁ
1310 2916 1408 3004 ἁμαρ-

161 2990 361 3078 ἑβδομήκοντα
385 2991 508 3079 χιλιάδες
531 2995 647 3079 ἀνδρῶν
672 3003 770 3064 ἐσπα-
800 3004 877 3075 τῶν,
909 3005 1082 3066 κακοποιῶν·
1108 3006 1327 3087 έκακοποίηοα,
1357 3007 1410 3067 καί

162 3079 273 3157 σμένων
291 3073 448 3164 μάχαιραν.
475 3081 555 3144 6καί
566 3080 619 3146 τὸν
630 3084 707 3147 Λευὶ
719 3085 770 3147 καί
800 3087 898 3148 ταῦτα
916 3081 954 3148 τά
967 3081 1108 3172 πρόβατα
1123 3092 1155 3150 τί
1165 3088 1327 3167 έποίησαν;
1353 3082 1407 3147 κύ-

160 3157 213 3223 τὸν
230 3161 371 3242 Βενιαμίν
386 3159 442 3226 οὐκ
463 3160 623 3247 ἠρίθμησεν
643 3168 673 3227 έν
688 3169 768 3250 μέσῳ
799 3163 867 3249 ριεὸ
878 3164 1111 3253 θεὸςγενηθητω
1121 3165 1139 3251 ἦ
1150 3173 1210 3252 χείρ
1224 3192 1279 3230 σου
1289 3171 1319 3230 ἐν
1330 3170 1407 3249 ε’μοιῖ,

161 3242 270 3320 αὐτῶν,
286 3239 332 3308 ὅτι
345 3250 500 3332 κατίσχυσε
513 3243 602 3327 λόγος
614 3252 672 3320 τοῦ,
680 3255 769 3336 βασι·
798 3252 850 3314 καί
861 3253 892 3315 ἐν
905 3256 949 3335 τῷ
966 3253 1041 3338 οἴκῳ
1059 3256 1117 3318 τοῦ
1128 3255 1242 3336 πατρός
1254 3273 1328 3332 μου,
1353 3252 1406 3311 καί

160 3326 236 3403 λίως
254 3325 306 3393 τὸν
321 3326 421 3432 Ἰωάβ.
449 3331 671 3420 7καὶπονηρὸν
685 3338 770 3400 ίναν-
798 3332 839 3419 μίη
854 3337 884 3398 ἐν
901 3341 947 3420 τῷ
958 3336 1024 3421 λαῷ
1038 3363 1091 3404 σου
1104 3340 1142 3412 είς
1154 3329 1305 3399 άπιάλειαν
1317 3327 1404 3417 κύριε.

160 3417 226 3476 τίον
250 3416 306 3478 τοῦ
331 3423 404 3479 θεου
429 3417 496 3502 περὶ
520 3415 770 3504 τοῦπράγματος
799 3421 883 3484 18καὶ
897 3419 1019 3500 ι’ίγγελυς
1031 3427 1135 3505 κυρίου
1147 3418 1207 3486 ελπε
1220 3423 1264 3502 τῷ
1273 3415 1342 3482 Γὰδ
1351 3420 1407 3480 τοῦ

160 3493 282 3573 τούτου,
294 3500 344 3563 καί
355 3493 482 3576 ἐπάταξε
491 3496 545 3565 τὸν
554 3498 684 3590 Ἰσραήλ.
698 3505 770 3568 8καί
800 3508 889 3569 εἰπεῖν
901 3502 977 3591 πρὸς
987 3507 1093 3582 Δαυίδ,
1101 3511 1150 3570 ἵνα
1164 3504 1259 3607 ἀναβῇ
1271 3505 1409 3583 1013«st-

161 3576 223 3643 ελπε
236 3581 335 3645 Δαυὶδ
351 3579 427 3666 πρὸς
444 3580 496 3646 τὸν
508 3581 588 3650 θεόν.
615 3582 770 3673 ἡμάρτηκα
800 3613 851 3651 σαι
863 3583 1078 3672 θυσιαστήριον
1091 3594 1184 3672 κυρίῳ
1198 3593 1229 3650 ἐν
1242 3584 1307 3665 α’λῳ
1317 3582 1410 3664 Ὀρνά

162 3658 291 3745 σφόδρα,
305 3659 352 3725 ὅτι
367 3668 492 3749 ἐποίησα
511 3665 547 3732 τὸ
561 3674 685 3752 πρᾶγμα
698 3675 770 3735 τοῦ,
800 3676 854 3734 τοῦ
869 3664 1063 3756 Ἰεβουσαίου.
1094 3669 1186 3732 19καί
1204 3666 1296 3806 ἀνέβη
1311 3666 1411 3729 Δαυίδ

159 3765 207 3842 τρ,
221 3746 272 3828 καί
284 3748 334 3805 νῦν
345 3747 457 3831 περίελε
470 3746 505 3830 δι’]
516 3747 570 3833 τὴν
580 3759 689 3818 κακίαν
697 3779 770 3817 παι·
800 3749 879 3816 κατά
898 3751 951 3816 τὸν
967 3749 1059 3829 λόγον
1068 3747 1154 3823 Γάδ,
1177 3743 1212 3811 ὃν
1224 3741 1278 3809 ίλά
1299 3771 1365 3827 ησεν
1378 3751 1410 3812 ἐν

161 3824 211 3898 δος
224 3850 285 3900 σου,
299 3821 346 3889 ἱίτι
358 3825 685 3916 έματαιυίθηνσφόδρα.
698 3835 769 3897 9καί
800 3831 925 3915 ὀνόματι
950 3840 1065 3915 κυρίου.
1103 3835 1134 3874 ²⁰
1154 3831 1205 3893 καὶ
1230 3830 1410 3911 ἐπέστρεψεν

161 3903 286 4052 ἐλάλησε
307 3903 406 3994 κύριος
424 3909 500 3998 πρὸς
511 3913 583 3979 Γάδ
599 3915 652 3980 τὸν
671 3913 767 3998 ὃρων-
796 3911 903 3996 Ὀρνίι,
920 3916 971 3977 καὶ
984 3914 1039 3978 ελδε
1051 3912 1106 3979 τὸν
1115 3910 1253 3999 βασιλέα,
1276 3914 1326 3975 καί
1339 3916 1410 3978 τέσ-

160 4012 216 4063 w,
263 3993 346 4064 ἔνων.
383 3991 553 4079 10πορεύου
570 3999 621 4060 καί
637 3995 768 4076 λάλησον
800 4019 894 4078 σαρας
918 3993 1000 4069 υἱοὺς
1015 3993 1194 4078 αὖτοῦμεί
1224 3993 1317 4059 αὐτοῦ
1339 3999 1406 4077 μεθ’

160 4068 236 4156 πρὸς
247 4072 353 4147 Δαυὶδ,
363 4073 464 4152 λέγων.
480 4073 562 4141 οίίτω
575 4078 649 4154 λέγει
658 4070 766 4160 κύριος.
799 4072 913 4164 ἆχαβίν.
939 4078 990 4140 καὶ
1005 4075 1100 4161 Ὀρνά
1117 4080 1151 4162 ἠν
1171 4076 1269 4142 ἀλοῶν
1286 4078 1408 4165 πυρούς.

160 4159 230 4236 τρία
243 4158 320 4258 αἴρω
334 4153 392 4232 ἐγώ
407 4160 456 4222 ἐπί
469 4157 516 4234 σὲ,
529 4159 641 4236 ἔκλεξαι
655 4165 767 4245 σεαυτῷ
799 4162 825 4201 ²¹
838 4163 889 4226 καί
914 4151 988 4245 ἦλθε
1008 4163 1107 4227 Δαυὶδ
1122 4160 1199 4250 πρὸς
1222 4161 1314 4249 Ὀρνά
1321 4214 1331 4240 ,
1357 4169 1410 4229 καί

161 4240 192 4340 {v
205 4237 237 4312 ἐξ
253 4241 367 4340 αυτῶν,
394 4242 445 4305 καί
462 4236 579 4323 ποιήσω
598 4268 655 4307 σοι.
680 4247 705 4284 ¹¹
718 4249 769 4311 καί
795 4243 887 4330 Ὀρνά
908 4244 1030 4329 ἐξῆλθεν
1047 4249 1078 4311 έκ
1096 4251 1147 4330 τῆς
1162 4243 1226 4311 ἅλω
1239 4250 1290 4311 καὶ
1303 4272 1409 4333 προςε-

161 4318 237 4401 ηλθε
249 4319 319 4420 ζαδ
332 4319 409 4406 πρὸς
423 4323 534 4400 Δαυίδ,
557 4327 609 4390 καί
621 4324 699 4392 εἶπεν
712 4328 768 4394 αιἰ-
798 4325 919 4414 κίνησεν
941 4332 986 4411 τῷ
1002 4330 1100 4396 Δαυίδ
1125 4337 1169 4415 τῷ
1187 4326 1338 4414 προςώπῳ
1358 4334 1408 4395 ε’πί

161 4406 214 4487 τῷ.
230 4402 326 4482 οίιτως
338 4404 411 4487 λέγει
425 4402 533 4493 κύριος.
556 4409 668 4488 ἐίιλεξαι
682 4435 768 4478 σεαυ-
799 4411 852 4517 τίην
863 4418 927 4500 γη”ν.
942 4414 972 4452 ²²
978 4415 1028 4478 καί
1041 4412 1101 4478 εἷπε
1114 4415 1211 4479 Λαυίδ
1220 4413 1297 4499 πρὸς
1307 4409 1406 4500 Ὀρνά.

162 4490 206 4575 τῷ
227 4488 253 4530 ¹²
267 4486 284 4576 ἢ
300 4495 368 4580 τρία
381 4493 432 4579 ἔτη
445 4491 541 4578 λιμοῦ,
559 4492 577 4581 ἢ
591 4508 665 4584 τρεῖς·
676 4501 768 4582 μῆνας
799 4499 849 4575 δας
861 4525 910 4582 μοι
927 4493 980 4562 τὸν
995 4495 1087 4562 τόπον
1105 4525 1161 4564 σου
1179 4502 1231 4582 τῆς
1251 4495 1332 4575 ίίλω,
1357 4502 1408 4562 καί

1328 4585 1409 4644 οἰκο-
