<?xml version="1.0" encoding="UTF-8"?>
<!DOCTYPE html PUBLIC "-//W3C//DTD XHTML 1.0 Transitional//EN"
    "http://www.w3.org/TR/xhtml1/DTD/xhtml1-transitional.dtd">
<html xmlns="http://www.w3.org/1999/xhtml" xml:lang="en" lang="en">
 <head>
  <title>
</title>
<meta http-equiv="Content-Type" content="text/html;charset=utf-8" />
  <meta name='ocr-system' content='tesseract 3.04.00' />
  <meta name='ocr-capabilities' content='ocr_page ocr_carea ocr_par ocr_line ocrx_word'/>
</head>
<body>
  <div class='ocr_page' id='page_1' title='image "./vetustestamentu00essgoog_1080.png"; bbox 0 0 2924 4972; ppageno 0'>
   <div class='ocr_carea' id='block_1_1' title="bbox 229 223 1337 337">
    <p class='ocr_par' dir='ltr' id='par_1_1' title="bbox 229 223 1337 337">
     <span class='ocr_line' id='line_1_1' title="bbox 229 223 1337 337; baseline -0.007 -33"><span class='ocrx_word' id='word_1_1' title='bbox 229 235 601 304; x_wconf 70' lang='lat' dir='ltr'><em>MAxmmN</em></span> <span class='ocrx_word' id='word_1_2' title='bbox 627 234 833 295; x_wconf 57' lang='grc' dir='ltr'><strong><em>πύανον</em></strong></span> <span class='ocrx_word' id='word_1_3' title='bbox 874 223 1194 312; x_wconf 48' lang='grc' dir='ltr'><strong><em>τετιμήκασι.</em></strong></span> <span class='ocrx_word' id='word_1_4' title='bbox 1276 229 1337 337; x_wconf 64' lang='grc' dir='ltr'><strong><em>σευ</em></strong></span> 
     </span>
    </p>
   </div>
   <div class='ocr_carea' id='block_1_2' title="bbox 106 346 1353 4654">
    <p class='ocr_par' dir='ltr' id='par_1_2' title="bbox 106 346 1352 3923">
     <span class='ocr_line' id='line_1_2' title="bbox 106 346 1341 436; baseline -0.002 -19"><span class='ocrx_word' id='word_1_5' title='bbox 106 354 139 396; x_wconf 96' lang='lat'><strong><em>⁴⁴</em></strong></span> <span class='ocrx_word' id='word_1_6' title='bbox 152 357 202 418; x_wconf 83' lang='grc' dir='ltr'><strong><em>καί</em></strong></span> <span class='ocrx_word' id='word_1_7' title='bbox 221 352 283 418; x_wconf 83' lang='grc' dir='ltr'><strong><em>ελπε</em></strong></span> <span class='ocrx_word' id='word_1_8' title='bbox 302 358 344 434; x_wconf 80' lang='grc' dir='ltr'><strong><em>τῴ</em></strong></span> <span class='ocrx_word' id='word_1_9' title='bbox 360 350 517 415; x_wconf 82' lang='grc' dir='ltr'><strong><em>Ἰωνάθαν.</em></strong></span> <span class='ocrx_word' id='word_1_10' title='bbox 544 355 623 415; x_wconf 81' lang='grc' dir='ltr'><strong><em>ἱνατί</em></strong></span> <span class='ocrx_word' id='word_1_11' title='bbox 639 353 707 414; x_wconf 81' lang='grc' dir='ltr'><strong><em>έκο-</em></strong></span> <span class='ocrx_word' id='word_1_12' title='bbox 738 376 794 430; x_wconf 92' lang='grc' dir='ltr'><strong><em>μου</em></strong></span> <span class='ocrx_word' id='word_1_13' title='bbox 808 350 858 412; x_wconf 84' lang='grc' dir='ltr'><strong><em>καί</em></strong></span> <span class='ocrx_word' id='word_1_14' title='bbox 872 346 889 412; x_wconf 87' lang='grc' dir='ltr'><em>ὃ</em></span> <span class='ocrx_word' id='word_1_15' title='bbox 905 348 984 422; x_wconf 81' lang='grc' dir='ltr'><strong><em>οἶκος</em></strong></span> <span class='ocrx_word' id='word_1_16' title='bbox 997 353 1050 412; x_wconf 80' lang='grc' dir='ltr'><strong><em>τοῦ</em></strong></span> <span class='ocrx_word' id='word_1_17' title='bbox 1063 349 1178 436; x_wconf 82' lang='grc' dir='ltr'><strong><em>πατρός</em></strong></span> <span class='ocrx_word' id='word_1_18' title='bbox 1189 378 1247 435; x_wconf 92' lang='grc' dir='ltr'><strong><em>μου</em></strong></span> <span class='ocrx_word' id='word_1_19' title='bbox 1261 354 1341 417; x_wconf 79' lang='grc' dir='ltr'><strong><em>έποι·</em></strong></span> 
     </span>
     <span class='ocr_line' id='line_1_3' title="bbox 108 429 1343 520; baseline -0.004 -19"><span class='ocrx_word' id='word_1_20' title='bbox 108 457 170 520; x_wconf 81' lang='grc' dir='ltr'><strong><em>φας</em></strong></span> <span class='ocrx_word' id='word_1_21' title='bbox 181 432 282 501; x_wconf 86' lang='grc' dir='ltr'><strong><em>πάντα</em></strong></span> <span class='ocrx_word' id='word_1_22' title='bbox 294 433 347 499; x_wconf 84' lang='grc' dir='ltr'><strong><em>τὸν</em></strong></span> <span class='ocrx_word' id='word_1_23' title='bbox 362 432 437 498; x_wconf 86' lang='grc' dir='ltr'><strong><em>λαὸν</em></strong></span> <span class='ocrx_word' id='word_1_24' title='bbox 450 439 562 498; x_wconf 87' lang='grc' dir='ltr'><strong><em>τοῦτον</em></strong></span> <span class='ocrx_word' id='word_1_25' title='bbox 574 434 707 515; x_wconf 89' lang='grc' dir='ltr'><strong><em>πολέμου</em></strong></span> <span class='ocrx_word' id='word_1_26' title='bbox 741 429 850 516; x_wconf 90' lang='grc' dir='ltr'><strong><em>ήσαμεν</em></strong></span> <span class='ocrx_word' id='word_1_27' title='bbox 863 432 931 516; x_wconf 81' lang='grc' dir='ltr'><strong><em>περὶ</em></strong></span> <span class='ocrx_word' id='word_1_28' title='bbox 949 435 1010 496; x_wconf 77' lang='grc' dir='ltr'><strong><em>τῶν</em></strong></span> <span class='ocrx_word' id='word_1_29' title='bbox 1029 430 1127 512; x_wconf 91' lang='grc' dir='ltr'><strong><em>νόμων</em></strong></span> <span class='ocrx_word' id='word_1_30' title='bbox 1139 439 1190 499; x_wconf 84' lang='grc' dir='ltr'><strong><em>καὶ</em></strong></span> <span class='ocrx_word' id='word_1_31' title='bbox 1204 439 1264 499; x_wconf 79' lang='grc' dir='ltr'><strong><em>των</em></strong></span> <span class='ocrx_word' id='word_1_32' title='bbox 1278 432 1343 514; x_wconf 82' lang='grc' dir='ltr'><strong><em>ἀγί-</em></strong></span> 
     </span>
     <span class='ocr_line' id='line_1_4' title="bbox 107 511 1343 602; baseline -0.002 -19"><span class='ocrx_word' id='word_1_33' title='bbox 107 517 148 602; x_wconf 84' lang='grc' dir='ltr'><strong><em>μή</em></strong></span> <span class='ocrx_word' id='word_1_34' title='bbox 161 513 353 600; x_wconf 75' lang='grc' dir='ltr'><strong><em>ἐνεστηκότος</em></strong></span> <span class='ocrx_word' id='word_1_35' title='bbox 366 513 449 598; x_wconf 74' lang='grc' dir='ltr'><strong><em>ήμῖνς</em></strong></span> <span class='ocrx_word' id='word_1_36' title='bbox 462 517 551 580; x_wconf 71' lang='grc' dir='ltr'><strong><em>45καί</em></strong></span> <span class='ocrx_word' id='word_1_37' title='bbox 564 521 616 582; x_wconf 82' lang='grc' dir='ltr'><strong><em>νῦν</em></strong></span> <span class='ocrx_word' id='word_1_38' title='bbox 628 511 709 580; x_wconf 88' lang='grc' dir='ltr'><strong><em>ἀπό-</em></strong></span> <span class='ocrx_word' id='word_1_39' title='bbox 740 539 800 591; x_wconf 83' lang='grc' dir='ltr'><strong><em>ων,</em></strong></span> <span class='ocrx_word' id='word_1_40' title='bbox 825 515 876 577; x_wconf 82' lang='grc' dir='ltr'><strong><em>καί</em></strong></span> <span class='ocrx_word' id='word_1_41' title='bbox 888 514 959 588; x_wconf 88' lang='grc' dir='ltr'><strong><em>τούς</em></strong></span> <span class='ocrx_word' id='word_1_42' title='bbox 978 514 1126 596; x_wconf 84' lang='grc' dir='ltr'><strong><em>πολέμους</em></strong></span> <span class='ocrx_word' id='word_1_43' title='bbox 1144 520 1194 581; x_wconf 81' lang='grc' dir='ltr'><strong><em>καί</em></strong></span> <span class='ocrx_word' id='word_1_44' title='bbox 1210 517 1264 591; x_wconf 85' lang='grc' dir='ltr'><strong><em>τάς</em></strong></span> <span class='ocrx_word' id='word_1_45' title='bbox 1277 541 1343 581; x_wconf 86' lang='grc' dir='ltr'><strong><em>στε-</em></strong></span> 
     </span>
     <span class='ocr_line' id='line_1_5' title="bbox 108 592 1344 684; baseline -0.002 -18"><span class='ocrx_word' id='word_1_46' title='bbox 108 602 224 667; x_wconf 89' lang='grc' dir='ltr'><strong><em>στειλον</em></strong></span> <span class='ocrx_word' id='word_1_47' title='bbox 237 596 348 673; x_wconf 84' lang='grc' dir='ltr'><strong><em>αύτούς</em></strong></span> <span class='ocrx_word' id='word_1_48' title='bbox 362 603 400 672; x_wconf 80' lang='grc' dir='ltr'><strong><em>είς</em></strong></span> <span class='ocrx_word' id='word_1_49' title='bbox 410 599 479 674; x_wconf 84' lang='grc' dir='ltr'><strong><em>τούς</em></strong></span> <span class='ocrx_word' id='word_1_50' title='bbox 488 600 587 674; x_wconf 78' lang='grc' dir='ltr'><strong><em>οἴκους</em></strong></span> <span class='ocrx_word' id='word_1_51' title='bbox 600 597 709 674; x_wconf 78' lang='grc' dir='ltr'><strong><em>αὐτῶν,</em></strong></span> <span class='ocrx_word' id='word_1_52' title='bbox 741 600 884 680; x_wconf 88' lang='grc' dir='ltr'><strong><em>νοχωρίας</em></strong></span> <span class='ocrx_word' id='word_1_53' title='bbox 899 592 935 670; x_wconf 81' lang='grc' dir='ltr'><strong><em>ἀς</em></strong></span> <span class='ocrx_word' id='word_1_54' title='bbox 954 597 1068 678; x_wconf 80' lang='grc' dir='ltr'><strong><em>εἴδομεν.</em></strong></span> <span class='ocrx_word' id='word_1_55' title='bbox 1101 601 1117 639; x_wconf 82' lang='lat'><strong>⁴</strong></span> <span class='ocrx_word' id='word_1_56' title='bbox 1131 597 1239 663; x_wconf 81' lang='grc' dir='ltr'><strong><em>τούτου</em></strong></span> <span class='ocrx_word' id='word_1_57' title='bbox 1258 596 1344 684; x_wconf 91' lang='grc' dir='ltr'><strong><em>χάριν</em></strong></span> 
     </span>
     <span class='ocr_line' id='line_1_6' title="bbox 107 675 1344 766; baseline -0.002 -17"><span class='ocrx_word' id='word_1_58' title='bbox 107 684 234 758; x_wconf 81' lang='grc' dir='ltr'><strong><em>ἐπίλεξαι</em></strong></span> <span class='ocrx_word' id='word_1_59' title='bbox 261 680 294 745; x_wconf 80' lang='grc' dir='ltr'><strong><em>δὲ</em></strong></span> <span class='ocrx_word' id='word_1_60' title='bbox 318 687 434 764; x_wconf 81' lang='grc' dir='ltr'><em>σεαυτῷ</em></span> <span class='ocrx_word' id='word_1_61' title='bbox 460 681 568 766; x_wconf 86' lang='grc' dir='ltr'><strong><em>ἀνδρας</em></strong></span> <span class='ocrx_word' id='word_1_62' title='bbox 592 681 710 760; x_wconf 79' lang='grc' dir='ltr'><strong><em>ὀλίγους</em></strong></span> <span class='ocrx_word' id='word_1_63' title='bbox 741 675 902 745; x_wconf 82' lang='grc' dir='ltr'><strong><em>ἀπώλοντο</em></strong></span> <span class='ocrx_word' id='word_1_64' title='bbox 914 683 945 743; x_wconf 76' lang='grc' dir='ltr'><strong><em>οἱ</em></strong></span> <span class='ocrx_word' id='word_1_65' title='bbox 958 680 1081 760; x_wconf 85' lang='grc' dir='ltr'><strong><em>ἀδελφοί</em></strong></span> <span class='ocrx_word' id='word_1_66' title='bbox 1091 706 1149 764; x_wconf 93' lang='grc' dir='ltr'><strong><em>μου</em></strong></span> <span class='ocrx_word' id='word_1_67' title='bbox 1162 679 1271 755; x_wconf 87' lang='grc' dir='ltr'><strong><em>πάντες</em></strong></span> <span class='ocrx_word' id='word_1_68' title='bbox 1289 678 1344 764; x_wconf 89' lang='grc' dir='ltr'><strong><em>χά-</em></strong></span> 
     </span>
     <span class='ocr_line' id='line_1_7' title="bbox 108 760 1343 852; baseline -0.004 -21"><span class='ocrx_word' id='word_1_69' title='bbox 108 771 210 839; x_wconf 85' lang='grc' dir='ltr'><strong><em>οἵτινες</em></strong></span> <span class='ocrx_word' id='word_1_70' title='bbox 229 767 349 828; x_wconf 76' lang='grc' dir='ltr'><strong><em>ε”σονται</em></strong></span> <span class='ocrx_word' id='word_1_71' title='bbox 364 763 439 848; x_wconf 81' lang='grc' dir='ltr'><strong><em>μετὰ</em></strong></span> <span class='ocrx_word' id='word_1_72' title='bbox 456 771 526 841; x_wconf 83' lang='grc' dir='ltr'><strong><em>σού,</em></strong></span> <span class='ocrx_word' id='word_1_73' title='bbox 555 767 607 829; x_wconf 83' lang='grc' dir='ltr'><strong><em>καί</em></strong></span> <span class='ocrx_word' id='word_1_74' title='bbox 623 767 708 852; x_wconf 84' lang='grc' dir='ltr'><strong><em>δεῦρο</em></strong></span> <span class='ocrx_word' id='word_1_75' title='bbox 741 788 786 848; x_wconf 94' lang='grc' dir='ltr'><strong><em>ριν</em></strong></span> <span class='ocrx_word' id='word_1_76' title='bbox 800 765 856 826; x_wconf 83' lang='grc' dir='ltr'><strong><em>τού</em></strong></span> <span class='ocrx_word' id='word_1_77' title='bbox 866 760 1003 847; x_wconf 82' lang='grc' dir='ltr'><strong><em>Ἰσραήλ,</em></strong></span> <span class='ocrx_word' id='word_1_78' title='bbox 1017 766 1067 829; x_wconf 88' lang='grc' dir='ltr'><strong><em>καὶ</em></strong></span> <span class='ocrx_word' id='word_1_79' title='bbox 1077 764 1272 847; x_wconf 75' lang='grc' dir='ltr'><strong><em>κατελείφθην</em></strong></span> <span class='ocrx_word' id='word_1_80' title='bbox 1284 760 1343 840; x_wconf 72' lang='grc' dir='ltr'><strong><em>ε’γώ</em></strong></span> 
     </span>
     <span class='ocr_line' id='line_1_8' title="bbox 107 842 1343 932; baseline -0.003 -19"><span class='ocrx_word' id='word_1_81' title='bbox 107 845 164 930; x_wconf 80' lang='grc' dir='ltr'><strong><em>μετ’</em></strong></span> <span class='ocrx_word' id='word_1_82' title='bbox 180 851 252 930; x_wconf 81' lang='grc' dir='ltr'><strong><em>ἐμοῦ</em></strong></span> <span class='ocrx_word' id='word_1_83' title='bbox 264 852 301 921; x_wconf 83' lang='grc' dir='ltr'><strong><em>είς</em></strong></span> <span class='ocrx_word' id='word_1_84' title='bbox 310 847 519 928; x_wconf 73' lang='grc' dir='ltr'><strong><em>Πτολεμαΐδα,</em></strong></span> <span class='ocrx_word' id='word_1_85' title='bbox 546 851 596 913; x_wconf 87' lang='grc' dir='ltr'><strong><em>καὶ</em></strong></span> <span class='ocrx_word' id='word_1_86' title='bbox 608 874 708 932; x_wconf 84' lang='grc' dir='ltr'><strong><em>παρα·</em></strong></span> <span class='ocrx_word' id='word_1_87' title='bbox 739 843 840 928; x_wconf 84' lang='grc' dir='ltr'><strong><em>μόνος.</em></strong></span> <span class='ocrx_word' id='word_1_88' title='bbox 867 846 945 909; x_wconf 56' lang='grc' dir='ltr'><strong><em>ὅκαί</em></strong></span> <span class='ocrx_word' id='word_1_89' title='bbox 963 851 1013 912; x_wconf 85' lang='grc' dir='ltr'><strong><em>νύν</em></strong></span> <span class='ocrx_word' id='word_1_90' title='bbox 1025 842 1063 929; x_wconf 93' lang='grc' dir='ltr'><strong><em>μή</em></strong></span> <span class='ocrx_word' id='word_1_91' title='bbox 1076 874 1127 930; x_wconf 94' lang='grc' dir='ltr'><strong><em>μοι</em></strong></span> <span class='ocrx_word' id='word_1_92' title='bbox 1142 852 1259 925; x_wconf 87' lang='grc' dir='ltr'><strong><em>γένοιτο</em></strong></span> <span class='ocrx_word' id='word_1_93' title='bbox 1279 851 1343 927; x_wconf 83' lang='grc' dir='ltr'><strong><em>φεί-</em></strong></span> 
     </span>
     <span class='ocr_line' id='line_1_9' title="bbox 107 926 1343 1015; baseline -0.003 -18"><span class='ocrx_word' id='word_1_94' title='bbox 107 927 195 997; x_wconf 85' lang='grc' dir='ltr'><strong><em>διύσω</em></strong></span> <span class='ocrx_word' id='word_1_95' title='bbox 208 957 255 996; x_wconf 94' lang='grc' dir='ltr'><strong><em>σοι</em></strong></span> <span class='ocrx_word' id='word_1_96' title='bbox 268 928 424 1013; x_wconf 74' lang='grc' dir='ltr'><strong><em>αὐτήνκαὶ</em></strong></span> <span class='ocrx_word' id='word_1_97' title='bbox 437 930 476 995; x_wconf 80' lang='grc' dir='ltr'><strong><em>τά</em></strong></span> <span class='ocrx_word' id='word_1_98' title='bbox 489 929 582 996; x_wconf 85' lang='grc' dir='ltr'><strong><em>λοιπά</em></strong></span> <span class='ocrx_word' id='word_1_99' title='bbox 596 926 708 1015; x_wconf 78' lang='grc' dir='ltr'><strong><em>ὀχυρού-</em></strong></span> <span class='ocrx_word' id='word_1_100' title='bbox 742 934 858 993; x_wconf 89' lang='grc' dir='ltr'><strong><em>σαοθαί</em></strong></span> <span class='ocrx_word' id='word_1_101' title='bbox 865 954 922 1011; x_wconf 91' lang='grc' dir='ltr'><strong><em>μου</em></strong></span> <span class='ocrx_word' id='word_1_102' title='bbox 933 929 982 1012; x_wconf 75' lang='grc' dir='ltr'><strong><em>της</em></strong></span> <span class='ocrx_word' id='word_1_103' title='bbox 995 936 1088 1014; x_wconf 65' lang='grc' dir='ltr'><strong><em>ψυχῆς</em></strong></span> <span class='ocrx_word' id='word_1_104' title='bbox 1105 934 1135 996; x_wconf 86' lang='grc' dir='ltr'><strong><em>έν</em></strong></span> <span class='ocrx_word' id='word_1_105' title='bbox 1146 930 1236 994; x_wconf 81' lang='grc' dir='ltr'><strong><em>παντί</em></strong></span> <span class='ocrx_word' id='word_1_106' title='bbox 1248 932 1343 1013; x_wconf 77' lang='grc' dir='ltr'><strong><em>καιρῷ</em></strong></span> 
     </span>
     <span class='ocr_line' id='line_1_10' title="bbox 107 1009 1345 1099; baseline -0.004 -20"><span class='ocrx_word' id='word_1_107' title='bbox 107 1018 251 1099; x_wconf 83' lang='grc' dir='ltr'><strong><em>ματα,καὶ</em></strong></span> <span class='ocrx_word' id='word_1_108' title='bbox 263 1012 317 1087; x_wconf 85' lang='grc' dir='ltr'><strong><em>τὰς</em></strong></span> <span class='ocrx_word' id='word_1_109' title='bbox 329 1009 460 1096; x_wconf 86' lang='grc' dir='ltr'><strong><em>δυνάμεις</em></strong></span> <span class='ocrx_word' id='word_1_110' title='bbox 472 1013 527 1089; x_wconf 87' lang='grc' dir='ltr'><strong><em>τάς</em></strong></span> <span class='ocrx_word' id='word_1_111' title='bbox 539 1014 710 1089; x_wconf 82' lang='grc' dir='ltr'><strong><em>λοιπὰς,καί</em></strong></span> <span class='ocrx_word' id='word_1_112' title='bbox 742 1011 890 1091; x_wconf 76' lang='grc' dir='ltr'><strong><em>θλίψεως,</em></strong></span> <span class='ocrx_word' id='word_1_113' title='bbox 916 1011 953 1076; x_wconf 88' lang='grc' dir='ltr'><strong><em>ού</em></strong></span> <span class='ocrx_word' id='word_1_114' title='bbox 975 1013 1033 1097; x_wconf 87' lang='grc' dir='ltr'><strong><em>γάρ</em></strong></span> <span class='ocrx_word' id='word_1_115' title='bbox 1052 1019 1106 1095; x_wconf 84' lang='grc' dir='ltr'><strong><em>είμι</em></strong></span> <span class='ocrx_word' id='word_1_116' title='bbox 1126 1020 1267 1096; x_wconf 74' lang='grc' dir='ltr'><strong><em>κρείσσων</em></strong></span> <span class='ocrx_word' id='word_1_117' title='bbox 1283 1016 1345 1075; x_wconf 83' lang='grc' dir='ltr'><strong><em>τῶν</em></strong></span> 
     </span>
     <span class='ocr_line' id='line_1_11' title="bbox 107 1092 1345 1183; baseline -0.004 -20"><span class='ocrx_word' id='word_1_118' title='bbox 107 1095 223 1171; x_wconf 90' lang='grc' dir='ltr'><strong><em>πάντας</em></strong></span> <span class='ocrx_word' id='word_1_119' title='bbox 236 1095 308 1170; x_wconf 90' lang='grc' dir='ltr'><strong><em>τούς</em></strong></span> <span class='ocrx_word' id='word_1_120' title='bbox 320 1098 370 1161; x_wconf 83' lang='grc' dir='ltr'><strong><em>ἐπί</em></strong></span> <span class='ocrx_word' id='word_1_121' title='bbox 382 1101 442 1160; x_wconf 80' lang='grc' dir='ltr'><strong><em>τῶν</em></strong></span> <span class='ocrx_word' id='word_1_122' title='bbox 453 1101 565 1183; x_wconf 81' lang='grc' dir='ltr'><strong><em>χρειιύν,</em></strong></span> <span class='ocrx_word' id='word_1_123' title='bbox 579 1100 630 1161; x_wconf 80' lang='grc' dir='ltr'><strong><em>καλ</em></strong></span> <span class='ocrx_word' id='word_1_124' title='bbox 643 1100 709 1163; x_wconf 82' lang='grc' dir='ltr'><strong><em>ἐπι·</em></strong></span> <span class='ocrx_word' id='word_1_125' title='bbox 741 1092 879 1174; x_wconf 76' lang='grc' dir='ltr'><strong><em>ἀδελφῶν</em></strong></span> <span class='ocrx_word' id='word_1_126' title='bbox 897 1120 963 1175; x_wconf 89' lang='grc' dir='ltr'><strong><em>μου.</em></strong></span> <span class='ocrx_word' id='word_1_127' title='bbox 989 1096 1096 1179; x_wconf 75' lang='grc' dir='ltr'><strong><em>6πλὴν</em></strong></span> <span class='ocrx_word' id='word_1_128' title='bbox 1117 1093 1259 1179; x_wconf 81' lang='grc' dir='ltr'><strong><em>ἐκδικήσω</em></strong></span> <span class='ocrx_word' id='word_1_129' title='bbox 1277 1097 1345 1179; x_wconf 78' lang='grc' dir='ltr'><strong><em>περὶ</em></strong></span> 
     </span>
     <span class='ocr_line' id='line_1_12' title="bbox 108 1175 1344 1282; baseline -0.003 -37"><span class='ocrx_word' id='word_1_130' title='bbox 108 1178 242 1264; x_wconf 78' lang='grc' dir='ltr'><strong><em>στρέψας</em></strong></span> <span class='ocrx_word' id='word_1_131' title='bbox 266 1175 480 1260; x_wconf 87' lang='grc' dir='ltr'><strong><em>ἀπελεύσομαι,</em></strong></span> <span class='ocrx_word' id='word_1_132' title='bbox 515 1179 625 1246; x_wconf 90' lang='grc' dir='ltr'><strong><em>τούτου</em></strong></span> <span class='ocrx_word' id='word_1_133' title='bbox 645 1179 709 1282; x_wconf 77' lang='grc' dir='ltr'><strong><em>μὰρ</em></strong></span> <span class='ocrx_word' id='word_1_134' title='bbox 742 1181 799 1241; x_wconf 86' lang='grc' dir='ltr'><strong><em>τοῦ</em></strong></span> <span class='ocrx_word' id='word_1_135' title='bbox 818 1181 926 1252; x_wconf 79' lang='grc' dir='ltr'><strong><em>ἔθνους</em></strong></span> <span class='ocrx_word' id='word_1_136' title='bbox 944 1204 1002 1260; x_wconf 94' lang='grc' dir='ltr'><strong><em>μου</em></strong></span> <span class='ocrx_word' id='word_1_137' title='bbox 1022 1182 1074 1242; x_wconf 84' lang='grc' dir='ltr'><strong><em>καί</em></strong></span> <span class='ocrx_word' id='word_1_138' title='bbox 1091 1183 1160 1265; x_wconf 83' lang='grc' dir='ltr'><strong><em>περί</em></strong></span> <span class='ocrx_word' id='word_1_139' title='bbox 1177 1184 1238 1244; x_wconf 80' lang='grc' dir='ltr'><strong><em>των</em></strong></span> <span class='ocrx_word' id='word_1_140' title='bbox 1251 1175 1344 1256; x_wconf 85' lang='grc' dir='ltr'><strong><em>ἆγίων</em></strong></span> 
     </span>
     <span class='ocr_line' id='line_1_13' title="bbox 106 1258 1346 1347; baseline -0.001 -20"><span class='ocrx_word' id='word_1_141' title='bbox 106 1260 191 1347; x_wconf 80' lang='grc' dir='ltr'><strong><em>χάριν</em></strong></span> <span class='ocrx_word' id='word_1_142' title='bbox 215 1258 343 1345; x_wconf 88' lang='grc' dir='ltr'><strong><em>πάρειμι.</em></strong></span> <span class='ocrx_word' id='word_1_143' title='bbox 383 1262 415 1304; x_wconf 78' lang='lat'><strong><em>⁴⁶</em></strong></span> <span class='ocrx_word' id='word_1_144' title='bbox 440 1266 493 1327; x_wconf 87' lang='grc' dir='ltr'><strong><em>καί</em></strong></span> <span class='ocrx_word' id='word_1_145' title='bbox 517 1266 710 1345; x_wconf 84' lang='grc' dir='ltr'><strong><em>ἐμπιστευσας</em></strong></span> <span class='ocrx_word' id='word_1_146' title='bbox 742 1261 876 1344; x_wconf 84' lang='grc' dir='ltr'><strong><em>καὶπερὶ</em></strong></span> <span class='ocrx_word' id='word_1_147' title='bbox 895 1265 955 1323; x_wconf 78' lang='grc' dir='ltr'><strong><em>τῶν</em></strong></span> <span class='ocrx_word' id='word_1_148' title='bbox 978 1264 1196 1340; x_wconf 80' lang='grc' dir='ltr'><strong><em>γυναικῶνκαὶ</em></strong></span> <span class='ocrx_word' id='word_1_149' title='bbox 1222 1267 1284 1327; x_wconf 82' lang='grc' dir='ltr'><strong><em>τῶν</em></strong></span> <span class='ocrx_word' id='word_1_150' title='bbox 1297 1263 1346 1326; x_wconf 75' lang='grc' dir='ltr'><strong><em>τὲ-</em></strong></span> 
     </span>
     <span class='ocr_line' id='line_1_14' title="bbox 108 1340 1345 1429; baseline -0.001 -20"><span class='ocrx_word' id='word_1_151' title='bbox 108 1344 193 1428; x_wconf 80' lang='grc' dir='ltr'><strong><em>αύτῷ</em></strong></span> <span class='ocrx_word' id='word_1_152' title='bbox 206 1348 325 1427; x_wconf 83' lang='grc' dir='ltr'><strong><em>ἐποίησε</em></strong></span> <span class='ocrx_word' id='word_1_153' title='bbox 337 1345 442 1420; x_wconf 78' lang='grc' dir='ltr'><strong><em>καθώς</em></strong></span> <span class='ocrx_word' id='word_1_154' title='bbox 456 1345 526 1424; x_wconf 80' lang='grc' dir='ltr'><strong><em>εἷπε,</em></strong></span> <span class='ocrx_word' id='word_1_155' title='bbox 538 1349 590 1411; x_wconf 85' lang='grc' dir='ltr'><strong><em>καὶ</em></strong></span> <span class='ocrx_word' id='word_1_156' title='bbox 603 1349 711 1423; x_wconf 51' lang='grc' dir='ltr'><strong><em>ἐξαπέ.</em></strong></span> <span class='ocrx_word' id='word_1_157' title='bbox 743 1366 820 1407; x_wconf 91' lang='grc' dir='ltr'><strong><em>κνων</em></strong></span> <span class='ocrx_word' id='word_1_158' title='bbox 831 1340 975 1426; x_wconf 75' lang='grc' dir='ltr'><strong><em>ήμῶν,ότι</em></strong></span> <span class='ocrx_word' id='word_1_159' title='bbox 988 1344 1178 1429; x_wconf 72' lang='grc' dir='ltr'><strong><em>συνήχθησαν</em></strong></span> <span class='ocrx_word' id='word_1_160' title='bbox 1193 1340 1294 1411; x_wconf 86' lang='grc' dir='ltr'><strong><em>πάντα</em></strong></span> <span class='ocrx_word' id='word_1_161' title='bbox 1306 1343 1345 1409; x_wconf 81' lang='grc' dir='ltr'><strong><em>τά</em></strong></span> 
     </span>
     <span class='ocr_line' id='line_1_15' title="bbox 107 1423 1344 1534; baseline -0.002 -42"><span class='ocrx_word' id='word_1_162' title='bbox 107 1429 200 1493; x_wconf 89' lang='grc' dir='ltr'><strong><em>στειλε</em></strong></span> <span class='ocrx_word' id='word_1_163' title='bbox 211 1427 264 1502; x_wconf 81' lang='grc' dir='ltr'><strong><em>τὰς</em></strong></span> <span class='ocrx_word' id='word_1_164' title='bbox 282 1424 425 1512; x_wconf 87' lang='grc' dir='ltr'><strong><em>δυνάμεις,</em></strong></span> <span class='ocrx_word' id='word_1_165' title='bbox 449 1431 500 1493; x_wconf 87' lang='grc' dir='ltr'><strong><em>καί</em></strong></span> <span class='ocrx_word' id='word_1_166' title='bbox 515 1427 658 1514; x_wconf 78' lang='grc' dir='ltr'><strong><em>ἀπῆλθον</em></strong></span> <span class='ocrx_word' id='word_1_167' title='bbox 672 1433 711 1504; x_wconf 84' lang='grc' dir='ltr'><strong><em>εἲς</em></strong></span> <span class='ocrx_word' id='word_1_168' title='bbox 743 1429 817 1508; x_wconf 77' lang='grc' dir='ltr'><strong><em>ε”θνη</em></strong></span> <span class='ocrx_word' id='word_1_169' title='bbox 841 1431 978 1510; x_wconf 82' lang='grc' dir='ltr'><strong><em>ἐκτρίφαι</em></strong></span> <span class='ocrx_word' id='word_1_170' title='bbox 1008 1425 1084 1514; x_wconf 85' lang='grc' dir='ltr'><strong><em>ήμᾶς</em></strong></span> <span class='ocrx_word' id='word_1_171' title='bbox 1105 1434 1216 1534; x_wconf 83' lang='grc' dir='ltr'><strong><em>ἔχθρας</em></strong></span> <span class='ocrx_word' id='word_1_172' title='bbox 1252 1423 1344 1513; x_wconf 85' lang='grc' dir='ltr'><strong><em>χάριν.</em></strong></span> 
     </span>
     <span class='ocr_line' id='line_1_16' title="bbox 107 1507 1346 1596; baseline 0.002 -24"><span class='ocrx_word' id='word_1_173' title='bbox 107 1507 282 1593; x_wconf 79' lang='grc' dir='ltr'><strong><em>γήνἸούδα.</em></strong></span> <span class='ocrx_word' id='word_1_174' title='bbox 321 1511 353 1553; x_wconf 87' lang='lat'><strong><em>⁴⁷</em></strong></span> <span class='ocrx_word' id='word_1_175' title='bbox 366 1512 503 1578; x_wconf 84' lang='grc' dir='ltr'><strong><em>κατέλιπε</em></strong></span> <span class='ocrx_word' id='word_1_176' title='bbox 516 1513 548 1577; x_wconf 81' lang='grc' dir='ltr'><strong><em>δὲ</em></strong></span> <span class='ocrx_word' id='word_1_177' title='bbox 560 1512 626 1595; x_wconf 82' lang='grc' dir='ltr'><strong><em>μεθ’</em></strong></span> <span class='ocrx_word' id='word_1_178' title='bbox 642 1515 709 1578; x_wconf 79' lang='grc' dir='ltr'><strong><em>ἑαυ-</em></strong></span> <span class='ocrx_word' id='word_1_179' title='bbox 743 1510 820 1572; x_wconf 73' lang='grc' dir='ltr'><strong><em>7καί</em></strong></span> <span class='ocrx_word' id='word_1_180' title='bbox 843 1507 1069 1596; x_wconf 86' lang='grc' dir='ltr'><strong><em>ἀνεζωοπύρησε</em></strong></span> <span class='ocrx_word' id='word_1_181' title='bbox 1094 1538 1131 1577; x_wconf 90' lang='grc' dir='ltr'><strong><em>το</em></strong></span> <span class='ocrx_word' id='word_1_182' title='bbox 1151 1517 1266 1595; x_wconf 82' lang='grc' dir='ltr'><strong><em>πνεῦμα</em></strong></span> <span class='ocrx_word' id='word_1_183' title='bbox 1290 1515 1346 1575; x_wconf 83' lang='grc' dir='ltr'><strong><em>τοῖν</em></strong></span> 
     </span>
     <span class='ocr_line' id='line_1_17' title="bbox 107 1587 1347 1680; baseline -0.001 -23"><span class='ocrx_word' id='word_1_184' title='bbox 107 1599 163 1658; x_wconf 83' lang='grc' dir='ltr'><strong><em>τοῦ</em></strong></span> <span class='ocrx_word' id='word_1_185' title='bbox 177 1593 286 1678; x_wconf 85' lang='grc' dir='ltr'><strong><em>ἀνδρας</em></strong></span> <span class='ocrx_word' id='word_1_186' title='bbox 303 1596 483 1678; x_wconf 88' lang='grc' dir='ltr'><strong><em>τριςχιλίους,</em></strong></span> <span class='ocrx_word' id='word_1_187' title='bbox 498 1587 541 1660; x_wconf 77' lang='grc' dir='ltr'><strong><em>τόν</em></strong></span> <span class='ocrx_word' id='word_1_188' title='bbox 559 1597 711 1680; x_wconf 77' lang='grc' dir='ltr'><strong><em>διςχιλίους</em></strong></span> <span class='ocrx_word' id='word_1_189' title='bbox 743 1590 821 1656; x_wconf 80' lang='grc' dir='ltr'><strong><em>λαοῦ</em></strong></span> <span class='ocrx_word' id='word_1_190' title='bbox 835 1590 897 1674; x_wconf 80' lang='grc' dir='ltr'><strong><em>ἀμα</em></strong></span> <span class='ocrx_word' id='word_1_191' title='bbox 906 1618 948 1676; x_wconf 80' lang='grc' dir='ltr'><strong><em>τῳ</em></strong></span> <span class='ocrx_word' id='word_1_192' title='bbox 961 1593 1088 1661; x_wconf 81' lang='grc' dir='ltr'><strong><em>ἀκοῦσαι</em></strong></span> <span class='ocrx_word' id='word_1_193' title='bbox 1096 1600 1157 1660; x_wconf 85' lang='grc' dir='ltr'><strong><em>τῶν</em></strong></span> <span class='ocrx_word' id='word_1_194' title='bbox 1166 1594 1264 1673; x_wconf 89' lang='grc' dir='ltr'><strong><em>λόγων</em></strong></span> <span class='ocrx_word' id='word_1_195' title='bbox 1277 1589 1347 1658; x_wconf 89' lang='grc' dir='ltr'><strong><em>τού-</em></strong></span> 
     </span>
     <span class='ocr_line' id='line_1_18' title="bbox 108 1675 1348 1782; baseline 0.01 -40"><span class='ocrx_word' id='word_1_196' title='bbox 108 1676 221 1760; x_wconf 83' lang='grc' dir='ltr'><strong><em>ἀφήκεν</em></strong></span> <span class='ocrx_word' id='word_1_197' title='bbox 233 1681 263 1740; x_wconf 82' lang='grc' dir='ltr'><strong><em>ἐν</em></strong></span> <span class='ocrx_word' id='word_1_198' title='bbox 275 1677 313 1770; x_wconf 76' lang='grc' dir='ltr'><strong><em>τή</em></strong></span> <span class='ocrx_word' id='word_1_199' title='bbox 324 1677 487 1760; x_wconf 76' lang='grc' dir='ltr'><strong><em>Γαλιλαίᾳ,</em></strong></span> <span class='ocrx_word' id='word_1_200' title='bbox 499 1680 585 1762; x_wconf 89' lang='grc' dir='ltr'><strong><em>χίλιοι</em></strong></span> <span class='ocrx_word' id='word_1_201' title='bbox 599 1679 631 1745; x_wconf 80' lang='grc' dir='ltr'><strong><em>δὲ</em></strong></span> <span class='ocrx_word' id='word_1_202' title='bbox 645 1703 711 1745; x_wconf 92' lang='grc' dir='ltr'><strong><em>συν·</em></strong></span> <span class='ocrx_word' id='word_1_203' title='bbox 744 1697 812 1751; x_wconf 67' lang='grc' dir='ltr'><strong><em>των,</em></strong></span> <span class='ocrx_word' id='word_1_204' title='bbox 837 1675 853 1716; x_wconf 87' lang='lat'>⁸</span> <span class='ocrx_word' id='word_1_205' title='bbox 866 1679 916 1740; x_wconf 69' lang='grc' dir='ltr'><strong><em>καί</em></strong></span> <span class='ocrx_word' id='word_1_206' title='bbox 934 1676 1139 1764; x_wconf 61' lang='grc' dir='ltr'><strong><em>ἀπεκρίθησαν</em></strong></span> <span class='ocrx_word' id='word_1_207' title='bbox 1157 1682 1241 1761; x_wconf 54' lang='grc' dir='ltr'><strong><em>(νωθῆ</em></strong></span> <span class='ocrx_word' id='word_1_208' title='bbox 1256 1675 1348 1782; x_wconf 55' lang='grc' dir='ltr'><strong><em>μὲνᾶ-</em></strong></span> 
     </span>
     <span class='ocr_line' id='line_1_19' title="bbox 108 1753 1348 1846; baseline 0.001 -24"><span class='ocrx_word' id='word_1_209' title='bbox 108 1759 206 1843; x_wconf 84' lang='grc' dir='ltr'><strong><em>ῆλθον</em></strong></span> <span class='ocrx_word' id='word_1_210' title='bbox 219 1758 311 1844; x_wconf 81' lang='grc' dir='ltr'><strong><em>αύτῷ.</em></strong></span> <span class='ocrx_word' id='word_1_211' title='bbox 343 1761 376 1805; x_wconf 78' lang='lat'><strong><em>⁴⁸</em></strong></span> <span class='ocrx_word' id='word_1_212' title='bbox 389 1758 430 1835; x_wconf 84' lang='grc' dir='ltr'><strong><em>ὡς</em></strong></span> <span class='ocrx_word' id='word_1_213' title='bbox 448 1761 480 1826; x_wconf 80' lang='grc' dir='ltr'><strong><em>δέ</em></strong></span> <span class='ocrx_word' id='word_1_214' title='bbox 498 1761 629 1844; x_wconf 82' lang='grc' dir='ltr'><strong><em>είςηλθεν</em></strong></span> <span class='ocrx_word' id='word_1_215' title='bbox 642 1760 711 1827; x_wconf 79' lang='grc' dir='ltr'><strong><em>Ἰω-</em></strong></span> <span class='ocrx_word' id='word_1_216' title='bbox 743 1757 792 1845; x_wconf 77' lang='grc' dir='ltr'><strong><em>λη,</em></strong></span> <span class='ocrx_word' id='word_1_217' title='bbox 813 1757 952 1835; x_wconf 85' lang='grc' dir='ltr'><strong><em>λέγοντες.</em></strong></span> <span class='ocrx_word' id='word_1_218' title='bbox 979 1759 1015 1826; x_wconf 89' lang='grc' dir='ltr'><strong><em>σύ</em></strong></span> <span class='ocrx_word' id='word_1_219' title='bbox 1040 1762 1066 1826; x_wconf 81' lang='grc' dir='ltr'><strong><em>ελ</em></strong></span> <span class='ocrx_word' id='word_1_220' title='bbox 1086 1760 1166 1844; x_wconf 83' lang='grc' dir='ltr'><strong><em>ήμῶν</em></strong></span> <span class='ocrx_word' id='word_1_221' title='bbox 1189 1753 1348 1846; x_wconf 78' lang='grc' dir='ltr'><strong><em>ήγουμενος</em></strong></span> 
     </span>
     <span class='ocr_line' id='line_1_20' title="bbox 107 1836 1347 1926; baseline 0 -20"><span class='ocrx_word' id='word_1_222' title='bbox 107 1838 208 1908; x_wconf 88' lang='grc' dir='ltr'><strong><em>νάθαν</em></strong></span> <span class='ocrx_word' id='word_1_223' title='bbox 220 1848 258 1918; x_wconf 82' lang='grc' dir='ltr'><strong><em>ελς</em></strong></span> <span class='ocrx_word' id='word_1_224' title='bbox 271 1845 475 1926; x_wconf 78' lang='grc' dir='ltr'><strong><em>Πτολεμαΐδα,</em></strong></span> <span class='ocrx_word' id='word_1_225' title='bbox 489 1844 668 1910; x_wconf 83' lang='grc' dir='ltr'><strong><em>ἀπέκλεισαν</em></strong></span> <span class='ocrx_word' id='word_1_226' title='bbox 680 1849 711 1910; x_wconf 81' lang='grc' dir='ltr'><strong><em>σί</em></strong></span> <span class='ocrx_word' id='word_1_227' title='bbox 744 1837 810 1904; x_wconf 84' lang='grc' dir='ltr'><strong><em>ἀντί</em></strong></span> <span class='ocrx_word' id='word_1_228' title='bbox 825 1836 928 1906; x_wconf 87' lang='grc' dir='ltr'><strong><em>Ἰούδα</em></strong></span> <span class='ocrx_word' id='word_1_229' title='bbox 945 1847 996 1908; x_wconf 81' lang='grc' dir='ltr'><strong><em>καί</em></strong></span> <span class='ocrx_word' id='word_1_230' title='bbox 1016 1841 1169 1910; x_wconf 86' lang='grc' dir='ltr'><strong><em>Ἰωνάθαν</em></strong></span> <span class='ocrx_word' id='word_1_231' title='bbox 1188 1849 1243 1910; x_wconf 80' lang='grc' dir='ltr'><strong><em>τοῦ</em></strong></span> <span class='ocrx_word' id='word_1_232' title='bbox 1261 1842 1347 1908; x_wconf 87' lang='grc' dir='ltr'><strong><em>ἀδελ-</em></strong></span> 
     </span>
     <span class='ocr_line' id='line_1_21' title="bbox 110 1924 1347 2030; baseline 0.003 -44"><span class='ocrx_word' id='word_1_233' title='bbox 110 1926 294 2008; x_wconf 80' lang='grc' dir='ltr'><strong><em>Πτολεμαεῖς</em></strong></span> <span class='ocrx_word' id='word_1_234' title='bbox 310 1926 364 2002; x_wconf 74' lang='grc' dir='ltr'><strong><em>τὰς</em></strong></span> <span class='ocrx_word' id='word_1_235' title='bbox 377 1925 491 2004; x_wconf 77' lang='grc' dir='ltr'><strong><em>πύλας,</em></strong></span> <span class='ocrx_word' id='word_1_236' title='bbox 516 1932 568 1994; x_wconf 74' lang='grc' dir='ltr'><strong><em>καὶ</em></strong></span> <span class='ocrx_word' id='word_1_237' title='bbox 586 1928 711 1994; x_wconf 79' lang='grc' dir='ltr'><strong><em>συνελα-</em></strong></span> <span class='ocrx_word' id='word_1_238' title='bbox 744 1927 806 2004; x_wconf 86' lang='grc' dir='ltr'><strong><em>φού</em></strong></span> <span class='ocrx_word' id='word_1_239' title='bbox 829 1948 893 1988; x_wconf 93' lang='grc' dir='ltr'><strong><em>σου.</em></strong></span> <span class='ocrx_word' id='word_1_240' title='bbox 933 1924 1199 2030; x_wconf 79' lang='grc' dir='ltr'><strong><em>9πολέμησοντόν</em></strong></span> <span class='ocrx_word' id='word_1_241' title='bbox 1215 1925 1347 2008; x_wconf 91' lang='grc' dir='ltr'><strong><em>πόλεμον</em></strong></span> 
     </span>
     <span class='ocr_line' id='line_1_22' title="bbox 107 2006 1348 2102; baseline 0.002 -30"><span class='ocrx_word' id='word_1_242' title='bbox 107 2014 164 2096; x_wconf 79' lang='grc' dir='ltr'><strong><em>βον</em></strong></span> <span class='ocrx_word' id='word_1_243' title='bbox 176 2009 279 2089; x_wconf 82' lang='grc' dir='ltr'><strong><em>αὐτόν,</em></strong></span> <span class='ocrx_word' id='word_1_244' title='bbox 291 2012 342 2076; x_wconf 84' lang='grc' dir='ltr'><strong><em>καί</em></strong></span> <span class='ocrx_word' id='word_1_245' title='bbox 355 2007 471 2087; x_wconf 80' lang='grc' dir='ltr'><strong><em>πάντας</em></strong></span> <span class='ocrx_word' id='word_1_246' title='bbox 481 2010 551 2086; x_wconf 86' lang='grc' dir='ltr'><strong><em>τοὺς</em></strong></span> <span class='ocrx_word' id='word_1_247' title='bbox 564 2008 712 2088; x_wconf 81' lang='grc' dir='ltr'><strong><em>είςελθόν-</em></strong></span> <span class='ocrx_word' id='word_1_248' title='bbox 746 2007 840 2091; x_wconf 81' lang='grc' dir='ltr'><strong><em>ήμῶν,</em></strong></span> <span class='ocrx_word' id='word_1_249' title='bbox 866 2010 917 2072; x_wconf 87' lang='grc' dir='ltr'><strong><em>καὶ</em></strong></span> <span class='ocrx_word' id='word_1_250' title='bbox 932 2006 1033 2075; x_wconf 89' lang='grc' dir='ltr'><strong><em>πάντα</em></strong></span> <span class='ocrx_word' id='word_1_251' title='bbox 1050 2010 1110 2075; x_wconf 81' lang='grc' dir='ltr'><strong><em>ὅσα</em></strong></span> <span class='ocrx_word' id='word_1_252' title='bbox 1127 2008 1165 2076; x_wconf 88' lang='grc' dir='ltr'><strong><em>ἀν</em></strong></span> <span class='ocrx_word' id='word_1_253' title='bbox 1184 2013 1265 2102; x_wconf 79' lang='grc' dir='ltr'><strong><em>είπης</em></strong></span> <span class='ocrx_word' id='word_1_254' title='bbox 1277 2009 1348 2093; x_wconf 81' lang='grc' dir='ltr'><strong><em>ἡμῖν</em></strong></span> 
     </span>
     <span class='ocr_line' id='line_1_23' title="bbox 108 2085 1348 2181; baseline 0.001 -25"><span class='ocrx_word' id='word_1_255' title='bbox 108 2117 162 2166; x_wconf 87' lang='grc' dir='ltr'><strong><em>τας</em></strong></span> <span class='ocrx_word' id='word_1_256' title='bbox 186 2092 244 2171; x_wconf 81' lang='grc' dir='ltr'><strong><em>μετ’</em></strong></span> <span class='ocrx_word' id='word_1_257' title='bbox 270 2094 367 2159; x_wconf 82' lang='grc' dir='ltr'><strong><em>αύτοῦ</em></strong></span> <span class='ocrx_word' id='word_1_258' title='bbox 389 2095 564 2160; x_wconf 85' lang='grc' dir='ltr'><strong><em>ἀπέκτειναν</em></strong></span> <span class='ocrx_word' id='word_1_259' title='bbox 586 2100 618 2161; x_wconf 91' lang='grc' dir='ltr'><strong><em>ἐν</em></strong></span> <span class='ocrx_word' id='word_1_260' title='bbox 640 2098 712 2181; x_wconf 82' lang='grc' dir='ltr'><strong><em>ρομ-</em></strong></span> <span class='ocrx_word' id='word_1_261' title='bbox 743 2085 911 2172; x_wconf 86' lang='grc' dir='ltr'><strong><em>ποιήσομεν.</em></strong></span> <span class='ocrx_word' id='word_1_262' title='bbox 948 2094 1041 2159; x_wconf 77' lang='grc' dir='ltr'><strong><em>10καί</em></strong></span> <span class='ocrx_word' id='word_1_263' title='bbox 1066 2091 1208 2179; x_wconf 86' lang='grc' dir='ltr'><strong><em>συνήγαγε</em></strong></span> <span class='ocrx_word' id='word_1_264' title='bbox 1232 2092 1348 2168; x_wconf 88' lang='grc' dir='ltr'><strong><em>πάντας</em></strong></span> 
     </span>
     <span class='ocr_line' id='line_1_24' title="bbox 110 2171 1348 2260; baseline 0.004 -25"><span class='ocrx_word' id='word_1_265' title='bbox 110 2179 196 2254; x_wconf 77' lang='grc' dir='ltr'><strong><em>φαίη.</em></strong></span> <span class='ocrx_word' id='word_1_266' title='bbox 225 2173 258 2218; x_wconf 81' lang='lat'><strong><em>⁴⁹</em></strong></span> <span class='ocrx_word' id='word_1_267' title='bbox 270 2176 322 2240; x_wconf 85' lang='grc' dir='ltr'><strong><em>καί</em></strong></span> <span class='ocrx_word' id='word_1_268' title='bbox 340 2176 493 2240; x_wconf 86' lang='grc' dir='ltr'><strong><em>ἀπέστειλε</em></strong></span> <span class='ocrx_word' id='word_1_269' title='bbox 513 2177 643 2260; x_wconf 86' lang='grc' dir='ltr'><strong><em>Τρύφων</em></strong></span> <span class='ocrx_word' id='word_1_270' title='bbox 660 2181 711 2242; x_wconf 91' lang='grc' dir='ltr'><strong><em>δυ-</em></strong></span> <span class='ocrx_word' id='word_1_271' title='bbox 744 2171 815 2249; x_wconf 86' lang='grc' dir='ltr'><strong><em>τούς</em></strong></span> <span class='ocrx_word' id='word_1_272' title='bbox 827 2173 936 2258; x_wconf 84' lang='grc' dir='ltr'><strong><em>ἀνδρας</em></strong></span> <span class='ocrx_word' id='word_1_273' title='bbox 948 2175 1020 2250; x_wconf 88' lang='grc' dir='ltr'><strong><em>τούς</em></strong></span> <span class='ocrx_word' id='word_1_274' title='bbox 1033 2177 1226 2260; x_wconf 82' lang='grc' dir='ltr'><strong><em>πολεμιστάς,</em></strong></span> <span class='ocrx_word' id='word_1_275' title='bbox 1253 2181 1304 2243; x_wconf 82' lang='grc' dir='ltr'><strong><em>καί</em></strong></span> <span class='ocrx_word' id='word_1_276' title='bbox 1317 2180 1348 2240; x_wconf 90' lang='grc' dir='ltr'><strong><em>ἐ-</em></strong></span> 
     </span>
     <span class='ocr_line' id='line_1_25' title="bbox 109 2249 1347 2341; baseline 0.003 -24"><span class='ocrx_word' id='word_1_277' title='bbox 109 2253 203 2336; x_wconf 86' lang='grc' dir='ltr'><strong><em>νάμεις</em></strong></span> <span class='ocrx_word' id='word_1_278' title='bbox 227 2259 278 2319; x_wconf 83' lang='grc' dir='ltr'><strong><em>καί</em></strong></span> <span class='ocrx_word' id='word_1_279' title='bbox 303 2262 397 2321; x_wconf 84' lang='grc' dir='ltr'><strong><em>ἵππον</em></strong></span> <span class='ocrx_word' id='word_1_280' title='bbox 419 2263 457 2333; x_wconf 77' lang='grc' dir='ltr'><strong><em>εἰς</em></strong></span> <span class='ocrx_word' id='word_1_281' title='bbox 475 2255 529 2340; x_wconf 73' lang='grc' dir='ltr'><strong><em>τήν</em></strong></span> <span class='ocrx_word' id='word_1_282' title='bbox 542 2259 712 2325; x_wconf 81' lang='grc' dir='ltr'><strong><em>Γαλιλαίαν</em></strong></span> <span class='ocrx_word' id='word_1_283' title='bbox 744 2249 849 2337; x_wconf 80' lang='grc' dir='ltr'><strong><em>τάχυνε</em></strong></span> <span class='ocrx_word' id='word_1_284' title='bbox 862 2261 920 2320; x_wconf 80' lang='grc' dir='ltr'><strong><em>τοῦ</em></strong></span> <span class='ocrx_word' id='word_1_285' title='bbox 932 2259 1046 2323; x_wconf 78' lang='grc' dir='ltr'><strong><em>τελέσαι</em></strong></span> <span class='ocrx_word' id='word_1_286' title='bbox 1059 2257 1097 2323; x_wconf 84' lang='grc' dir='ltr'><strong><em>τά</em></strong></span> <span class='ocrx_word' id='word_1_287' title='bbox 1111 2264 1186 2341; x_wconf 89' lang='grc' dir='ltr'><strong><em>τείχη</em></strong></span> <span class='ocrx_word' id='word_1_288' title='bbox 1195 2257 1347 2340; x_wconf 78' lang='grc' dir='ltr'><strong><em>Ἰερουσα-</em></strong></span> 
     </span>
     <span class='ocr_line' id='line_1_26' title="bbox 109 2335 1347 2444; baseline 0.008 -42"><span class='ocrx_word' id='word_1_289' title='bbox 109 2336 209 2402; x_wconf 83' lang='grc' dir='ltr'><strong><em>καὶτὸ</em></strong></span> <span class='ocrx_word' id='word_1_290' title='bbox 222 2340 324 2403; x_wconf 87' lang='grc' dir='ltr'><strong><em>πεδίον</em></strong></span> <span class='ocrx_word' id='word_1_291' title='bbox 339 2338 376 2404; x_wconf 90' lang='grc' dir='ltr'><strong><em>τὸ</em></strong></span> <span class='ocrx_word' id='word_1_292' title='bbox 391 2341 480 2444; x_wconf 80' lang='grc' dir='ltr'><strong><em>μέγα,</em></strong></span> <span class='ocrx_word' id='word_1_293' title='bbox 492 2340 548 2404; x_wconf 83' lang='grc' dir='ltr'><strong><em>τού</em></strong></span> <span class='ocrx_word' id='word_1_294' title='bbox 561 2340 711 2407; x_wconf 78' lang='grc' dir='ltr'><strong><em>ἀπολέσαι</em></strong></span> <span class='ocrx_word' id='word_1_295' title='bbox 744 2335 817 2419; x_wconf 71' lang='grc' dir='ltr'><strong><em>λῆμι</em></strong></span> <span class='ocrx_word' id='word_1_296' title='bbox 843 2340 895 2401; x_wconf 63' lang='grc' dir='ltr'><strong><em>καὶ</em></strong></span> <span class='ocrx_word' id='word_1_297' title='bbox 910 2335 1066 2424; x_wconf 69' lang='grc' dir='ltr'><strong><em>ὠχύρωσεν</em></strong></span> <span class='ocrx_word' id='word_1_298' title='bbox 1079 2338 1172 2424; x_wconf 67' lang='grc' dir='ltr'><strong><em>αὐτὴν</em></strong></span> <span class='ocrx_word' id='word_1_299' title='bbox 1188 2336 1347 2405; x_wconf 67' lang='grc' dir='ltr'><strong><em>νυκλύθὲν·</em></strong></span> 
     </span>
     <span class='ocr_line' id='line_1_27' title="bbox 107 2416 1347 2507; baseline 0.004 -26"><span class='ocrx_word' id='word_1_300' title='bbox 107 2416 223 2495; x_wconf 79' lang='grc' dir='ltr'><strong><em>πάντας</em></strong></span> <span class='ocrx_word' id='word_1_301' title='bbox 235 2422 307 2496; x_wconf 83' lang='grc' dir='ltr'><strong><em>τοὺς</em></strong></span> <span class='ocrx_word' id='word_1_302' title='bbox 319 2448 403 2507; x_wconf 82' lang='grc' dir='ltr'><strong><em>παρα</em></strong></span> <span class='ocrx_word' id='word_1_303' title='bbox 417 2420 578 2488; x_wconf 67' lang='grc' dir='ltr'><strong><em>Ἰωνάθην.</em></strong></span> <span class='ocrx_word' id='word_1_304' title='bbox 618 2425 649 2467; x_wconf 77' lang='lat'><strong><em>⁶⁰</em></strong></span> <span class='ocrx_word' id='word_1_305' title='bbox 662 2428 713 2490; x_wconf 75' lang='grc' dir='ltr'><strong><em>καὶ</em></strong></span> <span class='ocrx_word' id='word_1_306' title='bbox 744 2423 768 2461; x_wconf 85' lang='lat'><strong><em>¹¹</em></strong></span> <span class='ocrx_word' id='word_1_307' title='bbox 782 2420 834 2483; x_wconf 79' lang='grc' dir='ltr'><strong><em>καί</em></strong></span> <span class='ocrx_word' id='word_1_308' title='bbox 857 2419 1026 2487; x_wconf 81' lang='grc' dir='ltr'><strong><em>ἀπέστειλεν</em></strong></span> <span class='ocrx_word' id='word_1_309' title='bbox 1046 2422 1197 2488; x_wconf 87' lang='grc' dir='ltr'><strong><em>Ἰωνάθαν</em></strong></span> <span class='ocrx_word' id='word_1_310' title='bbox 1220 2421 1275 2488; x_wconf 89' lang='grc' dir='ltr'><strong><em>τὸν</em></strong></span> <span class='ocrx_word' id='word_1_311' title='bbox 1291 2426 1347 2488; x_wconf 84' lang='grc' dir='ltr'><strong><em>τοῦ</em></strong></span> 
     </span>
     <span class='ocr_line' id='line_1_28' title="bbox 109 2501 1348 2590; baseline 0.001 -23"><span class='ocrx_word' id='word_1_312' title='bbox 109 2505 280 2581; x_wconf 78' lang='grc' dir='ltr'><strong><em>ἐπέγνωσαν</em></strong></span> <span class='ocrx_word' id='word_1_313' title='bbox 303 2502 348 2571; x_wconf 80' lang='grc' dir='ltr'><strong><em>ὅτι</em></strong></span> <span class='ocrx_word' id='word_1_314' title='bbox 372 2501 540 2590; x_wconf 73' lang='grc' dir='ltr'><strong><em>συνελήφθη</em></strong></span> <span class='ocrx_word' id='word_1_315' title='bbox 560 2502 712 2574; x_wconf 85' lang='grc' dir='ltr'><strong><em>Ἰωνάθαν</em></strong></span> <span class='ocrx_word' id='word_1_316' title='bbox 739 2501 965 2588; x_wconf 76' lang='grc' dir='ltr'><strong><em>Ἀβεσσαλούμου</em></strong></span> <span class='ocrx_word' id='word_1_317' title='bbox 979 2508 1030 2572; x_wconf 85' lang='grc' dir='ltr'><strong><em>καί</em></strong></span> <span class='ocrx_word' id='word_1_318' title='bbox 1047 2506 1105 2589; x_wconf 83' lang='grc' dir='ltr'><strong><em>μετ’</em></strong></span> <span class='ocrx_word' id='word_1_319' title='bbox 1121 2504 1217 2572; x_wconf 75' lang='grc' dir='ltr'><strong><em>αὐτοῦ</em></strong></span> <span class='ocrx_word' id='word_1_320' title='bbox 1229 2502 1348 2588; x_wconf 90' lang='grc' dir='ltr'><strong><em>δύναμιν</em></strong></span> 
     </span>
     <span class='ocr_line' id='line_1_29' title="bbox 109 2585 1348 2675; baseline 0.011 -25"><span class='ocrx_word' id='word_1_321' title='bbox 109 2588 160 2652; x_wconf 85' lang='grc' dir='ltr'><strong><em>καί</em></strong></span> <span class='ocrx_word' id='word_1_322' title='bbox 173 2585 321 2665; x_wconf 84' lang='grc' dir='ltr'><strong><em>ἀπόλωλε,</em></strong></span> <span class='ocrx_word' id='word_1_323' title='bbox 347 2593 397 2654; x_wconf 85' lang='grc' dir='ltr'><strong><em>καί</em></strong></span> <span class='ocrx_word' id='word_1_324' title='bbox 410 2593 440 2654; x_wconf 79' lang='grc' dir='ltr'><strong><em>οἱ</em></strong></span> <span class='ocrx_word' id='word_1_325' title='bbox 457 2589 515 2670; x_wconf 84' lang='grc' dir='ltr'><strong><em>μετ’</em></strong></span> <span class='ocrx_word' id='word_1_326' title='bbox 531 2588 636 2665; x_wconf 75' lang='grc' dir='ltr'><strong><em>αὐτοῦ,</em></strong></span> <span class='ocrx_word' id='word_1_327' title='bbox 661 2593 712 2655; x_wconf 83' lang='grc' dir='ltr'><strong><em>καί</em></strong></span> <span class='ocrx_word' id='word_1_328' title='bbox 745 2585 847 2668; x_wconf 62' lang='grc' dir='ltr'><strong><em>ἱκανὴν</em></strong></span> <span class='ocrx_word' id='word_1_329' title='bbox 859 2593 897 2663; x_wconf 61' lang='grc' dir='ltr'><strong><em>εἷς</em></strong></span> <span class='ocrx_word' id='word_1_330' title='bbox 914 2587 1054 2673; x_wconf 54' lang='grc' dir='ltr'><strong><em>Ἰόππην.</em></strong></span> <span class='ocrx_word' id='word_1_331' title='bbox 1078 2591 1129 2654; x_wconf 61' lang='grc' dir='ltr'><strong><em>καί</em></strong></span> <span class='ocrx_word' id='word_1_332' title='bbox 1148 2589 1266 2675; x_wconf 55' lang='grc' dir='ltr'><strong><em>ἐξέβαλέ</em></strong></span> <span class='ocrx_word' id='word_1_333' title='bbox 1279 2588 1348 2664; x_wconf 62' lang='grc' dir='ltr'><strong><em>ῐθῖε·</em></strong></span> 
     </span>
     <span class='ocr_line' id='line_1_30' title="bbox 107 2667 1348 2756; baseline 0.002 -23"><span class='ocrx_word' id='word_1_334' title='bbox 107 2668 311 2754; x_wconf 85' lang='grc' dir='ltr'><strong><em>παρεκάλεσαν</em></strong></span> <span class='ocrx_word' id='word_1_335' title='bbox 324 2670 457 2749; x_wconf 80' lang='grc' dir='ltr'><strong><em>ἑαυτούς,</em></strong></span> <span class='ocrx_word' id='word_1_336' title='bbox 470 2674 520 2737; x_wconf 86' lang='grc' dir='ltr'><strong><em>καὶ</em></strong></span> <span class='ocrx_word' id='word_1_337' title='bbox 533 2672 711 2756; x_wconf 81' lang='grc' dir='ltr'><strong><em>ἐπορεύοντο</em></strong></span> <span class='ocrx_word' id='word_1_338' title='bbox 744 2667 833 2745; x_wconf 82' lang='grc' dir='ltr'><strong><em>ὄντας</em></strong></span> <span class='ocrx_word' id='word_1_339' title='bbox 846 2673 876 2735; x_wconf 83' lang='grc' dir='ltr'><strong><em>ἐν</em></strong></span> <span class='ocrx_word' id='word_1_340' title='bbox 895 2670 973 2754; x_wconf 79' lang='grc' dir='ltr'><strong><em>αὐτῆ</em></strong></span> <span class='ocrx_word' id='word_1_341' title='bbox 992 2674 1043 2738; x_wconf 74' lang='grc' dir='ltr'><strong><em>καὶ</em></strong></span> <span class='ocrx_word' id='word_1_342' title='bbox 1060 2676 1164 2755; x_wconf 79' lang='grc' dir='ltr'><strong><em>ἔμεινεν</em></strong></span> <span class='ocrx_word' id='word_1_343' title='bbox 1175 2674 1238 2737; x_wconf 86' lang='grc' dir='ltr'><strong><em>ἐκεῖ</em></strong></span> <span class='ocrx_word' id='word_1_344' title='bbox 1249 2675 1280 2736; x_wconf 83' lang='grc' dir='ltr'><strong><em>ἐν</em></strong></span> <span class='ocrx_word' id='word_1_345' title='bbox 1291 2669 1348 2736; x_wconf 87' lang='grc' dir='ltr'><strong><em>αύ-</em></strong></span> 
     </span>
     <span class='ocr_line' id='line_1_31' title="bbox 109 2743 1349 2845; baseline 0.002 -27"><span class='ocrx_word' id='word_1_346' title='bbox 109 2760 352 2838; x_wconf 85' lang='grc' dir='ltr'><strong><em>συνεστραμμένοι</em></strong></span> <span class='ocrx_word' id='word_1_347' title='bbox 375 2759 488 2839; x_wconf 84' lang='grc' dir='ltr'><strong><em>ἕτοιμοι</em></strong></span> <span class='ocrx_word' id='word_1_348' title='bbox 510 2761 550 2831; x_wconf 77' lang='grc' dir='ltr'><strong><em>εἰς</em></strong></span> <span class='ocrx_word' id='word_1_349' title='bbox 573 2753 711 2839; x_wconf 91' lang='grc' dir='ltr'><strong><em>πόλεμον.</em></strong></span> <span class='ocrx_word' id='word_1_350' title='bbox 745 2756 790 2845; x_wconf 79' lang='grc' dir='ltr'><strong><em>τῇ.</em></strong></span> <span class='ocrx_word' id='word_1_351' title='bbox 816 2756 844 2794; x_wconf 83' lang='lat'><strong><em>¹²</em></strong></span> <span class='ocrx_word' id='word_1_352' title='bbox 855 2756 906 2819; x_wconf 86' lang='grc' dir='ltr'><strong><em>καί</em></strong></span> <span class='ocrx_word' id='word_1_353' title='bbox 923 2743 1020 2840; x_wconf 76' lang='grc' dir='ltr'><strong><em>ἀέτῇρε</em></strong></span> <span class='ocrx_word' id='word_1_354' title='bbox 1036 2752 1163 2841; x_wconf 81' lang='grc' dir='ltr'><strong><em>Τρύφων</em></strong></span> <span class='ocrx_word' id='word_1_355' title='bbox 1181 2753 1245 2822; x_wconf 84' lang='grc' dir='ltr'><strong><em>ἀπὸ</em></strong></span> <span class='ocrx_word' id='word_1_356' title='bbox 1260 2761 1349 2820; x_wconf 87' lang='grc' dir='ltr'><strong><em>Πτο-</em></strong></span> 
     </span>
     <span class='ocr_line' id='line_1_32' title="bbox 108 2833 1349 2925; baseline 0.002 -25"><span class='ocrx_word' id='word_1_357' title='bbox 108 2837 198 2901; x_wconf 73' lang='grc' dir='ltr'><strong><em>61καί</em></strong></span> <span class='ocrx_word' id='word_1_358' title='bbox 211 2839 275 2902; x_wconf 80' lang='grc' dir='ltr'><strong><em>ἴδον</em></strong></span> <span class='ocrx_word' id='word_1_359' title='bbox 293 2842 322 2902; x_wconf 84' lang='grc' dir='ltr'><strong><em>σί</em></strong></span> <span class='ocrx_word' id='word_1_360' title='bbox 340 2833 492 2913; x_wconf 79' lang='grc' dir='ltr'><strong><em>διώκοντες</em></strong></span> <span class='ocrx_word' id='word_1_361' title='bbox 507 2837 553 2904; x_wconf 79' lang='grc' dir='ltr'><strong><em>δτι</em></strong></span> <span class='ocrx_word' id='word_1_362' title='bbox 571 2841 640 2925; x_wconf 83' lang='grc' dir='ltr'><strong><em>περί</em></strong></span> <span class='ocrx_word' id='word_1_363' title='bbox 651 2860 711 2925; x_wconf 85' lang='grc' dir='ltr'><strong><em>ψυ-</em></strong></span> <span class='ocrx_word' id='word_1_364' title='bbox 744 2835 880 2917; x_wconf 80' lang='grc' dir='ltr'><strong><em>λεμαίδος</em></strong></span> <span class='ocrx_word' id='word_1_365' title='bbox 891 2836 965 2921; x_wconf 78' lang='grc' dir='ltr'><strong><em>μετὰ</em></strong></span> <span class='ocrx_word' id='word_1_366' title='bbox 977 2836 1125 2922; x_wconf 86' lang='grc' dir='ltr'><strong><em>δυνάμεως</em></strong></span> <span class='ocrx_word' id='word_1_367' title='bbox 1136 2837 1250 2922; x_wconf 80' lang='grc' dir='ltr'><strong><em>πολλῆς</em></strong></span> <span class='ocrx_word' id='word_1_368' title='bbox 1263 2837 1349 2914; x_wconf 83' lang='grc' dir='ltr'><strong><em>εἰςελ-</em></strong></span> 
     </span>
     <span class='ocr_line' id='line_1_33' title="bbox 107 2917 1346 3008; baseline 0.001 -24"><span class='ocrx_word' id='word_1_369' title='bbox 107 2922 158 3001; x_wconf 80' lang='grc' dir='ltr'><strong><em>χῆς</em></strong></span> <span class='ocrx_word' id='word_1_370' title='bbox 183 2918 287 2996; x_wconf 83' lang='grc' dir='ltr'><strong><em>αύτοΐς</em></strong></span> <span class='ocrx_word' id='word_1_371' title='bbox 311 2925 397 2996; x_wconf 86' lang='grc' dir='ltr'><strong><em>ἐστι,</em></strong></span> <span class='ocrx_word' id='word_1_372' title='bbox 434 2924 486 2988; x_wconf 81' lang='grc' dir='ltr'><strong><em>καί</em></strong></span> <span class='ocrx_word' id='word_1_373' title='bbox 516 2924 711 3008; x_wconf 83' lang='grc' dir='ltr'><strong><em>ἐπέστρεψαν.</em></strong></span> <span class='ocrx_word' id='word_1_374' title='bbox 744 2929 810 2984; x_wconf 84' lang='grc' dir='ltr'><strong><em>θεῖν</em></strong></span> <span class='ocrx_word' id='word_1_375' title='bbox 823 2924 861 2996; x_wconf 74' lang='grc' dir='ltr'><strong><em>εἰς</em></strong></span> <span class='ocrx_word' id='word_1_376' title='bbox 873 2926 927 3005; x_wconf 80' lang='grc' dir='ltr'><strong><em>γήν</em></strong></span> <span class='ocrx_word' id='word_1_377' title='bbox 936 2921 1050 2999; x_wconf 85' lang='grc' dir='ltr'><strong><em>Ἰούδα,</em></strong></span> <span class='ocrx_word' id='word_1_378' title='bbox 1067 2926 1117 2988; x_wconf 85' lang='grc' dir='ltr'><strong><em>καί</em></strong></span> <span class='ocrx_word' id='word_1_379' title='bbox 1127 2917 1275 2989; x_wconf 79' lang='grc' dir='ltr'><strong><em>Ἰωνάθου</em></strong></span> <span class='ocrx_word' id='word_1_380' title='bbox 1286 2919 1346 3005; x_wconf 85' lang='grc' dir='ltr'><strong><em>μετ’</em></strong></span> 
     </span>
     <span class='ocr_line' id='line_1_34' title="bbox 108 2992 1348 3112; baseline 0.002 -46"><span class='ocrx_word' id='word_1_381' title='bbox 108 3001 138 3044; x_wconf 80' lang='lat'><strong><em>⁶²</em></strong></span> <span class='ocrx_word' id='word_1_382' title='bbox 151 3004 202 3067; x_wconf 78' lang='grc' dir='ltr'><strong><em>καλ</em></strong></span> <span class='ocrx_word' id='word_1_383' title='bbox 220 2992 319 3086; x_wconf 75' lang='grc' dir='ltr'><strong><em>ἦλθον</em></strong></span> <span class='ocrx_word' id='word_1_384' title='bbox 334 3001 443 3080; x_wconf 84' lang='grc' dir='ltr'><strong><em>πάντες</em></strong></span> <span class='ocrx_word' id='word_1_385' title='bbox 462 3004 522 3088; x_wconf 83' lang='grc' dir='ltr'><strong><em>μετ’</em></strong></span> <span class='ocrx_word' id='word_1_386' title='bbox 543 3001 655 3090; x_wconf 73' lang='grc' dir='ltr'><strong><em>εἰρήνης</em></strong></span> <span class='ocrx_word' id='word_1_387' title='bbox 674 3012 712 3082; x_wconf 78' lang='grc' dir='ltr'><strong><em>τίς</em></strong></span> <span class='ocrx_word' id='word_1_388' title='bbox 745 2999 839 3067; x_wconf 76' lang='grc' dir='ltr'><strong><em>αὐτοῦ</em></strong></span> <span class='ocrx_word' id='word_1_389' title='bbox 852 3007 883 3068; x_wconf 93' lang='grc' dir='ltr'><strong><em>ἐν</em></strong></span> <span class='ocrx_word' id='word_1_390' title='bbox 897 3007 1026 3112; x_wconf 74' lang='grc' dir='ltr'><strong><em>φυλακή.</em></strong></span> <span class='ocrx_word' id='word_1_391' title='bbox 1039 3009 1065 3049; x_wconf 79' lang='lat'><strong><em>¹³</em></strong></span> <span class='ocrx_word' id='word_1_392' title='bbox 1080 3012 1183 3089; x_wconf 86' lang='grc' dir='ltr'><strong><em>Σίμων</em></strong></span> <span class='ocrx_word' id='word_1_393' title='bbox 1195 3003 1228 3070; x_wconf 82' lang='grc' dir='ltr'><strong><em>δὲ</em></strong></span> <span class='ocrx_word' id='word_1_394' title='bbox 1239 3028 1348 3090; x_wconf 81' lang='grc' dir='ltr'><strong><em>παρεν·</em></strong></span> 
     </span>
     <span class='ocr_line' id='line_1_35' title="bbox 107 3083 1349 3189; baseline 0.001 -39"><span class='ocrx_word' id='word_1_395' title='bbox 107 3090 162 3189; x_wconf 83' lang='grc' dir='ltr'><strong><em>γήν</em></strong></span> <span class='ocrx_word' id='word_1_396' title='bbox 175 3084 295 3163; x_wconf 87' lang='grc' dir='ltr'><strong><em>Ἰούδα,</em></strong></span> <span class='ocrx_word' id='word_1_397' title='bbox 320 3090 372 3152; x_wconf 77' lang='grc' dir='ltr'><strong><em>καλ</em></strong></span> <span class='ocrx_word' id='word_1_398' title='bbox 390 3090 562 3174; x_wconf 76' lang='grc' dir='ltr'><strong><em>ἐπένθησαν</em></strong></span> <span class='ocrx_word' id='word_1_399' title='bbox 577 3087 629 3154; x_wconf 86' lang='grc' dir='ltr'><strong><em>τὸν</em></strong></span> <span class='ocrx_word' id='word_1_400' title='bbox 643 3088 712 3155; x_wconf 87' lang='grc' dir='ltr'><strong><em>Ἰω-</em></strong></span> <span class='ocrx_word' id='word_1_401' title='bbox 745 3083 848 3172; x_wconf 79' lang='grc' dir='ltr'><strong><em>ἔβαλεν</em></strong></span> <span class='ocrx_word' id='word_1_402' title='bbox 861 3089 891 3152; x_wconf 87' lang='grc' dir='ltr'><strong><em>ἐν</em></strong></span> <span class='ocrx_word' id='word_1_403' title='bbox 912 3087 1014 3155; x_wconf 82' lang='grc' dir='ltr'><strong><em>Ἄδιδα</em></strong></span> <span class='ocrx_word' id='word_1_404' title='bbox 1027 3087 1105 3155; x_wconf 81' lang='grc' dir='ltr'><strong><em>κατὰ</em></strong></span> <span class='ocrx_word' id='word_1_405' title='bbox 1115 3083 1280 3173; x_wconf 86' lang='grc' dir='ltr'><strong><em>πρόςωπον</em></strong></span> <span class='ocrx_word' id='word_1_406' title='bbox 1291 3091 1349 3153; x_wconf 82' lang='grc' dir='ltr'><strong><em>τοῦ</em></strong></span> 
     </span>
     <span class='ocr_line' id='line_1_36' title="bbox 109 3168 1348 3257; baseline 0.004 -28"><span class='ocrx_word' id='word_1_407' title='bbox 109 3179 208 3235; x_wconf 86' lang='grc' dir='ltr'><strong><em>ναθαν</em></strong></span> <span class='ocrx_word' id='word_1_408' title='bbox 220 3171 271 3235; x_wconf 80' lang='grc' dir='ltr'><strong><em>καί</em></strong></span> <span class='ocrx_word' id='word_1_409' title='bbox 288 3171 360 3246; x_wconf 84' lang='grc' dir='ltr'><strong><em>τούς</em></strong></span> <span class='ocrx_word' id='word_1_410' title='bbox 376 3169 435 3253; x_wconf 81' lang='grc' dir='ltr'><strong><em>μετ’</em></strong></span> <span class='ocrx_word' id='word_1_411' title='bbox 457 3172 562 3248; x_wconf 80' lang='grc' dir='ltr'><strong><em>αὐτοῦ,</em></strong></span> <span class='ocrx_word' id='word_1_412' title='bbox 576 3176 627 3239; x_wconf 85' lang='grc' dir='ltr'><strong><em>καί</em></strong></span> <span class='ocrx_word' id='word_1_413' title='bbox 639 3176 711 3254; x_wconf 87' lang='grc' dir='ltr'><strong><em>ἐφο-</em></strong></span> <span class='ocrx_word' id='word_1_414' title='bbox 744 3168 857 3235; x_wconf 84' lang='grc' dir='ltr'><strong><em>πεδίου.</em></strong></span> <span class='ocrx_word' id='word_1_415' title='bbox 881 3171 976 3238; x_wconf 50' lang='grc' dir='ltr'><strong><em>1’ἐκαὶ</em></strong></span> <span class='ocrx_word' id='word_1_416' title='bbox 1001 3176 1117 3252; x_wconf 88' lang='grc' dir='ltr'><strong><em>ἐπέγνω</em></strong></span> <span class='ocrx_word' id='word_1_417' title='bbox 1148 3171 1277 3257; x_wconf 88' lang='grc' dir='ltr'><strong><em>Τρύφων</em></strong></span> <span class='ocrx_word' id='word_1_418' title='bbox 1303 3168 1348 3238; x_wconf 81' lang='grc' dir='ltr'><strong><em>ότι</em></strong></span> 
     </span>
     <span class='ocr_line' id='line_1_37' title="bbox 106 3248 1349 3355; baseline 0.003 -39"><span class='ocrx_word' id='word_1_419' title='bbox 106 3248 248 3355; x_wconf 73' lang='grc' dir='ltr'><strong><em>χλήθησαν</em></strong></span> <span class='ocrx_word' id='word_1_420' title='bbox 266 3252 400 3340; x_wconf 88' lang='grc' dir='ltr'><strong><em>σφόδρα,</em></strong></span> <span class='ocrx_word' id='word_1_421' title='bbox 426 3257 479 3321; x_wconf 82' lang='grc' dir='ltr'><strong><em>καί</em></strong></span> <span class='ocrx_word' id='word_1_422' title='bbox 495 3260 640 3341; x_wconf 81' lang='grc' dir='ltr'><strong><em>ἐπένθησε</em></strong></span> <span class='ocrx_word' id='word_1_423' title='bbox 651 3261 712 3332; x_wconf 83' lang='grc' dir='ltr'><strong><em>πᾶς</em></strong></span> <span class='ocrx_word' id='word_1_424' title='bbox 745 3251 854 3337; x_wconf 80' lang='grc' dir='ltr'><strong><em>ἀνέστη</em></strong></span> <span class='ocrx_word' id='word_1_425' title='bbox 866 3261 971 3340; x_wconf 84' lang='grc' dir='ltr'><strong><em>Σίμων</em></strong></span> <span class='ocrx_word' id='word_1_426' title='bbox 988 3255 1055 3325; x_wconf 85' lang='grc' dir='ltr'><strong><em>ἀντὶ</em></strong></span> <span class='ocrx_word' id='word_1_427' title='bbox 1069 3253 1223 3323; x_wconf 86' lang='grc' dir='ltr'><strong><em>Ἰωνάθαν</em></strong></span> <span class='ocrx_word' id='word_1_428' title='bbox 1242 3260 1299 3322; x_wconf 86' lang='grc' dir='ltr'><strong><em>τοῦ</em></strong></span> <span class='ocrx_word' id='word_1_429' title='bbox 1311 3254 1349 3320; x_wconf 80' lang='grc' dir='ltr'><strong><em>ἀ·</em></strong></span> 
     </span>
     <span class='ocr_line' id='line_1_38' title="bbox 113 3335 1351 3425; baseline 0.002 -26"><span class='ocrx_word' id='word_1_430' title='bbox 113 3335 227 3421; x_wconf 87' lang='grc' dir='ltr'><strong><em>Ισραήλ</em></strong></span> <span class='ocrx_word' id='word_1_431' title='bbox 238 3342 351 3414; x_wconf 89' lang='grc' dir='ltr'><strong><em>πένθος</em></strong></span> <span class='ocrx_word' id='word_1_432' title='bbox 363 3342 448 3421; x_wconf 86' lang='grc' dir='ltr'><strong><em>μέγα.</em></strong></span> <span class='ocrx_word' id='word_1_433' title='bbox 475 3341 557 3406; x_wconf 72' lang='grc' dir='ltr'><strong><em>ωκαὶ</em></strong></span> <span class='ocrx_word' id='word_1_434' title='bbox 568 3337 712 3425; x_wconf 83' lang='grc' dir='ltr'><strong><em>ἐζήτησαν</em></strong></span> <span class='ocrx_word' id='word_1_435' title='bbox 745 3337 855 3419; x_wconf 83' lang='grc' dir='ltr'><strong><em>δελφοῡ</em></strong></span> <span class='ocrx_word' id='word_1_436' title='bbox 868 3339 981 3415; x_wconf 79' lang='grc' dir='ltr'><strong><em>αὐτοῦ,</em></strong></span> <span class='ocrx_word' id='word_1_437' title='bbox 1000 3342 1050 3404; x_wconf 83' lang='grc' dir='ltr'><strong><em>καί</em></strong></span> <span class='ocrx_word' id='word_1_438' title='bbox 1064 3336 1109 3404; x_wconf 79' lang='grc' dir='ltr'><strong><em>ὅτι</em></strong></span> <span class='ocrx_word' id='word_1_439' title='bbox 1123 3339 1281 3405; x_wconf 86' lang='grc' dir='ltr'><strong><em>συνάπτειν</em></strong></span> <span class='ocrx_word' id='word_1_440' title='bbox 1293 3336 1351 3402; x_wconf 80' lang='grc' dir='ltr'><strong><em>ού-</em></strong></span> 
     </span>
     <span class='ocr_line' id='line_1_39' title="bbox 108 3418 1350 3506; baseline 0.001 -23"><span class='ocrx_word' id='word_1_441' title='bbox 108 3420 211 3483; x_wconf 84' lang='grc' dir='ltr'><strong><em>πάντα</em></strong></span> <span class='ocrx_word' id='word_1_442' title='bbox 228 3420 267 3485; x_wconf 84' lang='grc' dir='ltr'><strong><em>τὰ</em></strong></span> <span class='ocrx_word' id='word_1_443' title='bbox 284 3424 357 3504; x_wconf 80' lang='grc' dir='ltr'><strong><em>ἔθνη</em></strong></span> <span class='ocrx_word' id='word_1_444' title='bbox 375 3422 415 3486; x_wconf 79' lang='grc' dir='ltr'><strong><em>τά</em></strong></span> <span class='ocrx_word' id='word_1_445' title='bbox 432 3419 533 3506; x_wconf 84' lang='grc' dir='ltr'><strong><em>κύκλῳ</em></strong></span> <span class='ocrx_word' id='word_1_446' title='bbox 552 3425 713 3489; x_wconf 78' lang='grc' dir='ltr'><strong><em>αύτῶνέκ-</em></strong></span> <span class='ocrx_word' id='word_1_447' title='bbox 744 3423 789 3501; x_wconf 76' lang='grc' dir='ltr'><strong><em>τῷ</em></strong></span> <span class='ocrx_word' id='word_1_448' title='bbox 812 3421 910 3502; x_wconf 90' lang='grc' dir='ltr'><strong><em>μέλλει</em></strong></span> <span class='ocrx_word' id='word_1_449' title='bbox 935 3421 1083 3505; x_wconf 87' lang='grc' dir='ltr'><strong><em>πόλεμον,</em></strong></span> <span class='ocrx_word' id='word_1_450' title='bbox 1117 3425 1168 3486; x_wconf 80' lang='grc' dir='ltr'><strong><em>καί</em></strong></span> <span class='ocrx_word' id='word_1_451' title='bbox 1193 3418 1350 3486; x_wconf 87' lang='grc' dir='ltr'><strong><em>ἀπέστειλε</em></strong></span> 
     </span>
     <span class='ocr_line' id='line_1_40' title="bbox 108 3499 1352 3591; baseline 0.001 -26"><span class='ocrx_word' id='word_1_452' title='bbox 108 3505 215 3584; x_wconf 81' lang='grc' dir='ltr'><strong><em>τρέφοι</em></strong></span> <span class='ocrx_word' id='word_1_453' title='bbox 228 3500 346 3577; x_wconf 85' lang='grc' dir='ltr'><strong><em>αύτούς.</em></strong></span> <span class='ocrx_word' id='word_1_454' title='bbox 372 3502 459 3567; x_wconf 75' lang='grc' dir='ltr'><strong><em>εἶπαν</em></strong></span> <span class='ocrx_word' id='word_1_455' title='bbox 469 3500 538 3586; x_wconf 90' lang='grc' dir='ltr'><strong><em>γάρ.</em></strong></span> <span class='ocrx_word' id='word_1_456' title='bbox 561 3504 616 3570; x_wconf 84' lang='grc' dir='ltr'><strong><em>οὐκ</em></strong></span> <span class='ocrx_word' id='word_1_457' title='bbox 629 3508 713 3589; x_wconf 76' lang='grc' dir='ltr'><strong><em>ἐχου-</em></strong></span> <span class='ocrx_word' id='word_1_458' title='bbox 744 3499 822 3586; x_wconf 89' lang='grc' dir='ltr'><strong><em>πρὸς</em></strong></span> <span class='ocrx_word' id='word_1_459' title='bbox 835 3501 929 3568; x_wconf 82' lang='grc' dir='ltr'><strong><em>αὐτὸν</em></strong></span> <span class='ocrx_word' id='word_1_460' title='bbox 942 3508 1090 3591; x_wconf 80' lang='grc' dir='ltr'><strong><em>πρέσβεις,</em></strong></span> <span class='ocrx_word' id='word_1_461' title='bbox 1103 3502 1207 3580; x_wconf 89' lang='grc' dir='ltr'><strong><em>λέγων.</em></strong></span> <span class='ocrx_word' id='word_1_462' title='bbox 1246 3504 1273 3545; x_wconf 80' lang='lat'><strong><em>¹⁵</em></strong></span> <span class='ocrx_word' id='word_1_463' title='bbox 1282 3504 1352 3588; x_wconf 83' lang='grc' dir='ltr'><strong><em>περί</em></strong></span> 
     </span>
     <span class='ocr_line' id='line_1_41' title="bbox 110 3575 1350 3689; baseline 0.002 -40"><span class='ocrx_word' id='word_1_464' title='bbox 110 3606 156 3649; x_wconf 93' lang='grc' dir='ltr'><strong><em>σιν</em></strong></span> <span class='ocrx_word' id='word_1_465' title='bbox 171 3581 302 3686; x_wconf 75' lang='grc' dir='ltr'><strong><em>ἄρχοντα</em></strong></span> <span class='ocrx_word' id='word_1_466' title='bbox 315 3587 367 3649; x_wconf 87' lang='grc' dir='ltr'><strong><em>καί</em></strong></span> <span class='ocrx_word' id='word_1_467' title='bbox 375 3588 563 3689; x_wconf 55' lang='grc' dir='ltr'><strong><em>βοηθοῦντα.</em></strong></span> <span class='ocrx_word' id='word_1_468' title='bbox 585 3582 637 3653; x_wconf 77' lang='grc' dir='ltr'><strong><em>νῦν</em></strong></span> <span class='ocrx_word' id='word_1_469' title='bbox 656 3575 712 3652; x_wconf 85' lang='grc' dir='ltr'><strong><em>σύν</em></strong></span> <span class='ocrx_word' id='word_1_470' title='bbox 745 3581 821 3667; x_wconf 84' lang='grc' dir='ltr'><strong><em>ἀργυ</em></strong></span> <span class='ocrx_word' id='word_1_471' title='bbox 842 3590 890 3650; x_wconf 92' lang='grc' dir='ltr'><strong><em>ίου</em></strong></span> <span class='ocrx_word' id='word_1_472' title='bbox 908 3577 945 3650; x_wconf 86' lang='grc' dir='ltr'><strong><em>ού</em></strong></span> <span class='ocrx_word' id='word_1_473' title='bbox 971 3586 1093 3666; x_wconf 76' lang='grc' dir='ltr'><strong><em>ὤφειλεν</em></strong></span> <span class='ocrx_word' id='word_1_474' title='bbox 1107 3585 1257 3653; x_wconf 82' lang='grc' dir='ltr'><strong><em>Ἰωνάθαν</em></strong></span> <span class='ocrx_word' id='word_1_475' title='bbox 1274 3584 1293 3650; x_wconf 85' lang='grc' dir='ltr'><strong>ὁ</strong></span> <span class='ocrx_word' id='word_1_476' title='bbox 1311 3585 1350 3651; x_wconf 86' lang='grc' dir='ltr'><strong><em>ἀ-</em></strong></span> 
     </span>
     <span class='ocr_line' id='line_1_42' title="bbox 109 3609 1351 3757; baseline 0.002 -26"><span class='ocrx_word' id='word_1_477' title='bbox 109 3666 322 3749; x_wconf 86' lang='grc' dir='ltr'><strong><em>πολεμησωμεν</em></strong></span> <span class='ocrx_word' id='word_1_478' title='bbox 347 3666 467 3744; x_wconf 85' lang='grc' dir='ltr'><strong><em>αυτούς,</em></strong></span> <span class='ocrx_word' id='word_1_479' title='bbox 490 3672 541 3734; x_wconf 86' lang='grc' dir='ltr'><strong><em>καί</em></strong></span> <span class='ocrx_word' id='word_1_480' title='bbox 566 3671 712 3755; x_wconf 76' lang='grc' dir='ltr'><strong><em>ἐξεύρωμεν</em></strong></span> <span class='ocrx_word' id='word_1_481' title='bbox 745 3609 852 3748; x_wconf 76' lang='grc' dir='ltr'><strong><em>δελφάς</em></strong></span> <span class='ocrx_word' id='word_1_482' title='bbox 866 3694 921 3733; x_wconf 93' lang='grc' dir='ltr'><strong><em>σου</em></strong></span> <span class='ocrx_word' id='word_1_483' title='bbox 934 3668 1017 3746; x_wconf 77' lang='grc' dir='ltr'><strong><em>εῑςτὸ</em></strong></span> <span class='ocrx_word' id='word_1_484' title='bbox 1027 3669 1183 3757; x_wconf 80' lang='grc' dir='ltr'><strong><em>βασιλικὸν</em></strong></span> <span class='ocrx_word' id='word_1_485' title='bbox 1195 3669 1229 3734; x_wconf 84' lang='grc' dir='ltr'><strong><em>δι’</em></strong></span> <span class='ocrx_word' id='word_1_486' title='bbox 1245 3666 1280 3745; x_wconf 83' lang='grc' dir='ltr'><strong><em>ἀς</em></strong></span> <span class='ocrx_word' id='word_1_487' title='bbox 1294 3668 1351 3755; x_wconf 76' lang='grc' dir='ltr'><strong><em>εἶχε</em></strong></span> 
     </span>
     <span class='ocr_line' id='line_1_43' title="bbox 110 3745 1350 3854; baseline 0.006 -42"><span class='ocrx_word' id='word_1_488' title='bbox 110 3749 141 3825; x_wconf 81' lang='grc' dir='ltr'><strong><em>ἐξ</em></strong></span> <span class='ocrx_word' id='word_1_489' title='bbox 156 3745 328 3834; x_wconf 83' lang='grc' dir='ltr'><strong><em>ἀνθρώπων</em></strong></span> <span class='ocrx_word' id='word_1_490' title='bbox 339 3751 376 3815; x_wconf 89' lang='grc' dir='ltr'><strong><em>τὸ</em></strong></span> <span class='ocrx_word' id='word_1_491' title='bbox 384 3749 571 3836; x_wconf 91' lang='grc' dir='ltr'><strong><em>μνημόσυνον</em></strong></span> <span class='ocrx_word' id='word_1_492' title='bbox 584 3750 691 3819; x_wconf 84' lang='grc' dir='ltr'><strong><em>αύτῶν.</em></strong></span> <span class='ocrx_word' id='word_1_493' title='bbox 744 3756 840 3854; x_wconf 87' lang='grc' dir='ltr'><strong><em>χρείας</em></strong></span> <span class='ocrx_word' id='word_1_494' title='bbox 865 3755 1020 3836; x_wconf 87' lang='grc' dir='ltr'><strong><em>συνέχομεν</em></strong></span> <span class='ocrx_word' id='word_1_495' title='bbox 1044 3749 1145 3819; x_wconf 78' lang='grc' dir='ltr'><strong><em>αὐτόν.</em></strong></span> <span class='ocrx_word' id='word_1_496' title='bbox 1180 3755 1273 3818; x_wconf 65' lang='grc' dir='ltr'><strong><em>16καί</em></strong></span> <span class='ocrx_word' id='word_1_497' title='bbox 1297 3758 1350 3820; x_wconf 81' lang='grc' dir='ltr'><strong><em>νῦν</em></strong></span> 
     </span>
     <span class='ocr_line' id='line_1_44' title="bbox 290 3828 1351 3923; baseline 0.005 -27"><span class='ocrx_word' id='word_1_498' title='bbox 290 3840 324 3896; x_wconf 85' lang='grc' dir='ltr'><em>Κ</em></span> <span class='ocrx_word' id='word_1_499' title='bbox 335 3840 364 3899; x_wconf 83' lang='lat' dir='ltr'><em>E</em></span> <span class='ocrx_word' id='word_1_500' title='bbox 378 3840 416 3898; x_wconf 78' lang='grc' dir='ltr'><strong><em>Φ.</em></strong></span> <span class='ocrx_word' id='word_1_501' title='bbox 461 3830 532 3898; x_wconf 87' lang='grc' dir='ltr'><strong><em>ΙΓ’.</em></strong></span> <span class='ocrx_word' id='word_1_502' title='bbox 745 3828 920 3901; x_wconf 87' lang='grc' dir='ltr'><strong><em>απόστειλον</em></strong></span> <span class='ocrx_word' id='word_1_503' title='bbox 930 3839 1073 3923; x_wconf 86' lang='grc' dir='ltr'><strong><em>ἀργυρίου</em></strong></span> <span class='ocrx_word' id='word_1_504' title='bbox 1083 3834 1222 3904; x_wconf 86' lang='grc' dir='ltr'><strong><em>τάλαντα</em></strong></span> <span class='ocrx_word' id='word_1_505' title='bbox 1231 3835 1351 3915; x_wconf 76' lang='grc' dir='ltr'><strong><em>ἑκατὸν,</em></strong></span> 
     </span>
    </p>

    <p class='ocr_par' dir='ltr' id='par_1_3' title="bbox 110 3881 1353 4654">
     <span class='ocr_line' id='line_1_45' title="bbox 110 3881 1352 4007; baseline 0.006 -28"><span class='ocrx_word' id='word_1_506' title='bbox 110 3881 194 3982; x_wconf 78' lang='grc' dir='ltr'><strong><em>Καί</em></strong></span> <span class='ocrx_word' id='word_1_507' title='bbox 223 3914 332 4001; x_wconf 83' lang='grc' dir='ltr'><strong><em>ήκουσε</em></strong></span> <span class='ocrx_word' id='word_1_508' title='bbox 356 3924 459 4000; x_wconf 85' lang='grc' dir='ltr'><strong><em>Σίμων</em></strong></span> <span class='ocrx_word' id='word_1_509' title='bbox 488 3914 534 3982; x_wconf 82' lang='grc' dir='ltr'><strong><em>ότι</em></strong></span> <span class='ocrx_word' id='word_1_510' title='bbox 567 3916 713 4003; x_wconf 86' lang='grc' dir='ltr'><strong><em>συνήγαγε</em></strong></span> <span class='ocrx_word' id='word_1_511' title='bbox 745 3916 864 3984; x_wconf 85' lang='grc' dir='ltr'><strong><em>καὶδύο</em></strong></span> <span class='ocrx_word' id='word_1_512' title='bbox 878 3922 1025 3987; x_wconf 79' lang='grc' dir='ltr'><strong><em>τῶνυίῶν</em></strong></span> <span class='ocrx_word' id='word_1_513' title='bbox 1039 3919 1134 3988; x_wconf 79' lang='grc' dir='ltr'><strong><em>αὐτοῦ</em></strong></span> <span class='ocrx_word' id='word_1_514' title='bbox 1146 3917 1253 4007; x_wconf 82' lang='grc' dir='ltr'><strong><em>ὅμηρα,</em></strong></span> <span class='ocrx_word' id='word_1_515' title='bbox 1267 3918 1352 3996; x_wconf 76' lang='grc' dir='ltr'><strong><em>ὅπως</em></strong></span> 
     </span>
     <span class='ocr_line' id='line_1_46' title="bbox 112 3996 1351 4089; baseline 0.005 -27"><span class='ocrx_word' id='word_1_516' title='bbox 112 3997 244 4083; x_wconf 84' lang='grc' dir='ltr'><strong><em>Τρύφων</em></strong></span> <span class='ocrx_word' id='word_1_517' title='bbox 262 3996 384 4084; x_wconf 88' lang='grc' dir='ltr'><strong><em>δύναμιν</em></strong></span> <span class='ocrx_word' id='word_1_518' title='bbox 405 3999 519 4086; x_wconf 82' lang='grc' dir='ltr'><strong><em>πολλήν</em></strong></span> <span class='ocrx_word' id='word_1_519' title='bbox 541 4007 599 4067; x_wconf 84' lang='grc' dir='ltr'><strong><em>τοῦ</em></strong></span> <span class='ocrx_word' id='word_1_520' title='bbox 615 4004 714 4071; x_wconf 82' lang='grc' dir='ltr'><strong><em>ἐλθεῖν</em></strong></span> <span class='ocrx_word' id='word_1_521' title='bbox 745 3999 784 4084; x_wconf 80' lang='grc' dir='ltr'><strong><em>μή</em></strong></span> <span class='ocrx_word' id='word_1_522' title='bbox 811 4000 933 4084; x_wconf 82' lang='grc' dir='ltr'><strong><em>ἀφεθείς</em></strong></span> <span class='ocrx_word' id='word_1_523' title='bbox 959 4001 1158 4088; x_wconf 85' lang='grc' dir='ltr'><strong><em>ἀποστατήση</em></strong></span> <span class='ocrx_word' id='word_1_524' title='bbox 1177 4003 1227 4087; x_wconf 86' lang='grc' dir='ltr'><strong><em>ἀφ’</em></strong></span> <span class='ocrx_word' id='word_1_525' title='bbox 1257 4001 1351 4089; x_wconf 80' lang='grc' dir='ltr'><strong><em>ήμῶν,</em></strong></span> 
     </span>
     <span class='ocr_line' id='line_1_47' title="bbox 111 4076 1351 4171; baseline 0.007 -27"><span class='ocrx_word' id='word_1_526' title='bbox 111 4087 149 4156; x_wconf 75' lang='grc' dir='ltr'><strong><em>εἰς</em></strong></span> <span class='ocrx_word' id='word_1_527' title='bbox 173 4090 228 4167; x_wconf 75' lang='grc' dir='ltr'><strong><em>γῆν</em></strong></span> <span class='ocrx_word' id='word_1_528' title='bbox 248 4079 352 4150; x_wconf 89' lang='grc' dir='ltr'><strong><em>Ἰούδα</em></strong></span> <span class='ocrx_word' id='word_1_529' title='bbox 369 4086 421 4150; x_wconf 87' lang='grc' dir='ltr'><strong><em>καί</em></strong></span> <span class='ocrx_word' id='word_1_530' title='bbox 444 4089 583 4170; x_wconf 76' lang='grc' dir='ltr'><strong><em>ἐκτρέψαι</em></strong></span> <span class='ocrx_word' id='word_1_531' title='bbox 609 4083 712 4171; x_wconf 86' lang='grc' dir='ltr'><strong><em>αύτήν.</em></strong></span> <span class='ocrx_word' id='word_1_532' title='bbox 747 4088 797 4149; x_wconf 83' lang='grc' dir='ltr'><strong><em>καὶ</em></strong></span> <span class='ocrx_word' id='word_1_533' title='bbox 809 4082 964 4169; x_wconf 85' lang='grc' dir='ltr'><strong><em>ἀφήσομεν</em></strong></span> <span class='ocrx_word' id='word_1_534' title='bbox 978 4083 1082 4153; x_wconf 80' lang='grc' dir='ltr'><strong><em>αὐτόν.</em></strong></span> <span class='ocrx_word' id='word_1_535' title='bbox 1107 4076 1191 4154; x_wconf 74' lang='grc' dir='ltr'><strong><em>17’καί</em></strong></span> <span class='ocrx_word' id='word_1_536' title='bbox 1203 4092 1280 4166; x_wconf 78' lang='grc' dir='ltr'><strong><em>ἔγνω</em></strong></span> <span class='ocrx_word' id='word_1_537' title='bbox 1293 4094 1351 4153; x_wconf 84' lang='grc' dir='ltr'><strong><em>Σί-</em></strong></span> 
     </span>
     <span class='ocr_line' id='line_1_48' title="bbox 110 4164 1351 4258; baseline 0.006 -31"><span class='ocrx_word' id='word_1_538' title='bbox 110 4166 187 4228; x_wconf 74' lang='grc' dir='ltr'><strong><em>2καί</em></strong></span> <span class='ocrx_word' id='word_1_539' title='bbox 198 4165 254 4230; x_wconf 74' lang='grc' dir='ltr'><strong><em>εἶδε</em></strong></span> <span class='ocrx_word' id='word_1_540' title='bbox 265 4167 319 4235; x_wconf 86' lang='grc' dir='ltr'><strong><em>τὸν</em></strong></span> <span class='ocrx_word' id='word_1_541' title='bbox 331 4168 407 4234; x_wconf 88' lang='grc' dir='ltr'><strong><em>λαὸν</em></strong></span> <span class='ocrx_word' id='word_1_542' title='bbox 419 4164 467 4233; x_wconf 77' lang='grc' dir='ltr'><strong><em>ὅτι</em></strong></span> <span class='ocrx_word' id='word_1_543' title='bbox 482 4170 562 4234; x_wconf 84' lang='grc' dir='ltr'><strong><em>ἐστίν</em></strong></span> <span class='ocrx_word' id='word_1_544' title='bbox 574 4173 714 4255; x_wconf 79' lang='grc' dir='ltr'><strong><em>ἔντρομος</em></strong></span> <span class='ocrx_word' id='word_1_545' title='bbox 745 4191 809 4249; x_wconf 89' lang='grc' dir='ltr'><strong><em>μων</em></strong></span> <span class='ocrx_word' id='word_1_546' title='bbox 830 4165 877 4235; x_wconf 79' lang='grc' dir='ltr'><strong><em>ὅτι</em></strong></span> <span class='ocrx_word' id='word_1_547' title='bbox 898 4169 981 4254; x_wconf 81' lang='grc' dir='ltr'><strong><em>δόλῳ</em></strong></span> <span class='ocrx_word' id='word_1_548' title='bbox 1002 4172 1126 4238; x_wconf 80' lang='grc' dir='ltr'><strong><em>λαλοῦσι</em></strong></span> <span class='ocrx_word' id='word_1_549' title='bbox 1148 4172 1226 4258; x_wconf 88' lang='grc' dir='ltr'><strong><em>πρὸς</em></strong></span> <span class='ocrx_word' id='word_1_550' title='bbox 1247 4166 1351 4247; x_wconf 78' lang='grc' dir='ltr'><strong><em>αὐτὸν,</em></strong></span> 
     </span>
     <span class='ocr_line' id='line_1_49' title="bbox 112 4249 1351 4343; baseline 0.003 -31"><span class='ocrx_word' id='word_1_551' title='bbox 112 4250 161 4312; x_wconf 80' lang='grc' dir='ltr'><strong><em>καὶ</em></strong></span> <span class='ocrx_word' id='word_1_552' title='bbox 186 4250 333 4332; x_wconf 79' lang='grc' dir='ltr'><strong><em>ἔμφοβος,</em></strong></span> <span class='ocrx_word' id='word_1_553' title='bbox 359 4254 410 4317; x_wconf 84' lang='grc' dir='ltr'><strong><em>καί</em></strong></span> <span class='ocrx_word' id='word_1_554' title='bbox 435 4250 510 4337; x_wconf 76' lang='grc' dir='ltr'><strong><em>ἀνέβ</em></strong></span> <span class='ocrx_word' id='word_1_555' title='bbox 539 4257 578 4328; x_wconf 77' lang='grc' dir='ltr'><strong><em>εἰς</em></strong></span> <span class='ocrx_word' id='word_1_556' title='bbox 599 4249 714 4337; x_wconf 83' lang='grc' dir='ltr'><strong><em>Ἶερου-</em></strong></span> <span class='ocrx_word' id='word_1_557' title='bbox 746 4252 798 4316; x_wconf 84' lang='grc' dir='ltr'><strong><em>καὶ</em></strong></span> <span class='ocrx_word' id='word_1_558' title='bbox 816 4257 923 4337; x_wconf 86' lang='grc' dir='ltr'><strong><em>πέμπει</em></strong></span> <span class='ocrx_word' id='word_1_559' title='bbox 939 4256 978 4319; x_wconf 86' lang='grc' dir='ltr'><strong><em>τὸ</em></strong></span> <span class='ocrx_word' id='word_1_560' title='bbox 995 4253 1137 4343; x_wconf 89' lang='grc' dir='ltr'><strong><em>ἀργύριον</em></strong></span> <span class='ocrx_word' id='word_1_561' title='bbox 1155 4256 1206 4320; x_wconf 82' lang='grc' dir='ltr'><strong><em>καί</em></strong></span> <span class='ocrx_word' id='word_1_562' title='bbox 1223 4251 1263 4318; x_wconf 83' lang='grc' dir='ltr'><strong><em>τά</em></strong></span> <span class='ocrx_word' id='word_1_563' title='bbox 1278 4279 1351 4317; x_wconf 86' lang='grc' dir='ltr'><strong><em>παι-</em></strong></span> 
     </span>
     <span class='ocr_line' id='line_1_50' title="bbox 111 4330 1351 4442; baseline 0.005 -47"><span class='ocrx_word' id='word_1_564' title='bbox 111 4330 223 4415; x_wconf 78' lang='grc' dir='ltr'><strong><em>σαλήμ,</em></strong></span> <span class='ocrx_word' id='word_1_565' title='bbox 247 4335 298 4397; x_wconf 83' lang='grc' dir='ltr'><strong><em>καὶ</em></strong></span> <span class='ocrx_word' id='word_1_566' title='bbox 311 4333 435 4420; x_wconf 79' lang='grc' dir='ltr'><strong><em>ἤθροισε</em></strong></span> <span class='ocrx_word' id='word_1_567' title='bbox 447 4333 500 4400; x_wconf 90' lang='grc' dir='ltr'><strong><em>τὸν</em></strong></span> <span class='ocrx_word' id='word_1_568' title='bbox 552 4331 597 4410; x_wconf 88' lang='grc' dir='ltr'><strong><em>ὸν,</em></strong></span> <span class='ocrx_word' id='word_1_569' title='bbox 635 4338 714 4401; x_wconf 70' lang='grc' dir='ltr'><strong><em>3καί</em></strong></span> <span class='ocrx_word' id='word_1_570' title='bbox 746 4332 850 4440; x_wconf 87' lang='grc' dir='ltr'><strong><em>δάρια,</em></strong></span> <span class='ocrx_word' id='word_1_571' title='bbox 875 4333 990 4422; x_wconf 87' lang='grc' dir='ltr'><strong><em>μήποτε</em></strong></span> <span class='ocrx_word' id='word_1_572' title='bbox 1012 4342 1124 4424; x_wconf 75' lang='grc' dir='ltr'><strong><em>ἔχθραν</em></strong></span> <span class='ocrx_word' id='word_1_573' title='bbox 1142 4337 1202 4423; x_wconf 83' lang='grc' dir='ltr'><strong><em>ἀρη</em></strong></span> <span class='ocrx_word' id='word_1_574' title='bbox 1223 4333 1351 4442; x_wconf 83' lang='grc' dir='ltr'><strong><em>μεγάλην</em></strong></span> 
     </span>
     <span class='ocr_line' id='line_1_51' title="bbox 110 4408 1353 4504; baseline 0.005 -26"><span class='ocrx_word' id='word_1_575' title='bbox 110 4409 306 4498; x_wconf 83' lang='grc' dir='ltr'><strong><em>παρεκάλεσεν</em></strong></span> <span class='ocrx_word' id='word_1_576' title='bbox 318 4415 438 4497; x_wconf 82' lang='grc' dir='ltr'><strong><em>αύτούς,</em></strong></span> <span class='ocrx_word' id='word_1_577' title='bbox 446 4420 496 4483; x_wconf 80' lang='grc' dir='ltr'><strong><em>καί</em></strong></span> <span class='ocrx_word' id='word_1_578' title='bbox 508 4416 587 4485; x_wconf 79' lang='grc' dir='ltr'><strong><em>εἶπεν</em></strong></span> <span class='ocrx_word' id='word_1_579' title='bbox 600 4416 712 4495; x_wconf 78' lang='grc' dir='ltr'><strong><em>αὐτοῖς.</em></strong></span> <span class='ocrx_word' id='word_1_580' title='bbox 745 4444 822 4504; x_wconf 89' lang='grc' dir='ltr'><strong><em>προς</em></strong></span> <span class='ocrx_word' id='word_1_581' title='bbox 846 4421 900 4488; x_wconf 90' lang='grc' dir='ltr'><strong><em>τὸν</em></strong></span> <span class='ocrx_word' id='word_1_582' title='bbox 926 4419 1013 4498; x_wconf 81' lang='grc' dir='ltr'><strong><em>λαὸν,</em></strong></span> <span class='ocrx_word' id='word_1_583' title='bbox 1039 4408 1190 4499; x_wconf 61' lang='grc' dir='ltr'><strong><em>έῦλέγωνέ</em></strong></span> <span class='ocrx_word' id='word_1_584' title='bbox 1225 4415 1272 4485; x_wconf 79' lang='grc' dir='ltr'><strong><em>ότι</em></strong></span> <span class='ocrx_word' id='word_1_585' title='bbox 1297 4445 1353 4485; x_wconf 91' lang='grc' dir='ltr'><strong><em>ουκ</em></strong></span> 
     </span>
     <span class='ocr_line' id='line_1_52' title="bbox 111 4493 1353 4590; baseline 0.009 -30"><span class='ocrx_word' id='word_1_586' title='bbox 111 4495 199 4561; x_wconf 82' lang='grc' dir='ltr'><strong><em>αύτοί</em></strong></span> <span class='ocrx_word' id='word_1_587' title='bbox 212 4497 312 4562; x_wconf 74' lang='grc' dir='ltr'><strong><em>οἴδατε</em></strong></span> <span class='ocrx_word' id='word_1_588' title='bbox 330 4493 391 4565; x_wconf 74' lang='grc' dir='ltr'><strong><em>ὅσα</em></strong></span> <span class='ocrx_word' id='word_1_589' title='bbox 407 4499 467 4578; x_wconf 79' lang='grc' dir='ltr'><strong><em>ἐγὼ</em></strong></span> <span class='ocrx_word' id='word_1_590' title='bbox 485 4503 576 4568; x_wconf 79' lang='grc' dir='ltr'><strong><em>καλοί</em></strong></span> <span class='ocrx_word' id='word_1_591' title='bbox 588 4500 715 4585; x_wconf 84' lang='grc' dir='ltr'><strong><em>ἀδελφοί</em></strong></span> <span class='ocrx_word' id='word_1_592' title='bbox 747 4498 910 4572; x_wconf 88' lang='grc' dir='ltr'><strong><em>ἀπέστειλα</em></strong></span> <span class='ocrx_word' id='word_1_593' title='bbox 929 4505 1016 4589; x_wconf 73' lang='grc' dir='ltr'><strong><em>αύτῷ</em></strong></span> <span class='ocrx_word' id='word_1_594' title='bbox 1031 4501 1069 4569; x_wconf 84' lang='grc' dir='ltr'><strong><em>τό</em></strong></span> <span class='ocrx_word' id='word_1_595' title='bbox 1089 4501 1234 4590; x_wconf 85' lang='grc' dir='ltr'><strong><em>ἀργύριον</em></strong></span> <span class='ocrx_word' id='word_1_596' title='bbox 1250 4505 1301 4570; x_wconf 85' lang='grc' dir='ltr'><strong><em>καί</em></strong></span> <span class='ocrx_word' id='word_1_597' title='bbox 1312 4502 1353 4571; x_wconf 80' lang='grc' dir='ltr'><strong><em>τά</em></strong></span> 
     </span>
     <span class='ocr_line' id='line_1_53' title="bbox 1279 4615 1349 4654; baseline 0 -1"><span class='ocrx_word' id='word_1_598' title='bbox 1279 4615 1349 4654; x_wconf 90' lang='grc' dir='ltr'><strong><em>παι-</em></strong></span> 
     </span>
    </p>
   </div>
   <div class='ocr_carea' id='block_1_3' title="bbox 0 0 1472 4972">
    <p class='ocr_par' dir='ltr' id='par_1_4' title="bbox 0 0 1472 4972">
     <span class='ocr_line' id='line_1_54' title="bbox 0 0 1472 4972; baseline 0 0"><span class='ocrx_word' id='word_1_599' title='bbox 0 0 1472 4972; x_wconf 95' lang='lat' dir='ltr'><strong><em> </em></strong></span> 
     </span>
    </p>
   </div>
  </div>
 </body>
</html>
