2924 4972
169 237 235 308 950
546 236 790 298 AANIHA
832 233 1035 306 Κεσ.ια’.Ιί.

164 355 274 432 αύτὸν,
300 358 349 419 καί
363 353 502 437 κυριεύσει
515 359 632 437 κυρείαν
645 330 766 433 πολλήν.
788 359 789 363 ’
803 353 886 413 έίτται
899 345 977 430 ἰσχύς
989 350 1045 410 τοῦ
1060 349 1172 445 στῆναι.
1194 347 1224 447 ¹⁶
1236 348 1295 408 καί
1305 348 1417 428 ποιήσει
1449 328 1453 419 ί

164 442 181 483 ⁶
193 442 243 504 καί
254 437 328 520 μετά
341 435 380 500 τὰ
398 439 449 517 ε”τή
462 434 560 499 αύτού
576 430 768 517 συμμιγήσον-
802 429 819 495 5
834 424 1064 516 εἰςπορευόμενσς
1081 452 1158 511 προς
1172 429 1274 491 αυτὸν
1286 428 1417 493 κατὰτὸ

167 548 229 597 ται,
256 524 305 584 καὶ
319 514 456 601 θυγάτηρ
473 517 617 603 βασιλέως
629 521 686 580 τού
698 516 768 580 Νό-
801 513 921 618 θέλήμα
944 510 1056 587 αὐτοῦ,
1080 512 1133 575 καί
1147 507 1205 590 σύν
1222 513 1310 574 ἐστιν
1327 509 1416 585 ἑστὼς

166 609 223 667 τού
249 596 431 676 είςελεύσεται
460 598 539 682 πρὸς
563 599 687 686 βασιλέα
710 603 767 662 τοῦ
801 621 878 661 κατα
896 590 1058 679 πρόςωπον
1069 593 1177 658 αἰτού.
1204 596 1261 656 καὶ
1274 591 1415 699 στήσεται

167 687 290 769 Βοῤῥᾶ,
318 687 374 748 τού
398 687 523 764 ποιήσαι
542 677 693 762 συνθήκας
708 679 765 760 μετ’
801 682 831 744 ἐν
843 684 880 772 τῇ
893 683 932 769 γῇ
944 682 1000 742 τού
1011 679 1118 779 Σαβείυ,
1134 676 1188 740 καί
1199 675 1416 781 τελβσθήσεται

168 766 279 840 αὐτοῦ,
305 767 355 830 καί
373 763 409 829 σύ
428 761 566 847 κρατήσει
581 760 680 846 ἰσχύος
693 767 769 848 βρα-
802 765 832 826 ἐν
853 766 895 863 μή
919 762 990 845 χειρί
1015 783 1120 824 αυτσυ.
1157 760 1186 800 ¹⁷
1199 784 1255 822 και
1278 764 1362 837 ταξει
1380 785 1414 858 το

167 857 283 933 χίονος,
307 849 358 910 καί
382 844 419 911 οὐ
445 842 582 928 στήσεται
600 845 636 909 τὸ
655 849 769 930 σπέρμα
802 868 961 926 προςονπον
986 842 1081 906 αύτού
1108 840 1248 916 εἰςελθεῖν
1276 848 1311 907 ἐν
1340 847 1415 927 ίσχυί

168 932 274 1004 αὐτοῦ,
296 934 346 994 καί
357 925 603 1013 παραδοθήσεται
615 925 701 1012 αύτή,
719 928 771 991 καί
801 924 900 1009 πάσης
912 930 964 1008 τῆς
972 924 1121 1012 βασιλείας
1129 922 1240 999 αὐτοῦ,
1250 928 1306 990 καί
1317 924 1417 991 εὐθεῖα

168 1019 200 1077 σί
213 1017 351 1098 φέροντες
363 1010 470 1094 αὐτήν,
495 1013 546 1075 καί
559 1009 576 1094 ή
591 1020 696 1086 νεᾶνις,
721 1009 772 1073 καί
802 1006 903 1074 πάντα
915 1008 973 1090 μετ’
989 1006 1085 1073 αὐτοῦ
1096 1002 1222 1090 ποιήσει.
1249 1012 1307 1073 καί
1319 1019 1416 1086 θυγα-

169 1097 188 1161 ὁ
207 1091 371 1199 κατισχύιον
394 1090 495 1178 αύτήν.
528 1098 558 1159 ἐν
575 1104 638 1167 τοῖς
656 1103 772 1177 καιροῖς
804 1094 876 1174 τέρα
895 1096 955 1154 τῶν
971 1092 1118 1168 γυναικῶν
1135 1084 1224 1154 δύσει
1241 1091 1336 1175 αὐτῷ
1353 1094 1417 1156 δια-

170 1181 183 1221 ¹
196 1178 390 1258 ἀναστήσεται
407 1181 438 1240 ἐκ
455 1181 511 1240 τοῦ
529 1175 644 1249 άνθους
661 1181 715 1258 τής
727 1180 770 1260 ρί-
805 1185 927 1257 φθεῖραι
940 1170 1048 1251 αὐτήν,
1065 1174 1116 1236 καὶ
1128 1169 1164 1238 ού
1178 1173 1220 1255 μή
1233 1182 1416 1266 παραμείνῃ,

167 1264 217 1343 ζης
231 1259 332 1344 αύτής,
345 1263 395 1341 τής
409 1261 579 1341 ἑτοιμασίας
594 1256 701 1332 αὐτοῦ,
723 1258 773 1321 ιιαί
805 1260 855 1321 καὶ
867 1255 920 1321 ούκ
933 1254 1016 1338 αύτῷ
1031 1258 1121 1319 ἔσται.
1138 1255 1168 1297 ¹⁸
1176 1258 1229 1319 καί
1240 1258 1417 1344 ἐπιστρέψει

170 1344 228 1428 ήξει
240 1344 316 1426 πρὸς
331 1341 384 1444 τήν
397 1341 536 1424 δύναμιν,
562 1342 613 1405 καί
625 1337 772 1414 εἰςελεύσε-
805 1340 840 1404 τὸ
866 1336 1026 1419 πρόςωπον
1050 1335 1147 1401 αὐτοῦ
1163 1342 1205 1412 εἰς
1223 1337 1282 1414 τάς
1300 1337 1417 1426 νήσους,

169 1452 220 1491 ται
240 1430 279 1500 εἰς
296 1422 335 1490 τά
355 1432 602 1508 υποστήρίγματα
619 1428 674 1486 τοῦ
685 1428 770 1511 βασι·
805 1425 856 1487 καί
866 1417 1048 1504 συλλήψεται
1055 1417 1244 1496 πολλάς,καί
1255 1422 1416 1491 καταπαύ-

169 1509 243 1583 uma
258 1512 313 1572 τοῦ
325 1509 449 1590 Βορῤἆ,
476 1511 526 1570 καὶ
542 1503 699 1589 ποιήσειέν
713 1505 770 1568 au}-
805 1531 847 1570 σει
860 1504 1005 1588 άρχοντας
1017 1502 1185 1584 ὀνειδισμσῦ
1198 1503 1316 1583 αὐτῶν,
1339 1507 1416 1591 πλήν

169 1603 247 1665 τοῖς,
272 1593 323 1653 καί
346 1586 516 1672 κατισχύσει.
557 1591 638 1653 8ιιαί
652 1614 685 1665 γε
701 1588 772 1663 τούς
805 1584 964 1668 ὀνειδισμὸς
993 1586 1090 1651 αιἰτσῦ
1119 1590 1295 1673 ἐπιστρέψει
1323 1591 1415 1674 αὐτῷ,

170 1671 259 1747 θεούς
277 1670 377 1735 αὐτῶν
394 1671 465 1753 μετὰ
479 1677 539 1736 τῶν
550 1676 700 1755 χωνευτιδν
715 1669 772 1737 αύ-
804 1673 832 1714 ¹⁹
845 1676 895 1735 καί
908 1673 1075 1753 ἐπιστρέψει
1088 1667 1122 1733 τὸ
1136 1667 1306 1748 πρόςωπον
1321 1672 1415 1740 αὐτού

170 1760 248 1831 τῶν,
273 1760 334 1820 πᾶν
346 1758 448 1828 σκεῦος
466 1754 650 1838 ἐπιθυμητὸν
663 1752 771 1828 αὐτῶν,
805 1758 843 1828 εἰς
856 1754 911 1836 τήν
924 1749 1003 1836 ἰσχύν
1011 1757 1063 1835 τής
1075 1757 1129 1835 γής
1138 1753 1246 1829 αἰτοῦ,
1258 1758 1313 1821 καί
1323 1756 1414 1822 άσθε·

171 1837 314 1921 ἀργυρίου
328 1837 379 1901 ιιαί
389 1844 518 1921 χρυσίου,
536 1837 610 1919 μετὰ
624 1837 772 1946 αἰήμαλον-
804 1833 900 1921 νήσει,
923 1838 974 1899 καί
985 1846 1132 1909 πεσεῖται,
1157 1840 1208 1900 καί
1221 1836 1279 1922 οὐχ
1292 1838 1408 1924 εύρεθή-

173 1927 239 1995 σίας
263 1922 333 1985 οἰσει
359 1925 398 1993 εἰς
415 1923 585 1997 Αἴγυπτον,
610 1945 662 1985 και
682 1918 774 1994 αὐτὸς
806 1944 893 1984 σεται.
912 1920 1000 1982 20καί
1012 1915 1209 2003 ἀναστήσεται
1223 1923 1256 1984 ἐκ
1270 1927 1324 2004 τῆς
1336 1924 1412 2006 ῥίζης

173 2006 308 2083 στήσεται
335 1999 409 2084 ὑπὲρ
434 2003 558 2087 βασιλέα
579 2008 635 2067 τοῦ
654 2005 772 2087 Βσῤῥᾶ.
807 2002 901 2067 αὐτοῦ
927 2000 1021 2083 φυτὸν
1047 2006 1099 2084 τῆς
1121 2001 1269 2087 βασιλείας
1290 2007 1345 2068 ἐπί
1361 2005 1413 2087 τήν

171 2088 252 2148 9καί
277 2079 458 2157 εἰςελεύσεται
483 2091 521 2158 εἰς
545 2083 598 2166 τήν
622 2087 773 2171 βασιλείαν
807 2080 1413 2192 έτοιμασίαναύτοῦπαραβιβάζων,πράσ·

171 2172 228 2231 τοῦ
246 2166 390 2251 βασιλέως
410 2171 467 2231 τού
483 2163 605 2241 Νότου,
630 2171 681 2232 καὶ
698 2165 774 2233 άνα-
806 2193 868 2234 οων
880 2163 971 2243 δόξαν
982 2168 1140 2253 βασιλείας.
1159 2193 1210 2232 και
1223 2172 1254 2234 έν
1267 2180 1335 2244 ταῖς
1344 2174 1412 2255 ήμέ-

174 2252 296 2334 στρέψει
314 2254 351 2323 εἰς
364 2248 417 2330 τήν
430 2254 486 2333 γῆν
505 2249 609 2314 αὐτοῦ.
639 2253 668 2294 ¹⁰
681 2252 733 2315 καί
744 2255 774 2314 σί
807 2277 871 2333 ραις
896 2253 1016 2325 ἐκείναις
1036 2255 1078 2315 ἔτι
1095 2249 1334 2356 συντριβήσεται,
1359 2256 1412 2316 καί

174 2335 236 2396 υἰοί
248 2332 343 2396 αὐτοῦ
354 2328 522 2407 συνάξουσιν
531 2331 620 2416 ὄχλον
628 2331 774 2416 άναμέσον
807 2333 860 2398 οὐκ
886 2337 915 2396 ἐν
939 2332 1123 2417 προςυίποις,
1149 2335 1220 2399 ουδὲ
1240 2339 1272 2400 έν
1292 2335 1410 2420 πολέμῳ

172 2414 304 2479 πολλῶν.
330 2418 381 2479 καί
398 2413 545 2479 ἐλεύσεται
562 2412 710 2498 ἐρχόμενος
723 2418 773 2480 καί
807 2419 834 2458 ²¹
845 2411 982 2498 στήσεται
995 2419 1045 2481 ἐπὶ
1057 2415 1109 2501 τήν
1120 2420 1291 2498 ἐτοιμασίαν
1304 2417 1408 2492 αύτού,

173 2493 378 2572 κατακλύζων,
402 2498 454 2561 καὶ
473 2498 699 2582 παρελεύσεται,
724 2503 774 2564 καὶ
807 2494 1010 2582 ἔξουδενοόθή,
1037 2503 1088 2564 καί
1099 2498 1152 2564 ούκ
1165 2502 1280 2563 ἔδωκαν
1293 2502 1339 2565 ἐπ’
1356 2501 1412 2566 αύ-

173 2586 319 2654 καθίεται,
333 2584 383 2644 καί
395 2581 704 2664 συμπροςπλακήσεται
719 2588 775 2657 ἕως
807 2581 859 2646 τὸν
870 2578 961 2656 δόξαν
972 2583 1127 2668 βασιλείας.
1144 2585 1193 2646 καὶ
1203 2578 1260 2662 ἥξει
1273 2585 1305 2644 ἐν
1316 2584 1413 2665 εύθή-

173 2670 224 2744 τής
238 2661 334 2746 ἰσχύος
347 2662 452 2728 αὐτοῦ.
478 2668 501 2705 ¹¹
515 2667 566 2728 καί
578 2663 774 2768 άγριοινθήσε-
807 2672 871 2746 νίᾳ,
896 2666 948 2729 καί
965 2664 1129 2751 κατισχύσει
1143 2665 1288 2752 βασιλείας
1301 2667 1331 2727 ἐν
1345 2664 1413 2729 ὀλι-

173 2771 223 2810 ται
234 2746 366 2832 βασιλεὺς
379 2752 435 2809 τοῦ
448 2744 556 2810 Νότου
569 2752 620 2812 καί
633 2748 773 2823 ἐξελευσε
808 2744 954 2831 σθήμασι,
988 2752 1017 2791 ²²
1029 2754 1079 2815 καί
1101 2755 1249 2836 βραχίονες
1273 2753 1331 2813 τοῦ
1357 2776 1414 2814 κα-

172 2854 233 2903 ται,
246 2832 296 2892 καί
308 2825 461 2912 πολεμήσει
474 2827 547 2910 μετά
560 2836 618 2893 τού
630 2833 774 2914 βασιλέως
807 2828 1004 2907 τακλύζοντος
1022 2830 1323 2916 κατακλυσθήσονται
1349 2831 1413 2897 άπὸ

173 2916 230 2975 τοῦ
242 2914 365 2997 Βοῤῥᾶ,
391 2913 442 2974 καί
455 2912 553 2995 στήσει
568 2912 587 2977 5¹
605 2914 658 2977 λον
669 2912 773 2989 πολύν,
807 2913 970 2999 προςιύπου
985 2914 1086 2989 αὐτοῦ,
1099 2919 1149 2977 καί
1158 2913 1414 2998 συντριβήσσνιαι,

173 2998 223 3058 καὶ
247 2995 491 3078 παραδοθήσεται
511 2994 529 3060 5
547 2939 632 3081 ὄχλος
648 3000 679 3060 ἰν
703 3003 773 3081 χειρί
808 3001 858 3060 καί
876 2995 1028 3082 ἡγούμενος
1044 2993 1194 3078 διαθήκής.
1230 2999 1260 3036 ²³
1272 3000 1329 3060 καί
1348 2998 1415 3064 ἀπὸ

172 3076 276 3150 αύτού,
302 3081 328 3118 ¹²
343 3080 393 3139 καί
405 3075 532 3160 λήψεται
545 3082 597 3143 τὸν
610 3080 709 3163 ὄχλον,
724 3084 774 3143 καί
807 3086 867 3144 τῶν
880 3082 1085 3161 συναναμίξεων
1096 3078 1170 3163 πρὸς
1183 3075 1277 3142 αὐτὸν
1289 3079 1416 3166 ποιήσει

173 3154 368 3239 ὑψωθήσεται
383 3156 400 3240 ή
414 3164 522 3243 καρδία
534 3161 643 3240 αὐτοῦ,
655 3165 707 3226 καὶ
718 3190 773 3226 κα-
808 3160 910 3237 δόλον,
923 3167 972 3227 καὶ
985 3161 1172 3248 ἀναβήσεται,
1189 3164 1241 3225 καὶ
1252 3159 1415 3248 ὑπερισχύ-

171 3239 295 3322 ταβαλεῖ
304 3240 462 3323 μυριάδας,
485 3245 536 3306 καί
549 3242 586 3307 ού
599 3241 773 3327 κατισχύσει.
809 3272 850 3310 σει
868 3243 979 3318 αύτούς
993 3249 1024 3308 ἐν
1041 3246 1133 3326 ὀλίγῳ
1151 3249 1238 3309 ἔθνει.
1273 3246 1306 3286 ²⁴
1322 3250 1373 3310 καί
1386 3252 1414 3310 ἐν

171 3322 253 3386 13καί
265 3324 438 3404 ἐπιστρέψει
450 3323 468 3387 5
481 3324 615 3411 βασιλεὺς
627 3332 771 3410 τοῦΒορ-
807 3327 937 3429 εύθήνίᾳ,
950 3328 1000 3388 καί
1012 3330 1044 3390 ἐν
1057 3332 1140 3390 πίοσι
1151 3323 1264 3410 χώραις
1277 3326 1353 3410 ἥξει,
1364 3334 1413 3393 καί

171 3408 226 3488 ῥά,
252 3408 303 3470 καί
324 3405 385 3481 άξει
403 3405 491 3489 όχλον
510 3408 607 3474 πολύν
625 3406 700 3495 ύπέρ
720 3411 773 3476 τόν
806 3434 920 3494 ποιήσει
945 3405 966 3473 5
992 3406 1047 3473 οὐκ
1073 3413 1215 3493 ἐποίησαν
1240 3414 1272 3474 οἰ
1287 3418 1412 3495 πατέρες

171 3487 324 3570 πρότερον.
338 3492 390 3554 καὶ
401 3495 439 3564 εἰς
452 3488 487 3553 τό
501 3491 584 3565 τέλος
594 3498 653 3557 τῶν
663 3501 773 3578 καιρῶν
808 3493 901 3559 αὐτοῦ
920 3495 972 3557 καί
983 3496 1108 3576 πατέρες
1126 3497 1187 3556 τεόν
1198 3498 1342 3578 πατέριον
1354 3495 1411 3560 αύ-

171 3575 310 3634 ἐνιαυτών
323 3567 505 3638 ἐπελεύσεται
523 3573 628 3649 εἰςόδια
640 3580 672 3641 ἐν
685 3576 773 3642 δυνά-
807 3583 871 3642 τού.
883 3575 1036 3663 προνομήν
1048 3580 1099 3640 καί
1112 3577 1207 3641 σκῦλα
1219 3579 1271 3641 καί
1285 3576 1410 3662 ὕπαρξιν

169 3676 213 3728 μει
237 3649 361 3743 μεγάλῃ,
390 3657 440 3719 καί
465 3659 494 3718 ἒν
521 3655 642 3743 ύπάρξει
663 3661 772 3751 πολλῇ.
807 3659 910 3735 αὐτοῖς
922 3661 1114 3744 διασκορπιεῖ,
1127 3662 1176 3725 καί
1190 3657 1234 3723 ἐπ’
1252 3663 1410 3739 Αίγεσττσν

170 3733 198 3771 ¹¹
212 3735 263 3797 καί
279 3739 309 3799 ἐν
321 3748 385 3812 τοῖς
398 3752 512 3820 καιροῖς
531 3744 646 3816 ἐκείνοις
662 3743 774 3807 πολλοὶ
806 3743 946 3822 λογιεῖται
972 3743 1128 3822 λογισμούς
1152 3745 1203 3807 καί
1221 3749 1277 3816 ἕως
1296 3750 1410 3829 καιροῦ.

170 3815 488 3902 ἰπαναστήσονταιέπὶ
500 3824 624 3908 βασιλέα
636 3831 691 3889 τοῦ
705 3824 772 3888 Νό-
805 3827 835 3868 ²¹
850 3830 901 3891 καί
926 3823 1144 3911 ἔξεγερθήσεται
1170 3823 1188 3908 ή
1209 3825 1287 3908 ἰσχύς
1305 3826 1411 3902 αὐτοῦ,

170 3920 239 3967 του,
254 3901 304 3961 καί
316 3906 347 3965 σί
362 3906 421 3966 υἱοὶ
433 3909 493 3966 τῶν
506 3906 614 3985 λοιμῶν
629 3915 683 3972 τού
696 3909 771 3973 λαοῦ
806 3911 857 3972 καί
874 3907 892 3991 ή
907 3912 1015 3993 καρδία
1034 3907 1130 3973 αύτού
1148 3911 1197 3972 ἐπί
1213 3908 1344 3993 βασιλέα
1357 3915 1410 3977 τοῦ

170 4001 225 4040 σου
244 3981 481 4065 ἐπαρθήσονται,
507 3993 561 4051 τοῦ
581 3995 684 4075 στήσαι
699 3988 771 4072 ὅρα-
805 3986 915 4055 Νότου
929 3997 959 4055 ἐν
972 3991 1086 4075 δυνάμει
1095 3991 1213 4081 μεγάλῃ.
1227 3995 1279 4055 καί
1292 3989 1311 4056 5
1325 3998 1411 4078 βασι-

170 4084 230 4132 σιν,
249 4063 300 4122 καί
315 4061 523 4149 άσθενήσουσι.
549 4072 770 4148 15καὶεῖςελεύ-
804 4073 870 4147 λεύς
886 4080 944 4137 τού
964 4072 1072 4139 Νότου
1090 4072 1213 4157 συνάψει
1232 4070 1366 4157 πόλεμον
1383 4079 1411 4138 ἐν

168 4167 249 4242 σεται
261 4144 465 4226 βασιλεύςτοῦ
478 4156 597 4235 Βοῤῥᾶ,
620 4160 670 4219 καί
684 4162 715 4220 ἐκ
734 4170 771 4222 εεῖ
804 4154 919 4239 δυνάμει
943 4154 1058 4246 μεγάλῃ
1082 4161 1132 4223 καί
1157 4162 1260 4240 ἰσχυρᾷ
1281 4155 1411 4239 σψόδρα,

167 4251 344 4325 ζῐθθίκωμαι
376 4231 426 4290 καὶ
459 4231 639 4315 συλλήψεται
670 4185 770 4315 πόλεις
803 4242 853 4304 καί
867 4239 905 4304 ού
918 4236 1093 4322 στήσονται,
1118 4238 1407 4318 ὅτιλσγιούνταιέιέ

167 4310 291 4410 οχυράς,
302 4311 352 4373 καὶ
365 4315 395 4372 οἱ
402 4314 551 4409 βραχίονες
561 4321 616 4380 τοῦ
625 4322 769 4402 βασιλέως
803 4322 896 4387 αὐτὸν
910 4324 1080 4404 λογισμούς,
1102 4327 1133 4367 ²⁶
1145 4324 1197 4387 καί
1209 4320 1356 4402 φάγονται
1369 4325 1410 4391 τά

164 4413 220 4453 ⁷⁰²²
239 4396 347 4457 Νθΐθυ
373 4418 545 4475 mmmm,
571 4401 622 4461 καὶ
639 4399 768 4487 ἀναστή-
802 4406 909 4471 δέοντα
928 4405 1038 4481 αὐτοῦ,
1064 4409 1114 4471 καί
1127 4415 1340 4488 συντρίψσυσιν
1354 4407 1409 4474 αύ-

164 4495 265 4534 σονται
294 4482 323 4538 σῖ-
349 4477 476 4542 έκλεκτσί
502 4478 612 4557 αὐτού,
638 4488 689 4549 καὶ
714 4489 767 4552 οὐκ
801 4489 865 4562 τὸν,
883 4493 934 4554 καὶ
948 4486 1080 4563 δυνάμεις
1092 4486 1280 4563 κατακλύσει,
1293 4497 1346 4557 καί
1357 4518 1410 4558 πε-

1279 4599 1406 4640 σσιινται
