2924 4972
420 242 457 309 Α
469 249 532 309 ΡΙ
545 245 574 308 Θ
585 251 629 309 Μ
640 248 701 310 ΟῙ
739 252 814 328 Κεφ.
829 247 875 323 ις’.
890 249 938 325 ιζ’.
954 248 1003 314 16.
1020 250 1061 314 17
1308 257 1372 321 1⁵3

115 378 188 444 σθε,
207 362 256 432 ότι
268 362 446 452 παρώξυναν
458 371 489 432 οἴ
502 367 660 454 άνθρωποι
673 360 727 432 οὗ·
763 371 903 450 Μωυσῆν
915 370 965 430 καί
976 365 1104 453 Ἀαρὼν,
1115 368 1217 445 λέγων.
1238 370 1270 413 ⁰⁶
1280 359 1373 455 ἐκχω-

114 475 162 515 τοι
175 448 233 514 τόν
244 446 353 536 κόριον.
372 445 728 525 31τόςδὲἴιταάσατολσ-
763 444 869 535 ρῆσατε
889 452 921 512 έκ
938 452 1028 530 μέσου
1045 455 1098 534 τῆς
1116 458 1285 537 συναγωγῆς
1296 454 1372 519 ταί·-

113 534 176 598 λῶν
187 527 307 608 πάντας
319 529 389 608 τοίις
400 529 509 612 λόγους
520 533 660 610 τούτους,
678 535 728 618 ίρ-
763 557 827 615 της,
852 533 905 596 καί
922 527 1100 608 ἴξαναλάσω
1116 532 1227 610 αὐτοὺς
1240 533 1370 613 εἴςάπαξ.

112 611 191 726 ῥάγη
218 611 237 700 ῆ
262 620 303 703 γῆ
324 611 468 681 ὑποκάτω
486 614 595 682 αἴιτοῖν.
634 617 727 680 32καί
763 617 926 680 καὶῖίτεσον
935 615 984 679 έπὶ
993 612 1153 696 πρόςωπον
1162 616 1272 682 αὐτῶν.
1283 618 1371 684 *ῧκυί

112 708 242 803 ηνοεχθη
267 695 285 783 ῆ
301 702 356 783 γῆ,
381 701 433 764 καῖ
449 704 587 766 κατέπιεν
607 697 726 775 αὐτοὺς,
764 697 824 761 είπε
842 702 978 781 Μωυσῆς
995 696 1071 782 πρὸς
1084 695 1212 785 Ἀαρών·
1242 699 1314 786 λάβε
1335 700 1370 767 τό

112 784 164 847 καί
189 806 263 858 τους
287 783 386 858 οἴκους
402 781 517 860 αὐτῶν,
542 785 594 848 καί
612 777 726 857 πάντας
762 792 894 865 πυρείον,
907 783 958 845 καί
970 784 1072 856 έπίθες
1083 781 1127 846 ἐπ’
1144 780 1221 847 αὐτὸ
1234 788 1294 867 πάρ
1308 782 1371 850 άπὸ

111 863 183 941 τοίις
196 861 378 952 άνθρσίπους
390 864 459 942 τοίνς
472 865 562 942 ὄντας
572 864 647 950 μετίν
658 871 726 930 Κο-
762 869 817 926 τοῦ
843 870 1071 949 θυσιαστηρίου,
1099 867 1152 928 καί
1176 866 1297 951 ἐπίβαλε
1322 865 1367 933 ἐπ’

112 947 163 1033 ρὲ,
188 949 241 1013 καί
253 946 293 1012 τά
304 945 394 1034 κτῆνη
407 947 515 1013 αὐτῶν.
545 951 575 993 ³³
586 952 639 1015 καί
650 973 725 1014 κατ-
762 944 839 1010 αιἰτό
852 952 1005 1029 θυμίαμα,
1031 949 1083 1011 καῖ
1094 945 1232 1025 άπίνεγκε
1244 947 1370 1036 τοτάχος

112 1036 223 1122 ἔβησαν
247 1029 348 1110 αὖτοῖ,
374 1034 425 1097 καί
450 1029 509 1105 ὅσα
528 1034 607 1099 έστίν
623 1031 726 1098 αὐτῶν
763 1033 801 1103 είς
813 1026 869 1112 τῆν
881 1028 1078 1124 παρεμβολὴν,
1096 1033 1147 1095 καί
1159 1032 1291 1107 ίξίλασαι
1302 1035 1371 1117 περί

113 1120 214 1191 ζῶντα
226 1119 265 1190 εἴς
278 1111 364 1219 ῥ’δου,
386 1117 439 1180 καῖ
453 1112 599 1198 ἐκάλυψεν
612 1111 724 1190 αὐτοὺς
763 1110 873 1176 αὐτῶν.
912 1113 1018 1196 ἐξῆλθε
1034 1111 1092 1197 γάρ
1111 1111 1185 1215 ὀργῆ
1203 1113 1266 1178 άπὸ
1277 1142 1371 1201 προς-

113 1194 131 1281 ῆ
143 1202 193 1282 γῆ,
207 1200 259 1262 καί
271 1196 432 1263 αττάλοντο
445 1201 478 1261 ἐκ
490 1201 581 1280 μέσου
593 1202 645 1281 τῆς
657 1220 724 1263 συν-
762 1191 848 1259 ιόπου
857 1222 892 1259 κυ
913 1203 969 1270 ίου,
980 1183 1085 1299 ῆρκται
1095 1206 1218 1280 θραυειν
1226 1195 1278 1260 τὸν
1285 1196 1369 1265 λαόν.

112 1285 243 1369 αγωγῆς.
269 1280 302 1323 ³⁴
314 1282 365 1344 καῖ
376 1284 436 1354 πᾶς
449 1277 573 1364 Ἰοραῆλ
585 1284 616 1343 οἴ
626 1276 725 1361 κόκλῳ
760 1278 792 1321 ⁴⁷
805 1281 857 1342 καί
876 1220 984 1365 δῖαβεν
999 1276 1117 1362 Λαρών
1141 1277 1279 1364 καθάπερ
1299 1278 1368 1345 έλά-

112 1363 220 1429 αὐτῶν
237 1365 346 1442 ἔφυγον
362 1359 426 1428 άπὸ
441 1365 493 1443 τῆς
503 1364 603 1442 φωνῆς
619 1359 724 1440 αὐτῶν,
761 1360 847 1467 ληοεν
860 1358 943 1444 αὐτῷ
957 1366 1111 1444 Μωυσῆς,
1132 1364 1183 1425 καῖ
1196 1363 1318 1446 ἔδραμεν
1330 1369 1369 1439 είς

114 1444 165 1512 ὅτι
185 1445 329 1520 λέγοντες.
352 1440 394 1529 μῆ
413 1468 489 1509 ποτε
505 1449 638 1539 καταπίη
650 1440 725 1529 ἡμᾶς
760 1468 815 1527 την
839 1442 1017 1529 συναγωγῆν.
1057 1446 1109 1508 καί
1127 1442 1181 1528 ῆδη
1200 1448 1324 1538 ίνῆρκτο
1348 1444 1368 1553 ῆ

116 1525 199 1612 ῆγῆ.
224 1525 388 1613 36καῖττῆρ
401 1524 602 1613 έξῆλθεπαρά
613 1533 723 1615 κυρίου,
760 1532 888 1613 θραῦσις
906 1529 938 1591 ἐν
955 1532 999 1609 τῷ
1017 1528 1090 1610 λαῷ.
1120 1531 1172 1592 καί
1192 1529 1318 1614 ἐπέβαλε
1331 1556 1368 1595 το

117 1611 172 1673 καί
201 1610 348 1691 κατέφαγε
372 1608 442 1686 τοὺς
465 1607 648 1696 πεντῆκοντα
672 1612 724 1676 καῖ
760 1616 905 1694 θυμίαμα,
916 1613 966 1674 καί
976 1607 1130 1687 έξιλάσατο
1140 1612 1207 1695 περί
1217 1617 1272 1676 τοῦ
1280 1612 1367 1677 λαοῦ.

116 1694 284 1768 διακοσίους
301 1691 316 1714 '‘
366 1721 402 1770 ας
418 1691 489 1770 τούς
500 1697 724 1781 προσφέροντας
761 1692 794 1735 ⁴⁸
801 1696 853 1756 καί
865 1696 936 1775 ἔστη
948 1690 1093 1776 άναμέσον
1105 1698 1166 1758 τῶν
1178 1690 1368 1777 τεθνηκότων

112 1773 151 1840 τό
168 1781 314 1860 θυμίαμα.
394 1778 445 1842 καί
462 1775 635 1863 εἴπεκόριος
646 1774 723 1863 πρὸς
760 1778 810 1840 καί
835 1780 897 1840 τῶν
921 1770 1054 1852 ζάντων,
1093 1778 1144 1840 καί
1174 1773 1367 1863 ἐκόπασενῆ

114 1863 269 1942 Μωυσῆν,
298 1861 328 1904 ⁸⁷
339 1862 392 1926 καῖ
408 1859 485 1948 πρός
507 1856 651 1945 Ἐλεάζαρ
669 1857 723 1925 τόν
760 1864 899 1944 θραῦσις.
924 1859 958 1901 ⁴⁹
971 1861 1022 1923 καῖ
1033 1862 1167 1936 ἴγένοντο
1181 1864 1211 1923 οί
1222 1857 1368 1945 τεθνηκό-

115 1940 181 2007 υἴόν
191 1939 309 2027 Ἀαρών
325 1940 378 2008 τόν
398 1947 485 2030 ίερέα.
524 1942 663 2010 ἇνελεσθε
681 1940 722 2008 τά
761 1967 806 2017 τες
818 1945 900 2036 ἴντῆ
911 1938 1035 2026 θραόσει
1048 1945 1303 2028 τεσυαρεςκαίδεκα
1321 1971 1365 2030 χι-

112 2035 219 2110 πυρεία
235 2023 274 2090 τά
291 2027 390 2112 χαλκᾶ
403 2031 434 2092 ἔκ
446 2031 540 2111 μέσου
553 2030 613 2093 τῶν
626 2050 723 2092 κατα·
760 2020 856 2101 λιάδες
872 2028 924 2090 καί
937 2021 1119 2100 ἑπτακόσιοι,
1143 2027 1232 2110 χωρίς
1243 2031 1305 2092 τῶν
1318 2053 1364 2092 u<

110 2111 304 2190 κεκαυμένων,
328 2108 482 2175 καίτόπῦ
514 2108 551 2174 τό
564 2106 723 2196 άλλότριον
759 2105 916 2192 θνηκότων
942 2114 1033 2174 ένεκεν
1051 2111 1144 2192 Κορέ.
1182 2112 1277 2175 ’0καῖ
1296 2115 1363 2175 ἔπε’·

110 2195 203 2256 τοῦτο
229 2202 348 2278 σπεῖρον
372 2196 446 2270 ἐκεῖ,
471 2218 520 2258 οτι
537 2190 666 2278 ῆγίασαν
682 2193 723 2257 τά
761 2212 883 2277 στρεηιεν
891 2189 1008 2278 Ἀαρών
1020 2190 1096 2277 πρός
1106 2196 1243 2274 Μωυσῆν
1252 2196 1303 2256 ἐπί
1312 2192 1365 2276 τῆν

110 2284 220 2360 πυρεῖα
243 2279 306 2339 τῶν
335 2271 523 2380 ἁμαρτωλῶν
549 2272 666 2342 τούτων
690 2279 723 2341 έν
760 2272 859 2380 θάραν
871 2279 922 2359 τῆς
935 2280 1042 2360 σκηνῆς
1053 2279 1111 2340 τοῦ
1121 2281 1298 2363 μαρτυρίου,
1315 2278 1366 2341 καί

109 2369 178 2431 ταῖς
198 2369 310 2502 «ρρπχαίς
329 2365 444 2435 αυτῶν,
483 2360 515 2404 ³⁸
528 2361 580 2424 καί
595 2366 722 2444 ποίησον
760 2363 908 2424 ἐκοπασεν
928 2355 1094 2443 ῆθραῦσις.

109 2435 195 2504 αιἰτᾶ
262 2441 721 2527 ίδαςίλατάςπερίθεματῷθυ-
944 2447 1018 2506 ΚΕ
1031 2447 1069 2503 Φ.
1115 2437 1180 2504 ῙΖ’.

111 2526 296 2607 σιαστηρίῳ,
315 2518 361 2587 ότι
374 2529 612 2608 προςηνίχθησαν
624 2530 720 2591 ἔναντι
759 2493 844 2590 Καί
866 2521 989 2605 ἴλάλησε
1008 2520 1108 2606 κύριος
1125 2519 1202 2606 πρὸς
1219 2528 1365 2627 Μωυσῆν,

108 2612 219 2692 κυρίου
232 2608 284 2671 καί
301 2600 497 2693 ῆγιάσθησαν.
524 2611 576 2672 καί
587 2611 720 2687 ἐγένοντο
759 2609 865 2686 λέγων.
900 2610 915 2647 ²
929 2602 1058 2687 λάληοον
1070 2616 1133 2678 τοῖς
1146 2608 1220 2680 ι’ἶοῖς
1232 2602 1365 2690 Ἰσραηλ,

109 2697 150 2767 εἰς
163 2700 280 2773 σημεῖον
293 2700 355 2765 τοῖς
369 2694 444 2766 υἴοῖς
459 2685 588 2776 Ἰσραῆλ
626 2693 657 2735 ³⁹
669 2696 720 2758 καί
759 2694 809 2756 καί
822 2687 893 2777 λάβε
905 2687 975 2775 παρ’
992 2686 1093 2753 αὐτῶν
1107 2685 1231 2774 ῥάβδον,
1255 2689 1366 2776 ῥάβδον

109 2775 218 2868 ἔλαβεν
232 2770 371 2860 Ἐλεάζαρ
393 2773 456 2850 υίὸς
467 2772 586 2861 Ἀαρὼν
606 2780 661 2840 τοῦ
679 2780 721 2840 ίε-
758 2773 821 2840 κατ’
851 2777 948 2848 οἴκους
972 2777 1108 2858 πατριῶν
1132 2770 1217 2856 παρά
1241 2771 1365 2838 πάντων

109 2861 185 2959 ρὲως
197 2854 237 2922 τά
247 2868 356 2943 πυρεῖα
368 2857 407 2922 τά
420 2859 532 2943 χαλκᾶ,
558 2855 617 2924 όσα
628 2885 721 2944 προς-
758 2865 817 2922 τῶν
830 2854 984 2943 ἀρχόντων
995 2855 1105 2931 αὐτῶν,
1116 2855 1179 2920 κατ’
1194 2857 1293 2931 οἴκους
1303 2884 1364 2922 πα-

110 2965 232 3025 ηνεγκαν
244 2944 275 3004 οἴ
287 2945 544 3026 κατακεκαυμένοι,
566 2945 617 3006 καί
629 2968 720 3026 προς-
759 2946 849 3027 τριῶν
866 2938 985 3013 αὐτῶν,
1010 2937 1123 3003 δώδεκα
1140 2941 1273 3023 ῥάβδους.
1315 2943 1366 3003 καῖ

109 3027 226 3107 έθηκαν
243 3022 322 3089 αὐτὰ
340 3030 486 3110 περίθεμα
499 3028 543 3108 τῷ
557 3035 684 3090 θυσιαστ
703 3066 719 3076 -
759 3020 885 3088 ἑκάστου
909 3020 945 3086 τὸ
968 3021 1064 3106 ὄνομα
1081 3020 1175 3085 αὐτοῦ
1193 3024 1364 3106 ε’πίγραιμον

109 3112 167 3190 ρίῳ
191 3102 491 3210 40μνημόσυνοντσΐς
504 3051 719 3190 υίοῒςἸσραῆλ,
759 3110 808 3171 ἐπὶ
824 3112 876 3190 τῆς
895 3103 1015 3192 ῥάβδου.
1042 3102 1168 3169 3καὶτὸ
1182 3103 1278 3187 όνομα
1291 3102 1365 3169 Ἀα-

109 3187 195 3264 όπως
213 3188 250 3254 άν
264 3219 306 3293 μη
323 3192 475 3276 προςτλθη
487 3191 584 3273 μηδείς
596 3188 721 3266 άλλογε-
759 3188 820 3274 ρείιν
837 3194 1006 3274 ἰπίγραψον
1024 3193 1073 3254 ἐπί
1091 3192 1143 3272 τῆς
1155 3185 1267 3273 ῥάβδου
1279 3193 1363 3251 Αευί.

109 3271 161 3355 νῆς
186 3268 220 3348 ὃς
244 3298 300 3337 ουκ
324 3276 404 3338 ἔστιν
426 3264 463 3336 ἐν’
475 3278 532 3338 τοῦ
552 3275 721 3357 σπέρματος
759 3278 818 3337 ἐστι
834 3271 892 3355 γάρ
911 3271 1019 3356 ῥάβδος
1030 3278 1093 3352 μία.
1120 3269 1199 3334 κατά
1211 3269 1306 3354 ρυλῆν
1319 3271 1364 3334 οἴ-

106 3352 236 3438 Ἀαριόν,
253 3358 398 3418 ἐπιθεῖναι
409 3362 547 3438 θυμίαμα
560 3357 655 3421 ἔναντι
668 3382 720 3421 κυ-
759 3380 815 3418 κου
837 3359 972 3438 πατριῶν
992 3352 1093 3416 αὐτῶν
1111 3350 1246 3416 δώσουσι.
1284 3354 1366 3417 4καί

132 3445 182 3502 ίου
189 3483 199 3509 ,
225 3436 277 3497 καί
295 3432 349 3497 οόκ
366 3439 448 3500 ἔσται
467 3433 561 3522 άίςπερ
575 3438 656 3523 Κορῖ
669 3441 720 3503 καί
758 3433 859 3520 θῆσεις
873 3433 968 3509 αὐτάς
984 3438 1014 3497 ἐν
1031 3439 1068 3514 τῆ
1083 3438 1171 3516 σκηνῆ
1183 3439 1237 3497 τοῦ
1249 3460 1365 3519 μαρτυ-

111 3513 341 3606 ηἴπισόσταοις
358 3514 468 3594 αὐτοῦ,
492 3519 577 3586 καθὰ
599 3520 720 3605 ἴλάληοε
760 3527 835 3607 ρίου,
848 3521 1001 3584 κατέναντι
1018 3505 1074 3580 τόῡ
1086 3506 1259 3601 μαρτυρίου,
1278 3520 1309 3580 ἐν
1322 3517 1366 3591 οίς

111 3597 214 3685 πόριος
229 3602 260 3664 ἔν
275 3600 348 3685 χειρί
360 3602 487 3685 Μωυσῆ
499 3599 590 3685 αὐτῷ.
627 3603 721 3668 41καί
757 3599 972 3687 γνωσθῆσομυί
984 3626 1031 3665 σοι
1049 3603 1113 3664 ἐκεῖ.
1153 3600 1232 3661 ὅκαί
1251 3595 1364 3664 ἐσταιό

111 3685 278 3765 ἐγόγγυσαν
288 3688 318 3747 οῖ
329 3685 390 3748 υἱοί
401 3679 523 3766 Ἰσραῆλ
531 3688 569 3766 τῆ
579 3680 721 3770 ίπαάριον
759 3687 923 3770 ἄνθρωπος
936 3681 970 3749 ὃν
986 3682 1023 3748 άν
1036 3683 1197 3765 ε’κλέξωμαι
1209 3679 1318 3759 αότδν,
1345 3677 1364 3766 ῆ

112 3771 164 3873 ἐπὶ
188 3771 332 3869 Μωυσῆη
352 3769 404 3830 καί
423 3754 571 3915 91(ιὶρώἔέΙ
583 3766 719 3846 λέγοντες.
759 3769 867 3917 ῥάβδος
880 3767 975 3877 ρότοῦ
987 3762 1182 3870 ε’ὶκβλαοτῆσειἱ
1206 3769 1366 3914 καὶίῶπεριε-

112 3862 719 4021 νυ.εειῑιιεῑκυ...ε;ιυυε
759 3877 862 4020 ,ευ
877 3873 1210 4009 νυυυευκ
1223 3857 1363 4037 εγ.

112 4014 168 4101 τῆν
186 4013 358 4099 συναγωγῆν
373 4018 424 4080 ἐπὶ
436 4023 572 4102 Μωυσῆν
585 4022 635 4083 καί
646 4017 720 4084 'Aoe-
758 4021 837 4082 8καί
854 4012 974 4098 ἴλάλησε
987 4018 1122 4098 Μωυσῆς
1139 4024 1202 4088 τοῖς
1215 4019 1289 4089 υίοίς
1312 4022 1365 4079 Ιο-

113 4099 185 4187 ρών,
198 4101 249 4163 καί
261 4096 403 4188 ὥρμησαν
416 4102 466 4163 ἐπί
477 4097 533 4184 τῆν
545 4100 653 4185 σκηνῆν
665 4105 721 4165 τοῦ
758 4097 844 4186 ραῆλ.
860 4103 910 4164 καὶ
922 4101 1036 4164 ἔδωκαν
1047 4095 1131 4181 αὐτῷ
1143 4093 1250 4172 πάντες
1263 4101 1295 4161 οί
1307 4096 1364 4182 άρ-

112 4188 287 4269 μαρτυρίου.
310 4183 361 4246 καί
373 4179 457 4266 τῆνδε
469 4179 613 4265 ἐκάλυψεν
625 4181 720 4266 αὐτην
757 4208 857 4267 χοντες
874 4181 975 4248 αὐτῶν
986 4178 1106 4288 ῥάβδον.
1131 4186 1175 4264 τῷ
1188 4181 1306 4283 άρηοντι
1320 4183 1364 4264 τῷ

113 4264 270 4392 ῆνεφτλη,
295 4268 347 4331 καί
372 4264 464 4350 σ’ίσθη
480 4262 499 4348 ῆ
518 4262 592 4343 δόξα
608 4272 720 4350 κυρίου.
758 4265 801 4332 ε’νῖ
813 4264 923 4352 ῥάβδον
936 4265 998 4331 κατ’
1014 4290 1161 4368 αρηοντα,
1186 4286 1243 4326 κατ
1265 4262 1364 4336 οἴκους

131 4351 210 4413 3καί
233 4350 346 4438 είςῆλθε
371 4353 508 4431 Μωυσῆς
533 4351 585 4413 καί
603 4343 722 4431 Ἀαρών
758 4354 892 4432 πατριῶν
905 4347 1015 4423 αὐτῶν,
1028 4350 1141 4414 δωδεκα
1154 4341 1287 4430 ῥάβδους.
1314 4346 1365 4406 καί

113 4430 194 4496 κατὰ
210 4429 371 4518 πρόςωπον
389 4434 443 4519 τῆς
456 4435 562 4514 σκηνῆς
577 4435 633 4496 τοῦ
643 4455 722 4533 μαρ-
763 4427 773 4449 ‘
790 4433 899 4518 ῥάβδος
912 4430 1030 4518 Ἀαρών
1048 4429 1197 4509 άναμέοον
1213 4430 1275 4489 τῶν
1289 4420 1364 4520 ῥάβ-

114 4519 228 4594 τυρίου.
265 4512 298 4555 ⁴⁴
311 4514 362 4575 καί
386 4509 508 4593 ἴλάλησε
529 4507 629 4598 κόριος
645 4537 723 4599 προς
759 4458 819 4580 όων
839 4513 948 4578 αὐτῶν.
985 4513 1064 4575 7καί
1082 4506 1217 4589 άπέθηκε
1228 4510 1365 4584 Μωυσῆς

1308 4607 1363 4657 τας
