2924 4972
109 218 169 282 νον
394 209 747 274 Λσνινννεοιν
784 201 1041 291 πωλείτω.

104 333 248 415 περὶτῆς
272 324 418 413 ἁμαρτίας
443 318 477 410 ἧς
500 321 626 411 ήμαρτε,
656 328 708 391 καί
739 349 812 400 νων,
836 322 926 407 ήδάσ
938 322 1063 400 νοσσοδς
1074 331 1267 412 περιστερῶν,
1293 331 1343 394 καί

103 407 289 496 ἀφεθήσεται
303 409 395 493 αὐτῷ.
740 409 814 473 οἴσει
831 405 869 473 τὸ
888 407 986 493 δῶρον
998 405 1091 473 αὐτοῦ
1103 412 1171 493 περὶ
1182 401 1220 473 οὗ
1232 407 1343 493 ήμαρτε

133 502 146 529 ⁰
297 500 331 558 Κ
342 500 371 557 Ε
383 496 421 554 Φ.
465 485 514 555 Ε’.
740 488 776 555 τὸ
790 491 914 555 δέκατον
930 495 988 554 τοῦ
1006 493 1071 572 οίφί
1088 487 1263 575 σεμιδάλεως
1276 494 1344 575 περὶ

104 545 155 641 Ε
160 576 197 642 ἀν
210 578 243 642 δὲ
260 575 342 660 ψυχή
361 569 496 664 ἀμάρτη,
521 576 573 639 καὶ
591 570 705 657 ἀκοάση
740 569 894 658 ἁμαρτίας.
907 570 962 638 οἴκ
974 578 1079 657 ἐπιχεεῖ
1088 572 1131 638 ἐπ’
1145 571 1219 637 αὐτὸ
1229 573 1342 650 ἔλαιον,

103 660 204 746 φωνήν
217 657 372 743 ὁρκισμοῦ,
398 658 449 721 καὶ
461 646 550 730 οὗτος
561 645 705 742 μάρτυςῖη1
739 654 810 719 οὐδὲ
822 651 955 738 ἐπιθήσει
974 654 1017 720 ἐπ’
1034 654 1117 738 αὐτῷ
1135 655 1270 762 λίβανον,
1296 653 1342 719 ὅτι

103 742 232 828 ἑώρακεν
249 741 269 826 ἢ
283 735 425 812 σύνοιδεν,
450 737 501 802 ἴάν
511 734 551 822 μή
563 738 706 817 ἀπαγγεί-
739 740 806 822 περί
818 734 964 822 ἁμαρτίας
980 741 1052 802 ἐστί.
1078 741 1105 778 ¹²
1118 764 1169 801 και
1183 740 1253 803 οἴσει
1267 735 1342 801 αὐτὸ

102 825 150 908 λη,
163 819 290 908 λήψεται
308 821 361 906 τήν
377 818 533 908 ἁμαρτίαν.
558 818 604 907 2ή
625 824 705 907 ψυχή
738 817 814 906 πρὸς
830 818 883 884 τὸν
902 821 987 906 ίερέα.
1012 821 1063 883 καῖ
1075 815 1251 904 δραξάμενος
1269 816 1286 882 5
1301 824 1342 882 ἴε-

102 896 194 991 ἐῖιείνη
211 903 274 1009 ἴήτις
292 905 343 968 ἒάν
354 900 471 989 άψηται
483 903 595 979 παντὸς
606 902 706 992 πράγ·
738 900 804 988 ρεάς
821 898 872 968 ἀπ’
888 901 982 986 αὐτῆς
994 896 1092 988 πλήρη
1105 902 1157 985 τήν
1170 899 1279 987 δράκα,
1305 901 1341 965 τὸ

101 1016 194 1072 ματος
213 985 407 1072 ἀκαθάρτου,
432 987 661 1072 ἢθνησιμαίου,
686 987 705 1073 ἢ
737 980 921 1068 μνημόσυνον
933 985 1024 1067 αὐτῆς
1036 980 1168 1068 ἐπιθήσει
1179 981 1274 1050 ἐπῖτδ
1284 994 1343 1048 θυ-

101 1068 295 1159 θηριαλῶτου
309 1066 503 1154 ἀκαθάρτου,
526 1071 619 1153 ἢτῶν
630 1081 706 1153 θνη-
739 1062 908 1170 σιαστήριον
934 1073 996 1133 τῶν
1015 1063 1273 1150 ὁλοκαυτωμάτων
1289 1093 1343 1130 κυ-

103 1162 229 1239 σιμαίων
253 1151 462 1243 βδελυγμάτων
486 1158 548 1218 τῶν
565 1149 707 1240 ἀκαθάρ-
738 1157 802 1237 ρίῳ.
828 1157 959 1235 αμαρτία
978 1155 1050 1216 ε’στί.
1075 1152 1102 1191 ¹³
1114 1152 1166 1215 καῖ
1182 1145 1342 1226 ίξιλάσεται

101 1263 175 1315 των,
201 1239 221 1322 ἢ
239 1243 300 1303 τῶν
317 1243 504 1342 θνησιμοιίων
519 1241 633 1320 κτηνῶν
648 1242 708 1302 τῶν
738 1236 806 1319 περὶ
817 1232 911 1302 αὐτοῦ
924 1230 941 1298 5
956 1231 1044 1319 ἱερεὺς
1055 1234 1123 1317 περὶ
1134 1238 1185 1316 της
1197 1230 1343 1314 ἁμαρτίας

102 1318 297 1407 ἀκαθάρτων.
311 1319 348 1404 3ἢ
361 1317 479 1402 αἰγηται
488 1317 551 1384 ἀπὸ
565 1319 707 1405 ἀκαθυρ-
739 1315 848 1394 αὐτοῦ,
873 1308 907 1401 ἧς
926 1312 1052 1402 ήμαρτεν
1069 1312 1119 1397 ἀφ’
1136 1317 1201 1391 ἐνὸς
1218 1315 1343 1391 τούτων,

103 1411 168 1477 σίας
181 1400 359 1486 ἀνθρώπου,
376 1399 440 1464 ἀπὸ
453 1396 552 1482 πάσης
564 1398 707 1485 ἀκαθαρ-
738 1402 790 1464 καὶ
813 1395 996 1484 ἀφεθήσεται
1017 1396 1109 1482 αὐτῷ.
1146 1399 1182 1464 τὸ
1200 1397 1232 1463 δὲ
1249 1423 1345 1463 κατα-

104 1491 168 1558 σίας
181 1481 292 1557 αὐτοῦ,
319 1474 353 1564 ής
370 1481 408 1546 ἀν
418 1475 569 1562 ἁψάμενος
580 1489 705 1572 μιανθῇ,
739 1480 859 1560 λειφθὲν
876 1484 960 1545 ἔσται
972 1487 1016 1561 τῷ
1030 1486 1111 1564 ίερεῒ,
1135 1477 1175 1557 ῶς
1188 1489 1280 1546 θυσία
1292 1485 1344 1582 τής

103 1567 154 1630 καῖ
166 1564 280 1630 ἔλαθεν
288 1560 392 1638 αὐτὸν,
404 1561 479 1645 μετὰ
492 1566 582 1626 τοῦτο
592 1563 625 1626 δὲ
634 1569 706 1646 γνῶ,
739 1556 919 1641 σεμιδάλεως.
932 1560 1017 1623 14καῖ
1028 1560 1149 1643 ἐλάλησε
1162 1560 1260 1646 κάριος
1268 1588 1345 1646 προς

103 1652 153 1714 καῖ
169 1641 370 1737 πλημμελήσῃ·
384 1641 432 1728 ⁴51
452 1642 534 1729 ψυχή
552 1640 570 1728 ή
588 1642 706 1728 ἀνομος,
739 1645 892 1724 Μωυσήν,
910 1640 1012 1718 λέγων.
1037 1642 1063 1682 ¹⁵
1077 1640 1157 1725 ψυχή
1171 1640 1191 1726 ή
1203 1643 1241 1709 ἀν
1259 1643 1343 1737 λάθη

102 1729 121 1818 ή
148 1730 368 1797 διαστέλλουσα
391 1738 455 1802 τοῖς
484 1727 588 1811 χείλεσι
613 1753 707 1791 κακο-
739 1721 833 1789 αὐτὸν
856 1719 952 1808 λήθη,
978 1725 1028 1789 καῖ
1052 1720 1171 1817 ἀμάρτη
1196 1724 1344 1803 ἀκουσίως

102 1818 228 1896 ποιήσαι
241 1813 260 1895 ἢ
273 1810 371 1885 καλῶς
382 1813 505 1892 ποιήσαι
518 1807 597 1874 κατά
606 1805 706 1873 πάντα
740 1802 802 1872 ἀπὸ
820 1810 881 1871 τῶν
898 1802 991 1885 ἀγίων
1004 1813 1121 1891 κυρίου,
1147 1810 1198 1872 καῖ
1210 1810 1279 1875 οἴσει
1292 1816 1344 1890 τής

104 1893 165 1960 ὅσα
181 1894 234 1958 δάν
251 1892 400 1985 διαστείλη
421 1888 439 1956 5
457 1890 620 1977 ἀνθρωπος
637 1891 703 1975 μεθ’
738 1888 929 1972 πλημμελείας
955 1887 1048 1954 αὐτοῦ
1073 1895 1117 1973 τῴ
1143 1898 1234 1976 κυρίῳ
1260 1891 1344 1976 κριὸν

104 1974 216 2063 δρκου,
241 1977 292 2042 καῖ
304 1973 388 2067 λάθῃ
402 1972 496 2039 αἴιτὸν
508 1972 569 2059 πρὸ
584 1973 707 2056 ὀρθαλ
739 1972 861 2054 ἀμωμον
877 1977 908 2037 ἐκ
922 1977 980 2036 τῶν
991 1968 1166 2059 προβάτων,
1190 1980 1276 2077 τιμής
1286 1974 1343 2061 ἀρ-

102 2065 185 2146 μῶν,
203 2062 254 2126 καί
266 2050 352 2133 οὗτος
364 2061 435 2141 γνῷ,
448 2058 499 2121 καὶ
511 2053 630 2162 ἀμάρτη
648 2063 707 2124 ἕντι
738 2060 841 2140 γυρίου
855 2056 976 2132 σίκλων,
1001 2060 1045 2140 τῷ
1059 2057 1151 2139 σι’κλῳ
1165 2062 1226 2123 τῶν
1239 2066 1343 2136 αγίων,

103 2140 229 2209 τσῖτων.
255 2143 333 2206 6καί
351 2136 531 2226 ίξαγοριάσει
543 2139 597 2244 τήν
609 2167 708 2245 αμαρ-
738 2140 806 2225 περὶ
819 2129 854 2202 οὗ
868 2138 1071 2222 ἑπλημμελησε.
1087 2141 1175 2204 16καὶ
1187 2137 1206 2203 5
1219 2137 1344 2226 ἥμαρτεν

104 2233 173 2291 τίαν
195 2227 264 2311 περὶ
287 2215 329 2289 ῶν
353 2219 502 2310 ήμάρτηκε
520 2250 577 2289 κατ
605 2229 706 2309 αυτής.
740 2219 804 2286 ἀπὸ
818 2226 878 2286 τῶν
891 2218 984 2300 ἁγίων
996 2220 1132 2287 ἀποτίσει
1146 2221 1233 2300 αἴτὸ,
1244 2229 1295 2289 καί
1307 2221 1343 2289 τὸ

105 2311 187 2374 ὃκαῖ
198 2311 271 2374 οἴσει
289 2308 358 2394 περὶ
373 2299 416 2371 ῶν
434 2306 635 2414 ἐπλημμέλησε
654 2334 708 2372 κυ-
740 2310 923 2387 ίπίπεμπτον
938 2300 1099 2389 προςθήσει
1116 2302 1159 2370 ἐπ’
1176 2303 1268 2384 αὐτὸ,
1293 2311 1344 2374 καῖ

106 2398 181 2479 ρίῳ,
206 2394 274 2477 περὶ
290 2397 342 2475 τῆς
367 2386 513 2475 ἁμαρτίας
535 2382 569 2475 ἧς
585 2388 708 2477 η’μαρτε,
740 2383 825 2456 δῶσει
838 2384 913 2452 αάτδ
926 2394 970 2470 τῷ
983 2392 1058 2472 ἱερεῖ·
1084 2390 1136 2452 καί
1154 2384 1172 2451 5
1186 2387 1274 2475 ίερεδς
1286 2393 1344 2468 ἑξι.

106 2477 188 2561 θῆλυ
206 2474 269 2541 ἀπὸ
289 2480 350 2541 τῶν
360 2470 530 2561 προβάτων.
557 2471 708 2560 ἀμνάδαῆ
740 2466 861 2537 λα’σεται
886 2473 953 2557 περὶ
977 2469 1071 2536 αὐτοῦ
1088 2475 1118 2536 ἐν
1137 2475 1182 2552 τῷ
1200 2477 1274 2559 κριῷ
1291 2478 1343 2558 της

106 2567 244 2644 χίμαιραν
257 2560 287 2635 ἐξ
301 2562 394 2637 αἰγῶν
406 2560 473 2644 περὶ
484 2554 640 2660 ἁμαρτίας.
658 2561 709 2623 καῖ
739 2555 943 2639 πλημμελείας,
974 2556 1025 2619 καῖ
1050 2549 1229 2639 ἀφεθήσεται
1248 2555 1342 2639 αὐτῷ.

107 2640 273 2718 ἕξιλάσεται
296 2643 365 2724 περὶ
384 2639 481 2703 αὐτοῦ
497 2665 514 2704 ο
534 2641 625 2724 ίερεδς
641 2644 709 2726 περὶ
739 2640 830 2702 17καῖ
843 2635 859 2721 ή
873 2634 954 2721 ψυχή
968 2633 1035 2722 ήάν
1048 2633 1176 2730 ἀμάρτη,
1193 2641 1243 2704 καῖ
1254 2638 1344 2725 ποιή-

107 2730 159 2806 τῖης
171 2722 317 2806 ἁμαρτίας
330 2719 439 2795 αὐτοῦ,
462 2712 496 2819 ᾖς
509 2715 633 2804 ήμαρτε,
659 2724 711 2786 καὶ
741 2744 781 2784 σει
797 2725 866 2799 μίαν
885 2717 948 2783 ἀπὸ
963 2723 1067 2784 πασῶν
1079 2726 1139 2785 τῶν
1152 2722 1278 2788 ἐντολῶν
1290 2751 1344 2788 κυ-

107 2802 293 2887 ἀφεθήσεται
316 2800 400 2883 αὐτῷ
418 2799 437 2884 ή
455 2808 595 2883 αμαρτία.
633 2802 711 2865 Ὶέἀν
741 2806 822 2885 ρίου,
841 2791 883 2865 ῶν
896 2800 931 2864 οἴι
944 2802 988 2865 δεῖ
996 2814 1103 2879 ποιεῖν,
1129 2806 1180 2869 καῖ
1192 2803 1246 2871 οἴικ
1258 2809 1343 2883 ἔγνω,

106 2888 138 2953 δὲ
162 2887 203 2973 μή
222 2881 307 2991 ἴσηάη
326 2881 344 2969 r}
361 2885 421 2989 χεὶρ
440 2880 588 2948 αὐτοῦτὸ
607 2882 711 2950 ἱκανὸν
741 2884 792 2946 καί
803 2882 1006 2991 πλημμελήση,
1029 2888 1079 2950 καὶ
1091 2882 1168 2980 λάβη
1179 2887 1234 2970 τήν
1245 2885 1344 2974 ἀμαρ-

107 2977 145 3046 είς
158 2971 193 3036 τὸ
207 2973 372 3055 προβατον,
386 2991 458 3031 οισει
470 2967 601 3063 περὶτῆς
614 2964 709 3052 ἀμαρ-
740 2971 822 3043 τίαν,
857 2968 887 3009 ¹⁸
899 2993 950 3032 και
975 2969 1046 3034 οἴσει
1070 2969 1154 3057 κριὸν
1172 2969 1292 3053 ἀμωμσν
1311 2976 1343 3038 ἐκ

104 3061 171 3127 τίας
183 3050 288 3124 αὐτοῦ,
301 3041 334 3132 ἧς
348 3043 467 3134 ήμαρτε,
486 3048 541 3114 δυο
553 3047 708 3135 τρυγόνας,
740 3053 801 3115 τῶν
824 3078 849 3114 π
867 3045 1000 3138 σβάτων,
1029 3058 1112 3137 τιμῆς
1138 3051 1279 3159 ἀργυρίου
1304 3061 1344 3131 εἷς

104 3136 122 3219 ἢ
136 3132 190 3200 δάο
204 3130 327 3207 νοοσοῖις
339 3135 518 3216 περιστερῶν
531 3138 635 3216 κυρίῳ,
656 3138 708 3198 ἕνα
739 3075 934 3215 πλημμελειαν
951 3135 1028 3220 πρὸς
1045 3135 1098 3202 τὸν
1112 3139 1199 3220 ἴερεα.
1224 3141 1275 3202 καὶ
1286 3141 1343 3214 ίξι-

103 3220 171 3304 περῖ
183 3216 339 3324 ἁμαρτίας,
351 3216 402 3279 καῖ
419 3218 469 3279 ἕνα
483 3219 521 3290 είς
533 3211 708 3281 ὁλοκαύτω-
739 3210 860 3280 λάσεται
876 3220 944 3303 περί
960 3216 1055 3284 αἴτοῦ
1074 3215 1091 3284 5
1110 3215 1197 3302 ἴερεῖις
1211 3223 1280 3305 περὶ
1292 3226 1343 3326 της

101 3327 155 3386 μα.
180 3301 260 3364 8και
277 3299 350 3366 οἴσει
367 3295 445 3363 αὐτὰ
460 3296 535 3384 πρὸς
550 3297 604 3364 τὸν
616 3303 705 3386 ἱερέα.
739 3295 860 3375 ἀγνοίας
878 3299 986 3379 αὐτοῦ,
1011 3295 1046 3386 ἧς
1062 3296 1199 3404 ήγνάησε,
1223 3305 1275 3368 καὶ
1287 3332 1343 3369 αυ-

104 3386 156 3450 καῖ
178 3379 315 3468 πρσςάξει
342 3379 359 3448 5
387 3381 478 3468 ἴερεῖις
501 3381 537 3446 τδ
562 3386 631 3470 περὶ
655 3388 707 3469 τῆς
738 3381 791 3457 τὸς
812 3380 866 3447 οὐκ
891 3382 960 3478 ᾔδει.
983 3388 1034 3450 καί
1051 3383 1231 3470 ἀηεθησιται
1249 3384 1341 3471 αάτῷ.

103 3465 250 3554 ἀμαρτίας
268 3463 423 3554 πρότερον.
450 3467 501 3530 καί
518 3464 669 3531 ἀποκνίσει
688 3465 705 3532 5
737 3466 973 3553 19ίπλημμελησε
987 3467 1343 3556 γάρπληγηιιλιίριῖναντι

104 3555 195 3638 ἱερεὺς
219 3552 273 3637 τήν
297 3548 427 3632 κεφαλήν
451 3547 548 3613 αὐτοῦ
572 3547 707 3614 ἀπὸτοῦ
738 3556 847 3635 κυρίου.

104 3633 284 3716 σφονδύλου,
303 3636 354 3696 καί
367 3630 404 3696 οὐ
417 3631 511 3697 διελεῖ.
537 3631 709 3718 9ιιαῖράνεῖ
938 3639 1061 3700 ΚΕΦ.
1105 3629 1142 3710 ς’.

104 3715 167 3782 ἀπὸ
181 3719 238 3780 τοῦ
251 3720 377 3817 αἵματος
393 3719 451 3777 τοῦ
466 3714 533 3798 περί
545 3717 594 3796 τῆς
608 3710 706 3802 ἀμαρ-
738 3682 821 3782 Καὶ
844 3715 964 3802 ε’λάλησε
983 3713 1082 3799 κάριος
1097 3715 1174 3803 πρὸς
1192 3721 1341 3800 Μωυσῆν,

103 3805 169 3875 τίας
185 3800 235 3863 ἐπὶ
259 3820 314 3862 τον
335 3808 386 3862 τοί
402 3819 436 3860 ον
460 3800 516 3861 τοῦ
537 3807 706 3883 θυσιαστη-
738 3797 840 3876 λέγων.
855 3803 870 3842 ²
883 3800 963 3884 ψυχή
976 3795 996 3883 ή
1007 3798 1046 3864 ἀν
1059 3795 1186 3892 ἀμάρτη,
1199 3801 1251 3863 καὶ
1261 3824 1341 3883 παρ-

104 3889 180 3968 ρίου.
206 3880 243 3946 τὸ
261 3880 294 3946 δὲ
311 3822 497 3946 καταλοιπον
511 3885 567 3945 τοῦ
578 3887 705 3965 αἵματος
738 3881 808 3948 ιδών
821 3885 932 3988 παρίδη
950 3881 1004 3958 τὰς
1017 3881 1138 3958 ἐντολάς
1150 3888 1268 3968 κυρίου,
1292 3883 1342 3944 καί

103 3976 333 4047 καταστραγγιεῖ
347 3967 396 4029 ἐπί
414 3963 466 4048 τήν
478 3960 566 4049 βάσιν
577 3969 634 4028 τοῦ
645 3976 706 4030 θυ-
738 3960 882 4050 ψεάσηται
895 3955 934 4030 ia
947 3962 1023 4051 πρὸς
1035 3963 1090 4029 τὸν
1101 3966 1227 4049 πλησίον
1240 3966 1271 4028 ἐν
1280 3991 1341 4028 πα-

104 4054 288 4150 σιαστηρίου.
308 4044 439 4132 ἁμαρτία
450 4044 509 4150 γάρ
522 4048 593 4111 ἐστι.
619 4050 707 4112 1οκαί
738 4044 867 4135 ραθήκη,
884 4048 903 4133 ἢ
915 4051 982 4134 περί
994 4055 1156 4124 κοινωνίας,
1175 4046 1193 4132 ἢ
1206 4048 1274 4132 περὶ
1286 4044 1342 4132 ἀρ-

106 4131 141 4195 τὸ
177 4131 314 4215 δευτερον
343 4156 394 4194 ποι
405 4126 458 4195 ’σει
491 4127 706 4234 ολοκάρπωμα,
737 4122 881 4217 παγήςζῆ
893 4130 1013 4234 ήδίκησί
1022 4156 1051 4195 τι
1064 4130 1117 4196 τὸν
1129 4130 1270 4214 πλησίον,
1294 4130 1341 4212 3ἢ

105 4210 146 4288 ὡς
163 4208 298 4298 καθήκει.
329 4215 379 4275 καί
397 4159 561 4287 ἴξιλάσεται
581 4239 598 4278 ο
618 4214 707 4298 ἴερεύς
737 4199 817 4301 εἴρεν
841 4212 1005 4290 ἀπωλειαν,
1032 4217 1084 4279 καῖ
1106 4210 1250 4298 ψεύσηται
1275 4216 1342 4296 περί

103 4298 234 4382 περὶτῆς
247 4292 393 4380 ἁμαρτίας
406 4292 517 4370 αὐτοῦ,
539 4285 573 4378 ἧς
586 4291 706 4383 ἥμαρτε,
738 4296 843 4380 αὐτῆς,
869 4298 920 4360 καί
936 4292 1031 4391 δμάοη
1058 4296 1166 4374 ἀδίκως
1188 4299 1255 4384 περὶ
1278 4300 1342 4371 ἑνὸς

103 4383 154 4445 καὶ
177 4376 361 4462 ἀφεθήσεται
379 4375 469 4459 αὐτῶ.
507 4377 598 4444 11ἐὰν
619 4380 706 4466 δὲμὴ
738 4376 802 4446 ἀπὸ
824 4374 962 4457 πάντων,
988 4372 1030 4445 ῶν
1052 4381 1105 4447 ἐὰν
1123 4376 1232 4466 ποιήση
1249 4377 1267 4444 5
1287 4379 1342 4445 ἀν-

101 4460 220 4560 ιῖρίσκη
247 4459 265 4548 ή
289 4463 350 4551 χεὶρ
369 4458 464 4527 αὐτοῦ
482 4463 580 4539 ζεῦγος
598 4461 707 4551 τρυγό-
738 4474 878 4551 θρωπος,
905 4460 976 4542 ῶςτε
1000 4462 1141 4554 ἁμαρτεῖν
1167 4470 1198 4531 ἓν
1215 4454 1341 4589 ’τοάμοιςζ

1292 4574 1342 4611 και
