2924 4972
179 254 241 324 114
501 254 854 318 Αυτιτιιεοιν
891 241 1029 333 τηεν.
1047 251 1097 318 14.

178 376 248 457 ρέα,
274 372 324 436 ἐπί
340 369 393 455 την
409 367 508 456 θύραν
531 375 583 454 της
601 375 708 453 σκηνης
725 375 783 434 τοῦ
814 366 961 434 ελεύσεται
994 365 1012 432 5
1045 367 1136 444 ίεείνς
1157 381 1344 452 καταμαθεῖν
1364 370 1418 454 την

177 459 341 540 μαρτυρίου
357 457 454 518 ἔναντι
471 457 580 538 κυρίου.
609 451 641 494 ²⁴
659 454 711 516 καί
727 451 784 515 λα-
816 456 921 517 οἰκίαν.
961 452 991 495 ³⁷
1001 451 1053 515 καί
1064 393 1174 535 ύψεται
1185 450 1239 536 την
1253 448 1344 535 άφην,
1368 455 1418 517 καί

177 537 240 626 βιὸν
253 533 270 602 5
285 534 374 623 ἱερεύς
384 533 435 601 τὸν
444 533 536 621 ἀμνὸν
547 538 600 618 τῆς
608 533 783 618 πλημμελεῖ·
816 533 882 600 ίδού
899 531 918 619 ἢ
931 529 952 597 5
982 532 990 555 ⁸
1008 535 1040 599 έν
1051 544 1115 609 τοῖς
1125 540 1236 619 τοίχοις
1247 538 1300 619 τῆς
1312 540 1417 610 οἰκίας,

178 648 228 696 ας,
245 621 296 685 καὶ
308 620 362 703 τὴν
372 614 499 700 κοτύλην
515 622 571 683 τοῦ
583 618 700 695 ἐλαίου,
718 621 784 682 ἐπι·
814 617 980 702 κσιλάδαςχ
1043 614 1171 693 ιζούσας,
1183 613 1416 703 ἧπυρριζούσας,

177 701 263 788 θήσει
293 700 373 766 αὐτά
395 706 525 783 ἐπίθεμα
551 704 647 766 ε”ναντι
672 727 707 766 κυ
728 707 783 766 ίου.
815 695 902 784 καίῆ
928 698 1000 782 ὄψις
1021 699 1123 764 αὐτῶν
1145 702 1338 785 ταπεινοτέρα
1358 706 1418 764 τῶν

178 790 208 829 ²³
219 786 270 848 καί
282 780 383 865 σφάξει
396 783 448 848 τὸν
460 781 550 869 άμνόν
559 783 613 848 τὸν
624 787 675 868 τῆς
685 811 710 848 π
745 810 784 865 μ-
814 790 930 869 τοίχων.
943 783 975 826 ³⁸
986 784 1038 847 καί
1049 782 1178 859 ἐξελθών
1190 779 1209 846 5
1223 781 1312 867 ἱερεύς
1324 787 1416 866 ἕκτης

177 867 299 953 μελείας,
312 869 363 931 καί
374 863 502 953 λήψεται
520 864 539 932 5
553 864 641 952 ἱερεύς
651 865 715 932 άπὸ
728 869 783 930 τοῦ
814 871 909 941 οίκίας
920 866 972 929 &ui
991 864 1046 948 τίην
1057 861 1158 950 θύραν
1171 869 1221 946 τῆς
1234 869 1342 941 οἰκίας,
1367 868 1418 928 καί

180 956 304 1055 αἵματος
313 954 368 1015 τοῦ
379 955 431 1026 τ”ς
440 949 645 1034 πλημμελείας,
655 952 706 1014 καί
717 955 784 1015 ἐπι·
814 943 961 1032 σίφοριεῒῦ
975 947 1065 1034 ίερεῦς
1076 949 1132 1052 την
1144 953 1241 1012 οἰκίαν
1253 948 1331 1012 ἑπτά
1344 944 1416 1052 ημέ-

178 1044 265 1118 θησει
278 1032 393 1099 ἐπίτάν
440 1031 495 1120 flav
508 1038 563 1099 τοῦ
575 1029 652 1109 ὠτὸς
663 1037 719 1097 τοῦ
731 1054 783 1096 κα·
814 1056 876 1116 ρας.
909 1032 941 1074 ³⁰
953 1033 1005 1094 καί
1017 1033 1149 1115 ίπανηξει
1163 1027 1180 1095 5
1196 1027 1285 1116 ἱερεύς
1297 1035 1335 1124 τῇ
1347 1033 1417 1114 ημέ-

178 1119 374 1202 θαριζυμένου
385 1120 442 1182 τοῦ
453 1117 558 1193 δεξιοῦ,
571 1119 622 1181 καί
634 1118 685 1180 ἐπὶ
695 1115 731 1181 τὸ
745 1113 783 1179 5'·
813 1138 853 1200 ροχ
865 1117 904 1178 τ’
915 1111 1035 1220 ἑχίδόμη,
1060 1118 1112 1179 καί
1123 1113 1232 1199 ὄψεται
1244 1114 1298 1196 τὴν
1310 1119 1417 1187 οἰκίαν,

179 1225 252 1287 κρον
266 1203 317 1282 τῆς
328 1200 423 1288 χειρὸς
436 1206 488 1286 τῆς
501 1201 605 1276 δεξιάς,
623 1200 673 1264 καί
685 1198 736 1265 ἐπί
746 1197 782 1263 τὸ
814 1199 865 1263 καί
878 1199 943 1263 ιδου
956 1187 1077 1282 διεχύθη
1089 1193 1107 1280 ἦ
1119 1192 1182 1281 ἁφὴ
1193 1201 1225 1262 ἐν
1235 1207 1298 1272 τοῖς
1310 1203 1419 1280 τοίχοις

179 1284 272 1368 άκρον
288 1289 344 1349 τοῦ
359 1283 454 1359 ποδὸς
472 1288 531 1348 τοῦ
548 1285 652 1358 δεξιοῦ.
690 1285 721 1327 ²⁰
733 1284 784 1347 καί
813 1285 866 1365 τῆς
878 1286 981 1357 οίκίας.
1007 1281 1042 1324 ⁴⁰
1050 1283 1101 1345 καὶ
1112 1277 1270 1366 προστάξει
1284 1277 1301 1344 5
1316 1280 1417 1366 ἱερεύς,

180 1366 243 1431 άπὸ
264 1371 319 1430 τοῦ
340 1366 443 1431 ἐλαίου
462 1369 569 1449 ἔπιχεεῖ
589 1363 608 1429 5
628 1363 717 1450 ίεριύς
734 1367 784 1430 ἐπὶ
813 1367 866 1429 καί
882 1365 1010 1441 ἔξελοῦσι
1026 1362 1096 1441 τοῦς
1113 1364 1217 1438 λίθους
1236 1367 1268 1428 ἐν
1280 1363 1324 1437 οἷς
1341 1367 1419 1427 ἐστιν

179 1449 233 1528 την
247 1457 331 1531 χεῖά
353 1453 409 1510 τοῦ
428 1450 525 1528 ἱερέως
545 1445 600 1527 την
617 1442 781 1531 ἀριστεράν.
814 1444 832 1530 ἦ
846 1445 920 1530 ἁφὴ,
931 1449 983 1511 καί
992 1448 1167 1547 ἐκβαλοῦσιν
1177 1444 1288 1521 αῦτοῦς
1298 1447 1355 1521 ἔξω
1368 1450 1419 1528 της

180 1532 209 1572 ²⁷
222 1531 273 1591 καί
288 1471 372 1612 δανεῖ
386 1525 404 1591 5
419 1530 443 1590 ἴε
461 1525 508 1602 εῦς
525 1531 569 1610 τῷ
588 1524 725 1609 δακτύλῳ
737 1532 782 1609 τῷ
813 1525 928 1600 πόλεως
940 1533 1084 1600 εῖςτοπον
1102 1525 1288 1614 ἀκάθαρτον.
1327 1530 1420 1591 41καί

180 1611 265 1696 δεξιῷ
277 1609 444 1714 &abgam
485 1615 531 1674 ίου
547 1612 603 1673 τοῦ
621 1610 651 1671 ἐν
663 1612 702 1702 τῇ
712 1611 783 1693 χειρί
802 1606 867 1689 ,την
889 1612 987 1673 οἰκίαν
1009 1606 1207 1684 άπαξύσουσιν
1230 1613 1345 1673 ἔσωθεν
1366 1607 1419 1674 κύ·

313 1698 328 1711 U

160 1780 164 1787 Ι
181 1722 202 1760 α
223 1697 278 1760 τοῦ
289 1719 327 1820 τχη
339 1696 481 1802 αριστερά
493 1686 614 1767 ἑπτάκις
626 1694 722 1755 ἔναντι
731 1716 783 1754 κυ-
814 1689 892 1772 κλῳ,
916 1691 968 1754 καί
980 1692 1112 1773 ἒκχεοῦσι
1130 1689 1185 1754 τὸν
1195 1695 1267 1774 χοῦν
1280 1688 1333 1755 τὸν
1344 1691 1419 1757 ἄπε-

463 1757 474 1799 ί
531 1771 567 1800 τε
617 1770 624 1793 ι
664 1771 674 1794 ν
768 1777 783 1790 ⁴
897 1774 904 1793 ι
984 1774 999 1796 ,,
1085 1777 1099 1789 .
1168 1768 1175 1790 ι
1350 1772 1358 1794 J

322 1781 644 1858 καιίπιθησειοιερευς
656 1771 783 1838 απδτου
814 1774 955 1852 ξυσμενσν
979 1775 1041 1848 σξω
1060 1797 1113 1855 της
1134 1773 1249 1848 πολεως
1267 1777 1306 1847 είς
1324 1799 1420 1841 τοπον

203 1695 219 1758 ῦ

200 1785 255 1842 ίου.
282 1780 296 1819 ²

179 1804 284 1924 λλοίου
301 1863 357 1924 τοῦ
373 1859 423 1923 ἐπὶ
439 1863 492 1943 τῆς
509 1854 603 1942 χειρὸς
622 1856 717 1921 αύτοῦ
733 1856 783 1920 ἐπὶ
814 1853 1000 1940 ἀκάθαρτον.
1039 1854 1072 1897 ⁴²
1083 1856 1135 1920 καὶ
1151 1852 1301 1940 λήψονται
1314 1857 1420 1934 λίθους

181 1941 235 2005 τὸν
247 1940 339 2026 λοβὸν
355 1945 413 2005 τοῦ
425 1937 502 2014 ὠτὸς
514 1943 571 2004 τοῦ
582 1940 784 2024 καθαριζομί-
814 1935 1025 2020 άπεξυσμένυυς
1037 1939 1163 2023 ἑτέρους,
1176 1941 1226 2002 καί
1238 1937 1415 2024 άντιθήσου-

181 2048 234 2089 νου
246 2028 301 2088 τοῦ
314 2024 425 2100 δεξιοῦ,
450 2024 501 2088 καί
517 2022 567 2087 ἐπὶ
578 2021 613 2088 τδ
627 2020 721 2105 άκρυν
732 2025 784 2105 τῆς
815 2046 859 2085 σιν
872 2019 941 2086 ἀντὶ
956 2025 1018 2086 τεῦν
1034 2020 1139 2086 λίθων.
1163 2024 1215 2086 καί
1232 2027 1306 2107 χοῦν
1318 2029 1418 2109 ἕτερον

180 2105 275 2211 χειρὸς
292 2104 390 2171 αὐτοῦ
412 2111 464 2213 της
486 2106 592 2181 δεξιᾶς,
612 2107 664 2169 καί
682 2105 734 2169 ἐπὶ
746 2104 781 2168 τὸ
814 2101 973 2187 λήψονται,
986 2104 1038 2167 καί
1051 2106 1236 2182 ἐξαλείφουσι
1247 2105 1300 2190 την
1312 2112 1416 2172 οἰκίαν.

181 2191 275 2275 άκρον
293 2193 349 2253 τοῦ
371 2190 467 2264 ποδος
489 2186 588 2253 αὐτοῦ
603 2191 659 2252 τοῦ
676 2189 782 2264 δεξιοῦ,
813 2186 844 2229 ⁴³
858 2187 953 2252 ἐὰνδὲ
966 2185 1081 2282 ε’πελθη
1094 2184 1185 2252 πάλιν
1198 2184 1215 2271 η
1230 2184 1305 2272 ἁφὴ,
1317 2192 1368 2254 καί
1380 2189 1418 2254 ἆ-

181 2276 232 2337 sui
255 2271 309 2336 τὸν
324 2267 421 2337 τύπον
436 2277 491 2337 τοῦ
507 2275 633 2354 αἰζιιατος
652 2276 708 2335 τοῦ
732 2274 784 2372 της
814 2271 930 2363 νατείλη
954 2273 985 2335 ἐν
1002 2274 1041 2353 τῆ
1058 2276 1137 2353 οῖκίιχ
1159 2270 1232 2353 μετά
1254 2272 1291 2335 τὸ
1314 2274 1418 2348 ἐξελεῖν

180 2355 382 2462 πλημμελείας.
422 2357 453 2398 ²⁹
470 2354 507 2420 τά
531 2353 563 2420 δέ
583 2354 784 2435 καταλειηθεν
814 2353 886 2429 τοῦς
897 2345 1027 2429 λίθους,Ι
1041 2356 1092 2417 καί
1103 2355 1177 2437 μετά
1188 2354 1225 2419 τῦ
1239 2352 1418 2440 ῦπσξυσθη*

181 2436 245 2503 άπο
260 2441 315 2502 τοῦ
334 2438 435 2504 ἐλαίου
453 2439 496 2503 15
509 2438 544 2504 ὂν
561 2439 611 2503 ἰπὶ
626 2444 679 2521 της
689 2436 784 2523 χειρὸς
815 2461 864 2502 ναι
876 2433 929 2521 την
938 2442 1041 2512 οἰκίαν,
1051 2438 1102 2501 καί
1104 2434 1183 2543 μετά
1191 2435 1228 2501 τὸ
1240 2439 1417 2523 ἐξαλειφθῆ-

180 2526 237 2587 τοῦ
251 2523 350 2608 ῖερέως
373 2520 509 2608 ἐπιθήσει
526 2523 577 2587 ἐπὶ
588 2519 784 2605 τὴνκειραλην
815 2544 874 2596 ναι,
903 2520 937 2562 ⁴⁴
950 2522 1001 2584 καὶ
1013 2522 1195 2595 είςελευσεται
1208 2517 1227 2585 5
1240 2520 1340 2607 ἱερεύς,
1365 2524 1418 2587 καί

179 2609 236 2669 τοῦ
260 2608 508 2689 καθαρισθέντος.
546 2607 597 2668 καὶ
618 2605 783 2681 ἰξιλάσεται
815 2601 925 2687 ὄψεται
937 2607 962 2667 εἴ
977 2604 1140 2689 διακέχυται
1159 2601 1177 2688 ἢ
1195 2600 1259 2686 άφη
1276 2609 1306 2668 έν
1318 2610 1359 2698 τῇ
1370 2610 1416 2671 ol·

178 2688 248 2772 περί
273 2686 368 2751 αῦτοῦ
394 2684 413 2750 5
437 2688 526 2771 ἱερεύς
552 2689 647 2751 ἔναντι
671 2694 782 2769 κυρίου.
815 2693 876 2768 κίᾳ,
888 2686 985 2771 λέπρα
1003 2684 1128 2770 έμμονός
1140 2691 1217 2753 ἐστιν
1234 2691 1265 2750 ἐν
1277 2692 1315 2780 τῇ
1326 2694 1416 2771 οἰκίη,

180 2770 211 2810 ³⁰
224 2769 275 2831 καὶ
285 2764 400 2851 ποιησει
411 2766 623 2850 μίανάπὸτοῖν
632 2768 784 2852 τρυγόνων
815 2764 992 2853 άκάθαρτός
1017 2772 1088 2834 ἔστι.
1125 2769 1157 2814 ⁴⁵
1181 2770 1233 2834 καί
1253 2770 1417 2836 καθελοῦσι

179 2847 282 2932 ἢάιιὸ
298 2853 360 2914 ταῖν
379 2854 493 2913 νοσοῦν
515 2852 574 2913 τῶν
595 2856 782 2936 περιστερῶν,
814 2850 869 2934 τὴν
890 2855 998 2928 οἰκίαν,
1022 2854 1074 2916 καί
1094 2850 1133 2916 τά
1151 2850 1226 2930 ξύλα
1243 2851 1344 2937 αὐτῆς,
1366 2857 1417 2918 καί

178 2926 289 2996 καθότι
302 2923 588 3017 εῦρεναῦτοῦῆχείρ,
613 2931 700 3016 31την
711 2939 782 3036 μίαν
813 2933 886 3009 τοῦς
910 2934 1015 3009 λίθους
1039 2933 1139 3010 αύτ”ς,
1163 2936 1214 2998 καί
1237 2931 1338 3000 πάντα
1363 2938 1417 3002 τὸν

177 3018 245 3097 περί
257 3010 418 3100 ἁμαρτίας,
443 3017 495 3077 καί
511 3013 563 3096 τὴν
576 3021 646 3096 μίαν
657 3021 696 3089 είς
709 3017 782 3080 σλο-
811 3020 882 3100 χοῦν
906 3019 1069 3093 ἐξοίσουσιν
1091 2964 1150 3093 ἔξω
1170 3022 1222 3102 τῆς
1240 3015 1356 3095 πόλεως
1378 3027 1417 3095 εἷς

178 3092 322 3176 καύτωμα
340 3095 395 3159 σὺν
412 3100 451 3187 τῇ
461 3102 565 3180 θυσίᾳ.
590 3098 641 3161 καὶ
653 3096 781 3172 ἑξιλάσε-
812 3095 907 3163 τύπον
918 3094 1103 3187 ἀκάθαρτον.
1116 3100 1205 3167 46καὶ
1217 3097 1235 3165 5
1248 3099 1416 3188 είςπορευύ-

176 3175 258 3242 ταιῦ
277 3176 367 3261 ἱερεύς
383 3180 452 3262 περὶ
468 3183 525 3243 τοῦ
542 3184 780 3264 καθαριζομίνου
809 3205 896 3264 μενος
913 3187 951 3256 εἷς
968 3181 1023 3266 τὴν
1040 3189 1138 3248 οἰκίαν
1154 3180 1254 3259 πάσας
1269 3183 1324 3261 τάς
1343 3182 1414 3270 ἦμέ-

176 3265 272 3324 ένοιντι
285 3265 396 3347 κυρίου.
422 3262 452 3303 ³²
475 3252 564 3338 οῦτος
576 3259 593 3328 5
607 3263 698 3347 νόμος
709 3268 740 3329 ἐν
753 3256 779 3328 ὦ
810 3290 874 3367 ρας,
886 3261 923 3338 ἃς
933 3263 1124 3351 ἀφωρισμένη
1136 3269 1225 3342 ἐστίν,
1235 3264 1415 3353 άκάθαρτσς

176 3347 256 3409 ἐστιν
269 3339 286 3427 ἢ
300 3341 363 3428 άφίχ
382 3348 435 3432 τῆς
451 3345 576 3433 λέπρας,
602 3350 653 3412 καί
672 3352 725 3412 τοῦ
737 3331 777 3431 μῦη
810 3352 896 3411 ἔσται
909 3352 964 3424 ἕως
975 3351 1110 3436 ἑσπέρας.
1132 3350 1164 3394 ⁴⁷
1176 3352 1228 3414 καί
1239 3346 1256 3414 5
1269 3349 1413 3434 κοιμιύμε-

174 3423 356 3512 εῦρίσκοντος
374 3434 413 3524 τῇ
429 3431 501 3513 χειρί
524 3436 563 3505 εἷς
580 3429 633 3494 τὸν
648 3442 779 3517 καθαρι-
810 3454 859 3506 νος
872 3433 904 3496 ἒν
916 3435 955 3534 τη
979 3437 1060 3515 οίκίρι
1077 3433 1181 3498 πλυνεῖ
1189 3431 1229 3499 τά
1242 3430 1346 3517 ἶμάτια
1358 3433 1413 3499 αύ-

174 3512 249 3593 σμὸν
274 3511 376 3577 αὐτοῦ.
415 3514 507 3578 33καὶ
533 3508 654 3597 ἐλάλησε
679 3509 778 3598 κύριος
809 3510 1412 3603 τοῦ,καίακάθαρτοςέίτταιὲίυςἑσπέρας.

172 3595 250 3677 πρὸς
274 3598 415 3679 Μωυσῆν
437 3598 489 3660 καί
507 3592 640 3680 Ἀαρών,
674 3595 775 3672 λέγων.
808 3593 888 3661 καὶῦ
902 3599 1004 3662 ἔσθων
1021 3601 1052 3663 ἐν
1066 3601 1195 3701 τῇοίκίη
1206 3598 1312 3662 πλυνεῖ
1325 3602 1365 3662 τά
1384 3605 1413 3663 ί-

173 3678 203 3717 ³⁴
226 3673 267 3749 ὦς
284 3677 323 3740 ἂν
345 3678 492 3760 εἰςελθητε
513 3682 552 3751 εἰς
573 3677 627 3781 την
641 3681 697 3761 νην
717 3683 777 3743 τῶν
807 3677 900 3762 μάτια
920 3678 1031 3758 αὐτοῦ,
1055 3681 1106 3743 καί
1127 3676 1305 3762 άκαθαρτος
1326 3683 1410 3745 ἐσται

171 3763 362 3832 Χαναναίων,
368 3755 467 3841 ἣνέχώ
477 3761 580 3843 δίδωμι
590 3773 658 3844 υμῖν
665 3765 696 3825 ἐν
704 3759 776 3845 κτη-
809 3767 864 3837 ἕως
877 3765 1012 3849 ἑσπέρας.
1025 3762 1058 3805 ⁴⁸
1067 3759 1120 3827 ἐάν
1131 3759 1163 3826 δὲ
1175 3758 1411 3846 παραγενόμενος

172 3865 222 3910 σει,
236 3842 287 3904 καί
299 3834 387 3906 δεύσω
400 3838 480 3927 άφίην
488 3842 599 3931 λέπρας
609 3848 639 3909 ἐν
650 3857 716 3919 ταῖς
729 3851 775 3909 ολ-
808 3846 922 3930 είςέλθη
940 3845 958 3913 5
972 3843 1063 3933 ἱερεύς
1074 3845 1125 3910 καὶ
1138 3845 1196 3938 ἴδη,
1205 3846 1257 3908 καὶ
1266 3846 1331 3910 ἰδοῦ
1345 3847 1410 3911 δια·

171 3928 247 3997 κίαις
260 3926 311 4007 τῆς
321 3929 374 4007 γης
385 3922 673 4010 τηςέγκτητουῦμῖν.
686 3930 776 3993 35καὶ
805 3927 887 4012 χύσει
905 3921 941 3994 οῦ
959 3931 1099 4014 διαχεῖται
1117 3923 1135 4012 ἢ
1156 3927 1219 4013 ἃφη
1234 3933 1265 3994 ἐν
1277 3934 1313 4013 τῆ
1330 3935 1411 4014 οῖκίρ

170 4003 231 4152 ἕξει
244 4006 322 4081 τινὸς
335 4007 430 4072 αὐτοῦ
444 4006 461 4092 ἶη
476 4015 567 4085 οἰκία,
585 4013 637 4075 καί
649 4008 774 4088 ἀναγγε-
805 4012 876 4093 μετά
891 4012 926 4078 τὸ
939 4014 1146 4097 ἐξαλειςθῆναι
1163 4013 1218 4094 τὴν
1230 4001 1335 4089 οίκίάν,
1361 4018 1411 4078 καὶ

203 4091 270 4170 ῖτῷ
282 4091 358 4174 ἱερεῖ,
371 4090 473 4168 λέγων.
491 4088 586 4178 ιῦςπερ
601 4090 663 4176 άφὴ
676 4090 772 4178 ἕούρα-
804 4093 972 4199 καθαριείῦ
987 4095 1077 4181 ἱερεὺς
1090 4094 1144 4180 την
1156 4101 1261 4173 οἰκίαν,
1274 4093 1321 4161 ὅτι
1335 4094 1411 4181 ἰάθη

169 4176 223 4234 ταί
232 4197 285 4254 μοι
297 4174 327 4235 ἒν
340 4175 377 4262 τῇ
390 4177 480 4255 οἰκίη.
512 4177 543 4218 ³⁶
555 4179 606 4240 καὶ
617 4177 771 4262 προςτάξει
804 4174 822 4262 ἦ
836 4175 909 4262 άφη.
935 4179 968 4223 ⁴⁹
982 4181 1032 4244 καί
1044 4177 1169 4263 λήψεται
1182 4179 1345 4262 ἀφαγνίσαι
1358 4181 1411 4285 τίχν

170 4253 291 4335 ὁῖερεύς
303 4252 505 4319 άποσκευάσαι
517 4256 570 4339 την
583 4264 687 4337 οἰκίαν,
708 4262 770 4339 πρὸ
803 4267 899 4327 οἰκίαν
932 4259 988 4328 δύο
1011 4260 1136 4347 ὀρνίθια
1158 4266 1256 4341 ζῶντα
1275 4274 1409 4348 καθαρα,

168 4341 224 4401 τοῦ
236 4333 403 4410 εἰςελθόντα
421 4334 472 4439 τὸν
491 4343 570 4425 ίερέα
588 4341 657 4405 λδεῖν
668 4342 722 4427 την
734 4341 770 4408 5-
803 4347 853 4408 καί
871 4341 959 4420 ξύλον
975 4349 1118 4432 κέδρινον,
1143 4350 1196 4412 καὶ
1211 4348 1410 4429 κεκλασμένον

168 4418 238 4525 ⁴⁴²?
249 4421 300 4484 καί
313 4418 350 4485 οῦ
357 4417 397 4504 μὴ
408 4417 574 4506 άκαθαρτα
582 4427 700 4507 γένηται
710 4422 770 4492 ὅσα
802 4423 946 4503 κόκκινον,
958 4433 1008 4494 καί
1024 4429 1169 4497 ύσσωπον.
1195 4429 1227 4474 ⁴⁰
1239 4432 1290 4493 καὶ
1306 4427 1410 4512 σφάξει

166 4503 202 4568 ἄν
216 4533 233 4588 η
247 4507 278 4570 ἕν
291 4508 331 4602 τῇ
343 4509 433 4590 οίκίρ.
458 4508 510 4572 καί
520 4504 593 4592 μετά
606 4512 702 4575 ταῦτα
714 4514 768 4587 εἰς·
802 4509 836 4574 τὸ
849 4508 987 4599 ὀρνίθιον
1004 4511 1038 4579 τὸ
1052 4520 1085 4578 ἓν
1101 4517 1141 4588 είς
1154 4514 1256 4588 σκεῦος
1267 4510 1409 4598 ὀστράκι-

1357 4614 1407 4653 νον
