<?xml version="1.0" encoding="UTF-8"?>
<!DOCTYPE html PUBLIC "-//W3C//DTD XHTML 1.0 Transitional//EN"
    "http://www.w3.org/TR/xhtml1/DTD/xhtml1-transitional.dtd">
<html xmlns="http://www.w3.org/1999/xhtml" xml:lang="en" lang="en">
 <head>
  <title>
</title>
<meta http-equiv="Content-Type" content="text/html;charset=utf-8" />
  <meta name='ocr-system' content='tesseract 3.04.00' />
  <meta name='ocr-capabilities' content='ocr_page ocr_carea ocr_par ocr_line ocrx_word'/>
</head>
<body>
  <div class='ocr_page' id='page_1' title='image "./lta-11000/vetustestamentu00essgoog/vetustestamentu00essgoog_0087.png"; bbox 0 0 2924 4972; ppageno 0'>
   <div class='ocr_carea' id='block_1_1' title="bbox 385 266 1308 348">
    <p class='ocr_par' dir='ltr' id='par_1_1' title="bbox 385 266 1308 348">
     <span class='ocr_line' id='line_1_1' title="bbox 385 266 1308 348; baseline 0.009 -20"><span class='ocrx_word' id='word_1_1' title='bbox 385 272 415 328; x_wconf 79' lang='grc' dir='ltr'><em>Ε</em></span> <span class='ocrx_word' id='word_1_2' title='bbox 426 269 454 330; x_wconf 86' lang='grc' dir='ltr'><em>Ξ</em></span> <span class='ocrx_word' id='word_1_3' title='bbox 464 271 489 329; x_wconf 92' lang='grc'><strong><em>0</em></strong></span> <span class='ocrx_word' id='word_1_4' title='bbox 501 272 529 330; x_wconf 89' lang='grc' dir='ltr'><em>Λ</em></span> <span class='ocrx_word' id='word_1_5' title='bbox 546 272 614 331; x_wconf 86' lang='grc' dir='ltr'><strong><em>ΟΣ</em></strong></span> <span class='ocrx_word' id='word_1_6' title='bbox 653 275 729 348; x_wconf 80' lang='grc' dir='ltr'><strong><em>Κερ.</em></strong></span> <span class='ocrx_word' id='word_1_7' title='bbox 743 266 792 332; x_wconf 90' lang='grc' dir='ltr'><strong><em>κέ.</em></strong></span> <span class='ocrx_word' id='word_1_8' title='bbox 807 268 860 345; x_wconf 84' lang='grc' dir='ltr'><strong><em>κς’.</em></strong></span> <span class='ocrx_word' id='word_1_9' title='bbox 875 270 927 336; x_wconf 79' lang='lat'><strong><em>25.</em></strong></span> <span class='ocrx_word' id='word_1_10' title='bbox 942 268 995 334; x_wconf 72' lang='lat'><strong><em>26.</em></strong></span> <span class='ocrx_word' id='word_1_11' title='bbox 1268 271 1308 336; x_wconf 82' lang='lat'><strong><em>81</em></strong></span> 
     </span>
    </p>
   </div>
   <div class='ocr_carea' id='block_1_2' title="bbox 58 382 1314 4686">
    <p class='ocr_par' dir='ltr' id='par_1_2' title="bbox 58 382 1314 4686">
     <span class='ocr_line' id='line_1_2' title="bbox 65 382 1312 477; baseline 0.005 -29"><span class='ocrx_word' id='word_1_12' title='bbox 65 382 338 470; x_wconf 79' lang='grc' dir='ltr'><strong><em>ρυγαςέπύνωθεν,</em></strong></span> <span class='ocrx_word' id='word_1_13' title='bbox 355 384 674 466; x_wconf 78' lang='grc' dir='ltr'><strong><em>συσκιύζοντεςένταῖς</em></strong></span> <span class='ocrx_word' id='word_1_14' title='bbox 705 394 844 476; x_wconf 88' lang='grc' dir='ltr'><strong><em>τέσσαρες</em></strong></span> <span class='ocrx_word' id='word_1_15' title='bbox 938 396 1003 477; x_wconf 78' lang='grc' dir='ltr'><strong><em>ήρες</em></strong></span> <span class='ocrx_word' id='word_1_16' title='bbox 1020 390 1312 471; x_wconf 76' lang='grc' dir='ltr'><strong><em>ἐκτετυπωμένοικα-</em></strong></span> 
     </span>
     <span class='ocr_line' id='line_1_3' title="bbox 63 467 1313 559; baseline 0.002 -27"><span class='ocrx_word' id='word_1_17' title='bbox 63 470 201 554; x_wconf 79' lang='grc' dir='ltr'><strong><em>πτέρυξιν</em></strong></span> <span class='ocrx_word' id='word_1_18' title='bbox 227 467 329 533; x_wconf 78' lang='grc' dir='ltr'><strong><em>αὐτῶν</em></strong></span> <span class='ocrx_word' id='word_1_19' title='bbox 349 473 401 535; x_wconf 82' lang='grc' dir='ltr'><strong><em>ε’πί</em></strong></span> <span class='ocrx_word' id='word_1_20' title='bbox 416 476 471 534; x_wconf 88' lang='grc' dir='ltr'><strong><em>τοῦ</em></strong></span> <span class='ocrx_word' id='word_1_21' title='bbox 489 472 672 558; x_wconf 85' lang='grc' dir='ltr'><strong><em>ίλαστηρὶου,</em></strong></span> <span class='ocrx_word' id='word_1_22' title='bbox 705 477 850 559; x_wconf 78' lang='grc' dir='ltr'><strong><em>ρυΐσκους.</em></strong></span> <span class='ocrx_word' id='word_1_23' title='bbox 892 480 965 557; x_wconf 78' lang='grc' dir='ltr'><strong><em>ντῷ</em></strong></span> <span class='ocrx_word' id='word_1_24' title='bbox 977 473 1204 555; x_wconf 81' lang='grc' dir='ltr'><strong><em>ἱνίκαλαμίσκῳ</em></strong></span> <span class='ocrx_word' id='word_1_25' title='bbox 1223 499 1313 553; x_wconf 76' lang='grc' dir='ltr'><strong><em>ορατ-</em></strong></span> 
     </span>
     <span class='ocr_line' id='line_1_4' title="bbox 63 546 1312 660; baseline 0.002 -45"><span class='ocrx_word' id='word_1_26' title='bbox 63 552 115 615; x_wconf 81' lang='grc' dir='ltr'><strong><em>καὶ</em></strong></span> <span class='ocrx_word' id='word_1_27' title='bbox 128 550 167 615; x_wconf 89' lang='grc' dir='ltr'><strong><em>τδι</em></strong></span> <span class='ocrx_word' id='word_1_28' title='bbox 179 546 326 635; x_wconf 83' lang='grc' dir='ltr'><strong><em>πρόςωπα</em></strong></span> <span class='ocrx_word' id='word_1_29' title='bbox 339 552 440 617; x_wconf 79' lang='grc' dir='ltr'><strong><em>αὐτῶν</em></strong></span> <span class='ocrx_word' id='word_1_30' title='bbox 449 558 488 628; x_wconf 81' lang='grc' dir='ltr'><strong><em>είς</em></strong></span> <span class='ocrx_word' id='word_1_31' title='bbox 498 553 624 636; x_wconf 70' lang='grc' dir='ltr'><strong><em>ἄλληλα,</em></strong></span> <span class='ocrx_word' id='word_1_32' title='bbox 634 560 673 631; x_wconf 79' lang='grc' dir='ltr'><strong><em>εἷς</em></strong></span> <span class='ocrx_word' id='word_1_33' title='bbox 705 562 841 660; x_wconf 78' lang='grc' dir='ltr'><strong><em>ρωτήρες,</em></strong></span> <span class='ocrx_word' id='word_1_34' title='bbox 852 559 904 622; x_wconf 85' lang='grc' dir='ltr'><strong><em>καί</em></strong></span> <span class='ocrx_word' id='word_1_35' title='bbox 915 558 955 622; x_wconf 78' lang='grc' dir='ltr'><strong><em>τὰ</em></strong></span> <span class='ocrx_word' id='word_1_36' title='bbox 967 563 1053 642; x_wconf 93' lang='grc' dir='ltr'><strong><em>κρίνα</em></strong></span> <span class='ocrx_word' id='word_1_37' title='bbox 1066 554 1166 637; x_wconf 80' lang='grc' dir='ltr'><strong><em>αὐτῆς.</em></strong></span> <span class='ocrx_word' id='word_1_38' title='bbox 1189 554 1206 620; x_wconf 84' lang='grc' dir='ltr'><strong><em>δ</em></strong></span> <span class='ocrx_word' id='word_1_39' title='bbox 1221 580 1312 636; x_wconf 76' lang='grc' dir='ltr'><strong><em>σφαι-</em></strong></span> 
     </span>
     <span class='ocr_line' id='line_1_5' title="bbox 63 631 1313 726; baseline 0.002 -28"><span class='ocrx_word' id='word_1_40' title='bbox 63 633 102 699; x_wconf 86' lang='grc' dir='ltr'><strong><em>τδ</em></strong></span> <span class='ocrx_word' id='word_1_41' title='bbox 129 631 300 719; x_wconf 70' lang='grc' dir='ltr'><strong><em>ἱλαστήριον</em></strong></span> <span class='ocrx_word' id='word_1_42' title='bbox 324 640 438 700; x_wconf 75' lang='grc' dir='ltr'><strong><em>ἔσονται</em></strong></span> <span class='ocrx_word' id='word_1_43' title='bbox 463 636 501 701; x_wconf 80' lang='grc' dir='ltr'><strong><em>τὰ</em></strong></span> <span class='ocrx_word' id='word_1_44' title='bbox 527 633 673 721; x_wconf 84' lang='grc' dir='ltr'><strong><em>πρόςωπα</em></strong></span> <span class='ocrx_word' id='word_1_45' title='bbox 705 666 804 726; x_wconf 88' lang='grc' dir='ltr'><strong><em>ρωτηρ</em></strong></span> <span class='ocrx_word' id='word_1_46' title='bbox 830 636 891 705; x_wconf 83' lang='grc' dir='ltr'><strong><em>ὐπὸ</em></strong></span> <span class='ocrx_word' id='word_1_47' title='bbox 908 639 979 714; x_wconf 87' lang='grc' dir='ltr'><strong><em>τούς</em></strong></span> <span class='ocrx_word' id='word_1_48' title='bbox 997 635 1052 705; x_wconf 92' lang='grc' dir='ltr'><strong><em>δύο</em></strong></span> <span class='ocrx_word' id='word_1_49' title='bbox 1069 638 1313 720; x_wconf 78' lang='grc' dir='ltr'><strong><em>καλαμίσκουςίξ</em></strong></span> 
     </span>
     <span class='ocr_line' id='line_1_6' title="bbox 64 718 1312 809; baseline 0.002 -29"><span class='ocrx_word' id='word_1_50' title='bbox 64 720 126 780; x_wconf 75' lang='grc' dir='ltr'><strong><em>ταῖν</em></strong></span> <span class='ocrx_word' id='word_1_51' title='bbox 152 723 314 804; x_wconf 77' lang='grc' dir='ltr'><strong><em>Χερουβίμ.</em></strong></span> <span class='ocrx_word' id='word_1_52' title='bbox 349 722 376 760; x_wconf 82' lang='lat'><strong><em>²¹</em></strong></span> <span class='ocrx_word' id='word_1_53' title='bbox 390 722 441 784; x_wconf 87' lang='grc' dir='ltr'><strong><em>καί</em></strong></span> <span class='ocrx_word' id='word_1_54' title='bbox 464 719 612 804; x_wconf 76' lang='grc' dir='ltr'><strong><em>ἐπιθήσεις</em></strong></span> <span class='ocrx_word' id='word_1_55' title='bbox 636 718 673 785; x_wconf 84' lang='grc' dir='ltr'><strong><em>τδ</em></strong></span> <span class='ocrx_word' id='word_1_56' title='bbox 706 721 805 805; x_wconf 83' lang='grc' dir='ltr'><strong><em>αὐτής.</em></strong></span> <span class='ocrx_word' id='word_1_57' title='bbox 830 726 882 787; x_wconf 87' lang='grc' dir='ltr'><strong><em>καί</em></strong></span> <span class='ocrx_word' id='word_1_58' title='bbox 898 723 1053 809; x_wconf 81' lang='grc' dir='ltr'><strong><em>σφαιρωτή</em></strong></span> <span class='ocrx_word' id='word_1_59' title='bbox 1086 719 1148 786; x_wconf 85' lang='grc' dir='ltr'><strong><em>ὐπὸ</em></strong></span> <span class='ocrx_word' id='word_1_60' title='bbox 1161 721 1312 794; x_wconf 85' lang='grc' dir='ltr'><strong><em>τούςτέσ-</em></strong></span> 
     </span>
     <span class='ocr_line' id='line_1_7' title="bbox 64 750 1312 889; baseline 0.002 -26"><span class='ocrx_word' id='word_1_61' title='bbox 64 796 237 885; x_wconf 68' lang='grc' dir='ltr'><strong><em>ἱλαστήριον</em></strong></span> <span class='ocrx_word' id='word_1_62' title='bbox 261 804 312 865; x_wconf 77' lang='grc' dir='ltr'><strong><em>ἐπὶ</em></strong></span> <span class='ocrx_word' id='word_1_63' title='bbox 329 801 383 886; x_wconf 87' lang='grc' dir='ltr'><strong><em>τήν</em></strong></span> <span class='ocrx_word' id='word_1_64' title='bbox 400 802 527 889; x_wconf 90' lang='grc' dir='ltr'><strong><em>κιβωτὸν</em></strong></span> <span class='ocrx_word' id='word_1_65' title='bbox 546 802 673 881; x_wconf 83' lang='grc' dir='ltr'><strong><em>ύνωθεν,</em></strong></span> <span class='ocrx_word' id='word_1_66' title='bbox 706 830 798 889; x_wconf 91' lang='grc' dir='ltr'><strong><em>σαρας</em></strong></span> <span class='ocrx_word' id='word_1_67' title='bbox 821 807 1020 888; x_wconf 85' lang='grc' dir='ltr'><strong><em>καλαμίσκους</em></strong></span> <span class='ocrx_word' id='word_1_68' title='bbox 1044 750 1075 882; x_wconf 50' lang='lat' dir='ltr'><strong><em>l}</em></strong></span> <span class='ocrx_word' id='word_1_69' title='bbox 1098 802 1199 888; x_wconf 80' lang='grc' dir='ltr'><strong><em>αὐτῆς.</em></strong></span> <span class='ocrx_word' id='word_1_70' title='bbox 1230 799 1312 869; x_wconf 82' lang='grc' dir='ltr'><strong><em>οὐτω</em></strong></span> 
     </span>
     <span class='ocr_line' id='line_1_8' title="bbox 63 880 1313 994; baseline 0.006 -48"><span class='ocrx_word' id='word_1_71' title='bbox 63 885 115 947; x_wconf 86' lang='grc' dir='ltr'><strong><em>καί</em></strong></span> <span class='ocrx_word' id='word_1_72' title='bbox 135 889 174 958; x_wconf 83' lang='grc' dir='ltr'><strong><em>είς</em></strong></span> <span class='ocrx_word' id='word_1_73' title='bbox 188 880 242 966; x_wconf 84' lang='grc' dir='ltr'><strong><em>τήν</em></strong></span> <span class='ocrx_word' id='word_1_74' title='bbox 262 886 389 971; x_wconf 87' lang='grc' dir='ltr'><strong><em>κιβωτὸν</em></strong></span> <span class='ocrx_word' id='word_1_75' title='bbox 401 886 532 972; x_wconf 81' lang='grc' dir='ltr'><strong><em>ἐμβαλεῖς</em></strong></span> <span class='ocrx_word' id='word_1_76' title='bbox 545 885 584 951; x_wconf 80' lang='grc' dir='ltr'><strong><em>τύ</em></strong></span> <span class='ocrx_word' id='word_1_77' title='bbox 596 913 673 972; x_wconf 84' lang='grc' dir='ltr'><strong><em>μαρ-</em></strong></span> <span class='ocrx_word' id='word_1_78' title='bbox 705 897 768 962; x_wconf 80' lang='grc' dir='ltr'><strong><em>τοῖς</em></strong></span> <span class='ocrx_word' id='word_1_79' title='bbox 787 891 819 963; x_wconf 70' lang='grc' dir='ltr'><strong><em>έξ</em></strong></span> <span class='ocrx_word' id='word_1_80' title='bbox 831 890 1022 970; x_wconf 88' lang='grc' dir='ltr'><strong><em>καλαμίσκοις</em></strong></span> <span class='ocrx_word' id='word_1_81' title='bbox 1039 900 1102 962; x_wconf 88' lang='grc' dir='ltr'><strong><em>τοῖς</em></strong></span> <span class='ocrx_word' id='word_1_82' title='bbox 1119 888 1313 994; x_wconf 78' lang='grc' dir='ltr'><strong><em>ἐκπορευομέ-</em></strong></span> 
     </span>
     <span class='ocr_line' id='line_1_9' title="bbox 63 959 1312 1074; baseline 0.003 -46"><span class='ocrx_word' id='word_1_83' title='bbox 63 959 161 1050; x_wconf 88' lang='grc' dir='ltr'><strong><em>τύρια,</em></strong></span> <span class='ocrx_word' id='word_1_84' title='bbox 175 963 196 1029; x_wconf 80' lang='grc' dir='ltr'><em>ἃ</em></span> <span class='ocrx_word' id='word_1_85' title='bbox 209 965 246 1029; x_wconf 76' lang='grc' dir='ltr'><strong><em>ἂν</em></strong></span> <span class='ocrx_word' id='word_1_86' title='bbox 257 968 302 1031; x_wconf 86' lang='grc' dir='ltr'><strong><em>διῦ</em></strong></span> <span class='ocrx_word' id='word_1_87' title='bbox 315 995 371 1034; x_wconf 93' lang='grc' dir='ltr'><strong><em>σοι.</em></strong></span> <span class='ocrx_word' id='word_1_88' title='bbox 394 971 487 1045; x_wconf 62' lang='grc' dir='ltr'><strong><em>22,καί</em></strong></span> <span class='ocrx_word' id='word_1_89' title='bbox 497 967 673 1074; x_wconf 86' lang='grc' dir='ltr'><strong><em>γνωσθήσο-</em></strong></span> <span class='ocrx_word' id='word_1_90' title='bbox 704 995 764 1046; x_wconf 85' lang='grc' dir='ltr'><strong><em>νοις</em></strong></span> <span class='ocrx_word' id='word_1_91' title='bbox 783 973 816 1033; x_wconf 77' lang='grc' dir='ltr'><strong><em>ἐκ</em></strong></span> <span class='ocrx_word' id='word_1_92' title='bbox 826 973 884 1052; x_wconf 78' lang='grc' dir='ltr'><strong><em>τής</em></strong></span> <span class='ocrx_word' id='word_1_93' title='bbox 900 971 1024 1054; x_wconf 75' lang='grc' dir='ltr'><strong><em>λυχνίας.</em></strong></span> <span class='ocrx_word' id='word_1_94' title='bbox 1063 971 1103 1013; x_wconf 80' lang='lat'><strong><em>³⁴·</em></strong></span> <span class='ocrx_word' id='word_1_95' title='bbox 1117 972 1146 1014; x_wconf 76' lang='lat'><strong><em>³⁸</em></strong></span> <span class='ocrx_word' id='word_1_96' title='bbox 1159 997 1210 1036; x_wconf 82' lang='grc' dir='ltr'><strong><em>και</em></strong></span> <span class='ocrx_word' id='word_1_97' title='bbox 1226 973 1257 1034; x_wconf 78' lang='grc' dir='ltr'><strong><em>ἐν</em></strong></span> <span class='ocrx_word' id='word_1_98' title='bbox 1272 971 1312 1061; x_wconf 69' lang='grc' dir='ltr'><strong><em>τῇ</em></strong></span> 
     </span>
     <span class='ocr_line' id='line_1_10' title="bbox 60 1049 1311 1156; baseline 0.004 -46"><span class='ocrx_word' id='word_1_99' title='bbox 60 1054 118 1129; x_wconf 84' lang='grc' dir='ltr'><strong><em>μυί</em></strong></span> <span class='ocrx_word' id='word_1_100' title='bbox 129 1075 175 1114; x_wconf 93' lang='grc' dir='ltr'><strong><em>σοι</em></strong></span> <span class='ocrx_word' id='word_1_101' title='bbox 188 1051 310 1131; x_wconf 73' lang='grc' dir='ltr'><strong><em>ἐκεῖθεν,</em></strong></span> <span class='ocrx_word' id='word_1_102' title='bbox 337 1054 389 1133; x_wconf 84' lang='grc' dir='ltr'><strong><em>καί</em></strong></span> <span class='ocrx_word' id='word_1_103' title='bbox 401 1049 521 1137; x_wconf 79' lang='grc' dir='ltr'><strong><em>λαλήσω</em></strong></span> <span class='ocrx_word' id='word_1_104' title='bbox 533 1079 578 1118; x_wconf 93' lang='grc' dir='ltr'><strong><em>σοι</em></strong></span> <span class='ocrx_word' id='word_1_105' title='bbox 592 1054 672 1117; x_wconf 76' lang='grc' dir='ltr'><strong><em>ἂνω-</em></strong></span> <span class='ocrx_word' id='word_1_106' title='bbox 705 1053 806 1156; x_wconf 88' lang='grc' dir='ltr'><strong><em>λυχνίᾳ</em></strong></span> <span class='ocrx_word' id='word_1_107' title='bbox 832 1054 968 1137; x_wconf 88' lang='grc' dir='ltr'><strong><em>τέσσαρες</em></strong></span> <span class='ocrx_word' id='word_1_108' title='bbox 987 1057 1127 1137; x_wconf 74' lang='grc' dir='ltr'><strong><em>κρατῆρες</em></strong></span> <span class='ocrx_word' id='word_1_109' title='bbox 1145 1055 1311 1118; x_wconf 66' lang='grc' dir='ltr'><strong><em>ἐκτετυπω-</em></strong></span> 
     </span>
     <span class='ocr_line' id='line_1_11' title="bbox 62 1131 1311 1237; baseline 0.003 -42"><span class='ocrx_word' id='word_1_110' title='bbox 62 1143 118 1196; x_wconf 86' lang='grc' dir='ltr'><strong><em>θεν</em></strong></span> <span class='ocrx_word' id='word_1_111' title='bbox 129 1136 187 1196; x_wconf 90' lang='grc' dir='ltr'><strong><em>τοῦ</em></strong></span> <span class='ocrx_word' id='word_1_112' title='bbox 195 1134 374 1237; x_wconf 39' lang='grc' dir='ltr'><strong><em>,ίλαστηρίου</em></strong></span> <span class='ocrx_word' id='word_1_113' title='bbox 387 1133 533 1217; x_wconf 83' lang='grc' dir='ltr'><strong><em>ἇναμέσον</em></strong></span> <span class='ocrx_word' id='word_1_114' title='bbox 544 1141 605 1199; x_wconf 85' lang='grc' dir='ltr'><strong><em>τιῦν</em></strong></span> <span class='ocrx_word' id='word_1_115' title='bbox 616 1131 672 1200; x_wconf 90' lang='grc' dir='ltr'><strong><em>δύο</em></strong></span> <span class='ocrx_word' id='word_1_116' title='bbox 705 1160 785 1216; x_wconf 88' lang='grc' dir='ltr'><strong><em>μενοι</em></strong></span> <span class='ocrx_word' id='word_1_117' title='bbox 802 1135 985 1217; x_wconf 73' lang='grc' dir='ltr'><strong><em>καρυΐσκους</em></strong></span> <span class='ocrx_word' id='word_1_118' title='bbox 1024 1136 1054 1176; x_wconf 81' lang='lat'><strong><em>³⁰</em></strong></span> <span class='ocrx_word' id='word_1_119' title='bbox 1067 1138 1098 1198; x_wconf 84' lang='grc' dir='ltr'><strong><em>οἶ</em></strong></span> <span class='ocrx_word' id='word_1_120' title='bbox 1110 1139 1311 1220; x_wconf 74' lang='grc' dir='ltr'><strong><em>σφαιρωτήρες</em></strong></span> 
     </span>
     <span class='ocr_line' id='line_1_12' title="bbox 62 1213 1311 1302; baseline 0 -24"><span class='ocrx_word' id='word_1_121' title='bbox 62 1217 226 1300; x_wconf 79' lang='grc' dir='ltr'><strong><em>Χερουβὶμ,</em></strong></span> <span class='ocrx_word' id='word_1_122' title='bbox 237 1221 299 1278; x_wconf 81' lang='grc' dir='ltr'><strong><em>τῶν</em></strong></span> <span class='ocrx_word' id='word_1_123' title='bbox 312 1213 407 1298; x_wconf 80' lang='grc' dir='ltr'><strong><em>όντων</em></strong></span> <span class='ocrx_word' id='word_1_124' title='bbox 419 1221 468 1280; x_wconf 79' lang='grc' dir='ltr'><strong><em>ἐπί</em></strong></span> <span class='ocrx_word' id='word_1_125' title='bbox 481 1221 532 1301; x_wconf 77' lang='grc' dir='ltr'><strong><em>τῆς</em></strong></span> <span class='ocrx_word' id='word_1_126' title='bbox 544 1221 673 1302; x_wconf 76' lang='grc' dir='ltr'><strong><em>κιβωτοῦ</em></strong></span> <span class='ocrx_word' id='word_1_127' title='bbox 706 1219 758 1281; x_wconf 88' lang='grc' dir='ltr'><strong><em>καί</em></strong></span> <span class='ocrx_word' id='word_1_128' title='bbox 775 1219 806 1280; x_wconf 84' lang='grc' dir='ltr'><strong><em>οῖ</em></strong></span> <span class='ocrx_word' id='word_1_129' title='bbox 823 1216 997 1297; x_wconf 88' lang='grc' dir='ltr'><strong><em>καλαμίσκοι</em></strong></span> <span class='ocrx_word' id='word_1_130' title='bbox 1016 1218 1047 1291; x_wconf 77' lang='grc' dir='ltr'><strong><em>ἐξ</em></strong></span> <span class='ocrx_word' id='word_1_131' title='bbox 1065 1213 1158 1299; x_wconf 81' lang='grc' dir='ltr'><strong><em>αὐτής</em></strong></span> <span class='ocrx_word' id='word_1_132' title='bbox 1169 1221 1311 1282; x_wconf 84' lang='grc' dir='ltr'><strong><em>έστωσαν.</em></strong></span> 
     </span>
     <span class='ocr_line' id='line_1_13' title="bbox 61 1294 1312 1400; baseline -0.001 -39"><span class='ocrx_word' id='word_1_133' title='bbox 61 1302 119 1361; x_wconf 84' lang='grc' dir='ltr'><strong><em>τοῦ</em></strong></span> <span class='ocrx_word' id='word_1_134' title='bbox 136 1304 315 1382; x_wconf 73' lang='grc' dir='ltr'><strong><em>μαρτυρίου,</em></strong></span> <span class='ocrx_word' id='word_1_135' title='bbox 341 1298 483 1362; x_wconf 80' lang='grc' dir='ltr'><strong><em>καὶκατὰ</em></strong></span> <span class='ocrx_word' id='word_1_136' title='bbox 499 1294 599 1363; x_wconf 80' lang='grc' dir='ltr'><strong><em>πάντα</em></strong></span> <span class='ocrx_word' id='word_1_137' title='bbox 616 1295 674 1363; x_wconf 78' lang='grc' dir='ltr'><strong><em>ὅσα</em></strong></span> <span class='ocrx_word' id='word_1_138' title='bbox 708 1297 764 1383; x_wconf 73' lang='grc' dir='ltr'><strong><em>ὅλη</em></strong></span> <span class='ocrx_word' id='word_1_139' title='bbox 776 1294 898 1384; x_wconf 86' lang='grc' dir='ltr'><strong><em>τορευτή</em></strong></span> <span class='ocrx_word' id='word_1_140' title='bbox 911 1301 942 1374; x_wconf 76' lang='grc' dir='ltr'><strong><em>ἐξ</em></strong></span> <span class='ocrx_word' id='word_1_141' title='bbox 954 1296 1018 1372; x_wconf 76' lang='grc' dir='ltr'><strong><em>ἑνὸς</em></strong></span> <span class='ocrx_word' id='word_1_142' title='bbox 1032 1303 1150 1381; x_wconf 77' lang='grc' dir='ltr'><strong><em>χρυσίου</em></strong></span> <span class='ocrx_word' id='word_1_143' title='bbox 1162 1301 1312 1400; x_wconf 87' lang='grc' dir='ltr'><strong><em>καθαροῦ.</em></strong></span> 
     </span>
     <span class='ocr_line' id='line_1_14' title="bbox 62 1375 1314 1466; baseline 0.002 -25"><span class='ocrx_word' id='word_1_144' title='bbox 62 1379 117 1461; x_wconf 78' lang='grc' dir='ltr'><strong><em>ε’·έιν</em></strong></span> <span class='ocrx_word' id='word_1_145' title='bbox 140 1380 312 1458; x_wconf 77' lang='grc' dir='ltr'><strong><em>ἐντείλωμαί</em></strong></span> <span class='ocrx_word' id='word_1_146' title='bbox 336 1404 383 1443; x_wconf 93' lang='grc' dir='ltr'><strong><em>σοι</em></strong></span> <span class='ocrx_word' id='word_1_147' title='bbox 406 1376 482 1464; x_wconf 85' lang='grc' dir='ltr'><strong><em>πρὸς</em></strong></span> <span class='ocrx_word' id='word_1_148' title='bbox 502 1377 573 1454; x_wconf 87' lang='grc' dir='ltr'><strong><em>τούς</em></strong></span> <span class='ocrx_word' id='word_1_149' title='bbox 591 1379 674 1456; x_wconf 87' lang='grc' dir='ltr'><strong><em>υίούς</em></strong></span> <span class='ocrx_word' id='word_1_150' title='bbox 707 1382 737 1423; x_wconf 80' lang='lat'><strong><em>³⁷</em></strong></span> <span class='ocrx_word' id='word_1_151' title='bbox 753 1383 804 1446; x_wconf 90' lang='grc' dir='ltr'><strong><em>καί</em></strong></span> <span class='ocrx_word' id='word_1_152' title='bbox 829 1376 957 1466; x_wconf 74' lang='grc' dir='ltr'><strong><em>ποιήσεις</em></strong></span> <span class='ocrx_word' id='word_1_153' title='bbox 980 1380 1051 1455; x_wconf 87' lang='grc' dir='ltr'><strong><em>τούς</em></strong></span> <span class='ocrx_word' id='word_1_154' title='bbox 1075 1375 1113 1443; x_wconf 92' lang='grc' dir='ltr'><strong><em>λύ</em></strong></span> <span class='ocrx_word' id='word_1_155' title='bbox 1146 1406 1197 1455; x_wconf 89' lang='grc' dir='ltr'><strong><em>ους</em></strong></span> <span class='ocrx_word' id='word_1_156' title='bbox 1221 1383 1314 1464; x_wconf 80' lang='grc' dir='ltr'><strong><em>αυτής</em></strong></span> 
     </span>
     <span class='ocr_line' id='line_1_15' title="bbox 58 1404 1314 1565; baseline 0.003 -41"><span class='ocrx_word' id='word_1_157' title='bbox 58 1455 192 1554; x_wconf 73' lang='grc' dir='ltr'><strong><em>Ἰᾳραήλ</em></strong></span> <span class='ocrx_word' id='word_1_158' title='bbox 210 1461 298 1523; x_wconf 76' lang='grc' dir='ltr'><strong><em>23καί</em></strong></span> <span class='ocrx_word' id='word_1_159' title='bbox 308 1457 435 1544; x_wconf 76' lang='grc' dir='ltr'><strong><em>ποιήσεις</em></strong></span> <span class='ocrx_word' id='word_1_160' title='bbox 447 1459 593 1565; x_wconf 84' lang='grc' dir='ltr'><strong><em>τρύπεζαν</em></strong></span> <span class='ocrx_word' id='word_1_161' title='bbox 603 1491 672 1550; x_wconf 36' lang='grc' dir='ltr'><strong><em>χρυ-,</em></strong></span> <span class='ocrx_word' id='word_1_162' title='bbox 705 1461 791 1529; x_wconf 83' lang='grc' dir='ltr'><strong><em>ἕπτύ.</em></strong></span> <span class='ocrx_word' id='word_1_163' title='bbox 811 1466 863 1529; x_wconf 85' lang='grc' dir='ltr'><strong><em>καί</em></strong></span> <span class='ocrx_word' id='word_1_164' title='bbox 875 1460 1024 1547; x_wconf 71' lang='grc' dir='ltr'><strong><em>ἐπιθήσεις</em></strong></span> <span class='ocrx_word' id='word_1_165' title='bbox 1035 1404 1249 1548; x_wconf 59' lang='grc' dir='ltr'><strong><em>τούςλλίχνσυς,</em></strong></span> <span class='ocrx_word' id='word_1_166' title='bbox 1261 1462 1314 1528; x_wconf 83' lang='grc' dir='ltr'><strong><em>καί</em></strong></span> 
     </span>
     <span class='ocr_line' id='line_1_16' title="bbox 63 1535 1313 1652; baseline 0.004 -45"><span class='ocrx_word' id='word_1_167' title='bbox 63 1566 120 1624; x_wconf 87' lang='grc' dir='ltr'><strong><em>σην</em></strong></span> <span class='ocrx_word' id='word_1_168' title='bbox 129 1546 250 1627; x_wconf 83' lang='grc' dir='ltr'><strong><em>χρυσίου</em></strong></span> <span class='ocrx_word' id='word_1_169' title='bbox 262 1549 415 1630; x_wconf 86' lang='grc' dir='ltr'><strong><em>καθαροῦ,</em></strong></span> <span class='ocrx_word' id='word_1_170' title='bbox 420 1547 496 1649; x_wconf 52' lang='grc' dir='ltr'><strong><em>ςδυο</em></strong></span> <span class='ocrx_word' id='word_1_171' title='bbox 508 1541 622 1652; x_wconf 88' lang='grc' dir='ltr'><strong><em>πήχεων</em></strong></span> <span class='ocrx_word' id='word_1_172' title='bbox 634 1546 671 1611; x_wconf 85' lang='grc' dir='ltr'><strong><em>τὸ</em></strong></span> <span class='ocrx_word' id='word_1_173' title='bbox 704 1552 848 1628; x_wconf 73' lang='grc' dir='ltr'><strong><em>συνοῦσιν</em></strong></span> <span class='ocrx_word' id='word_1_174' title='bbox 860 1550 893 1611; x_wconf 77' lang='grc' dir='ltr'><strong><em>ἐκ</em></strong></span> <span class='ocrx_word' id='word_1_175' title='bbox 903 1554 959 1612; x_wconf 88' lang='grc' dir='ltr'><strong><em>τοῦ</em></strong></span> <span class='ocrx_word' id='word_1_176' title='bbox 968 1547 1032 1622; x_wconf 84' lang='grc' dir='ltr'><strong><em>ένδς</em></strong></span> <span class='ocrx_word' id='word_1_177' title='bbox 1040 1535 1211 1632; x_wconf 74' lang='grc' dir='ltr'><strong><em>προςοίπου.</em></strong></span> <span class='ocrx_word' id='word_1_178' title='bbox 1224 1548 1313 1611; x_wconf 65' lang='grc' dir='ltr'><strong><em>38καί</em></strong></span> 
     </span>
     <span class='ocr_line' id='line_1_17' title="bbox 61 1621 1312 1736; baseline 0.004 -48"><span class='ocrx_word' id='word_1_179' title='bbox 61 1631 164 1708; x_wconf 81' lang='grc' dir='ltr'><strong><em>μήκος,</em></strong></span> <span class='ocrx_word' id='word_1_180' title='bbox 176 1625 227 1689; x_wconf 87' lang='grc' dir='ltr'><strong><em>καί</em></strong></span> <span class='ocrx_word' id='word_1_181' title='bbox 238 1621 343 1724; x_wconf 87' lang='grc' dir='ltr'><strong><em>πήχεος</em></strong></span> <span class='ocrx_word' id='word_1_182' title='bbox 355 1627 393 1692; x_wconf 83' lang='grc' dir='ltr'><strong><em>τὸ</em></strong></span> <span class='ocrx_word' id='word_1_183' title='bbox 401 1653 495 1714; x_wconf 81' lang='grc' dir='ltr'><strong><em>ιυρος,</em></strong></span> <span class='ocrx_word' id='word_1_184' title='bbox 505 1655 556 1693; x_wconf 89' lang='grc' dir='ltr'><strong><em>και</em></strong></span> <span class='ocrx_word' id='word_1_185' title='bbox 565 1627 671 1736; x_wconf 87' lang='grc' dir='ltr'><strong><em>πήχεος</em></strong></span> <span class='ocrx_word' id='word_1_186' title='bbox 703 1630 756 1695; x_wconf 86' lang='grc' dir='ltr'><strong><em>τὸν</em></strong></span> <span class='ocrx_word' id='word_1_187' title='bbox 772 1635 964 1717; x_wconf 80' lang='grc' dir='ltr'><strong><em>ἰπαρυστήρα</em></strong></span> <span class='ocrx_word' id='word_1_188' title='bbox 983 1628 1091 1713; x_wconf 72' lang='grc' dir='ltr'><strong><em>αὐτῆς,</em></strong></span> <span class='ocrx_word' id='word_1_189' title='bbox 1115 1631 1168 1694; x_wconf 80' lang='grc' dir='ltr'><strong><em>καί</em></strong></span> <span class='ocrx_word' id='word_1_190' title='bbox 1181 1630 1220 1694; x_wconf 81' lang='grc' dir='ltr'><strong><em>τὰ</em></strong></span> <span class='ocrx_word' id='word_1_191' title='bbox 1234 1624 1312 1695; x_wconf 85' lang='grc' dir='ltr'><strong><em>ὐπο-</em></strong></span> 
     </span>
     <span class='ocr_line' id='line_1_18' title="bbox 61 1704 1313 1799; baseline 0.003 -26"><span class='ocrx_word' id='word_1_192' title='bbox 61 1709 113 1773; x_wconf 86' lang='grc' dir='ltr'><strong><em>καί</em></strong></span> <span class='ocrx_word' id='word_1_193' title='bbox 129 1704 250 1792; x_wconf 82' lang='grc' dir='ltr'><strong><em>ήμίσους</em></strong></span> <span class='ocrx_word' id='word_1_194' title='bbox 266 1734 303 1773; x_wconf 93' lang='grc' dir='ltr'><strong><em>το</em></strong></span> <span class='ocrx_word' id='word_1_195' title='bbox 322 1707 408 1794; x_wconf 81' lang='grc' dir='ltr'><strong><em>ὐῳος.</em></strong></span> <span class='ocrx_word' id='word_1_196' title='bbox 435 1711 467 1755; x_wconf 83' lang='lat'><strong><em>²⁴</em></strong></span> <span class='ocrx_word' id='word_1_197' title='bbox 480 1715 530 1776; x_wconf 86' lang='grc' dir='ltr'><strong><em>καί</em></strong></span> <span class='ocrx_word' id='word_1_198' title='bbox 542 1739 670 1797; x_wconf 83' lang='grc' dir='ltr'><strong><em>ποιήσεις</em></strong></span> <span class='ocrx_word' id='word_1_199' title='bbox 703 1718 822 1796; x_wconf 79' lang='grc' dir='ltr'><strong><em>θέματα</em></strong></span> <span class='ocrx_word' id='word_1_200' title='bbox 852 1712 945 1797; x_wconf 79' lang='grc' dir='ltr'><strong><em>αὐτῆς</em></strong></span> <span class='ocrx_word' id='word_1_201' title='bbox 969 1716 1002 1777; x_wconf 79' lang='grc' dir='ltr'><strong><em>ίκ</em></strong></span> <span class='ocrx_word' id='word_1_202' title='bbox 1026 1718 1146 1799; x_wconf 81' lang='grc' dir='ltr'><strong><em>’χρυσίου</em></strong></span> <span class='ocrx_word' id='word_1_203' title='bbox 1170 1716 1313 1796; x_wconf 80' lang='grc' dir='ltr'><strong><em>καθαροῦ</em></strong></span> 
     </span>
     <span class='ocr_line' id='line_1_19' title="bbox 63 1790 1313 1884; baseline 0.001 -28"><span class='ocrx_word' id='word_1_204' title='bbox 63 1790 143 1884; x_wconf 79' lang='grc' dir='ltr'><strong><em>αὐτῇ</em></strong></span> <span class='ocrx_word' id='word_1_205' title='bbox 162 1791 291 1875; x_wconf 78' lang='grc' dir='ltr'><strong><em>στρεπτὰ</em></strong></span> <span class='ocrx_word' id='word_1_206' title='bbox 311 1790 547 1882; x_wconf 81' lang='grc' dir='ltr'><strong><em>κυμοίτιαχρυσᾶ</em></strong></span> <span class='ocrx_word' id='word_1_207' title='bbox 559 1794 668 1879; x_wconf 85' lang='grc' dir='ltr'><strong><em>κύκλῳ.</em></strong></span> <span class='ocrx_word' id='word_1_208' title='bbox 702 1793 839 1881; x_wconf 82' lang='grc' dir='ltr'><strong><em>ποιήσεις.</em></strong></span> <span class='ocrx_word' id='word_1_209' title='bbox 878 1797 908 1839; x_wconf 78' lang='lat'><strong><em>³⁹</em></strong></span> <span class='ocrx_word' id='word_1_210' title='bbox 921 1793 1023 1862; x_wconf 86' lang='grc' dir='ltr'><strong><em>πύντα</em></strong></span> <span class='ocrx_word' id='word_1_211' title='bbox 1045 1791 1085 1861; x_wconf 78' lang='grc' dir='ltr'><strong><em>τὰ</em></strong></span> <span class='ocrx_word' id='word_1_212' title='bbox 1108 1790 1195 1878; x_wconf 86' lang='grc' dir='ltr'><strong><em>σκεύη</em></strong></span> <span class='ocrx_word' id='word_1_213' title='bbox 1215 1800 1313 1858; x_wconf 82' lang='grc' dir='ltr'><strong><em>ταῦτα</em></strong></span> 
     </span>
     <span class='ocr_line' id='line_1_20' title="bbox 61 1871 1312 1970; baseline 0.003 -32"><span class='ocrx_word' id='word_1_214' title='bbox 61 1877 113 1939; x_wconf 82' lang='grc' dir='ltr'><strong><em>καί</em></strong></span> <span class='ocrx_word' id='word_1_215' title='bbox 123 1871 250 1959; x_wconf 82' lang='grc' dir='ltr'><strong><em>ποιήσεις</em></strong></span> <span class='ocrx_word' id='word_1_216' title='bbox 260 1875 339 1970; x_wconf 79' lang='grc' dir='ltr'><strong><em>αὐτῇ</em></strong></span> <span class='ocrx_word' id='word_1_217' title='bbox 348 1874 493 1962; x_wconf 77' lang='grc' dir='ltr'><strong><em>στεφάνην</em></strong></span> <span class='ocrx_word' id='word_1_218' title='bbox 501 1879 670 1946; x_wconf 88' lang='grc' dir='ltr'><strong><em>παλαιστοῦ</em></strong></span> <span class='ocrx_word' id='word_1_219' title='bbox 702 1876 849 1945; x_wconf 81' lang='grc' dir='ltr'><strong><em>τάλαντον</em></strong></span> <span class='ocrx_word' id='word_1_220' title='bbox 872 1884 993 1965; x_wconf 84' lang='grc' dir='ltr'><strong><em>χρυσίου</em></strong></span> <span class='ocrx_word' id='word_1_221' title='bbox 1016 1882 1166 1964; x_wconf 79' lang='grc' dir='ltr'><strong><em>καθαροῦ.</em></strong></span> <span class='ocrx_word' id='word_1_222' title='bbox 1206 1877 1240 1921; x_wconf 85' lang='lat'><strong><em>⁴⁰</em></strong></span> <span class='ocrx_word' id='word_1_223' title='bbox 1253 1874 1312 1962; x_wconf 79' lang='grc' dir='ltr'><strong><em>δρα</em></strong></span> 
     </span>
     <span class='ocr_line' id='line_1_21' title="bbox 62 1951 1312 2047; baseline 0.004 -26"><span class='ocrx_word' id='word_1_224' title='bbox 62 1951 167 2042; x_wconf 89' lang='grc' dir='ltr'><strong><em>κύκλῳ.</em></strong></span> <span class='ocrx_word' id='word_1_225' title='bbox 192 1963 221 2002; x_wconf 80' lang='lat'><strong><em>²⁵</em></strong></span> <span class='ocrx_word' id='word_1_226' title='bbox 233 1960 286 2024; x_wconf 85' lang='grc' dir='ltr'><strong><em>καί</em></strong></span> <span class='ocrx_word' id='word_1_227' title='bbox 310 1957 438 2045; x_wconf 88' lang='grc' dir='ltr'><strong><em>ποιήσεις</em></strong></span> <span class='ocrx_word' id='word_1_228' title='bbox 456 1962 600 2045; x_wconf 87' lang='grc' dir='ltr'><strong><em>στρεπτὸν</em></strong></span> <span class='ocrx_word' id='word_1_229' title='bbox 617 1989 669 2027; x_wconf 93' lang='grc' dir='ltr'><strong><em>κυ-</em></strong></span> <span class='ocrx_word' id='word_1_230' title='bbox 702 1960 830 2047; x_wconf 87' lang='grc' dir='ltr'><strong><em>ποιήσεις</em></strong></span> <span class='ocrx_word' id='word_1_231' title='bbox 843 1963 921 2027; x_wconf 82' lang='grc' dir='ltr'><strong><em>κατὰ</em></strong></span> <span class='ocrx_word' id='word_1_232' title='bbox 935 1961 989 2026; x_wconf 84' lang='grc' dir='ltr'><strong><em>τὸν</em></strong></span> <span class='ocrx_word' id='word_1_233' title='bbox 1000 1957 1097 2028; x_wconf 86' lang='grc' dir='ltr'><strong><em>τύπον</em></strong></span> <span class='ocrx_word' id='word_1_234' title='bbox 1107 1961 1312 2046; x_wconf 76' lang='grc' dir='ltr'><strong><em>τδνδεδειγμέ·</em></strong></span> 
     </span>
     <span class='ocr_line' id='line_1_22' title="bbox 60 2038 996 2136; baseline 0.003 -30"><span class='ocrx_word' id='word_1_235' title='bbox 60 2038 167 2124; x_wconf 89' lang='grc' dir='ltr'><strong><em>μύτιον</em></strong></span> <span class='ocrx_word' id='word_1_236' title='bbox 178 2047 216 2136; x_wconf 74' lang='grc' dir='ltr'><strong><em>τῇ</em></strong></span> <span class='ocrx_word' id='word_1_237' title='bbox 227 2041 354 2129; x_wconf 76' lang='grc' dir='ltr'><strong><em>στεφάνη</em></strong></span> <span class='ocrx_word' id='word_1_238' title='bbox 363 2042 472 2128; x_wconf 82' lang='grc' dir='ltr'><strong><em>κύκλῳ.</em></strong></span> <span class='ocrx_word' id='word_1_239' title='bbox 485 2046 573 2111; x_wconf 63' lang='grc' dir='ltr'><strong><em>26καί</em></strong></span> <span class='ocrx_word' id='word_1_240' title='bbox 581 2040 667 2130; x_wconf 87' lang='grc' dir='ltr'><strong><em>ποιή-</em></strong></span> <span class='ocrx_word' id='word_1_241' title='bbox 702 2070 752 2112; x_wconf 92' lang='grc' dir='ltr'><strong><em>νον</em></strong></span> <span class='ocrx_word' id='word_1_242' title='bbox 765 2073 812 2111; x_wconf 91' lang='grc' dir='ltr'><strong><em>σοι</em></strong></span> <span class='ocrx_word' id='word_1_243' title='bbox 825 2049 856 2110; x_wconf 73' lang='lat' dir='ltr'><strong><em>lv</em></strong></span> <span class='ocrx_word' id='word_1_244' title='bbox 867 2050 912 2127; x_wconf 78' lang='grc' dir='ltr'><strong><em>τῷ</em></strong></span> <span class='ocrx_word' id='word_1_245' title='bbox 927 2044 996 2130; x_wconf 77' lang='grc' dir='ltr'><strong><em>ὄρει.</em></strong></span> 
     </span>
     <span class='ocr_line' id='line_1_23' title="bbox 63 2119 1125 2214; baseline 0.003 -26"><span class='ocrx_word' id='word_1_246' title='bbox 63 2151 117 2209; x_wconf 80' lang='grc' dir='ltr'><strong><em>οεις</em></strong></span> <span class='ocrx_word' id='word_1_247' title='bbox 129 2127 274 2212; x_wconf 86' lang='grc' dir='ltr'><strong><em>τέσσαρας</em></strong></span> <span class='ocrx_word' id='word_1_248' title='bbox 284 2119 458 2207; x_wconf 78' lang='grc' dir='ltr'><strong><em>δαείτυλίους</em></strong></span> <span class='ocrx_word' id='word_1_249' title='bbox 472 2133 605 2214; x_wconf 80' lang='grc' dir='ltr'><strong><em>χρυσοῦς,</em></strong></span> <span class='ocrx_word' id='word_1_250' title='bbox 619 2131 671 2193; x_wconf 82' lang='grc' dir='ltr'><strong><em>καί</em></strong></span> <span class='ocrx_word' id='word_1_251' title='bbox 883 2134 916 2192; x_wconf 90' lang='lat' dir='ltr'><em>K</em></span> <span class='ocrx_word' id='word_1_252' title='bbox 927 2135 956 2192; x_wconf 80' lang='grc' dir='ltr'><em>Ε</em></span> <span class='ocrx_word' id='word_1_253' title='bbox 970 2134 1009 2191; x_wconf 82' lang='grc' dir='ltr'><strong><em>Φ.</em></strong></span> <span class='ocrx_word' id='word_1_254' title='bbox 1051 2123 1125 2205; x_wconf 83' lang='grc' dir='ltr'><strong><em>Κς’.</em></strong></span> 
     </span>
     <span class='ocr_line' id='line_1_24' title="bbox 62 2180 1308 2297; baseline 0.002 -24"><span class='ocrx_word' id='word_1_255' title='bbox 62 2204 210 2292; x_wconf 70' lang='grc' dir='ltr'><strong><em>ἐπιθήσεις</em></strong></span> <span class='ocrx_word' id='word_1_256' title='bbox 233 2209 305 2286; x_wconf 87' lang='grc' dir='ltr'><strong><em>τούς</em></strong></span> <span class='ocrx_word' id='word_1_257' title='bbox 329 2214 474 2297; x_wconf 87' lang='grc' dir='ltr'><strong><em>τέσσαρας</em></strong></span> <span class='ocrx_word' id='word_1_258' title='bbox 498 2213 671 2287; x_wconf 70' lang='grc' dir='ltr'><strong><em>δακτυλίους</em></strong></span> <span class='ocrx_word' id='word_1_259' title='bbox 704 2180 786 2278; x_wconf 78' lang='grc' dir='ltr'><strong><em>Καὶ</em></strong></span> <span class='ocrx_word' id='word_1_260' title='bbox 802 2210 856 2294; x_wconf 82' lang='grc' dir='ltr'><strong><em>τήν</em></strong></span> <span class='ocrx_word' id='word_1_261' title='bbox 876 2210 983 2295; x_wconf 83' lang='grc' dir='ltr'><strong><em>σκηνήν</em></strong></span> <span class='ocrx_word' id='word_1_262' title='bbox 1000 2207 1142 2295; x_wconf 88' lang='grc' dir='ltr'><strong><em>ποιήσεις,</em></strong></span> <span class='ocrx_word' id='word_1_263' title='bbox 1168 2212 1241 2276; x_wconf 86' lang='grc' dir='ltr'><strong><em>δέκα</em></strong></span> <span class='ocrx_word' id='word_1_264' title='bbox 1253 2207 1308 2274; x_wconf 89' lang='grc' dir='ltr'><strong><em>αὐ·</em></strong></span> 
     </span>
     <span class='ocr_line' id='line_1_25' title="bbox 62 2289 1310 2380; baseline 0.002 -24"><span class='ocrx_word' id='word_1_265' title='bbox 62 2294 113 2356; x_wconf 79' lang='grc' dir='ltr'><strong><em>ἐπί</em></strong></span> <span class='ocrx_word' id='word_1_266' title='bbox 130 2289 170 2356; x_wconf 80' lang='grc' dir='ltr'><strong><em>τὰ</em></strong></span> <span class='ocrx_word' id='word_1_267' title='bbox 188 2295 319 2380; x_wconf 89' lang='grc' dir='ltr'><strong><em>τέσσαρα</em></strong></span> <span class='ocrx_word' id='word_1_268' title='bbox 334 2297 409 2379; x_wconf 80' lang='grc' dir='ltr'><strong><em>μέρη</em></strong></span> <span class='ocrx_word' id='word_1_269' title='bbox 420 2300 483 2360; x_wconf 78' lang='grc' dir='ltr'><strong><em>τοῖν</em></strong></span> <span class='ocrx_word' id='word_1_270' title='bbox 494 2296 596 2360; x_wconf 79' lang='grc' dir='ltr'><strong><em>ποδῶν</em></strong></span> <span class='ocrx_word' id='word_1_271' title='bbox 614 2293 669 2359; x_wconf 85' lang='grc' dir='ltr'><strong><em>οὐ·</em></strong></span> <span class='ocrx_word' id='word_1_272' title='bbox 702 2297 790 2371; x_wconf 88' lang='grc' dir='ltr'><strong><em>λαίας</em></strong></span> <span class='ocrx_word' id='word_1_273' title='bbox 802 2298 834 2358; x_wconf 75' lang='grc' dir='ltr'><strong><em>ἐκ</em></strong></span> <span class='ocrx_word' id='word_1_274' title='bbox 847 2289 958 2379; x_wconf 84' lang='grc' dir='ltr'><strong><em>βύσσου</em></strong></span> <span class='ocrx_word' id='word_1_275' title='bbox 971 2295 1175 2378; x_wconf 85' lang='grc' dir='ltr'><strong><em>κεκλωσμένης,</em></strong></span> <span class='ocrx_word' id='word_1_276' title='bbox 1190 2296 1242 2359; x_wconf 82' lang='grc' dir='ltr'><strong><em>καί</em></strong></span> <span class='ocrx_word' id='word_1_277' title='bbox 1253 2289 1310 2358; x_wconf 86' lang='grc' dir='ltr'><strong><em>ῦα-</em></strong></span> 
     </span>
     <span class='ocr_line' id='line_1_26' title="bbox 62 2371 1311 2481; baseline 0.002 -43"><span class='ocrx_word' id='word_1_278' title='bbox 62 2379 114 2481; x_wconf 80' lang='grc' dir='ltr'><strong><em>τηῖς</em></strong></span> <span class='ocrx_word' id='word_1_279' title='bbox 127 2371 189 2440; x_wconf 85' lang='grc' dir='ltr'><strong><em>ὐπὸ</em></strong></span> <span class='ocrx_word' id='word_1_280' title='bbox 203 2375 259 2459; x_wconf 83' lang='grc' dir='ltr'><strong><em>τήν</em></strong></span> <span class='ocrx_word' id='word_1_281' title='bbox 271 2376 425 2460; x_wconf 77' lang='grc' dir='ltr'><strong><em>στεφάνην.</em></strong></span> <span class='ocrx_word' id='word_1_282' title='bbox 448 2380 477 2420; x_wconf 80' lang='lat'><strong><em>²⁷</em></strong></span> <span class='ocrx_word' id='word_1_283' title='bbox 491 2380 542 2443; x_wconf 84' lang='grc' dir='ltr'><strong><em>καί</em></strong></span> <span class='ocrx_word' id='word_1_284' title='bbox 554 2380 672 2442; x_wconf 81' lang='grc' dir='ltr'><strong><em>ἔσονται</em></strong></span> <span class='ocrx_word' id='word_1_285' title='bbox 704 2384 822 2452; x_wconf 86' lang='grc' dir='ltr'><strong><em>κίνθου,</em></strong></span> <span class='ocrx_word' id='word_1_286' title='bbox 848 2378 900 2440; x_wconf 78' lang='grc' dir='ltr'><strong><em>καί</em></strong></span> <span class='ocrx_word' id='word_1_287' title='bbox 911 2374 1084 2462; x_wconf 82' lang='grc' dir='ltr'><strong><em>πορφύρας,</em></strong></span> <span class='ocrx_word' id='word_1_288' title='bbox 1108 2379 1160 2442; x_wconf 85' lang='grc' dir='ltr'><strong><em>καί</em></strong></span> <span class='ocrx_word' id='word_1_289' title='bbox 1176 2376 1311 2442; x_wconf 86' lang='grc' dir='ltr'><strong><em>κοκκίνου</em></strong></span> 
     </span>
     <span class='ocr_line' id='line_1_27' title="bbox 63 2454 1311 2562; baseline -0.001 -41"><span class='ocrx_word' id='word_1_290' title='bbox 63 2483 95 2521; x_wconf 89' lang='grc' dir='ltr'><strong><em>οι</em></strong></span> <span class='ocrx_word' id='word_1_291' title='bbox 108 2454 261 2522; x_wconf 73' lang='grc' dir='ltr'><strong><em>δακτύλιοι</em></strong></span> <span class='ocrx_word' id='word_1_292' title='bbox 273 2463 312 2531; x_wconf 81' lang='grc' dir='ltr'><strong><em>είς</em></strong></span> <span class='ocrx_word' id='word_1_293' title='bbox 322 2455 420 2542; x_wconf 88' lang='grc' dir='ltr'><strong><em>θήκας</em></strong></span> <span class='ocrx_word' id='word_1_294' title='bbox 432 2469 495 2533; x_wconf 88' lang='grc' dir='ltr'><strong><em>τοῖς</em></strong></span> <span class='ocrx_word' id='word_1_295' title='bbox 505 2458 672 2562; x_wconf 82' lang='grc' dir='ltr'><strong><em>ἀναφορεῦ-</em></strong></span> <span class='ocrx_word' id='word_1_296' title='bbox 704 2461 901 2537; x_wconf 74' lang='grc' dir='ltr'><strong><em>κεκλασμένου</em></strong></span> <span class='ocrx_word' id='word_1_297' title='bbox 912 2463 1071 2540; x_wconf 83' lang='grc' dir='ltr'><strong><em>Χερουβίμ.</em></strong></span> <span class='ocrx_word' id='word_1_298' title='bbox 1084 2463 1204 2542; x_wconf 77' lang='grc' dir='ltr'><strong><em>ἐργασίᾳ</em></strong></span> <span class='ocrx_word' id='word_1_299' title='bbox 1215 2455 1311 2538; x_wconf 84' lang='grc' dir='ltr'><strong><em>ῦῳύν-</em></strong></span> 
     </span>
     <span class='ocr_line' id='line_1_28' title="bbox 64 2534 1312 2623; baseline -0.001 -20"><span class='ocrx_word' id='word_1_300' title='bbox 64 2554 125 2615; x_wconf 84' lang='grc' dir='ltr'><strong><em>σιν,</em></strong></span> <span class='ocrx_word' id='word_1_301' title='bbox 150 2534 220 2616; x_wconf 74' lang='grc' dir='ltr'><strong><em>ιύςτε</em></strong></span> <span class='ocrx_word' id='word_1_302' title='bbox 234 2541 324 2622; x_wconf 84' lang='grc' dir='ltr'><strong><em>αἴρειν</em></strong></span> <span class='ocrx_word' id='word_1_303' title='bbox 337 2543 368 2604; x_wconf 81' lang='grc' dir='ltr'><strong><em>ἐν</em></strong></span> <span class='ocrx_word' id='word_1_304' title='bbox 383 2540 486 2619; x_wconf 84' lang='grc' dir='ltr'><strong><em>αὐτοῖς</em></strong></span> <span class='ocrx_word' id='word_1_305' title='bbox 498 2539 552 2623; x_wconf 80' lang='grc' dir='ltr'><strong><em>τήν</em></strong></span> <span class='ocrx_word' id='word_1_306' title='bbox 563 2564 674 2622; x_wconf 86' lang='grc' dir='ltr'><strong><em>τραπε-</em></strong></span> <span class='ocrx_word' id='word_1_307' title='bbox 706 2565 760 2603; x_wconf 88' lang='grc' dir='ltr'><strong><em>του</em></strong></span> <span class='ocrx_word' id='word_1_308' title='bbox 777 2535 905 2618; x_wconf 87' lang='grc' dir='ltr'><strong><em>ποιήσεις</em></strong></span> <span class='ocrx_word' id='word_1_309' title='bbox 923 2536 1025 2609; x_wconf 82' lang='grc' dir='ltr'><strong><em>αὐτάς.</em></strong></span> <span class='ocrx_word' id='word_1_310' title='bbox 1056 2542 1173 2617; x_wconf 75' lang='grc' dir='ltr'><strong><em>2μῆκος</em></strong></span> <span class='ocrx_word' id='word_1_311' title='bbox 1189 2545 1240 2620; x_wconf 82' lang='grc' dir='ltr'><strong><em>τής</em></strong></span> <span class='ocrx_word' id='word_1_312' title='bbox 1256 2538 1312 2602; x_wconf 88' lang='grc' dir='ltr'><strong><em>αὐ-</em></strong></span> 
     </span>
     <span class='ocr_line' id='line_1_29' title="bbox 64 2616 1312 2724; baseline -0.002 -38"><span class='ocrx_word' id='word_1_313' title='bbox 64 2625 125 2700; x_wconf 85' lang='grc' dir='ltr'><strong><em>ζαν.</em></strong></span> <span class='ocrx_word' id='word_1_314' title='bbox 146 2623 177 2663; x_wconf 84' lang='lat'><strong><em>²⁸</em></strong></span> <span class='ocrx_word' id='word_1_315' title='bbox 189 2623 241 2685; x_wconf 82' lang='grc' dir='ltr'><strong><em>καὶ</em></strong></span> <span class='ocrx_word' id='word_1_316' title='bbox 252 2617 378 2704; x_wconf 89' lang='grc' dir='ltr'><strong><em>ποιήσεις</em></strong></span> <span class='ocrx_word' id='word_1_317' title='bbox 390 2621 462 2695; x_wconf 84' lang='grc' dir='ltr'><strong><em>τούς</em></strong></span> <span class='ocrx_word' id='word_1_318' title='bbox 474 2621 632 2703; x_wconf 78' lang='grc' dir='ltr'><strong><em>ἀναφορεῖς</em></strong></span> <span class='ocrx_word' id='word_1_319' title='bbox 643 2623 674 2684; x_wconf 82' lang='grc' dir='ltr'><strong><em>ἐκ</em></strong></span> <span class='ocrx_word' id='word_1_320' title='bbox 706 2623 854 2724; x_wconf 47' lang='grc' dir='ltr'><strong><em>λαίαςςτή,1</em></strong></span> <span class='ocrx_word' id='word_1_321' title='bbox 861 2622 929 2699; x_wconf 77' lang='grc' dir='ltr'><strong><em>μιᾶς</em></strong></span> <span class='ocrx_word' id='word_1_322' title='bbox 939 2616 1019 2682; x_wconf 79' lang='grc' dir='ltr'><strong><em>ὀκτώ</em></strong></span> <span class='ocrx_word' id='word_1_323' title='bbox 1029 2621 1079 2682; x_wconf 83' lang='grc' dir='ltr'><strong><em>καί</em></strong></span> <span class='ocrx_word' id='word_1_324' title='bbox 1089 2620 1179 2684; x_wconf 85' lang='grc' dir='ltr'><strong><em>εἴκοσι</em></strong></span> <span class='ocrx_word' id='word_1_325' title='bbox 1188 2616 1312 2723; x_wconf 85' lang='grc' dir='ltr'><strong><em>πήχεων,</em></strong></span> 
     </span>
     <span class='ocr_line' id='line_1_30' title="bbox 62 2698 1314 2789; baseline -0.003 -19"><span class='ocrx_word' id='word_1_326' title='bbox 62 2703 161 2783; x_wconf 85' lang='grc' dir='ltr'><strong><em>ξύλων</em></strong></span> <span class='ocrx_word' id='word_1_327' title='bbox 187 2700 343 2789; x_wconf 84' lang='grc' dir='ltr'><strong><em>ὐσήπτων,</em></strong></span> <span class='ocrx_word' id='word_1_328' title='bbox 369 2706 420 2769; x_wconf 85' lang='grc' dir='ltr'><strong><em>καί</em></strong></span> <span class='ocrx_word' id='word_1_329' title='bbox 442 2701 673 2788; x_wconf 80' lang='grc' dir='ltr'><strong><em>καταχρυσώσας</em></strong></span> <span class='ocrx_word' id='word_1_330' title='bbox 705 2705 756 2769; x_wconf 82' lang='grc' dir='ltr'><strong><em>καί</em></strong></span> <span class='ocrx_word' id='word_1_331' title='bbox 768 2728 853 2788; x_wconf 89' lang='grc' dir='ltr'><strong><em>ιυρος</em></strong></span> <span class='ocrx_word' id='word_1_332' title='bbox 871 2698 1022 2788; x_wconf 88' lang='grc' dir='ltr'><strong><em>τεσσύρων</em></strong></span> <span class='ocrx_word' id='word_1_333' title='bbox 1037 2699 1153 2787; x_wconf 85' lang='grc' dir='ltr'><strong><em>πήχεων</em></strong></span> <span class='ocrx_word' id='word_1_334' title='bbox 1167 2699 1187 2786; x_wconf 76' lang='grc' dir='ltr'><em>ἢ</em></span> <span class='ocrx_word' id='word_1_335' title='bbox 1200 2703 1314 2767; x_wconf 87' lang='grc' dir='ltr'><strong><em>αυλαία</em></strong></span> 
     </span>
     <span class='ocr_line' id='line_1_31' title="bbox 63 2783 1312 2893; baseline -0.003 -39"><span class='ocrx_word' id='word_1_336' title='bbox 63 2786 176 2863; x_wconf 88' lang='grc' dir='ltr'><strong><em>αὐτούς</em></strong></span> <span class='ocrx_word' id='word_1_337' title='bbox 187 2793 297 2893; x_wconf 85' lang='grc' dir='ltr'><strong><em>χρυσίῳ</em></strong></span> <span class='ocrx_word' id='word_1_338' title='bbox 309 2793 441 2873; x_wconf 77' lang='grc' dir='ltr'><strong><em>καθαρῷ</em></strong></span> <span class='ocrx_word' id='word_1_339' title='bbox 445 2839 454 2864; x_wconf 96' lang='grc'><strong><em>,</em></strong></span> <span class='ocrx_word' id='word_1_340' title='bbox 477 2789 529 2869; x_wconf 87' lang='grc' dir='ltr'><strong><em>καί</em></strong></span> <span class='ocrx_word' id='word_1_341' title='bbox 541 2785 672 2873; x_wconf 78' lang='grc' dir='ltr'><strong><em>ἀρθήσε-</em></strong></span> <span class='ocrx_word' id='word_1_342' title='bbox 703 2785 785 2874; x_wconf 79' lang='grc' dir='ltr'><strong><em>ήμία</em></strong></span> <span class='ocrx_word' id='word_1_343' title='bbox 797 2784 890 2852; x_wconf 77' lang='grc' dir='ltr'><strong><em>ἔσται.</em></strong></span> <span class='ocrx_word' id='word_1_344' title='bbox 903 2789 1010 2872; x_wconf 82' lang='grc' dir='ltr'><strong><em>μέτρον</em></strong></span> <span class='ocrx_word' id='word_1_345' title='bbox 1021 2785 1058 2850; x_wconf 88' lang='grc' dir='ltr'><strong><em>τδ</em></strong></span> <span class='ocrx_word' id='word_1_346' title='bbox 1071 2784 1147 2850; x_wconf 85' lang='grc' dir='ltr'><strong><em>αὐτὸ</em></strong></span> <span class='ocrx_word' id='word_1_347' title='bbox 1157 2789 1239 2853; x_wconf 84' lang='grc' dir='ltr'><strong><em>ἔσται</em></strong></span> <span class='ocrx_word' id='word_1_348' title='bbox 1250 2783 1312 2851; x_wconf 87' lang='grc' dir='ltr'><strong><em>πύ-</em></strong></span> 
     </span>
     <span class='ocr_line' id='line_1_32' title="bbox 62 2868 1312 2957; baseline 0 -21"><span class='ocrx_word' id='word_1_349' title='bbox 62 2898 112 2936; x_wconf 87' lang='grc' dir='ltr'><strong><em>ται</em></strong></span> <span class='ocrx_word' id='word_1_350' title='bbox 123 2876 154 2936; x_wconf 80' lang='grc' dir='ltr'><strong><em>έν</em></strong></span> <span class='ocrx_word' id='word_1_351' title='bbox 166 2884 271 2946; x_wconf 88' lang='grc' dir='ltr'><strong><em>αυτοῖς</em></strong></span> <span class='ocrx_word' id='word_1_352' title='bbox 283 2868 301 2954; x_wconf 83' lang='grc' dir='ltr'><strong><em>ή</em></strong></span> <span class='ocrx_word' id='word_1_353' title='bbox 314 2869 453 2957; x_wconf 76' lang='grc' dir='ltr'><strong><em>τράπεζα.</em></strong></span> <span class='ocrx_word' id='word_1_354' title='bbox 477 2873 510 2952; x_wconf 14' lang='grc'><strong><em>29,</em></strong></span> <span class='ocrx_word' id='word_1_355' title='bbox 519 2874 571 2935; x_wconf 85' lang='grc' dir='ltr'><strong><em>καί</em></strong></span> <span class='ocrx_word' id='word_1_356' title='bbox 583 2869 672 2955; x_wconf 88' lang='grc' dir='ltr'><strong><em>ποιή-</em></strong></span> <span class='ocrx_word' id='word_1_357' title='bbox 704 2899 769 2947; x_wconf 91' lang='grc' dir='ltr'><strong><em>σαις</em></strong></span> <span class='ocrx_word' id='word_1_358' title='bbox 782 2883 847 2946; x_wconf 89' lang='grc' dir='ltr'><strong><em>ταῖς</em></strong></span> <span class='ocrx_word' id='word_1_359' title='bbox 860 2868 1006 2949; x_wconf 86' lang='grc' dir='ltr'><strong><em>αὐλαίαις.</em></strong></span> <span class='ocrx_word' id='word_1_360' title='bbox 1025 2871 1130 2935; x_wconf 73' lang='grc' dir='ltr'><strong><em>3πέντε</em></strong></span> <span class='ocrx_word' id='word_1_361' title='bbox 1143 2870 1174 2935; x_wconf 81' lang='grc' dir='ltr'><strong><em>δέ</em></strong></span> <span class='ocrx_word' id='word_1_362' title='bbox 1187 2869 1312 2936; x_wconf 81' lang='grc' dir='ltr'><strong><em>αὐλαῖαι</em></strong></span> 
     </span>
     <span class='ocr_line' id='line_1_33' title="bbox 64 2949 1312 3065; baseline -0.002 -45"><span class='ocrx_word' id='word_1_363' title='bbox 64 2982 119 3031; x_wconf 90' lang='grc' dir='ltr'><strong><em>οεις</em></strong></span> <span class='ocrx_word' id='word_1_364' title='bbox 132 2955 171 3020; x_wconf 79' lang='grc' dir='ltr'><strong><em>τὰ</em></strong></span> <span class='ocrx_word' id='word_1_365' title='bbox 186 2957 311 3065; x_wconf 83' lang='grc' dir='ltr'><strong><em>τρυβλία</em></strong></span> <span class='ocrx_word' id='word_1_366' title='bbox 324 2955 431 3038; x_wconf 73' lang='grc' dir='ltr'><strong><em>αὐτῆς,</em></strong></span> <span class='ocrx_word' id='word_1_367' title='bbox 457 2955 508 3018; x_wconf 84' lang='grc' dir='ltr'><strong><em>καί</em></strong></span> <span class='ocrx_word' id='word_1_368' title='bbox 526 2953 582 3030; x_wconf 86' lang='grc' dir='ltr'><strong><em>τδις</em></strong></span> <span class='ocrx_word' id='word_1_369' title='bbox 599 2957 671 3020; x_wconf 79' lang='grc' dir='ltr'><strong><em>θυί-</em></strong></span> <span class='ocrx_word' id='word_1_370' title='bbox 704 2958 819 3036; x_wconf 78' lang='grc' dir='ltr'><strong><em>ὲσονται</em></strong></span> <span class='ocrx_word' id='word_1_371' title='bbox 839 2957 869 3030; x_wconf 77' lang='grc' dir='ltr'><strong><em>ἐξ</em></strong></span> <span class='ocrx_word' id='word_1_372' title='bbox 888 2949 1023 3036; x_wconf 76' lang='grc' dir='ltr'><strong><em>ἀλλήλων</em></strong></span> <span class='ocrx_word' id='word_1_373' title='bbox 1039 2950 1169 3037; x_wconf 77' lang='grc' dir='ltr'><strong><em>ἐχόμεναι</em></strong></span> <span class='ocrx_word' id='word_1_374' title='bbox 1189 2952 1207 3037; x_wconf 75' lang='grc' dir='ltr'><em>ἢ</em></span> <span class='ocrx_word' id='word_1_375' title='bbox 1224 2957 1312 3038; x_wconf 77' lang='grc' dir='ltr'><strong><em>ἑτέρα</em></strong></span> 
     </span>
     <span class='ocr_line' id='line_1_34' title="bbox 64 3034 1312 3142; baseline -0.004 -38"><span class='ocrx_word' id='word_1_376' title='bbox 64 3065 149 3114; x_wconf 86' lang='grc' dir='ltr'><strong><em>σκας,</em></strong></span> <span class='ocrx_word' id='word_1_377' title='bbox 167 3066 217 3104; x_wconf 90' lang='grc' dir='ltr'><strong><em>και</em></strong></span> <span class='ocrx_word' id='word_1_378' title='bbox 229 3038 268 3119; x_wconf 80' lang='grc' dir='ltr'><strong><em>τὰ</em></strong></span> <span class='ocrx_word' id='word_1_379' title='bbox 282 3041 433 3114; x_wconf 89' lang='grc' dir='ltr'><strong><em>σπονδεῖα,</em></strong></span> <span class='ocrx_word' id='word_1_380' title='bbox 453 3039 503 3102; x_wconf 84' lang='grc' dir='ltr'><strong><em>καί</em></strong></span> <span class='ocrx_word' id='word_1_381' title='bbox 516 3040 591 3113; x_wconf 82' lang='grc' dir='ltr'><strong><em>τοὺς</em></strong></span> <span class='ocrx_word' id='word_1_382' title='bbox 599 3034 672 3102; x_wconf 76' lang='grc' dir='ltr'><strong><em>κυύ·</em></strong></span> <span class='ocrx_word' id='word_1_383' title='bbox 704 3043 736 3103; x_wconf 79' lang='grc' dir='ltr'><strong><em>ἐκ</em></strong></span> <span class='ocrx_word' id='word_1_384' title='bbox 745 3042 799 3122; x_wconf 82' lang='grc' dir='ltr'><strong><em>τής</em></strong></span> <span class='ocrx_word' id='word_1_385' title='bbox 809 3040 920 3142; x_wconf 76' lang='grc' dir='ltr'><strong><em>ἑτέρας.</em></strong></span> <span class='ocrx_word' id='word_1_386' title='bbox 936 3037 987 3101; x_wconf 89' lang='grc' dir='ltr'><strong><em>καί</em></strong></span> <span class='ocrx_word' id='word_1_387' title='bbox 998 3038 1083 3100; x_wconf 83' lang='grc' dir='ltr'><strong><em>πέντε</em></strong></span> <span class='ocrx_word' id='word_1_388' title='bbox 1096 3034 1220 3101; x_wconf 77' lang='grc' dir='ltr'><strong><em>αὐλαῖαι</em></strong></span> <span class='ocrx_word' id='word_1_389' title='bbox 1229 3038 1312 3101; x_wconf 74' lang='grc' dir='ltr'><strong><em>ε”οον-</em></strong></span> 
     </span>
     <span class='ocr_line' id='line_1_35' title="bbox 63 3119 1312 3207; baseline -0.003 -20"><span class='ocrx_word' id='word_1_390' title='bbox 63 3134 149 3199; x_wconf 83' lang='grc' dir='ltr'><strong><em>θους,</em></strong></span> <span class='ocrx_word' id='word_1_391' title='bbox 162 3125 192 3185; x_wconf 87' lang='grc' dir='ltr'><strong><em>έν</em></strong></span> <span class='ocrx_word' id='word_1_392' title='bbox 203 3123 246 3197; x_wconf 89' lang='grc' dir='ltr'><strong><em>οίς</em></strong></span> <span class='ocrx_word' id='word_1_393' title='bbox 259 3128 379 3198; x_wconf 89' lang='grc' dir='ltr'><strong><em>σπείσεις</em></strong></span> <span class='ocrx_word' id='word_1_394' title='bbox 391 3124 422 3184; x_wconf 78' lang='grc' dir='ltr'><strong><em>έν</em></strong></span> <span class='ocrx_word' id='word_1_395' title='bbox 433 3120 545 3196; x_wconf 86' lang='grc' dir='ltr'><strong><em>αὐτοῖς,</em></strong></span> <span class='ocrx_word' id='word_1_396' title='bbox 559 3125 590 3186; x_wconf 84' lang='grc' dir='ltr'><strong><em>έκ</em></strong></span> <span class='ocrx_word' id='word_1_397' title='bbox 602 3148 672 3207; x_wconf 55' lang='grc' dir='ltr'><strong><em>χρυε</em></strong></span> <span class='ocrx_word' id='word_1_398' title='bbox 703 3149 753 3187; x_wconf 89' lang='grc' dir='ltr'><strong><em>ται</em></strong></span> <span class='ocrx_word' id='word_1_399' title='bbox 766 3145 948 3205; x_wconf 80' lang='grc' dir='ltr'><strong><em>συνεχομειαι</em></strong></span> <span class='ocrx_word' id='word_1_400' title='bbox 962 3123 976 3183; x_wconf 81' lang='grc' dir='ltr'><em>ἕ</em></span> <span class='ocrx_word' id='word_1_401' title='bbox 980 3122 1053 3205; x_wconf 83' lang='grc' dir='ltr'><strong><em>τέρα</em></strong></span> <span class='ocrx_word' id='word_1_402' title='bbox 1062 3124 1100 3203; x_wconf 80' lang='grc' dir='ltr'><strong><em>τῆ</em></strong></span> <span class='ocrx_word' id='word_1_403' title='bbox 1112 3122 1209 3206; x_wconf 76' lang='grc' dir='ltr'><strong><em>ἑτέρᾳ.</em></strong></span> <span class='ocrx_word' id='word_1_404' title='bbox 1230 3119 1247 3160; x_wconf 81' lang='lat'>⁴</span> <span class='ocrx_word' id='word_1_405' title='bbox 1261 3121 1312 3184; x_wconf 86' lang='grc' dir='ltr'><strong><em>καί</em></strong></span> 
     </span>
     <span class='ocr_line' id='line_1_36' title="bbox 65 3196 1312 3290; baseline -0.004 -19"><span class='ocrx_word' id='word_1_406' title='bbox 65 3206 130 3271; x_wconf 86' lang='grc' dir='ltr'><strong><em>σίου</em></strong></span> <span class='ocrx_word' id='word_1_407' title='bbox 152 3210 293 3290; x_wconf 83' lang='grc' dir='ltr'><strong><em>καθαροῦ</em></strong></span> <span class='ocrx_word' id='word_1_408' title='bbox 310 3201 438 3289; x_wconf 86' lang='grc' dir='ltr'><strong><em>ποιήσεις</em></strong></span> <span class='ocrx_word' id='word_1_409' title='bbox 455 3200 544 3268; x_wconf 86' lang='grc' dir='ltr'><strong><em>αὐτύ.</em></strong></span> <span class='ocrx_word' id='word_1_410' title='bbox 576 3207 607 3248; x_wconf 85' lang='lat'><strong><em>³⁰</em></strong></span> <span class='ocrx_word' id='word_1_411' title='bbox 621 3204 673 3268; x_wconf 78' lang='grc' dir='ltr'><strong><em>καί</em></strong></span> <span class='ocrx_word' id='word_1_412' title='bbox 703 3202 831 3288; x_wconf 87' lang='grc' dir='ltr'><strong><em>ποιήσεις</em></strong></span> <span class='ocrx_word' id='word_1_413' title='bbox 853 3202 960 3278; x_wconf 89' lang='grc' dir='ltr'><strong><em>αὐταῖς</em></strong></span> <span class='ocrx_word' id='word_1_414' title='bbox 985 3196 1117 3281; x_wconf 76' lang='grc' dir='ltr'><strong><em>ἀγκύλας</em></strong></span> <span class='ocrx_word' id='word_1_415' title='bbox 1141 3200 1312 3278; x_wconf 75' lang='grc' dir='ltr'><strong><em>ὑακινθίνας</em></strong></span> 
     </span>
     <span class='ocr_line' id='line_1_37' title="bbox 65 3285 1311 3375; baseline -0.003 -22"><span class='ocrx_word' id='word_1_416' title='bbox 65 3285 217 3372; x_wconf 76' lang='grc' dir='ltr'><strong><em>ἐπιθήσεις</em></strong></span> <span class='ocrx_word' id='word_1_417' title='bbox 240 3289 291 3353; x_wconf 77' lang='grc' dir='ltr'><strong><em>ἐπί</em></strong></span> <span class='ocrx_word' id='word_1_418' title='bbox 315 3288 370 3372; x_wconf 84' lang='grc' dir='ltr'><strong><em>τήν</em></strong></span> <span class='ocrx_word' id='word_1_419' title='bbox 394 3285 543 3375; x_wconf 76' lang='grc' dir='ltr'><strong><em>τράπεζαν</em></strong></span> <span class='ocrx_word' id='word_1_420' title='bbox 564 3285 673 3372; x_wconf 81' lang='grc' dir='ltr'><strong><em>ύρτους</em></strong></span> <span class='ocrx_word' id='word_1_421' title='bbox 705 3291 754 3351; x_wconf 81' lang='grc' dir='ltr'><strong><em>ἐπί</em></strong></span> <span class='ocrx_word' id='word_1_422' title='bbox 765 3294 822 3352; x_wconf 88' lang='grc' dir='ltr'><strong><em>τοῦ</em></strong></span> <span class='ocrx_word' id='word_1_423' title='bbox 838 3287 947 3370; x_wconf 75' lang='grc' dir='ltr'><strong><em>χειλους</em></strong></span> <span class='ocrx_word' id='word_1_424' title='bbox 959 3291 1012 3370; x_wconf 73' lang='grc' dir='ltr'><strong><em>τῆς</em></strong></span> <span class='ocrx_word' id='word_1_425' title='bbox 1029 3285 1156 3361; x_wconf 82' lang='grc' dir='ltr'><strong><em>αὐλαίας</em></strong></span> <span class='ocrx_word' id='word_1_426' title='bbox 1169 3291 1223 3370; x_wconf 77' lang='grc' dir='ltr'><strong><em>τῆς</em></strong></span> <span class='ocrx_word' id='word_1_427' title='bbox 1233 3289 1311 3367; x_wconf 77' lang='grc' dir='ltr'><strong><em>μιᾶς,</em></strong></span> 
     </span>
     <span class='ocr_line' id='line_1_38' title="bbox 65 3363 1311 3458; baseline -0.004 -22"><span class='ocrx_word' id='word_1_428' title='bbox 65 3375 208 3454; x_wconf 84' lang='grc' dir='ltr'><strong><em>εὐωπίους</em></strong></span> <span class='ocrx_word' id='word_1_429' title='bbox 246 3375 377 3452; x_wconf 73' lang='grc' dir='ltr'><strong><em>ἐναντίον</em></strong></span> <span class='ocrx_word' id='word_1_430' title='bbox 397 3398 470 3458; x_wconf 24' lang='grc' dir='ltr'><strong><em>,μου</em></strong></span> <span class='ocrx_word' id='word_1_431' title='bbox 500 3367 671 3445; x_wconf 85' lang='grc' dir='ltr'><strong><em>διαπαντός.</em></strong></span> <span class='ocrx_word' id='word_1_432' title='bbox 705 3373 737 3433; x_wconf 75' lang='grc' dir='ltr'><strong><em>ἐκ</em></strong></span> <span class='ocrx_word' id='word_1_433' title='bbox 755 3374 810 3433; x_wconf 86' lang='grc' dir='ltr'><strong><em>τοῦ</em></strong></span> <span class='ocrx_word' id='word_1_434' title='bbox 827 3369 890 3442; x_wconf 83' lang='grc' dir='ltr'><strong><em>ένὸς</em></strong></span> <span class='ocrx_word' id='word_1_435' title='bbox 906 3373 1013 3453; x_wconf 84' lang='grc' dir='ltr'><strong><em>μέρους.</em></strong></span> <span class='ocrx_word' id='word_1_436' title='bbox 1028 3374 1066 3442; x_wconf 84' lang='grc' dir='ltr'><strong><em>εἰς</em></strong></span> <span class='ocrx_word' id='word_1_437' title='bbox 1087 3365 1140 3450; x_wconf 87' lang='grc' dir='ltr'><strong><em>τήν</em></strong></span> <span class='ocrx_word' id='word_1_438' title='bbox 1157 3363 1311 3454; x_wconf 87' lang='grc' dir='ltr'><strong><em>συμβολήν.</em></strong></span> 
     </span>
     <span class='ocr_line' id='line_1_39' title="bbox 65 3447 1312 3539; baseline -0.002 -23"><span class='ocrx_word' id='word_1_439' title='bbox 65 3457 94 3496; x_wconf 87' lang='lat'><strong><em>³¹</em></strong></span> <span class='ocrx_word' id='word_1_440' title='bbox 107 3454 158 3516; x_wconf 87' lang='grc' dir='ltr'><strong><em>καί</em></strong></span> <span class='ocrx_word' id='word_1_441' title='bbox 170 3449 297 3537; x_wconf 90' lang='grc' dir='ltr'><strong><em>ποιήσεις</em></strong></span> <span class='ocrx_word' id='word_1_442' title='bbox 315 3455 432 3539; x_wconf 87' lang='grc' dir='ltr'><strong><em>λυχνίαν</em></strong></span> <span class='ocrx_word' id='word_1_443' title='bbox 444 3458 475 3518; x_wconf 78' lang='grc' dir='ltr'><strong><em>ἐκ</em></strong></span> <span class='ocrx_word' id='word_1_444' title='bbox 486 3459 605 3539; x_wconf 91' lang='grc' dir='ltr'><strong><em>χρυσίου</em></strong></span> <span class='ocrx_word' id='word_1_445' title='bbox 617 3481 673 3519; x_wconf 92' lang='grc' dir='ltr'><strong><em>κα-</em></strong></span> <span class='ocrx_word' id='word_1_446' title='bbox 705 3454 756 3516; x_wconf 85' lang='grc' dir='ltr'><strong><em>καί</em></strong></span> <span class='ocrx_word' id='word_1_447' title='bbox 768 3447 850 3517; x_wconf 84' lang='grc' dir='ltr'><strong><em>οὐτω</em></strong></span> <span class='ocrx_word' id='word_1_448' title='bbox 862 3448 989 3526; x_wconf 86' lang='grc' dir='ltr'><strong><em>ποιήσεις</em></strong></span> <span class='ocrx_word' id='word_1_449' title='bbox 1002 3452 1051 3514; x_wconf 82' lang='grc' dir='ltr'><strong><em>ίπί</em></strong></span> <span class='ocrx_word' id='word_1_450' title='bbox 1063 3454 1119 3513; x_wconf 89' lang='grc' dir='ltr'><strong><em>τοῦ</em></strong></span> <span class='ocrx_word' id='word_1_451' title='bbox 1136 3451 1247 3533; x_wconf 82' lang='grc' dir='ltr'><strong><em>χείλους</em></strong></span> <span class='ocrx_word' id='word_1_452' title='bbox 1259 3453 1312 3532; x_wconf 76' lang='grc' dir='ltr'><strong><em>τῆς</em></strong></span> 
     </span>
     <span class='ocr_line' id='line_1_40' title="bbox 65 3530 1311 3623; baseline -0.004 -23"><span class='ocrx_word' id='word_1_453' title='bbox 65 3539 180 3620; x_wconf 81' lang='grc' dir='ltr'><strong><em>θοροῦ,</em></strong></span> <span class='ocrx_word' id='word_1_454' title='bbox 194 3537 331 3623; x_wconf 85' lang='grc' dir='ltr'><strong><em>τορευτήν</em></strong></span> <span class='ocrx_word' id='word_1_455' title='bbox 344 3532 469 3620; x_wconf 87' lang='grc' dir='ltr'><strong><em>ποιήσεις</em></strong></span> <span class='ocrx_word' id='word_1_456' title='bbox 481 3536 534 3621; x_wconf 85' lang='grc' dir='ltr'><strong><em>τήν</em></strong></span> <span class='ocrx_word' id='word_1_457' title='bbox 546 3537 671 3621; x_wconf 87' lang='grc' dir='ltr'><strong><em>λυχνίαν.</em></strong></span> <span class='ocrx_word' id='word_1_458' title='bbox 705 3534 833 3620; x_wconf 79' lang='grc' dir='ltr'><strong><em>αὐλαίας</em></strong></span> <span class='ocrx_word' id='word_1_459' title='bbox 847 3539 897 3617; x_wconf 75' lang='grc' dir='ltr'><strong><em>τῆς</em></strong></span> <span class='ocrx_word' id='word_1_460' title='bbox 909 3535 1053 3615; x_wconf 73' lang='grc' dir='ltr'><strong><em>ἕξωτέρας</em></strong></span> <span class='ocrx_word' id='word_1_461' title='bbox 1064 3530 1139 3616; x_wconf 89' lang='grc' dir='ltr'><strong><em>πρὸς</em></strong></span> <span class='ocrx_word' id='word_1_462' title='bbox 1152 3536 1190 3622; x_wconf 79' lang='grc' dir='ltr'><strong><em>τῇ</em></strong></span> <span class='ocrx_word' id='word_1_463' title='bbox 1202 3536 1311 3615; x_wconf 90' lang='grc' dir='ltr'><strong><em>συμβο-</em></strong></span> 
     </span>
     <span class='ocr_line' id='line_1_41' title="bbox 66 3609 1312 3704; baseline -0.006 -20"><span class='ocrx_word' id='word_1_464' title='bbox 66 3616 85 3684; x_wconf 81' lang='grc' dir='ltr'><em>ὃ</em></span> <span class='ocrx_word' id='word_1_465' title='bbox 111 3619 220 3694; x_wconf 86' lang='grc' dir='ltr'><strong><em>καυλὸς</em></strong></span> <span class='ocrx_word' id='word_1_466' title='bbox 246 3616 351 3704; x_wconf 73' lang='grc' dir='ltr'><strong><em>αὐτῆς,</em></strong></span> <span class='ocrx_word' id='word_1_467' title='bbox 376 3622 427 3684; x_wconf 89' lang='grc' dir='ltr'><strong><em>καί</em></strong></span> <span class='ocrx_word' id='word_1_468' title='bbox 443 3623 474 3698; x_wconf 86' lang='grc' dir='ltr'><strong><em>σί</em></strong></span> <span class='ocrx_word' id='word_1_469' title='bbox 490 3621 675 3703; x_wconf 85' lang='grc' dir='ltr'><strong><em>καλαμίσκοι,</em></strong></span> <span class='ocrx_word' id='word_1_470' title='bbox 705 3619 742 3702; x_wconf 83' lang='grc' dir='ltr'><strong><em>λῆ</em></strong></span> <span class='ocrx_word' id='word_1_471' title='bbox 754 3623 793 3703; x_wconf 80' lang='grc' dir='ltr'><strong><em>τῆ</em></strong></span> <span class='ocrx_word' id='word_1_472' title='bbox 805 3620 934 3702; x_wconf 81' lang='grc' dir='ltr'><strong><em>δευτέρᾳ.</em></strong></span> <span class='ocrx_word' id='word_1_473' title='bbox 961 3609 1168 3699; x_wconf 69' lang='grc' dir='ltr'><strong><em>6πεντήκοντα</em></strong></span> <span class='ocrx_word' id='word_1_474' title='bbox 1180 3611 1312 3691; x_wconf 80' lang='grc' dir='ltr'><strong><em>ιἰγκύλας</em></strong></span> 
     </span>
     <span class='ocr_line' id='line_1_42' title="bbox 66 3693 1311 3802; baseline -0.005 -35"><span class='ocrx_word' id='word_1_475' title='bbox 66 3704 118 3767; x_wconf 84' lang='grc' dir='ltr'><strong><em>καί</em></strong></span> <span class='ocrx_word' id='word_1_476' title='bbox 135 3706 165 3767; x_wconf 84' lang='grc' dir='ltr'><strong><em>οἶ</em></strong></span> <span class='ocrx_word' id='word_1_477' title='bbox 182 3707 336 3788; x_wconf 74' lang='grc' dir='ltr'><strong><em>κρατῆρες,</em></strong></span> <span class='ocrx_word' id='word_1_478' title='bbox 360 3705 410 3767; x_wconf 83' lang='grc' dir='ltr'><strong><em>καί</em></strong></span> <span class='ocrx_word' id='word_1_479' title='bbox 423 3706 454 3767; x_wconf 81' lang='grc' dir='ltr'><strong><em>οῖ</em></strong></span> <span class='ocrx_word' id='word_1_480' title='bbox 466 3707 674 3788; x_wconf 80' lang='grc' dir='ltr'><strong><em>σῳαιρωτήρες,</em></strong></span> <span class='ocrx_word' id='word_1_481' title='bbox 705 3693 831 3785; x_wconf 78' lang='grc' dir='ltr'><strong><em>ποιήσεις</em></strong></span> <span class='ocrx_word' id='word_1_482' title='bbox 849 3705 887 3794; x_wconf 74' lang='grc' dir='ltr'><strong><em>τῇ</em></strong></span> <span class='ocrx_word' id='word_1_483' title='bbox 904 3698 1017 3784; x_wconf 86' lang='grc' dir='ltr'><strong><em>αὐλαίᾳ</em></strong></span> <span class='ocrx_word' id='word_1_484' title='bbox 1030 3701 1068 3802; x_wconf 73' lang='grc' dir='ltr'><strong><em>τή</em></strong></span> <span class='ocrx_word' id='word_1_485' title='bbox 1084 3695 1153 3782; x_wconf 68' lang='grc' dir='ltr'><strong><em>μιᾷ,</em></strong></span> <span class='ocrx_word' id='word_1_486' title='bbox 1181 3696 1232 3763; x_wconf 88' lang='grc' dir='ltr'><strong><em>καί</em></strong></span> <span class='ocrx_word' id='word_1_487' title='bbox 1243 3721 1311 3761; x_wconf 50' lang='grc' dir='ltr'><strong><em>πεν*</em></strong></span> 
     </span>
     <span class='ocr_line' id='line_1_43' title="bbox 66 3780 1307 3870; baseline -0.002 -22"><span class='ocrx_word' id='word_1_488' title='bbox 66 3787 117 3868; x_wconf 80' lang='grc' dir='ltr'><strong><em>καί</em></strong></span> <span class='ocrx_word' id='word_1_489' title='bbox 130 3781 264 3870; x_wconf 85' lang='grc' dir='ltr'><strong><em>τύικρίνα</em></strong></span> <span class='ocrx_word' id='word_1_490' title='bbox 277 3784 408 3869; x_wconf 79' lang='grc' dir='ltr'><strong><em>ἰξαύτής</em></strong></span> <span class='ocrx_word' id='word_1_491' title='bbox 427 3788 519 3850; x_wconf 78' lang='grc' dir='ltr'><strong><em>ἔσται.</em></strong></span> <span class='ocrx_word' id='word_1_492' title='bbox 557 3783 675 3860; x_wconf 63' lang='grc' dir='ltr'><strong><em>32έξδὲ</em></strong></span> <span class='ocrx_word' id='word_1_493' title='bbox 705 3781 833 3867; x_wconf 88' lang='grc' dir='ltr'><strong><em>τήκοντα</em></strong></span> <span class='ocrx_word' id='word_1_494' title='bbox 850 3780 979 3862; x_wconf 78' lang='grc' dir='ltr'><strong><em>ἀγκύλας</em></strong></span> <span class='ocrx_word' id='word_1_495' title='bbox 995 3808 1122 3866; x_wconf 81' lang='grc' dir='ltr'><strong><em>ποιήσεις</em></strong></span> <span class='ocrx_word' id='word_1_496' title='bbox 1141 3786 1173 3846; x_wconf 83' lang='grc' dir='ltr'><strong><em>έκ</em></strong></span> <span class='ocrx_word' id='word_1_497' title='bbox 1190 3785 1247 3846; x_wconf 87' lang='grc' dir='ltr'><strong><em>τοῦ</em></strong></span> <span class='ocrx_word' id='word_1_498' title='bbox 1258 3783 1307 3863; x_wconf 85' lang='grc' dir='ltr'><strong><em>με’</em></strong></span> 
     </span>
     <span class='ocr_line' id='line_1_44' title="bbox 68 3864 1311 3968; baseline -0.005 -34"><span class='ocrx_word' id='word_1_499' title='bbox 68 3869 245 3951; x_wconf 88' lang='grc' dir='ltr'><strong><em>καλαμίσκοι</em></strong></span> <span class='ocrx_word' id='word_1_500' title='bbox 258 3867 477 3954; x_wconf 71' lang='grc' dir='ltr'><strong><em>ἐκπορευόμενοι</em></strong></span> <span class='ocrx_word' id='word_1_501' title='bbox 487 3872 519 3934; x_wconf 73' lang='grc' dir='ltr'><strong><em>ἐκ</em></strong></span> <span class='ocrx_word' id='word_1_502' title='bbox 529 3867 674 3946; x_wconf 85' lang='grc' dir='ltr'><strong><em>πλαγίων,</em></strong></span> <span class='ocrx_word' id='word_1_503' title='bbox 706 3893 776 3953; x_wconf 89' lang='grc' dir='ltr'><strong><em>ρους</em></strong></span> <span class='ocrx_word' id='word_1_504' title='bbox 794 3871 846 3951; x_wconf 77' lang='grc' dir='ltr'><strong><em>τῆς</em></strong></span> <span class='ocrx_word' id='word_1_505' title='bbox 862 3864 988 3941; x_wconf 88' lang='grc' dir='ltr'><strong><em>αὐλαίας</em></strong></span> <span class='ocrx_word' id='word_1_506' title='bbox 1007 3866 1084 3930; x_wconf 82' lang='grc' dir='ltr'><strong><em>κατὰ</em></strong></span> <span class='ocrx_word' id='word_1_507' title='bbox 1101 3865 1155 3949; x_wconf 84' lang='grc' dir='ltr'><strong><em>τήν</em></strong></span> <span class='ocrx_word' id='word_1_508' title='bbox 1168 3865 1311 3968; x_wconf 82' lang='grc' dir='ltr'><strong><em>συμβολήν</em></strong></span> 
     </span>
     <span class='ocr_line' id='line_1_45' title="bbox 67 3945 1311 4037; baseline -0.004 -20"><span class='ocrx_word' id='word_1_509' title='bbox 67 3978 87 4017; x_wconf 91' lang='grc' dir='ltr'><strong><em>τ</em></strong></span> <span class='ocrx_word' id='word_1_510' title='bbox 105 3957 145 4027; x_wconf 80' lang='grc' dir='ltr'><strong><em>είς</em></strong></span> <span class='ocrx_word' id='word_1_511' title='bbox 169 3947 345 4033; x_wconf 87' lang='grc' dir='ltr'><strong><em>καλαμίσκοι</em></strong></span> <span class='ocrx_word' id='word_1_512' title='bbox 362 3957 414 4037; x_wconf 86' lang='grc' dir='ltr'><strong><em>τής</em></strong></span> <span class='ocrx_word' id='word_1_513' title='bbox 432 3953 547 4037; x_wconf 89' lang='grc' dir='ltr'><strong><em>λυχνίας</em></strong></span> <span class='ocrx_word' id='word_1_514' title='bbox 569 3955 600 4016; x_wconf 77' lang='grc' dir='ltr'><strong><em>ἐκ</em></strong></span> <span class='ocrx_word' id='word_1_515' title='bbox 618 3956 676 4016; x_wconf 85' lang='grc' dir='ltr'><strong><em>τοῦ</em></strong></span> <span class='ocrx_word' id='word_1_516' title='bbox 706 3954 757 4033; x_wconf 74' lang='grc' dir='ltr'><strong><em>τῆς</em></strong></span> <span class='ocrx_word' id='word_1_517' title='bbox 781 3951 931 4029; x_wconf 83' lang='grc' dir='ltr'><strong><em>δευτέρας,</em></strong></span> <span class='ocrx_word' id='word_1_518' title='bbox 958 3945 1176 4032; x_wconf 83' lang='grc' dir='ltr'><strong><em>ἀντιπρόςισπσι</em></strong></span> <span class='ocrx_word' id='word_1_519' title='bbox 1194 3950 1311 4013; x_wconf 85' lang='grc' dir='ltr'><strong><em>αντιπί·</em></strong></span> 
     </span>
     <span class='ocr_line' id='line_1_46' title="bbox 67 3979 1311 4128; baseline -0.004 -29"><span class='ocrx_word' id='word_1_520' title='bbox 67 3979 184 4110; x_wconf 80' lang='grc' dir='ltr'><strong><em>κλίτσυς</em></strong></span> <span class='ocrx_word' id='word_1_521' title='bbox 196 4040 254 4099; x_wconf 84' lang='grc' dir='ltr'><strong><em>τοῦ</em></strong></span> <span class='ocrx_word' id='word_1_522' title='bbox 266 4029 333 4110; x_wconf 79' lang='grc' dir='ltr'><strong><em>ἕνδς</em></strong></span> <span class='ocrx_word' id='word_1_523' title='bbox 348 4033 448 4120; x_wconf 86' lang='grc' dir='ltr'><strong><em>αὐτής.</em></strong></span> <span class='ocrx_word' id='word_1_524' title='bbox 469 4038 520 4100; x_wconf 81' lang='grc' dir='ltr'><strong><em>καί</em></strong></span> <span class='ocrx_word' id='word_1_525' title='bbox 531 4047 606 4122; x_wconf 85' lang='grc' dir='ltr'><strong><em>τρεῖς</em></strong></span> <span class='ocrx_word' id='word_1_526' title='bbox 619 4062 675 4099; x_wconf 90' lang='grc' dir='ltr'><strong><em>κα-</em></strong></span> <span class='ocrx_word' id='word_1_527' title='bbox 705 4059 833 4098; x_wconf 89' lang='grc' dir='ltr'><strong><em>πτουσαι</em></strong></span> <span class='ocrx_word' id='word_1_528' title='bbox 853 4029 994 4115; x_wconf 81' lang='grc' dir='ltr'><strong><em>ἀλλήλαις</em></strong></span> <span class='ocrx_word' id='word_1_529' title='bbox 1011 4035 1049 4105; x_wconf 78' lang='grc' dir='ltr'><strong><em>εἰς</em></strong></span> <span class='ocrx_word' id='word_1_530' title='bbox 1065 4028 1198 4128; x_wconf 71' lang='grc' dir='ltr'><strong><em>Ιἑκύοτην.</em></strong></span> <span class='ocrx_word' id='word_1_531' title='bbox 1230 4030 1311 4096; x_wconf 67' lang='grc' dir='ltr'><strong><em>6καί</em></strong></span> 
     </span>
     <span class='ocr_line' id='line_1_47' title="bbox 67 4115 1309 4202; baseline -0.004 -17"><span class='ocrx_word' id='word_1_532' title='bbox 67 4121 202 4201; x_wconf 88' lang='grc' dir='ltr'><strong><em>λαμίσκοι</em></strong></span> <span class='ocrx_word' id='word_1_533' title='bbox 229 4122 280 4201; x_wconf 78' lang='grc' dir='ltr'><strong><em>τῆς</em></strong></span> <span class='ocrx_word' id='word_1_534' title='bbox 301 4120 417 4201; x_wconf 91' lang='grc' dir='ltr'><strong><em>λυχνίας</em></strong></span> <span class='ocrx_word' id='word_1_535' title='bbox 435 4123 467 4183; x_wconf 80' lang='grc' dir='ltr'><strong><em>ἐκ</em></strong></span> <span class='ocrx_word' id='word_1_536' title='bbox 484 4123 542 4183; x_wconf 86' lang='grc' dir='ltr'><strong><em>τοῦ</em></strong></span> <span class='ocrx_word' id='word_1_537' title='bbox 560 4120 675 4193; x_wconf 90' lang='grc' dir='ltr'><strong><em>κλίτσυς</em></strong></span> <span class='ocrx_word' id='word_1_538' title='bbox 705 4115 835 4201; x_wconf 89' lang='grc' dir='ltr'><strong><em>ποιήσεις</em></strong></span> <span class='ocrx_word' id='word_1_539' title='bbox 853 4121 968 4201; x_wconf 90' lang='grc' dir='ltr'><strong><em>κρίκους</em></strong></span> <span class='ocrx_word' id='word_1_540' title='bbox 984 4139 1163 4197; x_wconf 79' lang='grc' dir='ltr'><strong><em>πεντήκοντα</em></strong></span> <span class='ocrx_word' id='word_1_541' title='bbox 1174 4116 1309 4202; x_wconf 78' lang='grc' dir='ltr'><strong><em>χρυσοῦς.</em></strong></span> 
     </span>
     <span class='ocr_line' id='line_1_48' title="bbox 67 4196 1311 4302; baseline -0.004 -36"><span class='ocrx_word' id='word_1_542' title='bbox 67 4204 123 4268; x_wconf 86' lang='grc' dir='ltr'><strong><em>τοῦ</em></strong></span> <span class='ocrx_word' id='word_1_543' title='bbox 139 4202 284 4289; x_wconf 84' lang='grc' dir='ltr'><strong><em>δευτέρου.</em></strong></span> <span class='ocrx_word' id='word_1_544' title='bbox 323 4203 352 4244; x_wconf 80' lang='lat'><strong><em>³³</em></strong></span> <span class='ocrx_word' id='word_1_545' title='bbox 364 4205 415 4266; x_wconf 87' lang='grc' dir='ltr'><strong><em>καί</em></strong></span> <span class='ocrx_word' id='word_1_546' title='bbox 435 4214 516 4288; x_wconf 82' lang='grc' dir='ltr'><strong><em>τρεῖς</em></strong></span> <span class='ocrx_word' id='word_1_547' title='bbox 535 4196 675 4289; x_wconf 85' lang='grc' dir='ltr'><strong><em>κρατήρες</em></strong></span> <span class='ocrx_word' id='word_1_548' title='bbox 706 4203 757 4265; x_wconf 84' lang='grc' dir='ltr'><strong><em>καὶ</em></strong></span> <span class='ocrx_word' id='word_1_549' title='bbox 774 4197 910 4283; x_wconf 78' lang='grc' dir='ltr'><strong><em>συνάψεις</em></strong></span> <span class='ocrx_word' id='word_1_550' title='bbox 929 4199 983 4274; x_wconf 84' lang='grc' dir='ltr'><strong><em>τύς</em></strong></span> <span class='ocrx_word' id='word_1_551' title='bbox 1002 4197 1129 4274; x_wconf 87' lang='grc' dir='ltr'><strong><em>αὐλαίας</em></strong></span> <span class='ocrx_word' id='word_1_552' title='bbox 1147 4201 1251 4302; x_wconf 78' lang='grc' dir='ltr'><strong><em>ἑτέραν</em></strong></span> <span class='ocrx_word' id='word_1_553' title='bbox 1272 4200 1311 4302; x_wconf 70' lang='grc' dir='ltr'><strong><em>τῇ</em></strong></span> 
     </span>
     <span class='ocr_line' id='line_1_49' title="bbox 68 4284 1309 4370; baseline -0.006 -20"><span class='ocrx_word' id='word_1_554' title='bbox 68 4288 295 4370; x_wconf 80' lang='grc' dir='ltr'><strong><em>ἐκτετυπωμένοι</em></strong></span> <span class='ocrx_word' id='word_1_555' title='bbox 313 4287 499 4369; x_wconf 81' lang='grc' dir='ltr'><strong><em>καρυίσκους.</em></strong></span> <span class='ocrx_word' id='word_1_556' title='bbox 524 4289 555 4350; x_wconf 82' lang='grc' dir='ltr'><strong><em>έν</em></strong></span> <span class='ocrx_word' id='word_1_557' title='bbox 571 4290 615 4369; x_wconf 80' lang='grc' dir='ltr'><strong><em>τῷ</em></strong></span> <span class='ocrx_word' id='word_1_558' title='bbox 633 4287 675 4349; x_wconf 77' lang='grc' dir='ltr'><strong><em>ἐνί</em></strong></span> <span class='ocrx_word' id='word_1_559' title='bbox 706 4286 792 4370; x_wconf 80' lang='grc' dir='ltr'><strong><em>ἑτέρᾳ</em></strong></span> <span class='ocrx_word' id='word_1_560' title='bbox 805 4296 868 4359; x_wconf 85' lang='grc' dir='ltr'><strong><em>τοῖς</em></strong></span> <span class='ocrx_word' id='word_1_561' title='bbox 885 4289 1001 4369; x_wconf 87' lang='grc' dir='ltr'><strong><em>κρίκοις.</em></strong></span> <span class='ocrx_word' id='word_1_562' title='bbox 1028 4284 1079 4346; x_wconf 85' lang='grc' dir='ltr'><strong><em>καί</em></strong></span> <span class='ocrx_word' id='word_1_563' title='bbox 1089 4285 1171 4346; x_wconf 77' lang='grc' dir='ltr'><strong><em>ἔσται</em></strong></span> <span class='ocrx_word' id='word_1_564' title='bbox 1187 4305 1309 4365; x_wconf 87' lang='grc' dir='ltr'><strong><em>ησκηνη</em></strong></span> 
     </span>
     <span class='ocr_line' id='line_1_50' title="bbox 66 4363 1311 4455; baseline -0.006 -22"><span class='ocrx_word' id='word_1_565' title='bbox 66 4370 237 4453; x_wconf 84' lang='grc' dir='ltr'><strong><em>καλαμίοκῳ</em></strong></span> <span class='ocrx_word' id='word_1_566' title='bbox 252 4368 423 4455; x_wconf 84' lang='grc' dir='ltr'><strong><em>σφαιρωτήρ</em></strong></span> <span class='ocrx_word' id='word_1_567' title='bbox 436 4371 487 4433; x_wconf 87' lang='grc' dir='ltr'><strong><em>καί</em></strong></span> <span class='ocrx_word' id='word_1_568' title='bbox 500 4375 605 4452; x_wconf 87' lang='grc' dir='ltr'><strong><em>κρίνον.</em></strong></span> <span class='ocrx_word' id='word_1_569' title='bbox 622 4363 675 4432; x_wconf 83' lang='grc' dir='ltr'><strong><em>οὐ·</em></strong></span> <span class='ocrx_word' id='word_1_570' title='bbox 704 4373 766 4448; x_wconf 89' lang='grc' dir='ltr'><strong><em>μία.</em></strong></span> <span class='ocrx_word' id='word_1_571' title='bbox 806 4370 882 4431; x_wconf 79' lang='grc' dir='ltr'><strong><em>7καί</em></strong></span> <span class='ocrx_word' id='word_1_572' title='bbox 907 4364 1034 4450; x_wconf 87' lang='grc' dir='ltr'><strong><em>ποιήσεις</em></strong></span> <span class='ocrx_word' id='word_1_573' title='bbox 1061 4365 1166 4447; x_wconf 81' lang='grc' dir='ltr'><strong><em>δέβρεις</em></strong></span> <span class='ocrx_word' id='word_1_574' title='bbox 1184 4371 1311 4449; x_wconf 88' lang='grc' dir='ltr'><strong><em>τριχίνας</em></strong></span> 
     </span>
     <span class='ocr_line' id='line_1_51' title="bbox 66 4446 1311 4537; baseline -0.005 -23"><span class='ocrx_word' id='word_1_575' title='bbox 66 4477 113 4516; x_wconf 82' lang='grc' dir='ltr'><strong><em>τεο</em></strong></span> <span class='ocrx_word' id='word_1_576' title='bbox 124 4464 187 4527; x_wconf 89' lang='grc' dir='ltr'><strong><em>τοῖς</em></strong></span> <span class='ocrx_word' id='word_1_577' title='bbox 200 4455 231 4530; x_wconf 71' lang='grc' dir='ltr'><strong><em>ἔξ</em></strong></span> <span class='ocrx_word' id='word_1_578' title='bbox 244 4453 431 4535; x_wconf 85' lang='grc' dir='ltr'><strong><em>καλαμίσκσις</em></strong></span> <span class='ocrx_word' id='word_1_579' title='bbox 443 4463 506 4525; x_wconf 88' lang='grc' dir='ltr'><strong><em>τοῖς</em></strong></span> <span class='ocrx_word' id='word_1_580' title='bbox 517 4455 674 4537; x_wconf 81' lang='grc' dir='ltr'><strong><em>έκπορευο-</em></strong></span> <span class='ocrx_word' id='word_1_581' title='bbox 706 4451 816 4532; x_wconf 87' lang='grc' dir='ltr'><strong><em>σκέπην</em></strong></span> <span class='ocrx_word' id='word_1_582' title='bbox 828 4451 877 4514; x_wconf 81' lang='grc' dir='ltr'><strong><em>έπί</em></strong></span> <span class='ocrx_word' id='word_1_583' title='bbox 889 4454 941 4533; x_wconf 86' lang='grc' dir='ltr'><strong><em>τής</em></strong></span> <span class='ocrx_word' id='word_1_584' title='bbox 954 4450 1072 4529; x_wconf 76' lang='grc' dir='ltr'><strong><em>σκηνῆς,</em></strong></span> <span class='ocrx_word' id='word_1_585' title='bbox 1096 4446 1194 4534; x_wconf 62' lang='grc' dir='ltr'><strong><em>ἕνδεκα</em></strong></span> <span class='ocrx_word' id='word_1_586' title='bbox 1207 4447 1311 4527; x_wconf 72' lang='grc' dir='ltr'><strong><em>δέρρεις</em></strong></span> 
     </span>
     <span class='ocr_line' id='line_1_52' title="bbox 63 4523 1311 4686; baseline -0.012 -86"><span class='ocrx_word' id='word_1_587' title='bbox 63 4538 160 4618; x_wconf 83' lang='grc' dir='ltr'><strong><em>μένοις</em></strong></span> <span class='ocrx_word' id='word_1_588' title='bbox 173 4538 204 4599; x_wconf 76' lang='grc' dir='ltr'><strong><em>ἐκ</em></strong></span> <span class='ocrx_word' id='word_1_589' title='bbox 216 4536 270 4618; x_wconf 73' lang='grc' dir='ltr'><strong><em>’τ’ής</em></strong></span> <span class='ocrx_word' id='word_1_590' title='bbox 282 4535 407 4618; x_wconf 86' lang='grc' dir='ltr'><strong><em>λυχνίας.</em></strong></span> <span class='ocrx_word' id='word_1_591' title='bbox 420 4535 471 4597; x_wconf 87' lang='grc' dir='ltr'><strong><em>καί</em></strong></span> <span class='ocrx_word' id='word_1_592' title='bbox 480 4537 511 4597; x_wconf 81' lang='grc' dir='ltr'><strong><em>έν</em></strong></span> <span class='ocrx_word' id='word_1_593' title='bbox 524 4538 561 4626; x_wconf 79' lang='grc' dir='ltr'><strong><em>τῇ</em></strong></span> <span class='ocrx_word' id='word_1_594' title='bbox 573 4535 674 4619; x_wconf 90' lang='grc' dir='ltr'><strong><em>λυχνίᾳ</em></strong></span> <span class='ocrx_word' id='word_1_595' title='bbox 705 4529 832 4615; x_wconf 89' lang='grc' dir='ltr'><strong><em>ποιήσεις</em></strong></span> <span class='ocrx_word' id='word_1_596' title='bbox 851 4529 954 4679; x_wconf 62' lang='grc' dir='ltr'><strong><em>οχύτοίς.</em></strong></span> <span class='ocrx_word' id='word_1_597' title='bbox 987 4526 1052 4590; x_wconf 65' lang='grc' dir='ltr'><strong><em>1’τὸ</em></strong></span> <span class='ocrx_word' id='word_1_598' title='bbox 1068 4546 1159 4607; x_wconf 72' lang='grc' dir='ltr'><strong><em>μηκας</em></strong></span> <span class='ocrx_word' id='word_1_599' title='bbox 1175 4530 1228 4606; x_wconf 78' lang='grc' dir='ltr'><strong><em>τῆς</em></strong></span> <span class='ocrx_word' id='word_1_600' title='bbox 1239 4523 1311 4686; x_wconf 66' lang='grc' dir='ltr'><strong><em>εβέβ-</em></strong></span> 
     </span>
     <span class='ocr_line' id='line_1_53' title="bbox 1259 4627 1310 4675; baseline 0 0"><span class='ocrx_word' id='word_1_601' title='bbox 1259 4627 1310 4675; x_wconf 64' lang='grc' dir='ltr'><strong><em>ίωύ</em></strong></span> 
     </span>
    </p>
   </div>
   <div class='ocr_carea' id='block_1_3' title="bbox 0 0 1473 4972">
    <p class='ocr_par' dir='ltr' id='par_1_3' title="bbox 0 0 1473 4972">
     <span class='ocr_line' id='line_1_54' title="bbox 0 0 1473 4972; baseline 0 0"><span class='ocrx_word' id='word_1_602' title='bbox 0 0 1473 4972; x_wconf 95' lang='lat' dir='ltr'><strong><em> </em></strong></span> 
     </span>
    </p>
   </div>
  </div>
 </body>
</html>
