2924 4972
801 46 888 123 τί..

804 120 816 149 δ

271 216 566 283 ΒΑΣιΛιιιτιΝ
588 215 823 281 mmm
865 222 941 296 Κεφ.
956 215 991 300 η’.
1004 211 1090 319 οζρ.
1104 222 1135 319 ο.
1148 220 1325 322 *2⁸³

75 308 221 416 W
214 332 270 393 τοῦ
281 332 358 394 θεοῦ
370 332 426 402 ἕως
439 319 505 392 ῶδε.
524 327 596 391 8ιιαί
608 325 685 390 εἶπεν
716 352 779 413 ριος
792 329 966 413 διαφθεῖραι
974 326 1028 393 τὸν
1038 326 1156 396 Ἰούδαν
1168 329 1218 395 διά
1229 314 1327 397 Δαυίδ

76 410 94 476 ὁ
110 408 244 501 βασιλεύς
268 408 345 497 πρὸς
362 406 434 487 Ἀζα
444 407 481 473 ’λ
506 405 546 474 λά
566 435 579 474 ε
597 413 628 474 ἐν
646 414 683 502 τῇ
717 407 770 477 τὸν
782 410 889 476 δούλαν
902 409 1014 488 αύτοῦ,
1031 410 1134 488 καθῶς
1148 410 1210 479 είτιε
1222 415 1326 480 δοῦναι

75 501 149 583 χειρί
161 522 217 561 σου
227 492 346 579 μαναά,
369 496 421 559 καί
432 438 519 580 δεῦρο
532 518 545 557 ε
584 490 683 557 άπαν-
716 491 801 577 αύτῷ
814 490 920 579 λύχνον
933 496 985 559 καί
998 507 1062 570 τοῖς
1074 499 1149 572 υίοῐς
1158 494 1253 563 αύτοῡ
1262 494 1325 564 πά-

76 580 194 682 τηντού
206 575 375 664 άνθριύπου
388 581 442 643 τοῦ
454 580 541 652 θεοῦ,
554 577 682 641 καίέπι-
716 602 771 653 σας
795 574 850 653 τάς
873 574 989 663 ἡμέρας.
1030 581 1061 621 222
1074 583 1104 643 ἐν
1123 591 1188 655 ταῖς
1205 575 1326 681 ίημίραις

77 665 201 767 ζητηοον
210 660 265 726 τὸν
276 657 379 746 κύριον
389 657 460 746 παρ’
472 657 570 725 αὐτοῦ
578 659 682 737 λέγων,
716 658 812 725 αύτοῡ
838 659 983 744 ηθίτησεν
998 658 1099 742 Ἐδῶμ
1126 659 1325 729 ύποκατοιθεν

75 751 100 811 εί
111 749 235 830 ζησομαι
248 748 281 810 ἐκ
293 749 346 831 τῆς
357 741 525 830 ἀρρωστίας
537 768 596 827 μου
609 738 683 807 ταύ-
714 740 808 828 χιιρύς
817 737 929 820 Ἰούδα,
940 745 991 808 καί
1000 743 1189 831 ἐβασίλευσαν
1198 744 1243 827 ἐφ’
1254 748 1326 811 ίαυ·

74 856 141 934 της,Ι
157 824 380 915 2καίίπορεύθ
411 822 521 911 Ἀζαίχλ
533 830 572 901 είς
585 823 684 891 άπαν-
715 823 769 890 τύν
784 825 920 913 βασιλέα.
946 829 973 868 22
985 829 1037 892 καί
1056 824 1145 914 άνεβη
1159 827 1272 915 Ἰωράμ
1285 832 1326 903 είς

74 939 129 996 την
154 911 265 989 αὐτοῦ,
290 913 342 977 καί
366 854 457 1013 ἔλαβε
475 906 576 993 μαναά
594 912 627 974 ίν
645 914 681 972 τ’
714 908 814 995 Σιῶρ,
838 911 890 975 καί
906 905 1007 974 πάντα
1025 908 1065 974 τά
1078 908 1198 995 άρματα
1210 911 1249 978 τά
1261 909 1320 995 μετ’

72 998 145 1082 χειρί
171 993 283 1071 αύτού,
309 996 361 1059 καί
384 1019 485 1061 ποντα
510 991 550 1058 τά
575 989 681 1070 άγοιθα
714 990 820 1058 αὐτοῦ.
833 994 884 1057 καί
897 993 1010 1071 ἐγένετο
1023 990 1323 1072 αύτοῦάναοτάντος,

73 1083 248 1164 Δαμασκοῦ,
261 1077 348 1164 άρσιν
359 1072 580 1163 τεσσαράκοντα
588 1071 682 1158 καμή-
714 1078 766 1141 ιιαί
790 1070 922 1151 ἐπάταξε
940 1071 993 1141 τὸν
1013 1072 1113 1160 Ἐδῶμ
1135 1075 1188 1143 τὸν
1205 1074 1323 1144 κυκλῶ-

74 1163 151 1240 λων,
175 1164 227 1228 καί
249 1151 321 1227 ’λθε
339 1163 390 1226 καί
402 1163 473 1245 ἔστη
487 1153 614 1224 ἐνῶπιον
626 1155 684 1222 αύ-
715 1182 811 1224 σαντα
826 1157 871 1223 ἐπ’
888 1155 998 1232 αὐτὸν,
1023 1160 1074 1223 καί
1091 1158 1162 1234 τούς
1178 1158 1323 1245 άρχοντας

74 1250 146 1321 τοῦ,
168 1248 220 1309 καί
229 1190 290 1309 είύιε
301 1240 378 1327 πρὸς
385 1239 526 1309 Ἕλιοαιί.
551 1236 615 1315 υἷάς
627 1264 683 1306 σου
715 1245 776 1307 τῶν
793 1237 948 1326 ἁρμάτων,
973 1242 1025 1307 καί
1042 1244 1146 1324 ἔφυγεν
1163 1237 1267 1319 ὁλαὸς
1284 1247 1323 1321 είς

77 1325 142 1401 υίὸς
152 1325 236 1412 Ἄδερ
252 1323 386 1412 βασιλεὺς
400 1330 513 1410 Συρίας
531 1320 687 1389 ἀπέστειλά
716 1322 755 1389 τά
769 1321 950 1409 σκηνώματα
967 1322 1077 1390 αὐτῶν.
1103 1328 1133 1368 22
1145 1327 1197 1390 καί
1210 1324 1324 1429 ίχθὲτη·

75 1435 111 1493 με
128 1407 206 1495 πρὸς
219 1408 252 1474 σὲ
267 1411 318 1474 ύπε
337 1412 452 1491 στῆσαι
464 1407 572 1485 λέγων,
597 1410 622 1470 εί
634 1400 685 1490 ζύ-
716 1431 764 1471 σιν
776 1403 876 1510 Ἐδιύμ
888 1402 1032 1473 ύποκάτον
1049 1413 1102 1493 τῆς
1114 1408 1209 1510 χειρὸς
1230 1406 1323 1475 Ιούδα

75 1433 683 1651 υκίυνλλινυυυυν
714 1487 1323 1663 υῑιῑυέιυννιννυν

75 1655 159 1745 ζήοχ,
172 1661 224 1725 καί
232 1660 322 1736 ὲδειξέ
328 1684 379 1742 μοι
389 1599 683 1743 κύρισὲδτιθαύάίφύ
714 1654 808 1725 λοιπά
825 1662 887 1724 τῶν
922 1602 1201 1766 ύγωίίίωρδχίλκαί
1220 1604 1322 1726 πάντά

75 1740 229 1839 ι’τποθανηῖ
242 1744 324 1808 22ιιαί
335 1744 471 1828 παρέστη
480 1747 524 1826 τῷ
532 1736 683 1828 προςούττῳ
716 1737 775 1809 ὅσα
787 1745 939 1827 ἐποίησεν,
956 1740 1012 1808 σύν
1024 1743 1091 1808 ίδου
1104 1747 1200 1808 ταῦτα
1212 1742 1322 1845 χίγραω

74 1823 184 1904 αὐτοῦ,
212 1828 263 1892 καί
275 1829 382 1910 ἔθηκεν
394 1831 450 1902 ἕως
461 1821 605 1911 αίσχύνης.
631 1826 683 1889 καί
714 1852 789 1892 πται
814 1828 867 1893 ἐπί
888 1826 993 1914 βιβλίῳ
1012 1822 1110 1905 λόγων
1127 1830 1189 1892 τῶν
1207 1830 1321 1913 ημερῶν

73 1908 244 1985 ἔκλαυσενὸ
258 1907 422 1997 ἄνθρωπος
433 1914 489 1975 τοῦ
501 1914 585 1976 θεοῦ.
599 1910 682 1975 22καί
713 1920 776 1986 τοῖς
787 1910 956 1997 βασιλεῦσιν
964 1907 1081 1990 Ἰούδας
1099 1908 1131 1952 22
1141 1911 1192 1975 καί
1204 1904 1321 1995 ἐκοιμά-

74 1991 151 2057 εἷπεν
170 1989 289 2077 Ἀζαηλ.
329 2000 359 2059 τί
384 1990 433 2059 ὅτι
456 1990 474 2058 ὁ
499 1988 599 2080 κύριός
622 2018 681 2075 μου
712 2003 755 2078 θη
771 1993 882 2098 Ἰωράμ
898 1992 973 2079 μετά
987 1997 1047 2058 τῶν
1059 1997 1140 2059 πατί
1157 2018 1200 2060 ιον
1213 1991 1319 2069 αὐτοῦ,

74 2075 167 2142 κλαίει
171 2106 184 2154 ,·
202 2077 253 2141 καί
264 2075 352 2143 εἶπεν.
372 2074 419 2141 ὅτι
433 2076 503 2142 οἶδα
515 2072 575 2143 ὅσα
588 2070 680 2159 ποιύ-
713 2079 765 2142 καί
784 2081 880 2161 ἐταφη
898 2074 972 2161 μετά
990 2082 1051 2143 τῶν
1067 2020 1208 2163 πατίρων
1221 2075 1320 2143 αὐτοῦ

75 2184 132 2235 σεις
143 2170 206 2236 τοῖς
219 2162 294 2236 υίοῖς
309 2157 430 2244 Ἰσραὴλ
445 2156 533 2225 κακά.
559 2156 599 2223 τά
611 2158 680 2243 ὀχυ-
713 2163 743 2225 ἐν
755 2155 839 2225 πύλιι
851 2160 950 2225 Δαυίδ
960 2158 1141 2243 τοῦπατρὸς
1154 2157 1258 2238 αὐτοῦ,
1268 2162 1320 2225 καί

74 2239 200 2328 ρῶματα
216 2239 319 2308 αὐτῶν
337 2242 536 2319 ἔξαποστελεῖς
549 2242 580 2304 ἐν
596 2242 679 2324 πυρί,
714 2240 901 2326 ἐβασίλευσεν
913 2239 1051 2324 Ὀχοζίας
1069 2242 1133 2317 υίὸς
1146 2241 1242 2309 αύτού
1255 2241 1315 2309 ἄντ’

73 2327 124 2390 καί
138 2325 210 2400 τούς
225 2324 377 2399 ἐκλεκτούς
390 2322 490 2390 αὐτῶν
503 2327 533 2386 δν
545 2325 680 2406 ῥομφαίᾳ
714 2321 817 2387 αὐτοῦ.
834 2325 864 2365 22
871 2324 902 2386 ἐν
916 2327 971 2388 ἔτει
984 2322 1141 2390 δωδεκάτω
1155 2330 1198 2410 τῷ
1207 2323 1321 2413 Ἰωράμ

74 2405 255 2480 ἀποκτενεῖς,
279 2409 331 2471 καί
350 2405 389 2471 τά
407 2403 498 2488 νήπια
516 2403 617 2469 αὐτῶν
635 2406 682 2467 ίν-
716 2408 773 2486 υίῶ
785 2401 897 2489 Ἀχαύβ
907 2404 1022 2490 βασιλεῖ
1034 2390 1183 2488 Ἰσραίηλί
1223 2411 1320 2473 σίλκυ-

75 2495 187 2563 σείσεις,
200 2489 252 2551 καί
264 2484 318 2559 τάς
331 2491 361 2550 ἐν
372 2489 481 2570 γαστρί
493 2481 617 2568 ἐχούσας
628 2483 683 2548 αύ-
716 2509 764 2550 σιν
777 2482 913 2569 Ὀχοζίας
930 2485 993 2559 υίὸς
1005 2483 1126 2569 Ἰωράμ.
1155 2491 1169 2529 2
1199 2488 1263 2563 υίὸς
1279 2490 1320 2553 ιί-

75 2575 136 2636 τῶν
157 2563 334 2653 άναρρηξιις.
359 2570 385 2610 22
399 2570 450 2632 καί
472 2567 550 2630 εἶπεν
565 2561 681 2648 Ἇζαηλ.
716 2592 781 2631 κοσι
797 2565 916 2631 καὶδύο
930 2571 1006 2632 ἐτῶν
1018 2566 1152 2651 Ὀχοζίας
1164 2571 1195 2634 ίν
1207 2574 1251 2652 τῷ
1263 2574 1320 2656 βα-

75 2658 121 2727 τίς
133 2656 213 2717 ἐστιν
224 2645 359 2725 ὃδούλύς
369 2676 422 2715 σου
432 2646 450 2714 ὁ
461 2644 566 2714 κύοννὸ
577 2658 683 2732 τεθυη-
716 2645 833 2714 οιλιύειν
847 2648 951 2726 αὐτὸν,
972 2652 1023 2715 καί
1035 2650 1168 2716 ίνιαυτδν
1187 2656 1239 2717 ἕνα
1251 2656 1321 2741 ίβα-

75 2734 135 2811 κῶς
153 2732 201 2800 ὅτι
219 2731 336 2818 ποιησει
352 2733 388 2798 τὸ
403 2737 483 2820 ῥῆμα
496 2736 605 2810 τούτος
632 2733 682 2795 καί
716 2732 845 2799 σίλευσεν
869 2737 899 2798 ίν
919 2730 1128 2820 Ἰερουσαλὴμ,
1153 2736 1205 2801 καί
1225 2735 1321 2821 ὄνομα

73 2820 153 2885 εἶπεν
162 2817 300 2885 Ἔλισαιέ.
315 2818 402 2894 ἔδειξέ
411 2844 464 2902 μοι
476 2812 577 2902 κύριος
586 2813 616 2880 σὲ
624 2819 681 2900 βα
715 2823 766 2896 τῆς
782 2818 891 2904 μητρὸς
908 2815 1006 2883 αύτού
1021 2819 1163 2884 Γοθολία
1179 2822 1318 2908 θυγάτηρ

73 2900 227 2969 σιλιύοντα
239 2904 289 2968 ἐπί
303 2906 425 2987 Συρίαν.
446 2901 531 2965 22καί
543 2897 681 2982 ἀπῆλθεν
708 2899 813 3002 Ἀμβρί
823 2902 968 3007 βασιλέως
983 2899 1115 2988 Ἰσραήλ.
1141 2905 1171 2947 27
1183 2907 1235 2968 καί
1246 2907 1320 2969 ίπο-

73 2984 135 3053 ἀπὸ
156 2984 301 3062 Ἔλισαιὲ,
327 2987 379 3049 καί
400 2984 516 3069 είςηλθε
534 2981 610 3069 πρὸς
627 2979 681 3048 τὸν
713 2995 808 3070 ρευθη
820 2982 921 3069 ινὸδῷ
934 2985 1319 3073 οίκουἈχαύβ,καίίποίη·

72 3067 175 3155 κύριον
188 3068 295 3146 αὐτοῦ,
308 3071 359 3135 καί
373 3069 453 3134 εἶπεν
465 3066 558 3152 αὐτῷ.
573 3072 605 3132 τί
616 3065 681 3131 εἶπέ
712 3093 743 3133 σε
754 3070 790 3132 τὸ
812 3069 942 3155 πονηρὸν
953 3066 1080 3136 ίνῶπιον
1095 3075 1199 3157 κυρίου
1213 3070 1319 3146 καθῶς

73 3180 122 3218 σοι
130 3151 262 3220 Ἑλισαιέ
263 3183 275 3234 ,·
293 3155 344 3218 καί
356 3152 444 3218 εἶπεν.
467 3151 533 3217 είπέ
542 3176 603 3235 μοι,
617 3153 678 3242 ζωῇ
711 3148 953 3257 ὃοίκοςἈχαάβ.
973 3156 1004 3196 ²⁸
1018 3156 1068 3220 καί
1080 3152 1230 3236 ἐπορεύθη
1242 3153 1318 3256 μετά

72 3232 155 3406 {32}
181 3241 208 3281 ιτ
221 3242 271 3303 καί
283 3241 395 3314 ἐγένετο
409 3241 446 3329 τῇ
454 3232 610 3341 βπαύριον,
628 3237 680 3299 καί
707 3233 819 3381 Ἰωράμ
837 3240 906 3301 υἱοῦ
925 3237 1089 3383 Ᾰχαὰβλείς
1101 3235 1231 3320 πόλεμον
1243 3262 1317 3321 μετα

150 3318 216 3385 ετὸ
235 3316 351 3404 μαχβύρ
376 3321 428 3384 καί
450 3323 558 3403 ἔβαψεν
580 3320 612 3382 ίν
635 3320 678 3398 τῷ
705 3317 794 3402 Ἀζαίχ
832 3319 1012 3403 βασιλέωςά
1050 3316 1172 3399 οφύλων
1189 3321 1219 3382 ίν
1232 3317 1318 3394 ‘stu-

73 3399 175 3476 ύδατι,
200 3405 251 3465 καί
272 3401 441 3485 περιέβαλεν
465 3404 516 3465 ἐπί
533 3397 569 3464 τὸ
586 3395 680 3544 πρός·
710 3399 783 3481 μῶθ
796 3405 829 3462 Γ
827 3400 934 3475 αλαάδ,
951 3403 1001 3464 καί
1014 3399 1167 3476 ἐπάταξαν
1179 3403 1210 3463 οί
1222 3399 1318 3481 Σύροι

73 3508 161 3548 ωπον
174 3481 288 3555 αὐτοῦ,
314 3489 365 3548 καί
378 3481 520 3546 ἀπέθανε.
546 3483 597 3545 καί
622 3484 679 3566 βα·
712 3481 765 3546 τὸν
779 3477 899 3567 Ἰωράμ.
924 3483 955 3524 ²⁰
968 3484 1019 3547 καί
1037 3484 1215 3566 ἐπέστρεψεν
1230 3477 1248 3543 ὁ
1262 3486 1319 3566 βα-

73 3567 199 3633 σίλευσεν
212 3562 322 3646 Ἀζαύχλ
336 3562 395 3628 ἀντ’
413 3561 515 3628 αὐτοῦ.
539 3565 568 3606 22
581 3566 612 3627 ἐν
625 3567 680 3628 δ’τει
713 3561 805 3640 σιλεύς
815 3562 928 3650 Ἰωράμ
939 3569 996 3629 τοῦ
1010 3569 1200 3649 ίατρευθηναι
1212 3560 1319 3640 ίνἸεζ-

73 3652 201 3734 πέμπτῳ
215 3653 259 3731 τῷ
274 3644 387 3729 Ἰωράμ
400 3649 457 3726 υίῶ
469 3643 584 3729 Ἀχαάβ
594 3648 681 3729 βασι·
712 3645 784 3732 ράελ
808 3645 870 3712 ἀπὸ
894 3652 955 3713 τῶν
970 3647 1091 3729 πληγῶν
1108 3639 1150 3711 ῶν
1168 3641 1319 3725 ἐπάταξαν

74 3734 121 3799 λεῖ
128 3732 249 3818 Ἰσραὴλ
257 3733 308 3796 καί
319 3727 473 3810 Ἰωσαφάτ
481 3728 597 3812 βασιλεῖ
602 3723 681 3791 Ἰού·
713 3727 805 3794 αὐτὸν
817 3734 847 3794 ἐν
855 3727 1003 3812 Ῥεμμῶθ,
1017 3734 1048 3796 ἐν
1061 3733 1106 3815 τῷ
1117 3729 1253 3814 πολεμεῖν
1261 3729 1319 3796 αύ-

76 3819 114 3882 δα
131 3819 315 3965 ίβασιλευσεν
329 3812 440 3899 Ἰωράμ
457 3807 520 3887 υίὸς
529 3807 681 3891 Ἰωσαφάτ
712 3809 766 3876 τὸν
777 3809 850 3893 μετά
857 3811 966 3918 ’Λζαίηλ
977 3815 1122 3899 βασιλέως
1133 3820 1254 3900 Συρίας,
1267 3816 1319 3880 καί

74 3905 143 3988 βασι
163 3898 209 3975 ιύς
219 3898 330 3964 Ἰούδα.
351 3901 377 3941 22
384 3898 446 3973 υίὸς
458 3891 619 3980 τριάκοντα
631 3897 682 3960 καί
709 3894 844 3980 Ὀχοζίας
857 3896 920 3971 υίὸς
942 3897 1046 3983 Ιωράμ
1059 3900 1167 3984 κατέβη
1178 3904 1233 3964 τοῦ
1248 3901 1317 3964 ίδεῖν

75 3980 129 4048 δύο
148 3988 221 4049 ἐτῶν
239 3972 274 4067 ἦν
292 3986 322 4048 ἰν
341 3985 385 4066 τῷ
400 3975 562 4068 βασιλεύειν
577 3977 680 4055 αύτδν,
712 3979 766 4044 τὸν
789 3977 900 4084 Ἰωράμ
916 3978 982 4046 υίδν
1001 3978 1115 4068 Ἀχαάβ
1133 3984 1163 4045 ίν
1183 3978 1317 4070 Ἰεζράελ,

75 4069 126 4130 καί
139 4063 219 4131 ὀκτῶ
232 4071 284 4151 ἔτη
297 4064 480 4153 ίβασίλευσεν
490 4061 681 4149 ίνἾερουσα-
712 4059 759 4129 ὅτι
773 4061 915 4151 ἦβριοστει
928 4059 1026 4140 αὐτός.

74 4145 142 4234 λύμ.
155 4152 241 4216 22καί
254 4146 406 4236 ἐπορεύθη
419 4152 449 4214 ἐν
462 4146 523 4230 ὁδῶ
535 4147 681 4233 βασιλέων
898 4153 973 4214 ΚΕ
985 4153 1024 4212 Φ.
1076 4143 1126 4215 (δ’.

73 4231 196 4316 Ἰσραίχλ
207 4232 312 4308 καθῶς
324 4236 459 4316 ἐποίησεν
470 4228 680 4318 οἷνοςἈχαάβ,
712 4198 794 4297 Καί
801 4227 933 4299 Ἔλισαιί
946 4228 963 4296 ὁ
974 4229 1129 4320 προφήτης
1138 4227 1275 4299 ίκάλισεν
1286 4235 1317 4297 ί-

75 4315 122 4381 δτι
139 4311 276 4402 θυγάτηρ
290 4312 404 4402 Ἀχαάβ
422 4305 457 4398 ἦν
474 4311 559 4396 αύτῷ
573 4319 611 4390 είς
627 4341 681 4394 γυ·
713 4339 751 4380 να
763 4319 825 4382 τῶν
837 4320 910 4384 υίῶν
921 4319 982 4384 τῶν
993 4321 1166 4404 προφητῶν,
1178 4317 1229 4380 καί
1240 4313 1318 4380 εἶπεν

75 4411 179 4471 ναῖκα,
205 4404 256 4465 καί
273 4401 392 4482 ίποίησε
411 4398 446 4462 τὸ
458 4394 593 4479 πονηοδν
608 4391 681 4462 ἔνιά·
713 4395 806 4481 αύτῷ.
835 4402 925 4476 ζῶσαι
937 4400 991 4483 τίην
1003 4395 1098 4478 ὀσφύν
1109 4422 1173 4470 σου,
1185 4398 1237 4460 καί
1249 4391 1320 4482 λάβε

75 4508 144 4550 πιον
157 4487 269 4568 κυρίου.
295 4484 324 4524 22
337 4485 388 4548 καί
406 4478 462 4547 ούκ
480 4456 612 4566 ἢθελησε
629 4474 682 4544 κύ·
713 4475 767 4545 τὸν
783 4478 880 4563 φακὸν
902 4485 956 4545 τοῦ
979 4479 1079 4543 ἐλαίου
1102 4475 1212 4541 τούτου
1237 4479 1266 4543 ίν
1282 4479 1321 4560 τῇ

1228 4608 1232 4615 .
1254 4558 1331 4635 χειρὶ
