2924 4972
170 239 234 305 598
516 236 694 300 ΨΑΛΜ
706 235 765 296 01
803 225 1071 312 νε’-νη’.55-58.

170 353 205 436 δρ
227 357 243 371 ”
268 350 361 426 λαοὺς
385 347 525 426 κατάξεις.
552 345 569 411 ὁ
596 345 666 422 θεὸς
691 345 773 450 9τίην
1064 339 1148 405 Nz'.

151 502 161 513 .
297 459 314 497 υ
326 430 474 516 έξηγγειλά
489 456 553 506 σοι,
577 432 653 493 έθου
665 427 704 492 τά
718 429 772 492 δα-
805 431 858 502 Εἰς
870 426 907 491 τὸ
921 425 1006 499 τέλος
1016 419 1057 508 μὴ
1070 425 1246 515 διαφθείρῃς
1257 427 1303 506 τῷ
1317 423 1417 486 Δαυίδ

170 543 245 601 κρυα
264 542 320 598 μου
333 512 459 581 ἓνάπιόν
476 538 544 583 σου,
570 508 611 586 ὡς
628 513 679 576 καί
691 514 722 575 ἐν
734 516 771 591 τῆ
964 513 1003 582 εἰς
1019 507 1248 590 στηλογρσιφίαν.

171 597 331 680 ἐπαγγελίᾳ
352 623 416 663 σου.
448 599 477 639 ¹⁰
490 595 724 678 ἐπιστρέφουσιν
742 580 773 656 όί
806 561 885 656 2Εἰ
896 589 1020 675 ἀληθῶς
1037 588 1100 676 ἀρα
1112 584 1300 670 δικαιοσύνην
1313 587 1417 650 λαλεῖ-

170 686 275 765 ἰχθροί
285 706 341 761 μου
351 685 389 755 εἰς
399 677 438 744 τά
448 676 592 751 ἀπίσω,έν
601 668 621 770 ᾗ
630 674 668 740 ἀν
678 674 772 758 ἡμέρᾳ
807 699 847 749 τε,
860 673 960 739 εὐθεῖα
977 679 1086 758 κρίνετε
1103 675 1133 735 οἰ
1145 672 1205 734 υίοί
1216 675 1276 735 των
1289 665 1418 756 ἀνθρά-

169 762 390 844 ἰπικαλέσωμαί
400 783 440 836 σε,
458 755 522 824 ίδοίι
536 761 628 836 έγνων
641 754 689 822 ὅτι
701 753 774 831 θεός
805 780 879 821 πων.
902 759 916 800 ³
930 758 980 820 καί
992 753 1050 839 γάρ
1063 758 1094 820 ἐν
1107 753 1215 837 καρδίᾳ
1229 750 1354 835 ἀνομίας
1365 757 1416 837 έρ-

169 871 226 928 μου
241 844 269 909 εἰ
279 840 325 909 σό.
337 845 420 909 11έιιί
431 846 474 924 τᾳί
486 845 551 924 θεῷ
564 846 671 906 αἰνέσω
685 843 772 925 ῥῆμα,
804 835 929 917 γάζισθι
946 843 978 903 έν
995 842 1034 920 τῆ
1053 840 1107 931 γῇ,
1131 836 1250 900 ἀδικίαν
1274 840 1307 900 αἰ
1324 846 1417 920 χεῖρες

169 930 220 992 ἐπὶ
232 933 275 990 τῶ
287 931 379 1011 κυρίῳ
393 928 499 991 αἰνέσω
512 920 609 1002 λόγον.
626 926 654 965 ¹²
667 927 717 988 ἐπὶ
729 927 772 1005 τῷ
806 920 887 1006 ὖμῶν
899 907 1124 1005 συμπλάιουσιν.
1139 915 1418 1019 4ἀπηλλοτριώθη-

170 1015 231 1091 θεῷ
246 995 367 1093 ίίλπισα,
378 1007 414 1074 οἰ
423 1005 635 1094 φοβηθήσομαι
644 1012 675 1070 τί
682 1001 772 1089 ποίη·
806 1029 863 1070 σαν
875 1009 907 1070 οἰ
918 1002 1091 1087 ἁμαρτωλοί
1103 998 1166 1066 ἀπὸ
1177 1027 1301 1085 μητρας,
1318 1002 1415 1067 ἐπλα-

171 1117 210 1156 οει
222 1117 271 1173 μοι
283 1089 455 1176 ἀνθρωπος.
469 1091 610 1170 13ἒνέμοί
623 1086 640 1154 ὃ
653 1087 727 1164 θεὸς
740 1092 773 1152 αἰ
806 1085 942 1172 γήθησαν
953 1084 1018 1152 ἀπὸ
1029 1081 1167 1169 γαστρός,
1179 1082 1327 1166 ἐλάλησαν
1337 1104 1416 1167 ψευ-

169 1173 264 1278 εὐηαί,
299 1169 335 1248 ἀς
361 1169 512 1238 ἀποδώσω
544 1167 679 1245 αἰνέσεως
705 1196 771 1236 σου.
806 1171 852 1253 δῆ.
878 1166 1004 1250 6θυμός
1017 1167 1121 1242 αὐτοῖς
1139 1168 1218 1231 κατὰ
1231 1167 1284 1250 τὴν
1298 1163 1414 1249 ὁμοίω·

169 1257 251 1320 14οτι
264 1251 376 1364 έρρίισω·
389 1253 442 1340 τὴν
454 1250 554 1339 ψυχήν
563 1279 623 1337 μου
632 1257 663 1317 ἐκ
672 1251 773 1319 θανά·
806 1280 853 1319 σιν
864 1258 922 1318 τοῦ
939 1252 1050 1334 ἀφεως,
1077 1248 1143 1325 ὡςεί
1160 1249 1286 1326 ἀσπίδος
1300 1256 1414 1334 κωφης,

90 1370 95 1380 ·
169 1363 238 1412 του,
264 1364 314 1402 και
330 1336 402 1414 τοὺς
417 1334 514 1413 πόδας
528 1362 585 1420 μου
604 1340 634 1413 ἐξ
647 1332 773 1419 ὀλισθη-
805 1337 856 1400 καί
867 1333 994 1423 βυσάσης
1005 1331 1045 1400 τά
1057 1323 1122 1398 ἀτα
1135 1331 1236 1415 αὐτῆς,
1256 1330 1343 1417 θῆτις
1357 1332 1414 1397 οίνκ

167 1445 278 1502 ματος,
303 1425 358 1485 τοῦ
376 1419 562 1506 εὐαρεστῆσαι
580 1415 706 1484 ἐνώπιον
717 1422 772 1483 τοῦ
806 1415 1003 1494 εἰςακοάσεται
1017 1415 1118 1500 φωνην
1130 1411 1315 1498 ἐπᾳδόντων,
1333 1441 1413 1500 φαρ-

169 1507 243 1567 θεοῦ
255 1505 287 1568 έν
300 1505 378 1582 φωτί
394 1499 523 1578 ζώντων.
805 1498 902 1585 μάκου
918 1527 950 1566 τε
975 1505 1236 1586 φαρμακευομένου
1256 1497 1343 1583 παρά
1359 1524 1413 1564 σο-

438 1580 511 1659 Νς’.
806 1591 874 1666 φοῦ.
903 1583 1033 1659 7ἀθεός
1052 1588 1225 1667 συνέτριψεν
1238 1580 1310 1656 τοὺς
1323 1580 1413 1646 ὀδόν-

170 1670 223 1740 Εἰς
235 1664 271 1729 τό
282 1666 366 1740 τέλος
377 1664 418 1749 μὴ
429 1667 613 1760 διαφθειρης,
623 1670 667 1750 τῷ
678 1668 774 1731 Δαυίδ
805 1693 859 1743 τας
871 1665 973 1732 αὐτῶν
985 1670 1015 1731 ἰν
1027 1671 1073 1750 τῷ
1086 1662 1212 1747 στόματι
1225 1663 1334 1741 αἰτῶν,
1356 1662 1413 1740 τάς

171 1753 210 1823 εἰς
222 1748 441 1834 στηλογραφίαν
457 1753 488 1813 ἰν
501 1753 546 1832 τᾳῖ
558 1746 650 1813 αάτδν
664 1747 773 1814 ἀποδι-
804 1746 900 1834 μέλας
917 1754 978 1815 τῶν
990 1746 1117 1815 λεόντων
1132 1750 1312 1814 συνέθλασεν
1325 1744 1343 1811 ὁ
1357 1773 1413 1812 κυ-

171 1829 306 1917 δράσκειν
319 1829 381 1896 ἀπὸ
394 1826 555 1917 προςιόπου
567 1828 672 1896 Σαοδλ
684 1837 723 1907 εἰς
734 1833 771 1897 τό
824 1859 875 1908 ιος.
914 1829 1232 1914 ι’ἐξουδενωθὴσονται
1263 1829 1304 1905 ὡς
1329 1825 1412 1915 ὕδωρ

221 1919 234 1947 ’
391 1912 546 1998 σπηλαιον.
805 1859 964 2000 διαπορευό
986 1941 1064 1990 ενον,
1090 1911 1240 1980 ἕντινεῖτό
1253 1911 1342 1988 τόξον
1354 1912 1412 1977 αὐ·

171 1964 353 2081 2Ελέησόν
365 2021 398 2078 με
411 1995 429 2061 ὁ
442 1996 521 2074 θεὸς,
534 1993 654 2080 ἐλέησόν
664 2024 708 2082 με,
725 1993 773 2063 ὅτι
805 2002 861 2064 τοῦ
873 2003 928 2073 έως
946 2024 982 2064 ου
1001 1995 1224 2080 άσθενησουσιν.
1251 1998 1267 2039 ⁹
1280 1994 1346 2072 άςεί
1357 2023 1412 2080 κη-

169 2081 220 2144 ἰπί
233 2083 281 2145 σοί
297 2083 443 2144 πέποιθεν
460 2076 574 2163 ἡψυχὴ
587 2106 654 2162 μου.
679 2084 730 2146 καί
741 2084 773 2146 έν
806 2081 859 2168 ρὸς
868 2079 886 2146 ὁ
895 2083 992 2157 τακείς
1002 2077 1312 2165 ἀνταναιρεθὴσονται,
1326 2082 1412 2144 έπεσι

169 2167 208 2270 τη
221 2166 290 2244 σκιᾳῖ
303 2166 365 2227 τῶν
374 2159 527 2266 πτερύγων
539 2188 592 2227 σου
604 2163 708 2237 ἰλπιω,
719 2168 773 2239 ἕως
805 2169 882 2265 πῦρ,
903 2165 955 2229 καί
967 2162 1021 2230 οάκ
1033 2163 1111 2230 εἶδον
1122 2161 1176 2229 τόν
1189 2162 1281 2247 ἥλιον.
1306 2166 1335 2205 ¹⁰
1348 2159 1411 2246 πρὸ

170 2271 209 2310 ον
233 2245 373 2350 παρέλθη
392 2243 409 2328 ἢ
428 2251 543 2349 ανομία.
569 2244 773 2331 3κεκράξομαι
805 2272 860 2312 του
884 2251 1011 2313 συνιέναι
1032 2245 1086 2322 τὰς
1104 2243 1240 2321 ἀκάνθας
1258 2244 1338 2328 ὑμῶν
1354 2251 1411 2327 την

169 2327 244 2412 πρὸς
256 2327 308 2392 τὸν
320 2338 393 2393 θεον
405 2325 459 2394 τόν
471 2325 613 2412 ιίψιστον,
636 2326 773 2395 τὸνθεόν
806 2325 931 2416 ῥάμνον,
957 2328 1022 2405 ὦςεί
1048 2334 1159 2407 ζῶντας
1186 2328 1254 2404 ὡςεί
1279 2334 1309 2393 ἐν
1333 2325 1411 2411 ὀργῆ

168 2411 223 2475 τὸν
233 2406 462 2495 εὐεργετησαντά
469 2435 510 2492 με.
523 2409 691 2496 διάψαλμα.
704 2413 773 2488 *ἰξ-
805 2419 981 2478 καταπίεται
994 2411 1077 2496 ὑμᾶς.
1090 2417 1115 2455 ¹¹
1120 2411 1355 2496 εὐφρανθήσεται
1364 2396 1410 2474 δί-

169 2492 337 2558 απέστειλεν
358 2496 388 2568 έξ
407 2491 538 2579 οὐρανοῦ
556 2496 606 2558 καί
621 2498 714 2560 ε’ίνωσέ
727 2520 772 2576 με,
804 2522 898 2573 καιος,
913 2492 987 2561 ὅταν
999 2499 1047 2591 ἴδη
1061 2497 1207 2580 ἐκδίκησιν
1219 2493 1342 2581 ἀσεβῶν,
1355 2493 1411 2568 τάς

169 2577 274 2641 ἔδωκεν
291 2581 330 2650 εἰς
347 2575 455 2651 όνειδος
472 2575 544 2650 τοὺς
562 2582 772 2643 καταπατοάν-
804 2588 901 2664 χεῖρας
926 2577 1022 2645 αὐτοῦ
1047 2585 1165 2664 νίφεται
1190 2582 1221 2643 έν
1243 2585 1287 2661 τῷ
1305 2581 1412 2658 α’ίματι

168 2656 222 2732 τάς
238 2684 278 2740 με.
304 2659 503 2734 ἐξαπέστειλεν
520 2655 623 2735 ἀθεός
642 2659 678 2726 τὸ
689 2659 773 2735 έλεος
805 2665 862 2727 τοῦ
882 2659 1073 2748 ἀμαρτωλοῡ.
1100 2665 1128 2704 ¹²
1139 2663 1190 2725 καί
1206 2664 1267 2745 ίρεί
1282 2659 1411 2760 ἀνθρω-

169 2739 262 2804 αὗτοῦ
275 2743 326 2804 καί
336 2740 389 2842 την
401 2737 546 2823 ἀληθειαν
558 2740 669 2818 αὐτοῦ,
695 2743 773 2808 5καί
804 2750 902 2824 πος,εἰ
912 2744 973 2831 ἀρα
984 2748 1045 2812 ἐστί
1053 2743 1166 2831 καρπὸς
1175 2746 1219 2825 τῷ
1227 2739 1410 2824 δικαίῳιᾶρα

169 2819 314 2907 ἐρ’ῥάσατο
340 2847 393 2904 την
417 2822 515 2906 ψυχήν
539 2849 596 2905 μου
625 2829 657 2889 ἐκ
680 2829 772 2908 μέσον
804 2830 884 2893 ἐστίν
902 2827 920 2893 ὃ
937 2829 1011 2904 θεός
1022 2834 1129 2914 κρίνων
1146 2824 1255 2902 αὐτοὺς
1267 2829 1298 2892 έν
1311 2827 1347 2906 τίη
1359 2829 1409 2907 γῆ.

170 2899 474 3006 σκάμνφν,ένοιμηθην
482 2910 701 2990 τεταραγμένος.
711 2910 773 2974 υἰοί
1057 2908 1138 2973 NJ!
1329 2896 1336 2917 ⁴
1380 2896 1386 2918 ⁴

176 2984 186 3006 2
478 2985 485 3006 Ι
589 2988 598 3009 ὶ
680 2987 695 3012 (Ι

170 2996 357 3071 ανθρωπων,
382 2991 414 3050 οἰ
431 2989 550 3063 οδοντες
562 2994 663 3054 αυτιδν
676 2992 772 3056 οπλον
805 2997 858 3067 Εἰς
869 2992 905 3057 τὸ
917 2993 1001 3066 τέλος
1011 2989 1050 3074 μὴ
1062 2992 1246 3096 διαφθείρῃς,
1258 2997 1305 3075 τῷ
1314 2996 1412 3060 Δαυίδ

169 3072 220 3132 καί
234 3069 322 3153 βέλη,
348 3070 399 3133 καί
419 3067 438 3173 η
457 3070 581 3148 γλῶσσα
597 3071 698 3138 αὐτῶν
714 3071 772 3157 μά-
804 3080 843 3150 εἰς
868 3075 1100 3158 στηλογραφίαί,
1137 3070 1228 3137 ὅπθῐέ
1256 3072 1413 3143 ἀπέστειλε

168 3175 258 3251 χαιρᾳ
270 3149 359 3253 ὀξεῖα.
386 3153 402 3253 ¹
416 3150 560 3238 υψοόθητι
572 3157 622 3219 ἰπὶ
634 3155 706 3231 τοὺς
719 3155 772 3222 οά-
803 3155 925 3233 Σαοὺλ,
949 3159 1001 3222 καί
1013 3153 1137 3237 ἐφύλαξε
1149 3152 1202 3221 τὸν
1216 3155 1301 3222 οἰκον
1314 3157 1413 3226 αὐτοῦ

169 3258 279 3316 ρανους
303 3258 321 3297 ο
347 3244 433 3311 θεος,
460 3239 511 3300 καί
530 3241 580 3302 ἐπὶ
596 3242 699 3303 πᾶσαν
717 3237 771 3323 τὴν
857 3248 870 3275 ’
929 3243 986 3306 τοῦ
997 3243 1172 3305 θανατῶσαι
1185 3236 1290 3305 αὐτόν.

168 3319 224 3398 γῆν
235 3313 253 3398 ἡ
266 3312 339 3392 δόξα
352 3343 415 3382 σου.
442 3320 594 3398 7παγίδας
606 3317 772 3404 ἡτοίμασαν
803 3289 968 3399 2Εξελοῦ
991 3348 1025 3406 με
1049 3326 1082 3387 ἐκ
1098 3327 1158 3386 τῶν
1175 3326 1292 3409 ἐχθρῶν
1308 3351 1364 3407 μου
1390 3326 1409 3391 ὁ

168 3410 233 3474 τοῖς
251 3405 323 3465 ποσί
345 3425 415 3482 μου,
440 3405 490 3465 καί
507 3405 703 3488 κατέκαμψαν
717 3403 771 3488 τὴν
802 3403 891 3482 θεὸς,
917 3407 970 3472 καί
986 3410 1018 3469 ἐκ
1034 3410 1094 3470 τῶν
1111 3409 1349 3491 ἐπανισταμένων
1360 3408 1404 3472 ἐπ’

168 3482 267 3567 ψυχήν
291 3508 357 3564 μου.
397 3482 512 3568 ὤρυξαν
528 3484 590 3569 πρὸ
607 3483 770 3571 προςιόπου
804 3489 853 3574 ἐμέ
865 3489 1020 3575 λιίτρωσαί
1029 3514 1072 3571 με.
1085 3490 1194 3572 3ῥῦσαί
1204 3494 1347 3572 μεὲνιτιάν
1357 3495 1407 3572 έρ-

167 3590 223 3665 μοη
238 3562 370 3651 βόθρον,
396 3569 446 3630 καί
462 3570 602 3632 ἐνέπεσαν
618 3573 656 3643 εἰς
669 3566 769 3635 αὐτόν.
803 3576 971 3678 γαζιηιίνων
984 3573 1037 3655 την
1047 3570 1181 3654 ἀνομίαν,
1191 3571 1407 3656 καίἕξάνδροίν

170 3646 336 3748 διᾳψαλμα.
362 3649 377 3690 ⁸
391 3649 493 3730 ἑτοίμη
518 3647 536 3733 ἡ
553 3651 660 3735 καρδία
676 3678 734 3733 μου
752 3649 769 3716 ὁ
805 3662 939 3739 αἱμάτων
951 3652 1046 3722 σῶσόν
1057 3665 1099 3737 μες
1117 3653 1194 3721 *ὅτι
1206 3651 1270 3720 ἰδοδ
1281 3651 1405 3755 έθηρευ-

168 3731 363 3828 θεοςζέτσίμη
375 3726 393 3813 ἢ
407 3731 514 3815 καρδία
525 3759 591 3814 μου,
600 3732 711 3817 ᾄσομαι
720 3735 772 3799 καί
804 3764 861 3805 σαν
874 3737 927 3824 τὴν
939 3735 1036 3844 ψυχην
1046 3764 1119 3820 μου,
1144 3742 1283 3803 ἐπέθεντο
1294 3739 1331 3800 ἐπ
1354 3737 1406 3819 ἐμὲ

169 3810 269 3891 ψαλω.
297 3814 493 3914 θέξεγέρθητι
506 3812 525 3899 ἢ
537 3811 610 3891 δόξα
616 3843 693 3920 μου,
711 3818 771 3891 ἰξε-
803 3829 949 3907 κραταιοί.
977 3820 1075 3924 ουτείη
1089 3819 1196 3903 ἀνομία
1193 3843 1276 3923 μου,
1302 3816 1371 3883 οὔτί
1386 3818 1405 3902 ἦ

169 3894 291 3995 γέρθητι
305 3894 471 3996 ψαλτηριον
488 3899 539 3962 καί
554 3909 680 3981 κιθαρα,
711 3901 772 3973 ἰξε-
803 3902 935 3988 ἁμαρτία
958 3931 1016 3985 μου
1040 3930 1126 3987 κυριε.
1159 3905 1256 3967 ἀνευ
1280 3898 1408 3984 ἀνομίας

169 3984 349 4059 γερθησομαι
362 3977 485 4080 ὄρθρου,
513 3983 542 4024 ¹⁰
555 3977 770 4064 ἐξομολογησο-
804 3988 930 4071 ἔδραμον
940 3990 992 4051 καί
1003 3986 1180 4053 κατεύθυνα.
1193 3987 1358 4070 έξεγίρθητι
1368 3991 1409 4063 εἰς

167 4064 223 4138 μαί
240 4085 289 4125 σοι
306 4065 337 4125 έν
354 4060 542 4162 λᾳοῖςκυριε,
568 4061 661 4146 ψαλῶ
678 4089 726 4128 σοι
739 4069 771 4128 έν
804 4065 978 4151 συνάντησίν
989 4095 1056 4152 μου,
1069 4073 1121 4134 καί
1134 4072 1185 4145 ίδε,
1211 4070 1291 4134 6καί
1305 4068 1340 4133 οδ
1354 4066 1408 4133 κά-

168 4143 290 4243 έθνεσιν.
329 4146 415 4246 1ῗοτι
433 4144 621 4244 ’ἐμεγαλάνθη
640 4149 694 4218 ἕως
711 4151 770 4209 τῶν
803 4175 844 4232 ριε
861 4147 879 4214 ὃ
896 4148 966 4225 θεὸς
982 4157 1044 4217 τῶν
1063 4150 1213 4236 δυνάμεων
1229 4149 1247 4215 ὁ
1263 4148 1334 4226 θεός
1351 4158 1408 4216 τοῦ

168 4230 303 4307 ουρανσίν
315 4249 355 4324 (το
372 4223 458 4323 έλεος
476 4251 546 4303 σου,
569 4230 621 4290 καί
638 4230 693 4301 ἕως
709 4233 769 4293 τάν
800 4229 930 4317 Ἰσραήλ.
957 4229 1079 4319 πρόσχες
1102 4241 1158 4299 τοῦ
1183 4237 1407 4320 ἐπισκέψασθαι

167 4306 293 4407 νεφελσξν
309 4333 328 4390 η
345 4304 472 4408 ἀληθειά
489 4333 553 4373 σου.
584 4311 612 4350 ¹²
625 4305 769 4393 ὑψώθητι
800 4312 948 4381 πάντατά
958 4319 1041 4400 έθνη,
1051 4315 1282 4411 μῆοἰκτειρησης
1293 4314 1406 4393 πάντας

118 4427 119 4431 =
165 4391 216 4454 ἐπί
228 4412 298 4489 τᾳυς
310 4389 453 4489 οβρᾳνορς
464 4387 483 4453 δ
494 4387 577 4464 θεός,
589 4391 641 4464 καί
649 4393 768 4458 έπίπᾶ-
801 4396 870 4474 τοὺς
883 4401 1093 4482 ἐργαζομένους
1110 4399 1164 4483 τὴν
1181 4400 1315 4481 ἀνομίαν.
1341 4396 1406 4466 διά-

167 4491 384 4553 an'mvn
397 4470 470 4545 3⁰5«
482 4494 547 4536 σου.
800 4479 917 4563 ψαλμα.
949 4483 1207 4566 7ἐπιστρέφουσιν
1219 4487 1258 4557 εἰς
1269 4484 1408 4568 ἑσπέραν,
