2924 4972
462 266 690 325 ιιιΣονΣ
728 256 987 339 ποιεῖςὀο.
1289 263 1354 329 νιν

106 374 207 463 ξῆρανε
231 378 330 462 κύριος
356 372 374 440 ὁ
396 373 467 450 θεὸς
484 375 539 439 τόν
561 371 713 460 Ἰορδάνην
744 374 917 462 ἀναβλέψας
933 386 999 450 τοῖς
1015 373 1188 458 όσθαλμοῖς
1210 374 1281 440 είδεν
1299 376 1349 440 ἄν-

106 460 243 545 ποταμὸν
260 464 293 525 ἐκ
311 462 371 524 τῷν
384 463 556 543 ἔμπροσθεν
568 463 629 522 τιῦν
642 462 714 523 υἷῷν
743 469 870 545 θρωπον
883 455 1028 544 ἑστηκότα
1042 462 1176 524 ἐναντίον
1184 457 1291 535 αὐτοῦ,
1300 463 1353 524 καί

106 545 225 648 Ἰοραῆλ
243 547 275 608 έν
285 547 330 626 τῷ
342 543 502 628 διαβαίνειν
514 539 638 615 αὐτοὺς,
663 544 714 607 καί
745 539 763 625 ῆ
781 546 915 627 ῥομφαία
932 546 1100 626 ίοπιιομένη
1120 545 1149 604 έν
1162 545 1198 633 τῆ
1212 546 1284 626 χειρί
1295 541 1352 607 αῦ-

107 631 253 711 ἐτιικησαν
266 624 368 693 αῦτιῦν
381 629 414 690 αί
426 621 554 691 διάνοιαι
567 627 617 689 καί
627 649 715 689 κατε-
745 630 808 690 τοῦ.
833 627 885 690 καί
895 626 1070 711 προςελθών
1078 624 1194 710 Ἰησοῦς
1207 623 1284 690 εἶπεν
1296 623 1353 690 αό-

107 709 278 796 πλάγηοαν,
297 711 348 773 καί
361 707 414 773 οὐκ
429 695 464 792 ῆν
477 711 508 773 ἐν
520 705 624 783 αάτοῖς
636 704 714 793 ηρό-
746 712 798 790 τῷ.
824 705 963 811 ἡμέτερος
977 709 1016 784 εί,
1041 708 1059 793 ἢ
1077 714 1138 774 τῷν
1155 706 1351 786 ῦπεναντίοινς

108 821 187 877 νησις
219 792 340 896 οὐδεμία
371 790 436 857 ἀπὸ
466 789 629 879 προςιόπου
654 795 715 856 τῷν
746 786 852 856 11ὃδε
870 790 947 856 εἶπεν
964 791 1057 874 αὐτῷ.
1082 793 1140 871 ἐγὼ
1152 789 1352 878 ἀρχιστράτη-

108 882 179 943 υίιῦν
189 876 318 963 Ἰσραηλ.
332 872 413 940 2ὑπὸ
426 875 457 940 δὲ
470 881 580 941 τοῦτον
589 875 643 940 τὸν
651 901 713 939 και·
745 900 799 951 γος
811 870 958 978 δυνάμεως
971 880 1088 958 κυρίου,
1106 879 1166 941 νυνὶ
1177 880 1350 962 παραγέγο-

107 959 161 1045 ρόν
186 960 250 1025 εἶπε
269 951 367 1044 κῦριος
384 963 430 1041 τῷ
450 957 551 1042 Ἰησοῖ.
588 965 715 1042 ποίησον
746 983 793 1023 να.
819 959 870 1021 καί
891 962 996 1039 Ιησοῦς
1008 962 1106 1023 έπεοεν
1124 963 1173 1024 ἐπί
1191 958 1351 1045 πρόςωπον

109 1047 225 1126 σεαυτῷ
240 1048 386 1127 μαχαίρας
404 1049 540 1128 πετρίνας
557 1045 591 1106 ἐκ
603 1044 716 1125 πέτρας
747 1043 797 1105 ἐπί
809 1037 863 1123 τῆν
875 1044 939 1122 γῆν,
953 1043 1004 1104 καί
1016 1038 1092 1105 εἶπεν
1102 1039 1194 1125 αὐτῷ.
1207 1045 1350 1118 δέσποτα,

109 1122 289 1211 ἀκροτόμου,
303 1128 353 1189 καί
365 1132 495 1199 καθίσας
504 1131 635 1209 περίτεμε
644 1120 716 1199 τοῦς
747 1129 779 1187 τί
788 1119 978 1208 προςτάοσεις
991 1127 1034 1203 τῷ
1054 1127 1097 1204 σῷ
1110 1127 1224 1216 οἰκέτης
1260 1126 1350 1190 11καλ

110 1206 190 1283 υἱοὺς
199 1208 323 1294 Ἰσραῆλ
335 1211 367 1270 έκ
376 1209 521 1290 δευτέρου.
535 1209 606 1271 3καὶ
614 1210 717 1288 ἐποίη-
748 1205 823 1282 λέγει
848 1202 867 1270 ὁ
892 1200 1127 1311 ἀχιοτράτηγος
1151 1213 1252 1290 κυρίου
1276 1205 1353 1291 πρὸς

111 1289 290 1373 οενἼησοζς
306 1295 455 1391 μαχαίρας
470 1295 607 1372 πετρίνας
624 1285 718 1373 ἀκρο-
745 1286 875 1371 Ἰησοῦν.
913 1231 1001 1353 λυοαι
1026 1287 1063 1352 τὸ
1091 1283 1230 1371 ῦπόδημα
1246 1291 1353 1351 ἐκτῶν

112 1369 239 1455 τόμους,
262 1375 313 1435 καί
323 1395 472 1455 περιετεμε
484 1373 554 1447 τοὺς
568 1369 650 1444 υἱοὺς
658 1368 718 1435 ’1ο-
749 1373 851 1436 ποδῷν
867 1398 938 1448 σου,
963 1367 1052 1467 όγάρ
1065 1366 1173 1446 τόπος,
1200 1368 1243 1452 ἐφ’
1263 1362 1289 1453 ῷ
1303 1375 1353 1435 νῦν

112 1454 191 1540 ραῆλ
203 1456 253 1520 ἐπὶ
265 1458 321 1519 τοῦ
333 1453 513 1537 καλουμένου
525 1449 630 1529 τόπου,
644 1457 718 1539 βου-
749 1459 873 1539 έστηκας
885 1453 930 1521 ἀπ’
946 1452 1055 1529 αῦτοῦ,
1081 1449 1165 1531 άγιός
1179 1456 1248 1520 ἐστι.

111 1535 460 1624 νόςτιῦνάκροβυστιιῦν.
482 1534 590 1603 1δνδὲ
603 1533 716 1621 τρόπον
943 1542 976 1602 Κ
987 1544 1017 1601 E
1030 1542 1068 1601 111.
1112 1534 1153 1613 ς’.

109 1617 325 1725 περιεκάθαρεν
348 1617 461 1702 Ἰησοῦς
478 1617 546 1695 τοῦς
561 1618 641 1694 υίοῦς
655 1617 716 1684 Ἰο-
746 1587 863 1685 ¹⁰Ka2
875 1617 987 1708 Ἰεριχώ
1000 1621 1233 1704 συγκεκλασμένοι
1245 1623 1296 1687 καί
1309 1619 1351 1685 ῷ-

109 1705 200 1791 ραηλ,
226 1700 292 1770 όοοι
309 1703 385 1769 ποτὲ
404 1706 536 1781 ἐγένοντο
550 1706 628 1797 ἰντῆ
641 1701 714 1784 όδῷ,
743 1708 909 1790 χορωμένη,
934 1707 986 1770 καί
1006 1702 1100 1780 οῦδείς
1119 1700 1305 1788 ἐξεπορεύετο
1322 1708 1352 1782 ἔξ

107 1792 159 1853 καί
177 1784 244 1853 ὅσοι
260 1786 337 1852 ποτὲ
355 1784 548 1871 ἀπερίτμητοι
566 1776 642 1872 ῆσαν
653 1790 714 1850 τῶν
745 1786 852 1872 αὐτῆς,
878 1787 947 1854 οὐδὲ
963 1784 1166 1874 εἰςεπορεόετο.
1205 1787 1351 1854 1καίείπε

106 1866 329 1956 ἔξεληλυθότων
347 1872 378 1946 ἐξ
395 1866 573 1948 Αἰγύπτου,
596 1864 713 1944 πάντας
743 1869 844 1958 κόριος
855 1871 932 1958 πρός
942 1870 1069 1958 Ἰησοῦν.
1097 1871 1162 1937 ἰδοῦ
1175 1869 1235 1950 ἐγώ
1248 1897 1351 1957 παρα-

108 1952 233 2031 τοάτους
244 1956 408 2039 περιέτεμεν
418 1951 542 2037 Ἰησοῦς.
580 1954 714 2019 1’τεσσα-
743 1957 847 2038 δίδωμι
860 1951 1027 2058 ὑποχείριόν
1039 1981 1085 2021 σοι
1097 1955 1150 2040 τῆν
1158 1952 1279 2040 Ἶεριχάν,
1301 1958 1351 2021 καί

108 2038 239 2122 ράκοντα
251 2037 309 2123 γάρ
320 2038 372 2101 καὶ
382 2032 436 2102 δόο
447 2041 498 2119 έτη
507 2035 714 2121 ἀνέστραπται
745 2036 935 2125 τὸνβασιλέα
947 2043 1040 2122 αυτῆς
1052 2037 1105 2104 τόν
1119 2043 1150 2104 ίν
1163 2041 1252 2133 αὐτῆ,
1262 2040 1350 2104 δυνα·

106 2118 228 2207 Ἰσραῆλ
246 2125 277 2186 ἐν
290 2124 327 2206 τῆ
340 2117 438 2227 ἐρῆμον
449 2125 488 2213 τῆ
499 2120 714 2205 Μαβδοιρίτιδι.
745 2121 815 2196 τοὺς
827 2120 915 2198 ὄντας
928 2126 959 2187 έν
971 2118 1054 2206 λσχόϊ.
1091 2125 1106 2164 ²
1119 2121 1154 2187 οῦ
1168 2121 1199 2187 δέ
1210 2128 1350 2207 περίστη-

107 2204 154 2270 διὸ
167 2207 361 2289 ἀπερίτμητοι
375 2228 449 2288 ηοαν
467 2204 646 2268 οἱπλεῖστοι
659 2197 716 2265 οῦ·
747 2228 801 2269 σον
813 2202 890 2296 αὐτῇ
903 2203 973 2279 τοὺς
984 2210 1126 2289 μαχίμους
1138 2201 1245 2289 κόκλῳ.
1271 2206 1287 2246 ⁴
1300 2206 1352 2269 καί

108 2293 170 2353 τῷν
187 2293 247 2352 τῶν
263 2294 398 2392 μαχίμων
416 2293 476 2352 τῷν
492 2279 715 2371 εξεληλνθότων
748 2287 832 2351 ἔσται
845 2284 890 2360 ὡς
911 2285 949 2350 ἀν
965 2288 1125 2371 σαλπίσητε
1145 2292 1184 2382 τῆ
1203 2283 1351 2366 σάλπιγγι,

108 2375 140 2435 ἐκ
164 2375 218 2452 γῆς
238 2373 418 2448 Αἰγυπτου,
441 2373 473 2435 οἶ
497 2363 716 2454 ἀπειθήσαντες
748 2366 942 2454 ἀνακραγέτιο
966 2375 1025 2444 πάς
1049 2367 1067 2435 ό
1092 2367 1166 2445 λαός
1190 2366 1269 2453 ἅμα,
1301 2373 1353 2436 καί

109 2458 169 2517 τῷν
182 2452 309 2517 ἐντολῶν
327 2457 382 2516 τοῦ
400 2458 489 2528 θεοῦ,
515 2451 558 2528 οἷς
576 2454 628 2516 καί
646 2445 716 2516 διώ-
747 2447 975 2537 ἀνακραγόντων
992 2450 1093 2517 αὐτῶν
1108 2464 1236 2517 πεσεῖται
1259 2451 1352 2518 αότό-

110 2559 172 2620 ρισε
185 2532 224 2616 μῆ
238 2535 306 2598 ἰδεῖν
319 2532 427 2607 αὐτοὺς
440 2531 492 2616 τῆν
500 2540 566 2636 γῆν,
575 2530 609 2617 ῆν
618 2533 715 2617 ὤμοσε
745 2562 828 2617 ματα
849 2535 888 2601 τίι
908 2541 985 2619 τείχη
1002 2539 1055 2617 τῆς
1072 2530 1205 2608 πόλεως,
1231 2537 1282 2598 καί
1299 2540 1352 2609 είς-

109 2614 211 2703 κόριος
236 2627 299 2690 τοῖς
323 2612 473 2702 πατράσιν
499 2620 600 2680 αυτιῦν
615 2617 715 2680 δοῦναι
747 2613 1352 2701 ελεόσεταιπῦςὁλαόςόρμῆσαςὲκαστος

108 2705 164 2784 γῆν
177 2702 305 2786 ῥέουσαν
315 2695 396 2777 γάλα
407 2702 458 2765 καί
468 2699 544 2783 μέλι.
579 2696 714 2764 Ὶάντίδί
745 2701 824 2768 κατά
841 2699 1005 2791 πρόςωπον
1023 2705 1062 2777 εἰς
1074 2697 1129 2784 τῆν
1142 2696 1239 2766 πόλιν.
1276 2701 1355 2766 5καί

110 2778 226 2848 τοότων
243 2779 465 2867 άντικατέστησε
480 2780 548 2858 τοῦς
561 2779 646 2856 υίοάς
658 2780 715 2846 αῦ-
746 2788 878 2869 εῑςῆλθεν
899 2785 1017 2869 Ἰησοῦς
1041 2783 1058 2850 ὁ
1085 2788 1142 2849 τοῦ
1158 2787 1253 2868 Ναυῆ
1276 2782 1352 2871 πρὸς

108 2873 183 2943 τῶν,
210 2862 261 2941 οῦς
276 2864 392 2952 Ἰησοῦς
409 2871 584 2952 περιέτεμεν,
610 2865 659 2931 διὰ
677 2866 713 2931 τό
746 2869 816 2946 τοὺς
831 2875 914 2956 ίερεδς
937 2870 1016 2934 11καί
1028 2870 1107 2935 εἶπεν
1121 2866 1235 2944 αὐτοῖς,
1248 2869 1351 2945 λέγων.

107 2948 218 3025 αὐτοὺς
242 2956 431 3034 γεγεννῆσθαι
462 2951 540 3015 κατά
565 2946 617 3033 τῆν
645 2946 715 3014 ὁδόν
746 2955 964 3038 παραγγείλατε
978 2957 1021 3037 τῷ
1035 2954 1101 3034 λαῷ
1113 2952 1288 3036 περιελθεῖν,
1302 2955 1352 3016 καί

107 3029 329 3118 ἀπεριτμῆτους.
343 3036 586 3120 11περιτμηθέντες
599 3033 631 3098 δὲ
644 3028 713 3117 ῆσυ-
746 3038 896 3102 κυκλῷσαι
921 3034 975 3119 τῆν
996 3033 1091 3102 πόλιν.
1118 3038 1169 3100 καί
1186 3038 1217 3100 σῖ
1233 3029 1352 3118 μάχιμοι

106 3123 175 3202 χίαν
199 3117 274 3201 εἶχον
299 3114 410 3183 αὐτόθι
436 3112 597 3202 καθῆμενοι
621 3121 652 3182 ἐν
676 3122 714 3210 τῆ
745 3123 1063 3207 παραπορευέοθωσαν
1081 3121 1290 3201 ἐνωπλιομένοι
1304 3123 1352 3183 ἐν·

106 3201 281 3302 παρεμβολῆ
293 3206 348 3275 ἕως
362 3196 556 3284 ῦγιάσθηοαν.
570 3202 641 3266 9καί
653 3199 714 3265 εἶπε
746 3210 847 3269 αντίον
859 3210 970 3288 κυρίου.
996 3203 1351 3286 1καὶὲπτάἶερεΐςὲχον-

106 3278 205 3368 κόριος
218 3290 261 3366 τῷ
280 3291 366 3366 Ιηοοῖ
378 3289 434 3367 υίῷ
445 3289 548 3368 Ναυῆ.
566 3288 597 3348 ἐν
608 3289 646 3374 τῆ
660 3281 714 3365 σῆ-
746 3312 791 3359 τες
804 3284 881 3351 ἑπτὰ
894 3284 1058 3363 σάλπιγγας
1069 3284 1147 3370 ἱεράς
1155 3287 1351 3368 παρελθέτω-

105 3392 194 3450 μερον
219 3362 314 3450 ῆμέριρ
339 3365 461 3445 ἀφεῖλον
482 3367 535 3432 τὸν
551 3363 715 3450 ὀνειδισμὸν
747 3394 804 3432 σαν
829 3365 970 3441 ὡςαότως
1000 3373 1133 3433 ἐναντίον
1157 3373 1212 3431 τοῦ
1237 3375 1350 3469 κυρίου,

107 3444 270 3525 Αίγόπτου
288 3447 337 3528 ἀφ’
360 3448 449 3533 ῦμών.
475 3453 527 3515 καί
544 3445 661 3515 ἐκάλεσε
678 3449 713 3515 τό
746 3452 797 3515 καί
810 3453 1031 3533 σημαινέτωοαν
1050 3445 1184 3522 εὐτόνως.
1211 3452 1262 3512 καί
1306 3477 1352 3513 κι-

109 3531 205 3610 όνομα
222 3534 278 3594 τοῦ
295 3528 389 3596 τόπου
406 3536 529 3609 ἐκείνου,
555 3528 712 3609 Γάλγαλα.
744 3531 840 3620 βωτός
853 3538 906 3617 τῆς
914 3530 1060 3615 διαθῆκης
1069 3536 1174 3615 κυρίου
1185 3478 1352 3595 ἐπακολου-

107 3615 194 3677 1οκαὶ
207 3616 351 3697 ἐποίησαν
363 3620 395 3679 οί
407 3614 598 3702 υίοίἿσραῆλ
608 3616 644 3682 τὸ
654 3613 714 3682 πά·
744 3624 848 3684 θείτω.
887 3619 903 3660 ⁸
916 3619 948 3681 οδ
965 3615 996 3680 δὲ
1009 3612 1128 3700 μάχιμοι
1140 3617 1352 3695 παραπορευέ-

107 3724 165 3782 σχα
183 3701 221 3792 τῆ
238 3695 529 3791 τεοσαρεςκαιδεκάτη
548 3696 643 3802 ῆμέρᾳ
660 3704 715 3765 τοῦ
746 3711 872 3767 σθωσαν
894 3705 1080 3786 ἔμπροσθεν,
1105 3699 1157 3763 καὶ
1173 3701 1204 3762 οῖ
1222 3700 1303 3783 ἱερεῖς
1321 3703 1353 3763 οἶ

106 3778 196 3864 μηνός
208 3779 257 3863 ἀφ’
274 3783 400 3868 ἑσπέρας
412 3785 462 3847 ἐπὶ
474 3785 589 3864 δυσμῶν
613 3779 715 3867 Ιεριχιό
747 3781 941 3869 οόραγοῦντες
964 3782 1063 3849 ὀπίσω
1081 3787 1134 3865 τῆς
1151 3786 1279 3868 κιβωτοῦ
1298 3787 1352 3866 τῆς

107 3870 138 3928 έν
153 3868 197 3946 τῷ
216 3868 311 3950 πέραν
324 3871 378 3930 τοῦ
393 3862 548 3951 Ἰορδάνου
562 3870 593 3930 ἐν
604 3871 648 3949 τῷ
659 3871 714 3929 πέμ
746 3861 891 3949 διαθήκης
916 3874 1018 3948 κυρίου
1042 3866 1240 3942 σαλπίζοντες.
1278 3867 1351 3949 9τῷ

107 3949 170 4029 δίῳ.
211 3951 234 3988 11
247 3951 298 4013 καί
315 3947 469 4029 ἐφάγοοαν
481 3945 544 4014 ἀπὸ
558 3954 615 4013 τοῦ
628 3956 714 4015 σίτου
745 3949 777 4015 δὲ
789 3950 856 4032 λαῷ
868 3951 1031 4015 ἐνετείλατο
1040 3947 1166 4031 Ἰησοῦς,
1184 3949 1285 4027 λέγων.
1310 3947 1351 4034 μῆ

106 4036 159 4114 τῆς
169 4035 222 4114 γῆς
235 4029 330 4113 ἀζυμα
343 4034 394 4097 καί
407 4035 467 4095 νέα.
486 4035 513 4074 ¹²
526 4035 556 4096 ἐν
567 4029 663 4126 ταότη
676 4038 713 4126 τῆ
744 4039 844 4122 βοᾶτε,
854 4033 926 4117 μηδὲ
940 4028 1101 4100 ἀκουσάτω
1113 4033 1210 4117 μηδείς
1222 4031 1277 4118 τῆν
1286 4060 1351 4114 σω·

109 4110 204 4199 ῆμέριη
227 4116 337 4189 ἐξέλιπε
354 4116 391 4180 τὸ
410 4111 506 4196 μάννα
522 4115 595 4197 μετὰ
612 4115 647 4181 τό
666 4120 712 4201 βε-
747 4116 798 4220 νῆν
823 4114 918 4200 ὑμῶν,
944 4123 999 4191 ἕως
1016 4114 1054 4182 όίν
1072 4113 1184 4204 ῆμέραν
1201 4117 1351 4203 διαγγείλῃ

107 4201 249 4282 βρωκέναι
263 4197 375 4274 αὐτοὺς
388 4202 420 4262 ἐκ
430 4204 485 4262 τοῦ
497 4205 581 4264 σίτου
591 4205 643 4283 τῆς
652 4203 714 4279 γῆς,
746 4197 836 4274 αυτὸς
854 4199 1039 4287 ἀναβοῆσαι,
1066 4203 1116 4266 καί
1135 4197 1202 4266 τότε
1220 4196 1352 4300 ἀναβοῆ-

109 4281 159 4343 καί
172 4277 270 4344 οῦκέτι
290 4280 401 4366 ῦπῆρχε
421 4292 484 4355 τοῖς
503 4285 577 4356 υίοῐς
591 4280 715 4365 Ἰσραῆλ
746 4308 818 4348 σετε.
855 4287 884 4327 ¹⁰
897 4288 948 4350 καί
970 4285 1170 4368 περιελθοῦσα
1190 4282 1207 4363 ῆ
1226 4287 1352 4366 κιβωτος

107 4359 210 4442 μάννα.
225 4366 425 4448 έκαρπίσαντο
438 4363 470 4428 δὲ
482 4362 536 4446 τῆν
546 4359 646 4448 χώραν
657 4368 716 4427 τιῦν
746 4371 798 4449 τῆς
810 4364 954 4449 διαθῆκης
968 4374 1023 4432 τοῦ
1036 4372 1111 4431 θεοῦ
1124 4365 1238 4438 εὐθέως
1251 4363 1352 4444 ἀπῆλ-

111 4452 259 4510 Φοινίκων
272 4452 302 4511 ἐν
314 4453 358 4511 τῶ
372 4450 498 4528 ἐνιαυτῷ
511 4451 616 4529 ἐκείνῳ.
632 4448 717 4510 13καί
746 4458 801 4512 θεν
814 4453 853 4522 εἰς
863 4451 917 4532 τῆν
930 4449 1128 4533 παρεμβολὴν,
1141 4447 1193 4510 καὶ
1205 4444 1353 4524 έκοιμῆθη

109 4532 221 4607 ἐγένετο
234 4525 274 4603 ὡς
294 4518 328 4611 ῆν
341 4511 458 4612 ὅΙησοῦς
470 4532 501 4593 ἐν
514 4524 640 4614 Ἱεριχώ,
666 4531 717 4594 καὶ
731 4591 734 4602 ,
748 4534 812 4597 ἐκεῖ.
837 4535 861 4572 11
874 4535 925 4597 καί
937 4538 974 4624 τῆ
991 4530 1084 4613 ἡμέρη
1099 4533 1134 4621 τῆ
1148 4528 1269 4607 δευτέρη
1283 4522 1352 4587 ἀνέ·

1296 4628 1352 4684 οτη
