2924 4972
157 211 223 277 998
307 203 983 272 ΜΑκκΑΒΑιαΝΛονοοεοε
1023 197 1290 286 αεσξηιν.

157 322 307 406 πάσχομεν
326 318 543 403 ἁμαρτάνοντες
571 323 611 392 είς
627 316 683 383 τὸν
699 320 770 383 ἑαυ-
803 321 851 394 ξαν
865 317 919 380 τὸν
932 317 1084 391 θάνατον,
1109 321 1162 382 ἵνα
1175 320 1208 382 ἐν
1218 323 1265 401 τῷ
1279 320 1357 384 ἐλέει
1370 321 1420 387 σύν

157 412 219 472 τάν
232 405 315 481 θεὸν,
336 401 384 468 διὸ
402 400 473 478 άξια
484 405 670 484 θαυμαομοά
681 403 772 479 νίνο-
804 411 869 475 τοῖς
881 398 1023 480 ἀδελφοῖς
1034 424 1090 465 σου
1100 407 1271 503 κομίσωμαί
1283 428 1327 468 σε.
1342 405 1419 470 20ἔτι

157 512 196 555 νε.
221 485 347 554 19σύδί
369 484 410 567 μή
432 490 556 577 νομίσης
577 483 684 558 άθάος
707 488 772 550 ἔσε-
805 483 837 548 δὲ
850 479 964 567 ταύτης
975 481 1199 570 καταλενουσης
1216 483 1421 564 ὁνεανίαςεί-

159 583 246 648 σθαι,
258 580 418 655 θεομαχεῖν
429 564 621 652 ἐπιχειρήσας.
636 570 667 612 ²⁰
681 564 772 653 ύπερ·
804 592 852 632 πε.
876 571 944 630 τίνα
968 568 1083 648 μένετες
1109 567 1165 652 ούχ
1186 566 1339 636 ύπακούω
1364 577 1422 638 τοῦ

159 654 293 735 ανάντως
314 653 347 720 δὲ
379 646 515 736 ήμήτηρ
534 662 643 743 θαυμα
686 650 692 671 “
722 653 773 715 καί
805 647 1036 736 προςτάνματος
1054 651 1283 755 τοῦχδααιλίας.
1311 655 1422 722 τοῦδέ

158 736 273 824 μνήμης
285 737 407 820 άναθής
419 733 507 812 ἀξία,
524 731 589 818 ήτις
602 676 773 839 άπδλλυμέ-
806 733 1035 816 προςτάνματος
1053 732 1156 801 άκουω
1170 740 1229 801 τού
1248 736 1349 820 νόμου
1365 744 1421 805 τού

159 847 229 897 νους
248 820 333 896 υἱούς
349 815 429 884 ἑπτά
446 821 605 902 συνσρῶσα
622 822 691 901 μιᾶς
710 815 773 882 υπὸ
806 816 953 891 δοθέντος
981 829 1045 892 τοῖς
1074 816 1223 903 πατράσιν
1254 819 1344 904 η’μοῖν
1371 822 1422 888 διά

160 903 266 991 καιρὸν
279 902 388 989 ἡμέρας
405 898 544 985 εύφύχονς
557 903 642 986 ἔφερε
655 900 705 966 διά
718 901 774 975 τάς
807 904 976 975 Μωυσέως.
1004 898 1077 966 22σύ
1087 899 1121 965 δὲ
1137 897 1236 985 πάσης
1247 911 1361 982 κακίας
1373 905 1422 972 εύ-

162 991 214 1055 ίπί
226 984 329 1072 κύριον
341 986 471 1059 ίλπίδας.
497 987 657 1049 22ίίιαστον
670 984 703 1048 δὲ
716 983 773 1049 αύ-
807 980 892 1068 ρετής
903 979 1056 1066 γενόμενος
1069 988 1108 1060 είς
1119 981 1360 1072 τοὺςἝβραίους
1381 990 1420 1055 ού

160 1066 449 1160 τάνπαρεκάλειτῇ
471 1073 591 1152 πατρίῳ
610 1072 694 1150 φωνῆ
706 1091 772 1145 χεν-
806 1065 849 1149 μή
874 1063 1021 1158 διαφύνης
1044 1066 1100 1143 τάς
1121 1078 1222 1152 χεῖρας
1247 1074 1305 1136 τού
1331 1078 1421 1139 θεοῦ.

161 1162 239 1238 ναίιρ
263 1152 476 1238 πεπληρωμένη
500 1140 685 1234 φρονήματά
722 1152 773 1215 καί
807 1146 923 1234 22ήμιτς
935 1147 1056 1235 χάρδιά
1070 1148 1255 1226 τάςίαυτάν
1268 1152 1422 1259 ἁμαρτίας

162 1237 218 1305 τὸν
230 1237 327 1323 θήλεα
339 1233 482 1319 λογισμὸν
499 1233 601 1318 άρσενι
611 1237 703 1318 θυμῷ
715 1234 773 1298 διε·
805 1235 966 1318 πάσχομεν.
993 1234 1056 1298 22εί
1067 1233 1102 1298 δὲ
1121 1235 1207 1320 χάριν
1232 1238 1365 1322 ἐπιπληξ

161 1328 298 1472 χεῗαοα,
310 1318 445 1397 λέγουσα
457 1318 535 1402 πρὸς
547 1312 667 1392 αὐτούς.
681 1315 772 1382 22ούκ
806 1318 857 1380 καί
868 1316 1005 1392 παιδείας
1018 1314 1036 1380 ὅ
1050 1319 1108 1394 ζῶν
1127 1315 1231 1403 κύριος
1244 1315 1330 1402 ήμῶν
1343 1327 1421 1472 ἔρρ’

162 1404 197 1470 οἶ
239 1401 324 1477 ὅπως
340 1407 381 1478 είς
397 1401 453 1485 τήν
472 1397 543 1484 ἐμήν
559 1396 688 1485 ἐφάνητε
709 1425 773 1466 κοι-
806 1401 881 1484 χέας
893 1395 1087 1485 έπάργισται,
1096 1402 1148 1464 καί
1159 1397 1251 1467 πάλιν
1262 1429 1345 1469 κατα
1404 1446 1421 1459 -

163 1488 241 1562 λίαν,
254 1484 393 1563 ούδύδνά
406 1486 444 1550 τὸ
458 1488 572 1566 πνεῦμα
585 1484 702 1568 κοίτην
714 1484 773 1560 ζω-
805 1481 930 1584 νήσεται
951 1494 1016 1558 τοῖς
1037 1486 1147 1549 έαυτού
1171 1482 1301 1562 δούλοις.
1330 1490 1363 1532 ³⁴
1382 1488 1421 1555 σὺ

162 1566 279 1654 ι’χνύμῖν
290 1568 484 1671 ἐχαρισάμην,
510 1568 561 1631 καί
578 1565 633 1648 τήν
647 1565 773 1632 ἑκάστου
806 1567 839 1629 δε
857 1565 882 1630 ά
908 1565 1008 1632 άνόσιε
1029 1569 1083 1633 καί
1098 1566 1224 1634 πάντων
1240 1567 1422 1656 άνθρύπων

164 1659 350 1737 στοιχείωσιν
389 1677 444 1716 ουν
486 1649 545 1727 ἔνιά
584 1646 772 1736 διερύθμισα.
806 1647 1031 1754 μιαράτατε,μή
1040 1649 1139 1737 μάτην
1150 1657 1327 1740 μετεωρίζου
1340 1681 1420 1743 φρυ.

165 1738 196 1781 ²³
210 1737 373 1840 τοιγαροῦν
391 1732 480 1800 ὁτού
491 1729 603 1815 κόσμου
615 1739 741 1819 κτίστης,
756 1732 773 1797 ὁ
808 1728 969 1815 αττόμενος
983 1732 1107 1818 αδήλοις
1125 1735 1255 1811 ἐλπίσιν,
1281 1741 1334 1803 ἐπὶ
1346 1737 1420 1813 τούς

163 1818 285 1894 πλάσας
303 1813 474 1903 ανθράπου
494 1819 607 1895 γένεσιν
624 1821 677 1883 καί
692 1815 773 1883 πάν·
807 1812 936 1891 δούλους
971 1814 1068 1885 αὐτοῦ
1099 1815 1290 1904 ἐπαιρόμενος
1320 1835 1415 1903 χεῖρα.

164 1929 227 1969 των
242 1901 366 1987 ίξευράν
383 1905 511 1979 γένεσιν,
536 1900 641 1965 καὶτὸ
660 1906 774 1982 πνεῦμα
807 1901 837 1943 ³⁵
851 1898 938 1963 ούπω
947 1898 1007 1985 γάρ
1025 1900 1080 1984 τήν
1092 1906 1148 1967 τού
1165 1898 1357 1983 παντοκράτο
1376 1926 1412 1976 ος

164 1989 216 2050 καί
264 1982 270 2002 “
318 1981 396 2067 ζωήν
407 1980 476 2065 ύμῖν
500 1981 593 2047 πάλιν
617 1979 774 2048 ἀποδώσει
807 1978 943 2047 ἒπύπτου
952 1989 1030 2048 θεοῦ
1039 1987 1331 2069 κρίσινίκπέφευνας.
1382 1988 1416 2049 ολ

163 2065 221 2149 μετ’
290 2069 357 2139 ὀυς,
376 2063 418 2140 ὡς
439 2069 491 2129 νῦν
515 2062 679 2150 ὑπερορᾶτε
702 2069 774 2130 ἕαυ-
806 2064 929 2150 μὲνγὰρ
943 2071 993 2131 νῦν
1010 2066 1143 2153 ἡμέτεροι
1161 2063 1288 2147 άδελφοὶ
1299 2067 1416 2154 βραχὺν

163 2147 234 2225 τούς
251 2148 301 2214 διά
318 2147 390 2223 τούς
410 2145 506 2213 αὐτοῦ
525 2143 639 2230 νόμους.
665 2149 698 2192 22
710 2145 729 2214 ὅ
742 2148 775 2214 δὲ
807 2146 1015 2226 ύπενίνκαντες
1038 2147 1133 2215 πόνον
1150 2148 1275 2216 άεννάου
1288 2153 1367 2236 ζωῆς
1379 2149 1415 2216 ύ·

157 2231 310 2317 Ἀντίοχος
319 2231 451 2315 οἰόμενος
461 2241 719 2317 καταφρονεῖσθαι
724 2234 775 2299 καί
806 2230 848 2297 πὸ
862 2229 1008 2318 διαθήκην
1020 2237 1098 2298 θεοῦ
1109 2229 1295 2300 πεπτώκασι.
1332 2235 1370 2300 σὺ
1383 2235 1415 2298 δέ

164 2317 220 2400 τήν
238 2314 438 2392 ὀνειδίζουσαν
457 2311 647 2419 ὑφορώμενος
660 2315 775 2401 φωνήν,
806 2320 845 2410 τῇ
856 2320 912 2381 τοῦ
925 2321 1002 2382 θεού
1013 2322 1107 2403 κρίσει
1123 2317 1224 2382 δίκαια
1236 2315 1276 2383 τά
1292 2315 1414 2404 πρόςτι-

164 2403 210 2464 έτι·
222 2404 279 2464 τοῦ
291 2403 435 2484 νεωτέρου
447 2423 619 2483 περιοντος,
632 2397 669 2462 ού
681 2395 776 2482 μόνον
805 2424 849 2481 μα
869 2405 922 2483 τῆς
939 2397 1142 2487 ὑπερηφανίας
1159 2400 1284 2483 άποίση.
1311 2404 1341 2446 ³⁷
1355 2400 1414 2477 ἐγώ

140 2533 143 2539 .
164 2480 214 2548 διά
232 2477 335 2559 λόγων
349 2487 481 2548 ἐποιεῖτο
499 2479 555 2564 τήν
573 2478 773 2586 παράκλησιν,
806 2480 840 2547 δὲ
853 2479 993 2569 καθάπερ
1012 2488 1044 2549 σί
1055 2482 1182 2565 ἀδελφοί
1193 2472 1316 2567 μου’και“
1327 2490 1416 2567 σοίμα

165 2563 244 2631 ἄλλά
252 2569 303 2630 καί
312 2565 347 2630 δι’
360 2562 459 2650 ὅρκων
469 2568 602 2640 ἐπίστου,
612 2566 673 2647 ἅμα
682 2567 774 2631 πλου·
806 2568 856 2630 καί
879 2568 979 2652 ψυχήν
995 2567 1162 2651 προδίδωμι
1179 2570 1248 2653 περὶ
1267 2571 1329 2633 τῶν
1349 2593 1415 2632 πα-

164 2661 237 2715 τιεῖν
259 2651 310 2714 καί
329 2648 516 2735 μακαριστὸν
527 2645 661 2732 ποιήσειν
682 2675 773 2733 μετα·
804 2656 896 2733 τρίων
909 2652 1014 2732 νόμων,
1025 2651 1258 2734 ἐπικαλούμενος
1270 2652 1326 2717 τὸν
1339 2650 1416 2715 θεὸν

164 2741 292 2814 θέμενον
306 2731 369 2798 άπὸ
382 2738 443 2797 τῶν
455 2737 592 2815 πατρίων
605 2729 712 2815 νόμων,
723 2736 774 2797 καί
804 2734 892 2799 ἵλεων
905 2736 980 2817 ταχὺ
993 2738 1039 2817 τῷ
1051 2737 1132 2799 έθνει
1144 2739 1300 2811 γενέσθαι,
1317 2738 1368 2799 καί
1382 2733 1416 2800 σὲ

164 2816 255 2898 φίλον
279 2819 352 2892 ἕξειν
382 2817 434 2879 καί
457 2821 555 2898 χρείας
568 2813 772 2896 ίμπιστεύσειν.
802 2816 877 2896 μετὰ
890 2820 1026 2899 ἐτααμιδν
1038 2820 1090 2882 καί
1106 2825 1259 2900 μαστίγων
1272 2819 1417 2900 ἐξομολο-

163 2902 193 2943 25
206 2906 262 2965 τοῦ
274 2900 307 2965 δὲ
320 2905 437 2965 νεανίου
455 2899 598 3002 μηδαμῶς
615 2903 771 2984 προςέχον-
803 2896 973 2983 χήσασθαι,
999 2898 1075 2965 διότι
1087 2899 1177 2981 μόνος
1190 2898 1283 2973 αὐτὸς
1296 2903 1373 2976 θεός
1387 2905 1419 2966 ἐ-

163 3009 226 3058 τος,
245 2979 515 3070 προςκαλεσάμενος
529 3008 548 3046 ο
565 2983 704 3069 βασιλεὺς
717 2984 773 3067 τήν
805 3007 877 3046 στιν.
904 2984 935 3026 ³⁸
949 2988 980 3048 ἐν
992 2986 1059 3065 ἐμοί
1075 2982 1108 3047 δὲ
1123 2983 1175 3045 καί
1191 2992 1255 3053 τοῖς
1268 2978 1420 3059 άδελφοῖς

162 3070 295 3151 μητέρα,
320 3093 366 3130 πα
385 3064 513 3147 ήνειτοῡ
526 3074 679 3149 μειρακίου
692 3070 773 3145 νενέ-
803 3092 861 3146 μου
883 3071 985 3169 στήναι
1009 3065 1062 3149 τήν
1082 3068 1139 3128 τού
1161 3059 1419 3151 παντοκράτορος

162 3158 239 3213 σθαι
253 3092 422 3253 σύμβουλον
435 3150 485 3212 ἐπὶ
501 3156 644 3232 σωτηρίᾳ.
658 3149 768 3214 2ῧπολ·
803 3148 893 3234 ὀργήν
904 3173 959 3231 την
970 3152 1021 3213 ἐπί
1036 3148 1073 3214 τὸ
1092 3145 1209 3227 σύμπαν
1227 3145 1314 3228 ήμῶν
1328 3154 1416 3225 γένος

161 3228 202 3295 λά
225 3229 259 3296 δὲ
282 3235 381 3297 αυτοῦ
414 3234 653 3315 παραινέσαντος
670 3235 772 3298 ἐπεδέ-
803 3234 1106 3334 δικαίωςέπηνμένην.
1132 3231 1304 3314 29ἐίιθυμος
1318 3232 1414 3312 δὲμε-

160 3315 236 3390 ξατο
249 3319 357 3380 πείσειν
368 3312 425 3379 τὸν
437 3310 510 3379 υίόν.
538 3313 772 3400 22προςκύφασα
803 3311 918 3397 νόμενας
931 3310 948 3376 ὁ
961 3313 1113 3398 βασιλευς,
1125 3308 1226 3395 τούτῳ
1240 3314 1328 3401 παρά
1341 3314 1414 3390 τούς

162 3398 195 3462 δὲ
207 3397 303 3482 αὐτῷ,
315 3394 486 3484 χλευάσασα
498 3396 553 3464 τὸν
566 3396 649 3482 ὠμὸν
661 3401 772 3487 τύραν.
803 3398 913 3473 ἄλλους
937 3401 1086 3482 χειρίστας
1111 3392 1275 3481 άπήντησε,
1299 3403 1413 3485 πικρῶς

161 3504 228 3558 νον,
254 3479 352 3570 ούτως
365 3485 455 3565 ἔφησε
472 3487 512 3576 τῇ
531 3481 662 3567 πατρῴᾳ
674 3489 770 3567 φωνή.
803 3483 963 3568 φέρωνέπί
976 3485 1020 3564 τῷ
1032 3486 1232 3585 μυκτηρισμῷ.
1256 3475 1412 3548 40καλού-

161 3564 207 3628 vi&
220 3564 341 3648 ἐλέησόν
353 3591 387 3646 με
398 3562 453 3648 τήν
463 3568 493 3628 ἐν
505 3570 614 3647 γαστρί
624 3559 770 3651 περιενέή-
802 3592 854 3639 τος
868 3568 922 3631 οὐν
938 3567 1077 3649 καθαρὸς
1096 3589 1152 3630 τον
1168 3568 1234 3650 βίον
1250 3566 1411 3648 μετήλλαξε

160 3644 259 3711 κασάν
276 3673 308 3711 σε
320 3653 413 3732 μήνας
432 3651 529 3724 ἐννέα,
556 3651 608 3712 καί
628 3647 771 3734 θηλάσα-
800 3648 954 3722 παντελῶς
981 3651 1030 3714 ἐπὶ
1054 3654 1100 3732 τῷ
1125 3653 1219 3732 κυρίῳ
1242 3650 1410 3730 πεποιθώς.

161 3726 221 3792 σάν
234 3755 265 3793 σε
279 3733 330 3815 έτη
344 3739 429 3816 τρία,
455 3733 507 3796 καί
524 3731 724 3815 ἒκθρέηνασάν
738 3759 770 3798 οε
801 3730 943 3817 21ἐσχάτη
957 3732 990 3797 δὲ
1002 3736 1063 3796 τοῖν
1072 3735 1144 3814 υἶῷν
1156 3731 1174 3814 ή
1187 3728 1283 3816 μήτηρ
1298 3730 1412 3797 ἐτελεύ-

159 3814 211 3873 καὶ
220 3810 397 3890 ἀγαγοῦσαν
408 3819 446 3890 είς
455 3812 509 3900 τήν
519 3813 637 3899 ήλικίαν
645 3814 769 3900 ταύτην,
801 3839 879 3900 τησε.
905 3814 939 3857 ⁴²
952 3815 993 3879 τά
1009 3817 1062 3897 μὲν
1083 3815 1137 3881 σύν
1157 3817 1225 3898 περί
1247 3815 1413 3900 σπλαγχνι-

159 3896 212 3957 καί
225 3896 514 3982 τροφοφορήσαοαν.
546 3899 577 3939 ²⁸
587 3896 664 3975 άξιοῖ
677 3925 707 3964 σε
717 3903 768 3964 τέ-
801 3897 909 3981 σμούς,
922 3901 974 3963 καί
987 3898 1042 3974 τάς
1055 3895 1299 4003 ὑπερβαλλούσας
1313 3905 1413 3976 αἰκίας

159 4000 237 4052 κνον,
251 3975 471 4063 ἀναβλέψαντα
498 3986 537 4055 είς
559 3979 613 4046 τὸν
637 3981 768 4069 οὐρανὸν
799 3983 1213 4065 ἕπίτοσούτονδεδηλωσθω.

157 4063 211 4125 καὶ
223 4059 278 4144 τήν
290 4066 359 4144 χήν,
386 4066 437 4127 καί
449 4063 489 4129 τά
503 4067 534 4128 ἐν
548 4064 653 4140 αὐτοῖς
665 4064 767 4133 πάντα
819 4073 831 4100 ⁹
982 4072 1108 4130 ΚΕΦ.
1152 4064 1208 4129 Η’.

158 4143 271 4220 ἰδόντα,
283 4149 395 4222 ννιύναι
407 4143 454 4210 ὅτε
467 4152 498 4225 ἐξ
509 4145 563 4212 ούκ
573 4146 670 4213 άντων
681 4154 766 4215 ἓποί-
800 4116 936 4225 Ιούδας
949 4147 983 4215 δὲ
1001 4148 1229 4235 ὁΜακκαβαίος
1246 4150 1300 4212 καί
1312 4153 1344 4212 ol
1356 4150 1413 4214 σὺν

155 4252 225 4309 ησεν
240 4225 320 4293 αύτά
333 4225 351 4293 ὁ
363 4226 447 4304 θεὸς,
456 4235 508 4296 καί
517 4230 553 4296 τὸ
563 4235 626 4297 ταῖν
639 4230 764 4316 άνθριά·
799 4232 895 4318 αὐτῷ,
924 4231 1221 4319 παρειςπορευόμενοι
1235 4229 1413 4314 λεληθότως

154 4336 222 4374 πων
246 4314 333 4389 γένος
358 4309 454 4386 ούτως
481 4317 642 4395 γεγένηται.
682 4318 712 4359 ²⁹
723 4316 764 4420 μή
798 4322 837 4391 εἰς
863 4316 918 4393 τάς
944 4315 1046 4397 κώμας
1069 4315 1310 4401 προςεκαλοῦντο
1338 4313 1412 4392 τούς

155 4398 297 4479 φοβηθῇς
319 4396 373 4461 τὸν
396 4393 504 4480 δήμιον
527 4401 655 4473 τοῦτον,
682 4397 764 4464 άλλα
798 4413 948 4479 συννενεῖς,
962 4404 1013 4465 καί
1024 4399 1098 4474 τούς
1109 4397 1305 4485 μεμενηκότας
1318 4401 1352 4463 έν
1365 4402 1412 4482 τρῖ

152 4481 212 4539 τῶν
225 4463 362 4557 ἀδελφῶν
375 4480 456 4558 άξιος
468 4474 638 4558 νενόαενος,
665 4484 762 4548 ἒπίδε·
792 4484 969 4568 Ἰουδαϊσμῷ
981 4482 1225 4569 προςλαβόμενοι,
1239 4479 1411 4594 συνήγαγον

1371 4592 1410 4643 ⁸⁶⁹
