2924 4972
299 234 590 297 mmmm
608 236 836 297 amm
874 244 952 315 περ.
966 232 1025 298 ια’.
1039 235 1091 302 21.
1258 241 1324 313 3³3

77 350 188 424 αὐτοῖς.
221 353 272 414 καί
289 345 409 431 ίζητησε
427 346 533 411 Σαοὺλ
550 343 684 422 πατάξω
713 344 867 414 Ἰωνάθαν
884 352 941 413 τοῦ
960 353 1028 414 υίοῦ
1046 348 1141 415 αὐτοῦ
1157 348 1245 436 παρὰ
1262 368 1322 421 τῶν

77 430 186 507 αότοὺς
216 435 246 495 ἰν
270 435 314 513 τῷ
341 430 471 512 ζηλῶσαι
497 426 589 494 αὐτὸν
615 424 684 503 τοῦς
716 426 832 517 ἀνδρῶν
851 435 923 496 υίιόν
937 428 1031 518 Ἰαβὶς
1050 429 1180 497 Γαλαὰδ
1196 441 1228 498 οἳ
1242 434 1324 499 τ”τλε-

76 514 158 590 υίοάς
173 510 297 598 Ἰσραὴλ
314 516 365 577 καί
378 508 490 578 Ἰούδα.
529 512 608 577 3καί
623 509 685 575 είπε
716 532 781 595 φαν
804 511 917 589 αὐτοὺς
934 516 967 578 ίκ
983 520 1037 598 τῆς
1056 514 1199 590 πλατείας
1216 522 1323 582 Βαιθ-

76 599 173 664 Δαυίδ
202 592 279 682 πρός
309 594 383 670 τοῦς
407 599 615 681 Γαβαωνίτας.
654 599 686 658 τί
717 593 789 670 σάν,
815 592 862 660 ότι
880 599 1009 679 ἔστησαν
1026 594 1324 673 αὐτοῦςίκείοίᾶλ

74 677 192 765 ποιήσω
212 677 290 760 ὑμῖν,
316 681 368 744 καί
385 682 416 743 ἐν
427 685 484 743 τίνι
497 673 684 760 ίξιλάσωμαι,
717 672 841 758 λόφυλοι
867 681 899 743 ἐν
915 682 954 779 τῇ
971 675 1063 767 ἦμίριη
1080 671 1101 762 ἦ
1120 676 1275 758 ἐπάταξαν
1293 686 1325 747 ολ

73 768 124 830 καί
148 758 315 846 εὐλογήσετε
340 758 395 845 τὴν
408 762 613 864 ὶκληρονομίαν
631 785 684 824 κυ-
717 755 883 839 ἀλλόφυλοι
914 785 968 826 τον
992 748 1098 830 Σαοὺλ
1123 768 1155 831 ἰν
1180 764 1322 852 Γελβουί.

74 855 140 932 ρίου
145 876 159 926 ,·
186 846 268 910 *καί
280 843 366 910 εἶπαν
380 849 465 927 αυτῷ
478 849 510 909 οί
521 848 680 930 Γαβαωνί-
716 843 801 906 13τισί
808 838 958 926 ἀνήνεγκεν
967 846 1078 911 ἐκεῖθεν
1086 843 1123 911 τά
1131 845 1323 915 ὀστᾶΣαοῦλ

73 956 132 995 ται.
146 927 203 994 οὐκ
215 930 295 994 ἔστιν
307 924 374 1011 ἡμῖν
384 924 524 1013 ἀργύριον
534 928 683 1032 εἶχρυσίον
716 928 769 990 καί
779 923 819 989 τά
830 923 906 991 ὀστᾶ
915 922 1064 993 Ἰωνάθαν
1074 933 1129 994 τοῦ
1139 934 1204 996 υίοῦ
1214 929 1322 1007 αὐτοῦ,

73 1011 148 1096 μετά
164 1008 272 1075 Σαοὺλ.
291 1014 342 1075 καί
358 1011 431 1093 μετά
447 1015 504 1075 τοῦ
522 1035 608 1076 οικου
626 1006 682 1074 αιἰ-
716 1009 769 1072 καί
782 1003 929 1092 συνάγαγε
942 1007 982 1072 τά
995 1006 1073 1074 ὀστᾶ
1082 1015 1143 1075 τᾶν
1151 1014 1322 1096 ἐξηλιασμί-

73 1100 144 1172 τοῦ,
170 1096 220 1159 καί
237 1092 293 1159 οὐκ
312 1098 392 1158 ἐστιν
411 1091 479 1177 ἡμῖν
492 1091 568 1177 ἀνὴρ
581 1102 683 1156 θανα-
715 1114 781 1155 νων.
818 1090 848 1133 ¹⁴
862 1090 914 1156 καί
927 1093 1052 1170 ἔθαψαν
1070 1090 1109 1156 τά
1127 1091 1202 1159 ὀστᾶ
1218 1096 1323 1162 Σαοὺλ

72 1183 170 1243 τῶσαι
187 1181 218 1242 ἐν
233 1173 364 1276 Ἰσραηλ
390 1178 441 1240 καί
460 1174 528 1240 εἶπε.
556 1179 588 1237 τί
605 1171 683 1254 ὑμεῖς
716 1176 767 1238 καί
779 1171 819 1237 τά
831 1170 910 1239 ὀστᾶ
919 1171 1070 1238 Ἰωνάθαν
1082 1179 1137 1239 τοῦ
1150 1180 1218 1240 υίοῦ
1227 1175 1323 1243 αῦτοῦ

74 1261 181 1336 λέγετε,
203 1260 254 1322 καί
266 1283 384 1340 ποιησω
399 1255 480 1338 ῦμῖνς
506 1258 586 1319 6καί
598 1255 684 1322 εἶπαν
715 1259 767 1320 καί
791 1253 830 1321 τά
849 1253 925 1322 ὀστᾶ
941 1260 1003 1320 τῶν
1025 1253 1224 1322 ’λιασθίντων
1240 1261 1270 1322 δν
1287 1264 1325 1352 γῇ

75 1341 153 1425 πρὸς
173 1339 369 1423 τὸνβασιλέα.
396 1335 502 1423 ὀάνὴρ
520 1334 553 1413 ὃς
570 1342 684 1404 συνετί-
716 1342 856 1421 Βενιαμίν
880 1344 911 1405 ίν
935 1343 975 1431 τῇ
994 1282 1108 1425 πίτυρᾷ
1128 1342 1159 1404 ἐν
1176 1344 1222 1421 τῷ
1237 1335 1325 1426 τάφῳ

74 1426 156 1489 λεσεν
181 1420 223 1503 ἐφ’
252 1417 327 1504 ἡμᾶς
352 1424 403 1486 καί
428 1422 542 1497 ἐδίωξεν
558 1417 683 1505 ἡμᾶςός
715 1416 969 1508 Κίςτοῦπατρός
982 1419 1088 1490 αὐτοῦ.
1114 1423 1167 1489 καί
1179 1426 1326 1507 ἐποίησαν

72 1506 297 1589 παρελογίσατο
310 1505 517 1588 ι’ξολοθρεῦσαι
532 1500 620 1587 ἡμᾶς»
643 1503 682 1569 0}-
713 1501 814 1571 πάντα
826 1501 887 1571 ἀσα
900 1505 1064 1571 ἐνετείλατο
1078 1502 1254 1592 ὀβασιλεάς.
1273 1509 1326 1574 καί

75 1594 245 1672 φανίσωμεν
257 1585 358 1663 αὐτόν,
371 1586 479 1671 τοῦμη
492 1582 613 1653 ἑστάναι
624 1585 681 1652 αι’ν-
714 1583 876 1673 ἐπήκουσεν
894 1584 997 1663 ὀθεός
1013 1594 1051 1682 τῇ
1068 1593 1108 1681 γῇ
1123 1587 1197 1671 μετά
1214 1593 1323 1657 ταῦτα.

74 1674 130 1737 τὸν
155 1674 186 1737 ἰν
201 1673 291 1736 παντί
309 1666 383 1757 ὁρίῳ
401 1665 531 1756 Ἰσραήλ
570 1671 586 1714 ⁶
598 1667 681 1736 δότω
712 1667 941 1774 16καὶέγενηθη
955 1674 999 1737 ἔτι
1012 1668 1142 1755 πόλεμος
1154 1686 1217 1748 τοῖς
1229 1670 1323 1741 ἀλλο-

72 1751 143 1837 ἡμῖν
156 1753 235 1819 ἑπτά
246 1752 355 1839 ἀνδρας
367 1756 400 1818 ἐκ
413 1758 472 1819 τιῦν
485 1758 559 1820 υῖιῦν
572 1752 679 1828 αὐτοῦ,
714 1748 819 1835 φόλοις
829 1779 904 1837 μετα
914 1752 944 1819 'l
976 1751 1044 1840 αηλ.
1071 1758 1122 1820 καί
1134 1760 1245 1844 κατέβη
1257 1761 1323 1823 Δα-

71 1840 123 1904 καί
140 1833 337 1922 ἕξηλιάσωμεν
354 1834 466 1912 αότοὺς
483 1840 529 1920 τῷ
540 1843 633 1922 κυρίῳ
647 1840 679 1902 ἐν
714 1838 762 1903 υίδ
777 1840 828 1903 καί
847 1841 879 1904 οί
896 1780 999 1914 uuae
1017 1835 1114 1905 αιἰτοῦ
1129 1837 1191 1922 μετ’
1213 1838 1323 1917 αὐτοῦ,

69 1925 115 2005 τῷ
127 1917 261 2006 Γαβαών
272 1917 378 1986 Σαοὺλ.
393 1917 547 1996 ἐκλεκτοὺς
562 1928 677 2047 κυρίου.
711 1925 762 1986 καί
774 1922 958 2005 ἐπολέμησαν
973 1918 1046 2005 μττά
1058 1927 1120 1988 τοῦν
1132 1920 1320 2004 ἀλλοφύλων.

70 1998 397 2091 καίείπενὸβασιλεάς.
415 2001 474 2082 ἐγυό
486 1998 584 2070 διόσω.
627 2005 678 2068 καί
711 2004 763 2068 καί
781 2000 934 2091 ι’ττορεόθη
951 2006 1050 2071 Δαυίδ
1072 2008 1164 2072 16καί
1180 2003 1267 2093 Ἰεσβί
1287 2003 1322 2083 ὃς

72 2089 209 2166 ἐφείσατο
226 2084 393 2173 ὀβασιλεός
411 2088 462 2151 ἐπὶ
475 2084 678 2190 Μεμφιβοσθὲ
713 2074 748 2169 ἧν
768 2088 797 2150 ἓν
808 2098 871 2161 τοῖς
888 2084 1016 2164 ἐκγόνοις
1032 2093 1087 2153 τοῦ
1099 2084 1216 2170 Ῥαφά,
1240 2087 1322 2156 καίό

71 2170 135 2234 υίόν
144 2168 295 2235 Ἰωνοίθαν
308 2174 375 2234 υίοῦ
384 2167 493 2233 Σαοὺλ
503 2167 552 2234 διά
563 2193 616 2234 τον
625 2165 679 2253 ὀρ-
712 2165 851 2251 σταθμός
863 2175 918 2235 τοῦ
931 2166 1061 2255 δόρατος
1073 2168 1178 2248 αὐτοῦ,
1199 2198 1320 2257 τριακο·

69 2278 123 2318 κον
141 2258 246 2336 κυρίου
258 2252 312 2317 τὸν
331 2249 477 2334 ἀναμέσον
490 2248 604 2326 αὐτῶν,
629 2252 681 2314 καί
714 2257 787 2315 σίων
799 2248 905 2316 σίκλων
921 2249 996 2344 ὁλκῇ
1011 2253 1133 2357 ηαλκοῦ.
1161 2257 1213 2320 καὶ
1228 2252 1322 2331 αῦτός

71 2333 220 2417 ἀναμέσον
232 2336 338 2408 Δαυίδ,
351 2337 402 2398 καὶ
414 2331 561 2415 ἀναμέσον
571 2328 679 2398 Ἰωνά-
712 2335 936 2416 περιεζωσμένος
949 2361 1092 2420 κορυνην,
1119 2341 1170 2403 καί
1181 2340 1321 2403 διενοεῖτο

71 2429 136 2483 θαν
149 2421 216 2481 υἱοῦ
230 2414 344 2481 Σαοὺλ.
358 2417 431 2479 8καί
443 2417 550 2501 ἐλαβεν
562 2415 580 2480 ὁ
593 2420 680 2502 βασι·
712 2421 769 2481 τοῦ
786 2411 917 2492 πατάξαι
934 2413 988 2481 τὸν
1000 2419 1107 2482 Δαυίδ.
1131 2421 1158 2462 ¹⁷
1171 2422 1223 2484 καί
1235 2415 1321 2505 ἐβοη-

71 2499 139 2572 λεὺς
151 2497 222 2571 τοὺς
234 2494 290 2562 δόο
306 2497 386 2572 υἱοὺς
396 2495 509 2576 Ῥεσφά
527 2495 681 2581 θυγατρός
712 2508 806 2580 θησεν
825 2495 911 2581 αὐτῷ
928 2496 1055 2584 Ἀβεσσά
1075 2499 1139 2574 υίὸς
1156 2503 1322 2583 Σαρουίας,

69 2586 135 2651 Αίᾶ
151 2575 203 2653 οὓς
216 2585 292 2646 ἔτεκε
306 2584 349 2662 τῷ
363 2576 484 2653 Σαοὺλ,
503 2576 556 2645 τὸν
563 2576 680 2664 Ἐρμω-
713 2582 765 2644 καί
781 2575 909 2658 ἐπάταξε
926 2581 979 2647 τὸν
998 2577 1168 2662 ἀλλόφυλον
1180 2584 1231 2647 καί
1244 2587 1323 2648 ἐθα-

70 2667 124 2732 νοί
144 2665 196 2727 καί
222 2660 275 2729 τόν
293 2661 511 2749 Μεμφιβόσθὲ,
536 2665 588 2727 καί
608 2659 680 2737 τοὺς
713 2659 843 2729 νάτωσεν
865 2658 964 2729 αὐτόν.
991 2661 1058 2730 τότε
1075 2663 1198 2747 α’ίμοσαν
1218 2670 1250 2732 οί
1267 2666 1322 2731 άν-

69 2752 159 2814 πέντε
191 2745 272 2822 υἱοὺς
304 2752 356 2831 τῆς
386 2743 490 2829 Μιχόλ
524 2744 680 2830 θυγατρός
712 2747 896 2833 δρεςΔαυλδ,
912 2747 1050 2826 λέγοντες.
1065 2746 1119 2814 οῦκ
1133 2746 1321 2835 ἔξελεάσηέτι

69 2830 177 2896 Σαοὺλ
187 2827 239 2906 σός
249 2834 326 2895 ἔτεκε
336 2835 379 2915 τῷ
390 2827 527 2914 Ἐσδριίηλ
537 2836 592 2914 υἱῷ
601 2836 679 2917 Βερ-
710 2830 773 2914 μεθ’
789 2830 873 2935 ημῶν
885 2836 923 2907 είς
935 2826 1077 2916 πόλεμον,
1091 2835 1142 2899 καί
1152 2832 1189 2898 οὐ
1199 2824 1320 2919 μὴ’σβέ-

69 2916 145 2993 ζελλί
168 2919 213 2997 τῷ
238 2915 428 2980 Μωουλαθί.
468 2915 547 2980 9καί
572 2916 680 2980 ἔδωκεν
712 2941 764 2998 σης
776 2941 830 2980 τον
840 2911 944 3001 λῦχνον
953 2912 1084 3000 Ἰσραήλ.
1099 2919 1183 2981 18καί
1194 2919 1319 3001 ἐγενηθη

69 2995 181 3073 αὐτοὺς
193 3003 225 3062 ἐν
236 3000 308 3084 χειρί
322 3003 382 3062 τιῦν
394 3001 610 3083 Γαβαωνιτοῖν,
628 3000 678 3062 καί
709 2990 783 3081 μἐτά
799 3005 897 3065 ταῦτα
914 3003 958 3066 ἔτι
976 2998 1105 3084 πόλεμος
1121 3004 1153 3065 ἰν
1164 3000 1235 3065 Γὲθ
1245 3001 1320 3083 μετᾶ

70 3083 228 3166 ἕξηλίασαν
256 3080 365 3157 αὐτοὺς
388 3083 420 3146 ἐν
438 3086 482 3165 τῷ
499 3080 561 3167 ὀρει
580 3086 677 3149 ε”ναντι
709 3088 769 3147 τιῦν
782 3078 969 3166 ἀλλοφύλων.
984 3082 1051 3149 τότε
1064 3079 1192 3161 ἐπάταξε
1200 3082 1318 3171 Σεβοχά

68 3173 178 3251 κυρίου.
205 3169 256 3230 καί
269 3170 378 3231 ἔπεσαν
390 3169 421 3229 οῖ
433 3162 510 3231 ἑπτά
523 3163 613 3231 αῦτοί
625 3167 676 3232 ἐπί
709 3163 726 3231 ὁ
746 3164 919 3233 Ἀστατωθὶ
936 3165 990 3234 τόν
1008 3168 1075 3250 Σὲφ
1093 3172 1124 3234 ἐν
1142 3180 1206 3243 τοῖς
1230 3163 1310 3246 δγγό·

68 3247 105 3313 τό
119 3245 204 3314 αὐτό.
226 3251 277 3313 καί
290 3247 378 3312 αῦτοί
390 3247 423 3312 δὲ
435 3244 676 3334 ἐθανατώθησαν
709 3276 768 3324 νοις
781 3256 835 3314 τοῦ
849 3247 960 3326 Ῥαφά.
986 3254 1079 3315 19καὶ
1097 3254 1210 3327 ἐγένετο
1226 3247 1313 3316 ὁπό-

68 3336 100 3397 ἑν
112 3330 233 3415 ἡμέραις
245 3333 405 3412 θερισμοῦ,
428 3331 459 3392 ἐν
470 3327 619 3411 πρώτοις,
646 3335 678 3395 ἐν
708 3331 795 3412 λεμος
818 3335 849 3395 ἐν
868 3328 943 3412 Ῥόμ
958 3331 1032 3413 μετά
1051 3338 1111 3396 τῶν
1128 3330 1315 3410 ἀλλοφύλων.

68 3413 149 3499 ἀρχῇ
169 3416 309 3493 θερισμοῦ
323 3416 443 3514 κριθῶν.
481 3414 510 3454 ¹⁰
523 3415 574 3477 καί
587 3413 677 3498 ἔλαβε
709 3416 759 3476 καί
772 3408 916 3488 ἐπάταξεν
929 3410 1069 3478 Ἐλεανάν
1082 3411 1145 3486 υίὸς
1160 3412 1318 3497 Ἀριωργὶμ

62 3490 176 3574 Ῥεσφά
195 3488 330 3575 θυγάτηρ
343 3494 412 3555 Λίᾶ
430 3488 482 3556 τὸν
499 3489 609 3558 σάκκον
625 3498 677 3559 καί
709 3492 727 3558 ὁ
746 3493 964 3577 Βαιθλεεμίτης
981 3494 1035 3559 τὸν
1050 3500 1084 3558 Γ
1081 3494 1176 3558 ολιάθ
1194 3494 1246 3558 τὸν
1257 3501 1317 3561 Γε-

66 3579 175 3661 ἔπηξεν
187 3573 264 3668 αῦτῇ
278 3572 353 3656 πρός
364 3573 419 3656 τὴν
430 3577 543 3655 πέτραν
558 3579 588 3639 ἐν
601 3574 677 3680 ὀρχη
708 3587 810 3644 θαίον.
835 3581 887 3642 καί
899 3573 935 3641 τό
953 3573 1041 3654 ξάλον
1053 3581 1109 3642 τοῦ
1121 3573 1248 3660 δόρατος
1261 3577 1307 3644 αῦ

67 3664 213 3765 θερισμοῦ
239 3663 368 3743 κριθῶν,
406 3661 461 3729 ἕως
486 3659 605 3733 ἔσταξεν
630 3662 668 3722 ἐπ
709 3665 765 3723 τοῦ
778 3657 818 3735 ὡς
831 3657 933 3725 ἀντίον
946 3658 1139 3741 ῦφαινόντων.
1152 3663 1241 3745 2θιηαί
1253 3666 1310 3742 ἐγέ·

69 3744 181 3819 αὐτους
195 3739 274 3826 ὕδωρ
287 3746 319 3806 ἐκ
332 3745 387 3806 τοῦ
401 3737 544 3824 οὐρανοῦ.
559 3744 611 3806 καί
622 3738 678 3805 οῦκ
709 3765 774 3806 νετο
787 3744 830 3806 ἔτι
841 3739 969 3827 πόλεμος
982 3749 1013 3810 ἐν
1025 3745 1102 3809 Γὲθ.
1128 3748 1179 3810 καί
1191 3746 1227 3830 ἠν
1240 3745 1315 3834 ἀνὴρ

68 3828 159 3892 ἔδωκε
175 3823 216 3892 τά
233 3826 349 3891 πετεινά
367 3829 423 3889 τοῦ
437 3820 567 3908 οὐρανοῦ
581 3849 676 3889 κατοι-
709 3822 846 3899 Μαδιόν,
871 3829 923 3890 καί
941 3831 972 3892 οῖ
986 3821 1124 3893 δάκτυλοι
1140 3833 1201 3893 τοῦν
1212 3837 1313 3915 χειριῦν

67 3917 181 3978 παῦσαι
206 3907 250 3975 ἐπ’
278 3906 389 3982 αὐτοῦς
414 3906 537 3993 ἡμέρας,
562 3911 613 3974 καί
634 3908 675 3974 τά
708 3905 820 3984 αὐτοῦ,
846 3911 897 3973 καὶ
922 3913 953 3973 οῖ
976 3907 1116 3976 δάκτυλοι
1134 3918 1196 3979 τῶν
1212 3917 1314 3981 ποδιῦν

67 4004 94 4058 θ
114 4001 165 4079 ρία
177 3997 232 4058 τοῦ
246 3990 339 4078 ἀγροῦ
353 3991 466 4065 νυκτός.
485 3994 564 4057 11καί
576 3989 674 4075 ἀπηγ-
707 3989 802 4057 αὐτοῦ
814 3994 846 4070 ἐξ
859 3996 911 4058 καὶ
922 3995 968 4070 ἔξ,
986 3997 1211 4081 εἰκοσιτέσσαρες
1224 3996 1308 4084 ἀριθ-

66 4022 137 4161 γελη
164 4084 207 4161 τῷ
226 4077 323 4142 Δαυίδ
345 4072 402 4139 ὅσα
420 4079 538 4156 ἐποίησε
559 4073 672 4157 Ῥεσφά
704 4079 760 4159 μῷ.
787 4083 839 4142 καί
853 4102 886 4154 γε
905 4075 995 4154 αὐτὸς
1014 4081 1119 4163 ἐτέχθη
1136 4086 1180 4166 τῷ
1200 4078 1312 4163 Ῥαφᾶ.

66 4159 204 4247 θυγάτηρ
225 4156 293 4224 Ἆίά
317 4157 452 4224 παλλακ“
476 4155 597 4233 Σαοὺλ,
622 4163 673 4224 καί
704 4162 732 4200 ²¹
744 4162 795 4225 καί
807 4159 932 4226 ὠνείδισε
944 4159 998 4228 τόν
1010 4159 1146 4251 Ἰσραὴλ,
1173 4169 1224 4229 καί
1237 4146 1312 4231 ἐπά·

44 4241 256 4325 ·ίξελῦθησαν.
293 4246 344 4308 καί
373 4186 531 4325 κατελαβεν
563 4239 673 4317 αότοὺς
703 4242 1312 4350 ταξεναότόνἸωνάθανυῖόςΣεμιῒάδελ

65 4325 132 4392 Λᾶν
151 4327 216 4400 υἱὸς
229 4324 301 4389 Ἰωά
320 4330 352 4390 ἐκ
370 4330 430 4389 τῶν
442 4321 600 4402 ἀπογόνων
612 4328 673 4389 τιῦν
704 4332 765 4405 φοῦ
778 4331 882 4393 Δαυίδ.
909 4333 938 4372 ²²
951 4337 982 4396 οί
995 4336 1132 4416 τέσσαρες
1149 4352 1235 4392 ουτοι
1248 4333 1312 4394 ἐτί-

63 4407 218 4488 γιγάντων.
245 4412 271 4450 ¹²
285 4412 335 4472 καί
348 4406 497 4490 ἐπορεύθη
510 4408 610 4473 Δαυίδ
622 4411 673 4472 καί
703 4419 820 4492 χθησαν
854 4408 1002 4489 ἀπόγονοι
1027 4419 1087 4475 τῶν
1111 4406 1257 4490 γιγάντων
1282 4415 1313 4474 ίν

62 4495 153 4580 ι”λαβε
178 4489 218 4557 τά
242 4489 316 4574 ὀστᾶ
335 4491 437 4555 Σαοὺλ
464 4493 515 4554 καί
535 4488 575 4557 τά
593 4489 672 4556 ὀστᾶ
703 4496 737 4554 Γ
733 4493 773 4558 ὲθ
791 4498 835 4576 τῷ
844 4490 946 4573 Ῥαφά
965 4493 1061 4564 οἶκος,
1088 4492 1139 4552 καί
1156 4494 1322 4597 ὲπεσανέρ

1244 4593 1322 4648 m».
