2924 4972
159 229 225 296 880
401 230 677 291 ΕΠΙΣΤΟΛΗ
700 228 949 291 IEPEMIOY
989 230 1066 304 Κεφ.
1082 227 1120 289 α’.
1136 230 1166 300 1,

159 360 251 435 ζουσα
264 347 304 414 τὰ
316 353 347 414 ἐν
361 346 440 428 αὐτῆ
458 347 549 422 ὄντα,
574 344 595 428 ἢ
610 348 641 409 οί
653 345 767 429 ψευδεῖς
802 345 942 419 δείξωσιν.
962 342 1031 408 οῦδὲ
1045 339 1115 418 ὦςῦ
1130 341 1212 428 ἥλιος
1225 341 1413 428 λάμφουσιν,

159 439 238 506 θεοί.
251 435 302 497 καί
313 418 427 512 ξύλινος
436 425 544 505 στόλος
557 433 588 494 έν
600 429 766 515 βασιλείοις,
803 425 873 494 οὔτε
883 432 1046 509 φωτιοῦσιν
1055 423 1123 513 ὡςη
1135 425 1247 514 σελήνη.
1271 430 1302 472 ⁶⁷
1309 429 1414 514 τάθη·

160 521 222 608 ἢοί
235 517 350 599 ψευδεῖς
363 520 440 579 θεοί.
454 511 571 597 69λη’λιος
582 511 703 597 μὲνγὰρ
717 515 767 576 καί
803 518 855 597 ρία
874 509 976 575 αῦτιῦν
992 513 1057 576 ἐστί
1073 516 1209 595 κρείττω,
1236 509 1258 577 ἃ
1271 510 1416 578 δύνανται

160 597 265 687 σελήνη
282 601 333 663 καί
351 595 449 680 άστρα
467 595 542 662 όντα
553 595 688 679 λαμπρά,
716 597 767 659 καί
802 590 970 676 ἐκφυγόντα
996 599 1034 669 είς
1048 598 1159 680 σκέπην
1184 595 1281 661 ἑαυτά
1294 597 1417 681 ὠφελη-

161 676 401 764 δποστελλόμενα
414 683 464 747 ἐπί
476 687 583 765 χρείας,
604 676 714 763 εῦηκοοί
727 683 767 742 εί-
803 703 861 744 σαι.
887 677 986 742 ⁶⁸nat'
1009 676 1118 744 οὐδένα
1137 668 1193 744 οῦν
1210 676 1330 765 τρόπον
1346 680 1418 766 ἡμῖν

162 797 218 838 σιν.
250 761 426 842 α’ῦςαῦτως
451 767 503 829 καί
527 763 669 867 ἀστραπίχ
693 759 768 827 όταν
802 766 863 827 ἐστι
884 761 1024 848 φανερόν,
1047 758 1095 827 δ’τι
1118 764 1173 828 είσί
1194 768 1273 829 θεοί.
1301 765 1350 830 διὸ
1374 768 1418 851 μη

161 850 309 931 ἐπιφανῆ,
333 843 459 923 εῦοπτός
482 852 553 914 ἐστι.
580 845 617 913 τὸ
639 849 660 912 δ
692 843 768 910 αῦτὸ
802 849 956 932 φοβηθῆτε
981 843 1101 921 αὐτούς.
1125 848 1158 889 ⁶⁹
1173 846 1272 933 ὥςπερ
1294 847 1357 934 γὰρ
1385 855 1419 916 ἐν

162 940 213 1002 καί
224 919 338 1021 πνέῦμα
352 935 383 995 έν
396 926 479 1013 πάση
490 928 575 1016 χιόρῳ
588 942 663 995 πνεῖ.
683 929 770 992 61καὶ
803 928 971 1014 σικυηράτῳ
994 928 1218 1016 προβασκάνιον
1242 929 1334 997 οῦδὲν
1357 959 1418 1012 φυ-

161 1017 294 1101 νεφελαις
307 1012 383 1080 ὅταν
400 1002 526 1095 έπετάγῆ
546 1012 607 1078 ὑπό
625 1017 682 1078 τοῦ
694 1016 769 1077 θεοῦ
801 1008 926 1088 λάσσον,
940 1009 1035 1087 οῦτως
1053 1017 1083 1078 οί
1094 1016 1163 1078 θεοί
1174 1013 1277 1080 αῦτιῦν
1292 1021 1349 1082 εἶσι
1362 1015 1418 1095 ξῦ-

161 1101 394 1186 έπιπορεῦεσθαι
413 1096 457 1180 ἐφ’
475 1083 547 1182 ὅλην
564 1095 618 1179 ’τὴν
635 1098 770 1177 ολκουμέ·
802 1094 876 1160 λινοι
888 1097 939 1160 καί
951 1101 1123 1182 περίχρυσοι
1140 1101 1192 1164 καί
1208 1095 1417 1186 περιάργυροι.

161 1212 230 1270 νην,
257 1180 429 1249 συντελοῦσι
448 1181 485 1246 τὸ
505 1184 627 1265 ταχθέν.
653 1177 770 1255 62το’,τε
803 1177 893 1244 70τόν
911 1177 1137 1264 αὐτὸντρόπον
1154 1186 1261 1275 καίτῇ
1280 1189 1314 1248 ἔν
1327 1185 1416 1270 κίχπῳ

159 1276 221 1354 πῦρ
234 1262 436 1344 ἐξαποσταλὲν
449 1264 567 1329 ἄνωθεν
580 1262 776 1340 ἐξαναλῦσαι,
801 1260 912 1348 ῥάμνῳ,
925 1260 969 1345 ἐφ’
986 1253 1020 1367 ἧς
1032 1270 1095 1330 πᾶν
1104 1264 1208 1352 όρνεον
1216 1263 1416 1353 έπικάθηται,

162 1352 218 1438 ὅρη
231 1351 283 1415 καί
295 1347 438 1433 δρυμοὺς,
450 1360 531 1414 ποιεῖ
541 1344 577 1412 τό
592 1348 768 1430 συνταχθὲν.
801 1341 943 1440 ιῦςᾳῦτως
968 1347 1001 1411 δε
1022 1349 1074 1413 καί
1086 1356 1177 1435 νεκρῷ
1192 1353 1360 1436 ε’ῤῥιμμένω
1385 1359 1416 1422 ἰν

158 1442 260 1501 ταῦτα
272 1432 304 1499 δὲ
318 1433 387 1499 οῦτε
400 1445 465 1508 ταῖς
478 1433 597 1507 εἴδέαις,
624 1425 692 1494 οῦτε
705 1440 770 1519 ταῖς
802 1455 899 1495 σκοτει
924 1429 1139 1514 άφωμοίωνται
1165 1437 1195 1498 οί
1213 1439 1283 1501 θεοί
1311 1419 1416 1504 αῦτῦν

162 1514 317 1595 δυνάμεσιν
331 1513 432 1580 αὐτῶν
449 1516 668 1599 άφωμοιωμένα
680 1519 769 1579 ἐστίν.
801 1509 923 1591 ξύλινοι,
933 1515 985 1579 καί
996 1522 1176 1601 περίχρυσοι,
1184 1520 1236 1582 καί
1248 1519 1415 1608 περιάργυ-

161 1604 193 1646 ⁶³
206 1599 279 1666 ὅθεν
291 1598 361 1664 οῦτε
375 1603 537 1679 νομιστέον,
562 1596 632 1663 οὔτε
644 1596 769 1679 κλητέον
802 1621 859 1683 ροι.
887 1592 981 1662 71οἰπό
998 1624 1030 1663 τε
1050 1606 1101 1684 τῆς
1117 1598 1279 1687 πορφύρας
1299 1610 1415 1691 καὶτῆς

163 1682 303 1769 ῦπάρχειν
325 1681 439 1756 αῦτοῦς
461 1682 562 1757 θεοὺς,
576 1679 612 1745 οῦ
636 1682 771 1746 δυνατῶν
801 1679 960 1766 μαρμάρου
977 1687 1030 1765 τῆς
1048 1682 1093 1748 ἐπ’
1115 1683 1225 1761 αῦτοῦς
1245 1695 1414 1775 σηπομένης

161 1767 258 1834 ὄντων
272 1765 382 1840 αῦτοῦν,
397 1765 465 1832 οῦτε
479 1772 574 1854 κρίσιν
585 1762 770 1847 κρίναι,οῦτε
802 1761 1039 1846 γνωσθηοονται,
1053 1762 1100 1831 ότι
1115 1766 1172 1834 οῦκ
1186 1772 1239 1834 εἶσί
1251 1780 1334 1839 θεοί.
1357 1775 1413 1840 αῦ-

161 1841 195 1917 εῦ
208 1856 333 1936 ποιῆσαι
347 1847 529 1932 ἀνθρώποις.
557 1834 771 1925 64γνόιιτεςοῦν
803 1845 842 1911 τά
857 1874 889 1912 τε
901 1852 932 1924 ἐξ
942 1845 1067 1934 ῦστέρου
1079 1852 1307 1938 βρωθήσονται,
1319 1862 1369 1922 καί
1379 1863 1410 1921 ἔ-

161 1933 209 2001 ότι
219 1934 275 2000 οῦκ
285 1937 339 1998 εἰσί
348 1936 426 2010 θεοί,
433 1933 473 2017 μὴ
484 1936 640 2020 φοβηθῆτε
650 1927 770 2005 αῦτοῦς,
804 1956 874 2003 σται
893 1930 1002 2007 όνειδος
1020 1936 1051 1996 έν
1063 1939 1101 2026 τῇ
1117 1935 1211 2020 χώρᾳ.
1241 1941 1412 2025 ”nomam

161 2020 191 2062 ⁶⁶
206 2017 274 2083 οῦτε
290 2017 350 2098 γάρ
368 2018 538 2100 βασιλεῦσιν
557 2013 594 2078 οῦ
613 2013 653 2096 μὴ
675 2038 770 2076 κατα·
802 2002 859 2079 οῦν
871 2014 1036 2101 ἅνθρωπος
1045 2017 1160 2094 δίκαιος
1169 2019 1225 2084 οῦκ
1235 2024 1314 2104 ἔχων
1327 2026 1413 2091 εἴδω·

161 2097 401 2184 ράσωνται,οῦτε
409 2099 448 2183 μὴ
461 2092 668 2182 εῦλογησωσιν.
682 2097 768 2176 6(ίση-
803 2097 852 2174 λα,
867 2102 951 2164 ἔσται
962 2098 1023 2186 γάρ
1032 2099 1149 2188 μακρὰν
1159 2102 1223 2170 ἀπό
1236 2103 1414 2194 όνειδισμοῦ,

162 2180 227 2262 μεῖό
247 2208 277 2249 τε
303 2184 333 2247 ἕν
350 2185 467 2249 ἔθνεσιν
493 2185 524 2248 έν
544 2177 665 2265 οῦρανῴ
679 2176 716 2244 οῦ
727 2179 767 2264 μὴ

1059 2550 1410 2568 -ῌ-ῇ.-

484 2819 1078 2932 ιΕΖιιιειΗΛ.

344 3006 469 3079 xm.
513 2998 573 3067 A'.
798 3007 908 3086 φέγγος
932 3008 963 3070 έν
988 3004 1088 3090 αὐτῷ,
1115 3007 1194 3070 6καί
1213 3009 1245 3070 έν
1264 3010 1312 3089 τῷ
1330 3009 1409 3090 μέσῳ

156 3050 239 3147 Καὶ
251 3087 365 3158 ἐγένετο
381 3089 413 3149 έν
424 3091 469 3167 τῷ
483 3088 651 3171 τριακοστῷ
665 3087 721 3151 έτει
734 3089 764 3151 έν
798 3085 839 3163 ὡς
852 3087 988 3172 ὁμοίωμα
1000 3088 1153 3175 τεσσάρων
1165 3085 1259 3167 ζώων.
1285 3093 1341 3154 καί
1352 3087 1412 3156 af}-

155 3168 201 3246 τῷ
217 3162 351 3250 τετάρτῳ
367 3169 436 3248 μηνί
452 3171 574 3251 πέμπτη
592 3174 649 3232 τοῦ
665 3167 765 3253 μηνός,
797 3196 834 3254 τη
847 3169 865 3254 ἡ
880 3169 983 3277 ὅρασις
995 3171 1108 3237 αὐτων.
1127 3169 1266 3255 ὁμοίωμα
1279 3169 1409 3259 άνθριά·

154 3248 206 3310 καί
222 3246 281 3324 έγώ
299 3245 376 3332 ἤμην
393 3252 424 3312 έν
442 3253 524 3333 μέσῳ
543 3241 595 3336 τής
612 3253 764 3334 αλχμαλω-
797 3261 857 3319 που
870 3258 908 3320 έπ
930 3254 1042 3328 αὐτοῖς.
1072 3257 1150 3318 ὅκαί
1162 3259 1301 3338 τέσσαρα
1314 3253 1410 3342 πρός-

153 3335 221 3406 σίας
233 3333 346 3397 ίτιίτσῦ
359 3337 499 3416 ποταμοῦ
513 3339 567 3398 τοῦ
580 3341 631 3399 Χο
651 3332 699 3419 άρ.
713 3337 765 3401 καί
797 3363 867 3402 ωιτα
878 3342 923 3421 τῷ
935 3340 986 3413 ἑνί,
999 3337 1050 3400 καί
1059 3339 1200 3419 τέσσαρες
1209 3341 1409 3424 πτέρυγεςτῷ

155 3411 339 3501 ἠνοίχθησαν
352 3419 383 3483 οῖ
396 3416 534 3504 οῦρανοί,
549 3421 600 3483 καί
616 3421 627 3440 ”
642 3445 676 3485 ον
689 3414 763 3504 ὁρά-
796 3423 851 3498 ivi,
875 3421 951 3486 7καί
963 3417 1002 3485 τά
1016 3419 1106 3503 σκέλη
1119 3417 1221 3485 αὐτῶν
1235 3418 1337 3507 ὀρθά,
1358 3425 1410 3488 καί

156 3524 211 3574 σεις
223 3505 309 3565 θεοῦ.
329 3503 474 3593 2πέμπτη
487 3508 545 3565 τοῦ
556 3501 654 3587 μηνός,
667 3509 763 3568 τοῦτο
795 3507 944 3592 πτερωτοί
960 3509 991 3571 σί
1008 3500 1096 3579 πόδες
1109 3502 1230 3579 αὐτῶν,
1255 3508 1310 3571 καί
1323 3531 1409 3573 σπιν-

154 3582 191 3645 τό
206 3585 273 3656 έτος
286 3583 324 3646 τὸ
337 3586 475 3686 πέμπτον
492 3590 545 3669 τῆς
562 3587 764 3670 αἰχμαλωσίας
794 3593 887 3674 θῆρες
912 3587 953 3665 ὡς
971 3584 1184 3674 ἐξαστράπτων
1207 3584 1329 3672 χαλκός.
1355 3592 1410 3656 καί

153 3665 210 3726 τοῦ
219 3664 368 3746 βασιλέως
383 3674 519 3751 Ιωακείμ.
529 3671 581 3732 καί
589 3673 702 3746 ἐγένετο
712 3667 762 3735 λό·
795 3671 926 3756 ἐλαφραί
938 3678 972 3737 οιί
983 3676 1123 3758 πτέρυγες
1135 3671 1247 3747 αῦτιῦν,
1260 3673 1331 3736 8καί
1341 3677 1409 3758 χείρ

153 3767 206 3823 γος
218 3752 322 3829 κυρίου
331 3748 409 3832 πρὸς
419 3747 554 3835 Ἰεζεκιὴλ
566 3751 633 3817 υἱὸν
643 3755 762 3830 Βουζεί,
796 3751 965 3840 ἇνθροίπου
987 3752 1189 3821 ῦποκάτωθεν
1214 3759 1274 3820 τῶν
1291 3752 1409 3839 πτερά-

153 3823 208 3889 τόν
222 3831 299 3912 ίερέα
312 3835 343 3895 ἐν
352 3836 390 3913 γῆ
402 3833 570 3900 Χαλδαίων
580 3838 629 3900 ἐπὶ
638 3841 693 3902 τοῦ
703 3863 763 3902 πο·
794 3863 858 3914 γων
871 3839 976 3905 αὐτῶν
994 3841 1045 3904 ἐπὶ
1056 3838 1095 3905 τὰ
1109 3843 1239 3924 τέσσαρα
1255 3840 1329 3923 μέρη
1347 3838 1410 3905 αῦ-

152 3915 249 3989 ταμοῦ
269 3917 326 3977 τοῦ
340 3903 460 3999 Χοβάρ.
489 3917 568 3982 3καί
586 3922 699 3996 ἐγένετο
714 3918 759 3984 ἐπ’
794 3925 867 3996 τῶν,
880 3922 984 3988 καίτά
997 3919 1145 4006 πρόςωπα
1155 3921 1409 3989 αῦτοῦντῶντεσ-

152 3990 203 4073 ἐμέ
218 3994 278 4078 χείρ
291 4002 409 4077 κυρίου,
435 3999 451 4040 ⁴
464 4003 515 4064 καί
528 4003 608 4075 ἴδον,
633 4005 685 4066 καί
697 4001 761 4068 ίδοῦ
795 4000 896 4088 σάρων
918 4008 933 4049 ⁹
947 4004 1003 4071 οῦκ
1015 4010 1234 4092 ἐπεστρέφοντο
1246 4009 1278 4070 ἐν
1290 4011 1338 4090 τῷ
1348 4011 1408 4093 βα-

150 4078 267 4154 πνεῦμα
293 4079 412 4163 ἐξαϊρον
436 4079 541 4165 ἤρχετο
560 4081 624 4149 σίπὸ
639 4089 760 4172 Βορῥᾶ,
793 4088 877 4164 δίζειν
904 4086 993 4154 αῦτά.
1030 4097 1157 4157 ἕκαστον
1181 4088 1325 4154 άπεναντι
1348 4095 1408 4157 τοῦ

151 4159 202 4221 καί
214 4159 320 4242 νεφέλη
331 4158 445 4245 μεγάλη
458 4167 488 4229 ἐν
501 4165 602 4248 αὐτῷ,
624 4171 675 4232 καί
687 4175 760 4251 φέγ-
792 4168 958 4257 προςοίπου
979 4171 1083 4240 αῦτιῦν
1095 4169 1286 4260 ἐπορεύοντο.
1312 4175 1341 4217 ¹⁰
1354 4177 1408 4238 καί

149 4263 201 4316 γος
228 4241 328 4325 κύκλῳ
351 4241 515 4312 αὐτοῦκαὶ
534 4255 594 4333 πῦρ
613 4249 760 4336 έξαοτρό-
793 4254 935 4337 ὁμοίωσις
943 4261 1005 4322 των
1013 4257 1184 4346 προςοίπων
1193 4254 1306 4332 αὐτῶν,
1315 4253 1408 4344 πρός

147 4348 234 4389 πτον.
262 4330 313 4393 καὶ
326 4329 357 4391 ἒν
370 4331 414 4409 τῷ
425 4331 506 4413 μέσῳ
520 4330 616 4396 αὐτοῦ
629 4331 670 4408 ὡς
683 4333 758 4420 ὅρα·
791 4365 880 4406 ωπον
892 4338 1078 4427 ἀνθρώπου,
1104 4345 1157 4407 καί
1171 4339 1335 4426 πρόςωπον
1349 4348 1409 4408 τοῦ

148 4432 194 4486 αις
206 4406 349 4501 ἠλέκτρου
362 4414 393 4476 έν
404 4415 485 4495 μέσῳ
502 4420 559 4477 τοῦ
572 4414 682 4501 πυρός,
708 4425 758 4487 καί
791 4421 912 4499 λέοντος
930 4428 961 4488 ἐκ
980 4427 1079 4502 δεξιῶν
1090 4437 1156 4501 τοῖς
1169 4429 1329 4510 τέσσαρσι,
1356 4429 1408 4494 καί

1280 4555 1282 4558 ⁴
1311 4510 1405 4597 πρός,
