<?xml version="1.0" encoding="UTF-8"?>
<!DOCTYPE html PUBLIC "-//W3C//DTD XHTML 1.0 Transitional//EN"
    "http://www.w3.org/TR/xhtml1/DTD/xhtml1-transitional.dtd">
<html xmlns="http://www.w3.org/1999/xhtml" xml:lang="en" lang="en">
 <head>
  <title>
</title>
<meta http-equiv="Content-Type" content="text/html;charset=utf-8" />
  <meta name='ocr-system' content='tesseract 3.04.00' />
  <meta name='ocr-capabilities' content='ocr_page ocr_carea ocr_par ocr_line ocrx_word'/>
</head>
<body>
  <div class='ocr_page' id='page_1' title='image "./lta-11000/vetustestamentu00essgoog/vetustestamentu00essgoog_0514.png"; bbox 0 0 2924 4972; ppageno 0'>
   <div class='ocr_carea' id='block_1_1' title="bbox 182 231 1301 316">
    <p class='ocr_par' dir='ltr' id='par_1_1' title="bbox 182 231 1301 316">
     <span class='ocr_line' id='line_1_1' title="bbox 182 231 1301 316; baseline 0.001 -16"><span class='ocrx_word' id='word_1_1' title='bbox 182 238 673 302; x_wconf 67' lang='lat' dir='ltr'><em>mmmmm</em></span> <span class='ocrx_word' id='word_1_2' title='bbox 696 241 828 299; x_wconf 75' lang='lat' dir='ltr'><strong><em>Am</em></strong></span> <span class='ocrx_word' id='word_1_3' title='bbox 872 231 1184 316; x_wconf 50' lang='grc' dir='ltr'><strong><em>ποίαισιν.</em></strong></span> <span class='ocrx_word' id='word_1_4' title='bbox 1237 231 1301 301; x_wconf 68' lang='grc'><strong><em>445</em></strong></span> 
     </span>
    </p>
   </div>
   <div class='ocr_carea' id='block_1_2' title="bbox 55 349 1302 4637">
    <p class='ocr_par' dir='ltr' id='par_1_2' title="bbox 55 349 1301 3344">
     <span class='ocr_line' id='line_1_2' title="bbox 61 349 1300 440; baseline -0.001 -22"><span class='ocrx_word' id='word_1_5' title='bbox 61 352 204 438; x_wconf 76' lang='grc' dir='ltr'><strong><em>ἐλάλησεν</em></strong></span> <span class='ocrx_word' id='word_1_6' title='bbox 219 350 384 440; x_wconf 87' lang='grc' dir='ltr'><strong><em>ὁβασιλεύς</em></strong></span> <span class='ocrx_word' id='word_1_7' title='bbox 397 356 507 433; x_wconf 84' lang='grc' dir='ltr'><strong><em>λέγων,</em></strong></span> <span class='ocrx_word' id='word_1_8' title='bbox 533 358 667 438; x_wconf 84' lang='grc' dir='ltr'><strong><em>έπιστρέ-</em></strong></span> <span class='ocrx_word' id='word_1_9' title='bbox 699 360 779 436; x_wconf 90' lang='grc' dir='ltr'><strong><em>ρίου,</em></strong></span> <span class='ocrx_word' id='word_1_10' title='bbox 805 356 856 419; x_wconf 83' lang='grc' dir='ltr'><strong><em>καί</em></strong></span> <span class='ocrx_word' id='word_1_11' title='bbox 873 349 1105 436; x_wconf 73' lang='grc' dir='ltr'><strong><em>ἀπεστράφησαν</em></strong></span> <span class='ocrx_word' id='word_1_12' title='bbox 1123 359 1174 417; x_wconf 89' lang='grc' dir='ltr'><strong><em>τοῦ</em></strong></span> <span class='ocrx_word' id='word_1_13' title='bbox 1187 350 1227 436; x_wconf 89' lang='grc' dir='ltr'><strong><em>μή</em></strong></span> <span class='ocrx_word' id='word_1_14' title='bbox 1240 380 1300 418; x_wconf 87' lang='grc' dir='ltr'><strong><em>πο-</em></strong></span> 
     </span>
     <span class='ocr_line' id='line_1_3' title="bbox 60 432 1301 538; baseline -0.001 -37"><span class='ocrx_word' id='word_1_15' title='bbox 60 457 140 516; x_wconf 81' lang='grc' dir='ltr'><strong><em>ιματε</em></strong></span> <span class='ocrx_word' id='word_1_16' title='bbox 157 436 233 522; x_wconf 88' lang='grc' dir='ltr'><strong><em>πρός</em></strong></span> <span class='ocrx_word' id='word_1_17' title='bbox 249 437 283 518; x_wconf 78' lang='grc' dir='ltr'><strong><em>με’</em></strong></span> <span class='ocrx_word' id='word_1_18' title='bbox 304 440 336 501; x_wconf 85' lang='grc' dir='ltr'><strong><em>έν</em></strong></span> <span class='ocrx_word' id='word_1_19' title='bbox 353 443 389 520; x_wconf 75' lang='grc' dir='ltr'><strong><em>τῆ</em></strong></span> <span class='ocrx_word' id='word_1_20' title='bbox 407 434 500 522; x_wconf 77' lang='grc' dir='ltr'><strong><em>ίμέρα</em></strong></span> <span class='ocrx_word' id='word_1_21' title='bbox 517 442 554 528; x_wconf 75' lang='grc' dir='ltr'><strong><em>τῇ</em></strong></span> <span class='ocrx_word' id='word_1_22' title='bbox 572 446 666 521; x_wconf 82' lang='grc' dir='ltr'><strong><em>τρίτη.</em></strong></span> <span class='ocrx_word' id='word_1_23' title='bbox 699 442 840 522; x_wconf 85' lang='grc' dir='ltr'><strong><em>ρευθήναι</em></strong></span> <span class='ocrx_word' id='word_1_24' title='bbox 859 437 910 500; x_wconf 79' lang='grc' dir='ltr'><strong><em>έπί</em></strong></span> <span class='ocrx_word' id='word_1_25' title='bbox 923 432 1085 538; x_wconf 85' lang='grc' dir='ltr'><strong><em>Ἱεροβούμ.</em></strong></span> <span class='ocrx_word' id='word_1_26' title='bbox 1111 434 1188 500; x_wconf 68' lang='grc' dir='ltr'><strong><em>5καί</em></strong></span> <span class='ocrx_word' id='word_1_27' title='bbox 1201 433 1301 518; x_wconf 81' lang='grc' dir='ltr'><strong><em>κατῴ-</em></strong></span> 
     </span>
     <span class='ocr_line' id='line_1_4' title="bbox 61 510 1298 617; baseline -0.002 -32"><span class='ocrx_word' id='word_1_28' title='bbox 61 522 143 585; x_wconf 72' lang='grc' dir='ltr'><strong><em>13καί</em></strong></span> <span class='ocrx_word' id='word_1_29' title='bbox 153 517 300 606; x_wconf 82' lang='grc' dir='ltr'><strong><em>ῦττεκρίθη</em></strong></span> <span class='ocrx_word' id='word_1_30' title='bbox 312 510 409 605; x_wconf 80' lang='grc' dir='ltr'><strong><em>δβύσι</em></strong></span> <span class='ocrx_word' id='word_1_31' title='bbox 443 521 475 594; x_wconf 85' lang='grc' dir='ltr'><strong><em>ύς</em></strong></span> <span class='ocrx_word' id='word_1_32' title='bbox 485 518 607 602; x_wconf 80' lang='grc' dir='ltr'><strong><em>σκληρὰ,</em></strong></span> <span class='ocrx_word' id='word_1_33' title='bbox 617 510 668 584; x_wconf 76' lang='grc' dir='ltr'><strong><em>καί</em></strong></span> <span class='ocrx_word' id='word_1_34' title='bbox 682 580 685 617; x_wconf 61' lang='grc' dir='ltr'>Ι</span> <span class='ocrx_word' id='word_1_35' title='bbox 698 516 904 604; x_wconf 78' lang='grc' dir='ltr'><strong><em>κησεῬοβοδμ</em></strong></span> <span class='ocrx_word' id='word_1_36' title='bbox 916 523 955 592; x_wconf 81' lang='grc' dir='ltr'><strong><em>είς</em></strong></span> <span class='ocrx_word' id='word_1_37' title='bbox 970 519 1171 602; x_wconf 84' lang='grc' dir='ltr'><strong><em>Ιερσυσαλήμ,</em></strong></span> <span class='ocrx_word' id='word_1_38' title='bbox 1192 521 1242 583; x_wconf 83' lang='grc' dir='ltr'><strong><em>καί</em></strong></span> <span class='ocrx_word' id='word_1_39' title='bbox 1258 517 1298 600; x_wconf 78' lang='grc' dir='ltr'><strong><em>ᾧ·</em></strong></span> 
     </span>
     <span class='ocr_line' id='line_1_5' title="bbox 61 597 1300 692; baseline -0.002 -25"><span class='ocrx_word' id='word_1_40' title='bbox 61 603 248 680; x_wconf 78' lang='grc' dir='ltr'><strong><em>ἐγκατελιπεν</em></strong></span> <span class='ocrx_word' id='word_1_41' title='bbox 272 601 290 666; x_wconf 82' lang='grc' dir='ltr'><strong>ὁ</strong></span> <span class='ocrx_word' id='word_1_42' title='bbox 310 601 446 687; x_wconf 86' lang='grc' dir='ltr'><strong><em>βασιλεύς</em></strong></span> <span class='ocrx_word' id='word_1_43' title='bbox 466 599 598 687; x_wconf 80' lang='grc' dir='ltr'><strong><em>Ῥοβοόμ</em></strong></span> <span class='ocrx_word' id='word_1_44' title='bbox 617 600 668 684; x_wconf 86' lang='grc' dir='ltr'><strong><em>τήν</em></strong></span> <span class='ocrx_word' id='word_1_45' title='bbox 681 622 684 629; x_wconf 78' lang='grc'><strong>’</strong></span> <span class='ocrx_word' id='word_1_46' title='bbox 698 598 842 685; x_wconf 89' lang='grc' dir='ltr'><strong><em>κοδόμησε</em></strong></span> <span class='ocrx_word' id='word_1_47' title='bbox 858 597 956 674; x_wconf 90' lang='grc' dir='ltr'><strong><em>πόλεις</em></strong></span> <span class='ocrx_word' id='word_1_48' title='bbox 974 598 1107 685; x_wconf 92' lang='grc' dir='ltr'><strong><em>τειχήρεις</em></strong></span> <span class='ocrx_word' id='word_1_49' title='bbox 1124 606 1154 664; x_wconf 80' lang='grc' dir='ltr'><strong><em>ἐν</em></strong></span> <span class='ocrx_word' id='word_1_50' title='bbox 1170 606 1207 692; x_wconf 78' lang='grc' dir='ltr'><strong><em>τή</em></strong></span> <span class='ocrx_word' id='word_1_51' title='bbox 1223 599 1300 665; x_wconf 82' lang='grc' dir='ltr'><strong><em>Ἰου-</em></strong></span> 
     </span>
     <span class='ocr_line' id='line_1_6' title="bbox 60 680 1300 833; baseline -0.004 -82"><span class='ocrx_word' id='word_1_52' title='bbox 60 686 170 833; x_wconf 75' lang='grc' dir='ltr'><strong><em>βουλήν</em></strong></span> <span class='ocrx_word' id='word_1_53' title='bbox 183 690 243 750; x_wconf 80' lang='grc' dir='ltr'><strong><em>τῶν</em></strong></span> <span class='ocrx_word' id='word_1_54' title='bbox 253 690 467 791; x_wconf 88' lang='grc' dir='ltr'><strong><em>πρεσβυτέρων,</em></strong></span> <span class='ocrx_word' id='word_1_55' title='bbox 489 685 518 726; x_wconf 79' lang='lat'><strong><em>¹⁴</em></strong></span> <span class='ocrx_word' id='word_1_56' title='bbox 531 687 583 749; x_wconf 82' lang='grc' dir='ltr'><strong><em>καί</em></strong></span> <span class='ocrx_word' id='word_1_57' title='bbox 594 684 666 749; x_wconf 78' lang='grc' dir='ltr'><strong><em>ἐλά·</em></strong></span> <span class='ocrx_word' id='word_1_58' title='bbox 698 686 780 765; x_wconf 73' lang='grc' dir='ltr'><strong><em>δαίς.</em></strong></span> <span class='ocrx_word' id='word_1_59' title='bbox 805 686 821 726; x_wconf 75' lang='lat'><strong>⁰</strong></span> <span class='ocrx_word' id='word_1_60' title='bbox 833 685 884 747; x_wconf 83' lang='grc' dir='ltr'><strong><em>καί</em></strong></span> <span class='ocrx_word' id='word_1_61' title='bbox 895 680 1066 767; x_wconf 79' lang='grc' dir='ltr'><strong><em>ᾠκοδόμησε</em></strong></span> <span class='ocrx_word' id='word_1_62' title='bbox 1083 683 1137 765; x_wconf 82' lang='grc' dir='ltr'><strong><em>τήν</em></strong></span> <span class='ocrx_word' id='word_1_63' title='bbox 1150 682 1300 766; x_wconf 69' lang='grc' dir='ltr'><strong><em>Βηθλεὲμ,</em></strong></span> 
     </span>
     <span class='ocr_line' id='line_1_7' title="bbox 80 762 1300 853; baseline -0.003 -20"><span class='ocrx_word' id='word_1_64' title='bbox 80 793 130 852; x_wconf 88' lang='grc' dir='ltr'><strong><em>ησε</em></strong></span> <span class='ocrx_word' id='word_1_65' title='bbox 153 769 230 853; x_wconf 85' lang='grc' dir='ltr'><strong><em>πρὸς</em></strong></span> <span class='ocrx_word' id='word_1_66' title='bbox 254 765 362 843; x_wconf 88' lang='grc' dir='ltr'><strong><em>αυτούς</em></strong></span> <span class='ocrx_word' id='word_1_67' title='bbox 386 768 465 833; x_wconf 81' lang='grc' dir='ltr'><strong><em>κατὰ</em></strong></span> <span class='ocrx_word' id='word_1_68' title='bbox 487 763 524 852; x_wconf 88' lang='grc' dir='ltr'><strong><em>τή</em></strong></span> <span class='ocrx_word' id='word_1_69' title='bbox 557 765 667 853; x_wconf 82' lang='grc' dir='ltr'><strong><em>βουλήν</em></strong></span> <span class='ocrx_word' id='word_1_70' title='bbox 698 762 877 840; x_wconf 83' lang='grc' dir='ltr'><strong><em>καίΑίτόιν,</em></strong></span> <span class='ocrx_word' id='word_1_71' title='bbox 901 768 952 830; x_wconf 78' lang='grc' dir='ltr'><strong><em>καί</em></strong></span> <span class='ocrx_word' id='word_1_72' title='bbox 967 765 1080 841; x_wconf 79' lang='grc' dir='ltr'><strong><em>Θεκωὲ,</em></strong></span> <span class='ocrx_word' id='word_1_73' title='bbox 1106 767 1300 831; x_wconf 77' lang='grc' dir='ltr'><strong><em>7καίΒαιθ-</em></strong></span> 
     </span>
     <span class='ocr_line' id='line_1_8' title="bbox 59 845 1299 953; baseline -0.003 -38"><span class='ocrx_word' id='word_1_74' title='bbox 59 857 120 916; x_wconf 81' lang='grc' dir='ltr'><strong><em>τῶν</em></strong></span> <span class='ocrx_word' id='word_1_75' title='bbox 137 854 301 937; x_wconf 74' lang='grc' dir='ltr'><strong><em>νεωτέρων,</em></strong></span> <span class='ocrx_word' id='word_1_76' title='bbox 325 850 426 952; x_wconf 80' lang='grc' dir='ltr'><strong><em>λείχων.</em></strong></span> <span class='ocrx_word' id='word_1_77' title='bbox 447 849 583 953; x_wconf 81' lang='grc' dir='ltr'><strong><em>ὁπατήρ</em></strong></span> <span class='ocrx_word' id='word_1_78' title='bbox 607 875 665 932; x_wconf 91' lang='grc' dir='ltr'><strong><em>μου</em></strong></span> <span class='ocrx_word' id='word_1_79' title='bbox 697 846 802 933; x_wconf 79' lang='grc' dir='ltr'><strong><em>σουρὰ,</em></strong></span> <span class='ocrx_word' id='word_1_80' title='bbox 813 851 864 913; x_wconf 84' lang='grc' dir='ltr'><strong><em>καί</em></strong></span> <span class='ocrx_word' id='word_1_81' title='bbox 872 846 926 932; x_wconf 87' lang='grc' dir='ltr'><strong><em>τήν</em></strong></span> <span class='ocrx_word' id='word_1_82' title='bbox 935 845 1059 947; x_wconf 82' lang='grc' dir='ltr'><strong><em>Σοχιύθ,</em></strong></span> <span class='ocrx_word' id='word_1_83' title='bbox 1069 850 1120 912; x_wconf 80' lang='grc' dir='ltr'><strong><em>καί</em></strong></span> <span class='ocrx_word' id='word_1_84' title='bbox 1130 848 1181 930; x_wconf 90' lang='grc' dir='ltr'><strong><em>τήν</em></strong></span> <span class='ocrx_word' id='word_1_85' title='bbox 1190 848 1299 914; x_wconf 83' lang='grc' dir='ltr'><strong><em>Ὀδολ-</em></strong></span> 
     </span>
     <span class='ocr_line' id='line_1_9' title="bbox 60 930 1299 1019; baseline -0.001 -23"><span class='ocrx_word' id='word_1_86' title='bbox 60 930 180 1019; x_wconf 82' lang='grc' dir='ltr'><strong><em>έβύρυνε</em></strong></span> <span class='ocrx_word' id='word_1_87' title='bbox 190 934 242 999; x_wconf 87' lang='grc' dir='ltr'><strong><em>τὸν</em></strong></span> <span class='ocrx_word' id='word_1_88' title='bbox 251 933 339 1013; x_wconf 88' lang='grc' dir='ltr'><strong><em>ζυγὸν</em></strong></span> <span class='ocrx_word' id='word_1_89' title='bbox 349 938 439 1014; x_wconf 78' lang='grc' dir='ltr'><strong><em>υμῶν,</em></strong></span> <span class='ocrx_word' id='word_1_90' title='bbox 449 934 500 998; x_wconf 84' lang='grc' dir='ltr'><strong><em>καί</em></strong></span> <span class='ocrx_word' id='word_1_91' title='bbox 508 936 567 1009; x_wconf 76' lang='grc' dir='ltr'><strong><em>ἐγω</em></strong></span> <span class='ocrx_word' id='word_1_92' title='bbox 575 958 664 1018; x_wconf 87' lang='grc' dir='ltr'><strong><em>προς·</em></strong></span> <span class='ocrx_word' id='word_1_93' title='bbox 695 930 766 1014; x_wconf 75' lang='grc' dir='ltr'><strong><em>λαμ,</em></strong></span> <span class='ocrx_word' id='word_1_94' title='bbox 791 932 871 996; x_wconf 62' lang='grc' dir='ltr'><strong><em>ε’καὶ</em></strong></span> <span class='ocrx_word' id='word_1_95' title='bbox 894 930 944 1014; x_wconf 83' lang='grc' dir='ltr'><strong><em>τήν</em></strong></span> <span class='ocrx_word' id='word_1_96' title='bbox 955 936 1039 1006; x_wconf 88' lang='grc' dir='ltr'><strong><em>Γεθ,</em></strong></span> <span class='ocrx_word' id='word_1_97' title='bbox 1065 934 1117 995; x_wconf 82' lang='grc' dir='ltr'><strong><em>καὶ</em></strong></span> <span class='ocrx_word' id='word_1_98' title='bbox 1129 933 1181 1014; x_wconf 84' lang='grc' dir='ltr'><strong><em>τήν</em></strong></span> <span class='ocrx_word' id='word_1_99' title='bbox 1192 940 1299 1016; x_wconf 86' lang='grc' dir='ltr'><strong><em>Μαρι-</em></strong></span> 
     </span>
     <span class='ocr_line' id='line_1_10' title="bbox 59 1010 1300 1101; baseline -0.001 -21"><span class='ocrx_word' id='word_1_100' title='bbox 59 1013 150 1099; x_wconf 86' lang='grc' dir='ltr'><strong><em>θήσω</em></strong></span> <span class='ocrx_word' id='word_1_101' title='bbox 167 1015 211 1082; x_wconf 79' lang='grc' dir='ltr'><strong><em>ἐπ’</em></strong></span> <span class='ocrx_word' id='word_1_102' title='bbox 227 1013 330 1083; x_wconf 90' lang='grc' dir='ltr'><strong><em>αύτόν.</em></strong></span> <span class='ocrx_word' id='word_1_103' title='bbox 357 1015 376 1081; x_wconf 84' lang='grc' dir='ltr'><strong>ὁ</strong></span> <span class='ocrx_word' id='word_1_104' title='bbox 388 1012 489 1101; x_wconf 90' lang='grc' dir='ltr'><strong><em>πατήρ</em></strong></span> <span class='ocrx_word' id='word_1_105' title='bbox 507 1041 563 1096; x_wconf 86' lang='grc' dir='ltr'><strong><em>μου</em></strong></span> <span class='ocrx_word' id='word_1_106' title='bbox 577 1018 663 1081; x_wconf 81' lang='grc' dir='ltr'><strong><em>έπαί-</em></strong></span> <span class='ocrx_word' id='word_1_107' title='bbox 696 1011 767 1089; x_wconf 81' lang='grc' dir='ltr'><strong><em>σύν,</em></strong></span> <span class='ocrx_word' id='word_1_108' title='bbox 786 1014 837 1078; x_wconf 78' lang='grc' dir='ltr'><strong><em>καί</em></strong></span> <span class='ocrx_word' id='word_1_109' title='bbox 849 1015 902 1096; x_wconf 86' lang='grc' dir='ltr'><strong><em>τήν</em></strong></span> <span class='ocrx_word' id='word_1_110' title='bbox 915 1017 991 1093; x_wconf 52' lang='lat' dir='ltr'><strong><em>law,</em></strong></span> <span class='ocrx_word' id='word_1_111' title='bbox 1016 1016 1095 1077; x_wconf 74' lang='grc' dir='ltr'><strong><em>9καί</em></strong></span> <span class='ocrx_word' id='word_1_112' title='bbox 1106 1010 1159 1096; x_wconf 85' lang='grc' dir='ltr'><strong><em>τήν</em></strong></span> <span class='ocrx_word' id='word_1_113' title='bbox 1171 1012 1300 1098; x_wconf 82' lang='grc' dir='ltr'><strong><em>Ἀδωραί</em></strong></span> 
     </span>
     <span class='ocr_line' id='line_1_11' title="bbox 61 1094 1300 1182; baseline -0.001 -21"><span class='ocrx_word' id='word_1_114' title='bbox 61 1101 161 1164; x_wconf 88' lang='grc' dir='ltr'><strong><em>δευσεν</em></strong></span> <span class='ocrx_word' id='word_1_115' title='bbox 175 1096 248 1181; x_wconf 83' lang='grc' dir='ltr'><strong><em>ύμᾶς</em></strong></span> <span class='ocrx_word' id='word_1_116' title='bbox 260 1103 292 1164; x_wconf 80' lang='grc' dir='ltr'><strong><em>έν</em></strong></span> <span class='ocrx_word' id='word_1_117' title='bbox 303 1095 435 1182; x_wconf 80' lang='grc' dir='ltr'><strong><em>μάστιξι,</em></strong></span> <span class='ocrx_word' id='word_1_118' title='bbox 459 1102 510 1163; x_wconf 80' lang='grc' dir='ltr'><strong><em>καί</em></strong></span> <span class='ocrx_word' id='word_1_119' title='bbox 523 1095 581 1174; x_wconf 65' lang='lat' dir='ltr'><strong><em>cy&amp;</em></strong></span> <span class='ocrx_word' id='word_1_120' title='bbox 594 1124 666 1162; x_wconf 84' lang='grc' dir='ltr'><strong><em>παι·</em></strong></span> <span class='ocrx_word' id='word_1_121' title='bbox 695 1099 747 1162; x_wconf 83' lang='grc' dir='ltr'><strong><em>καί</em></strong></span> <span class='ocrx_word' id='word_1_122' title='bbox 758 1098 867 1179; x_wconf 82' lang='grc' dir='ltr'><strong><em>Λαχὶς,</em></strong></span> <span class='ocrx_word' id='word_1_123' title='bbox 879 1099 929 1160; x_wconf 83' lang='grc' dir='ltr'><strong><em>καί</em></strong></span> <span class='ocrx_word' id='word_1_124' title='bbox 941 1096 995 1179; x_wconf 85' lang='grc' dir='ltr'><strong><em>τήν</em></strong></span> <span class='ocrx_word' id='word_1_125' title='bbox 1001 1094 1118 1176; x_wconf 82' lang='grc' dir='ltr'><strong><em>Ἀζηκὰ,</em></strong></span> <span class='ocrx_word' id='word_1_126' title='bbox 1142 1099 1171 1139; x_wconf 86' lang='lat'><strong><em>¹⁰</em></strong></span> <span class='ocrx_word' id='word_1_127' title='bbox 1184 1099 1235 1161; x_wconf 80' lang='grc' dir='ltr'><strong><em>καὶ</em></strong></span> <span class='ocrx_word' id='word_1_128' title='bbox 1247 1098 1300 1180; x_wconf 85' lang='grc' dir='ltr'><strong><em>τήν</em></strong></span> 
     </span>
     <span class='ocr_line' id='line_1_12' title="bbox 62 1175 1300 1266; baseline -0.001 -23"><span class='ocrx_word' id='word_1_129' title='bbox 62 1177 156 1245; x_wconf 92' lang='grc' dir='ltr'><strong><em>δεύσω</em></strong></span> <span class='ocrx_word' id='word_1_130' title='bbox 174 1177 246 1263; x_wconf 75' lang='grc' dir='ltr'><strong><em>ὑμᾶς</em></strong></span> <span class='ocrx_word' id='word_1_131' title='bbox 264 1186 295 1246; x_wconf 78' lang='grc' dir='ltr'><strong><em>ἐν</em></strong></span> <span class='ocrx_word' id='word_1_132' title='bbox 308 1188 469 1266; x_wconf 74' lang='grc' dir='ltr'><strong><em>σκορπίοις.</em></strong></span> <span class='ocrx_word' id='word_1_133' title='bbox 509 1183 536 1223; x_wconf 81' lang='lat'><strong><em>¹¹</em></strong></span> <span class='ocrx_word' id='word_1_134' title='bbox 549 1181 599 1244; x_wconf 84' lang='grc' dir='ltr'><strong><em>καί</em></strong></span> <span class='ocrx_word' id='word_1_135' title='bbox 612 1178 666 1263; x_wconf 71' lang='grc' dir='ltr'><strong><em>οῦκ</em></strong></span> <span class='ocrx_word' id='word_1_136' title='bbox 695 1175 818 1263; x_wconf 80' lang='grc' dir='ltr'><strong><em>Σαραύ,</em></strong></span> <span class='ocrx_word' id='word_1_137' title='bbox 841 1181 892 1243; x_wconf 84' lang='grc' dir='ltr'><strong><em>καί</em></strong></span> <span class='ocrx_word' id='word_1_138' title='bbox 907 1177 959 1262; x_wconf 86' lang='grc' dir='ltr'><strong><em>τήν</em></strong></span> <span class='ocrx_word' id='word_1_139' title='bbox 971 1176 1090 1259; x_wconf 81' lang='grc' dir='ltr'><strong><em>Αῖλώμ,</em></strong></span> <span class='ocrx_word' id='word_1_140' title='bbox 1108 1180 1158 1242; x_wconf 83' lang='grc' dir='ltr'><strong><em>καί</em></strong></span> <span class='ocrx_word' id='word_1_141' title='bbox 1171 1179 1224 1262; x_wconf 82' lang='grc' dir='ltr'><strong><em>τήν</em></strong></span> <span class='ocrx_word' id='word_1_142' title='bbox 1238 1186 1300 1242; x_wconf 90' lang='grc' dir='ltr'><strong><em>Χε-</em></strong></span> 
     </span>
     <span class='ocr_line' id='line_1_13' title="bbox 63 1257 1300 1349; baseline 0.002 -24"><span class='ocrx_word' id='word_1_143' title='bbox 63 1262 189 1344; x_wconf 83' lang='grc' dir='ltr'><strong><em>ήκουσεν</em></strong></span> <span class='ocrx_word' id='word_1_144' title='bbox 205 1260 369 1348; x_wconf 82' lang='grc' dir='ltr'><strong><em>όβασιλεύς</em></strong></span> <span class='ocrx_word' id='word_1_145' title='bbox 386 1267 441 1329; x_wconf 88' lang='grc' dir='ltr'><strong><em>τοῦ</em></strong></span> <span class='ocrx_word' id='word_1_146' title='bbox 455 1263 546 1337; x_wconf 88' lang='grc' dir='ltr'><strong><em>λαοῦ,</em></strong></span> <span class='ocrx_word' id='word_1_147' title='bbox 572 1257 619 1327; x_wconf 80' lang='grc' dir='ltr'><strong><em>ότι</em></strong></span> <span class='ocrx_word' id='word_1_148' title='bbox 632 1264 668 1346; x_wconf 86' lang='grc' dir='ltr'><strong><em>ήν</em></strong></span> <span class='ocrx_word' id='word_1_149' title='bbox 695 1261 786 1349; x_wconf 81' lang='grc' dir='ltr'><strong><em>βριύν,</em></strong></span> <span class='ocrx_word' id='word_1_150' title='bbox 799 1259 820 1346; x_wconf 79' lang='grc' dir='ltr'><strong><em>ή</em></strong></span> <span class='ocrx_word' id='word_1_151' title='bbox 832 1265 892 1326; x_wconf 74' lang='grc' dir='ltr'><strong><em>ἔστι</em></strong></span> <span class='ocrx_word' id='word_1_152' title='bbox 906 1266 961 1326; x_wconf 88' lang='grc' dir='ltr'><strong><em>τοῦ</em></strong></span> <span class='ocrx_word' id='word_1_153' title='bbox 972 1257 1072 1325; x_wconf 81' lang='grc' dir='ltr'><strong><em>Ἰούδα</em></strong></span> <span class='ocrx_word' id='word_1_154' title='bbox 1086 1264 1136 1325; x_wconf 87' lang='grc' dir='ltr'><strong><em>καί</em></strong></span> <span class='ocrx_word' id='word_1_155' title='bbox 1148 1263 1300 1341; x_wconf 81' lang='grc' dir='ltr'><strong><em>Βενιαμίν,</em></strong></span> 
     </span>
     <span class='ocr_line' id='line_1_14' title="bbox 62 1340 1301 1448; baseline -0.001 -39"><span class='ocrx_word' id='word_1_156' title='bbox 62 1345 255 1448; x_wconf 83' lang='grc' dir='ltr'><strong><em>μεταστροφή</em></strong></span> <span class='ocrx_word' id='word_1_157' title='bbox 273 1345 358 1431; x_wconf 77' lang='grc' dir='ltr'><strong><em>παρὰ</em></strong></span> <span class='ocrx_word' id='word_1_158' title='bbox 377 1350 431 1409; x_wconf 84' lang='grc' dir='ltr'><strong><em>τοῦ</em></strong></span> <span class='ocrx_word' id='word_1_159' title='bbox 448 1350 540 1420; x_wconf 88' lang='grc' dir='ltr'><strong><em>θεοῦ,</em></strong></span> <span class='ocrx_word' id='word_1_160' title='bbox 565 1344 665 1422; x_wconf 83' lang='grc' dir='ltr'><strong><em>λέγων.</em></strong></span> <span class='ocrx_word' id='word_1_161' title='bbox 696 1341 795 1420; x_wconf 82' lang='grc' dir='ltr'><strong><em>πόλεις</em></strong></span> <span class='ocrx_word' id='word_1_162' title='bbox 808 1340 951 1430; x_wconf 90' lang='grc' dir='ltr'><strong><em>τειχήρεις.</em></strong></span> <span class='ocrx_word' id='word_1_163' title='bbox 977 1349 1001 1386; x_wconf 85' lang='lat'><strong><em>¹¹</em></strong></span> <span class='ocrx_word' id='word_1_164' title='bbox 1015 1347 1065 1407; x_wconf 86' lang='grc' dir='ltr'><strong><em>καί</em></strong></span> <span class='ocrx_word' id='word_1_165' title='bbox 1077 1340 1231 1428; x_wconf 76' lang='grc' dir='ltr'><strong><em>ὠχύρωσεν</em></strong></span> <span class='ocrx_word' id='word_1_166' title='bbox 1243 1342 1301 1408; x_wconf 89' lang='grc' dir='ltr'><strong><em>αύ-</em></strong></span> 
     </span>
     <span class='ocr_line' id='line_1_15' title="bbox 61 1424 1300 1514; baseline -0.002 -22"><span class='ocrx_word' id='word_1_167' title='bbox 61 1427 316 1514; x_wconf 82' lang='grc' dir='ltr'><strong><em>ἀνέστησεκυριος</em></strong></span> <span class='ocrx_word' id='word_1_168' title='bbox 329 1425 482 1506; x_wconf 89' lang='grc' dir='ltr'><strong><em>τὸνλόγον</em></strong></span> <span class='ocrx_word' id='word_1_169' title='bbox 495 1425 605 1504; x_wconf 89' lang='grc' dir='ltr'><strong><em>αύτοῦ,</em></strong></span> <span class='ocrx_word' id='word_1_170' title='bbox 632 1424 667 1492; x_wconf 80' lang='grc' dir='ltr'><strong><em>όν</em></strong></span> <span class='ocrx_word' id='word_1_171' title='bbox 697 1426 750 1502; x_wconf 77' lang='grc' dir='ltr'><strong><em>τὰς</em></strong></span> <span class='ocrx_word' id='word_1_172' title='bbox 768 1424 916 1512; x_wconf 82' lang='grc' dir='ltr'><strong><em>τειχήρεις,</em></strong></span> <span class='ocrx_word' id='word_1_173' title='bbox 943 1430 993 1492; x_wconf 85' lang='grc' dir='ltr'><strong><em>καί</em></strong></span> <span class='ocrx_word' id='word_1_174' title='bbox 1011 1428 1117 1492; x_wconf 84' lang='grc' dir='ltr'><strong><em>έδωκεν</em></strong></span> <span class='ocrx_word' id='word_1_175' title='bbox 1141 1432 1172 1492; x_wconf 86' lang='grc' dir='ltr'><strong><em>έν</em></strong></span> <span class='ocrx_word' id='word_1_176' title='bbox 1195 1425 1300 1500; x_wconf 85' lang='grc' dir='ltr'><strong><em>αύταῖς</em></strong></span> 
     </span>
     <span class='ocr_line' id='line_1_16' title="bbox 59 1506 1298 1616; baseline 0.001 -43"><span class='ocrx_word' id='word_1_177' title='bbox 59 1506 204 1593; x_wconf 77' lang='grc' dir='ltr'><strong><em>ἐλάλησεν</em></strong></span> <span class='ocrx_word' id='word_1_178' title='bbox 216 1514 247 1575; x_wconf 81' lang='grc' dir='ltr'><strong><em>έν</em></strong></span> <span class='ocrx_word' id='word_1_179' title='bbox 255 1511 419 1616; x_wconf 79' lang='grc' dir='ltr'><strong><em>χειρὶἈχία</em></strong></span> <span class='ocrx_word' id='word_1_180' title='bbox 428 1515 487 1575; x_wconf 87' lang='grc' dir='ltr'><strong><em>τοῦ</em></strong></span> <span class='ocrx_word' id='word_1_181' title='bbox 493 1511 665 1596; x_wconf 86' lang='grc' dir='ltr'><strong><em>Σηλιονίτου</em></strong></span> <span class='ocrx_word' id='word_1_182' title='bbox 698 1508 892 1594; x_wconf 82' lang='grc' dir='ltr'><strong><em>ήγουμένους,</em></strong></span> <span class='ocrx_word' id='word_1_183' title='bbox 917 1514 967 1576; x_wconf 89' lang='grc' dir='ltr'><strong><em>καί</em></strong></span> <span class='ocrx_word' id='word_1_184' title='bbox 983 1512 1166 1595; x_wconf 76' lang='grc' dir='ltr'><strong><em>παραθέσεις</em></strong></span> <span class='ocrx_word' id='word_1_185' title='bbox 1177 1507 1298 1595; x_wconf 83' lang='grc' dir='ltr'><strong><em>βρωμά-</em></strong></span> 
     </span>
     <span class='ocr_line' id='line_1_17' title="bbox 58 1591 1298 1698; baseline -0.001 -40"><span class='ocrx_word' id='word_1_186' title='bbox 58 1593 286 1698; x_wconf 85' lang='grc' dir='ltr'><strong><em>περίἹεροβοαμ</em></strong></span> <span class='ocrx_word' id='word_1_187' title='bbox 298 1600 363 1660; x_wconf 81' lang='grc' dir='ltr'><strong><em>υἱοῦ</em></strong></span> <span class='ocrx_word' id='word_1_188' title='bbox 374 1591 486 1698; x_wconf 70' lang='grc' dir='ltr'><strong><em>Νιηίόιτ</em></strong></span> <span class='ocrx_word' id='word_1_189' title='bbox 496 1595 524 1637; x_wconf 80' lang='lat'><strong><em>¹¹</em></strong></span> <span class='ocrx_word' id='word_1_190' title='bbox 530 1597 581 1660; x_wconf 90' lang='grc' dir='ltr'><strong><em>καί</em></strong></span> <span class='ocrx_word' id='word_1_191' title='bbox 589 1618 665 1659; x_wconf 85' lang='grc' dir='ltr'><strong><em>παν-</em></strong></span> <span class='ocrx_word' id='word_1_192' title='bbox 697 1618 766 1669; x_wconf 87' lang='grc' dir='ltr'><strong><em>των,</em></strong></span> <span class='ocrx_word' id='word_1_193' title='bbox 779 1596 883 1658; x_wconf 85' lang='grc' dir='ltr'><strong><em>έλαιον</em></strong></span> <span class='ocrx_word' id='word_1_194' title='bbox 895 1596 945 1660; x_wconf 88' lang='grc' dir='ltr'><strong><em>καί</em></strong></span> <span class='ocrx_word' id='word_1_195' title='bbox 958 1593 1053 1670; x_wconf 84' lang='grc' dir='ltr'><strong><em>οίνον,</em></strong></span> <span class='ocrx_word' id='word_1_196' title='bbox 1077 1597 1105 1635; x_wconf 86' lang='lat'><strong><em>¹²</em></strong></span> <span class='ocrx_word' id='word_1_197' title='bbox 1117 1593 1196 1658; x_wconf 81' lang='grc' dir='ltr'><strong><em>κατὰ</em></strong></span> <span class='ocrx_word' id='word_1_198' title='bbox 1209 1592 1298 1658; x_wconf 91' lang='grc' dir='ltr'><strong><em>πόλιν</em></strong></span> 
     </span>
     <span class='ocr_line' id='line_1_18' title="bbox 59 1672 1298 1764; baseline -0.002 -23"><span class='ocrx_word' id='word_1_199' title='bbox 59 1677 113 1751; x_wconf 83' lang='grc' dir='ltr'><strong><em>τός</em></strong></span> <span class='ocrx_word' id='word_1_200' title='bbox 123 1674 257 1763; x_wconf 86' lang='grc' dir='ltr'><strong><em>Ἰσραηλ,</em></strong></span> <span class='ocrx_word' id='word_1_201' title='bbox 282 1674 331 1743; x_wconf 79' lang='grc' dir='ltr'><strong><em>ότι</em></strong></span> <span class='ocrx_word' id='word_1_202' title='bbox 343 1675 395 1743; x_wconf 86' lang='grc' dir='ltr'><strong><em>οῦκ</em></strong></span> <span class='ocrx_word' id='word_1_203' title='bbox 410 1703 533 1762; x_wconf 89' lang='grc' dir='ltr'><strong><em>ηκουσεν</em></strong></span> <span class='ocrx_word' id='word_1_204' title='bbox 547 1676 564 1743; x_wconf 83' lang='grc' dir='ltr'>ὁ</span> <span class='ocrx_word' id='word_1_205' title='bbox 578 1682 664 1764; x_wconf 83' lang='grc' dir='ltr'><strong><em>βασι·</em></strong></span> <span class='ocrx_word' id='word_1_206' title='bbox 697 1680 747 1743; x_wconf 86' lang='grc' dir='ltr'><strong><em>καί</em></strong></span> <span class='ocrx_word' id='word_1_207' title='bbox 766 1675 843 1742; x_wconf 78' lang='grc' dir='ltr'><strong><em>κατὰ</em></strong></span> <span class='ocrx_word' id='word_1_208' title='bbox 861 1675 948 1742; x_wconf 84' lang='grc' dir='ltr'><strong><em>πόλιν</em></strong></span> <span class='ocrx_word' id='word_1_209' title='bbox 965 1673 1091 1762; x_wconf 84' lang='grc' dir='ltr'><strong><em>θυρεούς</em></strong></span> <span class='ocrx_word' id='word_1_210' title='bbox 1109 1678 1159 1740; x_wconf 83' lang='grc' dir='ltr'><strong><em>καί</em></strong></span> <span class='ocrx_word' id='word_1_211' title='bbox 1173 1672 1298 1761; x_wconf 90' lang='grc' dir='ltr'><strong><em>δόρατα,</em></strong></span> 
     </span>
     <span class='ocr_line' id='line_1_19' title="bbox 60 1755 1299 1847; baseline 0.001 -25"><span class='ocrx_word' id='word_1_212' title='bbox 60 1760 127 1833; x_wconf 85' lang='grc' dir='ltr'><strong><em>λεὺς</em></strong></span> <span class='ocrx_word' id='word_1_213' title='bbox 151 1759 260 1826; x_wconf 79' lang='grc' dir='ltr'><strong><em>αὐτῶν.</em></strong></span> <span class='ocrx_word' id='word_1_214' title='bbox 299 1763 350 1827; x_wconf 81' lang='grc' dir='ltr'><strong><em>καί</em></strong></span> <span class='ocrx_word' id='word_1_215' title='bbox 374 1759 523 1847; x_wconf 79' lang='grc' dir='ltr'><strong><em>ῦπεκρίθη</em></strong></span> <span class='ocrx_word' id='word_1_216' title='bbox 548 1759 565 1826; x_wconf 83' lang='grc' dir='ltr'><strong><em>δ</em></strong></span> <span class='ocrx_word' id='word_1_217' title='bbox 591 1757 664 1836; x_wconf 85' lang='grc' dir='ltr'><strong><em>λαός</em></strong></span> <span class='ocrx_word' id='word_1_218' title='bbox 697 1763 749 1825; x_wconf 82' lang='grc' dir='ltr'><strong><em>καὶ</em></strong></span> <span class='ocrx_word' id='word_1_219' title='bbox 762 1768 931 1842; x_wconf 77' lang='grc' dir='ltr'><strong><em>κατίσχυσεν</em></strong></span> <span class='ocrx_word' id='word_1_220' title='bbox 944 1757 1036 1835; x_wconf 77' lang='grc' dir='ltr'><strong><em>αύτίις</em></strong></span> <span class='ocrx_word' id='word_1_221' title='bbox 1048 1765 1086 1833; x_wconf 82' lang='grc' dir='ltr'><strong><em>εἰς</em></strong></span> <span class='ocrx_word' id='word_1_222' title='bbox 1095 1759 1212 1841; x_wconf 76' lang='grc' dir='ltr'><strong><em>πλῆθος</em></strong></span> <span class='ocrx_word' id='word_1_223' title='bbox 1223 1755 1299 1839; x_wconf 69' lang='grc' dir='ltr'><strong><em>σαό-</em></strong></span> 
     </span>
     <span class='ocr_line' id='line_1_20' title="bbox 59 1839 1298 1933; baseline -0.001 -27"><span class='ocrx_word' id='word_1_224' title='bbox 59 1842 136 1928; x_wconf 86' lang='grc' dir='ltr'><strong><em>πρὸς</em></strong></span> <span class='ocrx_word' id='word_1_225' title='bbox 155 1843 209 1910; x_wconf 90' lang='grc' dir='ltr'><strong><em>τόν</em></strong></span> <span class='ocrx_word' id='word_1_226' title='bbox 224 1845 364 1933; x_wconf 88' lang='grc' dir='ltr'><strong><em>βασιλέα,</em></strong></span> <span class='ocrx_word' id='word_1_227' title='bbox 389 1844 493 1923; x_wconf 84' lang='grc' dir='ltr'><strong><em>λέγων.</em></strong></span> <span class='ocrx_word' id='word_1_228' title='bbox 519 1851 564 1921; x_wconf 88' lang='grc' dir='ltr'><strong><em>τίς</em></strong></span> <span class='ocrx_word' id='word_1_229' title='bbox 583 1840 664 1927; x_wconf 80' lang='grc' dir='ltr'><strong><em>ήμῶν</em></strong></span> <span class='ocrx_word' id='word_1_230' title='bbox 697 1845 763 1929; x_wconf 91' lang='grc' dir='ltr'><strong><em>δρα,</em></strong></span> <span class='ocrx_word' id='word_1_231' title='bbox 777 1847 828 1908; x_wconf 83' lang='grc' dir='ltr'><strong><em>καί</em></strong></span> <span class='ocrx_word' id='word_1_232' title='bbox 840 1844 914 1927; x_wconf 76' lang='grc' dir='ltr'><strong><em>ἦσαν</em></strong></span> <span class='ocrx_word' id='word_1_233' title='bbox 926 1841 1008 1926; x_wconf 80' lang='grc' dir='ltr'><strong><em>αύτῷ</em></strong></span> <span class='ocrx_word' id='word_1_234' title='bbox 1019 1839 1121 1908; x_wconf 83' lang='grc' dir='ltr'><strong><em>Ἰούδα</em></strong></span> <span class='ocrx_word' id='word_1_235' title='bbox 1130 1845 1180 1907; x_wconf 83' lang='grc' dir='ltr'><strong><em>καί</em></strong></span> <span class='ocrx_word' id='word_1_236' title='bbox 1189 1849 1298 1907; x_wconf 89' lang='grc' dir='ltr'><strong><em>Βενια-</em></strong></span> 
     </span>
     <span class='ocr_line' id='line_1_21' title="bbox 58 1923 1301 2033; baseline -0.002 -41"><span class='ocrx_word' id='word_1_237' title='bbox 58 1923 77 2008; x_wconf 87' lang='grc' dir='ltr'><strong><em>ή</em></strong></span> <span class='ocrx_word' id='word_1_238' title='bbox 103 1929 182 2011; x_wconf 86' lang='grc' dir='ltr'><strong><em>μερίς</em></strong></span> <span class='ocrx_word' id='word_1_239' title='bbox 200 1931 232 1995; x_wconf 86' lang='grc' dir='ltr'><strong><em>έν</em></strong></span> <span class='ocrx_word' id='word_1_240' title='bbox 251 1929 350 1994; x_wconf 84' lang='grc' dir='ltr'><strong><em>Δαυίδ</em></strong></span> <span class='ocrx_word' id='word_1_241' title='bbox 365 1931 416 1993; x_wconf 86' lang='grc' dir='ltr'><strong><em>καί</em></strong></span> <span class='ocrx_word' id='word_1_242' title='bbox 434 1926 616 2012; x_wconf 77' lang='grc' dir='ltr'><strong><em>κληρονομία</em></strong></span> <span class='ocrx_word' id='word_1_243' title='bbox 634 1931 665 1993; x_wconf 80' lang='grc' dir='ltr'><strong><em>έν</em></strong></span> <span class='ocrx_word' id='word_1_244' title='bbox 695 1933 752 2009; x_wconf 88' lang='grc' dir='ltr'><strong><em>μίν.</em></strong></span> <span class='ocrx_word' id='word_1_245' title='bbox 778 1928 867 1992; x_wconf 70' lang='grc' dir='ltr'><strong><em>13καί</em></strong></span> <span class='ocrx_word' id='word_1_246' title='bbox 885 1931 914 1990; x_wconf 84' lang='grc' dir='ltr'><strong><em>οί</em></strong></span> <span class='ocrx_word' id='word_1_247' title='bbox 932 1930 1015 2033; x_wconf 76' lang='grc' dir='ltr'><strong><em>ἱερεῖς</em></strong></span> <span class='ocrx_word' id='word_1_248' title='bbox 1027 1926 1078 1990; x_wconf 84' lang='grc' dir='ltr'><strong><em>καὶ</em></strong></span> <span class='ocrx_word' id='word_1_249' title='bbox 1090 1929 1121 1990; x_wconf 85' lang='grc' dir='ltr'><strong><em>σί</em></strong></span> <span class='ocrx_word' id='word_1_250' title='bbox 1132 1931 1258 1990; x_wconf 82' lang='grc' dir='ltr'><strong><em>Λευῖται</em></strong></span> <span class='ocrx_word' id='word_1_251' title='bbox 1271 1931 1301 1990; x_wconf 80' lang='grc' dir='ltr'><strong><em>σί</em></strong></span> 
     </span>
     <span class='ocr_line' id='line_1_22' title="bbox 58 1999 1300 2095; baseline 0 -23"><span class='ocrx_word' id='word_1_252' title='bbox 58 2011 115 2090; x_wconf 63' lang='lat' dir='ltr'><strong><em>vio}</em></strong></span> <span class='ocrx_word' id='word_1_253' title='bbox 134 2010 260 2091; x_wconf 73' lang='grc' dir='ltr'><strong><em>Ἰεσοαίς</em></strong></span> <span class='ocrx_word' id='word_1_254' title='bbox 287 2017 327 2088; x_wconf 85' lang='grc' dir='ltr'><strong><em>είς</em></strong></span> <span class='ocrx_word' id='word_1_255' title='bbox 351 2011 390 2076; x_wconf 80' lang='grc' dir='ltr'><strong><em>τὰ</em></strong></span> <span class='ocrx_word' id='word_1_256' title='bbox 413 2038 449 2078; x_wconf 87' lang='grc' dir='ltr'><strong><em>σκ</em></strong></span> <span class='ocrx_word' id='word_1_257' title='bbox 468 2005 591 2095; x_wconf 80' lang='grc' dir='ltr'><strong><em>νόματιί</em></strong></span> <span class='ocrx_word' id='word_1_258' title='bbox 610 2036 664 2075; x_wconf 94' lang='grc' dir='ltr'><strong><em>σου</em></strong></span> <span class='ocrx_word' id='word_1_259' title='bbox 697 1999 772 2094; x_wconf 87' lang='grc' dir='ltr'><strong><em>ήσαν</em></strong></span> <span class='ocrx_word' id='word_1_260' title='bbox 796 2012 827 2074; x_wconf 84' lang='grc' dir='ltr'><strong><em>έν</em></strong></span> <span class='ocrx_word' id='word_1_261' title='bbox 850 2011 942 2075; x_wconf 83' lang='grc' dir='ltr'><strong><em>παντί</em></strong></span> <span class='ocrx_word' id='word_1_262' title='bbox 971 2007 1083 2092; x_wconf 86' lang='grc' dir='ltr'><strong><em>Ισραήλ</em></strong></span> <span class='ocrx_word' id='word_1_263' title='bbox 1110 2004 1300 2093; x_wconf 73' lang='grc' dir='ltr'><strong><em>συνήχθησαν</em></strong></span> 
     </span>
     <span class='ocr_line' id='line_1_23' title="bbox 57 2038 1299 2181; baseline -0.001 -26"><span class='ocrx_word' id='word_1_264' title='bbox 57 2092 189 2177; x_wconf 83' lang='grc' dir='ltr'><strong><em>Ἰσραήλ,</em></strong></span> <span class='ocrx_word' id='word_1_265' title='bbox 204 2100 255 2161; x_wconf 83' lang='grc' dir='ltr'><strong><em>νῦν</em></strong></span> <span class='ocrx_word' id='word_1_266' title='bbox 268 2096 358 2181; x_wconf 89' lang='grc' dir='ltr'><strong><em>βλέπε</em></strong></span> <span class='ocrx_word' id='word_1_267' title='bbox 370 2093 422 2160; x_wconf 88' lang='grc' dir='ltr'><strong><em>τὸν</em></strong></span> <span class='ocrx_word' id='word_1_268' title='bbox 434 2038 517 2160; x_wconf 78' lang='grc' dir='ltr'><strong><em>οίκόν</em></strong></span> <span class='ocrx_word' id='word_1_269' title='bbox 530 2120 586 2161; x_wconf 90' lang='grc' dir='ltr'><strong><em>σου</em></strong></span> <span class='ocrx_word' id='word_1_270' title='bbox 600 2100 664 2158; x_wconf 75' lang='lat' dir='ltr'><strong><em>Aa·</em></strong></span> <span class='ocrx_word' id='word_1_271' title='bbox 696 2093 774 2177; x_wconf 84' lang='grc' dir='ltr'><strong><em>πρὸς</em></strong></span> <span class='ocrx_word' id='word_1_272' title='bbox 801 2090 896 2158; x_wconf 89' lang='grc' dir='ltr'><strong><em>αῦτὸν</em></strong></span> <span class='ocrx_word' id='word_1_273' title='bbox 917 2095 948 2155; x_wconf 84' lang='grc' dir='ltr'><strong><em>έκ</em></strong></span> <span class='ocrx_word' id='word_1_274' title='bbox 967 2090 1091 2156; x_wconf 86' lang='grc' dir='ltr'><strong><em>πάντων</em></strong></span> <span class='ocrx_word' id='word_1_275' title='bbox 1115 2095 1174 2155; x_wconf 83' lang='grc' dir='ltr'><strong><em>τιῦν</em></strong></span> <span class='ocrx_word' id='word_1_276' title='bbox 1200 2088 1299 2178; x_wconf 80' lang='grc' dir='ltr'><strong><em>ὁρίων.</em></strong></span> 
     </span>
     <span class='ocr_line' id='line_1_24' title="bbox 57 2173 1298 2263; baseline 0 -25"><span class='ocrx_word' id='word_1_277' title='bbox 57 2175 113 2238; x_wconf 90' lang='grc' dir='ltr'><strong><em>υίδ.</em></strong></span> <span class='ocrx_word' id='word_1_278' title='bbox 139 2179 190 2242; x_wconf 85' lang='grc' dir='ltr'><strong><em>καί</em></strong></span> <span class='ocrx_word' id='word_1_279' title='bbox 200 2174 353 2263; x_wconf 79' lang='grc' dir='ltr'><strong><em>ἐπορεύθη</em></strong></span> <span class='ocrx_word' id='word_1_280' title='bbox 365 2182 425 2252; x_wconf 84' lang='grc' dir='ltr'><strong><em>πᾶς</em></strong></span> <span class='ocrx_word' id='word_1_281' title='bbox 439 2175 563 2262; x_wconf 78' lang='grc' dir='ltr'><strong><em>Ἰσρα“λ</em></strong></span> <span class='ocrx_word' id='word_1_282' title='bbox 575 2180 614 2251; x_wconf 81' lang='grc' dir='ltr'><strong><em>είς</em></strong></span> <span class='ocrx_word' id='word_1_283' title='bbox 626 2174 665 2240; x_wconf 84' lang='grc' dir='ltr'><strong><em>τδι</em></strong></span> <span class='ocrx_word' id='word_1_284' title='bbox 697 2173 778 2241; x_wconf 68' lang='grc' dir='ltr'><strong><em>14ὅτι</em></strong></span> <span class='ocrx_word' id='word_1_285' title='bbox 791 2175 985 2254; x_wconf 75' lang='grc' dir='ltr'><strong><em>ε’γκατσλιπον</em></strong></span> <span class='ocrx_word' id='word_1_286' title='bbox 998 2178 1029 2240; x_wconf 84' lang='grc' dir='ltr'><strong><em>σί</em></strong></span> <span class='ocrx_word' id='word_1_287' title='bbox 1040 2181 1165 2238; x_wconf 82' lang='grc' dir='ltr'><strong><em>Λευῖται</em></strong></span> <span class='ocrx_word' id='word_1_288' title='bbox 1178 2173 1216 2237; x_wconf 80' lang='grc' dir='ltr'><strong><em>τὰ</em></strong></span> <span class='ocrx_word' id='word_1_289' title='bbox 1229 2201 1298 2259; x_wconf 90' lang='grc' dir='ltr'><strong><em>σκη-</em></strong></span> 
     </span>
     <span class='ocr_line' id='line_1_25' title="bbox 59 2207 1299 2362; baseline 0.001 -41"><span class='ocrx_word' id='word_1_290' title='bbox 59 2255 237 2359; x_wconf 87' lang='grc' dir='ltr'><strong><em>σκηνιύματα</em></strong></span> <span class='ocrx_word' id='word_1_291' title='bbox 250 2259 357 2325; x_wconf 79' lang='grc' dir='ltr'><strong><em>αὐτοῦ.</em></strong></span> <span class='ocrx_word' id='word_1_292' title='bbox 382 2261 473 2323; x_wconf 74' lang='grc' dir='ltr'><strong><em>17καί</em></strong></span> <span class='ocrx_word' id='word_1_293' title='bbox 490 2207 590 2346; x_wconf 75' lang='grc' dir='ltr'><strong><em>ἄνδρες</em></strong></span> <span class='ocrx_word' id='word_1_294' title='bbox 605 2257 660 2324; x_wconf 81' lang='grc' dir='ltr'><strong><em>Ἰσ-</em></strong></span> <span class='ocrx_word' id='word_1_295' title='bbox 698 2256 820 2343; x_wconf 71' lang='grc' dir='ltr'><strong><em>νοήματα</em></strong></span> <span class='ocrx_word' id='word_1_296' title='bbox 833 2264 886 2343; x_wconf 77' lang='grc' dir='ltr'><strong><em>τῆς</em></strong></span> <span class='ocrx_word' id='word_1_297' title='bbox 897 2259 1098 2362; x_wconf 77' lang='grc' dir='ltr'><strong><em>κατασχέσεως</em></strong></span> <span class='ocrx_word' id='word_1_298' title='bbox 1110 2254 1224 2333; x_wconf 80' lang='grc' dir='ltr'><strong><em>αύτῶν,</em></strong></span> <span class='ocrx_word' id='word_1_299' title='bbox 1250 2261 1299 2323; x_wconf 84' lang='grc' dir='ltr'><strong><em>καὶ</em></strong></span> 
     </span>
     <span class='ocr_line' id='line_1_26' title="bbox 58 2338 1300 2511; baseline 0.005 -111"><span class='ocrx_word' id='word_1_300' title='bbox 58 2341 141 2483; x_wconf 54' lang='grc' dir='ltr'><strong><em>ρΙοηλὲ</em></strong></span> <span class='ocrx_word' id='word_1_301' title='bbox 162 2344 211 2405; x_wconf 81' lang='grc' dir='ltr'><strong><em>καί</em></strong></span> <span class='ocrx_word' id='word_1_302' title='bbox 230 2345 262 2447; x_wconf 54' lang='lat' dir='ltr'><strong><em>off</em></strong></span> <span class='ocrx_word' id='word_1_303' title='bbox 279 2345 482 2507; x_wconf 63' lang='grc' dir='ltr'><strong><em>ηχιτοιοκρῦντες</em></strong></span> <span class='ocrx_word' id='word_1_304' title='bbox 492 2345 537 2487; x_wconf 41' lang='grc' dir='ltr'><strong><em>ἐν,</em></strong></span> <span class='ocrx_word' id='word_1_305' title='bbox 547 2339 666 2444; x_wconf 70' lang='grc' dir='ltr'><strong><em>πόλεσιν</em></strong></span> <span class='ocrx_word' id='word_1_306' title='bbox 697 2339 989 2511; x_wconf 55' lang='grc' dir='ltr'><strong><em>Ξρορηύθηρχχνητρος</em></strong></span> <span class='ocrx_word' id='word_1_307' title='bbox 998 2338 1300 2509; x_wconf 40' lang='grc' dir='ltr'><strong><em>Ἰούβαῐχίςῖἷερρυσα-ι</em></strong></span> 
     </span>
     <span class='ocr_line' id='line_1_27' title="bbox 85 2445 1299 2498; baseline 0.005 -16"><span class='ocrx_word' id='word_1_308' title='bbox 85 2445 121 2482; x_wconf 89' lang='grc' dir='ltr'><strong><em>ου</em></strong></span> <span class='ocrx_word' id='word_1_309' title='bbox 141 2447 176 2495; x_wconf 92' lang='grc' dir='ltr'><strong><em>α,</em></strong></span> <span class='ocrx_word' id='word_1_310' title='bbox 200 2449 251 2487; x_wconf 86' lang='grc' dir='ltr'><strong><em>και</em></strong></span> <span class='ocrx_word' id='word_1_311' title='bbox 278 2448 352 2486; x_wconf 89' lang='grc' dir='ltr'><strong><em>εαο</em></strong></span> <span class='ocrx_word' id='word_1_312' title='bbox 397 2447 468 2487; x_wconf 90' lang='grc' dir='ltr'><strong><em>υσαν</em></strong></span> <span class='ocrx_word' id='word_1_313' title='bbox 506 2452 531 2488; x_wconf 86' lang='grc' dir='ltr'><strong><em>π</em></strong></span> <span class='ocrx_word' id='word_1_314' title='bbox 566 2449 666 2489; x_wconf 89' lang='grc' dir='ltr'><strong><em>αυτων</em></strong></span> <span class='ocrx_word' id='word_1_315' title='bbox 774 2451 820 2490; x_wconf 89' lang='grc' dir='ltr'><strong><em>οτι</em></strong></span> <span class='ocrx_word' id='word_1_316' title='bbox 894 2454 914 2491; x_wconf 90' lang='grc' dir='ltr'><strong><em>α</em></strong></span> <span class='ocrx_word' id='word_1_317' title='bbox 933 2449 1080 2498; x_wconf 91' lang='grc' dir='ltr'><strong><em>εναυτους</em></strong></span> <span class='ocrx_word' id='word_1_318' title='bbox 1146 2449 1299 2488; x_wconf 85' lang='grc' dir='ltr'><strong><em>οοαακαι</em></strong></span> 
     </span>
     <span class='ocr_line' id='line_1_28' title="bbox 55 2449 1299 2590; baseline 0.003 -26"><span class='ocrx_word' id='word_1_319' title='bbox 55 2498 198 2586; x_wconf 75' lang='grc' dir='ltr'><strong><em>Ῥοβοάμ.</em></strong></span> <span class='ocrx_word' id='word_1_320' title='bbox 217 2505 245 2546; x_wconf 79' lang='lat'><strong><em>¹⁸</em></strong></span> <span class='ocrx_word' id='word_1_321' title='bbox 258 2506 311 2567; x_wconf 83' lang='grc' dir='ltr'><strong><em>καὶ</em></strong></span> <span class='ocrx_word' id='word_1_322' title='bbox 323 2502 485 2568; x_wconf 82' lang='grc' dir='ltr'><strong><em>ἀπέστειλεν</em></strong></span> <span class='ocrx_word' id='word_1_323' title='bbox 497 2529 535 2569; x_wconf 85' lang='grc' dir='ltr'><strong><em>επ</em></strong></span> <span class='ocrx_word' id='word_1_324' title='bbox 557 2530 667 2580; x_wconf 85' lang='grc' dir='ltr'><strong><em>αυτους</em></strong></span> <span class='ocrx_word' id='word_1_325' title='bbox 698 2453 811 2572; x_wconf 66' lang='grc' dir='ltr'><strong><em>ούμῦιον</em></strong></span> <span class='ocrx_word' id='word_1_326' title='bbox 835 2534 930 2573; x_wconf 92' lang='grc' dir='ltr'><strong><em>αυτου</em></strong></span> <span class='ocrx_word' id='word_1_327' title='bbox 948 2536 987 2590; x_wconf 88' lang='grc' dir='ltr'><strong><em>μη</em></strong></span> <span class='ocrx_word' id='word_1_328' title='bbox 1000 2449 1175 2588; x_wconf 62' lang='grc' dir='ltr'><strong><em>λειτουργρεῖν</em></strong></span> <span class='ocrx_word' id='word_1_329' title='bbox 1200 2485 1299 2590; x_wconf 81' lang='grc' dir='ltr'><strong><em>κύρίῳ.</em></strong></span> 
     </span>
     <span class='ocr_line' id='line_1_29' title="bbox 55 2581 1299 2674; baseline 0.003 -26"><span class='ocrx_word' id='word_1_330' title='bbox 55 2581 222 2670; x_wconf 82' lang='grc' dir='ltr'><strong><em>Ῥοβούμὸ</em></strong></span> <span class='ocrx_word' id='word_1_331' title='bbox 233 2585 368 2671; x_wconf 86' lang='grc' dir='ltr'><strong><em>βασιλεύς</em></strong></span> <span class='ocrx_word' id='word_1_332' title='bbox 380 2584 667 2671; x_wconf 80' lang='grc' dir='ltr'><strong><em>τόνἈδωνιρύμτὸν</em></strong></span> <span class='ocrx_word' id='word_1_333' title='bbox 698 2592 724 2634; x_wconf 85' lang='lat'><strong><em>¹⁵</em></strong></span> <span class='ocrx_word' id='word_1_334' title='bbox 738 2592 790 2655; x_wconf 79' lang='grc' dir='ltr'><strong><em>καί</em></strong></span> <span class='ocrx_word' id='word_1_335' title='bbox 811 2593 987 2672; x_wconf 84' lang='grc' dir='ltr'><strong><em>κατέστησεν</em></strong></span> <span class='ocrx_word' id='word_1_336' title='bbox 1011 2592 1108 2672; x_wconf 74' lang='grc' dir='ltr'><strong><em>ἑαυτῷ</em></strong></span> <span class='ocrx_word' id='word_1_337' title='bbox 1134 2594 1216 2674; x_wconf 86' lang='grc' dir='ltr'><strong><em>ίερεῖς</em></strong></span> <span class='ocrx_word' id='word_1_338' title='bbox 1241 2594 1299 2653; x_wconf 81' lang='grc' dir='ltr'><strong><em>τῶν</em></strong></span> 
     </span>
     <span class='ocr_line' id='line_1_30' title="bbox 59 2666 1300 2757; baseline 0.005 -27"><span class='ocrx_word' id='word_1_339' title='bbox 59 2671 110 2731; x_wconf 78' lang='grc' dir='ltr'><strong><em>ἐπὶ</em></strong></span> <span class='ocrx_word' id='word_1_340' title='bbox 125 2672 179 2732; x_wconf 88' lang='grc' dir='ltr'><strong><em>τοῦ</em></strong></span> <span class='ocrx_word' id='word_1_341' title='bbox 192 2666 301 2752; x_wconf 80' lang='grc' dir='ltr'><strong><em>φόρου,</em></strong></span> <span class='ocrx_word' id='word_1_342' title='bbox 314 2671 366 2733; x_wconf 84' lang='grc' dir='ltr'><strong><em>καὶ</em></strong></span> <span class='ocrx_word' id='word_1_343' title='bbox 384 2668 601 2754; x_wconf 71' lang='grc' dir='ltr'><strong><em>ἐλιθοβόλησαν</em></strong></span> <span class='ocrx_word' id='word_1_344' title='bbox 610 2668 666 2734; x_wconf 85' lang='grc' dir='ltr'><strong><em>αύ-</em></strong></span> <span class='ocrx_word' id='word_1_345' title='bbox 699 2669 821 2757; x_wconf 79' lang='grc' dir='ltr'><strong><em>ύηιηλιῦν</em></strong></span> <span class='ocrx_word' id='word_1_346' title='bbox 834 2674 886 2737; x_wconf 81' lang='grc' dir='ltr'><strong><em>καί</em></strong></span> <span class='ocrx_word' id='word_1_347' title='bbox 898 2684 962 2747; x_wconf 83' lang='grc' dir='ltr'><strong><em>τοῖς</em></strong></span> <span class='ocrx_word' id='word_1_348' title='bbox 971 2669 1100 2747; x_wconf 81' lang='grc' dir='ltr'><strong><em>εἰδώλοις</em></strong></span> <span class='ocrx_word' id='word_1_349' title='bbox 1112 2675 1162 2738; x_wconf 87' lang='grc' dir='ltr'><strong><em>καὶ</em></strong></span> <span class='ocrx_word' id='word_1_350' title='bbox 1174 2684 1234 2748; x_wconf 86' lang='grc' dir='ltr'><strong><em>τοῖς</em></strong></span> <span class='ocrx_word' id='word_1_351' title='bbox 1242 2699 1300 2752; x_wconf 91' lang='grc' dir='ltr'><strong><em>μα-</em></strong></span> 
     </span>
     <span class='ocr_line' id='line_1_31' title="bbox 57 2749 1299 2840; baseline 0.005 -27"><span class='ocrx_word' id='word_1_352' title='bbox 57 2749 114 2814; x_wconf 85' lang='grc' dir='ltr'><strong><em>τὸν</em></strong></span> <span class='ocrx_word' id='word_1_353' title='bbox 127 2754 158 2815; x_wconf 78' lang='grc' dir='ltr'><strong><em>οῖ</em></strong></span> <span class='ocrx_word' id='word_1_354' title='bbox 172 2755 232 2816; x_wconf 84' lang='grc' dir='ltr'><strong><em>υἱοί</em></strong></span> <span class='ocrx_word' id='word_1_355' title='bbox 247 2749 368 2836; x_wconf 86' lang='grc' dir='ltr'><strong><em>Ἰσραήλ</em></strong></span> <span class='ocrx_word' id='word_1_356' title='bbox 386 2753 500 2829; x_wconf 84' lang='grc' dir='ltr'><strong><em>λίθοις,</em></strong></span> <span class='ocrx_word' id='word_1_357' title='bbox 525 2755 576 2818; x_wconf 81' lang='grc' dir='ltr'><strong><em>καί</em></strong></span> <span class='ocrx_word' id='word_1_358' title='bbox 590 2751 666 2818; x_wconf 79' lang='grc' dir='ltr'><strong><em>ἁπέ-</em></strong></span> <span class='ocrx_word' id='word_1_359' title='bbox 701 2762 793 2830; x_wconf 89' lang='grc' dir='ltr'><strong><em>ταίοις</em></strong></span> <span class='ocrx_word' id='word_1_360' title='bbox 805 2760 855 2822; x_wconf 86' lang='grc' dir='ltr'><strong><em>καὶ</em></strong></span> <span class='ocrx_word' id='word_1_361' title='bbox 866 2766 927 2830; x_wconf 83' lang='grc' dir='ltr'><strong><em>τοῖς</em></strong></span> <span class='ocrx_word' id='word_1_362' title='bbox 934 2752 1060 2839; x_wconf 91' lang='grc' dir='ltr'><strong><em>μόσχοις,</em></strong></span> <span class='ocrx_word' id='word_1_363' title='bbox 1072 2753 1093 2821; x_wconf 63' lang='lat' dir='ltr'><strong><em>iz*</em></strong></span> <span class='ocrx_word' id='word_1_364' title='bbox 1104 2759 1236 2840; x_wconf 75' lang='grc' dir='ltr'><strong><em>ἐποίησεν</em></strong></span> <span class='ocrx_word' id='word_1_365' title='bbox 1244 2754 1299 2820; x_wconf 77' lang='grc' dir='ltr'><strong><em>Ἱε-</em></strong></span> 
     </span>
     <span class='ocr_line' id='line_1_32' title="bbox 58 2832 1300 2925; baseline 0.006 -29"><span class='ocrx_word' id='word_1_366' title='bbox 58 2845 143 2897; x_wconf 88' lang='grc' dir='ltr'><strong><em>θανε.</em></strong></span> <span class='ocrx_word' id='word_1_367' title='bbox 159 2837 209 2898; x_wconf 85' lang='grc' dir='ltr'><strong><em>καί</em></strong></span> <span class='ocrx_word' id='word_1_368' title='bbox 223 2832 240 2898; x_wconf 89' lang='grc' dir='ltr'>ὁ</span> <span class='ocrx_word' id='word_1_369' title='bbox 252 2833 530 2923; x_wconf 75' lang='grc' dir='ltr'><strong><em>βασιλεύςῬοβούμ</em></strong></span> <span class='ocrx_word' id='word_1_370' title='bbox 542 2841 664 2903; x_wconf 75' lang='grc' dir='ltr'><strong><em>ἔσπευσε</em></strong></span> <span class='ocrx_word' id='word_1_371' title='bbox 697 2834 820 2925; x_wconf 82' lang='grc' dir='ltr'><strong><em>ροβούμ.</em></strong></span> <span class='ocrx_word' id='word_1_372' title='bbox 857 2841 948 2905; x_wconf 62' lang='grc' dir='ltr'><strong><em>16καί</em></strong></span> <span class='ocrx_word' id='word_1_373' title='bbox 965 2839 1096 2925; x_wconf 81' lang='grc' dir='ltr'><strong><em>ε’ξίβαλεν</em></strong></span> <span class='ocrx_word' id='word_1_374' title='bbox 1114 2838 1224 2916; x_wconf 87' lang='grc' dir='ltr'><strong><em>αύτούς</em></strong></span> <span class='ocrx_word' id='word_1_375' title='bbox 1237 2838 1300 2904; x_wconf 81' lang='grc' dir='ltr'><strong><em>ἀπὸ</em></strong></span> 
     </span>
     <span class='ocr_line' id='line_1_33' title="bbox 57 2914 1299 3009; baseline 0.005 -30"><span class='ocrx_word' id='word_1_376' title='bbox 57 2922 114 2980; x_wconf 86' lang='grc' dir='ltr'><strong><em>τοῦ</em></strong></span> <span class='ocrx_word' id='word_1_377' title='bbox 127 2915 269 3003; x_wconf 74' lang='grc' dir='ltr'><strong><em>ἀναβῆναι</em></strong></span> <span class='ocrx_word' id='word_1_378' title='bbox 284 2923 323 2995; x_wconf 82' lang='grc' dir='ltr'><strong><em>είς</em></strong></span> <span class='ocrx_word' id='word_1_379' title='bbox 335 2919 369 2984; x_wconf 88' lang='grc' dir='ltr'><strong><em>τὸ</em></strong></span> <span class='ocrx_word' id='word_1_380' title='bbox 384 2914 474 3004; x_wconf 84' lang='grc' dir='ltr'><strong><em>όίρμα,</em></strong></span> <span class='ocrx_word' id='word_1_381' title='bbox 491 2925 548 2985; x_wconf 90' lang='grc' dir='ltr'><strong><em>τοῦ</em></strong></span> <span class='ocrx_word' id='word_1_382' title='bbox 562 2933 664 3002; x_wconf 82' lang='grc' dir='ltr'><strong><em>φυγεῖν</em></strong></span> <span class='ocrx_word' id='word_1_383' title='bbox 698 2923 800 3004; x_wconf 75' lang='grc' dir='ltr'><strong><em>συλῶν</em></strong></span> <span class='ocrx_word' id='word_1_384' title='bbox 809 2920 937 3009; x_wconf 81' lang='grc' dir='ltr'><strong><em>Ἰσραήλ,</em></strong></span> <span class='ocrx_word' id='word_1_385' title='bbox 947 2930 978 2987; x_wconf 87' lang='grc' dir='ltr'><strong><em>οἳ</em></strong></span> <span class='ocrx_word' id='word_1_386' title='bbox 989 2927 1102 2989; x_wconf 79' lang='grc' dir='ltr'><strong><em>ε”δωκαν</em></strong></span> <span class='ocrx_word' id='word_1_387' title='bbox 1111 2925 1233 3008; x_wconf 83' lang='grc' dir='ltr'><strong><em>καρδίαν</em></strong></span> <span class='ocrx_word' id='word_1_388' title='bbox 1245 2921 1299 2986; x_wconf 89' lang='grc' dir='ltr'><strong><em>αύ-</em></strong></span> 
     </span>
     <span class='ocr_line' id='line_1_34' title="bbox 56 2997 1299 3094; baseline 0.006 -32"><span class='ocrx_word' id='word_1_389' title='bbox 56 3005 97 3074; x_wconf 83' lang='grc' dir='ltr'><strong><em>εῖς</em></strong></span> <span class='ocrx_word' id='word_1_390' title='bbox 110 2997 312 3084; x_wconf 71' lang='grc' dir='ltr'><strong><em>Ἰερουσαλήμ.</em></strong></span> <span class='ocrx_word' id='word_1_391' title='bbox 337 3005 365 3045; x_wconf 79' lang='lat'><strong><em>¹⁰</em></strong></span> <span class='ocrx_word' id='word_1_392' title='bbox 377 3006 428 3069; x_wconf 83' lang='grc' dir='ltr'><strong><em>καί</em></strong></span> <span class='ocrx_word' id='word_1_393' title='bbox 445 3002 587 3088; x_wconf 80' lang='grc' dir='ltr'><strong><em>ήθέτησεν</em></strong></span> <span class='ocrx_word' id='word_1_394' title='bbox 602 3004 661 3070; x_wconf 87' lang='grc' dir='ltr'><strong><em>Ἰσ-</em></strong></span> <span class='ocrx_word' id='word_1_395' title='bbox 698 3011 757 3071; x_wconf 82' lang='grc' dir='ltr'><strong><em>τῶν</em></strong></span> <span class='ocrx_word' id='word_1_396' title='bbox 770 3010 825 3071; x_wconf 89' lang='grc' dir='ltr'><strong><em>τοῦ</em></strong></span> <span class='ocrx_word' id='word_1_397' title='bbox 837 3009 957 3090; x_wconf 83' lang='grc' dir='ltr'><strong><em>ζητήσαι</em></strong></span> <span class='ocrx_word' id='word_1_398' title='bbox 970 3004 1071 3094; x_wconf 90' lang='grc' dir='ltr'><strong><em>κύριον</em></strong></span> <span class='ocrx_word' id='word_1_399' title='bbox 1082 3005 1155 3071; x_wconf 86' lang='grc' dir='ltr'><strong><em>θεὸν</em></strong></span> <span class='ocrx_word' id='word_1_400' title='bbox 1170 3000 1299 3091; x_wconf 77' lang='grc' dir='ltr'><strong><em>Ἰσραήλ,</em></strong></span> 
     </span>
     <span class='ocr_line' id='line_1_35' title="bbox 57 3079 1298 3193; baseline 0.003 -45"><span class='ocrx_word' id='word_1_401' title='bbox 57 3081 135 3165; x_wconf 82' lang='grc' dir='ltr'><strong><em>ραήλ</em></strong></span> <span class='ocrx_word' id='word_1_402' title='bbox 148 3087 179 3148; x_wconf 82' lang='grc' dir='ltr'><strong><em>έν</em></strong></span> <span class='ocrx_word' id='word_1_403' title='bbox 192 3088 236 3166; x_wconf 77' lang='grc' dir='ltr'><strong><em>τῷ</em></strong></span> <span class='ocrx_word' id='word_1_404' title='bbox 248 3087 321 3170; x_wconf 80' lang='grc' dir='ltr'><strong><em>οἴκῳ</em></strong></span> <span class='ocrx_word' id='word_1_405' title='bbox 335 3089 434 3153; x_wconf 83' lang='grc' dir='ltr'><strong><em>Δαυίδ</em></strong></span> <span class='ocrx_word' id='word_1_406' title='bbox 449 3093 504 3163; x_wconf 82' lang='grc' dir='ltr'><strong><em>έιος</em></strong></span> <span class='ocrx_word' id='word_1_407' title='bbox 526 3094 575 3173; x_wconf 81' lang='grc' dir='ltr'><strong><em>της</em></strong></span> <span class='ocrx_word' id='word_1_408' title='bbox 593 3085 663 3175; x_wconf 85' lang='grc' dir='ltr'><strong><em>ήμέ-</em></strong></span> <span class='ocrx_word' id='word_1_409' title='bbox 695 3091 745 3156; x_wconf 82' lang='grc' dir='ltr'><strong><em>καί</em></strong></span> <span class='ocrx_word' id='word_1_410' title='bbox 764 3079 861 3175; x_wconf 82' lang='grc' dir='ltr'><strong><em>ήλθον</em></strong></span> <span class='ocrx_word' id='word_1_411' title='bbox 881 3094 920 3164; x_wconf 79' lang='grc' dir='ltr'><strong><em>εἰς</em></strong></span> <span class='ocrx_word' id='word_1_412' title='bbox 933 3085 1126 3193; x_wconf 76' lang='grc' dir='ltr'><strong><em>Ἰερουσαλήμ</em></strong></span> <span class='ocrx_word' id='word_1_413' title='bbox 1142 3095 1234 3156; x_wconf 87' lang='grc' dir='ltr'><strong><em>θῦσαι</em></strong></span> <span class='ocrx_word' id='word_1_414' title='bbox 1248 3117 1298 3153; x_wconf 92' lang='grc' dir='ltr'><strong><em>κυ-</em></strong></span> 
     </span>
     <span class='ocr_line' id='line_1_36' title="bbox 56 3166 1299 3260; baseline -0.004 -19"><span class='ocrx_word' id='word_1_415' title='bbox 56 3166 242 3251; x_wconf 67' lang='grc' dir='ltr'><strong><em>θαςῐαῦῑης·</em></strong></span> <span class='ocrx_word' id='word_1_416' title='bbox 693 3182 749 3259; x_wconf 88' lang='grc' dir='ltr'><strong><em>ρίῳ</em></strong></span> <span class='ocrx_word' id='word_1_417' title='bbox 763 3181 825 3260; x_wconf 79' lang='grc' dir='ltr'><strong><em>θεῷ</em></strong></span> <span class='ocrx_word' id='word_1_418' title='bbox 839 3180 900 3239; x_wconf 77' lang='grc' dir='ltr'><strong><em>ταῖν</em></strong></span> <span class='ocrx_word' id='word_1_419' title='bbox 911 3175 1050 3260; x_wconf 85' lang='grc' dir='ltr'><strong><em>πατέρων</em></strong></span> <span class='ocrx_word' id='word_1_420' title='bbox 1063 3178 1171 3238; x_wconf 72' lang='grc' dir='ltr'><strong><em>αυτόν.</em></strong></span> <span class='ocrx_word' id='word_1_421' title='bbox 1208 3176 1234 3216; x_wconf 78' lang='lat'><strong><em>¹⁷</em></strong></span> <span class='ocrx_word' id='word_1_422' title='bbox 1249 3173 1299 3236; x_wconf 86' lang='grc' dir='ltr'><strong><em>καί</em></strong></span> 
     </span>
     <span class='ocr_line' id='line_1_37' title="bbox 240 3251 1300 3344; baseline 0 -26"><span class='ocrx_word' id='word_1_423' title='bbox 240 3259 274 3316; x_wconf 84' lang='grc' dir='ltr'><em>Κ</em></span> <span class='ocrx_word' id='word_1_424' title='bbox 285 3260 314 3317; x_wconf 84' lang='grc' dir='ltr'><em>Ε</em></span> <span class='ocrx_word' id='word_1_425' title='bbox 325 3259 364 3316; x_wconf 77' lang='grc' dir='ltr'><strong><em>Φ.</em></strong></span> <span class='ocrx_word' id='word_1_426' title='bbox 410 3251 482 3318; x_wconf 81' lang='lat' dir='ltr'><em>lA&#39;.</em></span> <span class='ocrx_word' id='word_1_427' title='bbox 693 3265 870 3344; x_wconf 89' lang='grc' dir='ltr'><strong><em>κατίσχυσαν</em></strong></span> <span class='ocrx_word' id='word_1_428' title='bbox 884 3259 936 3339; x_wconf 83' lang='grc' dir='ltr'><strong><em>τήν</em></strong></span> <span class='ocrx_word' id='word_1_429' title='bbox 948 3258 1100 3342; x_wconf 88' lang='grc' dir='ltr'><strong><em>βασιλείαν</em></strong></span> <span class='ocrx_word' id='word_1_430' title='bbox 1112 3252 1224 3322; x_wconf 84' lang='grc' dir='ltr'><strong><em>Ἰούδα.</em></strong></span> <span class='ocrx_word' id='word_1_431' title='bbox 1250 3257 1300 3319; x_wconf 84' lang='grc' dir='ltr'><strong><em>καὶ</em></strong></span> 
     </span>
    </p>

    <p class='ocr_par' dir='ltr' id='par_1_3' title="bbox 55 3297 1302 4637">
     <span class='ocr_line' id='line_1_38' title="bbox 57 3297 1300 3424; baseline 0.003 -30"><span class='ocrx_word' id='word_1_432' title='bbox 57 3297 143 3396; x_wconf 81' lang='grc' dir='ltr'><strong><em>Καὶ</em></strong></span> <span class='ocrx_word' id='word_1_433' title='bbox 163 3322 237 3415; x_wconf 84' lang='grc' dir='ltr'><strong><em>ήλθε</em></strong></span> <span class='ocrx_word' id='word_1_434' title='bbox 254 3333 387 3419; x_wconf 81' lang='grc' dir='ltr'><strong><em>Ῥοβοάμ</em></strong></span> <span class='ocrx_word' id='word_1_435' title='bbox 404 3341 442 3409; x_wconf 80' lang='grc' dir='ltr'><strong><em>εἰς</em></strong></span> <span class='ocrx_word' id='word_1_436' title='bbox 462 3333 661 3422; x_wconf 69' lang='grc' dir='ltr'><strong><em>Ἰερουσαλήμ,</em></strong></span> <span class='ocrx_word' id='word_1_437' title='bbox 693 3347 844 3423; x_wconf 88' lang='grc' dir='ltr'><strong><em>κατίσχυσε</em></strong></span> <span class='ocrx_word' id='word_1_438' title='bbox 856 3336 990 3424; x_wconf 80' lang='grc' dir='ltr'><strong><em>Ῥοβοίιμ</em></strong></span> <span class='ocrx_word' id='word_1_439' title='bbox 1007 3335 1060 3401; x_wconf 84' lang='grc' dir='ltr'><strong><em>τὸν</em></strong></span> <span class='ocrx_word' id='word_1_440' title='bbox 1077 3341 1133 3399; x_wconf 86' lang='grc' dir='ltr'><strong><em>τοῦ</em></strong></span> <span class='ocrx_word' id='word_1_441' title='bbox 1146 3338 1300 3417; x_wconf 84' lang='grc' dir='ltr'><strong><em>Σαλωμών</em></strong></span> 
     </span>
     <span class='ocr_line' id='line_1_39' title="bbox 55 3413 1302 3514; baseline 0 -35"><span class='ocrx_word' id='word_1_442' title='bbox 55 3417 111 3479; x_wconf 82' lang='grc' dir='ltr'><strong><em>καί</em></strong></span> <span class='ocrx_word' id='word_1_443' title='bbox 123 3414 320 3514; x_wconf 82' lang='grc' dir='ltr'><strong><em>ίξεκκλησίασε</em></strong></span> <span class='ocrx_word' id='word_1_444' title='bbox 333 3416 384 3479; x_wconf 87' lang='grc' dir='ltr'><strong><em>τὸν</em></strong></span> <span class='ocrx_word' id='word_1_445' title='bbox 394 3415 512 3481; x_wconf 83' lang='grc' dir='ltr'><strong><em>Ἰούδαν</em></strong></span> <span class='ocrx_word' id='word_1_446' title='bbox 524 3423 574 3483; x_wconf 79' lang='grc' dir='ltr'><strong><em>καὶ</em></strong></span> <span class='ocrx_word' id='word_1_447' title='bbox 585 3426 662 3483; x_wconf 87' lang='grc' dir='ltr'><strong><em>Βεν-</em></strong></span> <span class='ocrx_word' id='word_1_448' title='bbox 694 3428 732 3496; x_wconf 74' lang='grc' dir='ltr'><strong><em>εἰς</em></strong></span> <span class='ocrx_word' id='word_1_449' title='bbox 757 3426 808 3503; x_wconf 77' lang='grc' dir='ltr'><strong><em>ἔτη</em></strong></span> <span class='ocrx_word' id='word_1_450' title='bbox 834 3426 919 3502; x_wconf 87' lang='grc' dir='ltr'><strong><em>τρία,</em></strong></span> <span class='ocrx_word' id='word_1_451' title='bbox 944 3417 990 3483; x_wconf 81' lang='grc' dir='ltr'><strong><em>ότι</em></strong></span> <span class='ocrx_word' id='word_1_452' title='bbox 1016 3413 1165 3500; x_wconf 76' lang='grc' dir='ltr'><strong><em>ἐπορεύθη</em></strong></span> <span class='ocrx_word' id='word_1_453' title='bbox 1190 3422 1220 3480; x_wconf 84' lang='grc' dir='ltr'><strong><em>ίν</em></strong></span> <span class='ocrx_word' id='word_1_454' title='bbox 1239 3429 1302 3490; x_wconf 88' lang='grc' dir='ltr'><strong><em>ταῖς</em></strong></span> 
     </span>
     <span class='ocr_line' id='line_1_40' title="bbox 58 3494 1301 3580; baseline -0.002 -19"><span class='ocrx_word' id='word_1_455' title='bbox 58 3498 139 3576; x_wconf 85' lang='grc' dir='ltr'><strong><em>ιαμίν</em></strong></span> <span class='ocrx_word' id='word_1_456' title='bbox 151 3494 449 3578; x_wconf 83' lang='grc' dir='ltr'><strong><em>έκατονόγδοήκοντα</em></strong></span> <span class='ocrx_word' id='word_1_457' title='bbox 461 3496 663 3580; x_wconf 82' lang='grc' dir='ltr'><strong><em>χιλιάδαςνεα-</em></strong></span> <span class='ocrx_word' id='word_1_458' title='bbox 695 3501 776 3574; x_wconf 84' lang='grc' dir='ltr'><strong><em>ὁδοῖς</em></strong></span> <span class='ocrx_word' id='word_1_459' title='bbox 794 3501 891 3565; x_wconf 87' lang='grc' dir='ltr'><strong><em>Δαυὶδ</em></strong></span> <span class='ocrx_word' id='word_1_460' title='bbox 911 3501 963 3562; x_wconf 80' lang='grc' dir='ltr'><strong><em>καί</em></strong></span> <span class='ocrx_word' id='word_1_461' title='bbox 979 3495 1137 3579; x_wconf 85' lang='grc' dir='ltr'><strong><em>Σαλωμών</em></strong></span> <span class='ocrx_word' id='word_1_462' title='bbox 1156 3502 1206 3579; x_wconf 84' lang='grc' dir='ltr'><strong><em>έτη</em></strong></span> <span class='ocrx_word' id='word_1_463' title='bbox 1225 3503 1301 3578; x_wconf 92' lang='grc' dir='ltr'><strong><em>τρία.</em></strong></span> 
     </span>
     <span class='ocr_line' id='line_1_41' title="bbox 57 3572 1301 3664; baseline 0 -20"><span class='ocrx_word' id='word_1_464' title='bbox 57 3588 167 3644; x_wconf 89' lang='grc' dir='ltr'><strong><em>νίσκων</em></strong></span> <span class='ocrx_word' id='word_1_465' title='bbox 179 3572 348 3640; x_wconf 89' lang='grc' dir='ltr'><strong><em>ποιούντων</em></strong></span> <span class='ocrx_word' id='word_1_466' title='bbox 360 3573 503 3659; x_wconf 84' lang='grc' dir='ltr'><strong><em>πόλεμον,</em></strong></span> <span class='ocrx_word' id='word_1_467' title='bbox 529 3583 580 3643; x_wconf 89' lang='grc' dir='ltr'><strong><em>καὶ</em></strong></span> <span class='ocrx_word' id='word_1_468' title='bbox 592 3584 666 3644; x_wconf 81' lang='grc' dir='ltr'><strong><em>ἐπο-</em></strong></span> <span class='ocrx_word' id='word_1_469' title='bbox 696 3586 724 3626; x_wconf 81' lang='lat'><strong><em>¹⁸</em></strong></span> <span class='ocrx_word' id='word_1_470' title='bbox 737 3586 788 3645; x_wconf 84' lang='grc' dir='ltr'><strong><em>καὶ</em></strong></span> <span class='ocrx_word' id='word_1_471' title='bbox 806 3581 863 3644; x_wconf 85' lang='grc' dir='ltr'><strong><em>έλα</em></strong></span> <span class='ocrx_word' id='word_1_472' title='bbox 884 3605 912 3644; x_wconf 92' lang='grc' dir='ltr'><strong><em>εν</em></strong></span> <span class='ocrx_word' id='word_1_473' title='bbox 926 3583 1022 3660; x_wconf 76' lang='grc' dir='ltr'><strong><em>ἑαυτῷ</em></strong></span> <span class='ocrx_word' id='word_1_474' title='bbox 1033 3575 1167 3664; x_wconf 75' lang='grc' dir='ltr'><strong><em>Ῥοβούμ</em></strong></span> <span class='ocrx_word' id='word_1_475' title='bbox 1177 3591 1301 3656; x_wconf 91' lang='grc' dir='ltr'><strong><em>γυναῖκα</em></strong></span> 
     </span>
     <span class='ocr_line' id='line_1_42' title="bbox 58 3657 1301 3748; baseline 0.002 -24"><span class='ocrx_word' id='word_1_476' title='bbox 58 3663 137 3741; x_wconf 82' lang='grc' dir='ltr'><strong><em>λέμει</em></strong></span> <span class='ocrx_word' id='word_1_477' title='bbox 162 3659 239 3743; x_wconf 86' lang='grc' dir='ltr'><strong><em>πρὸς</em></strong></span> <span class='ocrx_word' id='word_1_478' title='bbox 260 3657 384 3743; x_wconf 83' lang='grc' dir='ltr'><strong><em>Ἰσραήλ</em></strong></span> <span class='ocrx_word' id='word_1_479' title='bbox 409 3664 463 3722; x_wconf 85' lang='grc' dir='ltr'><strong><em>τοῦ</em></strong></span> <span class='ocrx_word' id='word_1_480' title='bbox 489 3662 667 3742; x_wconf 73' lang='grc' dir='ltr'><strong><em>ἐπιπρέψαι</em></strong></span> <span class='ocrx_word' id='word_1_481' title='bbox 700 3663 752 3744; x_wconf 82' lang='grc' dir='ltr'><strong><em>τήν</em></strong></span> <span class='ocrx_word' id='word_1_482' title='bbox 762 3662 902 3728; x_wconf 86' lang='grc' dir='ltr'><strong><em>Μοολαθ</em></strong></span> <span class='ocrx_word' id='word_1_483' title='bbox 912 3664 1066 3747; x_wconf 87' lang='grc' dir='ltr'><strong><em>θυγατέρα</em></strong></span> <span class='ocrx_word' id='word_1_484' title='bbox 1074 3657 1223 3748; x_wconf 80' lang='grc' dir='ltr'><strong><em>Ἶεριμούθ</em></strong></span> <span class='ocrx_word' id='word_1_485' title='bbox 1236 3666 1301 3728; x_wconf 86' lang='grc' dir='ltr'><strong><em>υίοῦ</em></strong></span> 
     </span>
     <span class='ocr_line' id='line_1_43' title="bbox 58 3737 1302 3837; baseline 0.001 -27"><span class='ocrx_word' id='word_1_486' title='bbox 58 3744 115 3828; x_wconf 82' lang='grc' dir='ltr'><strong><em>τήν</em></strong></span> <span class='ocrx_word' id='word_1_487' title='bbox 125 3742 277 3829; x_wconf 89' lang='grc' dir='ltr'><strong><em>βασιλείαν</em></strong></span> <span class='ocrx_word' id='word_1_488' title='bbox 290 3749 332 3826; x_wconf 79' lang='grc' dir='ltr'><strong><em>τῷ</em></strong></span> <span class='ocrx_word' id='word_1_489' title='bbox 343 3737 484 3827; x_wconf 76' lang='grc' dir='ltr'><strong><em>Ῥοβοάμ.</em></strong></span> <span class='ocrx_word' id='word_1_490' title='bbox 512 3745 526 3783; x_wconf 85' lang='lat'><em>²</em></span> <span class='ocrx_word' id='word_1_491' title='bbox 539 3743 591 3806; x_wconf 84' lang='grc' dir='ltr'><strong><em>καί</em></strong></span> <span class='ocrx_word' id='word_1_492' title='bbox 604 3743 666 3820; x_wconf 82' lang='grc' dir='ltr'><strong><em>έγέ-</em></strong></span> <span class='ocrx_word' id='word_1_493' title='bbox 698 3746 804 3818; x_wconf 83' lang='grc' dir='ltr'><strong><em>Δαυίδ,</em></strong></span> <span class='ocrx_word' id='word_1_494' title='bbox 817 3746 868 3808; x_wconf 84' lang='grc' dir='ltr'><strong><em>καί</em></strong></span> <span class='ocrx_word' id='word_1_495' title='bbox 875 3744 1026 3831; x_wconf 79' lang='grc' dir='ltr'><strong><em>Ἀβιγαίαν</em></strong></span> <span class='ocrx_word' id='word_1_496' title='bbox 1036 3748 1190 3832; x_wconf 75' lang='grc' dir='ltr'><strong><em>θυγατέρα</em></strong></span> <span class='ocrx_word' id='word_1_497' title='bbox 1198 3743 1302 3837; x_wconf 77' lang='grc' dir='ltr'><strong><em>Ἐλιίιβ</em></strong></span> 
     </span>
     <span class='ocr_line' id='line_1_44' title="bbox 60 3821 1300 3914; baseline 0.005 -23"><span class='ocrx_word' id='word_1_498' title='bbox 60 3851 124 3891; x_wconf 87' lang='grc' dir='ltr'><strong><em>νετο</em></strong></span> <span class='ocrx_word' id='word_1_499' title='bbox 142 3821 232 3903; x_wconf 80' lang='grc' dir='ltr'><strong><em>λόγος</em></strong></span> <span class='ocrx_word' id='word_1_500' title='bbox 251 3833 352 3910; x_wconf 90' lang='grc' dir='ltr'><strong><em>κυρίου</em></strong></span> <span class='ocrx_word' id='word_1_501' title='bbox 369 3825 446 3910; x_wconf 88' lang='grc' dir='ltr'><strong><em>πρὸς</em></strong></span> <span class='ocrx_word' id='word_1_502' title='bbox 457 3830 597 3907; x_wconf 90' lang='grc' dir='ltr'><strong><em>Σαμαίαν</em></strong></span> <span class='ocrx_word' id='word_1_503' title='bbox 614 3823 664 3889; x_wconf 81' lang='grc' dir='ltr'><strong><em>όν·</em></strong></span> <span class='ocrx_word' id='word_1_504' title='bbox 699 3831 755 3892; x_wconf 89' lang='grc' dir='ltr'><strong><em>τοῦ</em></strong></span> <span class='ocrx_word' id='word_1_505' title='bbox 770 3825 887 3894; x_wconf 85' lang='grc' dir='ltr'><strong><em>Ἰεσσαί.</em></strong></span> <span class='ocrx_word' id='word_1_506' title='bbox 913 3830 941 3871; x_wconf 82' lang='lat'><strong><em>¹⁰</em></strong></span> <span class='ocrx_word' id='word_1_507' title='bbox 955 3831 1004 3892; x_wconf 84' lang='grc' dir='ltr'><strong><em>καί</em></strong></span> <span class='ocrx_word' id='word_1_508' title='bbox 1018 3833 1109 3894; x_wconf 81' lang='grc' dir='ltr'><strong><em>έτεκεν</em></strong></span> <span class='ocrx_word' id='word_1_509' title='bbox 1122 3828 1204 3914; x_wconf 77' lang='grc' dir='ltr'><strong><em>αύτῷ</em></strong></span> <span class='ocrx_word' id='word_1_510' title='bbox 1218 3826 1300 3908; x_wconf 81' lang='grc' dir='ltr'><strong><em>υἱούς</em></strong></span> 
     </span>
     <span class='ocr_line' id='line_1_45' title="bbox 59 3907 1301 3999; baseline 0.006 -25"><span class='ocrx_word' id='word_1_511' title='bbox 59 3922 190 3994; x_wconf 87' lang='grc' dir='ltr'><strong><em>θρισπον</em></strong></span> <span class='ocrx_word' id='word_1_512' title='bbox 204 3915 256 3974; x_wconf 90' lang='grc' dir='ltr'><strong><em>τοῦ</em></strong></span> <span class='ocrx_word' id='word_1_513' title='bbox 271 3914 353 3984; x_wconf 87' lang='grc' dir='ltr'><strong><em>θεοῦ,</em></strong></span> <span class='ocrx_word' id='word_1_514' title='bbox 363 3908 466 3985; x_wconf 86' lang='grc' dir='ltr'><strong><em>λέγων.</em></strong></span> <span class='ocrx_word' id='word_1_515' title='bbox 480 3908 665 3995; x_wconf 73' lang='grc' dir='ltr'><strong><em>3είπονπρὸς</em></strong></span> <span class='ocrx_word' id='word_1_516' title='bbox 699 3910 750 3976; x_wconf 87' lang='grc' dir='ltr'><strong><em>τὸν</em></strong></span> <span class='ocrx_word' id='word_1_517' title='bbox 759 3907 865 3987; x_wconf 84' lang='grc' dir='ltr'><strong><em>Ἰεούς,</em></strong></span> <span class='ocrx_word' id='word_1_518' title='bbox 891 3915 942 3977; x_wconf 81' lang='grc' dir='ltr'><strong><em>καί</em></strong></span> <span class='ocrx_word' id='word_1_519' title='bbox 954 3910 1007 3975; x_wconf 87' lang='grc' dir='ltr'><strong><em>τὸν</em></strong></span> <span class='ocrx_word' id='word_1_520' title='bbox 1018 3918 1169 3999; x_wconf 87' lang='grc' dir='ltr'><strong><em>Σαμαρία,</em></strong></span> <span class='ocrx_word' id='word_1_521' title='bbox 1185 3916 1236 3979; x_wconf 85' lang='grc' dir='ltr'><strong><em>καί</em></strong></span> <span class='ocrx_word' id='word_1_522' title='bbox 1251 3913 1301 3981; x_wconf 87' lang='grc' dir='ltr'><strong><em>τόν</em></strong></span> 
     </span>
     <span class='ocr_line' id='line_1_46' title="bbox 56 3987 1300 4085; baseline 0.006 -28"><span class='ocrx_word' id='word_1_523' title='bbox 56 3987 191 4078; x_wconf 77' lang='grc' dir='ltr'><strong><em>Ῥοβοὰμ</em></strong></span> <span class='ocrx_word' id='word_1_524' title='bbox 204 3995 255 4057; x_wconf 88' lang='grc' dir='ltr'><strong><em>τὸν</em></strong></span> <span class='ocrx_word' id='word_1_525' title='bbox 269 3998 323 4058; x_wconf 91' lang='grc' dir='ltr'><strong><em>τοῦ</em></strong></span> <span class='ocrx_word' id='word_1_526' title='bbox 332 3993 489 4076; x_wconf 80' lang='grc' dir='ltr'><strong><em>Σαλωμιόν</em></strong></span> <span class='ocrx_word' id='word_1_527' title='bbox 500 3994 551 4058; x_wconf 79' lang='grc' dir='ltr'><strong><em>καί</em></strong></span> <span class='ocrx_word' id='word_1_528' title='bbox 564 3990 665 4059; x_wconf 78' lang='grc' dir='ltr'><strong><em>πάντα</em></strong></span> <span class='ocrx_word' id='word_1_529' title='bbox 697 3990 797 4078; x_wconf 77' lang='grc' dir='ltr'><strong><em>Ζαᾶμ.</em></strong></span> <span class='ocrx_word' id='word_1_530' title='bbox 817 3998 847 4038; x_wconf 85' lang='lat'><strong><em>²⁰</em></strong></span> <span class='ocrx_word' id='word_1_531' title='bbox 854 3997 905 4061; x_wconf 84' lang='grc' dir='ltr'><strong><em>καί</em></strong></span> <span class='ocrx_word' id='word_1_532' title='bbox 917 3995 990 4078; x_wconf 82' lang='grc' dir='ltr'><strong><em>μετὰ</em></strong></span> <span class='ocrx_word' id='word_1_533' title='bbox 1004 3998 1102 4062; x_wconf 86' lang='grc' dir='ltr'><strong><em>ταῦτα</em></strong></span> <span class='ocrx_word' id='word_1_534' title='bbox 1113 3995 1219 4085; x_wconf 82' lang='grc' dir='ltr'><strong><em>ἔλαβεν</em></strong></span> <span class='ocrx_word' id='word_1_535' title='bbox 1230 4001 1300 4065; x_wconf 86' lang='grc' dir='ltr'><strong><em>έαυ-</em></strong></span> 
     </span>
     <span class='ocr_line' id='line_1_47' title="bbox 57 4072 1299 4186; baseline 0.006 -46"><span class='ocrx_word' id='word_1_536' title='bbox 57 4072 177 4140; x_wconf 87' lang='grc' dir='ltr'><strong><em>Ἰούδαν</em></strong></span> <span class='ocrx_word' id='word_1_537' title='bbox 188 4078 239 4142; x_wconf 89' lang='grc' dir='ltr'><strong><em>καί</em></strong></span> <span class='ocrx_word' id='word_1_538' title='bbox 251 4077 405 4158; x_wconf 85' lang='grc' dir='ltr'><strong><em>Βενιαμίν,</em></strong></span> <span class='ocrx_word' id='word_1_539' title='bbox 431 4077 534 4155; x_wconf 87' lang='grc' dir='ltr'><strong><em>λέγων.</em></strong></span> <span class='ocrx_word' id='word_1_540' title='bbox 567 4076 584 4119; x_wconf 80' lang='lat'><strong>⁴</strong></span> <span class='ocrx_word' id='word_1_541' title='bbox 596 4073 664 4143; x_wconf 83' lang='grc' dir='ltr'><strong><em>τόδε</em></strong></span> <span class='ocrx_word' id='word_1_542' title='bbox 699 4083 740 4163; x_wconf 82' lang='grc' dir='ltr'><strong><em>τῷ</em></strong></span> <span class='ocrx_word' id='word_1_543' title='bbox 752 4078 804 4163; x_wconf 86' lang='grc' dir='ltr'><strong><em>τήν</em></strong></span> <span class='ocrx_word' id='word_1_544' title='bbox 814 4077 933 4165; x_wconf 85' lang='grc' dir='ltr'><strong><em>Μααχδι</em></strong></span> <span class='ocrx_word' id='word_1_545' title='bbox 943 4082 1095 4162; x_wconf 91' lang='grc' dir='ltr'><strong><em>θυγατέρα</em></strong></span> <span class='ocrx_word' id='word_1_546' title='bbox 1102 4077 1299 4186; x_wconf 83' lang='grc' dir='ltr'><strong><em>Ἀβεσσαλώμ,</em></strong></span> 
     </span>
     <span class='ocr_line' id='line_1_48' title="bbox 60 4152 1300 4262; baseline 0.007 -40"><span class='ocrx_word' id='word_1_547' title='bbox 60 4158 137 4236; x_wconf 85' lang='grc' dir='ltr'><strong><em>λέγει</em></strong></span> <span class='ocrx_word' id='word_1_548' title='bbox 149 4152 255 4242; x_wconf 88' lang='grc' dir='ltr'><strong><em>κύριος.</em></strong></span> <span class='ocrx_word' id='word_1_549' title='bbox 280 4158 335 4224; x_wconf 85' lang='grc' dir='ltr'><strong><em>οῦκ</em></strong></span> <span class='ocrx_word' id='word_1_550' title='bbox 349 4156 543 4262; x_wconf 84' lang='grc' dir='ltr'><strong><em>ἇναβήσεσθε,</em></strong></span> <span class='ocrx_word' id='word_1_551' title='bbox 565 4164 616 4225; x_wconf 85' lang='grc' dir='ltr'><strong><em>καί</em></strong></span> <span class='ocrx_word' id='word_1_552' title='bbox 627 4159 664 4226; x_wconf 87' lang='grc' dir='ltr'><strong><em>οῦ</em></strong></span> <span class='ocrx_word' id='word_1_553' title='bbox 699 4163 749 4227; x_wconf 84' lang='grc' dir='ltr'><strong><em>καί</em></strong></span> <span class='ocrx_word' id='word_1_554' title='bbox 773 4167 864 4228; x_wconf 80' lang='grc' dir='ltr'><strong><em>ἔτεκεν</em></strong></span> <span class='ocrx_word' id='word_1_555' title='bbox 883 4162 969 4247; x_wconf 76' lang='grc' dir='ltr'><strong><em>αύτῷ</em></strong></span> <span class='ocrx_word' id='word_1_556' title='bbox 985 4162 1039 4229; x_wconf 85' lang='grc' dir='ltr'><strong><em>τὸν</em></strong></span> <span class='ocrx_word' id='word_1_557' title='bbox 1052 4161 1152 4253; x_wconf 82' lang='grc' dir='ltr'><strong><em>Ἀβιόι,</em></strong></span> <span class='ocrx_word' id='word_1_558' title='bbox 1178 4170 1229 4230; x_wconf 86' lang='grc' dir='ltr'><strong><em>καί</em></strong></span> <span class='ocrx_word' id='word_1_559' title='bbox 1247 4193 1300 4232; x_wconf 94' lang='grc' dir='ltr'><strong><em>τον</em></strong></span> 
     </span>
     <span class='ocr_line' id='line_1_49' title="bbox 60 4236 1299 4353; baseline 0.006 -47"><span class='ocrx_word' id='word_1_560' title='bbox 60 4236 344 4327; x_wconf 84' lang='grc' dir='ltr'><strong><em>πολεμήσεοθεπρός</em></strong></span> <span class='ocrx_word' id='word_1_561' title='bbox 352 4240 570 4326; x_wconf 82' lang='grc' dir='ltr'><strong><em>τούςαδελφούς</em></strong></span> <span class='ocrx_word' id='word_1_562' title='bbox 578 4239 663 4325; x_wconf 78' lang='grc' dir='ltr'><strong><em>ὑμῶν.</em></strong></span> <span class='ocrx_word' id='word_1_563' title='bbox 694 4245 801 4321; x_wconf 80' lang='grc' dir='ltr'><strong><em>Ἰετθί,</em></strong></span> <span class='ocrx_word' id='word_1_564' title='bbox 822 4246 937 4312; x_wconf 82' lang='grc' dir='ltr'><strong><em>καὶτὸν</em></strong></span> <span class='ocrx_word' id='word_1_565' title='bbox 950 4244 1045 4350; x_wconf 79' lang='grc' dir='ltr'><strong><em>Ζηζύ,</em></strong></span> <span class='ocrx_word' id='word_1_566' title='bbox 1070 4250 1121 4313; x_wconf 86' lang='grc' dir='ltr'><strong><em>καί</em></strong></span> <span class='ocrx_word' id='word_1_567' title='bbox 1133 4249 1187 4313; x_wconf 88' lang='grc' dir='ltr'><strong><em>τὸν</em></strong></span> <span class='ocrx_word' id='word_1_568' title='bbox 1198 4249 1299 4353; x_wconf 80' lang='grc' dir='ltr'><strong><em>Σαλη·</em></strong></span> 
     </span>
     <span class='ocr_line' id='line_1_50' title="bbox 59 4322 1301 4470; baseline 0.004 -81"><span class='ocrx_word' id='word_1_569' title='bbox 59 4322 665 4427; x_wconf 71' lang='grc' dir='ltr'><strong><em>ἀποστρέφετεέκαστοςείςτόνοίκοναῦ-</em></strong></span> <span class='ocrx_word' id='word_1_570' title='bbox 697 4323 777 4409; x_wconf 82' lang='grc' dir='ltr'><strong><em>μώθ.</em></strong></span> <span class='ocrx_word' id='word_1_571' title='bbox 816 4332 843 4370; x_wconf 86' lang='lat'><strong><em>²¹</em></strong></span> <span class='ocrx_word' id='word_1_572' title='bbox 856 4332 907 4395; x_wconf 81' lang='grc' dir='ltr'><strong><em>καί</em></strong></span> <span class='ocrx_word' id='word_1_573' title='bbox 935 4329 1068 4415; x_wconf 86' lang='grc' dir='ltr'><strong><em>ήγαπησε</em></strong></span> <span class='ocrx_word' id='word_1_574' title='bbox 1088 4326 1223 4470; x_wconf 78' lang='grc' dir='ltr'><strong><em>Ῥοβούμ</em></strong></span> <span class='ocrx_word' id='word_1_575' title='bbox 1247 4357 1301 4430; x_wconf 91' lang='grc' dir='ltr'><strong><em>την</em></strong></span> 
     </span>
     <span class='ocr_line' id='line_1_51' title="bbox 58 4405 1300 4498; baseline 0.003 -26"><span class='ocrx_word' id='word_1_576' title='bbox 58 4411 129 4482; x_wconf 89' lang='grc' dir='ltr'><strong><em>τοῦ,</em></strong></span> <span class='ocrx_word' id='word_1_577' title='bbox 155 4405 201 4471; x_wconf 82' lang='grc' dir='ltr'><strong><em>ὁτι</em></strong></span> <span class='ocrx_word' id='word_1_578' title='bbox 222 4406 291 4492; x_wconf 78' lang='grc' dir='ltr'><strong><em>παρ’</em></strong></span> <span class='ocrx_word' id='word_1_579' title='bbox 312 4412 384 4490; x_wconf 81' lang='grc' dir='ltr'><strong><em>ἐμοῦ</em></strong></span> <span class='ocrx_word' id='word_1_580' title='bbox 406 4411 516 4486; x_wconf 79' lang='grc' dir='ltr'><strong><em>ἐγένετο</em></strong></span> <span class='ocrx_word' id='word_1_581' title='bbox 535 4408 570 4475; x_wconf 88' lang='grc' dir='ltr'><strong><em>τὸ</em></strong></span> <span class='ocrx_word' id='word_1_582' title='bbox 587 4413 665 4495; x_wconf 76' lang='grc' dir='ltr'><strong><em>ῥήμα</em></strong></span> <span class='ocrx_word' id='word_1_583' title='bbox 699 4408 817 4495; x_wconf 85' lang='grc' dir='ltr'><strong><em>Μααχόι</em></strong></span> <span class='ocrx_word' id='word_1_584' title='bbox 835 4417 993 4498; x_wconf 87' lang='grc' dir='ltr'><strong><em>θυγατέρα</em></strong></span> <span class='ocrx_word' id='word_1_585' title='bbox 1013 4412 1140 4495; x_wconf 87' lang='grc' dir='ltr'><strong><em>Ἀβεσσα</em></strong></span> <span class='ocrx_word' id='word_1_586' title='bbox 1159 4407 1204 4489; x_wconf 78' lang='grc' dir='ltr'><strong><em>ὡμ</em></strong></span> <span class='ocrx_word' id='word_1_587' title='bbox 1228 4409 1300 4497; x_wconf 76' lang='grc' dir='ltr'><strong><em>ὑπερ</em></strong></span> 
     </span>
     <span class='ocr_line' id='line_1_52' title="bbox 59 4488 1301 4637; baseline 0.001 -82"><span class='ocrx_word' id='word_1_588' title='bbox 59 4495 161 4555; x_wconf 87' lang='grc' dir='ltr'><strong><em>τοῦτο.</em></strong></span> <span class='ocrx_word' id='word_1_589' title='bbox 187 4490 236 4554; x_wconf 86' lang='grc' dir='ltr'><strong><em>καί</em></strong></span> <span class='ocrx_word' id='word_1_590' title='bbox 255 4489 427 4575; x_wconf 74' lang='grc' dir='ltr'><strong><em>ἐπήκουσαν</em></strong></span> <span class='ocrx_word' id='word_1_591' title='bbox 441 4497 494 4557; x_wconf 92' lang='grc' dir='ltr'><strong><em>τοῦ</em></strong></span> <span class='ocrx_word' id='word_1_592' title='bbox 506 4488 599 4570; x_wconf 89' lang='grc' dir='ltr'><strong><em>λόγου</em></strong></span> <span class='ocrx_word' id='word_1_593' title='bbox 612 4518 664 4557; x_wconf 86' lang='grc' dir='ltr'><strong><em>κυ-</em></strong></span> <span class='ocrx_word' id='word_1_594' title='bbox 699 4489 799 4570; x_wconf 78' lang='grc' dir='ltr'><strong><em>νεύσας</em></strong></span> <span class='ocrx_word' id='word_1_595' title='bbox 825 4492 878 4570; x_wconf 80' lang='grc' dir='ltr'><strong><em>τὰς</em></strong></span> <span class='ocrx_word' id='word_1_596' title='bbox 902 4504 1042 4571; x_wconf 84' lang='grc' dir='ltr'><strong><em>γυναῖκας</em></strong></span> <span class='ocrx_word' id='word_1_597' title='bbox 1068 4489 1163 4553; x_wconf 81' lang='grc' dir='ltr'><strong><em>αὐτοῦ</em></strong></span> <span class='ocrx_word' id='word_1_598' title='bbox 1180 4494 1230 4554; x_wconf 86' lang='grc' dir='ltr'><strong><em>καί</em></strong></span> <span class='ocrx_word' id='word_1_599' title='bbox 1249 4492 1301 4637; x_wconf 68' lang='grc' dir='ltr'><strong><em>τής</em></strong></span> 
     </span>
     <span class='ocr_line' id='line_1_53' title="bbox 1223 4600 1299 4636; baseline -0.013 0"><span class='ocrx_word' id='word_1_600' title='bbox 1223 4600 1268 4636; x_wconf 88' lang='grc' dir='ltr'><strong><em>πα</em></strong></span> <span class='ocrx_word' id='word_1_601' title='bbox 1286 4613 1299 4623; x_wconf 89' lang='grc'>-</span> 
     </span>
    </p>
   </div>
   <div class='ocr_carea' id='block_1_3' title="bbox 0 0 1466 4972">
    <p class='ocr_par' dir='ltr' id='par_1_4' title="bbox 0 0 1466 4972">
     <span class='ocr_line' id='line_1_54' title="bbox 0 0 1466 4972; baseline 0 0"><span class='ocrx_word' id='word_1_602' title='bbox 0 0 1466 4972; x_wconf 95' lang='lat' dir='ltr'><strong><em> </em></strong></span> 
     </span>
    </p>
   </div>
  </div>
 </body>
</html>
