2924 4972
157 201 223 267 820
475 188 781 253 ΙΕΡΕΜΙΑΣ
821 179 1079 263 Κεφ.εἷς’.5.6.

148 310 189 395 μή
203 308 356 395 ποιήσητε.
375 304 559 372 ύπολίπεσθε
572 307 611 372 τά
625 304 759 390 ύποστη·
791 303 867 390 θής,
892 308 943 370 καί
967 305 1115 382 ἐξέκλιναν
1130 307 1183 373 καί
1206 303 1404 389 ἀπήλθοσαν,

150 400 197 479 ρίγ
220 418 279 458 ατα
293 391 400 475 αύτής,
426 386 473 455 ότι
490 395 545 454 τοῦ
560 395 665 475 κυρίου
678 395 758 455 είσίν.
791 390 823 431 22
836 391 887 454 καί
904 387 959 454 ούκ
972 387 1055 454 εἷπον
1068 393 1099 454 ἐν
1110 394 1150 483 τῇ
1161 390 1271 474 καρδίᾳ
1290 386 1405 466 αὐτῶν,

151 481 176 521 22
189 477 236 543 ότι
250 476 371 542 ἀθετῶν
388 473 531 557 ήθέτηοεν
544 477 610 546 εέςέ
632 471 661 548 ὲ,
686 461 759 550 λέγει
792 476 973 560 φοβηθῶμεν
988 471 1026 576 δή
1039 469 1141 558 κύριον
1155 470 1210 538 τόν
1222 472 1297 537 θεὸν
1309 469 1406 556 ἡμῶν,

151 560 262 647 κύριος,
281 556 363 632 οἶκος
372 556 507 640 Ἰσραήλ,
526 558 578 620 καί
590 502 757 631 ολισςἾού-
792 555 845 621 τὸν
869 552 989 621 διδόντα
1008 566 1077 640 ημίν
1095 552 1181 622 ύετόν
1198 551 1335 640 πρόϊμον
1353 557 1406 620 καί

152 645 191 709 δα
211 648 239 686 22
251 638 406 726 ἐψεύσατο
419 645 463 722 τῷ
476 643 567 725 κυρίῳ
581 638 692 717 αὐτῶν,
709 642 760 704 καὶ
792 637 998 723 όφιμον,κατά
1006 639 1110 725 καιρόν
1119 636 1301 725 πληρώσεως
1308 663 1408 722 προς-

152 727 253 802 εἶπαν,
280 722 334 789 ούκ
352 728 416 790 ἔστι
432 728 539 788 ταῦτα.
565 719 621 809 ούχ
638 719 695 805 ήξει
713 719 756 801 ἐφ’
792 722 943 806 τάγματος
952 729 1104 826 θερισμοῦ,
1113 725 1165 787 καί
1174 719 1317 869 ἐηύλαξεν
1325 720 1407 805 ἡμῖν.

151 809 228 896 ἡμᾶς
253 807 347 883 κακὰ,
371 809 423 872 καί
442 806 592 891 μάχαιραν
608 809 660 870 καί
676 803 761 889 λιμὸν
793 807 823 850 22
837 811 871 870 αί
891 804 1012 891 ἀνομίαι
1032 811 1112 890 υμῶν
1130 807 1193 881 ἐξέκ
1212 830 1279 871 ιναν
1291 810 1407 880 ταῦτα,

152 893 210 960 ούκ
226 886 379 975 ὀψόμεθα.
410 891 437 932 22
455 895 486 956 οί
503 893 657 974 προφῆται
681 887 762 974 ήμῶν
794 892 845 955 καί
861 894 895 955 αἱ
911 887 1055 995 ἁμαρτίαι
1075 886 1157 972 ὑμῶν
1173 887 1351 973 ἀπέστησαν
1368 893 1408 955 τὰ

152 968 231 1084 ήσαν
244 980 284 1050 είς
295 973 412 1059 ἄνεμον,
429 975 481 1038 καί
493 969 581 1050 λόγος
594 977 694 1057 κυρίου
706 969 761 1056 ούχ
794 971 901 1052 ἀγαθὰ
920 972 971 1053 αφ’
993 971 1084 1056 ύμῶν.
1122 974 1154 1016 22
1167 969 1215 1037 ότι
1232 969 1408 1058 εὑρέθησαν

132 1093 135 1097 ·
153 1065 282 1146 υπήρχεν
295 1062 327 1123 ἐν
339 1057 453 1132 αὐτοῖς.
479 1055 508 1098 22
522 1054 573 1121 διά
586 1061 679 1122 τοῦτο
692 1051 762 1122 τάδε
793 1059 825 1121 ἐν
837 1061 882 1140 τῷ
901 1056 969 1140 λαῷ
978 1081 1038 1140 μου
1051 1055 1179 1142 ἀσεβεῖς,
1205 1056 1258 1121 καί
1272 1057 1409 1134 παγίδας

154 1146 229 1221 λέγει
251 1137 353 1227 κύριος
370 1135 600 1225 παντοκράτωρ.
626 1137 694 1204 ἀνθ’
718 1132 762 1202 ὦν
794 1141 921 1223 ἔστησαν
936 1144 995 1205 τού
1011 1140 1183 1224 διαφθεῖραι
1199 1138 1331 1224 ἀνδρας,
1357 1142 1409 1206 καί

155 1221 319 1310 ἐλαλήσατε
338 1221 374 1289 τὸ
386 1228 472 1374 βῆμα
488 1227 597 1299 τοῦτο,
625 1219 689 1288 ίδού
703 1219 762 1300 ἐγά
795 1220 1064 1308 συνελαμβάνοοαν.
1086 1227 1115 1266 22
1121 1225 1162 1299 ὡς
1173 1225 1264 1301 παγίς
1275 1227 1407 1304 ἐφεστα-

156 1312 273 1378 δέδωκα
285 1306 355 1383 τούς
367 1306 385 1370 λ
403 1331 477 1387 γους
488 1332 545 1390 μου
564 1310 604 1381 είς
616 1305 651 1370 τό
665 1302 763 1387 στόμα
794 1308 864 1391 μένη
876 1304 990 1410 πλήρης
1000 1311 1155 1386 πετεινῶν,
1172 1302 1270 1381 ούτως
1282 1310 1318 1371 ol
1329 1305 1407 1372 οίκοι

154 1421 213 1461 ’σου
226 1396 304 1478 πῦρ,
330 1394 382 1456 καί
400 1389 454 1457 τόν
467 1389 540 1455 λαὸν
556 1395 665 1454 τοῦτον
676 1387 763 1466 ξύλα,
795 1388 896 1455 αύτιόν
907 1391 1028 1476 πληρεις
1039 1386 1142 1456 δόλου.
1171 1388 1220 1456 διά
1232 1393 1330 1455 τοῦτο
1343 1394 1407 1473 ἐμε-

156 1481 208 1544 καί
219 1471 425 1557 καταφάγεται
439 1469 558 1549 αύτούς.
583 1474 611 1516 22
627 1471 692 1538 ίδού
705 1469 764 1550 ἐγύι
795 1469 1004 1558 γαλύνθησαν,
1018 1476 1069 1538 καί
1081 1468 1284 1558 ἐπλούτησαν,
1312 1474 1345 1517 ²⁸
1358 1474 1407 1540 καί

157 1557 263 1636 ἐπάγω
283 1557 326 1637 ἐφ’
345 1555 420 1640 ύμάς
437 1560 527 1631 ἔθνος
543 1552 704 1641 πόῤῥωθεν
718 1554 764 1621 οί-
796 1560 967 1643 παρέβησαν
979 1563 1089 1643 κρίσιν,
1109 1553 1165 1622 ούκ
1178 1559 1299 1642 ἔκριναν
1312 1565 1407 1642 κρίσιν

157 1669 211 1718 κος
227 1638 363 1724 Ἰσραήλ,
387 1640 462 1717 λέγει
480 1634 594 1723 κύριος,
620 1641 708 1714 ἔθνος
727 1629 764 1703 ού
795 1638 933 1723 ὀρφανοῦ
939 1691 948 1716 ,
974 1642 1026 1705 καί
1042 1644 1135 1723 κρίσιν
1151 1635 1244 1725 χήρας
1258 1639 1317 1705 ούκ
1330 1643 1406 1726 ἐκρί-

159 1725 215 1793 ούκ
235 1718 354 1789 ἀκούσει
371 1727 423 1808 της
440 1727 540 1805 φωνῆς
559 1725 611 1806 τῆς
628 1717 766 1807 γλοόσσης
796 1748 900 1790 νοοαν.
925 1725 957 1766 22
966 1722 1007 1809 μή
1024 1725 1073 1788 ἐπὶ
1087 1718 1205 1798 τούτοις
1218 1722 1276 1788 οὐκ
1288 1726 1406 1789 ἐπισκέ-

159 1807 273 1883 αύτού,
298 1809 327 1849 22
340 1802 448 1882 πάντες
461 1809 588 1910 ίοηυροί,
613 1809 664 1870 καί
677 1808 764 1871 κατέ-
797 1827 909 1891 φομαι,
934 1806 1010 1884 λέγει
1033 1806 1150 1888 κύριος,
1175 1806 1247 1891 ἢέν
1265 1810 1343 1873 ἔθνει
1358 1811 1404 1890 τῷ

159 1894 260 1959 δονται
273 1886 328 1956 τόν
340 1886 482 1978 θερισμόν
496 1894 587 1972 υμοόν,
600 1890 684 1956 22καί
696 1888 766 1964 τούς
797 1886 929 1975 τοιούτῳ
952 1887 1009 1956 ούκ
1031 1888 1174 1974 ἐκδικήσει
1192 1889 1209 1974 ἢ
1229 1885 1310 1995 ψιηή
1327 1915 1406 1972 μους

160 1976 270 2061 ἀρτους
293 1972 387 2058 ὑμῶν,
418 1975 470 2038 καί
492 1975 669 2039 κατέδονται
694 1972 766 2048 τούς
797 1975 828 2019 ³⁰
841 1977 975 2050 έίιστασις
998 1976 1050 2038 καί
1074 1973 1184 2060 φρικτὰ
1210 1978 1339 2060 ἐγενηθη
1357 1976 1409 2040 ἐπί

160 2058 242 2133 υίούς
255 2057 348 2140 ὑμῶν,
365 2058 415 2121 καί
428 2055 481 2131 τὰς
493 2059 663 2142 θυγατέρας
676 2053 766 2142 ὑμῶν,
797 2063 850 2143 τῆς
862 2063 924 2138 γῆς.
947 2060 974 2102 22
987 2061 1018 2122 οἱ
1026 2062 1181 2142 προφῆται
1194 2053 1408 2143 προφητεύου-

160 2144 212 2209 καί
225 2142 400 2206 κατέδονται
412 2137 451 2205 τά
463 2135 605 2226 πρόβατα
620 2137 703 2224 ύμῶν
715 2142 766 2204 καί
798 2167 842 2207 σιν
856 2142 959 2219 ἀδικα,
984 2145 1034 2207 καί
1051 2144 1082 2206 οί
1103 2145 1186 2227 ίερεῖς
1204 2137 1409 2227 έπεκρότησαν

161 2223 232 2301 τούς
249 2220 379 2309 μόσχους
398 2220 494 2307 ὑμῶν,
521 2226 572 2288 καί
589 2225 766 2289 κατέδονται
798 2237 863 2300 ταῖς
887 2228 984 2311 χερσίν
1009 2223 1126 2302 αὐτῶν,
1151 2226 1202 2290 καί
1219 2221 1237 2289 ό
1256 2220 1332 2302 λαός
1349 2251 1407 2308 μου

158 2308 232 2385 τούς
250 2307 427 2391 ἀμπελῶνας
446 2304 540 2388 ὑμῶν,
565 2310 617 2373 καί
629 2305 700 2384 τούς
713 2333 767 2374 ου-
798 2305 947 2393 ήγάπηοεν
965 2305 1075 2387 ούτως,
1097 2308 1149 2374 καί
1164 2314 1197 2374 τί
1210 2303 1351 2392 ποιήσετε
1366 2313 1408 2383 εἰς

161 2398 256 2467 κῶνας
269 2390 353 2476 ὑμῶν
371 2393 422 2456 καί
434 2390 505 2466 τούς
521 2390 665 2466 ἐλαιῶνας
678 2387 766 2474 ὑμῶν.
798 2390 837 2455 τά
849 2389 922 2474 μετά
936 2397 1034 2459 ταῦτα
1037 2422 1049 2472 ,·

159 2478 213 2542 καὶ
231 2473 396 2580 ἀλοήσουσι
414 2473 467 2550 τὰς
479 2472 580 2550 πόλεις
592 2473 647 2549 τάς
660 2472 768 2578 ὀχυράς
799 2483 850 2623 E',
927 2560 934 2580 1
995 2481 1119 2542 ΚΕΦ.
1162 2498 1203 2550 ς.

855 2586 978 2646 νισχυσα

162 2559 260 2642 ὑμῶν,
288 2564 325 2642 ἐφ
354 2559 400 2634 αίς
423 2556 502 2642 ύμεῖς
524 2564 693 2624 πεποίθατε
719 2563 757 2623 ἐπ
979 2587 1010 2626 τε
1028 2563 1088 2626 υίοέ
1100 2558 1241 2640 Βενιαμίν
1260 2558 1292 2618 ἐκ
1303 2560 1405 2637 μέσου

163 2643 284 2719 αύτυῖς,
309 2647 339 2706 ἐν
356 2646 501 2728 ῥομφαία.
527 2643 556 2685 22
568 2644 620 2706 καί
638 2645 723 2707 ε”σται
735 2644 767 2706 ἐν
798 2640 1063 2729 τήςἾερουσαλήμ,
1075 2643 1125 2708 καί
1137 2645 1167 2706 ἐν
1178 2637 1286 2706 Θεκουὲ
1301 2635 1407 2725 σημά-

161 2739 229 2802 ταῖς
246 2725 366 2812 ἡμέραις
384 2729 514 2800 ἐκείναις,
540 2725 616 2804 λέγει
633 2720 733 2811 κύριος
750 2723 767 2789 ό
799 2752 867 2795 νατε
881 2724 1031 2808 σάλπιγγι,
1044 2730 1095 2793 καί
1106 2723 1180 2812 ύπέρ
1193 2724 1408 2807 Βαιθαχαρμά

162 2810 233 2884 θεός
247 2834 316 2883 σου,
330 2808 366 2873 ού
379 2806 418 2892 μή
428 2806 543 2893 ποιήσω
557 2807 633 2892 ὑμᾶς
646 2813 686 2883 είς
698 2833 765 2873 συν·
800 2811 893 2898 ἀρατε
920 2826 1046 2895 σημεῖον,
1073 2809 1119 2876 ότι
1145 2807 1222 2874 κακά
1248 2810 1409 2886 ἐκκέκυφεν

160 2893 283 2958 τέλειον.
309 2893 337 2932 ¹⁹
351 2892 402 2955 καί
414 2895 496 2956 ἔσται
508 2886 583 2956 όταν
596 2894 702 2973 εἴπητε,
722 2896 768 2956 τί·
800 2895 861 2960 ἀπὸ
875 2898 994 2981 Βορρᾶ,
1015 2896 1067 2961 καί
1080 2892 1219 2979 συντριβή
1233 2888 1346 2976 μεγάλη
1359 2899 1407 2969 γί-

162 3003 212 3051 νος
225 2981 315 3040 ἕνεκεν
328 2978 445 3057 ἐποίησε
459 2974 559 3059 κύριος
571 2973 589 3040 ό
601 2975 675 3050 θεὸς
686 2971 769 3058 ήμῶν
800 3005 897 3055 υεται,
923 2982 937 3020 2
950 2981 1001 3044 καί
1018 2974 1252 3063 ἀφαιρεθήσεται
1270 2973 1307 3038 τό
1327 2972 1407 3057 ύιμος

162 3057 231 3162 ημῖν
244 3056 345 3124 πάντα
359 3064 456 3123 ταῦτα
462 3087 474 3136 ,·
500 3060 552 3122 καί
570 3061 642 3145 ἐρεῖς
655 3056 768 3133 αὐτοῖς.
799 3057 934 3147 θύγατερ
958 3061 1049 3128 Σιών.
1090 3063 1157 3136 2εές
1183 3057 1277 3143 αὐτήν
1302 3053 1407 3142 ἥξουσι

163 3140 232 3206 ανθ
250 3136 292 3204 ὧν
303 3139 493 3207 ἐδουλεύσατε
505 3152 588 3218 θεοῖς
601 3140 770 3226 ἀλλοτρίοις
800 3148 935 3228 ποιμένες
947 3150 998 3211 καί
1014 3141 1053 3210 τὰ
1073 3151 1198 3228 ποίμνια
1211 3141 1330 3218 αὐτῶν,
1356 3143 1407 3206 καὶ

163 3231 194 3290 ἐν
208 3229 245 3317 τῇ
256 3229 296 3317 γῇ
309 3222 390 3307 ύμιόν
397 3274 407 3301 ,
425 3223 522 3300 ούτως
534 3222 701 3290 δουλεύσετε
714 3224 769 3288 άλ-
800 3227 942 3313 πήξουοιν
963 3226 1007 3292 ἐπ’
1037 3224 1133 3309 αύτήν
1162 3227 1276 3309 σκηνὰς
1297 3221 1406 3302 κύκλοι,

162 3307 291 3393 λοτρίοις
304 3312 335 3372 ἐν
348 3311 385 3401 τῇ
396 3311 436 3401 γῇ
450 3305 510 3412 ούη’
525 3307 613 3391 ὑμῶν.
632 3310 664 3352 ²⁰
677 3307 769 3384 ἀναγ-
801 3315 852 3376 καί
864 3314 1060 3393 ποιμανούσιν
1074 3313 1200 3382 ἕκαστος
1212 3315 1250 3400 τῇ
1262 3311 1338 3412 ηειρί
1351 3292 1407 3372 αύ-

162 3392 276 3472 γείλατε
294 3396 392 3458 ταῦτα
410 3398 449 3467 είς
465 3418 520 3459 τον
543 3391 628 3457 οἷκον
648 3389 769 3476 Ἰακώβ,
801 3400 866 3460 τοῦ.
904 3389 1214 3478 2παρασκευάσασθε
1239 3397 1279 3456 ἐπ
1315 3388 1408 3473 αύτήν

164 3479 215 3542 καί
240 3474 423 3563 ἀκουσθήτω
449 3479 479 3541 ἐν
503 3481 547 3540 τῶ
563 3477 636 3560 οἴκῳ
658 3470 769 3540 Ἰούδα.
801 3483 841 3554 είς
853 3474 997 3584 πόλεμον,
1014 3470 1174 3558 ἀνάστητε,
1191 3480 1241 3540 καί
1254 3472 1408 3561 ἀναβαίμεν

163 3564 191 3602 22
204 3557 354 3625 ἀκούσατε
366 3558 402 3643 δή
415 3565 513 3626 ταῦτα
525 3542 597 3634 λαός
608 3557 708 3643 μωρὸς
720 3560 771 3622 καί
802 3562 845 3626 ἐπ’
863 3560 956 3647 αιἰτην
966 3563 1150 3647 μεσημβρίας.
1176 3556 1248 3623 οὐαί
1261 3554 1340 3641 ήμῖν,
1360 3556 1409 3623 ότι

164 3640 321 3726 άκάρδιος,
348 3642 506 3748 ὀφθαλμοί
531 3640 636 3717 αὐτοῖς
660 3643 711 3706 καί
733 3640 769 3706 ού
801 3643 961 3730 κε’κλυιενή
979 3643 1084 3729 ήμέρα,
1110 3639 1159 3706 ότι
1176 3641 1365 3707 ἐκλείπουσιν
1377 3645 1410 3705 αί

163 3724 335 3809 βλέπουσιν,
350 3751 415 3790 ωτα
429 3737 534 3800 αυτοῖς
546 3726 597 3789 καί
610 3723 664 3791 ούκ
677 3720 771 3790 ἀκού-
801 3731 883 3794 σκιαί
907 3734 960 3815 της
985 3728 1102 3812 ἡμέρας.
1141 3720 1335 3808 2ἀνάστητε,
1359 3726 1411 3789 καί

165 3832 238 3871 ουσι·
256 3810 286 3849 ²²
294 3805 335 3891 με)
349 3807 398 3891 ίμὲ
411 3807 447 3872 οὗ
461 3805 684 3913 φοβηθήσεσθε,
697 3808 771 3886 λέγει
802 3808 956 3899 ἀναβῶμεν
978 3809 1021 3876 ἐπ’
1039 3807 1132 3893 αύτήν
1152 3811 1245 3882 νυκτί,
1268 3810 1320 3872 καί
1342 3809 1412 3873 δια-

164 3886 280 3972 κύριος,·
298 3890 392 3972 ήάπὸ
404 3917 569 3976 προςωπου
580 3918 640 3976 μου
654 3891 709 3956 ούκ
723 3892 772 3956 εύ-
802 3903 973 3981 φθιίρωμςγ
994 3893 1035 3959 τὰ
1054 3892 1179 3977 θεμέλια
1199 3889 1303 3975 αὐτῆς.
1331 3889 1412 3955 22ότι

163 3971 391 4056 λαβηθήσεσθε,·
431 3973 485 4040 τόν
515 3974 648 4052 τάξαντα
674 3974 772 4074 άμμον
800 3975 871 4044 τάδε
888 3978 965 4058 λέγει
984 3974 1094 4063 κύριος.
1121 3980 1254 4059 ἔκκοψον
1272 3976 1313 4039 τά
1331 3974 1413 4050 ξύλα

164 4051 248 4140 όρισν
258 4060 294 4148 τῇ
304 4053 442 4146 θαλάσση
452 4055 628 4143 πρόςταγμα
639 4062 770 4134 αίωνιον,
801 4060 909 4146 αὐτῆς,
929 4066 962 4128 έκ
981 4088 1029 4127 εον
1043 4064 1094 4127 ἐπὶ
1106 4055 1305 4144 Ἰερουσαλήμ
1315 4052 1413 4122 δύνα·

162 4140 214 4203 καί
238 4137 292 4222 ούχ
311 4136 508 4225 ὑπερβήσεται
528 4141 622 4217 αύτό,
648 4141 699 4203 καί
715 4167 771 4206 τα-
800 4171 856 4228 μιν.
883 4087 1011 4220 ὢπολις
1025 4142 1152 4229 ψευδής,
1171 4141 1227 4225 όλη
1239 4141 1413 4206 καταδυνα-

163 4220 361 4324 ρυηθήσεται,
389 4224 440 4286 καὶ
466 4223 502 4289 ού
531 4221 692 4310 δυνήσεται.
721 4227 772 4290 καί
801 4235 883 4295 στεία
898 4233 930 4294 ἐν
943 4228 1031 4310 αύτῆ.
1064 4227 1132 4301 2ὡς
1144 4222 1231 4312 ψύχει
1249 4218 1359 4298 λάκκος
1374 4223 1413 4288 ύ-

161 4305 304 4409 ήχησουοι
329 4302 369 4368 τόν
393 4300 511 4386 κύματα
536 4306 630 4390 αὐτῆς
648 4310 699 4372 καί
716 4306 771 4412 ούη
801 4315 878 4399 δωρ,
901 4309 983 4378 ούτω
1004 4301 1010 4322 2
1031 4309 1087 4397 ύχει
1105 4313 1195 4375 κακία
1213 4307 1312 4392 αύτής.
1340 4305 1415 4373 ἆσέ·

160 4385 357 4474 υπερβήσεται
371 4384 458 4455 αύτό.
476 4391 505 4430 ²³
518 4393 563 4471 τῷ
575 4390 607 4453 δέ
620 4389 685 4471 λαῷ
699 4417 771 4456 του·
799 4400 865 4482 βεια
890 4397 942 4460 καί
968 4332 1162 4478 ταλαιπωρία
1187 4387 1417 4475 ἀκουσθήσεται

160 4495 202 4560 τρι
215 4469 342 4560 ἐγενήθη
355 4473 464 4564 καρδία
477 4467 607 4558 ἀνήκοος
620 4475 671 4540 καί
685 4472 766 4541 άπει-
800 4482 832 4544 ἐν
844 4477 923 4576 αύτβ
937 4480 987 4544 ἐπὶ
998 4473 1161 4563 πρόςωπον
1175 4473 1271 4562 αὐτῆς
1282 4476 1416 4579 διαπαν-

1353 4587 1419 4636 τος.
