2924 4972
102 239 168 303 390
260 233 560 297 ΒΑΣΙΛΕΙΩΝ
586 232 822 294 mmm
860 232 936 306 Κεφ.
951 221 995 302 ιγ’.
1011 223 1059 287 ιν.
1077 227 1130 290 13.
1146 222 1195 289 14.

105 374 152 416 σεν
161 347 248 421 Ἰωάς
262 347 314 449 τήν
325 357 407 450 ηεῖρα
419 343 523 409 αῦτοῦ.
537 346 588 409 καί
597 347 711 449 ἔπε’θη-
738 338 939 427 Ἰερουσαλήμ.
955 342 1030 405 2καὶ
1041 342 1157 423 ἐποίησε
1169 337 1205 404 τδ
1220 340 1308 416 εῦθές
1320 345 1351 404 ἐν

105 456 152 498 κεν
165 429 295 495 Ἐλισαιε
308 455 361 503 τας
379 440 474 512 χεῖρας
487 425 584 492 αὐτοῦ
596 428 646 491 ἐπὶ
657 452 711 503 τας
743 424 917 508 ὀφθαλμοῖς
929 429 1049 527 κυρίου,
1071 423 1149 507 πλήν
1163 421 1218 507 οῦχ
1231 420 1272 498 ὡς
1288 431 1352 488 Δα-

104 527 201 601 χεῖρας
213 518 268 578 τοῦ
280 511 434 598 βασιλέως,
452 513 479 553 ¹⁷
493 512 544 574 καί
556 509 642 574 εἶπεν.
657 509 711 576 ἀν-
744 510 792 574 υίδ
803 505 821 573 ὁ
834 507 936 593 πατήρ
950 511 1053 571 αυτοῦ.
1079 504 1158 572 κατά
1175 506 1277 571 πάντα
1292 507 1352 573 ὅσα

107 601 187 673 οιξον
200 594 253 680 τήν
265 595 379 677 θυρίδα
395 591 457 656 κατ’
474 589 634 668 ἀνατολάς.
661 596 712 659 καί
744 597 866 716 ἐποίησε
880 589 969 664 Ἰωάς
987 586 1118 675 ὁπατήρ
1133 588 1226 653 αὐτοῦ
1245 595 1353 674 ἐποίη-

106 680 207 763 ήνοιξε.
234 680 286 743 καί
304 677 382 742 εἶπεν
397 673 539 740 Ἔλισαιέ.
564 671 710 752 τόξευσον.
745 698 798 739 σεν.
848 673 925 757 πλήν
939 672 976 737 τά
990 670 1096 756 ῦψηλά
1110 671 1166 736 οῦκ
1179 675 1289 763 ἐξῇρεν.
1309 677 1353 739 ἔτι

106 765 157 827 καί
169 755 306 836 ἐτόξευσε.
320 761 371 823 καί
383 758 452 823 είπε.
465 759 552 843 βελος
565 766 712 843 σωτηρίας
746 756 850 831 ὁλαὸς
869 758 1004 831 έθυσίαζε
1022 758 1074 820 καί
1092 761 1225 839 ἐθυμίων
1242 760 1272 819 ἐν
1288 770 1353 832 τοῖς

105 850 150 928 τῷ
163 848 267 927 κυρίῳ,
285 843 336 907 καί
347 837 434 927 βέλος
447 849 595 927 σωτηρίας
607 847 638 906 ἐν
649 849 712 906 Συ-
747 838 882 923 ὑψηλοῖς.
900 840 914 883 ⁵
928 841 979 902 καὶ
991 841 1103 916 ἐγένετο
1116 836 1166 903 ὅτε
1179 846 1352 922 κατίσχυσεν

106 935 169 1012 ρίᾳ,
182 928 233 991 καὶ
244 922 382 1001 πατάξεις
394 923 448 1008 τήν
458 931 571 1009 Συρίαν
582 923 711 1005 ἔνἈῳέκ
745 920 906 1008 ήβασιλεία
919 927 951 986 ἐν
962 923 1034 1006 χειρί
1048 920 1155 998 αὐτοῦ,
1164 925 1217 986 καὶ
1225 925 1352 998 ἐπάταξε

107 1017 163 1084 ἔως
176 1010 345 1084 συντελείας.
372 1009 401 1050 ¹⁸
414 1009 464 1071 καί
477 1007 554 1072 εἶπεν
567 1006 708 1091 αῦτιρἜ-
746 1004 816 1081 τοῦς
828 1002 957 1080 δοῦλους
970 1005 1067 1070 αὐτοῦ
1079 1003 1149 1079 τοῦς
1160 1002 1350 1080 πατάξαντος

107 1089 214 1157 λισαιέ.
230 1087 301 1177 λάβε
312 1088 393 1167 τόξα.
408 1093 458 1155 καί
470 1091 568 1177 ἔλαβε.
587 1094 638 1155 καί
650 1091 711 1155 εἶπε
745 1088 797 1153 τὸν
809 1092 927 1172 πατέρα
940 1087 1043 1153 αὐτοῦ.
1082 1090 1160 1151 ὃναί
1177 1087 1249 1161 τοὺς
1269 1088 1350 1163 υἱοὺς

106 1181 150 1257 τῷ
169 1173 284 1260 βασιλεῖ
297 1169 426 1258 Ἰσραήλ.
452 1170 586 1252 πάταξον
602 1179 640 1249 εἰς
657 1172 712 1258 τήν
745 1177 806 1235 τῶν
817 1167 1015 1246 παταξάντιυν
1028 1168 1085 1236 οῦκ
1098 1165 1280 1245 ἐθανάτωσε,
1294 1198 1350 1235 κα-

105 1263 169 1341 γήν.
183 1259 235 1320 καί
247 1253 391 1333 ἐπάταξεν
404 1253 421 1320 ὁ
434 1256 570 1341 βασιλεῦς
579 1260 652 1340 τρίς,
662 1261 713 1322 καὶ
745 1253 810 1328 θοίις
819 1258 983 1336 γέγραπται
994 1257 1024 1319 ἐν
1033 1254 1136 1341 βιβλίῳ
1147 1250 1243 1336 νόμων
1251 1261 1350 1318 Μωυ-

106 1344 184 1424 ἔίιτη.
210 1341 239 1382 ¹⁰
251 1342 302 1404 καὶ
314 1335 454 1420 ἐλυπήθη
466 1336 509 1404 ἐπ’
527 1337 611 1424 αὐτῷ
628 1337 712 1405 ὁάν-
746 1342 798 1421 σή,
817 1333 857 1411 ὡς
870 1338 1029 1403 ἐνετείλατο
1042 1334 1151 1421 κάρτος,
1166 1338 1267 1413 λέγων.
1295 1336 1350 1401 οὐκ

106 1432 234 1507 θρωσος
246 1426 303 1486 τοῦ
316 1426 405 1494 θεοῦ,
424 1422 476 1484 καί
489 1420 574 1485 εἶπεν.
599 1419 711 1486 εἲέπά-
746 1419 977 1485 ἀποθανοῦνται
1008 1424 1132 1506 πατέρες
1163 1418 1237 1505 ῦπίρ
1269 1424 1349 1495 υίιῦν,

106 1507 198 1579 ταξας
209 1499 343 1576 πεντάκις
356 1503 374 1585 ἢ
386 1501 491 1578 ἑξάκις,
504 1499 574 1567 τότε
586 1503 624 1569 ἀν
636 1502 712 1568 ἔπά-
745 1504 796 1567 καί
808 1506 868 1568 υἱοί
886 1502 943 1568 οῦκ
956 1502 1186 1569 ἀποθανοῦνται
1204 1501 1277 1587 ὑπὲρ
1290 1528 1351 1567 πα-

105 1589 199 1661 σαξας
211 1583 267 1667 τήν
279 1592 394 1666 Συρίαν
407 1590 462 1661 ἕως
473 1586 643 1662 συντελείας,
662 1591 713 1653 καί
745 1590 848 1671 τίρων.
880 1583 926 1651 ὅτι
952 1585 1013 1652 ἀλλ’
1036 1587 1055 1690 ή
1079 1593 1203 1660 ἕκαστος
1230 1591 1260 1650 ἐν
1285 1598 1351 1660 ταῖς

106 1672 159 1733 νῦν
177 1664 389 1754 τρίςπατάξεις
403 1666 455 1752 τήν
468 1675 591 1753 Συρίαν.
618 1672 649 1714 ²⁰
662 1673 713 1735 καί
746 1665 904 1773 άριαρτίαις
921 1667 1017 1735 αάτοῦ
1034 1679 1241 1734 ἀποθανεῖται.
1268 1669 1350 1734 7αι’ν·

109 1747 403 1825 άπίθανενἝλισαιὲ,
413 1752 464 1815 καί
474 1754 599 1835 ἔθαψαν
609 1751 711 1819 αὐτόν.
746 1779 796 1828 τος
808 1752 935 1830 ἐπάταξε
947 1753 1001 1837 τήν
1015 1750 1112 1833 Ἐδάμ
1124 1754 1155 1815 έν
1166 1758 1200 1815 Γ
1196 1751 1292 1833 εμελλδ
1303 1754 1350 1817 δί-

107 1835 158 1898 καί
169 1828 331 1914 μονόζωνοι
344 1831 452 1921 Μωάβ
463 1823 559 1918 ήλθον
572 1840 603 1901 ἰν
614 1841 652 1928 τῇ
663 1842 712 1921 γῆ,
745 1863 785 1900 κα
796 1832 941 1919 χιλιάδας,
958 1837 1009 1901 καί
1022 1835 1162 1918 συνέλαβε
1173 1836 1226 1918 τήν
1236 1837 1350 1919 πέτραν

109 1912 253 1992 ἐλθόντος
265 1922 319 1981 τοῦ
333 1921 477 1981 ἐνιαυτοῦ.
500 1919 526 1958 ²¹
537 1921 588 1983 καὶ
599 1911 713 1996 grinio
746 1922 776 1983 ἐν
788 1924 832 2001 τῷ
845 1919 987 2002 πολέμῳ,
1012 1921 1063 1983 καί
1076 1915 1191 1981 ε’κάλεσε
1204 1916 1240 1981 τὸ
1254 1916 1350 2000 ὄνομα

107 1998 209 2064 αὐτῶν
232 1994 418 2064 θαπτόντων
444 1997 495 2064 τὸν
521 1999 633 2088 ἀνδρα,
663 2006 713 2068 καὶ
746 1999 838 2084 αὐτῆς
847 1986 966 2086 Ἰεθοήλ
980 2006 1034 2076 ἕως
1045 2005 1097 2084 τής
1109 1997 1220 2085 ἡμέρας
1230 1995 1349 2083 ταύτης.

110 2079 175 2146 ἰδοῦ
188 2080 265 2146 εἶδον
277 2079 330 2148 τὸν
341 2079 519 2166 μονόζωνον,
527 2087 577 2148 καί
586 2089 713 2191 ἔρριψαν
745 2086 761 2128 ⁸
774 2080 841 2148 τότε
854 2082 1020 2151 ἀπέστειλεν
1032 2083 1185 2165 Ἀμεσσίας
1203 2082 1351 2160 ἀγγέλους

108 2164 162 2229 τὸν
175 2163 269 2247 ἀνδρα
285 2167 316 2230 ἐν
334 2171 379 2250 τῷ
395 2163 483 2250 τάφῳ
497 2163 636 2234 Ἓλισαιε.
662 2171 714 2234 καί
745 2167 820 2251 πρὸς
829 2166 919 2243 ’[ωάς
930 2171 995 2233 υἱὸν
1004 2167 1131 2252 Ἰωάηαζ
1144 2171 1210 2231 υίοῦ
1220 2165 1282 2231 Ἰοῦ
1294 2172 1350 2252 βα-

108 2243 261 2332 έπορεῦθη
273 2251 324 2313 καί
335 2247 437 2332 ήψατο
447 2255 507 2314 τιῦν
516 2248 712 2316 ὀστίωνἝλι-
746 2247 851 2326 σιλέαις
861 2249 995 2336 Ἰσραήλ,
1013 2249 1117 2328 λέγων.
1143 2251 1229 2334 δεῦρο
1242 2248 1350 2329 ἀφθώ-

109 2330 188 2406 σαιὲ,
213 2333 266 2399 καὶ
282 2335 368 2416 ἔζησε
383 2335 434 2397 καί
451 2328 560 2417 ἀνέστη
572 2337 623 2400 ἐπί
641 2335 713 2410 τοῦς
744 2359 796 2416 μεν
807 2331 983 2419 προςιῦποις.
1002 2336 1074 2398 9καί
1086 2329 1252 2399 ἀπέστειλεν
1263 2331 1349 2407 Ἰοιάς

106 2409 203 2490 πόδας
216 2412 320 2479 αῦτυῦ.
341 2419 372 2460 22
383 2417 435 2481 καί
450 2415 559 2501 Ἀζαήλ
572 2415 713 2500 ἐξέθλιψε
744 2416 878 2501 βασιλεὺς
888 2413 1008 2518 Ἰσραήλ
1019 2414 1096 2502 πρὸς
1104 2415 1255 2496 Ἀμεσσίαν
1263 2422 1350 2503 βασι-

107 2495 162 2562 τὸν
176 2495 300 2583 Ἰσραήλ
315 2494 417 2575 πάσας
434 2500 487 2575 τάς
501 2497 611 2587 ἡμέρας
624 2497 712 2567 Ἰωά-
745 2496 800 2564 λέα
814 2496 929 2574 Ἰοῦδα,
956 2500 1058 2576 λεγων.
1087 2497 1104 2564 ὁ
1122 2500 1199 2566 δίκαν
1217 2498 1234 2565 ίι
1253 2506 1284 2566 ἐν
1305 2504 1350 2583 τῷ

106 2583 168 2663 χαζ.
193 2582 287 2646 22καί
303 2580 407 2666 ἠλέησε
423 2580 522 2666 κῦριος
540 2584 713 2661 αῦτοῦςκαί
743 2584 866 2669 Λιβάνῳ
893 2577 1048 2648 ἀπέστειλε
1072 2581 1149 2669 πρὸς
1174 2583 1227 2667 τήν
1245 2580 1351 2667 κέδρον

107 2660 278 2746 ᾠκτείρησεν
291 2665 411 2740 αὐτοὺς,
430 2670 481 2730 καὶ
492 2663 652 2751 ἐπέβλεψεν
665 2665 708 2731 ἐπ’
745 2667 800 2754 τήν
813 2668 843 2730 ἒν
855 2670 900 2748 τῳ
908 2664 1032 2752 Λιβάνῳ
1047 2662 1151 2744 λέγων,
1164 2664 1214 2742 δὸς
1226 2668 1350 2750 τήνθυ-

107 2744 217 2817 αὐτοῦς
240 2747 289 2809 διά
307 2747 360 2828 τήν
381 2743 527 2830 διαθήκην
544 2747 641 2813 αὐτοῦ
658 2749 712 2832 τήν
744 2744 858 2830 γατέρα
877 2755 993 2832 σαυτῷ
1011 2754 1067 2833 υίῴ
1082 2776 1140 2831 μου
1157 2755 1196 2825 εἰς
1213 2761 1350 2828 γυναῖκα,

104 2827 178 2908 μετὰ
189 2823 324 2911 Ἀβραὰμ
341 2831 392 2892 καὶ
405 2827 508 2892 Ἰσαάκ
527 2832 578 2894 καί
593 2829 711 2918 Ἰακὼβ,
745 2833 796 2895 καὶ
812 2831 937 2914 διῆλθον
953 2832 993 2897 τά
1009 2840 1105 2918 θηρία
1122 2838 1179 2898 τοῦ
1196 2833 1294 2918 ἀγροῦ
1311 2830 1350 2897 τά

106 2913 158 2973 καί
183 2908 239 2974 οῦκ
263 2907 393 2993 ἠθέλησε
417 2906 522 2993 κῦριος
540 2913 711 2998 διαφθεῖραι
745 2919 775 2981 ἒν
800 2918 844 2997 τῷ
862 2912 986 3000 Λιβάνῳ
1007 2921 1058 2981 καί
1075 2913 1281 3022 συνεπάτησαν
1297 2916 1351 3000 τήν

106 2989 230 3089 αὐτοὺς,
255 2994 308 3056 καὶ
332 2992 388 3057 οὐκ
413 2989 575 3080 ἀπέρριψεν
601 2996 712 3072 αὐτοὺς
745 2997 850 3062 ἀκανα.
864 2996 1018 3064 10τῦπτῳν
1029 2996 1179 3078 ἐπάταξας
1190 3027 1244 3086 την
1254 2999 1351 3067 Ἰδου-

107 3071 171 3142 ἀπο
184 3078 240 3136 τοῦ
253 3071 415 3156 προςώπου
428 3073 532 3141 αὐτοῦ.
547 3078 579 3125 22
589 3083 639 3144 καί
651 3077 712 3144 άπκ
743 3087 843 3162 μαίαν,
856 3085 907 3144 καί
919 3081 1012 3168 ἐπῆρέ
1026 3110 1055 3150 σε
1068 3087 1177 3170 καρδία
1190 3111 1251 3160 σου,
1267 3085 1351 3150 ἐνδο-

105 3159 212 3220 έθανεν
228 3154 337 3240 Ἀζαήλ
352 3158 488 3243 βασιλεῦς
507 3167 635 3246 Συρίας,
661 3165 713 3226 καί
744 3160 872 3247 ξάσθητι
895 3155 1062 3251 καθήμενος
1080 3173 1110 3233 ἐν
1127 3175 1171 3252 τῷ
1193 3170 1265 3252 οἴκῳ
1283 3193 1350 3242 σου,

106 3237 290 3323 εβασίλευσεν
304 3239 368 3317 υίὸς
375 3240 460 3326 Ἄδερ
470 3241 534 3318 υἱὸς
543 3243 637 3309 αὐτοῦ
648 3242 708 3309 ἀντ’
745 3249 795 3311 καί
809 3251 888 3313 ίνατί
900 3252 997 3334 ἐρίζεις
1009 3254 1039 3315 ἐν
1051 3258 1141 3336 κακίᾳ
1155 3279 1209 3317 σου
1214 3280 1226 3329 ,·
1240 3254 1292 3315 καὶ
1301 3275 1350 3314 πε·

101 3319 210 3423 αῦτρῦ.
237 3323 267 3370 ²⁵
281 3327 333 3388 καί
350 3322 530 3412 ἐπέστρεψεν
541 3327 630 3404 Ἰῳάς
648 3329 712 3405 υίὸς
746 3335 784 3423 σῇ
798 3329 834 3396 σὺ
849 3336 898 3397 καὶ
908 3332 1027 3410 Ἰούδας
1038 3335 1111 3416 μετά
1124 3340 1186 3401 σοῦ.
1201 3336 1282 3400 11καὶ
1295 3333 1350 3398 οὐκ

109 3407 242 3507 Ιῳαχαζ,
257 3410 315 3510 ,καί
326 3409 417 3495 ἔλαβε
429 3409 483 3485 τάς
495 3408 593 3486 πόλεις
605 3415 637 3477 ἐκ
653 3439 711 3496 χει·
744 3413 865 3499 ήκουσεν
884 3415 1046 3500 Ἀμεσσίας.
1084 3420 1134 3482 καί
1157 3415 1247 3504 ἀνέβη
1263 3413 1350 3489 Ἰωάς

105 3514 158 3574 ρος
176 3493 243 3555 υίοῦ
257 3492 339 3574 Αδερ
357 3497 426 3557 υἱοῦ
436 3491 559 3578 Ἀζαήλ,
585 3492 620 3570 ἀς
638 3497 711 3561 ἔλα-
743 3497 880 3583 βασιλεῦς
890 3498 1021 3586 Ἰσραήλ,
1033 3502 1085 3568 καὶ
1095 3500 1246 3582 ἔφθησαν
1258 3526 1282 3561 ιτ
1301 3523 1349 3566 ος-

103 3575 153 3656 βεν
165 3577 197 3637 ἐκ
210 3573 303 3657 χειρὸς
317 3572 444 3660 Ἰισάχαζ
460 3582 514 3641 τοῦ
527 3576 643 3663 πατρὸς
656 3579 712 3645 αὖ·
745 3577 839 3658 εῦποις
863 3581 956 3658 αῦτὸς
974 3586 1026 3649 καί
1044 3582 1196 3665 Ἀρασσίας
1211 3523 1348 3662 βασιλεὺς

104 3658 163 3750 τρῦ
175 3659 205 3717 ἐν
217 3662 261 3737 τῷ
273 3654 405 3740 πολέμῳ,
423 3663 486 3744 τρὶς
498 3657 643 3740 ἐπάταξεν
656 3663 711 3729 αῦ-
740 3661 843 3731 Ἰοῦδα
868 3671 900 3731 ἐν
916 3665 1099 3746 Βαιθσαμῦς
1114 3667 1153 3755 τῇ
1168 3664 1223 3724 τοῦ
1237 3652 1347 3731 Ἰούδα»

102 3758 158 3838 πον
171 3735 275 3837 Ἰῳάς,
301 3742 352 3806 καὶ
369 3738 533 3829 ἐπέστρεψε
544 3743 597 3821 τάς
609 3743 712 3825 πόλεις
743 3752 771 3793 ¹²
776 3752 826 3813 καί
838 3752 974 3813 ἔπταισεν
983 3744 1099 3820 Ἰοῦδας
1111 3740 1173 3808 ἀπὸ
1186 3736 1347 3825 πρθςώπθυ

111 3819 232 3904 swan&
701 3829 702 3832 ¹
743 3827 876 3915 Ἰσραήλ,
902 3832 954 3894 καί
970 3832 1073 3909 ἔφυγεν
1088 3824 1162 3910 ἀνήρ
1175 3829 1214 3898 είς
1226 3823 1262 3886 τὸ
1276 3849 1349 3925 σκη-

136 3906 149 3938 ⁰
293 3910 367 3968 ΚΕ
380 3910 417 3969 Φ.
462 3906 532 3976 1A'.
745 3937 829 3993 νωμα
841 3910 946 3976 αῦτοῦ.
960 3907 1272 4009 23καίτίινἈηιεσσίαν
1285 3913 1348 3971 υἱον

106 3949 158 4047 Ε
162 4008 178 4046 ν
190 3987 247 4048 ἔτει
258 3984 385 4073 δευτέρῳ
398 3996 443 4074 τῷ
452 3988 539 4069 Ἰαιάς
552 3999 607 4078 υἱῷ
620 3990 711 4059 Ἰονά-
741 3992 829 4068 Ἰωάς
845 3997 914 4057 νίοῦ
933 3992 1069 4094 Ὀηοζίου
1088 3992 1245 4077 συνελαβεν
1261 3989 1348 4066 Ἰωάς

101 4069 160 4171 ηαξ
177 4067 292 4153 βασιλεῖ
300 4067 438 4156 Ἰσραήλ,
463 4080 515 4140 καί
531 4076 712 4160 ἐβασίλευσεν
743 4072 878 4180 βασιλεὺς
891 4074 1012 4161 Ἰσραηλ
1030 4079 1062 4140 ἐν
1077 4071 1273 4159 Βαιθσαμῦς.
1299 4078 1348 4138 καί

99 4151 252 4250 Λμερσίας
270 4152 335 4227 υίὸς
348 4153 435 4231 Ἰωάς
451 4156 585 4242 βασιλεῦς
599 4155 710 4225 Ἰοῦδα.
744 4157 837 4266 ηλθεν
852 4163 891 4232 εἰς
907 4154 1116 4262 Ἰερουσαλήμ,
1146 4162 1198 4224 καί
1215 4158 1349 4222 καθείλεν

105 4235 195 4308 2υίος
212 4234 301 4335 ηίκοσι
318 4239 370 4302 καί
385 4243 473 4305 πέντε
486 4244 560 4304 ἐτοῖν
577 4231 613 4325 ήν
625 4245 655 4306 δν
666 4249 711 4327 τῷ
745 4267 776 4306 εν
791 4246 835 4325 τῷ
852 4247 936 4326 τείχει
965 4239 1149 4326 Ιερουσαλήμ
1167 4247 1198 4306 ἒν
1213 4246 1252 4324 τῇ
1268 4237 1348 4325 πῦλη

103 4315 265 4402 βασιλιυειν
278 4315 385 4399 αὐτὸν,
403 4325 454 4388 καὶ
466 4324 554 4389 εἴκοσι
566 4327 618 4390 καί
629 4327 712 4396 ἐννέα
742 4323 871 4411 Ἐφραὶμ
883 4329 939 4400 ἔως
949 4321 1044 4407 πάλης
1060 4332 1111 4410 τής
1122 4315 1349 4410 γωνίαςτετρά-

104 4400 157 4502 ἔνίτη
176 4401 358 4486 ἐβασίλευσεν
374 4408 405 4470 ἐν
424 4402 634 4490 Ἰερουσαλήμ,
659 4411 711 4473 καί
743 4414 861 4483 κοσίους
878 4405 985 4494 πήχεις.
1010 4413 1039 4451 ¹⁴
1053 4415 1105 4475 καί
1122 4410 1212 4495 ἔλαβε
1229 4407 1266 4473 τὸ
1280 4434 1349 4494 χρυ-

104 4505 199 4567 θῖθμα
224 4489 277 4568 τῆς
292 4487 404 4572 μητρὸς
416 4485 519 4555 ,abrai
540 4488 663 4574 Ἰωῦδίμ
680 4494 711 4573 ἐξ
743 4498 810 4559 σίον
826 4496 877 4559 καὶ
893 4493 931 4563 τὸ
944 4488 1101 4581 ἆργῦριον,
1127 4496 1179 4559 καί
1194 4489 1294 4560 πάντα
1311 4489 1350 4593 τρι

1264 4599 1348 4656 σκειιη
