2924 4972
160 242 226 309 660
479 239 837 304 ΠΑΡοιΜιΑι
874 237 1089 322 κεραίαν.

159 357 273 442 μᾶλλον
293 353 310 420 ὁ
330 353 435 441 ἀφρων
450 353 554 418 αὐτοῦ.
581 357 607 394 21
621 349 655 428 ὃς
671 377 767 418 κατα·
803 380 851 430 το,
866 350 914 418 ότι
926 351 1018 419 καλόν
1030 361 1093 421 ἐστι
1105 352 1142 420 τὸ
1155 355 1344 442 ἐργάζεσθαι,
1359 359 1410 422 καί

161 440 305 522 σπαταλᾷ
336 441 369 502 ἐκ
393 435 502 512 παιδὸς
534 437 660 519 οἰκέτης·
673 438 766 513 ἔσται,
805 434 1411 524 ούκάποσβένυυταιὸίύχνοςαύτῆςἀλιμ

161 525 289 608 έσχατον
307 520 339 585 δὲ
361 518 576 604 ὀδυνηδὴσεται
594 517 639 601 ἐφ’
661 521 765 602 ἑαυτῷ.
804 519 858 604 τὴν
870 515 970 585 νύκτα.
987 517 1199 605 12τούςπύχεις
1212 518 1307 602 αὐτῆς
1319 523 1411 586 έκτεί-

162 607 192 648 22
206 604 281 689 ἀνὴρ
293 598 435 687 θυμώδης
451 607 550 687 ἐγείρει
561 613 667 677 νεῖκος,
692 600 766 688 ἀνὴρ
803 628 843 669 νει
857 606 908 667 ἐπέ
919 600 959 667 τά
971 608 1174 690 συμφέροντα,
1200 603 1255 679 τάς
1267 603 1300 667 δὲ
1312 615 1412 690 χεῖρας

161 689 193 753 δέ
206 687 321 775 δργιλος
331 682 635 790 έξῶρυξενάμαρτίαν.
649 681 767 771 23ύβρις
804 684 896 769 αὐτῆς
908 687 1006 771 ἐρείδει
1024 692 1062 761 εἷς
1080 685 1240 770 ἀτρακτον.
1264 689 1296 730 ²⁰
1311 699 1411 772 χεῖρας

162 770 257 858 ἀνδρα
270 781 418 844 ταπεινοῖ,
441 767 512 844 τούς
524 768 556 832 δε
568 763 767 854 ταπεινόφρο-
803 768 835 833 δὲ
853 767 946 852 αὐτῆς
962 765 1081 853 διόνοιξε
1097 771 1216 852 πένητι,
1241 769 1361 854 καρπὸν
1377 771 1411 835 δὲ

162 882 214 930 νας
228 854 327 941 ἐρείδει
339 850 411 943 δόξῃ
422 848 530 958 κύριος.
544 846 614 925 21ὃς
625 853 767 934 μερίζεται
803 855 917 928 ἐξέτεινε
934 858 1054 937 πτωχῷ.
1087 855 1114 895 21
1127 851 1165 916 ού
1179 855 1331 956 φροντίζει
1349 858 1411 917 τῶν

162 939 292 1020 κλέπτη,
304 946 384 1018 μισεῖ
394 932 447 1018 τὴν
460 937 570 999 εαυτοῦ
582 933 689 1017 ψυχήν.
716 929 767 997 έάυ
803 937 835 999 έν
847 937 920 1018 οἴκῳ
933 931 951 999 ὁ
971 933 1047 1022 ἀνὴρ
1067 934 1160 1018 αὐτῆς
1176 959 1250 1000 οταν
1262 961 1323 1000 που
1336 960 1410 1020 χρο-

163 1020 195 1087 δέ
208 1009 299 1104 όριίου
317 1022 515 1106 προτεθέντος
534 1010 711 1090 ἀκούσαντες
727 1013 767 1099 μὴ
803 1019 877 1109 νίζχ,
902 1015 1008 1091 πάντες
1021 1018 1080 1102 γὰρ
1097 1023 1128 1084 οῖ
1139 1015 1209 1100 παρ’
1225 1015 1318 1099 αὐτῆς
1331 1019 1409 1083 ένδε·

162 1101 371 1181 ἀναγγείλωσι,
397 1102 425 1142 ²⁵
440 1101 621 1203 φοβηθέντες
645 1102 697 1163 καί
719 1103 767 1163 αλ-
803 1098 916 1182 δυμένοι
929 1104 994 1164 εἶσί.
1012 1098 1151 1173 22δισσάς
1161 1099 1283 1182 χλαίνας
1291 1103 1411 1183 ἐποίησε

163 1188 332 1270 σχυνθέντες
349 1179 532 1266 ἀνθρωπους
558 1176 765 1265 ύπεσκελίσθη-
804 1187 847 1265 τῷ
873 1179 959 1268 ἀνδρὶ
980 1180 1088 1266 αὐτῆς,
1114 1183 1146 1244 έκ
1172 1179 1202 1245 δὲ
1223 1177 1340 1267 βύσσου
1360 1187 1411 1248 καλ

163 1264 303 1343 σαν,όδὲ
313 1262 468 1338 πεποιθώς
480 1265 530 1327 έπλ
539 1267 629 1346 κυρίῳ
642 1262 769 1348 εὐφραν-
802 1260 961 1351 πορφύρας
980 1267 1072 1358 ἑαυτῇ
1090 1260 1247 1347 ἐνδύματα.
1283 1266 1411 1350 21περί-

162 1348 298 1434 θὴσεται.
324 1346 443 1433 ἀσέβεια
460 1345 544 1432 ἀνδρί
556 1346 657 1411 δίδωσι
670 1343 769 1428 σφάλ-
802 1346 932 1433 βλεπτος
956 1347 989 1413 δὲ
1004 1355 1117 1426 γίνεται
1134 1345 1152 1410 ὁ
1172 1343 1246 1431 ἀνὴρ
1264 1345 1360 1431 αὐτῆς
1379 1351 1411 1413 έν

163 1461 221 1517 μα,
244 1428 278 1507 ὃς
296 1429 329 1496 δέ
347 1434 494 1495 πέποιθεν
511 1431 561 1494 ἐπὶ
578 1433 622 1512 τῶ
639 1425 769 1521 δεσπότῃ
803 1426 926 1508 πύλαις,
951 1427 1037 1512 ἡνίκα
1054 1429 1091 1495 ἀν
1103 1434 1213 1522 καθίσῃ
1226 1433 1257 1494 ἐν
1269 1433 1409 1516 συνεδρίῳ

164 1511 344 1598 σωθήσεται.
382 1513 413 1556 ²⁶
429 1510 541 1576 πολλοὶ
569 1508 770 1596 θεραπεύουσι
803 1511 949 1596 μετὰτῶν
961 1510 1107 1598 γερόντων
1122 1518 1334 1598 κατοίκωντῆς
1345 1518 1408 1598 γῆς.

164 1593 312 1683 πρόςωπα
324 1594 504 1680 ἡγουμένων,
524 1593 608 1679 παρὰ
620 1592 653 1658 δὲ
666 1601 769 1679 κυρίου
804 1595 836 1638 21
842 1593 977 1672 σινδόνας
987 1600 1105 1678 έποίιχσε
1119 1597 1170 1660 καί
1183 1593 1317 1662 ἀπέδοτο
1327 1622 1409 1681 περι-

165 1685 275 1759 γίνεται
288 1675 323 1741 τό
338 1679 449 1742 δίκαιον
461 1674 517 1741 ἀνδ
536 1680 553 1738 ί.
580 1679 608 1719 21
621 1677 770 1763 βδέλυγμα
805 1675 926 1762 ζώματα
952 1691 1015 1755 τοῖς
1038 1683 1231 1755 Χαναναίοις.
1266 1679 1297 1722 ²⁶
1311 1676 1409 1761 στόμα

164 1764 277 1837 δίκαιος
295 1759 371 1846 ἀνὴρ
389 1758 474 1866 ἀνδρὶ
490 1702 599 1834 ἀάίκω,
623 1760 770 1847 βδέλυγμα
805 1760 897 1847 αύτῆς
914 1758 1038 1847 διύνοιξε
1053 1758 1253 1847 προςεχόντως
1264 1765 1314 1826 καὶ
1325 1759 1410 1827 έννό-

163 1849 196 1914 δὲ
211 1841 313 1928 ἀνόμῳ
326 1854 553 1908 κατευθυνουσα
566 1825 644 1918 δδός.
671 1846 705 1906 C.
718 1846 770 1919 31,
803 1872 880 1930 μως,
907 1849 958 1910 καί
974 1841 1056 1922 τάξιν
1069 1847 1219 1910 ἐστείλατο
1236 1847 1274 1926 τῆ
1283 1839 1409 1954 γλῶσσχ

168 1949 215 1991 ιο.
231 1936 357 2006 γυναῖκα
370 1926 504 2012 ἀνδρείαν
515 1930 560 2000 τίς
573 1921 685 2010 εὑρήσει
689 1955 702 2004 ,·
726 1951 770 1990 τι-
805 1926 905 2012 αύτῆς.
924 1929 954 1972 ²⁶
967 1928 1050 2033 ἰσχύν
1061 1931 1113 1992 καὶ
1124 1913 1296 2011 εύπρέπεέαν
1309 1927 1411 1993 ἐνεδυ-

164 2013 296 2095 μιωτέρα
313 2010 348 2074 δέ
364 2013 425 2074 ἐστι
444 2009 540 2073 λίθων
556 2008 730 2074 πολυτελῶν
752 2007 771 2094 ἢ
805 2036 896 2088 σατο,
915 2014 967 2076 καλ
978 2006 1132 2097 ευφράνθη
1146 2013 1177 2074 ἒν
1188 2006 1308 2095 ἡμέραις
1320 2005 1409 2096 έσχά-

164 2093 300 2176 τοιαύτη.
321 2096 346 2134 11
355 2101 468 2178 θαρσεῖ
478 2089 523 2155 ἐπ’
539 2088 617 2184 αύτῇ
635 2088 773 2238 ἦκαρδία
806 2120 878 2169 ταις.
903 2095 933 2138 ²²
947 2096 1063 2173 στεγναί
1079 2093 1230 2179 διατριβαί
1244 2095 1335 2159 οἴκων
1352 2092 1411 2158 αύ-

164 2180 223 2243 τού
242 2174 353 2262 ἀνδρὸς
369 2172 468 2258 αὐτῆς.
501 2169 661 2258 ἡτοιαύτη
672 2201 711 2239 κα
730 2180 773 2239 ῶν
805 2181 871 2261 τῆς,
897 2187 967 2243 σῖτα
988 2176 1021 2242 δὲ
1044 2174 1155 2262 ὄκνχρά
1174 2175 1230 2240 ούκ
1247 2178 1347 2257 ἔφαγε.
1373 2170 1409 2241 τό

167 2254 287 2327 σκύλων
305 2255 361 2325 ούκ
374 2252 527 2342 ἀπορῆσει.
553 2259 582 2299 12
594 2257 771 2345 ένεργεΐγάρ
806 2255 904 2342 στόμα
920 2258 953 2325 δέ
965 2259 1075 2336 ἀνοίγει
1092 2263 1194 2340 σοφῶς
1210 2260 1263 2322 καί
1279 2262 1411 2342 νομοθέ-

165 2347 212 2428 τῷ
228 2340 312 2429 ἀνδρί
330 2346 370 2417 είς
387 2338 495 2418 ἀγαθά
512 2335 614 2405 πάντα
632 2341 771 2429 τὸνβίον.
806 2369 896 2427 σμως,
914 2338 1167 2427 ἡδὲέλεημοσύνιχ
1180 2339 1271 2425 αὐτῆς
1296 2344 1328 2385 ²⁸
1339 2340 1411 2406 ἀνέ-

166 2427 374 2511 11μηρυομένιχ
392 2425 458 2511 έρια
473 2425 525 2488 καὶ
537 2422 620 2489 λίνον
637 2427 773 2510 ἐποίησεν
806 2449 892 2509 στησε
910 2423 951 2490 τά
966 2428 1055 2490 τέκνα
1077 2423 1168 2509 αὐτῆς
1188 2426 1241 2489 καλ
1259 2419 1411 2509 έπλούτιρ-

167 2507 326 2594 εύχρφστον
343 2518 410 2582 ταῖς
427 2509 524 2593 χερσὶν
540 2505 641 2590 αὐτῆς.
666 2506 695 2549 11
709 2509 772 2586 έγί-
806 2531 876 2585 σαν,
902 2511 952 2574 καί
969 2505 1074 2594 ὁάνὴρ
1088 2507 1180 2593 αύτῆς
1196 2506 1294 2612 βιεσεν
1307 2504 1409 2590 αύτὴν.

166 2617 232 2658 νετο
249 2589 314 2668 ῶςεί
331 2594 403 2665 ναῦς
420 2593 639 2676 ἕμπορευομένιχ
659 2588 773 2676 μακρό-
806 2591 953 2656 212πολλοὶ
965 2594 1127 2678 θυγατέρες
1140 2595 1301 2696 ἐκτχσαντο
1314 2589 1410 2654 πλοῦ-

167 2686 233 2752 θεν,
250 2671 367 2753 συνάγει
379 2672 411 2737 δὲ
424 2669 502 2755 αύτη
515 2671 569 2738 τὸν
577 2677 654 2758 βίον.
678 2674 706 2716 ¹⁵
720 2674 772 2738 καί
805 2699 871 2749 τοι,
882 2674 996 2740 πολλαί
1008 2679 1153 2759 ἐποίησαν
1165 2677 1300 2757 δυναμιν,
1327 2669 1364 2737 σύ
1377 2671 1410 2737 δι’

167 2757 324 2823 ἀνίσταται
335 2761 367 2821 ἐκ
380 2760 506 2831 νυκτῶν,
527 2757 580 2820 καὶ
592 2757 680 2820 έδωκε
690 2751 770 2842 βρῶ-
807 2753 985 2843 ύπέρνεισαι,
1000 2754 1146 2852 ύπερῇρας
1158 2755 1266 2831 πόσας.
1290 2758 1322 2800 ³⁰
1335 2775 1408 2903 χχρ-

166 2865 248 2923 ματα
266 2843 311 2923 τῷ
328 2840 416 2920 οἴκῳ,
440 2842 491 2904 καλ
504 2841 576 2923 έργα
593 2849 660 2914 ταῖς
676 2851 771 2925 θερα-
805 2842 863 2916 δεῖς
888 2840 1050 2922 ἀρέσκεται,
1074 2842 1127 2904 καί
1149 2835 1276 2922 μάταιον
1299 2835 1339 2902 κά
1395 2864 1411 2913 ς

165 2915 771 3008 παίναις.11θεωρὴσασαγεῶργιονέπρία-
805 2923 951 3001 γυναικὸς,
962 2919 1033 3004 γυνέγ
1044 2918 1103 3004 γάρ
1119 2920 1223 3003 συνετὴ
1236 2920 1409 2996 εὐλογεῖται,

166 3027 213 3081 το,
227 3003 331 3070 ἀπὸδὲ
343 3008 468 3088 καρπῶν
478 3007 581 3087 χειρῶν
593 3004 685 3089 αὐτῆς
696 3031 768 3070 κατ·
806 3002 904 3091 φόβον
915 3005 947 3071 δὲ
958 3009 1060 3089 κυρίου
1074 2999 1149 3084 αύτιχ
1163 3006 1286 3066 αἰνείτω.
1303 3002 1328 3041 ³¹
1335 2997 1408 3064 δότε

167 3085 305 3170 εφύτευσε
314 3091 418 3169 κτῆμα.
431 3085 677 3171 11ἀναζωσαμένχ
688 3093 770 3174 λσχυ-
805 3088 882 3176 αὐτῇ
896 3085 957 3152 ἀπὸ
969 3087 1095 3168 καρπῶν
1105 3083 1221 3167 χειλέων
1232 3080 1335 3164 αὐτῆς,
1354 3086 1409 3147 καὶ

167 3175 228 3258 ρῶς
237 3169 291 3255 τὴν
301 3169 398 3251 ὀσφύν
408 3167 499 3252 αὐτῆς
510 3168 603 3254 ἤρεισε
613 3169 685 3246 τούς
694 3176 768 3259 βρα-
804 3175 944 3235 αἰνείσθω
956 3171 988 3233 έν
999 3161 1107 3242 πύλαις
1122 3163 1139 3229 ὁ
1152 3161 1225 3251 ἀνὴρ
1239 3161 1341 3248 αὐτῆς.

165 3259 265 3340 χίονας
278 3252 370 3340 αὐτῆς
383 3256 421 3327 εἰς
433 3253 530 3338 έργον.
547 3253 575 3295 ¹⁸
585 3256 636 3319 καί
647 3251 769 3333 ἐγεύσα-

407 3576 1176 3686 ΕΚΚΑΗΣΙΑΣΤΗΣ.

195 3766 208 3797 1
357 3769 389 3826 I(
401 3767 479 3827 ΕΦ.
522 3760 580 3829 A'.
806 3762 857 3826 καλ
881 3758 958 3827 δύνυ.
977 3757 995 3825 ὁ
1013 3755 1095 3844 ἥλιος
1120 3763 1171 3825 καί
1186 3765 1224 3837 ελς
1241 3757 1294 3825 τόν
1309 3756 1408 3828 τόπον

166 3814 322 3925 Ρήματα
339 3846 408 3910 ἕκκλ
428 3852 553 3911 σιαστού
578 3849 646 3910 υίού
672 3845 772 3909 Δαυὶδ
806 3842 902 3908 αύτοῦ
928 3844 1016 3909 ἕλκει.
1048 3840 1140 3917 αὐτὸς
1164 3841 1333 3908 ἀνατελλων
1351 3849 1414 3911 ἐκεῖ

163 3873 769 4016 βασιλέωςἿσραὴλένἽερουσαλύμ.2μα-
804 3922 990 4009 1πορεύεται
1014 3925 1092 4012 πρὸς
1110 3922 1215 3991 Νότον
1236 3929 1288 3990 καὶ
1306 3929 1414 3995 κυκλοῖ

164 4007 286 4089 ταιότης
303 4007 515 4094 ματαιοτήεων
533 4011 611 4076 εἶπεν
629 4007 646 4074 ὁ
666 4010 770 4094 έκκλιχ-
804 4006 880 4092 πρὸς
892 4012 1029 4094 Βοβρἀν.
1049 4009 1154 4073 κυκλοῖ
1162 4009 1274 4074 κυκλῶν
1285 4008 1410 4114 πορεύε-

166 4091 296 4175 σιαστίχς,
314 4090 478 4177 ματαιότης
490 4090 711 4177 ματαιοτότων,
730 4091 768 4157 τά
805 4115 855 4154 ται
866 4089 904 4155 τὸ
913 4096 1040 4175 πνεῦμα,
1053 4095 1104 4157 καί
1115 4094 1165 4158 έπλ
1178 4090 1301 4168 κύκλους
1314 4097 1410 4160 αυτοῦ

163 4173 266 4241 πάντα
282 4173 452 4260 ματαιότης.
478 4180 493 4218 ²
505 4185 550 4253 τίς
561 4181 713 4261 περίσσεια
725 4181 770 4241 τῶ
807 4176 970 4261 ἐπιστρέφει
981 4174 1018 4239 τὸ
1032 4179 1155 4258 πνεῦμα.
1171 4174 1297 4252 2πάντες
1310 4181 1341 4241 οῖ
1351 4184 1409 4262 χεί-

166 4255 322 4345 ἀνθρῶπῳ
348 4261 378 4322 έν
400 4262 491 4323 παντί
508 4257 613 4345 μόχθῳ
631 4243 769 4326 αύτούῶ
805 4259 912 4344 μαρῖῥσι
928 4254 1107 4343 πορεύονται
1119 4264 1158 4335 είς
1170 4259 1225 4345 τὴν
1236 4257 1410 4335 θάλασσαν,

165 4353 275 4428 μοχθεί
284 4340 345 4407 ὑπό
358 4340 412 4408 τὸν
421 4338 521 4425 ἣλιονς
534 4340 638 4420 1γενεά
650 4341 770 4431 πορεύε-
807 4345 858 4406 καί
871 4338 1043 4425 ἢθάλασσα
1052 4340 1107 4406 ούκ
1116 4346 1196 4409 ἔστιν
1204 4342 1409 4428 ἐμπιμπλαμέ-

163 4455 215 4496 ται
227 4428 278 4493 καλ
289 4425 372 4504 γενεά
386 4428 509 4510 έρχεται,
525 4428 576 4489 καὶ
587 4425 605 4511 ἦ
617 4431 656 4511 γῆ
668 4432 706 4502 εἰς
720 4426 771 4491 τὸν
807 4448 850 4506 νη.
869 4429 907 4499 εἰς
920 4425 974 4490 τὸν
985 4422 1082 4489 τόπον
1094 4416 1129 4489 ού
1144 4429 1176 4489 οί
1185 4429 1337 4512 χείμαρροι
1349 4450 1411 4491 πο-

165 4515 260 4577 αίῶνα
273 4514 381 4597 ἕστηκε.
399 4515 412 4553 ⁵
427 4509 480 4575 καί
492 4507 643 4576 ἀνατέλλει
656 4506 673 4576 ὁ
688 4507 769 4594 ἥλιος
807 4503 952 4593 ρεύσνται,
966 4509 1026 4573 ἐκεῖ
1035 4504 1125 4574 αύτολ
1136 4511 1345 4596 ἐπιστρέφουσι
1354 4512 1412 4574 τοῦ

1300 4616 1414 4676 πορευ-
