2924 4972
282 235 657 306 σιΑιειεΛινΑισΝ
678 239 883 301 ποσιτιον
927 234 1091 316 mmo.
1237 238 1302 310 965

58 358 158 447 ρεύετο
171 361 224 445 την
237 357 416 444 Σαμάρειαν.
453 360 483 401 ⁰⁷
496 363 527 424 ἐν
540 363 576 450 τῇ
591 356 659 441 ἧμέ-
696 383 734 422 πε
746 360 823 442 πρὸς
835 357 956 433 αὐτούς.
995 357 1191 439 άφίσταταιό
1215 356 1308 432 ύπνος

58 471 98 528 ρᾳ
126 448 217 526 ἐκείνη
242 449 350 508 ε”πεσον
376 445 459 526 ἱερεῖς
484 446 516 506 ἐν
540 443 663 524 πολέμῳ
700 440 762 507 άπὸ
776 447 837 506 τῶν
856 440 1027 524 ὀφθαλμῶν
1039 468 1108 524 μου,
1131 444 1181 508 καί
1196 447 1308 526 συμπέ-

57 517 232 614 βσυλύμεύσι
245 525 484 609 ἀνδραγαθησαι,
507 529 595 609 ἐντῷ
610 524 663 588 αὖ·
699 550 807 589 πτωκα
824 528 862 607 τῆ
880 526 990 610 καρδίᾳ
1010 521 1074 589 άπὸ
1097 529 1150 607 τῆς
1161 533 1308 611 μερίμνης.

59 610 129 684 τοὺς
154 610 283 683 ἐξελθεῖν
301 613 340 683 είς
361 605 492 689 πόλεμον
519 606 664 694 άβουλεύ-
700 612 725 650 ¹¹
737 610 789 673 καὶ
801 597 871 673 εἶπα
890 613 928 691 τῆ
950 608 1057 713 καρδίᾳ
1070 632 1135 688 μου.
1163 613 1218 682 ἕως
1230 617 1308 685 τίνος

60 719 128 766 τως.
154 692 185 734 ⁶⁸
198 694 250 756 καί
268 690 409 767 ἐξέκλινεν
425 688 540 765 Ἰούδας
557 696 596 767 είς
613 691 664 755 Ἅ-
701 693 837 800 θλίψεως
847 680 1007 776 ἦλθ’σνκαι
1017 687 1166 765 κλύδωνος
1178 688 1307 773 μεγάλου

61 779 154 852 ζωτον
179 778 234 858 γῆν
259 771 450 856 ἀλλοφύλων,
469 777 520 839 καί
544 774 665 840 καθεῖλε
701 780 770 859 ἐνῳ
785 780 835 841 νῦν
855 780 931 858 είμις
958 770 1145 858 δτιχρηστός
1161 776 1213 837 καὶ
1229 771 1309 850 άγα·

59 857 130 932 τούς
147 858 268 942 βωμοὺς
286 856 402 933 αὐτῶν,
429 859 480 922 καί
492 855 531 922 τά
543 857 663 935 γλυπτά
701 857 835 943 πιόμενος
863 859 940 944 ἤμην
969 860 999 920 ἐν
1024 863 1061 950 τῇ
1092 860 1214 939 ἐξουσίᾳ
1238 882 1309 939 μου.

59 946 120 1006 τῶν
132 945 214 1007 θεῶν
227 943 328 1006 αὐτῶν
341 943 506 1006 κατέκαυσε
518 943 602 1026 πυρί,
615 942 666 1006 καί
703 945 730 984 ¹²
743 948 795 1008 νῦν
806 941 839 1007 δὲ
856 937 1056 1026 μιμνησκομαι
1074 945 1135 1006 τῶν
1147 944 1251 1006 κακῶν
1263 929 1306 1005 ὧν

57 1023 214 1090 ἐσκύλευσε
226 1023 265 1089 τά
280 1024 376 1090 σκῦλα
386 1028 447 1090 τῶν
459 1023 588 1100 πόλεων,
613 1026 666 1090 καί
703 1030 831 1111 ἐποίησα
848 1029 880 1092 ἐν
894 1020 1106 1111 Ἰερουσαλὴμ,
1124 1024 1175 1087 καί
1194 1022 1306 1110 ἔλαβον

59 1111 239 1193 ἐπέστρεψεν
251 1112 290 1182 εἰς
302 1110 357 1191 τὴν
370 1113 425 1192 γῆν
434 1104 545 1173 Ἰούδα.
702 1108 805 1174 πάντα
816 1108 855 1174 τά
867 1107 956 1190 σκεύη
975 1106 1015 1171 τά
1028 1111 1125 1191 χρυσᾶ
1136 1109 1187 1172 καί
1198 1106 1238 1170 τά
1250 1105 1272 1173 ἆ
1292 1148 1308 1158 -

257 1197 331 1254 ΚΕ
348 1197 386 1255 (ί).
431 1187 472 1266 ς’.
701 1197 780 1279 γυροί
792 1191 875 1258 τάέν
888 1189 977 1283 αὐτῇ,
990 1189 1247 1267 καὶέξαπέστειλα
1261 1131 1309 1266 ἐλ-

59 1240 142 1339 Καί
155 1270 173 1338 δ
186 1273 323 1360 βασιλεὺς
341 1274 491 1359 Ἀντίοχος
502 1271 667 1359 διεπορεύε-
703 1280 777 1361 ἆραι
798 1275 872 1351 τούς
895 1278 1110 1348 κατοικοῦντας
1119 1269 1222 1339 Ἰούδα
1236 1274 1309 1341 ,δια-

58 1383 95 1422 τσ
109 1355 163 1432 τὰς
176 1352 278 1422 ε’πάνω
291 1353 397 1442 χώρας,
417 1362 469 1422 καὶ
482 1357 605 1442 ἤκουσεν
618 1357 665 1424 ὅτι
702 1368 792 1442 κενῆς.
818 1361 845 1401 ¹³
858 1363 950 1436 ε”γνων
962 1345 1018 1423 οὖν
1035 1354 1082 1421 ὅτι
1094 1352 1180 1441 χάριν
1193 1354 1309 1424 τούτων

58 1443 138 1506 ἐστίν
156 1439 299 1523 Ἐλυμαῒς
319 1443 351 1505 ἐν
374 1446 412 1524 τῆ
434 1443 559 1525 Περσίδι
578 1439 666 1518 πόλις
703 1436 790 1528 εύρύν
814 1468 848 1524 με
860 1441 899 1507 τά
919 1441 999 1507 κακὰ
1021 1445 1129 1506 ταῦτα.
1167 1443 1218 1505 καὶ
1243 1437 1309 1506 ίδσὺ

59 1524 179 1599 ἔνδοξος
190 1523 316 1608 πλούτῳ
336 1514 471 1611 ἀργυρίῳ
484 1551 516 1589 τε
529 1528 581 1589 καί
592 1551 664 1610 χρυ-
703 1524 876 1607 ἀπόλλυμαι
893 1521 974 1618 λύπη
991 1520 1101 1616 μεγάλη
1121 1526 1151 1588 ἐν
1164 1528 1204 1615 γῇ
1216 1522 1308 1588 άλλο-

59 1614 122 1689 σίῳ.
148 1606 276 1671 2καίτδ
291 1606 368 1690 ῖερδν
381 1606 418 1674 τὸ
433 1610 463 1671 ἐν
476 1607 554 1700 αὐτῇ
565 1606 662 1673 πλού·
703 1615 781 1696 τρίη.
819 1610 848 1652 ¹⁴
861 1610 912 1674 καί
937 1604 1054 1673 ἐκάλεσε
1083 1607 1236 1673 Φίλιππον
1258 1612 1309 1672 ἕνα

59 1715 124 1757 σιον
138 1688 268 1775 σφόδρα,
277 1694 327 1755 καί
338 1689 581 1774 ἐκεῖκαλύμματα
593 1718 662 1776 χρυ·
703 1697 765 1758 τῶν
778 1693 875 1774 φίλων
888 1691 1051 1765 αὐτοῖςκαὶ
1062 1692 1240 1776 κατέστησεν
1251 1688 1309 1757 αύ-

59 1775 113 1850 σᾶ,
138 1776 189 1839 καὶ
202 1770 340 1857 θιύρακες
351 1778 402 1840 καί
420 1769 502 1839 δ’πλα
514 1771 536 1839 οἳ
548 1775 664 1839 κατέλι-
703 1773 757 1840 τὸν
775 1778 827 1840 ἐπὶ
841 1772 942 1857 πάσης
960 1781 1011 1859 τῆς
1030 1774 1182 1861 βασιλείας
1199 1772 1308 1839 αὐτοῦ.

58 1883 113 1922 πεν
125 1860 185 1921 ἐκεῖ
194 1856 389 1942 Ἀλέξανδρος
405 1855 423 1921 ὁ
438 1858 595 1923 Φιλίππου
607 1862 665 1944 βα·
704 1859 795 1924 16καί
818 1857 925 1923 ἔδωκεν
945 1857 1028 1942 αὐτῷ
1047 1857 1085 1923 τά
1106 1853 1236 1941 διάδημα
1259 1854 1308 1931 καί

58 1937 153 2013 σιλεύς
162 1937 346 2016 ὁΜακεδιδν,
353 1938 388 2016 ὃς
400 1940 567 2026 ἐβασίλευσε
579 1946 664 2026 προῖ-
703 1940 758 2024 τίην
771 1941 881 2027 στολὴν
894 1939 989 2008 αὐτοῦ
1006 1942 1058 2006 καί
1070 1939 1124 2006 τὸν
1136 1939 1309 2014 δακτύλιον,

57 2050 109 2097 τος
129 2026 160 2088 ἐν
177 2036 241 2098 τοῖς
252 2021 383 2107 Ἕλλησι.
423 2026 502 2089 2καί
521 2015 596 2108 ἦλθε
614 2026 665 2089 καὶ
703 2030 759 2091 τσῦ
772 2023 895 2104 ἀγαγεῖν
903 2022 1054 2125 Ἀντίοχον
1064 2023 1117 2089 τὸν
1126 2022 1193 2089 υίὸν
1202 2020 1309 2098 αὐτοῦ,

58 2103 151 2188 ἐζήτει
175 2107 404 2192 καταλαβέσθαι
427 2107 480 2214 την
503 2105 591 2173 πόλιν
613 2109 665 2173 καί
703 2111 755 2173 καί
777 2112 929 2195 ἐκθρέψαι
950 2106 1045 2175 αὐτον
1062 2113 1119 2175 τοῦ
1140 2103 1309 2195 βασιλεύειν.

57 2192 257 2271 προνομεῦσαι
276 2189 384 2272 αὐτὴν,
409 2216 460 2253 και
478 2190 535 2254 οὐκ
557 2186 662 2272 ἦδυνά-
704 2193 797 2255 16καί
815 2191 967 2256 ἀπέθανεν
984 2196 1045 2254 ἐκεῖ
1058 2189 1209 2274 Ἀντίοχος
1222 2186 1307 2274 ὄβα-

58 2282 129 2354 σθη,
142 2269 190 2335 ὅτι
202 2267 341 2353 ἐγνώσθη
354 2268 371 2335 ὁ
385 2267 477 2347 λόγος
488 2284 553 2345 τοῖς
567 2276 600 2337 ἐκ
612 2278 664 2355 τῆς
704 2272 799 2348 σιλεύς
820 2277 906 2347 ἔτους
926 2268 1034 2337 ἐνάτου
1056 2275 1107 2337 καί
1128 2297 1307 2355 τεσσαρακο-

57 2350 180 2427 πόλεως.
220 2355 308 2416 *καί
328 2353 495 2436 ἀνέστησαν
517 2352 601 2437 αύτῷ
625 2359 664 2429 είς
702 2360 778 2421 στσῦ
799 2356 850 2420 καί
874 2357 1051 2420 ἐκατοστοῦ.
1081 2356 1172 2419 12καί
1194 2357 1308 2432 ε’πίγνισ

57 2436 199 2520 πόλεμον,
226 2438 278 2500 καί
295 2440 386 2518 ἔφυγε
399 2438 450 2501 καί
464 2435 576 2529 άπῇρεν
590 2440 664 2502 ε’κεῖ-
700 2443 818 2513 Λυσίας
835 2434 882 2504 ὅτι
898 2435 1069 2521 τίθνηκενὸ
1085 2436 1233 2524 βασιλεὺς,
1256 2440 1308 2503 καί

57 2530 111 2583 θεν
122 2518 196 2603 μετὰ
209 2515 308 2606 λύπης
325 2519 453 2603 μεγάλης
466 2518 662 2604 ἀποστρέψαι
701 2525 862 2606 κατέστησε
889 2519 1052 2608 βασιλεύειν
1071 2519 1174 2588 Ἀντίο
1191 2546 1226 2586 ον
1254 2519 1308 2588 τόν

58 2607 98 2677 εἰς
120 2603 304 2690 Βαβυλῶνα.
340 2604 420 2669 ‘nai
443 2592 535 2687 ἦλθεν
560 2604 662 2682 ἀπαγ-
702 2605 766 2671 υίὸν
779 2603 876 2670 αὐτοῦ
895 2603 956 2670 ἀντ’
980 2603 1090 2681 αὐτοῦ,
1116 2600 1153 2670 ὃν
1166 2548 1308 2688 ἐξέθρεψε

57 2687 171 2766 γελλων
184 2712 226 2761 τις
238 2685 322 2769 αὐτῷ
335 2691 373 2762 είς
385 2683 438 2770 την
453 2689 600 2771 Περσίδα,
614 2683 663 2752 ὅτι
701 2684 911 2772 νεύτερον,καί
923 2684 1038 2755 ἐκάλεσε
1051 2685 1089 2752 τὸ
1100 2685 1196 2771 ὄνομα
1210 2688 1308 2754 αὐτοῦ

57 2765 260 2853 τετρόπωνται
285 2774 319 2834 αἱ
337 2770 527 2858 παρεμβολαί
548 2774 581 2835 αῖ
603 2795 662 2835 πσ-
701 2768 881 2858 Εύπάτσρα.
906 2772 936 2814 ¹⁸
950 2772 1000 2836 καί
1009 2774 1041 2836 οἱ
1053 2774 1086 2836 ἐκ
1098 2775 1151 2856 τῆς
1163 2769 1259 2856 άκρας
1272 2760 1307 2854 ἦ·

56 2863 210 2935 ρευθεῖσαι
228 2857 267 2928 είς
284 2851 467 2936 γῆνἸσύδα,
493 2854 571 2920 “nai
589 2857 661 2919 ἐπο-
702 2881 759 2922 σαν
776 2856 973 2934 συγκλείοντες
995 2853 1049 2919 τὸν
1064 2853 1187 2940 Ἰσραὴλ
1207 2854 1308 2937 κύκλῳ

56 2932 152 3020 ρεύθη
164 2941 281 3011 Λυσίας
291 2933 408 3019 δυνάμει
422 2941 528 3041 λσηυρᾷ
536 2941 567 3003 ἐν
578 2937 662 3023 προί-
701 2944 762 3004 τοῐν
774 2936 879 3017 ἁγίων,
896 2941 948 3004 καί
960 2941 1113 3023 ζητοῦντες
1126 2937 1165 3003 τά
1176 2934 1256 3002 κακά
1269 2937 1306 3003 δι’

55 3045 131 3095 τοις,
156 3021 208 3085 καί
233 3015 387 3105 ἀνετράπη
413 3018 474 3110 ἀπο
498 3018 662 3105 πρσςιύπου
701 3020 775 3087 ὅλου
787 3023 838 3091 καί
849 3019 996 3106 στήριγμα
1013 3033 1077 3096 τοῖς
1091 3024 1198 3088 ἔθνεσι.
1223 3023 1309 3087 12καί

56 3101 166 3178 αὐτῶν,
191 3106 242 3168 καί
254 3107 416 3187 ἐπίσχυσαν
428 3101 535 3179 ὅπλοις
546 3107 599 3171 καί
611 3106 662 3169 δυ·
701 3106 862 3184 ἐλογίσατο
872 3102 990 3181 Ἰούδας
1003 3108 1105 3191 ἐξᾶραι
1119 3100 1241 3182 αὐτούς.
1258 3109 1309 3170 καί

56 3182 135 3268 νάμει
149 3189 200 3251 καί
219 3184 476 3262 σκύλοιςπολλοῖς
494 3187 537 3263 σί,Ι
549 3190 662 3274 ἔλαβον
700 3189 905 3273 ἐξεκκλησίασε
934 3188 1038 3256 πάντα
1060 3185 1116 3255 τδν
1151 3187 1229 3255 λαὸν
1251 3192 1308 3255 τοῦ

56 3268 121 3334 σἰπδ
141 3275 203 3335 τῶν
226 3271 422 3355 παρεμβολῶν
443 3263 486 3337 εύν
504 3274 661 3357 ἐξέκοψαν.
700 3279 896 3358 περικαθίσαι
910 3271 954 3341 ἐπ’
973 3269 1093 3348 αὐτούς.
1119 3269 1309 3356 2θκαίσυνη-

57 3355 133 3418 7καί
145 3355 287 3419 καθεῖλον
304 3354 341 3419 τὸ
352 3355 503 3441 βδελυγμα
514 3352 533 3420 δ
546 3352 660 3440 ᾠκσδά-
699 3369 816 3442 χθησαν
840 3357 919 3439 ἅμα,
944 3357 996 3420 καί
1021 3353 1234 3439 περιεκάθισαν
1260 3354 1304 3418 ἐπ’

55 3460 146 3517 μησεν
159 3440 209 3501 ἐπὶ
225 3440 261 3500 τὸ
279 3437 496 3521 θυσιαστήριον
512 3437 548 3504 τὸ
565 3444 596 3503 ἐν
605 3438 661 3502 Ἰε-
700 3439 813 3513 αὐτούς
824 3440 909 3513 ἔτους
919 3441 1119 3520 πεντηκοστοῦ
1132 3436 1185 3499 καί
1200 3437 1307 3502 ἕκατο-

56 3515 221 3601 ρσυσαλίημ,
234 3520 285 3582 καί
297 3517 333 3580 τὸ
346 3517 597 3600 άγίασμακαθιύς
611 3543 661 3584 το·
701 3526 787 3594 στσῦ,
800 3521 851 3584 καί
864 3525 1001 3603 ἐποίησεν
1018 3517 1063 3584 ἐπ’
1084 3515 1195 3593 αύτούς
1219 3519 1305 3603 βελω

56 3596 202 3682 πρότερον
233 3594 403 3665 ἐκύκλωσαν
427 3605 548 3684 τείχεσιν
579 3599 662 3707 ὑψη-
700 3599 813 3677 στάσεις
825 3605 877 3667 καί
893 3597 1033 3687 μηχανάς,
1073 3602 1307 3687 22καίίξῆλθον

57 3680 130 3756 λσῖς,
144 3683 195 3746 καὶ
212 3679 268 3766 τὴν
280 3682 483 3766 Βαιθσούραν
500 3679 592 3749 πόλιν
604 3711 659 3749 αυ-
700 3690 730 3764 ἐξ
743 3683 845 3752 αὐτῶν
857 3688 890 3751 ἐκ
903 3690 961 3751 τοῦ
978 3685 1187 3768 συγκλεισμοῖι,
1212 3687 1264 3752 καί
1275 3688 1307 3751 ί-

58 3767 119 3829 τού.
145 3765 226 3828 8καί
246 3765 362 3842 ἐγένετο
376 3763 417 3841 ὡς
435 3764 558 3850 ἤκουσεν
575 3764 662 3854 ὁβα-
700 3765 893 3872 κσλληθησαν
907 3767 1012 3844 αὐτοῖς
1030 3766 1105 3844 τινὲς
1118 3772 1180 3833 τῶν
1190 3765 1307 3861 σἰσεβαῖν

59 3846 151 3923 σιλεύς
163 3848 233 3923 τούς
245 3843 353 3925 λόγους
364 3845 500 3925 τούτους,
525 3850 663 3938 ἐθαμβην
699 3856 729 3930 ἐξ
739 3850 872 3936 Ἰσραηλ,
898 3855 928 3894 ²²
941 3854 991 3919 καί
1008 3846 1218 3939 ἐπορεύθησαν
1229 3848 1306 3940 πρὸς

57 3940 99 4016 θη
111 3934 162 3997 καί
174 3928 322 4016 ἐσαλεύθη
342 3928 468 4018 σφόδρα.
494 3936 549 4000 καί
561 3938 663 4004 ἔπεσεν
698 3936 753 4004 τίν
770 3934 900 4023 βασιλέα
917 3940 970 4004 καὶ
985 3930 1078 4002 εἷσον.
1103 3941 1160 4011 ἕως
1181 3935 1257 4003 πότε
1269 3931 1306 4003 οὗ

58 4018 109 4079 ἐπί
119 4016 174 4101 τὴν
191 4024 295 4101 κοίτην
300 4064 310 4093 ,
337 4019 388 4081 καί
405 4020 537 4083 ἐνέπεσεν
554 4023 594 4095 είς
606 4018 662 4106 ἀρί-
697 4020 809 4127 ποιηση
823 4027 929 4103 κρίσιν,
953 4022 1005 4091 καί
1016 4019 1173 4107 ἐκδικήσεις
1186 4017 1255 4098 τοὺς
1267 4023 1305 4088 ά·

58 4100 187 4181 ρωπίαν
198 4099 263 4166 σἰπὸ
273 4103 325 4185 τῆς
336 4095 444 4184 λύπης,
467 4096 514 4166 δ’τι
526 4101 583 4169 οὐκ
596 4105 661 4181 ἐγέ·
698 4105 824 4186 δελφους
845 4103 945 4189 ἢμῶνγ
976 4107 1006 4149 ²³
1028 4101 1107 4191 ἡμεῖς
1129 4105 1305 4190 εὐδοκοῦμεν

57 4204 122 4245 νετο
144 4179 228 4267 αὐτῷ
250 4180 355 4258 καθὼς
377 4188 556 4266 ἐνεθυμεῖτο.
582 4187 663 4252 2καί
699 4187 847 4255 δουλεύειν
872 4191 917 4270 τῷ
927 4194 1024 4273 πατρί
1035 4215 1090 4256 σου
1107 4191 1159 4254 καί
1183 4189 1304 4273 πορεύε-

59 4254 93 4346 ἧν
105 4260 283 4349 ἐκετῆμέρας
294 4267 427 4342 πλείους,
452 4267 501 4333 ὅτι
514 4266 661 4336 άνεκαινί-
700 4282 774 4337 σθαι
787 4281 853 4346 τοῖς
868 4266 919 4341 ὑπ’
937 4270 1036 4339 αὐτοῦ
1053 4272 1229 4354 λεγομένοις,
1247 4275 1304 4338 ,καί

57 4357 118 4430 σθη
130 4346 175 4412 ἐπ’
191 4345 284 4412 αὐτὸν
295 4346 376 4434 λύπη
392 4348 513 4435 μεγάλη,
526 4355 577 4417 καί
592 4354 660 4418 ἐλσ-
699 4355 938 4422 κατακολουθεῖν
946 4358 1010 4431 τοῖς
1019 4351 1243 4446 προςτάγμασιι
1252 4353 1307 4420 αὖ·

59 4436 165 4509 γίσατσ
178 4427 225 4497 ύτι
237 4427 431 4501 άποθν’σκει.
457 4437 547 4501 10καί
558 4433 660 4503 ἐκάλε-
698 4444 766 4517 τοῦ,
790 4440 822 4482 22
835 4441 888 4506 καί
906 4437 1122 4524 περικάθηνται
1140 4442 1179 4512 εἷς
1197 4437 1252 4523 τὴν
1270 4437 1303 4505 ά·

60 4536 90 4579 ⁰⁸
100 4508 216 4592 πᾶῖῐᾱε
229 4509 301 4590 ῐθῦς
313 4540 336 4596 φ
386 4544 419 4594 υς
430 4517 539 4598 αὐτοῦ,
555 4525 606 4588 καί
618 4519 659 4588 εί·
699 4548 775 4611 κραν
788 4524 847 4589 υίοί
858 4527 917 4589 τοῦ
928 4523 1007 4587 λαοῦ
1021 4519 1110 4604 ἡμῶν.
1135 4516 1221 4608 χάριν
1232 4517 1305 4589 τού-

1246 4632 1302 4674 του
