2924 4972
164 320 215 386 τὸν
226 319 324 403 θυμόν
334 344 394 401 μου
407 317 452 382 ἐπ’
463 315 586 392 αὐτούς,
596 321 652 381 τοῦ
667 340 768 381 συντε-
807 313 888 396 ματά
901 339 958 395 μου
968 308 1168 389 φυλάσσεσθε,
1177 309 1229 371 ιιαὶ
1241 319 1359 407 ποιεῖτρ
1373 307 1423 373 αό·

162 405 246 469 λίσαι
269 400 363 485 ὀργήν
385 425 445 484 μου
457 403 488 464 ἐν
509 399 612 473 αὐτοῖς
634 402 666 464 ἐν
688 401 769 480 μέσῳ
809 393 857 462 τά.
884 398 915 439 ²⁰
927 395 979 460 καί
992 392 1032 460 τά
1052 387 1189 481 σάββατά
1201 416 1262 472 μου
1275 387 1425 468 ἂγιαζετε,

163 492 216 587 τής
230 479 402 562 Αἰγύπτου.
440 483 521 546 ”nal
539 485 668 565 ἐποίησα
687 478 770 554 ὅπως
808 482 859 545 καί
881 481 960 544 έστω
981 481 1020 553 είς
1041 489 1158 561 σημεῖον
1178 472 1334 554 άναμέσον
1352 479 1425 557 ἐμοῦ

163 593 200 633 το
220 562 315 648 ὄνομά
331 591 390 647 μου
407 563 443 629 τό
460 565 607 651 παράπαν
623 563 665 648 μή
682 567 766 666 βιήλη
808 565 859 627 καί
881 559 979 645 ὑμῶν,
1004 565 1060 626 τοῦ
1081 556 1233 637 γινώσκειν
1256 557 1341 622 διότι
1365 558 1426 637 ἐγὼ

163 651 252 741 λωθῇ
266 647 394 714 ἐνώπιον
410 651 471 713 τῶν
488 650 602 723 έθνῶν,
627 639 670 712 ὧν
682 649 772 711 αυτοί
808 641 908 731 κύριος
929 641 948 708 ὀ
970 641 1043 719 θεὸς
1061 640 1151 726 ὑμῶν.
1176 644 1204 683 ²¹
1217 642 1271 706 καί
1288 649 1429 723 παρεπί-

162 739 234 799 εῖσιν
247 735 280 795 ἐν
291 733 374 814 μέσῳ
386 728 498 806 αὐτῶν,
511 733 544 795 ἐν
554 730 599 804 οἷς
613 725 770 813 ἐγνῶσθην
809 723 922 813 ιιρανάν
942 752 986 809 με,
1001 729 1053 792 ναί
1079 725 1120 791 τά
1145 728 1238 790 τέκνα
1258 721 1371 792 αὐτῶν
1398 729 1430 790 ἐν

162 812 239 900 πρὸς
252 810 362 888 αύτούς
374 809 504 879 ἐνῶπιον
517 811 629 888 αὐτῶν,
652 817 707 877 τοῦ
721 814 769 887 ἐξ·
809 823 871 887 τοῖς
884 805 1018 894 προςτάγ
1060 815 1090 874 σι’
1100 835 1166 911 μου
1181 805 1236 872 οἷοι
1248 803 1430 895 ἐπορεύθη-

163 905 284 975 αγαγεῖν
313 894 427 970 αὐτούς
456 899 489 959 ἐν
512 899 566 980 γῆς
596 890 768 973 Αἰγύπτου.
809 920 874 971 σαν,
892 891 994 958 καὶτὰ
1025 887 1191 974 ιιιαιωματά
1201 915 1262 973 μου
1275 890 1339 956 ούιι
1354 896 1430 995 ἐρυ-

162 984 192 1024 ¹⁰
204 984 255 1044 καί
272 977 384 1062 ήγαγον
399 977 505 1056 αύτούς
528 982 568 1054 εἰς
583 974 637 1062 τήν
649 981 768 1062 ἔρημον,
808 976 939 1053 λάξαντο
952 981 1009 1042 τοῦ
1030 987 1127 1041 ποιεῖν
1145 972 1242 1051 αὐτὰ,
1268 971 1292 1038 ὃ
1306 1002 1429 1062 ποιησει

162 1067 188 1106 ¹¹
200 1064 251 1127 καί
267 1063 367 1127 έδωνα
380 1059 482 1136 αὐτοῖς
493 1057 533 1126 τά
553 1056 767 1146 προςτάγματά
809 1059 976 1143 ἅνθρωπος
986 1061 1038 1125 ναί
1049 1055 1167 1143 ζήσεται
1179 1061 1212 1122 ἐν
1225 1055 1348 1138 αὐτοῖς,
1376 1065 1430 1126 ιιαί

162 1171 231 1228 μου,
245 1147 296 1209 καὶ
311 1143 352 1211 τά
368 1139 553 1228 διναιιύματά
571 1170 629 1226 μου
647 1143 769 1229 ἐγνῶρι-
810 1140 850 1208 τά
864 1139 1002 1229 σάββατά
1015 1167 1073 1225 μου
1090 1141 1258 1242 έβεβήλουν.
1287 1144 1345 1207 καί
1358 1143 1429 1209 εἶπα

163 1255 204 1294 σα
217 1224 335 1303 αὐτοῖς,
357 1223 415 1293 ὅσα
427 1225 541 1311 ποιήσει
553 1224 633 1292 αὐτὰ
645 1226 770 1311 άνθρω-
808 1230 864 1290 τοῦ
877 1227 972 1309 ἐκχέαι
985 1229 1039 1291 τὸν
1056 1235 1157 1307 θυμον
1172 1249 1232 1306 μου
1246 1222 1293 1289 ἐπ’
1313 1224 1429 1303 αύτούς

162 1336 232 1386 πος,
245 1311 296 1375 καὶ
307 1312 425 1394 ζήσεται
438 1314 468 1375 ἐν
480 1307 592 1385 αὐτοῖς.
627 1312 655 1353 ¹²
668 1312 718 1375 καί
731 1304 769 1374 τό
809 1313 841 1374 ἐν
854 1314 890 1401 τῇ
904 1305 1014 1392 ἐρήμῳ,
1032 1312 1088 1373 τοῦ
1108 1307 1281 1373 συντελέσαι
1301 1307 1361 1392 τήν
1375 1311 1427 1394 ὀρ·

162 1389 300 1482 σάββατά
313 1420 371 1476 μου
386 1395 484 1459 ἐδωιεα
503 1391 684 1470 αύτοῖς,τοῡ
697 1391 769 1457 εἶναι
807 1387 862 1475 γήν
879 1419 939 1475 μου
956 1392 999 1457 ἐπ’
1021 1386 1141 1466 αύτούς.
1176 1392 1206 1431 22
1220 1392 1274 1455 ναί
1293 1395 1426 1479 ἐποίησα

162 1482 202 1553 είς
215 1488 334 1560 σημεῖον
346 1474 496 1558 ὀναμέσον
510 1480 585 1558 έμού
597 1479 648 1541 καὶ
660 1474 769 1556 ὀναμέ
810 1473 895 1548 ὅπως
909 1472 944 1538 τό
962 1469 1060 1559 ὀνομά
1077 1500 1136 1556 μου
1155 1470 1192 1538 τὸ
1211 1470 1370 1559 παράπαν
1386 1479 1423 1560 μή

162 1585 217 1626 σον
230 1559 344 1634 αὐτῶν,
358 1564 413 1625 τοῦ
425 1563 534 1637 γνῶναι
547 1557 676 1635 αὐτούς,
691 1554 769 1622 διότι
808 1557 969 1647 βεβηλωθῇ
991 1554 1119 1623 ἐνώπιον
1139 1561 1201 1622 τῶν
1223 1561 1332 1624 ἐθνῶν
1339 1609 1350 1637 ,
1376 1564 1424 1626 καί

162 1637 222 1719 ἐγῶ
235 1641 337 1742 κύριος
347 1639 366 1705 ὁ
378 1639 506 1720 ἁγιάζων
519 1638 639 1716 αύτούς.
678 1642 705 1683 ¹³
718 1642 770 1705 καὶ
809 1636 953 1725 ἐξήγαγον
965 1638 1147 1715 αύτούςιιαέ
1165 1637 1357 1739 ὀρθαλμούς
1370 1642 1423 1709 αύ-

163 1725 232 1793 ελπα
248 1751 324 1825 προς
340 1721 394 1789 τόν
419 1723 504 1791 οἷκον
528 1720 721 1827 τούΙἸσραήλ
740 1727 770 1788 ἐν
810 1727 876 1787 τῶν.
903 1725 932 1765 ²³
945 1725 1039 1824 ἐξῇρα
1053 1724 1108 1805 τήν
1124 1733 1208 1806 χεῖρα
1226 1749 1288 1804 μου
1302 1724 1350 1791 ἐπ’
1367 1727 1420 1792 αό-

162 1813 201 1902 τή
220 1813 328 1892 ἐρημῳ.
353 1810 386 1874 έν
403 1819 467 1884 τοῖς
487 1812 695 1895 προςταγμασὶ
709 1832 769 1890 μου
810 1805 881 1882 τούς
892 1809 925 1872 ἐν
938 1831 975 1899 τη
989 1810 1104 1891 έρημῳ,
1128 1811 1184 1870 τοῦ
1202 1806 1420 1894 διασαορπίσαι

163 1889 338 1976 πορεύεσθε.
387 1894 439 1956 ναί
465 1889 520 1956 ούιι
550 1886 768 1994 ἐπορεύθησαν.
809 1889 923 1965 αύτούς
936 1893 966 1955 έν
977 1901 1044 1964 τοῖς
1056 1893 1164 1962 ἔθνεσι,
1178 1890 1348 1977 διαπεῖραι
1362 1891 1418 1958 αύ-

161 1977 213 2042 ιιαέ
226 1971 266 2039 τά
277 1972 462 2055 δικαιώματά
472 1999 530 2054 μου
543 1971 719 2046 άπωσαντο,
747 1969 768 2036 δ
810 1970 882 2047 τούς
900 1976 1011 2048 ἐντοῖς
1027 1970 1157 2057 χώραις,
1182 1971 1215 2014 ²⁴
1229 1970 1301 2039 ἄνθ’
1325 1967 1370 2041 ῶν
1382 1976 1419 2041 τά

162 2053 279 2139 ποιήσει
300 2054 378 2122 αὐτὰ
401 2055 564 2140 ἅνθρωπος
579 2058 631 2120 καί
652 2052 769 2138 ζήσεται
809 2052 995 2157 δικαιώματά
1007 2081 1067 2137 μου
1077 2054 1132 2119 οὐκ
1145 2059 1305 2142 ἐποίησαν,
1319 2061 1371 2123 ιιαέ
1382 2058 1421 2123 τά

163 2143 194 2206 ἐν
207 2137 319 2213 αὐτοῖς.
349 2139 401 2202 καί
417 2137 457 2203 τά
476 2135 616 2246 miffar&
631 2163 688 2221 μου
707 2142 770 2225 ἐβε·
809 2134 1025 2241 προςταγμυτά
1036 2165 1095 2222 μου
1109 2135 1292 2218 σἰπῶσαντο,
1317 2142 1419 2207 καὶτὰ

162 2219 304 2310 β’λωοαν
326 2217 452 2307 σφόδρα.
476 2248 528 2287 ιιαι
550 2220 620 2289 εἶπα
642 2226 700 2288 τοῦ
720 2227 767 2287 ἐκ·
810 2222 949 2308 σάββατα
971 2247 1028 2304 μου
1046 2219 1216 2308 ἐβεβήλουν,
1240 2227 1293 2290 καί
1318 2223 1418 2290 ὀπίσω

162 2251 228 2474 ήέαι
241 2302 296 2371 τόν
309 2299 407 2387 θυμόν
422 2332 482 2389 μου
502 2303 547 2371 ἐπ’
563 2304 719 2382 αὐτούςέν
732 2309 769 2389 τῆ
811 2311 870 2369 τῶν
886 2300 1102 2408 ἐνθυμημάτων
1120 2310 1181 2371 τῶν
1200 2311 1343 2394 πατέρων
1360 2305 1416 2372 αύ-

198 2415 272 2472 ημῳ,
286 2413 342 2454 του
355 2389 537 2466 ἐξαναλῶσαι
550 2385 670 2465 αὐτούς.
684 2379 771 2453 22ιιάὶ
812 2393 869 2452 τῶν
883 2391 1001 2473 ησανσῖ
1014 2386 1293 2490 ὀρθαλμοίαύτῶν.
1322 2393 1352 2435 ²⁵
1365 2392 1416 2455 ναί

163 2476 294 2556 ἐποίησα
304 2467 386 2547 ὅπως
396 2470 431 2537 τὸ
442 2466 537 2554 ὀνομά
548 2499 605 2555 μου
618 2472 655 2538 τὸ
666 2468 769 2558 παρά·
810 2470 870 2549 ε’γῶ
891 2473 989 2536 ἐδωκα
1011 2485 1116 2547 αυτοῖς
1139 2470 1356 2555 προστάγματα
1380 2471 1417 2540 ού

162 2580 226 2622 παν
235 2552 276 2655 μή
284 2555 579 2648 βεβηλωθῇένώπιαν
588 2561 650 2621 τῶν
661 2559 768 2629 ἐθνῶν,
809 2553 897 2630 καλὰ,
910 2561 960 2620 καί
971 2551 1153 2639 δικαιώματα
1161 2559 1191 2617 έν
1200 2552 1245 2625 οἷς·
1256 2553 1293 2616 ού
1304 2552 1415 2636 ζήσαν-

164 2631 360 2723 ῶνέξηγαγον
378 2635 488 2714 αύτούς
502 2638 566 2704 κατ’
589 2636 769 2720 ὀφθαλμούς
810 2665 859 2704 ται
876 2643 908 2703 έν
925 2638 1038 2715 αὐτοῖς.
1076 2637 1166 2700 22ιιαί
1181 2639 1275 2718 μιανῶ
1293 2636 1414 2712 αότοὺς

163 2719 275 2787 αὐτῶν.
301 2723 393 2786 15ιιαέ
417 2720 476 2800 ἐγῶ
498 2724 589 2805 ἐξῆρα
609 2721 664 2805 τήν
685 2721 768 2807 χεῖρά
809 2724 839 2787 ἐν
853 2732 915 2798 τοῖς
928 2721 1070 2804 δόγμασιν
1086 2717 1184 2784 αὐτῶν
1200 2723 1229 2783 ἐν
1242 2723 1285 2799 τῷ
1300 2719 1416 2785 διαπο-

163 2830 221 2869 αου
235 2804 279 2869 ἐπ’
295 2802 407 2880 αύτούς
420 2809 451 2871 ἐν
461 2810 498 2894 τῇ
511 2796 609 2889 ἐρήμῳ
620 2806 656 2871 τὸ
666 2802 769 2891 παρά-
808 2800 951 2888 ρεύεσθαί
960 2831 994 2888 με
1006 2811 1070 2871 πάν
1081 2806 1227 2881 διανοῖγον
1239 2805 1371 2890 μήτραν,
1384 2801 1415 2869 ὅ·

162 2913 234 2964 παν,
246 2892 303 2953 τοῦ
314 2885 354 2970 μή
369 2892 530 2966 εἲςαγαγεῖν
542 2887 654 2963 αὐτούς
667 2894 705 2963 είς
715 2888 769 2972 τήν
807 2915 872 2962 πως
896 2887 1035 2970 ᾇφανίσω
1056 2884 1176 2961 αύτούς.
1205 2889 1234 2930 ²⁷
1248 2886 1298 2952 διὰ
1322 2893 1416 2954 τοῦτο

162 2975 219 3053 γῆν
244 2967 281 3055 ἣν
306 2972 404 3036 έδωκα
431 2969 546 3047 αὐτοῖς,
558 2977 615 3056 γῆν
639 2975 769 3056 ῥέουσαν
807 2969 938 3076 λάλησον
955 2969 1031 3057 πρὸς
1048 2972 1100 3035 τὸν
1117 2970 1202 3035 οἶνον
1219 2974 1276 3035 τοῦ
1291 2970 1416 3072 Ἰσραήλ

161 3051 241 3130 γάλα
254 3057 304 3119 καὶ
315 3054 393 3136 μελι,
418 3058 524 3158 κηρίον
537 3057 598 3121 ἐστὶ
610 3050 694 3139 παρὰ
706 3059 769 3121 πᾶ·
808 3053 852 3118 υἷέ
865 3052 1040 3140 ανθρώπου,
1054 3058 1105 3119 καί
1117 3058 1190 3138 ἐρεῖς
1201 3051 1280 3139 πρὸς
1293 3053 1412 3129 αὐτους.

162 3161 218 3201 σαν
235 3135 291 3219 τήν
306 3142 370 3218 γῆν.
398 3140 426 3180 ¹⁰
439 3136 507 3202 ανθ’
529 3131 572 3202 ῶν
588 3139 627 3203 τὰ
644 3137 768 3203 δικαιοί-
807 3133 875 3202 τάδε
888 3138 961 3215 λέγει
974 3134 1083 3223 κύριος.
1097 3142 1153 3212 ἕως
1163 3132 1274 3202 τούτου
1287 3135 1414 3224 παράρ-

160 3213 241 3299 ματά
251 3244 310 3300 μου
320 3216 492 3295 άπῶσαντο,
501 3223 552 3285 καὶ
564 3225 595 3286 έν
606 3231 670 3296 τοῖς
678 3247 769 3305 προς·
805 3217 892 3298 γιοάν
902 3246 936 3322 με
949 3229 978 3285 οῖ
990 3223 1116 3303 πατέρες
1134 3216 1217 3300 ὑμῶν
1229 3223 1263 3285 ἐν
1275 3234 1342 3296 τοῖς
1354 3248 1414 3287 πα·

162 3296 292 3385 τάγμασί
318 3326 377 3383 μου
411 3299 467 3368 σύν
503 3303 708 3388 ἐπορεύθησαν
738 3308 769 3369 έν
806 3327 1000 3387 ραπτωμασιν
1017 3298 1120 3366 αὐτῶν
1138 3305 1170 3364 ἐν
1183 3301 1227 3375 οἷς
1239 3309 1415 3389 παρέπεσον

162 3384 344 3462 αὐτοῖςκαὶ
365 3383 406 3451 τὰ
429 3382 567 3473 σύββατά
586 3413 644 3469 μου
667 3381 768 3475 ἐβεβή-
806 3391 843 3461 είς
862 3387 918 3467 ἐμέ.
943 3386 975 3427 ²⁸
987 3386 1037 3447 ναὶ
1060 3378 1212 3465 εἰσήγαγον
1234 3385 1356 3462 αύτούς
1376 3392 1415 3462 εἷς

161 3469 245 3546 λουν,
268 3471 320 3535 καὶ
346 3466 445 3535 ὀπίσω
471 3476 530 3535 τῶν
553 3467 767 3554 ἐνθυμημάτων
807 3466 858 3575 τήν
870 3474 924 3553 γῆν
938 3464 973 3550 ἣν
988 3455 1048 3559 Ιήρα
1060 3464 1115 3550 τήν
1132 3463 1214 3552 χεῖρά
1233 3495 1295 3550 μου
1309 3472 1414 3536 δοῦναι

161 3555 286 3637 παρδίας
310 3550 412 3618 αὐτῶν
437 3552 628 3640 ἐπορεύοντο.
664 3557 691 3598 ¹⁷
716 3555 767 3619 καί
805 3551 1025 3628 αυτ“ναύτοῖς.
1050 3555 1101 3616 καὶ
1113 3553 1177 3615 ἴδον
1189 3547 1294 3618 πάντα
1305 3553 1415 3657 ρλουνόν

161 3638 302 3717 ἐφείσατο
317 3631 509 3718 ὁόφθαλμός
517 3663 576 3720 μου
586 3636 631 3701 ἐπ’
646 3637 766 3714 αύτούς,
806 3581 937 3720 ὑψηλὸν,
962 3638 1013 3700 καί
1037 3638 1100 3699 πάν
1125 3632 1215 3710 ξύλον
1237 3661 1416 3714 κατασνιον,

160 3719 217 3780 τοῦ
229 3716 385 3801 ἐξαλεῖψαι
397 3716 519 3795 αύτούς,
531 3722 582 3784 καὶ
595 3717 652 3784 ούιι
666 3725 766 3805 ἐποίη·
804 3722 854 3784 καὶ
867 3723 980 3784 ἔθυσαν
992 3717 1053 3783 ἐκεῖ
1062 3729 1125 3792 τοῖς
1136 3729 1219 3792 θεοῖς
1232 3716 1345 3791 αὐτῶν,
1359 3722 1417 3784 καί

161 3822 202 3863 σα
215 3796 327 3873 αύτούς
340 3805 379 3874 είς
389 3802 556 3868 συντέλειαν
564 3808 595 3868 ἐν
607 3808 645 3887 τῆ
656 3803 765 3888 ἐρήμῳ.
803 3805 912 3879 έταξαν
925 3801 986 3866 ἐκεῖ
996 3826 1088 3886 οσμην
1101 3802 1235 3875 ευωδιας,
1248 3802 1301 3865 ιιαλ
1314 3803 1414 3867 έοπει-

160 3880 253 3944 12ιιαί
271 3881 343 3947 εἶπα
359 3883 436 3969 πρὸς
455 3884 495 3950 τά
512 3889 601 3953 τέκνα
618 3877 721 3954 άύτῶν
735 3891 766 3953 έν
803 3911 859 3952 σαν
874 3883 936 3951 ἐκεῖ
951 3885 1007 3960 τὰς
1026 3884 1159 3961 σπονδὰς
1175 3882 1287 3959 αὐτῶν,
1316 3885 1347 3928 ²⁹
1360 3890 1418 3952 καί

158 3957 320 4052 τῇἕρήμιρ.
346 3970 377 4029 ἐν
396 3979 460 4041 τοῖς
480 3974 612 4053 νομίμοις
628 3975 688 4034 τῶν
704 3996 765 4035 πα-
802 3967 887 4034 εἷπον
902 3964 980 4054 πρὸς
998 3966 1118 4044 αύτούς.
1150 3975 1182 4033 τί
1198 3965 1277 4032 ἔστιν
1295 3964 1417 4051 άβαμδι,

158 4046 254 4129 τέρων
268 4042 350 4126 ὑμῶν
357 4046 400 4149 μή
413 4048 592 4133 πορεύεσθε,
606 4053 708 4118 καὶτὰ
721 4055 765 4119 δι·
802 4048 849 4117 ότι
865 4048 942 4132 ὑμεῖς
962 4051 1163 4136 εέςπορεύεσθε
1176 4051 1247 4125 ένεῖ,·
1272 4051 1327 4113 καί
1341 4048 1416 4117 έπε-

158 4124 317 4207 ιιαιιύματα
329 4135 432 4194 αυτῶν
442 4135 482 4217 μή
496 4132 699 4215 φυλάσσεσθε,
713 4140 765 4202 καὶ
801 4131 925 4201 κάλεσαν
937 4132 973 4199 τὸ
987 4133 1084 4217 ὄνομα
1099 4134 1192 4200 αὐτού
1203 4132 1333 4219 Ἀβαμὰ,
1354 4140 1415 4211 ἕως

158 4214 190 4274 ἐν
202 4219 267 4284 τοῖς
279 4208 503 4293 ἐπιτηδεύμασιν
522 4215 624 4284 αὐτῶν
640 4217 681 4302 μή
695 4217 764 4283 συν-
801 4223 854 4303 τῆς
864 4214 987 4304 σήμερον
996 4218 1114 4302 ἡμέρας.
1125 4214 1210 4283 30διὰ
1219 4220 1314 4281 τοῦτο
1324 4218 1416 4284 είπόν

156 4299 368 4377 αναμίσγεσθε,
381 4296 484 4380 καὶμὴ
496 4304 655 4380 μιαίνεσθε.
669 4301 764 4380 29έγιό
801 4303 878 4384 πρὸς
889 4304 942 4368 τὸν
951 4301 1034 4367 οἶνον
1043 4306 1102 4367 τοῦ
1110 4295 1243 4386 Ἰσραήλ
1253 4296 1325 4365 τάδε
1334 4300 1416 4380 λέγει

155 4372 255 4464 κύριος
268 4373 286 4443 ὀ
300 4374 372 4453 θεὸς
385 4375 475 4482 ὑμῶν.
492 4382 524 4444 έν
536 4392 600 4456 τοῖς
611 4384 764 4466 προςτάγ-
802 4387 911 4470 κύριος.
931 4391 957 4451 εἰ
971 4383 1001 4450 ἐν
1015 4396 1082 4458 ταῖς
1094 4383 1230 4465 άνομιάις
1243 4388 1303 4448 τῶν
1312 4392 1416 4453 πατέ-

152 4466 230 4538 μασί
238 4487 296 4547 μου
313 4471 482 4550 πορεύεσθε
486 4511 497 4542 ,
522 4463 573 4528 καί
591 4462 630 4531 τά
644 4466 766 4534 δααιιύ-
801 4494 861 4555 ρων
875 4465 957 4553 ύμῶν
968 4465 1047 4552 ὑμεῖς
1056 4474 1225 4552 μιαίνεσθε,
1242 4469 1295 4533 ναί
1307 4466 1415 4537 ὀπίσω

1348 4579 1414 4622 των
