2924 4972
121 229 188 296 800
437 221 474 280 Η
481 218 551 280 ΣΑ
565 220 621 281 [A
634 223 666 280 Σ
704 223 780 298 Κεφ.
793 214 844 300 με’.
856 213 913 298 μς’.
926 211 977 282 45.
991 215 1042 281 46.

116 337 197 423 πλήν
214 341 297 420 ἐμοῦ.
324 333 382 412 ἐγὼ
403 329 503 419 κύριος
521 331 538 398 5
557 333 646 409 θεὸς,
672 334 723 396 καί
754 335 805 397 καὶ
829 329 955 415 ποιήσας
980 327 1091 412 αὐτήν,
1118 327 1209 404 αὐτὸς
1230 326 1364 435 διῶρισεν

117 420 172 487 οὐκ
186 424 265 485 ἔστιν
278 422 329 482 ἔτι.
356 415 443 494 7ίγοίν
465 412 483 480 5
499 415 723 490 κατασκευάσας
754 414 865 520 αὐτήν,
889 412 945 479 ούκ
964 418 1003 489 είς
1019 411 1100 477 κενόν
1113 417 1249 497 ἐποίησεν
1260 412 1366 516 αυτήν,

117 508 197 586 φῶς,
223 504 274 568 καί
291 495 422 583 πονήσας
442 494 563 575 σκότος,
588 495 723 564 ὃποιῶν
754 498 833 563 ἀλλα
862 508 1069 563 κατοικεῖσθαι
1099 497 1228 562 ἔπλασεν
1254 495 1364 580 αύτην.

117 582 247 670 ελρήνην,
260 584 528 686 ηαὶκτίζωνΙκακά.
551 580 609 659 ἐγὼ
622 578 723 667 κύριος
754 578 814 658 ἐγώ
840 585 896 665 εἶμι
920 577 1032 664 κύριος,
1058 582 1110 643 καὶ
1134 577 1190 643 οάκ
1209 583 1289 646 ἐστιν
1307 584 1354 645 ἔτι

122 668 130 688 .

118 667 222 743 οθεὸς
228 715 238 743 ,
259 670 388 731 οποιῶν
399 688 499 728 παντα
511 668 618 729 ταῦτα.
644 664 724 728 8εὐ·
753 663 849 729 19οὐκ
875 669 907 729 ἒν
931 668 1028 755 κρυφῇ
1053 657 1219 810 λελάληκα,
1245 661 1314 729 οὐδὲ
1332 668 1366 729 ἐν

117 748 285 836 φρανδήτω
300 749 317 813 5
332 746 461 833 οὐρανὸς
473 745 608 822 ἀνωθεν,
625 749 725 811 καλαί
755 743 842 831 τόπῳ
851 752 904 830 γής
914 750 1061 829 σκοτεινῷ.
1072 744 1148 810 οάκε
1160 773 1205 810 ιτα
1215 751 1259 831 τῷ
1268 749 1366 832 σπέρ-

117 834 234 915 νεφελαι
247 830 427 916 ῥανάτωοαν
439 824 632 913 δικαιοσύνην.
650 827 723 894 ἀνα·
754 826 960 916 ματιἸακῶβ,
980 824 1108 913 μάταιον
1120 826 1273 914 ζητήσατε.
1301 829 1365 909 ἐγώ

117 912 242 983 τειλάτω
254 911 272 999 ή
285 919 325 1016 γη”
332 964 341 990 ,
358 917 409 978 καί
420 911 617 999 βλαστησάτω
630 912 723 988 ἔλεος,
755 919 810 995 εἰμι
829 909 887 991 ε’γιύ
906 919 962 994 εἰμι
978 907 1079 997 κύριος
1096 910 1114 976 5
1128 912 1233 979 λαλῶν
1247 915 1366 978 δικαιο-

117 1000 368 1080 καὶδικαιοσυνην
380 991 564 1063 ἀνατειλάτω
577 992 647 1078 ἀμα.
664 991 723 1075 ἑγοό
756 995 858 1080 σύνην,
896 1001 948 1061 καὶ
985 993 1174 1073 ἀναγγέλλων
1207 995 1365 1100 ἀλήθειαν.

118 1089 172 1166 είμι
190 1078 290 1167 κύριος
308 1077 325 1145 5
338 1085 442 1155 κτίσας
455 1105 496 1144 σε.
526 1081 541 1122 ⁰
553 1092 642 1145 ποῖον
654 1080 724 1166 βὲλ-
755 1083 786 1125 ²⁰
799 1076 978 1164 συνάχθητε,
992 1081 1043 1144 καὶ
1054 1079 1145 1162 ἥκετε,
1157 1080 1368 1165 βουλευοασθε

118 1191 182 1232 τιον
193 1159 391 1230 κατεσκεύασα
399 1160 441 1237 ῶς
449 1158 547 1246 πηλόν
556 1167 706 1250 κεραμέως
712 1191 724 1242 ,·
755 1159 819 1246 ἀμα
845 1167 876 1227 οἱ
901 1161 1059 1246 σωζόμενοι
1085 1160 1150 1227 ἀπὸ
1170 1167 1233 1229 τῶν
1253 1168 1366 1230 ἐθνῶν.

116 1249 157 1336 μή
183 1246 201 1313 5
227 1247 375 1333 ἀροτριῶν
399 1242 570 1331 ἀροτριάσει
595 1245 651 1331 τήν
670 1250 725 1329 γῆν
756 1246 810 1312 ούκ
835 1250 969 1324 ἔγνωσαν
999 1251 1031 1310 οἱ
1055 1246 1187 1331 αἴροντες
1209 1244 1247 1312 τὸ
1275 1244 1367 1324 ξύλον

119 1330 192 1416 ὅλην
204 1329 260 1416 τήν
271 1329 383 1416 ἡμέραν
386 1359 398 1407 ,·
414 1329 458 1432 μή
472 1326 560 1414 ἕρεῖὸ
572 1327 669 1414 πηλὸς
680 1334 724 1411 τῷ
754 1326 873 1414 γλύμμα
892 1328 1007 1406 αὐτῶν,
1032 1330 1085 1394 καί
1097 1333 1129 1393 οἱ
1140 1329 1367 1414 προςευχόμενοι

118 1427 244 1501 κεραμεῖ,
258 1421 290 1479 τί
298 1425 391 1488 ποιεῖς
400 1412 448 1476 ὁτι
458 1412 512 1478 οὐκ
521 1411 641 1505 ἐργάζη,
655 1410 724 1477 ούδὲ
755 1411 833 1499 πρός
856 1410 963 1488 θεοὺς,
988 1419 1020 1477 οἳ
1042 1410 1079 1476 ού
1105 1412 1261 1489 σώζουσιν.
1300 1417 1328 1457 ²¹
1342 1419 1368 1480 ελ

123 1503 141 1524 ”
151 1524 188 1574 εις
204 1509 300 1583 χεῖρας
304 1525 316 1574 ,·
343 1499 371 1539 ¹⁰
384 1494 422 1578 μή
442 1492 674 1581 ἀποκριθήσεται
687 1495 724 1560 τὸ
757 1495 976 1601 ἀναγχελοῦσιν,
993 1493 1209 1574 ἐγγισάτωσαν,
1222 1503 1272 1561 ἵνα
1284 1503 1366 1576 γνῶ-

117 1525 244 1664 νετλάσμα
260 1577 336 1666 πρὸς
347 1576 401 1643 τόν
412 1575 574 1644 πλάσαντα
587 1575 661 1644 αύτό
669 1608 681 1659 ,·
706 1576 724 1643 ὁ
756 1606 804 1646 σιν
817 1580 895 1663 ἅμα,
921 1584 965 1655 τίς
982 1576 1115 1644 ἀκουστά
1132 1581 1253 1683 ἐποίησε
1264 1587 1364 1647 ταῦτα

119 1665 214 1741 λέγων
225 1667 270 1746 τῷ
282 1663 386 1747 πατρί,
399 1666 431 1726 τί
440 1659 599 1746 γεννήσειςς
623 1665 674 1728 καί
686 1667 723 1754 τῇ
755 1662 806 1728 ἀπ’
822 1663 921 1749 ἀρχῆς.
949 1659 1017 1728 τότε
1035 1661 1179 1746 ἀνηγγελη
1198 1677 1276 1746 υμῖν.
1304 1662 1364 1744 ἐγὼ

118 1749 220 1832 μητρί,
245 1751 277 1811 τί
294 1743 421 1825 ἀδίνειςς
446 1741 532 1810 11ότι
550 1742 632 1810 ούτον
650 1745 724 1823 λέγει
756 1744 878 1821 δθεὸς,
904 1748 957 1811 καὶ
982 1746 1036 1811 οὐκ
1062 1750 1142 1811 ἔστιν
1167 1746 1260 1822 ἀλλος
1283 1749 1366 1831 πλήν

118 1831 218 1917 κύριος
228 1831 246 1894 5
256 1827 328 1904 θεὸς
338 1826 356 1892 5
367 1824 450 1907 ἀγιος
458 1827 592 1915 Ἰσραήλ,
605 1826 622 1894 5
633 1825 724 1913 ποιή-
756 1833 836 1914 ἐμοῦ.
848 1832 962 1905 δίκαιος
972 1832 1023 1894 καὶ
1031 1829 1204 1915 σωτήρ,ούκ
1213 1834 1274 1895 ἔστι
1283 1827 1363 1917 πάρ·

120 1941 175 1989 σας
186 1912 225 1979 τά
235 1909 421 1997 ἐπερχόμενα.
435 1909 607 1997 ἐρωτήσατέ
616 1938 649 1994 με
657 1914 724 1997 περὶ
756 1917 785 1991 εξ
798 1918 879 1997 ἐμοῦ.
905 1916 936 1954 ²²
948 1910 1146 1998 ἐπιστράφητε
1160 1914 1205 1979 ἐπ’
1218 1913 1283 1997 ἐμὲ,
1311 1917 1366 1980 καλ

118 2003 179 2064 τῶν
205 2001 277 2060 υἱῶν
292 2021 366 2076 μου,
391 1997 526 2079 καὶπερὶ
542 2000 605 2061 τῶν
628 2000 724 2079 ε”ργων
757 1993 950 2081 σωθήσεσθε,
976 2023 1007 2062 οι
1023 2024 1068 2061 απ
1090 1993 1216 2102 εσχάτου
1234 2002 1286 2082 τής
1299 2003 1363 2082 γής.

118 2085 179 2147 τῶν
190 2083 294 2165 χειρῶν
306 2102 365 2161 μου
378 2078 551 2143 ἕντειλασθέ
560 2105 619 2161 μοι.
633 2083 660 2120 ¹²
666 2077 724 2157 ἐγώ
757 2076 815 2158 ἒγιύ
828 2085 884 2184 είμι
898 2076 916 2145 5
929 2077 1016 2155 θεὸς,
1036 2081 1087 2145 καί
1098 2106 1153 2145 ουκ
1168 2086 1248 2147 ἔστιν
1260 2082 1364 2157 ἀλλος.

119 2167 247 2248 ἐποίησα
271 2166 326 2244 γῆν
350 2163 401 2226 καί
416 2160 584 2247 ἄνθρωπον
601 2159 646 2226 ἐπ’
668 2160 721 2226 αύ-
756 2166 785 2206 ²³
799 2189 856 2228 κατ
878 2166 1011 2248 ἐμαυτοῦ
1025 2161 1142 2246 ὀμνύω,
1163 2170 1188 2228 εί
1199 2165 1238 2247 μή
1254 2166 1366 2243 ἐξελεύ-

118 2253 187 2352 τής,
213 2236 272 2324 ἐγά
290 2248 326 2338 τῇ
343 2251 416 2331 χειρί
426 2270 483 2329 μου
497 2248 662 2330 ἐστερέωσα
673 2241 725 2310 τὸν
756 2272 839 2312 σεται
857 2251 890 2312 ἐκ
907 2252 963 2312 τοῦ
981 2243 1131 2330 στόματός
1142 2274 1199 2330 μου
1212 2249 1366 2315 δικαιοσύ-

120 2357 157 2396 ου
177 2328 262 2407 ανὸν,
287 2326 345 2406 ἐγὼ
362 2333 437 2395 πᾶσι
450 2338 513 2402 τοῖς
531 2328 653 2412 ἀστροις
666 2331 724 2394 ἐνε-
756 2357 805 2414 νη,
828 2336 859 2396 02
872 2328 958 2408 λόγοι
970 2358 1030 2415 μου
1042 2331 1098 2397 ούκ
1110 2329 1363 2417 ἀποστραφήσον-

117 2357 264 2497 τειλάμην.
302 2414 329 2454 ¹³
344 2411 402 2490 ἐγὼ
420 2411 522 2498 ἤγειρα
540 2410 634 2477 αὐτὸν
650 2413 724 2496 μετὰ
754 2439 814 2478 τοι.
841 2411 889 2480 ὅτι
906 2416 971 2496 ἐμοὶ
988 2411 1100 2500 κάμψει
1116 2420 1180 2480 πᾶν
1194 2413 1285 2493 γόνυ,
1312 2417 1365 2480 καί

117 2491 303 2579 δικαιοσύνης
327 2495 466 2602 βασιλέα,
493 2500 544 2559 καὶ
567 2500 665 2560 πάσαι
692 2501 723 2561 αἱ
755 2495 870 2580 ὀμεῖται
882 2503 968 2563 πάσα
979 2499 1101 2576 γλῶσσα
1110 2497 1164 2560 τὸν
1173 2497 1258 2573 θεὸν,
1273 2498 1364 2562 24λε’-

118 2578 185 2647 δδοί
200 2577 295 2645 αὐτοῦ
308 2590 430 2644 ευθεῐαι.
458 2571 547 2653 οὗτος
565 2575 723 2662 οἰκοδομή·
753 2606 824 2658 γων.
846 2578 1014 2666 δικαιοσύνη
1027 2583 1076 2645 καί
1088 2577 1161 2654 δόξα
1171 2577 1248 2663 πρός
1262 2579 1365 2645 αὐτὸν

118 2692 160 2731 σει
173 2662 226 2747 τήν
239 2658 327 2728 πόλιν
340 2690 412 2747 μου,
438 2666 489 2726 καί
501 2660 556 2746 τήν
572 2663 722 2747 αἰχμαλω·
754 2661 830 2750 ἥξει,
856 2668 909 2729 καί
934 2659 1183 2750 αἰσχυνθήσονται
1198 2657 1309 2738 πάντες
1330 2670 1365 2728 οἱ

119 2755 185 2812 τίαν
194 2750 247 2809 τοῦ
257 2747 335 2810 λαοῦ
343 2772 403 2829 μου
414 2749 593 2830 ἐπιστρέφει,
604 2745 639 2809 οὐ
649 2743 722 2828 μετὰ
753 2752 929 2835 διορίζοντες
942 2744 1061 2825 αύτούς.
1084 2748 1113 2792 ²⁵
1124 2744 1187 2811 ἀπὸ
1199 2752 1303 2828 κυρίου
1318 2749 1365 2812 δι-

115 2827 247 2916 λύτρων,
273 2826 342 2892 οὐδὲ
360 2826 434 2912 μετά
448 2825 570 2913 δώρων,
597 2828 658 2893 εἷπε
670 2825 721 2893 κύ·
753 2829 993 2917 καιωθήσονται,
1019 2834 1070 2897 καὶ
1086 2834 1116 2897 ἰν
1133 2835 1177 2914 τῷ
1194 2836 1258 2913 θεῷ
1277 2833 1363 2897 ε’νδο·

114 2938 177 2997 ριος
204 2907 342 2998 σαβαώθ.
381 2906 505 2975 14οὕτω
527 2911 602 2989 λέγει
624 2908 721 2997 κύριος
752 2913 935 3018 ξασδήσεται
952 2921 1015 2980 πᾶν
1029 2914 1064 2981 τὸ
1079 2918 1198 3001 σπέρμα
1212 2919 1274 2979 τῶν
1287 2920 1361 2981 υἱῶν

114 2991 253 3081 σαβαῶθ.
290 2998 446 3059 ἐκοπίασεν
470 2996 644 3072 Αἴγυπτος,
670 2999 721 3060 καὶ
749 2996 881 3083 Ἰσραήλ.

113 3081 241 3163 ἐμπορία
259 3079 440 3151 Αἰθιόπων,
465 3081 516 3142 καὶ
540 3082 571 3141 05
586 3083 720 3164 Σαβαεὶμ
782 3089 807 3118 ⁹'
934 3089 967 3147 K
979 3089 1008 3145 Ε
1019 3086 1057 3144 (ί).
1101 3078 1180 3156 Μς’.

112 3159 216 3246 ἀνδρες
230 3156 342 3242 ὑψηλοί
355 3163 405 3223 ἐπὶ
416 3161 446 3223 σὲ
457 3157 658 3246 διαβήσονται,
669 3165 720 3228 καί
752 3132 875 3230 Επεσε
888 3165 969 3247 Βήλ,
984 3169 1137 3250 συνετρίβη
1151 3162 1271 3251 Ναβώ,
1298 3157 1362 3243 ε’γὲ-

112 3245 163 3310 σοὶ
188 3247 309 3307 ε’ίτονται
334 3242 452 3318 δοῦλοι,
478 3246 529 3307 καί
547 3242 647 3310 ὀπίσω
665 3273 719 3312 σου
753 3273 817 3313 νετο
830 3247 868 3311 τά
879 3247 997 3325 γλυπτά
1010 3246 1111 3311 αὐτῶν
1124 3252 1164 3321 είς
1176 3255 1288 3332 θηρία,
1312 3251 1361 3314 καί

112 3320 357 3410 ἀκολουθήσουσι
370 3327 513 3410 δεδεμένοι
526 3331 718 3414 χειροπίδαις,
753 3329 791 3396 τά
808 3327 904 3414 κτήνη.
931 3330 1025 3413 αἴρετε
1043 3326 1124 3392 αὐτὰ
1146 3333 1361 3415 καταδεδεμίνα

111 3413 165 3476 καὶ
183 3409 374 3497 διαβήσονται
390 3411 467 3497 πρὸς
485 3410 533 3487 σὲ,
559 3417 611 3476 καὶ
626 3440 718 3497 προς·
752 3412 792 3491 ὡς
817 3419 942 3500 φορτίον
966 3415 1108 3477 κοπιῶντι
1137 3413 1359 3500 2ἐκλελυμένην,

111 3491 273 3579 κυνήσουσί
285 3521 346 3569 σοι,
372 3498 423 3559 καὶ
440 3499 471 3559 ἐν
482 3499 531 3560 σοί
542 3493 718 3582 προςεύξον-
750 3500 801 3563 καί
813 3503 959 3574 πεινῶντι,
973 3495 1028 3562 οὐκ
1042 3492 1172 3580 ἰσχύοντι
1186 3493 1259 3581 ἅμα,
1277 3507 1311 3564 οἳ
1321 3496 1360 3564 οὗ

110 3602 169 3640 ται.
196 3574 242 3639 ὅτι
257 3581 288 3639 ἰν
305 3580 355 3641 σοί
373 3576 390 3643 5
408 3575 479 3652 θεός
496 3583 572 3652 ἔστι,
598 3584 650 3645 καὶ
663 3579 717 3646 ούκ
749 3579 926 3668 δυνήσονται
956 3584 1089 3663 σωδήναι
1121 3577 1184 3646 ἀπὸ
1210 3583 1358 3665 πολέμου,

110 3661 173 3723 ἔστι
186 3660 259 3731 θεὸς
270 3659 349 3743 πλήν
361 3665 425 3726 σοῦ.
445 3659 514 3725 15σύ
527 3661 586 3745 γάρ
599 3662 715 3739 εἶθεὸς,
749 3667 838 3731 αὐτοὶ
847 3667 879 3731 δὲ
890 3663 1073 3749 αἰχμάλωτοι
1082 3661 1358 3769 ήχθησαν.3ἀκούε·

109 3737 228 3804 καὶούκ
245 3740 373 3823 ἥδειμεν,
402 3741 578 3819 ὁθεὸςτοῦ
594 3745 716 3831 Ἰσραήλ
748 3752 784 3813 τέ
806 3775 864 3833 μου
893 3750 975 3824 οἶκος
997 3753 1053 3813 τοῦ
1075 3746 1198 3831 Ἰακωβ,
1223 3746 1275 3808 καί
1291 3751 1357 3809 αᾶα

110 3819 220 3923 σωτήρ.
243 3811 534 3922 ίθαῑρχυνθήσονται
548 3832 598 3894 καὶ
610 3834 715 3916 ἐντρα-
748 3833 783 3896 τὸ
806 3830 995 3898 κατάλοιπον
1016 3836 1073 3897 τοῦ
1093 3826 1228 3913 Ἰσραήλ,
1254 3830 1286 3891 οἶ
1306 3833 1357 3892 αλ-

107 3930 257 3987 πησονται
275 3933 384 3981 παντες
400 3913 432 3973 οἱ
455 3909 639 3994 ἀντικείμενοι
658 3912 714 3978 ab-
747 3912 864 4001 ρόμενοι
882 3922 915 3981 εἰι
932 3917 1058 3993 κοιλίας,
1084 3915 1134 3979 καὶ
1150 3911 1358 3993 παιδευόμενοι

106 3992 165 4070 τῷ,
192 3991 243 4051 καὶ
255 3985 458 4073 πορεύσονται
471 3997 502 4058 ἐν
515 3992 641 4086 αἰσχύνη.
664 4002 714 4073 ἐγ·
746 4003 778 4063 ἐκ
791 4002 913 4065 παιδίου
939 4001 1023 4074 4ε”ως
1034 3996 1139 4084 γήρως.
1153 3992 1211 4074 ε’γιό
1225 4000 1292 4080 εἶμι,
1305 3998 1359 4062 καί

106 4072 268 4172 αααῖζέαίζέ
285 4071 362 4170 αρός
379 4072 523 4158 μὲαῆσοι.
552 4080 580 4119 ¹⁷
591 4076 713 4163 Ἰσραήλ
747 4079 1107 4169 ίωςάνκαταγηράσητε,
1126 4076 1270 4163 ε’γιόείμι,
1298 4075 1357 4158 ἐγὼ

105 4156 226 4254 οωζεται
240 4179 300 4216 υπο
314 4163 416 4255 μυρίον
426 4166 573 4239 σωτηρίαν
581 4159 711 4230 αἰώνιον.
746 4165 887 4270 ἀνεχομαι
900 4163 993 4249 ἀμῶν,
1006 4166 1066 4243 ἐγὼ
1078 4169 1216 4250 ἐποίησα,
1233 4166 1286 4228 καὶ
1298 4161 1357 4241 ε’γά

104 4259 159 4298 ααα
177 4241 442 4321 αἷακααθαιαααῐαε,
471 4240 711 4330 οὖόἒμήέντρα-
745 4248 860 4333 ἀνήσω,
887 4248 946 4328 ἐγώ
966 4248 1176 4333 ἀναλήψομαι,
1202 4251 1254 4312 καὶ
1267 4243 1357 4313 σώσω

102 4323 201 4383 παῖσα
218 4325 274 4424 ξας
292 4324 349 4423 ταῦ
362 4325 470 4420 αῖῶαος
483 4327 535 4387 ἔτι.
574 4325 711 4407 18οὕτως
745 4331 827 4417 ὑμᾶς.
855 4336 868 4377 ⁵
882 4341 937 4398 τίνι
949 4359 983 4415 με
997 4330 1173 4417 ὡμοιιύσατε
1177 4361 1189 4409 ,·
1211 4334 1297 4407 ἴδετε,
1311 4356 1358 4397 τε-

100 4401 176 4507 λέγει
199 4431 306 4507 κυριοςι
322 4429 339 4468 ο
357 4429 483 4485 ποιήσας
502 4406 554 4471 τὸα
571 4408 709 4496 οὐρανὸν,
741 4413 896 4500 χνάσασθε
922 4422 953 4481 οῖ
974 4413 1174 4498 πλανεύμενοι,
1203 4417 1264 4480 6οῖ
1284 4443 1359 4482 συα-

100 4510 189 4565 ααῐας
215 4515 232 4555 ⁰
254 4500 326 4564 θεας
344 4487 361 4554 ὅ
382 4490 555 4570 ααῖαόἕῖξας
572 4491 625 4578 ῐίια
640 4502 708 4585 γήν,
740 4498 918 4586 βαλλόμενοι
942 4506 1063 4587 χρυσίον
1088 4503 1121 4564 ἐκ
1144 4505 1359 4604 μοιρσυντπίου,ι

1308 4611 1358 4650 και
