2924 4972
275 227 435 294 ΣΟΦΙΑ
457 229 721 292 ΣΑΛΩΜΩΝ
759 232 835 306 Κεφ.
849 224 900 291 ιδ’.
915 223 957 290 ιε’.
974 221 1024 292 14.
1040 228 1091 292 15.
1248 227 1309 294 681

79 409 85 415 .
256 359 331 419 ΚΕ
342 360 380 418 Φ.
424 347 492 417 1A‘.
708 349 831 418 ἀπόντα
849 350 1038 438 ᾠςπαρόντα
1055 352 1316 421 κσλακεύωσινδιά

70 407 197 504 Πλοῦν
217 463 261 512 τις
277 434 368 503 πάλιν
393 431 599 517 στελλόμενος,
625 435 677 500 καί
707 441 760 518 τῆς
779 436 918 520 σπουδῆς.
944 439 974 481 ¹⁸
986 444 1024 513 είς
1042 442 1176 505 ἐπίτασιν
1194 437 1227 504 δέ
1238 449 1317 526 θρη-

69 523 160 607 ιίγρια
175 521 290 604 μελλων
308 513 446 585 διοδεύειν
458 513 594 603 κύματα,
619 522 675 582 τοῦ
709 523 806 593 σκείας
822 519 875 583 καί
885 517 956 594 τούς
968 519 1153 600 ἀγνοοῦντας
1165 520 1184 606 ῆ
1197 528 1255 588 τοῦ
1268 547 1317 588 τε·

70 610 213 689 φέροντος
238 601 332 669 αὐτόν
357 601 467 668 πλοίου
490 596 677 705 σαθρότερον
707 607 808 686 χνίτου
825 605 1036 687 προετρέψατο
1060 603 1224 687 φιλοτιμία.
1252 601 1315 670 19ό

69 687 159 767 ξύλον
170 690 336 773 ἐπιβοᾶται.
349 688 463 750 2ἐκεῖνο
472 684 525 766 μὲν
538 709 597 767 γαρ
610 683 676 770 όρε-
707 683 832 771 μὲνγὰρ
844 680 923 769 τάχα
939 690 984 768 τῷ
998 692 1156 772 κρατοῦντι
1172 681 1315 775 βουλόμε-

68 775 112 848 ξις
135 774 292 856 πορισμῶν
315 768 468 852 ἐπενόησε,
494 770 620 852 τεχνίτης
644 765 676 831 δὲ
708 792 761 842 νος
783 766 887 852 ἀρέσαι
904 762 1071 854 ἐξεβιάσατο
1095 775 1135 863 τῆ
1155 774 1242 895 τέχνη
1260 765 1316 834 τ“ν

69 859 161 937 σοφίᾳ
179 852 395 919 κατεσκεύασεν.
421 849 513 935 3ἡδὲ
531 850 567 933 σῆ
580 845 675 934 πάτερ
708 847 872 934 ὁμοιότητα
893 853 944 917 ἐπί
960 849 998 915 τό
1015 848 1144 918 κάλλιον.
1198 797 1316 917 0’τόόό

69 939 247 1039 διακυβερνᾷ
261 964 286 1002 π
306 935 407 1010 όνοια,
433 931 481 1000 ότι
498 935 609 1009 ἔδωκας
627 935 678 999 καί
707 935 826 1018 πλῆθος
838 930 1029 1016 ἐφελκόμενον
1040 931 1091 1000 διά
1102 934 1140 1000 τό
1150 934 1250 1021 εύχαρι
1263 940 1316 1019 τῆς

70 1024 100 1085 ἐν
114 1021 254 1102 θαλασση
268 962 337 1085 όόὸν
349 1020 401 1082 καί
414 1019 445 1081 ἐν
456 1012 564 1100 κύμασι
574 1019 677 1103 τρίβον
709 1022 864 1100 ἐργασίας,
888 1017 944 1084 τόν
959 1017 1022 1101 πρὸ
1035 1016 1139 1094 ὀλίγον
1152 1023 1315 1101 τιμηθέντα

69 1103 202 1205 ἀσφαλῆ.
220 1092 350 1176 4’δεικνύς
363 1097 677 1166 ότιδύνασοιέκπαν-
708 1101 876 1185 ἄνθρωπον
900 1105 955 1166 νῦν
976 1103 1109 1188 σέβασμα
1131 1099 1314 1177 ἐλογίσαντο.

68 1185 121 1260 τός
146 1188 261 1260 σωζειν,
285 1189 335 1248 ’ίνα
355 1181 412 1265 κᾷν
431 1180 499 1247 ἀνευ
516 1185 616 1268 τέχνης
633 1208 677 1258 τις
708 1187 735 1227 ²¹
749 1187 800 1248 καί
816 1187 908 1247 τοῦτο
927 1186 1043 1261 ἐγένετο
1055 1189 1101 1266 τῷ
1117 1187 1175 1270 βίῳ
1194 1187 1234 1257 είς
1254 1185 1314 1249 ένε·

69 1271 166 1357 ἐπιβῇ.
204 1266 329 1341 ὅθελεις
346 1264 379 1331 δὲ
395 1263 435 1349 μῆ
453 1264 534 1351 ἀργά
551 1265 625 1331 εἶναι
638 1265 676 1330 τά
707 1267 789 1352 δρον,
807 1262 854 1329 ότι
866 1263 886 1350 ῆ
899 1270 1038 1352 συμφορᾷ
1051 1265 1068 1351 ῆ
1081 1267 1230 1370 τυραννίδι
1242 1266 1316 1332 δου-

69 1355 122 1432 τῆς
142 1354 248 1430 σοφίας
268 1375 323 1414 σου
340 1352 429 1434 ἔργα,
454 1347 504 1414 διά
521 1353 613 1414 τοῦτο
626 1350 678 1413 καί
708 1346 861 1424 λεύσαντες
883 1346 1046 1435 ἀνθρωπσι
1063 1349 1099 1414 τὸ
1117 1343 1315 1433 ακοινῶνητον

70 1435 215 1517 ἐλαχίστῳ
228 1427 308 1516 ξύλῳ
320 1429 505 1498 πιστεύουσιν
518 1431 677 1518 ἄνθρωποι
708 1431 804 1515 ὄνομα
829 1431 927 1507 λίθοις
946 1433 998 1498 καί
1014 1430 1112 1509 ξύλοις
1128 1435 1314 1517 περιέθεσαν.

70 1513 178 1600 ψυχάς,
190 1517 241 1580 καί
254 1513 417 1591 διελθόντες
429 1511 567 1581 κλύδωνα
580 1516 676 1599 σχεδίᾳ
708 1519 738 1558 ²²
750 1513 799 1581 εἶτ’
815 1513 871 1581 οῦκ
888 1514 990 1602 ἢρκεσε
1003 1513 1039 1580 τό
1057 1515 1272 1582 πλανῶσθαιπ
1304 1517 1316 1580 ί

70 1595 267 1684 διεσώθησαν.
293 1600 374 1664 6καί
391 1599 482 1685 ἀρχῆς
502 1597 559 1684 γάρ
579 1596 677 1663 ἀπσλ-
708 1599 762 1682 τῆν
775 1602 832 1664 τοῦ
843 1603 919 1664 θεοῦ
929 1604 1049 1676 γνῶσιν,
1068 1597 1147 1664 ἀλλά
1161 1600 1213 1663 καί
1221 1539 1314 1704 μεγά-

70 1685 200 1764 λυμίνιον
211 1679 411 1766 ὑπερηφάνων
422 1677 677 1766 γιγάντων,ῆέλ-
708 1682 751 1766 λῳ
774 1685 878 1759 ζῶντες
899 1681 1023 1760 ἀγνοίας
1044 1683 1169 1767 πολέμῳ
1193 1708 1234 1748 τα
1261 1707 1314 1748 το-

68 1768 120 1841 πίς
138 1768 197 1830 τοῦ
213 1761 327 1849 κόσμου
339 1768 388 1830 ἐπὶ
408 1768 521 1850 σχεδίας
538 1789 677 1846 καταφυ-
709 1769 807 1831 σαῦτα
818 1766 897 1831 κακά
911 1760 1312 1872 είρῆνηνπροςαγορεῦσυσεν.

68 1854 167 1928 γοῦσα
188 1846 335 1914 ἀπέλιπεν
352 1853 437 1914 αἰῶνι
456 1850 575 1933 σπέρμα
593 1850 676 1927 γενέ·
708 1846 761 1934 23ῆ
773 1847 1033 1934 γόρτεκνοφόνσυς
1044 1847 1161 1924 τελετάς
1172 1877 1191 1934 η
1202 1844 1314 1934 κρύφια

69 1958 142 2007 σεως
159 1935 198 2014 τῆ
210 1937 249 2035 σῆ
265 1937 481 2018 κυβερνηθείσα
494 1936 572 2017 χειρί.
599 1932 614 1974 ⁷
627 1928 676 1996 εό-
706 1929 852 2017 μυστήρια
868 1931 888 2017 ἢ
901 1937 1030 2015 ἐμμανεῖς
1041 1934 1072 2008 ἐξ
1084 1930 1184 1997 ἀλλων
1195 1935 1314 2015 θεσμῶν

69 2001 194 2100 λόγητάι
211 2042 270 2098 γαρ
289 2011 378 2093 ξύλον
395 2013 429 2081 δι’
449 2008 488 2081 οῦ
500 2021 612 2094 γίνεται
631 2015 675 2082 δι-
707 2010 822 2098 κῶμους
840 2015 977 2094 ἀγοντες,
1007 2016 1039 2058 ²⁴
1052 2014 1122 2081 οότε
1139 2020 1222 2102 βίους
1244 2012 1314 2080 οῦτε

69 2093 221 2182 καιοσύνη.
248 2096 312 2163 θτό
332 2103 542 2185 χειροποίητον
559 2096 592 2163 δέ
609 2103 675 2165 ε’πι-
707 2095 820 2181 γάμους
843 2099 1001 2187 καθαρούς
1030 2102 1074 2165 ἔτι
1101 2095 1313 2181 φυλάσσουσιν,

69 2177 239 2265 κατάρατον
251 2178 330 2247 αῦτό
347 2183 399 2246 καί
416 2179 575 2284 όποιῆσας
587 2177 674 2258 αῦτό,
708 2188 807 2266 ἕτερος
825 2180 854 2246 δ’
870 2187 973 2268 ἕτερον
987 2181 1007 2264 ἢ
1026 2181 1124 2265 λοχῶν
1141 2180 1268 2266 ἀναιρεῖ,
1297 2178 1312 2202 ”

70 2261 118 2328 ότι
138 2266 155 2328 ό
173 2263 227 2345 μὲν
244 2260 406 2349 εἰργάζετο,
431 2261 468 2327 τό
486 2263 519 2326 δε
536 2261 676 2346 φθαρτόν
709 2260 844 2329 νυθεύων
860 2261 962 2345 όδυνηῖ.
999 2266 1029 2307 ²⁶
1041 2259 1157 2337 πάντας
1174 2263 1202 2328 δ’
1218 2209 1314 2344 έπίμιξ

68 2347 142 2421 θεός
155 2345 328 2426 ὠνομάσθη.
351 2346 367 2387 ⁹
381 2348 413 2408 ἐν
426 2345 481 2424 ἴσῳ
492 2344 552 2426 γάρ
565 2343 674 2427 μισητά
709 2351 762 2429 ἔχει
776 2344 850 2426 αίμα
861 2346 913 2408 καί
925 2341 1025 2426 φόνος,
1042 2340 1138 2428 κλοπὴ
1151 2346 1202 2408 καί
1214 2340 1313 2420 δόλος,

69 2433 133 2510 θεῷ
150 2430 200 2490 καί
218 2423 365 2510 όάσεβῶν
384 2427 435 2490 καί
450 2425 469 2508 ἡ
484 2424 605 2511 ἀσέβεια
618 2423 674 2490 αῦ-
708 2424 829 2511 φθορά,
854 2425 996 2502 ἀπιστία,
1014 2424 1139 2510 ταραχῆ,
1166 2430 1313 2512 ἐπιορκία,

69 2515 134 2574 τοῦ.
173 2511 202 2552 ¹⁰
214 2509 266 2573 καί
283 2505 339 2591 γάρ
358 2508 394 2573 τό
412 2507 548 2593 πραχθὲν
566 2509 619 2572 σῦν
630 2511 675 2591 τῷ
707 2504 839 2595 θόρυβος
852 2507 991 2587 ἀγαθῶν,
1007 2505 1161 2594 26χάριτος
1174 2507 1313 2593 ἀμνησία,

69 2588 214 2675 δράσαντι
226 2587 458 2674 κολασθήσεται.
482 2587 569 2657 11διότ
582 2595 675 2655 τοῦτο
709 2596 813 2677 ψυχῶν
834 2589 977 2694 μιασμός,
1000 2593 1138 2669 γενέσεως
1156 2590 1313 2678 ἐναλλαγῆ,

69 2677 121 2741 καί
130 2678 163 2740 ἐν
173 2670 303 2750 είδοόλοις
315 2678 415 2740 ἐθνῶν
425 2671 571 2759 ἐπισκοπῆ
580 2677 675 2750 ἔσται,
707 2672 812 2777 γάμων
825 2676 950 2751 ατοξία,
975 2679 1090 2758 μοιχεία
1101 2678 1151 2740 καί
1165 2672 1313 2753 ἀσέλγεια.

71 2755 119 2823 ότι
133 2762 164 2823 ἐν
174 2763 309 2842 κτίσματι
318 2762 394 2823 θεοῦ
404 2761 442 2831 εἰς
448 2757 601 2906 ββελυγμα
614 2761 675 2835 ἐγε-
708 2760 762 2842 27η
776 2756 834 2843 γόιρ
847 2762 907 2822 τῶν
919 2755 1083 2843 ἀνωνύμων
1095 2753 1223 2823 είδῶλων
1233 2769 1314 2844 θρη-

69 2838 206 2926 νῆθησαν
221 2845 321 2917 καίείς
332 2836 447 2906 σκάνδα
499 2852 611 2926 ψυχαῖς
621 2838 676 2906 ἀν-
709 2847 790 2907 σκεία
812 2839 927 2917 παντός
950 2839 1026 2929 α’ρχῆ
1050 2847 1146 2908 κακοῦ
1163 2845 1214 2908 καί
1230 2847 1314 2908 αίτία

69 2924 208 3011 θριόπων
227 2926 278 2990 καί
296 2931 332 3000 είς
345 2925 459 3003 παγίδα
475 2927 565 2992 ποσίν
577 2919 676 3009 ἀφρό-
708 2928 760 2991 καὶ
777 2928 870 3012 πέρας
888 2928 976 2991 ἐστίν.
1003 2926 1033 2969 ²⁸
1045 2925 1065 3012 ἢ
1077 2927 1136 3012 γὰρ
1155 2921 1314 3009 εῦφραινό

68 3034 139 3075 νων.
178 3012 205 3052 ¹²
218 3006 294 3094 ἀρχίη
318 3005 377 3094 γάρ
403 3013 540 3094 πορνείας
559 3011 675 3074 ἐπίνοια
707 3035 788 3091 μενοι
796 3006 1235 3097 μεμῆνασιν,ῆπροφητεύουσιν
1243 3029 1314 3094 ψευ-

68 3089 213 3168 εἰδώλων,
250 3093 356 3178 εῦρεσις
381 3090 413 3157 δὲ
438 3091 541 3158 αὐτῶν
567 3090 675 3197 φθορά
708 3094 744 3175 δῆ
751 3144 759 3168 ,
776 3092 894 3176 ῆζῶσιν
906 3093 1023 3170 ἀδίκως,
1040 3093 1245 3179 ῆέπιορκοῦσι
1257 3118 1315 3158 τα-

69 3177 153 3259 ζωῆς.
176 3178 203 3218 ¹³
214 3174 283 3241 σότε
295 3175 354 3260 γὰρ
368 3163 406 3260 ῆν
419 3173 468 3241 ἀπ’
486 3173 526 3261 ἀρ
543 3179 586 3262 ῆς,
604 3176 674 3241 οῦτε
724 3180 787 3251 ἕως.
818 3178 850 3220 ²⁹
863 3172 991 3280 ἀψύχοις
1006 3176 1066 3264 γάρ
1082 3172 1262 3252 πεποιθότες
1273 3182 1314 3241 εί-

68 3263 108 3332 είς
120 3255 173 3325 τόν
186 3262 282 3325 αἰῶνα
295 3262 394 3334 ἐσται,
411 3258 440 3300 ¹⁴
451 3283 497 3324 κεν
534 3262 602 3342 οξίηι
615 3256 673 3346 γάρ
705 3203 814 3335 όιόλοις
827 3266 926 3336 κακῶς
938 3260 1114 3344 ομόσαντες,
1137 3259 1314 3345 ἀδικηθῆναι

69 3337 245 3426 ἀνθρώπων
270 3341 400 3427 είςῆλθεν
418 3346 456 3416 εἰς
473 3336 598 3424 κόσμον,
623 3344 674 3409 καί
708 3342 744 3409 οῦ
757 3343 868 3430 προςδέ
884 3369 976 3408 ονται.
999 3342 1064 3408 3οἀ
1087 3339 1199 3426 φότερα
1212 3341 1244 3407 δὲ
1256 3341 1312 3406 αύ-

68 3423 119 3490 διόι
132 3428 225 3489 τοῦτο
240 3423 383 3506 σύντομον
397 3423 497 3488 αὐτῶν
509 3426 595 3499 τέλος
607 3431 674 3491 ἐττε-
707 3424 778 3501 τούς
795 3370 991 3508 μετελεύσεται
1006 3423 1045 3489 τόι
1056 3373 1170 3498 δίκαια,
1196 3420 1243 3487 ότι
1258 3450 1314 3488 κα-

69 3503 176 3589 νοῆθη.
202 3507 229 3549 ¹⁵
243 3502 335 3589 ἀιόρῳ
348 3506 407 3590 γάρ
420 3509 522 3570 πένθει
535 3505 674 3591 τρυχόμε-
707 3513 766 3582 κῶς
778 3505 945 3592 ἐφρόνησαν
959 3509 1026 3590 περί
1043 3512 1119 3571 θεοῦ
1136 3502 1313 3590 προσχόντες

68 3616 120 3663 νος
137 3586 239 3671 πατῆρ
257 3594 313 3653 τοῦ
330 3593 442 3672 ταχέως
460 3586 675 3673 ἀφαιρεθέντος
707 3589 849 3667 είδῶλοις,
871 3590 922 3653 καί
935 3587 1042 3663 ἀδίκως
1055 3586 1176 3672 ὤμοσαν
1188 3590 1220 3651 ἐν
1231 3587 1312 3672 δόλῳ

68 3677 190 3745 τέκνου,
217 3666 316 3735 εἰκόνα
332 3671 461 3754 ποιῆσας
477 3670 533 3736 τόν
548 3668 616 3737 τότε
629 3697 675 3736 νε-
707 3667 982 3757 καταφρονῆσαντες
995 3669 1158 3755 ὁσιότητος.
1172 3670 1241 3735 31οὐ
1253 3669 1313 3776 γάρ

68 3756 143 3842 κρόν
156 3753 332 3838 ἀνθρωπον,
345 3759 397 3819 νῦν
411 3751 536 3829 ῶςθεόν
549 3757 674 3840 ἐτίμησε,
707 3754 725 3839 ῆ
751 3759 811 3819 τῶν
835 3753 1021 3840 όμνυομίνων
1045 3751 1182 3838 δύναμις,
1208 3752 1271 3820 ἀλλ’
1293 3782 1312 3839 η

68 3841 122 3906 καὶ
131 3839 285 3924 παρέδωκε
297 3848 359 3911 τοῖς
377 3834 551 3923 ὑποχειρίοις
562 3836 672 3924 μυστῆ-
706 3844 768 3904 τῶν
794 3833 1026 3924 ἁμαρτανόντων
1041 3840 1107 3921 δίκη
1131 3840 1313 3924 ἐπεξέρχεται

70 3950 122 4010 ρια
133 3925 185 3989 καί
197 3917 323 3995 τελετάς.
339 3919 436 3986 16εἶτα
450 3925 481 3987 ἐν
491 3918 588 4006 χρόνῳ
602 3949 674 4008 κρα-
707 3921 753 3987 ἀεί
764 3920 818 4006 τῆν
830 3927 892 3988 τῶν
905 3921 1014 3988 ἀδίκων
1025 3919 1203 4025 παράβασιν.

70 4006 182 4071 τυνθὲν
198 4002 234 4071 τό
248 4003 348 4093 ἀσεβές
361 4001 588 4090 έθοςῶςνόμος
601 4011 674 4089 ἐφυ-
888 4012 962 4070 ΚΕ
975 4011 1012 4070 Φ.
1057 4014 1124 4071 ΙΕ.

69 4085 180 4175 λάχθη,
191 4090 242 4154 καί
253 4085 404 4174 τυράννων
416 4091 571 4165 ἐπιταγαῖς
581 4094 675 4176 ἐθρη-
708 4055 775 4154 Σύ
789 4089 820 4155 δὲ
835 4087 935 4165 όθεός
945 4088 1027 4174 ἡμῶν
1038 4088 1166 4175 χρηστός
1178 4091 1229 4155 καί
1238 4087 1313 4172 ἀλη-

70 4168 186 4238 σκεύετο
199 4171 238 4238 τό
249 4169 377 4252 γλυπτά.
402 4174 429 4214 ¹⁷
443 4168 495 4248 οὓς
507 4176 538 4239 ἓν
551 4172 620 4259 όψει
633 4171 674 4258 μῆ
707 4173 779 4258 θέης,
792 4169 890 4278 μάκρ’
919 4199 991 4258 υμος
1003 4175 1053 4239 καί
1066 4178 1097 4239 ἐν
1108 4172 1179 4239 ἐλέει
1193 4174 1314 4239 διοικῶν

69 4253 222 4341 δυνάμενοι
235 4261 322 4340 τιμῆν
335 4253 495 4337 ἀνθρωπσι
508 4256 557 4322 διὰ
570 4258 605 4322 τό
615 4283 674 4339 μα-
708 4256 745 4322 τόι
757 4282 865 4323 παντα.
891 4258 971 4323 2καί
986 4257 1045 4345 γάρ
1058 4257 1110 4324 ἐὰν
1126 4254 1312 4340 άμάρτωμεν,

69 4336 147 4421 κράν
159 4345 258 4415 οἰκεῖν,
276 4337 331 4422 τῆν
343 4336 502 4425 πόρ’ῥωθεν
514 4337 586 4421 όψιν
598 4338 673 4405 ἀνα·
708 4346 757 4406 σοί
768 4345 858 4424 ἐσμεν,
872 4337 978 4417 είδότες
991 4368 1046 4407 σου
1060 4340 1097 4406 τό
1111 4336 1229 4425 κρότος.
1258 4338 1312 4424 οῦχ

71 4418 289 4504 τυπωσύμενσι,
314 4426 430 4507 ἐμφανῆ
448 4417 544 4487 εἰκόνα
560 4427 617 4487 τοῦ
630 4447 674 4487 τι·
707 4421 939 4509 ἁμαρτησόμεθα
952 4425 996 4501 δὲ,
1022 4422 1128 4496 εἰδότες
1142 4419 1187 4487 ότι
1202 4427 1252 4488 σοὶ
1264 4423 1311 4486 λι-

69 4506 204 4589 μωμίνσυ
217 4504 362 4589 βασιλέως
374 4507 534 4589 ἐποίησαν,
560 4510 610 4572 ἵνα
622 4504 675 4574 τόν
707 4506 881 4592 λογίσμεθα.
920 4506 984 4573 3τό
1002 4505 1060 4592 γάρ
1079 4510 1312 4651 ἐπίστασθαίλσε

1240 4611 1312 4652 ου·
