2924 4972
160 245 227 321 978
346 235 722 306 MAKKABAmN
744 232 953 295 mm
993 223 1134 304 τισιν.
1149 225 1206 290 11.

157 363 213 428 εἶδε
225 357 395 443 Δημήτριος
408 355 426 417 ὁ
439 353 575 440 βασιλεὺς
588 349 635 415 ὅτι
651 346 765 454 ήσύχα·
796 351 894 434 βσσαν
907 343 1002 410 σκῦλα
1018 342 1120 410 πολλά
1134 345 1166 406 ἐν
1181 345 1288 450 ἐκείνη
1304 349 1345 436 τῇ
1360 343 1416 429 ήμί·

157 471 206 512 σεν
228 441 297 526 ήμή
322 435 449 504 ἐώπιον
471 435 577 510 αὐτοῦ,
603 435 655 497 καὶ
698 431 765 497 υδὲν
798 457 849 515 ρᾳ,
870 429 922 492 καί
943 431 1062 503 εἶ’σωσαν
1079 424 1133 489 τὸν
1149 427 1302 512 βασιλεα.
1332 426 1418 494 49νολ

158 527 241 594 αὐτοὶ
260 517 464 603 ἀνθειστήκει,
492 519 543 582 καὶ
555 516 686 581 ἀπέλυσε
704 512 765 580 πά·
799 515 864 579 ἴδον
876 515 907 576 οἱ
920 509 983 574 άπὸ
998 516 1052 593 τής
1063 509 1184 586 πόλεως
1207 508 1263 576 ὅτι
1278 509 1419 597 κατεκρά·

160 636 214 683 σας
225 592 292 680 1τάς
310 601 445 684 δυνάμεις
466 599 561 666 αὐτοῦ
580 605 707 664 ἕκαστον
728 602 767 672 εἷς
799 618 894 679 τησαν
905 598 935 658 θῖ
946 591 1092 659 Ἰουδαῖοί
1112 597 1167 677 τῆς
1185 590 1318 670 adme
1336 592 1377 671 ὦς
1391 594 1418 680 ἦ·

161 690 213 758 τὸν
226 691 299 754 ἴδιον
309 684 497 766 τάπον,πλι“,·ν
507 689 568 749 τῶν
580 686 669 759 ξένων
678 678 765 747 δυνά·
798 675 956 768 βούλοντο,
969 679 1021 742 καὶ
1031 676 1209 761 ήσθίνησαν
1222 690 1300 753 ταῖς
1314 679 1419 745 διανοί-

161 799 240 860 μεων
254 767 296 836 ὧν
309 768 515 851 ἔξενολόγησεν
525 765 588 832 άπὸ
604 771 663 830 τοῖν
675 763 768 848 νήσων
800 788 847 837 αις
865 758 981 837 αύτῶν,
1012 762 1252 861 καίιίκίκραξαν
1272 761 1360 847 πρὸς
1376 759 1419 828 τὸν

163 862 223 923 τῶν
236 859 348 927 ἐθνῶν,
373 854 424 916 καὶ
438 851 593 936 ήχθραναν
607 848 692 930 αύτῷ
706 852 767 912 πά·
799 844 925 932 βασιλέα
938 841 1013 927 μετά
1025 845 1160 925 δεησεως,
1175 844 1336 922 λέγοντες.
1349 847 1419 920 ωδός

164 968 214 1005 σαι
233 942 265 1002 αἶ
283 931 422 1019 δυνάμεις
430 939 491 997 τῶν
508 936 650 1016 πατέρων
664 929 768 996 αὐτοῦ.
802 928 871 1013 ἡμῖν
895 925 1001 1004 δεξιάς,
1039 928 1090 992 καί
1113 924 1419 996 παυσάσθωσανοί

164 1025 194 1067 ³⁴³
210 1018 340 1106 Τρύφων
359 1017 390 1083 δὲ
412 1006 448 1100 ήν
461 1019 522 1080 τῶν
539 1015 625 1099 παρὰ
633 1010 770 1090 Ἀλεξάν-
797 1011 941 1077 Ἰουδαῖοι
963 1009 1159 1093 πολεμοῦντες
1184 1008 1270 1093 ἡμᾶς
1295 1017 1351 1079 καὶ
1376 1013 1419 1096 τήν

164 1098 443 1187 δρουτοττρότερον,
462 1097 598 1163 καὶείδεν
611 1094 657 1162 ὅτι
670 1102 769 1175 πᾶσαι
801 1091 900 1161 πόλιν.
938 1094 966 1137 ⁸¹
980 1095 1174 1178 καίὲρῤιιμαν
1188 1093 1232 1160 τά
1246 1091 1354 1174 ὅπλα,
1378 1101 1421 1162 καὶ

165 1193 199 1254 αδ
211 1182 342 1268 δυνάμεις
360 1177 615 1259 καταγομνύζουσι
633 1185 688 1245 τοῦ
706 1186 768 1264 Δη-
802 1182 949 1260 ἐποίησαν
975 1173 1096 1263 εἰρήνην,
1121 1179 1175 1241 καί
1202 1176 1329 1256 ίδοξάσ
1374 1205 1420 1246 σαν
1461 1250 1462 1261 ,

164 1275 302 1354 μητρίσυ,
326 1269 378 1331 καὶ
394 1259 546 1350 ἐπορεύθη
566 1262 641 1348 πρὸς
654 1264 768 1344 Είμαλ-
802 1265 834 1326 οἱ
856 1261 998 1326 Ἰουδαῖοι
1025 1264 1159 1325 ἐναντίον
1186 1265 1248 1326 τοῦ
1277 1267 1344 1349 βασ
1382 1269 1420 1337 ἀς
1461 1267 1462 1278 ’

165 1355 253 1419 κουαὶ
265 1349 456 1434 τόνἍραβα,
483 1344 516 1422 ὃς
527 1351 629 1433 ἔτρεφε
641 1344 770 1412 τόνἈν-
802 1345 854 1410 καί
867 1339 995 1410 ἐντόπιον
1011 1339 1133 1408 πάντων
1151 1348 1220 1408 τῶν
1232 1347 1268 1411 ἐν
1282 1351 1324 1440 τῇ
1338 1352 1419 1434 βασι·

165 1443 269 1520 τίυχον
288 1433 325 1498 τὸ
344 1428 506 1515 παιδάριον
518 1433 556 1495 τὸ
570 1428 771 1507 τούἈλεξιίν-
802 1428 868 1511 λείᾳ
887 1425 998 1504 αὐτοῦ,
1024 1428 1075 1491 καί
1095 1429 1297 1513 ἐπέστρεψαν
1314 1436 1356 1507 εἰς
1369 1429 1418 1496 Ἱε-

165 1521 248 1602 δρου.
274 1516 309 1560 ⁴⁰
321 1518 372 1581 καί
383 1510 575 1599 προςήδρευεν
587 1511 683 1597 αύτῷ,
691 1513 773 1589 ὅπως
804 1509 961 1597 ρουσαλήμ
973 1513 1084 1594 ἔχοντες
1098 1509 1200 1576 σκῦλα
1210 1511 1331 1578 πολλά.
1347 1513 1418 1579 62καί

165 1600 302 1684 παραδοῖ
312 1595 407 1663 αύτὸν
420 1596 515 1680 αὐτῷ,
540 1594 623 1672 ὅπως
634 1594 773 1682 βασιλεύ·
804 1590 926 1659 ἐκάθισε
955 1589 1058 1678 Δημήτ
1077 1617 1122 1668 ιος
1152 1591 1172 1658 ὁ
1202 1596 1352 1682 βασιλεὺς
1375 1596 1417 1662 ἐπί

166 1709 203 1770 ση
216 1682 283 1747 ἀντὶ
296 1677 479 1763 τοῦπατρὸς
492 1678 597 1744 αὐτοῦ.
611 1681 664 1744 καὶ
676 1676 773 1763 άπήγ-
804 1672 920 1764 θρόνου
933 1682 985 1762 τής
993 1620 1143 1764 βασιλείας
1155 1676 1269 1755 αὐτοῦ,
1280 1682 1336 1745 καὶ
1349 1675 1416 1764 ήσύ-

167 1765 258 1844 γειλεν
267 1763 352 1847 αύτῷ
363 1760 422 1829 ὅσα
433 1763 595 1828 συνετέλεσε
604 1764 774 1866 Δημήτριος
803 1786 889 1846 χασεν
916 1758 934 1843 ή
960 1766 999 1844 μή
1026 1755 1155 1826 ἐνώπιον
1179 1759 1293 1827 αὐτοῦ.
1330 1765 1417 1826 ”mi

167 1852 219 1914 καί
232 1845 287 1931 τήν
298 1851 410 1932 ἔχθραν
424 1842 677 1953 ήνίχθραίνσυσιν
690 1851 773 1927 αυτῷ
805 1842 958 1928 ἐψεύσατο
975 1839 1079 1909 πάντα
1097 1840 1157 1909 ὅσα
1169 1843 1241 1919 εἷπε,
1254 1847 1310 1909 καί
1322 1844 1418 1926 η’λλο-

168 1936 202 1997 αί
214 1925 347 2011 δυνάμεις
359 1928 471 2005 αὐτοῦ,
488 1955 539 1993 και
552 1934 658 2010 ἔμεινεν
670 1932 729 1994 ἐκεῖ
741 1931 774 2014 ή-
806 1925 924 2011 τριώθη
935 1930 981 2010 τῷ
990 1920 1208 2002 Ἰωνάθαν,καί
1224 1924 1282 1990 σύκ
1294 1926 1417 1991 ἀνταπ-

166 2018 259 2097 μίρας
271 2009 393 2086 πολλάς.
417 2010 447 2053 ⁴¹
460 2013 512 2075 καί
526 2009 696 2076 ἀπέστειλεν
705 2012 772 2076 Ἰω-
805 2011 894 2075 ε’δονκε
918 2009 998 2075 κατά
1016 2007 1071 2086 τάς
1087 2009 1198 2082 εὐνοίας
1210 2004 1247 2083 ἃς
1274 2007 1417 2074 ἀνταπέ-

167 2094 269 2161 νάθαν
288 2093 365 2178 πρὸς
385 2090 556 2179 Δημήτριον
570 2091 773 2180 τὸνβασιλέα,
805 2094 896 2158 δωκεν
908 2092 1004 2175 αύτῷ,
1020 2094 1072 2159 καί
1089 2090 1204 2178 ἔθλιβεν
1224 2087 1323 2158 αὐτὸν
1337 2088 1416 2172 σφό-

166 2182 217 2243 ’ίνα
230 2175 341 2264 ἐκβάλῃ
359 2175 433 2251 τούς
450 2179 482 2240 ἐκ
502 2181 555 2260 τῆς
573 2175 666 2260 άκρας
679 2175 775 2255 ε’ξἾε·
806 2176 872 2258 δρα.
911 2176 942 2220 ⁶⁴
961 2174 1037 2259 μετά
1061 2173 1093 2242 δὲ
1117 2180 1217 2240 ταῦτα
1242 2173 1415 2262 ἀπέστρεψε

168 2257 322 2344 ρουσαλήμ
339 2257 479 2334 καὶτοὺς
496 2262 528 2324 ἐν
540 2270 602 2334 τοῖς
620 2257 773 2345 ὀχυράμα-
809 2255 940 2363 Τρύφων
946 2261 996 2325 καί
1002 2258 1152 2344 Ἀντίοχος
1161 2257 1221 2343 μετ’
1235 2259 1415 2326 αύτοῦπαι-

170 2370 226 2418 σιν,
241 2334 317 2426 ἦσαν
328 2340 386 2428 γάρ
398 2341 595 2425 πολεμοῦντες
608 2343 663 2408 τὸν
673 2345 774 2429 Ἰσρα-
806 2343 912 2426 δαριον
929 2336 1075 2429 νειύτερον.
1113 2345 1165 2408 καί
1181 2344 1355 2449 ἐβασίλευσε
1368 2344 1417 2407 καί

168 2425 214 2510 ήλ
240 2427 272 2468 ⁴²
284 2429 335 2491 καί
348 2423 504 2491 ἀπέστειλε
516 2421 687 2528 Δημήτριος
698 2424 775 2513 πρὸς
806 2429 933 2492 ἐπίθετο
946 2424 1084 2510 διάδημα.
1109 2428 1140 2470 ⁸⁵
1151 2453 1203 2492 και
1215 2427 1417 2532 ἰπισυνήχθη-

165 2504 327 2584 Ἰωνάθαν,
354 2509 458 2587 λέγων.
498 2507 537 2575 ού
559 2534 653 2590 μονον
677 2515 775 2576 ταῦτα
808 2534 863 2575 σαν
875 2506 951 2594 πρὸς
964 2509 1059 2575 αὐτὸν
1074 2513 1216 2575 πάσαιαί
1230 2505 1369 2590 δυνάμεις
1381 2510 1417 2585 τίς

168 2590 285 2678 ποιήσω
304 2619 352 2658 σοι
371 2595 484 2675 καὶτῷ
502 2595 579 2657 ἔθνει
596 2619 671 2670 σου,
696 2591 775 2659 ἀλλά
808 2591 1007 2678 άπεσκόρπιοε
1014 2595 1189 2679 Δημήτριος,
1198 2593 1249 2656 καὶ
1262 2591 1413 2677 ε’πολεάη

169 2673 242 2766 δόξῃ
255 2673 375 2753 δοξάσω
389 2701 419 2741 σε
432 2678 482 2740 καὶ
495 2674 531 2740 τὸ
545 2680 635 2781 ἔθνοχ
648 2677 774 2753 σου,ε’άν
808 2701 861 2741 σαν
873 2677 949 2762 πρὸς
961 2676 1069 2754 αὐτὸν,
1095 2681 1146 2743 καὶ
1158 2680 1245 2758 ἔφυγε
1263 2679 1316 2742 καὶ
1328 2680 1418 2758 ἐτρο-

167 2760 316 2844 εύκαιρίας
342 2756 432 2843 τύχω.
465 2759 497 2802 ⁴³
511 2764 563 2824 νῦν
589 2786 644 2825 ουν
670 2759 774 2845 ὀρθῶς
808 2757 913 2845 πάθη.
937 2762 1032 2827 56καὶ
1048 2763 1140 2864 ἔλαβε
1154 2759 1287 2849 Τρύφων
1304 2759 1344 2826 τά
1358 2771 1418 2844 θη-

166 2840 298 2928 ποιήσεις
324 2841 504 2917 ἀποστείλας
528 2869 578 2924 μοι
604 2842 717 2927 ἄνδρας
743 2851 775 2909 οἳ
807 2848 867 2924 ρία,
900 2846 952 2909 καὶ
982 2870 1196 2928 κατεκρατησεν
1227 2842 1417 2948 Ἀντιοχείας.

167 2921 416 3010 συμμαχήσουσιν,
431 2925 478 2990 ότι
491 2925 663 3009 ἀπέστησαν
675 2932 773 2993 πᾶσαι
807 2928 836 2969 ⁵⁷
849 2928 901 2993 καὶ
919 2932 1049 3013 ε”νραιμεν
1067 2929 1220 3012 Ἀντίοχος
1238 2925 1257 2992 ὁ
1279 2953 1419 3011 νεωτερος

166 3015 198 3076 αἱ
224 3010 355 3090 δυνάμεις
380 3036 447 3092 μου.
483 3008 579 3074 44ιιαὶ
603 3009 773 3076 ἀπέστειλεν
806 3014 849 3093 τῷ
865 3009 1018 3076 Ἰωνάθαν
1035 3011 1137 3088 λέγων.
1169 3016 1277 3093 ἰ’στημί
1298 3011 1420 3096 σαυτήν

163 3091 314 3160 Ἰωνάθαν
327 3092 436 3174 ἄνδρας
446 3093 618 3177 τριςχιλίους
629 3094 773 3170 δυνατοὺς
807 3091 1036 3179 ἀρχιερωσύνην,
1063 3097 1116 3159 καὶ
1132 3100 1307 3177 καθίστημί
1326 3121 1361 3161 σε
1375 3097 1420 3159 cni

166 3172 244 3256 ίσχάϊ
254 3176 338 3254 αὐτῷ
352 3179 390 3248 εἷς
399 3173 584 3256 Ἀντιόχειαν,
611 3180 663 3242 καὶ
677 3179 773 3262 ήλθο-
808 3182 868 3242 τῶν
882 3175 1031 3258 τεσσάρων
1043 3183 1150 3256 νομῶν,
1160 3178 1212 3241 καί
1221 3176 1306 3244 εἶναί
1315 3206 1350 3245 σε
1364 3183 1420 3244 των

166 3280 223 3321 σαν
235 3256 310 3341 πρὸς
323 3253 528 3364 τὸνβασιλέα,
552 3261 603 3321 καὶ
616 3260 771 3346 εὐφράνθη
807 3259 899 3338 φίλων
911 3263 966 3323 τοι)
977 3259 1131 3343 βασιλέως.
1159 3260 1190 3300 ⁵⁸
1202 3261 1257 3320 καί
1271 3261 1420 3328 ἀπέστει-

165 3335 554 3430 ὁβασιλεύςέπντῇέηύδῳ
567 3341 773 3410 αύτῶν.45καὶ
805 3342 850 3405 λεν
867 3339 951 3425 αύτῷ
968 3337 1149 3425 χρυσώματα
1172 3341 1225 3403 καὶ
1244 3340 1421 3419 διακονίαν,

166 3423 411 3509 ἐπισυνήχθησαν
429 3429 460 3489 οἱ
481 3428 512 3489 ἐκ
529 3427 578 3509 τής
597 3425 715 3504 πόλεως
734 3435 773 3504 εἰς
805 3428 855 3491 καὶ
876 3426 982 3491 ἔδωκεν
1004 3421 1088 3506 αύτῷ
1107 3424 1243 3499 ἐξουσίαν
1269 3430 1375 3495 πίνειν
1393 3433 1421 3493 ἐν

163 3512 255 3586 μέσον
271 3513 323 3589 τῆς
342 3504 457 3582 πόλεως
475 3513 512 3584 εἰς
532 3508 647 3594 ἀνδρῶν
659 3511 771 3577 διύδεκα
804 3505 986 3594 χρυσάμασι,
1007 3510 1058 3573 καί
1072 3506 1144 3572 εἶναι
1158 3509 1187 3570 ἐν
1200 3508 1357 3592 πορφύρᾳ
1370 3515 1423 3576 καί

163 3588 310 3670 μυριάδας
335 3588 467 3671 ἀνδρῶν,
493 3595 544 3656 καὶ
558 3590 719 3677 ήβούλοντο
734 3594 771 3658 ά·
806 3598 878 3695 ἔχειν
889 3589 1010 3676 πόρπην
1021 3597 1140 3677 χρυσην.
1180 3591 1210 3633 ⁵⁹
1223 3593 1277 3654 καὶ
1289 3596 1422 3676 Σίμωνα

164 3672 252 3768 ρελεῖν
278 3669 332 3736 τόν
357 3672 491 3757 βασιλέα.
544 3677 577 3718 ⁴⁶
590 3679 641 3742 καὶ
666 3682 771 3759 &Qum
804 3701 857 3741 τον
876 3675 1006 3756 άδεληιὸν
1023 3675 1119 3740 αὐτοῦ
1138 3675 1304 3755 κατέστησε
1323 3702 1423 3761 στρα-

163 3775 180 3812 ο
206 3753 344 3835 βασιλεὺς
357 3761 396 3829 είς
421 3756 476 3839 τήν
501 3755 606 3843 αύλήν,
621 3764 671 3825 καὶ
684 3787 769 3826 κατε-
804 3760 896 3840 τημὸν
914 3759 979 3825 άπὸ
995 3764 1048 3842 τῆς
1070 3759 1209 3839 κλίμακος
1236 3752 1347 3840 Τύρου
1367 3767 1422 3835 ἕως

163 3831 293 3918 λείβοντυ
318 3842 348 3902 οἱ
370 3843 401 3901 ἐκ
425 3845 477 3922 τῆς
498 3836 613 3917 πόλεως
635 3845 690 3920 τὰς
708 3841 770 3910 διό-
803 3848 864 3906 τῶν
879 3842 972 3927 ὁρίων
986 3840 1156 3919 Αἰγύπτου.
1183 3840 1279 3904 θθκαί
1294 3844 1422 3927 ἐξῆλθεν

162 3915 233 3989 δους
254 3924 308 4001 τής
334 3918 450 3997 πόλεως
478 3929 529 3989 καὶ
558 3924 688 4009 ήρξαντο
710 3953 769 3992 πο-
800 3922 964 4002 Ἰωνάθαν,
978 3929 1029 3990 καὶ
1046 3918 1229 4006 διεπορεύετο
1249 3928 1357 4008 πέραν
1370 3933 1422 3993 τού

161 3996 261 4098 λεμεῖν.
301 4001 332 4042 ⁴⁷
353 4006 405 4067 καὶ
430 4002 563 4073 ἐκάλεσεν
588 4009 605 4072 ό
631 4009 769 4096 βασιλεύς
801 4015 943 4090 ποταμοῦ
965 4011 1017 4073 καὶ
1037 4013 1068 4074 ἐν
1086 4020 1152 4083 ταῖς
1167 4003 1289 4083 πόλεσι,
1305 4012 1366 4075 καὶ
1390 4009 1422 4095 ή-

160 4105 230 4182 τουη
241 4082 406 4159 Ἰουδαίους
417 4091 467 4152 ἐπὶ
475 4088 630 4194 βοήθειαν,
642 4096 694 4158 καὶ
703 4098 767 4160 ε’πι-
800 4099 997 4176 θροίσθησαν
1021 4090 1099 4178 πρὸς
1130 4087 1221 4155 αύτόν
1251 4093 1362 4158 πᾶσαν
1394 4098 1425 4159 αἶ

159 4177 347 4267 συνηχθησορν
364 4168 441 4251 πρὸς
458 4171 552 4239 αύτον
569 4173 677 4252 πάντες
695 4175 766 4260 ἅμα.
800 4174 932 4258 δυνάμεις
953 4182 1069 4261 Συρίας
1095 4180 1133 4249 εἰς
1160 4180 1346 4258 συμμαχίαν,
1374 4179 1425 4243 καὶ

158 4250 208 4347 χαί
227 4252 430 4331 διεσπαρησαν
448 4258 478 4318 ἕν
496 4262 535 4349 τῇ
552 4254 636 4322 πόλει
656 4261 767 4337 πάντες
800 4253 894 4344 ἦλθεν
908 4264 946 4335 εἷς
955 4256 1146 4333 Ἀσκάλωνα,
1172 4259 1224 4320 καὶ
1238 4256 1425 4343 ἀπήντησαν

156 4358 234 4434 αμα,
255 4335 304 4398 καὶ
325 4333 500 4403 ἀπέκτειναν
522 4345 554 4405 ἐν
572 4347 609 4429 τῇ
631 4341 715 4407 πόλει
734 4351 766 4410 ἐν
800 4344 887 4408 αὐτώ
901 4348 931 4407 οἱ
945 4348 977 4408 ἐκ
991 4348 1044 4425 τής
1056 4341 1170 4415 πόλεως
1183 4339 1322 4418 ἐνδόξως.
1338 4345 1426 4410 θ’καί

155 4437 191 4492 tr,
220 4420 313 4498 ημὲρᾳ
339 4421 431 4511 ἐκείνη
458 4425 497 4495 εἰς
518 4424 661 4504 μυριάδας
682 4429 764 4504 δέκα,
799 4412 938 4512 άπήλθεν
957 4431 1070 4491 ίκείθεν
1086 4432 1125 4500 εἰς
1142 4422 1259 4502 Γάζαν,
1274 4429 1330 4491 καὶ
1346 4427 1424 4495 άπὲ·

153 4478 189 4541 *ὃ
199 4501 251 4566 καί
264 4499 437 4590 ἐνεπύρισαν
451 4504 504 4589 τήν
518 4501 615 4584 πόλιν,
629 4512 680 4575 καὶ
693 4508 764 4578 ἐλάω
779 4574 784 4588 ,
797 4512 917 4578 κλεισαν
931 4516 963 4576 οἶ
977 4509 1041 4578 άπὸ
1054 4505 1164 4594 Γάζης,
1177 4509 1229 4576 καί
1241 4509 1424 4596 περιεκάθι-

1393 4620 1422 4664 σε
