2924 4972
391 254 414 309 Ι
422 252 451 309 Β
461 247 491 307 Ζ
500 247 575 307 EK
587 249 608 306 1
619 246 655 305 H
663 248 697 306 A
738 246 815 321 Κεφ.
829 237 882 317 λς’.
896 239 951 318 λζ’.
967 239 1018 306 36.
1032 241 1083 307 37.
1295 246 1358 318 917

123 333 1362 358 ...-.......-.-...--———-—----—

110 377 145 438 ἐκ
170 377 231 437 τῶν
263 368 342 437 ὁδῶν
367 368 450 452 ὑμῶν
480 365 561 441 οίκος
587 361 717 450 Ἰσραήλ.
757 369 808 430 καί
826 362 865 430 ἆν
900 388 975 429 αινεν
991 362 1035 429 ἐπ’
1053 362 1131 428 αύτά
1142 366 1276 449 δέρματα
1288 360 1365 429 ἐπά-

111 452 221 522 33τάδε
233 455 310 532 λέγει
323 446 555 534 άδωναῒκύριος.
580 448 719 532 ἐνήμέρᾳ
757 474 813 524 νω,
837 473 889 513 και
913 452 1029 529 πνεῦμα
1055 443 1110 511 οῦκ
1132 437 1171 530 ήν
1183 447 1231 547 ’ἐπ’
1252 446 1364 521 αύτοῑς.

110 532 133 642 η’
158 540 300 623 καθαριῶ
320 535 395 617 ὑμᾶς
414 538 446 598 ἐκ
463 537 571 597 πασῶν
591 531 719 615 ἀνομιῶν
758 533 838 596 οκαλ
855 530 917 596 είπε
930 531 1007 617 πρὸς
1018 533 1063 611 με’.
1088 553 1296 615 προφητευοον
1315 532 1366 594 ἐπί

113 627 209 705 υμῶν,
233 621 285 683 καί
306 621 448 682 κατοικιῶ
464 613 519 690 τάς
528 613 642 691 πόλεις,
668 616 719 678 καί
757 613 793 678 τὸ
806 619 935 697 πνεῦμα,
958 608 1166 699 προφήτευσον
1180 612 1225 675 υἱὲ
1243 609 1365 694 ἇνθρῶ-

112 696 408 784 οἰκοδομηθήσονται
433 703 551 784 ἔρημοι,
586 698 617 741 ³⁴
630 692 717 781 καλή
757 723 819 763 που
832 700 883 762 καὶ
898 693 984 763 είπόν
999 700 1044 779 τῶ
1055 692 1207 779 πνεύματι.
1232 691 1302 759 τάδε
1314 695 1365 758 λε’-

111 791 151 869 γή
164 785 342 868 ήφανισμένη
355 779 582 867 ἐργασθήσεται,
591 779 666 846 ἀνθ’·
677 771 720 844 ῶν
757 804 800 859 γει
815 777 922 864 κύριος.
948 783 983 844 lx
993 783 1056 844 τῶν
1067 775 1223 865 τεσσάρων
1233 772 1365 860 πνευμά-

113 865 159 934 ῦτι
174 866 356 951 ήφανισμένη
377 861 503 949 ἐγενήθη
516 863 580 928 κατ’
597 862 719 943 ὀφθαλ-
758 888 819 927 τιον
833 862 917 937 ἐλθὲ,
933 866 985 927 καί
998 858 1169 947 ἰμφύοησον
1179 866 1220 938 είς
1232 857 1304 935 τούς
1316 884 1365 926 νε·

112 951 186 1036 μούς
210 947 323 1024 παντὸς
346 944 579 1032 παροδεύοντος,
618 947 648 989 ³⁵
669 947 720 1010 καί
757 945 848 1033 κρούς
860 942 996 1021 τούτους,
1008 947 1060 1010 καί
1072 944 1259 1030 ζησάτωσαν.
1278 946 1365 1007 10καί

113 1037 238 1118 ἐροῦσιν.
265 1031 339 1117 ήγή
357 1036 449 1116 ἐκείνη
463 1029 645 1114 ἦφανισμένη
658 1032 721 1106 ἔγε-
757 1026 966 1116 προεφήτευσα
988 1026 1103 1105 καθότι
1119 1025 1284 1094 ἐνετείλατό
1303 1049 1364 1111 μοι,

113 1116 193 1200 νήθη
208 1113 248 1190 ῶς
261 1120 356 1198 κήπος
367 1118 492 1200 τρυφής,
510 1115 564 1177 καὶ
576 1118 609 1178 αἱ
620 1108 720 1187 πόλεις
758 1116 809 1178 καί
821 1113 1000 1195 είςῆλθενείς
1007 1109 1165 1188 αύτούςτύ
1176 1115 1302 1193 πνεῦμα,
1315 1115 1366 1175 καί

114 1203 148 1264 αί
164 1202 266 1282 ἔρημοι
286 1200 337 1261 καὶ
355 1195 547 1280 ἠφανισμέναι
563 1198 615 1261 καί
632 1220 720 1261 κατε-
758 1199 885 1280 ἐζησαν,
911 1200 963 1262 καί
980 1199 1110 1280 ε”οτησαν
1126 1197 1177 1261 ἐπί
1188 1198 1250 1260 τῶν
1261 1194 1366 1259 ποδῶν

114 1283 277 1364 οκαμμίναι
303 1279 410 1363 ὀχυραὶ
434 1276 585 1344 ἐκάθισαν.
624 1281 656 1322 ³⁶
669 1281 721 1343 καλ
759 1276 1030 1365 οῦτῶν,συναγωγή
1038 1275 1138 1364 πολλή
1147 1276 1273 1365 σφόδρα.
1285 1278 1366 1340 11καί

112 1360 276 1444 γνώσονται
288 1364 327 1427 τά
342 1366 431 1445 ἔθνη,
456 1359 516 1426 ὁόα
535 1360 572 1427 ἂν
584 1362 720 1426 καταλει-
759 1358 883 1448 ἐλάλησε
901 1359 1003 1451 κύριος
1021 1360 1100 1447 πρὸς
1114 1361 1165 1445 μδ,
1191 1362 1294 1439 λέγων.
1321 1359 1366 1424 vu

114 1451 216 1528 φθῶσι
234 1441 334 1528 κύκλῳ
351 1444 448 1529 ὑμῶν,
475 1441 522 1508 ὅτι
541 1443 600 1525 ἐγώ
617 1443 720 1529 κύριος
759 1441 940 1530 ἀνθρώπου,
957 1444 997 1510 τά
1010 1443 1088 1511 ὀστᾶ
1100 1448 1198 1509 ταῦτα
1205 1449 1269 1520 πᾶς
1282 1441 1366 1518 σίκυς

113 1525 291 1613 ᾠκοδόμησα
300 1526 354 1606 τάς
363 1530 637 1611 καθηρημένας,καλ
649 1552 720 1593 κατ·
756 1525 880 1613 Ἰσραήλ
890 1533 981 1603 ἐστιν,
990 1531 1041 1593 καί
1049 1527 1140 1594 αύτολ
1149 1529 1281 1604 λέγουσι,
1290 1524 1366 1612 ξηρά

113 1608 259 1693 εφύτευσα
277 1610 332 1688 τάς
350 1600 557 1695 ήφαύισμίνας.
588 1606 645 1689 ἒγῶ
664 1606 716 1675 κύ·
757 1614 859 1688 γέγονε
876 1610 923 1676 τά
950 1609 1028 1677 ὀστοῦ
1045 1608 1143 1695 ήμῶν,
1170 1606 1364 1691 άπάλισλενή

114 1721 176 1781 ριος
189 1692 328 1778 ἐλάλησα,
341 1697 393 1760 καί
404 1691 529 1778 ποιήσοι.
544 1694 575 1738 ³⁷
587 1689 657 1758 τάδε
668 1694 718 1759 λέ·
758 1693 841 1770 ἐλπίς
852 1692 953 1779 ήμῶν,
976 1693 1253 1779 διαπεφωνήκαμεν.·
1274 1694 1364 1758 12διά

112 1803 154 1857 γει
167 1777 288 1843 άδωταῒ
296 1774 404 1864 κύριος.
427 1779 473 1841 ἔτι
482 1781 573 1842 τοῦτο
586 1771 719 1862 ζητηθή·
758 1781 852 1842 τοῦτο
868 1773 1087 1864 προφήτευσον,
1113 1780 1165 1843 καί
1179 1773 1271 1842 εἶπάν.
1286 1773 1365 1842 ’τάδε

114 1886 204 1943 σομαι
227 1865 272 1945 τῷ
289 1863 365 1944 οἴκῳ
383 1859 510 1945 Ἰσραήλ
524 1863 581 1925 τοῦ
596 1864 719 1942 ποιήσαι
759 1858 834 1938 λέγει
845 1858 955 1947 κύριος’.
969 1861 1034 1927 ίδού
1047 1860 1105 1939 ἐγὼ
1117 1857 1281 1939 ἀνοίγουσά
1291 1858 1364 1945 μνή·

114 1943 241 2020 αύτούς,
263 1945 411 2029 πληθυνῶ
424 1941 535 2017 αύτούς
549 1940 589 2018 ῶς
601 1939 721 2030 πρόβα·
757 1966 840 2028 ματα
863 1942 959 2028 ῦμῶν,
984 1946 1035 2010 καί
1053 1940 1154 2023 άνάξω
1168 1943 1244 2029 ὑμᾶς
1258 1947 1366 2010 ἐκτῶν

113 2052 152 2092 τα
166 2023 360 2106 άνθρῶπους,
386 2027 418 2071 ³⁸
430 2024 472 2102 ῶς
483 2022 625 2113 πρόβατα
638 2024 723 2105 άγια,
758 2023 921 2112 μνημάτων
934 2026 1029 2112 ὑμῶν,
1054 2031 1105 2093 καί
1122 2025 1224 2105 είςάξω
1236 2025 1317 2108 -ῦμάς
1328 2033 1367 2105 εἷς

114 2109 154 2184 ῶς
166 2105 309 2213 πρόβατα
319 2108 515 2194 Ἰερουσαλήμ
532 2115 563 2174 ἐν
573 2123 639 2184 ταῖς
651 2112 720 2196 ἑορ-
759 2110 813 2193 τήν
823 2116 879 2196 γήν
891 2116 947 2176 τοῦ
959 2111 1094 2197 Ἰσραήλ,
1109 2113 1138 2154 ¹³
1150 2114 1202 2177 καὶ
1213 2110 1365 2193 γνώσεσθε

113 2203 180 2267 ταῖς
197 2194 297 2272 συτής.
323 2189 420 2265 οῦτως
436 2194 557 2255 ἔσονται
575 2198 609 2255 αί
620 2189 720 2266 πόλεις
759 2189 808 2256 ὅτι
820 2192 878 2270 ἒγῶ
891 2199 946 2275 ελμι
963 2192 1078 2279 κύριος,
1104 2199 1134 2259 ἐν
1146 2200 1191 2258 τῶ
1203 2193 1320 2270 άνοῖξαί
1329 2220 1365 2277 με

115 2279 147 2340 αῖ
164 2278 267 2360 ἔρημοι
286 2271 403 2359 πλήρεις
421 2270 584 2377 προβάτων
597 2269 720 2356 άνθρῶ-
759 2272 830 2350 τοὺς
841 2271 958 2356 τάφους
971 2273 1068 2358 ὑμῶν,
1093 2281 1149 2342 τοῦ
1161 2260 1320 2354 άναγοιγεῖν
1331 2300 1365 2358 με

113 2381 190 2432 πων,
203 2357 255 2419 καλ
264 2350 431 2432 γνώσονται
444 2379 491 2419 οτι
504 2353 564 2430 ἐγὼ
576 2351 684 2440 κύριος.
718 2406 722 2417 .
758 2360 791 2421 ἐκ
807 2361 870 2425 τῶν
890 2352 997 2438 τάφων
1013 2357 1068 2422 τὸν
1089 2354 1164 2422 λαόν
1180 2382 1246 2441 μου.
1271 2358 1365 2424 1”καὶ

288 2443 414 2502 xm».
457 2433 542 2502 AZ'.
678 2479 680 2483 .
758 2434 849 2504 δοῦσα
859 2436 976 2522 πνεῦμά
985 2466 1043 2523 μου
1056 2446 1095 2516 εἰς
1106 2439 1192 2524 ῦμῦς,
1202 2445 1267 2507 ’καί
1280 2443 1363 2526 ζήσε-

113 2489 197 2588 Καὶ
209 2523 324 2601 ἐγένετο
338 2519 383 2585 ἐπ’
401 2520 449 2604 ἐμὲ
462 2523 521 2607 χεὶρ
535 2526 646 2605 κυρίου,
667 2523 721 2586 καί
759 2532 829 2596 σθε,
855 2525 906 2587 καὶ
921 2521 1055 2627 θήσομαι
1076 2521 1153 2607 ῦμάς
1170 2525 1221 2591 ὀπί
1237 2523 1293 2613 τήν
1310 2531 1364 2610 γῆν

114 2600 240 2691 ἐξήγαγέ
245 2666 247 2670 .
262 2622 298 2688 με
322 2608 354 2670 ἓν
370 2603 513 2689 πνεύματι
529 2601 643 2689 κύριος,
669 2606 720 2670 καλ
757 2604 856 2687 ὑμῶν,
880 2607 932 2670 καλ
947 2617 1101 2684 γνοισεσθει
1115 2604 1163 2672 ῦτι
1181 2605 1241 2686 ἐγώ
1254 2605 1362 2694 κύριός.

113 2692 207 2772 ἔθηκέ
216 2712 250 2770 με
262 2693 292 2753 ἐν
303 2692 386 2771 μέσα
396 2693 451 2753 τοῦ
460 2688 574 2763 πεδίου,
588 2690 718 2752 καὶτοῦ
757 2685 907 2773 λελάληκα
928 2691 980 2755 καί
1001 2686 1135 2775 ποιήσω,
1160 2691 1234 2769 λέγει
1251 2687 1361 2778 κύριος.

112 2795 149 2837 το
174 2759 211 2854 ἦν
233 2774 341 2854 μεστὸν
366 2755 483 2837 ὀστέων
507 2768 718 2856 ὀνθρωπίνονν,
756 2773 783 2816 ²⁶
795 2774 846 2837 καὶ
865 2774 978 2850 ἐγένετο
997 2769 1087 2853 λόγος
1103 2780 1206 2861 κυρίου
1222 2772 1299 2860 πρὸς
1316 2774 1363 2860 μῦ,

112 2855 188 2918 2καί
199 2849 362 2939 περιήγαγὲ
372 2880 406 2936 με
419 2853 464 2920 ἐπ’
480 2851 559 2931 αύτά
572 2851 720 2920 κυκλόθεν
756 2855 861 2934 λέγων.
888 2854 1008 2923 16υίὲοί
1071 2853 1171 2935 ῶπου,
1190 2854 1230 2924 λά
1249 2884 1262 2924 ε
1276 2876 1361 2926 σεται

1023 3024 1031 3048 ἱ

109 3016 273 3108 προςῶπου
290 3025 346 3087 τοῦ
357 3022 476 3098 πεδίου,
502 3021 577 3108 ξηρά
591 3019 717 3109 σφόδρα.
752 3020 885 3104 Ἰούδαν,
911 3027 963 3089 καί
979 3050 1051 3103 τους
1062 3028 1145 3103 υἱούς
1155 3023 1259 3113 Ἰσραίγ
1282 3026 1364 3105 ’τούς

110 3106 188 3170 3καί
201 3104 262 3169 εἷπε
271 3101 348 3192 πρὸς
360 3109 405 3188 με’.
433 3106 478 3170 υἶὲ
491 3103 672 3194 άνθριάπου,
694 3112 719 3172 ελ
754 3111 976 3193 προςκειμὲνους
991 3108 1036 3176 ἐπ’
1053 3107 1156 3197 αῦτόν.
1182 3113 1234 3176 καί
1250 3105 1362 3196 ῥάβδον

108 3184 225 3290 ζήσεται
249 3185 288 3253 τά
315 3186 409 3255 ὀστέα
428 3193 545 3269 ταύτας
572 3192 623 3256 καί
645 3190 717 3257 εἶπα
754 3192 893 3279 δευτέραν
909 3188 997 3299 λήφη
1012 3200 1146 3279 σεαυτῷ,
1171 3195 1223 3259 καί
1234 3201 1362 3280 γρίιφεις

109 3297 188 3357 κυριε
201 3268 237 3336 κύ
258 3297 297 3349 ιε,
324 3270 361 3337 σύ
377 3277 483 3363 ίπίστη
501 3278 609 3341 ταῦτα,
635 3277 717 3341 *καὶ
754 3272 849 3360 αύτήν
869 3280 915 3361 τῷ
942 3267 1064 3362 [ω’σήφ,
1089 3275 1200 3365 ῥάβδον
1217 3275 1361 3364 Ἐφραίμ,

108 3353 169 3418 εἶπε
195 3297 272 3439 πρδς
296 3359 338 3436 μέ
377 3355 588 3442 προφήτευσσν
608 3360 657 3423 ἐπὶ
674 3358 717 3424 τά
753 3363 805 3425 καὶ
821 3357 940 3433 πάντας
958 3359 1028 3436 τούς
1047 3360 1130 3436 υίοῦς
1144 3358 1268 3442 Ἰσραήλ
1289 3359 1361 3437 τοῦς

108 3435 187 3502 ὀστᾶ
198 3443 306 3512 ταῦτα,
319 3441 370 3502 καὶ
380 3445 452 3523 ἐρεῖς
462 3439 574 3515 αὐτοῖς.
587 3439 628 3505 τά
637 3440 715 3504 ὀστᾶ
753 3444 973 3525 προςτεθέντας
983 3441 1061 3528 πρὸς
1073 3438 1176 3506 αὐτόν.
1194 3442 1359 3508 17καὶσυν-

106 3519 146 3584 τά
159 3517 244 3602 ξηρά,
255 3515 403 3584 ἀκούσατε
411 3517 505 3598 λόγον
516 3528 630 3607 κυρίου.
645 3519 715 3589 5τά·
753 3519 839 3624 άριεις
851 3519 946 3598 αῦτάς
958 3517 1167 3609 προςαλλήλας
1178 3527 1282 3608 σαυτῷ
1286 3575 1297 3603 ,
1320 3530 1361 3602 εἰς

107 3603 138 3668 δε
157 3600 232 3677 λέγει
248 3598 349 3684 κύριος
365 3614 428 3677 τοῖς
445 3602 563 3678 ὀοτίοις
585 3598 712 3680 τούτοις.
753 3606 865 3691 ῥάβδον
888 3612 958 3688 μίαν
975 3610 1032 3673 τοῦ
1047 3607 1138 3693 δῆσαι
1156 3604 1280 3684 ίαυτάς,
1307 3612 1360 3676 καί

108 3683 174 3750 ίθού
187 3680 245 3762 ἐγά
258 3686 341 3766 φέρον
354 3682 399 3765 ἐφ’
415 3681 490 3767 ῦμάς
501 3690 618 3768 πνεῦμα
629 3689 715 3768 ζωῆς,
753 3691 873 3753 ἔσονται
889 3691 922 3755 ἰν
939 3693 979 3784 τῇ
993 3696 1068 3796 ρειρί
1079 3712 1142 3757 σου.
1168 3690 1359 3761 1ἰταλίστατ

106 3770 180 3834 θκαὶ
190 3762 280 3833 δῶσιο
292 3765 335 3848 ἐφ’
351 3766 428 3852 ῦμῦς
440 3773 537 3852 νεῦρα,
550 3771 602 3834 καί
614 3765 714 3847 ἀνάξω
753 3767 826 3836 ὅταν
838 3772 945 3849 λε’γισοι
957 3798 1035 3860 προς
1047 3774 1081 3840 σὲ
1093 3777 1126 3839 οί
1136 3776 1197 3840 υίσί
1210 3775 1360 3844 τοῦλαοῦ

106 3849 151 3933 ἐφ’
169 3849 244 3937 ῦμάς
257 3846 369 3936 σάρκα,
393 3853 446 3916 καί
459 3854 564 3917 ἐκτενῶ
577 3849 620 3933 ίφ’
638 3852 715 3938 ύμάς
751 3879 822 3932 σου,
849 3853 1117 3936 ούκάναγγίλλεις
1135 3853 1226 3942 ήμίνγ
1245 3864 1278 3924 τί
1296 3863 1359 3928 ίστι
1400 3883 1403 3888 ’

106 3936 209 4019 δέρμα,
222 3938 273 4002 καί
282 3929 370 4000 δεύσω
382 3931 498 4019 πνεῦμά
508 3960 567 4018 μου
580 3941 620 4014 είς
630 3934 713 4021 ὑμᾶς,
751 3935 849 4004 ταῦτά
862 3963 909 4004 σοι
914 3968 927 4018 ,·
952 3942 981 3983 ¹⁹
994 3944 1045 4007 καί
1095 3951 1134 4017 εἰς
1143 3940 1223 4027 πρὸς
1235 3940 1358 4022 αύτούς.

106 4021 158 4083 καλ
184 4018 322 4102 ζήσεσθε,
348 4021 399 4085 καί
414 4015 571 4098 γνώσεσθε
583 4016 633 4086 ὅτι
646 4022 713 4100 ,λγοά
750 4018 822 4088 τάδε
836 4023 911 4100 λέγει
928 4018 1038 4109 κύριος.
1054 4049 1057 4056 ·
1094 4021 1132 4093 σύ
1149 4023 1209 4103 ίγιύ
1221 4014 1358 4112 λήψομαι

106 4106 161 4184 εἰμι
174 4101 282 4185 κύριος.
300 4094 595 4189 7ιιαλπροεφήτευσα,
609 4103 713 4181 κοθῶς
750 4105 804 4190 τήν
828 4106 925 4193 φυλήν
951 4105 1081 4192 Ἰωσήφ,
1109 4106 1166 4194 τήν
1189 4105 1240 4189 διά
1281 4111 1357 4197 ειρδς

106 4182 270 4249 ἐνετείλατό
287 4211 345 4266 μοι.
371 4190 424 4252 καὶ
435 4191 550 4265 ἐγένετο
562 4190 593 4252 ἐν
606 4193 652 4271 τῷ
662 4187 712 4272 ἐμὲ
747 4188 892 4275 Ἐφραίμ,
919 4192 970 4275 καί
986 4191 1041 4268 τάς
1054 4189 1152 4274 φυλάς
1165 4189 1270 4279 Ἰοραη
1302 4184 1357 4272 τάς

106 4272 327 4351 προφητεῦσαι,
352 4272 404 4334 καί
420 4268 487 4337 ίδοῦ
501 4268 634 4353 σεισμὸς,
660 4273 712 4337 καί
749 4275 955 4358 προςκειμενας
971 4271 1173 4361 πρῦςαύτδν,
1188 4279 1249 4341 ’καλ
1266 4271 1356 4345 δάσύθ

105 4349 273 4437 προςήγαγε
283 4347 324 4415 τά
337 4348 413 4427 ὀστᾶ
425 4351 649 4439 έκάτερονπρός
657 4353 713 4438 τήν
750 4354 861 4433 αὐτούς
885 4360 937 4424 ίπλ
960 4354 1014 4436 τήν
1038 4356 1132 4448 φυλήν
1159 4354 1277 4438 Ἰούδα,Ι
1296 4363 1356 4427 ’καί

106 4433 252 4541 ἁρμονίαν
265 4431 367 4499 αῦτοῦ.
392 4436 410 4478 ⁸
422 4438 473 4503 καλ
484 4438 555 4502 ἴδον.
582 4440 634 4504 καί
646 4436 712 4503 ἰδού
749 4441 867 4508 ἔσονται
880 4444 920 4518 είς
932 4437 1044 4589 ήάβδον
1054 4448 1126 4527 μίαν
1164 4445 1181 4463 ”
1191 4445 1265 4527 χειρί
1273 4439 1355 4510 Ἰού-

105 4523 143 4585 ἐπ
170 4514 249 4582 αδτά
268 4520 357 4602 νεῦρα
378 4520 430 4582 καί
447 4515 710 4606 σάρκεςίφύοντο,
748 4523 796 4589 δα.
821 4526 917 4590 ”nai
947 4529 1051 4591 σονται
1070 4529 1105 4591 αί
1120 4466 1355 4636 ῥᾏδοιίφάίρ

1316 4640 1351 4678 ου

111 2935 228 3021 κύκλῳ,
254 2940 305 3001 καί
322 2937 388 3002 λδού
408 2937 509 3004 πολλὰ
530 2937 648 3024 σφόδρα
669 2942 720 3005 ἐπὶ
755 2944 800 3024 τῶ
811 2936 931 3028 ῥάβδον,
944 2939 1186 3028 καίγραεμονέτί
1200 2941 1295 3091 αυτήν
1307 2938 1362 3009 τὸν
