2924 4972
119 191 183 263 104
410 191 763 255 Λιιτισικοιυ
799 185 1064 270 wimod.

120 283 1360 409 mm

119 417 207 459 σεται.
246 391 323 454 2καί
338 412 426 462 ουτος
444 411 561 469 ονομος
575 392 725 472 τοῡκριου
755 411 859 454 σιναστ
879 386 974 451 αὐτοῦ
987 390 1026 461 είς
1037 383 1074 449 τὸ
1086 387 1177 471 πρωΐ.
1202 387 1294 448 12καί
1307 384 1359 449 ἐὰν

12 481 15 486 ’
117 480 173 539 τοῦ
185 474 254 559 περί
264 477 316 556 τῆς
327 468 527 554 πλημμελείας.
547 464 619 545 ἅγια
630 465 725 546 άγίων
754 467 821 573 εἴηῆ
838 457 872 554 ᾖ,
894 463 1059 553 ἢίκοέισιον
1074 463 1251 574 θυσιάζητὸ
1264 468 1359 552 δῶρον

117 561 202 623 ἐστίν.
229 559 244 600 2
256 560 287 621 έν
299 549 384 619 τάττω
396 545 433 618 οὖ
447 548 590 632 σφάζουσι
604 551 639 616 τὸ
653 548 725 616 ὅλο-
754 558 858 629 αυτοῦ,
869 543 890 661 ᾗ
902 550 940 616 άν
951 547 1045 636 ἡμέρᾳ
1055 575 1227 642 προςαγαγη
1237 550 1291 634 την
1300 560 1358 612 θυ-

115 637 274 721 καάτωμα,
311 617 456 717 σφάξουσι
487 634 542 699 τὸν
565 633 649 720 κριὸν
672 638 724 708 τ”ς
754 640 823 699 σίαν
844 638 953 711 αυτοῦ,
977 631 1165 735 (ίρωθὴσεται
1181 636 1286 735 κοίτη
1303 631 1358 696 αὔ-

115 723 306 805 πλημμέίκίας
318 722 413 783 έναντι
426 723 537 802 κυρίου.
562 717 661 782 καὶτὸ
675 660 723 782 άλ-
754 742 827 802 ριον.
851 718 944 782 12καί
958 741 995 781 το
1012 715 1210 818 καταλειφθέν
1222 703 1286 780 αἰτέο
1298 719 1359 778 τῶν

114 833 157 886 μα
172 813 305 889 προςχεεί
320 803 371 866 ίιιί
381 801 435 885 την
445 796 534 891 βάσιν
545 806 601 865 τοῦ
613 810 723 865 θυσια-
752 806 844 887 κρεῶν
858 804 911 885 τῆς
927 805 1035 874 θυσίας
1051 805 1106 873 ἕως
1126 802 1233 885 ημέρας
1249 804 1357 899 τρίτης,

115 893 235 973 στηρίου
257 880 362 968 κύκλῳ.
401 885 481 948 2καί
496 887 559 947 πᾶν
575 881 612 947 τά
631 886 722 968 στέαρ
753 885 784 947 ἐν
807 884 880 969 πυρί
904 877 1173 967 κατακαυθήσεται.
1210 882 1305 944 12εἀν
1326 879 1358 943 δὲ

115 969 211 1035 αὐτοῦ
227 973 375 1054 προςοίσιι
392 964 443 1031 ἀπ’
465 963 575 1042 αὐτοῦ,
601 967 653 1031 καί
668 964 722 1049 τὴν
752 966 857 1048 φαγὼν
867 961 950 1060 φάγη
962 962 1025 1030 άπὸ
1039 969 1099 1028 τῶν
1111 969 1202 1050 κρεῶν
1214 968 1252 1065 τη
1264 960 1357 1046 ἡμέρῳ

114 1050 210 1135 ὀσφὺν
226 1053 278 1117 καί
293 1055 355 1117 πᾶν
373 1049 409 1115 τὸ
427 1052 517 1135 στέαρ
535 1048 571 1114 τὸ
588 1075 722 1114 κατακα-
752 1054 790 1142 τῇ
814 1055 916 1140 τρίτη,
951 1046 988 1113 οὗ
1014 1044 1185 1132 «λεχθήσεται
1213 1035 1296 1128 αὐτῷ
1314 1048 1358 1127 τῷ

114 1131 229 1201 λάπτον
241 1133 280 1199 τά
293 1131 443 1210 ἒνδόσθια,
453 1136 505 1197 καί
513 1137 575 1198 πᾶν
583 1128 620 1196 τὸ
631 1135 721 1217 στέαρ
750 1135 946 1238 προςφίροντι
967 1127 1052 1195 αιἰτό.
1089 1129 1125 1195 οὐ
1151 1125 1357 1232 λογισθηοεται

114 1215 151 1284 τὸ
163 1221 287 1284 ίπὶτοῖν
299 1219 470 1284 ένδοσθίων.
494 1215 572 1280 4καί
584 1214 654 1290 τοὺς
667 1210 721 1280 δάο
752 1221 851 1301 αυτῷ,
874 1209 986 1298 μίασμά
1004 1218 1089 1279 ἐστιν.
1114 1209 1132 1298 ἡ
1150 1212 1181 1278 δὲ
1199 1232 1277 1297 ῳυχη
1296 1208 1359 1294 η’τις

114 1302 250 1389 νεφροὺς,
275 1304 327 1367 καί
344 1300 381 1367 τὸ
394 1303 487 1385 στέαρ
499 1298 536 1363 τὸ
548 1297 594 1362 ἐπ’
611 1297 721 1375 αὐτῶν,
751 1297 804 1365 έάν
829 1294 911 1396 φάγη
936 1295 987 1362 ἀπ’
1009 1295 1116 1374 αὐτοῦ,
1141 1296 1195 1382 τὴν
1211 1293 1359 1380 ἁμαρτίαν

114 1384 150 1451 τὸ
164 1388 214 1450 ἐντί
225 1388 286 1449 τοῖν
296 1391 420 1470 μηρίων,
438 1377 553 1446 καὶτὸν
566 1380 657 1466 λοβὸν
668 1380 722 1445 τὸν
752 1380 886 1467 λήψεται.
917 1383 946 1424 ¹⁰
959 1382 1010 1445 καὶ
1022 1383 1095 1467 κρέα
1106 1375 1164 1446 δ’σα
1177 1378 1229 1445 ἐάν
1243 1374 1359 1461 άψηται

114 1470 165 1532 ἐπί
177 1470 233 1530 τοῦ
245 1462 361 1548 ἥπατος
375 1463 429 1528 σὺν
440 1473 502 1535 τοίς
515 1474 643 1545 νεφροῖς,
667 1487 721 1524 ιτε-
751 1462 864 1538 παντός
882 1459 1076 1547 ἀκαθάρτου,
1106 1461 1143 1529 οὐ
1161 1458 1359 1550 βρωθησεται,

114 1548 201 1634 ριελεί
216 1541 304 1609 αὐτά.
329 1545 408 1608 6καί
426 1541 534 1607 άνοίσει
551 1541 632 1606 αὐτά
649 1539 721 1606 δίε-
752 1547 867 1629 ένιτυρλ
885 1543 1154 1626 κατακαυθήσεται.
1181 1551 1242 1618 πᾶς
1259 1554 1360 1608 καθα-

114 1629 179 1716 ρεέις
204 1629 255 1694 ἐπὶ
279 1625 316 1692 τὸ
342 1620 556 1710 θυσιαστήριον
572 1620 721 1710 κάρπωμα
770 1624 803 1702 ὸς
821 1621 947 1724 φάγεται
966 1629 1046 1708 κρέα.
1072 1622 1135 1707 2οἢ
1153 1625 1185 1688 δὲ
1204 1625 1283 1709 φυχη
1296 1623 1359 1708 ἥτις

113 1718 159 1798 τῳ
171 1716 271 1799 κυρίῳ,
282 1712 350 1797 περί
359 1708 549 1792 πλημμελείας
558 1710 626 1773 ἐστί.
640 1709 721 1782 6στάς
750 1652 804 1774 λὰν
823 1732 905 1801 φαγη
923 1703 986 1771 άπὸ
1003 1710 1064 1770 τῶν
1079 1711 1170 1791 κρεῶν
1187 1711 1240 1790 της
1252 1715 1359 1783 θυσίας

114 1797 207 1900 άρσηυ
223 1799 256 1859 ἐκ
271 1798 332 1858 τῶν
351 1795 451 1877 ίερέων
462 1792 557 1856 έδεται
570 1787 665 1865 αὐτά,
690 1794 722 1854 ἐν
751 1794 808 1855 τοῦ
825 1794 987 1873 σωτηρίου,
1011 1786 1031 1852 δ’
1051 1792 1111 1857 ἐστι
1130 1794 1245 1875 κυρίου,
1271 1789 1357 1875 καὶὴ

114 1905 202 1960 τοπῳ
214 1873 291 1953 ἆγίω
303 1877 419 1942 ἔδονται
432 1869 519 1939 αιἰτά.
545 1869 616 1952 άγια
628 1868 722 1950 άγίων
752 1872 928 1959 ἀκαθαρσία
941 1870 1036 1936 αὐτοῦ
1049 1869 1093 1938 ἐπ’
1110 1871 1209 1954 αὐτῷ,
1235 1871 1356 1937 άπολεί-

114 1966 201 2026 ἒστίν.
228 1941 349 2045 ’ίσλςπερ
366 1954 403 2023 τὸ
419 1958 486 2043 περί
502 1960 554 2040 τῆς
566 1953 721 2043 ἁμαρτίας,
750 1982 800 2021 ται
818 1951 929 2041 ἢψυχη
947 1959 1038 2039 ἐκείνη
1057 1959 1089 2020 ἐκ
1101 1961 1156 2020 τοῦ
1168 1956 1244 2020 λαοῦ
1257 1953 1357 2040 αὐτῆς.

115 2040 197 2110 οὕτω
214 2039 318 2107 καὶτὸ
336 2045 388 2124 τῆς
406 2067 430 2107 ιτ
519 2039 605 2114 λείας.
636 2034 722 2121 νόμος
751 2042 779 2082 ²¹
790 2041 841 2104 καί
865 2037 884 2121 ἢ
909 2035 988 2145 ῳυηη
1012 2036 1031 2122 ἢ
1057 2037 1096 2103 άν
1113 2035 1229 2122 άῳηται
1245 2038 1358 2114 παντὸς

114 2127 153 2202 είς
169 2123 277 2189 αὐτῶν.
303 2120 321 2189 ὃ
340 2121 429 2211 ίερεύς
468 2149 482 2199 ς
500 2148 544 2198 τις
562 2117 721 2200 ίξιλάσεται
750 2119 925 2209 πράγματος
943 2117 1135 2208 ακαθάρτου,
1160 2123 1180 2206 ἢ
1199 2120 1262 2186 ἀπὸ
1280 2120 1358 2186 άκα-

115 2212 146 2274 ἐν
157 2207 257 2290 αὐτῷ,
280 2205 365 2272 αάτιό
378 2210 469 2273 έοται.
497 2207 524 2250 ’2
536 2208 588 2270 καί
600 2202 619 2270 ὃ
633 2203 722 2292 ἱερεὺς
751 2211 882 2292 θαρσίας
899 2201 1077 2291 ἀνθρώπου,
1101 2203 1121 2289 ἢ
1138 2211 1199 2270 τῶν
1210 2201 1358 2292 τετραπό-

114 2291 133 2357 ὁ
155 2287 311 2374 προςάγων
327 2273 524 2396 ὁλοκαέτωμα
546 2284 722 2375 άνθράπου,
751 2291 810 2356 δων
827 2294 888 2353 τῶν
906 2286 1106 2373 ἀκαθάρτων,
1132 2286 1150 2370 ἢ
1167 2289 1279 2364 παντὸς
1292 2290 1357 2374 βδε-

114 2372 152 2440 τὸ
165 2376 257 2461 δέρμα
270 2378 322 2460 τῆς
334 2370 569 2452 ὁλοκαυτωοεως,
585 2364 620 2456 ἧς
630 2399 722 2459 προς-
751 2369 899 2456 λάγματος
912 2369 1103 2457 ἀκαθάρτου,
1129 2373 1180 2436 καί
1198 2368 1279 2464 φάγη
1292 2371 1355 2437 άπὸ

115 2462 196 2545 φέρει
209 2454 314 2535 αὐτὸς,
332 2455 419 2542 αὐτῷ
430 2460 522 2523 ἔσται.
546 2458 627 2521 2καί
637 2461 722 2521 πᾶσα
751 2461 811 2521 τῶν
827 2459 918 2542 κρεοέν
938 2460 989 2538 τῆς
1004 2460 1112 2528 θυσίας
1128 2459 1182 2518 τοῦ
1200 2462 1356 2540 σωτηρίου,

114 2549 210 2607 θυσία
227 2537 290 2626 ἥτις
306 2537 503 2627 ποιηθησεται
520 2544 551 2606 έν
562 2543 608 2623 τῳ
619 2535 723 2627 κλιβά-
751 2536 770 2605 δ’
783 2543 845 2606 ἔστι
858 2546 968 2624 κυρίου,
989 2537 1144 2603 ἀπολεῖται
1158 2533 1176 2621 ἢ
1190 2538 1269 2622 ψυχὴ
1284 2543 1357 2604 ἐκεί-

115 2651 171 2709 νῳ,
196 2627 248 2690 καί
270 2630 358 2691 πάσα
381 2619 444 2708 λη’τις
460 2618 657 2707 ποιηθησεται
674 2621 717 2688 ἐπ’
751 2649 785 2705 νη
798 2626 829 2686 ἐκ
843 2628 898 2688 τοῦ
910 2622 987 2686 λαοῦ
1000 2619 1099 2705 αὐτῆς.
1129 2623 1158 2663 ²²
1171 2623 1222 2685 καί
1233 2618 1356 2705 ε’λάληοε

115 2704 256 2793 ἐσχάρας,
282 2706 365 2790 ἢέπὶ
381 2702 526 2788 τηγάνου,
549 2711 605 2768 τοῦ
623 2708 721 2788 ίερέως
751 2706 849 2790 κύριος
860 2705 936 2790 πρὸς
948 2708 1092 2787 Μωυσῆν,
1105 2703 1205 2781 λέγων.
1223 2706 1253 2746 23
1263 2701 1356 2788 λάλη-

113 2795 168 2853 τοῦ
180 2791 396 2873 προςφέροντος
408 2783 515 2868 αὐτὴν,
531 2783 614 2865 αὐτῷ
627 2789 719 2851 ἔσται.
751 2811 803 2851 σον
818 2799 881 2860 τοῖς
898 2791 973 2860 υἱοῖς
994 2783 1130 2869 Ἰσραὴλ,
1155 2787 1257 2865 λέγων.
1294 2793 1356 2853 πᾶν

113 2873 207 2933 10καί
221 2874 308 2935 πᾶσα
324 2873 418 2933 θυσία
434 2865 670 2950 άναπεποιημένη
688 2871 721 2932 έν
751 2872 840 2953 στέαρ
851 2872 939 2954 βοῶν,
953 2869 1005 2932 καὶ
1015 2865 1185 2955 προβάτων,
1203 2873 1253 2936 καί
1263 2876 1356 2949 αἰγῶν

112 2953 221 3037 έλαίῳ,
250 2954 302 3016 καί
321 2950 363 3054 μη
385 2947 634 3031 άναττεποιημένη,
657 2954 720 3014 ποῖ-
749 2949 804 3015 οὐκ
817 2954 924 3017 ἔδεοθε.
960 2951 1055 3016 22καὶ
1068 2957 1159 3039 στέαρ
1172 2961 1357 3037 θνησιμαίων

113 3063 141 3101 σι
166 3047 229 3112 τοῖς
253 3038 329 3108 υίοῖς
352 3031 469 3119 Ααρών
493 3035 576 3097 ἔσται
602 3030 718 3117 ἑκάστῳ
749 3037 800 3099 καί
814 3029 1012 3122 θηριαλκάτων
1026 3032 1221 3140 ποιηθησεται
1239 3044 1278 3114 είς
1293 3043 1354 3103 πᾶν

110 3117 147 3186 τά
160 3119 233 3184 ίσον.
670 3132 672 3137 “
749 3120 849 3201 έργον,
872 3119 924 3183 καί
936 3123 975 3195 εἷς
986 3122 1096 3205 βρῶσιν
1107 3145 1143 3185 ου
1155 3118 1352 3207 βρωθησεται.

303 3204 376 3262 ΚΕ
390 3203 428 3262 Φ.
471 3192 520 3262 Z'.
748 3204 777 3244 ²⁵
790 3206 835 3267 πᾶ
866 3199 999 3266 ὅέσθων
1016 3205 1105 3289 στέαρ
1124 3200 1187 3268 άπὸ
1204 3208 1264 3269 τῶν
1282 3231 1353 3290 κτη-

109 3247 263 3356 11Οὗτος
288 3277 318 3379 ὁ,
324 3278 410 3364 νόμος
431 3287 542 3356 θυσίας
560 3287 715 3369 σωτηρίου,
747 3287 814 3360 νῶν,
828 3309 870 3350 ων
880 3280 1016 3371 προςάξει
1028 3284 1080 3350 ἀπ’
1092 3283 1192 3352 αὐταῖν
1204 3282 1353 3372 κάρπωμα

108 3362 146 3449 ἣν
158 3372 344 3452 προςοίσουσι
357 3371 456 3452 κυρίῳ.
481 3368 509 3408 22
522 3364 575 3430 ἐάν
586 3364 638 3448 μὲν
649 3369 716 3452 περὶ
746 3375 852 3452 κυρίῳ,
878 3367 1032 3434 ἀπολεῖται
1049 3366 1069 3453 ἦ
1085 3365 1164 3455 ψυχὴ
1181 3373 1271 3456 ἐκείνη
1287 3370 1350 3438 ἀπὸ

109 3453 243 3527 αἰνέσεως
260 3455 409 3536 προςφέρη
428 3447 534 3533 αὐτην,
560 3451 611 3514 καί
623 3476 713 3536 προς·
745 3456 801 3516 τοῦ
812 3452 889 3517 λαοῦ
901 3450 1000 3536 αὐτῆς.
1022 3454 1054 3495 ²⁶
1065 3457 1127 3519 πᾶν
1140 3453 1213 3539 αίμα
1224 3453 1279 3521 οὐκ
1292 3458 1353 3522 ἐδε-

108 3540 180 3600 οίσει
198 3536 248 3601 ἐπὶ
264 3539 317 3618 τῆς
328 3522 435 3610 θυσίας
446 3537 499 3617 τῆς
511 3535 645 3607 αἰνέσεως
658 3531 714 3618 άρ-
746 3545 800 3602 σθε
813 3539 844 3600 ἐν
855 3531 939 3631 πάση
951 3541 989 3629 τῇ
1002 3543 1139 3602 κατοικία
1153 3534 1233 3620 ὑμῶν
1245 3536 1308 3605 άπά
1321 3566 1351 3606 τε

106 3642 175 3694 τους
199 3624 231 3684 ἐκ
258 3613 428 3700 σεμιδάλεως
448 3614 714 3696 ἀναπεποιημένους
744 3623 805 3682 τῶν
821 3624 934 3704 κτηνῶν
958 3645 996 3683 κα

106 3703 137 3764 ίν
147 3701 247 3781 ἐλαίῳ,
260 3701 311 3762 καί
322 3695 438 3776 λάγανα
449 3697 543 3780 ἄζυμα
552 3698 712 3783 διακεχρισ-
744 3703 774 3745 22
791 3706 877 3767 πᾶσα
889 3698 969 3807 mr)
982 3702 1002 3785 ἢ
1013 3701 1051 3767 ἂν
1063 3699 1145 3794 φάγη
1157 3703 1243 3784 αίμα,
1271 3702 1348 3767 άπο-

104 3785 180 3865 μένα
191 3786 222 3846 ἐν
234 3781 335 3863 ἐλαίῳ,
359 3783 411 3844 καί
423 3780 566 3862 σεμίδαλιν
577 3806 710 3868 πεφυρα-
744 3783 835 3850 λείται
846 3783 864 3870 ἡ
875 3806 936 3870 ψυχ
965 3789 1056 3868 έκείνη
1066 3783 1130 3848 άπὸ
1140 3789 1195 3850 τοῦ
1206 3785 1282 3850 λαοῦ
1293 3784 1347 3849 αὐ-

104 3867 233 3947 μένηνέν
247 3863 345 3946 ἐλαίῳ
372 3861 710 3949 13ἐστ’άρτοιςζυμίταις
742 3873 802 3952 τῆς.
821 3871 911 3934 22’καί
923 3814 1044 3951 έλάλησε
1056 3862 1153 3954 κάρτος
1164 3865 1240 3952 πρὸς
1249 3875 1347 3933 Μωυ-

105 3953 251 4033 προςοίσει
274 3946 314 4012 τά
332 3947 415 4028 δῶρα
432 3946 528 4012 αὐτοῦ
545 3949 596 4013 ἐστὶ
613 3955 708 4033 θυσίᾳ
743 3958 809 4034 σῆν,
827 3951 927 4031 λέγων.
953 3950 983 3993 22
996 3951 1122 4025 καὶτοῖς
1135 3954 1210 4026 υίοῑς
1225 3949 1349 4034 Ἰσραὴλ

105 4034 238 4106 αἰνέσεως
250 4036 403 4116 σωτηρίου.
425 4031 454 4074 ¹⁴
467 4031 518 4095 καί
529 4026 665 4117 προςάξει
678 4039 709 4097 έν
742 4030 887 4119 λαλήσεις,
899 4034 1000 4111 λέγων.
1026 4030 1044 4097 ὁ
1057 4037 1229 4136 προσφέρων
1240 4040 1349 4098 θυσίαν

105 4111 168 4179 άπὸ
180 4109 302 4179 πάντων
312 4118 373 4177 τῶν
384 4109 488 4198 δώρων
497 4111 604 4191 αὐτοῦ,
614 4112 707 4196 άφαί-
742 4124 896 4200 σωτηρίου,
908 4116 980 4181 οἴσει
992 4114 1028 4180 τὸ
1042 4117 1139 4200 δωρον
1150 4121 1247 4182 αυτοῦ
1257 4125 1324 4201 κυρί
1331 4185 1337 4202 ⁸

104 4222 178 4281 ρεμα
202 4201 302 4282 κυρίῳ.
333 4200 377 4278 τῷ
395 4200 464 4281 ίερεί
478 4200 522 4279 τῷ
540 4200 708 4284 προςχέοντι
741 4203 792 4266 καί
815 4197 879 4265 ἀπὸ
905 4201 958 4280 τῆς
982 4204 1092 4274 θυσίας
1116 4203 1173 4263 τοῦ
1190 4207 1345 4285 σωτηρίου.

103 4279 140 4344 τὸ
158 4279 231 4361 αίμα
248 4282 305 4344 τοῦ
328 4283 488 4363 σωτηρίου,
513 4276 598 4364 αὐτῷ
613 4286 706 4349 ἔσται.
740 4284 812 4348 2οαί
819 4292 906 4368 χεῖρες
917 4278 1013 4346 αὐτοῦ
1021 4287 1212 4367 προςοίσουσι
1223 4284 1262 4349 τά
1272 4312 1347 4371 καρ-

103 4363 129 4406 ¹⁵
143 4363 194 4427 καί
206 4361 245 4426 τά
258 4364 330 4448 κρέα
342 4368 450 4437 θυσίας
464 4364 597 4440 αίνέοεως
610 4390 708 4449 σωτη-
739 4361 871 4448 πόματα
887 4369 987 4450 κυρίῳ.
1012 4363 1050 4428 τὸ
1070 4366 1161 4451 στέαρ
1179 4366 1216 4431 τὸ
1230 4370 1279 4433 ἐπὶ
1291 4375 1345 4434 τοῦ

102 4452 178 4535 ρίου,
191 4443 276 4532 αὐτῷ
287 4448 380 4511 έσται.
402 4447 455 4510 καί
466 4448 496 4510 έν
509 4437 527 4539 ᾗ
542 4443 634 4534 ἡμέρῳ
647 4449 708 4515 δω-
740 4453 909 4535 στηθυνίου,
932 4448 984 4511 καί
996 4447 1051 4513 τὸν
1062 4447 1151 4535 λοβὸν
1163 4457 1217 4516 τοῦ
1231 4447 1346 4536 ἥπατος

1253 4563 1344 4624 προς-
