2924 4972
163 250 208 316 60
524 252 752 318 ΕΞΟΔΟΣ
790 239 1045 328 Κεα.ε’.ς’.5.6.

163 377 223 432 θον
239 362 308 451 ῆμῖν
331 365 449 444 λέγουσι
466 375 568 430 ποιεῖν.
594 367 646 431 καί
661 364 726 431 ἰδοὺ
743 369 774 430 οί
806 361 881 448 ὑμᾶς
893 360 968 428 λαὸν
979 365 1053 447 ίμοί,
1066 366 1118 430 καί
1128 370 1231 468 ε”οομαι
1245 362 1414 449 ύμῶνθεός.

163 448 268 523 παῖδές
293 473 348 513 σου
363 453 605 532 μεμαστίγωνται.
629 444 774 538 ἇδικῆσεις
805 450 857 513 καί
872 443 1037 525 γνώσεσθε,
1063 443 1111 512 δτι
1129 453 1188 526 ἔγω
1200 445 1300 536 κύριος
1313 447 1331 516 ὁ
1344 453 1416 529 θεὸς

163 519 219 597 σύν
231 528 284 596 τὸν
296 527 372 598 λαόν
384 557 447 599 σου.
474 533 561 596 17καί
572 528 649 596 εἶπεν
662 530 773 607 αὐτοῖς.
805 527 887 615 ὑμῶν
894 581 904 609 ,
930 527 948 596 δ
961 529 1111 608 ἐξαγαγὼν
1124 527 1198 613 ὑμᾶς
1210 534 1242 596 ἐκ
1255 538 1308 616 τῆς
1320 560 1415 600 κατα-

164 611 323 700 σχολύζετε.
350 614 516 701 σχολασταί
525 619 598 680 ἐστι.
621 613 670 680 διδ
682 619 773 680 τοῦτο
804 615 974 689 δυναστείας
986 619 1047 678 τῶν
1057 617 1243 693 Αἰγυπτίων.
1268 617 1348 682 ’καί
1360 623 1416 693 είς-

163 698 267 776 λέγετε.
291 701 491 802 πορευθυῆμεν,
502 693 642 781 θύσωμεν
654 701 699 782 τῷ
710 702 773 781 θεῷ
805 697 868 775 οίξω
882 695 958 781 ὑμᾶς
975 702 1014 774 είς
1032 694 1085 782 τῆν
1099 702 1167 784 γῆν,
1193 703 1233 774 είς
1253 695 1290 783 ῆν
1313 703 1416 778 ἐξέτει-

164 777 256 866 ῆμοῖν.
287 781 379 848 1ονῦν
396 805 449 847 ουν
465 776 770 867 πορευθέντεςέργύ-
804 806 843 846 να
866 780 921 868 τῆν
943 777 1025 871 χεῖρά
1043 807 1099 864 μου
1104 831 1115 885 3
1139 782 1241 847 δοῦναι
1263 779 1355 869 αύτῆν
1370 789 1417 869 τῷ

164 866 258 941 ζεσθε.
284 863 321 929 τὸ
345 863 404 952 γὰρ
429 862 539 950 ἄχυρον
559 861 596 930 ού
611 859 773 950 δοθῆσεται
799 860 935 967 Ἀβραὰμ
958 867 1009 929 καὶ
1030 861 1133 933 ’Iam
1151 862 1333 953 καὶἿακαίβ.
1363 874 1415 932 καί

165 944 247 1030 ύμῖν,
273 949 324 1015 καί
340 943 393 1072 τῆν
409 943 544 1026 σύνταξιν
555 950 608 1032 τῆς
620 947 774 1024 πλινθείας
804 945 893 1012 δεύσω
904 958 972 1030 υμῖν
982 944 1074 1032 αύτῆν
1083 951 1114 1012 ἐν
1122 943 1231 1033 κλῆρω.
1240 947 1299 1028 ἐγὼ
1308 945 1413 1034 κύριος.

165 1025 343 1096 ἅποδυλσετε.
373 1024 497 1119 Ωἑώρων
509 1030 540 1096 δὲ
553 1033 585 1096 οί
594 1043 774 1118 γραμματεῖς
804 1031 821 1074 ⁹
834 1027 906 1095 ίλύλ
924 1056 955 1097 σε
971 1028 1003 1096 δὲ
1015 1036 1153 1116 Μωυσῆς
1170 1015 1251 1097 οίίτω
1263 1044 1327 1107 τοῖς
1340 1037 1415 1109 υίοῖς

164 1118 224 1178 τῶν
241 1110 447 1200 υίιῖινἸσραῆλ
464 1112 588 1189 ἑαυτούς
605 1118 636 1179 ἔν
660 1126 773 1192 κακοῖς,
802 1057 934 1218 Ἰσραῆλ.
967 1116 1019 1179 καί
1035 1112 1090 1180 οὐκ
1108 1110 1274 1200 είςῆκουσαν
1294 1121 1415 1200 Μωυσῆ

163 1196 300 1275 λέγοντες.
310 1195 366 1264 σιἰκ
376 1196 551 1283 ἆπολείψετε
560 1199 612 1282 τῆς
621 1198 774 1274 πλινθείας
805 1194 869 1263 ἇπο
882 1203 934 1285 τῆς
946 1195 1149 1299 ὂλιγοψυρίας,
1161 1199 1212 1269 καί
1221 1195 1286 1264 ύπδ
1297 1203 1415 1286 τῶνδρ-

162 1278 200 1344 τδ
212 1285 348 1364 καθῆκον
359 1285 396 1377 τῆ
414 1276 518 1386 ῆμίρρι.
545 1283 577 1325 ²⁰
590 1276 774 1366 συν’ντησαν
803 1306 867 1358 γων
891 1286 951 1345 τῶν
967 1280 1110 1373 σκλῆρων.
1146 1287 1175 1327 ¹⁰
1187 1282 1248 1352 εἶπε
1267 1281 1299 1347 δέ
1314 1279 1350 1348 κύ
1371 1309 1414 1358 ιος

162 1361 195 1429 δὲ
213 1368 336 1458 Μωυσῆ
353 1365 405 1430 καί
417 1367 473 1430 Aa
505 1363 536 1428 'r
556 1309 718 1450 ίρχομλνοις
735 1369 774 1439 εἶς
804 1363 881 1450 πρὸς
892 1369 1037 1450 Μωυσῆν,
1055 1364 1158 1444 λε’γων.
1183 1370 1209 1408 ¹¹
1222 1365 1340 1443 είςελθε,
1352 1309 1414 1432 λύ-

164 1442 333 1530 συνοίντῆσιν
346 1444 458 1522 αύτοίς,
503 1448 705 1532 πορευομένων
717 1445 774 1512 αιἰ-
804 1446 896 1530 λῆσον
910 1448 1026 1534 Φαραὼ
1039 1449 1154 1537 βασιλεῖ
1161 1446 1338 1528 Αἰγύπτου,
1363 1455 1415 1516 ἵνα

162 1533 223 1594 τῶν
234 1527 297 1594 ἀπὸ
312 1525 437 1616 Φαραιύ.
461 1532 488 1572 ²¹
499 1531 550 1594 καί
562 1527 648 1596 είπαν
661 1528 772 1606 αύτοῖς.
804 1531 995 1627 ίξαποστείλῆ
1008 1531 1077 1607 τοὺς
1090 1528 1170 1606 υἱούς
1185 1531 1306 1617 Ἰσραῆλ
1318 1538 1350 1598 ίιι
1362 1539 1414 1618 τῆς

165 1612 221 1678 ἴδοι
236 1608 338 1690 ὁθεδς
352 1609 426 1696 ὑμᾶς
438 1614 490 1677 καί
502 1618 609 1701 κρίναι,
633 1609 680 1679 δ’τι
693 1615 772 1700 ε’βδε-
804 1618 858 1700 γῆς
884 1612 986 1681 αὐτοῦ.
1025 1616 1053 1658 ¹²
1071 1609 1194 1697 ίλολλῆσε
1219 1615 1251 1679 δὲ
1276 1621 1414 1699 Μωυσῆς

164 1692 269 1775 λύξατε
287 1695 340 1805 τῆν
355 1692 446 1780 ὄσμῆν
463 1691 545 1781 ῆμῶν
561 1698 693 1763 ἐναντίον
706 1702 774 1762 Φα-
805 1701 899 1763 ἔναντι
912 1703 1024 1786 κυρίου,
1036 1696 1139 1775 λέγων.
1160 1697 1225 1763 ἰδού
1238 1702 1269 1763 σί
1281 1697 1413 1764 υίοίἸσ-

164 1779 245 1865 ραώ,
270 1807 321 1845 και
345 1783 480 1846 ἐναντίον
502 1783 563 1844 τῶν
578 1776 774 1866 θεραπόντων
804 1780 882 1869 ραῆλ
906 1779 961 1847 οὐκ
984 1776 1151 1866 ελςῆκουσύν
1174 1807 1245 1864 μου,
1274 1783 1325 1846 καί
1349 1787 1414 1858 πῶς

166 1861 270 1940 αὐτοῦ,
281 1865 385 1929 δοῦναι
397 1865 548 1949 ῥομφαίαν
560 1867 599 1938 είς
611 1863 666 1940 τὰς
676 1875 774 1951 χεῖρας
805 1860 1003 1940 είςακούσεταί
1034 1891 1070 1930 ου
1083 1860 1199 1967 Φαραώ
1202 1895 1215 1945 ,·
1228 1862 1286 1943 ίγώ
1297 1863 1328 1930 δὲ
1340 1864 1414 1930 δίλο-

166 1943 271 2023 αύτοΐι,
284 1943 454 2015 ἀποκτεῖναι
466 1943 550 2049 ῆμοῖς.
573 1948 603 1990 ²²
613 1949 774 2035 ἐπέστρεψε
805 1944 858 2028 γός
871 1952 933 2032 εἶμι.
958 1950 986 1992 ¹³
999 1893 1060 2014 ελπε
1072 1947 1104 2015 δὲ
1116 1975 1214 2035 κυριος
1226 1948 1303 2032 πρὸς
1314 1955 1414 2014 Μωυ-

165 2028 197 2096 δὲ
208 2034 345 2116 Μωυσῆς
354 2029 431 2116 πρὸς
441 2055 551 2117 κυριον,
564 2033 615 2097 καί
626 2028 696 2096 εἷπε.
708 2032 775 2096 διὀ-
806 2037 859 2117 σῆν
870 2033 922 2097 καί
933 2028 1050 2136 Ἀαρών
1055 2082 1066 2110 ,
1086 2033 1138 2096 καί
1150 2035 1299 2110 συιῗέταξεν
1312 2029 1413 2106 αὐτοῖς

164 2139 218 2197 μαι
231 2108 318 2200 κύριε.
341 2119 374 2179 τί
384 2110 537 2189 ἐκύκωσας
548 2112 602 2180 τὸν
614 2112 691 2181 λαὸν
703 2117 776 2181 τοῦ·
805 2114 882 2202 πρὸς
896 2121 1012 2202 Φαραω
1024 2116 1147 2203 βασιλέα
1159 2113 1329 2195 Αίγύπτου,
1342 2111 1414 2190 οἳςτε

166 2221 235 2277 τον,·
258 2198 309 2262 καί
322 2199 402 2262 ίνατί
412 2191 601 2276 ἆπέσταλκοίς
612 2224 646 2282 με
649 2227 662 2280 ,·
686 2200 715 2241 ²¹
725 2198 776 2263 καί
806 2199 1008 2278 ἐξαποστεῖλαι
1020 2197 1090 2277 τούς
1099 2197 1181 2275 υίούς
1190 2195 1310 2285 Ἰσραῆλ
1320 2201 1351 2264 ἐκ
1360 2203 1414 2283 γῆς

167 2276 219 2362 ἀφ’
240 2272 276 2346 ού
294 2276 473 2367 πεπόρευμαι
490 2277 566 2367 πρὸς
584 2277 701 2368 Φαραώ
720 2281 775 2346 λα·
805 2285 974 2361 Αἰγύπτου.
993 2282 1084 2348 14καὶ
1096 2275 1178 2348 οὗτοι
1189 2280 1313 2387 ἆρχῆγοί
1325 2284 1415 2348 οἴκων

168 2363 255 2468 λῆσαι
280 2365 331 2430 ἐπί
354 2368 400 2447 τῷ
417 2368 464 2448 σῷ
480 2359 620 2450 ὀνόματι,
645 2360 776 2430 ίκύκωσε
806 2370 941 2453 πατριῶν
953 2363 1061 2431 αύτῶν.
1088 2362 1316 2453 υίοὶῬουβῆνπ
1335 2392 1414 2431 ωτο-

167 2472 222 2512 τον
233 2446 309 2514 λαὸν
321 2451 443 2528 τοῦτον,
466 2451 519 2516 καί
529 2444 584 2516 ούκ
597 2444 711 2537 ίῤῥύοω
724 2445 776 2515 τὸν
807 2445 897 2517 τύκου
911 2445 1043 2538 Ἰσραῆλ.
1065 2446 1174 2535 Ἐνώχ,
1199 2453 1250 2514 καί
1263 2392 1412 2527 Φαλλούς,

167 2525 242 2597 λαόν
255 2557 316 2598 σου.
802 2533 924 2621 Ἀσρών,
937 2536 988 2600 καί
1001 2539 1127 2621 Χαρμεί.
1147 2530 1222 2618 αύτῆ
1235 2529 1254 2624 ῆ
1267 2535 1414 2611 συγγένεια

370 2622 404 2682 Κ
415 2623 446 2681 E
456 2620 494 2681 Φ.
524 2612 576 2693 ’ς’.
802 2614 936 2704 Ῥουβῆν.
961 2619 988 2662 ¹¹
998 2620 1049 2683 καί
1062 2619 1122 2683 υίοί
1134 2614 1263 2700 Συμεών.
1272 2612 1414 2700 Ἰεμουῆλ,

138 2701 142 2707 ’
168 2666 253 2767 Καὶ
268 2697 330 2763 εἶπε
345 2695 444 2802 κύριος
461 2697 538 2784 πρὸς
551 2702 695 2784 Μωυσῆν.
721 2697 776 2786 ἤδη
807 2704 858 2767 καί
867 2701 988 2784 Ἰαμείμ,
1007 2700 1059 2764 καί
1069 2696 1157 2775 Ἀώδ,
1174 2702 1224 2764 καί
1237 2698 1351 2785 Ἰαχείν,
1364 2702 1415 2765 καί

169 2780 253 2866 δ’ψει,
277 2776 435 2868 δ’ποιῆσω
451 2787 497 2866 τῷ
515 2786 640 2867 Φαραώ.
667 2788 698 2848 ἐν
716 2783 775 2871 γὰρ
806 2780 905 2870 Σαᾶρ,
923 2785 975 2848 καί
986 2779 1091 2847 Σαούλ
1104 2779 1122 2845 ὁ
1136 2785 1167 2846 ἐκ
1180 2786 1232 2866 τῆς
1247 2787 1413 2867 Φοινίσσης.

168 2867 240 2953 χειρί
251 2868 381 2952 κραταιᾶ
393 2865 581 2942 ίξαποστελεῖ
591 2848 707 2946 αύτούς,
726 2870 777 2934 καί
807 2860 897 2933 αὗται
923 2869 957 2931 αί
975 2866 1101 2953 πατριαὶ
1117 2868 1177 2929 τῶν
1196 2867 1269 2929 υίῶν
1283 2867 1414 2949 Συμεών.

171 2953 200 3016 ἐν
214 2953 348 3050 βραχίονι
367 2928 475 3034 ύψῆλῷ
490 2950 608 3035 ἐκβαλεῖ
621 2948 730 3028 αύτούς
744 2956 775 3018 ἐκ
806 2953 835 2994 ¹⁶
847 2952 898 3016 καί
922 2953 1020 3016 ταῦτα
1045 2946 1083 3014 τὰ
1109 2942 1243 3032 ὀνόματα
1262 2953 1323 3014 τῶν
1341 2953 1415 3015 υίιῦν

168 3037 220 3118 τῆς
243 3060 297 3116 γῆς
322 3029 424 3097 αὐτοῦ.
452 3029 602 3118 2ἔλάλῆοε
618 3033 650 3100 δὲ
668 3029 686 3099 ὁ
704 3033 776 3111 θεὸς
805 3036 881 3101 Λευὶ
893 3029 972 3100 κατὰ
984 3038 1146 3113 συγγενείας
1158 3030 1266 3098 αὐτῶν.
1284 3032 1413 3113 Γεδσοίν,

140 3128 143 3135 ’
169 3116 245 3204 πρὸς
258 3120 411 3201 Μωυσῆν,
436 3117 487 3181 καί
504 3116 564 3182 είπε
580 3117 657 3204 πρὸς
674 3114 773 3185 αύτόν.
806 3118 919 3198 Καὰθ,
944 3121 996 3184 καί
1013 3122 1156 3204 Μεραρεί.
1182 3113 1285 3185 καὶτὰ
1298 3118 1414 3202 ίτῆτῆς

165 3200 226 3278 ε’γώ
235 3195 342 3286 κύριος.
357 3201 429 3265 3καί
438 3197 548 3286 α’ίφθῆν
556 3198 775 3307 πρὸςἈβραδιμ
805 3205 880 3289 ζωῆς
913 3205 988 3269 Λευὶ
1023 3198 1129 3267 ἑκατὸν
1168 3198 1412 3289 τριακονταεπτά.

165 3285 217 3352 καὶ
229 3278 336 3349 Ἰσαδικ
354 3286 405 3349 καί
417 3281 543 3374 Ἰακὼβ,
566 3283 637 3363 θεὸς
655 3311 698 3352 ων
717 3283 773 3350 αύ-
805 3290 892 3354 17καί
904 3278 988 3353 οὗτοι
1001 3281 1200 3351 υίοίΓεδσών.
1218 3286 1350 3371 Λοβενεδ,
1362 3285 1414 3348 καὶ

163 3372 235 3433 τῶν.
248 3369 300 3435 καί
311 3363 347 3432 τὸ
361 3362 456 3494 ὄνομά
467 3394 524 3452 μου
533 3364 695 3455 κύριοςούκ
720 3364 773 3455 δῆ-
803 3377 909 3454 Σεμεεί
935 3368 1012 3436 οἴκοι
1027 3394 1091 3435 πατ
1110 3371 1156 3443 ιᾶς
1175 3365 1282 3434 αύτοῖν.
1320 3367 1349 3409 ¹⁸
1361 3369 1414 3432 καί

165 3451 249 3519 λωσα
267 3449 377 3527 αύτοῖς.
440 3452 491 3518 καί
507 3455 620 3538 ίστῆσα
637 3449 690 3537 τῆν
707 3453 773 3518 δια·
803 3457 864 3519 υίοὶ
888 3448 996 3519 Καύθ.
1029 3395 1176 3538 Ἀμβρᾶμ,
1204 3454 1256 3517 καί
1275 3446 1412 3536 Ἰσσαὰρ,

161 3531 260 3621 θῆκῆν
270 3563 327 3621 μου
340 3533 416 3621 πρὸς
433 3532 543 3612 αύτούς
549 3584 559 3613 ,
585 3532 657 3613 ιδ’ςτε
669 3536 772 3602 δοῦναι
804 3532 945 3638 Χεβρών,
970 3538 1022 3602 καὶ
1034 3529 1156 3636 Ὀζειῆλ.
1181 3537 1231 3600 καί
1243 3531 1283 3598 τύ
1295 3536 1346 3618 ἕτῆ
1358 3539 1413 3618 τῆς

163 3619 266 3696 αὐτοῖς
282 3619 337 3705 τῆν
353 3624 409 3702 γῆν
420 3624 480 3684 τῶν
494 3625 692 3698 Χαναναίων,
717 3615 771 3725 τῆν
802 3622 878 3706 ζωῆς
907 3616 1006 3686 Καύθ
1043 3623 1150 3685 ε’κατον
1183 3623 1412 3704 τριακοντατρία

161 3709 228 3790 γῆν,
240 3699 277 3788 ῆν
288 3697 513 3789 παρῳκῆκασιν,
527 3707 557 3768 ἐν
569 3694 588 3787 ἦ
602 3705 653 3769 καί
665 3729 772 3791 παρῳ-
802 3708 861 3790 ε”τιμ
887 3706 916 3748 ¹⁹
926 3707 978 3770 καὶ
990 3706 1050 3770 υἱοὶ
1062 3706 1205 3786 Μεραρεί.
1219 3699 1348 3778 Μοολεί,
1361 3705 1413 3766 καὶ

105 3872 108 3877 y
162 3811 254 3888 κῆσαν
266 3783 310 3852 ἐπ’
326 3784 425 3872 αύτῆς.
457 3787 471 3831 ⁶
484 3788 536 3853 καὶ
548 3775 606 3865 ἐγὼ
619 3782 770 3873 είςῆκουσα
797 3784 942 3872 Ὀμουσελ
956 3779 1040 3854 οὗτοι
1053 3791 1084 3853 οῖ
1096 3786 1172 3853 οἶκοι
1182 3787 1412 3872 πατριῶνιΛευί,

162 3896 216 3935 τον
231 3869 390 3955 στεναγμὸν
401 3874 461 3936 τῶν
473 3874 546 3936 υἱῶν
554 3867 685 3958 Ἰσραὴλ,
696 3868 731 3937 ὃν
740 3876 771 3937 οί
801 3869 879 3936 κατὰ
892 3878 1053 3951 συγγενείας
1066 3869 1174 3936 αὐτῶν.
1197 3872 1229 3915 ²⁰
1241 3871 1293 3935 καί
1304 3869 1412 3957 ἐλαβεν

161 3950 327 4033 Αἰγύπτιοι
363 3955 615 4020 καταδουλοῦνται
651 3949 769 4029 αύτούς.
797 3951 832 4021 Ἀ
851 3951 930 4104 βρὰμ
947 3953 1001 4041 τῆν
1022 3952 1166 4059 Ἰωχαβὲδ
1185 3957 1339 4040 θυγατέρα
1355 3958 1411 4018 τοῦ

162 4040 213 4105 καί
222 4043 272 4124 ἐμν
281 4032 370 4123 ’σθῆν
379 4043 431 4124 τῆς
440 4035 584 4123 διαθῆκιγς
594 4034 682 4122 ύμών.
694 4034 770 4124 6βύ-
801 3983 853 4104 ἇδί
872 4043 932 4120 σού
949 4043 1007 4104 τοῦ
1022 4064 1138 4126 πατρος
1156 4035 1251 4104 αὐτοῦ
1264 4039 1362 4103 εἀυτοῖ
1373 4041 1412 4113 εἰς

161 4125 231 4201 διζε,
254 4068 498 4200 eiramis-uzon·
511 4119 648 4204 Ἰσραὴλ,
666 4121 768 4199 λέγων.
800 4133 932 4201 γυναῖκα.
957 4124 1009 4189 καί
1034 4125 1180 4207 ίγίννῆσεν
1205 4120 1290 4204 αιίτῷ
1312 4104 1365 4186 τδν
1380 4147 1412 4221 με

161 4203 220 4286 ἐγὼ
237 4202 342 4297 κύριος
369 4209 420 4273 καί
441 4200 534 4284 ἐξάξω
551 4201 626 4288 ὑμᾶς
643 4201 706 4270 ἀπὸ
719 4208 771 4290 τῆς
797 4204 923 4295 Ἀαρών,
935 4209 986 4273 καὶ
998 4202 1051 4272 τὸν
1060 4210 1207 4290 Μωυσῆν,
1219 4207 1270 4270 καί
1280 4211 1411 4289 Μαριαμ

160 4293 328 4369 δυναστείας
340 4294 401 4357 τῶν
412 4291 598 4368 Αίγιπιτίων.
617 4289 670 4354 καί
681 4283 769 4377 ῥύσο-
800 4287 854 4378 τῆν
879 4289 1007 4374 ἇδελφῆν
1032 4288 1142 4356 αὐτῶν.
1175 4286 1214 4353 τὰ
1239 4285 1271 4352 δὲ
1290 4289 1341 4371 ἔτῆ
1359 4292 1411 4388 τῆς

160 4404 212 4446 και
225 4373 299 4460 ὑμᾶς
312 4378 409 4451 infe
422 4371 568 4449 δουλείας,
593 4368 771 4460 καίλυτριύ-
801 4378 876 4461 ζωῆς
902 4372 1035 4463 Ἀμβρύμ
1065 4368 1173 4440 ἑκατὸν
1198 4372 1413 4459 τριακονταδυο

160 4487 248 4543 σομαι
273 4458 348 4545 ὑμᾶς
374 4403 404 4523 ύν
430 4461 562 4545 βραχίονι
586 4452 694 4542 ύιμῆλῷ
719 4462 771 4525 καὶ
800 4463 861 4544 ε”τῆ
894 4461 919 4501 ²¹
933 4461 984 4525 καί
1001 4460 1062 4525 υίοί
1075 4448 1211 4540 Ἰσσαύρ.
1236 4452 1333 4538 Κορὲ,
1359 4458 1412 4522 καί

160 4550 250 4630 κρίσει
265 4538 386 4634 μεγάλῃ.
414 4543 427 4584 ⁷
440 4543 490 4607 καί
506 4539 638 4627 λιμμοιιαι
652 4544 769 4630 ἐμαυτῷ
801 4542 922 4628 Navia,
934 4545 984 4609 καί
998 4547 1106 4631 Ζεχρεί.
1121 4541 1206 4606 22καὶ
1219 4540 1279 4608 υίοί
1288 4536 1415 4690 Ὀζρρῆλ.

1384 4653 1411 4688 Ι-
