2924 4972
165 232 232 301 876
342 225 583 288 ΘΡΗΝοΙ
617 224 922 287 ιΕΡΕΜιον
962 214 1229 300 Κφ.γ’.σ’.3.4.

159 345 275 427 έκρινας
292 336 347 421 τὴν
365 346 460 421 κρίσιν
478 362 544 440 μου.
570 337 600 378 ⁵⁹
613 335 683 410 εἶδες
701 340 764 399 πᾶ·
798 334 837 398 τά
850 333 943 400 ὀστέα
956 333 1066 407 αύτιῦν,
1078 331 1294 418 ίξηράνθηοαν,
1311 329 1407 417 ἐγενη·

160 449 217 490 σαν
230 423 284 506 την
296 423 440 502 ἐκδίκησιν
452 421 567 493 αυτῶν,
594 422 635 492 ελς
651 412 765 491 πάντας
798 427 898 499 θησαν
912 413 1007 499 ιῖίςπερ
1021 412 1120 519 ξόλοη.

160 501 369 586 διαλογισμούς
381 501 483 566 αὐτῶν
503 503 534 565 ἐν
546 503 619 581 ἐμοί.
733 535 739 542 -
844 495 922 581 Τύθ.
941 502 957 542 ⁹
975 498 1079 563 Καλοί
1092 524 1169 583 ησαν
1181 502 1213 563 οῖ
1224 506 1407 582 τραυματίαι

205 590 298 653 Χσέν.
320 587 352 629 ⁰⁰
370 583 523 658 ’Ἤκουσας
542 583 595 646 τὸν
607 578 766 664 ὀνειδισμὸν
800 584 958 667 ῥομφαίας.
968 580 988 665 ἢ
998 584 1030 645 σί
1038 588 1216 666 τραυματίαι
1227 581 1329 664 λιμοῦ.
1340 586 1409 648 ἐπο·

162 662 768 747 αάτιῦν,πάνδαςτοὺςδιαλογιομούςαά-
799 661 950 749 ρεύθησαν
973 667 1199 748 ἐκκεκεντημένσι
1225 662 1290 730 ἀπὸ
1307 691 1410 751 γεννη·

162 758 223 820 τῶν
239 749 303 815 κατ’
324 754 405 830 ἐμοῦ.
434 751 462 793 ⁶¹
474 748 553 834 χείλη
571 749 767 830 ἐπανισταμέ-
798 743 902 829 μάτων
920 745 1029 831 ἀγρῶν.

161 860 223 903 νων
234 860 284 917 μοι
301 835 353 897 καί
367 832 488 914 μελέτας
504 829 605 896 αὐτῶν
617 830 677 895 κατ’
696 834 767 912 ἐμοῦ
839 825 917 895 Ἰσίδ.
930 832 959 873 ¹⁰
977 834 1081 913 Χεῖρες
1092 833 1241 906 γυναικῶν
1256 829 1410 914 οἰκτιρμό-

163 916 234 1000 ὅλην
245 915 300 999 τὴν
312 913 433 1000 ἡμέραν,
451 916 482 958 ⁶²
492 914 645 997 καθέδραν
657 911 767 988 αὐτῶν,
800 937 859 977 νων
872 909 993 996 ἥφηοαν
1005 912 1044 976 τόν
1056 914 1162 977 παιδία
1176 911 1288 990 αὐτῶν,
1309 911 1412 998 ἐγενη-

163 1003 214 1066 καὶ
226 998 387 1064 ἀνάστασιν
404 996 515 1063 αύτοῦν.
542 996 705 1081 ἐπέβλεψαν
717 996 768 1059 ἐπὶ
799 1005 899 1078 θησαν
911 1001 949 1070 είς
960 999 1072 1081 βρῶσιν
1089 994 1209 1071 αὐτοῖς,
1235 999 1268 1060 ἐν
1278 1002 1327 1079 τῷ
1341 1023 1411 1062 συν-

164 1080 344 1164 όφθαλμούς
357 1079 471 1156 αὐτῶν,
493 1081 523 1123 ⁶³
537 1074 698 1153 ἀποδώσεις
711 1076 767 1142 αύ-
799 1085 939 1164 τρίμματι
950 1084 1003 1162 τῆς
1012 1078 1166 1162 θυγατρὸς
1178 1083 1235 1144 τοῦ
1249 1077 1333 1144 λαοῦ
1345 1107 1411 1165 μου.

162 1176 228 1239 τοῖς
245 1162 442 1245 ἀνταπόδομα
460 1159 541 1249 κύριε
552 1160 630 1227 κατὰ
642 1160 682 1226 τά
694 1164 767 1246 ἔργα
841 1158 927 1239 Χάφ.
947 1164 972 1202 ²¹
997 1162 1169 1225 Συνετέλεσε
1190 1158 1295 1246 κύριος
1312 1163 1413 1247 θυμόν

163 1251 224 1314 τῶν
237 1251 338 1332 χειρῶν
351 1245 464 1312 αὐτοῖν.
800 1242 906 1320 αὐτοῦ,
919 1246 1007 1328 ἐξέχεε
1019 1240 1119 1326 θυμόν
1132 1242 1222 1328 ὀργῆς
1235 1243 1350 1322 αὐτοῦ,
1362 1248 1411 1311 καί

211 1332 287 1396 Θαῦ.
306 1329 339 1373 ⁶⁴
359 1324 539 1403 Ἀποδάσεις
558 1326 660 1402 αύτοῒς
676 1324 768 1411 ὕπερ-
801 1326 897 1412 ἀνῆφε
908 1332 971 1430 πῦρ
983 1329 1013 1390 ἐν
1023 1324 1115 1402 Σιών,
1141 1328 1193 1392 καί
1203 1333 1363 1409 κατέφαγε
1374 1327 1411 1395 τό

165 1411 324 1494 ασπισμόν,
342 1413 465 1497 καρδίας
477 1437 535 1493 μου
547 1407 671 1495 μόχθον.
691 1411 721 1453 ⁶⁵
732 1408 768 1474 σύ
801 1411 922 1494 θεμέλια
934 1414 1034 1493 αυτῆς.

164 1494 277 1570 αύτούς
288 1489 479 1570 καταδιώξεις
490 1499 521 1558 ἐν
533 1492 619 1578 ὀργῆ,
631 1494 688 1557 καί
700 1494 767 1569 ἐξα·
842 1490 956 1577 Λάμεδ.
969 1497 997 1535 ¹²
1018 1491 1080 1557 Ούκ
1092 1496 1270 1558 ἐπίστευσαν
1281 1497 1410 1582 βασιλεῖς

163 1573 304 1651 ναλσίσεις
334 1575 445 1650 αὐτούς
482 1564 683 1642 ύποκάόωθεν
712 1579 770 1640 τοῦ
800 1582 868 1662 γῆς,
894 1573 1002 1652 πάντες
1021 1580 1053 1641 οἱ
1068 1579 1276 1653 κατοικοῦντες
1292 1577 1351 1683 την
1368 1586 1410 1646 οἰ-

165 1658 297 1745 οάρανοῦ
311 1655 397 1744 κύριε.
750 1736 752 1740 γ
801 1663 957 1742 κουμένην,
976 1657 1024 1724 ότι
1038 1654 1223 1733 είςελεύοεται
1236 1664 1411 1747 έχθροςκαί

360 1747 435 1806 ΚΕ
447 1748 485 1806 Φ.
528 1738 578 1807 A'.
802 1741 1409 1830 ἐκθλίβωνδιάτοῦνπυλῶνἾερουοαλύμ.

417 1825 517 1907 Ἄλεφ.
844 1824 932 1911 Μημ.
951 1827 978 1868 ¹³
1001 1824 1053 1902 Ἐξ
1071 1823 1225 1910 ἆμαρτωῦν
1244 1833 1409 1913 προφητῶν

166 1875 279 1985 *Πῶς
291 1904 542 1994 ἀμαυρωθηοεται
553 1913 689 1993 χρυσίον,
714 1906 770 1972 ἀλ-
803 1907 904 1993 αύτῆς,
918 1908 1038 1974 ἀδικιῶν
1051 1912 1152 1994 ἱερέων
1165 1907 1270 1994 αὐτῆς,
1284 1916 1345 1977 τῶν
1358 1915 1408 1975 ἐκ-

166 1988 364 2071 λοιωθύσεται
377 1990 414 2055 τό
428 1987 570 2076 ἀργύριον
581 1988 618 2056 τὸ
630 1987 753 2066 ἀγαθόν
757 2018 770 2069 ,·
801 1991 928 2078 χεόντων
944 1993 1018 2074 αίμα
1036 1993 1148 2057 δίκαιον
1168 1995 1294 2077 ἐνμέσῳ
1307 1992 1408 2076 αὐτῆς.

165 2073 345 2158 ἐξεχύθησαν
357 2073 442 2137 λίθοι
454 2070 534 2150 όίγιοι
548 2071 592 2138 ἐπ’
606 2071 697 2158 ἀρχῆς
708 2099 770 2137 πα·
844 2072 944 2141 Νούν.
963 2075 993 2119 ¹⁴
1010 2073 1240 2160 Ἐσαλεύθησαν
1253 2073 1409 2163 ἐγρῆγσροε

166 2162 229 2225 σῶν
245 2155 363 2233 ἐξόδων.
802 2156 894 2241 αὐτῆς
907 2163 938 2224 ἐν
950 2169 1017 2234 ταῖς
1030 2156 1151 2235 ἐξόδοις,
1161 2156 1372 2244 ἐμολύνθησαν
1381 2164 1411 2225 ἐν

207 2241 324 2324 Βηθ.2
346 2239 457 2304 Ολυῖοὶ
472 2235 713 2321 Σιώνοίτίμισι,
740 2244 772 2305 οἱ
803 2247 907 2325 αἵματι
932 2247 963 2307 ἐν
987 2246 1031 2326 τῷ
1056 2242 1095 2328 μη
1119 2239 1269 2308 δύνασθαι
1288 2243 1410 2321 αύτούς,

166 2325 322 2415 ἐπηρμένοι
334 2326 366 2388 ἐν
384 2328 510 2428 χρυσίῳ,
534 2327 599 2396 πῶς
612 2323 771 2407 ἐλογίσθη·
802 2321 924 2411 ἥψαντο
938 2324 1109 2406 ἐνδυμάτων
1121 2324 1230 2391 αὐτῶν.

167 2429 225 2471 σαν
238 2410 277 2480 είς
287 2401 391 2483 ἀγγεῖα
401 2400 572 2491 οστράκινα,
583 2408 655 2491 ἔργα
666 2410 771 2493 χειρῶν
844 2404 950 2493 Σύμεχ.
973 2410 1000 2452 ¹⁵
1025 2405 1188 2493 Ἀπόστητε
1209 2407 1409 2493 ἀκαθάρτων,

165 2490 313 2574 κεραμέως
317 2516 329 2567 ;
802 2493 946 2557 καλέσατε
959 2489 1079 2568 αύτούς,
1098 2489 1253 2573 ἀπόστητε,
1267 2491 1410 2579 ἀπόστη-

179 2606 183 2619 =
207 2571 309 2656 Γίμελ.
322 2573 336 2614 ³
349 2577 415 2636 Καί
426 2597 458 2650 γε
467 2569 624 2657 δράκοντες
633 2574 770 2651 ἐξέδυσαν
801 2601 842 2652 τε,
863 2575 902 2661 μη
916 2571 1059 2651 ἅπτεσθε,
1077 2572 1122 2641 ότι
1134 2569 1327 2657 ἀνήφθησαν,
1353 2584 1412 2640 καί

164 2655 313 2740 μαστοὺς,
340 2651 494 2740 ἐθηλαοαν
521 2651 642 2759 σκύμνοι
669 2655 771 2722 αὐτῶν
802 2684 832 2736 γε
846 2657 1058 2742 ἐσαλεύθησαν.
1083 2660 1177 2723 εῦπατε
1196 2660 1226 2721 ἐν
1241 2667 1305 2731 τοῖς
1318 2661 1408 2723 ἔθνε-

164 2741 336 2823 θυγατέρας
349 2737 428 2804 λαοῦ
439 2764 497 2820 μου
514 2743 553 2812 είς
565 2746 703 2814 ανίατον,
730 2737 771 2816 ὡς
802 2767 859 2819 σιν,
872 2741 908 2808 σύ
921 2742 961 2825 μὴ
974 2748 1131 2827 προςθοῦοι
1142 2745 1198 2806 τοῦ
1210 2754 1376 2825 παροικεῖν.

165 2825 329 2905 στρουθίον
342 2823 371 2883 ἐν
384 2817 491 2905 ἐρήμῳ.
837 2824 911 2891 Ἀίν.
920 2829 949 2869 ¹⁶
964 2822 1135 2911 Πρόςωπον
1144 2830 1246 2906 κυρίου
1259 2828 1341 2909 μερίς
1353 2824 1409 2891 αύ-

137 2895 153 2916 '
208 2899 563 2988 Δάλεθ.4Ἐκολληθηῆ
575 2905 697 2982 γλῶσσα
708 2916 770 2989 θη-
800 2913 873 2982 τοῖν,
897 2906 933 2973 ού
948 2905 1112 2992 προςθήσει
1125 2909 1283 3057 ἐπηίλέψαι
1296 2914 1408 2984 αὐτοῖς.

164 2982 305 3065 λάξοντος
318 2984 395 3073 πρὸς
406 2986 460 3052 τὸν
479 2985 617 3072 φάρυγγα
630 2984 726 3054 αύτοῦ
739 2994 769 3054 ἐν
800 2988 960 3078 πρόςωπον
973 2995 1071 3075 ἱερέων
1084 2991 1139 3056 οῦκ
1152 2996 1167 3056 έ
1190 2997 1275 3078 αβον,
1288 2990 1410 3079 προφη-

163 3072 252 3150 δίψει,
265 3067 357 3151 νήπια
369 3069 484 3161 ᾔτησαν
495 3071 596 3156 ἀρτον,
611 3069 628 3137 ὁ
641 3073 770 3137 διακλῶν
801 3101 856 3151 τας
868 3074 924 3140 ούκ
935 3075 1072 3158 ἠλέησαν.

164 3152 219 3217 οὐκ
232 3155 311 3215 ἔστιν
325 3152 435 3226 αὐτοῖς.
846 3160 904 3242 Φῆ.
923 3160 950 3200 ¹⁷
972 3159 1038 3221 Ἔτι
1056 3156 1154 3222 όντων
1170 3154 1255 3242 ἡμῶν
1273 3159 1411 3235 ἐξέλιπον

199 3232 280 3298 ”H.⁶
297 3238 335 3298 Οἱ
347 3237 488 3309 ἔσθοντες
500 3236 678 3322 τάςτρυφάς
689 3236 769 3322 ἢφα-
800 3246 831 3307 οἱ
843 3239 998 3320 ὀφθαλμοί
1015 3236 1111 3340 ἡμῶν,
1135 3244 1175 3312 εἰς
1192 3239 1246 3322 τὴν
1261 3239 1412 3326 βοήθειαν

163 3323 312 3403 νίσθηοαν
336 3321 366 3381 ἐν
389 3328 456 3394 ταῖς
483 3315 606 3396 ἐξόδοις,
634 3324 666 3384 σί
682 3334 770 3406 τιθη-
800 3320 882 3407 ἡμῶν
896 3316 1010 3404 μάταια
1022 3318 1296 3385 αποσκοπευόντων
1314 3323 1409 3408 ἡμῶν.

163 3400 296 3486 νούμενοι
326 3403 378 3467 ἐπὶ
404 3397 518 3468 κόκκων
541 3401 769 3490 περιεβάλλοντο
834 3398 1411 3488 Τσαδη.13Ἀπεοκοπεύοαμενεἲςέθνσς

163 3493 298 3571 κοπρίας.
801 3487 838 3555 ού
851 3492 955 3566 σῶζον,
969 3483 1167 3587 ἐθηρεύσαμεν
1179 3487 1305 3572 μικρούς
1319 3490 1410 3575 ἡμῶν,

209 3569 303 3634 Οῦαῦ.
325 3571 341 3613 ⁶
364 3572 431 3635 Καὶ
455 3567 640 3656 έμεγαλύνθη
660 3571 768 3656 ἀνομία
799 3578 857 3640 τοῦ
874 3572 915 3658 μὴ
931 3581 1113 3655 πορευεσθαι
1132 3574 1162 3635 έν
1174 3582 1242 3648 ταῖς
1255 3573 1411 3649 πλατείαις

162 3650 317 3734 θυγατρός
327 3651 404 3716 λαοῦ
415 3679 473 3734 μου
486 3654 561 3740 ὑπὲρ
571 3654 695 3738 ἀνομίας
705 3664 767 3720 Σο-
800 3655 890 3740 ἡμῶν.

162 3727 260 3811 δόμων
296 3739 350 3819 τῆς
384 3742 637 3822 κατεστραμμένης
673 3736 767 3821 ὥςπερ
842 3734 933 3821 Κύφ.
951 3743 979 3784 ¹⁹
999 3737 1137 3818 Ἤγγικεν
1158 3736 1176 3803 ὁ
1194 3739 1294 3825 καιρός
1311 3735 1410 3823 ἡμῶν,

163 3815 294 3898 σπουδίη,
318 3818 369 3880 καὶ
394 3816 449 3882 σύκ
474 3819 616 3887 ἐπόνεοαν
639 3825 671 3887 έν
689 3821 767 3915 αὐτῇ
799 3823 1022 3909 ἐπληρώθησαν
1039 3820 1191 3907 αίῆμέραι
1206 3819 1301 3905 ἡμῶν,
1326 3819 1409 3910 πάρ·

161 3906 267 3978 κῐῖθας·
799 3931 877 3972 εστιν
890 3907 908 3971 ὁ
922 3906 1024 3991 καιρός
1036 3905 1125 3991 ἡμῶν.
1151 3910 1258 3985 κοῦφοι
1272 3910 1410 3983 ἐγένοντο

204 3981 291 4044 Ζαίν.
318 3985 332 4024 ⁷
362 3982 644 4070 Ἐκαθαριιόθησαν
669 3989 767 4063 Ναζι-
799 3994 831 4054 σί
843 3986 997 4065 διώκοντες
1016 3986 1094 4073 ἡμᾶς
1107 3987 1182 4072 ὑπὲρ
1197 3986 1301 4063 ἀετούς
1314 3988 1409 4074 ούρα-

161 4071 243 4145 ραῖοι
253 4061 427 4148 αάτῆςύπέρ
435 4063 530 4150 χιόνα,
539 4070 682 4152 ἔλαμψαν
692 4066 767 4156 ὑπὲρ
798 4078 862 4149 νοῦ,
876 4077 927 4137 ἐπὶ
938 4078 1001 4138 τῶν
1011 4072 1106 4154 ὀρέων
1117 4075 1290 4155 ἐξέστησαν,
1300 4075 1332 4136 ἐν
1340 4068 1409 4158 ἐρη-

160 4141 251 4223 γόλα,
264 4143 481 4248 ἐπρροόθησαν,
495 4147 571 4235 ὑπὲρ
584 4153 673 4217 λίθου
687 4178 767 4219 σαπ-
797 4182 843 4238 μῳ
857 4153 1036 4240 ἐνήδρευσαν
1049 4154 1133 4239 ἡμᾶς.

160 4235 265 4312 φείρου
278 4255 314 4294 το
334 4228 526 4295 ἀποσπασιια
539 4234 647 4299 αὐτῶν.
835 4237 929 4324 Ῥηχς.
943 4241 974 4282 ²⁰
1001 4244 1128 4321 Πνεῦμα
1144 4234 1308 4324 προςιύπου
1324 4235 1409 4323 ἡμῶν

196 4309 272 4377 Ἤθ.
291 4314 307 4373 ⁸
329 4306 508 4376 Ἐοκύταοεν
530 4312 605 4421 ὑπὲρ
632 4313 766 4404 ἀοηλόλην
796 4325 915 4408 χριστός
927 4319 1030 4407 κύριος
1041 4319 1212 4405 συνελήφθη
1222 4326 1255 4387 ἐν
1263 4333 1330 4397 ταῖς
1341 4323 1408 4387 δια-

156 4395 194 4460 τὸ
208 4394 284 4473 εἶδος
297 4394 407 4472 αὐτῶν,
421 4394 476 4496 οὐκ
489 4398 722 4483 έπεγνωσθηοαν
735 4407 766 4466 έν
797 4416 931 4492 φθοραῖς
954 4404 1064 4471 abrah.
1091 4392 1129 4470 οὗ
1156 4407 1290 4487 εἴπαμεν,
1317 4409 1350 4469 ἐν
1371 4411 1410 4502 τῇ

155 4490 222 4553 ταῖς
240 4477 359 4560 ἐξόδοις.
385 4483 482 4565 ἐπαγη
495 4480 588 4567 δέρμα
602 4480 703 4550 αὐτῶν
714 4488 764 4553 ἐπὶ
797 4493 869 4572 σκιᾷ
881 4487 978 4554 αὐτοῦ
992 4490 1145 4572 ζησόιιεθα
1160 4493 1191 4554 ἐν
1203 4499 1268 4563 τοῖς
1280 4492 1387 4555 ἔθνεσι.

1316 4575 1406 4638 Χοέν.
