2924 4972
160 217 231 288 ντί
430 216 725 282 mmmm
749 218 930 282 mm
968 219 1132 304 τισμὶυ

159 343 245 430 εύχῆν
257 348 301 408 τώ
315 342 468 446 εὐχομένῳ.
488 341 539 402 καί
551 333 705 421 εὐλόγησεν
718 340 769 419 έτη
808 334 963 420 εὐλόγησεν
983 334 1059 399 Ἡλὶ
1076 334 1130 401 τὸν
1142 334 1273 401 Ἐλιιανά
1293 342 1344 402 καὶ
1363 341 1420 423 τῆν

162 411 289 503 δικαιόυ,Ι
299 423 346 491 ὅτι
355 450 411 489 ουκ
421 428 451 488 έν
463 419 538 506 ἰσχύι
549 420 673 494 δυνατὸς
683 416 768 504 άνῆρ.
807 430 932 498 γυναῖκα
945 416 1056 494 αιίτού,
1077 418 1182 498 λέγων.
1209 417 1356 485 ἀποτῖσαι
1371 450 1418 488 σοι

159 507 293 595 20κύριος
306 508 417 590 ἀσθενῆ
430 505 547 588 ποιῆσει
558 503 704 568 ἀντίδικον
714 502 769 566 αἶ’·
809 499 909 589 κύριος
929 497 1046 589 σπέρμα
1064 507 1096 568 ἐκ
1114 508 1167 586 τῆς
1186 501 1323 581 γυναικὸς
1341 504 1416 571 ταύ-

159 599 232 668 τοῦ,
258 591 359 679 κύριος
383 588 476 668 άγιος.
507 585 549 691 μῆ
565 583 732 671 καυχάσθω
751 582 768 649 ὁ
808 611 876 671 της,
901 584 968 652 ἇντὶ
984 592 1038 651 τοῦ
1056 581 1160 671 χρέους
1176 578 1214 652 οὗ
1230 590 1354 672 ἔχρησας
1372 597 1417 673 τῷ

160 674 301 760 ηρύνιμος
320 679 350 739 έν
365 679 402 767 τῆ
423 697 562 757 φρονησει
579 667 692 745 αύτοῦ,
719 670 769 732 καί
808 675 910 755 κυρίῳ.
938 671 989 735 καί
1006 666 1141 752 άπῆλθεν
1159 666 1177 735 ὅ
1195 668 1360 755 άνθρωπος
1378 679 1418 750 εἷς

159 762 199 865 μῆ
214 754 379 843 καυχάσθω
391 756 409 822 ὃ
422 754 547 830 δυνατὸς
560 757 591 819 ἕν
603 758 640 845 τῆ
653 748 769 834 δυνάμει
808 753 861 818 τὸν
873 749 968 818 τόπον
979 751 1087 817 αὐτοῦ.
1121 755 1149 797 ²¹
1163 754 1214 818 καὶ
1226 751 1417 839 ἐπεσκέψατο

162 846 272 917 αυτοῦ,
296 843 348 905 καί
363 838 404 923 μῆ
420 833 583 923 καυχάσθω
596 835 614 901 ὁ
626 831 769 910 πλούσιος
808 831 906 921 κύριος
917 832 972 920 τῆν
985 835 1099 910 Ἄνναν,
1114 839 1167 902 καί
1179 840 1271 901 ἔτεκεν
1283 842 1327 903 ἔτι
1340 853 1417 926 τρεῖς

161 932 193 992 έν
210 931 255 1008 τῷ
273 920 395 1006 πλούτῳ
414 921 517 988 αὐτοῦ.
544 918 609 984 ἀλλ’
626 914 767 1002 ἐντούτῳ
809 919 900 994 υἱούς,
913 916 1031 984 καὶδύο
1044 915 1224 1005 θυγατέρας.
1249 924 1299 987 καί
1313 926 1414 1006 ἐμεγα·

160 1005 327 1093 καυχάσθω
344 1004 362 1072 ὁ
378 1000 575 1090 καυχώμενος,
602 1013 707 1068 συνιεῖν
718 1003 770 1068 καί
809 998 907 1085 λύυθη
916 999 954 1068 τὸ
963 998 1124 1108 παιδάριον
1132 1002 1279 1087 Σαμουῆλ
1290 1004 1416 1073 ἐνώπιον

159 1090 312 1172 γινώσκειν
327 1087 381 1154 τὸν
393 1085 512 1175 κύριον,
535 1089 588 1152 καί
599 1097 694 1152 ποιεῖν
705 1091 770 1172 κρί-
810 1092 922 1171 κυρίου.
959 1089 990 1127 22
1003 1087 1054 1150 καὶ
1075 1085 1143 1150 Hm
1158 1085 1326 1176 πρεσβύτης
1338 1087 1417 1172 σφύ-

159 1202 203 1261 μα
220 1177 271 1239 καὶ
290 1168 476 1256 δικαιοσύνην
492 1176 524 1237 ἐν
541 1173 621 1254 μέσῳ
637 1174 690 1253 τῆς
707 1173 768 1273 γῆς.
810 1171 876 1255 δρα.
889 1169 941 1234 καί
951 1167 1074 1253 ῆκσυσεν
1086 1165 1107 1233 ἃ
1120 1172 1239 1236 ίποίσυν
1252 1172 1417 1238 οἱυίοὶαύ-

160 1255 262 1344 κύριος
275 1256 366 1343 ἀνέβη
380 1260 418 1330 εἱς
432 1251 588 1340 οὐρανούς,
601 1255 653 1318 καὶ
666 1257 771 1360 ἐβρον-
810 1256 867 1318 τοῦ
884 1263 947 1328 τοῖς
966 1257 1040 1327 υἱοῖς
1052 1249 1192 1336 Ἰσραῆλ,
1228 1256 1257 1297 ²³
1271 1259 1322 1321 καί
1340 1254 1417 1321 εἶπεν

160 1367 254 1427 τησεν.
282 1338 375 1413 αὐτὸς
387 1350 478 1422 κρινεῖ
488 1336 567 1423 άκρα
578 1341 642 1422 γῆς,
660 1363 712 1401 και
725 1337 769 1400 δί-
812 1334 924 1412 αιἰτοίς.
956 1339 1036 1401 ἱνατί
1059 1347 1168 1401 ποιεῖτε
1186 1336 1265 1403 κατὰ
1281 1337 1317 1403 τὸ
1338 1343 1417 1424 ῥῆμα

162 1428 254 1490 δωσιν
267 1421 349 1508 ἰσχύν
360 1433 425 1494 τοῖς
436 1421 602 1506 βασιλεῦσιν
615 1417 706 1503 ἡμῶν,
720 1420 772 1483 καὶ
811 1424 915 1496 τοῦτο,
927 1415 945 1484 ὃ
957 1420 1016 1497 ἐγώ
1027 1416 1131 1484 άκούω
1139 1423 1172 1485 ἐκ
1183 1418 1330 1503 στόματος
1340 1448 1415 1487 παν-

160 1504 278 1589 ύψώσει
295 1508 384 1591 κέρας
397 1506 519 1586 χριστοῦ
537 1500 643 1566 αὐτοῦ.
681 1506 706 1544 ¹¹
719 1502 771 1566 καί
810 1503 864 1576 τὸς
874 1508 929 1567 τοῦ
941 1502 1021 1567 λαοῦ
1029 1508 1132 1589 κυρίου
1135 1530 1148 1580 ,·
1164 1503 1196 1546 ²⁴
1205 1504 1245 1589 μῆ
1257 1503 1358 1581 τέκνα,
1369 1504 1417 1570 ὅτι

161 1590 318 1656 κατέλιπεν
337 1584 433 1652 αὐτὸν
445 1587 507 1649 έκεΐ
517 1579 644 1649 ἐνώπιον
655 1590 770 1670 κυρίου,
811 1583 865 1650 σιἰκ
878 1583 984 1692 άγαθῆ
998 1582 1017 1671 ῆ
1030 1583 1107 1694 άιιοῆ
1121 1583 1157 1671 ῆν
1169 1583 1227 1664 ἐγώ
1240 1584 1352 1653 ἀκούω.
1376 1586 1416 1672 μῆ

161 1675 213 1739 καί
231 1671 368 1756 ἀπῆλθεν
385 1673 424 1743 εἰς
443 1666 625 1756 Ἀρμαθαὶμ.
664 1669 716 1732 καὶ
733 1666 769 1732 τὸ
811 1679 920 1734 ποιεῖτε
945 1693 1056 1744 ουτως,
1090 1669 1136 1733 σ’τι
1161 1669 1216 1734 ούκ
1242 1669 1359 1748 ἀγαθαί
1384 1676 1416 1735 αἱ

161 1752 322 1841 παιδάριον
335 1742 370 1838 ῆν
378 1750 554 1829 λειτουογῶν
564 1757 607 1835 τῷ
618 1747 770 1837 προςώπῳ
811 1749 902 1817 ἇκοαὶ
914 1746 949 1827 ἃς
962 1750 1021 1831 ἐγώ
1034 1747 1135 1816 ἀκούω
1152 1760 1207 1818 τοῦ
1219 1751 1258 1836 μῆ
1271 1751 1416 1820 δουλεύειν

161 1843 264 1923 κυρίου
277 1832 405 1903 ἐνώπιον
412 1831 457 1901 Ἡ
460 1834 490 1899 λι
501 1839 557 1899 τοῦ
567 1837 675 1920 ἱερέως.
688 1836 771 1899 12καὶ
811 1834 887 1901 λαὸν
898 1839 973 1918 θεῷ.
999 1838 1029 1878 ²⁵
1042 1834 1094 1899 ἐὰν
1107 1832 1286 1922 ἁμαρτάνων
1297 1834 1416 1923 διμάρτη

162 1926 193 1987 οἱ
218 1923 279 1984 υἱοί
298 1916 372 1983 Ἡλί
392 1923 448 1982 τοῦ
472 1921 570 2002 ἱερέως
587 1918 648 1982 υἱοὶ
664 1918 771 2000 λοιμοὶ,
812 1914 886 2003 άνῆρ
899 1922 938 1992 είς
948 1916 1054 2003 άνδρα,
1064 1922 1115 1982 καὶ
1124 1918 1330 2006 προςεύξονται
1341 1911 1417 2007 ύπέρ

162 2003 218 2070 σιύι
231 2003 339 2077 εἰδότες
351 1999 404 2066 τὸν
415 1997 525 2088 κύριον.
539 1997 638 2066 καὶτὸ
651 2001 770 2065 δικαίω-
812 1999 906 2065 αύτοῦ
919 2001 997 2087 πρὸς
1009 1996 1118 2087 κύριον.
1142 2007 1193 2069 καί
1205 2003 1256 2070 ἐὰν
1268 2010 1312 2088 τῷ
1324 2011 1416 2090 κυρίῳ

161 2114 204 2172 μα
217 2091 271 2152 τοι]
286 2089 384 2171 ἱερέως
401 2082 487 2171 παρὰ
498 2089 554 2149 τοῦ
568 2084 647 2149 λαοῦ
659 2085 771 2160 παντὸς
812 2079 941 2176 ἁμάρτῃ,
959 2092 1003 2160 τίς
1014 2082 1202 2171 προςεύξεται
1216 2085 1289 2172 ὑπέρ
1305 2086 1399 2154 αὐτοῦ
1405 2118 1417 2166 ,·

162 2177 218 2237 τοῦ
231 2165 370 2244 θύοντος.
393 2169 421 2211 ¹³
433 2170 484 2233 καί
496 2166 600 2253 ῆρχετο
614 2167 649 2232 τὸ
661 2172 771 2235 παιδα·
811 2169 863 2232 καί
874 2165 929 2233 οιίκ
942 2167 1051 2252 ῆκουον
1063 2175 1115 2252 τῆς
1128 2176 1226 2255 φωνῆς
1238 2169 1416 2256 τοῦπατρὸς

164 2279 229 2343 ριον
238 2260 292 2319 τοῦ
303 2255 402 2339 ἱερέως
411 2249 452 2326 ὡς
461 2248 618 2336 άυῆψῆθη
626 2248 664 2315 τὸ
673 2254 772 2358 κρέας,
812 2249 929 2325 αὐτῶν,
956 2248 1002 2317 ὅτι
1019 2249 1196 2338 βουλόμενος
1214 2251 1351 2340 ἐβούλετο
1363 2252 1415 2319 κύ-

163 2339 216 2403 καὶ
232 2333 361 2423 κρεάγρα
378 2331 516 2422 τριόδους
533 2340 564 2401 ἐν
575 2339 613 2428 τῆ
631 2360 704 2419 χετρι
716 2333 773 2400 αύ-
813 2361 876 2421 ριος
900 2337 1072 2420 διαφθεῖραι
1097 2333 1217 2412 αὐτούς.
1256 2339 1286 2380 ²⁶
1304 2340 1356 2403 καί
1381 2336 1416 2403 τὸ

163 2427 237 2497 τοῦ,
263 2420 292 2463 ¹⁴
305 2423 358 2487 καλ
381 2414 526 2495 ἐπάταξεν
552 2415 647 2501 αὑτῆν
665 2423 704 2493 εἰς
721 2411 774 2482 τὸν
812 2414 972 2523 ῆαιδάριορ
996 2420 1141 2522 Σαμουὴλ
1166 2416 1347 2524 ἐπορεύετο,ἱ
1367 2423 1418 2485 καί

164 2504 275 2591 λέβητα
292 2503 345 2569 τὸν
360 2507 454 2588 μέγαν
473 2502 545 2586 ῆεῐς
557 2501 593 2567 τὸ
607 2500 741 2584 χαλκεῖον
755 2499 773 2584 ἢ
815 2528 850 2590 ην
867 2512 987 2579 αγαθον
1002 2528 1074 2584 μετα
1091 2531 1128 2569 κν
1149 2508 1195 2569 ίου
1213 2507 1264 2570 καὶ
1280 2532 1353 2589 μετα
1366 2503 1418 2570 ἄν·

165 2593 203 2663 εἰς
222 2585 276 2670 τῆν
295 2582 421 2673 χύτραν,
446 2589 497 2650 καί
509 2590 571 2651 πᾶν
590 2582 673 2650 δέὰν
685 2582 774 2693 άιέβη
812 2582 957 2671 θρώπων.
995 2588 1024 2628 ²⁷
1039 2588 1092 2651 καὶ
1110 2529 1202 2672 ἦλθεν
1219 2585 1237 2653 ὁ
1255 2588 1418 2673 άνθρωπος

166 2675 197 2735 έν
210 2675 247 2752 τῆ
259 2667 399 2754 κρεάγρᾳ,
418 2665 580 2753 ἐλάμβανεν
592 2671 689 2752 ἑαυτῷ
702 2664 720 2733 ὁ
734 2691 774 2732 ιε-
813 2673 887 2734 θεοῦ
899 2669 976 2753 πρὸς
989 2664 1077 2742 Ἠλὶ,
1102 2675 1153 2735 καὶ
1165 2671 1234 2736 εἷπε.
1261 2669 1331 2737 τάδε
1343 2667 1418 2747 λέγει

164 2744 238 2837 ρεύςῖ
253 2750 330 2815 κατὰ
340 2749 410 2815 τάδε
421 2755 543 2815 ἐποίουν
552 2753 643 2815 παντὶ
653 2750 774 2835 Ἰσραῆλ
811 2748 921 2854 κύριος.
953 2749 1178 2831 άποκαλυφθεὶς
1202 2752 1418 2838 άπεκαλύφθην

163 2847 227 2910 τοῖς
251 2837 416 2919 ἐρχομένοις
437 2837 533 2898 θῦσαι
550 2839 644 2920 κυρίῳ
664 2838 695 2901 ἔν
710 2840 774 2920 Ση-
811 2859 887 2918 προς
900 2831 982 2898 οἶκον
993 2837 1048 2897 τοῦ
1061 2830 1176 2920 πατρός
1188 2861 1245 2899 σου
1258 2836 1352 2900 ὄντων
1362 2838 1418 2904 αύ-

163 2916 237 3023 λώμ.
251 2921 335 2984 16καί
345 2919 416 3003 πρὶν
426 2921 613 3001 θυμιαθῆναι
623 2915 659 2982 τὸ
671 2921 773 3004 στέαρ,
812 2923 872 2981 τῶν
890 2919 921 2982 ἐν
936 2922 974 3000 γῆ
986 2913 1135 3002 Αἰγύπτῳ
1153 2915 1266 2983 δούλων
1282 2923 1327 3004 τῷ
1344 2923 1418 2988 οἴκω

163 3026 267 3084 ηοχετο
284 3001 321 3064 τὸ
334 2996 495 3086 παιδάριον
511 3006 567 3066 τοῦ
586 3004 699 3087 ἱερέως,
722 3003 774 3067 καί
814 3000 947 3088 Φαραώ,
957 2989 962 3012 ⁶
972 3003 1002 3044 ²⁸
1015 3003 1067 3067 καί
1083 2998 1249 3089 ἔξελεξάμην
1265 3002 1319 3069 τὸν
1337 2991 1417 3070 οίειολ

162 3060 244 3161 ἔλεγε
261 3087 305 3166 τῷ
325 3079 411 3168 ἀνδρὶ
423 3088 466 3165 τῷ
479 3079 595 3147 θύοντι.
622 3083 673 3159 δὸς
685 3088 773 3171 κρέας
811 3090 869 3151 τοῦ
879 3082 996 3171 πατρός
1008 3112 1062 3151 σου
1076 3090 1107 3151 ἐκ
1118 3086 1241 3153 πάντων
1250 3094 1311 3154 τῶν
1321 3084 1416 3171 σκῆπ-

165 3169 291 3250 ἷιπτῆσαι
304 3169 349 3248 τῷ
361 3169 439 3252 ἱερεῖ,
452 3163 599 3250 καὶσύμῆ
613 3162 697 3254 λάβω
710 3196 771 3235 πα·
811 3194 892 3254 τρων
920 3167 1043 3257 Ἰσραῆλ
1067 3173 1133 3254 ἐμοὶ
1156 3168 1328 3254 ἱερατεύειν,
1358 3177 1415 3236 τοῦ

162 3250 201 3333 ρὰ
222 3255 277 3317 σοῦ
294 3252 382 3335 κρέας
400 3247 499 3331 έσθόν
516 3253 549 3315 ίκ
567 3255 622 3315 τοῦ
640 3251 770 3338 λέβητος.
810 3251 976 3340 ἀναβαίνων
989 3256 1039 3320 ἐπὶ
1051 3252 1262 3341 θυσιαστήριάν
1272 3283 1341 3340 μου,
1366 3257 1417 3320 καὶ

161 3337 190 3379 ¹⁰
203 3337 254 3400 καί
272 3335 370 3412 ἔλεγεν
387 3331 495 3421 ὅάνῆρ
508 3330 526 3401 ὁ
539 3331 632 3400 θύων.
656 3347 770 3419 θνμια-
808 3343 923 3445 θυμιᾷν
946 3343 1098 3421 θυμίαμα,
1122 3341 1174 3404 καὶ
1191 3341 1282 3426 αἴρειν
1295 3335 1415 3418 Ἐσούιλ

160 3418 250 3506 θῆτω
276 3424 399 3506 πρώτον
416 3416 456 3495 ὡς
473 3416 595 3504 καθῆκεν
612 3418 649 3485 τὸ
668 3417 770 3506 στέαρ,
809 3447 861 3486 και
888 3422 986 3487 ἔδωκα
999 3426 1044 3504 τῷ
1063 3424 1136 3507 οἴκῳ
1154 3429 1210 3489 τοῦ
1229 3418 1344 3509 πατρός
1361 3448 1415 3488 σου

159 3508 211 3569 καὶ
227 3499 300 3608 λάβε
317 3508 431 3587 σεαυτῷ
453 3506 486 3568 έκ
501 3500 626 3569 πάντων
643 3495 687 3567 ὧν
704 3507 770 3568 έπι-
810 3501 848 3568 τά
861 3501 962 3569 πάντα
973 3509 1029 3568 τοῦ
1042 3506 1137 3592 πυρὸς
1154 3510 1227 3571 υἱῶν
1240 3503 1364 3591 Ἰσραῆλ
1377 3511 1416 3580 είς

159 3600 280 3671 θυμεῖη
295 3582 374 3671 ψυχῆ
389 3613 453 3653 σου.
466 3588 520 3651 καί
530 3584 616 3652 εἶπεν.
631 3583 707 3669 ούχί.
722 3583 770 3652 ὅτι
808 3589 930 3691 βρῶσιν.
968 3588 998 3631 ²⁹
1011 3590 1063 3652 καὶ
1080 3593 1159 3653 ἱνατί
1180 3584 1347 3672 έπέβλεῳας
1365 3591 1415 3652 ἐπὶ

160 3674 214 3734 νῦν
226 3668 334 3742 δώσεις.
354 3671 407 3733 καλ
418 3667 470 3734 ἐάν
481 3666 532 3772 μῆ,
545 3664 682 3753 λῆψομαι
695 3697 768 3756 κρα-
811 3695 845 3735 το
869 3667 1007 3753 θυμίαμά
1026 3695 1084 3751 μου
1108 3670 1161 3733 καί
1179 3673 1218 3742 εἰς
1234 3666 1287 3748 τῆν
1304 3676 1414 3734 θυσίαν

159 3755 259 3826 ταιώς.
298 3753 325 3794 ¹⁷
338 3754 389 3818 καί
407 3740 442 3837 ῆν
459 3750 478 3836 ῆ
497 3757 631 3837 αμαρτία
643 3749 768 3819 ἐνώπιον
808 3779 867 3836 μον
886 3749 1180 3834 άναιδεῖόῳθαλμῷς
1205 3751 1256 3814 καί
1269 3743 1415 3822 ἐδάξασας

159 3841 262 3919 κυρίου
273 3840 333 3898 τῶν
341 3837 512 3921 παιδαρίων
520 3832 632 3919 μεγάλη
640 3833 767 3920 σφόδρα,
808 3832 877 3908 τούς
889 3832 972 3909 υἱούς
984 3859 1039 3899 σου
1052 3829 1127 3918 ὑπὲρ
1139 3830 1188 3913 ἐμὲ
1197 3830 1413 3905 ένευλογεῖσθαι

160 3913 207 3980 ὅτι
221 3915 352 4001 ῆθέτουν
365 3918 419 4002 τῆν
430 3924 543 3984 θυσίαν
554 3925 667 4004 κυρίου.
683 3918 769 3981 12κιιὶ
807 3915 943 4000 ἇπαρχῆς
966 3911 1065 3998 πάσης
1086 3921 1194 3989 θυσίας
1210 3917 1266 3978 τοῦ
1289 3910 1413 3998 Ἰσραῆλ

158 3998 303 4087 Σαμουῆλ
321 3990 356 4103 ῆν
374 4001 552 4087 λειτουργῶν
569 3999 697 4066 ἐνώπιον
714 4025 767 4063 νιν-
806 3998 981 4085 έμπροσθέν
1004 4025 1062 4082 μου
1066 4027 1078 4077 ;
1117 3999 1147 4042 ³⁰
1160 3995 1210 4063 διά
1232 4000 1325 4061 τοῦτο
1344 3993 1414 4063 τάδε

159 4091 228 4170 ρίου
240 4088 400 4164 παιδαρισν
412 4077 640 4169 περιεζωσμένον
654 4078 769 4162 Ἐφούδ
807 4080 883 4158 λέγει
896 4077 997 4169 κύριος
1011 4079 1028 4147 ὁ
1042 4078 1112 4156 θεὸς
1121 4077 1255 4166 Ἰσραῆλ
1282 4077 1368 4155 εἶπα,
1395 4108 1413 4146 ο

158 4164 239 4233 Βάδ.
258 4169 348 4232 19καί
360 4168 501 4233 διπλοίθα
513 4165 622 4251 μικράν
635 4168 767 4250 ἐποίησεν
807 4161 887 4240 oin&
904 4193 960 4232 σου
973 4168 1024 4231 καί
1037 4161 1054 4231 ὁ
1068 4165 1149 4241 οἶκος
1162 4171 1216 4230 τοῦ
1230 4159 1345 4249 πατρός
1357 4191 1414 4231 σου

158 4249 242 4335 αὐτῷ
269 4245 287 4335 ῆ
305 4243 405 4354 μῆτηρ
423 4248 533 4325 αὐτοῦ,
558 4252 610 4315 καί
628 4248 767 4338 ἀνέφερεν
806 4245 978 4318 διελεύσεται
1003 4244 1129 4315 ἐνώπιόν
1150 4276 1207 4333 μου
1225 4253 1280 4324 ἕως
1298 4254 1413 4325 αἰῶνος.

158 4336 242 4421 αὐτῷ
256 4339 287 4413 ἐξ
300 4336 417 4439 ημερών
427 4337 466 4407 εἰς
477 4329 586 4418 ἡμέρας
594 4337 626 4401 έν
637 4340 682 4420 τῷ
692 4334 768 4402 ἆνα-
805 4336 858 4401 καί
875 4340 926 4399 νύν
950 4362 1021 4440 ῳησι
1047 4330 1155 4416 κύριος.
1180 4335 1320 4419 μηδαμῶς
1338 4336 1413 4416 ἐμοὶ,

156 4426 264 4508 βαίνειν
282 4419 377 4502 αυτῆν
394 4415 468 4500 μετά
486 4422 542 4483 τοῦ
554 4416 663 4505 ἀνδρὸς
676 4417 768 4505 αὐτῆς
806 4415 854 4484 ὅτι
866 4416 929 4483 ἀλλ’
945 4448 962 4503 η
977 4416 1045 4493 τούς
1058 4416 1232 4496 δοξάζοντας
1242 4445 1277 4501 με
1286 4419 1410 4495 δοξάσω.

156 4513 252 4573 θῦσαι
267 4503 442 4592 τῆυθυσίιιν
458 4499 650 4591 τώνῆμεριόν.
673 4506 704 4550 ²⁰
717 4507 767 4571 καί
806 4505 857 4569 καί
887 4501 905 4575 ,ὁ
930 4505 1091 4581 ἒξονθενῶν
1119 4529 1154 4587 με
1182 4499 1412 4649 άτιμῳθῆρσεχῳι.

1271 4593 1308 4628 ¹¹⁴
1348 4592 1358 4648 ι’
1395 4596 1412 4650 θ
