2924 4972
396 241 509 305 m
520 239 620 304 1212
659 243 736 320 απ.
749 235 807 326 ιγ’.
821 238 876 319 ιγ.
889 244 941 309 σν.
955 243 1008 309 33.
1252 244 1318 314 τοο

80 390 166 432 πτων
191 367 263 439 τούς
284 362 392 441 λόγους
409 362 519 437 αὐτοῦ,
545 362 597 426 καί
612 386 685 446 κρυ·
719 360 815 428 αὐτοῦ
828 367 859 427 ἐν
871 363 957 430 πόλει
970 361 1093 449 είρήνης,
1118 369 1171 432 καί
1183 362 1324 449 ἐνοικήσει

79 444 215 532 θήσεται,
242 444 283 522 ώς
308 443 358 525 ἀφ’
379 440 489 519 ύδατος
513 447 684 529 φερομένου.
718 443 887 522 πεποιθώς,
924 449 976 511 καί
998 444 1225 514 ἀναπαύσονται
1249 446 1324 532 μετὰ

79 535 129 598 καί
154 526 315 613 φανήσεται
339 531 371 591 ἐν
387 526 469 590 Σιών
490 522 532 601 ὡς
548 523 686 609 ποταμὸς
717 523 861 593 πλούτου.
888 529 917 572 ¹⁹
929 526 949 633 ή
962 528 994 593 δέ
1005 525 1121 612 χάλαζα
1134 528 1185 595 ἐὰν
1196 535 1323 617 καταβή,

80 610 235 699 φερόμενος
249 611 363 685 ἔνδοξος
375 613 407 674 ἐν
418 635 457 702 γη
471 604 601 703 διψώση.
615 610 686 673 3καί
718 608 774 675 ούκ
786 609 831 691 ἐφ’
843 608 917 692 ῦμῦς
927 610 997 693 η’ξει.
1011 614 1062 676 καί
1075 615 1192 677 ἔσονται
1204 617 1236 676 σί
1247 603 1323 678 ἐνοί-

80 695 181 762 ούκέτι
205 697 325 758 ἐσονταε
350 687 531 766 πεποιθότες
554 690 599 756 ἐπ’
632 689 686 756 ἀν·
717 697 833 769 κοῦντες
859 697 892 758 ἐν
917 706 981 769 τοῖς
998 695 1118 778 δρυμοῖς
1132 691 1323 772 πεποιθότες,

79 776 228 864 θρώποις,
254 773 334 840 ἀλλά
351 773 390 841 τύ
412 765 478 839 ώτα
494 769 613 841 ἀκούειν
625 768 685 838 δώ-
717 772 758 851 ώς
784 780 815 840 οί
840 779 871 840 ἐν
888 781 929 870 τῇ
946 777 1054 869 πεδινή.
1092 779 1123 821 ²⁰
1135 772 1274 881 μακάρων
1292 782 1325 842 σί

80 885 174 926 σουσι.
201 858 282 923 *καί
297 856 314 943 ή
327 859 435 943 καρδία
450 863 512 922 τῶν
524 853 684 923 ἀσθενούν-
718 864 886 941 σπείροντες
909 860 961 925 ἐπί
983 864 1046 924 πᾶν
1070 855 1168 945 ύδωρ,
1192 884 1230 924 συ
1251 862 1323 945 βοῦς

78 967 140 1007 των
149 943 279 1027 προςέξει
289 947 332 1026 τῷ
343 939 468 1008 ἀκούειν.
482 942 533 1004 καί
542 944 576 1005 αί
584 939 685 1017 γλώσ·
717 944 766 1007 καί
781 941 850 1017 ὄνος
861 952 957 1008 πατεῖ.

81 1053 131 1091 σαι
149 1023 387 1109 αίψελλίζουσσι
404 1021 479 1108 ταχύ
495 1020 684 1108 μαθήσονται
891 1031 967 1091 ΚΕ
979 1029 1017 1088 Φ.
1060 1022 1147 1088 ΛΓ.

79 1108 176 1173 λαλεῖν
201 1104 324 1192 εἰρήνην.
358 1107 437 1170 6καί
461 1103 560 1170 οὐκέτι
584 1105 627 1190 μή
645 1105 683 1169 εἴ·
719 1072 818 1175 Ούαί
831 1107 1323 1209 τοῒςταλαιπωροῦσινυμας,υμση

79 1194 214 1271 πωσιτῴ
226 1194 316 1272 μωρῷ
330 1187 440 1273 ἀρχειν,
465 1191 517 1254 καί
530 1188 631 1254 ούκέτι
666 1188 683 1292 ή
717 1189 749 1254 δὲ
773 1188 866 1266 ούδείς
888 1200 971 1255 ποιεί
983 1186 1209 1276 ταλαιπώρους,
1235 1191 1287 1256 καί
1300 1216 1323 1256 o

81 1274 201 1336 εἴπωσιν
223 1275 254 1335 οί
273 1273 418 1354 ὑπηρέται
435 1297 505 1348 σου,
531 1278 610 1348 σίγα.
666 1296 685 1334 σ
717 1270 840 1337 ἀθετῶν
854 1271 929 1357 ὑμᾶς
948 1269 1003 1337 ούκ
1015 1272 1126 1337 ἀθετεῖ.
1152 1267 1323 1338 ἁλώσονται

79 1351 136 1438 γάρ
148 1351 249 1438 μωρὸς
260 1356 349 1439 μωρά
361 1350 496 1438 λαλήσει,
516 1356 567 1418 καί
578 1351 597 1438 ή
610 1378 685 1439 καρ-
717 1358 749 1419 σί
760 1353 953 1432 ἀθετοῦντες,
977 1354 1029 1420 καί
1042 1351 1322 1441 παραδοθήσονται,

81 1439 131 1501 δία
143 1435 238 1500 αὐτοῦ
250 1433 364 1519 μάτσια
377 1433 487 1521 νοήσει,
513 1441 569 1501 τοῦ
583 1460 685 1502 συντε-
716 1439 768 1502 καί
780 1434 821 1514 ὡς
832 1441 886 1520 σής
898 1436 941 1517 ἐφ’
958 1441 1094 1519 ίματίου,
1120 1434 1217 1512 οὕτως
1230 1434 1323 1521 ήττη-

79 1520 139 1584 λεῒν
156 1517 268 1601 ἀνομα,
293 1521 345 1584 καί
366 1520 465 1586 λαλκίν
488 1518 566 1606 πρὸς
584 1515 685 1599 κύριον
715 1516 870 1606 θήσονται.
901 1515 1010 1605 2κύριε
1023 1520 1144 1604 ἐλέησον
1154 1517 1246 1603 ἡμᾶς,
1271 1520 1322 1586 ίπί

80 1597 242 1686 πλάνησιν,
260 1607 318 1667 τοῦ
330 1603 495 1687 διασπεῖραι
508 1622 555 1687 ψυ
573 1600 609 1679 ἀς
620 1627 681 1667 πει·
716 1607 763 1669 σοί
770 1600 831 1687 γάρ
841 1607 1035 1683 πεποίθαμεν.
1046 1599 1171 1686 ἐγενήθη
1179 1602 1217 1666 τὸ
1230 1605 1321 1688 σπέρ-

80 1681 191 1761 νώσας,
216 1687 266 1750 καί
284 1682 338 1760 τάς
354 1684 454 1791 ψυηάς
471 1684 526 1761 τὰς
546 1629 685 1770 δηιώσας
714 1712 758 1767 μα
770 1690 832 1751 τών
844 1680 1053 1751 ἀπειθούντων
1064 1689 1104 1761 είς
1116 1680 1278 1760 ἀπώλειαν,
1301 1683 1321 1769 ή

78 1768 162 1842 κενύς
174 1764 300 1850 ποιήσει.
322 1765 357 1813 ⁷‘
374 1795 434 1855 γαρ
447 1767 540 1856 βουλή
554 1772 614 1832 τών
625 1794 681 1833 πο·
716 1767 749 1834 δέ
767 1774 901 1853 σωτηρία
919 1765 1004 1851 ήμών
1020 1771 1053 1833 ἐν
1068 1772 1164 1852 καιρῷ
1176 1768 1320 1851 θλίψεως.

79 1855 176 1936 νηρῦν
187 1851 287 1934 ἀνομα
297 1797 500 1938 βούλεύσεται,
516 1861 685 1933 καταφθεί-
716 1851 784 1917 3δεδι
796 1850 898 1935 φωνήν
907 1855 963 1917 τοῦ
975 1846 1072 1937 φόβου
1083 1853 1242 1935 ἐξέστησαν
1250 1849 1322 1915 λαοί

99 1961 130 1999 αι
147 1931 302 2009 ταπεινούς
320 1937 351 2000 ἐν
367 1930 465 2013 λύγοις
480 1932 609 2010 ἀδίκοις,
633 1935 685 1999 καί
716 1931 848 1999 ἀπὸτοῦ
860 1930 902 2015 φό
922 1960 958 1999 ου
970 1957 1039 2010 σου,
1061 1935 1111 1999 καί
1124 1932 1321 2017 διεσπάρησαν

79 1960 266 2083 διασκεδάσαι
275 2013 382 2095 λύγους
392 2022 534 2084 ταπεινοῦν
544 2021 574 2083 ἐν
583 2022 683 2103 κρίσει.
715 2013 755 2083 τύ
779 2019 864 2121 ἔθνη.
925 2021 975 2083 νῦν
992 2015 1025 2082 δὲ
1042 2013 1261 2103 συναχθήσεται
1280 2013 1321 2080 τύ

80 2102 141 2165 ὀί
153 2101 185 2167 δὲ
204 2100 323 2204 εύσήθεῒς
342 2101 448 2166 συνετά
462 2096 683 2187 ἐβουλεύσαντο,
716 2099 812 2165 σκῦλα
834 2103 918 2184 υμῶν
935 2105 1042 2184 μικροῦ
1057 2102 1108 2165 καί
1123 2096 1259 2204 μεγάλου.
1286 2094 1321 2162 δν

79 2185 130 2248 καὶ
156 2178 233 2266 αύτη
253 2212 272 2267 η
282 2181 383 2285 βουλή
399 2195 485 2263 μενεῖ.
522 2185 538 2226 ¹
550 2194 684 2260 γυναῖκες
715 2182 829 2268 τρόπον
838 2181 891 2248 ίάν
900 2209 944 2258 τις
954 2179 1104 2273 συναγύγη
1116 2184 1250 2265 ακρίδας,
1264 2177 1321 2245 σύ-

79 2261 220 2331 πλούσιαι
233 2263 394 2346 ἀναστητε,
407 2267 458 2328 καί
469 2260 619 2329 ἀκούσατε
630 2269 684 2346 τῆς
715 2289 775 2343 τως
786 2266 978 2346 ἐμπαίξουσιν
991 2261 1066 2346 ύμῖν.
1093 2264 1107 2307 ⁶
1120 2261 1205 2342 δι’γιος
1217 2261 1235 2327 ὁ
1247 2260 1319 2338 θεὸς

80 2351 180 2448 φωνής
195 2371 263 2427 μου.
288 2347 452 2428 θυγατέρες
470 2348 501 2408 ἐν
519 2344 616 2409 ἐλπίδι
628 2350 684 2419 είς-
715 2344 732 2408 ὁ
758 2351 907 2410 κατοικῶν
932 2348 962 2410 ἐν
987 2345 1032 2427 ύψ
1051 2345 1112 2428 ληῦ,
1150 2344 1318 2429 ἐνεπλήσθη

80 2451 230 2494 ακουσατε
239 2423 347 2505 λόγους
354 2452 423 2510 μου.
432 2425 578 2512 10ήμέρας
586 2430 683 2492 ἐνιαυ·
712 2423 795 2494 Σιών
819 2434 940 2512 κρίσεως
963 2429 1014 2492 καί
1033 2372 1226 2512 δικαιοσύνης.
1258 2427 1319 2493 θίν

79 2514 136 2576 τοῦ
161 2514 259 2590 μνείαν
276 2505 446 2593 ποιήσασθε
464 2515 495 2575 ἐν
515 2505 603 2592 ὀδύνη
621 2508 678 2595 μετ’
714 2504 794 2593 νόμῳ
806 2506 1090 2593 παραδοθήσονται,
1112 2512 1144 2574 ίν
1156 2520 1319 2594 θησαυροῖς

79 2593 205 2669 ἐλπίδος.
232 2590 382 2678 ἀνήλωται
406 2590 424 2657 ὃ
445 2581 603 2678 τρυγητδς,
627 2595 682 2657 πί·
714 2590 880 2677 ήσωτηρία
896 2591 992 2699 ήμῶν,
1017 2596 1078 2657 ἐκεῖ
1087 2598 1179 2674 σοφία
1190 2596 1242 2657 καί
1254 2596 1319 2658 ἐπι-

79 2703 206 2752 παυται,
232 2676 329 2742 ούκέτι
343 2675 383 2759 μή
397 2676 489 2768 ίλθη.
514 2679 540 2718 ¹¹
553 2678 682 2759 ἐκστητε,
713 2670 808 2759 στήμη
825 2679 877 2741 καί
893 2677 1022 2761 ευσίβεια
1039 2672 1116 2761 πρὸς
1132 2674 1187 2740 τὸν
1206 2670 1317 2760 κύριον.

78 2758 233 2844 λυπήθητε
246 2765 278 2824 αί
289 2768 483 2834 πεποιθυῖαι,
506 2752 681 2833 ἐνεδύσασθε,
713 2749 797 2823 ούτοί
806 2763 862 2824 είσι
869 2759 1022 2860 θησαυροί
1030 2754 1224 2843 δικαιοσύνης.
1236 2757 1318 2826 7ίδού

77 2845 187 2927 γυμναί
215 2845 356 2923 γίνεσθε,
392 2836 595 2927 περιζώσασθε
626 2839 682 2917 τάς
712 2840 800 2922 δήέν
817 2847 862 2925 τῴ
874 2838 961 2990 φόβῳ
980 2847 1061 2923 υμῶν
1078 2832 1164 2908 οῦτοι
1177 2838 1318 2928 φοβηθή-

79 2922 208 3007 ὀσφύας,
234 2928 325 2992 12καί
342 2926 393 2990 ἐπί
409 2930 470 2990 τών
486 2930 610 3009 μαστῶν
626 2920 681 2990 κό-
714 2949 827 2991 σονται.
846 2921 899 3000 οῦς
927 2927 1079 3030 φοβεῖσθε,
1130 2918 1251 3008 ήσονται
1264 2924 1314 3006 ἀφ’

76 3021 200 3086 πτεσθε,
236 3006 298 3074 ἀπὸ
325 3008 419 3114 ἀγροῦ
443 3005 680 3093 ίπιθυμήματος,
715 3004 803 3091 ὑμῶν.
829 3006 949 3087 ἀγγελοι
962 3033 1083 3074 αποστα
1113 3003 1240 3083 ’σονται,
1265 3036 1317 3073 πι-

76 3095 128 3157 καί
141 3091 476 3198 ἀμπελουνγεννηματος.
502 3095 530 3196 {³
544 3092 562 3177 ή
574 3097 681 3195 γήμοῦ
711 3095 790 3178 κρώς
800 3089 966 3192 κλαίοντες,
985 3036 1228 3176 παρακαλοῦντες
1240 3087 1317 3178 εἰρή-

77 3176 158 3242 λαοῦ
173 3205 246 3261 μου,
272 3188 396 3243 ακανθα
413 3178 464 3241 καί
480 3201 589 3263 χορτος
606 3199 681 3241 σενα·
712 3199 774 3325 ήήν.
800 3175 1071 3281 θέρημωθησρνται
1083 3174 1141 3261 γὰρ
1154 3178 1188 3274 αἱ
1199 3170 1318 3240 τούτων

75 3257 212 3362 βήσεται,
237 3261 289 3325 καί
307 3263 340 3325 ἐκ
352 3259 449 3343 ποίσης
463 3263 558 3335 οἰκίας
571 3257 680 3344 εύφρσ-
749 3263 787 3324 οί.
812 3283 965 3324 πεπαυται
984 3285 1001 3324 ο
1020 3262 1115 3345 φοβος
1132 3282 1193 3322 των
1210 3261 1317 3333 ε’θνυῦν,

76 3370 149 3427 συνη
162 3341 335 3429 ἀρθήσεται.
347 3342 435 3419 πόλις
443 3343 584 3419 πλουσία,
597 3340 679 3408 14οί-
712 3342 762 3407 καί
779 3338 887 3426 ήπρὸς
903 3338 1029 3416 τούτους
1045 3336 1174 3423 διαθήκη
1192 3341 1316 3423 αἴρεται,

77 3453 124 3491 κοι
150 3426 435 3509 ἐγκαταλελειμμένα
464 3425 597 3490 πλοῦτον
620 3419 681 3490 πύ-
711 3424 763 3488 καί
780 3422 816 3489 οῦ
833 3421 872 3504 μή
890 3424 1052 3505 λογίσησθε
1070 3418 1180 3494 αύτούς
1192 3416 1316 3504 ἀνθρώ-

77 3510 149 3583 λεως
166 3505 348 3591 ἀφήσουσιν,
373 3509 472 3581 οἴκους
493 3510 584 3570 ἐπιθυ
614 3501 681 3586 ’μα-
711 3531 796 3578 πσυς.
822 3507 1014 3586 9ἐπένθησεν
1031 3500 1049 3587 ή
1066 3507 1120 3585 γή,
1142 3498 1277 3593 ᾐσχύνθη
1297 3500 1315 3567 ὁ

77 3617 138 3664 τος.
164 3592 216 3654 καί
241 3592 359 3654 ἔσονται
384 3592 417 3653 αί
434 3591 530 3668 κώμαι
548 3585 609 3673 σπή
629 3613 681 3652 αια
713 3590 863 3670 Λίβανος,
885 3585 941 3667 aq
955 3588 1066 3663 ἐγένετο
1080 3581 1098 3649 ὃ
1110 3584 1229 3666 Σύρων.
1254 3610 1315 3666 φα·

77 3679 133 3748 ἕως
164 3677 222 3738 τοῦ
246 3675 374 3746 αἰῶνος,
412 3664 575 3754 εῦφροσύνη
602 3667 680 3734 ύνων
711 3667 779 3751 νερά
792 3670 875 3733 ἐσται
888 3666 906 3752 ή
919 3665 1080 3744 Γαλιλαία,
1093 3667 1313 3756 καίδΧέρμελ

77 3757 198 3842 ἀγρίων,
210 3749 387 3842 βοσκήματα
398 3755 558 3836 ποιμένων,
583 3752 680 3826 16ἕως
711 3754 740 3796 ¹⁰
753 3754 805 3814 νῦν
821 3748 1029 3836 ἀναστήσομαι
1040 3751 1115 3830 λέγει
1127 3748 1241 3836 κύριος,
1265 3756 1316 3817 νῦν

78 3840 116 3906 ἀν
133 3841 209 3923 ἔλθη
223 3835 267 3920 ἐφ’
281 3836 359 3919 ύμάς
367 3839 481 3916 πνεῦμα
490 3832 542 3917 ἀφ’
549 3833 679 3919 ύψηλσῦ.
710 3829 1004 3918 δοξασθήσσμαι,νῦν
1013 3829 1227 3920 ύιγωθήσσμσι.
1238 3838 1316 3902 11νῦν

77 3926 129 3989 καί
155 3912 239 3989 ἐπ’ται
261 3923 367 4006 ἕρημος
392 3917 562 4022 ὁΧέρμελ,
587 3920 638 3983 καί
660 3915 679 3983 δ
711 3915 838 4002 ὄψεσθε,
865 3921 916 3982 νῦν
934 3913 1174 4004 αῖσθηθήσεσθε,
1198 3924 1315 4001 ματαία

79 4001 681 4093 Χέρμελείςδρυμόνλογισθησεται.’θκαί
710 4004 792 4067 ἐσται
815 3998 836 4085 ή
862 3997 942 4085 ίσχύς
959 4004 1015 4066 τοῦ
1038 3996 1205 4084 πνεύματος
1220 3997 1313 4086 ῦμεῦν.

76 4087 282 4156 ἀναπαύσεται
295 4091 327 4153 ἐν
338 4091 376 4170 τῆ
388 4082 487 4173 ἐρήμῳ
499 4091 603 4170 κρίμα,
628 4087 681 4151 καί
710 4089 771 4169 πῦρ
789 4085 942 4150 κατέδεται
966 4080 1050 4167 ύμυῖς.
1086 4087 1115 4128 ¹²
1126 4086 1178 4149 καί
1195 4088 1314 4151 ἐίτονται

76 4169 248 4258 δικαιοσύνη
267 4176 298 4239 ίν
310 4161 525 4256 τῷ’Καρμήλῳ
537 4165 679 4251 κατοική-
711 4171 784 4252 ἔθνη
806 4171 1056 4249 κατακεκαυμένα,
1080 4164 1121 4243 ὧς
1146 4166 1266 4235 ἀκανθα
1282 4170 1314 4232 ἐν

77 4282 128 4322 σει.
153 4259 179 4299 ¹⁷
192 4258 243 4320 καί
259 4257 341 4320 ἐσται
354 4251 394 4320 τά
412 4257 486 4337 ἔργα
498 4256 551 4335 τής
566 4252 678 4316 δικαιο-
710 4249 793 4355 ἀγρῷ
823 4253 970 4337 ίρριμμένη
984 4253 1037 4318 καί
1064 4253 1312 4335 κατακεκαυμένη.

76 4335 172 4423 σύνης,
184 4333 287 4442 εἰρήνη.
315 4340 367 4402 καί
385 4331 521 4421 κρατήσει
533 4330 552 4418 ή
565 4335 680 4399 δικαιο-
709 4329 932 4401 13ακούσονται
950 4338 981 4401 οέ
997 4329 1156 4421 πύβρωθεν
1172 4329 1194 4398 ἀ
1209 4337 1313 4434 ἐποίη-

76 4418 150 4503 σύνη
162 4419 342 4494 ἀναπαυσιν,
369 4421 421 4484 καί
433 4413 612 4492 πεποιθότες
624 4421 680 4491 ίως
710 4441 760 4491 σα,
772 4412 938 4494 γνώσονται
951 4427 982 4484 σί
993 4419 1153 4496 ἐγγίζοντες
1165 4417 1220 4499 τήν
1233 4420 1313 4498 ίσχνν

75 4508 129 4569 τοῦ
143 4506 265 4580 αἰῶνος,
290 4502 318 4546 ¹⁸
332 4502 383 4568 καί
396 4497 562 4585 κατοικήσει
574 4497 592 4564 δ
605 4495 679 4575 λαός
710 4523 775 4566 ιιου.
793 4498 823 4542 ¹¹
832 4498 1006 4584 ἀπέστησαν
1018 4503 1048 4564 σί
1059 4502 1090 4563 ἐν
1102 4496 1185 4563 Σιών
1197 4495 1313 4642 ἀήσμσι,

1239 4597 1311 4664 w*-
