2924 4972
322 195 518 261 ΕΣΔΡΑΣ
546 197 758 260 ΠΡΩΤΟΝ
796 199 871 273 Κεφ.
884 188 921 274 γ’.
935 190 975 261 δ’.
988 195 1019 262 3.
1032 191 1062 262 4.
1250 197 1313 262 477

73 322 188 397 στείλας
199 317 316 385 ἐκάλεσε
333 323 451 394 πάντας
462 322 532 393 τούς
543 328 680 399 μεγιστᾶ-
712 318 792 382 άλλα
803 319 913 383 πάντα.
927 321 998 385 2καί
1010 321 1076 385 ὅσοι
1088 325 1124 385 ού
1137 323 1310 408 στρατεύον·

72 430 124 481 νας
148 409 200 489 τῆς
217 403 364 488 Περσίδος
389 402 440 465 καί
462 405 515 484 τῆς
532 400 680 484 Μηδείας,
712 424 762 464 ται
780 397 849 464 ούδέ
867 399 1046 485 πολεμοῦσιν
1063 403 1142 468 ἀλλὰ
1154 411 1317 491 γεωργοῦσι

73 491 123 553 καί
147 484 217 561 τούς
242 481 401 570 σατράπας
418 485 469 547 καί
487 481 680 566 στρατηγούς,
711 480 767 560 τὴν
781 487 852 566 γῆν,
878 480 968 548 πάλιν
985 483 1059 552 ὅταν
1077 492 1216 572 σπείρωσι
1232 493 1318 575 θερί-

74 574 125 636 καί
136 564 291 653 τοπάρχας
304 569 354 632 καί
365 563 506 640 ἱπάτους,
516 567 567 628 καί
577 560 681 630 ἰκάθι-
714 587 813 638 σαντες
839 562 1022 651 ἀναφέρουσι
1048 575 1093 654 τῷ
1110 569 1234 656 βασιλεῖ.
1266 573 1319 636 καί

74 657 161 719 σενίν
171 657 215 736 τῷ
227 654 477 736 χρηματιστηρίῳ,
489 650 541 714 καί
553 643 682 724 ἆνεγνῶ-
713 649 811 730 έτερος
828 645 883 711 τὸν
900 652 1000 732 έτερον
1016 634 1226 730 άναγκάζοντες
1243 650 1319 717 άνα-

74 748 136 820 σθη
148 732 184 801 τό
195 731 317 818 γράμμα
330 728 457 797 έυῶπιον
469 729 577 795 αὐτῶν.
599 731 681 794 22καί
713 731 837 812 φέρουσι
849 726 920 803 τούς
932 725 1044 814 φόρους
1055 740 1097 816 τῷ
1109 737 1233 837 βασιλεῖ,
1248 737 1318 801 7καί

73 819 142 885 εἰπε.
170 818 315 882 καλέσατε
336 814 408 889 τούς
425 819 605 888 νεανίσκους,
630 813 682 877 καί
714 808 806 885 αὐτὸς
823 809 864 884 εἰς
879 807 969 894 μόνος
982 814 1067 878 ἐστίν.
1093 820 1145 882 ίαν
1157 823 1224 913 είπη
1237 816 1318 884 άπο-

74 902 165 967 αὐτοί
178 896 345 1003 δηλώσουσι
358 899 428 973 τοὺς
439 893 546 974 λόγους
556 898 680 960 ἑαυτῶν.
713 905 832 967 κτεῖναι,
841 892 1080 961 ἇποκτέννουσιν.
1093 898 1146 962 έάν
1155 902 1202 965 είπ
1232 899 1319 982 άφεῖ-

74 986 127 1048 καί
140 984 321 1066 ἰκληθησαν,
334 983 385 1045 καί
395 977 580 1063 εἰςηλθοσαν.
598 978 683 1041 16καί
715 973 922 1054 ναι,ἆφιούσιν.
932 975 1032 1040 ἐἶπεν
1039 975 1181 1055 πατάξαι,
1187 1006 1317 1047 τυπτσυ-

76 1065 163 1131 εἶπαν
183 1064 295 1138 αὐτοῖς.
322 1061 522 1142 ἀπαγγείλατε
535 1058 603 1144 ἡμῖν
615 1061 684 1144 περί
715 1084 767 1124 σιν.
786 1057 863 1123 εἶπεν
875 1061 1039 1145 ἐρημῶσαι,
1052 1062 1216 1144 ἰρημοῦσιν.
1242 1063 1321 1131 εἶπεν

77 1151 139 1211 τῶν
146 1148 360 1247 γεγραμμένων.
377 1147 429 1209 καί
441 1144 553 1227 ἤρξατο
566 1139 584 1208 5
597 1147 683 1226 πρῶ·
715 1142 920 1225 οἰκοδομῆσαι,
930 1142 1146 1223 οἰκοδομοῦσιν.
1160 1143 1264 1209 ῡείπεν
1273 1148 1322 1208 ἰκ-

78 1254 129 1302 τος
143 1255 161 1292 ο
174 1231 258 1302 εἶπας
269 1230 336 1312 περί
348 1231 400 1309 τῆς
414 1222 512 1311 ἰσχύος
524 1230 578 1289 τοῦ
589 1225 683 1300 οἴνου,
715 1219 828 1305 κόψαι,
854 1218 1058 1290 ἐκκόπτουσα.
1088 1223 1150 1289 εἰπε
1168 1231 1322 1306 φυτεύσω,

77 1313 129 1376 καί
142 1314 200 1416 ἔφη
215 1307 320 1384 οὕτως.
345 1311 373 1352 ¹⁷
386 1306 497 1387 ἄνδρες,
515 1313 580 1384 πῶς
594 1303 684 1389 ὑπερ-
715 1303 881 1388 φυτεύουσι.
890 1308 974 1371 2οκαἰ
983 1303 1069 1383 πᾶςό
1081 1304 1155 1383 λαός
1166 1306 1264 1374 αὐτοῦ
1272 1309 1325 1374 καί
1362 1333 1364 1336 ’

79 1390 166 1479 ισχύει
187 1421 204 1458 ο
222 1391 319 1469 οίνος;
344 1390 460 1465 πάντας
477 1390 549 1466 τοὺς
561 1387 683 1476 άνθροί-
716 1394 749 1453 αί
764 1384 896 1472 δυνάμεις
915 1387 1012 1454 αύτού
1029 1385 1210 1456 ίνακούουσι.
1248 1387 1324 1475 πρός

76 1503 154 1551 ποος
166 1474 238 1551 τούς
256 1472 379 1550 πιόντας
392 1472 485 1539 αύτόν
496 1473 606 1556 πλανᾷ,
632 1471 685 1555 τὴν
716 1470 748 1537 δὲ
772 1469 905 1548 τούτοις,
938 1469 1030 1547 αὐτὸς
1055 1468 1203 1537 ἀνάκειται
1229 1477 1323 1540 έσθίει

78 1557 210 1624 διάνοιαν
248 1559 277 1601 ¹⁸
289 1563 344 1622 τοῦ
357 1583 387 1622 τε
399 1557 544 1644 βασιλέως
560 1557 612 1620 καί
629 1559 685 1619 τοῦ
716 1557 766 1620 καί
777 1560 853 1620 πίνει
865 1557 916 1620 καί
927 1552 1074 1631 καθεύδει,
1086 1560 1112 1597 ¹¹
1124 1554 1213 1621 αύτοί
1224 1557 1257 1622 δέ
1268 1582 1322 1660 τη-

78 1641 216 1727 ὀρφανοῦ
224 1640 364 1721 ποιεῖτὴν
372 1633 684 1723 διάνοιανμίαν,τηντε
716 1641 802 1723 ρούσι
820 1633 920 1720 κύκλῳ
937 1638 1006 1719 περί
1025 1631 1126 1704 αὐτόν.
1152 1643 1203 1705 καί
1218 1638 1254 1705 ού
1267 1640 1322 1705 δυ-

77 1730 132 1789 τού
141 1728 256 1789 οἰκέτου
265 1725 316 1787 καί
325 1723 379 1806 τὴν
387 1728 442 1787 τοῦ
453 1722 620 1808 ἐλευθέρου,
630 1718 685 1804 την
716 1745 819 1786 νανται
835 1725 960 1794 ἕκαστος
976 1719 1131 1798 ἀπελθεῖν,
1156 1724 1208 1787 καί
1226 1734 1323 1788 ποιεῖν

76 1833 107 1871 τε
120 1813 175 1872 τοῦ
186 1810 310 1889 πένητος
324 1807 376 1870 καί
387 1804 443 1889 τὴν
460 1809 516 1870 τού
527 1806 683 1870 πλουσίου.
716 1801 754 1869 τά
779 1806 853 1887 ἔργα
874 1800 984 1878 αὐτοῦ,
1010 1800 1079 1869 ούδὲ
1095 1801 1322 1888 παρακούουσιν

76 1892 104 1933 ¹⁹
117 1892 168 1954 καί
196 1894 300 1954 πᾶσαν
329 1884 463 1954 διάνοιαν
491 1891 683 1972 μεταστρέφει
715 1885 820 1951 αὐτοῦ.
846 1873 912 1950 22ῶ
935 1884 1053 1974 άνδρες,
1076 1891 1142 1963 πῶς
1153 1886 1207 1973 ούχ
1220 1886 1322 1974 ύπερι-

77 1977 115 2048 εἰς
139 1971 262 2057 εὐωχίαν
283 1973 335 2037 καί
353 1967 548 2056 εὐφροσύνην,
574 1969 627 2034 καί
645 1967 682 2035 ού
715 1966 793 2054 οχύει
810 1967 992 2055 ὁβασιλεύς,
1017 1966 1065 2033 ὅτι
1080 1965 1178 2045 ὁύτως
1190 1966 1320 2037 ἐπάκου-

75 2059 217 2138 μέμνηται
232 2059 336 2120 πᾶσαν
348 2051 446 2136 λύπην
461 2058 514 2119 καί
524 2057 588 2118 πάν
600 2051 684 2133 όφεί-
715 2050 787 2126 στός
797 2055 876 2130 ε’στις
885 2053 937 2115 καί
946 2055 1082 2134 ἐσίγησεν.
1092 2049 1143 2117 ¹³5
1153 2052 1184 2118 δέ
1193 2051 1321 2136 τρίτοςό

77 2138 171 2220 λημα,
207 2139 239 2182 ¹⁰
255 2141 308 2202 καί
331 2133 432 2210 παίσας
456 2135 580 2221 καρδίας
603 2145 690 2200 ποιεῖ’
714 2136 800 2209 εἴπας
815 2137 880 2219 περί
892 2139 952 2198 τῶν
962 2139 1108 2211 γυναικοῖν
1121 2137 1174 2201 καί
1185 2135 1322 2220 τῆςάλη-

78 2223 239 2296 πλουσίας,
264 2222 316 2283 καί
340 2218 378 2283 ού
393 2222 535 2302 μέμνηται
557 2217 684 2304 βασιλέα
714 2221 808 2291 θείας,
821 2212 910 2291 οὗτός
924 2219 986 2281 ἔστι
999 2213 1188 2321 Ζοροβάβελ,
1208 2219 1320 2303 ἤρξατο,

77 2302 146 2367 οὐδὲ
160 2296 323 2387 σατράπην.
336 2304 388 2366 καί
398 2296 498 2365 πάντα
510 2299 560 2365 διά
573 2297 683 2364 ταλάν-
714 2300 821 2364 λαλεῖν.
849 2297 965 2384 ἄνδρες,
991 2299 1071 2366 14ού
1088 2326 1179 2385 μεγας
1198 2300 1215 2366 5
1230 2307 1320 2388 βασι-

76 2409 138 2450 των
151 2397 231 2449 ποιεῖ
241 2384 347 2457 λαλεῖν,
370 2385 397 2424 22
410 2384 461 2448 καί
474 2382 512 2447 ού
524 2384 684 2466 μέμνηνται
714 2380 794 2457 λεύς,
811 2385 862 2446 καί
873 2381 985 2447 πολλοὶ
996 2388 1026 2447 οἶ
1038 2383 1213 2469 ἅνθρωποι,
1237 2378 1319 2447 καὶὸ

78 2463 153 2531 ὅταν
161 2472 286 2533 πίνωσιν
294 2460 434 2546 φιλιάζειν
442 2465 536 2543 φίλοις
545 2469 595 2530 καί
604 2464 685 2530 άδελ·
715 2464 794 2539 οἶνος
804 2464 891 2549 ἰσχύει
896 2454 1204 2543 ςτίςούνὸδεσπύζων
1212 2463 1321 2541 αὐτῶν,

79 2560 166 2630 φοῖς,
190 2551 242 2613 καί
258 2546 316 2630 μετ’
333 2545 369 2612 οὐ
388 2545 466 2612 πολὺ
483 2552 618 2614 σπῶνται
631 2546 684 2623 τὰς
716 2545 733 2631 ἢ
753 2554 798 2623 τίς
815 2545 832 2613 5
850 2544 989 2633 κυριεύων
1006 2546 1122 2625 αὐτῶν,Ι
1149 2546 1203 2631 ούχ
1222 2552 1256 2613 αί
1266 2574 1321 2625 γυ-

77 2637 234 2716 μαχαίρας.
261 2635 291 2674 22
303 2633 354 2695 καί
368 2627 443 2696 όταν
456 2627 519 2695 άπὸ
532 2635 590 2694 τοῦ
601 2631 683 2696 οἴνου
714 2641 808 2705 ναῖκες
812 2659 825 2709 ,·
851 2632 925 2695 12αί
943 2642 1076 2708 γυναῖκες
1093 2631 1247 2714 ἐγέννησαν
1268 2630 1321 2695 τόν

75 2720 252 2819 ἐγερθῶσιν,
280 2711 316 2781 οὗ
327 2715 488 2817 μέμνηνται
504 2709 680 2798 άέπραξαν.
712 2714 838 2799 βασιλέα
862 2715 913 2778 καί
928 2710 1030 2779 πάντα
1053 2714 1105 2779 τὸν
1124 2713 1199 2780 λαὸν
1216 2711 1250 2789 δς
1268 2741 1321 2779 κο-

75 2800 106 2840 ²³
119 2826 144 2862 ω
159 2798 275 2882 άνδρες,
301 2823 357 2882 ουχ
375 2791 536 2881 ύπερισχύει
556 2792 574 2862 ό
588 2797 680 2873 οἶνος,
713 2793 799 2878 ρεεύει
811 2801 864 2880 τῆς
873 2794 1031 2882 θαλάσσης
1041 2802 1092 2863 καί
1101 2803 1222 2904 τηςγῖης,
1235 2799 1320 2862 22καί

74 2876 122 2945 ότι
144 2878 239 2955 οὕτως
252 2876 407 2959 ἀναγκάζει
418 2891 513 2946 ποιεῖν
518 2909 531 2959 ,·
557 2883 608 2945 καί
620 2885 680 2946 ἕσί-
714 2883 744 2955 ἐξ
757 2877 858 2945 αὐτῶν
871 2883 1016 2958 ἐγένοντο,
1033 2883 1084 2945 καί
1096 2908 1187 2947 αυται
1200 2884 1320 2967 ἐξέθρε-

73 2989 161 3046 γησεν
175 2960 272 3038 οὕτως
284 2964 375 3038 είπας.
713 2981 777 3042 ψαν
802 2960 912 3037 αὐτούς
937 2961 1007 3068 τοὺς
1029 2963 1230 3046 φυτεύσαντας
1247 2963 1320 3039 τούς

264 3053 337 3110 ΚΕ
350 3053 390 3110 Φ.
433 3041 485 3110 A'.
713 3046 891 3126 ἀμπελῶνας
918 3048 948 3122 έξ
974 3073 1017 3112 ων
1047 3045 1065 3112 5
1091 3048 1171 3123 οἶνος
1195 3054 1318 3125 γίνεται,

74 3097 157 3194 Καί
169 3128 281 3213 ἤρξατο
294 3125 311 3195 5
324 3126 456 3214 δεύτερος
469 3129 583 3205 λαλεῖν,
607 3126 625 3193 5
639 3128 680 3192 εἴ-
711 3131 738 3172 ¹⁷
751 3130 802 3192 καί
819 3119 908 3193 αὗται
927 3134 1047 3205 ποιοῦσι
1064 3129 1118 3208 τάς
1136 3129 1247 3206 στολάς
1258 3134 1319 3194 τῶν

73 3238 134 3286 πας
146 3215 274 3298 περὶτῆς
288 3210 386 3296 ἰσχύος
399 3216 456 3275 τοῦ
464 3212 618 3297 βασιλέως.
632 3198 680 3273 2ῶ
712 3207 896 3294 ἀνθρώπων,
920 3215 971 3275 καί
989 3205 1078 3276 αὗται
1092 3219 1214 3277 ποιοῦσι
1228 3209 1319 3287 δόξαν

72 3293 190 3380 ἄνδρες,
209 3293 263 3377 οὐχ
276 3290 497 3378 ύπερισχύουσιν
511 3297 543 3357 σί
556 3293 680 3376 άνθρω-
712 3304 775 3367 τοῖς
793 3288 981 3377 ἀνθρώποις,
1010 3297 1062 3357 καί
1079 3292 1116 3357 ού
1134 3294 1274 3357 δύνανται
1288 3296 1320 3356 οἰ

71 3402 136 3453 ποι,
148 3377 202 3458 τὴν
214 3381 268 3456 γῆν
280 3377 328 3438 καί
344 3376 397 3455 τίην
408 3370 568 3438 θάλασσαν
587 3399 681 3437 κατα·
713 3373 874 3456 άνθρωποι
893 3376 981 3458 χωρὶς
997 3377 1059 3438 τῶν
1073 3379 1220 3449 γυναικῶν
1237 3373 1319 3437 εἶναι.

71 3463 248 3542 κρατοῦντες
265 3459 316 3518 καί
339 3451 441 3519 πάντα
459 3453 499 3517 τά
516 3458 546 3518 έν
562 3453 681 3532 αύτοῖςς
712 3456 741 3498 ¹⁸
755 3455 807 3519 ἐάν
818 3455 851 3518 δὲ
864 3451 1053 3531 συναγάγωσι
1064 3461 1185 3538 χρυσίον
1198 3456 1248 3517 καί
1263 3454 1321 3538 εἰρ-

71 3544 87 3584 ³
100 3539 118 3606 5
132 3539 165 3604 δὲ
177 3535 313 3624 βασιλεὺς
326 3533 485 3619 ὑπερισχύει
498 3538 550 3599 καί
561 3533 681 3619 κυριεύει
712 3533 816 3621 γύριον
833 3539 884 3600 καί
903 3541 965 3600 πᾶν
977 3540 1103 3620 πρᾶγμα
1115 3532 1246 3622 ῶραῖον,
1269 3536 1321 3601 καί

73 3622 176 3690 αὐτῶν
189 3622 240 3685 καί
252 3615 384 3696 δεσπόζει
397 3616 508 3693 αὐτῶν,
526 3619 577 3682 καὶ
588 3621 650 3682 πᾶν
664 3615 682 3681 5
714 3621 799 3683 ίδωσι
811 3629 935 3694 γυναῖκα
946 3624 1017 3701 μίαν
1028 3617 1121 3701 καλὴν
1134 3623 1180 3703 τῶ
1191 3620 1257 3685 εἴδει
1268 3619 1320 3686 καί

73 3704 127 3771 ἐάν
139 3707 205 3787 είπη
219 3702 332 3776 αὐτοῖς,
346 3695 542 3766 ένακούουσιν.
555 3697 629 3773 4ἐάν
642 3700 682 3763 εί-
714 3706 757 3785 τῷ
777 3695 890 3776 κάλλει,
913 3703 943 3744 ¹⁹
955 3706 1054 3766 ταῦτα
1070 3697 1172 3769 πάντα
1188 3701 1319 3785 άφέντες,

73 3816 117 3874 πη
144 3777 247 3861 αύίοῖς
275 3790 398 3870 ποιῆσαι
423 3778 554 3866 πόλεμον
585 3787 682 3867 ἕτερος
714 3789 752 3858 εἰς
765 3780 859 3867 αὐτὴν
872 3786 1037 3869 έκκέχηναν,
1050 3788 1101 3850 καὶ
1112 3786 1269 3871 χάσκοντες
1281 3788 1317 3853 τὸ

74 3865 151 3959 στ’ρός
163 3868 215 3936 τὸν
228 3875 338 3955 ἕτερον,
350 3870 495 3933 ποιοῦσιν.
510 3865 602 3932 ἕάνδέ
613 3869 681 3944 ἔξα-
713 3862 808 3950 στόμα
825 3872 990 3952 θεωροῦσιν
1015 3865 1121 3951 αὐτὴν,
1144 3873 1196 3936 καί
1211 3869 1319 3948 πάντες

73 3949 337 4042 ποστείληαύτούς
350 3948 504 4036 πρὸςτούς
514 3951 680 4033 πολεμίους,
711 3948 806 4035 αὐτὴν
825 3953 1016 4036 αἰρετίζουσιν
1025 3952 1141 4034 μᾶλλον
1158 3952 1178 4039 ἢ
1194 3954 1229 4020 τό
1247 3982 1319 4042 χρυ-

73 4038 224 4123 βαδίζουσι
246 4037 297 4100 καὶ
318 4029 548 4119 κατεργάζονται
565 4032 605 4100 τά
624 4033 680 4120 ὅρη
713 4041 777 4101 σίου
789 4036 840 4099 καί
851 4031 887 4098 τό
899 4029 1183 4120 ἆργύριον,καίπᾶν
1192 4045 1319 4124 πρᾶγμα

74 4123 126 4185 καί
138 4121 177 4183 τά
189 4125 268 4203 τείχη
281 4122 331 4184 καί
342 4115 411 4192 τούς
423 4111 569 4202 πύργους,
594 4119 608 4161 ⁵
621 4143 669 4198 epo·
713 4113 834 4203 ὡραῖον.
853 4120 884 4160 ²⁰
897 4117 1059 4203 ἄνθρωπος
1071 4116 1124 4185 τὸν
1136 4123 1244 4186 ἑαυτοῦ
1256 4147 1320 4185 παπ

75 4202 189 4269 νεύουσι
202 4204 253 4266 καί
266 4200 451 4282 φονεύονται,
465 4202 516 4265 καί
527 4199 681 4277 τὸνλόγον
712 4203 785 4285 τέρα
795 4201 994 4277 ἐγκαταλείπει
1003 4197 1036 4277 ὃς
1047 4203 1205 4289 ἐξέθρεψεν
1215 4201 1317 4279 αὐτὸν,

49 4290 130 4353 ιτοῦ
147 4284 290 4370 βασιλέως
308 4282 344 4349 ού
357 4286 600 4368 παραβαίνουσιν.
627 4281 680 4347 ἐάν
712 4285 763 4347 καί
786 4283 841 4367 τὴν
864 4285 941 4349 ἰδίαν
964 4282 1007 4369 χῶ
1027 4309 1077 4360 αν,
1103 4289 1154 4350 καί
1171 4283 1248 4368 πρὸς
1263 4283 1317 4367 την

72 4370 103 4435 δέ
133 4363 289 4449 νικήσωσι,
319 4371 364 4451 τῶ
388 4365 504 4452 βασιλεῖ
527 4367 678 4447 κομίζουσι
713 4365 789 4430 ἰδίαν
812 4376 937 4442 γυναῖκα
954 4392 989 4430 κο
1032 4372 1112 4439 ’ται,
1137 4362 1318 4446 21καίμετείι

71 4450 183 4528 πάντα,
206 4450 256 4512 καί
267 4447 320 4512 ἰὰν
331 4443 563 4535 προνομεύσιοσι,
576 4448 627 4512 καί
640 4445 679 4510 τά
711 4451 764 4531 τῆς
779 4448 918 4525 γυναικὸς
936 4446 1042 4529 άφίησι
1058 4443 1113 4527 τὴν
1129 4439 1243 4526 ψυχὴν,
1266 4445 1318 4545 χαί

1248 4549 1322 4587 ουτε
