2924 4972
157 237 223 302 εσυ
266 235 759 303 mmmmm
783 237 917 298 mr.
961 232 1307 313 Kamt'aq'mffss.

157 352 213 416 τὸν
224 350 301 433 πρὸς
312 349 384 425 τοῦς
397 346 767 433 ίερείς,καίίηλε’πραάτ-
799 373 849 412 ναι
872 350 925 411 ἐπὶ
1018 353 1039 428 '¹
1066 346 1215 432 βασιλεῦον
1236 342 1339 408 Ἰούδα
1357 349 1412 411 καί

159 433 263 497 ίτειλετ
281 437 312 497 b
324 439 369 514 τῳ
385 429 514 514 μετῶπῳ
526 428 622 495 αῦτοῦ
634 436 768 495 ἐναντίον
796 426 927 516 Ἰσραήλ
961 434 1013 494 καί
1025 423 1173 512 ἐκοιμηθη
1182 425 1321 508 Ἰοοάθαμ
1332 431 1412 511 μετὰ

158 521 219 581 τῶν
234 519 335 601 ίερίεον
347 520 380 580 ἔν
391 517 466 597 οίκῳ
478 520 583 599 κυρίου
594 511 699 578 ίπάνω
711 518 768 578 τοῦ
798 518 860 578 τῶν
882 517 1024 598 πατέρων
1048 512 1159 585 αὐτοῦ,
1184 512 1237 574 καί
1260 509 1359 595 ίτάςη
1375 516 1411 576 ἔν

158 604 378 685 θυσιαστηρίου
389 593 666 700 τῶνθυμιαμάτοσν.
680 599 767 660 10καί
797 595 883 661 πόλει
908 597 1019 670 Δαυίδ,
1043 598 1094 659 καί
1115 594 1299 679 ε’βασιλεισεν
1316 595 1411 682 Ἀχαζ

159 687 320 767 ίπίστρεῳε
336 680 414 767 πρὸς
430 679 524 746 αῦτον
534 678 672 766 Ἀζαρίας
688 677 707 743 ὁ
725 685 766 744 ίε-
799 679 864 755 υίὸς
876 676 974 746 αῦτοῦ
993 677 1055 742 ἅττ’
1071 676 1176 742 αὐτοῦ.

158 764 607 852 ρεῦςὸπρῶτοςκαίοίίερεὲ,
632 763 764 828 καὶίδοῦ
968 767 1094 826 ΚΕΦ.
1136 758 1225 825 KH'.

157 848 250 925 αῦτδς
260 849 369 932 λεπρὸς
381 852 413 913 ἐν
423 852 468 929 τῶ
479 846 619 930 μετεάπῳ,
631 849 682 911 καί
691 872 766 911 κατ-
798 811 882 920 Υίδς
894 846 986 910 εἴκοσι
1002 849 1054 910 καί
1069 847 1158 909 πέντε
1174 849 1251 909 ἐτῶν
1268 835 1305 928 ἦν
1315 844 1409 931 {qut

157 933 302 998 ίσπευσαν
313 929 409 997 αὐτόν
421 934 546 1005 ίκείθεν,
571 933 623 994 καί
633 929 694 1015 γάρ
706 928 765 994 αῦ-
796 931 829 994 ἐν
840 934 885 1013 τῶ
896 926 1060 1015 βασιλεύω
1071 925 1176 1005 αὐτὸν,
1187 930 1240 992 καί
1251 931 1407 995 ἑκκαίδεκα

156 1016 210 1090 τός
223 1019 360 1082 ἔσπευσεν
372 1015 510 1091 ίξελθείν,
524 1011 571 1079 ὅτι
583 1013 698 1098 ἤλεγξεν
708 1011 764 1077 αῦ-
796 1016 850 1096 ἔτη
873 1014 1059 1099 ἐβασιλευσεν
1075 1015 1108 1076 lv
1126 1009 1328 1096 Ἰερουσαλήμ
1353 1017 1406 1079 καί

154 1097 210 1164 τὸν
224 1094 331 1184 κύριος.
370 1100 398 1140 ²¹
410 1100 463 1164 καί
476 1096 579 1175 Ὀζίας
594 1093 613 1161 ὅ
629 1095 765 1183 βασιλεὺς
795 1095 852 1160 οῦκ
864 1095 1033 1179 ίποίησετὸ
1053 1092 1138 1170 εῦθὲς
1151 1090 1278 1160 ίνῶπιον
1290 1104 1404 1181 κυρίου,

155 1171 192 1265 ἦν
215 1179 324 1268 λεπρὸς
348 1186 404 1257 ἕως
429 1178 539 1266 ἡμέρας
560 1184 613 1264 τῆς
630 1179 765 1262 τελευτῆς
795 1176 977 1255 ῶςΔαυίδδ
990 1177 1091 1282 πατὴρ
1105 1177 1211 1243 αῦτοῦ.
1237 1182 1406 1245 2καίίπο-

155 1264 266 1340 αῦτοῦ,
292 1267 344 1330 καί
362 1268 394 1329 ίν
409 1265 482 1329 οίκω
501 1262 677 1344 άπφουσῶθ
693 1261 763 1328 ίκά-
795 1261 890 1347 ρεύθη
908 1263 986 1327 κατά
1003 1262 1058 1338 τὰς
1075 1262 1163 1336 οδσῦς
1178 1262 1327 1348 βασιλέοιν
1340 1262 1407 1328 Ἰσ-

154 1358 236 1431 θητο
250 1346 374 1434 λεπρὸς,
397 1344 446 1411 ὅτι
458 1331 629 1432 άπεσχίσθη
641 1343 704 1411 άπὸ
717 1347 764 1411 οί-
795 1342 882 1430 ραηλ.
907 1351 959 1412 καί
969 1345 1029 1432 γάρ
1041 1343 1159 1424 μλυπτά
1172 1351 1302 1428 ε’ποίησε,
1325 1347 1341 1387 ³
1352 1351 1405 1412 καί

154 1456 208 1496 κου
221 1436 333 1515 κυρίου.
348 1432 399 1494 καί
408 1426 544 1495 Ἰιοάθαν
557 1421 576 1495 ὅ
589 1428 655 1504 υίδς
666 1427 763 1494 αὐτοῦ
793 1443 857 1505 τοῖς
880 1426 1009 1505 εἰδώλοις
1031 1427 1133 1494 αῦτῶν
1148 1434 1181 1494 ἒν
1194 1428 1230 1506 μὲ
1245 1428 1401 1511 Βενεννόμ

154 1515 206 1577 ἐπὶ
229 1516 284 1595 τῆς
298 1512 451 1597 βασιλείας
468 1510 564 1576 αὐτοῦ
580 1517 689 1597 κρίνισν
709 1511 763 1576 τὸν
793 1515 844 1576 καί
862 1514 941 1596 διῆγε
958 1511 999 1578 τά
1018 1515 1107 1577 τέκνα
1124 1511 1221 1577 αῦτοῦ
1237 1514 1288 1577 διά
1308 1515 1403 1600 πυρὸς

154 1593 367 1678 λαὸντῆςγῆς.
405 1596 499 1659 22καί
516 1598 548 1658 οἶ
560 1593 663 1658 λοιποί
675 1590 761 1672 λόγοι
794 1596 873 1658 κατά
890 1596 931 1659 τά
948 1593 1135 1698 βδελάμματα
1147 1602 1209 1661 τῶν
1221 1599 1333 1671 ε’θνῶν,
1358 1590 1402 1664 ῶν

151 1674 255 1754 Ὀζίου
268 1680 300 1743 οί
311 1680 430 1761 πρῶτοι
445 1680 497 1743 καί
510 1681 542 1741 οί
554 1680 689 1761 ἔσχατοι,
712 1703 762 1755 γε-
794 1674 996 1763 ίξιολύθρευσε
1020 1706 1120 1764 κυριος
1150 1678 1213 1744 ἀπὸ
1238 1679 1401 1765 προςεάπου

154 1763 315 1844 μραμμίνοι
325 1756 760 1846 ῦπὸἸεσσιουτοῦπροφήτου.
793 1758 1007 1847 υίῶνἸσραηλ.
1045 1764 1126 1826 4καί
1143 1767 1256 1845 ἐθυμία
1273 1767 1401 1828 ἐπὶτῶν

154 1846 183 1887 ²³
196 1845 248 1908 καί
260 1838 405 1928 ίκοιμηθη
419 1841 523 1921 Ὀζίας
538 1844 612 1927 μετά
625 1849 685 1908 τῶν
699 1871 761 1909 πα-
795 1841 934 1928 ὑψηλῶν,
960 1848 1012 1910 καί
1029 1848 1078 1910 ἐπί
1095 1850 1156 1910 τῶν
1167 1845 1325 1929 δωμάτων,
1348 1848 1401 1910 καί

153 1929 249 2010 τίριον
262 1924 368 2002 αὐτοῦ,
380 1928 432 1990 καί
444 1932 570 2009 ἔθαψαν
584 1925 678 1992 αὐτὸν
688 1929 762 2010 μετά
793 1923 938 1992 ὑποκάτω
947 1928 1155 2007 παντὸςξύλου
1164 1927 1327 2004 άλσοίδους
1333 1932 1401 1994 8σαί

152 2014 214 2075 τῶν
229 2012 369 2093 πατέρων
387 2007 483 2076 αῦτοῦ
500 2015 531 2077 ἰν
543 2015 588 2093 τῷ
604 2011 696 2094 πεδίῳ
710 2015 761 2092 τῆς
792 2011 963 2096 παρέδωκεν
975 2009 1068 2075 αὐτὸν
1080 2010 1181 2098 κύριος
1193 2011 1210 2077 ὁ
1221 2014 1294 2087 θεὸς
1302 2013 1402 2078 αὐτοῦ

152 2097 249 2178 ταφῆς
273 2097 336 2158 τῶν
351 2094 514 2180 βασιλείαν,
540 2089 588 2158 ὅτι
611 2093 696 2159 εἶπαν
714 2091 761 2158 ὅτι
793 2093 843 2160 διά
853 2092 948 2178 χειρὸς
958 2095 1103 2182 βασιλέως
1114 2102 1244 2182 Συρίας,
1262 2098 1314 2161 καί
1325 2096 1402 2161 ἐπά-

154 2173 259 2264 λεπρός
271 2179 344 2242 ἔστι.
363 2178 414 2241 καί
426 2174 761 2283 ίρίασίλευσενἸιοάθαμ
793 2181 880 2255 ταξεν
905 2180 936 2242 ίν
959 2177 1043 2261 αῦτῴ
1060 2183 1111 2244 καί
1135 2177 1353 2275 ᾐχμαλώτευσεν
1369 2182 1401 2256 ἐξ

151 2260 216 2336 υίὸς
227 2257 323 2326 αὐτοῦ
337 2258 397 2326 ἵεντ’
413 2266 520 2326 αυτοῦ.
793 2258 896 2327 αῦτῶν
907 2263 1111 2346 αἰχμαλωσίαν
1123 2263 1249 2346 πολλὴν,
1261 2267 1313 2329 καί
1325 2263 1400 2346 ἤνα-

323 2349 356 2409 K
368 2350 398 2408 Ε
411 2349 449 2409 Φ.
492 2338 562 2408 KZ'
790 2367 840 2423 μεν
851 2350 890 2420 είς
903 2346 1077 2430 Δαμασκὸν,
1090 2351 1142 2411 καὶ
1154 2351 1193 2423 είς
1204 2359 1303 2431 χεῖρας
1313 2352 1401 2433 βασι-

152 2393 236 2503 Hbc
248 2427 340 2492 εἴκοσι
357 2430 410 2494 καί
424 2432 510 2495 πίντε
530 2430 606 2493 ἐτῶν
619 2422 758 2512 ’Ῑωάθαμ
792 2429 867 2503 λίνος
886 2427 1007 2514 Ἰσραὴλ
1026 2432 1197 2515 παρέδωκεν
1215 2428 1323 2505 αὐτὸν,
1348 2433 1400 2495 καί

150 2516 182 2578 ίν
194 2515 239 2595 τῷ
251 2511 421 2599 βασιλεῦσαι
432 2511 537 2590 αὐτὸν,
546 2514 598 2577 καὶ
607 2513 769 2577 ἑκκαίδεκα.
792 2507 936 2588 ἐπάταξεν
960 2518 992 2578 ἐν
1016 2512 1100 2596 αὐτῷ
1124 2510 1240 2596 πληγὴν
1260 2510 1398 2617 μεγάλην.

151 2597 203 2679 ἔτη
222 2595 405 2681 ἐβασίλευσεν
421 2599 452 2661 ίν
472 2593 681 2681 Ἰερουσαλὴμ,
708 2598 759 2661 καί
792 2597 871 2659 6καί
883 2595 1034 2661 ἀπέκτεινε
1050 2595 1146 2660 Φακεὲ
1160 2593 1177 2659 ὁ
1191 2601 1247 2660 τοῦ
1269 2599 1400 2680 Ρομελία

150 2677 244 2759 ὄνομα
257 2683 310 2761 τῆς
345 2675 431 2763 ητρὸς
444 2676 539 2744 αὐτοῦ
551 2675 686 2764 Ἱερουσά
698 2689 758 2743 θυ-
788 2678 927 2766 ’βασιλεῦς
949 2679 1074 2765 Ἰσραὴλ
1099 2684 1131 2744 ἐν
1159 2677 1263 2745 Ἰούδα
1289 2684 1321 2745 ἰν
1345 2686 1398 2764 μιᾷ

149 2756 246 2844 μάτηρ
259 2766 309 2824 Σα
329 2757 381 2823 ῶκ.
400 2764 479 2824 2καί
490 2764 610 2843 ἐποίησε
623 2761 659 2825 τὸ
672 2759 759 2837 εῦθὲς
795 2760 885 2848 ’με’ρῳ
904 2762 1010 2827 ἑκατὸν
1028 2765 1118 2828 είκοσι
1134 2762 1268 2845 χιλιάδας
1285 2761 1401 2848 ἀνδρῶν

150 2838 275 2907 ίνῶπιον
288 2848 400 2928 κυρίου,
413 2840 492 2907 κατά
505 2839 606 2908 πάντα
619 2840 641 2909 δι’
654 2847 758 2950 ἐποίη-
790 2789 925 2911 δυνατῶν
938 2842 1030 2928 ἰσχύϊ,
1055 2849 1087 2911 ἐν
1099 2851 1144 2925 τῷ
1157 2847 1330 2910 καταλιπεῖν
1342 2847 1400 2911 αῦ-

150 2951 197 2991 σεν
213 2923 318 3002 Ὀζίας
336 2922 468 3013 ὁπατὴρ
482 2923 593 3003 αὐτοῦ,
619 2925 683 2992 ἀλλ’
702 2953 758 2993 ουκ
790 2928 862 3003 τοὺς
877 2925 979 3015 κύριον
995 2926 1049 2991 τὸν
1073 2924 1147 2991 θεὸν
1169 2932 1231 2991 τῶν
1255 2931 1399 3014 πατέρων

150 3007 283 3092 είςηλθεν
301 3013 339 3083 είς
351 3006 405 3074 τὸν
424 3008 496 3073 ναὸν
508 3016 625 3095 κυρίου,
651 3013 701 3075 καί
714 3015 757 3077 ἔτι
790 3010 898 3077 αὐτῶν.
926 3012 940 3053 ⁷
952 3009 1003 3073 καί
1015 3007 1163 3072 ἀπέκτεινε
1175 3012 1263 3094 Ζεχρί
1276 3009 1293 3074 ὁ
1305 3012 1397 3075 δυνα-

150 3087 254 3166 ὁλαδς
267 3098 488 3176 κατεφθείρετο.
508 3090 627 3169 3αὐτὸς
640 3091 756 3160 ῶκοδό-
788 3093 840 3167 τὸς
865 3094 920 3155 τοῦ
941 3088 1072 3174 Ἐφραίμ
1096 3087 1148 3153 τὸν
1166 3096 1317 3153 Μαασίαν
1343 3094 1397 3154 τὸν

149 3199 222 3260 μησε
234 3169 487 3258 τὴνπύληνοίκου
497 3182 602 3261 κυρίου
612 3161 667 3262 τὴν
679 3176 756 3261 ῦψη-
789 3173 855 3239 υίδν
871 3176 929 3236 τοῦ
941 3172 1102 3258 βασιλέως,
1129 3168 1245 3235 καὶτὸν
1259 3169 1395 3252 Ἐζρικάν

149 3259 220 3343 λίην,
244 3259 296 3322 καί
316 3261 347 3323 ἐν
367 3265 450 3346 τείχει
472 3257 570 3325 Ὀπὲλ
587 3256 756 3345 ᾠκοδόμησε
789 3252 947 3342 ἡγούμενον
964 3258 1020 3319 τοῦ
1036 3255 1120 3319 οἴκου
1133 3251 1244 3329 αὐτοῦ,
1269 3254 1394 3318 καὶτὸν

148 3337 265 3419 πολλά,
289 3341 353 3408 4ίν
370 3342 430 3430 δ’ρει
446 3339 562 3419 Ἰούδα,
587 3347 638 3409 καὶ
650 3347 682 3411 ἐν
694 3356 758 3420 τοῖς
785 3335 913 3406 Ἕλκανῦ
936 3334 989 3404 τὸν
1011 3334 1150 3424 διάδοχον
1165 3342 1220 3402 τοῦ
1238 3337 1393 3423 βασιλέως.

149 3429 283 3532 δρυμοῖς,
308 3428 360 3492 καί
389 3422 514 3513 οἰκήσεις
539 3430 589 3492 καί
613 3423 756 3512 πύργους.
789 3417 1395 3529 8καὶχ’χχμαλοίτισανοἶυίοίἸοραίχλάπὸ

149 3511 162 3554 ⁶
177 3507 268 3587 αυτὸς
281 3513 447 3598 ἐμαχέσατο
459 3508 537 3596 πρὸς
548 3509 674 3596 βασιλέα
687 3515 758 3574 υίῶν
788 3513 851 3575 τῶν
860 3508 996 3590 αδελφῶν
1007 3505 1109 3572 αὐτῶν
1121 3513 1290 3593 τριακοσίας
1302 3501 1396 3590 χιλιά-

148 3587 271 3678 Ἇμμιδν,
286 3598 335 3658 καί
347 3600 516 3680 κατίσχυσεν
528 3591 573 3658 ἐπ’
590 3590 691 3659 αῦτόν.
708 3594 758 3657 καί
790 3595 860 3669 δας,
886 3603 1027 3671 γυναῖκας
1039 3592 1091 3655 καὶ
1105 3590 1188 3666 υἱούς
1200 3591 1251 3654 καὶ
1263 3593 1396 3667 θυγατέ-

149 3675 263 3740 ίδίδουν
276 3675 361 3759 αὐτῷ
380 3683 411 3742 οί
424 3679 485 3742 υίοί
497 3675 615 3759 Ἀμμῶν
627 3678 679 3739 καί
691 3674 754 3740 κατ’
790 3702 854 3762 ρας.
880 3678 930 3741 καί
944 3677 1038 3740 σκῦλα
1057 3674 1159 3739 πολλὰ
1177 3670 1353 3739 ἐσκύλευσαν
1366 3674 1397 3748 ἐξ

149 3754 284 3822 ίνιαυτδν
308 3756 416 3823 ἑκατὸν
441 3757 576 3824 τάλαντα
602 3758 757 3845 ἀργυρίου,
791 3756 902 3836 αὐτῶν,
920 3761 972 3822 καί
985 3758 1108 3842 ἤνεγκαν
1119 3757 1159 3822 τὰ
1172 3756 1266 3821 σκῦλα
1277 3760 1316 3830 είς
1329 3762 1398 3819 Σα-

150 3841 200 3904 καί
218 3838 289 3902 δίκα
323 3838 436 3916 ιλιάδας
453 3842 551 3927 κόριον
567 3844 680 3925 πυροῦ,
708 3844 758 3905 καί
789 3839 919 3923 μάρειαν.
937 3842 1016 3904 9καί
1030 3845 1090 3904 ἐκεῖ
1098 3831 1330 3924 ἦνὸπροφητης
1342 3842 1398 3901 τοῦ

150 3925 264 4026 κριθῶν
285 3865 356 3986 δίκα
371 3920 512 4007 χιλιάδας.
542 3928 641 3990 ταῦτα
659 3927 759 4009 ἔφερεν
790 3930 901 4007 κυρίου,
917 3921 1011 4025 Ὠδηδ
1022 3921 1119 4005 ὄνομα
1132 3920 1226 4004 αὐτῶ.
1248 3923 1299 3986 καί
1312 3921 1398 4004 ἐξῆλ-

151 4007 235 4084 αυτῷ
253 4002 390 4089 βασιλεὺς
407 4010 478 4070 υίῶν
490 4006 609 4088 Ἀμμών
622 4006 685 4071 κατ’
701 4010 759 4073 ἔνι·
789 4017 844 4072 θεν
861 4011 900 4080 είς
918 4003 1083 4088 ἆπαντησιν
1101 4010 1154 4088 τῆς
1174 4001 1320 4087 δυνάμεως
1336 4009 1398 4067 τῶν

151 4086 243 4153 αυτὸν
252 4090 283 4151 ἐν
293 4091 336 4168 τῷ
345 4083 459 4171 πρῶτῳ
470 4091 527 4153 ἔτει
536 4092 588 4154 καὶ
597 4094 628 4154 ἐν
637 4095 681 4174 τῷ
694 4090 757 4154 δευ-
791 4091 955 4194 ἐρχομένων
978 4093 1017 4163 εἰς
1034 4083 1223 4173 Σαιιάρειαν,
1247 4089 1299 4153 καί
1319 4085 1397 4150 εἶπεν

150 4170 227 4254 τίρῳ
236 4169 287 4232 καί
298 4172 341 4270 τῳ
354 4174 455 4252 τρίτῳ.
468 4172 662 4255 οκατίσχυσεν
670 4169 760 4239 Ἰιοά-
792 4185 903 4247 αυτοῖς.
932 4171 995 4237 ἰδοῦ
1022 4151 1097 4256 ὀργίχ
1121 4178 1225 4257 κυρίου
1243 4173 1321 4234 θεοῦ
1337 4175 1397 4233 τῶν

151 4260 234 4332 θαμ,
260 4246 306 4316 ὅτι
322 4256 466 4335 ητοίμασε
485 4251 538 4328 τὰς
557 4252 646 4330 ὁδοὺς
664 4254 758 4322 αὐτοῦ
791 4259 931 4343 πατέρων
944 4252 1024 4339 ὑμῶν
1036 4253 1227 4328 ἕπίἾούδαν,
1253 4254 1305 4316 καί
1316 4277 1397 4336 παρ-

151 4337 285 4401 ίναντίον
296 4336 402 4420 κυρίου
415 4337 492 4399 θεοῦ
506 4333 610 4401 αὐτοῦ.
639 4340 716 4403 7καί
729 4343 760 4404 ol
792 4340 898 4404 ἔδακεν
921 4338 1030 4414 αὐτοὺς
1054 4343 1093 4413 είς
1110 4335 1165 4410 τάς
1190 4346 1286 4419 χεῖρας
1308 4331 1398 4417 ὑμῶν,

151 4417 255 4484 λοιποί
271 4411 355 4497 λάχοι
370 4411 510 4501 Ἰεοάθαμ
528 4420 579 4482 καί
593 4415 611 4483 ὃ
629 4416 760 4504 πόλεμος
791 4424 843 4487 καί
859 4420 1047 4487 ἀπεκτείνατε
1059 4425 1090 4485 zv
1101 4420 1205 4493 αὐτοῖς
1217 4423 1247 4482 ἐν
1260 4417 1335 4503 ὀργῆ
1348 4417 1400 4483 καί

151 4501 203 4568 καί
217 4502 251 4568 αί
262 4495 382 4591 πράξεις
395 4496 490 4566 αὐτοῦ
493 4549 504 4580 ,
521 4495 586 4567 ίδοῦ
597 4506 760 4590 γεγραμμί-
792 4508 848 4582 ἕως
865 4509 926 4570 τῶν
943 4503 1080 4593 οὐρανῶν
1092 4506 1215 4585 ἔφθακε.
1240 4503 1270 4545 ¹⁰
1281 4489 1403 4610 ua'l‘rfm

1316 4609 1398 4660 υιους
