2924 4972
151 237 216 303 ενν
497 230 688 292 mm
725 231 801 306 ιαφ.
816 218 864 303 μ’.
878 219 929 289 ιε’.
944 225 993 291 13.
1009 220 1059 290 14.

150 364 228 428 1καί
240 356 417 443 μαστιγώσει
431 352 507 441 ἡμᾶς
519 357 627 427 ἐντοῖς
639 350 764 428 ἀδικίαις
792 350 865 416 θεὸν
883 349 935 415 τόν
952 352 1078 437 βασιλέα
1094 352 1147 419 τὸν
1163 356 1275 440 μέγαν,
1312 353 1342 395 11
1356 347 1407 418 ότι

154 441 254 551 ήιιῶν,
279 442 331 506 καί
346 436 439 505 πάλιν
458 433 567 521 ἐλεήσει
586 436 638 499 καί
649 433 764 511 συνάξει
793 434 1060 519 οἰκοδομηθήσεται
1067 434 1263 521 Ἰερουσαλήμ
1275 442 1406 516 σαπφεί-

153 511 231 613 ημᾶς
251 529 283 590 ἐκ
301 518 423 588 πάντων
441 525 502 586 τῶν
517 522 631 593 ἐθνῶν,
657 511 695 583 οὐ
712 517 765 584 ἐὰν
794 543 838 600 ρῳ
848 519 899 581 καὶ
908 514 1080 603 σμαράγδῳ,
1093 522 1145 585 καί
1154 521 1233 603 λίθῳ
1243 523 1350 602 ἐντίμῳ
1362 515 1405 583 τά

156 612 361 695 σκορπισθῆτε
374 609 404 670 ἐν
417 603 529 678 αὐτοῖς.
542 598 618 666 11ἐοίν
627 603 713 665 ἐπιστ
734 603 764 664 ε’·
794 606 872 685 τείχη
885 625 953 676 σου,
973 606 1025 667 καί
1038 605 1069 666 οἰ
1080 599 1201 687 πύργοι,
1218 606 1269 667 καί
1282 605 1314 666 οἰ
1326 628 1406 685 προ-

184 718 232 777 ητε
256 691 335 777 πρὸς
359 686 453 753 αὐτὸν
473 689 504 750 ἐν
521 682 578 776 ὅλη
598 688 637 777 τῇ
655 627 763 769 καρδίη
793 685 924 767 μαχῶνες
936 686 968 749 ἐν
979 689 1092 770 χρυσίῳ
1104 691 1245 771 καθαρῷ,
1268 687 1357 750 17καί
1372 687 1407 750 αἰ

157 777 308 860 υμῶν,καί
322 775 353 836 ἐν
364 768 421 858 όλη
433 775 470 862 τῇ
484 775 563 860 ψυχή
575 763 666 851 ὐμῶν,
675 771 765 850 ποιή-
795 766 935 832 πλατεῖαι
947 764 1140 874 Ἰερουσαλήμ
1158 773 1188 834 ἐν
1199 765 1339 857 βηρύλλου
1353 771 1408 833 καί

157 887 207 928 σαι
217 857 344 924 ἐνώπιον
354 852 450 919 αὐτοῦ
459 849 613 934 ἀλήθειαν,
624 846 691 914 τότε
700 855 765 916 ἐπι·
795 848 934 933 ἀνθρακι,
952 877 1004 914 και
1016 851 1098 935 λίθῳ
1112 854 1143 916 ἐκ
1155 854 1286 937 Σουφείρ
1300 872 1405 935 ψηφο-

157 943 280 1029 mima
292 935 367 1022 πρὸς
378 935 466 1021 ῦμάς,
492 937 544 999 καί
556 932 592 999 οὐ
603 931 644 1016 μή
658 930 765 1020 κρύψει
795 930 1025 1016 λογηθήσονται.
1043 936 1133 1000 111καί
1147 940 1248 1022 ἐροῦσι
1261 940 1358 1001 πᾶσαι
1371 936 1406 999 αί

156 1026 193 1092 τὸ
218 1019 378 1110 πρόςωπον
398 1018 494 1084 αὐτοῦ
511 1016 561 1099 ἀφ’
588 1014 676 1097 ὐμῶν.
714 1020 766 1082 καί
796 1011 883 1100 ῥύμαι
894 1014 987 1100 αὐτῆς
995 1015 1162 1099 ἀλληλούϊα
1170 1021 1222 1084 καί
1231 1018 1349 1094 αἴνεοιν,
1358 1018 1405 1081 λε’-

155 1103 311 1174 θεάσασθε
335 1098 491 1186 ῦποιήσει
507 1099 571 1183 μεθ’
592 1096 690 1183 ὐμῶν,
714 1101 766 1163 καί
794 1122 901 1176 γοντες.
928 1098 1086 1183 εὐλογητὸς
1102 1098 1120 1167 ό
1137 1099 1209 1179 θεὸς
1214 1152 1225 1181 ,
1251 1098 1406 1187 ὃςῦφωοε

122 1214 124 1218 “
156 1184 418 1273 ἐξομολογήσαοθε
430 1183 515 1267 αὐτῷ
525 1187 557 1249 ἐν
567 1179 629 1266 ὅλῳ
640 1188 683 1266 τῷ
693 1178 765 1248 στό-
795 1178 913 1258 πάντας
922 1182 992 1258 τούς
1006 1189 1124 1262 αἰῶνας.

155 1299 228 1359 ματι
241 1268 330 1355 ὐμῶν,
349 1262 765 1351 καὶεύλογήσατετόνκύριον
983 1272 1057 1331 ΚΕ
1070 1276 1109 1333 (θ.
1154 1263 1225 1333 Μ’.

156 1362 210 1442 τῆς
223 1351 416 1436 δικαιοσύνης,
429 1353 480 1415 καί
492 1348 633 1434 ὐψώοατε
646 1345 699 1414 τόν
708 1353 767 1436 βα·
796 1315 880 1414 Καί
891 1344 1044 1416 ἐπαύσατο
1058 1347 1324 1436 ἐξομολογούμενος
1338 1358 1406 1417 Τω-

158 1441 242 1507 οιλέα
259 1442 321 1503 τῶν
337 1433 461 1502 αἰώνων.
488 1431 545 1510 ἐγώ
565 1437 596 1497 ἐν
612 1436 651 1522 τῇ
662 1438 700 1515 γῆ
714 1437 767 1534 της
795 1436 854 1519 βίτ.
888 1434 971 1498 2καί
988 1421 1024 1517 ἦν
1041 1437 1117 1501 ἐτῶν
1134 1432 1405 1520 πεντηκονταοκτώ,

159 1519 362 1607 αἰχμαλωσίας
377 1543 437 1599 μου
455 1509 691 1599 ἐξομολογοῦμαί
710 1541 767 1580 αυ-
797 1512 846 1580 ότε
860 1511 996 1580 ἀπώλεσε
1012 1516 1068 1593 τάς
1080 1517 1180 1601 ὄφεις,
1205 1521 1256 1583 καί
1267 1519 1340 1600 μετὰ
1353 1521 1405 1601 ἐτη

158 1603 275 1688 τῷ,καί
288 1601 408 1666 δεικνύω
423 1596 478 1683 τήν
491 1596 575 1682 ἰσχύν
586 1601 638 1662 καί
649 1596 704 1682 τήν
716 1623 767 1679 με-
799 1593 879 1663 ὀκτώ
893 1595 1061 1684 ἀνέβλεψεν.
1079 1605 1130 1666 καί
1142 1606 1234 1666 ἐποίει
1246 1597 1405 1685 ἐλεημοσύ-

159 1680 333 1768 γαλωούνην
355 1680 452 1746 αὐτοῦ
472 1683 553 1746 ἐθνει
570 1677 766 1766 ἁμαρτωλῶν.
798 1706 856 1757 νας.
882 1683 934 1744 καί
949 1688 1116 1768 προςέθετο
1135 1688 1293 1833 φοχίοεῖσθαι
1304 1685 1406 1767 κύριον

159 1770 359 1851 ἐπιστρέψατε
384 1761 573 1850 ἀμαρτωλοί,
604 1767 655 1829 καί
679 1759 768 1847 ποιή-
798 1765 849 1830 τὸν
873 1762 962 1840 θεὸν,
995 1768 1046 1831 καί
1073 1769 1167 1852 ἐξωμο
1203 1780 1282 1846 γείτο
1310 1766 1404 1850 αὐτῷ.

160 1878 233 1922 οατε
250 1844 434 1932 δικαιοσύνην
452 1843 580 1913 ἐνώπιον
595 1845 698 1912 αὐτοῦ.
724 1853 769 1922 τίς
798 1849 812 1889 ³
822 1844 957 1950 μεγάλας
981 1846 1013 1913 δέ
1036 1848 1183 1935 ἐγήρασεν.
1221 1853 1272 1916 καί
1289 1848 1407 1917 ἐκάλεσε

159 1931 292 2014 γινώσκει
310 1937 335 1997 εἰ
346 1930 464 2015 θελήσει
476 1926 566 2034 ῦμάς,
590 1933 642 1996 καὶ
653 1924 768 2009 ποιήσει
798 1956 851 1996 τον
865 1928 930 1995 υἰόν
943 1929 1048 2011 αὐτοῦ,
1062 1937 1113 1998 καί
1125 1933 1197 2009 τοῦς
1210 1932 1291 2009 υἰούς
1300 1931 1406 2008 αὐτοῦ,

161 2011 356 2119 ἐλεημοσύνην
366 2013 446 2098 ὐμῒν,·
459 2016 526 2078 7τον
533 2010 607 2078 θεόν
616 2039 675 2097 μου
685 2008 767 2094 ῦιμῶ,
798 2016 850 2079 καί
862 2013 939 2078 εἶπεν
947 2012 1040 2098 αὐτῷ.
1053 2019 1157 2082 τέκνον
1166 2014 1238 2104 λάβε
1246 2015 1316 2094 τοῦς
1324 2015 1408 2093 υἰούς

159 2103 212 2167 καί
223 2099 243 2185 ή
256 2119 337 2203 ψυχη
348 2124 408 2180 μου
420 2101 464 2181 τῷ
482 2096 598 2184 βασιλεῖ
607 2100 664 2162 τοῦ
675 2094 769 2181 οὐρα·
799 2122 861 2172 σου,
875 2097 941 2162 ἐδού
953 2098 1112 2182 γεγήρακα,
1125 2103 1177 2166 καί
1188 2098 1264 2185 πρὸς
1276 2100 1312 2165 τὸ
1327 2099 1407 2166 ἀπο-

160 2189 229 2260 νοῦ,
241 2185 292 2249 καί
306 2176 518 2260 αγαλλιάσεται
530 2176 585 2263 τήν
596 2175 769 2263 μεγαλωού-
797 2182 908 2283 τρέχειν
927 2184 959 2245 ἐκ
973 2186 1029 2247 τοῦ
1045 2186 1097 2274 ζῇν
1115 2189 1179 2289 εἰμί.
1206 2186 1223 2228 ⁴
1236 2183 1351 2250 ἀπελθε
1368 2189 1408 2259 εἰς

161 2289 213 2334 νυν
229 2263 333 2332 αἰτοῦ.
360 2265 554 2342 1’λεγέτωσαν
573 2259 694 2339 πάντες,
718 2263 770 2326 καί
798 2287 852 2346 την
861 2264 987 2348 Μηδίαν
997 2268 1109 2344 τέκνον,
1123 2292 1169 2332 οτι
1181 2270 1339 2351 πέπεισμαι
1349 2263 1406 2333 ὅσα

161 2348 456 2433 ἐξομαλογείσθωσαν
465 2344 549 2448 αὐτῶ
559 2349 591 2411 ἐν
598 2342 769 2432 Ἱεροσολύ-
800 2345 939 2432 ἐλάλησεν
949 2344 1054 2424 Ἰωνάς
1066 2347 1084 2412 ὂ
1097 2346 1254 2436 προφήτης
1265 2353 1334 2436 περὶ
1344 2354 1407 2415 Νι-

159 2459 233 2518 μοις.
265 2430 483 2518 1Ἱεροοόλυμα
492 2429 582 2504 παλις
594 2425 693 2508 ἀγίου,
710 2455 769 2511 μα-
799 2428 880 2513 νευή,
906 2426 953 2495 ότι
965 2430 1254 2518 καταστραφήσεται.
1280 2437 1312 2499 ἐν
1324 2432 1356 2499 δέ
1368 2438 1407 2528 τή

162 2513 296 2594 οτιγώσει
317 2517 366 2580 ἐπί
383 2512 423 2578 τά
441 2515 514 2599 ἔργα
530 2516 592 2578 τῶν
611 2517 684 2578 υἰῶν
701 2538 768 2586 σου,
799 2515 908 2598 Μηδίᾳ
926 2516 1007 2579 ἐσται
1025 2512 1122 2599 εἰρήνη
1160 2517 1252 2583 ἄλλον
1269 2522 1325 2594 ἕως
1340 2545 1407 2583 και-

161 2603 213 2665 καί
228 2595 319 2664 πάλιν
336 2592 445 2681 ἐλεήσει
463 2592 536 2671 τούς
552 2595 637 2671 υἰούς
652 2599 712 2659 τῶν
723 2596 769 2659 δι-
800 2601 865 2681 ροῦ.
895 2599 946 2661 καί
964 2593 1011 2662 ὅτι
1031 2604 1063 2663 οἰ
1079 2597 1132 2665 ἀδε
1173 2603 1203 2665 οἰ
1222 2601 1306 2686 ήμῶν
1322 2605 1354 2666 ἐν
1369 2605 1407 2684 τῆ

161 2688 261 2747 καίων.
288 2679 511 2761 1οἐξομολογοῦ
527 2683 571 2761 τῷ
585 2683 677 2763 κυρίῳ
690 2676 769 2754 ἀγα-
799 2683 838 2760 rr]
853 2677 1131 2786 οκορπισθήσονται
1145 2681 1209 2748 ἀπὸ
1225 2688 1277 2767 τῆς
1289 2682 1408 2768 ἀγαθῆς

163 2764 293 2838 θῶς,καί
305 2758 414 2839 εὐλόγει
426 2761 613 2847 τὸνβασιλέα
625 2768 684 2824 τῶν
694 2757 769 2824 αἰώ-
798 2749 860 2839 νύς·
875 2758 1124 2848 καιἾεροσόλυμα
1137 2770 1219 2833 ἐσται
1231 2771 1345 2852 ἔρημος,
1356 2771 1407 2833 καί

163 2870 236 2921 νων,
261 2851 311 2909 ἵνα
328 2840 419 2910 πάλιν
438 2840 456 2929 ἢ
471 2841 562 2927 σκηνή
576 2841 672 2907 αὐτοῦ
685 2847 769 2907 οἰκο-
800 2840 910 2919 ὁοίκος
926 2850 983 2909 τοῦ
995 2853 1073 2911 θεοῦ
1084 2851 1115 2912 ἐν
1127 2847 1205 2942 αὐτῇ
1221 2846 1407 2934 κατακαήσε-

162 2931 282 3021 δομηθῇ
294 2931 325 2993 ἐν
336 2930 384 2994 σοί
394 2927 469 3011 μετὰ
481 2931 584 3011 χαρᾶς,
597 2921 768 3011 καίεὐφρά-
800 2951 863 3003 ται,
888 2929 940 2992 καί
957 2930 1009 3014 έρη
1031 2955 1065 3006 ος
1081 2934 1165 2996 ἐσται
1180 2936 1263 3015 μέχρι
1286 2929 1406 3014 χρόνου.

163 3039 210 3078 ναι
219 3016 251 3078 ἐν
264 3015 315 3078 σοί
325 3015 397 3087 τούς
409 3008 682 3093 αἰχμαλώτους,καί
691 3008 769 3086 ἀγα·
800 3009 978 3077 1καίπάλιν
1024 3009 1099 3097 εήσει
1113 3011 1221 3087 αὐτούς
1234 3011 1251 3076 ό
1264 3013 1343 3089 θεός,
1354 3018 1407 3080 καί

162 3101 256 3179 πήσαι
281 3097 312 3161 ἐν
338 3097 388 3160 σοί
406 3093 476 3167 τούς
502 3090 712 3178 ταλαιπώρους
730 3096 769 3166 εἰς
800 3097 969 3176 ἐπιστρέψει
982 3092 1090 3169 αὐτούς
1101 3099 1141 3167 εἰς
1152 3093 1207 3176 τήν
1217 3099 1283 3199 γήν,
1295 3098 1348 3159 καί
1358 3102 1406 3160 οἰ-

161 3176 262 3254 πάσας
272 3175 328 3254 τάς
337 3173 437 3255 γενεάς
448 3179 504 3240 τοῦ
517 3180 636 3250 αἰῶνος.
658 3179 682 3217 11
695 3177 769 3259 ἔθνη
800 3173 995 3260 κοδομήσουσι
1018 3174 1073 3241 τόν
1097 3173 1196 3251 οἷκον,
1222 3201 1279 3260 ουχ
1305 3177 1405 3254 οἶοςὸ

161 3261 262 3328 πολλὰ
278 3253 429 3345 μακρόθεν
447 3255 506 3343 ήξει
523 3260 600 3342 πρὸς
616 3259 653 3322 τό
671 3255 769 3342 ὄνομα
799 3258 954 3344 πρότερος,
972 3263 1026 3334 ἕως
1036 3257 1222 3343 πληρωθῶσι
1236 3263 1336 3344 καιροί
1348 3268 1407 3327 τοῦ

160 3351 261 3431 κυρίου
274 3349 329 3408 τοῦ
343 3347 425 3417 θεοῦ,
438 3344 523 3425 δῶρα
536 3345 567 3407 ἐν
577 3343 672 3427 χερσὶν
686 3343 769 3425 έχον-
800 3347 916 3418 αἰῶνος.
942 3344 994 3408 καί
1004 3339 1077 3425 μετά
1089 3345 1186 3407 ταῦτα
1200 3345 1406 3428 ἐπιστρέφου-

161 3455 206 3504 τες
218 3429 268 3493 καί
280 3429 364 3511 δῶρα
376 3430 420 3509 τῷ
431 3427 551 3513 βασιλεῖ
560 3429 615 3489 τοῦ
625 3422 767 3504 οὐρανοῦ.
801 3450 846 3490 σιν
858 3430 890 3491 ἐκ
903 3431 964 3490 τῶν
977 3424 1198 3511 αἰχμαλωσιῶν,
1224 3428 1276 3492 καί
1288 3429 1408 3493 οἰκοδο-

160 3513 254 3589 γενεαί
264 3514 368 3589 γενεῶν
380 3504 514 3576 δώσουσί
525 3533 572 3573 σοι
585 3505 767 3590 ἀγαλλίαμα.
799 3504 939 3591 μήσουσιν
950 3505 1145 3592 Ἰερουσαλὴμ
1160 3511 1290 3592 ἐντίμως.
1320 3513 1372 3576 καί
1388 3509 1407 3577 ὁ

160 3597 187 3637 ¹²
200 3589 414 3678 ἐπικατάρατοι
439 3588 549 3666 πάντες
570 3596 599 3656 οἰ
614 3593 768 3674 μισοῦντές
801 3591 883 3666 οίκος
899 3596 956 3656 τοῦ
973 3596 1049 3656 θεοῦ
1062 3596 1094 3657 ἐν
1112 3590 1192 3686 αὐτή
1205 3591 1406 3678 οἰκοδομηθή-

161 3701 202 3748 σε,
211 3674 398 3757 εὐλογημένοι
408 3677 526 3740 ἔσονται
535 3670 642 3750 πάντες
651 3679 682 3739 οἰ
691 3672 766 3750 ἀγα·
802 3701 881 3739 σεται
899 3671 1036 3750 ἐνδόξως,
1062 3672 1167 3752 καθώς
1182 3673 1329 3760 ἐλάλησαν
1337 3678 1407 3759 περί

161 3759 276 3830 πῶντές
289 3782 320 3821 σε
334 3762 373 3831 εἰς
385 3753 439 3821 τόν
449 3762 552 3823 αἰῶνα.
565 3754 708 3842 13χάρηθι
717 3759 768 3821 καί
801 3756 892 3840 αὐτῆς
911 3761 942 3822 οἰ
959 3762 1122 3844 προφῆται.
1154 3761 1235 3824 6καί
1249 3755 1350 3824 πάντα
1368 3759 1408 3825 τά

162 3837 343 3917 ἀγαλλίαοαι
353 3840 404 3903 ἐπὶ
412 3851 476 3915 τοῖς
483 3845 558 3915 υἰοῖς
565 3845 626 3905 τῶν
636 3841 767 3913 δικαίων,
801 3845 874 3923 ἔθνη
899 3843 1131 3925 ἐπιστρέφουσιν
1144 3842 1295 3950 ἀληθινῶς
1307 3847 1409 3946 φοβεῖ-

162 3919 210 3987 ότι
235 3917 473 4007 συναχθήσονται
500 3925 551 3989 καί
575 3920 767 4006 εὐλογήσουσι
802 3935 875 3989 σθαι
885 3920 921 3988 κύ
942 3948 988 3988 ιον
996 3923 1051 3990 τὸν
1059 3924 1200 3999 θεὸν,και
1210 3928 1409 4010 κατορυξουσι

162 4004 217 4071 τόν
227 4000 327 4091 κύριον
339 4010 400 4070 τῶν
412 4007 540 4072 δικαίων.
554 3992 615 4068 11ῶ
624 4002 768 4088 μακάριοι
800 4006 840 4070 τά
854 3949 963 4071 εἴδωλα
977 4006 1095 4082 αὐτῶν,
1122 4010 1200 4073 7καί
1213 4004 1409 4115 εὐλογήσουσι

162 4093 193 4154 οἰ
212 4087 386 4167 ἀγαπῶντές
406 4116 452 4166 σε,
476 4084 654 4174 χαρήσονται
668 4090 717 4153 ἐπὶ
730 4092 767 4181 τῇ
800 4084 899 4154 πάντα
911 4087 951 4153 τά
964 4093 1039 4174 ἔθνη
1051 4088 1162 4178 κύριον.
1176 4093 1228 4155 καί
1239 4089 1339 4167 ὁλαος
1351 4089 1409 4157 αὐ-

162 4168 260 4259 εἰρήνη
272 4200 334 4239 σου.
348 4169 488 4258 μακάριοι
497 4169 563 4237 ὅσοι
573 4167 768 4276 ἐλυπήθησαν
800 4176 857 4237 τοῦ
870 4169 1112 4258 ἐξομολογήσεται
1121 4180 1165 4238 τῶ
1175 4179 1246 4258 θεῷ.
1261 4176 1312 4239 καί
1321 4169 1409 4258 ῦφῶ-

161 4258 213 4322 ἐπὶ
230 4248 339 4332 πάσαις
350 4268 417 4331 ταῖς
430 4252 550 4337 μάστιξί
561 4280 616 4319 σου
620 4302 630 4330 ,
657 4280 703 4321 οτι
718 4257 769 4321 ἐπὶ
800 4280 841 4321 σει
853 4252 954 4340 κύριος
967 4255 1021 4322 τὸν
1034 4255 1110 4322 λαὸν
1123 4239 1230 4333 αὐτοῦ,
1252 4258 1304 4322 καὶ
1314 4254 1409 4343 χαρή-

162 4341 211 4402 σοί
221 4336 404 4424 χαρήσονται
414 4333 593 4418 θεασάμενοι
602 4339 768 4441 πάσαντήν
801 4363 902 4404 οονται
926 4335 1036 4416 πάντες
1062 4344 1094 4405 οἰ
1113 4338 1288 4418 ἀγαπῶντες
1304 4338 1410 4424 κόριον

161 4417 251 4496 δόξαν
259 4447 325 4496 σου,
337 4421 389 4485 καί
398 4415 656 4503 εὐφρανθήσονται
666 4425 706 4497 εἰς
715 4445 769 4487 τον
800 4421 855 4487 τὸν
872 4419 944 4485 θεόν
961 4425 993 4487 ἐν
1010 4421 1139 4506 ἀληθείᾳ
1158 4425 1209 4487 καί
1226 4420 1408 4526 δικαιοσύνη,

165 4506 268 4568 αἰῶνα.
294 4503 321 4548 ¹⁸
336 4500 353 4586 ῗχ
367 4497 448 4586 ψυχή
464 4526 522 4583 μου
541 4498 696 4580 εὐλογείτω
714 4501 768 4568 τὸν
799 4508 952 4580 ποιοῦντες
970 4504 1054 4582 ἐλεος
1076 4517 1140 4581 τοῖς
1162 4503 1301 4589 ἀδελφοῖς
1317 4502 1412 4632 blm:

1359 4617 1413 4656 καθ
