2924 4972
165 217 232 287 694
369 215 531 278 >som
555 213 753 277 ΣΕΙΡΑΧ
792 219 869 291 Κεφ.
883 214 934 277 ια’.
947 209 995 298 ιβ.
1010 210 1062 292 ιγ’.
1079 214 1248 280 11.19.13.

161 336 192 396 έν
216 329 282 413 ῶρᾳ
309 334 413 414 ταχινη·
440 327 607 394 ἀναθάλλει
634 326 771 406 εὐλογίαν
806 339 909 402 κακοῖς
932 323 950 392 ὁ
973 323 1093 411 ἐχθρός.
1123 328 1183 392 9ίν
1205 324 1341 405 ἀγαθοῖς
1363 327 1420 394 ἀν-

162 412 268 479 αύτυύ.
283 414 356 496 23μη
372 400 463 496 είπης,
474 419 518 490 τίς
528 417 593 478 ε’στί
603 437 663 496 μου
678 417 770 498 χρεία,
806 410 876 496 δρὸς
889 414 919 475 οῖ
931 412 1038 496 ἐχθροί
1050 409 1149 476 αὐτοῦ
1161 414 1192 474 έν
1205 407 1297 501 λύπη,
1322 411 1375 476 καί
1388 416 1421 478 έν

161 499 212 564 καί
231 504 297 562 τίνα
316 495 380 561 ἀπὸ
405 485 461 561 τὀῦ
480 501 531 562 νύν
555 499 638 560 ἔσται
656 522 713 577 μου
730 496 770 561 τὰ
806 505 870 570 τοῖς
882 505 986 569 κακοῖς
997 491 1095 560 αύτοῡ
1110 497 1161 560 καί
1175 492 1193 558 ὁ
1208 495 1295 575 αι’λος
1306 496 1421 579 διαχω-

163 578 289 659 ἀγαθάς
315 580 346 622 ²⁴
359 579 399 666 μίη
413 581 510 663 εἴπης,
525 575 661 664 αὐτάρκη
673 606 723 661 μοι
739 582 770 644 ἐ·
806 575 990 663 ρισθησεται.
1005 579 1079 662 10μη
1089 575 1250 670 πιστεύσης
1260 583 1304 680 τῷ
1316 581 1421 664 ἐχθρῷ

164 666 227 740 στί,
253 665 303 728 καί
317 667 347 727 τί
362 662 426 729 ἀπὸ
445 655 501 728 τὀύ
521 667 576 728 νύν
588 663 768 748 κακωθησο
807 687 862 726 σου
876 667 916 737 είς
930 660 985 726 τὸν
1005 665 1110 727 αἰῶνα.
1149 659 1191 738 ῶς
1201 662 1261 744 γὰρ
1275 688 1293 727 ο
1305 660 1421 748 χαλκὸς

161 774 213 831 μαι
218 775 230 824 ,·
270 748 299 790 ²⁵
313 750 346 812 ἐν
370 743 465 830 ἡμέρᾳ
488 745 618 824 ἀγαθῶν
640 745 770 831 ἀμνησία
808 749 919 823 ῖούται,
931 742 1029 819 οὕτως
1044 742 1323 830 ηπονηρίααύτού.
1336 750 1422 813 11καί

161 836 280 905 κακῶν,
301 831 351 895 καί
368 835 400 895 ἐν
414 828 509 914 ἡμέρη
529 834 630 895 κακῶν
649 831 687 895 οὐ
698 856 771 915 μνη·
807 826 860 893 ε’ἀν
873 833 1045 922 ταπεινωθῄ
1064 831 1117 894 καί
1134 825 1299 915 πορεύηται
1313 855 1420 908 συγκε-

162 910 308 999 σθὴσεται
334 912 474 992 ἀγαθῶν.
525 915 556 956 ²⁰
581 911 628 977 ὃτι
653 918 771 993 κοῦφον
807 911 918 990 κυιμῶς,
931 915 1094 995 ἐπίστησον
1112 912 1170 996 την
1185 910 1282 998 ψυχην
1296 939 1353 979 σου
1367 917 1420 980 καί

162 1001 260 1063 ε”ναντι
273 1003 379 1079 κυρίου
393 1001 425 1061 έν
435 992 529 1082 ἡμέρᾳ
540 995 676 1080 τελευτῆς
690 995 768 1062 ἀπο-
807 991 939 1074 φύλαξαι
946 990 995 1059 ἀπ’
1004 994 1119 1072 αύτού,
1146 999 1198 1062 καί
1210 1000 1264 1080 ε”ση
1277 993 1364 1082 αύτῷ
1377 997 1419 1074 ῶς

161 1082 266 1146 δοῦναι
279 1076 439 1166 ἀνθρώπῳ
456 1079 536 1145 κατά
545 1079 600 1156 τάς
612 1077 701 1155 ὁδούς
714 1079 769 1144 αά-
807 1079 975 1163 ε’κμεμαχῶς
993 1081 1159 1163 ἔσοπτρον,
1185 1082 1236 1145 καί
1246 1071 1355 1174 ’γνῶση
1369 1083 1420 1147 ὅτι

160 1169 227 1230 τού.
267 1167 296 1207 ²⁷
308 1164 436 1238 κάκωσις
463 1162 545 1248 ῶρας
570 1160 770 1249 ίπιλησμονην
808 1159 862 1226 οὐκ
876 1166 915 1237 είς
932 1160 1018 1237 τέλος
1031 1169 1170 1230 κατίασι.
1209 1162 1419 1266 12μηστησης

161 1260 243 1314 ποιεῖ
265 1252 390 1332 τρυφῆς,
404 1248 455 1311 καὶ
481 1249 513 1312 έν
539 1248 689 1330 συντελείᾳ
716 1246 771 1312 ἀν-
808 1242 905 1311 αύτὸν
918 1245 1003 1330 παρὰ
1016 1245 1158 1323 σεαυτὸν,
1183 1241 1224 1331 μὴ
1241 1250 1420 1332 ἀνατρέψας

160 1327 294 1416 θρῶπου
321 1327 516 1412 ἀποκάλυψις
541 1334 637 1413 ἔργων
665 1329 769 1395 αὐτοῦ.
809 1353 840 1392 σε
853 1333 910 1423 στῇ
923 1331 973 1393 ἐπί
991 1329 1050 1396 τὸν
1067 1330 1165 1396 τόπον
1177 1354 1243 1395 σου.
1268 1329 1308 1429 μη
1322 1338 1419 1397 καθί-

161 1417 193 1459 ²⁸
205 1412 267 1499 πρὸ
286 1415 422 1496 τελευτῆς
437 1412 477 1516 μίρ
489 1413 632 1498 μακάριζε
648 1414 771 1515 μηδένα,
809 1438 863 1513 σρς
876 1410 971 1478 αὐτὸν
983 1415 1015 1478 ἐκ
1028 1413 1128 1489 δεξιῶν
1141 1439 1214 1490 σου,
1236 1439 1354 1498 μηποτε
1365 1419 1419 1516 ζη-

162 1501 213 1563 καὶ
238 1499 269 1561 ἐν
295 1501 410 1571 τέκνοις
440 1503 538 1562 αυτού
562 1507 771 1582 γνῶσθησεται
809 1521 886 1591 τηση
898 1495 956 1580 την
967 1499 1121 1582 καθέδραν
1131 1523 1195 1572 σου,
1205 1500 1256 1562 καί
1268 1495 1312 1562 ἐπ’
1329 1500 1419 1584 ε’σχα·

161 1577 247 1665 ἀνηρ.
273 1581 304 1622 ²⁰
316 1579 357 1678 μη
369 1576 472 1645 πάντα
491 1580 659 1662 ἀνθρωπον
679 1583 771 1660 είςαγε
809 1606 854 1665 τῳ
880 1576 1029 1672 έπιγνῶση
1052 1580 1125 1657 τούς
1147 1578 1255 1659 λόγους
1276 1606 1352 1664 μου,
1364 1585 1417 1648 καί

162 1667 202 1738 είς
216 1662 269 1727 τὸν
283 1661 368 1727 οἶκον
381 1687 449 1737 σου,
471 1664 575 1729 πολλὰ
588 1665 647 1749 γάρ
659 1665 699 1732 τὰ
711 1670 771 1730 ε”νε-
808 1667 860 1729 ἐπὶ
883 1669 945 1730 τῶν
965 1661 1107 1749 ῥημάτων
1131 1689 1190 1748 μου
1214 1661 1416 1759 κατατυγηση.

161 1749 219 1831 δρα
232 1750 288 1812 τού
302 1746 415 1811 δολίου.
455 1748 486 1792 ³⁰
500 1750 605 1833 πέρδιξ
621 1749 771 1850 θηρευτίης
810 1749 835 1791 ¹³
857 1753 902 1824 τίς
924 1744 1030 1834 ίλεησει
1055 1744 1200 1814 ίπαοιδάν
1223 1744 1417 1831 ὀαιύδηκτον,

161 1834 195 1897 ἓν
208 1827 380 1915 καρτάλλῳ,
392 1825 489 1906 ούτως
497 1835 604 1918 καρδία
615 1832 727 1916 ύπερηα
733 1861 770 1897 α-
808 1832 859 1896 καί
877 1828 992 1907 πάντας
1008 1830 1080 1907 τούς
1098 1827 1306 1916 προςάγοντας
1321 1838 1417 1918 θηρί·

162 1940 232 1988 νου,
251 1915 301 1979 καί
315 1913 357 1989 ῶς
370 1911 388 1979 ὁ
402 1911 596 1992 κατάσκοπος
621 1918 770 2003 ἐπιβλέπει
808 1939 868 1989 οις,
897 1916 925 1959 ¹⁴
945 1913 1043 1990 ούτως
1063 1915 1118 1981 τὸν
1139 1911 1418 2012 προςπορευὸμενον

161 2000 287 2064 πτῶσιν.
312 1995 391 2062 31τά
413 1999 473 2083 γὰρ
497 1997 605 2078 ἀγαθὰ
628 2003 669 2074 εἷς
689 2000 769 2066 κακά
808 1997 895 2083 ἀνδρί
920 1997 1091 2085 ἁμαρτωλῷ
1115 2002 1167 2064 καὶ
1191 2024 1418 2083 συμηυρομενον

159 2083 371 2166 μεταπρέποι
383 2080 529 2164 ἕνεδρεύει,
538 2086 588 2149 καί
601 2087 632 2148 έν
644 2095 708 2158 τοῖς
719 2088 769 2149 αί-
807 2084 838 2146 ἐν
849 2093 917 2158 ταῖς
929 2082 1087 2168 ἁμαρτίαις
1099 2081 1203 2149 αύτοῦ.
1229 2086 1256 2127 ¹⁵
1270 2082 1354 2167 ὥραν
1364 2110 1418 2165 με-

159 2174 257 2249 ρετοῖς
270 2160 405 2248 ίπιθύυει
417 2170 532 2247 μῶμον.
560 2169 589 2210 ³²
603 2166 667 2232 ἀπὸ
682 2193 769 2233 σπιν-
807 2164 847 2229 τὰ
861 2170 920 2231 σού
932 2169 1070 2267 διαμενεῖ,
1083 2168 1134 2232 καί
1147 2167 1200 2233 έάν
1212 2166 1365 2260 έκκλίνης,
1378 2165 1417 2233 ού

159 2252 258 2332 θηρος
275 2247 372 2331 πυρὸς
395 2246 582 2332 πληθύνεται
604 2250 768 2336 ἀνθρακιδι,
806 2248 846 2353 μίρ
858 2275 1034 2340 καρτερηση.
1069 2254 1098 2294 ¹⁰
1111 2252 1161 2315 καί
1174 2257 1206 2317 ἰν
1218 2263 1281 2326 τοῖς
1291 2250 1418 2335 χείλεσιν

160 2335 211 2398 καί
236 2331 402 2418 ἀνθρωπος
427 2331 607 2419 ἁμαρτωλὸς
630 2339 668 2410 είς
694 2336 769 2419 αἷμα
797 2339 904 2401 ,αυτοῦ
922 2331 1097 2415 γλυκανεῖὸ
1117 2332 1240 2434 έηθρός,
1265 2335 1317 2400 καί
1334 2337 1417 2428 έντῇ

159 2412 307 2501 ἔνεδρεύει.
334 2416 363 2458 ³³
375 2411 497 2501 πράςεχε
509 2414 573 2483 ἀπὸ
586 2413 769 2501 κακούργου,
807 2419 916 2503 καρδίᾳ
929 2417 1027 2484 αύτοδ
1040 2419 1228 2506 βουλεύσεται
1242 2416 1418 2504 ἀνατρέψαι

159 2499 277 2601 πονηρά
290 2498 350 2584 γάρ
363 2507 514 2576 τεκταίνει,
539 2498 653 2584 μήποτε
665 2506 769 2585 μῶμον
807 2526 837 2565 σε
855 2506 895 2578 είς
916 2499 1044 2589 βόθρον.
1071 2506 1104 2567 έν
1122 2501 1298 2584 ὀφθαλμοῖς
1318 2499 1417 2568 αύτού

159 2588 198 2659 είς
223 2609 277 2650 τον
302 2588 398 2648 αἰῶνα
424 2585 467 2668 δῷ
494 2611 550 2650 σοι.
576 2586 607 2628 ³⁴
622 2589 769 2651 ἐνοίκισον
807 2583 947 2670 δακρύσει
960 2584 979 2651 ὁ
992 2585 1115 2671 ἐχθρὸς,
1134 2589 1184 2651 καί
1196 2586 1249 2651 έάν
1261 2584 1331 2668 εύρη
1348 2611 1418 2650 και-

159 2665 382 2753 ἀλλότριονκαὶ
399 2669 570 2752 διαστρέψει
583 2693 615 2735 σε
629 2673 660 2734 ἐν
673 2694 768 2751 ταρα-
808 2668 872 2750 ρὸν,
886 2669 943 2735 οὐκ
955 2665 1197 2755 ἐμπλησθήσεται
1209 2667 1260 2750 ἀφ’
1277 2660 1417 2771 αἰβιατος.

158 2763 234 2837 χαῖς,
247 2753 298 2815 καὶ
309 2748 551 2837 ἀπαλλοτριῶσει
565 2778 597 2819 σε
609 2757 671 2819 τῶν
684 2754 768 2820 ἶδίιον
809 2753 924 2818 17κακά
948 2751 985 2816 ἀν
1009 2749 1173 2844 ύπανθηση
1199 2779 1259 2828 σοι,
1285 2749 1418 2835 ευρησεις

160 2859 226 2898 σου.
807 2832 901 2899 αύτύν
914 2840 974 2900 ἐκεῖ
983 2832 1133 2919 πρότερόν
1147 2862 1210 2911 σου,
1224 2838 1273 2900 καί
1287 2834 1328 2909 ὡς
1338 2839 1417 2933 βοη-

174 2923 199 2976 ,⁰
339 2923 373 2981 K
384 2924 413 2981 Ε
428 2922 466 2982 Φ.
510 2917 585 2984 1Β’.
805 2921 872 2982 θῶν
881 2912 1047 3001 ύποσχάσει
1059 2921 1191 2999 πτέρναν
1204 2944 1270 2982 σου.
1292 2919 1319 2961 '⁸
1328 2941 1415 2998 κινη-

159 2969 211 3066 E
212 2997 252 3066 ἀν
264 2991 297 3068 εύ
310 3006 407 3085 ποιῇς,
419 3007 517 3081 γνῶθι
530 3010 587 3068 τίνι
601 3018 705 3081 ποιεῖς,
716 3008 767 3072 καί
805 3025 847 3066 σει
858 2996 912 3085 την
923 2999 1055 3083 κεααλην
1072 2997 1170 3064 αὐτοῦ
1187 3001 1237 3063 καί
1250 2998 1415 3084 ίπικροτη-

158 3086 245 3150 λὀται
261 3081 344 3170 χάρις
361 3076 425 3162 ’τοῖς
448 3084 578 3164 ἀγαθοῖς
599 3113 664 3153 σου.
691 3089 765 3155 λεδ.
793 3110 845 3170 ηαει
858 3086 1030 3168 ταῖςχερσίν
1044 3080 1152 3156 αὐτοῦ,
1164 3080 1328 3177 καὶπολλὰ
1342 3081 1412 3147 δια·

157 3173 288 3252 ποίησον
305 3166 429 3254 εὐσεβεῖ,
454 3172 505 3234 καί
523 3167 650 3254 εὑρήσεις
668 3170 765 3238 ἀιιτα-
804 3168 955 3252 ψιθυρίσει
966 3168 1017 3231 καί
1030 3162 1187 3232 ἀλλοιῶσει
1199 3164 1235 3230 τὸ
1247 3190 1414 3250 προςανπον

157 3247 288 3332 πύδομα,
307 3255 358 3317 καί
370 3257 395 3317 εί
404 3251 444 3337 μη
457 3252 527 3339 παρ’
543 3253 639 3322 αύτοῦ
645 3306 654 3334 ,
685 3255 764 3322 ἀλλά
804 3248 906 3317 αύτού.
1209 3328 1216 3347 Ι

156 3335 243 3421 παρά
257 3333 393 3417 ύψίστου.
416 3335 498 3403 3ούκ
510 3341 589 3404 ἔστιν
602 3337 708 3417 ἀγαθὰ
720 3345 765 3424 τῷ
829 3340 839 3368 ‘
985 3339 1017 3398 K
1032 3340 1057 3396 Ε
1073 3338 1111 3397 Ψ·
1156 3338 1207 3398 ΙΓ
1220 3381 1229 3397 ·

158 3421 359 3507 ένδελεχίζοντι
371 3426 411 3498 είς
422 3421 512 3499 κακά,
525 3425 575 3488 καί
589 3429 632 3506 τῷ
646 3424 764 3506 ἐλεημο-
806 3384 855 3488 O
868 3413 1034 3501 ἁπτόμενος
1052 3423 1160 3502 πίσσης
1182 3412 1412 3502 μολυνθησεται,

158 3501 247 3588 σύνην
259 3504 299 3589 μὴ
315 3511 504 3608 χαριζομένῳ.
530 3509 547 3550 ⁴
560 3506 613 3583 δὸς
625 3513 669 3593 τῷ
683 3508 763 3572 εύσε-
804 3504 856 3569 καί
869 3501 887 3569 ὁ
899 3506 1048 3568 κοινωνῶν
1061 3497 1242 3602 ύπερηαάνῳ
1256 3498 1412 3584 ὁμοιωθή-

157 3591 211 3713 eet,
224 3592 274 3652 καί
286 3618 327 3672 μη
341 3588 485 3684 ἀντιλάβη
504 3596 560 3655 τού
573 3588 764 3677 ἀμαρτωλού.
805 3615 888 3654 σεται
901 3586 995 3672 αύτῷ.
1021 3581 1132 3673 2βάρος
1144 3583 1218 3670 vnio
1229 3584 1262 3650 σθ’
1273 3583 1313 3669 μὴ
1325 3583 1411 3684 ἄρῃς,

186 3668 349 3755 εύποίησυν
365 3679 411 3756 τῷ
433 3680 564 3759 ταπεινῷ
582 3678 634 3741 καί
649 3675 688 3760 μὴ
707 3677 765 3758 δῷς
804 3676 855 3737 καί
868 3674 1050 3756 ι’σχυροτέρῳ
1064 3696 1120 3744 σου
1134 3672 1185 3734 καί
1197 3669 1411 3750 πλουσιωτερῳ

142 3749 266 3840 ἀσεβεῖ.
294 3755 457 3836 έμπόδισον
479 3759 550 3833 τούς
571 3758 682 3844 ἀρτους
709 3758 767 3825 αά-
803 3755 844 3838 μη
858 3755 995 3821 κοινῶνει.
1009 3761 1039 3819 τί
1050 3749 1220 3838 κοινωνήσει
1229 3749 1324 3837 4χύτρα
1333 3750 1413 3830 πρὸς

157 3842 214 3901 τού
228 3840 279 3903 καὶ
291 3838 331 3924 μη
344 3842 403 3925 δῷς
416 3840 515 3925 αύτῷ,
539 3847 593 3908 ἰ’να
611 3843 653 3927 μὴ
666 3847 698 3907 έν
710 3842 767 3908 αύ-
805 3840 934 3926 λέβητας
955 3835 1032 3921 αὕτη
1044 3836 1256 3919 προςκρούσει,
1270 3836 1320 3900 καί
1333 3833 1413 3918 αὕτη

158 3932 223 3996 τοῖς
235 3948 266 3986 σε
280 3923 471 4015 δυναστεύσῃ,
485 3922 627 3992 διπλάσια
638 3925 698 4006 γάρ
711 3954 767 3990 κα-
805 3924 1038 4010 συντριβήσεται.
1078 3922 1092 3963 ³
1118 3918 1260 3993 πλούσιος
1287 3916 1414 4003 ἠδίκησε,

159 4002 198 4070 κά
211 4001 338 4091 εύρησεις
355 4011 386 4073 έν
404 4017 498 4074 πᾶσιν
515 4009 649 4086 ἀγαθοῖς
666 4011 710 4084 ol,-
727 4009 767 4075 ἀν
804 4008 854 4070 καί
880 4004 974 4081 αὐτὸς
999 3999 1295 4108 προςενεβριμύσατο.
1328 4028 1412 4101 πτω-

157 4086 285 4183 ποιησης
309 4089 401 4175 αύτῷ.
428 4092 504 4158 θὸτι
522 4095 574 4157 καί
599 4090 616 4157 ὃ
638 4089 767 4176 ὕψιστος
803 4087 854 4174 χάς
866 4086 1011 4174 ἠδίκηται,
1024 4091 1075 4153 καί
1088 4085 1182 4186 αυτὸς
1194 4087 1412 4172 προςδεηθησε-

158 4175 290 4259 ἐμίσησεν
303 4173 518 4257 ἁμαρτωλούς,
544 4177 597 4241 καί
613 4189 677 4250 τοῖς
695 4174 767 4242 ἀσε-
804 4199 862 4238 ται.
888 4172 972 4239 4ε’ἀν
994 4196 1208 4257 χρησιμευσης,
1234 4173 1358 4254 έργάται
1381 4173 1412 4234 έν

158 4260 239 4340 βέσιν
264 4256 417 4324 ἀποδῶσει
441 4260 595 4341 ἐκδίκησιν.
623 4260 701 4336 7δὸς
722 4266 766 4345 τῷ
804 4263 859 4323 σοί.
886 4259 938 4322 καί
962 4256 1016 4323 ίάν
1041 4249 1213 4346 ύστερηύτης,
1239 4254 1413 4334 καταλείψει

158 4335 287 4423 ἀγαθῷ,
313 4344 363 4407 καί
379 4340 418 4428 μη
437 4339 582 4432 ἀντιλάβη
599 4346 655 4407 τού
668 4342 765 4428 ἀμαρ-
804 4367 844 4407 σε.
871 4339 946 4406 5έάιι
964 4343 1040 4425 ε’γης,
1054 4334 1253 4424 συμβιῶσεταί
1271 4363 1336 4413 σοι,
1362 4339 1412 4402 καί

157 4421 268 4489 τιολσύ.
294 4425 311 4469 ⁸
325 4424 381 4491 ούκ
394 4424 621 4510 έκδικηθησεται
641 4431 674 4493 έν
688 4426 766 4507 ἀγα-
804 4422 987 4492 ἀποκενιύσει
1001 4448 1044 4498 σε,
1058 4425 1109 4488 καί
1122 4419 1217 4496 αὐτὸς
1233 4420 1271 4487 ού
1283 4423 1411 4517 πονέρει.

157 4517 227 4582 θοῖς
251 4504 269 4573 ὁ
292 4508 389 4594 φίλος,
414 4511 464 4576 καί
485 4509 522 4576 ού
543 4507 719 4598 κρυβησεται
734 4516 765 4580 έν
804 4511 931 4596 ὑχρείαν
944 4509 1051 4592 ε”σχηκέ
1062 4531 1127 4583 σου,
1140 4506 1190 4571 καί
1203 4503 1413 4589 ἀποπλανησει

1369 4612 1412 4659 σε,
