2924 4972
502 186 779 251 ΑΓΓΑῙΟΣ
816 185 993 267 Κεφ.α’.“ί.
1301 190 1365 254 753

128 282 1370 304 .-.-.-.-.--.-.---.......-.-.-.-.,

119 315 256 399 έκφοβῷν
282 310 399 388 αιἰτοάς.
436 313 568 396 14χαῖρε
592 309 726 395 θάγατερ
765 309 880 389 συνάξω
913 310 984 386 τοῦς
1016 313 1274 416 συντετριμμένους
1304 335 1373 376 σου.

119 392 211 471 Σιδν,
234 396 359 482 κήρυσσε
372 392 504 480 θύγατερ
519 390 725 478 Ἰερουσαλήμ.
764 394 834 460 οὐαὶ
847 400 890 470 τίς
903 394 1011 481 ἐλαβεν
1024 391 1070 458 ἐπ’
1083 393 1178 478 αὐτην
1191 393 1374 478 ὂνειδισμάνς

119 476 280 564 εδφραίνου
294 481 543 560 καὶκατατέρπου
555 481 585 553 ἐξ
596 473 665 560 ὅλης
675 481 727 561 τῆς
764 479 791 520 ¹⁰
805 477 871 543 ἰδοὺ
884 476 942 554 έγώ
956 481 1038 541 ποιῷ
1050 480 1080 541 έν
1094 479 1154 553 σοί,
1167 482 1259 544 ἕνεκέν
1272 504 1326 544 σου
1340 480 1372 544 έν

119 564 243 646 καρδίας
276 589 332 627 σου
362 558 496 642 θύγατερ
523 559 725 644 Ἰερουσαλήμ.
763 564 806 642 τῷ
827 564 924 663 καιρῷ
940 562 1052 642 ε’κείνῳ,
1077 559 1154 635 λέγει
1179 557 1296 645 κιίριος,
1321 563 1373 626 καί

120 648 146 688 ¹⁵
159 645 281 730 περιεῖλε
299 642 398 729 κάριος
414 642 453 707 τά
472 639 639 727 ἀδικήματά
659 666 726 718 σου,
764 637 852 708 σώσω
862 668 916 727 την
924 646 1155 726 ίκπεπιεσμένην,
1164 646 1215 706 καί
1225 642 1278 727 τῆν
1287 640 1372 709 άπω·

118 726 305 810 λελάτρωταί
321 753 353 792 σε
370 730 402 791 ἐκ
419 726 511 812 χειρὸς
525 729 642 811 ἐχθρῶν
660 750 724 789 σου.
764 730 869 810 σμένην
890 728 1063 809 είςδέξομαι,
1088 728 1138 789 καί
1155 720 1289 808 θήσομαι
1314 725 1372 790 αῦ-

119 806 255 895 βασιλεῦς
272 808 392 895 Ἰσραῆλ
406 805 506 897 κάρτος
518 813 549 873 ἐν
564 812 645 892 μέσῳ
659 832 725 882 σου,
762 809 835 884 τοῦς
850 815 889 885 εἰς
901 804 1053 894 καύχημα,
1079 810 1131 873 καί
1143 805 1327 892 όνσμαστοῦς
1341 811 1372 873 έν

119 892 173 958 οὐκ
187 891 251 985 όψη
265 891 342 958 κακά
356 892 464 958 οὐκέτι.
490 894 518 935 ¹⁰
531 895 563 956 έν
576 897 619 975 τῷ
631 896 726 993 καιρῷ
763 890 846 984 πάσῃ
861 899 898 981 τῆ
909 896 958 985 γῇ.
985 895 1016 935 ²⁰
1030 893 1081 955 καί
1098 888 1372 978 καταισχυνθήσον-

119 978 221 1057 ἐκείνῳ
250 981 312 1059 έρεῖ
339 973 439 1061 κύριος
463 981 501 1068 τῆ
520 973 725 1059 Ἰερουσαλημ.
763 1000 812 1039 ται
825 980 858 1042 ἐν
871 981 914 1060 τῷ
928 980 1021 1061 καιρῷ
1039 979 1156 1059 ἐκείνῳ,
1182 970 1372 1051 ὅτανκαλυῦς

119 1053 227 1145 θάρσει
236 1059 329 1135 Σιών,
340 1058 381 1144 μῆ
393 1065 610 1162 παρείσθωσαν
623 1061 655 1122 αἱ
666 1068 726 1142 χεῖ·
763 1055 831 1138 ὑμῖν
843 1054 971 1145 ποιήσω,
991 1059 1043 1122 καὶ
1056 1061 1087 1122 έν
1098 1060 1143 1140 τῷ
1156 1063 1268 1140 καιρῷ,
1294 1054 1371 1125 ὅταν

118 1143 167 1244 ρές
183 1168 248 1206 σου.
279 1146 306 1186 ¹⁷
318 1139 420 1226 κῦριος
440 1167 457 1207 ο
472 1138 541 1215 θεός
554 1167 610 1206 σου
621 1145 653 1207 έν
665 1141 725 1215 σοί,
763 1143 921 1245 εῑςδέξομαι
932 1141 1013 1223 ὑμᾶς.
1027 1136 1103 1205 διότι
1116 1135 1205 1205 δώσω
1215 1136 1291 1223 ὑμᾶς
1301 1139 1371 1205 ὀνο-

119 1250 136 1287 ο
152 1225 279 1299 δυνατὸς
293 1223 381 1289 σώσει
394 1249 441 1301 σε,
460 1221 559 1300 ἐπάξει
571 1225 663 1290 έπίυὲ
676 1223 724 1289 εῦ-
762 1250 913 1307 μαστους,
940 1227 992 1289 καί
1016 1229 1054 1299 εἷς
1079 1220 1217 1307 καύχημα
1244 1226 1274 1289 ἐν
1293 1227 1370 1288 πάσι

118 1304 284 1389 φροσῦνην,
310 1309 360 1373 καί
377 1320 483 1374 καινιεῖ
493 1333 525 1373 σε
542 1312 573 1372 έν
591 1312 629 1400 τῇ
647 1306 725 1386 άγα-
764 1319 826 1383 τοῖς
839 1310 924 1384 λαοῖς
937 1312 989 1391 τῆς
1001 1312 1062 1393 γῆς,
1085 1308 1116 1370 ἐν
1129 1310 1172 1388 τῷ
1187 1308 1370 1391 ἐπιστρέφειν

119 1389 207 1473 πήσει
226 1389 330 1456 αὐτοῦ.
356 1393 408 1455 καί
425 1385 664 1474 εὐφρανθήσεται
675 1392 726 1456 έπί
762 1416 796 1473 με
821 1390 875 1474 τῆν
903 1390 1105 1474 αίχμαλωσίαν
1135 1384 1216 1473 ὑμῶν
1241 1385 1369 1455 ἐνώπιον

120 1472 153 1536 σὲ
164 1475 194 1537 ἐν
205 1475 307 1558 τέρφει
318 1470 359 1548 ὥς
368 1477 400 1539 έν
409 1471 505 1559 ῆμέρρ
516 1476 627 1559 έσρτῆς.
642 1474 726 1538 1θκοιέ
765 1470 862 1556 ῦμῷν,
879 1473 955 1552 λέγει
968 1469 1075 1555 κάριος.

480 1715 1007 1828 ΑΓΓΑΙΟΣ.

145 1896 157 1923 ⁹
305 1897 380 1956 ΚΕ
394 1896 432 1955 Φ.
475 1886 532 1957 Α’.
758 1889 881 1977 φάσησα
903 1888 992 1958 αὗτά.
1018 1889 1068 1958 διά
1085 1896 1179 1957 τοῦτο
1198 1887 1271 1955 τάδε
1289 1889 1368 1967 λέγει

117 1940 167 2037 Ε
169 1997 185 2037 ν
210 1977 256 2056 τῷ
280 1973 407 2061 δευτέρῳ
426 1977 502 2051 έτει,
528 1978 578 2042 ἐπί
595 1981 723 2059 Δαρείου
758 1972 858 2062 κέρεος
870 1971 1098 2062 παντοκράτωρ.
1112 1973 1181 2040 ἀνθ’
1196 1965 1240 2039 άν
1253 1969 1271 2038 ὃ
1283 1968 1368 2048 οἶκός

114 2059 171 2120 τοῦ
190 2057 349 2141 βασιλέως,
376 2061 409 2124 έν
427 2063 509 2142 τῷμ
531 2062 558 2124 νί
575 2064 619 2143 τῷ
637 2065 723 2143 ἕκτῳ,
755 2085 813 2141 μου
838 2062 916 2128 ἐστίν
941 2062 1063 2163 έρημος,
1091 2056 1170 2142 ὑμεῖς
1194 2058 1227 2123 δὲ
1250 2050 1368 2121 διώκετε

114 2142 169 2220 μιᾷ
182 2143 239 2204 τοῦ
251 2141 358 2222 μηνὸς,
383 2144 499 2218 ἐγένετο
512 2088 603 2221 λόγος
616 2150 722 2228 κυρίου
757 2149 883 2218 ἕκαστος
901 2149 940 2218 εἷς
958 2169 1014 2209 τον
1033 2140 1117 2209 οἷκον
1130 2140 1229 2206 αὐτοῦ
1235 2189 1245 2216 ,
1274 2142 1303 2183 ¹⁰
1316 2139 1368 2206 διά

115 2223 145 2284 ἐν
156 2224 228 2306 χειρὶ
241 2219 385 2298 Ἀγγαίου
402 2230 456 2287 τοῦ
469 2250 554 2304 προφ
565 2223 645 2301 ’του,
672 2225 720 2288 λέ·
757 2232 851 2291 τοῦτο
870 2224 964 2301 άνέξει
983 2222 1142 2309 ὁοῦρανδς
1163 2220 1227 2288 άπό
1245 2221 1366 2307 δρόσου,

113 2329 186 2381 γων.
211 2306 293 2367 εἰπὸν
312 2304 388 2388 πρὸς
401 2254 575 2391 Ζοροβάβελ
593 2304 649 2371 τόν
667 2312 722 2370 τοῦ
757 2310 808 2371 καὶ
820 2305 839 2390 ῆ
847 2312 886 2390 γῆ
900 2306 1104 2374 ῦποστελεῖται
1117 2302 1157 2369 τά
1170 2302 1295 2385 έκφόρια
1309 2303 1366 2369 αιἰ-

114 2381 277 2465 Σαλαθιῆλ
289 2387 321 2447 έκ
335 2385 428 2468 φυλῆς
442 2383 557 2463 Ἰούδα,
582 2384 722 2472 καὶπρὸς
756 2392 817 2471 τῆς.
843 2392 867 2430 ¹¹
881 2392 931 2452 καί
949 2384 1051 2463 ἐπάξω
1071 2391 1223 2474 ῥομφαίαν
1240 2387 1291 2452 ἐπὶ
1308 2384 1366 2468 τῆν

114 2464 230 2547 Ἰησοῦν
256 2465 310 2529 τὸν
329 2472 385 2532 τοῦ
408 2466 544 2534 Ἰωσεδὲκ
568 2469 623 2535 τὸν
642 2474 726 2555 ἱερέα,
755 2477 825 2555 γῆν,
851 2473 904 2535 καί
915 2475 965 2536 ἐπὶ
977 2469 1016 2535 τά
1030 2469 1101 2554 ὅρη,
1126 2471 1178 2533 καλ
1191 2467 1305 2534 έπλτόν
1318 2479 1366 2535 σῖ-

115 2547 168 2612 τὸυ
179 2550 283 2629 μέγαν,
296 2549 397 2628 λέγων.
424 2551 523 2617 2τάδε
535 2553 610 2630 λέγει
622 2551 722 2659 κύριος
757 2578 827 2629 τον,
852 2556 904 2617 καί
926 2557 976 2619 ἐπὶ
993 2553 1047 2617 τὸν
1067 2551 1166 2626 οἶνον,
1191 2553 1243 2615 καί
1259 2555 1309 2616 έπί
1327 2551 1364 2617 τό

114 2633 350 2718 παντοκράτωρ,
377 2633 482 2711 λέγων.
509 2634 527 2699 ὁ
545 2636 618 2712 λαὸς
631 2661 721 2711 ουτος
756 2635 874 2711 ἔλαιον,
892 2637 943 2700 καὶ
956 2633 1014 2700 ὅσα
1027 2639 1139 2717 ε’κφέρει
1152 2629 1170 2719 ῆ
1184 2639 1233 2718 γῆ,
1251 2638 1303 2698 καί
1315 2635 1366 2699 ἐπί

114 2713 257 2790 λέγουσιν,
282 2715 335 2798 οὐχ
348 2708 442 2798 ήκενὸ
456 2716 558 2803 καιρός
570 2725 626 2782 τοῦ
640 2725 721 2784 οἰκο-
756 2716 826 2795 τοῦς
840 2713 1039 2803 ἀνθρώπους,
1064 2722 1115 2782 καί
1133 2720 1186 2782 ἐπὶ
1201 2714 1241 2782 τά
1259 2712 1364 2801 κτήνη,

113 2797 243 2878 δομῆσαι
262 2796 314 2863 τὸν
332 2799 413 2865 οἶκον
426 2807 539 2886 κυρίου.
565 2803 642 2867 3καί
657 2805 722 2880 ίγέ-
755 2805 807 2867 καί
820 2804 870 2868 ἐπὶ
882 2797 999 2876 πάντας
1013 2798 1081 2875 τοὺς
1099 2797 1209 2875 πόνους
1222 2803 1284 2865 τιῦν
1304 2825 1365 2902 ηει-

113 2905 178 2946 νετσ
203 2876 293 2957 λόγος
313 2889 416 2968 κυρίου
436 2885 466 2947 έν
485 2886 558 2969 χειρί
577 2882 720 2963 Ἀγγαίου
755 2890 816 2967 ριῦν
829 2887 939 2951 αιίτῷν.
962 2889 990 2927 ¹²
1002 2885 1055 2950 καὶ
1066 2883 1175 2966 ἤκουσε
1187 2884 1364 2971 Ζοροβάβελ

113 2968 169 3028 τοῦ
182 2963 355 3046 προφήτου,
368 2967 469 3044 λέγων.
490 2972 506 3009 4
520 2973 544 3033 εί
555 2969 657 3050 καιρὸς
668 2968 721 3053 μὲν
756 2971 773 3033 ὁ
788 2972 845 3035 τοῦ
857 2965 1022 3073 Σαλαθιήλ
1034 2970 1065 3032 έκ
1078 2966 1173 3071 φυλῆς
1187 2965 1299 3040 Ἰοιίδα,
1312 2967 1365 3031 καὶ

112 3042 181 3127 ὑμῖν
203 3051 266 3111 ἐστι
290 3053 346 3114 τοῦ
371 3055 458 3115 οἰκεῖν
481 3053 511 3116 έν
529 3052 619 3127 οἴκοις
638 3048 720 3134 ὑμῶν
753 3051 869 3136 Ἰησοῦς
888 3049 905 3115 ὁ
923 3056 980 3118 τοῦ
1002 3050 1129 3117 Ιωσεδέκ
1143 3076 1160 3116 ο
1175 3049 1266 3135 ἴερείις
1279 3046 1296 3113 ὁ
1309 3051 1363 3134 μέ-

112 3126 363 3214 κοιλοστάθμοις,
389 3128 452 3198 ὁδέ
466 3133 547 3209 οἶκος
563 3131 640 3216 (μιῦν
652 3138 720 3238 ίξη-
753 3162 825 3213 γας,
854 3137 905 3200 καί
925 3129 1031 3210 πάντες
1052 3139 1082 3199 οῖ
1104 3129 1283 3199 κατάλοιποι
1307 3136 1364 3198 τοῦ

113 3209 264 3296 ρῆμωται,·
303 3218 380 3280 ὅκαί
405 3221 455 3281 νῦν
471 3216 543 3282 τάδε
559 3163 640 3296 λέγει
665 3247 719 3285 κυ-
754 3219 834 3284 λαοῦ
846 3222 898 3301 τῆς
911 3223 1013 3303 φωνῆς
1030 3223 1134 3304 κυρίου
1146 3222 1204 3282 τοῦ
1217 3219 1291 3281 θεοῦ
1303 3213 1362 3282 αὖ·

112 3319 176 3373 ριος
187 3295 415 3382 παντοκράτωρ.
428 3296 536 3377 τάξατε
548 3299 584 3385 δή
598 3303 720 3385 καρδίας
754 3307 824 3378 τῶν,
837 3304 887 3366 καί
901 3306 962 3367 τῷν
974 3298 1074 3401 λόγων
1086 3298 1292 3377 τοῦἈγγαίου
1304 3303 1362 3364 τοῦ

114 3375 194 3457 ὑμῶν
206 3384 244 3452 είς
258 3378 310 3455 τάς
324 3380 414 3455 ὁδοὺς
428 3383 517 3465 ιἰμιῦν.
537 3386 719 3468 ὅε’σπείρατε
753 3379 921 3470 προφήτου,
934 3394 1046 3448 καθοτι
1059 3382 1258 3459 ἐξαπέστειλεν
1268 3380 1361 3446 αὐτὸν

110 3459 211 3523 πολλὰ
225 3464 275 3524 καὶ
287 3465 459 3546 εῖςηνέγκατε
472 3465 571 3543 ὀλίγα,
597 3463 719 3548 ἐφάγετε
753 3475 854 3549 κιίριος
866 3465 883 3529 ὁ
893 3465 966 3540 θεὸς
978 3464 1081 3530 αὐτῶν
1089 3462 1165 3549 πρὸς
1176 3460 1299 3536 αῦτοῦς,
1309 3465 1361 3531 καί

110 3543 163 3604 καί.
174 3541 230 3604 οὐκ
244 3547 282 3615 είς
294 3545 473 3628 πλησμονήν,
492 3550 586 3610 ἕπίετε
599 3552 649 3612 καὶ
662 3547 718 3613 οῦκ
751 3544 891 3633 ἐφοβήθη
911 3546 928 3612 ὁ
946 3543 1020 3622 λαὸς
1041 3542 1105 3611 άπὸ
1125 3540 1289 3628 προςιόπου
1308 3571 1360 3609 κυ-

111 3627 150 3696 είς
161 3626 268 3708 μέθην,
281 3623 489 3709 περιεβάλεσθε
504 3630 553 3692 καί
565 3627 621 3693 σῦκ
632 3633 731 3731 ε’θερ-,
753 3637 828 3714 ρίου.
861 3630 888 3670 ¹³
901 3631 953 3695 καὶ
975 3628 1053 3695 εἶπεν
1070 3625 1210 3705 Ἀγγαῖος
1236 3624 1360 3706 άγγελσς

111 3701 245 3790 μάνθητε
258 3710 288 3773 έν
301 3706 412 3784 αὐτοῖς,
423 3706 580 3784 καίὸτοῦς
589 3723 718 3791 μισθους
752 3716 858 3794 κυρίου
882 3714 914 3777 έν
936 3710 1072 3793 άγγέλοις
1096 3717 1199 3797 κυρίου
1218 3715 1263 3795 τῷ
1282 3712 1358 3795 λαῷ.

113 3786 247 3867 συνάγων
266 3787 425 3874 συνήγαγεν
442 3797 479 3867 είς
497 3790 602 3874 δεσμόν
615 3820 717 3879 τετρυ-
752 3792 810 3872 ἐγώ
819 3798 873 3876 εἶμι
882 3792 948 3878 μεθ’
961 3791 1052 3877 ὑμῶν,
1065 3794 1140 3872 λέγει
1152 3789 1260 3880 κύριος.
1274 3793 1359 3859 14καί

110 3878 250 3956 πημένον.
277 3871 373 3939 7τάδε
391 3875 468 3954 λέγει
486 3872 584 3957 κάριος
601 3904 717 3944 παντο·
752 3873 874 3961 ε’ξ’γειρε
899 3873 999 3962 κάριος
1022 3875 1058 3942 τό
1084 3882 1201 3961 πνεῦμα
1216 3872 1358 3978 Ζοροβά-

111 3953 240 4060 κράτωρ.
266 3962 362 4024 θέσθε
379 3958 433 4037 τάς
446 3960 570 4044 καρδίας
583 3958 666 4044 ῦμῷν
678 3967 717 4038 είς
750 3906 802 4047 βελ
827 3965 881 4027 τοῦ
897 3960 1062 4047 Σαλαθιήλ
1080 3964 1112 4026 ἐκ
1132 3961 1224 4045 φυλῆς
1243 3958 1357 4037 Ἰουδα,

111 4063 165 4113 τας
189 4036 277 4116 ὁδοὺς
302 4039 398 4125 ὑμῶν,
435 4041 593 4128 8ἀνάβητε
618 4049 655 4120 εἰς
680 4045 717 4111 τὸ
751 4045 803 4110 καὶ
828 4042 864 4110 τὸ
882 4050 996 4129 πνεῦμα
1019 4043 1122 4129 Ἰησοῦ
1146 4048 1204 4111 τοῦ
1224 4042 1357 4110 Ἰωσεδὲκ

111 4121 256 4221 ὅρος,καὶ
270 4125 386 4207 κόιγατε
398 4123 484 4204 ξάλιι,
500 4126 716 4212 οἶκοδομῆσατε
752 4134 807 4193 τοῦ
822 4131 921 4214 ἱερέως
931 4133 989 4194 τοῦ
1000 4124 1140 4212 μεγάλου,
1155 4129 1205 4193 καὶ
1219 4125 1255 4193 τό
1268 4130 1356 4193 πνεῦ-

109 4229 162 4269 τον
175 4205 265 4281 οἷκον,
285 4212 335 4274 καί
349 4207 500 4294 εὐδοκῆσω
514 4214 546 4276 έν
558 4212 652 4294 αιίτῷ,
665 4214 715 4276 καί
749 4239 791 4292 μα
803 4217 866 4280 τῶν
877 4210 1068 4278 καταλοίπων
1077 4209 1257 4286 παντόςτοῦ
1266 4210 1355 4286 λαοῦ,

108 4285 378 4374 ἕνδσξασθήσομαι,
405 4291 589 4377 εἶπεκάριος.
616 4295 714 4358 ”gm-
750 4297 801 4359 καί
827 4296 977 4379 είςῆλθον,
1004 4297 1056 4362 καί
1080 4300 1203 4361 ἐποίουν
1228 4298 1301 4380 ἔργα
1324 4297 1355 4358 ἓν

106 4369 238 4470 βλέῳατε
251 4379 290 4447 εἰς
302 4375 413 4453 πολλά,
427 4380 477 4442 καὶ
490 4379 604 4455 ἐγένετο
614 4375 712 4454 ὀλίγα.
749 4383 794 4461 τῷ
810 4380 884 4463 οἴκῳ
898 4387 1001 4467 κυρίου
1017 4373 1264 4464 παντοκράτορος
1279 4380 1355 4442 θεοῦ

106 4477 156 4513 καί
175 4455 321 4540 ἒῖῖηνέχθη
338 4463 376 4533 εἷς
393 4457 446 4524 τὸν
463 4459 560 4535 οἶκον,
587 4461 639 4524 καί
652 4461 712 4536 ίξε-
749 4464 858 4528 αὐτῶν.

814 4543 900 4608 Bbb
1277 4545 1353 4619 Κεφ.
