2924 4972
163 231 226 295 580
530 235 566 289 Ψ
576 229 610 291 A
619 231 653 287 A
664 231 707 288 M
718 229 779 288 01
818 221 864 298 ις’.
877 219 925 298 ιζ’.
942 221 990 287 16.
1006 223 1055 289 17.

159 343 250 423 στέαρ
274 338 374 403 αὐτῶν
393 336 586 408 συνέκλεισαν,
613 333 648 398 τό
667 331 721 398 στό
743 360 763 398 α
796 338 859 397 τοῦ.
899 339 924 376 11
938 337 987 396 καί
1005 336 1095 433 ἐπέβη
1113 332 1164 394 ἐπί
1181 331 1333 415 Χερουβὶμ
1352 332 1404 393 καὶ

159 421 261 486 αὐτῶν
278 417 419 502 ἐλάλησεν
442 415 653 502 ὑπερηφανίαν.
679 420 703 457 11
716 441 762 479 εκ-
795 412 964 497 ἐπετάσθη,
997 418 1151 496 ἐπετασθη
1176 413 1225 476 ἐπί
1250 407 1404 497 πτερύγων

159 499 296 591 βαλόντες
319 528 354 584 με
380 504 444 566 νυνί
469 493 704 585 περιεκύκλωσάν
720 524 763 579 με,
795 496 918 579 ἀνέμων.
943 500 971 539 12
983 499 1033 560 καὶ
1045 499 1134 560 ε”θετο
1148 491 1254 568 σκότος
1266 491 1404 578 ἀποκρυ-

159 586 230 659 τσύς
243 583 421 666 ὀφθαλμούς
434 582 534 647 αῦτῶν
552 584 655 645 ὲθεντο
668 581 763 645 ἐκκλϊ-
796 578 853 663 φήν
866 579 976 654 αὑτοῦ,
990 579 1088 658 κύκλῳ
1103 576 1198 643 αὐτοῦ
1209 574 1227 660 ή
1240 575 1330 659 σκηνή
1345 574 1402 640 αῦ-

159 693 206 732 ναι
233 671 263 732 ἐν
287 672 325 758 τῇ
350 670 396 747 γῆ.
436 668 463 706 12
477 659 626 749 ὑπέλαβόν
643 687 678 745 με
700 660 765 736 ῶςεί
796 668 867 737 τοῦ,
893 658 1041 726 σκοτεινόν
1060 661 1140 745 ὑδωρ
1157 664 1188 724 ἐν
1205 659 1336 739 νεφέλαις
1349 656 1403 723 ἀέ-

160 751 234 813 λέων
246 754 361 831 ἕτοιμος
371 737 412 821 Ιεἰς
424 745 537 831 θήραν,
552 749 603 809 καί
614 741 679 820 ῶςεὶ
692 741 764 809 σκύ-
796 769 863 829 ρων.
877 742 977 808 13ἀπό
991 749 1043 820 τῆς
1054 738 1262 827 τηλαυγήσεως
1275 737 1404 806 ἐνῶπιον

158 857 230 916 μνος
243 836 332 895 οίκῶν
344 835 374 894 ἐν
388 825 584 913 ἀποκρύφοις.
599 825 764 908 11ἀνόστη-
796 826 890 891 αῦτοῦ
904 831 938 890 αδ
950 826 1066 908 νεφέλαι
1080 824 1214 909 διήλθον,
1226 821 1340 909 χάλαζα
1352 826 1405 888 καί

158 926 194 978 θι
204 912 281 1000 κύριε
293 908 477 996 πρόφθασον
489 908 610 985 αύτούς,
623 911 674 974 καί
686 905 763 974 ὑπο·
796 909 944 993 ἀνθρακες
956 906 1058 993 πυρός.
1085 909 1114 950 ¹⁴
1128 911 1179 972 καί
1190 905 1359 994 ἐβρόντησεν
1373 909 1405 982 ἐξ

160 998 292 1061 σκελισον
302 993 422 1068 αύτούς,
436 996 523 1078 ῥῦσαι
536 991 590 1076 τήν
602 987 698 1076 ψυχήν
707 1017 764 1094 μου
796 990 927 1078 ούρανοῦ
937 987 1051 1076 κύριος,
1076 992 1127 1054 καί
1138 988 1156 1054 ὁ
1171 985 1300 1073 ὑφιστος
1313 991 1404 1053 ἔδωκε

161 1078 222 1144 ἀπὸ
243 1077 383 1163 ἀσεβοῦς,
407 1079 558 1159 ῥομφαίαν
577 1100 633 1140 σου
658 1071 764 1138 14από
797 1072 900 1158 φωνήν
913 1072 1016 1139 αὑτοῦ.
1035 1076 1061 1116 ¹⁵
1073 1076 1125 1139 καί
1137 1073 1319 1149 ἐξαπέστειλε
1330 1073 1403 1158 βιλη

161 1166 278 1245 ἐχθρῶν
287 1165 338 1242 τής
349 1155 442 1243 χειρός
457 1184 519 1222 σου.
533 1155 612 1241 κύριε
622 1152 765 1221 ἀπολύων
797 1163 848 1222 καί
873 1152 1041 1240 ἐσκόρπισεν
1067 1154 1192 1230 αύτούς,
1218 1156 1270 1219 καί
1289 1153 1402 1240 ἀστρα-

160 1244 297 1325 ἀπὸγής,
312 1243 481 1326 διαμέρισον
490 1240 600 1315 αύτούς
614 1244 644 1304 ἐν
656 1244 694 1332 τῇ
704 1242 765 1334 ζωή
796 1237 1008 1322 πάςέπλήθυνι
1018 1241 1068 1303 καί
1078 1233 1267 1322 συνετάραξεν
1278 1236 1402 1311 αὐτούς.

162 1325 281 1402 αὐτῶν,
320 1327 372 1388 καί
395 1328 457 1387 τῶν
480 1326 682 1406 κεκρυμμένων
709 1348 764 1386 σου
797 1321 1041 1426 1θιιαὶῶφθησαν
1054 1327 1086 1386 αί
1097 1325 1191 1404 πηγαί
1202 1326 1263 1385 τῶν
1276 1317 1403 1396 ὑδάτων,

161 1405 297 1492 ἐπλήσθη
306 1405 325 1490 ᾗ
334 1406 448 1508 γαστήρ
460 1404 569 1470 αὐτῶν.
582 1402 764 1490 ἐχορτάσθη-
797 1409 847 1470 καί
857 1403 1049 1488 ἀνεκαλυφθη
1059 1405 1098 1469 τόι
1107 1403 1233 1507 θεμέλια
1241 1409 1292 1506 τής
1301 1408 1404 1468 οἰκου-

161 1515 217 1555 σαν
230 1487 329 1562 ὑείων,
347 1490 399 1552 καὶ
412 1493 529 1567 αφήκαν
541 1488 579 1552 τό
594 1486 765 1552 κατάλοιπα
796 1493 888 1571 μένης.
898 1485 961 1552 ἀπό
972 1486 1163 1571 ἐπιτιμήσεως
1173 1512 1229 1551 σου
1239 1511 1329 1571 κυριε,
1339 1484 1403 1555 ἀπὸ

160 1584 225 1645 τοῖς
244 1576 358 1653 νηπίοις
377 1567 486 1633 αὐτῶν.
513 1569 611 1646 15ἐγῶ
628 1569 704 1634 δὲέν
721 1571 765 1633 δι-
798 1566 976 1652 ἐμπνεύσεως
1005 1568 1170 1652 πνεύματος
1208 1568 1298 1675 ὀργῆς
1336 1593 1402 1634 σου.

161 1651 302 1742 καιοσύνη
339 1647 511 1732 ὀφθήσομαι
540 1656 585 1734 τῷ
613 1649 764 1736 προςῶπῳ
797 1656 823 1696 17
831 1653 1028 1728 ἐξαπέστειλεν
1040 1657 1069 1730 ἐξ
1084 1650 1179 1737 ὑφους
1191 1679 1242 1716 και
1254 1652 1349 1728 ἔλαβέ
1358 1677 1402 1733 με,

162 1759 231 1810 σου,
253 1731 505 1838 χορτασθήσομαι
526 1737 556 1798 ἐν
575 1738 618 1817 τῷ
632 1733 764 1818 ὀφθῆναι
796 1731 991 1822 προςελόβετό
1013 1762 1046 1817 με
1072 1739 1102 1812 ἐξ
1127 1731 1244 1800 ὑδάτων
1267 1735 1399 1800 πολλῶν.

162 1817 216 1900 τήν
228 1817 318 1892 δοξαν
329 1841 393 1882 σου.
797 1815 953 1925 11ρύσιταί
962 1821 1040 1903 μεέξ
1055 1821 1173 1905 ἐχθρῶν
1184 1843 1243 1901 μου
1257 1819 1401 1894 δυνατῶν,

429 1897 497 1962 ΙΖ’.
797 1927 847 1966 και
859 1905 891 1965 ἐκ
903 1906 963 1966 τῶν
972 1896 1135 1984 μισούντων
1143 1927 1187 1985 με,
1201 1896 1245 1965 ότι
1259 1897 1402 1985 ἐστερεῶ-

162 1988 216 2056 Εἰς
228 1981 264 2046 τό
277 1984 361 2057 τέλος
373 1986 418 2066 τῶ
433 1983 517 2046 παιδί
529 1989 631 2069 κυρίου
642 1987 687 2065 τῷ
700 1988 765 2048 Δα-
796 1995 895 2068 θησαν
909 1982 983 2069 ὑπὲρ
996 1987 1054 2066 ἐμέ.
1073 1986 1101 2027 12
1111 1978 1311 2070 προέφθασάν
1322 2009 1358 2066 με
1371 1988 1402 2049 ἐν

162 2067 223 2140 υίδ,
242 2062 264 2130 δι’
279 2061 402 2148 έλάλησε
415 2070 459 2146 τῷ
472 2072 562 2150 κυρίῳ
575 2064 645 2140 τούς
659 2061 765 2143 λόγους
798 2064 891 2151 ήμέρα
905 2065 1062 2142 κακώσεως
1073 2094 1146 2148 μου,
1160 2070 1211 2132 καὶ
1223 2070 1334 2145 ἐγένετο
1347 2062 1402 2130 κύ·

162 2152 214 2250 τής
226 2147 303 2232 ᾠδῆς
315 2147 433 2231 ταύτης,
443 2149 474 2210 ἐν
486 2145 579 2232 ήμέρηι
590 2139 608 2240 ᾖ
621 2145 764 2234 ἐρρύσατο
796 2175 857 2235 ριος
870 2146 1080 2236 ἀντιστήριγμά
1092 2176 1156 2232 μου.
1175 2152 1206 2194 ²⁰
1216 2152 1266 2214 καί
1279 2145 1404 2231 ἐξήγαγέ

162 2231 255 2294 αυτόν
266 2227 365 2313 κύριος
375 2234 407 2294 ἐκ
419 2230 511 2314 χειρός
519 2227 640 2295 πάντων
648 2237 709 2296 τῶν
723 2237 732 2254 “
748 2272 763 2282 -
795 2259 830 2315 με
855 2236 893 2308 είς
916 2232 1105 2317 πλατυσμόν,
1131 2228 1253 2318 ῥύσεταί
1275 2257 1326 2313 με,
1354 2229 1400 2296 ότι

161 2317 247 2394 θρῶν
272 2312 384 2387 αὐτοῦ,
411 2315 462 2376 καί
479 2317 512 2376 ἐκ
536 2312 630 2399 χειρὸς
647 2257 763 2389 Σαούλ,
796 2315 929 2400 ήθέλησέ
942 2340 986 2396 με.
1014 2320 1041 2359 21
1054 2318 1106 2380 καὶ
1123 2313 1327 2382 ἀνταποδώσω
1350 2341 1401 2396 μοι

193 2403 206 2430 ⁰
365 2394 542 2460 2καίεῖπεν.
795 2393 894 2484 κύριος
905 2397 984 2463 κατὰ
996 2396 1051 2482 τήν
1064 2395 1249 2484 δικαιοσύνην
1259 2425 1328 2482 μου,
1349 2399 1400 2462 καί

163 2447 347 2563 Ᾰγαπήσω
359 2503 389 2543 σε
403 2475 480 2563 κύριε
495 2475 574 2563 ἰσχύς
585 2505 650 2561 μου.
684 2475 764 2543 3κύ-
795 2480 874 2546 κατά
899 2480 954 2565 τήν
979 2481 1190 2568 καθαριότητα
1214 2486 1275 2546 τῶν
1297 2484 1400 2566 χειρῶν

162 2588 224 2648 ριος
251 2556 401 2646 στερέωμά
425 2586 499 2643 μου,
533 2563 584 2625 καί
608 2558 764 2645 καταφυγή
795 2589 854 2645 μου
868 2562 1071 2631 ἀνταποδόσει
1083 2592 1142 2646 μοι.
1166 2568 1195 2607 22
1208 2560 1253 2628 ότι
1268 2565 1400 2645 ἐφύλαξα

160 2671 225 2727 μου,
239 2647 290 2709 καί
301 2642 410 2731 ρύστης
421 2669 488 2725 μου.
509 2641 610 2717 όθεός
622 2672 680 2726 μου
693 2649 763 2730 βοη·
796 2646 849 2721 τὰς
873 2645 960 2722 ὁδούς
983 2655 1100 2733 κυρίου,
1126 2649 1177 2713 καί
1196 2646 1250 2712 οῦκ
1269 2645 1400 2732 ἢσέβησα

161 2724 220 2800 θός
232 2754 298 2807 μου,
313 2728 406 2791 ἐλπιῶ
419 2724 461 2789 ἐπ’
479 2723 580 2791 αύτόν.
599 2723 762 2809 ὑπερασπι-
796 2727 857 2794 ἀπὸ
875 2734 931 2795 τοῦ
948 2737 1024 2795 θεοῦ
1038 2757 1103 2814 μου.
1138 2732 1167 2772 23
1181 2726 1228 2794 ότι
1246 2727 1400 2794 πάντατὰ

162 2805 233 2891 σϊῆς
243 2836 311 2888 μου,
322 2811 373 2873 καὶ
384 2811 470 2891 κέρας
480 2811 765 2892 σωτηρίαςμονικαὶ
796 2819 926 2897 κρίματα
939 2811 1035 2878 αὑτοῦ
1052 2809 1180 2877 ἐνιύπιόν
1195 2838 1266 2893 μου,
1291 2816 1342 2874 καί
1359 2809 1400 2875 τά

162 2887 349 2975 ἀντιλήπτωρ
362 2916 426 2972 μου.
453 2890 469 2930 ⁴
483 2895 572 2955 αἰνῶν
590 2892 763 2956 ἐπικαλέσο-
796 2892 982 2978 δικαιώματα
992 2893 1088 2959 αῦτοῦ
1098 2894 1153 2958 οῦκ
1164 2895 1335 2975 ἀπέστησαν
1345 2890 1395 2956 ἀπ’

160 3000 214 3054 μαι
233 2968 346 3056 κύριον,
371 2973 423 3036 καί
440 2975 471 3035 ἐκ
490 2978 550 3036 τῶν
575 2977 692 3057 ἐχθρῶν
708 3000 764 3056 μου
796 2981 874 3061 ἐμοῦ.
901 2977 933 3019 ²⁴
946 2979 997 3040 καί
1009 2980 1112 3056 ε”σομαι
1125 2973 1246 3056 ἀμωμος
1264 2974 1324 3054 μετ’
1340 2972 1397 3036 αῦ-

163 3050 349 3137 σωθήσομαι.
364 3056 535 3139 6περιέσχον
547 3081 581 3138 με
593 3053 692 3132 ῶδῖνες
701 3068 763 3121 θα-
795 3064 868 3136 τοῦ,
891 3061 942 3122 καί
953 3052 1117 3138 φυλάξομαι
1129 3054 1192 3119 ἀπό
1206 3059 1259 3136 τῆς
1271 3053 1398 3159 ἀνομίας

161 3133 268 3210 ναύτου,
293 3141 344 3202 καὶ
361 3138 509 3220 χείμαρροι
527 3138 652 3220 ἀνομίας
665 3136 764 3215 ἐξετά-
793 3167 861 3224 μου.
891 3141 984 3205 21καί
1008 3136 1209 3202 ἀνταπσδῶσει
1225 3163 1276 3219 μοι
1295 3164 1399 3223 ιιυριος

161 3213 255 3300 ραξάν
267 3245 309 3301 με.
337 3221 353 3262 ⁶
367 3217 464 3293 ὠδῖνες
478 3217 552 3302 ᾅδου
570 3219 763 3306 περιεκύκλω
795 3222 872 3288 κατὰ
889 3221 943 3304 τήν
956 3216 1142 3304 δικαιοσύνην
1153 3246 1229 3303 μου,
1254 3221 1306 3284 καί
1320 3223 1400 3288 κατά

162 3297 219 3367 σάν
229 3326 278 3384 με,
303 3299 503 3387 προέφθασόιν
519 3329 553 3386 με
565 3305 685 3380 παγίδες
702 3308 764 3369 ’θα-
795 3304 848 3389 τήν
876 3301 1084 3388 καθαριότητα
1114 3309 1176 3368 τῶν
1206 3307 1309 3388 χειρῶν
1332 3332 1399 3386 μου,

162 3381 262 3449 νάτου.
290 3387 303 3428 ⁷
315 3387 366 3449 καί
383 3389 414 3450 ἐν
424 3389 468 3466 τῷ
480 3386 642 3472 θλίβεσθαί
652 3414 685 3469 με
698 3392 764 3453 ἐπε
796 3384 922 3454 ἐνώπιον
933 3391 993 3451 τῶν
1006 3385 1173 3468 ὀφθαλμῶν
1186 3386 1290 3451 αὐτοῦ.
1309 3389 1340 3430 ²⁶
1350 3414 1399 3469 με-

162 3464 329 3552 καλεσάμην
340 3464 393 3532 τὸν
409 3463 526 3552 κύριον,
550 3471 600 3533 καί
617 3469 693 3554 πρὸς
709 3467 764 3533 τόν
795 3469 835 3535 τό
848 3468 935 3536 ὁσίου
953 3466 1120 3564 όσιωθήση,
1145 3471 1197 3534 καί
1208 3470 1280 3551 μετὰ
1294 3468 1350 3535 ἀνδ
1372 3470 1399 3544 ’ς

161 3548 235 3616 θεόν
250 3577 309 3633 μου
322 3553 474 3635 ἐκέκραξα.
500 3549 625 3632 ἤκουσεν
644 3557 676 3616 ἐκ
689 3556 765 3616 ναοῦ
797 3549 905 3619 ἀθῶον
922 3551 1028 3627 ἀθῶος
1040 3554 1102 3634 έση.
1127 3554 1156 3595 27
1167 3555 1218 3617 καὶ
1232 3548 1304 3656 μετὰ
1321 3557 1352 3617 ἐκ

162 3631 248 3711 ἁγίου
263 3632 358 3697 αὑτοῦ
371 3638 471 3716 φωνής
481 3658 549 3715 μου,
559 3636 611 3698 καί
621 3631 640 3717 ἢ
649 3631 763 3736 κραυγή
797 3640 872 3701 κτοῦ
884 3636 1014 3710 ἐκλεκτός
1026 3624 1089 3717 ἐσή,
1111 3636 1163 3699 καὶ
1174 3659 1246 3717 μετα
1258 3633 1398 3717 στρεβλοῦ

160 3738 219 3796 μου
232 3711 358 3779 ἐντόπιον
370 3713 465 3779 αὑτοῦ
479 3711 661 3790 εἶςελεύσεται
673 3721 713 3790 εἰς
724 3740 764 3778 τα
797 3718 991 3804 διαστρέψεις.
1026 3707 1116 3781 28’ότι
1130 3717 1167 3782 σὺ
1181 3715 1253 3782 λαόν
1261 3712 1397 3778 ταπεινόν

163 3784 228 3858 ῶτα
240 3794 345 3860 αῦτοῦ.
371 3798 450 3861 8καί
467 3795 632 3883 ἐσαλεύθη,
655 3801 706 3862 καί
718 3800 765 3862 ἔν-
798 3795 912 3878 σῶσεις,
937 3803 989 3866 καί
1005 3798 1182 3880 ὀφθαλμούς
1202 3796 1292 3881 ὑπερη
1317 3790 1397 3860 ἀνων

161 3902 271 3960 τρομος
283 3874 407 3961 ἐγενήθη
420 3877 438 3981 ή
451 3883 504 3960 γῆ,
529 3882 580 3944 καὶ
592 3879 631 3944 τά
645 3880 765 3959 θεμελια
796 3879 990 3957 ταπεινῶσεις.
1012 3884 1043 3924 ²⁹
1057 3879 1103 3945 ότι
1118 3883 1155 3947 σὺ
1168 3892 1282 3963 φωτιεῖς
1293 3821 1399 3964 λύχνον

161 3962 222 4022 τῶν
235 3957 328 4043 ὀρέων
340 3963 563 4044 ἐταραχθησιιν,
582 3964 634 4026 καί
647 3955 765 4026 ἐσαλεῦ-
796 3988 853 4042 μου
866 3959 955 4048 κύριε,
968 3963 985 4027 ό
998 3962 1070 4038 θεός
1081 3990 1137 4046 μου
1151 3975 1266 4045 φωτιεῖς
1277 3959 1314 4025 τό
1327 3957 1399 4028 σκό-

161 4051 278 4142 θησαν,
304 4037 352 4105 ὅτι
376 4039 510 4126 ῶργίσθη
528 4043 630 4118 αὐτοῖς
649 4041 666 4107 ό
684 4039 762 4116 θεός.
797 4068 850 4116 τος
861 4070 926 4125 μου.
940 4043 1023 4110 2οότι
1036 4050 1125 4111 ἐνσοί
1137 4041 1398 4132 ῥυσθήσομαιάπὸ

161 4125 281 4209 12ανέβη
307 4122 419 4198 καπνός
437 4129 467 4189 ἐν
486 4125 562 4219 ὀργῇ
580 4123 688 4199 αὑτοῦ,
714 4126 765 4188 καί
796 4134 995 4209 πειρατηρίσυ,
1008 4130 1059 4191 καί-
1071 4133 1103 4193 ἐν
1114 4133 1301 4212 τῶθεῷμου
1311 4123 1400 4211 ὑπερ-

161 4209 222 4289 πῦρ
248 4203 310 4268 ἀπό
328 4202 489 4290 προςῶπου
507 4207 602 4272 αῦτσῦ
618 4203 763 4287 κατεφλό-
796 4204 923 4293 βήσομαι
934 4221 1034 4293 τεῖχος.
1060 4208 1117 4275 31ό
1134 4207 1205 4285 θεός
1215 4236 1291 4291 μου,
1317 4208 1401 4290 ἀμω-

159 4311 250 4363 γισεν,
276 4285 422 4371 ἀνθρακες
439 4285 618 4390 ἀνήφθησαν
637 4285 686 4351 ἀπ’
708 4288 765 4353 αῦ-
796 4316 850 4374 μος
874 4288 893 4372 ἢ
913 4289 982 4366 ὁδός
1000 4289 1110 4367 αὑτοῦ,
1135 4290 1175 4357 τά
1193 4290 1281 4369 λόγια
1297 4297 1400 4377 κυρίου

159 4373 223 4433 τοῦ.
248 4372 341 4434 1οκαί
357 4371 463 4435 ἔκλινεν
481 4369 610 4453 ουρανόν
627 4371 679 4433 καί
691 4396 764 4435 κατ·
796 4378 1002 4455 πεπυρωμένα,
1016 4371 1237 4459 ὑπερασπιστής
1250 4377 1312 4439 ἐστι
1324 4369 1401 4440 πόν-

160 4455 226 4536 έβη,
252 4454 303 4517 καί
321 4448 432 4534 γνόφος
445 4450 503 4516 ῦπό
518 4449 588 4525 τούς
598 4448 695 4526 πόδας
708 4452 761 4518 αῦ-
796 4478 856 4519 των
867 4459 928 4519 τῶν
941 4451 1119 4532 ἐλπιζόντων
1131 4455 1176 4521 ἐπ’
1193 4453 1296 4522 αῦτόν.
1317 4455 1401 4520 12ότι

1359 4563 1404 4610 sse
