2924 4972
169 215 235 282 608
562 218 813 280 ΨΑΛΜΟΙ
854 216 977 292 ow.

165 335 222 395 τοῦ
234 331 323 405 θεοῦ,
347 331 398 394 καὶ
409 327 509 403 είπαν,
530 325 570 411 μή
584 325 736 414 δυνήσεται
751 328 768 394 ὃ
800 327 858 413 χήν
870 326 978 393 αῦτοῦ.
1006 330 1037 371 ³⁹
1049 331 1101 393 καί
1118 324 1253 413 ἐμνήσθη
1272 324 1322 415 ὅτι
1336 324 1412 413 σάρξ

168 412 237 486 θεὸς
258 407 410 494 ἑτοιμάσαι
428 407 576 494 τράπεζαν
598 415 628 475 ἐν
651 409 750 513 ἐρήμῳ
756 439 769 491 ,·
800 417 866 486 είσι,
878 416 991 494 πνεῦμα
1002 407 1201 513 πορευεόμενον
1213 413 1266 476 καί
1278 413 1334 475 οῦκ
1347 414 1413 474 ἐπι-

168 499 198 540 ²⁰
210 496 274 559 ἐπεί
287 494 415 570 ἐπάταξε
427 496 549 579 πέτραν,
561 495 614 557 καί
624 496 771 579 ἐρῤυησαν
802 497 940 577 στρέφον.
979 493 1013 536 ⁴⁰
1034 519 1159 569 ποσακις
1183 500 1413 578 παρεπίκραναν

168 574 279 653 ῦδατα,
291 578 343 641 καὶ
353 579 504 662 χείμαρροι
516 570 769 661 κατεκλείσθησαν.
801 574 895 641 αὐτὸν
908 581 939 642 ἐν
958 580 997 666 τῇ
1010 572 1119 660 ἐρήμῳ,
1144 572 1341 661 παρώρνισαν
1355 574 1412 640 αὖ·

167 657 207 744 ιιή
220 662 271 725 καί
284 658 377 745 ἄρτον
393 659 547 743 δυνήσεται
561 659 662 723 δοῦναι
666 687 679 737 ,·
707 657 727 743 ἢ
740 660 769 722 έ-
801 658 855 725 τδν
866 664 898 724 ἐν
910 663 948 750 γῇ
960 654 1095 744 ἀνύδροις
1120 659 1151 701 ⁴¹
1163 662 1213 724 καὶ
1222 661 1414 743 ἐπέστρεψαν

167 768 213 808 τοι
235 736 307 808 όσαι
331 739 478 827 τράπεζαν
499 746 543 824 τῷ
569 741 636 826 λαοῦ
660 740 771 820 αῦτοῦς
801 743 852 806 καί
865 746 1025 828 ἐπείρασαν
1037 725 1091 805 τόν
1102 741 1185 817 θεὸν,
1196 738 1312 806 καὶτὸν
1324 737 1413 817 ἅγιον

168 829 193 868 ⁹¹
208 772 258 889 δλὰ
277 829 369 889 τοῦτο
387 823 496 908 ήκουοε
513 819 613 909 κύριος
636 826 688 889 καί
705 821 773 888 ἇνε-
803 828 859 889 τοῦ
867 823 991 910 Ἰσραήλ
1001 820 1189 909 παρώξυναν.
1214 823 1309 889 42οὐκ
1322 819 1412 905 ἐμνή-

168 908 287 995 βσίλετο,
313 908 365 971 καὶ
382 911 444 989 πῦρ
465 902 590 990 ἀνήφθη
607 910 638 970 ἐν
652 904 772 1008 Ἰακὼβ,
804 918 921 991 σθησαν
933 913 987 991 τῆς
998 904 1092 992 χειρός
1112 907 1209 972 αὐτοῦ
1222 902 1349 991 ἡμέρας,
1378 905 1414 993 ἧς

168 992 221 1057 καί
232 989 306 1074 ὀργή
320 987 411 1075 ἀνέβη
423 993 474 1055 ἐπὶ
483 986 534 1053 τὸν
543 985 675 1073 Ἰσραήλ.
687 988 773 1054 ”sm
804 986 994 1078 ἐλυτροίσατο
1010 988 1123 1065 αὐτοὺς
1136 994 1169 1055 ἐκ
1180 989 1275 1074 χειρὸς
1288 989 1412 1075 θλίβον-

170 1071 224 1139 οῦκ
240 1077 415 1137 ἐπίστευσαν
431 1075 462 1136 ἐν
478 1076 522 1155 τῷ
538 1077 613 1155 θεῷ,
638 1070 707 1137 οῦδὲ
719 1071 774 1156 ήλ-
805 1097 864 1147 τος.
890 1071 922 1114 ⁴³
935 1069 977 1147 ὡς
989 1075 1078 1137 έθετο
1097 1076 1128 1137 ἐν
1138 1067 1292 1155 Αίνόπτῳ
1305 1071 1345 1137 τὰ
1359 1097 1410 1154 ση-

170 1180 259 1221 πιοαν
271 1157 321 1219 ἐπί
332 1151 367 1219 τό
381 1149 530 1239 σωτήριον
541 1152 647 1219 αὐτοῦ.
684 1157 774 1219 23καί
805 1166 871 1237 μεῖα
884 1152 999 1231 αὐτοῦ,
1024 1153 1127 1219 καὶτὰ
1145 1159 1258 1240 τέρατα
1270 1153 1369 1220 αὐτοῦ
1382 1159 1412 1218 ἐν

172 1237 330 1303 ἐνετείλατο
344 1238 474 1319 νεφελαις
494 1235 698 1324 ῦπερόνῳθεν,
723 1238 775 1301 καὶ
803 1238 895 1320 πεδίῳ
911 1232 1036 1312 Τόνεως.
1061 1236 1412 1323 44καίμετέστρεψενείς

79 1347 81 1351 ’
170 1317 267 1407 θήρας
286 1320 417 1405 οὐρανοῦ
434 1318 550 1403 ἀνέῳξε.
583 1319 615 1363 ²⁴
629 1322 680 1384 καὶ
696 1322 774 1405 ἐβρε·
805 1320 878 1403 αἷμα
903 1317 976 1396 τοὺς
997 1319 1152 1395 ποταμοὺς
1176 1320 1285 1396 αὐτῶν,
1298 1322 1351 1384 καί
1373 1317 1413 1383 τό

171 1407 216 1479 ξεν
236 1401 337 1477 αὐτοῖς
353 1401 448 1485 μάννα
469 1412 587 1483 φαγεῖν,
613 1405 664 1467 καὶ
681 1401 774 1488 δι’ρτσν
805 1397 983 1489 ὀμβρήματα
1002 1402 1104 1468 αὐτῶν
1129 1401 1213 1478 ὅπως
1234 1399 1275 1485 μή
1293 1408 1410 1467 πίωσιν.

172 1485 303 1570 οὐρανοῦ
316 1486 423 1549 έδωκεν
437 1482 549 1558 αὐτοῖς.
574 1484 706 1568 26σίρτον
720 1483 776 1562 ἂν·
804 1486 836 1529 ⁴⁵
850 1485 1049 1561 ἐξαπέστειλεν
1060 1489 1099 1560 είς
1117 1483 1230 1560 αὐτοῦς
1243 1480 1410 1567 κυνόμυιαν,

171 1568 266 1645 γέλων
278 1569 383 1645 έφαγεν
395 1564 570 1650 ἅνθρωπος,
592 1568 776 1649 ἐπισιτισμὸν
806 1572 857 1634 καί
868 1570 1032 1647 κατέφαγεν
1045 1566 1165 1644 αὐτοῦς,
1184 1571 1234 1633 καί
1246 1563 1410 1653 βάτραχον,

172 1647 339 1714 ἀπέστειλεν
375 1647 478 1724 αὐτοῖς
519 1653 558 1722 εἰς
595 1645 775 1733 πλησμονήν.
806 1653 856 1715 καί
877 1652 1038 1734 διέφθειρεν
1054 1647 1174 1726 αὐτοῦς.
1204 1651 1238 1693 ⁴⁶
1251 1653 1302 1714 καί
1320 1654 1411 1716 ἔδακε

172 1733 202 1774 ²⁶
215 1730 330 1823 ἇπήρεν
354 1726 462 1795 Νότον
487 1731 519 1806 ἐξ
544 1729 695 1816 οῦρανοῦ,
725 1738 776 1798 καὶ
806 1740 843 1818 τῆ
868 1737 988 1820 ἐρυσίβη
1011 1733 1067 1798 τόν
1090 1733 1206 1818 καρπὸν
1231 1733 1342 1808 αὐτῶν,
1360 1737 1411 1798 καί

172 1813 316 1899 ἐπήγαγεν
333 1816 365 1879 ἐν
377 1818 415 1878 τ’
432 1813 589 1897 δυναστείᾳ
607 1814 703 1879 αὐτοῦ
715 1822 776 1880 Λί-
806 1805 877 1891 τὀῦς
888 1808 999 1892 πόνοῦς
1011 1816 1112 1882 αὐτῶν
1125 1821 1163 1897 τῆ
1178 1815 1283 1901 ἆκρίδι.
1301 1815 1411 1881 47οἰπέ·

171 1901 219 1984 βα.
250 1899 280 1939 ²⁷
293 1898 344 1961 καὶ
366 1839 475 1982 ἐβήνεξεν
499 1893 544 1960 ἐπ’
574 1895 684 1972 αὐτοὺς
710 1894 775 1974 ὦςεί
805 1888 1410 1988 κτεινενένχαλόζητήνδ’μπελοναὐτῶν,

172 1984 243 2064 χοῦν
256 1979 383 2065 σόρκας,
401 1980 453 2044 καί
466 1975 531 2053 ὦςεί
544 1977 643 2062 όμμον
654 1981 776 2046 θαλασ-
805 1982 924 2056 καὶτὰς
937 1988 1110 2064 συκαμίνους
1124 1980 1224 2046 αὐτῶν
1237 1987 1267 2047 ἐν
1280 1987 1319 2073 τῇ
1329 1979 1410 2068 πάχ-

172 2067 232 2127 σῶν
241 2059 357 2126 πετεινὰ
373 2056 519 2148 πτερωτά.
558 2062 589 2103 ²⁸
602 2065 654 2126 καί
669 2067 775 2128 ἓπέπε-
805 2088 848 2160 νη.
874 2064 908 2108 ⁴⁸
921 2068 972 2129 καὶ
995 2066 1167 2150 παρέδωκεν
1184 2069 1215 2130 ἐν
1237 2062 1351 2150 χαλόζη
1370 2065 1410 2131 τὰ

172 2149 277 2220 συνείς
289 2147 379 2227 μέσον
393 2150 445 2228 τής
457 2144 647 2229 παρεμβολῆς
661 2145 775 2222 αῦταῖν,
804 2142 893 2231 κτήνη
907 2145 1019 2222 αὐτῶν,
1033 2150 1084 2212 καί
1103 2145 1156 2231 τήν
1167 2145 1295 2233 ῦπαρξιν
1307 2139 1409 2215 αδτεῦν

171 2223 270 2312 κύκλῳ
283 2232 344 2293 ταῖν
357 2225 556 2310 σκηνωμάτων
566 2225 675 2292 αὐτῶν.
688 2230 775 2295 29καὶ
804 2235 849 2315 τῷ
869 2236 950 2315 πυρί.
975 2230 1218 2307 4’δέξαπέστειλεν
1236 2236 1275 2307 εἰς
1297 2230 1409 2308 αὐτοὺς

171 2307 324 2390 ἐφόνοσαν
340 2312 392 2376 καὶ
407 2308 632 2414 ἐνεπλήσθησαν
649 2306 774 2400 σφόδρα,
804 2309 896 2400 ὀργήν
907 2317 1007 2398 θυμοῦ
1019 2313 1124 2392 αὐτοῦ,
1142 2312 1240 2397 θυμὸν
1251 2316 1303 2380 καί
1315 2313 1411 2399 ὀργήν

170 2396 221 2458 καὶ
233 2392 287 2478 τήν
301 2398 461 2476 ἐπιθυμίαν
479 2398 579 2458 αυτῶν
592 2393 705 2478 ήνεχκεν
718 2392 776 2461 αῦ-
804 2397 856 2462 καί
878 2395 989 2482 θλίψιν
1013 2395 1188 2477 ἀποστολήν
1213 2398 1246 2462 δι’
1276 2397 1410 2474 ἄγγελον

170 2487 239 2552 τοῖς.
279 2478 309 2521 ³⁰
322 2475 378 2543 οῦκ
402 2472 608 2562 ἐστερήθησαν
633 2475 696 2543 αἰπό
722 2483 774 2562 τής
802 2483 950 2567 πονηρῶν.
990 2480 1022 2524 ⁶⁰
1047 2476 1217 2565 ὡδοποίησε
1242 2486 1344 2568 τρίβον
1369 2486 1410 2573 τή·

169 2565 328 2642 ἐπιθυμίας
353 2557 462 2624 αὐτῶν.
493 2563 536 2623 έτι
562 2564 613 2641 τής
638 2556 773 2648 βρώσεως
803 2560 880 2655 ὀργῇ
892 2561 1064 2639 αδτοῦ,οὐκ
1081 2560 1408 2643 ἐφ-είσατοᾶπόθανό-

170 2642 272 2708 αὐτῶν
292 2641 381 2725 οῦσης
403 2647 435 2708 ἐν
456 2647 499 2725 τῷ
514 2636 641 2723 στόματι
661 2643 772 2719 αὐτῶν,
802 2670 857 2710 του
868 2648 928 2710 τῶν
940 2650 1046 2732 ψυχῶν
1058 2644 1176 2722 αὐτῶν,
1201 2646 1303 2712 καὶτὰ
1316 2646 1409 2730 κτήνη

169 2727 195 2768 ³¹
209 2728 260 2788 καί
279 2721 353 2808 ὀργή
370 2729 426 2788 τοῦ
449 2730 525 2789 θεοῦ
543 2724 633 2812 ἀνέβη
650 2724 695 2792 ἐπ’
715 2724 773 2791 αῦ-
803 2727 904 2794 αὐτῶν
917 2733 957 2804 εἰς
967 2724 1104 2794 θοίνατον
1117 2730 1283 2795 συνέκλεισε.
1322 2731 1348 2773 ⁵¹
1355 2733 1408 2793 καί

167 2807 249 2881 τοὺς,
274 2812 325 2872 καί
350 2805 513 2872 ἀπέκτεινεν
535 2812 567 2873 ἐν
586 2820 649 2885 τοῖς
673 2815 773 2875 πίοσιν
802 2805 931 2886 ἐπέταξε
948 2817 1012 2877 πᾶν
1028 2809 1224 2914 πρωτότοκον
1242 2817 1273 2876 ἐν
1291 2815 1407 2954 ηήΑίΗ

168 2887 279 2963 αῦτιῦν,
292 2891 343 2953 καί
354 2887 426 2964 τοῦς
442 2888 593 2962 έκλεκτοῦς
606 2895 664 2956 τοῦ
672 2890 772 2977 Ἰσρα-
800 2887 1064 2979 γε’σττω,ἆπαρχην
1076 2891 1177 2959 πόνων
1185 2894 1285 2958 αὐτῶν
1311 2918 1328 2956 ν
1340 2904 1406 2967 τοῖς

166 2969 206 3077 ήλ
232 2968 422 3036 συνεπόδισεν.
452 2973 482 3014 ³²
494 2978 526 3038 ἐν
551 2978 627 3039 πᾶσι
651 2974 771 3050 τούτοις
802 2960 971 3059 σκηνόμασι
995 2972 1078 3056 Χόμ.
1113 2977 1205 3039 62καί
1226 2975 1340 3067 ἆπῇρεν
1363 2972 1408 3052 ὡς

166 3052 299 3139 η’μαρτον
311 3057 369 3130 ἔτι,
391 3059 441 3120 καί
454 3053 508 3120 οὐκ
521 3060 696 3122 ἐπίστευσαν
706 3070 772 3133 τοῖς
801 3055 942 3146 πρόβατα
954 3059 1008 3125 τὸν
1020 3055 1093 3122 λαόν
1104 3056 1207 3132 αὐτοῦ,
1225 3056 1333 3140 ἤγαγεν
1346 3058 1405 3124 αὐ-

165 3143 347 3218 θαυμασίοις
360 3134 464 3203 αῦτοῦ.
492 3140 521 3181 ³³
534 3140 771 3217 καὶέξελιπονέν
802 3141 873 3217 τοῦς
887 3137 952 3217 οῦςεί
967 3147 1104 3223 ποίμνιον
1119 3143 1151 3203 ἐν
1162 3135 1269 3224 ἐρήμῳ.
1309 3142 1339 3183 ⁶³
1353 3144 1407 3207 καὶ

165 3214 343 3304 ματαιότητι
356 3224 390 3284 αλ
402 3221 508 3306 ήμέραι
525 3221 642 3298 αὐτῶν,
667 3222 769 3290 καὶτὰ
802 3221 949 3309 ὡδήγησεν
964 3220 1073 3297 αὐτοὺς
1090 3226 1122 3287 ἐν
1139 3223 1252 3297 ἐλπίδι,
1278 3225 1331 3288 καὶ
1349 3225 1406 3291 οὐκ

166 3307 218 3388 έτη
244 3302 344 3370 αῦτιῦν
367 3305 440 3407 μετὰ
467 3306 607 3389 σπουδής.
646 3305 678 3350 ³⁴
696 3303 770 3373 ὅταν
803 3307 974 3383 ἐδειλίσσαν,
999 3306 1051 3368 καὶ
1068 3302 1141 3380 τοὺς
1160 3305 1289 3390 ἐχθροὺς
1302 3305 1405 3372 αὐτῶν

165 3385 329 3454 ἀπέκτεινεν
342 3386 461 3464 αυτσῦς,
474 3383 593 3474 ἐζήτουν
605 3388 709 3467 αὐτὸν,
719 3393 770 3455 καί
802 3387 931 3475 ἐκάλυψε
949 3382 1107 3454 θόλαοσα.
1141 3388 1172 3432 ⁸⁴
1185 3391 1236 3453 καί
1258 3386 1405 3472 εἰςήνανεν

165 3474 344 3558 ἐπέστρεφον
368 3473 420 3537 καί
443 3472 591 3558 α’ίρθριζον
612 3472 690 3560 πρὸς
715 3471 769 3538 τόν
802 3471 915 3549 αὐτοὺς
935 3476 974 3548 είς
995 3469 1066 3555 ὅρος
1092 3467 1276 3575 ἆγιόσματος
1296 3470 1402 3548 αὐτοῦ,

163 3551 246 3620 θεόν.
273 3557 302 3599 ³⁶
315 3556 367 3620 καί
379 3551 581 3638 ἐμνήσθησαν,
606 3551 653 3619 ότι
666 3552 683 3619 ὁ
697 3554 769 3631 θεὸς
801 3553 873 3640 όρος
881 3560 972 3622 τοῦτο
984 3550 1004 3620 ὃ
1015 3550 1163 3639 ἐκτήσατο
1176 3582 1195 3638 η
1208 3552 1286 3631 δεξιὰ
1298 3553 1400 3620 αὐτοῦ.

162 3635 279 3722 βοηθός
291 3635 391 3701 αὐτῶν
403 3642 476 3713 ἐστι,
488 3638 538 3701 καί
552 3633 569 3702 ὁ
581 3634 681 3713 θεόςδ
697 3633 768 3721 ῦψι-
801 3641 830 3681 ⁵⁵
843 3641 895 3704 καί
908 3642 955 3715 ἐξ’
972 3637 1041 3703 αλεν
1053 3635 1115 3703 ἀπὸ
1128 3635 1289 3722 προςοόπον
1300 3635 1401 3702 αὐτῶν

164 3716 593 3805 στοςλυτρωτήςαῦτῶνέστι
624 3721 719 3786 86καί
733 3720 768 3804 ή-
800 3724 884 3805 έθνη,
910 3749 962 3786 και
987 3716 1215 3804 ἐκληροδότηοεν
1239 3714 1346 3793 αῦτοῦς
1371 3723 1403 3783 ἐν

162 3797 304 3884 νόπησαν
316 3799 408 3867 αὐτὸν
420 3804 452 3867 ἐν
460 3807 505 3885 τῷ
514 3798 642 3884 στόματι
654 3802 767 3882 αὐτῶν,
800 3809 920 3888 σχοινίῳ
931 3805 1135 3890 κληροδοσίας,
1155 3808 1207 3869 καί
1219 3796 1402 3886 κατεσκήνω·

163 3884 215 3948 καί
227 3887 266 4007 ιη’
278 3879 397 3973 γλώσσῃ
415 3882 516 3949 αῦτῶν
529 3881 696 3966 ἐψεῦσαντο
709 3883 767 3949 αῦ-
799 3911 849 3952 σεν
874 3892 905 3952 ἐν
930 3899 994 3962 τοῖς
1014 3883 1200 3968 σκηνώμασιν
1224 3883 1325 3951 αῦτῶν
1348 3884 1405 3963 τὰς

162 3969 214 4046 τῷ.
256 3962 348 4048 7ήδέ
360 3967 469 4049 καρδία
481 3965 582 4031 αὐτῶν
594 3967 650 4032 οῦκ
664 3965 766 4031 εῦθεία
798 3966 893 4048 φυλὰς
904 3974 963 4033 τοῦ
972 3966 1101 4053 Ἰσραήλ.
1137 3969 1167 4012 ⁶⁶
1180 3970 1233 4033 καί
1244 3972 1404 4054 ἐπείρασαν

160 4044 218 4124 μετ’
235 4045 348 4123 αὐτοῦ,
376 4049 447 4114 οὐδὲ
461 4046 673 4131 ἐπιστώθησαν
685 4053 716 4114 ἐν
729 4056 765 4134 τῆ
798 4054 849 4116 καί
866 4058 1090 4137 παρεπίκραναν
1107 4049 1161 4115 τὸν
1175 4048 1249 4116 θεόν
1258 4050 1314 4115 τόν
1327 4046 1406 4135 ῦψι·

160 4125 291 4224 διαθήκη
304 4130 410 4195 αὐτοῦ.
435 4129 565 4205 38αίντδς
578 4132 612 4196 δέ
625 4135 705 4196 ἐστιν
718 4122 764 4198 οἱ·
798 4159 876 4210 οτον,
912 4137 964 4200 καί
985 4132 1026 4199 τὰ
1049 4129 1200 4218 μαρτύρια
1224 4129 1322 4199 αὐτοῦ
1347 4133 1405 4199 οὐκ

158 4218 288 4298 κτίρμων
308 4214 361 4277 καί
378 4208 508 4278 ἱλόσεται
522 4223 588 4288 ταῖς
606 4210 764 4300 ἁμαρτίαις
796 4214 990 4300 ἐφυλάξαντο.
1017 4218 1047 4260 ⁶⁷
1059 4219 1111 4282 καί
1122 4215 1327 4302 ἀπέστρεψαν,
1352 4219 1403 4281 καί

158 4293 274 4372 αῦτεῦν,
300 4296 352 4361 καί
371 4294 408 4361 οῦ
427 4296 592 4382 διαφθερεῖ.
617 4299 667 4362 καί
684 4299 761 4405 πλη-
795 4298 1004 4383 ήσυνθέτησαν
1025 4297 1130 4375 καθιδς
1151 4302 1203 4364 καί
1224 4304 1256 4365 οἶ
1276 4301 1403 4384 πατέρες

157 4389 244 4445 θυνεί
253 4383 311 4445 τοῦ
322 4376 515 4466 ἀποστρέψαι
527 4380 581 4446 τὸν
593 4379 691 4463 θυμὸν
704 4410 761 4449 αυ-
795 4382 905 4459 αῦτῶν,
917 4379 1159 4468 μετεστράφησαν
1167 4387 1207 4457 εἰς
1216 4378 1307 4459 τόξον
1319 4408 1357 4449 στ

156 4467 221 4542 τοῦ,
233 4465 285 4531 καὶ
296 4462 364 4550 οῦχί
376 4459 510 4532 ἐκναῦσει
523 4468 627 4533 πᾶσαν
638 4462 693 4550 τήν
705 4464 759 4554 ὀρ·
792 4462 874 4553 βλόν.
897 4465 929 4508 ⁶⁸
942 4466 994 4529 καί
1016 4462 1214 4554 παρόρχισαν
1237 4462 1333 4532 αὐτόν
1391 4466 1402 4530 ί

1339 4561 1405 4627 τοῖς
