2924 4972
274 223 716 287 ΔΕΥΤΕΡΟΝΟΜΙΟΝ
752 226 832 297 Kar.
846 218 905 283 κθ’.
920 217 955 281 λ’.
970 219 1022 285 29.
1034 220 1086 287 30.
1237 224 1304 289 209

59 376 120 420 σοι,
145 349 195 412 καί
218 343 253 409 ὃν
269 343 383 430 τρόπον
401 344 501 448 ὤμοσε
520 353 584 417 τοῖς
603 371 665 408 πα-
698 344 781 410 ούτον
799 350 839 435 τῇ
854 371 893 449 γη
910 342 1022 438 ταύτη,Ι
1047 352 1091 420 τίς
1109 345 1239 433 ὁθυμός
1252 356 1305 436 τής

58 427 145 514 τρόσι
158 455 212 515 σου
219 425 354 515 Ἀβραὰμ
367 429 418 490 καί
435 423 533 490 Ισαίικ
542 427 593 489 καί
603 424 666 490 Ἰα-
697 426 788 513 ὀργής
804 426 822 492 ό
835 453 926 511 μεγας
939 420 1046 505 ούτοςς
1071 431 1101 472 ²⁸
1114 433 1166 496 καί
1177 436 1303 519 ἐροῦσιν.

57 509 127 598 καίβ.
154 512 183 553 ¹⁴
195 514 246 576 καί
263 509 317 595 οὐχ
332 508 399 611 ὑμῖν
410 505 515 593 μόνοις
527 506 587 585 ἐγώ
600 509 667 573 δια·
697 507 746 574 δτι
771 511 929 576 κατελιπον
954 510 1010 594 τήν
1034 509 1183 596 διαθήκην
1200 523 1304 599 κυρίου

58 605 177 678 τίθεμαι
194 592 248 678 τήν
264 596 411 676 διαθηκην
425 588 535 676 ταύτην
551 592 602 655 καί
612 589 666 674 τήν
697 598 752 658 τοῦ
764 599 838 658 θεοῦ
851 599 911 658 τῶν
921 599 1062 680 πατέρων
1074 594 1185 668 αὐτῶν,
1211 595 1305 663 όίδιί-

58 678 133 761 ἇρδν
159 672 286 761 ταύτην,
323 674 443 739 11ιίλλὰ
460 677 590 749 καὶτοῖς
609 666 666 737 ῶδε
697 686 847 752 θετοτοίς
859 674 1306 764 πατρόσιναύτῶν,δτεέξήγα-

59 764 124 826 οδσι
141 758 205 845 μεθ’
227 758 308 842 ὑμῶν
325 755 447 844 σήμερον
466 761 598 824 ἐναντίον
611 784 664 820 κυ-·
696 783 745 835 γεν
758 757 869 834 αὐτούς
885 763 917 824 ἐκ
933 765 987 843 γῆς
998 758 1170 839 Αἰγύπτου.
1211 766 1243 806 ²⁰
1253 766 1307 830 καί

58 852 124 930 ρίου
136 848 192 908 τοῦ
203 848 279 909 θεοῦ
294 839 390 927 ὑμῶν,
405 844 458 907 καί
468 853 530 916 τοῖς
538 837 583 943 μή
596 830 665 905 οδσι
696 845 890 926 πορευθέντες
908 839 1086 928 ἐλάτρευσαν
1097 856 1179 922 θεοῖς
1192 848 1306 928 ἕτίροις

55 927 121 1008 μεθ’
140 924 221 1010 ὑμῶν
240 919 296 991 ῶδε
309 921 443 1011 σήμερον.
482 923 570 987 11ὁτι
585 920 664 1005 ὑμεῖς
697 920 750 998 οὓς
762 921 817 988 ούκ
832 922 1010 1007 ἠπίσταντο,
1021 925 1090 991 ούδί
1102 929 1235 1012 διίνειμεν
1247 929 1305 996 αύ-

57 1012 160 1077 οίδατε
171 1013 236 1084 πῶς
248 1005 462 1092 κατωκήσαμεν
473 1011 505 1071 ίν
515 1001 665 1112 γήΑίγύ-
696 1018 768 1082 τοῖς.
787 1008 880 1071 21καί
893 1005 1029 1092 ὠργίσθη
1039 1016 1130 1093 θυμῷ
1141 1008 1243 1116 κύριος
1255 1015 1304 1078 ἐπί

55 1118 140 1176 πτῳ,
166 1088 209 1168 ῶς
227 1076 423 1178 παρήλθομεν
448 1096 479 1156 ίν
502 1116 583 1172 μεσῳ
602 1093 664 1153 τῶν
697 1087 753 1173 τήν
771 1093 828 1174 γῆν
847 1091 955 1192 ἐκείνην
972 1093 1129 1168 ἐπαγαγεῖν
1145 1095 1184 1158 ἐπ
1209 1094 1305 1179 αι’ντήν

57 1180 155 1241 ἐθνῶν
167 1177 218 1251 οὓς
230 1175 409 1259 παοήλθετε.
436 1176 463 1216 ¹⁷
476 1175 528 1236 καί
541 1174 613 1236 ἴδετε
626 1169 665 1235 τίε
697 1166 888 1247 καταπάσας
901 1196 956 1247 τας
968 1168 1100 1256 κατάρας
1112 1172 1165 1249 τός
1175 1202 1305 1279 γεγραμ-

56 1254 243 1349 βδελύγματα
257 1236 369 1333 αέιτῶν,
379 1257 431 1320 καί
440 1254 479 1319 τὰ
489 1254 598 1319 εἴδωλα
609 1251 666 1317 αύ-
697 1257 787 1338 μίνας
800 1259 832 1319 ἐν
845 1260 888 1338 τῷ
901 1254 1008 1341 βιβλίῳ
1017 1258 1074 1319 τοῦ
1084 1250 1175 1336 νόμου
1185 1281 1304 1324 τουτου.

55 1348 133 1416 τῶν,
157 1336 244 1415 ξύλον
262 1342 313 1403 καί
333 1339 438 1410 λίθον,
464 1333 605 1460 ἀργύριον
616 1335 668 1399 καί
698 1338 730 1380 ²⁸
741 1338 793 1401 καί
813 1339 916 1428 ίξῇρεν
933 1332 1044 1411 αύτούς
1061 1332 1160 1423 κύριος
1180 1336 1244 1405 δπὸ
1255 1346 1307 1420 τῆς

56 1428 190 1509 χρυσίον,
204 1417 224 1483 όί
239 1423 301 1485 ἐστι
312 1418 382 1525 παρ’
400 1417 544 1493 αύτοῖς.1
572 1414 667 1502 μήτις
697 1424 751 1503 γῆς
761 1418 862 1484 αὐτῶν
874 1423 905 1484 ίν
915 1424 1007 1503 θυμῷ
1019 1418 1155 1512 καίόργῇ
1163 1424 1216 1487 καί
1227 1448 1308 1509 πορ-

59 1507 141 1569 ἐστίν
155 1507 184 1566 ἐν
198 1499 262 1584 ὑμῖν
275 1499 349 1585 ἆνήρ
364 1499 498 1586 ηγυνήή
514 1499 627 1585 πατριὰ
646 1498 665 1604 ἢ
698 1507 816 1587 οξυσμῶ
826 1501 945 1586 μεγάλῳ
957 1499 1087 1589 σφόδρα,
1110 1507 1161 1568 καί
1173 1506 1308 1594 ἐξεβαλεν

59 1584 157 1669 φυλή,
183 1584 261 1660 τινός
278 1581 296 1669 ή
314 1582 429 1650 διάνοια
447 1585 585 1661 ἐξέκλινεν
602 1582 664 1648 ἀπο
696 1585 804 1661 αύτούς
816 1591 856 1660 είς
864 1591 921 1670 γήν
932 1588 1037 1671 ἑτέραν
1049 1583 1116 1661 ῶςεί
1128 1592 1185 1653 νῦν.
1221 1587 1307 1654 ²⁹1&

58 1675 162 1754 κυρίου
179 1672 235 1733 τού
249 1673 325 1733 θεοῦ
351 1665 446 1750 ὑμῶν,
472 1670 665 1753 πορευθεντες
696 1666 813 1755 κρυπτόι
836 1675 929 1753 κυρίῳ
945 1674 991 1752 τῷ
1005 1673 1071 1753 θεῷ
1088 1666 1189 1753 ήμῶν,
1214 1669 1254 1736 τό
1272 1671 1306 1737 δέ

57 1747 208 1836 λατρεύειν
223 1762 285 1826 τοῖς
300 1762 383 1826 θεοῖς
399 1754 461 1816 τῶν
478 1755 575 1816 ἐθνῶν
591 1753 665 1813 ἐκεί·
695 1749 808 1838 φανερὰ
824 1748 893 1835 ἡμῖν
908 1754 961 1816 καί
972 1763 1037 1826 τοῖς
1049 1755 1161 1826 τέκνοις
1172 1749 1255 1838 ήμῶν
1266 1760 1307 1831 είς

56 1858 124 1899 νιον.
149 1830 190 1918 μή
214 1858 258 1909 τις
284 1836 363 1899 ἐστίν
380 1838 411 1898 ἐν
430 1828 497 1916 ύμῖν
515 1836 583 1918 ῥίζα
599 1830 663 1898 οίνοο
695 1834 750 1899 τὸν
763 1838 873 1911 αἰῶνα,
896 1845 995 1899 ποιεῖν
1012 1830 1117 1900 πάντα
1132 1833 1171 1900 τὰ
1183 1832 1305 1923 ῥήματα

58 1912 176 1996 φύουσα
201 1921 232 1981 ἐν
254 1917 329 2008 χολῇ
351 1918 403 1981 καί
418 1922 531 2002 πικρίρ.
570 1916 664 1979 11καί
694 1922 750 1982 τοῦ
762 1913 988 2002 νόμουτούτουι-

58 2003 142 2064 ε’·’σται
155 1998 206 2066 ἐὰν
218 1995 332 2082 ἆκούοη
345 1997 385 2064 τό
397 1995 517 2085 ῥήματα
525 2003 578 2082 τῆς
586 1996 665 2084 ιἰρᾶς
884 2007 959 2064 ΚΒ
972 2006 1012 2065 Φε
1052 1996 1107 2066 Λ’.

57 2079 177 2167 ταύτης,
202 2084 253 2148 καί
270 2075 482 2166 ε’πίφημίσηται
496 2087 528 2147 ἐν
540 2086 578 2175 τῇ
591 2107 666 2166 καρ-
693 2048 780 2148 Καί
788 2087 874 2150 ἔσται
883 2081 925 2159 ὥς
935 2082 973 2149 ἂν
983 2084 1114 2150 ίλθιοσιν
1123 2088 1174 2151 ἐπί
1181 2086 1213 2152 σὲ
1223 2083 1304 2152 ποίνι

58 2166 108 2247 δίᾳ
121 2165 231 2242 αύτού,
256 2165 359 2243 λε’γονν.
397 2160 467 2231 δοιοί
478 2191 530 2247 μοι
540 2168 664 2242 γίνοιτο,
695 2165 786 2231 τατόι
803 2163 924 2267 ῥήματα
942 2172 1056 2242 ταῦτα,
1079 2163 1239 2251 ήείιλογία
1252 2171 1303 2234 καί

59 2245 106 2313 ὅτι
131 2253 163 2314 ἐν
186 2254 225 2349 τῇ
248 2242 455 2331 ἆποπλανήοει
473 2252 525 2329 τῆς
542 2247 667 2331 καρδίας
695 2246 716 2332 ἧ
735 2272 869 2332 καταρα,
894 2245 1046 2331 ἣνέδιοκα
1063 2247 1124 2335 πρό
1139 2247 1305 2336 προςιύποο

57 2356 116 2414 μου
129 2356 328 2416 πορεύσομαι,
352 2335 404 2394 ’ίνα
421 2329 462 2412 μή
477 2329 665 2433 συναπολίση
697 2353 769 2405 σου,
794 2332 845 2394 καί
860 2331 929 2422 δέξη
945 2335 984 2405 είς
1000 2327 1054 2395 τίν
1066 2334 1190 2417 καρδίαν
1203 2358 1258 2399 σου
1271 2338 1303 2400 ἐν

58 2410 80 2477 ὁ
92 2412 270 2496 ἁμαρτωλὸς
283 2412 337 2477 τὸν
349 2407 569 2495 ἀναμάρτητον,
589 2413 621 2453 ²⁰
630 2432 666 2473 ov
696 2416 771 2477 πᾶσι
783 2424 846 2486 τοῖς
856 2415 980 2486 ἔθνεσιν,
991 2378 1302 2507 οίέίινδιασκορπίση

58 2496 102 2577 μή
118 2492 236 2577 θελήσει
253 2491 354 2567 ὁθεός
373 2491 558 2556 εύίλατεῡσαι
571 2489 666 2572 αὐτῷ’,
698 2517 727 2556 σε
740 2489 839 2576 κύριος
852 2495 919 2565 ἐκεί,
939 2495 1016 2556 2καί
1029 2493 1234 2578 ἐπιοτραφήση
1252 2501 1303 2560 ἐπί

58 2575 125 2642 ἀλλ’
140 2576 157 2680 ή
171 2572 240 2640 τότε
252 2570 469 2656 ἐκκαυθήσεται
483 2572 559 2657 ὀργή
567 2579 667 2674 κυρίου
698 2570 801 2658 κύριον
826 2567 969 2656 τὸνθεόν
987 2597 1057 2648 σου,
1081 2577 1133 2639 καί
1152 2570 1304 2681 είςαίιούοη

58 2663 111 2725 καί
136 2688 156 2726 ο
180 2658 266 2741 ζήλος
291 2655 390 2722 αύτού
404 2657 434 2718 ἓν
450 2660 495 2738 τῷ
512 2653 667 2741 ἇνθριοπῳ
697 2662 749 2739 τῆς
760 2659 858 2738 φωνής
869 2651 1052 2720 αύτοῦκατόι
1061 2652 1162 2722 πόντα
1174 2655 1234 2724 ὅσα
1245 2663 1304 2737 ίγιο

57 2747 170 2829 ἐκείνῳ.Ι
206 2742 257 2806 καί
279 2733 517 2822 κολληθήοονται
534 2743 565 2804 ἐν
583 2737 666 2821 αύτῷ
697 2739 869 2820 ἕντθλομαί
885 2764 932 2804 σοι
950 2734 1088 2847 σήμερον,
1114 2743 1145 2817 ἐξ
1169 2737 1239 2826 δ’λης
1252 2748 1305 2826 τῆς

56 2831 154 2891 πᾶσαι
172 2831 205 2889 αί
221 2823 293 2910 ἆραί
312 2829 365 2907 τῆς
382 2817 526 2907 διαθήκης
543 2819 664 2907 ταύτης,
695 2824 818 2908 καρδίας
837 2849 905 2899 σου,
930 2850 983 2889 και
1001 2825 1032 2899 ἐξ
1048 2820 1118 2908 ὅλης
1135 2829 1188 2927 της
1206 2831 1303 2931 Ψυχῆς

56 2913 92 2975 αἱ
116 2913 312 2994 γεγραμμέναι
328 2911 358 2970 ἐν
370 2911 415 2989 τῷ
429 2907 534 3009 ρίιβλίῳ
553 2901 664 2989 τούτῳ.4
695 2932 765 2982 σου,
791 2907 869 2972 3καί
889 2903 1001 2973 ίόοεται
1018 2904 1120 2991 κύριος
1137 2934 1192 2983 τας
1204 2922 1301 2996 αμαρὲ

55 2994 108 3056 καί
127 2994 272 3073 ἐξαλείψει
291 2986 391 3076 κύριος
408 3014 444 3052 το
457 2989 554 3072 ὄνομα
568 2989 664 3054 αὐτοῦ
693 2995 758 3065 τίας
783 3015 853 3065 σου,
878 2994 928 3055 καί
948 2984 1054 3073 ἐλεήσει
1072 3016 1116 3065 οε,
1142 2993 1194 3055 καί
1211 2988 1302 3056 πόλιν

56 3082 90 3141 ἐκ
106 3081 158 3158 153,-
176 3072 234 3139 ἶνπό
252 3075 306 3139 τὸν
319 3071 454 3159 οὐρανόν.
493 3075 520 3114 ²¹
532 3074 584 3138 καί
596 3073 662 3137 δια·
694 3068 807 3149 συνάξει
821 3099 852 3138 σε
871 3077 904 3138 ἐκ
917 3069 1039 3139 πόντων
1050 3079 1112 3138 τῶν
1124 3078 1236 3149 ἐθνῶν,
1262 3080 1301 3150 είς

56 3158 150 3224 στελεί
164 3156 256 3223 αὐτόν
272 3153 371 3242 κύριος
389 3161 429 3232 είς
446 3155 523 3222 κακὰ
540 3160 574 3220 ἐκ
585 3157 663 3222 ποίνὲ
693 3153 745 3232 οὓς
762 3153 949 3243 διεσκόρπιοέ
960 3183 993 3223 σε
1012 3154 1112 3244 κύριος
1125 3162 1190 3222 ἐκεί.
1218 3158 1302 3225 1ἐδν

55 3268 116 3307 τιον
140 3247 211 3306 υἱῶν
233 3237 368 3326 Ἰσραήλ,
394 3239 472 3305 κατὰ
490 3235 591 3315 πόσας
608 3239 662 3315 τὰς
691 3230 907 3331 ᾗήδιαοπορό
921 3265 976 3305 σου
995 3239 1046 3305 ἀπ’
1063 3241 1157 3326 ι’ίκρου
1176 3246 1231 3305 τοῦ
1245 3239 1299 3306 σύ-

56 3326 132 3410 ιίιρόις
157 3330 208 3406 της
233 3319 377 3404 διαθήκης
394 3322 448 3395 τὰς
466 3325 663 3407 γεγραμμένας
692 3328 784 3407 ρανοῦ
795 3321 1173 3407 ἐονςόίκρουτοῡούρανοιί,
1185 3329 1298 3389 ἐκεῖθεν

55 3413 88 3474 ἐν
101 3413 146 3489 τῷ
158 3408 261 3489 βιβλίῳ
275 3409 329 3466 τοῦ
343 3400 434 3483 νόμου
444 3401 561 3467 τούτου.
576 3407 662 3468 12καί
695 3399 807 3479 συνόξει
821 3427 852 3467 σε
864 3400 965 3488 κύριος
978 3402 1077 3476 ὁθεός
1088 3427 1155 3479 σου,
1165 3408 1217 3467 καί
1227 3410 1299 3470 ἐκείι

56 3494 176 3570 ἐροῦσιν
191 3483 207 3567 ή
226 3484 309 3561 γενεὰ
324 3481 340 3564 ή
355 3486 442 3566 ἑτέρα
455 3489 485 3547 οί
497 3487 558 3548 υίοί
571 3481 662 3587 ὑμῶν,
693 3497 748 3550 θεν
774 3486 904 3568 λήψεταί
929 3509 960 3549 σε
985 3481 1083 3569 κύριος
1108 3482 1214 3558 όθεός
1235 3512 1298 3551 σου.

54 3580 90 3652 οἳ
105 3565 321 3649 ἀναστήσονται
332 3564 396 3646 μεθ’
414 3562 497 3648 ὑμᾶς,
514 3568 566 3628 καὶ
578 3592 595 3629 ο
609 3565 663 3630 ἆλ-
695 3570 708 3611 1
721 3570 771 3632 καί
788 3567 889 3645 είςοίξει
908 3593 942 3634 σε
957 3565 974 3631 ὁ
987 3563 1058 3640 θεός
1072 3591 1124 3631 σου
1138 3571 1248 3631 ἐκεῖθεν
1261 3573 1300 3644 εἷς

56 3651 176 3738 λότριος
189 3649 222 3726 ὃς
235 3649 272 3714 ίίν
290 3648 371 3740 ἔλθη
391 3650 421 3710 ἐκ
434 3652 486 3728 γῆς
502 3645 664 3733 μακρόθεν,
695 3648 747 3733 τήν
759 3657 823 3734 γήν,
835 3648 871 3734 ἢν
885 3646 1121 3736 ἐκληρονόμηοαν
1134 3653 1167 3713 οί
1175 3654 1300 3757 πατέρερ

56 3741 108 3804 καί
119 3736 250 3819 ὄψονται
268 3728 322 3806 τός
339 3727 454 3814 πληγὰς
466 3733 519 3835 τής
528 3734 581 3812 γῆς
593 3733 665 3797 ἑκεί-
696 3756 759 3795 σου.
785 3735 835 3796 καί
847 3734 975 3817 κληρονο
999 3729 1074 3817 ήσεις
1088 3729 1189 3818 αύτήν,
1202 3737 1295 3800 καίεο

57 3848 107 3906 νης
119 3822 171 3885 καί
185 3818 237 3893 τὰς
251 3813 356 3890 νόσους
367 3813 469 3898 αὐτῆς,
484 3841 519 3888 ας
530 3811 666 3878 ιἰπέστει-
697 3839 728 3878 σε
740 3811 870 3898 ποιήσει,
885 3819 936 3879 καί
947 3844 970 3880 π
1003 3811 1129 3881 οναοτόν
1141 3842 1172 3881 σε
1185 3814 1297 3903 ποιήσει

58 3906 89 3970 λε
101 3899 200 3990 κύριος
211 3899 254 3966 ἐπ’
272 3898 380 3982 αὐτήν,
403 3899 433 3939 ²³
445 3907 529 3962 θεῖον
541 3899 592 3962 καί
605 3893 665 3961 όίλα
696 3893 771 3983 ὑπὲρ
787 3897 859 3973 τούς
875 3903 1008 3984 πατέρας
1027 3923 1088 3964 σου,
1125 3900 1203 3965 “ml
1214 3929 1297 3990 περι-

57 3987 323 4067 κατακεκαυμίνον,
340 3987 426 4047 πᾶσα
439 3978 456 4063 ή
469 3985 508 4064 γή
521 3979 614 4064 αὐτῆς
627 3978 663 4044 ού
695 3991 838 4068 καθαριεῖ
847 3974 946 4066 κύριος
958 3981 1012 4065 τήν
1024 3983 1149 4067 καρδίαν
1162 4011 1227 4062 σου,
1246 3990 1297 4052 καί

58 4067 254 4156 σπαρήσεται,
281 4064 350 4130 οὐδὲ
369 4064 515 4139 διατελεῖ,
538 4063 607 4129 οὐδὲ
623 4062 663 4148 μή
694 4062 746 4148 τήν
759 4065 885 4148 καρδίαν
896 4069 952 4129 τοῦ
963 4061 1131 4151 σπέρματός
1141 4094 1206 4145 σου,
1221 4068 1298 4147 ἆγα-

57 4153 155 4241 ύναβή
172 4151 214 4218 ἐπ’
233 4146 326 4232 αὐτήν
343 4152 405 4212 πᾶν
415 4143 542 4235 χλωρόν,
566 4145 662 4231 ῶςπερ
693 4154 755 4231 πᾷν
768 4146 869 4234 κύριον
886 4147 940 4214 τὸν
956 4145 1029 4215 θεόν
1042 4175 1096 4215 σου
1115 4152 1145 4226 ἐξ
1157 4149 1227 4234 ὅλης
1245 4158 1297 4234 τῆς

58 4226 246 4322 κατεότρύιρη
277 4228 400 4312 Σόδομα
432 4234 483 4294 καί
506 4228 662 4317 Γόμορρα,
694 4233 816 4317 καρδίας
841 4257 895 4297 σου
921 4235 971 4297 καί
996 4236 1027 4310 ἐξ
1044 4230 1114 4316 ὅλης
1131 4239 1183 4317 τῆς
1201 4240 1297 4319 ψυχῆς

50 4317 167 4403 Ἀδαμόι
192 4320 243 4382 καί
264 4316 396 4401 Σεβωῒμ,
422 4310 458 4388 δίς
482 4317 663 4399 κατέστρεψε
694 4340 764 4389 σου,
787 4321 837 4380 ’ίνα
850 4319 900 4398 ζῇς
913 4313 959 4381 σύ.
999 4319 1075 4379 1καί
1093 4312 1180 4378 δώσει
1198 4312 1297 4398 κύριος

53 4400 152 4487 κύριος
166 4406 197 4466 ἐν
206 4404 296 4480 θυμῷ
305 4400 356 4461 καί
366 4397 451 4488 ὀργῇ.
465 4396 552 4460 21καί
561 4400 662 4480 ἐροῦσι
693 4393 710 4458 ὃ
722 4393 794 4472 θεός
810 4388 871 4463 σουΙ
881 4396 935 4473 τός
953 4398 1028 4483 ἄρδις
1040 4393 1153 4467 ταύτας
1166 4397 1217 4457 ἐπί
1228 4396 1297 4469 τοὺς

52 4483 156 4554 πάντα
177 4480 216 4548 τό
228 4487 311 4564 ίθνη.
337 4482 416 4546 διατί
428 4481 547 4562 ε’ποίηοε
560 4477 662 4566 κύριος
693 4475 820 4567 ἐχθρούς
833 4506 903 4554 σου,
929 4482 981 4544 καί
993 4478 1044 4540 ἐπὶ
1055 4474 1126 4547 τοὺς
1136 4474 1298 4555 μισοῦντοίο

841 4563 874 4624 0
1255 4577 1296 4625 σε,
