2924 4972
162 243 226 305 600
489 231 776 297 ΝΕΕΜΙΑΣ
815 234 892 310 Κεφ.
907 221 1089 313 α’...βἾῖ

166 319 1414 367 Μ

159 357 207 415 0‘
189 355 324 457 ισχαρὸς
333 351 351 417 6
368 358 459 454 μέγας
476 379 528 415 και
520 351 685 458 σοβερὸς,
709 376 766 431 66-
803 349 932 455 μώθη,
934 352 984 413 καὶ
1003 375 1037 413 αι
1027 345 1194 413 ’πύλαι
1158 351 1251 430 αιιτης
1263 344 1418 448 κατεβρώ-

133 518 135 521 ,
160 435 324 540 λύσσριν
292 462 347 520 την
358 432 504 539 διαθήκην
513 462 563 499 και
572 461 606 499 το
619 430 702 508 ελεός
712 459 767 498 σου
803 434 932 537 66066'
917 457 947 496 εν
959 438 1050 540 πυρί
1037 481 1047 510 ,
1068 430 1085 473 ⁴
1096 458 1146 496 και
1138 395 1233 494 ελπὲ
1235 456 1287 514 μοι
1300 455 1318 493 ο
1305 427 1419 539 βασι-

159 535 222 597 τοῖς
235 519 393 598 ἀγαπῶσιν
406 545 498 584 αυτσν
510 545 561 582 και
574 529 639 592 τοῖς
651 513 766 598 φυλύσ-
804 513 876 592 λεύς.
902 542 970 621 περι
982 541 1061 590 τινος
1074 519 1167 617 τοῦτο
1181 539 1216 578 σιι
1204 512 1339 615 ζητεις
1326 563 1336 592 ,
1363 515 1419 616 καὶ

160 631 246 708 σρυσι
266 601 320 678 τὰς
337 602 461 707 ἐντολὰς
474 600 578 666 αὐτοῦ
611 604 717 665 ⁶616
730 600 765 683 66
804 599 1011 700 προςηιιξύμην
1027 627 1051 663 π
1071 598 1104 673 ὸς
1125 595 1178 663 τὸν
1194 594 1267 661 θεὸν
1285 601 1341 662 τοῦ
1359 595 1416 661 06-

159 686 196 754 τὸ
208 677 261 762 σῦς
274 712 327 752 σου
339 688 490 771 προςέχον,
502 686 555 749 καὶ
567 710 599 749 οι
588 683 768 766 ’ὀφθαλμοί
805 688 915 786 ρρινοῦ,
942 687 956 727 ⁶
969 685 1021 748 καὶ
1013 625 1104 748 6616
1122 706 1166 764 τῳ
1153 681 1301 789 βαριλεῖ
1327 706 1353 744 ει
1343 684 1417 745 ’ἐπὶ

160 796 214 874 σρυ
228 769 417 870 ἀνεῳγμένα,
435 773 493 833 τοῦ
505 766 631 833 ἀκοῦσαι
644 792 767 868 πρσςερ-
805 765 859 832 τὸν
870 767 996 868 βασιλέα
1014 748 1157 845 ἀγαθὸν,
1177 766 1228 829 καὶ
1241 790 1265 829 ει
1255 762 1418 870 ἆγαθμν-

158 855 213 941 66⁹
229 859 285 918 τοῦ
303 847 413 956 606606
426 878 496 928 σου,
522 847 558 936 ἣν
570 851 629 929 ἐγώ
642 845 767 956 προςεύ-
804 846 974 955 θησεται
944 846 962 915 6
974 862 1059 958 παῖς
1059 875 1113 915 σου
1125 843 1254 914 ε’νεύπιύν
1265 874 1332 924 606,
1342 845 1417 923 ὥςτε

158 964 247 1038 χρμαι
260 933 387 1001 ἐνώπιόν
399 961 451 1001 σου
462 932 586 1036 σήμερον
597 931 707 1036 ἡμέραν
717 935 767 997 καὶ
804 955 923 1043 πεμιμαι
937 931 1032 999 αὐτὸν
1044 937 1075 999 ἒν
1085 927 1220 997 '10666'
1196 957 1235 1007 εις
1244 927 1334 997 πόλιν
1342 958 1416 1015 μνη-

160 1019 253 1086 νύκτα
268 1021 379 1103 περὶ
349 1024 422 1083 υιιῦν
437 1015 568 1126 Ἰσραὴλ
573 1014 689 1083 δούλιον
702 1043 766 1082 σου.
804 1024 893 1101 μείων
896 1020 1043 1120 πατέρων
1054 1042 1129 1164 μου,
1153 1042 1204 1080 και
1196 1016 1415 1119 ἀνοικοδομη-

160 1130 210 1168 και
204 1097 386 1207 ἐξαγορευοι
395 1101 470 1166 ἐπι
454 1127 634 1208 αμαρτιαι,
626 1105 697 1166 υῑῶν
706 1098 767 1165 ’-1σ
805 1127 850 1166 σω
868 1096 969 1203 αὐτήν.
1008 1100 1167 1166 ὃκαῖεῖπέ
1181 1126 1231 1181 μοι
1248 1095 1415 1203 ὁβασιλευς

159 1213 199 1270 ρα
207 1181 558 1288 666666610666666
584 1183 768 1311 6666766666
804 1186 856 1286 καὶ
882 1213 900 1284 η
888 1180 1095 1291 ‘6666666‘
1080 1211 1099 1268 η
1117 1187 1269 1288 καθημένη
1289 1181 1415 1292 ἕηόμενα

160 1215 271 1343 ὁολκος
262 1295 399 1371 πατρος
410 1295 466 1351 μου
479 1265 662 1378 ᾖμύρτομεν.
676 1268 768 1332 ⁷6oe-
804 1266 907 1333 αὐτοῦ.
936 1274 992 1343 ἕως
1008 1264 1081 1332 πότε
1100 1271 1183 1332 ἔσται
1196 1265 1215 1350 6
1228 1273 1335 1374 ρτρρεία
1349 1293 1414 1343 σοιι,

159 1351 239 1419 λύσει
252 1349 421 1455 διελύσαμεν
429 1352 551 1459 πρὸς
516 1352 556 1430 σε’,
569 1357 619 1456 καὶ
629 1350 683 1417 οῦκ
694 1354 767 1455 666-
803 1353 854 1416 καὶ
866 1348 941 1416 πότε
958 1353 1160 1500 ἐπιστρέριὲις,Ι
1186 1378 1238 1415 και
1230 1347 1413 1457 ἧγαθύνθη

159 1433 355 1512 λύξακεντας
368 1437 489 1543 ἐντρλας
502 1435 604 1501 καὶτὰ
617 1432 768 1534 προςτύγ-
804 1431 999 1501 ἐνώπιοντου
1012 1437 1118 1538 βασι
1113 1461 1169 1510 αις,
1195 1461 1247 1500 και
1238 1433 1415 1500 ἀπέστειλέ

158 1545 240 1604 ματα
260 1544 311 1582 και
322 1543 362 1582 τα
377 1525 518 1645 κρίματα,
545 1547 566 1621 6
551 1515 710 1583 ἐνετείλω
723 1521 768 1600 τῴ
803 1544 854 1602 με,
877 1546 929 1584 και
921 1517 1087 1585 εδοικα
1051 1516 1226 1623 αυτῷὅρον.
1253 1515 1412 1583 7καὶεῖιια

159 1606 294 1705 Μωυσῇ
295 1602 383 1666 παιδί
395 1628 456 1667 σου.
477 1597 652 1702 Βμνήσθητι
665 1599 745 1687 66
715 1625 768 1665 τον
804 1627 848 1684 τῳ
835 1603 1016 1689 βασιλεῖ’
992 1605 1073 1668 ειέπλ
1083 1599 1297 1707 τὸνβασιλὲα’
1280 1602 1411 1702 αγαδὸν,

158 1672 294 1764 λόγονἀ
275 1708 310 1748 ον
325 1686 457 1750 ἐνετείλω
475 1690 518 1768 τῷ
537 1690 686 1788 Μωυσῇ
681 1686 768 1750 παιδί
805 1669 885 1751 δύτω
903 1712 952 1769 μοι
965 1685 1127 1762 ἐπιστολὰς
1144 1685 1221 1785 6666
1234 1680 1412 1791 τούςέπύρ·

160 1795 225 1845 σου,
239 1765 386 1844 λέγων.
372 1779 462 1870 υμεῖς
470 1751 522 1833 666
535 1756 686 1833 6066661'
688 1794 766 1851 σητε,
804 1795 872 1854 χοιις
884 1773 980 1855 πέραν
993 1775 1050 1835 τοῦ
1061 1773 1212 1872 ποταμοῦ,
1226 1766 1298 1844 ὥςτε
1309 1795 1412 1852 παρα-

158 1852 218 1930 ἐγώ
240 1848 462 1953 6166606666‘
449 1878 526 1934 υμας
545 1857 576 1916 ἐν
593 1863 656 1928 τοῖς
713 1863 765 1927 οῖς
804 1865 905 1931 γαμεῖν
939 1854 1148 1929 εέλιιςέλθιο’
1133 1879 1184 1918 επι
1177 1850 1325 1928 Ἰούδαν,
1338 1853 1413 1916 8καὶ

158 1936 277 1999 ⁹666'
263 1933 315 1999 εὰν
337 1938 531 2039 ἐπιστρέψητε
547 1935 623 2021 πρὸς
639 1935 690 2017 με’,
716 1938 768 2039 καὶ
805 1883 963 2020 ἐπιστολὴν
998 1938 1048 2002 666
1073 1935 1171 2017 Ἀσὰφ
1202 1932 1322 2018 φύλακα
1356 1940 1411 2001 τοῦ

159 2015 351 2122 φύλύξητε
317 2043 373 2093 τας
386 2015 506 2124 ἐντολάς
517 2044 590 2102 μου,
616 2022 666 2085 καὶ
678 2015 767 2121 ποιή·
804 2019 1027 2103 παραδείσου“
1008 2047 1042 2096 ος
1054 2023 1116 2086 ἐστι
1131 2047 1174 2104 τῳ
1162 2016 1367 2125 βασιλεῖ’
1341 2044 1413 2094 ωςτε

160 2100 350 2207 σητεαῦτὲις,
376 2102 428 2168 ἐὰν
445 2091 698 2204 6661666066‘
685 2107 767 2186 υμιῦν
805 2105 909 2211 δοῦναι
925 2131 977 2209 μρι
993 2101 1068 2181 ξύλα
1087 2103 1225 2183 στεγάσαι
1238 2130 1292 2180 τας
1303 2100 1412 2178 πυλας,

160 2183 211 2251 ἀπ’
227 2186 389 2290 ἀκροατοῦ
403 2176 550 2294 ρύρανσῦ,
574 2191 685 2252 ἐκεῖθεν
698 2211 767 2251 συν·
805 2190 907 2264 καλεῖς
925 2188 961 2253 τὸ
980 2200 1026 2253 τεῖ
1041 2215 1073 2262 ος
1090 2194 1142 2272 τῆς
1153 2186 1304 2292 πόλεως,
1310 2189 1362 2253 καὶ
1374 2194 1414 2263 εἷς

159 2265 273 2372 666'
237 2267 357 2373 αυτρύς,
370 2297 421 2335 και
414 2266 582 2347 ειςαξω
546 2296 656 2346 αυτοιις
666 2296 704 2345 εις
713 2295 767 2334 τον
805 2267 930 2336 οἷκον
912 2297 948 2337 σν
965 2215 1197 2377 εῖςελεύσομαι’
1172 2278 1211 2348 εἰς
1229 2267 1331 2378 66166.
1361 2274 1413 2336 καὶ

158 2350 272 2459 τύπον,
299 2349 334 2419 ὃν
353 2352 521 2438 ἐξελεξάμην
536 2359 765 2464 καταρκηνιῦσαι
805 2356 898 2420 ἔδωκε’
900 2382 966 2459 μοι
945 2353 1200 2482 ⁹6666016666
1166 2383 1208 2432 ως
1224 2357 1333 2464 χεὶρ
1304 2352 1412 2451 66066

157 2436 195 2501 τὸ
209 2433 305 2520 ὄνομά
315 2463 372 2546 μρο
386 2442 452 2503 ἐκεῖ.
478 2443 507 2482 ¹⁹
520 2440 571 2504 καὶ
591 2464 679 2504 ουτοι
691 2449 763 2502 παι-
804 2435 959 2524 ἀγαθή.9
974 2467 1024 2504 και
1037 2429 1135 2524 ηλθον
1146 2466 1222 2526 προς
1234 2465 1305 2515 τους
1318 2444 1412 2523 ἐπαρ-

159 2519 204 2595 δές
218 2548 272 2586 σου
290 2549 342 2586 και
334 2517 434 2598 λαός
448 2548 516 2600 606,
541 2518 594 2597 οῦς
608 2519 765 2628 ἐλυτρώσω
803 2549 872 2627 χους
884 2525 980 2626 πέραν
998 2528 1054 2588 τοῦ
1068 2528 1241 2628 ποταμοῦ,
1250 2551 1302 2589 και
1294 2524 1412 2588 ἔδωκα

159 2607 191 2669 ἐν
209 2630 246 2698 τη
232 2603 396 2714 δυνάμει
398 2632 456 2671 σου
472 2632 510 2699 τη
497 2601 647 2708 μεγάλη,
672 2606 723 2669 καὶ
735 2607 766 2669 ἐν
804 2605 909 2681 αὐτοῖς
934 2604 990 2681 τὰς
1013 2607 1168 2682 ἐπιστολὰς
1185 2633 1241 2673 τοιι
1226 2607 1412 2712 βασιλέως.

158 2713 189 2779 τη
185 2680 281 2791 γχειρί
293 2715 346 2753 σου
358 2713 438 2781 τη
409 2694 547 2792 κοαταιᾷ.
573 2694 598 2731 ¹¹
609 2716 649 2773 μη
637 2685 748 2772 66¹
713 2715 766 2752 κο·
805 2716 856 2755 και
848 2689 1019 2755 απεστειλε
1030 2717 1082 2773 μετ
1079 2687 1374 2777 μουοβασιλενς
1356 2716 1411 2771 αρ

159 2796 208 2855 ριε
238 2769 355 2835 ἀλλα”
334 2796 412 2835 εστοι
429 2770 466 2836 τὸ
483 2761 605 2847 οῦςσοιι
621 2776 765 2879 προςέγον
803 2775 911 2877 χηγούς
936 2769 1084 2858 δυνάμεως
1105 2778 1157 2840 καὶ
1175 2779 1280 2850 ἱππεῖς.
1319 2773 1413 2837 10καὶ

158 2859 197 2928 εἰς
210 2854 263 2958 την
275 2851 433 2954 προςευχην
446 2879 500 2919 του
490 2851 622 2919 δούλου
636 2881 701 2955 σοιν,
714 2857 765 2919 καὶ
805 2855 1124 2962 η’κοιισεΣαναβαλλύτ
1133 2857 1277 2965 ὁἈρωνλ,
1287 2884 1338 2922 και
1331 2859 1412 2958 T6·

158 2942 197 3012 εἰς
210 2960 264 3019 την
274 2961 433 3021 προςειιχην
442 2940 559 3003 παιδων
572 2964 628 3041 666
642 2964 702 3003 των
711 2948 764 3003 61-
803 2939 888 3044 66‘
876 2967 893 3005 ο
910 2942 1021 3018 δοῦλος
1041 2940 1230 3046 Ἀμμανὶ,
1209 2942 1262 3005 καὶ
1254 2939 1413 3044 πονηρὸν

157 3015 272 3083 λύντιον
285 3020 493 3122 φοβεῖσθαι
463 3046 499 3085 το
517 3017 612 3102 ὄνομά
625 3047 688 3124 606.
714 3023 765 3085 καὶ
805 3023 908 3100 αὐτοῖς
921 3024 1090 3103 ἐγένετοᾘ
1076 3050 1122 3090 οτι
1133 3049 1210 3132 ηκει
1215 3021 1411 3123 ὁὸνθραιπος

157 3098 308 3167 εῦύδωσον
318 3101 428 3210 δι’(
380 3108 424 3186 τῷ
447 3105 534 3169 παιδί
552 3129 608 3207 σσιιΙ
629 3129 764 3212 σημερον,
804 3111 927 3215 ζητῆραι
955 3104 1074 3186 ἀγαθὸν
1096 3116 1159 3178 τοῖς
1180 3109 1253 3177 υἱοῖς
1275 3100 1407 3209 Ἰρραηλ.

158 3212 208 3250 και
201 3185 272 3259 δὸς
292 3209 385 3250 αιιτον
403 3189 442 3262 ἐς
459 3184 651 3294 οῖκτιρμούς
641 3184 765 3252 ἐνώπιον
804 3197 886 3255 11ιιαι
879 3181 998 3293 ηλθον
1009 3195 1046 3265 εἰς
1053 3185 1273 3293 Ἰερουσαλὴμ,
1265 3187 1317 3251 καὶ
1331 3184 1410 3270 ἥμην

158 3294 213 3333 του
200 3264 465 3371 ἆιδρδςτούτου.
494 3272 545 3334 καὶ
560 3270 617 3349 ε’γὼ
632 3270 765 3357 ἥμηνοῖ-
805 3278 864 3339 ἐκεῖ
880 3271 988 3380 ἡμέρας
1005 3283 1085 3378 τρεῖς.
1111 3271 1202 3334 ¹2666
1219 3268 1412 3374 ἆνέστηννα-

158 3349 310 3437 νοχόος
277 3379 320 3417 τω
305 3353 454 3440 βασιλεῖ.
805 3358 874 3464 κτρς
887 3358 945 3460 ἐγὼ
963 3385 1013 3422 και
1005 3354 1131 3459 ἄνδρες
1144 3351 1240 3432 ὀλίγοι
1254 3352 1325 3454 μετ’
1331 3356 1412 3458 ἐμοῦ,

346 3443 421 3503 ΚΕ
433 3443 471 3501 6.
514 3432 571 3502 B'.
805 3443 856 3506 καὶ
869 3437 1124 3526 06666677666’
1106 3433 1413 3523 ανθρῶπῳτῖὸθεὸς

159 3486 273 3587 Καλέ
258 3522 370 3600 ἐγένετο
388 3524 418 3585 ἐν
429 3545 497 3625 μηνι
489 3517 649 3586 '‘N1066'
628 3547 712 3598 ετοιις
725 3528 763 3587 εῖ-
804 3526 954 3590 δίδωσι
930 3550 969 3599 εις
994 3525 1119 3627 καρδίαν
1136 3549 1195 3605 μου
1216 3526 1275 3587 τοῦ
1291 3525 1411 3626 ποιησαι

157 3631 269 3670 κσστου
253 3603 492 3712 Ἀρθασασθὰ
508 3605 637 3713 βασιλεῖ,
662 3609 713 3671 καὶ
731 3630 767 3689 ην
803 3605 875 3711 μετὰ
888 3633 944 3672 του
931 3606 1098 3716 Ἰσραῂλ,
1104 3609 1156 3671 καὶ
1167 3631 1272 3709 κτηνος
1285 3603 1340 3669 οῦκ
1352 3608 1412 3669 ἐστι

159 3715 177 3753 ο
163 3687 297 3762 οἶνος
282 3688 410 3753 ενιύπιον
423 3692 506 3772 ἐμοῦ.
524 3714 575 3753 και
568 3689 743 3796 ἔλαβον
712 3716 766 3791 τρν
804 3690 863 3776 μετ’
879 3695 962 3767 ἐμοῦ,
977 3695 1002 3754 εῖ
1013 3691 1053 3794 μὴ
1067 3691 1104 3757 τὸ
1118 3694 1250 3797 κτῆνος
1235 3715 1260 3752 οι
1248 3681 1410 3764 6661-

158 3771 253 3874 οἶνον,
271 3796 322 3834 και
315 3773 431 3835 εδωκα
442 3798 486 3835 τοι
471 3772 620 3876 (λασιλεῖ.
647 3774 698 3836 καὶ
711 3771 765 3837 οῦκ
803 3773 968 3877 (3666666'
991 3773 1085 3856 αὐτῷ.
1122 3775 1215 3837 1ἐκαὶ
1240 3754 1398 3872 ἐξῆλθον
1383 3793 1414 3835 εν

160 3844 196 3937 ἦν
214 3857 310 3954 ἕτερος
329 3852 457 3918 ἐνώπιον
474 3880 579 3918 αυτου.
605 3857 684 3955 ²666
702 3853 767 3918 εἶπέ
803 3856 883 3959 πύλη
894 3883 948 3922 του
933 3863 991 3921 Γ
988 3853 1153 3940 ωληλα
1102 3884 1154 3921 και
1162 3881 1240 3957 προς
1249 3880 1345 3936 στομα
1354 3880 1415 3938 πη-

158 3961 209 4017 μοι
227 3960 245 3997 0
231 3932 406 4035 βασιλεύς.
433 3936 483 4001 διὰ
499 3943 532 4001 τί
547 3934 584 4000 τὸ
603 3934 765 4037 πρόςωπόν
803 3968 858 4025 γης
871 3966 932 4005 των
945 3967 1054 4016 συκων,
1074 3967 1126 4005 και
1139 3967 1178 4015 εις
1189 3935 1336 4021 παλην
1296 3963 1350 4022 της
1361 3963 1415 4002 κσ-

161 4044 215 4123 606
238 4016 384 4125 πρνηρὸν,
410 4021 462 4083 καὶ
478 4018 532 4083 οῦκ
550 4016 765 4128 εἶμετριύζιοης
805 4032 895 4126 πρίρις
929 4026 980 4089 καλ
1010 4052 1067 4127 μην
1077 4026 1271 4130 συντριβων
1257 4045 1288 4086 εν
1299 4047 1343 4103 τοι
1328 4025 1416 4085 ut

160 4102 210 4165 καὶ
237 4097 293 4163 ούκ
318 4105 378 4164 ἔστι
401 4106 510 4177 τοῦτο,
536 4106 562 4164 εἰ
577 4101 619 4203 μη
638 4109 766 4206 πονηρία
805 4134 843 4192 χει
858 4024 1092 4211 Ἱερουσαλὴμ“
1074 4134 1091 4172 ο
1110 4105 1199 4171 66106
1207 4107 1415 4210 καθαιροῦσι,

159 4184 292 4266 καρδίας·
317 4180 625 4286 κᾱὶέφοβηθηνπολύ
640 4182 766 4297 σφύδρα,
805 4218 856 4255 και
849 4190 1010 4257 παλαι
974 4197 1068 4275 αυτης
1082 4186 1337 4299 κατεβρώθησαν
1330 4194 1415 4292 πρρί.

161 4267 239 4330 ³666
257 4265 325 4330 εἶπα
343 4291 386 4349 τῳ
373 4265 560 4368 βασιλεῖ.ς
548 4293 565 4331 ο
573 4268 753 4376 βασιλεὺς
730 4297 768 4347 εις
804 4274 833 4316 ¹⁴
847 4302 898 4339 και
891 4275 1114 4377 παρῆλθον
1100 4301 1150 4339 επι
1143 4269 1262 4357 πύλην
1278 4297 1336 4336 τοιι
1322 4267 1416 4336 Ἀῒν

161 4347 259 4413 τὸν
227 4353 323 4414 αιιῦνα
326 4333 422 4453 ζύται.
443 4348 492 4453 δια
504 4348 581 4414 τῖ’
547 4376 584 4414 οιι
597 4349 640 4454 μη
649 4356 768 4458 γένητριι
804 4361 856 4461 666
867 4362 906 4462 εἰς
917 4355 1130 4461 κρλιιμβήθραν
1138 4383 1193 4422 τσιι
1182 4355 1416 4457 βασιλέας,καῖ

160 4457 292 4584 πονηρον
301 4457 337 4497 το
346 4459 507 4518 προςωπον
516 4460 586 4517 μου,
596 4432 765 4541 διοτιηιιο-
804 4430 1417 4549 οὐκἦντύπσςτῴκτηνειπρρελθεῖνῦπο·

160 4517 205 4595 λις
218 4544 235 4584 ο
249 4544 301 4596 κος
317 4524 462 4604 μνημειων
473 4520 613 4609 πατέρων
623 4547 681 4607 μου
695 4519 766 4607 666-
806 4520 888 4590 κάτω
900 4549 970 4610 μου.
991 4529 1018 4569 ¹⁵
1032 4526 1085 4590 καὶ
1101 4525 1177 4610 ἤμην
1196 4522 1370 4614 ἀναβαίνων
1386 4523 1418 4587 ἐν

1371 4611 1418 4686 τῷ
