2924 4972
155 218 220 295 ριν
555 207 802 270 ΔΑνιιιΛ
843 202 1013 284 xmo.

210 323 218 348 Ι

159 352 319 428 προῳασινὴ
340 331 365 391 εἰ
376 322 417 408 μὴ
431 326 461 388 ἐν
474 325 607 404 νομίμοις
618 323 697 384 θεοῦ
709 317 767 384 αῦ-
799 317 921 420 Μήδοις
945 320 996 383 καί
1015 319 1177 422 Πέρσαις(
1188 320 1248 381 τοῦ
1268 321 1341 383 πᾶν
1359 313 1422 413 ὄρρ-

160 415 224 477 τοῦ.
247 412 263 454 ¹
276 434 344 475 τοτε
359 413 391 472 οἰ
403 406 537 472 τακτικοὶ
549 405 600 468 καί
611 413 643 468 σί
655 398 768 486 οατρά-
799 427 875 485 ομον
886 401 939 466 καί
951 402 1055 467 στάσιν
1087 398 1151 465 νάν
1163 425 1181 464 ο
1191 399 1342 487 βασιλεὺς
1351 427 1422 486 στή-

160 523 218 560 παι
230 494 423 578 παρέστησαν
432 493 476 571 τῷ
484 487 608 574 βασιλεῖ,
622 487 674 551 καί
682 483 769 550 εἶπαν
800 511 849 571 σῃ,
862 483 898 550 οῦ
912 485 957 550 δεί
967 510 1031 570 παρ
1101 478 1169 558 ’ξαν
1196 479 1353 549 16τότεδ
1365 489 1422 573 βα.

94 606 97 612 ·
162 577 255 659 αὐτῷ.
283 580 388 657 Δαρεῖε
399 572 535 654 βασιλεῦ,
560 574 598 645 εἰς
611 567 769 642 τοὺςαίὥ-
800 565 896 643 σιλεὺς
913 565 992 644 εἰπε,
1018 568 1070 632 καὶ
1086 565 1202 650 ήγαγον
1218 564 1279 632 τὸν
1291 567 1422 652 Δανιὴλ,

162 685 214 733 νας
227 663 303 742 ζήθι.
319 651 610 741 7συνεβουλεύσαντο
622 648 729 726 πάντες
739 655 769 716 οῖ
799 654 851 716 καί
862 650 1002 737 ἐνέβαλον
1013 648 1109 716 αὐτὸν
1118 653 1157 724 εἰς
1166 646 1222 713 τὸν
1231 646 1354 718 λάκκον
1364 659 1423 717 τῶν

162 745 213 808 ἐπὶ
231 745 284 844 τής
301 738 450 825 βασιλείας
468 763 523 803 σου
540 736 703 837 στρατηγοὶ
717 735 770 799 καί
800 731 938 811 λεόντων,
951 735 1001 799 καί
1013 730 1123 837 εἰπενῑὸ
1136 731 1281 818 βασιλεὺς
1294 739 1344 818 τῷ
1357 743 1422 802 Δα-

350 819 366 844 (λ
515 821 521 843 ἱ

164 849 329 910 σατράπαι,
349 847 459 888 υπατοι
471 846 523 885 και
535 843 694 901 τοπαρχαι,
713 822 769 883 τοῦ
801 818 873 902 νιήλ.
887 813 988 893 ὁθεός
1000 843 1065 895 σου,
1079 843 1104 899 ῳ
1119 813 1157 881 σῦ
1169 815 1330 900 λατρεῦεις
1343 821 1422 885 ἐνδε

162 912 268 989 στήσω
282 901 383 971 στάσει
394 903 543 997 βασιλική,
556 904 608 967 καί
621 896 768 1007 ἐνωηῦσαι
800 901 899 985 λεχοῦς,
914 898 1006 976 αὐτὸς
1019 901 1157 978 ἐξελείταί
1167 924 1210 964 σε.
1230 903 1325 967 17καί
1337 902 1422 986 ἤνεγ-

162 988 300 1075 ὁρισμὸν,
326 985 409 1063 ὅπως
427 983 460 1062 ὃς
477 985 514 1051 ἀν
532 982 638 1077 αἰτήση
658 1008 769 1068 αιτημα
800 1010 856 1049 κον
868 985 966 1058 λίθον,
980 986 1032 1049 καί
1041 987 1195 1065 ἐπέθηκαν
1204 984 1257 1048 ἐπί
1267 983 1310 1049 τό
1321 983 1422 1071 στόμα

161 1072 247 1159 παρά
271 1069 385 1146 παντὸς
410 1074 487 1135 θεοῦ
512 1070 565 1133 καί
589 1065 769 1176 ἀνθρώπου,
801 1073 855 1132 τοῦ
873 1062 997 1144 λάκκου,
1014 1065 1421 1156 καίἐσῳραγίσατοὸβασι-

163 1161 218 1232 έως
236 1154 351 1240 ήμεριῦν
369 1149 543 1238 τριάκοντα,
569 1148 634 1216 ἀλλ’
649 1179 668 1235 η
684 1150 769 1234 παρὰ
801 1150 865 1226 λείνς
887 1154 919 1216 ἐν
935 1156 981 1232 τῷ
997 1149 1147 1233 δακτυλίῳ
1165 1148 1284 1227 αὑτοῦ,
1313 1156 1368 1218 καί
1389 1158 1420 1220 ἐν

163 1244 221 1305 σοῦ
245 1237 382 1325 βασιλεῦ,
408 1230 630 1322 ἐμβληθήσηται
654 1238 693 1309 εἰς
717 1232 770 1296 τὸν
801 1239 845 1321 τῷ
862 1234 1010 1316 δακτυλίῳ
1028 1238 1088 1299 τοῦν
1104 1228 1294 1315 μεγιστάνων
1309 1235 1419 1312 αὐτοῦ,

163 1318 274 1386 λάκκον
285 1325 346 1386 τῶν
359 1317 491 1384 λεόντων.
517 1318 601 1384 8νῦν
616 1306 672 1382 οῦν
684 1322 769 1403 βασι·
802 1314 885 1393 ὅπως
909 1315 950 1401 μὴ
977 1316 1134 1466 ἀλλοιωθὴ
1158 1320 1290 1401 πρᾶγμα
1318 1322 1352 1385 ἐν
1375 1325 1420 1404 τῳ

164 1406 213 1470 λεῦ
227 1409 339 1509 στὴσον
348 1403 400 1468 τὸν
409 1400 528 1487 ὁρισμὸν
538 1403 589 1466 καί
601 1403 771 1484 ε”κθεςγρα-
802 1406 878 1466 Δανι
887 1396 924 1464 ’λι
943 1402 972 1444 ¹⁸
985 1401 1036 1466 καί
1047 1399 1111 1486 ἀπή
1130 1411 1185 1465 θεν
1196 1397 1215 1464 5
1226 1400 1369 1486 βασιλεὺς
1381 1408 1420 1480 εἰς

164 1485 238 1571 σὴν,
263 1512 347 1560 οπως
367 1484 407 1570 μὴ
434 1485 594 1576 ἀλλοιωθή
616 1483 653 1548 τὸ
672 1480 771 1566 δόγμα
802 1482 887 1550 τὸνο
935 1482 1075 1560 ναῦτοῦ,
1100 1485 1152 1549 καί
1168 1481 1320 1586 ἐκοιμήθη
1338 1487 1418 1553 ἀδει-

165 1574 294 1654 Περοοῦν
311 1571 362 1632 καί
381 1565 510 1652 Μήδων.
536 1562 632 1631 λτότε
650 1564 668 1632 5
684 1571 771 1653 βασι·
801 1593 886 1645 πνος,
899 1566 1352 1652 καίἰδίοματαοῦκείςὴνεγκαν
1362 1570 1418 1638 αὐ-

163 1651 230 1727 λεῦς
257 1658 382 1735 Δαρεῖος
407 1652 529 1726 ἐπέταξε
556 1655 709 1734 γραφῆναι
734 1648 770 1715 τὸ
804 1656 856 1734 τῷ.
883 1653 935 1716 καί
951 1647 969 1715 5
984 1648 1074 1726 ῦπνος
1094 1649 1212 1735 ἀπέστη
1229 1651 1285 1717 ἀπ’
1307 1652 1415 1721 αῦτοῦ.

164 1732 271 1819 δόγμα.
298 1738 327 1778 ¹⁰
340 1737 393 1800 καί
405 1731 521 1815 Δανιὴλ
539 1729 624 1816 ὴνίκα
636 1737 711 1812 ἔγνω
725 1731 772 1798 ότι
803 1736 855 1799 καί
874 1735 995 1800 ἔκλεισεν
1010 1731 1028 1799 5
1048 1730 1121 1810 θεός
1138 1731 1178 1799 τά
1196 1730 1337 1818 στόματα
1355 1743 1416 1802 τιῦν

165 1815 287 1902 ἐνετάγη
299 1815 336 1884 τὸ
349 1814 456 1902 δόγμα,
468 1817 601 1901 εἰςήλθεν
612 1821 652 1892 εἰς
664 1815 773 1883 τὸνολ-
804 1814 950 1895 λεόντων,
974 1821 1026 1885 καί
1049 1815 1085 1882 οῦ
1110 1815 1348 1922 παρῳάηλησω
1366 1825 1415 1903 τρῦ

165 1928 220 1968 κον
233 1902 339 1968 αὐτοῦ.
353 1906 405 1967 καί
416 1905 452 1965 αἰ
462 1901 581 1986 θυρίδες
594 1897 772 1983 ἀνεῳγμέναι
805 1899 928 1986 Δανιήλ.
945 1904 974 1945 ¹⁰
984 1901 1053 1966 τότε
1066 1896 1084 1968 5
1096 1898 1228 1989 βασιλεῦς
1237 1906 1344 1983 ανέστη
1354 1926 1408 1966 το-

165 1986 248 2069 αῦτῷ
261 1989 294 2050 ἐν
305 1997 369 2058 τοῖς
379 1979 522 2067 ῦπερῴοις
531 1983 627 2048 αὐτοῦ
635 1987 773 2048 κατέναν-
804 1984 889 2070 πρωῒ
897 1989 928 2050 ἐν
941 1989 985 2070 τῷ
998 1986 1094 2088 φωτί)
1116 1989 1165 2050 καί
1175 1987 1206 2049 έν
1218 1983 1335 2085 σπουδῇ
1352 1972 1412 2068 ὴλ-

163 2092 193 2133 τι
201 2064 411 2152 Ἰερουσαλὴμ,
433 2068 485 2130 καί
497 2066 619 2152 καιροὺς
631 2078 707 2151 τρεῖς
720 2073 773 2151 τὴς
804 2079 859 2133 θεν
889 2069 941 2134 ἐπί
968 2066 1024 2134 τὸν
1053 2069 1160 2134 λακκον
1182 2070 1243 2132 τῶν
1268 2066 1412 2135 λεοντων.

164 2147 276 2235 ὴμέρας
300 2139 335 2234 ὴν
359 2149 503 2233 κάμπτων
527 2151 578 2214 ἐπί
601 2149 640 2215 τά
656 2147 773 2229 γόνατα
804 2152 835 2196 ²⁰
847 2154 898 2217 καί
909 2155 941 2218 ἐν
954 2156 998 2235 τῳ
1011 2155 1131 2230 ἐγγίζειν
1141 2148 1233 2218 αῦτὸν
1245 2155 1290 2236 τῷ
1309 2148 1412 2236 λάκκῳ

166 2232 279 2310 αὐτοῦ,
304 2234 356 2298 καί
367 2228 591 2319 προςενχόμενος
603 2235 656 2298 καί
668 2236 772 2317 ἐξομο-
805 2238 910 2321 ἐβοησε
924 2241 1009 2331 φωνή
1022 2240 1088 2321 ἰοχν
1115 2239 1140 2312 ”,
1159 2232 1286 2340 Δανιὴλ,
1310 2231 1414 2302 ὁδοῦ-

165 2311 346 2400 λογοόμενος
357 2321 490 2383 ἐναντίον
502 2320 558 2382 τοῦ
575 2322 651 2383 θεοῦ
664 2316 772 2394 αὐτοῦ,
804 2316 857 2394 λος
869 2323 924 2386 τοῦ
936 2325 1012 2384 θεοῦ
1025 2324 1081 2385 τοῦ
1088 2261 1218 2396 λέῦντος,
1231 2347 1250 2386 ο
1262 2315 1335 2396 θεός
1348 2345 1412 2397 σου,

165 2396 270 2476 καθάς
288 2388 324 2486 ὴν
340 2404 437 2466 ποιοῦν
455 2402 636 2485 ἔμπροσθεν.
669 2405 695 2442 ¹¹
705 2396 773 2466 τότε
804 2393 882 2485 ᾦσὺ
894 2401 1043 2488 λατρεῦεις
1056 2400 1219 2489 ἐνδελεχοῦς,
1240 2400 1413 2488 εἰὴδυνὴθή

166 2488 198 2550 οἰ
223 2482 325 2567 ἀνδρες
349 2486 452 2548 ἐκεῖνοι
471 2479 696 2569 παρετήρὴσαν,
722 2487 772 2551 καί
803 2485 955 2561 ἐξελέσθαι
981 2512 1011 2553 σε
1033 2490 1065 2551 ἐκ
1085 2482 1233 2568 στόματος
1250 2491 1315 2551 τῶν
1330 2485 1413 2553 λεόν-

166 2559 253 2653 εῦρον
266 2567 318 2632 τὸν
331 2563 448 2651 Δανιὴλ
461 2562 602 2643 ἀξιοῦντα
614 2569 665 2632 καὶ
676 2563 773 2650 δεόμε-
805 2594 865 2634 των
869 2598 881 2646 ,·
907 2573 935 2612 ²¹
948 2571 999 2634 καί
1015 2570 1081 2635 εἰπε
1094 2568 1205 2655 Δανιὴλ
1221 2572 1266 2650 τῷ
1284 2572 1412 2653 βασιλεῖ.

166 2676 218 2717 νον
241 2656 295 2717 τοῦ
314 2655 390 2716 θεοῦ
409 2648 513 2715 αῦτοῦ.
538 2651 565 2692 ¹²
579 2653 631 2715 καί
649 2651 773 2736 προςελ·
803 2653 940 2738 βασιλεῦ,
965 2658 1004 2729 εἰς
1023 2648 1094 2729 τοῦς
1111 2658 1220 2728 αἰῶνας
1235 2654 1314 2736 ζὴθι.
1347 2653 1412 2717 ¹²5

166 2729 273 2809 θόντες
295 2734 413 2813 λέγουσι
432 2738 476 2817 τῷ
494 2732 615 2814 βασιλεῖ.
641 2734 771 2820 βασιλεῦ,
803 2730 873 2810 θεός
889 2762 948 2817 μου
966 2735 1135 2803 ἀπέστειλεν
1150 2735 1202 2803 τὸν
1218 2735 1342 2815 ἄγγελον
1354 2735 1415 2800 αῦ-

167 2816 222 2901 οάχ
246 2815 367 2902 ὁρισμὸν
390 2819 512 2892 ἔταξας,
538 2813 621 2891 ὅπως
638 2822 700 2892 πᾶς
719 2816 771 2881 άν-
804 2821 876 2894 τοῦ,
901 2825 953 2885 καί
969 2824 1127 2906 ἐνέφραξεν
1142 2821 1182 2886 τά
1200 2818 1338 2903 στόματα
1350 2825 1415 2886 τῶν

164 2910 293 2983 θρωπος
310 2898 343 2976 ὃς
360 2898 398 2964 ἀν
422 2899 530 2991 αἰτήσῃ
551 2897 637 2984 παρά
660 2897 771 2976 παντὸς
803 2899 944 2981 λεόντων,
969 2902 1087 2969 καίοάκ
1100 2900 1283 3004 ἐλυμήναντό
1295 2929 1342 2986 με,
1367 2901 1414 2970 ὅτι

165 2989 242 3049 θεοῦ
258 2985 310 3049 καί
322 2982 487 3070 ἀνθρώπου
501 2985 621 3066 αἴτημα,
635 2988 691 3060 ἕως
703 2981 768 3068 ὴμε-
804 2987 961 3052 κατέναντι
971 2986 1069 3052 αὐτοῦ
1077 2983 1172 3049 εῦθντ
1191 2983 1327 3067 ςεῦρέθη
1336 2990 1417 3068 4⁴⁰¹,

164 3072 226 3151 ρῶν
237 3064 409 3151 τριάκοντα,
436 3065 499 3131 ἀλλ’
515 3065 534 3152 ή
546 3064 632 3153 παρὰ
646 3073 703 3133 σοῦ
714 3072 771 3153 βα·
805 3071 855 3134 καί
864 3066 989 3136 ἐντόπιον
999 3071 1034 3135 δέ
1041 3093 1097 3133 σου
1106 3012 1227 3151 βασιλιιῦ
1236 3067 1417 3150 παράπτω·

165 3149 262 3221 σιλεῦ,
288 3145 502 3234 ἐμβληθήσεται
528 3155 566 3224 εἰς
591 3146 644 3215 τόν
661 3146 772 3215 λάκκον
803 3179 845 3235 μα
867 3150 920 3218 οῦκ
937 3155 1072 3235 ἐποίησα.
1109 3149 1139 3190 ¹³
1152 3143 1256 3212 τότεὸ
1268 3150 1416 3234 βασιλεὺς

163 3235 225 3294 τιῦν
248 3227 393 3332 λεόντωνρ
419 3234 470 3295 καί
495 3230 572 3296 εἶπεν
591 3229 609 3297 5
626 3232 770 3317 βασιλεῦς.
804 3234 882 3301 πολὺ
908 3230 1069 3317 ήγαθόνθη
1091 3229 1134 3295 ἐπ’
1156 3229 1262 3315 αὐτῷ,
1287 3236 1414 3300 καὶτὸν

163 3309 307 3399 ἀλὴθινὸς
321 3312 339 3378 5
352 3313 451 3392 λογος,
472 3316 523 3379 καί
536 3313 572 3380 τὸ
585 3315 683 3397 δόγμα
695 3314 770 3400 Μή·
805 3313 914 3400 Δανιὴλ
925 3316 1004 3382 εἶπεν
1012 3313 1163 3392 ἀνενέγκαι
1172 3318 1205 3380 ἐκ
1214 3319 1272 3379 τοῦ
1288 3312 1411 3384 λάκκου

162 3398 223 3462 δων
252 3401 304 3464 καί
327 3402 454 3485 Περσῶν
485 3395 522 3464 οῦ
552 3396 770 3483 παρελεύσεται.
805 3403 854 3468 καί
866 3399 955 3485 ἀνηνέ
996 3397 1142 3482 ηΔαντὴλ
1160 3403 1193 3464 ἐκ
1211 3403 1269 3464 τοῦ
1288 3397 1411 3476 λάκκου,

164 3482 190 3522 ¹¹
204 3477 271 3548 τότε
283 3480 500 3566 ἀπεκρίθησαν,
513 3483 564 3547 καί
577 3483 713 3562 λέγουσιν
724 3487 770 3548 ἐν·
804 3487 856 3552 καί
864 3489 947 3550 πᾶσα
978 3481 1116 3568 ιαῳθορά
1128 3480 1182 3567 οὐχ
1192 3477 1305 3567 εῦρέθη
1314 3487 1344 3548 ἰν
1355 3483 1410 3549 αῦ-

162 3559 258 3628 άπιον
280 3571 335 3629 τοῦ
358 3565 512 3650 βασιλέως.
539 3566 650 3651 Δανιὴλ
669 3564 687 3631 5
706 3567 769 3632 ἀπὸ
804 3575 863 3652 τῷ,
887 3565 934 3633 ὅτι
947 3572 1113 3634 ἐπίστευσεν
1125 3568 1157 3630 ἐν
1169 3571 1213 3648 τῷ
1226 3570 1293 3648 θεῷ
1305 3565 1410 3631 αὐτοῦ.

161 3653 223 3708 τῶν
240 3651 312 3710 υἱῶν
329 3654 382 3731 τὴς
401 3649 601 3732 αἰχμαλωσίας
617 3655 670 3732 τὴς
691 3648 769 3715 Ἰου-
803 3653 834 3695 ²¹
849 3652 899 3716 καί
911 3650 989 3717 εἶπεν
1001 3648 1019 3716 5
1030 3649 1179 3736 βασιλεὺς,
1193 3650 1246 3713 καὶ
1257 3647 1411 3732 ὴγάγοσαν

161 3726 264 3802 δαίας,
292 3728 347 3833 οῦή
366 3728 496 3815 ὑπετάγη
509 3738 553 3815 τῷ
565 3729 693 3813 δόγματί
704 3760 769 3810 σου,
802 3732 875 3812 τοῦς
900 3734 1011 3819 ἀνδρας
1035 3732 1106 3806 τοὺς
1132 3730 1334 3818 διαβαλόντας
1359 3730 1412 3799 τὸν

162 3809 213 3870 καί
238 3837 359 3895 καιρονς
385 3825 462 3895 τρεῖς
485 3820 537 3897 τὴς
560 3812 669 3902 ὴμέρας
693 3822 772 3882 αἰτεῖ
802 3816 928 3900 Δανιὴλ,
952 3821 1002 3883 καί
1014 3822 1053 3892 εἰς
1065 3813 1118 3880 τὸν
1131 3812 1243 3881 λάκκον
1256 3820 1317 3880 τῶν
1329 3811 1412 3880 λεόν-

160 3887 245 3972 παρά
271 3899 326 3957 τοῦ
345 3903 421 3960 θεοῦ
439 3895 536 3963 αὐτοῦ
557 3900 596 3963 τὰ
616 3896 768 3983 αἰτήματα
801 3925 863 3965 των
882 3897 1084 3988 διεβλήθησαν
1102 3896 1206 3974 αὐτοὶ,
1232 3899 1286 3963 καί
1304 3901 1336 3964 οἰ
1354 3899 1413 3964 υίοί

160 3969 266 4037 αὐτοῦ.
286 3974 388 4042 14τότε
401 3976 419 4041 5
431 3980 575 4065 βασιλεὺς,
588 3979 628 4057 ὡς
641 3984 677 4047 τὸ
689 3988 767 4068 ῥῆμα
800 3981 904 4048 αὐτῶν
909 4033 920 4061 ,
944 3987 997 4048 καί
1015 3989 1049 4048 αἱ
1071 3993 1205 4061 γυναῖκες
1222 3979 1335 4045 αὐτῶν.
1362 3985 1413 4047 καί

159 4051 279 4137 ἤκουσε,
296 4056 378 4122 πολὺ
392 4061 527 4148 ἐλυπήθη
542 4063 585 4129 ἐπ’
602 4065 696 4149 αὐτῷ,
715 4069 766 4132 καί
799 4063 853 4131 οῦκ
872 4069 1016 4147 ἐρθασαν
1033 4071 1073 4140 εἰς
1090 4063 1126 4131 τὸ
1143 4066 1253 4144 ἔδαφος
1265 4069 1326 4129 τοῦ
1338 4061 1411 4130 λάκ·

158 4139 226 4223 περὶ
243 4143 299 4201 τοῦ
313 4141 428 4224 Δανιὴλ
449 4146 616 4228 ήγωνίσατσ
630 4155 685 4213 τοῦ
704 4152 766 4225 ἐξε-
798 4176 862 4225 κου,
876 4153 932 4225 ἕως
942 4141 980 4215 οῦ
990 4153 1159 4234 ἐκυρίευσαν
1171 4145 1273 4212 αὐτῶν
1283 4152 1315 4212 οῖ
1324 4147 1412 4214 λέον-

157 4219 402 4321 λζέσθαιναῦτόν,
431 4230 482 4291 καὶ
498 4235 553 4304 ἕως
580 4233 704 4312 ἑσπέρας
731 4223 766 4317 ήν
797 4259 859 4310 τες,
885 4238 937 4299 καί
953 4229 1058 4299 πάντα
1076 4230 1115 4297 τὰ
1132 4229 1211 4297 ὀστᾶ
1227 4228 1410 4296 αῦτῶνέλέ-

157 4308 371 4389 ιιγωνιζομενος
400 4314 456 4371 τοῦ
480 4313 634 4384 ἐξελέσθαι
659 4314 763 4381 αὐτόν.
797 4342 920 4383 πτυναν.
956 4320 985 4362 ²¹
1000 4315 1068 4383 τότε
1084 4321 1213 4400 Δαρεῖος
1239 4312 1412 4399 ὁβοσιλεὺς

156 4389 181 4429 ¹⁵
196 4385 263 4453 “¹1¹
281 4394 313 4454 θλ
331 4389 431 4475 ἅίδθές
453 4396 556 4456 ἐκεῖνον
574 4395 695 4472 λέγουσι
719 4406 764 4483 τῷ
798 4404 915 4485 ε”γραιγε
925 4404 1002 4468 πᾶσι
1012 4412 1074 4475 τοῖς
1083 4398 1180 4473 λαοῖς,
1190 4397 1309 4479 φυλαῖς,
1315 4396 1412 4476 γλώσ·

149 4471 275 4554 βασιλεῖ.
298 4479 394 4552 γνιῦθι
406 4476 538 4562 βασιλεῦ,
555 4472 603 4545 ότι
616 4474 652 4546 τό
665 4480 764 4566 δόγμα
799 4511 875 4561 σαις,
888 4497 953 4561 τοῖς
965 4489 1098 4552 οἰκοῦσιν
1111 4487 1144 4548 ἐν
1154 4476 1282 4578 πάσητῇ
1294 4487 1344 4570 γῇ.
1365 4487 1412 4586 ἐἰ-

1334 4592 1412 4652 0Ψί
