2924 4972
234 237 524 304 ΒΑΣΙΛΕΙΩΝ
549 238 773 302 ΔΕΥΤΕΡΑ
814 231 932 318 Κεφί.
947 232 996 302 ια’.
1012 237 1127 304 10.st
1243 238 1308 306 317

62 355 145 458 ήμῶν
164 355 293 437 καὶπερὶ
311 357 373 416 τῶν
389 349 506 416 πόλεων
524 355 580 414 τοῦ
592 355 666 415 θεοῦ
703 348 779 437 αὐτη
791 350 949 439 Βηρσαβεὶ
966 348 1104 477 θυγάτηρ
1118 349 1221 441 Ἐλιάβ
1235 350 1309 439 γυνή

61 443 157 522 ημῶν,
183 439 233 501 κατ’
245 435 344 520 κύριος
360 429 476 518 ποιήσει
493 430 530 498 τὸ
549 429 668 510 ἀγαθὸν
706 432 817 520 Οὐρίου
826 438 881 499 τοῦ
895 441 1065 512 Χετταίους
1109 435 1162 498 καί
1173 432 1311 503 άπίοτει-

63 526 94 586 ἐν
110 518 280 602 ὀφθαλμοῖς
298 515 403 582 αὐτοῦ.
429 518 456 559 ¹³
468 518 519 579 καί
536 515 669 599 προςήλ-
703 515 752 581 λεν
765 517 862 582 Δαυίδ
880 515 1038 595 άγγιλους,
1065 519 1118 582 καὶ
1136 517 1243 602 ἔλαβεν
1255 517 1311 583 αὐ·

62 615 117 668 θεν
126 599 217 689 Ἰιοάβ
232 603 285 665 καί
303 597 408 674 ὁλαὸς
424 596 519 663 αὐτοῦ
535 595 594 680 μετ’
611 595 669 661 αὐ·
703 598 768 682 τήν,
780 601 832 663 καί
843 600 957 681 ελςήλθε
969 596 1045 684 πρὸς
1057 597 1162 684 αὐτήν,
1174 601 1225 665 καί
1234 603 1313 665 lxo·-

61 689 119 751 τοῦ
133 689 171 758 είς
179 681 308 766 πόλεμον
315 680 392 768 πρὸς
399 686 525 767 Συρίαν,
538 683 588 744 καὶ
597 684 670 760 ἔφυ·
703 678 786 764 μήθη
798 679 856 762 μετ’
873 681 974 765 αὐτῆς.
986 684 1038 745 καί
1049 678 1124 767 αὐτη
1136 677 1313 766 άνιαζομίνη

61 792 118 847 γαν
130 764 194 831 άπὸ
214 761 375 852 προςάπου
389 763 493 829 αὐτοῦ.
531 762 561 805 ¹⁴
575 765 670 828 καλοί
704 760 768 828 άπὸ
782 762 972 850 ἀκαθαρσίας
984 762 1085 847 αὐτῆς,
1102 763 1312 850 καύάπίστρε·

64 853 124 916 υίολ
143 847 263 933 Ἅμμών
287 847 368 914 εἶδαν
388 843 435 913 ὅτι
454 851 543 929 ἔφυγε
559 852 668 932 Συρία,
704 867 761 930 φνεν
775 851 814 920 είς
831 843 884 908 τὸν
897 845 979 911 οίκον
997 841 1097 928 αὐτῆς.
1124 849 1202 911 ’καί
1213 848 1244 913 ίν
1255 872 1312 925 γα-

63 937 113 1000 καί
132 935 246 1014 ἐφυγαν
264 929 328 996 άπὸ
349 926 510 1016 προςαίπου
529 927 668 1016 Ἀβεοσὰ,
705 933 774 1015 στρί
785 927 892 1013 ἔλαβεν
904 925 923 1011 ή
934 924 1017 1012 γυνή.
1043 929 1095 993 καί
1107 924 1312 997 ὐποστείλασα

62 1019 113 1081 καί
130 1015 265 1098 εῑςήλθον
284 1019 322 1089 είς
340 1012 396 1094 τήν
412 1007 508 1079 πάλιν.
535 1015 587 1077 καί
599 1009 669 1075 ὐνί-
705 1008 860 1095 ἀπήγγειλε
879 1015 923 1095 τῷ
936 1010 1048 1088 Auula,
1073 1013 1124 1075 καί
1140 1009 1227 1077 εἶπεν.
1252 1009 1311 1092 ίγιά

18 1096 22 1137 ²
63 1095 365 1184 στρεψενἸωύβάπὸ
378 1101 440 1160 τῶν
454 1099 526 1158 υἱῶν
539 1090 668 1176 Ἀμμών,
705 1099 760 1176 είμι
784 1097 816 1159 ίν
833 1094 943 1178 γαστρὶ
960 1095 1025 1177 ίχιο.
1064 1094 1142 1158 οκαί
1159 1091 1312 1162 ἀπέστειλε

61 1183 113 1245 καί
124 1182 300 1266 παρεγένετο
314 1172 564 1262 ελςἾερουσαλήμ.
583 1175 669 1238 15καλ
706 1175 805 1240 Δαυίδ
818 1175 894 1262 πρὸς
902 1173 1005 1282 Ἰωάβ,
1017 1174 1118 1252 λέγων.
1136 1173 1311 1243 ἀπόστειλον

61 1263 116 1329 εἶδε
142 1269 241 1347 Συρία
267 1258 315 1324 ὅτι
340 1264 473 1323 ε”πταισεν
502 1261 670 1340 ἔμπροσθεν
705 1255 892 1343 πρύςμὲτύν
905 1257 1017 1343 Οὐριαν
1028 1257 1081 1322 τὸν
1090 1262 1314 1325 Χετταῖον.καί

59 1343 195 1431 Ἰσραήλ,
210 1346 261 1407 καί
274 1338 460 1445 συνήηθησαν
472 1343 524 1405 ε’πλ
535 1337 571 1403 τὸ
583 1333 669 1402 αὐτά.
707 1340 873 1406 ἀπέστειλεν
878 1339 971 1427 Ἰανὰβ
978 1340 1031 1406 τὸν
1042 1338 1156 1425 Οὐρίαν
1162 1336 1240 1426 πρύς
1248 1345 1314 1406 Δα-

60 1430 153 1492 16καὶ
165 1423 335 1490 ἀπέστειλεν
347 1421 523 1502 Αδρασζὰρ,
540 1423 592 1486 καί
603 1443 670 1484 συν-
708 1424 763 1489 υίδ.
780 1426 849 1490 7καί
861 1429 1057 1510 παραγίνεται
1072 1422 1182 1510 Οὐρίας
1195 1424 1247 1488 καί
1258 1428 1314 1500 είς-

61 1510 153 1593 ήγαγε
177 1510 233 1590 τήν
249 1511 363 1591 Συρίαν
381 1509 436 1609 τήν
455 1511 487 1569 ἐκ
504 1509 559 1569 τοῦ
574 1505 670 1588 πέραν
706 1507 781 1589 ἦλθε
804 1504 882 1593 πρὸς
907 1505 1014 1581 αὐτὸν,
1048 1509 1100 1572 καί
1124 1503 1315 1592 ἔπηράτησεν

61 1598 118 1658 τοῦ
130 1594 272 1671 ποταμοῦ
284 1589 452 1673 Χαλαμακ,
478 1589 530 1652 καί
541 1589 669 1671 παρενέ-
706 1590 804 1655 Λαυὶδ
814 1596 854 1665 είς
866 1585 981 1674 εἰρήνην
993 1587 1094 1670 Ἰωάβ,
1120 1592 1171 1654 καί
1183 1594 1222 1664 είς
1233 1585 1313 1675 είρή-

61 1699 151 1740 νοντο
173 1679 212 1749 εἰς
231 1669 345 1755 Αίλάμ.
371 1675 423 1736 καὶ
439 1669 551 1757 Σουβάν
570 1669 669 1756 άρχων
706 1698 756 1757 νην
767 1677 823 1738 τοῦ
835 1673 929 1749 λαοῦ,
943 1674 1045 1747 καλεῖς
1057 1677 1100 1757 είρ
1111 1669 1173 1756 ’νην
1184 1677 1240 1737 τοῦ
1252 1695 1313 1738 πο-

60 1763 114 1859 τής
141 1753 289 1837 δυνάμεως
307 1753 475 1842 Ἀδρααζάρ
500 1757 668 1839 ἔμπροσθεν
705 1757 803 1840 λέμου.
841 1757 920 1821 ι’καί
944 1755 1007 1821 είπε
1023 1700 1123 1821 Δαυλδ
1141 1759 1186 1839 τῷ
1205 1751 1312 1840 Οὐρία.

62 1845 170 1904 αυτιύν.
211 1841 238 1881 ¹⁷
248 1841 300 1903 καί
324 1838 477 1922 ὐπηγγελη
495 1841 540 1919 τῷ
558 1837 665 1910 Δαυίδ,
705 1836 856 1927 κατάβηθι
867 1844 906 1915 είς
917 1837 971 1904 τὸν
983 1836 1066 1905 οἶκόν
1078 1864 1147 1916 σου,
1163 1840 1214 1903 καί
1226 1843 1313 1920 νίψαι

61 1925 111 1987 καί
123 1918 266 2005 συνήγαγε
278 1919 333 1987 τὸν
345 1920 447 1988 πάντα
460 1919 592 2006 Ἰσραήλ,
616 1921 667 1984 καί
704 1922 774 1998 τούς
793 1921 891 1998 πόδας
909 1948 972 1988 σου.
999 1925 1052 1988 καὶ
1063 1922 1187 2007 ἐξῆλθεν
1201 1918 1313 2008 Οὐρίας

61 2006 140 2093 διέβη
157 2004 209 2068 τὸν
228 2003 398 2092 Ἰορδάνην,
423 2006 475 2070 καί
490 2005 666 2089 παρεγένετο
705 2010 736 2082 ἐξ
762 2006 845 2071 οἴκου
867 2010 924 2070 τοῦ
934 2005 1096 2107 βασιλέως,
1122 2006 1174 2070 καί
1191 2003 1313 2088 ξηλθεν

60 2094 99 2163 εἷς
124 2085 238 2171 Αίλάμ.
276 2091 328 2152 καί
354 2083 543 2174 παρετάξατο
567 2091 667 2171 Συρία
705 2087 802 2153 ὀπίσω
813 2086 909 2153 αὐτοῦ
919 2087 1003 2174 ὐρσις
1012 2091 1070 2151 τοῦ
1078 2088 1230 2173 βασιλέως.
1240 2089 1312 2153 ίκαί

60 2168 203 2237 άπέναντι
215 2172 327 2245 Λαυλδ,
346 2175 398 2236 καί
409 2169 594 2251 ἐπολέμησαν
605 2164 663 2250 μετ’
705 2167 850 2254 ἐκοιμήθη
865 2169 975 2254 Οὐρίας
992 2167 1077 2255 παρά
1096 2175 1134 2261 τῇ
1152 2169 1237 2255 θύρα
1255 2172 1312 2235 τοῦ

60 2252 162 2319 αὐτοῦ.
184 2256 213 2297 ¹⁸
226 2256 278 2319 καὶ
290 2257 377 2333 ἔφυγε
389 2258 488 2337 Συρία
500 2248 562 2316 ἀπὸ
575 2276 667 2335 προς
705 2253 851 2339 βασιλέως
862 2253 1007 2334 μετὰτῶν
1019 2248 1135 2316 δούλιον
1143 2256 1197 2318 τοῦ
1206 2277 1243 2316 κυ
1263 2259 1311 2317 ίου

59 2335 287 2419 ώπουἸοραήλ,
301 2338 352 2400 καὶ
365 2334 458 2400 ἀνεῖλε
467 2335 667 2416 Δαυύδέκτής
706 2334 815 2410 αὐτοῦ,
840 2335 894 2398 καί
915 2332 953 2399 οὐ
970 2337 1080 2419 κατέβη
1098 2339 1137 2410 είς
1153 2334 1208 2400 τὸν
1226 2362 1244 2400 ο
1295 2358 1311 2401 ν

58 2425 173 2504 Συρίας
186 2414 350 2482 ἑπτακόσια
366 2414 487 2502 ἅρματα
499 2418 551 2479 καί
562 2439 667 2480 τεσσα-
706 2414 808 2482 αὐτοῦ.
843 2417 936 2480 10καί
954 2412 1128 2499 άνήγγειλαν
1143 2421 1188 2499 τῷ
1206 2418 1312 2492 Δαυίδ,

59 2499 194 2585 ριίκοντα
217 2495 349 2581 χιλιάδας
375 2500 505 2571 ἱππέων,
538 2498 591 2559 καί
614 2493 668 2560 τὸν
706 2500 845 2575 λέγοντες.
859 2493 906 2562 ὅτι
917 2495 954 2561 οὐ
965 2500 1075 2583 κατέβη
1086 2496 1130 2562 Οὐ
1151 2505 1197 2571 ίας
1210 2503 1249 2573 είς
1257 2500 1312 2563 τὸν

58 2583 173 2669 Σωβάκ
186 2581 239 2646 τὸν
251 2580 382 2665 ἄρχοντα
395 2585 447 2661 τῆς
455 2574 603 2660 δυνάμεως
612 2575 667 2641 αὐ·
707 2580 790 2647 οἶκον
803 2578 905 2645 αὐτοῦ.
920 2582 970 2644 καὶ
983 2578 1044 2644 εἶπε
1055 2523 1152 2645 Δαυλύ
1162 2579 1239 2664 πρὸς
1251 2577 1312 2644 Οὐ-

58 2672 117 2733 τού
129 2661 267 2740 ἐπάταξε,
280 2665 330 2728 καί
343 2662 493 2730 ἀπέθανεν
504 2666 568 2726 ἐκεῖ.
585 2661 669 2724 1οκοιλ
707 2669 783 2745 ρίαν.
811 2660 878 2745 οὐχί
890 2665 921 2739 ἐξ
933 2659 1007 2727 ὁδού
1019 2662 1057 2727 σύ
1069 2667 1154 2758 ἔρχη,
1173 2668 1205 2728 τί
1215 2660 1262 2728 ὅτι
1275 2660 1311 2727 οὐ

58 2751 142 2816 εἶδαν
166 2744 274 2822 πάντες
299 2751 330 2812 οῖ
353 2745 482 2834 βασιλεῖς
507 2748 538 2809 οί
563 2743 667 2809 δοῦλοι
707 2749 832 2833 κατέβης
844 2750 882 2820 εἰς
894 2745 948 2811 τὸν
961 2741 1045 2813 οἶκόν
1057 2772 1128 2825 οους
1142 2748 1222 2812 11καί
1232 2745 1312 2812 είπεν

53 2831 225 2920 Ἀδρααζάρ
251 2827 299 2895 ὅτι
324 2834 470 2895 ἔπταισαν
496 2830 667 2913 ἔμπροσθεν
708 2828 819 2915 Οὐρίας
834 2828 910 2915 πρὸς
929 2830 1033 2895 Δαυίδ.
1059 2827 1235 2916 ήκιβοντός,
1260 2831 1312 2895 καί

54 2914 190 2999 Ἰσραήλ,
216 2918 267 2978 καί
305 2910 489 2996 ὐτομόλησαν
508 2909 582 2994 μετά
603 2908 666 2976 Ἰσ-
702 2911 823 2999 Ἰσραήλ
852 2915 903 2977 καί
928 2909 1044 2988 Ἰούδας
1068 2918 1255 2979 κατοικοῦσιν
1279 2916 1311 2977 ἐν

58 2999 147 3083 ραήλ,
159 3001 210 3063 καὶ
219 2942 394 3063 ἐδούλευοαν
407 2995 517 3071 αὐτοῖς.
531 2995 583 3059 καί
592 2996 666 3074 ἔφο-
706 3008 833 3080 σκηναῖς,
855 2997 906 3061 καί
919 2992 937 3061 ὃ
951 2991 1049 3081 κύριός
1060 3024 1119 3082 μου
1128 2995 1234 3084 Ἰιοδιβ,
1260 2997 1311 3061 καί

55 3081 141 3187 βήθη
154 3088 250 3167 Συρία
262 3086 318 3146 τοῦ
330 3086 425 3148 σῶσαι
438 3083 481 3144 ἔτι
497 3078 566 3155 τούς
579 3075 665 3153 υίούς
705 3085 734 3144 οἱ
750 3081 854 3146 δοῦλοι
872 3084 928 3145 τού
941 3086 1043 3165 κυρίου
1055 3106 1113 3163 μου
1129 3080 1179 3146 ἐπὶ
1190 3073 1310 3165 πρόςω-

54 3163 178 3248 Αμμάν.
703 3190 761 3229 πον
786 3168 841 3227 τοῦ
859 3161 956 3248 άνροῦ
973 3158 1213 3250 παρεμβάλλουσι
1221 3212 1232 3239 ,
1259 3164 1310 3227 καί

240 3254 314 3312 ΚΕ
327 3253 365 3312 Φ.
410 3248 483 3311 ΙΑ.
703 3249 761 3324 ἐγὼ
775 3243 968 3329 εῖςῠεύοομαι
979 3251 1018 3322 είς
1030 3246 1084 3312 τὸν
1094 3242 1178 3312 οἶκόν
1187 3272 1244 3328 μου
1254 3249 1309 3310 τοῦ

57 3299 142 3397 Καὶ
159 3334 270 3407 ἐγένετο
287 3333 523 3413 ἐπιστρέψαντος
536 3335 591 3394 τού
605 3334 665 3394 ἐνι-
703 3341 816 3410 φαγεῖν,
832 3331 883 3393 καὶ
894 3339 970 3393 πιεῖν
983 3332 1036 3394 καὶ
1046 3334 1225 3412 κοιμηθῆναι
1237 3323 1309 3408 μετά

58 3419 154 3480 αυτοῦ
172 3418 210 3485 εἷς
229 3411 281 3474 τὸν
299 3410 402 3493 καιρὸν
415 3416 466 3491 τῆς
479 3413 592 3487 ἕξοδίας
604 3417 665 3475 τῶν
704 3416 757 3495 τῆς
778 3408 913 3487 γυναικός
927 3437 987 3496 μου
992 3440 1005 3490 ,·
1030 3417 1110 3491 πῶς,
1137 3406 1207 3503 ζῇή
1227 3405 1308 3491 ψυχή

54 3495 221 3605 βασιλέων,
247 3493 298 3556 καὶ
321 3490 473 3556 ἀπέστειλε
490 3494 587 3557 Δαυίδ
610 3491 666 3558 τὸν
704 3519 768 3569 σου,
782 3499 807 3558 εί
817 3490 937 3579 ποιήσω
950 3492 985 3558 τύ
999 3497 1078 3578 ῥῆμα
1091 3497 1191 3558 τοῦτο.
1216 3493 1244 3532 ¹²
1257 3493 1310 3554 καί

63 3578 157 3664 Ιιοάβ,
171 3577 222 3641 καὶ
235 3574 306 3648 τούς
315 3576 426 3647 παῖδας
436 3572 530 3638 αὐτοῦ
539 3573 596 3656 μετ’
611 3572 666 3639 αὐ-
703 3574 764 3640 εἶπε
776 3579 873 3643 Δαυλδ
888 3575 965 3663 πρὸς
978 3575 1099 3663 Οὐρίαν,
1124 3572 1251 3639 κάθισον
1264 3574 1308 3636 ἐν·

59 3667 115 3730 τοῦ
133 3663 184 3726 καὶ
196 3657 250 3724 τὸν
268 3655 369 3722 πάντα
382 3653 520 3743 Ἰσραήλ,
542 3659 593 3722 καί
606 3657 666 3720 διέ-
703 3663 807 3722 ταύθα
819 3667 871 3724 καί
880 3687 913 3738 γε
923 3656 1055 3745 σήμερον,
1065 3658 1117 3723 καί
1127 3655 1232 3741 αὐριον
1241 3657 1309 3733 ἔξα-

61 3757 187 3832 φθειραν
199 3742 270 3816 τούς
284 3735 497 3823 υίούςἈμμσίν.
510 3733 667 3804 καίδιεκά-
703 3738 840 3804 ποοτελῶ
860 3767 900 3807 σε.
927 3744 978 3807 καί
999 3738 1135 3809 ἐκάθισεν
1155 3738 1267 3826 Οὐρίας
1279 3742 1310 3803 ἐν

59 3841 152 3895 θισαν
170 3830 219 3893 ἐπὶ
238 3820 386 3909 Ῥαββάθ.
412 3825 463 3888 καί
480 3824 578 3888 Λαυλδ
596 3817 666 3887 ἒκά-
700 3819 893 3907 Ἰερουσαλήμ
907 3828 937 3888 ἐν
948 3829 986 3887 τί
999 3821 1095 3925 ήμέρᾳ
1107 3830 1198 3908 ἐκείνη
1211 3826 1261 3888 καὶ
1270 3828 1309 3906 τῆ

58 3924 142 3978 θιοεν
167 3915 199 3976 ἐν
216 3903 417 4012 Ἰερουσαλήμ
455 3909 535 3971 2καὶ
553 3908 665 3986 ἐγένετο
704 3899 858 3988 ἐπαύριον.
870 3906 953 3969 13καί
997 3892 1311 3975 αλεσεναύτάνΛαυίδ

58 3995 136 4079 πρὸς
148 3996 292 4079 ἑσπέραν,
310 3994 361 4057 καί
373 3994 480 4073 ανέστη
493 3993 590 4056 Δαυὶδ
602 3988 664 4055 άπὸ
703 3991 754 4054 καί
770 3992 876 4071 ἔφαγεν
893 3983 1019 4053 ἐνώπιον
1035 3989 1146 4067 αὐτοῦ,
1172 3993 1225 4057 καὶ
1236 3994 1307 4067 ἔπιε,

58 4085 112 4164 τής
125 4083 224 4160 κοίτης
241 4074 351 4152 αὐτοῦ,
376 4076 427 4139 καί
438 4073 603 4154 περιεπάτει
615 4075 666 4139 ἐπὶ
702 4076 754 4138 καὶ
763 4076 905 4158 ἐμέθυσεν
914 4070 1016 4147 αὐτὸν,
1028 4076 1078 4137 καί
1086 4074 1210 4159 ἐξῆλθεν
1218 4077 1308 4141 ἕσπέ-

58 4166 116 4226 τοῦ
128 4155 262 4240 δώματος
274 4163 330 4223 τοῦ
344 4159 428 4223 οἴκου
441 4162 496 4223 τοῦ
507 4158 663 4244 βασιλέως,
703 4183 757 4242 ρας
782 4161 838 4222 τοῦ
863 4159 1040 4241 κοιμηθῆναι
1066 4159 1117 4223 ἐπὶ
1140 4160 1192 4243 τῆς
1208 4164 1308 4241 κοίτης

59 4248 112 4309 καὶ
131 4242 186 4307 εἶδε
201 4254 325 4319 γυναῖκα
351 4242 511 4323 λουομένην
528 4241 590 4306 ὐπὸ
609 4244 664 4305 τοῦ
703 4238 799 4305 αὐτοῦ
821 4236 893 4322 μετὰ
916 4245 978 4304 τῶν
997 4237 1113 4308 δούλιον
1130 4246 1187 4307 τοῦ
1205 4248 1307 4326 κυρίου

59 4324 212 4408 δώματος,
236 4327 287 4388 καὶ
309 4323 328 4430 r}
352 4325 425 4409 γυνή
445 4321 521 4406 καλή
539 4327 584 4406 τῷ
601 4324 664 4389 εῖδει
703 4322 808 4398 αὐτοῦ,
821 4325 872 4389 καί
882 4329 920 4400 είς
929 4322 980 4389 τὸν
990 4323 1073 4391 οἶκον
1082 4324 1176 4393 αὐτοῦ
1188 4323 1224 4388 οὐ
1233 4347 1308 4388 κατ-

58 4407 187 4493 σφόδρα.
213 4409 227 4449 ³
240 4410 292 4471 καί
311 4408 462 4474 απέστειλε
476 4409 587 4483 Λαυὶδ,
613 4409 665 4471 καί
703 4408 762 4490 ε’βη.
787 4405 817 4447 ¹⁴
831 4410 881 4471 καί
893 4411 1004 4484 ἐγένετο
1016 4411 1106 4494 πρωῒ,
1132 4407 1183 4470 καὶ
1195 4409 1308 4507 ἔγραψε

57 4488 178 4576 ἐζήτησε
191 4489 245 4574 τήν
256 4503 396 4569 γυναῖκα,
421 4493 472 4556 καί
484 4488 572 4556 εἶπεν.
600 4487 664 4575 οὐχὶ
702 4492 799 4556 Δαυὶδ
813 4491 927 4577 βιβλίον
945 4488 1021 4579 πρὸς
1034 4489 1143 4575 Ἰωάβ,
1167 4491 1218 4552 καί
1231 4487 1308 4630 mii·

1201 4591 1260 4632 στει
1292 4590 1306 4630 ν
