2924 4972
164 235 229 300 456
272 230 765 298 ΠΑΡΑΛΕΙΠΟΜΕΝΩΝ
788 231 919 290 ηυντ.
962 221 1304 305 ιειφωγεοϊνενί.

162 357 333 435 σιαστηρίου
347 353 465 414 καὶτοῦ
477 349 573 420 οἴκου,
588 350 638 411 ἐπὶ
647 345 700 410 τὸν
707 352 761 433 βα·
796 372 864 431 χας,
876 349 927 409 καί
937 341 1010 418 τούς
1022 341 1178 416 δυνατούς,
1198 340 1332 415 καὶτοὺς
1345 341 1405 445 άρ-

162 434 245 500 σιλέα
256 430 364 515 κύκλῳ.
400 434 426 472 11
439 432 490 494 καί
501 425 622 511 ἐξήγαγε
634 427 686 493 τὸν
700 430 765 493 υἱὸν
797 453 903 512 χοντας
915 430 971 491 τοῦ
984 425 1074 501 λαού,
1089 427 1139 489 καί
1151 421 1252 489 πάντα
1265 419 1317 487 τὸν
1328 423 1408 488 λασν

161 521 217 580 τοῦ
254 515 393 589 ασιλέως,
418 514 469 577 καῖ
486 513 591 575 ἐδωκεν
608 509 652 575 ἐπ’
673 508 766 575 αὐτὸν
798 515 851 592 τής
863 514 933 591 γῆς,
959 510 1009 572 καί
1026 511 1203 594 ἐπεβίβασαν
1214 505 1267 570 τὸν
1278 506 1408 591 βασιλέα

164 599 199 664 τὸ
224 520 369 685 βλισίλειον
392 596 443 659 καί
467 591 508 658 τά
530 588 691 678 μαρτύρια,
715 596 767 656 καί
799 596 839 665 εἰς
856 590 937 655 οἶκον
954 596 1071 674 κυρίου,
1097 591 1149 654 καί
1165 590 1278 691 εἲςηλθε
1290 586 1340 652 διά
1353 595 1407 672 τής

163 681 356 767 ἐβασίλευσαν
368 679 420 743 καί
432 680 548 760 ἔχρισαν
559 673 651 740 αὐτὸν
664 672 767 739 Ἰωδαέ
799 670 894 756 πύλης
906 678 959 756 τής
977 668 1126 756 ἐσωτέρας
1139 677 1177 746 είς
1189 695 1241 735 τον
1254 669 1336 735 οίκον
1348 677 1407 737 τοῦ

162 761 181 828 δ
196 759 284 847 ἱερεύς
297 764 347 825 καί
364 764 394 824 οἴ
407 762 466 823 υλοί
481 756 593 832 αὐτοῦ,
606 759 658 821 καί
670 755 766 832 είπαν,
798 751 959 841 βασιλέως,
984 756 1035 818 καί
1054 749 1197 819 ἐκάθισαν
1213 749 1407 840 τὸνβασιλέα

164 841 244 928 ζήτω
256 842 273 908 ὁ
286 836 427 929 βασιλεύς.
444 842 528 906 12καὶ
541 839 647 923 ἤκουσε
659 844 767 904 Γοθο-
800 841 852 903 ἐπὶ
864 843 920 903 τοῦ
939 834 1054 925 θρόνου
1066 843 1118 920 τής
1130 836 1286 923 βασιλείας.
1312 840 1340 879 ²¹
1354 839 1407 900 καῖ

163 928 215 992 λία
238 924 291 1011 τήν
312 920 413 1007 φωνήν
428 927 485 988 τοῦ
503 921 581 987 λαού
597 917 765 1008 τρεχόντων,
800 917 959 1006 ηὐφράνθη
972 925 1031 994 πάς
1045 918 1062 984 ὁ
1075 920 1148 995 λαὸς
1161 926 1213 1005 τής
1225 924 1292 998 γῆς,
1317 921 1370 984 καί
1386 916 1406 1004 ἢ

162 1012 214 1075 καὶ
226 1008 515 1090 ἐξομολογουμένων,
541 1007 593 1071 καί
606 1000 766 1070 αἰνούντων
800 998 887 1079 πόλις
910 998 1053 1087 ἡσύχασε,
1091 1005 1142 1068 καί
1166 1005 1221 1088 τήν
1245 1003 1407 1068 Γοθολίαν

161 1089 215 1158 τὸν
226 1092 358 1178 βασιλέα.
372 1092 422 1154 καί
432 1090 545 1172 είςήλθε
556 1087 633 1172 πρὸς
645 1085 698 1152 τὸν
710 1091 767 1173 βα·
800 1082 1007 1152 ἐθανάτωσαν.

163 1175 245 1241 οιλέα
259 1180 297 1250 εἰς
308 1173 391 1239 οἶκον
403 1178 512 1256 κυρίου.
538 1170 768 1245 11καίείδε,καί
832 1172 853 1204 ⁹¹
980 1175 1014 1232 Κ
1026 1176 1055 1231 E
1067 1174 1106 1232 Φ.
1149 1164 1232 1232 KA'.

163 1258 228 1323 ἴδού
247 1254 265 1322 ὁ
276 1255 411 1343 βασιλεὺς
428 1257 478 1318 ἐπὶ
490 1258 543 1337 τής
563 1251 692 1329 στάσεως
711 1252 766 1317 αύ-
803 1218 874 1315 Ων
896 1254 971 1315 ἐτῶν
988 1249 1066 1315 ἑπτά
1088 1249 1176 1325 Ἰωάς
1195 1257 1226 1316 ἐν
1250 1257 1293 1334 τῷ
1319 1257 1408 1338 βασι-

161 1345 233 1417 τού,
262 1342 313 1404 καί
330 1341 380 1403 ἐπὶ
395 1341 446 1420 τῆς
459 1332 571 1410 εῑςόδου
589 1341 620 1401 οἴ
632 1335 768 1421 άρχοντες
800 1331 891 1398 λεύειν
915 1330 1021 1410 αὐτὸν,
1047 1335 1098 1398 καὶ
1116 1330 1338 1419 τεσσαράκοντα
1356 1339 1408 1420 ἐτη

163 1425 215 1488 καὶ
227 1428 260 1486 αῖ
270 1419 435 1497 σάλπιγγες.
449 1420 500 1482 καί
512 1424 542 1482 οἱ
554 1417 691 1503 άρχοντες
700 1423 769 1503 περὶ
801 1415 984 1501 ἐβασίλευσεν
996 1420 1027 1481 ἐν
1035 1415 1238 1502 Ἰερουσαλήμ,
1252 1421 1303 1482 καὶ
1312 1418 1408 1500 ὄνομα

162 1502 216 1568 τόν
227 1503 367 1589 βασιλέα,
394 1504 445 1564 καί
461 1503 523 1574 πάς
535 1497 552 1563 ὁ
564 1500 637 1576 λαὸς
649 1505 702 1584 τῆς
713 1506 767 1584 γής
799 1505 838 1592 τῇ
854 1501 944 1584 μητρί
962 1498 1059 1564 αὐτοῦ
1073 1499 1172 1587 Σαβιὰ
1190 1505 1221 1563 ἐκ
1238 1506 1406 1587 Βηρσαβεέ.

163 1581 338 1670 ηὐφράνθη,
363 1583 413 1647 καί
431 1577 592 1647 ἐσάλευσαν
608 1595 675 1658 ταῖς
693 1583 768 1648 σάλ-
800 1584 876 1646 2καί
889 1580 1120 1666 ἐντοίηοενἸωάς
1133 1581 1168 1646 τὸ
1182 1582 1267 1659 εύθές
1280 1581 1407 1650 ἐνώπιον

162 1671 252 1744 πιγξι.
275 1669 325 1731 καὶ
338 1671 369 1730 οἱ
382 1664 502 1748 ᾄδοντες
512 1668 543 1730 ἐν
556 1677 618 1742 τοῖς
630 1662 769 1752 ὀργάνοις
801 1671 903 1750 κυρίου
920 1663 1020 1741 πάσας
1037 1665 1091 1739 τάς
1110 1662 1219 1749 ἡμέρας
1233 1665 1340 1732 Ἰωδαὲ
1352 1673 1409 1734 τοῦ

163 1749 252 1834 ᾠδοί,
278 1751 329 1815 καί
347 1744 499 1831 ὑμνοῦντες
511 1747 602 1813 αένον.
628 1752 678 1813 καῖ
691 1751 768 1835 διέβ-
802 1743 910 1832 ῖερέως.
949 1751 1026 1814 3καί
1044 1749 1151 1834 ἔλαβεν
1164 1750 1269 1814 Ἰωδαὲ
1286 1751 1340 1817 δύο
1353 1778 1408 1828 γυ-

163 1836 228 1919 ρηξε
241 1832 384 1899 Γοθολία
401 1828 455 1915 τήν
467 1830 573 1913 στολήν
585 1830 692 1917 αιίτής,
717 1833 768 1896 καὶ
801 1841 904 1905 ναῖκας
930 1834 1044 1915 ἐαυτῷ,
1070 1835 1120 1896 καί
1146 1829 1304 1937 ἐγέννησαν
1322 1831 1408 1909 υἱούς

162 1912 273 2003 ἐβόησε.
287 1917 477 1996 ἐπιτιθέμενοι
490 1916 668 1981 ἐπιτίθεσθε.
682 1915 767 1979 11καῖ
799 1915 851 1977 καὶ
874 1915 1054 1999 θυγατέρας.
1093 1915 1173 1981 1καί
1197 1919 1308 1994 ἐγενετο
1333 1915 1410 2001 μετά

162 2000 285 2083 ἐξῆλθεν
294 1995 426 2064 Ἰωδαὲὸ
440 1995 540 2082 ἱερεύς,
550 1999 600 2062 καῖ
608 1999 766 2063 ἐνετείλατο
800 2001 912 2073 ταῦτα,
934 2001 984 2062 καί
998 1995 1109 2076 ἐγένετο
1123 2000 1173 2064 ἐπί
1186 2001 1311 2085 καρδίαν
1318 1998 1409 2077 Ἰωάς

159 2079 390 2167 Ἰωδαὲὸἴερεύς
399 2091 463 2155 τοῖς
472 2077 704 2166 ἑκατοντάρχοις,
717 2082 768 2145 καί
800 2078 989 2146 ἐπισκευάσαι
1008 2080 1061 2146 τὸν
1079 2081 1163 2147 οἶκον
1184 2091 1303 2187 κυρίου,
1329 2085 1409 2148 5καί

162 2176 225 2240 τοῖς
238 2163 375 2249 άρχηγοῖς
387 2168 438 2246 τῆς
451 2160 611 2244 δυνάμεως,
625 2166 677 2228 καὶ
689 2163 767 2229 εἶπεν
800 2158 946 2248 συνήγαγε
958 2160 1027 2238 τούς
1037 2168 1120 2251 ἱερεῖς
1129 2169 1180 2230 καί
1189 2192 1258 2240 τους
1266 2172 1408 2247 Λευίτας,

164 2246 267 2322 αὐτοῖς
288 2246 421 2332 ἐκβάλετε
439 2243 532 2328 αὐτὴν
548 2247 632 2322 ἐκτὸς
648 2253 703 2312 τοῦ
721 2249 767 2312 οἴ-
799 2248 850 2310 καί
862 2245 938 2311 εἶπεν
952 2245 1063 2322 αἰετοῖς.
1076 2245 1217 2324 ἐξέλθατε
1231 2255 1269 2325 εἰς
1282 2250 1336 2328 τὰς
1348 2247 1408 2318 πό-

163 2356 232 2406 κου,
258 2331 309 2394 καί
322 2329 470 2403 εέςέλθατε
483 2326 581 2394 ὀπίσω
594 2328 696 2413 αὐτῆς,
716 2331 767 2394 καί
798 2329 855 2404 λεις
868 2326 972 2396 Ἰούδα
989 2332 1040 2395 καί
1058 2329 1233 2412 συναγάγετε
1249 2332 1314 2399 άπὸ
1327 2362 1407 2402 παν-

164 2412 348 2480 άποθανέτω
366 2417 513 2497 μαχαίρᾳ,
538 2409 584 2476 ὅτι
602 2410 680 2478 εἶπεν
694 2410 712 2477 ὁ
726 2418 765 2477 ἱε-
798 2412 851 2487 τὸς
865 2410 990 2499 Ἰσραήλ
1007 2411 1150 2503 άργύριον
1166 2423 1340 2503 κατισχῦσαι
1353 2420 1408 2484 τὸν

163 2496 241 2582 ρεύς,
265 2496 305 2581 μή
323 2495 507 2560 άποθανέτω
525 2498 555 2560 ἐν
569 2496 640 2579 οἴκῳ
654 2501 765 2582 κυρίου.
798 2494 882 2561 οἶκον
901 2504 1004 2584 κυρίου
1024 2498 1158 2566 ἐνιαυτὸν
1175 2500 1237 2567 κατ’
1262 2502 1406 2580 ἐνιαυτὸν,

161 2586 188 2625 ¹¹
203 2584 252 2645 καί
264 2582 378 2646 ἔδωκαν
391 2576 468 2664 αὐτῇ
481 2577 585 2656 άνεσιν,
598 2582 648 2645 καῖ
661 2579 766 2664 διῆλθε
798 2581 849 2645 καί
861 2577 1006 2648 σπεύσατι
1019 2583 1160 2669 λαλῆσαι,
1170 2587 1222 2651 καί
1233 2584 1289 2651 ούκ
1299 2591 1405 2652 ἐσπευ·

162 2664 210 2729 διά
228 2668 280 2747 τῆς
299 2663 392 2746 πύλης
410 2667 469 2727 τῶν
483 2667 595 2727 ἱππέων
612 2669 668 2728 τοῦ
681 2664 765 2730 οἴκου
799 2690 856 2731 σαν
872 2669 1049 2733 οῐΛευῖται.
1076 2669 1155 2734 ὓκαί
1171 2666 1303 2735 ἐκάλεσεν
1317 2668 1334 2734 ὁ
1347 2674 1406 2756 βα-

160 2751 218 2810 τού
237 2746 395 2830 βασιλέως,
421 2746 473 2807 καὶ
491 2742 692 2813 ἐθανάτωσαν
710 2746 765 2812 αύ-
798 2747 892 2823 σιλεύς
906 2749 994 2826 Ἰωάς
1013 2748 1067 2815 τὸν
1080 2749 1184 2818 Ἰωδαέ
1196 2753 1249 2816 τὸν
1261 2753 1404 2838 άρχοντα,

161 2828 215 2912 τήν
227 2830 292 2891 ἐκεῖ.
309 2827 337 2868 ¹¹
350 2829 401 2890 καί
413 2827 529 2891 διέθετο
538 2825 642 2892 Ἰωδαὲ
655 2828 763 2914 διαθή-
796 2833 848 2895 καλ
862 2831 939 2897 εἶπεν
956 2832 1048 2915 αύτῷ.
1074 2834 1154 2898 διατί
1172 2834 1229 2899 ούκ
1247 2835 1404 2919 ἐπεσκέψω

160 2935 212 2994 κην
224 2909 368 2992 άναμέοον
382 2906 478 2974 αύτοῡ
492 2913 609 2975 καὶτοῦ
623 2913 703 2977 λαοῦ
714 2916 765 2978 καί
795 2916 864 3000 περί
879 2920 940 2980 τῶν
950 2919 1085 2979 Λευιτῶν
1104 2922 1160 2981 τού
1176 2916 1327 2995 εἲςενέγκυι
1340 2918 1405 2985 άπὸ

160 2999 215 3056 τού
236 2992 394 3077 βασιλέως,
420 2990 491 3056 εἴναι
509 2993 584 3058 λαὸν
600 3000 645 3077 τῷ
663 3004 762 3083 κυρίῳ.
793 2993 895 3061 Ἰούδα
910 2998 961 3059 καί
974 2994 1167 3080 Ἰερουσαλήμ
1184 2999 1219 3063 τὸ
1232 3002 1403 3085 κεκριμένον

160 3077 186 3116 17
200 3078 250 3138 καί
268 3075 380 3155 εῑςήλθε
399 3079 458 3148 πῶς
475 3071 578 3151 ὁλαύς
597 3083 648 3161 τῆς
660 3084 712 3163 γῆς
725 3086 763 3156 εἷς
796 3078 855 3143 ὑπὸ
869 3081 991 3159 Μωυσῆ
1003 3075 1170 3181 άνθριύπου
1183 3087 1237 3144 τοῦ
1249 3088 1335 3159 θεοῦ,
1351 3081 1401 3148 ὅτι

160 3155 241 3221 οἷκον
254 3152 363 3231 Βάαλ,
388 3159 440 3222 καί
458 3162 651 3226 κατέσπασαν
669 3162 763 3228 αύτὸν
794 3158 986 3242 ἐξεκκλησίασε
1005 3158 1058 3222 τὸν
1079 3160 1192 3247 Ισραήλ
1208 3166 1247 3236 είς
1262 3163 1315 3245 τήν
1327 3189 1400 3246 σκη-

159 3241 211 3304 καῖ
235 3239 275 3305 τά
299 3235 496 3327 θυσιαστήρια
515 3240 628 3321 αὐτοῦ,
654 3247 705 3311 καί
722 3245 762 3310 τά
793 3243 846 3326 νην
870 3246 925 3307 τοῦ
948 3249 1113 3329 μαρτυρίου
1120 3273 1132 3321 ,·
1159 3240 1234 3308 1ὅτι
1251 3245 1398 3310 Γοθολία

158 3323 265 3388 εἴδωλα
290 3321 390 3390 αύτοῦ
417 3323 594 3402 ἐλέπτυναν,
633 3329 684 3392 καί
709 3326 762 3394 τόν
794 3316 829 3411 ἦν
845 3323 863 3410 ἦ
877 3323 1000 3409 άνομος,
1025 3330 1077 3391 καί
1094 3331 1125 3391 οἱ
1142 3328 1203 3391 υλοῖ
1221 3326 1311 3413 αύτής
1324 3354 1398 3392 κατ-

157 3404 297 3474 Ματθάν
327 3410 406 3491 ἴερέα
435 3405 528 3474 Βάαλ
564 3411 761 3476 ἐθανάτωσαν
794 3405 992 3475 ἐσπασαντὸν
1005 3407 1156 3476 οἷκοντού
1167 3417 1258 3487 θεοῦ,
1276 3415 1328 3476 καὶ
1340 3412 1399 3499 γάρ

156 3493 287 3557 ἐναντίον
316 3497 377 3556 τῶν
407 3499 626 3596 θυσιαστηρίων
655 3491 759 3557 αὐτοῦ.
793 3492 832 3556 τά
855 3491 927 3569 άγια
949 3493 1032 3558 οἴκου
1051 3500 1154 3579 κυρίου
1172 3496 1315 3578 ἐποίησαν
1333 3509 1400 3572 ταῖς

156 3575 247 3638 11καλ
265 3580 428 3659 ἐνεχείρισεν
449 3571 553 3640 Ἰωδαε
572 3572 590 3639 ὁ
610 3575 702 3659 ἱερεύς
721 3576 760 3640 τά
792 3575 926 3658 Βααλίμ.
952 3576 1032 3640 11καὶ
1044 3575 1120 3641 εἶπεν
1132 3573 1149 3642 ὁ
1161 3574 1304 3663 βασιλεύς.
1316 3604 1399 3662 γενη-

157 3657 228 3738 ἐργα
250 3659 331 3720 οἴκου
350 3663 452 3741 κυρίου
475 3653 523 3720 διά
547 3657 641 3741 χειρὸς
660 3662 684 3721 ἴε
704 3661 760 3722 έων
792 3656 881 3759 θήτω
906 3654 1132 3740 γλωσσόκομον,
1157 3663 1209 3724 καὶ
1232 3658 1349 3746 τεθήτω
1367 3665 1400 3727 ἐν

156 3739 207 3799 καὶ
218 3741 368 3812 Λευιτῶν,
393 3739 445 3801 καί
464 3737 603 3822 ἀνέστησε
620 3736 674 3814 τάς
684 3684 759 3823 ἐφη·
791 3741 872 3831 πυλη
891 3743 977 3804 οἴκου
995 3750 1097 3827 κυρίου
1117 3746 1186 3819 ἔξω.
1213 3746 1293 3809 9καῖ
1310 3771 1400 3830 κηρυ-

155 3822 256 3900 μερίας
272 3823 333 3881 τῶν
349 3816 449 3903 ἱερέων
467 3824 518 3885 καί
538 3826 599 3887 τῶν
615 3828 759 3898 Λευιτῶν,
793 3818 932 3896 ξάτωσαν
951 3827 982 3886 ἐν
1001 3821 1104 3890 Ἰούδα
1128 3828 1179 3890 καί
1197 3829 1228 3890 ἐν
1246 3825 1401 3914 Ἰερουσα-

156 3894 192 3970 ἃς
210 3893 346 3965 διέστειλε
359 3901 457 3965 Δαυὶδ
474 3905 523 3967 ἐπὶ
537 3901 591 3967 τόν
609 3903 692 3968 οέκον
708 3931 759 3969 κυ-
792 3902 851 3986 λήμ
880 3903 1032 3983 είςενέγκαι
1057 3915 1165 3994 κυρίῳ,
1196 3911 1299 3986 καθὼς
1324 3911 1402 3976 εἶπεν

155 3983 288 4066 ρίου,καῖ
300 3979 449 4059 άνενέγκαι
459 3980 759 4066 ὁλοκαυτῶματακυ-
792 3994 929 4072 Μωυσῆς
945 4003 1016 4065 παῖς
1033 3997 1090 4056 τοῦ
1106 3998 1182 4057 θεοῦ
1199 3994 1249 4057 ἐπὶ
1270 3995 1325 4058 τὸν
1339 3992 1400 4060 Ἰσ-

155 4068 221 4145 ρίῳ,
234 4062 338 4138 καθὼς
348 4067 515 4149 γέγραπται
527 4065 649 4149 ἐννόμῳ
658 4074 757 4132 Μωυ-
792 4069 871 4154 ραήλ
883 4074 914 4135 ἐν
925 4076 963 4154 τῆ
976 4070 1084 4158 ἐρήμῳ.
1098 4077 1126 4117 ¹⁰
1132 4077 1184 4140 καί
1196 4078 1310 4142 ὲδωκαν
1322 4074 1400 4143 πάν-

155 4147 207 4227 σή,
233 4145 265 4208 ἐν
290 4141 461 4238 εὐφροσύνη
486 4150 539 4213 καὶ
555 4151 586 4212 ἐν
602 4147 693 4232 ᾠδαῖς
709 4150 759 4214 διά
790 4177 837 4226 τες
850 4143 989 4239 άρχοάτες
1000 4160 1051 4220 καί
1062 4161 1122 4232 πᾶς
1135 4155 1153 4221 ὁ
1166 4157 1257 4236 λαὸς,
1281 4163 1334 4226 καί
1344 4165 1400 4238 είς-

153 4221 247 4311 χειρός
259 4228 363 4292 Δαυίδ.
381 4229 467 4293 19καί
479 4231 603 4312 ἐστηοαν
614 4235 645 4294 οί
656 4231 758 4296 πυλω-
791 4237 896 4321 ἐφερον
907 4239 957 4302 καί
970 4233 1014 4304 ἐνέ
1036 4238 1110 4304 αλον
1125 4245 1164 4316 είς
1175 4241 1211 4306 τὸ
1224 4243 1399 4320 γλωσσόκο-

153 4311 201 4393 ρολ
219 4309 269 4374 ἐπὶ
286 4307 340 4385 τάς
355 4304 454 4385 πύλας
466 4311 550 4376 οἴκου
563 4319 680 4399 κυρίου,
706 4318 757 4381 καί
789 4342 844 4400 μον
856 4322 913 4393 ἕως
923 4312 963 4384 ού
975 4243 1148 4408 ἐπληρώθη.
1180 4328 1205 4367 11
1217 4329 1268 4390 καί
1284 4323 1398 4404 ἐγένετο

153 4390 207 4457 ούκ
231 4389 413 4469 είςελεύοεται
437 4388 615 4480 ἀκάθαρτος
640 4401 678 4472 εἷς
694 4403 756 4462 πάν
790 4396 832 4476 ῶς
856 4397 1002 4487 εῑςέφερον
1027 4405 1064 4470 τὸ
1088 4406 1298 4491 γλωσσόκομον
1321 4407 1398 4496 πρὸς

152 4479 281 4563 πρᾶγμα.
308 4480 339 4524 ²⁰
353 4479 404 4544 καί
416 4476 506 4567 ἐλαβε
518 4477 590 4555 τούς
607 4480 754 4571 πατριάρ-
788 4479 859 4558 τούς
870 4481 1044 4569 προστάτας
1056 4494 1112 4552 τοῦ
1121 4489 1266 4574 βασιλέως
1278 4489 1329 4559 διά
1339 4518 1398 4599 χεη-

1344 4602 1399 4660 (¹⁰0
