<?xml version="1.0" encoding="UTF-8"?>
<!DOCTYPE html PUBLIC "-//W3C//DTD XHTML 1.0 Transitional//EN"
    "http://www.w3.org/TR/xhtml1/DTD/xhtml1-transitional.dtd">
<html xmlns="http://www.w3.org/1999/xhtml" xml:lang="en" lang="en">
 <head>
  <title>
</title>
<meta http-equiv="Content-Type" content="text/html;charset=utf-8" />
  <meta name='ocr-system' content='tesseract 3.04.00' />
  <meta name='ocr-capabilities' content='ocr_page ocr_carea ocr_par ocr_line ocrx_word'/>
</head>
<body>
  <div class='ocr_page' id='page_1' title='image "./vetustestamentu00essgoog_0964.png"; bbox 0 0 2924 4972; ppageno 0'>
   <div class='ocr_carea' id='block_1_1' title="bbox 426 88 1326 302">
    <p class='ocr_par' dir='ltr' id='par_1_1' title="bbox 426 88 1326 302">
     <span class='ocr_line' id='line_1_1' title="bbox 864 88 920 145; baseline 0.018 -47"><span class='ocrx_word' id='word_1_1' title='bbox 864 88 920 145; x_wconf 48' lang='lat' dir='ltr'>s</span> 
     </span>
     <span class='ocr_line' id='line_1_2' title="bbox 426 219 1326 302; baseline 0.012 -15"><span class='ocrx_word' id='word_1_2' title='bbox 426 227 497 288; x_wconf 82' lang='lat' dir='ltr'><em>BA</em></span> <span class='ocrx_word' id='word_1_3' title='bbox 512 227 543 286; x_wconf 88' lang='lat' dir='ltr'><strong><em>P</em></strong></span> <span class='ocrx_word' id='word_1_4' title='bbox 555 227 581 288; x_wconf 91' lang='lat'>0</span> <span class='ocrx_word' id='word_1_5' title='bbox 594 226 622 286; x_wconf 80' lang='lat' dir='ltr'><strong><em>T</em></strong></span> <span class='ocrx_word' id='word_1_6' title='bbox 634 229 671 288; x_wconf 88' lang='lat' dir='ltr'><em>X</em></span> <span class='ocrx_word' id='word_1_7' title='bbox 710 229 785 302; x_wconf 74' lang='grc' dir='ltr'><em>Κεφ.</em></span> <span class='ocrx_word' id='word_1_8' title='bbox 800 219 841 288; x_wconf 87' lang='grc' dir='ltr'><em>δ’.</em></span> <span class='ocrx_word' id='word_1_9' title='bbox 855 220 886 291; x_wconf 79' lang='grc' dir='ltr'><em>ε’.</em></span> <span class='ocrx_word' id='word_1_10' title='bbox 900 225 929 293; x_wconf 77' lang='grc'><em>4.</em></span> <span class='ocrx_word' id='word_1_11' title='bbox 944 231 973 294; x_wconf 90' lang='grc'><em>5.</em></span> <span class='ocrx_word' id='word_1_12' title='bbox 1264 233 1326 298; x_wconf 81' lang='lat'><em>871</em></span> 
     </span>
    </p>
   </div>
   <div class='ocr_carea' id='block_1_2' title="bbox 74 321 1330 2618">
    <p class='ocr_par' dir='ltr' id='par_1_2' title="bbox 77 321 1330 1452">
     <span class='ocr_line' id='line_1_3' title="bbox 95 321 1325 346; baseline 0.008 -10"><span class='ocrx_word' id='word_1_13' title='bbox 95 321 1325 346; x_wconf 53' lang='lat'><em>----—————-‘—*‘*-—·-——————-=—-</em></span> 
     </span>
     <span class='ocr_line' id='line_1_4' title="bbox 80 349 1329 438; baseline -0.002 -18"><span class='ocrx_word' id='word_1_14' title='bbox 80 356 136 438; x_wconf 86' lang='grc' dir='ltr'><em>γάρ</em></span> <span class='ocrx_word' id='word_1_15' title='bbox 150 355 344 435; x_wconf 73' lang='grc' dir='ltr'><em>κατελείφθην</em></span> <span class='ocrx_word' id='word_1_16' title='bbox 364 355 479 435; x_wconf 79' lang='grc' dir='ltr'><em>ἔρημος.</em></span> <span class='ocrx_word' id='word_1_17' title='bbox 505 354 537 393; x_wconf 83' lang='lat'><em>²⁰</em></span> <span class='ocrx_word' id='word_1_18' title='bbox 551 349 687 425; x_wconf 80' lang='grc' dir='ltr'><em>ἐξεδυοά-</em></span> <span class='ocrx_word' id='word_1_19' title='bbox 721 352 752 389; x_wconf 74' lang='lat'><em>³⁴</em></span> <span class='ocrx_word' id='word_1_20' title='bbox 764 356 815 415; x_wconf 89' lang='grc' dir='ltr'><em>καί</em></span> <span class='ocrx_word' id='word_1_21' title='bbox 835 353 959 434; x_wconf 92' lang='grc' dir='ltr'><em>περιελῶ</em></span> <span class='ocrx_word' id='word_1_22' title='bbox 982 351 1076 432; x_wconf 75' lang='grc' dir='ltr'><em>αὐτῆς</em></span> <span class='ocrx_word' id='word_1_23' title='bbox 1102 359 1136 419; x_wconf 89' lang='grc' dir='ltr'><em>τὸ</em></span> <span class='ocrx_word' id='word_1_24' title='bbox 1156 352 1329 436; x_wconf 85' lang='grc' dir='ltr'><em>άγαλλίαμα</em></span> 
     </span>
     <span class='ocr_line' id='line_1_5' title="bbox 78 429 1330 533; baseline 0 -31"><span class='ocrx_word' id='word_1_25' title='bbox 78 463 135 524; x_wconf 87' lang='grc' dir='ltr'><em>μην</em></span> <span class='ocrx_word' id='word_1_26' title='bbox 147 435 202 521; x_wconf 75' lang='grc' dir='ltr'><em>την</em></span> <span class='ocrx_word' id='word_1_27' title='bbox 217 436 328 520; x_wconf 77' lang='grc' dir='ltr'><em>στολὴν</em></span> <span class='ocrx_word' id='word_1_28' title='bbox 341 439 395 517; x_wconf 83' lang='grc' dir='ltr'><em>της</em></span> <span class='ocrx_word' id='word_1_29' title='bbox 408 429 530 533; x_wconf 72' lang='grc' dir='ltr'><em>εἰρηνης,</em></span> <span class='ocrx_word' id='word_1_30' title='bbox 550 432 687 497; x_wconf 77' lang='grc' dir='ltr'><em>ἐνεδυσά-</em></span> <span class='ocrx_word' id='word_1_31' title='bbox 720 437 773 532; x_wconf 73' lang='grc' dir='ltr'><em>της</em></span> <span class='ocrx_word' id='word_1_32' title='bbox 795 430 995 516; x_wconf 88' lang='grc' dir='ltr'><em>πολυοχλίας,</em></span> <span class='ocrx_word' id='word_1_33' title='bbox 1022 437 1074 496; x_wconf 91' lang='grc' dir='ltr'><em>καί</em></span> <span class='ocrx_word' id='word_1_34' title='bbox 1095 437 1131 499; x_wconf 89' lang='grc' dir='ltr'><em>τὸ</em></span> <span class='ocrx_word' id='word_1_35' title='bbox 1156 435 1330 523; x_wconf 84' lang='grc' dir='ltr'><em>ἆγουρίαμα</em></span> 
     </span>
     <span class='ocr_line' id='line_1_6' title="bbox 78 514 1328 619; baseline -0.002 -33"><span class='ocrx_word' id='word_1_36' title='bbox 78 548 135 607; x_wconf 91' lang='grc' dir='ltr'><em>μην</em></span> <span class='ocrx_word' id='word_1_37' title='bbox 160 521 192 586; x_wconf 83' lang='grc' dir='ltr'><em>δὲ</em></span> <span class='ocrx_word' id='word_1_38' title='bbox 211 517 322 587; x_wconf 77' lang='grc' dir='ltr'><strong><em>σάκκον</em></strong></span> <span class='ocrx_word' id='word_1_39' title='bbox 342 521 394 619; x_wconf 75' lang='grc' dir='ltr'><em>της</em></span> <span class='ocrx_word' id='word_1_40' title='bbox 412 514 535 598; x_wconf 83' lang='grc' dir='ltr'><em>δεησεῶς</em></span> <span class='ocrx_word' id='word_1_41' title='bbox 547 541 614 597; x_wconf 90' lang='grc' dir='ltr'><em>μου.</em></span> <span class='ocrx_word' id='word_1_42' title='bbox 640 541 688 580; x_wconf 88' lang='grc' dir='ltr'><em>κε-</em></span> <span class='ocrx_word' id='word_1_43' title='bbox 720 520 813 600; x_wconf 78' lang='grc' dir='ltr'><em>αυτης</em></span> <span class='ocrx_word' id='word_1_44' title='bbox 826 521 864 590; x_wconf 85' lang='grc' dir='ltr'><em>εἰς</em></span> <span class='ocrx_word' id='word_1_45' title='bbox 876 519 998 589; x_wconf 79' lang='grc' dir='ltr'><strong><em>πένθος.</em></strong></span> <span class='ocrx_word' id='word_1_46' title='bbox 1025 518 1054 558; x_wconf 81' lang='lat'><em>³⁵</em></span> <span class='ocrx_word' id='word_1_47' title='bbox 1067 521 1126 601; x_wconf 91' lang='grc' dir='ltr'><em>πῦρ</em></span> <span class='ocrx_word' id='word_1_48' title='bbox 1138 516 1197 601; x_wconf 88' lang='grc' dir='ltr'><em>γάρ</em></span> <span class='ocrx_word' id='word_1_49' title='bbox 1211 519 1328 586; x_wconf 71' lang='grc' dir='ltr'><em>ἐπελεύ-</em></span> 
     </span>
     <span class='ocr_line' id='line_1_7' title="bbox 81 596 1327 706; baseline -0.001 -37"><span class='ocrx_word' id='word_1_50' title='bbox 81 602 224 692; x_wconf 82' lang='grc' dir='ltr'><em>κράξομαι</em></span> <span class='ocrx_word' id='word_1_51' title='bbox 245 601 322 687; x_wconf 87' lang='grc' dir='ltr'><em>πρὸς</em></span> <span class='ocrx_word' id='word_1_52' title='bbox 343 625 396 665; x_wconf 88' lang='grc' dir='ltr'><em>τον</em></span> <span class='ocrx_word' id='word_1_53' title='bbox 419 596 539 664; x_wconf 89' lang='grc' dir='ltr'><em>αἰῶνιον</em></span> <span class='ocrx_word' id='word_1_54' title='bbox 565 603 595 663; x_wconf 87' lang='grc' dir='ltr'><em>ἐν</em></span> <span class='ocrx_word' id='word_1_55' title='bbox 620 610 688 673; x_wconf 83' lang='grc' dir='ltr'><em>ταῖς</em></span> <span class='ocrx_word' id='word_1_56' title='bbox 721 623 800 663; x_wconf 81' lang='grc' dir='ltr'><strong><em>σεται</em></strong></span> <span class='ocrx_word' id='word_1_57' title='bbox 813 597 892 690; x_wconf 79' lang='grc' dir='ltr'><em>αὐτῇ</em></span> <span class='ocrx_word' id='word_1_58' title='bbox 906 599 990 684; x_wconf 82' lang='grc' dir='ltr'><em>παρὰ</em></span> <span class='ocrx_word' id='word_1_59' title='bbox 1002 604 1058 663; x_wconf 91' lang='grc' dir='ltr'><em>τοῦ</em></span> <span class='ocrx_word' id='word_1_60' title='bbox 1069 605 1193 664; x_wconf 91' lang='grc' dir='ltr'><em>αἰωνίου</em></span> <span class='ocrx_word' id='word_1_61' title='bbox 1206 609 1244 677; x_wconf 87' lang='grc' dir='ltr'><em>εἰς</em></span> <span class='ocrx_word' id='word_1_62' title='bbox 1257 603 1327 706; x_wconf 77' lang='grc' dir='ltr'><em>ἡμέ-</em></span> 
     </span>
     <span class='ocr_line' id='line_1_8' title="bbox 80 678 1329 788; baseline 0 -36"><span class='ocrx_word' id='word_1_63' title='bbox 80 690 202 774; x_wconf 74' lang='grc' dir='ltr'><em>ἐχμέραις</em></span> <span class='ocrx_word' id='word_1_64' title='bbox 211 711 282 788; x_wconf 86' lang='grc' dir='ltr'><em>μου.</em></span> <span class='ocrx_word' id='word_1_65' title='bbox 308 687 333 726; x_wconf 82' lang='lat'><em>²¹</em></span> <span class='ocrx_word' id='word_1_66' title='bbox 349 686 488 770; x_wconf 77' lang='grc' dir='ltr'><em>θαρρεῖτε</em></span> <span class='ocrx_word' id='word_1_67' title='bbox 501 683 601 756; x_wconf 86' lang='grc' dir='ltr'><em>τέκνα,</em></span> <span class='ocrx_word' id='word_1_68' title='bbox 612 678 687 786; x_wconf 75' lang='grc' dir='ltr'><em>βοη-</em></span> <span class='ocrx_word' id='word_1_69' title='bbox 739 708 774 755; x_wconf 87' lang='grc' dir='ltr'><em>ας</em></span> <span class='ocrx_word' id='word_1_70' title='bbox 795 684 926 766; x_wconf 88' lang='grc' dir='ltr'><em>μακρὰς,</em></span> <span class='ocrx_word' id='word_1_71' title='bbox 940 684 992 747; x_wconf 90' lang='grc' dir='ltr'><em>καί</em></span> <span class='ocrx_word' id='word_1_72' title='bbox 1005 679 1253 767; x_wconf 79' lang='grc' dir='ltr'><em>κατοικηθηοεται</em></span> <span class='ocrx_word' id='word_1_73' title='bbox 1267 687 1329 752; x_wconf 87' lang='grc' dir='ltr'><em>υπὸ</em></span> 
     </span>
     <span class='ocr_line' id='line_1_9' title="bbox 79 706 1328 869; baseline -0.004 -30"><span class='ocrx_word' id='word_1_74' title='bbox 79 795 150 839; x_wconf 92' lang='grc' dir='ltr'><em>σατε</em></span> <span class='ocrx_word' id='word_1_75' title='bbox 162 794 239 852; x_wconf 87' lang='grc' dir='ltr'><em>προς</em></span> <span class='ocrx_word' id='word_1_76' title='bbox 252 768 305 833; x_wconf 89' lang='grc' dir='ltr'><em>τὸν</em></span> <span class='ocrx_word' id='word_1_77' title='bbox 318 764 407 844; x_wconf 88' lang='grc' dir='ltr'><em>θεόν,</em></span> <span class='ocrx_word' id='word_1_78' title='bbox 435 767 487 832; x_wconf 87' lang='grc' dir='ltr'><em>καί</em></span> <span class='ocrx_word' id='word_1_79' title='bbox 498 765 636 842; x_wconf 79' lang='grc' dir='ltr'><em>ἐξελεῖται</em></span> <span class='ocrx_word' id='word_1_80' title='bbox 649 791 687 829; x_wconf 84' lang='grc' dir='ltr'><em>υ·</em></span> <span class='ocrx_word' id='word_1_81' title='bbox 720 706 882 846; x_wconf 78' lang='grc' dir='ltr'><em>δαιμονίων</em></span> <span class='ocrx_word' id='word_1_82' title='bbox 895 766 949 831; x_wconf 88' lang='grc' dir='ltr'><em>τὸν</em></span> <span class='ocrx_word' id='word_1_83' title='bbox 962 766 1086 831; x_wconf 75' lang='grc' dir='ltr'><em>πλείονα</em></span> <span class='ocrx_word' id='word_1_84' title='bbox 1116 763 1213 869; x_wconf 89' lang='grc' dir='ltr'><em>ρόνον.</em></span> <span class='ocrx_word' id='word_1_85' title='bbox 1236 767 1328 834; x_wconf 52' lang='grc' dir='ltr'><em>Ἀπε-</em></span> 
     </span>
     <span class='ocr_line' id='line_1_10' title="bbox 77 793 1329 937; baseline -0.002 -19"><span class='ocrx_word' id='word_1_86' title='bbox 77 861 136 937; x_wconf 88' lang='grc' dir='ltr'><em>μῦς</em></span> <span class='ocrx_word' id='word_1_87' title='bbox 150 856 180 916; x_wconf 83' lang='grc' dir='ltr'><em>ἐκ</em></span> <span class='ocrx_word' id='word_1_88' title='bbox 194 854 379 926; x_wconf 75' lang='grc' dir='ltr'><em>δυναστείας,</em></span> <span class='ocrx_word' id='word_1_89' title='bbox 407 853 439 915; x_wconf 80' lang='grc' dir='ltr'><em>ἐκ</em></span> <span class='ocrx_word' id='word_1_90' title='bbox 456 850 549 934; x_wconf 85' lang='grc' dir='ltr'><em>χειρὸς</em></span> <span class='ocrx_word' id='word_1_91' title='bbox 562 851 685 933; x_wconf 84' lang='grc' dir='ltr'><em>ἐχθρῶν.</em></span> <span class='ocrx_word' id='word_1_92' title='bbox 721 848 867 934; x_wconf 77' lang='grc' dir='ltr'><em>ρίβλειρον</em></span> <span class='ocrx_word' id='word_1_93' title='bbox 897 847 974 931; x_wconf 91' lang='grc' dir='ltr'><em>πρός</em></span> <span class='ocrx_word' id='word_1_94' title='bbox 1000 793 1151 926; x_wconf 80' lang='grc' dir='ltr'><em>ἀνατολάς</em></span> <span class='ocrx_word' id='word_1_95' title='bbox 1177 847 1329 935; x_wconf 85' lang='grc' dir='ltr'><em>Ἱερουσα-</em></span> 
     </span>
     <span class='ocr_line' id='line_1_11' title="bbox 79 929 1329 1021; baseline 0 -21"><span class='ocrx_word' id='word_1_96' title='bbox 79 941 107 980; x_wconf 92' lang='lat'><em>²²</em></span> <span class='ocrx_word' id='word_1_97' title='bbox 122 935 181 1014; x_wconf 83' lang='grc' dir='ltr'><em>ἐγώ</em></span> <span class='ocrx_word' id='word_1_98' title='bbox 194 934 253 1021; x_wconf 83' lang='grc' dir='ltr'><em>γάρ</em></span> <span class='ocrx_word' id='word_1_99' title='bbox 266 935 378 1020; x_wconf 81' lang='grc' dir='ltr'><em>η’λπισα</em></span> <span class='ocrx_word' id='word_1_100' title='bbox 390 936 441 999; x_wconf 80' lang='grc' dir='ltr'><em>ἐπί</em></span> <span class='ocrx_word' id='word_1_101' title='bbox 454 938 497 1014; x_wconf 80' lang='grc' dir='ltr'><em>τῷ</em></span> <span class='ocrx_word' id='word_1_102' title='bbox 511 937 621 1014; x_wconf 77' lang='grc' dir='ltr'><em>αἰωνίῳ</em></span> <span class='ocrx_word' id='word_1_103' title='bbox 634 932 687 1014; x_wconf 81' lang='grc' dir='ltr'><em>την</em></span> <span class='ocrx_word' id='word_1_104' title='bbox 721 932 788 1014; x_wconf 78' lang='grc' dir='ltr'><em>λημ,</em></span> <span class='ocrx_word' id='word_1_105' title='bbox 801 936 853 997; x_wconf 90' lang='grc' dir='ltr'><em>καί</em></span> <span class='ocrx_word' id='word_1_106' title='bbox 865 931 906 996; x_wconf 87' lang='grc' dir='ltr'><em>ἴδε</em></span> <span class='ocrx_word' id='word_1_107' title='bbox 917 933 970 1017; x_wconf 76' lang='grc' dir='ltr'><em>τὴν</em></span> <span class='ocrx_word' id='word_1_108' title='bbox 979 929 1163 1019; x_wconf 81' lang='grc' dir='ltr'><em>εῦιγροοόνην</em></span> <span class='ocrx_word' id='word_1_109' title='bbox 1175 932 1230 1018; x_wconf 77' lang='grc' dir='ltr'><em>την</em></span> <span class='ocrx_word' id='word_1_110' title='bbox 1242 934 1329 1019; x_wconf 84' lang='grc' dir='ltr'><em>παρά</em></span> 
     </span>
     <span class='ocr_line' id='line_1_12' title="bbox 80 1003 1329 1106; baseline -0.002 -21"><span class='ocrx_word' id='word_1_111' title='bbox 80 1026 230 1106; x_wconf 78' lang='grc' dir='ltr'><em>σωτηρίαν</em></span> <span class='ocrx_word' id='word_1_112' title='bbox 250 1019 341 1102; x_wconf 78' lang='grc' dir='ltr'><em>ὑμῶν.</em></span> <span class='ocrx_word' id='word_1_113' title='bbox 380 1019 432 1080; x_wconf 88' lang='grc' dir='ltr'><em>καί</em></span> <span class='ocrx_word' id='word_1_114' title='bbox 444 1003 524 1098; x_wconf 67' lang='grc' dir='ltr'><em>ἦλθέ</em></span> <span class='ocrx_word' id='word_1_115' title='bbox 540 1040 590 1097; x_wconf 94' lang='grc' dir='ltr'><em>μοι</em></span> <span class='ocrx_word' id='word_1_116' title='bbox 607 1015 686 1100; x_wconf 89' lang='grc' dir='ltr'><em>χαρά</em></span> <span class='ocrx_word' id='word_1_117' title='bbox 720 1019 775 1078; x_wconf 91' lang='grc' dir='ltr'><em>τοῦ</em></span> <span class='ocrx_word' id='word_1_118' title='bbox 793 1019 871 1080; x_wconf 84' lang='grc' dir='ltr'><em>θεοῦ</em></span> <span class='ocrx_word' id='word_1_119' title='bbox 891 1041 938 1081; x_wconf 93' lang='grc' dir='ltr'><em>σοι</em></span> <span class='ocrx_word' id='word_1_120' title='bbox 956 1019 1122 1101; x_wconf 88' lang='grc' dir='ltr'><em>ἐρχομένην.</em></span> <span class='ocrx_word' id='word_1_121' title='bbox 1150 1018 1179 1059; x_wconf 80' lang='lat'><em>³⁷</em></span> <span class='ocrx_word' id='word_1_122' title='bbox 1192 1016 1257 1082; x_wconf 86' lang='grc' dir='ltr'><em>ἰδοῦ</em></span> <span class='ocrx_word' id='word_1_123' title='bbox 1278 1021 1329 1104; x_wconf 78' lang='grc' dir='ltr'><em>έρ-</em></span> 
     </span>
     <span class='ocr_line' id='line_1_13' title="bbox 79 1094 1328 1191; baseline -0.001 -24"><span class='ocrx_word' id='word_1_124' title='bbox 79 1107 164 1186; x_wconf 85' lang='grc' dir='ltr'><em>παρά</em></span> <span class='ocrx_word' id='word_1_125' title='bbox 179 1108 233 1168; x_wconf 87' lang='grc' dir='ltr'><em>τοῦ</em></span> <span class='ocrx_word' id='word_1_126' title='bbox 246 1100 334 1178; x_wconf 87' lang='grc' dir='ltr'><em>άγίου</em></span> <span class='ocrx_word' id='word_1_127' title='bbox 346 1102 395 1164; x_wconf 85' lang='grc' dir='ltr'><em>ἐπί</em></span> <span class='ocrx_word' id='word_1_128' title='bbox 408 1104 445 1191; x_wconf 74' lang='grc' dir='ltr'><em>τῇ</em></span> <span class='ocrx_word' id='word_1_129' title='bbox 460 1094 654 1190; x_wconf 80' lang='grc' dir='ltr'><em>ἐλεημοσύνη,</em></span> <span class='ocrx_word' id='word_1_130' title='bbox 668 1095 686 1181; x_wconf 72' lang='grc' dir='ltr'><em>λη’</em></span> <span class='ocrx_word' id='word_1_131' title='bbox 719 1123 824 1182; x_wconf 90' lang='grc' dir='ltr'><em>χονται</em></span> <span class='ocrx_word' id='word_1_132' title='bbox 842 1102 872 1163; x_wconf 84' lang='grc' dir='ltr'><em>οἰ</em></span> <span class='ocrx_word' id='word_1_133' title='bbox 891 1103 953 1164; x_wconf 86' lang='grc' dir='ltr'><em>υἰοί</em></span> <span class='ocrx_word' id='word_1_134' title='bbox 972 1125 1026 1164; x_wconf 89' lang='grc' dir='ltr'><em>σου</em></span> <span class='ocrx_word' id='word_1_135' title='bbox 1040 1095 1092 1174; x_wconf 81' lang='grc' dir='ltr'><em>οῦς</em></span> <span class='ocrx_word' id='word_1_136' title='bbox 1110 1101 1328 1178; x_wconf 77' lang='grc' dir='ltr'><em>ἐξαπέστειλας,</em></span> 
     </span>
     <span class='ocr_line' id='line_1_14' title="bbox 80 1180 1327 1269; baseline 0 -20"><span class='ocrx_word' id='word_1_137' title='bbox 80 1186 139 1269; x_wconf 68' lang='grc' dir='ltr'><em>ἥξει</em></span> <span class='ocrx_word' id='word_1_138' title='bbox 152 1185 219 1268; x_wconf 83' lang='grc' dir='ltr'><em>ῦμίν</em></span> <span class='ocrx_word' id='word_1_139' title='bbox 238 1189 269 1249; x_wconf 89' lang='grc' dir='ltr'><em>ἐν</em></span> <span class='ocrx_word' id='word_1_140' title='bbox 286 1180 367 1268; x_wconf 88' lang='grc' dir='ltr'><em>τάχει</em></span> <span class='ocrx_word' id='word_1_141' title='bbox 385 1180 469 1265; x_wconf 89' lang='grc' dir='ltr'><em>παρά</em></span> <span class='ocrx_word' id='word_1_142' title='bbox 488 1187 546 1247; x_wconf 87' lang='grc' dir='ltr'><em>τοῦ</em></span> <span class='ocrx_word' id='word_1_143' title='bbox 566 1186 688 1245; x_wconf 76' lang='grc' dir='ltr'><em>αἰωνίου</em></span> <span class='ocrx_word' id='word_1_144' title='bbox 720 1185 857 1263; x_wconf 82' lang='grc' dir='ltr'><em>ἔρχονται</em></span> <span class='ocrx_word' id='word_1_145' title='bbox 882 1185 1055 1266; x_wconf 77' lang='grc' dir='ltr'><em>συνηγμένοι</em></span> <span class='ocrx_word' id='word_1_146' title='bbox 1078 1181 1142 1248; x_wconf 84' lang='grc' dir='ltr'><em>άπὸ</em></span> <span class='ocrx_word' id='word_1_147' title='bbox 1169 1183 1327 1250; x_wconf 79' lang='grc' dir='ltr'><em>ἀνατολῶν</em></span> 
     </span>
     <span class='ocr_line' id='line_1_15' title="bbox 80 1261 1328 1352; baseline 0 -20"><span class='ocrx_word' id='word_1_148' title='bbox 80 1273 213 1352; x_wconf 71' lang='grc' dir='ltr'><em>σωτῆρος</em></span> <span class='ocrx_word' id='word_1_149' title='bbox 233 1265 323 1349; x_wconf 80' lang='grc' dir='ltr'><em>ὑμῶν.</em></span> <span class='ocrx_word' id='word_1_150' title='bbox 360 1266 389 1308; x_wconf 85' lang='lat'><em>²³</em></span> <span class='ocrx_word' id='word_1_151' title='bbox 403 1267 556 1348; x_wconf 80' lang='grc' dir='ltr'><em>ἐξέπεμψα</em></span> <span class='ocrx_word' id='word_1_152' title='bbox 572 1262 632 1348; x_wconf 80' lang='grc' dir='ltr'><em>γάρ</em></span> <span class='ocrx_word' id='word_1_153' title='bbox 652 1261 688 1328; x_wconf 86' lang='grc' dir='ltr'><em>ῦ-</em></span> <span class='ocrx_word' id='word_1_154' title='bbox 720 1269 775 1338; x_wconf 78' lang='grc' dir='ltr'><em>ἕως</em></span> <span class='ocrx_word' id='word_1_155' title='bbox 800 1264 918 1346; x_wconf 78' lang='grc' dir='ltr'><em>δυσμῶν</em></span> <span class='ocrx_word' id='word_1_156' title='bbox 944 1269 989 1348; x_wconf 78' lang='grc' dir='ltr'><em>τῶ</em></span> <span class='ocrx_word' id='word_1_157' title='bbox 1012 1261 1121 1350; x_wconf 76' lang='grc' dir='ltr'><em>ῥήματι</em></span> <span class='ocrx_word' id='word_1_158' title='bbox 1146 1271 1203 1331; x_wconf 89' lang='grc' dir='ltr'><em>τοῦ</em></span> <span class='ocrx_word' id='word_1_159' title='bbox 1229 1265 1328 1344; x_wconf 81' lang='grc' dir='ltr'><em>ἁγίου,</em></span> 
     </span>
     <span class='ocr_line' id='line_1_16' title="bbox 78 1345 1179 1452; baseline -0.001 -38"><span class='ocrx_word' id='word_1_160' title='bbox 78 1357 134 1431; x_wconf 83' lang='grc' dir='ltr'><em>μᾶς</em></span> <span class='ocrx_word' id='word_1_161' title='bbox 144 1351 217 1432; x_wconf 84' lang='grc' dir='ltr'><em>μετὰ</em></span> <span class='ocrx_word' id='word_1_162' title='bbox 236 1351 397 1452; x_wconf 78' lang='grc' dir='ltr'><em>κλαυθμοῦ</em></span> <span class='ocrx_word' id='word_1_163' title='bbox 416 1353 467 1414; x_wconf 90' lang='grc' dir='ltr'><em>καί</em></span> <span class='ocrx_word' id='word_1_164' title='bbox 484 1350 624 1420; x_wconf 83' lang='grc' dir='ltr'><em>πένθους,</em></span> <span class='ocrx_word' id='word_1_165' title='bbox 650 1345 688 1411; x_wconf 87' lang='grc' dir='ltr'><em>ά-</em></span> <span class='ocrx_word' id='word_1_166' title='bbox 718 1351 868 1431; x_wconf 85' lang='grc' dir='ltr'><em>χαίροντες</em></span> <span class='ocrx_word' id='word_1_167' title='bbox 882 1353 920 1442; x_wconf 78' lang='grc' dir='ltr'><em>τῇ</em></span> <span class='ocrx_word' id='word_1_168' title='bbox 932 1352 988 1412; x_wconf 89' lang='grc' dir='ltr'><em>τοῦ</em></span> <span class='ocrx_word' id='word_1_169' title='bbox 1007 1353 1085 1413; x_wconf 84' lang='grc' dir='ltr'><em>θεοῦ</em></span> <span class='ocrx_word' id='word_1_170' title='bbox 1098 1346 1179 1434; x_wconf 82' lang='grc' dir='ltr'><em>δόξη.</em></span> 
     </span>
    </p>

    <p class='ocr_par' dir='ltr' id='par_1_3' title="bbox 79 1422 1159 1516">
     <span class='ocr_line' id='line_1_17' title="bbox 79 1422 1159 1516; baseline -0.001 -18"><span class='ocrx_word' id='word_1_171' title='bbox 79 1431 209 1499; x_wconf 84' lang='grc' dir='ltr'><em>ποδῶσιι</em></span> <span class='ocrx_word' id='word_1_172' title='bbox 223 1436 257 1498; x_wconf 89' lang='grc' dir='ltr'><em>δέ</em></span> <span class='ocrx_word' id='word_1_173' title='bbox 269 1432 432 1516; x_wconf 88' lang='grc' dir='ltr'><em>μοιοθεός</em></span> <span class='ocrx_word' id='word_1_174' title='bbox 445 1429 521 1514; x_wconf 85' lang='grc' dir='ltr'><em>ῦμᾶς</em></span> <span class='ocrx_word' id='word_1_175' title='bbox 532 1427 606 1514; x_wconf 88' lang='grc' dir='ltr'><em>μετά</em></span> <span class='ocrx_word' id='word_1_176' title='bbox 617 1456 686 1515; x_wconf 88' lang='grc' dir='ltr'><em>χαρ·</em></span> <span class='ocrx_word' id='word_1_177' title='bbox 750 1436 774 1465; x_wconf 79' lang='lat'><em>⁹&#39;</em></span> <span class='ocrx_word' id='word_1_178' title='bbox 915 1437 1040 1498; x_wconf 80' lang='grc' dir='ltr'><em>ΚΕΦ.</em></span> <span class='ocrx_word' id='word_1_179' title='bbox 1083 1422 1159 1497; x_wconf 81' lang='grc' dir='ltr'><em>Ε’.’</em></span> 
     </span>
    </p>

    <p class='ocr_par' dir='ltr' id='par_1_4' title="bbox 74 1478 1329 2618">
     <span class='ocr_line' id='line_1_18' title="bbox 78 1478 1329 1604; baseline 0.001 -22"><span class='ocrx_word' id='word_1_180' title='bbox 78 1514 206 1601; x_wconf 79' lang='grc' dir='ltr'><em>μοσύνης</em></span> <span class='ocrx_word' id='word_1_181' title='bbox 220 1519 271 1581; x_wconf 92' lang='grc' dir='ltr'><em>καί</em></span> <span class='ocrx_word' id='word_1_182' title='bbox 291 1512 475 1602; x_wconf 76' lang='grc' dir='ltr'><em>εὐφροσύνης</em></span> <span class='ocrx_word' id='word_1_183' title='bbox 493 1519 532 1590; x_wconf 88' lang='grc' dir='ltr'><em>εἰς</em></span> <span class='ocrx_word' id='word_1_184' title='bbox 545 1514 598 1579; x_wconf 87' lang='grc' dir='ltr'><em>τὸν</em></span> <span class='ocrx_word' id='word_1_185' title='bbox 611 1519 686 1579; x_wconf 89' lang='grc' dir='ltr'><em>αἰῶ·</em></span> <span class='ocrx_word' id='word_1_186' title='bbox 721 1478 881 1580; x_wconf 78' lang='grc' dir='ltr'><em>Εκδυσαι</em></span> <span class='ocrx_word' id='word_1_187' title='bbox 906 1512 1101 1601; x_wconf 72' lang='grc' dir='ltr'><em>Ἰερουσαλὴμ</em></span> <span class='ocrx_word' id='word_1_188' title='bbox 1132 1517 1187 1602; x_wconf 75' lang='grc' dir='ltr'><em>την</em></span> <span class='ocrx_word' id='word_1_189' title='bbox 1219 1517 1329 1604; x_wconf 70' lang='grc' dir='ltr'><em>στολὴν</em></span> 
     </span>
     <span class='ocr_line' id='line_1_19' title="bbox 79 1596 1325 1707; baseline 0.002 -43"><span class='ocrx_word' id='word_1_190' title='bbox 79 1627 123 1665; x_wconf 92' lang='grc' dir='ltr'><em>να.</em></span> <span class='ocrx_word' id='word_1_191' title='bbox 150 1603 181 1643; x_wconf 80' lang='lat'><em>²⁴</em></span> <span class='ocrx_word' id='word_1_192' title='bbox 195 1597 289 1684; x_wconf 83' lang='grc' dir='ltr'><em>ῶςπερ</em></span> <span class='ocrx_word' id='word_1_193' title='bbox 310 1599 367 1684; x_wconf 84' lang='grc' dir='ltr'><em>γάρ</em></span> <span class='ocrx_word' id='word_1_194' title='bbox 391 1604 442 1665; x_wconf 86' lang='grc' dir='ltr'><em>νῦν</em></span> <span class='ocrx_word' id='word_1_195' title='bbox 465 1596 631 1684; x_wconf 81' lang='grc' dir='ltr'><em>ἑωράκασιν</em></span> <span class='ocrx_word' id='word_1_196' title='bbox 655 1601 687 1661; x_wconf 89' lang='grc' dir='ltr'><em>αἰ</em></span> <span class='ocrx_word' id='word_1_197' title='bbox 720 1601 778 1661; x_wconf 92' lang='grc' dir='ltr'><em>τοῦ</em></span> <span class='ocrx_word' id='word_1_198' title='bbox 790 1601 922 1675; x_wconf 87' lang='grc' dir='ltr'><em>πένθους</em></span> <span class='ocrx_word' id='word_1_199' title='bbox 944 1602 997 1664; x_wconf 90' lang='grc' dir='ltr'><em>καί</em></span> <span class='ocrx_word' id='word_1_200' title='bbox 1018 1605 1071 1684; x_wconf 76' lang='grc' dir='ltr'><em>της</em></span> <span class='ocrx_word' id='word_1_201' title='bbox 1088 1596 1247 1677; x_wconf 73' lang='grc' dir='ltr'><em>κακώσεως</em></span> <span class='ocrx_word' id='word_1_202' title='bbox 1261 1628 1325 1707; x_wconf 65' lang='grc' dir='ltr'><em>σουζ</em></span> 
     </span>
     <span class='ocr_line' id='line_1_20' title="bbox 78 1680 1327 1772; baseline 0.001 -23"><span class='ocrx_word' id='word_1_203' title='bbox 78 1681 220 1769; x_wconf 88' lang='grc' dir='ltr'><em>πάροικοι</em></span> <span class='ocrx_word' id='word_1_204' title='bbox 233 1685 315 1750; x_wconf 83' lang='grc' dir='ltr'><em>Σιὼν</em></span> <span class='ocrx_word' id='word_1_205' title='bbox 338 1685 391 1766; x_wconf 79' lang='grc' dir='ltr'><em>την</em></span> <span class='ocrx_word' id='word_1_206' title='bbox 414 1680 559 1768; x_wconf 78' lang='grc' dir='ltr'><em>ὑμετέραν</em></span> <span class='ocrx_word' id='word_1_207' title='bbox 581 1686 687 1766; x_wconf 82' lang='grc' dir='ltr'><em>αἰχμά·</em></span> <span class='ocrx_word' id='word_1_208' title='bbox 719 1684 770 1745; x_wconf 85' lang='grc' dir='ltr'><em>καί</em></span> <span class='ocrx_word' id='word_1_209' title='bbox 783 1683 905 1747; x_wconf 82' lang='grc' dir='ltr'><em>ἔνδυσαι</em></span> <span class='ocrx_word' id='word_1_210' title='bbox 917 1683 974 1767; x_wconf 82' lang='grc' dir='ltr'><em>την</em></span> <span class='ocrx_word' id='word_1_211' title='bbox 987 1682 1162 1764; x_wconf 76' lang='grc' dir='ltr'><em>εὐπρέπειαν</em></span> <span class='ocrx_word' id='word_1_212' title='bbox 1174 1690 1229 1769; x_wconf 75' lang='grc' dir='ltr'><em>τῆς</em></span> <span class='ocrx_word' id='word_1_213' title='bbox 1241 1711 1327 1772; x_wconf 85' lang='grc' dir='ltr'><em>παρα</em></span> 
     </span>
     <span class='ocr_line' id='line_1_21' title="bbox 79 1762 1328 1854; baseline 0.001 -22"><span class='ocrx_word' id='word_1_214' title='bbox 79 1766 206 1844; x_wconf 91' lang='grc' dir='ltr'><em>λωσίαν,</em></span> <span class='ocrx_word' id='word_1_215' title='bbox 231 1765 328 1843; x_wconf 82' lang='grc' dir='ltr'><em>οῦτως</em></span> <span class='ocrx_word' id='word_1_216' title='bbox 346 1766 477 1851; x_wconf 77' lang='grc' dir='ltr'><em>ίίιγονται</em></span> <span class='ocrx_word' id='word_1_217' title='bbox 495 1769 527 1831; x_wconf 81' lang='grc' dir='ltr'><em>ἐν</em></span> <span class='ocrx_word' id='word_1_218' title='bbox 541 1762 620 1850; x_wconf 88' lang='grc' dir='ltr'><em>τάχει</em></span> <span class='ocrx_word' id='word_1_219' title='bbox 634 1763 686 1849; x_wconf 81' lang='grc' dir='ltr'><em>την</em></span> <span class='ocrx_word' id='word_1_220' title='bbox 718 1769 773 1828; x_wconf 88' lang='grc' dir='ltr'><em>τοῦ</em></span> <span class='ocrx_word' id='word_1_221' title='bbox 786 1771 862 1831; x_wconf 83' lang='grc' dir='ltr'><em>θεοῦ</em></span> <span class='ocrx_word' id='word_1_222' title='bbox 876 1765 963 1851; x_wconf 81' lang='grc' dir='ltr'><em>δόξης</em></span> <span class='ocrx_word' id='word_1_223' title='bbox 976 1772 1016 1840; x_wconf 89' lang='grc' dir='ltr'><em>εἰς</em></span> <span class='ocrx_word' id='word_1_224' title='bbox 1030 1765 1085 1832; x_wconf 86' lang='grc' dir='ltr'><em>τόν</em></span> <span class='ocrx_word' id='word_1_225' title='bbox 1098 1773 1201 1833; x_wconf 87' lang='grc' dir='ltr'><em>αἰῶνα.</em></span> <span class='ocrx_word' id='word_1_226' title='bbox 1223 1770 1328 1854; x_wconf 80' lang='grc' dir='ltr'><em>2περι-</em></span> 
     </span>
     <span class='ocr_line' id='line_1_22' title="bbox 78 1846 1329 1935; baseline 0.002 -20"><span class='ocrx_word' id='word_1_227' title='bbox 78 1851 162 1934; x_wconf 88' lang='grc' dir='ltr'><em>παρά</em></span> <span class='ocrx_word' id='word_1_228' title='bbox 176 1857 231 1917; x_wconf 84' lang='grc' dir='ltr'><em>τοῦ</em></span> <span class='ocrx_word' id='word_1_229' title='bbox 245 1857 321 1918; x_wconf 86' lang='grc' dir='ltr'><em>θεοῦ</em></span> <span class='ocrx_word' id='word_1_230' title='bbox 335 1849 416 1934; x_wconf 82' lang='grc' dir='ltr'><em>ὑμῶν</em></span> <span class='ocrx_word' id='word_1_231' title='bbox 430 1855 591 1934; x_wconf 89' lang='grc' dir='ltr'><em>σωτηρίαν,</em></span> <span class='ocrx_word' id='word_1_232' title='bbox 603 1846 622 1934; x_wconf 68' lang='grc' dir='ltr'><strong><em>ἢ</em></strong></span> <span class='ocrx_word' id='word_1_233' title='bbox 635 1852 683 1912; x_wconf 84' lang='grc' dir='ltr'><em>ἐπ·</em></span> <span class='ocrx_word' id='word_1_234' title='bbox 717 1847 816 1933; x_wconf 76' lang='grc' dir='ltr'><em>βαλοῦ</em></span> <span class='ocrx_word' id='word_1_235' title='bbox 840 1848 893 1933; x_wconf 79' lang='grc' dir='ltr'><em>τίην</em></span> <span class='ocrx_word' id='word_1_236' title='bbox 917 1850 1060 1915; x_wconf 84' lang='grc' dir='ltr'><em>διπλοΐδα</em></span> <span class='ocrx_word' id='word_1_237' title='bbox 1082 1857 1136 1935; x_wconf 80' lang='grc' dir='ltr'><em>τῆς</em></span> <span class='ocrx_word' id='word_1_238' title='bbox 1157 1848 1244 1935; x_wconf 87' lang='grc' dir='ltr'><em>παρά</em></span> <span class='ocrx_word' id='word_1_239' title='bbox 1269 1852 1329 1917; x_wconf 88' lang='grc' dir='ltr'><em>τοῦ</em></span> 
     </span>
     <span class='ocr_line' id='line_1_23' title="bbox 79 1927 1327 2038; baseline 0.001 -40"><span class='ocrx_word' id='word_1_240' title='bbox 79 1932 225 2001; x_wconf 89' lang='grc' dir='ltr'><em>ελεόοεται</em></span> <span class='ocrx_word' id='word_1_241' title='bbox 250 1933 318 2020; x_wconf 75' lang='grc' dir='ltr'><em>ὑμῖν</em></span> <span class='ocrx_word' id='word_1_242' title='bbox 345 1933 419 2016; x_wconf 81' lang='grc' dir='ltr'><em>μετὰ</em></span> <span class='ocrx_word' id='word_1_243' title='bbox 449 1927 534 2016; x_wconf 82' lang='grc' dir='ltr'><em>δόξης</em></span> <span class='ocrx_word' id='word_1_244' title='bbox 557 1931 685 2015; x_wconf 84' lang='grc' dir='ltr'><em>μεγάλης</em></span> <span class='ocrx_word' id='word_1_245' title='bbox 718 1935 794 1996; x_wconf 85' lang='grc' dir='ltr'><em>θεοῦ</em></span> <span class='ocrx_word' id='word_1_246' title='bbox 806 1933 1002 2038; x_wconf 79' lang='grc' dir='ltr'><em>δικαιοσύνης,</em></span> <span class='ocrx_word' id='word_1_247' title='bbox 1028 1936 1140 2000; x_wconf 82' lang='grc' dir='ltr'><em>ἐπίθου</em></span> <span class='ocrx_word' id='word_1_248' title='bbox 1152 1931 1208 2013; x_wconf 70' lang='grc' dir='ltr'><em>τόν</em></span> <span class='ocrx_word' id='word_1_249' title='bbox 1220 1938 1327 2021; x_wconf 86' lang='grc' dir='ltr'><em>μίτραν</em></span> 
     </span>
     <span class='ocr_line' id='line_1_24' title="bbox 76 2015 1327 2104; baseline 0.002 -22"><span class='ocrx_word' id='word_1_250' title='bbox 76 2022 127 2083; x_wconf 89' lang='grc' dir='ltr'><em>καὶ</em></span> <span class='ocrx_word' id='word_1_251' title='bbox 140 2016 352 2104; x_wconf 87' lang='grc' dir='ltr'><em>λαμπρότητος</em></span> <span class='ocrx_word' id='word_1_252' title='bbox 366 2023 421 2082; x_wconf 91' lang='grc' dir='ltr'><em>τοῦ</em></span> <span class='ocrx_word' id='word_1_253' title='bbox 435 2022 564 2082; x_wconf 90' lang='grc' dir='ltr'><em>αἰωνίου.</em></span> <span class='ocrx_word' id='word_1_254' title='bbox 597 2018 684 2081; x_wconf 70' lang='grc' dir='ltr'><em>25τέ-</em></span> <span class='ocrx_word' id='word_1_255' title='bbox 719 2017 769 2079; x_wconf 81' lang='grc' dir='ltr'><em>έπί</em></span> <span class='ocrx_word' id='word_1_256' title='bbox 786 2015 842 2100; x_wconf 81' lang='grc' dir='ltr'><em>την</em></span> <span class='ocrx_word' id='word_1_257' title='bbox 861 2018 992 2100; x_wconf 79' lang='grc' dir='ltr'><em>κεφαλην</em></span> <span class='ocrx_word' id='word_1_258' title='bbox 1015 2043 1071 2082; x_wconf 93' lang='grc' dir='ltr'><em>σου</em></span> <span class='ocrx_word' id='word_1_259' title='bbox 1088 2023 1142 2097; x_wconf 79' lang='grc' dir='ltr'><em>τῆς</em></span> <span class='ocrx_word' id='word_1_260' title='bbox 1160 2016 1248 2103; x_wconf 82' lang='grc' dir='ltr'><em>δόξης</em></span> <span class='ocrx_word' id='word_1_261' title='bbox 1269 2024 1327 2084; x_wconf 80' lang='grc' dir='ltr'><em>τοῦ</em></span> 
     </span>
     <span class='ocr_line' id='line_1_25' title="bbox 76 2097 1324 2196; baseline 0.001 -30"><span class='ocrx_word' id='word_1_262' title='bbox 76 2128 131 2166; x_wconf 91' lang='grc' dir='ltr'><em>κνα</em></span> <span class='ocrx_word' id='word_1_263' title='bbox 155 2100 405 2186; x_wconf 73' lang='grc' dir='ltr'><em>μακροθυμήσατε</em></span> <span class='ocrx_word' id='word_1_264' title='bbox 436 2102 491 2184; x_wconf 81' lang='grc' dir='ltr'><em>την</em></span> <span class='ocrx_word' id='word_1_265' title='bbox 516 2097 602 2185; x_wconf 86' lang='grc' dir='ltr'><em>παρά</em></span> <span class='ocrx_word' id='word_1_266' title='bbox 627 2104 683 2164; x_wconf 88' lang='grc' dir='ltr'><em>τοῦ</em></span> <span class='ocrx_word' id='word_1_267' title='bbox 719 2103 848 2165; x_wconf 87' lang='grc' dir='ltr'><em>αἰωνίου.</em></span> <span class='ocrx_word' id='word_1_268' title='bbox 881 2100 927 2166; x_wconf 74' lang='grc' dir='ltr'><em>3ὁ</em></span> <span class='ocrx_word' id='word_1_269' title='bbox 946 2103 1006 2185; x_wconf 88' lang='grc' dir='ltr'><em>γάρ</em></span> <span class='ocrx_word' id='word_1_270' title='bbox 1024 2100 1097 2178; x_wconf 85' lang='grc' dir='ltr'><em>θεός</em></span> <span class='ocrx_word' id='word_1_271' title='bbox 1117 2102 1200 2180; x_wconf 60' lang='grc' dir='ltr'><em>δεῶει</em></span> <span class='ocrx_word' id='word_1_272' title='bbox 1216 2106 1256 2196; x_wconf 78' lang='grc' dir='ltr'><em>τῇ</em></span> <span class='ocrx_word' id='word_1_273' title='bbox 1276 2099 1324 2167; x_wconf 78' lang='grc' dir='ltr'><em>ὑπ’</em></span> 
     </span>
     <span class='ocr_line' id='line_1_26' title="bbox 75 2180 1323 2288; baseline 0 -39"><span class='ocrx_word' id='word_1_274' title='bbox 75 2186 151 2250; x_wconf 83' lang='grc' dir='ltr'><em>θεοῦ</em></span> <span class='ocrx_word' id='word_1_275' title='bbox 172 2187 359 2250; x_wconf 80' lang='grc' dir='ltr'><em>ἐπελθοῦσαν</em></span> <span class='ocrx_word' id='word_1_276' title='bbox 384 2181 450 2265; x_wconf 83' lang='grc' dir='ltr'><em>ῦμίν</em></span> <span class='ocrx_word' id='word_1_277' title='bbox 471 2181 573 2288; x_wconf 73' lang='grc' dir='ltr'><em>ὀργὴν,</em></span> <span class='ocrx_word' id='word_1_278' title='bbox 595 2208 680 2247; x_wconf 86' lang='grc' dir='ltr'><em>κατε-</em></span> <span class='ocrx_word' id='word_1_279' title='bbox 720 2180 756 2244; x_wconf 84' lang='grc' dir='ltr'><em>οῦ</em></span> <span class='ocrx_word' id='word_1_280' title='bbox 777 2184 849 2249; x_wconf 89' lang='grc' dir='ltr'><em>ανδν</em></span> <span class='ocrx_word' id='word_1_281' title='bbox 865 2182 948 2268; x_wconf 84' lang='grc' dir='ltr'><em>πάση</em></span> <span class='ocrx_word' id='word_1_282' title='bbox 966 2187 1020 2267; x_wconf 78' lang='grc' dir='ltr'><em>τὴν</em></span> <span class='ocrx_word' id='word_1_283' title='bbox 1041 2185 1098 2269; x_wconf 75' lang='grc' dir='ltr'><em>σὴν</em></span> <span class='ocrx_word' id='word_1_284' title='bbox 1115 2182 1323 2270; x_wconf 88' lang='grc' dir='ltr'><em>λαμπρότητα.</em></span> 
     </span>
     <span class='ocr_line' id='line_1_27' title="bbox 75 2208 1326 2352; baseline 0.002 -20"><span class='ocrx_word' id='word_1_285' title='bbox 75 2269 164 2344; x_wconf 85' lang='grc' dir='ltr'><em>δίωξέ</em></span> <span class='ocrx_word' id='word_1_286' title='bbox 181 2293 211 2332; x_wconf 92' lang='grc' dir='ltr'><em>σε</em></span> <span class='ocrx_word' id='word_1_287' title='bbox 231 2264 249 2332; x_wconf 85' lang='grc' dir='ltr'><em>ό</em></span> <span class='ocrx_word' id='word_1_288' title='bbox 270 2267 394 2351; x_wconf 82' lang='grc' dir='ltr'><em>ἐχθρός,</em></span> <span class='ocrx_word' id='word_1_289' title='bbox 423 2268 474 2329; x_wconf 88' lang='grc' dir='ltr'><em>καί</em></span> <span class='ocrx_word' id='word_1_290' title='bbox 494 2267 562 2346; x_wconf 84' lang='grc' dir='ltr'><em>όψει</em></span> <span class='ocrx_word' id='word_1_291' title='bbox 584 2263 681 2328; x_wconf 80' lang='grc' dir='ltr'><em>αὐτοῦ</em></span> <span class='ocrx_word' id='word_1_292' title='bbox 718 2208 995 2351; x_wconf 69' lang='grc' dir='ltr'><em>4κληθησεται’γάρ</em></span> <span class='ocrx_word' id='word_1_293' title='bbox 1008 2291 1064 2330; x_wconf 91' lang='grc' dir='ltr'><em>σου</em></span> <span class='ocrx_word' id='word_1_294' title='bbox 1076 2268 1113 2331; x_wconf 89' lang='grc' dir='ltr'><em>τδ</em></span> <span class='ocrx_word' id='word_1_295' title='bbox 1131 2269 1228 2348; x_wconf 84' lang='grc' dir='ltr'><em>ὄνομα</em></span> <span class='ocrx_word' id='word_1_296' title='bbox 1239 2267 1326 2352; x_wconf 83' lang='grc' dir='ltr'><em>παρά</em></span> 
     </span>
     <span class='ocr_line' id='line_1_28' title="bbox 75 2342 1325 2452; baseline 0 -37"><span class='ocrx_word' id='word_1_297' title='bbox 75 2350 129 2452; x_wconf 76' lang='grc' dir='ltr'><em>την</em></span> <span class='ocrx_word' id='word_1_298' title='bbox 142 2347 295 2414; x_wconf 79' lang='grc' dir='ltr'><em>ἇπῶλιιαν</em></span> <span class='ocrx_word' id='word_1_299' title='bbox 312 2354 343 2414; x_wconf 80' lang='grc' dir='ltr'><em>ἐν</em></span> <span class='ocrx_word' id='word_1_300' title='bbox 355 2342 451 2451; x_wconf 84' lang='grc' dir='ltr'><em>τάχει,</em></span> <span class='ocrx_word' id='word_1_301' title='bbox 474 2349 526 2411; x_wconf 89' lang='grc' dir='ltr'><em>καί</em></span> <span class='ocrx_word' id='word_1_302' title='bbox 546 2349 595 2410; x_wconf 82' lang='grc' dir='ltr'><em>ίπί</em></span> <span class='ocrx_word' id='word_1_303' title='bbox 607 2371 678 2430; x_wconf 90' lang='grc' dir='ltr'><em>τρα-</em></span> <span class='ocrx_word' id='word_1_304' title='bbox 718 2352 775 2412; x_wconf 85' lang='grc' dir='ltr'><em>τοῦ</em></span> <span class='ocrx_word' id='word_1_305' title='bbox 788 2354 865 2413; x_wconf 91' lang='grc' dir='ltr'><em>θεοῦ</em></span> <span class='ocrx_word' id='word_1_306' title='bbox 878 2354 917 2424; x_wconf 85' lang='grc' dir='ltr'><em>εἰς</em></span> <span class='ocrx_word' id='word_1_307' title='bbox 931 2349 982 2413; x_wconf 87' lang='grc' dir='ltr'><em>τὸν</em></span> <span class='ocrx_word' id='word_1_308' title='bbox 995 2355 1102 2428; x_wconf 83' lang='grc' dir='ltr'><em>αἰῶνα,</em></span> <span class='ocrx_word' id='word_1_309' title='bbox 1116 2349 1216 2435; x_wconf 82' lang='grc' dir='ltr'><em>εἰρήνη</em></span> <span class='ocrx_word' id='word_1_310' title='bbox 1229 2351 1325 2415; x_wconf 90' lang='grc' dir='ltr'><em>δικαι-</em></span> 
     </span>
     <span class='ocr_line' id='line_1_29' title="bbox 74 2425 1325 2534; baseline 0.003 -38"><span class='ocrx_word' id='word_1_311' title='bbox 74 2434 181 2517; x_wconf 86' lang='grc' dir='ltr'><em>χηλους</em></span> <span class='ocrx_word' id='word_1_312' title='bbox 206 2433 308 2496; x_wconf 81' lang='grc' dir='ltr'><em>αὐτῶν</em></span> <span class='ocrx_word' id='word_1_313' title='bbox 325 2435 461 2534; x_wconf 77' lang='grc' dir='ltr'><em>ἐπιβηση.</em></span> <span class='ocrx_word' id='word_1_314' title='bbox 486 2431 516 2473; x_wconf 79' lang='lat'><em>²⁶</em></span> <span class='ocrx_word' id='word_1_315' title='bbox 530 2433 680 2516; x_wconf 79' lang='grc' dir='ltr'><em>οίτρυφε-</em></span> <span class='ocrx_word' id='word_1_316' title='bbox 719 2425 833 2512; x_wconf 88' lang='grc' dir='ltr'><em>οσῦνης,</em></span> <span class='ocrx_word' id='word_1_317' title='bbox 858 2434 910 2497; x_wconf 87' lang='grc' dir='ltr'><em>καί</em></span> <span class='ocrx_word' id='word_1_318' title='bbox 923 2431 997 2510; x_wconf 85' lang='grc' dir='ltr'><em>δόξα</em></span> <span class='ocrx_word' id='word_1_319' title='bbox 1009 2439 1186 2520; x_wconf 74' lang='grc' dir='ltr'><em>θεοσεβείας.</em></span> <span class='ocrx_word' id='word_1_320' title='bbox 1227 2431 1325 2500; x_wconf 69' lang='grc' dir='ltr'><em>6άνά-</em></span> 
     </span>
     <span class='ocr_line' id='line_1_30' title="bbox 74 2512 1325 2618; baseline 0.001 -36"><span class='ocrx_word' id='word_1_321' title='bbox 74 2524 123 2598; x_wconf 84' lang='grc' dir='ltr'><em>ροί</em></span> <span class='ocrx_word' id='word_1_322' title='bbox 133 2543 190 2597; x_wconf 90' lang='grc' dir='ltr'><em>μου</em></span> <span class='ocrx_word' id='word_1_323' title='bbox 204 2512 415 2598; x_wconf 78' lang='grc' dir='ltr'><em>ἐπορεύθησαν</em></span> <span class='ocrx_word' id='word_1_324' title='bbox 433 2513 523 2617; x_wconf 68' lang='grc' dir='ltr'><em>οδοῦς</em></span> <span class='ocrx_word' id='word_1_325' title='bbox 536 2517 680 2618; x_wconf 71' lang='grc' dir='ltr'><em>τραχείας,</em></span> <span class='ocrx_word' id='word_1_326' title='bbox 718 2523 809 2595; x_wconf 84' lang='grc' dir='ltr'><em>στηθι</em></span> <span class='ocrx_word' id='word_1_327' title='bbox 817 2512 1022 2601; x_wconf 75' lang='grc' dir='ltr'><em>Ἰερουσαλὴμ,</em></span> <span class='ocrx_word' id='word_1_328' title='bbox 1034 2520 1085 2581; x_wconf 86' lang='grc' dir='ltr'><em>καί</em></span> <span class='ocrx_word' id='word_1_329' title='bbox 1099 2522 1190 2617; x_wconf 72' lang='grc' dir='ltr'><em>στῆθι</em></span> <span class='ocrx_word' id='word_1_330' title='bbox 1205 2520 1257 2582; x_wconf 84' lang='grc' dir='ltr'><em>ἒπί</em></span> <span class='ocrx_word' id='word_1_331' title='bbox 1266 2522 1325 2583; x_wconf 92' lang='grc' dir='ltr'><em>τοῦ</em></span> 
     </span>
    </p>
   </div>
   <div class='ocr_carea' id='block_1_3' title="bbox 81 2602 94 2621">
    <p class='ocr_par' dir='ltr' id='par_1_5' title="bbox 81 2602 94 2621">
     <span class='ocr_line' id='line_1_31' title="bbox 81 2602 94 2621; baseline 0 -3"><span class='ocrx_word' id='word_1_332' title='bbox 81 2602 94 2621; x_wconf 77' lang='grc' dir='ltr'>Π</span> 
     </span>
    </p>
   </div>
   <div class='ocr_carea' id='block_1_4' title="bbox 68 2593 1326 3454">
    <p class='ocr_par' dir='ltr' id='par_1_6' title="bbox 68 2593 1326 3454">
     <span class='ocr_line' id='line_1_32' title="bbox 73 2593 1326 2704; baseline 0 -39"><span class='ocrx_word' id='word_1_333' title='bbox 73 2611 213 2704; x_wconf 79' lang='grc' dir='ltr'><em>ηρθησαν</em></span> <span class='ocrx_word' id='word_1_334' title='bbox 249 2602 289 2675; x_wconf 87' lang='grc' dir='ltr'><em>ῶς</em></span> <span class='ocrx_word' id='word_1_335' title='bbox 314 2603 453 2680; x_wconf 88' lang='grc' dir='ltr'><em>ποίμνιον</em></span> <span class='ocrx_word' id='word_1_336' title='bbox 489 2621 680 2681; x_wconf 87' lang='grc' dir='ltr'><em>ηρπασμενον</em></span> <span class='ocrx_word' id='word_1_337' title='bbox 719 2593 856 2701; x_wconf 76' lang='grc' dir='ltr'><em>ῦριηλοῦ,</em></span> <span class='ocrx_word' id='word_1_338' title='bbox 869 2601 921 2663; x_wconf 92' lang='grc' dir='ltr'><em>καί</em></span> <span class='ocrx_word' id='word_1_339' title='bbox 933 2601 1108 2686; x_wconf 79' lang='grc' dir='ltr'><em>περίβλιψαι</em></span> <span class='ocrx_word' id='word_1_340' title='bbox 1121 2626 1197 2685; x_wconf 90' lang='grc' dir='ltr'><em>προς</em></span> <span class='ocrx_word' id='word_1_341' title='bbox 1209 2600 1326 2666; x_wconf 81' lang='grc' dir='ltr'><em>ἀνατο-</em></span> 
     </span>
     <span class='ocr_line' id='line_1_33' title="bbox 75 2677 1324 2767; baseline 0.002 -19"><span class='ocrx_word' id='word_1_342' title='bbox 75 2682 134 2750; x_wconf 87' lang='grc' dir='ltr'><em>υπὸ</em></span> <span class='ocrx_word' id='word_1_343' title='bbox 147 2687 275 2767; x_wconf 78' lang='grc' dir='ltr'><em>ἐχθρῶν.</em></span> <span class='ocrx_word' id='word_1_344' title='bbox 302 2684 331 2725; x_wconf 84' lang='lat'><em>²⁷</em></span> <span class='ocrx_word' id='word_1_345' title='bbox 341 2679 516 2767; x_wconf 77' lang='grc' dir='ltr'><em>θαρσηοατε</em></span> <span class='ocrx_word' id='word_1_346' title='bbox 530 2682 618 2744; x_wconf 84' lang='grc' dir='ltr'><em>τέκνα</em></span> <span class='ocrx_word' id='word_1_347' title='bbox 629 2682 679 2743; x_wconf 89' lang='grc' dir='ltr'><em>καί</em></span> <span class='ocrx_word' id='word_1_348' title='bbox 717 2677 782 2753; x_wconf 90' lang='grc' dir='ltr'><em>λας,</em></span> <span class='ocrx_word' id='word_1_349' title='bbox 810 2685 861 2747; x_wconf 90' lang='grc' dir='ltr'><em>καί</em></span> <span class='ocrx_word' id='word_1_350' title='bbox 875 2681 917 2745; x_wconf 82' lang='grc' dir='ltr'><em>ἴδε</em></span> <span class='ocrx_word' id='word_1_351' title='bbox 930 2687 1097 2767; x_wconf 86' lang='grc' dir='ltr'><em>συνηγμένα</em></span> <span class='ocrx_word' id='word_1_352' title='bbox 1108 2681 1148 2748; x_wconf 86' lang='grc' dir='ltr'><em>τά</em></span> <span class='ocrx_word' id='word_1_353' title='bbox 1161 2687 1253 2748; x_wconf 86' lang='grc' dir='ltr'><em>τέκνα</em></span> <span class='ocrx_word' id='word_1_354' title='bbox 1266 2709 1324 2750; x_wconf 92' lang='grc' dir='ltr'><em>σου</em></span> 
     </span>
     <span class='ocr_line' id='line_1_34' title="bbox 71 2760 1324 2854; baseline 0.002 -23"><span class='ocrx_word' id='word_1_355' title='bbox 71 2763 198 2854; x_wconf 73' lang='grc' dir='ltr'><em>βοησατε</em></span> <span class='ocrx_word' id='word_1_356' title='bbox 210 2765 287 2849; x_wconf 88' lang='grc' dir='ltr'><em>πρὸς</em></span> <span class='ocrx_word' id='word_1_357' title='bbox 299 2765 351 2830; x_wconf 87' lang='grc' dir='ltr'><em>τὸν</em></span> <span class='ocrx_word' id='word_1_358' title='bbox 363 2762 446 2840; x_wconf 84' lang='grc' dir='ltr'><em>θεὸν,</em></span> <span class='ocrx_word' id='word_1_359' title='bbox 472 2766 556 2828; x_wconf 80' lang='grc' dir='ltr'><em>ἔσται</em></span> <span class='ocrx_word' id='word_1_360' title='bbox 568 2763 628 2848; x_wconf 88' lang='grc' dir='ltr'><em>γάρ</em></span> <span class='ocrx_word' id='word_1_361' title='bbox 644 2760 677 2827; x_wconf 87' lang='grc' dir='ltr'><em>ῦ-</em></span> <span class='ocrx_word' id='word_1_362' title='bbox 717 2760 779 2827; x_wconf 82' lang='grc' dir='ltr'><em>ἀπὸ</em></span> <span class='ocrx_word' id='word_1_363' title='bbox 793 2760 881 2847; x_wconf 75' lang='grc' dir='ltr'><em>ἡλίου</em></span> <span class='ocrx_word' id='word_1_364' title='bbox 900 2766 1019 2848; x_wconf 83' lang='grc' dir='ltr'><em>δυσμῶν</em></span> <span class='ocrx_word' id='word_1_365' title='bbox 1033 2772 1088 2844; x_wconf 78' lang='grc' dir='ltr'><em>ἕως</em></span> <span class='ocrx_word' id='word_1_366' title='bbox 1108 2766 1267 2833; x_wconf 81' lang='grc' dir='ltr'><em>ἀνατολῶν</em></span> <span class='ocrx_word' id='word_1_367' title='bbox 1278 2772 1324 2853; x_wconf 75' lang='grc' dir='ltr'><em>τῷ</em></span> 
     </span>
     <span class='ocr_line' id='line_1_35' title="bbox 70 2843 1324 2944; baseline 0.002 -30"><span class='ocrx_word' id='word_1_368' title='bbox 70 2855 135 2933; x_wconf 91' lang='grc' dir='ltr'><em>μῶν</em></span> <span class='ocrx_word' id='word_1_369' title='bbox 149 2847 208 2915; x_wconf 83' lang='grc' dir='ltr'><em>ὑπὸ</em></span> <span class='ocrx_word' id='word_1_370' title='bbox 221 2854 278 2915; x_wconf 87' lang='grc' dir='ltr'><em>τοῦ</em></span> <span class='ocrx_word' id='word_1_371' title='bbox 291 2845 454 2928; x_wconf 79' lang='grc' dir='ltr'><em>ἐπάγοντος</em></span> <span class='ocrx_word' id='word_1_372' title='bbox 466 2852 558 2931; x_wconf 89' lang='grc' dir='ltr'><em>μνεία.</em></span> <span class='ocrx_word' id='word_1_373' title='bbox 584 2844 677 2922; x_wconf 74' lang='grc' dir='ltr'><em>28ῶς·</em></span> <span class='ocrx_word' id='word_1_374' title='bbox 716 2843 823 2930; x_wconf 72' lang='grc' dir='ltr'><em>ῥήματι</em></span> <span class='ocrx_word' id='word_1_375' title='bbox 837 2853 893 2914; x_wconf 89' lang='grc' dir='ltr'><em>τοῦ</em></span> <span class='ocrx_word' id='word_1_376' title='bbox 912 2847 1017 2926; x_wconf 88' lang='grc' dir='ltr'><em>άγίου,</em></span> <span class='ocrx_word' id='word_1_377' title='bbox 1041 2859 1205 2940; x_wconf 90' lang='grc' dir='ltr'><em>χαίροντας</em></span> <span class='ocrx_word' id='word_1_378' title='bbox 1216 2856 1324 2944; x_wconf 74' lang='grc' dir='ltr'><em>τῇ“τοῦ</em></span> 
     </span>
     <span class='ocr_line' id='line_1_36' title="bbox 69 2928 1324 3039; baseline 0.003 -40"><span class='ocrx_word' id='word_1_379' title='bbox 69 2961 126 3020; x_wconf 83' lang='grc' dir='ltr'><em>περ</em></span> <span class='ocrx_word' id='word_1_380' title='bbox 144 2934 203 3017; x_wconf 88' lang='grc' dir='ltr'><em>γάρ</em></span> <span class='ocrx_word' id='word_1_381' title='bbox 223 2937 335 3010; x_wconf 84' lang='grc' dir='ltr'><em>ἐγένετο</em></span> <span class='ocrx_word' id='word_1_382' title='bbox 360 2928 379 3017; x_wconf 69' lang='lat' dir='ltr'><em>r}</em></span> <span class='ocrx_word' id='word_1_383' title='bbox 403 2928 520 2997; x_wconf 80' lang='grc' dir='ltr'><em>διάνοια</em></span> <span class='ocrx_word' id='word_1_384' title='bbox 540 2931 623 3015; x_wconf 83' lang='grc' dir='ltr'><em>ὑμῶν</em></span> <span class='ocrx_word' id='word_1_385' title='bbox 640 2935 678 3006; x_wconf 89' lang='grc' dir='ltr'><em>εἰς</em></span> <span class='ocrx_word' id='word_1_386' title='bbox 716 2935 790 2996; x_wconf 84' lang='grc' dir='ltr'><em>θεοῦ</em></span> <span class='ocrx_word' id='word_1_387' title='bbox 803 2938 896 3034; x_wconf 75' lang='grc' dir='ltr'><em>μνείη.</em></span> <span class='ocrx_word' id='word_1_388' title='bbox 922 2934 1081 3039; x_wconf 63' lang='grc' dir='ltr'><em>ῧέξηλθον</em></span> <span class='ocrx_word' id='word_1_389' title='bbox 1092 2933 1152 3021; x_wconf 88' lang='grc' dir='ltr'><em>γάρ</em></span> <span class='ocrx_word' id='word_1_390' title='bbox 1166 2940 1252 3020; x_wconf 81' lang='grc' dir='ltr'><em>παρὰ</em></span> <span class='ocrx_word' id='word_1_391' title='bbox 1265 2940 1324 3003; x_wconf 85' lang='grc' dir='ltr'><em>σοῦ</em></span> 
     </span>
     <span class='ocr_line' id='line_1_37' title="bbox 69 3015 1323 3104; baseline 0.001 -20"><span class='ocrx_word' id='word_1_392' title='bbox 69 3015 106 3084; x_wconf 89' lang='grc' dir='ltr'><em>τὸ</em></span> <span class='ocrx_word' id='word_1_393' title='bbox 118 3018 307 3102; x_wconf 77' lang='grc' dir='ltr'><em>πλανηθῆναι</em></span> <span class='ocrx_word' id='word_1_394' title='bbox 325 3015 388 3082; x_wconf 80' lang='grc' dir='ltr'><em>ἀπὸ</em></span> <span class='ocrx_word' id='word_1_395' title='bbox 403 3020 460 3081; x_wconf 86' lang='grc' dir='ltr'><em>τοῦ</em></span> <span class='ocrx_word' id='word_1_396' title='bbox 472 3019 564 3091; x_wconf 89' lang='grc' dir='ltr'><em>θεοῦ,</em></span> <span class='ocrx_word' id='word_1_397' title='bbox 590 3015 677 3081; x_wconf 89' lang='grc' dir='ltr'><em>δεκα-</em></span> <span class='ocrx_word' id='word_1_398' title='bbox 714 3017 796 3091; x_wconf 87' lang='grc' dir='ltr'><em>πεζοί</em></span> <span class='ocrx_word' id='word_1_399' title='bbox 819 3016 956 3098; x_wconf 87' lang='grc' dir='ltr'><em>οἰγομενοι</em></span> <span class='ocrx_word' id='word_1_400' title='bbox 981 3017 1041 3083; x_wconf 92' lang='grc' dir='ltr'><em>υπό</em></span> <span class='ocrx_word' id='word_1_401' title='bbox 1064 3024 1193 3104; x_wconf 85' lang='grc' dir='ltr'><em>ἐχθρῶν,</em></span> <span class='ocrx_word' id='word_1_402' title='bbox 1219 3017 1323 3097; x_wconf 88' lang='grc' dir='ltr'><em>είςάγει</em></span> 
     </span>
     <span class='ocr_line' id='line_1_38' title="bbox 68 3097 1323 3191; baseline 0.002 -23"><span class='ocrx_word' id='word_1_403' title='bbox 68 3101 257 3168; x_wconf 88' lang='grc' dir='ltr'><em>πλασιοίσατε</em></span> <span class='ocrx_word' id='word_1_404' title='bbox 293 3103 520 3187; x_wconf 85' lang='grc' dir='ltr'><em>ἐπιστραφέντες</em></span> <span class='ocrx_word' id='word_1_405' title='bbox 556 3102 677 3183; x_wconf 75' lang='grc' dir='ltr'><em>ζητῆσαι</em></span> <span class='ocrx_word' id='word_1_406' title='bbox 714 3097 747 3162; x_wconf 84' lang='grc' dir='ltr'><em>δὲ</em></span> <span class='ocrx_word' id='word_1_407' title='bbox 760 3097 904 3176; x_wconf 83' lang='grc' dir='ltr'><em>αῦτοίνςὸ</em></span> <span class='ocrx_word' id='word_1_408' title='bbox 923 3100 1083 3189; x_wconf 86' lang='grc' dir='ltr'><em>θεόςπρός</em></span> <span class='ocrx_word' id='word_1_409' title='bbox 1101 3104 1134 3169; x_wconf 84' lang='grc' dir='ltr'><em>σὲ</em></span> <span class='ocrx_word' id='word_1_410' title='bbox 1147 3107 1323 3191; x_wconf 84' lang='grc' dir='ltr'><em>αἰρομένους</em></span> 
     </span>
     <span class='ocr_line' id='line_1_39' title="bbox 70 3177 1322 3274; baseline 0.003 -23"><span class='ocrx_word' id='word_1_411' title='bbox 70 3182 171 3252; x_wconf 87' lang='grc' dir='ltr'><em>αῦτόν.</em></span> <span class='ocrx_word' id='word_1_412' title='bbox 198 3182 262 3249; x_wconf 72' lang='grc' dir='ltr'><em>29ό</em></span> <span class='ocrx_word' id='word_1_413' title='bbox 287 3183 345 3271; x_wconf 85' lang='grc' dir='ltr'><em>γάρ</em></span> <span class='ocrx_word' id='word_1_414' title='bbox 365 3181 523 3261; x_wconf 84' lang='grc' dir='ltr'><em>ἐπαγαγῶν</em></span> <span class='ocrx_word' id='word_1_415' title='bbox 547 3179 616 3264; x_wconf 75' lang='grc' dir='ltr'><em>ὑμῖν</em></span> <span class='ocrx_word' id='word_1_416' title='bbox 636 3177 677 3247; x_wconf 86' lang='grc' dir='ltr'><em>τά</em></span> <span class='ocrx_word' id='word_1_417' title='bbox 712 3182 785 3264; x_wconf 83' lang='grc' dir='ltr'><em>μετὰ</em></span> <span class='ocrx_word' id='word_1_418' title='bbox 794 3182 881 3269; x_wconf 86' lang='grc' dir='ltr'><em>δόξης</em></span> <span class='ocrx_word' id='word_1_419' title='bbox 892 3181 933 3262; x_wconf 84' lang='grc' dir='ltr'><em>ῶς</em></span> <span class='ocrx_word' id='word_1_420' title='bbox 941 3182 1057 3271; x_wconf 89' lang='grc' dir='ltr'><em>θρόνον</em></span> <span class='ocrx_word' id='word_1_421' title='bbox 1066 3186 1224 3274; x_wconf 71' lang='grc' dir='ltr'><em>βασιλείας.</em></span> <span class='ocrx_word' id='word_1_422' title='bbox 1238 3191 1322 3255; x_wconf 59' lang='grc' dir='ltr'><em>Ἰουν-</em></span> 
     </span>
     <span class='ocr_line' id='line_1_40' title="bbox 68 3262 1322 3355; baseline 0.004 -22"><span class='ocrx_word' id='word_1_423' title='bbox 68 3269 156 3348; x_wconf 84' lang='grc' dir='ltr'><em>κακά,</em></span> <span class='ocrx_word' id='word_1_424' title='bbox 166 3264 264 3346; x_wconf 80' lang='grc' dir='ltr'><em>ἐπάξει</em></span> <span class='ocrx_word' id='word_1_425' title='bbox 276 3267 346 3352; x_wconf 82' lang='grc' dir='ltr'><em>ὑμῖν</em></span> <span class='ocrx_word' id='word_1_426' title='bbox 359 3268 412 3354; x_wconf 78' lang='grc' dir='ltr'><em>τὴν</em></span> <span class='ocrx_word' id='word_1_427' title='bbox 425 3262 551 3333; x_wconf 87' lang='grc' dir='ltr'><em>αἰῶνιον</em></span> <span class='ocrx_word' id='word_1_428' title='bbox 565 3265 675 3353; x_wconf 84' lang='grc' dir='ltr'><em>εῦφρο-</em></span> <span class='ocrx_word' id='word_1_429' title='bbox 712 3267 795 3345; x_wconf 83' lang='grc' dir='ltr'><em>έταξε</em></span> <span class='ocrx_word' id='word_1_430' title='bbox 818 3268 876 3355; x_wconf 84' lang='grc' dir='ltr'><em>γάρ</em></span> <span class='ocrx_word' id='word_1_431' title='bbox 900 3266 918 3335; x_wconf 87' lang='grc' dir='ltr'><em>ό</em></span> <span class='ocrx_word' id='word_1_432' title='bbox 938 3269 1008 3346; x_wconf 86' lang='grc' dir='ltr'><em>θεὸς</em></span> <span class='ocrx_word' id='word_1_433' title='bbox 1022 3277 1237 3338; x_wconf 85' lang='grc' dir='ltr'><em>ταπεινοῦσθαι</em></span> <span class='ocrx_word' id='word_1_434' title='bbox 1257 3277 1322 3338; x_wconf 83' lang='grc' dir='ltr'><em>πᾶν</em></span> 
     </span>
     <span class='ocr_line' id='line_1_41' title="bbox 68 3348 1321 3454; baseline -0.001 -36"><span class='ocrx_word' id='word_1_435' title='bbox 68 3350 158 3436; x_wconf 88' lang='grc' dir='ltr'><em>σῦνην</em></span> <span class='ocrx_word' id='word_1_436' title='bbox 193 3352 267 3436; x_wconf 83' lang='grc' dir='ltr'><em>μετά</em></span> <span class='ocrx_word' id='word_1_437' title='bbox 305 3357 358 3438; x_wconf 73' lang='grc' dir='ltr'><em>τῆς</em></span> <span class='ocrx_word' id='word_1_438' title='bbox 396 3356 543 3435; x_wconf 88' lang='grc' dir='ltr'><em>σωτηρίας</em></span> <span class='ocrx_word' id='word_1_439' title='bbox 581 3352 673 3433; x_wconf 82' lang='grc' dir='ltr'><em>ὑμῶν.</em></span> <span class='ocrx_word' id='word_1_440' title='bbox 713 3348 785 3454; x_wconf 35' lang='grc' dir='ltr'><em>δ’ρχος</em></span> <span class='ocrx_word' id='word_1_441' title='bbox 798 3352 926 3437; x_wconf 81' lang='grc' dir='ltr'><em>ῦιμηλόν,</em></span> <span class='ocrx_word' id='word_1_442' title='bbox 940 3357 990 3418; x_wconf 91' lang='grc' dir='ltr'><em>καί</em></span> <span class='ocrx_word' id='word_1_443' title='bbox 1002 3365 1090 3428; x_wconf 82' lang='grc' dir='ltr'><em>θῖνας</em></span> <span class='ocrx_word' id='word_1_444' title='bbox 1103 3350 1255 3428; x_wconf 84' lang='grc' dir='ltr'><em>ἀεννάους,</em></span> <span class='ocrx_word' id='word_1_445' title='bbox 1269 3355 1321 3418; x_wconf 87' lang='grc' dir='ltr'><em>καί</em></span> 
     </span>
    </p>
   </div>
   <div class='ocr_carea' id='block_1_5' title="bbox 67 3432 1320 3581">
    <p class='ocr_par' dir='ltr' id='par_1_7' title="bbox 67 3432 1320 3581">
     <span class='ocr_line' id='line_1_42' title="bbox 67 3432 1320 3581; baseline -0.001 -82"><span class='ocrx_word' id='word_1_446' title='bbox 67 3438 98 3480; x_wconf 82' lang='lat'><em>³⁰</em></span> <span class='ocrx_word' id='word_1_447' title='bbox 111 3434 219 3539; x_wconf 84' lang='grc' dir='ltr'><em>θάρσει</em></span> <span class='ocrx_word' id='word_1_448' title='bbox 234 3433 444 3535; x_wconf 52' lang='grc' dir='ltr'><em>Ἰερουσαλὴμ,</em></span> <span class='ocrx_word' id='word_1_449' title='bbox 471 3436 674 3518; x_wconf 90' lang='grc' dir='ltr'><em>παρακαλέσει</em></span> <span class='ocrx_word' id='word_1_450' title='bbox 713 3459 869 3518; x_wconf 79' lang='grc' dir='ltr'><em>φαραγγας</em></span> <span class='ocrx_word' id='word_1_451' title='bbox 885 3435 1081 3519; x_wconf 88' lang='grc' dir='ltr'><em>πληροῦσθαι</em></span> <span class='ocrx_word' id='word_1_452' title='bbox 1099 3441 1137 3509; x_wconf 89' lang='grc' dir='ltr'><em>εἰς</em></span> <span class='ocrx_word' id='word_1_453' title='bbox 1156 3432 1320 3581; x_wconf 61' lang='grc' dir='ltr'><em>όμαλιομχχν</em></span> 
     </span>
    </p>
   </div>
   <div class='ocr_carea' id='block_1_6' title="bbox 64 3514 1320 4197">
    <p class='ocr_par' dir='ltr' id='par_1_8' title="bbox 64 3514 1320 4197">
     <span class='ocr_line' id='line_1_43' title="bbox 67 3514 1318 3603; baseline -0.002 -20"><span class='ocrx_word' id='word_1_454' title='bbox 67 3543 97 3583; x_wconf 89' lang='grc' dir='ltr'><em>σε</em></span> <span class='ocrx_word' id='word_1_455' title='bbox 119 3514 136 3582; x_wconf 84' lang='grc' dir='ltr'>ὁ</span> <span class='ocrx_word' id='word_1_456' title='bbox 158 3541 313 3598; x_wconf 88' lang='grc' dir='ltr'><em>ονομασας</em></span> <span class='ocrx_word' id='word_1_457' title='bbox 335 3541 374 3581; x_wconf 90' lang='grc' dir='ltr'><em>σε.</em></span> <span class='ocrx_word' id='word_1_458' title='bbox 399 3518 428 3558; x_wconf 83' lang='lat'><em>³¹</em></span> <span class='ocrx_word' id='word_1_459' title='bbox 440 3515 565 3581; x_wconf 90' lang='grc' dir='ltr'><em>δείλαιοι</em></span> <span class='ocrx_word' id='word_1_460' title='bbox 588 3521 619 3580; x_wconf 80' lang='grc' dir='ltr'><em>οἰ</em></span> <span class='ocrx_word' id='word_1_461' title='bbox 640 3516 673 3580; x_wconf 83' lang='grc' dir='ltr'><em>οὲ</em></span> <span class='ocrx_word' id='word_1_462' title='bbox 713 3521 764 3597; x_wconf 75' lang='grc' dir='ltr'><em>τῆς</em></span> <span class='ocrx_word' id='word_1_463' title='bbox 776 3523 839 3600; x_wconf 75' lang='grc' dir='ltr'><em>γῆς,</em></span> <span class='ocrx_word' id='word_1_464' title='bbox 859 3522 909 3581; x_wconf 79' lang='grc' dir='ltr'><em>ἰ’να</em></span> <span class='ocrx_word' id='word_1_465' title='bbox 920 3516 1162 3603; x_wconf 75' lang='grc' dir='ltr'><em>βαδίσηἿσραίηλ</em></span> <span class='ocrx_word' id='word_1_466' title='bbox 1176 3514 1258 3598; x_wconf 83' lang='grc' dir='ltr'><em>ἇοφα</em></span> <span class='ocrx_word' id='word_1_467' title='bbox 1288 3522 1318 3592; x_wconf 76' lang='grc' dir='ltr'><em>’ς</em></span> 
     </span>
     <span class='ocr_line' id='line_1_44' title="bbox 66 3590 1320 3690; baseline 0.001 -26"><span class='ocrx_word' id='word_1_468' title='bbox 66 3594 253 3672; x_wconf 84' lang='grc' dir='ltr'><em>κακῶοαντες</em></span> <span class='ocrx_word' id='word_1_469' title='bbox 283 3601 333 3662; x_wconf 84' lang='grc' dir='ltr'><em>καί</em></span> <span class='ocrx_word' id='word_1_470' title='bbox 358 3599 542 3682; x_wconf 82' lang='grc' dir='ltr'><em>ἐπιχαρέντες</em></span> <span class='ocrx_word' id='word_1_471' title='bbox 565 3602 605 3690; x_wconf 78' lang='grc' dir='ltr'><em>τῇ</em></span> <span class='ocrx_word' id='word_1_472' title='bbox 632 3601 674 3678; x_wconf 79' lang='grc' dir='ltr'><em>σῆ</em></span> <span class='ocrx_word' id='word_1_473' title='bbox 710 3605 749 3689; x_wconf 77' lang='grc' dir='ltr'><em>τῇ</em></span> <span class='ocrx_word' id='word_1_474' title='bbox 762 3604 820 3664; x_wconf 89' lang='grc' dir='ltr'><em>τοῦ</em></span> <span class='ocrx_word' id='word_1_475' title='bbox 839 3604 912 3665; x_wconf 86' lang='grc' dir='ltr'><em>θεοῦ</em></span> <span class='ocrx_word' id='word_1_476' title='bbox 925 3590 1017 3682; x_wconf 75' lang='grc' dir='ltr'><em>δόξη.’</em></span> <span class='ocrx_word' id='word_1_477' title='bbox 1043 3601 1213 3666; x_wconf 62' lang='grc' dir='ltr'><em>Βέσκίαοαν</em></span> <span class='ocrx_word' id='word_1_478' title='bbox 1225 3600 1257 3665; x_wconf 85' lang='grc' dir='ltr'><em>δὲ</em></span> <span class='ocrx_word' id='word_1_479' title='bbox 1268 3604 1320 3665; x_wconf 90' lang='grc' dir='ltr'><em>καί</em></span> 
     </span>
     <span class='ocr_line' id='line_1_45' title="bbox 65 3666 1318 3768; baseline 0.002 -20"><span class='ocrx_word' id='word_1_480' title='bbox 65 3677 186 3758; x_wconf 87' lang='grc' dir='ltr'><em>πτῶσει,</em></span> <span class='ocrx_word' id='word_1_481' title='bbox 211 3681 242 3724; x_wconf 77' lang='lat'><em>³²</em></span> <span class='ocrx_word' id='word_1_482' title='bbox 254 3681 378 3747; x_wconf 86' lang='grc' dir='ltr'><em>δείλαιαι</em></span> <span class='ocrx_word' id='word_1_483' title='bbox 400 3685 434 3745; x_wconf 89' lang='grc' dir='ltr'><em>αί</em></span> <span class='ocrx_word' id='word_1_484' title='bbox 455 3673 554 3753; x_wconf 91' lang='grc' dir='ltr'><em>πόλεις</em></span> <span class='ocrx_word' id='word_1_485' title='bbox 572 3680 618 3755; x_wconf 87' lang='grc' dir='ltr'><em>αίς</em></span> <span class='ocrx_word' id='word_1_486' title='bbox 640 3666 672 3745; x_wconf 64' lang='lat' dir='ltr'><em>l·</em></span> <span class='ocrx_word' id='word_1_487' title='bbox 711 3688 741 3748; x_wconf 84' lang='grc' dir='ltr'><em>οἰ</em></span> <span class='ocrx_word' id='word_1_488' title='bbox 753 3683 859 3768; x_wconf 87' lang='grc' dir='ltr'><em>δρυμοί</em></span> <span class='ocrx_word' id='word_1_489' title='bbox 876 3686 926 3752; x_wconf 90' lang='grc' dir='ltr'><em>καί</em></span> <span class='ocrx_word' id='word_1_490' title='bbox 943 3671 1005 3749; x_wconf 86' lang='grc' dir='ltr'><em>πάν</em></span> <span class='ocrx_word' id='word_1_491' title='bbox 1016 3679 1112 3760; x_wconf 80' lang='grc' dir='ltr'><em>’ξόλον</em></span> <span class='ocrx_word' id='word_1_492' title='bbox 1130 3681 1254 3760; x_wconf 87' lang='grc' dir='ltr'><em>εῦωδίας</em></span> <span class='ocrx_word' id='word_1_493' title='bbox 1273 3690 1318 3750; x_wconf 89' lang='grc' dir='ltr'><em>τῶ</em></span> 
     </span>
     <span class='ocr_line' id='line_1_46' title="bbox 65 3750 1318 3856; baseline 0.001 -24"><span class='ocrx_word' id='word_1_494' title='bbox 65 3762 227 3832; x_wconf 85' lang='grc' dir='ltr'><em>δοῦλευσαν</em></span> <span class='ocrx_word' id='word_1_495' title='bbox 251 3763 403 3830; x_wconf 78' lang='grc' dir='ltr'><em>τὰτέκνα</em></span> <span class='ocrx_word' id='word_1_496' title='bbox 426 3788 492 3838; x_wconf 93' lang='grc' dir='ltr'><em>σου,</em></span> <span class='ocrx_word' id='word_1_497' title='bbox 519 3763 632 3829; x_wconf 84' lang='grc' dir='ltr'><em>δειλαία</em></span> <span class='ocrx_word' id='word_1_498' title='bbox 654 3761 672 3848; x_wconf 74' lang='grc' dir='ltr'><strong><em>ἦ</em></strong></span> <span class='ocrx_word' id='word_1_499' title='bbox 707 3764 828 3852; x_wconf 73' lang='grc' dir='ltr'><em>Ἰσραὴλ</em></span> <span class='ocrx_word' id='word_1_500' title='bbox 842 3766 1049 3856; x_wconf 87' lang='grc' dir='ltr'><em>προςτοίγματι</em></span> <span class='ocrx_word' id='word_1_501' title='bbox 1062 3774 1116 3833; x_wconf 87' lang='grc' dir='ltr'><em>τοῦ</em></span> <span class='ocrx_word' id='word_1_502' title='bbox 1129 3773 1217 3834; x_wconf 87' lang='grc' dir='ltr'><em>θεοῦ.</em></span> <span class='ocrx_word' id='word_1_503' title='bbox 1231 3750 1318 3855; x_wconf 58' lang='lat' dir='ltr'><em>²2⁸1va-</em></span> 
     </span>
     <span class='ocr_line' id='line_1_47' title="bbox 66 3843 1317 3940; baseline 0.002 -24"><span class='ocrx_word' id='word_1_504' title='bbox 66 3852 204 3935; x_wconf 82' lang='grc' dir='ltr'><em>δεξαμένη</em></span> <span class='ocrx_word' id='word_1_505' title='bbox 229 3846 299 3924; x_wconf 83' lang='grc' dir='ltr'><em>τοίς</em></span> <span class='ocrx_word' id='word_1_506' title='bbox 324 3845 406 3923; x_wconf 85' lang='grc' dir='ltr'><em>υίοῦς</em></span> <span class='ocrx_word' id='word_1_507' title='bbox 433 3872 493 3913; x_wconf 91' lang='grc' dir='ltr'><em>σου.</em></span> <span class='ocrx_word' id='word_1_508' title='bbox 533 3847 562 3889; x_wconf 80' lang='lat'><em>³³</em></span> <span class='ocrx_word' id='word_1_509' title='bbox 576 3843 671 3934; x_wconf 85' lang='grc' dir='ltr'><em>ῶςπερ</em></span> <span class='ocrx_word' id='word_1_510' title='bbox 710 3872 789 3916; x_wconf 87' lang='grc' dir='ltr'><em>σεται</em></span> <span class='ocrx_word' id='word_1_511' title='bbox 801 3847 860 3936; x_wconf 83' lang='grc' dir='ltr'><em>γάρ</em></span> <span class='ocrx_word' id='word_1_512' title='bbox 878 3848 981 3928; x_wconf 86' lang='grc' dir='ltr'><em>δθεός</em></span> <span class='ocrx_word' id='word_1_513' title='bbox 995 3850 1117 3937; x_wconf 78' lang='grc' dir='ltr'><em>Ἰσραὴλ</em></span> <span class='ocrx_word' id='word_1_514' title='bbox 1133 3851 1192 3935; x_wconf 77' lang='grc' dir='ltr'><em>μετ’</em></span> <span class='ocrx_word' id='word_1_515' title='bbox 1208 3849 1317 3940; x_wconf 80' lang='grc' dir='ltr'><em>εὖφρο-</em></span> 
     </span>
     <span class='ocr_line' id='line_1_48' title="bbox 64 3925 1317 4027; baseline 0 -27"><span class='ocrx_word' id='word_1_516' title='bbox 64 3934 123 4020; x_wconf 86' lang='grc' dir='ltr'><em>γοίρ</em></span> <span class='ocrx_word' id='word_1_517' title='bbox 137 3933 226 4020; x_wconf 79' lang='grc' dir='ltr'><em>ἐχάρη</em></span> <span class='ocrx_word' id='word_1_518' title='bbox 245 3934 296 3999; x_wconf 81' lang='grc' dir='ltr'><em>ἐπί</em></span> <span class='ocrx_word' id='word_1_519' title='bbox 311 3936 351 4027; x_wconf 74' lang='grc' dir='ltr'><em>τῇ</em></span> <span class='ocrx_word' id='word_1_520' title='bbox 369 3937 407 4015; x_wconf 82' lang='grc' dir='ltr'><em>σῆ</em></span> <span class='ocrx_word' id='word_1_521' title='bbox 424 3925 535 3997; x_wconf 88' lang='grc' dir='ltr'><em>πτῶσει</em></span> <span class='ocrx_word' id='word_1_522' title='bbox 553 3934 605 3998; x_wconf 84' lang='grc' dir='ltr'><em>καί</em></span> <span class='ocrx_word' id='word_1_523' title='bbox 624 3932 672 3998; x_wconf 83' lang='grc' dir='ltr'><em>εὐ-</em></span> <span class='ocrx_word' id='word_1_524' title='bbox 710 3931 797 4019; x_wconf 84' lang='grc' dir='ltr'><em>σόνης</em></span> <span class='ocrx_word' id='word_1_525' title='bbox 815 3938 860 3999; x_wconf 89' lang='grc' dir='ltr'><em>τῶ</em></span> <span class='ocrx_word' id='word_1_526' title='bbox 877 3936 956 4019; x_wconf 82' lang='grc' dir='ltr'><em>φωτί</em></span> <span class='ocrx_word' id='word_1_527' title='bbox 973 3939 1026 4021; x_wconf 75' lang='grc' dir='ltr'><em>τῆς</em></span> <span class='ocrx_word' id='word_1_528' title='bbox 1042 3933 1129 4020; x_wconf 86' lang='grc' dir='ltr'><em>δόξης</em></span> <span class='ocrx_word' id='word_1_529' title='bbox 1147 3935 1245 4002; x_wconf 77' lang='grc' dir='ltr'><em>αὐτοῦ</em></span> <span class='ocrx_word' id='word_1_530' title='bbox 1262 3939 1317 4002; x_wconf 84' lang='grc' dir='ltr'><em>οῦν</em></span> 
     </span>
     <span class='ocr_line' id='line_1_49' title="bbox 65 3999 1314 4113; baseline 0.004 -32"><span class='ocrx_word' id='word_1_531' title='bbox 65 4014 188 4100; x_wconf 86' lang='grc' dir='ltr'><em>φράνθη</em></span> <span class='ocrx_word' id='word_1_532' title='bbox 201 4020 308 4101; x_wconf 78' lang='grc' dir='ltr'><em>ἐπίτῴ</em></span> <span class='ocrx_word' id='word_1_533' title='bbox 322 4004 466 4098; x_wconf 86' lang='grc' dir='ltr'><em>πτῶματί</em></span> <span class='ocrx_word' id='word_1_534' title='bbox 477 4041 547 4094; x_wconf 89' lang='grc' dir='ltr'><em>σου,</em></span> <span class='ocrx_word' id='word_1_535' title='bbox 574 4012 672 4094; x_wconf 84' lang='grc' dir='ltr'><em>οῦτιος</em></span> <span class='ocrx_word' id='word_1_536' title='bbox 709 3999 891 4113; x_wconf 80' lang='grc' dir='ltr'><em>ἐλεημοσῦνη</em></span> <span class='ocrx_word' id='word_1_537' title='bbox 914 4021 966 4087; x_wconf 89' lang='grc' dir='ltr'><em>καί</em></span> <span class='ocrx_word' id='word_1_538' title='bbox 988 4021 1159 4112; x_wconf 72' lang='grc' dir='ltr'><em>δικαιοσύνη</em></span> <span class='ocrx_word' id='word_1_539' title='bbox 1183 4025 1220 4113; x_wconf 77' lang='grc' dir='ltr'><em>τῇ</em></span> <span class='ocrx_word' id='word_1_540' title='bbox 1242 4020 1314 4106; x_wconf 86' lang='grc' dir='ltr'><em>παρ’</em></span> 
     </span>
     <span class='ocr_line' id='line_1_50' title="bbox 65 4101 815 4197; baseline 0.005 -31"><span class='ocrx_word' id='word_1_541' title='bbox 65 4102 268 4186; x_wconf 78' lang='grc' dir='ltr'><em>λυπηθησεται</em></span> <span class='ocrx_word' id='word_1_542' title='bbox 291 4101 340 4167; x_wconf 83' lang='grc' dir='ltr'><em>ἐπί</em></span> <span class='ocrx_word' id='word_1_543' title='bbox 363 4104 402 4197; x_wconf 75' lang='grc' dir='ltr'><em>τῇ</em></span> <span class='ocrx_word' id='word_1_544' title='bbox 424 4101 531 4182; x_wconf 78' lang='grc' dir='ltr'><em>ἑαυτῆς</em></span> <span class='ocrx_word' id='word_1_545' title='bbox 555 4104 669 4189; x_wconf 77' lang='grc' dir='ltr'><em>ἐρημίη.</em></span> <span class='ocrx_word' id='word_1_546' title='bbox 709 4103 815 4170; x_wconf 78' lang='grc' dir='ltr'><em>αὐτοῦ.</em></span> 
     </span>
    </p>
   </div>
   <div class='ocr_carea' id='block_1_7' title="bbox 519 4333 859 4353">
    <p class='ocr_par' dir='ltr' id='par_1_9' title="bbox 519 4333 859 4353">
     <span class='ocr_line' id='line_1_51' title="bbox 519 4333 859 4353; baseline 0.006 -5"><span class='ocrx_word' id='word_1_547' title='bbox 519 4333 859 4353; x_wconf 43' lang='lat' dir='ltr'>*mn—-</span> 
     </span>
    </p>
   </div>
   <div class='ocr_carea' id='block_1_8' title="bbox 0 0 1466 4972">
    <p class='ocr_par' dir='ltr' id='par_1_10' title="bbox 0 0 1466 4972">
     <span class='ocr_line' id='line_1_52' title="bbox 0 0 1466 4972; baseline 0 3"><span class='ocrx_word' id='word_1_548' title='bbox 0 0 1466 4972; x_wconf 95' lang='lat' dir='ltr'><em> </em></span> 
     </span>
    </p>
   </div>
  </div>
 </body>
</html>
