2924 4972
187 208 253 275 830
468 208 768 269 JEPEM1A>2
806 211 883 284 Κεφ.
898 197 938 268 ιε’
952 204 999 280 ις’
1014 206 1064 270 15
1080 209 1130 271 16.

176 331 270 436 χαρρλν
293 329 415 431 καρδίας
432 351 506 428 μου,
531 323 578 389 ὅτι
596 324 782 427 ἐπικέκληται
821 329 915 388 οίκίαν
926 317 1026 387 πότου
1037 319 1092 387 οὑκ
1106 318 1288 422 εἰςελεύση
1255 346 1304 397 σο,
1318 348 1427 401 συγκα

178 414 214 480 τδ
225 408 327 516 ύιομύ
345 414 458 474 σουέπ
484 411 549 510 έμολ
569 405 650 493 κύριε
666 430 783 471 παντο·
820 411 909 470 θισαι
920 402 981 507 μετ
985 427 1090 469 αοτων
1101 429 1157 469 τοο
1153 418 1270 507 φαγειν
1281 432 1336 470 και
1346 420 1423 475 πτειν

177 491 307 601 κρύτωρ
332 490 407 536 ¹⁷'
373 516 429 556 ουκ
446 494 577 555 έκαθισα
595 494 626 556 έν
645 490 781 593 συνεδρίῳ
820 485 927 554 9διότι
942 483 1014 552 τάδε
1031 484 1160 565 λέγει’
1126 512 1226 590 κοριος
1243 487 1262 553 5
1279 488 1356 565 θεὸς
1371 488 1430 558 '15-

179 580 280 644 αύτιῦν
297 573 481 652 παιζόντων,
507 571 587 638 ἀλλὰ
600 569 767 676 εῦλαβούμη
768 596 783 635 ν
821 567 906 657 ραηλ.
933 569 999 675 5505
1017 569 1083 673 ἐγὼ
1094 570 1236 636 καταλύω
1254 577 1288 638 ἐκ
1306 572 1430 641 τοῦτο’-

178 660 242 726 ἇπδ
259 657 424 761 προςιύπου
444 653 604 763 ηειρός
558 681 623 722 σου.
648 599 783 759 551595·
820 677 882 719 που
898 655 1011 720 τούτου
1028 650 1158 753 ἑνούπιρν
1176 658 1238 719 τῶν
1257 654 1431 758 ὀφθαλμιῶν

177 767 229 818 νας
254 737 423 824 ἐκαθήμην,
450 764 497 803 οτι
518 744 638 824 πικρίας
661 735 783 821 5515}-
819 733 912 838 ὑμῶν,
935 733 1241 844 καέένταῖςημέραις
1252 737 1348 841 ὑμῶν,
1361 766 1430 845 φω-

178 836 265 928 σθην.
290 825 413 889 18ίνατί
429 847 459 886 οι
449 822 680 924 λυποῦντέςμε
698 845 783 884 κατι·
821 820 872 904 νην
892 827 1004 924 χαρᾶς,
1034 821 1087 884 καί
1110 821 1211 927 φωνην
1234 819 1429 926 ιίηηροσύνης,

177 906 304 1016 σχύουοί
320 931 397 1007 μους
428 902 447 989 ἢ
472 901 571 988 πληγη
589 929 649 1008 μου
673 899 782 1008 στερεὰ,
821 904 921 1030 φωνην
943 908 1085 1007 νυμφίου,
1110 905 1163 967 καί
1186 929 1288 990 φωνην
1305 902 1342 971 νύ
1389 935 1428 991 ης.

177 988 276 1056 πόθεν
293 985 475 1094 ίμθησομαις
496 990 634 1093 γινομένη
644 988 849 1071 ἐγενηθηιο
862 989 912 1051 καί
929 989 1012 1090 έρται
1029 983 1103 1051 ὅταν
1096 984 1308 1090 ιἰηαγγείλης
1304 995 1352 1072 τρῦ

176 1100 226 1156 μοι
239 1071 280 1147 ὡς
295 1070 375 1158 ῦδωρ
389 1069 505 1173 ψευδές,
530 1069 586 1136 οὐκ
598 1074 664 1173 έηον
675 1074 781 1135 πίστιν.
820 1065 921 1152 τούτῳ
935 1064 1057 1172 ὑίπριντα
1069 1093 1109 1134 τα
1096 1060 1263 1175 ῥηματα
1250 1073 1360 1147 ταῦτα,
1377 1056 1429 1140 καλ

177 1159 205 1200 ¹⁹
219 1155 269 1221 διὰ
293 1160 386 1221 τοῦτο
410 1150 480 1219 τάδε
505 1152 580 1232 λέγει
595 1176 715 1256 κυριοςῑ
729 1148 782 1218 ἐὰν
820 1175 923 1217 ειπωσι
935 1176 1016 1253 προς
1025 1177 1071 1228 σε
1096 1153 1176 1218 διατί
1191 1149 1365 1259 ἐλύλησεί
1327 1182 1428 1242 κιριος

178 1240 375 1349 έπιστρέηιης,
400 1239 452 1305 καί
477 1234 721 1340 ἀποκαταστῆσαι
739 1259 781 1309 σε,
821 1230 898 1339 595‘
873 1240 960 1338 ημᾶς
974 1230 1075 1300 πάντα
1089 1234 1129 1300 τὰ
1146 1235 1226 1300 κακὰ
1243 1243 1360 1340 ταῦτας
1385 1245 1427 1315 τίς

177 1326 228 1389 καί
251 1320 313 1407 πρὸ
337 1315 501 1405 προςιύπου
514 1345 581 1425 μου
591 1315 705 1423 στηση.
730 1319 783 1383 καί
820 1317 885 1421 η
865 1315 1003 1422 551555‘
976 1322 1085 1421 ημοῦν,Ι
1110 1320 1162 1382 καί
1184 1317 1270 1394 τίς“
1255 1320 1426 1432 ηὑμαρτία

177 1404 230 1470 ἐὰν
243 1405 430 1505 έξμγοίγης’
400 1427 493 1510 τιμιον
506 1401 568 1468 ἇπο
556 1391 763 1479 ἇναξίύυ,“
742 1427 783 1476 ως
820 1405 919 1506 ημῶν,
923 1397 960 1487 ἢν
971 1397 1138 1508 ἡμάρτομεν
1151 1403 1248 1467 ἔναντι
1258 1411 1363 1509 κυρίου
1373 1410 1427 1471 τοῦ

176 1487 213 1552 τὸ
228 1483 331 1593 στόμα
342 1512 405 1590 μου
414 1512 476 1589 εση
503 1488 555 1551 καί
559 1483 838 1592 ἇναστρέριου-
820 1483 919 1550 θεου
878 1509 1002 1595 ημων,
1027 1486 1115 1549 11καί
1127 1488 1200 1588 ἐρεῖς
1212 1485 1291 1572 πρὸς
1303 1487 1424 1596 αὐτούς,

176 1594 223 1634 σιν
241 1565 332 1633 αὑτοῦ
349 1567 427 1672 πρὸς
443 1568 489 1670 σέ,
515 1571 566 1633 καί
582 1592 621 1634 σο
638 1593 694 1633 ουκ
707 1592 781 1632 ανα-
820 1566 887 1670 550'
907 1592 951 1633 ων
972 1563 1165 1644 ἐγκατέλιπέν
1186 1593 1223 1673 με
1245 1575 1276 1634 05
1300 1576 1425 1680 πατέρες

176 1654 314 1750 στρέηιεις
338 1650 421 1753 πρὸς
433 1648 554 1753 αύτούς.
579 1653 611 1694 ²⁰
623 1677 675 1716 και
667 1647 833 1753 1(δούρω
819 1655 910 1733 υμιῦι,
924 1645 1045 1728 λέγει’
1011 1676 1119 1735 κύριος,
1130 1654 1183 1716 καί
1195 1651 1312 1754 ᾤχοντο
1326 1653 1422 1720 ὀπίσω

177 1758 209 1799 σε
224 1759 268 1817 τῳ
255 1735 348 1818 ’λαῷ
364 1728 480 1842 τρύτρι,
505 1761 547 1810 ως
558 1744 651 1819 τεηος
663 1758 781 1839 οηυρον,
820 1739 900 1800 θεων
912 1731 1091 1842 αλλοτρίων
1116 1760 1168 1799 και
1160 1731 1421 1803 ἐδουλευσαναο-

176 1800 313 1924 χαλκοῦν.
342 1819 394 1882 καί
418 1800 619 1920 πολεμήσουσι
635 1843 719 1921 προς
738 1840 781 1891 σε,
820 1827 897 1893 τοῖς,
921 1818 974 1881 καί
989 1814 1217 1928 προςεκύνησμν
1224 1817 1338 1923 αὑτρῖς,
1368 1822 1420 1883 καὶ

175 1902 227 1963 καί
252 1898 288 1966 οῦ
305 1898 346 1986 μίη
372 1895 517 1966 δύνωνται
533 1900 618 2002 πρὸς
635 1899 682 1978 σὲ,
707 1895 781 1965 διότι
820 1905 835 1965 ἐ
833 1899 1096 2004 μέέγκατέλιπον,
1121 1905 1173 1966 καί
1187 1900 1240 1967 τὸν
1256 1902 1347 2011 νόμον
1360 1928 1421 1985 μου

175 1984 248 2047 ιιετὰ
275 1988 331 2048 σοῦ
351 1987 406 2063 είμι
424 2007 479 2048 του
466 1979 600 2059 σώζειν
617 1985 705 2058 σε,2
706 1984 782 2047 1καί
820 1983 874 2048 οὑκ
891 1978 1094 2087 ἐφυλάξαντο,
1116 1981 1300 2066 12καίὺμεῖς
1313 1990 1422 2089 ἐποιη-

103 2069 106 2073 ’
174 2068 231 2129 τοῦ
243 2066 427 2165 ἐξαιρεῖσθαί
439 2091 471 2130 σε
481 2063 780 2213 ἐκχειρδςπονηριῦν,
819 2064 968 2176 ρεύσασθε
988 2064 1063 2152 ὑπέρ
1088 2067 1160 2143 τοὺς
1180 2072 1313 2154 πατέρας
1329 2068 1421 2174 ὑμῶν.

175 2173 229 2212 και
220 2144 427 2234 λυτρώοομαί
438 2174 469 2214 σε
481 2152 514 2213 ἐκ
525 2147 618 2254 χειρὸς
631 2148 750 2234 λοιμῶν.
819 2176 870 2215 και
862 2146 1031 2253 ἲδοὺὑμεῖς
1043 2147 1238 2236 πορεύεσθε’
1219 2177 1343 2228 εκαστος
1353 2154 1422 2221 ὀπί-

363 2237 437 2295 ΚΕ
449 2237 487 2294 Φ.
532 2240 591 2306 Ις.
819 2260 863 2298 σω
876 2238 937 2298 τῶν
922 2231 1422 2363 ἆριοτῶντῆςκαρδίαςὺμῶντῆς

174 2281 303 2379 Και
272 2340 309 2380 συ
320 2343 360 2418 μη
348 2311 472 2418 λαβης
477 2326 614 2393 γυναικα,
639 2313 765 2394 λέγει
727 2341 779 2380 κυ
811 2341 960 2419 πονηοας,
972 2342 1077 2419 τοομη
1089 2342 1249 2384 υπακουειν
1257 2325 1351 2402 μου
1352 2321 1423 2384 ’καί

175 2385 780 2504 ριοςὺθεδς’1σραηλ,2καίὀυγεννη-
811 2379 1010 2509 ἆπορὑψω“
995 2406 1095 2507 ὑμᾶς
1088 2398 1151 2467 ἀπὸ
1168 2428 1219 2487 της
1231 2429 1284 2505 γης
1302 2402 1419 2486 ταύτης,

174 2478 302 2586 θησεταί
314 2508 362 2546 σοι
375 2482 447 2556 υίὸς,
459 2480 530 2546 οὐδὲ
536 2479 708 2583 θυγύτηρέ
707 2487 779 2584 ντῷ
817 2487 856 2558 εἷς
868 2483 921 2589 την
936 2487 991 2586 γῗην
1008 2483 1044 2570 ἢν
1062 2482 1116 2550 οὑκ
1128 2484 1252 2578 η’δειτε“
1237 2497 1316 2565 ὑμεῖς
1328 2491 1378 2551 καί
1391 2491 1420 2559 οι

174 2563 263 2672 τύπω
281 2561 389 2648 τούτῳ.
415 2561 491 2629 3ὑτι
508 2561 715 2643 τύδελέγει’
680 2590 779 2651 κοριος
816 2570 941 2672 πατέρες
967 2564 1062 2650 ὑμῶν,
1095 2571 1146 2631 καί
1129 2533 1378 2632 δουλεύσετε
1361 2579 1422 2632 εκεῖ

169 2651 318 2734 περὶτῶν
336 2652 409 2713 υἱοῖν
426 2653 477 2712 καί
491 2653 558 2732 περὶ
572 2655 634 2713 τῶν
636 2651 777 2751 θυγατΙέ
816 2651 939 2726 θεοῖς
924 2654 1074 2753 ετέρρις,
1075 2656 1107 2715 0‘5
1127 2649 1165 2716 οὑ
1190 2645 1372 2716 δωσοιισιν
1350 2664 1419 2731 ὑμῖν

174 2756 236 2816 ρων
245 2736 305 2795 τῶν
316 2734 502 2814 γεννωμένων
514 2733 545 2834 ἐμ
554 2756 597 2814 τῳ
607 2727 695 2834 τύπῳ
704 2728 778 2794 τού·
816 2733 909 2808 ἔλεος.
922 2732 1008 2799 14διδ
1021 2738 1111 2800 τοῦτο
1125 2731 1214 2800 ἰδοὺ
1191 2738 1304 2837 ηιιέραι
1316 2738 1418 2838 έρχρν-

173 2820 228 2895 τῷ,
241 2814 292 2876 καί
304 2816 445 2917 περὶτῶν
457 2816 601 2920 μητέρων
604 2812 778 2878 αὐτῶντῶν
816 2839 876 2893 ται,
893 2813 1016 2894 λέγει’
977 2842 1090 2919 κυριος,
1103 2820 1155 2882 καί
1167 2816 1221 2884 οὑκ
1222 2821 1385 2922 ἕροῦσιν”
1365 2843 1416 2890 ετι,

173 2900 329 2959 τετοκυιιῦν
342 2895 461 2971 αὐτούς,
474 2898 601 2997 καὶπερὶ
613 2901 673 2961 τῶν
683 2901 779 3000 πατέ-
815 2896 898 2991 ζῆ’
858 2925 960 3002 κυριος
973 2898 991 2963 ὁ
1005 2899 1165 2997 ἀναγαγών
1177 2900 1248 2973 τοὺς
1260 2900 1342 2974 υέοὺς
1357 2899 1417 2964 Ἰσ-

174 3004 235 3062 ρων
247 2977 350 3044 αῦτιῦν
366 2983 429 3043 τῶν
440 2976 652 3105 γεγεννηκότων
670 2978 779 3054 αῦτοὺς
813 2946 889 3066 ρ’ύιίηλ
901 2985 984 3044 ἐκ
924 3007 998 3081 γης
1006 2978 1177 3056 Αἰγύπτου,
1191 2980 1303 3045 15οίλλδι
1315 2980 1400 3072 ζῇ’
1363 3010 1419 3046 κο-

173 3065 254 3124 ίν’
217 3087 252 3152 τη
266 3088 304 3152 γη
323 3059 427 3154 ταύτη.
453 3062 515 3127 4έν
526 3057 654 3165 θαιύτῳ
667 3068 779 3170 νοσερρῦ
813 3088 926 3167 ριος,
913 3059 946 3138 ῦς
970 3059 1097 3147 ιἰνηγαγε
1116 3061 1175 3170 τρι
1189 3062 1272 3126 οἷκον
1292 3054 1418 3164 Ἰύραηλ

171 3131 419 3219 ἀποθαὺοὑνται,
445 3143 481 3209 05
502 3170 701 3248 κοπησονται,
726 3149 779 3212 καί
813 3173 877 3211 απο
888 3172 941 3229 γης
953 3148 1069 3251 Βορρἆ,
1095 3146 1146 3209 καί
1158 3143 1220 3211 ὑπὸ
1233 3170 1352 3252 πασιρν
1356 3154 1419 3210 τῶν

172 3223 209 3290 ού
233 3250 428 3327 ταφησονται.
455 3232 493 3303 είς
502 3227 705 3338 παρύδειγμρι
727 3232 776 3294 ἐπὶ
811 3234 915 3314 χωρῶν
931 3255 969 3330 ου
953 3221 1158 3338 ἐξώσθησαν
1172 3232 1244 3301 ἐκεῖ,
1269 3231 1322 3292 καὶ
1335 3228 1417 3294 ἀπο-

174 3303 332 3393 προςιύπου
349 3335 401 3394 της
418 3336 470 3416 γης
488 3314 614 3377 ὲίνονται.
641 3315 692 3377 καί
712 3323 776 3388 τοῖς
812 3336 990 3414 καταστησω
1004 3336 1111 3386 αυτούς
1123 3316 1162 3386 εις
1174 3335 1230 3414 την
1239 3337 1295 3395 γην
1308 3310 1415 3388 αὑτων,

173 3397 340 3477 θηρίοις
303 3418 355 3493 της
370 3420 423 3499 γης
440 3399 557 3459 ἔσονται
576 3399 626 3460 καί
642 3407 706 3471 τοῖς
721 3421 776 3461 πι-
812 3420 864 3500 ην
856 3396 953 3460 ιδωκα
961 3407 1025 3469 τοις
1032 3419 1183 3497 πατρασιν
1194 3393 1305 3460 αὑτῶν.
1318 3393 1416 3460 16ίδοὺ
1457 3470 1460 3479 Ι

171 3490 276 3552 τεινοῖς
292 3481 350 3542 τοῦ
366 3477 507 3584 ριίρανοῦ.
533 3482 598 3560 ἐνμ
637 3485 708 3581 αίρηι
722 3504 775 3542 πε·
812 3479 870 3555 έγω
857 3475 1061 3543 αποστολλω
1073 3503 1145 3552 τους
1158 3475 1326 3553 διλιεῖςτοὺς
1314 3479 1413 3542 πολ·
1456 3524 1459 3529 -

171 3565 306 3634 σοῦνται,
331 3584 382 3623 και
375 3562 425 3623 έν
438 3561 514 3663 λιμῷ
529 3585 610 3626 σοντι
619 3541 774 3663 εσθησον-
812 3558 898 3637 λοὺς,
924 3557 1059 3640 λέγει’
1025 3587 1138 3664 κυριος,
1162 3565 1214 3627 καί
1236 3559 1413 3628 ὑλιεύσουσικ

167 3663 228 3703 ται.
255 3637 352 3705 ὅταδε
368 3641 491 3720 λέγει
457 3669 564 3751 κιιριος.
590 3669 630 3747 μη
619 3643 774 3734 ε’ίςελθης
812 3640 930 3720 αὑτούς.
956 3647 1009 3710 καί
1029 3643 1102 3727 μετὰ
1121 3649 1217 3710 ταῦτα
1235 3641 1413 3752 ἇπρστελλω

170 3725 209 3794 εἰς
234 3726 342 3823 θίασον
360 3723 472 3802 αὑτῶν,
496 3727 548 3790 καί
562 3753 603 3809 μη
620 3733 773 3832 πορευθης
811 3724 882 3803 τοὺς
905 3728 1035 3802 πολλοὺς
1052 3726 1213 3830 θηρευτὰς,
1239 3729 1291 3791 καὶ
1306 3724 1412 3831 θηρεύ-

168 3808 225 3868 τοῦ
238 3802 411 3882 κόψασθαι,
433 3835 486 3872 και
496 3837 537 3892 μη
543 3805 702 3918 πενθησης
720 3812 772 3874 αὑ·
811 3835 913 3876 σουσιν
937 3810 1046 3886 αὑτοὺς
1065 3808 1165 3913 ἐπάνω
1181 3810 1296 3885 παντὸς
1317 3808 1412 3896 ὅρους,

167 3885 253 3961 τοὺς,
280 3885 327 3952 ὅτι
345 3888 503 3989 ἀφέστηκα
519 3916 571 4016 την
580 3897 698 3995 είρηνηη
714 3919 772 3974 μου
809 3918 861 3957 και
854 3890 975 3960 ἕποίνω
987 3892 1099 3969 παντὸς
1110 3898 1230 3994 βουνοῦ,
1244 3896 1296 3958 καί
1308 3898 1342 3958 ἐκ
1354 3916 1414 3958 των

167 3993 231 4031 απο
244 3994 299 4034 τοο
283 3969 390 4035 λαοο
401 3994 521 4036 τουτου
536 3973 593 4041 ⁶05
603 4002 642 4058 μη
657 3972 771 4077 κόψον-
808 3978 979 4078 τρυμαλιιῦν
1009 3982 1070 4042 τιῦν
1101 3982 1227 4078 πετρῶν.
1266 3972 1361 4041 17δτι
1384 3978 1413 4041 οέ

166 4075 216 4113 ται
242 4049 364 4127 αὑτούς,
391 4050 464 4159 0555
495 4058 702 4160 ἕντομίδας
671 4085 707 4124 ου
731 4086 771 4143 μη
807 4056 991 4169 δηιθαλμοί
988 4087 1045 4164 μου
1070 4064 1120 4126 ἐπὶ
1136 4057 1236 4134 παίσας
1252 4056 1307 4134 τὰς
1327 4058 1411 4132 ὑδοὺς

165 4158 334 4237 ποιησουσι,
348 4137 398 4199 καὶ
410 4162 447 4203 οιι
435 4136 706 4244 ’ξυρηθησοντας
702 4144 772 4207 7καί
806 4167 906 4207 αυτων
911 4193 921 4221 ,
940 4147 992 4208 καί
1004 4142 1061 4210 οῦκ
1073 4140 1181 4249 ἐκρύβη
1193 4169 1232 4208 τα
1221 4138 1411 4228 αδικηματα

166 4213 203 4280 05
214 4244 254 4302 μη
241 4216 431 4319 κλασθῇ”
408 4246 499 4305 αρτος
512 4222 706 4289 ἒνπένθει’
671 4231 770 4291 αοτῶν
806 4224 907 4291 αιἰτιῦν
921 4225 1064 4292 ἀπέναντι
1082 4232 1143 4291 τιῦν
1161 4225 1332 4328 ὀφθαλμῶν
1344 4250 1409 4307 μου.

163 4301 202 4372 εἷς
214 4289 636 4414 παρύκληρινέπίτεθνηκότι.
662 4306 770 4373 ούπο-
804 4309 888 4375 18και
900 4307 1109 4376 ανταποδωοω
1122 4309 1274 4384 διπλύς
1240 4334 1295 4383 τας
1307 4315 1410 4382 κακίαν

163 4387 275 4450 τιοῦσιν
293 4384 554 4495 αὑτὸνποτηριον
554 4393 592 4462 είς
599 4387 769 4517 παρέκλη-
804 4391 921 4467 αὑτων,
934 4394 1053 4470 καὶτὰς
1067 4393 1215 4501 ἆμμρτίας
1228 4389 1345 4466 αὐτῶν,
1365 4389 1405 4471 έφ

161 4490 208 4530 οιν
225 4470 275 4533 ἐπί
291 4475 385 4557 πατρί
401 4475 452 4537 καί
466 4473 554 4556 μητρὶ
572 4468 672 4538 αὑτοῦ.
699 4475 767 4550 8είς
803 4474 849 4551 αἷς
873 4442 1114 4564 ἐβύβηλωσαν
1083 4503 1138 4564 την
1156 4500 1211 4560 γην
1225 4500 1284 4558 μου
1302 4479 1334 4540 έν
1350 4487 1408 4548 τοῖς

1303 4569 1404 4636 θνησι-
1450 4596 1453 4615 ι
