2924 4972
385 244 406 300 1
414 243 444 298 E
455 240 486 299 P
495 239 524 297 E
534 242 578 299 M
588 238 647 297 12!
657 240 689 296 Σ
727 239 803 311 Κεφ.
817 231 871 298 ια’.
886 231 942 319 νβ’.
957 239 1007 300 51.
1021 238 1072 302 52.
1280 238 1345 308 865

107 339 265 440 βασιλίσση
278 357 333 418 τοῦ
345 351 493 437 ούρανοῦ,
516 353 569 415 καί
581 351 713 415 σπένδειν
734 345 847 431 ’γάλῳ,
874 347 935 413 εἷπε
951 346 1068 433 κύριος,
1094 351 1145 416 ἒύιν
1162 356 1283 438 γένηται
1305 357 1350 418 έτι

108 435 186 533 αύτῇ
201 427 341 511 σπὸνδὰς,
351 434 436 498 καθὰ
446 430 625 515 ἐποιήσαμεν
637 429 714 514 ἡμεῖς
746 427 842 514 ὄνομά
851 456 909 513 μου
920 435 951 497 ἐν
961 437 1005 515 τῷ
1017 427 1140 518 οτύματι1
1149 432 1348 512 παντύςἸού-

108 523 160 587 καί
176 525 207 585 ού
219 523 343 602 πατέρες
359 516 453 599 ήμῶν,
478 519 531 580 καί
542 520 574 580 οῖ
584 516 713 602 βασιλεῖς
745 516 784 580 δα
797 520 893 580 είπεῖν.
919 518 954 596 ζῆ
969 511 1068 600 κύριος
1081 520 1129 580 ἐπί
1141 515 1225 610 πάοη
1236 525 1275 612 γῇ
1288 524 1350 586 Αί-

109 602 206 689 ήμούν,
231 607 281 667 καί
298 605 328 665 οῖ
340 600 481 684 ἄρχοντες
493 596 585 682 ήμῶν,
611 602 641 662 ἐν
653 595 714 662 πό·
744 596 861 682 γύπτῳ.
893 599 923 640 22
935 586 983 664 δ’τι
999 598 1058 676 ἐγώ
1073 597 1221 686 ἐγρήγορα
1234 602 1277 666 ἐπ’
1293 602 1350 668 αύ-

110 689 188 753 λεσιν
205 682 306 750 Ἰούδα
318 687 368 748 καί
381 685 497 759 ἔξωθεν
509 680 712 768 Ἰερουσαλήμ.
746 679 832 757 τοὺς,
855 685 911 749 τοῦ
931 686 1066 748 κακῶσαι
1078 681 1204 758 αύτούς,
1230 687 1281 749 καί
1294 687 1349 752 ούκ

110 773 162 836 καί
173 763 359 851 ἐπλήσθημεν
372 765 480 853 άρτων,
493 769 544 832 καί
554 762 713 847 ἐγενόμεθα
746 765 919 842 άγαθῷσαι,
931 766 983 831 καί
992 765 1157 849 ἒκλείψουσι
1168 770 1228 842 πᾶς
1238 765 1350 846 Ἰούδα,

108 854 240 939 χρηστοί,
254 853 304 915 καί
316 850 395 917 κακὰ
409 849 463 916 ούκ
477 852 598 932 εἴδομεν.
621 850 714 913 18καί
745 854 776 913 οῖ
796 854 1000 924 κατοικοῦντες
1023 854 1053 914 ἰν
1069 855 1107 944 γή
1124 846 1292 934 Αἰγύπτῳ,
1318 856 1351 918 ἐν

110 935 151 1006 ὡς
164 935 327 1017 διελίπομεν
336 940 500 1015 θυμιῶντες
510 939 549 1016 τῷ
558 933 713 1020 βασιλίοση
745 935 879 1018 ῥομφαίᾳ
899 934 951 997 καὶ
963 937 994 998 ἐν
1005 933 1099 1018 λιμῷ,
1125 939 1181 1009 ἕως
1199 932 1239 1000 ὃν
1256 935 1347 1000 ἐκλεί-

109 1023 168 1085 τοῦ
191 1020 341 1123 ούρανοῦ,
367 1005 577 1104 ήλαττιύθημεν
598 1007 712 1092 πάντες,
744 1042 851 1082 πωσιν.
869 1017 957 1081 28καί
970 1021 1002 1081 οί
1014 1019 1188 1103 σεσωσμένοι
1201 1015 1265 1083 ἀπὸ
1277 1022 1350 1105 ῥομ-

108 1104 160 1168 ιιαῖ
176 1106 206 1167 ἐν
224 1107 358 1185 ρομφαίῳ
374 1103 426 1166 ιιαί
442 1103 474 1164 ἐν
491 1103 565 1184 λιμῷ
580 1100 713 1175 ίξελίπο-
745 1105 838 1201 ῳαίας
862 1102 1094 1186 ἐπιστρέφουσιν
1114 1106 1153 1177 εἷς
1169 1103 1226 1184 γήν
1246 1099 1350 1169 Ἰούδα

108 1211 169 1268 μεν.
207 1188 235 1227 ¹⁹
249 1187 300 1247 καί
324 1181 372 1248 ὅτι
396 1181 476 1267 ήμεῖς
493 1188 657 1267 ἐθυμιῶμεν
674 1187 712 1250 τ’
746 1183 845 1260 ολίγοι
857 1180 978 1267 ἀριθμῷ
983 1234 993 1260 ,
1011 1186 1062 1249 καί
1073 1180 1239 1262 γνώσονται
1251 1188 1282 1250 οῖ
1293 1213 1350 1252 κα-

108 1265 266 1346 βασιλίσοη
290 1271 347 1334 τού
373 1266 409 1332 ού
428 1271 517 1344 ανοῡ,
543 1269 594 1332 καὶ
615 1209 713 1333 ἐσπεύ-
744 1262 888 1331 τάλοιποι
897 1265 1002 1333 Ἰούδα
1015 1272 1046 1331 οῖ
1057 1264 1256 1343 καταστάντες
1268 1272 1299 1335 έν
1336 1276 1350 1288 ”

109 1374 197 1432 σαμεν
223 1339 301 1445 αύτῇ
327 1293 476 1428 σπονδὰς,
499 1350 540 1434 μή
565 1349 636 1416 άνευ
653 1356 713 1415 τῶν
743 1346 906 1434 Αἰγύπτῳ,
923 1355 1098 1435 κατοικῆσαι
1111 1354 1179 1428 ἐκεῖ,
1200 1346 1349 1429 λέγοςτι-

111 1433 225 1519 ἇνδριιῖν
239 1431 322 1518 ήμῶν
334 1430 514 1518 ἐποιήσαμεν
524 1432 601 1528 αὐτῇ
613 1439 712 1518 χαυῷ-
745 1458 796 1508 νος
813 1435 931 1516 ἓμμενεῖ.
956 1435 987 1476 ²⁹
999 1437 1051 1499 καί
1067 1439 1159 1499 τοῦτο
1179 1432 1218 1500 τὸ
1230 1446 1349 1518 σημεῖον

111 1543 178 1593 νας,
203 1521 253 1581 καὶ
275 1523 445 1600 ἐσπείσαμεν
466 1516 544 1603 αὐτῇ
564 1512 713 1596 σπονδάςς
743 1512 826 1598 ύμῖν,
844 1513 900 1582 γὅτι
921 1520 1117 1600 ἐπισκέψομαι
1133 1517 1192 1596 ἐγώ
1208 1517 1252 1599 ἐφ’
1275 1516 1350 1601 ὑμᾶς

111 1603 142 1644 ²⁰
155 1601 206 1664 καί
223 1600 301 1667 εἶπεν
312 1598 452 1686 Ἱερεμίας
470 1602 561 1666 παντί
572 1604 618 1684 τῷ
636 1599 714 1683 λαῷ,
745 1603 785 1675 εἷς
796 1595 923 1686 πονηρά.
937 1596 1071 1676 22ούτως
1082 1600 1145 1666 εἷπε
1156 1598 1267 1687 κύριος.
1280 1602 1347 1668 ἰδού

111 1696 175 1758 τοῖς
197 1684 334 1760 δυνατοῖς
356 1687 408 1749 καί
424 1696 490 1759 ταῖς
508 1686 637 1762 γυναιξί,
663 1685 715 1749 καί
744 1681 803 1761 ἐγώ
816 1683 920 1767 δίδωμι
938 1681 992 1749 τὸν
1008 1683 1136 1771 Ούαφρή
1149 1685 1274 1772 βασιλέα
1286 1691 1351 1753 Αί-

111 1769 202 1832 παντί
218 1773 263 1852 τῷ
281 1769 347 1852 λαῷ
365 1779 429 1844 τοῖς
440 1767 646 1851 ἀποκριθεῖσα
657 1766 715 1832 αύ·
746 1762 863 1846 γύπτου
876 1773 915 1846 εἷς
926 1776 1024 1852 χεῖρας
1036 1771 1149 1854 ἐχθροῦ
1160 1767 1273 1844 αὐτοῦ,
1297 1774 1350 1837 ιιαῖ

111 1854 156 1933 τῷ
173 1847 297 1930 λύγους,
321 1852 422 1929 λέγων.
454 1855 482 1894 ²¹
496 1851 561 1936 ούχῖ
582 1856 637 1917 τοῦ
654 1861 715 1916 θα·
746 1854 785 1926 είς
805 1863 901 1937 χεῖρας
927 1855 1084 1942 ζητοῦντος
1101 1851 1156 1935 τήν
1173 1847 1272 1936 ψυχήν
1291 1851 1349 1919 αιἐι

110 1931 257 2019 μιάματος
275 1927 312 2001 ού
329 1934 507 2019 έθυμιάσατε
526 1939 556 1999 ἐν
572 1945 638 2010 ταῖς
655 1930 716 2000 πύ-
746 1937 817 2010 τοῦ,
839 1930 923 1998 καθά
935 1933 1034 1999 έδωκα
1046 1933 1100 2001 τὸν
1113 1935 1253 2000 Σεδεκίαν
1241 1939 1350 2085 οηδιεοι-

111 2017 189 2083 λεσιν
200 2015 313 2095 Ἰούδα,
326 2021 378 2084 καί
389 2023 505 2096 ἔξωθεν
512 2015 715 2104 Ἰερουσαλήμ,
746 2017 801 2083 λέα
820 2014 922 2083 Ἰούδα
940 2022 978 2093 εἰς
997 2031 1096 2104 χεῖρας
1113 2022 1240 2105 Ναβουχ
1277 2016 1348 2086 ονύκ

113 2098 192 2183 ὑμεῖς
219 2105 269 2166 καὶ
294 2107 325 2166 οῖ
349 2105 473 2186 πατέρες
495 2100 592 2186 ὑμῶν,
617 2104 669 2167 καί
686 2105 716 2166 οῖ
747 2126 802 2184 σορ
815 2102 961 2187 βασιλέως
969 2103 1155 2188 Βαβυλῶνος
1167 2107 1280 2189 ἐχθροῦ
1292 2103 1349 2170 αύ-

110 2186 240 2270 βασιλεῖς
254 2183 349 2267 ὑμῶν,
367 2188 418 2249 καὶ
431 2189 462 2248 οῖ
474 2185 611 2287 άρηοντες
625 2184 715 2267 ὑμῶν,
746 2189 818 2258 τοῦ,
830 2188 882 2249 καῖ
894 2188 1052 2267 ζητοῦντος
1065 2183 1119 2287 τήν
1132 2184 1228 2289 ψυηήν
1240 2185 1339 2252 αὐτοῦ
1344 2235 1348 2247 .

111 2269 162 2330 καὶ
175 2265 193 2331 ὁ
207 2267 281 2341 λαὸς
293 2271 345 2350 της
358 2270 425 2348 γής,
451 2270 581 2351 έμνησθη
595 2264 695 2351 κύριος
701 2293 714 2344 ,·
746 2265 883 2331 Ο.45.2ὁ
897 2263 987 2344 λύγος
999 2263 1034 2330 ὃν
1046 2267 1171 2351 ίλαλησε
1189 2267 1349 2351 Ιερεμίαςὸ

111 2352 162 2412 καὶ
187 2346 278 2434 ἀνέβη
302 2351 353 2412 ἐπί
375 2346 428 2433 τήν
452 2351 578 2433 καρδίαν
600 2349 714 2426 αὐτοῦ,
745 2345 900 2433 προφήτης
911 2348 986 2435 πρὸς
994 2347 1122 2435 Βαρούχ
1136 2350 1202 2416 υῖὸν
1216 2353 1348 2435 Νηρίου.

111 2433 141 2472 22
153 2432 204 2495 καί
222 2431 275 2494 ούκ
294 2426 424 2515 ήδύνατο
443 2427 543 2516 κύριος
562 2434 605 2496 ἔτι
618 2435 716 2515 φέρειν
746 2428 796 2495 δ’τε
804 2432 914 2516 ἔγραφε
926 2429 998 2506 τούς
1010 2429 1119 2511 λύγους
1129 2432 1254 2509 τούτους
1267 2438 1348 2517 ἐντῷ

111 2511 174 2577 ἀπὸ
193 2509 355 2599 προςῷπου
371 2521 515 2599 πονηρίας
531 2512 716 2599 πραγμάτων
743 2514 849 2601 βιβλίῳ
863 2512 926 2579 ἀπὸ
939 2512 1087 2597 στόματος
1099 2513 1248 2599 Ἱερεμίου,
1262 2521 1292 2582 έν
1304 2522 1348 2599 τῷ

109 2592 256 2676 ύμῷν,καί
269 2597 332 2664 άπὸ
344 2602 404 2662 τῷν
415 2595 623 2684 βδελυγμάτων
638 2596 716 2681 ὑμῶν
746 2601 870 2682 ἐνιαυτῷ
896 2603 939 2681 τῷ
964 2595 1098 2684 τετάρτῳ
1126 2597 1261 2682 Ἰωακείμ
1294 2604 1350 2682 υῖῷ

110 2679 153 2747 ούν
166 2677 331 2766 ἐποιήσατε.
350 2682 403 2746 καί
413 2679 541 2786 ἐγενήθη
551 2677 569 2763 ή
581 2685 621 2765 γή
634 2680 716 2765 ύμῷν
741 2679 846 2746 Ἰωσία
857 2680 1003 2767 βασιλέως
1012 2677 1124 2747 Ἰούδα.
1146 2684 1162 2723 2
1175 2680 1274 2757 ούτως
1287 2681 1349 2749 είπε

109 2770 148 2838 εἰς
161 2763 322 2849 ἐρήμωσιν,
347 2766 399 2829 καί
415 2769 454 2839 εἰς
466 2769 593 2851 αβατον,
612 2766 664 2829 καί
677 2769 726 2839 εἰς’
745 2759 846 2849 κύριος
863 2766 913 2829 ἐπὶ
930 2765 977 2830 σοί
990 2764 1136 2851 Βαρούχ,
1161 2766 1176 2808 ³
1190 2761 1237 2831 ὅτι
1255 2765 1348 2843 ελπας,

110 2845 203 2934 αἰρύιν,
216 2845 257 2924 ὥς
270 2852 302 2914 ἐν
318 2851 358 2942 τῇ
368 2845 464 2932 ἡμέρας
477 2848 584 2942 ταύτη,
609 2849 638 2890 ²³
651 2846 714 2913 ύπὸ
745 2849 824 2930 οἴμοι
837 2849 928 2931 οἴμοι,
945 2844 992 2914 ὅτι
1004 2851 1170 2934 προςέθηκε
1184 2845 1285 2936 κύριος
1297 2848 1350 2916 κύ-

109 2927 273 3017 προςούπου
287 2926 330 2997 ὧν
342 2935 494 3014 ἐθυμιᾶτε,
506 2935 556 2997 καί
567 2921 609 2996 οἷν
620 2927 716 3016 ήμάρ-
744 2956 802 2996 πον
819 2928 964 2998 ἐπίπονόν
982 2960 1042 3015 μοι.
1065 2928 1228 3017 ἐκοιμήδην
1240 2937 1270 2998 ἒν
1283 2959 1349 3000 στε-

108 3040 172 3080 τετε
184 3020 228 3100 τῷ
241 3021 340 3101 κυρίῳ.
365 3017 418 3081 καί
433 3016 489 3082 ούκ
502 3010 650 3101 ήκούσατε
662 3021 716 3097 τῆς
745 3026 879 3099 ναγμοῖς,
905 3011 1074 3082 ἀνάπαυσιν
1087 3013 1143 3101 ούχ
1154 3007 1250 3103 εὖρον.
1277 3018 1294 3060 ⁴
1307 3016 1350 3083 εἴ·

110 3104 208 3183 φωνῆς
226 3106 341 3186 κυρίου,
366 3101 418 3165 καί
435 3103 466 3165 ἐν
482 3112 545 3175 τοῖς
563 3094 715 3184 προςτάγ-
744 3125 804 3165 πον
828 3099 922 3184 αύτῷ.
948 3095 1044 3175 οὕτως
1067 3097 1128 3165 εἷπε
1147 3096 1255 3187 κύριος.
1283 3101 1350 3167 ἰδού

108 3208 200 3265 μασιν
218 3182 331 3261 αὐτοῦ,
356 3185 406 3248 καί
424 3187 454 3249 ἒν
471 3189 515 3268 τῷ
528 3181 608 3267 νόμῳ
622 3185 673 3248 καί
685 3186 715 3248 ἐν
745 3179 796 3259 οὓς
820 3182 880 3262 ἐγὼ
898 3179 1094 3268 ᾠκοδόμησα,
1120 3182 1180 3262 ἐγὼ
1199 3190 1348 3267 καθαιρῷ.

109 3277 174 3340 τοῖς
197 3273 370 3354 μαρτυρίοις
396 3265 493 3334 αύτού
518 3266 573 3333 ούκ
591 3262 713 3353 ἐπορεύ-
744 3269 796 3332 καί
814 3265 866 3343 οὓς
884 3265 942 3345 ε’γώ
959 3265 1117 3350 ἐφύτευσα,
1143 3265 1202 3347 ἐγὼ
1215 3269 1348 3335 ίκτίλλω.

108 3358 201 3432 θητε,
227 3352 278 3415 καί
298 3349 458 3436 ἐπελάβετο
476 3349 558 3435 ὑμῶν
578 3350 617 3417 τά
635 3350 714 3416 κακὰ
726 3427 732 3436 1
744 3354 758 3394 ⁵
771 3354 823 3417 καί
836 3349 872 3415 σύ
886 3349 1016 3434 ζητήσεις
1028 3355 1144 3431 σεαυτῷ
1156 3347 1270 3430 μεγάλα
1274 3380 1288 3428 ,·
1309 3349 1350 3454 μή

108 3437 216 3497 ταῦτα.
235 3436 268 3475 24
280 3435 330 3497 καί
343 3433 421 3497 εἶπεν
429 3430 568 3516 Ἱερεμίας
580 3439 625 3516 τῷ
638 3433 714 3516 λαῷ,
744 3429 885 3516 ζητήσης,
909 3429 957 3497 ὅτι
979 3430 1044 3498 ίδού
1069 3428 1128 3508 ἐγώ
1147 3427 1252 3508 ἐπάγω
1268 3459 1350 3497 κακα

108 3515 160 3576 καί
173 3524 238 3588 ταῖς
247 3516 383 3591 γυναιξίν.
398 3512 547 3580 ἀκούσατε
557 3510 650 3590 λόγον
661 3541 713 3578 κυ-
744 3517 795 3579 ε’πί
813 3505 912 3579 π’ἇσαν
930 3509 1044 3598 σάρκα,
1068 3511 1144 3591 λέγει
1163 3508 1272 3593 κύριος.
1297 3516 1350 3579 καί

110 3601 185 3678 ρίου.
206 3598 235 3640 ²⁵
249 3592 344 3670 οὕτως
357 3594 418 3659 εἶπε
430 3590 529 3681 κύριος
543 3593 560 3660 ὅ
573 3593 644 3669 θεὸς
653 3595 713 3660 Ἰσ-
744 3592 834 3661 διύσω
859 3595 912 3678 τήν
935 3590 1035 3705 ιμυηήν1
1056 3622 1111 3662 σου
1135 3601 1174 3671 εἷς
1188 3595 1300 3683 εύρημα
1318 3602 1350 3664 ἐν

109 3674 197 3784 ραήλ.
238 3675 316 3760 ὑμεῖς
349 3688 481 3756 γυναῖκες
512 3681 556 3760 τῷ
587 3674 713 3783 στόματι
744 3678 942 3762 παντλτόπῳ,
955 3704 992 3744 ου
1006 3680 1193 3766 έανβαδύσης
1206 3686 1273 3747 ἐκεῖ.

109 3768 192 3846 υμαίν
205 3758 378 3844 ἐλαλήσατε,
388 3766 440 3827 καί
451 3772 516 3835 ταῖς
526 3785 622 3845 χερσιν
633 3786 714 3843 υμων
769 3768 795 3798 or
920 3769 994 3827 ΚΕ
1007 3767 1046 3825 Φ.
1088 3753 1178 3828 NB’.

109 3842 309 3934 ἐπληρώσατε,
315 3845 468 3922 λέγουσαι,
474 3849 613 3910 ποιοῦσαι
624 3840 714 3928 ποιή·
746 3810 861 3921 Ουτος
874 3848 1011 3912 είκοστοῦ
1023 3847 1075 3910 καί
1087 3846 1151 3921 ἑνὸς
1165 3851 1248 3923 ι”τους
1260 3849 1349 3915 Σεδε-

111 3956 199 4013 σομεν
211 3932 266 4006 τὰς
277 3929 438 4012 ὁμολογίας
450 3925 533 4012 ήμιόν
545 3925 583 4003 ἃς
592 3927 713 4013 ὦμολο-
744 3934 818 4006 κίου,
836 3933 868 3995 ἓν
879 3933 925 4012 τῷ
942 3927 1105 4017 βασιλεύειν
1117 3927 1219 4008 αύτύν,
1237 3933 1289 3998 καί
1302 3939 1350 3999 ἕν-

108 4011 252 4119 γήκαμεν,
276 4019 389 4097 δυμιῷν
416 4016 454 4106 τῇ
478 4012 634 4105 βασιλίσση
656 4017 713 4078 τοῦ
744 4014 813 4080 δεκα
830 4015 881 4097 ἔτη
900 4014 1083 4098 ἐβασίλευσεν
1099 4018 1130 4079 ἐν
1145 4011 1348 4100 Ἰερουσαλήμ.

110 4103 241 4182 ουρανού
260 4100 311 4162 καί
328 4097 458 4164 σπένδειν
475 4095 552 4190 αὐτῇ
572 4092 711 4171 σπονδάς.
743 4101 794 4163 καί
806 4095 902 4180 ὄνομα
916 4101 954 4189 τῇ
966 4100 1057 4184 μητρί
1070 4096 1166 4164 αύτού
1180 4097 1349 4182 Ἀμειτάαλ,

109 4183 277 4285 ζμμείνασαι
290 4185 449 4264 ένεμιίνατε
462 4191 527 4255 ταῖς
540 4177 713 4261 ὁμολογίαις
743 4173 879 4266 θυγάτηρ
887 4176 1040 4264 Ἰερεμίου,
1068 4185 1101 4247 ἐν
1112 4181 1241 4269 Λοβενά.
1267 4184 1283 4225 ⁴
1298 4185 1351 4249 καί

109 4268 199 4344 υμῶν,
212 4267 261 4330 καλ
274 4270 414 4329 ποιοῦσαι
427 4260 592 4344 ἐποιήσατε.
620 4265 650 4306 ²⁶
663 4261 712 4326 διὰ
744 4267 856 4341 ἐγένετο
877 4270 920 4347 τῷ
939 4268 995 4330 ἔτει
1013 4269 1058 4349 τῷ
1076 4263 1172 4350 ἐνάτῳ
1191 4273 1245 4350 τῆς
1263 4271 1349 4352 βασι-

106 4351 199 4412 τοῦτο
225 4343 374 4411 ἀκούσατε
395 4343 487 4426 λύγον
509 4354 627 4432 κυρίου,
653 4350 712 4420 πᾶς
742 4347 822 4424 λείας
835 4346 942 4423 αὐτοῦ,
956 4351 987 4414 έν
1001 4351 1073 4435 μηνί
1085 4355 1128 4433 τῷ
1142 4346 1248 4431 ἐνάτῳ,
1263 4346 1348 4415 δεκά-

105 4427 208 4494 Ἰούδα
227 4437 257 4496 οῖ
274 4424 439 4512 καθήμενοι
457 4435 488 4496 έν
499 4435 540 4522 γῇ
552 4425 710 4512 Αἰγύπτῳ.
742 4456 780 4522 τη
792 4436 850 4497 τοῦ
859 4429 963 4517 μηνὸς,
988 4422 1056 4498 ςλθε
1077 4432 1348 4519 Ναβουχοδονόσορ

107 4511 171 4578 ἰδού
197 4509 302 4593 α’ύμοσα
319 4517 363 4594 τῷ
381 4508 507 4596 ὀνόματί
522 4540 582 4595 μου
600 4518 645 4597 τῷ
662 4537 712 4596 με·
740 4514 879 4600 βασιλεὺς
890 4462 1085 4600 Βαβυλῶνος,
1098 4517 1148 4579 καί
1160 4518 1248 4579 πᾶσα
1262 4512 1280 4598 ή
1294 4513 1349 4579 δύ-

832 4602 883 4663 lii
1261 4624 1348 4676 ναμις

829 4844 848 4881 4
