2924 4972
309 235 506 297 οΣΛιἈΣ
530 231 797 295 ΛπεΤσΡοΝ
836 222 1098 305 ιιίι.ς’.ζ’.6.7.
1261 222 1326 291 495

77 356 105 393 '²
121 354 172 415 καὶ
185 352 328 453 έποίῃσαν
346 349 400 432 τὴν
414 349 520 435 ἑορτὴν
539 353 600 413 τῶν
612 346 684 424 ῦζυ-
717 354 803 412 ῶπου
815 353 870 414 τοῦ
882 348 1029 434 βασιλέως
1041 349 1327 430 καίτῶνέπτῦουμ-

76 457 140 520 μων
155 434 234 499 ἑπτά
251 435 362 537 ημέρας
379 435 411 496 ἐν
429 429 611 522 εῦφροσῦνῃ,
636 427 684 496 ὅτι
699 494 701 507 ,
715 428 836 518 βοῦλων
862 428 1015 514 ἀπεστάλη
1034 436 1257 514 ἐπισκέψασθαι
1276 435 1326 497 ἐπί

76 516 218 603 εὔφρανεν
229 544 269 582 αυ
275 541 342 590 τους
354 511 463 601 κῦριος,
482 517 533 580 καί
545 516 683 600 ἐπέστρε-
699 510 702 559 ἶ
717 514 772 598 την
784 512 934 579 Ἰουδαίαν
947 517 998 579 καί
1014 520 1054 590 είς
1067 513 1262 600 Ἰερουσαλὴμ
1275 512 1325 580 νῦ-

75 624 116 679 we
128 601 255 685 καρδίαν
266 599 412 687 βασιλέως
424 596 554 684 Ἀσσοῦρ
567 597 611 662 ἐπ’
627 595 682 662 αῦ-
699 652 702 663 .
714 625 762 681 μῳ
777 602 854 663 θεοῦ
866 596 968 663 αῦτιῦν
980 602 1025 682 τῷ
1037 602 1068 662 ἐν
1079 605 1151 684 χειρί
1162 624 1224 663 σου.
1241 599 1325 663 16ιταί

75 681 144 760 τοῦς
157 687 343 770 κραταιῶσαι
358 682 413 758 τὰς
430 694 527 769 χεῖρας
539 679 641 746 αῦτῶν
653 685 684 746 έν
699 688 702 715 ¹
716 686 755 755 εἰς
768 679 852 746 οίκον
865 688 969 767 κυρίου
981 678 1123 766 άργῦριον
1135 684 1185 746 καί
1196 687 1325 767 χρυσίον,

76 771 171 853 ἔργοις
184 769 271 833 οίκου
284 770 341 832 τοῦ
353 771 430 832 θεοῦ
445 762 578 851 Ἰσραήλ
715 761 735 829 5
752 762 770 828 5
785 764 922 851 βασιλεῦς
943 767 994 829 καί
1011 769 1042 829 οί
1060 765 1222 852 σύμβουλοι
1240 768 1322 830 ἑκου-

270 856 305 914 Κ
316 854 395 914 ΕΦ.
439 846 488 914 Ζ’.
717 845 890 932 σιάσθησαν
902 853 945 930 τῷ
960 853 1024 931 θεῷ
1038 854 1092 913 τοῦ
1103 847 1223 976 Ἰοραῃλ
1236 853 1281 933 τῷ
1293 850 1326 913 έν

76 900 162 998 Καὶ
173 930 247 1016 μετά
259 930 299 999 τῦ
311 928 429 1038 ῥήματα
443 937 542 999 ταῦτα
555 935 587 996 ἐν
595 936 683 1019 βασι-
711 927 904 1017 Ἰερουοαλίημ
913 938 1157 1016 κατασκηνοῦντι.
1170 936 1182 973 ¹
1204 935 1255 997 καί
1264 934 1326 997 πᾶν

78 1016 142 1098 λείᾳ
162 1014 364 1100 Ἀρθαοασθα
384 1018 529 1103 βασιλέως
558 1020 685 1098 Περσῶν
716 1013 861 1118 άργῦριον
873 1018 925 1080 καί
933 1021 1069 1101 χρυσίον,
1095 1012 1124 1090 δ’,
1137 1041 1164 1080 τι
1178 1011 1326 1110 ίάνεῦρῃς

79 1098 170 1184 ἀνέβη
182 1096 311 1184 Ἔσδρας
323 1099 386 1175 υίὸς
398 1106 537 1184 Σαραίου
554 1104 620 1165 υἱοῦ
633 1097 683 1164 ’Λ-
698 1062 702 1211 λ
716 1101 748 1163 ἐν
759 1125 846 1200 πασῃ
856 1097 940 1184 χώρᾳ
954 1099 1138 1184 Βαβυλῶνος
1153 1097 1227 1179 μετὰ
1240 1101 1326 1164 ε’κου-

78 1186 192 1267 ζαρίου,
209 1187 278 1247 υίοῦ
289 1183 420 1261 Χελκία,
444 1186 544 1248 2υίοῦ
555 1180 684 1264 Σελοῦμ,
699 1239 702 1279 Ι
717 1207 844 1266 σιαομου
870 1187 927 1247 τοῦ
952 1180 1044 1257 λαοῦ,
1070 1185 1121 1247 καί
1147 1184 1247 1266 ίερέων
1265 1186 1325 1246 τῶν

80 1269 147 1330 υἱοῦ
164 1263 320 1340 Σαδδοῦκ,
346 1269 413 1330 υίοῦ
426 1263 565 1352 Ἀχιτῶβ,
589 1266 686 1330 3υίοῦ
716 1267 965 1348 ἑκουσιαζομένων
982 1270 1021 1341 είς
1037 1264 1122 1330 οἷκον
1132 1269 1209 1330 θεοῦ
1228 1265 1283 1330 τὸν
1294 1268 1326 1330 ἐν

77 1355 234 1434 Σαμαρία,
249 1353 316 1414 υίοῦ
327 1346 442 1432 Ἐσριῦ,
455 1353 522 1414 υίοῦ
535 1345 686 1434 Μαρεῶθ,
711 1346 914 1435 Ἰερουσαλήμ
952 1352 980 1392 ¹⁷
992 1351 1043 1414 καί
1065 1343 1167 1415 πάντα
1191 1373 1326 1433 προςπο-

77 1435 169 1498 4υἱοῦ
181 1433 314 1516 Ζαραΐα,
325 1429 512 1509 υίοῦὈζιόυ,
523 1436 589 1497 υίοῦ
600 1437 687 1497 Βοκ-
718 1429 871 1515 ρευόμενον
887 1438 996 1499 τοῦτον
1014 1434 1139 1516 ἑτοίμως
1156 1434 1279 1508 ένταξον
1295 1436 1326 1498 ἓν

76 1519 121 1592 ul,
148 1517 162 1560 ⁵
177 1520 247 1583 υἱοῦ
258 1514 402 1602 Ἀβισουὲ,
416 1519 482 1581 υίοῦ
499 1514 606 1592 Φινεὲς,
619 1518 685 1581 υίοῦ
716 1517 822 1604 βιβλίῳ
831 1512 1082 1602 τοῦτῳμόσχους,
1092 1513 1325 1621 κριοῦςῶρνοῦς,

75 1595 227 1686 Ἐλεάζαρ,
241 1604 309 1665 υίοῦ
319 1597 438 1686 Ἀαρών
449 1604 505 1665 τοῦ
517 1603 619 1704 ίερέως
631 1602 685 1668 τοῦ
717 1602 769 1666 καί
785 1607 895 1676 θυσίας
912 1600 1029 1678 αῦτῶν,
1053 1602 1105 1665 καὶ
1123 1601 1256 1677 σπονδας
1268 1597 1325 1665 αῦ-

77 1681 209 1769 πριῦτου.
249 1681 371 1759 θαῦτῦς
391 1682 518 1771 Ἔσδρας
542 1687 632 1773 ανέβη
653 1685 685 1747 ἐκ
716 1689 786 1748 τῶν.
805 1681 1185 1771 καίπροςοίσειςαῦτῦέπί
1200 1689 1253 1750 τοῦ
1266 1694 1325 1749 θυ-

76 1770 277 1853 Βαβυλῶνος,
308 1768 360 1832 καί
384 1765 477 1845 αῦτῦς
499 1765 685 1855 γραμματεὺς
717 1775 888 1853 σιαστηρίου
906 1773 962 1835 τοῦ
976 1769 1061 1834 οἴκου
1078 1773 1133 1833 τοῦ
1150 1773 1225 1833 θεοῦ
1245 1765 1326 1850 ῦμῶν

76 1851 166 1936 ταχὺς
178 1856 210 1918 ἐν
224 1848 305 1936 νόμῳ
318 1857 438 1937 Μωυσῆ
445 1900 454 1930 ,
481 1848 517 1918 ὃν
529 1854 617 1918 &aaut
630 1847 682 1917 νῦ·
716 1857 771 1918 τοῦ
783 1856 815 1917 ἐν
829 1847 1030 1956 Ἱερουσσλημ.
1056 1852 1085 1894 ¹⁸
1097 1853 1149 1918 καὶ
1162 1853 1215 1916 εἴτι
1228 1854 1278 1917 ἐπί
1291 1851 1324 1918 σέ

75 1961 137 2014 ριος
150 1933 168 2000 5
181 1932 253 2012 θεὸς
263 1931 393 2022 Ἰσραήλ.
412 1937 463 2002 καί
477 1937 585 2003 ἔδωκεν
598 1934 685 2018 αὐτοῦ
716 1936 766 2001 καί
785 1934 856 2011 τοῦς
869 1934 1015 2016 αδελφους
1035 1960 1090 2000 σου
1107 1933 1270 2028 άγαθυνθῇ
1293 1938 1326 2003 ἐν

76 2018 94 2081 ὁ
106 2017 254 2104 βασιλεῦς,
280 2016 327 2085 ὅτι
346 2021 406 2104 χείρ
419 2026 524 2105 κυρίου
537 2025 615 2086 θεοῦ
628 2018 684 2085 αῦ-
715 2017 892 2104 καταλοίπῳ
901 2022 957 2085 τοῦ
969 2017 1114 2122 ἀργυρίου
1126 2021 1178 2085 καί
1189 2026 1242 2084 τοῦ
1255 2045 1326 2104 χρυ·
1409 2020 1412 2025 ⁴

76 2107 131 2169 τοῦ
148 2100 193 2168 ἐπ’
208 2102 301 2170 αῦτὸν
314 2105 345 2167 ἐν
361 2109 454 2170 πᾶσιν
467 2104 511 2180 σί,-
523 2100 614 2187 ίζητει
627 2100 683 2168 αῦ-
716 2109 785 2169 σίου
810 2108 949 2208 ποιησαι,
975 2100 1016 2178 ῶς
1041 2099 1164 2187 αρεστὸν
1190 2108 1233 2186 τῷ
1258 2106 1324 2186 θεοῦ

75 2184 135 2261 τός·
150 2189 220 2253 7καί
232 2185 379 2290 ἀνέβησαν
391 2182 454 2252 ἀπὸ
467 2192 527 2253 τῶν
541 2190 614 2252 υἱῶν
622 2185 682 2252 Ἰσ-
717 2185 799 2270 ὑμῶν
810 2210 962 2273 ποιησατε.
978 2183 1120 2251 19καὶτῦ
1132 2181 1218 2271 σκεῦη
1231 2186 1269 2252 τά
1281 2188 1323 2253 δι-

76 2267 170 2356 ραηλ,
195 2273 246 2335 καί
263 2269 326 2336 ῦπο
344 2275 406 2334 τῶν
419 2272 534 2353 ίερέων,
559 2274 610 2336 καί
622 2265 685 2336 ἀπὸ
716 2267 823 2354 δόμεναί
836 2297 885 2338 σοι
903 2275 943 2346 είς
958 2269 1142 2355 λειτουργίαν
1154 2271 1238 2336 οίκου
1251 2275 1325 2336 θεοῦ

78 2358 138 2418 τῶν
150 2356 302 2429 Λευιτῶν,
328 2353 378 2415 καί
392 2356 423 2416 οἱ
437 2354 566 2435 ᾄδοντες,
592 2355 643 2418 καί
655 2356 687 2417 οί
716 2351 853 2439 παράδος
865 2351 995 2422 ε’νῶπιον
1009 2359 1066 2418 τοῦ
1079 2357 1157 2417 θεοῦ
1169 2357 1200 2419 ἐν
1214 2350 1325 2439 Ἰερου-

78 2434 223 2515 πυλωροί,
236 2436 287 2498 καί
300 2439 331 2498 οί
342 2437 479 2518 Ναθινίμ
489 2434 686 2520 είςἹερουσα-
718 2435 824 2522 σαλη’μ.
849 2442 881 2483 ²⁰
895 2439 946 2504 καί
961 2433 1149 2503 κατάλοιπον
1165 2442 1261 2522 χρείας
1279 2439 1326 2502 οί-

78 2515 137 2599 λὴμ
156 2520 188 2582 ἓν
205 2519 261 2581 έτει
283 2511 399 2602 ἑβδόμῳ
419 2522 463 2601 τῷ
483 2516 686 2604 Ἀρθασασθὰ
718 2548 773 2586 κου
790 2526 867 2588 θεοῦ
879 2549 951 2599 σου,
977 2517 996 2586 5
1014 2519 1052 2586 ῦν
1065 2525 1145 2603 [pavr]
1159 2547 1205 2585 σοι
1219 2521 1326 2586 δοῦναι

78 2604 123 2682 τῷ
135 2598 259 2684 βασιλεῖ.
285 2600 364 2663 8καί
378 2599 516 2683 ῦλθοσαν
530 2597 687 2686 είςἹερου-
718 2600 819 2679 δῶσεις
848 2603 913 2671 άπὸ
946 2606 1036 2670 οίκων
1064 2594 1152 2687 γάζης
1180 2604 1326 2691 βασιλέως

78 2683 178 2767 σἀλημ
191 2687 235 2766 τῴ
246 2687 313 2767 μηνί
325 2687 371 2767 τῷ
383 2685 524 2769 πέμπτῳ,
547 2688 640 2749 τοῦτο
652 2685 687 2750 τὸ
718 2690 745 2730 ²¹
758 2691 809 2753 καί
821 2686 872 2754 ἀπ’
889 2692 967 2771 ἐμοῦ.
985 2686 1045 2767 έγῶ
1053 2685 1257 2773 ’Λρθασασθὰ
1267 2693 1327 2775 βα-

77 2772 145 2843 ἔτος
164 2768 286 2854 ἕβδομον
303 2772 348 2851 τῷ
356 2768 477 2854 βασιλεῖ»
504 2764 580 2834 9ὅτι
594 2771 625 2832 ἐν
635 2774 688 2853 μιᾷ
719 2769 812 2848 οιλεῦς
828 2775 925 2856 ἔθηκα
941 2768 1057 2857 γνῶμην
1069 2768 1179 2848 πάσαις
1192 2785 1257 2848 ταῖς
1268 2768 1326 2850 γά-

78 2857 134 2915 τοῦ
154 2850 245 2937 μηνὸς
264 2856 323 2917 τοῦ
339 2847 463 2933 πρώτου
477 2850 570 2928 αῦτός
586 2855 687 2937 ἕθεμε·
718 2858 779 2932 ζαις
796 2869 862 2934 ταῖς
879 2859 911 2922 έν
927 2861 1007 2944 πέρα
1027 2860 1081 2922 τοῦ
1095 2861 1251 2940 ποταμοῦ,
1277 2853 1327 2923 ὅτι

76 2935 166 3001 λίωσε
176 2936 232 3017 την
241 2934 386 3022 άνάβασιν
395 2934 449 3021 τὴν
458 2934 523 3003 άπὸ
534 2937 688 3045 Βαβυλῶ·
717 2945 779 3006 πᾶν
788 2937 807 3006 5
816 2940 854 3009 ἂν
864 2937 972 3036 αἰτήσῃ
983 2921 1194 3026 ῦμῦςἝσδρας
1206 2936 1224 3005 5
1236 2940 1326 3028 ἱερεὺς

74 3044 134 3092 νος.
174 3023 205 3085 έν
218 3018 251 3085 δὲ
269 3026 305 3111 τῇ
323 3018 430 3112 πρώτῃ
448 3025 505 3086 τοῦ
522 3048 614 3106 μηνος
630 3028 686 3087 τοῦ
717 3027 768 3091 καί
783 3023 970 3109 γραμματεὺς
991 3028 1046 3089 τοῦ
1064 3029 1141 3089 θεοῦ
1158 3029 1213 3090 τοῦ
1232 3023 1326 3108 οῦρα-

74 3107 212 3183 πέμπτου
226 3103 363 3189 ἢλθοσαν
373 3101 624 3191 εἶςἹερουσαλημ,
637 3102 685 3172 ῦτι
717 3113 778 3186 νοῦ,
792 3112 919 3195 ἑτοίμως
930 3111 1061 3188 γινέσθω
1078 3110 1169 3184 22ἕως
1182 3106 1326 3195 ἀργυρίου

73 3190 133 3269 χείρ
152 3193 227 3252 θεοῦ
240 3186 336 3254 αὐτοῦ
351 3177 386 3274 ἦν
399 3187 505 3274 ἆγαθη
518 3189 563 3256 ἐπ’
580 3186 683 3256 αὐτόν.
716 3188 871 3260 ταλάντων
884 3190 1007 3268 ἑκατὸν,
1031 3194 1083 3256 καί
1095 3197 1150 3266 ἕως
1162 3196 1260 3276 πυροῦ
1272 3189 1326 3258 κό-

75 3275 103 3310 ¹⁰
113 3268 159 3335 ὅτι
169 3271 295 3354 Ἔσδρας
305 3274 410 3337 ἔδωκεν
423 3277 454 3336 ἐν
466 3275 574 3357 καρδίᾳ
589 3273 684 3339 αῦτοῦ
717 3301 778 3362 ρων
790 3276 906 3352 ἑκατὸν,
919 3280 970 3340 καί
983 3280 1037 3350 ἕως
1050 3275 1133 3339 οἴνου
1144 3278 1246 3359 βοτῶν
1256 3277 1326 3341 ἑκα-

73 3358 198 3438 ζητηοαι
212 3355 264 3419 τὸν
277 3351 380 3436 νόμον,
404 3359 456 3419 καὶ
472 3369 566 3420 ποιεῖν
578 3362 629 3424 καὶ
640 3359 684 3422 δι·
716 3359 785 3433 τὸν,
811 3362 864 3424 καί
889 3365 943 3433 ἕως
964 3359 1068 3421 ἐλαίου
1088 3361 1190 3442 βοτῶν
1208 3356 1326 3431 ἑκατὸν,

73 3434 192 3501 δάσκειν
211 3441 241 3500 έν
262 3434 386 3521 Ἰσραὴλ
402 3433 616 3521 προςτάγματα
635 3444 685 3504 καί
717 3444 768 3506 καί
784 3438 860 3515 ῦλας
877 3433 915 3504 οῦ
934 3439 991 3504 οῦκ
1009 3442 1070 3502 ἔστι
1087 3434 1197 3522 γραφη.
1223 3440 1253 3480 ²³
1266 3443 1328 3502 πᾶν

73 3526 216 3604 κρίματα.
231 3521 313 3582 11καί
325 3518 401 3600 αῦτη
416 3516 685 3603 ὴδιασάφησιςτοῦ
717 3520 736 3586 δ’
753 3525 832 3586 ἐστιν
851 3526 881 3584 ἐν
896 3519 999 3610 γνώμῃ
1018 3525 1093 3584 θεοῦ
1111 3524 1165 3583 τοῦ
1183 3517 1326 3603 οῦρανοῦ,

73 3599 293 3682 διατάγματος,
315 3591 352 3664 οῦ
366 3598 686 3686 έδωκενἈρθασασθὰ
717 3607 855 3681 γινέσθω.
885 3607 1037 3688 προςέχετε
1059 3597 1144 3685 μήτις
1162 3597 1326 3690 ἐπιχειρήσῃ

74 3692 121 3769 τῴ
136 3685 248 3771 Ἔσδρᾳ
267 3688 311 3767 τῷ
324 3687 395 3768 ίερεῖ
406 3686 451 3766 τῷ
464 3695 632 3769 γραμματεῖ
640 3689 687 3770 βι-
718 3691 757 3762 εἰς
775 3685 829 3751 τὸν
846 3683 929 3750 οἷκον
946 3691 1020 3750 θεοῦ
1040 3689 1096 3750 τοῦ
1114 3683 1263 3773 οῦρανοῦ,
1287 3677 1327 3773 μἰῐ

73 3771 161 3857 βλίου
174 3767 272 3847 λόγων
283 3769 411 3833 ἐντολῶν
421 3773 523 3853 κυρίου
534 3768 585 3831 καὶ
595 3794 687 3854 προς-
718 3794 791 3835 πστε
802 3773 922 3853 γένηται
941 3766 1017 3877 ῦργίη
1041 3771 1091 3834 ἐπὶ
1108 3768 1163 3854 τὴν
1176 3771 1327 3858 βασιλείαν

74 3852 237 3939 ταγμάτων
266 3851 360 3918 αῦτοῦ
392 3853 442 3917 ἐπὶ
473 3850 526 3916 τὸν
555 3847 685 3938 Ἰσραήλ.
719 3858 776 3919 τοῦ
799 3853 942 3940 βασιλέως
967 3880 1018 3919 και
1043 3856 1106 3919 τῶν
1130 3858 1203 3920 υίῶν
1219 3854 1325 3923 αῦτοῦ.

77 3934 686 4024 12ἈρθασαοθῦβασιλεῦςβασιλέωνἝσ-
719 3938 749 3980 ²⁴
763 3939 815 4004 καὶ
840 3934 905 4022 ῦμῖν
931 3933 1106 4024 έγνῶρισται
1128 3942 1158 4004 ἒν
1173 3944 1247 4005 πᾶσι
1264 3954 1327 4017 τοῖς

74 4024 134 4108 δρρ
147 4034 314 4128 γραμματεῖ
324 4020 416 4104 νόμου
428 4026 530 4106 κυρίου
543 4025 599 4084 τοῦ
610 4026 686 4086 θεοῦ
719 4026 836 4106 ίερεῦσι,
863 4023 914 4088 καὶ
939 4033 1001 4098 τοῖς
1024 4027 1182 4099 Λευίταις,
1208 4023 1326 4106 ᾄδουσι,

74 4112 132 4170 τοῦ
151 4110 290 4194 ουρανοῦ.
321 4104 472 4169 τετελεστο
491 4100 578 4181 λόγος
596 4108 647 4170 καί
668 4101 685 4190 ἦ
717 4107 881 4192 πυλωροῒς,
900 4111 1055 4192 Ναθινίμ,
1081 4109 1132 4172 καὶ
1151 4107 1328 4191 λειτουργοῖς

75 4188 242 4275 ἀπόκρισις.
267 4190 295 4231 ¹³
308 4188 359 4254 ἀπ’
378 4193 450 4269 ἐμοῦ
469 4191 559 4272 ἐτέθη
574 4186 685 4272 γνώμη,
718 4192 803 4256 οἴκου
817 4196 889 4256 θεοῦ
902 4196 1005 4267 τοῦτο,
1019 4186 1112 4274 φόρος
1124 4191 1163 4275 μὴ
1175 4195 1254 4256 ε”στω
1268 4216 1326 4268 σοι,

78 4270 125 4338 ὅτι
144 4281 204 4350 πῦς
221 4272 239 4339 5
259 4268 495 4352 ἓκουσιαζόμενος
510 4276 541 4336 έν
552 4274 685 4359 βασιλείᾳ
717 4272 771 4338 οῦκ
791 4271 967 4353 ἐξουσιῦοεις
986 4276 1252 4340 καταδουλοῦσθαι
1270 4272 1325 4339 αῦ-

76 4385 135 4441 μου
154 4355 216 4421 ἀπὸ
230 4358 308 4421 λαοῦ
319 4355 440 4442 Ἰσραὴλ
460 4358 511 4421 καί
524 4361 623 4443 ίερέων
635 4359 686 4421 καί
716 4354 794 4433 τοῦς.
822 4361 851 4403 ²⁵
865 4363 915 4426 καὶ
934 4359 969 4425 οῦ
986 4359 1115 4443 Ἔσδρα,
1129 4354 1168 4430 ῶς
1187 4355 1205 4440 ἢ
1231 4361 1326 4437 σοφία

76 4444 213 4505 Λευιτῶν
231 4446 413 4527 πορευθῆναι
426 4445 463 4516 εἰς
477 4436 684 4524 Ἰερουσαλὴμ,
718 4447 772 4506 τοῦ
798 4447 873 4507 θεοῦ
897 4446 927 4505 ἐν
951 4449 1024 4526 χειρί
1041 4467 1110 4515 σου,
1136 4436 1328 4518 κατάστησον

76 4522 149 4608 μετὰ
174 4527 228 4590 σοῦ
246 4529 439 4610 πορευθῆναι.
470 4522 499 4565 ¹⁴
512 4523 573 4590 ἀπὸ
593 4550 683 4611 προς·
697 4580 701 4600 ,
715 4537 893 4612 γραμματεῖς
912 4526 963 4589 καὶ
982 4522 1098 4608 κριτάς,
1123 4525 1173 4583 ἵνα
1192 4508 1244 4583 ῶοι
1262 4526 1326 4603 κρί-

1238 4627 1344 4671 ‘muz
