2924 4972
155 235 218 301 918
510 230 739 291 ΙΗΣΟΤΣ
778 219 1040 304 Κες’.δ’.ε’.4.5.

343 352 417 409 ΚΕ
430 350 469 408 Φ.
511 339 560 408 Λ’.
792 347 886 427 βησαν
911 347 943 406 οἱ
970 345 1031 407 υἱοί
1050 339 1191 426 Ῥουβῆν,
1217 345 1267 406 καί
1288 346 1319 407 οἱ
1337 347 1397 410 υἱοιΙ

153 399 232 496 Καὶ
249 432 310 494 ἐπεὶ
328 427 489 494 συνετέλεσε
500 431 560 500 πᾶς
572 424 590 490 ὁ
603 422 677 500 λαός
689 426 755 490 δια·
794 424 876 501 Γάδ,
901 426 953 490 καὶ
969 428 1001 490 οἱ
1018 421 1123 508 ῆμίοεις
1138 423 1232 507 φυλῆς
1244 431 1398 508 Μανασσῆ

150 520 261 602 βαίνων
272 511 325 576 τόν
334 505 501 596 Ἰορδάνην,
520 511 570 572 καί
583 507 645 572 εἷπε
656 503 756 592 κύριος
794 510 1020 590 διεσκευασμένοι
1045 509 1214 591 ἔμπροσθεν
1239 511 1299 571 τῶν
1325 511 1398 573 υἱῶν

152 603 196 681 τῴ
206 596 308 678 Ἰησοῖ,
319 597 421 672 λέγων.
435 587 639 676 2παραλαβών
647 591 756 672 ἄνδρας
791 589 929 675 Ἰσραῆλ,
954 585 1093 674 καθάπερ
1113 588 1273 654 ἐνετείλατο
1295 588 1399 666 αὐτοῖς

151 679 214 744 άπὸ
226 683 283 743 τοῦ
293 680 379 752 λαοῦ,
393 680 443 739 έίια
454 673 502 756 ἀφ’
516 670 640 755 ἑκάστης
652 673 755 755 φυλῆς,
794 677 937 755 Μωυσῆς.
975 674 1002 713 ¹³
1019 666 1247 758 τετρακιςμύριοι
1277 672 1399 749 εῦζωνοι

152 758 322 837 3σύνταξον
347 757 457 832 αὐτοῖς.
497 759 548 821 καὶ
566 755 706 820 άνελεσθε
723 759 755 818 ἐκ
794 760 833 830 εἱς
844 753 939 839 μάχην
958 755 1092 840 διέβησαν
1103 757 1233 820 ἐναντίον
1244 762 1346 840 κυρίου
1359 762 1399 830 εἷς

151 849 243 927 μέσου
256 847 310 908 τοῦ
325 839 479 925 Ἰορδάνου
499 841 631 920 ἑτοίμους
644 835 756 902 δώδεκα
792 833 920 918 πόλεμον
931 834 1190 922 πρὸςτῆνἾεριχώ
1203 833 1301 907 πάλιν,
1326 843 1355 879 ¹⁴
1370 843 1400 902 έν

151 929 273 1000 λίθους,
312 926 361 989 καί
390 919 514 997 τούτους
539 924 756 1002 διακομίσαντες
793 924 931 1015 ἔκείνητῆ
944 918 1036 1006 ῆμέρρ
1051 918 1153 1004 ηῦξησε
1166 917 1265 1005 κύριος
1278 918 1399 1006 τὸνἸη-

152 1007 214 1092 άμα
233 1007 297 1091 ῦμῖν
317 1006 432 1081 αὐτοῖς,
455 1008 527 1069 θέτε
546 1000 655 1078 αύτούς
675 1008 705 1068 ἐν
719 1005 757 1097 τῆ
794 1007 863 1069 σοῦν
875 1007 1005 1067 ἐναντίον
1023 1007 1078 1067 τοῦ
1094 1002 1208 1076 παντὸς
1224 1008 1326 1080 γένους
1340 1003 1400 1070 Ἰσ-

152 1093 365 1176 στρατοπεδείᾳ
380 1087 469 1170 ὑμῶν,
486 1080 523 1152 οῦ
537 1082 757 1234 ίάνσαρηιβά-
794 1083 887 1171 ραῆλ,
911 1088 963 1151 καί
987 1089 1150 1171 ἐφοβοῦντο
1174 1082 1280 1163 αύτὸν,
1305 1087 1401 1172 ιὶίςπερ

152 1177 220 1259 λητε
233 1177 293 1239 ἐκεῖ
303 1173 357 1257 τῆν
368 1171 469 1236 νύκτα.
487 1170 561 1235 *καὶ
574 1170 669 1235 άνακα
689 1167 758 1234 εσά-
794 1173 942 1253 Μωυσῆν,
955 1164 1025 1233 ὅσον
1036 1163 1142 1253 χρόνον
1153 1172 1214 1251 ἔζη.
1238 1171 1264 1212 ¹⁵
1277 1173 1328 1234 καὶ
1340 1170 1402 1234 εἷπε

151 1282 233 1343 μενος
248 1254 365 1343 Ἰησοῦς
382 1251 498 1320 δυόδεκα
516 1253 624 1339 ἄνδρας
636 1257 696 1317 τῶν
709 1256 757 1317 ε’ν-
794 1249 892 1337 κύριος
904 1256 950 1336 τῷ
964 1248 1073 1335 Ἰησοῖ,
1098 1250 1201 1329 λέγων,
1239 1255 1267 1295 ¹⁶
1280 1254 1402 1318 ε”ντειλαι

153 1338 248 1418 δόξων
260 1337 323 1405 άπό
336 1343 397 1402 τιῦν
409 1342 481 1402 υἱῶν
490 1334 622 1421 Ἰσραῆλ,
639 1341 691 1400 ἕνα
704 1331 754 1415 ἀφ’
794 1347 858 1409 τοῖς
871 1338 985 1421 ἱερεῦσι,
1002 1345 1065 1408 τοῖς
1078 1334 1194 1418 αἴρουσι
1210 1332 1264 1419 τῆν
1277 1335 1401 1426 κιβωτὸν

153 1421 276 1506 ἑκάστης
289 1421 392 1504 φυλῆς,
415 1422 429 1462 ⁶
444 1418 521 1484 εἶπεν
534 1418 646 1495 αὐτοῖς.
664 1443 758 1502 προς·
795 1422 848 1502 τῆς
865 1415 1012 1503 διαθῆκης
1028 1421 1084 1483 τοῦ
1106 1424 1272 1503 μαρτυρίου
1291 1427 1403 1505 κυρίου,

153 1502 276 1584 αγάγετε
285 1503 453 1588 ἔμπροσθέν
460 1527 518 1584 μου
526 1498 586 1587 πρὸ
595 1498 756 1586 προςάπου
797 1505 916 1586 ἐκβῆναι
929 1505 961 1566 ἐκ
974 1505 1028 1565 τοῦ
1038 1496 1201 1584 Ἰορδάνου.
1239 1503 1329 1568 17καὶ
1342 1508 1402 1569 ένε·

152 1594 255 1673 κυρίου
278 1591 316 1661 εἰς
332 1587 423 1669 μέσον
440 1589 496 1648 τοῦ
518 1579 679 1670 Ἰορδάνου.
707 1584 758 1647 καί
795 1584 914 1649 τείλατο
935 1580 1050 1667 Ἰησοῦς
1076 1595 1139 1660 τοῖς
1155 1587 1276 1669 ἱερεῦσι,
1301 1585 1402 1663 λέγων.

153 1666 322 1753 ἀνελόμενος
339 1672 451 1734 ἐκεῖθεν
472 1671 595 1742 ἕκαστος
613 1668 702 1732 λίθον
720 1664 758 1729 ά·
796 1671 897 1753 ἔκβητε
909 1671 942 1731 ἐκ
952 1671 1007 1731 τοῦ
1016 1663 1179 1748 Ἰορδάνου.
1194 1668 1279 1746 ίθκαί
1289 1672 1403 1747 ἐγένετο

172 1752 237 1831 άτω
254 1755 383 1820 ἐπὶτῶν
400 1749 490 1832 ιῦμων
501 1749 596 1816 αὐτοῦ
610 1748 688 1815 κατά
706 1746 759 1813 τόν
797 1747 838 1825 ὡς
855 1752 995 1834 ἐξιβησαν
1011 1753 1042 1814 οἱ
1061 1753 1144 1836 ἱερεῖς
1161 1754 1193 1815 οἱ
1206 1751 1338 1837 αἴροντες
1350 1750 1403 1836 τῆν

153 1836 285 1922 αριθμὸν
302 1839 363 1899 τῶν
379 1830 495 1898 διόδεκα
513 1833 613 1915 φυλῶν
626 1837 682 1898 τοῦ
696 1829 758 1897 Ἰο-
797 1834 924 1921 κιβωτὸν
948 1837 1001 1918 τῆς
1017 1830 1163 1918 διαθήκης
1180 1841 1281 1918 κυρίου
1299 1839 1331 1899 ἔκ
1348 1839 1405 1901 τοῦ,

153 1917 244 2007 ραῆλ,
268 1920 346 1982 6ἵνα
359 1913 529 2000 ὑπάρχωσιν
544 1914 608 1996 ύμῖν
621 1909 704 1980 οῦτοι
718 1920 758 1990 εἰς
793 1912 951 2002 Ἰορδάνου
968 1918 1020 1980 καί
1033 1920 1148 2000 ἔθηκαν
1159 1915 1232 1993 τούς
1244 1915 1340 1994 πόδας
1353 1917 1404 1982 έπὶ

154 2015 270 2086 σημεῖον
287 2007 412 2082 κείμενον
428 1994 597 2074 διαπαντός.
622 2004 672 2064 ’ίνα
685 1994 759 2063 ὅταν
796 2005 849 2085 τῆς
861 2003 930 2084 γῆς,
949 1995 1064 2103 ιῦρμηοε
1076 1996 1112 2065 τό
1126 1996 1205 2086 ῦδωρ
1219 2005 1277 2065 τοῦ
1288 1998 1404 2085 Ἰορδά-

154 2089 253 2173 ἐρωτῆ
267 2108 298 2150 σε
311 2082 328 2148 ό
343 2079 410 2187 υἱός
419 2106 473 2148 σου
485 2080 590 2168 αῦριον
602 2082 712 2161 λέγων,
729 2087 761 2145 τί
796 2108 849 2148 νου
862 2081 940 2149 κατά
952 2107 1067 2169 χωραν,
1091 2085 1142 2147 καί
1154 2089 1210 2149 έπο
1229 2080 1308 2149 εῦετο
1320 2082 1406 2151 καθά

154 2174 222 2234 εἰσιν
235 2172 265 2235 οἱ
276 2168 360 2232 λίθοι
373 2191 459 2231 ουτοι
472 2163 556 2249 ῆμῖνς
574 2167 647 2231 7καὶ
660 2164 697 2231 ού
708 2165 760 2248 δη-
797 2165 869 2251 χθές
886 2169 938 2231 καί
954 2172 1056 2252 τρίτην
1074 2162 1185 2270 ἡμέραν
1210 2110 1244 2231 λε’
1264 2163 1335 2251 όλης
1352 2172 1405 2250 τῆς

155 2248 256 2327 λιόσεις
274 2255 318 2334 τῷ
334 2253 390 2332 υἱῷ
404 2274 457 2314 σου
470 2249 577 2327 λέγων,
603 2245 650 2315 ὅτι
669 2249 760 2326 ἔξέλι-
798 2251 947 2334 κρηπίδος.
982 2251 1010 2292 ¹⁹
1024 2252 1075 2314 καὶ
1088 2275 1106 2313 ο
1118 2250 1190 2325 λαός
1202 2248 1291 2336 άνέβη
1305 2256 1337 2315 ἔκ
1350 2256 1407 2315 τοῦ

154 2360 209 2400 πεν
221 2332 239 2399 ὁ
255 2329 408 2419 Ἰορδάνης
418 2331 554 2415 ποταμὸς
566 2330 628 2398 άπὸ
641 2326 760 2419 προςοί-
795 2327 951 2418 Ἰορδάνου
963 2328 1071 2427 δεκάτη
1084 2337 1142 2398 τοῦ
1152 2333 1241 2420 μηνὸς
1252 2338 1307 2399 τοῦ
1319 2329 1405 2418 πριό-

153 2445 214 2484 που
230 2421 359 2503 κιβωτοῦ
377 2412 522 2501 διαθῆκης
539 2422 643 2502 κυρίου
661 2411 761 2499 πάσης
798 2440 862 2480 του.
887 2416 939 2480 καί
955 2418 1285 2500 κατεστρατοπέδευσαν
1301 2420 1332 2482 οἱ
1345 2419 1406 2482 υἱοί

153 2507 206 2587 τῆς
219 2507 280 2585 γῆς,
293 2497 333 2575 ιῦς
346 2501 484 2588 διέβαινεν
495 2496 597 2566 αῦτάν.
610 2501 662 2565 καί
675 2503 762 2565 ἔσον-
794 2496 919 2583 Ἰσραῆλ
937 2503 968 2564 έν
980 2495 1151 2578 Γαλγάλοις
1168 2499 1247 2566 κατά
1262 2504 1352 2588 μέρος
1370 2499 1406 2565 τύ

153 2612 204 2651 ται
229 2589 260 2650 οἱ
285 2584 368 2649 λίθοι
393 2576 477 2649 οῦτοι
497 2581 564 2666 ύμῖν
580 2578 761 2668 μνημόσυνον
797 2584 875 2668 πρὸς
887 2582 973 2668 ῆλίου
986 2577 1135 2658 άνατολάς
1146 2581 1209 2649 άπὸ
1223 2588 1276 2670 τῆς
1284 2581 1404 2670 Ἶεριχιά.

153 2680 218 2742 τοῖς
244 2673 320 2741 υἱοῖς
343 2666 465 2769 Ἰσραῆλ
487 2671 543 2740 ἕως
566 2671 624 2730 τοῦ
645 2671 760 2738 αἰῶνος.
797 2668 829 2708 ²⁰
842 2668 892 2731 καί
917 2663 986 2741 τούς
1011 2662 1126 2731 δώδεκα
1151 2667 1258 2742 λίθους
1279 2665 1406 2742 τούτους

155 2753 236 2814 Ι’καὶ
247 2754 391 2830 ἐποίησαν
404 2751 500 2830 οῦτῳς
513 2751 545 2811 οἱ
557 2750 618 2811 υἱοὶ
628 2747 761 2832 Ἰσραῆλ,
798 2744 849 2823 οῦς
873 2749 979 2836 ἔλαβεν
997 2752 1029 2812 ἐκ
1047 2754 1103 2815 τοῦ
1116 2746 1269 2831 Ἰορδάνου
1287 2755 1407 2855 ἔστησεν

155 2827 268 2897 καθότι
293 2829 454 2895 ἐνετείλατο
472 2827 572 2914 κύριος
588 2834 632 2911 τῷ
657 2828 760 2914 Ἰησοί.
795 2828 910 2913 Ἰησοῦς
921 2837 952 2896 ἐν
964 2827 1143 2911 Γαλγάλοις,
1165 2835 1192 2874 ²²
1204 2832 1308 2909 λέγων.
1328 2859 1406 2898 οταν

154 2918 205 2980 καί
217 2909 413 3001 ἀναλαβόντες
425 2911 538 2977 δώδεκα
551 2913 656 2988 λίθους
668 2915 699 2977 έκ
709 2915 762 2994 μέ·
798 2917 947 3000 ἐρωτῶσιν
963 2913 1037 2996 ῦμάς
1050 2921 1081 2981 οἱ
1093 2910 1183 2981 υίοὶύ
1204 2919 1246 2980 ιῦν
1259 2915 1405 2995 λέγοντες,

155 3025 209 3063 σου
222 3003 277 3063 τοῦ
287 2993 450 3080 Ἰορδάνου,
471 2993 613 3080 καθάπερ
626 3000 761 3073 συνέταξε
798 3005 827 3062 τί
840 3003 910 3064 εἰσιν
920 3003 951 3064 οἱ
964 2999 1047 3064 λίθοι
1060 2992 1144 3065 οῦτοι
1150 3029 1162 3079 ,·
1214 2995 1406 3079 άναγγείλατε

155 3077 254 3165 κύριος
271 3083 315 3160 τῷ
328 3079 425 3161 Ἰησοῐ
438 3081 469 3143 έν
485 3083 521 3170 τῆ
542 3079 691 3163 συντελείᾳ
708 3085 761 3164 τῆς
796 3093 860 3157 τοῖς
874 3084 948 3156 υἱοῖς
966 3080 1060 3165 ύμῶν,
1086 3078 1134 3148 ότι
1152 3085 1202 3150 ἔπὶ
1217 3085 1307 3169 ξηρᾶς
1323 3085 1405 3171 διέβη

155 3159 320 3248 διαβάσεως
332 3165 393 3225 τῶν
405 3165 477 3227 υἱῶν
485 3159 625 3247 Ἰσραῆλ,
639 3165 691 3227 καί
703 3164 761 3228 διε-
793 3162 915 3250 Ἰσραῆλ
927 3162 980 3230 τόν
989 3163 1142 3250 Ἰορδάνην
1154 3171 1273 3244 τοῦτον,
1289 3164 1404 3233 23άπα-

154 3243 278 3327 κόμισαν
290 3239 351 3325 άμα
363 3246 482 3321 ἑαυτοῖς
495 3251 533 3322 είς
546 3245 600 3329 τῆν
610 3251 761 3334 παρεμβο-
796 3243 974 3332 ξηράναντος
990 3276 1025 3314 κυ
1045 3256 1091 3314 ίου
1110 3255 1166 3315 τοῦ
1181 3256 1258 3316 θεοῦ
1275 3246 1356 3334 ἡμῶν
1368 3247 1403 3315 τὸ

155 3328 222 3411 λῆν,
247 3330 298 3394 καὶ
310 3326 469 3414 άπέθηκαν
481 3335 547 3395 ἐκεῖ.
586 3330 602 3373 ⁹
614 3332 716 3415 ἔστησε
728 3329 760 3396 δέ
797 3328 877 3415 ῦδωρ
889 3335 946 3396 τοῦ
957 3275 1113 3418 Ἰορδάνου
1126 3338 1158 3398 ἐκ
1168 3337 1229 3398 τῶν
1239 3338 1405 3420 ἔμπροσθεν

153 3408 267 3497 Ἰησοῦς
283 3415 335 3477 καὶ
353 3412 462 3490 ἄλλους
479 3411 590 3480 δώδεκα
606 3414 712 3491 λίθους
730 3418 761 3478 ἔν
796 3412 911 3490 αῦτιῦν,
933 3417 1031 3517 μιῆηρις
1043 3408 1081 3481 ού
1095 3417 1239 3504 διέβησαν.
1264 3414 1403 3503 καθάπερ

154 3498 237 3583 αὐτῷ
250 3502 295 3581 τῷ
303 3493 442 3590 Ἰορδάνη
455 3501 486 3563 ἐν
499 3503 544 3582 τῷ
552 3502 696 3581 γινομένῳ
707 3496 761 3562 τό·
796 3502 917 3582 ἐποίησε
933 3525 1034 3585 κυριος
1054 3496 1071 3563 ό
1084 3500 1158 3575 θεὸς
1177 3497 1259 3584 ῆμῶν
1271 3501 1325 3585 τῆν
1337 3507 1403 3586 έρυ-

152 3608 202 3665 πῳ
226 3581 285 3648 ύπό
303 3580 374 3656 τούς
396 3581 492 3656 πόδας
509 3585 571 3645 τῶν
588 3584 689 3662 ἱερέων
700 3585 762 3644 τῶν
794 3579 878 3668 θράν
892 3579 1062 3657 θάλασσαν,
1077 3579 1113 3665 ῆν
1125 3581 1291 3669 άπεξῆρανι
1301 3579 1403 3669 κύριος

153 3662 301 3750 αἶρόντιον
326 3662 379 3746 τῆν
403 3663 529 3749 κιβωτὸν
545 3667 598 3747 τῆς
616 3660 762 3748 διαθῆκης
796 3661 904 3742 ὃθεός
928 3662 1009 3750 ῆμιῦν
1035 3670 1204 3752 ἔμπροσθεν
1228 3665 1321 3751 ῆμιῦν,
1347 3670 1403 3740 ἔως

153 3753 273 3831 κυρίου,
286 3748 338 3810 καί
350 3747 420 3810 εἰσὶν
434 3750 493 3811 ἐκεῖ
505 3750 560 3820 ἔως
573 3750 624 3828 τῆς
636 3743 762 3834 σῆμερον
794 3746 998 3834 παρῆλθομεν.
1016 3750 1047 3791 ²⁴
1054 3745 1137 3825 ὅπως
1148 3754 1239 3827 γνοῦσι
1251 3745 1351 3817 πάντα
1364 3745 1404 3814 τά

154 3827 271 3913 ἡμέρας.
305 3826 526 3911 1(ίεὶστῆκεισαν
545 3828 577 3894 δὲ
590 3835 621 3894 οἱ
634 3835 717 3916 ἱερεῖς
730 3836 761 3896 οἱ
794 3836 869 3914 ἔθνη
888 3838 941 3916 τῆς
954 3837 1022 3915 γῆς,
1047 3828 1126 3917 ότιῆ
1145 3830 1267 3916 δύναμις
1283 3838 1340 3899 τοῦ
1351 3861 1404 3898 κυ-

155 3914 286 3996 αἴροντες
304 3909 358 3996 τῆν
369 3912 495 3998 κιβωτὸν
506 3917 559 3997 τῆς
571 3911 717 3998 διαθῆκης
731 3919 762 3978 ἐν
794 3921 861 4000 ρίου
880 3912 984 4018 ἰσχυρά
995 3920 1070 3994 ἐστι,
1096 3919 1146 3982 καί
1163 3922 1213 3982 ἵνα
1226 3915 1305 4001 ὑμεῖς
1317 3920 1404 4003 σέβη-

153 3999 198 4077 τῷ
208 3990 360 4086 Ἰορδάνῃ,
386 4000 440 4070 ἕως
453 3987 489 4060 ού
508 3997 687 4062 συνετέλεσεν
699 3994 761 4079 Ἰη-
794 4008 850 4062 σθε
875 4023 975 4085 κυριον
998 3997 1051 4065 τὸν
1071 3998 1145 4066 θεὸν
1163 3997 1245 4084 ῆμοῦν
1263 4005 1295 4068 έν
1311 4027 1404 4068 παντι

155 4082 224 4152 σούς
236 4072 336 4142 πάντα
348 4072 370 4141 οἳ
384 4079 546 4143 ἐνετείλατο
560 4075 657 4164 κύριος
669 4077 761 4157 άναγ-
794 4083 881 4167 ἔργῳ.

153 4161 247 4236 γεῐλαι
265 4164 307 4242 τῷ
325 4159 400 4241 λαῷ.
426 4162 477 4224 καί
494 4164 631 4226 ἔσπευσεν
645 4158 662 4226 ό
676 4160 759 4239 λαός,
988 4173 1022 4231 Κ
1033 4175 1112 4233 ΕΦ.
1156 4164 1206 4234 Ε’.

154 4246 205 4308 καί
217 4245 362 4329 διέβησαν.
399 4245 488 4306 11καὶ
507 4246 618 4320 ἐγένετο
637 4241 678 4320 ιῦς
691 4272 760 4313 συν-
846 4251 878 4314 αἱ
896 4253 1010 4328 ἐγένετο
1031 4250 1072 4326 ὡς
1086 4250 1218 4334 ῆκουσαν
1230 4255 1262 4317 οἱ
1273 4253 1404 4337 βασιλεῦς

153 4327 262 4392 ετέλεσε
274 4330 334 4401 πᾶς
346 4322 363 4389 ὁ
377 4321 450 4400 λαός
460 4327 605 4410 διαβῆναι,
618 4331 669 4393 καὶ
678 4330 758 4417 διέβη
792 4338 853 4397 τῶν
869 4331 1053 4421 Ἀμορραίων
1070 4341 1103 4398 οἱ
1127 4325 1203 4417 ῆοαν
1227 4339 1323 4420 πέραν
1349 4340 1404 4402 τοῦ

153 4409 170 4495 ῆ
191 4410 316 4497 κιβωτὸς
333 4413 385 4493 τῆς
402 4405 547 4495 διαθῆκης
563 4417 681 4496 κυρίου,
707 4419 758 4479 καὶ
789 4413 959 4502 Ἰορδάνου,
984 4421 1035 4482 καί
1048 4422 1080 4481 οἱ
1090 4420 1220 4503 βασιλεῖς
1232 4425 1285 4501 τῆς
1299 4425 1404 4486 Φοινί-

153 4500 183 4560 οἱ
196 4496 279 4562 λίθοι
293 4498 460 4581 ἔμπροσθεν
473 4492 581 4561 αὐτῶν.
600 4499 627 4538 ¹²
637 4500 687 4562 καὶ
699 4499 757 4564 διέ-
792 4526 843 4584 κης
857 4507 889 4565 οἱ
898 4497 984 4588 παρά
997 4499 1052 4585 τῆν
1063 4497 1240 4580 θάλασσαν,
1267 4498 1315 4567 ὅτι
1324 4501 1404 4602 άπε-

1299 4588 1404 4673 ξηρανε
