2924 4972
353 215 390 272 H
398 208 464 273 ΣΑ
477 215 498 272 1
498 207 533 272 A
544 214 574 270 Σ
614 212 690 287 Κεφ.
705 207 750 271 νε’.
765 201 815 281 νς’.
831 200 884 282 νζ.
894 205 947 270 55.
961 201 1012 269 56.
1022 203 1073 268 57.
1278 201 1347 274 807

105 332 159 396 δοὺ
176 329 338 415 μαρτύριον
354 331 384 393 ίν
405 326 522 392 ἐ’θνεσιν
542 324 639 391 ίδωκα
652 325 708 391 αύ-
742 331 806 392 τοι).
833 330 884 392 καί
903 326 943 412 μή
961 327 1070 405 λεγέτω
1089 323 1107 391 5
1128 324 1273 433 εύνοῦηος,
1299 322 1347 391 ὅτι

104 416 168 488 τόν,
182 413 310 498 ἀρχοντα
324 414 375 476 καί
387 406 609 494 προςτάσσοντα
623 409 708 473 ίθνε-
741 405 831 486 ξύλον
855 409 914 490 ἐγῶ
936 416 990 514 είμι
1013 404 1109 494 ξηρόν.
1149 409 1250 477 1ταδε
1271 409 1347 489 λε’γει

106 523 160 562 σιν.
186 498 289 578 ὅίθνη
302 491 323 559 ἀ
337 492 392 558 οὐκ
407 493 522 558 οἴδασίν
536 517 584 567 σε,
604 496 709 557 ἐπικα-
742 491 842 578 κύριος
853 505 918 568 τοῖς
936 492 1098 577 ευνούχοις,
1117 487 1182 558 όσοι
1199 491 1238 558 ἀν
1249 490 1347 575 φυλά·

107 580 245 645 λέσονταί
257 604 298 652 σε,
313 579 363 640 καί
376 575 446 640 λαοί
459 582 491 640 οἳ
503 572 558 639 ούκ
568 579 709 640 ἐπίσταν·
742 577 848 652 ξωνται
862 575 901 641 τά
914 571 1051 662 σάββατά
1063 600 1129 658 μου,
1141 578 1192 640 καί
1205 575 1345 653 ἐκλέξαν-

106 668 158 727 ταί
170 687 211 738 σε,
236 665 287 726 ἐπὶ
299 658 333 723 σὲ
351 653 594 741 καταφεύξσνται,
619 665 709 722 ἕνεκεν
742 684 791 723 τοι
804 656 826 724 ἀ
838 657 897 738 ίγῶ
915 660 1010 733 θελω,
1029 661 1080 723 καί
1098 656 1277 763 ἀντίηωνται
1294 664 1347 744 τής

106 750 211 830 κυρίου
223 748 278 810 τοῦ
291 746 368 807 θεοῦ
378 747 497 808 σαυτοῦ
511 739 598 819 ἀγίου
608 741 709 827 Ἰσρα·
743 740 890 828 διαθήκης
907 769 976 826 μου,
1002 743 1016 786 ⁵
1029 737 1119 811 διύσω
1138 753 1241 816 αυτοῖς
1259 743 1290 806 ἐν
1302 747 1346 824 τῷ

107 827 153 906 ήλ,
176 823 224 890 ότι
245 823 367 902 ἐδόξασέ
387 851 427 890 σε.
462 823 634 909 6ζητήσατε
654 823 708 892 τὸν
743 827 816 910 οἴκῳ
827 852 904 910 μου,
928 827 1078 908 καίέντῷ
1089 831 1172 911 τείχει
1182 849 1238 908 μου
1250 819 1347 889 τόπον

106 906 220 989 κόριον,
233 911 322 974 καὶέν
334 913 377 991 τῷ
389 905 530 990 εὑρίσκειν
540 904 634 973 αὐτόν
645 911 706 972 ἐπι·
744 907 918 993 ὀνομαστόν,
931 914 1055 995 κρείττω
1067 912 1139 973 υίῶν
1148 910 1201 973 καὶ
1212 911 1347 985 θυγατέ-

107 993 284 1058 καλίσασθε.
310 989 396 1075 ήνίκα
413 989 443 1056 δ’
464 989 501 1056 ἀν
518 994 616 1074 ἐγγῖζη
633 987 709 1073 ὑμῖν,
744 1018 815 1077 ρων,
825 991 924 1075 ὄνομα
936 990 1058 1057 αἰώνιον
1070 991 1160 1056 δῶσω
1173 989 1348 1066 αὐτοῖςκαὶ

108 1075 308 1141 7ἀπολιπέτω
327 1071 344 1137 5
364 1072 469 1160 ἀσεβής
485 1063 709 1149 τάςὸδόὺςαύ-
744 1072 799 1141 σιἰκ
824 1075 957 1158 ίκλείφιει.
988 1077 1067 1140 ὓκαί
1091 1085 1155 1150 τοῖς
1179 1072 1348 1152 ἀλλογενέσι

107 1164 172 1235 τοῦ,
186 1161 238 1223 καί
249 1156 325 1241 ἀνήρ
343 1154 453 1239 ἀνομος
465 1156 520 1232 τάς
529 1155 640 1243 βουλάς
652 1154 710 1222 αὖ·
744 1169 806 1234 τοῖς
814 1162 1027 1244 προςκειμίνοις
1036 1165 1129 1244 κυρίῳ
1139 1153 1282 1224 δουλεύειν
1291 1154 1348 1221 αύ-

107 1246 172 1314 τοῦ,
185 1242 237 1305 καί
250 1237 462 1324 ἐπιστραφήτω
475 1244 525 1306 ἐπὶ
536 1237 646 1326 κύριον,
659 1243 711 1305 καί
744 1247 798 1324 τῷ,
810 1245 861 1306 καί
874 1241 996 1326 ἀγαπᾷν
1008 1239 1043 1307 τὸ
1057 1241 1151 1325 ὄνομα
1163 1247 1280 1326 κυρίου,
1290 1242 1349 1305 τοῦ

107 1322 306 1407 ἔλεηθήσεται,
319 1319 367 1388 ότι
382 1325 432 1388 ἐπὶ
444 1322 524 1389 πολὺ
538 1319 644 1406 ἀφήσει
656 1321 711 1398 τάς
744 1324 817 1391 είναι
839 1324 924 1408 αύτῷ
947 1331 986 1401 εἰς
1007 1321 1135 1399 δούλους
1151 1326 1204 1389 καὶ
1224 1320 1346 1398 δούλας,

108 1404 254 1488 ἁμαρτίας
275 1404 364 1486 ὑμῶν.
411 1404 483 1472 11σύ
503 1402 544 1485 γά
585 1412 657 1472 είσιν
678 1411 711 1471 αί
745 1411 796 1472 καί
819 1403 936 1484 πάντας
955 1408 1026 1482 τοὺς
1048 1407 1287 1491 φυλασσομένους
1307 1404 1348 1470 τά

107 1489 217 1575 βουλαί
236 1515 294 1572 μου
317 1483 412 1576 ῶςπερ
435 1493 469 1554 αί
488 1433 597 1575 βουλαί
618 1486 710 1574 ὑμῶν,
746 1487 885 1577 σάββατά
897 1519 956 1576 μου
968 1491 1007 1575 μή
1021 1491 1174 1593 βεβηλοὺν,
1200 1492 1251 1555 καὶ
1264 1488 1349 1554 ἀντε-

109 1571 173 1637 οὑδ
191 1569 286 1655 ῶςπερ
299 1577 333 1637 aa
345 1569 411 1638 ὁδοὶ
424 1569 506 1657 ὑμῶν
518 1578 551 1638 αἱ
564 1570 632 1637 ὁδοί
641 1597 711 1654 μου,
743 1577 881 1659 χομίνους
892 1580 945 1660 τῆς
963 1576 1108 1660 διαθηκης
1122 1600 1195 1677 μου,
1221 1575 1234 1616 ⁷
1247 1567 1350 1648 είςάξω

109 1656 184 1734 λέγει
202 1652 311 1740 κύριος.
333 1654 426 1720 1’ἀλλ’
448 1652 488 1730 ῶς
505 1655 604 1740 ἀπέχει
622 1652 640 1720 5
658 1652 712 1719 οό-
746 1655 857 1732 αὐτούς
869 1662 907 1734 είς
921 1656 958 1723 τό
971 1657 1042 1744 όρος
1055 1659 1092 1722 τὸ
1106 1656 1193 1736 ἅγιόν
1204 1681 1272 1740 μου,
1298 1655 1350 1720 καί

109 1740 199 1844 ρανὸς
220 1737 283 1804 ἀπὸ
306 1743 357 1820 τῆς
379 1744 442 1823 γῆς,
456 1735 552 1815 οὑτως
570 1738 671 1823 ἀπέχει
691 1734 711 1840 ή
745 1739 883 1825 εὐφρανῶ
894 1739 1004 1818 αὐτούς
1016 1744 1047 1805 ἐν
1057 1746 1101 1825 τῷ
1113 1741 1188 1823 οἴκῳ
1197 1745 1249 1824 τῆς
1261 1763 1349 1824 προς·

109 1818 179 1897 οδός
188 1848 245 1905 μου
259 1819 320 1886 ἀπὸ
335 1826 395 1887 τῶν
414 1821 493 1887 ὁδῶν
505 1819 598 1906 ὑμῶν,
610 1824 662 1886 καί
673 1845 713 1885 τα
746 1827 826 1908 ευχῆς
837 1849 902 1906 μου.
927 1823 967 1889 τά
984 1820 1223 1906 ὁλοκαυτώματα
1237 1819 1349 1897 αὐτῶν,

109 1903 297 1988 διανοήματα
320 1901 401 1988 ὑμῶν
424 1904 487 1972 ἀπὸ
507 1909 560 1989 τῆς
580 1905 713 1979 διανοίας
746 1909 796 1971 καί
817 1910 850 1971 αἱ
865 1913 972 1973 θυσίαι
989 1905 1090 1972 αὐτῶν
1112 1910 1230 1972 ἔσονται
1252 1905 1351 1969 δεκταί

108 2015 177 2073 μου.
195 1993 224 2033 ¹⁰
238 1989 279 2063 ὡς
298 1987 357 2072 γάρ
373 1986 412 2052 ἀν
428 1992 546 2096 καταβῇ
565 1985 582 2053 5
598 1985 712 2071 ὑετὸςῆ
746 1992 796 2056 ἐπί
812 1987 849 2055 τὸ
867 1987 1082 2076 θυσιαστήριόν
1099 2015 1166 2075 μου.
1190 1987 1209 2053 5
1227 1987 1286 2073 γάρ
1304 1985 1350 2052 σί-

109 2072 180 2158 ηιῶν
193 2075 226 2136 ἐκ
239 2075 295 2136 τοῦ
306 2069 450 2156 ούρανοῦ,
462 2083 514 2136 και
528 2069 563 2136 οὑ
578 2070 618 2157 μή
635 2069 714 2136 ἀπσ-
747 2069 800 2150 κύς
815 2098 875 2157 μου
893 2073 974 2150 σίκυς
990 2077 1152 2199 προςευθχῆς
1169 2067 1350 2156 κληθήσεται

112 2159 232 2248 στρσφηή
251 2159 305 2229 ἕως
320 2153 357 2218 ἀν
374 2150 491 2248 μεθύση
511 2153 566 2237 τήν
578 2160 642 2238 γῆν,
663 2156 715 2219 καὶ
747 2162 823 2224 πᾶσι
847 2168 911 2233 τοῖς
936 2160 1065 2231 ἔθνεσιν,
1120 2156 1181 2221 είπε
1207 2152 1307 2240 κύριος
1332 2150 1350 2218 5

110 2240 222 2320 ἐκτέκη,
231 2239 282 2300 καί
292 2232 487 2328 ίκβλαστήοη,
497 2239 549 2299 καί
562 2238 607 2319 δῷ
621 2241 714 2321 οπέρ·
748 2235 883 2316 συνάγων
893 2239 964 2316 τοὺς
980 2241 1208 2322 διεσπαρμένους
1217 2232 1350 2319 Ἰσραήλ,

109 2309 207 2404 ματῷ
222 2323 381 2401 σπείροντι.
401 2319 452 2381 καί
467 2316 563 2401 ἀρτσν
580 2323 619 2392 εἰς
632 2323 714 2403 βρῶ-
748 2320 795 2386 ὅτι
825 2320 942 2397 συνάξω
967 2320 1011 2384 ἐπ’
1047 2318 1143 2384 αὐτὸν
1169 2314 1348 2401 συναγωγήν.

111 2427 168 2475 σιν,
185 2405 209 2443 ¹¹
220 2396 316 2474 ούτως
329 2394 547 2502 ἴσταιτὸρήμά
555 2426 622 2483 μου,
633 2399 715 2465 δι’·ἀν
747 2399 876 2467 11ιτάντα
898 2400 937 2467 τά
957 2407 1055 2506 θηρία
1072 2400 1112 2466 τά
1129 2399 1232 2486 ἀγρια,
1258 2401 1351 2473 δῶτε,

110 2483 218 2576 ε’ξελθη
239 2484 271 2546 ἐκ
287 2486 345 2546 τοῦ
362 2478 512 2565 στόματος
532 2509 603 2564 μου,
623 2481 659 2548 οὑ
674 2480 715 2566 μή
748 2485 856 2566 φάγετε
868 2483 969 2550 πάντα
984 2510 1024 2549 τα
1040 2490 1135 2568 θηρία
1154 2489 1210 2549 τοῦ
1227 2485 1349 2570 δρυμοῦ.

111 2565 305 2658 ἀποστροφή,
334 2569 388 2641 ἕως
406 2567 443 2631 ἀν
460 2564 586 2647 τελεσθῆ
605 2563 662 2632 ὅσα
679 2564 716 2630 ἀν
747 2571 777 2612 ¹⁰
790 2569 862 2632 ἴδετε
876 2563 1351 2648 ὅτιίκτετύφλωνταιπάντες,σάκ

111 2649 259 2735 ήθελησα,
269 2650 321 2712 καί
332 2648 471 2715 εύσδῶσω
480 2647 534 2726 τάς
546 2636 637 2724 ὁδούς
649 2675 715 2725 σου,
749 2654 896 2728 ἔγνωσαν,
918 2646 1000 2726 κύνες
1021 2652 1096 2715 ἐνεοί
1118 2647 1155 2715 ού
1178 2644 1352 2732 δυνήσονται

110 2734 163 2798 καί
178 2733 218 2796 τά
235 2729 405 2813 ἐντάλματά
417 2757 485 2816 μου.
503 2735 531 2774 ¹²
543 2735 574 2796 ἐν
589 2732 649 2818 γάρ
666 2729 714 2796 εὖ·
749 2730 897 2812 ὑλακτεῖν,
917 2731 1151 2816 ἐνυπνιαζόμενοι
1168 2738 1285 2817 κοίτην,
1301 2756 1352 2836 φι-

110 2812 243 2907 φροσύνη
256 2811 454 2891 ἕξελεύσεσθε,
473 2816 524 2879 καί
535 2819 567 2881 ἐν
575 2822 654 2901 χαρᾷ
672 2816 716 2880 δι·
748 2816 865 2894 λσύντες
882 2816 1033 2893 νυστάξαι.
1060 2821 1084 2858 ¹¹
1097 2817 1149 2880 καί
1161 2821 1192 2882 σί
1204 2815 1287 2891 κύνες
1300 2839 1353 2879 αν-

110 2897 307 2984 δαχθήσεσθε.
333 2897 372 2961 τά
390 2895 449 2981 γάρ
464 2896 519 2982 όρη
536 2903 588 2964 καί
600 2903 631 2964 οἶ
642 2905 716 3001 βου·
748 2901 838 2976 αιδείς
855 2905 893 2993 τῇ
916 2905 1012 2993 ψυχῇ,
1031 2897 1086 2965 οὑκ
1101 2895 1205 2975 εἰδότες
1216 2898 1352 2983 πλησμο-

111 2985 157 3048 νοί
169 2982 342 3059 ίξαλοῦνται
358 2978 583 3066 προςδεχόμενοι
596 2979 672 3067 ὑμας
685 2986 716 3047 ἓν
748 2980 808 3068 τήν.
831 2991 884 3049 καί
895 2988 949 3048 εἶσι
957 2986 1085 3067 πονηροί
1096 2981 1150 3048 ούκ
1164 2978 1269 3056 εἰδότες
1282 2978 1348 3046 σύν-

109 3071 199 3151 χαρᾷ,
211 3069 262 3131 καί
278 3060 380 3130 πάντα
397 3064 436 3129 τά
450 3064 526 3141 ξύλα
549 3070 606 3131 τοῦ
618 3064 716 3149 ἀγροῦ
750 3091 819 3143 εσιν,
832 3064 940 3142 πάντες
955 3090 1021 3142 ταις
1039 3067 1119 3141 οδοις
1135 3089 1237 3131 αυτιον
1249 3067 1354 3148 ἐξηκο-

109 3146 297 3236 ἰπικροτήσει
311 3160 375 3224 τοῖς
392 3146 520 3224 κλάδοις.
544 3151 571 3192 ¹³
585 3152 636 3213 καί
649 3149 716 3214 ἀντὶ
748 3150 915 3237 λούθησαν,
929 3155 1053 3233 ἕκαστος
1065 3146 1144 3214 κατά
1155 3147 1193 3215 τὸ
1205 3151 1322 3214 ἑαυτοῦ.

109 3237 162 3315 τῆς
180 3235 299 3316 στοιβης
325 3228 504 3318 ἀναβήσεται
524 3229 714 3318 κυπάρισσος,
766 3241 791 3270 ⁹'
919 3242 948 3296 K
961 3240 991 3298 E
1002 3239 1041 3297 Φ.
1084 3228 1169 3298 ΝΖ’.

109 3313 176 3382 ἀντὶ
194 3315 225 3380 δὲ
238 3319 291 3397 τῆς
302 3310 424 3398 κονύζης
442 3313 622 3402 ἀναβήσεται
640 3343 715 3402 μυρ-
749 3285 853 3384 Iam
866 3313 907 3394 ῶς
920 3313 938 3382 5
952 3318 1065 3391 δίκαιος
1075 3313 1224 3393 ἀπῶλετσ,
1237 3316 1289 3379 καί
1300 3313 1354 3378 σύ-

110 3404 183 3482 σίνη.
209 3400 261 3462 καί
274 3398 357 3463 ἔσται
374 3399 475 3484 κύριος
486 3405 524 3474 είς
536 3399 646 3482 όνομα,
664 3402 715 3465 καί
748 3402 804 3477 δείς
817 3404 963 3484 ἐκδέχεται
975 3404 1012 3489 τῇ
1025 3399 1149 3501 καρδίη,
1187 3399 1239 3461 καί
1252 3393 1354 3479 ἀνδρες

109 3486 147 3555 είς
160 3492 278 3564 σημεῖον
291 3477 427 3557 αἰώνιον,
442 3485 494 3546 καί
510 3480 563 3545 σύκ
575 3481 712 3565 ἐκλείψει.
748 3485 856 3548 δίκαιοι
870 3485 1018 3565 αἴρονται,
1036 3482 1087 3543 καί
1099 3478 1193 3553 ουδεὶς
1204 3489 1352 3542 κατανοεῖ.

293 3571 326 3624 Κ
335 3567 415 3625 ΕΦ.
458 3560 536 3637 Νς’.
748 3563 812 3629 ἀπὸ
825 3564 883 3649 γὰρ
902 3559 1066 3647 προςάπου
1084 3559 1200 3636 ἀδικίας
1220 3551 1353 3646 ήρταιδ

117 3612 213 3711 Τάδε
226 3644 301 3723 λέγει
313 3640 423 3730 κύριος.
446 3640 633 3725 φυλάσσεσθε
648 3652 714 3731 κρί-
747 3648 870 3752 δίκαιοη,
895 3648 1002 3710 2ἔσται
1016 3647 1047 3710 ίν
1060 3642 1158 3732 εἰρήνη
1170 3640 1189 3730 ή
1201 3640 1282 3727 ταφή
1296 3641 1354 3708 αὑ-

110 3755 163 3806 σιν,
176 3732 227 3795 καὶ
238 3725 383 3813 ποιήσατε
395 3723 591 3812 δικαιοσύνην,
614 3727 713 3812 ήγγικε
747 3733 818 3805 τοῦ,
837 3755 928 3823 ηρται
945 3732 976 3794 ἐκ
996 3731 1052 3793 τοῦ
1068 3716 1167 3813 με’σοὺ.
1198 3725 1304 3810 1ὑμεῖς
1321 3727 1353 3792 δὲ

109 3811 167 3900 γάρ
185 3811 222 3879 τὸ
245 3807 391 3916 σωτήριόν
406 3837 463 3894 μου
484 3817 714 3898 παραγίνεσθαι,
747 3811 947 3897 προςαγάγετε
964 3804 1022 3877 ῶδε
1034 3814 1093 3878 υἱοί
1106 3810 1224 3894 ἀνομοι,
1237 3814 1354 3896 σπέρμα

109 3900 160 3963 καί
184 3895 221 3962 τὸ
254 3897 339 3971 ε”λεος
369 3921 427 3979 μου
450 3893 713 3980 ἀποκαλυφθῆναι.
749 3901 861 3980 μοιχῶν
876 3897 928 3960 καί
943 3891 1063 3983 πόρνης.
1089 3896 1150 3960 1ίν
1167 3898 1222 3959 τίνι
1240 3897 1354 3980 ἔνετρυ-

110 3976 280 4064 2μακάριος
293 3979 370 4084 ἀνήρ
387 3976 514 4045 ὃποιῶν
526 3983 624 4044 ταῦτα
628 4029 639 4057 ,
664 3983 716 4045 καί
749 3974 878 4063 φήσατες
903 3979 955 4044 καί
981 3981 1034 4044 ἐπὶ
1059 3986 1127 4045 τίνα
1152 3975 1300 4065 ήνοίξατε
1316 3977 1354 4042 τὸ

110 4063 274 4149 ἀνθρωπος
293 4062 310 4130 5
329 4059 516 4147 ἀπεχόμενος
529 4061 639 4140 αὐτῶν,
665 4065 716 4128 καὶ
750 4061 853 4148 στόμα
860 4062 941 4148 ὑμῶν
945 4091 958 4142 ,·
983 4063 1035 4138 καί
1051 4064 1102 4128 ἐπὶ
1113 4067 1179 4127 τίνα
1191 4057 1354 4164 ξηαλάσατε

111 4144 275 4229 φυλάσσων
290 4147 330 4212 τά
349 4143 487 4233 σάββατα
503 4145 542 4230 μή
561 4146 715 4232 βεβηλοῦν,
750 4145 803 4230 τήν
824 4148 967 4227 γλῶσσαν
992 4143 1074 4230 ὑμῶν
1080 4174 1093 4226 ,·
1119 4144 1174 4230 οὐχ
1193 4157 1270 4228 υμιῑς
1290 4141 1355 4209 ἐστὶ

109 4233 160 4294 καί
183 4231 331 4315 διατηρῶν
356 4232 411 4306 τὰς
438 4241 534 4314 χεῖρας
559 4227 654 4294 αὑτοῦ
675 4227 714 4314 μή
749 4234 837 4296 τέκνα
850 4229 1016 4308 ἀπωλείαςς
1030 4232 1149 4314 σπέρμα
1161 4229 1289 4310 ἀνομον,·
1302 4228 1356 4291 ⁵02

110 4325 202 4377 ποιεῖν
220 4311 318 4378 ἀδικα.
344 4313 409 4399 1μή
428 4313 536 4392 λεγέτω
554 4310 572 4378 5
590 4310 712 4390 ἀλλογε-
749 4315 993 4398 παρακαλοῦντες
1025 4313 1132 4380 εἴδωλα
1156 4311 1216 4377 ὑπὸ
1247 4310 1355 4394 δάνδρα

64 4472 69 4481 Ι
108 4393 159 4474 νής
174 4395 191 4460 5
204 4404 408 4478 προςκείμενος
420 4395 496 4482 πρὸς
508 4394 619 4481 κύριον,
632 4393 713 4476 ἀφο-
750 4397 856 4472 δασέα,
870 4396 1030 4482 σφάζοντες
1047 4395 1087 4461 τά
1104 4400 1193 4460 τέκνα
1214 4391 1314 4460 αὑτῶν
1326 4396 1356 4457 ἰν

107 4489 164 4562 ριεί
171 4502 205 4561 με
218 4478 278 4566 ἀρα
300 4476 398 4567 κύριος
416 4477 479 4546 ἀπὸ
497 4484 554 4544 τοῦ
567 4479 642 4545 λαοῦ
656 4476 712 4544 ao}-
750 4493 815 4556 ταῖς
828 4477 974 4567 φάραγξιν
992 4480 1141 4563 ἀναμέσον
1153 4483 1214 4542 τῶν
1225 4479 1356 4622 ιηετέρῶνγ

1297 4582 1355 4639 εινη
