2924 4972
154 222 215 282 κεν
302 215 795 277 πΛΡΑΛπιποιυπΝωΝ
816 215 1074 313 ουτω-πη
1087 208 1124 287 τ’.
1141 210 1177 292 η’.
1190 212 1261 276 τε.

153 353 226 394 σωσι
240 326 276 391 τὸ
289 319 450 430 πρόςωπόν
462 348 529 404 μου,
547 327 598 387 καί
610 320 760 408 ἀποστρέ-
792 321 848 408 μόρ
862 325 893 387 ἐν
908 327 944 414 τῇ
957 318 1072 408 ἐρήμῳ,
1097 325 1149 386 καί
1163 319 1263 396 πάσας
1277 322 1330 394 τά,-
1343 322 1405 387 πό-

154 430 252 491 ηνωσιν
270 406 333 473 ἀπο
347 411 407 471 τῶν
421 401 500 470 ὁδῶν
512 402 613 469 αὐτῶν
631 409 691 468 τῶν
702 431 761 471 πσ-
794 405 852 479 λεις
864 401 918 480 τάς
936 401 1045 510 όηυράς
1058 400 1093 479 ἀς
1106 400 1292 488 ᾠκοδόμησεν
1305 409 1337 469 έν
1350 407 1406 471 Ἡ-

153 497 261 596 νηρών,
286 495 337 555 καί
353 488 411 566 ἐγὼ
430 482 634 569 είςακούσομαι
655 490 686 551 έκ
704 493 760 552 τοῦ
793 485 868 572 μάθ.
888 488 960 552 6και
973 486 1147 571 ᾠκοδόμησε
1160 484 1214 570 τήν
1229 488 1406 572 Βαιθωρών

154 580 295 660 ουρανοῡ,
309 575 360 638 καί
372 571 458 645 ’ίλεως
471 575 577 653 ἔσομαι
591 582 656 645 ταῖς
666 567 762 675 ἀμαρ-
795 572 847 654 τήν
859 568 921 635 ἀνω
932 573 983 634 καί
992 568 1047 654 τήν
1057 567 1233 655 Βαιθωράνν
1246 570 1298 655 τήν
1308 568 1404 649 κάτω,

154 667 230 734 τίσις
243 657 358 729 αὐτῶν,
377 655 428 717 καί
440 649 562 735 ἰάσομαι
574 651 628 737 τήν
638 659 693 737 γῆν
705 680 760 718 αυ-
795 650 893 728 πόλεις
905 648 1022 737 ὀχυράς.
1048 659 1142 738 τείχη,
1157 649 1265 729 πύλαι,
1282 656 1406 754 καίμο-

154 748 224 806 τῶν.
237 741 321 804 15καί
333 742 384 802 νῦν
398 740 429 802 οἱ
441 734 599 840 όφθαλριιί
609 763 666 818 μου
678 739 762 802 έσον-
792 738 867 822 χλσί.
894 738 910 779 ⁶
922 739 973 801 καί
989 731 1043 819 τήν
1054 735 1209 812 Βαλαάθ,
1235 739 1287 802 καὶ
1301 764 1403 815 πασας

155 851 204 890 ται
219 821 389 905 ἀνεῳγμέναι
396 870 404 896 ,
425 822 476 883 καί
488 820 527 885 τά
540 817 605 885 ωτά
617 846 674 903 μου
688 816 760 904 ε’πή-
794 820 848 896 τάς
872 815 974 895 πόλεις
999 816 1054 894 τάς
1078 816 1188 921 όηυράς
1205 827 1240 883 αἱ
1264 810 1340 922 ήσαν
1359 827 1405 906 τῴ

155 934 214 972 κοα
237 911 274 989 τῆ
291 907 437 993 προςευχῇ
453 909 509 966 τοῦ
527 900 622 968 τόπου
642 899 760 967 τούτου.
794 900 958 986 Σαλωμεόν.
984 904 1035 968 καί
1053 929 1152 976 πασας
1164 902 1219 977 τάς
1230 903 1332 978 πολεις
1343 910 1404 969 των

154 991 244 1055 12καί
256 979 316 1053 ’νῦν
333 982 501 1068 ἐξελεξάμην
518 991 568 1051 καί
581 984 690 1069 ήγίακα
709 986 761 1051 τὸν
794 983 945 1072 ἁρμάτων,
958 988 1008 1050 καί
1021 984 1074 1061 τάς
1085 984 1188 1060 πόλεις
1201 991 1261 1049 τῶν
1274 991 1398 1052 ἱππέων.

155 1072 237 1138 οίκον
263 1076 386 1147 τοῦτον,
412 1075 468 1133 τοῦ
494 1068 564 1135 εἶναι
589 1065 685 1152 ὄνομά
701 1096 761 1150 μου
793 1071 845 1134 καί
869 1064 926 1135 δσα
953 1066 1122 1153 ἐπεθύμησε
1138 1068 1297 1153 Σαλωμών
1322 1068 1401 1134 κατά

153 1161 273 1230 ε’κεῖέως
284 1159 400 1228 αἰῶνος,
411 1156 462 1217 καί
472 1155 588 1218 ἔσονται
600 1157 631 1216 οἱ
640 1151 761 1233 ὀφθαλ-
794 1150 848 1238 τήν
860 1156 1020 1235 ἐπιθυμίαν
1033 1157 1088 1218 τοῦ
1102 1154 1294 1235 οἰκοδομῆσαι
1307 1151 1403 1218 ε’νἸε-

153 1247 204 1322 μοί
214 1265 271 1322 μου
289 1241 340 1306 καί
357 1234 375 1320 ή
388 1237 495 1321 καρδία
508 1262 566 1317 μου
584 1240 644 1301 ἐκεῖ
658 1232 761 1310 πάσας
794 1234 960 1321 ρουσαλήμ,
984 1239 1035 1300 καί
1047 1239 1078 1300 ἐν
1090 1240 1134 1299 τω
1146 1232 1286 1322 Λιβάνῳ,
1309 1239 1362 1301 καὶ
1373 1242 1404 1301 ἐν

153 1324 207 1398 τάς
220 1323 337 1408 ήμέρας.
374 1322 401 1362 ¹⁷
414 1321 466 1383 καί
483 1320 520 1383 σὺ
539 1319 591 1383 ἐὰν
608 1323 760 1411 πορευθῇς
794 1315 878 1403 πόση
891 1326 929 1411 τή
941 1319 1076 1406 βασιλείᾳ
1090 1300 1195 1383 αάτού.
1211 1321 1289 1394 2πάς
1302 1315 1320 1383 δ
1331 1319 1404 1395 λαὸς

154 1412 285 1472 ἐναντίον
302 1429 359 1486 μου
373 1398 413 1475 ὡς
426 1404 524 1465 Δαυίδ
540 1399 558 1465 ὁ
576 1404 676 1486 πατήρ
697 1428 759 1478 σου,
795 1394 1029 1484 ὃκάταλειφθείς
1040 1401 1103 1466 ἀπδ
1118 1407 1342 1476 τοῦΧετταίου,
1353 1406 1403 1468 καί

153 1483 338 1578 καίποιήσης
350 1481 428 1549 κατά
439 1479 571 1547 πάνταά
580 1479 760 1566 ἐνετειλάμην
793 1490 850 1550 τοῦ
868 1484 1063 1570 Ἀμορραίου,
1089 1487 1212 1550 καὶτοῦ
1233 1488 1402 1570 Φερεζαίου,

154 1595 217 1644 σοι,
240 1573 292 1633 καί
304 1565 343 1631 τά
356 1561 573 1651 προςτάγματά
585 1591 644 1649 μου
658 1568 708 1630 καί
722 1564 760 1631 τά
794 1571 845 1632 καί
858 1576 912 1634 τοῦ
925 1571 1057 1646 Εὐαίου,
1083 1571 1134 1633 καί
1148 1574 1204 1633 τοῦ
1219 1566 1402 1655 Ἰεβουσαίου

153 1646 283 1739 κρίματά
296 1677 354 1732 μου
370 1644 496 1738 φυλάξη,
523 1651 551 1691 ¹⁸
563 1650 615 1713 καί
627 1645 760 1751 ἀναστή-
794 1657 827 1716 οἱ
848 1651 904 1716 οάκ
929 1656 1001 1718 εἰσίν
1018 1656 1050 1715 ἐκ
1069 1657 1124 1717 τοῦ
1138 1648 1274 1737 Ἰσραήλ,
1304 1649 1398 1718 Βάλλί

154 1763 199 1802 σω
218 1732 270 1800 τόν
287 1730 402 1817 θρόνον
418 1737 470 1816 τής
486 1732 635 1818 βασιλείας
649 1756 703 1797 σου
719 1760 759 1808 ως
793 1724 869 1816 ήσαν
885 1741 917 1800 ἐκ
934 1741 995 1800 τῶν
1015 1740 1086 1799 υἱῶν
1105 1733 1205 1801 αὐτῶν
1223 1741 1284 1800 τῶν
1305 1762 1402 1801 nata-

151 1821 289 1900 διεθέμην
301 1818 400 1881 Δαυίδ
416 1821 461 1900 τῷ
477 1822 572 1900 πατρί
586 1842 638 1882 σου
656 1815 758 1894 λέγων,
793 1818 974 1898 λειφθέντων
987 1816 1044 1898 μετ’
1062 1816 1173 1893 αύτούς
1186 1823 1217 1884 έν
1234 1823 1271 1902 τι]
1281 1824 1330 1907 γῇ,
1348 1816 1401 1894 οὓς

153 1900 206 1968 σιἰκ
228 1896 428 1984 ἐξαρθήοεταί
444 1924 492 1964 σοι
509 1896 668 1983 ἡγούμενος
684 1898 758 1986 ἀνήρ
793 1900 846 1966 οὐκ
858 1898 1083 2004 ἐξωλόθρευσαν
1093 1906 1124 1966 οἱ
1134 1905 1195 1967 υἱοὶ
1204 1891 1334 1987 Ἰσραήλ,
1347 1905 1402 1966 καί

153 1989 184 2050 έν
199 1980 328 2069 Ἰσραήλ.
368 1984 461 2047 12καὶ
477 1979 530 2047 έάν
548 1981 760 2067 ἀποστρέηιητε
793 1980 938 2067 ἀνήγαγεν
954 1985 1066 2059 αυτούς
1078 1984 1236 2070 Σαλωμών
1254 1991 1292 2060 εἰς
1305 1981 1401 2070 φόρον

152 2066 249 2152 ὑμεῖς,
278 2069 329 2132 καί
353 2064 579 2149 ἐγκαταλείπητε
604 2063 643 2130 τά
668 2092 758 2150 προς·
793 2066 981 2153 έωςτήςήμέ
999 2095 1034 2143 ας
1047 2067 1166 2153 ταύτης.
1202 2070 1281 2134 2καί
1294 2073 1326 2134 έκ
1340 2074 1401 2133 τών

152 2146 292 2234 τάγματά
307 2175 366 2233 μου
382 2154 434 2217 καί
449 2147 504 2226 τάς
516 2143 639 2225 ἐντολάς
652 2176 709 2232 μου
723 2147 759 2226 ἀς
792 2155 865 2216 υἱοῖν
879 2095 1001 2237 Ἰσραήλ
1018 2150 1074 2217 οὐκ
1092 2154 1180 2217 ἔδωκε
1192 2150 1348 2257 Σαλωμών
1361 2156 1401 2228 εἰς

152 2237 250 2300 έδωκα
262 2239 396 2300 ἐναντίον
409 2229 502 2313 ὑμῶν,
528 2236 579 2299 καί
591 2238 759 2319 πορευθῆτε
792 2237 903 2310 παῖδας
921 2241 960 2318 τῆ
978 2235 1112 2322 βασιλείᾳ
1132 2235 1236 2301 αὐτοῦ.
1269 2234 1316 2302 ότι
1335 2232 1399 2301 ἷδοίι

152 2321 203 2383 καί
214 2317 391 2403 λατρεύσητε
400 2328 484 2392 θεοῖς
494 2319 662 2402 ἱτέροιςκαὶ
670 2342 759 2401 προς·
792 2317 892 2402 ἀνδρες
910 2308 1085 2402 πόλεμισταί
1100 2321 1152 2384 καί
1170 2317 1323 2404 ἀρχοντες,
1348 2324 1399 2386 καί

151 2396 292 2487 κυνήσητε
309 2400 420 2476 αὐτοῖς.
457 2403 488 2444 ²⁰
499 2404 551 2466 καί
567 2402 665 2487 έξαριδ
684 2398 759 2484 ὑμᾶς
792 2406 823 2467 οἱ
834 2404 959 2467 δυνατοί
976 2406 1028 2467 καί
1045 2402 1181 2508 ἀρηρντες
1195 2401 1336 2489 ἁρμάτων
1348 2407 1399 2468 καί

151 2485 343 2570 ἀπὸτήςγής
357 2478 500 2589 ήςιέδωκα
512 2481 622 2558 αὐτοῖς.
641 2483 758 2550 καὶτὸν
792 2488 917 2550 ἱππέων.
956 2489 985 2529 ¹⁰
997 2489 1048 2551 καί
1074 2512 1160 2551 ουτοι
1180 2484 1321 2572 ἀρχουτες
1338 2491 1399 2551 τῶν

1287 305 1413 317 ...a—..-

150 2569 235 2636 οίκον
260 2576 370 2635 τοῦτον
389 2594 425 2634 ον
442 2565 553 2651 ήγίασα
570 2574 614 2670 τηί
632 2564 760 2652 ὀνόματί
789 2573 967 2674 προςτατῶν
978 2571 1125 2678 βασιλέως
1138 2570 1306 2653 Σαλωμών,
1328 2595 1397 2636 πεν-

150 2678 208 2736 μου
233 2651 419 2735 ἀποστρέψω
444 2654 476 2714 έν
500 2677 662 2737 προςωπσυ
687 2677 756 2735 μου,
790 2677 918 2737 τηκοντα
936 2680 987 2719 και
1005 2648 1150 2718 διακόσιοι
1166 2657 1396 2738 έργοδιωκτοῦν-

149 2738 201 2800 καί
214 2736 301 2800 δώσω
314 2734 407 2800 αὐτόν
420 2738 458 2808 είς
469 2734 647 2818 παραβολήν
660 2737 709 2798 καί
719 2738 757 2810 είς
789 2759 835 2809 τες
853 2741 939 2821 ἐντῷ
956 2735 1033 2820 λαῷ.
1072 2740 1096 2778 ¹¹
1110 2739 1162 2802 καὶ
1174 2736 1227 2820 τήν
1240 2742 1396 2825 θυγατέρα

149 2816 274 2901 διήγημα
291 2820 322 2879 έν
333 2823 408 2883 πᾶσι
425 2826 489 2889 τοῖς
501 2819 608 2881 ἔθνεσι.
635 2820 662 2858 ²¹
675 2814 756 2881 καὶὸ
789 2815 907 2905 Φαραά
926 2816 1052 2903 ἀνήγαγε
1063 2818 1219 2901 Σαλωμιδν
1237 2825 1269 2886 ἐκ
1282 2820 1396 2898 πόλεως

147 2901 230 2978 οἶκος
256 2893 345 2976 οὗτος
368 2897 385 2964 ὁ
407 2896 521 2982 ὑψηλὸς
537 2904 596 2976 πᾶς
614 2897 631 2962 ὁ
649 2900 756 2965 διαπο-
789 2905 887 2969 Δαυίδ
911 2908 950 2979 εἷς
972 2899 1025 2970 τόν
1051 2902 1136 2969 οίκον
1157 2899 1191 2968 δν
1207 2902 1396 2988 ᾠκοδόμησεν

149 2981 300 3086 ρεΙυόμενος
321 2980 414 3049 αὐτὸν
432 2978 603 3081 ἐνστήσεται
621 2985 674 3048 καί
689 2987 755 3090 ἐρεῖ,
789 2984 875 3080 αὐτῇ,
889 2983 935 3051 ὅτι
948 2986 1034 3051 εἶπεν.
1061 2987 1097 3050 ού
1110 2984 1277 3070 κατοικήσει
1292 2985 1310 3071 ή
1323 2983 1394 3070 γονή

148 3092 233 3151 χαριν
242 3072 320 3140 τίνος
331 3070 449 3149 ἐποίησε
458 3091 557 3151 κυριος
565 3073 602 3152 τῆ
614 3072 653 3152 γῆ
661 3093 754 3163 ταυτη
786 3096 845 3153 μου
858 3074 889 3135 έν
900 3067 984 3132 πόλει
996 3070 1094 3131 Δαυίδ
1109 3074 1163 3131 τοῦ
1166 3069 1322 3172 βασιλέως
1334 3070 1395 3133 Ἰο-

148 3152 201 3214 καί
224 3154 268 3233 τῷ
289 3150 364 3232 οἴκῳ
379 3145 479 3231 τούτῳ
484 3178 497 3227 ,·
533 3153 563 3192 22
575 3142 753 3234 κλαῖ’έροῦσι.
786 3151 878 3239 ραήλ,
895 3149 942 3214 ὁτι
955 3144 1040 3226 ἀγιός
1052 3152 1131 3212 ἐστιν
1144 3173 1180 3211 ου
1193 3149 1322 3228 εῖςήλθεν
1335 3156 1396 3215 ἐκεῖ

148 3229 222 3297 διότι
234 3235 427 3310 ἐγκατέλιπον
439 3230 542 3318 κύριον
553 3232 685 3301 τὸνθεόν
694 3242 756 3302 τῶν
787 3232 910 3321 κιβωτὸς
923 3237 1034 3316 κυρίου.
1055 3233 1083 3272 ¹²
1095 3225 1163 3294 τότε
1176 3225 1312 3311 ἀνήνεγκε
1325 3237 1390 3294 Σα-

147 3320 287 3402 πατέρων
300 3315 415 3394 αὐτῶν,
438 3318 491 3383 τὸν
503 3318 686 3399 ἐξαγαγόντα
700 3319 755 3386 αδ-
788 3315 892 3403 λωμόιν
910 3308 1145 3396 ὁλοκαυτώματα
1170 3317 1215 3396 τῷ
1232 3317 1323 3396 κυρίῳ
1342 3315 1391 3377 ε’πί

148 3399 218 3477 τούς
241 3406 273 3467 έκ
290 3407 343 3487 γής
359 3399 536 3481 Αἰγύπτου,
560 3407 612 3471 καί
631 3400 754 3471 ἀντελά-
787 3403 822 3469 τὸ
835 3391 1059 3488 θυσιαστήριον,
1084 3393 1285 3482 δῴκοδόμησε
1298 3401 1391 3481 κυρίῳ

146 3490 236 3572 βοντο
246 3493 328 3553 θεῶν
341 3488 459 3568 ἑτέρων,
472 3488 523 3551 καί
534 3483 754 3573 προςεκύνησαν
787 3486 928 3553 ἀπέναντι
939 3500 995 3552 τοῦ
1008 3487 1082 3552 ναοά
1106 3485 1133 3526 ¹³
1146 3482 1223 3548 κατά
1236 3478 1288 3548 τὸν
1300 3477 1393 3558 λόγον

147 3568 266 3649 αὐτοῖς,
291 3573 343 3637 καί
366 3567 542 3637 ἐδούλωσαν
561 3569 678 3646 αὐτοῖς,
704 3572 754 3635 καί
787 3569 898 3655 ἡμέρας
911 3574 941 3637 έν
954 3567 1059 3655 ἡμέρᾳ,
1077 3573 1134 3635 τοῦ
1147 3566 1301 3651 ἀναφέρειν
1315 3563 1393 3629 κατά

146 3653 196 3719 διά
209 3660 302 3719 τοῦτο
315 3649 459 3738 ἐπήγαγεν
471 3650 514 3717 ἐπ’
529 3650 640 3728 αὐτούς
651 3657 754 3720 πᾶσαν
786 3650 841 3728 τάς
857 3653 981 3728 ἐντολάς
999 3658 1125 3731 Μωυσή
1151 3656 1183 3717 έν
1201 3662 1264 3726 τοῖς
1280 3644 1393 3755 σαββά-

146 3734 200 3818 τήν
213 3743 319 3800 κακίαν
331 3732 451 3818 ταύτην.
785 3759 856 3808 τοις,
868 3738 920 3799 καί
932 3737 962 3800 έν
975 3750 1040 3811 τοῖς
1050 3737 1131 3817 μησί,
1143 3736 1195 3799 καί
1208 3738 1239 3799 έν
1251 3746 1316 3806 ταῖς
1325 3759 1394 3815 εορ-

233 3856 237 3864 -
334 3824 410 3883 ΚΕ
423 3824 461 3882 Φ.
505 3815 560 3881 Η’.
785 3828 866 3887 ταῖς,
891 3826 968 3897 τρεῖς
980 3819 1105 3897 καιροὺς
1117 3820 1173 3878 τοῦ
1186 3819 1338 3883 ἐνιαυτοῦ,
1362 3822 1393 3879 ἐν

147 3865 229 3966 Καὶ
245 3903 358 3978 ἐγένετο
374 3900 448 3982 μετά
465 3902 572 3965 είκοσιν
592 3905 644 3985 έτη
661 3906 692 3966 ἐν
710 3899 753 3972 οίς
784 3897 927 3993 τήὲορτῇ
940 3900 1002 3959 τῶν
1017 3892 1144 3975 ἀζύμων,
1164 3896 1214 3955 καὶ
1228 3896 1258 3957 ἕν
1272 3899 1308 3986 τῇ
1324 3900 1393 3982 ἑορ-

146 3979 477 4068 ᾧκοδόμησεΣαλωμών
486 3980 537 4048 τὸν
546 3984 631 4049 οἶκον
640 3986 752 4063 κυρίου,
783 4002 821 4066 τη
838 3980 898 4039 τῶν
919 3973 1105 4062 ἑβδομάδων,
1131 3977 1183 4039 καὶ
1202 3977 1232 4040 ἕν
1246 3982 1285 4069 τῇ
1304 3982 1393 4072 ἑορτή

146 4068 198 4132 καί
209 4063 264 4130 τὸν
277 4064 360 4131 σίκον
376 4063 472 4131 αὑτοῦ
497 4067 576 4128 2καί
587 4063 642 4137 τάς
653 4057 753 4136 πόλεις
784 4062 844 4126 τῶν
863 4063 986 4140 σκηνῶν.
1012 4058 1041 4101 ¹⁴
1054 4060 1105 4123 καί
1122 4062 1225 4143 ἔστησε
1241 4063 1320 4126 κατά
1337 4063 1393 4167 τήν

145 4147 182 4223 ἀς
195 4151 299 4213 έδωκεν
313 4148 417 4232 Χιράμ
432 4154 473 4230 τῷ
486 4145 653 4227 Σαλωμάνν,
674 4141 752 4227 ᾠκσ-
784 4147 879 4229 κρίσιν
894 4146 991 4207 Λαυίδ
1016 4147 1071 4207 τοῦ
1090 4146 1206 4228 πατρὸς
1224 4142 1319 4210 αὐτοῦ
1337 4173 1391 4222 τας

146 4229 268 4314 δόμηοεν
281 4228 376 4306 αάτάς
384 4228 550 4310 Σαλωμάνν,
564 4230 615 4293 καί
624 4225 753 4309 κατῴκι-
784 4229 936 4313 διαιρέσεις
955 4233 1016 4292 των
1036 4231 1149 4308 ἱερέων,
1176 4230 1227 4291 καί
1245 4228 1323 4294 κατά
1337 4228 1391 4306 τάς

146 4340 193 4382 σεν
206 4313 345 4390 έκεῖτούς
356 4311 439 4386 υἱούς
448 4307 577 4415 Ἰσραήλ
593 4312 663 4376 2καί
677 4313 752 4398 ἦλθε
783 4313 965 4393 λειτουργίας
978 4311 1087 4376 αὐτῶν.
1102 4315 1152 4376 καί
1166 4317 1195 4376 οἱ
1204 4319 1328 4378 Λευῖται
1341 4315 1390 4378 ἐπί

144 4399 300 4483 Σαλωμών
313 4403 352 4476 εἰς
364 4399 527 4483 Βαισωβα,
550 4397 750 4483 καὶκατίσχυ-
784 4394 837 4473 τάς
863 4395 996 4477 φυλακάς
1018 4393 1132 4473 αὐτῶν,
1158 4403 1213 4461 τοῦ
1231 4401 1321 4464 αἰνεῖν
1338 4401 1390 4461 καί

142 4512 192 4552 σιν
204 4483 307 4570 αὐτήν.
322 4486 395 4553 *καί
408 4477 577 4570 ᾠκοδόμησε
591 4480 646 4567 τήν
659 4484 748 4551 Θοεδ-
784 4483 955 4563 λειτσυργεῖν
967 4483 1121 4571 κατέναντι
1131 4486 1191 4546 τόν
1202 4484 1302 4567 ἱερέων
1311 4478 1389 4581 κατά

1337 4587 1389 4629 τον
