2924 4972
123 237 190 309 788
374 224 606 288 ΗΣΑΙΑΣ
645 217 1112 310 πιφ.λ’.λα’.νμ’.3ο.3ι.3α.

115 345 197 434 ὕδωρ
216 344 463 426 άποκαθημίνης,
488 344 540 406 καί
558 339 598 444 ὡς
612 338 726 427 κόπρον
763 343 814 407 καί
831 339 907 417 ξύλα
923 339 1037 416 πολλὰ,
1062 336 1190 422 όθυμύς
1208 346 1314 426 κυρίου
1334 340 1377 416 ὡς

114 414 197 505 ούσεις
210 424 298 494 αῦτά.
324 428 353 468 ²³
366 422 435 490 τότε
452 428 536 489 ἔσται
549 422 567 489 ὁ
583 422 668 499 υετός
680 428 725 509 τῷ
763 423 883 509 φάραγξ
896 421 958 490 ύπό
972 429 1060 488 θείου
1072 426 1218 506 καιομένη.

114 517 262 597 σπέρματι
288 513 341 594 τῆς
356 512 411 591 γῆς
430 533 500 583 σου,
524 509 576 573 καί
595 503 613 571 δ
631 506 726 595 άρτος
930 510 1055 571 xm.
1098 502 1190 570 AA‘.

114 599 170 660 τοῦ
195 588 373 677 γεννήματος
401 596 454 675 τῆς
479 595 534 676 γῆς
559 616 612 656 σου
642 592 725 656 ἔσται
764 557 862 659 Οὐαί
876 594 907 656 σί
918 593 1147 676 καταβαίνοντες
1160 593 1200 664 είς
1213 589 1374 667 Αἴγυπτον

112 675 267 761 πλησμονὴ
281 679 332 741 καί
346 669 481 759 λιπαρός.
507 676 558 740 καί
569 667 724 760 βοσκηθη-
762 677 812 741 ἐπὶ
822 670 979 783 βοηθιιαν,
995 676 1028 737 οί
1039 669 1085 754 ἐφ’
1099 677 1209 748 ἵπποις
1220 672 1374 740 πεποιθό-

115 765 198 827 σεταί
215 785 268 825 σου
295 758 335 823 τόι
353 754 441 861 κτηνη
459 762 497 852 τῇ
516 755 555 842 ἢμ
566 761 612 839 ’ρα
631 760 724 852 ἐκείνη
762 783 807 833 τες
825 782 877 823 και
893 753 937 837 ἐφ’
958 752 1078 842 ἅρμασι.
1103 759 1165 821 ε”στι
1183 755 1243 841 γάρ
1258 754 1373 835 πολλά,

114 839 210 908 τόπον
218 847 311 909 πίονα
321 842 371 906 καί
381 836 556 940 ευρύχωρον.
569 840 639 905 ²⁴02
648 844 724 905 ταῦ·
761 843 813 906 καί
838 837 882 921 ἐφ’
901 844 1005 915 ’ίππσις
1030 839 1151 924 πλῆθος
1166 837 1294 925 σφόδρα.
1320 843 1376 906 καί

113 951 162 1012 ροι
175 922 257 1007 ῦμιῦν
268 928 319 990 καί
338 928 369 989 οί
386 928 464 1012 βοις,
490 931 520 989 οί
538 919 724 1010 ἐργαζόμενα
762 921 817 989 οῦκ
843 914 919 1008 ἦσαν
943 919 1125 998 πεποιθότες
1145 926 1196 988 ἰπὶ
1214 922 1269 988 τὸν
1287 919 1376 1000 όίγιον

113 1009 169 1094 τὴν
181 1014 251 1094 γῆν,
269 1004 417 1090 φάγονται
430 1005 527 1093 άχυρα
539 1005 723 1090 άναπεποιη-
761 1011 816 1072 τοῦ
826 1004 965 1092 Ἰσραὴλ,
991 1010 1043 1071 καί
1057 1005 1112 1071 τὸν
1124 1001 1225 1090 κύριον
1238 1005 1294 1090 ρῦκ
1307 1004 1374 1091 ἔζη-

113 1097 188 1160 ιιίνα
212 1096 243 1157 ἐν
267 1094 361 1182 κριθῇ
386 1090 584 1182 λελικμημένη.
624 1091 654 1132 ²⁵
671 1091 724 1154 καί
761 1114 863 1194 τησαν.
901 1091 980 1154 2καί
1003 1087 1096 1164 αὐτὸς
1113 1093 1215 1168 σοφῶς
1236 1091 1305 1192 ηγεν
1324 1091 1370 1157 εἰτ’

114 1179 199 1241 ἔσται
216 1177 267 1242 ίπί
279 1171 392 1249 παντός
411 1172 499 1258 ὄρους
511 1168 649 1255 ὑψηλοῦ,
672 1175 723 1238 καί
762 1170 876 1249 αυτούς
893 1170 987 1250 κακόν,
1013 1174 1065 1238 καί
1083 1169 1203 1249 ὁλόγσς
1216 1177 1315 1238 αυτοῦ
1333 1173 1374 1238 οῦ

113 1261 164 1325 ἐπί
172 1258 287 1334 παντὸς
295 1260 404 1345 βουνοῦ
416 1253 563 1343 μετεώρου
573 1253 651 1342 ῦδιορ
660 1256 722 1321 δια·
760 1256 800 1360 μη
819 1254 974 1350 ἇθετηθῇ,
1001 1257 1053 1322 καί
1069 1252 1307 1340 ἐπαναστήσεται
1323 1257 1368 1324 εἰτ’

112 1339 313 1428 πορευόμενον
325 1345 357 1406 ἐν
370 1345 407 1424 τῆ
421 1337 516 1425 ἡμέρα
528 1343 630 1434 ἐκείνη,
650 1336 724 1404 όταν
762 1365 860 1414 σικσυς
876 1337 1053 1423 άνθριύπων
1068 1342 1221 1424 πονηρῶν,
1247 1342 1301 1405 καί
1321 1344 1374 1407 ίπί

113 1423 290 1492 ἀπόλωνται
305 1414 433 1498 πολλίνὶ,
458 1426 509 1488 καί
521 1419 596 1488 όταν
608 1424 723 1488 πέσωσι
760 1421 815 1524 τίην
827 1422 934 1488 ἐλπίδα
948 1420 1050 1488 αῦτιῦν
1062 1421 1117 1507 την
1127 1430 1270 1505 ματαίαν,
1291 1425 1374 1489 Ἀί·

113 1504 234 1593 πύργοι.
260 1508 291 1551 ²⁰
303 1508 356 1571 καί
373 1510 457 1572 ἔσται
475 1502 512 1570 τὸ
525 1510 589 1585 φῶς
607 1509 660 1590 τῆς
674 1530 721 1571 σε-
761 1531 888 1586 γυπτιον
899 1504 1081 1590 ἄνθρωπον,
1107 1506 1158 1570 καί
1171 1503 1210 1572 οῦ
1222 1504 1308 1582 θεὸν,
1319 1513 1372 1572 ίπ-

113 1587 202 1677 λὴνης
223 1588 265 1665 ὡς
283 1589 320 1653 τὸ
337 1592 401 1669 φῶς
419 1593 475 1655 τοῦ
493 1586 591 1673 ἡλίου,
617 1587 723 1653 καὶτὸ
761 1615 830 1655 πων
854 1585 980 1674 σάρκας,
1007 1590 1059 1652 καί
1077 1588 1133 1653 ούκ
1151 1592 1212 1654 ε”στι
1232 1587 1370 1676 βοήθεια.

113 1678 179 1757 φῶς
195 1677 254 1738 τοῦ
272 1668 359 1759 ἡλίου
372 1674 458 1738 ἔσται
474 1666 679 1736 ἱπταπλύσιον
692 1675 724 1736 ἐν
762 1669 780 1738 ὃ
799 1673 832 1738 δὲ
857 1669 958 1759 κύριος
975 1669 1074 1749 ἐπάξει
1091 1670 1146 1757 τίην
1161 1684 1246 1759 χεῖρα
1272 1673 1373 1740 αύτοῦ

113 1761 151 1852 τῇ
177 1751 288 1844 ἦμέρσμ,
320 1751 394 1820 όταν
419 1752 539 1839 ἰάσηται
563 1752 662 1839 κύριος
685 1749 722 1819 τό
761 1753 806 1822 ἐπ’
827 1753 944 1832 αύτούς.
970 1757 1022 1820 καί
1039 1752 1235 1822 κοπιάσουσιν
1250 1760 1282 1822 σί
1292 1762 1371 1842 βοη-

114 1837 281 1925 σύντριμμα
297 1843 353 1905 τοῦ
367 1837 445 1904 λαοῦ
463 1837 575 1914 αὐτοῦ,
600 1840 652 1902 καὶ
670 1837 724 1940 τίην
761 1844 900 1915 θοῦυτες,
917 1840 968 1906 καί
980 1836 1042 1921 ἅμα
1054 1835 1160 1915 πάντες
1173 1839 1370 1906 ἀπολοῦνται.

113 1920 220 2008 ὀδύνην
228 1927 282 2008 τῆς
288 1923 403 2007 πληγῆς
410 1947 464 1988 σου
475 1916 598 1987 ίάσεται.
609 1921 722 1999 27ίδου,
761 1911 831 1988 4ότι
845 1918 942 1999 ούτως
954 1920 1018 1987 ελπέ
1028 1947 1079 2005 μοι
1088 1919 1195 2008 κύριος.
1209 1921 1243 1990 ὃν
1251 1921 1373 2010 τρόπον

111 2006 149 2071 τὸ
168 2005 263 2088 ὄνομα
281 2011 385 2091 κυρίου
403 2007 517 2092 ἔρχεται
534 2003 584 2069 διά
600 2000 721 2089 χρόνου,
760 2002 859 2091 βοηση
884 2002 902 2071 ὁ
928 2006 1016 2082 λέων,
1040 2005 1060 2091 ἢ
1084 2005 1102 2073 ό
1120 2003 1246 2091 σκύμνος
1262 2010 1314 2073 ἐπί
1332 2013 1372 2103 τῇ

111 2085 267 2173 καιόμενος
283 2084 391 2171 θυμός.
417 2087 492 2171 μετά
508 2083 594 2169 δόξης
612 2084 648 2152 τὸ
666 2087 721 2153 λό-
762 2079 846 2176 θηρᾴ
859 2080 880 2182 ᾖ
892 2089 997 2238 ἔλαχε,
1014 2093 1065 2154 καί
1077 2088 1201 2175 κεκράξη
1214 2090 1258 2156 ἐπ’
1275 2091 1371 2174 αὐτῇ,

111 2199 176 2252 γων
189 2177 250 2237 τῶν
260 2170 380 2258 χειλέων
392 2171 498 2246 αύτοῦ,
517 2168 619 2250 λόγιον
632 2168 722 2256 όργίης
760 2177 816 2248 ἕως
833 2171 872 2238 ἄν
893 2176 950 2256 δμπ
971 2176 1050 2267 ησθῇ
1068 2174 1107 2239 τά
1125 2165 1189 2259 όρη’
1199 2179 1250 2258 τῆς
1269 2167 1370 2260 μανίης

112 2255 232 2345 πλῆρες,
245 2259 297 2323 καί
310 2253 327 2340 ίη
342 2253 415 2342 ὀργίη
429 2259 486 2320 τοῦ
496 2260 596 2339 θυμοῦ
609 2252 651 2330 ὡς
660 2259 721 2340 πῦρ
760 2255 867 2332 αῦτοῦ,
890 2258 941 2322 καί
955 2255 1147 2342 ἡττήθησαν,
1172 2260 1223 2322 καί
1239 2258 1277 2323 τὸ
1289 2259 1370 2343 πλῆ-

114 2344 220 2408 ἔδεται.
259 2340 290 2382 ²⁰
303 2341 354 2404 καί
378 2337 414 2403 τό
433 2343 548 2421 πνεῦμα
566 2336 662 2403 αῦτοῦ
681 2335 722 2414 ὡς
759 2350 818 2414 θος
843 2344 898 2404 τοῦ
913 2343 1017 2424 θυμοῦ
1036 2337 1246 2426 ἐπτοηθησαν,
1272 2340 1369 2417 σ’ίίτως

113 2421 193 2509 ίίδωρ
207 2427 239 2489 ἐν
252 2419 384 2506 φάραγγι
398 2418 500 2506 σύρσν,
528 2420 586 2505 ἥξει
599 2426 654 2496 ἕως
666 2425 721 2486 τοῦ
760 2416 961 2508 καταβήσεται
973 2421 1074 2508 κύριος
1088 2426 1218 2511 σαβαώθ
1228 2429 1369 2510 ἐπιστρα-

112 2505 274 2596 τραχὴλου,
290 2509 342 2571 καί
355 2501 582 2591 διαιρεθήσεται,
596 2510 653 2569 τοῦ
665 2531 721 2569 τα-
762 2510 862 2571 τεῦσαι
879 2509 930 2571 ἐπί
948 2507 984 2573 τό
1004 2508 1075 2593 όρος
1092 2506 1129 2572 τό
1142 2507 1238 2581 Σιών,
1263 2511 1316 2573 ε’πί
1328 2507 1369 2573 τά

132 2590 200 2670 άξαι
213 2596 287 2678 ε”θνη
302 2591 352 2655 ἐπί
365 2585 506 2673 πλανὴσει
518 2594 649 2671 ματαίᾳ,
670 2591 721 2653 καὶ
761 2588 817 2674 όρη
830 2588 931 2674 αὐτῆς.
958 2595 972 2636 ⁵
986 2590 1027 2668 ὡς
1040 2592 1127 2674 όρνεα
1139 2584 1292 2672 πετόμενα,
1310 2590 1369 2653 ού-

112 2619 247 2754 διιύξεται
260 2673 373 2748 αύτούς
385 2671 538 2755 πλάνησις,
564 2673 614 2737 καί
627 2668 720 2756 hime-
760 2699 819 2748 τως
834 2669 1009 2755 ῦπερασπιεῖ
1021 2672 1120 2761 κύριος
1133 2669 1271 2760 σαβαώθ,
1288 2668 1367 2759 ὑπὲρ

112 2785 162 2824 ται
187 2755 297 2832 αύτούς
322 2756 401 2820 κατὰ
426 2752 588 2838 πρόςωπον
611 2753 719 2820 αύτιῦν.
755 2754 948 2842 Ἰερουσαλὴμ
964 2757 1146 2844 ύπερασπιιῐ,
1158 2762 1209 2824 καί
1220 2756 1369 2834 ίξιλεῖται,

111 2844 142 2884 ²⁹
155 2841 195 2923 μη
219 2833 383 2912 διαπαντός
407 2838 451 2902 δεῖ
474 2836 547 2920 ὑμᾶς
570 2835 720 2921 εῦσραίνε-
759 2838 1060 2925 καὶπεριποιὴσεται,
1086 2844 1138 2907 καί
1151 2838 1247 2907 σιύσιι.
1272 2842 1370 2905 ὓίπι-

111 2935 203 2998 σθαι,
229 2923 280 2987 καί
298 2917 519 3025 είςπορεύεσθαι
541 2925 579 2995 εἷς
597 2921 635 2984 τὰ
649 2919 720 2999 ίίγιά
759 2921 910 3008 στρυίσ-ητε
923 2929 953 2988 σί
965 2922 1018 3008 την
1029 2930 1157 3010 βαθείαν
1167 2924 1280 3008 βουλίην
1291 2928 1369 3007 βου-

110 3035 168 3088 μου
181 3005 356 3081 διαπαντὸς,
370 3007 434 3081 ωςεί
448 2999 655 3090 ἑορτάζοντας,
669 3008 721 3070 καί
757 3003 906 3090 λευόμενσι
931 3010 981 3072 καί
1006 3006 1117 3089 ἄνομον
1142 3008 1203 3069 υίοί
1230 3003 1365 3089 Ἰσραήλ.

111 3091 178 3165 ὡςεί
209 3087 452 3173 εὐφραινομένους
482 3088 616 3163 εἶςελθεῖν
645 3088 717 3170 μετὰ
757 3087 832 3154 7ότι
852 3095 893 3173 τῆ
912 3087 1005 3173 ἡμέρᾳ
1028 3093 1120 3170 ἐκείνη
1137 3082 1366 3170 άπαρνήσονται

110 3171 206 3238 αῦλοῦ
231 3176 270 3245 είς
295 3167 331 3235 τό
359 3171 431 3257 όρος
448 3176 551 3256 κυρίου
567 3170 645 3256 πρὸς
662 3168 717 3237 τόν
756 3176 788 3237 οῖ
806 3164 964 3258 ἄνθρωποι
986 3170 1026 3237 τά
1049 3160 1240 3256 χειροποίητα
1261 3169 1368 3238 αὐτῶν

109 3255 181 3321 θεὸν
204 3259 260 3321 τοῦ
283 3251 422 3339 Ἰσραηλς
448 3256 479 3298 ³⁰
492 3255 543 3318 καί
568 3252 718 3338 ἀκουστὴν
757 3252 794 3320 τά
819 3254 950 3357 ἀργυρᾶ,
975 3258 1026 3319 καὶ
1047 3252 1086 3319 τά
1111 3259 1305 3338 χειροποίητα
1324 3253 1366 3320 τόι

107 3336 220 3426 ποιησει
245 3332 346 3442 κύριος
370 3338 425 3424 την
443 3334 532 3414 δόξαν
549 3342 600 3421 τῆς
619 3343 717 3422 σωνῆς
754 3343 862 3422 χρυσᾶ,
887 3337 908 3402 ύι
926 3339 1072 3443 ἐποίησαν
1092 3341 1124 3401 αἱ
1141 3348 1230 3423 χεῖρες
1249 3336 1365 3404 αὐτῶν.

110 3423 220 3500 αιἰτοῦ,
246 3448 297 3488 και
316 3423 370 3488 τὸν
382 3419 481 3505 θυμόν
497 3427 552 3486 τοῦ
564 3426 716 3526 βραχίονος
755 3423 835 3487 ιςκαὶ
851 3431 981 3488 πεσεῖται
1002 3417 1140 3506 Ασσοόρ.
1172 3419 1209 3484 σίν
1233 3422 1366 3507 μάχαιρα

109 3506 219 3583 αύτσῦ,
245 3508 335 3584 δεῖξαι
351 3504 425 3591 μετά
443 3511 543 3589 θυμοῦ
563 3508 613 3570 καί
626 3511 716 3589 οργίης
754 3503 877 3592 ἀνδρὸς,
896 3503 967 3570 ούδὲ
980 3502 1110 3591 μάχαιρα
1124 3502 1295 3587 άυθροίπσυ
1307 3531 1363 3568 κα-

108 3595 159 3656 καί
172 3587 285 3670 φλογὸς
298 3586 525 3672 κατεσθιούσης,
543 3585 716 3674 κεραυνιύσει
755 3587 920 3670 ταράγεται
944 3586 1053 3664 αύτὸν,
1080 3592 1131 3653 καί
1154 3584 1289 3669 τεύξεται
1307 3586 1363 3652 οῦκ

106 3677 223 3757 βιαίως,
242 3675 292 3735 καί
307 3669 348 3748 ὡς
361 3672 440 3753 ὕδωρ
453 3674 504 3736 καὶ
516 3669 631 3755 χάλαζα
645 3698 716 3749 συγ-
754 3668 818 3738 άπὸ
837 3667 1002 3760 προςοίπου
1020 3679 1177 3758 μαχαίρας.
1204 3676 1235 3736 οί
1249 3671 1280 3735 δι’
1293 3695 1361 3734 νεα-

107 3757 333 3838 καταᾳερομέυη
344 3760 407 3842 (δία.
421 3753 571 3837 31διόιγόιρ
585 3760 637 3839 τῆς
650 3769 715 3834 σοι·
753 3761 847 3821 νίσκοι
873 3761 995 3823 ἔσονται
1021 3762 1060 3831 είς
1081 3755 1208 3840 ἥττημα,
1233 3755 1360 3835 9πέτρᾳ

107 3841 158 3919 νῆς
180 3842 283 3919 κυρίου
309 3837 534 3938 ηττηθήσονται
555 3839 714 3923 Ἀσσύριοι,
750 3835 809 3922 γάρ
822 3836 1099 3937 περιληᾳιθὴσονται
1112 3836 1152 3914 ὡς
1163 3833 1280 3921 χάρακι»
1306 3838 1363 3900 καὶ

108 3923 147 4024 τῇ
159 3918 259 4010 πληγῇ
271 3913 291 4007 ᾔ
303 3945 340 3982 αν
353 3917 472 4012 πατάξῃ
486 3918 603 4025 αὐτούς.
621 3924 650 3965 ³²
663 3924 715 3986 καί
751 3920 992 4006 ηττηθησονται,
1020 3920 1038 3988 ὁ
1061 3923 1093 3987 δὲ
1110 3920 1224 4004 αεύγων
1242 3913 1361 3982 ἁλώσε-

106 4005 191 4067 ἐσται
205 4001 290 4083 αὐτῷ
302 4002 464 4074 κυκλόθεν,
480 4002 714 4106 ίίθενηναύτιῦν
751 4031 809 4069 ται.
840 4003 911 4070 τάδε
930 4007 1008 4083 λέγει
1028 4005 1135 4091 κύριος.
1165 3997 1307 4086 μακάριος
1327 3999 1363 4079 ὃς

95 4083 124 4169 ἢ
138 4085 220 4158 ἐλπίς
232 4087 284 4165 τῆς
295 4087 445 4167 βοηθείας,
455 4086 498 4164 ἐφ’
510 4078 530 4168 ἦ
544 4085 634 4161 αυτὸς
646 4090 714 4152 ἕπε·
750 4092 804 4172 ἔχει
817 4092 849 4153 ἐν
861 4088 943 4152 Σιὼν
962 4093 1096 4172 σπέρμα,
1123 4089 1173 4153 καί
1193 4090 1317 4161 οίκείους
1331 4090 1363 4152 ἐν

104 4174 218 4233 πσίθει.
244 4163 335 4230 αῦτοὶ
346 4166 418 4248 μετά
433 4157 595 4249 τυμπάνων
606 4172 656 4233 καί
668 4197 713 4233 κι-
744 4168 950 4257 Ἰερουσαλήμ.

104 4249 207 4335 θάρας
227 4245 444 4330 πολεμήσουσιν
461 4249 556 4315 αὐτόν
572 4255 604 4316 ἐκ
622 4276 712 4334 μετα·
768 4262 780 4289 ⁹
923 4261 955 4318 Κ
970 4262 999 4319 E
1011 4260 1050 4319 Φ.
1092 4252 1181 4320 AB'.

102 4335 203 4420 βολῆς·
223 4329 711 4426 33θ’)7519πρὸίχμιριῦνσίπαιτη-
748 4304 788 4400 I
791 4339 846 4404 δοῦ
864 4334 921 4420 γάρ
940 4338 1076 4423 βασιλεύς
1095 4338 1208 4412 δίκαιος
1218 4337 1362 4422 βασιλεύ-

103 4415 193 4508 θηση.
201 4417 298 4502 μηκαί
306 4411 534 4500 σοίῖητοιμασθη
543 4416 711 4501 βασιλεύειν,
747 4448 807 4498 σει,
832 4425 883 4486 καί
910 4422 1048 4505 άρχοντες
1069 4421 1144 4504 μετά
1162 4428 1284 4504 κρίσεως
1302 4421 1364 4524 σ’ίρ-

102 4495 245 4590 φάραγγα
256 4504 399 4587 βαθείαν,
424 4496 500 4579 ξύλα
513 4504 637 4585 κείμενα,
650 4506 711 4591 πῦρ
747 4505 841 4581 ξουσι.
869 4508 947 4570 2καί
964 4509 1049 4571 ε”σται
1066 4503 1084 4570 ὁ
1102 4503 1269 4592 ἅνθρωπος
1287 4531 1361 4589 κρυ·

1271 4613 1362 4654 πτων
