<?xml version="1.0" encoding="UTF-8"?>
<!DOCTYPE html PUBLIC "-//W3C//DTD XHTML 1.0 Transitional//EN"
    "http://www.w3.org/TR/xhtml1/DTD/xhtml1-transitional.dtd">
<html xmlns="http://www.w3.org/1999/xhtml" xml:lang="en" lang="en">
 <head>
  <title>
</title>
<meta http-equiv="Content-Type" content="text/html;charset=utf-8" />
  <meta name='ocr-system' content='tesseract 3.04.00' />
  <meta name='ocr-capabilities' content='ocr_page ocr_carea ocr_par ocr_line ocrx_word'/>
</head>
<body>
  <div class='ocr_page' id='page_1' title='image "./vetustestamentu00essgoog_0500.png"; bbox 0 0 2924 4972; ppageno 0'>
   <div class='ocr_carea' id='block_1_1' title="bbox 216 250 1318 333">
    <p class='ocr_par' dir='ltr' id='par_1_1' title="bbox 216 250 1318 333">
     <span class='ocr_line' id='line_1_1' title="bbox 216 250 1318 333; baseline 0.007 -19"><span class='ocrx_word' id='word_1_1' title='bbox 216 252 862 317; x_wconf 74' lang='grc' dir='ltr'><strong><em>πΑΡΛΛυιποΜυΝινντισυπ</em></strong></span> <span class='ocrx_word' id='word_1_2' title='bbox 906 250 1171 333; x_wconf 70' lang='grc' dir='ltr'><strong><em>ιιιφ.ς’.ς.6.7.</em></strong></span> <span class='ocrx_word' id='word_1_3' title='bbox 1256 256 1318 322; x_wconf 77' lang='grc' dir='ltr'><strong><em>ιιι</em></strong></span> 
     </span>
    </p>
   </div>
   <div class='ocr_carea' id='block_1_2' title="bbox 67 364 1337 4660">
    <p class='ocr_par' dir='ltr' id='par_1_2' title="bbox 67 364 1337 4660">
     <span class='ocr_line' id='line_1_2' title="bbox 72 364 1320 474; baseline 0.004 -43"><span class='ocrx_word' id='word_1_4' title='bbox 72 393 143 442; x_wconf 91' lang='grc' dir='ltr'><strong><em>σεως</em></strong></span> <span class='ocrx_word' id='word_1_5' title='bbox 154 364 263 443; x_wconf 84' lang='grc' dir='ltr'><strong><em>αύτῶν,</em></strong></span> <span class='ocrx_word' id='word_1_6' title='bbox 277 369 329 432; x_wconf 85' lang='grc' dir='ltr'><strong><em>καί</em></strong></span> <span class='ocrx_word' id='word_1_7' title='bbox 340 365 473 455; x_wconf 70' lang='grc' dir='ltr'><strong><em>ποιήσεις</em></strong></span> <span class='ocrx_word' id='word_1_8' title='bbox 485 365 522 433; x_wconf 86' lang='grc' dir='ltr'><strong><em>τό</em></strong></span> <span class='ocrx_word' id='word_1_9' title='bbox 533 369 680 474; x_wconf 84' lang='grc' dir='ltr'><strong><em>δικαίωμα</em></strong></span> <span class='ocrx_word' id='word_1_10' title='bbox 712 366 730 433; x_wconf 84' lang='grc' dir='ltr'><strong>ὁ</strong></span> <span class='ocrx_word' id='word_1_11' title='bbox 743 369 878 456; x_wconf 75' lang='grc' dir='ltr'><strong><em>βασιλεὺς</em></strong></span> <span class='ocrx_word' id='word_1_12' title='bbox 889 373 940 435; x_wconf 85' lang='grc' dir='ltr'><strong><em>καὶ</em></strong></span> <span class='ocrx_word' id='word_1_13' title='bbox 948 376 1009 447; x_wconf 90' lang='grc' dir='ltr'><strong><em>πάς</em></strong></span> <span class='ocrx_word' id='word_1_14' title='bbox 1018 366 1036 435; x_wconf 86' lang='grc' dir='ltr'><strong>ὁ</strong></span> <span class='ocrx_word' id='word_1_15' title='bbox 1046 371 1119 446; x_wconf 88' lang='grc' dir='ltr'><strong><em>λαὸς</em></strong></span> <span class='ocrx_word' id='word_1_16' title='bbox 1127 368 1250 447; x_wconf 90' lang='grc' dir='ltr'><strong><em>θύοντες</em></strong></span> <span class='ocrx_word' id='word_1_17' title='bbox 1258 369 1320 436; x_wconf 80' lang='grc' dir='ltr'><strong><em>θύ·</em></strong></span> 
     </span>
     <span class='ocr_line' id='line_1_3' title="bbox 71 447 1321 541; baseline 0.005 -25"><span class='ocrx_word' id='word_1_18' title='bbox 71 447 181 516; x_wconf 77' lang='grc' dir='ltr'><strong><em>αὐτῶν.</em></strong></span> <span class='ocrx_word' id='word_1_19' title='bbox 207 451 238 493; x_wconf 75' lang='lat'><strong><em>³⁰</em></strong></span> <span class='ocrx_word' id='word_1_20' title='bbox 249 448 297 516; x_wconf 82' lang='grc' dir='ltr'><strong><em>ότι</em></strong></span> <span class='ocrx_word' id='word_1_21' title='bbox 310 447 535 537; x_wconf 79' lang='grc' dir='ltr'><strong><em>άμαρτησονταί</em></strong></span> <span class='ocrx_word' id='word_1_22' title='bbox 547 476 609 528; x_wconf 92' lang='grc' dir='ltr'><strong><em>σοι,</em></strong></span> <span class='ocrx_word' id='word_1_23' title='bbox 632 448 680 516; x_wconf 90' lang='grc' dir='ltr'><strong><em>ότι</em></strong></span> <span class='ocrx_word' id='word_1_24' title='bbox 710 479 793 535; x_wconf 88' lang='grc' dir='ltr'><strong><em>ματα</em></strong></span> <span class='ocrx_word' id='word_1_25' title='bbox 812 457 908 518; x_wconf 80' lang='grc' dir='ltr'><strong><em>ε”ναντι</em></strong></span> <span class='ocrx_word' id='word_1_26' title='bbox 925 461 1036 541; x_wconf 90' lang='grc' dir='ltr'><strong><em>κυρίου.</em></strong></span> <span class='ocrx_word' id='word_1_27' title='bbox 1067 454 1146 519; x_wconf 68' lang='grc' dir='ltr'><strong><em>ὅκαί</em></strong></span> <span class='ocrx_word' id='word_1_28' title='bbox 1163 459 1321 522; x_wconf 65' lang='lat' dir='ltr'><strong><em>conatam</em></strong></span> 
     </span>
     <span class='ocr_line' id='line_1_4' title="bbox 71 530 1319 622; baseline 0.003 -24"><span class='ocrx_word' id='word_1_29' title='bbox 71 531 126 598; x_wconf 87' lang='grc' dir='ltr'><strong><em>οῦκ</em></strong></span> <span class='ocrx_word' id='word_1_30' title='bbox 139 535 222 598; x_wconf 79' lang='grc' dir='ltr'><strong><em>ἔσται</em></strong></span> <span class='ocrx_word' id='word_1_31' title='bbox 241 532 405 617; x_wconf 72' lang='grc' dir='ltr'><strong><em>ἅνθρωπος</em></strong></span> <span class='ocrx_word' id='word_1_32' title='bbox 424 531 458 610; x_wconf 78' lang='grc' dir='ltr'><strong><em>ὃς</em></strong></span> <span class='ocrx_word' id='word_1_33' title='bbox 474 532 529 619; x_wconf 88' lang='grc' dir='ltr'><strong><em>ούχ</em></strong></span> <span class='ocrx_word' id='word_1_34' title='bbox 545 530 681 618; x_wconf 73' lang='grc' dir='ltr'><strong><em>ἁμαρτη-</em></strong></span> <span class='ocrx_word' id='word_1_35' title='bbox 712 530 880 621; x_wconf 73' lang='grc' dir='ltr'><strong><em>ὅβασιλεύς</em></strong></span> <span class='ocrx_word' id='word_1_36' title='bbox 1017 536 1047 601; x_wconf 73' lang='lat' dir='ltr'><strong><em>&#39;r</em></strong></span> <span class='ocrx_word' id='word_1_37' title='bbox 1064 534 1119 622; x_wconf 74' lang='grc' dir='ltr'><strong><em>την</em></strong></span> <span class='ocrx_word' id='word_1_38' title='bbox 1139 544 1249 602; x_wconf 88' lang='grc' dir='ltr'><strong><em>θυσίαν</em></strong></span> <span class='ocrx_word' id='word_1_39' title='bbox 1261 534 1319 620; x_wconf 87' lang='grc' dir='ltr'><strong><em>μό-</em></strong></span> 
     </span>
     <span class='ocr_line' id='line_1_5' title="bbox 72 612 1319 706; baseline 0.003 -25"><span class='ocrx_word' id='word_1_40' title='bbox 72 641 163 691; x_wconf 88' lang='grc' dir='ltr'><strong><em>σεται,</em></strong></span> <span class='ocrx_word' id='word_1_41' title='bbox 175 619 227 681; x_wconf 84' lang='grc' dir='ltr'><strong><em>καί</em></strong></span> <span class='ocrx_word' id='word_1_42' title='bbox 240 612 381 694; x_wconf 89' lang='grc' dir='ltr'><strong><em>πατάξεις</em></strong></span> <span class='ocrx_word' id='word_1_43' title='bbox 393 615 503 694; x_wconf 84' lang='grc' dir='ltr'><strong><em>αύτούς</em></strong></span> <span class='ocrx_word' id='word_1_44' title='bbox 515 618 567 682; x_wconf 84' lang='grc' dir='ltr'><strong><em>καί</em></strong></span> <span class='ocrx_word' id='word_1_45' title='bbox 578 643 680 703; x_wconf 87' lang='grc' dir='ltr'><strong><em>παρα·</em></strong></span> <span class='ocrx_word' id='word_1_46' title='bbox 712 641 789 702; x_wconf 83' lang='grc' dir='ltr'><strong><em>οχων</em></strong></span> <span class='ocrx_word' id='word_1_47' title='bbox 799 619 891 684; x_wconf 85' lang='grc' dir='ltr'><strong><em>εἴκοσι</em></strong></span> <span class='ocrx_word' id='word_1_48' title='bbox 909 624 960 685; x_wconf 82' lang='grc' dir='ltr'><strong><em>καί</em></strong></span> <span class='ocrx_word' id='word_1_49' title='bbox 991 622 1026 686; x_wconf 91' lang='grc' dir='ltr'><strong><em>ύο</em></strong></span> <span class='ocrx_word' id='word_1_50' title='bbox 1038 615 1186 706; x_wconf 87' lang='grc' dir='ltr'><strong><em>χιλιάδας,</em></strong></span> <span class='ocrx_word' id='word_1_51' title='bbox 1210 624 1319 705; x_wconf 77' lang='grc' dir='ltr'><strong><em>βοσκη-</em></strong></span> 
     </span>
     <span class='ocr_line' id='line_1_6' title="bbox 71 695 1320 788; baseline 0.003 -24"><span class='ocrx_word' id='word_1_52' title='bbox 71 695 292 775; x_wconf 84' lang='grc' dir='ltr'><strong><em>δώσειςαῦτοῦς</em></strong></span> <span class='ocrx_word' id='word_1_53' title='bbox 298 700 377 765; x_wconf 85' lang='grc' dir='ltr'><strong><em>κατά</em></strong></span> <span class='ocrx_word' id='word_1_54' title='bbox 385 696 547 788; x_wconf 89' lang='grc' dir='ltr'><strong><em>πρόςωπον</em></strong></span> <span class='ocrx_word' id='word_1_55' title='bbox 554 703 679 787; x_wconf 70' lang='grc' dir='ltr'><strong><em>ἐχθροῖν,</em></strong></span> <span class='ocrx_word' id='word_1_56' title='bbox 710 695 813 782; x_wconf 89' lang='grc' dir='ltr'><strong><em>μάτων</em></strong></span> <span class='ocrx_word' id='word_1_57' title='bbox 825 701 934 766; x_wconf 70' lang='grc' dir='ltr'><strong><em>ἑκατὸν</em></strong></span> <span class='ocrx_word' id='word_1_58' title='bbox 943 704 995 767; x_wconf 82' lang='grc' dir='ltr'><strong><em>καί</em></strong></span> <span class='ocrx_word' id='word_1_59' title='bbox 1006 704 1096 769; x_wconf 82' lang='grc' dir='ltr'><strong><em>εἴκοσι</em></strong></span> <span class='ocrx_word' id='word_1_60' title='bbox 1108 701 1252 788; x_wconf 85' lang='grc' dir='ltr'><strong><em>χιλιάδας,</em></strong></span> <span class='ocrx_word' id='word_1_61' title='bbox 1266 703 1320 768; x_wconf 86' lang='grc' dir='ltr'><strong><em>καλ</em></strong></span> 
     </span>
     <span class='ocr_line' id='line_1_7' title="bbox 69 780 1318 873; baseline 0.003 -27"><span class='ocrx_word' id='word_1_62' title='bbox 69 785 121 847; x_wconf 90' lang='grc' dir='ltr'><strong><em>καί</em></strong></span> <span class='ocrx_word' id='word_1_63' title='bbox 139 780 424 867; x_wconf 82' lang='grc' dir='ltr'><strong><em>αἰχμαλωτεύσουσιν</em></strong></span> <span class='ocrx_word' id='word_1_64' title='bbox 440 781 552 860; x_wconf 86' lang='grc' dir='ltr'><strong><em>αύτούς</em></strong></span> <span class='ocrx_word' id='word_1_65' title='bbox 570 789 600 849; x_wconf 91' lang='grc' dir='ltr'><strong><em>οί</em></strong></span> <span class='ocrx_word' id='word_1_66' title='bbox 613 789 679 868; x_wconf 73' lang='grc' dir='ltr'><strong><em>αἰχ·</em></strong></span> <span class='ocrx_word' id='word_1_67' title='bbox 711 788 864 849; x_wconf 78' lang='grc' dir='ltr'><strong><em>ἐνεκαίνισε</em></strong></span> <span class='ocrx_word' id='word_1_68' title='bbox 880 783 933 850; x_wconf 83' lang='grc' dir='ltr'><strong><em>τὸν</em></strong></span> <span class='ocrx_word' id='word_1_69' title='bbox 944 783 1029 850; x_wconf 75' lang='grc' dir='ltr'><strong><em>οἶκον</em></strong></span> <span class='ocrx_word' id='word_1_70' title='bbox 1041 792 1095 850; x_wconf 91' lang='grc' dir='ltr'><strong><em>τοῦ</em></strong></span> <span class='ocrx_word' id='word_1_71' title='bbox 1108 792 1182 852; x_wconf 88' lang='grc' dir='ltr'><strong><em>θεοῦ</em></strong></span> <span class='ocrx_word' id='word_1_72' title='bbox 1200 781 1318 873; x_wconf 76' lang='grc' dir='ltr'><strong><em>ὁβοσι-</em></strong></span> 
     </span>
     <span class='ocr_line' id='line_1_8' title="bbox 68 862 1319 975; baseline 0.003 -45"><span class='ocrx_word' id='word_1_73' title='bbox 68 864 286 948; x_wconf 88' lang='grc' dir='ltr'><strong><em>μαλωτεύοντες</em></strong></span> <span class='ocrx_word' id='word_1_74' title='bbox 303 864 413 944; x_wconf 86' lang='grc' dir='ltr'><strong><em>αύτούς</em></strong></span> <span class='ocrx_word' id='word_1_75' title='bbox 435 872 473 943; x_wconf 78' lang='grc' dir='ltr'><strong><em>εἷς</em></strong></span> <span class='ocrx_word' id='word_1_76' title='bbox 490 871 547 951; x_wconf 73' lang='grc' dir='ltr'><strong><em>γῆν</em></strong></span> <span class='ocrx_word' id='word_1_77' title='bbox 563 870 679 975; x_wconf 79' lang='grc' dir='ltr'><strong><em>ἐχθρῶν</em></strong></span> <span class='ocrx_word' id='word_1_78' title='bbox 711 864 776 941; x_wconf 79' lang='grc' dir='ltr'><strong><em>λεύς</em></strong></span> <span class='ocrx_word' id='word_1_79' title='bbox 794 869 846 931; x_wconf 78' lang='grc' dir='ltr'><strong><em>καί</em></strong></span> <span class='ocrx_word' id='word_1_80' title='bbox 861 873 923 942; x_wconf 85' lang='grc' dir='ltr'><strong><em>πᾶς</em></strong></span> <span class='ocrx_word' id='word_1_81' title='bbox 940 862 1052 943; x_wconf 83' lang='grc' dir='ltr'><strong><em>δλαός.</em></strong></span> <span class='ocrx_word' id='word_1_82' title='bbox 1090 871 1171 935; x_wconf 61' lang='grc' dir='ltr'><strong><em>θκαλ</em></strong></span> <span class='ocrx_word' id='word_1_83' title='bbox 1187 875 1218 936; x_wconf 88' lang='grc' dir='ltr'><strong><em>οί</em></strong></span> <span class='ocrx_word' id='word_1_84' title='bbox 1235 875 1319 955; x_wconf 78' lang='grc' dir='ltr'><strong><em>ίερεῖς</em></strong></span> 
     </span>
     <span class='ocr_line' id='line_1_9' title="bbox 69 946 1318 1036; baseline 0.005 -24"><span class='ocrx_word' id='word_1_85' title='bbox 69 954 109 1024; x_wconf 85' lang='grc' dir='ltr'><strong><em>είς</em></strong></span> <span class='ocrx_word' id='word_1_86' title='bbox 133 954 188 1033; x_wconf 82' lang='grc' dir='ltr'><strong><em>γῆν</em></strong></span> <span class='ocrx_word' id='word_1_87' title='bbox 203 951 321 1035; x_wconf 85' lang='grc' dir='ltr'><strong><em>μακρὰν</em></strong></span> <span class='ocrx_word' id='word_1_88' title='bbox 339 951 358 1035; x_wconf 83' lang='grc' dir='ltr'><em>ἢ</em></span> <span class='ocrx_word' id='word_1_89' title='bbox 376 949 475 1030; x_wconf 81' lang='grc' dir='ltr'><strong><em>ἐγγύς,</em></strong></span> <span class='ocrx_word' id='word_1_90' title='bbox 501 953 531 994; x_wconf 81' lang='lat'><strong><em>³⁷</em></strong></span> <span class='ocrx_word' id='word_1_91' title='bbox 542 975 594 1014; x_wconf 91' lang='grc' dir='ltr'><strong><em>και</em></strong></span> <span class='ocrx_word' id='word_1_92' title='bbox 612 954 678 1015; x_wconf 78' lang='grc' dir='ltr'><strong><em>ίπι-</em></strong></span> <span class='ocrx_word' id='word_1_93' title='bbox 711 951 761 1014; x_wconf 74' lang='grc' dir='ltr'><strong><em>ἐπὶ</em></strong></span> <span class='ocrx_word' id='word_1_94' title='bbox 773 948 828 1024; x_wconf 84' lang='grc' dir='ltr'><strong><em>τάς</em></strong></span> <span class='ocrx_word' id='word_1_95' title='bbox 840 946 974 1030; x_wconf 84' lang='grc' dir='ltr'><strong><em>φυλακάς</em></strong></span> <span class='ocrx_word' id='word_1_96' title='bbox 985 947 1255 1036; x_wconf 78' lang='grc' dir='ltr'><strong><em>αῦτώνίοτηκότες,</em></strong></span> <span class='ocrx_word' id='word_1_97' title='bbox 1266 955 1318 1018; x_wconf 83' lang='grc' dir='ltr'><strong><em>καί</em></strong></span> 
     </span>
     <span class='ocr_line' id='line_1_10' title="bbox 70 1030 1318 1125; baseline 0.002 -28"><span class='ocrx_word' id='word_1_98' title='bbox 70 1034 224 1115; x_wconf 80' lang='grc' dir='ltr'><strong><em>στρέψωσι</em></strong></span> <span class='ocrx_word' id='word_1_99' title='bbox 234 1035 359 1120; x_wconf 89' lang='grc' dir='ltr'><strong><em>καρδίαν</em></strong></span> <span class='ocrx_word' id='word_1_100' title='bbox 370 1033 608 1125; x_wconf 75' lang='grc' dir='ltr'><strong><em>αῦτῷνέντῇγῇ</em></strong></span> <span class='ocrx_word' id='word_1_101' title='bbox 622 1031 680 1098; x_wconf 90' lang='grc' dir='ltr'><strong><em>αύ-</em></strong></span> <span class='ocrx_word' id='word_1_102' title='bbox 712 1037 744 1098; x_wconf 82' lang='grc' dir='ltr'><strong><em>οί</em></strong></span> <span class='ocrx_word' id='word_1_103' title='bbox 760 1038 887 1097; x_wconf 79' lang='grc' dir='ltr'><strong><em>Λευῖται</em></strong></span> <span class='ocrx_word' id='word_1_104' title='bbox 904 1035 936 1096; x_wconf 80' lang='grc' dir='ltr'><strong><em>ἒν</em></strong></span> <span class='ocrx_word' id='word_1_105' title='bbox 953 1030 1093 1115; x_wconf 75' lang='grc' dir='ltr'><strong><em>ὀργάνοις</em></strong></span> <span class='ocrx_word' id='word_1_106' title='bbox 1109 1032 1195 1117; x_wconf 81' lang='grc' dir='ltr'><strong><em>ῷδιῦν</em></strong></span> <span class='ocrx_word' id='word_1_107' title='bbox 1215 1042 1318 1120; x_wconf 88' lang='grc' dir='ltr'><strong><em>κυρίου</em></strong></span> 
     </span>
     <span class='ocr_line' id='line_1_11' title="bbox 71 1107 1318 1200; baseline 0.001 -23"><span class='ocrx_word' id='word_1_108' title='bbox 71 1119 132 1177; x_wconf 87' lang='grc' dir='ltr'><strong><em>τῶν</em></strong></span> <span class='ocrx_word' id='word_1_109' title='bbox 148 1107 185 1178; x_wconf 81' lang='grc' dir='ltr'><strong><em>οῦ</em></strong></span> <span class='ocrx_word' id='word_1_110' title='bbox 201 1111 315 1200; x_wconf 78' lang='grc' dir='ltr'><strong><em>μετήχθ</em></strong></span> <span class='ocrx_word' id='word_1_111' title='bbox 334 1141 390 1182; x_wconf 90' lang='grc' dir='ltr'><strong><em>σαν</em></strong></span> <span class='ocrx_word' id='word_1_112' title='bbox 404 1122 476 1191; x_wconf 78' lang='grc' dir='ltr'><strong><em>ἐκεί,</em></strong></span> <span class='ocrx_word' id='word_1_113' title='bbox 501 1122 555 1180; x_wconf 89' lang='grc' dir='ltr'><strong><em>καί</em></strong></span> <span class='ocrx_word' id='word_1_114' title='bbox 570 1140 602 1193; x_wconf 88' lang='grc' dir='ltr'><strong><em>γε</em></strong></span> <span class='ocrx_word' id='word_1_115' title='bbox 614 1120 678 1181; x_wconf 84' lang='grc' dir='ltr'><strong><em>ε’πι-</em></strong></span> <span class='ocrx_word' id='word_1_116' title='bbox 711 1119 768 1180; x_wconf 92' lang='grc' dir='ltr'><strong><em>τοῦ</em></strong></span> <span class='ocrx_word' id='word_1_117' title='bbox 781 1116 880 1180; x_wconf 81' lang='grc' dir='ltr'><strong><em>Λαυίδ</em></strong></span> <span class='ocrx_word' id='word_1_118' title='bbox 893 1119 946 1179; x_wconf 90' lang='grc' dir='ltr'><strong><em>τοῦ</em></strong></span> <span class='ocrx_word' id='word_1_119' title='bbox 957 1114 1117 1200; x_wconf 75' lang='grc' dir='ltr'><strong><em>βασιλέως,</em></strong></span> <span class='ocrx_word' id='word_1_120' title='bbox 1140 1120 1196 1180; x_wconf 91' lang='grc' dir='ltr'><strong><em>τοῦ</em></strong></span> <span class='ocrx_word' id='word_1_121' title='bbox 1215 1120 1318 1199; x_wconf 74' lang='grc' dir='ltr'><strong><em>ἐξομο-</em></strong></span> 
     </span>
     <span class='ocr_line' id='line_1_12' title="bbox 74 1145 1319 1292; baseline 0.002 -32"><span class='ocrx_word' id='word_1_122' title='bbox 74 1220 111 1260; x_wconf 87' lang='grc' dir='ltr'><strong><em>οτ</em></strong></span> <span class='ocrx_word' id='word_1_123' title='bbox 130 1199 226 1280; x_wconf 82' lang='grc' dir='ltr'><strong><em>έψωσι</em></strong></span> <span class='ocrx_word' id='word_1_124' title='bbox 240 1202 292 1262; x_wconf 83' lang='grc' dir='ltr'><strong><em>καί</em></strong></span> <span class='ocrx_word' id='word_1_125' title='bbox 311 1145 341 1263; x_wconf 80' lang='grc' dir='ltr'><strong><em>όε</em></strong></span> <span class='ocrx_word' id='word_1_126' title='bbox 362 1204 441 1264; x_wconf 84' lang='grc' dir='ltr'><strong><em>θῶσί</em></strong></span> <span class='ocrx_word' id='word_1_127' title='bbox 454 1224 508 1264; x_wconf 87' lang='grc' dir='ltr'><strong><em>σου</em></strong></span> <span class='ocrx_word' id='word_1_128' title='bbox 521 1201 551 1262; x_wconf 76' lang='grc' dir='ltr'><strong><em>ἐν</em></strong></span> <span class='ocrx_word' id='word_1_129' title='bbox 564 1203 601 1292; x_wconf 77' lang='grc' dir='ltr'><strong><em>τῇ</em></strong></span> <span class='ocrx_word' id='word_1_130' title='bbox 614 1202 679 1282; x_wconf 83' lang='grc' dir='ltr'><strong><em>αίχ·</em></strong></span> <span class='ocrx_word' id='word_1_131' title='bbox 711 1197 868 1276; x_wconf 84' lang='grc' dir='ltr'><strong><em>λογεῖσθαι</em></strong></span> <span class='ocrx_word' id='word_1_132' title='bbox 886 1201 983 1262; x_wconf 79' lang='grc' dir='ltr'><strong><em>ἔναντι</em></strong></span> <span class='ocrx_word' id='word_1_133' title='bbox 999 1202 1119 1280; x_wconf 79' lang='grc' dir='ltr'><strong>κυρίου,</strong></span> <span class='ocrx_word' id='word_1_134' title='bbox 1145 1193 1193 1261; x_wconf 81' lang='grc' dir='ltr'><strong><em>ότι</em></strong></span> <span class='ocrx_word' id='word_1_135' title='bbox 1209 1203 1249 1273; x_wconf 83' lang='grc' dir='ltr'><strong><em>είς</em></strong></span> <span class='ocrx_word' id='word_1_136' title='bbox 1265 1199 1319 1263; x_wconf 86' lang='grc' dir='ltr'><strong><em>τὸν</em></strong></span> 
     </span>
     <span class='ocr_line' id='line_1_13' title="bbox 71 1226 1320 1366; baseline 0.004 -25"><span class='ocrx_word' id='word_1_137' title='bbox 71 1305 115 1360; x_wconf 93' lang='grc' dir='ltr'><strong><em>μα</em></strong></span> <span class='ocrx_word' id='word_1_138' title='bbox 160 1284 209 1361; x_wconf 81' lang='grc' dir='ltr'><strong><em>σία</em></strong></span> <span class='ocrx_word' id='word_1_139' title='bbox 223 1277 333 1356; x_wconf 79' lang='grc' dir='ltr'><strong><em>αὐτῶν,</em></strong></span> <span class='ocrx_word' id='word_1_140' title='bbox 342 1226 486 1358; x_wconf 65' lang='grc' dir='ltr'><strong><em>λέγοντες.</em></strong></span> <span class='ocrx_word' id='word_1_141' title='bbox 505 1277 678 1366; x_wconf 73' lang='grc' dir='ltr'><strong><em>ἡμάρτομεν,</em></strong></span> <span class='ocrx_word' id='word_1_142' title='bbox 712 1285 809 1346; x_wconf 80' lang='grc' dir='ltr'><strong><em>αίυῦνα</em></strong></span> <span class='ocrx_word' id='word_1_143' title='bbox 822 1279 857 1345; x_wconf 89' lang='grc' dir='ltr'><strong><em>τὸ</em></strong></span> <span class='ocrx_word' id='word_1_144' title='bbox 870 1281 954 1356; x_wconf 83' lang='grc' dir='ltr'><strong><em>ὲλεος</em></strong></span> <span class='ocrx_word' id='word_1_145' title='bbox 968 1277 1078 1355; x_wconf 79' lang='grc' dir='ltr'><strong><em>αὐτοῦ,</em></strong></span> <span class='ocrx_word' id='word_1_146' title='bbox 1101 1281 1132 1343; x_wconf 79' lang='grc' dir='ltr'><strong><em>ἐν</em></strong></span> <span class='ocrx_word' id='word_1_147' title='bbox 1145 1276 1242 1360; x_wconf 84' lang='grc' dir='ltr'><strong><em>ύμνοις</em></strong></span> <span class='ocrx_word' id='word_1_148' title='bbox 1253 1286 1320 1346; x_wconf 84' lang='grc' dir='ltr'><strong><em>Δα-</em></strong></span> 
     </span>
     <span class='ocr_line' id='line_1_14' title="bbox 71 1356 1319 1467; baseline 0.003 -42"><span class='ocrx_word' id='word_1_149' title='bbox 71 1356 269 1443; x_wconf 78' lang='grc' dir='ltr'><strong><em>ἠνομήσαμεν,</em></strong></span> <span class='ocrx_word' id='word_1_150' title='bbox 294 1361 476 1467; x_wconf 73' lang='grc' dir='ltr'><strong><em>ἢδικησαμεν.</em></strong></span> <span class='ocrx_word' id='word_1_151' title='bbox 501 1365 532 1407; x_wconf 81' lang='lat'><strong><em>³⁸</em></strong></span> <span class='ocrx_word' id='word_1_152' title='bbox 544 1366 597 1429; x_wconf 88' lang='grc' dir='ltr'><strong><em>καί</em></strong></span> <span class='ocrx_word' id='word_1_153' title='bbox 615 1368 681 1429; x_wconf 75' lang='grc' dir='ltr'><strong><em>ἐπι·</em></strong></span> <span class='ocrx_word' id='word_1_154' title='bbox 712 1365 761 1429; x_wconf 82' lang='grc' dir='ltr'><strong><em>υἱδ</em></strong></span> <span class='ocrx_word' id='word_1_155' title='bbox 770 1361 923 1450; x_wconf 85' lang='grc' dir='ltr'><strong><em>διάχειρὸς</em></strong></span> <span class='ocrx_word' id='word_1_156' title='bbox 931 1361 1099 1428; x_wconf 72' lang='grc' dir='ltr'><strong><em>αὐτῶνκαὶ</em></strong></span> <span class='ocrx_word' id='word_1_157' title='bbox 1110 1362 1319 1447; x_wconf 80' lang='grc' dir='ltr'><strong><em>οίίερεῖςοαλ-</em></strong></span> 
     </span>
     <span class='ocr_line' id='line_1_15' title="bbox 72 1442 1318 1548; baseline 0.002 -39"><span class='ocrx_word' id='word_1_158' title='bbox 72 1448 226 1548; x_wconf 81' lang='grc' dir='ltr'><strong><em>στρέψωσι</em></strong></span> <span class='ocrx_word' id='word_1_159' title='bbox 246 1446 325 1530; x_wconf 86' lang='grc' dir='ltr'><strong><em>πρὸς</em></strong></span> <span class='ocrx_word' id='word_1_160' title='bbox 344 1472 378 1512; x_wconf 85' lang='grc' dir='ltr'><strong><em>σε</em></strong></span> <span class='ocrx_word' id='word_1_161' title='bbox 396 1451 428 1512; x_wconf 81' lang='grc' dir='ltr'><strong><em>ἕν</em></strong></span> <span class='ocrx_word' id='word_1_162' title='bbox 440 1444 496 1540; x_wconf 80' lang='grc' dir='ltr'><strong><em>ῦλη</em></strong></span> <span class='ocrx_word' id='word_1_163' title='bbox 509 1447 617 1534; x_wconf 78' lang='grc' dir='ltr'><strong><em>καρδίη</em></strong></span> <span class='ocrx_word' id='word_1_164' title='bbox 630 1448 681 1512; x_wconf 85' lang='grc' dir='ltr'><strong><em>καί</em></strong></span> <span class='ocrx_word' id='word_1_165' title='bbox 712 1450 843 1524; x_wconf 71' lang='grc' dir='ltr'><strong><em>στίζοντες</em></strong></span> <span class='ocrx_word' id='word_1_166' title='bbox 860 1459 927 1522; x_wconf 83' lang='grc' dir='ltr'><strong><em>ταῖς</em></strong></span> <span class='ocrx_word' id='word_1_167' title='bbox 941 1442 1097 1523; x_wconf 73' lang='grc' dir='ltr'><strong><em>σάλπιγξιν</em></strong></span> <span class='ocrx_word' id='word_1_168' title='bbox 1112 1449 1244 1512; x_wconf 74' lang='grc' dir='ltr'><strong><em>ἐναντίον</em></strong></span> <span class='ocrx_word' id='word_1_169' title='bbox 1263 1445 1318 1512; x_wconf 86' lang='grc' dir='ltr'><strong><em>αῦ-</em></strong></span> 
     </span>
     <span class='ocr_line' id='line_1_16' title="bbox 71 1525 1319 1635; baseline 0.002 -44"><span class='ocrx_word' id='word_1_170' title='bbox 71 1532 104 1592; x_wconf 78' lang='grc' dir='ltr'><strong><em>ἕν</em></strong></span> <span class='ocrx_word' id='word_1_171' title='bbox 115 1525 172 1623; x_wconf 86' lang='grc' dir='ltr'><strong><em>όλη</em></strong></span> <span class='ocrx_word' id='word_1_172' title='bbox 182 1533 267 1635; x_wconf 77' lang='grc' dir='ltr'><strong><em>ψυχῇ</em></strong></span> <span class='ocrx_word' id='word_1_173' title='bbox 276 1528 378 1596; x_wconf 83' lang='grc' dir='ltr'><strong><em>αύτῷν</em></strong></span> <span class='ocrx_word' id='word_1_174' title='bbox 389 1534 466 1635; x_wconf 69' lang='grc' dir='ltr'><strong><em>ίνγῷ</em></strong></span> <span class='ocrx_word' id='word_1_175' title='bbox 478 1531 680 1616; x_wconf 78' lang='grc' dir='ltr'><strong><em>αλχμαλωτευ-</em></strong></span> <span class='ocrx_word' id='word_1_176' title='bbox 711 1536 786 1607; x_wconf 83' lang='grc' dir='ltr'><strong><em>τών,</em></strong></span> <span class='ocrx_word' id='word_1_177' title='bbox 804 1535 856 1597; x_wconf 82' lang='grc' dir='ltr'><strong><em>καί</em></strong></span> <span class='ocrx_word' id='word_1_178' title='bbox 867 1535 928 1606; x_wconf 87' lang='grc' dir='ltr'><strong><em>πάς</em></strong></span> <span class='ocrx_word' id='word_1_179' title='bbox 937 1527 1060 1616; x_wconf 77' lang='grc' dir='ltr'><strong><em>Ἰσραὴλ</em></strong></span> <span class='ocrx_word' id='word_1_180' title='bbox 1073 1525 1211 1614; x_wconf 83' lang='grc' dir='ltr'><strong><em>ίατηκώς.</em></strong></span> <span class='ocrx_word' id='word_1_181' title='bbox 1239 1531 1319 1596; x_wconf 73' lang='grc' dir='ltr'><strong><em>7καί</em></strong></span> 
     </span>
     <span class='ocr_line' id='line_1_17' title="bbox 71 1608 1317 1718; baseline 0.001 -42"><span class='ocrx_word' id='word_1_182' title='bbox 71 1608 188 1676; x_wconf 87' lang='grc' dir='ltr'><strong><em>σάντων</em></strong></span> <span class='ocrx_word' id='word_1_183' title='bbox 199 1612 327 1690; x_wconf 86' lang='grc' dir='ltr'><strong><em>αυτούς,</em></strong></span> <span class='ocrx_word' id='word_1_184' title='bbox 353 1610 431 1680; x_wconf 76' lang='grc' dir='ltr'><strong><em>ὅπου</em></strong></span> <span class='ocrx_word' id='word_1_185' title='bbox 447 1610 679 1708; x_wconf 86' lang='grc' dir='ltr'><strong><em>ηχμαλώτευσαν</em></strong></span> <span class='ocrx_word' id='word_1_186' title='bbox 710 1610 811 1697; x_wconf 76' lang='grc' dir='ltr'><strong><em>ἦγίασε</em></strong></span> <span class='ocrx_word' id='word_1_187' title='bbox 826 1609 982 1697; x_wconf 84' lang='grc' dir='ltr'><strong><em>Σαλωμών</em></strong></span> <span class='ocrx_word' id='word_1_188' title='bbox 998 1613 1035 1678; x_wconf 88' lang='grc' dir='ltr'><strong><em>τὸ</em></strong></span> <span class='ocrx_word' id='word_1_189' title='bbox 1051 1615 1142 1718; x_wconf 73' lang='grc' dir='ltr'><strong><em>μέσον</em></strong></span> <span class='ocrx_word' id='word_1_190' title='bbox 1157 1617 1212 1698; x_wconf 80' lang='grc' dir='ltr'><strong><em>τῆς</em></strong></span> <span class='ocrx_word' id='word_1_191' title='bbox 1222 1611 1317 1699; x_wconf 81' lang='grc' dir='ltr'><strong><em>αῦλίης</em></strong></span> 
     </span>
     <span class='ocr_line' id='line_1_18' title="bbox 70 1692 1320 1803; baseline 0 -41"><span class='ocrx_word' id='word_1_192' title='bbox 70 1692 198 1772; x_wconf 86' lang='grc' dir='ltr'><strong><em>αύτούς,</em></strong></span> <span class='ocrx_word' id='word_1_193' title='bbox 224 1697 276 1761; x_wconf 84' lang='grc' dir='ltr'><strong><em>καί</em></strong></span> <span class='ocrx_word' id='word_1_194' title='bbox 298 1694 514 1785; x_wconf 83' lang='grc' dir='ltr'><strong><em>προςεύξωνται</em></strong></span> <span class='ocrx_word' id='word_1_195' title='bbox 534 1696 607 1763; x_wconf 86' lang='grc' dir='ltr'><strong><em>ὁδὸν</em></strong></span> <span class='ocrx_word' id='word_1_196' title='bbox 622 1702 678 1803; x_wconf 69' lang='grc' dir='ltr'><strong><em>γης</em></strong></span> <span class='ocrx_word' id='word_1_197' title='bbox 710 1703 761 1803; x_wconf 76' lang='grc' dir='ltr'><strong><em>της</em></strong></span> <span class='ocrx_word' id='word_1_198' title='bbox 773 1701 804 1763; x_wconf 74' lang='grc' dir='ltr'><strong><em>ἐν</em></strong></span> <span class='ocrx_word' id='word_1_199' title='bbox 817 1698 891 1782; x_wconf 82' lang='grc' dir='ltr'><strong><em>οἴκῳ</em></strong></span> <span class='ocrx_word' id='word_1_200' title='bbox 903 1702 1019 1783; x_wconf 90' lang='grc' dir='ltr'><strong><em>κυρίου,</em></strong></span> <span class='ocrx_word' id='word_1_201' title='bbox 1047 1696 1095 1762; x_wconf 87' lang='grc' dir='ltr'><strong><em>ότι</em></strong></span> <span class='ocrx_word' id='word_1_202' title='bbox 1108 1699 1246 1779; x_wconf 70' lang='grc' dir='ltr'><strong><em>ἐποίησεν</em></strong></span> <span class='ocrx_word' id='word_1_203' title='bbox 1258 1702 1320 1763; x_wconf 79' lang='grc' dir='ltr'><strong><em>ίκεί</em></strong></span> 
     </span>
     <span class='ocr_line' id='line_1_19' title="bbox 70 1769 1317 1885; baseline 0.002 -43"><span class='ocrx_word' id='word_1_204' title='bbox 70 1775 172 1843; x_wconf 79' lang='grc' dir='ltr'><strong><em>αὐτῶν</em></strong></span> <span class='ocrx_word' id='word_1_205' title='bbox 193 1769 228 1863; x_wconf 81' lang='grc' dir='ltr'><strong><em>ἧς</em></strong></span> <span class='ocrx_word' id='word_1_206' title='bbox 245 1781 358 1857; x_wconf 74' lang='grc' dir='ltr'><strong><em>ἔδωκας</em></strong></span> <span class='ocrx_word' id='word_1_207' title='bbox 375 1792 438 1858; x_wconf 77' lang='grc' dir='ltr'><strong><em>τοῖς</em></strong></span> <span class='ocrx_word' id='word_1_208' title='bbox 453 1776 601 1868; x_wconf 91' lang='grc' dir='ltr'><strong><em>πατράσιν</em></strong></span> <span class='ocrx_word' id='word_1_209' title='bbox 619 1807 677 1846; x_wconf 90' lang='grc' dir='ltr'><strong><em>αυ-</em></strong></span> <span class='ocrx_word' id='word_1_210' title='bbox 709 1805 748 1846; x_wconf 89' lang='grc' dir='ltr'><strong><em>τα</em></strong></span> <span class='ocrx_word' id='word_1_211' title='bbox 761 1777 1004 1885; x_wconf 79' lang='grc' dir='ltr'><strong><em>ὁλοκαυτώματα</em></strong></span> <span class='ocrx_word' id='word_1_212' title='bbox 1015 1784 1067 1846; x_wconf 85' lang='grc' dir='ltr'><strong><em>καί</em></strong></span> <span class='ocrx_word' id='word_1_213' title='bbox 1078 1777 1118 1844; x_wconf 88' lang='grc' dir='ltr'><strong><em>τά</em></strong></span> <span class='ocrx_word' id='word_1_214' title='bbox 1131 1784 1244 1846; x_wconf 83' lang='grc' dir='ltr'><strong><em>στέατα</em></strong></span> <span class='ocrx_word' id='word_1_215' title='bbox 1256 1784 1317 1845; x_wconf 84' lang='grc' dir='ltr'><strong><em>τών</em></strong></span> 
     </span>
     <span class='ocr_line' id='line_1_20' title="bbox 68 1856 1315 1970; baseline 0.003 -46"><span class='ocrx_word' id='word_1_216' title='bbox 68 1866 142 1939; x_wconf 86' lang='grc' dir='ltr'><strong><em>τών,</em></strong></span> <span class='ocrx_word' id='word_1_217' title='bbox 168 1866 219 1927; x_wconf 88' lang='grc' dir='ltr'><strong><em>καί</em></strong></span> <span class='ocrx_word' id='word_1_218' title='bbox 236 1869 289 1970; x_wconf 71' lang='grc' dir='ltr'><strong><em>τῖχς</em></strong></span> <span class='ocrx_word' id='word_1_219' title='bbox 306 1861 423 1941; x_wconf 90' lang='grc' dir='ltr'><strong><em>πόλεως</em></strong></span> <span class='ocrx_word' id='word_1_220' title='bbox 442 1856 478 1950; x_wconf 78' lang='grc' dir='ltr'><strong><em>ἧς</em></strong></span> <span class='ocrx_word' id='word_1_221' title='bbox 491 1866 612 1942; x_wconf 76' lang='grc' dir='ltr'><strong><em>ἕξελίξω</em></strong></span> <span class='ocrx_word' id='word_1_222' title='bbox 624 1864 677 1929; x_wconf 81' lang='grc' dir='ltr'><strong><em>καί</em></strong></span> <span class='ocrx_word' id='word_1_223' title='bbox 709 1874 879 1952; x_wconf 89' lang='grc' dir='ltr'><strong><em>σωτηρίων,</em></strong></span> <span class='ocrx_word' id='word_1_224' title='bbox 908 1865 956 1932; x_wconf 82' lang='grc' dir='ltr'><strong><em>ὃτι</em></strong></span> <span class='ocrx_word' id='word_1_225' title='bbox 982 1862 1018 1929; x_wconf 83' lang='grc' dir='ltr'><strong><em>τὸ</em></strong></span> <span class='ocrx_word' id='word_1_226' title='bbox 1043 1859 1256 1947; x_wconf 68' lang='grc' dir='ltr'><strong><em>θυσιαστήριον</em></strong></span> <span class='ocrx_word' id='word_1_227' title='bbox 1278 1863 1315 1928; x_wconf 88' lang='grc' dir='ltr'><strong><em>τὸ</em></strong></span> 
     </span>
     <span class='ocr_line' id='line_1_21' title="bbox 68 1943 1317 2033; baseline 0.002 -24"><span class='ocrx_word' id='word_1_228' title='bbox 68 1950 123 2009; x_wconf 88' lang='grc' dir='ltr'><strong><em>τοῦ</em></strong></span> <span class='ocrx_word' id='word_1_229' title='bbox 143 1946 228 2012; x_wconf 86' lang='grc' dir='ltr'><strong><em>οἴκου</em></strong></span> <span class='ocrx_word' id='word_1_230' title='bbox 242 1975 279 2014; x_wconf 90' lang='grc' dir='ltr'><strong><em>ου</em></strong></span> <span class='ocrx_word' id='word_1_231' title='bbox 298 1945 480 2033; x_wconf 79' lang='grc' dir='ltr'><strong><em>ᾠκοδόμησα</em></strong></span> <span class='ocrx_word' id='word_1_232' title='bbox 493 1953 539 2014; x_wconf 75' lang='grc' dir='ltr'><strong><em>τοῦ</em></strong></span> <span class='ocrx_word' id='word_1_233' title='bbox 550 1943 678 2032; x_wconf 86' lang='grc' dir='ltr'><strong><em>ὀνόματί</em></strong></span> <span class='ocrx_word' id='word_1_234' title='bbox 706 1948 838 2032; x_wconf 77' lang='grc' dir='ltr'><strong><em>χαλκοῦν</em></strong></span> <span class='ocrx_word' id='word_1_235' title='bbox 851 1945 871 2012; x_wconf 80' lang='grc' dir='ltr'><strong><em>δ</em></strong></span> <span class='ocrx_word' id='word_1_236' title='bbox 883 1951 1002 2033; x_wconf 71' lang='grc' dir='ltr'><strong><em>ἐποίησε</em></strong></span> <span class='ocrx_word' id='word_1_237' title='bbox 1014 1943 1173 2028; x_wconf 88' lang='grc' dir='ltr'><strong><em>Σαλωμών</em></strong></span> <span class='ocrx_word' id='word_1_238' title='bbox 1185 1944 1242 2012; x_wconf 89' lang='grc' dir='ltr'><strong><em>οῦκ</em></strong></span> <span class='ocrx_word' id='word_1_239' title='bbox 1255 1948 1317 2023; x_wconf 85' lang='grc' dir='ltr'><strong><em>ίξε-</em></strong></span> 
     </span>
     <span class='ocr_line' id='line_1_22' title="bbox 69 2015 1316 2126; baseline 0.002 -34"><span class='ocrx_word' id='word_1_240' title='bbox 69 2053 135 2103; x_wconf 91' lang='grc' dir='ltr'><strong><em>σου,</em></strong></span> <span class='ocrx_word' id='word_1_241' title='bbox 152 2031 182 2072; x_wconf 81' lang='lat'><strong><em>³⁹</em></strong></span> <span class='ocrx_word' id='word_1_242' title='bbox 193 2033 245 2097; x_wconf 83' lang='grc' dir='ltr'><strong><em>καί</em></strong></span> <span class='ocrx_word' id='word_1_243' title='bbox 257 2028 372 2126; x_wconf 83' lang='grc' dir='ltr'><strong><em>άκούση</em></strong></span> <span class='ocrx_word' id='word_1_244' title='bbox 384 2036 415 2096; x_wconf 84' lang='grc' dir='ltr'><strong><em>ίκ</em></strong></span> <span class='ocrx_word' id='word_1_245' title='bbox 427 2037 484 2097; x_wconf 91' lang='grc' dir='ltr'><strong><em>τοῦ</em></strong></span> <span class='ocrx_word' id='word_1_246' title='bbox 497 2015 631 2115; x_wconf 80' lang='grc' dir='ltr'><strong><em>ούρανοῦ</em></strong></span> <span class='ocrx_word' id='word_1_247' title='bbox 644 2032 676 2107; x_wconf 76' lang='grc' dir='ltr'><strong><em>ἐξ</em></strong></span> <span class='ocrx_word' id='word_1_248' title='bbox 706 2038 784 2098; x_wconf 91' lang='grc' dir='ltr'><strong><em>ποίει</em></strong></span> <span class='ocrx_word' id='word_1_249' title='bbox 797 2035 943 2109; x_wconf 74' lang='grc' dir='ltr'><strong><em>δέξασθαι</em></strong></span> <span class='ocrx_word' id='word_1_250' title='bbox 956 2028 997 2096; x_wconf 85' lang='grc' dir='ltr'><strong><em>τά</em></strong></span> <span class='ocrx_word' id='word_1_251' title='bbox 1008 2025 1247 2112; x_wconf 71' lang='grc' dir='ltr'><strong><em>ὁλοκαυτώματα</em></strong></span> <span class='ocrx_word' id='word_1_252' title='bbox 1263 2032 1316 2095; x_wconf 79' lang='grc' dir='ltr'><strong><em>καί</em></strong></span> 
     </span>
     <span class='ocr_line' id='line_1_23' title="bbox 68 2111 1316 2202; baseline 0.003 -29"><span class='ocrx_word' id='word_1_253' title='bbox 68 2112 186 2195; x_wconf 78' lang='grc' dir='ltr'><strong><em>ἑτοίμου</em></strong></span> <span class='ocrx_word' id='word_1_254' title='bbox 203 2121 430 2202; x_wconf 89' lang='grc' dir='ltr'><strong><em>κατοικητηρίου</em></strong></span> <span class='ocrx_word' id='word_1_255' title='bbox 451 2141 507 2180; x_wconf 92' lang='grc' dir='ltr'><strong><em>σου</em></strong></span> <span class='ocrx_word' id='word_1_256' title='bbox 519 2120 572 2200; x_wconf 79' lang='grc' dir='ltr'><strong><em>τῆς</em></strong></span> <span class='ocrx_word' id='word_1_257' title='bbox 584 2139 677 2198; x_wconf 87' lang='grc' dir='ltr'><strong><em>προς·</em></strong></span> <span class='ocrx_word' id='word_1_258' title='bbox 707 2113 747 2179; x_wconf 86' lang='grc' dir='ltr'><strong><em>τά</em></strong></span> <span class='ocrx_word' id='word_1_259' title='bbox 803 2111 860 2180; x_wconf 83' lang='grc' dir='ltr'><strong><em>ναά</em></strong></span> <span class='ocrx_word' id='word_1_260' title='bbox 869 2118 920 2180; x_wconf 81' lang='grc' dir='ltr'><strong><em>καί</em></strong></span> <span class='ocrx_word' id='word_1_261' title='bbox 929 2112 969 2179; x_wconf 84' lang='grc' dir='ltr'><strong><em>τά</em></strong></span> <span class='ocrx_word' id='word_1_262' title='bbox 979 2117 1098 2179; x_wconf 84' lang='grc' dir='ltr'><strong><em>στέατα.</em></strong></span> <span class='ocrx_word' id='word_1_263' title='bbox 1112 2114 1186 2178; x_wconf 71' lang='grc' dir='ltr'><strong><em>8καί</em></strong></span> <span class='ocrx_word' id='word_1_264' title='bbox 1195 2116 1316 2198; x_wconf 72' lang='grc' dir='ltr'><strong><em>ἐποίησε</em></strong></span> 
     </span>
     <span class='ocr_line' id='line_1_24' title="bbox 68 2142 1316 2282; baseline 0.003 -26"><span class='ocrx_word' id='word_1_265' title='bbox 68 2201 150 2279; x_wconf 75' lang='grc' dir='ltr'><strong><em>ευχης</em></strong></span> <span class='ocrx_word' id='word_1_266' title='bbox 169 2197 269 2261; x_wconf 85' lang='grc' dir='ltr'><strong><em>αῦτών</em></strong></span> <span class='ocrx_word' id='word_1_267' title='bbox 286 2202 337 2261; x_wconf 82' lang='grc' dir='ltr'><strong><em>καὶ</em></strong></span> <span class='ocrx_word' id='word_1_268' title='bbox 353 2204 406 2282; x_wconf 74' lang='grc' dir='ltr'><strong><em>τῆς</em></strong></span> <span class='ocrx_word' id='word_1_269' title='bbox 423 2197 548 2281; x_wconf 73' lang='grc' dir='ltr'><strong><em>δεήσεως</em></strong></span> <span class='ocrx_word' id='word_1_270' title='bbox 564 2194 677 2270; x_wconf 81' lang='grc' dir='ltr'><strong><em>αὐτῶν,</em></strong></span> <span class='ocrx_word' id='word_1_271' title='bbox 709 2142 865 2278; x_wconf 68' lang='grc' dir='ltr'><strong><em>Σαλώμών</em></strong></span> <span class='ocrx_word' id='word_1_272' title='bbox 874 2194 929 2281; x_wconf 72' lang='grc' dir='ltr'><strong><em>την</em></strong></span> <span class='ocrx_word' id='word_1_273' title='bbox 937 2192 1080 2282; x_wconf 77' lang='grc' dir='ltr'><strong><em>ἓορτηνίν</em></strong></span> <span class='ocrx_word' id='word_1_274' title='bbox 1088 2201 1132 2278; x_wconf 88' lang='grc' dir='ltr'><strong><em>τῷ</em></strong></span> <span class='ocrx_word' id='word_1_275' title='bbox 1140 2200 1236 2282; x_wconf 86' lang='grc' dir='ltr'><strong><em>καιρῷ</em></strong></span> <span class='ocrx_word' id='word_1_276' title='bbox 1245 2198 1316 2261; x_wconf 70' lang='grc' dir='ltr'><strong><em>ἐκεί·</em></strong></span> 
     </span>
     <span class='ocr_line' id='line_1_25' title="bbox 69 2275 1313 2378; baseline 0.003 -39"><span class='ocrx_word' id='word_1_277' title='bbox 69 2279 122 2340; x_wconf 83' lang='grc' dir='ltr'><strong><em>καὶ</em></strong></span> <span class='ocrx_word' id='word_1_278' title='bbox 139 2276 272 2364; x_wconf 67' lang='grc' dir='ltr'><strong><em>ποιήσεις</em></strong></span> <span class='ocrx_word' id='word_1_279' title='bbox 284 2286 428 2364; x_wconf 89' lang='grc' dir='ltr'><strong><em>κρίματα,</em></strong></span> <span class='ocrx_word' id='word_1_280' title='bbox 454 2284 506 2344; x_wconf 81' lang='grc' dir='ltr'><strong><em>καί</em></strong></span> <span class='ocrx_word' id='word_1_281' title='bbox 522 2280 607 2353; x_wconf 74' lang='grc' dir='ltr'><strong><em>’ίλεως</em></strong></span> <span class='ocrx_word' id='word_1_282' title='bbox 625 2282 679 2378; x_wconf 70' lang='grc' dir='ltr'><strong><em>λ’ρη</em></strong></span> <span class='ocrx_word' id='word_1_283' title='bbox 710 2303 753 2344; x_wconf 90' lang='grc' dir='ltr'><strong><em>νω</em></strong></span> <span class='ocrx_word' id='word_1_284' title='bbox 767 2279 845 2344; x_wconf 76' lang='grc' dir='ltr'><strong><em>ἑπτά</em></strong></span> <span class='ocrx_word' id='word_1_285' title='bbox 855 2275 977 2363; x_wconf 77' lang='grc' dir='ltr'><strong><em>ἡμέρας,</em></strong></span> <span class='ocrx_word' id='word_1_286' title='bbox 989 2280 1041 2342; x_wconf 86' lang='grc' dir='ltr'><strong><em>καί</em></strong></span> <span class='ocrx_word' id='word_1_287' title='bbox 1052 2282 1113 2353; x_wconf 88' lang='grc' dir='ltr'><strong><em>πάς</em></strong></span> <span class='ocrx_word' id='word_1_288' title='bbox 1122 2276 1243 2363; x_wconf 78' lang='grc' dir='ltr'><strong><em>Ἰσραὴλ</em></strong></span> <span class='ocrx_word' id='word_1_289' title='bbox 1255 2278 1313 2361; x_wconf 85' lang='grc' dir='ltr'><strong><em>μετ’</em></strong></span> 
     </span>
     <span class='ocr_line' id='line_1_26' title="bbox 69 2344 1314 2445; baseline 0.001 -23"><span class='ocrx_word' id='word_1_290' title='bbox 69 2364 115 2438; x_wconf 84' lang='grc' dir='ltr'><strong><em>τῷ</em></strong></span> <span class='ocrx_word' id='word_1_291' title='bbox 128 2360 192 2443; x_wconf 86' lang='grc' dir='ltr'><strong><em>λαῷ</em></strong></span> <span class='ocrx_word' id='word_1_292' title='bbox 206 2365 250 2443; x_wconf 90' lang='grc' dir='ltr'><strong><em>τῷ</em></strong></span> <span class='ocrx_word' id='word_1_293' title='bbox 264 2359 435 2445; x_wconf 85' lang='grc' dir='ltr'><strong><em>άμαρτῶντί</em></strong></span> <span class='ocrx_word' id='word_1_294' title='bbox 447 2386 501 2425; x_wconf 94' lang='grc' dir='ltr'><strong><em>σοι.</em></strong></span> <span class='ocrx_word' id='word_1_295' title='bbox 518 2361 552 2405; x_wconf 88' lang='lat'><strong><em>⁴⁰</em></strong></span> <span class='ocrx_word' id='word_1_296' title='bbox 562 2362 615 2425; x_wconf 81' lang='grc' dir='ltr'><strong><em>καί</em></strong></span> <span class='ocrx_word' id='word_1_297' title='bbox 626 2384 680 2424; x_wconf 92' lang='grc' dir='ltr'><strong><em>νυν</em></strong></span> <span class='ocrx_word' id='word_1_298' title='bbox 711 2344 823 2436; x_wconf 86' lang='grc' dir='ltr'><strong><em>αῦτοῦ,</em></strong></span> <span class='ocrx_word' id='word_1_299' title='bbox 848 2361 985 2442; x_wconf 74' lang='grc' dir='ltr'><strong><em>ἐκκλησία</em></strong></span> <span class='ocrx_word' id='word_1_300' title='bbox 996 2357 1105 2443; x_wconf 90' lang='grc' dir='ltr'><strong><em>μεγάλη</em></strong></span> <span class='ocrx_word' id='word_1_301' title='bbox 1118 2361 1236 2445; x_wconf 86' lang='grc' dir='ltr'><strong><em>σφόδρα</em></strong></span> <span class='ocrx_word' id='word_1_302' title='bbox 1250 2360 1314 2425; x_wconf 82' lang='grc' dir='ltr'><strong><em>ἀπὸ</em></strong></span> 
     </span>
     <span class='ocr_line' id='line_1_27' title="bbox 73 2437 1317 2542; baseline 0.004 -40"><span class='ocrx_word' id='word_1_303' title='bbox 73 2438 153 2526; x_wconf 81' lang='grc' dir='ltr'><strong><em>κύριε</em></strong></span> <span class='ocrx_word' id='word_1_304' title='bbox 178 2447 311 2507; x_wconf 74' lang='grc' dir='ltr'><strong><em>ἔστωσαν</em></strong></span> <span class='ocrx_word' id='word_1_305' title='bbox 335 2442 372 2528; x_wconf 75' lang='grc' dir='ltr'><strong><em>δύη</em></strong></span> <span class='ocrx_word' id='word_1_306' title='bbox 399 2448 429 2507; x_wconf 85' lang='grc' dir='ltr'><strong><em>οί</em></strong></span> <span class='ocrx_word' id='word_1_307' title='bbox 445 2442 606 2525; x_wconf 88' lang='grc' dir='ltr'><strong><em>ὀφθαλμοί</em></strong></span> <span class='ocrx_word' id='word_1_308' title='bbox 623 2466 679 2506; x_wconf 90' lang='grc' dir='ltr'><strong><em>σου</em></strong></span> <span class='ocrx_word' id='word_1_309' title='bbox 712 2441 1077 2524; x_wconf 78' lang='grc' dir='ltr'><strong><em>είςόδουΑίμάθκαὶίίος</em></strong></span> <span class='ocrx_word' id='word_1_310' title='bbox 1120 2437 1317 2542; x_wconf 74' lang='grc' dir='ltr'><strong><em>ιμάρρουΑί·</em></strong></span> 
     </span>
     <span class='ocr_line' id='line_1_28' title="bbox 73 2465 1318 2625; baseline 0.002 -39"><span class='ocrx_word' id='word_1_311' title='bbox 73 2520 265 2606; x_wconf 78' lang='grc' dir='ltr'><strong><em>άνεῳγμένοι,</em></strong></span> <span class='ocrx_word' id='word_1_312' title='bbox 291 2527 343 2589; x_wconf 82' lang='grc' dir='ltr'><strong><em>καλ</em></strong></span> <span class='ocrx_word' id='word_1_313' title='bbox 360 2524 400 2589; x_wconf 84' lang='grc' dir='ltr'><strong><em>τὰ</em></strong></span> <span class='ocrx_word' id='word_1_314' title='bbox 418 2514 483 2589; x_wconf 82' lang='grc' dir='ltr'><strong><em>ώτά</em></strong></span> <span class='ocrx_word' id='word_1_315' title='bbox 498 2551 553 2590; x_wconf 93' lang='grc' dir='ltr'><strong><em>σου</em></strong></span> <span class='ocrx_word' id='word_1_316' title='bbox 566 2519 680 2625; x_wconf 64' lang='grc' dir='ltr'><strong><em>ίπῷκοα</em></strong></span> <span class='ocrx_word' id='word_1_317' title='bbox 711 2520 837 2603; x_wconf 89' lang='grc' dir='ltr'><strong><em>γύπτου.</em></strong></span> <span class='ocrx_word' id='word_1_318' title='bbox 854 2525 935 2587; x_wconf 72' lang='grc' dir='ltr'><strong><em>οκαί</em></strong></span> <span class='ocrx_word' id='word_1_319' title='bbox 948 2527 1067 2604; x_wconf 75' lang='grc' dir='ltr'><strong><em>ἐποίησε</em></strong></span> <span class='ocrx_word' id='word_1_320' title='bbox 1079 2465 1158 2612; x_wconf 57' lang='grc' dir='ltr'><strong><em>ἔτη</em></strong></span> <span class='ocrx_word' id='word_1_321' title='bbox 1171 2525 1266 2608; x_wconf 80' lang='grc' dir='ltr'><strong><em>ημέρᾳ</em></strong></span> <span class='ocrx_word' id='word_1_322' title='bbox 1278 2530 1318 2616; x_wconf 78' lang='grc' dir='ltr'><strong><em>τῇ</em></strong></span> 
     </span>
     <span class='ocr_line' id='line_1_29' title="bbox 72 2601 1319 2709; baseline 0.002 -41"><span class='ocrx_word' id='word_1_323' title='bbox 72 2611 112 2682; x_wconf 82' lang='grc' dir='ltr'><strong><em>εἷς</em></strong></span> <span class='ocrx_word' id='word_1_324' title='bbox 139 2609 193 2690; x_wconf 75' lang='grc' dir='ltr'><strong><em>την</em></strong></span> <span class='ocrx_word' id='word_1_325' title='bbox 219 2609 318 2709; x_wconf 79' lang='grc' dir='ltr'><strong><em>δέησιν</em></strong></span> <span class='ocrx_word' id='word_1_326' title='bbox 346 2612 404 2672; x_wconf 90' lang='grc' dir='ltr'><strong><em>τοῦ</em></strong></span> <span class='ocrx_word' id='word_1_327' title='bbox 431 2603 529 2673; x_wconf 88' lang='grc' dir='ltr'><strong><em>τόπου</em></strong></span> <span class='ocrx_word' id='word_1_328' title='bbox 558 2631 679 2671; x_wconf 90' lang='grc' dir='ltr'><strong><em>τουτου.</em></strong></span> <span class='ocrx_word' id='word_1_329' title='bbox 713 2604 806 2700; x_wconf 88' lang='grc' dir='ltr'><strong><em>ὀγδόη</em></strong></span> <span class='ocrx_word' id='word_1_330' title='bbox 831 2601 959 2684; x_wconf 87' lang='grc' dir='ltr'><strong><em>ε’·ξάδιον,</em></strong></span> <span class='ocrx_word' id='word_1_331' title='bbox 986 2601 1032 2670; x_wconf 79' lang='grc' dir='ltr'><strong><em>ὅτι</em></strong></span> <span class='ocrx_word' id='word_1_332' title='bbox 1058 2604 1241 2687; x_wconf 80' lang='grc' dir='ltr'><strong><em>ἐγκαινισμὸν</em></strong></span> <span class='ocrx_word' id='word_1_333' title='bbox 1260 2612 1319 2671; x_wconf 89' lang='grc' dir='ltr'><strong><em>τοῦ</em></strong></span> 
     </span>
     <span class='ocr_line' id='line_1_30' title="bbox 70 2684 1318 2775; baseline -0.002 -20"><span class='ocrx_word' id='word_1_334' title='bbox 70 2688 164 2755; x_wconf 67' lang='grc' dir='ltr'><strong><em>41καὶ</em></strong></span> <span class='ocrx_word' id='word_1_335' title='bbox 182 2697 233 2755; x_wconf 90' lang='grc' dir='ltr'><strong><em>νῦν</em></strong></span> <span class='ocrx_word' id='word_1_336' title='bbox 252 2685 401 2775; x_wconf 90' lang='grc' dir='ltr'><strong><em>ανάστηθι</em></strong></span> <span class='ocrx_word' id='word_1_337' title='bbox 420 2689 499 2775; x_wconf 89' lang='grc' dir='ltr'><strong><em>κύριε</em></strong></span> <span class='ocrx_word' id='word_1_338' title='bbox 517 2689 535 2756; x_wconf 87' lang='grc' dir='ltr'><strong>ὁ</strong></span> <span class='ocrx_word' id='word_1_339' title='bbox 551 2688 624 2766; x_wconf 87' lang='grc' dir='ltr'><strong><em>θεὸς</em></strong></span> <span class='ocrx_word' id='word_1_340' title='bbox 642 2695 681 2765; x_wconf 84' lang='grc' dir='ltr'><strong><em>είς</em></strong></span> <span class='ocrx_word' id='word_1_341' title='bbox 711 2697 928 2775; x_wconf 78' lang='grc' dir='ltr'><strong><em>θυσιαστηρίου</em></strong></span> <span class='ocrx_word' id='word_1_342' title='bbox 954 2692 1089 2772; x_wconf 77' lang='grc' dir='ltr'><strong><em>ἐποίησεν</em></strong></span> <span class='ocrx_word' id='word_1_343' title='bbox 1114 2689 1191 2752; x_wconf 77' lang='grc' dir='ltr'><strong><em>ἑπτὰ</em></strong></span> <span class='ocrx_word' id='word_1_344' title='bbox 1208 2684 1318 2774; x_wconf 70' lang='grc' dir='ltr'><strong><em>ἡμέρας</em></strong></span> 
     </span>
     <span class='ocr_line' id='line_1_31' title="bbox 69 2771 1318 2881; baseline 0.001 -44"><span class='ocrx_word' id='word_1_345' title='bbox 69 2773 125 2858; x_wconf 75' lang='grc' dir='ltr'><strong><em>τὴν</em></strong></span> <span class='ocrx_word' id='word_1_346' title='bbox 144 2771 333 2841; x_wconf 90' lang='grc' dir='ltr'><strong><em>κατάπαυσίν</em></strong></span> <span class='ocrx_word' id='word_1_347' title='bbox 346 2802 415 2850; x_wconf 92' lang='grc' dir='ltr'><strong><em>σου,</em></strong></span> <span class='ocrx_word' id='word_1_348' title='bbox 442 2774 480 2839; x_wconf 86' lang='grc' dir='ltr'><strong><em>σῦ</em></strong></span> <span class='ocrx_word' id='word_1_349' title='bbox 494 2777 545 2839; x_wconf 87' lang='grc' dir='ltr'><strong><em>καί</em></strong></span> <span class='ocrx_word' id='word_1_350' title='bbox 558 2772 576 2860; x_wconf 77' lang='grc' dir='ltr'><strong><em>ἷη</em></strong></span> <span class='ocrx_word' id='word_1_351' title='bbox 591 2777 681 2861; x_wconf 74' lang='grc' dir='ltr'><strong><em>κηλω-</em></strong></span> <span class='ocrx_word' id='word_1_352' title='bbox 712 2773 828 2861; x_wconf 78' lang='grc' dir='ltr'><strong><em>ἕορτην,</em></strong></span> <span class='ocrx_word' id='word_1_353' title='bbox 843 2779 872 2819; x_wconf 87' lang='lat'><strong><em>¹⁰</em></strong></span> <span class='ocrx_word' id='word_1_354' title='bbox 881 2775 933 2840; x_wconf 81' lang='grc' dir='ltr'><strong><em>καί</em></strong></span> <span class='ocrx_word' id='word_1_355' title='bbox 945 2775 977 2838; x_wconf 81' lang='grc' dir='ltr'><strong><em>ίν</em></strong></span> <span class='ocrx_word' id='word_1_356' title='bbox 989 2776 1027 2876; x_wconf 75' lang='grc' dir='ltr'><strong><em>τῷ</em></strong></span> <span class='ocrx_word' id='word_1_357' title='bbox 1039 2777 1125 2881; x_wconf 77' lang='grc' dir='ltr'><strong><em>τρίτη</em></strong></span> <span class='ocrx_word' id='word_1_358' title='bbox 1138 2776 1189 2838; x_wconf 81' lang='grc' dir='ltr'><strong><em>καί</em></strong></span> <span class='ocrx_word' id='word_1_359' title='bbox 1201 2778 1318 2862; x_wconf 74' lang='grc' dir='ltr'><strong><em>εἰκοστῇ</em></strong></span> 
     </span>
     <span class='ocr_line' id='line_1_32' title="bbox 68 2854 1318 2945; baseline 0.001 -24"><span class='ocrx_word' id='word_1_360' title='bbox 68 2858 123 2931; x_wconf 85' lang='grc' dir='ltr'><strong><em>τὸς</em></strong></span> <span class='ocrx_word' id='word_1_361' title='bbox 135 2863 188 2941; x_wconf 77' lang='grc' dir='ltr'><strong><em>τῆς</em></strong></span> <span class='ocrx_word' id='word_1_362' title='bbox 201 2857 300 2943; x_wconf 75' lang='grc' dir='ltr'><strong><em>ἰσχύος</em></strong></span> <span class='ocrx_word' id='word_1_363' title='bbox 313 2884 376 2924; x_wconf 89' lang='grc' dir='ltr'><strong><em>σου.</em></strong></span> <span class='ocrx_word' id='word_1_364' title='bbox 401 2864 484 2944; x_wconf 84' lang='grc' dir='ltr'><strong><em>ίερεῖς</em></strong></span> <span class='ocrx_word' id='word_1_365' title='bbox 501 2885 555 2924; x_wconf 91' lang='grc' dir='ltr'><strong><em>σου</em></strong></span> <span class='ocrx_word' id='word_1_366' title='bbox 569 2855 648 2945; x_wconf 90' lang='grc' dir='ltr'><strong><em>κύριε</em></strong></span> <span class='ocrx_word' id='word_1_367' title='bbox 662 2854 679 2922; x_wconf 82' lang='grc' dir='ltr'>ὃ</span> <span class='ocrx_word' id='word_1_368' title='bbox 712 2864 768 2924; x_wconf 88' lang='grc' dir='ltr'><strong><em>τοῦ</em></strong></span> <span class='ocrx_word' id='word_1_369' title='bbox 784 2857 873 2943; x_wconf 88' lang='grc' dir='ltr'><strong><em>μηνὸς</em></strong></span> <span class='ocrx_word' id='word_1_370' title='bbox 885 2862 943 2924; x_wconf 89' lang='grc' dir='ltr'><strong><em>τοῦ</em></strong></span> <span class='ocrx_word' id='word_1_371' title='bbox 956 2858 1081 2944; x_wconf 76' lang='grc' dir='ltr'><strong><em>ἕβδομον</em></strong></span> <span class='ocrx_word' id='word_1_372' title='bbox 1093 2857 1246 2922; x_wconf 82' lang='grc' dir='ltr'><strong><em>απὲστειλε</em></strong></span> <span class='ocrx_word' id='word_1_373' title='bbox 1264 2856 1318 2923; x_wconf 88' lang='grc' dir='ltr'><strong><em>τὸν</em></strong></span> 
     </span>
     <span class='ocr_line' id='line_1_33' title="bbox 67 2938 1319 3047; baseline -0.001 -42"><span class='ocrx_word' id='word_1_374' title='bbox 67 2940 142 3017; x_wconf 87' lang='grc' dir='ltr'><strong><em>θεὸς</em></strong></span> <span class='ocrx_word' id='word_1_375' title='bbox 154 2938 326 3008; x_wconf 86' lang='grc' dir='ltr'><strong><em>ε’νδύοαιντο</em></strong></span> <span class='ocrx_word' id='word_1_376' title='bbox 339 2949 500 3029; x_wconf 88' lang='grc' dir='ltr'><strong><em>σωτηρίαν,</em></strong></span> <span class='ocrx_word' id='word_1_377' title='bbox 514 2945 565 3008; x_wconf 81' lang='grc' dir='ltr'><strong><em>καί</em></strong></span> <span class='ocrx_word' id='word_1_378' title='bbox 578 2948 608 3009; x_wconf 71' lang='lat' dir='ltr'><strong><em>oz</em></strong></span> <span class='ocrx_word' id='word_1_379' title='bbox 620 2946 682 3007; x_wconf 85' lang='grc' dir='ltr'><strong><em>υίοί</em></strong></span> <span class='ocrx_word' id='word_1_380' title='bbox 712 2941 787 3008; x_wconf 86' lang='grc' dir='ltr'><strong><em>λαὸν</em></strong></span> <span class='ocrx_word' id='word_1_381' title='bbox 800 2949 839 3019; x_wconf 85' lang='grc' dir='ltr'><strong><em>είς</em></strong></span> <span class='ocrx_word' id='word_1_382' title='bbox 851 2942 890 3007; x_wconf 84' lang='grc' dir='ltr'><strong><em>τά</em></strong></span> <span class='ocrx_word' id='word_1_383' title='bbox 900 2939 1075 3047; x_wconf 74' lang='grc' dir='ltr'><strong><em>σκηνώματα</em></strong></span> <span class='ocrx_word' id='word_1_384' title='bbox 1085 2939 1186 3007; x_wconf 82' lang='grc' dir='ltr'><strong><em>αὐτῶν</em></strong></span> <span class='ocrx_word' id='word_1_385' title='bbox 1196 2938 1319 3025; x_wconf 87' lang='grc' dir='ltr'><strong><em>εῦφραι-</em></strong></span> 
     </span>
     <span class='ocr_line' id='line_1_34' title="bbox 69 3022 1317 3120; baseline 0.001 -31"><span class='ocrx_word' id='word_1_386' title='bbox 69 3051 123 3089; x_wconf 91' lang='grc' dir='ltr'><strong><em>σου</em></strong></span> <span class='ocrx_word' id='word_1_387' title='bbox 134 3022 391 3108; x_wconf 74' lang='grc' dir='ltr'><strong><em>τῦφρανθύτωοαν</em></strong></span> <span class='ocrx_word' id='word_1_388' title='bbox 401 3031 432 3093; x_wconf 80' lang='grc' dir='ltr'><strong><em>ἓν</em></strong></span> <span class='ocrx_word' id='word_1_389' title='bbox 442 3024 581 3105; x_wconf 81' lang='grc' dir='ltr'><strong><em>άγαθοῖς.</em></strong></span> <span class='ocrx_word' id='word_1_390' title='bbox 592 3022 679 3090; x_wconf 73' lang='grc' dir='ltr'><strong><em>42κύ·</em></strong></span> <span class='ocrx_word' id='word_1_391' title='bbox 712 3031 849 3112; x_wconf 83' lang='grc' dir='ltr'><strong><em>νομένους</em></strong></span> <span class='ocrx_word' id='word_1_392' title='bbox 871 3031 922 3092; x_wconf 86' lang='grc' dir='ltr'><strong><em>καί</em></strong></span> <span class='ocrx_word' id='word_1_393' title='bbox 938 3031 1043 3120; x_wconf 75' lang='grc' dir='ltr'><strong><em>αγαθῇ</em></strong></span> <span class='ocrx_word' id='word_1_394' title='bbox 1061 3025 1168 3111; x_wconf 82' lang='grc' dir='ltr'><strong><em>καρδίᾳ</em></strong></span> <span class='ocrx_word' id='word_1_395' title='bbox 1186 3026 1237 3090; x_wconf 83' lang='grc' dir='ltr'><strong><em>ε’πὶ</em></strong></span> <span class='ocrx_word' id='word_1_396' title='bbox 1254 3037 1317 3100; x_wconf 80' lang='grc' dir='ltr'><strong><em>τοῖς</em></strong></span> 
     </span>
     <span class='ocr_line' id='line_1_35' title="bbox 68 3105 1316 3198; baseline 0.002 -26"><span class='ocrx_word' id='word_1_397' title='bbox 68 3135 111 3194; x_wconf 91' lang='grc' dir='ltr'><strong><em>ριε</em></strong></span> <span class='ocrx_word' id='word_1_398' title='bbox 130 3107 147 3172; x_wconf 89' lang='grc' dir='ltr'>ὁ</span> <span class='ocrx_word' id='word_1_399' title='bbox 160 3111 232 3186; x_wconf 86' lang='grc' dir='ltr'><strong><em>θεὸς</em></strong></span> <span class='ocrx_word' id='word_1_400' title='bbox 243 3108 284 3195; x_wconf 79' lang='grc' dir='ltr'><strong><em>μη</em></strong></span> <span class='ocrx_word' id='word_1_401' title='bbox 298 3109 493 3198; x_wconf 77' lang='grc' dir='ltr'><strong><em>άποστρέψης</em></strong></span> <span class='ocrx_word' id='word_1_402' title='bbox 511 3111 547 3175; x_wconf 87' lang='grc' dir='ltr'><strong><em>τὸ</em></strong></span> <span class='ocrx_word' id='word_1_403' title='bbox 560 3107 678 3198; x_wconf 88' lang='grc' dir='ltr'><strong><em>πρόςω-</em></strong></span> <span class='ocrx_word' id='word_1_404' title='bbox 709 3110 844 3190; x_wconf 82' lang='grc' dir='ltr'><strong><em>άγαθοῑς</em></strong></span> <span class='ocrx_word' id='word_1_405' title='bbox 855 3110 899 3186; x_wconf 75' lang='grc' dir='ltr'><strong><em>οῦς</em></strong></span> <span class='ocrx_word' id='word_1_406' title='bbox 912 3114 1032 3194; x_wconf 77' lang='grc' dir='ltr'><strong><em>ἐποίησε</em></strong></span> <span class='ocrx_word' id='word_1_407' title='bbox 1044 3105 1144 3195; x_wconf 88' lang='grc' dir='ltr'><strong><em>κύριος</em></strong></span> <span class='ocrx_word' id='word_1_408' title='bbox 1156 3113 1200 3192; x_wconf 84' lang='grc' dir='ltr'><strong><em>τῷ</em></strong></span> <span class='ocrx_word' id='word_1_409' title='bbox 1211 3110 1316 3184; x_wconf 81' lang='grc' dir='ltr'><strong><em>Δαυίδ,</em></strong></span> 
     </span>
     <span class='ocr_line' id='line_1_36' title="bbox 68 3184 1317 3279; baseline -0.001 -23"><span class='ocrx_word' id='word_1_410' title='bbox 68 3218 128 3257; x_wconf 91' lang='grc' dir='ltr'><strong><em>πον</em></strong></span> <span class='ocrx_word' id='word_1_411' title='bbox 153 3199 209 3259; x_wconf 88' lang='grc' dir='ltr'><strong><em>τοῦ</em></strong></span> <span class='ocrx_word' id='word_1_412' title='bbox 232 3199 358 3279; x_wconf 82' lang='grc' dir='ltr'><strong><em>χριστοῦ</em></strong></span> <span class='ocrx_word' id='word_1_413' title='bbox 380 3221 449 3272; x_wconf 91' lang='grc' dir='ltr'><strong><em>σου,</em></strong></span> <span class='ocrx_word' id='word_1_414' title='bbox 460 3184 621 3279; x_wconf 70' lang='grc' dir='ltr'><strong><em>’μνήσθητι</em></strong></span> <span class='ocrx_word' id='word_1_415' title='bbox 639 3190 678 3260; x_wconf 87' lang='grc' dir='ltr'><strong><em>τά</em></strong></span> <span class='ocrx_word' id='word_1_416' title='bbox 709 3200 759 3262; x_wconf 86' lang='grc' dir='ltr'><strong><em>καί</em></strong></span> <span class='ocrx_word' id='word_1_417' title='bbox 777 3199 822 3278; x_wconf 89' lang='grc' dir='ltr'><strong><em>τῷ</em></strong></span> <span class='ocrx_word' id='word_1_418' title='bbox 838 3196 1039 3277; x_wconf 84' lang='grc' dir='ltr'><strong><em>Σαλωμῷντι,</em></strong></span> <span class='ocrx_word' id='word_1_419' title='bbox 1064 3197 1116 3258; x_wconf 86' lang='grc' dir='ltr'><strong><em>καί</em></strong></span> <span class='ocrx_word' id='word_1_420' title='bbox 1133 3198 1178 3275; x_wconf 87' lang='grc' dir='ltr'><strong><em>τῷ</em></strong></span> <span class='ocrx_word' id='word_1_421' title='bbox 1192 3191 1317 3275; x_wconf 79' lang='grc' dir='ltr'><strong><em>Ἰσραηλ</em></strong></span> 
     </span>
     <span class='ocr_line' id='line_1_37' title="bbox 70 3274 1316 3362; baseline -0.002 -22"><span class='ocrx_word' id='word_1_422' title='bbox 70 3276 136 3361; x_wconf 79' lang='grc' dir='ltr'><strong><em>ἕλέη</em></strong></span> <span class='ocrx_word' id='word_1_423' title='bbox 150 3279 249 3342; x_wconf 87' lang='grc' dir='ltr'><strong><em>Λαυὶδ</em></strong></span> <span class='ocrx_word' id='word_1_424' title='bbox 259 3282 316 3342; x_wconf 89' lang='grc' dir='ltr'><strong><em>τοῦ</em></strong></span> <span class='ocrx_word' id='word_1_425' title='bbox 330 3274 439 3343; x_wconf 89' lang='grc' dir='ltr'><strong><em>δούλου</em></strong></span> <span class='ocrx_word' id='word_1_426' title='bbox 453 3303 517 3343; x_wconf 91' lang='grc' dir='ltr'><strong><em>σου.</em></strong></span> <span class='ocrx_word' id='word_1_427' title='bbox 709 3279 776 3362; x_wconf 87' lang='grc' dir='ltr'><strong><em>λαῷ</em></strong></span> <span class='ocrx_word' id='word_1_428' title='bbox 794 3277 900 3341; x_wconf 83' lang='grc' dir='ltr'><strong><em>αὐτοῦ.</em></strong></span> <span class='ocrx_word' id='word_1_429' title='bbox 926 3281 951 3318; x_wconf 81' lang='lat'><strong><em>¹¹</em></strong></span> <span class='ocrx_word' id='word_1_430' title='bbox 964 3282 1015 3341; x_wconf 82' lang='grc' dir='ltr'><strong><em>καί</em></strong></span> <span class='ocrx_word' id='word_1_431' title='bbox 1032 3276 1195 3341; x_wconf 72' lang='grc' dir='ltr'><strong><em>συνετέλεσε</em></strong></span> <span class='ocrx_word' id='word_1_432' title='bbox 1206 3275 1316 3339; x_wconf 86' lang='grc' dir='ltr'><strong><em>Σαλω-</em></strong></span> 
     </span>
     <span class='ocr_line' id='line_1_38' title="bbox 266 3355 1318 3443; baseline -0.003 -20"><span class='ocrx_word' id='word_1_433' title='bbox 266 3366 300 3423; x_wconf 87' lang='grc' dir='ltr'><em>Κ</em></span> <span class='ocrx_word' id='word_1_434' title='bbox 312 3366 342 3422; x_wconf 83' lang='grc' dir='ltr'><strong><em>Ε</em></strong></span> <span class='ocrx_word' id='word_1_435' title='bbox 353 3366 392 3424; x_wconf 84' lang='grc' dir='ltr'><strong><em>Φ.</em></strong></span> <span class='ocrx_word' id='word_1_436' title='bbox 434 3356 484 3423; x_wconf 86' lang='lat' dir='ltr'><strong><em>Z&#39;.</em></strong></span> <span class='ocrx_word' id='word_1_437' title='bbox 709 3357 840 3443; x_wconf 88' lang='grc' dir='ltr'><strong><em>μώντὸν</em></strong></span> <span class='ocrx_word' id='word_1_438' title='bbox 857 3357 1073 3434; x_wconf 86' lang='grc' dir='ltr'><strong><em>ολκονκυοίου,</em></strong></span> <span class='ocrx_word' id='word_1_439' title='bbox 1097 3355 1216 3420; x_wconf 72' lang='grc' dir='ltr'><strong><em>καὶτὸν</em></strong></span> <span class='ocrx_word' id='word_1_440' title='bbox 1233 3356 1318 3420; x_wconf 76' lang='grc' dir='ltr'><strong><em>οἶκον</em></strong></span> 
     </span>
     <span class='ocr_line' id='line_1_39' title="bbox 69 3408 1318 3527; baseline -0.004 -21"><span class='ocrx_word' id='word_1_441' title='bbox 69 3408 158 3506; x_wconf 77' lang='grc' dir='ltr'><strong><em>Καὶ</em></strong></span> <span class='ocrx_word' id='word_1_442' title='bbox 169 3439 209 3515; x_wconf 82' lang='grc' dir='ltr'><strong><em>ὦς</em></strong></span> <span class='ocrx_word' id='word_1_443' title='bbox 220 3442 379 3506; x_wconf 79' lang='grc' dir='ltr'><strong><em>συνετέλεσε</em></strong></span> <span class='ocrx_word' id='word_1_444' title='bbox 388 3439 545 3523; x_wconf 88' lang='grc' dir='ltr'><strong><em>Σαλωμών</em></strong></span> <span class='ocrx_word' id='word_1_445' title='bbox 555 3466 679 3526; x_wconf 88' lang='grc' dir='ltr'><strong><em>προςευ-</em></strong></span> <span class='ocrx_word' id='word_1_446' title='bbox 710 3448 766 3508; x_wconf 89' lang='grc' dir='ltr'><strong><em>τοῦ</em></strong></span> <span class='ocrx_word' id='word_1_447' title='bbox 778 3441 935 3527; x_wconf 80' lang='grc' dir='ltr'><strong><em>βασιλέως,</em></strong></span> <span class='ocrx_word' id='word_1_448' title='bbox 953 3420 1006 3503; x_wconf 83' lang='grc' dir='ltr'><strong><em>καλ</em></strong></span> <span class='ocrx_word' id='word_1_449' title='bbox 1017 3436 1120 3504; x_wconf 88' lang='grc' dir='ltr'><strong><em>πάντα</em></strong></span> <span class='ocrx_word' id='word_1_450' title='bbox 1132 3434 1192 3503; x_wconf 79' lang='grc' dir='ltr'><strong><em>ὅσα</em></strong></span> <span class='ocrx_word' id='word_1_451' title='bbox 1205 3435 1318 3521; x_wconf 76' lang='grc' dir='ltr'><strong><em>ἦθέλη-</em></strong></span> 
     </span>
     <span class='ocr_line' id='line_1_40' title="bbox 68 3520 1318 3625; baseline -0.002 -39"><span class='ocrx_word' id='word_1_452' title='bbox 68 3520 204 3610; x_wconf 87' lang='grc' dir='ltr'><strong><em>χάμενος,</em></strong></span> <span class='ocrx_word' id='word_1_453' title='bbox 229 3528 280 3588; x_wconf 86' lang='grc' dir='ltr'><strong><em>καί</em></strong></span> <span class='ocrx_word' id='word_1_454' title='bbox 296 3523 332 3586; x_wconf 87' lang='grc' dir='ltr'><strong><em>τὸ</em></strong></span> <span class='ocrx_word' id='word_1_455' title='bbox 356 3529 417 3607; x_wconf 90' lang='grc' dir='ltr'><strong><em>πῦρ</em></strong></span> <span class='ocrx_word' id='word_1_456' title='bbox 437 3528 547 3625; x_wconf 67' lang='grc' dir='ltr'><strong><em>κατέῷη</em></strong></span> <span class='ocrx_word' id='word_1_457' title='bbox 573 3529 604 3588; x_wconf 84' lang='grc' dir='ltr'><strong><em>ίκ</em></strong></span> <span class='ocrx_word' id='word_1_458' title='bbox 624 3529 679 3588; x_wconf 88' lang='grc' dir='ltr'><strong><em>τοῦ</em></strong></span> <span class='ocrx_word' id='word_1_459' title='bbox 711 3549 761 3590; x_wconf 90' lang='grc' dir='ltr'><strong><em>σεν</em></strong></span> <span class='ocrx_word' id='word_1_460' title='bbox 773 3528 806 3588; x_wconf 78' lang='grc' dir='ltr'><strong><em>ἐν</em></strong></span> <span class='ocrx_word' id='word_1_461' title='bbox 817 3528 854 3617; x_wconf 74' lang='grc' dir='ltr'><strong><em>τῷ</em></strong></span> <span class='ocrx_word' id='word_1_462' title='bbox 867 3527 949 3614; x_wconf 77' lang='grc' dir='ltr'><strong><em>ψυχῇ</em></strong></span> <span class='ocrx_word' id='word_1_463' title='bbox 959 3520 1120 3603; x_wconf 85' lang='grc' dir='ltr'><strong><em>Σαλωμών</em></strong></span> <span class='ocrx_word' id='word_1_464' title='bbox 1130 3525 1185 3584; x_wconf 84' lang='grc' dir='ltr'><strong><em>τοῦ</em></strong></span> <span class='ocrx_word' id='word_1_465' title='bbox 1194 3524 1318 3602; x_wconf 73' lang='grc' dir='ltr'><strong><em>ποιῆσαι</em></strong></span> 
     </span>
     <span class='ocr_line' id='line_1_41' title="bbox 71 3600 1320 3692; baseline -0.006 -20"><span class='ocrx_word' id='word_1_466' title='bbox 71 3607 217 3692; x_wconf 87' lang='grc' dir='ltr'><strong><em>ούρανοῦ,</em></strong></span> <span class='ocrx_word' id='word_1_467' title='bbox 231 3608 282 3670; x_wconf 83' lang='grc' dir='ltr'><strong><em>καί</em></strong></span> <span class='ocrx_word' id='word_1_468' title='bbox 295 3607 443 3686; x_wconf 80' lang='grc' dir='ltr'><strong><em>κατέφαγε</em></strong></span> <span class='ocrx_word' id='word_1_469' title='bbox 454 3605 494 3670; x_wconf 84' lang='grc' dir='ltr'><strong><em>τά</em></strong></span> <span class='ocrx_word' id='word_1_470' title='bbox 508 3602 681 3670; x_wconf 88' lang='grc' dir='ltr'><strong><em>ολοκαυτώ-</em></strong></span> <span class='ocrx_word' id='word_1_471' title='bbox 712 3611 742 3671; x_wconf 79' lang='grc' dir='ltr'><strong><em>ἐν</em></strong></span> <span class='ocrx_word' id='word_1_472' title='bbox 755 3609 828 3690; x_wconf 81' lang='grc' dir='ltr'><strong><em>οἴκῳ</em></strong></span> <span class='ocrx_word' id='word_1_473' title='bbox 841 3611 943 3690; x_wconf 88' lang='grc' dir='ltr'><strong><em>κυρίου</em></strong></span> <span class='ocrx_word' id='word_1_474' title='bbox 956 3607 1007 3669; x_wconf 86' lang='grc' dir='ltr'><strong><em>καὶ</em></strong></span> <span class='ocrx_word' id='word_1_475' title='bbox 1018 3607 1049 3668; x_wconf 78' lang='grc' dir='ltr'><strong><em>ἐν</em></strong></span> <span class='ocrx_word' id='word_1_476' title='bbox 1058 3605 1130 3686; x_wconf 86' lang='grc' dir='ltr'><strong><em>οίκῳ</em></strong></span> <span class='ocrx_word' id='word_1_477' title='bbox 1140 3600 1236 3667; x_wconf 82' lang='grc' dir='ltr'><strong><em>αὐτοῦ</em></strong></span> <span class='ocrx_word' id='word_1_478' title='bbox 1244 3600 1320 3666; x_wconf 87' lang='grc' dir='ltr'><strong><em>εῦιο-</em></strong></span> 
     </span>
     <span class='ocr_line' id='line_1_42' title="bbox 70 3681 1318 3773; baseline -0.005 -17"><span class='ocrx_word' id='word_1_479' title='bbox 70 3716 153 3773; x_wconf 92' lang='grc' dir='ltr'><strong><em>ματα</em></strong></span> <span class='ocrx_word' id='word_1_480' title='bbox 166 3692 217 3755; x_wconf 84' lang='grc' dir='ltr'><strong><em>καί</em></strong></span> <span class='ocrx_word' id='word_1_481' title='bbox 229 3689 285 3766; x_wconf 87' lang='grc' dir='ltr'><strong><em>τάς</em></strong></span> <span class='ocrx_word' id='word_1_482' title='bbox 296 3693 416 3765; x_wconf 80' lang='grc' dir='ltr'><strong><em>θυσίας,</em></strong></span> <span class='ocrx_word' id='word_1_483' title='bbox 428 3691 478 3754; x_wconf 81' lang='grc' dir='ltr'><strong><em>καί</em></strong></span> <span class='ocrx_word' id='word_1_484' title='bbox 491 3685 565 3764; x_wconf 89' lang='grc' dir='ltr'><strong><em>δόξα</em></strong></span> <span class='ocrx_word' id='word_1_485' title='bbox 578 3695 681 3773; x_wconf 85' lang='grc' dir='ltr'><strong><em>κυρίου</em></strong></span> <span class='ocrx_word' id='word_1_486' title='bbox 713 3686 807 3772; x_wconf 89' lang='grc' dir='ltr'><strong><em>δώθη.</em></strong></span> <span class='ocrx_word' id='word_1_487' title='bbox 833 3693 860 3731; x_wconf 84' lang='lat'><strong><em>¹²</em></strong></span> <span class='ocrx_word' id='word_1_488' title='bbox 872 3689 924 3753; x_wconf 85' lang='grc' dir='ltr'><strong><em>καί</em></strong></span> <span class='ocrx_word' id='word_1_489' title='bbox 936 3687 1028 3769; x_wconf 84' lang='grc' dir='ltr'><strong><em>ώφθη</em></strong></span> <span class='ocrx_word' id='word_1_490' title='bbox 1040 3681 1141 3773; x_wconf 89' lang='grc' dir='ltr'><strong><em>κύριος</em></strong></span> <span class='ocrx_word' id='word_1_491' title='bbox 1153 3689 1197 3770; x_wconf 85' lang='grc' dir='ltr'><strong><em>τῷ</em></strong></span> <span class='ocrx_word' id='word_1_492' title='bbox 1209 3686 1318 3750; x_wconf 85' lang='grc' dir='ltr'><strong><em>Σαλω-</em></strong></span> 
     </span>
     <span class='ocr_line' id='line_1_43' title="bbox 72 3767 1318 3859; baseline -0.005 -18"><span class='ocrx_word' id='word_1_493' title='bbox 72 3774 181 3859; x_wconf 81' lang='grc' dir='ltr'><strong><em>ἔπλησε</em></strong></span> <span class='ocrx_word' id='word_1_494' title='bbox 201 3773 253 3837; x_wconf 89' lang='grc' dir='ltr'><strong><em>τὸν</em></strong></span> <span class='ocrx_word' id='word_1_495' title='bbox 265 3772 348 3839; x_wconf 85' lang='grc' dir='ltr'><strong><em>οίκον</em></strong></span> <span class='ocrx_word' id='word_1_496' title='bbox 372 3775 451 3838; x_wconf 79' lang='grc' dir='ltr'><strong><em>2ιιαί</em></strong></span> <span class='ocrx_word' id='word_1_497' title='bbox 467 3770 522 3837; x_wconf 88' lang='grc' dir='ltr'><strong><em>οῦιι</em></strong></span> <span class='ocrx_word' id='word_1_498' title='bbox 537 3768 682 3855; x_wconf 73' lang='grc' dir='ltr'><strong><em>ἠδύναντο</em></strong></span> <span class='ocrx_word' id='word_1_499' title='bbox 712 3772 776 3855; x_wconf 86' lang='grc' dir='ltr'><strong><em>μών</em></strong></span> <span class='ocrx_word' id='word_1_500' title='bbox 789 3772 842 3856; x_wconf 74' lang='grc' dir='ltr'><strong><em>τὴν</em></strong></span> <span class='ocrx_word' id='word_1_501' title='bbox 854 3776 956 3847; x_wconf 85' lang='grc' dir='ltr'><strong><em>νύκτα,</em></strong></span> <span class='ocrx_word' id='word_1_502' title='bbox 968 3774 1019 3836; x_wconf 86' lang='grc' dir='ltr'><strong><em>καί</em></strong></span> <span class='ocrx_word' id='word_1_503' title='bbox 1030 3768 1109 3835; x_wconf 81' lang='grc' dir='ltr'><strong><em>εἶπεν</em></strong></span> <span class='ocrx_word' id='word_1_504' title='bbox 1121 3767 1213 3852; x_wconf 82' lang='grc' dir='ltr'><strong><em>αύτῷ.</em></strong></span> <span class='ocrx_word' id='word_1_505' title='bbox 1228 3769 1318 3854; x_wconf 78' lang='grc' dir='ltr'><strong><em>ἤκου-</em></strong></span> 
     </span>
     <span class='ocr_line' id='line_1_44' title="bbox 72 3850 1319 3942; baseline -0.004 -18"><span class='ocrx_word' id='word_1_506' title='bbox 72 3863 104 3924; x_wconf 84' lang='grc' dir='ltr'><strong><em>οί</em></strong></span> <span class='ocrx_word' id='word_1_507' title='bbox 115 3863 198 3942; x_wconf 84' lang='grc' dir='ltr'><strong><em>ίερείς</em></strong></span> <span class='ocrx_word' id='word_1_508' title='bbox 211 3856 349 3933; x_wconf 82' lang='grc' dir='ltr'><strong><em>είςελθεῖν</em></strong></span> <span class='ocrx_word' id='word_1_509' title='bbox 362 3860 401 3932; x_wconf 83' lang='grc' dir='ltr'><strong><em>εἰς</em></strong></span> <span class='ocrx_word' id='word_1_510' title='bbox 416 3853 471 3922; x_wconf 86' lang='grc' dir='ltr'><strong><em>τὸν</em></strong></span> <span class='ocrx_word' id='word_1_511' title='bbox 486 3854 569 3920; x_wconf 76' lang='grc' dir='ltr'><strong><em>οἶκον</em></strong></span> <span class='ocrx_word' id='word_1_512' title='bbox 581 3861 681 3939; x_wconf 91' lang='grc' dir='ltr'><strong><em>κυρίου</em></strong></span> <span class='ocrx_word' id='word_1_513' title='bbox 713 3883 752 3922; x_wconf 94' lang='grc' dir='ltr'><strong><em>σα</em></strong></span> <span class='ocrx_word' id='word_1_514' title='bbox 763 3860 817 3940; x_wconf 80' lang='grc' dir='ltr'><strong><em>της</em></strong></span> <span class='ocrx_word' id='word_1_515' title='bbox 828 3859 985 3940; x_wconf 75' lang='grc' dir='ltr'><strong><em>προςευχῆς</em></strong></span> <span class='ocrx_word' id='word_1_516' title='bbox 998 3881 1065 3928; x_wconf 92' lang='grc' dir='ltr'><strong><em>σου,</em></strong></span> <span class='ocrx_word' id='word_1_517' title='bbox 1090 3856 1141 3918; x_wconf 79' lang='grc' dir='ltr'><strong><em>καί</em></strong></span> <span class='ocrx_word' id='word_1_518' title='bbox 1152 3850 1319 3939; x_wconf 77' lang='grc' dir='ltr'><strong><em>ἐξελεξάμην</em></strong></span> 
     </span>
     <span class='ocr_line' id='line_1_45' title="bbox 73 3934 1318 4028; baseline -0.002 -21"><span class='ocrx_word' id='word_1_519' title='bbox 73 3946 104 4007; x_wconf 80' lang='grc' dir='ltr'><strong><em>ἓν</em></strong></span> <span class='ocrx_word' id='word_1_520' title='bbox 115 3947 159 4026; x_wconf 84' lang='grc' dir='ltr'><strong><em>τῷ</em></strong></span> <span class='ocrx_word' id='word_1_521' title='bbox 172 3946 269 4028; x_wconf 89' lang='grc' dir='ltr'><strong><em>καιρῷ</em></strong></span> <span class='ocrx_word' id='word_1_522' title='bbox 282 3945 398 4023; x_wconf 77' lang='grc' dir='ltr'><strong><em>ἐκείνῳ,</em></strong></span> <span class='ocrx_word' id='word_1_523' title='bbox 425 3937 472 4005; x_wconf 82' lang='grc' dir='ltr'><strong><em>ὅτι</em></strong></span> <span class='ocrx_word' id='word_1_524' title='bbox 486 3939 593 4023; x_wconf 70' lang='grc' dir='ltr'><strong><em>ἔπλησε</em></strong></span> <span class='ocrx_word' id='word_1_525' title='bbox 606 3934 681 4016; x_wconf 90' lang='grc' dir='ltr'><strong><em>δόξα</em></strong></span> <span class='ocrx_word' id='word_1_526' title='bbox 712 3945 744 4005; x_wconf 78' lang='grc' dir='ltr'><strong><em>ἐν</em></strong></span> <span class='ocrx_word' id='word_1_527' title='bbox 762 3944 805 4023; x_wconf 89' lang='grc' dir='ltr'><strong><em>τῷ</em></strong></span> <span class='ocrx_word' id='word_1_528' title='bbox 824 3935 909 4021; x_wconf 86' lang='grc' dir='ltr'><strong><em>τόπῳ</em></strong></span> <span class='ocrx_word' id='word_1_529' title='bbox 928 3934 1027 4022; x_wconf 83' lang='grc' dir='ltr'><strong><em>τούτῳ</em></strong></span> <span class='ocrx_word' id='word_1_530' title='bbox 1043 3941 1160 4021; x_wconf 75' lang='grc' dir='ltr'><strong><em>ἐμαυτῷ</em></strong></span> <span class='ocrx_word' id='word_1_531' title='bbox 1178 3944 1216 4014; x_wconf 81' lang='grc' dir='ltr'><strong><em>είς</em></strong></span> <span class='ocrx_word' id='word_1_532' title='bbox 1235 3938 1318 4005; x_wconf 89' lang='grc' dir='ltr'><strong><em>οίκον</em></strong></span> 
     </span>
     <span class='ocr_line' id='line_1_46' title="bbox 73 4020 1319 4110; baseline -0.002 -20"><span class='ocrx_word' id='word_1_533' title='bbox 73 4033 176 4110; x_wconf 88' lang='grc' dir='ltr'><strong><em>κυρίου</em></strong></span> <span class='ocrx_word' id='word_1_534' title='bbox 189 4023 241 4090; x_wconf 85' lang='grc' dir='ltr'><strong><em>τὸν</em></strong></span> <span class='ocrx_word' id='word_1_535' title='bbox 256 4024 345 4089; x_wconf 84' lang='grc' dir='ltr'><strong><em>οἶκον.</em></strong></span> <span class='ocrx_word' id='word_1_536' title='bbox 367 4025 445 4090; x_wconf 70' lang='grc' dir='ltr'><strong><em>3καὶ</em></strong></span> <span class='ocrx_word' id='word_1_537' title='bbox 457 4020 565 4099; x_wconf 89' lang='grc' dir='ltr'><strong><em>πάντες</em></strong></span> <span class='ocrx_word' id='word_1_538' title='bbox 578 4028 609 4089; x_wconf 86' lang='grc' dir='ltr'><strong><em>οί</em></strong></span> <span class='ocrx_word' id='word_1_539' title='bbox 622 4027 681 4089; x_wconf 79' lang='grc' dir='ltr'><strong><em>υἱοί</em></strong></span> <span class='ocrx_word' id='word_1_540' title='bbox 712 4031 830 4100; x_wconf 86' lang='grc' dir='ltr'><strong><em>θυσίας.</em></strong></span> <span class='ocrx_word' id='word_1_541' title='bbox 848 4025 875 4066; x_wconf 85' lang='lat'><strong><em>¹³</em></strong></span> <span class='ocrx_word' id='word_1_542' title='bbox 886 4020 939 4088; x_wconf 81' lang='grc' dir='ltr'><strong><em>ἐάν</em></strong></span> <span class='ocrx_word' id='word_1_543' title='bbox 952 4026 1052 4108; x_wconf 83' lang='grc' dir='ltr'><strong><em>συσχώ</em></strong></span> <span class='ocrx_word' id='word_1_544' title='bbox 1064 4021 1116 4088; x_wconf 86' lang='grc' dir='ltr'><strong><em>τὸν</em></strong></span> <span class='ocrx_word' id='word_1_545' title='bbox 1128 4020 1257 4110; x_wconf 88' lang='grc' dir='ltr'><strong><em>οῦρανὸν</em></strong></span> <span class='ocrx_word' id='word_1_546' title='bbox 1268 4027 1319 4088; x_wconf 84' lang='grc' dir='ltr'><strong><em>καί</em></strong></span> 
     </span>
     <span class='ocr_line' id='line_1_47' title="bbox 72 4103 1320 4217; baseline -0.003 -44"><span class='ocrx_word' id='word_1_547' title='bbox 72 4108 193 4192; x_wconf 70' lang='grc' dir='ltr'><strong><em>Ἰσραὴλ</em></strong></span> <span class='ocrx_word' id='word_1_548' title='bbox 219 4105 322 4193; x_wconf 79' lang='grc' dir='ltr'><strong><em>ἑώρων</em></strong></span> <span class='ocrx_word' id='word_1_549' title='bbox 346 4112 526 4217; x_wconf 74' lang='grc' dir='ltr'><strong><em>καταχίαῖνον</em></strong></span> <span class='ocrx_word' id='word_1_550' title='bbox 549 4106 585 4171; x_wconf 86' lang='grc' dir='ltr'><strong><em>τὸ</em></strong></span> <span class='ocrx_word' id='word_1_551' title='bbox 608 4112 680 4195; x_wconf 89' lang='grc' dir='ltr'><strong><em>πῦρ,</em></strong></span> <span class='ocrx_word' id='word_1_552' title='bbox 711 4107 879 4192; x_wconf 75' lang='grc' dir='ltr'><strong><em>μύηγένηται</em></strong></span> <span class='ocrx_word' id='word_1_553' title='bbox 893 4105 992 4182; x_wconf 76' lang='grc' dir='ltr'><strong><em>ὑετὸς,</em></strong></span> <span class='ocrx_word' id='word_1_554' title='bbox 1017 4108 1068 4171; x_wconf 87' lang='grc' dir='ltr'><strong><em>καί</em></strong></span> <span class='ocrx_word' id='word_1_555' title='bbox 1086 4103 1320 4189; x_wconf 79' lang='grc' dir='ltr'><strong><em>ἒάνίντείλωμαι</em></strong></span> 
     </span>
     <span class='ocr_line' id='line_1_48' title="bbox 75 4187 1319 4297; baseline -0.006 -39"><span class='ocrx_word' id='word_1_556' title='bbox 75 4197 126 4258; x_wconf 83' lang='grc' dir='ltr'><strong><em>καὶ</em></strong></span> <span class='ocrx_word' id='word_1_557' title='bbox 144 4188 248 4274; x_wconf 74' lang='grc' dir='ltr'><strong><em>ηδόξα</em></strong></span> <span class='ocrx_word' id='word_1_558' title='bbox 266 4199 367 4276; x_wconf 88' lang='grc' dir='ltr'><strong><em>κυρίου</em></strong></span> <span class='ocrx_word' id='word_1_559' title='bbox 386 4195 436 4255; x_wconf 81' lang='grc' dir='ltr'><strong><em>ἐπι</em></strong></span> <span class='ocrx_word' id='word_1_560' title='bbox 449 4188 500 4257; x_wconf 89' lang='grc' dir='ltr'><strong><em>τὸν</em></strong></span> <span class='ocrx_word' id='word_1_561' title='bbox 513 4189 604 4257; x_wconf 77' lang='grc' dir='ltr'><strong><em>οἶκον.</em></strong></span> <span class='ocrx_word' id='word_1_562' title='bbox 632 4194 682 4256; x_wconf 84' lang='grc' dir='ltr'><strong><em>καλ</em></strong></span> <span class='ocrx_word' id='word_1_563' title='bbox 713 4197 751 4297; x_wconf 72' lang='grc' dir='ltr'><strong><em>τῷ</em></strong></span> <span class='ocrx_word' id='word_1_564' title='bbox 769 4191 866 4277; x_wconf 81' lang='grc' dir='ltr'><strong><em>ιἰκρίδι</em></strong></span> <span class='ocrx_word' id='word_1_565' title='bbox 884 4203 1066 4273; x_wconf 78' lang='grc' dir='ltr'><strong><em>καταφαγεῖν</em></strong></span> <span class='ocrx_word' id='word_1_566' title='bbox 1083 4187 1120 4255; x_wconf 83' lang='grc' dir='ltr'><strong><em>τό</em></strong></span> <span class='ocrx_word' id='word_1_567' title='bbox 1139 4192 1242 4267; x_wconf 90' lang='grc' dir='ltr'><strong><em>ξυλον,</em></strong></span> <span class='ocrx_word' id='word_1_568' title='bbox 1269 4191 1319 4253; x_wconf 79' lang='grc' dir='ltr'><strong><em>καὶ</em></strong></span> 
     </span>
     <span class='ocr_line' id='line_1_49' title="bbox 75 4271 1320 4361; baseline -0.005 -20"><span class='ocrx_word' id='word_1_569' title='bbox 75 4279 180 4341; x_wconf 80' lang='grc' dir='ltr'><strong><em>ἔπεσον</em></strong></span> <span class='ocrx_word' id='word_1_570' title='bbox 197 4278 246 4340; x_wconf 77' lang='grc' dir='ltr'><strong><em>ἐπὶ</em></strong></span> <span class='ocrx_word' id='word_1_571' title='bbox 265 4273 425 4361; x_wconf 88' lang='grc' dir='ltr'><strong><em>πρόςωπον</em></strong></span> <span class='ocrx_word' id='word_1_572' title='bbox 441 4277 490 4339; x_wconf 78' lang='grc' dir='ltr'><strong><em>ἐπὶ</em></strong></span> <span class='ocrx_word' id='word_1_573' title='bbox 502 4273 555 4359; x_wconf 80' lang='grc' dir='ltr'><strong><em>την</em></strong></span> <span class='ocrx_word' id='word_1_574' title='bbox 566 4281 621 4360; x_wconf 77' lang='grc' dir='ltr'><strong><em>γῆν</em></strong></span> <span class='ocrx_word' id='word_1_575' title='bbox 633 4277 682 4340; x_wconf 83' lang='grc' dir='ltr'><strong><em>ἐπὶ</em></strong></span> <span class='ocrx_word' id='word_1_576' title='bbox 713 4278 764 4339; x_wconf 80' lang='grc' dir='ltr'><strong><em>ίαν</em></strong></span> <span class='ocrx_word' id='word_1_577' title='bbox 789 4275 957 4342; x_wconf 86' lang='grc' dir='ltr'><strong><em>ἀποστείλω</em></strong></span> <span class='ocrx_word' id='word_1_578' title='bbox 981 4272 1117 4341; x_wconf 89' lang='grc' dir='ltr'><strong><em>θάνατον</em></strong></span> <span class='ocrx_word' id='word_1_579' title='bbox 1134 4279 1166 4337; x_wconf 78' lang='grc' dir='ltr'><strong><em>ἐν</em></strong></span> <span class='ocrx_word' id='word_1_580' title='bbox 1183 4277 1226 4354; x_wconf 88' lang='grc' dir='ltr'><strong><em>τῷ</em></strong></span> <span class='ocrx_word' id='word_1_581' title='bbox 1252 4271 1320 4354; x_wconf 90' lang='grc' dir='ltr'><strong><em>λαῷ</em></strong></span> 
     </span>
     <span class='ocr_line' id='line_1_50' title="bbox 77 4351 1320 4463; baseline 0.002 -40"><span class='ocrx_word' id='word_1_582' title='bbox 77 4355 113 4423; x_wconf 86' lang='grc' dir='ltr'><strong><em>τὸ</em></strong></span> <span class='ocrx_word' id='word_1_583' title='bbox 139 4354 358 4444; x_wconf 86' lang='grc' dir='ltr'><strong><em>λιθόστρωτον,</em></strong></span> <span class='ocrx_word' id='word_1_584' title='bbox 389 4364 439 4424; x_wconf 79' lang='grc' dir='ltr'><strong><em>καί</em></strong></span> <span class='ocrx_word' id='word_1_585' title='bbox 464 4358 682 4463; x_wconf 82' lang='grc' dir='ltr'><strong><em>προςεκύνησαν</em></strong></span> <span class='ocrx_word' id='word_1_586' title='bbox 711 4384 782 4440; x_wconf 88' lang='grc' dir='ltr'><strong><em>μου,</em></strong></span> <span class='ocrx_word' id='word_1_587' title='bbox 808 4360 837 4402; x_wconf 83' lang='lat'><strong><em>¹⁴</em></strong></span> <span class='ocrx_word' id='word_1_588' title='bbox 851 4363 902 4424; x_wconf 84' lang='grc' dir='ltr'><strong><em>καὶ</em></strong></span> <span class='ocrx_word' id='word_1_589' title='bbox 921 4357 972 4424; x_wconf 77' lang='grc' dir='ltr'><strong><em>ἐὰν</em></strong></span> <span class='ocrx_word' id='word_1_590' title='bbox 988 4361 1119 4442; x_wconf 78' lang='grc' dir='ltr'><strong><em>ἐντραπῆ</em></strong></span> <span class='ocrx_word' id='word_1_591' title='bbox 1137 4353 1155 4418; x_wconf 85' lang='grc' dir='ltr'><strong>ὁ</strong></span> <span class='ocrx_word' id='word_1_592' title='bbox 1173 4351 1246 4427; x_wconf 74' lang='grc' dir='ltr'><strong><em>λαός</em></strong></span> <span class='ocrx_word' id='word_1_593' title='bbox 1262 4380 1320 4436; x_wconf 79' lang='grc' dir='ltr'><strong><em>μου</em></strong></span> 
     </span>
     <span class='ocr_line' id='line_1_51' title="bbox 75 4424 1317 4532; baseline -0.008 -26"><span class='ocrx_word' id='word_1_594' title='bbox 75 4444 126 4508; x_wconf 85' lang='grc' dir='ltr'><strong><em>καὶ</em></strong></span> <span class='ocrx_word' id='word_1_595' title='bbox 139 4441 227 4523; x_wconf 73' lang='grc' dir='ltr'><strong><em>ῦνουν</em></strong></span> <span class='ocrx_word' id='word_1_596' title='bbox 245 4448 288 4526; x_wconf 87' lang='grc' dir='ltr'><strong><em>τῷ</em></strong></span> <span class='ocrx_word' id='word_1_597' title='bbox 301 4450 404 4526; x_wconf 87' lang='grc' dir='ltr'><strong><em>κυρίῳ,</em></strong></span> <span class='ocrx_word' id='word_1_598' title='bbox 424 4440 471 4506; x_wconf 81' lang='grc' dir='ltr'><strong><em>ὅτι</em></strong></span> <span class='ocrx_word' id='word_1_599' title='bbox 491 4441 621 4519; x_wconf 85' lang='grc' dir='ltr'><strong><em>αγαθὸν,</em></strong></span> <span class='ocrx_word' id='word_1_600' title='bbox 634 4437 681 4505; x_wconf 82' lang='grc' dir='ltr'><strong><em>ότι</em></strong></span> <span class='ocrx_word' id='word_1_601' title='bbox 712 4441 755 4523; x_wconf 78' lang='grc' dir='ltr'><strong><em>ἐφ’</em></strong></span> <span class='ocrx_word' id='word_1_602' title='bbox 775 4437 828 4516; x_wconf 83' lang='grc' dir='ltr'><strong><em>οῦς</em></strong></span> <span class='ocrx_word' id='word_1_603' title='bbox 841 4443 1027 4524; x_wconf 77' lang='grc' dir='ltr'><strong><em>ἐπικέκληται</em></strong></span> <span class='ocrx_word' id='word_1_604' title='bbox 1041 4439 1076 4502; x_wconf 86' lang='grc' dir='ltr'><strong><em>τὸ</em></strong></span> <span class='ocrx_word' id='word_1_605' title='bbox 1095 4424 1190 4515; x_wconf 84' lang='grc' dir='ltr'><strong><em>όνομά</em></strong></span> <span class='ocrx_word' id='word_1_606' title='bbox 1201 4462 1259 4515; x_wconf 89' lang='grc' dir='ltr'><strong><em>μου</em></strong></span> <span class='ocrx_word' id='word_1_607' title='bbox 1273 4433 1317 4532; x_wconf 73' lang='grc' dir='ltr'><strong><em>ἐπ’</em></strong></span> 
     </span>
     <span class='ocr_line' id='line_1_52' title="bbox 76 4515 1322 4608; baseline -0.002 -18"><span class='ocrx_word' id='word_1_608' title='bbox 76 4531 113 4602; x_wconf 74' lang='grc' dir='ltr'><strong><em>εἰς</em></strong></span> <span class='ocrx_word' id='word_1_609' title='bbox 132 4515 185 4590; x_wconf 71' lang='grc' dir='ltr'><strong><em>τ’ὸν</em></strong></span> <span class='ocrx_word' id='word_1_610' title='bbox 202 4530 298 4591; x_wconf 80' lang='grc' dir='ltr'><strong><em>αίιῦνα</em></strong></span> <span class='ocrx_word' id='word_1_611' title='bbox 318 4527 353 4591; x_wconf 88' lang='grc' dir='ltr'><strong><em>τὸ</em></strong></span> <span class='ocrx_word' id='word_1_612' title='bbox 368 4527 450 4602; x_wconf 82' lang='grc' dir='ltr'><strong><em>ὲλεος</em></strong></span> <span class='ocrx_word' id='word_1_613' title='bbox 468 4526 576 4592; x_wconf 82' lang='grc' dir='ltr'><strong><em>αὐτοῦ.</em></strong></span> <span class='ocrx_word' id='word_1_614' title='bbox 602 4525 682 4590; x_wconf 62' lang='grc' dir='ltr'><strong><em>*καί</em></strong></span> <span class='ocrx_word' id='word_1_615' title='bbox 713 4522 838 4603; x_wconf 85' lang='grc' dir='ltr'><strong><em>αῦτοῦς,</em></strong></span> <span class='ocrx_word' id='word_1_616' title='bbox 861 4527 911 4589; x_wconf 85' lang='grc' dir='ltr'><strong><em>καί</em></strong></span> <span class='ocrx_word' id='word_1_617' title='bbox 932 4518 1149 4608; x_wconf 62' lang='grc' dir='ltr'><strong><em>προςείίὲωνῖινι</em></strong></span> <span class='ocrx_word' id='word_1_618' title='bbox 1167 4519 1217 4579; x_wconf 64' lang='grc' dir='ltr'><strong><em>καὶ</em></strong></span> <span class='ocrx_word' id='word_1_619' title='bbox 1234 4518 1322 4596; x_wconf 66' lang='grc' dir='ltr'><strong><em>ζητο-</em></strong></span> 
     </span>
     <span class='ocr_line' id='line_1_53' title="bbox 1255 4621 1337 4660; baseline -0.012 -1"><span class='ocrx_word' id='word_1_620' title='bbox 1255 4621 1337 4660; x_wconf 64' lang='lat' dir='ltr'><strong><em>mm</em></strong></span> 
     </span>
    </p>
   </div>
   <div class='ocr_carea' id='block_1_3' title="bbox 0 0 1467 4972">
    <p class='ocr_par' dir='ltr' id='par_1_3' title="bbox 0 0 1467 4972">
     <span class='ocr_line' id='line_1_54' title="bbox 0 0 1467 4972; baseline 0 0"><span class='ocrx_word' id='word_1_621' title='bbox 0 0 1467 4972; x_wconf 95' lang='lat' dir='ltr'><strong><em> </em></strong></span> 
     </span>
    </p>
   </div>
  </div>
 </body>
</html>
