2924 4972
155 224 220 292 470
328 222 822 288 ΠΑΡΑΛΕΙΠΟΜΕΝΩΝ
840 222 970 284 ΛΕΤΤ
1018 224 1093 297 Κεφ
1107 214 1155 281 λε’
1169 218 1222 282 35

162 322 232 332 μ-
331 350 363 406 Κ
377 350 407 406 E
421 349 458 406 (Ι).
501 339 583 404 ΛΕ.
799 341 837 404 τὰ
851 365 904 424 την
916 337 1049 441 εντολην
1051 364 1105 402 του
1094 337 1275 444 βασιλέως.
1316 341 1339 378 ¹¹
1354 341 1407 403 καῖ

155 393 274 491 Καὶἒ
259 427 397 527 ἐποίησεν
410 422 529 499 Ἰωσίας
548 423 584 487 τὸ
604 421 697 528 ‹70058
715 449 759 508 τῳ
798 425 914 488 ἴθυσαν
925 420 961 487 τὸ
974 448 1079 504 φασεκ,
1089 448 1141 486 και
1131 445 1309 522 προςεχεαν
1322 425 1353 484 οἱ
1364 427 1406 486 ἱε-

154 513 247 608 κυρίῳ
258 512 322 589 θεῷ
335 506 448 582 αὐτοῦ,
475 533 526 572 και
519 510 630 572 ἔθυσε
642 507 680 571 τὸ
699 531 760 587 φα·
798 517 856 591 ρεῖς
872 532 908 571 το
897 505 1031 587 α“ίμα’
1016 531 1047 570 εκ
1066 501 1157 589 χειρὸς
1170 501 1284 609 05t5v,
1310 530 1362 568 και
1354 505 1407 570 ὀἱ

155 591 204 657 σὲκ
214 615 260 690 τη
246 572 608 715 15000553501550515‘
593 593 688 674 ημίρῳ
705 595 760 692 τρῦ
796 594 923 690 Λευῖται
942 589 1092 688 ε’ξέδειραν.
1131 589 1157 628 ¹²
1170 587 1221 650 καῖ
1239 583 1406 688 ἡτοίμασαν

152 668 242 782 μηνὸς
253 675 311 736 τοῦ
321 669 452 775 πρώτου
482 658 562 736 2καῖ
574 675 678 775 ἔστησε
690 671 761 747 τούς
798 670 870 774 τὴν
869 667 1072 736 ὁλοκαύτωσιν
1087 670 1275 772 παραδρῦναι
1300 668 1406 745 αὐτοῖς

153 761 235 839 ἱερεῖς
260 755 367 818 ἐστί’
334 781 388 830 τας
414 755 560 863 (ρολαμὰς
570 753 685 859 αύτῶν,
711 759 762 820 καὶ
797 753 876 820 κατὰ
900 751 955 837 την
980 754 1117 852 διαίρεσιν
1139 751 1202 816 κατ’
1223 753 1322 827 οἴκους
1343 781 1405 817 πα-

152 842 326 919 κατίσχυσεν
343 835 453 911 αύτούς
472 842 511 912 εἰς
528 836 566 902 τὰ
586 840 658 921 ἔργα
677 837 760 902 οἴκου
798 842 887 939 τριῶν
900 848 962 911 τοῖς
975 841 1048 911 υἱοῖς
1060 862 1115 901 του
1103 835 1221 910 λαοῦ,
1243 839 1300 898 τοῦ
1312 861 1405 919 προς-

152 921 304 1005 κυρίου.3
317 946 368 984 και
361 918 445 984 ἐἱπε
464 931 527 994 τοῖς
539 927 678 994 Λευίταις
696 931 761 994 τοῖς
797 917 878 997 άγειν
890 925 935 1003 τῷ
947 927 1055 1003 κυρίῳ,
1081 916 1121 992 ὡς
1126 922 1302 1021 γέγραπται
1314 920 1345 982 ἐν
1357 923 1404 1022 βί

154 1003 435 1105 δυνατοῖςξνπαντι
427 1000 579 1087 ”Ισραηλ,
603 1007 659 1108 τρῦ
673 998 758 1078 ἆγια·
797 1003 861 1128 βλῳ
873 1009 1007 1107 Μωυσῆ.
1034 1005 1085 1066 καί
1104 1026 1200 1075 ουτως
1212 1025 1250 1074 εις
1263 1024 1298 1062 το
1312 1003 1402 1102 πρωί.

153 1089 265 1187 055705
278 1082 387 1159 αύτούς
400 1091 444 1167 τῷ
440 1091 557 1185 κυρίῳ,
582 1112 633 1149 και
625 1087 810 1166 ⁸55qxav¹
811 1088 881 1150 3καὶ
893 1085 1036 1167 ὤπτησαν
1049 1083 1085 1150 τὸ
1096 1083 1192 1186 ᾳασὲκ
1203 1085 1234 1148 ἐν
1234 1087 1317 1185 πυρὶ
1326 1084 1404 1147 κατὰ

152 1167 206 1270 τὴν
222 1164 395 1268 κιβωτὸν
364 1193 418 1249 την
432 1163 522 1244 ἁγίαν
539 1173 578 1243 εἰς
595 1167 649 1267 157
667 1167 760 1243 οἷκον,
798 1167 852 1251 την
875 1174 985 1254 κρίσιν,
1010 1170 1062 1232 καὶ
1083 1168 1122 1231 τὰ
1141 1165 1210 1244 ἅγια
1232 1161 1354 1248 555003
1373 1171 1403 1232 ἐν

153 1246 189 1315 ὃν
213 1245 387 1351 ᾠκοδόμησε
403 1248 611 1356 Σαλῳμών“
581 1248 643 1324 υιὸς
664 1251 762 1315 Δαυὶδ
798 1262 862 1326 τοῖς
878 1250 1035 1358 χαλκείοις
1033 1252 1083 1314 καὶ
1096 1253 1126 1313 ἐν
1138 1260 1202 1323 τοῖς
1214 1249 1331 1350 λε’χίησι,
1354 1252 1404 1314 καὶ

151 1358 207 1398 του
194 1333 377 1437 χίασιλίως
375 1329 507 1435 Ἰσραηλ
520 1335 571 1398 καί
584 1359 596 1396 ε
597 1331 661 1435 ίπεν
673 1359 691 1397 0
677 1331 760 1438 χῖα
788 1331 959 1442 5555555,
985 1359 1037 1398 και
1029 1333 1183 1417 “ἐδραμον
1199 1357 1276 1416 προς
1289 1358 1403 1435 παντας

153 1411 256 1489 σιλεύς.
283 1414 338 1480 οὐκ
356 1419 435 1482 ἔστιν
450 1414 570 1499 ύμῖνέπ
587 1415 759 1502 ὤμωναραι
798 1415 870 1491 τούς
888 1420 971 1491 υιου,
983 1441 1040 1480 του
1025 1414 1140 1522 5005
1168 1413 1261 1479 14καὶ
1277 1416 1369 1518 μετὰ
1368 1414 1402 1479 τὸ

152 1496 246 1562 οὐδέν.
272 1503 324 1562 νῦν
343 1487 396 1562 σύν
413 1496 639 1605 λειτουργήσατε
651 1505 695 1581 τῷ
707 1526 759 1563 κυ-
798 1501 951 1580 ἑτοιμάσαι
963 1497 1128 1574 αὐτοῖςκαὶ
1140 1508 1202 1572 τοῖς
1215 1503 1343 1602 ἱερεῦσιν,
1357 1495 1401 1563 ὅτι

151 1586 210 1683 ρίῳ
221 1585 284 1663 θεῷ
299 1604 388 1663 υμων,
400 1607 452 1645 και
463 1605 505 1645 τω
492 1580 627 1666 λαῴ’
591 1587 694 1686 αυτοῦν
697 1580 759 1646 Ἰσ-
799 1608 830 1647 οι
820 1584 976 1684 ’ἱερεῖςέν
960 1587 1036 1664 ντῷ
1044 1605 1209 1682 αναρερειν
1221 1606 1260 1644 τα
1275 1578 1402 1646 ὁλοκαυ-

152 1659 238 1746 ραηλ
266 1647 348 1729 ι*καὶ
360 1646 570 1771 ἱτοιμύρδητε
579 1663 642 1730 κατ’
659 1666 759 1739 οἴκους
797 1661 922 1772 τοίματα
947 1664 1056 1729 καὶτὰ
1077 1667 1189 1728 στέατα
1212 1669 1268 1738 ἕως
1289 1664 1402 1740 νυκτὸς,

151 1751 305 1848 πατρῳὶν
309 1743 404 1831 ύμων,
429 1748 481 1811 καὶ
496 1747 574 1813 κατὰ
586 1747 640 1824 τὰς
653 1751 759 1833 ἐφημε-
797 1752 849 1814 καί
867 1773 898 1812 οι
888 1744 1068 1812 ‘Amitae‘
1053 1753 1219 1855 ητοίμασαν
1231 1745 1334 1821 αὑτοῖς
1352 1753 1403 1813 καὶ

172 1827 253 1903 ίαςὶ
240 1832 336 1931 υμῶν,
362 1826 441 1893 κατὰ
458 1828 512 1914 τὴν
527 1831 659 1933 γραφην
662 1831 760 1896 Δαυὶδ
797 1842 860 1905 τοῖς
885 1830 1022 1910 ἀδελφοῖς
1046 1828 1149 1894 αὐτῶν
1178 1835 1251 1904 υἱοῖς
1273 1826 1400 1935 ’Λαρών

171 1910 302 2018 ασιλέως
305 1909 444 2011 Ἰσραὴλ,
462 1939 512 1977 και
505 1913 574 1977 ’διὰ
586 1913 680 1998 χειρὸς
692 1921 758 1978 Σα·
796 1915 823 1957 ¹⁶
834 1916 885 1978 καί
897 1939 930 1978 οι
920 1913 1101 2015 ’ψμλτῳδοὶ
1115 1912 1302 2018 υἱοὶἈσὰω’
1287 1916 1336 1975 επὶ
1349 1917 1402 1996 της

172 1990 260 2076 ωμών
273 1998 340 2058 υἱοῦ
353 1991 457 2096 05105.
481 1996 494 2036 ⁵
508 1999 559 2060 καὶ
572 2003 659 2079 στῆτε
671 2001 702 2062 ἐν
714 2001 758 2079 τῷ
797 1993 928 2103 στόσεῳς
940 1995 1040 2061 αύτων
1051 1996 1129 2061 κατὰ
1142 1995 1194 2070 τὰς
1207 1994 1325 2100 ἐντρλὰς
1338 2001 1402 2060 Λα-

153 2077 227 2176 αἴκα
251 2074 331 2140 κατὰ
348 2075 402 2151 τὰς
418 2078 623 2180 διαιρέσεις
588 2104 683 2144 οικων
696 2106 756 2143 πα-
796 2081 845 2145 υὶδ
856 2105 907 2144 και
899 2076 1025 2160 ”Λσὰφ,
1037 2105 1087 2144 και
1081 2077 1206 2161 Αιμαν,
1217 2105 1267 2143 και
1260 2077 1401 2187 ”Ιδιθμῖμ

151 2142 241 2259 πρίων
259 2156 340 2241 ὑμῶν
357 2171 419 2234 τοῖς
437 2158 601 2243 5553033‘
588 2167 669 2243 υμῶν
683 2166 758 2261 υἱοῖς
796 2168 989 2269 οἱπροφῆται
1002 2163 1219 2310 τυῦηῖῳσιλίως.
1241 2163 1291 2227 καὶ
1304 2162 1400 2269 οἱᾶρ-

150 2246 207 2307 τοῦ
232 2242 324 2316 λαοῦ,
349 2246 400 2308 καὶ
420 2245 516 2346 μερίς
526 2246 610 2310 οἴκου
628 2248 758 2345 πατριᾶς
795 2270 918 2347 χοντες
908 2247 972 2348 καὶς
977 2249 1007 2309 οἱ
1023 2272 1064 2309 πο
1109 2271 1157 2330 ροι
1149 2241 1290 2347 “πύλης
1281 2248 1332 2309 καὶ
1343 2243 1400 2309 πύ-

150 2335 216 2400 τοῖς
228 2331 377 2401 Λευίταις.
391 2328 463 2391 6καὶ
474 2322 590 2392 θύσατε
602 2323 639 2391 τό
652 2326 756 2430 30055,
795 2325 918 2413 λης,’
885 2354 940 2393 ουκ
953 2327 989 2412 ἦν
1002 2326 1113 2438 αύτρῖς
1116 2338 1260 2430 κινεῖρθαι
1274 2326 1336 2394 ἀπὸ
1349 2334 1400 2411 τῆς

150 2410 203 2473 καὶ
226 2404 401 2508 ἑτοιμάσατε
426 2421 490 2485 τοῖς
499 2408 678 2511 055553053‘
665 2414 757 2517 υμρῖν,
794 2413 976 2515 λειτουργίας
987 2416 1048 2475 τῶν
1060 2408 1163 2490 ἁγίων,
1177 2407 1224 2475 ὅτι
1237 2409 1400 2491 οἱᾶδελφοὶ

149 2495 207 2555 τοῦ
230 2496 353 2597 ποιησαι
376 2489 454 2557 κατὰ
476 2492 528 2557 τὸν
544 2489 635 2570 λόγον
652 2499 757 2594 κυρίου
795 2494 896 2561 αὐτῶν
914 2520 945 2559 οι
936 2492 1120 2558 Λευῖται
1106 2501 1270 2602 ητοιμασαν
1288 2493 1397 2592 αὐτοῖς.

150 2572 201 2638 διὰ
218 2575 313 2661 χειρὸς
319 2579 465 2685 Μῳυσῆ
505 2578 581 2641 7καῖ
599 2573 756 2677 ἄπηρξατο
794 2579 878 2643 18καὶ
865 2574 1084 2678 κατωρθώθη
1097 2605 1148 2642 και
1141 2575 1329 2681 ητοιμασθη
1339 2605 1400 2641 πα

147 2652 266 2732 Ἰωσίας
283 2670 345 2732 τοῖς
359 2663 434 2764 υῖρῖς
450 2684 505 2722 του
492 2661 597 2725 λαοῦ
592 2656 755 2766 πρόβατα,
796 2687 834 2725 σα
860 2688 877 2744 η
865 2657 1061 2746 ίλειτουργία
1079 2668 1182 2765 κυρίου
1202 2666 1232 2726 ἐν
1249 2667 1286 2755 τῇ
1304 2661 1400 2766 ᾑμέρᾳ

149 2741 201 2803 καὶ
212 2738 332 2823 ἀμνούς,
345 2766 400 2803 και
390 2740 558 2842 ’ἐρίῳους’
541 2742 604 2807 απὸ
617 2747 678 2808 τοῖν
689 2746 756 2806 τέκ-
795 2747 904 2847 ἐκείνη
899 2749 956 2810 τοῦ
968 2750 1091 2847 ποιησαι
1104 2745 1139 2809 τὸ
1151 2744 1270 2851 σασὲμ,
1264 2771 1314 2808 και
1307 2747 1400 2820 Ἣένεγ

95 2837 97 2841 “
149 2845 209 2886 νων
221 2846 282 2922 τῳν
299 2827 407 2899 αἰγῶν,
430 2818 532 2888 πάντα
545 2829 583 2899 εἷς
596 2823 631 2888 τὸ
650 2824 755 2926 φασίκ,
795 2840 854 2892 κεῖν
871 2852 910 2892 τα
897 2825 1193 2928 ’ὁλοκαυτωματα’
1177 2830 1228 2890 επὶ
1241 2827 1275 2892 τὸ
1288 2838 1399 2892 θυσια-

150 2908 202 2968 καί
213 2904 329 2978 πάντας
344 2903 413 2979 τοὺς
431 2903 639 2988 εὑρεθέντας
615 2933 653 2983 εις
666 2906 756 3008 ᾇριθ-
795 2907 913 2994 στηριον
930 2915 1034 3011 κυρίου
1047 2907 1125 2973 κατὰ
1143 2907 1198 2991 τὴν
1211 2935 1241 2972 εν
1217 2909 1332 2993 ’τολην
1344 2911 1400 2972 τοῦ

149 2984 206 3070 μὸν
218 2985 381 3086 τριάκοντα
398 2988 548 3091 χιλιάδας,
573 2992 624 3056 καὶ
636 2987 756 3092 μόσχων
793 2990 954 3101 50015503'
953 2998 1069 3056 Ιωσίου.
1109 2992 1136 3031 ¹⁷
1147 3015 1198 3055 και
1191 2994 1399 3092 ’ἐποίησαν
1369 3018 1400 3054 οι

149 3079 228 3153 τρεῖς
238 3064 384 3153 χιλιάδας,
406 3077 503 3136 ταῦτα
516 3071 578 3137 ἀπὸ
592 3079 644 3178 της
658 3070 755 3160 ύπάρ-
795 3078 856 3140 υἱοί
877 3073 1000 3157 Ἰσραὴλ
1017 3099 1048 3136 οι
1038 3069 1252 3171 ἐύρεθίντες
1245 3072 1281 3135 τὸ
1298 3072 1399 3174 φασξκ

149 3153 450 3254 ξεῳςτούβασιλέως.
482 3156 606 3220 ῧκαὶοῖ
619 3156 755 3266 ἄρχοντες
793 3163 824 3223 ἐν
841 3161 886 3239 τῷ
902 3181 1013 3258 καιρῳ
980 3157 1126 3254 ἐκείνῳ,
1151 3154 1203 3216 καί
1220 3153 1276 3233 τὴν
1292 3151 1397 3256 509157

151 3232 246 3300 αὐτοῦ
274 3232 448 3342 ἀπηρξαντο
474 3243 520 3321 τῷ
544 3239 610 3322 λαῷ
627 3245 677 3305 καὶ
694 3252 755 3314 τοῖς
792 3242 852 3304 τῶν
868 3221 1075 3339 δζύμωνὶπτὰ
1092 3230 1201 3335 ἡμέρας
1236 3236 1264 3276 ¹⁸
1277 3259 1327 3296 καί
1340 3258 1396 3296 θυκ

150 3322 255 3402 ἱερεῦσι
280 3321 331 3384 καὶ
354 3330 417 3399 τοῖς
433 3304 581 3397 Λευίταις.
619 3324 706 3388 ἔδωκε
723 3321 807 3388 555
792 3323 905 3420 ἐγένετο
917 3317 1009 3399 φασὲκ
1020 3315 1216 3420 δμοιοναύτῳ
1226 3321 1256 3381 ἕν
1264 3313 1395 3418 Ἰσρῳῖχλ,

151 3402 281 3479 Χελκίας
306 3431 357 3468 και
349 3406 546 3512 ’Ζαχαρίας
547 3407 598 3470 καὶ
618 3405 756 3489 Ἰειηλ”
725 3431 756 3470 οι
792 3402 855 3471 ἀπὸ
875 3399 988 3506 ημερῶν
1003 3399 1149 3508 Σαμουίηλ
1165 3404 1223 3465 τοῦ
1239 3395 1397 3506 πρρφητου

150 3483 288 3570 ἴίρχοντες
300 3500 363 3563 τοῖς
375 3491 498 3591 ἱερεῦσιν
511 3489 595 3553 οἴκου
608 3495 692 3564 θεοῦ,
706 3491 756 3593 καί
793 3516 844 3555 και
852 3511 963 3562 παντος
970 3487 1112 3589 βασιλεως
1128 3480 1287 3568 Ισραίχλ’
1253 3510 1308 3548 ουκ
1318 3487 1398 3547 ἐποί-

150 3572 312 3634 ἕδωκαν’
288 3596 327 3646 εις
351 3569 388 3636 τὸ
414 3569 510 3652 φασίν
527 3567 693 3672 πρόβατα,
706 3573 757 3635 καὶ
793 3596 891 3680 ησῳν
891 3569 926 3635 τὸ
953 3569 1046 3650 φασὲκ
1071 3565 1089 3633 5⁸
1114 3573 1249 3649 ἐποίησεν
1269 3565 1396 3639 Ἰωσίας,

150 3649 271 3750 ἀμνούς,
285 3679 337 3717 και
328 3648 756 3779 ’ἐρίφουςδιςχίλιαίξακόσια,
793 3659 844 3720 καὶ
861 3659 891 3719 05
908 3659 990 3759 ἱερεῖς
1010 3654 1061 3717 καὶ
1079 3679 1109 3717 οι
1099 3657 1250 3715 ’Λευῖται
1270 3651 1323 3714 καὶ
1339 3652 1397 3720 πᾶς

150 3735 201 3797 καί
216 3731 345 3817 μόσχους
363 3744 561 3819 τριακοσίους
587 3739 667 3801 9και
659 3739 757 3800 ⁸X00-
789 3733 893 3802 Ἰούδα
914 3763 965 3800 και
957 3730 1135 3838 ⁸‘1050255
1121 3760 1139 3798 0
1158 3729 1285 3837 55555353
1302 3734 1353 3797 καὶ
1369 3733 1399 3793 οἱ

150 3820 253 3889 νενίας,
266 3841 316 3881 και
309 3820 474 3894 Βαναιας,
487 3846 538 3884 και
530 3823 693 3900 Σαμαιας,
706 3820 758 3882 καὶ
794 3825 1055 3925 κατοικοῦντεςν
1024 3822 1055 3883 ἐν
1080 3815 1288 3921 Ιερουσαλημ
1284 3820 1328 3898 τῷ
1348 3839 1399 3892 κυ-

151 3898 362 4004 N0507055.
348 3896 526 4006 5555353'
490 3906 587 3966 αυτοῦ
605 3929 656 3967 και
649 3901 757 3966 ’Ἀσα-
794 3909 858 3986 ρίῳ.
895 3904 980 3965 19τιῖι
1007 3895 1296 3983 δκτωκαιδεκύτῳ”
1275 3923 1331 3963 ετει
1348 3899 1399 3995 153

150 3984 227 4065 βίας,
241 4006 291 4043 και
284 3981 396 4083 Ἰειηλ,
408 4008 458 4045 και
450 3981 534 4060 ”Ιωζ
518 3983 643 4069 αβαδ
623 4009 758 4069 αρχοντες
793 3984 942 4070 βασιλείας
963 3966 1088 4084 Ἰωσίου
1104 3966 1241 4065 ἐποιήθη
1251 3980 1287 4047 τὸ
1306 3978 1399 4063 σασίκ

151 4085 213 4127 των
222 4068 357 4129 Λευιτων
368 4061 540 4163 απηρξαντο
551 4074 758 4142 τοιςΛευιταις
793 4071 893 4132 τοῦτο
931 4066 1006 4148 μετὰ
1030 4069 1128 4130 ταῦτα
1148 4060 1399 4171 55700555901·

151 4148 190 4219 είς
206 4141 243 4210 τὸ
245 4145 356 4245 φασὶκ
374 4144 515 4231 πρόβατα
533 4174 653 4215 πεντακι
687 4149 757 4225 ίλια,
794 4174 841 4216 σεν
857 4148 972 4225 Ἰωσίας
988 4153 1076 4232 ἕκτῳ
1084 4149 1178 4255 οἴκῳ,
1203 4151 1254 4213 καὶ
1267 4145 1338 4222 τούς
1351 4148 1399 4223 57-

152 4228 205 4290 καὶ
215 4223 342 4330 μόσχους
354 4236 572 4306 πεντακοσίους.
586 4235 615 4274 ¹⁰
622 4258 673 4296 και
685 4257 758 4297 κατ·
792 4229 1042 4340 γροτριμύιῖους
1040 4231 1177 4306 καὶτοὺς
1194 4255 1330 4308 γνωστας
1349 4227 1399 4292 καί

152 4307 290 4396 ωρθωθη
308 4340 327 4397 η
313 4309 541 4414 ’λειτουργεία,
564 4337 615 4376 και
607 4315 760 4419 ’ἐστηραν
794 4314 833 4381 τὰ
845 4317 975 4420 δερμῳὶν
992 4318 1043 4380 καί
1054 4340 1094 4380 τα
1081 4311 1214 4379 εἴδωλα
1231 4317 1282 4378 καὶ
1294 4318 1334 4377 τὰ
1344 4337 1398 4376 κα-

150 4397 182 4458 οἱ
195 4399 277 4479 ἱερεῖς
290 4394 384 4460 535⁸
352 4421 408 4500 την
421 4390 524 4462 στάσιν
536 4393 646 4474 αὐτῶν,
664 4422 715 4461 και
709 4399 760 4462 ⁸05
794 4424 883 4500 ρησιμ
895 4424 916 4462 α
931 4425 967 4482 ην
978 4402 1058 4463 ἐν
1019 4424 1058 4490 γη
1073 4393 1175 4463 [0550
1188 4399 1238 4461 καί
1251 4399 1281 4460 ἐν
1288 4392 1399 4478 ”-Ιερου

150 4483 274 4545 Λευῖται
289 4479 391 4547 ἒπῖ“
358 4507 413 4558 τας
425 4477 626 4570 διαιρέσεις’
589 4483 691 4547 αυτῶν
704 4505 759 4546 κα-
795 4480 924 4566 σαλὴμέ
923 4477 1072 4568 νεπύρισεν
1089 4476 1280 4567 ὃβασιλεύς’
1280 4485 1400 4552 Ιωοίας,

1351 4564 1400 4623 ῖνα
