2924 4972
335 236 639 299 ιΕΡΕΜιΑΣ
677 229 1019 314 Κεφ.κο’.ιε’.34.35.
1233 230 1300 302 849

63 376 119 426 νος,
133 354 164 415 ἐν
174 353 270 436 χερσίν
281 349 416 427 ἀγγέλων
429 347 530 414 αὐτῶν
542 355 602 414 τῶν
614 353 665 433 ἐρ·
699 347 860 414 ἀπέστειλα
871 346 993 424 αὐτούς.
1006 350 1060 414 18ελ
1068 356 1226 438 προφήταί
1238 355 1303 427 εῑοι,

60 437 193 518 χομένων
211 439 250 509 εἰς
262 429 428 515 ἀπάντησιν
447 429 549 497 αὐτῶν
561 437 600 508 εἰς
607 429 666 497 ‘Ie-
698 434 748 497 καί
768 437 795 497 εἰ
816 434 879 497 ε”στι
900 427 992 533 λόχος
1010 439 1116 518 κυρίου
1139 437 1171 498 ἐν
1189 433 1304 511 αύτοῖς,

40 571 42 575 ,
82 513 301 600 ουσαλήμπρός
310 509 665 599 ΣεδεκίανβασιλέαἸού·
698 512 962 598 ἀπαντησάτωσαν
983 541 1045 598 μοι,
1084 512 1303 594 1οότιούτως

62 543 109 664 δα.
136 598 215 663 *καὶ
228 593 374 673 συντάξεις
392 594 495 673 αὐτοῖς
508 595 585 682 πρός
597 594 666 673 τούς
697 598 760 664 εἷπε
772 596 885 684 κύριος.
908 599 958 664 καί
970 602 1030 663 τῶν
1042 596 1206 664 ἐπιλοίπων
1219 625 1302 667 σκευ-

61 688 181 769 κυρίους
193 678 293 745 αὐτῶν
306 685 403 756 εἰπεῖν,
429 678 526 756 οὕτως
538 679 601 746 εἶπε
613 677 665 745 κύ-
699 685 750 755 ῶν,
775 683 806 726 ²⁰
819 672 861 746 ῶν
873 677 928 745 ούκ
942 681 1034 768 ἔλαβε
1045 678 1182 769 βασιλεύς
1195 686 1303 768 Βαβυ·

61 791 123 851 ριος
148 762 167 828 ὁ
193 761 264 839 θεὸς
285 763 423 849 Ἰσραήλ,
454 760 551 838 ούτως
576 767 665 850 ἐρεῖτε
697 764 802 840 λῶνος,
825 760 875 828 ότε
895 760 1025 846 ἀπῴκισε
1042 762 1095 829 τόν
1112 761 1252 848 Ἰεχονίαν
1270 766 1302 840 ἐξ

61 846 137 932 πρὸς
158 846 231 921 τοὺς
253 852 373 931 κυρίους
397 844 487 930 ὑμῶν,
514 842 590 912 ὖότι
603 847 664 925 ἐγῶ
693 845 901 928 Ἱερουοαλμ,
936 849 966 890 22
980 852 1019 922 εἷς
1037 846 1211 934 Βαβυλῶνα
1233 850 1302 922 είςε-

61 933 132 994 ἐπο’
150 954 190 994 οα
207 927 261 1010 τήν
277 934 334 1014 γήν
346 935 379 996 ἐν
396 934 435 1022 τῇ
456 926 537 1013 ἰσχύϊ
549 956 607 1013 μου
625 934 665 1022 τῇ
699 927 839 1008 λεύσεται,
880 931 928 1007 ’γει
940 925 1050 1013 κύριος.

60 957 180 1099 μεγάλη,
194 1015 245 1077 καὶ
266 1016 297 1077 ἰν
320 1018 364 1097 τῷ
378 1015 511 1114 ἐπιχείρῳ
541 1039 598 1095 μου
620 1017 665 1095 τῷ
773 1019 847 1078 ΚΕ
862 1018 900 1075 Φ.
923 1011 1007 1077 AE'.
1050 1014 1259 1089 (immons.)

61 1094 179 1200 ὑψηλῷ,
193 1098 244 1161 καί
263 1092 352 1160 δώσω
370 1095 465 1178 αὐτην
487 1085 515 1177 ᾧ
527 1095 579 1162 ἐάν
591 1093 664 1190 δόξη
698 1063 783 1162 Καὶ
795 1099 908 1174 ἐγένετο
921 1098 952 1161 ἐν
963 1099 1008 1180 τῷ
1026 1092 1159 1180 τετάρτῳ
1172 1097 1231 1159 ἔτει
1241 1101 1302 1160 Σε-

61 1181 92 1242 ἐν
110 1178 283 1258 οφθαλμοῖς
299 1203 367 1260 μου.
404 1178 530 1243 6ἔδωκα
542 1176 595 1262 τήν
607 1185 666 1263 γην
698 1181 779 1245 δεκία
789 1179 935 1266 βασιλέως
945 1176 1047 1244 Ἰούδα
1057 1183 1087 1244 ἐν
1096 1180 1165 1280 μηνί
1173 1181 1218 1260 τῷ
1231 1179 1305 1260 πέμ·

61 1265 105 1342 τῷ
125 1257 401 1347 Ναβουχοδονόσορ
425 1261 542 1348 βασιλεῖ
558 1266 666 1349 Βαβυ-
697 1288 777 1346 πτῳ,
797 1260 862 1327 εἶπέ
877 1286 930 1344 μοι
940 1259 1078 1337 Ἀνανίας
1095 1264 1158 1336 υίος
1172 1256 1264 1363 Ἀζῶρ
1283 1257 1303 1325 ό

62 1343 156 1418 λῶνος
169 1339 314 1408 δουλεύειν
327 1341 411 1427 αύτῷ
418 1393 428 1419 ,
454 1347 505 1409 καὶ
517 1343 556 1409 τά
569 1351 666 1431 θηρία
699 1340 947 1448 ψευδοπροφήτης
965 1343 1027 1409 ἀπὸ
1040 1342 1174 1431 Γαβαῶν
1184 1347 1215 1408 ἐν
1228 1369 1302 1427 οικῳ

62 1431 118 1491 τοῦ
140 1425 236 1510 ἀγροῦ
259 1422 436 1509 ἐργάζεσθαι
457 1425 552 1510 αὐτῷ.
587 1428 666 1493 8καὶ
699 1435 816 1536 κυρίου,
840 1426 903 1492 κατ’
919 1427 1099 1511 οφθαλμούς
1116 1429 1178 1492 τῶν
1191 1429 1302 1511 ἶερέων,

62 1507 98 1573 τό
111 1513 199 1584 ἔθνος
212 1513 262 1574 καὶ
278 1507 296 1593 ἢ
316 1509 467 1596 βασιλεία,
482 1507 547 1576 ὅσοι
559 1509 613 1576 ἐάν
624 1509 664 1614 μή
698 1538 750 1576 και
762 1509 876 1586 παντός
888 1514 943 1575 τού
956 1510 1046 1588 λαοῦ,
1060 1509 1161 1588 λέγων.
1187 1505 1303 1585 2ούτως

63 1588 211 1677 ἐμβάλωσι
233 1591 288 1656 τόν
315 1588 463 1677 τράχηλον
483 1592 583 1659 αὐτῶν
606 1591 665 1659 ύπο
699 1594 761 1659 ελπε
772 1589 880 1679 κύριος.
907 1596 1073 1679 συνέτριψα
1083 1589 1138 1659 τόν
1149 1591 1236 1671 ζυγόν
1245 1596 1303 1658 τού

63 1676 115 1738 τόν
139 1674 227 1753 ζυγὸν
248 1677 390 1782 βασιλέως
411 1677 612 1763 Βαβυλῶνος,
636 1679 666 1742 ἰν
698 1677 844 1764 βασιλέως
858 1675 1056 1763 Βαβυλῶνος.
1092 1677 1164 1741 2ἐτι
1180 1674 1237 1741 δύο
1251 1678 1303 1759 έτη

62 1766 193 1845 μαχαίρα
206 1785 257 1823 και
269 1763 301 1824 ἐν
313 1759 387 1843 λιμῷ
400 1761 596 1841 ἐπισκέψομαι
608 1757 665 1826 αύ-
699 1759 829 1845 ήμερῶν,
854 1760 912 1824 καί
924 1759 982 1838 ἐγὼ
997 1757 1184 1846 ἀποστρέψαι
1197 1763 1236 1834 είς
1247 1755 1301 1824 τόν

63 1842 146 1917 τοὺς,
170 1823 230 1906 ελσε
252 1839 361 1925 κύριος,
378 1847 434 1917 ἕως
454 1843 613 1907 ἐκλίπωσιν
635 1844 666 1909 ἐν
698 1840 795 1909 τόπον
807 1845 917 1908 τοῦτον
930 1842 969 1908 τά
984 1837 1072 1926 σκεύη
1091 1843 1175 1907 οἴκου
1187 1845 1301 1924 κυρίου,

63 1928 134 2010 χειρί
156 1923 261 1992 αὐτοῦ.
287 1927 366 1991 9καί
389 1923 466 2009 ὑμεῖς
484 1924 523 2009 μή
547 1919 666 1991 ἀκούετε
698 1929 778 1991 *καὶ
788 1923 933 2013 Ἰεχονίαν,
946 1926 999 1991 καὶ
1009 1925 1063 2009 τήν
1075 1922 1215 1991 ἀποικίαν
1224 1919 1303 1988 Ἰού-

64 2013 125 2074 τῶν
140 2009 398 2095 ψευδοπροφητῶν
415 2005 511 2090 ὑμῶν,
536 2010 588 2073 καὶ
605 2014 667 2076 τῶν
699 2010 748 2084 δα,
762 2007 810 2074 ότι
824 2015 981 2094 συντρίψω
992 2007 1047 2074 τόν
1058 2008 1147 2088 ζυγὸν
1157 2006 1303 2095 βασιλέως

64 2094 282 2174 μαντευομένων
294 2089 376 2175 ὑμῖν,
394 2096 518 2158 καὶτῶν
531 2097 666 2158 ἔνυπνια·
698 2093 895 2181 Βαβυλῶνος.
910 2094 982 2158 6καί
993 2091 1070 2159 εἶπεν
1077 2090 1217 2177 Ἱερεμίας
1226 2087 1304 2176 πρὸς

64 2178 191 2258 ζομένωυ
213 2171 290 2256 ύμῖν,
312 2178 444 2238 καὶτῶν
465 2171 667 2257 οἶωνισμάτων
694 2174 831 2241 Ἀνανίαν
843 2173 906 2240 κατ’
927 2175 1106 2257 ὀφθαλμούς
1122 2173 1303 2247 παντόςτοῦ

65 2257 156 2339 ὑμῶν,
178 2258 301 2321 καὶτῶν
314 2260 478 2341 φαρμακῶν
492 2254 582 2339 ὑμῶν,
606 2262 667 2322 τῶν
699 2259 779 2323 λαοῦ
791 2259 842 2321 καί
854 2255 918 2321 κατ’
935 2254 1113 2339 ὀφθαλμούς
1130 2259 1190 2320 τῶν
1202 2257 1304 2335 ίερέων

64 2337 220 2417 λεγόντων,
233 2338 271 2402 οά
287 2340 326 2421 μή
345 2336 512 2421 ἐργάσησθε
525 2343 569 2421 τῶ
581 2343 667 2424 βασι·
699 2345 760 2404 τῶν
772 2335 942 2422 ἑστηκότων
951 2343 982 2404 ἐν
994 2339 1068 2423 οἴκῳ
1081 2343 1184 2423 κυρίου
1186 2387 1196 2415 ,
1221 2339 1237 2380 ⁸
1250 2338 1303 2402 καί

65 2422 112 2485 λεῖ
127 2419 317 2507 Βαβυλῶνος.
348 2424 376 2465 ¹⁰
391 2416 438 2485 ότι
462 2422 555 2504 ψευδή
581 2419 667 2486 αύτοὶ
699 2421 780 2489 εἶπεν
792 2418 941 2506 Ἱερεμίας.
967 2419 1093 2505 ἀληθῶς
1115 2417 1198 2485 ούτω
1213 2417 1303 2526 ποιή-

65 2498 304 2604 προφητεύουσιν
318 2500 393 2586 ύμῖν,
413 2503 489 2589 πρὸς
500 2501 536 2569 τό
552 2508 666 2587 μακρά·
700 2531 750 2571 σαι
763 2500 874 2590 κύριος,
902 2499 1009 2588 στήσαι
1029 2502 1083 2569 τόν
1096 2500 1185 2582 λόγον
1197 2529 1251 2569 σου
1264 2528 1302 2569 ον

65 2611 113 2650 ναι
127 2592 201 2668 υμᾶς
214 2584 276 2652 ἀπό
290 2592 342 2671 τῆς
354 2591 409 2687 γής
423 2583 512 2669 ὑμῶν.
539 2589 619 2650 11καὶ
630 2585 667 2651 τό
701 2587 739 2653 ού
755 2585 963 2672 προφητεύεις,
988 2591 1044 2652 τοῦ
1062 2589 1241 2670 ἐπιστρέψαι
1262 2583 1302 2652 τά

66 2673 156 2744 ἔθνος
177 2665 196 2735 ὃ
215 2666 266 2734 ε’ἀν
288 2675 425 2760 εἶςαγαγη
448 2667 501 2733 τὸν
522 2666 668 2755 τράχηλον
702 2669 789 2753 σκεύη
814 2672 900 2737 οἴκου
922 2676 1024 2753 κυρίου
1049 2671 1100 2735 καὶ
1120 2674 1224 2734 πάσαν
1247 2667 1303 2754 τήν

66 2751 162 2817 αὐτοῦ
181 2749 242 2817 ύπό
262 2752 315 2818 τὸν
334 2750 420 2830 ζυγὸν
435 2752 579 2839 βασιλέως
598 2758 667 2817 Βα-
702 2753 844 2820 ἀποικίαν
855 2752 1080 2841 ἐκΒαβυλῶνος
1091 2758 1130 2828 είς
1142 2749 1195 2817 τόν
1206 2747 1304 2817 τόπον

64 2834 214 2922 βυλῶνος,
239 2839 290 2900 καί
314 2831 474 2921 ἐργάσηται
498 2834 593 2919 αύτῷ,
618 2837 669 2901 καί
701 2841 820 2903 τούτου.
851 2836 951 2940 7πλήν
974 2832 1122 2902 ἀκούσατε
1139 2831 1192 2900 τόν
1212 2832 1304 2913 λόγον

65 2919 239 2999 καταλείψω
252 2917 345 2986 αὐτόν
362 2920 414 2984 ἐπὶ
430 2923 483 3000 τῆς
494 2923 548 3003 γῆς
560 2917 667 2995 αὐτοῦ,
701 2926 815 3028 κυρίου,
827 2916 864 2986 όν
876 2924 935 3024 ἐγω
948 2919 1025 2998 λέγω
1039 2923 1077 2995 είς
1090 2918 1129 2984 τά
1142 2908 1209 2984 ῶτα
1222 2915 1304 3003 ὑμῶν

64 3003 116 3066 καί
141 3005 263 3088 ἐργάται
290 3002 384 3086 αὐτῷ,
403 3003 454 3066 καὶ
471 2999 611 3087 ἐνοικήσει
636 3006 668 3067 ἐν
702 3031 753 3071 και
766 3009 805 3080 εἷς
817 3002 856 3069 τά
868 3029 933 3069 ωτα
945 3001 1059 3078 παντὸς
1072 3006 1128 3067 τού
1139 3000 1226 3066 λαού.
1252 3001 1305 3066 ὀλ

66 3082 153 3176 αὐτῇ.
189 3088 215 3128 ¹²
230 3087 282 3152 καὶ
298 3083 375 3172 πρὸς
391 3086 529 3150 Σεδεκίαν
543 3084 668 3173 βασιλέα
702 3092 857 3172 προφῆται
874 3091 904 3153 ολ
923 3082 1074 3165 γεγονότες
1091 3083 1232 3172 πρότεροί
1246 3109 1304 3166 μου

63 3165 164 3232 Ἰούδα
177 3163 305 3253 ἐλάλησα
318 3168 397 3234 κατά
407 3166 522 3245 πάντας
533 3168 603 3245 τοὺς
616 3164 669 3234 λό-
703 3172 753 3235 καί
769 3167 910 3257 πρότεροι
927 3166 1013 3254 ὑμῶν
1034 3167 1098 3236 ἀπὸ
1115 3174 1170 3234 τού
1187 3171 1304 3247 αἰῶνος,

65 3276 138 3329 γους
154 3247 289 3328 τούτους,
308 3253 411 3331 λέγων.
438 3251 600 3331 εἷςαγάγετε
616 3249 670 3317 τόν
703 3257 753 3321 καί
778 3248 1003 3337 ἐπροφήτευσαν
1027 3255 1078 3318 ἐπὶ
1101 3257 1155 3337 γῆς
1180 3250 1305 3335 πολλῆς,

65 3329 214 3419 τράχηλοι
224 3333 314 3416 ὑμῶν,
324 3338 375 3400 καὶ
384 3333 554 3418 ἐργάσασθε
563 3341 607 3419 τῷ
615 3340 668 3422 βα·
702 3340 753 3402 καί
764 3339 814 3402 ἐπὶ
822 3337 970 3424 βασιλείας
981 3331 1109 3416 μεγάλας
1118 3339 1157 3407 εἷς
1164 3331 1303 3412 πόλεμον.

67 3417 352 3501 οιλεῖΒαβυλῶυος,
379 3417 571 3484 12ότιόίδικα
582 3419 670 3483 αὐτοὶ
703 3415 922 3504 9δπροφήτης
943 3414 961 3481 ὃ
978 3411 1188 3498 προφητεύσας
1207 3419 1246 3486 είς
1263 3417 1304 3476 εἰ-

67 3497 304 3582 προφητεύουσιν
319 3497 400 3580 ὑμῖν,
426 3501 453 3541 ¹⁵
467 3497 513 3563 ὅτι
527 3499 582 3565 ούκ
595 3498 669 3564 ἀπέ-
703 3497 807 3585 ρήνην,
822 3497 964 3573 ἐλθόντος
982 3501 1038 3561 τοῦ
1051 3492 1161 3573 λόγου,
1173 3491 1304 3573 γνῶσον·

68 3580 170 3645 στειλα
184 3578 305 3654 αὐτοὺς,
318 3583 391 3662 φησί
408 3578 516 3662 κύριος,
530 3584 580 3645 καί
593 3607 669 3665 προ-
702 3608 752 3646 ται
764 3582 817 3646 τόν
833 3577 993 3666 προφήτην
1011 3574 1047 3644 δν
1066 3577 1235 3644 ἀπέστειλεν
1247 3575 1304 3643 αύ-

68 3658 225 3746 φητεύουσι
236 3665 281 3744 τῷ
295 3660 423 3744 ὀνόματί
433 3688 489 3744 μου
503 3662 548 3728 ἐπ’
564 3660 668 3746 ἀδίκῳ,
702 3675 765 3739 τοῖς
782 3660 880 3750 κύριος
899 3669 930 3729 ἐν
950 3668 1054 3727 πίστει.
1093 3664 1122 3708 ¹⁰
1134 3664 1185 3726 καί
1195 3662 1304 3747 ἔλαβεν

67 3743 146 3830 πρὸς
164 3743 200 3809 τό
217 3743 365 3810 ἀπολέσαι
382 3742 466 3828 ὑμᾶς,
480 3749 530 3809 καί
547 3743 669 3810 ἀπολεῖ·
697 3745 834 3822 Ἀνανίας
859 3751 891 3811 ἐν
916 3745 1088 3850 ὀφθαλμοῖς
1111 3743 1223 3821 παντός
1248 3748 1304 3811 τού

69 3838 127 3893 σθε
140 3824 228 3928 ὑμεῖς,
247 3832 297 3893 καί
310 3834 341 3930 οἱ
356 3832 508 3914 προφήται
524 3828 615 3913 ὑμῶν,
625 3872 630 3879 ·
640 3833 670 3894 οἱ
703 3830 779 3894 λαοῦ
791 3828 863 3905 τούς
875 3828 993 3904 κλοιούς
1011 3828 1075 3895 απὸ
1087 3834 1143 3894 τού
1154 3825 1304 3927 τραχήλου

68 3937 299 3997 προφητευοντες
312 3924 380 3994 υμῖν
397 3911 440 3976 ἐπ’
458 3909 552 3995 ἀδίκῳ
565 3913 669 3997 ψευδή.
697 3910 848 3999 Ἰερεμίου,
859 3915 908 3977 καὶ
918 3915 1087 4018 συνέτριψεν
1097 3910 1216 3988 αὐτους.
1230 3913 1306 3977 11καὶ

68 3996 97 4037 ¹⁶
120 3995 188 4078 ὑμῖν
200 3996 252 4059 καί
263 3998 354 4060 παντὶ
366 3999 411 4078 τῷ
423 3994 488 4076 λαῷ
501 3994 601 4079 τούτῳ
620 3997 670 4061 καὶ
702 3996 780 4063 εἶπεν
792 3995 928 4073 Ἀνανίας
946 3996 1009 4062 κατ’
1031 3996 1210 4079 οφθαλμοδς
1226 4021 1305 4062 παν-

68 4087 134 4152 τοῖς
146 4082 264 4159 ἱερεῦσιν
277 4078 420 4185 ἐλάλησα,
444 4077 549 4156 λέγων.
574 4075 670 4154 οότως
702 4079 755 4155 τὸς
767 4085 824 4146 τοῦ
837 4080 924 4156 λαοῦ,
942 4080 1044 4158 λέγων.
1069 4077 1166 4157 ούτως
1177 4078 1237 4144 εἷπε
1250 4075 1304 4143 κύ-

69 4158 130 4224 ελπε
152 4158 261 4245 κύριος.
287 4162 328 4245 μή
350 4157 470 4226 ακούετε
492 4167 554 4225 τῶν
573 4159 670 4264 λόγων
703 4189 776 4250 ριος.
805 4160 902 4240 ούτως
916 4170 1070 4250 συντρίψω
1082 4161 1137 4230 τόν
1149 4163 1305 4308 ζυγὸνιβχ-

69 4247 131 4308 τῶν
142 4250 317 4328 προφητῶν,
342 4251 403 4313 τῶν
420 4267 671 4332 προφητευοντων
703 4247 807 4322 σιλέως
837 4247 1023 4334 Βαβυλῶνος
1053 4246 1117 4312 ἀπό
1148 4271 1242 4331 τραχη
1288 4269 1304 4310 ν

69 4321 147 4407 ὑμῖν,
160 4324 315 4404 λεγόντων,
336 4329 402 4394 ἰδού
422 4325 508 4410 σκεύη
519 4333 603 4397 οἴκου
616 4354 670 4392 κυ-
701 4325 823 4396 πάντων
834 4337 896 4396 τῶν
908 4335 1015 4396 ἐθνῶν.
1053 4332 1104 4395 καί
1116 4328 1207 4412 ᾤχετο
1226 4336 1304 4410 Ιερε·

89 4414 135 4471 ίου
144 4410 315 4495 ἐπιστρέψει
328 4413 361 4473 ἐκ
367 4411 564 4499 Βαβυλῶνος,
575 4407 622 4476 ότι
632 4410 669 4476 ά-
701 4419 771 4496 μίας
783 4418 822 4489 είς
833 4412 887 4499 τήν
899 4411 971 4479 ὁδόν
983 4413 1088 4479 αὐτοῦ.
1113 4415 1142 4454 ¹²
1148 4413 1199 4476 καί
1211 4412 1305 4488 ἐγένε-

68 4433 137 4555 ἀικα
146 4489 235 4558 αύτοί
242 4489 481 4580 προφητεύουσιν
491 4492 568 4578 ὑμῖν.
581 4492 669 4559 Ποιίκ
702 4520 739 4560 το
751 4493 840 4572 λόγος
852 4503 954 4580 κυρίου
974 4495 1051 4584 πρός
1068 4491 1209 4578 Ἰερεμίαν
1231 4487 1307 4574 μετά

763 4581 860 4650 Hhh
1269 4575 1306 4642 τδ
