2924 4972
139 202 202 270 ιω
332 197 621 262 mmmm
644 196 829 259 mm
868 198 943 274 κισ.
958 186 1004 277 ιη’.
1019 184 1072 260 «οἱ
1090 195 1139 263 18.
1157 198 1205 262 ω.

1119 291 1367 301 ——----———·-

139 339 185 378 κεν
212 312 229 378 ὁ
256 309 379 385 δυνατὸς
406 306 521 382 αύτῶν,
549 309 600 370 καὶ
626 310 744 388 ἔφυγον.
779 302 1017 392 ῥήματαταῦτα.
1030 308 1269 375 καῖείπεΛαυίδ.
1283 315 1390 377 εῖιιοῡ-

140 400 169 442 ⁶²
183 397 233 461 καί
252 393 424 460 ἀνίστανται
444 389 545 476 ἀνδρες
558 388 683 477 Ἰσραηλ
695 391 748 453 καὶ
780 413 836 472 φον
855 393 887 453 ἐν
899 389 1073 473 ὀφθαλμοῖς
1091 389 1174 475 ὑμῶν
1191 397 1387 481 ἐπιγαμβρεύ-

135 476 254 553 Ἰούδοι,
267 479 319 542 καὶ
332 471 493 560 ἠλάλαξαν,
505 475 557 538 καί
568 474 748 549 κατεδίωξαν
779 498 829 538 σαι
843 474 975 554 βασιλεῖς
993 473 1077 559 κᾴγιό
1091 474 1165 561 ἀνὴρ
1181 477 1325 552 ταπεινὸς,
1338 481 1390 543 καί

141 561 240 627 ὀπίσω
253 559 353 627 αὐτῶν
363 563 418 633 ἕως
428 553 540 630 εῖςόδου
550 555 619 621 Γὶθ
632 558 682 619 καί
692 561 747 631 ἕως
780 552 847 639 ούχί
872 559 994 634 ἔνδοξος
1032 558 1129 623 22ιιαὶ
1153 555 1337 644 ἀπάγγειλον
1359 566 1389 627 οῖ

140 651 192 728 της
216 640 311 727 πύλης
332 639 526 715 Ἀσκάλωνος.
567 641 617 704 καὶ
643 641 747 703 ἔπεσον
779 639 883 714 παῖδες
894 638 1001 707 Σαούλ
1018 637 1103 726 αύτῷ
1119 639 1199 707 κατά
1216 641 1256 709 τά
1270 640 1389 729 ῥύματα

141 734 319 812 τραυματίαι
348 729 409 789 τῶν
441 719 621 803 ἀλλοφύλων
654 723 684 785 ἐν
709 726 747 805 τῇ
780 725 877 788 ταῦτα
894 719 916 787 ά
934 720 1058 808 ἐλάλησε
1074 725 1179 790 Ααυίδ.
1216 725 1245 768 ²⁵
1259 729 1310 791 καὶ
1328 727 1389 792 εἶπε

142 811 202 894 ὁδῷ
217 815 278 874 τῶν
290 808 394 874 πυλῶν
407 807 457 870 καί
469 810 524 881 ἕως
536 803 615 881 Pio,
629 806 679 869 καί
692 809 748 880 ἕως
778 801 895 870 Σαούλ
908 801 979 872 τάδε
993 809 1082 910 ἐρεῖτε
1092 812 1136 891 τῷ
1146 809 1254 874 Δαυίδε
1266 807 1303 874 ού
1314 809 1389 897 βού-

137 889 296 975 Ἀκιιαριύν.
338 892 366 935 ⁵³
379 891 431 955 καὶ
446 890 632 975 ἀνέστρεψαν
646 887 748 973 ἀνδρες
779 887 861 952 λεται
874 886 892 951 ὁ
904 889 1042 992 βασιλευς
1054 893 1086 956 ἐν
1099 886 1220 973 δόματι,
1246 890 1309 957 ἀλλ’
1327 893 1344 978 ἢ
1358 897 1388 958 ἐν

137 974 182 1042 'lo
201 976 260 1061 αιἠλ
279 974 455 1047 ἐκκλίνοντες
468 969 566 1036 ὀπίσω
579 975 641 1036 τοῖν
654 968 748 1036 ἀλλο-
780 968 888 1036 ἑκατάν
900 976 1110 1058 ακροβυστίαις
1119 971 1300 1055 ἀλλοφύλων
1313 978 1389 1042 ε’κδι-

141 1004 255 1140 φύλων,
270 1059 320 1122 καὶ
333 1052 517 1121 κατεπάτουν
529 1051 584 1129 τάς
596 1059 745 1160 παρεμβο-
780 1058 867 1136 κησαι
894 1055 1022 1141 ἐχθρούς
1051 1062 1107 1121 τοῦ
1137 1058 1296 1143 βασιλέως,
1337 1065 1389 1125 καὶ

140 1143 195 1217 λάς
213 1140 320 1206 αύτιόν.
361 1138 392 1183 ⁵⁴
405 1140 455 1202 καὶ
472 1136 562 1224 ἔλαβε
580 1140 677 1203 Λαυιδ
694 1136 748 1220 την
780 1136 887 1201 Σαούλ
906 1138 1064 1215 ἐλογίσατο
1082 1140 1218 1228 ἐμβαλεῖν
1236 1141 1330 1206 αὐτὸν
1350 1149 1388 1219 εἰς

140 1224 270 1307 κεφαλὴν
282 1226 337 1288 τοῦ
356 1215 546 1302 ἀλλοφύλου,
573 1223 624 1285 καί
635 1219 748 1324 η’νεγκεν
780 1232 879 1304 χεῖρας
892 1225 954 1286 τῶν
966 1217 1153 1304 ἀλλοφύλων.
1181 1225 1212 1266 22
1224 1228 1274 1289 καὶ
1288 1223 1389 1304 ἀπαγ·

142 1305 236 1392 αύτίην
250 1311 288 1381 είς
302 1302 498 1393 Ἰερουσαλὴμ
504 1351 515 1379 ,
543 1305 595 1368 καὶ
611 1329 650 1368 τα
663 1299 748 1386 σκεύη
780 1303 933 1380 γελλουσιν
951 1308 982 1370 οῖ
999 1306 1102 1382 παῖδες
1113 1305 1220 1373 Σαούλ
1236 1313 1282 1391 τῷ
1293 1312 1390 1375 Δαυὶδ

141 1390 237 1458 αότοῦ
252 1393 356 1473 έθηκεν
369 1391 454 1470 ἐντῷ
465 1383 633 1469 σκηνώματι
642 1384 747 1453 αὐτοῦ.
781 1385 820 1450 τά
830 1382 948 1473 ῥήματα
964 1393 1072 1465 ταῦτα,
1088 1392 1140 1454 καὶ
1153 1386 1291 1475 ηόθύνθη
1305 1390 1323 1456 ὁ
1335 1390 1389 1457 λό-

327 1476 401 1535 KE
415 1474 454 1532 Φ.
498 1465 569 1532 ΗΓ.
780 1494 832 1546 γος
846 1475 876 1535 ἐν
895 1467 1175 1554 ὀφθαλμοῖςιίαυίδ
1193 1478 1389 1562 ἐπιγαμβρεύ-

141 1522 250 1622 θΚαὶ
263 1552 390 1637 ἐξῆλθον
403 1556 436 1616 αῖ
446 1547 620 1637 χορεύουσαι
631 1557 670 1627 εἰς
680 1576 748 1618 συν-
781 1578 830 1618 σαι
843 1558 889 1637 τῷ
903 1553 1026 1641 βασιλεῖ.
1053 1558 1082 1599 22
1094 1558 1146 1621 καί
1163 1554 1270 1642 ἀνέστη
1283 1561 1388 1635 Δαυὶδ,

142 1639 198 1705 άντ
218 1662 263 1703 σιν
277 1637 376 1703 Δαυὶδ
391 1637 423 1699 ἐκ
436 1640 541 1700 πασῶν
561 1635 679 1702 πόλεων
689 1634 748 1701 Ἰυ-
780 1639 831 1701 καὶ
844 1633 995 1743 ἐπορεύθη
1010 1635 1101 1714 αὐτὸς
1113 1641 1166 1704 καί
1179 1645 1210 1704 οῖ
1222 1640 1388 1727 ἀνδρεςαόω

141 1667 218 1809 ραηλ
232 1725 262 1786 ἐν
274 1716 449 1802 τυμπάνοις,
462 1720 513 1782 καί
526 1720 556 1783 ἐν
567 1719 748 1813 χαρμοσύνη,
780 1723 849 1798 τοῦ,
866 1722 919 1784 καί
928 1724 1073 1798 ἐπαταξεν
1085 1725 1116 1788 ἐν
1129 1734 1193 1798 τοῖς
1207 1721 1388 1807 ἀλλοφύλοις

141 1809 194 1872 καὶ
220 1809 250 1869 ἐν
276 1799 442 1889 κυμβάλοις.
480 1803 558 1866 7καί
576 1805 698 1887 ἐξῆρχον
715 1807 748 1866 αῖ
781 1800 888 1869 ἑκατὸν
897 1802 1014 1909 ἄνδρας
1026 1807 1077 1870 καί
1086 1801 1220 1890 ὀνηνεγκε
1232 1807 1285 1882 τάς
1294 1807 1388 1893 ἀκρο-

140 1898 283 1966 γυναῖκες,
296 1889 347 1951 καί
361 1886 471 1962 ἔλεγον.
499 1880 627 1962 ἐπάταξε
640 1886 749 1950 Σαούλ
779 1889 901 1971 βυστίας
927 1891 1043 1964 αυτῶν,
1069 1891 1121 1953 καὶ
1146 1888 1388 1996 ἐπιγαμηδρεύεται

142 1976 174 2037 ἐν
183 1966 313 2074 χιλιάσιν
329 1966 440 2042 αὐτοῦ,
467 1968 517 2032 καί
530 1970 630 2034 Δαυίδ
645 1972 677 2032 ἐν
692 1994 748 2052 μυ·
780 1974 825 2052 τῷ
848 1970 977 2056 βασιλεῖ,
1003 1973 1055 2035 καί
1078 1973 1198 2038 δίδωσιν
1224 1980 1307 2058 αυτῷ
1333 1973 1388 2059 τὴν

142 2077 238 2141 ριασιν
250 2051 346 2118 αύτού
372 2053 387 2094 ⁸
400 2053 451 2116 καί
462 2050 592 2137 πονηρόν
606 2046 699 2136 ἐφάνη
712 2047 748 2117 τό
780 2051 906 2138 Μελχδλ
917 2059 1072 2139 θυγατέρα
1085 2053 1183 2121 αότού
1194 2055 1277 2142 αύτῷ
1286 2063 1326 2133 είς
1334 2085 1388 2136 γυ-

149 2142 221 2240 ίημα
243 2140 274 2202 ἐν
291 2134 462 2220 ὀφθαλμοῖς
478 2135 584 2200 Σαούλ
609 2137 749 2223 περὶτοῦ
780 2146 877 2201 ναῖκα.
914 2137 1011 2202 22καί
1030 2137 1084 2204 είδε
1100 2137 1205 2204 Σαούλ
1222 2137 1269 2205 δ’τι
1286 2138 1387 2223 κύριος

141 2165 233 2300 λογου
250 2215 377 2297 τούτου,
400 2221 451 2283 καί
468 2217 554 2284 εἶπεν.
590 2223 635 2303 τῷ
651 2219 750 2284 Δαυὶδ
780 2217 853 2302 μετά
866 2221 980 2298 Δαυὶδ,
1005 2223 1128 2297 καίπᾶς
1142 2219 1266 2309 Ἰσρα“λ
1283 2221 1387 2308 ἠγάπα

143 2307 258 2372 ἔδωκαν
275 2300 328 2379 τάς
363 2297 498 2387 υριάδας,
523 2303 575 2368 καὶ
592 2303 658 2386 ἐμοί
673 2302 747 2368 ἐδω-
781 2298 884 2370 αύτόν.
911 2304 942 2346 22
955 2305 1005 2369 καί
1021 2308 1185 2391 προςίθετο
1198 2305 1229 2372 εύ
1301 2319 1387 2373 ῖοθαι

142 2416 199 2456 καν
224 2389 279 2466 τάς
307 2334 447 2493 ηιλλάδας.
485 2386 514 2428 22
530 2384 583 2450 καί
613 2381 748 2470 ῖφοβηθη
781 2382 843 2452 άπὸ
856 2386 953 2451 Δαυλδ
964 2390 1016 2452 ἔτι.

142 2472 246 2538 Σαούλ
268 2469 332 2538 ἀπο
349 2465 512 2578 προςοίπου
525 2469 633 2546 Δαυύδ,
658 2470 685 2511 ¹³
698 2471 749 2533 καὶ
966 2477 1001 2536 K
1013 2478 1043 2536 Ε
1056 2474 1094 2538 (1).
1138 2475 1210 2541 16'.

142 2555 306 2641 ἀπέστησεν
319 2556 411 2622 αὐτον
423 2551 473 2619 ἀπ’
490 2550 597 2630 αὐτοῦ,
612 2554 663 2618 καὶ
675 2577 748 2617 κατ-
782 2518 863 2619 Καὶ
881 2551 1007 2639 ἐλάλησε
1016 2553 1123 2621 Σαούλ
1142 2555 1219 2643 πρὸς
1233 2553 1385 2623 Ἰωνάθαν

143 2644 259 2723 ἐστησεν
277 2638 369 2704 αὐτὸν
384 2641 483 2720 ἑαυτῷ
508 2639 672 2722 χιλίαρχον,
697 2638 749 2702 καί
781 2635 833 2703 τὸν
847 2636 913 2704 υῖόν
926 2637 1021 2724 αότσύ
1033 2642 1086 2706 καί
1101 2640 1177 2724 πρὸς
1188 2637 1304 2716 πάντας
1316 2640 1387 2717 τοὺς

142 2718 326 2808 ἐξεπορεύετο
352 2724 404 2786 καὶ
419 2716 612 2805 εἰςεπορεύετο
634 2725 748 2806 ἐμπρο-
779 2723 892 2797 παῖδας
905 2721 1000 2787 αύτοῦ
1020 2728 1198 2788 θανατῶσαι
1211 2721 1264 2788 τὸν
1279 2727 1386 2801 Δαυὶδ,

142 2816 214 2870 σθεν
240 2808 296 2869 τοῦ
312 2803 399 2868 λαοῦ.
438 2801 531 2866 12ιιαί
551 2795 586 2886 ἢν
603 2806 699 2869 Δαυίδ
716 2808 747 2869 ἐν
779 2807 856 2870 2καί
870 2801 1020 2870 Ἰωνάθαν
1037 2804 1055 2869 ὃ
1080 2803 1145 2880 υίὸς
1159 2804 1268 2869 Σαούλ
1282 2802 1385 2895 ᾑρεῖτο

141 2883 251 2962 πάσαις
264 2898 329 2970 ταῖς
344 2883 427 2962 ὁδοῖς
443 2882 539 2950 αύτοῦ
551 2890 670 2964 συνιών,
696 2889 747 2952 καὶ
780 2885 832 2953 τδν
858 2888 957 2954 Δαυῖδ
980 2883 1104 2974 σφόδρα.
1135 2888 1186 2952 καὶ
1212 2883 1384 2969 ἀπήγγειλεν

141 2968 241 3058 κύριος
266 2971 302 3072 ην
332 2968 389 3052 μετ’
424 2967 527 3034 αὐτοῦ.
566 2970 661 3034 1ὄκιιί
691 2970 747 3035 ελδε
776 2968 926 3037 Ἰωνάθαν
949 2976 993 3053 τῷ
1018 2971 1125 3045 Δαυίδ,
1149 2970 1251 3048 λέγων.
1276 2970 1385 3036 Σαούλ

140 3052 246 3119 Σαούλ
265 3079 306 3127 ως
323 3050 415 3127 αὐτὸς
434 3062 524 3117 συνιεῖ
539 3049 670 3139 σφόδρα,
694 3055 747 3118 καί
778 3056 857 3137 ζητεῖ
865 3058 1045 3119 θανατῶσαί
1056 3079 1096 3121 σε.
1116 3049 1247 3135 φύλαξαι
1259 3041 1313 3120 οόν
1326 3055 1384 3120 αύ-

141 3135 293 3222 εόλαβεῖτο
303 3131 536 3242 ἀπὸπροςιύπου
547 3135 649 3201 αὐτοῦ.
663 3137 746 3201 12καλ
778 3161 844 3224 ριον
855 3136 951 3223 πρωῒ,
975 3137 1026 3200 καί
1043 3132 1173 3223 κρύβηθι
1190 3139 1241 3202 καί
1254 3137 1384 3205 κάθισον

141 3223 202 3295 πᾶς
224 3213 345 3303 Ἰσραὴλ
365 3243 418 3282 και
439 3215 554 3294 Ἰούδας
574 3216 678 3304 ἠγάπα
693 3218 747 3285 τὸν
778 3224 890 3312 κρυφῇ,
932 3220 1016 3284 2κοιὶ
1039 3214 1098 3297 ἐγώ
1123 3215 1309 3306 ἐξελεύσομαι
1333 3226 1385 3287 καί

141 3299 303 3379 Δαυίδ,ὀτι
316 3298 407 3377 αύτός
419 3298 610 3386 είςεπορεύετο
623 3304 746 3378 καὶίξε-
779 3297 924 3387 στάσομαι
945 3297 1082 3411 ἐηόμενος
1107 3308 1163 3370 τοῦ
1184 3301 1301 3392 πατρός
1324 3332 1382 3389 μου

140 3383 283 3472 πορεύετο
307 3383 368 3470 πρὸ
393 3381 554 3471 πρσςούπυυ
578 3391 635 3450 τοῦ
661 3386 745 3451 λαοῦ.
779 3389 809 3450 ἐν
825 3383 910 3474 ἀγρῷ
928 3413 966 3452 ου
986 3376 1084 3482 ἐάνῇς
1097 3390 1162 3454 ἐκεῖ.
1186 3391 1239 3454 καὶ
1251 3386 1309 3467 ἐγιό
1327 3389 1383 3454 λα·

140 3473 237 3536 2οκαὶ
260 3463 396 3551 ἠγάπησε
422 3465 577 3551 Μελχόλίη
608 3465 748 3570 θυγάτηρ
778 3464 863 3574 λησση
876 3471 1015 3576 περδσρῦ
1028 3470 1303 3579 πρδςηδνπατέρα
1314 3499 1382 3556 μου,

538 3548 548 3571 )

141 3552 246 3620 Σαούλ
263 3552 318 3617 τὸν
331 3552 435 3616 Δαυίδ.
461 3554 512 3615 καὶ
530 3551 684 3634 απηγγίλη
702 3577 746 3636 τερ
777 3555 828 3618 καὶ
840 3572 957 3636 οψομαι
969 3581 998 3629 ο,
1007 3581 1035 3620 τι
1048 3557 1102 3621 ἐάν
1118 3583 1150 3660 ηζ
1161 3557 1213 3621 καί
1224 3554 1383 3633 άπαγγελω

140 3637 260 3709 Σαούλ,
285 3629 472 3716 καίηόθύνθ
502 3637 533 3699 ἐν
547 3645 610 3709 τοῖς
623 3630 747 3716 ὀφθαλ-
778 3662 833 3702 σοι.
872 3637 954 3703 2καί
979 3635 1120 3741 ἐλάλησεν
1149 3634 1292 3704 Ιωνάθαν
1314 3637 1382 3718 περί

140 3733 207 3802 μοῖς
219 3715 325 3782 αὐτοῦ.
352 3718 379 3757 22
391 3717 443 3781 καὶ
456 3661 517 3782 τάπε
528 3711 641 3782 Σαούλ
659 3714 746 3783 δεύσω
777 3720 875 3786 Δαυίδ
887 3718 994 3799 ἀγαθά
1010 3748 1087 3808 προς
1097 3719 1204 3785 Σαούλ
1219 3717 1274 3784 τὸν
1285 3718 1381 3780 πατέ-

143 3797 235 3884 αύτην
248 3797 343 3881 αὐτῷ,
356 3800 406 3863 καὶ
418 3801 503 3864 ἔσται
516 3798 647 3882 αύτῷείς
656 3798 747 3867 σκάν-
778 3829 818 3907 ρα
836 3801 949 3879 αὐτοῦ,
973 3807 1025 3869 καί
1041 3802 1102 3868 εἶπε
1120 3801 1196 3887 πρὸς
1214 3794 1314 3866 αὐτόν.
1339 3795 1379 3879 μὴ

142 3882 240 3949 δαλον.
266 3884 318 3946 καὶ
333 3871 370 3966 ἦν
389 3882 440 3947 ἐπὶ
451 3879 558 3948 Σαούλ
574 3884 634 3969 χείρ
655 3884 747 3950 ἀλλο-
778 3882 982 3971 αμαρτησάτω
999 3881 1165 3971 ύβαοιλεύς
1181 3887 1221 3958 είς
1238 3878 1292 3947 τόν
1308 3880 1380 3943 δοῦ-

143 3963 255 4048 φύλων.
283 3968 312 4007 22
326 3968 374 4030 καί
393 3965 553 4031 ἐνετείλατο
565 3964 671 4031 Σαούλ
683 3978 746 4042 τοῖς
777 3965 832 4034 λόν
844 3992 899 4032 σου
911 3968 1019 4042 Δαυίδ,
1037 3963 1084 4032 ὅτι
1097 3964 1151 4049 ούχ
1164 3961 1330 4068 ἡμάρτηκεν
1342 3966 1380 4037 εἰς

140 4052 244 4116 παισίν
257 4045 366 4122 αὐτοῦ,
380 4046 480 4126 λέγων.
506 4043 655 4132 λαλησατε
668 4045 747 4131 ὑμεῖς
778 4048 821 4127 σὲ,
843 4051 895 4115 καί
916 4046 955 4114 τά
977 4044 1132 4195 ποιηριατα
1155 4050 1251 4112 αυτοῦ
1273 4043 1378 4124 ἀγαθά

141 4128 244 4218 λάθρα
256 4137 299 4216 τῷ
313 4131 418 4205 Δαυὶδ,
432 4131 571 4209 λέγοντες.
587 4130 650 4195 ἰδού
664 4131 745 4197 θέλει
778 4127 906 4217 σφόδρα,
936 4131 1013 4195 ‘nal
1082 4157 1119 4198 το
1137 4127 1191 4216 την
1208 4128 1305 4216 ψυχὴν
1323 4128 1377 4195 αύ-

141 4218 172 4279 ἐν
184 4213 424 4301 σοῖδβασιλεύς,
450 4215 502 4278 καί
512 4210 619 4289 πάντες
633 4218 664 4280 oi
673 4225 746 4280 παῖ-
777 4219 833 4281 τοῦ
852 4217 932 4317 ἔντη
951 4215 1024 4299 χειρί
1046 4211 1153 4292 αύτοῦ,
1177 4218 1228 4281 καὶ
1250 4210 1379 4290 ἐπάταξε

140 4298 186 4371 δες
199 4295 294 4363 αὐτοῦ
306 4295 449 4372 άγαπῶσί
460 4321 500 4373 σε,
513 4299 565 4362 καὶ
573 4295 611 4362 σύ
621 4295 745 4383 ἐπιγάμ-
776 4296 831 4364 τόν
854 4294 1036 4378 ἀλλοφυλσν,
1061 4301 1113 4364 καί
1137 4301 1255 4381 ἐποίησε
1281 4294 1380 4382 κύριος

140 4385 262 4467 βρευσον
276 4384 318 4461 τῷ
331 4378 454 4464 βασιλεῖ.
493 4381 522 4421 ²³
536 4383 615 4446 καίέ
643 4380 652 4402 ’
690 4407 747 4448 σαν
777 4385 927 4468 σωτηρίαν
947 4376 1086 4464 μεγάλην,
1111 4383 1162 4444 καί
1182 4385 1240 4456 πᾶς
1259 4379 1380 4467 Ἰσραὴλ

140 4466 171 4527 οί
183 4462 285 4537 παῖδες
298 4460 403 4527 Σαούλ
417 4467 456 4539 εἰς
468 4458 507 4527 τά
520 4449 586 4529 ἀτα
597 4468 675 4531 Δαυ“
705 4464 744 4531 τά
759 4463 863 4544 εἶδον,
884 4464 934 4528 καί
948 4458 1103 4551 ἐχάρησαν,
1125 4465 1177 4530 καὶ
1191 4469 1270 4532 ίνατί
1280 4463 1379 4568 ἆμαρ-

1287 4572 1379 4613 τανειτ
