2924 4972
447 253 607 315 ΩΣΗΕ
645 255 721 330 Κεφ.
734 251 770 329 ζ’.
785 247 878 335 η’.θ’.
892 254 922 316 7.
935 252 966 318 8.
980 252 1010 319 9.
1288 259 1352 330 727

104 372 221 440 δίκτυόν
240 402 314 456 μου,
339 374 445 449 καθὼς
463 373 503 439 τά
520 374 640 438 πετεινὰ
658 378 713 439 τοῦ
744 379 789 456 τῷ
800 375 937 458 πλήθος,
963 378 1015 442 καί
1034 370 1073 440 τά
1085 374 1191 460 κόμμα
1203 377 1302 444 αῦτοῦ
1315 383 1355 455 είς

105 457 237 541 οῦρανοῦ
263 454 385 532 κατάξω
410 456 538 534 αῦτοῦς,
562 452 713 522 παιδεῦσω
746 456 893 543 ἀλλότρια
906 457 1126 584 ἐλογίσθησαν,
1151 458 1355 548 θυσιαστήρια

106 539 218 614 αῦτοῦς
235 546 266 606 ἐν
284 546 321 633 τῇ
336 539 413 634 ἀκοῇ
432 545 486 645 τής
501 540 640 623 θλίψεως
657 538 713 605 αῦ-
745 540 785 606 τά
807 538 992 625 ήγαπημένα.
1028 547 1041 584 ¹
1069 537 1146 607 διότι
1163 542 1216 608 ἐὰν
1232 542 1355 610 θύσωσι

106 628 175 689 τῶν.
200 622 305 689 13οῦαλ
317 622 431 701 αὐτοῖς,
457 620 504 687 ότι
520 619 715 707 άπεπήδησαν
745 628 876 698 θυσίαν,
902 625 954 688 καλ
966 620 1083 704 φάγωσι
1096 628 1184 711 κρέα,
1202 622 1302 708 κῦριος
1314 627 1352 692 οῦ

107 706 157 772 ἀπ’
173 710 253 790 ἐμοῦ.
278 706 399 772 δείλαιοί
411 710 492 783 εἰσιν,
508 702 715 812 ότιήσίήησαν
745 707 932 791 προςδέξεται
954 704 1043 771 αῦτά.
1076 713 1129 773 νῦν
1173 705 1355 792 νησθήσεται

106 795 146 866 εἰς
158 792 217 873 ἐμέ.
241 788 302 866 έγιῦ
314 790 353 855 «δὲ
369 784 581 875 ἐλυτρονσάμην
593 788 714 865 αυτοῦς,
745 791 799 864 τάς
811 789 926 864 ἀδικίας
944 788 1062 868 αὐτῶν,
1080 793 1132 857 καί
1177 787 1286 873 δικήσει
1299 790 1353 866 τός

108 871 196 938 αῦτοὶ
208 870 241 937 δὲ
254 871 460 957 κατελάλησαν
475 871 538 937 κατ’
556 875 628 955 ἐμοῦ
643 893 715 956 ψευ·
746 871 893 958 ἁμαρτίας
905 871 1017 938 αῦτιῦν.
1037 871 1129 938 αῦτολ
1140 882 1178 949 είς
1189 877 1353 951 Αἴγυπτον

107 957 152 1038 δή.
165 955 251 1022 14καλ
262 955 344 1021 οῦκί
363 952 542 1038 όησανπρδς
552 954 587 1038 μὲ
596 959 631 1019 αἱ
640 981 715 1041 καρ-
746 954 959 1041 ἀπέστρεψαν,
984 955 1038 1019 καί
1053 958 1084 1020 ίν
1096 955 1152 1022 ’Λα
1209 965 1264 1032 ίοις
1277 952 1354 1022 άκά·

107 1037 298 1115 δίαιαῦτοῦν,
323 1039 344 1103 ά
378 1035 589 1122 ’ἢώλόλυζον
606 1042 637 1104 ἐν
647 1049 715 1113 ταῖς
746 1049 851 1124 θαρτα
876 1037 1035 1120 φάγονται.
1071 982 1354 1105 14καλλίπελάθετο

106 1127 219 1197 κοίταις
231 1121 341 1186 αῦτιῦν.
354 1122 404 1186 ἐπὶ
415 1126 488 1203 σίτῳ
500 1122 632 1204 καίοίνῳ
640 1145 715 1186 κατ-
743 1118 865 1223 Ἰσραήλ
888 1125 945 1186 τοῦ
969 1124 1152 1204 ποιήσαντος
1169 1117 1278 1196 αῦτδν,
1303 1120 1355 1186 καλ

108 1208 271 1286 ετέμνοντο.
302 1206 330 1247 ¹⁵
344 1200 564 1286 ίπαιδιῦθησαν
588 1208 619 1269 έν
640 1204 715 1287 ἐμοί,
747 1202 866 1287 ᾠκοδομ
887 1207 1065 1288 σαντεμένη.
1079 1207 1131 1270 καί
1140 1199 1256 1279 ’Ῑοόδας
1264 1199 1354 1286 ἐπλή·

108 1283 193 1368 κᾴγὼ
212 1291 376 1371 κατίσχυσα
392 1285 464 1362 τοῦς
479 1291 640 1373 βραχίονας
659 1285 716 1351 αῦ-
746 1231 930 1362 θυνεπόλιις
942 1291 1165 1371 τετειχισμένας,
1181 1289 1232 1352 καί
1244 1288 1354 1363 ἔξαιτο-

107 1373 183 1446 τῶν,
209 1370 262 1434 καί
274 1373 313 1445 είς
329 1369 381 1454 ἐμὲ
398 1369 570 1447 ἔλογίσαντο
586 1365 714 1455 πονηρά.
747 1371 842 1436 στελῶ
853 1374 914 1456 πῦρ
927 1375 967 1445 είς
979 1369 1033 1444 τὰς
1044 1367 1145 1446 πόλεις
1162 1367 1277 1445 αῦτοῦ,
1303 1371 1355 1434 καί

109 1453 137 1495 ¹⁶
150 1447 386 1537 ἀπεστράφησαν
402 1457 441 1527 εἰς
453 1452 554 1530 οῦδὲν,
579 1456 715 1530 ε’γένοντο
746 1449 953 1535 καταφάγεται
968 1453 1008 1517 τά
1020 1453 1146 1536 θεμέλιοι
1159 1450 1269 1517 αὐτῶν.

109 1531 151 1609 ὡς
168 1533 258 1611 τόξον
275 1537 480 1618 ἐντεταμένον,
504 1541 665 1602 πεσοῦνται
684 1539 715 1601 ἓν
944 1542 1019 1601 ΚΕ
1030 1541 1068 1600 Φ.
1117 1531 1168 1600 6¹.
1262 1549 1264 1553 ’

109 1621 244 1765 ρομφαίηι
264 1623 297 1682 οί
309 1617 447 1706 άρχοντες
460 1617 561 1685 αῦτιῦν
572 1617 607 1684 δι’
622 1617 715 1683 άπαι-
747 1584 815 1682 M
808 1647 827 1703 η
844 1629 926 1704 χαῖρε
940 1615 1063 1704 Ἰσραήλ
1067 1668 1078 1696 ,
1101 1618 1173 1703 μηδὲ
1193 1615 1353 1704 εῦφραίνου

128 1708 230 1767 εασίαν
237 1697 374 1786 γλώσσης
387 1701 495 1768 αὐτῶν.
509 1693 626 1777 οῦτοςὸ
637 1727 715 1784 φατι·
745 1701 852 1778 καθτός
865 1706 896 1767 οί
908 1701 989 1779 λαοί,
1005 1697 1082 1767 διότι
1094 1700 1276 1788 ἐπόρνευσας
1288 1697 1353 1767 άπό

109 1783 212 1866 λκσμός
225 1784 325 1850 αὐτῶν
337 1789 369 1851 έν
379 1784 419 1868 γῆ
429 1781 589 1869 Αἰγύπτῳ.
745 1791 801 1852 τοῦ
818 1788 896 1851 θεοῦ
908 1810 971 1850 σου.
996 1780 1157 1912 ήγάπιρσας
1173 1783 1292 1866 δόματα
1303 1786 1355 1850 λιτὶ

294 1875 369 1933 ΚΕ
384 1857 421 1933 Φ.
464 1865 521 1934 Η’.
746 1865 846 1934 πάντα
858 1865 961 1934 ἅλωνα
975 1873 1070 1934 σίτου.
1108 1865 1192 1933 ἅλιον
1205 1870 1256 1933 καί
1267 1863 1354 1951 ληνός

114 1918 184 2027 Εἲς
196 1946 308 2018 κόλπον
320 1951 431 2028 αὐτῶν,
444 1949 485 2027 ὡς
496 1956 551 2036 γή,
577 1950 617 2028 ὡς
629 1950 717 2027 άετὸς
747 1952 804 2019 οῦκ
821 1955 896 2031 ἔγνω
913 1948 1040 2029 αῦτοῦς,
1065 1953 1117 2018 καί
1135 1949 1248 2026 ὁοῖνος
1261 1945 1354 2034 ἐψεῦ-

109 2032 154 2100 ίιέ
170 2032 254 2100 οἶκον
266 2041 379 2121 κυρίου,
399 2033 468 2102 ἀνθ’
489 2027 717 2123 ῦνπαρέβησαν
747 2060 823 2102 σατο
845 2031 965 2109 αὐτοῦς.
992 2033 1057 2101 3οῦ
1074 2030 1251 2118 κατῴκησαν
1266 2038 1298 2100 έν
1314 2037 1354 2122 τῇ

109 2117 165 2201 τήν
182 2114 329 2202 διαθήκην
340 2145 412 2201 μου,
437 2117 579 2183 καὶκατὰ
594 2123 653 2183 τοῦ
666 2113 716 2183 νό-
745 2123 785 2210 γῇ
808 2123 865 2184 τοῦ
882 2124 996 2203 κυρίου.
1033 2116 1200 2203 κατῴκησεν
1222 2116 1353 2219 Ἐρραίμ

109 2226 169 2284 μου
179 2225 238 2282 μου
252 2200 407 2286 ήσέβησαν.
424 2200 501 2284 2ἐμὲ
514 2198 717 2283 κεκράξονται,
745 2203 916 2278 Αἴγυπτον,
933 2201 987 2265 καί
997 2204 1027 2265 ἐν
1040 2200 1202 2285 Ἀσσυρίας
1213 2198 1354 2277 ἀκαθαρ-

110 2282 220 2357 ὁθεὸς
240 2283 407 2363 ἐγνώκαμέν
426 2307 467 2346 σε.
506 2278 582 2345 δὸτι
596 2280 717 2366 Ἰσραήλ
748 2308 786 2346 τα
798 2278 959 2362 φάγονται
985 2281 1070 2346 4οῦκ
1090 2285 1231 2347 ἔσπεισαν
1242 2285 1286 2362 τῷ
1298 2304 1353 2343 κυ-

110 2366 325 2447 άπεστρέιματο
351 2360 474 2440 ἀγαθά,
500 2366 516 2427 ἐ
532 2361 613 2447 θρὸν
630 2387 718 2430 κατε-
747 2369 802 2448 ρίιρ
815 2363 909 2441 οἶνον,
935 2364 988 2427 καί
1005 2360 1060 2447 οῦχ
1077 2359 1186 2448 ήδυναν
1199 2362 1292 2444 αὐτῷ.
1318 2365 1353 2426 αλ

111 2448 229 2521 δίωξαν.
268 2444 416 2528 4ξαυτοῖς
437 2387 641 2532 ίβασῦαυσαν,
667 2447 718 2511 καί
747 2451 851 2511 θυσίαι
864 2443 975 2521 αὐτῶν,
992 2444 1035 2520 σῦς
1047 2444 1139 2528 άρτος
1150 2448 1284 2519 πένθους
1296 2443 1353 2509 αῦ-

111 2527 148 2594 οῦ
160 2526 194 2592 δι’
210 2531 282 2611 ἐμοῦ
295 2529 401 2613 ήρξαν,
424 2530 476 2593 καί
488 2527 543 2592 οῦκ
556 2524 717 2612 ίγναόρισάν
746 2539 819 2604 τοῖς.
846 2525 954 2602 πάντες
968 2533 999 2592 οί
1010 2532 1161 2603 ἐσθίοντες
1173 2525 1253 2593 αὐτὰ
1266 2551 1352 2608 μιαν-

110 2639 161 2698 μοι
174 2611 211 2678 τό
227 2610 368 2696 άργῦριον
387 2610 503 2687 αῦτιῦν,
529 2611 581 2676 καὶ
591 2610 628 2674 τό
645 2635 664 2694 χ
683 2636 718 2674 υ-
745 2607 914 2695 θήσονται,
939 2605 1015 2676 διότι
1028 2615 1058 2674 οἱ
1070 2609 1160 2694 άρτοι
1173 2607 1274 2675 αῦτιῦν
1287 2621 1352 2683 ταῖς

111 2701 180 2760 σίον
193 2694 295 2761 αὐτῶν
312 2699 458 2776 ἐποίησαν
469 2694 667 2769 ἑαυτοίςείδω
705 2743 716 2771 ,
746 2705 855 2777 ψυχαῖς
880 2693 981 2758 αὐτῶν
1006 2691 1061 2757 οῦκ
1086 2692 1292 2767 είςελιῦοονται
1313 2696 1353 2765 είς

110 2774 195 2854 όπως
215 2777 482 2860 ἐξολοθρευθῦσιν.
519 2772 716 2862 6οἰπότριιμαι
746 2775 799 2843 τόν
824 2775 909 2842 οἶκον
934 2782 1046 2860 κυρίου.
1086 2777 1145 2841 8τί
1165 2771 1299 2857 ποιήσετε
1321 2777 1353 2839 ἐν

110 2861 166 2926 τὸν
173 2856 289 2964 μόσχον
302 2887 358 2926 σου
370 2855 539 2942 Σαμάρεια,
557 2856 715 2945 παραξάν-
746 2856 866 2966 ήμέραις
889 2854 1097 2943 πανηγῦρεως,
1127 2886 1179 2926 και
1204 2862 1235 2922 έν
1258 2856 1353 2959 ἡμέρρ

108 2955 154 3029 θη
168 2970 186 3007 ο
201 2940 299 3024 θυμός
317 2970 375 3027 μου
395 2941 439 3009 ἐπ’
455 2939 577 3018 αῦτοῦς.
603 2946 659 3018 ἕως
671 2948 717 3007 τί-
746 2946 849 3029 εορτής
867 2947 922 3008 τοῦ
940 2946 1060 3028 κυρίους
1085 2941 1164 3008 θδιόι
1176 2944 1272 3006 τοῦτο
1287 2942 1351 3007 ἰδου

109 3023 719 3113 νοςοῦμήδύνωνταικαθαρισθήναιθίν
745 3021 924 3111 πορεῦονται
953 3030 985 3090 ἐκ
1015 3024 1224 3111 ταλαιπωρίας
1250 3019 1348 3102 Αἰγῦ-

109 3115 155 3194 τῷ
165 3108 287 3194 Ἰσραήλ
291 3139 304 3188 ,·
316 3112 369 3175 καί
380 3110 458 3175 αῦτό
471 3113 582 3175 τέκτων
591 3114 660 3174 ίποί
677 3134 717 3185 σε,
745 3135 841 3185 πτου,
865 3110 916 3173 καί
933 3108 1081 3185 ἐκδέξεται
1094 3104 1206 3185 αῦτοῦς
1219 3111 1353 3189 Μέμφις,

109 3196 161 3258 καὶ
179 3192 217 3258 οῦ
234 3191 306 3269 θεός
322 3196 394 3259 ἐστι.
419 3188 496 3258 διότι
512 3192 716 3277 πλαισῦνηνό
745 3187 906 3276 καλθάιμιι
919 3189 1087 3269 αῦτοῦςΜ
1142 3187 1186 3268 άς.
1209 3185 1353 3275 τόάργῦ-

109 3275 220 3361 μόσχος
239 3304 294 3344 σου
310 3271 481 3363 Σαμάρεια,
520 3273 592 3342 Ὶότι
608 3271 717 3359 άνεμό-
745 3301 811 3358 ριον
823 3274 925 3341 αῦτῦν
938 3272 1069 3361 όλεθρος
1134 3268 1286 3360 ρονομήσει
1296 3271 1354 3374 αῦ-

109 3371 216 3443 φθορα
234 3365 388 3445 έσπειραν,
413 3361 465 3424 καί
482 3357 501 3444 ἦ
519 3358 715 3443 καταστροφή
745 3358 797 3434 τό,
824 3358 959 3424 άκανθαι
975 3361 1006 3422 έν
1023 3370 1087 3432 τοῖς
1099 3353 1283 3439 σκηνάμασιν
1294 3380 1353 3419 αυ-

110 3442 211 3507 αῦτοῦν
232 3444 376 3518 ἐκδέξεται
399 3440 486 3507 αῦτά.
518 3437 638 3526 δράγμα
659 3441 717 3505 οῦκ
745 3445 815 3506 τῶν.
842 3437 973 3540 7ήκασιν
990 3442 1026 3504 αί
1042 3438 1149 3522 ήμέραι
1166 3442 1219 3519 τῆς
1237 3432 1353 3518 ἐκδική-

110 3529 175 3608 έχον
195 3523 279 3606 ίσχῦν
292 3528 348 3588 τοῦ
360 3529 484 3626 ποιήσαι
497 3523 638 3605 άλευρον,
663 3521 716 3587 ἐάν
747 3548 834 3596 σειος,
860 3521 965 3604 ήκασιν
983 3525 1017 3585 αί
1029 3517 1135 3603 ἡμέραν
1152 3523 1205 3602 της
1217 3515 1354 3582 άνταπο-

109 3607 141 3673 δὲ
154 3609 206 3671 καὶ
216 3601 338 3689 ποιήση,
355 3603 511 3690 άλλοτριοι
522 3602 716 3686 καταφάγον-
745 3598 857 3678 δόσειός
870 3628 937 3676 σου,
949 3602 1001 3666 καί
1012 3612 1220 3685 κακωθησεται
1232 3599 1355 3686 Ἰσραήλ

109 3717 159 3757 ται
172 3682 260 3756 αῦτό.
290 3677 474 3771 8’κατεπόθη
499 3685 638 3772 Ἰσραήλ,
663 3691 717 3753 νῦν
747 3682 842 3768 όίςτιερ
866 3681 884 3751 ό
906 3680 1065 3790 προφήτης
1081 3681 1099 3749 ό
1118 3682 1353 3788 παρεξερτηκός,

110 3778 225 3852 ἐγένετο
256 3776 289 3838 έν
317 3781 383 3846 τοῖς
407 3773 522 3837 έθνεσιν
548 3767 589 3844 ὡς
614 3773 717 3844 σκεῦος
746 3767 912 3852 άνθρωπος
926 3766 1207 3854 οιτνευματοφόρος.
1223 3793 1285 3833 υπο
1296 3771 1354 3833 τοῦ

110 3858 273 3944 ἄχρηστον,
308 3851 384 3920 9ότι
407 3853 496 3920 αὐτοὶ
512 3852 659 3940 άνέβησαν
677 3857 716 3929 εἰς
746 3847 885 3936 πλήθους
903 3857 964 3917 τῶν
982 3849 1106 3917 άδικισῦν
1125 3876 1182 3916 σου
1201 3845 1353 3934 έπληθῦν-

105 3941 289 4028 Ἀσσυρίους.
302 3937 452 4005 άνέθαλιν
461 3935 532 4003 καθ’
548 3933 655 4003 ἑαυτόν
664 3934 715 4002 Ἐ-
747 3948 789 4020 θη
800 3941 891 4019 μανία
904 3961 968 4001 σου.
986 3936 1003 3979 ⁸
1016 3932 1127 4012 σκοπδς
1135 3931 1266 4019 Ἐφραίμ
1277 3931 1354 4016 μετὰ

109 4027 216 4107 φραδμ,
228 4025 313 4108 δοῦρα
327 4019 499 4108 ήγάπησαν,
520 4024 550 4067 1⁰
562 4020 613 4087 διά
625 4025 716 4089 τοῦτο
745 4023 833 4094 θεοῦ,
846 4015 1002 4122 προφήτης
1013 4021 1104 4097 παγίς
1117 4015 1222 4084 σκολιά
1233 4014 1351 4083 ἐπλπά-

112 4103 381 4193 παραδοθήσονται
403 4108 434 4172 ἐν
450 4118 513 4181 τοῖς
531 4109 637 4171 ἔθνεσι.
664 4109 716 4170 νῦν
746 4131 801 4179 σας
813 4101 868 4178 τάς
880 4099 970 4177 ὁδους
982 4099 1095 4176 αῦτοῦ,
1120 4106 1226 4185 μανίαν
1238 4104 1269 4166 ίν
1280 4101 1352 4202 σίκρ

109 4194 269 4297 ελςδεξομαι
282 4190 408 4267 αῦτοῦς,
423 4193 474 4295 καί
485 4184 654 4295 κοπάρουσι
666 4215 716 4271 μι-
745 4191 826 4292 θροῦ
844 4189 1021 4292 κατέπηξαν.
1047 4186 1062 4228 ⁹
1076 4179 1266 4286 ssffha'pquav'
1274 4210 1354 4250 κατα

108 4299 185 4421 ῦέῖ.
195 4272 715 4443 ἔλλίίῗῖἷόῦσήὶῗμῦὶἷλχίῖήῖῦ
745 4273 1354 4435 &zama,ss03133220‘25'223232322

107 4441 147 4513 εἷς
164 4436 325 4541 ἁμαρτίας,
351 4444 489 4516 ἐγένοντο
507 4436 592 4522 αῦτῷ
603 4445 714 4502 θυσια-
744 4435 854 4501 αῦτῦν.
880 4434 911 4479 ¹⁶
921 4437 963 4513 ὡς
976 4433 1131 4516 σταφυλήν
1146 4437 1178 4497 έν
1191 4423 1353 4515 ἐρήμῳεῦ·

107 4519 215 4608 στήρια
229 4526 413 4607 ηγαπημίνα.
426 4517 648 4608 1’καταγράψαι
659 4518 714 4585 αῦ·
745 4543 797 4607 ρον
814 4517 869 4583 τόν
886 4516 1024 4604 Ἰσραήλ,
1049 4519 1101 4582 καί
1124 4512 1166 4591 άς
1185 4513 1299 4579 σκοπόν
1324 4516 1354 4579 ίν

1280 4621 1354 4671 συκη
