2924 4972
166 234 231 308 546
495 242 567 299 ΕΣ
581 236 656 299 ΘΗ
668 239 699 298 Ρ
737 238 813 312 Κεφ.
828 230 857 295 ε’.
873 224 906 308 ς’.
921 234 957 310 ζ’.
972 233 1001 299 5.
1015 230 1045 297 6.
1060 234 1088 297 7.

166 354 244 437 πρὸς
270 349 363 416 αὐτὸν
382 344 516 433 Ζωούρα
535 346 552 431 ἡ
570 345 642 429 γυνὴ
666 343 772 420 αὐτοῦ,
805 345 906 427 λησας.
932 347 957 385 ¹¹
971 344 1062 431 ἔλαβε
1079 343 1111 408 δὲ
1125 343 1218 427 ’Λμὰν
1235 341 1290 426 τὴν
1304 345 1421 428 στολὴν

166 439 217 498 καὶ
235 439 266 498 οῖ
284 435 376 516 φιλοι.
403 428 527 533 κοπὴτω
546 455 593 494 σοι
612 426 702 506 ξύλον
713 454 772 511 πη-
806 430 857 492 καὶ
869 427 923 492 τὸν
931 433 1037 504 ἰ’ππον,
1050 431 1100 492 καὶ
1112 424 1245 492 ἕστύλισε
1255 428 1308 492 τὸν
1319 435 1421 532 Μαρ-

165 523 225 602 χῶν
237 514 436 599 πεντήκοντα,
457 516 574 598 ὄρθρου
587 511 619 577 δὲ
633 510 717 576 εἶπον
729 515 773 593 τῷ
806 512 935 595 δοχαῖον,
950 512 1002 574 καί
1015 512 1186 658 ἀνεβίβασεν
1198 508 1291 575 αὐτὸν
1303 513 1352 574 ε’πὶ
1362 538 1419 578 τον

165 601 287 688 βασιλεῖ,
301 602 352 664 καὶ
364 592 563 685 κρεμασθὴτω
573 596 774 681 Μαρδοχαῖος
805 600 915 668 ἵππον,
941 596 993 658 καί
1014 595 1062 677 διη
1083 607 1119 658 θε
1137 591 1186 659 διύ
1204 598 1255 677 τῆς
1273 592 1419 670 πλατείας

166 688 216 748 ἐπὶ
234 688 290 749 τοῦ
306 680 406 758 ξύλου.
438 679 472 747 σύ
489 679 521 743 δὲ
538 680 645 754 εἴςελθε
662 681 701 753 εἰς
720 676 774 761 τὴν
806 683 858 760 τὴς
870 675 995 752 πόλεως,
1016 681 1067 741 καί
1079 673 1220 762 ἒκὴρυσσε
1233 677 1336 753 λέγων.
1363 676 1415 744 ού-

165 767 254 852 δοχὴν
267 767 321 831 σὺν
334 771 377 849 τῷ
389 764 518 851 βασιλεῖ,
536 765 589 827 καὶ
602 761 771 847 εὐφραίνου.
807 786 864 835 τως
877 764 962 826 ἔσται
974 764 1067 825 παντὶ
1080 756 1236 843 ἀνθρώπῳ
1248 757 1283 824 ὃν
1296 756 1313 823 5
1327 765 1417 846 βασι-

163 853 215 913 καὶ
229 848 311 934 ἡρεσε
322 849 357 912 τὸ
370 854 451 932 ῥὴμα
464 851 507 931 τῷ
518 843 619 930 Ἀμύν,
628 847 679 912 καὶ
691 845 772 926 ἡτοι-
805 844 871 919 λεύς
883 844 963 908 θελει
976 845 1111 920 δοξάσαι.
1137 847 1340 928 1ἳέπέστρεηιε
1353 843 1385 907 δὲ
1398 843 1416 909 5

162 928 268 1016 μύσθη
281 929 316 996 τὸ
329 928 424 1007 ξύλον.
805 928 1003 1013 Μαρδοχαῖος
1021 932 1060 1002 εἷς
1077 927 1133 1030 τὴν
1147 922 1249 1010 αὐλὴν.
1277 924 1371 1008 Ἀμύν
1383 928 1417 992 δὲ

189 1021 201 1048 ⁰
362 1021 395 1078 1(
407 1020 437 1077 Ε
450 1017 488 1076 Φ.
533 1010 570 1087 ς’.
806 1007 987 1095 ὑπέστρεψεν
1012 1016 1051 1085 εἷς
1076 1034 1116 1074 τα
1143 1011 1202 1074 ἴδια
1232 1009 1414 1092 λυπούμενος

164 1060 214 1162 O
224 1096 256 1161 δὲ
265 1093 302 1163 κύ
323 1123 366 1172 ιος
379 1096 526 1179 ἀπέστησε
539 1094 593 1160 τὸν
605 1089 697 1159 ύπνον
707 1092 770 1159 ἀπὸ
804 1092 882 1159 κατύ
894 1093 1031 1177 κεφαλῆς.
1052 1094 1079 1135 ¹³
1091 1095 1143 1157 καὶ
1153 1089 1415 1178 διηγὴσατοἈμύν

162 1186 219 1246 τοῦ
234 1123 380 1267 βασιλέως
398 1180 450 1264 τὴν
467 1174 561 1245 νύκτα
578 1183 694 1261 ἐκείνην.
721 1179 773 1242 καὶ
807 1176 843 1241 τύ
857 1175 1058 1265 συμβεβηκότα
1071 1175 1155 1260 αὐτῷ
1166 1175 1301 1262 Ζωσύρηι
1312 1182 1352 1268 τῇ
1360 1204 1413 1254 γυ-

86 1281 96 1344 ]
162 1264 224 1329 εἶπε
235 1269 280 1348 τῷ
289 1260 417 1346 διακόνῳ
428 1261 524 1327 αὐτοῦ
534 1265 669 1346 ελςφὲρειν
677 1257 771 1347 γρύμ-
806 1261 1000 1337 ναικὶαύτού,
1015 1263 1136 1335 καὶτοῖς
1145 1260 1252 1342 φίλοις.
1267 1259 1415 1325 καὶεἷπαν

161 1374 243 1431 ματα
261 1343 431 1431 μνημόσυνα
450 1350 511 1410 τῶν
535 1342 650 1430 ἡμερῶν
668 1343 772 1423 σἰναγι-
802 1340 879 1451 πρὸς
890 1342 987 1410 ,αὐτὸν
999 1349 1032 1409 οἱ
1043 1344 1135 1424 φίλοι,
1148 1349 1199 1407 καὶ
1213 1339 1231 1427 ἡ
1243 1339 1369 1426 γυνὴ.,εί
1380 1349 1413 1408 ἐκ

162 1427 280 1495 νύσκειν
292 1430 385 1513 αὐτῷ.
408 1432 424 1471 ²
437 1422 500 1512 εύρε
513 1428 596 1493 δὲτὰ
608 1424 771 1513 γρύμματα
801 1451 902 1504 γενους
911 1426 1070 1510 Ἰουδαίων
1084 1428 1297 1530 Μαρδοχαῖος,
1324 1428 1412 1512 ἡρξαι

160 1511 200 1578 τὰ
221 1515 376 1597 γραφέντα
400 1514 470 1596 περί
486 1513 703 1595 Μαρδοχαίου,
729 1509 770 1586 ὡς
803 1516 1018 1576 ταπεινοῦσθαι
1036 1506 1160 1574 ε’νύπιον
1175 1514 1285 1587 αυτοῦ,
1311 1507 1412 1575 πεσών

162 1592 321 1675 ἀπήγγειλε
346 1598 391 1677 τῷ
415 1594 533 1680 βασιλεῖ
554 1597 698 1678 περὶτῶν
715 1594 769 1659 δύο
802 1599 891 1686 πεσῇ,
916 1597 968 1659 καὶ
984 1592 1021 1659 οὐ
1037 1591 1076 1675 μὴ
1097 1588 1167 1684 δύνη
1185 1590 1280 1658 αὐτὸν
1297 1588 1411 1674 ύμύνα-

162 1676 308 1761 εὐνούχων
321 1682 377 1741 τοῦ
389 1677 534 1762 βασιλέως
552 1679 582 1739 ἐν
595 1681 640 1759 τῷ
653 1674 769 1758 φυλύσ-
803 1688 892 1756 σθαι,
910 1674 956 1742 ὅτι
968 1676 1039 1751 θεὸς
1051 1679 1108 1753 ζῶν
1119 1675 1176 1758 μετ’
1195 1674 1299 1740 αὐτού.
1325 1676 1410 1740 14ἔτι

162 1786 223 1826 σειν
249 1758 376 1834 αὐτούς,
402 1759 453 1823 καί
479 1762 602 1883 ζητὴσαι
623 1760 771 1846 ἐπιβαλεῖν
803 1759 903 1824 αὐτῶν
927 1755 1114 1838 λαλούντων,
1139 1765 1355 1842 παραγίνονται
1378 1764 1410 1823 οί

162 1840 215 1917 τὰς
226 1856 323 1947 χεῖρας
335 1843 522 1947 Ἀρταξέρξῃ.
565 1841 625 1906 εἶπε
638 1841 670 1907 δὲ
682 1842 700 1907 5
712 1849 770 1929 βα-
803 1841 945 1946 εὐνοῦχοι,
958 1844 1180 1916 ἐπισπεύδοντες
1193 1842 1244 1906 τὸν
1255 1839 1347 1942 Ἀμύν
1359 1844 1412 1905 ἐπὶ

163 1926 266 2001 σιλευς.
281 1932 346 1990 τίνα
359 1921 448 2002 δόξαν
461 1954 480 2008 η
492 1921 578 2010 χύριν
590 1925 769 2010 ἐποιήσαμεν
804 1923 855 1990 τὸν
867 1951 965 1992 ποτον
979 1923 1015 1990 ὃν
1027 1925 1185 2010 ἡτοίμασεν
1199 1924 1322 2010 Ἔσθηρ.

162 2014 208 2091 τῷ
217 2010 409 2095 Μαρδοχαίῳ
414 2037 426 2086 ,·
440 2011 489 2072 καὶ
504 2009 588 2072 εἶπαν
599 2013 630 2073 οῖ
639 2004 768 2075 διύκονοι
993 2015 1066 2072 ΚΕ
1080 2016 1118 2072 (ί).
1163 2006 1213 2072 Z‘.

161 2097 217 2156 τού
230 2091 385 2178 βασιλέως.
399 2091 454 2155 οὐκ
464 2093 607 2175 ἐποίησας
617 2089 703 2175 αὐτῷ
715 2091 767 2156 οὐ-
804 2061 949 2177 Εἷςὴλθε
975 2090 1008 2157 δὲ
1032 2089 1049 2155 5
1067 2092 1209 2240 βασιλεὺς
1232 2093 1284 2156 καί
1304 2088 1408 2173 Ἀμύν,

161 2173 217 2238 δέν.
244 2175 306 2240 *ἐν
319 2173 351 2239 δὲ
364 2179 407 2256 τῳ
420 2173 627 2240 πυνθάνεσθαι
646 2173 699 2239 τὸν
711 2180 769 2261 βα·
802 2201 839 2241 συ
860 2188 934 2241 πιεῖν
948 2180 985 2263 τῇ
996 2179 1065 2262 βασι
1087 2183 1162 2259 ίσση.
1179 2175 1265 2240 ἳεῖπε
1276 2173 1309 2240 δὲ
1321 2171 1339 2239 5
1352 2180 1372 2261 β
1393 2215 1409 2227 -

162 2258 247 2322 σιλέα
271 2259 338 2340 περὶ
355 2262 407 2341 τὴς
425 2256 540 2333 εὐνοίας
557 2259 767 2342 Μαρδοχαίου,
801 2205 1072 2350 σιύεύςἘσθὴρτῇ
1086 2250 1311 2344 δευύέρᾳὴμέρη
1325 2261 1410 2340 ίντῴ

162 2338 227 2405 ἶδού
237 2338 330 2425 Ἀμύν
349 2344 429 2442 ε’ντὴ
448 2339 533 2432 αὐλῇ.
560 2339 621 2404 εἷπε
635 2340 667 2404 δὲ
680 2339 697 2405 5
710 2346 768 2427 βα-
800 2337 894 2424 πότῳ.
913 2347 944 2406 τί
955 2340 1159 2428 ε’στινἘσθὴρ
1171 2342 1345 2450 βασίλισσα,
1359 2345 1412 2405 καί

161 2420 260 2498 σιλεύς.
275 2430 320 2498 τίς
333 2426 364 2488 ἐν
376 2449 413 2510 τη·
427 2423 504 2516 αὐλῇ
509 2454 521 2503 ,·
535 2422 552 2488 5
565 2422 597 2487 δὲ
607 2421 701 2506 Ἀμύν
714 2430 768 2500 είς-
801 2430 832 2488 τί
853 2422 889 2488 τὸ
907 2423 1017 2508 αἴτημύ
1036 2451 1105 2502 σου,
1130 2452 1181 2490 και
1193 2432 1224 2490 τί
1240 2425 1275 2489 τὸ
1294 2420 1409 2505 ὐξίωμύ

161 2511 253 2592 ἢλθεν
265 2512 353 2571 είιιεῖν
366 2511 409 2589 τῷ
422 2509 545 2592 βασιλεῖ,
563 2505 703 2590 κρεμύσαι
716 2507 769 2573 τὸν
801 2533 856 2572 σου
861 2536 874 2585 ,·
902 2510 953 2572 καὶ
975 2512 1053 2574 ἔστω
1071 2536 1121 2575 σοι
1140 2515 1195 2584 ἕως
1215 2508 1338 2593 ἡμίσους
1356 2513 1393 2572 τ”

159 2591 364 2674 Μαρδοχαῖον
373 2592 423 2655 ἐπὶ
433 2595 478 2672 τῷ
487 2583 607 2673 ξύλῳ,ᾦ
618 2588 767 2673 ἡτοίμασε.
799 2590 949 2677 βασιλείας
961 2618 1028 2673 μου.
1052 2594 1132 2657 3καί
1150 2591 1351 2676 ἀποκριθεῖσα
1368 2536 1409 2656 εὐ-

159 2675 174 2715 ⁶
187 2676 236 2736 καί
249 2673 335 2737 είπαν
353 2678 385 2737 οἳ
397 2670 527 2738 διύκονοι
546 2678 602 2736 τοῦ
613 2674 766 2760 βασιλέως.
800 2700 862 2739 πεν.
886 2679 911 2738 εί
923 2667 1009 2761 εύρον
1020 2671 1105 2779 χύριν
1118 2671 1242 2741 ἕνεύπιον
1254 2680 1311 2740 τού
1322 2680 1406 2760 βασι-

159 2752 225 2819 ίδού
238 2754 328 2834 Ἀμύν
341 2761 458 2839 ἔστηκεν
472 2759 501 2817 ἕν
514 2760 552 2847 τῇ
563 2756 649 2848 αὐλῇ.
664 2761 714 2821 καὶ
726 2758 767 2823 εί·
801 2757 889 2834 λέως,
914 2756 1039 2840 δοθὴτω
1062 2785 1079 2842 η
1100 2756 1180 2844 ψυχὴ
1206 2764 1250 2842 τῷ
1268 2756 1410 2842 αίτὴματί

159 2863 214 2901 πεν
228 2834 398 2921 ὁβασιλεύς.
414 2839 557 2902 καλέσατε
568 2838 669 2904 αὐτόν.
683 2840 767 2905 6εἶπε
799 2865 867 2920 Ιιιου,
878 2843 929 2904 καί
942 2839 960 2904 5
973 2837 1045 2915 λαός
1056 2867 1115 2921 μου
1128 2847 1171 2923 τῷ
1184 2838 1331 2922 ἆξιύματί
1341 2867 1407 2922 μου.

160 2919 190 2983 δι’
206 2918 371 3005 ὁβασιλεύς
386 2926 427 3003 τῷ
438 2916 536 3001 Ἀμύν.
551 2929 582 2986 τί
592 2920 709 3008 ποιὴσω
723 2929 766 3007 τῷ
800 2921 1000 3009 4ἕπρύθημεν
1022 2923 1080 3006 γὰρ
1099 2924 1158 2998 ἐγώ
1181 2948 1212 2986 τε
1229 2927 1280 2986 καί
1297 2920 1316 2985 5
1333 2920 1407 2995 λαός

160 3000 326 3086 ἀνθρώπῳ,
338 3000 373 3066 ὃν
385 3003 443 3079 ε’γώ
453 3004 536 3067 θελω
549 3003 692 3084 δοξύσαι,
707 3006 767 3071 εἶπε
798 3030 857 3087 μου
880 3011 918 3080 εἰς
936 3001 1086 3068 ἀπώλειαν
1102 3007 1153 3067 καὶ
1169 3002 1337 3087 διαρπαγὴν
1354 3007 1407 3067 καὶ

161 3085 191 3149 δὲ
205 3089 236 3148 ἐν
248 3088 348 3168 ἑαυτῷ
360 3083 460 3166 Ἀμύν.
475 3094 541 3151 τίνα
552 3089 633 3153 θέλει
648 3085 664 3153 5
678 3095 765 3174 βασι·
800 3087 944 3163 δουλείαν,
963 3084 1041 3170 ἡμεῖς
1053 3085 1104 3148 καί
1119 3085 1254 3150 τὰτέκνα
1270 3082 1353 3168 ἡμῶν
1367 3092 1406 3161 εἷς

159 3166 224 3242 λεύς
237 3164 360 3244 δοξύσαι
373 3174 398 3233 εί
409 3168 449 3252 μὴ
462 3172 528 3252 ε’μέ,·
545 3174 559 3214 ⁷
572 3171 632 3236 είπε
646 3172 677 3237 δὲ
690 3171 767 3258 πρὸς
799 3170 910 3243 παῖδας
918 3171 969 3232 καί
977 3168 1144 3242 παιδίσκας,
1156 3170 1206 3231 καί
1215 3165 1406 3252 παρὴκουοα.

160 3250 213 3315 τὸν
225 3252 360 3337 βασιλέα.
373 3251 539 3340 ἄνθρωπον
552 3250 587 3318 ὃν
599 3251 617 3319 5
630 3254 768 3343 βασιλεύς
799 3251 835 3317 οὐ
847 3250 905 3334 γὰρ
919 3248 1027 3330 ύξιοςὸ
1038 3248 1176 3331 διάβολος
1185 3254 1236 3334 τῆς
1248 3250 1341 3335 αὐλῆς
1352 3258 1408 3315 τοῦ

160 3335 241 3401 θελει
254 3332 393 3412 δοξύσαι,
412 3335 639 3416 οἐνεγκύτωσαν
653 3344 684 3403 οῖ
694 3350 767 3404 παῖ-
799 3334 948 3423 βασιλέως.
963 3334 1047 3400 ὖεῖπε
1060 3333 1091 3398 δὲ
1104 3331 1120 3398 5
1135 3330 1276 3423 βασιλεύς.
1296 3342 1339 3408 τίς
1352 3328 1405 3398 ού-

160 3421 204 3493 δες
221 3425 277 3485 τοῦ
295 3420 438 3506 βασιλέως
456 3422 565 3505 στολὴν
582 3428 720 3508 βυσσίνην
733 3419 768 3506 ἡν
803 3445 862 3495 τος,
877 3415 910 3494 ὃς
924 3445 966 3494 τις
977 3414 1118 3501 ἐτόλμησε
1128 3423 1252 3501 ποιῆσαι
1262 3416 1299 3483 τὸ
1308 3425 1407 3503 πρᾶγ-

160 3501 176 3566 5
195 3504 331 3610 βασιλεὺς
356 3502 579 3590 περιβάλλεται,
605 3508 655 3569 καὶ
673 3511 768 3570 ’ίππον
799 3531 840 3584 μα
852 3508 961 3582 torno,-
988 3501 1077 3566 θεῖπε
1090 3501 1122 3566 δὲ
1135 3497 1258 3587 Ἐσθὴρ.
1285 3502 1407 3587 ύνθρω-

160 3589 196 3666 ἒφ
216 3583 251 3651 ὃν
264 3583 281 3650 5
293 3586 429 3673 βασιλεὺς
440 3592 588 3674 ἐπιβαίνει,
601 3589 674 3652 9καὶ
686 3585 766 3652 δότω
799 3614 856 3661 πος
882 3587 991 3672 ἐχθρὸς
1010 3582 1102 3668 Ἀμύν
1125 3584 1142 3649 5
1162 3584 1291 3669 πονηρὸς
1310 3579 1406 3658 οὗτος.

160 3671 203 3732 ἑνί
221 3674 284 3732 τῶν
301 3671 397 3750 φίλων
415 3675 470 3734 τοῦ
488 3672 633 3756 βασιλέως
646 3676 707 3734 τῶν
720 3675 767 3734 ἐν·
794 3669 889 3752 Ἀμύν
901 3670 933 3735 δὲ
946 3666 1102 3754 ἐταράχθη
1117 3666 1180 3733 ἀπὸ
1194 3674 1248 3733 τοῦ
1260 3668 1406 3752 βασιλέως

160 3749 267 3824 δόξων,
291 3754 342 3816 καὶ
355 3752 522 3817 στολισύτω
535 3755 588 3818 τὸν
603 3753 768 3838 ἄνθρωπον
800 3756 850 3816 καὶ
875 3758 927 3837 τῆς
942 3753 1123 3841 βασιλίσσης.
1167 3755 1179 3795 ⁷
1193 3750 1211 3818 5
1226 3751 1256 3816 δὲ
1275 3748 1407 3837 βασιλεὺς

160 3829 195 3894 ὃν
208 3829 225 3894 5
238 3832 374 3918 βασιλεύς
385 3835 501 3918 ἀγαπᾷ.
520 3839 570 3901 καί
584 3835 765 3922 ύναβιβασύ-
800 3837 942 3939 ἐξανέστη
960 3835 1023 3901 ύπὸ
1043 3841 1098 3900 τοῦ
1116 3841 1282 3919 συμποσίου
1300 3839 1339 3907 ειί,Ι
1354 3833 1408 3896 τὸν

161 3939 204 3977 τω
218 3913 311 3979 αὐτὸν
328 3919 378 3980 ἐπὶ
391 3918 445 3982 τὸν
456 3924 565 3995 ἵππον,
590 3922 641 3984 καὶ
657 3943 766 3999 κηρυσ-
799 3924 903 4000 κὴπον.
926 3945 943 3983 ο
957 3920 989 3985 δὲ
1003 3916 1097 4000 Ἀμύν
1109 3929 1273 4003 παρητεῖτο
1286 3915 1340 3999 τὴν
1351 3921 1409 4003 βα-

161 3999 238 4059 σέτω
263 3996 312 4060 διὰ
338 4003 389 4082 τῆς
412 4001 554 4076 πλατείας
571 4005 623 4085 τὴς
640 3997 766 4074 πόλεως,
800 4001 939 4065 σίλισσαν.
967 3999 1048 4086 ἕιύρα
1065 3999 1125 4086 γύρ
1145 3993 1253 4066 ἕύυτόν
1265 4004 1296 4064 ἓν
1306 4011 1410 4073 κακοῖς

162 4078 264 4154 λέγων.
290 4077 386 4155 ούτως
400 4085 482 4148 ε”σται
495 4085 585 4147 παντὶ
603 4081 766 4166 ύνθριύπῳ,
800 4082 881 4147 ὅντα.
917 4085 1121 4170 8ἐπέστρεψεν
1138 4084 1170 4147 δὲ
1189 4082 1206 4148 5
1223 4084 1359 4169 βασιλεὺς
1378 4085 1409 4144 ἐκ

160 4156 196 4224 ὃν
208 4157 225 4223 5
237 4164 371 4246 βασιλεὺς
383 4162 502 4241 δοξύζει.
520 4171 549 4209 ¹⁰
562 4164 622 4230 εἶπε
634 4165 664 4229 δὲ
680 4161 697 4228 5
709 4171 766 4251 βα-
800 4170 853 4229 τού
866 4162 972 4249 κὴπου.
993 4166 1086 4246 Ἀμύν
1103 4167 1134 4232 δὲ
1148 4162 1344 4231 ε’πιπεπτούκει
1359 4168 1407 4228 ἐπί

161 4244 255 4318 σιλεὺς
280 4251 323 4329 τῷ
345 4242 448 4327 Ἀμύν.
485 4248 583 4322 καλῶς
610 4245 765 4331 ε’λύλησας.
801 4248 853 4332 τὴν
862 4248 972 4333 κλίνην,
986 4249 1076 4326 ἀξιῶν
1086 4248 1139 4334 τὴν
1149 4250 1334 4336 βασίλισσαν.
1348 4248 1408 4312 είπε

160 4322 256 4404 ούτως
281 4335 407 4412 ποίησον
433 4335 477 4413 τῷ
505 4332 695 4417 Μαρδοχαίῳ
722 4338 767 4416 τῷ
798 4334 828 4396 δὲ
847 4331 864 4396 5
882 4330 1028 4419 βασιλεύς.
1055 4331 1127 4408 ὥςτε
1145 4337 1195 4397 καί
1213 4331 1266 4416 τὴν
1282 4343 1408 4409 γυναῖκα

160 4408 305 4497 Ἰουδαίῳ,
319 4417 364 4496 τῴ
376 4411 573 4491 θεραπεύοντι
584 4419 616 4480 ἐν
626 4421 666 4499 ιη’
676 4414 764 4520 αὐλη,
796 4413 882 4509 βιύζη
892 4420 923 4479 ἐν
933 4423 969 4498 τῆ
984 4422 1065 4498 οἰκίη
1078 4443 1137 4497 μου
1141 4413 1256 4498 χῖίμύν
1269 4417 1302 4480 δὲ
1315 4411 1407 4479 ύκού-

160 4494 258 4583 καίμὴ
268 4491 476 4586 παραπεσύτω
486 4525 541 4565 σου
551 4488 763 4580 λόγος’ύνέλύι-
798 4525 850 4574 σας
871 4489 1014 4586 διετρύπη
1030 4503 1075 4583 τῷ
1087 4499 1250 4585 προςούπῳ.
1273 4498 1364 4563 9είπε
1377 4497 1409 4562 δὲ

1320 4587 1409 4646 Βου·
