2924 4972
150 241 216 311 934
544 238 791 301 ΛΑΝιειΛ
833 227 962 312 σασα.
985 233 1011 298 1.

152 339 322 443 {my-»1503
337 361 383 440 τῷ
401 357 465 439 θεῷ
487 360 533 420 τῶ
553 333 772 432 adm}
780 330 1215 435 αἷτῷῖέζαρίᾳᾎβδεναγῶ.
1231 348 1314 413 *λιταί
1329 353 1420 415 ἔθετο

151 442 327 517 ἐλπίζοντας
336 439 381 504 έπ’
391 435 495 504 αῦτόν.
507 421 588 503 ὁλκοὶ
598 437 765 522 ἀνέστησαν
797 432 912 518 Δανιὴλ
924 437 962 509 εἰς
976 430 1030 517 τὴν
1043 433 1167 517 καρδίαν
1180 428 1297 508 αῦτοῦ,
1327 430 1373 509 οῦς
1386 433 1422 499 οῦ

152 526 203 590 sni
218 523 289 598 τοῦς
303 520 359 589 δῦο
374 522 553 609 πρεσβύτας,
565 517 612 587 ῦτι
622 525 766 604 συνέστη·
795 516 836 604 μὴ
849 516 1003 664 ἀλισγηθμ
1016 520 1046 581 έν
1059 521 1097 611 τῇ
1109 517 1244 609 τραπέζῃ
1257 521 1319 581 τοῦ
1331 522 1412 604 βασι·

154 633 204 675 σεν
225 604 337 680 αὐτοὺς
358 605 474 689 Δανιὴλ
491 610 525 669 έν
541 609 597 669 τοῦ
617 602 765 688 πόματος
796 602 889 678 λέως,
910 602 963 666 ιιαί
987 624 1006 663 ν
1017 605 1062 681 τῷ
1075 600 1146 683 οἴνῳ
1161 596 1227 664 ἀπὸ
1243 600 1304 665 τοῦ
1317 605 1421 667 ποτοῦ

155 688 256 758 αὐτῶν
263 685 670 793 ὴευδομαρτυρὴσανταςααὶ
679 692 763 752 ἐποί·
797 684 902 751 αῦτοῦ.
942 685 993 750 ναί
1006 681 1109 769 ὴξίιυσε
1121 681 1176 748 τὸν
1189 681 1419 771 ἇρχεευνοῦχον,

155 796 234 860 ησαν
244 784 348 848 αυτοῖς
357 768 393 838 ὃν
402 773 516 858 τρόπον
526 768 764 859 έπονηρεῦσαντο
797 765 839 844 ῶς
858 767 896 833 οῦ
914 765 954 855 μὴ
970 765 1131 861 ἀλισγηθὴ.
1162 768 1248 834 9ιιαί
1266 768 1385 834 ἔδωκεν
1402 768 1420 834 5

153 859 202 940 τῶ
213 853 352 938 πλησίον.
365 857 396 898 ⁶²
411 859 537 940 ποιῆσαι
546 855 625 920 κατὰ
641 854 697 921 τὸν
712 878 765 919 νο-
796 850 868 928 θεὸς
880 850 935 918 τὸν
948 849 1062 933 Δανιὴλ
1075 855 1114 926 εἰς
1131 849 1216 915 ἔλεον
1229 853 1289 917 καὶ
1303 858 1420 937 οἷιιτιρ-

154 964 213 1025 μον
232 942 365 1022 Μωυσῆ.
385 939 437 1005 ιιαί
456 936 629 1004 ἇπέκτειναν
641 935 764 1013 αὐτοὺς,
796 935 854 1021 μὸν
866 933 997 1002 ένσίπιον
1010 937 1066 1000 τοῦ
1078 932 1305 1020 ἆρχιευνοῦχου.
1331 940 1420 1002 10ιιιιί

156 1024 208 1089 καί
219 1018 322 1105 ἐσώθη
334 1021 409 1104 αἷμα
421 1018 558 1088 ἀναίτιον
570 1026 604 1088 ἐν
616 1027 654 1111 τῇ
667 1019 764 1107 ὴμέρᾳ
798 1017 1127 1105 είπενὸἆρχιευνοῦχος
1144 1017 1188 1102 τῷ
1200 1015 1333 1103 Δανιὴλ.
1361 1047 1419 1103 φο-
1454 1040 1455 1053 ’

155 1111 261 1186 ένείνη.
298 1107 328 1149 ⁶³
341 1103 764 1209 Χελκίαςδὲιιαίὴγυνὴαῦ-
797 1107 909 1252 ὴμῦμαι
921 1103 981 1182 ἐγὼ
994 1101 1049 1168 τὸν
1068 1097 1171 1188 νῦριόν
1182 1128 1244 1185 μου
1258 1103 1317 1168 τὸν
1328 1109 1418 1191 βασι·
1454 1110 1455 1161 f

155 1196 213 1255 τοῦ
226 1175 335 1272 ὴνεσαν
345 1190 477 1274 περὶτῆς
495 1189 650 1276 θυγατρὸς
663 1192 765 1254 αυτῶν
826 1189 863 1262 ἀ,
887 1183 944 1253 τὸν
957 1182 1121 1264 έντέιξαντα
1133 1185 1189 1270 τὴν
1193 1190 1318 1288 βρῶσιν
1331 1184 1418 1271 ὑμῶν

155 1264 233 1356 μετίί
243 1273 379 1356 Ἰωαιιείμ
396 1276 453 1338 τοῦ
477 1269 585 1377 ἆνδρός
603 1272 697 1376 αῦτὴς
714 1272 765 1337 ιιαί
799 1271 851 1337 ιιαί
863 1271 921 1356 τὴν
936 1268 1026 1336 πόσιν
1043 1267 1142 1355 ῦμῶν,
1163 1297 1203 1354 μη
1221 1295 1302 1335 ποτε
1315 1273 1368 1379 ἴδη
1380 1269 1417 1338 τὰ

155 1360 217 1421 τῶν
230 1359 375 1435 συγγενῶν
393 1354 508 1431 αῦτῶν,
527 1357 575 1421 δτι
588 1354 642 1440 οῦχ
655 1358 765 1441 ευρέθη
797 1350 944 1441 πρῦςῶπα
964 1350 1047 1438 ὑμῶν
1071 1352 1244 1456 σκυθρωπὰ
1268 1381 1361 1440 παρα
1381 1355 1417 1420 τὰ

156 1443 189 1504 έν
201 1440 279 1534 αῦτὴ
295 1437 429 1523 ἄσχημον
440 1440 574 1542 πρᾶγμα.
597 1441 688 1504 64ιιαί
700 1444 765 1504 Δα-
797 1435 943 1523 παιδάρια
953 1439 993 1503 τὰ
1003 1435 1143 1523 συνὴλινα
1154 1441 1250 1520 υμῶν,
1257 1440 1313 1504 καί
1322 1465 1417 1507 κατα-

155 1521 223 1606 νιὴλ
234 1527 350 1602 λγένετο
362 1526 453 1606 μέγας
472 1526 600 1589 ὲνωπιον
612 1527 668 1588 τοῦ
688 1521 766 1588 λαοῦ
797 1517 936 1606 δυιοίσητε
949 1520 1004 1605 τὴν
1016 1515 1145 1624 κεφαλὴν
1156 1547 1217 1604 μου
1229 1525 1276 1605 τῷ
1289 1524 1414 1607 βασιλεῖ.

157 1603 221 1721 ἀπὸ
233 1610 285 1691 τῆς
298 1604 608 1756 ὴμὴραὲέῶείνηῗίὴιαὶ
622 1609 765 1675 ἐπέκεινα.
798 1605 880 1709 flua}
894 1604 957 1671 εἷπε
971 1603 1085 1710 Δανιὴλ
1096 1603 1175 1689 πρὸς
1189 1604 1414 1756 ᾏμελὲἂβᾎῦν

464 1737 472 1752 .
570 1737 578 1754 .
798 1714 910 1755 νατεστ
930 1714 979 1754 σεν
1002 1713 1020 1752 ο
1044 1716 1065 1754 α
1102 1712 1202 1753 ιευνου
1221 1713 1241 1752 ο
1297 1717 1334 1755 πε
1399 1730 1413 1742 -

157 1738 209 1836 Ε
211 1797 229 1839 ν
238 1773 296 1838 έτει
305 1779 399 1861 τρίτα
411 1777 464 1859 τὴς
466 1773 625 1885 βασιλείας
631 1770 767 1856 Ἰσιαιιείμ
800 1771 881 1858 νιὴλ,
902 1717 1055 1848 firmior,
1067 1713 1411 1860 ρλίισαὴλ,ςἈζαρίῦῦ.

156 1856 303 1946 βασιλέως
311 1839 437 1932 Ἲοῦδα,
463 1857 539 1942 ηλθε
568 1859 767 1946 Ναβουχοδο-
803 1859 830 1898 ¹²
838 1862 982 1942 πείρασον
991 1854 1027 1941 δὴ
1035 1853 1106 1930 τοῦς
1115 1855 1229 1931 παῖδάς
1240 1883 1298 1922 σου
1309 1859 1412 1945 ὴμέρας

156 1934 252 2024 νόσσρ
273 1936 446 2047 ὴβασὴλεῦς
467 1942 652 2046 ξαβυλῶνος
665 1939 767 2018 είςἹε-
800 1941 882 2044 δέμα,
890 1942 941 2007 ναί
950 1935 1162 2043 δέτιοσαμὴμῖν
1173 1938 1239 2005 ἀπὸ
1248 1947 1315 2046 ςτῶν
1325 1967 1413 2047 σπερ-

157 2022 670 2170 ρὴυσαλημμιαιέπολιοριιέιαυτην.
697 2027 768 2091 2ιιαί
799 2028 1165 2127 ματων,ιιαίφαγωμεθα,
1180 2025 1414 2112 ναίυδοορπιοι-

159 2129 173 2170 ε
193 2129 250 2170 me
260 2130 361 2187 νυριας
375 2107 489 2194 ένχιιρί
501 2112 600 2174 αυτοῦ
613 2133 668 2174 τον
678 2106 768 2173 Ἰσια-
799 2118 891 2193 μεθα,
909 2110 998 2174 13ιιαί
1011 2103 1202 2191 αφθὴτωσαιι
1215 2104 1347 2176 ἐνώπιόν
1359 2135 1413 2175 σου

158 2190 221 2271 νείμ
233 2190 361 2277 βασιλέα
373 2187 495 2270 Ἰούδα,
520 2194 572 2256 ιιαὶ
586 2189 647 2256 ἀπὸ
660 2195 767 2274 μέρους
800 2196 833 2257 αλ
846 2193 922 2258 ἰδέαι
933 2189 1032 2277 ὴμῶν,
1058 2193 1110 2257 καί
1127 2196 1160 2257 αἶ
1173 2193 1250 2258 ἰδέαι
1263 2196 1327 2257 τῶν
1338 2219 1413 2257 παι-

158 2276 221 2338 τῶν
234 2278 346 2339 σκευῶν
356 2273 442 2338 οἴκου
453 2278 511 2342 τοῦ
522 2278 669 2351 θεοῦ,ιιαί
681 2275 766 2362 ὴνεγ-
799 2278 912 2360 δαρίαν
929 2280 992 2340 τῶν
1015 2271 1171 2342 έσθόντοιν
1190 2275 1245 2359 τὴν
1262 2276 1413 2358 τράπεζαν

158 2381 208 2422 κεν
226 2355 307 2427 αὐτὰ
325 2361 363 2433 είς
379 2361 435 2442 γὴν
450 2356 586 2461 Σενναέιρ
604 2359 689 2425 οἴνου
708 2363 765 2424 τοῦ
799 2363 856 2428 τοῦ
881 2359 1038 2448 βασιλέως,
1063 2361 1113 2425 ναί
1133 2360 1239 2434 ιιαθιὴς
1262 2361 1315 2424 ἐὰν
1339 2361 1412 2452 ἴδῃς,

157 2444 235 2506 θεοῦ
247 2438 357 2517 αῦτοῦ,
382 2442 433 2506 ναί
450 2442 491 2507 τὰ
506 2467 595 2527 σκευη
613 2437 766 2527 είςὴνεγνεν
799 2449 928 2528 ποίησον
940 2441 1014 2527 μετὰ
1026 2449 1087 2521 τῶν
1098 2443 1214 2508 παίδων
1226 2467 1294 2506 σου.
1323 2441 1413 2508 14ιιοί

158 2527 198 2603 είς
210 2521 264 2589 τὸν
278 2522 360 2590 οίκον
372 2531 531 2611 θησαυροῦ
549 2529 608 2590 τοῦ
619 2532 698 2590 θεοῦ
711 2526 766 2591 αῦ-
799 2525 962 2634 είςὴκουσεν
974 2526 1089 2602 αῦτῶν,
1112 2525 1163 2587 ιιαί
1178 2527 1338 2605 ἐπείρασεν
1351 2525 1414 2589 αῦ-

158 2611 223 2686 τοῦ,
243 2608 314 2673 ’καί
326 2606 404 2673 εἶπεν
417 2605 434 2673 5
446 2609 584 2696 βασιλεὺς
596 2615 642 2692 τῷ
650 2609 766 2691 Ἀσφα-
798 2639 871 2688 τους
883 2608 995 2697 ὴμέρας
1008 2613 1082 2677 δέκα.
1120 2606 1204 2670 15ιιαί
1214 2604 1289 2688 μετὰ
1301 2605 1340 2670 τὸ
1355 2612 1412 2671 τέ-

157 2689 208 2771 νέζ
218 2695 263 2774 τῷ
276 2688 472 2778 ἆρχιευναῦχῳ
486 2691 594 2768 αῦτοῦ,
607 2697 767 2772 εἶςαγαγεῖν
800 2697 851 2772 λος
871 2701 935 2762 τῶν
952 2697 1025 2761 δέκα
1045 2693 1155 2779 ὴμερῶν
1179 2683 1353 2776 ῶρέιθησαν
1379 2698 1414 2757 αῖ

158 2772 222 2838 ἀπὸ
241 2779 303 2839 τῶν
326 2779 399 2839 υίῶν
418 2781 472 2860 τὴς
493 2775 766 2862 αίχμαλιυσίαςἸσ-
801 2783 876 2847 ίδέαι
890 2777 993 2845 αὐτῶν
1008 2776 1125 2857 ἀγαθαί
1147 2775 1197 2840 ναὶ
1210 2776 1332 2859 ἰσχυραί
1345 2789 1414 2851 ταῖς

157 2853 251 2942 ραὴλ,
276 2859 327 2922 καί
351 2855 416 2923 ἀπὸ
443 2864 499 2924 τοῦ
522 2863 691 2944 σπέρματος
715 2866 767 2946 τὴς
801 2865 905 2950 σαρξὶν
919 2862 995 2947 ὑπὲρ
1009 2863 1048 2928 τὰ
1060 2856 1207 2946 παιδάρια
1218 2859 1258 2922 τὰ
1274 2862 1414 2926 ἔσθοντα

156 2940 317 3025 βασιλείας,
347 2943 398 3007 ναί
419 2941 482 3008 ἀπὸ
502 2947 564 3008 τῶν
582 2946 765 3028 φορθσμμίυ,
800 2947 856 3033 τὴν
877 2942 1027 3030 τράπεζαν
1048 2950 1103 3009 τοῦ
1122 2937 1280 3031 βασιλέως.
1319 2945 1414 3008 1έιιαί

157 3024 175 3065 ⁴
188 3031 366 3102 νεανίσκους,
385 3024 430 3101 οἷς
449 3024 505 3092 οῦιι
523 3029 604 3093 ἔστιν
616 3032 648 3093 έν
661 3027 767 3104 αὐτοῖς
799 3027 917 3110 ἐγένετο
926 3027 1072 3112 Ἀμελσὰδ
1081 3023 1297 3112 ἀναιρούμενος
1307 3025 1346 3092 τὸ
1355 3027 1413 3092 δεῖ·

155 3111 268 3190 μῶμος,
291 3110 341 3171 καὶ
353 3107 465 3183 ιιαλοῦς
478 3114 517 3202 τῇ
530 3109 610 3192 δ’ψει,
635 3114 686 3176 καί
700 3136 766 3177 συν-
799 3138 877 3181 πνον
889 3111 1005 3188 αὐτῶν,
1031 3113 1084 3178 ναί
1101 3111 1155 3176 τὸν
1172 3109 1256 3175 οἶνον
1275 3115 1336 3178 τοῦ
1354 3107 1413 3176 τιεί-

158 3191 255 3264 ιέντας
269 3193 299 3253 ἒν
310 3185 395 3281 πιέση
408 3198 517 3274 σοφίᾳ,
543 3196 594 3257 ιιαὶ
605 3191 766 3272 γινώσκοι,-
799 3223 893 3281 ματος
906 3195 1017 3271 αῦτῶν,
1032 3200 1084 3260 καί
1092 3196 1190 3260 ἐδίδου
1201 3192 1311 3270 αὐτοῖς
1320 3191 1414 3279 σπέρ-

156 3296 211 3348 τας
223 3274 328 3350 γνῶσιν
341 3276 393 3339 ιναί
404 3274 634 3358 διανοουμένους
650 3279 766 3363 φρόνη-
799 3305 887 3365 ματα,
927 3281 954 3325 ¹⁷
966 3278 1019 3341 καὶ
1036 3276 1075 3340 τὰ
1097 3273 1249 3361 παιδάρια
1267 3283 1370 3344 ταῦτα
1384 3282 1415 3342 οἶ

157 3380 214 3431 σιν,
227 3359 278 3422 ιιαί
291 3357 336 3434 οίς
345 3359 424 3422 ἐστιν
434 3357 554 3443 λσχῦςέν
564 3358 669 3436 αὐτοῖς
679 3361 764 3428 έστοί·
799 3361 935 3447 τέσσαρες
947 3359 1046 3434 αὐτοὶ,
1059 3360 1166 3424 ἔδωκεν
1183 3356 1297 3437 αῦτοΐς
1310 3359 1330 3426 5
1344 3361 1415 3436 θεὸς

156 3464 205 3505 ναι
219 3446 250 3506 έν
263 3447 307 3506 τιῦ
321 3443 395 3527 σίκῳ
407 3438 531 3508 ἐνώπιον
544 3450 599 3509 τοῦ
611 3446 764 3532 βασιλέως,
800 3443 915 3516 σῦνεσιν
923 3446 975 3513 καί
985 3439 1126 3530 φρόνησιν
1136 3446 1166 3508 έν
1174 3438 1264 3539 πάση
1274 3471 1413 3531 γραμμα-

155 3525 206 3586 ιιαί
232 3508 348 3604 διδέξαι
379 3523 493 3605 αὐτοὺς
523 3525 685 3612 γράμματα
714 3533 766 3618 καί
799 3534 865 3615 ταιὴ
878 3533 929 3596 ναί
938 3534 1040 3613 σοφίη.
1051 3529 1104 3593 καί
1116 3524 1230 3610 Δανιὴλ
1243 3535 1373 3612 συνῆκεν
1382 3531 1413 3592 έν

154 3606 297 3685 γλῶσσαν
324 3609 499 3686 Χαλδαίων.
532 3613 610 3678 ὅιιαί
636 3614 765 3691 διέταξεν
798 3603 881 3698 πάδη
895 3611 997 3700 ὁράσει
1009 3614 1061 3677 ιιαί
1072 3616 1226 3686 ἐνυπνίοις.
1241 3613 1330 3677 11ἰιαί
1337 3610 1413 3694 μετὰ

155 3685 261 3790 αὐτοῖς
275 3687 293 3755 5
305 3691 441 3776 βασιλεὺς
455 3692 491 3758 τὸ
504 3699 556 3778 τὴς
567 3691 678 3782 ὴμέρας
691 3696 760 3762 καθ’
798 3698 835 3766 τὸ
849 3687 933 3774 τέλος
947 3701 1011 3763 τῶν
1023 3693 1148 3782 ὴμερῶν,
1172 3685 1216 3759 ῶν
1228 3693 1309 3760 εἶπεν
1322 3692 1341 3759 5
1347 3699 1414 3797 βα-

173 3772 281 3853 μὲθαν,
308 3773 371 3839 ἀπὸ
384 3780 437 3859 τῆς
449 3780 596 3863 τραπέζης
607 3787 663 3846 τοῦ
675 3785 762 3867 βασι,-
799 3783 895 3859 σιλεῦς
908 3788 1069 3859 είςογαγεῖν
1082 3777 1205 3853 αῦτοῦς,
1231 3781 1286 3844 καί
1297 3783 1412 3865 εἶςηγα-

184 3878 243 3953 ξος,
268 3858 320 3922 καί
337 3855 401 3923 ἆπὸ
419 3864 475 3923 τοῦ
493 3862 577 3926 οἴνου
597 3870 652 3929 τοῦ
664 3871 763 3931 ποτοῦ
796 3893 846 3946 γεν
867 3861 981 3940 αῦτοῦς
1002 3861 1019 3929 5
1048 3863 1254 3947 ἆρχιευνοῦχος
1278 3866 1413 3929 &vanior

154 3941 271 4011 αυτοῦ,
298 3943 350 4004 καί
362 3945 480 4026 θρέψαι
494 3942 604 4022 αῦτοῦς
617 3951 669 4033 ε”τη
683 3955 763 4035 τρία,
796 3943 1091 4054 Ναβουηοδονόσορ,
1104 3948 1132 3989 ¹⁹
1146 3950 1196 4011 καί
1209 3942 1341 4030 ἐλῶλησε
1351 3944 1410 4030 μετ’

153 4021 204 4082 ιιαί
220 4019 295 4099 μετὰ
312 4028 411 4089 ταῦτα
435 4027 539 4109 στὴναι
564 4026 690 4097 ένοέπιον
708 4038 763 4097 τοῦ
796 4032 900 4100 αὐτῶν
912 4059 930 4097 ο
943 4027 1091 4119 βασιλεῦς.
1109 4032 1161 4095 καί
1173 4027 1225 4112 οῦχ
1238 4025 1412 4116 εὑρέθησαν

151 4101 307 4203 βασιλέως.
347 4108 427 4171 final
439 4113 551 4186 ἐγένετο
569 4117 600 4180 έν
613 4115 719 4191 αὐτοῖς
731 4119 762 4180 ἐκ
796 4122 829 4183 έιι
840 4112 964 4181 πάντων
976 4114 1078 4180 αῦτῶν
1094 4111 1194 4196 ὅμοιοι
1204 4113 1333 4198 Δανιὴλ,
1359 4116 1411 4179 ιιαί

150 4190 295 4291 των,υίῶν
302 4185 406 4254 Ἰούδα
416 4191 542 4276 Δανιὴλ,
554 4199 606 4263 καί
616 4198 761 4277 Ἀνανίας,
790 4202 925 4287 Ἀνανίᾳ,
939 4197 1139 4283 καίΜισαὴλ,
1149 4194 1341 4284 ιιαὶἈζαρίρ.
1358 4199 1412 4262 ιιαί

148 4272 200 4334 καὶ
208 4272 357 4355 Aeneiae,
370 4275 422 4336 καὶ
434 4277 573 4358 Μιοαὴλ.
601 4284 614 4324 ⁷
626 4283 677 4346 ιιαί
689 4287 761 4348 έπέ-
795 4290 926 4369 ἔστησαν
939 4279 1068 4350 ένῶπιον
1081 4287 1137 4347 τοῦ
1149 4278 1302 4370 βασιλέως.
1317 4281 1352 4323 ²⁰
1357 4282 1411 4346 καί

147 4363 238 4436 θηκθ
248 4354 354 4454 αὖξθΐς
367 4355 384 4420 ὅ
396 4353 601 4461 ἆρβέυνθῦχθς
611 4360 760 4448 ὀνόματα,
794 4373 826 4435 ἐν
835 4370 929 4436 παντὶ
937 4365 1045 4454 ῥὴματι
1057 4372 1167 4447 σοφίας
1176 4368 1228 4431 καί
1236 4369 1323 4431 ἐπιστ
1335 4359 1411 4469 ’μης

149 4442 195 4520 τῷ
206 4441 321 4543 Δανιὴλ
334 4438 522 4528 Βαλτασαρ,
547 4447 598 4509 καί
613 4453 659 4532 τῷ
671 4448 760 4517 'Ava-
794 4444 838 4518 ῶν
864 4449 984 4537 έζὴτησε
1002 4455 1072 4533 παρ’
1098 4448 1202 4515 αῦτῶν
1219 4445 1239 4514 5
1257 4391 1410 4535 βσσῦευς,

140 4526 193 4610 νέᾳ
204 4522 339 4616 Σεδραχ,
366 4525 418 4596 καὶ
437 4528 482 4618 τῷ
496 4529 759 4621 ΜισαὴλΜιαᾶη,
793 4529 876 4623 εῦρεν
901 4534 1015 4614 αῦτοῦς
1037 4533 1295 4610 δεναπλασίοναςι
1322 4531 1409 4639 ζωρά

1288 4642 1408 4695 παντας
