2924 4972
375 255 409 310 H
420 251 488 311 ΣΑ
499 249 558 311 1A
568 256 599 310 Σ
638 254 713 325 Κεφ.
727 219 777 310 ιδ’.
791 246 832 310 ιε’.
846 244 891 322 ις’.
908 245 954 312 Η.
971 251 1019 313 15.
1037 248 1088 312 16.
1285 245 1351 335 m

113 369 166 447 της
177 369 238 447 γῆς.
254 365 319 429 16σί
331 359 439 435 ἰδόντες
451 387 481 426 σε
503 359 715 464 θαυμάσονται
746 364 796 446 χοί
807 361 840 426 δὲ
852 361 1015 448 άνθρωποι
1028 364 1080 426 ἐπί
1091 359 1204 447 εἰρήνης
1215 358 1353 428 ἀναπαύ·

114 449 164 510 ε’πί
176 450 232 524 σοί,
244 448 295 511 καί
308 449 433 529 ἐροῦσιν.
459 435 548 519 οὗτος
561 470 578 509 ο
593 444 714 529 ἀνθρω-
749 467 860 508 σονται.
888 443 985 510 ἀνελεῖ
999 442 1031 511 δὲ
1049 447 1080 509 έν
1092 443 1169 527 λιμῶ
1187 443 1222 510 τὸ
1237 447 1353 532 σπέρμα

113 554 169 602 πος
182 527 198 594 ὁ
211 524 386 609 παροξύνων
398 523 451 609 τήν
462 531 527 610 γῆν,
542 525 715 632 όσείωνβα·
749 552 820 602 σου,
846 529 897 593 καί
921 525 958 591 τό
975 522 1113 607 κατάλειμ
1134 510 1159 591 ά
1174 552 1228 592 σου
1249 526 1352 594 ἀνελεῖ.

114 611 215 686 σιλεῖς,
241 607 373 683 17όθείς
389 606 442 692 τήν
458 614 628 695 οἰκουμένην
645 611 717 693 ὃλην
748 611 774 650 ³¹
788 608 948 687 ὀλολύξατε
959 607 1052 675 πύλαι
1064 553 1197 682 πάλλων,
1215 615 1351 715 κεκραγέ-

113 697 232 779 ἔρημον,
256 693 308 756 καί
325 690 379 767 τὰς
390 690 489 767 πόλεις
503 692 598 759 αὐτοῦ
611 705 715 760 καθεῖ-
748 717 849 757 τωσαν
860 689 959 769 πόλεις
970 694 1198 797 τεταραγμένοι,
1217 694 1248 756 οί
1260 690 1353 772 αλλό-Ι

112 777 153 851 λε,
159 774 229 849 τούς
242 778 273 838 ἐν
281 779 422 858 ἐπαγωγή
431 775 485 841 οὐκ
495 777 590 841 ἔλυσε.
603 772 715 842 18πάν·
748 774 836 856 φυλοι
849 772 971 855 πάντες,
985 771 1032 842 ότι
1045 774 1106 842 ἀπο
1119 776 1227 925 Βοχίρἆ
1240 775 1352 852 καπνός

114 884 159 932 τες
175 863 205 922 οἰ
216 858 343 958 βασιλεῖς
360 849 420 922 τῶν
438 863 533 924 ἐθνῶν
553 856 715 961 ἐκοιμήθη·
748 861 871 964 ἔρχεται,
881 864 933 925 καί
946 857 1000 925 ούκ
1013 863 1076 925 ἔστι
1088 864 1145 924 τοῦ
1158 884 1170 923 ε
1183 884 1238 923 ναι.
1262 861 1291 902 ³²
1301 860 1353 925 καί

114 965 168 1006 σαν
193 944 224 1006 ἒν
241 968 327 1035 τιμη,
353 939 516 1027 ἀνθρωπος
532 946 563 1007 ἐν
580 947 624 1026 τῷ
644 968 717 1025 οικῳ
747 965 776 1005 τι
785 939 1044 1027 αποκριθήσονται
1052 941 1295 1029 βασιλεῖςίθνῶνς
1305 939 1352 1007 ότι

114 1023 217 1091 αὐτοῦ.
236 1027 264 1067 ¹⁹
277 1024 315 1091 σύ
329 1023 360 1090 δέ
373 1023 484 1116 ῥιφήση
496 1028 527 1088 έν
538 1037 603 1101 τοῖς
612 1025 716 1111 όρεοιν,
747 1020 847 1109 κύρως
860 1025 1130 1110 ἐθεμελίωσεΣιῶν,
1142 1028 1193 1089 καί
1205 1022 1240 1092 δι’
1257 1023 1352 1092 αὐτοῦ

113 1104 154 1183 ὡς
170 1104 266 1192 νεκρὸς
284 1107 485 1194 ἐβδελυγμένος
504 1107 578 1191 μετὰ
596 1109 718 1175 πολλῶν
748 1104 939 1184 σωθήσονται
951 1113 981 1172 οἰ
993 1111 1127 1175 ταπεινοί
1138 1113 1195 1173 τοῦ
1208 1106 1296 1173 λαοῦ.
1358 1125 1361 1131 “

112 1187 297 1273 τεθνηκότων
306 1192 715 1297 ἐκκεκεντημένωνμαχαίραις,
930 1198 963 1256 Κ
975 1197 1005 1255 E
1018 1197 1056 1256 Φ.
1100 1189 1167 1256 IE'.
1240 1209 1244 1215 '

112 1267 352 1372 καταβαινόντων
376 1277 415 1347 εἰς
440 1272 523 1358 ᾅδου.
549 1270 588 1380 δη
601 1299 717 1377 τροπρν
794 1271 838 1338 Τό
856 1276 936 1360 ῥήμα
953 1272 989 1340 τό
1008 1270 1085 1340 κατὰ
1107 1278 1159 1357 τῆς
1176 1278 1309 1362 Μωαβί-

113 1358 228 1435 ίματιον
259 1358 289 1420 έν
319 1360 423 1439 αἵματι
453 1382 637 1442 πεφυρμένον
662 1384 717 1424 ουκ
1007 1357 1094 1433 τιδος.

112 1442 196 1503 ε”σται
208 1437 356 1523 καθαρὸν,
375 1442 406 1483 ²⁰
419 1436 516 1516 ούτως
528 1439 599 1506 ούδί
612 1440 650 1507 σύ
663 1444 717 1535 έση
748 1405 888 1515 Νυκτὸς
901 1435 1060 1506 ἀπολεῖται
1074 1436 1092 1524 ή
1106 1445 1278 1527 Μωαβῖτις,
1300 1464 1350 1505 νυ-

113 1517 257 1626 καθαρός.
270 1518 345 1587 διότι
355 1521 408 1606 τήν
418 1529 473 1607 γῆν
481 1550 539 1589 ιιου
549 1521 715 1600 ἀπώλεσας,
748 1520 818 1599 κτός
841 1522 901 1607 γὰρ
930 1520 1086 1589 ἀπολεῖται
1119 1522 1155 1589 τὸ
1180 1535 1274 1628 τεῖχος
1298 1527 1350 1608 τῆς

113 1607 163 1669 καί
180 1630 233 1670 τον
249 1600 325 1669 λαόν
339 1631 398 1688 μου
415 1605 594 1683 ἀπέκτεινας.
621 1605 659 1672 ού
674 1604 715 1692 μή
749 1606 952 1691 Μωαβίτιδος.
976 1608 990 1648 ²
1004 1605 1143 1672 λυπεῖσθε
1156 1606 1199 1688 ἐφ’
1216 1607 1350 1683 εαυτούς,

112 1695 208 1780 μείνης
220 1693 258 1764 εἰς
270 1687 323 1754 τὸν
340 1694 435 1755 αἰῶνα
451 1687 574 1776 χρόνον,
599 1695 716 1776 σπέρμα
748 1687 904 1755 ἀπολεῖται
920 1686 978 1775 γὰρ
996 1693 1046 1754 καὶ
1062 1688 1185 1775 Δηβῶν,
1201 1681 1240 1755 ού
1259 1687 1350 1776 όβω-

111 1769 253 1857 πονηρόν.
290 1775 317 1814 ²¹
330 1775 487 1858 ἐτοίμασον
504 1772 543 1840 τὰ
560 1777 649 1840 τέκνα
662 1801 716 1840 σου
746 1768 802 1856 μὸς
824 1770 911 1855 ύμῶν.
944 1776 1004 1838 ἐκεῖ
1023 1770 1208 1861 ἀναβήσεσθε
1231 1774 1349 1850 κλαίειν,

113 1861 264 1957 σφαγῆναι
280 1868 347 1932 ταῖς
359 1855 516 1944 ἁμαρτίαις
528 1862 583 1923 τοῦ
600 1855 716 1945 πατρὸς
748 1857 923 1962 ι’πίΝαβαῦ
940 1859 992 1940 τῆς
1007 1857 1213 1943 Μωαβίτιδος.
1241 1853 1351 1922 ἀλολύ

112 1942 227 2015 αυτῶν,
252 1943 303 2004 ’ίνα
318 1939 359 2024 μή
374 1939 526 2007 διαστῶσι
543 1945 595 2007 καί
607 1942 716 2028 κληρο-
748 1940 815 2017 ξατε
827 1941 878 2004 ἐπι
889 1933 987 2023 πάσης
1003 1939 1132 2023 κεφαλῆς
1151 1935 1349 2025 φαλάκρωμα,

111 2018 259 2104 νομήσωσι
273 2020 324 2108 τήν
335 2029 400 2107 γῆν,
417 2029 467 2091 καί
479 2020 649 2110 ἰμπλήοωσι
662 2023 716 2109 τήν
747 2016 856 2098 πάντες
867 2027 1018 2108 βραχίονες
1027 2027 1287 2108 κατατετμημέναι,
1300 2023 1350 2089 3έν

110 2109 165 2207 χήν
181 2105 261 2169 πολέ
280 2131 329 2171 ων.
363 2111 456 2174 22καί
474 2107 715 2194 ἒπαναστήσομαι
748 2118 813 2182 ταῖς
845 2107 999 2181 πλατείαις
1034 2105 1126 2193 αὐτῆς
1145 2100 1351 2214 περιζιύσασθι

111 2200 226 2264 αυτοῖς,
257 2134 335 2267 λέγει
360 2189 459 2275 κύριος
487 2190 638 2276 σαβαὼθ,
664 2194 716 2257 καί
748 2188 891 2265 σάκκους,
916 2191 967 2254 καί
984 2186 1131 2256 κόπτεσθε
1149 2194 1199 2256 ίπι
1216 2193 1277 2255 τῶν
1290 2190 1350 2269 δω-

111 2269 218 2335 ἀπολῶ
231 2269 331 2337 αὐτῶν
344 2271 449 2354 ὄνομα,
460 2276 511 2337 καί
522 2270 715 2358 κατάλειμμα,
745 2270 849 2353 μάτων
865 2270 973 2355 αύτής,
998 2275 1048 2336 καί
1065 2276 1097 2336 ἐν
1113 2282 1179 2346 ταῖς
1196 2270 1349 2347 πλατείαις

110 2355 161 2417 καί
173 2355 299 2453 σπέρμα.
322 2349 391 2418 τάδε
403 2355 476 2431 λέγει
488 2351 598 2439 κύριος.
622 2359 650 2399 ²³
664 2357 716 2420 καί
747 2351 849 2455 αύτής,
864 2358 914 2418 καί
927 2358 957 2418 ἐν
969 2365 1034 2429 ταῖς
1047 2349 1150 2438 ῥύμαις
1163 2351 1349 2438 αὐτῆςπάν·

110 2433 200 2516 θήσω
214 2459 267 2515 την
280 2437 483 2521 Βαβυλωνίαν
498 2440 620 2522 ἔρημον,
645 2432 717 2512 ῶςτε
746 2460 792 2510 τες
810 2431 963 2512 ολολύζετε
979 2435 1053 2518 μετὰ
1069 2436 1233 2517 κλαυθμοῦ.
1264 2434 1281 2478 ⁴
1301 2432 1349 2502 ότι

109 2529 254 2582 κατοικεῖν
267 2520 392 2603 ἐχίνους,
409 2522 461 2584 καί
472 2523 558 2586 ἔσται
568 2527 607 2598 εἲς
620 2518 714 2587 οὐδέν.
747 2521 885 2603 κέκραγεν
903 2516 1032 2604 Ἐοεβῶν
1055 2520 1107 2583 καί
1124 2516 1268 2602 Ἐλεαλή,
1294 2524 1349 2596 ἕως

110 2601 162 2664 καί
173 2594 261 2683 θήσω
279 2599 372 2686 αύτήν
388 2602 485 2687 πηλοῦ
503 2599 663 2690 βάραθρον
676 2609 715 2680 εἰς
744 2598 849 2667 Ἰασσά
862 2596 999 2686 ήκούσθη
1017 2598 1134 2686 ήφωνή
1152 2600 1260 2666 αὐτῶν.
1294 2602 1348 2669 Ιδιόι

110 2678 269 2749 ἀπώλειαν.
307 2685 338 2726 ²⁴
351 2683 422 2751 τάδε
447 2686 522 2764 λέγει
542 2684 641 2773 κύριος
659 2714 715 2754 σα-
746 2683 872 2769 τοῦτοή
893 2680 986 2765 ὀσφύς
1003 2686 1264 2772 τήςΜιοαβίτιδος
1274 2689 1347 2771 βοιξ,

108 2761 209 2852 βαιόθ.
223 2762 257 2831 ὃν
269 2763 384 2854 τρόπον
393 2771 504 2873 εἴρηκα,
516 2766 613 2847 οὕτως
621 2773 714 2847 ἔσται,
747 2764 860 2852 ἡψυχὴ
879 2766 972 2850 αὐτῆς
989 2763 1142 2846 γνώσεται.
1173 2765 1220 2854 ἰή
1239 2770 1347 2855 καρδία

109 2851 160 2913 καί
172 2845 207 2914 ὃν
218 2847 332 2936 τρόπον
342 2853 543 2938 βεβουλευμαι,
557 2850 715 2937 ούτωςμι-
746 2857 797 2938 τῆς
823 2851 1020 3001 Μωαβίτιδος
1047 2856 1107 2938 βοᾷ
1132 2857 1164 2918 ἐν
1189 2852 1268 2946 αὐτῇ
1292 2857 1347 2928 ἕως

110 2944 160 3008 νεῖ,
186 2933 215 2976 ²⁵
229 2939 285 3001 τοῦ
298 2932 444 3003 ἀπολέσαι
457 2933 529 3014 τούς
541 2935 715 3024 Ἀσσυρίους
746 2935 865 3021 Σηγῶρ.
923 2930 1028 3017 άμαλις
1050 2935 1110 3022 γάρ
1135 2939 1197 3001 ἐστι
1222 2935 1347 3021 τριετής,

109 3017 159 3080 ἐπὶ
183 3021 234 3100 τῆς
258 3023 313 3104 γῆς
338 3025 390 3105 τῆς
407 3025 490 3104 ἐμής,
516 3023 568 3087 καί
587 3023 637 3087 ίπί
653 3026 714 3087 τῶν
745 3020 796 3085 ἰπὶ
808 3019 840 3084 δὲ
856 3023 907 3104 τής
925 3013 1094 3104 ἀναβάσεως
1112 3021 1247 3094 Λουείθ,
1272 3018 1348 3124 πρὸς

109 3095 204 3185 ὀρέων
214 3127 281 3184 μου.
295 3105 347 3168 καί
359 3107 474 3171 ἔσονται
487 3109 526 3180 εἰς
536 3101 713 3189 καταπάτη-
746 3101 779 3167 σὲ
793 3101 943 3178 κλαίοντες
955 3097 1155 3188 ἀναβήσονται
1171 3107 1209 3196 τῇ
1223 3099 1285 3186 ὁδῷ
1296 3102 1348 3166 A·

106 3209 164 3266 μα,
188 3188 239 3250 καί
256 3183 493 3274 ἀφαιρεθήσεται
511 3186 562 3253 ἀπ’
579 3186 678 3254 αὐτῶν
695 3187 712 3253 ὁ
745 3190 866 3290 ρωνιεβ.
891 3190 952 3273 βοᾷ
970 3181 1134 3272 σύντριμμα
1155 3188 1207 3252 καί
1225 3212 1347 3269 σεισμος,

107 3265 194 3342 ζυγὸς
219 3266 334 3346 αὐτῶν,
358 3274 411 3336 καί
434 3272 471 3337 τὸ
496 3272 587 3347 κῦδος
612 3269 714 3338 αὐτῶν
744 3266 808 3335 6τὸ
820 3270 899 3356 υδωρ
912 3275 965 3355 τῆς
976 3273 1126 3357 Νεμηρείμ
1136 3273 1242 3356 ἔρημον
1254 3273 1347 3346 ἔσται,

106 3346 171 3413 ἀπὸ
182 3356 243 3417 τῶν
252 3353 341 3437 ὤμων
351 3350 596 3440 ἀφαιρεθήσεται.
606 3352 714 3440 26αίίτη
744 3355 795 3417 καί
812 3349 829 3418 ό
846 3348 952 3438 χόρτος
969 3349 1061 3436 αὐτῆς
1077 3353 1212 3454 έκλείρει.
1240 3349 1277 3437 χό
1297 3377 1347 3428 τος

106 3428 124 3537 ή
137 3433 229 3517 βουλή
244 3431 279 3518 ἣν
290 3435 479 3522 βεβούλευται
491 3433 593 3520 κύριος
601 3441 651 3503 έπί
660 3435 713 3523 τήν
743 3432 801 3520 γάρ
813 3435 926 3520 χλωρὸς
939 3432 994 3499 οὐκ
1007 3436 1098 3500 ἔσται.
1123 3436 1175 3518 7μη
1188 3435 1240 3498 καὶ
1252 3377 1347 3509 ούτως

107 3513 181 3597 όλην
204 3520 385 3600 οἰκουμένην,
411 3521 463 3584 καί
478 3515 592 3602 αύτηή
614 3521 675 3622 χείρ
692 3518 711 3604 ἡ
743 3519 838 3600 μελλει
852 3520 987 3599 σωθῆναι
990 3544 1004 3594 ,·
1030 3512 1133 3594 ἐπάξω
1151 3515 1210 3601 γὰρ
1229 3517 1279 3579 ίπί
1291 3516 1328 3621 τίη

105 3594 209 3679 ὑψηλή
228 3601 278 3662 ἐπί
296 3598 397 3665 πάντα
417 3600 456 3664 τόι
470 3602 551 3684 έθνη.
577 3603 607 3643 ²⁷
619 3598 641 3664 ἀ
652 3602 711 3684 γὰρ
745 3595 887 3685 φάραγγα
900 3598 1044 3685 Ἄραβας,
1060 3601 1111 3665 καί
1129 3595 1277 3685 λήφονται
1290 3626 1347 3665 αυ-

105 3677 212 3755 όθεὸς
228 3676 245 3745 ὁ
264 3677 348 3759 ἀγιος
364 3678 564 3769 βεβούλευται,
589 3688 634 3758 τίς
646 3685 712 3749 δια·
743 3678 806 3766 τήν.
833 3683 977 3766 1’συνήιμε
998 3681 1058 3767 γάρ
1082 3678 1100 3766 ἦ
1123 3679 1179 3769 βοή
1204 3684 1239 3747 τὸ
1266 3677 1348 3765 όριον

107 3759 256 3843 σκεδάσεις
280 3767 332 3829 καί
357 3765 411 3851 τήν
433 3777 515 3850 χεῖρα
539 3762 636 3831 αύτοῦ
659 3765 713 3851 τήν
744 3770 797 3848 τῆς
810 3765 1006 3851 Μωαβίτιδος
1021 3764 1233 3850 τῆςἈγαλείμ,
1246 3768 1298 3832 καί
1311 3765 1347 3833 ὂ-

107 3844 236 3955 ύήηλήν,
249 3854 292 3924 τίς
304 3845 510 3934 ἀποστρέψεις
525 3851 555 3890 ²³
562 3853 618 3913 τοῦ
628 3853 712 3925 ἔτους
744 3847 890 3930 λολυγμός
903 3846 995 3932 αύτής
1008 3854 1063 3925 ἕως
1080 3853 1136 3914 τοῦ
1147 3853 1278 3935 φρέατος
1289 3852 1348 3916 τοῦ

106 3957 142 3995 ου
155 3934 304 3998 απέθανεν
316 3928 334 3996 ὃ
346 3930 483 4018 βασιλεὺς
495 3931 592 4016 Ἄχαζ,
614 3927 712 4018 ίγενή-
743 3932 862 4017 Αἶλείμ.
890 3928 941 3996 9τό
955 3929 986 3996 δὲ
999 3928 1079 4018 ύδωρ
1092 3932 1128 3998 τὸ
1140 3930 1256 4018 Δειμῶν
1268 3934 1347 4019 πλη-Ι

106 4024 150 4100 θη
162 4013 199 4080 τό
214 4019 294 4099 ῥῆμα
305 4021 404 4081 τοῦτο.
418 4016 491 4100 29μή
502 4013 712 4101 εὐφρανθείητε
746 4015 889 4101 σθήσεται
919 4019 1058 4097 αἵματος,
1084 4012 1184 4093 ἰπάξω
1213 4015 1272 4102 γάρ
1297 4018 1348 4084 ε’πί

106 4103 138 4164 οί
156 4095 322 4182 ἀλλόφυλοι
339 4095 459 4176 πάντες,
485 4103 637 4186 συνετρίβη
654 4099 712 4185 γάρ
745 4100 860 4183 Δειμῶν
867 4098 1011 4202 Ἄραβας,
1036 4100 1088 4166 καί
1100 4097 1166 4186 ἀρῶ
1180 4099 1217 4166 τὸ
1231 4103 1348 4187 σπίρμα

104 4180 123 4247 δ
141 4182 226 4260 ζυγός
248 4187 302 4248 τοῦ
320 4189 462 4260 παίοντας
482 4179 565 4263 ὑμᾶς.
605 4187 637 4247 ἑκ
653 4179 712 4269 γάρ
746 4182 861 4270 Μωάβ,
873 4187 922 4250 καί
934 4182 1038 4271 Αριίηλ
1051 4184 1102 4250 καί
1114 4181 1150 4250 τό
1163 4181 1348 4251 κατάλοιπον

107 4269 276 4349 σπέρματος
300 4265 395 4348 όφεως
413 4263 589 4344 ἐξελεύσεται
607 4269 713 4343 ε’ίιγονα
740 4263 863 4349 Ἄδαμα.

106 4344 254 4426 ἀσπίδων,
279 4352 330 4414 καὶ
348 4350 387 4415 τὰ
405 4353 512 4428 ε’ίιγονα
532 4346 634 4412 αὐτῶν
653 4351 710 4425 ἐξε-
779 4356 792 4385 ⁹
926 4355 1051 4416 ΚΕΦ.
1096 4347 1157 4428 [ς’.

104 4425 257 4497 λεύσονται
272 4430 352 4512 ύφεις
364 4429 531 4514 πετόμενοι,
554 4432 585 4474 ³⁰
597 4435 648 4498 καί
658 4435 709 4517 βο·
746 4401 936 4499 Αποστελῶ
956 4429 997 4508 ῶς
1020 4436 1035 4498 ἓ
1053 4430 1129 4499 πετά
1147 4436 1196 4498 ἰπί
1214 4431 1266 4516 τήν
1281 4437 1345 4518 γῆν,

106 4508 307 4596 σκηθήσονται
320 4517 435 4600 πτωχοί
448 4513 483 4580 δι’
501 4512 605 4581 αὐτοῦ.
628 4539 712 4580 πτω-
744 4513 782 4600 μή
796 4519 891 4603 πέτρα
909 4512 1015 4601 ἔρημός
1034 4461 1143 4581 λστιτό
1161 4513 1232 4612 όρος
1248 4524 1347 4619 θυμη.

1277 4624 1347 4686 τρος
