2924 4972
107 217 148 279 74
430 219 460 276 Ε
470 217 497 280 Ξ
508 217 574 279 ΟΔ
590 217 659 278 ΟΣ
697 217 773 291 Κεφ.
786 207 832 295 ιη’.
846 208 898 276 ιθ’.
913 212 962 278 18.
978 212 1027 278 19.

105 330 155 391 καί
167 330 199 390 ἐν
210 322 301 430 ηειρὸς
316 321 442 412 (ίναραιῦ.
463 330 492 371 ¹⁰
500 329 552 391 ιιαί
563 324 640 392 εἶπεν
649 322 710 392 Ἰο-
744 351 800 391 σοι.
824 326 854 368 22
867 324 919 390 ίάν
943 323 979 390 τύ
1005 328 1084 429 ῥῆμα
1108 331 1200 392 τοῦτο
1217 325 1350 424 ποιῆσης,

105 406 174 495 θόρ.
206 408 362 495 ευλογητὸς
380 403 493 494 ιιύριος,
518 405 564 475 ὅτι
581 407 711 486 ἐξείλατο
742 402 906 492 νατισχύσει
919 433 949 474 σε
962 405 980 473 ὁ
992 418 1081 486 θεας,
1105 410 1157 473 ιιαί
1168 405 1276 516 δυνῆση
1288 440 1351 477 πα-

106 490 217 567 αῦτυύς
241 493 274 556 ἐν
297 488 389 578 χειρός
406 494 585 570 Αἰγυπτίων
606 494 659 556 ναί
679 495 712 556 ἐν
743 495 902 575 ραστῆναι,
927 493 979 556 καί
1002 497 1062 569 πᾶς
1079 487 1097 557 ῦ
1116 491 1190 568 λαός
1207 519 1297 570 ουτος
1313 502 1352 571 είς

105 574 198 661 χειρὸς
211 571 337 660 Φαραώ.
362 578 387 616 22
400 579 449 638 νῦν
461 579 551 653 ἔγνων
563 571 611 639 ὅτι
623 578 712 656 μέγας
743 573 796 638 τὸν
820 576 929 639 ἑαυτοῦ
950 570 1044 640 τύπον
1066 571 1125 657 μετ’
1151 571 1262 662 είρῆνης
1283 575 1352 662 ἥξει.

105 655 201 743 κύριος
213 657 298 765 παρὰ
310 651 424 732 πάντας
441 658 511 733 τοὺς
521 657 611 735 θεούς
623 664 712 722 ἕνεκεν
743 657 775 701 22
787 654 893 740 ἤκουσε
910 656 943 722 δὲ
960 663 1095 744 Μωυσῆς
1112 662 1166 741 τῆς
1185 665 1284 744 ςωνῆς
1296 665 1353 727 τοῦ

105 738 228 816 τούτου,
252 766 300 807 οτι
317 742 458 805 ἐπέθεντο
475 739 586 816 αύτοίς.
621 743 649 783 22
660 742 712 805 καί
742 744 887 846 γαμβροῦ,
901 742 953 805 καί
964 743 1083 823 ίπαίησε
1095 736 1155 807 ὅσα
1167 740 1245 807 εἶπεν
1256 743 1350 828 αύτῷ.

105 825 210 909 ἐλαβεν
220 822 325 909 ’Ῑοθδρ
337 818 356 886 ῦ
368 820 498 909 γαμβρός
510 828 629 908 Μωυσῆ
640 819 712 889 ἀλο-
743 826 772 867 ²⁶
785 850 836 888 ναι
857 823 970 901 ἐπελεξε
987 829 1126 908 Μωυσῆς
1143 823 1252 911 ἀνδρας
1264 829 1353 896 δυνα-

104 901 284 989 ιιαυτιύματα
295 907 346 969 καί
354 913 465 981 θυσίας
474 911 519 1011 τῆῖ
532 911 604 989 θεῷ.
617 931 712 992 παρε-
743 903 813 981 τούς
825 903 888 971 ἀπὸ
900 907 1012 983 παντὸς
1026 903 1160 991 Ἰσραῆλ,
1185 911 1238 974 καί
1249 912 1352 994 ἐποίη-

104 995 200 1067 γε’νετο
217 989 248 1057 δὲ
264 989 380 1070 Ἀαρὼν
398 991 449 1054 ιιαί
461 1015 567 1065 παντες
579 994 611 1055 οί
622 1014 711 1076 πρεσ-
743 1012 790 1055 σεν
813 986 923 1064 αὐτοῦς
939 987 983 1054 ἐπ’
1005 986 1105 1054 αὐτῶν
1119 987 1284 1077 χιλάρχους
1301 995 1352 1058 καί

102 1067 219 1159 βῦτεροι
232 1070 354 1158 Ἰσραῆλ
364 1084 522 1154 συμφαγεῖν
534 1072 627 1158 ἀρτον
637 1067 711 1155 μετὰ
743 1066 974 1175 ἕκατοντάρηους
1002 1075 1054 1137 ιιαί
1083 1071 1350 1161 πεντηκοντύρχους

103 1161 157 1220 τοῦ
181 1160 315 1241 γαμβροῦ
338 1160 474 1237 Μωυσῆ,
499 1158 632 1221 ἐναντίον
656 1158 712 1220 τοῦ
743 1155 1008 1240 ναίδειιαδαρχσυς.
1032 1155 1352 1242 22ιιαίένρίνοσαντόν

103 1242 184 1304 θεοῦ.
198 1240 283 1302 23ιιαί
295 1242 408 1316 ἐγένετο
419 1235 492 1320 μετά
504 1237 557 1322 τῆν
570 1234 712 1324 ἐπαύριον
743 1233 818 1303 λαόν
829 1242 932 1303 πᾶσαν
943 1233 1033 1324 ὥραν.
1051 1243 1113 1304 πᾶν
1124 1239 1157 1303 δὲ
1168 1244 1246 1326 ῥῆμα
1260 1236 1350 1320 ῦπέρ-

102 1319 271 1388 συνειιάθισε
283 1326 419 1405 Μωυσῆς
435 1328 538 1425 κρίνειν
554 1321 608 1386 τὸν
626 1316 709 1387 λαόν.
743 1344 831 1398 ογιιυν
848 1317 1028 1404 ἀνεφέροσαν
1051 1325 1101 1387 ἐπί
1117 1326 1264 1405 Μωυσῆν.
1289 1328 1352 1388 πᾶν

100 1401 284 1509 παρειστῆνει
308 1403 341 1470 δὲ
364 1408 425 1478 πᾶς
448 1430 466 1468 ο
492 1404 565 1479 λαὸς
590 1407 711 1488 Μωυσῆ
743 1403 775 1467 δὲ
804 1406 883 1489 ῥῆμα
915 1402 1046 1491 ἐλαφρὸν
1075 1406 1227 1491 ίτιρίνοσαν
1253 1403 1350 1472 αύτσί.

102 1485 167 1551 ἀπο
183 1489 319 1572 πρωίθεν
334 1491 389 1562 ἕως
405 1487 508 1570 δείλης.
533 1489 625 1551 22ιιαί
641 1483 712 1550 ίδῶν
743 1488 772 1529 22
785 1485 969 1563 ἐξαπέστειλε
984 1487 1017 1551 δὲ
1040 1492 1177 1571 Μωυσῆς
1202 1485 1257 1553 τὸν
1281 1489 1349 1555 ἔαυ-

99 1567 204 1654 Ἰοθόρ
215 1565 316 1634 πάντα
328 1565 388 1634 ὅσα
397 1581 475 1634 ποιεῖ
486 1573 531 1654 τῷ
543 1569 617 1652 λαῷ,
627 1569 710 1647 λέγει.
743 1573 798 1633 τοῦ
813 1569 961 1656 γαμβρὸν,
972 1568 1024 1635 ιιαί
1036 1566 1171 1655 ἀπῆλθεν
1183 1576 1221 1646 είς
1232 1568 1286 1655 τῆν
1296 1575 1351 1656 γῆν

102 1658 133 1717 τί
156 1656 247 1718 τοῦτο
264 1648 284 1717 ἀ
300 1651 336 1718 σύ
353 1663 446 1728 ποιεῖς
464 1657 509 1734 τῷ
525 1652 606 1736 λαιῆς
631 1654 713 1718 διατί
744 1648 848 1717 αὐτοῦ.

103 1735 138 1801 σὺ
152 1730 285 1820 κάθησαι
298 1730 395 1818 μόνος,
407 1731 711 1822 πᾶςδὲῦλαόςπαρ-
785 1785 800 1820 ,
926 1742 961 1801 Κ
972 1742 1002 1800 E
1015 1740 1054 1800 Φ.
1098 1733 1170 1801 ΙΘ’.

103 1820 206 1900 έστηνιί
229 1843 274 1884 σοι
296 1814 359 1883 ἀπὸ
378 1820 512 1904 πρωίθεν
528 1823 584 1895 ἕως
601 1819 710 1925 διίληςς
795 1822 831 1885 οῦ
848 1816 880 1883 δὲ
893 1818 985 1924 μηνὸς
996 1823 1053 1884 τοῦ
1065 1825 1167 1904 τρίτου
1180 1822 1232 1904 τῆς
1247 1813 1351 1897 ἐξόδου

103 1902 129 1944 ¹⁵
143 1903 194 1965 ιιαί
210 1901 284 1979 λέγει
296 1906 431 1986 Μωυσῆς
447 1907 491 1966 τώ
503 1927 543 1980 γα
583 1907 636 1988 ρηῑ.
663 1902 711 1968 ότι
744 1906 803 1966 τῶν
813 1905 886 1966 υίσῦν
901 1901 1059 2003 Ισραῆλίιι
1074 1908 1128 1986 γῆς
1139 1899 1301 1981 Αἰγύπτου
1314 1907 1352 1996 τῆ

102 1989 295 2068 παραγίνεται
306 1978 382 2070 πρός
392 2010 426 2067 με
443 1967 547 2062 ἀλαός
608 1989 711 2086 ητῆσαι
744 1981 837 2070 ῆμίρᾳ
855 1980 950 2077 ταύτη
967 1985 1103 2069 ῆλθοσαν
1120 1991 1159 2061 εἰς
1175 1985 1229 2089 τῆν
1245 1989 1353 2073 ε’·’ρημσν

103 2073 195 2152 κρίσιν
205 2067 291 2154 παρὰ
302 2073 357 2132 τοῦ
369 2072 451 2132 θεοῦ.
469 2068 498 2111 ¹⁰
506 2064 581 2134 ὅταν
591 2094 650 2153 γαρ
662 2071 712 2146 γε’-
744 2065 894 2133 τοῦΣινά.
919 2072 934 2112 2
946 2070 998 2136 ιιαί
1014 2066 1136 2175 ἀπῆραν
1149 2070 1181 2134 ἐν
1203 2071 1351 2149 Ραςιδείν,

103 2174 186 2235 νηται
209 2150 311 2227 αὐτοῖς
333 2148 501 2229 ἀντιλογία,
524 2154 576 2217 ιιαί
597 2152 712 2217 ίλθωσι
745 2151 797 2216 καί
815 2151 951 2235 ῆλθοσαν
966 2157 1005 2226 είς
1016 2148 1070 2236 τῆν
1081 2157 1187 2239 ἔρημον
1198 2157 1253 2218 τοῦ
1264 2152 1351 2228 Σινὰ,

102 2230 178 2314 πρός
189 2259 232 2317 με,
243 2236 382 2320 διακρίνω
394 2239 528 2311 ἕκαστον,
548 2236 600 2301 ναί
612 2239 713 2322 συμβι-
744 2236 796 2298 ιιαί
804 2235 996 2321 παρενέβαλεν
1007 2237 1066 2300 ἐκεῖ
1072 2232 1191 2321 Ἰσραῆλ
1199 2240 1352 2302 νατίναντι

103 2315 185 2403 βάζω
215 2315 325 2393 αύτούς
353 2315 393 2381 τά
419 2313 633 2404 προςτόγματα
656 2321 713 2383 τοῦ
744 2321 799 2382 τοῦ
817 2315 914 2402 ὅρους.
953 2318 1032 2381 3ιιαί
1049 2323 1186 2420 Μωυσῆς
1202 2317 1295 2423 ἀνέβη
1314 2325 1352 2395 είς

105 2405 178 2465 θεοῦ
196 2402 248 2464 ιιαί
264 2399 319 2466 τὸν
335 2394 424 2483 νόμον
436 2399 541 2467 αὐτοῦ.
568 2403 595 2445 22
607 2399 668 2466 εἷπε
680 2398 712 2466 δί
744 2394 779 2465 τδ
792 2396 864 2500 ὅρος
876 2404 933 2466 τοῦ
944 2404 1027 2464 θεοῦ.
1053 2403 1105 2466 ιιαί
1117 2403 1248 2468 ἐναλεσεν
1259 2401 1352 2468 αυτὸν

105 2480 123 2548 ὁ
136 2481 266 2570 γαμβρός
277 2488 397 2569 Μωυσῆ
409 2481 485 2569 πρὸς
497 2479 599 2550 αὐτόν.
618 2485 647 2528 22
656 2483 712 2551 ούιι
744 2478 763 2547 ὅ
776 2493 847 2558 θεος
859 2485 890 2548 ίιι
903 2486 959 2549 τσῦ
970 2481 1067 2566 ὄρους,
1080 2483 1180 2562 λέγων.
1198 2482 1268 2551 τόδε
1280 2489 1353 2571 ἐρεῖς

106 2565 208 2653 ὀρθῶς
221 2567 256 2634 σύ
269 2576 362 2643 πωεῖς
373 2567 411 2633 τὸ
423 2573 502 2674 ρῆμα
514 2573 615 2635 ταῦτα.
630 2579 711 2650 φθυ·
744 2571 790 2650 τογ’
807 2567 880 2651 οἴνῳ
895 2562 1018 2654 Ἰανώβ,
1043 2570 1094 2632 ιιαί
1113 2565 1277 2649 ἀναγγελείς
1289 2581 1352 2645 τοῖς

106 2656 147 2736 ρῆ
177 2661 323 2730 ιιαταωθα
343 2646 398 2746 ῆση
422 2647 636 2735 ανυπομονῆτῳ
661 2653 713 2715 καί
746 2647 960 2735 υίοῖςἿσραῆλ
998 2648 1117 2717 2αῦτσί
1130 2649 1279 2738 ἑωράκατε
1291 2647 1352 2717 ὅσα

106 2734 152 2806 οῦ,
166 2736 217 2797 καί
227 2737 289 2808 πᾶς
297 2729 315 2798 ὁ
323 2676 397 2808 λαὸς
409 2726 507 2810 οῦτος,
519 2732 553 2809 ῦς
565 2736 627 2799 ἐστι
637 2733 712 2838 μετὰ
744 2738 892 2815 πεποίηκα
903 2743 967 2810 τοῖς
978 2734 1166 2812 Αίγυπτίοις,
1182 2738 1233 2799 ιιαί
1245 2733 1352 2800 ἀνελα-

106 2820 171 2881 συῦ.
196 2811 275 2900 βαρύ
289 2839 335 2881 σοι
347 2808 383 2880 τδ
395 2818 475 2899 ῥῆμα
487 2820 592 2919 τοῦτοξ
611 2842 648 2881 ου
661 2817 713 2880 δυ-
744 2819 799 2901 βυν
823 2810 896 2898 ῦμᾶς
915 2811 980 2892 ὧςεί
1003 2818 1053 2882 ἐπί
1076 2811 1229 2902 πτερύγων
1248 2816 1352 2895 ἀετῶν,

105 2892 177 2983 νῆση
189 2908 282 2963 ποιεῖν
294 2893 330 2964 σύ
340 2893 436 2980 μόνος.
459 2901 487 2941 22
496 2904 546 2963 νῦν
558 2924 610 2964 συν
621 2898 713 2966 ἀκου-
745 2899 797 2964 ιιαί
807 2895 1033 2985 προςηγαγόμην
1045 2895 1119 3004 ὑμᾶς
1129 2897 1204 2986 πρὸς
1216 2897 1351 2984 ἐμαυτόν.

106 2971 165 3048 σόν’
181 3008 253 3063 μου,
277 2983 329 3046 ναί
354 2977 560 3068 συμβουλεύσω
577 3009 637 3060 σοι,
661 2984 713 3048 ιιαί
745 2983 823 3047 ‘nal
835 2987 886 3047 νῦν
898 2979 949 3048 ἐάν
962 2981 1039 3085 ἀνυῆ
1055 2979 1202 3069 ανούσητε
1213 2988 1266 3070 τῆς
1282 2988 1353 3089 ἐμῆς

105 3069 189 3131 ἔσται
207 3061 225 3130 ὁ
245 3064 317 3140 θεὸς
332 3062 406 3146 μετὰ
423 3069 486 3131 σοῦ.
511 3071 593 3144 γίνου
614 3065 651 3133 σύ
667 3070 711 3150 τῷ
745 3071 859 3151 φωνῆς,
883 3068 935 3132 ιιαί
960 3066 1107 3152 φυλαξητε
1131 3068 1185 3152 τῆν
1208 3068 1358 3154 διαθηκην

104 3149 170 3230 λαῷ
187 3147 226 3212 τὰ
243 3145 321 3231 πρὸς
338 3143 491 3225 τὸνθεόν,
516 3150 568 3214 ιιαί
587 3146 712 3226 ἀνοίσεις
744 3174 816 3232 μου,
841 3152 949 3216 ἔσεσθέ
961 3176 1011 3233 μοι
1030 3150 1103 3227 λαὸς
1114 3147 1277 3239 περωύσιυς
1289 3148 1351 3217 ἀπὸ

104 3232 175 3305 τοὺς
201 3225 307 3308 λόγους
331 3228 432 3296 αὐτῶν
455 3228 531 3316 πρὸς
554 3229 608 3298 τὸν
629 3229 710 3299 θεόν.
744 3228 1054 3300 πύντωντῶνίθνῶν.
1080 3230 1352 3320 ίμῆγύρίστιπᾰ-

104 3315 190 3379 222ιιαί
202 3310 384 3408 διαμαρτῦρη
397 3314 500 3393 ούτοίς
513 3310 552 3381 τά
563 3311 712 3403 προςτάγ-
745 3311 816 3401 σαῆ
833 3319 880 3400 γῆ.
906 3311 1012 3400 2ῦμεῖς
1029 3315 1061 3382 δί
1078 3319 1187 3383 ἔσεσθέ
1200 3343 1250 3401 μοι
1263 3321 1352 3404 βασί-

102 3423 184 3479 ματα
201 3401 257 3464 τοῦ
272 3404 345 3464 θεοῦ
363 3401 414 3465 ιιαί
429 3394 483 3465 τόν
499 3394 588 3482 νόμω
605 3398 710 3478 αὐτοῦ,
743 3399 820 3465 λεων
830 3393 1240 3485 ῖερότευμαιιαίίθνοςάγων.
1253 3404 1352 3465 ταῦτα

103 3483 154 3546 ιιαί
172 3493 306 3566 σημανεῖς
322 3479 425 3558 αῦτοίς
441 3479 496 3560 τάς
514 3478 602 3560 ὁδούς
617 3487 649 3549 ίν
665 3483 712 3560 αίς
743 3478 783 3546 τύ
807 3476 926 3568 ρῆμοτα
950 3484 1023 3569 ἐρεῖς
1043 3494 1107 3560 τοῖς
1123 3488 1199 3560 υίοῖς
1220 3478 1352 3571 Ἰσραῆλ.

102 3562 296 3652 πορεύσονται
314 3570 345 3632 ἰν
364 3564 487 3644 αὐταῖς,
511 3567 564 3631 ιιαί
580 3566 620 3631 τὰ
638 3568 711 3649 ἔργα
744 3553 846 3649 2ῆλθε
862 3563 895 3632 δὲ
907 3569 1057 3651 Μωυσῆς,
1082 3568 1135 3632 καί
1151 3563 1268 3633 ἐκάλεσε
1282 3567 1353 3644 τοὺς

103 3645 125 3713 ἀ
136 3646 301 3733 ποιῆσουσι.
322 3652 348 3691 ²¹
359 3651 410 3714 ιιαί
423 3647 461 3713 σύ
474 3652 588 3731 σεαυτῷ
600 3653 710 3730 σκέψαι
742 3651 955 3735 πρεσβυτέρους
966 3654 1020 3715 τοῦ
1028 3648 1114 3715 λαοῦ.
1125 3652 1177 3716 καί
1185 3654 1353 3736 παρέθηκεν

102 3729 165 3795 ἀπὸ
191 3729 305 3806 παντὸς
329 3735 384 3795 τοῦ
403 3730 478 3795 λαοῦ
497 3730 606 3817 ἀνδρας
622 3734 711 3798 δυνα-
743 3730 846 3808 αὐτοῖς
869 3729 984 3809 πάντας
1000 3729 1071 3809 τούς
1092 3727 1198 3811 λόγους
1215 3730 1351 3811 τούτους,

101 3811 180 3889 τούς,
193 3818 349 3901 θεοσεβεῖς,
374 3812 483 3901 ἀνδρας
495 3816 638 3894 δικαίους,
662 3844 710 3900 μι-
743 3812 795 3893 οῦς
808 3819 958 3892 συνέταξεν
970 3812 1188 3893 αύτοῖςόθεός.
1207 3814 1352 3903 θάπειιρί-

103 3901 227 3972 σοῦντας
241 3895 451 3982 ὑπερηφανίαν,
459 3902 510 3964 καί
518 3896 711 3984 ιιαταστῆσιις
742 3909 785 3983 θη
797 3898 830 3963 δὲ
840 3903 901 3976 πᾶς
913 3896 931 3966 ὁ
943 3899 1016 3977 λαὸς
1029 3897 1236 3984 ὁμοθυμαδὸν,
1248 3902 1300 3967 καί
1311 3899 1351 3966 ελ-

103 3980 146 4044 ίπ’
163 3979 264 4046 αὐτῶν
279 3978 444 4069 χιλάρχους
460 3986 512 4048 ναί
530 3979 710 4070 ἑιιατοντόρ-
741 4006 811 4047 παν.
836 3979 937 4051 πάντα
949 3979 1009 4050 ὅσα
1023 3983 1101 4049 εἶπεν
1112 3982 1131 4049 ὁ
1144 3983 1216 4061 θεὸς
1226 3979 1352 4070 ποιῆσο-

103 4090 170 4148 χους
194 4065 246 4130 ιιαί
269 4062 535 4151 πεντηκοντόρχους
555 4068 607 4132 ιιαί
625 4068 709 4132 δειια-
741 4092 791 4150 μεν
800 4068 851 4132 καί
860 4063 1060 4151 ἀκουσόμεθα.
1071 4063 1352 4154 ἀνῆνεγνεδὲΜωυ-

102 4143 236 4233 δόρχους.
258 4152 287 4191 22
296 4152 348 4214 καί
360 4154 487 4237 κρινοῦσι
498 4149 552 4215 τὸν
563 4150 637 4215 λαὸν
648 4155 708 4215 πᾶ-
743 4155 796 4235 σῆς
803 4146 874 4227 τούς
882 4146 988 4229 λόγους
995 4147 1119 4229 τούτους
1126 4149 1203 4239 πρὸς
1211 4149 1263 4218 τὸν
1271 4146 1351 4218 θεόν.

103 4256 160 4297 σαν
176 4228 265 4317 ὥραν.
300 4230 337 4299 τὸ
349 4234 381 4299 δὲ
398 4236 477 4320 ῥῆμα
493 4232 529 4299 τὸ
547 4229 711 4319 ῦπίρογιιον
742 4234 834 4301 2ἐἶπε
850 4234 881 4299 δὲ
899 4229 997 4322 ιιύριος
1019 4233 1095 4322 πρός
1113 4240 1260 4320 Μωυσῆν.
1287 4232 1351 4300 ίδυύ

103 4314 272 4381 ἀνοίσουσιν
289 4319 339 4382 ίπί
355 4320 395 4383 σί.
421 4314 461 4380 τὰ
477 4313 510 4380 δὲ
523 4320 638 4422 βραχέα
650 4322 711 4383 τῶν
743 4313 801 4396 ἐγά
825 4325 1026 4405 παραγίνομαι
1047 4319 1124 4401 πρὸς
1150 4319 1183 4386 σὲ
1205 4323 1236 4384 ίν
1253 4314 1352 4401 στύλογ

102 4395 251 4484 κριμάτων
274 4403 420 4484 κρινοῦσιν
443 4396 546 4477 αὐτοι,
571 4403 621 4465 καί
639 4428 709 4467 ιιου-
743 4402 869 4486 νεφέλης,
883 4408 933 4468 ίνα
946 4398 1061 4499 ἀνούση
1074 4400 1092 4467 ὁ
1105 4399 1179 4479 λαὸς
1191 4402 1352 4476 λαλοῦντός

101 4489 218 4569 ρισῦσιν
229 4481 293 4552 ἀπὸ
307 4485 372 4561 σοῦ,
385 4484 436 4548 καὶ
447 4481 711 4571 συναντιλῆιμονταί
741 4513 798 4571 μου
810 4485 887 4572 πρὸς
900 4483 948 4566 σί,
974 4487 1026 4551 καί
1042 4487 1092 4553 σοί
1108 4482 1301 4553 πωτεύσωσιν
1313 4491 1352 4590 είς

1299 4594 1352 4634 τον
