2924 4972
101 254 169 325 342
452 240 759 302 ΙΕΡΕΜΙΑΣ
797 231 1012 318 Isto-8422&-

100 363 211 449 αὐτήν,
237 362 289 426 καί
301 359 502 441 λυμανοῦνται
515 353 570 437 τήν
581 359 638 433 γῆν
652 354 709 419 αὖ·
744 349 874 436 15κάριος
886 357 983 419 ποιοῦν
993 359 1049 437 γῆν
1062 357 1093 417 ἐν
1106 357 1142 439 τῇ
1155 348 1237 437 ίσχῦῖ
1246 351 1357 427 αὐτοῦ,

101 454 161 533 τῆς.
188 443 260 510 οὐαί
272 443 324 506 ἐπὶ
335 439 510 526 Βαβυλῶνα
522 434 667 502 κυκλόθεν
679 440 710 500 ἐν
744 433 910 520 ἕτοιμάζων
941 439 1117 520 οἰκουμένην
1140 438 1172 499 ἐν
1195 440 1235 528 τῇ
1261 443 1359 520 σοφίᾳ

101 531 196 616 ήμέρηι
215 522 371 599 κακώσεως
390 520 491 605 αῦτής.
529 517 708 586 3τεινέτωίι
744 519 857 597 αὐτοῦ,
882 523 914 585 ἐν
935 524 974 617 τῇ
993 520 1103 584 συνέσει
1121 517 1217 584 αἰτοῦ
1237 520 1358 603 ἐξέτεινε

102 595 203 679 ίείνων
219 608 257 673 τὸ
277 603 366 684 τόξον
383 603 493 682 αἰετοῦ,
519 605 571 668 καί
586 606 710 685 περιθέ-
743 604 799 669 τὸν
811 603 951 691 οὐρανὸν,
971 606 1000 647 ¹⁶
1012 608 1051 678 είς
1063 602 1167 687 φωνήν
1180 607 1270 669 ἔθετο
1284 604 1357 689 ήχος

103 708 172 764 σθω
185 684 211 778 ᾧ
224 696 304 757 ἐστιν
318 687 401 756 ὅπλα
413 689 519 765 αῦτοῦ,
532 689 583 752 καί
593 685 632 772 μή
647 693 711 769 φεί-
743 684 852 763 ίίδατος
864 690 897 753 ἒν
909 685 1039 772 οὐρανῷ,
1060 688 1113 753 καὶ
1124 682 1255 771 άνήγαγε
1267 692 1358 768 νεφέ-

104 787 199 864 σησθε
211 777 261 842 ἐπὶ
273 773 342 850 τοῦς
354 778 525 847 νεανίσκους
537 769 641 855 αὐτῆς,
659 772 711 836 καί
742 772 797 845 λυς
815 769 867 836 ἀπ’
882 767 1008 856 ἐσχάτου
1025 774 1078 854 τῆς
1096 776 1166 853 γῆς,
1192 769 1357 856 ἀστραπάς

104 863 271 945 άφανίσατε
286 862 388 923 πᾶσαν
405 854 460 940 τήν
474 851 597 936 δύναμιν
609 855 710 938 αὐτῆς.
743 859 782 930 είς
795 851 882 919 ῦετδν
894 858 1025 939 ἐποίησε,
1044 855 1096 918 καὶ
1109 852 1232 937 ἐξήγαγε
1246 858 1314 935 φῶς
1326 857 1357 918 ἐκ

103 946 186 1010 *καὶ
211 944 373 1007 πεσοῦνται
400 944 579 1025 τραυματίαι
609 941 642 1002 ἐν
672 942 712 1032 γῇ
744 943 806 1003 τῶν
819 943 984 1022 θησαυρῶν
1004 936 1109 1003 αὐτοῦ.
1135 936 1358 1022 Πέματαιοίθη

106 1022 712 1104 Χαλδαίων,καὶκατακεκεντηιιένοιέξω-
745 1026 805 1097 πᾶς
823 1021 990 1107 ἅνθρωπος
1007 1019 1070 1085 άπὸ
1083 1017 1234 1099 γνώσεως,
1261 1047 1357 1114 κατη-

104 1122 159 1176 θεν
173 1109 272 1193 αῦτής.
298 1110 312 1151 ⁵
327 1104 403 1173 διότι
415 1102 472 1171 οῦκ
485 1100 635 1190 ἐχήρευσεν
650 1106 713 1169 Ίσ-
746 1103 857 1190 σχάνθη
873 1109 935 1180 πᾶς
948 1101 1111 1192 χρυσοχόος
1128 1101 1191 1169 άπὸ
1205 1110 1271 1170 τῶν
1283 1106 1357 1184 γλυ-

105 1192 183 1277 ραήλ
209 1193 261 1256 καί
283 1189 400 1266 Ἰούδας
425 1185 489 1254 άπὸ
511 1191 588 1253 θεοῦ
610 1184 713 1253 αὐτῶν
745 1193 831 1255 πτῶν
857 1187 971 1264 αὐτοῦ,
995 1184 1043 1254 ὅτι
1066 1189 1160 1272 φευδή
1178 1184 1356 1273 ἐχώνευσαν,

106 1276 170 1343 άπὸ
183 1279 288 1358 κυρίου
302 1268 562 1357 παντοκράτορος,
584 1266 632 1335 ὅτι
645 1267 663 1356 ή
675 1276 712 1356 γή
746 1268 801 1337 οῦκ
814 1275 876 1337 ἐστι
888 1277 1003 1355 πνεῦμα
1015 1275 1046 1335 ἐν
1058 1269 1169 1348 αὐτοῖς.
1196 1273 1225 1315 ¹⁸
1237 1268 1356 1355 μάταιά

106 1361 206 1426 αὐτῶν
215 1353 352 1460 ἐπλήσθη
361 1351 714 1431 άδικίαςᾶπὸτιῦνάγίων
746 1359 824 1421 ἐστιν
836 1357 911 1442 ἐργα
922 1359 1123 1440 μεμωκημίνα,
1137 1359 1170 1420 ἐν
1181 1361 1282 1440 καιρῷ
1293 1359 1357 1421 ε’πι-

101 1438 232 1529 Ἰσραήλ
264 1442 411 1522 θφευγετε
436 1441 468 1502 ἐκ
492 1442 586 1521 μέσου
605 1442 713 1523 Βαβυ-
747 1441 879 1524 σκέψεως
905 1437 1007 1504 αὐτῶν
1037 1437 1235 1504 ἀπολοῦνται.
1272 1440 1356 1505 19οῦ

105 1526 216 1601 λυῦνος,
246 1524 297 1588 καὶ
321 1518 484 1600 ἆνασάζετε
509 1526 634 1596 ἕκαστος
658 1520 713 1604 τήν
745 1517 871 1606 τοιαύτη
882 1524 962 1607 μερίς
974 1526 1020 1607 τῷ
1029 1518 1153 1599 Ἰακὼβ,
1179 1520 1227 1587 ὅτι
1241 1517 1260 1587 ὅ
1274 1519 1355 1588 πλά-

105 1604 207 1694 φυχήν
226 1605 336 1683 αὐτοῦ,
362 1608 412 1671 καὶ
426 1602 470 1705 μή
484 1603 669 1689 ἆποβριφήτε
682 1608 713 1668 ἐν
746 1631 801 1682 σας
817 1603 857 1670 τά
873 1601 975 1671 πάντα
1001 1601 1093 1680 αῦτός
1112 1608 1191 1670 ἐστιν
1210 1606 1356 1690 κληρονο-

105 1697 144 1773 τῆ
162 1689 261 1773 ἀδικίᾳ
279 1687 387 1774 αῦτής,
413 1688 460 1753 ὅτι
477 1688 578 1772 καιρὸς
596 1688 712 1772 έκδική-
744 1695 799 1772 μία
810 1686 917 1770 αὐτοῦ,
927 1686 1027 1773 κύριος
1036 1687 1132 1770 ὄνομα
1142 1686 1237 1773 αὐτῷ.
1251 1691 1355 1756 2οδια-

108 1762 179 1849 σεως
197 1771 290 1858 αῦτής
303 1775 366 1837 ἐστι
378 1770 464 1857 παρά
477 1777 594 1856 κυρίου,
619 1768 713 1835 άντοι-
746 1775 911 1857 σκορπίζεις
924 1767 962 1838 σά
973 1798 1022 1855 μοι
1038 1769 1123 1857 σκεάη
1135 1772 1287 1856 πολέμου,
1305 1776 1354 1839 καί

106 1853 228 1940 πόδομα
253 1855 346 1931 αὐτὸς
371 1853 609 1921 ἀνταποδίδωσιν
626 1851 711 1949 αῦτή.
745 1856 933 1939 διασκορπιῶ
948 1858 982 1921 ἐν
1001 1857 1051 1921 σοί
1072 1858 1161 1939 ἔθνη,
1187 1859 1240 1922 καί
1257 1859 1354 1944 ἔξαροῖ

108 1944 122 1983 ⁷
134 1937 279 2025 ποτήριον
295 1943 423 2042 χρυσοῦν
435 1937 587 2024 Βαβυλών
598 1941 630 2001 ἒν
641 1940 713 2023 χειρί
745 1941 778 2003 ἐκ
793 1942 851 2004 σοῦ
861 1937 1000 2026 βασιλεῖς.
1017 1941 1045 1980 ²¹
1058 1940 1109 2003 καί
1121 1940 1311 2027 διασκορπιιῦ
1324 1945 1355 2006 ἐν

107 2029 220 2107 κυρίου,
229 2032 379 2102 μεθυσκον
391 2025 493 2085 πᾶσαν
504 2017 558 2102 τήν
569 2025 634 2105 γῆν,
649 2017 712 2086 άπὸ
746 2025 793 2087 σοί
806 2027 901 2088 ’ίππον
912 2025 963 2087 καί
975 2019 1118 2128 ἐπιβάτην
1129 2022 1237 2101 αὐτοῦ,
1263 2027 1294 2067 ²²
1307 2028 1357 2090 καί

106 2109 163 2171 τοῦ
187 2105 267 2169 οἴνου
292 2101 385 2189 αὐτῆς
401 2106 526 2168 ε’πίοσαν
548 2108 638 2188 ἐθνη,
663 2099 713 2168 διά
746 2107 929 2192 διασκορπιῶ
955 2109 987 2172 ἐν
1003 2106 1053 2172 σοὶ
1070 2133 1191 2191 αρματα
1209 2109 1261 2172 καί
1280 2107 1355 2174 άνα-

107 2192 199 2254 τοῦτο
213 2183 426 2271 ε’·σαλεάθησαν,
441 2188 515 2252 8καί
527 2185 613 2268 άφνω
627 2189 713 2252 ἔπεσε
744 2185 839 2275 βάτας
856 2186 968 2255 αὐτῶν.
992 2190 1044 2254 καί
1060 2190 1247 2277 διασκορπιιῦ
1264 2194 1296 2258 ἐν
1308 2193 1356 2257 σοί

108 2270 269 2360 Βαβυλὼν,
277 2272 329 2336 καί
341 2274 500 2358 συνετρίβη.
513 2281 648 2356 θρηνεῖτε
657 2267 713 2335 αὖ·
746 2278 899 2338 νεανίσκον
911 2276 961 2338 καί
974 2276 1142 2360 παρθένον,
1152 2275 1203 2339 καὶ
1213 2276 1354 2360 διασκορ-

106 2354 176 2441 τήν,
189 2351 291 2442 λάβετε
304 2357 423 2440 ῥητίνην
436 2360 473 2446 τῇ
486 2354 642 2440 διαφθορᾷ
656 2351 713 2419 αὖ·
744 2359 806 2421 πιω“
819 2360 850 2420 ἐν
862 2357 912 2422 σοί
924 2355 1019 2444 άνδρα
1036 2359 1088 2422 καί
1099 2370 1234 2436 γυναῖκα.
1260 2361 1292 2401 ²³
1305 2360 1355 2424 καί

107 2445 173 2545 τής,
187 2440 217 2502 εἴ
223 2465 288 2514 πως
302 2435 464 2523 ἲαθήσεται.
491 2434 713 2524 9ίοιτρειίσαμεν
745 2440 931 2525 διασκορπιοῦ
955 2443 991 2504 ἐν
1016 2443 1064 2507 σοί
1088 2446 1214 2523 ποιμένα
1239 2444 1292 2506 καί
1317 2440 1353 2508 τά

107 2548 161 2607 την
174 2524 364 2608 Βαβυλῶνα,
378 2522 428 2586 καί
442 2517 497 2586 οὐκ
511 2517 595 2604 ῖάθη.
623 2523 713 2598 ἒγκα-
745 2529 883 2606 ποίμνιον
908 2520 1016 2600 αὐτοῦ,
1043 2527 1094 2591 καί
1114 2526 1301 2606 διασκορπιιῦ
1320 2530 1356 2591 ἐν

107 2606 275 2688 ταλίπωμεν
285 2604 447 2690 αῦτήν,καί
456 2603 634 2687 ἀπέλθωμεν
643 2608 712 2668 έκα-
746 2608 795 2671 σοί
821 2605 953 2692 γεωργὸν
984 2609 1036 2672 καί
1065 2605 1101 2674 τά
1125 2603 1268 2693 γεώργιον
1292 2607 1354 2670 αὗ-

109 2717 180 2766 στος
198 2695 237 2764 εἰς
254 2692 309 2772 τήν
325 2694 380 2773 γῆν
399 2687 512 2764 αὐτοῦ,
537 2685 584 2753 ίίτι
600 2687 713 2772 ήγγικεν
746 2693 803 2754 τοῦ
809 2738 819 2764 ,
847 2691 899 2755 καί
927 2691 1113 2778 διασκορπιοῦ
1141 2695 1171 2756 ἐν
1200 2691 1249 2756 σοί
1281 2686 1353 2774 '‘17⁶-

107 2779 147 2848 είς
167 2770 300 2857 οὐρανὸν
318 2772 354 2836 τὸ
372 2774 462 2858 κρίμα
484 2770 591 2856 αὐτῆς,
616 2774 714 2856 ἐξῆρεν
745 2768 838 2856 μόνας
864 2775 916 2838 καί
942 2774 1127 2862 στρατηγούς
1150 2801 1215 2840 σου.
1255 2775 1288 2816 ²⁴
1302 2776 1355 2839 καί

107 2861 163 2931 ἕως
180 2861 241 2918 τῶν
259 2853 386 2937 άστρων.
425 2856 454 2897 ¹⁰
467 2851 597 2938 ἐξήνεγκε
614 2843 713 2939 κάριος
746 2853 956 2923 άνταποδάσω
973 2864 1011 2941 τῆ
1029 2859 1192 3003 Βαβυλῶνι
1211 2859 1263 2922 καὶ
1279 2863 1355 2923 πᾶσι

106 2936 142 3003 τὸ
155 2935 243 3023 κρίμα
260 2934 366 3002 αὐτοῦ.
392 2938 486 3013 δεῦτε,
511 2939 563 3002 καὶ
575 2937 713 3016 ἄναγγεί-
745 2951 808 3014 τοῖς
821 2929 1073 3006 κατοικοῦσίΧαλ
1092 2946 1170 3013 αίοις
1181 2937 1286 3015 πάσας
1299 2941 1356 3016 τάς

107 3023 202 3105 λωμεν
227 3026 259 3087 ἐν
275 3020 357 3084 Σιὼν
381 3016 421 3085 τά
446 3023 519 3106 ε”ργα
536 3026 639 3108 κυρίου
656 3025 713 3086 τοῦ
746 3029 852 3098 κακίας
865 3023 977 3100 αὐτῶν,
1000 3019 1035 3097 άς
1048 3026 1192 3105 ἐποίησαν
1203 3025 1254 3086 ε’πί
1265 3024 1357 3088 Σιών

105 3110 181 3167 θεοῦ
199 3100 290 3187 ήμῶν.
314 3108 340 3145 ¹¹
352 3102 586 3187 παρασκευάζετε
602 3103 642 3169 τά
658 3130 713 3171 το·
746 3105 810 3171 κατ’
827 3103 1006 3190 ὀφθαλμοὺς
1023 3103 1118 3189 ὑμῶν,
1144 3105 1218 3182 λέγει
1237 3101 1355 3190 κύριος.

106 3183 250 3269 ξειίματα,
288 3184 437 3270 πληροῦτε
467 3185 522 3262 τάς
551 3191 711 3272 φαρέτρας.
746 3189 853 3253 2ὅίδοὺ
871 3189 929 3266 ε’γοῦ
948 3189 1027 3274 πρὸς
1044 3188 1077 3255 σὲ
1093 3188 1130 3255 τὸ
1148 3186 1220 3273 ὅρος
1238 3187 1276 3254 τὸ
1296 3191 1357 3255 διε-

107 3268 199 3353 ίγειρε
209 3265 310 3353 κύριος
318 3269 353 3332 τὸ
363 3273 477 3351 πνεῦμα
484 3270 630 3374 βασιλέως
640 3269 711 3354 Μή·
746 3275 924 3356 φθαρμένον,
945 3271 982 3336 τὸ
995 3275 1174 3355 διαφθεῖρον
1185 3277 1289 3337 πᾶσαν
1301 3271 1357 3358 τήν

106 3299 176 3432 άων,
186 3349 233 3418 ὅτι
245 3357 284 3428 είς
297 3352 470 3440 Βαβυλῶνα
484 3381 502 3438 η
518 3353 591 3460 ὀργή
606 3353 710 3431 αὐτοῦ,
744 3358 815 3438 γῆν,
830 3356 880 3419 καί
893 3357 999 3418 ἐκτενῶ
1012 3350 1066 3438 τήν
1077 3349 1160 3438 χεῖρά
1171 3381 1231 3435 μου
1245 3359 1298 3421 ἐπὶ
1312 3356 1354 3432 σέ,

105 3442 161 3504 τοῦ
174 3437 386 3522 ἔξολοθρεῦσαι
400 3436 509 3519 αῦτήν,
536 3435 582 3503 σ’τι
597 3439 708 3520 ε’κδίκη-
745 3439 795 3504 καί
807 3435 976 3503 κατακυλιιό
990 3462 1021 3502 σε
1032 3439 1081 3501 ἰπὶ
1090 3442 1152 3501 τῶν
1161 3444 1294 3523 πετρῶν,
1303 3441 1354 3505 καί

107 3549 151 3596 σις
168 3526 270 3606 κυρίου
289 3523 383 3596 ἐστίν,
409 3522 551 3605 ἐκδίκησις
562 3520 641 3585 λαοῦ
655 3522 711 3585 αῦ-
745 3518 835 3587 διάσω
864 3546 894 3586 σε
924 3518 965 3597 ὡς
995 3519 1065 3604 ὅρος
1090 3525 1353 3608 έμπεπυρισμένον,

104 3609 162 3667 τοῦ
180 3607 266 3666 ἐστιν.
291 3606 382 3668 12ἐπί
397 3607 514 3689 τειχέων
527 3605 711 3690 Βαβυλῶνος
744 3607 776 3648 ²⁶
788 3607 840 3670 καὶ
858 3603 894 3672 οῦ
907 3604 947 3689 μή
967 3601 1097 3691 λάβωσιν
1116 3602 1179 3670 άπὸ
1194 3610 1252 3670 σοῦ
1263 3605 1355 3669 λίθον

105 3685 197 3767 άρατε
211 3695 342 3768 σημεῖον,
361 3684 536 3770 ἐπεστήσατε
549 3691 711 3774 φαρέτρας,
744 3693 783 3762 εἰς
794 3695 917 3766 γωνίαν,
931 3692 981 3754 καὶ
994 3689 1084 3754 λίθον
1097 3693 1136 3763 εἷς
1145 3688 1291 3771 θεμελιον,
1303 3685 1354 3752 ὅτι

104 3771 231 3847 ἐγείρατε
250 3768 398 3849 φυλακάς,
425 3768 603 3853 ἑτοιμάσατε
618 3767 710 3845 ὅπλα,
745 3776 783 3845 εἰς
795 3769 963 3856 ἀφανισμὸν
975 3776 1028 3862 έση
1043 3777 1081 3847 είς
1093 3771 1146 3837 τὸν
1159 3774 1261 3845 αἰῶνα,
1275 3770 1354 3848 λέγει

106 3845 153 3913 ὅτι
179 3854 342 3935 ἐνεχείρισε,
368 3855 419 3916 καὶ
435 3851 554 3937 ποιήσει
571 3851 672 3940 κύριος
689 3849 711 3917 ά
744 3853 781 3918 κά
801 3883 853 3931 ιος.
880 3858 909 3898 ²⁷
923 3854 1016 3939 άρατε
1034 3866 1152 3939 σημεῖον
1164 3856 1213 3919 ἐπί
1225 3858 1277 3939 τής
1289 3859 1353 3938 γῆς,

105 3929 241 4015 ἐλάλησεν
258 3937 307 3997 ἐπὶ
325 3934 398 4010 τοὺς
416 3942 628 4012 κατοικοῦντας
640 3943 711 4001 Βα-
744 3882 910 4003 σαλπίσατε
923 3943 955 4004 ἐν
967 3942 1067 4005 ἔθνεσι
1081 3935 1236 4016 σάλπιγγι,
1262 3935 1353 4016 άγιά-

102 4015 232 4099 βυλῶνα,
257 4016 708 4102 13κατασκηνοῦνταςἐφ’ίίδασι
744 4047 816 4085 σατε
842 4021 886 4086 ἐπ’
906 4021 1004 4106 αὐτήν
1021 4027 1108 4128 ἔθνη,
1134 4021 1354 4126 παραγχείλατε

103 4097 249 4199 πολλοῖς,Ι
268 4100 319 4161 καί
344 4103 393 4164 ἐπί
418 4099 529 4184 πλήθει
549 4109 710 4186 θησαυρῶν
743 4102 788 4169 ἐπ’
804 4102 910 4187 αὐτήν,
930 4107 1059 4190 βασιλεῖς
1077 4107 1170 4189 α’ρατε
1183 4132 1247 4190 παρ
1271 4107 1354 4189 ίμοῦ,

102 4178 202 4264 αὐτῆς.
228 4178 289 4264 ήκει
302 4177 339 4243 τὸ
359 4185 452 4266 πέρας
466 4211 523 4249 σου
535 4184 658 4268 άληθῶς
671 4192 709 4263 εἷς
743 4189 794 4253 καί
815 4199 879 4262 τοῖς
891 4186 1087 4273 Ἀχαναζέοις.
1114 4192 1293 4274 ἐπιστήσατε
1305 4187 1351 4254 ἐπ’

101 4261 141 4328 τά
154 4260 307 4348 σπλάγχνα
320 4288 384 4327 σου.
402 4263 485 4331 14ὅτι
500 4268 595 4350 ὤμοσε
607 4264 709 4352 κύριος
743 4270 837 4354 αὐτήν
852 4269 1055 4358 βελοστάσεις,
1082 4270 1284 4422 άναβιβάσατε
1304 4272 1350 4338 ἐπ’

100 4345 179 4412 κατά
191 4352 247 4415 τοῦ
256 4351 417 4453 βραχίονος
430 4347 534 4425 αὐτοῦ,
545 4349 620 4414 διότι
630 4353 706 4437 πλη·
743 4355 837 4441 αῦτήν
867 4361 964 4421 ἵππον
993 4355 1033 4433 ὡς
1064 4355 1134 4438 άκρί
1150 4383 1192 4422 ων
1219 4356 1353 4443 πλῆθος.

101 4427 190 4511 (πείσω
202 4459 234 4498 σε
247 4425 423 4518 ανθρώπων
433 4428 497 4507 ὡςεί
506 4430 645 4518 ἀκρίδων,
657 4441 709 4503 καί
742 4441 772 4482 ²⁸
786 4437 985 4525 ἆναβιβάσατε
1006 4439 1050 4504 ἐπ’
1072 4437 1166 4523 αὐτήν
1179 4443 1269 4522 ἔθνη,
1296 4439 1354 4507 τὸν

101 4519 282 4597 φθέγξονται
299 4517 349 4583 ἐπί
364 4515 398 4582 σὲ
420 4519 451 4582 οῖ
468 4521 706 4607 καταβαίνοντες.
740 4523 866 4609 βασιλέα
891 4528 952 4589 τῶν
970 4519 1090 4607 Μήδων
1113 4525 1164 4589 καί
1182 4519 1284 4610 πάσης
1300 4529 1355 4609 τῆς

1281 4633 1349 4688 ΜΕ.
