2924 4972
169 203 236 268 370
430 193 727 260 ΒΑΣΙΛΕΙΩΝ
751 196 908 256 ΤΡΙΤΗ
945 197 1023 271 Κεφ.
1037 192 1095 257 κα’.
1108 193 1161 258 20.

182 287 1414 311 ,-..........-.----------.

168 349 238 405 γων.
264 318 334 388 τάδε
347 317 468 404 ποιήσαι
481 343 532 401 μοι
546 312 564 382 5
578 312 649 390 θεὸς
660 317 711 380 καί
723 310 794 380 τά-·
810 316 898 378 ταιοῦ
918 314 969 376 καί
993 315 1092 389 γνῶθι
1111 311 1162 374 καί
1185 311 1227 376 ἴδε
1239 314 1272 377 τί
1280 317 1423 400 ποιήσεις,

57 426 60 435 ’
169 409 200 473 δε
217 410 374 493 προςθείη,
400 407 426 466 εί
437 395 584 484 ἐκποιήσει
598 395 616 464 5
628 402 701 482 χοῦς
712 405 779 461 Σα1
810 392 857 461 ὅτι
874 397 1105 481 ἐπιστρέφοντος
1126 396 1184 458 τοῦ
1202 397 1338 459 ἐνιαυτοῦ
1357 400 1423 475 υίὸς

170 495 294 578 μαρείας
309 497 376 563 ταῖς
389 479 517 560 ἇλιέπεξι
530 484 623 548 παντί
644 486 688 564 τῷ
710 480 776 562 λαῷ
805 479 888 560 Ἄδερ
909 476 1043 565 βασιλεὺς
1057 482 1171 563 Συρίας
1195 474 1349 564 ἀναβαίνει
1371 483 1423 548 ἐπὶ

170 586 234 649 τοῖς
255 574 355 648 πεζοῖς
376 593 444 653 μου.
470 571 495 609 ¹¹
514 567 566 632 καί
589 563 737 649 ἀπεκρίθη
760 558 778 626 5
811 562 845 628 σὲ
871 565 900 605 ²³
913 564 964 626 καὶ
977 565 1009 625 οἱ
1020 561 1122 634 παῖδες
1134 560 1282 662 βασιλέως
1294 569 1421 649 Συρίας,

171 651 307 748 βασιλεὺς
322 651 454 738 Ἰσραήλ,
472 650 523 714 καί
543 648 628 713 εἶπεν.
656 640 779 728 ἱκανοῦ·
810 649 862 711 καί
878 645 970 711 είπον.
996 642 1068 719 θεὸς
1086 641 1183 727 ὀρεων
1200 642 1274 721 θεὸς
1295 643 1422 733 Ἰσραήλ

172 750 251 805 σθω.
276 734 319 820 μή
338 729 503 820 καυχάσθω
521 727 539 798 5
558 729 678 818 κυρτὸς,
706 725 778 804 ὦςὸ
810 735 862 796 καί
877 727 914 794 οῦ
932 727 1005 802 θεὸς
1022 722 1185 804 κοιλάδων,
1209 726 1261 793 διά
1277 735 1370 795 τοῦτο
1390 734 1420 795 ἒ·

171 820 189 887 5
235 816 277 895 ός.
308 821 399 882 12καί
420 817 533 894 ἐγένετο
554 810 605 880 ὅτε
629 811 779 916 άπρκρίθη
811 807 1083 912 κραταίωσενῖῦπὲρ
1097 807 1180 912 ἡμᾶς.
1220 808 1421 913 ἔάχδὲπολε-

171 908 258 988 αυτῷ
270 901 325 967 τὸν
337 898 427 978 λόγον
435 903 554 973 τοῦτον,
567 904 662 962 πίνων
674 921 709 981 ην
722 892 779 960 αῦ-
810 894 946 979 μήσωμεν
971 892 1082 968 αυτοῦς
1105 917 1164 957 κατ
1198 891 1286 972 εῦθυ,
1311 899 1337 959 εί
1358 897 1419 981 μήν

171 987 225 1063 τὸς
237 987 288 1050 καί
298 980 404 1059 πάντες
417 985 448 1048 οἶ
464 980 592 1067 βασιλεῖς
604 983 634 1045 οἱ
645 976 704 1064 μετ’
721 976 779 1043 αῦ·
810 976 1029 1064 κραταιώσομεν
1042 972 1117 1061 ὑπὲρ
1131 973 1250 1053 αὐτούς.
1275 977 1307 1021 ²⁴
1318 984 1368 1045 καί
1379 979 1419 1045 τὸ

171 1075 228 1136 τοῦ
246 1071 277 1133 ἐν
290 1077 419 1151 σκηναῖς.
445 1068 497 1130 καί
514 1063 576 1130 εἷπε
592 1074 658 1138 τοῖς
674 1063 778 1128 παισίν
810 1066 890 1148 ῥήμα
902 1065 996 1127 τοῦτο
1009 1065 1147 1144 ποίησον.
1159 1057 1335 1144 ἀπέστησαν
1347 1061 1419 1138 τοῦς

171 1149 275 1217 αὐτοῦ.
301 1143 516 1232 οίκοδομήσατε
527 1147 656 1233 χάρακα.
682 1147 735 1210 καὶ
746 1147 777 1208 έ-
808 1143 936 1232 βασιλεῖς
947 1148 1073 1208 ἕκαστον
1085 1148 1124 1218 εἰς
1135 1140 1188 1208 τὸν
1198 1138 1294 1209 τόπον
1306 1143 1419 1224 αῦτῶν,

170 1245 262 1300 θεντο
280 1230 401 1319 χάρακα
417 1235 467 1298 ἐπὶ
484 1229 540 1316 τήν
551 1226 649 1296 πόλιν.
686 1230 778 1293 13καὶ
808 1231 860 1294 καί
872 1232 934 1294 θοῦ
949 1224 1009 1292 ἄντ’
1027 1223 1130 1293 αιἰτοῦν
1142 1222 1310 1314 σατράπας,
1331 1229 1421 1296 26καί

172 1316 238 1384 ἰδοῦ
250 1313 407 1421 προφήτης
418 1314 456 1391 είς
466 1313 619 1403 προςήλθε
630 1316 675 1396 τῷ
687 1309 723 1376 ’A
740 1339 778 1376 α·
809 1307 974 1393 ἇλλάξομέν
992 1336 1041 1375 σοι
1057 1310 1181 1394 δύναμιν
1201 1307 1283 1376 κατά
1296 1311 1352 1395 τήν
1364 1311 1419 1377 δῦ·

172 1399 213 1488 άβ
223 1399 340 1488 βασιλεῖ
354 1395 478 1502 Ῑσραήλ,
491 1400 543 1463 καί
553 1396 623 1462 εἶπε.
645 1391 714 1461 τάδε
722 1337 778 1459 λέ·
809 1420 895 1478 ναμιν
907 1393 962 1479 τήν
973 1397 1143 1471 πεσοῦσαν,
1168 1397 1221 1459 καὶ
1232 1400 1327 1459 ἵππον
1338 1393 1418 1460 κατά

170 1510 215 1562 γει
226 1480 340 1566 κέρως,
355 1486 380 1545 εί
392 1478 526 1561 εωρακας
554 1476 607 1543 τὸν
625 1477 714 1562 ὄχλον
726 1474 779 1544 τὸν
809 1477 864 1562 τήν
875 1483 989 1552 ἰ’ππον,
1018 1479 1070 1542 καί
1088 1471 1347 1564 δίρματακατάτά
1360 1475 1417 1584 άρ·

171 1569 263 1650 μέγαν
281 1567 390 1630 τοῦτον
394 1590 407 1640 ,·
433 1560 498 1628 ἰδοὺ
522 1559 582 1640 ίγιδ
600 1562 703 1644 δίδωμι
721 1559 778 1627 αιἰ·
808 1587 901 1647 ματα,
926 1562 977 1626 καί
995 1555 1193 1643 πολεμήσομεν
1211 1559 1288 1647 πρὸς
1307 1560 1417 1638 αῦτους

171 1646 227 1715 τὸν
241 1643 366 1733 σήμερον
377 1649 417 1721 είς
428 1657 526 1732 χεῖρας
539 1642 602 1724 σάς,
615 1647 667 1711 καί
678 1641 778 1728 γνιέση
810 1643 873 1710 κατ’
902 1642 995 1721 εῦθὺ,
1020 1647 1072 1709 καί
1095 1640 1317 1729 κραταιώσομεν
1340 1642 1416 1732 ὑπὲρ

171 1727 219 1798 δ’τι
236 1730 296 1810 ἐγώ
312 1726 420 1815 κῦρως.
445 1729 475 1772 ¹⁴
493 1730 544 1794 καί
560 1727 637 1794 εἶπεν
655 1716 777 1833 Ἀχαάβ.
809 1725 929 1803 αὐτούς.
951 1729 1003 1793 καί
1016 1725 1121 1812 ήκουσε
1134 1732 1187 1811 τής
1198 1735 1298 1812 φωνής
1310 1725 1417 1805 αὐτοῦ,

171 1818 203 1880 έν
218 1820 275 1879 τίνι
280 1841 292 1894 ,·
316 1816 369 1878 καὶ
384 1811 454 1876 είπε.
488 1807 560 1878 τάδε
575 1811 652 1890 λέγει
669 1836 777 1898 κυριος.
808 1815 860 1878 καὶ
873 1815 1012 1895 έποίησεν
1023 1808 1128 1887 οῦτως.
1154 1814 1185 1855 ²¹
1194 1813 1245 1876 καί
1258 1813 1372 1889 ἐγένετο
1384 1815 1418 1876 ὲ-

172 1902 204 1964 ἐν
215 1909 278 1972 τοῖς
294 1897 388 1961 παιδα
408 1901 464 1970 ίοις
476 1899 537 1962 τῶν
553 1889 706 1980 ἀρχόντων
718 1900 778 1960 τῶν
808 1896 1030 1982 πιστρέψαντος
1042 1899 1097 1960 τὀῦ
1109 1899 1258 1969 ἐνιαυτοῦ,
1283 1899 1333 1961 καί
1346 1899 1418 1960 ἐπε-

171 1982 283 2066 χωριῦν.
311 1982 363 2044 καί
379 1920 458 2044 εῦπεν
478 1975 599 2088 Ἁχαάβ.
625 1983 670 2054 τίς
688 1974 778 2044 συνά-
809 1980 945 2062 σκέψατο
964 1975 1028 2054 υίὸς
1047 1977 1132 2066 Ἄδερ
1150 1975 1202 2063 τήν
1214 1983 1339 2064 Συρίαν,
1364 1982 1417 2045 καί

172 2083 224 2148 ψει
235 2062 291 2127 τὸν
301 2058 430 2168 πόλεμον
435 2090 448 2140 ,·
472 2088 524 2127 και
534 2061 619 2127 εἶπεν.
633 2059 681 2128 σέ.
693 2061 779 2127 16καί
808 2061 861 2128 άνέ
879 2089 898 2145 η
913 2067 952 2137 είς
971 2059 1083 2141 Ἀφεκὰ
1096 2068 1135 2137 είς
1145 2059 1274 2144 πόλεμον
1290 2064 1340 2126 ἐπὶ
1352 2059 1417 2128 'Io'

172 2142 483 2232 έπεσκέψατοΑχαάβ
498 2141 570 2220 τοῦς
582 2143 727 2230 ἄρχοντας
738 2142 777 2210 τά
809 2145 894 2232 ραηλ.
920 2147 949 2189 ²¹
962 2145 1015 2210 καί
1032 2150 1062 2211 οἶ
1076 2147 1135 2212 υίοί
1149 2144 1273 2231 Ἰσραήλ
1292 2148 1416 2212 ἐπεσκέ-

172 2225 320 2317 παιδάρια
342 2234 404 2294 τῶν
424 2231 536 2315 χωροῦν.
567 2231 618 2293 καί
640 2231 776 2306 ἐγένοντο
808 2254 926 2312 πησαν,
950 2230 1002 2293 καί
1014 2231 1212 2314 παρεγένοντο
1224 2233 1264 2304 εἰς
1276 2227 1415 2313 ι’νπαντήν

173 2307 311 2378 διακόσια
327 2308 498 2399 τριάκοντα.
523 2313 574 2378 καί
590 2309 665 2396 μετὰ
678 2316 778 2376 ταῦτα
808 2311 918 2377 αὐτῶν.
946 2313 998 2375 καὶ
1012 2312 1208 2398 παρενέβαλεν
1221 2311 1342 2397 Ἰσραήλ
1354 2315 1415 2389 ἰξε-

173 2398 362 2480 έπεσκέψατο
375 2393 427 2462 τὸν
443 2392 519 2461 λαὸν
534 2390 634 2460 πάντα
646 2393 713 2459 υίδν
725 2395 777 2459 δυ-
807 2400 926 2469 ναντίας
948 2391 1050 2460 αὐτῶν
1068 2391 1134 2470 ὦςεί
1152 2393 1208 2462 δύο
1227 2403 1351 2478 ποίμνια
1364 2401 1415 2460 αί·

173 2476 294 2565 νάμεως,
307 2477 386 2545 ἑπτά
397 2475 542 2564 χιλιάδας.
571 2481 656 2544 16καί
668 2476 775 2561 ἐξῆλθε
807 2483 877 2556 γοῦν.
890 2481 941 2545 καί
953 2485 1052 2565 Συρία
1064 2481 1172 2562 ἔπλησε
1184 2479 1238 2564 τήν
1249 2485 1314 2564 γῆν.
1327 2481 1414 2545 28καί

171 2567 354 2650 μεσημβρίας.
379 2566 430 2628 καὶ
449 2559 513 2637 υἱὸς
519 2561 602 2648 Ἄδερ
619 2569 714 2627 πίνων
724 2587 776 2645 με·
806 2563 973 2649 προςήλθεν
986 2559 1004 2626 5
1017 2561 1182 2646 άνθρωπος
1193 2567 1250 2628 τοῦ
1261 2567 1350 2639 θεοῦ,
1362 2566 1413 2628 καί

171 2649 258 2711 θύων
269 2650 300 2711 ἐν
317 2644 451 2730 Σοκχώθ
468 2643 560 2721 αὐτὸς
578 2648 629 2711 καί
648 2649 680 2709 σί
690 2648 775 2730 βασι·
806 2645 868 2711 εἷπε
892 2650 937 2730 τῷ
962 2645 1077 2730 βασιλεῖ
1085 2644 1216 2731 Ἰσραήλ
1242 2648 1313 2712 τάδε
1337 2646 1414 2725 λέγει

171 2730 237 2803 λεῒς,
263 2724 422 2813 τριάκοντα
434 2730 486 2792 καὶ
497 2723 550 2792 δῦο
562 2729 690 2812 βασιλεῖς
703 2755 776 2811 συμ-
806 2724 914 2814 κῦριος.
940 2726 1007 2793 ἄνθ’
1024 2721 1139 2794 ὧνείπε
1152 2736 1265 2835 Συρία,
1293 2729 1365 2806 θεὸς
1378 2729 1413 2795 ὀ·

170 2813 281 2900 βοηθοὶ
293 2807 396 2874 αῦτοῦ.
421 2813 512 2875 17καί
528 2810 656 2893 ἐξῆλθον
668 2808 776 2895 άρχον-
806 2814 881 2919 ρέων
894 2806 993 2894 κάριος
1007 2809 1025 2876 5
1036 2813 1107 2888 θεὸς
1116 2811 1236 2898 Ἰσραήλ
1248 2816 1298 2877 καί
1310 2813 1346 2877 οῦ
1359 2825 1415 2879 θε-

169 2922 217 2972 τες
228 2888 377 2979 παιδάρια
393 2896 455 2960 τῶν
466 2896 572 2979 χωροῦν
591 2896 623 2958 έν
633 2893 773 2979 πρώτοις.
806 2922 839 2971 ος
851 2890 999 2962 κοιλάδων
1011 2893 1115 2972 αὐτὸς,
1128 2898 1177 2960 καί
1190 2891 1278 2961 δώσω
1291 2892 1345 2978 τήν
1357 2895 1412 2961 δῦ-

169 2981 222 3042 καί
247 2976 465 3042 άποστελλουσι
482 2978 534 3042 καί
552 2974 774 3055 ἂπαγγέλλουσι
806 3003 891 3064 ναμιν
912 2976 966 3062 τήν
986 2976 1114 3064 μεγάλην
1136 2975 1249 3085 ταύτην
1270 2982 1310 3055 είς
1330 2992 1413 3064 χεῖρα

169 3066 213 3144 τῷ
225 3059 341 3147 βασιλεῖ
352 3066 398 3122 Συ
419 3065 480 3137 ίας,
505 3060 646 3137 λέγοντες.
672 3059 773 3148 ἄνδρες
806 3061 871 3147 σήν,
884 3063 935 3127 καί
945 3059 1043 3146 γνῶση
1057 3059 1103 3128 δτι
1118 3061 1176 3142 ἐγὼ
1189 3090 1300 3151 κυριος.
1311 3101 1313 3104 <
1323 3065 1411 3129 29καὶ

169 3137 377 3225 ἐξεληλύθασιν
399 3085 434 3204 ίκ
458 3148 638 3228 Σαμαρείας.
676 3145 775 3211 18καὶ
805 3136 1066 3232 παρεμβάλλουσιν
1082 3140 1168 3213 οὗτοι
1187 3147 1326 3214 ἀπέναντι
1340 3144 1411 3212 τοῦ·

171 3226 249 3292 εἶπεν
260 3221 374 3302 αὐτοῖς.
388 3229 413 3291 εί
425 3222 584 3310 είς-εἰρήνην
596 3224 774 3315 ἔκπορεῦον-
806 3254 867 3295 των
883 3225 961 3294 ἑπτά
983 3225 1098 3314 ήμέρας.
1123 3233 1175 3296 καὶ
1191 3236 1305 3311 ἐγένετο
1323 3234 1354 3297 ἓν
1373 3235 1410 3336 τή

168 3337 228 3390 ται,
254 3308 408 3396 συλλαβεῖν
419 3308 531 3386 αῦτοῦς
543 3313 664 3389 ζῶντας,
687 3313 737 3377 καί
750 3317 774 3377 εί
808 3311 901 3399 ήμέρηι
919 3318 958 3397 τῇ
976 3310 1094 3400 ἑβδόμη,
1120 3317 1173 3380 καί
1188 3311 1372 3403 προςήγαγεν
1390 3340 1408 3379 ο

166 3399 206 3471 είς
216 3390 355 3479 πόλεμον,
368 3397 478 3473 ζῶντας
487 3395 641 3484 συλλαβεῖν
654 3392 772 3474 αῦτοῦς.
803 3394 939 3480 πόλεμος,
966 3402 1018 3464 καί
1042 3388 1187 3474 δι’τάταξεν
1209 3397 1331 3485 Ἰσραήλ
1354 3394 1408 3501 τήν

166 3480 196 3522 ¹⁹
209 3481 260 3546 καί
271 3473 312 3563 μή
324 3475 534 3555 έξελθάτωσαν
547 3483 580 3544 έκ
593 3484 645 3563 τής
655 3476 774 3556 πόλεως
804 3487 920 3568 Συρίαν
932 3481 1040 3548 ἑκατὸν
1055 3478 1188 3567 χιλιάδας
1200 3487 1295 3561 πεζῶν
1299 3487 1360 3583 μιᾷ
1374 3509 1409 3562 η-

165 3561 189 3627 5‘
223 3588 297 3630 οντα
309 3561 349 3627 τά
361 3557 507 3649 παιδάρια
518 3567 580 3628 τῶν
591 3567 703 3648 χωροῦν.
721 3566 774 3629 καὶ
802 3567 886 3651 μέρη.
913 3566 944 3610 ¹⁰
959 3567 1011 3631 καί
1035 3567 1147 3647 έφυγον
1173 3570 1205 3631 οῖ
1230 3562 1409 3628 καταλοιποι

164 3589 318 3728 ήράάναμις
341 3644 440 3711 ὀπίσω
458 3643 560 3709 αῦτιῦν
582 3647 615 3690 ²⁰
628 3642 773 3725 ἐπάταξεν
804 3654 842 3724 εἰς
849 3647 960 3730 Ἀφεκὰ
972 3654 1012 3724 εἰς
1023 3647 1078 3734 τήν
1089 3646 1187 3722 πόλιν,
1212 3647 1263 3709 καί
1275 3645 1357 3704 ἔπεσε
1370 3638 1407 3705 τὸ

166 3731 291 3802 ἕκαστος
299 3725 431 3814 ὢνπαρ’
439 3726 542 3792 αῦτοῦ.
551 3729 603 3793 καί
611 3730 772 3816 ἐδευτέρω-
803 3743 849 3797 τεῖ
863 3757 896 3806 ος
921 3733 972 3795 ἐπὶ
995 3733 1083 3797 εἴκοσι
1109 3733 1160 3795 καί
1176 3723 1253 3792 ἑπτὰ
1276 3717 1407 3824 χιλιάδας

167 3833 216 3875 σεν
228 3814 354 3886 ἕκαστος
363 3810 417 3874 τὸν
425 3808 495 3897 παρ’
512 3809 771 3895 αῦτοῦκαλέφυγε
803 3758 918 3897 ἀνδρῶν
929 3817 991 3876 τῶν
1003 3813 1205 3878 καταλοίπων.
1218 3806 1269 3871 καί
1284 3806 1407 3878 υίοςἎ-

164 3897 271 3978 Συρία.
298 3897 350 3958 καί
366 3894 538 3972 κατεδίωξεν
550 3892 771 3979 αῦτοῦςἸσρα·
801 3895 849 3978 δερ
862 3899 951 3974 ἔφυγε
972 3898 1023 3959 καὶ
1045 3895 1176 3978 είςήλθεν
1197 3894 1235 3963 είς
1258 3887 1310 3952 τὸν
1322 3888 1406 3957 οἷκον

165 3970 212 4057 ήλ.
243 3977 295 4040 καί
312 3971 434 4052 σοίζεται
451 3975 516 4051 υίὸς
534 3974 618 4063 ’Ἄδερ
634 3973 770 4062 βασιλεὺς
800 3980 857 4038 τοῦ
869 3978 1025 4052 κοιτῶνος,
1049 3980 1088 4050 είς
1100 3974 1136 4039 τὸ
1148 3984 1288 4055 ταμιεῖον.
1314 3974 1340 4014 ¹¹
1354 3978 1407 4041 καί

164 4060 278 4140 Συρίας
290 4055 334 4136 ἐφ’
350 4063 449 4124 ἵππου
468 4060 593 4134 ι’ππέως.
618 4057 769 4133 21ιιαίέξ-
801 4056 861 4122 εἷπε
874 4070 935 4132 τοῖς
951 4061 1053 4125 παισὶν
1071 4053 1174 4122 αὐτοῦ.
1202 4055 1271 4122 οίδα
1288 4050 1334 4122 ὅτι
1347 4063 1406 4144 βα-

163 4136 288 4223 fimf>
303 4139 437 4226 βασιλεὺς
450 4138 589 4226 Ἰσραήλ,
615 4140 667 4204 καὶ
679 4139 769 4229 ίλαβε
803 4141 889 4217 σιλεῒς
908 4139 1033 4226 Ἰσραήλ
1062 4139 1192 4229 βασιλεῖς
1210 4142 1311 4216 ἐλέους
1323 4146 1405 4207 εἰσίν.

164 4217 281 4299 πάντας
298 4219 367 4297 τοῦς
384 4227 499 4299 ίππους
514 4225 566 4288 καί
583 4221 623 4289 τδι
639 4218 768 4309 ἅρματα,
800 4221 978 4308 ἐπιθώμεθα
990 4225 1027 4312 δή
1041 4220 1168 4302 σάκκους
1180 4228 1230 4292 ἐπί
1241 4223 1296 4299 τὰς
1308 4220 1405 4371 ὀσαρῦ-

164 4309 217 4371 καί
232 4302 360 4384 ἐπάταξε
377 4303 492 4390 πληγήν
508 4302 637 4393 μεγάλην
654 4311 685 4374 ἐν
704 4316 769 4375 Συ-
800 4336 836 4385 ας
849 4306 931 4394 ήμῶν
942 4313 993 4375 καί
1047 4315 1126 4375 οινία
1143 4311 1193 4375 ἐπί
1210 4306 1263 4385 τάς
1276 4333 1329 4390 κεφ
1369 4307 1407 4383 ὰς

163 4393 224 4496 ρίρ.
259 4393 352 4458 22καί
377 4387 545 4496 προςήλθεν
569 4387 587 4456 5
612 4397 769 4480 προφήτης
801 4391 892 4478 ήμῶν,
918 4397 969 4460 καί
993 4337 1158 4475 ἐξέλθωμεν
1183 4393 1260 4480 πρὸς
1280 4388 1408 4495 βασιλρα

162 4500 237 4563 προς
247 4474 373 4558 βασιλέα
398 4471 524 4565 Ισραηλ,
536 4478 587 4545 καί
598 4474 668 4543 εἶπε.
692 4502 767 4566 κρα·
797 4475 921 4565 Ἰσραήλ
932 4478 962 4543 εἴ
975 4504 1040 4555 πως
1053 4474 1228 4564 ζωογονήσει
1243 4475 1296 4553 τάς
1309 4493 1408 4576 φρυχςε

1324 4581 1408 4637 δέμων
