2924 4972
153 198 219 266 724
542 197 571 257 Ω
583 202 615 258 Σ
625 199 663 258 H
671 202 699 259 Ε
740 200 816 274 Κεφ.
829 188 871 279 β’.
885 190 923 271 γ’.
937 193 967 257 9.
981 194 1010 260 3.
1199 282 1386 296 ὼ-α

154 315 238 396 λοψι,
264 313 315 375 καί
338 305 566 391 ἀνοικοδομήσω
585 307 638 383 τάς
663 305 762 385 ὁδούς,
794 333 840 373 σιν
852 307 908 372 ούκ
919 311 963 370 ἐτι
975 306 1015 370 τά
1028 301 1162 387 ὀνόματα
1175 303 1282 370 αὐτῶν.
1308 307 1403 370 18καλ

154 399 205 462 καί
217 393 271 478 τήν
285 397 389 479 τρίβον
403 390 538 472 αάτήςού
553 389 591 475 μή
605 389 685 475 εύρη,
699 394 763 456 7καί
793 386 976 476 διαθήσομαι
1002 386 1107 464 αύτοῖς
1132 388 1281 473 διαθήκην
1305 391 1335 454 ἐν
1363 394 1402 493 τῷ

148 476 365 554 -καταδιτύξεται
379 476 452 550 τούς
462 475 591 561 ἐραστὰς
603 464 770 558 αύίήςωαέ
794 474 890 578 ήμίρᾳ
912 478 1005 565 ἐκείνη
1026 472 1100 555 μετὰ
1120 476 1182 536 τῶν
1201 478 1320 555 θηρίων
1343 499 1400 537 του

156 562 193 629 οὐ
205 559 244 646 μή
257 555 418 648 καταλάβῃ
431 557 548 634 αὐτούς.
584 560 635 624 καί
647 557 761 642 ζητήσει
794 562 908 642 αγροῦ,
932 559 983 621 καί
1003 553 1077 638 μετά
1098 561 1159 619 τῷν
1181 559 1322 621 πετεινῶν
1343 562 1402 620 τοῦ

156 644 280 720 αύτούς,
305 645 355 707 καί
368 645 404 706 οὐ
418 639 457 725 μή
470 640 538 735 εἱίρη
552 639 672 717 αὐτούς.
711 643 762 707 καί
794 639 943 723 ούρανοῦ,
969 641 1098 704 καὶτῶν
1115 640 1248 723 ἑρπετῶν
1265 644 1318 722 τῆς
1334 644 1402 723 γῆς.

156 733 221 831 ἐρεῖ.
235 724 433 811 πορεύσομαι,
441 728 492 790 καί
501 728 676 810 ἐπιστρέψω
685 727 762 809 πρὸς
793 726 845 789 καί
857 717 957 799 τόξον,
969 727 1021 786 καὶ
1034 725 1196 808 ῥομφαίαν,
1206 724 1258 786 καί
1269 722 1404 804 πόλεμον

155 836 208 877 τον
221 808 317 895 ἀνδρα
329 835 388 891 μου
402 807 455 874 τὸν
467 807 622 894 πρότερον,
647 804 694 873 ὅτι
707 834 762 873 κα-
794 813 950 911 συντρίψω
963 803 1026 870 ἀπὸ
1039 810 1093 889 τῆς
1104 811 1166 889 γης,
1192 807 1243 869 καί
1255 806 1405 872 κατοικιῶ

155 895 215 968 λῶς
226 919 276 975 μοι
290 881 325 975 ἦν
338 888 416 967 τότε,
429 893 447 976 ή
460 897 519 957 νῦν.
533 894 604 957 8καὶ
616 887 693 974 αὕτη
707 889 761 956 ούκ
794 917 827 955 σε
839 894 878 954 ἐπ
900 889 1005 956 ἐλπίδι.
1031 890 1059 931 ¹¹¹
1073 891 1124 953 καί
1136 884 1358 972 μνηστεύσομαί
1370 917 1403 956 σε

156 981 250 1056 ἐγνω,
265 973 311 1041 ὅτι
328 975 386 1052 ἐγὼ
400 976 498 1040 ἐδωκα
510 973 588 1068 αὐτῇ
600 975 654 1038 τὸν
667 986 760 1051 σῖτον,
793 976 912 1057 ἐμαυτῷ
929 978 966 1047 είς
984 967 1037 1037 τὸν
1060 976 1164 1038 αἰῶνα.
1191 974 1242 1037 καὶ
1253 970 1402 1056 μνηστεύ·

154 1057 273 1126 καὶτὸν
287 1057 379 1135 οἶνον,
392 1060 444 1124 καί
459 1058 496 1123 τὸ
511 1058 628 1133 ἐλαιον,
641 1061 693 1123 καί
704 1056 760 1142 ἀρ-
793 1061 883 1137 σσμαί
895 1080 926 1121 σε
939 1059 1060 1139 ἐμαυτῷ
1073 1058 1103 1118 ἐν
1119 1052 1293 1147 δικαιοσύνῃ
1305 1060 1358 1120 καί
1372 1062 1403 1122 ἐν

155 1138 258 1228 γύριον
268 1139 425 1223 ἐπλήθυνα
443 1141 529 1236 αὐτῷ.
569 1137 646 1226 αύτη
660 1140 692 1206 δὲ
705 1141 761 1224 ἀρ-
793 1147 912 1226 κρίματι
925 1141 977 1203 καί
989 1142 1021 1203 ἐν
1033 1139 1104 1203 ἐλέει
1119 1140 1170 1204 καί
1183 1143 1213 1204 ἐν
1226 1143 1402 1286 σίκτιρμοῖς,

153 1230 232 1310 γυρᾶ
257 1227 308 1290 καὶ
331 1230 427 1310 χρυσοῖ
451 1229 568 1309 ἐποίησε
593 1231 630 1336 τη
658 1220 759 1289 Βάαλ.
792 1227 824 1268 ²⁰
836 1225 888 1288 καί
899 1225 1117 1307 μνηστεύσομαί
1127 1248 1159 1288 σε
1172 1227 1290 1307 ἐμαυτῷ
1320 1232 1403 1289 νπί-

155 1307 234 1373 9διά
248 1312 338 1373 τοῦτο
355 1311 544 1393 ἐπιστρέψω,
570 1335 622 1375 και
641 1311 759 1391 κομιού-
793 1332 866 1383 στει,
887 1308 938 1372 καί
950 1301 1096 1397 ἐπιγνῶση
1109 1303 1163 1371 τὸν
1175 1302 1287 1389 κύριον.
1314 1309 1404 1373 21καί

155 1418 208 1475 μαι
221 1390 273 1456 τὸν
293 1389 378 1457 σῖτόν
394 1418 452 1474 μου
469 1389 538 1458 καθ’
560 1388 642 1477 ῶραν
654 1392 760 1467 αὐτοῦ,
793 1394 875 1455 ἔσται
888 1394 920 1455 ἐν
930 1394 1021 1480 ἐκείνη
1031 1396 1069 1477 τῇ
1084 1389 1190 1474 ἡμέρη,
1201 1386 1278 1467 λέγει
1288 1386 1402 1494 κύριος,

155 1477 214 1552 καί,
228 1475 283 1539 τὸν
304 1473 387 1542 οἶνόν
406 1502 464 1557 μου
487 1478 518 1539 ἐν
538 1481 632 1561 καιρῷ
656 1474 760 1540 αὐτοῦ.
793 1468 999 1554 ἐπακούσομαι
1023 1478 1069 1556 τῷ
1082 1471 1217 1560 οὐρανῷ,
1242 1474 1295 1537 καί
1306 1473 1403 1549 αυτὸς

155 1558 208 1622 καὶ
219 1553 385 1640 ἀφελούμαι
397 1556 437 1621 τά
450 1554 553 1641 ῖμάτιυί
564 1584 633 1638 μου,
657 1560 710 1623 καί
722 1556 761 1623 τά
794 1552 992 1622 ἐπακούσεται
1004 1561 1042 1645 τῇ
1055 1561 1110 1650 γῇ,
1136 1559 1224 1621 22καί
1239 1555 1257 1641 ἢ
1269 1559 1311 1639 γῆ
1323 1560 1401 1622 ἐπα-

156 1633 268 1704 ὂθόνιά
293 1664 361 1722 μου,
390 1644 444 1704 τοῦ
468 1639 507 1725 μή
524 1637 683 1707 καλύπτειν
709 1639 762 1725 τήν
793 1636 933 1706 κούσεται
945 1637 1000 1704 τὸν
1014 1652 1107 1715 σῖτον,
1120 1640 1172 1704 καί
1184 1639 1237 1704 τὸν
1251 1638 1404 1715 οένον,καέ

156 1720 199 1788 ἀσ
218 1718 369 1825 ημοσύνην
381 1720 482 1806 αὐτῆς.
515 1726 544 1767 ¹⁰
557 1726 608 1790 καί
620 1728 672 1789 νῦν
684 1721 761 1790 ἀντο-
794 1720 830 1787 τὸ
844 1723 966 1799 ἐλαιον,
990 1724 1043 1786 καί
1054 1720 1134 1788 αάτά
1146 1719 1343 1788 ἐπακούσεται
1354 1728 1403 1808 τῷ

154 1746 283 1888 καλύψω
296 1804 350 1890 τήν
369 1805 564 1892 ἀκαθαρσίαν
582 1805 673 1893 αὐτῆς
686 1802 760 1873 ἐνῶ-
790 1802 929 1891 Ἰεζραέλ.
953 1806 1042 1871 23καί
1060 1810 1161 1891 σπερῶ
1174 1805 1267 1889 αὐτήν
1279 1808 1402 1908 ἐμαυτῷ

153 1913 227 1955 πιον
240 1893 302 1955 τῶν
315 1893 452 1976 ἐραστῶν
465 1888 568 1974 αὐτῆς,
594 1893 646 1956 καὶ
659 1888 761 1966 ούθείς
794 1891 844 1954 ἐπί
864 1895 916 1973 τῆς
936 1892 1001 1973 γῆς,
1025 1892 1079 1956 καί
1099 1887 1248 1973 ἀγαπήσω
1269 1912 1321 1973 την
1341 1887 1402 1953 οὐκ

156 1972 195 2035 οά
206 1969 247 2054 μή
267 1971 398 2057 ἐξέληται
417 1970 512 2057 αὐτήν
531 1978 564 2038 ἐκ
580 1971 673 2059 χειρός
693 1999 760 2056 μου.
799 1968 993 2056 ’γαπημίνην,
1007 1975 1058 2038 καί
1071 1975 1130 2059 ἐρῶ
1142 1978 1185 2056 τῷ
1199 1973 1236 2038 ού
1248 1972 1314 2056 λαῷ
1326 1997 1402 2075 μου,

153 2056 179 2095 ¹¹
191 2055 243 2118 καί
259 2052 447 2160 ἀποστρέψω
463 2050 565 2132 παίσας
578 2056 632 2132 τὰς
651 2055 759 2142 εάφρο-
794 2000 868 2132 λαός
879 2082 937 2138 μου
950 2053 979 2120 εί
988 2052 1034 2121 σύ.
1047 2060 1098 2123 καί
1110 2055 1204 2131 αὐτὸς
1216 2058 1285 2142 ἐρεῖ,
1298 2081 1403 2141 κυριος

155 2132 245 2212 σύνας
263 2136 376 2223 αὐτῆς,
396 2138 503 2223 εορτάς
516 2137 618 2223 αὐτῆς,
642 2138 762 2214 καὶτὰς
793 2136 895 2215 δθεός
906 2165 965 2224 μου
976 2135 1061 2204 εῖσύ.

154 2227 314 2303 νουμηνίας
339 2218 447 2307 αὐτῆς,
479 2224 532 2286 καί
558 2224 597 2287 τὰ
623 2220 761 2310 σάββατα

156 2301 258 2385 αὐτῆς,
271 2306 323 2369 καὶ
334 2299 436 2379 πάσας
445 2304 499 2381 τὰς
512 2304 691 2392 πανηγύρεις
704 2305 758 2370 αύ-

154 2393 213 2488 της.
227 2387 439 2469 12καίάφανιῶ
451 2387 583 2471 ἀμπελον
596 2388 762 2475 αὐτῆςκαί
983 2397 1058 2457 ΚΕ
1070 2397 1108 2455 Φ.
1151 2389 1206 2459 Γ’.

156 2495 211 2544 τας
224 2473 314 2544 συκᾶς
327 2469 430 2554 αὐτῆς,
445 2471 504 2537 ὅσα
519 2471 590 2547 εἶπε,
603 2469 760 2557 μισθώμα-

155 2550 196 2616 τά
207 2578 264 2632 μου
284 2549 383 2618 ταῦτά
400 2557 480 2620 ἐστιν
498 2552 520 2620 ἀ
538 2553 655 2621 ἐδωκάν
667 2582 717 2638 μοι
730 2559 761 2620 οῖ
792 2525 875 2622 Καὶ
884 2555 945 2623 εἷπε
957 2554 1058 2640 κύριος
1072 2559 1149 2645 πρὸς
1160 2556 1207 2645 μέ.
1231 2563 1275 2627 ἐτι
1286 2561 1401 2648 πορεύ-

156 2638 281 2720 ἐρασταί
299 2662 366 2719 μου.
392 2640 443 2702 καί
464 2635 596 2724 θήσομαι
619 2636 698 2705 αάτά
721 2643 761 2714 εἲς
791 2651 873 2726 θητι,
886 2642 938 2706 καί
956 2638 1117 2726 ἀγάπησον
1134 2656 1257 2721 γυναῖκα
1270 2645 1401 2723 ἀγαπῶ-

154 2715 330 2803 μαρτύριον,
342 2724 393 2785 καί
413 2721 618 2804 καταφάγεται
631 2719 708 2788 αάτά
721 2719 760 2786 τά
792 2751 850 2790 σαν
859 2724 990 2808 πονηρὰ,
996 2729 1047 2790 καὶ
1056 2728 1203 2811 μοιχαλὶν,
1212 2728 1317 2804 καθῶς
1323 2726 1401 2806 ἀγα-

155 2807 251 2885 θηρία
264 2806 319 2864 τοῦ
332 2801 437 2906 ἀγροῦ,
463 2806 514 2868 καὶ
527 2803 565 2869 τὰ
577 2804 694 2871 πετεινὰ
707 2808 761 2870 τοῦ
790 2814 836 2890 πᾷ
860 2805 878 2874 ὁ
903 2808 974 2884 θεὸς
999 2807 1068 2884 τοὺς
1093 2808 1173 2885 υίούς
1187 2809 1319 2895 Ἰσραήλ,
1345 2814 1399 2874 καὶ

155 2881 345 2966 οὐρανούκαί
356 2910 394 2949 τα
406 2885 515 2970 ἕρπετά
528 2893 580 2969 τῆς
588 2893 649 2970 γῆς.
677 2890 760 2953 13καί
791 2891 882 2956 αὐτοὶ
898 2888 1104 2978 ἐπιβλέπουσιν
1123 2896 1172 2956 ἐπί
1194 2894 1284 2967 θεούς
1300 2891 1396 2956 ἀλλο-

156 2963 298 3049 ἐκδικήσω
318 2965 362 3031 ἐπ’
385 2964 479 3053 αάτήν
500 2967 554 3044 τάς
572 2968 682 3058 ἡμέρας
699 2976 760 3035 τῶν
791 2980 903 3060 τρίονς,
929 2978 980 3040 καί
1005 2974 1124 3055 φιλοῦσι
1154 2973 1296 3055 πέμματα
1319 2972 1394 3053 μετά

155 3047 312 3131 Βααλεὶμ,
330 3054 361 3116 ἐν
375 3051 420 3125 αίς
434 3054 560 3117 ἐπέθυεν
572 3052 682 3129 αὐτοῖς.
710 3056 760 3120 καί
790 3058 941 3137 σταφίδος.
967 3059 1037 3120 2καί
1051 3053 1262 3138 ἐμισθωσάμην
1273 3057 1395 3157 ἐμαυτῷ

154 3136 335 3212 περιετίθετο
347 3130 387 3196 τά
400 3130 505 3200 ἐνῶτια
519 3137 629 3220 αὐτῆς,
656 3140 707 3202 καί
720 3137 760 3201 τὰ
790 3142 992 3206 πεντεκαίδεκα
1002 3138 1155 3223 ἀργυρίου,
1161 3140 1212 3202 καί
1220 3163 1316 3223 γομορ
1327 3164 1396 3223 κρι-

154 3209 308 3298 καθόρμια
322 3212 482 3294 αὐτῆςναί
491 3219 648 3305 ἐπορεύετο
661 3219 760 3285 ὀπίσω
790 3227 866 3295 θῶν,
879 3224 930 3287 καί
939 3219 1020 3305 νέβελ
1034 3221 1125 3286 οἴνου.
1151 3221 1224 3286 3καί
1235 3219 1305 3286 εἶπα
1318 3222 1398 3305 πρὸς

154 3302 215 3361 τῶν
229 3300 363 3383 ἐραστῶν
381 3299 490 3382 αὐτῆς,
516 3306 588 3385 ἐμοῦ
607 3303 638 3369 δέ
652 3300 758 3374 ἐπελά-
791 3301 890 3387 αάτήν.
928 3300 1037 3388 ήμέρας
1061 3300 1179 3378 πολλὰς
1203 3301 1325 3396 καθήση
1349 3304 1394 3371 ἐπ’

154 3391 239 3455 θετο,
253 3381 330 3460 λέγει
344 3379 451 3490 κύριος.
478 3384 758 3453 14διάτοῶτοίδού
791 3389 864 3473 ἐμοὶ,
888 3391 938 3453 καί
955 3384 991 3452 ού
1010 3387 1050 3470 μή
1068 3383 1244 3479 πορνεύσης,
1267 3386 1339 3454 οὐδὲ
1356 3388 1398 3474 μή

155 3465 213 3542 ἐγώ
232 3465 337 3532 πλανῶ
357 3467 468 3550 αυτήν,
494 3473 546 3534 καί
567 3468 647 3547 τάξω
666 3470 761 3552 αὐτήν
791 3470 862 3578 γένη
885 3470 970 3554 ἀνδρί
991 3465 1094 3557 ἐτέρῳ,
1107 3470 1158 3534 καί
1180 3471 1240 3548 ἐγὼ
1265 3474 1317 3537 ἐπὶ
1339 3479 1394 3538 σοί.

156 3546 197 3624 ῶς
210 3551 336 3650 ἔρημον,
362 3552 413 3615 καί
426 3549 546 3636 λαλήσω
558 3557 608 3618 ἐπὶ
620 3552 673 3638 τήν
686 3579 761 3654 καρ-
792 3556 891 3621 4διοτι
904 3552 1016 3639 ήμέρας
1030 3552 1146 3628 πολλὰς
1159 3550 1351 3637 καθήσονται
1364 3558 1397 3619 σί

156 3631 222 3694 δίαν
234 3635 340 3713 αυτής,
354 3634 436 3696 15καί
446 3632 532 3700 δώσω
547 3636 622 3720 αάτῆ
635 3635 674 3700 τά
688 3662 758 3719 κτη·
793 3643 855 3703 υίοὶ
864 3637 997 3723 Ἰσραήλ,
1011 3635 1066 3703 οάκ
1080 3635 1165 3711 ὄντος
1175 3634 1331 3724 βασιλέως,
1341 3635 1395 3702 οά-

158 3737 239 3792 ματα
253 3709 345 3797 αὐτῆς
358 3718 479 3792 ἐκεῖθεν,
505 3720 556 3782 καί
567 3709 622 3802 τήν
634 3718 760 3783 κοιλάδα
792 3720 824 3785 δέ
835 3721 923 3797 ὄντος
933 3720 1087 3808 ἀρχοντος,
1095 3718 1167 3785 οὐδὲ
1176 3720 1269 3805 σι’ίσης
1277 3727 1395 3795 θυσίας,

151 3790 245 3878 Ἆχώρ
257 3795 399 3892 διμνοῖξαι
409 3795 522 3865 σύνεσιν
533 3799 633 3887 αὐτῆς.
645 3805 695 3867 καί
704 3827 758 3865 τα·
792 3803 861 3868 οὐδὲ
880 3804 966 3879 ὄντος
983 3809 1217 3887 θυσιαστηρίου,
1232 3803 1301 3869 οάδέ
1315 3807 1396 3888 ἶερα-

154 3886 373 3976 πειυιηθησεται
399 3884 461 3944 ἐκεῖ
482 3883 560 3948 κατά
580 3885 635 3959 τὰς
652 3884 760 3969 ἡμέρας
791 3895 883 3962 τείας,
909 3886 979 3951 οὐδὲ
991 3884 1095 3972 δήλων.
1123 3887 1201 3950 5καὶ
1212 3885 1285 3969 μετά
1297 3891 1397 3952 ταῦτα

154 3981 330 4040 νηπιοτητος
343 3958 444 4045 αὐτῆς,
470 3969 519 4030 καί
531 3966 609 4030 κατὰ
621 3967 674 4041 τάς
690 3966 759 4049 ήμέ-
792 3965 1025 4053 ἐπιστρέψουσιν
1049 3974 1080 4033 οί
1101 3970 1161 4032 υίοί
1180 3967 1318 4053 Ἰσραήλ,
1344 3970 1398 4033 καλ

154 4065 208 4123 ρας
232 4037 406 4125 ἀναβάσεως
429 4047 522 4131 αὐτῆς
541 4051 573 4111 ἐκ
593 4054 646 4126 γῆς
659 4044 758 4127 Αίγύ-
791 4049 992 4133 ἐπιζητήσουσι
1009 4050 1113 4134 κύριον
1130 4052 1184 4116 τὸν
1195 4050 1269 4117 θεὸν
1282 4050 1396 4126 αὐτῶν,

153 4147 243 4187 πτου.
258 4124 343 4224 ἷθκαὶ
356 4128 438 4189 ἐσται
452 4133 483 4192 ἐν
497 4135 537 4222 τῇ
550 4128 644 4236 ἡμέρᾳ
657 4134 758 4222 ἐκείνη,
791 4135 841 4198 καί
864 4135 961 4197 Δαυίδ
981 4130 1179 4220 τὸνβασιλέα
1200 4132 1315 4212 αὐτῶν,
1346 4136 1399 4200 καί

154 4204 229 4281 λέγει
240 4231 353 4292 κυριος,
379 4208 495 4274 καλέσει
513 4238 548 4293 με
567 4210 584 4276 ὁ
603 4211 677 4298 ανήρ
690 4240 759 4293 μου,
791 4214 984 4300 ἐκστήσονται
1006 4219 1057 4281 ἐπὶ
1079 4221 1123 4299 τῷ
1144 4223 1247 4304 κυρίῳ,
1274 4221 1325 4283 καί
1346 4219 1398 4282 ἐπί

153 4291 204 4351 καὶ
214 4286 250 4351 ού
266 4287 379 4352 καλέοει
391 4314 425 4370 με
442 4295 486 4354 ἐτι
499 4294 645 4377 Βααλείμ.
670 4298 697 4337 ¹⁷
709 4300 760 4360 καί
791 4311 853 4374 τοῖς
866 4299 996 4375 ἀγαθοῖς
1016 4299 1113 4366 αὐτοῦ
1131 4300 1174 4364 ἐπ’
1191 4298 1324 4385 ἐσχάτων
1337 4306 1399 4367 τῶν

153 4372 251 4459 ἐξαρῶ
272 4368 311 4436 τά
331 4368 467 4455 ὀνόματα
485 4379 546 4438 τῶν
565 4377 704 4460 Βααλεὶμ
726 4382 758 4442 ἐκ
774 4386 776 4431 ί
791 4381 909 4467 ήμερῶν.

154 4450 300 4538 στόματος
322 4454 429 4542 αύτής,
447 4460 496 4523 καί
510 4456 547 4522 ού
561 4458 601 4545 μή
614 4468 758 4546 μνησθῶ·
774 4458 776 4525 λ

1318 4557 1395 4631 Κεφ.
