2924 4972
387 225 615 287 σῖοιοτ
653 218 996 306 mmmm&
1267 230 1310 293 95

61 319 1303 339 ...........-.........--..-.---.......-..-

59 367 133 429 χεων
143 348 235 426 μῆκος
253 347 307 425 τῆς
325 340 454 416 αὐλαίας
471 344 523 424 της
533 345 609 422 μιᾶς.
633 336 671 404 τὸ
704 342 899 438 ωκλωσμίνης
916 339 1008 403 εἴκοσι
1020 336 1136 443 πήχεων
1157 339 1194 406 τὸ
1210 346 1309 426 μῆκος,

61 423 139 491 αὐτὸ
153 419 187 508 ἦν
197 419 319 500 πάσαις.
331 426 547 509 καίτέσσαρων
556 418 671 507 πήχεων
702 425 755 488 καί
770 421 808 486 τὸ
830 421 909 504 ῦψος
932 423 983 486 καί
998 421 1035 486 τὸ
1054 447 1141 509 ευρσς
1155 427 1240 489 πέντε
1251 425 1293 490 π’

60 507 96 574 τὸ
110 498 194 593 εῦρσς
206 513 260 591 τῆς
272 507 399 582 αὐλαίας
415 512 467 589 τῆς
478 512 555 590 μιᾶς.
578 507 607 550 ³⁵
620 508 671 570 καί
702 530 774 592 χεων
792 501 972 588 ίξισούμενον
988 518 1052 582 τοῖς
1070 509 1174 582 ίστίοις
1190 513 1241 591 τῆς
1253 535 1311 574 αυ-

61 598 207 675 ἓποίησαν
229 591 266 655 τὸ
286 593 500 673 καταπέτασμα
519 594 552 668 ίξ
571 585 672 654 ύακίν-
704 591 763 673 λης.
787 584 1039 655 1’λκσιίοίστύλσι
1051 587 1153 654 αὐτῶν
1165 595 1311 677 τέσσαρες,

60 687 137 750 θου,
158 676 210 739 καί
221 670 394 760 πορφύρας,
415 677 466 738 καί
478 680 614 739 κοκκίνου
626 697 672 736 νε·
704 675 756 736 καί
767 675 801 736 αί
812 667 910 758 βάσεις
922 669 1024 736 αὐτῶν
1041 679 1182 759 τέσσαρες
1193 675 1312 759 χαλκαῖ,

60 762 208 842 νηομίνου,
220 760 272 822 καὶ
279 751 392 844 βύσσου
401 757 608 841 κωλυομένης,
621 758 672 841 έρ-
704 758 756 819 καί
774 757 809 818 αλ
826 751 952 832 άγιιύλαι
975 754 1076 821 αὐτῶν
1092 754 1236 844 ἇργυραῖ,
1261 762 1311 823 καί

58 866 112 919 μον
128 838 261 922 ῦφαντὸν
275 845 434 926 Χερουβίμ.
457 842 544 905 36καί
556 843 670 944 έπέθη-
704 842 739 903 αἱ
757 837 906 918 κεφαλίδες
928 835 1030 903 αὐτῶν
1044 845 1309 927 περιηρνυρονμίνιιι

59 948 115 989 καν
133 923 211 989 αὐτὸ
227 927 277 989 ἐπὶ
295 927 442 1010 τέσσαρας
455 922 580 999 στύλους
594 922 671 1008 ἀση-
704 920 847 1006 άργυρίῳ.
886 923 979 986 20καί
994 916 1101 1000 πάντες
1119 922 1311 991 οίπάσσαλοι

57 1034 152 1083 πτους
174 1033 283 1072 κατακε
320 1011 483 1090 υσωμένους
499 1011 531 1074 ἐν
546 1013 668 1094 χρυσίῳ.
703 1010 757 1090 τῆς
782 1001 875 1084 αὐλῆς
891 998 988 1086 κύκλῳ
1010 1005 1129 1089 χαλκοῖ,
1154 1009 1205 1072 καί
1221 1007 1313 1073 αιἰτολ

57 1094 110 1156 καὶ
122 1095 156 1155 αῖ
169 1091 274 1171 κεφαλί
290 1118 318 1166 ες
331 1090 433 1155 αὐτῶν
441 1103 560 1196 χρυσαῖ,
572 1094 625 1155 καί
636 1093 670 1154 αί
703 1088 965 1173 περιηρνυρωμένοι
978 1084 1116 1172 ύρνυρίῳ.
1133 1092 1159 1132 ²¹
1169 1094 1221 1156 καί
1232 1089 1311 1176 αῦτη

57 1172 157 1260 βάσεις
171 1172 273 1238 αὐτῶν
284 1178 423 1253 τέσσαρες
433 1185 571 1259 αργυραῖ.
584 1176 671 1237 3Ἰκαί
705 1167 723 1253 ἦ
737 1165 872 1245 σύνταξις
888 1172 940 1268 τῆς
957 1174 1060 1252 σκηνῆς
1071 1176 1126 1235 τοῦ
1139 1198 1180 1274 μα
1200 1181 1310 1259 τυρίον,

58 1262 202 1340 ἐποίησαν
218 1255 255 1321 τὸ
275 1259 494 1337 καταπέτασμα
510 1261 562 1339 τῆς
574 1251 673 1338 θύρας
705 1251 790 1318 καθά
803 1257 1090 1346 συνεταχηΜαυσῇ,
1115 1276 1169 1336 την
1215 1280 1312 1341 ιτουρ-

57 1347 112 1422 τῆς
139 1344 247 1421 σκηνῆς
274 1342 328 1402 τοῦ
344 1344 506 1423 μαρτυρίου
523 1341 553 1414 ἐξ
572 1335 673 1402 ῦακίν-
704 1343 773 1414 μίαν
794 1333 868 1400 είναι
888 1339 948 1398 τῶν
964 1340 1100 1399 Λευιτῶν
1117 1335 1167 1401 διά
1180 1333 1313 1425 Ἰθάμαρ

58 1435 141 1496 θου,
167 1423 220 1483 καὶ
231 1415 401 1506 πορφύρας,
418 1424 469 1484 καί
481 1427 615 1486 κοκκίνου
628 1446 671 1486 νε-
703 1423 760 1485 τοῦ
777 1423 844 1484 υίσῦ
861 1414 980 1504 Ἀαριῦν
999 1423 1058 1483 τοῦ
1074 1422 1182 1505 ίερέιος.
1219 1423 1314 1487 ”xm'

58 1505 214 1588 νησμένου,
228 1506 277 1566 καί
284 1499 395 1588 βύσσου
403 1504 606 1610 κεκλωσμενης,
620 1505 670 1609 ε”ρ-
702 1500 846 1587 Βεσελεηλ
870 1499 888 1567 ὁ
914 1506 970 1567 τοῦ
990 1500 1129 1587 Οῦρείου,
1159 1506 1192 1569 ίκ
1217 1505 1311 1591 φυλῆς

58 1611 115 1666 χον
141 1583 271 1666 ῦφαντόν
287 1592 446 1674 Χερσυβίμ.
484 1589 515 1630 ³⁸
528 1616 579 1653 και
599 1614 668 1666 τους
697 1580 813 1665 Ἰούδα,
835 1590 952 1671 ἐποίησε
964 1588 1049 1650 καθά
1064 1588 1200 1665 συνέταξε
1211 1583 1310 1674 κύριος

60 1666 184 1745 στύλους
204 1667 306 1734 αύτιῦν
321 1674 421 1748 πέντε,
445 1672 497 1736 καί
514 1669 585 1747 τοῦς
603 1679 667 1758 κρί-
700 1674 746 1755 τῷ
758 1674 889 1755 Μωυσῇ.
912 1671 942 1712 ²³
952 1671 1004 1734 καί
1015 1667 1120 1776 Ἐλιδβ
1131 1667 1150 1735 ὁ
1162 1674 1219 1735 τοῦ
1230 1669 1306 1757 Ἀχι-

58 1781 135 1829 κους.
161 1755 213 1818 καί
231 1752 285 1830 τάς
300 1755 459 1835 κεφαλίδας
477 1753 591 1832 αῦτιῦν,
616 1759 667 1821 καί
701 1750 814 1839 σαμάχ,
840 1756 873 1816 ἐκ
885 1753 979 1836 φυλῆς
990 1753 1071 1829 Δάν,
1096 1779 1130 1829 ος
1149 1750 1158 1774 ’
1179 1749 1310 1839 χιτεκτύ-

61 1837 115 1911 τὰς
148 1837 279 1920 ψαλίδας
313 1836 414 1903 αὐτῶν
442 1833 668 1924 κατεχρύσωοαν
699 1835 816 1922 νησετά
833 1832 951 1917 ῦφαντά
970 1836 1073 1902 καίτά
1086 1840 1158 1924 ραφι
1208 1835 1247 1903 τά
1259 1841 1309 1904 καί

62 1926 179 2005 χρυσίῳ.
216 1922 269 1986 καί
293 1926 328 1986 αῖ
349 1917 447 2008 βάσεις
464 1921 566 1987 αὐτοῖν
582 1927 667 1990 πέντε
699 1918 881 1997 πσικιλτικά,
908 1915 1019 2003 ῦφάναι
1043 1926 1088 2005 τῷ
1112 1929 1237 2007 κοκκίνην
1258 1922 1309 1987 καί

60 2003 174 2088 χαλκαῖ.
210 2008 282 2088 Cap.
293 2009 344 2081 38,
354 2030 382 2088 9.
395 2009 447 2072 καί
460 2009 603 2090 ἐποίησαν
614 2005 668 2093 την
700 2009 738 2099 τῇ
748 2001 860 2092 βύσσιρ
1302 2038 1304 2045 ·

61 2085 155 2169 αὐλὴν
166 2086 205 2152 τά
218 2085 295 2175 πρὸς
308 2089 391 2176 λίβα,
417 2094 498 2155 ἱστία
510 2094 563 2175 τῆς
575 2090 669 2173 αύλῆς
964 2095 998 2154 K
1002 2097 1032 2154 Ε
1038 2094 1077 2153 (ί).
1099 2085 1190 2154 AH'.

61 2175 93 2234 ἐκ
122 2165 235 2257 βύσσου
263 2172 459 2256 κεκλεισμένης
489 2173 596 2238 ἑκατὸν
621 2175 665 2257 ἐφ’
702 2136 957 2255 Cap.37,1.Kal
968 2175 1088 2256 ἐποίησε
1096 2171 1245 2257 Βεσελείχλ
1255 2169 1308 2274 την

60 2250 175 2319 ἑκατόν.
194 2257 285 2320 10καί
297 2259 328 2319 οἶ
343 2252 444 2321 στύλοι
458 2254 557 2321 αύτῶν
568 2258 669 2335 εἴκοσι,
702 2254 841 2342 κιβωτὸν,
879 2257 958 2320 2καί
981 2253 1199 2341 κατεχρύσωσεν
1217 2252 1309 2339 αύτην

59 2339 113 2401 καί
128 2341 161 2400 αί
174 2332 270 2422 βάσεις
282 2337 383 2403 αὐτῶν
395 2340 492 2404 εἴκοσι.
531 2344 557 2382 ¹¹
569 2344 620 2405 καί
631 2341 669 2406 τὸ
702 2343 810 2423 χρυσίῳ
835 2344 965 2423 καθαρῷ
987 2342 1100 2403 ἔσωθεν
1118 2343 1170 2404 καὶ
1185 2343 1307 2416 ἔξωθεν.

60 2421 162 2493 κλίτος
173 2417 209 2482 τὸ
222 2417 297 2506 πρὸς
308 2423 419 2505 βοῤῥᾶν
429 2417 536 2486 ἑκατὸν
545 2421 587 2499 ἐφ’
601 2426 672 2487 ἕκα-
703 2423 778 2483 3καί
790 2415 942 2504 ἐχιύνευσεν
955 2418 1032 2510 αὐτῇ
1043 2423 1191 2522 τέσσαρας
1200 2425 1307 2486 δακτυ-

57 2498 125 2566 τόν.
143 2502 195 2564 καί
205 2502 241 2564 τὸ
254 2503 352 2575 κλίτος
365 2501 400 2565 τὸ
414 2502 490 2586 πρὸς
513 2499 613 2582 νάιον,
639 2509 672 2570 ί-
705 2502 785 2574 λίους
809 2505 943 2584 χρυσοῦς.
969 2496 1022 2564 δύο
1042 2504 1092 2563 ἐπί
1107 2527 1143 2565 το
1160 2503 1258 2576 κλίτσς
1273 2502 1309 2566 τὸ

61 2581 158 2649 κακὸν
175 2580 219 2664 ἐφ’
242 2579 356 2647 ἑκατόν.
382 2585 434 2648 καί
451 2586 482 2648 ol
497 2580 599 2650 στύλοι
617 2585 672 2650 αῦ-
706 2590 751 2660 ἓν,
771 2588 822 2648 καί
834 2578 888 2646 δύο
901 2584 951 2646 ε’πί
962 2581 998 2646 τὸ
1011 2581 1110 2658 κλίτος
1122 2579 1157 2648 τὸ
1170 2579 1310 2670 δεύτερον,

61 2673 125 2732 τιῦν
137 2667 234 2744 εἴκοσι,
246 2669 298 2733 καί
310 2670 345 2731 αί
354 2663 451 2754 βάσεις
463 2666 563 2732 αὐτῶν
574 2669 669 2736 εἴκοσι.
705 2669 719 2711 ⁶
732 2666 823 2773 εύρεῖς
839 2677 902 2741 τοῖς
919 2667 1106 2752 διωστῆρσιν,
1132 2663 1203 2742 ιύςτε
1221 2672 1258 2734 αἴ
1272 2695 1309 2733 ειν

60 2756 89 2795 ¹²
103 2753 154 2815 καί
178 2751 214 2814 τὸ
241 2751 339 2826 κλίτος
355 2751 391 2816 τὸ
410 2751 486 2837 πρὸς
509 2749 670 2820 θάλασσαν
703 2749 796 2835 αῦτην
807 2754 839 2815 ἔν
850 2749 961 2826 αὐτοῖς.
977 2752 1050 2816 ὁκαί
1063 2754 1179 2837 ἐποίησε
1191 2752 1228 2818 τὸ
1242 2758 1253 2818 ί
1292 2795 1308 2806 -

61 2832 185 2899 αύλαῖαι
209 2830 391 2920 πεντήκοντα
414 2831 536 2921 πήχεων.
567 2833 669 2904 στύλοι
701 2832 819 2922 στηριον
831 2830 983 2900 ἰπάνωθεν
995 2841 1047 2921 τῆς
1056 2840 1185 2940 κιβωτοῦ
1195 2840 1226 2901 ἐκ
1238 2864 1306 2924 χρυ-

60 2915 161 2982 αὐτῶν
172 2920 252 2994 δέκα,
265 2921 316 2982 καί
328 2923 362 2983 αἶ
372 2915 469 3006 βάσεις
479 2918 579 2985 αῦτῶν
587 2923 665 2987 δέκα.
701 2926 767 2984 σίου
779 2925 927 3003 καθαροῦ,
948 2922 961 2963 ⁷
974 2923 1026 2983 καί
1037 2944 1109 2995 τους
1120 2915 1175 2984 δύο
1192 2927 1306 3002 Χερου-

32 3079 36 3084 ,
60 3001 88 3041 ¹³
101 3004 152 3065 καί
175 3000 211 3066 τὸ
235 3002 334 3078 κλίτος
358 2999 394 3069 τά
418 3002 494 3089 πρὸς
518 3002 667 3083 ἀνατολάς
699 3006 749 3089 βὶμ
772 3009 903 3091 χρυσοῦς.
944 3000 1096 3089 θΧερούβ
1121 3008 1172 3067 ἕνα
1196 3005 1247 3067 cni
1271 3001 1307 3068 τὸ

58 3080 240 3168 πεντήκοντα
255 3082 385 3171 πήχεων,
409 3091 491 3153 ίστία
524 3089 665 3155 14πεντε-
699 3085 791 3171 άκρον
802 3092 857 3152 τοῦ
871 3087 1044 3170 ίλαοτηρίου
1057 3086 1093 3151 τὸ
1107 3094 1153 3165 ἓν,
1178 3089 1230 3152 καὶ
1244 3094 1306 3151 Χε-

56 3171 178 3233 καίδεκα
189 3174 291 3254 πηχῶν
302 3170 339 3234 τὸ
352 3168 430 3235 κατά
442 3165 546 3236 νιύτου.
571 3177 622 3238 καί
634 3177 666 3239 οί
697 3174 772 3258 ροῦβ
788 3177 839 3236 ἕνα
852 3172 902 3235 ἐπί
913 3169 949 3234 τὸ
963 3172 1055 3255 άκρον
1066 3175 1123 3236 τοῦ
1135 3172 1306 3258 ίλαοτηρίου

56 3246 161 3316 στῦλοι
175 3251 275 3316 αιἰτιῦν
286 3264 371 3339 τρεῖς,
388 3257 439 3318 καὶ
451 3259 485 3318 αἱ
496 3250 594 3341 βάσεις
608 3256 665 3322 αὐ·
697 3251 734 3318 τὸ
747 3251 879 3339 δεύτερον
899 3256 915 3295 ⁰
926 3252 1081 3329 σκιάζοντα
1093 3266 1159 3328 ταῖς
1170 3257 1306 3336 πτέρυξιν

54 3338 117 3399 ταῖν
129 3348 214 3417 τρεῖς.
251 3337 278 3377 ¹⁵
290 3338 342 3399 καί
358 3339 408 3400 ἐπὶ
425 3343 479 3403 τοῦ
497 3333 592 3404 νιύτου
608 3345 666 3405 τοῦ
698 3336 798 3402 αὐτῶν
810 3339 859 3400 ἐπὶ
871 3335 906 3399 τὸ
917 3332 1095 3420 ἱλαστήριον.
1109 3339 1194 3400 10καί
1204 3342 1306 3420 ἰποίη·

54 3420 194 3498 δευτέρου
208 3421 290 3479 ἔνθεν
301 3420 352 3481 καί
364 3421 447 3482 ἐνθεν
456 3417 533 3484 κατά
543 3421 596 3505 τίχν
605 3419 664 3487 πύ-
698 3446 728 3486 σε
740 3418 795 3503 τὴν
807 3413 955 3504 τράπεζαν
966 3418 1019 3502 την
1029 3422 1216 3502 προκειμένην
1237 3425 1262 3462 ¹¹
1274 3423 1305 3483 ἐκ

53 3501 110 3586 λην
123 3504 176 3580 τῆς
194 3496 299 3602 αύλῇς,
326 3497 446 3564 αὐλαῖαι
463 3507 664 3570 πεντεκαίδεκα
696 3509 816 3608 χρυσίου
841 3505 997 3586 καθαροῦ,
1034 3503 1062 3543 ¹³
1077 3503 1128 3564 καί
1157 3500 1307 3585 ε’χιένευσεν

52 3581 180 3687 πιβχεων.
208 3583 309 3649 στῦλοι
332 3579 432 3647 αύτῦν
447 3596 538 3667 τρεῖς,
563 3590 614 3650 καί
632 3593 665 3651 αί
697 3591 776 3670 αυτῆ
799 3589 943 3672 τέσσαρας
966 3583 1153 3660 δακτυλίους,
1179 3578 1233 3650 δύο
1256 3587 1306 3650 ἐπί

52 3672 155 3753 βασεις
173 3665 274 3731 αῦτιῦν
291 3677 374 3753 τρεῖς.
401 3669 429 3710 ¹⁰
441 3671 536 3732 πᾶσαι
559 3671 593 3731 αί
610 3668 666 3732 αύ-
697 3661 881 3744 τοῦκλίτσυς
893 3672 949 3734 τοῦ
962 3665 1039 3746 ἑνὸς,
1057 3668 1108 3733 καὶ
1121 3662 1174 3733 δύο
1187 3670 1238 3734 έπί
1251 3673 1303 3734 τοῦ

53 3754 139 3816 λαίαι
152 3755 203 3834 τῆς
217 3756 321 3834 σκηνῆς
334 3755 365 3815 ἐκ
377 3746 490 3836 βύσσου
503 3751 665 3835 κεκλωομέ-
699 3745 813 3827 κλίτους
824 3756 880 3817 τοῦ
892 3754 1041 3838 δευτέρου,
1066 3753 1096 3796 ¹¹¹
1110 3751 1215 3839 εῦρείς,
1232 3749 1303 3830 ῦίςτε

53 3861 113 3920 της.
139 3837 230 3898 17καὶ
247 3839 280 3899 αἶ
291 3836 389 3922 βάσεις
401 3840 463 3899 τῶν
475 3831 593 3900 στύλων
608 3833 665 3900 αδ·
698 3835 789 3942 αἴρειν
800 3845 863 3910 τοῖς
874 3836 1044 3921 διωστῆρσα
1057 3838 1087 3900 ίν
1097 3834 1206 3914 αὐτοῖς.
1220 3840 1300 3902 15καί

52 3923 116 3984 τῶν
139 3918 262 4003 χαλκαῖ,
289 3921 340 3983 καὶ
365 3923 398 3983 αί
417 3915 542 3996 άγκῦλαι
563 3917 665 3984 αύτιῦν
696 3944 765 3998 τους
790 3919 952 4002 διωστῆρας
967 3925 1019 4004 τῆς
1036 3923 1164 4027 κιβωτοῦ
1181 3923 1232 3987 καί
1250 3927 1302 4006 της

53 4002 193 4090 ἀργυραῖ,
219 4003 271 4066 καὶ
288 4007 323 4067 αῖ
335 4004 484 4084 κεφαλίδες
498 4001 661 4069 αύτιῦνπε·
695 4006 840 4110 τραπέζης
863 4005 994 4087 ἐποίησε,
1020 4031 1071 4068 και
1088 4004 1301 4092 κατεχρύσωσεν

52 4090 285 4171 ριηργυρωμέναι
299 4085 439 4173 ἀργυρίῳ,
453 4090 503 4151 καί
516 4085 661 4154 οίστύλοι
695 4087 805 4164 αυτούς
832 4094 953 4173 χρυσίῳ.
992 4088 1088 4153 16καί
1116 4093 1235 4173 ἐποίησε
1261 4115 1301 4155 τα

52 4173 318 4254 περιηργυροιμίνοι
345 4167 475 4253 ἀργυρίῳ
499 4167 607 4247 πάντες
632 4177 663 4237 οί
695 4167 780 4255 σκεύη
791 4176 843 4255 τῆς
855 4174 1009 4258 τραπέζης,
1018 4198 1058 4238 τα
1070 4199 1100 4238 τε
1109 4175 1241 4259 τρυβλία,
1251 4177 1301 4238 καί

54 4250 158 4319 στῦλοι
172 4258 225 4337 τῆς
242 4252 342 4400 αύλης.
368 4247 461 4318 18καί
478 4250 513 4319 τὸ
531 4259 663 4321 καταπέ-
693 4255 748 4331 τὰς
759 4259 898 4335 θυΐσκας,
924 4260 975 4322 καί
991 4259 1062 4331 τοῦς
1080 4256 1225 4331 κυάθους,
1250 4259 1300 4320 καί

55 4363 157 4419 εασμα
181 4342 234 4421 ’τῆς
258 4336 300 4401 πῦ
321 4364 353 4420 ης
382 4341 435 4420 τῆς
460 4336 552 4422 αὐλῆς
577 4343 664 4423 ἔργον
693 4340 732 4402 τά
746 4342 902 4416 σπονδεῖα,
922 4341 1009 4414 ένοῖς
1022 4345 1131 4404 σπείσει
1145 4337 1299 4412 ίναῦτοῖς,

52 4419 209 4484 ποικιλτοῦ
221 4423 251 4496 ἐξ
264 4417 418 4496 ὑακίνθου,
431 4423 482 4485 καί
494 4421 661 4507 πορφύρας,
693 4428 795 4508 χρυσῦ.
821 4424 913 4487 11καί
937 4427 1055 4503 ἐποίησε
1072 4420 1126 4501 τὴν
1144 4420 1260 4504 λυχνίαν
1281 4414 1300 4499 ἢ

50 4505 104 4569 καί
126 4509 262 4568 κοκκίνου
280 4506 461 4586 νενησιιίνου,
486 4507 537 4567 καί
553 4501 662 4591 βύσσου
694 4511 825 4588 φωτίζει,
843 4509 967 4590 χρυσῆν,
987 4501 1105 4586 στερεὰν
1116 4503 1170 4564 τὸν
1183 4499 1300 4599 καυλὸν,

1250 4607 1297 4645 και
