2924 4972
179 230 244 292 770
533 223 568 278 H
579 220 649 280 ΣΑ
666 223 685 279 ί
688 220 723 279 Α
735 224 767 279 Σ
807 224 883 295 Κεφ.
897 212 929 278 ι’.
943 215 978 291 ς’.
991 218 1022 280 5.
1035 217 1064 280 6.

173 334 310 422 ἐγενήθη,
323 334 373 401 διά
387 334 424 399 τὸ
434 333 474 417 μή
488 335 592 398 είδέναι
606 332 718 410 αύτούς
728 332 781 400 τὸν
813 329 967 410 νάσουοιν,
984 332 1055 399 οῦδὲ
1066 335 1267 412 κοπιάοουσιν,
1284 334 1358 402 οῦδὲ
1371 362 1421 401 νυ-

171 423 283 506 κύριον.
310 422 360 483 καὶ
376 417 500 500 πλῆθος
520 413 647 502 ἐγενήθη
664 423 781 502 νεκρῶν,
813 411 986 494 στάξουσιν,
1006 416 1077 482 ούδέ
1089 413 1340 502 κοιμηθήσονται,
1352 420 1422 486 οῦδὲ

175 506 223 570 διὰ
249 503 332 585 λιμὸν
349 505 402 566 καί
419 501 511 586 δίψος
532 497 648 575 ύδατος.
686 500 783 565 14καί
813 496 937 566 λύσουσι
962 500 1018 576 τάς
1043 496 1139 579 ζάνας
1161 500 1265 567 αὐτῶν
1283 502 1351 568 άπὸ
1369 509 1423 589 τῆς

174 587 335 652 ἐπλάτυνεν
352 580 370 650 ὁ
387 581 462 669 ᾅδης
477 581 533 667 τήν
550 581 650 668 ψυχήν
674 581 782 660 αὐτοῦ,
814 579 925 689 ῦσηύος
948 583 1066 662 αὐτῶν,
1091 583 1163 649 οῦδὲ
1184 584 1225 669 μή
1245 589 1373 669 ῥαγῶσιν
1391 592 1424 653 οἱ

174 674 225 735 καί
236 666 365 753 διήνοίξε
375 669 411 732 τό
426 663 523 750 στόμα
537 666 635 731 αὐτοῦ
639 715 649 742 ,
673 672 730 732 τοῦ
741 666 781 752 μή
814 673 929 750 ίμαντες
935 671 998 732 τῶν
1008 664 1208 751 ὑποδημάτων
1216 669 1326 735 αῦτιῦν.
1335 671 1369 714 ²⁸
1376 661 1423 736 ὧν

175 753 327 819 διαλιπεῖν.
354 754 406 816 καὶ
418 746 638 837 καταβήσονται
652 753 685 815 οί
697 752 781 816 ι”νδο-
815 749 852 815 τά
869 751 942 837 βέλη
962 748 1034 828 ὀξέα
1050 754 1128 825 ε’στί,
1152 753 1206 817 καί
1221 751 1262 816 τὰ
1274 753 1349 829 τόξα
1362 754 1423 819 αύ-

173 840 219 914 ξοι
232 838 284 901 καί
296 840 327 901 οἳ
338 832 460 918 μεγάλοι
472 837 525 898 καί
536 838 568 898 ολ
579 829 721 899 πλούσιοι
730 836 782 899 καί
814 837 874 898 τῶν
886 837 1073 918 ἐντεταμένα.
1099 838 1131 899 οἱ
1143 831 1231 911 πόδες
1243 840 1306 902 τιῦν
1316 841 1424 901 ’ίππων

174 925 204 984 οί
221 920 319 1001 λοιμοὶ
337 917 438 1001 αῦτής.
477 918 505 960 ¹⁶
518 921 568 982 καί
592 915 782 1001 ταπεινωθή-
813 915 966 993 αῦτιῦνὼς
983 919 1085 1001 στερεά
1095 919 1195 1003 πίτρα
1206 918 1424 1004 ἐλογίσθησαν.

173 1029 256 1069 σεται
275 1003 448 1087 ἄνθρωπος.
474 1002 527 1065 καί
547 997 780 1086 άτιμασθήσεται
813 1005 845 1066 ολ
868 1002 971 1087 τροχοί
994 1006 1056 1065 τοῖν
1077 998 1221 1086 ἁρμάτων
1246 1000 1351 1067 αὐτῶν
1381 1002 1426 1078 ὡς

174 1080 257 1171 ῦνήρ.
296 1089 348 1151 καί
369 1089 401 1150 οἶ
419 1083 575 1166 ὀφθαλμοί
593 1087 625 1148 οί
640 1088 781 1170 μετέωροι
811 1092 954 1162 καταιγίς.
980 1086 1011 1128 ²⁹
1026 1082 1168 1170 δργιοῦστν
1181 1082 1356 1161 ὡςλέοντες,
1370 1089 1427 1151 καλ

172 1165 461 1254 ταπεινωθήσονται.
479 1167 568 1231 10καί
581 1161 781 1271 ὑψωθήσεται
811 1169 1003 1251 παρέστηκαν
1021 1165 1063 1243 ῦς
1079 1164 1201 1252 σκύμνοι
1214 1168 1342 1244 λέοντος.
1369 1173 1426 1235 καί

172 1250 273 1335 κύριος
287 1250 419 1338 σαβαάθ
432 1255 463 1316 ἐν
474 1255 602 1336 κρίματι,
616 1253 666 1315 καί
678 1276 696 1314 ο
710 1249 782 1326 θεὸς
812 1253 878 1315 ἐπιλ
889 1247 1000 1334 ’ψετος
1012 1254 1064 1317 καί
1074 1247 1174 1338 βοήσει
1185 1248 1358 1336 όνςθηρίον,
1372 1258 1426 1318 καί

174 1331 297 1416 όέίγιος
313 1331 532 1419 δοξασθήσεται
551 1337 582 1399 δν
599 1331 780 1418 δικαιοσύνη.
813 1336 884 1420 έκβα
915 1345 937 1410 ί,
951 1335 1166 1400 καίούκέσται
1179 1332 1199 1398 ὁ
1212 1331 1353 1421 ῥυόμενος
1366 1337 1425 1401 αῦ-

174 1420 259 1485 17καί
269 1413 513 1505 βοσκηθήσονται
526 1422 558 1482 οἱ
569 1406 787 1502 διηρπασμένδι·
813 1414 889 1494 τούς.
906 1419 938 1462 ³⁰
947 1419 999 1482 καί
1008 1413 1111 1525 βοήσει
1124 1417 1158 1483 δι’
1174 1415 1285 1494 αύτούς
1297 1423 1336 1513 τῇ
1351 1416 1424 1503 ήμέ-

175 1499 216 1578 ὥς
230 1509 346 1588 ταύρω,
359 1502 411 1566 καί
422 1500 477 1576 τάς
489 1501 612 1586 ἐρήμους
623 1506 685 1567 τῶν
697 1500 782 1565 ἄπει·
813 1527 853 1586 ρηι
867 1504 974 1596 ἐκείνη,
994 1527 1036 1577 ως
1048 1500 1133 1587 φωνή
1145 1497 1305 1585 θαλάσσης
1318 1529 1425 1585 κυμσι.

174 1586 327 1670 λημμένιυν
343 1584 427 1670 άρνες
440 1581 598 1665 φάγονται.
623 1585 653 1628 ¹⁸
666 1585 738 1649 οὐαί
751 1588 782 1648 οἶ
813 1581 928 1668 νούσης.
954 1585 1006 1650 καί
1023 1585 1223 1672 ἔμβλέηιοντοι
1235 1589 1275 1660 εἰς
1289 1584 1346 1667 τήν
1356 1592 1424 1672 γῆν,

173 1665 372 1752 ἐπισπόμενοι
385 1665 438 1742 τὰς
451 1663 599 1750 ἁμαρτίας
611 1661 653 1741 ιῦς
663 1673 781 1752 σηοινίῳ
813 1670 864 1732 καί
881 1668 946 1734 ἰδού
967 1663 1075 1745 σκότος
1091 1665 1217 1754 σκληρόν
1233 1672 1266 1733 ἐν
1283 1673 1321 1760 τῇ
1339 1667 1423 1735 άπο-

173 1756 289 1837 μακρῷ,
300 1753 351 1816 καί
360 1747 401 1826 ὥς
414 1752 503 1828 ζυγοῦ
517 1745 615 1833 ἱμάντι
628 1746 782 1856 δαμάλεως
813 1758 864 1838 ρίᾳ
882 1750 992 1818 αῦτοῦν.

174 1832 231 1910 τάς
243 1835 375 1919 ἀνομίας.
402 1835 430 1877 ¹⁹
445 1838 475 1898 οί
487 1832 629 1913 λέγοντες,
641 1860 679 1899 το
692 1831 783 1920 τάχος
1006 1841 1042 1902 Κ
1052 1842 1082 1900 Ε
1095 1841 1134 1901 Φ.
1177 1832 1219 1913 ς’.

174 1914 322 1996 ἐγγιοάτω
335 1916 357 1982 οἳ
370 1912 503 2002 ποιήσει,
527 1923 576 1981 Ιι’να
592 1919 704 2000 ἴδωμεν.
731 1921 782 1982 καί
812 1885 895 1984 Καὶ
905 1922 1022 1998 ἐγένετο
1033 1925 1090 1985 τοῦ
1101 1923 1239 1986 ἐνιαυτοῦ
1248 1911 1287 1985 ού
1296 1915 1426 1986 άπέθα-

174 2001 298 2069 ἐλθάτω
318 1997 338 2085 ή
355 1998 451 2082 βουλή
468 2005 523 2065 τοῦ
541 1998 629 2078 άγίου
652 2001 782 2106 Ἰσραήλ,
812 2027 857 2068 νεν
867 2002 967 2081 Ὀζίας
979 1999 998 2069 ὅ
1004 2002 1157 2152 βμσιλεύς,
1171 2003 1248 2069 εἶδον
1257 2000 1312 2071 τὸν
1319 2002 1425 2090 κύριον

173 2089 225 2151 ίνα
237 2089 355 2169 γνοῖμεν.
370 2081 477 2148 20οῦαί
489 2087 521 2148 οί
533 2081 666 2162 λέγοντες
677 2108 714 2148 το
722 2110 782 2150 πο·
813 2082 980 2171 καθήμενον
1044 2090 1055 2152 ί
1083 2085 1200 2152 θοόνου
1226 2082 1347 2173 ῦψηλοῦ
1370 2091 1425 2152 καί

175 2165 265 2253 νηρδν
283 2167 391 2243 καλὸν,
417 2170 468 2232 καί
485 2167 523 2231 τό
536 2166 629 2233 καλὸν
640 2167 782 2254 πονηρόν,
813 2174 986 2255 ἐπηρμένου.
1000 2171 1051 2236 καί
1062 2149 1423 2257 πλήρηςόολκοςτήςδύ-

176 2255 208 2319 οί
232 2254 364 2327 τιθέντες
388 2249 425 2315 τὸ
453 2246 558 2326 σκότος
575 2256 654 2333 (μῦς,
679 2250 783 2317 καὶτὸ
813 2257 863 2337 ξης
875 2254 980 2320 αὐτοῦ.
998 2257 1228 2343 2νιαίΣεραφίμ
1240 2251 1423 2339 είστήκεισαν

176 2340 241 2418 φῶς
266 2329 388 2410 σκότος,
415 2337 448 2398 οῖ
468 2338 599 2410 τιθέντες
621 2333 659 2399 τό
676 2333 783 2419 πικρόν
813 2334 913 2419 κύκλῳ
940 2336 1052 2414 αῦτοῦ,
1079 2342 1112 2416 ἐξ
1135 2342 1279 2426 πτέρυγες
1303 2342 1349 2422 τῷ
1366 2340 1422 2414 ἑνί,

176 2417 284 2498 γλυκύ,
310 2420 362 2483 καί
377 2415 413 2484 τὸ
426 2417 518 2496 γλυκύ
530 2415 646 2502 πικρόν.
673 2421 699 2461 ²¹
713 2419 784 2486 οῦαί
814 2423 864 2485 καί
881 2423 915 2498 θξ
929 2425 1072 2509 πτέρυγες
1088 2428 1132 2507 τῷ
1149 2425 1201 2488 ἑνί.
1228 2423 1281 2487 καί
1291 2434 1356 2497 ταῖς
1367 2421 1423 2505 μέν

177 2506 206 2568 οί
220 2504 332 2568 συνετοί
344 2507 375 2567 έν
387 2503 514 2579 ἑαυτοῖς,
528 2504 578 2566 καί
591 2498 716 2567 ἐνώπιον
727 2501 783 2568 αῦ-
813 2505 880 2568 δυσί
915 2502 1143 2573 κατεκάλυπτον
1176 2504 1213 2570 τὸ
1247 2501 1420 2589 πρόςωπον.

176 2591 238 2651 τῶν
250 2583 450 2670 ἐπιστήμονες.
468 2588 499 2627 ²²
511 2585 582 2651 οὐαί
595 2590 626 2650 ol
640 2581 784 2671 ἰσχύοντες
815 2599 880 2664 ταῖς
899 2587 931 2653 δὲ
949 2591 1017 2654 δυσὶ
1037 2586 1259 2654 κατεκάίιυττον
1276 2587 1347 2660 τούς
1359 2586 1421 2653 πό-

177 2667 273 2752 ῦμιῦν,
299 2674 332 2734 οἶ
349 2676 481 2744 πίνοντες
500 2668 554 2735 τόν
572 2669 664 2747 οἶνον,
690 2673 783 2735 καίοί
814 2672 875 2747 δας.
904 2675 956 2737 καί
972 2685 1038 2751 ταῖς
1055 2673 1303 2738 δυοὶνέπέταντο.
1339 2671 1422 2735 3καί

176 2750 320 2817 δυνάσται
350 2757 381 2817 οί
405 2757 589 2837 κεραννύντες
614 2752 649 2818 τὸ
674 2760 782 2838 σίκερα,
814 2758 1076 2841 ἐκέκραγενέτερος
1085 2754 1349 2842 πρὸςτὸνέτερον,
1370 2756 1423 2818 καί

175 2837 204 2878 ²³
218 2841 248 2899 οί
261 2838 439 2908 δικαιοῦντες
457 2831 509 2899 τὸν
522 2835 611 2920 άοεβή
624 2834 783 2902 ἕνεκενδσύ-
813 2839 931 2918 ἔλεγον,
956 2835 1038 2917 άγιος
1054 2838 1138 2916 άγιος
1155 2836 1239 2917 άγιος
1249 2836 1350 2923 κύριος
1364 2862 1420 2902 σα-

177 2943 252 3005 ρων,
275 2920 327 2984 καί
343 2916 380 2982 τὸ
397 2919 513 2982 δίκαιον
530 2927 586 2983 τοῦ
599 2920 716 2985 δικαίου
734 2922 783 2986 αἴ-
811 2921 918 3007 βαώθ,
943 2919 1059 3008 πλήρης
1072 2927 1160 2986 πᾶσα
1177 2918 1195 3003 ή
1211 2926 1251 3004 γή
1267 2926 1321 3002 τῆς
1333 2917 1420 3001 δόξης

177 3027 285 3082 ροντες.
312 3001 344 3044 ²⁴
357 3001 406 3066 διά
425 3005 517 3066 τοῦτο
536 2997 571 3068 δν
583 2998 697 3088 τρόπον
710 3031 783 3069 καυ-
814 3003 920 3070 αῦτοῦ.
958 3007 1037 3070 *καί
1051 2999 1172 3095 ἐπήρθη
1189 3002 1225 3066 τὸ
1243 3000 1421 3108 ὑπέρθυρον

178 3083 300 3168 θήσεται
312 3081 430 3168 καλάμη
442 3082 502 3149 ὑπὸ
512 3083 781 3173 άνθρακοςπυρὸς,
814 3086 875 3154 άπὸ
892 3092 1052 3173 τῆςφωνῆς
1068 3079 1102 3170 ἧς
1118 3088 1292 3165 ἐνέτραγον,
1329 3111 1381 3148 και
1400 3082 1419 3150 δ

175 3170 225 3232 καλ
242 3167 477 3251 συγκαυθήσεται
497 3168 557 3232 ύπό
574 3167 687 3249 σλογός
705 3173 782 3238 άνει-
813 3170 894 3245 οἶκος
907 3169 1012 3274 ε’νεπλή
1056 3172 1211 3275 ηκαπνοῦ.
1227 3169 1245 3215 ⁵
1260 3170 1312 3234 καί
1325 3167 1419 3235 εἶπον.

174 3255 274 3338 μένης,
300 3249 403 3337 ἦρ’ίζα
421 3251 521 3316 αῦτιῦν
533 3249 574 3327 ὡς
591 3259 677 3336 χνοῦς
690 3259 782 3335 ἔσται,
812 3250 941 3328 άτάλας
953 3257 1026 3331 ἐγω,
1052 3277 1099 3317 οτι
1111 3253 1346 3335 κατανένυγμαι,
1373 3249 1419 3317 ὅτι

175 3337 226 3403 καί
251 3333 287 3402 τό
312 3334 406 3411 άνθος
424 3333 540 3411 αὐτῶν,
566 3332 606 3412 ὡς
628 3339 782 3423 κονιορτός
812 3335 973 3422 ἄνθρωπος
999 3335 1057 3415 ιῦν,
1084 3338 1136 3401 καί
1154 3332 1323 3423 ἀκάθαρτα
1340 3336 1419 3422 χείλη

175 3416 360 3510 ἀναβήσεται.
382 3418 420 3486 ού
430 3418 489 3506 γάρ
503 3417 655 3504 ήθελησαν
668 3421 719 3487 τὸν
730 3420 781 3489 νό-
813 3424 899 3506 έχων,
924 3423 1052 3504 ἐνμέσῳ
1066 3419 1143 3485 λαοῦ
1162 3417 1330 3507 ἀκάθαρτα
1340 3419 1419 3504 χείλη

173 3530 230 3586 μον
247 3511 351 3590 κυρίου
370 3503 511 3591 σαβαώθ,
537 3502 617 3569 άλλά
629 3501 666 3570 τό
679 3503 781 3583 λόγιον
814 3508 929 3590 ἔχοντος
940 3502 999 3584 έγύν
1010 3509 1096 3578 οἰκῶ,
1107 3507 1160 3569 καί
1171 3503 1357 3593 τὸνβασιλέα
1365 3498 1418 3566 κύ-

174 3591 230 3651 τοῦ
243 3584 331 3663 ἁγίου
340 3584 463 3673 Ἰσραήλ
474 3584 662 3671 παρώξυναν.
688 3592 717 3632 ²⁵
730 3593 781 3654 καί
813 3614 879 3674 ριον
905 3589 1038 3676 σαβαώθ
1062 3586 1139 3653 εἶδον
1163 3600 1227 3663 τοῖς
1247 3585 1418 3669 ύφθῠλμοῖῖ

174 3667 322 3755 ἐθυμώθη
333 3669 407 3764 ὀργῇ
419 3667 517 3757 κύριος
527 3669 781 3820 σαβαυῦθίπίτδν
811 3696 879 3754 μου.
899 3674 923 3759 ,θ
935 3676 986 3737 καί
1002 3670 1158 3757 ἀπεστάλη
1170 3670 1246 3757 πρὸς
1260 3669 1298 3752 μέ
1314 3674 1346 3731 ἓν
1356 3672 1419 3730 τοῖν

173 3750 247 3817 λαὸν
266 3754 376 3829 αὐτοῦ,
403 3757 453 3819 καί
472 3757 564 3839 ίπέβα
585 3780 597 3819 ε
621 3753 675 3838 τήν
698 3768 781 3844 χεῖρα
811 3757 1114 3848 Σεραφίμ,καίέντῇ
1143 3758 1197 3838 ειρί
1210 3753 1279 3855 εζχεν
1295 3749 1419 3835 άνθρα-

173 3834 218 3899 ἐπ’
233 3833 353 3913 αύτούς,
367 3842 418 3902 καὶ
432 3834 577 3914 ἐπάταξεν
590 3836 708 3915 αύτούς.
729 3842 780 3905 καί
811 3865 860 3915 κα,
885 3837 921 3905 δν
934 3846 972 3922 τῆ
986 3841 1085 3927 λαβίδι
1099 3782 1203 3925 ε”ύαβεν
1216 3833 1278 3901 απὸ
1292 3839 1347 3898 τοῦ
1356 3845 1420 3900 θυ-

173 3916 360 4006 παρωξύνθη
378 3919 417 3985 τά
436 3921 509 4004 ὄρη,
537 3924 589 3986 καί
602 3919 729 4007 ἐγενήθη
740 3922 780 3988 τά
811 3913 1002 4007 σιαοτηρίόυ,
1029 3927 1107 3990 7καί
1118 3919 1222 4007 ήψατο
1234 3921 1290 3983 τοῦ
1304 3914 1420 4002 στόμα-

173 4011 336 4086 θνησιμαία
355 4003 457 4070 αὐτῶν
475 4002 517 4079 ὡς
529 4005 642 4091 κόπρια
655 4009 779 4091 ἐνμέσῳ
811 4001 861 4079 τός
872 4032 941 4087 μου,
954 4010 1006 4071 καὶ
1018 4007 1103 4074 εἶπεν.
1130 4001 1193 4072 ἰδοῦ
1208 3999 1313 4088 ήψατο
1326 4006 1420 4067 τοῦτο

172 4083 256 4151 ὁδοῦ.
282 4089 334 4151 καὶ
356 4089 387 4152 έν
404 4092 476 4155 ποῖοι
494 4085 616 4163 τούτοις
632 4087 687 4153 οῦκ
704 4089 779 4155 άπε-
810 4095 870 4152 τῶν
880 4089 999 4174 χειλέων
1011 4117 1083 4168 σου,
1104 4092 1156 4156 καί
1168 4085 1336 4170 άφελείτὶις
1348 4085 1421 4152 ἂνο-

172 4164 292 4254 στράφη
310 4166 327 4233 ὁ
346 4170 445 4255 θυμός
465 4170 561 4237 αὐτοῦ
567 4223 576 4249 ,
602 4170 682 4238 άλλά
702 4173 778 4259 ε”τιή
809 4180 877 4255 μίας
890 4198 960 4248 σου,
980 4177 1032 4239 καί
1044 4173 1098 4250 τὰς
1111 4171 1258 4258 ἁμαρτίας
1270 4196 1327 4236 σου
1338 4196 1421 4256 περι·

171 4256 229 4339 χεὶρ
244 4249 356 4337 ῦψηλή.
374 4257 404 4298 ²⁶
414 4259 575 4341 τοιγαροῦν
586 4254 654 4341 ἀρεῖ
664 4252 778 4343 σύσση-
809 4267 958 4340 καθαριεῖ.
972 4258 1046 4323 8καὶ
1060 4258 1176 4344 ήκουσα
1188 4261 1243 4341 τῆς
1255 4259 1357 4335 φωνῆς
1368 4280 1419 4318 κυ·

170 4363 225 4419 μον
245 4340 275 4401 έν
292 4348 354 4413 τοῖς
372 4339 469 4405 ἔθνεσι
485 4351 550 4415 τοῖς
566 4338 700 4427 μακράν,
727 4343 778 4406 καί
809 4345 874 4426 ρίου
892 4341 1047 4418 λέγοντος,
1073 4348 1141 4406 τίνα
1158 4337 1346 4412 ἀποστείλω,
1372 4337 1420 4403 καί

172 4433 265 4508 συριεϊ
274 4422 385 4498 αύτούς
398 4422 450 4489 ἀπ’
466 4423 560 4509 άκρου
572 4423 625 4506 τής
636 4428 698 4507 γῆς.
725 4427 778 4489 καί
790 4465 796 4532 η
809 4430 854 4499 τίς
864 4419 1038 4510 πορεύσεται
1051 4422 1129 4510 πρὸς
1141 4423 1197 4489 τόν
1208 4420 1286 4487 λαὸν
1296 4425 1419 4497 τοῦτονς

163 4506 233 4576 ι’δού
249 4501 325 4598 ταχύ
336 4503 457 4594 κούφας
468 4511 613 4597 ἔρχονται.
627 4507 697 4574 27οῦ
710 4536 776 4576 πει·
807 4509 858 4573 καί
876 4505 956 4574 ελπα.
984 4506 1052 4576 ἰδοῦ
1071 4502 1132 4588 ίγά
1148 4513 1213 4593 είμι.
1238 4499 1420 4574 άπάστειλόν

1378 4607 1421 4664 μι.
