2924 4972
135 245 202 314 308
391 246 688 308 οΑΣιΛσιοΝ
706 245 940 306 ΔΕΤΤΕΡΛ
964 239 1130 326 κηρία.

140 336 1382 356 ......--..-.-.....-.--.....-..,

135 362 242 428 Σαούλ
254 356 409 436 κλαύσατε,
422 361 474 426 τὸν
485 358 690 428 ἔνδιδύσκοντα
706 360 740 427 ύ-
773 387 827 438 τιν,
850 364 901 426 καί
914 364 965 425 ἐπὶ
979 362 1032 426 τὸν
1057 363 1175 447 Θασιρί,
1203 365 1255 426 καί
1268 364 1319 426 ἐπὶ
1331 363 1385 428 τὸν

136 450 191 525 μᾶς
209 441 331 509 κόκκινα
347 442 422 529 μετὰ
438 441 550 527 κόσμου
569 442 660 527 ὑμῶν,
686 444 741 511 τὸν
770 443 912 532 Ἰεζραηλ,
924 447 976 509 καί
988 447 1039 509 ἰπὶ
1049 443 1103 510 τὸν
1113 442 1255 545 Ἐφραίμ,
1268 447 1319 508 καί
1333 449 1380 512 ἐπί

136 525 326 612 ἀναφέροντα
348 522 459 609 κόσμον
478 532 606 612 χρυσοῦν
626 530 678 593 ἐπί
701 527 740 592 τὰ
774 526 826 592 τὸν
838 529 994 611 Βενιαμίν,
1008 528 1060 592 καί
1072 527 1122 592 ἒπί
1134 524 1380 612 πανταἸσραηλ.

136 607 284 692 ἐνδύματα
299 606 386 692 ὑμῶν.
412 612 442 653 ²⁵
454 614 519 684 πῶς
532 614 639 676 ἔπεσαν
651 612 741 676 δυνα·
774 614 802 654 ¹⁰
816 607 1036 692 τεσσαράκοντα
1061 612 1136 674 ἐτῶν
1156 608 1290 693 Ἰεβοσθὲ
1315 609 1378 686 υίὸς

138 695 185 758 τοί
206 696 237 756 ἐν
257 695 339 776 μεόῳ
362 698 417 757 τοῦ
432 693 579 776 πολέμου,
589 691 741 758 Ἰωνοίθαν
773 691 888 769 Σαούλ,
902 690 951 758 ὅτε
963 692 1146 780 ἐβασίλευσεν
1158 694 1209 756 ἐπὶ
1220 691 1273 755 τὸν
1282 690 1381 779 Ἰσρα-

135 778 186 841 ἐπὶ
199 775 237 840 τὰ
252 773 315 858 ύψη
329 799 385 840 σου
399 780 596 859 τραυματίαις
620 773 742 853 2θοίλγαῖ
775 775 821 860 ηλ,
836 772 954 841 καὶδύο
968 779 1020 859 ἔτη
1033 773 1213 860 ἐβασίλευσε,
1234 772 1314 858 πλὴν
1326 781 1381 841 τοῦ

135 860 186 923 ἐπί
198 860 247 924 σοί
255 857 368 938 ἀδελφέ
375 882 436 940 μου
448 854 608 932 Ἰωνοίθαν,
622 855 741 944 ὦραιοί-
773 861 857 924 οἴκου
875 854 986 932 Ἰούδα,
1011 863 1044 920 οἳ
1064 845 1142 940 ἦσαν
1161 855 1261 922 ὀπίσω
1273 861 1378 925 Δαυίδ.

134 951 192 1044 θης
203 966 253 1024 μοι
272 936 406 1025 σφόδρα,
418 936 681 1043 ἕβαριμαστρίθηῆ
703 938 741 1006 σἰ·
772 944 797 983 ¹¹
810 942 861 1005 καί
883 942 1017 1018 ἐγίνοντο
1041 943 1075 1004 αί
1097 936 1203 1043 ἡμέραν
1226 935 1263 1014 ἃς
1281 943 1380 1007 Δαυὶδ

29 1045 32 1049 ’
133 1029 261 1108 γαπησίς
275 1048 330 1088 σου
344 1023 411 1106 ε’μοί
429 1047 504 1109 υπερ
522 1020 675 1106 ἆγαπηοιν
686 1051 740 1103 γυ-
772 1022 956 1110 ίβαοίλευσεν
975 1025 1143 1108 ίνΧεβρων
1162 1022 1277 1088 ἐπίτδν
1297 1022 1380 1090 οἶκον

133 1112 251 1173 ναικῶν.
277 1109 306 1149 ²⁷
319 1109 385 1180 πῶς
405 1108 513 1171 ἔπεσαν
529 1106 662 1184 δυνατοί,
688 1108 740 1173 καί
769 1101 882 1183 Ἰούδα,
896 1106 975 1170 ἑπτὰ
989 1107 1041 1186 ἔτη
1053 1108 1104 1169 καί
1114 1109 1208 1188 μῆνας
1220 1108 1261 1183 ἔξ.
1288 1108 1316 1147 ¹²
1328 1109 1380 1172 καί

133 1186 297 1256 διποίλοντο
314 1183 400 1272 σκεύη
413 1184 573 1270 πολεμικάς
773 1188 897 1275 ἐξῆλθεν
916 1185 1055 1274 Ἀβεννίηρ
1083 1184 1147 1263 υίὸς
1165 1185 1247 1274 Νηρ,
1272 1191 1324 1254 καί
1349 1194 1380 1255 οῖ

771 1273 875 1347 παῖδες
889 1269 1024 1358 Ἰεβοσθί
1041 1274 1109 1336 υἱοῦ
1125 1267 1232 1336 Σαοὺλ
1250 1276 1281 1336 ἐκ
1301 1279 1379 1337 Μα-

308 1358 433 1419 ΚΕΦ.
470 1359 526 1420 Β.
772 1353 845 1439 ναὲμ
866 1359 905 1429 είς
917 1350 1060 1442 Γαβαών.
1088 1354 1180 1418 1’καί
1199 1352 1292 1502 Ἰωβηί
1314 1355 1379 1430 υίὸς

134 1405 216 1503 Καί
233 1440 347 1515 ἐγένετο
359 1436 433 1521 μετὰ
442 1443 540 1503 ταῦτα
557 1437 740 1525 καίίπηριί·
771 1439 925 1524 Σαρουία,
950 1439 1003 1501 καί
1021 1441 1053 1503 οἶ
1066 1438 1170 1512 παῖδες
1181 1439 1259 1501 Δαυ“
1294 1438 1379 1522 ἐξηλ-

133 1546 203 1606 τησε
215 1521 315 1586 Δαυίδ
325 1524 357 1586 ἐν
368 1526 472 1604 κυρίῳ,
485 1521 589 1599 λέγων.
626 1527 651 1588 εί
664 1522 740 1589 ἀνα-
771 1530 833 1585 θον
846 1525 880 1586 ἐκ
892 1519 1036 1623 Χεβρὼν,
1061 1521 1113 1584 καί
1127 1525 1308 1586 συναντῶσιν
1321 1519 1379 1584 αὖ-

133 1608 179 1692 βῶ
194 1607 233 1678 είς
248 1609 320 1687 μίαν
337 1607 398 1668 τῶν
418 1600 535 1669 πόλεων
543 1601 646 1671 Ἰούδα
650 1635 663 1684 ,·
688 1607 740 1670 καί
772 1613 836 1679 τοῖς
848 1605 899 1668 ε’πί
910 1628 966 1686 την
984 1630 1002 1667 κ
1023 1599 1091 1686 ήνην
1109 1602 1163 1686 τὴν
1182 1601 1316 1689 Γαβαὼν
1328 1605 1380 1668 ἐπί

133 1688 194 1754 εἶπε
205 1683 308 1772 κύριος
319 1685 396 1774 πρὸς
408 1684 510 1752 αὐτόν.
533 1684 674 1775 ἀνάβηθι.
690 1691 740 1754 καί
771 1679 808 1751 τὸ
820 1681 910 1762 αύτδ,
935 1687 987 1750 καί
1002 1629 1150 1751 ίκύθισαν
1164 1679 1248 1751 οὗτοι
1262 1688 1313 1751 ἐπί
1324 1683 1378 1770 τὴν

134 1771 195 1836 εἷπε
218 1771 321 1835 Δαυίδ.
347 1773 410 1835 πού
428 1768 551 1855 ἀναβῶς
576 1776 628 1836 καί
652 1771 738 1837 εἶπεν.
771 1770 880 1872 κρηνην
896 1771 1047 1846 ἐντεῦθεν,
1073 1770 1126 1834 καί
1148 1760 1233 1834 οὗτοι
1252 1771 1303 1834 ἐπί
1320 1768 1377 1852 την

133 1859 172 1928 είς
196 1852 331 1940 Χεβρὼν.
357 1854 436 1916 2καί
458 1851 547 1939 ἀνέβη
569 1856 629 1918 ἐκεῖ
642 1855 741 1919 Δαυίδ
771 1876 878 1956 κρηνην
894 1855 1039 1917 ἐντεῦθεν.
1064 1851 1094 1894 ¹¹
1106 1854 1158 1917 καί
1182 1851 1258 1917 εἶπεν
1277 1848 1376 1935 Ἀβεν-

134 1941 173 2009 είς
189 1935 324 2022 Χεβρὼν,
350 1939 401 1999 καί
415 1932 579 2039 ἆμρὸτεραι
593 1941 626 2000 αἶ
635 1948 740 2011 γοναί·
771 1959 825 2022 νηρ
839 1933 916 2022 πρὸς
927 1931 1028 2023 Ἰωείβ.
1054 1931 1272 2018 ίιναστητωσαν
1284 1934 1319 2017 δὴ
1334 1932 1375 1998 τὰ

133 2013 671 2104 κεςαύτοῦ,ἈχινοἰαμηἸεζραηλίτις,
689 2021 741 2084 καί
771 2015 934 2104 παιδάρια,
961 2021 1013 2083 καί
1036 2014 1232 2094 παιξοίτωσαν
1249 2012 1377 2083 ἐνώπιον

127 2101 264 2188 Ἀβιγαία
281 2098 300 2184 ἢ
320 2097 392 2183 γυνη
406 2097 520 2187 Νάβαλ
538 2105 593 2164 τοῦ
611 2108 739 2187 Καρμη-
772 2097 789 2184 η
823 2105 862 2166 ”ν.
877 2103 929 2164 καί
941 2097 1127 2207 εἷπενἸιοοίβ.
1151 2096 1375 2184 ἇναστὴτωοαν.

132 2186 207 2249 λίου.
234 2186 312 2249 3καί
329 2188 360 2248 οἱ
381 2180 483 2269 ἄνδρες
506 2187 538 2247 οἱ
558 2183 616 2266 μετ’
638 2188 740 2250 αὐτοῦ
770 2187 782 2226 ¹
810 2185 863 2249 καί
876 2180 1040 2268 ἀνέστησαν
1056 2209 1107 2248 και
1120 2184 1282 2268 παρῆλθον
1295 2187 1325 2246 ἒν
1337 2181 1376 2246 ἇ-

133 2268 325 2340 ἕκαστος,καί
338 2262 356 2330 ὁ
370 2264 453 2340 οἶκος
465 2263 630 2341 αύτού,καὶ
642 2264 739 2352 κατρί·
769 2271 868 2353 ριθμῷ
887 2271 948 2331 τῶν
963 2267 1082 2331 παίδων
1103 2268 1246 2350 Βενιαμίν
1263 2260 1377 2331 δαίδεκα

132 2373 203 2415 κουν
227 2352 258 2414 ἐν
282 2359 349 2424 ταῖς
372 2343 478 2416 πόλεσι
496 2349 631 2437 Χεβρών.
658 2352 739 2416 *καί
770 2354 830 2414 τῶν
844 2348 978 2434 Ἰεβοσθὲ
990 2353 1057 2414 υἱοῦ
1069 2347 1184 2425 Σαούλ,
1197 2350 1250 2413 καί
1262 2344 1376 2412 δώδεκα

132 2436 267 2518 ἔρχονται
291 2430 394 2520 ἄνδρες
419 2438 470 2518 τῆς
491 2430 651 2511 Ἰουδαίας,
688 2437 740 2499 καί
770 2435 801 2498 ἐκ
814 2437 875 2498 τῶν
887 2432 1003 2497 παίδων
1015 2434 1120 2498 Δαυίδ.
1146 2434 1174 2475 ¹⁶
1187 2433 1238 2496 καί
1251 2428 1376 2515 ἐκράτη-

130 2523 245 2602 χρίουσι
258 2514 311 2581 τὸν
323 2517 423 2582 Δαυίδ
439 2521 500 2582 ἐκεῖ
509 2523 564 2583 τοῦ
576 2517 739 2604 βασιλεύειν
770 2541 827 2582 σαν
839 2520 965 2590 ἕκαστος
977 2520 1015 2598 τῆ
1027 2518 1099 2603 χειρί
1110 2512 1165 2600 την
1177 2514 1308 2599 κεφαλὴν
1319 2519 1377 2580 τοῦ

131 2603 182 2664 ἐπί
196 2600 249 2665 τὸν
262 2598 345 2665 οἷκον
355 2597 464 2665 Ἰούδα.
490 2604 542 2666 καί
558 2598 738 2685 ἀπήγγειλαν
769 2599 899 2683 πλησίον
924 2588 1032 2674 αύτύῦ,
1045 2601 1097 2663 καί
1120 2595 1253 2702 μάχαιρα
1278 2595 1374 2664 αὐτοῦ

130 2688 176 2765 τῷ
187 2684 291 2757 Δαυίδ,
304 2683 447 2760 λέγοντες.
461 2679 508 2747 δ’τι
522 2688 553 2749 οί
565 2683 738 2772 ἄνδρεςἸα-
770 2687 809 2757 είς
829 2678 959 2766 πλευρὰν
977 2685 1033 2746 τοῦ
1049 2682 1178 2765 πλησίον
1195 2685 1301 2756 αυτοῦ,
1325 2682 1378 2746 καλ

130 2769 176 2852 βίς
204 2769 257 2848 τῆς
281 2765 503 2839 Γαλααδίτιδος
531 2769 658 2849 ἔθαψαν
682 2764 737 2832 τὸν
768 2771 914 2830 πίπτουσι
932 2763 1011 2830 κατὰ
1030 2763 1066 2829 τὸ
1085 2759 1171 2830 αιἰτό.
1196 2765 1248 2827 καί
1259 2760 1377 2848 ἐκλήθη

130 2843 244 2912 Σαούλ.
272 2847 351 2911 ὅκαὶ
368 2845 521 2912 ἀπέστειλε
538 2851 637 2912 Δαυίδ
648 2846 737 2927 ἀγγέ-
769 2845 805 2912 τὸ
824 2846 918 2929 ὄνομα
935 2853 990 2914 τοῦ
1009 2843 1108 2912 τόπου
1126 2850 1252 2918 ἐκείνου,
1277 2848 1376 2929 Μερίς

130 2931 201 3007 λους
213 2925 291 3017 πρὸς
303 2927 375 3004 τοὺς
390 2926 570 3013 ἡγουμένους
579 2929 671 3019 Ἰαβὶς
685 2938 737 3016 τῆς
768 2936 828 2996 τῶν
851 2926 1026 3018 ἐπιβούλων,
1039 2925 1059 3014 ἦ
1084 2931 1163 2994 ἔστιν
1183 2930 1214 2993 ἐν
1232 2922 1374 3013 Γαβαών.

130 3013 364 3087 Γαλααδίτιδος,
379 3015 429 3077 καί
452 3012 513 3077 είπε
526 3012 603 3099 πρὸς
625 3013 736 3090 αὐτούς
768 3017 794 3057 ¹⁷
808 3017 860 3081 καί
877 3018 990 3093 ἐγένετο
1004 3010 1022 3077 ὁ
1035 3008 1164 3094 πόλεμος
1177 3009 1304 3097 σκληρὸς
1317 3005 1376 3087 είς-

132 3097 236 3160 Δαυίδ.
264 3093 453 3178 εὐλογημένοι
473 3092 550 3178 ὑμεῖς
568 3101 613 3180 τῷ
631 3104 735 3184 κυρίω,
768 3122 799 3161 τε
811 3097 878 3162 λίαν
891 3101 923 3162 ἐν
935 3102 972 3181 τῆ
984 3093 1080 3201 ἡμέρας
1095 3100 1195 3179 ἐκείνη.
1208 3099 1259 3161 καί
1270 3097 1376 3160 ἔπτυε·

114 3176 178 3268 ,ἱίτι
191 3171 352 3259 ἐποιήσατε
366 3174 402 3241 τὸ
416 3177 500 3255 ἔλεος
510 3184 601 3245 τοῦτο
615 3182 665 3246 ἐπί
683 3165 736 3246 τδν
768 3204 814 3246 οεν
823 3167 959 3267 Ἀβεννίηρ
972 3181 1025 3244 καί
1042 3179 1145 3264 οίνδρες
1158 3167 1282 3264 Ἰσραὴλ
1301 3173 1373 3242 ἐνοί-

129 3257 234 3348 κύριον
252 3258 333 3343 ὑμῶν
351 3261 401 3325 ἐπὶ
423 3260 530 3328 Σαούλ
549 3261 602 3327 τὸν
616 3263 736 3350 χριστὸν
768 3290 840 3329 πιον
851 3265 969 3329 παίδων
986 3263 1092 3328 Δαυίδ.
1129 3261 1158 3303 ¹⁸
1172 3262 1223 3325 καί
1237 3262 1375 3336 ἐγίνοντο

130 3350 250 3431 κυρίου,
276 3345 328 3408 καί
341 3340 481 3426 ἕθύψατε
500 3343 594 3412 αὐτὸν
607 3347 736 3413 καὶἸω-
768 3350 826 3411 ἐκεῖ
856 3358 934 3433 τρεῖς
956 3347 1018 3410 υίοί
1037 3339 1299 3431 Σαρου“ία,’1ωᾶβ,
1324 3339 1377 3407 καί

128 3425 229 3495 νοίθαν
241 3427 295 3494 τὸν
307 3425 371 3494 υίὸν
384 3428 489 3494 αὐτοῦ.
515 3431 592 3495 “nal
604 3436 655 3497 νῦν
667 3458 737 3496 ποι-
763 3429 898 3518 Ἀβεσσὰ,
911 3425 1092 3513 καίἈοαηλ
1119 3428 1170 3493 καί
1178 3425 1291 3512 Ἀσαίηλ
1304 3430 1375 3491 κοῦ-

128 3509 200 3596 ήσαι
213 3509 314 3599 κύριος
325 3510 390 3594 μεθ’
408 3510 489 3584 ὑμῶν
500 3513 585 3586 ἔλεος
599 3514 650 3577 καί
662 3510 737 3596 ἀλη-
768 3539 824 3594 φος
835 3525 901 3589 τοῖς
912 3511 1126 3588 ποοίναύτοῡ,
1153 3509 1218 3587 ὡςεί
1236 3517 1291 3594 μία
1303 3511 1374 3593 δορ-

128 3607 230 3671 θειαν,
256 3602 309 3658 καί
319 3619 352 3672 γε
365 3593 424 3670 ἐγὼ
441 3591 559 3677 ποιήσω
570 3594 636 3676 μεθ’
653 3593 736 3678 ὑμῶν
768 3594 822 3672 κὰς
836 3600 866 3661 ἐν
879 3596 973 3683 ἀγρῷ.
999 3596 1028 3638 ¹⁹
1041 3596 1093 3661 καί
1104 3596 1276 3670 κατεδίωξεν
1283 3590 1376 3656 Ἀσα·

128 3675 166 3742 τὸ
188 3677 312 3755 ἀγαθὸν
333 3680 436 3748 τοῦτο,
450 3672 497 3739 δἐι
519 3672 677 3762 ἕποιηοατε
699 3676 735 3744 τὸ
770 3679 808 3762 ὴλ
821 3677 919 3745 ὀπίσω
936 3676 1091 3764 Ἀβεννίηρ,
1117 3677 1169 3740 καί
1183 3673 1240 3740 οὐκ
1252 3672 1375 3748 ἐξέκλινε

129 3764 209 3846 ῥῆμα
223 3761 327 3822 τούτο.
355 3758 426 3820 7καί
438 3761 491 3822 νῦν
503 3757 737 3843 κραταιούσθω-
770 3766 825 3827 τοῦ
836 3758 1017 3848 πορεύεσθαι
1030 3764 1069 3835 εἰς
1081 3753 1161 3834 δεξιοί
1173 3753 1244 3820 οὐδὲ
1257 3759 1295 3826 εἰς
1307 3750 1375 3834 ἀρι-

131 3866 189 3908 σαν
213 3845 246 3905 αἱ
268 3849 359 3925 χεῖρες
383 3836 474 3921 ὑμῶν,
488 3844 539 3906 καί
559 3849 676 3920 γίνεσθε
698 3851 737 3921 είς
769 3870 860 3929 οτερα
873 3838 1057 3909 κατόπισθεν
1074 3833 1219 3924 Ἀβεννηρ.
1261 3837 1292 3877 ²⁰
1322 3833 1375 3898 καί

131 3921 214 3999 υἱούς
225 3920 380 3999 δυνατοὺς,
394 3919 442 3987 ὅτι
455 3927 594 4010 τέθνηκεν
606 3925 624 3993 δ
637 3924 738 4016 κύριος
769 3928 931 4012 ἐπέβλεψεν
941 3919 1077 4010 Ἀβεννηρ
1090 3925 1129 3994 είς
1147 3919 1187 3985 τὰ
1206 3916 1305 3982 ὀπίσω
1319 3912 1374 3978 αὖ·

130 4004 213 4090 ὑμῶν
224 4004 340 4082 Σαούλ,
353 4012 405 4071 καί
415 4032 448 4085 γε
461 4008 510 4091 ἐμὲ
523 4014 647 4098 κίχραεν
659 4008 677 4075 ὁ
691 4009 738 4075 οἶ·
768 4014 836 4083 τοῦ,
849 4009 902 4073 καί
914 4006 1000 4071 εἶπεν.
1012 4009 1038 4069 εί
1050 4002 1087 4068 σύ
1100 4001 1130 4068 εἴ
1139 3999 1230 4074 αὐτὸς
1242 3997 1374 4080 Ἀσαηλς

129 4116 181 4164 κος
204 4085 306 4153 Ἰούδα
332 4086 375 4170 ἐφ’
408 4089 516 4158 ἑαυτὸν
541 4099 580 4170 είς
603 4090 736 4180 βασιλέα.
768 4091 819 4156 καί
831 4089 918 4155 εἶπεν.
943 4083 1002 4165 ἐγώ
1015 4090 1079 4167 εἶμι.
1105 4079 1374 4164 21καίείπεναείτιβ

130 4169 353 4256 8καίἈβεννὴρ
371 4174 436 4250 υίὸς
454 4175 526 4262 Νὴρ
540 4170 737 4261 ἀρχιστράτη-
762 4167 911 4260 Ἀβεννηρ.
937 4168 1069 4233 ἐκκλίνον
1086 4166 1124 4232 σὺ
1142 4171 1181 4240 εἰς
1198 4163 1238 4230 τοὶ
1256 4163 1335 4241 δεξιὰ
1355 4163 1374 4246 ἢ

132 4279 182 4356 ηος
195 4259 249 4319 τοῦ
261 4255 368 4318 Σαούλ
378 4257 467 4344 ἔλαβε
478 4261 530 4323 τὸν
540 4256 676 4346 Ἰεβοσθὲ
690 4262 737 4322 υῖ-
768 4252 858 4332 είςτίι
871 4247 1027 4339 ἀριστερὰ,
1056 4252 1108 4314 καί
1119 4246 1247 4332 κάτασχε
1261 4253 1373 4330 σεαυτῷ

129 4362 164 4402 ον
185 4334 299 4413 Σαούλ,
322 4342 373 4404 καί
395 4339 566 4428 ἀνεβίβασεν
587 4339 681 4406 αὐτὸν
704 4345 737 4405 ἐκ
768 4346 800 4405 ἓν
823 4341 884 4402 τῶν
907 4335 1084 4419 παιδαρίων,
1095 4335 1146 4397 καί
1164 4329 1236 4418 λάβε
1261 4335 1374 4415 σεαυτῷ

129 4426 183 4505 τῆς
205 4424 394 4508 παρεμβολῆς
416 4427 455 4496 είς
478 4423 623 4506 Μαναέμ,
656 4424 737 4486 οκαί
768 4418 823 4506 τίην
835 4418 1008 4485 πανοπλίαν
1027 4414 1131 4481 αὐτοῦ.
1169 4418 1220 4480 καί
1234 4413 1289 4480 οὐκ
1303 4414 1376 4498 ἠδέ·

129 4507 316 4592 ἐβασίλευσεν
335 4503 429 4568 αὐτὸν
442 4507 493 4569 ἐπί
508 4504 563 4591 την
576 4503 736 4572 Γαλααδί-
767 4497 977 4588 λησενἈσαίηλ
989 4501 1119 4567 ἐκκλῖναι
1132 4503 1163 4565 ἐκ
1177 4503 1237 4566 τῶν
1250 4498 1376 4601 ὅπρσθεν

1267 4583 1373 4647 αυτοῦ.
