2924 4972
239 214 526 278 ΒΑΣΙΛΕΙΩΝ
544 217 771 276 ΔΕΤΤΕΡΑ
812 208 994 290 Χίονιν.
1008 206 1125 277 ίαν.
1139 212 1169 277 5.
1264 212 1330 313 σίν

87 315 172 411 γαγεν
185 326 226 403 ὡς
238 323 370 413 Νάβαλ,
396 327 521 392 ἐνώπιον
542 331 614 392 υἱῶν
627 325 692 392 ἀδι-
724 326 791 393 ἐδού
815 322 833 411 η
851 326 991 413 θυρωρὸς
1013 328 1172 394 τοῦόἴκου
1191 325 1332 415 ἐκάθαιρε

87 420 150 488 κίας
164 415 277 486 έπεσος.
303 413 354 475 καί
368 406 501 534 συνηχθη
513 414 574 511 πῖης
588 409 606 474 5
620 408 692 485 λαὸς
723 409 853 497 πυρούς,
878 413 929 476 καί
952 406 1090 487 ἐνύσταξε
1113 415 1162 477 καί
1179 407 1331 487 ἐκάθευδε,

88 502 140 562 τοῦ
151 494 281 560 κλαῦσαι
294 488 398 559 αὐτόν.
451 493 529 557 ὅιιαί
545 491 621 574 ηλθε
634 497 692 568 πᾶς
723 490 894 579 καίῬηχάβ
905 491 1078 561 καίΒαανά
1093 492 1331 575 οέἀδιληοίδιί-

88 576 187 653 ὁλαάς
198 578 416 662 περιδειπνησαι
425 573 478 639 τὸν
489 575 587 640 Δαυίδ
593 573 692 660 ἀρτοις
723 576 836 651 λαθσν,
862 578 940 643 7ιιαί
958 578 1093 663 είςηλθον
1112 582 1151 653 εἰς
1169 572 1221 642 τάν
1238 575 1329 644 οἶκον.

88 665 131 727 ἔτι
147 659 238 745 οάσης
258 656 375 746 ἡμέρας.
400 660 452 724 καί
469 657 565 739 ἀμοσε
584 658 692 731 Δαυέδ,
724 661 776 723 καί
791 656 924 745 Ἰεβοσθέ
941 659 1096 728 ἐκάθευδεν
1107 663 1158 726 ἐπί
1169 663 1221 742 της
1233 658 1332 744 κλίνης

88 745 188 824 λέγων.
225 740 294 807 τάδε
310 738 433 825 ποιησαι
449 767 499 824 μοι
517 738 535 805 5
552 740 623 816 θεὸς
641 741 694 808 καὶ
725 739 821 806 αὐτοῦ
840 744 871 805 ἐν
887 747 933 824 τηῦ
948 748 1066 810 κοιτῶνι
1077 742 1189 821 αὐτοῦ,
1215 745 1332 808 καίτῦ-

86 825 155 894 τάδε
166 832 320 913 προςθείη,
337 821 383 889 ἀει
396 823 447 891 ἐάν
459 822 498 908 μη
510 823 565 907 δύη
579 821 597 889 5
611 819 693 908 ἥλιος
724 848 848 890 πτουοιν
861 821 954 891 αῦτὸν
966 829 1017 891 καί
1029 832 1213 895 θανατοῦσιν
1226 822 1330 902 αῦτάν,

87 909 123 975 ού
136 909 177 994 μὴ
189 905 334 992 γεῦσωμαι
349 907 441 994 ἀρτου
461 909 479 991 ἢ
498 894 562 975 ἀπά
580 907 693 981 παντὸς
724 910 777 973 καί
802 904 968 990 ἀφαιροῦσι
991 908 1047 993 τίην
1071 907 1199 1013 κεηολην
1223 907 1330 985 αὐτοῦ,

87 990 174 1068 τινάς.
209 994 240 1036 ³⁶
253 994 305 1058 καί
320 995 395 1070 ἐγνω
412 996 473 1067 πᾶς
491 988 508 1056 5
525 990 617 1067 λαός,
642 991 694 1055 καί
724 993 776 1055 καί
801 988 913 1075 ἔλαβον
937 991 992 1074 την
1012 992 1140 1073 κεφαλην
1162 993 1257 1058 αῦτοῦ
1279 995 1332 1058 καί

88 1075 186 1162 ἤρεσεν
216 1071 343 1141 ἐνιύπιον
372 1072 473 1139 αάτιῦν
503 1069 606 1139 πάντα
635 1068 694 1138 ὅσα
725 1070 869 1155 ἀπῆλθον
884 1070 958 1136 ὁδὸν
973 1071 1117 1157 τηνκατά
1134 1072 1243 1157 δυσμάς
1257 1070 1331 1180 ὅλην

87 1162 220 1242 ἐποίησιν
233 1155 250 1222 5
261 1154 399 1245 βασιλεῦς
408 1151 534 1221 ἐνώπιον
542 1159 598 1219 τοῦ
607 1154 693 1218 λαοῦ.
725 1150 778 1237 την
790 1149 890 1219 νύκτα.
909 1156 989 1220 οκαί
1006 1153 1125 1231 ”νεγκαν
1136 1151 1190 1237 την
1202 1181 1256 1235 κερ
1317 1181 1333 1220 ν

87 1245 115 1285 ³⁷
128 1245 179 1307 καὶ
196 1245 270 1318 ἐγνυι
289 1245 349 1313 πάς
368 1236 385 1304 5
399 1234 473 1312 λαὸς
491 1239 542 1302 καί
558 1240 618 1310 πάς
632 1234 695 1301 Ἰσ-
722 1234 859 1323 Ἰεβοσθέ
871 1241 915 1320 τῷ
926 1182 1024 1302 Λαυίδ
1034 1241 1073 1311 είς
1082 1244 1129 1302 Χε
1150 1236 1221 1337 ριύν,
1232 1240 1284 1302 καὶ

86 1321 164 1409 ραίηλ
178 1327 208 1388 ἐν
220 1327 258 1426 τη
271 1321 365 1406 ἡμέρη
378 1324 486 1411 ἐκείνη,
504 1316 551 1383 ὅτι
564 1317 619 1383 οῦκ
632 1322 695 1397 ἐγέ-
725 1345 784 1384 πον
795 1316 871 1404 πρὸς
884 1319 937 1385 τὸν
946 1319 1080 1405 βασιλέα.
1136 1345 1173 1384 ου
1187 1314 1206 1401 ἡ
1219 1318 1331 1405 κεφαλὴ

86 1433 152 1472 νετο
178 1430 265 1488 παρα
287 1408 342 1468 τοῦ
360 1400 503 1488 βασιλέως
519 1406 693 1467 θανατῶσαι
722 1398 858 1488 Ἰεβοσθέ
870 1407 941 1468 υίοῦ
952 1400 1060 1468 Σαούλ
1072 1406 1128 1467 τοῦ
1142 1404 1255 1486 ἐχθροῦ
1266 1426 1333 1478 σου,

87 1487 140 1554 τὸν
160 1481 294 1570 Ἀβεννηρ
313 1481 379 1551 υἱὸν
398 1481 479 1569 Νηρ.
508 1485 537 1527 ³⁸
550 1486 601 1549 καί
616 1482 695 1550 εἶπεν
726 1480 858 1570 δςέζὴτει
871 1480 1333 1570 τηνιγυχηνσον,καίέδονκεκύ-

89 1569 107 1635 5
127 1565 263 1654 βασιλεὺς
277 1565 352 1675 πρὸς
372 1564 443 1643 τοῦς
460 1568 571 1644 παῖδας
589 1565 691 1632 αῦτοῦ.
743 1592 786 1643 ιος
804 1574 847 1651 τῷ
865 1569 957 1654 κυρίῳ
973 1567 1092 1654 βασιλεῖ
1105 1568 1248 1651 ἐκδίκησιν
1272 1573 1333 1633 τῶν

89 1650 146 1715 οῦκ
162 1651 275 1726 οἴδατε,
300 1649 347 1716 σ’τι
361 1646 516 1736 ἡγούμενος
532 1654 623 1734 μέγας
635 1653 690 1715 πέ-
724 1593 841 1737 ἐχθρῶν
865 1650 961 1718 αῦτοῦ
986 1647 1026 1727 ὦς
1052 1647 1185 1735 ἢημέρα
1202 1646 1280 1734 αῦτη
1299 1653 1332 1717 ἐκ

88 1758 205 1799 πτωκεν
222 1739 253 1800 ἐν
265 1737 303 1808 τῆ
317 1732 409 1819 ἡμέρη
421 1729 515 1827 ταύτη
527 1739 559 1801 ἐν
572 1737 616 1837 τηῐ
632 1730 691 1799 Ἰσ-
723 1734 830 1800 Σαοῦλ
856 1739 914 1800 τοῦ
937 1737 1051 1821 ἐχθροῦ
1069 1759 1125 1799 σου
1142 1735 1195 1810 καί
1217 1737 1251 1798 ἐκ
1276 1736 1332 1799 τοῦ

86 1811 164 1901 ροιηλ
169 1845 182 1894 ,·
195 1804 341 1882 39ιιαίίίτι
353 1816 412 1896 ἐγοί
424 1821 478 1899 είμι
492 1840 628 1918 συγγενης
638 1810 691 1899 ση-
723 1819 891 1903 σπέρματος
901 1813 1006 1882 αὐτοῦ.
1019 1817 1094 1881 9καί
1105 1814 1255 1921 ἀπεκρίθη
1265 1821 1330 1882 Δα-

106 1925 172 1986 ερον
196 1901 247 1965 καί
275 1905 493 1983 καθεσταμένος
519 1896 579 1967 υπὸ
600 1905 691 2009 ηδσσι-
722 1901 769 1966 υίδ
780 1905 824 1983 τῷ
836 1896 950 1984 Ῥηχάβ
966 1902 1074 1984 καὶτῷ
1084 1904 1197 1965 Βαανα
1209 1897 1332 1984 ἀδελεγρῦ

84 1929 176 2061 λέωςς
202 1987 233 2048 σί
258 1982 290 2048 δὲ
316 1979 417 2065 ἀνδρες
443 1974 527 2049 οῦτοι
548 1987 608 2049 uzo·
623 1990 690 2048 Σα-
722 1980 817 2050 αὐτοῦ
832 1980 1046 2066 υίσῖςἩμμάν
1058 1988 1113 2048 τοῦ
1126 1988 1330 2089 Βηρονθαίου,

84 2067 188 2150 ρουίσις
200 2061 394 2151 σκληράτερσί
407 2092 463 2148 μου
476 2071 556 2132 εἰσίν.
582 2065 690 2168 ἀποδιῇ
722 2065 861 2132 καὶεῖπεν
870 2063 981 2140 αῦτοῑς.
994 2068 1030 2158 ζῇ
1038 2060 1148 2151 κύριος,
1158 2092 1192 2142 ος
1201 2060 1331 2147 ίλυτροί-

85 2145 182 2233 κύριος
207 2155 250 2233 τῷ
266 2155 403 2215 ποιοῦντι
420 2146 459 2213 τά
477 2148 595 2233 πονηρά
613 2171 691 2212 κατα
724 2173 801 2213 σατο
825 2146 879 2231 την
904 2144 1001 2250 ψυχην
1015 2173 1074 2231 μου
1093 2152 1127 2214 ἐκ
1143 2146 1242 2231 πάσης
1260 2148 1331 2213 θλί-

84 2231 138 2315 την
151 2238 257 2297 κακίαν
269 2232 375 2297 αὐτοῦ.
724 2249 816 2312 ιγεοος,
833 2226 920 2294 10δτι
934 2228 952 2294 5
966 2230 1209 2334 απαγγεδιαςμω
1223 2228 1270 2297 ὅτι
1282 2234 1331 2295 τέ-

280 2320 354 2378 ΚΕ
366 2319 405 2378 Φ.
450 2311 499 2377 Δ’.
723 2309 949 2395 θνηκεΣαούλ,
974 2309 1129 2390 καίαῦτάς
1142 2340 1176 2396 ην
1190 2310 1231 2390 ὧς
1244 2311 1331 2392 εῦαγ-

84 2364 170 2461 Καὶ
183 2394 432 2480 ἥκουσεἸεβοσθέ
447 2392 509 2469 υἱὸς
518 2391 634 2471 Σαούλ,
646 2389 666 2459 5'
668 2419 693 2459 τι
724 2390 900 2476 γελιζύμενος
913 2389 1037 2457 ἐνώπιόν
1047 2420 1115 2475 μου,
1127 2399 1178 2461 καί
1190 2398 1333 2497 κατέσχον

85 2482 225 2560 τέθνηκεν
245 2474 381 2561 Ἀβεννηρ
407 2475 470 2550 υίὸς
486 2474 560 2559 Νηρ
583 2479 614 2539 ἐν
631 2484 694 2541 Χε-
726 2474 879 2541 αὐτὸνκαὶ
888 2472 1044 2540 ἀπέκτεινα
1053 2474 1148 2541 αὐτὸν
1157 2476 1332 2552 ἐνΣεκελακ,

85 2557 177 2645 βράν,
186 2562 237 2624 καί
249 2554 430 2640 ἐξελύθησαν
442 2563 476 2622 αῖ
487 2570 576 2642 χεῖρες
589 2555 694 2634 αὐτοῦ,
727 2549 752 2639 ᾦ
767 2559 824 2623 ἐδει
836 2584 872 2641 με
884 2558 986 2621 δοῦναι
1000 2554 1165 2634 εὐαγγέλια.
1183 2561 1207 2600 ²¹
1218 2560 1269 2623 καὶ
1282 2563 1333 2624 νῦν

85 2647 137 2707 καί
148 2637 257 2716 πάντες
267 2646 297 2706 οῖ
305 2639 406 2726 ἀνδρες
415 2638 538 2725 Ἰσραηλ
548 2646 695 2726 παρείθη-
727 2640 828 2726 ἀνδρες
844 2643 973 2723 πονηροί
992 2635 1213 2717 ἀπεκτάγκασιν
1239 2639 1334 2725 ἄνδρα

86 2750 152 2790 σαν.
177 2727 256 2790 2ιιαὶ
276 2722 331 2789 δύο
350 2725 450 2808 ἀνδρες
468 2717 620 2824 ηγούμενοι
639 2750 694 2788 συ-
726 2726 841 2790 δίκαιον
853 2726 884 2788 ἐν
896 2728 942 2806 τογ’
954 2724 1027 2807 οίκιρ
1036 2720 1134 2789 αὑτοῦ
1145 2726 1198 2789 ἐπὶ
1206 2728 1258 2828 της
1268 2729 1333 2788 κοί-

86 2804 276 2892 οτρεμμάτονν
293 2812 339 2891 τῴ
353 2807 486 2893 Ἰεβοσθε
505 2812 562 2890 υίῴ
577 2803 692 2872 Σαούλ.
725 2833 777 2913 της
789 2805 894 2875 αὐτοῦ.
921 2809 974 2873 καί
986 2812 1037 2873 νῦν
1049 2802 1197 2891 ἐκζητησον
1209 2833 1245 2872 το
1259 2807 1333 2890 αίμα

84 2891 180 2976 ὄνομα
194 2896 238 2974 τῷ
251 2893 306 2967 ἐνί,
322 2887 445 2957 Βαανά.
472 2895 523 2957 καί
540 2890 636 2974 ὄνομα
648 2896 692 2974 τῷ
726 2896 824 2958 αυτοῦ
838 2894 870 2956 ἐκ
882 2889 976 2976 χειρὸς
989 2889 1080 2974 ὑμῶν,
1092 2893 1143 2956 καί
1152 2885 1334 2975 ἐξολοθρεύ-

85 2975 213 3058 δευτέρῳ
222 2971 342 3062 Ῥηχάβ,
353 2971 550 3056 υίσίῬεμμών
559 2979 617 3040 τοῦ
624 2979 693 3057 Βη-
726 3001 770 3040 σω
784 2971 859 3056 ῦμῦς
871 2978 903 3039 ἐκ
915 2979 968 3058 της
978 2978 1040 3059 γῆς.
1066 2975 1094 3015 ¹²
1106 2976 1158 3039 καὶ
1169 2973 1331 3039 ἐνετείλατο

84 3065 222 3141 ρωθαίου
242 3061 274 3122 ἐκ
293 3063 353 3124 τῶν
369 3061 444 3123 υίιῦν
460 3059 618 3141 Βενιαμίν,
645 3055 693 3123 δτι
725 3059 824 3124 Δαυίδ
847 3068 911 3134 τοῖς
939 3059 1109 3142 παιδαρίοις
1134 3057 1245 3132 αὐτοῦ,
1282 3052 1334 3121 καλ

85 3138 206 3226 Βηρώθ
219 3141 364 3220 ἐλογίζετο
378 3151 440 3216 τοῖς
452 3145 527 3217 υίοῖς
540 3148 691 3224 Βενιαμίν.
725 3139 952 3208 ἀποκτέννουσιν
965 3139 1090 3218 αὐτούς,
1109 3143 1160 3205 καί
1171 3139 1333 3225 κολοβοῦσι

85 3226 161 3290 3καί
186 3223 361 3310 ἀπέδρασαν
386 3228 418 3289 οἱ
443 3230 628 3309 Βηρωθαῖοι
653 3229 693 3299 εἰς
724 3224 777 3300 τάς
789 3239 886 3311 χεῖρας
904 3223 1003 3291 αῦτῶν
1021 3224 1154 3299 καὶτοὺς
1166 3223 1264 3299 πέδας
1278 3219 1334 3286 αῦ-

85 3311 218 3388 Γεθαίμ,
243 3311 295 3371 καὶ
316 3295 390 3387 ἦσαν
407 3309 467 3369 ἐκεῖ
480 3311 693 3389 παροικοῦντες
725 3313 801 3383 τῶν,
827 3310 879 3371 καὶ
904 3310 1067 3388 ἐκρέμασαν
1086 3305 1195 3381 αὐτοὺς
1212 3304 1263 3370 ἐπὶ
1282 3309 1334 3380 της

86 3396 142 3462 ἕως
155 3394 208 3470 της
221 3384 331 3470 ἢμέρας
343 3383 462 3469 ταύτης.
480 3389 560 3454 4καί
571 3394 616 3471 τῷ
625 3386 691 3453 Ἰω-
725 3384 830 3473 κρηνης
850 3391 881 3452 ἐν
899 3388 1038 3473 Χεβρὼν,
1064 3383 1187 3469 κοίτην
1204 3387 1331 3469 κεφαλὴν

86 3467 189 3536 νάθαν
204 3473 257 3549 υἱῷ
267 3467 372 3533 Σαούλ
384 3466 448 3542 υίὸς
457 3468 615 3552 πεπληγὼς
625 3469 695 3546 τοῦς
723 3467 855 3557 Ἰεβοσθέ
873 3472 998 3549 ἔθαψαν
1020 3473 1051 3535 ἐν
1072 3472 1118 3551 τῷ
1134 3464 1223 3551 τάφῳ
1235 3465 1334 3551 Ἀβεν-

85 3549 184 3626 πόδας
205 3551 269 3624 υίὸς
281 3554 357 3615 ἐτῶν
369 3553 472 3624 πέντε,
497 3556 548 3619 καὶ
561 3546 650 3628 σῦτος
664 3556 695 3618 ἐν
727 3554 780 3640 νηρ
795 3557 862 3618 υίοῦ
876 3548 958 3636 Νηρ.

86 3641 131 3718 τῷ
156 3636 254 3700 ἐλθεῖν
279 3632 333 3708 τὴν
358 3632 497 3711 ἀγγελίαν
515 3631 621 3698 Σαούλ
645 3639 696 3698 καὶ
925 3641 960 3700 Κ
970 3641 1000 3698 E
1013 3639 1052 3699 (ί).
1095 3629 1146 3698 E'.

83 3713 235 3786 ’ίωνάθαν
249 3721 306 3781 τοῦ
320 3720 388 3781 υἱοῦ
401 3714 496 3780 αὐτοῦ
510 3718 541 3792 ἐξ
554 3712 695 3801 Ἰεζραηλ,
727 3685 814 3784 Καὶ
837 3723 1050 3802 παραγίνονται
1075 3722 1172 3783 πῦσαι
1190 3720 1223 3782 αἶ
1241 3715 1335 3799 φυλαί

87 3807 138 3868 καί
150 3791 219 3895 ᾗρεν
237 3795 331 3865 αὐτὸν
344 3797 361 3884 η
375 3795 496 3882 τιθηνὸς
509 3796 620 3875 αὐτοῦ,
645 3802 697 3863 καί
725 3797 845 3884 Ἰσραὴλ
862 3798 937 3883 πρὸς
949 3802 1045 3866 Δαυίδ
1061 3805 1099 3876 είς
1113 3800 1240 3887 Χεβρὼν
1247 3849 1257 3876 ,
1282 3804 1334 3866 καί

87 3890 184 3967 ἔφυγε.
194 3888 246 3950 καί
256 3885 367 3962 ἐγένετο
378 3888 408 3948 ἐν
414 3887 457 3965 τῷ
469 3878 598 3948 σπεύδειν
604 3879 696 3947 αὐτὸν
727 3883 814 3949 εἶπαν
827 3881 920 3965 αὐτῷ.
948 3883 1013 3950 ἐδοῦ
1027 3883 1103 3951 ὀστᾶ
1116 3910 1182 3960 σου,
1194 3886 1246 3949 καὶ
1259 3880 1334 3968 σάρ-

88 3974 139 4035 καί
151 3967 327 4054 ἀναχωρεῖν,
345 3972 396 4033 καί
408 3969 491 4032 ἔπεσε
504 3970 554 4032 καί
568 3962 695 4051 έχωλάν-
727 3994 773 4044 κες
785 3993 841 4032 σου
860 3963 949 4050 ἡμεῖς.
976 3969 1056 4032 2καί
1072 3966 1157 4051 ἐχθές
1168 3970 1221 4033 καί
1231 3975 1334 4053 τρίτην

87 4063 147 4138 θη,
172 4057 225 4118 καί
250 4052 344 4131 ὄνομα
370 4048 455 4132 αύτῷ
480 4054 693 4138 Μεμφιβοσθέ.
726 4051 814 4136 ἀντος
829 4049 935 4116 Σαούλ
955 4052 1101 4138 βασιλέως
1121 4048 1165 4133 ἐφ’
1188 4049 1270 4135 ἡμῖν,
1296 4051 1332 4116 σύ

89 4139 167 4201 6καί
187 4130 398 4221 ἐπορεύθησαν
416 4136 476 4198 uzol
490 4130 621 4218 Ῥεμμών
639 4139 695 4198 τοῦ
727 4137 810 4220 ηοθα
836 4133 854 4198 5
872 4130 986 4212 ἐξάγων
1003 4138 1054 4201 καί
1069 4140 1191 4214 εέςαγων
1208 4135 1259 4199 τὸν
1273 4132 1332 4198 Ἰσ-

89 4223 278 4300 Βηρωθαίου
297 4214 409 4322 Ῥηχάηέ
426 4220 475 4282 καί
493 4217 620 4294 Βαανά,
646 4220 696 4282 καὶ
727 4214 813 4303 ραηλ.
837 4219 890 4283 καί
913 4218 975 4284 εἶπε
999 4215 1100 4307 κύριος
1118 4217 1195 4304 πρὸς
1214 4220 1256 4283 σε’.
1295 4215 1331 4282 σὺ

89 4300 224 4384 είςηλθον
237 4306 268 4367 ἐν
281 4305 325 4365 τῶ
337 4308 465 4383 καύματι
479 4305 530 4383 τῆς
539 4297 697 4385 ἡμέραςεές
726 4313 880 4384 ποιμανείς
898 4299 950 4368 τὸν
967 4300 1042 4369 λαόν
1054 4330 1111 4386 μου
1131 4302 1184 4364 τὸν
1198 4297 1334 4382 Ἰσραὴλ,

89 4382 172 4449 οίνιον
186 4366 333 4469 Ἰεβοσθέ,
358 4387 409 4448 καί
432 4381 523 4459 αὐτὸς
540 4379 697 4449 ἐκάθευδεν
710 4424 713 4491 η
727 4384 827 4450 καὶσὺ
840 4387 891 4467 ἐίνη
904 4391 943 4460 εἰς
956 4381 1119 4468 ἡγούμενον
1132 4383 1181 4443 ἐπὶ
1194 4380 1245 4472 τάν
1258 4376 1335 4445 λαόν

89 4469 120 4528 ἐν
144 4471 180 4554 τῇ
205 4472 289 4558 κοίτη
316 4471 368 4549 της
389 4471 574 4553 μεσημβρίας.
614 4467 629 4509 ⁶
648 4469 698 4530 καὶ
710 4530 713 4543 ,
726 4456 921 4552 μουἸσραίᾖλ.
944 4468 1022 4530 3καί
1034 4468 1170 4548 ἐρχονται
1182 4464 1335 4620 παντεηοί

1206 4564 1279 4619 πρεσ
1300 4565 1331 4601 υ-
