2924 4972
437 262 713 325 ΑΡΙΘΜΟΙ
750 260 961 345 Κεφ.λα’.3ί.
1254 268 1318 333 169

74 377 130 437 τοῦ
146 380 248 460 κυρίου
265 382 305 469 τῆ
322 352 1317 467 ΜαδιάνἾ-χῖλίοΜνῗ-κποκτεπ-νῶνάροωαὸν

73 456 176 538 φυλῆς,
189 457 299 543 χιλίους
311 463 344 523 ἐκ
354 460 457 543 φυλῆς,
468 459 499 523 ἐκ
508 466 681 542 πασῶνφυ-
710 466 741 527 ἐν
752 462 835 555 πάση
849 468 887 557 τῆ
900 460 1052 550 ἇπαρτίᾳ,
1067 469 1170 529 πᾶσαν
1180 479 1315 542 γυναῖκα,

47 589 53 599 .
73 538 132 602 λῶν
144 543 218 603 υἶῶν
227 538 358 626 Ἰσραῆλ,
369 541 568 607 ἆποστείλατε
579 568 681 629 παρα·
710 541 773 626 ῆτις
785 549 860 622 ἔγνω
872 551 975 649 κοίτην
983 546 1106 631 ἄρσενος
1114 544 1313 613 ἀποκτείνατε.

73 617 232 697 τάξασθαι.
272 624 349 687 ‘nai
362 628 410 707 ἐξῆ
431 631 564 710 ίδμησαν
577 627 609 688 ίκ
619 630 681 690 τῶν
710 627 795 692 12καί
807 631 909 693 πᾶσαν
919 654 973 713 την
984 627 1137 716 άπαρτίαν
1145 636 1206 694 τῶν
1213 656 1316 707 γυναι-

73 701 211 788 χιλιάδων
232 703 357 789 Ἰσραῆλ
382 650 492 792 χιλίους
515 712 548 772 ἐκ
574 707 680 791 φυλῆς,
711 713 786 785 κῶν,
811 706 875 793 ῆτις
898 707 1037 777 ούκσίδε
1056 719 1157 797 κοίτην
1182 712 1315 799 ἄρσενος,

73 786 188 851 διάδεκα
201 785 334 873 χιλιάδας
347 790 555 872 ένωπλισμένσι
568 795 607 865 είς
619 815 681 853 πα·
712 788 876 876 ζωγρῆσατε
889 790 989 869 αὐτάς.
1011 796 1041 837 ¹⁹
1050 798 1101 860 καί
1112 797 1190 879 ὑμεῖς
1200 822 1316 903 παρεμ-

73 865 203 949 ράταξιν.
255 873 340 935 “mi
369 870 536 938 ἀπέστειλεν
570 871 681 947 αὐτούς
709 868 950 960 βάλετεῖξωτῆς
960 878 1144 979 παρεμβολῆς
1155 878 1233 944 ἑπτά
1243 880 1315 964 ημέ.

73 958 210 1035 Μωυσῆς
224 954 497 1040 χιλίουςέκφυλῆς,
522 957 634 1041 χιλίους
646 960 679 1020 ἐκ
710 980 773 1037 ρας.
810 959 870 1028 πῶς
888 952 906 1019 ὃ
923 954 1032 1021 άνελολν
1046 960 1099 1022 καί
1115 986 1133 1023 ο
1150 957 1316 1044 ἁπτόμενος

73 1035 168 1118 φυλῆς
182 1032 237 1099 σύν
248 1035 365 1117 δυνάμει
379 1036 493 1115 αὐτῶν,
517 1042 568 1104 καί
582 1038 680 1112 Φινεὲς
711 1040 767 1101 τοῦ
779 1040 961 1120 τετρωμένου
974 1035 1178 1124 ἆγνισθῆσεται
1191 1049 1228 1125 τῆ
1242 1040 1316 1127 ῆμέ-

73 1118 138 1182 υἶὸν
148 1115 288 1205 ’Ἐλεάζαρ
300 1124 371 1184 υίσῦ
379 1118 498 1206 Ἀαράν
506 1127 561 1199 τοῦ
571 1126 679 1204 ίερέως.
712 1145 752 1223 ρρ
764 1125 802 1211 τῆ
821 1124 922 1223 τρίτη,
938 1122 990 1182 καί
1001 1126 1038 1203 τῆ
1050 1118 1145 1223 ῆμέρφ
1157 1130 1194 1215 τῆ
1206 1114 1317 1217 έβδόμη

71 1203 124 1264 καί
136 1200 175 1263 τά
189 1199 275 1283 σκεύη
286 1202 327 1266 τά
340 1200 427 1277 άγια,
444 1206 495 1267 καὶ
508 1207 542 1266 αλ
554 1199 682 1279 σάλπιγ·
713 1213 792 1283 υμεῑς
806 1227 858 1264 και
875 1199 893 1282 ῆ
911 1201 1096 1284 αλχμαλωσία
1111 1210 1198 1285 υμῶν.
1223 1210 1254 1251 ²⁰
1266 1210 1318 1271 καί

72 1309 120 1360 γες
131 1288 194 1346 τῶν
212 1289 367 1389 σημασιῶν
384 1286 414 1345 ἐν
430 1295 496 1357 ταῖς
513 1287 609 1368 χερσίν
628 1282 683 1346 αύ-
712 1288 775 1347 πᾶν
786 1282 951 1369 περίβλημα
963 1284 1014 1346 καί
1025 1286 1089 1346 πᾶν
1098 1291 1200 1360 σκεῦος
1209 1285 1318 1369 &0⁵¹4-

74 1370 144 1429 τῶν.
171 1366 184 1406 2
197 1390 249 1427 και
260 1360 467 1447 παρετάξαντο
484 1368 534 1428 ἐπὶ
547 1365 683 1441 Μαδιάν,
714 1389 807 1441 τινον,
826 1366 877 1429 καί
888 1371 991 1431 πᾶσαν
1002 1366 1143 1467 ἐργασίαν
1154 1368 1186 1443 ἐξ
1197 1372 1317 1444 αίγείας,

75 1445 161 1510 καθά
179 1446 342 1509 ἐνετείλατο
360 1442 459 1530 κύριος
474 1452 607 1540 Μωυσῆ.
634 1451 684 1513 καὶ
713 1450 764 1513 καί
787 1453 850 1512 πάν
874 1453 975 1523 σκεῦος
1002 1448 1118 1524 ξυλινον
1141 1446 1317 1530 άφογνιεϊτε.

76 1527 254 1593 ἀπέκτειναν
265 1531 327 1592 πᾶν
338 1525 496 1614 ἀρσενικόν.
520 1532 599 1593 ’καί
610 1528 682 1606 τούς
712 1535 738 1573 ²¹
750 1533 801 1595 καί
825 1530 903 1595 εἶπεν
926 1525 1066 1629 Ἐλεάζαρ
1090 1528 1107 1594 ὁ
1133 1531 1225 1616 ίερεύς
1239 1528 1317 1617 πρὸς

76 1609 207 1691 βασιλεῖς
219 1610 346 1675 Μαδιάν
361 1610 533 1676 ἀπέκτειναν
545 1609 608 1693 άμα
619 1625 681 1689 τοῖς
711 1614 780 1689 τοὺς
793 1611 904 1699 ἄνδρας
920 1618 971 1697 τῆς
987 1614 1137 1696 δυναμεως
1149 1616 1220 1691 τούς
1232 1618 1317 1762 lq}-

78 1699 271 1797 τραυματίαις
281 1692 389 1759 αὐτῶν.
407 1698 458 1759 καί
470 1695 523 1759 τὸν
536 1693 619 1772 Eheu,
630 1699 681 1761 καί
710 1701 814 1781 μένους
830 1701 864 1761 ἐκ
880 1700 933 1781 τῆς
946 1695 1142 1783 παρατάξεως
1153 1702 1210 1762 τοῦ
1222 1724 1265 1761 πο
1299 1739 1316 1750 -

74 1777 128 1840 τὸν
156 1774 272 1851 Ρυκὸν,
295 1780 347 1841 καὶ
364 1776 418 1841 τὸν
435 1778 535 1863 Σούρ,
560 1780 611 1843 καί
627 1777 681 1844 τὸν
710 1805 776 1863 μου.
801 1783 893 1845 τοῦτο
909 1779 946 1842 τὸ
966 1780 1113 1861 δικαίισμα
1124 1784 1181 1844 τοῦ
1192 1776 1318 1864 νόμουδ

77 1858 155 1944 Θύρ,
181 1859 300 1925 καὶτὸν
313 1858 439 1947 Ῥυβὸκ,
455 1864 541 1925 πέντε
552 1862 681 1946 βασιλεῖς
712 1863 849 1937 συνέταξε
864 1858 966 1948 κύριος
981 1868 1026 1944 τῷ
1038 1865 1169 1955 Μωυσῆ.
1194 1865 1225 1905 22
1236 1861 1317 2010 πλῆν

74 1937 207 2007 Μαδιάν.
233 1945 285 2007 καί
297 1942 352 2008 τὸν
362 1941 498 2048 Βαλαάμ
512 1944 578 2008 υἶδν
587 1945 680 2031 Βεῶρ
711 1951 765 2011 τοῦ
773 1950 896 2031 χρυσίου
905 1946 1018 2009 καὶτοῦ
1027 1941 1171 2028 ἀργυρίου
1179 1950 1231 2010 καλ
1241 1971 1280 2032 χα

74 2023 245 2091 ἀπέκτανον
258 2029 289 2089 έν
301 2029 434 2112 ῥομφαίᾳ
448 2051 501 2092 συν
513 2039 578 2103 τοῖς
586 2053 680 2113 τραυ-
711 2034 765 2093 κοῦ
777 2030 829 2092 καλ
841 2024 962 2113 σιδῆρου
979 2029 1031 2093 καί
1041 2029 1165 2113 μολίβου
1176 2030 1228 2093 καὶ
1240 2054 1315 2093 κασ-

73 2115 194 2191 ματίοις
214 2105 324 2173 αὐτῶν.
362 2111 443 2174 2καί
461 2106 680 2192 ἒπρονάμευσαν
712 2114 841 2197 σιτέρου.
862 2111 967 2174 22πᾶν
977 2107 1132 2196 πράγμαὸ
1144 2108 1316 2176 διελεύσεται

73 2190 127 2267 τὰς
142 2202 284 2269 γυναῖκας
296 2192 438 2267 Μαδιάν,
463 2194 515 2257 καί
533 2192 588 2275 τῆν
600 2192 681 2258 ἀπσ-
712 2198 742 2258 ἔν
753 2194 841 2273 πυρὶ,
858 2194 909 2256 καί
921 2188 1192 2277 καδαρισθῆσεται,
1217 2191 1280 2257 ἀλλ’
1296 2191 1315 2275 ῆ

74 2275 178 2358 σκευῆν
196 2272 311 2349 αὐτῶν,
335 2277 385 2338 καὶ
403 2273 443 2338 τά
460 2273 553 2358 κτῆνη
569 2273 681 2352 αὐτῶν,
712 2280 758 2358 τῷ
770 2272 857 2338 ὕδατι
872 2280 930 2338 τοῦ
942 2270 1085 2357 ἁγνισμοῦ
1098 2272 1314 2358 άγνισδῆσεται.

72 2359 124 2422 καί
135 2352 238 2421 πάντα
249 2356 290 2421 τά
301 2360 428 2440 ἔγκτητα
440 2354 550 2421 αὐτῶν.
563 2359 615 2421 καλ
626 2358 682 2440 τῆν
712 2361 764 2421 καί
784 2352 884 2421 πάντα
902 2353 962 2421 ὅσα
978 2355 1032 2422 ἐάν
1048 2357 1088 2441 μῆ
1105 2353 1317 2464 διαπορεύηται

74 2437 197 2520 δύναμιν
215 2435 566 2522 οὗτῶνέπρονάμευσαν,
589 2443 619 2484 ¹⁰
632 2442 683 2503 καλ
714 2438 765 2503 διὰ
788 2437 898 2523 πυρὸς,
930 2436 1104 2503 διελεύσεται
1136 2439 1170 2503 δι’
1198 2438 1315 2513 ύδατος.

73 2518 178 2594 πάσας
194 2519 248 2594 τάς
270 2517 370 2594 πόλεις
386 2518 486 2583 αὐτῶν
501 2522 556 2595 τὰς
572 2525 602 2583 ἐν
619 2534 683 2596 ταῖς
714 2524 745 2562 ²⁴
758 2522 809 2583 καί
825 2517 981 2583 πλυνεῖσθε
1000 2518 1039 2582 τά
1056 2516 1157 2598 ίμάτια
1172 2526 1209 2611 τῆ
1222 2518 1318 2603 ῆμέρφ

73 2608 240 2675 κατοικίαις
266 2599 383 2676 αὐτῶν,
408 2602 459 2665 καί
478 2599 531 2676 τάς
548 2600 684 2678 ἐπαύλεις
715 2607 753 2684 τῆ
767 2598 892 2700 ἑβδόμη,
909 2602 960 2663 καὶ
971 2596 1242 2684 καθαρισθῆσεσθε.
1268 2605 1319 2665 καλ

73 2685 176 2754 αὐτῶν
188 2688 352 2789 ἐνέπρησαν
363 2687 394 2748 έν
404 2690 484 2767 πυρί.
509 2688 534 2727 ¹¹
546 2687 598 2748 καὶ
610 2685 685 2750 ἔλα·
715 2674 787 2767 μἐτά
804 2707 903 2748 ταυτα
918 2679 1108 2756 ελςελεύσεσθε
1119 2688 1157 2757 εἰς
1170 2683 1225 2766 τῆν
1236 2708 1318 2762 παρ-

72 2775 129 2856 βον
141 2773 244 2834 πᾶσαν
260 2793 314 2851 την
325 2769 477 2853 προνομὴν
490 2767 606 2844 αὐτῶν,
632 2772 683 2832 καί
715 2762 847 2854 εμβολῆν.
885 2766 915 2809 ²⁵
928 2769 978 2830 καί
995 2760 1117 2847 ἕλάλησε
1133 2762 1232 2851 κύριος
1242 2765 1318 2851 πρὸς

73 2850 176 2917 πάντα
190 2851 229 2916 τά
249 2851 341 2916 σκῦλα
359 2851 458 2916 αὐτῶν
477 2849 540 2915 ἀπὸ
560 2849 682 2937 ἀνδρῶ-
715 2855 864 2934 Μωυσῆν,
877 2849 978 2927 λέγων.
991 2844 1098 2995 2θλάῆι
1112 2875 1148 2914 το
1158 2846 1318 2931 κεφάλαιον

73 2963 133 3001 που
147 2941 203 3010 ἕως
215 2932 347 3019 κτῆνους.
372 2939 400 2977 22
413 2938 464 2998 καί
481 2934 594 3018 ῆγαγον
606 2934 682 3020 πρὸς
714 2942 774 3001 τῶν
787 2931 902 2999 σκύλων
913 2938 965 3016 τῆς
978 2939 1067 3017 αἶχμα
1085 2939 1177 3008 ωσίας
1190 2930 1250 2997 άπὸ
1264 2931 1316 2996 άν-

74 3024 214 3102 Μωυσῆν
226 3020 276 3082 καὶ
289 3018 366 3101 πρὸς
376 3015 517 3103 Ἐλεάζαρ
526 3019 581 3082 τὸν
592 3021 681 3104 ἱερέα,
714 3014 845 3102 δρῶσαν
860 3023 914 3092 ἕως
926 3014 1048 3121 κτῆνους
1064 3011 1101 3079 σύ
1113 3019 1164 3079 καλ
1177 3011 1316 3098 Ἐλεάζαρ

74 3105 125 3166 καί
142 3101 220 3183 πρὸς
236 3098 353 3175 πάντας
369 3099 452 3178 υἱούς
467 3101 604 3187 Ἰσραὴλ,
629 3103 683 3185 τῆν
716 3100 835 3186 ὁῖερεύς
851 3102 944 3164 καλοῖ
961 3100 1096 3185 άρχοντες
1111 3104 1173 3162 τῶν
1183 3103 1317 3182 πατριῶν

74 3187 276 3270 αἰχμαλωσίαν
299 3187 350 3248 καὶ
369 3184 408 3248 τὰ
425 3184 535 3259 σκῦλα,
560 3186 612 3248 καὶ
628 3186 683 3268 τῆν
714 3189 767 3268 τῆς
779 3187 957 3267 συναγωγῆς.
972 3186 1058 3247 22καί
1070 3182 1184 3247 διελεῖτε
1195 3180 1234 3245 τὰ
1245 3186 1318 3245 σκῦ·

73 3265 680 3354 προνομῆνείςτῆνπαρεμβσλῆνείςἈρα-
715 3269 753 3331 λα
785 3265 934 3346 άναμέσον
962 3271 1022 3329 τῶν
1049 3265 1231 3346 πολεμιστῶν
1256 3269 1317 3327 τῶν

74 3354 145 3438 βῶθ
159 3350 280 3433 Μωὰβ,
305 3348 325 3429 ἢ
343 3353 420 3412 ἐστιν
433 3353 484 3414 ἐπὶ
495 3354 550 3413 τοῦ
563 3345 683 3433 Ἰορδά-
716 3351 967 3432 έκπεπσρευμένων
975 3353 1013 3421 είς
1022 3348 1075 3429 τῆν
1082 3345 1257 3428 παράταξιν,
1265 3349 1318 3410 καί

74 3460 129 3498 νου
143 3428 351 3511 κατὰἸεριχῶ.
369 3434 457 3494 23καὶ
470 3432 573 3512 ἐξῆλθε
584 3441 684 3498 Μωυ-
717 3430 862 3513 ἇναμέσον
886 3424 983 3510 πάσης
1008 3432 1183 3507 συναγωγῆς.
1224 3431 1254 3469 ²⁸
1265 3432 1319 3491 καὶ

78 3521 132 3596 σῆς
149 3515 201 3575 καλ
215 3509 356 3593 Ἐλεάζαρ
375 3509 393 3574 ὁ
413 3514 502 3596 ίερεὺς
516 3516 567 3577 καί
578 3514 684 3590 πάντες
717 3513 848 3594 ἇφελεῖτε
871 3511 956 3584 τέλος
976 3515 1068 3593 κυρίῳ
1086 3505 1171 3592 παρά
1186 3512 1246 3571 τῶν
1265 3507 1317 3571 άν-

77 3602 109 3662 oi
122 3595 260 3680 άρχοντες
276 3598 328 3676 τῆς
346 3599 515 3677 συναγωγῆς
527 3599 566 3668 εἰς
579 3593 685 3661 συνάν-
716 3591 853 3681 θρῶπων
875 3597 935 3655 τῶν
956 3592 1139 3671 πολεμιστῶν
1157 3593 1218 3652 τῶν
1234 3592 1318 3654 ἐκπε-

75 3705 160 3764 τησιν
185 3676 291 3751 αὐτοῖς
321 3677 383 3750 ἔξω
414 3680 467 3757 τῆς
491 3678 684 3760 παρεμβολῆς.
717 3681 900 3763 πορευμένων
922 3681 961 3749 εἷς
977 3674 1031 3757 τῆν
1045 3668 1224 3758 παράταξιν,
1247 3678 1318 3752 μίαν

76 3765 106 3806 ¹⁴
119 3766 171 3826 καὶ
184 3761 322 3844 ὠργίσθη
334 3762 471 3843 Μωυσῆς
484 3760 535 3822 ἐπὶ
548 3770 609 3832 τοῖς
622 3763 686 3823 ἐπι-
718 3758 814 3841 ψυχῆν
825 3758 887 3824 άπὸ
900 3763 1111 3834 πεντακοσίων,
1124 3754 1186 3821 άπὸ
1197 3759 1256 3818 τῶν
1264 3754 1317 3819 άν-

79 3844 205 3919 σκόπσις
216 3850 269 3928 τῆς
280 3839 442 3924 δυνάμεως,
466 3838 625 3927 χιλιάρχοις
636 3844 687 3905 καί
718 3837 869 3922 θρῶπων,
894 3843 945 3904 καὶ
956 3838 1019 3904 άπὸ
1038 3845 1099 3904 τῶν
1117 3843 1242 3922 κτηνῶν,
1267 3843 1318 3904 καί

77 3925 305 4012 ἑκατοντάρχοις
324 3937 386 4001 τοῖς
405 3927 568 4010 ἐρχομένοις
585 3928 616 3988 ἐκ
633 3929 686 4000 τ”ς
718 3919 782 3987 ἀπὸ
800 3926 861 3986 τῶν
871 3927 965 4008 βοῶν,
990 3925 1041 3986 καί
1053 3921 1113 3987 άπὸ
1126 3926 1186 3985 τῶν
1201 3918 1316 4026 προβά-

77 4009 274 4098 παρατάξεως
292 4014 349 4074 τοῦ
365 4009 507 4091 πολέμου.
533 4010 560 4051 ¹⁵
571 4010 624 4072 καί
643 3952 684 4073 ελ·
716 4031 790 4081 των,
816 4006 868 4069 καλ
884 4001 946 4069 άπὸ
963 4010 1025 4069 τῶν
1042 4003 1126 4069 ὄνων.
1151 4005 1181 4046 22
1194 4008 1244 4070 καλ
1255 4006 1316 4071 απὸ

78 4120 130 4161 πεν
151 4094 255 4168 αὐτοῖς
272 4096 415 4174 Μωυσῆς.
455 4097 534 4156 ίνατί
557 4089 682 4196 ἐζωχρῆ·
715 4095 773 4155 τοῦ
785 4085 906 4194 ῆμίσους
918 4084 1017 4152 αὐτῶν
1028 4083 1170 4172 λῆηνεσδε.
1195 4084 1316 4153 καλδῶ-

80 4203 151 4244 σατε
171 4183 233 4242 πᾶν
250 4176 347 4260 θῆλυς
385 4177 413 4219 22
426 4167 514 4239 αύται
531 4176 590 4259 γάρ
608 4200 683 4256 ησαν
716 4200 773 4248 σεις
869 4168 932 4255 ἀρ
957 4174 1001 4276 τῆ
1027 4175 1098 4257 ἱερεῖ
1110 4170 1163 4246 τάς
1182 4169 1317 4252 ἀπαρχάς

79 4265 232 4335 τοῑςυίοῐς
246 4256 368 4341 Ἰσραῆλ
382 4256 509 4321 κατὰτὸ
522 4261 600 4342 ῥῆμα
612 4263 683 4321 Ba·
716 4263 826 4339 κυρίου.
864 4254 959 4319 2οκαλ
975 4251 1036 4319 απὸ
1052 4260 1106 4319 τοῦ
1125 4251 1246 4334 ἡμίσους
1260 4258 1316 4316 τού

80 4341 160 4426 λαὰμ
175 4347 232 4405 τοῦ
249 4340 416 4424 ἀποστῆσαι
434 4342 483 4404 καλ
496 4337 637 4425 ὑπεριδεῖν
649 4336 685 4403 τὸ
717 4345 776 4403 τῶν
792 4343 864 4403 υίῶν
879 4336 1001 4423 Ἰσραῆλ
1013 4333 1105 4434 λῆηιηχ
1111 4342 1161 4398 ἕνα
1174 4332 1317 4436 ἇπόἱπενῖ

79 4432 158 4512 ῥῆμα
171 4430 288 4508 κυρίου,
312 4430 401 4488 ένεκεν
414 4418 532 4506 Φογῶρ.
558 4424 610 4486 καλ
622 4426 686 4498 ἐγέ-
717 4418 843 4505 τῆκοντα
856 4418 918 4484 άπὸ
930 4424 990 4484 τῶν
1000 4418 1180 4498 Momm,
1192 4439 1246 4509 καλ]
1256 4438 1318 4475 απθ

81 4532 146 4573 νετο
164 4504 294 4590 ῆπληγῆ
308 4508 338 4570 ἐν
351 4512 387 4601 τῆ
403 4509 556 4598 συναγωγῆ
571 4510 683 4589 κυρίου.
717 4508 778 4568 τῶν
800 4507 881 4589 βοῶν
885 4550 895 4577 ,
920 4503 971 4565 καί
992 4496 1055 4561 άπὸ
1072 4500 1132 4557 τῶν
1148 4498 1319 4631 προβοιτρῑιιχΞ
