2924 4972
495 880 1016 972 PRAEFATIO

374 1178 434 1241 tu
479 1178 790 1244 llllllldllllll
837 1179 1136 1245 secururs.

222 1908 333 2043 Quum
352 1978 454 2041 nuper
473 1957 728 2021 animadversum
747 1968 829 2022 esset
852 1957 940 2037 (vide
955 1956 1025 2021 Vet.
1045 1961 1130 2025 Test.
1150 1961 1198 2025 ed.
1219 1957 1372 2023 Tiseben-

134 2093 220 2172 dors,
242 2096 333 2161 1850.
352 2117 426 2183 pag.
444 2095 570 2160 XXIX
588 2093 650 2180 sq.)
673 2095 767 2181 plura
788 2118 858 2161 esse
884 2098 916 2159 in
943 2106 1031 2184 textu
1055 2095 1199 2160 editionis
1218 2096 1372 2162 Essianae

134 2255 217 2317 quae
241 2235 480 2300 emendatricem
511 2257 640 2298 manum
667 2235 728 2299 sibi
749 2235 960 2322 postularent,
984 2235 1035 2300 vel
1058 2259 1098 2299 ex
1120 2235 1243 2300 incuria
1265 2258 1372 2301 eorum

134 2373 191 2454 qui
213 2372 385 2457 impressas
415 2374 492 2436 olim
521 2373 669 2459 plagulas
696 2375 921 2448 correxissent,
952 2374 1063 2438 velex
1084 2385 1233 2460 typorum
1255 2376 1373 2457 iniqui·

135 2519 199 2572 tate
222 2530 288 2590 qua
309 2508 400 2569 multi
423 2520 569 2571 accentus
599 2508 776 2589 similiaque
801 2507 974 2591 perissent,
1010 2529 1073 2569 non
1096 2509 1195 2569 deluit
1220 2512 1375 2574 industria

135 2654 238 2709 totum
269 2653 388 2707 textum
416 2646 681 2729 quemadmodum
707 2645 779 2709 fixis
805 2644 916 2710 formis
944 2668 1114 2732 expressus
1142 2657 1188 2711 est
1215 2647 1374 2735 relegendi

135 2796 165 2850 et
188 2785 374 2872 corrigendi.
421 2784 528 2867 Quam
551 2787 591 2849 ad
614 2787 862 2852 emendationem
880 2788 1010 2851 accessit
1033 2787 1093 2850 alia
1116 2789 1269 2852 eiusmodi
1292 2811 1373 2872 quae

134 2947 199 2989 non
221 2935 341 2988 tantum
365 2925 405 2988 ad
422 2924 593 2988 Essianam
616 2926 787 2990 sedetiam
810 2927 849 2990 ad
872 2928 974 3012 ipsam
996 2926 1181 2991 Vaticanum
1205 2928 1372 2992 editionem

134 3065 311 3151 pertineret.
369 3063 458 3129 Haec
489 3065 571 3128 enim
602 3066 748 3149 quamvis
780 3076 867 3130 tanta
896 3089 973 3152 prae
1004 3066 1150 3130 omnibus
1181 3066 1372 3130 editionibus

135 3202 206 3267 aliis
237 3205 430 3289 praestantia
461 3203 608 3281 excellat,
641 3215 745 3268 tamen
776 3216 806 3269 et
837 3207 907 3291 ipsa
937 3206 1057 3291 passim
1088 3205 1182 3268 habet
1205 3227 1287 3288 quae
1307 3228 1371 3270 non

134 3355 218 3409 reete
240 3344 398 3429 legtmtur.
444 3343 537 3424 Quae
559 3345 686 3427 quidem
712 3367 752 3408 ne
783 3345 900 3409 intacta
929 3344 1192 3427 relinqueremus,
1231 3345 1372 3428 ipsorum

135 3484 293 3549 editorum
315 3481 529 3547 Romanorum
552 3485 720 3548 auotoritas
744 3486 858 3560 vetuit;
889 3484 951 3569 ipsi
982 3482 1066 3546 enim
1088 3480 1283 3567 exemplaria
1312 3483 1372 3546 im-

135 3644 261 3710 pressa,
285 3633 453 3706 antequam
475 3623 507 3685 in
533 3623 648 3710 vulgus
667 3625 847 3700 ederentur,
872 3632 919 3686 sat
941 3621 1048 3686 multis
1071 3621 1148 3686 locis
1170 3633 1372 3686 correxerunt

133 3762 266 3827 calamo.
313 3761 459 3843 Quarum
477 3763 730 3827 emendationum
753 3785 851 3847 quum
871 3762 950 3825 aliae
973 3784 992 3824 a
1013 3761 1173 3847 plerisque
1191 3761 1371 3826 recentiori-

132 3903 194 3966 bus
214 3901 386 3965 editoribus
404 3924 476 3966 oum
494 3902 596 3985 iisque
614 3904 708 3966 etiam
727 3902 766 3968 ab
784 3902 880 3967 Essio
899 3901 1083 3967 observatae
1102 3911 1189 3979 sunt,
1210 3911 1276 3965 tum
1292 3900 1372 3968 aliae

133 4065 188 4106 eos
210 4041 369 4127 fugerunt.
421 4041 580 4128 Exempla
601 4043 855 4108 emendationum
877 4042 1031 4107 eiusmodi
1049 4043 1112 4105 iam
1131 4042 1170 4106 ab
1189 4041 1284 4105 Essio
1301 4053 1373 4127 post

132 4181 212 4244 alios
235 4190 433 4266 receptarum
451 4181 529 4247 haee
551 4192 636 4246 sunt:
661 4181 742 4248 Gen.
760 4184 811 4260 36,
831 4184 881 4246 37.
901 4179 1028 4263 Σαμαδά
1046 4205 1103 4267 pro
1118 4178 1244 4262 Σαμαά,
1266 4179 1370 4244 Exod.

132 4321 256 4397 34,11.
279 4317 435 4400 metopae
452 4344 510 4406 pro
529 4320 706 4402 lasellnpnq
746 4323 826 4387 Lev.
848 4326 897 4400 18,
917 4324 946 4386 3.
972 4320 1011 4383 ἐπ’
1033 4320 1102 4399 αὐτῇ
1128 4343 1186 4405 pro
1213 4318 1252 4380 ἐπ’
1275 4317 1372 4393 athrim

132 4460 152 4519 2
174 4457 369 4545 Paralipom.
396 4462 451 4536 18,
479 4463 529 4525 21.
554 4462 654 4543 ψευδές
674 4484 733 4548 pro
753 4460 884 4539 ἀψευδές,
906 4463 1023 4527 ibidem
1043 4462 1094 4536 36,
1124 4461 1174 4520 22.
1201 4452 1297 4533 Κύρου
1315 4465 1374 4531 pr⁰
