2924 4972
274 237 578 306 ΒΑΣΙΛΕΙΩΝ
604 240 760 303 ΤΡΙΊἮ
797 243 874 319 Κεφ.
887 233 933 321 ιη’.
950 238 1002 303 ιδ’.
1021 238 1067 304 18.
1083 242 1132 305 19.
1153 237 1327 345 *367

83 360 153 433 θεὸς
164 353 375 432 αῦτὸςδθεύς.
389 357 478 421 4οκαί
488 356 567 423 εἶπεν
575 355 686 424 Ἠλιοῦ
724 356 796 434 τούς
820 363 953 447 πατέρας
980 388 1048 443 μου.
1085 363 1162 427 8καί
1186 365 1329 447 ἐκοιμήθη

82 439 158 544 πρὸς
176 436 230 506 τὸν
246 435 327 505 λαόν.
355 436 513 525 αυλλάβετε
531 437 599 514 τούς
611 466 685 526 προ-
722 445 775 509 καί
787 438 916 511 ῦπνωοεν
927 447 989 509 ἐκεῖ
1000 441 1060 510 ῦπδ
1073 442 1176 526 φυτόν.
1199 450 1249 512 καί
1261 448 1327 513 ἐδού

83 549 178 628 φητας
194 526 249 589 τοῦ
262 520 372 598 Βάαλ,
396 524 493 607 μηδεὶς
511 519 688 607 σωθήτωέξ
724 549 766 600 τις
791 524 895 609 ήφατο
917 524 1028 605 αύτοῦ,
1055 530 1107 592 καί
1131 527 1210 594 εἶπεν
1233 527 1327 612 αύτῷ.

83 612 190 672 αυταῦν.
201 607 253 671 καί
262 605 422 691 συνελοβον
431 603 549 682 αύτούς,
558 607 609 671 καί
618 631 686 671 κατ·
723 602 872 712 ἀνάστηθι
890 613 942 675 καί
958 606 1042 691 φάγε.
1073 612 1154 676 οκαί
1169 611 1331 697 ἐπέβλεψεν

84 686 144 768 άγει
156 688 269 763 αύτούς
278 687 391 754 Ἠλιοῦ
401 692 441 764 είς
450 687 503 756 τόν
513 685 687 794 ηειμάῤῥουν
721 688 843 757 Ἠλιου.
863 694 915 757 καί
928 691 994 756 ἰδού
1006 691 1082 780 πρὸς
1093 694 1221 778 κεφαλῆς
1233 691 1330 759 αύτοῦ

83 778 219 847 Κισσῶν,
257 774 308 837 καί
336 775 461 877 ἔσφαξεν
485 772 595 849 αυτούς
620 775 686 837 ἐκεῖ.
723 777 884 858 ἐγκρυφίας
896 773 1033 861 ὀλυρίτης
1043 780 1094 842 καί
1105 774 1243 863 καφάκης
1254 774 1329 843 ῦδα-

82 853 388 922 41καίείπενἨλιου
406 861 451 938 τῷ
464 853 586 943 Ἀχαάβ.
613 851 684 921 ἀνά·
723 880 783 930 τος.
815 858 866 921 καί
882 855 990 941 ἀνίστη
1007 860 1059 924 καί
1077 863 1167 941 ἐφυγε
1183 865 1235 926 καί
1253 864 1328 937 ἔπιε,

79 945 165 1027 βηθι,
179 939 229 1003 καί
242 934 317 1018 φάγε
328 941 381 1004 καὶ
391 946 451 1016 πίε,
468 935 515 1004 ὅτι
529 937 613 1022 φωνή
626 943 688 1003 τῶν
723 941 776 1003 καί
791 940 972 1025 ἐπιστρέψας
990 938 1141 1026 ἐκοιμήθη.
1164 946 1242 1010 7καί
1258 945 1329 1009 ἐπί·-

80 1025 185 1088 ποδῶν
197 1025 254 1086 τοῦ
267 1018 362 1088 ύετοῦ.
375 1023 464 1089 42καί
475 1021 564 1168 ἀνέβη
574 1020 688 1127 Ἀηαάβ
724 1044 760 1087 στ
792 1040 848 1102 φιν
858 1019 876 1086 ὁ
888 1021 1009 1099 ἀγγελος
1020 1030 1122 1109 κυρίου
1135 1028 1167 1090 ἐκ
1178 1027 1327 1109 δευτέρου,

81 1109 137 1172 τοῦ
146 1113 249 1185 φαγεῖν
257 1107 401 1170 καίπιεῖν.
415 1102 518 1170 καίἨ
549 1102 687 1188 ούανέβη
724 1129 763 1168 κα
799 1100 903 1188 ήφατο
928 1102 1039 1180 αὐτοῦ,
1064 1107 1116 1169 καί
1137 1106 1216 1172 εἶπεν
1231 1108 1325 1190 αὐτῷ.

80 1191 133 1254 ἐπί
145 1184 200 1272 τήν
212 1183 377 1271 Κάρμηλον
389 1189 440 1251 καί
453 1190 559 1268 ἐίιυηιεν
571 1189 623 1250 ἐπὶ
634 1183 687 1268 τήν
724 1183 844 1252 ἀνάστα
862 1182 953 1270 φάγε,
978 1182 1026 1251 ὅτι
1042 1186 1141 1271 πολλή
1159 1187 1220 1254 ἀπὸ
1239 1193 1296 1254 σοῦ
1312 1185 1322 1208 ³

81 1275 151 1354 γῆν,
177 1271 229 1333 καὶ
250 1273 341 1354 ἔθηκε
358 1269 395 1333 τὸ
412 1265 573 1353 πρόςωπον
591 1265 688 1333 αύτοῦ
725 1264 804 1344 ὁδός.
834 1271 916 1335 οκαί
933 1267 1056 1352 ἀνίστη,
1082 1274 1133 1335 καί
1152 1271 1254 1352 ἐφαγε,
1278 1217 1329 1335 καλ

82 1351 229 1433 ἀναμὲοον
241 1357 301 1414 τῶν
311 1346 448 1428 γονάτων
460 1349 568 1426 αὐτοῦ,
592 1350 624 1394 ⁴³
637 1353 689 1416 καί
725 1354 796 1417 ἔπιε.
840 1355 892 1417 καί
925 1348 1078 1437 ἐπορεύθη
1108 1355 1140 1419 ἐν
1169 1349 1251 1438 ἰσχύϊ
1276 1357 1329 1433 τῆς

82 1433 145 1498 εἶπε
168 1437 213 1514 τῷ
238 1434 389 1518 παιδαρίῳ
415 1433 518 1499 αὐτοῦ.
544 1431 687 1520 ἀνάβηθι,
723 1432 858 1520 βρώσεως
870 1438 976 1519 ἐκείνης
988 1431 1208 1520 τεσσαράκοντα
1220 1431 1329 1520 ήμέρας

82 1519 134 1583 καί
146 1514 306 1602 ἐπίβλειμσν
319 1512 391 1581 ὁδὸν
400 1521 452 1601 τῆς
460 1513 623 1601 θαλάσσης.
636 1518 688 1581 καί
724 1520 776 1583 καί
799 1513 1020 1601 τεσσαράκοντα
1040 1515 1145 1595 νύκτας
1163 1523 1219 1593 ἕως
1239 1517 1329 1605 ὅρους

82 1598 227 1701 ἐπέβλειρε
239 1596 274 1664 τδ
286 1595 455 1685 παιδάριον,
467 1602 519 1665 καί
530 1599 615 1665 εἶπεν.
631 1597 686 1665 οῦκ
723 1597 848 1689 Χωρήβ.
891 1603 972 1667 9καί
994 1600 1122 1683 είςήλθεν
1146 1604 1206 1666 ἐκεῖ
1227 1606 1267 1677 είς
1290 1598 1327 1665 τά

82 1685 276 1748 ἔστινουθίν.
292 1679 561 1749 καίείπενἯλιού.
586 1679 686 1748 καὶσὺ
723 1681 885 1760 σπίλοιιοτ,
918 1686 970 1750 καί
993 1684 1149 1750 κατέλυσεν
1172 1689 1239 1750 ἐκεῖ
1276 1686 1329 1748 καί

82 1769 262 1850 ἕπίστρεψον
274 1762 402 1840 ἑπτάκις.
420 1765 453 1809 ⁴⁴
465 1767 516 1831 καλ
524 1767 686 1850 ἐπέστρεφε
723 1767 789 1834 ίδου
800 1770 879 1854 ῥήμα
891 1772 994 1853 κυρίου
1007 1765 1083 1849 πρὸς
1094 1764 1202 1843 αύτδν,
1222 1767 1274 1830 καί
1285 1765 1328 1831 εί-

79 1848 116 1913 τὸ
136 1844 295 1933 παιδάριον
313 1846 443 1925 ἑπτάκις.
468 1851 519 1914 καί
530 1851 643 1928 ἐγένετο
655 1852 686 1912 ἐν
722 1875 767 1915 πε.
793 1857 824 1915 τί
835 1850 872 1916 σύ
885 1853 1022 1917 ἐνταῦθα
1031 1846 1140 1915 Ἠλιοῦ
1144 1879 1158 1928 ,·
1183 1853 1212 1895 ¹⁰
1224 1847 1346 1929 καίελ,

80 1936 122 2014 τῷ
136 1927 268 2018 ἑβδόμῳ,
284 1933 336 1997 καλ
347 1930 413 1998 ἐδού
426 1933 530 2016 νεφέλη
541 1930 632 2019 μικρά
644 1929 685 2006 ὧς
723 1960 777 2000 πεν
787 1927 906 2000 Ἠλιοῦ.
929 1933 1024 2017 ζηλοῦν
1035 1929 1167 2016 ἐζήλωκα
1179 1938 1222 2018 τῷ
1234 1939 1327 2019 κυρίῳ

80 2014 158 2098 ἴχνος
169 2012 277 2098 ἀνδρὸς
293 2013 448 2095 ἀνάγουσιν
460 2013 554 2102 ῦδωρ.
581 2017 633 2081 καί
645 2013 686 2079 εί-
723 2013 961 2103 παντοκράτορι,
982 2011 1030 2082 ὅτι
1048 2014 1241 2094 ἐγκαταλιπόν
1253 2042 1286 2082 σε
1296 2020 1328 2083 οί

80 2122 140 2162 πεν.
166 2095 305 2204 ἀνάβηθι,
318 2102 369 2164 καί
380 2098 465 2164 εἶπον
473 2097 596 2185 Ἀχαάβ.
623 2101 686 2175 ζεῦ-
725 2098 924 2184 υίοίἸσραήλ.
933 2098 973 2164 τά
983 2095 1180 2201 θυσιαστήριά
1190 2126 1245 2166 σου
1254 2124 1327 2164 κατ-

80 2181 128 2256 ξον
152 2179 189 2246 τὸ
213 2180 294 2267 οίρμα
312 2207 368 2247 σου
387 2183 437 2246 καί
455 2177 622 2267 κατάβηθι,
646 2176 685 2262 μή
724 2185 870 2263 ίσκαψαν,
883 2184 934 2246 καί
945 2179 1015 2256 τοῦς
1026 2208 1185 2267 προφήτας
1197 2209 1254 2248 σου
1265 2181 1326 2247 ἀπ-

22 2332 29 2347 ,
80 2257 235 2349 καταλάβη
252 2262 313 2331 σεδ
328 2260 420 2338 ῦετάς.
458 2263 490 2307 ⁴⁶
503 2266 556 2328 καί
569 2266 684 2341 ἐγένετο
725 2267 852 2329 ε’κτειναν
869 2266 1058 2366 ἐνρομφαίῳ,
1085 2267 1137 2329 καί
1154 2262 1328 2347 ῦπολελειμ·

79 2351 136 2420 ἕως
149 2337 206 2410 ὦδε
217 2337 270 2412 ’καί
281 2338 352 2420 ὦδε,
378 2348 430 2411 καί
443 2341 463 2410 ὅ
475 2342 602 2449 οῦρανδς
614 2370 685 2412 συν-
723 2373 776 2428 μαι
794 2345 853 2424 ἐγὼ
869 2371 1055 2428 μονωτατος,
1080 2349 1132 2411 καί
1143 2349 1260 2430 ζητοῦσι
1273 2345 1327 2430 τήν

80 2423 222 2493 εοκάτασε
242 2429 373 2508 νεφελαις
388 2432 439 2494 καί
455 2451 609 2508 πνευματι,
636 2427 687 2491 καί
788 2424 823 2510 ήν
834 2453 891 2509 μου
904 2426 1004 2513 λαβεῖν
1016 2424 1118 2510 αὐτήν.
1142 2427 1327 2492 11καὶεῖπεν.

81 2511 196 2586 ἐγένετο
215 2505 298 2583 ῦετὸς
313 2513 410 2589 μέγας.
440 2511 492 2573 καί
508 2510 620 2573 ἔκλαιεν
636 2510 687 2572 καί
725 2449 856 2591 ἐὲλύση
878 2507 996 2593 αύρων,
1020 2509 1072 2571 καί
1089 2504 1184 2590 στήση
1205 2505 1329 2575 ἐνούπιον

81 2584 239 2675 ἐπορεύετο
252 2588 364 2676 Ἀχαάβ
377 2596 432 2665 ἕως
443 2588 578 2697 Ἰεζράελ.
596 2591 629 2634 ⁴⁶
638 2592 688 2655 καί
724 2599 829 2678 κυρίου
839 2580 873 2658 ’ἐν
884 2597 928 2674 τῷ
943 2590 1012 2674 ὄρει.
1040 2587 1106 2654 ἰδού
1123 2582 1329 2676 παρελεύσεται

80 2686 141 2758 χεῖρ
155 2680 259 2759 κυρίου
275 2676 327 2738 ἐπὶ
338 2670 390 2738 τὸν
405 2672 531 2749 Ἠλίου,
556 2676 607 2738 καὶ
619 2697 687 2738 συν-
724 2672 833 2761 κύριος.
843 2678 894 2740 καὶ
903 2672 967 2740 ἰδού
977 2677 1091 2755 πνεῦμα
1097 2674 1172 2756 μέγα
1185 2671 1330 2758 κραταιὸν

82 2759 198 2837 ἔσφιγξε
210 2755 262 2841 τήν
272 2755 369 2839 ὀσφύν
381 2755 487 2833 αὐτοῦ,
510 2760 562 2824 καί
576 2761 687 2845 ἔτρεχεν
724 2755 846 2824 διαλύον
859 2757 915 2844 ὅρη
927 2761 979 2824 καί
991 2761 1147 2843 συντρῖβον
1158 2760 1269 2842 πέτρας
1282 2759 1329 2822 ε’ν-

80 2843 248 2928 ὲζαπροσθεν
259 2837 374 2929 Ἀχαάβ
384 2846 423 2917 εἷς
436 2838 568 2929 Ἰεζράελ.
723 2842 817 2909 ω’πιον
828 2848 944 2928 κυρίου,
958 2838 1013 2906 οῦκ
1025 2844 1056 2906 ἐν
1068 2846 1112 2924 τῳ
1122 2840 1266 2924 πνεύματι
1276 2836 1327 2905 κίι

261 2931 295 2992 Κ
308 2932 338 2991 Ε
351 2931 389 2991 (ί).
433 2923 506 2992 ΙΘ’.
722 2953 794 3014 ριος.
819 2928 870 2992 καὶ
885 2924 959 3009 μετά
978 2922 1013 2988 τὸ
1026 2929 1138 3007 πνεῦμα
1150 2922 1327 3006 συσσεισμὸς,

83 2973 165 3084 Καὶ
189 3009 353 3097 ἀνήγγειλεν
372 3009 488 3097 Ἀχαάβ
504 3016 541 3097 τῇ
562 3004 687 3098 Ἰεζάβελ
723 3009 780 3077 οῦκ
798 3012 830 3076 ἐν
846 3014 889 3093 τῷ
911 3011 1074 3113 συσσεισμῳ
1091 3004 1198 3093 κύριος.
1238 3010 1266 3048 ¹²
1277 3009 1329 3071 καί

79 3098 195 3173 γυναικί
215 3095 310 3162 αὐτοῦ
321 3091 422 3161 πάντα
441 3091 463 3160 ά
480 3099 614 3179 ἐποίησεν
628 3095 686 3160 Ἠ·
721 3093 796 3179 μετά
813 3091 867 3159 τὸν
884 3117 1057 3176 συσσεισμον
1069 3097 1146 3177 πῦρ,
1173 3089 1228 3158 οῦκ
1241 3095 1271 3156 ἐν
1283 3095 1328 3155 τοῦ

79 3178 155 3256 λιοὺ,
168 3181 219 3244 καί
231 3176 271 3256 ὡς
284 3177 434 3245 ἀπέκτεινε
446 3176 515 3254 τοὺς
527 3173 685 3284 προφήτας
722 3181 796 3264 πυρί
812 3174 919 3263 κύριος.
951 3181 1001 3242 καί
1017 3174 1091 3260 μετά
1110 3174 1146 3241 τὸ
1163 3180 1226 3261 πῦρ
1245 3159 1328 3256 φωνή

80 3266 112 3326 ἓν
123 3264 269 3365 ρομφαίη.
291 3265 307 3304 ²
319 3264 370 3326 καί
381 3260 552 3328 ἀπέστειλεν
570 3261 686 3348 Ιεζάβελ
722 3261 818 3347 αῦρας
830 3262 945 3343 λεπτής.
958 3262 1044 3323 13καί
1055 3261 1169 3336 ἐγένετο
1183 3255 1224 3331 ὡς
1237 3258 1328 3340 ήκου-

79 3370 157 3428 προς
165 3344 209 3408 'H
211 3344 288 3415 λιού,
303 3343 448 3408 καὶεῖπεν.
461 3342 530 3410 είσύ
543 3342 686 3410 είἨλιού
723 3369 771 3410 σεν
784 3342 910 3415 Ἠλιοῦ,
937 3342 989 3405 καί
1006 3337 1174 3422 ἐπεκάλυφε
1185 3339 1222 3401 τὸ
1235 3335 1329 3421 πρός-

79 3428 131 3490 καλ
144 3423 202 3502 ἐγὼ
217 3423 355 3508 Ἰεζάβελ,
381 3423 452 3490 τάδε
468 3422 593 3507 ποιήσαι
604 3453 655 3508 μοι
668 3422 685 3490 ὁ
723 3449 808 3489 ωπον
821 3422 918 3487 αὐτοῦ
930 3424 960 3485 ἐν
971 3427 1008 3502 τῇ
1019 3422 1139 3511 μηλωτῇ
1153 3417 1264 3495 αύτοῦ,
1277 3422 1330 3483 καί

79 3506 152 3582 θεὸς
173 3509 224 3571 καὶ
240 3503 309 3569 τάδε
327 3513 486 3591 προςθείη,
511 3504 559 3571 ὅτι
576 3504 687 3611 ταύτην
724 3508 830 3590 ἐξῆλθε
851 3506 904 3569 καί
922 3492 996 3586 ἔστή
1010 3502 1068 3567 ῦπὸ
1087 3499 1241 3585 σπήλαιον.
1279 3504 1331 3565 καί

80 3589 135 3675 τήν
153 3585 236 3674 ῦίραν
254 3587 357 3674 αῦριον
373 3584 506 3671 θήσομαι
523 3587 577 3671 τήν
590 3610 686 3673 ψυχην
726 3587 790 3655 ἰδού
803 3586 878 3672 πρὸς
890 3583 986 3652 αὐτὸν
997 3581 1092 3667 φωνή,
1103 3587 1155 3648 καί
1166 3581 1235 3647 είπε.
1252 3588 1283 3646 τί
1294 3582 1329 3648 σύ

81 3701 136 3741 σου
149 3672 253 3747 καθὼς
267 3670 366 3755 ψυχήν
377 3671 442 3746 ἑνὸς
455 3673 485 3748 ἐξ
497 3670 606 3735 αὐτῶν.
619 3674 688 3736 3καί
727 3676 863 3736 ἐνταῦθα
873 3663 984 3735 Ἠλιοῦ
989 3696 1001 3747 ,·
1023 3667 1108 3732 14καί
1121 3663 1328 3732 εἷπενἨλιού.

81 3753 220 3844 ἐφοβήθη
230 3753 340 3820 Ἠλιοῦ
353 3752 520 3838 καὶάνέστη
530 3756 581 3818 καί
591 3752 689 3836 ἀπήλ-
728 3753 822 3836 ζηλῶν
834 3749 966 3837 ἐζήλωκα
989 3755 1033 3834 τῷ
1046 3756 1137 3836 κυρίῳ
1155 3745 1329 3836 παντοκρά·

83 3853 122 3907 θε
134 3838 213 3906 κατά
232 3841 285 3922 τήν
299 3835 397 3923 ψυχήν
411 3836 524 3913 αὐτοῦ,
550 3839 600 3902 καί
611 3841 685 3923 ἔρχε·
728 3861 810 3922 τορι,
836 3834 883 3899 ὅτι
904 3835 1096 3912 ἐγκατελιπον
1114 3831 1166 3938 τήν
1182 3830 1329 3918 διαθήκην

83 3950 133 3989 ται
143 3929 182 3999 είς
189 3922 344 4009 Βηρσαβεέ
353 3927 408 4005 γήν
414 3917 525 3996 Ἰούδα,
536 3923 585 3986 καί
594 3919 690 4006 ἀφήκε
728 3946 781 3987 σου
794 3923 824 3984 οἱ
836 3919 896 3983 υἱοί
905 3914 1035 4001 Ἰσραήλ
1052 3921 1104 3982 καὶ
1115 3942 1154 3982 τα
1164 3915 1330 4002 θυσιαστή-

83 4007 121 4072 τὸ
133 4004 294 4092 παιδάριον
305 4005 402 4072 αὐτοῦ
415 4009 481 4071 ἐκεῖ.
506 4004 586 4071 *καί
598 4004 690 4082 αὐτὸς
727 4001 778 4092 ριά
792 4029 845 4069 σου
858 4002 1015 4079 καθεῖλαν,
1028 4002 1079 4065 καὶ
1091 3999 1162 4077 τούς
1173 4001 1329 4089 προφήτας

84 4087 235 4195 ἐπορεύθη
260 4094 290 4155 ἐν
303 4095 342 4173 τῆ
360 4086 458 4175 ἐρήμῳ
483 4086 554 4154 ὁδὸν
572 4087 688 4176 ἡμέρας,
728 4116 782 4156 σου
795 4086 965 4155 ἀπέκτειναν
977 4087 1007 4150 ἐν
1018 4087 1166 4172 ῥομφαίᾳ,
1186 4088 1239 4151 καί
1252 4083 1330 4150 ῦπο·

84 4176 137 4239 καί
149 4175 224 4258 ηλθε
236 4175 286 4238 καί
296 4163 430 4238 ἐκάθισεν
439 4156 584 4238 ῦποκάτω
592 4170 689 4239 Ῥαθ-
726 4173 876 4257 λέλειμμαι
889 4166 947 4248 ε’γώ
956 4165 1140 4254 μονώτατος,
1148 4173 1201 4235 καί
1209 4171 1329 4252 ζητοῦσι

83 4256 150 4340 μὲν,
175 4259 226 4321 καί
249 4254 382 4351 ᾐτήσατο
408 4255 462 4340 τήν
479 4253 575 4341 ψυχήν
593 4254 687 4321 αύτοῦ
726 4254 781 4338 τήν
797 4251 894 4341 ψυχήν
909 4279 966 4336 μου
983 4253 1082 4341 λαβεῖν
1099 4251 1202 4336 αύτήν.
1240 4250 1272 4349 ’5,
1280 4252 1330 4350 καὶ

84 4340 260 4405 ἀποθανεῖν.
275 4343 325 4405 καὶ
338 4339 422 4404 εἶπεν.
439 4338 611 4406 ίκαιούσθω
626 4344 688 4415 νῦν,
725 4337 787 4402 εἶπε
800 4335 900 4425 κύριος
913 4334 990 4423 πρὸς
1001 4332 1103 4403 αὐτόν.
1115 4330 1245 4417 πορεύου
1255 4354 1331 4394 ανα-

83 4420 156 4511 λάβε
173 4421 209 4506 δή
230 4422 285 4507 τήν
298 4421 396 4508 ψυχήν
406 4449 464 4508 μου
482 4421 534 4488 ἀπ’
550 4427 624 4505 ἐμοῦ
635 4419 690 4486 κύ·
727 4447 831 4524 στρεφε
847 4427 886 4497 είς
899 4418 952 4503 τήν
964 4417 1035 4485 ὁδόν
1047 4443 1118 4489 σου,
1143 4417 1194 4512 καί
1208 4409 1280 4515 ήξειξ
1293 4416 1331 4484 εἷς

82 4533 141 4594 ριε,
167 4504 214 4572 δ’τι
240 4505 277 4571 ού
300 4512 441 4589 κρείσσων
465 4501 523 4585 ἐγώ
542 4509 597 4589 εἰμι
615 4500 688 4591 ῦπὲρ
728 4503 779 4589 τήν
791 4502 863 4570 οδὸν
874 4500 984 4588 ἐρήμου
997 4505 1170 4580 Δαμασκου.
1197 4495 1337 4594 καιηξθξ

1290 4595 1345 4629 Ἠλὶ
