2924 4972
394 201 738 270 Λετιτιιτου
781 185 1065 275 ιιισ.ο’.ι’.9.1ο.
1290 202 1352 265 ισν

110 310 210 398 κόρισς
227 307 392 396 ὀφθήσεται
406 316 438 376 ἐν
450 312 526 394 ὑμῖν.
553 312 566 354 ⁶
580 313 631 374 καί
643 311 717 376 ἔλα-
746 339 788 395 μα
800 311 877 398 πρός
889 308 992 387 αῦτὸν,
1019 313 1070 375 καί
1082 314 1216 435 πρσςίχεε
1227 309 1304 398 πρός
1316 309 1353 377 τό

108 403 162 482 βον
176 394 256 461 καθὸ
267 394 432 460 ἔνετειλατο
441 397 581 479 Μωυσῆς
590 391 718 458 όπέναν-
746 391 961 480 θυσιαστήριον
975 389 1082 478 κῦκλῳ.
1122 396 1137 436 ⁰
1149 397 1200 459 καί
1212 393 1247 460 τὸ
1260 398 1352 479 στέαρ

110 506 134 543 τι
145 485 197 561 τῆς
207 482 313 561 σκηνῆς
321 482 376 543 τοῦ
385 482 557 564 μαρτυρίου.
567 479 618 542 καί
626 503 718 562 προς-
746 475 784 542 τὸ
807 477 869 544 όπο
888 481 945 543 τοῦ
963 474 1092 562 μόσχου,
1117 479 1169 541 καί
1194 481 1251 542 τοῦ
1268 482 1352 562 κριοῦ

110 563 198 646 ῆλθεν
216 565 302 626 πᾶσα
324 559 494 644 συναγωγή,
520 562 571 624 καί
589 563 718 643 ἔστησαν
747 560 801 663 τήν
818 559 928 644 ὀσφὺν,
953 559 1053 627 καὶτὸ
1066 564 1157 647 στέαρ
1170 555 1207 623 τό
1220 586 1354 625 κατακα-

108 652 207 709 ἔναντι
231 649 341 729 κυρίου.
381 645 461 708 6καί
487 642 548 708 εἷπε
571 647 716 727 Μωυσῆς.
747 643 859 710 λυπτον
876 644 928 710 ene
940 649 992 728 τῆς
1003 643 1129 722 κοιλίας,
1152 645 1204 708 καί
1216 640 1287 718 τοὺς
1298 638 1354 707 όόο

110 734 199 793 τοῦτο
212 726 248 791 τό
262 731 350 812 ῥῆμα,
363 723 383 791 ὃ
394 725 455 792 είπε
468 721 576 811 κόριος,
588 722 719 810 πσιήσα-
748 725 884 812 νεφροὺς,
906 728 959 792 καί
974 724 1010 792 τό
1030 731 1121 814 στέαρ
1133 727 1169 792 τὸ
1182 723 1227 792 ἔπ’
1244 725 1354 803 αὐτῶν,

111 837 154 888 τε,
181 812 233 875 καί
246 808 313 893 όφθ
323 807 414 874 ’σεται
426 815 458 876 ἔν
470 805 566 894 ῦμῖνή
580 805 653 886 δόξα
665 836 718 872 κυ-
748 811 799 872 καί
823 804 877 872 τόν
900 809 992 895 λοβόν
1014 806 1066 874 τόν
1091 813 1141 875 ἐπί
1157 815 1211 875 τοῦ
1228 806 1352 894 ῆπατος.

108 900 183 979 ρίου.
211 894 224 935 ⁷
240 896 291 957 καί
308 837 368 959 ελπε
381 898 516 975 Μωυσῆς
532 897 577 974 τῷ
588 886 716 979 Ἀαραίν.
747 894 779 934 ²⁰
791 892 843 956 καί
855 894 980 994 ἐπέθηκε
993 891 1031 956 τόν
1044 896 1156 958 στέατα
1168 895 1217 957 lui
1229 892 1269 958 τὰ
1280 918 1353 975 στη-

110 972 252 1062 πρόςελθε
270 975 346 1061 πρὸς
364 973 400 1041 τό
412 973 641 1061 θυσιαστήρων,
665 975 718 1040 καί
747 970 851 1038 θόνια.
868 975 922 1037 καί
933 971 1064 1057 ανήνεγκε
1078 975 1117 1040 τὰ
1131 979 1242 1040 στίατα
1255 978 1305 1041 ἐπὶ
1317 971 1352 1040 τό

110 1065 234 1161 ποίησον
246 1057 281 1123 τὸ
294 1061 362 1144 περί
373 1063 425 1143 τῆς
434 1055 581 1143 ἁμαρτίας
591 1085 656 1136 σου,
665 1057 717 1122 καί
747 1052 971 1141 θυσιαστήριον.
1008 1059 1034 1097 ²¹
1047 1058 1097 1121 καί
1122 1057 1158 1121 τό
1184 1053 1353 1140 στηθῦνιον,

109 1141 145 1207 τό
159 1137 358 1223 οίοκαότωμό
369 1168 435 1216 σου,
448 1145 499 1207 καί
510 1141 641 1218 ίξίλασαι
650 1142 718 1226 περί
748 1142 801 1204 καί
825 1137 879 1205 τὸν
895 1141 1047 1241 βραχίονα
1064 1136 1117 1203 τόν
1134 1140 1224 1216 δεξιὸν
1239 1139 1355 1220 όφείλεν

109 1230 245 1300 σεαυτοῦ,
258 1226 309 1288 καί
322 1228 379 1288 τοῦ
392 1225 475 1288 οἴκου
488 1250 554 1289 σου.
570 1225 622 1287 καί
630 1229 720 1305 ποίη·
746 1220 863 1306 Ἀαριόν
888 1225 1038 1304 αφαίρεμα
1062 1223 1159 1284 ἔναντι
1178 1228 1297 1304 κυρίου,
1322 1218 1354 1284 ὃν

109 1333 164 1373 σον
180 1307 221 1371 τὰ
239 1308 324 1390 δῶρα
342 1308 398 1369 τοῦ
411 1305 502 1381 λαοῦ,
526 1307 577 1368 καί
589 1304 719 1381 ἰξίλασαι
750 1300 864 1389 τρόπον
888 1303 1025 1378 συνέταξε
1041 1297 1139 1406 κῦρως
1163 1307 1207 1386 τῷ
1225 1306 1355 1394 Μωυσῆ.

108 1392 180 1474 περί
192 1386 306 1462 αἰτῶν,
331 1384 471 1493 καθάπερ
487 1386 650 1452 ἔνετιῦατο
667 1383 720 1450 κῦ-
749 1389 779 1428 ²²
791 1387 841 1451 καί
863 1382 970 1472 ἐξάρας
988 1385 1108 1471 Ἀαρων
1124 1383 1179 1460 τὰς
1193 1397 1292 1471 χεῖρας
1308 1387 1357 1450 ἔστί

109 1497 175 1557 ριος
189 1474 234 1551 τῷ
248 1472 376 1561 Μωυσῆ.
390 1470 462 1534 ’και
473 1467 718 1555 προςῆλθενᾎα-
748 1469 802 1535 τόν
812 1469 897 1546 λαόν,
909 1464 1068 1553 εῦλόμησεν
1081 1464 1202 1549 αὐτούς.
1219 1469 1271 1534 καί
1282 1493 1354 1533 κατ·

110 1553 174 1639 ρών
185 1550 262 1637 πρός
273 1550 309 1616 τό
322 1550 538 1637 θυσιαστήριον,
550 1554 601 1617 καί
610 1554 717 1634 ἔσφαξε
747 1555 798 1639 ἔβη
810 1549 938 1637 ποιήσας
948 1551 984 1617 τό
992 1554 1060 1638 περὶ
1072 1557 1125 1637 τῆς
1135 1549 1294 1658 ἁμαρτίας,
1303 1554 1354 1617 καί

111 1637 147 1700 τό
248 1632 332 1720 όρων
356 1632 392 1700 τό
417 1639 484 1721 περί
500 1640 553 1721 τῆς
569 1634 716 1722 ἁμαρτίας
745 1633 785 1701 τό
796 1631 1041 1717 ὁλοκαυτώματα,
1068 1637 1120 1701 καί
1131 1660 1171 1700 τα
1183 1639 1241 1701 τοῦ
1255 1660 1353 1718 σωτη·

109 1717 216 1784 αὐτοῦ.
256 1715 558 1804 καίπροςῆνεγκανοί
571 1720 631 1785 υίοί
643 1717 716 1785 'Aa-
746 1725 822 1804 ρίου.
844 1719 935 1783 23καί
947 1719 1060 1801 είςῆλθε
1069 1722 1207 1801 Μωυσῆς
1218 1717 1271 1782 καί
1282 1714 1355 1781 ’Λα-

111 1799 170 1886 ριόν
186 1798 223 1866 τό
240 1802 313 1950 aits
331 1801 408 1889 πρὸς
425 1800 527 1869 αὐτόν.
553 1804 605 1867 καί
622 1805 716 1889 ἔβαψε
746 1801 809 1889 ρὼν
833 1805 872 1876 είς
897 1800 951 1884 τήν
976 1798 1085 1906 σκηνήν
1104 1805 1162 1866 τοῦ
1179 1805 1353 1886 μαρτυρίου.

115 1883 266 1951 τὸυδόκτυ
304 1889 370 1961 νείς
383 1883 419 1950 τό
432 1886 520 1968 αίμα,
536 1886 717 1970 καίίττεθη-
746 1887 798 1951 καί
819 1880 985 1964 ἐξελθόντες
1002 1881 1166 1968 ευλόμησαν
1181 1881 1283 1950 πάντα
1301 1881 1353 1948 τόν

112 1995 158 2034 κεν
177 1970 227 2033 ἐπί
242 1968 281 2032 τὰ
298 1971 478 2051 κε’ρατατοῦ
491 1975 716 2054 θυσιαστηρίου.
746 1964 831 2034 λαόν.
869 1970 921 2031 καί
944 1965 1019 2048 ιόφθ
1054 1963 1127 2044 δόξα
1143 1973 1246 2054 κυρίου
1261 1965 1354 2032 παντί

112 2050 209 2116 καὶτὸ
229 2051 302 2134 αίμα
320 2053 424 2136 ίξίχεεν
435 2053 487 2118 ἐπί
498 2049 648 2138 τῆνβιίσιν
659 2055 718 2116 τοῦ
746 2055 792 2134 τῷ
803 2049 878 2134 λαῷ.
902 2049 934 2092 ²⁴
946 2053 997 2115 καί
1012 1995 1289 2137 ίξῆλθεπῦρπαρό
1302 2076 1353 2114 κυ-

111 2139 336 2220 θυσιαστηρίου.
373 2136 466 2200 10καί
491 2133 527 2201 τό
554 2139 645 2221 στέαρ
667 2135 718 2198 καί
747 2138 823 2219 ρίου,
839 2135 1051 2215 καίκατέφαγε
1062 2132 1102 2198 τό
1115 2135 1166 2198 ἐπί
1175 2138 1231 2198 τοῦ
1242 2144 1354 2198 θυσια-

112 2213 182 2292 τοῦς
198 2215 321 2303 νεφροὺς
338 2219 389 2280 καί
403 2218 455 2282 τὸν
467 2216 560 2304 λοβόν
571 2221 626 2283 τοῦ
639 2213 720 2303 ήπα-
748 2222 881 2301 στηρίου,
893 2211 932 2279 τό
945 2241 977 2280 τε
988 2211 1234 2300 ὁλοκαυτώματα,
1251 2216 1303 2280 καί
1315 2212 1354 2280 τὰ

112 2327 163 2375 τος
179 2304 234 2365 τοῦ
253 2300 389 2385 περὶτῆς
407 2295 554 2387 ἁμαρτίας
571 2295 721 2385 αἰνήνεγκεν
750 2301 871 2367 οτέατα.
896 2299 947 2361 καί
959 2296 1014 2364 doe
1025 2303 1086 2375 πᾶς
1097 2295 1115 2364 ὁ
1128 2299 1212 2374 λαός,
1229 2299 1281 2364 καί
1292 2299 1354 2375 ἐξί-

112 2383 165 2448 ἐπὶ
181 2381 216 2445 τὸ
234 2379 464 2466 θυσιαστήριον,
490 2378 525 2447 ὃν
538 2377 651 2468 τρόπον
663 2385 722 2447 ἔνε-
750 2406 804 2465 στη
816 2381 868 2446 καί
880 2383 985 2446 ἔπεσαν
997 2384 1048 2445 ε’πί
1058 2378 1228 2467 πρόςωπον.

115 2463 234 2529 τείλατο
251 2463 350 2545 κύριος
367 2467 412 2543 τῷ
425 2468 557 2566 Μωυσῆ.
582 2461 722 2528 11καίτό
947 2468 1021 2525 ΚΕ
1034 2468 1072 2525 Φ.
1116 2459 1155 2527 Ϊ.

114 2549 188 2630 κρέα
202 2545 253 2608 καί
266 2545 319 2627 τήν
335 2539 447 2628 βῦρσαν
459 2569 632 2608 κατεκαυσεν
645 2542 723 2609 αὐτὰ
753 2510 837 2608 Καὶ
860 2541 998 2627 λαβόντες
1022 2547 1053 2607 οί
1077 2539 1132 2607 δύο
1157 2544 1219 2607 υίοί
1240 2540 1356 2627 ’Λαριόν

115 2629 200 2713 πυρί,
210 2628 267 2702 ἔξω
278 2631 328 2709 τῆς
337 2626 528 2712 παρεμβολῆς.
540 2627 622 2689 12καί
630 2629 724 2706 ἔσφα-
753 2623 869 2712 Ναδὰβ
883 2627 934 2689 καί
944 2623 1077 2712 Ἀβιοῦό,
1102 2631 1227 2701 ἕκαστος
1242 2624 1279 2690 τό
1297 2653 1357 2690 πυ-

114 2714 144 2787 ξε
163 2707 199 2774 τό
223 2703 434 2791 ὁλοκαῦτωμα,
458 2711 510 2774 καί
526 2705 722 2796 προςῆνεμκαν
751 2723 830 2796 ρεῖαν
842 2706 948 2784 αῦτοῦ,
970 2713 1124 2794 ἐπέθηκαν
1135 2706 1180 2775 ἐπ’
1196 2706 1272 2775 αὐτὸ
1285 2716 1356 2796 πῦρ,

114 2798 148 2858 οί
170 2796 230 2858 υίσὶ
251 2788 365 2879 Ἀαρών
381 2792 417 2858 τό
435 2794 507 2876 αζιια
523 2789 599 2878 πρός
617 2791 718 2859 αὐτόν.
749 2797 800 2858 καί
812 2791 961 2879 ἔπε’βαλον
975 2791 1020 2858 ἔντ’
1036 2791 1113 2858 αῦτό
1128 2799 1279 2877 θυμίαμα,
1305 2798 1355 2860 καί

113 2878 165 2941 καί
175 2880 324 2964 προςίχεεν
336 2878 385 2941 ἐπί
397 2873 433 2941 τό
443 2873 657 2963 θυσιαστήριον
665 2874 719 2942 κό-
748 2871 943 2964 προςήνεμκαν
960 2879 1055 2942 ἔναντι
1071 2883 1174 2962 κυρίου
1186 2883 1247 2961 πῦρ
1260 2874 1353 2943 ἀλλό-

113 2961 182 3043 ιιλῳ.
221 2961 249 3000 ¹³
266 2962 316 3024 καί
340 2955 377 3024 τό
403 2956 602 3042 όλσκαότωμα
626 2986 718 3045 προς-
748 2985 845 3046 τριου,
870 2957 944 3025 δοῦ
956 2961 1116 3047 προςέταξε
1128 2956 1228 3045 κύριος
1239 2959 1353 3035 αὐτοῖς.

113 3039 233 3126 ήνεμκαν
244 3040 320 3108 αὐτὸ
331 3039 410 3108 κατόν
419 3045 499 3128 μελη.
514 3042 592 3108 αὐτὰ
603 3041 717 3147 καὶτήν
747 3046 825 3109 2καί
846 3041 953 3128 ἐξῆλθε
970 3048 1031 3130 πῦρ
1055 3040 1142 3130 παρὰ
1159 3049 1278 3146 κυρίου,
1304 3047 1354 3108 καί

110 3122 239 3209 κεφαλήν
263 3129 405 3209 ἐπέθηκεν
430 3130 480 3191 ἐπὶ
496 3126 533 3192 τό
550 3138 715 3211 θυσιαστη-
746 3129 911 3208 κατέφαγεν
946 3124 1072 3203 αὐτοὺς,
1115 3127 1168 3191 καί
1196 3131 1354 3192 απέθαυον

109 3234 181 3293 ριον.
219 3208 313 3273 14καί
337 3211 441 3275 ἔπλυνε
462 3207 516 3294 τήν
531 3209 648 3276 κοιλίαν
664 3213 716 3276 καί
745 3212 841 3274 ἔναντι
854 3215 964 3295 κυρίου.
978 3211 1048 3274 3καί
1060 3210 1120 3276 εἶπε
1129 3216 1268 3295 Μωυσῆς
1276 3210 1353 3295 πρὸς

109 3289 180 3364 τοὺς
204 3286 300 3364 πόδας
318 3289 412 3355 ῦόατι.
438 3295 489 3357 καί
506 3297 648 3376 ἐπέθηκεν
666 3296 717 3358 ἐπὶ
740 3287 865 3375 Ἀαριόν.
890 3287 983 3356 τοῦτό
1007 3296 1101 3369 ἔστιν,
1126 3287 1144 3354 ό
1165 3290 1227 3358 εἶπε
1243 3290 1353 3379 κῦριος,

108 3370 146 3437 τό
164 3366 362 3452 όλοκαότωμα
380 3375 430 3436 ἐπί
448 3373 484 3437 τό
498 3385 624 3440 θυσιαστ
634 3371 714 3461 ’ριοκ
745 3373 849 3450 λέγων.
864 3376 895 3437 ἔν
908 3384 971 3446 τοῖς
982 3377 1129 3451 ἐγγίζουοί
1139 3399 1188 3454 μοι
1200 3371 1353 3459 ἁγιασθή-

109 3456 138 3497 ¹⁵
153 3456 205 3516 καί
223 3448 395 3535 προςήνεμκε
408 3452 445 3518 τὸ
459 3455 553 3540 δῶρον
565 3461 620 3522 τοῦ
625 3403 715 3521 λαοῦ.
746 3481 848 3537 σομαι,
872 3455 923 3518 καί
940 3457 970 3518 ἐν
985 3452 1067 3548 πόση
1080 3460 1119 3547 τῆ
1132 3462 1287 3547 συναγωγῇ
1300 3460 1352 3522 do-

108 3538 163 3601 καί
187 3536 278 3620 ἔλαβε
299 3531 352 3598 τὸυ
374 3541 495 3621 χίμαρον
511 3536 563 3602 τὸν
578 3543 645 3625 περί
663 3544 702 3642 τῆ
745 3535 951 3622 ξασθήσομαι,
976 3540 1027 3603 καί
1044 3534 1209 3640 κατενῦηθη
1227 3534 1263 3601 'A
1303 3537 1351 3603 τόν.
1389 3556 1392 3561 ’

108 3616 260 3703 ἁμαρτίας
276 3621 332 3681 τοῦ
347 3618 434 3681 λαοῦ.
460 3620 512 3682 καί
529 3622 649 3698 ἔσφαξεν
661 3648 717 3685 αυ-
745 3620 825 3686 4καί
842 3619 958 3686 ἐκάλεσε
973 3625 1108 3705 Μωυσῆς
1125 3645 1179 3685 τον
1194 3566 1352 3707 Μισῦῦόη,

108 3703 174 3777 τόν,
199 3705 250 3767 καί
263 3697 439 3787 ἐκαθάρισεν
452 3697 552 3779 αότόν,
572 3701 656 3766 καθὰ
668 3705 718 3766 καί
747 3704 798 3765 καί
809 3701 1043 3786 τόνἘλισαφόιν,
1057 3703 1138 3780 υίσὺς
1148 3702 1256 3788 Ὀζιῆλ,
1271 3706 1352 3784 υἱοὺς

108 3785 163 3849 τὸν
174 3791 303 3872 πρῶτον.
316 3781 587 3871 16καίπροςήυεγκε
601 3779 636 3848 τό
647 3780 718 3850 ὁλο-
748 3788 803 3848 τοῦ
815 3783 945 3866 ἀδελφοῦ
957 3793 1012 3853 τοῦ
1023 3786 1138 3873 πατρὸς
1151 3786 1277 3873 Ἀαρωυ,
1299 3793 1351 3857 καί

108 3864 263 3951 καῦτωμα,
276 3868 327 3932 καί
340 3870 470 3950 ἐποίησεν
482 3866 560 3933 αῦτό
570 3863 717 3952 ὥςκαθή-
746 3865 825 3932 εἶπεν
849 3866 961 3942 αὐτοῖς.
991 3872 1175 3955 προςίλθατε
1192 3874 1242 3937 καὶ
1259 3873 1351 3961 ι’ίρατε

107 3977 158 4016 κει.
181 3954 208 3994 ¹⁷
221 3954 273 4016 καί
283 3948 456 4038 προςήνεγκε
468 3949 519 4035 τήν
530 3958 652 4027 θυσίαν,
664 3953 715 4016 καί
746 3949 816 4026 τοῦς
828 3948 974 4032 ἀδελφοὺς
986 3947 1065 4036 ῦμιῦν
1078 3956 1109 4017 ἔκ
1118 3952 1278 4040 προςυόπου
1288 3964 1351 4024 τῶν

108 4034 217 4118 ἔπλησε
229 4034 284 4109 τὰς
294 4046 391 4139 ηεῖρας
404 4032 454 4100 ἀπ’
471 4033 572 4118 αὐτῆς,
584 4038 636 4100 καί
644 4038 713 4100 ίπέ-
744 4030 839 4112 ῦμίωυ
847 4037 908 4112 ἔξω
917 4041 969 4140 τῆς
977 4037 1171 4124 παρεμβολῆς.
1182 4041 1251 4105 6καὶ
1259 4068 1350 4127 προς·

107 4130 200 4200 θηκεν
217 4121 267 4183 ἐπί
279 4143 316 4183 το
328 4113 541 4204 θυσιαστήριον
556 4121 645 4207 χωρίς
658 4123 714 4184 τοῦ
745 4119 850 4201 ῆλθου,
868 4121 920 4183 καί
930 4146 1007 4213 ηραν
1020 4120 1129 4198 αὐτοῦς
1142 4127 1173 4189 ίυ
1185 4136 1249 4199 τοῖς
1260 4129 1349 4208 χιτω-

110 4197 361 4282 όλοκαυτιόματος
380 4205 435 4264 τοῦ
447 4206 589 4286 πρωίνοῦ.
621 4202 713 4266 18καὶ
745 4227 789 4266 σιν
813 4201 914 4268 αὐτῶν
937 4207 997 4281 ἔξω
1019 4210 1071 4288 τῆς
1089 4208 1291 4291 παρεμβολῆς,
1316 4203 1350 4273 όν

107 4285 214 4364 ἔσφαξε
226 4284 278 4349 τόν
288 4281 416 4368 μόσχον,
442 4287 492 4348 καί
504 4283 555 4349 τόν
567 4283 649 4368 κριόν
661 4290 712 4368 τῆς
744 4279 856 4371 τρόπον
866 4285 927 4351 είπε
936 4294 1081 4371 Μωυσῆς.
1096 4291 1166 4352 6ιιαί
1178 4288 1239 4351 εἶπε
1248 4298 1349 4354 Μωυ-

106 4374 217 4442 θυσίας
241 4372 296 4432 τοῦ
320 4373 466 4450 σωτηρίου
484 4372 535 4451 τῆς
552 4371 610 4431 τοῦ
627 4367 710 4432 λαοῦ.
745 4371 796 4450 σῆς
820 4365 896 4454 πρὸς
920 4367 1037 4454 Ἀαρὼν
1064 4373 1114 4432 καί
1135 4366 1276 4454 Ἐλεάζαρ
1298 4370 1351 4433 καί

106 4452 158 4512 καί
170 4447 364 4534 προςήνεμκαν
375 4453 406 4514 οί
418 4446 602 4531 υίοὶἈαρών
614 4448 651 4515 τό
664 4450 711 4514 αί-
741 4447 871 4537 Ἰθόμαρ
887 4452 957 4526 τοὺς
970 4448 1053 4521 υἱοὺς
1066 4448 1161 4511 αὐτοῦ
1174 4448 1242 4522 τοὺς
1255 4473 1350 4512 κατα-

1243 4529 1350 4601 λελειμ·
