2924 4972
154 220 219 291 494
429 222 628 283 mm
651 221 922 282 ισνυσνοιν
959 216 1084 295 ιιιφς
1097 216 1131 280 6

152 346 288 450 βασιλεὺς
301 349 369 432 περί
388 341 500 412 τοῦτον
519 341 668 428 πεμψάτω
684 343 762 430 πρὸς
799 340 908 450 γηιόμη,
921 339 968 408 ὅτι
979 346 1040 417 πᾶς
1053 340 1226 427 ἀνθρωπος,
1240 337 1274 417 ὃς
1287 338 1410 420 ἀλλάξει

153 429 238 516 ἡμᾶς.
799 427 836 492 τὸ
850 432 929 511 ῥῆμα
945 431 1053 500 τοῦτο,
1079 422 1336 532 καθαιρεθήσεται
1356 426 1394 503 ξά

162 565 222 616 '1¹
354 518 428 575 ΚΕ
442 516 544 587 θὶς
799 511 962 594 λονίκ.τής
980 513 1073 584 οῦιίας
1091 508 1202 611 αὐτοῦ,
1227 510 1279 573 καί
1295 507 1411 616 ὤρθω-

206 591 256 662 ότε
269 592 423 703 Δαρεῖσς’
408 620 425 659 ο
439 507 574 741 βασιλεῦς
586 596 675 677 ἔθηκε
684 587 762 669 γνοῦ-
798 598 884 678 μίνος
896 590 1075 696 πληγήσεται
1088 589 1132 657 ἐπ’
1149 589 1254 668 αῦτσῦ,
1267 594 1347 657 καὶο
1334 591 1411 660 ‘ol-

154 705 224 780 μην,
249 707 301 744 και
319 681 506 781 επεσιιέφατο
519 681 632 751 ἐντοῖς
645 675 761 764 βιβλιο-
799 703 852 752 κος
870 674 965 741 αὐτοῦ
984 675 1020 741 τό
1038 673 1107 741 κατ’
1129 674 1178 757 ἐμὲ
1198 673 1410 781 ποιηθήσεται.

154 762 264 848 θήκαις
277 758 355 828 ὅπου
381 789 406 863 η
386 757 488 839 γαζα
505 771 598 825 κεῖται
610 763 642 824 ἐν
653 764 761 859 Βαβυ-
798 764 826 803 ¹²
839 762 889 825 καί
902 756 920 825 ό
932 752 1054 835 θεὸς,οῦ
1068 772 1253 861 κατασκηνοῖ
1262 759 1298 825 τό
1312 759 1411 844 ὄνομα

155 848 236 912 λιῦνι.
274 847 354 910 2καί
378 842 543 952 εῦρέθηίν
512 840 652 908 ίνπόλει
677 846 761 906 ἐν’
724 868 761 937 τη
800 848 860 909 ἐκεῖ
862 846 1100 991 ,καταστρέψαι
1105 838 1209 907 πόντοι
1220 843 1344 946 βασιλέα
1357 847 1411 910 καί

154 928 239 1035 βόρει
253 928 449 1030 κεφαλξςμία,
468 931 622 993 καὶταῦτα
634 952 762 1033 γεγραμ-
800 895 914 993 λαόν’
895 953 929 1001 ος
948 930 1055 991 ἕκτενεῖ
1069 924 1130 1029 τήν
1139 938 1223 1010 χεῖρα
1240 925 1335 992 αὐτου
1321 925 1410 992 ἀλ-

154 1017 240 1115 μένον
264 1015 294 1076 ἐν
318 1010 398 1113 αὐτῇ
423 1007 589 1094 ὑπόμνημα.
628 1012 726 1077 ³6’6'
705 1035 762 1074 ετει
801 1007 924 1087 λόξαι”
904 1039 924 1113 η
938 1015 1082 1110 αφανισαι
1099 1006 1152 1074 τὸν
1165 1009 1247 1113 ρίκον
1262 1035 1316 1075 του
1303 1014 1409 1075 θεοῦ

154 1091 267 1199 ποώτῳ
278 1083 384 1180 Κυρου
394 1095 547 1196 βασιλεως
562 1091 762 1199 Κῦροςόβα-
800 1093 897 1160 τόνέν
904 1088 1136 1197 ‘16906666676
1133 1119 1180 1170 766
1169 1092 1326 1219 ’Δαρεῖος
1331 1095 1410 1195 ἔθη

155 1208 182 1246 σι
201 1178 248 1255 εῦς
260 1182 349 1263 ἔθηκε
357 1175 489 1280 γνοίμην
501 1181 567 1281 περί
581 1179 667 1243 οίκου
681 1180 760 1262 ἱεροῦ
800 1204 840 1243 κα
857 1171 996 1285 γνώμην,
1015 1176 1196 1282 ἰπιμελῶς”
1175 1203 1265 1244 εστσι.
1298 1176 1410 1243 ¹³6616

155 1269 230 1329 6606
245 1265 345 1328 τοῦέκ
357 1258 572 1366 Ἰερουσαλήμ.
585 1259 708 1336 σίνος
678 1286 761 1326 6660-
805 1256 996 1327 Θανθαναῒ’
982 1286 1000 1324 6
1018 1265 1149 1346 ἔπαρχος
1165 1266 1280 1369 πέραν
1280 1265 1337 1326 τοῦ
1350 1288 1409 1327 πο-

156 1342 336 1449 δρμηθήτω,
362 1347 414 1410 καὶ
430 1341 522 1452 τόπρς
535 1371 571 1409 ου
557 1336 761 1421 ’θυσιάζουσι
800 1349 912 1426 ταμοῦ,
932 1348 1118 1447 Σαθαρβουζ
1117 1344 1205 1420 αναῒ,
1229 1346 1281 1409 καὶ
1294 1348 1326 1409 οἱ
1339 1340 1408 1411 σόν-

155 1430 195 1496 τά
212 1426 417 1532 θυσιάσματα.
452 1431 502 1492 καί
519 1432 559 1493 ε’·’θ
608 1432 762 1530 νὲπαρμα
802 1425 955 1494 δουλοι’
918 1432 1029 1504 αυτοῦ,
1054 1424 1129 1532 πρὸς
1147 1423 1331 1493 ὃάπέστειλε
1343 1434 1406 1494 Δα-

91 1567 93 1573 ,
155 1506 515 1616 ῦιροςπήχειςίξήκσντα,
536 1453 714 1586 66106‘
665 1516 762 1577 αυτοῦ
820 1538 876 1588 ειος
887 1508 1084 1620 βασιλευς,
1046 1534 1142 1586 ουτως
1149 1513 1297 1614 ποιησαι
1309 1515 1409 1615 ἐπιμε-

155 1592 273 1680 πήχεων
285 1589 437 1701 ἐξήκοντα,
462 1593 478 1636 ⁴
491 1620 542 1658 και
534 1590 639 1696 δόμοι
652 1594 762 1659 λίθινοι
800 1525 869 1671 λαός.
894 1594 924 1638 ¹¹
937 1600 986 1660 καὶ
1003 1621 1034 1659 οι
1024 1589 1239 1703 ’πρεσβύτεροι
1253 1600 1314 1660 τῶν
1326 1593 1408 1662 ’1ου-

155 1679 296 1785 κριηταιοὶ
308 1689 397 1780 τρεῖς,
422 1704 473 1742 και
466 1673 577 1760 δ’όμσς
589 1674 702 1754 ξύλινος
715 1678 763 1754 είς,
800 1681 894 1746 δαίων
906 1677 1120 1782 ᾠκοδομοῦσαν
1133 1679 1184 1742 και
1196 1704 1227 1743 οι
1217 1681 1366 1744 ’Λευῖται
1378 1682 1410 1744 ἐν

156 1789 209 1827 και
201 1757 377 1864 ’ήδαπανη
396 1762 481 1837 ἔξ’
446 1786 532 1825 οιιιου
550 1786 605 1826 του
591 1761 764 1865 βασιλέως
801 1767 969 1870 προφητείᾳ
993 1760 1134 1871 Ἀγγαίου
1159 1766 1214 1827 τοῦ
1237 1759 1409 1871 προφήτου,

157 1842 326 1949 δοθήσεται.
352 1847 430 1909 ὅιιυιί
448 1841 487 1908 τό
504 1841 594 1948 σκεύη
607 1845 693 1948 οἴκρυ
706 1849 764 1909 τοῦ
801 1873 852 1910 και
845 1848 1063 1954 ’Ζαχαρίου“
1033 1871 1099 1910 υωυ
1086 1841 1213 1910 Ἀδδοό.
1227 1871 1279 1910 και
1290 1872 1410 1950 ἀνῳκο-

156 1933 234 1994 θεοῦ
249 1927 286 1992 τά
299 1926 433 2030 ἀργυρᾶ
427 1930 478 1992 καί
491 1927 530 1992 τὰ
542 1933 711 2033 χρυσᾶ,Η
659 1957 679 1992 α
664 1924 764 1992 ’Να-
802 1925 934 2013 δόμησαν
951 1931 1002 1993 καὶ
1018 1954 1075 1993 κατ
1096 1935 1237 2035 ρτίσαητρ
1255 1931 1318 1996 ἀπό
1332 1924 1411 2034 766-

157 2006 763 2158 βουχοδονόσορέξήνεγκεναποτουοίκσυ
801 2039 856 2115 μης
879 2017 954 2078 θεοῦ
970 1957 1115 2119 Ἰσραήλ,
1141 2013 1193 2077 καὶ
1213 2011 1278 2079 ἀπὸ
1295 2009 1411 2120 γνώμης

157 2101 212 2161 τοῦ
238 2097 269 2159 ἒν
289 2091 489 2201 Ἰερουσαλήμ
509 2097 560 2160 καί
582 2091 710 2199 ἐκόμισεν
726 2100 765 2170 εἰς
802 2092 907 2182 Κόρου
927 2096 979 2162 καὶ
996 2103 1124 2181 Δαρείου
1141 2094 1411 2181 καίἈρθασασθά

158 2178 343 2283 Βαβυλῶνα,
351 2205 400 2243 και
394 2172 535 2282 δὀθήτιο
544 2206 595 2244 και
588 2177 765 2244 ἀπελθέτω
801 2180 952 2281 βασιλέων
960 2185 1102 2282 Περσῶν
1109 2179 1194 2244 ¹⁵66
1207 2181 1388 2247 6666666*
1357 2207 1411 2249 τον

159 2267 198 2337 εἰς
223 2259 275 2327 τόν
292 2260 366 2328 ναόν
385 2259 438 2327 τόν
454 2266 484 2327 ἐν
500 2260 730 2368 Ἰερουσαλήμέ
715 2264 766 2328 ἐπὶ
803 2263 887 2329 οἷκον
898 2267 1005 2329 τοῦτον
1019 2267 1075 2339 ἕως
1078 2260 1197 2370 ἡμέρας
1209 2270 1309 2350 τρίτης
1319 2261 1412 2349 μηνός

157 2342 255 2411 τόπου
280 2339 316 2411 οῦ
344 2349 435 2431 ἐτέθη
454 2348 542 2410 ἕν’
507 2372 581 2430 οικῳ
597 2351 652 2412 τοῦ
678 2351 764 2412 θεοῦ.
797 2345 951 2434 Ἀδάρ,”
932 2349 1084 2412 οίστιν’
1064 2373 1131 2422 ετος
1150 2353 1235 2412 ἕκτον
1251 2374 1270 2412 τ
1272 2353 1411 2454 ήςβασι-ι

157 2432 239 2495 ⁶666
257 2427 402 2495 δώσετε”
380 2456 504 2533 επαρχσι
510 2434 619 2538 πέραν
636 2435 692 2495 τοῦ
707 2457 763 2495 πο-
802 2429 881 2508 λείας
900 2436 1030 2517 Δαρείου
1052 2457 1107 2495 του
1094 2377 1289 2541 βασιλέωςὲ
1319 2435 1347 2476 ¹⁶
1359 2437 1413 2499 καὶ

158 2541 254 2597 ταμου
239 2516 465 2618 Σαθαρβουζ
449 2515 528 2590 ανυῒ,
539 2517 589 2579 καί
599 2542 629 2580 οι
619 2511 762 2580 ‘661606-
802 2518 947 2599 ἐποίησαν
959 2518 990 2578 οῖ
1003 2519 1063 2578 υἶοι
1055 2512 1252 2600 ’Ἰσραήλ
1221 2542 1251 2580 οι
1264 2519 1349 2602 ἱερεῖς
1360 2522 1413 2583 καὶ

158 2581 254 2662 λοι’
219 2603 319 2663 αυτιῦν
331 2596 557 2702 Ἀφαρσαχαῖοι
567 2602 624 2663 οῖ
611 2622 642 2662 εν
653 2603 698 2682 τῷ
709 2604 763 2663 πέ-
802 2624 831 2662 οι
822 2603 989 2674 ‘Ammo
1014 2601 1065 2662 καί
1090 2602 1121 2662 οἱ
1142 2597 1369 2665 κατᾶλσιποι
1339 2606 1412 2666 υιιῦν

158 2707 215 2764 ραν
237 2687 292 2746 τοῦ
307 2686 446 2785 ποταμοῦ
463 2682 579 2787 μαηράν
596 2679 676 2756 ὄντες
693 2685 764 2745 ἐκεῖ·
801 2680 1410 2795 ἀποικεσίαςέγιιαίνιατσῦοἴκουτοῦθεοῦ

157 2766 265 2838 θεν,7
278 2770 327 2828 νῦν
328 2763 435 2866 ἀφετε
449 2764 486 2828 τὸ
502 2768 590 2849 ἔργον
611 2764 694 2828 οἴκου
708 2769 764 2829 τοῦ
800 2763 869 2830 ἓν
841 2789 1015 2868 ευφροσινη
1025 2768 1109 2832 Πκαι
1117 2791 1321 2870 προςηνεγιιαν
1322 2772 1362 2844 εις
1371 2793 1410 2832 τα

157 2851 241 2911 θεοῦ.
271 2874 302 2912 οι
319 2844 559 2950 ἀφηγούμενοι
534 2852 593 2912 τῶν
607 2845 816 2913 Ἰουδαίωνί
801 2852 934 2926 ίγκαίνια
947 2838 1004 2914 τοῦ
1018 2850 1101 2915 οἴκου
1119 2855 1174 2914 τοῦ
1191 2856 1271 2916 θεοῦ
1281 2848 1410 2956 μόρχους

158 2956 209 2996 και
202 2933 257 2994 ὀί
269 2934 460 3029 πρεσβυτεροι
476 2954 536 2995 των
551 2929 707 2996 Ἰουδαίων
719 2930 816 2995 οί-’
802 2932 920 3007 εκατόν,
933 2931 1033 3018 κριοῦς
1046 2930 1257 3008 διακοσίους,’
1238 2934 1349 3035 αμνοῦς
1362 2960 1410 2998 τε-

158 3038 210 3077 ιιον
228 3038 282 3077 του
269 3016 371 3077 θεοῦ
388 3017 497 3077 ἐκεῖνον
514 3015 764 3119 οῖιιοδρμείτωουν
803 3022 994 3120 τρακοσίους,
1009 3043 1102 3119 χιμα
1093 3012 1189 3117 ’ῥρους
1213 3019 1308 3091 αιγιᾶν
1327 3013 1407 3114 ῦπὲρ

158 3099 209 3160 ἐπὶ
222 3100 276 3160 τοῦ
288 3094 384 3161 τόπου
397 3095 503 3161 αὐτοῦ.
534 3098 549 3139 ⁸
562 3100 613 3162 καί
625 3097 669 3162 ἀπ
666 3096 819 3199 ’ἐμοῦ
802 3105 974 3208 αμαρτίας
961 3097 1035 3185 ῦπὲρ
1044 3122 1155 3171 παντος
1164 3094 1283 3196 Ἰσραήλ
1292 3095 1405 3163 δώδεκα

156 3174 286 3285 γνιόμη
283 3183 390 3262 ἐτέθη,
414 3177 454 3263 μή
476 3183 554 3245 ποτέ
575 3207 604 3247 τι
609 3177 765 3284 ποιήσητε
802 3188 840 3258 εἰς
866 3182 994 3286 αριθμὸν
1020 3177 1151 3260 φυλῶν’
1149 3174 1272 3264 Ισραήλ.
1311 3181 1341 3223 ¹⁸
1354 3183 1407 3284 καὶ

157 3288 230 3345 μετα
243 3289 303 3330 των
315 3266 534 3375 πρεσβυτέρων
536 3269 596 3328 τῶν
609 3262 814 3330 Ἰουδαίων“
802 3271 927 3349 ε’στησαν
939 3265 1008 3340 τοῦς
1021 3265 1148 3370 ίερεῐςὲν
1159 3263 1387 3348 διαιρέσεσιν’
1350 3292 1408 3331 αυ-

156 3353 214 3413 τοῦ
239 3346 534 3456 οῖκσδρμηθήναι
500 3373 584 3414 οικον
609 3353 667 3414 τοῦ
688 3355 763 3415 θεοῦ
801 3355 878 3425 τῶν,
904 3355 955 3415 καί
976 3347 1047 3424 τοῦς
1062 3349 1226 3422 Λευίταςί
1222 3372 1241 3410 ν
1255 3373 1362 3452 μερισμ
1342 3361 1408 3433 μοῖς

158 3435 273 3499 ἐκεῖνον.
285 3461 336 3498 και
345 3459 407 3499 απο
417 3457 611 3519 υπαρχοντων
618 3433 764 3519 βασιλεως
802 3431 912 3509 αὐτῶν,
925 3433 1204 3509 επίδουλείαςθεοῦ
1218 3434 1248 3496 ἒν
1266 3439 1408 3517 1ερουσα-

155 3541 217 3583 των
236 3518 344 3623 φόρων
356 3520 454 3627 πέραν
471 3521 529 3581 τοῦ
542 3543 683 3601 ποταμου
668 3520 763 3582 ἔπι·
801 3516 869 3643 λήμ,
882 3516 961 3581 κατὰ
971 3542 1027 3600 την
1035 3514 1265 3626 γραφηνβιβλσυ
1274 3521 1403 3599 Μωυση

155 3601 250 3700 μελῶς
262 3598 416 3687 δαπάνη
395 3627 475 3668 εστω
487 3601 622 3703 διδομένη
636 3612 697 3677 τοῖς
710 3600 764 3667 ᾶν-
800 3601 892 3666 ¹⁹xat
886 3602 1048 3703 ’ἐποίησαν
1060 3604 1134 3666 06⁸
1104 3602 1164 3666 υιοί
1175 3625 1228 3685 της
1240 3597 1406 3675 ἀποικεσίας

157 3683 259 3766 δρᾶσιν
276 3685 442 3761 ἕκείνοις’
411 3710 448 3749 το
465 3680 506 3768 μή
525 3690 763 3794 καταργηθήναι,
800 3682 837 3748 τό
862 3683 965 3787 ηιάσχα
984 3709 1021 3776 τη
1005 3679 1332 3789 τεσσαρεςκαιδεκάτη
1349 3687 1405 3748 τοῦ

157 3767 237 3828 9καί
253 3763 273 3830 δ
292 3765 330 3831 ἀν
344 3766 501 3876 ῦρτέρημα.
527 3795 578 3833 και
590 3795 672 3844 υιους
683 3774 764 3870 βοων
800 3766 890 3851 μηνός
908 3773 963 3832 τοῦ
980 3763 1114 3877 πρώτου.
1152 3763 1244 3832 20δ’τι
1262 3771 1408 3853 ἐκαθαρί-

157 3849 209 3910 καί
220 3855 309 3932 κριῶν
321 3853 372 3915 καί
383 3848 764 3954 ἀμνοῦςείςόλσκαυτυόσεις
802 3862 919 3953 σθησαν
937 3854 968 3916 οῖ
988 3853 1070 3936 ἱερεῖς
1087 3878 1139 3915 και
1131 3852 1322 3916 ’Λευῖται”’
1302 3877 1359 3955 εηις
1370 3850 1409 3927 είς

157 3936 201 4011 τῷ
214 3936 278 4016 θεῷ
291 3937 346 3997 τοῦ
358 3931 506 4037 οὐρανοῦ,
526 3933 654 4038 πυροὺς,
679 3930 764 4011 ἃλας,
800 3959 908 4009 παντες
920 3939 1062 4021 καθαροι
1089 3961 1140 3998 και
1133 3934 1328 4015 εσφαξαν
1297 3960 1334 4001 το
1346 3961 1409 3999 πα

158 3994 267 4093 σίνον,
279 4015 399 4116 ἔλαιον,
425 4015 504 4081 κατὰ
520 4013 556 4080 τό
574 4020 652 4102 ρήμα
666 4018 765 4114 ἱερέων
801 4043 858 4125 σχρι
882 4029 945 4093 τοῖς
962 4022 1053 4083 πᾶσιν
1069 4023 1143 4093 υἱοῖς
1164 4021 1218 4101 τῆς
1237 4016 1411 4094 ἀποικεσίας

157 4101 220 4161 τῶν
243 4102 274 4163 ἐν
294 4094 492 4201 Ἰερουσαλήμ
515 4101 599 4203 ἔστω
619 4095 765 4202 διδόμενον
800 4127 850 4164 και
867 4112 930 4177 τοῖς
949 4099 1143 4186 ἀδελφοῖς’
1108 4105 1209 4166 αυτῶν
1224 4113 1286 4177 τοῖς
1295 4105 1409 4211 ἷερεῦσι

158 4179 276 4257 αὐτοῖς,
303 4178 487 4284 ήμέρανέν’
472 4185 566 4285 ημίρᾳ
580 4207 598 4244 0
583 4177 712 4247 ἒαν
679 4209 763 4266 αιτη
800 4210 851 4249 και
871 4186 996 4260 ἑαυτοῖς.
1035 4189 1063 4228 ²¹
1076 4213 1128 4250 και
1145 4188 1258 4264 ἔφαγον
1276 4188 1337 4250 υἶσι
1349 4182 1410 4250 ’16-

159 4289 265 4340 σωσιν,
294 4267 352 4308 ¹⁰⁰
338 4289 385 4328 ινα
404 4253 477 4328 οἶσιν
493 4264 617 4340 εὐωδίας
633 4271 764 4373 προςφί-
800 4266 926 4376 ραήλ’
897 4293 933 4333 το
933 4267 1071 4373 πάσχα,
1098 4275 1128 4334 οἱ
1146 4267 1208 4334 ἀπό
1222 4295 1275 4351 της
1288 4294 1407 4334 απσικε-

157 4373 255 4429 ροντες
268 4374 310 4433 τῳ
296 4351 388 4432 θεῷ
399 4350 454 4411 τοῦ
463 4347 602 4436 οὐρανοῦ,
613 4354 664 4415 καί
673 4377 762 4434 προς-
800 4357 875 4429 σίας,
889 4352 941 4416 καὶ
952 4358 1012 4427 πᾶς
1026 4381 1044 4418 ο
1030 4349 1304 4438 ’χωριζόμενος
1267 4377 1323 4456 της
1330 4351 1407 4460 ἀκρι-

156 4430 297 4538 εῦχωνται
321 4437 360 4507 είς
371 4415 461 4517 ζωήν
482 4459 536 4498 του
524 4434 696 4538 βασιλέως
713 4438 763 4500 καί
798 4442 928 4538 θαρσίας
947 4438 1106 4501 ἐθνῶν
1067 4463 1119 4539 της
1130 4441 1184 4522 γῆς
1197 4439 1284 4540 πρός
1286 4434 1408 4511 αῦτσῦς,

157 4519 229 4583 υίιᾶν
256 4516 359 4584 αὐτοῦ.
398 4519 422 4557 ¹¹
435 4521 486 4585 καί
508 4516 557 4587 ἀπ’
579 4521 652 4604 ε’μου
640 4523 762 4605 ἐτίθη
799 4525 852 4584 τοῦ
878 4521 1033 4602 ἕκζητήσαι
1060 4517 1160 4606 κόριον
1185 4529 1258 4586 θεον
1275 4514 1410 4646 Ἰσραήλ

1314 4605 1410 4670 ²²66
