2924 4972
255 236 759 303 HAR-MEIHOMENQN
780 242 914 305 Am
959 240 1090 319 Κεφ.ςῖ
1104 238 1133 303 6.
1261 244 1326 315 439

77 358 151 428 γίων
165 354 203 425 είς
219 349 381 433 πρόςωπον
397 356 451 415 τοῦ
468 353 566 439 δαβὶρ,
585 354 640 416 οὐκ
655 355 685 415 ἐ·
716 348 875 477 ηγοόμενον
892 355 941 417 ἐπὶ
958 350 1011 416 τόν
1029 350 1104 415 λαόν
1120 379 1178 434 μου
1189 351 1323 440 Ἰσραήλ.

78 435 224 537 ήλλέιιοντο
237 435 315 511 ἔξω,
340 435 392 498 καί
406 422 482 537 ήσαν
494 438 554 499 ἐκεῖ
564 440 620 511 ἔως
631 404 702 519 τῆςΙ
743 438 794 498 καὶ
812 434 982 520 ἐξελεξάμην
999 432 1053 518 τήν
1066 432 1258 519 Ἰερουσαλήμ
1274 464 1324 515 γε.

78 520 186 601 ημέρας
198 513 316 601 ταύτης.
344 518 372 561 ¹⁰
386 543 440 581 ουκ
453 506 489 602 ήν
501 521 532 583 ἐν
544 522 581 611 τή
595 521 683 604 κιβω-
716 521 822 582 νὲσθαι
840 516 876 582 τὸ
896 516 950 582 όνο
972 513 992 581 ά
1009 544 1067 600 μου
1089 524 1150 583 ἐκεῖ
1164 521 1215 582 καὶ
1232 521 1323 597 εξελε»

80 605 121 684 τῴ
134 596 211 684 πλήν
229 596 285 666 δύο
298 596 408 675 πλάκες
425 595 461 677 ἃς
478 604 568 705 ἔθηκε
580 604 684 667 Maon·
715 597 809 685 ξάμην
822 602 854 665 ἐν
864 546 1026 665 Δανὶἔτοῡ
1037 600 1110 665 εἶναι
1121 604 1172 666 ἐπὶ
1182 599 1236 666 τὸν
1245 600 1322 669 λαόν

78 688 130 767 σής
142 686 173 748 ἐν
187 681 314 770 Χωρήβ,
334 680 355 748 ά
367 684 484 750 διέθετο
498 709 599 769 κυριος
609 682 683 766 μετὰ
714 709 772 766 μου
787 677 917 769 Ἰσραήλ.
951 684 1029 749 7καί
1045 687 1161 762 ἐγένετο
1179 686 1230 749 ἐπὶ
1247 712 1323 771 καρ-

77 771 137 832 τῶν
149 770 225 832 υἱῶν
232 764 370 852 Ἰσραήλ,
389 771 420 833 ἐν
433 772 477 851 τῴ
489 768 616 846 ἐξελθεῖν
627 764 684 832 αό-
715 767 782 831 δίαν
794 767 893 831 Δαυὶδ
902 770 957 831 τοῦ
965 764 1082 852 πατρός
1090 792 1158 851 μου,
1170 772 1226 832 τοῦ
1237 773 1323 833 οἱκο·

76 846 146 924 τοὺς
161 853 194 915 ἐκ
205 854 257 933 γής
268 846 442 931 Αἱγόπτου.
468 856 493 893 ¹¹
507 854 558 917 καὶ
570 853 682 929 ἐγένετο
714 848 843 933 δομήσαι
856 848 940 915 οἷκον
950 854 992 934 τῷ
1003 846 1125 935 ὀνόματι
1135 857 1237 937 κυρίου
1247 855 1323 916 θεοῦ

75 936 106 997 ἐν
120 937 164 1016 τῴ
181 932 308 1009 ἐξελθεῖν
324 934 394 1009 τοὺς
413 938 497 1018 ἱερεῖς
515 938 547 999 ἐκ
565 937 628 999 τῶν
644 930 682 999 ἱε-
710 929 842 1017 Ἰσραήλ
880 934 960 999 1καὶ
973 932 1036 997 εἶπε
1053 932 1152 1019 κάριος
1164 934 1240 1020 πρὸς
1255 940 1321 999 Δα-

74 1023 160 1093 γίων,
184 1014 231 1080 ὅτι
245 1012 352 1095 πάντες
364 1022 396 1083 οἱ
408 1021 490 1104 ἱερεῖς
502 1023 534 1083 οἱ
546 1013 683 1103 εὖρεθέν-
715 1016 763 1079 υὶδ
790 1017 909 1103 πατέρα
933 1042 999 1098 μου.
1025 1016 1103 1082 διότι
1127 1021 1241 1094 ἐγένετο
1270 1020 1321 1083 ἐπί

76 1122 121 1171 τες
134 1094 330 1184 ήγιάσθησαν,
339 1097 393 1165 οὐκ
407 1090 480 1182 ἦσαν
492 1101 683 1181 διατεταγμέ-
713 1098 838 1181 καρδίαν
861 1123 918 1164 σου
940 1105 997 1163 τοῦ
1022 1100 1215 1183 οἰκοδομῆσαι
1238 1098 1320 1166 οἶκον

78 1204 121 1244 νοι
133 1179 196 1245 κατ’
218 1187 385 1267 ἰσημερίαν.
409 1186 438 1224 ¹²
451 1185 503 1249 καὶ
515 1187 546 1249 οἱ
556 1189 682 1247 Λευῖται
714 1185 758 1266 τῷ
769 1176 896 1263 ὀνόματί
905 1207 980 1266 μου,
993 1181 1091 1257 καλῶς
1103 1186 1260 1266 ἐποίησας,
1273 1180 1320 1247 ότι

77 1267 107 1326 οἱ
121 1265 278 1345 ιμαλτῳδοὶ
295 1261 401 1340 πάντες
417 1277 480 1341 τοῖς
498 1270 573 1341 υἱοῖς
584 1261 681 1345 Ἀσάφ
714 1266 825 1343 ἐγένετο
839 1268 890 1331 ἐπὶ
903 1263 956 1350 τήν
970 1265 1095 1350 καρδίαν
1111 1289 1176 1330 σου.
1213 1268 1229 1308 ⁰
1242 1263 1321 1349 πλήν

79 1351 121 1449 τῴ
134 1346 240 1428 Αῖμάν
256 1352 300 1431 τῷ
314 1344 447 1413 Ἰδιθοίιν
463 1350 514 1413 καλ
531 1360 594 1424 τοῖς
606 1350 682 1423 υἱοῖς
713 1347 751 1412 σὺ
765 1345 820 1413 οὐκ
832 1344 1032 1432 οίκοδομήσεις
1050 1349 1103 1412 τὸν
1117 1346 1212 1425 οἶκον,
1239 1346 1286 1412 ότι
1300 1346 1318 1412 ὁ

76 1434 187 1504 αυτοῦ,
214 1432 339 1507 καὶτοῖς
357 1429 494 1511 ἀδελφοῖς
511 1428 608 1496 αὐτοῦ
621 1434 682 1497 τῶν
713 1425 777 1507 υἱός
789 1457 842 1497 σου
856 1428 888 1507 ὃς
901 1430 1078 1508 ἐξελεύσεται
1096 1434 1128 1497 ἐκ
1141 1435 1194 1515 τής
1207 1427 1319 1512 ὀσφύος

75 1513 268 1594 ἐνδεδομένων
285 1513 395 1590 στολάς
410 1518 546 1601 βυοοίνας
561 1518 593 1579 ἐν
605 1540 679 1599 κυμ-
711 1539 782 1591 σου,
806 1506 896 1591 οὗτος
910 1511 1094 1600 οἰκοδομήσει
1114 1511 1166 1579 τόν
1179 1513 1262 1580 οἶκον
1273 1518 1319 1599 τῴ

77 1593 177 1671 ίὶάλοις
188 1599 240 1662 καί
256 1600 288 1662 ἐν
300 1592 419 1685 νάβλαις
431 1601 483 1663 καὶ
495 1601 525 1665 ἐν
537 1595 677 1685 κινάραις,
711 1592 837 1681 ὀνόματί
847 1625 915 1682 μου.
953 1602 983 1644 ¹⁰
996 1604 1046 1666 καὶ
1064 1594 1201 1683 ἀνέστησε
1217 1594 1318 1685 κάρτος

74 1675 227 1763 ἑστηκότες
243 1684 397 1748 κατέναντι
415 1687 469 1748 τοῦ
479 1686 679 1768 θυσιαστηρί·
710 1676 865 1758 τὸνλόγον
881 1687 999 1761 τοῦτον,
1020 1679 1055 1748 ὃν
1071 1678 1205 1767 ἐλάλησε,
1223 1684 1274 1747 καὶ
1285 1687 1317 1746 ἔ-

73 1789 119 1841 ου,
132 1767 181 1828 καὶ
192 1764 251 1848 μετ’
268 1763 368 1831 αὐτῶν
383 1770 465 1852 ἱερεῖς
479 1767 589 1834 ἑκατόν
600 1769 679 1831 εἴκο-
708 1765 839 1851 γενήθην
851 1763 920 1830 άντὶ
932 1767 1030 1831 Δαυὶδ
1041 1766 1157 1851 πατρός
1168 1792 1241 1847 μου,
1266 1767 1317 1829 καὶ

72 1874 100 1912 σι
119 1847 306 1926 σαλπίζοντες
322 1862 388 1927 ταῖς
407 1846 553 1930 σάλπιγξι.
587 1852 615 1892 ¹³
628 1849 679 1913 καὶ
710 1844 840 1912 ἐκάθισα
852 1850 903 1913 ἐπὶ
914 1851 969 1916 τὸν
981 1847 1095 1937 θρόνον
1104 1847 1240 1933 Ἰσραήλ,
1261 1875 1317 1913 κα·

71 1933 182 2007 ἐγένετο
194 1940 249 2017 μία
260 1931 344 2019 φωνή
366 1937 397 1998 ἐν
409 1938 454 2018 τῴ
466 1935 615 2011 σαλπίζειν
627 1934 678 1996 καὶ
711 1930 775 2007 θὼς
788 1928 914 2017 ἐλάλησε
931 1929 1039 2017 κάριος.
1067 1936 1118 1998 καὶ
1135 1930 1316 2018 ᾠκοδόμησα

71 2018 101 2076 ἐν
111 2019 155 2098 τῴ
167 2016 334 2100 ψαλτῳδεῖν
347 2020 399 2082 καὶ
411 2021 442 2080 ἐν
455 2023 498 2101 τῴ
511 2016 678 2098 άναᾳωνεῖν
708 2012 762 2079 τόν
788 2012 883 2081 οἶκον
894 2022 937 2101 τῴ
960 2014 1085 2099 ὀνόματι
1107 2024 1211 2102 κυρίου
1237 2020 1316 2081 θεοῦ

70 2103 155 2190 φωνή
169 2105 222 2183 μιᾷ
237 2105 293 2164 τοῦ
304 2098 553 2183 ἐξομολογεῖσθαι
565 2102 615 2164 καὶ
629 2102 679 2162 αἱ·
704 2093 838 2181 Ἰσραήλ,
876 2104 902 2141 ¹¹
916 2104 968 2165 καῖ
980 2104 1078 2184 ἔθηκα
1090 2102 1150 2166 ἐκεῖ
1159 2099 1212 2184 τήν
1223 2103 1317 2186 κιβω-

70 2192 127 2244 νεῖν
139 2188 182 2264 τῷ
195 2188 297 2266 κυρίῳ.
318 2179 422 2255 καλῶς
437 2179 565 2263 ἱίιμωσαν
577 2179 679 2263 φωνήν
709 2178 762 2245 τὸν
775 2184 806 2244 ἐν
818 2173 839 2273 ᾗ
852 2184 913 2245 ἐκεῖ
927 2180 1057 2307 διαθήκη
1073 2192 1188 2268 κυρίου,
1208 2180 1243 2268 ήν
1255 2184 1314 2249 διέ-

70 2267 102 2326 ἐν
116 2260 268 2340 σάλπιγξι,
288 2265 339 2327 καὶ
351 2267 383 2326 ἐν
396 2260 571 2349 κυμβάλοις,
585 2266 635 2327 καὶ
648 2267 679 2326 ἐν
708 2272 784 2325 θετο
798 2266 842 2344 τῴ
857 2260 989 2348 Ἰσραήλ.
1028 2269 1040 2306 1
1068 2270 1119 2330 καὶ
1137 2272 1208 2350 ἔστη
1226 2270 1315 2330 κατέ·

71 2340 209 2425 ὀργάνοις
222 2349 282 2408 τῶν
294 2342 389 2425 ᾠδῶν,
407 2349 459 2409 καί
471 2345 585 2423 ἔλεγον.
613 2348 678 2421 ἐξο-
709 2367 791 2408 ναντι
804 2349 860 2409 τοῦ
872 2352 1090 2430 θυσιαστηρίου
1100 2355 1203 2433 κυρίου
1216 2354 1315 2413 ἔναντι

71 2425 249 2505 μολογεῖσθε
272 2430 317 2506 τῴ
340 2432 444 2508 κυρίῳ,
471 2424 516 2491 ὅτι
544 2424 677 2504 άγαθόν,
709 2425 808 2508 πάσης
827 2428 983 2508 ἐκκλησίας
993 2425 1125 2512 Ἰσραήλ,
1150 2433 1202 2493 καὶ
1219 2432 1315 2493 διεπέ-

70 2506 118 2571 Su
133 2512 171 2582 εἷς
183 2503 235 2572 τὸν
248 2511 342 2571 αἰῶνα
355 2510 391 2572 τὸ
405 2509 486 2584 ἔλεος
498 2506 604 2574 αὐτοῦ.
627 2512 679 2573 καὶ
709 2531 779 2570 τασε
792 2504 846 2580 τάς
857 2519 956 2592 χεῖρας
968 2507 1074 2582 αὐτοῦ,
1099 2508 1183 2573 11ότι
1197 2513 1316 2592 ἐποίησε

67 2588 183 2666 όοίκος
201 2584 371 2675 ἐνεπλήσθη
392 2592 512 2674 νεφελης
525 2589 612 2676 δόξης
625 2618 677 2655 κυ-
708 2588 864 2671 Σολομῶν
886 2586 974 2676 βάσιν
995 2591 1118 2674 χαλκ”ν,
1135 2595 1186 2655 καῖ
1211 2596 1315 2674 ἔθηκεν

67 2673 142 2759 ρίου.
169 2675 264 2739 11καὶ
290 2672 344 2738 οὐκ
371 2673 518 2760 ήδάναντο
541 2681 572 2742 οἱ
596 2679 677 2762 ἱερεῖς
708 2669 804 2757 αὐτήν
821 2675 851 2736 έν
868 2675 948 2757 μέσῳ
966 2679 1019 2757 τής
1038 2617 1131 2757 πάλης
1147 2678 1204 2739 τοῦ
1223 2679 1314 2761 ἱεροῦ,

66 2762 123 2822 τοῦ
137 2763 240 2842 στῆναι
254 2757 430 2844 λειτουργεῖν
440 2757 502 2824 άπὸ
515 2755 676 2844 προςῶπου
707 2758 792 2821 πέντε
817 2758 936 2860 πήχεων
961 2754 998 2822 τό
1023 2761 1114 2863 μήκος
1140 2756 1240 2841 αὐτῆς,
1265 2760 1318 2822 καί

66 2845 118 2922 της
131 2842 260 2926 νεφελης,
273 2839 319 2907 ότι
333 2842 472 2928 ἐνέπλησε
485 2839 675 2928 δόξακυρίου
706 2841 794 2906 πέντε
818 2868 936 2945 πήχεων
960 2842 996 2906 τὸ
1023 2867 1106 2929 ευρος
1130 2840 1233 2927 αιἰτής,
1264 2842 1316 2906 καὶ

65 2924 120 2990 τὸν
133 2925 213 2991 οἷκον
225 2931 282 2992 τοῦ
297 2932 378 2992 θεοῦ.
705 2928 796 3010 τριῶν
812 2949 927 3030 πηηεων
943 2926 980 2991 τό
1001 2922 1079 3010 ίίιμος
1091 2924 1191 3011 αὐτῆς.
1213 2928 1265 2991 καῖ
1283 2929 1315 2989 ἔ-

262 3015 388 3074 Hm.
433 3035 475 3085 ς.
706 3007 816 3092 στηέπ’
833 3014 941 3094 αυτής,
967 3006 1313 3088 καὶἔὶτεσενέπὶτάγό-

74 3059 167 3158 ,Τότε
180 3092 241 3159 εἷπε
250 3090 419 3176 Σολομῶν.
433 3089 532 3181 κόριος
545 3092 606 3159 εἱπε
615 3098 672 3159 τοῦ
704 3116 781 3156 νατα
794 3095 890 3158 ἔναντι
904 3088 1001 3180 πόσης
1016 3092 1173 3178 ἐκκλησίας
1181 3090 1313 3179 Ἰσραήλ,

64 3181 295 3257 κατασκηνῶσαι
317 3181 348 3242 έν
368 3174 483 3280 γνόρῳ,
509 3178 589 3243 2καί
612 3177 670 3256 ἐγώ
704 3178 755 3240 καὶ
767 3176 919 3245 διεπέτασε
928 3177 983 3253 τάς
990 3188 1088 3263 χεῖρας
1098 3175 1196 3243 αὐτοῦ
1209 3184 1247 3253 εἰς
1260 3175 1315 3242 τὸν

64 3259 242 3344 ᾠκοδόμηκα
265 3260 348 3326 οἶκον
365 3266 410 3344 τῴ
428 3257 557 3346 ονόματί
568 3287 621 3327 σου
634 3257 669 3325 δι’·
705 3258 851 3345 οὐρανὸν,
888 3260 984 3326 11καὶ
1006 3261 1076 3325 είπε.
1102 3258 1181 3348 κόριε
1202 3259 1219 3325 ὁ
1241 3259 1313 3336 θεὸς

62 3339 129 3423 γιόν
142 3370 188 3408 σοι
208 3345 259 3407 καί
276 3349 393 3426 ἕτοιμον
408 3349 464 3408 τοῦ
478 3347 672 3426 κατασκηνῶ-
702 3340 842 3426 Ἰσραήλ,
865 3341 921 3407 οὐκ
934 3346 1013 3408 ἔστιν
1027 3340 1128 3427 ὅμοιός
1141 3369 1186 3408 σοι
1199 3342 1268 3419 θεός
1282 3349 1313 3407 ἐν

64 3453 117 3494 σαι
131 3430 169 3499 εἱς
183 3426 253 3500 τοὺς
266 3431 383 3500 αἰῶνας.
411 3429 480 3492 3καὶ
492 3429 673 3514 ἐπέστρεψεν
706 3421 827 3508 οὐρανῷ
848 3428 899 3490 καλ
916 3428 966 3489 ἐπὶ
984 3429 1038 3508 τῆς
1054 3430 1124 3507 ίῆῖ,
1150 3422 1314 3505 φυλάσσω

65 3507 84 3574 ό
98 3507 238 3658 ηλαοιλεὺς
256 3506 291 3571 τὸ
310 3506 472 3594 πρόςωπον
492 3509 598 3586 αὐτοῦ,
623 3512 674 3575 καὶ
705 3504 758 3591 τήν
770 3503 918 3590 διαθήκην
936 3508 989 3571 καί
1001 3504 1037 3570 τό
1050 3509 1136 3580 ἔλεος
1148 3520 1210 3580 τοῖς
1226 3513 1315 3571 παισί

63 3593 96 3659 εὖ
118 3586 206 3674 όγησε
219 3589 274 3675 τήν
286 3597 389 3657 πᾶσαν
408 3593 563 3675 ἐκκλησίαν
572 3591 671 3679 Ἰσρα-
706 3616 760 3656 σου
789 3601 851 3665 τοῖς
873 3592 1082 3677 πορευομένοις
1102 3591 1234 3654 ἐναντίον
1259 3614 1313 3654 σου

66 3675 113 3762 ήλ,
125 3679 177 3741 καὶ
188 3679 275 3740 πάσα
288 3671 306 3757 ή
317 3674 453 3758 ἐκκλησία
461 3672 583 3759 Ἰσραήλ
594 3702 673 3780 παρ-
705 3677 736 3739 ἐν
750 3670 806 3766 ὅλη
819 3674 939 3756 καρδίᾳ,
952 3669 1010 3738 11ά
1023 3669 1171 3755 ἐφόλαξας
1184 3677 1228 3757 τῴ
1241 3694 1313 3739 παι-

63 3756 196 3845 ειστήκει.
223 3760 240 3801 *
254 3760 305 3823 καὶ
327 3757 413 3822 εἶπεν.
440 3755 596 3839 εὐλογητὸς
619 3785 673 3823 κυ-
705 3758 736 3821 δί
748 3785 804 3823 σου
819 3758 915 3823 Δαυὶδ
927 3761 972 3840 τῴ
983 3763 1079 3839 πατρί
1086 3782 1155 3860 μου,
1169 3753 1191 3821 ά
1203 3753 1312 3840 ἐλάλη-

65 3872 130 3933 ριος
144 3842 162 3908 ὁ
181 3838 252 3918 θεὸς
266 3841 407 3946 Ἰσραήλ,
432 3839 472 3916 ὡς
490 3840 629 3923 ἐλάλησεν
642 3846 673 3907 ἐν
705 3866 760 3916 σας
773 3840 857 3924 αι’·τῴ
865 3841 970 3920 λέγων,
981 3844 1031 3905 καὶ
1040 3841 1185 3925 ε’λαληοας
1198 3842 1228 3905 ἐν
1241 3839 1313 3906 στό-

65 3926 190 4012 στόματι
204 3926 301 3992 αὐτοῦ
313 3952 390 4008 προς
403 3926 501 3991 Δαυίδ
511 3925 565 3990 τόν
577 3928 672 3991 πατέ-
702 3931 776 4006 ματί
790 3928 917 4001 σου,καὶ
930 3928 961 3989 ἐν
977 3931 1060 4010 χερσί
1071 3951 1124 3989 σου
1137 3920 1312 4010 ἔπλήρωσας

65 4039 105 4098 ρα
116 4038 185 4095 μου,
211 4013 263 4076 καὶ
275 4013 305 4074 ἐν
317 4011 412 4115 ηεροὶν
424 4007 522 4075 αὐτοῦ
535 4006 671 4095 ἐπλήρω-
704 4007 744 4084 ὡς
759 4005 776 4093 ή
791 4005 888 4095 ήμέρα
902 4004 986 4113 αἶίτη.
1026 4008 1054 4051 ¹¹
1074 4011 1125 4073 καί
1137 4013 1188 4073 νῦν
1200 4004 1280 4093 κύριε
1294 4006 1311 4074 ὁ

65 4123 106 4171 σε,
120 4096 221 4174 λέγων.
250 4092 341 4160 1άπο
360 4098 411 4178 τής
429 4091 537 4179 ήμέρας
551 4084 668 4177 ήςάνή-
703 4091 775 4168 θεὸς
790 4090 915 4178 Ἰσραήλ
935 4092 1068 4174 φνλαξον
1093 4097 1136 4177 τῷ
1155 4094 1241 4157 παιδί
1257 4119 1311 4159 σου

64 4206 157 4257 γαγον
169 4180 222 4244 τὸν
234 4174 308 4244 λαόν
316 4205 374 4262 μου
390 4181 421 4241 ἐκ
434 4183 487 4261 γής
499 4174 671 4255 Αἰγύπτου,
703 4182 748 4241 τῶ
768 4178 867 4242 Λανὶδ
884 4182 929 4260 τῴ
946 4183 1042 4261 πατρί
1059 4204 1117 4260 μου
1131 4174 1152 4241 ά
1165 4174 1312 4259 ἐλάλησας

65 4262 121 4328 οὐκ
140 4260 308 4346 ἐξελεξάμην
331 4267 361 4327 ἐν
386 4257 467 4326 πόλει
485 4260 549 4326 άπὸ
567 4265 673 4326 πασῶν
704 4243 787 4344 αέιτῴ
800 4262 904 4338 λέγων,
918 4259 973 4325 οὐκ
987 4261 1112 4341 ἐκλείψει
1126 4287 1172 4326 σοι
1186 4257 1260 4343 ἀνήρ
1274 4258 1312 4323 ά-

65 4347 169 4428 φυλῶν
180 4345 319 4433 Ἰσραήλ,
345 4353 401 4410 τοῦ
419 4346 612 4431 οἰκοδομῆσαι
626 4343 673 4408 οῖ·
702 4341 744 4408 πό
758 4342 920 4429 προςεόπου
929 4372 985 4427 μου
998 4345 1162 4429 καθήμενος
1171 4344 1222 4406 ἐπὶ
1234 4341 1312 4427 θρό-

63 4437 184 4498 κοντοῦ
200 4430 273 4495 εἶναι
291 4429 327 4495 τὸ
348 4425 440 4511 όνομά
457 4456 514 4511 μου
532 4432 598 4504 ἐκεῖ,
621 4426 672 4491 κοιὶ
703 4453 755 4493 νου
764 4425 904 4514 Ἰσραήλ,
929 4426 1009 4512 πλήν
1028 4425 1081 4490 ἐάν
1099 4421 1267 4506 φυλάξασιν
1281 4429 1313 4487 οἱ

63 4515 118 4582 οὐκ
137 4510 304 4598 ἐξελεξάμην
321 4516 351 4577 ἐν
370 4510 453 4599 άνδρὶ
470 4517 526 4578 τοῦ
543 4511 614 4577 εἶναι
633 4516 672 4589 εἰς
686 4496 689 4543 ¹
703 4516 765 4578 υἱοί
778 4537 833 4577 σου
848 4516 902 4594 τήν
922 4508 993 4576 ὁδὸν
1013 4506 1114 4572 αὐτῶν
1127 4511 1179 4570 τοῦ
1192 4501 1313 4646 πορεήε-

1246 4610 1264 4646 ἦ
1292 4611 1330 4646 Q
