2924 4972
370 256 673 323 ισΡσΜιΑΣ
710 253 978 337 Κεφ-ς’·ζ’.6.7.
1222 261 1287 332 621

55 377 114 457 τός.
140 376 224 463 πόνῳ
244 380 294 443 καί
311 371 431 460 μάστιγι
461 369 656 456 2παιδευθῇ·
689 377 806 458 φέρετε,
825 375 877 438 καί
889 369 1057 456 κινάμωμον
1069 376 1102 437 ἐκ
1113 379 1167 458 γῇς
1178 370 1294 459 μακρό-

55 491 91 548 ση
107 460 312 549 Ἰερουσαλήμ,
332 455 372 559 μή
396 453 514 550 ἀποστῇ
533 453 552 539 ἢ
577 452 657 540 ψυχή
688 466 743 521 θεν
747 484 759 534 ,·
772 455 811 521 τὰ
825 451 1063 538 ὁλοκαυτώματα
1076 452 1158 536 ὑμῶν
1170 458 1226 521 οὐκ
1238 458 1295 522 εἰσί

54 537 113 633 μόυ
126 543 190 611 ἀπὸ
211 547 281 618 σοῦ,
306 566 346 622 μη
364 536 479 622 ποιήσω
498 565 529 605 σε
548 538 659 625 ἀβατον
689 536 787 613 δεκτά,
800 541 851 603 καί
863 543 896 603 αἰ
908 533 1040 604 θυσίαιῦ
1063 541 1106 602 ῶν
1119 536 1172 622 οὐχ
1185 538 1294 623 ἥδονάν

54 635 123 713 γῇν,
142 625 205 711 ήτις
222 622 260 688 ού
278 626 467 713 κατοικισθῇ.
494 617 572 688 9ὅτι
589 617 659 687 τόδε
689 648 748 705 μοι.
775 624 802 663 ²¹
815 619 966 687 διάτοῦτσ
990 617 1030 686 τό
1049 644 1062 684 ε
1086 619 1160 696 λέγει
1185 616 1292 705 κύριος.

54 713 130 788 λέγει
143 705 252 787 κύριος.
277 706 467 788 καλαμᾶσθε,
480 706 659 786 καλαμᾶσθε
691 700 758 768 ἰδοῦ
771 701 830 782 έγῶ
841 705 944 786 δίδωμι
962 706 1013 770 ἐπί
1029 701 1085 768 τόν
1097 701 1172 768 λαόν
1185 707 1296 769 τοῦτον

54 791 96 869 ὡς
109 790 241 875 ἄμπελον
251 786 290 853 τά
303 784 475 855 κατόλοιπα
489 793 546 853 τοῦ
556 787 659 873 Ἰσρα-
692 785 866 861 ἀσθένειαν,
892 789 943 852 καί
955 782 1157 869 ἀσθενήσουσι
1169 788 1296 870 πατέρες

55 877 103 959 ήλ,
115 876 314 958 ἐπιστρέψατε
327 868 369 947 ῶς
386 869 533 956 ὁτρνγῶν
545 873 594 936 ἐπί
607 870 659 936 τὸν
690 871 740 934 καί
761 873 822 936 υἰοί
845 867 866 934 ῦ
909 874 1037 949 ,γείτων
1055 870 1106 934 καὶ
1128 865 1146 933 ὁ
1168 868 1296 952 πλησίον

55 955 226 1042 κόρταλλον
248 952 352 1020 αὐτοῦ.
378 953 496 1039 1θετρός
519 960 586 1019 τίνα
603 952 659 1017 λοι-
691 950 788 1018 αύτοῦ
801 896 996 1019 ἀπολόῦνται.
1026 955 1057 994 22
1070 950 1140 1018 τσίδε
1152 952 1229 1030 λέγει
1242 946 1297 1016 κύ-

55 1036 150 1124 λήσω,
175 1040 226 1103 καὶ
238 1033 495 1120 διαμαρτύρομαι,
520 1039 571 1102 καί
584 1042 660 1140 εἰρα-
690 1061 761 1122 ριος.
788 1034 853 1101 ἰδοῦ
872 1035 946 1113 λαὸς
963 1039 1077 1121 ἔρχεται
1094 1032 1157 1099 ἀπὸ
1175 1035 1297 1141 Βορρἄ

55 1119 209 1200 κούσεταις
236 1119 303 1186 ἰδού
326 1119 511 1223 ἀπερίτμητα
532 1122 572 1186 τὰ
594 1144 659 1185 οντα
691 1121 828 1204 καὶέθνη
842 1116 1086 1202 ἔξεγερθήσονται
1100 1115 1151 1182 ἀπ’
1168 1121 1297 1203 ἔσχατον

56 1204 170 1277 αῦτῶν,
192 1205 243 1267 καί
267 1200 302 1267 οἰ
328 1204 505 1285 δυνησονται
531 1199 658 1270 ἀκούειν.
691 1206 817 1286 τῇςγῇς.
843 1203 873 1244 22
885 1197 972 1280 τόξον
989 1203 1040 1267 καί
1057 1196 1171 1309 ζιῇύνην
1183 1194 1298 1287 κρατή-

57 1285 122 1352 ἰδοίι
132 1286 169 1350 τὸ
182 1289 259 1388 ρῇμα
269 1289 371 1371 κυρίου
381 1289 492 1364 ἐγένετο
503 1284 608 1361 αὐτοῖς
621 1291 660 1361 εἰς
692 1310 803 1350 σουσιν.
832 1284 937 1367 ἰταμός
950 1289 1027 1360 ἐστι,
1040 1311 1092 1351 και
1110 1281 1167 1349 οῦκ
1180 1280 1297 1370 ε’λεήσει.

57 1370 226 1451 ὁνειδισμον,
248 1367 285 1434 ού
303 1367 344 1452 μή
360 1369 552 1455 βουληθῶσιν
573 1364 659 1434 αὐτό.
692 1366 778 1451 φωνή
794 1365 889 1433 αὐτοῦ
897 1417 908 1446 ,
926 1364 966 1444 ῶς
978 1365 1125 1434 θάλασσα
1137 1374 1297 1451 κυμαίνσυ-

57 1457 81 1496 ¹¹
87 1455 137 1517 καί
148 1449 202 1517 τόν
213 1447 311 1535 θυμόν
321 1476 380 1534 μου
392 1452 517 1535 ἔπλησα,
531 1453 581 1517 καί
592 1455 661 1517 έπέ-
694 1477 742 1527 σα,
754 1447 797 1555 ἐρ’
811 1455 917 1526 ἵπποις
934 1452 986 1517 καί
999 1447 1110 1537 ἅρμασι
1127 1446 1298 1538 παρατόξε-

58 1559 146 1620 σχον,
166 1537 218 1600 καί
234 1534 407 1601 συνετιλεσα
424 1532 546 1611 αύτούς.
572 1537 660 1620 ἐκχεῶ
693 1559 744 1599 ται
762 1559 803 1610 ως
818 1538 879 1619 πῦρ
897 1539 936 1610 εἰς
954 1531 1085 1638 πόλεμον
1102 1531 1178 1619 πρός
1194 1535 1226 1600 σὲ
1238 1529 1299 1599 θύ·

57 1621 108 1685 ἐπὶ
121 1614 212 1700 νήπια
224 1621 350 1694 ἔξωθεν,
363 1620 416 1684 καί
428 1620 479 1684 ἐπί
491 1615 662 1702 συναγωγήν
692 1641 783 1700 γατερ
794 1612 883 1681 Σιῶν.
914 1617 946 1660 ²⁴
960 1616 1125 1702 ῇκουσαμεν
1137 1615 1192 1700 τήν
1205 1613 1299 1702 ἀκοήν

58 1707 215 1768 νεανίσκων
240 1699 312 1784 ἅμα,
337 1697 386 1766 ῦτι
410 1700 485 1784 ἀνήρ
511 1702 563 1767 καί
588 1699 660 1803 γυνή
694 1696 1038 1787 αῦτῶν,παρελύθησαν
1051 1707 1083 1766 αἰ
1097 1711 1187 1805 ηείρες
1205 1697 1300 1804 ήμῶν,

58 1783 341 1887 συλληφθήσονται,
371 1783 566 1871 πρεσβύτερος
589 1809 661 1868 μετα
693 1782 800 1860 θλίψις
815 1787 954 1888 κατέσηεν
970 1781 1062 1868 ἡμᾶς,
1087 1785 1188 1859 αδίνες
1201 1807 1299 1858 ωςτι-

57 1864 189 1952 πλήρους
203 1873 323 1951 ημερῶν.
354 1863 663 1973 12ιιαίμεταστραφή-
694 1863 825 1950 κτσύσης.
850 1869 880 1909 ²⁵
886 1894 925 1968 μη
939 1862 1131 1951 ἰκπορεύεσθε
1145 1872 1184 1942 εἰς
1195 1862 1299 1952 ἀγρὸν,

58 1975 161 2017 σονται
173 1955 208 2017 αί
220 1955 310 2017 οἰκίαι
322 1949 424 2016 αὐτῶν
437 1957 475 2027 εἰς
487 1953 616 2037 ἑτέρους,
629 1958 663 2015 α-’
695 1953 746 2015 καί
758 1952 789 2015 ἰν
804 1960 870 2024 ταῖς
882 1950 965 2024 οδοῐς
973 1946 1013 2035 μή
1026 1950 1164 2037 βαδίζετε,
1169 1946 1216 2016 ότι
1229 1953 1300 2035 ρὀμ·

57 2037 125 2136 γροί
136 2038 188 2099 καί
205 2039 238 2099 αἰ
254 2045 387 2112 γυναῖκες
405 2033 506 2101 αὐτῶν
523 2039 664 2100 ἰπιτοαυ-
696 2038 773 2113 φαία
785 2037 846 2098 τῶν
859 2037 978 2118 ἐχθρῶν
994 2044 1135 2119 παροικεῖ
1144 2034 1299 2098 κυκλόθεν.

57 2142 104 2182 το.
124 2113 172 2182 ότι
184 2119 289 2181 ἐκτενῶ
301 2118 355 2198 τήν
366 2113 448 2204 χεῖροί
460 2144 519 2201 μου
531 2120 581 2184 ε’πί
592 2116 664 2192 τοὺς
695 2116 726 2158 ²⁶
739 2112 871 2204 θύγατερ
885 2117 963 2181 λαοῦ
980 2143 1038 2199 μου
1050 2120 1210 2200 περίζοσσαι
1224 2115 1300 2181 σύκ-

58 2205 271 2275 κατοικσῦντας
288 2198 341 2281 τήν
357 2206 413 2284 γῇν
425 2198 555 2284 ταύτην,
587 2199 664 2279 λέγει
695 2223 759 2274 κον,
772 2199 947 2265 κατάπασσε
961 2202 992 2264 ἐν
1004 2201 1117 2282 σποδῶ,
1134 2201 1250 2274 πένθος
1261 2197 1299 2263 ἀ·

59 2279 167 2367 κύριος.
192 2283 220 2324 ²³
233 2278 279 2345 ότι
298 2279 360 2345 ἀπό
377 2286 483 2366 μικροῦ
500 2279 601 2346 αὐτῶν
613 2283 665 2345 καί
694 2286 834 2362 γαπητοῦ
847 2286 972 2364 ποίησαι
990 2286 1100 2374 σεαυτῇ
1113 2278 1239 2346 κοπετὸν
1250 2284 1300 2344 οἰ-

59 2370 115 2438 ὲίος
126 2361 253 2444 μεγάλου
266 2359 374 2439 πάντες
391 2363 613 2430 συνετελέσαντο
626 2361 663 2426 ἀ·
696 2361 796 2445 κτρὸν,
809 2359 856 2426 ῦτι
875 2365 1012 2444 ίξαίσνης
1031 2358 1089 2447 ήξει
1106 2361 1300 2450 ταλαιπωρία

59 2471 144 2549 νομα,
158 2443 222 2509 ἀπὸ
241 2447 339 2530 ἱερέως
355 2447 406 2510 καί
424 2445 662 2529 ίίοςψεαδοπρο-
696 2443 739 2526 ἐφ’
770 2442 853 2526 ὑμᾶς.
880 2447 909 2488 22
922 2444 1102 2529 δοκιμαστήν
1127 2442 1242 2512 δέδωκά
1268 2471 1299 2512 σε

59 2551 158 2611 φητου
170 2526 279 2602 πάντες
292 2530 436 2611 ἐποίησαν
447 2529 551 2613 ψευδῇ.
579 2527 665 2594 1*καί
695 2530 727 2591 ἐν
743 2527 826 2603 λαοῖς
844 2528 1109 2612 δεδοκιμασμένοις,
1130 2533 1181 2594 καί
1197 2525 1300 2632 μνῶση

60 2615 150 2676 ἰῶντο
164 2607 327 2697 σύντριμμα
340 2616 397 2677 τοῦ
409 2611 487 2677 λαοῦ
500 2637 568 2715 μου,
579 2613 664 2714 ἰξρυ-
694 2635 729 2693 με
741 2614 774 2675 ἰν
790 2615 834 2692 τῴ
852 2608 1016 2713 δοκιμάσαιΙ
1028 2637 1064 2695 με
1082 2609 1137 2696 τήν
1155 2608 1227 2714 ὁδον
1241 2611 1300 2677 αῦ-

58 2699 213 2769 θενοῦντες
224 2697 276 2758 καί
288 2694 435 2773 λέγοντες,
447 2699 543 2781 εἰρηνη
556 2699 662 2780 εἰρηνη.
696 2698 765 2768 τῶν,
790 2695 822 2735 ²⁸
835 2690 944 2769 πάντες
960 2720 1088 2777 ανηκοοι
1105 2720 1299 2779 πορευομενοι

57 2779 110 2841 καί
131 2781 193 2842 ποῦ
216 2780 296 2843 ἐστιν
318 2773 432 2863 εἰρήνης
463 2775 661 2927 16κατήρηύν-
695 2776 830 2851 σκολιῶς.
862 2777 972 2863 χαλκὸς
989 2780 1040 2842 καί
1057 2779 1176 2863 σίδηρος
1192 2774 1299 2856 πόντες

57 2871 167 2944 θησαν,
190 2855 236 2926 ότι
256 2861 436 2936 έξελίποσαν.
463 2865 514 2927 καί
532 2888 569 2927 ου
622 2858 662 2938 ῶς
694 2862 902 2946 διεφθαρμένοι
915 2866 994 2926 εἰσίν.
1034 2863 1064 2904 22
1078 2862 1190 2940 ἐξέλιπε
1204 2888 1302 2948 φυση·

57 2939 314 3028 καταισχυνόμενοι
327 2939 587 3030 κατῇσχύνθησαν,
611 2946 662 3010 καί
695 2945 749 3030 τήρ
768 2941 829 3010 ἀπὸ
849 2943 955 3031 πυρός,
973 2943 1086 3022 ἰξελιπε
1103 2943 1233 3034 μόλιβος.
1259 2953 1300 3022 εἰς

57 3027 114 3115 τήν
126 3025 245 3109 ἀτιμίαν
259 3025 361 3093 αύτῶν
374 3027 430 3092 οῦκ
444 3031 584 3107 ἔγνωσαν.
611 3030 660 3095 διὰ
693 3025 775 3092 κενόν
787 3024 995 3112 ἀργυροκόπος
1008 3026 1217 3117 ἀργυροκοπεῐ,
1243 3057 1299 3097 πο·

57 3110 531 3201 τοῦτοπεσοῦνταιδντῇπτῶσει
546 3109 660 3188 αἰτῶν,
694 3117 780 3197 νηρία
792 3109 894 3178 αὐτῶν
907 3113 962 3177 οὐκ
975 3108 1074 3196 ἐτάκη.
1112 3114 1144 3156 ³⁰
1157 3109 1299 3199 ἀργύριον

56 3197 107 3259 καί
120 3197 152 3259 ἐν
169 3198 265 3279 καιρῷ
282 3197 444 3280 ἐπισκοπῇς
463 3193 661 3272 ἀπολοῦνται,
693 3193 1002 3281 ἀποδεδοκιμασμένον
1018 3196 1165 3264 καλέσατε
1178 3195 1297 3275 αὐτοὺς,

56 3275 118 3343 εἰπε
131 3273 238 3360 κύριος.
265 3273 368 3357 16τόδε
384 3278 458 3357 λέγει
470 3275 577 3367 κύριος.
591 3283 661 3363 στῇ-
693 3275 741 3346 ότι
752 3277 965 3363 ἀπεδοκίμασεν
977 3278 1088 3356 αὐτούς
1100 3277 1210 3363 κύριος.

56 3385 88 3425 τε
99 3362 149 3424 ἐπὶ
164 3370 231 3435 ταῖς
244 3357 334 3438 ὁδοῖς,
352 3366 403 3427 καί
421 3364 503 3438 ἴδετε,
520 3365 572 3428 καί
585 3367 660 3448 ἰρεσψ
1082 3424 1090 3446 ,

57 3439 164 3526 τήσατε
180 3446 301 3526 τρίβους
317 3449 420 3547 κυρίου
437 3451 585 3520 αἰωνίους.
610 3449 662 3510 καί
744 3449 758 3479 ⁰
878 3434 913 3492 K
925 3435 955 3492 Ε
969 3433 1008 3492 Φ·
1050 3432 1102 3490 Ζ·

56 3527 131 3591 ίδετε
143 3529 217 3588 ποία
230 3525 308 3588 ἐστίν
319 3523 338 3608 ή
351 3522 420 3600 αδδς
432 3525 450 3608 ή
464 3525 585 3611 ἀγαθή,
610 3528 662 3590 καί
692 3495 896 3593 2Ᾰκούσατε
908 3525 999 3602 λόγον
1008 3529 1111 3611 κυρίου
1123 3531 1207 3591 πᾶσα
1216 3523 1297 3592 Ἰου-

55 3607 184 3695 βαδίζετε
201 3609 232 3670 ἰν
248 3603 336 3696 αὐτῇ,
361 3609 414 3671 καί
430 3602 562 3693 εὑρήσετε
579 3605 660 3685 ἆγνι-
692 3610 772 3676 δαία.
799 3606 896 3674 3τιίδε
915 3609 990 3687 λέγει
1007 3605 1106 3693 κύριος
1124 3605 1298 3684 όθεόςἸσ-

57 3687 131 3773 σμόν
143 3698 208 3764 ταῖς
222 3701 332 3772 ψυχαῖς
346 3687 436 3772 ὑμῶν.
449 3693 500 3755 καί
513 3689 610 3763 εἶπαν,
624 3688 661 3755 ού
693 3687 780 3778 ραήλ.
805 3690 990 3778 διορθῶσατε
1013 3689 1067 3766 τός
1092 3688 1181 3768 ὁδούς
1207 3693 1297 3775 ὑμῶν,

55 3767 273 3860 πορευσόμεθα.
299 3775 326 3816 ¹⁷
336 3775 513 3838 καθέστακα
526 3772 569 3855 ἐφ’
586 3769 661 3856 ῦμᾶς
693 3775 794 3842 καὶτὰ
813 3771 1030 3860 ἐπιτηδεύματα
1048 3772 1142 3860 ὑμῶν,
1161 3778 1212 3842 καί
1223 3802 1298 3842 κατ-

57 3856 196 3934 σκοπούς.
233 3850 381 3923 ἀιιούσατε
405 3861 458 3941 τῇς
483 3860 582 3940 φανῇς
607 3862 660 3941 τῇς
693 3863 777 3925 οικιῶ
791 3855 865 3942 ῦμῦς
885 3862 974 3942 ἰντῶ
990 3857 1076 3944 τόπῳ
1093 3855 1200 3943 τούτῳ.
1227 3859 1296 3946 4μή

57 3938 229 4019 σάλπιγγος,
241 3943 292 4004 καί
304 3939 401 4015 εἶπαν,
427 3936 482 4004 οῦκ
496 3936 659 4023 ἀκουσόμε-
691 3946 856 4011 πεποίθατε
866 3940 910 4025 ἐφ’
926 3944 1043 4019 ἑαυτοῖς
1053 3945 1103 4008 ἐπὶ
1113 3939 1212 4022 λόγοις
1222 3965 1297 4027 ψευ-

55 4035 110 4090 θα.
146 4026 174 4067 ¹⁸
188 4023 237 4090 διό
253 4027 347 4089 τοῦτο
365 4021 499 4104 ἥκουσαν
516 4023 557 4090 τό
574 4026 657 4110 ἔθνη,
691 4027 775 4102 δόσιν,
788 4021 835 4091 ότι
848 4025 885 4092 τό
898 4021 1111 4112 παράπανοῦκ
1124 4023 1295 4110 ὠφελήσου-

56 4110 107 4172 καί
118 4112 148 4173 οἰ
156 4112 359 4190 ποιμαίνοντες
366 4107 406 4174 τό
414 4112 537 4189 ποίμνια
547 4106 657 4177 αὐτῶν.
692 4136 738 4176 σιν
752 4107 828 4194 ὑμᾶς
844 4110 985 4188 λέγοντες,
1001 4111 1072 4186 ναός
1090 4117 1206 4197 κυρίου,
1225 4111 1295 4188 ναός

55 4192 83 4233 ¹⁹
96 4189 186 4256 ἀκουε
196 4194 250 4273 γῇ,
277 4188 343 4256 ἰδού
355 4189 414 4270 ίγιό
427 4187 532 4269 ἕποίγιο
544 4189 658 4257 ίπίτόν
689 4198 792 4278 κυρίου
815 4196 899 4261 ἐστίν.
927 4189 1002 4258 6ότι
1025 4192 1077 4260 ἰόν
1101 4196 1295 4280 διορθοῦντες

55 4271 129 4340 λαόν
141 4278 252 4338 τοῦτον
270 4272 363 4349 κακά,
380 4273 435 4340 τόν
451 4271 658 4360 καρπόνάπσ·
688 4273 874 4362 διορθῶσητε
892 4274 947 4353 τός
971 4271 1062 4355 όδοίις
1079 4275 1162 4360 ὑμῶν
1180 4282 1232 4343 καί
1252 4279 1293 4343 τίι

55 4361 187 4441 στροφῆς
204 4353 321 4432 αἰετῶν,
338 4353 386 4422 ότι
403 4360 465 4423 τῶν
482 4354 581 4435 λόγων
596 4382 656 4440 μου
689 4359 904 4445 ἐπιτηδεύματα
935 4357 1030 4444 ὑμῶν,
1067 4363 1119 4426 καί
1141 4365 1295 4437 ποιοῦντες

54 4436 92 4503 οῦ
104 4437 391 4522 προςέσχον,καίτόν
398 4435 490 4521 νόμον
495 4467 554 4526 μου
566 4436 655 4506 ἀπῶ-
687 4439 831 4528 ποιήσητε
844 4449 937 4530 κρίσιν
949 4443 1097 4526 ἀναμίσον
1109 4440 1228 4529 ἀνδρὸς,
1242 4445 1294 4508 καί

54 4545 145 4589 σαντο
159 4567 167 4583 .
179 4521 211 4564 ²⁰
225 4523 304 4588 ίνατί
320 4548 371 4604 μοι
389 4523 508 4610 λίβανον
519 4528 551 4590 ίκ
565 4523 655 4614 Σαβά
688 4524 831 4611 ἀναμίσον
848 4531 904 4592 τοῦ
921 4526 1050 4610 πλησίον
1067 4521 1178 4601 αἰτοῦ,
1198 4613 1200 4618 .
1215 4527 1294 4592 “nal

1197 4634 1297 4689 προς-
