2924 4972
116 263 181 330 726
456 262 485 317 Ω
497 261 529 318 Σ
538 260 612 317 ΗΕ
655 260 728 333 Κεφ.
741 252 772 315 ε’.
786 250 821 326 ς’.
836 250 872 327 ζ’.
887 254 916 316 5.
930 251 960 315 6.
974 253 1003 314 7.

109 377 159 437 ἐπί
171 377 231 436 τῶν
243 368 379 453 ύψηλούν,
392 364 536 452 κηρύξατε
546 372 629 448 ἐντῷ
639 368 712 448 οἴκῳ
728 398 730 409 ·
745 367 760 407 ⁹
774 367 824 429 καὶ
852 362 870 447 ή
896 361 975 447 ἰσχύς
996 389 1051 427 σου
1072 359 1178 448 ἀνδρὸς
1197 368 1354 445 πειρατού.

103 446 173 529 Ὧν,
195 456 296 535 ἐξέστη
314 454 470 533 Βενιαμίν,
496 449 650 534 9Ἐφραίμ
675 454 713 523 είς
746 449 880 531 ἔκρυψαν
893 443 1072 529 ίερεῖςὸδόν,
1094 440 1256 525 ἐφόνευσαν
1268 451 1356 508 Σίκι-

109 531 281 615 ἀφανισμόν
303 537 418 610 ἐγένετο
442 537 473 596 ἐν
492 528 613 617 ήμέραις
631 531 713 608 ἐλέγ-
745 555 803 614 μα,
830 526 877 594 ότι
901 528 1029 611 ἀνομίαν
1047 532 1191 609 ἐποίησαν
1216 530 1289 591 1θίν
1308 532 1355 610 τῷ

107 643 172 703 χου.
186 620 217 680 ἓν
228 628 293 690 ταῖς
303 616 411 697 φυλαῖς
420 619 476 679 τού
485 612 608 699 Ἰσραήλ
619 615 713 689 ἔδειξα
747 615 819 693 οἴκῳ
832 617 887 676 τού
904 607 1034 696 Ἰσραήλ
1057 608 1136 675 εἶδον
1148 606 1281 694 φρικούδη
1292 612 1355 673 ἐκεῖ

109 695 211 765 πιστοί.
231 700 260 742 ¹⁰
268 701 404 775 ἐγένοντο
419 701 452 760 οί
463 695 602 798 ἀρησντες
612 692 713 761 Ἰούδα
746 701 886 776 πορνείαν
906 699 961 758 τού
981 692 1121 777 Ἐφραίμ.
1152 690 1278 774 ἐμιάνθη
1291 689 1356 756 Ἰσ-

109 779 150 854 ὡς
161 782 368 863 μετατιθέντες
381 776 459 864 ὅρια,
481 782 520 842 ἐπ
541 776 653 854 αύτούς
665 781 714 841 ἐκ·
746 777 824 861 ραήλ
833 780 884 841 καί
889 772 1000 842 Ἰούδα.
1011 775 1107 860 ἀρχου
1116 779 1227 859 τρυγᾴν
1237 777 1356 856 σεαυτῷ

125 868 164 926 εῶ
176 859 217 938 ὥς
228 860 308 946 ύδωρ
320 861 357 927 τὸ
371 857 489 946 όρμημύ
500 886 568 944 μου.
588 865 613 902 ¹¹
628 884 715 924 κατε-
746 863 779 925 ἐν
791 864 835 924 τώ
845 863 1028 942 ἐπιστρέφειν
1036 882 1071 939 με
1083 857 1138 941 τήν
1147 856 1356 941 αίχμαλωσίαν

109 889 298 1009 όυνάστευσεν
324 941 457 1026 Ἐφραίμ
481 939 535 1007 τόν
566 943 716 1008 ἀντίδικον
747 947 804 1008 τού
836 946 897 1007 αού
910 967 979 1024 μου.

111 1021 460 1109 αύτοῦ,κατεπύτησετό
475 1027 580 1110 κρίμα,
599 1022 714 1111 ότιήρ-
773 1031 786 1058 ⁰
942 1030 1017 1088 ΚΕ
1029 1028 1068 1088 Φ.
1111 1017 1160 1086 Z‘.

108 1112 182 1185 ξατο
194 1103 378 1194 πορεύεσθαι
386 1105 487 1173 ὀπίσω
497 1113 713 1190 τῶνματαίων.
748 1075 815 1172 Er
826 1112 870 1171 τῶ
884 1102 1035 1172 ἰάσασθαί
1045 1132 1081 1187 με
1092 1104 1146 1170 τόν
1155 1101 1288 1191 Ἰσραήλ,
1304 1109 1358 1171 καί

108 1193 192 1256 12καί
204 1188 264 1268 ἐγώ
276 1188 318 1264 ὥς
329 1187 445 1294 ταραχή
457 1195 500 1272 τῷ
511 1188 651 1274 Ἐφραίμ,
664 1190 715 1253 καί
748 1173 1038 1272 ἀποκαλυφθήσεται
1061 1187 1079 1272 ή
1097 1186 1200 1254 ἀδικία
1214 1186 1356 1272 Ἐφραίμ,

109 1270 150 1348 ὡς
162 1275 282 1358 κέντρον
294 1276 339 1356 τῷ
350 1277 425 1357 οἴκῳ
443 1268 549 1338 Ιούδα.
571 1275 598 1315 ²³
610 1275 663 1339 καί
674 1270 715 1336 εῖ-
747 1276 799 1338 καί
810 1269 829 1350 ή
842 1279 934 1338 κακία
945 1277 1126 1355 Σαμαρείας,
1139 1266 1187 1336 ότι
1199 1267 1357 1354 εἰργάσαν-

108 1357 155 1421 δεν
180 1353 310 1442 Ἐφραίμ
331 1355 385 1438 τήν
410 1351 497 1420 νόσον
522 1354 635 1431 αύτσύ,
664 1357 716 1420 καί
746 1380 783 1420 το
808 1356 911 1439 ψευδή.
943 1357 996 1420 καί
1018 1355 1145 1437 κλέπτης
1164 1353 1243 1439 πρὸς
1260 1351 1358 1421 αύτόν

106 1436 224 1512 Ἰούδας
240 1437 295 1522 τήν
319 1435 425 1521 ὀδύνην
443 1439 547 1503 αύτού.
573 1440 625 1502 καὶ
642 1441 715 1503 ἀπο-
748 1437 945 1514 είςελεύσεται,
961 1433 1137 1503 ἐκδεδύσκων
1149 1433 1260 1529 λῃστής
1273 1440 1306 1502 ἐν
1318 1442 1358 1530 τῇ

109 1518 202 1624 ρεύθη
217 1519 347 1603 Ἐφραίμ
365 1518 441 1603 πρός
453 1517 640 1602 Ἀσσυρίους,
663 1521 716 1584 καί
748 1520 811 1604 ὁδῷ
837 1519 948 1597 αύτού,
981 1517 1093 1596 2ὅπως
1119 1519 1288 1601 συνοίδασιν
1312 1519 1356 1596 ὡς

109 1602 260 1668 αττέστειλε
275 1605 411 1709 πρέσβεις
422 1601 500 1687 πρὸς
511 1601 637 1686 βασιλέα
652 1601 715 1666 Ἰα-
747 1602 869 1688 ᾄδοντες
880 1607 918 1686 τῆ
931 1604 1039 1689 καρδίᾳ
1051 1601 1162 1668 αὐτῶν.
1185 1598 1288 1676 πάσας
1299 1601 1357 1679 τὰς

110 1690 182 1767 ρείμ.
209 1685 261 1748 καί
277 1707 367 1759 ουτος
385 1682 441 1749 ούκ
455 1679 610 1768 ἠδυνάσθη
625 1680 715 1750 ίύσα-
746 1693 853 1762 κακίας
863 1674 966 1753 αύτῶν
978 1681 1094 1770 έμνήσθ
1115 1709 1138 1747 ν.
1159 1689 1212 1750 νύν
1224 1679 1354 1750 ἐκύκλω·

110 1776 186 1832 σθαι
207 1761 299 1847 ύμᾶς,
325 1767 377 1832 καί
401 1765 439 1832 ού
454 1767 494 1852 μή
513 1766 666 1857 διαπαύση
685 1771 715 1844 ἐξ
748 1795 804 1836 σαν
817 1765 928 1844 αύτούς
940 1767 979 1834 τά
993 1714 1149 1857 διαβούλια
1162 1767 1272 1841 αὐτῶν,
1291 1765 1356 1832 ἀπ·

110 1848 193 1930 ύμῶν
206 1845 305 1933 ὀδύνη.
323 1845 434 1916 14διότι
446 1846 505 1927 ἐγώ
518 1854 572 1931 εῖμι
585 1851 625 1925 ὡς
637 1875 714 1916 παν-
747 1855 908 1919 έναντιτοῦ
916 1849 1143 1955 προςσίπουηιου
1152 1853 1296 1928 ἐγένοντο.
1307 1851 1356 1916 3εἰν

110 1934 172 2034 θὴρ
184 1936 228 2012 τῷ
237 1930 382 2018 Ἐφραὶμ,
408 1935 459 1997 καί
472 1930 513 2006 ὡς
525 1933 598 1997 λέων
611 1938 654 2015 τῷ
667 1934 714 1998 οἴ·
746 1949 812 2011 ταῖς
820 1941 936 2010 κακίαις
944 1933 1045 2000 αύτιύν
1054 1937 1206 2019 ευφραναν
1214 1933 1356 2019 βασιλεῖς,

109 2041 153 2096 κῳ
171 2010 274 2078 Ισύδα.
291 2013 412 2117 καίέγιό
426 2011 715 2099 &mmmm-
746 2023 798 2084 καί
816 2022 848 2084 έν
871 2029 935 2094 τοῖς
959 2013 1093 2100 ψεύδεσιν
1119 2015 1219 2082 αύτιύν
1245 2015 1356 2099 ἀρχου-

129 2091 261 2197 εύσομαη
274 2098 325 2161 καί
337 2097 483 2222 ληρομαι,
499 2100 550 2160 καί
562 2097 616 2162 ούκ
629 2100 713 2163 ἔσται
746 2126 808 2175 τας.
828 2095 961 2176 4πάντες
972 2096 1150 2185 μοιχεύοντες
1163 2096 1204 2173 ὡς
1217 2100 1357 2185 κλίβανος

109 2121 128 2243 ὀ
141 2182 350 2265 ἐξαιρούμενος.
363 2184 374 2221 ¹
394 2175 578 2264 πορεύσομαι
589 2184 640 2244 καί
649 2184 712 2245 ε’πι-
747 2183 898 2268 καιόμενος
907 2188 944 2260 εἰς
951 2188 1043 2265 πέψιν
1052 2177 1357 2264 κατακαύματοςάπὸ

111 2263 235 2347 στρέψω
258 2266 297 2336 είς
322 2261 376 2326 τόν
393 2258 488 2328 τόπον
505 2288 578 2344 μου,
604 2268 659 2338 ἕως
677 2254 715 2328 ού
747 2272 799 2349 τῆς
811 2264 937 2348 φλογός,
963 2263 1027 2331 ἀπό
1047 2262 1203 2350 φυράσεως
1218 2269 1357 2346 στέατος,

110 2345 303 2426 ἀφανιαθῶσι
320 2347 372 2411 καί
390 2344 548 2429 ζητήσουσι
564 2344 601 2410 τὸ
620 2341 714 2432 πρός·
749 2356 804 2425 έως
823 2358 882 2415 τοῦ
903 2353 1076 2433 ζυμωθήναι
1092 2344 1179 2413 αύτό.
1220 2349 1357 2431 5ἡμέραι

110 2423 195 2493 ωπόν
205 2455 274 2512 μου.
746 2438 807 2497 τῶν
824 2433 971 2519 βασιλέων
990 2429 1087 2514 ὑμῶν,
1112 2430 1242 2515 ήρξαντο
1255 2437 1286 2496 οί
1298 2432 1357 2517 ἀρ-

139 2519 152 2550 ⁹
306 2518 380 2577 ΚΕ
393 2516 431 2575 Φ.
475 2509 517 2587 ς’.
745 2539 844 2600 χοντες
865 2519 1043 2597 θυμοῦσθαι
1062 2516 1093 2590 ἐξ
1111 2518 1210 2588 οἴνου,
1236 2517 1356 2589 ἐξέτεινε

115 2563 162 2659 Ε
162 2618 178 2658 ν
203 2595 310 2680 θλίψει
336 2594 437 2660 αὐτῶν
455 2591 613 2680 ὀρθριούσι
637 2596 715 2681 πρὸς
746 2594 800 2682 τήν
814 2611 897 2683 χεῖρα
909 2596 1003 2662 αύτού
1016 2597 1090 2680 μετὰ
1103 2597 1221 2679 λοιμῶν.
1247 2595 1355 2676 6διότι

109 2679 158 2757 μὲ,
182 2678 322 2755 λέγοντες.
348 2683 555 2763 πορευθῶμεν,
581 2683 632 2745 καί
649 2682 713 2743 ε’πι·
747 2678 954 2765 ἀνεκαύθησαν
973 2677 1014 2755 ὥς
1032 2682 1168 2767 κλίβανος
1184 2683 1216 2742 αί
1233 2681 1355 2764 καρδίαι

110 2762 284 2843 στρέφωμεν
313 2757 390 2842 πρὸς
419 2756 521 2842 κύριον
553 2762 608 2827 τὸν
639 2756 714 2827 θεὸν
746 2763 865 2838 αὐτῶν,
896 2767 928 2829 ἐν
952 2768 996 2847 τῷ
1023 2759 1216 2848 καταρύσσειν
1242 2761 1355 2838 αύτούς

109 2840 208 2945 ημῶν,
234 2840 281 2908 ὅτι
294 2839 385 2915 αάτός
396 2839 518 2928 ήρπακε,
538 2846 590 2909 καί
602 2841 713 2910 ἰάσεται
746 2845 817 2930 ὅλην
832 2846 886 2930 τήν
899 2843 1010 2922 νύκτα,
1035 2844 1131 2912 ύπνου
1147 2842 1279 2929 Ἐφραίμ
1290 2849 1353 2910 ἐνε-

108 2929 196 3008 ημᾶς,
209 2920 332 3001 πατύξει
345 2927 397 2988 καί
407 2924 534 3008 μοτιύσει
547 2926 633 3010 ἡμᾶς,
650 2931 666 2973 ²
679 2925 715 2991 ύ·
745 2925 879 3013 πλήσθη.
905 2930 992 3013 πρωῒ
1002 2925 1155 3012 ε’νεγενήθη
1162 2975 1171 3002 ,
1197 2925 1351 3010 ἀνεκαύθη

108 3004 201 3085 γεύσει
223 3005 298 3089 ήμᾶς
317 3005 392 3090 μετὰ
416 3004 470 3077 δύο
488 3007 607 3096 ἡμέρας.
630 3013 661 3075 ἐν
676 3015 714 3101 τῇ
747 3011 787 3088 ὡς
804 3011 898 3097 πυρὸς
911 3017 1028 3093 φέγγος.
1055 3006 1184 3082 7πάντες
1202 3006 1351 3090 ἐθερμάν-

107 3088 204 3173 ήμέρᾳ
216 3097 351 3182 τῇτρίτη
364 3091 638 3175 ἐξαναστησόμεθα,
662 3095 713 3158 καί
746 3105 845 3180 θησαν
871 3093 912 3170 ιύς
929 3096 1079 3198 κλβανος,
1102 3091 1155 3155 καί
1176 3093 1353 3171 κατέφαγον

109 3171 260 3255 ζησόμεθα
272 3169 400 3237 ἐνώπιον
412 3172 519 3254 αὐτοῦ,
545 3177 559 3218 ³
572 3179 624 3240 καί
635 3202 713 3253 γνω-
745 3178 818 3253 τούς
827 3176 929 3262 κριτάς
941 3181 1047 3242 αυτῶν.
1059 3172 1165 3255 πάντες
1178 3175 1209 3237 οἶ
1220 3174 1354 3259 βασιλεῖς

109 3253 236 3338 σόμεθα.
251 3251 398 3339 διιύξωμεν
411 3260 467 3321 τού
478 3264 587 3335 γνῶναι
597 3259 650 3324 τὸν
661 3255 713 3323 κύ-
746 3259 847 3327 αὐτῶν
871 3264 991 3331 ἔπεσαν,
1016 3254 1074 3321 ούκ
1098 3256 1136 3339 ήν
1156 3259 1188 3321 ἐν
1207 3255 1314 3334 αὐτοῖς
1334 3258 1352 3325 ὁ

108 3365 181 3438 ριονἶ
217 3336 258 3413 ὥς
281 3337 399 3423 ὄρθρον
415 3345 534 3424 ἕτοιμον
553 3337 712 3427 εὑρήσομεν
745 3340 970 3426 ἐπικαλούμενος
999 3337 1075 3425 πρὸς
1104 3342 1150 3420 μέ.
1189 3339 1352 3426 8Ἐφραίμ

108 3421 218 3497 αύτον,
239 3425 290 3487 καί
308 3419 367 3506 ήξει
379 3419 422 3498 ὡς
433 3420 515 3500 ύετός
533 3426 604 3509 ἡμῖν
616 3422 713 3510 πριύῖ-
746 3432 776 3492 ἐν
790 3439 854 3503 τοῖς
870 3425 952 3499 λαοῖς
965 3423 1060 3492 αὐτοῦ
1075 3429 1278 3505 συνεμίγνυτο,
1301 3423 1351 3488 ’E-

104 3532 161 3608 μσς
178 3509 229 3571 καί
246 3506 357 3589 ὀψιμσς
375 3511 423 3600 γῇ.
449 3508 510 3573 *τί
526 3535 575 3574 σοι
594 3508 712 3591 ποιήσω
745 3513 840 3594 φραίμ
865 3512 978 3589 ἐγένετο
1005 3508 1182 3592 ἐγκρυφίας,
1207 3504 1244 3572 ού
1262 3533 1349 3587 μετα-

112 3595 252 3668 Εφραίμ,Ι
276 3595 308 3652 τί
324 3614 373 3653 σοι
393 3584 510 3673 ποιήσω
530 3588 649 3669 Ἰούδας
674 3590 711 3656 τὸ
745 3588 949 3677 στρεφόμενος.
981 3592 1181 3670 9κατέφαγον
1198 3587 1350 3673 ἀλλότριοι

107 3668 140 3734 δὲ
152 3669 236 3744 ἔλεος
250 3665 333 3752 ὑμῶν
346 3669 387 3746 ὡς
399 3672 504 3756 νεφελη
518 3673 643 3758 πρωϊνή,
662 3677 713 3738 καὶ
744 3674 798 3758 τήν
811 3675 894 3758 ίσχύν
907 3677 1020 3750 αύτού,
1045 3670 1136 3747 αύτός
1148 3673 1179 3736 δέ
1193 3670 1249 3737 ούκ
1261 3676 1347 3748 ἔγνω,

108 3748 271 3853 ὡςκδρόσοῖς
284 3751 411 3838 ὀρθρινή
423 3760 614 3840 πορευομένη.
638 3756 712 3821 5διά
744 3760 795 3825 καὶ
807 3758 914 3822 πολιαὶ
926 3755 1094 3841 ἐξήνθησαν
1107 3754 1205 3837 αὐτῷ,
1229 3756 1278 3817 καί
1292 3750 1348 3817 αύ-

107 3858 198 3897 τσυτο
240 3839 408 3919 απεθέρισα
445 3839 515 3913 τούς
552 3836 712 3924 προφήτας
743 3840 797 3914 τὸς
810 3839 865 3905 ούιι
879 3846 963 3918 ἔγνω.
987 3843 1016 3884 ¹⁰
1031 3842 1080 3904 καί
1093 3835 1348 3915 ταπεινωθήσεται

106 3914 204 4014 ύμηῑν,
230 3916 387 4016 ἀπέκτεινα
413 3919 525 3995 αύτούς
551 3927 582 3987 ἐν
604 3918 710 4006 ρ’ήματι
744 3920 858 4009 ήύβρις
873 3922 995 4008 Ἰσραήλ
1015 3928 1054 3998 εἰς
1067 3917 1225 4007 πρόςωπον
1241 3916 1349 3996 αύτού,

108 4023 257 4079 στοματος
272 4023 342 4102 μου.
369 4005 419 4067 καί
431 4003 466 4067 τὸ
484 4002 574 4088 κρίμά
591 4031 650 4085 μου
671 4002 711 4080 ὡς
743 4009 793 4069 καί
812 4003 867 4068 ούκ
886 4011 1075 4091 ἐπέστρεψαν
1087 4002 1162 4087 πρὸς
1178 3999 1281 4087 κύριον
1293 4004 1350 4070 τὸν

106 4085 171 4158 φώς
189 4079 374 4156 ἐξελεύσεται.
401 4082 504 4150 6διότι
522 4087 605 4161 ἔλεος
626 4087 710 4152 θελω
741 4087 816 4152 θεὸν
829 4086 945 4165 αὐτῶν,
972 4092 1024 4153 καί
1042 4086 1096 4154 ούκ
1110 4085 1281 4195 ἐξεζήτησαν
1294 4089 1344 4152 αύ·

105 4162 124 4246 ἢ
137 4169 265 4263 θυσίαν,
287 4168 337 4228 καί
349 4171 504 4244 ἐπίγνωσιν
516 4173 593 4232 θεοῦ
607 4167 624 4251 ἢ
637 4169 708 4235 ὁλο-
742 4169 794 4235 τὸν
807 4173 838 4236 έν
849 4176 926 4235 πᾶσι
937 4167 1064 4246 τούτοις.
1079 4173 1161 4236 11καί
1173 4196 1208 4254 ην
1221 4169 1349 4255 Ἐφραίμ

106 4271 296 4328 καυτωματα.
324 4247 440 4313 7αύτοί
456 4252 491 4315 δέ
506 4256 574 4315 εἰσιν
591 4250 632 4327 ὡς
657 4251 708 4318 δίν-
742 4250 782 4328 ὡς
795 4254 952 4339 περιστερὰ
964 4253 1065 4331 ἀνους,
1082 4253 1138 4319 σύν
1151 4258 1262 4339 ἔχουσα
1275 4280 1349 4337 καρ·

104 4338 232 4411 θρωπος
252 4332 447 4415 παραβαίνων
466 4332 620 4415 διαθήκην.
653 4340 712 4400 ἐκεῖ
742 4337 815 4401 δίαν.
847 4338 1008 4413 Αἴγυπτον
1032 4338 1220 4415 ἐπεκαλεῖτο,
1244 4339 1349 4413 καλεῖς

102 4407 308 4497 κατεφρόνησέ
317 4438 374 4495 μου
389 4414 546 4479 8Γαλαύιδ
557 4413 645 4494 πόλις
658 4422 707 4504 ἐρ·
736 4417 913 4502 Ἀσσυρίους
926 4419 1142 4505 ἐπορεύθησαν.
1163 4421 1300 4494 12καθαίς
1313 4419 1349 4485 ἀν

101 4500 248 4580 γαζομένη
259 4496 388 4582 μάταια,
406 4493 602 4587 ταρυίσσουσα
616 4499 707 4588 ύδωρ,
739 4498 925 4587 πορεύωνται
944 4504 1085 4588 ,ἐπιβαλῶ
1111 4503 1156 4568 ἐπ’
1178 4501 1289 4650 αύτδούς
1311 4500 1348 4608 τό

1247 4612 1348 4651 ικτυον
