2924 4972
435 234 648 301 ΙΟΤΔΙΘ
675 238 767 341 [tw.
781 229 831 298 ια’.
845 236 897 319 ιβ’.
914 238 961 301 ll.
981 237 1027 300 12.
1288 235 1354 301 535

111 355 185 441 ιύπῳ
202 360 254 424 καί
271 361 377 422 συνέσει
398 352 503 434 λόγων.
541 361 570 400 22
584 360 635 423 καί
654 356 714 422 εἷπε
747 382 821 431 νοις,
847 362 898 423 καί
914 356 969 423 ούκ
985 354 1119 427 ἐκάλεσεν
1135 361 1173 432 είς
1186 352 1241 440 τήν
1251 361 1355 440 χρῆσιν

109 440 185 527 πρὸς
200 439 294 525 αύτήν
307 438 497 525 Ὀλοφέρνης.
529 429 561 505 εύ
581 443 714 523 ἐποίησεν
747 438 854 505 ούδένα
872 445 932 506 τοῖν
947 439 1022 525 πρὸς
1043 451 1106 515 ταῖς
1122 446 1237 525 χρείαις.
1264 444 1287 480 ¹¹
1301 441 1354 505 καί

110 521 211 599 ὁθεδς
227 521 408 596 ἀποστείλας
428 548 460 588 σε
480 527 648 608 ἔμπροσθεν
660 527 714 588 τού
746 520 808 587 εἶπε
820 519 940 606 Βαγάη
959 530 1002 606 τῷ
1021 519 1166 607 εύνούχῳ,
1190 518 1224 597 ὃς
1236 510 1273 606 ήν
1284 524 1352 602 ἔφε-

109 606 200 682 λαοῦ,
225 611 279 671 τού
296 610 456 689 γενηθῆναι
469 608 500 671 έν
516 607 614 690 χερσίν
632 603 715 688 ήμῶν
746 602 858 688 στηκὼς
875 607 925 672 ἐπί
942 605 1064 672 πάντων
1083 611 1145 673 τῶν
1157 601 1263 670 αύτού.
1287 617 1353 669 πεῖ-

108 686 231 774 ιιράτος,
256 693 287 753 έν
300 687 331 754 δὲ
344 701 406 763 τοῖς
418 689 583 771 φαυλίοασι
597 687 649 753 τὸν
661 682 713 752 κύ-
746 713 798 753 σον
812 685 849 774 δή
860 691 1016 774 πορευθείς
1033 686 1087 789 τέην
1097 699 1222 767 γυναῖκα
1235 683 1289 770 τήν
1300 683 1353 751 Ἔ-

107 769 172 857 ριόν
188 799 247 856 μου
260 768 417 836 ύπιύλειαν.
444 772 473 813 ²³
486 773 537 836 καί
551 776 600 835 νύν
612 768 714 837 ἀστεῖα
745 774 854 856 βραίαν
872 767 891 854 ή
908 776 971 837 ἐστι
988 797 1074 855 παρα
1090 773 1155 849 σοί,
1180 774 1237 836 τού
1253 768 1353 835 ε’λθεῖν

106 853 135 918 ελ
149 854 186 921 σύ
202 859 233 919 έν
251 858 295 937 τῳ
314 855 380 919 είδει
398 880 464 930 σου,
490 857 541 919 καί
560 851 664 936 ἀγαθή
683 857 713 919 έν
746 852 824 938 πρὸς
837 849 928 935 ἡμᾶς,
952 855 1005 919 καί
1017 866 1120 954 φαγεῖν
1132 854 1185 919 καί
1195 865 1271 920 πιεῖν
1283 849 1349 937 μεθ’

107 950 169 1013 τοῖς
181 933 279 1015 λόγοις
291 963 352 1002 σου.
366 933 412 1002 ὅτι
425 937 477 1003 ἐάν
488 933 615 1019 ποιήσης
627 935 712 1001 καθά
746 933 838 1038 ήμῶν.
868 939 895 978 22
909 933 975 1002 ἰδού
994 961 1054 1020 γαρ
1066 933 1187 1020 αἰσχρὸν
1203 940 1249 1020 τῷ
1260 963 1353 1021 προς-

107 1016 265 1104 ἐλάλησας,
281 1016 385 1095 δθεύς
398 1046 453 1085 σου
466 1022 549 1085 ἔσται
561 1008 620 1100 μὀυ
632 1017 712 1094 θεὸς,
746 1045 821 1102 ωπῳ
836 1016 927 1104 ήμῶν,
944 1024 969 1083 εί
979 1029 1106 1095 γυναῖκα
1118 1016 1260 1102 τοιαύτην
1271 1044 1352 1123 παρ-

108 1103 159 1165 καί
171 1101 206 1167 σύ
224 1107 256 1168 ἐν
268 1104 342 1186 οἴκῳ
357 1103 501 1188 βασιλέως
514 1102 712 1205 Ναβουηοδο-
745 1098 852 1202 ήσσμεν
864 1099 919 1185 σύγ
932 1097 1122 1185 ὁμιλήσαντες
1134 1097 1225 1193 αύτῇ,
1242 1096 1289 1165 ὅτι
1301 1104 1355 1165 έαν

109 1180 198 1267 νάσορ
211 1180 342 1273 καθήση,
362 1187 412 1248 καί
424 1188 476 1275 έση
488 1182 638 1266 ὀνομαστη
651 1210 712 1249 πα·
745 1209 856 1267 ταυτην
867 1185 907 1268 μή
921 1180 1170 1266 ἐπισπασάμεθα,
1188 1178 1354 1259 καταγελά-

108 1261 147 1349 ρά
160 1270 263 1332 πᾶσαν
275 1265 329 1350 τήν
339 1271 403 1349 γῆν.
745 1291 825 1332 σεται
851 1263 940 1352 ήμῶν.
975 1267 1003 1309 22
1016 1267 1068 1332 καί
1092 1264 1201 1348 ε’ξήλθε
1217 1259 1354 1343 Βαγώας

287 1353 411 1413 XM.
456 1344 529 1415 IB'.
745 1348 807 1415 ύπδ
826 1344 1201 1434 προςοίπουὊλοφέρνου,
1226 1349 1278 1411 καί
1298 1351 1353 1423 είς-

113 1397 189 1496 Kal
213 1430 358 1497 ἐκέλευσεν
380 1436 540 1511 εἲςαγαγεῖν
563 1430 657 1516 αύτήν
675 1423 712 1498 ού
746 1433 819 1517 ήλθε
831 1431 908 1518 πρὸς
922 1430 1024 1515 αύτήν,
1047 1434 1099 1497 καί
1112 1430 1181 1496 εἷπε.
1204 1427 1246 1534 μή
1264 1426 1316 1495 ύκν

108 1516 223 1578 ίτίθετσ
248 1513 288 1579 τύ
309 1512 524 1599 ἀργυρώματα,
549 1517 600 1580 καί
616 1513 713 1580 αὐτοῦ
745 1510 829 1582 σάτω
845 1515 883 1599 δή
899 1513 916 1617 η
930 1516 1069 1597 παιδίσκη
1087 1510 1194 1615 ηκαλή
1212 1456 1353 1596 αύτηίλἶ

106 1598 245 1672 συνέταξε
258 1601 467 1682 καταστρῶσαι
481 1596 559 1690 αὐτῇ
577 1595 640 1662 άπδ
654 1602 713 1662 τῶν
744 1603 845 1664 θούσα
856 1624 933 1683 προς
951 1595 1004 1663 τὸν
1013 1595 1116 1680 κύριον
1126 1622 1185 1680 μου
1199 1598 1352 1677 δοξασθή-

105 1675 345 1783 διροποιημάτων
357 1679 467 1756 αύτσύ,
493 1685 544 1746 καλ
556 1685 615 1745 τοῦ
627 1681 711 1746 οἴνου
744 1706 792 1746 ναι
805 1678 883 1746 κατά
897 1677 1059 1766 πρόςωπον
1072 1677 1176 1756 αύτσύ,
1189 1681 1240 1744 καί
1248 1683 1351 1744 πίεσαι

106 1767 205 1828 αυτοῦ
216 1769 317 1828 πίνειν.
342 1765 420 1827 2καί
432 1763 510 1829 εἶπεν
521 1763 648 1830 Ἰουδίθ.
673 1761 710 1828 ού
742 1762 808 1847 μεθ’
825 1760 908 1847 ήμῶν
924 1768 964 1840 είς
981 1758 1166 1848 εὐφροσύνην
1178 1760 1274 1841 οἶνον,
1299 1763 1352 1826 καί

106 1841 239 1927 φάγομαι
264 1848 295 1922 ἐξ
319 1843 435 1922 αὐτῶν,
459 1852 510 1912 ἵνα
558 1843 565 1865 '
589 1849 710 1931 γένηται
742 1851 900 1933 γενηθῆναι
913 1848 993 1941 ἔντη
1005 1842 1219 1951 ήμέρηταύτη,
1238 1840 1350 1920 ὦςθυ-

105 1925 279 2005 σκάνδαλον,
303 1925 367 1993 ἀλλ’
383 1932 416 1992 έκ
428 1935 491 1996 τῶν
504 1928 558 2014 ήκο
598 1925 710 2014 υθηκύ-
741 1925 837 2017 γάτηρ
847 1935 902 2014 μία
914 1935 975 1994 τῶν
988 1927 1206 2015 υίιύνΑσσούρ,
1216 1933 1350 2011 αίπαρε-

106 2036 167 2076 των
189 2038 241 2095 μοι
266 2008 509 2096 γορηγηθήσεται.
547 2013 626 2077 2καί
649 2011 711 2077 εἶπε
742 2009 882 2097 στήκασιν
910 2017 941 2078 ἐν
966 2013 1040 2097 οίκῳ
1064 2005 1350 2099 Ναβουχοδονόσορ.

106 2093 181 2177 πρὸς
194 2092 288 2179 αι’ῳήν
296 2093 484 2181 Ὀλοφέρνης.
497 2093 550 2162 ίάν
562 2093 594 2159 δὲ
604 2095 710 2200 ἕκλίπη
741 2097 771 2139 22
783 2099 835 2161 καί
846 2096 926 2162 εἶπεν
941 2095 1019 2182 πρὸς
1036 2094 1129 2161 αύτὸν
1144 2095 1272 2161 Ἰουδίθ.
1299 2097 1351 2158 καί

106 2176 145 2243 τά
162 2176 238 2244 ὄντα
253 2175 328 2260 μετὰ
346 2182 420 2253 σού,
444 2175 543 2244 πόθεν
562 2180 712 2260 ἐξοίσομεν
743 2185 787 2254 τίς
800 2183 855 2259 ελμι
868 2175 927 2256 ίγιύ
941 2176 1109 2263 ύντερούσα
1118 2184 1161 2261 τῷ
1172 2183 1265 2262 κυρίῳ
1275 2201 1332 2258 μου
1337 2205 1349 2255 ,·

106 2287 152 2326 σοι
165 2262 270 2325 δοῦναι
282 2255 372 2341 ὅμοια
385 2258 505 2340 αύτοῖςς
528 2260 565 2325 ού
578 2255 637 2344 γάρ
650 2262 711 2325 ἐστι
743 2256 792 2326 ύτι
804 2264 867 2325 πᾶν
880 2257 992 2326 δὲ’σται
1001 2263 1102 2336 ἐντοῖς
1112 2258 1284 2361 ὀφθαλμοῖς
1293 2257 1350 2325 αύ-

105 2340 168 2407 ιιεθ’
189 2340 273 2445 ήμῶν
289 2344 322 2406 ίκ
338 2344 395 2405 τοῦ
414 2344 521 2416 ἔθνους
538 2367 601 2407 σου.
632 2342 713 2406 2καὶ
744 2339 953 2426 τούάρεστὸν,
979 2337 1136 2407 σπείσασα
1148 2367 1274 2425 ποιησω,
1299 2344 1352 2407 καί

105 2425 185 2489 εἶπεν
206 2424 313 2488 Ιουδίθ
328 2422 405 2506 πρὸς
422 2419 522 2487 αύτόν.
549 2426 584 2516 ζῇ
598 2420 617 2507 ἢ
630 2421 712 2527 ψυχή
745 2428 830 2489 ἔσται
855 2427 946 2488 τούτο
972 2419 1146 2506 ἆγαλλίαμα
1170 2429 1225 2498 έως
1242 2420 1351 2507 ἡμέρας

108 2532 162 2572 σου
186 2501 271 2588 κύριέ
291 2529 366 2587 μου,
393 2499 440 2569 ύτι
463 2502 498 2569 ού
517 2501 675 2587 δαπανήσει
693 2533 711 2589 η
744 2500 883 2571 θανάτου
895 2530 962 2587 μου.
988 2506 1014 2548 ¹⁵
1023 2507 1074 2568 καί
1086 2506 1272 2570 διαναστᾶσα
1284 2506 1352 2568 ἐκο-

107 2583 201 2671 δούλη
214 2613 270 2653 σου
283 2586 322 2650 τά
334 2584 408 2652 ὄντα
418 2585 477 2668 μετ’
492 2592 565 2670 ἐμοῦ
572 2639 581 2664 ,
607 2591 662 2663 ἕως
675 2587 713 2654 ἂν
746 2585 846 2672 σμήθη
859 2593 904 2671 τῷ
917 2592 1062 2672 ἱματισμῷ
1078 2588 1129 2651 καί
1140 2589 1230 2651 παντὶ
1242 2591 1286 2668 τῷ
1299 2592 1352 2653 κό-

107 2667 216 2763 πσιήση
229 2665 327 2755 κύριος
340 2673 372 2735 έν
382 2676 456 2756 χειρί
465 2697 522 2754 μου
542 2667 713 2757 ύέβουλεύ-
746 2698 812 2755 σμω
831 2676 876 2754 τῷ
892 2677 1053 2752 γυναικείῳ.
1079 2671 1130 2735 καί
1147 2666 1314 2754 προςήλθεν
1332 2665 1352 2753 ἦ

106 2779 190 2820 σατο.
218 2755 232 2797 ⁵
244 2755 295 2817 καί
308 2749 456 2838 ήγάγσσαν
469 2752 563 2839 αύτήν
576 2758 607 2819 οῖ
619 2749 713 2838 θερά-
745 2737 836 2837 δούλη
849 2752 951 2838 αύτής,
968 2755 1018 2818 καί
1031 2755 1177 2838 ἔστρωσεν
1189 2750 1265 2832 αύτῆ
1279 2776 1353 2816 κατ-

105 2862 211 2913 ποντες
219 2836 405 2922 Ὀλοφέρνου
417 2841 456 2911 είς
468 2835 522 2921 τήν
533 2835 649 2921 σκηνήν,
663 2842 713 2903 καὶ
745 2841 841 2904 έναντι
850 2837 1137 2938 Ὀλοφέρνουμαμαί
1148 2835 1187 2901 τά
1200 2820 1305 2913 κώδια,
1331 2829 1354 2899 ἃ

107 2916 221 2987 ύπνωσε
232 2922 314 3005 μέχρι
323 2917 467 3003 μεσούσης
477 2925 530 3004 τής
541 2917 652 2996 νυκτός.
663 2923 712 2985 καὶ
746 2922 837 3009 ἔλαβε
850 2919 935 3006 παρά
947 2927 1083 2999 Βαγωου
1103 2925 1141 2997 είς
1154 2917 1209 3003 τήν
1222 2930 1355 3004 καθημε-

106 3000 216 3109 ἆνέστη
238 3006 315 3090 πρὸς
340 3002 395 3086 τήν
419 3002 546 3089 έωθινήν
568 3003 711 3086 φυλακήν,
745 3005 828 3091 ρινήν
853 3006 970 3070 δίαιταν
995 3002 1103 3089 αύτής,
1129 3007 1169 3079 είς
1186 2999 1222 3067 τὸ
1242 3008 1353 3069 ἐσθίειν

106 3088 185 3152 6καί
197 3088 347 3153 οιπέστειλε
359 3085 434 3172 πρὸς
444 3085 641 3189 Ὀλοφέρνην,
664 3087 712 3152 λέ-
745 3089 989 3192 κατακλινομένην
1003 3085 1046 3153 ἐπ’
1064 3085 1174 3152 αὐτῶν.
1193 3087 1222 3128 ¹⁶
1235 3090 1286 3152 καί
1298 3091 1353 3162 είς-

106 3196 208 3249 γουσα.
235 3167 405 3248 έπεταξάτω
431 3167 466 3254 δή
487 3168 504 3235 ὃ
529 3167 629 3254 κυριός
645 3196 711 3253 μου,
745 3173 879 3238 ελθοῦσα
892 3173 1031 3237 ανέπεσεν
1040 3168 1169 3247 Ἰουδίθ,
1187 3171 1238 3235 καί
1250 3173 1353 3254 ἐξέστη
1371 3225 1376 3231 .

107 3258 193 3318 ε’ἆσαι
212 3253 265 3338 τήν
281 3250 390 3336 δούλην
407 3278 460 3318 σου
486 3256 534 3319 ε’πί
552 3250 714 3339 προςευχήν
746 3252 884 3340 ήκαρδία
899 3254 1082 3338 Ὀλοφέρνου
1100 3253 1145 3319 ἐπ’
1167 3252 1276 3358 αὐτήν,
1302 3255 1355 3318 καὶ

106 3337 240 3413 ἐξελθεῖν.
261 3339 274 3380 7
287 3339 338 3401 καί
349 3339 522 3420 προςέταξεν
531 3335 713 3419 Ὀλσφέρνης
746 3335 894 3421 ἐσαλεύθη
907 3335 924 3422 ή
939 3336 1019 3422 ψυχή
1033 3335 1136 3403 αὐτοῦ.
1155 3339 1205 3401 καί
1218 3362 1255 3418 ην
1267 3361 1354 3400 κατε·

106 3431 169 3494 τοῖς
183 3414 414 3500 σωματοφύλαξι
424 3417 465 3500 μή
476 3416 645 3485 διακωλύειν
656 3419 712 3487 αύ-
744 3428 877 3501 πίθυμσς
889 3416 1006 3502 σφόδρα
1019 3425 1075 3484 τοῦ
1088 3422 1282 3496 συγγενέσθαι
1292 3417 1350 3498 μετ’

106 3498 168 3585 τήν.
195 3503 247 3565 καί
262 3503 432 3586 παρέμεινεν
445 3504 476 3565 έν
488 3506 525 3593 τῇ
540 3503 713 3586 παρεμβολῇ
746 3502 847 3586 αύτής,
873 3504 925 3570 καί
941 3497 1035 3605 έτήρει
1048 3500 1152 3582 καιρὸν
1164 3504 1220 3563 τού
1234 3497 1354 3600 ἀπατη-

106 3584 217 3669 ήμέρας
243 3595 334 3667 τρεῖς,
361 3585 412 3647 καί
431 3578 617 3668 ἐξεπορεύετο
634 3583 713 3651 κατὰ
747 3611 797 3649 σαι
811 3584 913 3668 αύτήν,
929 3581 979 3666 ἀφ’
998 3609 1032 3665 ης
1047 3579 1154 3685 ἡμέρας
1166 3581 1239 3646 εἶδεν
1251 3579 1354 3662 αύτην.

107 3664 201 3734 νύκτα
214 3672 252 3743 είς
265 3664 318 3751 τήν
331 3661 473 3749 φάραγγα
482 3663 652 3740 Βετυλσύα,
665 3668 715 3730 καί
746 3667 830 3731 22καὶ
842 3665 903 3732 εἷπε
914 3665 990 3751 πρὸς
1000 3664 1293 3769 αύτηνὈλοφέρνης.
1306 3671 1355 3729 πίε

108 3754 279 3839 ίβαπτίζετο
297 3754 328 3814 ἐν
345 3754 382 3833 τη
401 3749 572 3833 παρεμβολῇ
595 3751 646 3813 ἐπί
663 3752 715 3832 τῆς
748 3747 796 3833 δή,
809 3750 861 3815 καί
871 3748 1009 3832 γενήθητι
1020 3746 1084 3832 μεθ’
1103 3745 1184 3831 ήμῶν
1196 3753 1235 3823 είς
1247 3774 1354 3835 ευφρο-

108 3840 203 3919 πηγής
226 3839 281 3898 τού
302 3825 417 3907 ύδατος.
457 3832 539 3897 8καί
554 3819 597 3908 ’ὡς
616 3830 716 3918 σἰνέβη,
749 3835 845 3918 σύνην.
870 3835 900 3875 ¹⁸
913 3833 964 3898 καί
976 3829 1184 3897 εἶπενἸσυδίθ.
1197 3837 1304 3915 πίομαι
1318 3832 1354 3917 δή

110 3920 204 3984 ἐδέετο
213 3921 271 3984 τού
280 3923 383 4001 κυρίου
394 3918 468 3980 θεοῦ
478 3913 602 4019 Ἰσραήλ
612 3941 716 3981 κατευ·
748 3912 843 4002 κύριε,
868 3911 915 3980 ὅτι
934 3911 1115 4020 ἕμεγαλύνθη
1132 3913 1169 3981 τὸ
1186 3918 1237 4020 ζῇν
1248 3943 1305 3998 μου
1323 3919 1355 3980 ἐν

110 3997 202 4067 θύναι
226 4002 282 4085 τήν
307 3997 378 4067 ὁδὸν
398 3996 491 4084 αύτής
508 4004 546 4075 είς
564 3994 716 4084 ανάστεμα
749 4003 815 4083 ε’μοί
832 3995 956 4085 σήμερον
968 3998 1053 4086 παρά
1069 4025 1167 4074 πασας
1180 4024 1234 4074 τας
1247 3998 1355 4084 ἡμέρας

109 4090 171 4149 τῶν
181 4089 252 4149 υίεδν
261 4090 316 4149 τού
326 4083 407 4148 λασύ
417 4080 521 4148 αὐτοῦ.
533 4085 606 4149 9καὶ
618 4088 716 4159 εἰςπο·
749 4090 801 4167 τής
812 4087 945 4161 γενέσεως
957 4110 1023 4166 μου.
1037 4085 1121 4149 22καλ
1135 4082 1272 4171 λαβοῦσα
1284 4086 1356 4164 ἐφα-

110 4171 248 4254 ρευομένη
267 4162 391 4252 καθαρά
408 4171 548 4251 παρέμενε
566 4173 602 4254 τῇ
616 4170 716 4251 σκηνή,
749 4194 781 4246 γε
793 4170 844 4233 καί
857 4171 918 4233 έπιε
927 4169 1079 4232 κατέναντι
1091 4162 1219 4232 αύτσύύ
1231 4164 1356 4250 ήτοίμα-

110 4254 209 4334 μέχρις
235 4241 272 4315 σύ
291 4253 511 4336 προςηνέγκατο
530 4249 584 4332 τήν
601 4238 717 4334 τροφήν
750 4248 827 4334 σενή
842 4248 934 4335 δούλη
948 4247 1048 4332 αύτής.
1080 4253 1110 4294 ²⁰
1123 4251 1174 4314 καί
1192 4246 1354 4333 ηύφράνθη

111 4333 206 4415 αύτής
216 4330 292 4419 πρὸς
304 4335 442 4436 ἑσπέραν.
460 4337 488 4376 ¹⁰
497 4334 547 4397 καί
559 4335 673 4410 ἐγένετο
688 4337 718 4397 έν
747 4330 926 4420 Ὀλοφέρνης
938 4331 987 4399 ἀπ’
1004 4331 1171 4418 αὐτῆςναί
1185 4336 1262 4397 ἔπιεν
1276 4329 1356 4395 οἴνου

111 4421 150 4509 τῇ
164 4414 259 4502 ήμέρρ
271 4421 308 4508 τῇ
324 4441 429 4498 τεταρτ
455 4463 465 4493 ,
483 4418 620 4498 ἐποίησεν
628 4413 716 4481 Ὀλο-
749 4416 846 4481 πολύν
866 4416 983 4500 σφόδρα
1002 4413 1074 4481 ὅσον
1092 4412 1147 4479 ούκ
1161 4417 1222 4478 ἔπιε
1235 4412 1356 4478 πώποτε

111 4503 219 4586 φέρνης
237 4496 406 4573 πότοντοῖς
419 4442 537 4576 ύλνύλοις
550 4497 647 4564 αύτού
657 4493 713 4583 μύ-
750 4495 885 4586 ἓνήμέρρ
897 4504 951 4584 μιᾷ
965 4495 1014 4578 ἀφ’
1030 4490 1067 4562 σύ
1080 4492 1228 4578 ἐγεννήθη.
1285 4581 1320 4635 K

1318 4598 1367 4641 ἢ,
