2924 4972
243 244 535 306 ΒΑΣιΛΕιινιν
561 242 798 305 mmm
835 246 912 321 πη.
927 239 968 303 ιε’.
983 237 1032 315 ις’.
1050 243 1096 306 15.
1116 241 1162 306 ιο.
1260 242 1333 308 393

81 334 1325 356 ,...--.----.-----.-

75 365 149 443 λαός
161 363 682 469 έθυσίαζεκαὶέθυμίαέντοίςύιμη-
722 388 770 429 σεν
794 361 890 428 αύτού
915 364 1048 450 βασιλιὺς
1069 364 1241 451 Ἀσσυρίων.
1276 374 1331 439 καί

76 452 146 526 λοίς.
172 446 266 525 αύτός
277 445 451 533 οἰκοδόμησε
463 450 517 532 τίην
528 446 627 533 πύλην
638 475 684 513 οι-
721 443 812 533 ύνέβη
831 447 966 533 βασιλεὺς
982 444 1150 533 Ἀσσυρίων
1166 455 1205 525 είς
1223 455 1331 532 Δαμα.

76 558 129 598 κου
141 539 246 618 κυρίου
260 517 314 615 την
326 534 437 597 ἐπάνω.
459 534 490 576 ³⁶
503 534 555 597 καί
567 531 607 597 τὰ
619 531 682 597 λοι-
721 528 809 604 σκόν,
832 532 884 594 καί
900 528 1058 615 συνέλαβεν
1070 529 1179 614 αὐτὴν,
1204 535 1257 598 καί
1269 532 1331 600 ἀπ.

76 615 120 681 πίε
130 621 189 681 ταῖν
199 612 300 694 λόγων
310 613 448 699 Ἰωοίθαμ
455 618 507 681 καί
516 614 617 681 πάντα
626 610 685 680 ὅσα
720 610 826 696 ηίκισεν
838 611 946 713 αύτην,
972 616 1023 677 καί
1036 611 1089 677 τόν
1103 611 1260 681 Ῥαασσιόν
1273 622 1329 703 βα-

76 703 224 783 έποίησεν,
242 697 308 783 ούχί
320 703 418 764 ταῦτα
434 703 619 784 γεγραμμένα
631 698 684 763 ἐπί
721 693 805 761 σιλέα
817 699 999 762 έθανατοοσε.
1013 698 1097 762 10καί
1108 695 1260 784 ἐπορεύθη
1271 705 1329 786 βυ.

73 785 178 868 βιβλίῳ
197 777 294 858 λόγων
312 787 374 846 τῶν
395 780 508 868 ἡμερῶν
520 794 584 858 τοῖς
596 787 684 869 βασι-
721 776 913 864 σιλιύςἌχαζ
925 784 963 854 εἰς
972 779 1132 862 Δαμασκόν
1144 787 1184 857 εἷς
1193 781 1329 866 ἆπαντηκ

74 868 171 931 λεύσιν
180 863 284 930 Ἰούδα
289 894 301 944 ,·
318 867 347 908 ³⁷
356 868 389 932 έν
400 878 465 941 ταῖς
478 863 598 952 ἡμέραις
609 868 683 929 ἐκεί·
725 861 1010 948 Θαλγαφθελλασύρ
1027 865 1146 949 βασιλεῖ
1163 863 1329 950 Ἀσσυρίων

74 975 137 1023 ναις
161 947 275 1033 ἤρξατο
296 943 396 1032 κύρως
412 949 636 1026 ἐξαποστέλλειν
651 950 683 1013 έν
719 951 758 1021 είς
772 942 945 1028 Δαμασκόν.
971 948 1022 1010 καί
1035 944 1091 1011 εἶδέ
1108 947 1144 1011 τό
1163 945 1328 1030 θυσιαστη-

72 1024 177 1133 Ἰούδιρ
189 1031 243 1097 τὸν
251 1028 407 1098 Ῥαασσιύν
417 1033 543 1119 βασιλέα
557 1039 605 1096 Συ
626 1037 683 1106 ίας,
719 1055 785 1114 ριον
802 1033 834 1093 ἐν
852 1033 1015 1111 Δαμασκῷ.
1046 1030 1099 1093 καί
1124 1027 1326 1100 αἰπέστέιλενό

75 1117 127 1179 καί
143 1139 196 1179 τον
211 1114 306 1179 Φακεέ
326 1113 389 1181 υίὸν
402 1113 564 1199 Ῥομελίοα.
631 1115 684 1178 καί
718 1111 950 1199 βασιλέύςἌχαζ
961 1110 1039 1195 πρὸς
1055 1111 1169 1197 Ούρίαν
1181 1113 1234 1180 τόν
1248 1112 1327 1201 ίιρέα

75 1194 219 1283 ἐκοιμήθη
233 1193 372 1280 Ἰωοίθαμ
383 1195 457 1281 μετὰ
470 1202 531 1262 τῶν
543 1190 684 1281 πατέριον
721 1193 756 1261 τό
771 1192 907 1277 ὁμοίωμα
921 1199 974 1260 τοῦ
986 1201 1202 1281 θυσιαστηρίου
1214 1199 1328 1262 καὶτὸν

77 1279 189 1355 αὐτοῦ,
213 1282 266 1344 καί
278 1277 373 1363 έτιίφη
386 1276 460 1363 μετὰ
471 1284 534 1344 τῶν
545 1275 685 1364 πατέρων
721 1276 835 1364 ῥυθμόν
849 1277 944 1343 αὐτού
960 1280 1012 1342 καί
1024 1283 1126 1343 πᾶσαν
1138 1285 1258 1362 ποίησιν
1270 1280 1327 1345 αύ-

78 1358 173 1426 αύτοῠ
186 1365 217 1425 ἐν
229 1357 313 1426 πόλει
326 1363 425 1428 Δαυίδ
434 1366 492 1426 τοῦ
503 1357 618 1447 πατρὸς
630 1359 684 1426 αύ-
721 1366 784 1426 τοῦ.
809 1364 834 1404 ¹¹
845 1363 897 1426 καί
914 1357 1104 1445 ᾠκοδόμησεν
1125 1360 1236 1447 Οὐρίας
1254 1361 1272 1429 ὁ
1286 1368 1326 1428 ίε-

76 1448 146 1517 τοῦ,
161 1446 213 1508 καί
224 1443 499 1531 ἐβασίλευσένἍγαζ
511 1443 575 1522 υίὸς
587 1442 683 1511 αὐτοῦ
720 1442 785 1548 ρεύς
796 1441 833 1509 τὸ
844 1440 1056 1530 θυσιαστήριον
1067 1441 1146 1510 κατὰ
1155 1442 1257 1511 πάντα
1266 1443 1326 1514 ὅσα

77 1526 140 1592 ἀντ’
157 1525 263 1594 αὐτού.
720 1522 1162 1614 απέοτειλενόβασιλκύςἌχαζ
1174 1533 1325 1615 §mapa-

107 1617 120 1644 ⁰
273 1617 347 1676 ΚΕ
361 1615 399 1676 Φ.
442 1607 497 1688 Ις’.
721 1607 1325 1698 σκοῦ.12καίείδενὸβασιλέύςτόθυ«

78 1660 150 1759 Εν
166 1696 221 1760 έτέι
239 1692 480 1780 ἑπτακαιδεκάτῳ
501 1693 598 1762 Φακεέ
614 1697 684 1759 υίού
720 1689 902 1780 σιαστηριον,
914 1696 966 1758 καί
977 1691 1067 1780 ἀνέβη
1078 1693 1123 1761 ἐπ’
1139 1692 1226 1773 αὐτὸ,
1241 1699 1326 1763 13καλ

72 1776 228 1862 Ῥομελίου
238 1779 421 1866 ἐβασίλευσέν
427 1779 517 1866 Ἅχαζ
526 1777 588 1855 υίὸς
593 1773 684 1844 Ἰσού-
720 1783 862 1862 έθυμίασε
874 1774 928 1862 την
941 1773 1144 1843 ὁλοκαύτωσιν
1153 1776 1260 1857 αύτού,
1274 1783 1324 1844 καί

74 1873 140 1946 θαμ
158 1858 305 1948 βασιλέως
326 1860 435 1930 Ἰούδα.
475 1862 568 1938 2υίός
593 1863 683 1927 εἴκοσι
720 1862 773 1967 την
784 1867 897 1927 θυσίαν
914 1857 1026 1936 αύτού,
1052 1863 1105 1927 καί
1120 1860 1176 1937 τὴν
1192 1862 1324 1947 σπονδὴν

76 1949 151 2011 έτοῖν
162 1935 298 2032 ἧνἌχαζ
308 1949 395 2030 έντιβ
405 1943 567 2036 βασιλεύειν
579 1943 683 2020 αὐτόν,
719 1950 832 2022 αυτοῦ,
858 1944 910 2009 καί
927 1939 1062 2029 προςέχεε
1076 1944 1112 2010 τό
1124 1939 1196 2024 αἷμα
1211 1952 1272 2011 τῶν
1283 1951 1325 2012 εί·

75 2032 126 2095 καί
146 2031 298 2094 ἑκκαίδεκα
314 2032 365 2135 έτη
383 2031 564 2118 έβασιλευσεν
582 2033 614 2095 έν
627 2027 683 2093 Ἱε-
719 2033 846 2116 ρηνικιόν
857 2033 919 2093 τῶν
936 2027 1032 2092 αύτού
1044 2030 1094 2092 ἐπὶ
1106 2027 1142 2092 τό
1155 2027 1323 2114 θυσιαστη-

75 2108 236 2197 ρουσαλημ.
263 2114 316 2178 καί
332 2138 386 2178 ουκ
404 2113 578 2199 ἐποίησετὰ
595 2109 683 2187 εύθές
719 2138 783 2199 ρισν
806 2111 886 2176 14τὸ
909 2109 1037 2196 χαλκοῦν
1053 2109 1090 2176 τό
1108 2109 1252 2178 ἀπέναντι
1270 2139 1323 2177 κυ·

75 2199 107 2261 έν
124 2194 297 2278 ὀφθαλμοῖς
314 2202 418 2282 κυρίου
434 2202 510 2262 θεοῦ
523 2194 620 2261 αύτοῦ
630 2222 681 2260 πι-
719 2203 794 2282 ρίου.
808 2197 860 2260 καί
871 2191 1037 2281 προςηγαγε
1048 2190 1085 2260 τό
1096 2191 1256 2280 πρόςωπον
1268 2202 1323 2261 τοῦ

76 2283 153 2354 σταῖς
166 2276 318 2354 ὡςΔαυίδ
331 2275 349 2343 ὁ
362 2279 443 2364 πατὴ
475 2277 578 2344 αὐτοῦ.
604 2279 684 2343 3καί
718 2280 802 2345 οίκου
818 2284 921 2365 κυρίου
938 2275 1001 2343 ἀπὸ
1020 2283 1078 2343 τού
1097 2276 1248 2359 δναμέσον
1265 2283 1323 2344 τοῦ

74 2360 225 2464 ἐπορεύθη
251 2365 281 2425 έν
298 2357 359 2444 ὁδῷ
381 2307 528 2443 βασιλέων
547 2360 683 2446 Ἰσραὴλ,
717 2367 932 2448 θυσιαστηρίου
952 2363 1004 2426 καί
1019 2359 1083 2425 ἀπὸ
1099 2366 1157 2425 τοῦ
1173 2359 1323 2445 ύναμέσον

76 2448 128 2506 καί
138 2467 172 2519 γε
188 2466 241 2506 τον
258 2442 323 2506 υἱὸν
341 2442 434 2507 αύτού
451 2445 547 2525 διῆγεν
563 2447 595 2509 έν
611 2446 684 2552 πυρί
720 2452 775 2512 τοῦ
788 2448 873 2511 οἴκου
885 2452 997 2530 κυρίου.
1010 2446 1062 2508 καί
1073 2445 1174 2520 ἔδειξεν
1186 2442 1263 2508 αύτό
1273 2446 1324 2509 έπί

76 2523 216 2588 κατὰτὰ
240 2520 428 2610 βδελύγματα
448 2531 509 2589 τῶν
527 2530 624 2589 ἐθνῶν
642 2549 683 2590 ων
717 2524 809 2611 μηρόν
831 2534 886 2594 τοῦ
910 2533 1126 2628 θυσιαστηρίου
1148 2526 1226 2590 κατὰ
1249 2528 1324 2610 βορ-

77 2611 161 2693 ίξῆρε
179 2602 279 2693 κύριος
291 2604 354 2671 ἀπὸ
366 2603 528 2692 προςεόπσυ
539 2612 600 2672 τῶν
613 2611 684 2672 υίῶν
719 2613 782 2694 ροίν.
795 2611 878 2675 16καί
889 2611 1050 2677 ἐνετείλατο
1064 2635 1082 2673 ο
1094 2609 1227 2696 βασιλεύς
1235 2608 1324 2692 ’Άχαζ

72 2681 205 2777 Ἰόραηλ.
227 2691 305 2754 4καί
318 2692 455 2768 ἓθυσίαζε
467 2693 518 2756 καί
531 2694 640 2774 έθυμία
654 2696 685 2756 έν
719 2719 762 2777 τῳ
776 2698 871 2777 Ουρίη
883 2719 927 2778 τῳ
941 2722 1017 2781 ιερει,
1030 2695 1132 2772 λέγων.
1152 2696 1201 2758 ἐπὶ
1213 2693 1250 2756 τὸ
1264 2705 1321 2757 θυ-

72 2786 138 2849 τσῒς
151 2771 291 2858 ὑψηλοῖς,
304 2776 355 2839 καί
367 2776 416 2838 ἐπί
428 2779 488 2838 ταῖν
496 2780 618 2863 βουνοῖν,
632 2777 683 2841 καί
719 2774 890 2862 σιαστὴριον
899 2777 935 2842 τὸ
944 2777 1021 2861 μέγα
1033 2774 1176 2864 πρόςφερε
1187 2776 1240 2859 την
1249 2773 1322 2841 ὁλο-

72 2854 221 2936 ύποκύτω
250 2857 363 2934 παντὸς
392 2854 484 2935 ξύλου
519 2856 680 2936 ἇλσοίδους.
716 2855 866 2927 καύτωσιν
877 2861 931 2966 τίην
942 2861 1072 2950 πρωϊνίην
1084 2865 1134 2926 καί
1148 2860 1200 2945 τίην
1211 2866 1321 2925 θυσίαν

72 2938 169 3006 6τότε
187 2937 275 3026 ἀνέβη
288 2940 448 3007 Ῥαασσών
466 2941 600 3028 βασιλεύς
617 2952 679 3008 Συ-
716 2944 769 3029 τίην
788 2947 857 3010 ἕσπε
877 2970 953 3031 ινην,
977 2950 1028 3011 καί
1045 2943 1099 3028 την
1117 2939 1321 3008 ὁλοκαύτωσιν

72 3030 138 3106 ρίιις
149 3026 200 3089 καί
210 3024 305 3089 Φακεέ
315 3021 680 3114 υἱόςῬομελίουβασιλεύς
714 3034 771 3093 τοῦ
789 2971 933 3113 βασιλέως
950 3031 1000 3094 καί
1017 3028 1071 3113 την
1086 3033 1198 3093 θυσίαν
1213 3025 1320 3100 αὐτού,

68 3103 191 3192 Ἰσραὴλ
214 3113 253 3183 είς
274 3105 466 3193 Ἰερουσαλὴμ
483 3117 522 3186 εἷς
537 3108 679 3194 πόλεμον,
713 3114 765 3177 καί
773 3110 827 3196 την
835 3108 1037 3179 ὁλοκαύτωσιν
1045 3111 1158 3186 παντὸς
1168 3116 1223 3176 τοῦ
1233 3110 1320 3186 λαοῦ,

70 3194 123 3253 καί
142 3192 338 3277 ἐπολιόρκουν
360 3195 411 3257 ἐπὶ
430 3193 531 3279 Ἄχαζ,
557 3198 608 3259 καί
624 3193 679 3260 ούκ
713 3198 765 3261 καὶ
782 3197 837 3302 την
854 3203 963 3262 θυσίαν
975 3195 1075 3261 αὐταῖν
1088 3197 1140 3259 καί
1158 3196 1214 3278 την
1226 3218 1320 3260 σπον-

71 3270 215 3355 ἧδύναντο
226 3276 371 3376 πολεμεῖν.
384 3277 437 3338 6έν
447 3282 491 3358 τῷ
500 3283 593 3361 καιρῶ
605 3283 680 3342 ἐκεί·
714 3279 768 3362 δην
780 3284 893 3354 αυταῑν,
918 3281 969 3342 καί
981 3284 1043 3342 πᾶν
1056 3278 1130 3357 αίμα
1146 3274 1320 3342 ὁλοκαυτώ-

71 3379 113 3438 νῳ
126 3361 287 3439 ἐπέστρεψε
310 3357 458 3421 Ραασσὼν
469 3343 604 3442 βασιλεύς
616 3368 680 3423 Συ-
715 3386 802 3433 σεως,
824 3362 876 3424 καί
887 3365 949 3423 πᾶν
962 3360 1036 3442 αίμα
1050 3364 1163 3430 θυσίας
1176 3356 1220 3421 ἐπ’
1236 3356 1319 3440 αύτῷ

70 3444 138 3523 ρίας
151 3437 203 3517 τὴν
216 3436 323 3500 Αίλὰθ
334 3442 372 3526 τῇ
381 3444 490 3520 Συρίᾳ,
504 3443 555 3502 καί
562 3438 680 3525 ἐξέβαλε
715 3446 825 3524 έκχεείς.
851 3443 902 3504 καί
921 3437 957 3504 τό
970 3442 1187 3520 θυσιαστήριον
1200 3435 1234 3501 τὸ
1241 3441 1320 3563 ηαλ-

70 3519 145 3593 τοὺς
154 3517 317 3591 Ἰουδαίους
330 3521 360 3594 ἐξ
373 3518 498 3593 Αίλᾶθ,
521 3524 572 3583 καί
584 3521 680 3587 Ἰδου-
715 3528 787 3588 κσύν
812 3527 896 3587 ἔσται
920 3548 971 3602 μοι
997 3526 1037 3596 είς
1060 3521 1188 3603 τοπρωίὶ
1227 3526 1239 3561 ¹
1269 3522 1321 3584 καί

70 3614 154 3688 μαίοι
168 3589 265 3684 ἦλθον
282 3605 320 3674 εἰς
332 3599 455 3676 Αίλύθ,
481 3605 531 3664 καί
543 3599 681 3685 κατοίκη-
716 3604 849 3689 ἐποίησεν
864 3600 1006 3689 Ούρίαςό
1021 3603 1111 3705 ἱερεὺς
1129 3600 1207 3665 κατὰ
1219 3600 1321 3667 πάντα

73 3713 128 3753 σαν
141 3689 201 3749 ἐκεῖ
212 3689 269 3759 ἕως
280 3687 333 3768 τῆς
347 3678 456 3767 ἡμέρας
469 3679 585 3766 ταύτης.
630 3687 682 3749 καί
715 3685 772 3751 έίσα
784 3688 947 3752 ἐνετείλατο
958 3685 1042 3771 αύτῷ
1051 3713 1068 3751 ο
1077 3683 1211 3770 βασιλεὺς
1221 3684 1318 3771 Ἅχαζ.

72 3769 240 3836 ἀπέστειλεν
251 3768 341 3852 Ἄχαζ
351 3767 493 3844 ἀγγέλους
504 3768 580 3852 πρὸς
598 3767 682 3831 Θαλ-
714 3770 742 3811 ¹⁷
754 3771 806 3832 καί
824 3765 987 3852 συνέκοψεν
1004 3766 1022 3835 ὁ
1034 3767 1168 3856 βασιλεὺς
1179 3767 1268 3855 ’Άχαζ
1279 3769 1319 3835 τοί

72 3852 291 3937 γαθφελλασὰρ
303 3851 430 3937 βασιλέα
442 3848 617 3937 Ἀσσυρίων,
631 3851 679 3915 λέ-
714 3852 930 3935 συγκλείσματα
944 3857 1006 3917 τῶν
1018 3850 1173 3938 μεχωνώθ,
1187 3857 1238 3919 καί
1249 3879 1317 3935 μετ-

73 3961 143 4015 γων.
170 3932 276 4010 δοῦλός
295 3961 350 3999 σου
375 3936 425 3999 καί
450 3932 514 4011 υἱός
536 3961 593 4000 σου
610 3934 679 4013 ἐγὼ,
713 3941 779 4018 ἦρεν
791 3932 841 4000 ἀπ’
858 3932 959 4000 αὐτῶν
971 3935 1025 4002 τὸν
1038 3937 1181 4039 λουτηρα,
1200 3940 1252 4002 καί
1264 3939 1319 4022 την

73 4015 203 4105 ἆνοίβηθι
220 4013 320 4085 σαῑσόν
334 4044 367 4100 με
387 4022 419 4082 ἒκ
431 4016 523 4104 χειρός
535 4020 680 4105 βασιλέως
712 4009 875 4085 θάλασσαν
904 4021 1042 4085 καθεῖλεν
1067 4017 1130 4084 ἆπο
1154 4024 1215 4084 τῶν
1236 4026 1319 4108 βοῶν

73 4110 201 4186 Συρίας,
227 4104 278 4166 καί
296 4105 328 4165 ἐκ
344 4102 438 4186 χειρός
453 4104 597 4188 βασιλέως
618 4102 679 4168 Ἰσ-
713 4109 772 4168 τῶν
784 4103 900 4187 χαλκοῖν
913 4109 974 4168 τῶν
987 4098 1130 4169 ὑποκάτω
1144 4101 1246 4188 αὐτῆς,
1267 4109 1318 4168 καί

72 4187 165 4269 ραηλ,
197 4191 258 4250 τῶν
283 4189 518 4267 ἐπανισταμένων
547 4185 591 4251 ἐπ’
620 4190 677 4268 ἐμέ.
713 4188 818 4252 ἔδωκεν
830 4185 923 4269 αὐτὴν
936 4188 985 4251 ἐπί
996 4184 1083 4274 βόσιν
1095 4185 1219 4272 λιθίνην.
1233 4190 1318 4255 18καί

73 4271 89 4313 ⁸
102 4272 154 4334 καί
172 4269 277 4355 ἐλαβεν
286 4268 376 4370 Ἄηαζ
392 4267 531 4355 ἀργύριον
545 4272 596 4334 καί
607 4295 679 4355 χρυ·
712 4269 765 4333 τὸν
775 4266 913 4353 θεμέλιον
930 4276 982 4354 τῆς
995 4268 1148 4374 καθέδρας
1160 4266 1316 4356 ᾠκοδόμη·

73 4359 140 4419 σίσν
164 4349 200 4416 τὸ
226 4349 346 4437 εύρεθεν
361 4357 392 4417 ἕν
408 4364 511 4435 θησαν
530 4365 575 4428 οῖς
593 4355 678 4417 οἴκου
713 4377 759 4416 σεν
769 4357 799 4418 ἐν
808 4356 880 4437 αίκῳ
893 4361 1005 4439 κυρίου,
1019 4361 1070 4420 καί
1078 4377 1132 4436 την
1141 4354 1251 4425 είςοδον
1263 4355 1318 4417 τοῦ

72 4442 178 4520 κυρίου
201 4437 253 4499 καί
270 4436 354 4499 οίκου
371 4441 427 4499 τού
445 4378 602 4521 βασιλέως,
627 4437 680 4499 καί
711 4433 857 4522 βασιλέως
869 4437 923 4518 τὴν
936 4441 997 4512 ἔξω
1009 4435 1187 4513 ἐπέστρεψεν
1201 4439 1231 4498 ἐν
1243 4435 1318 4515 οίκῳ

72 4517 225 4586 ἀπέστειλα
234 4522 279 4604 τῷ
286 4519 401 4604 βασιλεῖ
407 4518 498 4605 δῶρα.
509 4521 580 4585 9καί
589 4516 676 4603 ἤκου-
713 4525 816 4606 κυρίου
833 4517 897 4584 ἀπὸ
915 4515 1078 4603 προςοίπσυ
1095 4514 1237 4601 βασιλέως
1249 4513 1319 4656 ἀρσ-

1213 4615 1338 4676 mm.
