2924 4972
390 263 616 322 τεονου
654 254 1004 345 παπταίνειν.
1276 263 1318 327 77

68 386 105 447 δέ
115 407 159 457 τις
175 380 296 475 πατιίξη
315 383 368 447 τὸν
379 384 476 447 παῖδα
488 379 583 447 αῦτοῦ
597 376 681 483 ήτήν
694 402 697 413 ·
712 379 847 483 πλησίον,
867 374 1095 481 καίἱτελευτήση,
1113 376 1319 444 ἀποδοισονται

69 467 225 548 παυδίιπνην
236 463 332 530 αῦτοῦ
350 470 380 531 έν
394 461 513 571 ράρίδῳ,
537 465 589 529 καί
601 488 681 529 απο-
712 488 764 530 τον
776 467 887 569 ταῦρον
898 487 951 527 τον
962 465 1068 539 ζοντα,
1090 463 1141 526 καί
1156 462 1317 528 διελοῦνται

68 545 151 653 θοίνη
164 544 225 612 ῦπό
237 548 291 623 τὰς
300 561 398 634 χεῖρας
406 553 511 624 αυτοῦ,
524 549 590 651 δίκη
603 547 681 613 έκδι-
710 546 747 613 τό
767 543 908 632 ἀργυριον
933 543 1047 622 αῦτοῦ,
1070 546 1122 617 καί
1140 543 1191 610 τόν
1208 550 1318 631 ταῦρον

69 626 241 717 κηθησεται.
266 633 356 697 21ἰάν
373 627 681 724 δὲδιαβιοίσηημέραν
711 628 764 694 τὸν
780 625 945 714 τεθνηκότα
962 628 1136 695 διελοῦνται.
1174 628 1205 670 ³⁸
1218 626 1271 693 ἰὰν
1284 628 1317 693 δέ

68 722 139 799 μίαν
152 713 170 800 ἢ
183 710 255 792 δύο,
280 712 335 780 οῦκ
354 710 546 839 ίκδικηθήτω.
571 712 607 778 τό
620 710 679 798 γάρ
711 716 883 797 γνωρίζηται
909 709 928 778 5
953 716 1062 798 ταῦρος
1074 707 1124 777 ότι
1147 705 1318 795 ιιερατιστής

69 794 212 885 ἀργύριον
228 797 325 864 αὐτοῦ
341 803 425 864 ἰοτιν.
460 801 474 840 ²
502 794 555 863 ἰόν
572 795 604 861 δί
620 791 678 876 μά-
712 797 777 860 έστί
791 796 850 880 πρὸ
869 795 1001 879 τήςηθίς
1018 790 1206 881 καίπρότης
1219 800 1317 880 τρίτης

69 905 178 967 χιονται
190 876 245 946 δύο
257 879 371 968 ἀνδρες,
396 883 446 946 καί
458 875 614 957 πατόξιοσι
624 904 680 958 γυ-
710 874 835 962 ήμέρας,
864 880 915 943 καί
939 879 1235 981 διαμεμαρτυρημένα
1260 864 1316 944 οἰσι

68 976 159 1030 ναίκα
171 967 202 1027 ἰν
214 968 323 1070 γαστρί
342 970 480 1049 ἔχουσαν,
506 966 557 1028 καί
569 963 678 1055 ἰξελιθη
710 965 756 1024 τοῦ
767 966 860 1064 κυρίῳ
873 959 977 1037 αῦτοῦ,
997 962 1049 1025 καί
1060 959 1100 1043 μή
1113 966 1245 1053 αῳανίσηγ
1259 959 1315 1026 αι’·-

68 1049 105 1113 τὸ
130 1048 250 1112 παιδίον
273 1053 366 1131 αυτής
386 1048 426 1131 μή
451 1050 677 1148 ἔξεικονιῳιίνον,
711 1026 778 1121 τόν,
802 1048 938 1108 αποτίσει
949 1047 1061 1127 ταῦρον
1072 1041 1139 1109 ἀντί
1151 1040 1315 1130 ταύρου,ό

68 1128 216 1215 ἐπιζήμιον
242 1125 465 1214 ζημιωθήσεται.
504 1142 614 1194 καθοτι
640 1127 679 1193 ἀν
710 1126 742 1192 δέ
755 1121 960 1206 τετελευτηκός
973 1122 1056 1207 αύτῷ
1068 1128 1162 1191 ἔσται.

67 1214 195 1299 έπεβιίλη
220 1210 238 1278 5
261 1214 336 1298 ἀνήρ
353 1219 405 1297 τής
420 1211 568 1290 γυναικός,
592 1209 678 1275 διόσει
741 1216 754 1245 ⁰
883 1211 1010 1272 ΚΕΦ.
1054 1204 1140 1271 KB‘.

67 1297 142 1379 μετὰ
156 1287 331 1376 ἀξιώματος.
350 1295 438 1359 23ἐόιν
451 1294 482 1358 δὲ
495 1296 680 1373 έξεικονισμέ-
712 1259 805 1356 Εάν
816 1292 852 1356 δέ
861 1315 905 1364 τις
924 1289 1021 1392 κλέῳρη
1037 1287 1147 1373 μόσχον
1164 1287 1181 1370 ή
1201 1285 1317 1375 πρόβα-

67 1403 120 1443 νον
131 1370 167 1460 ἦ,
188 1374 273 1442 δώσει
284 1377 381 1460 ψυχήν
392 1375 459 1440 ἀντί
471 1379 575 1475 ψυχης,
600 1375 632 1418 ²⁴
645 1372 681 1439 5-
712 1399 774 1453 τον,
786 1375 838 1440 καί
851 1367 948 1465 οφόξη
959 1371 977 1457 ή
987 1372 1154 1448 αποδιῦται,
1166 1373 1251 1436 πέντε
1261 1366 1318 1453 μό-

69 1451 216 1541 ῳθάλμὸν
228 1456 297 1521 ἀντὶ
308 1456 479 1540 ὀφθαλμοῦ,
491 1455 601 1522 όδοντα
612 1455 680 1522 ἀντὶ
711 1483 795 1544 σχους
812 1457 946 1523 ἀποτίσει
964 1452 1031 1521 ἀντί
1043 1459 1100 1520 τοῦ
1115 1449 1241 1539 μόσχου,
1265 1456 1318 1521 καί

70 1538 202 1617 ὀδόντος,
223 1551 305 1626 χεῖρα
318 1538 385 1605 ἀντὶ
396 1539 501 1643 χειρὸς,
517 1536 599 1606 πόδα
611 1539 678 1605 ἀντί
710 1545 840 1628 τέσσαρα
852 1535 992 1626 πρόβατα
1004 1536 1071 1603 ἀντί
1084 1543 1139 1604 τοῦ
1151 1532 1314 1625 προβύτου.

69 1623 172 1700 ποδός,
196 1619 413 1706 2ίκατυίκαυμα
435 1625 503 1688 αντί
523 1620 677 1690 κατακαύ-
708 1625 788 1690 2ίίιν
812 1624 845 1690 δί
868 1627 899 1688 έν
915 1628 961 1709 τῷ
978 1618 1151 1708 διορύγματι
1171 1617 1278 1714 εῦρεθῇ
1296 1617 1314 1687 5

67 1734 176 1792 ματος,
198 1713 315 1795 τραῦμα
328 1706 396 1772 ἀντὶ
407 1703 587 1793 τραύματος,
611 1703 675 1790 μοί·
707 1707 833 1792 κλέπτης
838 1757 848 1786 ,
872 1709 924 1772 καί
941 1707 1061 1790 πληγείς
1076 1700 1236 1797 ἀποθάνη,
1261 1702 1315 1769 οῦκ

68 1793 157 1856 λιοπα
182 1789 250 1856 ἀντὶ
274 1788 427 1872 μύλιοπος.
463 1792 494 1833 ²⁶
507 1789 560 1855 ἐὰν
582 1792 616 1855 δέ
631 1816 676 1867 τις
707 1794 785 1857 ἔστιν
801 1789 885 1871 αύτῷ
902 1784 1000 1869 ςόνος.
1039 1784 1314 1880 ὃέίινδὲάνατείλη

68 1870 187 1958 πατάξη
199 1873 253 1939 τὸν
262 1872 421 1955 ὀφθαλμόν
429 1877 484 1938 τοῦ
492 1877 609 1939 οἰκέτου
618 1872 675 1939 αῦ-
706 1870 724 1938 ὁ
739 1872 818 1958 ήλιος
830 1873 874 1939 ἐπ’
891 1871 986 1956 αὐτῷ,
1000 1865 1101 1975 εἷ’νοηός
1114 1874 1204 1946 ἐστιν,
1221 1869 1314 1936 ἀντα-

66 1963 131 2031 τοῦ,
151 1950 235 2042 ήτόν
251 1955 411 2039 ὀφθαλμὸν
429 1961 481 2040 τῆς
492 1963 675 2041 θεραπαίνης
705 1968 892 2023 ποθανείται.
919 1955 971 2021 έάν
987 1955 1019 2021 δέ
1033 1984 1072 2040 μη
1086 1950 1204 2040 ῦπάρχη
1217 1952 1313 2030 αὐτοῦ,

69 2039 177 2117 αὐτοῦ,
206 2043 258 2105 καί
282 2035 468 2132 ἐκτυφλοίση,
503 2041 675 2127 ἐλευθέρους
704 2037 856 2126 πραθήτιο
873 2038 940 2105 ἀντί
956 2043 1010 2105 τοῦ
1021 2028 1193 2120 κλέμματοςί
1231 2020 1315 2102 *έάν

67 2124 256 2200 ἐξαποστελεί
270 2121 380 2198 αὐτούς
396 2122 463 2187 ἀντί
481 2128 535 2188 τοῦ
553 2121 675 2203 όῳθαλ-
706 2125 737 2189 δὲ
754 2125 941 2214 καταλειφθῇ
959 2124 1011 2187 καί
1030 2119 1137 2213 εῦρεθῇ
1148 2125 1180 2185 ἰν
1192 2125 1231 2212 τῇ
1241 2122 1314 2206 χειρί

65 2212 123 2289 μοῦ
139 2204 247 2271 αὐτῶν.
273 2209 302 2249 ²⁷
314 2205 366 2270 ι’·ἀν
383 2205 416 2271 δὲ
433 2205 486 2270 τὸν
497 2202 608 2272 ὀδόντα
620 2211 675 2271 τοῦ
705 2205 800 2274 αῦτοῦ
824 2203 861 2272 τό
886 2206 999 2288 κλέμμα
1023 2200 1088 2270 ἀπό
1114 2229 1145 2269 τε
1170 2202 1240 2268 όνου
1258 2209 1314 2278 ἕως

67 2292 193 2365 οἰκέτου,
210 2288 230 2373 ἢ
243 2288 296 2353 τὸν
308 2285 418 2353 ὀδόντα
430 2293 481 2372 τῆς
492 2296 676 2373 θεραπαίνης
706 2285 861 2378 προβότου
873 2291 984 2366 ζιῦντα,
1005 2288 1098 2354 διπλοῖ
1111 2283 1190 2352 αῦτά
1203 2284 1313 2352 ἀποτί-

67 2371 165 2437 αῦτοῦ
176 2369 301 2465 ἐκκόψῃ,
311 2371 482 2455 ἐλευθέρους
491 2373 679 2448 ἐξαποστελεί
707 2400 758 2438 σει.
795 2373 876 2436 εε’ἀν
893 2371 924 2436 δι’
942 2366 1150 2462 καταβοοκήση
1163 2396 1206 2446 τις
1220 2366 1312 2456 ἀγρόν

67 2453 180 2528 αὐτούς
191 2451 259 2517 ἀντί
270 2457 325 2517 τοῦ
335 2450 458 2528 ὀδόντος
466 2452 575 2518 αῦτιῦν.
588 2454 677 2517 2ἰίἰίιν
707 2454 725 2536 ή
738 2454 906 2536 ἀμπελιῦνα,
919 2456 971 2518 καί
982 2452 1046 2534 ἀςῆ
1057 2449 1092 2517 τό
1106 2459 1208 2535 κτῆνος
1218 2452 1312 2516 αῦτοῦ

67 2537 101 2600 δὲ
121 2541 261 2626 κερατίση
279 2540 389 2617 ταῦρος
405 2534 499 2617 ἀνδρα
518 2536 536 2597 ἰ
553 2547 677 2612 γυναῖκα
709 2540 932 2620 καταβοσκήσαι
945 2525 1038 2616 ἀγρὸύ
1050 2539 1157 2615 ἕτερον,
1180 2533 1312 2598 ἀποτίσει

66 2620 120 2682 καί
133 2613 288 2707 ἀποθάνῃ,
304 2615 400 2689 λίθοις
412 2615 519 2701 λιθοβο
581 2614 678 2699 ήσεται
709 2621 741 2681 ἐκ
759 2621 814 2680 τοῦ
827 2613 922 2699 ἀγροῦ
936 2613 1030 2680 αῦτοῦ
1049 2613 1126 2678 κατὰ
1138 2610 1174 2677 τό
1189 2618 1313 2698 γέννημα

67 2700 85 2766 5
102 2705 220 2785 ταῦρος,
243 2699 295 2762 καί
306 2695 343 2762 οῦ
354 2693 542 2784 βρωθήσεται
555 2699 593 2763 τὰ
606 2703 678 2783 κρέα
709 2698 812 2766 αὐτοῦ.
832 2697 884 2763 ἐὰν
895 2697 926 2763 δί
939 2694 1039 2763 πάντα
1050 2693 1102 2763 τόν
1114 2694 1207 2778 ἀγρόν
1219 2723 1313 2763 κατα-

65 2783 172 2861 αῦτοῦ,
194 2779 212 2846 ὃ
225 2781 256 2846 δι’
269 2778 367 2864 κύριος
380 2787 435 2846 τοῦ
447 2777 559 2866 ταύρου
572 2781 677 2859 ἀθοῖος
705 2778 848 2871 βοσκήοη,
873 2779 913 2847 τά
929 2784 1068 2868 βέλτιστα
1083 2788 1136 2846 τοῦ
1149 2782 1245 2867 ἀγροῦ
1257 2779 1312 2847 αῦ-

66 2871 157 2932 ἔσται.
184 2867 215 2909 ²⁹
228 2863 281 2930 ἰάν
296 2865 328 2929 δι’
346 2862 364 2929 5
383 2869 492 2951 ταῦρος
505 2866 676 2952 κερατιστής
705 2872 761 2933 τοῦ
787 2857 838 2931 κάἰ
856 2863 895 2930 τό
911 2866 1051 2948 βέλτιστα
1070 2870 1125 2930 τοῦ
1141 2865 1312 2948 ἀμπελῶνος

64 2940 85 3033 ἦ
108 2949 170 3035 πρό
192 2953 244 3032 τῆς
267 2947 338 3052 ηθίς
353 2951 405 3013 καί
420 2948 482 3030 πρὸ
499 2955 550 3029 τῆς
566 2957 674 3033 τρίτης,
705 2949 800 3017 αὐτοῦ
813 2949 955 3016 ἀποτίσει.
981 2948 1062 3014 6έάν
1074 2948 1105 3015 δέ·
1118 2949 1238 3026 ἐξελθὸν
1249 2953 1311 3035 πῦρ

65 3026 118 3097 ἰταί
135 3035 390 3117 διαμαρτυραννται
408 3037 452 3113 τοῦ
465 3039 556 3117 κυρίῳ
569 3032 674 3110 αῦτοῦ,
704 3031 773 3119 εύρη
786 3029 932 3109 ἀνάνθας,
945 3034 996 3097 καί
1007 3028 1216 3125 προςεμπρήση
1229 3026 1310 3096 ἀλω-

65 3118 118 3180 κιιί
128 3115 168 3200 μή
182 3113 311 3208 ’ἀφανίσῃ
324 3111 426 3188 αὐτὸν,
439 3113 528 3208 ἀνίλη
539 3115 570 3182 δέ
580 3115 674 3202 ἀνδρα
704 3109 762 3193 νας’
777 3115 790 3136 ”
809 3113 917 3202 στόχυς
930 3116 947 3199 ἢ
960 3118 1070 3193 πεδίον,
1092 3114 1227 3181 ἀποτίσει
1241 3111 1259 3181 5
1273 3113 1309 3179 τό

66 3197 85 3280 ή
96 3210 229 3276 γυναῖκα,
242 3195 260 3261 5
271 3202 380 3283 ταῦρος
392 3196 672 3284 λιθοβοληθήσεται,
702 3207 763 3285 πῦρ
773 3197 926 3274 εκκαύσας.
941 3198 1015 3264 7έοίν
1025 3203 1060 3265 δέ
1069 3225 1112 3275 τις
1122 3200 1165 3281 δῷ
1178 3203 1221 3282 τῷ
1233 3199 1310 3282 πλη-

64 3283 117 3344 καί
136 3278 153 3345 5
170 3277 269 3364 κύριος
280 3278 375 3344 αῦτοῦ
390 3293 671 3364 προςαποθανεΐται.
703 3292 768 3348 σίον
786 3278 927 3367 ἀργύριον
945 3281 962 3364 ἢ
981 3277 1067 3366 σκεύη
1089 3279 1234 3362 ῳυλάξαι,
1259 3283 1309 3345 καί

64 3366 97 3407 ³⁰
109 3364 163 3428 έάν
175 3363 207 3427 δέ
218 3359 311 3447 λύτρα
324 3363 472 3453 ἐπιβληθῇ
484 3362 577 3447 αύτῷ,
587 3362 671 3432 διόσει
703 3366 802 3467 κλοπή
828 3369 860 3428 έκ
881 3368 933 3445 τής
952 3369 1046 3439 οἰκίας
1063 3368 1117 3428 τοῦ
1134 3360 1309 3449 ἀνθρώπου,

64 3442 161 3526 λύτρα
177 3449 230 3526 τής
246 3449 340 3527 ψυχῆς
355 3443 452 3510 αὐτοῦ
471 3443 530 3512 ὅσα
543 3447 596 3512 ἒάν
607 3452 672 3512 έπι-
703 3446 754 3513 έάν
773 3452 878 3537 ευρεθῇ
891 3443 910 3509 5
922 3448 1049 3526 κλέψας,
1070 3444 1204 3509 ἀποτίσει
1216 3443 1253 3510 τό
1265 3448 1310 3510 δι-

63 3523 299 3614 βάλεοσιναῦτῳ.
321 3527 672 3613 31έάνδίυἰόνήθυγα-
702 3529 805 3596 πλοῦν.
843 3525 925 3592 θέἀν
942 3528 973 3592 δέ
986 3527 1025 3608 μή
1039 3526 1145 3613 εὑρεθῇ
1157 3522 1174 3591 ό
1187 3527 1309 3608 κλέψας,

63 3614 140 3695 τέρα
152 3614 297 3704 κερατίση,
310 3610 387 3674 κατὰ
401 3610 436 3675 τὸ
446 3613 592 3693 δικαίωμα
600 3621 672 3680 τοῦ·
702 3607 922 3700 προςελεύσεται
939 3606 956 3674 5
974 3606 1073 3693 κύριος
1090 3614 1143 3694 τῆς
1157 3613 1251 3684 οἰκίας
1263 3613 1309 3673 ἰν-

62 3718 101 3757 το
118 3688 277 3777 ποιήσωσιν
293 3691 387 3776 αὐτοῦ.
416 3695 446 3736 ³²
459 3694 510 3757 ἰάν
529 3696 562 3758 δί
576 3699 672 3761 παῖδα
702 3695 796 3760 ώπιον
807 3698 862 3761 τοῦ
873 3699 958 3770 θεοῦ,
983 3696 1036 3760 καὶ
1047 3691 1158 3777 ὀμεῖται
1172 3680 1308 3778 ήμήνμή

64 3773 566 3860 κερατίσηόταῦροςήπαιδίσκην,
580 3776 673 3864 ἀργυ-
702 3776 796 3842 αῦτδν
825 3782 1060 3861 πεπονηρεῦσθαι
1090 3773 1134 3858 ἔφ’
1162 3776 1233 3905 δίης
1256 3782 1308 3861 τῆς

65 3865 132 3943 ρίου
161 3851 321 3943 τ’ριύκοντα
344 3859 488 3945 δίδραχμα
513 3857 600 3926 δυίσει
626 3866 672 3945 τῷ
702 3856 960 3964 παρακαταθήκης
977 3866 1032 3926 τοῦ
1048 3860 1172 3942 πλησίον
1229 3858 1307 3927 κατά

63 3949 158 4025 κυρίῳ
170 3941 280 4015 αῦτιῦν,
295 3943 346 4004 καί
357 3938 376 4006 5
389 3948 498 4045 ταῦρος
510 3944 672 4032 λιθοβολη-
702 3948 764 4009 πᾶν
781 3940 870 4028 ῥητόν
889 3944 1031 4026 αδίκημα,
1054 3949 1123 4047 περί
1141 3969 1171 4009 τε
1187 3940 1307 4030 μόσχου,

62 4022 197 4107 θήσεται.
222 4026 252 4066 ²³
265 4024 319 4088 ἰὰν
336 4025 371 4089 δέ
385 4050 428 4100 τις
446 4031 549 4110 ανοίξη
562 4025 672 4095 λύκκον
702 4031 753 4092 καί
765 4025 934 4105 ὑποζυγίου,
947 4029 1030 4092 καίπ
1085 4030 1229 4103 ατου,καί
1239 4033 1306 4112 ίμα-

62 4103 253 4195 ήλατομήση
272 4101 396 4183 λύκειον,
421 4111 472 4173 καί
491 4102 537 4193 μή
550 4110 671 4197 καλύῳη
702 4117 781 4188 τίου,
806 4113 858 4175 καί
874 4106 979 4215 πόσηςἲ
991 4107 1061 4175 ἀπα
1092 4116 1140 4188 ίας
1156 4115 1306 4197 τήςέγκα-

61 4189 165 4264 αὐτόν,
186 4197 237 4255 καί
249 4193 360 4281 έμπέση
376 4194 436 4255 ἐκεῖ
443 4187 551 4278 μόσχος
564 4193 581 4278 ἢ
595 4190 670 4272 ὄνος,
702 4195 846 4279 λουμένης.
872 4190 930 4271 δ’,τι
943 4219 997 4260 ουν
1008 4192 1047 4259 ἀν
1059 4182 1095 4279 ἦ,
1117 4192 1241 4263 ένιύπιον
1253 4199 1307 4261 τοῦ

61 4273 96 4376 341
107 4270 126 4336 ὁ
139 4271 238 4375 κύριρς
250 4277 306 4338 τοῦ
319 4273 429 4338 λάκκου
443 4274 593 4355 ἀποτίσει,
615 4276 671 4363 ἀρ-
702 4284 773 4344 θεοῦ
799 4273 942 4344 ἐλεύσεται
967 4276 985 4362 ή
1009 4272 1102 4363 κρίίτις
1123 4277 1307 4363 ἀμφοτέροιν,

60 4380 162 4437 γυριον
178 4359 262 4422 δονσει
282 4360 325 4438 τῷ
343 4363 434 4442 κυρίῳ
447 4356 564 4436 αὐτῶν,
589 4361 625 4426 τὸ
638 4362 669 4427 δέ
701 4365 751 4426 καί
775 4358 793 4426 5
812 4359 903 4438 ἁλοὺς
925 4360 973 4427 διά
997 4368 1052 4428 τοῦ
1075 4367 1149 4427 θεοῦ
1175 4360 1307 4427 ἀποτίσει

62 4440 258 4524 τετελευτηκὸς
271 4439 356 4521 αὐτῷ
369 4443 459 4505 ἐσται.
472 4443 503 4487 ³⁵
515 4444 611 4510 ἐὰνδὲ
623 4469 670 4509 κε-
700 4445 823 4509 διπλοῦν
842 4450 887 4527 τῷ
899 4445 1034 4527 πλησίον.
1060 4447 1089 4487 ¹⁰
1101 4440 1153 4506 έάν
1164 4445 1199 4507 δέ
1211 4470 1252 4516 τις
1264 4443 1307 4541 δῳ

58 4527 167 4615 ρατίση
189 4523 267 4597 τινὸς
286 4527 394 4608 ταῦρος
418 4523 472 4590 τὸν
490 4531 598 4612 ταῦρον
615 4534 670 4592 τοῦ
700 4532 743 4611 τῳ
756 4529 883 4612 πλησίον
893 4518 1195 4606 ῦποζύγιονήμόσχον
1204 4522 1308 4685 ήβπρο·

1237 4621 1302 4663 ατοι
