2924 4972
164 222 228 292 948
502 211 744 273 ΛΑΝΙΗΛ
785 203 962 285 Κεφ.θ’.ι’.
978 207 1072 273 9.10.

160 329 239 417 νόμῳ
253 336 413 405 Μωυσέως
426 326 538 395 δούλου
550 334 607 393 τοῦ
619 334 704 406 θεοῦ,
719 325 766 393 ὅτι
806 329 860 393 τόν
882 324 966 394 ἐλεόν
986 354 1045 411 μου
1067 332 1202 394 ἐναντίον
1229 335 1294 394 τοῦ
1318 335 1419 411 κυρίου

164 412 324 500 ’μάρτομεν
340 413 434 496 αύτῷ.
474 415 501 454 ¹²
513 414 565 476 καί
576 414 678 496 ἔστησε
692 415 766 487 τοῦς
806 417 859 476 τοῦ
871 416 948 476 θεοῦ
966 437 1025 495 μου
1042 412 1110 496 περὶ
1127 416 1182 476 τοῦ
1201 410 1300 495 ὄρους
1312 419 1372 478 τοῦ
1387 411 1418 479 ἀ·

159 447 269 576 λόγους
282 495 378 562 αῦτοῦ
398 491 451 570 οῦς
470 492 606 578 ἐλάλησεν
619 492 662 577 ἐφ’
679 491 765 578 ἡμᾶς,
804 500 880 572 γίου,
905 497 1051 560 21καίέτι
1065 498 1137 575 ἐμοῦ
1151 494 1328 571 λαλοῦντος
1339 501 1371 562 ἐν
1384 503 1418 588 τῇ

158 584 211 648 καί
221 583 272 646 ἐπὶ
282 577 352 655 τοῦς
370 577 472 664 κριτάς
488 575 585 681 ήμῶν,
610 585 642 643 οῖ’
653 581 766 663 ἔκρινον
804 582 962 672 προςευχή,
989 580 1040 642 καί
1054 575 1120 643 ἰδού
1131 575 1209 663 ἀνήρ
1223 581 1371 665 Γαβριήλ
1384 577 1418 645 ὃν

165 665 236 749 μῦς
248 668 408 740 ἐπαγαγεῖν
423 661 467 745 ἐφ’
489 667 567 765 ήμᾶς
584 659 662 726 κακά
673 657 765 744 μεγά-
804 663 867 726 ίδον
880 666 912 726 ἐν
922 667 961 724 τ’
973 658 1074 746 ὁράσει
1087 665 1117 725 ἓν
1130 666 1167 754 τή
1180 662 1280 754 ἀρχῇ,
1295 660 1420 746 πετόμε-

159 695 215 824 λα,
229 747 281 812 σία
298 744 336 812 οῦ
352 748 473 824 γέγονεν
489 741 631 812 υποκάτω
648 745 765 819 παντὸς
805 769 862 819 νος,
876 687 1040 828 καίήψατό
1049 770 1118 826 μου,
1130 744 1200 819 ὡςεί
1210 745 1301 830 δέραν
1309 753 1418 823 θυσίας

158 834 217 898 τοῦ
243 830 386 916 ούρανοῦ,
411 827 489 894 κατὰ
513 826 552 893 τὰ
573 827 711 912 γενόμενα
733 831 764 892 έν
803 830 960 913 ἑσπερινής.
974 828 1200 892 22καίσυνέτισέ
1209 854 1263 911 με,
1279 834 1334 895 καί
1347 826 1414 896 ἐλά-

155 912 372 999 Ἰερουσαλήμ,
398 914 425 954 ¹³
438 911 542 987 καθώς
554 914 721 992 γέγραπται
733 913 765 976 έν
802 910 872 993 λησε
884 910 943 994 μετ)
957 915 1043 994 ἐμοῦ,
1057 912 1107 974 καί
1119 909 1190 975 είπε.
1216 913 1355 998 Δανιὴλ,
1369 919 1420 980 νῦν

160 1003 204 1080 τῷ
229 995 310 1080 νόμω
335 1000 468 1098 Μωυσή,
492 989 594 1059 πάντα
619 993 658 1058 τά
683 991 764 1058 κακά
803 994 930 1077 ἐξῆλθον
953 988 1131 1080 συμβιβάσαι
1153 1019 1186 1058 σε
1209 993 1420 1061 σύνεσινῧέν

159 1086 258 1146 ταῦτα
271 1062 361 1164 ήλθεν
373 1076 416 1158 ἐφ’
439 1082 521 1162 ημᾶς.
547 1079 598 1142 καί
611 1075 667 1142 οῦκ
680 1072 764 1159 ἐδεή-
804 1075 879 1169 ἀρχή
892 1081 944 1180 τής
956 1071 1083 1159 δεήσειός
1095 1102 1159 1141 σου.
1186 1079 1302 1161 ἐξῆλθε
1315 1076 1419 1160 λόγος,

158 1175 254 1248 θημεν
264 1167 320 1229 τοῦ
333 1159 494 1247 προςυίπου
507 1165 608 1245 κυρίου
619 1164 676 1225 τοῦ
686 1163 763 1224 θεοῦ
804 1165 854 1224 καί
875 1164 934 1238 ἐγω
959 1153 1059 1243 ήλθον
1076 1163 1133 1224 τοῦ
1153 1158 1341 1239 ἀναγγεῖλαί
1361 1190 1419 1240 σοι,

158 1246 257 1349 ήμιῦν,
284 1244 480 1329 ἀποστρέψαι
493 1243 556 1309 ἀπὸ
569 1249 630 1310 τιῦν
642 1243 763 1309 ἀδικιῶν
803 1240 848 1308 ὅτι
862 1241 937 1329 ἀνήρ
950 1245 1117 1325 ἐπιθυμιῶν
1134 1240 1163 1306 εἴ
1173 1241 1227 1320 σύ,
1245 1249 1300 1310 καί
1313 1243 1418 1332 ἐννοή-

159 1334 254 1414 ημιῦν,
280 1330 398 1394 καὶτοῦ
411 1325 537 1392 συνιέναι
550 1332 581 1393 ἐν
592 1322 675 1419 πάσή
689 1325 764 1409 ἀλη-
802 1337 873 1409 θητι
893 1330 925 1391 ἐν
943 1331 987 1410 τῷ
1007 1322 1129 1413 ῥήματι,
1151 1328 1204 1390 καί
1222 1324 1310 1404 σύνες
1329 1334 1362 1394 ἐν
1383 1336 1418 1423 τῇ

158 1419 229 1496 θείῳ
252 1437 314 1493 σου.
340 1411 434 1475 14καί
453 1406 630 1495 ἐγρηγόρησε
650 1409 763 1496 κύριος,
803 1409 945 1492 ὀπτασίᾳ.
975 1409 1006 1451 ²⁴
1030 1405 1233 1495 ἑβδομήκοντα
1256 1412 1418 1499 ἑβδομάδες

156 1499 209 1561 καί
220 1492 365 1579 ἐπήγαγεν
377 1491 457 1558 αύτά
476 1494 520 1594 ἐφ’
537 1491 629 1576 ἡμᾶς,
657 1489 704 1558 ὅτι
717 1493 764 1557 δί-
802 1491 1024 1595 συνετμήθησαν
1042 1495 1092 1558 ἐπί
1111 1491 1165 1558 τόν
1177 1490 1256 1559 λαόν
1271 1521 1341 1574 σου,
1367 1502 1416 1563 καὶ

156 1604 240 1653 καιος
252 1577 351 1662 κύριος
370 1572 387 1640 ὁ
405 1575 477 1650 θεὸς
493 1581 576 1660 ημῶν
594 1578 645 1640 ἐπί
661 1580 764 1642 πᾶσαν
802 1577 851 1640 ἐπί
863 1575 916 1659 τήν
927 1576 1017 1642 πολιν
1030 1574 1084 1660 τήν
1097 1571 1196 1653 ἀγίαν,
1209 1582 1267 1643 τοῦ
1280 1582 1414 1647 ουντελε·

156 1661 212 1746 τήν
224 1666 342 1742 ποίησιν
355 1656 452 1723 αὐτοῦ
464 1655 500 1741 ἣν
512 1662 696 1742 έποίησε,καί
709 1657 764 1723 οὐκ
803 1663 910 1744 σθῆναι
923 1657 1089 1743 ἁμαρτίαν,
1114 1662 1166 1724 καί
1178 1665 1235 1725 τοῦ
1247 1671 1415 1769 σφραγίσαι

156 1738 359 1827 εἰσηκούσαμεν
371 1745 424 1822 τής
437 1747 535 1826 φωνής
549 1740 654 1806 αὐτοῦ.
671 1746 698 1786 ¹⁵
712 1743 764 1806 καί
803 1737 959 1828 ἁμαρτίας,
970 1744 1022 1807 καί
1035 1740 1204 1822 ἀπαλεῖψαι
1215 1744 1271 1821 τάς
1286 1748 1413 1826 αδικίας,

156 1833 210 1893 νῦν
232 1824 311 1912 κύριε
335 1825 352 1891 ὁ
376 1824 449 1900 θεός
472 1821 554 1909 ήμῶν
577 1820 611 1901 ὃς
628 1823 763 1910 ἐξήγαγες
802 1827 918 1890 καὶτοῦ
931 1821 1129 1902 ἐξιλάσασθαι
1143 1827 1276 1905 ἀδικίας,
1291 1833 1341 1894 καί
1352 1837 1413 1894 τοῦ

155 1911 209 1974 τὸν
222 1909 296 1975 λαόν
311 1936 366 1976 σου
379 1911 411 1972 ἐκ
423 1913 477 1993 γής
491 1904 649 1986 Αἰγύπτου
664 1914 694 1973 έν
705 1935 762 1992 χει·
802 1909 922 1987 ἀγαγεῖν
935 1906 1122 1992 δικαιοσύνην
1135 1907 1265 1986 αἰώνιον,
1289 1914 1409 1977 καὶτοῦ

155 1995 185 2076 ρί
198 1997 339 2095 κραταιᾷ,
348 1993 400 2056 καί
411 1994 556 2076 ἐποίησας
570 1996 683 2075 σεαυτῷ
696 1994 762 2058 ὅνο·
803 1998 965 2075 σφραγίσαι
979 1988 1081 2076 ὅρασιν
1094 1996 1145 2058 καί
1156 1992 1328 2077 προφήτην,
1355 1999 1412 2060 καί

153 2102 197 2159 μα
209 2100 251 2149 ως
266 2073 283 2158 ή
297 2072 393 2158 ἡμέρα
406 2069 492 2156 αῦτη,
507 2070 684 2158 ἡμάρτομεν,
697 2075 762 2161 ήνο·
803 2082 857 2139 τοῦ
867 2082 966 2161 χρίσαι
980 2073 1066 2154 ἀγιον
1079 2074 1177 2155 άγίων.
1201 2078 1231 2119 ²⁵
1237 2077 1290 2141 καί
1303 2073 1409 2169 γνώσῃ

154 2154 293 2242 μήσαμεν.
316 2158 344 2200 ¹⁶
358 2152 438 2242 κύριε
456 2160 487 2221 ἐν
498 2161 590 2223 πᾶσιν
602 2154 763 2242 ἐλεημοσύ-
802 2162 853 2223 καί
875 2155 1006 2242 σννήσεις
1029 2157 1091 2224 ἀπὸ
1110 2156 1212 2236 ἐξόδου
1234 2154 1328 2238 λόγου
1353 2167 1409 2226 τοῦ

154 2268 191 2325 νη
217 2267 284 2317 σου,
311 2237 540 2324 ἀποστραφήτω
561 2239 597 2326 δή
621 2237 639 2305 δ
664 2239 763 2325 θυμός
802 2240 1021 2328 ἀποκριθῆναι,
1056 2244 1109 2308 καί
1131 2248 1187 2309 τοῦ
1213 2245 1410 2327 οἰκοδομῆσαι

156 2350 228 2399 σου,
255 2326 306 2389 καί
318 2321 336 2409 ή
349 2321 422 2409 ἀργή
437 2350 492 2389 σου
504 2322 569 2389 ἀπὸ
581 2329 635 2410 τής
645 2322 762 2401 πόλεώς
796 2320 837 2389 Ἵε
857 2324 1004 2410 ουσαλήμ,
1026 2331 1082 2401 ἕως
1103 2331 1227 2412 χριστοῦ
1245 2324 1410 2413 ἡγουμένου

156 2434 210 2473 σου
219 2406 412 2492 Ἰερουσαλήμ
424 2405 515 2492 ὅρους
527 2405 614 2485 ἀγίου
628 2435 700 2483 σου,
714 2405 761 2474 δτι
801 2351 956 2495 ἑβδομάδες
973 2408 1069 2486 ἑπτά,
1094 2413 1146 2475 καί
1163 2407 1324 2496 ἕβδομόδες
1342 2413 1408 2495 ἑξη-

154 2488 332 2575 ήμάρτομεν,
346 2492 397 2555 καί
409 2495 440 2557 ἐν
453 2503 518 2566 ταῖς
531 2490 655 2567 ἀδικίαις
668 2490 761 2576 ήμιῦν,
801 2489 956 2558 κονταδύο.
983 2497 1034 2558 καί
1052 2496 1236 2578 ἐπιστρέψει,
1256 2496 1310 2558 καί
1323 2501 1410 2560 οἱκο-

155 2576 206 2640 καί
223 2579 283 2638 τῶν
299 2577 440 2659 πατέρων
458 2571 542 2679 ἡμῶν
553 2573 761 2679 Ἰερουσαλήμ,
801 2574 1001 2659 δομηθήσεται
1014 2578 1140 2642 πλατεία
1152 2578 1202 2641 καί
1218 2588 1326 2701 τεῖήος,
1354 2578 1412 2641 καί

154 2662 205 2723 καί
218 2655 235 2722 ὁ
248 2655 322 2732 λαός
342 2684 396 2723 σου
414 2663 451 2732 είς
471 2660 631 2740 ονειδισμον
648 2661 761 2736 ἐγένετο
801 2657 1056 2744 ἐκκενωθήσονται
1071 2665 1218 2746 σίκαιροί.
1247 2661 1262 2700 ¹
1291 2660 1409 2739 naim-

154 2745 184 2805 ἐν
195 2747 271 2807 πᾶσι
290 2752 354 2814 τοῖς
370 2737 537 2825 περικύκλῳ
555 2739 645 2824 ήμῶν.
673 2746 699 2786 ¹⁷
711 2747 762 2808 καί
802 2740 839 2806 τά
859 2739 914 2818 τάς
935 2743 1102 2829 ἑβδομάδας
1121 2743 1176 2820 τάς
1198 2743 1411 2828 ἑξηκονταδύο,

154 2830 204 2888 νῦν
215 2821 383 2898 εῐςάκουσον
396 2820 474 2908 κύριε
495 2821 512 2889 ὃ
525 2826 597 2898 θεὸς
612 2821 695 2907 ήμῶν
708 2832 761 2909 τής
800 2824 1086 2911 ἐξολοθρευθήσεται
1104 2834 1229 2913 χρίσμα,
1254 2828 1307 2891 καί
1319 2828 1411 2911 κρίμα

153 2912 312 2994 προςευχής
334 2911 391 2970 τοῦ
413 2905 526 2972 δούλου
550 2933 604 2971 σου
627 2910 761 2973 καὶτῶν
800 2908 855 2973 οὐκ
869 2913 989 2974 ε”στινέν
1002 2910 1095 2993 αὐτῷ.
1121 2914 1173 2974 καί
1184 2910 1239 2992 τήν
1251 2906 1411 2986 πόλιν,καί

153 2987 280 3074 δεήσεων
290 2989 398 3067 αὐτοῦ,
408 2993 459 3054 καί
468 2994 613 3071 ι’πίφανον
622 2989 660 3056 τὸ
669 2989 760 3075 πρός-
800 2990 836 3056 τό
850 2991 939 3071 ἀγιον
953 2994 1108 3078 διαφθερεῖ
1119 2990 1174 3056 σύν
1188 2996 1234 3072 τῴ
1251 2989 1411 3078 ήγουμένῳ

154 3073 240 3137 ωπόν
252 3099 305 3139 σου
325 3076 375 3138 ἐπὶ
392 3074 427 3138 τὸ
447 3072 581 3156 ἆγίυσμά
599 3099 656 3138 σου
676 3076 714 3139 τό
729 3081 760 3140 ἔ·
800 3082 844 3157 τῷ
856 3079 1016 3160 ἐρχομένῳ,
1034 3069 1247 3156 ἐκκοπήσονται
1260 3075 1294 3137 ἐν
1306 3100 1413 3141 κατα-

154 3181 261 3239 ρημον,
292 3159 382 3219 ένεκέν
402 3182 455 3220 σου
473 3153 553 3242 κύριε
579 3159 608 3200 ¹⁸
621 3156 756 3224 κλῖνονδ
800 3160 929 3243 κλυσμῳ,
941 3162 992 3224 καί
1004 3165 1059 3232 ἕως
1070 3158 1171 3230 τέλους
1181 3154 1320 3237 πολέμου
1335 3185 1411 3224 συν-

152 3236 225 3312 θεός
242 3264 298 3319 μου
317 3235 353 3302 τό
371 3227 422 3312 ούς
446 3265 518 3313 σου,
546 3243 597 3304 καί
615 3239 756 3307 ἀκουσον.
799 3247 971 3326 τετμημένου
982 3238 1064 3314 τάξει
1082 3238 1269 3319 ἀφανισμοῖς.
1312 3243 1343 3283 ²⁷
1357 3245 1410 3306 καί

153 3320 274 3398 ἀνοιξον
286 3318 357 3396 τούς
376 3317 556 3405 ὀφθαλμούς
573 3349 638 3399 σου,
651 3326 703 3390 καί
717 3327 757 3390 ἴδε
799 3320 954 3408 δυναμώσει
967 3319 1115 3405 διαθήκην
1134 3319 1263 3396 πολλοῖς
1276 3324 1408 3428 ἑβδομὰς

152 3403 203 3470 τὸν
215 3403 387 3489 ἀφανισμὸν
400 3403 492 3488 ήμῶν,
515 3409 566 3471 καί
577 3413 630 3490 τής
642 3404 758 3484 πόλεώς
798 3413 858 3490 μία.
885 3407 935 3473 καί
950 3408 979 3472 ἐν
997 3406 1041 3489 τῷ
1058 3400 1152 3488 ήμίσει
1168 3411 1221 3512 τής
1240 3408 1408 3492 ἓβδομαὼς

151 3514 208 3553 σου
223 3488 267 3571 ἐφ’
283 3481 317 3572 ής
336 3489 523 3573 ἐπικέκληται
544 3487 578 3555 τὸ
593 3489 687 3571 ὄνομά
701 3519 756 3557 σου
799 3490 965 3576 ἀρθήσεταί
976 3515 1032 3573 μου
1043 3494 1139 3553 θυσία
1154 3516 1205 3554 και
1219 3490 1344 3573 σπονδή,
1355 3494 1406 3554 καί

151 3570 194 3634 ἐπ’
217 3574 317 3654 αῦτής.
346 3571 394 3636 ὅτι
414 3570 469 3637 οῦκ
490 3576 539 3638 έπί
561 3588 626 3649 ταῖς
643 3577 754 3641 δικαιο-
797 3577 846 3639 ἐπί
860 3573 896 3641 τὸ
906 3572 982 3660 ἱερὸν
991 3573 1142 3656 βδέλυγμα
1152 3579 1212 3637 τῶν
1220 3570 1406 3656 ἐρημώσεων,

150 3650 251 3726 σύναις
265 3654 348 3736 ήμῶν
360 3659 520 3740 ῥιπτοῦμεν
540 3655 591 3721 τὸν
605 3659 757 3742 οῖκτιρμόν
797 3661 848 3722 καί
861 3663 916 3733 ἕως
927 3663 980 3739 τῆς
998 3656 1158 3731 συντελείας
1176 3663 1283 3740 καιροῦ
1302 3660 1406 3721 συντέ-

148 3732 230 3816 ήμῶν
242 3732 370 3802 ἐνώπιόν
390 3763 460 3813 σου,
474 3738 538 3804 ἀλλ’
560 3743 610 3804 ἐπί
627 3741 698 3816 τούς
711 3747 756 3807 οί-
797 3741 861 3806 λεια
873 3738 1036 3827 δοθήσεται
1048 3741 1100 3809 ἐπί
1112 3737 1167 3824 τήν
1179 3736 1337 3823 ἐρήμωσιν.

150 3816 291 3899 κτιρμούς
321 3847 376 3885 σου
406 3822 479 3896 τούς
503 3822 637 3898 πολλοὺς
667 3826 754 3910 κύριε.
826 3833 839 3860 ⁰
1000 3830 1034 3888 K
1044 3830 1074 3887 E
1087 3828 1126 3886 Φ.
1172 3823 1214 3886 1'.

150 3895 361 3998 19ε’ίςυίκουσσν
382 3900 476 3988 κύριε,
502 3902 643 3989 λλάσθητι
666 3907 754 3986 κύριε,
797 3876 848 3969 Ε
851 3933 868 3972 ν
881 3911 937 3972 ἔτει
950 3911 1042 3994 τρίτῳ
1051 3904 1157 3990 Κύρου
1169 3905 1313 3992 βασιλέως
1327 3912 1376 3971 Πε
1397 3939 1407 3953 ·

149 4006 275 4083 ῳροσῳες
288 3981 377 4069 κύριε.
392 3988 432 4069 μή
447 3995 583 4072 χρονίσης
593 3995 686 4056 ἕνεκέν
699 4017 754 4055 σου
795 3996 855 4055 σῶν
877 3990 967 4066 λόγος
990 3987 1191 4072 ἀπεκαλύφθη
1212 3993 1257 4070 τῴ
1279 3933 1406 4073 Δανιήλ,

149 4072 255 4138 οθεος
267 4091 341 4147 μου,
360 4066 408 4132 ὅτι
427 4073 463 4135 τὸ
484 4064 578 4154 ὄνομά
591 4099 645 4138 σου
658 4076 754 4139 ἐπικέ-
795 4064 833 4139 οῦ
857 4073 894 4137 τὸ
922 4073 1020 4156 ὄνομα
1046 4069 1194 4155 ἐπεκλήθη
1218 4069 1405 4157 Βαλτάσαρ.

148 4146 252 4228 κληται
266 4151 316 4212 ἐπὶ
328 4148 382 4231 τήν
394 4150 483 4217 πόλιν
497 4181 562 4228 σου,
576 4161 627 4220 καί
639 4160 688 4221 ε’πί
700 4158 754 4226 τόν
793 4159 844 4224 καί
870 4155 1017 4241 ἀληθινδς
1042 4152 1061 4220 ό
1088 4153 1190 4234 λόγος,
1204 4157 1256 4219 καί
1281 4151 1407 4238 δύναμις

148 4228 225 4297 λαόν
239 4257 304 4297 σου.
330 4234 361 4275 ²⁰
374 4237 425 4296 καί
438 4239 480 4299 ἔτι
494 4241 564 4318 ἐμοῦ
579 4239 753 4319 λαλοῦντος,
793 4238 904 4325 μεγάλη
916 4246 968 4308 καί
981 4236 1092 4314 σύνεσις
1110 4235 1205 4322 ἐδόθη
1224 4235 1311 4321 αύτῷ
1323 4243 1355 4302 ἒν
1368 4243 1408 4328 τῇ

145 4317 449 4401 καίπροςευχομίνσυ,
463 4323 514 4382 καί
527 4318 753 4406 ἐξαγορεύοντος
793 4326 936 4408 ὀπτασίᾳ.
972 4329 1031 4390 λέν
1052 4334 1120 4398 ταῖς
1141 4317 1261 4408 ήμέραις
1283 4326 1407 4398 ἐκείναις

144 4396 197 4472 τάς
210 4397 360 4482 ἁμαρτίας
370 4427 443 4481 μου,
469 4404 520 4465 καί
538 4403 592 4478 τάς
606 4402 752 4488 ἁμαρτίας
792 4410 851 4486 ἐγώ
865 4407 981 4493 Δανιήλ
999 4407 1074 4492 ήμην
1091 4411 1214 4471 πενθῶν
1228 4416 1305 4490 τρεῖς
1318 4408 1407 4493 ἑβδο-

142 4486 198 4543 τοῦ
211 4481 291 4549 λαοῦ
301 4511 358 4567 μου
368 4481 500 4573 Ἰσραήλ,
514 4489 564 4553 καί
577 4491 751 4576 ῥιπτοῦντος
789 4491 887 4577 μάδας
913 4489 1050 4582 ήμεροῦν,
1088 4492 1102 4533 ³
1117 4490 1211 4579 ἀρτον
1236 4495 1406 4595 ἐπιθυμιῳῦν

1345 4601 1402 4640 ουκ
