2924 4972
233 214 762 278 ΒΑΣιΛσιιεΝΔσυσσεΑ
804 216 880 291 κη.
893 210 931 288 γ.
945 210 985 275 ε’.
999 206 1116 278 εἲκί.
1130 213 1160 278 5.
1255 214 1321 313 διε

80 316 219 412 γαγενῶς
232 323 363 413 Νάβαλ,
389 327 514 392 ἐνώπιον
535 331 607 392 υἱιῦν
620 325 685 393 ᾶδι-
716 327 782 394 ίδοῦ
807 323 825 412 ἢ
842 327 982 415 θυρωρὸς
1004 328 1163 395 τοῦόἴκου
1182 327 1323 416 ε’κάθαιρε

79 422 144 489 κίας
157 416 271 487 ἔπεσας.
296 413 347 476 καὶ
362 405 494 535 συνὴηθη
506 414 568 511 πᾶς
581 409 598 474 ὁ
613 409 685 485 λαὸς
715 410 844 497 πυροῦς,
869 414 920 477 καὶ
943 408 1082 489 ἕνῦσταξε
1104 416 1153 479 καί
1170 409 1322 490 ἐκάθευδε,

79 503 133 562 τοῦ
145 495 275 561 κλαῦσαι
287 489 391 559 αὐτόν.
444 495 458 536 ⁵
471 494 522 558 καὶ
538 491 614 576 ηλθε
627 498 686 568 πᾶς
715 491 886 581 καὶῬηχᾶβ
897 493 1070 563 καὶΒαανά
1084 498 1116 561 οἱ
1128 494 1250 577 ᾶδιλαοὶ
1261 497 1322 563 διέ-

81 577 180 654 ὁλαδς
192 578 409 662 περιδειπνῦηοαι
419 572 471 640 τὸν
482 576 580 640 Δαυὶδ
586 574 685 661 ᾶρτοις
715 576 828 653 λαθον,
854 579 932 645 7καὶ
949 580 1085 665 είςῆλθυν
1104 583 1143 655 εἱς
1160 574 1212 644 τὸν
1229 577 1320 645 οἶνον.

80 667 123 728 ἔτι
140 661 232 745 οῦσης
250 657 368 746 ἡμέρας.
393 661 445 724 καὶ
462 658 558 741 ιῦμοσε
578 659 685 733 Δαυὶδ,
717 662 768 725 καὶ
783 658 916 746 Ἰεβοσθὲ
932 660 1088 729 ἐκάθευδεν
1098 665 1149 728 ἰπὶ
1161 666 1213 744 τῆς
1224 661 1323 745 κλίνης

79 746 181 824 λέγων.
217 740 287 808 τάδε
303 739 425 825 ποιήσαι
442 768 492 825 μοι
510 739 528 806 ὁ
544 741 616 817 θεὸς
634 743 687 806 καὶ
717 739 814 807 αὐτοῦ
831 745 863 807 δν
879 748 925 826 τοῦ
940 752 1057 812 κοιτῶνι
1069 743 1181 823 αῦτοῦ,
1206 748 1324 811 καὶτῦ-

78 827 148 895 τάδε
159 832 285 913 προςθεί
286 854 313 909 η,
330 821 376 891 ὅτι
389 823 440 892 ἐὰν
452 823 491 909 μὴ
503 824 558 907 δῦη
571 822 589 889 ὁ
604 820 686 910 ἥλως
717 849 840 891 πτουσιν
853 823 946 892 αῦτὸν
958 832 1008 894 καὶ
1020 833 1204 896 θανατοῦσιν
1217 825 1321 904 αὐτὸν,

79 911 117 977 οῦ
130 910 169 996 μη
182 906 327 992 γεῦσωμαι
341 908 435 994 ἄρτου
454 909 472 993 ἢ
491 895 555 975 ᾶπδ
572 908 686 983 παντὸς
717 910 770 974 καὶ
795 905 960 993 ᾶςαιροῦσι
982 910 1038 995 τὴν
1063 910 1190 1015 κιηαλην
1214 910 1321 988 αὐτοῦ,

78 991 167 1070 τινός.
203 995 233 1037 ³⁶
246 996 297 1058 καὶ
313 996 388 1071 ε”γνω
405 998 466 1068 πᾶς
483 989 500 1058 ὁ
518 991 609 1069 λαὸς,
634 992 686 1055 καὶ
717 993 768 1055 καί
793 990 905 1076 ἔλαβον
930 992 985 1076 τὴν
1004 995 1132 1075 κεφαλην
1153 996 1248 1061 αὑτοῦ
1271 999 1323 1061 καί

80 1078 179 1163 ἤρεσεν
209 1073 335 1142 ἐνώπιον
364 1073 466 1140 αὐτῶν
496 1070 598 1140 πάντα
628 1070 686 1140 ῦσα
717 1072 861 1156 ἀπῆλθον
876 1071 951 1138 ὁδὸν-
965 1074 1109 1157 τηνκατᾶ
1125 1074 1234 1159 δυσμάς
1249 1073 1322 1181 ὅλην

79 1165 213 1245 ἐποίησεν
227 1155 392 1246 ὁβασιλεῦς
401 1152 528 1223 ἐνώπιον
535 1160 590 1220 τοῦ
600 1155 685 1220 λαοῦ.
717 1152 771 1239 τὴν
783 1150 883 1220 νῦκτα.
901 1157 982 1220 3καὶ
998 1156 1117 1235 ”νεγκαν
1127 1154 1182 1240 την
1194 1184 1247 1238 κεα
1308 1184 1324 1223 ν

79 1246 109 1286 ³⁷
122 1247 172 1308 καὶ
189 1246 263 1320 ε”γνω
283 1246 342 1315 πᾶς
360 1235 466 1314 ὁλαῦς
484 1241 535 1303 καὶ
551 1241 611 1312 πᾶς
625 1235 688 1303 Ἰσ-
714 1236 852 1340 Ἰεβοσθβ
864 1243 908 1322 τῷ
919 1241 996 1303 Λαυ“
1027 1242 1067 1314 είς
1075 1246 1122 1304 Χε
1142 1239 1276 1322 ρών,καὶ

79 1323 157 1411 ραηλ
171 1328 201 1389 ἐν
213 1329 251 1427 tf(
264 1322 358 1407 ἡμίρρ
371 1326 479 1413 ἐκείνη,
497 1317 545 1385 ὅτι
557 1318 613 1384 οῦκ
624 1323 688 1398 ἐγέ-
718 1346 777 1386 πον
788 1347 864 1406 προς
878 1321 1073 1407 τὸνβασιλέα.
1129 1317 1166 1387 οῦ
1180 1316 1198 1405 ἢ
1212 1320 1323 1407 mab}

79 1434 146 1473 νετο
171 1431 258 1489 παρα
280 1410 335 1469 τοῦ
353 1400 497 1489 βασιλέως
513 1407 686 1468 θανατῶσαι
714 1399 851 1490 Ἰεβοσθὲ
863 1408 934 1469 υἱοῦ
945 1402 1054 1472 Σαοὺλ
1065 1408 1121 1469 τοῦ
1135 1407 1248 1489 ίχθροῦ
1259 1428 1325 1481 σου,

80 1489 134 1556 τὸν
153 1483 288 1573 Ἀβεννηρ
306 1484 372 1552 υἱὸν
391 1482 473 1572 Νηρ.
502 1486 530 1529 ³⁸
543 1487 594 1552 καὶ
610 1484 687 1551 εἶπεν
718 1481 1325 1572 δςέζητειτηνψυχηνοου,και“ἑδωκεκῦ-

83 1570 101 1636 ὁ
122 1566 257 1656 βασιλεὺς
271 1567 345 1677 πρὸς
365 1566 437 1670 τοῦς
454 1569 564 1645 παῖδας
582 1566 684 1633 αῦτοῦ.
716 1594 745 1714 ρι
824 1574 840 1586 ”

746 1594 779 1645 ος
796 1594 840 1651 τῳ
856 1569 949 1655 κυρίῳ
965 1568 1084 1655 βασιλεῖ
1097 1571 1240 1654 ἐκδίκησιν
1263 1576 1324 1637 τῶν

84 1651 139 1717 οῦκ
156 1652 269 1728 οἴδατε,
293 1651 339 1718 σ’τι
354 1651 510 1738 ἱηγουμενος
525 1655 616 1735 με’γας
628 1654 683 1716 πέ-
729 1657 834 1737 χθρῶν
858 1650 953 1719 αῦτοῦ
977 1648 1018 1728 ὥς
1043 1649 1177 1737 ἡῆμίρα
1194 1649 1271 1737 αῦτη
1290 1656 1323 1720 ἐκ

82 1761 199 1800 πτωκεν
216 1740 247 1801 ἐν
259 1739 296 1810 τῦ
309 1733 402 1822 ἡμέρας
415 1730 510 1827 ταῦτη
521 1740 552 1802 ἐν
566 1739 609 1837 τερ
625 1732 684 1800 Ἰο-
715 1734 823 1801 Σαοὺλ
849 1739 907 1800 τοῦ
929 1737 1042 1823 ἐχθροῦ
1060 1761 1116 1801 σου
1133 1738 1186 1811 καὶ
1208 1740 1242 1801 ἐκ
1266 1740 1324 1803 τοῦ

79 1813 175 1902 ραηλγ
189 1806 333 1885 39καῖ’ἱίτι
346 1817 406 1896 ε’γυὶ
417 1822 472 1900 εἶμι
486 1842 622 1920 συγγενης
631 1811 684 1901 ση-
715 1820 883 1904 σπέρματος
893 1814 997 1883 αῦτοῦ.
1011 1819 1085 1883 9καὶ
1096 1816 1246 1924 ἀπεκρίθη
1257 1824 1320 1886 Δα-

99 1926 165 1986 ερον
189 1903 240 1966 καὶ
268 1906 487 1984 καθεσταμένος
512 1897 573 1967 υπδ
594 1906 683 2009 βασι·
715 1901 763 1967 υἱδ
772 1905 817 1984 τῷ
829 1897 942 1986 Ῥηχᾶβ
957 1904 1065 1986 καὶτῷ
1076 1907 1188 1968 Βαανα
1200 1900 1322 1988 δδδσηῦ

76 1930 169 2063 λέωςς
194 1989 225 2049 οἱ
250 1983 282 2049 δὲ
308 1981 410 2065 ᾶνδρες
436 1976 521 2049 οῦτοι
541 1988 601 2050 υἱυι
616 1991 683 2048 Σα-
715 1981 810 2049 αῦτοῦ
824 1981 1037 2067 υἱοῖςἩμμιῦν
1049 1990 1104 2050 τοῦ
1117 1991 1320 2091 Βηρωθαίου,

76 2069 181 2152 ρουῖας
192 2063 386 2153 σκληρότεροί
399 2093 456 2150 μου
468 2071 548 2133 εἱσίν.
574 2065 682 2168 ἇποδρῗ
715 2065 853 2132 καὶεῖπεν
862 2064 971 2142 αὐτοῖς.
985 2069 1021 2160 ζῇ
1029 2062 1138 2154 κῦριος,
1149 2094 1182 2145 ος
1191 2066 1321 2151 ἐλυτροῦ-

78 2146 175 2236 κῦριος
198 2155 243 2235 τῷ
258 2156 395 2217 ποιοῦντι
413 2147 451 2214 τά
470 2148 587 2235 πονηρὰ
605 2174 683 2215 κατα
715 2175 793 2215 σατο
817 2148 871 2233 τὴν
895 2146 992 2254 ψυχην
1006 2175 1064 2234 μου
1083 2155 1117 2217 ἐκ
1134 2148 1232 2235 πάσης
1249 2152 1321 2216 θλί-

77 2232 131 2317 την
144 2240 250 2299 κακίαν
261 2233 366 2299 αὐτοῦ.
716 2251 807 2314 ψεως,
824 2237 853 2278 ¹⁰
863 2228 910 2299 ὅτι
924 2231 942 2299 δ
956 2233 1199 2338 απαγγείλαςηυοι
1213 2232 1322 2300 ὅτιτί-

271 2323 345 2381 ](E
358 2321 396 2380 Φ.
440 2313 490 2381 A'.
715 2315 939 2400 θνηκεΣυοῦλ,
964 2319 1016 2382 καὶ
1027 2314 1119 2395 αῦτὸς
1132 2345 1167 2402 ην
1180 2314 1221 2394 ῦς
1234 2315 1321 2396 εῦαγ-

78 2365 164 2464 Καὶ
176 2397 423 2484 ἤκουοεἿηδοσθὲ
438 2396 500 2473 υἱὸς
509 2395 625 2476 Σαοὺλ,
637 2393 683 2464 ὅτι
714 2395 889 2482 γελιζόμενος
902 2395 1026 2464 ἐνώπιόν
1036 2426 1105 2482 μου,
1117 2403 1169 2466 καὶ
1180 2402 1323 2500 κατέαηοι·

80 2484 218 2563 τέθνηκεν
237 2478 373 2564 Ἀβεννηρ
398 2478 462 2556 υἱὸς
478 2479 551 2564 Νηρ
574 2484 604 2544 ἐν
621 2489 684 2548 Χε-
716 2480 867 2548 αὐτᾶνκαὶ
877 2481 1033 2548 ἀπέκτεινα
1043 2480 1138 2546 αὐτὸν
1147 2480 1322 2556 ἔνΣεκελακ,

78 2560 171 2649 βρών,
180 2567 231 2628 καὶ
242 2557 422 2645 ἐξελῦθηοαν
434 2567 468 2627 αἱ
478 2576 567 2648 χεῖρες
579 2561 683 2641 αῦτοῦ,
715 2556 741 2647 ᾧ
756 2566 813 2632 ἔδει
824 2592 860 2649 με
873 2566 976 2629 δοῦναι
989 2561 1154 2641 εῦαγγελια.
1173 2568 1196 2605 ¹¹
1208 2566 1259 2628 καὶ
1272 2568 1323 2629 νῦν

78 2649 132 2710 καὶ
143 2640 250 2720 πάντες
260 2649 290 2709 οἱ
298 2642 399 2750 ᾶνδρες
407 2643 530 2730 Ἰσραὴλ
538 2653 685 2733 παρείθη-
716 2648 817 2735 ἄνδρες
833 2651 962 2731 πονηροὶ
982 2641 1203 2724 ᾶπεκτᾶγκασιν
1229 2645 1324 2730 ἄνδρα

79 2754 146 2793 σαν.
172 2732 250 2794 2καὶ
269 2725 324 2793 δάο
343 2730 442 2814 ἀνδρες
459 2723 610 2830 ἱργοῦμενοι
629 2757 683 2796 συ-
715 2734 830 2798 δίκαιον
843 2734 874 2795 ἐν
886 2736 931 2814 τῴ
944 2732 1017 2814 οἴκῳ
1026 2727 1124 2795 αὐτοῦ
1136 2732 1187 2794 ε’πὶ
1196 2733 1248 2834 της
1259 2735 1323 2793 κοί-

78 2807 270 2896 στρεμμάτων
286 2815 332 2896 τῷ
345 2810 477 2898 Ἰεβοσθε
495 2817 552 2878 υἱοῦ
567 2811 682 2879 Σαούλ.
716 2840 767 2920 της
779 2813 885 2882 αῦτοῦ.
912 2817 964 2881 καὶ
976 2820 1027 2880 νῦν
1040 2808 1187 2899 ἐκζητησω
1200 2839 1236 2878 το
1251 2812 1323 2896 αίμα

76 2894 173 2979 ὄνομα
186 2899 231 2978 τῷ
244 2897 299 2971 ἑνὶ,
315 2892 436 2961 Βαανά.
462 2900 513 2962 καὶ
530 2880 626 2980 δ’νομα
639 2903 683 2980 τῷ
718 2904 815 2964 αυτοῦ
830 2901 861 2963 ἐκ
873 2897 968 2983 χειρὸς
981 2896 1071 2980 ὑμῶν,
1083 2900 1134 2962 καλ
1143 2891 1325 2980 ἑξολοθρεῦ-

76 2979 206 3061 δευτέρῳ
215 2975 335 3064 Ῥηχδβ,
345 2975 541 3060 υἱοὶῬεμμών
549 2985 607 3046 τοῦ
615 2986 684 3064 Βη-
718 3007 762 3046 σω
776 2977 850 3061 ὑμᾶς
863 2985 895 3045 ἐκ
907 2986 959 3064 τῆς
969 2985 1032 3064 γῆς.
1057 2979 1322 3044 12καὶἐνετειλατυ

77 3067 216 3144 ρωθαίου
235 3065 268 3126 ἐκ
287 3067 346 3127 τῶν
361 3066 435 3127 υἱῶν
451 3065 610 3147 Βενιαμὶν,
636 3060 684 3129 ὅτι
717 3065 816 3129 Δαυὶδ
840 3075 903 3140 τοῖς
931 3065 1101 3149 παιδαρίοις
1126 3061 1236 3137 αὐτοῦ,
1275 3057 1326 3125 καὶ

77 3141 200 3229 Βηρώθ
212 3144 357 3222 ἐλογίζετο
371 3155 433 3221 τοῖς
445 3150 519 3221 υἱοῖς
531 3153 683 3230 Βενιαμίν.
717 3145 945 3214 ᾶποκτέννουσιν
957 3145 1082 3224 αῦτοῦς,
1100 3148 1151 3211 καὶ
1163 3145 1324 3232 κολοβοῦσι

77 3229 154 3294 3καί
179 3226 354 3314 ἀπέδρασαν
379 3233 411 3293 οἱ
434 3235 620 3314 Βηρωθαῖοι
646 3235 685 3305 εἷς
717 3229 770 3306 τᾶς
782 3245 879 3316 χεῖρας
896 3230 995 3297 αὐτῶν
1014 3230 1146 3305 καὶτοὺς
1159 3229 1256 3318 πόδας
1269 3224 1325 3290 αῦ-

79 3315 211 3393 Γεθαὶμ,
236 3316 287 3377 καὶ
309 3300 383 3395 ἦσαν
399 3314 459 3376 ἐκεῖ
472 3317 685 3394 παροικοῦντες
717 3318 794 3388 τῶν,
821 3316 872 3377 καὶ
896 3316 1060 3393 ἐκρέμασαν
1078 3311 1187 3386 αὐτοὺς
1204 3313 1254 3376 ἐπὶ
1273 3313 1326 3384 τῆς

79 3399 135 3467 ἕως
147 3399 200 3476 της
212 3389 322 3481 ἡμέρας
334 3389 453 3477 ταύτης.
471 3397 487 3437 ⁴
500 3400 552 3460 καὶ
563 3400 608 3477 τῷ
616 3393 683 3459 Ἰω-
717 3390 823 3477 κρήνης
843 3397 873 3457 ἐν
891 3394 1031 3478 Χεβρών,
1057 3388 1180 3473 καλιὴν
1196 3391 1322 3492 κεραλὶμ

80 3472 182 3541 νᾶθαν
196 3481 248 3540 υἱιῦ
257 3475 364 3543 Σαοὺλ
375 3474 438 3552 υἱὸς
447 3475 607 3558 πεπληγώς
616 3475 686 3553 τοῦς
715 3474 848 3563 Ἰεβοσθὲ
865 3478 990 3557 ἔθαψαν
1012 3478 1044 3540 ἐν
1064 3477 1110 3556 τῷ
1126 3469 1215 3556 τάφῳ
1227 3474 1326 3555 Αβεν-

79 3554 177 3633 πόδας
196 3540 259 3635 υἱδς
271 3564 347 3625 ἐτῶν
359 3564 462 3634 πέντε,
487 3565 539 3627 καὶ
552 3554 642 3635 οῦτος
655 3564 686 3625 ἐν
719 3560 772 3645 νηρ
787 3563 854 3626 υἱοῦ
868 3554 950 3642 Νηρ.

79 3647 124 3724 τῷ
148 3643 245 3707 ἐλθεῖν
269 3641 323 3718 τὴν
348 3643 488 3720 ἀγγελίαν
506 3640 613 3706 Σαοὺλ
636 3645 687 3707 καὶ
917 3647 992 3705 ΚΕ
1005 3644 1044 3704 Φ.
1087 3634 1138 3704 E‘.

76 3720 226 3791 Ἰωνάθαν
240 3730 297 3790 τοῦ
311 3730 378 3790 υἱοῦ
391 3723 488 3789 αὐτοῦ
501 3726 531 3799 ἐξ
545 3721 686 3808 Ἰεζραὶηλ,
718 3692 805 3790 Καὶ
828 3730 1043 3810 παραγίνονται
1068 3727 1164 3788 πᾶσαι
1182 3724 1215 3787 αἱ
1233 3721 1328 3804 φυλαὶ

80 3813 130 3873 καὶ
141 3797 212 3901 ᾗρεν
229 3803 323 3874 αὐτὸν
335 3805 353 3892 ἡ
366 3804 488 3891 τιθηνὸς
501 3804 612 3883 αὐτοῦ,
637 3810 688 3871 καὶ
716 3804 837 3892 Ἰσραὴλ
853 3805 930 3892 πρὸς
941 3808 1039 3874 Δαυὶδ
1054 3811 1092 3881 είς
1105 3805 1250 3893 Χεβρὼν,
1275 3810 1327 3872 καὶ

80 3894 176 3971 ἔφυγε.
187 3896 238 3957 καὶ
247 3894 360 3968 ἐγένετο
369 3896 449 3973 ἐντῷ
460 3885 590 3956 σπεύδειν
596 3886 688 3955 αῦτόν
719 3890 806 3956 εἶπαν
819 3887 912 3972 αὐτῷ.
940 3890 1006 3956 ἰδοῦ
1020 3889 1096 3956 ὀστᾶ
1108 3916 1174 3968 σου,
1187 3892 1238 3955 καὶ
1251 3885 1327 3973 σάρ-

81 3979 132 4039 καὶ
143 3973 320 4060 ἀναχωρεῖν,
338 3980 388 4041 καὶ
401 3977 483 4039 ἔπεσε
497 3978 547 4039 καὶ
560 3970 687 4059 ἒχωλᾶν-
719 4001 765 4051 κες
777 4000 833 4041 σου
852 3970 940 4056 ἡμεῖς.
969 3977 984 4016 ²
997 3975 1049 4037 καὶ
1065 3972 1149 4058 ἐχθὲς
1161 3975 1213 4038 καὶ
1224 3979 1327 4058 τρίτην

79 4068 139 4144 θη,
165 4064 218 4125 καὶ
243 4059 336 4140 ὄνομα
363 4056 447 4140 αὐτῷ
473 4061 685 4144 Μεμφιβοοθέ.
719 4059 807 4142 ῥ’ντος
822 4056 928 4123 Σαοὺλ
948 4057 1094 4145 βασιλέως
1113 4054 1158 4138 ἐφ’
1182 4054 1263 4140 ἡμῖν,
1289 4054 1325 4119 σὺ

82 4144 159 4206 ὅκαὶ
180 4137 391 4229 ἐπορεύθησαν
409 4144 469 4206 υἱοὶ
483 4138 615 4225 Ῥεμμών
632 4146 687 4205 τοῦ
719 4145 803 4226 ἦσθα
829 4139 846 4204 ὁ
865 4138 979 4219 ἐξάγων
995 4143 1047 4206 καί
1063 4146 1184 4220 εἱςαγων
1201 4140 1253 4204 τὸν
1267 4136 1325 4201 'Ia-

82 4229 271 4307 Βηρωθαίου
290 4221 402 4328 Ῥηχᾶβ
419 4228 468 4289 καὶ
487 4225 614 4300 Βαανᾶ,
639 4228 689 4289 καί
720 4220 806 4311 ραηλ.
830 4226 883 4289 καὶ
907 4225 969 4292 εἶπε
993 4221 1094 4312 κύριος
1111 4223 1189 4307 πρὸς
1207 4223 1249 4284 σε’.
1289 4218 1325 4284 σὺ

82 4308 217 4391 εἱςηλθον
230 4312 262 4373 ἒν
274 4312 318 4373 τῶ
330 4316 459 4391 καυματι
472 4312 524 4390 τῆς
533 4304 690 4390 ἡμέραςεῖς
720 4319 874 4391 ποιμανεῖς
891 4305 944 4375 τὸν
961 4305 1036 4374 λαόν
1048 4334 1105 4392 μου
1125 4306 1178 4368 τὸν
1192 4299 1328 4402 ’ζσραδβι

82 4388 164 4456 οίκον
179 4373 327 4475 Ἰεβοοθδ,
352 4395 403 4456 καὶ
425 4388 516 4466 αῦτδς
534 4385 690 4455 ἐκάθευδεν
720 4392 772 4454 καὶ
784 4390 821 4455 σὺ
834 4393 885 4473 δ’ση
898 4397 937 4466 εἰς
950 4387 1113 4473 ἡγούμενον
1126 4386 1175 4447 ἐπὶ
1187 4408 1239 4474 τον
1251 4383 1329 4446 λαον

83 4475 112 4535 ἐν
136 4479 172 4563 τῇ
197 4479 282 4565 κοίτη
309 4478 361 4557 τῆς
383 4479 568 4561 μεσημβρίας.
607 4474 622 4515 ⁶
641 4475 691 4537 καὶ
704 4534 707 4549 ,
720 4499 777 4556 μου
786 4462 915 4558 Ἰσραὶᾗλ.
937 4474 1016 4534 3καὶ
1027 4473 1164 4552 ἔρχονται
1177 4484 1293 4619 uam}
1296 4465 1329 4559 ρὶ

1200 4565 1273 4619 πρεσ
1294 4565 1324 4601 υ-
