2924 4972
152 195 218 261 650
350 200 388 256 Π
397 193 432 256 Α
446 198 475 255 P
487 196 514 255 0
526 199 544 255 1
555 200 597 256 M
609 198 630 254 1
637 194 672 254 A
688 198 709 254 1
747 197 826 270 Κεφ.
839 187 884 266 ις’.
898 186 947 266 ιζ’.
961 185 1007 273 ιη’.
1023 189 1072 256 16.
1089 191 1207 257 17.18.

151 313 200 376 ἐπὶ
212 308 244 374 δέ
256 308 359 394 χείλεσι
376 311 492 392 φορέοει
507 303 754 388 ἐπιγνωμοσόνην.
788 309 839 370 καί
852 311 985 381 οἰκείους.
1008 309 1036 349 ¹⁰
1047 310 1188 392 συντρίβει
1201 303 1308 391 ἀπειλή
1320 333 1398 393 καρ·

153 392 184 434 22
197 398 286 477 κηρία
310 391 425 475 μέλιτος
448 384 534 467 λόγοι
551 388 657 462 καλοί,
683 383 756 466 γλύ·
789 389 855 452 δίαν
867 393 1022 490 φρονίμου,
1035 385 1140 471 ἀφρων
1152 389 1184 453 δὲ
1194 393 1398 471 μαστιγωθεὶς

152 501 251 559 κασμα
263 474 295 539 δὲ
313 472 408 540 αὐτοῦ
422 473 497 548 ἴασις
514 476 619 555 ψυχῆς.
644 472 673 514 ²⁵
686 471 758 536 είσίν
788 469 843 535 οῦκ
862 476 1041 535 αἰσθανεται.
1066 476 1091 513 ¹¹
1104 470 1272 548 ἀντιλογίας
1295 475 1398 555 ἐγείρει

152 558 219 623 ὁδοί
235 559 375 623 δοκοῦσαι
392 554 466 620 εἶναι
483 553 577 639 ὀρθαί
588 553 688 635 ἀνδρί,
717 550 756 616 τά
787 558 847 626 πᾶς
859 552 962 628 κακὸς,
988 551 1053 618 ὁδὲ
1064 548 1164 637 κύριος
1183 553 1310 631 ἀγγελον
1327 553 1397 621 ἀνε-

150 644 253 724 μέντοι
283 641 437 704 τελευταῖα
460 635 565 719 αὐτῶν
586 637 686 724 βλέπει
717 640 757 711 είς
787 631 915 720 λεήμονα
936 639 1077 718 έιιπέμψει
1099 635 1192 719 αὐτῷ.
1222 639 1251 678 22
1263 640 1398 717 ἐμπεσεῖ-

151 726 295 807 πυθμένα
304 719 389 804 ᾅδου.
399 719 507 803 26ἀνήρ
521 717 663 794 ε’νπόνοις
671 729 759 784 πονεῖ
787 743 836 783 ται
845 720 969 805 μέριμνα
977 715 1199 803 ἀνδρὶνοήμονι,
1210 720 1284 784 οἶδὲ
1294 719 1398 804 ἀφρο·

152 807 253 889 ἑαυτῷ
278 807 330 869 καί
354 800 516 889 ἐκβιάζεται
535 801 590 886 τήν
608 797 757 866 ἀπώλειαν
787 826 831 877 νες
843 801 1064 880 διαλογιοῦνται
1081 797 1170 865 κακά.
1196 802 1223 844 ¹³
1236 797 1270 877 ὃς
1282 801 1397 869 ἀποδί-

151 889 270 953 ἑαυτοῦ.
290 885 308 951 ό
322 890 422 970 μέντοι
436 885 554 959 σκολιὸς
566 887 616 951 ἐπὶ
627 889 672 968 τῷ
687 886 756 948 ἐαυ-
788 885 863 950 δωσι
876 885 953 950 κακά
966 883 1032 950 ἀντί
1049 881 1193 961 ἀγαθῶν,
1217 882 1254 950 οῦ
1268 884 1397 973 κινηθή-

151 976 209 1036 τοῦ
240 965 365 1052 στόματι
396 978 484 1053 φορεῖ
510 966 564 1050 τήν
598 965 755 1032 ἀπώλειαν.
788 991 868 1032 σεται
877 964 1060 1033 κακάέκτοῦ
1071 969 1155 1031 οἴκου
1165 964 1268 1031 αῦτοῦ.
1278 969 1396 1046 22ίξου·

152 1057 182 1098 22
195 1050 272 1154 ἀνήρ
295 1051 399 1138 ἀφρων
416 1047 534 1136 ἀράσσει
552 1052 650 1132 ἑαυτῷ
666 1049 755 1126 κακά,
787 1057 853 1115 σίαν
871 1051 973 1115 δίδωσι
990 1044 1091 1126 λόγοις
1108 1048 1185 1133 ἀρχή
1197 1048 1396 1137 δικαιοσύνης,

152 1140 203 1201 ἐπί
223 1136 255 1200 δι
271 1140 332 1201 τῶν
349 1138 460 1200 ἑαυτοῦ
493 1133 594 1197 ειλέων
605 1138 755 1217 θησαυρί-
785 1145 957 1218 προηγεῖται
974 1132 1006 1197 δὲ
1023 1137 1075 1216 τῆς
1092 1133 1202 1207 ἐνδείας
1220 1130 1325 1209 στάσις
1342 1139 1396 1201 καί

151 1222 188 1296 ζει
201 1223 270 1304 πῦρ.
296 1219 327 1261 ²⁸
340 1216 414 1302 ἀνήρ
428 1159 547 1290 σκολιὸς
560 1217 755 1297 διαπέμπεται
785 1213 872 1299 μάχη.
898 1217 924 1258 ¹⁶
938 1213 971 1290 ὃς
983 1216 1098 1280 δίκαιον
1110 1221 1198 1301 κρίνει
1210 1214 1265 1280 τόν
1277 1215 1393 1292 άδικον,

151 1299 243 1376 κακά,
262 1303 313 1364 καί
326 1300 485 1382 λαμπτῆρα
498 1295 589 1364 δόλου
601 1293 755 1381 πυρσεύσει
786 1296 890 1364 άδικον
901 1297 934 1362 δὲ
947 1296 1001 1363 τάν
1013 1297 1135 1372 δίκαιον,
1151 1295 1327 1382 ἀκάθαρτος
1341 1303 1395 1366 καί

151 1396 262 1458 κακοῖς,
275 1385 325 1447 καί
337 1383 497 1466 διαχωρίζει
511 1381 621 1462 φίλους.
641 1378 754 1464 22ἀνίχρ
784 1379 940 1460 βδελυκτός
951 1377 1036 1466 παρά
1048 1385 1121 1463 θεῷ.
1146 1382 1175 1424 ¹⁶
1188 1384 1267 1445 ῖνατί
1279 1380 1394 1468 ῦπῆρξι

150 1464 324 1548 παράνομος
349 1463 548 1547 ἀποπειρῦται
567 1464 677 1541 φίλων,
703 1465 754 1527 καί
783 1459 954 1548 χρήματαά
977 1488 1057 1548 ρονι,·
1081 1462 1252 1546 κτήσασθαι
1263 1463 1323 1565 γάρ
1338 1492 1393 1532 σο-

151 1545 258 1625 ἀπάγει
288 1544 399 1620 αὐτούς
429 1543 517 1621 ὁδούς
542 1543 597 1610 οῦκ
623 1541 752 1622 ἀγαθάς.
785 1554 858 1627 φίαν
871 1488 1061 1630 ἀκάράιοςοῦ
1074 1542 1235 1630 δυνήσεται.
1261 1543 1296 1622 ὃς
1310 1568 1390 1632 υιγη-

150 1631 329 1712 20στηρίζων
340 1628 372 1693 δὲ
386 1626 566 1709 ὀφθαλμοὺς
579 1625 672 1692 αὐτοῦ
686 1629 753 1693 δια·
784 1627 839 1695 λόν
850 1641 932 1695 ποιεί
940 1627 993 1695 τόν
1003 1631 1112 1695 ἑαυτοῦ
1125 1628 1218 1707 οἷκον,
1228 1632 1308 1712 ζητεῖ
1318 1657 1390 1697 συν-

150 1712 294 1788 λογίσεται
307 1712 526 1814 διεστραμμένα,
550 1708 635 1796 ὁρίζει
647 1708 679 1777 δὲ
691 1722 753 1785 τοῖς
784 1711 900 1798 τριβήν,
926 1708 944 1777 ό
968 1711 1001 1777 δὲ
1019 1708 1183 1788 σκολιάζων
1204 1717 1259 1778 τοῦ
1281 1724 1390 1796 μαθεῖν

149 1795 268 1880 χείλεσιν
280 1793 376 1858 αὐτοῦ
386 1817 487 1857 πάντα
500 1793 538 1857 τά
552 1790 639 1869 κακά,
661 1784 752 1869 οὗτος
785 1798 948 1875 ἐμπεσεῖται
960 1800 1000 1870 είς
1011 1794 1097 1860 κακά.
1121 1798 1148 1838 ¹¹
1161 1800 1200 1870 είς
1210 1791 1309 1860 πάντα
1320 1822 1389 1860 και-

150 1875 272 1961 κάμινός
285 1881 346 1942 ἔστι
359 1881 469 1950 κακίας.
487 1877 514 1919 ³¹
524 1880 668 1956 στέφανος
680 1902 750 1939 καυ-
785 1876 839 1960 ρὸν
854 1878 942 1958 φίλος
961 1874 1117 1978 ῦπαρχέτω
1131 1904 1195 1954 σοι,
1219 1878 1342 1958 ἀδελφοί
1354 1881 1389 1944 δὲ

148 1956 257 2044 χήοεως
272 1964 380 2045 γῆρας,
406 1962 438 2022 έν
454 1957 488 2023 δὲ
505 1957 589 2032 ὁδοῖς
601 1956 753 2024 δικαιοσύ-
784 1963 815 2023 έν
826 1957 969 2038 ἀνάγκαις
977 1986 1115 2046 χρησιμοι
1125 1956 1388 2037 εἶ’στωσαν,τοάτου

150 2068 200 2127 νης
216 2041 384 2126 εὑρίσκεται.
410 2043 440 2084 ³²
452 2047 594 2126 κρείσσων
607 2039 681 2146 ἀνὴρ
693 2067 752 2124 μα-
783 2040 840 2129 γάρ
857 2041 943 2128 χάριν
959 2048 1125 2122 γεννῶνται.
1150 2043 1266 2129 122ιιίνήρ
1281 2043 1389 2131 ἀφρων

149 2121 300 2210 κρόθυμος
313 2128 444 2209 ίσχυροῦ,
457 2122 475 2187 ό
488 2123 522 2188 δὲ
533 2128 651 2210 κρατῶν
664 2129 752 2206 οργῦχς
784 2128 933 2209 ἐπικρατεῖ
943 2130 994 2192 καί
1005 2131 1144 2214 ἐπιχαίρει
1157 2128 1262 2210 έαυτῴ.
1284 2125 1325 2201 ὡς
1337 2132 1389 2194 καί

149 2214 293 2288 κρείσσων
326 2207 625 2292 καταλαμβανομένου
656 2207 751 2271 πόλιν.
785 2204 802 2272 ό
828 2205 1009 2292 ἐγγυώμενος
1025 2204 1115 2292 ἔγγύη
1132 2215 1193 2274 τῶν
1207 2213 1317 2276 ἑαυτοῦ
1337 2219 1388 2291 φί-

148 2291 178 2334 ³³
191 2296 230 2366 είς
256 2287 385 2365 κόλπους
403 2292 552 2375 ἐπέρχεται
570 2287 672 2360 πάντα
689 2302 752 2365 τοῖς
784 2290 852 2356 λων.
876 2295 905 2335 ¹⁹
919 2284 1152 2397 φιλαμαρτήμων
1166 2299 1257 2378 χαίρει
1271 2290 1387 2378 μάχαις,

148 2370 278 2449 ἀδίκοις,
305 2372 391 2458 παρά
415 2373 448 2438 δὲ
474 2379 577 2459 κυρίου
593 2372 694 2438 πάντα
713 2372 751 2438 τά
784 2373 845 2439 2οὁ
870 2375 902 2442 δὲ
931 2374 1162 2461 σκληροκαρδιος
1187 2377 1224 2442 οῦ
1255 2383 1387 2461 συναντᾷ

149 2456 256 2521 δίκαια.
784 2455 921 2534 ἀγαθοῖς.
948 2456 1023 2545 ἀνήρ
1048 2457 1244 2544 εὐμετάβολος
1267 2457 1387 2554 γλώοση
1446 2523 1448 2529 .

332 2545 365 2604 K
376 2547 405 2602 E
419 2545 457 2603 Φ.
502 2535 569 2604 ΙΖ’.
784 2544 944 2621 ἐμπεσεῖται
953 2547 992 2617 είς
1000 2543 1088 2619 κακά,
1097 2546 1235 2627 22καρδία
1247 2544 1280 2610 δὲ
1289 2543 1389 2629 ἀφρο-

147 2587 322 2709 Κρείσοων
333 2622 442 2706 ιμωμὸς
459 2622 523 2702 μεθ’
539 2619 645 2705 ἡδονῆς
662 2625 694 2686 ἐν
711 2626 751 2685 εί-
783 2647 831 2699 νος
848 2621 938 2707 ὀδύνη
952 2620 1001 2708 ’τῷ
1020 2631 1185 2710 κεκτημένῳ
1203 2622 1304 2712 αὐτήν.
1331 2625 1388 2693 οῦκ

147 2702 349 2790 ρήνη,ἢοῖκος
357 2707 479 2770 πολλῶν
489 2705 616 2781 ἀγαθῶν
625 2705 676 2768 καί
685 2702 752 2769 ἀδί-
784 2705 969 2793 εὐφραίνεται
989 2709 1089 2794 πατὴρ
1107 2707 1151 2789 ἐφ’
1171 2715 1227 2793 υἱρῦ
1245 2707 1389 2776 ἀπαιδεύ-

148 2780 209 2850 κωῦ
226 2783 370 2869 θυμάτων
385 2785 458 2869 μετά
477 2789 578 2871 μάχης.
611 2790 626 2829 2
639 2790 751 2871 οἰκέτης
783 2815 836 2895 τῳ,
847 2789 910 2866 υίὸς
922 2791 955 2856 δὲ
967 2791 1108 2877 φρόνιμος
1118 2791 1263 2879 εὐφραίνει
1274 2797 1389 2878 μητέρα

148 2868 266 2952 νοήμων
284 2865 419 2953 κρατήσει
439 2871 591 2935 δεσποτῶν
603 2868 751 2954 ἀφρόνων,
784 2877 887 2938 αυτοῦ.
919 2877 949 2916 22
963 2877 1072 2958 καρδία
1096 2875 1306 2961 εῦφραινομένη
1327 2876 1390 2942 εῦε-

148 2955 178 3015 ἐν
189 2951 221 3017 δὲ
233 2950 370 3032 ἀδελφοῖς
383 2952 516 3016 διελεῖται
528 2955 610 3036 μέρη.
628 2955 642 2994 ³
656 2949 751 3034 ώςπερ
784 2967 861 3021 κτεῖν
873 2969 964 3031 ποιεῖ,
978 2956 1084 3042 ἀνδρὸς
1093 2959 1126 3024 δὲ
1136 2958 1272 3043 λυπηροῦ
1285 2963 1389 3044 ξηραί-

148 3032 331 3117 δοκιμάζεται
356 3038 388 3098 ἐν
411 3042 522 3118 καμίνῳ
549 3035 678 3121 ἀργυρος
701 3036 752 3100 καί
784 3064 864 3103 νεται
875 3039 915 3105 τά
930 3039 1016 3106 όοτῦ.
1042 3043 1071 3084 ²³
1084 3039 1285 3126 λαμβάνοντος
1304 3044 1390 3123 διῦρα

146 3116 262 3201 χρυσός,
283 3114 380 3192 οῦτως
392 3117 524 3183 ἐκλεκταί
536 3120 653 3200 καρδίαι
666 3116 751 3204 παρά
784 3120 894 3198 ἀδίκως
915 3127 946 3188 ἐν
964 3120 1085 3198 κόλποις
1103 3121 1141 3186 οῦ
1160 3126 1390 3191 κατευοδοῦνται

149 3206 248 3284 κυρίῳ.
262 3201 377 3275 2κακὸς
390 3196 530 3265 ῦπακούει
542 3197 678 3286 γλώσσης
690 3229 752 3266 πα·
784 3201 860 3279 ὁδοί,
873 3203 977 3286 ἀσεβής
989 3204 1021 3268 δὲ
1034 3204 1154 3267 ἐκκλίνει
1169 3201 1260 3278 ὁδούς
1272 3206 1389 3270 δικαιο-

149 3279 303 3366 ρανόμῳν,
328 3285 440 3360 δίκαιος
451 3282 483 3348 δὲ
496 3282 533 3350 οῦ
547 3288 678 3370 προςέχει
694 3292 750 3369 χεί-
784 3285 878 3368 οάνης.
915 3285 948 3327 22
959 3281 1119 3368 πρόςωπον
1140 3286 1260 3350 συνετὸν
1278 3286 1389 3372 ἀνδρὸς

148 3369 211 3433 λεοι
224 3369 369 3450 ψευδέσιν.
389 3369 403 3412 ⁵
416 3365 434 3432 ό
447 3368 617 3446 καταγελῶν
629 3373 752 3472 πτωχοῦ
784 3371 895 3450 σοφοῦ,
919 3367 990 3431 οἶδὲ
1004 3365 1160 3447 ὀφθαλμοί
1178 3373 1233 3434 τοῦ
1252 3367 1390 3455 ἀφρονος

148 3446 303 3536 παροξύνει
316 3450 368 3516 τόν
379 3447 548 3535 ποιήσαντα
560 3450 667 3526 αὐτὸν,
687 3451 751 3516 οδὲ
784 3449 828 3518 ἐπ’
857 3448 934 3537 ἀνρα
957 3454 1018 3533 γῆς.
1057 3452 1086 3494 ²⁵
1105 3450 1179 3535 ἀργή
1206 3459 1300 3533 πατρί
1327 3456 1391 3531 υίὸς

148 3541 308 3620 ἐπιχαίρων
320 3533 516 3617 ἀπολλυμένῳ
527 3533 581 3599 οῦκ
595 3529 752 3612 ἀθωωθή-
784 3534 898 3619 άφρων,
920 3535 972 3598 καί
983 3530 1075 3618 ὀδύνη
1087 3540 1126 3624 τῇ
1138 3531 1263 3642 τεκούση
1282 3535 1385 3602 αὐτόν.

149 3643 246 3690 σεται,
271 3615 334 3682 όδὲ
351 3613 659 3701 ἐπισπλαγχνιζόμενος
672 3618 751 3698 ἐλεη-
784 3618 815 3659 ²⁶
827 3623 946 3699 ζημιοῦν
970 3617 1062 3700 ἀνδρα
1088 3621 1202 3684 δίκαιον
1228 3610 1266 3685 όν
1287 3619 1389 3697 καλόν,

148 3695 283 3779 θήσεται.
309 3700 484 3779 6στέφανος
500 3702 647 3782 γερόντων
663 3703 751 3763 τέκνα
785 3699 854 3766 οῦδὲ
867 3697 950 3766 ὅσιον
962 3702 1158 3786 ἐπιβουλεύειν
1174 3699 1330 3776 δυνάσταις
1342 3705 1387 3766 δι-

148 3787 271 3856 τέκνων,
296 3782 433 3865 καύχημα
450 3781 482 3847 δὲ
500 3787 607 3846 τέκνων
627 3785 751 3865 πατέρες
784 3789 887 3858 καίοις.
913 3787 942 3828 22
956 3781 990 3860 ὃς
1008 3787 1134 3867 φείδεται
1149 3790 1227 3870 ῥῆμα
1238 3790 1387 3868 προέσθαι

149 3864 255 3928 αὐτῶν.
293 3869 350 3928 τοῦ
370 3870 479 3929 πιστοῦ
506 3862 576 3940 ὅλος
599 3861 616 3929 ό
643 3861 751 3944 κόσμος
785 3865 928 3951 σκληρόν,
954 3863 1137 3949 ἐπιγνώμων,
1150 3865 1342 3952 μακρόθυμος
1354 3869 1388 3933 δὲ

147 3950 209 4009 τών
221 3946 389 4029 χρημάτων,
415 3952 470 4010 τοῦ
488 3948 521 4011 δέ
538 3947 667 4012 ἀπίστου
681 3945 751 4010 οῦδὲ
784 3947 857 4033 ἀνήρ
877 3945 1027 4035 φρόνιμος.
1059 3952 1090 3994 ²⁸
1104 3948 1221 4035 ἀνοήτῳ
1239 3950 1388 4036 ἐπερωτή-

149 4026 266 4114 όβολός.
307 4027 387 4112 2οίιχ
404 4026 524 4113 ἁρμόσει
551 4030 657 4113 ἀφρονι
673 4028 751 4111 χείλη
784 4056 865 4096 οαντι
897 4040 1007 4113 σοφίαν
1045 4041 1139 4115 σοφία
1167 4032 1389 4117 λογισθήσεται,

147 4109 250 4184 πιστά,
264 4109 332 4174 οὐδὲ
347 4112 450 4193 δικαίῳ
462 4113 540 4195 χείλη
554 4113 657 4194 ψευδῆ.
676 4113 748 4194 2μι-
784 4112 862 4178 ἐνεόν
893 4117 928 4180 δέ
952 4141 994 4189 τις
1023 4117 1133 4182 ἑαυτὸν
1158 4114 1287 4201 ποιήσας
1315 4113 1390 4193 δόξει

147 4194 224 4268 σθός
235 4199 364 4276 χαρίτων
375 4195 494 4259 παιδεία
508 4206 571 4267 τοῖς
599 4197 749 4275 ρωμένοις,
782 4196 922 4279 φρόνιμος
934 4196 1013 4263 εἶναι.

146 4268 183 4342 οῦ
210 4276 236 4340 δ’
265 4276 302 4340 ἀν
327 4278 492 4360 ἐπιστρέψῃ
519 4220 748 4359 εάοάωθήσεται.
966 4289 1040 4348 ΚΕ
1055 4290 1092 4347 Φ.
1137 4281 1210 4350 IH'.

144 4356 207 4434 2ός
220 4356 340 4446 κρύπτει
353 4355 529 4440 ἀδικήματα,
552 4362 630 4440 ζητεῖ
639 4361 748 4441 φιλίαν,
781 4329 977 4445 Προφάσεις
998 4369 1077 4448 ζητεῖ
1105 4366 1180 4454 ἀνήρ
1209 4362 1390 4452 βουλόμενος

145 4443 179 4520 ὃς
191 4443 223 4509 δέ
235 4457 313 4525 μισεῖ
329 4437 482 4526 κρύπτειν,
507 4444 632 4527 διίστησι
647 4444 749 4526 φίλους
780 4450 958 4530 χωρίζεσθαι
976 4447 1040 4513 ἀπὸ
1059 4449 1170 4529 φίλων,
1197 4455 1229 4514 ἐν
1247 4452 1342 4516 παντὶ
1358 4450 1390 4516 δὲ

1296 4559 1391 4615 ”Q
