2924 4972
124 238 169 304 48
484 243 755 304 mmm
792 233 1005 321 Κεφροῖιε.

123 349 194 425 τοὺς
216 350 294 415 εἴπεν
316 347 419 424 αὐτοῖς
443 349 522 413 κατὰ
545 350 585 413 τὰ
607 345 725 434 ῥήματα
757 350 865 434 λείφθη
877 354 915 443 τῇ
932 375 1020 436 μητρι
1037 377 1149 430 αυτου,
1173 356 1242 417 οδε
1260 355 1361 440 πατὴρ

123 436 230 496 ταῦτα.
244 435 294 497 7οῖ
305 432 337 496 δέ
349 429 435 495 εἶπαν
447 429 539 514 αὐτῷ.
554 435 632 496 ἴνατί
643 432 727 497 λαλεῖ
757 430 848 497 αὐτόν
861 427 1015 517 ἠγάπησεν.
1029 433 1147 510 22είπας
1158 432 1195 499 δέ.
1202 447 1264 510 τοῖς
1273 444 1364 503 παισί

125 510 253 600 όκιίρως
265 514 343 580 κατὰ
363 514 402 577 τὰ
419 509 538 598 ῥήματα
549 519 647 578 ταῦτα
650 544 664 594 ,·
685 511 724 598 μή
757 541 818 580 σου.
842 518 1021 594 καταγάγετε
1040 514 1132 581 αὐτὸν
1148 517 1285 603 πρδςμέ,
1311 523 1363 584 καί

121 601 235 673 γένοιτο
250 609 313 672 τοῖς
329 602 415 661 παισί
433 623 486 661 σου
505 601 625 680 ποιησαι
646 599 724 662 κατὰ
756 599 943 680 έπιμείοῡμαι
955 597 1059 664 αὐτοῦ.
1084 602 1114 641 22
1126 602 1177 664 καί
1189 601 1305 684 εἴπαμεν
1317 606 1363 687 τῷ

121 681 157 745 τό
174 684 253 764 βῆμα
270 685 369 745 τοῦτο.
393 679 446 742 2εῖ
463 677 505 744 τό.
512 678 564 761 μέν
575 675 723 765 ἀργύριον,
756 686 855 765 κυρίῳ.
877 680 913 746 οὐ
925 676 1073 766 δυνήσεται
1086 681 1123 747 τό
1136 685 1255 748 παιδίον
1267 710 1362 749 κατα-

121 759 141 826 δ
162 764 279 849 είίρσμεν
303 765 335 827 έν
357 770 420 836 τοῖς
437 766 616 846 μαρσίπποις
633 759 723 845 ἡμῶν,
755 763 848 827 λιπεῖν
866 762 920 829 τόν
931 767 1049 850 πατέρα
1066 761 1169 830 αιἰτοῦ.
1195 763 1248 830 ἰόν
1262 766 1293 830 δέ
1306 795 1361 832 κα-

121 843 345 931 ἀπεστρέψαμεν
354 845 428 930 πρὸς
441 845 474 910 σε’
483 847 515 908 έκ
523 849 575 927 γῆς
585 845 722 922 Χαναὰν,
755 845 1359 938 ταλίπητόνπατέρα,ἀποθανεῖται22σιί

120 935 185 1005 πῶς
194 928 232 994 ἂν
241 929 397 1032 κίκζψαιμεν
407 931 505 1032 ε’·κλτοῦ
515 929 597 993 οἴκου
606 933 662 992 τοῦ
671 955 722 991 κυ-
754 929 787 993 δὲ
799 926 957 1029 εἶπαςὶτοῖς
967 936 1055 995 παισί
1064 955 1125 995 σου.
1139 929 1191 995 ἐόν
1198 928 1360 1034 μηκαταβῇ

120 1018 185 1095 ρίου
203 1039 257 1078 σου
277 1035 416 1098 αργυριον
433 1016 595 1095 ηχρυσίον,·
621 1007 718 1096 2παρ’
755 1007 910 1092 όᾶδελφος
923 1008 1004 1094 ὑμῶν
1015 1008 1033 1076 ό
1046 1008 1182 1098 νεαίτερσς
1193 1025 1252 1096 μεθ
1271 1009 1359 1097 ὑμῶν,

119 1088 196 1174 ᾧᾶν
207 1092 292 1187 εόρης
308 1093 344 1158 τό
363 1090 449 1159 κόνδυ
461 1098 521 1157 τῶν
531 1093 648 1157 παίδων
658 1119 721 1170 σου,
753 1091 790 1157 οὗ
815 1089 1021 1216 προςδηοεσθε
1046 1095 1114 1158 ἰδεῖν
1139 1093 1174 1159 τό
1199 1093 1360 1182 πρόςωπόν

118 1177 341 1261 ἀποθνησκέτω.
371 1178 423 1240 καί
444 1170 521 1258 ἡμεῖς
541 1174 573 1240 δέ
591 1171 722 1257 ἐσόμεθα
752 1201 818 1258 μου.
852 1174 986 1252 2ἐγένετο
999 1172 1128 1259 δέῖηνίκα
1139 1175 1360 1264 ἆνέβημενπρός

116 1263 218 1337 παῖδες
243 1264 287 1343 τῷ
303 1266 394 1347 κυρίῳ
412 1254 500 1342 ημῶν.
526 1254 584 1322 22ό
602 1257 634 1322 δὲ
651 1256 721 1322 εἷπε.
753 1256 806 1322 τόν
815 1255 910 1323 παῖδά
921 1285 974 1325 σου
983 1261 1101 1344 πατέρα
1114 1256 1204 1342 ἴημιῖν,
1218 1261 1359 1345 ἀπηγγεί-

117 1347 167 1408 καῖ
179 1349 229 1408 νῦν
242 1341 282 1419 ὡς
294 1344 403 1421 ίέγετε,
421 1338 516 1414 οἴίτως
528 1345 620 1406 ἐσται.
646 1339 717 1425 παρ’
753 1340 842 1422 λαμεν
871 1339 955 1424 αὐτῷ
980 1342 1019 1408 τό
1045 1341 1163 1428 βήματα
1183 1348 1238 1408 τοῦ
1258 1351 1360 1430 κυρίου

117 1419 142 1504 ᾧ
157 1425 193 1489 ἂν
205 1423 312 1508 εὑρεθῆ
323 1423 358 1489 τό
371 1418 466 1499 κόνδυ,
479 1424 561 1486 ἔσται
572 1447 629 1504 μου
640 1434 721 1497 παῖς,
753 1418 842 1507 ἡμῶν.
867 1426 897 1468 22
910 1424 970 1490 εἷπε
982 1425 1015 1491 δὲ
1027 1421 1044 1491 ό
1057 1425 1158 1512 πατὴρ
1169 1422 1259 1510 ἡμῶν.
1273 1429 1359 1515 βαδί-

118 1507 195 1591 ὑμεῖς
206 1507 239 1572 δὲ
251 1498 351 1572 ὲόέσθε
364 1510 504 1589 καθαροί.
524 1506 606 1569 11καί
617 1508 721 1569 ι”σπευ-
754 1531 823 1570 σατε
840 1503 930 1572 πόλιν
949 1510 1000 1573 καί
1014 1505 1181 1593 ἀγοράσατε
1192 1508 1259 1593 ἡμῖν
1269 1507 1358 1596 μικρίι

118 1614 188 1667 σαν,
213 1589 264 1655 καῖ
281 1588 424 1655 καθεῖλον
436 1591 557 1662 ἕκαστος
576 1587 628 1652 τόν
644 1582 720 1673 μοίρ-
752 1586 905 1685 βρώματα.
929 1591 961 1633 22
974 1587 1051 1674 ἡμεῖς
1063 1591 1095 1656 δὲ
1110 1593 1231 1672 εἴπομεν.
1258 1592 1294 1657 οὐ
1307 1595 1359 1658 δυ-

117 1698 227 1741 σιππον
237 1671 333 1739 αὐτοῦ
344 1673 394 1737 ἐπί
407 1668 459 1754 την
469 1673 530 1753 γῆν.
544 1671 595 1735 καί
605 1669 721 1753 ἤνοιξαν
753 1684 904 1755 νησομεθα
929 1677 1101 1776 καταβῆναι.
1142 1671 1205 1738 ἀλλ’
1229 1680 1254 1738 εί
1270 1672 1357 1757 με’νό

116 1751 587 1840 έκαστσςτὸνμόρσιππσναύτοῦ.
602 1749 720 1857 22ἡρεό-
753 1747 877 1837 ἀδελφός
894 1753 975 1839 ἡμῶν
993 1781 1010 1820 ο
1030 1751 1165 1841 νειότερσς
1190 1762 1358 1843 καταβαίνει

116 1864 180 1923 νησε
194 1839 226 1904 δὲ
243 1837 306 1904 σἰπὸ
319 1842 374 1903 τοῦ
384 1838 580 1945 πρεσβυτέρου
593 1833 719 1922 ἄρξαμε·
751 1835 815 1910 μεθ
830 1835 921 1921 ἡμῶν,
933 1836 1172 1927 καταβησόμεθα.
1187 1840 1293 1926 οὐγὰρ
1307 1843 1359 1906 δυ-

115 1945 179 1997 νος,
202 1927 257 1999 ἕως
269 1909 359 2007 ἦλθεν
371 1924 421 1984 ἐπι
433 1943 486 1984 τον
499 1914 643 2006 νεώτερον.
669 1921 720 1985 καὶ
752 1916 901 2004 νησόμεδα
921 1923 989 1986 ίδεῖν
1005 1921 1040 1987 τό
1056 1918 1216 2008 πρόςωπον
1232 1929 1287 1989 τοῦ
1304 1923 1357 1988 όν-

115 1997 179 2092 εόρε
203 2005 239 2069 τό
265 2000 351 2070 κόνδυ
373 2007 404 2068 έν
421 2012 465 2086 τῷ
482 2009 646 2087 μαρσίππῳ
665 2005 721 2068 τοῦ
751 2000 896 2089 δριόπου,
919 2009 975 2070 τοῦ
987 2004 1117 2086 ἀδελφοῦ
1128 2002 1209 2090 ἡμῶν
1221 2011 1276 2072 τοῦ
1287 2031 1358 2072 νεω-

115 2093 262 2171 Βενιαμίν.
288 2089 377 2153 12καῖ
395 2089 544 2172 διέρρηξαν
561 2085 599 2151 τόι
619 2083 721 2168 ἴμσίτια
752 2091 840 2173 τέρου
851 2087 890 2172 μη
903 2086 988 2162 όντος
999 2088 1061 2171 μεθ’
1078 2085 1165 2173 ἡμων.
1183 2092 1212 2133 ²⁷
1221 2089 1281 2155 εἷπε
1293 2088 1356 2155 δὲό

115 2171 223 2248 αὐτῶν,
236 2173 287 2236 καί
295 2174 445 2254 ἐπέθηκαν
453 2175 576 2246 ἕκαστος
584 2170 637 2234 τόν
644 2166 721 2256 μόρ-
752 2183 824 2246 παῖς
834 2197 887 2236 σου
898 2169 998 2258 πατὴρ
1010 2168 1090 2275 ἡμων
1098 2170 1174 2258 πρός
1184 2168 1267 2256 ἡμᾶς.
1280 2169 1357 2256 δμεῖς

116 2279 225 2322 σιππσν
236 2253 333 2319 αὐτοῦ
344 2256 394 2319 ἐπὶ
407 2252 459 2317 τὸν
470 2251 538 2317 όνον
550 2250 655 2330 αὐτοῦ,
670 2254 721 2317 καί
751 2249 900 2332 γινώσκετε
924 2251 970 2318 ότι
994 2257 1049 2320 δυο
1073 2259 1149 2320 ἔτεκε
1172 2282 1221 2339 μοι
1238 2254 1256 2340 ἢ
1274 2256 1355 2340 γυνη,

116 2341 298 2422 έπέστρεψαν
310 2343 349 2414 είς
360 2336 414 2441 τῖην
423 2333 517 2401 πόλιν.
530 2335 679 2419 “deme
689 2334 720 2401 δὲ
753 2339 783 2380 22
796 2337 848 2400 καί
860 2338 981 2421 ἐξῆλθεν
993 2335 1010 2402 ό
1024 2338 1063 2413 είς
1074 2336 1126 2403 ἀπ’
1140 2340 1220 2421 ἐμοῦ.
1244 2342 1296 2403 καῖ
1315 2342 1356 2404 εἴ-

113 2415 228 2497 Ἰοόδας
252 2422 303 2485 καί
327 2425 359 2486 ol
378 2420 502 2501 αδελςοῖ
526 2416 621 2484 αὐτοῦ
645 2417 721 2504 πρὸς
752 2444 828 2484 πατε
841 2415 887 2485 ότι
896 2416 1102 2526 θηριόβρωτος
1110 2425 1232 2527 νέμοιεν,
1241 2425 1292 2487 καί
1301 2421 1356 2488 οὐκ

111 2503 225 2588 Ἰωσὴφ
238 2506 281 2569 ἔτι
297 2502 393 2569 αὐτοῦ
404 2504 489 2578 ὄντος
501 2505 567 2580 ἐκεῖ,
590 2504 642 2567 καί
653 2506 721 2567 έπε-
754 2503 816 2568 ἴδον
828 2501 919 2569 αὐτόν
931 2507 998 2591 ιίχρι
1012 2507 1069 2569 νῦν.
1087 2507 1174 2569 22ἐαν
1183 2494 1237 2571 οὖν
1248 2501 1355 2593 λάβητε

116 2612 167 2653 σον
179 2592 310 2655 ἐναντίον
322 2588 415 2652 αὐτοῦ
429 2588 479 2651 ἐπί
490 2584 543 2668 τὴν
551 2589 612 2668 γῆν.
626 2589 654 2630 ¹⁵
660 2584 720 2650 εἷπε
753 2589 804 2652 καί
815 2592 922 2653 τοῦτον
934 2592 965 2653 ἐκ
977 2592 1031 2654 τοῦ
1042 2583 1201 2674 πρσςιόπου
1208 2615 1282 2694 μου,
1304 2591 1356 2654 καῖ

115 2670 147 2735 δὲ
161 2669 262 2745 αὐτοῖς
271 2665 390 2753 Ἰωσήφ.
405 2676 436 2733 τί
448 2668 482 2732 τό
496 2674 619 2773 πρᾶγμα
629 2673 720 2733 τοῦτο
753 2675 847 2755 συμβῇ
859 2670 943 2753 αὐτῷ
962 2672 1093 2752 μαλακία
1107 2675 1186 2755 ἰντῆ
1204 2674 1282 2756 οδῴ,
1305 2675 1356 2738 καῖ

115 2748 270 2834 ἐποιήσατε
274 2781 286 2828 ,·
311 2751 365 2817 οὐκ
390 2751 488 2815 οἴδατε
510 2753 557 2815 ότι
573 2755 720 2836 οἴωνισμῷ
752 2741 894 2831 κατόξετέ
901 2777 958 2834 μου
970 2753 1109 2858 τόρηρας
1120 2746 1192 2835 μετ’δι
1204 2751 1297 2860 λύπης
1316 2762 1355 2832 είς

115 2838 269 2898 οῖωνιεῖται
300 2831 317 2897 ό
344 2831 520 2919 ἅνθρωπος,
558 2859 575 2898 ο
643 2830 719 2914 ἐγῶς
752 2832 834 2919 ᾅδου.
874 2836 905 2878 22
918 2838 969 2898 νῦν
991 2859 1043 2901 ουν
1066 2835 1119 2898 ἐὰν
1142 2841 1355 2922 εἰσπορευωμαι

113 2915 216 2983 12εἷπε
235 2916 268 2982 δῖ
289 2911 412 2990 Ἰσίδας.
436 2921 468 2980 τί
487 2915 657 3002 ἇντερσῦμεν
673 2921 719 3001 τῷ
750 2919 826 3004 πρὸς
838 2915 891 2982 τόν
901 2912 997 2984 παῖδσῖ
1010 2945 1073 3024 σουξ
1090 2922 1208 3022 πατέρα
1220 2919 1251 2984 δέ
1265 2917 1354 3004 ἡμῶν,

113 3008 204 3086 κυρίῳ
223 3000 241 3084 ἢ
260 3006 290 3064 τί
304 2995 493 3085 λαλησομενῆ
507 3007 538 3066 τί
548 3002 718 3066 δικαιωθῶ-
749 3003 800 3066 καί
817 2999 851 3066 τό
869 3002 988 3067 παιδίον
998 3000 1038 3086 μη
1052 3028 1071 3093 η
1086 3000 1149 3084 μεθ’
1169 3007 1265 3086 ημῶν,
1290 3003 1354 3089 ἡδὲ

112 3107 177 3165 μεν,·
203 3081 304 3158 όθεός
322 3081 354 3147 δὲ
371 3074 435 3167 εὗρε
452 3082 504 3168 την
526 3082 641 3150 ἀδικίαν
657 3087 717 3149 τῶν
749 3080 829 3168 ψυχὴ
841 3080 936 3151 αὐτοῦ
948 3088 1122 3171 ἐκκρέμαται
1138 3088 1170 3151 ἐκ
1183 3092 1234 3169 τῆς
1244 3084 1352 3153 τούτου

110 3168 227 3230 παίδων
239 3192 300 3232 σου.
317 3161 381 3230 ἴδοό
394 3169 476 3248 ἴσμεν
487 3172 596 3233 οἰκέται
609 3172 654 3232 τιό
664 3194 716 3232 κυ-
748 3171 852 3274 ψυηης,
876 3169 904 3209 ³¹
916 3170 968 3232 καί
979 3172 1063 3235 ἔσται
1076 3172 1107 3233 έν
1118 3173 1163 3252 τῷ
1182 3171 1251 3235 ίδεῖν
1263 3164 1353 3235 αἴιτόν

110 3254 166 3334 ρίῳ
180 3245 276 3332 ἡμῶν,
301 3250 352 3314 καί
364 3244 456 3331 ἡμεῖς,
481 3253 531 3316 καὶ
542 3249 611 3337 παρ’
627 3237 714 3335 ᾦεό-
745 3246 784 3334 μὴ
798 3276 833 3317 ον
844 3247 881 3315 τό
893 3253 1012 3317 παιδίον
1022 3250 1086 3336 μεθ’
1102 3248 1197 3335 ἡμῶν,
1221 3249 1350 3338 τεῖευτη-

110 3335 187 3416 ρέθη
204 3329 239 3397 τό
257 3328 350 3398 κόνδυ.
377 3334 404 3375 ¹²
416 3333 476 3400 είπε
489 3330 649 3417 δὲ’]ωσὴφ.
673 3331 712 3437 μη’
746 3359 802 3412 σει,
827 3336 878 3399 καί
890 3329 1063 3413 κατόξουσιν
1081 3339 1112 3401 οῖ
1123 3335 1226 3411 παῖδές
1243 3361 1297 3401 σου
1315 3333 1351 3401 τό

107 3441 156 3497 μοι
168 3419 281 3492 γένοιτο
292 3419 415 3499 ποιησαι
427 3414 462 3483 τό
475 3422 553 3505 ρ’ῆμα
568 3422 667 3484 τοῦτο.
694 3443 712 3480 ο
744 3424 837 3503 γῆρας
848 3421 905 3484 τοῦ
913 3415 1019 3496 παιδός
1027 3444 1090 3502 σου,
1099 3417 1253 3504 πατρδςδὲ
1263 3420 1350 3505 ημῶν,

107 3498 283 3585 ἅνθρωπος,
306 3498 377 3585 παρ’
393 3492 420 3583 ᾧ
438 3498 546 3588 εὑρέθη
562 3502 598 3565 τό
616 3495 712 3578 κόνδυ,
744 3499 816 3583 με’τόι
829 3498 922 3584 λύπης
934 3507 972 3578 εἴς
985 3501 1068 3568 ιίδου.
1085 3498 1138 3586 22ό
1149 3497 1189 3580 γόι
1217 3514 1288 3576 παῖς
1298 3527 1351 3565 σου

108 3582 197 3660 αὐτὸς
215 3589 295 3650 ε”σται
313 3609 370 3666 μου
388 3594 469 3660 παῖς.
495 3580 572 3665 ὑμεῖς
590 3582 621 3648 δὲ
638 3578 712 3648 ἆνό-
744 3580 830 3671 παρὰ
842 3588 897 3648 τοῦ
908 3565 1038 3671 πατρός,
1056 3585 1162 3661 urm,
1189 3528 1348 3648 ἴκδέδειιται

106 3670 174 3751 βητε
190 3666 263 3748 μετὰ
281 3670 428 3749 σωτηρίας
443 3665 520 3749 πρὸς
532 3665 584 3729 τόν
595 3669 712 3752 πατέρα
744 3663 780 3731 τό
792 3668 918 3732 παιδίον.
941 3665 1041 3750 ἕδνμῆ
1055 3664 1159 3743 &roim
1172 3663 1262 3730 αὐτόν
1273 3665 1350 3752 πρὸς

107 3745 195 3829 ὑμῶν.
217 3746 409 3825 mantuae&
423 3746 507 3832 αὒτῷ
515 3744 631 3824 Ἰούδας
640 3748 709 3814 είπε.
744 3747 795 3826 σὲ,Ι
818 3751 869 3815 καί
893 3745 995 3832 στήσω
1020 3745 1112 3815 αὐτόν
1137 3744 1262 3814 ἐνιόπιόν
1284 3776 1349 3827 σου,

105 3832 208 3913 δέομαι
227 3826 314 3916 κύριε.
340 3827 499 3914 λαδησσίτω
524 3828 541 3896 ό
567 3845 639 3908 παῖς
658 3859 710 3898 σου
744 3828 917 3918 ἦμαρτηκιός
929 3836 1030 3914 ε’ίιομαι
1043 3835 1082 3908 είς
1094 3831 1146 3897 τόν
1157 3836 1276 3920 πατέρα
1287 3829 1348 3898 ποί-

105 3917 184 4000 ρἤα
201 3917 331 3979 ἐναντίον
345 3941 412 3992 σου,
438 3918 488 3981 καί
506 3917 546 4000 μη
564 3920 710 3998 θυμωθῆς
743 3941 797 3991 σας
809 3913 863 3991 τός
875 3913 993 4001 ἢαέρας.
1019 3917 1048 3960 22
1061 3920 1112 3980 νῦν
1127 3904 1179 3981 οὖν
1189 3921 1349 4003 παραμενῶ

104 4002 150 4081 τῷ
162 3998 248 4062 παιδί
259 4023 326 4072 σου,
352 3993 398 4062 ὅτι
411 3996 447 4063 σὺ
459 3998 488 4063 εἴ
495 3999 568 4081 μετὰ
584 3991 708 4082 ψαραίό.
742 4024 788 4063 σοι
799 4012 871 4075 παῖς
884 3977 950 4064 όντῖ
962 4004 1017 4064 τοῦ
1028 4001 1158 4075 παιδίου,
1171 4003 1284 4083 οῖκέτης
1293 4005 1347 4065 τοῦ

105 4075 226 4166 22κόριε,
239 4077 276 4145 σὺ
288 4074 517 4164 ἴηριότησαςτοός
527 4077 637 4157 παῖδάς
647 4107 709 4161 σου,
741 4088 850 4168 κυρίου.
876 4080 912 4148 τό
938 4082 970 4148 δὲ
986 4085 1105 4149 παιδίον
1121 4080 1260 4170 ἀναβὴτω
1276 4081 1348 4166 μετὰ

105 4162 206 4240 λέγων.
238 4167 263 4226 εἴ
287 4166 361 4246 ἔχετε
382 4167 501 4250 πατέρα
522 4163 541 4248 ἢ
566 4161 708 4244 ἀδελφόν,
741 4164 1061 4247 τῶνᾶδελρῶναότοῦ.
1087 4166 1347 4253 22πιῖιςγδιρόινα-

104 4248 135 4290 20
147 4248 201 4309 καί
219 4246 336 4325 εἴπαμεν
363 4252 409 4330 τῷ
424 4254 522 4333 κυρίῳ.
549 4251 628 4313 ἔστιν
644 4245 710 4330 ημῖν
740 4245 865 4352 βησσμαι
877 4245 953 4334 πρός
963 4249 1015 4316 τόν
1023 4253 1152 4335 πατέρα,
1164 4252 1347 4316 τοῦπαιδίου

102 4328 204 4414 πατὴρ
225 4323 430 4415 πρεσβύτερος,
454 4332 506 4396 καί
522 4334 640 4397 παιδίον
655 4328 708 4416 γη-
739 4360 779 4416 μη
804 4333 889 4407 ὄντος
912 4331 976 4413 μεθ’
996 4331 1094 4416 ἦμῶν,·
1115 4340 1164 4399 ἵνα
1180 4333 1220 4416 μῖη
1238 4336 1292 4399 ἴδω
1308 4328 1346 4399 τό

102 4439 172 4499 ρους
197 4408 334 4498 νεώτερον
350 4412 449 4491 αἴιτω,
476 4414 526 4479 καῖ
544 4411 560 4479 ὁ
581 4413 708 4498 ἀδελφός
740 4414 828 4493 κακόν,
850 4412 872 4480 όῖ
884 4410 993 4501 εὑρήσει
1005 4417 1058 4481 τὸν
1069 4421 1187 4503 πατέρα
1197 4441 1262 4498 μου.

102 4495 197 4564 αὐτοῦ
207 4494 370 4575 ἀπέθανεν,
391 4481 482 4576 αἴιτός
494 4495 525 4562 δὲ
537 4493 624 4582 μόνος
638 4484 726 4571 ὑπο-ί
