2924 4972
193 245 681 310 ΠΑΡΑΛΕΙΠΟΜΕΝΩΝ
704 250 840 310 ΔΕΤΤ.
884 251 960 326 Κεφ.
975 246 1220 323 κε’.κς’.95.26.
1262 247 1328 318 459

80 366 184 467 κυρίου
209 361 260 423 καί
283 357 369 443 παρὰ
391 364 434 443 τῷ
455 357 612 445 Ἀβδεδδμ,
637 361 688 425 καί
724 359 836 444 σαλίχμ,
857 363 907 426 καί
920 364 971 427 ἐπὶ
983 357 1037 446 τίχν
1050 359 1146 447 πύλην
1160 367 1210 447 τῆς
1220 370 1330 442 γωνίας

79 471 150 522 τους
168 441 345 527 θησαυρούς
362 443 445 507 οἴκου
461 446 516 506 τοῦ
533 441 687 528 βασιλέως,
722 445 772 508 καί
785 446 835 509 ἐπί
849 443 902 527 τὴν
913 444 1010 529 πύλιχν
1023 449 1076 529 τῆς
1089 442 1255 532 φάραγγος,
1278 451 1330 514 καί

81 534 131 595 καί
154 525 224 603 τοὺς
249 522 334 600 υίοδς
358 529 420 590 τῶν
439 529 611 610 συμμίξεσιν,
637 528 688 590 καί
721 528 772 590 ἐπὶ
785 531 845 590 τῶν
855 532 979 605 γωνιῶν,
991 531 1041 594 καί
1053 535 1215 613 κατίσχυσε.
1237 532 1266 574 ¹⁰
1279 532 1330 596 καί

80 617 170 680 ἕπε’στ
202 613 309 696 ιμενείς
321 603 500 695 Σαμάρειαν.
518 610 605 674 26καί
618 610 687 714 ἑζχ-
722 604 895 692 ᾠκοδόμησε
905 607 1039 696 πύργους
1050 616 1082 678 ίν
1094 616 1132 704 τῇ
1144 608 1255 717 ἔρρ’μῳ,
1278 616 1330 680 καί

80 723 126 762 σεν
148 694 156 717 ’
179 700 290 779 μασίας
315 688 333 757 ὁ
359 697 414 758 τοῦ
438 689 528 768 Ἰωὰς
551 691 687 779 βασιλευς
723 690 887 794 ἐλατόμησε
896 688 1021 770 λάκκους
1029 694 1172 772 πολλοὺς,
1180 722 1227 761 οτι
1237 693 1329 805 κτήνχ

75 777 179 847 Ἰούδα
199 775 274 863 μετὰ
292 773 329 840 τὸ
347 773 514 842 ἀποθανεῖν
528 772 616 850 Ἰωίις
634 774 687 840 τὸν
721 775 821 841 πολλα
845 771 972 861 ὑπῆρχεν
987 774 1070 862 αὐτῷ
1089 782 1119 845 ίν
1140 778 1256 864 σεφιχλᾶ
1276 805 1329 845 και

78 870 133 930 τοῦ
150 859 281 946 Ἰωάχαζ
297 858 420 945 βασιλέα
429 856 553 944 Ἰσραὴλ
570 860 621 941 ἔνη
639 858 685 921 δε-
722 862 753 923 ἐν
764 863 801 952 τῇ
818 860 882 924 πεδι
905 864 935 936 ”,
962 862 1013 925 καί
1032 859 1233 949 ἄμπελουρνοί
1247 867 1278 929 ίν
1288 865 1328 957 τῇ

79 950 214 1012 καπέντε.
237 945 268 986 ²⁶
281 944 333 1007 καί
344 946 375 1007 οί
387 942 488 1008 λοιποί
500 938 686 1025 λόγοιἈμα-
723 941 822 1033 ὀρεινῇ
834 884 929 1007 καίνίν
941 946 986 1024 τῷ
998 942 1162 1027 Καρμήλω,
1176 944 1222 1011 ὅτι
1234 972 1329 1033 νεωρ-

81 1037 148 1095 σίου
174 1032 206 1094 οί
227 1030 342 1111 πρῶτοι
367 1028 418 1091 καί
434 1030 465 1090 οί
488 1028 605 1109 ε”σχατοι
630 1021 686 1088 ούκ
720 1015 829 1109 μὸςῆν.
854 1027 941 1089 11καί
959 1010 1329 1126 ίμένετατῴὈζίᾳδύνα.

82 1112 147 1177 ἰδοὺ
159 1112 348 1197 γεγραμμένοι
359 1111 409 1173 ἐπὶ
415 1109 530 1232 βιβλίου
540 1106 687 1194 βασιλέων
721 1134 768 1192 μις
787 1112 920 1173 ποιοῦσα
936 1106 1079 1190 πολεμον,
1103 1112 1155 1173 καὶ
1171 1115 1329 1195 ἐκπορευο-

77 1189 179 1258 Ἰούδα
191 1197 242 1258 καί
251 1187 389 1275 Ἰσραὴλς
431 1192 506 1256 7καί
519 1194 609 1273 ἐντῷ
620 1215 685 1254 και-
721 1194 793 1274 μένιχ
818 1195 857 1265 είς
878 1184 1047 1276 παράταξιν
1071 1195 1110 1265 είς
1127 1186 1256 1273 πόλεμον
1280 1195 1331 1257 καί

81 1281 125 1360 ρῷ
151 1268 176 1358 ᾧ
201 1274 314 1357 ἀπέστη
334 1271 475 1353 Ἀμασίας
493 1270 556 1338 ἇπδ
574 1279 686 1358 κυρίου,
724 1276 942 1378 είςπορευομένιχ
953 1278 993 1348 είς
1005 1269 1176 1377 παράταξιν
1188 1279 1226 1350 εἰς
1239 1272 1329 1360 ἀριθ-

80 1360 132 1422 καί
145 1361 288 1422 ἐπέθεντο
302 1353 386 1419 αὐτῶ
397 1359 541 1431 ἐπίθεσιν,
554 1357 604 1420 καί
614 1359 684 1437 ἔφυ·
722 1354 789 1441 μόν.
815 1361 867 1423 καί
879 1347 914 1441 ἦν
927 1383 945 1421 ο
960 1354 1089 1443 ἇριθμος
1101 1354 1201 1422 αὐτῶν
1213 1355 1263 1423 διὰ
1272 1382 1331 1442 χει-

79 1467 128 1519 μεν
146 1437 211 1506 ιἰπό
231 1421 426 1524 Ἰερουσαλὴμ
444 1444 483 1514 είς
498 1441 611 1523 Λαχίς,
636 1439 687 1503 καί
723 1439 873 1528 ρόςἸειὴλ
885 1445 939 1506 τού
951 1466 1031 1526 γραμ
1052 1443 1158 1516 ατέως,
1169 1442 1330 1506 καίΜαα-

80 1524 257 1590 ἀπέστειλαν
269 1517 453 1588 κατόπισθεν
465 1520 558 1588 αὐτοῦ
568 1527 607 1597 είς
615 1528 686 1586 Λα-
723 1531 790 1590 σίου
805 1528 861 1588 τού
875 1528 994 1609 κριτοῦ,
1039 1523 1069 1588 ιδ
1104 1523 1179 1609 ειρός
1190 1523 1330 1589 Ἀνανίου

77 1611 131 1711 χίς,
145 1610 196 1672 καί
208 1603 405 1672 ἐθανάτωσαν
417 1603 585 1671 αύτόνὲκεῖ.
599 1606 686 1670 28καί
722 1611 777 1672 τού
790 1604 927 1692 διαδόχου
939 1612 996 1672 τοῦ
1008 1549 1161 1694 βασιλέως.
1192 1603 1327 1684 12πᾶςό

79 1691 225 1778 ανίλαβον
243 1688 337 1755 αύτδν
355 1692 475 1755 ἐπὶτῶν
488 1694 607 1765 ἵππων,
632 1688 685 1753 καί
722 1688 850 1774 ἀριθμὸς
872 1695 933 1755 τῶν
949 1695 1141 1775 πατριαρχῶν
1159 1694 1219 1756 τῶν
1238 1692 1328 1756 δυνα-

79 1778 204 1856 ἔθαφαν
217 1772 311 1840 αὐτὸν
321 1770 394 1856 μετά
405 1777 466 1838 τῶν
477 1774 616 1860 πατέρων
626 1769 684 1839 αὖ·
722 1778 782 1839 τῶν
807 1777 846 1848 είς
869 1770 999 1877 πόλεμον
1019 1774 1149 1858 διςχίλιοι
1171 1772 1327 1850 ἑξακόσιοι,

77 1863 131 1922 τού
144 1861 175 1923 ἐν
187 1854 272 1924 πόλει
286 1858 390 1921 Δαυίδ.
721 1857 811 1922 13καί
834 1854 892 1939 μετ’
913 1861 1013 1920 αυτῶν
1035 1857 1154 1938 δύναμις
1175 1854 1327 1942 πολεμικὴ,

260 1945 335 2005 ΚΕ
348 1945 386 2004 ψ.
431 1935 502 2016 Κς’.
722 1936 890 2027 τριακόσιαι
913 1936 1037 2024 χιλιάδες
1054 1943 1104 2005 καί
1122 1941 1328 2025 ἑπτακιςχίλιοι

77 1990 132 2086 K
129 2026 159 2089 αί
178 2023 235 2089 ἔλα
256 2049 286 2089 εν
303 2029 364 2099 πᾶς
377 2020 394 2087 ὁ
408 2020 482 2098 λαός
498 2025 550 2098 τνῗς
562 2026 616 2108 γῆς
627 2019 683 2087 τόν
721 2025 772 2088 καί
785 2017 980 2089 πεντακόσιοι.
1019 2015 1105 2089 ούτοι
1130 2027 1160 2088 οί
1176 2027 1328 2098 ποιοῦντες

73 2104 243 2184 Ὀζίαν,και
257 2104 348 2182 αὐτὸς
359 2103 424 2180 υίὸς
435 2107 506 2173 ἕκκα
535 2131 587 2170 εκα
597 2109 683 2180 ἑτῶν,
721 2103 853 2189 πόλεμον
879 2107 910 2168 ἐν
929 2102 1045 2189 δυνάμει
1064 2102 1160 2191 ἰσχύος
1175 2111 1327 2193 βοηθῆσαι

77 2193 127 2254 καί
141 2190 331 2276 ἐβασίλευσαν
350 2186 445 2254 αὐτὸν
464 2187 531 2254 ἀντὶ
547 2192 604 2253 τοῦ
620 2214 683 2252 πα-
723 2193 767 2271 τῷ
796 2185 911 2274 βασιλεῖ
936 2189 987 2252 ἐπί
1020 2186 1091 2263 τούς
1128 2185 1327 2266 ὑπεναντίους.

76 2272 145 2356 τρδς
158 2271 417 2354 αὐτοῦἈμασίου.
435 2273 451 2311 ²
464 2269 555 2344 αὐτὸς
567 2263 682 2352 ᾠκοδό-
722 2270 751 2311 ¹⁴
764 2273 815 2332 καί
833 2266 993 2352 ι’χτοίμασεν
1006 2269 1109 2346 αὐτοῖς
1122 2267 1227 2349 Ὀζίας
1243 2268 1329 2367 πάσμ

77 2381 146 2456 μιχαε
170 2353 224 2437 τὴν
241 2352 367 2427 Αἰλδιθ,
394 2348 486 2426 αὐτὸς
503 2354 685 2436 ἐπέστρεφεν
723 2356 760 2444 τῇ
786 2348 904 2433 δυνάμει
927 2352 1053 2434 θυρεούς
1070 2353 1121 2416 καί
1138 2350 1253 2437 δόρατα
1278 2358 1330 2418 καλ

79 2433 175 2518 αυτὴν
186 2440 232 2516 τῷ
246 2431 351 2499 Ἰούδα
367 2432 441 2514 μετὰ
458 2431 494 2498 τό
509 2436 685 2516 κοιμηθῆναι
723 2432 953 2538 περικεφαλαίας
965 2436 1015 2497 καὶ
1027 2429 1172 2518 θώρακας
1190 2437 1241 2498 καί
1255 2429 1329 2510 τόξα

79 2517 134 2583 τὸν
158 2516 285 2603 βασιλέα
303 2513 377 2598 μετὰ
395 2519 455 2579 τῶν
470 2518 613 2596 πατέρων
630 2511 686 2578 αύ-
725 2542 776 2580 και
785 2519 824 2589 είς
833 2515 939 2589 λίθους
951 2513 1119 2616 σφενδόνας.
1132 2517 1217 2578 15καί
1227 2519 1330 2599 ἒποίιχ-

79 2605 144 2665 τοῦ.
172 2601 185 2640 ³
199 2596 262 2674 υίός
281 2599 434 2663 ἑκκαίδεκα
451 2599 526 2661 ἐτῶν
537 2598 687 2683 ἐβασίλευ-
726 2622 774 2663 σιν
784 2593 1010 2681 ίνἾερουσαλιχμ
1020 2596 1330 2682 μηχανδςμεμιχχανευ-

80 2709 129 2749 σεν
151 2681 265 2759 Ὀζίας,
291 2684 343 2746 καί
364 2677 545 2764 πεντήκοντα
563 2681 615 2745 καί
633 2675 687 2745 δύο
724 2684 813 2765 μένας
838 2679 994 2758 λομιστοῦ,
1020 2686 1077 2746 τοῦ
1101 2678 1172 2745 εἶναι
1195 2681 1245 2745 ἐπὶ
1269 2686 1330 2747 τῶν

78 2771 129 2850 ἔτιχ
154 2768 337 2853 ἐβασίλευσεν
356 2769 386 2831 ἐν
404 2762 613 2868 Ἱερουσαλβμ,
636 2765 688 2830 καί
724 2761 846 2851 πύργων
864 2764 916 2828 καί
928 2766 977 2829 ἐπί
989 2769 1049 2830 τῶν
1060 2770 1188 2842 γωνιῶν,
1211 2760 1330 2851 βάλλειν

78 2850 172 2933 ὄνομα
183 2855 219 2956 τῇ
227 2852 316 2936 μητρὶ
325 2849 421 2915 αύτού
431 2846 549 2933 Ἰεχελία
560 2845 621 2913 απὸ
628 2844 685 2913 Ἰε-
723 2848 819 2937 βέλεσι
833 2849 884 2914 καί
896 2848 995 2924 λίθοις
1006 2845 1148 2931 μεγάλοις.
1175 2852 1225 2914 καί
1237 2845 1330 2952 ι’χκού-

77 2934 241 3018 ρουσαλιχμ.
259 2935 336 2999 4καί
353 2936 473 3015 ἐποίησε
485 2929 522 2997 τό
536 2929 623 3008 εδθὲς
635 2935 685 2997 ἐν·
725 2944 786 3018 σθιχ
805 2930 823 3016 ἦ
841 2933 1004 3018 κατασκευὴ
1023 2931 1123 2999 αὐτῶν
1141 2938 1196 3010 ἕως
1213 2934 1328 3018 ποβρω.

78 3016 174 3085 ιόπιον
190 3023 293 3106 κυρίου
305 3016 382 3083 κατὰ
398 3014 498 3082 πάντα
511 3010 569 3081 όσα
581 3019 684 3128 ε’ποίχ-
724 3012 771 3082 δ’τι
781 3014 1007 3101 ἐθαυμαστώθη
1013 3021 1222 3104 τοῦβοιχθὲχναι
1229 3008 1328 3092 ίωςοῖι

78 3126 123 3166 σιν
129 3101 270 3187 Ἀμασίας
283 3098 300 3166 ὁ
314 3100 415 3188 πατὴρ
428 3100 534 3166 αὐτοῦ.
558 3101 571 3144 ⁵
584 3102 635 3166 καί
647 3125 684 3184 ην
723 3107 886 3186 κατίσχυσε.
901 3102 929 3143 ¹⁶
935 3102 985 3166 καί
998 3098 1038 3176 ὡς
1047 3108 1229 3187 κατίσχυσεν,
1241 3097 1329 3183 ὑφώ-

78 3187 204 3270 ἐκζιχτῶν
229 3186 283 3251 τόν
307 3186 409 3272 κύριον
431 3188 462 3252 ἓν
479 3196 545 3259 ταῖς
562 3180 683 3285 ᾕμίραις
721 3196 765 3268 θιχ
784 3182 924 3287 ἱχκαρδία
937 3183 1032 3249 αὐτοῦ
1050 3189 1105 3250 τοῦ
1117 3194 1327 3268 καταφθεῖραι.

77 3273 231 3355 Ζαχαρίου
249 3274 303 3334 τοῦ
323 3264 471 3344 συνιόντος
488 3272 520 3333 ἐν
533 3273 618 3352 φοβῳ
631 3293 684 3331 κυ-
721 3271 772 3333 καί
784 3269 917 3349 ηδίκιχσιν
930 3270 960 3330 ἐν
972 3273 1064 3351 κυρίῳ
1077 3272 1142 3348 θεῷ
1155 3267 1261 3340 αὐτοῦ,
1278 3269 1329 3330 καί

78 3358 158 3436 ρίου,
184 3355 236 3416 καί
251 3356 282 3417 ἐν
294 3361 360 3426 ταῖς
377 3347 498 3434 ἡμέραις
510 3349 606 3414 αύτού
619 3345 684 3433 ἐζή-
721 3351 850 3434 είςῑχλθεν
863 3353 902 3424 εἷς
914 3347 968 3414 τὸν
981 3348 1053 3412 ναὸν
1064 3354 1169 3433 κυρίου
1181 3343 1329 3429 θυμιάσαι

77 3460 149 3517 τιχσε
166 3431 219 3499 τὸν
236 3429 351 3518 κύριον,
376 3434 427 3496 καί
439 3432 588 3497 εύιόδιοσεν
601 3431 683 3513 αὐτῷ
721 3435 772 3497 ἐπὶ
796 3436 833 3495 τὸ
857 3432 1075 3514 θυσιαστήριον
1096 3435 1157 3493 τῶν
1175 3425 1329 3509 θυμιαμά-

77 3517 187 3600 κύριος.
226 3516 306 3578 6καί
331 3514 437 3596 ἐξῆλθε
455 3516 507 3579 καί
523 3513 685 3597 ἐπολέμησε
722 3540 791 3578 των.
810 3515 896 3576 17καὶ
910 3513 1043 3596 εἰςῆλθεν
1055 3510 1152 3575 ὀπίσω
1167 3509 1263 3573 αὐτοῦ
1276 3508 1329 3573 'A-

78 3601 156 3683 πρὸς
165 3595 234 3672 τοὺς
245 3593 443 3679 ἀλλοφύλους,
456 3597 507 3660 καί
515 3599 685 3661 κατέσπασε
723 3600 824 3679 ζαρίας
841 3591 858 3660 ὁ
873 3594 976 3680 ἱερεύς,
1001 3596 1051 3659 καί
1062 3619 1115 3677 μετ
1138 3618 1232 3658 αυτου
1248 3618 1330 3679 ιερεις

78 3685 118 3750 τδι
134 3689 212 3767 τείχη
228 3679 311 3756 Γὲθ,
336 3680 388 3744 καί
404 3675 444 3742 τά
460 3684 540 3781 τείχιχ
555 3676 685 3763 Ἰαβνίχρ,
722 3683 778 3743 τοῦ
798 3683 901 3762 κυρίου
922 3675 1104 3760 ὀγδοήκοντα
1122 3677 1182 3742 υίοί
1199 3677 1328 3744 δυνατοί.

79 3771 131 3835 καί
144 3767 183 3833 τὰ
196 3772 274 3868 τείχχ
282 3760 430 3839 Ἀζώτου,
454 3763 506 3826 καί
517 3758 686 3845 ῳκοδόμνχσε
722 3762 751 3804 ¹⁸
757 3763 807 3825 καί
820 3764 948 3845 ἔστησαν
961 3764 1010 3827 ἐπὶ
1020 3760 1121 3838 Ὀζίαν
1134 3756 1186 3826 τόν
1194 3761 1329 3841 βασιλέα,

79 3849 181 3926 πόλεις
193 3847 340 3926 Ἀζωτου,
364 3846 417 3911 καί
432 3849 463 3910 ἐν
474 3856 539 3919 τοῖς
552 3843 686 3924 ἆλλοφύ-
723 3845 775 3910 καί
788 3843 872 3910 είπαν
884 3842 978 3929 αὐτῷ.
1003 3843 1040 3910 ού
1053 3847 1102 3911 σοί
1117 3843 1204 3922 Ὀζία
1216 3843 1328 3929 θυμιά-

80 3934 151 4010 λοις.
190 3935 268 3998 7καί
290 3936 360 3995 κατί
413 3953 459 3995 οεν
476 3926 571 3993 αὐτὸν
588 3923 686 4013 κύριος
724 3954 775 3994 σαι
800 3932 843 4010 τῷ
868 3933 975 4012 κυρίῳ,
1000 3926 1063 3993 ἀλλ’
1083 3925 1103 4014 ἢ
1122 3940 1184 4005 τοῖς
1209 3933 1329 4012 ἱερεῦσιν

81 4020 131 4082 ἐπί
156 4015 229 4092 τούς
252 3956 457 4095 ἆλλοφύλόυς,
483 4014 534 4077 καί
551 4015 600 4078 ε’πί
616 4011 686 4088 τοὺς
724 4017 799 4088 υἱοῖς
811 4011 930 4097 Ἀαρών
942 4022 1007 4087 τοῖς
1025 4009 1211 4115 ᾗγιασμένοις
1222 4018 1327 4080 θῦσαι.

76 4100 204 4187 Ἄραβας
228 4095 298 4172 τοὺς
323 4100 536 4172 κατοικοῦντας
561 4097 611 4162 ἐπὶ
634 4100 686 4180 τῆς
723 4096 827 4172 ἔξελθε
845 4098 877 4161 ἐκ
894 4097 952 4160 τοῦ
968 4091 1166 4180 διγιασματος,
1191 4093 1237 4163 ότι
1251 4094 1328 4163 ἀπέ-

80 4188 201 4270 πέτρας,
214 4183 266 4247 καί
278 4181 327 4244 ἐπί
338 4177 408 4254 τοὺς
421 4186 591 4260 Μιναίσυς.
608 4181 686 4245 ῧκαὶ
724 4204 793 4265 στιχς
814 4176 879 4244 ἀπὸ
897 4184 1010 4263 κυρίου.
1035 4183 1087 4246 καί
1103 4180 1158 4247 οὐκ
1177 4184 1262 4246 ἔσται
1279 4208 1328 4247 σοι

82 4269 197 4334 ἔδωκαν
206 4269 237 4330 oz
246 4271 373 4329 Μιναῖοι
385 4264 468 4347 διδρα
477 4268 520 4346 τῷ
532 4262 626 4345 Ὀζία,
636 4265 687 4327 καί
722 4267 814 4328 τούτο
840 4266 879 4338 εἰς
904 4259 993 4341 δόξαν
1014 4261 1100 4353 παρά
1121 4269 1226 4348 κυρίου
1243 4270 1327 4329 θεοῦ.

80 4342 117 4435 ἦν
131 4347 167 4414 τό
180 4347 275 4430 ὄνομα
289 4345 384 4412 αὐτοῦ
398 4351 452 4420 ἕως
464 4344 575 4421 είςόδου
587 4341 687 4423 Αίνύ-
723 4346 750 4387 ¹⁹
757 4346 808 4410 καί
820 4342 1090 4449 ἐθυμώθηὈζίας,
1103 4348 1154 4410 καί
1166 4349 1196 4408 ἐν
1208 4349 1245 4436 τῇ
1256 4345 1329 4446 χειρί

78 4458 174 4505 πτου,
200 4425 246 4494 ότι
259 4435 428 4514 κατίσχυσεν
440 4433 495 4505 ἕως
508 4428 580 4494 ίίνω.
608 4429 688 4492 9καί
725 4425 820 4493 αὐτοῦ
844 4427 880 4492 τὸ
897 4440 1093 4512 θυμιατηριον
1108 4430 1163 4490 τοῦ
1184 4436 1329 4504 θυμιασαι

79 4506 267 4603 ᾠκοδόμησεν
276 4510 376 4591 Ὀζίας
387 4508 519 4600 πύργους
531 4515 561 4578 ἐν
574 4508 687 4599 Ἱερον-
724 4513 811 4595 ἓντῷ
824 4513 896 4594 ναῷ.
914 4512 966 4575 καί
978 4512 1009 4571 ἐν
1022 4514 1064 4591 τῷ
1077 4510 1258 4589 θυμωθῆναι
1272 4504 1328 4607 αὖ(

1291 4607 1348 4647 τοι
