2924 4972
159 237 223 302 ἐσυ
553 219 706 296 Poro
751 221 883 311 παρ’.
895 222 933 304 γ’.
947 227 976 289 ν.
990 225 1020 290 3.

160 332 511 435 ἓστ-ῖνῇπῦῆραφεῖσα
558 347 596 412 τά
605 351 679 413 Νωε
701 350 767 424 ίῖίξ
798 347 882 423 λεἘει,
895 349 947 410 καὶ
959 343 1014 409 ούκ
1027 339 1208 428 ῖπιτιμήσετε
1223 317 1409 453 ahtjffix‘ae'

160 433 255 519 ἀγροῦ
269 428 383 519 Μωάβ.
411 373 570 496 7καίεύόύε.
585 375 717 506 συλλιὲω
731 429 767 514 δή
799 428 942 506 συνελεξεν
961 431 992 491 ἐν
1015 432 1059 511 τῷ
1086 425 1172 512 ἀγρῷ
1212 432 1255 502 ’ως
1272 430 1408 511 εσπέρας,

160 519 210 582 καί
223 512 338 592 συνάξω
351 519 383 579 ἐν
394 525 456 590 τοῖς
465 511 630 619 δράγμασιν
642 512 769 578 ὄπισθεν
798 515 849 577 καί
861 507 1028 598 ὲρρόβδισεν
1041 506 1063 574 ἀ
1075 512 1211 617 συνελεξξ,
1221 515 1273 578 καὶ
1282 510 1407 596 ἐγενήθη

160 604 221 665 τῶν
243 591 432 683 θεριζόντων.
471 601 521 661 καὶ
539 596 614 680 ηλθε
630 600 681 661 καὶ
698 599 768 679 ἔστη
800 591 840 670 ὡς
852 599 916 675 οῖφὶ
931 597 1053 680 κριθῶν.
1079 593 1171 660 18καὶ
1183 619 1236 681 νρε
1253 599 1305 660 καὶ
1316 595 1409 679 εἰςήλ-

161 677 684 782 ἀπδπρωῖθενκαλῖωςὲσπῖρας,ού
695 704 767 744 κατ-
799 682 904 752 θενεῖς
916 677 970 782 τήν
982 673 1078 741 πόλιν.
1096 680 1148 743 καὶ
1160 640 1232 743 εἶδεν
1249 674 1259 698 ‘
1275 677 1408 762 πενθερὰ

161 770 284 831 ἔπαυσεν
298 765 329 828 ἐν
347 768 392 845 τῷ
402 761 487 846 ἀγρῷ
497 785 609 849 μικρον.
636 759 768 826 ιἐιαύεί-
799 758 892 843 αύτής
924 785 946 824 α
974 759 1115 837 συνελεξε,
1153 763 1205 826 καί
1234 705 1408 837 ἐξενέγκασα

160 872 198 912 πε
214 844 301 922 Βοάζ
316 845 394 929 πρὸς
413 840 519 911 Ῥούθ.
557 843 612 909 ούκ
638 843 770 928 ήιιουσως
794 841 892 908 Ῥούθ
903 842 1008 908 ἔδωκεν
1022 840 1099 936 αύτῇ
1117 836 1140 907 ἀ
1155 841 1307 907 κατέλιπεν
1319 844 1351 919 ἐξ
1365 835 1409 907 ιύν

162 925 294 1015 θύγατερ
299 958 311 1007 ,·
337 928 379 1013 μή
392 925 686 1020 πορευθῇςὲνάγρῷ
697 928 770 992 συλ-
800 923 978 1010 ἐνεπλήσθη.
1016 927 1109 991 1’καὶ
1125 922 1408 1021 ἀπεναύτήήπεν-

161 1013 242 1089 λίξαι
260 1013 360 1116 ἑτέρω.
387 1015 438 1077 καὶ
461 1010 496 1076 σύ
516 1009 553 1074 ού
571 1009 706 1104 πορεύσῃ
723 1012 769 1073 ίν-
799 1004 878 1116 θερά
902 1005 1003 1093 αάτής.
1033 1011 1094 1074 ποῦ
1116 1009 1267 1085 συνέλεξας
1283 1008 1409 1096 σήμερον

160 1101 277 1169 τεῦθεν,
303 1076 360 1159 ωδε
379 1092 542 1178 κολλήθητι
558 1092 631 1176 μετὰ
643 1099 703 1158 τῶν
715 1117 769 1157 κο-
800 1117 851 1156 και
867 1096 929 1156 ποῦ
946 1094 1089 1175 ἐποίησας
1093 1120 1106 1171 ,·
1132 1092 1175 1176 εἴη
1193 1090 1211 1156 ό
1226 1090 1363 1171 ἐπιγνούς
1376 1119 1409 1158 σε

161 1185 272 1282 ρασίων
282 1202 346 1259 μου.
360 1180 414 1242 9οῖ
427 1175 586 1259 ὀφθαλμοί
597 1202 652 1241 σου
664 1180 703 1252 εῖς
714 1175 769 1240 τὸν
800 1174 1000 1260 εὐλογημένος.
1026 1178 1078 1241 καί
1096 1170 1242 1260 ἀνήγγειλε
1254 1172 1353 1241 Ῥούθ
1370 1183 1406 1258 τή

162 1260 255 1348 αγρόν
272 1251 310 1324 ού
328 1259 381 1325 ίάν
397 1262 548 1345 θερίζωσι,
573 1263 624 1324 καὶ
635 1255 769 1352 πορεύσῃ
798 1262 933 1343 πενθερᾷ
943 1255 1035 1342 αύτής
1046 1260 1110 1322 ποῦ
1121 1260 1254 1364 ἐποίησε,
1271 1262 1323 1326 καὶ
1335 1248 1407 1325 ελπύ.

160 1339 342 1408 κατόπισθεν
360 1341 469 1407 αύτσῦν.
504 1341 570 1408 ἰδού
588 1337 769 1426 ἐνετειλάμην
799 1339 835 1405 τό
850 1339 945 1424 όνομα
957 1344 1013 1405 τοῦ
1025 1338 1134 1427 ἀνδρὸς
1144 1353 1204 1424 μεθ
1229 1333 1266 1406 ού
1279 1344 1409 1425 ἐποίησα

161 1438 226 1501 τοῖς
237 1427 407 1505 παιδαρίοις
424 1429 479 1490 τοῦ
494 1423 535 1508 μή
548 1421 768 1510 άφαοθαίσου.
800 1419 933 1526 σήμερον,
951 1419 1045 1501 Βοόζ.
1074 1423 1408 1519 2θεῖπεδὲίλίωεμὶντή

161 1513 212 1572 καὶ
224 1504 273 1571 ὅτε
286 1503 417 1590 διψήσας
428 1511 479 1572 καί
491 1503 665 1593 πορευθήση
677 1512 717 1582 εἷς
729 1505 769 1572 τά
800 1529 897 1602 νυμφῃ
913 1504 1013 1610 αύτῦης.
1040 1503 1199 1591 εύλογητός
1216 1512 1278 1575 ε’στι
1296 1515 1340 1592 τῷ
1355 1536 1409 1574 κυ·

162 1585 266 1673 σκεύη,
290 1592 342 1655 καὶ
360 1595 459 1655 πίεσαι
477 1585 550 1654 όθεν
561 1586 612 1656 ε’άν
625 1573 769 1675 ύδρεύων-
800 1596 871 1675 ρίιρ,
895 1582 940 1656 ὅτι
953 1614 1008 1653 ουκ
1021 1590 1192 1666 ἐγκατιλιπε
1204 1591 1241 1656 τὸ
1260 1593 1340 1667 ἔλεος
1352 1591 1409 1657 αύ·

162 1699 211 1738 ται
234 1672 274 1736 τά
299 1670 453 1759 παιδάρια.
491 1674 584 1739 10καί
603 1676 704 1740 ἔπεσεν
720 1675 770 1739 ἐπί
800 1676 855 1737 τοῦ
877 1671 952 1758 μετά
975 1675 1036 1736 τιῦν
1053 1668 1170 1748 ζεόντων
1189 1679 1239 1740 καί
1256 1675 1330 1758 μετά
1347 1680 1409 1740 τῶν

161 1753 322 1841 πρόςωπον
346 1754 454 1839 αύτής,
485 1760 536 1822 καί
561 1752 770 1842 προςεκύνησεν
800 1750 999 1841 τεθνηκότων.
1026 1759 1077 1822 καί
1094 1755 1172 1822 εἶπεν
1185 1755 1261 1850 αύτῃ
1275 1762 1406 1838 Νωεμίν.

162 1841 213 1905 ἐπὶ
224 1839 280 1942 τήν
290 1843 360 1923 γήν,
385 1836 546 1904 καὶεῖπεπ
573 1835 713 1914 ’ςαύτόν
738 1845 770 1904 τί
800 1841 904 1918 ἐγγίζει
914 1835 1107 1925 ήμῖνῦάνήρ,
1117 1844 1149 1905 ἐκ
1158 1835 1408 1924 τῶνάγχιστευόν-

164 1918 213 1986 ὁέι
225 1945 313 2006 ευρον
323 1917 408 2006 χάριν
422 1924 453 1985 ἐν
465 1919 553 2003 ὄφθα
570 1933 637 2006 μοῖς
650 1948 704 1988 σου
713 1928 768 1987 τοῦ
800 1948 861 1988 των
873 1919 942 2007 ήμῖν
953 1925 1025 1988 ἔστι.
1049 1925 1076 1965 ²¹
1088 1927 1138 1987 καὶ
1150 1921 1211 1986 εἷπε
1220 1919 1318 1988 Ῥούθ
1327 1920 1409 2004 πρὸς

164 2008 321 2082 ἐπιγνῶναί
328 2029 373 2086 με,
386 2007 436 2069 καὶ
448 2002 507 2082 ἐγιό
520 2009 575 2089 εἰμι
588 2008 669 2088 ξένης
688 2010 770 2071 11καί
801 2006 856 2089 τήν
872 2002 1020 2091 πενθερόν
1036 2002 1136 2089 αάτής.
1161 2011 1213 2070 καί
1230 2031 1262 2083 γε
1281 2002 1328 2070 ότι
1346 2005 1409 2071 εἶπε

162 2084 313 2172 ἀπεκρίθη
322 2087 417 2164 Βοὸζ,
427 2091 478 2153 καὶ
486 2087 563 2153 εἶπεν
572 2087 658 2154 πότ’.
672 2086 769 2166 άπαγ·
800 2085 876 2174 πρός
887 2089 933 2173 με’,
945 2086 1019 2171 μετὰ
1029 2091 1089 2153 τῶν
1098 2094 1247 2176 κορασίων
1257 2094 1318 2153 τῶν
1329 2093 1408 2169 ἐμιῦν

161 2171 246 2254 γελίᾳ
256 2171 409 2256 άπηγγελη
419 2194 468 2252 μοι
478 2166 536 2236 όσα
546 2116 709 2256 πεπούηκας
717 2198 768 2256 με-
800 2170 1040 2256 προςκολλήθητι
1054 2177 1109 2246 ἕως
1121 2171 1157 2236 ἀν
1169 2174 1325 2237 τελέσωσιν
1336 2169 1409 2238 ὅλον

162 2252 202 2318 τὰ
214 2259 265 2336 τής
278 2259 423 2340 πενθερᾶς
440 2279 494 2319 σου
509 2254 582 2337 μετὰ
595 2253 632 2319 τό
645 2255 769 2321 άποθα-
801 2254 854 2321 τὸν
866 2254 981 2339 ἀμητόν
994 2253 1028 2329 ὃς
1042 2251 1164 2339 ύπάρχει
1175 2281 1236 2359 μοι.
1250 2258 1336 2321 ”nal
1348 2255 1409 2321 εἶπε

161 2345 219 2401 νεῖν
232 2335 287 2401 τόν
299 2336 393 2423 ἀνδρα
406 2363 470 2403 σου.
482 2343 534 2403 καὶ
545 2339 770 2415 πιῦςιιατελιπες
801 2342 923 2422 Νωεμὶν
939 2337 1016 2421 πρὸς
1036 2332 1135 2401 Ῥούθ
1151 2363 1206 2421 την
1221 2334 1337 2423 νύμφην
1353 2341 1408 2404 αῦ-

161 2416 216 2483 τόν
228 2423 355 2507 πατέρα
372 2445 427 2486 σου
445 2425 496 2487 καὶ
512 2421 568 2506 τήν
583 2424 698 2508 μητέρα
715 2447 769 2487 σου
802 2426 861 2504 τῆς.
899 2415 1018 2498 ἀγαθόν
1042 2415 1191 2505 θύγατερ,
1217 2417 1262 2486 ότι
1289 2423 1409 2506 ἐξῆλθες

161 2506 211 2568 καί
223 2500 278 2588 τήν
289 2508 345 2587 γῆν
355 2501 488 2583 γενέσεως
501 2531 566 2581 σου,
579 2510 630 2570 καί
642 2503 751 2593 ἐπορεύ
800 2503 873 2589 μετὰ
891 2507 952 2567 τῶν
972 2506 1121 2588 κορασίων
1144 2503 1255 2581 αὐτοῦ,
1286 2510 1337 2572 καί
1354 2502 1409 2570 ούκ

160 2595 220 2669 θης
235 2587 313 2672 πρὸς
325 2585 400 2653 λαόν
413 2584 449 2654 ἀν
461 2586 517 2653 ούκ
530 2588 609 2681 ᾔδεις
621 2588 706 2694 ε’ῃθές
719 2591 771 2653 καὶ
802 2583 1028 2672 ἀπαντήσονταῖ
1056 2612 1103 2650 σοι
1133 2589 1164 2653 ἐν
1193 2585 1279 2674 ἀγρῷ
1303 2590 1406 2674 ἑτέρῳ.

160 2674 270 2751 τρίτης.
295 2673 323 2711 ¹²
336 2669 481 2735 ἀποτῖσαι
493 2668 591 2755 κύριος
609 2696 664 2756 την
680 2675 770 2757 ἔργα·
800 2673 888 2737 23καὶ
899 2665 1121 2755 προςεκολλήθη
1129 2666 1229 2735 Ῥούθ
1240 2683 1301 2746 τοῖς
1314 2697 1408 2756 κορα-

162 2756 228 2814 σίαν
242 2776 304 2815 σου.
329 2755 444 2829 γίνοιτο
462 2751 480 2816 ύ
496 2751 603 2834 μισθός
622 2781 675 2820 σου
692 2748 771 2857 πλή-
802 2760 876 2829 σίοις
888 2757 943 2818 τοῦ
955 2752 1042 2829 Βοόζ
1056 2758 1110 2816 τοῦ
1124 2753 1271 2830 συλλέγειν
1284 2758 1340 2828 ἕως
1351 2758 1408 2818 τοῦ

160 2831 311 2936 ρηςςπαρά
326 2840 430 2920 κυρίου
442 2839 516 2899 θεοῦ
533 2834 668 2921 Ἰσραήλ,
693 2862 770 2922 προς
802 2836 969 2902 συντελέσαι
992 2832 1045 2901 τὸν
1060 2833 1199 2921 θερισμόν
1215 2840 1276 2900 τῶν
1291 2842 1409 2918 κριθῶν

162 2911 197 2978 ὃν
212 2915 303 2998 ηλθες
319 2921 497 2984 πεπωθέναι
517 2914 575 2984 ἀπὸ
593 2921 649 2997 τὰς
660 2923 769 3003 πτέρυ·
799 2921 852 2985 καὶ
864 2924 926 2984 τῶν
935 2923 1048 3005 πυρῶν.

159 3023 215 3075 νας
227 2996 332 3064 αὐτοῦ.
361 2998 567 3084 13ήδὲεῖπεν.
591 3001 701 3110 εύροιμι
713 2998 768 3088 χά-
996 3008 1070 3067 ΚΕ
1084 3007 1122 3066 Φ.
1164 2995 1215 3065 Γ.

160 3105 207 3163 ριν
219 3084 251 3144 ἐν
262 3078 434 3164 ὀφθαλμοῖς
446 3108 500 3148 σου
513 3082 608 3169 κύριε,
628 3083 675 3152 ότι
687 3112 769 3171 παρ·
799 3053 886 3152 Καὶ
897 3082 1032 3151 ἐκάθισεν
1042 3083 1116 3166 μετά
1131 3090 1183 3169 τῆς
1191 3088 1337 3170 πενθεροῖς
1350 3083 1406 3150 αύ-

160 3157 298 3237 εκάλεσάς
305 3187 350 3246 με,
359 3168 411 3228 καὶ
422 3161 469 3230 ότι
482 3167 626 3250 ὄλάλησας
636 3173 685 3235 ε’πὶ
694 3195 767 3255 καρ-
799 3173 860 3274 τής.
882 3175 895 3210 ¹
907 3168 968 3233 εἶπε
980 3168 1011 3233 δὲ
1023 3167 1100 3258 αὐτῇ
1111 3172 1232 3250 Νωεμὶν
1244 3165 1263 3253 r}
1273 3161 1408 3252 πενθερά

159 3246 227 3348 δίαν
251 3251 313 3348 τηςε
326 3245 434 3332 δούλης
457 3275 528 3326 σου,
554 3256 605 3317 καὶ
625 3249 723 3319 ίδούέ
755 3249 760 3271 '
800 3257 899 3336 αυτής.
936 3247 1068 3337 θύγατερ
1066 3300 1083 3356 ῃ
1115 3250 1151 3316 ού
1167 3249 1207 3336 μή
1226 3249 1342 3335 ζητήσω
1358 3276 1407 3315 σοι

160 3331 265 3411 ε’σομαι
292 3357 333 3407 ως
355 3338 409 3414 μία
433 3337 493 3397 τιῦν
516 3337 681 3402 παιδισκῶν
702 3361 765 3401 σου.
799 3331 969 3401 ἀνάπαυσιν
985 3340 1036 3399 ’ίνα
1049 3361 1080 3399 ευ
1093 3338 1215 3419 γένηταί
1226 3360 1273 3400 σοι
1278 3363 1290 3413 ;
1327 3337 1406 3398 ἵκαί

159 3413 251 3477 14καί
266 3412 344 3480 εἶπεν
357 3414 435 3508 αύτῃ
449 3415 543 3495 Βοόζ.
564 3419 620 3525 ήδη
632 3419 699 3506 (δρα
711 3422 767 3483 τοῦ
799 3424 849 3484 νῦν
867 3416 933 3503 ούχί
951 3416 1038 3494 Βοόζ
1057 3415 1200 3504 γνιόριμος
1219 3414 1300 3503 ήμῶν
1317 3408 1356 3482 ού
1372 3404 1408 3499 ής

160 3509 271 3574 φαγεῖν,
284 3494 430 3584 πρόςελθε
443 3492 501 3565 τάδε
510 3507 561 3567 καὶ
571 3528 697 3583 φαγεσαι
707 3506 768 3565 τῶν
797 3500 871 3584 μετὰ
884 3505 945 3566 τοῖν
962 3506 1114 3587 κορασίων
1130 3526 1225 3566 αυτου
1232 3529 1244 3579 ,·
1271 3502 1338 3566 ιδου
1351 3528 1407 3565 αυ-

159 3577 273 3662 ἀρτων,
300 3587 351 3647 καὶ
354 3581 470 3726 βάψας
481 3582 535 3649 τὸν
550 3581 658 3668 ψωμόν
671 3609 725 3649 σου
738 3588 768 3649 ἐν
799 3586 850 3660 τὸς
863 3583 952 3668 λικμᾷ
962 3580 1015 3649 τόν
1026 3578 1129 3648 ἀλωνα
1138 3588 1197 3648 τῶν
1207 3588 1324 3668 κριθῶν
1333 3579 1408 3648 ταύ-

159 3661 279 3742 τηῖόξει.
293 3668 344 3728 καί
387 3661 578 3730 άθισεῬούθ
588 3671 621 3732 ἐκ
631 3667 769 3744 πλαγίων
798 3692 835 3750 τη
849 3671 885 3749 σή
899 3671 988 3732 νυκτί.
1026 3666 1092 3731 3σύ
1112 3666 1143 3731 δὲ
1160 3663 1254 3751 λούσῃ
1268 3665 1409 3732 καίάλεί-

158 3747 219 3804 τῶν
295 3741 422 3820 ιζόντων.
454 3752 505 3813 καί
522 3745 669 3835 ἐβούνισεν
689 3748 768 3833 αύτή
799 3736 1168 3834 φη,’καίπεριθήσειςτὸν
1181 3739 1340 3853 ἱματισμόν
1353 3775 1407 3815 σου

158 3822 278 3900 Βοὸζά
320 3853 398 3904 ιτον,
415 3834 467 3897 καλ
478 3834 570 3910 δ’φαγε
582 3838 633 3899 καὶ
645 3825 766 3917 ἐνεπλή-
798 3822 849 3899 ἐπὶ
864 3832 907 3909 σὲ,
925 3839 976 3898 καὶ
988 3830 1125 3938 ἀναβήσῃ
1139 3836 1190 3898 ἐπὶ
1201 3832 1255 3898 τόν
1267 3833 1341 3898 ἀλω.
1367 3832 1408 3917 μή

159 3917 222 3990 σθη
240 3912 290 3972 καί
307 3911 462 3991 κατέλιπε,
486 3915 768 4000 16καῖάνέστητοῦ
797 3921 967 4008 γνωρισθής
984 3921 1028 3998 τῷ
1041 3917 1125 4002 ανδρί
1137 3922 1193 3992 ἕως
1205 3921 1260 3981 τοῦ
1274 3916 1409 3981 συντελέ-

159 3987 313 4066 συλλέγειν.
346 3998 397 4058 καί
420 3997 585 4062 ἐνετείλατο
602 3999 690 4074 Βοόζ
705 4011 767 4076 τοῖς
798 4027 849 4066 σαι
862 3997 954 4064 αύτὸν
969 4004 1025 4065 τοῦ
1038 4012 1141 4082 φαγεῖν
1153 4004 1205 4065 καί
1215 4010 1302 4065 πιεῖν.
1327 3998 1344 4041 ⁴
1359 4003 1410 4064 καί

158 4071 328 4173 παιδαρίοις
339 4074 444 4154 αύτοῦ,
458 4077 561 4155 λέγων.
585 4088 637 4146 καί
646 4107 679 4158 γε
692 4078 767 4147 ἀνα-
798 4086 883 4149 ἔσται
908 4086 940 4150 ἐν
962 4088 1007 4167 τῷ
1024 4088 1205 4190 κοιμηθῆναι
1223 4079 1332 4158 αύτόν,
1360 4085 1410 4147 καὶ

157 4155 250 4256 μέσον
262 4181 323 4219 των
335 4155 514 4259 δραγμάτων
526 4162 702 4240 ουλλεγέτω,
715 4169 767 4232 καὶ
797 4164 897 4255 γνώσῃ
914 4163 968 4232 τόν
985 4164 1083 4233 τόπον
1096 4164 1175 4233 όπου
1188 4172 1328 4250 κοιμᾶται
1340 4168 1409 4238 ἐκεῖ,

157 4264 199 4320 μη
213 4263 425 4341 καταιοχυμητε
437 4239 540 4326 αύτήν.
556 4247 639 4311 ιοιιαὶ
650 4244 764 4332 βαστά-
797 4253 849 4314 καί
865 4246 969 4342 ἐλκύσῃ
988 4254 1039 4315 καὶ
1056 4246 1263 4331 ἀποκαλύψεις
1280 4249 1320 4314 τά
1332 4249 1409 4335 πρὸς

157 4321 253 4421 ζίξῖῐὲι·
262 4326 436 4409 βασταυαῐε
449 4321 541 4419 αὐτῇ,
557 4336 609 4395 καί
619 4356 653 4408 γε
664 4358 765 4419 παρα-
796 4333 901 4398 ποδιῦν
913 4332 1021 4409 αὐτοῦ,
1034 4338 1085 4400 καὶ
1097 4330 1274 4423 κοιμηθήση,
1287 4334 1337 4396 καί
1351 4331 1410 4396 αύ-

155 4403 314 4482 ιίίοιλλοντες
339 4407 540 4496 παραβαλεῖτε
557 4411 634 4509 αύτῃ
655 4419 687 4480 ἐκ
703 4420 765 4480 τιῦν
795 4412 847 4491 τὸς
867 4413 1029 4493 ἀπαγγελεῖ
1044 4443 1094 4483 σοι
1111 4414 1132 4483 ἀ
1150 4440 1291 4498 ποιησεις.
1318 4413 1409 4481 ‘dm

156 4491 401 4575 βεβνυνισμύνων,
426 4497 477 4565 καὶ
490 4491 617 4580 φάγεται
629 4503 680 4567 καί
693 4497 765 4566 συλ-
796 4495 938 4566 δὲῬούθ
957 4498 1034 4588 πρὸς
1053 4495 1159 4587 αύτήν.
1185 4494 1287 4569 πάντα
1300 4495 1360 4604 ὅσῃ
1372 4498 1410 4565 ἀν

1324 4607 1408 4674 ειπῃς
