2924 4972
117 237 181 303 400
340 235 638 300 ΒΑΣΙΛΕΙΩΝ
662 238 720 295 ΤΕ
727 236 892 296 ΤΑΡΤΗ
931 235 1006 310 Κεφ.
1019 229 1075 292 κα’.
1090 229 1141 293 21.

113 363 173 421 τῶν
186 362 259 422 υἱῶν
268 353 397 444 Ἰσραήλ.
412 358 484 419 3καὶ
496 358 657 440 ἐπέστρεφε
670 358 719 418 καί
756 350 931 437 ἇπεῶσομαι
948 350 985 417 τό
1005 348 1168 435 ύπόλειμμα
1187 359 1242 438 τῆς
1254 355 1366 441 κληρο-

113 437 285 524 ᾠκοδόμησε
310 440 349 515 τά
376 436 479 520 ύψηλόι
501 435 721 503 ἃιιατέσπασεν
755 443 858 520 νομέας
868 462 935 518 μου,
952 438 1001 499 καὶ
1013 435 1186 520 παραδώσω
1200 436 1312 512 αύτούς
1326 443 1367 514 είς

110 520 240 600 Ἐζεκίας
253 520 270 587 ὁ
282 521 382 604 πατήρ
396 520 502 597 αὐτοῦ,
518 524 569 585 καὶ
582 519 719 603 ἀνέστησε
753 531 850 604 χεῖρας
862 523 981 620 ἐηθρῶν
994 517 1111 594 αὐτῶν,
1131 521 1182 582 καὶ
1194 521 1312 585 ἔσονται
1325 526 1367 596 εἶς

113 600 328 691 θυσιαστήριον
344 609 381 695 τῇ
393 601 502 677 Βάαλ,
528 606 580 666 καὶ
597 606 718 686 ἐποίησε
754 605 922 685 διαρπαγήν
932 602 983 666 καὶ
995 606 1033 676 εἷς
1045 599 1198 706 προνομήν
1210 608 1287 668 πᾶσι
1299 617 1367 680 τοῖς

112 688 153 752 τά
166 688 240 772 άλοη
253 685 358 762 καθὼς
370 688 505 769 ἐποίησεν
511 683 626 786 Ἀηαάβ
633 690 719 772 βαοι-
754 689 873 770 ἐχθροῖς
886 683 997 759 αὐτῶν,
1015 687 1041 727 ¹⁵
1049 681 1114 748 ἀνθ’
1132 710 1174 749 ων
1187 682 1246 750 ὅσα
1259 689 1366 772 ἐποίη-

112 772 178 846 λεύς
195 769 331 855 Ἰσραήλ,
357 773 408 834 καὶ
423 792 613 852 προςεκυνησε
634 764 718 853 πάση
755 794 810 834 σαν
834 765 870 831 τό
896 767 1029 851 πονηρὸν
1053 771 1083 830 έν
1101 766 1276 850 ὀφθαλμοῖς
1291 796 1363 853 μου,

112 859 150 945 τῇ
164 849 281 934 δυνάμει
295 856 348 916 τοῦ
361 850 507 937 ούρανοῦ,
521 853 572 914 καὶ
585 843 717 916 έδούλεά-
754 853 805 916 καὶ
830 839 904 934 ήσαν
930 854 1162 935 παροργίζοντές
1177 876 1211 933 με
1228 849 1292 916 άπὸ
1310 857 1364 956 της

112 960 160 1001 σιν
177 935 286 1010 αὐτοῖς.
319 934 398 999 4καὶ
422 930 592 1037 ᾠκοδόμησε
608 944 717 1000 θυσια-
755 932 862 1018 ήμέρας
874 924 908 1016 ἧς
919 928 1064 1015 ἐξήγαγον
1077 933 1147 1008 τούς
1158 937 1292 1020 πατέρας
1304 962 1362 999 αυ-

113 1018 234 1103 στήριον
250 1020 281 1082 έν
300 1017 373 1100 οἴκῳ
391 1022 506 1123 κυρίου,
532 1043 574 1091 ως
586 1016 661 1091 εἷπε,
687 1021 718 1082 ἐν
754 1022 815 1080 τῶν
828 1019 858 1092 ἐξ
871 1011 1032 1092 Αἰγύπτου
1044 1020 1095 1080 καὶ
1111 1022 1166 1092 ἕως
1182 1022 1235 1100 τῆς
1251 1014 1363 1123 ἢμέρας

107 1098 301 1184 Ἰερουσαλήμ
313 1098 403 1184 θήσω
413 1127 444 1166 το
466 1096 558 1181 ὀνομά
560 1125 634 1202 μου.
648 1102 718 1164 5καὶ
752 1095 873 1182 ταύτης.
902 1100 937 1141 ‘²⁰
948 1106 1003 1181 καί
1012 1123 1044 1176 γε
1061 1100 1134 1180 αἷμα
1151 1098 1260 1164 ἀθῶον
1273 1104 1317 1176 ἒξε
1335 1127 1363 1165 εε

115 1182 284 1266 ᾠκοδόμησε
297 1182 513 1267 θυσιαστήριον
524 1209 609 1275 παση
618 1187 655 1265 τῆ
666 1184 716 1247 δυ·
754 1186 924 1266 Μανασσῆς
937 1181 1017 1247 πολύ
1031 1179 1151 1267 σφόδρα
1161 1187 1216 1256 ἕως
1225 1176 1261 1246 ού
1271 1127 1362 1266 ἐπλη-

111 1266 193 1349 νάμει
211 1271 267 1330 τοῦ
285 1263 415 1351 ούρανοῦ
430 1270 462 1330 ἐν
479 1277 545 1341 ταῖς
563 1255 644 1329 δυσὶύ
661 1264 715 1330 αύ·
754 1290 785 1330 σε
801 1262 855 1347 τήν
870 1262 1063 1367 Ἰερουσαλήμ
1082 1260 1179 1348 στόμα
1196 1269 1235 1339 εἰς
1252 1262 1361 1348 στόμα,

112 1349 176 1423 λαῖς
202 1350 285 1414 οἴκου
303 1355 415 1433 κυρίου.
454 1350 533 1413 6καὶ
549 1349 628 1432 διῆγε
647 1345 717 1423 τούς
753 1347 833 1430 πλήν
858 1345 923 1412 άπδ
947 1352 1049 1413 τῶνα
1071 1353 1183 1432 αρτιῶν
1200 1345 1297 1412 αὐτοῦ
1317 1341 1361 1411 ῶν

111 1430 193 1506 υἱούς
206 1430 302 1495 αὐτοῦ
314 1433 344 1493 ἐν
355 1432 442 1516 πυρί,
454 1434 505 1494 καὶ
518 1431 716 1513 ἒκληδονίζετο
754 1427 896 1534 ἐξήμαρτε
912 1429 966 1494 τὸν
980 1375 1097 1495 Ἰούδαν
1109 1436 1164 1495 τοῦ
1181 1436 1304 1515 ποιῆσαι
1322 1431 1359 1495 τὸ

111 1515 162 1578 καὶ
173 1515 329 1588 οῖωνίζετο.
350 1515 400 1576 καὶ
412 1517 532 1595 ἐποίησε
544 1515 654 1595 τεμένη,
667 1517 716 1576 καί
752 1537 812 1578 πον
830 1537 884 1598 ρον
901 1516 932 1577 ἐν
950 1511 1120 1596 ὀφθαλμοῖς
1132 1520 1243 1598 κυρίου.
1269 1516 1362 1579 1Ὶκαλ

110 1592 243 1674 γνῶστας
255 1590 401 1676 ἐπλήθυνε
410 1600 466 1658 τοῦ
474 1607 569 1659 ποιεῖν
578 1592 613 1659 τὸ
622 1621 717 1679 πονη-
753 1596 792 1660 τά
812 1539 912 1660 λοιπά
933 1601 993 1659 τῶν
1011 1593 1112 1674 λόγων
1130 1601 1283 1679 Μανασσῆ
1309 1599 1361 1662 καὶ

111 1676 166 1764 ρόν
184 1681 215 1743 ἒν
233 1676 402 1759 ὀφθαλμοῖς
419 1683 522 1762 κυρίου
534 1684 715 1764 παροργίοαι
752 1675 852 1744 πάντα
878 1675 938 1744 όσα
959 1681 1090 1763 ἐποίησε,
1115 1682 1166 1744 καὶ
1188 1677 1206 1763 ή
1226 1676 1361 1763 ἁμαρτία

111 1758 213 1826 αὐτόν.
253 1762 330 1824 7ιιαλ
352 1764 441 1843 ἔθηκε
458 1760 495 1823 τὸ
512 1759 644 1838 γλυπτόν
661 1767 715 1826 rof·
754 1761 849 1827 αὐτοῦ
859 1758 1041 1845 ἢνήμαρτεν,
1053 1760 1224 1846 ούχὶταῦτα
1234 1788 1360 1846 γεγραμ-

112 1843 223 1918 άλσους
235 1844 266 1905 ἒν
278 1847 321 1924 τῷ
335 1843 407 1926 οἴκῳ
421 1833 519 1925 ᾦείπε
528 1843 627 1929 κύριος
639 1844 716 1930 πρὸς
752 1849 824 1928 μένα
849 1846 899 1909 ἐπὶ
923 1844 1028 1931 βιβλίῳ
1044 1842 1144 1922 λόγων
1167 1850 1227 1908 τῶν
1244 1841 1359 1928 ήμερῶν

111 1927 209 1990 Λαυὶδ
232 1926 283 1989 καὶ
307 1922 384 2010 πρὸς
402 1926 560 2007 Σαλωμῶν
582 1927 635 1992 τὸν
652 1927 715 1991 υἱὸν
754 1940 817 2003 τοῖς
832 1928 998 2014 βασιλεῦσιν
1018 1925 1118 1992 Ἰούδα
1124 1956 1136 2004 ,·
1166 1927 1260 1989 18καὶ
1278 1932 1359 1991 ἐκοι-

112 2007 223 2084 αύτοῦ,
250 2011 280 2072 ἐν
297 2012 341 2090 τῷ
354 2009 428 2091 οἴκῳ
440 2003 538 2092 τούτῳ
551 2012 602 2074 καὶ
614 2014 646 2076 ἓν
658 2007 715 2074 ‘Iz-
752 2008 835 2112 μήθη
852 2016 1024 2094 Μανασσῆς
1047 2007 1119 2093 μετά
1142 2013 1202 2073 τῶν
1217 2013 1359 2095 πατέρων

111 2088 266 2173 ρουσαλήμ
284 2083 303 2182 ᾗ
318 2087 484 2176 ἐξελεξάμην
495 2094 526 2156 ἐκ
538 2096 645 2158 πασῶν
658 2119 714 2175 φυ-
753 2099 858 2169 αυτοῦ,
872 2097 924 2159 καὶ
936 2090 1032 2176 ἐτάφη
1045 2099 1075 2158 ἐν
1087 2098 1133 2176 τῶ
1146 2089 1231 2177 κήπῳ
1244 2097 1299 2157 τοῦ
1312 2095 1358 2158 οἴ-

111 2176 172 2239 λῶν
184 2178 239 2239 τού
248 2172 370 2259 Ἰσραήλ
374 2225 384 2252 ,
406 2175 458 2240 καλ
470 2171 557 2260 θήσω
569 2175 606 2241 τὸ
620 2172 714 2261 όνομά
752 2204 808 2243 κου
825 2175 919 2242 αὐτοῦ
938 2181 970 2241 ἐν
985 2174 1073 2260 κήπῳ
1086 2173 1168 2252 Ὀζά.
1194 2181 1245 2241 καὶ
1257 2180 1359 2262 ἐβασί-

110 2283 167 2341 μου
179 2261 217 2331 εἰς
229 2255 282 2320 τὸν
294 2261 399 2334 αἰῶνα,
416 2259 493 2322 8καί
505 2256 540 2323 ού
553 2257 714 2364 προςθήοω
753 2261 853 2326 λευσεν
865 2257 961 2342 Ἀμῶς
979 2260 1043 2333 υἱὸς
1061 2258 1158 2324 αὐτοῦ
1175 2257 1236 2324 ἄντ’
1252 2258 1357 2324 αὐτοῦ.

109 2343 168 2405 τοῦ
184 2340 323 2405 σαλεῦσαι
341 2338 394 2406 τὸν
412 2337 495 2406 πόδα
506 2338 634 2426 Ἰσραήλ
651 2341 713 2407 απὸ
752 2341 849 2417 19υίὸς
861 2344 949 2408 εἴκοσι
960 2339 1074 2407 καὶδύο
1087 2339 1357 2427 ἐτῶνἈμῶςέντῷ

109 2428 161 2506 τῆς
177 2427 231 2505 γῆς
249 2414 283 2507 ἧς
300 2424 397 2488 ἔδωκα
414 2435 478 2499 τοῖς
494 2421 644 2511 πατράσιν
657 2424 712 2490 αό-
751 2423 915 2574 βασιλεύειν
928 2424 1034 2502 αὐτὸν,
1059 2427 1111 2491 καὶ
1124 2422 1178 2491 δύο
1191 2430 1241 2509 έτη
1256 2431 1358 2511 ἐβασί-

109 2512 183 2582 τῶν,
210 2511 243 2571 οἵ
261 2532 334 2582 τινες
357 2504 518 2589 φυλάξουσι
534 2506 635 2573 πάντα
654 2505 714 2574 ὅσα
784 2535 848 2576 υσεν
866 2515 897 2575 ἐν
909 2507 1117 2594 Ἰερουσαλήμ,
1143 2512 1193 2575 καὶ
1212 2510 1308 2594 ὄνομα
1319 2513 1357 2588 τῆ

110 2585 253 2671 ἐνετειλάμ
272 2614 287 2653 ν
304 2589 382 2654 κατά
399 2595 503 2654 πᾶσαν
519 2589 574 2674 τήν
593 2590 714 2676 ἐντολήν
750 2597 839 2679 μητρὶ
856 2592 952 2659 αὐτοῦ
971 2593 1137 2676 Μεσολλάμ
1153 2590 1291 2677 θυγάτηρ
1308 2579 1357 2657 ’A-

107 2668 145 2755 ἢν
170 2617 331 2737 ἐνετείλατο
357 2671 460 2746 αὐτοῖς
485 2670 503 2736 ὃ
529 2669 635 2750 δοῦλός
656 2701 713 2757 μου
751 2682 821 2763 ρούς
834 2675 994 2762 ἐξἸετέβα.
1013 2679 1044 2719 ²⁰
1056 2678 1107 2741 καὶ
1118 2679 1236 2760 ἐποίησε
1248 2679 1284 2741 τὸ
1298 2701 1358 2740 πο-

108 2758 256 2836 Μωυσής.
295 2756 380 2819 9καλ
404 2753 458 2818 ούιι
486 2754 630 2839 ἤκουσαν,
662 2758 713 2823 καὶ
751 2759 841 2844 νηρόν
865 2763 898 2823 ἐν
928 2758 1097 2839 ὀφθαλμοῖς
1124 2766 1227 2842 κυρίου
1252 2757 1357 2832 καθῶς

108 2832 270 2937 ἐπλάνησεν
282 2832 394 2911 αύτούς
404 2844 571 2921 Μανασσῆς
580 2846 635 2906 τοῦ
643 2866 712 2907 ποι·
751 2846 869 2925 ἐποίησε
887 2846 1057 2922 Μανασσῆς
1081 2837 1098 2905 ό
1123 2840 1224 2926 πατήρ
1251 2841 1356 2908 αὐτοῦ.

107 2923 178 3022 ήσαι
190 2944 226 2983 το
238 2916 370 3004 πονηρὸν
382 2924 412 2984 ἐν
425 2918 596 3006 ὀφθαλμοῖς
608 2929 712 3009 κυρίου
750 2927 841 2989 21καί
856 2918 1006 3011 ἐπορεύθη
1025 2927 1055 2987 ἐν
1072 2921 1157 3006 πάση
1175 2923 1236 2988 ὁδῶ
1253 2920 1273 3009 ἦ
1287 2929 1357 2990 euo-

107 3000 182 3085 νπὲρ
206 3001 245 3064 τά
270 3005 357 3084 ὲθνη,
384 2997 405 3067 ά
424 2999 545 3087 ήφάνισε
561 3003 597 3071 κύ
618 3032 662 3081 ιος
680 3008 712 3070 ἐκ
750 3005 843 3092 ρεύθη
857 3005 875 3071 ὁ
888 3003 989 3091 πατήρ
1001 3033 1112 3083 αυτον,
1139 3009 1190 3070 καὶ
1203 2991 1356 3094 ελάτρευσε

106 3079 269 3187 προςιόπου
279 3082 488 3170 υῑῶνἸσραήλ.
497 3090 607 3154 10καλέ
635 3090 712 3172 ’λησε
749 3104 812 3166 τοῖς
824 3086 954 3165 εἰδώλοις
970 3091 1013 3165 οῖς
1031 3089 1200 3177 ἐλάτρευσεν
1218 3089 1236 3154 ό
1255 3090 1355 3175 πατήρ

106 3189 204 3249 κυριος
214 3168 245 3228 έν
254 3171 325 3252 χειρὶ
335 3168 449 3234 δούλων
458 3169 555 3236 αὐτοῦ
563 3175 625 3236 τῶν
632 3196 709 3256 ’προ-
751 3172 857 3246 αὐτοῦ,
869 3171 1137 3259 καὶπροςειιύνησεν
1147 3173 1256 3248 αὐτοῖς.
1272 3175 1357 3238 22καὶ

107 3252 219 3330 φητῶν,
233 3250 333 3327 λέγων.
352 3250 448 3319 Ηόινθ
466 3246 507 3318 ῶν
520 3251 577 3320 ὅσα
591 3258 662 3320 ὀποί
681 3280 710 3319 σε
750 3257 918 3335 ἐγκατέλιπε
930 3259 984 3322 τὸν
996 3255 1098 3364 κύριοι
1114 3255 1184 3324 θεὸν
1194 3263 1253 3323 τῶν
1261 3260 1356 3322 πατέ-

107 3338 276 3431 Μανασσῆς
295 3331 462 3422 ὁβασιλεύς
476 3336 579 3402 Ἰούδα
593 3336 632 3401 τά
644 3283 711 3424 βδε-
749 3368 810 3427 ρων
823 3339 931 3417 αὐτοῦ,
954 3343 1005 3406 καὶ
1018 3369 1072 3407 ουκ
1086 3340 1235 3428 ἐπορεύθη
1247 3344 1278 3404 έν
1291 3337 1354 3420 ὁδῷ

15 3457 16 3461 =
107 3414 243 3497 λυγματα
260 3422 358 3483 ταῦτα
374 3417 413 3483 τά
426 3418 542 3502 πονηρά
556 3418 619 3485 ὀιπό
632 3417 710 3486 πάν-
749 3431 858 3511 κυρίου.
879 3426 909 3467 23
919 3427 970 3490 καί
984 3422 1228 3511 συνεστράφησαν
1240 3430 1270 3490 οῖ
1281 3433 1354 3486 παῖ-

106 3522 166 3562 των
184 3490 226 3562 ῶν
242 3502 377 3585 ἐποίησεν
395 3499 601 3588 ὁἈμορῤαῖος
619 3500 638 3568 ό
657 3507 709 3588 ἔμ·
748 3509 793 3583 δες
804 3507 901 3592 Ἀμώς
913 3507 1110 3595 πρόςαύτόν,
1133 3511 1184 3572 καί
1196 3504 1354 3573 ἐθανάτω-

105 3592 252 3665 προσθεν,
284 3587 335 3649 καί
358 3581 501 3689 ἐξήμαρτε
525 3590 579 3649 καί
600 3610 634 3663 γε
657 3587 711 3652 τὸν
749 3617 807 3655 σαν
831 3589 885 3656 τὸν
897 3593 1031 3695 βασιλέα
1048 3598 1079 3657 ἐν
1094 3596 1139 3673 τῷ
1156 3592 1229 3671 οἴκῳ
1248 3588 1354 3654 αὐτοῦ.

102 3659 222 3729 Ἰούδαν
235 3669 264 3729 ἒν
275 3678 339 3742 τοῖς
349 3667 479 3741 εῑδιολοις
491 3664 601 3731 αὐτῶν.
619 3668 711 3756 12ούχ
748 3674 835 3740 24καὶ
847 3676 989 3749 ἐπαταξεν
1001 3672 1018 3737 ὁ
1031 3674 1104 3745 λαὸς
1113 3677 1165 3752 τῆς
1173 3677 1227 3749 γῆς
1237 3668 1355 3742 πάντας

105 3743 208 3822 οὕτως.
234 3745 302 3814 τάδε
319 3750 393 3828 λέγει
411 3745 511 3834 κύριος
528 3747 546 3814 ὃ
563 3747 635 3828 θεὸς
650 3750 711 3820 Ἰσ-
747 3757 819 3831 τοὺς
845 3759 1062 3839 συστραφέντας
1086 3754 1136 3813 ἐπὶ
1159 3751 1214 3811 τὸν
1230 3750 1354 3841 βασιλέα

105 3826 191 3914 ραήλ.
222 3832 287 3895 ἰδοὺ
312 3831 370 3910 ἒγά
389 3835 469 3918 φέρω
490 3829 569 3898 κακά
586 3837 636 3900 ἐπὶ
654 3833 710 3900 ‘It-
742 3838 851 3910 Ἀαῶς,
863 3838 916 3898 καὶ
927 3827 1223 3918 ἐβασίλευσενὸλαὸς
1235 3850 1287 3909 της
1298 3832 1353 3908 γῆς

105 3912 257 4017 ρουοαλήμ
279 3916 330 3978 καί
349 3911 484 3990 Ἰούδαν,
510 3912 581 3990 ῶςτε
596 3918 710 3991 παντὸς
747 3898 799 3980 τόν
820 3915 938 3980 Ἰωσίαν
964 3914 1030 3977 υἱὸν
1052 3911 1146 3977 αὐτοῦ
1164 3905 1224 3973 ἀντ’
1247 3906 1351 3974 αὐτοῦ.

105 3993 270 4069 ακούοντος
295 3993 393 4079 ήχήσει
417 3993 573 4080 ἀμφότερα
587 3996 627 4059 τά
645 3986 710 4060 ιότα
746 3997 775 4040 ²⁵
788 3999 840 4059 καὶ
851 3995 890 4061 τά
902 3993 994 4060 λοιπά
1006 3999 1067 4060 τῶν
1080 3989 1177 4070 λόγων
1185 3989 1279 4073 Ἀμῶς
1292 3988 1353 4059 ὅσα

105 4075 208 4142 αὐτοῦ.
236 4078 327 4142 13καί
343 4083 447 4143 ἐκτενῶ
461 4078 512 4142 ἐπὶ
520 4075 710 4162 Ἰερουσαλήμ
747 4081 893 4161 ἐποίησεν,
910 4077 965 4143 οὐκ
979 4077 1042 4142 ἰδού
1056 4083 1155 4142 ταῦτα
1167 4078 1353 4158 γεγραμμένα

104 4157 142 4223 τὸ
154 4159 262 4237 μέτρον
270 4163 440 4244 Σαμαρείας
452 4161 504 4223 καί
512 4157 549 4222 τὸ
560 4155 710 4241 στάθμιον
746 4163 795 4226 ἐπὶ
840 4161 924 4248 ιβλίῳ
951 4161 1049 4238 λόγων
1075 4167 1137 4226 τῶν
1157 4157 1272 4244 ήμερῶν
1291 4173 1352 4236 τοῖς

106 4239 191 4304 οἴνου
204 4235 326 4323 Ἀχαάβ.
354 4240 709 4324 καλάπαλείψωτήνἹε-
745 4249 786 4332 βα
846 4249 911 4310 ύσιν
919 4240 1039 4322 Ἰούδας
1057 4246 1145 4309 26καλ
1158 4248 1283 4325 ἔθαψαν
1296 4243 1353 4308 αό-

104 4317 259 4404 ρονοαλήμ
272 4321 378 4399 καθῶς
390 4321 585 4405 άπαλείφεται
599 4321 617 4388 ό
632 4323 708 4391 άλά-
745 4326 801 4392 τὸν
825 4333 856 4393 ἐν
873 4333 919 4413 τῶ
935 4324 1022 4411 τάφῳ
1041 4328 1137 4394 αὐτοῦ
1156 4331 1187 4392 ἐν
1204 4331 1249 4410 τῴ
1266 4323 1352 4409 κήπῳ

102 4401 707 4496 βαστροςἇπαλειφόμενοςκαὶκαταστρέ-
744 4411 832 4487 Ὀζᾶ,
863 4415 913 4477 καὶ
937 4411 1125 4489 ἐβασίλευσεν
1147 4408 1265 4484 Ἰωσίας
1290 4407 1353 4485 υἱὸς

103 4512 190 4573 φεται
215 4489 265 4554 ἐπὶ
289 4487 451 4582 πρόςωπον
473 4491 579 4561 αὐτοῦ.
617 4493 709 4561 14καί
747 4493 843 4562 αὐτοῦ
860 4495 921 4563 ἀντ’
936 4494 1043 4562 αὐτοῦ.
1274 4580 1309 4640 K

1308 4599 1349 4657 εφ.
