2924 4972
154 229 217 294 ιον
454 224 896 288 Δσντσνοινονιιοπ·
933 221 1102 301 πηγήν.

151 364 246 404 κοντα
270 335 385 411 πόλεις,
416 331 517 400 πάντα
542 333 582 398 τά
606 340 756 420 περίχωρα
791 331 999 416 Ἀσηδώθτην
1014 330 1125 411 (Ιιασνά
1138 330 1302 398 ἀνατολῶν.
1316 335 1403 398 Ι’καί

146 418 257 505 Ἅρνὸβ
267 415 479 506 βασιλέωςὪν
492 419 523 481 ἓν
535 415 653 482 Βασάν.
671 419 757 480 6πᾶ·
796 411 975 500 ἐνετειλάμην
992 411 1059 498 ύμῖν
1075 418 1106 481 ἒν
1122 419 1168 498 τῷ
1184 414 1279 499 καιρῷ
1292 418 1402 498 ἐκείνῳ,

151 531 200 569 ναι
214 498 313 577 πόλεις
323 501 437 587 ὀχυραὶ,
450 506 528 584 τείχη
539 496 652 584 ὑψηλά,
664 493 757 564 πύλαι
797 499 899 576 λίνων.
929 500 1028 584 κύριος
1054 495 1072 564 ὃ
1096 494 1168 574 θεὸς
1192 491 1273 581 ὑμῶν
1295 496 1401 565 ἔδωκεν

151 589 203 651 καί
227 586 339 670 μοχλοί.
378 580 459 666 πλην
484 587 546 648 τῷν
565 578 681 647 πόλεων
697 585 758 645 τῷν
798 576 863 664 ύμῖν
879 578 935 664 τὴν
949 586 1006 665 γῆν
1024 576 1135 664 ταύτην
1153 584 1184 646 ἐν
1201 575 1311 665 κληρῷ.
1337 583 1401 645 ἐνο-

154 673 320 753 ’θερεζαίων
329 671 390 731 τῶν
400 664 523 730 πολλῶν
533 662 650 748 σφόδρα
665 663 755 739 θέξω-
796 659 969 748 πλισάμενοι
990 659 1208 749 προπορεύεοθε
1225 659 1286 746 πρὸ
1307 689 1401 750 προς-

151 747 354 835 λοθρεύσαμεν
379 744 474 833 άίςπερ
500 744 679 831 ἐποιήσαμεν
704 744 757 811 τὸν
797 743 884 811 ούπον
893 750 953 812 τῷν
963 740 1097 829 άδελρῶν
1107 746 1189 829 ὑμῶν
1198 743 1401 832 υίῷνἿσραίηλ

150 834 241 918 Σηών
263 833 390 918 βασιλέα
413 828 555 933 Ἐσεβών,
581 832 632 894 καί
648 829 757 904 ἐξωλο-
796 834 856 905 πᾶς
882 821 1014 904 δυνατάς.
1061 825 1185 911 19πλὴν
1211 830 1246 891 αἶ
1269 841 1401 905 γυναῖκες

151 914 317 1002 θρεύοαμεν
329 918 433 979 πᾶσαν
445 914 544 987 πολιν,
561 914 627 996 ἑξῆς
639 913 691 976 καί
703 909 757 984 τάς
799 909 879 995 ύμῶν
897 911 948 975 καί
964 908 1004 977 τά
1018 912 1107 975 τέκνα
1120 902 1201 994 ύμῷν
1213 912 1264 975 καί
1275 908 1314 976 τά
1326 908 1400 996 κτη-

152 1011 303 1078 χυναῖκας,
317 998 368 1060 καί
380 995 419 1059 τά
432 995 548 1070 παιδία,
568 997 581 1037 ⁷
593 996 646 1059 καί
656 989 757 1057 πάντα
798 1020 831 1077 νη
845 990 942 1077 ὑμῶν,
959 988 1028 1058 οἶδα
1041 989 1088 1059 ὅτι
1101 989 1202 1060 πολλά
1215 986 1307 1078 κτήνη
1322 991 1400 1076 ὑμῖν,

152 1079 191 1146 τά
206 1075 305 1165 κτήνη.
333 1080 385 1143 καί
402 1079 441 1142 τά
459 1077 555 1142 σκῦλα
568 1081 629 1141 τῷν
642 1075 758 1140 πόλεων
797 1081 1026 1141 κατοικείτωσαν
1043 1077 1073 1139 ἐν
1089 1089 1155 1151 ταῖς
1170 1072 1290 1141 πόλεσιν
1308 1073 1400 1160 ὑμῶν,

153 1158 402 1250 ἕπρονομεύσαμεν
415 1163 539 1234 ἑαυτοῖς.
562 1160 640 1223 θκαί
651 1150 758 1244 ἐλάβο-
798 1159 843 1232 αίς
855 1159 954 1223 ἔδωκα
967 1155 1042 1241 ύμῖν,
1059 1160 1090 1202 ²⁰
1100 1164 1155 1233 ἕως
1168 1157 1206 1224 άν
1218 1154 1401 1253 καταπαύσῃ

151 1273 203 1330 μεν
228 1250 258 1312 ἐν
282 1248 326 1327 τῷ
346 1247 441 1325 καιρῷ
459 1247 559 1325 ἐκείνω
577 1240 633 1325 την
650 1246 706 1325 νην
725 1243 757 1304 ἐκ
798 1238 897 1327 κύριος
922 1237 940 1307 ὅ
965 1237 1035 1316 θεὸς
1059 1237 1141 1344 ὑμῶν
1165 1239 1234 1316 τοὺς
1256 1239 1402 1324 άδελρούς

151 1334 255 1415 χειοῷν
267 1322 320 1392 δύο
332 1326 477 1413 βασιλέων
489 1330 550 1390 τῶν
562 1323 757 1409 Ἀμορραίων,
799 1321 889 1407 ὑμῶν,
902 1321 997 1409 ὥςπερ
1010 1326 1061 1389 καί
1074 1329 1162 1408 υμᾶς,
1187 1327 1240 1388 καί
1251 1327 1367 1390 κατακλ
1385 1368 1402 1378 -

153 1388 275 1497 οἳῖσαν
286 1412 383 1514 πέραν
394 1413 449 1473 τοῦ
462 1402 615 1511 Ἰορδάνου
627 1402 690 1470 ἀπὸ
702 1411 758 1469 τοῦ
798 1402 988 1491 ρονομησωσι
1012 1409 1064 1471 καί
1087 1398 1173 1472 οὗτοι
1196 1405 1251 1490 τὴν
1268 1412 1339 1491 γῆν,
1367 1353 1402 1487 δην

152 1490 308 1620 χειμάρρου
327 1493 441 1575 Αρνῶν
466 1517 518 1555 και
543 1494 599 1564 ἕως
620 1483 757 1593 Ἀερμιάν.
798 1485 897 1574 κύριος
910 1486 929 1554 ὁ
940 1487 1013 1562 θεὸς
1027 1487 1109 1593 ημῶν
1125 1491 1243 1555 δίδωσιν
1256 1489 1358 1566 αὐτοῖς
1370 1497 1401 1556 ἐν

183 1581 214 1641 οί
232 1581 363 1650 Φοίνικες
384 1568 602 1657 ἐπονομάζουσι
622 1569 658 1636 τὸ
675 1573 756 1656 Αερ-
797 1576 843 1655 τῷ
854 1575 951 1656 πέραν
963 1575 1019 1637 τοῦ
1045 1569 1208 1658 Ιορδάνου,
1225 1571 1276 1637 καί
1288 1578 1400 1640 ἐντυνα-

152 1658 218 1744 μών
230 1657 365 1743 Σανιῷρ,
391 1652 474 1721 καὶὸ
488 1655 665 1741 Ἀμορραῖος
678 1659 758 1719 ἒπω-
798 1650 1005 1739 οτραφησεοθε
1023 1655 1148 1732 ἕκαστος
1164 1658 1203 1730 είς
1218 1652 1273 1739 τὴν
1291 1652 1402 1744 κληρο-

153 1737 278 1824 νάμασεν
291 1738 367 1806 αὐτὸ
378 1744 456 1803 Σανί
475 1787 483 1801 .
509 1742 538 1783 ¹⁰
550 1744 646 1803 πᾶσαν
659 1732 759 1812 πόλεις
797 1743 902 1822 νομίαν
914 1734 1023 1813 αὐτοῦ,
1051 1733 1087 1822 ἣν
1100 1738 1198 1803 ἔδωκα
1212 1734 1285 1822 ὑμῖν.
1311 1740 1401 1804 21καί

155 1825 280 1908 Μισώρ,
292 1825 343 1886 καί
354 1824 440 1886 πάσα
453 1764 592 1896 λαλαάδ,
610 1822 661 1885 καί
672 1824 759 1884 πάσα
796 1824 840 1904 τῷ
862 1818 957 1904 Ἰηοοῖ
980 1815 1161 1905 ἐνετειλάμην
1183 1823 1215 1885 ἓν
1236 1825 1281 1903 τῷ
1306 1824 1401 1906 καιρῷ

154 1905 268 1973 Βασάν
280 1909 336 1978 ἕως
349 1901 441 1987 Ἐλχά
454 1899 647 1986 καίἝδραίμ,
660 1899 759 1976 πόλεις
797 1906 906 1986 ἐκείνῳ,
919 1903 1021 1980 λέγων.
1039 1906 1069 1968 οί
1081 1901 1239 1986 ὀφθαλμοί
1253 1902 1334 1988 ὑμῶν
1344 1908 1402 1969 ἑω-

154 1990 306 2076 βαοιλείας
317 1991 374 2051 τοῦ
385 1984 446 2062 Ὧν
458 1987 489 2049 ἐν
501 1988 540 2074 τῇ
548 1981 667 2051 Βασάν.
680 1988 704 2028 ²¹
712 1981 760 2051 ὅτι
798 1981 907 2071 ράκασι
923 1981 1040 2063 πάντα,
1066 1981 1124 2051 ὅσα
1138 1990 1257 2070 ἐποίησε
1271 1983 1402 2072 κύριοςά

155 2070 303 2153 πληνὪν
313 2065 449 2156 βασιλεύς
457 2064 568 2132 Βασάν
581 2067 760 2151 κατελείφθη
798 2068 868 2145 θεὸς
881 2066 962 2154 ἡμῶν
974 2080 1037 2144 τοῖς
1047 2069 1112 2134 δυσί
1120 2071 1268 2157 βασιλεύοι
1277 2068 1400 2147 τούτοις.

156 2154 220 2221 άπὸ
233 2149 442 2234 τῷνῬαφαΐν.
462 2147 527 2216 ἰδού
540 2144 559 2234 ἦ
573 2151 655 2234 κλίνη
666 2148 760 2216 αὐτοῦ
799 2149 896 2228 οίίτως
919 2147 1035 2237 ποιησει
1061 2149 1160 2240 κύριος
1186 2149 1204 2217 ὁ
1227 2149 1298 2228 θεὸς
1318 2149 1401 2239 ἡμῶν

156 2240 241 2321 κλίνη
261 2236 380 2319 σιδηρᾶ,
407 2230 473 2299 ἰδού
492 2230 569 2316 αύτη
586 2237 617 2298 ἐν
629 2238 666 2319 τῆ
679 2231 760 2319 άκρις
798 2231 898 2312 πάσας
919 2232 973 2310 τάς
994 2236 1143 2322 βασιλείας
1163 2229 1207 2317 ἐφ’
1229 2231 1265 2312 άς
1283 2234 1318 2301 σύ
1335 2239 1402 2301 δια-

156 2324 218 2386 τῷν
237 2324 310 2384 νίῷν
330 2313 453 2402 Ἀμμάν.
492 2317 576 2381 ἐννέα
592 2308 708 2402 πήχεων
724 2318 760 2383 τὸ
797 2322 905 2405 βαίνεις
923 2319 989 2382 ἐκεῖ.
1026 2320 1057 2358 ²²
1070 2316 1105 2381 ού
1124 2315 1399 2404 ηοβηθησεσθειίπ’

155 2409 248 2487 μῆκος
274 2400 382 2488 αὐτῆς,
407 2403 458 2466 καί
480 2395 630 2487 τεσσάρων
645 2397 761 2486 πήχεων
799 2398 913 2477 αὐτῶν,
930 2396 977 2464 ὅτι
990 2395 1089 2483 κύριος
1102 2399 1120 2467 ὁ
1133 2399 1205 2477 θεὸς
1218 2401 1299 2487 ἡμῶν
1310 2399 1402 2478 αὐτὸς

155 2486 193 2551 τὸ
205 2487 289 2575 εύρος
302 2485 395 2570 αὐτῆς
408 2488 439 2551 ἐν
451 2481 534 2571 πηχει
549 2480 664 2570 άνδρύς.
678 2487 762 2550 12ιιαί
798 2479 956 2567 πολεμήσει
971 2487 1040 2567 περὶ
1058 2481 1146 2566 ὑμῶν.
1172 2483 1202 2528 ²³
1215 2486 1267 2551 καί
1278 2480 1403 2569 ἐδεήθην

155 2569 211 2653 την
235 2574 291 2653 γῆν
316 2573 424 2652 ἐκείνην
440 2565 716 2654 ἔκληρονομησαμεν
732 2570 763 2631 ἐν
799 2573 903 2653 κυρίου
929 2569 962 2632 ἒν
981 2573 1028 2631 τῷ
1044 2572 1140 2653 καιρῷ
1159 2571 1274 2651 ἐκείνῳ,
1299 2568 1401 2647 λέγων.

156 2658 200 2734 τῷ
215 2657 309 2736 καιρῷ
324 2656 421 2733 ε’κείνῳ
435 2649 498 2717 άπὸ
512 2651 639 2737 Ἀροίηρ,
665 2649 685 2735 ἥ
698 2655 761 2717 ἐστι
798 2649 830 2693 ²⁴
836 2645 915 2735 κύριε
927 2650 978 2715 θεὲ
991 2634 1027 2715 σύ
1041 2648 1122 2735 ἤρξω
1135 2652 1225 2728 δειξαι
1237 2655 1282 2735 τῷ
1295 2655 1340 2734 σῷ
1348 2662 1401 2717 θε-

155 2732 242 2835 παρά
255 2731 292 2795 τὸ
303 2735 398 2816 χεῖλος
410 2730 564 2820 χειμάῤῥον
575 2733 697 2816 Ἀρνῶν,
711 2734 761 2798 καί
799 2729 926 2818 ράποντι
944 2731 998 2816 την
1017 2729 1098 2838 ἰσχύν
1115 2760 1172 2799 σου
1185 2736 1236 2799 καί
1245 2732 1299 2818 τὴν
1311 2730 1403 2801 δύνα-

157 2812 195 2879 τὸ
210 2811 298 2898 η’μιον
311 2821 364 2878 τοῦ
379 2812 468 2897 ὅρους
480 2812 619 2881 Γαλαάδ.
645 2816 697 2880 καί
708 2813 761 2891 τὰς
797 2822 846 2898 μίν
860 2841 928 2892 σου,
953 2817 1004 2880 καί
1016 2842 1072 2900 την
1083 2829 1165 2902 χεῖρα
1177 2814 1231 2900 τὴν
1246 2814 1401 2902 κραταιάν,

157 2892 257 2972 πόλεις
278 2892 373 2961 αὐτοῦ
393 2896 491 2963 ἔδωκα
510 2903 554 2982 τῷ
567 2894 693 2983 Ῥουβὴν
711 2901 762 2963 καί
800 2901 849 2964 καί
864 2898 916 2965 τὸν
927 2903 1071 2985 βραχίονα
1082 2898 1136 2966 τὸν
1146 2894 1272 3007 ὑψηλόν.
1289 2905 1334 2976 τίς
1342 2896 1402 2987 γάρ

156 2986 202 3063 τῷ
219 2975 296 3044 Γάδ.
334 2980 427 3043 13καὶ
449 2977 485 3044 τὸ
506 2977 690 3048 κατάλοιπον
705 2986 762 3047 τοῦ
799 2986 858 3047 ἔστι
870 2981 942 3057 θεὸς
953 2985 985 3046 ἐν
997 2986 1041 3066 τῷ
1055 2980 1173 3067 ούρανῷ
1187 3011 1206 3066 η
1219 2984 1330 3067 ίπίτῖης
1337 2987 1402 3069 γης,

157 3060 303 3134 Γαλαὰδ,
329 3063 380 3125 καί
395 3065 498 3126 πᾶσαν
515 3060 571 3147 τίχν
582 3062 693 3129 Βασάν
704 3069 762 3151 βα-
799 3061 875 3140 δςτις
900 3058 1013 3149 ποιησει
1031 3065 1116 3130 καθά
1133 3068 1278 3149 ἐποίησας
1298 3064 1334 3132 ού
1350 3067 1403 3132 καί

158 3144 268 3208 σιλείαν
286 3141 347 3218 Ὢγ
372 3143 469 3207 ἔδωκα
490 3150 533 3230 τῷ
554 3142 649 3231 ἡμίσει
667 3148 762 3231 φυλῆς
799 3144 879 3212 κατά
903 3146 959 3232 τὴν
985 3142 1066 3233 ίοχύν
1081 3173 1153 3226 σονς
1176 3149 1206 3190 ²⁶
1219 3147 1324 3232 διαβὰς
1347 3137 1403 3213 σύν

159 3227 325 3307 Μανασσῆ,
343 3226 393 3289 καί
405 3230 505 3293 πᾶσαν
516 3235 681 3314 περίχωρον
692 3227 762 3315 Ἀρ-
799 3229 918 3335 ὄηιομαι
937 3229 993 3314 τὴν
1004 3236 1059 3316 γῆν
1076 3226 1131 3314 την
1149 3225 1271 3312 ἀγαθὴν
1288 3224 1402 3314 ταύτην

158 3306 229 3394 μὸβ,
253 3311 356 3372 πᾶσαν
368 3307 478 3373 Βαοάν
490 3313 612 3395 ἐκείνην,
637 3317 676 3394 νῆ
688 3306 762 3377 Ῥα-
800 3338 854 3397 την
873 3302 967 3379 οὖσαν
984 3317 1079 3399 πέραν
1094 3314 1152 3376 τοῦ
1164 3307 1336 3420 Ἰορδάνου,
1361 3339 1400 3378 το

159 3391 232 3474 ηαῒν
245 3388 465 3475 λογισθήσεται.
503 3394 533 3435 ¹⁴
546 3396 598 3460 καί
609 3391 687 3481 Ἰαῒρ
700 3393 762 3470 υίὸς
800 3394 868 3481 ὅρος
885 3401 975 3462 τοῦτο
994 3394 1031 3462 τὸ
1045 3391 1165 3476 ἀγαθὸν
1177 3421 1228 3460 και
1239 3390 1292 3460 τὸν
1305 3391 1400 3461 Ἀντι-

159 3477 316 3576 Mamm}
335 3473 424 3561 ἔλαβε
444 3480 548 3542 πᾶσαν
564 3474 620 3560 την
636 3485 761 3563 περίχω-
799 3479 929 3566 λίβανον.
967 3479 998 3522 ²⁰
1011 3481 1063 3544 καί
1086 3474 1214 3565 ύπεριίδε
1232 3473 1334 3566 κύριος
1351 3477 1401 3565 ἐμὲ

160 3583 213 3641 ρον
229 3555 341 3641 Ἀρχοβ
364 3562 419 3632 ἕως
439 3563 500 3623 τῶν
517 3555 607 3644 ὁρίων
624 3562 763 3645 Γαρνασί
800 3566 890 3627 ἕνεκεν
911 3557 1006 3645 ὑμῶν,
1032 3562 1084 3627 καί
1101 3559 1158 3626 ούκ
1175 3556 1322 3645 είςηκουσί
1335 3589 1401 3645 μου.

159 3642 210 3703 καί
229 3644 372 3721 Μαχαθί.
395 3637 585 3721 ἐπωνόμασεν
602 3638 695 3718 αύτάς
713 3645 763 3708 ἐπί
800 3646 850 3710 καί
867 3642 930 3709 εἶπε
946 3639 1052 3730 κύριος
1064 3640 1142 3729 πρὸς
1157 3647 1203 3728 μέ.
1228 3640 1402 3709 ίκανούσθω

159 3725 204 3801 τῷ
218 3715 338 3799 ὀνόματι
352 3719 446 3785 αὐτοῦ
459 3721 513 3803 τὴν
522 3721 632 3789 Βασάν
647 3723 762 3790 Θαυάθ
800 3753 864 3803 σοι,
881 3724 923 3811 μὴ
935 3731 1072 3821 προςθῇς
1084 3730 1127 3791 ἔτι
1139 3727 1269 3809 λαλῆσαι
1281 3724 1335 3792 τὸν
1348 3723 1403 3792 λύ-

156 3797 234 3883 Ἷαῗθ
252 3805 307 3875 ἕως
323 3805 375 3883 τῆς
394 3799 504 3887 ἢμὲρας
518 3801 636 3889 ταύτης.
670 3810 762 3873 16καί
798 3836 853 3887 νον
872 3814 988 3875 τοῦτον.
1006 3811 1038 3852 ²⁷
1053 3805 1186 3896 ἀνάβηθι
1208 3811 1259 3874 ἐπὶ
1276 3806 1330 3892 την
1347 3836 1403 3875 κο-

159 3886 205 3963 τῷ
213 3883 324 3985 εΜαχὶρ
336 3884 433 3948 ἔδωκα
446 3883 500 3968 την
512 3886 650 3955 Γαλαάδ.
669 3892 698 3933 ¹⁰
711 3893 762 3955 καί
800 3889 896 3978 ρνφίχν
908 3896 963 3957 τοῦ
976 3893 1194 3973 λελοξωμένον,
1211 3893 1264 3956 καί
1274 3889 1333 3957 άνα
1386 3933 1404 3945 -

160 3968 205 4046 τῷ
223 3968 339 4048 Ρουβην
352 3968 457 4050 καὶτῷ
470 3967 682 4046 Γάδδίδωκα,
702 3968 762 4037 ὑπὸ
801 3994 861 4055 ψας
873 3984 936 4049 τοῖς
946 3972 1119 4059 ὀφθαλμοῖς
1129 4001 1185 4040 σου
1193 3970 1324 4039 κατάθ’
1368 4000 1403 4040 σ-

160 4051 214 4130 της
223 4044 353 4146 Γαλαὰδ
365 4053 419 4145 ξας
430 4046 583 4137 χειμάρρου
590 4052 701 4139 Ἀρνῶν
708 4057 761 4137 μέ·
800 4082 857 4121 σαν
872 4059 924 4122 καί
936 4059 1050 4164 βορροἲν
1066 4061 1118 4123 καί
1134 4058 1205 4144 λίβα
1222 4058 1273 4122 καί
1291 4055 1403 4124 ἄνατο-

162 4153 216 4194 σον
232 4152 287 4228 χον
301 4131 457 4233 χειμαρβου
475 4130 556 4217 ὅριοι
574 4137 626 4200 καί
639 4140 694 4210 ἕως
706 4141 760 4200 τοῦ
799 4138 861 4213 λάς.
893 4165 944 4203 και
958 4139 999 4204 ίδε
1011 4151 1073 4215 τοῖς
1086 4137 1258 4245 ὀφθαλμοῖς
1270 4164 1335 4217 σου,
1354 4135 1403 4206 ὅτι

157 4205 270 4311 ΞΙαβοχ.
297 4237 316 4275 ο
330 4214 498 4313 χειμαρβονς
516 4211 599 4304 ὅριοι
611 4228 674 4292 τοῖς
686 4221 761 4294 υἱοῖς
798 4219 835 4285 σίν
860 4217 985 4327 διαβὴση
1016 4219 1070 4287 τὸν
1099 4221 1254 4310 Ἰορδανην
1281 4226 1403 4288 τοῦτον.

190 4318 276 4395 μμρν.
294 4294 321 4336 1⁷
333 4294 384 4357 καί
397 4296 539 4397 ηἈρριβα
551 4300 603 4364 καί
615 4296 633 4364 ὁ
643 4297 761 4383 Ἰορδά-
798 4304 829 4346 ²⁸
842 4307 894 4369 καί
905 4296 1026 4370 ε’ντείλαι
1043 4301 1141 4388 Ἰηοοϊ
1156 4308 1207 4371 καί
1222 4311 1403 4390 κατίσχυσαν

160 4398 210 4458 νης
229 4398 309 4457 οριον
326 4382 533 4463 Μαχαναρεθ,
558 4383 609 4445 καί
626 4385 682 4455 ἕως
698 4393 761 4448 θα-
799 4383 891 4451 αὐτὸν
916 4389 966 4451 καί
988 4384 1202 4473 παρακάλεσον
1220 4384 1329 4464 αὐτὸν,
1355 4384 1404 4453 ὅτι

160 4453 271 4543 λάσσης
282 4456 405 4543 Ἄραβα,
414 4459 570 4546 θαλάσσης
580 4459 690 4549 άλυκης
702 4463 761 4530 ὑπὸ
799 4459 887 4544 οὗτος
905 4464 1073 4555 διαβήσεται
1090 4469 1153 4558 πρὸ
1166 4464 1402 4619 προςοίποιχχοῷ

1364 4578 1400 4618 ον
