2924 4972
145 229 213 297 306
329 225 628 289 ΒΑΣΙΛΕΙΩΝ
651 224 831 287 ammi
870 222 1207 301 Κεφ.λ’.λα’.30.31.

148 342 206 405 εἶπε
223 339 328 406 Δαυίδ.
356 335 393 401 ού
403 333 539 418 ποιήσετε
552 333 660 411 οὕτως,
682 336 756 420 μετά
794 337 897 401 αὑτοῦ.
924 336 1037 403 σπάσαι
1049 337 1103 423 τὴν
1119 344 1271 425 ῥομφαίαν
1284 370 1340 409 σου
1352 349 1403 411 καὶ

146 423 184 490 τὸ
204 422 396 508 παραδοῦναι
418 416 472 484 τὸν
492 414 594 505 κύριον
613 415 682 502 ἡμῖν
706 419 758 484 καὶ
793 416 998 504 ἀποκίντησόν
1009 447 1045 506 με
1057 425 1089 487 ἐν
1103 421 1190 516 αὐτῇ,
1214 422 1255 528 μη
1269 425 1405 493 ἔλθωσιν

147 503 274 589 φυλάξαι
298 501 384 586 ημᾶς,
410 504 462 567 καὶ
483 502 638 586 παρέδωκε
658 497 759 588 κύριος
795 508 826 569 οὶ
838 501 1031 590 ἀπερίτμητοι
1056 497 1140 571 οὗτοι
1164 508 1217 570 καὶ
1235 513 1404 615 απακεντη-

149 587 202 654 τόν
220 585 355 672 Γεδδοὶιρ
373 585 428 651 τὸν
445 581 636 710 ἐπερρόμενον
656 582 700 666 ἐφ’
723 583 759 668 ἢ·
794 593 873 652 σωσί
882 612 916 669 με
929 591 980 653 καὶ
992 590 1172 669 ἐμπαὲωσιν
1184 593 1258 674 ἐμοί.
1284 595 1335 656 καὶ
1348 619 1402 658 ουκ

149 677 204 746 σᾶς
223 676 263 746 είς
280 682 378 756 χεῖρας
391 665 482 753 ἡμῶν.
506 673 521 710 ²
551 670 602 733 καὶ
617 673 663 743 τίς
682 670 758 734 ἐπα·
794 670 936 756 ἐβούλετο
950 669 968 734 ὁ
982 673 1076 755 αἴρων
1089 671 1128 736 τά
1141 673 1229 755 σκεύη
1241 670 1402 752 αύτοῦ,ὃ’τι

148 753 288 820 καύσεται
312 751 394 836 ἀμῶν
416 757 477 816 τῶν
499 748 599 829 λόγων
619 747 738 816 τούτων
744 779 757 828 ,·
796 749 935 840 ἐφοβήθη
958 751 1086 841 σφόδρα.
1112 756 1165 819 καὶ
1187 755 1277 841 ἐλαβε
1297 757 1402 823 Σαούλ

148 835 196 902 ότι
207 836 260 922 οὐχ
269 830 361 922 ἧττον
371 832 454 919 ἡμῶν
463 831 605 910 είσι,διότι
614 832 694 899 κατά
704 835 759 917 τὴν
794 836 850 939 τὶρν
866 840 1025 922 ῥομφαίαν,
1050 839 1103 901 καὶ
1120 840 1261 903 ἐπέπεσεν
1276 839 1321 903 ἐπ’
1344 842 1400 905 αὖ-

145 923 250 1006 μερίδα
261 922 599 1004 τοῡκαταβαίνοντοςείς
607 916 759 982 τὸνπόλε-
795 942 855 1000 την.
881 921 896 963 ⁵
908 920 961 984 καὶ
971 918 1043 985 εἶδεν
1055 917 1073 984 ό
1087 920 1181 1005 αἴρων
1192 921 1232 985 τά
1246 918 1333 1006 σκεύη
1345 922 1400 988 αὐ-

147 1028 215 1090 μον,
222 1000 320 1079 ούτως
332 1006 418 1068 ἐσται
430 997 449 1083 ἦ
463 1002 542 1086 μερὶς
555 1004 613 1065 τοῦ
625 1004 759 1084 καθημέ-
795 1006 851 1066 τοῦ
868 997 916 1066 ότι
933 1006 1057 1086 τέθνηκε
1068 1000 1188 1080 Σαοὺλ,
1214 1008 1267 1070 καὶ
1279 1009 1402 1072 ἐπέπεσε

148 1113 202 1153 νου
216 1087 267 1152 ἐπὶ
278 1086 318 1150 τὰ
333 1081 431 1167 σκεύη,
448 1082 527 1149 κατά
539 1081 577 1148 τό
591 1080 666 1148 αάτό
679 1109 759 1171 μερι-
796 1086 848 1150 καὶ
867 1082 959 1161 αὐτὸς
976 1087 1027 1151 ἐπὶ
1050 1085 1104 1168 την
1121 1088 1272 1170 ῥομφαίαν
1295 1087 1401 1166 αὐτοῦ,

149 1174 264 1236 σῦνται.
289 1169 318 1213 ²⁶
332 1170 383 1234 καὶ
401 1164 526 1251 ἐγενηθη
540 1165 604 1231 άπὸ
618 1170 671 1251 τῆς
684 1167 758 1252 ἣμέ-
795 1167 846 1232 καὶ
864 1167 999 1233 ἀπέθανε
1016 1167 1074 1253 μετ’
1092 1168 1198 1233 αὐτοῦ.
1230 1173 1309 1235 6καὶ
1326 1171 1399 1237 ἀπέ-

148 1281 204 1340 ρας
216 1258 321 1335 ἐκείνης
339 1253 391 1315 καὶ
410 1247 513 1316 ἐπάνω
525 1251 578 1315 καὶ
593 1252 706 1326 ἐγένετο
719 1255 759 1326 εὶς
795 1261 870 1316 θανε
882 1248 988 1316 Σαούλ
1006 1255 1058 1316 καὶ
1075 1257 1107 1317 οὶ
1125 1264 1202 1339 τρεῖς
1220 1257 1280 1319 υἱοὶ
1293 1253 1403 1330 αὐτοῦ,

148 1334 324 1420 πρόςταγμα
335 1336 434 1409 καὶεές
443 1335 591 1417 δικαίωμα
602 1336 646 1396 τῶ
656 1331 758 1419 Ἰσρα-
794 1335 847 1399 καὶ
859 1331 877 1398 ό
891 1335 985 1419 αἴρων
995 1333 1035 1399 τά
1050 1330 1139 1418 σκεύη
1158 1335 1255 1401 αὐτοῦ
1272 1341 1303 1402 ἐν
1315 1344 1352 1414 τῆ
1366 1335 1404 1421 ἡ-

148 1418 189 1500 ὶηλ
201 1426 257 1495 ἕως
268 1420 321 1501 τῆς
339 1413 471 1502 σήμερον.
497 1419 528 1460 ²⁰
539 1418 591 1482 καὶ
604 1397 680 1499 ἦλθε
692 1423 758 1481 Δα-
795 1420 871 1502 μέρη
885 1419 979 1500 ἐκείνη
991 1415 1119 1483 κατὰτὸ
1133 1416 1219 1484 αὐτό.
1246 1421 1316 1485 7καὶ
1327 1409 1404 1487 ίίδον

148 1505 199 1568 υὶδ
223 1507 262 1577 εὶς
287 1500 427 1574 Σεκελδικ,
443 1501 494 1564 καὶ
518 1497 671 1565 ἀπέστειλε
693 1511 757 1576 τοῖς
796 1487 1072 1586 οὶάνδρεςἾσραὴλ
1090 1507 1121 1567 οὶ
1134 1506 1165 1566 ἒν
1180 1507 1224 1586 τῷ
1242 1506 1338 1588 πέραν
1352 1509 1403 1587 τῆς

148 1587 358 1671 πρεσβυτέροις
379 1587 441 1648 τῶν
454 1578 570 1648 σκύλων
580 1579 684 1648 Ἰούδα
706 1584 759 1647 καὶ
796 1579 934 1657 κοιλάδας
947 1586 998 1648 καὶ
1012 1589 1043 1649 οί
1052 1589 1084 1649 ἐν
1093 1589 1138 1668 τῷ
1147 1590 1244 1670 πέραν
1256 1591 1314 1650 τοῦ
1323 1586 1402 1669 Ἰορ-

148 1680 213 1744 τοΐς
228 1666 359 1749 πλησίον
370 1663 478 1746 αὐτοῦ,
491 1666 593 1743 λέγων.
615 1665 680 1732 ἐδοὶι
693 1664 756 1734 άπὸ
796 1662 899 1743 δάνον,
911 1663 959 1731 ότι
972 1669 1085 1749 ἔφυγον
1104 1673 1136 1732 οὶ
1154 1666 1257 1753 ἀνδρες
1268 1666 1402 1754 Ἰσραὴλ,

148 1757 211 1817 τῶν
224 1748 341 1816 σκύλων
353 1754 414 1813 των
423 1751 541 1834 ἐχθρῶν
549 1755 660 1832 κυρίου,
666 1751 758 1825 27τοῖς
795 1751 847 1813 καὶ
859 1744 906 1813 ότι
919 1752 1045 1833 τέθνηκε
1052 1746 1160 1816 Σαοὺλ
1168 1753 1219 1816 καὶ
1231 1757 1261 1816 οῖ
1272 1755 1332 1815 υἱοὶ
1344 1752 1402 1817 αύ-

150 1839 181 1901 ἐν
192 1831 375 1916 Βαιθσούρ,
401 1835 452 1896 καὶ
466 1842 529 1905 τοῖς
542 1827 642 1913 Ῥαμᾷ
656 1830 756 1909 νότου,
795 1835 862 1908 τοῦ,
875 1834 927 1897 καὶ
939 1833 1149 1899 καταλείπουσι
1167 1833 1221 1908 τάς
1232 1830 1331 1908 πόλεις
1344 1833 1401 1899 αιἰ-

149 1921 276 1993 καὶτοῖς
289 1921 320 1982 ἐν
333 1914 450 2000 Γεθόρ,
483 1915 514 1956 ²⁸
526 1914 578 1977 καὶ
590 1925 653 1991 τοῖς
665 1919 696 1980 ἐν
705 1912 757 1981 'A-
796 1919 857 1980 τῶν
881 1917 933 1980 καὶ
957 1912 1105 1997 φεύγουσι.
1132 1918 1184 1981 καὶ
1208 1919 1343 2002 ἔρχονται
1369 1922 1404 1982 οὶ

148 2000 241 2089 ροηρ,
254 2002 305 2065 καὶ
317 2010 379 2074 τοῖς
391 2001 422 2063 ἐν
432 1994 574 2080 Ἀμμαδὶ,
587 1998 639 2061 καὶ
651 2009 715 2072 τοῖς
727 2001 758 2062 ἐν
796 1993 961 2079 ἀλλόφυλοι
973 2001 1025 2064 καὶ
1041 2003 1231 2065 κατοικοῦσιν
1243 2004 1273 2064 ἐν
1286 1997 1401 2076 αιἰταῐς.

148 2088 244 2166 Σαφὶ,
258 2086 384 2158 καὶτοῖς
403 2084 432 2144 ἐν
446 2078 561 2156 Ἕσθιέ,
586 2082 617 2124 29
629 2083 757 2157 καὶτοῖς
795 2082 876 2145 8ιιαὶ
888 2078 1013 2167 ἐγενήθη
1025 2088 1063 2175 τῇ
1073 2079 1214 2169 ἐπαύριον
1226 2085 1359 2169 ἔρχονται
1371 2087 1402 2148 οὶ

149 2171 181 2234 ἐν
194 2167 273 2244 sto,
298 2168 351 2231 καὶ
363 2177 428 2240 τοῖς
440 2168 472 2229 ἐν
484 2160 602 2245 Κιμάθ,
629 2167 758 2240 καὶτοῖς
796 2161 964 2246 ἀλλόφυλοι
985 2162 1160 2231 ἐκδιδάσκειν
1177 2164 1247 2240 τοὺς
1270 2163 1402 2252 νεκρούς,

150 2255 180 2316 ἐν
191 2250 305 2331 Σαφὲκ,
316 2249 441 2322 καὶτοῖς
453 2251 484 2312 ἐν
498 2244 618 2330 Θημὶιθ,
629 2250 680 2314 καὶ
692 2258 758 2322 τοῖς
797 2248 849 2310 καὶ
869 2245 1038 2332 εὑρίσκουσι
1060 2248 1113 2314 τόν
1133 2247 1240 2313 Σαούλ
1257 2250 1308 2312 καὶ
1330 2274 1402 2321 τους

151 2338 183 2399 ἐν
197 2329 367 2417 Καρμήλῳ,
389 2333 440 2395 καὶ
452 2340 517 2405 τοῖς
529 2334 561 2394 ἐν
573 2343 640 2405 ταῖς
652 2331 757 2396 πόλεσι
797 2341 874 2414 τρεῖς
886 2328 971 2405 υἱούς
984 2327 1079 2397 αὐτοῦ
1090 2329 1285 2404 πεπτωκότας
1297 2333 1348 2395 ἐπὶ
1359 2329 1400 2394 τά

149 2413 374 2501 τοῡἹερεμεὴλ,
393 2415 518 2488 καὶτοῖς
531 2416 641 2488 ἐνταῖς
653 2410 756 2479 πόλεσι
798 2411 853 2516 δ’ρη
876 2413 1016 2500 Γελβουέ.
1056 2417 1136 2479 9καὶ
1159 2411 1400 2499 ἀποστρέφουσα

150 2506 205 2565 τοῦ
220 2501 332 2577 Κενεζὶ,
359 2499 390 2541 ³⁰
402 2498 454 2563 καὶ
471 2507 533 2570 τοῖς
551 2499 581 2561 ἒν
593 2493 756 2583 Ἱεριμούθ,
797 2496 901 2574 αυτὸν,
927 2499 977 2562 καὶ
990 2499 1127 2575 ἐξέδυσαν
1139 2495 1179 2563 τά
1192 2494 1280 2581 σκεύη
1294 2495 1401 2574 αὐτοῦ,

150 2586 201 2648 καὶ
227 2595 290 2659 τοῖς
316 2585 349 2647 ἐν
370 2579 538 2666 Βηρσαβεέ,
564 2581 615 2644 καὶ
639 2592 703 2655 τοῖς
727 2582 758 2646 ἐν
796 2581 848 2644 καὶ
859 2578 1090 2647 ἀποστέλλουσιν
1099 2580 1179 2647 αὐτά
1193 2585 1231 2655 εἰς
1243 2586 1297 2665 γῆν
1310 2578 1402 2645 άλλσ-

150 2665 267 2752 Νομβὲ,
294 2667 321 2708 ³¹
339 2665 472 2736 καὶτοῖς
489 2665 519 2725 ἐν
539 2661 679 2749 Χεβρών,
706 2665 758 2728 καὶ
797 2659 899 2811 φύλων
915 2661 1015 2748 κύκλῳ
1034 2662 1264 2743 εύαγγελίζοντες
1282 2674 1345 2736 τοῖς
1362 2666 1403 2725 εἶ-

149 2745 265 2822 πάντας
281 2744 353 2820 τοὺς
371 2740 484 2818 τόπους
503 2741 555 2819 οὶὶς
573 2747 677 2830 διῆλθε
691 2753 756 2812 Δα-
815 2743 904 2822 ιόλσις
916 2745 1016 2812 αὐτῶν
1027 2750 1079 2810 καὶ
1090 2753 1134 2829 τῷ
1147 2748 1222 2827 λαῷ.
1236 2747 1320 2809 10καὶ
1332 2742 1403 2810 ἀνέ-

150 2831 200 2896 υὶδ
210 2834 270 2894 ἐκεῖ
279 2826 371 2903 αάτός
383 2829 434 2893 καὶ
446 2831 477 2891 οὶ
489 2825 590 2912 ἀνδρες
601 2827 704 2894 αὐτοῦ.
796 2839 897 2912 θηκαν
907 2826 948 2893 τά
959 2826 1045 2910 σκεύη
1063 2826 1160 2892 αὐτοῦ
1172 2832 1212 2900 είς
1224 2826 1261 2889 τό
1269 2825 1402 2910 Ἀστάρ-

329 2918 402 2977 ΚΕ
416 2916 454 2975 Φ.
496 2906 587 2976 AA'.
797 2924 884 2987 τείον,
897 2907 997 2976 καὶτό
1016 2912 1103 2993 σῶμα
1121 2905 1217 2973 αὐτοῦ
1229 2908 1399 3010 κατέπηξαν

149 2964 236 3064 Καὶ
264 3001 295 3062 οὶ
319 2991 489 3075 ἀλλόφυλοι
519 2995 681 3079 ἐπολέμουν
706 2999 758 3062 ἐπὶ
796 2999 882 3076 ἐντῷ
895 2999 978 3078 τείχει
989 2989 1145 3094 Βαιθσάμ
1170 2987 1400 3054 11καὶάκσυου-

145 3078 279 3166 Ἰσραὴλ,
296 3081 348 3144 καὶ
360 3081 469 3160 ἔφυγον
481 3082 511 3143 οὶ
524 3077 626 3164 ἀνδρες
634 3076 758 3188 Ἰσραὴλ
796 3102 842 3143 σιν
854 3080 885 3141 οὶ
895 3079 1099 3148 κατοικοῦντες
1126 3073 1210 3159 Ῑαβίς
1227 3078 1280 3156 τῆς
1292 3073 1400 3139 Γαλα-

149 3167 182 3229 ἒκ
194 3157 360 3249 προςιόπου
371 3165 431 3226 τῶν
442 3157 632 3244 ἀλλοφύλων,
640 3189 693 3227 και
704 3168 756 3226 πί-
795 3154 959 3233 αδίτιδοςὶὶ
975 3160 1117 3239 ἐποίησαν
1128 3160 1159 3220 οὶ
1176 3153 1343 3237 ἀλλόφυλοι
1356 3162 1399 3239 τῷ

148 3273 259 3312 πτουσι
271 3250 449 3332 τραυματίαι
459 3246 544 3330 ἐντῷ
554 3245 614 3331 ι’ίρει
624 3251 668 3328 τῷ
677 3244 756 3309 Γελ·
793 3238 908 3307 Σαούλ
946 3245 975 3283 ¹²
986 3242 1038 3305 καὶ
1060 3238 1229 3323 ἀνέστησαν
1240 3242 1300 3313 πάς
1323 3236 1399 3342 άνρρ

148 3334 226 3419 βουί.
251 3331 321 3395 2καὶ
334 3323 534 3394 συνάπτουσιν
546 3333 578 3393 σί
589 3326 756 3410 ἀλλόφυλοι
794 3320 954 3408 δυνάμεως,
979 3325 1032 3390 καὶ
1043 3321 1251 3410 ἐπορεύθησαν
1262 3318 1334 3405 ὅλην
1345 3348 1400 3426 την

148 3419 194 3498 τῷ
211 3413 318 3479 Σαοὺλ
334 3414 386 3477 καὶ
404 3423 466 3487 τοῖς
484 3416 561 3488 υὶοίς
573 3410 679 3488 αὐτοῦ,
705 3412 757 3475 καὶ
796 3403 897 3485 νύκτα,
923 3409 975 3473 καὶ
994 3407 1103 3494 ἐλαβον
1124 3403 1161 3471 τό
1184 3409 1272 3488 σῶμα
1294 3406 1401 3471 Σαουλ

148 3502 313 3564 τύπτουσιν
338 3491 506 3575 ἀλλόφυλοι
531 3493 586 3560 τόν
608 3489 757 3561 Ἰωνάθαν
794 3490 899 3557 καὶτὸ
917 3487 1167 3574 σάμαἸωνάθαν
1185 3493 1240 3554 τοῦ
1259 3493 1326 3553 υἱοῦ
1344 3487 1400 3553 αά-

149 3584 201 3647 καὶ
223 3582 278 3648 τὸν
295 3578 459 3664 Ἀμιναδάβ
478 3579 530 3643 καὶ
552 3577 607 3642 τὸν
619 3579 690 3644 Μελ
708 3583 757 3643 ισᾶ
795 3579 851 3640 τοῦ
873 3571 936 3640 ἀπὸ
958 3578 1014 3640 τοῦ
1031 3581 1142 3660 τείχους
1163 3571 1324 3653 Βαιθσάμ,
1349 3572 1400 3634 καὶ

150 3663 217 3730 υίὸν
228 3660 346 3729 Σαούλ.
372 3664 387 3704 ³
400 3665 450 3726 καὶ
462 3657 621 3747 βαρύνεται
634 3659 652 3725 ό
665 3661 755 3727 πολε-
795 3663 933 3746 φίρουσιν
944 3654 1055 3733 αὐτοὺς
1068 3663 1107 3732 εὶς
1115 3655 1217 3741 Ἰαβὶς,
1241 3654 1293 3718 καὶ
1304 3678 1400 3751 κατα-

149 3772 204 3831 μος
217 3749 268 3810 ἐπὶ
279 3741 397 3818 Σαοὺλ,
403 3747 455 3809 καὶ
468 3743 653 3830 εὑρίσκουσιν
666 3741 758 3810 αὐτόν
795 3751 929 3809 καίουσιν
951 3738 1061 3816 αὐτούς
1071 3745 1136 3804 ἐκεῖ.
1173 3741 1200 3780 ¹³
1211 3739 1261 3802 καὶ
1283 3736 1398 3819 λαμβα-

151 3834 181 3894 οὶ
200 3827 374 3894 ἀκοντισταὶ
391 3826 490 3912 ἀνδρες
508 3820 639 3903 τοξόται,
664 3831 715 3893 καὶ
728 3831 758 3891 ἒ-
795 3852 877 3891 νουσι
889 3823 929 3890 τά
943 3823 1022 3890 ὀστᾶ
1034 3821 1146 3898 αὐτῶν,
1164 3822 1215 3886 καὶ
1226 3815 1398 3884 θάπτουσιν

150 3919 361 3996 τραυματίσθη
375 3914 413 3986 εὶς
431 3909 470 3975 τὰ
484 3907 758 3997 ύποχόνδρια.4καὶ
796 3907 857 3974 ἀπὸ
876 3908 930 3991 τὴν
949 3906 1084 3993 ἀρουραν
1102 3905 1157 3989 τὴν
1173 3909 1205 3970 ἐν
1222 3901 1322 3988 Ἰαβὶς,
1348 3901 1400 3964 καὶ

150 3995 323 4063 είπεΣαοὺλ
335 3989 410 4076 πρός
421 3991 473 4059 τόν
483 3995 607 4081 αἴροντα
619 3993 658 4060 τά
671 3988 757 4078 σκεύη
796 3988 984 4075 νηστεύουσιν
1000 3988 1077 4057 ἑπτά
1091 3987 1208 4077 ἡμέρας.
