2924 4972
106 238 171 306 560
472 236 494 293 Ι
518 233 547 291 Ω
572 233 605 291 Β
646 233 723 308 Κεφ.
739 233 787 311 ιη’.
806 223 857 292 ιθ’.
874 229 925 295 18.
941 228 991 295 19.

102 357 166 426 δίας
181 377 247 434 μου.
272 354 301 392 ¹²
312 347 405 417 νύκτα
421 356 460 426 είς
478 350 590 455 ήμέραν
602 358 710 437 ἔθηκα,
750 351 835 436 αὐτῷ
857 358 1017 431 ἐστέναξαν
1028 357 1159 438 ἔσχατοι,
1170 351 1312 438 πρώτους
1325 356 1358 422 δὲ

101 440 164 511 φῶς
189 431 274 511 ἐγγὺς
297 432 359 499 ἀπὸ
388 460 552 520 προςωπου
576 433 711 511 σκότους.
748 440 810 521 ἑσχε
830 442 945 519 θαῦμα.
983 430 1111 501 21οῦτοί
1131 442 1202 503 εἰσιν
1225 442 1256 501 οἱ
1277 438 1357 504 οἶκοι

100 520 126 559 ¹³
144 516 197 582 ἐὰν
213 516 253 595 μὰ
291 515 450 597 ῦπομείνω,
468 514 540 602 ᾅδης
557 546 616 602 μου
635 516 712 584 ὁολ-
747 518 867 595 ἀδίκων,
881 512 970 598 οῦτρς
984 519 1015 584 δὲ
1033 545 1051 584 ο
1069 515 1163 595 τόπος
1181 525 1241 586 τῶν
1259 520 1299 605 μή
1315 528 1357 586 εῖ-

104 627 171 677 κος,
197 604 229 665 ἐν
253 543 285 665 δὲ
309 596 413 684 γνόφῳ
438 604 588 686 ἔστρωταί
610 628 668 684 μου
692 599 711 684 ἡ
746 599 1030 689 δότωντὸνκῦριον.

105 680 250 769 στρωμνή.
283 684 313 725 ¹⁴
336 680 471 749 θάνατον
494 683 712 768 ἕπεκαλεσάμην
779 689 792 717 ¹
932 693 963 749 Κ
976 693 1006 749 Ε
1020 691 1058 749 (ί).
1102 682 1174 750 10'.

104 769 224 849 πατέρα
235 790 294 847 μου
308 764 393 842 εἶναι,
418 772 531 853 μητέρα
545 770 578 852 δέ
588 795 648 852 μου
661 770 712 832 καί
749 735 951 855 Υπολοβῶν
964 768 996 833 δὲ
1013 766 1085 855 Ἰῶβ
1102 769 1185 846 λέγει.
1212 771 1227 809 ²
1240 774 1296 844 ἕως
1307 778 1357 835 τί·

104 848 234 950 ἀδελφήν
248 856 387 936 σαπρίαν.
413 852 516 916 15ποῦ
531 851 586 917 οῦν
597 878 655 934 μου
669 856 712 916 ἔτι
746 878 797 926 νος
810 856 939 930 ε”γκοπον
950 848 1087 952 ποιήσετε
1098 848 1197 936 ψυχήν
1208 878 1284 935 μου,
1303 857 1356 919 καί

104 934 183 996 ἐστίν
197 960 214 1016 η
229 931 323 1008 ἐλπίς,
351 932 423 1011 ἢτὰ
435 931 543 1011 ἀγαθά
556 961 616 1018 μου
629 934 713 1017 όψο-
740 946 916 1020 καθαιρεῖτε
935 961 968 1017 με
984 935 1099 1013 λογοις,·
1124 936 1138 976 ³
1151 940 1245 1011 γνῶτε
1261 932 1355 1016 μόνον

103 1042 174 1097 μοις
201 1013 332 1098 ’θῆμεί
350 1020 423 1098 ἐμοῦ
436 1022 475 1090 εἷς
487 1014 562 1101 ᾅδην
577 1015 712 1103 καταβή-
747 1014 938 1103 ὅτιὸκὺριος
950 1021 1072 1100 ἐποίησέ
1081 1044 1115 1100 με
1127 1014 1231 1093 οῦτως.
1259 1044 1355 1083 κατα-

105 1122 228 1176 σονται,
255 1097 274 1181 ἢ
289 1096 484 1181 ὁμοθυμαδὸν
505 1105 555 1167 ἐπί
575 1097 712 1186 χώματος
747 1101 865 1166 λαλεῖτέ
874 1126 942 1182 μου,
960 1102 1016 1166 οῦκ
1030 1097 1230 1205 αἰσχυνόμενοί
1240 1129 1275 1183 με
1287 1107 1356 1167 ἐπί-

104 1177 356 1266 καταβησόμεθας
746 1188 848 1249 κεισθὲ
859 1209 919 1265 μοι.
946 1185 1018 1249 4ναὶ
1029 1183 1066 1268 δή
1078 1182 1122 1249 ἐπ’
1138 1184 1283 1268 αληθείας
1295 1183 1356 1261 ἕνῶ

137 1267 150 1294 ”
288 1272 363 1330 ΚΕ
374 1271 412 1330 Φ.
456 1263 530 1330 IH'.
747 1263 931 1351 ἐπλανήθην,
962 1267 1032 1351 παρ’
1058 1269 1125 1350 ε’μοδ
1147 1266 1179 1333 δὲ
1202 1266 1354 1344 αὐλίζεται

107 1313 305 1435 Υπολαβῶν
326 1348 358 1414 δὲ
377 1349 508 1415 Βαλδάδ
526 1346 544 1414 ὁ
563 1356 711 1434 Σαυχίτης
745 1346 872 1424 πλάνος,
892 1351 1023 1450 λαλήσαι
1043 1351 1163 1436 ῥήματα
1181 1347 1273 1416 ἀοῦκ
1285 1353 1353 1426 ἔδει,

103 1431 188 1507 λέγει.
214 1435 322 1517 2μέχρι
340 1438 419 1507 τίνος
442 1430 478 1496 οῦ
496 1428 598 1526 παύση
604 1462 617 1511 ,·
644 1436 708 1497 ἐπί·
746 1433 784 1498 τό
798 1432 830 1498 δὲ
848 1428 966 1517 ῥήματα
984 1460 1040 1515 μου
1059 1434 1212 1499 πλανᾶται
1228 1437 1280 1497 καὶ
1298 1434 1354 1498 οῦκ

105 1539 178 1598 σχες,
191 1518 240 1578 ’ίνα
253 1519 305 1579 καί
316 1513 406 1580 αῦτολ
418 1511 598 1600 λαλήσωμεν.
611 1517 681 1579 3δια
686 1522 712 1579 τί
745 1519 795 1581 ἐπὶ
807 1521 923 1601 καιροῦ.
951 1521 1010 1581 ὅέα
1022 1516 1054 1582 δὲ
1067 1516 1113 1581 ὅτι
1127 1517 1170 1581 ἐπ’
1184 1519 1250 1598 ἐμοὶ
1262 1542 1354 1600 μεγα-

103 1598 136 1664 δὲ
162 1593 257 1683 ῶςπερ
287 1594 460 1683 τετράποδα
492 1595 711 1683 σεσιωπήκαμεν
745 1599 876 1676 λάνεσθε,
902 1595 1059 1665 ίνόλλεσθε
1092 1602 1127 1664 δέ
1156 1627 1206 1682 μοι
1242 1602 1352 1666 ὀνείδει.

104 1685 237 1748 ἐναντίον
259 1707 313 1746 σου
318 1709 331 1759 ,·
357 1681 374 1722 ⁴
393 1683 534 1764 κέχρηταί
555 1709 601 1746 σοι
625 1678 709 1766 ἀργή.
745 1685 864 1761 6γνῶτε
878 1670 933 1747 οῦν
951 1678 999 1748 ότι
1016 1679 1117 1768 κῦριός
1134 1688 1211 1749 ἐστιν
1224 1680 1242 1747 ὁ
1256 1685 1354 1767 ταρά-

103 1771 136 1831 τί
146 1765 216 1868 γὰρ,
231 1760 284 1829 ἐάν
298 1762 336 1828 σῦ
349 1760 522 1855 ἀποθάνῃς,
535 1762 678 1849 ἀοίκητος
690 1762 709 1848 ή
744 1769 805 1843 ξας,
819 1762 958 1892 ὀηῦρωμα
975 1765 1007 1831 δὲ
1020 1765 1118 1832 αὑτοῦ
1139 1764 1183 1831 ἐπ’
1200 1763 1250 1848 ἐμὲ
1263 1762 1353 1844 ῦψω-

106 1845 154 1913 ὑπ’
173 1844 320 1931 ουρανόνς
331 1845 350 1931 ἢ
361 1842 640 1932 καταστραψήσεται
653 1847 709 1932 όρη
745 1874 801 1914 σεν.
857 1847 921 1913 ἰδοῦ
941 1848 1017 1927 γελῶ
1037 1849 1149 1924 ὀνείδει,
1168 1847 1204 1913 οῦ
1217 1845 1350 1930 λαλήσω.

104 1935 136 1997 ἐκ
153 1929 298 2012 θεμελίων
302 1958 314 2008 ,·
342 1930 421 1995 6καὶ
434 1935 498 2011 φῶς
517 1929 632 2018 ἀσεβῶν
645 1935 710 2016 σβε-
743 1928 927 2016 κεκράξομαι,
941 1935 993 1997 καί
1006 1930 1140 2014 οῦδαμοῦ
1156 1938 1252 2035 κρίμα.
1273 1928 1354 1995 θκῦ-

106 2011 265 2099 σθήοεται,
284 2015 335 2077 καί
347 2011 402 2077 οῦκ
415 2011 597 2099 ἀποβήσεται
611 2013 711 2079 αὐτῶν
743 2017 804 2098 κλῳ
817 2013 1087 2118 περιῳκοδόμημαι,
1112 2018 1162 2079 καί
1175 2042 1211 2080 συ
1230 2013 1270 2098 μή
1284 2016 1353 2080 δια-

105 2093 124 2181 ή
147 2093 234 2176 φλόξ.
262 2092 327 2161 ὃτό
350 2100 414 2176 φῶς
433 2094 529 2161 αὐτοῦ
553 2093 657 2172 σκότος
680 2100 711 2162 ἐν
742 2104 799 2225 esp,
812 2101 862 2162 ἐπὶ
878 2096 1040 2180 πρόςωπον
1054 2125 1112 2182 μου
1132 2101 1239 2172 σκότος
1252 2101 1350 2163 ἔθετο.

104 2182 213 2272 διαίτη,
226 2176 243 2244 ό
257 2178 289 2243 δὲ
303 2175 405 2263 λίχνος
423 2176 467 2245 ἐπ’
484 2177 570 2263 αῦτῶ
580 2175 710 2267 σβεσθή-
761 2179 819 2264 ,τήν
832 2180 863 2246 δὲ
876 2182 968 2258 δόξαν
981 2180 1031 2247 ἀπ’
1047 2186 1123 2286 ἐμοῦ
1134 2183 1273 2257 ἕξέδυσεν,
1288 2179 1350 2263 ἀψ-

105 2289 194 2329 σεται.
210 2258 432 2366 Ὶθηρεῦσαισαν
443 2260 591 2348 ἐλάχιστοι
603 2265 642 2327 τὰ
653 2261 710 2328 ῦπ-
744 2265 800 2330 εῖλε
825 2264 858 2329 δὲ
884 2269 1030 2346 στέφανον
1056 2263 1120 2331 απὸ
1137 2266 1265 2349 κεφαλῆς
1282 2291 1349 2347 μου.

104 2342 236 2432 ἄρχοντα
253 2350 359 2411 αυτοῦ.
391 2342 505 2427 σφάλαι
527 2345 559 2411 δὲ
576 2345 672 2411 αῦτοῦ
690 2342 709 2430 ἦ
743 2351 771 2392 ¹⁰
784 2349 927 2414 διέσπασέ
936 2374 970 2430 με
983 2348 1081 2432 κόκλῳ
1094 2352 1144 2413 καὶ
1156 2347 1352 2432 ᾠχόμην,ε’ξέ-

104 2425 208 2516 βουλή.
236 2429 431 2578 ῧέμηλίβληται
443 2429 475 2495 δὲ
490 2427 509 2494 ό
522 2427 601 2506 ποῦς
613 2427 711 2495 αῦτοῦ
743 2452 820 2514 κοψε
829 2431 861 2495 δὲ
871 2427 966 2518 ῶςπερ
977 2434 1096 2536 δέηδρον
1104 2429 1158 2516 τήν
1168 2432 1274 2532 ξλπίδα
1281 2457 1347 2533 μοη.

104 2519 136 2579 ἐν
149 2514 263 2590 πανίδι,
301 2538 316 2577 ν
334 2509 443 2578 δικτάω
461 2513 599 2597 ἑλιχθείη.
626 2512 711 2576 9ἔλ-
744 2520 767 2557 ¹¹
782 2515 881 2591 δεινῶς
893 2517 928 2580 δέ
943 2542 993 2596 μοι
1012 2542 1086 2601 οργη
1105 2521 1262 2599 ἐχρησατο,
1276 2541 1348 2598 ηνη-

104 2608 216 2662 θοιοαν
238 2595 271 2661 δὲ
289 2595 332 2661 ἔπ’
360 2579 455 2662 αὐτόν
475 2597 607 2673 παγίδες,
626 2621 710 2660 κατι·
745 2623 822 2664 σατο
835 2600 870 2663 δέ
880 2625 914 2681 με
928 2596 1023 2684 ῶςπερ
1044 2588 1163 2684 ἔχ’θρόν.
1191 2601 1217 2639 ¹²
1232 2594 1351 2680 ὁμοθυ-

105 2676 202 2763 σχῦσει
216 2678 260 2744 ἐπ’
276 2677 370 2744 αὐτὸν
383 2680 544 2762 διψῶντας.
570 2682 599 2723 ¹⁰
605 2682 711 2787 κέκρυ·
743 2681 838 2764 μαδόν
851 2682 884 2746 δὲ
896 2672 994 2764 ἦλθον
1007 2680 1045 2746 τό
1063 2679 1241 2766 πειρατήρια
1254 2678 1350 2744 αὐτοῦ

104 2788 178 2826 πται
199 2764 229 2826 ἐν
247 2766 285 2854 τῇ
304 2768 343 2853 γῇ
364 2769 494 2846 σχοινίον
503 2762 610 2838 αὐτοῦ,
620 2789 672 2826 και
691 2758 709 2846 ή
744 2764 788 2830 ἐπ’
814 2768 888 2846 ἐμοί,
911 2778 976 2840 ταῖς
997 2761 1077 2839 ὁδοῖς
1097 2790 1153 2844 μου
1176 2762 1351 2826 ἐκύκλωσαν

106 2841 253 2925 σύλληψις
278 2843 375 2908 αὐτοῦ
403 2847 453 2909 ε’πδ
476 2848 587 2933 τρίβον.
613 2841 710 2926 κύκλῳ
744 2848 912 2926 ἐγκάθετοι.
942 2849 970 2889 ¹³
986 2846 1038 2911 ἀπ’
1059 2850 1135 2928 ἐμοῦ
1153 2843 1280 2922 ἀδελφοί
1293 2869 1351 2924 μου

105 2925 293 2991 11ίιλέσαισαν
306 2923 401 2991 αὐτὸν
428 2922 538 2992 ἀδῦναι.
552 2926 666 2993 πολλοὶ
678 2926 711 2993 δὲ
744 2928 922 3011 ἀπέστησαν,
948 2932 1080 3006 ἔγνωσαν
1097 2926 1273 3010 ἀλλοτρίους
1286 2925 1304 3026 ή
1319 2929 1351 2987 ί-

104 3013 173 3094 περὶ
193 3006 275 3074 πόδα
297 3007 393 3074 αὐτοῦ
413 3010 558 3077 ὲλθοισαν
582 3014 612 3074 ἑν
634 3011 711 3095 λιμῶ
743 3017 786 3097 μέ.
813 3011 897 3094 φίλοι
909 3012 1009 3092 δόμου
1022 3008 1205 3092 ἀνελεήμονες
1223 3032 1351 3084 μεγοκα-

106 3097 207 3175 στενῷ.
233 3094 261 3132 ¹²
273 3097 382 3174 πτῶμα
392 3092 424 3158 δὲ
438 3093 522 3177 αὐτῶ
536 3092 710 3198 ητοίμασται
745 3119 799 3162 σιν.
833 3091 912 3158 14οῦ
929 3086 1176 3179 προςεποιήσαντό
1196 3115 1230 3171 με
1249 3095 1282 3153 οῖ
1301 3095 1353 3169 ἐγ-

105 3179 245 3252 ἐξαίσιον.
271 3177 298 3217 ¹³
315 3179 501 3262 βρωθείησαν
518 3183 614 3242 αυτοῦ
631 3179 712 3242 κλῶ·
743 3173 869 3256 γῦτατοί
892 3202 965 3259 μου,
991 3176 1042 3240 καὶ
1068 3179 1100 3238 οδ
1116 3168 1221 3247 εἰδότες
1238 3200 1296 3257 μου
1314 3174 1353 3239 τὸ

105 3285 150 3334 υες
164 3259 276 3333 ποδῶν,
296 3261 448 3325 κατέδεται
461 3260 493 3326 δὲ
507 3260 603 3325 αὐτοῦ
616 3259 655 3325 τὰ
669 3257 709 3324 ῶ-
745 3261 839 3342 ὄνομα
853 3255 1036 3325 ἐπελάθοντό
1049 3283 1118 3342 μου.
1135 3260 1162 3301 ¹¹
1168 3263 1293 3334 γείτονες
1306 3264 1355 3321 οἰ-

105 3354 179 3426 ραῖα
192 3338 338 3418 θάνατος.
364 3344 532 3430 14ἐκραγείη
544 3343 576 3408 δὲ
589 3347 620 3408 ἐκ
634 3345 709 3410 διαί·
744 3349 809 3417 κίας
831 3339 1013 3429 θεράπαιναί
1027 3367 1059 3406 τε
1078 3367 1154 3426 μου,
1193 3338 1354 3425 ἀλλογενὴς

106 3454 158 3510 της
168 3424 262 3492 αὐτοῦ
272 3429 358 3503 ἴασις,
369 3435 455 3512 σχοίη
467 3427 499 3492 δὲ
513 3426 608 3492 αὐτὸν
621 3423 710 3504 ἀνοίμ-
745 3426 819 3512 ήμην
838 3430 969 3491 ἐναντίον
987 3423 1097 3489 αὐτῶν.
1130 3426 1159 3467 ¹⁶
1174 3421 1352 3507 θεράποντοί

107 3539 143 3594 κη
168 3516 250 3595 αἰτίᾳ
268 3511 413 3598 βασιλική.
450 3514 477 3555 ¹⁵
491 3505 712 3594 κατασκηνῶσει
745 3537 802 3595 μου
816 3507 950 3585 ἐκάλεσα,
964 3512 1015 3573 καὶ
1028 3507 1083 3591 οῦχ
1097 3502 1256 3592 ὑπήκουσε.
1281 3502 1353 3571 στό-

107 3599 138 3659 ἐν
158 3600 194 3676 τῆ
217 3600 310 3678 σκηνή
332 3584 428 3659 αῦτόῦ
450 3599 480 3659 ἒν
502 3596 584 3660 νυκτὶ
606 3593 711 3668 αὐτοῦ,
745 3621 789 3677 μα
801 3596 836 3660 δέ
846 3621 903 3678 μου
917 3595 1023 3666 ἐδέετο,
1049 3594 1076 3634 ¹⁷
1090 3595 1142 3655 καὶ
1155 3593 1285 3686 ἱκέτευον
1298 3587 1352 3671 τήν

107 3667 394 3759 κατάσπαρήίτονται
408 3677 448 3742 τά
466 3675 598 3761 εῦπρεπή
615 3674 712 3741 αὐτοῦ
745 3675 872 3755 γυναῖκά
883 3704 951 3759 μου,
965 3668 1204 3758 προςεκαλοῦμην
1215 3672 1247 3734 δε
1258 3669 1352 3770 κολα-1

107 3765 190 3839 θείῳ.
216 3761 244 3801 ¹⁶
259 3757 459 3825 ὑποκάτωθεν
478 3765 512 3824 αλ
530 3763 606 3845 ῥίζαι
619 3757 713 3824 αὐτοῦ
748 3757 841 3826 κεῦων
855 3759 936 3833 υἱοὺς
948 3759 1143 3824 παλλακίδων
1153 3779 1217 3833 μου.
1236 3753 1305 3851 18οξ
1318 3753 1353 3814 δε

107 3836 362 3923 ξηρανθήσονται,
380 3845 431 3906 καί
443 3839 598 3907 ἐπάνωθεν
610 3846 714 3906 ἐπιπε-
747 3849 786 3917 εἷς
799 3843 854 3907 τὸν
867 3839 962 3907 αἰῶνά
974 3868 1009 3924 με
1023 3834 1251 3921 ἀπεποιήσαντσ,
1278 3831 1353 3897 ὅταν

108 3934 202 3989 σεῖται
215 3922 355 4007 θερισμός
373 3922 480 3990 αὐτοῦ.
508 3922 585 3988 17τό
602 3922 711 4005 μνημό-
748 3925 879 4000 ἀναστῶ,
893 3923 955 3989 κατ’
972 3928 1045 4006 ἐμοῦ
1058 3923 1206 3987 λαλοῦσιν.
1230 3918 1356 4022 1λε’βδε-

109 4031 197 4071 συνον
221 4005 315 4070 αὐτοῦ
351 4004 496 4072 ἀπόλοιτο
519 4010 551 4070 ἐκ
572 4011 641 4087 γῆς,
664 4008 714 4069 καὶ
748 4005 875 4082 λύξοιντό
889 4034 924 4090 με
938 4011 969 4071 σί
983 4003 1091 4080 ἰδόντες
1103 4029 1145 4088 με.
1169 3997 1357 4085 οῦςδήηγα-

110 4085 230 4171 ὑπάρξει
254 4087 348 4169 ὄνομα
371 4089 456 4172 αὐτῷ
482 4090 532 4154 ἐπί
553 4083 715 4174 πρόςωπον
748 4085 863 4172 πήκειν,
890 4087 1091 4172 ε’πανίστησάν
1110 4113 1169 4168 μοι.
1197 4087 1228 4128 ²⁰
1241 4087 1271 4148 ἐν
1288 4085 1357 4169 δίρ-

110 4174 255 4257 ἐξωτὲρω.
281 4168 465 4237 18ἀπῶσειεν
488 4170 581 4236 αὐτὸν
597 4174 630 4234 ἐκ
649 4197 713 4252 ρω-
747 4177 821 4255 ματί
829 4198 887 4254 μου
901 4169 1056 4255 ἕοάπηοαν
1069 4175 1101 4235 αἱ
1113 4165 1218 4254 σάρκες
1229 4192 1299 4251 μου,
1315 4165 1357 4230 τά

109 4255 162 4329 τός
176 4259 215 4329 εἷς
228 4249 343 4329 σκότος.
370 4254 467 4319 19οιίκ
489 4257 574 4319 ἔσται
586 4258 714 4331 ἐπίγνω-
748 4255 781 4320 δὲ
794 4254 871 4320 ἀστά
883 4282 941 4338 μου
952 4258 983 4319 ἐν
996 4256 1117 4319 ὀδοῦσιν
1126 4256 1147 4316 ἔ
1158 4276 1228 4316 εται.
1242 4247 1357 4353 Ἀέλεή-

110 4364 182 4414 στος
195 4341 225 4402 ἐν
237 4337 302 4422 λαῷ
316 4335 423 4409 αὐτοῦ,
450 4335 519 4401 οῦδὲ
533 4341 715 4420 σεσωσμένος
749 4341 824 4405 σατέ
846 4365 894 4422 με,
921 4334 1058 4439 ἐλεήσατέ
1078 4361 1113 4418 με
1131 4279 1159 4398 ιδ
1175 4334 1272 4414 ψίλοι,
1296 4357 1357 4418 ηειρ

109 4427 188 4518 ἰντή
203 4418 251 4486 ὑπ’
268 4415 518 4508 οῦρανὸνὸοἶκος
532 4420 634 4486 αὐτοῦ.
648 4419 710 4486 ἀλλ’
747 4418 806 4502 γάρ
838 4428 940 4505 κυρίου
972 4449 991 4504 η
1016 4417 1156 4502 ἁψαμένη
1183 4443 1242 4500 μου
1267 4419 1358 4519 ’ἐστίν

108 4508 140 4574 ἐν
155 4519 216 4586 τοῖς
230 4503 328 4573 αῦτοῦ
340 4500 475 4593 ζήοονται
489 4510 598 4596 ἕτεροι,
624 4505 656 4548 ²⁰
666 4503 711 4574 ἐπ’
749 4505 863 4571 22διατί
873 4529 908 4588 με
917 4499 1032 4570 διῶκετε
1042 4498 1137 4586 ῶςπερ
1148 4501 1200 4564 καὶ
1210 4496 1228 4564 ὁ
1239 4523 1361 4601 κυριοςη

1296 4606 1362 4648 απο
