2924 4972
191 210 257 278 σω
383 207 673 273 ομισσιον
697 203 929 269 amm
969 201 1258 286 νεφοειυω.

202 298 1323 319 .......-.-----——-—--———-
1339 300 1448 310 .-

187 323 291 431 Ἀμιηλ
304 318 564 407 έκτηςΛοδόβαρ.
580 322 653 385 ὅκαί
665 317 804 385 ἆπέστει-
836 319 928 384 οτειλε
947 320 1045 385 Δαυίδ
1069 319 1281 405 παρακαλέσαι
1304 317 1398 384 αὐτόν
1419 323 1451 384 ἐν

193 413 240 477 λιν
253 433 271 472 ο
283 407 420 494 βασιλεύς
433 404 545 480 Λαυίό,
562 403 615 468 καί
627 401 735 487 έλαβεν
748 400 804 465 αὖ·
835 403 907 508 χειρί
919 407 981 468 τοῖν
994 396 1113 468 δούλων
1126 400 1223 468 αὐτοῦ
1239 403 1307 486 περὶ
1319 406 1376 467 τοῦ
1387 430 1452 468 πα-

191 489 246 556 τὸν
263 493 295 555 ἐκ
312 494 368 554 τοῦ
386 489 470 553 οἴκου
488 488 597 593 Μαχίρ
616 488 684 550 υἱοῦ
698 480 802 569 Ἀμιίηλ
836 509 908 572 τρος
920 485 1030 561 αὐτοῦ,
1056 486 1109 551 καί
1118 488 1316 571 παρενένοπο
1331 489 1362 549 οἱ
1373 497 1446 551 παῖ·

192 579 224 638 ἐκ
245 578 298 658 τῆς
315 571 482 657 Λοόόβαρ..
513 571 591 633 0και
608 574 803 652 παραγίνεται
836 569 881 644 όες
900 568 999 634 Δαυίδ
1021 572 1061 644 εἰς
1081 565 1136 651 τὴν
1152 573 1208 652 νην
1225 571 1299 631 υίών
1319 565 1450 653 Ἀμμιόν.

191 646 802 742 ΜεμφιβοσθὲυίὸςἸωνόθανυίοῦΣαούλ
837 652 916 716 3καί
939 648 1022 716 εἶπον
1035 655 1067 716 οἱ
1084 649 1220 756 όρηοντες
1239 653 1312 715 υἱῶν
1329 647 1453 754 Ἀμμών

191 740 269 825 πρὸς
286 735 479 824 τὸνβασιλέα
500 734 610 810 Δαυίέ,
636 734 688 797 καί
705 737 804 798 ἔντεσιν
836 730 913 841 πρός
920 731 1030 798 Ἀννὼν
1041 731 1096 799 τόν
1105 757 1207 818 κυρων
1215 730 1325 798 αὐτῶν.
1335 761 1376 818 μη
1387 761 1452 799 πα-

192 825 243 887 έπί
254 817 416 906 πρόςωπον
428 815 542 893 αὐτοῦ,
559 816 612 882 καί
623 812 802 902 προςεκύνη-
837 842 877 901 ρα
890 812 926 882 τό
939 811 1069 892 δοξάζειν
1083 817 1180 881 Δαυίό
1190 811 1246 880 τόν
1258 822 1378 900 πατέρα
1393 844 1452 882 σου

192 930 239 970 σεν
249 903 344 987 αὐτῷ.
354 903 406 967 καὶ
414 900 492 966 εἶπεν
501 897 587 964 οὔτω
597 899 702 963 Δαυίδ.
714 907 802 982 Μεμ-
837 894 964 965 ένιόπιόν
976 924 1040 975 σου,
1060 894 1108 963 ότι
1120 897 1274 964 ἀπέστειλέ
1285 924 1333 962 σοι
1345 925 1452 986 παρα-

191 989 324 1074 φιβοσθέ
326 1014 339 1064 ,·
352 986 403 1048 καὶ
414 983 499 1049 εἶπεν.
514 964 578 1048 ἰδού
589 979 607 1048 5
618 978 727 1058 δοῦλός
737 1008 801 1047 σου.
836 983 1002 1057 καλοῦντας
1007 1010 1020 1060 ,·
1045 979 1109 1046 ἀλλ’
1131 978 1214 1058 ὅπως
1239 979 1306 1065 οὐχί
1329 980 1451 1082 ἐρευνη-

191 1072 268 1135 7καί
294 1067 373 1133 εἶπεν
393 1064 478 1151 αὐτῷ
496 1067 601 1131 Δαυίδ.
631 1063 671 1149 μη
690 1069 801 1151 φοβοῦ,
837 1092 912 1132 σωσι
929 1061 982 1148 τὴν
996 1060 1088 1129 πόλιν
1105 1067 1156 1129 καί
1171 1089 1450 1144 κατασκοπησωσιν

191 1149 239 1218 ότι
251 1154 348 1216 ποιῶν
358 1151 477 1234 ποιήσω
494 1145 567 1232 μετὰ
581 1152 637 1214 σοῦ
653 1146 739 1223 έλεος
752 1143 801 1212 διὰ
837 1145 933 1232 αὐτὴν
950 1150 1001 1212 καί
1012 1152 1068 1212 τοῦ
1081 1152 1338 1231 κατασκέψασθαι
1352 1146 1450 1232 αὐτὴν

187 1231 340 1300 Ἰωνόθαν
356 1232 411 1298 τόν
427 1234 547 1318 πατέρα
561 1258 633 1307 σου,
658 1233 709 1294 καί
721 1229 801 1296 ἀπο-
837 1229 993 1297 όπέστειλε
1011 1230 1111 1297 Δαυίό
1132 1230 1204 1306 τοὺς
1220 1230 1332 1305 παῖδας
1351 1229 1451 1296 αὐτοῦ

190 1312 372 1402 καταστήσω
391 1341 439 1381 σοι
463 1311 566 1380 πάντα
583 1312 677 1400 ἀγρόν
694 1311 802 1379 Σαούλ
836 1311 915 1401 πρός
934 1316 985 1393 σέ,·
1024 1313 1106 1378 4καί
1124 1314 1232 1472 ἔλαβεν
1251 1312 1358 1377 Ἀννὼν
1378 1313 1449 1389 τούς

189 1397 307 1486 πατρὸς
319 1403 377 1464 τοῦ
388 1395 505 1483 πατρός
519 1423 583 1473 σου,
601 1398 654 1461 καί
666 1396 704 1461 σύ
718 1399 801 1488 φανῇ
828 1398 950 1472 παῖδας
963 1396 1078 1472 Δαυίό,
1100 1399 1151 1463 καί
1164 1424 1178 1460 ι·
1198 1392 1285 1483 ύρησε
1298 1395 1369 1472 τούς
1381 1391 1450 1462 πιό-

191 1483 284 1587 όρτον
299 1483 351 1546 ἐπί
367 1485 420 1565 τῆς
434 1483 581 1564 τραπέζης
592 1504 652 1561 μου
671 1479 801 1544 όιαπαν-
836 1505 935 1557 γωνας
948 1478 1065 1556 αὐτῶν,
1077 1481 1129 1544 καί
1141 1477 1279 1563 ἀπέκοψε
1294 1477 1363 1554 τούς
1374 1503 1450 1562 μον-

189 1590 250 1641 τος.
272 1558 801 1648 8καίπροςεκύνησενΜεμφιβοσθίι,
838 1560 911 1638 δύας
935 1561 1037 1628 αὐτῶν
1062 1564 1093 1626 έν
1118 1566 1163 1647 τῷ
1190 1560 1282 1646 ἡμίσει
1307 1568 1362 1639 ἕως
1387 1567 1449 1629 τῶν

189 1648 242 1713 καί
260 1644 330 1712 είπε.
354 1651 400 1721 τίς
419 1649 474 1728 εἰμι
494 1643 512 1710 5
530 1639 637 1720 δοῦλός
656 1670 728 1721 σου,
754 1641 802 1710 ότι
839 1651 940 1730 ἰσχίων
962 1643 1080 1747 αύτῶνη
1104 1648 1156 1709 καί
1174 1645 1374 1721 ἔξαπέστειλεν
1391 1643 1449 1709 αό-

189 1729 357 1832 έπέβλεηας
382 1730 432 1793 έπί
457 1724 510 1794 τὸν
528 1723 604 1795 κύνα
622 1725 675 1793 τόν
693 1738 802 1812 τεθνη-
838 1724 916 1804 τούς.
930 1727 1001 1793 εκαί
1013 1725 1195 1811 ἆπηγνειλαν
1206 1733 1252 1813 τῷ
1264 1729 1361 1796 Δαυίδ
1373 1725 1449 1814 ὑπὲρ

190 1809 268 1878 κότα
280 1835 334 1876 τον
346 1806 450 1895 ὅμοιον
463 1815 546 1894 ἐμοί,
572 1813 588 1854 ⁹
600 1814 652 1876 καί
668 1807 801 1877 ἐκάλεσεν
838 1816 900 1877 των
914 1809 1042 1896 ἀνδρῶν,
1054 1813 1106 1875 καί
1119 1809 1289 1877 ἀπέστειλεν
1301 1817 1340 1886 είς
1349 1808 1450 1876 ἄπαν-

190 1892 358 1981 ὁβασιλεύς
369 1893 450 1982 Σιβὰ
462 1891 499 1959 τό
512 1889 672 1980 παιδάριον
682 1893 800 1972 Σαούλ,
838 1894 893 1979 την
912 1893 1029 1970 αὐτῶν,
1056 1889 1103 1959 ὅτι
1121 1882 1196 1979 ἦσαν
1214 1899 1245 1959 οί
1262 1893 1364 1977 ἄνδρες
1382 1892 1451 1977 ἠτι-

189 1982 242 2044 καί
253 1978 315 2044 εἶπε
332 1974 409 2064 πρὸς
420 1973 522 2042 αὐτόν.
547 1973 651 2042 πάντα
667 1973 727 2043 ὅσα
739 1979 802 2043 ἐστί
837 1981 980 2062 μασμένοι
998 1973 1127 2063 σφόδρα.
1155 1978 1207 2042 καί
1228 1977 1305 2043 εἶπεν
1323 1974 1341 2042 5
1360 1981 1451 2062 βασι-

188 2067 235 2145 τῷ
252 2058 358 2146 Σαούλ
384 2062 437 2125 καί
463 2056 526 2144 ὅλῳ
548 2064 592 2142 τῷ
612 2061 686 2144 οἴκῳ
705 2058 801 2126 αὐτοῦ
838 2055 911 2136 λεύς.
925 2056 1450 2167 καθίσατεένἹεριηώέωςτοῦάνα-

189 2145 306 2210 δέδωκα
318 2147 362 2227 τῷ
376 2148 432 2226 M
445 2147 504 2208 τοῦ
516 2149 619 2230 κυρίου
632 2169 698 2209 σου.
715 2144 801 2208 10καί
838 2144 932 2210 τεῖλαι
950 2140 1021 2219 τούς
1033 2141 1183 2221 πώγωνας
1197 2151 1292 2229 υμῶν,
1318 2149 1370 2210 καί
1382 2150 1450 2212 ἐπι-

190 2230 262 2314 έρνᾷ
277 2224 360 2309 αύτῷ
374 2224 428 2310 τὴν
440 2230 495 2310 νην
508 2224 545 2291 σύ
558 2228 609 2291 καί
621 2230 654 2291 οἶ
663 2231 725 2292 υἱοί
733 2251 799 2303 σου,
839 2224 1058 2314 στραφὴσεσθε.
1076 2229 1153 2293 6καί
1166 2226 1244 2294 εἶδον
1257 2233 1290 2294 οί
1302 2231 1363 2293 υἱοί
1375 2227 1450 2313 Ἀμ-

190 2313 241 2374 καί
265 2313 297 2373 οί
314 2307 422 2373 δοῦλοί
440 2334 511 2383 σου,
536 2310 590 2374 καὶ
608 2314 736 2385 είςοίσεις
754 2313 798 2393 τῷ
836 2309 901 2394 μών
913 2307 961 2376 ότι
973 2305 1446 2402 κατησχύνθησανὸίαόςιίαυίδ.

190 2396 247 2475 υἱῷ
258 2395 314 2457 τοῦ
326 2397 428 2500 κυρίου
442 2417 498 2457 σου
511 2389 630 2477 ἄρτους,
642 2393 694 2457 καί
705 2392 799 2458 έόεται
837 2395 888 2459 καί
897 2391 1076 2460 ἀπέστειλαν
1089 2398 1119 2459 οῖ
1131 2391 1314 2478 υἶοίἈμμών
1326 2397 1377 2459 καί
1387 2397 1450 2477 έμι-

190 2474 311 2561 ίίρτους,
324 2501 377 2540 και
388 2473 592 2562 Μεμφιβοσθὲ
605 2474 671 2550 υίὸς
683 2481 740 2541 τοῦ
748 2502 799 2540 κυ-
838 2472 1001 2543 σθιόσαντο
1015 2474 1070 2562 την
1080 2483 1194 2561 Συρίαν
1210 2475 1387 2562 Βαιθραὰμ,
1397 2481 1450 2543 καί

189 2566 255 2644 ρίου
268 2583 324 2623 σου
334 2554 461 2641 φάγεται
473 2557 635 2634 διαπαντὸς
645 2557 738 2643 όρτον
749 2560 800 2623 έπί
837 2557 892 2644 την
905 2566 1021 2645 Συρίαν
1033 2559 1147 2646 Σουβό,
1167 2558 1336 2649 καὶῬοώβ,
1356 2562 1451 2626 εἴκοσι

188 2646 241 2726 τῆς
254 2643 399 2727 τραπέζης
411 2666 478 2724 μου.
505 2643 556 2705 καί
567 2646 611 2704 τῶ
625 2645 704 2725 Σιβᾶ
721 2629 799 2724 ἦσαν
836 2640 969 2725 χιλιάδας
980 2644 1084 2719 πεζῶν,
1096 2646 1148 2707 καί
1160 2642 1214 2710 τόν
1223 2647 1348 2731 βασιλέα
1354 2642 1451 2728 Ἀμα-

188 2725 392 2788 πεντεκαίδεκα
407 2725 485 2799 υἱοὶ,
511 2725 563 2786 καί
579 2704 670 2787 είκοσι
683 2705 797 2788 όοῦλοι.
837 2720 891 2808 λίηκ
915 2726 1026 2810 χιλίους
1042 2723 1168 2810 ἄνδρας,
1194 2730 1245 2792 καί
1263 2725 1373 2811 Ἰστώβ
1388 2723 1450 2792 διό-

188 2808 277 2870 11καί
300 2805 362 2869 εἶπε
379 2804 459 2890 Σιβίι
483 2803 560 2890 πρὸς
587 2803 797 2893 τὸνβασιλέα.
836 2808 906 2872 δεκα
929 2804 1061 2892 χιλιάδας
1078 2806 1203 2892 ἀνδρῶν.
1243 2812 1320 2874 7καί
1340 2811 1451 2911 ἤκουσε

187 2890 267 2953 κατὰ
279 2884 381 2953 πάντα
397 2884 456 2953 όσα
475 2886 650 2953 ἐντέταλται
668 2884 799 2974 ὁκύριός
837 2891 947 2967 Δαυίδ,
973 2893 1025 2956 καί
1041 2889 1194 2955 ἀπέστειλε
1213 2887 1267 2955 τὸν
1282 2889 1376 2979 Ἰωαβ
1395 2898 1449 2960 καί

187 2998 245 3054 μου
258 2969 275 3035 ὁ
288 2967 481 3057 βασιλεύςτῷ
494 2968 594 3054 δούλῳ
607 2969 719 3048 αὐτοῦ,
744 2967 797 3037 ού-
835 2978 937 3039 πᾶσαν
960 2971 1014 3056 τὴν
1044 2967 1165 3053 δύναμιν
1189 2967 1261 3049 τούς
1290 2972 1447 3049 δυνατούς.

187 3079 246 3129 τως
263 3051 378 3136 ποιησει
397 3052 415 3118 5
427 3049 537 3129 όουλός
554 3078 619 3119 σου.
645 3057 696 3119 καί
708 3063 797 3138 Μεμ-
835 3058 907 3122 8καί
915 3055 1046 3139 ἐξῆλθον
1058 3058 1088 3120 οῖ
1099 3056 1160 3119 υἱοί
1169 3052 1291 3139 Ἀμμών
1303 3060 1447 3140 καὶπαρ-

187 3161 220 3216 φι
242 3135 317 3202 οσθὲ
329 3134 432 3239 ἤσθιεν
446 3136 496 3202 ἐπί
508 3140 561 3220 τῆς
572 3140 720 3223 τραπέζης
731 3144 797 3204 Δα-
834 3137 976 3215 ετοίξαντο
993 3134 1126 3218 πόλεμον
1143 3136 1230 3223 παρὰ
1242 3144 1281 3240 τῇ
1293 3135 1378 3224 θύρη
1391 3145 1447 3224 τῆς

187 3222 215 3282 α’
259 3228 365 3292 καθως
391 3218 430 3293 είς
454 3222 515 3283 τῶν
533 3223 607 3285 υἱῶν
625 3219 720 3286 αὐτοῦ
738 3225 796 3286 τοῦ
832 3216 927 3324 πύλης
944 3224 1060 3305 Συρίας
1076 3216 1183 3305 Σουβό
1198 3222 1250 3285 καί
1280 3224 1371 3309 Ροώβ
1393 3229 1447 3289 καί

184 3301 338 3388 βασιλέως.
356 3302 502 3384 12καὶτῷ
515 3302 717 3408 Μεμφιβοσθὲ
731 3300 795 3379 υίός
829 3302 939 3389 Ἰστωβ
963 3305 1014 3368 καί
1033 3299 1166 3387 Ἀμαληκ
1190 3299 1277 3386 μόνοι
1298 3309 1329 3370 ἐν
1348 3305 1444 3392 ἆγριό.

184 3381 285 3471 μικρὰς
299 3375 349 3490 ίην,
362 3385 414 3451 καί
427 3381 521 3468 όνομα
534 3393 617 3471 αυτῷ
632 3386 732 3472 Μιχόι,
744 3388 795 3453 καί
833 3389 905 3452 9καί
918 3385 989 3454 εἶδεν
997 3383 1092 3474 Ἰωόβ
1103 3381 1150 3451 ότι
1163 3383 1288 3473 ἐγενηθη
1300 3385 1376 3476 πρός
1387 3371 1445 3454 ού-

185 3474 272 3535 πᾶσα
298 3497 315 3553 η
338 3473 505 3552 κατοίκησις
527 3475 582 3535 τοῦ
607 3471 693 3534 οἴκου
714 3469 793 3556 Σιβόι
832 3467 887 3536 τόν
896 3465 1126 3556 ἆντυτρόςωπον
1135 3475 1193 3535 τοῦ
1202 3472 1336 3556 πολέμου
1345 3476 1377 3538 ἐκ
1388 3477 1444 3538 τοῦ

185 3553 286 3618 δοῦλοι
301 3557 356 3617 τοῦ
368 3554 580 3638 Μεμφιβοσθέ.
600 3555 627 3623 ¹‚³
640 3554 692 3617 καί
704 3561 794 3636 Μεμ-
833 3551 912 3620 κατὰ
930 3553 1093 3642 πρόςωπον
1105 3555 1266 3631 ἐξεναντίας
1278 3557 1330 3621 καί
1341 3560 1373 3620 ἐκ
1385 3560 1445 3620 τοῦ

185 3635 314 3720 φιβοσυὲ
326 3630 450 3717 κατῴκει
463 3639 494 3700 ἐν
506 3633 719 3721 Ἰερουσαλὴμ,
746 3633 793 3702 ότι
833 3637 978 3714 όπισθεν,
1006 3641 1059 3703 καί
1082 3637 1239 3714 ἐπελέξατο
1265 3642 1297 3704 ἐκ
1320 3634 1444 3704 πόντων

185 3719 299 3800 ἐπίσης
312 3719 458 3801 τραπέζης
474 3721 532 3783 τοῦ
543 3717 689 3804 βασιλέως
700 3716 794 3796 αὐτός
833 3726 895 3787 τῶν
906 3725 1025 3788 νεανιῶν
1033 3719 1166 3806 Ἰσραὴλ,
1176 3723 1228 3787 καὶ
1235 3716 1443 3808 παρετάξαντο

185 3800 347 3874 διαπαντὸς
359 3798 460 3883 ἤσθιε,
480 3803 531 3865 καί
545 3799 637 3877 αύτός
650 3790 686 3885 ἦν
696 3799 794 3887 χωλός
832 3807 864 3881 ἐξ
880 3809 1017 3881 Ιένοιντίας
1031 3808 1154 3887 Συρίας.
1181 3806 1210 3849 ¹⁰
1223 3808 1275 3871 καί
1293 3801 1328 3870 τό
1347 3802 1443 3869 κατό-

186 3882 367 3970 ἀμφοτέροις
379 3894 440 3959 τοῖς
453 3885 543 3949 ποσίν
556 3882 660 3949 αὐτοῦ.
833 3887 942 3953 λοιπον
950 3890 1006 3950 τοῦ
1016 3885 1096 3950 λαοῦ
1104 3888 1210 3953 έδωκεν
1223 3891 1255 3952 έν
1261 3889 1335 3974 χειρί
1342 3886 1443 3976 Ἀβεσ-

379 3972 454 4031 ΚΕ
468 3973 506 4030 Φ.
552 3963 594 4031 1'.
834 3968 874 4036 a&
886 3974 943 4035 τοῦ
961 3966 1094 4051 ἀδελφοῦ
1108 3968 1218 4046 αὐτοῦ,
1245 3974 1297 4035 καί
1308 3966 1443 4052 παρετύ-

185 4015 270 4115 Καὶ
282 4053 395 4129 ἐγένετο
406 4048 480 4132 μετὰ
490 4055 588 4115 ταῦτα
597 4052 648 4116 καί
659 4049 794 4118 ἀπέθανε
832 4055 920 4130 ξαντο
934 4053 1095 4129 ἐξεναντίας
1111 4057 1184 4119 υἱῶν
1194 4050 1327 4136 Ἀμμών,
1352 4057 1378 4095 ¹²
1391 4058 1444 4123 καί

181 4133 320 4240 βασιλεὺς
332 4129 539 4217 υίῶνἈμμοόν,
551 4136 603 4200 καὶ
612 4137 792 4222 ἐβασίλευσεν
832 4135 917 4201 ελπεν.
931 4133 984 4201 ἐὰν
994 4141 1174 4230 κραταιωθῇ
1182 4140 1280 4220 Συρία
1294 4131 1369 4221 ὑπὲρ
1381 4137 1443 4220 ἐμὲ,

181 4214 289 4283 Αννών
308 4215 371 4292 υἱός
386 4214 485 4281 αὐτοῦ
504 4215 564 4282 ἄντ’
581 4215 686 4285 αὐτοῦ.
714 4222 793 4285 2καί
831 4221 883 4285 καί
901 4220 1010 4286 έίτεσθέ
1024 4245 1074 4304 μοι
1087 4224 1126 4295 είς
1140 4223 1299 4304 σωτηρίαν.
1325 4221 1378 4284 καί
1391 4221 1443 4287 έὰν

185 4298 245 4363 ιίπε
259 4302 362 4365 Δαυίό.
379 4297 495 4383 ποιήσω
508 4300 592 4376 ἕλεος
602 4301 676 4384 μετὰ
683 4301 792 4368 Ἀννὼν
832 4309 1064 4390 κραταιωθώσιν
1080 4302 1141 4368 υίοί
1160 4297 1279 4383 ’Λειμών
1302 4298 1378 4385 ὑπὲρ
1398 4303 1442 4383 σὲ,

186 4384 253 4443 υἱοί·
265 4381 365 4458 Ναὰς,
381 4378 416 4446 όν
428 4378 541 4465 τρόπον
553 4389 687 4468 ἐποίησεν
698 4383 716 4450 ὁ
729 4413 791 4451 πα-
831 4389 883 4453 καὶ
895 4384 1025 4471 ἐσόμεθα
1036 4390 1094 4450 τοῦ
1106 4387 1206 4450 σῶσαί
1219 4410 1259 4450 σε.
1295 4389 1323 4427 ¹²
1337 4383 1437 4474 ἀνδρί-

186 4457 239 4547 τηρ
254 4460 349 4529 αὐτοῦ
365 4461 424 4547 μετ’
441 4469 513 4548 ἐμοῦ
530 4465 623 4544 έλεος.
650 4469 701 4534 καί
714 4468 790 4536 ἀπέ-
832 4475 884 4549 ζου
897 4475 947 4538 καί
959 4472 1193 4559 κραταιωθῶμεν
1204 4465 1280 4556 ὑπὲρ
1295 4473 1351 4536 τοῦ
1362 4471 1439 4574 λαοῦ

1359 4558 1439 4638 ημῶν
