2924 4972
349 215 509 279 ΣοωιΑ
533 216 730 279 mm
768 221 845 295 Κεφ
859 212 912 290 ις’.
927 212 977 293 ιζ’.
993 215 1043 283 16.
1060 218 1109 284 17.
1282 215 1347 288 697

108 364 167 423 μου
178 337 380 424 μνησθήσεται
385 368 397 419 ,·
423 343 454 405 ἐν
473 341 538 422 λαῷ
550 342 661 406 πλείονι
674 342 712 407 σά
753 341 791 409 κά
812 340 959 420 ὑπέδειξεν
974 344 1088 420 αὐτοῖς.
1114 344 1233 428 2έθηκε
1250 345 1305 411 τὸν
1321 344 1358 413 ό·

108 422 147 508 μή
163 427 305 528 μνησθῶ,
329 428 375 498 τίς
393 421 452 504 γάρ
472 421 492 505 ἢ
511 421 593 527 ψυχή
609 449 669 527 μου
682 428 713 490 ἐν
753 422 895 509 φθαλμόν
908 425 1006 492 αὐτοῦ
1024 429 1075 491 ἐπὶ
1091 425 1146 502 τάς
1163 429 1287 511 καρδίας
1299 427 1358 496 αδ·

108 505 263 593 ἀμετρητῳ
281 512 372 571 κτίσει
378 534 391 584 ,·
418 507 528 572 12ῑδσῦ
546 531 564 570 ο
584 507 714 590 ουρανὸς
753 534 830 585 των,
857 508 947 584 δεῖξαι
964 508 1068 583 αὐτοῖς
1080 509 1116 574 τὸ
1134 513 1285 590 μεγαλεῖον
1297 517 1359 578 τοῦτ

109 596 159 655 καί
172 590 190 655 ὁ
204 587 332 672 οὐρανὸς
345 593 402 655 τοῦ
414 586 548 673 οὐρανοῦ
560 594 616 654 τοῦ
626 597 713 668 θεοῦ,
754 590 851 674 ’έργων
862 590 967 657 αὐτοῦ.
992 594 1021 636 ¹⁰
1035 594 1087 658 καλ
1099 590 1196 674 όνομα
1207 590 1358 677 ἀγιασμοῦ

108 672 240 760 ἀβυσσος
253 673 304 736 καὶ
316 676 355 749 γή
372 667 612 756 σαλευθήσονται
631 676 662 737 ἐν
674 680 712 766 τῇ
753 677 930 749 αένέσουσιν,
953 676 1192 758 2ίναδιηγσῦνται
1203 675 1243 740 τά
1265 703 1357 758 μεγα-

107 760 259 844 ἐπισκοπῇ
274 753 378 820 αὐτοῦ.
419 758 447 799 22
461 753 523 838 άμα
540 756 579 821 τά
592 755 649 839 ἀρη
662 760 714 822 καί
752 759 816 822 λεία
828 763 891 824 τῶν
903 756 999 843 ’έργων
1012 759 1116 823 αὐτοῦ.
1142 762 1167 802 22
1175 763 1358 845 πρσςέθηκεν

107 839 146 905 τὰ
159 843 284 921 θεμέλια
296 843 349 942 τής
364 844 418 922 γῆς
448 844 479 905 ἐν
495 843 541 922 τῷ
554 839 714 925 ἐπιβλέψαι
752 840 854 915 αῦτοῖς
866 836 1043 925 ἐπιστήμην,
1068 842 1120 906 καὶ
1136 838 1226 925 νόμον
1239 846 1357 926 ζωήςέ-

107 927 145 996 εἲς
168 923 247 988 αῦτά
271 948 374 1007 τρομῳ
393 928 588 998 συσσείονται,
613 925 645 967 22
662 925 714 988 καί
751 919 1091 1007 κληροδότησεναῦτοῖς.
1115 923 1295 1010 22διαθήκην
1308 930 1357 991 αλ·

107 1005 151 1072 ἐπ’
169 1005 272 1080 αὐτοῖς
289 1005 326 1070 οῦ
346 1001 576 1089 διανοηθήσεται
595 1007 712 1089 καρδία.
753 1011 828 1082 ὦνος
842 1007 946 1089 ’έστησε
958 1004 1017 1090 μετ’
1039 1005 1154 1081 αὐτῶν,
1173 1009 1226 1071 καί
1238 1008 1277 1073 τά
1290 1013 1358 1094 κρί-

108 1091 159 1154 καί
172 1087 226 1164 τάς
240 1085 329 1164 ὁδοὺς
341 1086 437 1152 αὐτοῦ
454 1095 499 1161 τίς
512 1085 714 1192 ἐνθυμηθήσε·
751 1114 835 1173 ματα
848 1088 942 1156 αὐτοῦ
957 1088 1103 1164 ὑπέδειξεν
1115 1086 1227 1164 αὐτοῖς.
1267 1091 1293 1132 ¹³
1306 1114 1357 1172 με·

107 1198 158 1237 ται
164 1199 177 1248 ,·
204 1175 231 1213 ²¹
244 1173 295 1235 καλ
307 1172 456 1247 καταιγίς,
481 1166 519 1255 ἣν
535 1169 591 1235 οῦκ
604 1171 714 1256 όψεται
752 1172 871 1250 γαλείσν
882 1171 968 1256 δόξης
987 1171 1066 1238 εἶδον
1079 1176 1110 1237 οἱ
1127 1168 1286 1256 ὀφθαλμοὶ
1299 1172 1357 1238 αὖ·

108 1253 288 1336 ἅνθρωπος,
307 1251 346 1317 τά
360 1253 393 1317 δὲ
405 1252 532 1318 πλείονα
543 1259 606 1320 των
618 1258 714 1339 ἔργων
752 1261 824 1332 τῶν,
835 1258 887 1323 καί
899 1252 990 1332 δόξαν
1002 1259 1103 1338 φωνής
1121 1251 1222 1320 αῦτοῦν
1234 1254 1358 1340 ἤκουσεν

109 1333 206 1400 αὐτοῦ
218 1338 251 1400 ἐν
265 1331 463 1421 ἀποκρόφσις.
488 1338 519 1378 22
531 1340 606 1440 ἔργα
619 1338 713 1403 δικαι-
753 1336 796 1402 τό
816 1328 869 1414 οῦς
892 1338 1001 1405 αὐτῶν.
1026 1339 1119 1403 “nal
1141 1335 1218 1403 εἶπεν
1243 1335 1357 1414 αῦτοίς,

109 1414 215 1520 οσόνης
232 1424 276 1493 τίς
289 1417 442 1496 ἀναγγελεῖ
457 1419 476 1504 ἢ
494 1425 539 1494 τίς
558 1432 713 1506 υπομενιῖς
751 1425 904 1507 προςέχετε
917 1419 979 1486 ἀπὸ
991 1419 1106 1496 παντὸς
1117 1418 1230 1497 ἀδίκου,
1235 1422 1287 1485 καὶ
1298 1422 1359 1485 ἐνε-

108 1526 223 1587 μακραν
239 1499 330 1586 γάρή
347 1498 486 1586 διαθήκη.
526 1504 555 1546 ²³
569 1500 712 1570 ἐλαττοό·
752 1504 871 1571 τείλατσ
885 1502 1117 1587 αῦτοῖςέκάστορ
1129 1505 1265 1589 περὶτοῦ
1278 1503 1358 1609 πλη-

106 1609 191 1666 μενος
216 1586 325 1669 καρδίᾳ
342 1585 502 1651 διανοεῖται
526 1590 636 1664 ταῦτα,
662 1589 713 1653 καὶ
752 1594 829 1653 σίον.
867 1590 894 1633 ¹⁶
907 1590 941 1652 αί
954 1583 1020 1652 ὁδοὶ
1036 1585 1138 1653 αὐτῶν
1155 1589 1359 1653 ἐναντίσναυ-

107 1665 186 1753 ἀνήρ
199 1666 306 1771 ἀφρων
319 1672 370 1735 καί
382 1665 575 1753 πλανώμενος
587 1671 713 1737 διανοεῖ·
750 1676 807 1735 τοῦ
817 1667 979 1747 διαπαντός
984 1719 995 1747 ,
1021 1668 1058 1736 οά
1080 1666 1280 1757 κρυβήσονται
1292 1665 1356 1736 ἀπό

108 1776 158 1816 ται
168 1777 265 1836 μωρα.
291 1751 323 1793 ²⁴
337 1749 466 1818 ἀκουσόν
476 1778 536 1836 μου
548 1756 650 1819 τέκνον
663 1756 714 1819 καί
751 1759 811 1820 τιῦν
830 1753 999 1836 ὀφθαλμῶν
1018 1752 1124 1819 αὐτοῦ.
1151 1754 1178 1797 22
1190 1751 1307 1836 ἑκάστῳ
1324 1752 1358 1818 ἐ-

106 1830 186 1916 μάθε
199 1833 378 1919 ἐπιστήμην,
403 1838 456 1901 καί
474 1837 526 1901 ἐπί
541 1841 603 1902 τῶν
614 1833 714 1915 λόγων
750 1846 813 1902 θνει
825 1841 1006 1920 κατέστησεν
1018 1831 1193 1920 ήγσόμενον,
1215 1838 1266 1901 καὶ
1276 1837 1358 1919 μερίς

106 1943 165 2000 μου
177 1913 296 2003 πρόςεχε
307 1924 345 2001 τῆ
359 1920 468 2003 καρδίᾳ
481 1945 552 1984 σου.
577 1922 713 2001 22ἐκφαί-
750 1927 854 2008 κυρίου
874 1916 998 2022 Ἰσραήλ
1022 1922 1110 1985 ἐστιν.
1137 1920 1166 1962 22
1179 1915 1303 1985 άπαντα
1318 1914 1359 1984 τά

107 2026 150 2066 νω
163 2004 194 2066 ἐν
207 2009 334 2084 σταθμῷ
346 2003 497 2077 παιδείαν,
522 2004 575 2068 καί
586 2007 618 2068 ἐν
629 2004 713 2089 άκρι-
751 2002 825 2090 ’έργα
837 2001 940 2070 αὐτῶν
958 2029 999 2079 ως
1017 1998 1034 2068 ὁ
1053 1999 1135 2086 ἥλιος
1151 2004 1287 2068 ἐναντίον
1299 1999 1357 2068 αῦ-

105 2088 171 2171 βείομ
183 2081 363 2163 ἀπαγγελλω
376 2083 545 2170 ἐπιστήμην.
567 2087 636 2152 22ἐν
649 2092 714 2171 κρί-
749 2092 818 2164 τοῦ,
830 2088 882 2152 καί
894 2091 925 2152 οῦ
934 2084 1090 2168 ὀφθαλμοί
1099 2084 1195 2154 αὐτοῦ
1208 2085 1358 2171 ἐνδελιηείς

107 2193 150 2233 σει
163 2172 264 2252 κυρίου
278 2167 318 2234 τὰ
336 2171 409 2252 ἐργα
427 2167 525 2232 αὐτοῦ
543 2165 594 2233 ἀπ’
610 2167 713 2254 ἀρχῆς,
750 2172 800 2234 ἐπὶ
816 2170 872 2245 τάς
889 2166 980 2243 ὁδοὺς
999 2167 1108 2235 αὐτῶν.
1147 2171 1179 2213 ²⁰
1194 2169 1249 2233 οὐκ
1269 2163 1358 2253 ἐκρά-

105 2253 157 2315 καέ
169 2248 232 2314 ἀπὸ
243 2247 393 2333 ποιήσεως
403 2249 503 2315 αῦτιῦν
515 2250 653 2315 διέστειλε
664 2276 713 2331 με·
749 2255 842 2336 βησαν
865 2255 897 2316 αί
920 2249 1030 2316 ἀδικίαι
1053 2247 1158 2314 αῦτοῦν
1170 2248 1222 2314 ἀπ’
1249 2251 1356 2325 αὐτοῦ,

106 2334 189 2418 ρίδας
202 2332 309 2397 αὐτῶν.
348 2333 377 2374 22
391 2327 547 2413 ἐκόσμησεν
566 2336 606 2405 εές
619 2337 714 2396 αίιῦνα
750 2334 905 2398 καέπᾶσαι
923 2337 956 2396 αἱ
974 2329 1117 2414 ἁμαρτίαι
1135 2328 1238 2396 σῦτυῦν
1259 2329 1357 2396 ἔναντι

105 2410 146 2478 τά
159 2417 233 2497 ἔργα
247 2411 343 2477 αὐτοῦ
354 2462 365 2490 ,
378 2412 495 2486 καὶτὰς
508 2411 601 2497 ἀρχάς
614 2412 715 2479 αὐτῶν
750 2420 862 2499 κυρίου.
874 2417 906 2457 22
911 2413 1086 2498 ἐλεημοσύνη
1097 2411 1204 2498 ἀνδρὸς
1216 2410 1357 2517 ὦςσψρα·

107 2500 147 2569 ελς
170 2492 268 2570 γενεάς
294 2495 402 2560 αῦτιῦν.
450 2495 520 2562 σότε
546 2500 713 2574 ἐπείνασαν,
749 2498 794 2575 γλς
805 2495 864 2578 μετ’
881 2496 992 2572 αὐτοῦ,
1018 2498 1070 2561 καὶ
1081 2492 1167 2581 χάριν
1185 2493 1357 2581 ἀνθρωπου

107 2576 177 2643 οὔτε
190 2582 369 2653 ἐκοπίασαν,
379 2577 493 2644 καίσῦκ
506 2578 642 2655 ἐξέλιπον
652 2579 714 2646 ἀπὸ
751 2580 792 2654 ὡς
802 2576 893 2665 κόρην
905 2574 1090 2665 συντηρήσει.
1129 2579 1160 2621 22
1172 2578 1245 2661 μετά
1258 2583 1357 2646 ταῦτα

107 2665 169 2727 τῶν
194 2659 289 2744 ίργων
313 2660 422 2729 αὐτῶν.
461 2663 492 2705 22
512 2667 638 2738 ἕκαστος
663 2662 716 2729 τὸν
750 2665 977 2748 ἐξαναστήσεται
998 2664 1050 2729 καὶ
1071 2657 1279 2727 ἀνταποδόσει
1300 2661 1357 2728 αῦ-

106 2745 233 2826 πλησίον
250 2743 346 2811 αὐτοῦ
364 2743 421 2811 οῦκ
442 2743 648 2826 έθλιψεν,·καί
660 2751 715 2823 ἕως
753 2758 828 2821 τοῖς,
853 2748 906 2813 καί
925 2744 962 2811 τὸ
985 2740 1185 2846 ἀνταπόδομα
1210 2743 1357 2822 αῦτιῦνεές

107 2827 285 2904 αέοῦνοςοῦκ
304 2824 503 2913 ἀπειθήσουσι
516 2835 573 2895 τοῦ
586 2826 715 2935 ρ’ήματος
749 2829 882 2915 κεφαλήν
908 2828 1010 2896 αῦτοῦν
1035 2827 1198 2895 ἀποδωσει.
1234 2828 1267 2872 ²⁴
1278 2828 1357 2914 πλήν

108 2909 212 2976 αῦτσῦ.
239 2914 271 2956 22
284 2914 336 2978 καί
353 2911 429 2996 μετά
447 2917 544 2980 ταῦτα
563 2940 665 3000 κυριος
677 2920 715 2991 εἷς
748 2918 945 2997 μετανοοῦσιν
970 2912 1077 2980 έδωκεν
1102 2910 1271 2988 ἐπάνοδον,
1305 2915 1358 2978 καλ

106 2992 161 3096 τήν
172 3000 226 3081 μήν
238 2995 410 3083 ἐπέβλεψεν,
427 2999 478 3062 καί
490 2999 647 3084 ἐνέπλησεν
659 2995 715 3064 αδ-
748 2994 950 3082 παρεκάλεσεν
981 2997 1171 3071 ἐκλείποντας
1195 2992 1356 3082 ὑπομονήν.

106 3102 162 3160 την
185 3083 247 3144 τῶν
273 3077 402 3158 ἀγαθῶν
426 3077 530 3146 αὐτοῦ.
566 3084 598 3127 22
616 3079 714 3167 ψυχήν
748 3081 779 3125 ²⁵
793 3083 951 3168 ἐπίστρεφε
969 3085 1020 3149 ἐπὶ
1032 3077 1134 3166 κόρων
1151 3080 1203 3145 καὶ
1215 3076 1357 3145 ἀπόλειπε

108 3161 223 3237 παντὸς
245 3158 325 3239 ζεόσυ
345 3160 475 3247 ἐκάλυψε
498 3161 534 3229 τὸ
554 3160 715 3251 πρόςωπον
749 3160 907 3250 άμαρτίας,
918 3163 1039 3249 δεήθητι
1048 3160 1127 3231 κατά
1136 3159 1296 3248 πρόςωπον
1305 3165 1358 3229 καί

108 3241 210 3329 αῦτής,
233 3247 284 3311 καί
308 3250 347 3321 είς
371 3245 465 3332 αὐτήν
488 3243 508 3333 ή
534 3246 713 3335 ἀποστροφή
750 3256 907 3351 σμίκρυνον
918 3245 1102 3334 πρόςκομμα.
1128 3243 1358 3324 22ἐπάναγεέπλ

108 3325 221 3393 αῦτιῦν.
751 3331 879 3416 ῦψιστσν
892 3335 943 3396 καὶ
960 3328 1130 3416 ἀπόστρεφε
1147 3327 1212 3393 ἀπὸ
1228 3328 1356 3405 ἀδικίας,

290 3418 365 3476 ΚΕ
375 3416 413 3476 Φ.
456 3416 527 3478 lZ‘.
749 3418 801 3480 καί
818 3411 936 3496 σφόδρα
952 3419 1077 3493 μίσησον
1086 3410 1252 3515 βδέλυγμα.
1278 3413 1307 3453 ²⁷
1322 3406 1356 3474 ῦ-

109 3459 240 3576 Κόριος
253 3491 366 3558 ’ἔκτισεν
376 3498 408 3557 ἐκ
420 3501 473 3579 γής
483 3494 714 3579 ἀνθρωπον,καί
750 3503 849 3581 ψίστῳ
862 3501 907 3568 τίς
920 3498 1026 3558 αἰνέσει
1037 3498 1068 3558 ἐν
1080 3493 1173 3576 ηδους
1199 3489 1268 3558 ἀντὶ
1281 3487 1356 3567 ζών-

108 3571 201 3640 πάλιν
224 3572 409 3659 ἀπέστρεψεν
433 3576 526 3642 αὐτὸν
550 3584 588 3652 εἰς
609 3577 712 3662 αὐτήν.
749 3602 810 3642 των
822 3579 874 3642 καί
892 3574 1013 3653 ζώντων
1030 3577 1081 3641 καί
1101 3572 1244 3637 διδόντων
1259 3571 1356 3639 ἀνθο-

109 3661 124 3700 2
138 3654 248 3740 ἡμέρας
266 3657 403 3743 ἀριθμοῦ
419 3662 471 3725 καὶ
487 3657 590 3742 καιρὸν
604 3661 714 3727 ἔδωκεν
748 3658 920 3744 μολόγησιν.
951 3659 982 3701 22
995 3655 1060 3724 άπὸ
1085 3661 1201 3738 νεκροῦ·
1216 3653 1258 3733 ιδς
1281 3657 1356 3742 μηδὲ

110 3742 231 3816 αὐτοῖς,
244 3745 295 3806 καὶ
321 3740 428 3806 ἔδωκεν
451 3739 555 3817 αῦτσίς
581 3746 715 3819 ἐξουσίαν
750 3741 836 3818 ὄντος
857 3739 1027 3808 ἀπόλλυται
1048 3736 1270 3825 ἐξομολόγησις,
1297 3742 1357 3818 ζῶν

109 3822 228 3890 τῶνέιέ
245 3822 345 3910 αάτής.
372 3823 468 3892 2καθ’
483 3826 607 3900 ἑαυτοὺς
620 3828 715 3892 ἐνέδυ-
749 3829 800 3891 καέ
824 3822 905 3930 ῦγιής
931 3828 1038 3890 αἰνέσει
1055 3824 1110 3890 τὸν
1134 3823 1244 3907 κόριον.
1269 3824 1300 3866 22
1314 3821 1356 3900 ὦς

111 3933 161 3973 σεν
174 3906 285 3983 αὐτοὺς
299 3907 391 3993 ἰσχὺν,
403 3912 455 3974 καὶ
466 3907 529 3973 κατ’
547 3905 645 3975 εέκόνα
659 3908 712 3975 αὖ·
748 3905 859 3992 μεγάλη
872 3936 891 3992 η
906 3902 1083 3993 ε’λεημοσόνη
1095 3911 1151 3974 τοῦ
1164 3912 1280 3993 κυρίου,
1305 3909 1356 3971 καί

110 3995 168 4056 τοῦ
180 3995 315 4073 ἐποίησεν
328 3988 448 4067 αῦτοός.
475 3992 547 4056 4καὶ
560 3990 649 4077 έθηκε
661 3994 715 4060 τὸν
749 3992 904 4074 ἐξιλασμὸς
915 4004 979 4067 τοῖς
996 3995 1221 4077 ἐπιστρέφουσιν
1238 3988 1282 4056 ἐπ’
1298 3989 1356 4056 αῦ-

111 4067 206 4158 φόβον
219 4073 317 4140 αότοῦ
334 4077 385 4139 ἐπὶ
400 4073 499 4160 πάσης
513 4075 638 4161 σαρκὸς,
663 4079 714 4144 καὶ
748 4074 811 4142 τόν.
837 4077 868 4121 22
876 4076 914 4141 οῦ
933 4073 993 4160 γάρ
1015 4071 1140 4141 δόναται
1160 4071 1263 4140 πάντα
1280 4071 1355 4139 εἶναι

110 4154 328 4240 κατακυριεάειν
352 4164 470 4243 θηρίων
493 4160 544 4223 καί
568 4165 713 4226 πετεινῶν.
750 4163 781 4224 ἐν
794 4155 985 4245 ἀνθρώποις,
998 4153 1044 4224 ότι
1056 4155 1112 4223 σῦκ
1124 4155 1280 4233 ἀθάνατος
1292 4156 1356 4232 υίὸς

111 4237 310 4326 2διαβσόλιον
321 4243 373 4308 καί
383 4242 522 4319 γλῶσσαν
530 4244 581 4306 καὶ
592 4241 715 4323 όφθαλ-
749 4240 926 4328 ἀνθρώπου.
949 4243 1012 4307 22τί
1024 4238 1238 4326 φωτεινότερον
1251 4239 1354 4344 ήλίους

110 4319 195 4403 μοῦς,
207 4313 274 4387 σέτα
286 4326 337 4390 καί
349 4350 389 4389 κα
407 4325 475 4390 δίαν
487 4324 577 4390 ίδωκε
589 4327 714 4391 διανοεῖ·
749 4328 801 4391 καί
825 4330 915 4393 τοῦτο
929 4323 1067 4400 ἐκλείπει,
1081 4326 1133 4390 καὶ
1156 4349 1285 4407 πονηρος
1307 4326 1322 4388 ἐ
1338 4362 1355 4374 -

111 4411 188 4466 σθαι
211 4403 323 4481 αὐτοῖς.
362 4409 375 4451 ⁷
427 4404 549 4512 ιυτήμην
574 4410 715 4483 συνέσεως
749 4405 958 4492 θυμηθήσεται
971 4406 1069 4493 σάρκα
1081 4410 1133 4471 καί
1145 4405 1227 4488 αλμα.
1259 4399 1356 4469 22δά·

112 4483 267 4569 ἐνέπλησεν
279 4486 461 4566 αὐτοὺς,καὶ
473 4486 581 4570 αγαθά
594 4492 644 4558 καί
656 4518 714 4559 κα·
750 4518 835 4578 ναμιν
856 4490 954 4581 ῦψους
973 4490 1104 4577 οὐρανοῦ
1129 4486 1221 4563 αὐτὸς
1237 4488 1354 4551 ἐπισκέ-

1239 4594 1354 4643 πτεται,
