2924 4972
152 192 217 258 650
350 191 431 253 ΠΛ
445 191 671 253 ΡοιυιιΑ
687 196 709 251 1
747 183 1007 270 κλείσειν.
1024 185 1072 253 16.
1089 188 1207 254 1718.

151 310 199 373 ἐπὶ
212 307 243 372 δὲ
255 306 358 390 χείλεσι
375 309 492 389 φορέοει
508 300 754 386 ἐπιγνωμοσύνην.
788 306 839 367 καί
851 308 985 377 οἰκείους.
1008 306 1037 346 ¹⁰
1047 307 1188 388 συντρίβει
1201 299 1307 388 ἀπειλή
1320 330 1397 390 καρ-

152 390 184 431 11
197 395 286 473 κηρία
309 389 425 472 μέλιτος
448 382 534 465 λόγοι
551 385 656 460 καλοὶ,
682 380 756 463 γλύ-
788 387 854 449 δίαν
866 390 1021 488 φρονήμου,
1035 382 1140 468 ἀφρων
1151 384 1183 449 δὲ
1194 390 1397 468 μαστιγωθεὶς

152 497 250 556 κασμα
263 471 295 536 δὲ
311 469 408 537 αὐτοῦ
422 471 497 544 ἴασις
514 473 618 552 ψυχῆς.
644 469 757 534 11εἰσίν
788 466 843 532 οῦκ
861 473 1041 533 αίσθανεται.
1065 472 1091 510 ¹¹
1103 466 1272 547 ἀντιλογίας
1294 472 1398 552 ἐγείρει

152 555 218 619 ὁδοί
235 557 375 619 δοκοῦσαι
391 551 465 618 εἶναι
483 550 577 637 ὀρθαί
588 550 687 632 ἀνδρί,
716 547 756 613 τά
787 554 847 624 πᾶς
859 548 962 624 κακός,
987 548 1052 615 ὅδὲ
1063 545 1164 635 κύριος
1183 549 1309 629 ἀγγελον
1328 551 1397 618 ἀνε-

151 641 252 719 μέντοι
282 638 437 701 τελευταῖα
460 632 565 715 αὐτῶν
585 633 685 720 βλέπει
717 636 756 707 είς
786 629 914 716 λεήμσνα
936 635 1077 715 ἐκπέμψω
1098 632 1192 716 αύτῷ.
1222 636 1398 715 11ε1μπεσεῖ-

151 721 295 803 πυθμίνα
304 716 389 801 ᾅδου.
399 715 507 801 16ἀνήρ
521 719 552 779 ἐν
560 713 662 790 πόνοις
671 725 758 780 πονεῖ
787 739 835 780 ται
844 718 969 801 μέριμνα
977 713 1199 800 ἀνδρίνοήμονι,
1210 717 1283 781 οἶδὲ
1293 716 1398 802 ἀφρο-

152 803 252 886 έαυτῷ
278 804 329 865 καὶ
353 797 516 886 ἐκβιάζεται
535 798 589 882 τήν
607 794 757 864 ἀπώλειαν
787 823 831 874 νες
844 798 1064 876 διαλογιοῦνται
1081 794 1170 862 κακά.
1195 795 1398 874 13δςάποδί-

151 885 270 949 ῦαυτοῦ.
290 882 308 949 ό
321 887 422 966 μέντοι
435 880 553 957 σκολιὸς
565 884 615 948 ἐπὶ
626 885 671 965 τῷ
687 883 756 945 ἑαυ-
787 881 863 946 δωσι
875 883 953 947 κακά
965 880 1032 947 ἀντί
1048 879 1193 958 ἀγαθοῖν,
1217 878 1253 946 οῦ
1269 882 1396 970 κινηθή-

151 973 209 1033 τοῦ
240 962 365 1047 στόματι
395 975 483 1051 φορεῖ
509 963 564 1047 τήν
597 961 755 1029 ἀπώλειαν.
787 988 867 1030 σεται
875 961 1060 1029 κακάἐκτοῦ
1070 965 1154 1028 οἴκου
1165 961 1268 1028 αῦτοῦ.
1278 967 1396 1043 “egon-

152 1054 182 1094 ²⁷
195 1047 271 1151 ἀνήρ
294 1047 399 1135 δίφρων
416 1044 533 1133 όρύσσει
552 1049 650 1129 ἑαυτῷ
666 1046 754 1122 κακά,
786 1054 852 1111 σίαν
871 1048 973 1113 δίδωσι
990 1042 1091 1125 λόγοις
1108 1045 1185 1130 ἀρχή
1197 1046 1395 1134 δικαιοσύνης,

152 1136 203 1198 ἐπὶ
222 1133 254 1196 δε
270 1137 333 1196 τῶν
349 1133 459 1196 ἑαυτοῦ
493 1130 593 1194 ειλέων
604 1135 755 1213 θησαυρί-
784 1141 957 1213 προηγεῖται
973 1128 1005 1194 δὲ
1023 1134 1075 1213 τής
1092 1131 1202 1204 ἐνδείας
1220 1127 1325 1206 στάσις
1342 1135 1396 1198 καί

151 1219 188 1293 ζει
200 1219 270 1300 πῦρ.
296 1211 414 1298 11ἀνήρ
428 1155 547 1286 σκολιὸς
561 1213 755 1294 διαπέμπεται
784 1210 871 1296 μάχη.
898 1213 923 1255 ¹⁵
938 1210 971 1288 ἀς
983 1213 1098 1277 δίκαιον
1110 1218 1198 1296 κρίνει
1210 1211 1265 1277 τόν
1277 1211 1392 1289 ἀδικον,

151 1296 242 1371 κακά,
262 1299 313 1360 καί
325 1297 485 1378 λαμπτῆρα
498 1291 588 1360 δόλου
600 1290 754 1375 πυρσεύσει
785 1293 890 1361 ἀδικον
901 1294 934 1359 δὲ
947 1293 1135 1370 τόνδίκαιον,
1151 1292 1328 1380 ἀκάθαρτος
1341 1300 1394 1362 καί

151 1393 261 1455 κακοῖς,
274 1381 325 1443 καί
337 1380 497 1463 διαχωρίζει
510 1378 621 1460 φίλους.
641 1376 753 1461 11ἀνήρ
784 1375 939 1456 βδελυκτδς
951 1375 1036 1464 παρά
1048 1381 1120 1460 θεῷ.
1145 1379 1174 1421 ¹⁰
1187 1381 1267 1443 ίνατί
1280 1377 1393 1466 ύπήρξν

150 1460 323 1545 παράνομος
348 1459 548 1543 ἀποπειράται
566 1461 677 1538 φίλων,
702 1461 754 1524 καί
782 1455 954 1546 χρήματαά
977 1484 1057 1544 ρονις
1081 1459 1251 1543 κτήσασθαι
1264 1461 1323 1562 γάρ
1338 1489 1391 1528 σο-

151 1541 258 1621 ἀπάγει
287 1540 399 1617 αύτούς
428 1541 517 1618 ὁδούς
542 1540 597 1607 σῦκ
623 1538 751 1619 ἀγαθάς.
785 1550 857 1623 φίαν
870 1539 930 1609 ἀκά
968 1568 1011 1619 ιος
1024 1542 1061 1608 οῦ
1075 1539 1235 1628 δυνήσεται.
1261 1540 1295 1619 ὃς
1310 1564 1390 1629 υφη-

149 1628 328 1710 10στηρίζειν
340 1625 372 1689 δὲ
386 1623 566 1706 ὀφθαλμούς
579 1622 671 1689 αῦτοῦ
686 1625 753 1689 δια-
784 1624 838 1692 λδν
849 1638 931 1692 ποιεῖ
939 1623 992 1692 τόν
1003 1629 1112 1692 ἑαυτοῦ
1125 1625 1218 1704 οίκον,
1227 1630 1308 1709 ζητεῖ
1318 1654 1388 1694 συν-

149 1709 293 1787 λογίσεται
306 1709 526 1810 διεστραμμένα,
549 1705 635 1791 ὁρίζει
647 1705 678 1772 δὲ
691 1719 753 1782 τοῖς
784 1708 900 1795 τριβήν,
925 1705 944 1775 ό
968 1708 1001 1775 δὲ
1018 1706 1183 1784 σκολιάζων
1204 1715 1259 1776 τοῦ
1281 1721 1388 1792 μαθεῖν

149 1792 267 1877 χείλεσιν
279 1789 376 1855 αὐτοῦ
386 1814 487 1855 παντα
499 1791 538 1854 τά
551 1787 638 1866 κακά,
661 1781 752 1864 οῦτος
785 1795 948 1872 ἐμπεσεῖται
960 1797 999 1867 είς
1010 1791 1097 1858 κακά.
1120 1795 1148 1835 ¹⁷
1161 1797 1200 1867 είς
1210 1789 1308 1857 πάντα
1319 1819 1388 1857 και-

149 1871 272 1959 ιιάμινός
284 1878 346 1939 ἐστι
358 1878 469 1946 κακίας.
486 1874 513 1915 ³¹
523 1876 667 1952 στέφανος
679 1899 750 1936 καυ-
784 1874 838 1958 ρδν
854 1874 941 1956 φίλος
961 1870 1117 1959 ῦπαρχέτω
1131 1901 1195 1951 σοι,
1219 1875 1341 1956 ἀδελφοί
1353 1877 1387 1941 δὲ

148 1953 256 2042 χήσεως
273 1960 379 2041 γήρας,
405 1958 438 2019 έν
454 1955 487 2019 δὲ
505 1953 588 2029 ὁδοῖς
600 1952 752 2020 δικαιοσύ-
784 1959 814 2020 ἐν
826 1953 968 2035 ἀνάγκαις
977 1954 1115 2043 χρήσιμοι
1124 1953 1387 2035 έστωσαν,τούτου

149 2065 200 2124 νης
215 2037 384 2125 εὑρίσκεται.
410 2039 439 2080 ³²
452 2043 594 2121 κρείσσων
607 2036 681 2143 ἀνήρ
692 2064 751 2121 μα-
783 2037 840 2125 γάρ
857 2038 943 2124 χάριν
957 2045 1124 2118 γεννῶνται.
1150 2043 1180 2085 ¹⁸
1192 2039 1266 2127 ἀνήρ
1280 2040 1388 2128 ἀφρων

149 2118 300 2207 κρόθυμος
312 2124 443 2206 ἰσχυροῦ,
457 2118 475 2184 ὁ
489 2119 521 2186 δὲ
532 2124 651 2206 κρατοῦν
663 2125 752 2203 σργής
784 2125 933 2207 ἐπικροτεῖ
942 2127 993 2188 καί
1004 2128 1144 2210 δσιχαίρει
1156 2126 1262 2208 ἑαυτῷ.
1284 2122 1324 2198 ὡς
1337 2128 1387 2191 καί

148 2211 292 2285 κρείσσων
326 2204 624 2289 καταλαμβανομάου
656 2203 750 2267 πόλιν.
784 2199 802 2269 ό
828 2202 1008 2289 ἐγγυώμενος
1025 2203 1114 2289 ἐγγύη
1132 2212 1193 2272 τιῦν
1207 2211 1316 2273 ἑαυτοῦ
1336 2216 1387 2288 φί-

147 2287 177 2330 ³³
191 2293 230 2362 είς
254 2284 385 2361 κόλπους
402 2289 552 2371 ἐπέρχεται
569 2283 672 2356 πάντα
689 2298 752 2362 τοῖς
783 2286 851 2352 λων.
876 2291 905 2331 ¹⁹
919 2280 1150 2394 φιλαμαρτήβιων
1166 2296 1257 2375 χαίρει
1271 2286 1386 2375 μάχαις,

148 2367 278 2446 ἀδίκοις,
305 2369 391 2454 παρὰ
415 2369 447 2435 δὲ
473 2376 576 2454 κυρίου
593 2368 694 2435 πάντα
712 2370 751 2434 τά
783 2369 844 2435 1οό
869 2370 902 2437 δὲ
931 2371 1161 2458 σκληροκαρδιος
1187 2374 1224 2438 οῦ
1255 2379 1387 2457 συναντᾷ

148 2452 255 2518 δίκαια.
784 2451 922 2531 ἀγαθοῖς.
948 2453 1022 2541 ἀνήρ
1048 2453 1244 2541 εὐμετάβολος
1266 2453 1387 2551 γλώσση

331 2542 405 2600 ΚΕ
418 2542 456 2600 (ί).
502 2532 569 2600 IZ'.
783 2540 944 2618 ἐμπεσεῖται
953 2543 992 2613 εἲς
1000 2539 1088 2614 κακά,
1096 2542 1234 2624 11καρδία
1247 2541 1279 2608 δὲ
1289 2540 1389 2626 ἀφρο-

147 2585 321 2704 Κρείσσων
338 2618 442 2703 ψωμάς
458 2620 523 2699 μεθ’
538 2616 645 2703 ήδονής
662 2621 694 2683 ἐν
711 2623 751 2683 εί-
782 2644 831 2695 νος
848 2618 938 2704 ὀδύνη
952 2617 1001 2705 ’τῷ
1020 2627 1184 2707 κεκτημένῳ
1202 2619 1304 2709 αὐτήν.
1331 2623 1387 2689 οῦκ

147 2699 229 2786 ρήνη,
240 2701 348 2786 ἢοίκος
357 2703 479 2767 πολλῶν
488 2701 616 2780 ἀγαθῶν
625 2702 675 2765 καὶ
684 2699 751 2766 ἀδί-
783 2701 969 2788 εὐφραίνεται
989 2706 1089 2790 πατήρ
1107 2703 1149 2786 ἐφ’
1171 2712 1227 2790 υίῷ
1244 2704 1388 2773 ἀπαιδεύ-

148 2777 208 2848 ιιων
226 2780 370 2865 θυμάτων
385 2781 458 2865 μετά
477 2785 577 2867 μάχης.
610 2787 751 2869 1οίκέτης
782 2812 836 2861 τω,
846 2785 909 2862 υἱός
922 2786 955 2852 δὲ
967 2786 1108 2873 φρόνιμος
1118 2786 1262 2875 εὐφραίνει
1274 2794 1388 2875 μητέρα

148 2864 266 2948 νοήμων
283 2862 419 2951 κρατήσει
439 2868 591 2932 δεσποτῶν
603 2864 751 2952 ἀφρόνων,
784 2852 886 2935 αῦτοῦ.
919 2873 948 2913 11
963 2874 1072 2954 καρδία
1095 2871 1305 2957 εῦφραινομένη
1326 2873 1389 2939 εῦε-

147 2952 178 3012 ἐν
188 2948 220 3014 δὲ
232 2947 369 3028 ἀδελφοῖς
382 2949 516 3014 διελεῖται
527 2952 610 3034 μέρη.
627 2952 642 2992 ³
656 2945 750 3030 ώςπερ
783 2964 861 3018 κτεῒν
872 2964 963 3028 ποιεῖ,
977 2952 1084 3038 ἀνδρὸς
1092 2955 1125 3019 δὲ
1133 2954 1271 3040 λυπηροῦ
1284 2961 1301 3033 ξ
1320 2964 1389 3038 ραί-

147 3029 331 3114 δοκιμάζεται
356 3035 388 3094 έν
411 3038 521 3114 κυμίνῳ
549 3032 678 3117 ἀργυρος
701 3033 751 3097 καὶ
784 3060 863 3100 νεται
875 3035 915 3101 τά
930 3035 1015 3102 ἀοτά.
1041 3033 1284 3120 11λαμβάνοντος
1302 2985 1390 3118 δῶρα

145 3112 261 3198 χρυσὸς,
282 3110 379 3188 οῦτως
392 3114 524 3180 ἔκλεκταί
536 3117 654 3197 καρδίαι
666 3113 751 3201 παρά
784 3116 893 3194 ἀδίκως
914 3122 945 3184 ἐν
963 3118 1084 3193 κόλποις
1101 3116 1138 3181 οῦ
1159 3120 1388 3185 κατευοδοῦνται

148 3203 247 3281 κυρίῳ.
261 3198 376 3271 1κακδς
389 3193 529 3262 ῦπακούει
542 3194 678 3281 γλώσσης
690 3225 752 3263 πα·
784 3197 859 3276 ὁδοὶ,
872 3198 977 3282 ἀσεβής
988 3200 1021 3263 δὲ
1033 3199 1152 3262 ἐκκλίνει
1167 3197 1258 3274 ὁδούς
1270 3200 1388 3266 δικαιο-

149 3275 302 3363 ρανόμων,
327 3281 440 3355 δίκαιος
451 3279 482 3344 δὲ
496 3278 532 3347 οῦ
546 3284 678 3365 προςέχει
694 3288 750 3365 χεί-
784 3281 878 3364 σόνης-
914 3281 947 3323 ²⁴
958 3277 1118 3364 πρόςωπον
1139 3281 1260 3346 συνετόν
1277 3283 1389 3370 ἀνδρὸς

148 3365 210 3430 λεσι
223 3366 369 3446 ψευδέσιν.
388 3365 403 3408 1
416 3362 433 3430 ό
447 3364 616 3442 καταγελῶν
628 3369 752 3469 πτωχοῦ
784 3368 894 3447 σοφοῦ,
919 3367 948 3428 οἶ
957 3364 989 3428 δὲ
1003 3361 1160 3444 ὀφθαλμοί
1176 3368 1233 3431 τοῦ
1252 3364 1390 3453 ἀφρονος

146 3443 302 3533 παροξύνει
315 3446 368 3512 τόν
379 3443 547 3531 ποιήσαντα
559 3446 667 3523 αὐτὸν,
687 3448 750 3513 οδὲ
784 3445 828 3514 ἐπ’
856 3444 934 3533 ἀκρα
956 3451 1019 3529 γῆς.
1056 3446 1179 3531 11ὀργή
1205 3455 1300 3530 πατρί
1326 3453 1390 3528 υίὸς

147 3537 308 3616 ἐπιχαίρων
320 3530 515 3614 ἀπολλυμένῳ
526 3529 581 3596 οῦκ
594 3526 751 3609 ἀθωωθή-
784 3531 898 3617 ἀφρων,
920 3531 971 3595 καί
983 3527 1075 3614 ὀδύνη
1087 3535 1125 3620 τῇ
1137 3527 1263 3639 τεκούση
1281 3531 1385 3599 αὐτόν.

148 3639 246 3686 σεται,
271 3611 334 3678 ὁδὲ
351 3610 751 3698 ἑπισπλαγχνιζόμενοςέλεη-
783 3615 814 3657 ²⁰
826 3618 946 3698 ζημιοῦν
970 3613 1062 3697 ἀνδρα
1088 3616 1202 3681 δίκαιον
1228 3607 1265 3682 όυ
1286 3614 1389 3693 καλὸν,

147 3691 282 3775 θήσεται.
308 3698 324 3739 ⁶
337 3699 484 3776 στέφανος
500 3698 647 3780 γερόντων
663 3700 750 3760 τέκνα
784 3695 853 3763 οῦδὲ
866 3694 949 3763 όσιον
962 3698 1157 3783 ἐπιβουλεύειν
1174 3695 1329 3773 δυνάσταις
1341 3700 1387 3763 δι-

147 3783 270 3852 τέκνων,
296 3778 433 3862 καύχημα
449 3779 481 3842 δὲ
500 3783 607 3843 τέκνων
627 3782 751 3863 πατέρες
783 3786 887 3856 ναίοις.
913 3784 942 3825 11
956 3777 990 3857 ὃς
1008 3783 1135 3862 φείδεται
1148 3786 1227 3866 ῥῆμα
1238 3787 1387 3866 προέσθαι

148 3860 254 3924 αὐτῶν.
291 3866 349 3923 τοῦ
369 3866 479 3926 πιστοῦ
505 3859 576 3936 ὅλος
599 3858 615 3926 ὁ
642 3859 750 3942 κόσμος
784 3863 927 3948 σκληρόν,
954 3860 1136 3945 ἐπιγνώμων,
1150 3862 1343 3949 μακρόθυμος
1355 3866 1388 3930 δὲ

147 3942 389 4025 τώνχρημάτων,
414 3948 470 4008 τοῦ
488 3944 520 4008 δὲ
537 3944 666 4009 ἀπίστου
680 3941 749 4007 οῦδὲ
783 3944 856 4030 ἀνήρ
876 3943 1027 4031 φρόνιμος.
1059 3945 1221 4030 111οἰνο’τῳ
1239 3947 1388 4032 ἐπερωτή-

148 4023 265 4110 όβολός.
306 4023 387 4108 7οῦχ
404 4022 525 4109 ἁρμόσει
551 4026 657 4109 ἀφρονι
672 4025 749 4109 χείλη
783 4053 864 4092 σαντι
895 4037 1007 4110 σοφίαν
1045 4037 1139 4111 σοφία
1159 3976 1388 4114 λογισθήσεται,

146 4105 248 4179 πιστά,
263 4105 332 4171 οῦδὲ
346 4108 450 4190 δικαίῳ
462 4109 540 4191 χείλη
554 4108 655 4190 ψευδή.
675 4110 748 4190 1’μι-
783 4107 861 4175 ἕνεδν
892 4111 927 4176 δέ
951 4137 994 4186 τις
1023 4113 1133 4178 ἑαυτὸν
1158 4110 1287 4197 ποιήσας
1314 4109 1389 4189 δόξει

146 4190 222 4264 σθός
234 4195 363 4272 χαρίτων
374 4191 494 4255 παιδεία
508 4201 570 4263 τοῖς
581 4194 748 4272 χρωμένοις,
781 4192 921 4277 φρόνιμος
932 4193 1012 4260 είναι.

145 4264 182 4338 οῦ
209 4272 235 4336 δ’
264 4272 301 4336 ἂν
326 4273 492 4357 ἐπιστρέψῃ
518 4269 747 4352 εῦοδωθήσεται.
965 4285 998 4342 Κ
1010 4276 1042 4344 E'
1055 4285 1092 4343 Φ.
1136 4277 1209 4345 IH‘.

429 4351 437 4372 Ι

144 4352 207 4431 οίίς
219 4352 339 4441 κρύπτει
353 4352 528 4436 άδικηματα,
551 4357 629 4436 ζητεῖ
638 4356 748 4436 φιλίαν,
781 4326 976 4442 Προφάσεις
997 4366 1076 4444 ζητεῖ
1105 4362 1179 4448 ἀνήρ
1209 4357 1390 4467 βουλόμενος

374 4432 381 4456 Ι

144 4438 178 4517 ὃς
190 4440 221 4506 δὲ
234 4452 313 4521 μισεῖ
328 4462 480 4521 κρυπτειν,
506 4440 631 4520 διίστησι
645 4439 748 4521 φίλους
779 4446 957 4527 χωρίζεσθαι
976 4443 1039 4510 ἀπὸ
1058 4446 1170 4526 φίλων,
1196 4451 1228 4511 ἐν
1247 4450 1341 4512 παντὶ
1358 4448 1389 4511 δε

1296 4554 1390 4611 11111911)
