2924 4972
427 194 779 255 Λυνινιντοιν
819 184 1031 276 νοςηνυν.
1294 199 1358 261 123

105 290 209 393 κάριος
220 302 238 371 ὅ
251 300 381 384 ἀγιάζων
393 302 515 383 αὐτούς.
538 305 570 347 ²⁴
582 307 634 370 καί
645 303 715 371 ἐλά-
747 332 787 391 ρα
801 304 820 390 ἢ
833 287 1034 392 ἐνηθιβλημίνη,
1048 311 1167 390 σπέρμα
1176 306 1208 372 δὲ
1217 304 1256 392 μή
1267 334 1286 401 η
1298 305 1357 373 αιί-

105 391 177 490 λησρ
195 394 334 490 Μῳυοής
349 385 427 476 πρὸς
443 386 563 489 ’Λαράμ
579 391 632 453 καὶ
645 387 716 464 τοὺς
747 392 801 481 τῇ,
826 391 1044 473 ἐπανασερεήιει
1064 392 1116 455 ε’πί
1132 387 1185 489 τὸν
1201 390 1284 457 οίκον
1300 388 1355 457 τάν

106 477 191 547 υίους
209 476 320 550 αυτοῦ,
345 474 397 538 καί
414 471 491 561 πρὸς
503 497 620 548 παντας
634 469 715 549 υίοάς
746 469 892 557 πατρικὸν
920 470 1001 539 κατά
1026 470 1079 557 τήν
1103 497 1228 557 νεοτητα
1251 471 1353 557 αὐτῆς.

103 550 236 641 Ἰσραήλ.
747 551 810 621 ἀπὸ
822 559 881 621 τοῖν
890 553 991 641 ἀρτων
1001 561 1054 622 τοῦ
1064 553 1181 661 πατρὸς
1191 552 1354 640 οὐτήςοά-

284 643 361 706 ΚΕ
372 643 410 703 Φ,
452 634 543 705 ΚΒ’.
747 663 836 714 γεται.
861 642 913 704 καί
929 643 989 713 πᾶς
1006 637 1163 724 ἀλλογενης
1180 636 1217 705 οά
1230 634 1355 720 σάγεται

106 686 194 788 Καί
213 715 337 804 ίλάλησε
352 717 458 822 κάριοςι
469 719 546 808 πρὸς
562 725 716 807 Μωυσῆν,
757 717 766 738 ‘
1271 717 1287 743 ⁰
1323 720 1338 743 ”

749 718 799 818 ἀπ’
828 718 935 820 οήτῶν.
969 721 1062 787 12καί
1087 720 1251 810 ἅνθρωπος
1267 748 1302 798 ος
1318 747 1357 787 αν

107 805 211 883 λέγων.
237 809 252 847 2
265 803 349 871 εἷπον
362 802 481 890 Ἀαρων
493 807 545 872 καί
556 818 627 908 τρῖς1
637 808 714 880 υίοῖς
749 828 830 897 οαγη
840 802 914 902 ἀγια
926 801 989 869 κατ’
1005 804 1137 883 άγνοιαν,
1155 809 1206 873 καί
1218 803 1356 907 προςθή·

108 886 214 954 αὐτοῦ.
247 889 298 953 καὶ
321 891 544 974 προςεγὲτωσαν
568 914 632 957 απο
654 893 716 953 τῶν
749 911 791 950 σει
816 911 853 950 το
875 890 1058 970 ἐπίπεμπτον
1083 886 1179 955 αὐτοῦ
1201 887 1246 956 ἔπ’
1266 913 1354 965 αυτο,

108 966 202 1049 ἀγίων
219 975 281 1037 τῶν
295 975 369 1036 υῖῶν
384 969 522 1057 Ἰσραήλ,
544 973 595 1037 καί
613 968 650 1038 οά
666 975 716 1060 βε-
748 969 800 1033 καί
812 962 899 1034 ἀάσει
912 974 956 1052 τῷ
968 972 1037 1073 ἱερεῖ
1047 969 1083 1037 τὸ
1097 970 1187 1050 ἀγιον,
1208 975 1237 1017 ιν
1248 973 1300 1037 καί
1314 968 1352 1036 οίι

105 1051 277 1139 βηλοίσουσι
303 1051 340 1118 τὸ
359 1052 456 1136 ὄνομα
481 1053 518 1120 τά
544 1051 628 1133 ἀγιόν
644 1081 715 1138 μου,
748 1055 801 1139 βεβ
819 1045 950 1117 λοίσουσι
975 1076 1013 1116 τα
1034 1049 1104 1130 ἀγια
1121 1060 1182 1119 τῶν
1199 1059 1273 1120 υίιόν
1293 1052 1353 1119 ’1ο-

109 1133 167 1202 ὅσα
181 1136 269 1204 αὐτοὶ
282 1133 438 1214 ἀγιάζουσί
449 1162 510 1219 μοι.
535 1134 593 1215 ἐγὼ
606 1133 715 1223 κάρως.
749 1079 843 1218 ραήλ,
868 1130 890 1199 ἀ
906 1131 995 1199 αὐτοὶ
1015 1131 1175 1219 ἀφαιροῦσι
1194 1141 1237 1219 τῷ
1250 1143 1352 1220 κυρίῳ.

107 1218 210 1286 2εἶπον
222 1218 337 1293 αὐτοῖς
346 1224 387 1294 είς
398 1217 452 1293 τάς
464 1216 562 1296 γενεάς
571 1215 650 1301 ὑμῶν
658 1225 718 1294 πᾶς
751 1219 778 1260 ¹⁶
791 1218 843 1281 καί
859 1212 1018 1293 ἀπάξουσιν
1035 1214 1079 1297 ἐφ’
1095 1216 1219 1292 ἑαυτοὺς
1233 1215 1356 1298 ἀνομίαν

107 1300 288 1388 ἅνθρωπος,
307 1298 340 1375 ὃς
352 1298 390 1367 ἀν
401 1300 553 1392 σροςελθη
566 1298 628 1366 ἀπὸ
640 1326 719 1366 παν-
750 1298 943 1382 πλημμείαίας
958 1301 990 1363 ἐν
1005 1303 1049 1382 τῷ
1071 1302 1181 1365 ίσθίειν
1197 1297 1306 1373 αὐτοὺς
1318 1297 1358 1364 τά

106 1383 159 1459 τὸς
169 1389 224 1450 τοῦ
235 1387 406 1466 σπέρματος
418 1379 499 1465 ὑμῶν
505 1379 580 1485 πρὸς
590 1380 628 1448 τά
637 1379 718 1460 ἀγια,
750 1377 820 1460 ἀγια
832 1380 944 1459 αὐτῶν,
957 1377 1003 1448 ὅτι
1016 1380 1076 1461 ἐγώ
1088 1378 1188 1468 κύριος
1200 1378 1219 1448 ἀ
1229 1376 1357 1461 ἀγιάζων

106 1465 170 1532 ὅσα
187 1465 225 1531 ἀν
242 1451 403 1542 ἀγιάζωσιν
421 1468 453 1530 οί
464 1468 525 1530 υίοί
545 1463 660 1550 Ιοραήλ
674 1471 717 1531 τοί
749 1461 866 1542 αὐτούς.
904 1467 995 1530 12καὶ
1017 1461 1088 1531 ίλάλ
1108 1492 1138 1530 σε
1163 1461 1262 1550 κύριος
1279 1462 1356 1550 πρὸς

108 1554 217 1632 κυρίῳ,
242 1549 294 1612 καί
318 1544 529 1631 ήάκυθαρσία
553 1548 650 1616 αὐτοῦ
667 1530 712 1615 ἐπ’
748 1552 901 1633 Μωυσῆν,
922 1547 1025 1627 λέγων.
1052 1495 1223 1634 18λάλησον
1235 1548 1355 1635 Ἀαρών

109 1629 194 1715 αὐτῷ
218 1619 252 1735 ᾗ,
277 1627 564 1717 ἑξολοθρευθήσεται
589 1627 608 1716 ἦ
631 1630 713 1735 ψυηή
747 1634 877 1708 καὶτοῖς
897 1629 1098 1708 υίοῖςαίιτοῖι,
1123 1630 1353 1736 κοίπάσησυν-

107 1721 200 1799 ἐκείνη
218 1711 269 1781 απ’
290 1718 371 1797 ἐμοῦ.
407 1713 465 1793 ἐγώ
486 1712 587 1802 κάρτος
606 1711 624 1781 ὁ
643 1725 715 1793 θεος
747 1720 851 1809 αγωγῇ
861 1714 995 1801 Ἰσραήλ,
1004 1719 1056 1781 καὶ
1068 1718 1141 1800 ε’ρεῖς
1149 1713 1225 1801 πρὸς
1234 1714 1353 1791 αυτούς.

108 1796 199 1883 ὑμῶν.
226 1800 307 1864 2καὶ
324 1797 488 1881 ἅνθρωπος
503 1800 536 1864 ἐκ
549 1803 603 1865 τοῦ
621 1803 714 1886 σπέρ-
747 1797 911 1885 άνθρωπος
935 1799 1102 1885 ἅνθρωπος
1121 1798 1184 1865 ἀπὸ
1201 1804 1264 1866 τῶν
1281 1800 1354 1865 υίοίν

105 1907 199 1964 ματος
210 1878 328 1965 Ἀαρών
346 1888 401 1948 τοῦ
418 1885 532 1968 ίερίως,
557 1883 609 1948 καί
625 1873 714 1959 οὗτος
743 1878 878 1967 Ἰσραήλ,
891 1879 911 1966 ἢ
924 1886 984 1948 τῶν
992 1880 1184 1966 προςηλάτων
1191 1887 1253 1948 τοῖν
1261 1908 1353 1968 προς-

107 1967 201 2051 λεπροὶ
224 1963 243 2049 ἢ
267 1968 434 2053 γονορρυεῖ,
459 1969 520 2031 τῶν
545 1961 640 2044 ἀγίων
657 1964 713 2032 οίικ
746 1969 880 2048 κειμένων
895 1963 973 2051 πρὸς
989 1966 1100 2042 αὐτοὺς
1113 1971 1145 2033 ἰν
1155 1964 1293 2052 Ἰσραήλ,
1320 1961 1354 2041 ὃς

108 2044 713 2155 ἐθεται,έωςάνωθαρωθή.καὶὸἀπτά
746 2046 783 2114 ἀν
807 2052 982 2143 προςενέγκή
1006 2048 1046 2116 τά
1061 2051 1145 2133 δῶρα
1163 2049 1258 2117 αὐτοῦ
1275 2047 1354 2115 κατά

106 2158 189 2212 μενος
213 2126 312 2216 πάσης
335 2130 528 2217 ἀκαθαρσιας
553 2136 667 2217 ψυχῆς,
694 2130 713 2216 ἢ
745 2137 847 2199 πᾶσαν
859 2126 1020 2214 ὁμολογίαν
1032 2131 1148 2208 αὐτῶν,
1169 2128 1280 2215 ἧνατά
1292 2136 1354 2197 πᾶ-

107 2214 270 2302 άνθρωπος
288 2208 315 2297 ᾧ
328 2215 365 2281 ἀν
377 2216 486 2298 ἐξελθη
499 2218 530 2292 εξ
542 2212 638 2283 αὐτοῦ
649 2221 715 2281 κοί-
747 2240 804 2280 σαν
816 2218 925 2298 αἵρεσιν
938 2215 1054 2292 αὐτῶν,
1080 2212 1139 2281 ὅσα
1151 2213 1189 2282 ἀν
1201 2219 1354 2301 προςενίγ-

106 2322 143 2383 τη
167 2302 352 2385 σπέρματος,
383 2287 526 2382 2ήῖίςτις
543 2297 580 2364 ἀν
597 2294 715 2383 ἀιμηται
747 2303 876 2380 κωσιτῳ
885 2302 949 2381 θεῷ
962 2294 1219 2381 είςάλοκαάτωμα.
1232 2294 1355 2365 12ιλειιτά

106 2379 220 2454 παντὸς
233 2384 358 2485 ἑρπετοῦ
371 2377 561 2465 ἀκαθάρτου,
587 2377 607 2445 ὃ
620 2393 718 2464 μιανεί
749 2375 817 2481 ήμίν
829 2377 937 2462 άμωμα
951 2380 1058 2461 ἀρσενα
1071 2385 1103 2445 ἐκ
1116 2386 1177 2447 τῶν
1189 2381 1354 2466 βουκολίων

108 2459 217 2537 αὐτὸν,
240 2460 319 2545 ηέιί
341 2459 510 2544 ἀνθρώπῳ,
535 2466 566 2526 ἐν
584 2454 718 2545 ᾧμιανεῖ
749 2464 816 2543 ηέκ
826 2464 887 2524 τῶν
899 2459 1060 2546 προβάτων
1071 2465 1122 2525 καί
1135 2466 1166 2525 ἐκ
1179 2467 1353 2538 τῶναίγῶν.

109 2541 205 2610 αὐτὸν
228 2542 308 2608 κατά
330 2548 432 2608 πᾶσαν
450 2541 644 2627 ἀκαθαρσίαν
661 2543 717 2608 αιἰ-
750 2546 781 2585 ²⁰
794 2537 894 2607 πάντα
907 2540 966 2607 ὅσα
984 2541 1022 2608 ἀν
1041 2546 1091 2635 ἔχη
1107 2547 1210 2625 μῶμον
1227 2547 1258 2607 ἐν
1271 2541 1354 2626 αὐτῷ

109 2631 175 2694 τοῦ.
201 2627 218 2670 ⁶
234 2623 313 2711 ψυχή
331 2621 395 2710 ήτις
412 2623 463 2692 ίάν
475 2620 592 2708 ἀιμηται
605 2624 716 2702 αὐτῶν,
750 2623 787 2690 οίι
800 2619 979 2709 προςάξουσι
991 2633 1094 2710 κυρίῳ,
1119 2622 1193 2692 διότι
1205 2623 1241 2691 οὐ
1254 2627 1355 2691 θεντόν

109 2705 286 2813 ἀκάθαρτος
309 2712 395 2775 ἔσται
413 2715 468 2784 ἕως
486 2710 622 2794 ἕσπερος.
660 2708 716 2776 οίικ
749 2712 832 2774 ἔσται
852 2705 927 2792 ὑμῖν.
962 2713 988 2752 ²¹
1002 2711 1053 2775 καὶ
1078 2708 1240 2796 ἅνθρωπος
1261 2706 1295 2787 ἀς
1320 2709 1357 2776 ἀν

108 2798 204 2860 ἔδεται
218 2793 280 2860 απὸ
293 2797 354 2859 τῶν
366 2791 469 2871 ἀγίων,
487 2790 541 2858 ε’ἀν
551 2791 592 2876 μή
605 2789 716 2878 λοάση-
747 2797 921 2881 προςενέγκη
942 2801 1056 2859 θυσίαν
1073 2802 1221 2880 σωτηρίου
1239 2799 1284 2878 τῷ
1301 2821 1353 2859 κυ-

107 2905 157 2943 ται
171 2876 206 2943 τὸ
219 2882 306 2962 σῶμα
319 2875 414 2943 αὐτοῦ
429 2873 524 2952 ὕδατι,
543 2879 617 2942 2καὶ
628 2874 714 2981 διἠηὸ
747 2882 820 2959 ρίῳ,
846 2877 1010 2953 διαστείλας
1026 2876 1110 2963 εὐχήν
1123 2877 1140 2961 ή
1153 2877 1231 2945 κατὰ
1244 2884 1355 2962 αἵρεσιν

109 2958 206 3046 ήλιος,
230 2964 282 3026 καί
306 2959 444 3047 καθαρὸς
461 2964 555 3026 ὲίτται.
579 2963 630 3026 καὶ
647 2988 715 3027 τοτε
748 2960 811 3042 ἢέν
822 2973 889 3035 ταῖς
900 2962 1017 3046 ἑορταῖς
1031 2958 1119 3044 ὑμῶν,
1132 2965 1164 3026 ἐκ
1177 2967 1237 3026 τῶν
1246 2964 1355 3045 βουκο-

108 3041 305 3126 σ-άγεταιτων
318 3041 425 3123 ἀγίων,
451 3040 499 3110 ὅτι
515 3042 714 3129 ἀρτοςαάτοῡ
747 3044 818 3109 λίων
843 3041 863 3127 ἢ
888 3046 920 3109 ἐκ
944 3050 1005 3109 τῶν
1029 3041 1206 3132 προβάτων,
1232 3045 1355 3128 ἄμωμον

107 3133 180 3193 ἐστι.
209 3130 419 3213 ῧθνησιμαῖον
444 3129 497 3193 καὶ
520 3125 714 3233 θηριάλωτον
747 3130 831 3193 ἔσται
843 3126 991 3205 εἷςθεκτάν,
1014 3133 1075 3204 πᾶς
1086 3135 1188 3213 μῶμος
1200 3126 1256 3195 οὐκ
1270 3135 1354 3193 ε”σται

107 3210 145 3277 οὐ
164 3208 304 3294 φάγεται,
328 3217 494 3295 μιανθῆναι
509 3209 603 3277 αιἰτον
614 3215 645 3277 ἐν
657 3211 714 3279 αίι-
747 3216 777 3276 ἐν
789 3210 883 3293 αὐτῷ.
912 3214 941 3254 22
953 3209 1070 3291 τυφλὸν
1083 3212 1101 3297 ἢ
1114 3215 1355 3296 συντετριμμένον

107 3309 180 3371 τοῖς.
194 3294 253 3373 ε’γὼ
265 3290 373 3378 κύριος,
393 3296 469 3357 2καί
482 3292 664 3373 φυλάξονται
676 3293 716 3360 τά
748 3293 766 3376 ἢ
791 3289 1020 3375 γλωσσότμητον
1050 3292 1070 3376 ἢ
1095 3301 1305 3379 μυρμηκιώντα
1333 3294 1352 3397 ή

108 3375 291 3458 φυλάγματά
315 3403 388 3456 μου,
412 3382 463 3441 ’ίνιν
486 3375 526 3477 μή
547 3375 660 3463 λάβωσι
676 3376 711 3442 δι’
748 3380 969 3459 ψωραγριώντα
988 3374 1008 3457 ἢ
1027 3374 1157 3458 λειχῆνας
1171 3380 1290 3459 ἔχοντα,
1316 3403 1353 3441 ου

108 3458 192 3525 αὐτὰ
216 3464 378 3541 αμαρτίαν,
403 3459 455 3521 καί
479 3457 658 3527 αποθάνωσι
677 3458 711 3527 δι’
747 3452 927 3562 προςάξουσι
939 3462 1038 3521 ταῦτα
1054 3461 1098 3538 τῳ
1115 3465 1224 3541 κυρίῳ,
1247 3460 1298 3522 καὶ
1316 3465 1355 3535 είς

109 3541 206 3617 αάτά,
232 3538 284 3616 ἐὰν
296 3535 516 3643 βεβηλάσουσιν
532 3539 620 3609 αιἰτά.
658 3541 717 3620 ἐγὼ
747 3536 952 3627 καρπωσινοά
966 3534 1071 3604 δώσετε
1085 3538 1134 3606 ἀπ’
1149 3538 1354 3607 αὐτῶνίπὶτὸ

108 3623 211 3710 κάριος
223 3622 241 3690 ὃ
252 3620 352 3698 θεοςὸ
364 3618 493 3700 ἁγιάζων
503 3621 621 3698 αὖτοάς.
634 3627 662 3669 ¹⁰
668 3627 718 3689 καί
747 3620 964 3711 θυσιαστήριον
974 3627 1018 3704 τῴ
1031 3629 1132 3708 κυρίῳ.
1147 3625 1176 3666 ²³
1186 3627 1237 3689 καὶ
1245 3617 1355 3708 μόσχον

108 3717 169 3785 πᾶς
181 3706 339 3793 ἀλλογενής
352 3701 526 3787 οάιφάγεται
539 3703 618 3783 ἀγια.
640 3703 719 3790 πάρ-
750 3704 768 3791 ἢ
780 3705 935 3791 πρόβατον
951 3704 1135 3792 ὦτότμητον,
1149 3706 1167 3791 ἢ
1181 3703 1355 3795 κολοβόκερ-

110 3819 193 3869 οικος
208 3797 320 3876 ίερέως,
342 3789 362 3876 ἢ
374 3787 530 3874 μισθωτὸς
543 3787 580 3855 οίι
594 3784 718 3870 οάγεται
751 3814 804 3855 κον
816 3787 928 3869 σφάγια
939 3788 1071 3872 ποιήσεις
1084 3789 1162 3858 αὐτά
1175 3798 1300 3877 σεαυτῷ,
1315 3800 1354 3870 είς

110 3876 192 3956 ἀγια.
216 3875 302 3945 12,ε’ἀν
315 3873 346 3940 δὲ
360 3871 450 3959 ῖερεὶις
461 3869 605 3958 κτήσηται
619 3869 717 3957 εμυχήν
750 3872 781 3938 δὲ
799 3867 885 3958 εὐχήν
904 3898 958 3937 σου
971 3873 1007 3938 οὐ
1020 3869 1201 3957 (λεχθήσεται.
1227 3877 1258 3918 ²⁴
1271 3877 1351 3942 θλα-

109 3966 253 4044 ὲγκτητον
265 3957 424 4045 ἀργυρίου,
446 3951 535 4034 οὗτος
547 3953 672 4038 φάγεται
685 3964 717 4022 εἰι
748 3959 816 4025 δίαν
832 3958 884 4021 καὶ
901 3957 1124 4040 ἐκτεθλιμμένον
1141 3962 1191 4024 καί
1216 3963 1354 4043 εἰιτομίαν

109 4049 171 4109 των
197 4044 297 4128 ἀρτων
314 4042 419 4107 αὐτοῦ.
445 4045 497 4106 καὶ
514 4047 546 4106 οί
562 4048 717 4120 οἰκογενεῖς
747 4044 800 4108 καὶ
812 4039 1041 4125 ἀπεσπασμένον
1061 4037 1098 4105 οά
1111 4039 1259 4126 προςάξεις
1275 4042 1354 4110 αὐτά

110 4127 217 4202 αὐτοῦ,
230 4128 282 4191 καί
293 4117 377 4190 οὗτοι
390 4121 536 4205 φάγονται
545 4131 606 4190 τῶν
617 4125 717 4211 ἀρτων
747 4131 791 4209 τῷ
811 4131 920 4211 κυρίῳ,
946 4127 998 4190 καὶ
1016 4126 1065 4191 ε’πί
1078 4131 1129 4210 τῆς
1146 4134 1200 4213 γης
1219 4124 1299 4210 ὑμῶν
1316 4125 1353 4192 οὐ

110 4210 216 4277 αὐτοῦ.
242 4212 271 4253 ¹²
282 4212 333 4274 καί
343 4204 482 4292 θυγάτηρ
498 4206 662 4295 ἀνθρώπου
675 4213 716 4274 λε·
747 4205 890 4295 ποιήσετε.
915 4212 945 4253 ²⁵
958 4211 1009 4276 καὶ
1027 4212 1057 4275 ἐκ
1074 4210 1166 4295 χειρὸς
1178 4210 1353 4287 ἀλλογενους

109 4300 185 4379 ρέιος
197 4291 247 4359 ἐάν
258 4297 378 4375 γένηται
390 4291 474 4377 ἀνδρὶ
486 4289 642 4371 ἀλλογενεῖ,
660 4290 716 4357 αίι-
747 4291 784 4359 οὐ
797 4300 965 4379 προςοίσετε
974 4291 1013 4360 τά
1023 4295 1107 4377 δῶρα
1117 4299 1173 4358 τοῦ
1185 4297 1259 4357 θεοῦ
1274 4292 1354 4375 ὑμῶν

109 4378 147 4461 τή
173 4382 234 4442 τῶν
259 4374 404 4461 ἀπαρχῶν
423 4372 509 4452 ἀγίου
526 4375 563 4440 οά
580 4372 714 4455 φάγεται.
747 4374 809 4442 ἀπὸ
826 4374 947 4445 πάντων
963 4373 1088 4442 τούτων.
1121 4371 1168 4438 ὅτι
1188 4374 1353 4457 οθάρματά

112 4463 196 4526 ι2καὶ
208 4456 344 4544 θυγάτηρ
358 4462 457 4542 ἱερέως
470 4457 520 4525 ἐάν
530 4463 650 4544 γίνηται
663 4455 716 4545 χή-
747 4463 828 4528 ἐστιν
845 4464 875 4526 ἐν
888 4459 1002 4534 αὐτοῖς,
1018 4462 1117 4537 μῶμος
1129 4460 1160 4520 ἓν
1173 4454 1290 4600 afim}
1299 4451 1353 4596 0⁰²
