2924 4972
162 227 225 296 444
292 223 792 290 ΠΑΡΑΛΕΙΠΟΜΕΝΩΝ
815 224 951 285 Am
996 224 1072 299 Κεφ.
1086 214 1129 283 θ’.
1143 215 1171 282 ί.
1183 219 1215 285 9.
1231 220 1280 284 10.

170 312 1412 334 ,Μῄ-...ῃ

161 349 220 408 ἐκεῖ
231 344 355 405 ἐπὶτῶν
373 343 405 415 ἕξ
418 336 602 423 ἀναβαθμῶν
618 341 704 402 ένθεν
720 342 772 403 καί
800 336 898 422 Συχὲμ
915 336 1020 422 ήρχετο
1033 342 1094 412 πᾶς
1106 335 1230 423 Ἰσραήλ
1241 341 1415 426 βασιλεῦσαι

161 431 255 491 ἔνθεν.
274 422 329 487 ούκ
343 418 467 504 ἐγεννήθη
481 416 579 495 ούτως
592 424 623 484 ἕν
634 417 720 513 πόση
734 426 772 520 πή
802 416 903 485 αὐτόν.
921 422 997 486 2καί
1009 423 1121 497 ἐγένετο
1134 421 1176 496 ὡς
1190 418 1414 525 ήκουσενἾερο-

160 510 306 599 βασιλείᾳ.
329 509 360 550 ²⁰
374 507 425 568 καί
441 499 542 568 πάντα
555 501 596 567 τό
610 501 697 588 σκεύη
715 529 770 570 του
801 501 880 590 βοὰμ
893 501 957 579 υίὸς
968 501 1092 591 Ναβὰν,
1103 507 1155 569 καί
1167 508 1259 582 αυτὸς
1273 508 1415 586 ἐνΑἰγύ-

162 593 306 681 βασιλέως
316 584 472 668 Σαλωμων
482 592 615 672 χρυσίου,
631 591 682 652 καί
693 585 772 652 ποίν-
801 612 880 669 πτῳ,
890 583 931 661 ῶς
940 591 1044 667 ἔφυγεν
1057 583 1153 652 ἆπύπ
1171 586 1292 666 οςιόπου
1301 593 1415 658 Σαλω-

163 704 202 742 τα
217 675 257 740 τὰ
276 668 361 753 σκεύη
380 672 464 735 οἴκου
480 671 590 754 δρυμοῦ
603 673 659 734 τοῦ
670 667 772 756 Λιβά-
801 665 866 754 μῶν
878 674 935 733 τού
948 671 1095 756 βασιλέως
1113 698 1165 736 και
1176 671 1345 758 κατῴκησεν
1357 675 1416 741 Ἱε-

163 785 217 826 νου
229 763 339 842 χρυσίῳ
353 753 571 838 κατειλημμένα.
599 750 653 818 ούκ
666 743 703 838 ήν
715 753 772 839 ἆρ-
803 750 922 839 ροβούμ
934 755 965 817 ἕν
977 750 1146 839 Αἰγύπτῳ,
1164 758 1214 821 καί
1226 757 1416 844 ἀπέστρεψεν

163 838 268 926 γύριον
280 835 466 920 λογιζόμενον
484 841 515 901 ἐν
528 833 650 921 ήμέραις
662 836 772 901 Σαλω-
799 834 955 922 Ἶιροβοόιμ
974 841 1005 915 ἐξ
1021 833 1194 916 Αἰγύπτου.
1234 843 1313 907 3καί
1337 841 1416 908 ἀπέ-

163 927 226 1011 μών
239 928 277 998 εἷς
290 922 392 987 οὐθέν.
418 924 446 962 ²¹
459 916 506 984 ὅτι
519 924 591 995 ναῦς
604 925 648 1003 τῷ
657 920 776 1019 βασιλεῖ
805 918 921 986 στειλαν
933 923 984 985 καί
995 917 1136 986 ἐκάλεσαν
1145 921 1248 1001 αὐτόν,
1257 926 1309 989 καί
1322 915 1415 1010 ήλθεν

164 1005 320 1093 ἐπορεύετο
338 1010 377 1081 είς
395 1005 522 1088 Θαρσεῖς
533 1003 606 1087 μετὰ
625 1028 686 1068 των
699 1009 773 1068 παί-
800 1001 955 1089 Ἶεροβοᾶμ
972 1008 1022 1069 καί
1038 1010 1124 1070 πᾶσα
1140 1004 1159 1091 ή
1178 1006 1319 1092 ἐκκλησία
1336 1009 1414 1095 πρὸς

162 1095 223 1160 δων
236 1088 355 1175 Χιρόιμ,
371 1085 454 1165 ἅπαξ
467 1087 516 1152 διὰ
528 1091 618 1174 τριῶν
630 1089 706 1150 ίτῶν
718 1087 772 1171 ἥρ·
799 1084 949 1173 Ῥοβοὰμ,
972 1087 1114 1164 λέγοντες.
1151 1091 1169 1132 ⁴
1186 1087 1203 1153 5
1231 1088 1332 1176 πατήρ
1359 1120 1415 1159 σου

162 1203 229 1264 χετο
242 1174 338 1241 πλοῖα
351 1175 382 1236 ἐκ
399 1174 526 1257 Θαρσεῖς
542 1176 585 1254 τῷ
598 1169 713 1258 βασιλεῖ
721 1174 771 1248 γί-
805 1166 958 1275 ἐσκλήρυνε
982 1171 1035 1235 τόν
1057 1171 1144 1248 ζυγόν
1168 1171 1267 1256 ήμῶν,
1293 1177 1345 1239 καί
1363 1180 1416 1242 νῦν

163 1286 259 1343 μοντα
268 1263 392 1344 χρυσίου
403 1258 454 1320 καί
464 1253 616 1339 ἆργυρίου,
624 1256 676 1318 καί
685 1251 773 1319 ὀδόν-
805 1252 877 1334 άφες
889 1253 952 1319 απὸ
964 1260 1016 1339 της
1027 1255 1159 1330 δουλείας
1168 1261 1224 1321 τοῦ
1235 1254 1351 1344 πατρός
1361 1285 1416 1326 σου

163 1369 224 1410 των
237 1344 441 1422 ἐλεφαντίνων,
454 1339 506 1402 καί
518 1332 666 1422 πιθήκων.
683 1339 713 1380 ²²
723 1338 774 1401 καί
805 1342 857 1414 τῆς
870 1339 1013 1423 σκληρᾶς,
1039 1343 1090 1403 καί
1101 1337 1165 1404 ἀπὸ
1178 1345 1236 1404 τοῦ
1248 1344 1340 1418 ζυγοῦ
1359 1342 1414 1408 αύ-

164 1422 351 1510 ἔμεγαλύνθη
376 1421 533 1501 Σαλωμών
559 1419 633 1505 ὑπὲρ
659 1416 773 1494 πάντας
806 1427 859 1487 τοῦ
875 1427 930 1486 τοῦ
945 1426 1070 1508 βαρέος,
1097 1414 1134 1486 ού
1148 1423 1254 1487 ε”δωκεν
1267 1423 1311 1503 ἐφ’
1330 1422 1415 1509 ήμᾶς,
1433 1450 1457 1487 κ

164 1507 235 1581 τούς
292 1505 378 1578 σιλεῖς
395 1505 445 1566 καί
462 1497 585 1586 πλούτῳ
603 1504 656 1566 καί
668 1509 772 1585 σοφίᾳ.
805 1507 855 1568 καί
873 1502 1069 1586 δουλεύσομέν
1086 1531 1140 1570 σοι.
1168 1508 1247 1570 ὅκαί
1263 1507 1341 1572 εἶπεν
1359 1509 1415 1573 αύ-

164 1592 194 1634 ¹³
209 1616 260 1654 και
271 1583 379 1660 πάντες
395 1589 426 1649 οί
437 1585 565 1671 βασιλεῖς
578 1590 630 1689 τής
641 1590 696 1668 γῆς
708 1587 774 1669 ίζή-
806 1599 876 1662 τοῖς.
912 1583 1081 1674 πορεύεσθε
1106 1594 1160 1665 ἕως
1178 1595 1269 1675 τριῶν
1289 1588 1414 1674 ήμερῶν,

165 1696 237 1739 τουν
254 1669 289 1737 τό
302 1662 464 1754 πρόςωπον
476 1669 633 1750 Σαλωμων
645 1666 773 1733 ἀκούσαι
804 1673 854 1735 καὶ
873 1675 994 1758 ἔρχεσθε
1007 1670 1083 1757 πρὸς
1094 1675 1139 1753 μέ.
1166 1676 1218 1737 καί
1236 1672 1376 1758 ἀπῆλθεν
1396 1673 1414 1740 5

164 1763 217 1840 τῆς
236 1760 345 1833 σοφίας
365 1750 475 1827 αὐτοῦ,
500 1743 536 1835 ἦς
553 1753 659 1816 ἔδωκεν
672 1748 689 1816 5
703 1752 775 1826 θεὸς
804 1751 885 1830 λαός.
904 1756 983 1818 ὃκαί
998 1752 1156 1840 συνήγαγεν
1168 1754 1187 1821 5
1199 1757 1417 1844 βασιλεύςῬο-

165 1845 196 1906 ἐν
208 1840 317 1922 καρδίᾳ
332 1834 437 1901 αὑτοῦ.
463 1835 495 1877 ²⁴
506 1838 557 1900 καί
569 1834 658 1901 αὐτοί
670 1838 775 1921 ἔφερον
803 1835 882 1923 βοᾶμ
895 1838 966 1912 τούς
978 1843 1194 1924 πρεσβυτέρους
1207 1838 1275 1916 τούς
1287 1839 1417 1926 ἑστηκό-

165 1929 290 1996 έκαστος
301 1917 340 1984 τό
354 1920 438 2005 δῶρα
451 1918 564 1995 αὐτοῦ,
582 1916 669 2002 σκεύη
682 1918 775 2004 άργυ-
805 1946 858 1995 τας
883 1924 1014 1986 ἐναντίον
1031 1928 1088 1986 τοῦ
1105 1923 1260 2006 Σαλωμῶν
1278 1929 1332 1989 τοῦ
1351 1954 1416 1991 πα-

165 2011 205 2094 ρᾶ
222 2004 273 2069 καί
299 1999 385 2088 σκεύη
407 2006 516 2086 χρυσᾶ,
541 2004 593 2068 καί
610 2002 774 2085 ἱματισμὸν,
804 2005 875 2088 τρός
894 2002 990 2068 αὐτοῦ
1009 2007 1096 2069 ἐντῶ
1111 2007 1285 2099 ζήναύτόν,
1311 2008 1417 2088 λέγων.

165 2087 294 2171 στακτήν
318 2089 370 2151 καί
393 2082 567 2171 ήδύσματα,
592 2091 705 2162 ’ίππους
723 2089 774 2150 καί
804 2092 869 2163 πῶς
887 2083 964 2169 ύμεῖς
980 2073 1159 2174 βουλεύεσθε
1171 2097 1227 2156 τού
1241 2090 1417 2196 ἀποκριθή-

164 2168 318 2259 ήμιόνους,
343 2168 380 2236 τό
401 2166 463 2236 κατ’
481 2166 614 2235 ἐνιαυτόν
631 2165 773 2236 ἐνιαυτόν.
804 2194 852 2236 ναι
866 2177 909 2255 τῷ
923 2173 988 2255 λαῴ
1006 2169 1104 2256 τούτῳ
1117 2171 1207 2252 λόγον
1211 2204 1224 2253 ,·
1252 2179 1330 2240 7καί
1342 2177 1415 2243 ἐλα-

165 2258 251 2321 25καί
265 2244 340 2340 ἦσαν
352 2258 397 2339 τῷ
409 2251 567 2335 Σαλωμῶν
580 2257 719 2340 τέσσαρες
730 2280 775 2338 χι-
805 2255 897 2338 λησαν
911 2253 1011 2339 αύτῷ,
1030 2255 1172 2334 λέγοντες.
1199 2258 1251 2323 ἐὰν
1263 2263 1295 2323 έν
1307 2267 1344 2343 τῇ
1360 2259 1414 2346 σή-

165 2336 264 2414 λιάδες
277 2337 397 2424 θήλειαι
410 2343 499 2403 ’ίπποι
513 2342 552 2414 είς
563 2334 699 2425 άρματα,
723 2341 774 2402 καί
803 2363 893 2421 μερον
903 2343 972 2422 γένη
985 2344 1023 2415 είς
1042 2339 1164 2418 ἀγαθὸν
1178 2347 1223 2425 τῷ
1236 2343 1302 2426 λαῷ
1315 2333 1415 2428 τὀύτῳ

164 2422 278 2491 δώδεκα
287 2420 413 2509 χιλιάδες
425 2425 550 2499 ἱππίων,
560 2425 611 2486 καὶ
621 2425 709 2486 ἔθετο
717 2419 775 2487 αύ-
805 2425 856 2488 καί
868 2415 1026 2528 εύδοκήσης
1040 2428 1091 2490 καί
1102 2424 1232 2510 λαλήσης
1245 2424 1348 2503 αὐτοῖς
1361 2425 1415 2492 λό-

165 2506 238 2584 τούς
251 2513 281 2573 ἐν
293 2506 398 2573 πόλεσι
407 2510 467 2572 τῶν
480 2503 634 2591 ἁρμάτων,
640 2508 691 2570 καί
700 2504 773 2587 μετόν
804 2532 874 2583 γους
887 2505 1043 2584 ἀγαθους,
1056 2512 1107 2574 καί
1119 2500 1239 2574 ε”σονύαί
1251 2536 1299 2575 σοι
1311 2514 1415 2589 παῖδες

166 2598 219 2657 τοῦ
232 2591 383 2698 βασιλέως
403 2595 434 2656 ἐν
447 2586 650 2675 Ἰερουσαλήμ.
677 2591 709 2632 ²⁰
721 2592 773 2653 καί
804 2586 903 2665 πάσας
916 2591 970 2667 τὰς
981 2589 1099 2677 ἡμέρας.
1118 2595 1134 2635 ⁸
1147 2599 1197 2660 καί
1209 2594 1347 2660 κατέλιπε
1360 2597 1415 2680 τήν

164 2662 201 2756 ήν
228 2671 385 2760 ηγούμενος
408 2669 530 2737 πάντων
550 2678 612 2737 τῶν
627 2672 774 2759 βασιλέων
803 2672 913 2759 βουλήν
925 2680 987 2740 τῶν
997 2679 1214 2765 πρεσβυτέριον,
1235 2685 1414 2766 οίσυνεβοι·-

164 2756 228 2822 ἀπὸ
246 2762 302 2821 τοῦ
320 2762 461 2837 ποταμοῦ
479 2759 530 2819 καὶ
548 2761 603 2830 ἕως
614 2761 667 2839 γής
680 2755 773 2820 ἄλλο·
804 2753 948 2823 λεύσαντο
966 2756 1060 2843 αύτῷ.
1096 2763 1147 2824 καί
1164 2759 1414 2848 συνεβουλεύσατο

164 2837 335 2921 φύλων,καί
347 2844 402 2913 ἕως
413 2836 502 2919 ὁρίων
508 2835 676 2916 Αἰγύπτου.
687 2841 717 2882 ²⁷
722 2842 773 2905 καί
802 2838 875 2922 μετὰ
888 2847 949 2906 τῶν
957 2844 1125 2930 παιδαρίων
1134 2850 1192 2909 τῶν
1201 2850 1416 2930 συνεκτραφέν-

164 2926 270 2989 ἔδωκεν
288 2920 305 2987 5
323 2920 459 3010 βασιλεύς
475 2921 512 2985 τό
526 2929 648 3007 χρυσίον
667 2923 771 2987 καὶτὸ
804 2948 864 2987 των
879 2951 933 3007 μετ
956 2953 1051 2992 αυτου
1070 2953 1130 2994 των
1145 2925 1317 3015 εστηκότων
1329 2933 1415 2997 ἐναν-

164 3005 306 3093 άργύριον
331 3009 361 3068 έν
380 3002 575 3089 Ἰερουσαλήμ
599 3002 639 3082 ῶς
656 3007 772 3082 λίθους,
805 3014 869 3071 τίον
894 3008 998 3075 αύτοῠ.
1038 3013 1116 3077 9καί
1143 3012 1221 3076 εἶπεν
1238 3011 1349 3087 αὐτοῖς.
1383 3021 1416 3080 τί

164 3093 216 3153 καὶ
228 3088 282 3165 τὰς
300 3089 422 3172 κέδρους
435 3086 474 3162 ὡς
488 3094 663 3172 συκαμίνους
676 3088 730 3166 τὰς
742 3095 772 3156 έν
806 3088 884 3174 ὑμεῖς
895 3090 1088 3180 βουλεύεσθε,
1102 3096 1153 3158 καί
1165 3091 1413 3177 άποκριθήσομαι

163 3178 202 3265 τῇ
214 3175 314 3264 πεδινῇ
327 3177 366 3247 εἰς
379 3172 507 3256 πλῆθος.
532 3175 563 3215 ²⁸
576 3175 627 3237 καί
641 3170 658 3256 ή
671 3175 773 3251 ἔξοδος
805 3173 894 3253 λόγον
918 3181 963 3242 τῶ
987 3176 1054 3258 λαῷ
1071 3171 1186 3258 τούτῳ,
1210 3182 1244 3239 οἳ
1259 3174 1412 3257 ἐλάλησαν

162 3262 225 3322 τῶν
236 3263 338 3323 ἵππων
348 3256 379 3332 ἐξ
389 3254 551 3334 Αἰγύπτου
561 3261 606 3342 τῷ
615 3255 772 3343 Σαλωμων
803 3260 880 3337 ποὸς
891 3259 926 3344 μὲ
938 3243 1077 3340 λέγοντες,
1089 3257 1155 3333 άνες
1167 3254 1231 3322 ἀπὸ
1249 3259 1306 3322 τοῦ
1320 3261 1410 3333 ζυγοῦ

161 3344 214 3407 καί
226 3345 258 3407 cx
271 3344 370 3426 πόσης
383 3345 435 3424 της
448 3344 509 3425 γής.
527 3342 558 3384 ²⁹
571 3344 621 3406 καί
633 3341 771 3408 οἶκατά-
803 3371 840 3409 ου
866 3347 971 3411 ίδωκεν
996 3339 1015 3407 5
1040 3339 1140 3427 πατήρ
1166 3366 1220 3408 σου
1246 3339 1288 3423 ἐφ’
1317 3338 1409 3423 ίμᾶς;

162 3426 262 3492 λοιποι
280 3421 366 3504 λόγοι
378 3426 534 3508 Σαλωμών
550 3429 582 3491 οἶ
594 3431 709 3513 πρῶτοι
720 3428 771 3492 καί
803 3431 897 3495 10καί
921 3423 1071 3516 ἐλάλησαν
1099 3428 1183 3512 αύτῷ
1201 3422 1240 3492 τόι
1264 3370 1412 3510 παιδάρια

162 3516 236 3578 οίέσ
254 3537 321 3577 ατοι
339 3510 404 3576 ἰδού
419 3500 503 3575 οὗτοι
515 3514 708 3596 γεγραμμένοι
722 3514 772 3576 ἐπὶ
805 3511 843 3577 τὰ
869 3516 1054 3600 ε’κτραφέντα
1078 3512 1136 3597 μετ’
1166 3510 1279 3586 αὐτοῦ,
1309 3512 1410 3588 λέγον-

161 3601 223 3661 τῶν
235 3539 334 3673 λόγων
343 3591 462 3660 Νάθαν
471 3598 529 3658 τού
538 3589 711 3678 προφήτου,
720 3597 772 3661 καί
803 3619 857 3672 τις.
883 3595 981 3675 οὕτως
999 3599 1136 3683 λαλήσεις
1154 3602 1199 3682 τῷ
1215 3597 1281 3680 λαῷ
1299 3599 1342 3679 τῷ
1355 3594 1411 3658 λα-

161 3680 212 3739 έπί
230 3682 290 3741 τῶν
309 3673 408 3754 λόγων
419 3675 504 3761 Ἀχία
516 3681 575 3741 τού
586 3678 770 3760 Σηλωνίτου,
804 3675 926 3762 λήσαντι
940 3680 1018 3782 πρὸς
1030 3682 1064 3745 σὲ
1077 3684 1186 3760 λέγων,
1207 3678 1225 3744 ό
1238 3676 1339 3763 πατήρ
1354 3704 1413 3743 σου

161 3762 212 3822 καί
229 3761 259 3823 έν
273 3770 339 3832 ταῖς
355 3755 490 3842 ὁρόσεσιν
503 3757 593 3842 Ἰωήλ
605 3767 661 3825 τοῦ
675 3758 769 3842 ὁρῶν-
803 3758 923 3863 ίβόρυνε
946 3785 1001 3824 τον
1017 3762 1105 3838 ζυγόν
1121 3761 1203 3844 ήμῶν
1219 3765 1271 3823 καί
1287 3764 1322 3824 σὺ
1339 3760 1414 3839 άφες

161 3867 213 3915 τος
225 3843 292 3925 περὶ
301 3841 458 3928 Ἱεροβοάμ
469 3846 538 3907 υἱοῦ
546 3840 668 3929 Ναβάτ.
683 3845 770 3907 30καί
804 3839 853 3921 αφ’
870 3839 968 3941 ήμῶν,
993 3840 1091 3917 ούτως
1103 3848 1184 3927 ἐρεῖς.
1212 3838 1230 3903 5
1238 3839 1345 3939 μικρὸς
1357 3842 1415 3906 δά.

162 3922 349 4009 έβασῶευοεν
360 3926 520 4009 Σαλωμών
536 3927 586 3988 ἐπί
597 3921 698 3988 πάντα
707 3923 770 3986 ’Ῑσ-
802 3920 909 3994 κτυλος
917 3946 975 4005 μου
988 3922 1154 4005 παχύτερος
1166 3926 1218 4004 τῆς
1230 3920 1344 4000 οσφύος
1356 3932 1415 3991 τοῦ

161 4006 241 4090 ραήλ
258 4003 481 4092 τεσσαράκοντα
498 4011 558 4088 ἔτη.
584 4007 675 4070 31καί
692 4007 768 4066 ἐκοι-
802 3999 917 4086 πατρός
928 4029 995 4085 μου.
1023 4009 1048 4046 ¹¹
1061 4008 1111 4069 καί
1129 4001 1214 4069 νύνὸ
1235 4002 1337 4090 πατήρ
1354 4036 1413 4088 μου

160 4085 245 4173 μήθη
262 4087 434 4171 Σαλωμιύν,
459 4093 511 4155 καί
528 4092 653 4168 ἔθαψαν
676 4083 769 4150 αὐτὸν
802 4086 972 4152 ἐπαίδευσεν
998 4083 1075 4170 ύμᾶς
1101 4092 1180 4169 ζυγῷ
1201 4092 1299 4172 βαρεῖ,
1326 4091 1411 4175 κᾴγῶ

162 4176 193 4237 ἐν
205 4168 289 4237 πόλει
298 4173 396 4235 Λαυὶδ
409 4178 461 4237 τοῦ
474 4169 590 4248 πατρὸς
599 4166 705 4245 αὐτοῦ,
718 4174 769 4236 καί
802 4166 965 4255 προςθήσω
978 4173 1028 4236 ἐπὶ
1041 4171 1094 4238 τὸν
1108 4171 1194 4251 ζυγόν
1208 4169 1296 4255 ύμῶν.
1319 4172 1336 4240 5
1349 4203 1412 4240 πα-

110 4258 113 4263 ’
163 4257 332 4343 ἐβασίλευσε
351 4250 486 4340 Ῥοβοάμ
511 4249 574 4328 υίὸς
592 4249 687 4318 αὐτοῦ
704 4252 767 4322 ἄντ’
803 4255 858 4360 τήρ
881 4282 937 4336 μου
960 4257 1127 4322 ἐπαίδευσεν
1145 4255 1218 4339 ὑμᾶς
1237 4261 1267 4321 ἐν
1283 4254 1410 4341 μάστιξι,

163 4339 268 4406 αὐτοῦ.
802 4337 886 4423 κᾳγῶ
911 4336 1060 4406 παιδεύσω
1087 4338 1162 4425 ύμᾱς
1189 4346 1219 4405 έν
1246 4350 1409 4422 σκορπίοις.

361 4429 487 4489 XM.
532 4417 571 4488 l'.
802 4411 1411 4513 12καίήλθενἹεροβοὰμκαί-τιᾱςόλαύς

165 4477 246 4579 Καὶ
259 4499 333 4595 ήλθε
341 4505 475 4600 Ῥοβοάμ
487 4515 526 4590 είς
539 4507 652 4596 Συχέμ,
672 4504 718 4573 ότι
731 4515 770 4587 εἰς
803 4507 879 4598 πρὸς
892 4508 1025 4597 Ῥοβοάμ
1043 4517 1080 4610 τῇ
1103 4506 1197 4599 ήμέρρ
1217 4517 1252 4607 τῇ
1274 4517 1358 4657 τριχη
1371 4506 1412 4586 ῶς

1272 4599 1412 4676 ε’.α.ησεν
