<?xml version="1.0" encoding="UTF-8"?>
<!DOCTYPE html PUBLIC "-//W3C//DTD XHTML 1.0 Transitional//EN"
    "http://www.w3.org/TR/xhtml1/DTD/xhtml1-transitional.dtd">
<html xmlns="http://www.w3.org/1999/xhtml" xml:lang="en" lang="en">
 <head>
  <title>
</title>
<meta http-equiv="Content-Type" content="text/html;charset=utf-8" />
  <meta name='ocr-system' content='tesseract 3.04.00' />
  <meta name='ocr-capabilities' content='ocr_page ocr_carea ocr_par ocr_line ocrx_word'/>
</head>
<body>
  <div class='ocr_page' id='page_1' title='image "./vetustestamentu00essgoog_1005.png"; bbox 0 0 2924 4972; ppageno 0'>
   <div class='ocr_carea' id='block_1_1' title="bbox 161 206 1068 301">
    <p class='ocr_par' dir='ltr' id='par_1_1' title="bbox 161 206 1068 301">
     <span class='ocr_line' id='line_1_1' title="bbox 161 206 1068 301; baseline -0.026 -4"><span class='ocrx_word' id='word_1_1' title='bbox 161 228 228 301; x_wconf 76' lang='lat'><strong><em>016</em></strong></span> <span class='ocrx_word' id='word_1_2' title='bbox 510 215 815 278; x_wconf 75' lang='grc' dir='ltr'><strong><em>ισΖσνιιιτΛ</em></strong></span> <span class='ocrx_word' id='word_1_3' title='bbox 858 206 1068 289; x_wconf 55' lang='lat' dir='ltr'><strong><em>mm.</em></strong></span> 
     </span>
    </p>
   </div>
   <div class='ocr_carea' id='block_1_2' title="bbox 145 320 1455 4633">
    <p class='ocr_par' dir='ltr' id='par_1_2' title="bbox 145 320 1455 4571">
     <span class='ocr_line' id='line_1_2' title="bbox 156 320 1425 417; baseline -0.01 -18"><span class='ocrx_word' id='word_1_4' title='bbox 156 360 201 399; x_wconf 83' lang='grc' dir='ltr'><strong><em>νιν</em></strong></span> <span class='ocrx_word' id='word_1_5' title='bbox 212 333 270 417; x_wconf 77' lang='grc' dir='ltr'><strong><em>μετ’</em></strong></span> <span class='ocrx_word' id='word_1_6' title='bbox 286 328 479 415; x_wconf 80' lang='grc' dir='ltr'><strong><em>εὐφροσύνης,</em></strong></span> <span class='ocrx_word' id='word_1_7' title='bbox 494 323 690 406; x_wconf 69' lang='grc' dir='ltr'><strong><em>ἀτιμάσαντες</em></strong></span> <span class='ocrx_word' id='word_1_8' title='bbox 701 344 765 407; x_wconf 81' lang='grc' dir='ltr'><strong><em>ψυ-</em></strong></span> <span class='ocrx_word' id='word_1_9' title='bbox 802 320 950 408; x_wconf 76' lang='grc' dir='ltr'><strong><em>ἁμαρτίαν</em></strong></span> <span class='ocrx_word' id='word_1_10' title='bbox 963 320 1066 388; x_wconf 80' lang='grc' dir='ltr'><strong><em>αὐτῶν</em></strong></span> <span class='ocrx_word' id='word_1_11' title='bbox 1078 325 1177 408; x_wconf 76' lang='grc' dir='ltr'><strong><em>ὀιρινα</em></strong></span> <span class='ocrx_word' id='word_1_12' title='bbox 1190 322 1325 398; x_wconf 81' lang='grc' dir='ltr'><strong><em>αὐτοίνς.</em></strong></span> <span class='ocrx_word' id='word_1_13' title='bbox 1340 327 1425 388; x_wconf 79' lang='grc' dir='ltr'><strong><em>2οκαί</em></strong></span> 
     </span>
     <span class='ocr_line' id='line_1_3' title="bbox 154 396 1426 504; baseline -0.007 -23"><span class='ocrx_word' id='word_1_14' title='bbox 154 417 222 504; x_wconf 76' lang='grc' dir='ltr'><strong><em>ηάς,</em></strong></span> <span class='ocrx_word' id='word_1_15' title='bbox 241 420 295 481; x_wconf 84' lang='grc' dir='ltr'><strong><em>τοῦ</em></strong></span> <span class='ocrx_word' id='word_1_16' title='bbox 308 416 455 495; x_wconf 78' lang='grc' dir='ltr'><strong><em>ἀφανίσαι</em></strong></span> <span class='ocrx_word' id='word_1_17' title='bbox 469 413 500 473; x_wconf 83' lang='grc' dir='ltr'><strong><em>ἐν</em></strong></span> <span class='ocrx_word' id='word_1_18' title='bbox 511 412 658 494; x_wconf 77' lang='grc' dir='ltr'><strong><em>προνομῆ.</em></strong></span> <span class='ocrx_word' id='word_1_19' title='bbox 686 404 764 471; x_wconf 77' lang='grc' dir='ltr'><strong><em>2διά</em></strong></span> <span class='ocrx_word' id='word_1_20' title='bbox 802 405 938 490; x_wconf 81' lang='grc' dir='ltr'><strong><em>ελςηλθον</em></strong></span> <span class='ocrx_word' id='word_1_21' title='bbox 947 411 986 480; x_wconf 83' lang='grc' dir='ltr'><strong><em>εἰς</em></strong></span> <span class='ocrx_word' id='word_1_22' title='bbox 999 405 1038 471; x_wconf 86' lang='grc' dir='ltr'><strong><em>τά</em></strong></span> <span class='ocrx_word' id='word_1_23' title='bbox 1051 409 1135 489; x_wconf 74' lang='grc' dir='ltr'><strong><em>ἔθνη,</em></strong></span> <span class='ocrx_word' id='word_1_24' title='bbox 1149 396 1187 471; x_wconf 81' lang='grc' dir='ltr'><strong><em>οὗ</em></strong></span> <span class='ocrx_word' id='word_1_25' title='bbox 1196 405 1350 489; x_wconf 78' lang='grc' dir='ltr'><strong><em>ελςῆλθσν</em></strong></span> <span class='ocrx_word' id='word_1_26' title='bbox 1361 411 1426 482; x_wconf 81' lang='grc' dir='ltr'><strong><em>ἐκεῖ,</em></strong></span> 
     </span>
     <span class='ocr_line' id='line_1_4' title="bbox 155 480 1426 638; baseline -0.008 -72"><span class='ocrx_word' id='word_1_27' title='bbox 155 506 250 567; x_wconf 80' lang='grc' dir='ltr'><strong><em>τοῦτο</em></strong></span> <span class='ocrx_word' id='word_1_28' title='bbox 268 491 478 584; x_wconf 77' lang='grc' dir='ltr'><strong><em>προφητευσον</em></strong></span> <span class='ocrx_word' id='word_1_29' title='bbox 495 495 545 556; x_wconf 81' lang='grc' dir='ltr'><strong><em>ἐπὶ</em></strong></span> <span class='ocrx_word' id='word_1_30' title='bbox 562 492 618 575; x_wconf 72' lang='grc' dir='ltr'><strong><em>τὴν</em></strong></span> <span class='ocrx_word' id='word_1_31' title='bbox 631 480 691 574; x_wconf 70' lang='grc' dir='ltr'><strong><em>’γῆν</em></strong></span> <span class='ocrx_word' id='word_1_32' title='bbox 706 493 765 554; x_wconf 81' lang='grc' dir='ltr'><strong><em>τοῦ</em></strong></span> <span class='ocrx_word' id='word_1_33' title='bbox 802 493 853 554; x_wconf 85' lang='grc' dir='ltr'><strong><em>καί</em></strong></span> <span class='ocrx_word' id='word_1_34' title='bbox 862 485 1050 638; x_wconf 56' lang='grc' dir='ltr'><strong><em>ὲβερηλωσαν</em></strong></span> <span class='ocrx_word' id='word_1_35' title='bbox 1059 488 1094 554; x_wconf 86' lang='grc' dir='ltr'><strong><em>τὸ</em></strong></span> <span class='ocrx_word' id='word_1_36' title='bbox 1106 487 1206 571; x_wconf 87' lang='grc' dir='ltr'><strong><em>ὀνομά</em></strong></span> <span class='ocrx_word' id='word_1_37' title='bbox 1213 516 1281 571; x_wconf 92' lang='grc' dir='ltr'><strong><em>μου</em></strong></span> <span class='ocrx_word' id='word_1_38' title='bbox 1292 491 1332 556; x_wconf 89' lang='grc' dir='ltr'><strong><em>τό</em></strong></span> <span class='ocrx_word' id='word_1_39' title='bbox 1339 488 1426 570; x_wconf 85' lang='grc' dir='ltr'><strong><em>δι’γιον</em></strong></span> 
     </span>
     <span class='ocr_line' id='line_1_5' title="bbox 154 571 1454 668; baseline -0.004 -22"><span class='ocrx_word' id='word_1_40' title='bbox 154 582 287 668; x_wconf 72' lang='grc' dir='ltr'><strong><em>Ἰσραὴλ,</em></strong></span> <span class='ocrx_word' id='word_1_41' title='bbox 301 581 353 645; x_wconf 85' lang='grc' dir='ltr'><strong><em>καί</em></strong></span> <span class='ocrx_word' id='word_1_42' title='bbox 365 576 448 643; x_wconf 82' lang='grc' dir='ltr'><strong><em>εέπόν</em></strong></span> <span class='ocrx_word' id='word_1_43' title='bbox 460 587 522 649; x_wconf 83' lang='grc' dir='ltr'><strong><em>τοῖς</em></strong></span> <span class='ocrx_word' id='word_1_44' title='bbox 534 572 626 660; x_wconf 80' lang='grc' dir='ltr'><strong><em>ὄρεσι,</em></strong></span> <span class='ocrx_word' id='word_1_45' title='bbox 639 575 766 646; x_wconf 79' lang='grc' dir='ltr'><strong><em>καὶτοῖς</em></strong></span> <span class='ocrx_word' id='word_1_46' title='bbox 802 574 834 638; x_wconf 85' lang='grc' dir='ltr'><strong><em>ἐν</em></strong></span> <span class='ocrx_word' id='word_1_47' title='bbox 846 578 892 656; x_wconf 78' lang='grc' dir='ltr'><strong><em>τῶ</em></strong></span> <span class='ocrx_word' id='word_1_48' title='bbox 937 577 1050 651; x_wconf 87' lang='grc' dir='ltr'><strong><em>’γεσθαι</em></strong></span> <span class='ocrx_word' id='word_1_49' title='bbox 1069 571 1197 648; x_wconf 86' lang='grc' dir='ltr'><strong><em>αότοός,</em></strong></span> <span class='ocrx_word' id='word_1_50' title='bbox 1223 572 1308 650; x_wconf 87' lang='grc' dir='ltr'><strong><em>λαός</em></strong></span> <span class='ocrx_word' id='word_1_51' title='bbox 1322 581 1454 661; x_wconf 78' lang='grc' dir='ltr'><strong>κυρίου</strong></span> 
     </span>
     <span class='ocr_line' id='line_1_6' title="bbox 155 648 1427 763; baseline -0.006 -32"><span class='ocrx_word' id='word_1_52' title='bbox 155 670 291 752; x_wconf 75' lang='grc' dir='ltr'><em>βουνοῖς,</em></span> <span class='ocrx_word' id='word_1_53' title='bbox 317 663 369 725; x_wconf 89' lang='grc' dir='ltr'><strong><em>καί</em></strong></span> <span class='ocrx_word' id='word_1_54' title='bbox 385 671 451 733; x_wconf 86' lang='grc' dir='ltr'><strong><em>ταῖς</em></strong></span> <span class='ocrx_word' id='word_1_55' title='bbox 467 655 613 741; x_wconf 76' lang='grc' dir='ltr'><strong><em>φάραγξι,</em></strong></span> <span class='ocrx_word' id='word_1_56' title='bbox 637 658 688 721; x_wconf 85' lang='grc' dir='ltr'><strong><em>καί</em></strong></span> <span class='ocrx_word' id='word_1_57' title='bbox 700 667 766 729; x_wconf 84' lang='grc' dir='ltr'><strong><em>ταῖς</em></strong></span> <span class='ocrx_word' id='word_1_58' title='bbox 802 648 904 732; x_wconf 78' lang='grc' dir='ltr'><strong><em>οὗτοι,</em></strong></span> <span class='ocrx_word' id='word_1_59' title='bbox 928 661 981 721; x_wconf 85' lang='grc' dir='ltr'><strong><em>καί</em></strong></span> <span class='ocrx_word' id='word_1_60' title='bbox 992 658 1024 720; x_wconf 89' lang='grc' dir='ltr'><strong><em>ἐκ</em></strong></span> <span class='ocrx_word' id='word_1_61' title='bbox 1037 680 1088 739; x_wconf 86' lang='grc' dir='ltr'><strong><em>της</em></strong></span> <span class='ocrx_word' id='word_1_62' title='bbox 1101 683 1154 740; x_wconf 86' lang='grc' dir='ltr'><strong><em>γης</em></strong></span> <span class='ocrx_word' id='word_1_63' title='bbox 1167 681 1270 721; x_wconf 90' lang='grc' dir='ltr'><strong><em>αυτου</em></strong></span> <span class='ocrx_word' id='word_1_64' title='bbox 1285 655 1427 763; x_wconf 80' lang='grc' dir='ltr'><strong><em>ἐξεληλέ-</em></strong></span> 
     </span>
     <span class='ocr_line' id='line_1_7' title="bbox 156 736 1455 825; baseline -0.004 -12"><span class='ocrx_word' id='word_1_65' title='bbox 156 752 271 822; x_wconf 85' lang='grc' dir='ltr'><strong><em>νιίπαις.</em></strong></span> <span class='ocrx_word' id='word_1_66' title='bbox 298 741 369 810; x_wconf 82' lang='grc' dir='ltr'><strong><em>τώδε</em></strong></span> <span class='ocrx_word' id='word_1_67' title='bbox 388 744 464 821; x_wconf 84' lang='grc' dir='ltr'><strong><em>λέγει</em></strong></span> <span class='ocrx_word' id='word_1_68' title='bbox 480 737 592 825; x_wconf 77' lang='grc' dir='ltr'><strong><em>κύριος.</em></strong></span> <span class='ocrx_word' id='word_1_69' title='bbox 619 736 683 805; x_wconf 85' lang='grc' dir='ltr'><strong><em>ίδοό</em></strong></span> <span class='ocrx_word' id='word_1_70' title='bbox 706 737 766 817; x_wconf 81' lang='grc' dir='ltr'><strong><em>ἐγώ</em></strong></span> <span class='ocrx_word' id='word_1_71' title='bbox 801 749 903 804; x_wconf 88' lang='grc' dir='ltr'><strong><em>θασιν.</em></strong></span> <span class='ocrx_word' id='word_1_72' title='bbox 924 741 952 781; x_wconf 92' lang='grc'><strong><em>22</em></strong></span> <span class='ocrx_word' id='word_1_73' title='bbox 964 743 1016 804; x_wconf 86' lang='grc' dir='ltr'><strong><em>καί</em></strong></span> <span class='ocrx_word' id='word_1_74' title='bbox 1027 737 1188 825; x_wconf 79' lang='grc' dir='ltr'><strong><em>ἐφεισάμην</em></strong></span> <span class='ocrx_word' id='word_1_75' title='bbox 1200 737 1315 807; x_wconf 78' lang='grc' dir='ltr'><strong><em>αὐτῶν</em></strong></span> <span class='ocrx_word' id='word_1_76' title='bbox 1327 743 1382 808; x_wconf 89' lang='grc' dir='ltr'><strong><em>δια</em></strong></span> <span class='ocrx_word' id='word_1_77' title='bbox 1393 743 1427 808; x_wconf 89' lang='grc' dir='ltr'><strong><em>τό</em></strong></span> <span class='ocrx_word' id='word_1_78' title='bbox 1453 751 1455 756; x_wconf 84' lang='grc'><strong>’</strong></span> 
     </span>
     <span class='ocr_line' id='line_1_8' title="bbox 157 818 1428 911; baseline -0.003 -15"><span class='ocrx_word' id='word_1_79' title='bbox 157 834 189 896; x_wconf 83' lang='grc' dir='ltr'><strong><em>ἐν</em></strong></span> <span class='ocrx_word' id='word_1_80' title='bbox 201 834 247 895; x_wconf 88' lang='grc' dir='ltr'><strong><em>τῶ</em></strong></span> <span class='ocrx_word' id='word_1_81' title='bbox 259 826 339 911; x_wconf 75' lang='grc' dir='ltr'><strong><em>ζήλῳ</em></strong></span> <span class='ocrx_word' id='word_1_82' title='bbox 351 848 420 909; x_wconf 89' lang='grc' dir='ltr'><strong><em>μου,</em></strong></span> <span class='ocrx_word' id='word_1_83' title='bbox 439 825 491 889; x_wconf 83' lang='grc' dir='ltr'><strong><em>καλ</em></strong></span> <span class='ocrx_word' id='word_1_84' title='bbox 504 826 535 887; x_wconf 85' lang='grc' dir='ltr'><strong><em>ἐν</em></strong></span> <span class='ocrx_word' id='word_1_85' title='bbox 545 828 592 906; x_wconf 76' lang='grc' dir='ltr'><strong><em>τῷ</em></strong></span> <span class='ocrx_word' id='word_1_86' title='bbox 603 827 695 906; x_wconf 75' lang='grc' dir='ltr'><strong><em>θυμῷ</em></strong></span> <span class='ocrx_word' id='word_1_87' title='bbox 705 847 764 904; x_wconf 92' lang='grc' dir='ltr'><strong><em>μου</em></strong></span> <span class='ocrx_word' id='word_1_88' title='bbox 802 818 897 905; x_wconf 83' lang='grc' dir='ltr'><strong><em>ὀνομά</em></strong></span> <span class='ocrx_word' id='word_1_89' title='bbox 922 846 981 904; x_wconf 91' lang='grc' dir='ltr'><strong><em>μου</em></strong></span> <span class='ocrx_word' id='word_1_90' title='bbox 1002 818 1039 887; x_wconf 91' lang='grc' dir='ltr'><strong><em>τό</em></strong></span> <span class='ocrx_word' id='word_1_91' title='bbox 1058 821 1161 901; x_wconf 78' lang='grc' dir='ltr'><strong><em>ἅγιον,</em></strong></span> <span class='ocrx_word' id='word_1_92' title='bbox 1187 818 1209 887; x_wconf 84' lang='grc' dir='ltr'><strong><em>ὀ</em></strong></span> <span class='ocrx_word' id='word_1_93' title='bbox 1225 824 1428 911; x_wconf 70' lang='grc' dir='ltr'><strong><em>ἐβεβῆλωσαν</em></strong></span> 
     </span>
     <span class='ocr_line' id='line_1_9' title="bbox 157 896 1428 995; baseline -0.002 -18"><span class='ocrx_word' id='word_1_94' title='bbox 157 896 306 995; x_wconf 73' lang='grc' dir='ltr'><strong><em>ἐλάλησα,</em></strong></span> <span class='ocrx_word' id='word_1_95' title='bbox 328 909 395 977; x_wconf 75' lang='grc' dir='ltr'><strong><em>ἀντὶ</em></strong></span> <span class='ocrx_word' id='word_1_96' title='bbox 406 912 462 973; x_wconf 84' lang='grc' dir='ltr'><strong><em>τοῦ</em></strong></span> <span class='ocrx_word' id='word_1_97' title='bbox 474 903 655 988; x_wconf 74' lang='grc' dir='ltr'><strong><em>ὀνειδισμοὺς</em></strong></span> <span class='ocrx_word' id='word_1_98' title='bbox 668 909 767 970; x_wconf 87' lang='grc' dir='ltr'><strong><em>ἐθνῶν</em></strong></span> <span class='ocrx_word' id='word_1_99' title='bbox 802 904 883 980; x_wconf 79' lang='grc' dir='ltr'><strong><em>οἰκος</em></strong></span> <span class='ocrx_word' id='word_1_100' title='bbox 897 901 1020 989; x_wconf 76' lang='grc' dir='ltr'><strong><em>Ἰσραὴλ</em></strong></span> <span class='ocrx_word' id='word_1_101' title='bbox 1036 908 1068 970; x_wconf 85' lang='grc' dir='ltr'><strong><em>ἐν</em></strong></span> <span class='ocrx_word' id='word_1_102' title='bbox 1084 918 1150 981; x_wconf 79' lang='grc' dir='ltr'><strong><em>τοῖς</em></strong></span> <span class='ocrx_word' id='word_1_103' title='bbox 1169 910 1296 973; x_wconf 75' lang='grc' dir='ltr'><strong><em>ἔθνεσιν</em></strong></span> <span class='ocrx_word' id='word_1_104' title='bbox 1315 905 1357 975; x_wconf 78' lang='grc' dir='ltr'><strong><em>οδ</em></strong></span> <span class='ocrx_word' id='word_1_105' title='bbox 1374 915 1428 986; x_wconf 84' lang='grc' dir='ltr'><strong><em>είς-</em></strong></span> 
     </span>
     <span class='ocr_line' id='line_1_10' title="bbox 157 985 1426 1077; baseline 0.001 -18"><span class='ocrx_word' id='word_1_106' title='bbox 157 999 272 1074; x_wconf 89' lang='grc' dir='ltr'><strong><em>ἐνέγκαι</em></strong></span> <span class='ocrx_word' id='word_1_107' title='bbox 286 990 367 1076; x_wconf 81' lang='grc' dir='ltr'><strong><em>ἀμᾶς.</em></strong></span> <span class='ocrx_word' id='word_1_108' title='bbox 381 989 450 1057; x_wconf 81' lang='grc' dir='ltr'><strong><em>2διά</em></strong></span> <span class='ocrx_word' id='word_1_109' title='bbox 462 995 554 1055; x_wconf 83' lang='grc' dir='ltr'><strong><em>τοῦτο</em></strong></span> <span class='ocrx_word' id='word_1_110' title='bbox 564 989 623 1066; x_wconf 82' lang='grc' dir='ltr'><strong><em>ἐγὼ</em></strong></span> <span class='ocrx_word' id='word_1_111' title='bbox 633 987 699 1074; x_wconf 84' lang='grc' dir='ltr'><strong><em>ἀρῶ</em></strong></span> <span class='ocrx_word' id='word_1_112' title='bbox 712 989 767 1071; x_wconf 78' lang='grc' dir='ltr'><strong><em>τὴν</em></strong></span> <span class='ocrx_word' id='word_1_113' title='bbox 802 985 944 1071; x_wconf 70' lang='grc' dir='ltr'><strong><em>ἀλθοσαν</em></strong></span> <span class='ocrx_word' id='word_1_114' title='bbox 960 992 1025 1053; x_wconf 85' lang='grc' dir='ltr'><strong><em>ἐκεῖ.</em></strong></span> <span class='ocrx_word' id='word_1_115' title='bbox 1049 992 1079 1032; x_wconf 93' lang='grc'><strong><em>22</em></strong></span> <span class='ocrx_word' id='word_1_116' title='bbox 1093 990 1142 1054; x_wconf 86' lang='grc' dir='ltr'><strong><em>διά</em></strong></span> <span class='ocrx_word' id='word_1_117' title='bbox 1157 993 1257 1055; x_wconf 75' lang='grc' dir='ltr'><strong><em>τοῦτο</em></strong></span> <span class='ocrx_word' id='word_1_118' title='bbox 1278 991 1372 1059; x_wconf 84' lang='grc' dir='ltr'><strong><em>είπόν</em></strong></span> <span class='ocrx_word' id='word_1_119' title='bbox 1384 999 1426 1077; x_wconf 75' lang='grc' dir='ltr'><strong><em>τῶ</em></strong></span> 
     </span>
     <span class='ocr_line' id='line_1_11' title="bbox 154 1067 1426 1184; baseline -0.002 -40"><span class='ocrx_word' id='word_1_120' title='bbox 154 1076 238 1184; x_wconf 70' lang='grc' dir='ltr'><strong><em>ηεῖρά</em></strong></span> <span class='ocrx_word' id='word_1_121' title='bbox 255 1102 314 1160; x_wconf 90' lang='grc' dir='ltr'><strong><em>μου</em></strong></span> <span class='ocrx_word' id='word_1_122' title='bbox 332 1077 384 1141; x_wconf 85' lang='grc' dir='ltr'><strong><em>ἐπί</em></strong></span> <span class='ocrx_word' id='word_1_123' title='bbox 396 1074 435 1141; x_wconf 87' lang='grc' dir='ltr'><strong><em>τά</em></strong></span> <span class='ocrx_word' id='word_1_124' title='bbox 453 1075 528 1157; x_wconf 76' lang='grc' dir='ltr'><strong><em>ἔθνη</em></strong></span> <span class='ocrx_word' id='word_1_125' title='bbox 546 1069 586 1136; x_wconf 89' lang='grc' dir='ltr'><strong><em>τά</em></strong></span> <span class='ocrx_word' id='word_1_126' title='bbox 598 1067 766 1156; x_wconf 74' lang='grc' dir='ltr'><strong><em>περικύκλῳ</em></strong></span> <span class='ocrx_word' id='word_1_127' title='bbox 803 1074 875 1155; x_wconf 86' lang='grc' dir='ltr'><strong><em>σίκῳ</em></strong></span> <span class='ocrx_word' id='word_1_128' title='bbox 892 1068 1024 1157; x_wconf 74' lang='grc' dir='ltr'><strong><em>Ἰσραήλ.</em></strong></span> <span class='ocrx_word' id='word_1_129' title='bbox 1048 1069 1120 1138; x_wconf 80' lang='grc' dir='ltr'><strong><em>τάδε</em></strong></span> <span class='ocrx_word' id='word_1_130' title='bbox 1134 1072 1211 1150; x_wconf 85' lang='grc' dir='ltr'><strong><em>λέγει</em></strong></span> <span class='ocrx_word' id='word_1_131' title='bbox 1222 1069 1345 1159; x_wconf 74' lang='grc' dir='ltr'><strong><em>κύριος.</em></strong></span> <span class='ocrx_word' id='word_1_132' title='bbox 1373 1078 1426 1184; x_wconf 68' lang='grc' dir='ltr'><strong><em>οὗρ</em></strong></span> 
     </span>
     <span class='ocr_line' id='line_1_12' title="bbox 157 1151 1425 1258; baseline -0.004 -32"><span class='ocrx_word' id='word_1_133' title='bbox 157 1166 254 1244; x_wconf 87' lang='grc' dir='ltr'><strong><em>υμῶν,</em></strong></span> <span class='ocrx_word' id='word_1_134' title='bbox 279 1151 365 1225; x_wconf 74' lang='grc' dir='ltr'><strong><em>οὗτοι</em></strong></span> <span class='ocrx_word' id='word_1_135' title='bbox 388 1155 444 1241; x_wconf 73' lang='grc' dir='ltr'><strong><em>την</em></strong></span> <span class='ocrx_word' id='word_1_136' title='bbox 463 1155 582 1236; x_wconf 77' lang='grc' dir='ltr'><strong><em>ἀτιμίαν</em></strong></span> <span class='ocrx_word' id='word_1_137' title='bbox 598 1156 699 1220; x_wconf 81' lang='grc' dir='ltr'><strong><em>αὐτῶν</em></strong></span> <span class='ocrx_word' id='word_1_138' title='bbox 713 1152 767 1258; x_wconf 67' lang='grc' dir='ltr'><strong><em>λη-</em></strong></span> <span class='ocrx_word' id='word_1_139' title='bbox 805 1154 871 1237; x_wconf 79' lang='grc' dir='ltr'><strong><em>ὑμίν</em></strong></span> <span class='ocrx_word' id='word_1_140' title='bbox 884 1154 943 1232; x_wconf 81' lang='grc' dir='ltr'><strong><em>ἐγώ</em></strong></span> <span class='ocrx_word' id='word_1_141' title='bbox 955 1158 1038 1220; x_wconf 87' lang='grc' dir='ltr'><strong><em>ποιῶ</em></strong></span> <span class='ocrx_word' id='word_1_142' title='bbox 1054 1154 1136 1231; x_wconf 75' lang='grc' dir='ltr'><strong><em>οἶνος</em></strong></span> <span class='ocrx_word' id='word_1_143' title='bbox 1149 1155 1296 1241; x_wconf 70' lang='grc' dir='ltr'><strong><em>Ἰσραὴλ,</em></strong></span> <span class='ocrx_word' id='word_1_144' title='bbox 1323 1158 1392 1225; x_wconf 78' lang='grc' dir='ltr'><strong><em>ἀλλ’</em></strong></span> <span class='ocrx_word' id='word_1_145' title='bbox 1407 1188 1425 1245; x_wconf 85' lang='grc' dir='ltr'><strong><em>η</em></strong></span> 
     </span>
     <span class='ocr_line' id='line_1_13' title="bbox 156 1236 1425 1392; baseline 0 -83"><span class='ocrx_word' id='word_1_146' title='bbox 156 1266 282 1327; x_wconf 80' lang='grc' dir='ltr'><strong><em>ψονται,</em></strong></span> <span class='ocrx_word' id='word_1_147' title='bbox 312 1238 423 1325; x_wconf 65' lang='grc' dir='ltr'><strong><em>ὓόμῶν</em></strong></span> <span class='ocrx_word' id='word_1_148' title='bbox 441 1239 475 1304; x_wconf 78' lang='grc' dir='ltr'><strong><em>δέ</em></strong></span> <span class='ocrx_word' id='word_1_149' title='bbox 492 1238 550 1343; x_wconf 86' lang='grc' dir='ltr'><strong><em>ὅρη</em></strong></span> <span class='ocrx_word' id='word_1_150' title='bbox 570 1236 696 1324; x_wconf 76' lang='grc' dir='ltr'><strong><em>Ἰσραὴλ</em></strong></span> <span class='ocrx_word' id='word_1_151' title='bbox 713 1261 767 1322; x_wconf 87' lang='grc' dir='ltr'><strong><em>την</em></strong></span> <span class='ocrx_word' id='word_1_152' title='bbox 804 1236 853 1303; x_wconf 89' lang='grc' dir='ltr'><strong><em>διά</em></strong></span> <span class='ocrx_word' id='word_1_153' title='bbox 868 1237 904 1303; x_wconf 88' lang='grc' dir='ltr'><strong><em>τὸ</em></strong></span> <span class='ocrx_word' id='word_1_154' title='bbox 918 1236 1014 1322; x_wconf 79' lang='grc' dir='ltr'><strong><em>ὄνομά</em></strong></span> <span class='ocrx_word' id='word_1_155' title='bbox 1026 1262 1086 1322; x_wconf 88' lang='grc' dir='ltr'><strong><em>μου</em></strong></span> <span class='ocrx_word' id='word_1_156' title='bbox 1102 1239 1139 1304; x_wconf 89' lang='grc' dir='ltr'><strong><em>τὸ</em></strong></span> <span class='ocrx_word' id='word_1_157' title='bbox 1152 1236 1261 1346; x_wconf 65' lang='grc' dir='ltr'><strong><em>ἀγιονἐ</em></strong></span> <span class='ocrx_word' id='word_1_158' title='bbox 1289 1238 1312 1307; x_wconf 83' lang='grc' dir='ltr'>ὃ</span> <span class='ocrx_word' id='word_1_159' title='bbox 1324 1247 1425 1392; x_wconf 59' lang='grc' dir='ltr'><strong><em>ἐριβρ-</em></strong></span> 
     </span>
     <span class='ocr_line' id='line_1_14' title="bbox 157 1316 1424 1412; baseline -0.002 -20"><span class='ocrx_word' id='word_1_160' title='bbox 157 1322 311 1410; x_wconf 71' lang='grc' dir='ltr'><strong><em>στασυλην</em></strong></span> <span class='ocrx_word' id='word_1_161' title='bbox 323 1326 376 1390; x_wconf 88' lang='grc' dir='ltr'><strong><em>καί</em></strong></span> <span class='ocrx_word' id='word_1_162' title='bbox 388 1323 443 1388; x_wconf 90' lang='grc' dir='ltr'><strong><em>τόν</em></strong></span> <span class='ocrx_word' id='word_1_163' title='bbox 452 1345 569 1407; x_wconf 88' lang='grc' dir='ltr'><strong><em>καρπον</em></strong></span> <span class='ocrx_word' id='word_1_164' title='bbox 580 1316 766 1404; x_wconf 81' lang='grc' dir='ltr'><strong><em>ἀμῶνκατα-</em></strong></span> <span class='ocrx_word' id='word_1_165' title='bbox 804 1317 922 1388; x_wconf 88' lang='grc' dir='ltr'><strong><em>λώσατε</em></strong></span> <span class='ocrx_word' id='word_1_166' title='bbox 939 1325 970 1388; x_wconf 84' lang='grc' dir='ltr'><strong><em>ἐν</em></strong></span> <span class='ocrx_word' id='word_1_167' title='bbox 985 1332 1048 1397; x_wconf 84' lang='grc' dir='ltr'><strong><em>τοῖς</em></strong></span> <span class='ocrx_word' id='word_1_168' title='bbox 1059 1326 1193 1398; x_wconf 80' lang='grc' dir='ltr'><strong><em>ἔθνεσιν,</em></strong></span> <span class='ocrx_word' id='word_1_169' title='bbox 1218 1348 1260 1387; x_wconf 91' lang='grc' dir='ltr'><strong><em>συ</em></strong></span> <span class='ocrx_word' id='word_1_170' title='bbox 1274 1322 1337 1412; x_wconf 73' lang='grc' dir='ltr'><strong><em>είςῆ</em></strong></span> <span class='ocrx_word' id='word_1_171' title='bbox 1357 1338 1424 1393; x_wconf 68' lang='lat' dir='ltr'><strong><em>om</em></strong></span> 
     </span>
     <span class='ocr_line' id='line_1_15' title="bbox 156 1400 1421 1494; baseline 0.001 -19"><span class='ocrx_word' id='word_1_172' title='bbox 156 1407 283 1491; x_wconf 84' lang='grc' dir='ltr'><strong><em>φάγεται</em></strong></span> <span class='ocrx_word' id='word_1_173' title='bbox 308 1405 327 1474; x_wconf 86' lang='grc' dir='ltr'><strong><em>ὀ</em></strong></span> <span class='ocrx_word' id='word_1_174' title='bbox 345 1403 419 1480; x_wconf 87' lang='grc' dir='ltr'><strong><em>λαός</em></strong></span> <span class='ocrx_word' id='word_1_175' title='bbox 436 1432 515 1489; x_wconf 93' lang='grc' dir='ltr'><strong><em>μου,</em></strong></span> <span class='ocrx_word' id='word_1_176' title='bbox 542 1400 591 1470; x_wconf 80' lang='grc' dir='ltr'><strong><em>ὅτι</em></strong></span> <span class='ocrx_word' id='word_1_177' title='bbox 614 1405 765 1482; x_wconf 70' lang='grc' dir='ltr'><strong><em>ἐλπίζουσι</em></strong></span> <span class='ocrx_word' id='word_1_178' title='bbox 804 1408 869 1470; x_wconf 82' lang='grc' dir='ltr'><strong><em>ἐκεῖ.</em></strong></span> <span class='ocrx_word' id='word_1_179' title='bbox 894 1406 925 1446; x_wconf 82' lang='lat'><strong><em>²³</em></strong></span> <span class='ocrx_word' id='word_1_180' title='bbox 937 1408 990 1471; x_wconf 80' lang='grc' dir='ltr'><strong><em>καί</em></strong></span> <span class='ocrx_word' id='word_1_181' title='bbox 1005 1400 1122 1484; x_wconf 85' lang='grc' dir='ltr'><strong><em>ἀγιάσω</em></strong></span> <span class='ocrx_word' id='word_1_182' title='bbox 1140 1405 1176 1470; x_wconf 89' lang='grc' dir='ltr'><strong><em>τό</em></strong></span> <span class='ocrx_word' id='word_1_183' title='bbox 1192 1403 1297 1491; x_wconf 82' lang='grc' dir='ltr'><strong><em>δνομά</em></strong></span> <span class='ocrx_word' id='word_1_184' title='bbox 1308 1436 1373 1494; x_wconf 88' lang='grc' dir='ltr'><strong><em>μου</em></strong></span> <span class='ocrx_word' id='word_1_185' title='bbox 1388 1412 1421 1476; x_wconf 89' lang='grc' dir='ltr'><strong><em>τό</em></strong></span> 
     </span>
     <span class='ocr_line' id='line_1_16' title="bbox 156 1484 1421 1575; baseline -0.002 -15"><span class='ocrx_word' id='word_1_186' title='bbox 156 1498 214 1559; x_wconf 76' lang='grc' dir='ltr'><strong><em>τοῦ</em></strong></span> <span class='ocrx_word' id='word_1_187' title='bbox 232 1492 341 1557; x_wconf 76' lang='grc' dir='ltr'><strong><em>ἐλθεῖν.</em></strong></span> <span class='ocrx_word' id='word_1_188' title='bbox 367 1487 443 1554; x_wconf 79' lang='grc' dir='ltr'><strong><em>2δτι</em></strong></span> <span class='ocrx_word' id='word_1_189' title='bbox 463 1485 530 1553; x_wconf 81' lang='grc' dir='ltr'><strong><em>ίδσά</em></strong></span> <span class='ocrx_word' id='word_1_190' title='bbox 546 1484 605 1565; x_wconf 87' lang='grc' dir='ltr'><strong><em>ἐγιό</em></strong></span> <span class='ocrx_word' id='word_1_191' title='bbox 619 1487 664 1570; x_wconf 80' lang='grc' dir='ltr'><strong><em>ἐφ’</em></strong></span> <span class='ocrx_word' id='word_1_192' title='bbox 679 1488 764 1572; x_wconf 81' lang='grc' dir='ltr'><strong><em>ὑμᾶς,</em></strong></span> <span class='ocrx_word' id='word_1_193' title='bbox 802 1493 890 1573; x_wconf 85' lang='grc' dir='ltr'><strong><em>μέγα,</em></strong></span> <span class='ocrx_word' id='word_1_194' title='bbox 905 1486 942 1553; x_wconf 91' lang='grc' dir='ltr'><strong><em>τό</em></strong></span> <span class='ocrx_word' id='word_1_195' title='bbox 954 1487 1126 1575; x_wconf 76' lang='grc' dir='ltr'><strong><em>βεβηλωθὲν</em></strong></span> <span class='ocrx_word' id='word_1_196' title='bbox 1137 1493 1246 1565; x_wconf 84' lang='grc' dir='ltr'><strong><em>ἐντοῖς</em></strong></span> <span class='ocrx_word' id='word_1_197' title='bbox 1261 1490 1421 1572; x_wconf 77' lang='grc' dir='ltr'><strong><em>ἐθνεοιν,ί</em></strong></span> 
     </span>
     <span class='ocr_line' id='line_1_17' title="bbox 155 1569 1419 1660; baseline 0.002 -19"><span class='ocrx_word' id='word_1_198' title='bbox 155 1579 207 1641; x_wconf 83' lang='grc' dir='ltr'><strong><em>καί</em></strong></span> <span class='ocrx_word' id='word_1_199' title='bbox 218 1574 374 1660; x_wconf 77' lang='grc' dir='ltr'><strong><em>ἐπιβλίιμω</em></strong></span> <span class='ocrx_word' id='word_1_200' title='bbox 387 1569 432 1653; x_wconf 82' lang='grc' dir='ltr'><strong><em>ἐφ’</em></strong></span> <span class='ocrx_word' id='word_1_201' title='bbox 449 1569 539 1654; x_wconf 76' lang='grc' dir='ltr'><strong><em>ὑμᾶς,</em></strong></span> <span class='ocrx_word' id='word_1_202' title='bbox 556 1573 607 1634; x_wconf 90' lang='grc' dir='ltr'><strong><em>καί</em></strong></span> <span class='ocrx_word' id='word_1_203' title='bbox 620 1596 765 1657; x_wconf 82' lang='grc' dir='ltr'><strong><em>κατεργα-</em></strong></span> <span class='ocrx_word' id='word_1_204' title='bbox 803 1570 1006 1659; x_wconf 74' lang='grc' dir='ltr'><strong><em>ἐβεβηλώσατε</em></strong></span> <span class='ocrx_word' id='word_1_205' title='bbox 1019 1575 1050 1638; x_wconf 86' lang='grc' dir='ltr'><strong><em>ἐν</em></strong></span> <span class='ocrx_word' id='word_1_206' title='bbox 1061 1575 1141 1656; x_wconf 86' lang='grc' dir='ltr'><strong><em>μέσῳ</em></strong></span> <span class='ocrx_word' id='word_1_207' title='bbox 1152 1570 1270 1651; x_wconf 78' lang='grc' dir='ltr'><strong><em>αὐτῶν,</em></strong></span> <span class='ocrx_word' id='word_1_208' title='bbox 1281 1579 1337 1643; x_wconf 79' lang='grc' dir='ltr'><strong><em>καί</em></strong></span> <span class='ocrx_word' id='word_1_209' title='bbox 1345 1574 1419 1656; x_wconf 85' lang='grc' dir='ltr'><strong><em>γνώ-</em></strong></span> 
     </span>
     <span class='ocr_line' id='line_1_18' title="bbox 156 1649 1418 1768; baseline 0.002 -44"><span class='ocrx_word' id='word_1_210' title='bbox 156 1654 321 1740; x_wconf 72' lang='grc' dir='ltr'><strong><em>οθησεσθε,</em></strong></span> <span class='ocrx_word' id='word_1_211' title='bbox 346 1656 399 1719; x_wconf 81' lang='grc' dir='ltr'><strong><em>καί</em></strong></span> <span class='ocrx_word' id='word_1_212' title='bbox 425 1649 633 1737; x_wconf 78' lang='grc' dir='ltr'><strong><em>σπαρηοεσθε,</em></strong></span> <span class='ocrx_word' id='word_1_213' title='bbox 672 1660 701 1701; x_wconf 88' lang='lat'><strong><em>¹⁰</em></strong></span> <span class='ocrx_word' id='word_1_214' title='bbox 715 1657 768 1721; x_wconf 81' lang='grc' dir='ltr'><strong><em>καί</em></strong></span> <span class='ocrx_word' id='word_1_215' title='bbox 803 1679 906 1721; x_wconf 89' lang='grc' dir='ltr'><strong><em>σονται</em></strong></span> <span class='ocrx_word' id='word_1_216' title='bbox 919 1652 959 1720; x_wconf 89' lang='grc' dir='ltr'><strong><em>τά</em></strong></span> <span class='ocrx_word' id='word_1_217' title='bbox 972 1658 1048 1741; x_wconf 78' lang='grc' dir='ltr'><strong><em>ἔθνη</em></strong></span> <span class='ocrx_word' id='word_1_218' title='bbox 1062 1653 1109 1721; x_wconf 81' lang='grc' dir='ltr'><strong><em>ὅτι</em></strong></span> <span class='ocrx_word' id='word_1_219' title='bbox 1123 1652 1183 1734; x_wconf 82' lang='grc' dir='ltr'><strong><em>ἐγώ</em></strong></span> <span class='ocrx_word' id='word_1_220' title='bbox 1193 1660 1252 1740; x_wconf 77' lang='grc' dir='ltr'><strong><em>εἶμι</em></strong></span> <span class='ocrx_word' id='word_1_221' title='bbox 1263 1655 1418 1768; x_wconf 83' lang='grc' dir='ltr'><strong><em>κάριος,έν</em></strong></span> 
     </span>
     <span class='ocr_line' id='line_1_19' title="bbox 154 1734 1417 1865; baseline 0.002 -59"><span class='ocrx_word' id='word_1_222' title='bbox 154 1741 301 1823; x_wconf 75' lang='grc' dir='ltr'><strong><em>πληθυνῶ</em></strong></span> <span class='ocrx_word' id='word_1_223' title='bbox 319 1735 363 1818; x_wconf 75' lang='grc' dir='ltr'><strong><em>ἐφ’</em></strong></span> <span class='ocrx_word' id='word_1_224' title='bbox 385 1735 463 1821; x_wconf 76' lang='grc' dir='ltr'><strong><em>ὑμᾶς</em></strong></span> <span class='ocrx_word' id='word_1_225' title='bbox 481 1734 675 1824; x_wconf 76' lang='grc' dir='ltr'><strong><em>ἀνθρώπους.</em></strong></span> <span class='ocrx_word' id='word_1_226' title='bbox 701 1744 766 1805; x_wconf 80' lang='grc' dir='ltr'><strong><em>πᾶν</em></strong></span> <span class='ocrx_word' id='word_1_227' title='bbox 802 1744 847 1823; x_wconf 77' lang='grc' dir='ltr'><strong><em>τῷ</em></strong></span> <span class='ocrx_word' id='word_1_228' title='bbox 857 1734 1047 1820; x_wconf 78' lang='grc' dir='ltr'><strong><em>ἀγιασθῆναί</em></strong></span> <span class='ocrx_word' id='word_1_229' title='bbox 1048 1764 1088 1865; x_wconf 78' lang='grc' dir='ltr'><strong><em>με</em></strong></span> <span class='ocrx_word' id='word_1_230' title='bbox 1097 1743 1129 1805; x_wconf 90' lang='grc' dir='ltr'><strong><em>ἐν</em></strong></span> <span class='ocrx_word' id='word_1_231' title='bbox 1140 1737 1209 1821; x_wconf 78' lang='grc' dir='ltr'><strong><em>ὑμῖν</em></strong></span> <span class='ocrx_word' id='word_1_232' title='bbox 1219 1742 1288 1807; x_wconf 83' lang='grc' dir='ltr'><strong><em>κατ’</em></strong></span> <span class='ocrx_word' id='word_1_233' title='bbox 1300 1744 1417 1825; x_wconf 54' lang='lat' dir='ltr'><strong><em>aqam«</em></strong></span> 
     </span>
     <span class='ocr_line' id='line_1_20' title="bbox 156 1819 1417 1929; baseline 0.001 -38"><span class='ocrx_word' id='word_1_234' title='bbox 156 1823 240 1891; x_wconf 73' lang='grc' dir='ltr'><strong><em>οἶκον</em></strong></span> <span class='ocrx_word' id='word_1_235' title='bbox 248 1820 372 1907; x_wconf 80' lang='grc' dir='ltr'><strong><em>’Ῑσραίηλ</em></strong></span> <span class='ocrx_word' id='word_1_236' title='bbox 384 1825 424 1896; x_wconf 82' lang='grc' dir='ltr'><strong><em>είς</em></strong></span> <span class='ocrx_word' id='word_1_237' title='bbox 435 1820 534 1896; x_wconf 83' lang='grc' dir='ltr'><strong><em>τελος,</em></strong></span> <span class='ocrx_word' id='word_1_238' title='bbox 557 1822 610 1885; x_wconf 85' lang='grc' dir='ltr'><strong><em>καί</em></strong></span> <span class='ocrx_word' id='word_1_239' title='bbox 621 1846 765 1905; x_wconf 89' lang='grc' dir='ltr'><strong><em>κατοικη-</em></strong></span> <span class='ocrx_word' id='word_1_240' title='bbox 802 1819 877 1906; x_wconf 85' lang='grc' dir='ltr'><strong><em>μοός</em></strong></span> <span class='ocrx_word' id='word_1_241' title='bbox 890 1820 1002 1887; x_wconf 79' lang='grc' dir='ltr'><strong><em>αὐτῶν.</em></strong></span> <span class='ocrx_word' id='word_1_242' title='bbox 1032 1826 1048 1865; x_wconf 91' lang='grc'><strong>2</strong></span> <span class='ocrx_word' id='word_1_243' title='bbox 1077 1825 1129 1888; x_wconf 86' lang='grc' dir='ltr'><strong><em>καί</em></strong></span> <span class='ocrx_word' id='word_1_244' title='bbox 1141 1822 1284 1929; x_wconf 74' lang='grc' dir='ltr'><strong><em>λήψομαι</em></strong></span> <span class='ocrx_word' id='word_1_245' title='bbox 1299 1826 1417 1908; x_wconf 79' lang='grc' dir='ltr'><strong><em>ὀμᾶςέκ</em></strong></span> 
     </span>
     <span class='ocr_line' id='line_1_21' title="bbox 154 1901 1417 2011; baseline 0.003 -39"><span class='ocrx_word' id='word_1_246' title='bbox 154 1904 303 1991; x_wconf 72' lang='grc' dir='ltr'><strong><em>θήσονται</em></strong></span> <span class='ocrx_word' id='word_1_247' title='bbox 315 1909 349 1969; x_wconf 83' lang='grc' dir='ltr'><strong><em>αἶ</em></strong></span> <span class='ocrx_word' id='word_1_248' title='bbox 360 1901 472 1979; x_wconf 87' lang='grc' dir='ltr'><strong><em>πόλεις,</em></strong></span> <span class='ocrx_word' id='word_1_249' title='bbox 489 1905 541 1969; x_wconf 85' lang='grc' dir='ltr'><strong><em>καί</em></strong></span> <span class='ocrx_word' id='word_1_250' title='bbox 553 1904 573 1988; x_wconf 79' lang='grc' dir='ltr'><em>ἡ</em></span> <span class='ocrx_word' id='word_1_251' title='bbox 587 1906 764 2011; x_wconf 78' lang='grc' dir='ltr'><strong><em>ἡρημισμίνη</em></strong></span> <span class='ocrx_word' id='word_1_252' title='bbox 803 1912 864 1972; x_wconf 88' lang='grc' dir='ltr'><strong><em>τῶν</em></strong></span> <span class='ocrx_word' id='word_1_253' title='bbox 876 1908 985 1980; x_wconf 76' lang='grc' dir='ltr'><strong><em>ἐθνῶν,</em></strong></span> <span class='ocrx_word' id='word_1_254' title='bbox 998 1906 1050 1971; x_wconf 84' lang='grc' dir='ltr'><strong><em>καί</em></strong></span> <span class='ocrx_word' id='word_1_255' title='bbox 1063 1905 1205 1992; x_wconf 85' lang='grc' dir='ltr'><strong><em>ἀθροίσω</em></strong></span> <span class='ocrx_word' id='word_1_256' title='bbox 1220 1914 1299 1990; x_wconf 82' lang='grc' dir='ltr'><strong><em>υμᾶς</em></strong></span> <span class='ocrx_word' id='word_1_257' title='bbox 1309 1915 1341 1977; x_wconf 83' lang='grc' dir='ltr'><strong><em>ἐκ</em></strong></span> <span class='ocrx_word' id='word_1_258' title='bbox 1350 1936 1417 1976; x_wconf 82' lang='grc' dir='ltr'><strong><em>ττα-</em></strong></span> 
     </span>
     <span class='ocr_line' id='line_1_22' title="bbox 155 1983 1417 2076; baseline 0.003 -21"><span class='ocrx_word' id='word_1_259' title='bbox 155 1983 435 2071; x_wconf 75' lang='grc' dir='ltr'><strong><em>ολκοδομηθησεται.</em></strong></span> <span class='ocrx_word' id='word_1_260' title='bbox 455 1989 543 2051; x_wconf 81' lang='grc' dir='ltr'><strong>22καό</strong></span> <span class='ocrx_word' id='word_1_261' title='bbox 554 1987 704 2071; x_wconf 88' lang='grc' dir='ltr'><strong><em>πληθυνῶ</em></strong></span> <span class='ocrx_word' id='word_1_262' title='bbox 717 1992 755 2070; x_wconf 82' lang='grc' dir='ltr'><strong><em>ἐφ</em></strong></span> <span class='ocrx_word' id='word_1_263' title='bbox 803 1993 865 2055; x_wconf 86' lang='grc' dir='ltr'><strong><em>σῶν</em></strong></span> <span class='ocrx_word' id='word_1_264' title='bbox 883 1992 945 2054; x_wconf 88' lang='grc' dir='ltr'><strong><em>τῶν</em></strong></span> <span class='ocrx_word' id='word_1_265' title='bbox 960 1993 1068 2066; x_wconf 88' lang='grc' dir='ltr'><strong><em>γαιῶν,</em></strong></span> <span class='ocrx_word' id='word_1_266' title='bbox 1092 1991 1146 2054; x_wconf 81' lang='grc' dir='ltr'><strong><em>καὶ</em></strong></span> <span class='ocrx_word' id='word_1_267' title='bbox 1164 1987 1273 2071; x_wconf 73' lang='grc' dir='ltr'><strong><em>εέςάξω</em></strong></span> <span class='ocrx_word' id='word_1_268' title='bbox 1291 1993 1367 2076; x_wconf 78' lang='grc' dir='ltr'><strong><em>ὑμᾶς</em></strong></span> <span class='ocrx_word' id='word_1_269' title='bbox 1378 1998 1417 2070; x_wconf 76' lang='grc' dir='ltr'><strong><em>είς</em></strong></span> 
     </span>
     <span class='ocr_line' id='line_1_23' title="bbox 154 2065 1416 2160; baseline 0.003 -24"><span class='ocrx_word' id='word_1_270' title='bbox 154 2070 230 2153; x_wconf 82' lang='grc' dir='ltr'><strong><em>ἀμᾶς</em></strong></span> <span class='ocrx_word' id='word_1_271' title='bbox 242 2066 427 2157; x_wconf 76' lang='grc' dir='ltr'><strong><em>ἀνθρώπους</em></strong></span> <span class='ocrx_word' id='word_1_272' title='bbox 440 2071 492 2135; x_wconf 84' lang='grc' dir='ltr'><strong><em>καί</em></strong></span> <span class='ocrx_word' id='word_1_273' title='bbox 503 2065 606 2154; x_wconf 66' lang='grc' dir='ltr'><strong><em>κτήνη,</em></strong></span> <span class='ocrx_word' id='word_1_274' title='bbox 629 2075 764 2137; x_wconf 69' lang='grc' dir='ltr'><strong><em>καίκατ·</em></strong></span> <span class='ocrx_word' id='word_1_275' title='bbox 803 2069 856 2158; x_wconf 73' lang='grc' dir='ltr'><strong><em>την</em></strong></span> <span class='ocrx_word' id='word_1_276' title='bbox 872 2076 928 2157; x_wconf 72' lang='grc' dir='ltr'><strong><em>γῆν</em></strong></span> <span class='ocrx_word' id='word_1_277' title='bbox 944 2066 1035 2153; x_wconf 76' lang='grc' dir='ltr'><strong><em>ὑμῶν.</em></strong></span> <span class='ocrx_word' id='word_1_278' title='bbox 1060 2073 1090 2116; x_wconf 76' lang='grc'><strong><em>22</em></strong></span> <span class='ocrx_word' id='word_1_279' title='bbox 1103 2076 1156 2137; x_wconf 85' lang='grc' dir='ltr'><strong><em>καί</em></strong></span> <span class='ocrx_word' id='word_1_280' title='bbox 1175 2078 1261 2160; x_wconf 80' lang='grc' dir='ltr'><strong><em>ῥανῶ</em></strong></span> <span class='ocrx_word' id='word_1_281' title='bbox 1277 2076 1322 2159; x_wconf 77' lang='grc' dir='ltr'><strong><em>ἐφ’</em></strong></span> <span class='ocrx_word' id='word_1_282' title='bbox 1337 2075 1416 2159; x_wconf 80' lang='grc' dir='ltr'><strong><em>ἀμοῖς</em></strong></span> 
     </span>
     <span class='ocr_line' id='line_1_24' title="bbox 154 2151 1415 2258; baseline 0.004 -39"><span class='ocrx_word' id='word_1_283' title='bbox 154 2160 238 2220; x_wconf 84' lang='grc' dir='ltr'><strong><em>οικιῶ</em></strong></span> <span class='ocrx_word' id='word_1_284' title='bbox 256 2152 332 2238; x_wconf 80' lang='grc' dir='ltr'><strong><em>ὑμᾶς</em></strong></span> <span class='ocrx_word' id='word_1_285' title='bbox 345 2151 386 2228; x_wconf 82' lang='grc' dir='ltr'><strong><em>ὡς</em></strong></span> <span class='ocrx_word' id='word_1_286' title='bbox 402 2155 438 2218; x_wconf 89' lang='grc' dir='ltr'><strong><em>τό</em></strong></span> <span class='ocrx_word' id='word_1_287' title='bbox 453 2156 484 2219; x_wconf 87' lang='grc' dir='ltr'><strong><em>ἐν</em></strong></span> <span class='ocrx_word' id='word_1_288' title='bbox 497 2151 574 2258; x_wconf 65' lang='grc' dir='ltr'><strong><em>ἀρηξη</em></strong></span> <span class='ocrx_word' id='word_1_289' title='bbox 586 2151 686 2238; x_wconf 79' lang='grc' dir='ltr'><strong><em>ἀμῶν,</em></strong></span> <span class='ocrx_word' id='word_1_290' title='bbox 712 2159 764 2223; x_wconf 85' lang='grc' dir='ltr'><strong><em>καί</em></strong></span> <span class='ocrx_word' id='word_1_291' title='bbox 803 2151 942 2240; x_wconf 84' lang='grc' dir='ltr'><strong><em>καθαρὸν</em></strong></span> <span class='ocrx_word' id='word_1_292' title='bbox 954 2153 1051 2237; x_wconf 73' lang='grc' dir='ltr'><strong><em>ὕδωρ,</em></strong></span> <span class='ocrx_word' id='word_1_293' title='bbox 1077 2158 1129 2222; x_wconf 86' lang='grc' dir='ltr'><strong><em>καί</em></strong></span> <span class='ocrx_word' id='word_1_294' title='bbox 1141 2155 1415 2243; x_wconf 75' lang='grc' dir='ltr'><strong><em>καθαρισθήοεσθε</em></strong></span> 
     </span>
     <span class='ocr_line' id='line_1_25' title="bbox 153 2227 1413 2345; baseline 0.003 -41"><span class='ocrx_word' id='word_1_295' title='bbox 153 2227 185 2304; x_wconf 82' lang='grc' dir='ltr'><strong><em>εά</em></strong></span> <span class='ocrx_word' id='word_1_296' title='bbox 199 2236 315 2324; x_wconf 76' lang='grc' dir='ltr'><strong><em>ποιησαι</em></strong></span> <span class='ocrx_word' id='word_1_297' title='bbox 328 2234 414 2319; x_wconf 78' lang='grc' dir='ltr'><strong><em>ὑμᾶς,</em></strong></span> <span class='ocrx_word' id='word_1_298' title='bbox 433 2233 532 2345; x_wconf 79' lang='grc' dir='ltr'><strong><em>ῶςπερ</em></strong></span> <span class='ocrx_word' id='word_1_299' title='bbox 540 2264 580 2304; x_wconf 90' lang='grc' dir='ltr'><strong><em>τα</em></strong></span> <span class='ocrx_word' id='word_1_300' title='bbox 593 2243 764 2323; x_wconf 81' lang='grc' dir='ltr'><strong><em>ἔμπροσθεν</em></strong></span> <span class='ocrx_word' id='word_1_301' title='bbox 803 2236 865 2304; x_wconf 87' lang='grc' dir='ltr'><strong><em>ἀπό</em></strong></span> <span class='ocrx_word' id='word_1_302' title='bbox 890 2244 998 2304; x_wconf 88' lang='grc' dir='ltr'><strong><em>πασῶν</em></strong></span> <span class='ocrx_word' id='word_1_303' title='bbox 1016 2243 1078 2304; x_wconf 89' lang='grc' dir='ltr'><strong><em>τῶν</em></strong></span> <span class='ocrx_word' id='word_1_304' title='bbox 1096 2238 1297 2323; x_wconf 85' lang='grc' dir='ltr'><strong><em>ἀκαθαρσιῶν</em></strong></span> <span class='ocrx_word' id='word_1_305' title='bbox 1317 2239 1413 2325; x_wconf 79' lang='grc' dir='ltr'><strong><em>ὑμῶν,</em></strong></span> 
     </span>
     <span class='ocr_line' id='line_1_26' title="bbox 154 2317 1414 2409; baseline 0.002 -21"><span class='ocrx_word' id='word_1_306' title='bbox 154 2322 253 2405; x_wconf 85' lang='grc' dir='ltr'><strong><em>ὑμῶν,</em></strong></span> <span class='ocrx_word' id='word_1_307' title='bbox 279 2321 332 2386; x_wconf 81' lang='grc' dir='ltr'><strong><em>καί</em></strong></span> <span class='ocrx_word' id='word_1_308' title='bbox 345 2318 496 2398; x_wconf 89' lang='grc' dir='ltr'><strong><em>γνώσεσθε</em></strong></span> <span class='ocrx_word' id='word_1_309' title='bbox 513 2348 560 2386; x_wconf 85' lang='grc' dir='ltr'><strong><em>οτι</em></strong></span> <span class='ocrx_word' id='word_1_310' title='bbox 574 2321 633 2400; x_wconf 86' lang='grc' dir='ltr'><strong><em>ἐγώ</em></strong></span> <span class='ocrx_word' id='word_1_311' title='bbox 645 2328 698 2404; x_wconf 87' lang='grc' dir='ltr'><strong><em>είμι</em></strong></span> <span class='ocrx_word' id='word_1_312' title='bbox 710 2319 764 2387; x_wconf 84' lang='grc' dir='ltr'><strong><em>ιώ-</em></strong></span> <span class='ocrx_word' id='word_1_313' title='bbox 802 2325 853 2388; x_wconf 82' lang='grc' dir='ltr'><strong><em>καὶ</em></strong></span> <span class='ocrx_word' id='word_1_314' title='bbox 870 2318 934 2388; x_wconf 83' lang='grc' dir='ltr'><strong><em>ἀπὸ</em></strong></span> <span class='ocrx_word' id='word_1_315' title='bbox 951 2317 1075 2388; x_wconf 87' lang='grc' dir='ltr'><strong><em>πάντων</em></strong></span> <span class='ocrx_word' id='word_1_316' title='bbox 1093 2329 1155 2388; x_wconf 88' lang='grc' dir='ltr'><strong><em>τῶν</em></strong></span> <span class='ocrx_word' id='word_1_317' title='bbox 1171 2319 1303 2392; x_wconf 71' lang='grc' dir='ltr'><strong><em>εἰδώλων</em></strong></span> <span class='ocrx_word' id='word_1_318' title='bbox 1319 2320 1414 2409; x_wconf 76' lang='grc' dir='ltr'><strong><em>ἀμῶν.</em></strong></span> 
     </span>
     <span class='ocr_line' id='line_1_27' title="bbox 154 2400 1415 2493; baseline 0.003 -23"><span class='ocrx_word' id='word_1_319' title='bbox 154 2430 226 2493; x_wconf 90' lang='grc' dir='ltr'><strong><em>ρισς.</em></strong></span> <span class='ocrx_word' id='word_1_320' title='bbox 239 2407 267 2448; x_wconf 88' lang='grc'><strong><em>22</em></strong></span> <span class='ocrx_word' id='word_1_321' title='bbox 274 2407 326 2469; x_wconf 83' lang='grc' dir='ltr'><strong><em>καί</em></strong></span> <span class='ocrx_word' id='word_1_322' title='bbox 340 2400 474 2487; x_wconf 75' lang='grc' dir='ltr'><strong><em>γεννησω</em></strong></span> <span class='ocrx_word' id='word_1_323' title='bbox 487 2405 532 2487; x_wconf 83' lang='grc' dir='ltr'><strong><em>ἐφ’</em></strong></span> <span class='ocrx_word' id='word_1_324' title='bbox 548 2404 626 2489; x_wconf 73' lang='grc' dir='ltr'><strong><em>ὑμᾶς</em></strong></span> <span class='ocrx_word' id='word_1_325' title='bbox 640 2402 762 2490; x_wconf 82' lang='grc' dir='ltr'><strong><em>ἀνθρώ·</em></strong></span> <span class='ocrx_word' id='word_1_326' title='bbox 802 2408 852 2471; x_wconf 82' lang='grc' dir='ltr'><strong><em>καί</em></strong></span> <span class='ocrx_word' id='word_1_327' title='bbox 864 2411 1006 2490; x_wconf 88' lang='grc' dir='ltr'><strong><em>καθαριῶ</em></strong></span> <span class='ocrx_word' id='word_1_328' title='bbox 1019 2402 1110 2488; x_wconf 79' lang='grc' dir='ltr'><strong><em>ὑμᾶς,</em></strong></span> <span class='ocrx_word' id='word_1_329' title='bbox 1132 2408 1164 2451; x_wconf 79' lang='lat'><strong><em>²⁶</em></strong></span> <span class='ocrx_word' id='word_1_330' title='bbox 1175 2409 1228 2471; x_wconf 82' lang='grc' dir='ltr'><strong><em>καί</em></strong></span> <span class='ocrx_word' id='word_1_331' title='bbox 1239 2404 1332 2473; x_wconf 89' lang='grc' dir='ltr'><strong><em>δώσω</em></strong></span> <span class='ocrx_word' id='word_1_332' title='bbox 1346 2405 1415 2490; x_wconf 82' lang='grc' dir='ltr'><strong><em>ὀμίν</em></strong></span> 
     </span>
     <span class='ocr_line' id='line_1_28' title="bbox 153 2484 1416 2588; baseline 0.002 -34"><span class='ocrx_word' id='word_1_333' title='bbox 153 2514 228 2563; x_wconf 91' lang='grc' dir='ltr'><strong><em>πους</em></strong></span> <span class='ocrx_word' id='word_1_334' title='bbox 240 2488 294 2553; x_wconf 88' lang='grc' dir='ltr'><strong><em>τόν</em></strong></span> <span class='ocrx_word' id='word_1_335' title='bbox 306 2484 384 2553; x_wconf 82' lang='grc' dir='ltr'><strong><em>λαόν</em></strong></span> <span class='ocrx_word' id='word_1_336' title='bbox 395 2513 454 2568; x_wconf 92' lang='grc' dir='ltr'><strong><em>μου</em></strong></span> <span class='ocrx_word' id='word_1_337' title='bbox 464 2487 601 2574; x_wconf 71' lang='grc' dir='ltr'><strong><em>Ἰσραὴλ,</em></strong></span> <span class='ocrx_word' id='word_1_338' title='bbox 627 2491 679 2554; x_wconf 86' lang='grc' dir='ltr'><strong><em>καί</em></strong></span> <span class='ocrx_word' id='word_1_339' title='bbox 692 2490 763 2573; x_wconf 86' lang='grc' dir='ltr'><strong><em>κλη-</em></strong></span> <span class='ocrx_word' id='word_1_340' title='bbox 801 2490 929 2573; x_wconf 81' lang='grc' dir='ltr'><strong><em>καρδίαν</em></strong></span> <span class='ocrx_word' id='word_1_341' title='bbox 953 2489 1069 2573; x_wconf 75' lang='grc' dir='ltr'><strong><em>καινὴν,</em></strong></span> <span class='ocrx_word' id='word_1_342' title='bbox 1093 2491 1145 2552; x_wconf 84' lang='grc' dir='ltr'><strong><em>καί</em></strong></span> <span class='ocrx_word' id='word_1_343' title='bbox 1166 2492 1283 2588; x_wconf 84' lang='grc' dir='ltr'><strong><em>πνεῦμα</em></strong></span> <span class='ocrx_word' id='word_1_344' title='bbox 1304 2492 1416 2557; x_wconf 87' lang='grc' dir='ltr'><strong><em>καινὸν</em></strong></span> 
     </span>
     <span class='ocr_line' id='line_1_29' title="bbox 154 2568 1418 2671; baseline -0.001 -33"><span class='ocrx_word' id='word_1_345' title='bbox 154 2568 368 2656; x_wconf 74' lang='grc' dir='ltr'><strong><em>ρονομησουσιν</em></strong></span> <span class='ocrx_word' id='word_1_346' title='bbox 381 2571 466 2654; x_wconf 77' lang='grc' dir='ltr'><strong><em>ὑμᾶς,</em></strong></span> <span class='ocrx_word' id='word_1_347' title='bbox 483 2576 533 2637; x_wconf 84' lang='grc' dir='ltr'><strong><em>καί</em></strong></span> <span class='ocrx_word' id='word_1_348' title='bbox 545 2576 646 2637; x_wconf 79' lang='grc' dir='ltr'><strong><em>ἔσεσθε</em></strong></span> <span class='ocrx_word' id='word_1_349' title='bbox 659 2571 764 2648; x_wconf 81' lang='grc' dir='ltr'><strong><em>αὐτοῖς</em></strong></span> <span class='ocrx_word' id='word_1_350' title='bbox 801 2570 891 2639; x_wconf 88' lang='grc' dir='ltr'><strong><em>δώσω</em></strong></span> <span class='ocrx_word' id='word_1_351' title='bbox 904 2577 936 2637; x_wconf 84' lang='grc' dir='ltr'><strong><em>ἐν</em></strong></span> <span class='ocrx_word' id='word_1_352' title='bbox 949 2570 1026 2654; x_wconf 79' lang='grc' dir='ltr'><strong><em>ὑμῖν,</em></strong></span> <span class='ocrx_word' id='word_1_353' title='bbox 1040 2572 1089 2635; x_wconf 85' lang='grc' dir='ltr'><strong><em>καί</em></strong></span> <span class='ocrx_word' id='word_1_354' title='bbox 1101 2569 1201 2650; x_wconf 80' lang='grc' dir='ltr'><strong><em>ἀφελῶ</em></strong></span> <span class='ocrx_word' id='word_1_355' title='bbox 1212 2593 1267 2671; x_wconf 80' lang='grc' dir='ltr'><strong><em>την</em></strong></span> <span class='ocrx_word' id='word_1_356' title='bbox 1278 2574 1418 2655; x_wconf 84' lang='grc' dir='ltr'><strong><em>καρδίαν</em></strong></span> 
     </span>
     <span class='ocr_line' id='line_1_30' title="bbox 154 2650 1417 2761; baseline 0 -40"><span class='ocrx_word' id='word_1_357' title='bbox 154 2662 193 2730; x_wconf 82' lang='grc' dir='ltr'><strong><em>είς</em></strong></span> <span class='ocrx_word' id='word_1_358' title='bbox 206 2652 386 2738; x_wconf 79' lang='grc' dir='ltr'><strong><em>κατάσχεσιν.</em></strong></span> <span class='ocrx_word' id='word_1_359' title='bbox 414 2657 465 2718; x_wconf 84' lang='grc' dir='ltr'><strong><em>καί</em></strong></span> <span class='ocrx_word' id='word_1_360' title='bbox 479 2655 516 2721; x_wconf 80' lang='grc' dir='ltr'><strong><em>οὐ</em></strong></span> <span class='ocrx_word' id='word_1_361' title='bbox 527 2655 567 2739; x_wconf 82' lang='grc' dir='ltr'><strong><em>μη</em></strong></span> <span class='ocrx_word' id='word_1_362' title='bbox 581 2661 763 2761; x_wconf 71' lang='grc' dir='ltr'><strong><em>προςτεθητε</em></strong></span> <span class='ocrx_word' id='word_1_363' title='bbox 800 2655 853 2740; x_wconf 74' lang='grc' dir='ltr'><strong><em>τέην</em></strong></span> <span class='ocrx_word' id='word_1_364' title='bbox 865 2657 984 2741; x_wconf 87' lang='grc' dir='ltr'><strong><em>λιθίνην</em></strong></span> <span class='ocrx_word' id='word_1_365' title='bbox 999 2659 1031 2720; x_wconf 86' lang='grc' dir='ltr'><strong><em>ἐκ</em></strong></span> <span class='ocrx_word' id='word_1_366' title='bbox 1045 2658 1097 2737; x_wconf 76' lang='grc' dir='ltr'><strong><em>της</em></strong></span> <span class='ocrx_word' id='word_1_367' title='bbox 1109 2650 1215 2737; x_wconf 89' lang='grc' dir='ltr'><strong><em>σαρκὸς</em></strong></span> <span class='ocrx_word' id='word_1_368' title='bbox 1228 2657 1329 2734; x_wconf 88' lang='grc' dir='ltr'><strong><em>υμῶν,</em></strong></span> <span class='ocrx_word' id='word_1_369' title='bbox 1357 2660 1417 2721; x_wconf 83' lang='grc' dir='ltr'><strong><em>καί</em></strong></span> 
     </span>
     <span class='ocr_line' id='line_1_31' title="bbox 154 2736 1416 2824; baseline 0.001 -20"><span class='ocrx_word' id='word_1_370' title='bbox 154 2745 197 2804; x_wconf 81' lang='grc' dir='ltr'><strong><em>ἔτι</em></strong></span> <span class='ocrx_word' id='word_1_371' title='bbox 216 2738 423 2820; x_wconf 78' lang='grc' dir='ltr'><strong><em>ἀτεκνωθῆναι</em></strong></span> <span class='ocrx_word' id='word_1_372' title='bbox 439 2738 491 2802; x_wconf 80' lang='grc' dir='ltr'><strong><em>ἀπ’</em></strong></span> <span class='ocrx_word' id='word_1_373' title='bbox 512 2739 622 2803; x_wconf 77' lang='grc' dir='ltr'><strong><em>αὐτῶν.</em></strong></span> <span class='ocrx_word' id='word_1_374' title='bbox 653 2741 679 2781; x_wconf 85' lang='lat'><strong><em>¹³</em></strong></span> <span class='ocrx_word' id='word_1_375' title='bbox 693 2742 763 2803; x_wconf 89' lang='grc' dir='ltr'><strong><em>ταδε</em></strong></span> <span class='ocrx_word' id='word_1_376' title='bbox 801 2736 891 2805; x_wconf 90' lang='grc' dir='ltr'><strong><em>δώσω</em></strong></span> <span class='ocrx_word' id='word_1_377' title='bbox 903 2736 971 2822; x_wconf 78' lang='grc' dir='ltr'><strong><em>ὑμῖν</em></strong></span> <span class='ocrx_word' id='word_1_378' title='bbox 983 2738 1105 2824; x_wconf 86' lang='grc' dir='ltr'><strong><em>καρδίαν</em></strong></span> <span class='ocrx_word' id='word_1_379' title='bbox 1115 2741 1261 2822; x_wconf 86' lang='grc' dir='ltr'><strong><em>σαρκίνην.</em></strong></span> <span class='ocrx_word' id='word_1_380' title='bbox 1274 2738 1304 2780; x_wconf 75' lang='grc'><strong><em>22</em></strong></span> <span class='ocrx_word' id='word_1_381' title='bbox 1314 2742 1371 2805; x_wconf 81' lang='grc' dir='ltr'><strong><em>καλ</em></strong></span> <span class='ocrx_word' id='word_1_382' title='bbox 1379 2738 1416 2804; x_wconf 84' lang='grc' dir='ltr'><strong><em>τὸ</em></strong></span> 
     </span>
     <span class='ocr_line' id='line_1_32' title="bbox 153 2815 1414 2907; baseline 0.001 -22"><span class='ocrx_word' id='word_1_383' title='bbox 153 2824 228 2898; x_wconf 80' lang='grc' dir='ltr'><strong><em>λέγει</em></strong></span> <span class='ocrx_word' id='word_1_384' title='bbox 241 2818 341 2904; x_wconf 84' lang='grc' dir='ltr'><strong><em>κύριος</em></strong></span> <span class='ocrx_word' id='word_1_385' title='bbox 355 2818 463 2903; x_wconf 80' lang='grc' dir='ltr'><strong><em>κύριος.</em></strong></span> <span class='ocrx_word' id='word_1_386' title='bbox 478 2820 542 2886; x_wconf 78' lang='grc' dir='ltr'><strong><em>ἀνθ’</em></strong></span> <span class='ocrx_word' id='word_1_387' title='bbox 556 2815 599 2885; x_wconf 80' lang='grc' dir='ltr'><strong><em>ὧν</em></strong></span> <span class='ocrx_word' id='word_1_388' title='bbox 611 2818 762 2899; x_wconf 81' lang='grc' dir='ltr'><strong><em>εἶπάνσοι,</em></strong></span> <span class='ocrx_word' id='word_1_389' title='bbox 801 2823 915 2905; x_wconf 83' lang='grc' dir='ltr'><strong><em>πνεῦμά</em></strong></span> <span class='ocrx_word' id='word_1_390' title='bbox 928 2850 986 2903; x_wconf 93' lang='grc' dir='ltr'><strong><em>μου</em></strong></span> <span class='ocrx_word' id='word_1_391' title='bbox 999 2820 1128 2888; x_wconf 75' lang='grc' dir='ltr'><strong><em>δώσῶέν</em></strong></span> <span class='ocrx_word' id='word_1_392' title='bbox 1139 2816 1213 2903; x_wconf 80' lang='grc' dir='ltr'><strong><em>ὀμῖν,</em></strong></span> <span class='ocrx_word' id='word_1_393' title='bbox 1225 2822 1278 2885; x_wconf 84' lang='grc' dir='ltr'><strong><em>καλ</em></strong></span> <span class='ocrx_word' id='word_1_394' title='bbox 1289 2820 1414 2907; x_wconf 72' lang='grc' dir='ltr'><strong><em>ποιησαι</em></strong></span> 
     </span>
     <span class='ocr_line' id='line_1_33' title="bbox 152 2900 1411 2991; baseline 0.001 -22"><span class='ocrx_word' id='word_1_395' title='bbox 152 2907 346 2970; x_wconf 83' lang='grc' dir='ltr'><strong><em>κατέσθσυσα</em></strong></span> <span class='ocrx_word' id='word_1_396' title='bbox 363 2900 547 2986; x_wconf 83' lang='grc' dir='ltr'><strong><em>ἀνθρώπους</em></strong></span> <span class='ocrx_word' id='word_1_397' title='bbox 565 2904 607 2981; x_wconf 77' lang='grc' dir='ltr'><strong><em>εί,</em></strong></span> <span class='ocrx_word' id='word_1_398' title='bbox 631 2909 682 2969; x_wconf 84' lang='grc' dir='ltr'><strong><em>καί</em></strong></span> <span class='ocrx_word' id='word_1_399' title='bbox 695 2904 762 2990; x_wconf 73' lang='grc' dir='ltr'><strong><em>ἦτε-</em></strong></span> <span class='ocrx_word' id='word_1_400' title='bbox 799 2912 851 2972; x_wconf 85' lang='grc' dir='ltr'><strong><em>ἵνα</em></strong></span> <span class='ocrx_word' id='word_1_401' title='bbox 861 2911 891 2972; x_wconf 83' lang='grc' dir='ltr'><strong><em>ὲν</em></strong></span> <span class='ocrx_word' id='word_1_402' title='bbox 902 2920 965 2981; x_wconf 83' lang='grc' dir='ltr'><strong><em>τοῖς</em></strong></span> <span class='ocrx_word' id='word_1_403' title='bbox 974 2902 1154 2987; x_wconf 90' lang='grc' dir='ltr'><strong><em>δικαιώμασί</em></strong></span> <span class='ocrx_word' id='word_1_404' title='bbox 1160 2931 1220 2987; x_wconf 90' lang='grc' dir='ltr'><strong><em>μου</em></strong></span> <span class='ocrx_word' id='word_1_405' title='bbox 1228 2904 1411 2991; x_wconf 81' lang='grc' dir='ltr'><strong><em>πορεύησθε,</em></strong></span> 
     </span>
     <span class='ocr_line' id='line_1_34' title="bbox 152 2983 1413 3074; baseline 0.001 -22"><span class='ocrx_word' id='word_1_406' title='bbox 152 2991 283 3070; x_wconf 89' lang='grc' dir='ltr'><strong><em>κνωμένη</em></strong></span> <span class='ocrx_word' id='word_1_407' title='bbox 300 2983 363 3053; x_wconf 79' lang='grc' dir='ltr'><strong><em>ἀπὸ</em></strong></span> <span class='ocrx_word' id='word_1_408' title='bbox 383 2992 441 3052; x_wconf 82' lang='grc' dir='ltr'><strong><em>τοῦ</em></strong></span> <span class='ocrx_word' id='word_1_409' title='bbox 454 2990 561 3062; x_wconf 79' lang='grc' dir='ltr'><strong><em>ἔθνους</em></strong></span> <span class='ocrx_word' id='word_1_410' title='bbox 579 3014 634 3053; x_wconf 90' lang='grc' dir='ltr'><strong><em>σου</em></strong></span> <span class='ocrx_word' id='word_1_411' title='bbox 648 2992 761 3066; x_wconf 82' lang='grc' dir='ltr'><strong><em>ἐγένου.</em></strong></span> <span class='ocrx_word' id='word_1_412' title='bbox 800 2993 851 3054; x_wconf 84' lang='grc' dir='ltr'><strong><em>καὶ</em></strong></span> <span class='ocrx_word' id='word_1_413' title='bbox 864 2988 904 3055; x_wconf 87' lang='grc' dir='ltr'><strong><em>τά</em></strong></span> <span class='ocrx_word' id='word_1_414' title='bbox 921 2984 1051 3074; x_wconf 85' lang='grc' dir='ltr'><strong><em>κρίματά</em></strong></span> <span class='ocrx_word' id='word_1_415' title='bbox 1068 3015 1128 3069; x_wconf 93' lang='grc' dir='ltr'><strong><em>μου</em></strong></span> <span class='ocrx_word' id='word_1_416' title='bbox 1148 2984 1338 3071; x_wconf 78' lang='grc' dir='ltr'><strong><em>φυλάξησθε,</em></strong></span> <span class='ocrx_word' id='word_1_417' title='bbox 1363 2991 1413 3055; x_wconf 83' lang='grc' dir='ltr'><strong><em>καί</em></strong></span> 
     </span>
     <span class='ocr_line' id='line_1_35' title="bbox 153 3067 1413 3157; baseline 0.002 -23"><span class='ocrx_word' id='word_1_418' title='bbox 153 3070 238 3134; x_wconf 77' lang='grc' dir='ltr'><strong>22διά</strong></span> <span class='ocrx_word' id='word_1_419' title='bbox 251 3076 344 3134; x_wconf 79' lang='grc' dir='ltr'><strong><em>τοῦτο</em></strong></span> <span class='ocrx_word' id='word_1_420' title='bbox 359 3068 542 3154; x_wconf 87' lang='grc' dir='ltr'><strong><em>ἀνθρώπους</em></strong></span> <span class='ocrx_word' id='word_1_421' title='bbox 556 3071 656 3135; x_wconf 81' lang='grc' dir='ltr'><strong><em>οὐκέτι</em></strong></span> <span class='ocrx_word' id='word_1_422' title='bbox 670 3070 763 3150; x_wconf 85' lang='grc' dir='ltr'><strong><em>φάγε-</em></strong></span> <span class='ocrx_word' id='word_1_423' title='bbox 800 3069 953 3157; x_wconf 65' lang='grc' dir='ltr'><strong><em>ποιήσητε.</em></strong></span> <span class='ocrx_word' id='word_1_424' title='bbox 985 3074 1015 3115; x_wconf 86' lang='lat'><strong><em>²⁸</em></strong></span> <span class='ocrx_word' id='word_1_425' title='bbox 1029 3074 1081 3135; x_wconf 82' lang='grc' dir='ltr'><strong><em>καί</em></strong></span> <span class='ocrx_word' id='word_1_426' title='bbox 1093 3067 1287 3154; x_wconf 81' lang='grc' dir='ltr'><strong><em>κατοικήσετε</em></strong></span> <span class='ocrx_word' id='word_1_427' title='bbox 1300 3075 1352 3139; x_wconf 84' lang='grc' dir='ltr'><strong><em>ἐντί</em></strong></span> <span class='ocrx_word' id='word_1_428' title='bbox 1362 3078 1413 3156; x_wconf 75' lang='grc' dir='ltr'><strong><em>τῆς</em></strong></span> 
     </span>
     <span class='ocr_line' id='line_1_36' title="bbox 153 3148 1413 3240; baseline 0 -23"><span class='ocrx_word' id='word_1_429' title='bbox 153 3179 213 3225; x_wconf 92' lang='grc' dir='ltr'><strong><em>σαι,</em></strong></span> <span class='ocrx_word' id='word_1_430' title='bbox 231 3156 284 3215; x_wconf 81' lang='grc' dir='ltr'><strong><em>καί</em></strong></span> <span class='ocrx_word' id='word_1_431' title='bbox 296 3152 332 3216; x_wconf 92' lang='grc' dir='ltr'><strong><em>τό</em></strong></span> <span class='ocrx_word' id='word_1_432' title='bbox 347 3157 438 3226; x_wconf 78' lang='grc' dir='ltr'><strong><em>ε’·’θνος</em></strong></span> <span class='ocrx_word' id='word_1_433' title='bbox 452 3180 506 3218; x_wconf 90' lang='grc' dir='ltr'><strong><em>σου</em></strong></span> <span class='ocrx_word' id='word_1_434' title='bbox 520 3152 576 3218; x_wconf 88' lang='grc' dir='ltr'><strong><em>οόκ</em></strong></span> <span class='ocrx_word' id='word_1_435' title='bbox 587 3151 762 3231; x_wconf 87' lang='grc' dir='ltr'><strong><em>ἀτεκνώσεις</em></strong></span> <span class='ocrx_word' id='word_1_436' title='bbox 799 3161 852 3240; x_wconf 78' lang='grc' dir='ltr'><strong><em>γης</em></strong></span> <span class='ocrx_word' id='word_1_437' title='bbox 866 3148 899 3239; x_wconf 77' lang='grc' dir='ltr'><strong><em>ἧς</em></strong></span> <span class='ocrx_word' id='word_1_438' title='bbox 912 3157 1010 3220; x_wconf 83' lang='grc' dir='ltr'><strong><em>ἑδωκα</em></strong></span> <span class='ocrx_word' id='word_1_439' title='bbox 1022 3166 1086 3230; x_wconf 82' lang='grc' dir='ltr'><strong><em>τοῖς</em></strong></span> <span class='ocrx_word' id='word_1_440' title='bbox 1094 3151 1249 3240; x_wconf 80' lang='grc' dir='ltr'><strong><em>πατράσιν</em></strong></span> <span class='ocrx_word' id='word_1_441' title='bbox 1257 3152 1355 3238; x_wconf 74' lang='grc' dir='ltr'><strong><em>ὑμῶν,</em></strong></span> <span class='ocrx_word' id='word_1_442' title='bbox 1363 3157 1413 3221; x_wconf 86' lang='grc' dir='ltr'><strong><em>καί</em></strong></span> 
     </span>
     <span class='ocr_line' id='line_1_37' title="bbox 152 3229 1412 3322; baseline 0.005 -23"><span class='ocrx_word' id='word_1_443' title='bbox 152 3240 211 3309; x_wconf 78' lang='grc' dir='ltr'><strong><em>ἔτι,</em></strong></span> <span class='ocrx_word' id='word_1_444' title='bbox 237 3233 315 3310; x_wconf 83' lang='grc' dir='ltr'><strong><em>λέγει</em></strong></span> <span class='ocrx_word' id='word_1_445' title='bbox 338 3229 437 3319; x_wconf 88' lang='grc' dir='ltr'><strong><em>κάριος</em></strong></span> <span class='ocrx_word' id='word_1_446' title='bbox 455 3233 563 3320; x_wconf 82' lang='grc' dir='ltr'><strong><em>κύριος.</em></strong></span> <span class='ocrx_word' id='word_1_447' title='bbox 595 3238 622 3278; x_wconf 88' lang='lat'><strong><em>¹⁵</em></strong></span> <span class='ocrx_word' id='word_1_448' title='bbox 636 3239 687 3301; x_wconf 85' lang='grc' dir='ltr'><strong><em>καί</em></strong></span> <span class='ocrx_word' id='word_1_449' title='bbox 706 3238 761 3303; x_wconf 78' lang='grc' dir='ltr'><strong><em>οὐκ</em></strong></span> <span class='ocrx_word' id='word_1_450' title='bbox 800 3243 903 3303; x_wconf 78' lang='grc' dir='ltr'><strong><em>ἔσεσθε</em></strong></span> <span class='ocrx_word' id='word_1_451' title='bbox 921 3263 972 3319; x_wconf 89' lang='grc' dir='ltr'><strong><em>μοι</em></strong></span> <span class='ocrx_word' id='word_1_452' title='bbox 991 3243 1029 3308; x_wconf 87' lang='grc' dir='ltr'><strong><em>είς</em></strong></span> <span class='ocrx_word' id='word_1_453' title='bbox 1048 3235 1140 3311; x_wconf 89' lang='grc' dir='ltr'><strong><em>λαόν,</em></strong></span> <span class='ocrx_word' id='word_1_454' title='bbox 1167 3239 1220 3300; x_wconf 86' lang='grc' dir='ltr'><strong><em>καί</em></strong></span> <span class='ocrx_word' id='word_1_455' title='bbox 1232 3237 1295 3315; x_wconf 83' lang='grc' dir='ltr'><strong><em>ἐγώ</em></strong></span> <span class='ocrx_word' id='word_1_456' title='bbox 1308 3241 1412 3322; x_wconf 78' lang='grc' dir='ltr'><strong><em>ἔσομαι</em></strong></span> 
     </span>
     <span class='ocr_line' id='line_1_38' title="bbox 151 3313 1412 3405; baseline 0.004 -23"><span class='ocrx_word' id='word_1_457' title='bbox 151 3313 377 3403; x_wconf 71' lang='grc' dir='ltr'><strong><em>ἀκουσθησεται</em></strong></span> <span class='ocrx_word' id='word_1_458' title='bbox 396 3318 496 3383; x_wconf 86' lang='grc' dir='ltr'><strong><em>οὐκέτι</em></strong></span> <span class='ocrx_word' id='word_1_459' title='bbox 509 3318 552 3399; x_wconf 82' lang='grc' dir='ltr'><strong><em>ἐφ’</em></strong></span> <span class='ocrx_word' id='word_1_460' title='bbox 571 3317 644 3401; x_wconf 78' lang='grc' dir='ltr'><strong><em>ὑμᾶς</em></strong></span> <span class='ocrx_word' id='word_1_461' title='bbox 657 3319 761 3401; x_wconf 85' lang='grc' dir='ltr'><strong><em>ἀτιμία</em></strong></span> <span class='ocrx_word' id='word_1_462' title='bbox 799 3317 866 3401; x_wconf 75' lang='grc' dir='ltr'><strong><em>ὑμῖν</em></strong></span> <span class='ocrx_word' id='word_1_463' title='bbox 884 3325 921 3394; x_wconf 82' lang='grc' dir='ltr'><strong><em>είς</em></strong></span> <span class='ocrx_word' id='word_1_464' title='bbox 939 3315 1020 3382; x_wconf 88' lang='grc' dir='ltr'><strong><em>θεόν.</em></strong></span> <span class='ocrx_word' id='word_1_465' title='bbox 1055 3320 1087 3360; x_wconf 77' lang='grc'><strong><em>22</em></strong></span> <span class='ocrx_word' id='word_1_466' title='bbox 1099 3324 1151 3382; x_wconf 86' lang='grc' dir='ltr'><strong><em>καί</em></strong></span> <span class='ocrx_word' id='word_1_467' title='bbox 1168 3315 1264 3384; x_wconf 86' lang='grc' dir='ltr'><strong><em>σώσω</em></strong></span> <span class='ocrx_word' id='word_1_468' title='bbox 1286 3319 1366 3405; x_wconf 75' lang='grc' dir='ltr'><strong><em>ὑμᾶς</em></strong></span> <span class='ocrx_word' id='word_1_469' title='bbox 1382 3326 1412 3386; x_wconf 84' lang='grc' dir='ltr'><strong><em>ἐκ</em></strong></span> 
     </span>
     <span class='ocr_line' id='line_1_39' title="bbox 151 3399 1412 3491; baseline 0.003 -27"><span class='ocrx_word' id='word_1_470' title='bbox 151 3405 266 3478; x_wconf 85' lang='grc' dir='ltr'><strong><em>ἐθνῶν,</em></strong></span> <span class='ocrx_word' id='word_1_471' title='bbox 297 3405 348 3466; x_wconf 84' lang='grc' dir='ltr'><strong><em>καί</em></strong></span> <span class='ocrx_word' id='word_1_472' title='bbox 368 3400 547 3483; x_wconf 84' lang='grc' dir='ltr'><strong><em>ὀνειδισμοὺς</em></strong></span> <span class='ocrx_word' id='word_1_473' title='bbox 564 3401 646 3466; x_wconf 90' lang='grc' dir='ltr'><strong><em>λαῶν</em></strong></span> <span class='ocrx_word' id='word_1_474' title='bbox 665 3405 702 3469; x_wconf 86' lang='grc' dir='ltr'><strong><em>οὐ</em></strong></span> <span class='ocrx_word' id='word_1_475' title='bbox 720 3407 760 3491; x_wconf 78' lang='grc' dir='ltr'><strong><em>μίη</em></strong></span> <span class='ocrx_word' id='word_1_476' title='bbox 797 3406 903 3468; x_wconf 92' lang='grc' dir='ltr'><strong><em>πασῶν</em></strong></span> <span class='ocrx_word' id='word_1_477' title='bbox 929 3405 990 3466; x_wconf 86' lang='grc' dir='ltr'><strong><em>τῶν</em></strong></span> <span class='ocrx_word' id='word_1_478' title='bbox 1013 3399 1215 3486; x_wconf 85' lang='grc' dir='ltr'><strong><em>ἀκαθαρσιῶν</em></strong></span> <span class='ocrx_word' id='word_1_479' title='bbox 1237 3399 1340 3486; x_wconf 74' lang='grc' dir='ltr'><strong><em>ὑμῶν,</em></strong></span> <span class='ocrx_word' id='word_1_480' title='bbox 1364 3405 1412 3471; x_wconf 81' lang='grc' dir='ltr'><strong><em>καί</em></strong></span> 
     </span>
     <span class='ocr_line' id='line_1_40' title="bbox 151 3483 1412 3569; baseline 0.003 -20"><span class='ocrx_word' id='word_1_481' title='bbox 151 3487 319 3569; x_wconf 86' lang='grc' dir='ltr'><strong><em>ἀνενέγκητε</em></strong></span> <span class='ocrx_word' id='word_1_482' title='bbox 344 3487 401 3561; x_wconf 82' lang='grc' dir='ltr'><strong><em>ἔτι,</em></strong></span> <span class='ocrx_word' id='word_1_483' title='bbox 426 3485 502 3561; x_wconf 86' lang='grc' dir='ltr'><strong><em>λέγει</em></strong></span> <span class='ocrx_word' id='word_1_484' title='bbox 527 3483 629 3569; x_wconf 73' lang='grc' dir='ltr'><strong><em>κύριος</em></strong></span> <span class='ocrx_word' id='word_1_485' title='bbox 650 3486 759 3569; x_wconf 77' lang='grc' dir='ltr'><strong><em>κύριος.</em></strong></span> <span class='ocrx_word' id='word_1_486' title='bbox 798 3486 916 3551; x_wconf 85' lang='grc' dir='ltr'><strong><em>καλέσω</em></strong></span> <span class='ocrx_word' id='word_1_487' title='bbox 938 3483 994 3551; x_wconf 86' lang='grc' dir='ltr'><strong><em>τὸν</em></strong></span> <span class='ocrx_word' id='word_1_488' title='bbox 1016 3496 1115 3559; x_wconf 85' lang='grc' dir='ltr'><strong><em>σῖτον,</em></strong></span> <span class='ocrx_word' id='word_1_489' title='bbox 1142 3484 1174 3528; x_wconf 77' lang='lat'><strong><em>³⁰</em></strong></span> <span class='ocrx_word' id='word_1_490' title='bbox 1187 3488 1241 3549; x_wconf 81' lang='grc' dir='ltr'><strong><em>καί</em></strong></span> <span class='ocrx_word' id='word_1_491' title='bbox 1259 3486 1304 3552; x_wconf 89' lang='grc' dir='ltr'><strong><em>πλ</em></strong></span> <span class='ocrx_word' id='word_1_492' title='bbox 1399 3491 1412 3504; x_wconf 88' lang='grc'><strong>”</strong></span> 
     </span>
     <span class='ocr_line' id='line_1_41' title="bbox 151 3565 1410 3655; baseline 0.001 -23"><span class='ocrx_word' id='word_1_493' title='bbox 151 3570 178 3611; x_wconf 79' lang='lat'><strong><em>¹⁶</em></strong></span> <span class='ocrx_word' id='word_1_494' title='bbox 191 3572 242 3632; x_wconf 87' lang='grc' dir='ltr'><strong><em>καί</em></strong></span> <span class='ocrx_word' id='word_1_495' title='bbox 261 3572 376 3644; x_wconf 83' lang='grc' dir='ltr'><strong><em>ἐγένετο</em></strong></span> <span class='ocrx_word' id='word_1_496' title='bbox 397 3565 487 3645; x_wconf 89' lang='grc' dir='ltr'><strong><em>λόγος</em></strong></span> <span class='ocrx_word' id='word_1_497' title='bbox 503 3576 608 3655; x_wconf 87' lang='grc' dir='ltr'><strong><em>κυρίου</em></strong></span> <span class='ocrx_word' id='word_1_498' title='bbox 626 3567 702 3652; x_wconf 87' lang='grc' dir='ltr'><strong><em>πρὸς</em></strong></span> <span class='ocrx_word' id='word_1_499' title='bbox 714 3573 759 3652; x_wconf 82' lang='grc' dir='ltr'><strong><em>μὲ,</em></strong></span> <span class='ocrx_word' id='word_1_500' title='bbox 797 3566 908 3642; x_wconf 84' lang='grc' dir='ltr'><strong><em>αάτόν,</em></strong></span> <span class='ocrx_word' id='word_1_501' title='bbox 935 3570 986 3633; x_wconf 84' lang='grc' dir='ltr'><strong><em>καί</em></strong></span> <span class='ocrx_word' id='word_1_502' title='bbox 1004 3567 1041 3633; x_wconf 87' lang='grc' dir='ltr'><strong><em>οά</em></strong></span> <span class='ocrx_word' id='word_1_503' title='bbox 1057 3568 1146 3632; x_wconf 85' lang='grc' dir='ltr'><strong><em>δώσω</em></strong></span> <span class='ocrx_word' id='word_1_504' title='bbox 1159 3567 1203 3649; x_wconf 82' lang='grc' dir='ltr'><strong><em>ἐφ’</em></strong></span> <span class='ocrx_word' id='word_1_505' title='bbox 1221 3566 1301 3651; x_wconf 75' lang='grc' dir='ltr'><strong><em>ὑμᾶς</em></strong></span> <span class='ocrx_word' id='word_1_506' title='bbox 1345 3567 1410 3653; x_wconf 85' lang='grc' dir='ltr'><strong><em>μόν.</em></strong></span> 
     </span>
     <span class='ocr_line' id='line_1_42' title="bbox 149 3650 1411 3739; baseline 0.006 -28"><span class='ocrx_word' id='word_1_507' title='bbox 149 3650 252 3726; x_wconf 85' lang='grc' dir='ltr'><strong><em>λέγων.</em></strong></span> <span class='ocrx_word' id='word_1_508' title='bbox 266 3652 293 3692; x_wconf 84' lang='grc'><strong><em>22</em></strong></span> <span class='ocrx_word' id='word_1_509' title='bbox 299 3650 343 3712; x_wconf 82' lang='grc' dir='ltr'><strong><em>υίὲ</em></strong></span> <span class='ocrx_word' id='word_1_510' title='bbox 356 3650 535 3735; x_wconf 85' lang='grc' dir='ltr'><strong><em>ἀνθρώπου,</em></strong></span> <span class='ocrx_word' id='word_1_511' title='bbox 547 3650 631 3726; x_wconf 78' lang='grc' dir='ltr'><strong><em>οἶκος</em></strong></span> <span class='ocrx_word' id='word_1_512' title='bbox 640 3650 760 3739; x_wconf 75' lang='grc' dir='ltr'><strong><em>Ἰσραὴλ</em></strong></span> <span class='ocrx_word' id='word_1_513' title='bbox 796 3656 848 3717; x_wconf 86' lang='grc' dir='ltr'><strong><em>καί</em></strong></span> <span class='ocrx_word' id='word_1_514' title='bbox 866 3651 1018 3736; x_wconf 88' lang='grc' dir='ltr'><strong><em>πληθυνῶ</em></strong></span> <span class='ocrx_word' id='word_1_515' title='bbox 1040 3650 1094 3715; x_wconf 91' lang='grc' dir='ltr'><strong><em>τὸν</em></strong></span> <span class='ocrx_word' id='word_1_516' title='bbox 1107 3651 1226 3734; x_wconf 88' lang='grc' dir='ltr'><strong><em>καρπὸν</em></strong></span> <span class='ocrx_word' id='word_1_517' title='bbox 1239 3657 1295 3716; x_wconf 81' lang='grc' dir='ltr'><strong><em>τοῦ</em></strong></span> <span class='ocrx_word' id='word_1_518' title='bbox 1305 3650 1411 3729; x_wconf 75' lang='grc' dir='ltr'><strong><em>ξύλου,</em></strong></span> 
     </span>
     <span class='ocr_line' id='line_1_43' title="bbox 149 3727 1412 3819; baseline 0.006 -27"><span class='ocrx_word' id='word_1_519' title='bbox 149 3727 320 3813; x_wconf 81' lang='grc' dir='ltr'><strong><em>κατῴκησεν</em></strong></span> <span class='ocrx_word' id='word_1_520' title='bbox 346 3735 397 3797; x_wconf 82' lang='grc' dir='ltr'><strong><em>ἐπὶ</em></strong></span> <span class='ocrx_word' id='word_1_521' title='bbox 421 3738 475 3816; x_wconf 75' lang='grc' dir='ltr'><strong><em>τῆς</em></strong></span> <span class='ocrx_word' id='word_1_522' title='bbox 497 3740 550 3818; x_wconf 76' lang='grc' dir='ltr'><strong><em>γῆς</em></strong></span> <span class='ocrx_word' id='word_1_523' title='bbox 568 3733 683 3810; x_wconf 76' lang='grc' dir='ltr'><strong><em>αὐτῶν,</em></strong></span> <span class='ocrx_word' id='word_1_524' title='bbox 709 3741 759 3802; x_wconf 84' lang='grc' dir='ltr'><strong><em>καί</em></strong></span> <span class='ocrx_word' id='word_1_525' title='bbox 795 3739 846 3801; x_wconf 83' lang='grc' dir='ltr'><strong><em>καί</em></strong></span> <span class='ocrx_word' id='word_1_526' title='bbox 865 3735 905 3800; x_wconf 86' lang='grc' dir='ltr'><strong><em>τά</em></strong></span> <span class='ocrx_word' id='word_1_527' title='bbox 922 3729 1089 3818; x_wconf 71' lang='grc' dir='ltr'><strong><em>γεννῆματα</em></strong></span> <span class='ocrx_word' id='word_1_528' title='bbox 1111 3740 1166 3799; x_wconf 84' lang='grc' dir='ltr'><strong><em>τοῦ</em></strong></span> <span class='ocrx_word' id='word_1_529' title='bbox 1186 3732 1298 3819; x_wconf 84' lang='grc' dir='ltr'><strong><em>ἀγροῦ,</em></strong></span> <span class='ocrx_word' id='word_1_530' title='bbox 1326 3733 1412 3809; x_wconf 77' lang='grc' dir='ltr'><strong><em>ὅπως</em></strong></span> 
     </span>
     <span class='ocr_line' id='line_1_44' title="bbox 149 3813 1412 3906; baseline 0.008 -31"><span class='ocrx_word' id='word_1_531' title='bbox 149 3813 270 3892; x_wconf 78' lang='grc' dir='ltr'><strong><em>ἐμίαναν</em></strong></span> <span class='ocrx_word' id='word_1_532' title='bbox 280 3813 376 3896; x_wconf 72' lang='grc' dir='ltr'><strong><em>αὐτὴν</em></strong></span> <span class='ocrx_word' id='word_1_533' title='bbox 385 3820 417 3879; x_wconf 84' lang='grc' dir='ltr'><strong><em>ἐν</em></strong></span> <span class='ocrx_word' id='word_1_534' title='bbox 427 3822 465 3906; x_wconf 80' lang='grc' dir='ltr'><strong><em>τῇ</em></strong></span> <span class='ocrx_word' id='word_1_535' title='bbox 475 3814 538 3900; x_wconf 75' lang='grc' dir='ltr'><strong><em>ὀδῷ</em></strong></span> <span class='ocrx_word' id='word_1_536' title='bbox 549 3817 718 3893; x_wconf 62' lang='grc' dir='ltr'><strong><em>αὐτῶνκαὶ</em></strong></span> <span class='ocrx_word' id='word_1_537' title='bbox 727 3824 759 3883; x_wconf 81' lang='grc' dir='ltr'><strong><em>ἐν</em></strong></span> <span class='ocrx_word' id='word_1_538' title='bbox 795 3819 834 3883; x_wconf 83' lang='grc' dir='ltr'><strong><em>ἀν</em></strong></span> <span class='ocrx_word' id='word_1_539' title='bbox 846 3820 887 3902; x_wconf 71' lang='grc' dir='ltr'><strong><em>μὴ</em></strong></span> <span class='ocrx_word' id='word_1_540' title='bbox 900 3819 1009 3905; x_wconf 76' lang='grc' dir='ltr'><strong><em>λάβητε</em></strong></span> <span class='ocrx_word' id='word_1_541' title='bbox 1026 3816 1189 3899; x_wconf 86' lang='grc' dir='ltr'><strong><em>ὀνειδισμὸν</em></strong></span> <span class='ocrx_word' id='word_1_542' title='bbox 1203 3818 1292 3898; x_wconf 80' lang='grc' dir='ltr'><strong><em>λιμοῦ</em></strong></span> <span class='ocrx_word' id='word_1_543' title='bbox 1304 3822 1338 3883; x_wconf 83' lang='grc' dir='ltr'><strong><em>ἐν</em></strong></span> <span class='ocrx_word' id='word_1_544' title='bbox 1351 3832 1412 3893; x_wconf 79' lang='grc' dir='ltr'><strong><em>τοῖς</em></strong></span> 
     </span>
     <span class='ocr_line' id='line_1_45' title="bbox 147 3897 1413 3985; baseline 0.009 -31"><span class='ocrx_word' id='word_1_545' title='bbox 147 3904 213 3967; x_wconf 85' lang='grc' dir='ltr'><strong><em>τοῖς</em></strong></span> <span class='ocrx_word' id='word_1_546' title='bbox 226 3897 481 3975; x_wconf 83' lang='grc' dir='ltr'><strong><em>είδώλοιςαῦτῶν,</em></strong></span> <span class='ocrx_word' id='word_1_547' title='bbox 495 3905 546 3966; x_wconf 81' lang='grc' dir='ltr'><strong><em>καὶ</em></strong></span> <span class='ocrx_word' id='word_1_548' title='bbox 558 3905 590 3965; x_wconf 87' lang='grc' dir='ltr'><strong><em>ἐν</em></strong></span> <span class='ocrx_word' id='word_1_549' title='bbox 602 3915 668 3976; x_wconf 87' lang='grc' dir='ltr'><strong><em>ταῖς</em></strong></span> <span class='ocrx_word' id='word_1_550' title='bbox 682 3903 758 3966; x_wconf 88' lang='grc' dir='ltr'><strong><em>ἀκα-</em></strong></span> <span class='ocrx_word' id='word_1_551' title='bbox 796 3907 904 3966; x_wconf 76' lang='grc' dir='ltr'><strong><em>ἔθνεσι.</em></strong></span> <span class='ocrx_word' id='word_1_552' title='bbox 924 3904 951 3946; x_wconf 85' lang='lat'><strong><em>³¹</em></strong></span> <span class='ocrx_word' id='word_1_553' title='bbox 964 3904 1015 3965; x_wconf 82' lang='grc' dir='ltr'><strong><em>καί</em></strong></span> <span class='ocrx_word' id='word_1_554' title='bbox 1028 3897 1239 3985; x_wconf 73' lang='grc' dir='ltr'><strong><em>μνησθησεσθε</em></strong></span> <span class='ocrx_word' id='word_1_555' title='bbox 1252 3899 1310 3976; x_wconf 89' lang='grc' dir='ltr'><strong><em>τάς</em></strong></span> <span class='ocrx_word' id='word_1_556' title='bbox 1321 3899 1413 3976; x_wconf 84' lang='grc' dir='ltr'><strong><em>ὀδοός</em></strong></span> 
     </span>
     <span class='ocr_line' id='line_1_46' title="bbox 146 3979 1413 4070; baseline 0.01 -32"><span class='ocrx_word' id='word_1_557' title='bbox 146 3985 291 4061; x_wconf 87' lang='grc' dir='ltr'><strong><em>θαρσίαις</em></strong></span> <span class='ocrx_word' id='word_1_558' title='bbox 308 3979 423 4057; x_wconf 78' lang='grc' dir='ltr'><strong><em>αὐτῶν,</em></strong></span> <span class='ocrx_word' id='word_1_559' title='bbox 448 3987 500 4046; x_wconf 83' lang='grc' dir='ltr'><strong><em>καὶ</em></strong></span> <span class='ocrx_word' id='word_1_560' title='bbox 515 3983 594 4047; x_wconf 86' lang='grc' dir='ltr'><strong><em>κατά</em></strong></span> <span class='ocrx_word' id='word_1_561' title='bbox 610 3982 664 4067; x_wconf 74' lang='grc' dir='ltr'><strong><em>την</em></strong></span> <span class='ocrx_word' id='word_1_562' title='bbox 681 3984 758 4049; x_wconf 90' lang='grc' dir='ltr'><strong><em>ἀκα-</em></strong></span> <span class='ocrx_word' id='word_1_563' title='bbox 796 3983 881 4067; x_wconf 77' lang='grc' dir='ltr'><strong><em>ὑμῶν</em></strong></span> <span class='ocrx_word' id='word_1_564' title='bbox 894 3983 948 4060; x_wconf 82' lang='grc' dir='ltr'><strong><em>τὰς</em></strong></span> <span class='ocrx_word' id='word_1_565' title='bbox 960 3985 1112 4070; x_wconf 83' lang='grc' dir='ltr'><strong><em>πονηρὰς,</em></strong></span> <span class='ocrx_word' id='word_1_566' title='bbox 1138 3983 1242 4047; x_wconf 81' lang='grc' dir='ltr'><strong><em>καὶτὰ</em></strong></span> <span class='ocrx_word' id='word_1_567' title='bbox 1256 3982 1413 4069; x_wconf 74' lang='grc' dir='ltr'><strong><em>ἐπιτηδεί-</em></strong></span> 
     </span>
     <span class='ocr_line' id='line_1_47' title="bbox 146 4063 1413 4152; baseline 0.008 -28"><span class='ocrx_word' id='word_1_568' title='bbox 146 4067 281 4140; x_wconf 89' lang='grc' dir='ltr'><strong><em>θαρσίαν</em></strong></span> <span class='ocrx_word' id='word_1_569' title='bbox 291 4064 343 4141; x_wconf 79' lang='grc' dir='ltr'><strong><em>τῆς</em></strong></span> <span class='ocrx_word' id='word_1_570' title='bbox 355 4063 589 4149; x_wconf 86' lang='grc' dir='ltr'><strong><em>ἀποκαθημένης</em></strong></span> <span class='ocrx_word' id='word_1_571' title='bbox 603 4064 757 4152; x_wconf 71' lang='grc' dir='ltr'><strong><em>ε’γενηθηέη</em></strong></span> <span class='ocrx_word' id='word_1_572' title='bbox 794 4093 878 4150; x_wconf 88' lang='grc' dir='ltr'><strong><em>ματα</em></strong></span> <span class='ocrx_word' id='word_1_573' title='bbox 895 4065 982 4149; x_wconf 73' lang='grc' dir='ltr'><strong><em>ὑμῶν</em></strong></span> <span class='ocrx_word' id='word_1_574' title='bbox 998 4069 1039 4132; x_wconf 90' lang='grc' dir='ltr'><strong><em>τά</em></strong></span> <span class='ocrx_word' id='word_1_575' title='bbox 1050 4067 1091 4152; x_wconf 80' lang='grc' dir='ltr'><strong><em>μη</em></strong></span> <span class='ocrx_word' id='word_1_576' title='bbox 1105 4066 1226 4143; x_wconf 89' lang='grc' dir='ltr'><strong><em>ἀγαθά,</em></strong></span> <span class='ocrx_word' id='word_1_577' title='bbox 1252 4070 1306 4131; x_wconf 80' lang='grc' dir='ltr'><strong><em>καί</em></strong></span> <span class='ocrx_word' id='word_1_578' title='bbox 1319 4094 1413 4152; x_wconf 87' lang='grc' dir='ltr'><strong><em>προς-</em></strong></span> 
     </span>
     <span class='ocr_line' id='line_1_48' title="bbox 148 4138 1413 4236; baseline -0.002 -18"><span class='ocrx_word' id='word_1_579' title='bbox 148 4138 219 4218; x_wconf 72' lang='grc' dir='ltr'><strong><em>ὄδός</em></strong></span> <span class='ocrx_word' id='word_1_580' title='bbox 232 4141 333 4209; x_wconf 80' lang='grc' dir='ltr'><strong><em>αὐτῶν</em></strong></span> <span class='ocrx_word' id='word_1_581' title='bbox 345 4146 407 4226; x_wconf 87' lang='grc' dir='ltr'><strong><em>πρὸ</em></strong></span> <span class='ocrx_word' id='word_1_582' title='bbox 419 4146 583 4231; x_wconf 89' lang='grc' dir='ltr'><strong><em>προςώπσυ</em></strong></span> <span class='ocrx_word' id='word_1_583' title='bbox 592 4176 659 4231; x_wconf 90' lang='grc' dir='ltr'><strong><em>μου.</em></strong></span> <span class='ocrx_word' id='word_1_584' title='bbox 673 4152 759 4216; x_wconf 70' lang='grc' dir='ltr'><strong><em>22καί</em></strong></span> <span class='ocrx_word' id='word_1_585' title='bbox 796 4161 925 4236; x_wconf 84' lang='grc' dir='ltr'><strong><em>οχθιείτε</em></strong></span> <span class='ocrx_word' id='word_1_586' title='bbox 956 4151 1037 4215; x_wconf 83' lang='grc' dir='ltr'><strong><em>κατὰ</em></strong></span> <span class='ocrx_word' id='word_1_587' title='bbox 1062 4145 1223 4235; x_wconf 86' lang='grc' dir='ltr'><strong><em>πρόςωπον</em></strong></span> <span class='ocrx_word' id='word_1_588' title='bbox 1250 4148 1358 4216; x_wconf 81' lang='grc' dir='ltr'><strong><em>αὐτῶν</em></strong></span> <span class='ocrx_word' id='word_1_589' title='bbox 1383 4154 1413 4215; x_wconf 82' lang='grc' dir='ltr'><strong><em>ἐν</em></strong></span> 
     </span>
     <span class='ocr_line' id='line_1_49' title="bbox 146 4224 1413 4320; baseline 0.006 -30"><span class='ocrx_word' id='word_1_590' title='bbox 146 4228 246 4310; x_wconf 81' lang='grc' dir='ltr'><strong><em>ἐξέχεα</em></strong></span> <span class='ocrx_word' id='word_1_591' title='bbox 270 4224 327 4291; x_wconf 88' lang='grc' dir='ltr'><strong><em>τὸν</em></strong></span> <span class='ocrx_word' id='word_1_592' title='bbox 351 4226 455 4309; x_wconf 89' lang='grc' dir='ltr'><strong><em>θυμόν</em></strong></span> <span class='ocrx_word' id='word_1_593' title='bbox 479 4257 538 4312; x_wconf 91' lang='grc' dir='ltr'><strong><em>μου</em></strong></span> <span class='ocrx_word' id='word_1_594' title='bbox 564 4232 609 4296; x_wconf 83' lang='grc' dir='ltr'><strong><em>ἐπ’</em></strong></span> <span class='ocrx_word' id='word_1_595' title='bbox 635 4232 758 4310; x_wconf 78' lang='grc' dir='ltr'><strong><em>αὐτοὺς,</em></strong></span> <span class='ocrx_word' id='word_1_596' title='bbox 796 4248 861 4310; x_wconf 81' lang='grc' dir='ltr'><strong><em>ταῖς</em></strong></span> <span class='ocrx_word' id='word_1_597' title='bbox 874 4235 1010 4315; x_wconf 88' lang='grc' dir='ltr'><strong><em>ἀνομίαις</em></strong></span> <span class='ocrx_word' id='word_1_598' title='bbox 1023 4229 1121 4316; x_wconf 78' lang='grc' dir='ltr'><strong><em>ὑμῶν,</em></strong></span> <span class='ocrx_word' id='word_1_599' title='bbox 1140 4234 1190 4296; x_wconf 79' lang='grc' dir='ltr'><strong><em>καί</em></strong></span> <span class='ocrx_word' id='word_1_600' title='bbox 1203 4235 1413 4320; x_wconf 73' lang='grc' dir='ltr'><strong><em>ἐπίτοΐςβδε-</em></strong></span> 
     </span>
     <span class='ocr_line' id='line_1_50' title="bbox 147 4308 1411 4401; baseline 0.006 -28"><span class='ocrx_word' id='word_1_601' title='bbox 147 4311 174 4350; x_wconf 84' lang='lat'><strong><em>¹⁹</em></strong></span> <span class='ocrx_word' id='word_1_602' title='bbox 188 4312 241 4373; x_wconf 82' lang='grc' dir='ltr'><strong><em>καί</em></strong></span> <span class='ocrx_word' id='word_1_603' title='bbox 258 4308 408 4392; x_wconf 88' lang='grc' dir='ltr'><strong><em>διέσπειρα</em></strong></span> <span class='ocrx_word' id='word_1_604' title='bbox 428 4310 540 4386; x_wconf 81' lang='grc' dir='ltr'><strong><em>αότοὺς</em></strong></span> <span class='ocrx_word' id='word_1_605' title='bbox 560 4319 599 4387; x_wconf 80' lang='grc' dir='ltr'><strong><em>είς</em></strong></span> <span class='ocrx_word' id='word_1_606' title='bbox 617 4317 759 4400; x_wconf 78' lang='grc' dir='ltr'><strong><em>τάἐθνη,</em></strong></span> <span class='ocrx_word' id='word_1_607' title='bbox 795 4317 944 4401; x_wconf 84' lang='grc' dir='ltr'><strong><em>λύγμασιν</em></strong></span> <span class='ocrx_word' id='word_1_608' title='bbox 963 4316 1076 4382; x_wconf 78' lang='grc' dir='ltr'><strong><em>αὐτῶν.</em></strong></span> <span class='ocrx_word' id='word_1_609' title='bbox 1105 4314 1186 4380; x_wconf 75' lang='grc' dir='ltr'><strong><em>32οά</em></strong></span> <span class='ocrx_word' id='word_1_610' title='bbox 1203 4314 1239 4380; x_wconf 81' lang='grc' dir='ltr'><strong><em>δι’</em></strong></span> <span class='ocrx_word' id='word_1_611' title='bbox 1253 4312 1332 4399; x_wconf 74' lang='grc' dir='ltr'><strong><em>ὑμᾶς</em></strong></span> <span class='ocrx_word' id='word_1_612' title='bbox 1352 4316 1411 4394; x_wconf 84' lang='grc' dir='ltr'><strong><em>ἐγώ</em></strong></span> 
     </span>
     <span class='ocr_line' id='line_1_51' title="bbox 146 4390 1412 4483; baseline 0.002 -20"><span class='ocrx_word' id='word_1_613' title='bbox 146 4393 197 4455; x_wconf 70' lang='grc' dir='ltr'><strong><em>καί</em></strong></span> <span class='ocrx_word' id='word_1_614' title='bbox 223 4393 367 4477; x_wconf 75' lang='grc' dir='ltr'><strong><em>ἒλίκμησα</em></strong></span> <span class='ocrx_word' id='word_1_615' title='bbox 393 4390 503 4466; x_wconf 67' lang='grc' dir='ltr'><em>αὐτοὺς</em></span> <span class='ocrx_word' id='word_1_616' title='bbox 520 4399 559 4468; x_wconf 64' lang='lat'><strong><em>‘¹3</em></strong></span> <span class='ocrx_word' id='word_1_617' title='bbox 577 4394 632 4470; x_wconf 67' lang='grc' dir='ltr'><strong><em>τὰς</em></strong></span> <span class='ocrx_word' id='word_1_618' title='bbox 649 4395 758 4483; x_wconf 80' lang='grc' dir='ltr'><strong><em>χώρας,</em></strong></span> <span class='ocrx_word' id='word_1_619' title='bbox 794 4407 891 4474; x_wconf 88' lang='grc' dir='ltr'><strong><em>ποιῶ,</em></strong></span> <span class='ocrx_word' id='word_1_620' title='bbox 918 4402 993 4476; x_wconf 80' lang='grc' dir='ltr'><strong><em>λέγει</em></strong></span> <span class='ocrx_word' id='word_1_621' title='bbox 1013 4398 1114 4482; x_wconf 74' lang='grc' dir='ltr'><strong><em>κύριος</em></strong></span> <span class='ocrx_word' id='word_1_622' title='bbox 1126 4394 1247 4481; x_wconf 71' lang='grc' dir='ltr'><strong><em>κύριος,</em></strong></span> <span class='ocrx_word' id='word_1_623' title='bbox 1272 4395 1412 4479; x_wconf 82' lang='grc' dir='ltr'><strong><em>γνωστόν</em></strong></span> 
     </span>
     <span class='ocr_line' id='line_1_52' title="bbox 145 4472 1412 4571; baseline 0.009 -35"><span class='ocrx_word' id='word_1_624' title='bbox 145 4475 223 4540; x_wconf 83' lang='grc' dir='ltr'><strong><em>κατίι</em></strong></span> <span class='ocrx_word' id='word_1_625' title='bbox 244 4474 297 4558; x_wconf 75' lang='grc' dir='ltr'><strong><em>την</em></strong></span> <span class='ocrx_word' id='word_1_626' title='bbox 317 4473 389 4542; x_wconf 87' lang='grc' dir='ltr'><strong><em>ὀδόν</em></strong></span> <span class='ocrx_word' id='word_1_627' title='bbox 404 4472 521 4551; x_wconf 79' lang='grc' dir='ltr'><strong><em>αὐτῶν,</em></strong></span> <span class='ocrx_word' id='word_1_628' title='bbox 549 4481 599 4542; x_wconf 83' lang='grc' dir='ltr'><strong><em>καί</em></strong></span> <span class='ocrx_word' id='word_1_629' title='bbox 613 4481 690 4546; x_wconf 86' lang='grc' dir='ltr'><strong><em>κατά</em></strong></span> <span class='ocrx_word' id='word_1_630' title='bbox 705 4483 758 4567; x_wconf 81' lang='grc' dir='ltr'><strong><em>την</em></strong></span> <span class='ocrx_word' id='word_1_631' title='bbox 793 4487 874 4551; x_wconf 82' lang='grc' dir='ltr'><strong><em>ἐστιν</em></strong></span> <span class='ocrx_word' id='word_1_632' title='bbox 887 4483 967 4568; x_wconf 78' lang='grc' dir='ltr'><strong><em>ὑμῖν.</em></strong></span> <span class='ocrx_word' id='word_1_633' title='bbox 986 4479 1164 4568; x_wconf 81' lang='grc' dir='ltr'><strong><em>αίσχάνθητε</em></strong></span> <span class='ocrx_word' id='word_1_634' title='bbox 1176 4483 1230 4547; x_wconf 85' lang='grc' dir='ltr'><strong><em>καί</em></strong></span> <span class='ocrx_word' id='word_1_635' title='bbox 1242 4482 1412 4571; x_wconf 84' lang='grc' dir='ltr'><strong><em>ἐυτράπητε</em></strong></span> 
     </span>
    </p>

    <p class='ocr_par' dir='ltr' id='par_1_3' title="bbox 1380 4573 1411 4633">
     <span class='ocr_line' id='line_1_53' title="bbox 1380 4573 1411 4633; baseline -0.065 0"><span class='ocrx_word' id='word_1_636' title='bbox 1380 4573 1411 4633; x_wconf 85' lang='grc' dir='ltr'><strong><em>ἐκ</em></strong></span> 
     </span>
    </p>
   </div>
   <div class='ocr_carea' id='block_1_3' title="bbox 0 0 1466 4972">
    <p class='ocr_par' dir='ltr' id='par_1_4' title="bbox 0 0 1466 4972">
     <span class='ocr_line' id='line_1_54' title="bbox 0 0 1466 4972; baseline 0 2"><span class='ocrx_word' id='word_1_637' title='bbox 0 0 1466 4972; x_wconf 95' lang='lat' dir='ltr'><strong><em> </em></strong></span> 
     </span>
    </p>
   </div>
  </div>
 </body>
</html>
