2924 4972
172 245 237 312 642
468 245 826 308 ΠΑΡΟΙΜΙΑΙ
865 236 1133 317 Κεφ.ε’.ς’.5.6.

172 362 223 452 ξης
236 361 351 422 έννσιαν
363 352 493 440 ἀγαθάν.
507 359 645 440 αἴσθησις
657 355 690 422 δὲ
702 361 779 459 ἴμῶν
793 338 888 429 ,ιθους
911 359 963 457 της
984 355 1094 419 ἑαυτοῦ
1104 398 1105 402 =
1115 353 1251 440 βιότητος
1273 357 1422 441 ἐξερρίφη,

173 441 291 528 χειλέων
304 439 471 505 ἐντέλλεταί
487 464 544 504 σοι.
582 440 649 522 3μη
662 463 782 522 προςεχε
811 440 863 502 καί
876 435 1017 503 ἀπωλετο
1031 435 1066 502 δέ
1084 433 1264 522 ἀφροσύνην.

176 519 277 628 φαύλη
299 527 424 601 γυναικί.
449 521 517 606 μέλι
538 519 597 606 γάρ
620 518 781 598 ἀποστάζει
821 573 826 581 .
1012 525 1085 584 ΚΕ
1098 524 1136 584 Φ.
1179 520 1219 596 ς’.

175 602 239 672 από
250 605 369 711 χειλέων
380 602 517 683 γυναικός
529 600 657 689 πόρνης,
675 601 782 691 ἢπρὸς
815 570 898 670 Υἱὲ
910 601 962 669 δάν
983 598 1111 694 έγγυηση
1133 603 1188 670 σόν
1204 604 1303 685 φίλον,
1320 631 1421 690 παρα-

174 714 279 774 καιρον
292 688 418 754 λιπαίνει
430 686 484 753 σὸν
498 682 647 773 φάρυγγα,
664 688 681 729 ⁴
696 684 782 753 ῦστε-
813 683 917 763 δούσας
929 687 984 769 σην
995 697 1077 771 χεῖρα
1091 691 1201 772 ἐχθρῷ.
1233 689 1249 729 ²
1261 690 1354 765 παγίς
1365 687 1419 773 γάρ

175 797 228 859 ραν
239 774 340 855 μέντοι
355 766 529 855 πικρότερον
541 770 631 854 χολῆς
644 766 781 855 εῦρησεις,
814 768 922 856 ίσχυρά
935 767 1023 854 ἀνδρί
1040 764 1079 834 τά
1098 772 1160 836 ἴδια
1171 769 1266 856 χείλη,
1292 773 1344 836 καῖ
1358 767 1420 835 ἀλί-

176 858 227 920 ιιαῖ
247 855 425 938 ἠκονημένον
442 852 559 934 μᾶλλον
575 859 722 938 μαχαίρας
738 854 782 918 δι-
814 877 915 919 σκεται
926 852 1047 936 χείλεσιν
1060 853 1138 917 ἰδίου
1151 850 1311 937 στόματος.
1326 855 1419 919 3ποίει

175 935 298 1020 στόμου.
325 939 339 980 ⁶
353 941 405 1021 τῆς
420 933 478 1016 γὰρ
491 934 662 1020 ἀφροσύνης
681 939 711 1001 σί
723 931 783 1001 πό-
816 934 859 1001 υίέ
873 931 895 1000 ἀ
907 930 965 1014 ε’γιύ
977 961 1026 1000 σοι
1039 935 1223 1020 έντελλομαι,
1236 939 1289 1001 καί
1308 933 1417 1013 σώζου.

175 1021 222 1095 δες
238 1015 404 1098 κατάγουσι
429 1018 500 1094 τοῦς
520 1021 686 1101 χρωμένους
703 1017 782 1111 αὐτῇ
817 1015 890 1094 ’ἰιεις
901 1016 961 1103 γάρ
974 1022 1013 1093 εἴς
1024 1029 1122 1104 χεῖρας
1131 1023 1231 1085 κακῷν
1243 1020 1294 1084 διά
1308 1016 1361 1085 σόν
1373 1026 1419 1101 φί-

176 1102 250 1187 μετά
264 1097 403 1167 θανάτου
416 1105 455 1177 εἴς
467 1099 521 1168 τὸν
533 1100 663 1204 ῷδηνπά
677 1101 709 1167 δὲ
723 1103 784 1187 ἴχνη
853 1127 877 1177 ν,
890 1104 957 1166 ἴσθι
968 1101 1009 1185 μὴ
1023 1097 1203 1184 ἐκλυόμενος,
1230 1098 1378 1187 παρόξυνε
1390 1103 1419 1167 δὲ

177 1184 269 1269 αῦτης
283 1183 340 1250 οῦκ
352 1185 500 1272 ε’ρείδεται.
513 1185 625 1260 6οδοῦς
636 1185 695 1272 γάρ
708 1186 784 1269 ζωῆς
814 1186 865 1249 καί
878 1183 930 1250 τόν
943 1183 1030 1266 φίλων
1042 1208 1097 1250 σου
1111 1180 1147 1250 δν
1160 1185 1336 1269 ένεγγυησω.
1359 1186 1418 1269 4μη
1460 1233 1462 1258 ,

175 1267 234 1334 οῦκ
246 1271 408 1354 ἐπέρχεται,
421 1268 568 1353 σφαλεραῖ
579 1267 612 1333 δὲ
624 1270 658 1332 αἴ
671 1269 785 1354 τροχιαί
814 1269 873 1351 δῷς
891 1262 985 1332 ύπνσν
1003 1279 1067 1342 σοῖς
1084 1266 1213 1372 ὄμμασι,
1237 1267 1311 1351 μηδὲ
1323 1273 1419 1335 ἐπινυ-

178 1351 281 1434 αῦτῖης,
299 1355 350 1417 καῖ
368 1350 425 1416 οῦκ
438 1350 606 1430 εύγνωστοι.
640 1353 717 1417 7νῦν
730 1337 784 1418 σῦν
814 1348 923 1443 στάξης
948 1362 1011 1426 σοῖς
1034 1350 1203 1436 βλεφαροις,
1240 1354 1318 1416 ὗῖνα
1346 1348 1419 1444 σιύζη

177 1432 221 1499 υἱὲ
234 1435 330 1501 άκουέ
340 1460 413 1518 μου,
438 1437 489 1500 καῖ
500 1432 540 1519 μη
554 1430 683 1521 ἀκύρους
694 1431 784 1518 ποιη-
814 1429 910 1518 ιῦςπερ
929 1433 1037 1519 δορκάς
1054 1436 1086 1498 έκ
1103 1432 1235 1520 βρόχων,
1260 1437 1313 1500 καὶ
1325 1432 1419 1518 εῦςπερ

176 1542 233 1592 σεις
246 1517 336 1600 ἐμούς
348 1513 464 1595 λόγους.
497 1518 641 1601 8μακρὰν
653 1524 784 1603 ποίησον
815 1515 916 1601 ὄρνεον
940 1519 972 1581 έκ
997 1519 1132 1594 παγίδος.
1166 1518 1242 1582 θῖθι
1267 1518 1345 1604 πρὸς
1369 1518 1420 1583 τὸν

177 1597 230 1664 ἀπ’
247 1596 340 1682 αῦτῆς
353 1597 407 1684 σην
420 1595 502 1666 ὁδόν.
527 1601 566 1684 μη
581 1606 697 1707 ἐγγίσης
708 1597 785 1686 πρὸς
813 1596 952 1685 μύρμηκα
964 1590 991 1685 ῷ
1005 1598 1121 1685 δκνηρὲ,
1140 1603 1190 1666 καὶ
1203 1597 1341 1683 ζήλωσον
1353 1600 1420 1666 ίδάν

177 1677 286 1765 θύραις
306 1684 396 1747 οἴκων
412 1683 524 1767 αὐτῆς,
550 1685 629 1749 9’ίυα
644 1674 685 1789 μή
704 1681 784 1778 πρόη
816 1681 869 1758 τάς
884 1678 973 1757 όδοῦς
998 1680 1110 1758 αῦτοῦ,
1136 1687 1187 1748 καί
1203 1688 1288 1761 γενοῦ
1311 1689 1418 1749 ἐκείνου

177 1763 281 1841 ἀλλοις
292 1761 370 1850 ζωην
384 1792 449 1842 σου,
462 1765 576 1834 καῖσὸν
587 1772 654 1854 βίον
667 1762 784 1849 ανελεύ-
814 1761 994 1850 σοφώτερος.
1022 1768 1138 1851 7ἐκείνῳ
1151 1765 1208 1851 γάρ
1220 1767 1419 1853 γεωργίσυμη

177 1873 270 1932 μοσιν.
303 1852 397 1916 10ἵνα
420 1849 460 1935 μὴ
486 1851 668 1936 πλησθῶσιν
693 1845 785 1916 ἀλλά·
816 1843 1016 1932 ὑπάρχοντος,
1040 1850 1113 1933 μηδὲ
1138 1848 1191 1915 τὸν
1213 1847 1421 1929 ἀναγκάζοντα

177 1957 254 2039 τριοι
267 1934 320 2033 σης
338 1928 454 2017 ἰσχύος,
479 1937 511 2000 ολ
529 1935 561 1999 δὲ
580 1939 629 2000 σοὶ
646 1929 734 2000 πόνοι
747 1936 785 2006 εἴς
815 1935 900 2016 έχων,
912 1932 985 2014 μηδὲ
1000 1928 1059 1997 ύπό
1072 1932 1217 2018 δεσπότην
1229 1931 1289 2010 εἴν,
1313 1936 1421 2000 8ἑτοι-

178 2040 277 2089 οικους
290 2014 457 2101 ἀλλοτρίων
469 2016 594 2082 ἔλθωσι.
633 2020 658 2060 ¹¹
671 2017 722 2081 καί
733 2041 784 2099 με-
813 2011 932 2098 μάζεται
944 2017 1055 2098 θέρους
1066 2015 1119 2101 την
1130 2013 1378 2103 τροφίην,πσλλη’ν
1390 2042 1421 2083 τε

176 2093 374 2191 ταμεληθηση
398 2098 443 2164 ἐπ’
470 2097 617 2184 ἐσχάτων,
644 2095 731 2184 ἡνίκα
746 2096 785 2163 ἀν
814 2102 899 2182 ἐντῷ
913 2095 1019 2203 ἀμητῷ
1036 2111 1165 2166 ποιεῖται
1177 2100 1232 2185 την
1243 2096 1419 2186 παράθεσιν.

176 2184 381 2266 κατατριβῷσι
411 2177 516 2269 σάρκες
551 2178 689 2264 σώματός
720 2207 785 2256 σου,
816 2178 1015 2266 ἢπορευθητι
1031 2182 1109 2269 πρὸς
1126 2183 1341 2267 τηνμελισσαν,
1368 2186 1420 2248 καί

178 2267 206 2306 ¹²
220 2265 271 2328 καλ
292 2268 379 2349 ἐρεῖς,
404 2270 470 2341 πῶς
493 2269 618 2348 ἐμίσησα
638 2265 784 2340 παιδείαν,
813 2258 895 2347 μάθε
908 2259 950 2341 ὦς
962 2264 1080 2352 ἐργάτις
1093 2265 1228 2351 ἐστί,την
1239 2291 1269 2331 τε
1280 2268 1421 2352 ἐργασίαν

176 2348 230 2413 καῖ
243 2347 378 2452 ἐλέγχους
394 2348 530 2424 ἐξέκλινεν
547 2345 566 2432 ἡ
584 2349 692 2432 καρδία
703 2373 767 2448 μου
771 2375 783 2427 ,·
814 2343 855 2423 ὥς
875 2347 980 2432 σεμνην
997 2362 1136 2416 ποιεῖται.
1172 2343 1208 2435 ἧς
1222 2345 1291 2426 τοῦς
1307 2345 1420 2423 πόνους

179 2430 274 2496 13σῦκ
291 2456 401 2534 ηκουον
417 2431 519 2516 φωνην
535 2429 728 2505 παιδεύοντος
749 2455 784 2515 με
814 2430 943 2516 βασιλεῖς
971 2433 1024 2498 καῖ
1054 2435 1169 2500 ἰδιῶται
1204 2432 1282 2516 πρὸς
1311 2428 1420 2511 ῦγίειαν

178 2517 230 2579 καὶ
242 2510 434 2598 διδασκοντός
445 2539 489 2598 με,
509 2512 580 2580 οῦδὲ
593 2514 784 2601 παρέβαλλον
814 2519 1044 2599 προςφέρονται.
1085 2514 1210 2602 ποθεινὴ
1223 2519 1258 2581 δέ
1269 2519 1332 2580 ἔστι
1344 2521 1421 2581 πᾶσι

118 2619 121 2626 ’
179 2598 215 2662 τὸ
233 2599 286 2673 οῦς
303 2623 369 2679 μου.
394 2597 424 2640 ¹⁴
437 2595 507 2681 παρ’
529 2595 630 2675 ὀλίγον
647 2593 785 2680 ἐγενόμην
815 2601 867 2662 καὶ
880 2600 1033 2675 ἐπίδοξος,
1059 2607 1112 2666 καί
1126 2626 1181 2686 περ
1194 2589 1270 2665 οῦσα
1284 2604 1320 2693 τῇ
1334 2596 1420 2688 ῥιύμη

178 2682 210 2746 ἐν
223 2684 314 2746 παντὶ
326 2683 420 2762 κακῷ,
434 2684 553 2761 ένμέσω
567 2682 722 2762 ἐκκλησίας
735 2683 786 2746 καῖ
816 2677 953 2766 ἀσθενὴς,
976 2682 1031 2767 την
1043 2680 1317 2768 σοφίαντιμησασα
1328 2688 1422 2767 προη·

179 2767 360 2863 ρυναγωγης.
397 2764 424 2864 ¹⁵
438 2770 502 2863 ητίνε
527 2747 623 2829 ῦδατα
642 2762 705 2830 ἀπό
725 2767 786 2828 σῷν
815 2773 885 2864 χθη.
912 2768 997 2840 9ἕως
1013 2772 1093 2842 τίνος
1109 2764 1215 2850 ὀκνηρέ
1232 2763 1402 2832 κατάκεισαι
1408 2796 1421 2841 ,-

178 2851 312 2970 ρργγεβων,
326 2847 378 2909 καί
390 2871 453 2952 απο
463 2851 525 2911 σῷν
537 2845 784 2949 φρράτωνπηγῆς.
816 2870 889 2911 ποτε
907 2845 938 2947 δέ
958 2851 990 2946 βξ
1005 2844 1113 2954 ὕπνου,
1122 2845 1288 2956 ἐγερθησης
1303 2852 1342 2952 ’10
1356 2846 1423 2913 ὀλί-

219 2955 258 3011 μη
280 2939 492 3011 υπερεκχεισθω
511 2957 559 2995 σοι
580 2930 675 2994 υδατα
687 2934 719 2994 ἐκ
732 2955 786 3014 της
814 2953 869 3006 γον
883 2951 936 3030 μεν
955 2953 1069 3002 υπνοις,
1097 2930 1200 3006 ολιγον
1221 2932 1255 2994 δε
1272 2942 1423 3015 καθησαι,

178 3015 232 3093 οης
243 3013 348 3092 πηγῆς,
363 3015 401 3084 είς
413 3009 445 3074 δέ
459 3009 512 3087 σάς
524 3013 665 3088 πλατείας
677 3014 786 3079 διαπο-
813 3034 914 3094 μικρον
926 3008 958 3074 δὲ
970 3007 1232 3086 νυστάζεις,ἀλίγον
1245 3012 1278 3075 δὲ
1290 3017 1424 3090 ἐναγκα-

178 3096 313 3177 ρευέσθω
322 3091 363 3156 τὰ
375 3093 415 3157 σὰ
430 3089 534 3159 ῦδατα.
547 3099 574 3139 ¹⁷
580 3100 658 3161 ἔστω
671 3122 718 3162 σοι
729 3089 786 3177 μό-
815 3093 879 3175 λίζη
891 3093 972 3177 χερσὶ
984 3087 1090 3176 στηθη.
1120 3097 1145 3135 ¹¹
1158 3091 1206 3157 εἴτ’
1223 3095 1421 3178 έμπαραγίνε-

178 3199 219 3257 νῳ
233 3170 422 3258 ὑπάρχοντα,
444 3178 496 3240 καί
512 3178 608 3261 μηδεὶς
627 3177 785 3266 ἀλλότριος
816 3165 869 3242 ταῖ
880 3201 925 3241 σοι
939 3171 1033 3260 δύςπερ
1050 3174 1140 3250 κακὸς
1159 3171 1319 3259 όδοιπόρος
1331 3173 1351 3260 ἡ
1365 3204 1424 3243 πε-

177 3262 347 3341 μετασχέτω
364 3282 419 3322 σοι.
470 3260 499 3303 ¹⁸
521 3256 539 3344 η
556 3257 636 3344 πηγη
657 3288 712 3327 σου
730 3263 785 3327 τοῦ
815 3265 880 3337 νία,
906 3261 957 3326 καὶ
970 3255 988 3342 ἦ
1002 3260 1094 3325 ένδεια
1107 3257 1201 3366 ῷςπερ
1215 3256 1334 3338 ἀγαθός
1348 3260 1424 3346 δρο-

180 3340 381 3417 ύδανοςέστω
396 3368 443 3408 σοι
458 3343 533 3418 ῦδία,
547 3347 597 3409 καί
611 3351 785 3430 συνευφραί-
816 3339 892 3426 μεύς.
937 3341 988 3408 ίάν
1006 3343 1039 3409 δὲ
1052 3341 1162 3419 ἀοκνος
1174 3370 1224 3437 ης,
1250 3339 1310 3428 ἥξει
1322 3339 1423 3428 ῷςπερ

179 3451 234 3491 νου
257 3422 329 3509 μετὰ
353 3428 490 3503 γυναικός
515 3432 568 3512 τῆς
590 3431 622 3493 ἔκ
648 3422 785 3512 νεότητός
816 3425 899 3511 πηγὴ
912 3423 930 3490 ό
944 3423 1134 3511 ἀμητόςσου.
1160 3423 1223 3510 ἡδὲ
1236 3429 1339 3503 ἔνδεια,
1365 3427 1425 3504 ὡς·

179 3535 244 3576 σου.
269 3510 298 3552 ¹⁹
312 3508 423 3590 έλαφος
435 3512 535 3591 φιλίας
547 3514 597 3576 καὶ
609 3513 710 3586 πῷλος
724 3515 785 3575 σῷν
816 3535 872 3595 περ
898 3511 991 3586 κακός
1017 3508 1142 3598 δρομεὺς
1171 3507 1421 3594 ἀπαυτομολησει.

179 3599 308 3676 χαρίτων
321 3589 460 3676 ἀμελείτω
473 3621 530 3670 σοι,
555 3591 573 3679 ἡ
587 3595 619 3660 δὲ
633 3597 693 3660 ἰδία
707 3590 785 3676 ηγεί-
817 3597 844 3635 ¹²
858 3591 1048 3742 ἀνηράφρων
1059 3597 1109 3660 καῖ
1119 3591 1293 3698 παράνομος
1312 3591 1422 3697 πορεύ-

179 3685 247 3740 σθω
258 3700 313 3740 σου
322 3678 373 3740 καί
382 3681 515 3743 συνέστω
522 3681 610 3743 σοιέν
618 3679 709 3743 παντί
719 3702 784 3740 και·
818 3699 881 3741 εται
895 3703 913 3741 ο
934 3675 986 3752 οῦς
1000 3677 1057 3743 οῦκ
1071 3677 1204 3756 ἀγαθάς.
1221 3674 1273 3742 13ό
1286 3675 1316 3742 δ’
1330 3675 1422 3751 αυτὸς

179 3761 233 3840 ρῷ.
261 3762 292 3824 έν
303 3758 360 3844 γὰρ
375 3765 411 3850 τῇ
425 3756 535 3844 ταύτης
548 3760 631 3844 φιλίη
644 3784 786 3846 συμπερι·
818 3757 920 3825 έννεύει
946 3758 1109 3845 ὀφθαλμῷ.
1137 3767 1265 3845 σημαίνει
1280 3757 1311 3825 δὲ
1335 3759 1420 3832 ποδῖ,

180 3842 338 3926 φερόμενος
356 3843 524 3918 πολλοστὸς
537 3847 598 3934 ἴση.
624 3846 656 3888 ²⁰
669 3845 708 3926 μη
725 3869 786 3906 πο-
817 3843 948 3909 διδάσκει
958 3841 990 3908 δὲ
1000 3840 1147 3927 ἐννεύμασι
1158 3843 1317 3910 δακτύλων.
1330 3841 1421 3908 ¹⁴62*-

180 3923 232 3999 λύς
244 3927 309 3989 ἴσθι
325 3923 403 4009 πρὸς
419 3924 595 4010 ἀλλοτρίαν,
616 3926 688 4007 μηδὲ
701 3928 786 3990 συνέ-
818 3929 984 4012 στραμμένη
1008 3930 1118 4011 καρδία.
1126 3934 1307 3993 τεκταίνεται
1331 3922 1422 4001 κακά,

178 4034 232 4094 χου
246 4004 391 4085 ἀγκάλαις
405 4012 456 4092 της
471 4008 510 4092 μῖη
526 4010 610 4083 ἰδίας.
623 4006 785 4074 21ε’νιύπιον
817 4013 849 4073 ἐν
866 4013 959 4076 παντὶ
980 4015 1077 4095 καιρῷ
1100 4006 1119 4075 ὃ
1136 4016 1274 4085 τοιοῦτος
1290 4005 1423 4093 ταραχάς

178 4087 236 4171 γάρ
251 4095 307 4152 εἰσι
323 4094 384 4152 τῷν
401 4095 456 4155 τοῦ
472 4097 545 4157 θεοῦ
563 4089 732 4172 ὀφθαλμῶν
750 4087 784 4154 ὁ·
799 4152 801 4177 Ι
818 4100 967 4177 συνίστησι
985 4091 1078 4160 πόλει.
1105 4094 1192 4161 18διά
1210 4098 1300 4159 τοῦτο
1317 4096 1422 4169 ἐξαπί-

178 4173 226 4236 δοῖ
238 4168 360 4253 ἀνδρὸς,
386 4177 424 4246 εἴς
437 4172 469 4237 δὲ
484 4170 585 4247 πάσας
598 4169 651 4246 τάς
664 4174 784 4259 τροχιὰς
799 4182 801 4211 ¹
817 4201 865 4257 νης
878 4182 990 4261 ἔρχεται
1005 4175 1022 4263 ῦη
1036 4176 1172 4243 ἀπώλεια
1185 4175 1293 4249 αὐτοῦ,
1321 4177 1423 4241 διακο-

180 4250 277 4316 αῦτοῦ
291 4253 431 4316 σκοπεύει.
454 4258 673 4338 22παρανομίαι
687 4258 782 4340 ἄνδρα
815 4257 857 4343 πη
870 4266 921 4326 καῖ
930 4259 1068 4347 συντριβη
1082 4259 1213 4337 ἀνίατος.
1236 4256 1319 4325 Ῑῧότι
1332 4266 1423 4344 χαίρει

178 4331 353 4418 ἀγρεύουσι,
380 4348 490 4420 σειραῖς
501 4337 532 4402 δέ
546 4343 606 4403 τῷν
620 4341 733 4406 ἑαυτοῦ
746 4339 783 4405 ἀ·
799 4389 801 4394 -
815 4348 908 4409 πᾶσιν
921 4344 965 4418 οἷς
977 4343 1085 4426 μισεῖό
1099 4342 1178 4421 θεὸς,
1196 4347 1380 4430 συντρίβεται
1390 4339 1424 4407 δέ

177 4423 310 4502 μαρτιῶν
323 4422 447 4495 ἕκαστος
462 4427 624 4502 σφίγγεται.
652 4427 681 4467 ²³
694 4415 782 4500 οῦτός
798 4460 801 4468 ’
816 4425 849 4490 δι’
866 4425 1059 4512 ἀκαθαρσίαν
1077 4433 1181 4532 ψυχης.
1219 4430 1247 4470 ¹⁷
1260 4422 1426 4510 ὀφθαλμός

180 4503 297 4587 τελευτᾷ
307 4502 382 4588 μετά
396 4502 596 4585 ἀπαιδεύτων,
616 4510 646 4574 ἐκ
661 4507 692 4575 δὲ
705 4506 780 4592 πλη·
796 4482 801 4583 λ
818 4508 971 4596 ὑβριστοῦ,
996 4510 1120 4590 γλιῦσσα
1138 4511 1249 4591 α’δικσς,
1274 4511 1427 4616 χείρεςθίκ-

1339 4616 1428 4675 1⁸⁰¹*-
