2924 4972
164 195 231 265 τοο
366 191 660 259 mmmm
683 192 857 257 πνσνυ
898 192 1095 274 νάσσατ’.
1111 195 1161 262 16.
1177 156 1230 264 17ss

122 316 129 327 '
164 313 273 396 ὄψεται
286 317 325 387 εἰς
336 306 514 393 πρόςωπον,
538 304 600 372 όδί
612 306 771 392 θεὸςὸψε·
812 311 927 398 ἀρτων,
952 314 1005 379 καί
1023 310 1117 380 ἀσκόν
1136 315 1232 391 οἴνου,
1255 296 1421 402 καίίριη-ον

163 421 214 461 ται
227 401 267 471 είς
280 395 413 480 καρδίαν.
432 392 509 456 8καί
520 387 654 456 ἐκάλεσεν
661 390 774 458 Ἰεσσαί
811 400 905 472 αίγαίν
922 402 989 471 ἕνα,
1014 399 1066 461 καί
1084 397 1283 473 ἐξαπέστειλεν
1295 401 1328 463 ίν
1349 426 1390 483 χει
1412 405 1422 466 ί

163 480 218 545 τὸν
238 476 415 563 Ἀμιναδάβ,
452 477 503 539 καί
527 475 666 561 παρῆλθε
694 474 773 540 κατά
811 480 906 543 Δαυίδ
930 484 986 544 τοῦ
1012 484 1080 545 υίοῦ
1097 477 1192 545 αὐτοῦ
1210 478 1287 567 πρὸς
1304 427 1420 548 Σαούλ.

163 559 325 647 πρόςωπον
336 555 495 644 Σαμσυίγλ,
522 560 573 623 καί
590 556 678 623 εἶπεν.
703 556 774 624 οὐδὲ
810 565 837 602 ²²
849 564 901 627 καί
913 563 1028 647 είςῆλθε
1041 564 1139 628 Δαυίδ
1148 563 1225 648 πρὸς
1235 563 1350 640 Σαοὺλ,
1368 570 1421 631 καὶ

164 650 275 712 τοῦτον
288 646 438 724 ἐξελέξατο
451 639 472 705 ό
483 637 564 716 θεός.
599 643 615 684 ⁹
629 644 681 706 καί
692 668 774 728 παρ-
810 643 995 750 παρειστηνει
1008 641 1133 711 ίνοόπιον
1145 646 1258 722 αὐτοῦ,
1279 648 1331 711 καί
1344 646 1419 732 ἠγά-

162 726 390 815 ήγαγενἸεσσαί
401 721 566 809 τὸνΣαμά.
577 725 628 789 καί
638 723 710 790 εἷπε.
722 727 774 790 καί
810 753 904 814 πησεν
914 727 1006 795 αυτόν
1018 725 1144 815 σφόδρα.
1161 734 1212 795 καί
1223 726 1348 815 ἐγενήθη
1363 730 1418 796 αιἰ-

163 818 196 878 ev
208 808 311 895 τούτῳ
321 808 378 876 οἶσι
389 808 541 886 ἐξελέξατο
554 805 666 914 κύριος,
686 810 774 872 10ναί
810 817 854 895 τῷ
863 813 962 899 αἴρων
972 811 1013 877 τά
1026 809 1114 896 σκεάη
1124 810 1232 878 αὐτοῦ.
1244 815 1330 877 22καί
1342 813 1419 881 ἀπί-

162 894 334 982 παρηγαγεν
361 891 469 958 Ἰεσσαί
492 891 564 966 τοὺς
588 889 666 956 ιπτά
692 888 774 967 υίσός
811 894 904 960 στειλε
928 893 1037 961 Σαοὺλ
1061 894 1137 984 πρὸς
1160 893 1281 970 Ἰεσσαί,
1313 896 1415 975 λέγων.

164 978 264 1044 αυτοῦ
274 973 399 1042 ἐνώπιον
407 973 560 1059 Σαμουηλ
572 975 625 1040 καί
635 972 697 1040 εἶπε
706 982 773 1056 Eae
809 973 1013 1064 παριστάσθω
1026 977 1064 1062 δὴ
1078 979 1179 1043 Δαυίδ
1190 975 1317 1044 ἑνοόπιον
1334 985 1418 1062 ἐμοῦ,

161 1058 268 1146 μουήλ.
294 1059 352 1126 οὐκ
369 1059 519 1136 ἐξελέξατο
539 1054 640 1142 κόρως
656 1062 688 1123 ἐν
700 1055 773 1124 τοά-
810 1055 856 1125 ὅτι
865 1049 929 1145 εὗρε
937 1056 1023 1147 χάριν
1031 1065 1063 1127 ίν
1072 1061 1244 1144 ὀφθαλμοῖς
1251 1088 1318 1146 μου.
1331 1065 1418 1127 23καί

161 1170 234 1220 τοις.
249 1149 274 1187 ¹¹
280 1145 331 1209 καί
343 1140 403 1208 είπε
413 1138 557 1225 Σαμουὴλ
565 1140 642 1228 πρὸς
650 1139 771 1208 Ἰεσσαί.
810 1140 934 1228 ἐγενηθη
953 1147 983 1210 ίν
1000 1149 1044 1228 τῷ
1067 1145 1141 1210 εἶναι
1157 1149 1271 1228 πνεῦμα
1288 1147 1419 1232 πονηρὸν

163 1228 349 1294 ἐκλελοίπασι
368 1223 407 1290 τά
425 1221 590 1309 παιδάριας
615 1227 667 1290 καί
686 1220 771 1289 εἶπεν.
810 1229 861 1293 ίπί
876 1225 998 1303 Σαοὺλ,
1024 1232 1074 1293 καί
1092 1227 1234 1314 ἐλάμβανε
1251 1232 1349 1294 Δαυίδ
1364 1230 1419 1314 τὴν

162 1315 206 1378 ἔτι
220 1310 237 1376 ὁ
250 1309 353 1397 μικρός
369 1309 433 1374 ίδοὺ
445 1314 591 1390 ποιμαίνει
604 1311 635 1372 ίν
646 1312 692 1391 τῷ
702 1334 772 1373 πσι-
809 1306 945 1386 κινάοαν,
969 1309 1020 1376 καί
1037 1311 1165 1395 ἔψαλλεν
1177 1315 1208 1376 ἐν
1227 1316 1298 1417 ηιιρὶ
1309 1310 1417 1391 αὐτοῦ,

160 1402 247 1473 μνίω.
267 1396 318 1459 καί
330 1389 394 1457 εἶπε
406 1387 553 1496 Σαμουίηλ
565 1389 644 1476 πρὸς
651 1389 770 1457 Ἰεσσαί.
809 1398 861 1458 καί
872 1397 1002 1478 ατίψυχε
1014 1393 1138 1469 Σαοὺλ,
1165 1397 1215 1460 καί
1226 1395 1347 1473 αγαθὸν
1360 1394 1418 1460 αὖ·

162 1461 340 1545 ἀπόστειλον
351 1477 402 1539 καί
414 1470 485 1560 λάβε
497 1474 605 1548 αυτὸν,
621 1469 668 1539 ότι
681 1473 718 1538 οὐ
730 1471 771 1559 μὴ
808 1480 868 1559 τῷ,
881 1480 932 1542 καί
945 1477 1094 1559 ἀφίστατο
1108 1474 1158 1542 ἀπ’
1174 1476 1269 1544 αὐτοῦ
1280 1477 1317 1545 τό
1328 1484 1418 1544 πνεῦ-

161 1562 390 1644 κατακλιθοίμιν
408 1563 464 1632 ἕως
480 1562 535 1622 τοῦ
554 1557 653 1622 ίλθεῖν
668 1554 772 1623 αὐτόν.
808 1586 852 1644 μα
863 1555 902 1624 τό
913 1556 1052 1647 πονηρόν.

161 1649 191 1689 ¹²
205 1645 256 1710 καί
273 1638 427 1709 ἀπέστειλε
441 1642 492 1706 καί
510 1635 656 1724 είςηγαγεν
669 1635 771 1706 αὐτόν.
996 1648 1121 1708 ΚΕΦ.
1166 1642 1233 1710 ΙΖ’.

160 1730 214 1794 καί
242 1725 338 1802 αὐτὸς
367 1721 519 1811 πυβράκης
547 1723 620 1806 μετά
646 1720 772 1799 κάλλους
808 1693 892 1792 Καί
904 1720 1081 1806 συνάγουσιν
1093 1725 1258 1809 ἀλλόφυλοι
1271 1729 1325 1805 τάς
1335 1756 1416 1815 παρ·

162 1810 343 1892 ὀφθαλμῶν,
358 1810 408 1874 καί
422 1807 541 1885 ἀγαθός
553 1803 656 1892 ὁράσει
668 1813 770 1891 κυρίῳ.
809 1807 933 1915 εμβσλάς
946 1807 1048 1875 αὐτῶν
1059 1814 1098 1885 είς
1110 1808 1254 1894 πόλεμον,
1281 1815 1331 1876 καί
1344 1838 1417 1877 συν-

159 1898 213 1961 καί
226 1892 286 1958 είπε
295 1887 642 1996 κάριοςπρὸςΣαμουήλ.
656 1887 772 1956 ἀνάστα
809 1917 934 1972 αγονται
944 1897 983 1969 είς
991 1894 1127 1979 Σοκχοίθ
1136 1899 1189 1979 τῆς
1198 1893 1355 1970 Ἰουδαίας,
1366 1895 1417 1960 καὶ

162 1972 393 2063 καίχρίοοντόν
404 1975 517 2050 Ααυίδ,
530 1971 576 2039 ότι
590 1967 679 2049 οὗτός
692 1979 771 2040 ἔστιν
808 1973 1064 2064 παρεμβάλλουσιν
1098 1975 1243 2059 ἀναμέσον
1273 1977 1418 2062 Σοκχιάθ,

162 2056 291 2140 ἀγαθός.
333 2061 424 2124 13κοιί
447 2057 540 2146 ἔλαβε
566 2057 710 2142 Σαμουὴλ
734 2057 770 2123 τό
808 2064 857 2126 καί
871 2059 1022 2143 ἆναμίσον
1033 2058 1143 2144 Ἀζηκὰ
1157 2059 1307 2145 Ίίψερμίν.Δ
1337 2065 1417 2127 λκαί

162 2147 253 2230 κέρας
264 2147 320 2209 τοῦ
328 2142 440 2219 ἐλαίου,
454 2146 504 2207 καί
517 2144 629 2248 ίηρισεν
638 2138 732 2206 αιἰτόν
742 2144 772 2205 ἐν
808 2141 917 2210 Σαοῦλ
929 2147 980 2208 καὶ
990 2150 1021 2209 οί
1030 2142 1131 2226 ἀνδρες
1141 2142 1263 2231 Ἰσραὴλ
1272 2141 1416 2223 συνάγον-

186 2233 246 2312 ἐσιρ
268 2230 331 2292 τῶν
348 2222 484 2302 ἀδελφῶν
501 2228 607 2291 αυτοῦ.
629 2227 681 2290 καί
698 2221 770 2327 ἔψη·
808 2254 868 2304 ται,
880 2230 931 2292 καί
942 2223 1201 2314 παρεμβάλλουσιν
1213 2231 1287 2315 ε’ντῂ
1300 2225 1417 2293 κοιλάδι

163 2258 239 2377 λστσ
261 2313 377 2394 πνεῦμα
401 2315 504 2393 κυρίου
526 2311 577 2373 ἐπί
592 2309 691 2374 Δαυίδ
708 2307 771 2373 απὸ
809 2310 913 2385 αὗταί,
936 2312 989 2374 καί
1005 2306 1257 2396 παρατάσοονται
1272 2315 1311 2386 είς
1323 2308 1417 2376 πόλε·

162 2400 217 2481 τῆς
235 2391 344 2479 ἡμέρας
358 2396 482 2477 -ίκείνης,
507 2396 559 2458 καί
576 2387 690 2457 ἐπάνω.
721 2397 772 2459 καί
807 2417 864 2478 μον
874 2397 1036 2471 ἐξεναντίας
1048 2399 1109 2459 τοίν
1122 2392 1313 2474 ἀλλοφύλων.
1337 2394 1416 2459 3’καί

164 2477 328 2588 ἀνίστηΣα
350 2474 433 2562 συηλ,
447 2480 496 2542 καί
509 2475 647 2560 ἀπῆλθεν
656 2480 695 2551 είς
703 2474 772 2560 ’Ap-
809 2481 841 2543 οί
858 2475 1023 2559 ἀλλόφυλοι
1041 2483 1179 2544 ἵστανται
1196 2481 1245 2544 ίπί
1257 2484 1312 2544 τοῦ
1326 2477 1416 2562 όρους

162 2573 293 2646 μαθαίμ.
307 2565 320 2605 ¹
346 2563 398 2626 καί
410 2566 526 2643 πνεῦμα
539 2565 643 2665 κυρίου
656 2557 774 2644 ἀπέστη
808 2563 955 2637 ἐνταῦθα,
971 2563 1023 2627 καί
1031 2558 1154 2646 Ἰσραὴλ
1167 2567 1286 2627 ’ίσταται
1299 2566 1346 2627 ἐπί
1360 2566 1417 2625 τοῦ

163 2643 227 2711 ἀπό
238 2642 355 2718 Σαοὺλ,
368 2647 419 2708 καί
431 2647 546 2721 ἔπνιγεν
556 2642 771 2726 αυτόνπνεῦμα
808 2645 896 2750 ὄρους
905 2649 1051 2719 ἐνταῦθα,
1062 2650 1112 2709 καί
1127 2643 1256 2709 όαίλών
1268 2645 1415 2727 ἀναμίσον

163 2728 294 2814 πονηρὸν
307 2725 394 2809 παρά
406 2731 517 2811 κυρίου.
540 2728 567 2769 ¹⁵
580 2730 632 2791 καί
644 2722 730 2791 είπαν
742 2732 772 2793 σί
808 2734 920 2794 αυτοίν.-
931 2727 1009 2791 *καί
1021 2727 1143 2811 ἐξῆλθεν
1155 2726 1230 2813 ἀνὴρ
1245 2728 1370 2803 δυνατὸς
1383 2731 1415 2792 ἐκ

164 2813 266 2886 παῖδες
281 2808 388 2873 Σαοὺλ
412 2807 489 2893 πρὸς
513 2806 613 2874 αάτόν.
645 2810 709 2874 ίδοὺ
735 2811 771 2895 δι’]
806 2817 859 2895 τῆς
871 2806 1065 2896 παρατάξεως
1077 2814 1138 2876 τῶν
1151 2806 1339 2891 ἀλλοφύλων,
1349 2815 1415 2875 Γο-

163 2900 279 2977 πνεῦμα
306 2899 411 2980 κυρίου
441 2918 520 2974 πονη
546 2890 574 2956 ’ν
603 2899 700 2971 πνίγει
729 2920 770 2970 σε,
806 2895 882 2960 λιάθ
897 2891 992 2976 ὄνομα
1009 2891 1094 2974 αὐτῷ
1111 2895 1143 2956 ἐκ
1156 2891 1242 2966 rio,
1267 2887 1345 2975 ίψος
1359 2892 1416 2956 αὖ-

162 2974 366 3043 16είιτάτωσσιν
376 2975 412 3059 δι’]
423 2978 521 3042 οίδοῦ
537 2983 569 3041 σί
578 3001 633 3042 σου
643 2974 772 3043 ἐνώπιόν
806 2982 862 3043 τοῦ
880 2973 1031 3060 τεσσάρων
1048 2970 1165 3060 πῆχεων
1182 2977 1233 3040 καὶ
1250 2981 1414 3060 σπιθαμῆς.

163 3088 228 3135 σου,
240 3063 292 3124 καί
303 3056 516 3164 ζητησάτωσαν
528 3065 575 3144 τῷ
585 3067 676 3145 κυρίῳ
690 3060 771 3145 ἡμῶν
806 3061 820 3104 ⁸
833 3062 885 3126 καί
909 3058 1124 3143 περικεφαλαία
1146 3061 1197 3123 ἐπὶ
1218 3063 1270 3144 τῆς
1287 3061 1399 3164 κεφαλη

163 3142 258 3229 ἄνδρα
275 3145 375 3208 εἲδοτα
393 3137 517 3223 ψάλλειν
530 3147 566 3208 ίν
581 3140 693 3229 κινάρη.
719 3146 771 3209 καὶ
805 3140 911 3219 αὐτοῦ,
923 3144 976 3207 καί
986 3136 1116 3226 θώρακα
1128 3141 1313 3209 ἁλυσιδωτὸν
1323 3142 1414 3220 αὐτος

162 3231 247 3293 ἔσται
260 3230 291 3292 ἔν
303 3231 346 3312 τῷ
362 3224 433 3290 εἶναι
447 3230 563 3309 πνεῦμα
576 3225 708 3314 πονηρόν
720 3229 772 3293 ίπί
805 3222 970 3301 ίνδεδυκοίς.
996 3228 1047 3291 καί
1059 3222 1077 3291 ὁ
1091 3225 1227 3311 σταθμός
1239 3232 1294 3292 τοῦ
1306 3225 1414 3312 θώρα-

163 3314 223 3387 σοὶ,
248 3315 299 3377 καί
316 3311 402 3402 ψαλῇ
421 3312 452 3374 ἐν
475 3314 513 3402 τῇ
540 3305 643 3414 κινάρα
663 3308 769 3385 αὐτοῦ,
805 3336 856 3385 κος
868 3306 974 3387 αὐτοῦ,
984 3313 1071 3375 πέντε
1081 3308 1208 3396 χιλιάδες
1218 3313 1328 3377 σίκλων
1357 3312 1414 3375 αλ-

161 3399 212 3461 καί
229 3393 350 3473 ἀγαθόν
367 3420 414 3458 σοι
434 3398 517 3457 ἔσται
535 3397 587 3457 καί
603 3389 770 3460 αναπαόσει
805 3398 862 3458 κοῦ
874 3396 926 3460 καί
938 3389 1068 3478 σιδάρου.
1081 3398 1155 3460 6καί
1165 3337 1414 3480 κνημίδες-χαλκαῖ

162 3505 202 3546 σε.
229 3482 256 3523 ¹²
268 3483 319 3545 καί
335 3476 396 3542 εἶπε
409 3474 513 3540 Σαοὺλ
525 3476 602 3559 πρὸς
612 3475 684 3553 τοὺς
697 3488 770 3543 παί-
805 3481 856 3543 ίπί
867 3484 929 3544 τῶν
938 3479 1048 3544 σκελῶν
1056 3478 1163 3555 αὐτοῦ,
1176 3483 1227 3545 καί
1237 3477 1326 3554 ἀσπίς
1336 3479 1412 3602 ηαλ-

161 3565 215 3638 δας
229 3562 336 3629 αὐτοῦ.
361 3562 432 3625 ἴδετε
446 3559 483 3644 δη
496 3584 545 3641 μοι
559 3558 655 3642 ἀνδρα
668 3557 771 3646 ὀρθῶς
805 3565 842 3646 κη
856 3560 1006 3667 ἀναμίσον
1023 3568 1084 3628 τῶν
1102 3563 1191 3646 ὤμων
1203 3562 1309 3626 αὐτοῦ.
1360 3563 1412 3624 καί

162 3645 339 3729 ψάλλοντα,
348 3646 398 3708 καί
411 3639 574 3720 είςαγάγετε
588 3641 683 3708 αὐτόν
695 3641 771 3727 πρὸς
805 3642 822 3710 ὁ
836 3670 940 3722 κοντος
958 3651 1015 3713 τοῦ
1032 3642 1160 3732 δόρατος
1173 3643 1268 3710 αὐτοῦ
1282 3638 1346 3716 ὡςεί
1357 3646 1411 3720 με’-

161 3731 204 3811 μί.
222 3731 306 3792 18καί
320 3726 468 3812 ἀπεκρίθη
482 3726 521 3801 είς
533 3730 592 3790 τῶν
604 3728 772 3814 παιδαρίων
806 3728 917 3795 σακλον
930 3725 1132 3811 ὕφαινόντων,
1157 3729 1208 3792 καί
1220 3723 1238 3827 η
1251 3721 1342 3805 λόγχη
1354 3721 1410 3784 αὐ-

163 3809 268 3888 αίιτοῠ,
283 3814 334 3875 καί
346 3809 431 3876 εἶπεν.
446 3809 510 3875 ἰδοὺ
521 3806 641 3894 ἑώρακα
650 3810 773 3895 υίὸντῴ
806 3817 863 3877 τοῦ
875 3816 1039 3890 ἑξακοσίων
1051 3810 1159 3876 σίκλων
1171 3809 1302 3890 σιδηρσυ.
1328 3807 1378 3866 καί
1392 3801 1410 3868 ὁ

160 3892 269 3960 Ἰεσσαί
281 3893 489 3978 Βηθλεεμίτην
501 3894 553 3957 καί
565 3892 659 3959 αὐτὸν
671 3890 771 3960 εῖδότα
805 3896 899 3981 αίρων
923 3893 964 3959 τά
983 3892 1066 3959 όπλα
1082 3890 1179 3957 αὐτοῦ
1195 3882 1410 3972 προεπορεύετο

162 3979 293 4063 ψαλμὸν,
316 3975 397 4043 καὶὸ
412 3976 487 4063 ἀνὴρ
501 3976 631 4053 συνετός,
649 3978 700 4043 καί
711 4002 772 4042 πσ-
805 3978 910 4044 αὐτοῦ.
926 3978 997 4042 ’καί
1008 3979 1077 4059 ἔστη
1090 3975 1141 4038 καί
1153 3968 1291 4057 ἀνεβόησε
1304 3973 1342 4045 είς
1355 3968 1410 4054 την

161 4062 306 4148 λεμιστίης,
319 4065 370 4127 καὶ
383 4059 476 4141 σοφὸς
489 4057 581 4137 λόγω,
599 4063 650 4125 καί
662 4056 682 4124 ό
694 4057 770 4165 ἀνίηρ
803 4056 971 4146 παράταξιν
979 4056 1118 4143 Ἰσραὴλ,
1141 4058 1193 4120 καὶ
1205 4052 1283 4119 εἶπεν
1296 4052 1410 4130 αὐτοῖς,

162 4144 281 4225 ἀγαθὸς
294 4151 338 4230 τῷ
352 4146 435 4219 εἴδει,
461 4144 512 4208 καί
527 4125 628 4229 κάριος
639 4140 698 4225 μετ’
713 4169 770 4208 αυ·
804 4149 835 4208 τί
843 4136 1037 4226 ἐκπορεύεσθε
1047 4134 1282 4226 παρατάξασθαι
1289 4137 1411 4221 πολέμῳ

163 4236 226 4294 τοῦ.
245 4233 274 4274 ¹⁹
288 4233 339 4294 καὶ
349 4226 498 4293 ἀπέστειλε
509 4223 614 4290 Σαοὺλ
627 4224 771 4304 ἀγγελους
805 4228 965 4304 ἐξεναντίας
981 4221 1080 4327 ημῶνς
1106 4219 1161 4286 οὐκ
1179 4216 1238 4299 ἐγώ
1250 4225 1304 4301 είμι
1317 4219 1410 4285 ἀλλά·

161 4311 237 4395 πρὸς
248 4312 368 4386 Ἰεσσαί,
381 4311 482 4390 λέγων.
506 4303 683 4374 ἀπόστειλον
693 4310 771 4397 πρὸς
804 4307 906 4391 ψυλος,
919 4310 970 4373 καί
984 4318 1060 4389 υμεῖς
1067 4305 1203 4392 Ἑβραῖοι
1217 4310 1273 4371 τοῦ
1286 4300 1410 4386 Σαοόλι

158 4395 195 4474 ,κε’
209 4392 262 4459 τὸν
276 4390 342 4460 υίόν
354 4421 409 4460 σου
423 4393 523 4458 Δαυίδ
534 4392 587 4456 τόν
598 4395 630 4457 ἐν
645 4397 688 4476 τῷ
700 4420 770 4459 ποι·
804 4392 961 4469 ίκλεξασθε
980 4393 1097 4466 ἑαυτοῖς
1115 4389 1222 4474 ἀνδρα,
1249 4390 1299 4453 καί
1314 4415 1410 4454 κατυ-

163 4485 237 4563 μνίῳ
250 4502 313 4544 σου.
332 4481 363 4522 ²⁰
374 4482 425 4544 καί
439 4472 664 4564 ίλαβενἸεοσαί
675 4472 770 4566 γόμορ
802 4471 885 4565 βητω
899 4469 977 4563 πρός
987 4500 1030 4559 με.
1057 4477 1072 4518 ⁹
1086 4477 1136 4540 καί
1154 4475 1206 4539 ε’ἀν
1224 4475 1339 4620 amaa?
1346 4499 1410 4573 πο·

1318 4581 1409 4640 μησαι
