2924 4972
349 215 547 280 σΣΑΡΑΣ
569 215 839 277 mmor«
875 217 953 294 περ.
967 208 1006 277 α’.
1022 214 1050 278 1.
1258 209 1325 283 489

74 341 119 418 τῳ”
131 329 239 418 πλήθει
252 329 315 399 ἀπὸ
331 330 498 418 ἀνθρώπου
512 336 567 408 ἕως
578 358 682 411 γυναι·
717 330 932 409 καὶἈννιούθ,
950 336 1001 398 καὶ
1012 337 1179 420 Συραβίας,
1196 335 1246 399 καὶ
1261 330 1326 401 Ἰα-

74 420 135 496 κὸς,
145 420 195 484 καὶ
203 421 279 483 πᾶσι
289 427 352 492 τοῖς
360 421 481 501 ῖερεύσιν
491 413 617 482 ἀκοῦσαι
626 418 682 480 τσύ
717 413 803 492 ἀινύς,
815 419 866 481 καὶ
875 411 1042 504 Ἰάκωβος,
1058 421 1242 504 Σαβαταῖος,
1254 417 1323 484 Αὐ-

74 503 180 588 νόμσυ,
206 505 350 584 νουμηνίᾳ
368 504 423 564 τοῦ
441 499 568 586 ἑβδόμου
579 495 681 583 μηνός.
718 505 814 577 τοίας,
826 495 999 577 Μαιάννας,
1012 503 1063 567 καὶ
1075 500 1222 577 Καλίτας,
1235 498 1324 579 lita·

73 588 101 629 ⁴¹
115 589 166 652 καὶ
184 581 376 661 ἀνεγίνωσκεν
388 586 419 648 ἐν
431 587 477 667 τῳ”
492 610 516 648 π
535 580 553 647 ὸ
572 587 629 648 τοῦ
642 585 682 646 ἱε-
738 588 795 657 ίας,
806 578 1029 670 καὶἸῶζσβύος,
1039 587 1090 650 καὶ
1098 582 1247 660 Ἀνανίας,
1256 588 1324 651 Φα·

73 675 131 756 ρού
155 667 293 743 πυλῶνος
317 661 491 769 εὐρυχώρῳ,
515 608 682 751 λξάρθρου
717 608 784 740 λίας
797 669 829 730 οὐ
840 671 982 742 Λευῖται,
1001 669 1157 734 ἐδίδασκον
1170 667 1224 733 τὸν
1235 662 1324 750 νόμον

73 762 129 830 ἕως
140 755 230 838 μέσης
243 747 364 837 ήμέρας,
384 754 509 815 ἐνωπιον
521 748 639 834 ἀνδρῶν
650 773 683 813 τε
717 753 772 814 τσύ
781 755 896 834 κυρίου,
908 750 1045 837 καὶπρὸς
1052 750 1088 816 τὸ
1098 751 1219 837 πλῆθος
1228 748 1324 831 ἀνεγί-

72 841 124 903 καὶ
145 841 305 915 γυναικών,
328 833 379 899 καὶ
394 834 548 899 ἐπέδωκαν
564 837 628 898 πᾶν
646 827 682 896 τὸ
716 857 834 898 νωσκον
846 829 900 897 τὸν
911 828 1004 915 νόμον
1017 839 1072 900 τοῦ
1084 842 1203 921 κυρίου,
1228 838 1324 919 ἔμφυ-

72 921 194 1003 πλήθσς
206 916 260 984 τὸν
274 922 344 984 νοῦν
356 921 395 992 είς
406 914 460 983 τὸν
472 913 573 1020 νόχισν.
591 914 623 957 ⁴²
632 916 683 980 καὶ
716 919 845 991 σιοῦντες
863 911 927 999 ἀρα
947 912 1002 999 τήν
1018 912 1195 994 ἀνάγνωσιν.
1226 919 1325 985 *9καύ

75 1007 143 1086 ἔστη
151 1002 280 1087 Ἔσδρας
293 998 311 1067 ὐ
324 1000 416 1087 ἱερεὺς
431 1002 483 1065 καὶ
495 993 683 1082 αναγνιύστής
716 997 795 1064 εἶπεν
807 992 1000 1083 Ἀτθαράτής
1011 997 1126 1085 Ἔσδρῳ
1142 1005 1186 1084 τῷ
1199 997 1326 1088 ἀρχιερεῖ

75 1091 132 1150 τοῦ
157 1080 249 1168 νόμου
271 1087 321 1150 ἐπὶ
343 1088 401 1149 τοῦ
417 1084 532 1162 ξυλίνου
549 1076 683 1169 βήματος
717 1083 769 1147 καί
780 1076 953 1189 ἀναγνώστχ
965 1082 1017 1148 καλ
1033 1093 1097 1157 τοῖς
1108 1088 1249 1159 Λευίταις
1261 1096 1324 1160 τοῖς

75 1173 131 1234 τσύ
151 1169 451 1253 κατασκευασθέντος.
482 1165 514 1209 ⁴³
527 1169 579 1233 καὶ
596 1169 683 1249 ἐστιχ-
716 1162 886 1231 διδάσκουσι
914 1191 952 1230 τσ
982 1165 1102 1250 πλῆθος
1127 1166 1177 1231 ἐπὶ
1200 1163 1324 1241 πάντας.

76 1276 134 1318 σαν
145 1248 215 1336 παρ’
229 1250 313 1333 αὐτῷ
323 1255 523 1330 Ματταθίας,
532 1247 682 1331 Σαμμσύς,
717 1244 774 1332 ⁶⁰⁴1
789 1245 883 1335 ἡμέρα
895 1244 972 1334 αὐτη
986 1251 1066 1314 ἐστὶν
1078 1246 1152 1326 ἀγία
1166 1250 1214 1332 τῷ
1221 1255 1325 1335 κυρίῳ.

71 1331 219 1410 Ἀνανίας,
239 1333 386 1414 Ἀζαρίας,
407 1330 532 1417 Οὐρίας,
545 1329 683 1408 Ἐζεκίας,
716 1333 768 1397 καὶ
779 1329 888 1407 πάντες
899 1332 1017 1397 ἔκλαιον
1028 1336 1060 1397 ἐν
1072 1337 1117 1397 τοῦ
1130 1329 1257 1399 ἀκοῦσαι
1268 1335 1325 1398 τοῦ

74 1414 260 1501 Βαάλσαμσς
276 1420 309 1481 ἐκ
322 1417 430 1493 δεξιῶν.
456 1415 490 1458 ⁴⁴
503 1413 683 1493 καὶίξεύω·
718 1410 821 1518 νόχισυ.
852 1416 1062 1502 61βυθίσαντες
1079 1402 1134 1481 οὐν
1151 1409 1260 1495 ῳάγετε
1278 1414 1325 1481 λι-

73 1499 171 1584 νύμισν
183 1501 355 1577 Φαλδαῖος,
374 1502 426 1566 καί
439 1496 577 1582 Μιοαήλ,
594 1498 683 1566 Μελ-
717 1522 877 1581 πασματα,
892 1501 944 1564 καὶ
954 1505 1033 1564 πίετε
1044 1496 1254 1582 γλυκάσματα,
1272 1499 1324 1565 καί

72 1594 148 1672 χίας,
160 1580 382 1671 Λωθάσουβος,
395 1586 567 1689 Ναβαρίας,
580 1587 683 1667 Ζαχα-
717 1579 915 1648 ἀποστείλατε
927 1578 1100 1658 ἀποστολὰς
1112 1594 1176 1659 τοῖς
1186 1581 1227 1667 μή
1237 1585 1322 1668 ἔχου-

74 1675 148 1754 ρίας.
168 1668 200 1712 ⁴⁶
214 1671 265 1734 καὶ
277 1664 439 1753 ἀναλαβάν
455 1666 575 1751 Ἐσδρας
588 1665 624 1731 τὸ
636 1670 683 1752 βι-
716 1690 769 1730 σιν.
801 1661 913 1744 Ωάγία
927 1665 986 1752 γὰρ
1005 1661 1023 1751 ή
1042 1664 1136 1770 ήμὲρα
1156 1670 1202 1750 τῷ
1217 1672 1322 1752 κυρίῳ,

73 1753 158 1840 βλίσν
171 1748 297 1817 ἐνώπιον
308 1755 365 1817 τοῦ
377 1747 531 1834 πλήθους,
553 1744 681 1836 πρσεκά-
716 1748 818 1832 καὶμὴ
830 1748 978 1815 λυπεῖσθε.
995 1745 1013 1814 ὅ
1025 1775 1084 1837 γαρ
1096 1745 1133 1815 κύ
1154 1776 1198 1827 ιος
1208 1745 1322 1828 δσξάσει

72 1849 152 1920 θήτο
162 1835 304 1913 ἐπιδόξως
313 1835 440 1900 ἐνώπιον
448 1829 581 1909 πάντων,
594 1832 683 1898 46καλ
717 1829 802 1916 ὑμᾶς.
816 1834 899 1898 83καὶ
911 1837 942 1898 σί
951 1840 1076 1900 Λευῖται
1087 1776 1222 1900 ίκᾶευον
1230 1834 1323 1900 παντλ

73 1924 104 1986 ἐν
122 1925 166 2004 τῷ
184 1918 273 1985 λῦσαι
291 1915 345 1984 τὸν
361 1914 451 2000 νόμον
465 1911 573 1992 πάντες
589 1914 683 2002 ὀρθοὶ
716 1919 761 1999 τῷ
784 1913 885 2001 δήμῳ,
910 1915 1052 1995 λέγοντες.
1085 1913 1104 2002 ή
1128 1914 1226 2004 ἡμέρα
1245 1914 1322 2002 αὐτή

74 2007 207 2088 ἔστησαν.
246 2003 297 2067 καλ
317 1997 474 2086 εὐλόγιχσεν
492 1998 620 2086 Ἔσδρας
636 2003 682 2083 τῳ
717 1995 846 2083 ἀγία,μή
856 1999 1006 2067 λυπεῖσθε.
1020 1999 1107 2066 “ml
1119 2001 1233 2086 ᾤχοντο
1244 1996 1323 2069 πάν-

73 2094 165 2173 κυρίῳ
175 2090 238 2171 θεῷ
248 2083 365 2170 ὑψίστῳ
375 2089 440 2168 θεῷ
451 2083 595 2172 Σαβαὼθ
603 2107 683 2148 παν·
716 2108 762 2157 τες
775 2094 879 2162 φυγεῖν
891 2085 941 2149 καί
952 2095 1029 2150 πιεῖν
1040 2087 1091 2149 καὶ
1100 2083 1321 2170 εὐφραίνεσθαι,

73 2166 247 2258 τσκράτσρι,
272 2169 304 2213 ⁴⁷
317 2171 369 2235 καὶ
385 2161 554 2252 ἐπεφώνησε
571 2170 635 2234 πᾶν
646 2164 682 2230 τὸ
716 2168 767 2230 καὶ
780 2166 884 2232 δοῦναι
902 2164 1076 2244 ἀποστολάς
1088 2167 1200 2251 τοϊςμή
1214 2172 1322 2253 ἔχουσι,

74 2254 209 2338 πλῆθος,
237 2248 321 2336 ἀμήν.
351 2253 403 2317 καλ
415 2249 540 2337 ἀραντες
552 2248 614 2317 ἀνω
628 2248 684 2324 τάς
716 2250 767 2314 καὶ
780 2247 983 2336 εὐφρανθῆναι
1000 2247 1143 2335 μεγάλως,
1163 2252 1191 2296 ⁴⁶
1202 2248 1249 2317 ἀτι
1261 2248 1302 2330 γά

73 2348 188 2423 χεῖρας,
216 2331 430 2421 πρσςπεσύντες
459 2335 508 2398 ἐπί
537 2331 594 2417 τήν
617 2336 683 2417 γήν,
716 2330 961 2417 ἐνεῳυσιοίθήσαν
986 2338 1018 2400 ἐν
1044 2347 1106 2410 τοῖς
1130 2332 1256 2421 ῥήμασιν
1279 2277 1322 2411 οὐ

75 2418 294 2502 προςεκύνήσαν
310 2421 355 2502 τῷ
374 2421 476 2503 κυρίῳ.
506 2415 539 2459 ⁴⁸
554 2413 683 2500 Ἰησοῦς,
718 2413 918 2504 ἐδιδάχθησαν
928 2421 980 2485 καὶ
990 2413 1237 2503 ἐπισυνήχθήσαν.

1124 2602 1320 2613 *un—-

395 2711 1005 2818 ΕΣΔΡΑΣ

499 2866 903 2933 ΔΕΥΤΕΡΟΝ.

260 3001 294 3060 Κ
305 3003 335 3060 E
348 3002 386 3060 Φ.
429 2994 486 3064 Α’.
718 3023 799 3081 μενος
816 2997 880 3064 ἀπὸ
897 2993 1020 3065 πάντων
1033 3001 1092 3063 τοῖν
1105 2993 1207 3062 τόπων
1218 2987 1255 3061 οὐ
1268 2991 1323 3061 αὐ-

70 3046 155 3145 Kal
180 3083 211 3146 ἐν
228 3085 272 3164 τῷ
297 3076 408 3167 πρώτῳ
427 3084 483 3148 ἔτει
502 3078 607 3169 Κύρου
625 3086 680 3148 τού
719 3081 770 3157 τὸς
783 3094 919 3168 παροικεῖ
927 3086 996 3158 ἐκεῖ,
1007 3085 1058 3147 καὶ
1069 3077 1218 3166 λήψονται
1231 3078 1325 3145 αὐτὸν

68 3164 213 3250 βασιλέως
223 3170 362 3251 Περσῶν,
372 3171 427 3231 τσύ
438 3165 614 3250 τελεσθῆναι
626 3160 681 3229 λό-
719 3164 820 3250 ἀνδρες
837 3172 895 3232 τσύ
906 3161 1002 3233 τόπου
1020 3162 1116 3231 αὐτοῦ
1132 3169 1163 3229 ἒν
1180 3162 1323 3248 ἀργυρίῳ,

68 3272 125 3347 γσχ
149 3254 253 3348 κυρίσχι
278 3244 342 3313 ἀπὸ
361 3243 509 3331 στόματος
528 3247 679 3333 Ἱερεμίου,
718 3250 770 3314 καὶ
781 3256 906 3350 χρυσίῳ,
933 3252 982 3314 καί
995 3248 1164 3404 ἀποσκευχ,
1190 3248 1241 3310 καὶ
1252 3245 1324 3327 κτή-

71 3333 197 3417 ἐξήγειρε
211 3356 310 3416 κυρισς
328 3330 364 3395 τὸ
376 3335 490 3414 πνεῦμα
505 3328 678 3417 Κύρουβα-
719 3356 775 3396 νεσι
791 3358 865 3413 μετα
882 3337 936 3397 τοῦ
955 3333 1122 3394 έκουσίσυε
1166 3328 1250 3392 οίκον
1267 3333 1323 3392 τοῦ

71 3414 179 3487 σιλέως
194 3417 334 3496 Περσῶν,
355 3417 406 3478 καὶ
422 3409 597 3498 παρήγγειλε
614 3439 679 3493 ῳω-
718 3419 792 3478 θεοῦ
814 3414 868 3480 τὸν
885 3418 917 3478 ἐν
930 3407 1134 3498 Ἰερουσαλήμ.
1160 3411 1238 3472 6καὶ
1257 3407 1325 3472 ἀνέ-

70 3497 125 3581 νήν
139 3499 170 3560 ἐν
181 3490 266 3575 πάση
279 3495 414 3579 βασιλείᾳ
428 3493 535 3570 αὐτοῦ,
548 3501 600 3559 καί
609 3520 641 3572 γε
651 3500 681 3560 ἐν
719 3521 829 3579 στήσαν
854 3495 993 3580 ἀρχσντες
1019 3498 1081 3559 τῶν
1105 3494 1241 3576 πατριῶν
1265 3495 1326 3554 τῶν

71 3583 216 3666 γραπτῷ,
242 3564 347 3656 λέγων.
369 3574 492 3652 ἳούτως
506 3575 567 3641 εἶπε
579 3583 682 3662 Κῦρος
715 3576 817 3644 Ἰούδα
835 3581 887 3645 καὶ
898 3579 1053 3658 Βενιαμὶν,
1071 3577 1122 3640 καὶ
1135 3579 1164 3639 οἱ
1179 3577 1260 3656 ἱερεῖς
1274 3575 1325 3640 καλ

72 3663 211 3814 βῳσιλεύς
231 3664 369 3747 Περσῶν.
408 3655 509 3735 πάσας
527 3660 579 3735 τὰς
596 3665 681 3747 βασι·
719 3665 750 3727 οὐ
773 3669 913 3739 Λευῖται,
938 3657 1060 3727 πάντων
1082 3653 1126 3724 ὦν
1147 3655 1323 3762 ἐξήγειρενὸ

108 3754 154 3824 ίας
166 3752 218 3832 τής
229 3753 283 3833 γῆς
295 3745 388 3811 ἑύωκέ
402 3771 452 3828 μοι
469 3740 568 3829 κύριος
581 3741 599 3809 ὃ
610 3741 682 3820 θεὸς
718 3742 789 3822 θεὸς
805 3746 840 3811 τὸ
859 3750 974 3829 πνεῦμα
995 3743 1095 3810 αὐτῶν
1112 3747 1169 3809 τοῦ
1180 3747 1325 3829 αναβήναι

73 3836 132 3897 τοῦ
151 3832 293 3919 οὐρανοῦ,
320 3830 371 3895 καὶ
388 3827 480 3904 αὐτὸς
492 3831 680 3912 ἐπεσκέψατο
719 3830 911 3913 σίκσύοχιὲσαι
934 3829 987 3893 τὸν
1005 3827 1088 3895 οἷκον
1106 3833 1208 3914 κυρίου
1226 3829 1278 3893 τὸν
1294 3830 1325 3894 ἐν

75 3913 120 3980 ἐπ’
142 3914 192 4001 ἐμὲ
207 3920 265 3983 τοῦ
285 3914 477 3998 οἰκοδομῆσαι
496 3910 578 3978 οἶκον
598 3911 680 3996 αὐτῷ
714 3873 915 4000 Ἰερουσαλήμ.
933 3914 1005 3978 6καί
1017 3909 1123 3988 πάντες
1136 3915 1168 3978 σῖ
1180 3909 1326 3979 κυκλόθεν

75 3995 311 4086 ἐνἾερουσαλήμ
320 4002 357 4090 τῇ
371 4003 402 4065 ἐν
413 4003 451 4093 τῇ
461 3996 602 4081 Ἰουδαίῳ.
617 3999 681 4073 3τίς
719 4002 870 4084 ε’νίσχυσαν
887 4001 919 4063 ἐν
929 3998 1024 4083 χερσὶν
1042 3995 1141 4063 αὐτῶν
1153 4000 1183 4062 ἓν
1197 3993 1325 4062 σκεύεσιν

76 4087 108 4148 ἐν
120 4083 188 4167 ὐμῖν
200 4084 265 4150 ἀπὸ
277 4082 390 4159 παντὸς
402 4086 459 4147 τσύ
476 4080 554 4146 λαοῦ
568 4079 663 4146 αὐτοῦ
668 4111 680 4160 ,·
719 4082 880 4169 ἀργυρίου,
907 4086 938 4146 ἐν
961 4086 1077 4168 χρυσῷ,
1105 4086 1136 4147 ἐν
1162 4077 1324 4172 ἀποσκευῇ,

75 4170 128 4232 καὶ
153 4171 235 4233 ἔσται
255 4164 272 4232 ὁ
289 4165 362 4240 θεὸς
382 4165 478 4231 αὐτοῦ
494 4163 552 4247 μετ’
577 4163 681 4239 αὐτοῦ,
718 4170 769 4232 καὶ
781 4171 812 4231 ἐν
825 4161 952 4250 κτήνεσι,
978 4168 1029 4230 καὶ
1047 4167 1207 4242 ἒνξενίσις,
1232 4161 1326 4246 πάρεξ

76 4251 129 4314 καὶ
142 4247 314 4338 ἀναβήσεται
327 4255 365 4324 εἰς
376 4247 571 4335 Ἰερουσαλήμ
584 4248 638 4333 τήν
651 4252 682 4313 ἐν
719 4255 779 4314 τῶν
791 4253 941 4316 ἑκουσίων.
961 4250 1034 4314 7καὶ
1047 4248 1064 4315 ὁ
1066 4246 1208 4355 βασιλεὺς
1221 4255 1325 4335 Κῦρος

76 4338 114 4415 τῆ
136 4331 290 4409 Ἰουδαία,
316 4335 367 4399 καὶ
385 4327 611 4436 οἰκοδομήσάτω
630 4328 683 4395 τὸν
720 4329 846 4417 ἐξήνεγκε
868 4333 907 4400 τὰ
933 4329 1020 4416 σκεύή
1045 4359 1131 4398 οικσυ
1157 4336 1273 4414 κυρίου,
1304 4325 1326 4393 ἀ

75 4403 163 4484 ολκσν
177 4423 253 4484 θεοῦ
260 4399 396 4502 λΙσραήλ,
406 4415 497 4490 αὐτὸς
510 4441 528 4479 σ
541 4411 611 4490 θεὸς
623 4412 641 4478 ὁ
652 4418 683 4480 ἒν
720 4418 826 4504 ἔλαβεν
844 4413 1121 4502 Ναβουχοδονόσορ
1139 4412 1200 4477 ἀπὸ
1214 4411 1325 4495 Ἱερου·

70 4497 275 4592 Ἰερουσαλήμ.
303 4501 383 4568 4καὶ
403 4505 463 4578 πᾶς
482 4497 499 4564 ὁ
518 4498 680 4564 καταλιπό-
720 4501 816 4585 σαλήμ
834 4503 884 4564 καὶ
903 4501 1009 4564 ἔδωκεν
1026 4495 1106 4562 αὐτά
1119 4499 1149 4560 ἐν
1161 4495 1235 4577 οἴκῳ
1247 4498 1325 4596 θεοῦ

1224 4601 1338 4641 αὐτου.
