2924 4972
175 251 243 319 688
397 240 563 304 ΣοσιΑ
598 238 800 301 ΣσιΡΑΧ
841 228 1206 321 κεφ.μ.γ’.σ’.ν.3.4.

168 386 246 446 ριος,
264 361 315 423 καὶ
332 356 454 439 ἀφίησιν
467 357 616 441 ἁμαρτίας
629 361 680 421 καί
692 357 777 434 σώζει
811 353 939 439 θήσεταί
960 380 1017 420 σοι.
1056 355 1083 397 ¹⁵
1101 357 1133 419 ἐν
1161 351 1255 438 ήμέρᾳ
1282 350 1419 436 θλίψεῶς

169 447 203 508 ἐν
221 445 316 526 καιρῷ
333 440 479 524 θλίψεως.
514 444 543 482 22
557 439 628 504 οὐαί
644 441 779 522 καρδίαις
811 464 867 504 σου
894 433 1159 522 ἀναμνησθήσεταί
1184 462 1249 511 σου,
1269 432 1311 512 ῶς
1337 435 1420 502 εὐδία

170 526 277 600 δειλαῖς
290 525 341 588 καί
352 526 450 608 χερσίν
461 526 662 608 παρειμέναις,
676 526 727 587 καί
740 519 778 585 ἀ-
811 523 862 586 ἐπί
887 526 1025 604 παγετῶ,
1050 517 1147 594 οὕτως
1172 519 1421 602 ἀναλυθήσονταί

170 607 320 693 μαρτωληῖ
331 611 512 694 ἐπιβαίνοντι
522 608 572 670 ἐπί
582 605 638 672 δῦο
649 609 777 691 τρίβους.
812 630 867 668 σου
882 608 916 668 αί
929 601 1081 688 ἁμαρτίαι.
1118 605 1147 644 ¹⁶
1160 599 1202 676 ῶς
1213 599 1419 688 βλάςαημοςὸ

173 695 198 735 ¹³
211 689 281 756 οάαὶ
292 691 400 773 καρδίᾳ
417 692 593 778 παρειμένῃ,
619 687 665 754 ὅτι
679 687 715 753 οῦ
728 715 778 753 πι-
811 687 1021 763 ἐγκαταλιπὼν
1032 687 1163 771 πατέρα,
1190 688 1242 750 καί
1253 710 1421 770 κεκατηρα-

171 772 277 846 στεόει,
297 773 346 838 διά
361 777 451 837 τοῦτο
470 773 507 837 οά
527 766 776 854 σκεπασθήσεται.
810 770 896 852 μένος
910 769 970 835 ῦπὸ
982 775 1086 852 κυρίου
1099 766 1117 833 ὁ
1130 772 1320 854 παροργίζονν
1330 772 1422 852 μητέ-

170 857 200 901 ¹⁴
215 856 288 921 οὐαί
317 853 384 938 ὑμῖν
406 866 470 929 τοῖς
495 852 704 921 ἀπολωλεκόσι
725 850 780 937 τήν
811 879 850 937 ρα
868 853 971 918 αὐτοῦ.
1003 854 1031 895 ¹⁷
1044 857 1147 917 τέκνον
1163 857 1195 917 ἐν
1212 849 1366 936 πραῦτητι
1383 852 1422 916 τά

170 938 340 1021 ὑπομονήν,
354 939 405 1002 καὶ
424 941 455 1000 τί
471 933 610 1020 ποιήσετε
628 935 703 1003 όταν
714 942 778 1002 ἐπι-
812 941 886 1019 έργα
899 961 953 1001 σου
967 937 1093 1013 διέξαγε,
1106 937 1159 999 καί
1171 932 1233 999 ὑπὸ
1247 931 1423 1017 ἀνθρώπου

173 1025 337 1103 σκέπτηται
355 1019 373 1086 ὁ
389 1015 510 1124 κῦριοςς
536 1022 563 1063 ¹⁵
584 1026 614 1085 οῖ
632 1017 780 1107 ηοβοῦμε-
811 1020 917 1083 δεκτοῦ
930 1014 1127 1103 ἀγαπηθήσῃ.
1164 1018 1193 1060 ¹⁸
1206 1019 1269 1101 ὅσῳ
1282 1023 1377 1098 μέγας
1388 1016 1422 1094 εί,

171 1131 218 1171 νοι
232 1101 333 1188 κόριον
352 1101 407 1168 οὐκ
426 1101 626 1186 απειθήσσυσι
639 1105 780 1207 ῥημάτων
812 1097 947 1185 τοσουτῳ
961 1105 1100 1166 ταπεινοῦ
1114 1100 1246 1177 σεαυτὸν,
1260 1103 1311 1166 καί
1325 1105 1422 1166 ε”ναντι

172 1187 287 1262 αὐτοῦ,
309 1192 360 1252 καί
372 1190 402 1250 οἱ
415 1185 593 1264 ἀγαπῶντες
605 1189 700 1253 αὐτον
712 1212 780 1252 συν-
814 1191 917 1265 κυρίου
934 1182 1063 1270 εὑρήσεις
1080 1180 1174 1269 χάριν.
1199 1186 1231 1228 ²⁰
1244 1181 1291 1248 ὅτι
1308 1183 1423 1268 μεγάλη

172 1267 355 1354 τηρήσουσιν
380 1266 436 1344 τάς
460 1266 550 1343 ὁδοὺς
576 1269 680 1336 αὐτοῦ.
708 1272 737 1314 ¹⁶
750 1274 781 1334 οἱ
813 1264 1002 1353 ήδυναστεία
1021 1272 1076 1333 τοῦ
1094 1273 1196 1353 κυρίου
1215 1269 1266 1332 καί
1284 1264 1346 1332 ῦπὸ
1358 1272 1422 1332 τῶν

173 1349 353 1440 φοβούμενοι
376 1349 481 1436 κύριον
503 1349 677 1437 ζητήσουσιν
699 1351 780 1418 εῦδο·
814 1356 960 1417 ταπεινῶν
985 1347 1147 1427 δοξάζεται.
1187 1347 1422 1436 22χαλεπῶτερά

174 1444 243 1502 κίαν
257 1435 369 1510 αὐτοῦ,
392 1438 444 1499 καί
458 1440 489 1499 οί
502 1434 675 1512 ἀγαπῶντες
689 1435 781 1501 αὐτὸν
815 1459 868 1499 σου
881 1434 922 1518 μή
941 1430 1026 1518 ζήτει,
1045 1439 1096 1499 καί
1114 1429 1289 1518 ίσχυρότερά
1307 1459 1362 1499 σου
1381 1434 1422 1517 μή

173 1516 439 1615 ἐμπλησθήσρνται
452 1523 508 1581 τοῦ
522 1515 622 1620 νόμου.
648 1522 779 1597 27οῑφο-
814 1519 936 1594 ἐξέταζε.
962 1520 992 1560 22
1007 1514 1029 1582 ἀ
1046 1514 1213 1603 προςετάγη
1232 1542 1293 1593 σοι,
1324 1521 1423 1582 ταῦτα

173 1597 311 1688 βοῦμενοι
331 1624 433 1683 κυριον
455 1602 642 1682 έτοιμασουσι
659 1605 781 1688 καρδίας
814 1603 947 1666 διανοοῦ.
979 1599 1016 1665 οά
1035 1599 1095 1686 γάρ
1114 1607 1179 1666 ἐστί
1198 1625 1243 1665 σοι
1260 1607 1345 1684 χρεία
1360 1604 1422 1664 τῶν

173 1681 293 1758 αὐτῶν,
311 1684 362 1746 καί
379 1680 508 1747 ένιόπιον
527 1677 621 1750 αῦτοῦ
635 1683 780 1752 ταπεινῶ-
814 1689 965 1767 κρυπτῶν.
1003 1685 1032 1726 ²³
1045 1689 1076 1748 ἐν
1099 1696 1162 1759 τοῖς
1186 1698 1335 1767 περισσοῖς
1362 1687 1422 1748 τῶν

174 1790 259 1832 σσυσι
272 1763 329 1840 τάς
343 1763 441 1849 ψυχάς
459 1765 568 1831 αὐτῶν.
593 1770 621 1812 22
633 1765 781 1851 ἐμπεσοῦ-
814 1771 910 1850 ἔργων
928 1793 985 1833 σου
1004 1766 1044 1849 μή
1062 1767 1260 1852 περιεργάζου.
1296 1766 1423 1830 πλείονα

173 1860 254 1933 μεθα
267 1853 306 1923 είς
316 1859 413 1933 χεῖρας
426 1856 528 1954 κυρίου
538 1854 588 1915 καί
600 1849 656 1916 οῦκ
669 1859 709 1928 εἰς
722 1864 781 1937 χεῖ·
814 1849 871 1935 γάρ
897 1853 1038 1924 συνέσεως
1062 1848 1237 1936 ἀνθρώπων
1260 1845 1424 1953 ἀπεδείχθη

175 1958 230 2015 ρας
243 1930 426 2015 ἀνθρώπων.
453 1931 593 2037 ωςγάρή
605 1932 780 2017 μεγαλωσῦ·
814 1960 872 1998 σοι.
909 1934 942 1976 22
967 1932 1100 2008 πολλοὺς
1124 1933 1183 2019 γὰρ
1210 1927 1373 2016 ἐπλάνησεν
1401 1960 1421 2016 η

176 2042 212 2098 νη
225 2012 338 2091 αὐτοῦ,
355 2011 451 2092 οὕτως
463 2019 514 2080 καί
526 2041 561 2081 το
575 2019 659 2092 ἔλεος
672 2018 779 2085 αὐτοῦ,
814 2014 968 2099 ὑπόληψις
981 2013 1101 2093 αὐτῶν,
1114 2021 1166 2081 καὶ
1184 2015 1312 2081 ὑπόνοια
1324 2039 1422 2098 πονη-

202 2104 215 2131 ⁹
365 2103 399 2162 Κ
411 2106 440 2162 E
454 2104 492 2162 Φ.
535 2096 588 2164 Γ.
814 2101 853 2205 ρά
867 2098 1017 2184 ἀλίσθησε
1030 2100 1164 2176 διανοίας
1176 2098 1287 2165 αὐτῶν.
1324 2101 1356 2143 22
1369 2102 1423 2164 καί

181 2149 287 2263 Εμοῦ
303 2183 360 2245 τοῦ
376 2179 494 2267 πατρός
511 2179 662 2249 ἀκούσατε
681 2188 780 2262 τέκνα,
814 2211 832 2250 ο
846 2182 974 2260 ἀγαπῶν
985 2185 1119 2249 κίνδυνον
1137 2187 1168 2248 ἐν
1185 2182 1269 2267 αὐτῷ
1288 2186 1423 2257 ἐμπεσεῖν

174 2269 225 2329 καί
237 2259 334 2339 οῦτως
346 2260 500 2348 ποιήσατε,
514 2271 564 2331 ἵνα
577 2272 705 2352 σωθήτε.
732 2272 747 2311 2
761 2268 779 2334 ὁ
814 2293 873 2333 ται.
900 2267 1009 2352 καρδία
1020 2267 1134 2352 σκληρά
1147 2266 1360 2347 κακωθήσεται
1373 2264 1419 2330 ἐπ’

172 2345 231 2431 γάρ
253 2343 353 2433 κῦριος
375 2344 496 2425 ἐδόξασε
518 2355 637 2437 πατέρα
659 2353 710 2417 ἐπί
731 2354 780 2417 τέ·
814 2345 951 2435 ἐσχάτων.
976 2351 1006 2393 22
1019 2353 1126 2438 καρδία
1138 2348 1252 2436 σκληρά
1263 2345 1423 2449 ρλαρυνθή-

173 2456 261 2507 κνοις,
284 2432 335 2495 καί
356 2437 449 2536 κρίσιν
473 2434 585 2520 μητρὸς
607 2438 781 2518 ἐστερέωσεν
814 2459 897 2499 σεται
909 2432 1028 2508 πόνοις,
1041 2431 1122 2500 καίὸ
1137 2433 1315 2518 ἁμαρτωλὸς
1327 2457 1422 2517 προς-

174 2513 218 2595 ἐφ’
234 2517 317 2588 υἱοῖς.
343 2517 388 2581 2ο
406 2521 499 2598 τιμῶν
517 2520 635 2601 πατέρα
652 2514 780 2593 ίξιλάσι-
813 2514 900 2600 θήσει
913 2514 1063 2603 ἁμαρτίαν
1078 2515 1120 2599 ἐφ’
1137 2514 1303 2602 ἁμαρτίαις.
1330 2517 1422 2580 22ἑπ-

172 2623 222 2661 ται
237 2595 392 2681 ἁμαρτίας.
418 2601 499 2665 *καί
516 2597 556 2675 ῶς
571 2599 587 2665 ὁ
601 2599 779 2685 ἀποθησαυ·
813 2599 917 2684 αγιογή
944 2599 1138 2684 ὑπερηφάνου
1158 2600 1212 2665 οάκ
1234 2602 1314 2664 ἔστιν
1334 2600 1423 2674 1ἰασις,

172 2685 275 2765 ρδζων,
295 2683 312 2744 ὁ
329 2679 462 2759 δοξάζων
478 2688 592 2769 μητέρα
605 2683 710 2749 αὐτοῦ.
736 2683 779 2750 2ό
813 2683 909 2765 φυτὸν
921 2682 980 2768 γάρ
993 2691 1138 2768 πονηρίας
1155 2686 1306 2768 ἐρρίζωκεν
1318 2685 1350 2746 ἐν
1363 2681 1424 2748 αά-

171 2769 265 2843 τιμῶν
298 2769 419 2847 πατέρα
443 2763 684 2850 εὐφρανθήσεται
715 2764 778 2834 ὑπὸ
813 2772 867 2851 τῷ.
893 2768 924 2808 ²⁹
934 2767 1045 2851 καρδία
1058 2772 1176 2832 συνετοῦ
1189 2766 1424 2848 διανοηθήσεται

171 2847 392 2918 τε’κνων,καίε’ν
402 2845 498 2931 ἡμέρη
511 2877 536 2914 π
556 2856 669 2935 οςευχής
683 2848 780 2917 αὐτοῦ
812 2847 1000 2934 παραβολήν,
1013 2852 1065 2913 καί
1077 2839 1130 2923 οῦς
1144 2847 1298 2934 ἀκροατοῦ
1310 2851 1420 2912 ἐπιθυ-

172 2927 442 3012 είςακουσθήσεται.
470 2932 486 2972 2
500 2931 518 2995 ὁ
536 2874 671 3010 δοξάζων
683 2938 778 2999 πατέ-
811 2936 864 3015 μία
876 2935 982 3009 σοφοῦ.
1000 2932 1032 2974 ⁸⁰
1044 2937 1105 3014 πῦρ
1116 2928 1326 3010 φλογιζόμενον
1339 2929 1422 2994 ἀπο·

171 3037 212 3095 ρα
233 3008 492 3095 μακροημερεῦσει,
505 3017 557 3080 καί
578 3013 596 3080 ὁ
619 3014 779 3091 είςακοῦων
812 3016 908 3101 σβέσει
922 3010 1012 3097 ὕδωρ,
1038 3011 1272 3095 καίέλεημοσῦνη
1285 3009 1422 3085 ἐξιλάσε-

171 3101 275 3176 κυρίου
285 3093 450 3161 ἀναπαύσει
460 3103 576 3201 μητέρα
587 3098 695 3177 αὐτοῦ,
710 3103 778 3166 2καί
811 3122 861 3162 ται
874 3093 1029 3181 ἁμαρτίας.
1054 3097 1079 3137 22
1093 3092 1111 3160 ὃ
1127 3092 1348 3167 ἀνταποδιδοὺς
1361 3096 1422 3177 χοί-

171 3173 212 3250 ῶς
225 3176 386 3252 δεσπόταις
398 3180 544 3246 δουλευσει
558 3186 663 3258 ἐντοῖς
676 3181 776 3268 γεννή·
811 3206 894 3268 ριτας
906 3183 1045 3263 μέμνηται
1058 3183 1097 3254 είς
1109 3175 1148 3243 τά
1159 3173 1230 3260 μετά
1243 3179 1356 3252 ταῦτα,
1367 3182 1424 3244 καί

172 3283 257 3361 σρισιν
268 3257 371 3325 αῦτόν.
396 3263 448 3328 2ἐν
461 3266 537 3348 ἐργῳ
550 3269 601 3330 καὶ
612 3262 693 3352 λόγῳ
705 3274 778 3352 τίμα
810 3269 842 3330 ἐν
854 3267 951 3349 καιρῷ
962 3258 1102 3337 πτῶσεως
1114 3258 1228 3349 εῦρήσει
1241 3255 1399 3346 στήριγμα.

170 3367 224 3407 τον
236 3346 356 3429 πατέρα
376 3370 448 3422 σου,
466 3352 515 3412 ’ίνα
533 3351 648 3434 ἐπέλθῃ
666 3377 715 3417 σοι
728 3349 778 3416 εά-
1000 3352 1074 3411 ΚΕ
1087 3352 1126 3410 Φ.
1170 3349 1222 3410 Δ’.

171 3425 259 3505 λογία
270 3425 340 3513 παρ’
357 3427 463 3496 αὐτοῦ.
490 3421 700 3518 2εῦλσγίάγάρ
715 3461 776 3501 πα·
818 3398 949 3497 Τέκνον
973 3428 1028 3513 τήν
1054 3428 1132 3513 ζωήν
1149 3433 1207 3494 τοῦ
1230 3433 1354 3532 πτωχοῦ
1378 3429 1420 3513 μή

170 3512 244 3616 τρός
257 3514 382 3615 στηρίξει
395 3516 493 3591 οἴκους
506 3519 631 3593 τέκνων,
658 3515 779 3601 κατάρα
812 3508 1030 3603 ἀποστερήσῃς,
1056 3516 1106 3578 καί
1124 3510 1165 3598 μή
1182 3512 1370 3602 παρελκυσῃς
1383 3510 1418 3574 ὀ-

172 3594 205 3657 δι
216 3621 328 3679 μητρος
341 3600 449 3682 ἐκριζοῖ
460 3599 592 3680 θεμελαα.
630 3604 659 3647 ¹⁰
671 3597 711 3683 μή
724 3602 779 3666 δο-
812 3596 972 3682 φθαλμσῦς
986 3597 1113 3673 ἐπιδεεῖς.
1137 3594 1261 3681 2ψυχήν
1273 3598 1419 3659 πεινῶσαν

172 3671 263 3751 ξάζου
277 3683 308 3743 ἐν
321 3677 424 3763 ἀτιμίᾳ
438 3678 556 3767 πατρός
571 3710 641 3762 σου,
668 3683 705 3748 οῦ
719 3679 778 3768 γάρ
811 3681 850 3767 μή
869 3682 1017 3764 λυπήσης,
1043 3682 1094 3747 καί
1111 3677 1151 3765 μή
1168 3683 1350 3771 παροργίσῃς
1364 3676 1418 3740 ἀν-

171 3761 234 3858 ἐστί
246 3786 294 3825 σοι
306 3757 380 3837 δόξα
391 3763 507 3849 πατρὸς
520 3764 632 3849 ἀτιμία.
657 3767 706 3850 22ή
719 3766 778 3851 γὰρ
812 3767 869 3849 δρα
882 3770 915 3831 ἐν
927 3753 1043 3869 ἀπὀρίρ
1055 3763 1161 3830 αῦτοῦ.
1184 3762 1328 3847 2καρδίαν
1339 3785 1419 3844 παρ-

173 3841 249 3916 δοξα
262 3841 432 3925 ἀνθρώπου
449 3853 480 3912 ἐκ
493 3855 577 3933 τιμής
593 3847 778 3934 πατρόςαά-
813 3853 984 3933 οργισμένην
1002 3876 1043 3930 μη
1060 3872 1155 3932 προςτ
1195 3841 1282 3928 άξης,
1308 3846 1361 3907 καί
1377 3842 1419 3929 μή

171 3928 236 3999 τοῦ,
251 3930 300 3990 καί
313 3927 424 4005 ὄνειδος
433 3934 546 4008 τέκνοις
554 3933 651 4018 μήτηρ
661 3937 692 3996 ἐν
704 3930 776 3996 ἀδο-
811 3929 999 4015 παρελκῦσης
1011 3929 1094 3996 δόσιν
1102 3871 1321 4033 προῧεομένου.
1334 3927 1420 3991 2ίιιέ-

170 4008 229 4106 ξίηιι.
256 4011 283 4048 22
295 4013 397 4077 τέκνον
410 4012 572 4103 ἀντιλαβοῦ
583 4020 615 4080 ἐν
625 4011 704 4098 γήρᾳ
716 4041 778 4078 πα-
811 4039 865 4095 την
878 3998 1058 4101 θλιβόμενον
1070 4012 1110 4098 μή
1124 4017 1304 4087 απαναίνου,
1317 4011 1369 4074 καί
1377 4009 1420 4114 μή

170 4115 241 4170 ῐρθς
261 4117 333 4168 σου,
358 4100 410 4161 καὶ
424 4096 463 4180 μή
483 4093 617 4185 λυπήσῃς
633 4095 729 4163 αὐτὸν
746 4102 778 4164 ἐν
811 4095 1008 4184 ἀποστρέηιης
1030 4098 1067 4164 τό
1093 4092 1257 4184 πρόςωπόν
1279 4120 1335 4160 σου
1355 4092 1419 4159 ἀπο

169 4179 209 4265 τῇ
219 4177 280 4269 ζωῇ
293 4177 398 4242 αὐτοῦ.
425 4182 452 4223 ¹³
461 4180 518 4263 κη’ίν
530 4180 681 4273 ἀπολείπῃ
695 4177 777 4246 σῦνε·
810 4186 942 4264 πτωχοῦ.
969 4168 1052 4248 ίάπὸ
1065 4182 1205 4262 δεομένου
1214 4176 1255 4263 μή
1269 4177 1421 4258 ἀποστρέ-

171 4280 217 4356 σιῃ
230 4259 400 4344 συγγνώμην
417 4265 478 4346 έχε,
505 4265 555 4327 καί
572 4263 612 4345 μή
631 4261 777 4355 ἀτιμάσῃς
811 4284 873 4347 εμης
887 4261 1060 4347 ὀφθαλμόν,
1074 4263 1175 4348 καίμή
1188 4259 1353 4346 δῷςτόπον
1365 4260 1421 4326 ἀν-

170 4338 265 4438 αρτὸν
276 4346 308 4406 ἐν
324 4342 408 4430 πάσῃ
427 4343 508 4428 ίσχῦῖ
523 4371 587 4410 σου.
614 4346 643 4389 ¹⁴
657 4349 776 4431 ἐλεημο-
810 4336 929 4432 θρῶπῳ
952 4344 1190 4433 καταράσασθαί
1210 4372 1252 4412 σε.
1290 4346 1417 4411 6κατα·

168 4445 243 4505 συνη
255 4424 313 4508 γὰρ
326 4423 442 4511 πατρὸς
459 4425 514 4492 οῦκ
533 4426 775 4513 δπιλησθήσεται,
810 4433 941 4515 ρωμένου
960 4428 1018 4514 γάρ
1036 4457 1068 4496 σε
1084 4435 1116 4496 ἐν
1133 4434 1239 4515 πικρίᾳ
1252 4432 1349 4515 ψυχῆς
1362 4424 1419 4493 αὖ·

167 4506 218 4568 καί
236 4503 302 4571 ἀντί
322 4504 477 4594 ἁμαρτιῶν
499 4514 773 4599 προςανοικοδομη-
811 4519 881 4591 τοῦ,
906 4519 960 4599 τής
972 4511 1097 4599 δεήσεως
1110 4512 1206 4580 αὐτοῦ
1218 4510 1421 4614 ἐπακούσεται

1398 4621 1417 4658 ο
