2924 4972
126 235 193 305 816
486 223 791 283 ευευοσιντ
829 220 1002 304 νευρήν.

123 361 177 419 γον
199 344 303 424 κυρίου
329 334 409 410 οἶκος
428 333 551 421 Ἰακὼβ,
576 337 626 398 καί
644 339 728 398 πάοα
764 337 875 416 Γιγῶν,
899 334 953 397 καί
965 339 996 396 τί
1008 357 1056 396 σοι
1068 333 1117 395 καί
1129 335 1169 423 τῇ
1184 327 1247 413 ὁδῶ
1261 330 1366 396 Ἀσσιν

123 420 236 505 πατριά
260 421 353 483 οἴκου»
368 413 499 501 Ἰσραήλ.
539 412 636 480 2τάδε
654 416 729 493 λε’γει
765 421 837 498 ρίων
849 419 906 479 τοῦ
914 426 992 481 πιεῖν
1000 412 1081 499 ὕδωρ
1090 417 1252 496 ποταμῶνς
1263 414 1376 477 22παι·

124 501 233 589 κύριος.
262 507 294 564 τί
310 496 439 587 εύροσαν
457 505 487 563 οἱ
505 503 630 583 πατέρες
648 495 729 580 ὑμῶν
764 494 858 562 δεύσει
871 495 1121 581 σεήάποστασία
1134 520 1198 569 σου,
1218 496 1271 559 καί
1283 491 1304 574 ἢ
1318 523 1377 561 κα·

125 592 157 653 ίν
173 586 238 686 ἕμρί
255 581 468 687 πλήμμέλημας
493 579 540 646 ὅτι
558 580 729 682 ἀπὲρτησαν
763 587 815 645 κία
827 604 882 644 οσυ
896 581 1002 683 ἐλέγξει
1013 605 1051 644 σε.
1077 581 1128 643 καί
1139 583 1245 656 γνῶθι,
1258 580 1311 642 καὶ
1324 581 1377 657 ἴδε,

122 691 238 753 μακραν
264 664 309 729 ἀπ
336 670 423 747 ἐμοῦ,
447 667 500 730 καί
521 669 728 768 ἐπορευθήσαν
764 661 811 727 ότι
827 686 934 767 πσιρον
951 687 1001 727 σοι
1017 661 1054 726 τὸ
1072 660 1248 726 καταλιπεῖν
1261 686 1295 725 σε
1312 662 1377 746 ἐμὲ,

86 764 89 772 “
124 755 221 816 ὀπίσω
234 752 294 813 τῶν
305 755 453 831 ματαίων,
475 750 526 812 καί
539 751 728 827 ἐματαιωθη-
765 746 839 822 λέγει
857 772 893 809 κυ
914 771 957 819 ιος
973 742 992 808 ὃ
1010 741 1081 818 θεός
1094 767 1156 808 σου.
1183 746 1234 807 καί
1252 742 1311 809 σιἰκ
1326 747 1380 810 εύ-

124 858 196 912 σαν,·
226 835 305 896 2ιιαί
324 829 379 896 ούκ
399 829 494 896 εἶπαν.
519 834 583 894 ποῦ
599 832 658 894 ἔστι
676 827 728 891 κύ-
765 825 877 912 δόκήσα
894 771 945 891 ίπλ
962 829 1026 902 σοί,
1051 827 1125 903 λέγει
1144 822 1244 912 κύριος
1263 825 1282 892 ὁ
1302 827 1379 906 θεάς

123 944 200 1001 ριος,
226 911 417 991 όάναγαγῶν
430 911 504 996 ήμάς
516 917 548 977 ἐκ
562 918 616 996 γῆς
628 909 728 988 Αίγύ-
765 937 829 976 σου.
868 913 899 955 ²⁰
912 907 959 974 ότι
984 908 1035 974 ἀπ’
1056 914 1165 984 αἰῶνος
1191 913 1379 996 συνέτριφας

122 1025 211 1073 πτου,
225 994 242 1062 ὃ
255 995 468 1082 καθσδήγήσας
479 993 554 1079 ήμᾶς
566 996 598 1059 ἕν
609 997 649 1087 τῇ
659 992 728 1079 ἐρή-
764 996 818 1059 τόν
842 991 931 1070 ζυγόν
955 1018 1011 1058 σου
1015 1042 1025 1070 ,
1050 995 1101 1055 ναὶ
1119 994 1285 1068 διέσπασας
1304 997 1377 1071 τοὺς

123 1110 169 1166 μῳ
191 1085 221 1145 ἕν
235 1086 274 1162 γῆ
293 1079 407 1165 ἀπείρῳ
426 1083 478 1144 καί
499 1073 614 1164 ἀβάτῳ,
641 1082 673 1142 ἐν
689 1081 727 1170 γή
765 1072 885 1159 δεσμούς
898 1102 969 1152 σου,
988 1080 1039 1141 καὶ
1050 1075 1149 1151 εἶπας,
1167 1074 1203 1140 σύ
1218 1074 1380 1144 δουλεύσω

123 1163 241 1250 ἀνύδρῳ
254 1152 304 1228 λαί
316 1162 455 1246 ἀκάρπῳ,
470 1165 501 1226 ἐν
514 1152 584 1252 γήῇ
602 1157 639 1225 ού
655 1157 726 1225 διά·
765 1186 824 1236 σοι,
840 1157 920 1224 ἀλλά
930 1156 1112 1244 πορεύσομαι
1125 1160 1174 1223 ε’πί
1186 1156 1291 1224 πάντα
1303 1167 1377 1246 βου-

122 1250 219 1314 δευσεν
240 1249 271 1310 ίν
288 1271 365 1328 αυτη
385 1270 460 1329 ανιγρ
482 1242 590 1320 ούθὲν,
615 1245 666 1307 καί
690 1240 727 1307 ού
764 1241 819 1308 νὸν
832 1238 961 1326 ύεμιγλὸν,
973 1244 1024 1306 καί
1036 1238 1180 1306 ὑποκάτω
1193 1243 1314 1319 παντὸς
1325 1242 1376 1321 ξό-

123 1327 290 1415 κατῷκηοεν
303 1317 467 1415 ἀνθρωπσς
478 1331 545 1391 ἐκεῖ.
563 1329 577 1370 2
589 1330 639 1392 καί
651 1323 727 1409 ήγα·
764 1325 822 1390 λου
834 1332 1016 1402 κατασκίου,
1036 1330 1097 1391 ἐκεῖ
1107 1322 1334 1431 διαχυθήσομαι
1345 1332 1376 1393 ἐν

121 1440 177 1493 γον
190 1412 263 1496 ὑμᾶς
275 1417 315 1487 είς
326 1409 381 1477 τόν
393 1406 572 1494 Κάρμηλον,
598 1413 655 1473 τού
667 1432 726 1489 φα·
764 1413 802 1500 τῇ
819 1415 942 1495 πορνείᾳ
959 1433 1026 1493 μου.
1057 1411 1083 1450 22
1097 1407 1156 1486 ἐγώ
1172 1408 1205 1472 δὲ
1222 1411 1375 1492 ἐφυτευσά

120 1509 182 1578 γεῖν
210 1495 293 1577 ὑμᾶς·
306 1494 378 1568 τοὺς
398 1494 532 1576 καρποὺς
553 1490 652 1557 αάτσῦ
677 1493 728 1555 καί
765 1517 797 1557 σε
807 1491 936 1575 ἀμπελον
945 1488 1140 1577 καρποφόρον
1148 1497 1252 1559 πᾶσαν
1261 1492 1373 1579 ἀληθι-

121 1578 161 1644 τά
174 1577 281 1656 ἀγαθά
300 1574 404 1641 αὐτοῦ.
429 1578 480 1640 καί
492 1571 650 1656 είςήλθετε,
676 1577 727 1638 καί
764 1571 826 1659 νήν.
852 1581 918 1650 πῶς
930 1575 1081 1660 ἒστράφής
1094 1580 1133 1650 είς
1144 1584 1269 1661 πικρίαν
1282 1576 1303 1663 ή
1317 1578 1373 1661 ἀμ·

123 1657 261 1745 ἐμιάνατε
271 1658 326 1743 τήν
336 1663 391 1744 γῆν
402 1683 471 1740 μου,
490 1659 542 1722 καί
552 1657 606 1740 τήν
617 1656 726 1741 κλήρο-
763 1657 851 1734 πελος
873 1657 1070 1743 ήάλλοτρίας
1095 1661 1126 1701 22
1138 1656 1192 1724 ἐάν
1208 1658 1373 1753 ἀποπλύνῃ

123 1751 228 1829 νομίαν
243 1769 299 1848 μου
311 1746 421 1807 ἔθεσθε
433 1746 471 1816 είς
484 1740 642 1828 βδελυγμα.
669 1744 685 1784 2
698 1744 727 1804 οἶ
764 1745 795 1806 ἐν
803 1748 905 1826 νίτρῳ,
917 1744 968 1807 καί
980 1740 1135 1830 πληθύνρς
1147 1749 1260 1838 σεαυτῇ
1266 1751 1369 1820 ποίαν,

123 1833 204 1913 ἱερεῖς
218 1852 274 1892 ουκ
287 1824 382 1902 είπαν,
394 1830 457 1890 ποῦ
470 1829 532 1891 ἐστι
546 1823 647 1910 κύριος
650 1853 663 1902 ,·
677 1828 728 1888 καί
764 1826 956 1910 κεκηλίδωοαι
965 1829 997 1891 ἐν
1006 1837 1072 1899 ταῖς
1082 1824 1207 1902 ἀδικίαις
1219 1852 1272 1891 σου
1282 1831 1371 1891 ἐναν-

123 1915 154 1975 ot
178 1905 359 1995 ἀντεχόμενοι
380 1913 436 1972 τοῦ
458 1904 550 1991 νόμου
576 1907 631 1972 ούκ
656 1906 727 1990 ήπί-
763 1914 828 1973 τίον
839 1913 923 1990 ἐμοῦ,
941 1907 1018 1987 λέγει
1031 1905 1139 1994 κύριος.
1167 1912 1270 1984 22πῶς
1283 1914 1371 1994 ἐρεῖς,

123 1989 234 2058 σταντό
247 2017 291 2075 με,
304 1995 354 2055 καί
367 1995 399 2056 οδ
410 1994 544 2074 ποιμένες
555 1988 677 2076 ἠσέβουν
689 1995 728 2064 εἰς
764 1992 819 2056 ούκ
837 1988 994 2076 ἕμιάνθήν,
1020 1998 1072 2057 καί
1090 1993 1187 2059 ὀπίσω
1202 1997 1256 2098 τής
1274 1991 1372 2060 Βάαλ

123 2076 182 2155 ἐμὲ,
196 2078 248 2139 καί
260 2078 291 2140 σί
302 2078 458 2160 προφῆται
471 2068 678 2160 ἐπροφήτευον
690 2077 728 2166 τῇ
764 2073 820 2140 οὐκ
838 2072 1022 2162 ἐπορεύθην,
1050 2077 1091 2140 ἴδε
1103 2076 1159 2152 τάς
1171 2075 1261 2153 ὁδους
1273 2105 1329 2144 σου
1341 2081 1372 2145 ἐν

122 2155 230 2235 Βάαλ,
249 2159 300 2222 καί
311 2157 410 2223 ὀπίσω
424 2156 592 2237 ἀνωφελοῦς
603 2154 727 2242 ἕπορεύ-
763 2164 808 2242 τῷ
820 2159 1027 2246 πολυανδρίῳ,
1052 2163 1104 2224 καί
1113 2165 1209 2238 γνῶθι
1224 2167 1256 2225 τί
1266 2165 1372 2244 ἐποίη-

121 2253 231 2327 θήσαν.
257 2239 334 2306 2διά
358 2244 450 2306 τοῦτο
476 2244 519 2305 ἔτι
543 2237 726 2326 κριθήσομαι
763 2267 826 2316 σας.
840 2240 902 2326 ἀψὲ
913 2243 997 2325 φωνή
1011 2240 1104 2327 αὐτῆς
1117 2240 1257 2321 ιάλόλυξε,
1274 2245 1308 2288 ²⁴
1317 2247 1371 2317 τάς

121 2325 197 2411 πρὸς
215 2323 304 2407 ὑμᾶς,
328 2326 380 2391 καί
391 2323 469 2410 πρὸς
483 2321 554 2398 τούς
566 2323 648 2401 υἶσύς
664 2329 726 2389 τῶν
763 2322 850 2400 ὁδούς
861 2323 955 2408 αὐτῆς
968 2323 1127 2393 ἐπλάτυνεν
1139 2326 1183 2409 ἐφ’
1193 2325 1293 2394 ύδατα
1302 2325 1370 2414 ἐρή-

121 2415 195 2474 υἶῶν
212 2406 293 2490 ἀμῶν
309 2404 500 2493 κριθήσομαι.
537 2411 567 2451 ¹⁰
578 2405 655 2473 διότι
671 2407 724 2470 ἔλ-
761 2411 866 2492 μου,ἕν
878 2413 1048 2494 ἐπιθυμίαις
1058 2416 1153 2516 ψυχῆς
1165 2409 1259 2494 αὐτῆς
1269 2416 1369 2478 ἔπνευ-

122 2504 190 2560 θετε
212 2498 249 2568 είς
265 2488 375 2575 νήσους
392 2492 547 2574 Χεττιεὶμ,
572 2493 623 2556 καί
642 2492 724 2565 ἴδετε,
760 2505 977 2596 ματοφορεῖτο,
996 2493 1157 2577 παρεδοθιγ,
1169 2499 1214 2566 τίς
1226 2499 1370 2578 ἑπιστρέ·

120 2580 172 2642 καί
187 2583 226 2651 εἰς
237 2575 345 2661 Κηδάρ
363 2573 571 2650 ἀποστείλατε,
595 2577 646 2639 καί
657 2570 725 2661 νοή-
763 2595 812 2658 φει
825 2573 933 2659 αυτήν,·
951 2573 1054 2651 πάντες
1066 2578 1097 2639 οί
1108 2579 1259 2658 ζητοῦντες
1271 2575 1371 2658 αάτήν

120 2685 192 2725 σατε
220 2656 349 2743 σφόδρα,
386 2660 438 2722 καί
469 2659 542 2723 ἴδετε
571 2663 596 2721 εί
624 2661 724 2736 γε’γονε
763 2658 799 2724 ού
812 2656 1016 2739 κοπιάοουσιν,
1034 2663 1111 2744 ἕντῆ
1124 2654 1295 2722 ταπεινώσει
1308 2658 1370 2725 αύ-

119 2747 256 2806 τοιαῦτα.
276 2748 301 2784 22
314 2747 338 2805 εί
351 2739 537 2816 ἀλλάξωνται
550 2745 624 2825 ε”θνη
636 2741 724 2816 θεοὺς
761 2748 815 2824 τής
827 2740 997 2826 εάοήσουσιν
1010 2732 1114 2848 αύτήύι
1130 2744 1160 2785 22
1174 2737 1371 2828 ἀπόστρεψον

119 2822 233 2899 αὐτῶν,
260 2826 312 2888 καί
325 2815 409 2886 ούτοι
422 2821 476 2887 ούκ
488 2827 544 2888 εἰσὶ
554 2831 633 2888 θεοί.
660 2823 677 2888 ό
691 2825 722 2889 δὲ
761 2826 815 2890 τὸν
826 2803 907 2891 πόδα
921 2853 975 2893 οου
990 2826 1051 2892 ἀπὸ
1065 2829 1138 2893 οδοῡ
1149 2831 1297 2911 τραχείας,
1319 2837 1369 2891 καί

119 2903 190 2982 λαός
206 2933 263 2991 μου
281 2905 430 2990 ἠλλάξατο
447 2906 502 2990 τήν
514 2902 604 2983 δόξαν
616 2908 722 2984 αὐτοῦ,
761 2907 814 2973 τὸν
826 2906 966 2993 φάρυγγά
977 2936 1033 2974 σου
1045 2908 1108 2974 ἀπό
1122 2911 1240 2992 δίψους.
1252 2908 1272 2990 ἡ
1285 2910 1318 2974 δὲ
1327 2910 1367 2975 ελ-

118 2992 149 3065 δξ
175 2983 209 3073 ἧς
226 2988 282 3055 οάκ
302 2985 554 3073 ὠφεληθήσονται.
580 2993 607 3033 22
621 2995 722 3075 ἐξέστη
760 3017 827 3070 πεν,
852 2992 1034 3077 ἀνδριοῡμαι,
1053 2988 1261 3076 ότιήγαπήκει
1274 2991 1366 3059 ἀλλο-

116 3069 134 3136 δ
149 3070 276 3156 σάρανὸς
289 3075 337 3136 ἐπί
350 3069 464 3155 τούτῳ,
482 3079 532 3139 καί
545 3075 658 3158 ἔφριξεν
670 3076 722 3139 ἀπὶ
761 3082 873 3157 τρίους,
898 3078 950 3139 καί
963 3075 1062 3140 ὀπίσω
1081 3074 1183 3140 αὐτῶν
1197 3072 1363 3161 ἐπορεύετο.

115 3155 216 3219 πλεῖον
233 3151 366 3237 σφόδρα,
393 3155 467 3231 λέγει
487 3154 594 3242 κύριος.
633 3161 660 3201 ¹³
674 3154 721 3223 ότι
760 3161 790 3202 22
804 3157 844 3233 ῶς
856 3155 979 3241 αἰσχύνη
991 3158 1120 3224 κλέπτου
1133 3156 1210 3224 ὅταν
1223 3157 1300 3243 ἀλῶ,
1315 3155 1366 3224 ού·

114 3234 171 3302 δύο
188 3238 239 3302 καί
251 3234 372 3322 πονηρά
387 3241 522 3343 ε’ποίήσεν
537 3236 641 3316 ἀλαός
652 3267 719 3322 μου.
759 3267 817 3314 τως
836 3236 1090 3323 αῖσχιινθήσονται
1109 3247 1140 3306 σί
1160 3243 1223 3307 υἱοί
1237 3238 1365 3329 Ἰσραήλ,

113 3319 163 3403 ἐμὲ
181 3321 376 3399 ἰγκατέλιπον
393 3347 493 3405 πηγήν
512 3321 621 3398 ὓδατος
634 3328 719 3408 ζωῆς,
759 3321 913 3387 αὐτοίκαὶ
930 3328 961 3387 οῖ
976 3323 1106 3407 βασιλεῖς
1122 3322 1243 3406 αὐτῶν,
1268 3329 1320 3392 καί
1337 3328 1367 3390 οἶ

114 3407 166 3470 καὶ
190 3404 306 3492 ὤρυξαν
331 3406 449 3480 ἑαυτοῖς
474 3400 602 3481 λάκκους
620 3433 719 3473 ουντε-
758 3404 896 3492 ἀρχοντες
912 3403 1025 3484 αὐτῶν,
1050 3409 1103 3472 καί
1115 3411 1147 3471 οἱ
1159 3418 1244 3490 ἱερεῖς
1255 3408 1365 3486 αὐτῶν,

112 3492 298 3574 τριμμὲνους,
325 3495 358 3553 οἳ
380 3486 416 3553 οά
441 3486 612 3575 δυνήσονται
637 3487 717 3576 ύδωρ
758 3493 810 3555 καί
826 3493 858 3556 οἱ
867 3494 1023 3575 προφῆται
1042 3490 1153 3557 αὐτῶν.
1180 3494 1267 3573 22τῷ
1286 3488 1364 3574 ξύλῳ

113 3575 246 3652 συνέχειν.
272 3571 302 3612 ¹⁴
313 3570 354 3655 μή
372 3568 480 3647 δοῦλός
497 3578 576 3637 ἐστιν
585 3571 717 3660 Ἰσραήλ,
757 3571 850 3652 εἶπαν,
863 3570 910 3639 ότι
922 3570 1024 3658 πατήρ
1034 3598 1093 3657 μου
1104 3573 1186 3653 eim),
1196 3577 1248 3639 καί
1260 3580 1307 3658 τῷ
1318 3574 1362 3638 λί·

111 3650 132 3796 ή
148 3647 298 3733 οἰκογενής
315 3656 393 3732 ἰστις
418 3656 499 3719 διατί
515 3661 553 3730 εἰς
563 3656 717 3742 προνομήν
755 3666 816 3739 θῳ,
830 3657 865 3722 σύ
875 3655 1030 3743 ἐγέννήσάς
1042 3684 1086 3740 με.
1099 3660 1149 3723 καί
1158 3661 1308 3742 ἔστρεψαν
1316 3654 1362 3721 ἐπ’

126 3737 225 3808 γένετο
229 3765 241 3812 ,·
267 3739 293 3778 ¹⁵
307 3733 349 3799 ἐπ’
367 3734 460 3801 αὐτὸν
476 3736 613 3822 ὠρύοντο
632 3741 715 3806 λε’σν-
756 3739 805 3821 ἐμὲ
818 3745 910 3820 νῶτα,
924 3746 976 3806 καὶ
987 3739 1023 3806 οά
1036 3738 1183 3828 πρόςωπα
1192 3737 1305 3804 αὐτῶν.
1314 3741 1364 3804 καί

110 3840 167 3888 τες,
186 3821 237 3880 καί
249 3819 362 3881 ε”δωκαν
375 3820 430 3902 τήν
443 3819 545 3906 φωνήν
557 3821 667 3900 αὐτῶν,
686 3831 718 3887 οἳ
755 3827 786 3888 ἐν
796 3828 844 3908 τῳ
855 3830 952 3911 καιρῷ
963 3829 1024 3888 τῶν
1043 3831 1143 3891 κακῶν
1160 3822 1263 3889 αὐτῶν
1276 3827 1365 3905 ε’·ροῦ-

110 3899 286 3982 ἕταξαντήν
297 3905 353 3982 γήν
366 3901 462 3966 αὐτοῦ
474 3910 513 3977 εἰς
526 3909 646 3988 ἔρημον,
664 3909 714 3971 καί
755 3931 813 3984 σιν,
839 3905 952 3973 ἀνάστα
969 3911 1022 3973 καί
1040 3915 1137 3975 σῶσον
1154 3905 1239 3989 ἡμᾶς.
1267 3908 1299 3950 22
1313 3906 1364 3971 καί

110 3983 144 4042 οιῖ
156 3977 255 4054 πόλεις
268 3981 364 4045 αάτοῡ
376 3983 612 4069 κατεσκάφησαν,
629 3990 714 4072 παρά
752 3995 814 4054 πού
833 3995 907 4056 εἰσίν
924 3996 955 4056 οῖ
966 3998 1038 4057 θεοί
1054 4020 1125 4070 σου,
1152 3988 1205 4066 οάς
1219 3994 1365 4073 ἐποίησας

107 4061 143 4126 22
157 4060 196 4146 μ’)
211 4076 422 4165 κθετοικεΙῐσθαι.
448 4069 476 4110 ¹⁶
489 4073 540 4135 καί
552 4074 612 4136 υἱοί
624 4077 714 4155 Μέμ-
753 4078 888 4158 σεαυτῷ,
913 4078 937 4137 εἰ
949 4073 1168 4160 ἀναστήσονται
1180 4074 1232 4138 καί
1245 4070 1365 4140 σῶσου-

108 4168 186 4225 φεως
209 4148 267 4248 καίΙ
288 4154 412 4226 Ταφνας
437 4149 570 4229 ἔγνωσάν
592 4180 638 4229 σε,
663 4161 714 4222 καί
752 4182 798 4223 σιν
817 4160 848 4223 ἐν
861 4164 957 4243 καιρῷ
970 4166 1025 4244 τῆς
1044 4153 1202 4233 κακῶσεῶς
1214 4183 1271 4224 σου
1278 4187 1291 4237 ,·
1316 4154 1364 4222 ὅτι

107 4231 286 4305 κατέπαιζον
302 4255 366 4292 σου.
393 4232 460 4317 οὐχί
475 4241 574 4301 ταῦτα
591 4241 715 4322 δποίήσέ
751 4239 814 4306 κατ’
837 4239 970 4326 ἀριθμόν
995 4247 1056 4308 τῶν
1077 4238 1195 4307 πόλεών
1211 4267 1269 4307 σου
1286 4231 1364 4325 ἦσαν

106 4337 154 4378 σοι
167 4312 202 4377 τό
216 4311 389 4379 καταλιπεῖν
401 4341 436 4379 σε
451 4319 503 4396 ἐμέ
503 4346 517 4393 ,·
536 4322 563 4362 27
572 4320 646 4397 λέγει
659 4319 712 4386 κύ-
753 4330 821 4388 θεοί
847 4351 901 4389 σου
923 4323 1041 4405 Ἰούδα,
1065 4328 1117 4391 καί
1142 4321 1208 4391 κατ’
1230 4323 1364 4410 ἀριθμόν

104 4421 166 4478 ριος
179 4393 197 4462 ὃ
210 4393 280 4474 θεός
293 4422 360 4462 σου.
386 4399 414 4441 22
427 4401 478 4463 καὶ
490 4405 540 4466 νῦν
552 4409 583 4468 τί
595 4429 643 4468 σοι
661 4409 711 4471 καί
750 4403 859 4472 διόδων
889 4413 943 4492 τῆς
977 4408 1170 4495 Ἰερουσαλήμ
1198 4410 1295 4476 ἔθυον
1326 4412 1363 4506 τῇ

99 4483 140 4571 τῇ
165 4477 230 4570 ὁδῷ
249 4477 420 4565 ,Αἰγύπτου
444 4489 501 4551 τού
525 4499 602 4554 πιεῖν
628 4483 710 4575 ύδωρ
749 4486 849 4556 Βάαλ.
865 4493 895 4534 29
905 4495 987 4558 ἱνατί
996 4493 1113 4558 λαλεῖτε
1123 4488 1201 4576 πρὸς
1212 4497 1269 4576 μές
1281 4489 1363 4571 πάν·
