2924 4972
400 190 629 250 ΕΞΟΛΟΣ
668 184 1000 267 Κεφ.ίε’.λς’.35.36.
1279 194 1323 256 93

73 309 170 370 21’καί
194 305 298 389 ἐξῆλθε
323 307 407 368 πᾶσα
432 302 587 405 συναγωγῆ
610 308 683 370 υἱῶν
714 302 953 390 τοῦἈχισαμύχ,
976 306 1200 390 έκφυλῆςΑᾶν.
1224 310 1254 354 ³⁵
1267 311 1318 374 καί

72 384 195 473 Ἰσραῆλ
213 384 276 451 ἀπὸ
295 391 423 471 Μωυσῆ.
450 390 477 428 ²¹
490 388 543 450 καί
564 387 685 470 ἤνεγκαν
713 388 866 472 ἐνέπλησεν
873 385 983 465 αύτούς
992 397 1101 470 σοφίας
1110 393 1320 465 συνίσεωςδια-

74 478 200 547 ἕκαστος
224 460 267 535 ὧν
293 473 390 555 ἔφερεν
406 466 425 553 ἤ
445 471 553 555 καρδία
575 468 684 547 αὐτῶν,
713 477 803 547 τοίας,
814 469 915 537 πάντα
927 475 1053 538 συνιέναι
1065 474 1238 557 ποιῆσαιτίι
1247 479 1319 559 ἔργα

74 557 125 618 καί
144 550 226 628 ὅσοις
243 555 322 630 ἔδοξε
333 557 372 647 τῇ
384 557 463 645 ψυχῇ
476 551 578 618 αὐτῶν
591 550 685 634 ἆφαί-
712 558 768 619 τοῦ
780 551 876 634 διγίου,
895 551 996 620 καὶτὰ
1010 552 1127 637 ύφαντδ
1140 558 1193 621 καί
1206 557 1319 622 ποικιλ-

74 638 156 719 ρεμα.
181 639 233 702 καὶ
246 635 367 720 ἤνεγκαν
380 636 529 721 ἆφαίρεμα
541 642 632 719 κυρίῳ
645 641 684 712 είς
713 635 753 700 τὰ
765 634 873 718 ύφύναι
886 643 931 723 τῷ
941 645 1078 724 κοκκίνῳ,
1093 640 1146 705 καὶ
1158 645 1196 747 τίῆ
1206 635 1320 725 βύσσῳ,

73 717 226 785 πάντατὰ
239 723 312 804 ἔργα
323 724 376 805 τῆς
389 724 493 823 σκηνῆς
505 724 561 785 τοῦ
570 745 684 805 μαρτυ-
713 732 805 783 ποιεῖν
819 725 881 788 πᾶν
898 725 985 808 ἔργον
997 720 1226 808 ἇρχιτεκτονιας,
1250 749 1320 788 ποι·

74 811 150 883 ρίου,
163 806 214 868 καί
226 808 265 878 είς
276 798 377 868 πάντα
389 802 427 866 τδι
441 807 569 888 κατεργα
581 801 683 886 αὐτῆς,
713 802 814 879 κιλίας.

74 890 126 950 καί
142 891 181 962 είς
196 882 297 962 παίσας
315 885 369 961 τὰς
391 883 498 963 στολὰς
514 890 571 951 τοῦ
586 882 682 964 ἆγίου.
897 892 928 950 Κ
940 892 1018 952 ΕΦ.
1061 883 1131 965 Ad.

10 981 18 991 '
73 973 103 1010 ²²
116 972 168 1034 καί
180 969 299 1054 ἤνεγκαν
311 974 342 1034 σί
354 965 455 1055 ἄνδρες
467 969 553 1055 παρὰ
561 973 621 1033 τῶν
628 995 683 1046 γυ-
713 936 797 1034 Kal
808 971 926 1051 ἐποίησε
934 966 1079 1055 Βεσελεῆλ
1088 974 1139 1036 καί
1147 970 1260 1060 ’HQ
1269 976 1320 1039 καί

74 1057 192 1130 ναικῶν,
205 1058 265 1128 πᾶς
276 1043 301 1136 ᾧ
313 1055 392 1129 ἔδοξε
405 1057 442 1147 τῇ
454 1053 582 1158 διανοίρ,
599 1052 683 1136 ἤνεγ-
713 1057 774 1126 πᾶς
787 1049 881 1132 σοφὸς
893 1056 930 1143 τῇ
942 1053 1067 1134 διανοίᾳ,
1084 1046 1110 1136 ᾧ
1124 1050 1216 1139 ίδύθιχ
1228 1063 1320 1136 σοφία

73 1161 130 1201 καν
142 1138 316 1223 σφραγῖδας,
329 1138 381 1201 καί
391 1133 506 1212 ἐνώτια,
515 1135 684 1200 καιδακτυ-
714 1137 765 1199 καί
778 1130 921 1217 ἐπιστήμη
933 1137 964 1198 ίν
976 1133 1078 1210 αὐτοῖς
1095 1140 1217 1200 συνιέναι
1228 1150 1321 1202 ποιεῖν

73 1218 170 1295 λίους,
193 1222 245 1284 καί
267 1214 429 1302 ἒμπλύκια,
453 1220 505 1281 καί
528 1218 685 1301 περιδέξια,
715 1214 868 1281 πάντατὰ
886 1219 974 1317 ἔργα,
999 1215 1129 1280 κατὰτὰ
1142 1214 1323 1319 ἱίγιακαθῆ-

72 1306 138 1368 πᾶν
151 1306 253 1376 σκεῦος
271 1304 405 1385 χρυσοῦν.
431 1300 483 1363 καί
498 1293 605 1373 πάντες
621 1295 686 1364 ὅσοι
717 1324 823 1375 κοντα,
846 1324 925 1364 κατα
942 1294 1043 1363 πάντα
1055 1294 1113 1364 ὅσα
1125 1302 1260 1379 συνέταξε
1271 1327 1324 1365 κυ-

71 1385 200 1468 ἤνεγκαν
226 1380 418 1466 ἆφαιρέματα
439 1379 561 1467 χ’ρυσίου
585 1408 620 1446 κυ
639 1386 686 1466 ίῳ,
716 1408 784 1469 ριος.
811 1384 889 1447 2καί
903 1376 1018 1448 ἐκύλισε
1030 1381 1323 1468 ΜωυσῆςΒεσελιῆλ

71 1465 103 1509 ²³
119 1468 173 1529 καί
184 1462 254 1549 παρ’
271 1456 415 1550 ᾧεύρέθιχ
425 1461 545 1550 βύσσος,
556 1467 607 1528 καί
646 1468 654 1488 ’
714 1468 765 1530 καί
779 1462 896 1552 Ἐλιύβ,
920 1467 972 1529 καί
990 1461 1105 1542 πάντας
1117 1465 1188 1542 τούς
1201 1470 1321 1551 ἔχοντας

72 1572 160 1632 ματα
186 1543 356 1625 ύακίνθινα,
378 1550 429 1612 καί
445 1548 577 1634 δέρματα
594 1553 682 1634 κριῶν
712 1546 765 1634 τῆν
781 1555 903 1630 σοφίαν,
929 1542 954 1633 ᾧ
968 1550 1072 1615 ἔδωκεν
1084 1544 1102 1614 ὃ
1115 1548 1187 1625 θεὸς
1199 1545 1320 1652 έπιστῆ-

73 1632 347 1735 ἤρυθροδανωμενα
361 1629 489 1716 ἤνεγκαν.
514 1631 546 1672 ²⁴
558 1633 609 1697 καί
620 1636 681 1707 πᾶς
710 1657 766 1716 μην
790 1636 821 1697 ἐν
841 1637 878 1724 τῇ
902 1633 1025 1716 καρδίᾳ,
1051 1634 1103 1697 καί
1119 1628 1236 1708 πάντας
1252 1659 1321 1708 τους

74 1743 93 1779 ο
111 1712 249 1802 σἰφαιροῖν
267 1722 429 1802 αφαίρεμα,
454 1713 576 1800 ἤνεγκαν
588 1710 681 1801 ἆργύ-
712 1716 850 1792 ἑκουσίως
860 1714 1053 1802 βουλομένους
1064 1711 1322 1801 προςπορεύεοθαι

75 1823 139 1884 ριον
157 1801 208 1863 καί
224 1798 349 1883 χαλκὸν,
374 1795 413 1863 τὰ
426 1796 616 1883 ἆφαιρέματα
629 1825 681 1862 κυ·
712 1799 790 1885 πρὸς
807 1799 846 1864 τὰ
863 1803 954 1885 ἔργα,
978 1795 1049 1874 οῗςτε
1071 1799 1214 1865 συντελεῖν
1231 1794 1320 1865 αὐτό.

77 1888 142 1966 ρίῳ.
166 1883 216 1946 καί
233 1880 303 1967 παρ’
326 1881 370 1958 οἷς
387 1879 496 1968 εύρέθρ
512 1881 586 1958 ξύλα
604 1881 681 1966 δίαρ-
713 1884 792 1947 3καὶ
810 1882 922 1969 ἔλαβον
937 1881 1023 1968 παρὰ
1036 1887 1157 1967 Μωυσῆ
1168 1879 1268 1949 πάντα
1280 1883 1320 1949 τὰ

77 1991 149 2040 πτα,
160 1963 211 2031 καί
222 1971 261 2041 εἷς
271 1963 372 2030 πάντα
384 1965 422 2030 τὰ
434 1968 508 2050 ἔργα
519 1970 682 2052 τῆςπαρα-
713 1964 913 2051 ἆφαιρέματα,
926 1962 1078 2050 δῆνεγκαν
1086 1969 1117 2031 οί
1127 1969 1187 2032 υίοί
1197 1964 1322 2051 Ἰσραὴλ

76 2052 176 2131 σκευῆς
187 2048 315 2133 ἤνεγκαν.
328 2050 357 2092 ²⁵
364 2051 415 2113 καί
424 2053 508 2113 πᾶσα
519 2045 590 2153 γυνῆ
602 2046 682 2132 σοφῆ
713 2054 752 2125 εἰς
776 2044 878 2114 πάντα
902 2047 942 2114 τύ
959 2054 1032 2156 ἔργα
1049 2052 1106 2114 τοῦ
1124 2046 1211 2128 ἆγίου
1228 2061 1322 2115 ποιεῖν

75 2137 113 2222 τῇ
127 2133 242 2215 διανοίᾳ
254 2144 320 2208 ταῖς
331 2134 410 2218 χερσὶ
425 2127 538 2216 νῆθειν,
563 2155 684 2216 ηνεγκαν
714 2125 802 2197 αύτύ.
827 2134 879 2198 καί
896 2129 984 2198 αύτοι
1000 2133 1209 2216 προςεδίχοντο
1226 2136 1268 2196 τ”τι
1282 2130 1321 2197 τδι

74 2218 237 2298 νενιχσμένα,
250 2214 303 2299 τῆν
315 2210 465 2292 ὑάκινθον,
478 2217 530 2279 καί
543 2214 595 2298 τῆν
606 2241 684 2300 πορ-
715 2212 932 2301 προςφερόμενα
947 2214 1032 2301 παρὰ
1048 2221 1109 2280 τῶν
1125 2211 1273 2303 φερόντων
1284 2215 1320 2281 τὸ

74 2294 189 2383 φύραν,
206 2296 304 2364 καὶτὸ
318 2293 466 2374 κόκκινον,
482 2299 533 2362 καί
545 2299 598 2381 τῆν
609 2294 685 2384 βύσ-
714 2299 804 2383 πρωΐ.
842 2297 924 2363 4καί
946 2304 1137 2384 παρεγίνοπο
1161 2295 1269 2373 πάντες
1290 2303 1322 2365 οί

74 2406 136 2446 σον.
151 2382 238 2446 22καί
249 2387 343 2446 πᾶσαι
356 2382 390 2445 αί
401 2392 544 2458 γυναῖκες,
553 2381 599 2454 αίς
608 2381 686 2454 ἔδοξε
717 2381 805 2459 σοφοί
818 2383 849 2445 σί
859 2385 1010 2455 ποιοῦντες
1023 2380 1062 2444 τὰ
1075 2384 1148 2464 ἔργα
1160 2388 1215 2446 τοῦ
1224 2378 1322 2480 ἁγίου,

72 2469 115 2546 τῆ
129 2465 245 2544 διανοίᾳ
259 2462 358 2526 αὐτῶν
370 2467 400 2526 ἐν
410 2469 511 2544 σοφία,
521 2458 688 2565 ένρσαντδις
719 2467 839 2534 ἕκαστος
857 2460 935 2525 κατὰ
953 2460 989 2524 τὸ
1003 2459 1097 2524 αὐτοῦ
1110 2466 1209 2545 ἔργον,
1233 2462 1321 2546 δεῖρ-

73 2537 182 2630 τρίχας
194 2544 248 2619 τὰς
261 2550 380 2621 αἶγείας.
405 2542 434 2585 ²⁷
448 2547 498 2606 καὶ
511 2548 542 2607 οἱ
554 2545 689 2644 α’ρχοντες
718 2541 842 2620 γάζοντο
856 2541 952 2606 αύτοί.
966 2544 1036 2606 ’καί
1048 2540 1125 2605 εἶπεν
1136 2542 1213 2624 πρὸς
1225 2550 1322 2608 Μωυ-

73 2630 202 2713 ἤνεγκαν
226 2627 296 2701 τοὺς
316 2626 421 2700 λίθους
438 2629 489 2708 τῆς
507 2627 687 2712 σμαραγδου,
720 2632 782 2730 σῆν.
807 2621 853 2690 ὅτι
878 2624 997 2710 πλῆθος
1023 2628 1101 2711 φέρει
1120 2621 1137 2690 ὅ
1155 2627 1229 2702 λαὸς
1246 2625 1324 2692 κατὰ

73 2716 127 2777 καί
139 2711 212 2786 τούς
224 2711 328 2786 λίθους
340 2715 392 2784 τ”ς
401 2706 577 2795 πληρώσεως
587 2715 625 2784 εἷς
635 2707 687 2814 τῆν
716 2735 755 2775 τα
774 2711 846 2794 ἔργα
862 2705 921 2774 δ’σα
937 2712 1070 2787 συνέταξε
1082 2704 1180 2796 κύριος
1192 2717 1322 2796 ποιῆσαι.

73 2797 225 2877 ἐπωμίδα,
249 2796 301 2859 καί
313 2790 350 2859 τὸ
359 2738 485 2871 λογεῖον,
523 2795 554 2836 ²⁸
567 2796 619 2858 καί
631 2819 685 2869 τας
715 2796 730 2837 ⁶
742 2795 793 2858 καί
805 2795 962 2880 προςέταξε
971 2797 1116 2877 Μωυσῆς,
1128 2797 1180 2860 καὶ
1192 2793 1323 2878 ἕκῆρυξιν

74 2882 236 2955 συνθέσεις,
260 2880 312 2942 καί
328 2883 368 2953 εἷς
384 2878 420 2942 τὸ
438 2878 541 2943 ἔλαιον
552 2877 604 2961 τῆς
615 2883 685 2982 χρί-
715 2882 746 2942 ἐν
758 2882 795 2970 τῇ
807 2878 987 2964 παρεμβολ”,
1000 2878 1102 2956 λέγων.
1119 2876 1193 2962 ἇνῆρ
1206 2882 1258 2941 καὶ
1268 2905 1323 2955 γο-

75 2989 163 3038 οεως,
187 2966 237 3027 καὶ
250 2959 303 3046 τῆν
316 2958 453 3027 σύνθεσιν
465 2966 521 3027 τοῦ
533 2973 680 3045 θυμιαμα-
715 2961 748 3065 νῆ
761 2964 861 3044 μηκέτι
873 2907 1100 3048 έργαῑίσθωσαν
1108 2966 1147 3038 εἷς
1157 2961 1211 3036 τὰς
1222 2959 1323 3065 ἄπαρ-

74 3073 134 3120 τος.
174 3047 204 3087 29
217 3047 267 3109 καί
290 3049 351 3121 πᾶς
370 3043 444 3132 ἆνῆρ
462 3048 513 3110 καί
529 3044 616 3129 γυνῆ,
641 3035 684 3108 ὧν
714 3072 768 3128 χας
786 3049 841 3109 τοῦ
859 3041 955 3123 ἁγίου.
981 3047 1032 3110 καί
1050 3040 1189 3128 ἐκωλύθη
1210 3042 1228 3109 ὃ
1248 3044 1322 3120 λαος

73 3134 174 3212 ἔφερεν
196 3125 215 3212 ἢ
241 3125 356 3194 διοίνοια
382 3128 482 3194 αὐτῶν
502 3125 682 3205 είςελθόντας
715 3134 757 3192 ἔτι
774 3132 950 3215 προςφέρειν.
978 3131 1055 3193 2ιιαί
1072 3128 1111 3193 τὰ
1128 3132 1201 3233 ἔργα
1217 3119 1253 3213 ἤν
1265 3125 1323 3193 αύ-

73 3224 169 3277 ποιεῖν
185 3207 284 3277 πάντα
302 3210 342 3277 τὰ
360 3215 446 3316 ἔργα,
472 3208 530 3278 ὅσα
550 3215 683 3288 συνέταξε
715 3225 776 3287 τοῖς
790 3211 876 3276 ίκανδι
890 3219 928 3286 εἰς
941 3208 1323 3297 τὴνκατασκευρνποιῆσαι,

73 3293 174 3381 κύριος
183 3300 306 3377 ποιῆσαι
316 3293 393 3360 αὐτα
403 3296 453 3360 διὰ
462 3301 592 3379 Μωυσῆ,
602 3294 684 3379 ἤνεγ-
714 3298 765 3358 καί
778 3295 1019 3379 προςκατελιπον.
1043 3296 1058 3336 ⁸
1071 3295 1122 3357 καί
1134 3298 1251 3377 ε’ποίρσε
1262 3299 1323 3370 πᾶς

72 3405 129 3444 καν
148 3382 179 3442 σί
199 3380 259 3440 υίοὶ
271 3375 394 3460 Ἰσραῆλ
414 3376 563 3460 ἆφαίρεμα
582 3384 682 3464 κυρίῳ.
716 3376 807 3456 σοφὸς
820 3381 851 3441 ἑν
863 3388 925 3450 τοῖς
932 3379 1132 3461 ἐργαζομένοις
1151 3380 1224 3458 Cap.
1235 3382 1285 3456 39,
1296 3400 1322 3440 1.

72 3462 164 3526 3Οκαί
177 3456 239 3522 εἶπε
252 3464 385 3541 Μωυσῆς
397 3471 459 3532 τοῖς
471 3456 683 3546 υίοῖςἸσραῆλ
716 3460 769 3535 τὰς
782 3457 891 3534 στολὰς
907 3464 968 3523 τῶν
985 3454 1093 3535 ἁγίων,
1121 3463 1157 3521 αί
1170 3461 1241 3522 εἰσιν
1251 3456 1323 3524 Ἀα-

73 3547 142 3611 ἰδού
162 3540 354 3624 ἆνακέκλρκεν
370 3538 388 3604 ὁ
406 3538 477 3614 θεὸς
493 3544 523 3616 ἐξ
540 3536 684 3624 ὀνόματος
715 3542 776 3628 ρών
792 3548 836 3626 τῷ
855 3545 935 3628 ἱερεῖ,
962 3541 1048 3607 καθὰ
1074 3543 1211 3618 συνέταξε
1225 3535 1323 3626 κύριος

72 3626 127 3693 τὸν
139 3625 286 3709 Βεσελεῆλ
300 3621 352 3688 τὸν
364 3629 417 3689 τοῦ
434 3622 544 3708 Οὐρίου
556 3623 686 3707 τὸνὪρ,
716 3630 759 3706 τῷ
773 3631 900 3710 Μωυσῆ.
926 3629 941 3669 2
954 3627 1005 3691 καί
1022 3629 1158 3729 ἐποίρσεν
1175 3621 1229 3709 τῆν
1242 3628 1321 3691 ἐπω-

13 3771 25 3793 ,
73 3715 172 3815 ἐκτῆς
185 3710 278 3792 φυλῆς
292 3704 408 3785 Ἰούδα,
433 3709 460 3749 ³¹
473 3707 525 3771 καὶ
536 3706 688 3789 ἐνέπλησεν
716 3708 786 3789 μίδα
810 3710 844 3807 ’ἐκ
860 3699 993 3795 χ’ρυσίου,
1018 3710 1069 3773 καί
1089 3715 1247 3786 υακίνθου,
1271 3711 1323 3775 καί

76 3794 172 3860 αύτον
194 3797 306 3875 πνεῦμα
325 3803 408 3856 θεῖον
425 3797 534 3871 σοφίας
551 3792 603 3854 καί
620 3813 687 3854 συν·
717 3815 887 3875 πορφυρας,
912 3795 963 3856 καί
987 3799 1120 3857 κοκκίνου
1144 3799 1322 3878 νενησμένου,

74 3882 165 3952 έσεισς
177 3879 228 3941 καί
240 3872 396 3959 ἐπιστῆμρς
407 3870 538 3952 πάντων,
560 3875 589 3916 ³²
602 3870 686 3978 ἇρχι-
717 3876 768 3939 καί
777 3867 888 3961 βύσσου
899 3874 1102 3958 κεκλωσμένρς.
1122 3877 1196 3941 3καί
1208 3872 1322 3983 ε’τμῆθη

74 3972 219 4027 τεκτονεῖν
230 3958 308 4025 κατὰ
322 3955 473 4061 πάντατὰ
485 3961 558 4043 ἔργα
568 3962 685 4066 τῆςαρῖ
717 3957 755 4022 τὰ
775 3957 894 4059 πίραλα
911 3963 967 4061 τοῦ
982 3965 1101 4062 χρυσίου
1118 3967 1225 4046 τρίχες,
1251 3986 1322 4037 ωςτε

1307 4048 1322 4061 u

75 4050 265 4148 χιτεκτονίας,
289 4055 383 4107 ποιεῖν
400 4068 435 4106 το
448 4049 566 4144 χρυσίον
584 4069 635 4106 και
648 4067 683 4105 το
717 4067 875 4124 ουνυφαναι
900 4069 954 4109 ουν
978 4068 1015 4136 τῃ
1042 4049 1189 4129 υακίνθῳ,
1213 4046 1266 4109 καὶ
1284 4069 1302 4107 τ
1303 4074 1321 4137 χ

77 4123 218 4213 αργύριον
236 4128 285 4190 καί
302 4125 357 4190 τὸν
381 4124 504 4208 χαλκον,
529 4127 558 4167 ³³
570 4128 622 4189 καί
639 4122 684 4189 λι-
716 4121 869 4213 πορφύρᾳ,
882 4129 933 4192 καὶ
946 4126 998 4192 σὺν
1009 4133 1054 4191 τώ
1066 4135 1189 4212 κοκκίνῳ
1201 4133 1246 4210 τῷ
1256 4128 1321 4191 δια-

76 4216 245 4297 θουργῆσαι
262 4207 316 4273 τὸν
330 4209 428 4283 λίθον,
445 4210 497 4272 καὶ
513 4203 685 4294 κατεργύζε-
716 4212 884 4294 νενησμένῳ,
896 4213 947 4276 καί
956 4216 992 4294 τῆ
1004 4193 1105 4297 βύσσῳ
1114 4216 1153 4296 τῆ
1161 4210 1322 4290 κεκλασμέ-

76 4305 151 4359 σθαι
163 4293 202 4359 τδι
215 4289 298 4369 ξύλα,
308 4295 359 4356 καί
368 4303 462 4356 ποιεῖν
471 4295 600 4357 ἕνπαντί
608 4295 684 4376 ε”ργῳ
716 4317 759 4376 νη.
797 4295 882 4377 ἔργον
907 4285 1041 4377 ύφαύτὸν
1066 4285 1209 4376 ἐποίησαν
1234 4290 1321 4355 αὐτό.

76 4383 195 4459 σοφίας,
207 4376 295 4440 22καὶ
307 4371 488 4462 προβιβάσαι
497 4400 528 4452 γε
540 4377 644 4439 ἔδωκεν
653 4379 685 4439 ἒν
716 4367 739 4417 ⁴¹
745 4378 892 4458 ἐπωμίδας
911 4373 1085 4461 συνεχούσας
1104 4378 1135 4449 ἐξ
1149 4373 1321 4456 ἀμφοτέρων

73 4466 109 4549 τῆ
123 4462 240 4546 διανοίᾳ
254 4456 337 4542 αὐτῷ
350 4484 391 4535 τε,
405 4460 512 4543 καὶτῷ
524 4455 630 4547 Ἕλιδιβ
641 4461 684 4542 τῷ
717 4463 776 4524 τῶν
789 4465 898 4547 μερῶν,
913 4465 999 4547 ἔργον
1012 4455 1143 4536 ύφαντὸν
1156 4461 1194 4531 εἰς
1207 4451 1323 4530 ἄλληλα

1215 4550 1322 4610 συμπε-
