2924 4972
247 212 540 275 ΒΑΣΙΛΕΙΩΝ
564 214 744 278 Imm!
781 221 857 294 Κεφ.
871 217 921 279 ια’.
935 215 988 302 ιβ’.
1004 219 1054 283 11.
1068 220 1119 285 12.
1247 224 1313 291 983

243 334 318 394 ΚΕ
332 334 371 392 Φ.
415 325 491 394 1A'.
699 334 784 424 θινῆ,
810 332 862 396 καί
873 333 1001 396 ἔταττον
1013 334 1084 407 τοὺς
1097 334 1180 411 υίοδς
1193 334 1313 421 Ἀμμών

63 379 146 517 Καὶ
157 408 282 516 ἐγενήθη
293 408 334 489 ὡς
346 411 419 521 μετὰ
431 416 541 519 μῆνα,ι
551 416 603 478 καί
614 413 669 479 ἇν-
700 419 756 521 ἕως
767 409 997 516 βιεθιρμόνθηή
1008 410 1177 565 ήμίρα.’καί
1186 418 1291 506 ίγινήθ

63 500 98 597 εβ
127 498 227 605 Νααςι
240 522 258 599 ρ
271 498 464 603 Λμμανιτης,
490 522 542 561 και
554 522 669 645 παρεμ-
700 523 752 600 κρι
765 497 997 599 υπολελιιμμίνσι
1031 525 1233 603 ιεσπαρησαν,
1258 531 1304 607 ιιιιἱ

62 585 81 645 3
150 582 227 645 ιίπι
248 584 333 665 Ιαβις
352 579 489 645 Γαλαιίδ.
517 606 568 644 και
584 604 670 645 επαν
702 605 755 665 ουγ
767 578 990 666 υπάιίφθησαν
1004 586 1035 647 ίν
1046 595 1151 660 αυτοῖς
1162 585 1219 651 δυσ
1230 613 1311 653 κατα

61 648 166 739 πάντες
176 665 208 728 οί
216 660 320 749 ἄνδρες
328 660 420 749 Ἰαβὶς
428 661 505 812 πρὸς
514 658 608 741 Νᾶας
618 661 670 729 τόν
703 661 739 727 τό
752 659 839 729 αὐτό.
853 667 940 729 ”ml
951 664 1030 732 εἶπεν
1042 664 1061 731 ὁ
1072 667 1147 744 λαός
1159 666 1311 755 πρόςΣα·

61 744 241 830 Ἀμμανίτην.
255 742 365 813 διόθου
373 745 441 830 ἡμῖν
467 744 605 850 ιαθήκην,
618 748 671 813 καί
701 742 807 831 μουήλ.
833 752 878 821 τίς
894 745 912 813 ό
930 749 1014 824 εἴπας
1026 744 1074 814 ὅτι
1084 750 1192 819 Σαοὺλ
1204 752 1241 821 οὗ
1252 757 1311 840 βα·

60 825 254 933 δουλείσομίν
266 855 320 897 σοι.
359 833 374 872 ²
386 833 438 896 καί
449 830 510 896 εἶπε
521 856 599 917 προς
611 827 669 896 αό-
703 827 825 895 σιλεόσει
837 824 918 912 ήμῶν
922 859 934 909 ,·
960 826 1096 916 παρόδος
1106 836 1176 913 τοὺς
1188 834 1310 923 ἄνδρας,

62 912 128 990 τοὺς
146 908 274 989 Νααςό
294 911 477 999 Ἀμμανίτης.
517 917 550 980 ἐν
570 911 667 1008 ταότη
702 914 753 978 καί
770 913 986 996 θανατόσσμεν
999 911 1119 991 αὐτοός.
1143 921 1171 963 ¹³
1184 921 1236 985 ναί
1247 919 1310 987 είπε

59 995 243 1080 διαθήσομαι
254 996 402 1082 διαθήκην
415 997 493 1083 ὑμίν,
506 1001 538 1062 ἐν
546 1003 591 1064 τοῐ
600 1002 668 1074 ἐξο-
701 990 817 1060 Σαοόλ
842 992 898 1059 οὐκ
910 992 1110 1063 ἀποθανεῖται
1122 999 1216 1077 οὐδείς
1229 1006 1309 1091 ίντῆ

59 1077 144 1163 ρόξαι
164 1074 243 1161 ὑμῶν
261 1078 363 1146 πάντα
380 1080 544 1163 ὀφθαλμὸν
566 1065 669 1159 δεξιὸν,
703 1068 799 1165 ήμίρρ
814 1072 920 1169 ταότη,
932 1074 980 1144 ότι
992 1076 1115 1164 σήμερον
1127 1085 1245 1168 ἐποίησε
1256 1084 1310 1153 κί-

59 1165 110 1229 καί
122 1159 255 1248 θήσομαι
267 1163 377 1239 ὄνειδος
389 1167 439 1231 ἐπὶ
448 1161 581 1248 Ἰσραήλ.
599 1165 671 1229 ’καί
703 1187 767 1243 ριος
780 1168 929 1247 σωτηρίαν
940 1165 972 1228 ίν
985 1159 1117 1247 Ἰσραήλ.
1146 1164 1174 1206 ¹⁴
1186 1169 1237 1232 καί
1248 1166 1312 1235 ιίπε

59 1246 194 1325 λέγουσιν
211 1245 297 1328 αὐτῷ
313 1251 344 1311 σί
361 1247 463 1330 ἄνδρες
477 1245 580 1332 Ἰαβίς.
606 1245 671 1322 ι’ίνες
703 1243 849 1330 Σαμουήλ
859 1242 936 1329 πρὸς
949 1243 1003 1311 τὸν
1016 1246 1105 1320 λαὸν,
1126 1246 1229 1325 λέγων.
1253 1274 1313 1315 πο-

59 1327 125 1434 ήμῖν
144 1326 223 1393 ἑπτὰ
237 1326 361 1414 ἡμέρας,
386 1331 439 1394 καί
451 1329 671 1413 ἀποοτελοῦμεν
703 1333 856 1415 ρεοθῶμεν
875 1333 915 1403 είς
927 1333 963 1393 Γ
958 1326 1095 1408 όλγαλα,
1120 1332 1172 1395 καί
1184 1332 1313 1408 ίγναινί-

58 1413 203 1492 αγγελονς
223 1416 262 1486 είς
280 1416 343 1476 πᾶν
362 1407 446 1496 όριον
460 1411 506 1479 Ἰσ
526 1411 592 1499 αήλ.
619 1410 671 1480 ἐὰν
704 1438 798 1517 σωμεν
810 1417 871 1478 ἐκεῖ
880 1412 933 1515 τήν
944 1413 1106 1499 βασιλείαν.
1135 1416 1313 1481 11καίίπο-

58 1494 98 1580 μή
123 1483 144 1587 ῆ
171 1491 190 1559 ὁ
215 1491 319 1572 σοόζων
344 1491 436 1579 ήμᾶς,
459 1438 669 1580 ίξελενσόμεθα
720 1506 798 1580 ευθη
814 1501 875 1571 πᾶς
891 1523 910 1563 ο
924 1493 998 1572 λαός
1014 1502 1054 1572 είς
1071 1492 1235 1575 Γόλγαλα,
1258 1499 1312 1567 καί

59 1577 137 1665 πρὸς
150 1573 235 1661 ὑμᾶς.
269 1577 348 1645 *καί
360 1582 495 1684 ἕρηονται
508 1585 539 1646 σί
551 1579 668 1659 ἄγγελοι
701 1522 794 1667 Ιλγρισε
814 1579 962 1664 Σαμουήλ
986 1583 1048 1647 ἐκεῖ
1069 1576 1122 1647 τόν
1136 1579 1245 1649 Σαοὺλ
1270 1587 1309 1659 ιίς

60 1668 101 1738 εἷς
112 1658 224 1747 Γαβαὰ
242 1661 317 1747 πρός
328 1663 449 1740 Σαουλ,
471 1667 524 1731 καί
540 1663 666 1731 λαλοῦσι
698 1663 823 1749 βασιλέα
835 1660 962 1729 ίνιόπιον
975 1670 1078 1751 κυρίου
1086 1666 1119 1729 ίν
1126 1660 1308 1743 Γαλγάλοις.

59 1745 130 1821 τους
142 1741 251 1824 λόγους
263 1750 302 1821 εἷς
313 1746 353 1813 τὰ
365 1734 432 1813 ὦτα
444 1753 502 1814 τοῦ
514 1748 602 1815 λαοῦ.
615 1751 668 1814 καί
699 1750 750 1813 καί
767 1751 874 1815 ἔθυσεν
891 1750 953 1813 ἐκεῖ
968 1753 1079 1824 θυσίας
1095 1751 1146 1813 καί
1164 1748 1308 1836 είρηναὰς

59 1817 134 1920 ῆραν
157 1834 219 1904 πᾶς
237 1825 255 1894 ό
274 1828 348 1905 λαός
363 1829 419 1914 τῆν
436 1829 540 1916 φωνήν
556 1829 665 1911 αὐτῶν,
698 1826 824 1897 ἐνόπων
847 1837 958 1917 κυρίου.
988 1834 1041 1897 καί
1066 1829 1222 1919 εόςριίνθη
1240 1839 1306 1898 Σα-

59 1916 108 1978 καί
126 1912 282 1979 ἐίιλαυσαν.
320 1914 399 1980 1καί
411 1916 476 1982 ίδοίν
490 1915 597 1981 Σαοὺλ
613 1914 665 2002 ''q-
696 1913 793 1998 μουήλ
804 1917 857 1981 καί
869 1919 929 1990 πᾶς
939 1911 1063 2003 Ἰσραήλ
1077 1912 1151 1993 ιόςτι
1163 1916 1238 1983 λίαν.

58 2023 121 2082 χετο
132 1995 209 2101 μετὰ
227 1997 348 2082 τοπρωῒ
362 2002 393 2077 ἐξ
406 1999 512 2087 ἀγροῦ.
539 2002 593 2066 καί
605 1943 665 2066 ελσε
877 2004 951 2065 ΚΕ
963 2004 1002 2063 Φ.
1047 1996 1134 2067 1132-

58 2079 168 2145 Σαουλ
192 2086 224 2146 τί
234 2076 282 2145 ότι
295 2081 386 2147 κλαίει
399 2080 417 2147 ό
428 2079 502 2159 λαός
506 2114 518 2164 ,·
537 2087 589 2149 καί
600 2084 664 2167 διη-
698 2048 782 2148 Καί
799 2081 862 2148 είπε
874 2080 1022 2166 Σαμουήλ
1037 2081 1113 2169 πρὸς
1130 2080 1232 2151 πόντα
1247 2082 1307 2151 Ἰσ-

56 2160 280 2241 γοῡνταιαῦτῶ
291 2164 331 2228 τὰ
351 2163 666 2252 ’ήματατῶνᾶνδρῶν
699 2161 784 2250 ραήλ
822 2165 887 2230 ίδοό
913 2166 1025 2251 ῆκουσα
1049 2172 1149 2250 φωνῆς
1167 2166 1250 2250 ὑμῶν
1267 2173 1307 2245 είς

56 2245 153 2355 Ἰαβίς.
192 2230 272 2312 6καλ
289 2192 422 2332 ἐσήλατο
437 2255 553 2332 πνεῦμα
564 2256 667 2334 κυρίου
698 2245 800 2313 πάντα
814 2244 872 2313 όσα
884 2249 1055 2330 είπαιίμοι,
1068 2252 1119 2315 καί
1203 2250 1308 2317 ίλευσα

56 2334 106 2397 ἔπι
117 2329 224 2397 Σαοὺλ
236 2327 277 2405 ὡς
290 2328 394 2412 ήκοοσε
407 2333 446 2397 τὰ
459 2331 580 2419 ῥήματα
591 2338 665 2399 ταῦ-
700 2328 743 2412 ίφ’
761 2328 836 2414 ὑμᾶς
847 2331 982 2416 βασιλέα,
994 2333 1065 2397 2καί
1076 2336 1127 2398 νῦν
1193 2330 1201 2353 “
1219 2330 1238 2397 ὁ
1249 2337 1308 2419 βο.

56 2440 113 2489 τα,
140 2415 193 2476 καί
217 2409 363 2498 ἐθυμώθη
390 2414 433 2480 ἐπ’
456 2411 569 2491 αὐτοὺς
591 2414 668 2509 ὀργῆ
701 2410 794 2488 σιλεδς
823 2409 1031 2496 διαπορεύεται
1061 2411 1189 2480 ἐνοόπιον
1215 2412 1306 2497 ὑμῶν.

55 2496 156 2563 αὐτοῦ
169 2490 295 2578 σφόδρα.
323 2498 336 2538 ⁷
349 2499 402 2560 καὶ
416 2498 507 2584 ἔλαβε
519 2495 575 2562 δίο
586 2499 669 2584 βόας,
701 2494 785 2578 κῆγεό
810 2489 960 2580 γεγήρακα
976 2497 1028 2558 καί
1043 2493 1232 2578 καθήσομαι,
1257 2499 1309 2561 καί

10 2630 13 2650 .
55 2583 107 2647 καί
119 2577 249 2662 ἐμελισεν
262 2574 366 2655 αὐτὰς,
384 2581 438 2645 καὶ
450 2578 619 2649 ἀπέστειλεν
631 2587 670 2659 είς
701 2582 732 2642 οῖ
750 2583 813 2644 υἱοί
828 2604 887 2661 μου
904 2575 968 2642 ἰδοὺ
987 2581 1017 2641 ἐν
1035 2575 1109 2659 ὑμῖν.
1141 2577 1225 2662 κᾷγώ
1245 2577 1309 2644 ἰδοὺ

54 2669 118 2730 πᾶν
137 2656 224 2747 όριον
237 2658 361 2747 Ἰσραήλ
377 2666 411 2728 ἐν
434 2666 507 2750 χειρί
526 2661 668 2744 ἀγγείων,
700 2659 865 2746 διελήλυθα
881 2656 1009 2727 ίνοόπιον
1027 2657 1109 2743 ὑμῶν
1125 2665 1157 2727 ἐκ
1171 2658 1309 2747 νεότητος

55 2747 159 2826 λέγων.
202 2742 235 2821 ὃς
260 2744 315 2809 οὐκ
340 2749 418 2812 ἐστιν
441 2745 667 2832 ἐκπορευόμενος
699 2747 751 2810 καί
775 2752 831 2822 ἕως
855 2749 909 2828 τῆς
927 2741 1035 2829 ἡμέρας
1053 2741 1172 2830 ταύτης.
1213 2743 1306 2813 ’ἰδοὺ

55 2829 155 2897 όπίσω
179 2827 286 2894 Σαοὺλ
311 2832 364 2895 καί
388 2829 486 2898 ὀπίσω
510 2835 664 2920 Σαμουήλ,
698 2828 770 2908 ἐγώ,
796 2828 984 2914 ἀπονρίθητε
1009 2826 1072 2894 κατ’
1093 2832 1166 2913 ἐμοῦ
1182 2824 1307 2896 erebum

55 2913 132 2980 κατόν
151 2909 221 2979 τόδε
236 2909 397 2998 ποιήσουσι
414 2929 477 2991 τοῖς
492 2919 597 2997 βουσίν
609 2917 665 2984 αό-
697 2921 799 2999 κυρίου
810 2915 861 2980 καί
871 2908 1125 3018 ἐνιόπωνηριστοῦ
1135 2911 1240 2988 αὐτοῦ,
1250 2911 1306 2996 μό-

56 3003 116 3069 τοῦ,
144 2999 196 3062 καί
208 2996 338 3080 ἐπῆλθεν
351 3000 488 3075 ἔκστασις
500 3007 602 3087 κυρίου
614 3004 664 3069 ἐπὶ
697 3023 766 3082 σχον
777 3004 856 3073 τίνος
868 2997 974 3081 εἴληφα
991 3025 1010 3082 η
1024 2997 1095 3062 όνον
1107 3002 1187 3073 τίνος
1201 2997 1307 3080 είληρα

56 3081 108 3147 τὸν
128 3079 205 3146 λαόν
225 3077 365 3167 Ἰσραήλ,
390 3086 442 3147 καί
467 3081 597 3171 ἐβόησαν
622 3082 663 3162 ὧς
695 3077 1059 3165 ήτίνανιατεδυνόστευσα
1077 3077 1174 3166 όμιόν,
1200 3079 1305 3165 ήιίνα

55 3163 129 3249 ἀνήρ
148 3164 194 3239 είς.
226 3163 242 3207 ¹
255 3167 307 3229 καί
324 3168 532 3233 ἕπισκέπτεται
549 3167 663 3245 αὐτοὺς
695 3168 836 3243 ἕξεπίεσα,
849 3164 868 3250 ή
881 3169 913 3231 ἐκ
922 3165 1020 3269 χειρός
1033 3171 1113 3242 τίνος
1125 3166 1232 3250 εἴληφα
1245 3166 1307 3240 ἐξί-

55 3251 85 3313 ἐν
98 3246 191 3324 Βεζίκ
208 3250 241 3319 ,δν
258 3253 357 3333 Βαμᾷ
375 3245 475 3315 πάντα
492 3248 588 3337 όνδρα
602 3250 662 3319 Ἰσ-
695 3249 794 3332 λαομα
807 3251 859 3313 καὶ
871 3247 1025 3351 ὒποδημας
1039 3245 1301 3331 ἆποκρίθητεκαί

55 3332 134 3435 ραήλ
147 3332 302 3407 ἑξακοσίας
318 3328 465 3416 χιλιάδας,
490 3337 542 3401 καί
553 3336 663 3421 ἄνδρας
696 3336 783 3413 ἐμοῦ,
796 3334 847 3395 καὶ
860 3328 1012 3395 όνποδωσω
1025 3328 1101 3412 ὑμῖν,
1127 3331 1144 3371 ⁴
1157 3334 1209 3394 καὶ
1220 3329 1306 3394 είπαν

53 3413 156 3480 Ἰουδα
178 3410 374 3499 ἑβδομήκοντα
400 3414 548 3501 χιλιάδας,
585 3422 664 3485 9κοὶ
697 3412 771 3499 πρὸς
789 3408 942 3495 Σαμουήλ.
975 3410 1030 3476 οὐκ
1054 3411 1195 3494 ἠδίκησας
1221 3407 1307 3494 ήμᾶς,

54 3498 116 3563 είπε
130 3506 193 3572 τοῖς
205 3494 336 3574 ἀγγέλοις
348 3511 411 3575 τοῖς
422 3504 594 3585 ἐρχομένοις.
607 3498 664 3569 τό-
695 3499 748 3562 καὶ
759 3494 797 3562 οὗ
810 3490 1077 3568 κατεδυνόστευσας
1089 3489 1176 3573 ίμᾶς,
1189 3495 1240 3556 καί
1252 3490 1308 3557 οὐκ

54 3583 83 3649 δε
97 3585 190 3669 ἐρεῖτε
202 3593 266 3656 τοῖς
277 3578 314 3649 όν
351 3579 416 3648 όσιν
430 3582 530 3670 Ἰαβίς.
556 3585 664 3672 αι’ίρων
696 3581 829 3656 ἐθλασας
842 3576 929 3662 ήμᾶς,
942 3578 994 3641 καὶ
1005 3572 1062 3641 οὐκ
1072 3524 1193 3659 εἴληφας
1206 3579 1238 3641 ἕο
1249 3599 1308 3659 xu-

55 3664 121 3748 ὑμῖν
138 3660 158 3750 ή
177 3670 310 3770 σωτηρία
345 3664 583 3751 ιαθερμόναντος
607 3673 664 3733 τοῦ
697 3662 749 3748 ρός
762 3662 881 3737 οὐδενός
894 3659 990 3726 οὐδέν.
1005 3661 1076 3726 1καί
1087 3686 1101 3726 ε
1112 3684 1150 3725 πε
1162 3656 1306 3744 Σαμουῆλ

56 3745 149 3831 ήλίου,
188 3751 241 3814 καί
263 3748 360 3833 ηλθον
377 3754 408 3815 οί
421 3750 542 3829 όίγγελοι
554 3755 594 3826 είς
610 3749 665 3852 τήν
696 3744 772 3832 πρὸς
785 3745 839 3812 τὸν
852 3742 936 3812 λαόν.
949 3740 1060 3828 μόρτυς
1073 3739 1173 3829 κόριος
1185 3749 1217 3812 ἐν
1227 3740 1305 3828 ὑμῖν,

55 3833 156 3909 πόλιν,
180 3835 232 3898 καί
244 3830 463 3910 σἰπαγγελλουσι
478 3846 542 3910 τοῖς
554 3832 664 3922 ἄνδρα·
697 3833 749 3896 καὶ
761 3826 874 3914 μόριυς
892 3825 1013 3930 χριστός
1027 3825 1122 3894 αὐτοῦ
1135 3823 1261 3930 ρήμερον
1274 3834 1306 3896 ἐν

55 3940 99 3981 σιν
108 3914 219 4003 Ἰαβὶς,
245 3918 298 3981 καί
310 3915 533 4001 εόφρόνθησαν.
572 3922 601 3963 ¹⁰
614 3921 666 3984 καί
697 3912 793 3997 ταότη
805 3918 845 4006 τῆ
857 3909 969 3998 ῆμέρᾳ,
994 3909 1041 3976 ὁτι
1052 3908 1107 3997 οὐχ
1121 3910 1261 3998 ευρήκατε
1273 3919 1305 3981 ἐν

55 3999 296 4086 εἷπονοίόίνδρες
312 3997 405 4087 Ἰαβὶς
418 3999 664 4086 πρόςΝοίαςτόν
697 3987 845 4087 χειρίμου
870 3995 963 4063 οὐδέν.
989 3997 1041 4060 καί
1059 3993 1151 4062 εἶπαν.
1181 3995 1303 4086 μάρτυς.

51 4080 236 4185 ᾏμμανίτην.
252 4084 358 4168 αόρισν
368 4081 579 4170 ἐξελευσόμεθα
588 4086 664 4174 πρὸς
698 4087 769 4150 ὃκαὶ
781 4082 846 4184 είπεΙ
852 4078 997 4184 Σαμουήλ
1007 4077 1084 4183 πρὸς
1096 4080 1150 4147 τόν
1158 4083 1243 4160 λαόν,
1254 4083 1306 4148 λε-

54 4173 144 4250 υμᾶθο
169 4172 221 4234 καί
238 4165 379 4251 ποιήσετε
400 4165 468 4254 ῆμῖν
492 4169 528 4239 τὸ
546 4168 665 4250 ἀγαθόν
697 4195 767 4246 γων.
806 4193 918 4253 μαριυς
942 4191 1042 4250 κυριος
1069 4164 1232 4250 οποιήσας
1251 4188 1306 4229 τον

54 4249 182 4319 ἐνώπιον
208 4251 298 4335 ὑμῶν.
336 4256 361 4295 11
373 4256 425 4320 καί
446 4253 571 4339 ἐγενήθη
589 4253 664 4338 μετὰ
697 4256 837 4335 Μωυσῆν
849 4253 901 4316 καί
914 4246 1306 4337 τὸνἈαρών,όᾶναγαγών

53 4336 106 4420 τήν
120 4336 239 4422 αόριον,
252 4339 304 4402 καί
317 4336 518 4404 ε”θετοΣαοίνλ
527 4336 581 4405 τόν
591 4336 665 4404 λαόν
698 4331 766 4410 τοὺς
778 4339 911 4421 πατέρας
922 4333 1002 4420 ήμῶν
1012 4329 1222 4430 ἐξᾼίγαξτου·
1237 4330 1306 4428 7νηὶ

53 4423 89 4496 είς
101 4432 181 4507 τρεῖς
195 4418 302 4504 ἀρχὰς,
318 4422 369 4486 καί
382 4418 600 4507 είςπορεόονται
611 4425 663 4503 με’-
698 4423 747 4482 νῦν
763 4414 929 4501 κατόστητε
946 4420 997 4483 καὶ
1014 4418 1127 4479 dacum
1144 4415 1221 4507 ημᾶς
1233 4415 1308 4474 ἕνα·

54 4529 104 4570 σον
115 4530 170 4591 της
184 4504 374 4591 παρεμβολῆς
388 4508 417 4570 ἐν
431 4506 550 4602 φυλακή
558 4510 598 4604 τῆ
607 4506 664 4572 ίω-
696 4527 767 4570 πιον
779 4508 899 4586 κυρίου,
924 4501 976 4563 καί
998 4489 1158 4565 &narrem
1173 4486 1307 4631 &mg
