2924 4972
294 232 666 298 ΜΛΚΚΑΒΑΙΩΝ
694 234 953 293 ΔΕΥΤΕΡΟΣ
993 232 1168 310 Κεφ.δ’.4.
1287 234 1352 299 993

106 351 167 418 ίιπό
190 354 322 419 πέτασον
345 343 419 434 ήγεν.
451 353 478 392 ¹³
502 339 539 434 ἧν
561 351 588 416 δ’
616 349 712 426 οὕτως
749 355 818 435 περί
829 347 1016 436 πραγμάτων
1033 354 1202 429 ἀναγκαίων
1221 348 1351 437 ύπομνη-

105 433 184 520 ἀκμή
198 464 241 512 τις
254 435 451 517 Ἑλληνισμοῦ
459 483 468 508 ,
482 437 533 499 καί
551 431 712 519 πρόςβασις
747 435 913 518 ματισμσύς
930 433 1096 500 τελέσαντα.
1122 435 1153 477 ²⁴
1167 432 1185 498 ὃ
1198 436 1230 502 δὲ
1243 464 1354 504 συστα-

107 518 327 600 ἀλλοφυλισμοῦ
353 518 403 581 διὰ
428 514 480 601 τήν
508 523 563 582 τοῦ
586 516 713 602 ἀσεβοῦς
747 521 810 593 θείς
832 523 878 602 τῴ
896 518 1015 621 βασιλεῖ
1032 520 1086 587 καί
1108 518 1239 593 δοξάσας
1260 515 1353 585 αὑτὸν

107 607 157 669 καί
170 602 225 668 οὐκ
238 600 394 686 ἀρχιερέως
403 598 549 675 Ἰάσωνος
564 597 713 689 ύπερβάλ-
747 608 789 685 τῷ
802 629 955 688 προςωπῳ
968 606 1021 684 τής
1036 603 1181 677 ἐξουσίας,
1194 607 1233 675 εἰς
1245 600 1353 669 έαυτδν

107 687 222 752 λουσαν
247 685 427 763 ἀναγνείαυ,
465 682 585 759 14ιίίςτε
610 689 713 767 μηκέτι
747 683 907 769 κατήντησε
930 681 984 767 τήν
1006 680 1235 769 ἀρχιερωσύνην,
1263 682 1353 769 ὑπερ-

106 769 174 853 περί
189 768 245 842 τὰς
263 773 320 833 τοῦ
343 774 561 850 θυσιαστηρίου
581 768 714 849 λειτουρ-
745 769 848 854 βαλών
861 769 916 836 τὸν
926 764 1056 834 Ἰάσωνα
1067 763 1201 832 τάλαντα
1212 765 1353 852 ἀργυρίου

106 858 174 931 γίας
186 849 363 935 προθύμους
376 851 450 917 εἶναι
462 851 533 926 τούς
546 855 644 932 ίερεῖς,
657 850 713 917 ἀλ·
747 853 915 931 τριακόσια.
953 852 983 894 ²⁶
997 849 1100 937 λαβτύν
1118 851 1149 916 δὲ
1169 851 1224 926 τάς
1236 850 1354 938 βασιλι-

107 936 147 1002 λά
160 941 216 1001 τοῦ
234 934 286 1016 μὲν
304 941 377 999 ναοῦ
396 940 649 1014 καταφρονοῦντες
661 938 713 1002 καί
748 935 801 1010 κάς
814 934 936 1010 ἐντολάς
949 938 1143 1017 παρεγίνετο,
1167 940 1220 1018 τής
1230 933 1284 1016 μὲν
1296 930 1353 1019 ἀρ-

106 1023 169 1085 τῶν
182 1021 298 1084 θυσιῶν
308 1016 480 1099 ἀμελοῦντες
493 1019 633 1085 ἔσπευδον
645 1045 712 1102 μετ-
746 1018 921 1122 χιερωσύνης
942 1017 1029 1084 οὐδὲν
1050 1018 1134 1093 ἀξιον
1153 1021 1267 1103 φέρων,
1292 1028 1352 1082 θυ-

107 1105 180 1186 έχειν
211 1107 264 1183 τῆς
296 1101 511 1185 ἐνπαλαίστρηι
535 1099 713 1188 παρανόμου
747 1129 821 1184 μους
846 1102 879 1168 δὲ
904 1101 990 1205 ὠμοῦ
1012 1100 1155 1187 τυράννου
1180 1104 1231 1166 καί
1255 1100 1352 1186 θηρὸς

106 1189 266 1268 χορηγίας,
291 1184 365 1266 μετά
379 1185 432 1269 τήν
449 1189 506 1248 τοῦ
519 1185 620 1251 δίσκου
633 1183 714 1271 πρό·
744 1181 903 1292 βαρβάρου
925 1185 1017 1271 οργάς
1039 1189 1121 1289 έχων.
1148 1186 1179 1228 ²⁶
1192 1188 1243 1249 καί
1261 1184 1279 1249 ὁ
1300 1184 1353 1265 μίν

107 1268 220 1350 κλησιν,
245 1268 272 1310 ¹⁵
284 1269 336 1331 καί
353 1265 409 1342 τὰς
425 1267 477 1349 μέν
493 1267 656 1352 πατρῴους
668 1296 715 1333 τι-
753 1265 854 1335 Ιάσων
867 1268 885 1334 ὁ
898 1269 952 1334 τὸν
961 1270 1036 1334 ἴδιον
1045 1269 1175 1349 αδελφὸν
1185 1265 1353 1333 ύπονοθεύ-

107 1348 163 1434 μὰς
176 1353 205 1413 έν
218 1348 314 1416 ούδενὶ
325 1363 379 1416 τιθ
415 1376 483 1424 ενοι,
496 1351 551 1426 τὰς
563 1353 595 1416 δὲ
603 1350 713 1436 Ἓλλη-
748 1380 818 1427 σας,
844 1350 1061 1427 ύπονοθευθείς
1075 1348 1123 1432 ὑφ’
1140 1354 1242 1436 ἑτέρου
1255 1350 1352 1431 φυγὰς

107 1433 190 1508 νικάς
225 1430 314 1510 δόξας
348 1461 366 1498 κ
406 1433 510 1508 λίστας
546 1433 711 1518 ἡγούμενοι.
747 1443 785 1510 εἰς
798 1435 852 1516 τήν
864 1435 1036 1518 Ἀμμανῖτιν
1055 1434 1157 1520 χώραν
1171 1431 1352 1517 συνήλαστο.

107 1508 190 1580 1ῑῑιύν
206 1515 291 1601 χάριν
308 1520 456 1601 περιέσχεν
475 1516 587 1592 αύτούς
597 1517 712 1601 χαλεπή
746 1522 775 1562 27
788 1517 805 1582 ὁ
819 1517 852 1583 δὲ
863 1518 1021 1593 Μενέλαος
1036 1524 1089 1602 τῆς
1097 1517 1150 1599 μὲν
1163 1517 1254 1603 ἀρχῆς
1266 1511 1352 1601 έκρά·

107 1605 289 1683 περίστασις,
313 1602 364 1664 καί
378 1592 421 1665 ὦν
433 1594 551 1681 ἐζήλουν
564 1602 618 1674 τάς
630 1599 710 1678 ἀγω-
745 1628 797 1675 τει,
810 1607 872 1665 τῶν
892 1602 924 1665 δὲ
941 1601 1162 1685 ἐπηγγελμένων
1177 1607 1222 1684 τῷ
1234 1599 1352 1688 βασιλεῖ

107 1681 160 1759 γάς
183 1684 234 1746 καί
255 1678 403 1747 καθάπαν
427 1681 540 1765 ἤθελον
562 1686 709 1766 ίξσμοιοῡ-
744 1679 901 1771 χρημάτων
926 1685 1011 1749 οὐδὲν
1037 1681 1178 1751 εύτάκτει.
1208 1687 1353 1766 ποιουμέ-

109 1776 193 1842 σθαι,
207 1761 335 1840 τούτους
352 1764 507 1846 πολεμίους
519 1770 571 1830 καί
582 1792 711 1869 τιμωρη·
745 1794 798 1833 νου
813 1768 844 1830 δὲ
858 1767 912 1850 τήν
925 1765 1087 1851 ἀπαίτησιν
1095 1766 1282 1852 Σωστράτου
1296 1768 1353 1830 τοῦ

106 1849 162 1923 τάς
186 1852 282 1934 έσχον.
317 1851 344 1891 ¹⁷
358 1848 468 1935 ἀσεβεῖν
491 1850 550 1930 γάρ
577 1855 616 1924 εἰς
640 1873 712 1924 τους
745 1855 798 1934 τής
821 1847 1014 1935 ἀκροπόλεως
1038 1845 1179 1934 ἐπάρχου,
1217 1849 1249 1890 ²⁸
1273 1846 1352 1929 πρός

106 1937 208 2008 θείους
221 1928 329 2015 νόμους
342 1930 378 1997 ού
393 1933 508 2039 ρᾴδιον,
522 1930 601 1998 ἀλλά
614 1937 712 1998 ταῦτα
745 1939 856 1999 τοῦτον
869 1931 928 2016 γάρ
948 1934 983 2016 ήν
1002 1931 1021 2014 ίη
1040 1933 1100 1996 τῶν
1119 1929 1223 2017 φόρων
1235 1934 1352 2013 πρᾶξις,

108 2011 126 2080 ὅ
140 2014 313 2091 ἀκόλουθος
325 2041 427 2100 καιρος
440 2014 575 2098 δηλοίσει.
601 2013 713 2092 18οἰγο-
745 2016 779 2083 δι’
796 2013 832 2101 ἣν
845 2021 945 2081 αἰτίαν
956 2021 987 2081 οἰ
997 2012 1054 2081 δύο
1068 2012 1126 2080 ύπὸ
1139 2020 1196 2080 τοῦ
1209 2013 1353 2100 βασιλέως

107 2100 198 2181 μένου
223 2099 255 2161 δὲ
289 2102 514 2179 πενταετηρικού
538 2099 656 2178 ἀγῶνος
681 2103 712 2165 ἐν
745 2095 1001 2185 προςεκλήθησαν.
1024 2101 1056 2143 ²⁹
1071 2100 1123 2164 καί
1140 2097 1158 2163 ὁ
1178 2098 1232 2182 μὲν
1246 2099 1351 2164 Μενέ-

110 2176 213 2262 Τύρῳ,
235 2181 287 2244 καί
307 2184 365 2243 τού
386 2182 530 2264 βασιλέως
552 2179 712 2267 παρόντος,
745 2184 818 2257 λαος
837 2179 963 2248 ἀπέλιπε
980 2187 1033 2265 τῆς
1051 2181 1267 2286 ἀρχιερωσύνης
1285 2176 1352 2243 διά-

107 2264 136 2306 ¹⁹
148 2263 319 2328 ἀπέστειλεν
336 2259 443 2328 Ἰάσων
465 2260 483 2328 ὁ
504 2263 610 2347 μιαρὸς
632 2275 712 2329 θεω-
746 2268 833 2350 δσχσν
856 2272 1033 2349 Λυσίμαχον
1054 2263 1110 2330 τὸν
1132 2268 1241 2328 εαυτοῦ
1263 2259 1352 2328 ἀδελ-

107 2345 180 2430 ρούς
192 2342 256 2408 ἀπὸ
268 2342 482 2428 Ἱεροσολύμων
494 2344 649 2430 Ἀντιοχεῖς
661 2346 713 2412 όν·
745 2349 813 2431 φὸν,
826 2349 1011 2434 Σώστρατος
1024 2345 1056 2411 δὲ
1075 2341 1223 2430 Κράτητα
1235 2344 1290 2410 τὸν
1300 2346 1351 2410 ἐπί

107 2454 161 2502 τας
178 2431 436 2513 παρακομίζοντας
455 2426 600 2513 ἀργυρίου
620 2430 712 2514 δραχ-
744 2439 805 2498 τῶν
823 2439 978 2518 Κυπρίωνι
1011 2432 1041 2474 ³⁰
1055 2425 1201 2494 τοιούτων
1217 2428 1250 2492 δὲ
1267 2450 1352 2493 συνε-

106 2509 164 2596 μάς
177 2516 348 2594 τριακοσίας
365 2516 405 2586 εἰς
421 2508 478 2594 τήν
495 2517 550 2576 τοῦ
561 2509 712 2597 Ἣρακλέ-
745 2511 910 2599 στηκότων,
924 2518 1030 2601 συνέβη
1053 2521 1179 2616 Ταρσεῖς
1191 2513 1243 2576 καί
1254 2511 1352 2576 Μαλ-

108 2620 160 2668 ους
171 2601 294 2670 θυσίαν,
316 2592 353 2669 ἀς
364 2595 416 2659 καί
425 2593 554 2679 ἠξίωσαν
568 2599 599 2659 οἰ
610 2622 711 2680 παρα·
745 2595 845 2672 λάτας
870 2596 1045 2673 στασιάζειν,
1068 2597 1119 2660 δια
1141 2594 1177 2660 τδ
1193 2593 1352 2677 Ἀντιοχίδι

108 2683 277 2755 κομίσαντες
294 2675 334 2760 μή
357 2682 490 2762 χρῆσθαι
507 2676 584 2763 πρὸς
601 2685 712 2744 θυσίαν
745 2685 783 2761 τῆ
800 2680 942 2761 παλλακή
960 2684 1017 2743 τοῦ
1040 2677 1186 2764 βασιλέως
1205 2680 1236 2743 έν
1253 2677 1350 2761 δωρεᾷ

107 2759 156 2823 διὰ
169 2757 205 2822 τὸ
217 2759 256 2842 μή
269 2756 423 2842 καθήκειν,
443 2766 481 2835 εἰς
494 2763 599 2846 ἑτέραν
613 2761 645 2825 δὲ
657 2788 713 2825 κα·
745 2751 898 2828 δεδόσθαι.
922 2750 954 2804 ⁴³¹
966 2766 1083 2827 θάττον
1101 2750 1154 2827 σύν
1178 2756 1196 2825 ὃ
1214 2758 1352 2848 βασιλεὺς

106 2845 265 2906 ταθὲσθαι
284 2841 428 2945 δαπάνην.
466 2846 498 2888 ²⁰
511 2848 562 2909 ἔπε
585 2863 640 2927 ψεν
659 2833 713 2910 σύν
746 2837 797 2929 ήκε
809 2846 1000 2910 καταστεῖλαι
1017 2843 1056 2909 τὰ
1068 2843 1242 2931 πράγματα,
1256 2868 1352 2908 κατα-

105 2929 206 2989 ταῦτα
227 2921 276 2989 διά
297 2924 349 3005 μὲν
370 2948 424 2990 τον
436 2923 547 2992 ἀποστε
598 2952 652 2991 ντα
674 2932 713 3001 εἰς
744 2927 843 2993 λιπὼν
867 2926 922 2992 τόν
949 2924 1148 3011 διαδεχόμενον
1166 2922 1352 3007 Ἀνδρόνικον

105 3006 161 3092 τήν
173 3012 231 3074 τοῦ
239 3006 424 3092 Ἡρακλέους
435 3017 561 3085 θυσίαν,
574 3015 668 3076 ἕνεκεν
680 3009 713 3076 δὲ
746 3015 806 3076 τῶν
825 3014 856 3075 ἐν
875 3007 1020 3094 ἀξιώματι
1038 3014 1186 3095 κειμένων.
1225 3012 1255 3051 ³²
1268 3013 1353 3090 νομί-

106 3095 169 3156 τῶν
181 3088 447 3175 παρακομιζόντων
456 3098 495 3168 εἰς
508 3093 563 3169 τάς
575 3097 636 3158 τῶν
649 3118 712 3178 τρι-
745 3120 799 3169 σας
813 3094 844 3158 δὲ
864 3093 881 3159 ὁ
907 3094 1066 3169 Μενέλαος
1085 3095 1230 3177 εἰληφέναι
1247 3090 1353 3175 καιρὸν

107 3171 188 3255 ήρων
212 3170 403 3250 κατασκευάς.
443 3178 471 3218 ²¹
489 3174 713 3252 ἀποσταλέντος
745 3176 849 3261 εύφυή,
859 3174 1038 3281 χρυσώματά
1050 3204 1116 3243 τινα
1128 3180 1190 3242 τῶν
1203 3180 1259 3241 τού
1272 3178 1354 3260 ἱεροῦ

107 3256 139 3322 δὲ
170 3261 209 3331 εἰς
237 3258 397 3335 Λίγυπτυν
421 3257 626 3326 Ἀπολλωνίου
656 3265 712 3325 τοῦ
745 3286 959 3346 νυσφισαμενος
972 3265 1025 3345 έχα
1045 3268 1135 3326 ίσατο
1148 3256 1354 3341 τῷἈνδρσνί-

107 3344 291 3416 Μενεσθέως
301 3340 350 3406 διά
361 3339 400 3406 τά
409 3345 614 3421 πρωτοκλίσια
625 3351 713 3409 Πτο-
747 3373 800 3426 κῳ,
818 3348 868 3410 καί
882 3349 966 3428 ἕτερα
982 3287 1119 3444 ἐτύγχανε
1135 3341 1295 3420 πεπρακὼς
1312 3339 1353 3412 είς

107 3424 231 3507 λεμαίου
253 3430 309 3487 τοῦ
333 3425 538 3507 Φιλομήτορος
558 3427 712 3508 βασιλέως,
748 3452 778 3490 τε
794 3424 895 3511 Τύρον
907 3427 959 3488 καί
971 3423 1024 3495 τὰς
1036 3423 1136 3502 κυκλῳ
1148 3420 1258 3493 πόλειςο
1294 3414 1352 3483 ³³3

107 3503 284 3588 μεταλαβὼν
299 3503 452 3586 Ἀντίοχος
474 3504 634 3588 ἀλλότριον
657 3505 714 3569 αύ-
746 3509 797 3571 καί
805 3511 910 3587 σαφῶς
919 3502 1090 3582 ἐπεγνωκὼς
1102 3499 1239 3575 δὈνίας,
1250 3501 1352 3606 παρή-

107 3585 162 3652 τὸν
174 3589 235 3649 τῶν
247 3583 348 3648 αὐτῶν
360 3589 506 3661 γεγονέναι
518 3583 713 3671 πραγμάτων,
746 3592 841 3671 λεγχεν
859 3584 1095 3670 ἀποκεχωρηκώς
1112 3589 1150 3658 εἰς
1168 3583 1281 3650 ἀσυλον
1298 3610 1352 3649 το-

107 3674 160 3751 τής
174 3665 238 3732 κατ’
256 3665 350 3731 αὐτὸν
360 3667 524 3749 ἀσφαλείας
537 3664 713 3753 ἐφρόντιζεν.
746 3694 815 3744 πον,
829 3671 878 3735 ἐπί
886 3665 1009 3750 Δάφνης
1022 3674 1074 3751 της
1087 3667 1165 3749 πρὸς
1174 3664 1352 3752 Ἀντιόχειαν

109 3754 182 3818 ὅθεν
195 3754 233 3825 εἰς
241 3744 371 3831 Ἰόππην
383 3746 628 3834 παραγενόμενος,
641 3777 714 3817 κατ·
747 3756 884 3836 κειμένης,
922 3752 953 3794 ³⁴
968 3749 1037 3816 ὅθεν
1050 3749 1068 3815 ὁ
1083 3748 1353 3839 Μενελαοςλαβάν

108 3833 231 3920 ήντησεν
249 3837 288 3906 εἰς
303 3828 505 3915 Ἱεροσόλυμα.
540 3836 571 3874 22
584 3834 712 3916 μεγαλο-
748 3835 809 3917 ἰδίη
828 3835 882 3901 τὸν
896 3832 1092 3920 Ἀνδρόνικον,
1118 3834 1278 3918 παρεκάλει
1294 3859 1353 3920 χει-

108 3922 230 3998 πρεπῶς
242 3914 274 3981 δέ
293 3912 354 3979 ύπδ
367 3920 425 3979 τοῦ
440 3911 584 3990 Ἰάσωνος
595 3919 647 3981 καί
659 3921 712 4002 τής
747 3914 910 4005 ρυίσασθαι
929 3917 984 3983 τὸν
999 3915 1110 3983 Ὀνίαν.
1137 3913 1200 3983 ὅδὲ
1217 3943 1354 4004 παραγε-

108 4001 224 4075 πόλεως
235 3999 442 4083 παραδεχθείς,
467 3997 541 4079 μετά
555 4000 714 4104 δᾳδουχίας
746 3997 869 4085 νόμενος
888 4004 938 4066 ἐπί
949 3997 1133 4077 τόνὈνίαν,
1157 4003 1209 4066 καί
1219 4002 1353 4076 πεισθείς

108 4084 161 4146 καί
184 4087 265 4165 βοοῖν
291 4077 518 4165 είςπεπόρευται,
532 4081 587 4146 εἷθ’
618 4083 714 4159 οὕτως
747 4087 796 4149 ἐπί
808 4080 901 4168 δόλῳ,
913 4086 964 4148 καὶ
976 4082 1070 4159 δεξιάς
1078 4082 1142 4166 μεθ’
1159 4081 1256 4172 ὅρκων
1268 4082 1350 4157 δούς,

108 4170 147 4237 εἰς
170 4163 226 4244 τήν
241 4171 381 4252 Φοινίκην
397 4167 713 4249 κατεστρατοπέδευσε.
747 4173 853 4250 καίπερ
877 4172 910 4232 ἓν
934 4163 1056 4250 ὑποψίᾳ
1078 4174 1205 4249 κείμενος
1239 4170 1352 4231 έπεισεν

108 4248 137 4290 23
150 4242 224 4327 μετά
246 4245 277 4308 δὲ
295 4254 394 4333 τριετή
417 4244 527 4333 χρόνον
543 4246 713 4315 ἀπέστειλεν
748 4255 780 4316 ἐκ
792 4255 849 4315 τοῦ
862 4246 978 4316 ἀσύλου
991 4249 1162 4337 προελθεῖν,
1179 4246 1215 4315 ὃν
1227 4250 1277 4312 καί
1288 4273 1352 4312 πα-

105 4325 216 4394 Ἰάσων
234 4329 394 4395 Μενέλαον
406 4331 460 4397 τδν
477 4335 534 4397 τοῦ
545 4355 713 4416 προοημαι-
748 4339 884 4419 ραχρήμα
908 4334 1097 4416 παρέκλεισεν
1122 4331 1179 4398 οάκ
1204 4331 1353 4406 αἰδεσθείς

107 4414 234 4493 κυμίνου
252 4416 388 4508 Σίμωηος
405 4412 549 4494 ἀδελφὸν,
573 4441 709 4496 παρακσ-
748 4414 921 4484 τὸδίκαιον.
953 4419 982 4461 ³⁵
995 4416 1031 4482 δι’
1051 4413 1087 4501 ἢν
1099 4420 1198 4482 αἰτίαν
1211 4412 1246 4479 ού
1259 4409 1352 4494 μόνον

108 4498 232 4577 μίζοντα
245 4490 286 4558 τά
298 4519 436 4578 χρηματα
452 4503 496 4583 τῷ
508 4498 639 4584 βασιλεῖ,
663 4502 715 4566 καί
745 4497 912 4646 Ἰουδαῗρι,
938 4499 1048 4566 πολλοί
1067 4499 1099 4565 δὲ
1112 4498 1164 4563 καί
1175 4501 1239 4564 τῶν
1251 4496 1353 4646 βλλων

891 4607 939 4643 rr
1266 4585 1351 4649 θνοῖν
