2924 4972
165 231 230 303 918
438 226 739 288 ισκσκιεικ
779 218 1128 303 memmae.

162 345 199 409 σύ
213 348 349 427 ἔγραψας
361 338 408 403 ἐπ’
420 338 527 413 αὐτοῖς
536 341 566 401 ἐν
577 342 615 429 τῇ
627 345 699 422 ηειρί
711 363 767 402 σου
782 358 785 471 η
799 342 814 382 ⁶
829 342 958 423 Πέρσαι,
975 337 1027 399 καί
1039 339 1199 411 Αἰθίοπες,
1222 337 1277 399 καί
1292 340 1414 421 Λίβυες,

161 420 288 492 ἐνῶπιον
308 421 419 488 αύτῶν.
449 422 541 485 21καί
565 424 638 506 ἐρεῖς
654 420 766 495 αὐτοῖς.
799 416 908 494 πάντες
932 416 1173 503 περικεφαλαίαις
1196 418 1251 481 καί
1277 418 1415 496 πέλταις,

162 505 235 575 τάδε
258 508 333 583 λέγει
358 500 455 591 κύριος
479 499 587 585 κύριος.
619 500 685 568 ἰδού
707 502 767 581 ἐγά
799 499 947 588 θΓομέρ,
971 504 1023 567 καί
1038 496 1146 576 πάντες
1168 504 1201 565 οἰ
1218 501 1292 584 περί
1313 500 1416 578 αύτδν,

163 585 307 677 λαμβάνω
324 582 425 653 πάντα
438 586 522 653 οἰκον
537 584 659 671 Ἰσραήλ
671 588 704 653 ἐκ
715 589 768 668 μέ-
800 586 946 662 οἰιιοςτοῦ
956 581 1173 669 Θσργαμά,άπ’
1186 581 1416 671 ἐσχάτουΒοβ·

164 700 220 740 σου
239 676 299 737 τῶν
317 674 430 744 ἐθνῶν,
454 662 493 735 ού
510 666 685 753 εἰςήλθοσαν
701 670 767 744 ἐκεῖ,
807 673 857 743 ’”,
881 669 934 733 καί
956 664 1064 742 πάντες
1088 670 1119 731 οἰ
1135 668 1205 792 περί
1222 666 1342 745 αὐτὸν,
1367 674 1418 735 καί

163 758 216 821 καί
233 750 352 829 συνάξω
368 750 478 828 αύτούς
496 751 559 820 άπὸ
575 748 697 817 πάντων
709 756 769 817 τῶν
801 758 876 836 έθνη
886 749 991 817 πολλά
1001 748 1078 853 μετά
1088 754 1158 851 σού.ι
1199 748 1417 857 έναιμάσθητε,

163 834 330 923 περικύκλῳ
342 834 457 910 αὐτῶν,
478 837 530 901 καί
541 832 644 912 εἰσάξω
657 833 769 910 αύτούς
801 838 958 917 ἐτοίμασον
977 858 1101 899 σεαυτον
1126 858 1179 906 συ,
1205 859 1260 898 και
1288 862 1382 902 πασα
1400 836 1419 923 ή

163 927 203 997 εἰς
216 921 270 1023 τήν
281 924 336 1001 γήν
349 924 404 984 τοῦ
415 916 548 1065 Ἰσραήλ,
573 920 604 960 ²²
615 919 667 981 καί
679 912 768 983 δεύσω
801 913 954 1001 συναγωγή
967 942 1032 991 σου,
1052 913 1068 1001 ή
1082 918 1242 1000 συνηγμένη
1251 918 1338 1019 μετά
1352 926 1418 1023 σρύ,

164 1004 275 1077 αύτούς
292 1007 331 1078 εἰς
348 1004 436 1076 ἐθνος
473 1005 546 1096 ντή
563 1007 601 1094 γή
617 1025 693 1083 μου,
718 1001 769 1065 καί
801 1004 852 1066 καί
876 1004 929 1094 ἐση
975 1026 1006 1065 οι
1022 1003 1061 1075 εἰς
1077 998 1291 1103 προφυλακήν.
1333 1002 1415 1083 θαβ

163 1092 196 1153 ἐν
206 1097 271 1161 τοῖς
286 1084 384 1170 ὄρεσιν
398 1081 531 1189 Ἰσραήλ.
556 1086 607 1150 καί
619 1081 719 1167 άρηων
731 1083 769 1157 εἰς
801 1080 915 1189 ήμερῶν
926 1110 951 1149 π
1000 1078 1071 1161 ’νῳν
1083 1084 1355 1165 ἐτοιμασθησεται,
1368 1090 1419 1151 καί

163 1174 246 1236 ἐσται
264 1166 380 1243 αὐτῶν,
404 1193 455 1233 και
473 1168 529 1233 ούκ
540 1170 658 1232 ἐσονται
671 1169 715 1231 ἐτι
730 1170 769 1241 εἰς
801 1166 844 1233 ἐπ’
861 1161 989 1251 ἐσχάτου
1007 1169 1084 1230 ἐτῶν
1096 1162 1263 1241 ἐλεύσεται,
1292 1172 1347 1234 καί
1359 1170 1417 1252 ήξει

162 1251 220 1319 δύο
234 1256 320 1333 ἐθνη,
332 1250 403 1315 ούδέ
414 1248 454 1333 μή
467 1251 655 1336 διαιρεθῶσιν
668 1246 769 1315 οὐκέτι
802 1255 841 1325 εἰς
863 1247 917 1332 τήν
935 1254 990 1334 γήν
1008 1245 1063 1330 τήν
1080 1245 1336 1335 άπεστραμμένην
1354 1252 1415 1318 άπὸ

163 1333 271 1411 εἰςδύο
281 1333 440 1420 βασιλείας,
453 1335 536 1399 Ἀίνα
547 1330 588 1417 μή
598 1337 769 1415 μιαίνωνται
801 1362 823 1418 μ
862 1339 965 1418 αἰρας,
1003 1334 1187 1415 συνηγμένων
1218 1332 1289 1397 άπὸ
1318 1338 1416 1401 ἐθνῶν

164 1422 209 1487 ἐτι
219 1420 251 1481 ἐν
263 1428 328 1490 τοῖς
339 1411 472 1491 εἰδώλοις
484 1414 592 1482 αὐτῶν.
612 1416 663 1481 καί
676 1410 769 1500 ρύσο-
801 1441 844 1483 πο
882 1422 937 1490 ῶν,
962 1416 1012 1479 ἐπί
1022 1418 1078 1496 γῆν
1087 1410 1227 1497 Ἰσραήλ,
1251 1414 1414 1501 ἣέγενήθη

163 1526 219 1585 μαι
230 1496 343 1573 αύτούς
361 1498 425 1563 άπὸ
438 1503 546 1566 πασῶν
562 1502 623 1563 τῶν
635 1496 769 1580 άνομιῶν
802 1502 824 1563 ἐ
838 1524 909 1581 wc
928 1495 961 1563 δι’
978 1493 1069 1570 άλου,
1093 1500 1145 1563 καί
1163 1488 1257 1574 ούτος
1273 1504 1308 1577 ἐξ
1321 1507 1413 1569 ἐθνῶν

164 1580 286 1655 αὐτῶν,
303 1573 347 1645 ῶν
359 1576 532 1665 ήμάρτσσαν
544 1584 574 1646 ἐν
587 1577 702 1655 αύτοῖς,
719 1581 770 1644 καί
833 1578 973 1665 ελήλυθε,
998 1581 1051 1645 καί
1064 1576 1301 1663 κατοικήσουσιν
1313 1584 1360 1651 ἐπ’
1375 1591 1413 1649 εἰ-

163 1667 305 1747 καθοριῶ
318 1661 443 1738 αύτούς,
468 1667 520 1730 καί
537 1666 657 1729 ἐσονταί
667 1688 719 1747 μοι
732 1668 770 1738 εἰς
801 1662 891 1767 ρήνης
903 1658 1039 1738 ἅπαντες.
1064 1663 1080 1704 ⁹
1093 1665 1145 1727 καί
1157 1661 1300 1750 άναβήση
1314 1664 1356 1743 ῶς
1369 1664 1412 1733 ύε-

164 1746 257 1821 λαὸν,
282 1747 334 1814 καί
352 1743 413 1824 ἐγῶ
431 1742 532 1832 κύριος
547 1750 652 1829 ἐσομαι
665 1744 770 1820 αύτοῖς
802 1772 868 1825 τος,
893 1748 944 1812 καί
956 1744 1029 1829 ήξεις
1041 1741 1082 1820 ῶς
1095 1746 1200 1830 νεφέλη
1205 1796 1215 1825 ,
1239 1738 1411 1815 κατακαλύ-

165 1837 205 1906 εἰς
216 1826 296 1897 θεάν.
322 1828 354 1871 ²⁴
366 1826 452 1895 καίὁ
472 1825 580 1902 δοῦλός
597 1855 656 1914 μου
672 1829 772 1895 Δαυίδ
804 1850 862 1913 ψαι
873 1835 937 1937 γήν,
951 1831 1051 1921 καίἐσ,
1073 1828 1111 1893 ού
1120 1832 1171 1893 καί
1182 1827 1297 1909 πάντες
1307 1839 1338 1897 οἰ
1345 1835 1409 1915 περί

165 1912 266 1998 άρχων
282 1916 313 1977 ἐν
327 1916 411 1995 μέσῳ
423 1912 540 1987 αἰετῶν,
565 1916 649 1979 ἐσται
660 1907 770 1995 ποιμήν
804 1913 845 1988 οἰ,
859 1940 911 1978 και
922 1916 996 1995 ἔθνη
1008 1856 1107 1979 πολλὰ
1121 1913 1197 1995 μετά
1211 1920 1283 1979 σοῦ.
1305 1922 1332 1959 ¹⁰
1341 1912 1409 1981 τάδε

164 1997 203 2071 εἰς
220 1991 358 2069 πάντων,
384 1994 431 2059 ὅτι
444 1998 551 2070 ἐντοῖς
562 1989 772 2095 σροςτάγμασί
802 1996 879 2074 λέγει
896 1991 996 2081 κύριος
1013 1991 1120 2081 κύριος.
1152 2001 1205 2063 καί
1222 2001 1310 2064 ἔσται
1327 2003 1357 2065 ἐν
1375 2004 1410 2079 τῆ

164 2104 222 2163 μου
232 2073 440 2162 πορεύσονται,
455 2080 506 2143 καί
517 2076 555 2143 τά
569 2083 699 2163 κρίματα
711 2102 769 2159 μοι·
803 2078 899 2164 ἡμέρη
912 2084 1016 2171 ἐκείνη,
1036 2075 1217 2165 ἀναβήσεται
1231 2078 1350 2166 ῥ’ματα
1362 2073 1412 2147 ἐτίί

165 2156 347 2242 φυλάξονται
356 2157 587 2246 καίποιήσουσιν
596 2157 771 2235 αύτά,“καί
803 2163 856 2246 τήν
867 2164 993 2248 καρδίαν
1005 2189 1073 2239 σου,
1086 2166 1138 2227 καί
1151 2164 1239 2255 λογιή·
1250 2110 1411 2248 λογισμούς

165 2240 395 2328 κατοικήσουσιν
408 2245 458 2308 ἐπί
470 2248 522 2328 τήν
532 2249 587 2327 γῆς
601 2241 717 2318 αύτῶν,
735 2239 771 2326 ήν
803 2245 964 2331 πονηρούς,
976 2247 1059 2311 ιικαί
1067 2250 1149 2331 ἐρεῖς.
1163 2244 1352 2351 ἀναβήσομαι
1364 2251 1414 2312 ἐπί

166 2326 229 2407 ἐγὼ
240 2328 354 2392 δέδωκα
366 2331 411 2410 τῷ
424 2322 524 2411 δούλῳ
536 2353 594 2411 μου
603 2325 723 2414 Ἰακῶβ,
734 2319 770 2392 ού
802 2334 857 2413 γήν
869 2329 1093 2415 άπεβριμμένην,
1109 2328 1170 2414 ήξω
1182 2334 1234 2395 ἐπί
1246 2328 1413 2416 ησυχάζον-

165 2407 342 2495 κατῴκησαν
350 2413 411 2475 ἐκεῖ
420 2414 452 2475 οἰ
459 2414 584 2495 πατέρες
597 2407 707 2486 αὐτῶν,
720 2410 771 2475 καί
803 2438 857 2486 τας
870 2416 901 2476 ἐν
920 2417 957 2507 τῇ
971 2414 1094 2497 ήσυχίρ,
1119 2416 1169 2477 καί
1186 2418 1346 2489 οἰκοῦντας
1364 2411 1408 2478 ἐπ’

165 2489 398 2577 κατοικήσουσιν
414 2490 459 2559 ἐπ’
482 2493 574 2573 αὐτῆς
593 2491 689 2557 αύτοί.
721 2495 772 2557 καί
804 2491 930 2581 εἰρήνης,
947 2492 1065 2571 πάντας
1075 2500 1286 2566 κατοικοῦντας
1296 2502 1368 2575 γῆν,
1381 2498 1414 2562 ἐν

168 2578 267 2644 Δαυίδ
284 2574 301 2641 δ
319 2575 429 2649 δοῦλός
445 2603 505 2659 μου
532 2576 632 2661 άρχων
658 2581 695 2651 εἰς
717 2575 771 2641 τὸν
803 2571 890 2664 ήούχ
904 2574 1130 2664 ύπάρχειτεῖχος,
1142 2574 1208 2639 οὐδὲ
1219 2575 1339 2656 μοχλοί,
1355 2582 1414 2642 καί

167 2664 272 2726 αἰῶνα.
290 2660 320 2701 ²⁶
333 2662 384 2723 καί
396 2658 579 2741 διαθήσομαι
592 2658 694 2733 αὐτοῖς
705 2660 770 2725 δια·
804 2650 900 2748 ’θύραι
912 2661 968 2727 οὐκ
982 2662 1049 2727 εἰσίν
1060 2658 1173 2734 αὐτοῖς,
1193 2659 1218 2697 ¹²
1232 2663 1413 2741 προνομεῦ-

166 2740 265 2827 θήκην
277 2737 402 2826 εἰρήνης,
429 2738 557 2827 διαθήκη
572 2746 677 2806 αἰωνία
690 2748 771 2808 ἐσται
805 2772 857 2811 σαι
880 2744 1050 2831 προνομήν,
1073 2744 1123 2809 καί
1144 2742 1234 2807 σκῦλα
1251 2740 1414 2807 σκυλεύσαι

166 2825 223 2909 μετ’
240 2823 347 2892 αὐτῶν.
369 2827 420 2889 καί
432 2822 521 2908 θήσω
536 2822 574 2890 τά
587 2822 658 2901 άγιά
669 2852 729 2907 μου
741 2829 772 2890 ἐν
805 2828 917 2903 αὐτῶν,
932 2834 988 2894 τοῦ
1002 2830 1178 2910 ἐπιπρέψαι
1192 2824 1289 2910 χεῖράς
1301 2852 1363 2906 μου
1377 2832 1414 2900 εἰς

166 2912 248 2994 μέσῳ
257 2906 358 2973 αὐτῶν
366 2912 407 2981 εἰς
415 2908 469 2972 τὸν
477 2912 582 2983 αἰῶνα,
595 2910 679 2973 27καί
688 2912 771 2974 ἐσται
806 2912 857 2996 τήν
870 2910 1060 2996 ἠρημωμένην
1072 2907 1090 2995 ἢ
1103 2915 1289 2992 κατῳκίσθη,
1304 2912 1358 2973 καί
1367 2908 1409 2973 ἐπ’

167 2991 187 3077 ή
207 2988 427 3092 κατασκήνωσίς
448 3017 506 3071 μου
526 2995 556 3055 ἐν
574 2989 696 3067 αὐτοῖς,
721 2994 772 3055 καί
805 2999 896 3071 έθνος
908 2997 1082 3076 συνηγμένον
1094 2991 1158 3057 άπὸ
1169 2996 1267 3056 ἐθνῶν
1277 2992 1412 3067 πολλῶν,

167 3079 275 3155 ἐσομαι
300 3085 404 3148 αυτοῖς
428 3074 515 3149 θεὸς,
541 3079 591 3140 καί
609 3073 700 3140 αύτοί
715 3101 772 3157 μου
805 3076 1006 3161 πεποιηκότας
1037 3069 1165 3159 κτήσεις,
1195 3081 1412 3149 κατοικοῦντος

168 3162 287 3221 ἔσονται
312 3152 392 3229 λαός.
422 3158 453 3197 ²⁸
466 3159 517 3221 καί
541 3153 706 3234 γνῶσσνται
732 3155 771 3223 τά
806 3164 854 3225 ἐπὶ
872 3161 922 3226 τὸν
936 3157 1075 3240 ὀμφαλὸν
1092 3160 1218 3242 τήςγής.
1252 3156 1412 3259 13Σαββά,

168 3242 258 3322 ἔθνη,
282 3234 333 3303 ὅτι
351 3233 410 3315 ἐγώ
427 3242 481 3318 εἰμι
500 3240 599 3342 κύριος
613 3236 630 3304 ὅ
643 3235 774 3319 άγιάζων
805 3248 855 3309 καί
865 3241 987 3314 Δαιδάν,
997 3243 1049 3303 καὶ
1061 3244 1412 3325 ἐμποροιΚαρχηδσνιοι,

167 3319 294 3397 αύτούς,
320 3324 352 3389 ἐν
368 3325 413 3405 τῷ
430 3320 504 3386 εἰναι
521 3347 560 3387 τα
578 3319 649 3401 άγιά
663 3350 725 3408 μου
743 3327 773 3388 ἐν
804 3326 854 3389 καί
867 3328 960 3387 πᾶσαι
972 3327 1004 3385 αἰ
1015 3325 1111 3402 κῶμαι
1124 3319 1349 3409 αύτωνέροῦσί
1357 3351 1411 3389 σοι.

167 3409 248 3490 μέσῳ
261 3404 361 3471 αὐτῶν
381 3408 420 3478 εἰς
432 3403 489 3471 τὸν
501 3408 605 3471 αἰῶνα.
805 3413 842 3484 εἰς
854 3405 1001 3491 προνομήν
1017 3408 1072 3468 τοῦ
1089 3410 1298 3488 προνομεῦσαι
1316 3410 1352 3473 σύ
1367 3413 1412 3491 ἔρ-

343 3494 418 3555 ΚΕ
430 3494 469 3551 Φ.
511 3484 600 3553 AH'.
804 3518 856 3576 χη,
880 3494 930 3557 καί
943 3489 1100 3555 σκυλεύσαι
1113 3488 1224 3565 σκῦλα,
1250 3488 1413 3575 συνήγαγες

168 3540 250 3637 Καὶ
271 3574 385 3649 ἐγένετο
404 3566 493 3649 λύγος
512 3578 612 3656 κυρίου
632 3572 708 3658 πρὸς
725 3572 772 3655 μὲ,
805 3566 978 3657 συναγωγήν
992 3599 1063 3650 σου,
1087 3571 1186 3658 λαβεῖν
1205 3570 1353 3657 ἀργύριον
1365 3575 1414 3637 καί

167 3654 271 3729 λέγων.
298 3652 371 3717 2υἱὲ
384 3649 565 3735 ἀνθρώπου,
589 3652 724 3741 στήρισον
736 3653 772 3720 τό
805 3665 943 3743 χρυσίον,
972 3654 1197 3732 ἀπενέγκασθαι
1227 3660 1330 3737 κτῆσιν
1358 3660 1414 3721 τού

167 3730 330 3819 πρόσωπόν
343 3761 400 3803 σου
412 3740 463 3800 ἐπί
475 3734 563 3814 Γῶγ,
587 3741 638 3805 καί
656 3737 710 3822 τήν
720 3744 773 3822 γῆν
806 3741 960 3807 σκυλεῦσαι
977 3739 1081 3803 σκῦλα.
1108 3737 1201 3804 1’λδιά
1220 3742 1315 3804 τοῦτο
1336 3765 1414 3825 προ-

168 3822 223 3881 τοῦ
242 3817 366 3897 Μαγιύγ
388 3818 518 3902 άρχοντα
539 3816 632 3898 wc,
656 3819 773 3926 Μεσόη,
805 3820 950 3908 ῳήτευσον
962 3822 1005 3887 υἰέ
1018 3817 1193 3905 ἀνθρώπου,
1210 3823 1263 3885 καί
1275 3817 1361 3886 εἰπὸν
1373 3826 1414 3903 τῶ

168 3902 220 3964 καί
237 3900 348 3986 Θοβέλ,
373 3897 644 4005 καίσρσῳήτευσον
657 3904 700 3969 ἐπ’
717 3932 772 3970 av·
805 3910 890 3984 Γώγ.
927 3904 997 3971 τάδε
1015 3905 1088 3984 λέγει
1106 3902 1214 3988 κύριος.
1249 3903 1307 3969 οὐκ
1327 3908 1360 3969 ἐν
1378 3909 1414 3997 τῇ

168 3980 232 4056 τὸν,
255 3984 333 4047 3καί
345 3980 426 4049 εἰπὸν
439 3989 531 4050 αυτῶ.
550 3983 619 4055 τάδε
632 3987 709 4065 λέγει
720 3983 773 4053 κύ·
805 3984 899 4073 ήμέρῳ
925 3994 1036 4079 ἐκείνη,
1062 3992 1092 4054 ἐν
1116 3993 1161 4070 τῷ
1182 3993 1413 4071 κατοικισθῆναι

163 4090 230 4167 ριος
242 4060 350 4147 κύριος.
377 4067 441 4131 ἰδού
458 4050 514 4147 ἐγιδ
530 4071 579 4134 ἐπὶ
592 4069 625 4135 σὲ
639 4070 772 4177 άρρσντα
804 4072 860 4137 τὸν
869 4068 944 4135 λαόν
952 4098 1010 4152 μου
1020 4069 1144 4156 Ἰσραήλ
1153 4067 1196 4135 ἐπ’
1206 4064 1333 4154 εἰρήνης,
1340 4075 1414 4155 ἐγερ-

173 4145 255 4225 Ρῶς,
269 4147 390 4233 Μεσὸχ,
407 4154 459 4217 καὶ
475 4151 586 4237 Θοβίλ,
609 4152 626 4193 ⁴
638 4179 689 4217 και
702 4180 771 4220 συν·
804 4150 905 4248 θήση,
930 4157 957 4197 ¹⁵
971 4158 1023 4221 καί
1039 4152 1112 4237 ήξεις
1128 4158 1160 4218 ἐκ
1171 4157 1228 4219 τοῦ
1242 4148 1346 4219 τάπου
1359 4178 1414 4217 σου

167 4226 230 4309 άξω
249 4258 297 4309 σε,
323 4233 373 4297 καί
390 4239 495 4300 πᾶσαν
509 4235 561 4316 τήν
572 4235 694 4317 δύναμίν
707 4262 771 4312 σου,
805 4236 856 4303 ἀπ’
873 4235 1002 4324 ἐσχάτου
1015 4240 1138 4321 Βορῥᾶ,
1161 4239 1212 4301 καί
1224 4238 1299 4319 ἔθνη
1311 4234 1415 4300 πολλα

166 4318 279 4391 ἵππους
295 4320 346 4381 καί
365 4318 463 4390 ἰππεῖς
480 4317 684 4398 ἐνδεδεμένους
705 4316 771 4383 θῶ-
803 4321 876 4403 μετά
901 4326 975 4400 σοῦ,
1001 4319 1060 4389 άνα
1079 4327 1150 4385 άτοι
1175 4325 1279 4385 ἵππων
1293 4313 1416 4393 πάντες,

166 4424 260 4479 ρακσς
270 4397 385 4472 πάντας
398 4402 556 4489 συναγωγῇ
568 4398 678 4476 πολλί,
697 4402 771 4467 πέλ-
805 4405 964 4490 συναγωγή
976 4326 1089 4488 μεγάλη
1106 4405 1157 4468 καί
1169 4398 1292 4503 δύναμις
1304 4399 1415 4483 πολλή.

164 4504 214 4547 και
230 4483 286 4553 καί
303 4478 527 4568 περικεφαλαίαι
552 4485 603 4547 καί
619 4486 770 4572 μάχαιραι.
805 4489 898 4552 16καί
917 4490 1052 4580 ἀναβήσῃ
1065 4490 1116 4553 ἐπὶ
1131 4487 1182 4551 τὸν
1193 4486 1271 4551 λαον
1283 4512 1344 4569 μου
1356 4488 1415 4629 Ἰρὶ

1342 4596 1399 4652 ενι
