2924 4972
296 222 588 286 ΒΑΣιΛΕιαιν
624 221 945 322 ”mm-„Q
936 214 973 320 ζ.
985 213 1106 319 '122⁸‘
1253 220 1317 319 ατο

77 341 153 425 πρὸς
165 334 265 423 κύριον
277 339 327 400 καί
339 329 515 399 δουλεύσατε
532 331 616 415 αύτῷ
626 328 681 414 μό·
714 329 881 414 ἀλλόφυλοι
902 332 988 419 παρὰ
1009 336 1070 398 τῶν
1092 336 1164 397 υίών
1184 330 1319 417 Ἰσραὴλ,

79 450 136 505 νῳ,
160 425 210 488 καί
223 419 358 496 ἰξελεῑται
377 413 453 499 ύμᾶς
474 419 506 481 ἐκ
520 412 614 500 χειρός
627 414 699 481 aiz-¹
714 416 766 482 καί
778 414 939 482 ἀπέδωκαν
954 411 1050 490 αύτάς
1068 420 1111 499 τῷ
1119 411 1242 502 Ἰσραὴλ
1255 411 1319 479 ἀπό

79 501 229 611 λοφιίλων.
254 499 492 586 *καὶπεριειλον
505 502 537 564 οἳ
550 495 685 564 υίοίἸσ·
710 494 894 577 Ἀσκάλωνος
911 504 967 575 ἕως
980 496 1077 586 Ἀζόβ.
1112 502 1162 562 καί
1180 495 1216 564 τό
1236 494 1320 582 όριον

80 590 154 676 ραηλ
167 587 221 662 τὰς
233 583 360 685 Βααλίμ
371 586 422 648 καί
434 578 475 648 τά
487 579 685 664 ἀλοηἎστα-
711 579 832 669 Ἰσραὴλ
849 580 1008 688 ἀφείλοντο
1026 586 1059 648 ἐκ
1073 578 1165 668 χειρός
1184 574 1320 660 ἀλλοφύ-

79 671 168 800 ρώθ,
193 672 245 734 καί
270 666 448 733 ἐδουλευσαν
472 670 564 749 κυρίῳ
589 659 684 747 μόνῳ.
716 666 784 733 λων.
810 669 861 731 καὶ
874 690 910 751 ην
927 661 1185 770 εἰρὴνηάναμέσον
1201 661 1322 789 Ἰσραὴλ

106 760 157 822 καί
169 752 231 820 εἷπε
242 747 397 834 Σαμουὴλ
424 750 588 832 ἀθροίοατι
607 742 686 812 πάν·
717 749 769 813 καί
781 745 927 833 ἀνσμέσον
944 753 998 814 τοῦ
1016 752 1204 837 Λμορραίου.
1230 749 1242 788 ¹
1270 746 1322 810 καί

79 865 117 904 τα
124 834 248 922 Ἰσραὴλ
263 838 302 909 εἰς
315 832 512 916 Μασσηφάθ,
526 835 577 895 καί
591 855 686 915 προς-
718 831 830 907 ἐδίκαζε
845 829 993 914 Σαμουὴλ
1014 830 1067 898 τόν
1077 830 1203 935 Ἰσραὴλ
1219 824 1321 904 πάσας

78 918 197 1023 εύξομαι
210 920 276 1002 περὶ
292 912 374 1000 ὑμῶν
385 915 462 1001 πρὸς
475 910 586 995 κύριον.
607 913 687 1014 ⁰qu
716 912 771 989 τός
795 911 903 1015 ὴμέρας
928 919 981 1016 τὴς
1000 916 1074 998 ζωὴς
1098 920 1202 981 αυτοῦ.
1227 912 1256 956 ¹⁰
1269 912 1322 977 καί

79 1013 271 1106 συνηχθηοαν
296 1005 335 1075 εἷς
359 997 557 1081 Μασοηφάθ,
570 998 623 1062 καί
651 1023 687 1061 υ·
718 1001 875 1081 ι’πορευετο
895 1022 953 1060 κατ
975 996 1106 1063 ἐνιαυτόν
1123 995 1257 1065 ἐνιαυτόν
1269 997 1322 1060 καί

79 1090 235 1171 δρευονται
249 1079 343 1167 ύδωρ,
369 1083 420 1146 καί
433 1084 547 1164 ἐξέχεαν
559 1074 686 1145 ἐνώπιον
717 1076 842 1143 ίκύκλου
866 1075 996 1161 Βαιθὴλ
1021 1082 1072 1144 καί
1095 1076 1148 1163 τὴν
1172 1085 1205 1145 Γ
1203 1076 1320 1156 αλγαλίι

79 1176 180 1239 κυοίου
203 1168 255 1233 ἐπὶ
276 1165 332 1249 τὴν
349 1169 411 1248 γὴν.
437 1165 489 1228 καὶ
511 1158 687 1245 ἐνὴστευσαν
718 1163 771 1227 καὶ
789 1158 840 1244 τὴν
852 1156 1047 1243 Μασσηφάθ.
1073 1163 1123 1226 καί
1139 1162 1252 1239 ἐδίκαζε
1269 1156 1322 1226 τόν

77 1237 159 1335 ἐν’τὴ
173 1246 270 1335 ὴμέρας
285 1253 390 1330 ἐκείνη,
404 1248 455 1310 καί
468 1243 564 1310 εἶπαν.
595 1240 651 1327 ‘pa
715 1242 839 1331 ’Ῑσραὴλ
852 1248 883 1309 ἐν
895 1248 969 1309 πᾶσι
980 1256 1044 1319 τοῖς
1057 1239 1240 1329 ἡγιασμένοις
1253 1237 1324 1307 τού-

80 1327 210 1418 τὴκίιμεν
223 1326 351 1396 ἐνώπιον
362 1320 475 1413 ’κυρίου
513 1328 565 1391 καί
578 1268 688 1403 ἐδίκαλλ
719 1352 790 1403 τοις.
816 1323 874 1411 17ὴ
900 1324 933 1394 δὲ
957 1322 1137 1431 ἀποστροφὴ
1164 1324 1260 1390 αὐτοῦ
1286 1328 1325 1399 είς

80 1413 227 1499 Σαμουὴλ
238 1409 311 1484 τοὺς
325 1406 409 1484 υἱοὺς
415 1406 537 1494 Ἰσραὴλ
549 1414 689 1485 ελςΜασ·
714 1408 896 1494 Ἀρμαθαίμ,
908 1407 956 1476 ότι
969 1414 1030 1475 ἐκεῖ
1043 1436 1078 1493 ην
1090 1407 1108 1474 ό
1121 1406 1206 1483 οἶκος
1218 1405 1324 1480 αύτοῦ,

82 1494 199 1582 σηφάθ.
240 1496 253 1538 7
265 1496 316 1556 καί
329 1491 461 1575 ὴιιουσαν
479 1496 510 1557 οί
522 1488 686 1573 ἀλλόφυλοι
718 1496 769 1559 καί
780 1495 906 1571 ἐδίκαζεν
916 1496 977 1558 ἐκεῖ
983 1492 1036 1559 τόν
1042 1487 1175 1579 Ἰσραὴλ,
1186 1495 1237 1556 καί
1246 1488 1325 1575 ᾠκο-

82 1580 131 1646 ότι
156 1583 420 1663 συνηθροίσθησαν
443 1573 550 1650 πάντες
571 1579 603 1639 οί
629 1577 688 1641 υἱοί
717 1573 841 1665 δόμησιν
852 1582 913 1648 ε’κεῖ
927 1571 1143 1663 θυσιαστήριον
1162 1577 1208 1661 τῷ
1219 1578 1322 1660 κυρίῳ.

81 1660 202 1765 Ἰσραὴλ
216 1666 255 1735 είς
267 1654 463 1741 Μαοσηφάθ.
477 1656 687 1746 καίάνεβησαν
912 1664 947 1727 K
958 1666 988 1724 B
1000 1664 1038 1729 Φ,
1081 1655 1138 1731 H'.

86 1772 240 1831 σατραπαι
269 1736 450 1822 ἀλλοφύλων
476 1742 527 1806 ἐπὶ
553 1738 685 1826 Ἰσραὴλ.
715 1709 802 1811 Καί
826 1746 939 1823 ἐγένετο
961 1738 1002 1818 ὡς
1023 1737 1152 1846 ίνὴρασε
1168 1737 1323 1824 Σαμουὴλ,

81 1832 133 1895 καί
146 1823 304 1892 ἀκούουσιν
321 1828 351 1890 οί
367 1828 426 1891 υἱοί
440 1820 573 1911 Ἰσραὴλ,
591 1826 644 1891 καί
655 1826 686 1888 ὲ
715 1830 767 1893 καί
779 1830 939 1911 κατέστησε
952 1826 1023 1903 τούς
1033 1829 1118 1901 υίους
1131 1821 1229 1890 αὐτοῦ
1239 1824 1324 1888 δικα-

81 1908 263 1999 φοβὴθησαν
284 1905 348 1975 ἀπὸ
371 1904 532 1995 προςιύπου
551 1902 685 1989 ἀλλοφύ·
717 1909 788 1988 στὰς
801 1916 845 1994 τῷ
859 1904 992 1998 Ἰσραὴλ.
1032 1911 1111 1975 2καί
1122 1912 1222 1974 ταῦτα
1235 1902 1274 1972 τό
1287 1899 1323 1972 ό-

82 1996 152 2061 λιον.
177 1995 251 2058 8καί
262 1990 349 2059 εἶπαν
361 1995 393 2057 σί
404 1992 466 2057 υίοί
474 1988 598 2078 Ἰσραὴλ
608 1988 685 2077 πρὸς
717 1990 831 2077 νόμαια
841 1998 902 2060 τῶν
915 1997 987 2059 υίῶν
999 1990 1103 2059 αὐτοῦ.
1130 1986 1323 2079 πρωτότοκος

81 2070 235 2161 Σαμουὴλ.
259 2075 300 2179 μὴ
319 2068 559 2161 παρασιωπὴσης
578 2070 627 2155 ἀφ’
649 2072 685 2174 ὴ·
713 2074 802 2163 Ἰωὴλ
821 2080 872 2143 καί
890 2076 985 2159 ὄνομα
1003 2081 1057 2143 τοῦ
1077 2078 1213 2183 δευτέρου
1227 2071 1262 2139 Ἀ
1291 2072 1322 2147 ἀ,

80 2167 144 2246 μῶν
160 2163 216 2226 τοῦ
231 2186 271 2243 μη
287 2162 365 2244 βοᾷν
387 2158 467 2244 πρὸς
486 2149 591 2243 κύριον
612 2168 686 2224 θεον
717 2160 855 2225 δικασταί
867 2162 899 2226 ἒν
911 2162 1076 2246 Βηρσαβέε.
1089 2160 1104 2202 ³
1117 2186 1167 2224 και
1181 2156 1237 2223 ούκ
1264 2181 1322 2222 πο-

83 2271 152 2319 σου,
165 2246 217 2308 καί
235 2236 322 2308 σώσει
341 2237 416 2325 ἡμᾶς
433 2242 464 2304 ἐκ
481 2239 575 2327 χειρὸς
594 2237 686 2304 ἀλλο-
717 2238 870 2328 ριύθησαν
890 2247 921 2307 οἱ
939 2244 999 2307 υἱοί
1017 2241 1114 2307 αὐτοῦ
1131 2244 1163 2307 ἐν
1181 2236 1243 2324 όδῷ
1267 2236 1323 2306 αύ-

82 2322 193 2409 φύλων.
220 2325 300 2389 9καί
325 2324 412 2410 ἔλαβε
439 2322 584 2406 Σαμουὴλ
610 2320 688 2410 ίίρνα
718 2329 782 2389 τοῦ.
807 2325 859 2389 καί
877 2324 1023 2401 ἐξέκλιναν
1040 2323 1139 2390 ὀπίσω
1157 2328 1208 2406 τὴς
1225 2346 1324 2387 συντε-

81 2403 255 2510 γαλαθηνόν
272 2412 333 2482 ἕνα,
358 2409 409 2471 καί
426 2404 577 2489 ἀνὴνεγκεν
595 2404 689 2470 αὐτόν
719 2407 807 2483 λείας,
831 2409 882 2470 καί
895 2402 1060 2492 ἐλάμβανον
1078 2408 1174 2491 δῶρα,
1199 2407 1250 2469 καί
1263 2408 1324 2482 {tiu

84 2489 289 2556 όλοκαυτωσιν
311 2488 364 2553 σὺν
381 2490 473 2551 παντί
489 2494 533 2568 τῷ
556 2487 622 2569 λαῷ
644 2491 688 2569 τῷ
720 2489 818 2554 κλινον
834 2483 1029 2590 δικαιώματα.
1061 2488 1144 2552 *καί
1160 2493 1326 2572 συναθροί-

83 2580 187 2658 κυρίῳ.
215 2574 266 2635 καί
278 2565 381 2655 ε’βόησε
392 2569 537 2671 Σαμουὴλ
549 2570 625 2653 πρὸς
637 2568 690 2632 κύ·
721 2575 819 2649 ζονται
832 2570 933 2655 ἀνδρες
950 2567 1071 2657 Ισραὴλ,
1084 2573 1135 2634 καὶ
1147 2575 1325 2654 παραγίνον-

83 2682 149 2740 ριον
160 2655 229 2740 περὶ
238 2649 373 2738 Ἰσραὴλ,
395 2653 446 2715 καί
459 2654 619 2735 ἐπηκουσεν
634 2651 689 2717 αύ-
721 2680 771 2719 ται
785 2659 822 2730 είς
831 2653 1001 2740 Ἀρμαθαὶμ
1009 2650 1084 2759 πρὸς
1093 2652 1247 2736 Σαμουὴλ,
1261 2654 1327 2717 6καί

83 2744 142 2806 τοῦ
155 2734 264 2823 κύριος.
294 2737 322 2777 ¹⁰
335 2736 386 2800 καί
403 2722 439 2820 ὴν
456 2734 599 2818 Σαμουὴλ
616 2734 690 2800 ἀνα·
721 2736 808 2803 εἶπαν
825 2735 917 2823 αὐτῷ.
932 2737 996 2802 ἰδού
1016 2765 1053 2803 συ
1064 2732 1251 2823 νενὴρακας,
1275 2740 1325 2801 καί

83 2825 126 2907 φέ
143 2846 185 2886 ων
207 2819 261 2904 τὴν
282 2813 493 2884 ὁλοκαύτωσιν.
519 2821 570 2885 καί
593 2814 689 2885 ἀλλό-
721 2827 752 2887 οί
765 2825 829 2887 υἱοί
844 2848 898 2887 σου
917 2820 954 2887 ού
967 2816 1144 2906 πορεύονται
1164 2824 1196 2886 ε’ν
1208 2825 1246 2915 τῇ
1259 2816 1324 2904 όδῷ

82 2849 171 2989 φυλοι
189 2905 339 2989 προςὴγον
355 2906 394 2977 εἷς
411 2898 542 2986 πόλεμον
560 2905 610 2967 ἐπὶ
626 2902 687 2969 Ἰσ-
720 2932 780 2977 σου,
806 2910 858 2974 καὶ
882 2911 934 2972 νῦν
958 2901 1149 2990 κατάστησον
1174 2902 1218 2986 ἐφ’
1249 2902 1324 2989 ὴμᾶς

83 2985 169 3074 ραὴλ.
194 2988 245 3052 καί
263 2981 421 3072 ἐβρόντησε
438 2981 539 3072 κύριος
556 2988 586 3053 ἓν
604 2990 688 3078 φωνῇ
716 2989 841 3075 βασιλέα
863 2987 987 3066 δικάζειν
1008 2985 1083 3077 ὴμᾶς
1104 2986 1189 3053 καθὰ
1211 2990 1263 3051 καί
1285 2986 1324 3052 τά

80 3071 193 3165 μεγάλη
215 3072 246 3134 ἰν
262 3075 301 3164 τῇ
320 3064 416 3154 ὴμέρᾳ
440 3073 532 3165 ἐκείνη
549 3073 600 3135 ἐπὶ
616 3068 688 3146 τούς
718 3070 809 3142 λοιπά
826 3076 909 3156 ἔθνη,
948 3074 1029 3137 ὓκαὶ
1040 3069 1171 3177 πονηρόν
1190 3069 1225 3135 τό
1243 3075 1323 3157 ῥὴμα

82 3149 287 3236 ἀλλοφύλους,
313 3155 364 3219 καί
377 3149 577 3253 συνεχύθησαν
588 3156 640 3225 καὶ
652 3156 686 3218 ἔ-
717 3161 747 3222 ίν
760 3155 931 3239 ὀφθαλμοῖς
942 3154 1094 3242 Σαμουὴλ,
1108 3185 1150 3233 ον,-
1162 3155 1258 3234 εἷπαν,
1273 3154 1323 3231 δός

82 3262 210 3304 πταιοαν
223 3230 487 3319 ε’νιόπιονἸσραηλ,
513 3240 593 3303 11ιἰαὶ
605 3237 686 3321 ἕξὴλ·
718 3237 785 3324 ὴμϊν
796 3240 922 3330 βασιλέα
934 3241 1054 3318 δικάζειν
1068 3238 1152 3325 ὴμᾶς,
1166 3243 1218 3304 καὶ
1231 3265 1323 3324 προς-

81 3332 140 3388 θον
162 3319 220 3388 ἀνδ
237 3346 265 3394 ες
283 3317 408 3421 Ἰσραὴλ
433 3321 464 3391 ἐκ
485 3321 685 3404 Μασσηφὰθ,
718 3320 829 3404 ηύξατο
852 3322 998 3406 Σαμουὴλ
1016 3322 1093 3408 πρὸς
1110 3321 1219 3407 κύριον.
1246 3324 1323 3385 7καί

83 3407 135 3468 καί
147 3346 325 3479 κατεδίωξαν
338 3427 410 3476 τους
423 3398 621 3483 ἀλλοφύλους,
635 3406 687 3469 καί
717 3404 777 3469 εἶπε
791 3404 888 3487 κύριος
900 3432 924 3467 π
944 3404 977 3480 ός
988 3401 1142 3505 Σαμουὴλ,
1170 3402 1257 3467 ἀκουε
1272 3408 1323 3485 τὴς

84 3479 236 3562 ἐπάταξαν
260 3483 369 3560 αύτούς
387 3489 442 3560 ἕως
466 3481 609 3555 ὑποκάτω
632 3490 687 3551 τοῦ
718 3490 819 3569 φωνὴς
843 3490 899 3550 τοῦ
924 3430 1014 3560 λαοῦ,
1032 3494 1117 3550 καθα
1144 3483 1183 3549 ἀν
1209 3485 1324 3551 λαλῶσί

81 3564 234 3653 Βαιθχόρ.
260 3571 349 3633 12καί
370 3567 456 3659 ε’λαβε
479 3566 622 3652 Σαμουὴλ
641 3568 688 3633 λί-
718 3595 774 3646 σοι,
800 3564 847 3633 ότι
861 3567 897 3632 οίι
911 3568 945 3635 σὲ
964 3565 1200 3650 ίξουθινὴκασιν,
1226 3564 1323 3655 ἀλλ’ἢ

82 3665 142 3719 θον
153 3658 216 3728 ἕνα,
240 3653 291 3721 καί
303 3654 422 3735 ἔστησεν
436 3647 529 3715 αὐτόν
539 3650 687 3733 ἀναμίσον
718 3651 766 3734 ἐμὲ
788 3647 1003 3728 ἐξουθενιόκαοι
1027 3655 1082 3718 τοῦ
1098 3648 1139 3735 μὴ
1163 3646 1322 3755 βασιλεύειν

82 3734 269 3819 Μασσηφάθ
280 3737 331 3800 καί
343 3732 492 3817 ἀναμέσον
509 3739 562 3817 τὴς
575 3735 686 3798 παλαι.-
719 3733 762 3802 ίιί
779 3734 888 3807 αὐτῶν,
908 3737 923 3778 ⁸
935 3732 1013 3801 κατὰ
1026 3732 1127 3801 πάντα
1141 3761 1180 3801 τα
1192 3730 1321 3820 ποιημα-

81 3826 124 3897 ἇς.
136 3823 188 3887 καί
200 3814 318 3885 ἐκάλεσε
330 3815 366 3882 τό
379 3817 474 3899 όνομα
487 3815 581 3882 αὐτοῦ
589 3814 687 3894 Ἀβεν-
719 3842 757 3884 τα
770 3814 793 3885 ἀ
804 3814 947 3901 ἐποίησάν
958 3847 1009 3904 μοι
1018 3816 1067 3899 ἀφ’
1084 3811 1117 3924 ὴς
1129 3818 1236 3908 ὴμέρας
1249 3817 1322 3907 ἀνὴ·

84 3907 154 3991 ίζερ,
181 3903 269 3978 λίθος
294 3906 349 3966 τοῦ
375 3905 501 3984 βοηθοῦ.
528 3901 580 3966 καί
599 3899 684 3967 εἶπεν.
716 3927 810 3981 μανον
834 3900 946 3978 αύτούς
964 3906 995 3980 ἐξ
1017 3906 1177 3982 Λίμυπτου
1196 3911 1251 3984 ἕως
1269 3911 1322 3990 τῆς

84 3994 137 4064 ἕως
155 3989 292 4051 ἐνταῦθα
310 3983 471 4087 ε’·βοὴθησεν
490 3982 558 4069 ὴμῖν
576 3980 683 4062 κύοιος.
717 3983 824 4073 ὴμέρας
849 3982 966 4071 ταύτης,
986 3990 1036 4052 καί
1060 3987 1252 4067 ἕνκατιλιπόν
1276 4016 1321 4074 με,

82 4072 173 4137 13καί
194 4073 369 4134 ἐταπείνωσε
386 4093 484 4153 κυριος
501 4069 572 4145 τούς
591 4047 684 4135 ἀλλο·
715 4073 767 4144 καί
792 4067 946 4137 ἐδούλευον
974 4081 1052 4148 θεοῖς
1081 4074 1200 4159 ἑτέροις,
1225 4070 1322 4150 οὕτως

82 4152 210 4235 φίλους,
229 4154 281 4217 καί
294 4149 331 4217 ού
345 4154 523 4238 προςέθεντο
538 4154 581 4217 ἔτι
593 4180 684 4240 προς
716 4155 804 4222 αύτοί
816 4160 934 4222 ποιοῦσι
948 4158 998 4221 καί
1012 4162 1065 4223 σοι’.
1079 4159 1095 4201 ⁹
1108 4162 1157 4224 καί
1170 4165 1220 4225 νῦν
1233 4157 1320 4223 ἀκουε

82 4238 177 4304 ελθεῖν
190 4241 230 4312 εἰς
244 4232 327 4322 όριον
341 4231 470 4338 Ἰσραὴλ.
497 4239 548 4301 καὶ
560 4233 684 4321 ἐγενὴθη
715 4244 768 4323 τῆς
780 4245 878 4327 φωνῆς
890 4239 999 4316 αὐτῶν,
1012 4237 1089 4328 πλὴν
1101 4238 1147 4308 ότι
1160 4244 1320 4328 διαμαρτυ-

79 4323 137 4408 χείρ
151 4327 253 4407 κυρίου
266 4322 317 4385 ἐπὶ
333 4316 405 4395 τούς
422 4316 609 4401 ἀλλοφύλους
622 4315 684 4386 πά·
716 4319 837 4407 ρόμενος
854 4323 1039 4410 διαμαρτύρη
1057 4325 1171 4397 αύτοῖς,
1196 4326 1246 4386 καὶ
1260 4324 1320 4388 ἀπ·
1374 4381 1379 4390 .

78 4432 131 4480 σας
144 4403 198 4480 τός
212 4400 322 4490 ὴμέρας
340 4407 398 4468 τοῦ
411 4400 566 4487 Σαμουὴλ.
592 4404 621 4445 ¹⁴
633 4406 684 4468 καί
717 4406 844 4483 ἀγγελεῖς
863 4406 966 4482 αὐτοῖς
983 4397 1176 4505 τόδικαίωμα
1195 4410 1248 4469 τοῦ
1264 4412 1321 4490 βω

78 4485 272 4574 ἀπεδόθησαν
295 4490 328 4552 αῖ
348 4483 446 4562 πόλεις
464 4483 499 4562 ἀς
520 4487 630 4574 ἔλαβον
653 4492 682 4552 οῖ
717 4489 818 4567 οιλίιυς
831 4486 863 4565 ὃς
872 4485 1034 4576 βασιλεύσει
1047 4486 1092 4554 ἐπ’
1105 4483 1222 4559 αυτούς.
1237 4489 1320 4627 10ιτιιιί

459 4588 463 4595 ’
513 4587 516 4590 ’
1260 4590 1324 4634 εαι
