2924 4972
174 209 241 272 482
430 198 627 262 ΕΣΔΡΑΣ
652 196 870 259 ΠΡΩΤΟΝ
908 128 984 276 δίεῳ.
998 190 1030 258 ε’.
1043 190 1077 270 ς’.
1091 194 1120 260 5.
1134 196 1165 260 6.

175 292 798 404 „ffl
817 318 912 396 σίννης
925 308 942 376 ό
957 316 1083 398 ἔπαρχος
1094 318 1206 396 Συρίας
1219 314 1269 375 καί
1285 317 1428 396 Φοινίκης

176 407 322 489 πατριῶν,
337 403 471 478 λέγουσιν
483 395 594 471 αὐτοῖς.
609 397 784 461 συνοικοδο-
816 396 867 460 καί
879 391 1152 483 Σαθραβουζάνης,
1178 400 1230 460 καί
1246 399 1278 459 οί
1291 411 1429 462 συνεταί-

174 485 310 571 μῆσωμεν
336 481 412 566 ύμῖν.
451 482 482 524 66
495 476 606 563 ὁμοίως
630 480 689 586 γάρ
716 476 784 561 ύμῖν
817 504 865 563 ροι
879 483 911 544 οἰ
923 482 954 543 ἐν
965 485 1066 564 Συρίᾳ
1077 483 1128 545 καί
1142 484 1266 571 Φοινίκη
1280 477 1428 566 ἡγεμόνες,

177 567 321 651 ἀκούομεν
335 572 389 633 τού
402 570 506 651 κυρίου
520 560 614 646 ὑμῶν,
634 589 685 627 και
697 560 783 645 αύτῷ
817 561 932 649 βασιλεῖ
942 567 1060 648 Δαρείῳ
1072 569 1189 649 χαίρειν.
1215 557 1338 629 8πάντα
1349 591 1429 643 γνω-

177 650 336 735 έπιθύομεν
367 648 417 730 ἀφ’
453 644 566 732 ῆμερῶν
591 643 785 732 Ἀσβακαφάς
819 645 878 710 στά
891 648 970 711 ἔστω
983 652 1026 731 τῷ
1040 653 1131 732 κυρίῳ
1151 643 1289 730 ῆμῶντῷ
1301 650 1429 735 βασιλεῖ,

175 738 320 825 βασιλέως
328 734 508 815 Ἀσσυρίων,
534 725 567 805 ὃς
577 738 737 813 μετηγαγεν
749 728 785 815 ῆ-
818 724 865 794 ότι
882 728 1112 815 παραγενόμενοι
1132 735 1171 805 εἰς
1190 727 1244 814 τῆν
1259 729 1360 834 χώραν
1373 740 1427 816 τῆς

176 828 234 908 μοῖς
248 824 392 885 ἐνταῦθα.
419 817 501 879 67καί
514 812 591 878 εἶπεν
604 814 708 889 αὐτοῖς
720 820 781 878 Ζο-
814 810 978 890 Ἰουδαίας,
1003 816 1054 889 καί
1072 809 1207 890 ἐλθόντες
1224 819 1263 890 εἰς
1281 823 1427 902 Ιερουσα-

177 900 307 991 ροβάβελ
324 905 375 967 καί
385 895 500 982 Ἰησούς
515 902 566 963 καὶ
582 901 613 961 σί
631 895 784 983 ῆγούμενοι
817 896 876 981 λῆμ
889 896 943 982 τῆν
958 892 1059 973 πόλιν,
1078 895 1279 986 κατελάβομεν
1296 906 1348 984 τῆς
1360 907 1426 986 αἰχ-

177 995 239 1054 τών
256 989 392 1072 πατριῶν
408 986 465 1048 τοῦ
485 977 616 1065 Ἰσραῆλ
644 981 698 1067 ούχ
716 978 785 1064 ἡμῖν
814 980 969 1084 μαλωσίας
1008 979 1078 1056 τούς
1115 986 1327 1068 πρεσβυτέρους
1362 993 1427 1050 τῶν

177 1075 227 1138 καί
246 1069 313 1155 ύμῖν
335 1072 390 1135 τοῦ
414 1066 608 1166 οἰκοδομῆσαι
630 1062 683 1131 τόν
701 1065 785 1131 οἶκον
823 1065 970 1129 Ιουδαίων
982 1062 1215 1148 ένἹερουσαλῆμ
1232 1071 1269 1157 τῆ
1280 1062 1365 1132 πόλει
1377 1074 1425 1133 οἰ-

177 1162 269 1240 κυρίω
283 1158 346 1236 θεῷ
359 1148 451 1235 ῆμῶν.
490 1150 522 1191 ⁶⁰
535 1159 616 1233 ημείς
627 1148 686 1233 γάρ
699 1145 784 1233 μόνοι
817 1148 1021 1253 κοδομοῦντας
1044 1149 1128 1215 οἰκον
1151 1154 1195 1232 τῷ
1215 1155 1305 1237 κυρίῳ
1321 1154 1427 1233 μέγαν,

178 1224 407 1319 οἰκοδομήσομεν
424 1236 469 1316 τῷ
485 1239 578 1338 κυρίῳ
595 1239 650 1299 τοῦ
661 1230 784 1319 Ἰσραῆλ
817 1256 919 1298 καινον
931 1230 981 1298 διά
993 1232 1093 1299 λίθων
1111 1234 1226 1309 ξυστῶν
1238 1234 1427 1312 πολυτελῶν,

178 1321 359 1394 ἀκολούθως
377 1317 422 1392 οἷς
440 1317 617 1397 προςεταξεν
636 1314 702 1420 ῆμίν
716 1322 785 1383 Κύ-
819 1317 917 1393 ξυλων
928 1324 1089 1403 τιθεμένων
1101 1325 1132 1385 ἐν
1144 1337 1209 1400 τοῖς
1221 1333 1341 1411 τοίχοις,
1354 1334 1427 1398 9καί

178 1433 230 1493 ρος
242 1403 260 1471 ό
273 1397 407 1491 βασιλεύς
422 1404 559 1484 Περσῶν.
586 1401 617 1443 ⁶⁹
631 1400 713 1467 ταδί
728 1404 784 1465 ἔθ-
819 1398 859 1465 τά
871 1403 943 1486 ἔργα
957 1405 1050 1469 ἐκεῖνα
1063 1407 1116 1470 ἐπί
1128 1411 1260 1493 σπουδῆς
1278 1414 1424 1497 γινόμενα,

177 1517 213 1571 μη
228 1493 279 1572 τῆς
302 1491 355 1571 γῆς
376 1478 588 1566 ἐπικοιμυίμενα
610 1495 674 1560 τοῖς
696 1489 727 1549 ἐν
744 1488 783 1576 τῆ
819 1485 870 1548 καί
883 1485 1076 1570 εύοδούμενον
1088 1491 1123 1555 τὸ
1140 1494 1229 1576 ἔργον
1240 1496 1272 1559 ἐν.
1282 1508 1349 1572 ταῖς
1359 1525 1423 1584 χερ-

174 1571 310 1654 Ἰουδαίᾳ
336 1568 387 1633 καί
410 1567 651 1650 πολιορκοῦντες,
685 1566 783 1653 εἰργον
819 1568 865 1631 σίν
876 1567 984 1646 αὐτῶν,
1001 1573 1052 1635 καί
1061 1574 1092 1634 έν
1104 1571 1187 1657 πόση
1199 1573 1282 1658 δόξη,
1295 1582 1347 1644 καί
1358 1587 1424 1646 ἐπι-

178 1660 235 1720 τοῦ
253 1654 425 1736 οἰκοδομεῖν.
452 1652 481 1693 ⁷⁰
494 1651 545 1714 καί
561 1649 672 1737 βουλάς
689 1652 784 1735 δημα-
817 1650 916 1732 μελείις
934 1647 1175 1738 συντελούμενον.’
1207 1660 1236 1701 ¹⁰
1248 1648 1318 1726 δότε
1335 1667 1423 1730 ἐπυν-

177 1743 353 1818 γωγούντες,
372 1735 423 1799 καί
435 1731 588 1809 συστάσεις
602 1731 783 1818 ποιούμενοι,
818 1734 977 1814 θανόμεθα
996 1741 1057 1803 τῶν
1073 1743 1281 1827 πρεσβυτέρων
1296 1742 1423 1822 τούτων,

178 1818 374 1888 ύπεκιύλυσαν
399 1821 455 1883 τοῦ
475 1816 712 1902 ἀποτελεσθῆναι
731 1816 785 1902 τῆν
819 1815 957 1892 λέγοντες.
974 1822 1081 1896 τίνοςύ
1102 1834 1130 1887 ῖν
1142 1820 1361 1908 προςτάξαντος
1374 1837 1423 1895 οἰ-

178 1904 335 1989 οἰκοδομῆν
348 1900 450 1967 πάντα
462 1898 516 1964 τὸν
526 1897 633 1987 χρόνον
644 1907 696 1987 τῆς
709 1905 784 1988 ζωῆς
818 1900 965 1981 κοδομεῖτε
990 1899 1045 1967 τὸν
1061 1849 1144 1970 οίλεον
1162 1911 1285 1979 τοῦτον,
1309 1913 1360 1975 καί
1382 1912 1424 1979 τά

177 1994 235 2055 τοῦ
251 1987 394 2075 βασιλέως
411 1979 526 2070 Κύρου.
557 1987 608 2048 καί
625 1987 783 2072 εἴρχθησαν
817 1984 890 2065 ἔργα
910 1989 1009 2087 ταςῦτα
1024 1987 1210 2070 θεμελιούτες
1233 1994 1258 2032 11
1271 1993 1424 2080 ἐπερωτῆ-

178 2077 230 2156 τῆς
243 2071 401 2154 οἰκοδομῆς
413 2070 464 2151 ἔτη
477 2062 532 2133 δύο
545 2073 600 2144 ἕως
612 2073 663 2154 τῆς
675 2075 783 2157 Δαρεῑ.
817 2089 907 2145 σαμεν
919 2090 974 2131 ουν
985 2067 1106 2148 αὐτούς,
1130 2077 1231 2137 είνεκεν
1242 2080 1300 2142 τοῦ
1311 2087 1422 2164 γνωρί.

179 2182 214 2221 0„
226 2155 385 2243 ssamaziac.
817 2172 866 2211 σαι
881 2173 937 2213 σοι.
958 2152 1009 2215 καί
1020 2152 1140 2238 γράψαι
1153 2181 1202 2221 σοι
1214 2154 1287 2233 τούς
1299 2160 1422 2246 ἀνθρώ-

191 2246 220 2300 ,ν
372 2243 405 2303 Κ
417 2244 498 2303 ΕΦ,
542 2234 586 2312 ς’,
816 2255 892 2306 πους
912 2231 981 2308 τούς
994 2232 1231 2320 ἀφηγουμένους,
1253 2244 1303 2306 καί
1316 2242 1370 2326 τῆν
1385 2245 1422 2310 ὀ-

177 2290 229 2388 E
233 2347 249 2388 ν
262 2322 294 2389 δὲ
306 2327 351 2406 τῷ
367 2323 494 2407 δευτέσῳ
514 2325 570 2387 ἔτει
588 2325 641 2403 τῆς
654 2326 782 2407 Δαρείου
814 2323 1062 2401 νομαῐονραφίαν
1081 2317 1206 2412 η’τούμεν
1225 2321 1338 2402 αύτούς
1359 2334 1421 2394 τῶν

175 2407 324 2494 βασιλείας
342 2383 556 2493 ε’προῳῆτευσεν
575 2401 714 2484 Ἀγγαῖος
731 2406 782 2470 καί
814 2405 1122 2501 προκαῆηνθυμὲνων.
1154 2408 1180 2448 ¹²
1199 2409 1230 2471 οἱ
1247 2405 1279 2471 δὲ
1297 2408 1421 2494 ἀπεκρί-

177 2498 329 2578 Ζαχαρίας
352 2487 370 2554 ό
392 2497 448 2557 τοῦ
466 2487 561 2557 Ἀδδιδ
578 2493 608 2552 οἰ
626 2494 782 2574 προφῆται
815 2490 913 2562 θησαν
933 2495 1019 2565 ημῖν,
1043 2485 1185 2564 λέγοντες.
1214 2491 1300 2573 ἐσμέν
1318 2496 1422 2570 παῖδες

175 2579 225 2640 ἐπί
238 2573 309 2651 τούς
329 2573 495 2651 Ἰουδαίους
509 2571 577 2648 τούς
591 2576 621 2636 ἔν
638 2579 677 2655 τῆ
700 2571 779 2638 Ἰου.
815 2569 870 2665 τρῦ
884 2573 1058 2666 κυρίοιιιτοδ
1076 2578 1234 2646 κτίσαντος
1252 2574 1307 2639 τόν
1324 2576 1421 2663 ούρα·

176 2660 247 2742 δαίᾳ
261 2662 311 2724 καί
323 2656 514 2741 Ἶερουοαλίμ
534 2658 584 2722 ἐπί
600 2662 644 2741 τῷ
656 2646 780 2739 όνόματι
814 2671 866 2710 ²’0V
885 2653 935 2712 καὶ
953 2675 1007 2732 ”1¹¹
1025 2657 1098 2734 βῆν»
1132 2655 1159 2696 ¹³
1172 2658 1224 2720 καί
1241 2657 1418 2743 ᾠκοδόμητο

175 2749 276 2827 κυρίου
289 2747 364 2806 θεοῦ
374 2702 499 2824 Ἰσραῆλ
512 2740 556 2805 εἰτ’
572 2736 690 2816 αύτούς.
710 2736 780 2804 ²16.
816 2728 899 2805 οἰκος
922 2735 1093 2819 ἔμπροσθεν
1112 2739 1188 2803 έτῶν
1207 2739 1350 2807 πλειόνων
1369 2743 1420 2809 διά

174 2850 205 2889 τε
224 2823 296 2899 στόις
313 2825 486 2911 Ζοροβάβελ
509 2822 600 2888 ότοῦ
619 2822 779 2907 Σαλαθιῆλ
813 2815 958 2895 βασίλὲως
981 2822 1039 2879 τοῦ
1065 2816 1188 2903 Ἶσραηλ
1211 2821 1341 2904 μεγάλου
1368 2830 1420 2892 καί

174 2910 224 2973 καί
239 2904 354 2990 Ἰησούς
371 2905 388 2971 ό
407 2914 461 2972 τοῦ
476 2905 625 2982 Ἰωσεδὲκ,
649 2906 778 2991 ἤρξαντο
813 2901 949 2979 ἷνκθρούι
971 2900 1022 3001 καί
1035 2902 1222 2988 έπετελέσθη.
1248 2908 1277 2948 ¹⁴
1290 2911 1341 2974 καί
1354 2913 1420 2976 ἐπεί

174 2992 337 3073 οἰκοδομεῖν
357 2990 409 3053 τόν
426 2991 509 3055 οἰκον
532 2994 588 3054 τού
606 2996 709 3076 κυρίου
725 2988 779 3057 τόν
810 2982 841 3042 Οἷ
854 2984 979 3064 παῐὲθὲς
996 2988 1082 3085 ημῶν
1089 2986 1367 3070 παραπικράναντες
1385 2992 1418 3047 ‘'-

172 3079 203 3139 έν
212 3069 416 3158 Ἴερουσαλῆμ,
426 3070 574 3138 συνόντων
587 3079 647 3139 τῶν
658 3100 778 3159 προφη-
810 3087 924 3145 θαθῐθί
937 3069 974 3138 εἷς
987 3089 1037 3128 ³⁰?
1048 3091 1147 3148 nvom
1159 3073 1215 3132 τοῦ
1230 3068 1351 3155 Ἰσραηλ
1363 3101 1415 3141 τον

172 3161 232 3222 τῶν
246 3159 301 3221 τού
312 3162 430 3239 κυρίου,
447 3155 652 3258 βοηθούντων
664 3157 776 3234 αὐτοῖς.
809 3157 963 3245 ούράνιον,
988 3161 1157 3243 παρέδωκεν
1173 3160 1286 3238 αύτούς
1302 3167 1342 3238 εἰς
1353 3178 1413 3246 χεῖ-

170 3242 229 3304 3ἕν
243 3238 328 3323 αύτῷ
341 3244 385 3322 τῷ
401 3265 499 3326 χρονῳ
521 3245 621 3325 παρῆν
632 3239 708 3324 πρὸς
721 3240 776 3306 αύ-
809 3268 863 3327 ρας
880 3239 1153 3332 Ναβουχοδονόσορ
1174 3245 1321 3332 βασιλέως
1339 3253 1413 3312 Βα-

170 3324 240 3400 τούς
259 3329 393 3406 Σισίννης
411 3324 429 3391 ό
448 3328 575 3410 ἔπαρχος
592 3331 707 3410 Συρίας
726 3328 776 3390 καί
807 3327 939 3410 βυλαίνος
967 3329 1112 3416 βασιλέως
1141 3335 1201 3395 τῶν
1235 3329 1412 3399 Χαλδαίων.

172 3414 324 3493 Φοινίκης,
351 3412 401 3474 καί
411 3410 663 3495 Σαθραβουζάνης
681 3412 732 3474 καὶ
746 3414 775 3474 οἰ
807 3413 834 3453 ¹⁵
847 3409 899 3475 τόν
911 3439 942 3478 τε
953 3413 1035 3478 οἶκον
1044 3408 1218 3490 καθελόντες
1229 3410 1415 3495 ἐνεπύρισαν,

169 3506 344 3580 συνεταῖροι,
356 3497 407 3559 καί
420 3492 506 3559 εἰπαν
519 3491 632 3567 αὐτοῖς.
668 3493 684 3534 ⁴
698 3500 776 3568 τίνος
808 3497 858 3558 καί
870 3496 922 3561 τὸν
933 3495 1008 3562 λαόν
1018 3494 1246 3581 η’χμαλιότευσαν
1258 3504 1298 3575 εἰς
1305 3504 1415 3586 Βαβυ-

170 3577 236 3659 ύμῖν
258 3573 456 3655 συντάξαντος
481 3574 535 3642 τόν
559 3575 641 3641 οἰκον
665 3582 775 3642 τοῦτον
808 3577 898 3644 λῶνα.
931 3582 959 3622 ¹⁰
972 3585 1003 3645 ἐν
1019 3571 1053 3645 ’δὲ
1071 3585 1116 3664 τῷ
1133 3577 1245 3669 πριότῳ
1258 3587 1315 3648 ἔτει
1328 3588 1412 3670 βασι-

167 3663 361 3738 υἰκοδσμεῖτε,
386 3664 438 3726 καί
460 3658 515 3744 τῆν
536 3663 606 3736 στέγ
627 3686 642 3724 ν
664 3657 775 3744 ταύτην
806 3659 948 3740 λεύοντος
966 3659 1074 3750 Κύρου
1095 3660 1195 3767 χώρας
1212 3666 1412 3752 Βαβυλωνίας

169 3744 220 3805 καί
240 3741 278 3806 τύ
303 3743 384 3808 ἀλλα
405 3743 508 3808 πάντα
525 3687 697 3822 έπιτείεῖτες
723 3748 775 3810 καί
806 3748 937 3832 ἔγραψεν
955 3745 1123 3834 ὁβασιλευς
1136 3753 1240 3832 Κύρος
1258 3748 1312 3815 τόν
1329 3750 1414 3817 οἶκον

168 3830 241 3897 τίνες
253 3829 325 3890 εἰσίν
343 3824 495 3909 οἰκοδόμοι
514 3830 545 3892 οί
563 3830 660 3891 ταῦτα
677 3831 774 3892 ἔπιτε
805 3835 914 3896 τούτου
939 3833 1149 3915 οἰκοδομῆσαι,
1176 3837 1203 3877 ¹⁷
1216 3835 1267 3898 καί
1288 3832 1327 3900 τά
1350 3832 1415 3917 ἱερά

167 3907 300 3984 λούντεςς
326 3910 339 3951 ⁵
351 3910 401 3972 καί
414 3912 542 3994 ἔίτχοσαν
552 3904 637 3993 χάριν
650 3912 773 3974 ε’·πισκο·
806 3912 894 3996 σκεύη
909 3911 947 3979 τά
959 3920 1055 3998 χρυσᾶ
1067 3919 1119 3980 καί
1132 3913 1171 3981 τά
1185 3916 1312 4003 ἀργυρᾶ,
1330 3913 1412 3994 ἀέξ-

166 3993 225 4072 πῆς
246 3993 399 4073 γενομένης
421 3995 472 4057 ἐπὶ
493 3990 547 4075 τῆν
570 3991 773 4072 αἰχμαλωσίαν
805 3990 901 4077 ῆνεγκε
913 3996 1193 4085 Ναβουχοδονόσορ
1211 4005 1242 4066 ἐκ
1262 4004 1316 4066 τού
1328 4002 1414 4066 οἴκου

165 4069 251 4155 παρά
269 4078 323 4136 τοῦ
341 4080 444 4156 κυρίου
461 4080 492 4138 οἰ
507 4073 697 4157 πρεσβύτεροι
712 4082 774 4141 τῶν
804 4084 861 4143 τοῦ
888 4085 919 4146 έν
933 4078 1128 4165 Ἱερουσαλῆμ
1152 4087 1203 4148 καί
1228 4081 1413 4169 ἀπηρείσατο

162 4153 327 4231 Ἰουδαίων,
353 4157 430 4221 6καί
444 4159 499 4222 οὐκ
514 4151 709 4239 ἐκωλύθησαν
721 4165 772 4243 τῆς
805 4159 883 4227 αύτά
896 4169 926 4229 ἐν
939 4169 985 4246 τῷ
998 4163 1095 4230 αὐτοῦ
1108 4173 1181 4249 ναῷ,
1194 4165 1288 4233 πάλιν
1300 4163 1413 4252 ἐξῆνεγ-

166 4238 338 4322 οἰκοδομῆς,
361 4243 459 4322 μέχρις
472 4233 508 4305 ού
523 4242 771 4326 ἀποσημανθῆναι
803 4270 849 4308 κεν
872 4246 952 4312 αύτά
974 4253 1078 4331 Κύρος
1101 4248 1275 4337 ὁβασιλεύς
1300 4255 1334 4317 ἐκ
1355 4257 1413 4316 τοῦ

165 4327 282 4406 ,ἰαρείῳ
300 4324 368 4406 περί
386 4321 501 4399 αὐτῶν,
527 4324 579 4386 καί
594 4349 769 4411 προςῳιονη-
804 4335 878 4394 ναοῦ
892 4336 948 4396 τοῦ
960 4334 991 4396 ἐν
1002 4333 1201 4420 Βαβυλωνίᾳ,
1215 4337 1267 4399 καί
1279 4331 1409 4419 παρεδό·

161 4410 263 4489 θῆναι.
292 4404 504 4492 Ὶάντίγραιμον
523 4408 680 4493 ἐπιπολῆς
694 4402 770 4492 ῆςέ-
802 4423 845 4495 θη
857 4412 1090 4501 Σαβανασσάρῳ
1103 4415 1279 4506 Ζοροβάβελ
1293 4423 1340 4502 τῷ
1356 4422 1411 4484 έπ-

158 4511 257 4578 γραηιε
283 4496 401 4579 Δαρείῳ
424 4493 476 4558 καί
499 4490 685 4557 ἀπέστειλαν.
714 4502 769 4558 Σι-
786 4493 884 4583 άρχῳ
897 4499 977 4563 18καί
989 4501 1119 4585 ε’πετοίγη
1132 4501 1234 4588 αὐτῷ,
1258 4504 1311 4570 καί
1327 4498 1412 4588 ἀπῆ-

1332 4610 1413 4666 νεγκε
