2924 4972
258 219 790 282 ΒΑΣΙΛΕΙΩΝΛΕΤΤΕΡΑ
832 217 908 292 Κεφ.
921 211 959 288 γ.
973 211 1012 276 δ’.
1027 208 1144 278 θαι.
1159 213 1189 277 5.
1284 214 1350 314 ³²¹.

106 319 191 415 γαγεν
204 330 245 408 ὡς
258 328 389 417 Νάβαλ,
416 331 540 396 ἐνώπιον
560 335 634 395 υίῶν
646 328 712 396 ἀδι-
744 329 810 395 ίδοῦ
835 324 853 413 η
870 326 1010 414 θυρωρὸς
1033 331 1088 392 τοῦ
1095 328 1191 393 ὀίκου
1211 325 1353 414 ε’κάθαιρε

107 425 169 492 κίας
183 419 297 490 ἔπεσας.
322 417 374 479 καὶ
388 409 520 497 συνήχθη
533 419 594 516 πῖχς
607 413 625 478 5
640 412 712 487 λαὸς
743 410 873 496 πυροὺς,
898 413 949 475 καί
972 407 1110 487 ἒνῦσταξε
1132 415 1182 477 καί
1199 408 1351 488 ἐκάθευδε,

107 505 159 567 τοῦ
170 498 301 565 κλαῦσαι
313 493 417 562 αὐτόν.
455 499 484 540 ³⁵
497 498 548 560 καί
564 495 641 580 ηλθε
654 500 712 571 πῦς
744 491 915 579 καὶῬηχάβ
926 497 977 559 καί
985 491 1098 559 Βαανά
1113 498 1145 559 οἶ
1157 493 1279 576 ἀδελροί
1291 495 1352 562 διέ-

108 581 206 658 ἀλαὸς
218 582 435 666 περιδειπνῆσαι
445 577 498 644 τὸν
508 580 607 644 Λαυὶδ
612 577 712 664 ἀρτοις
743 579 857 652 λαθον,
883 579 961 642 7καὶ
979 578 1114 661 είςηλθον
1133 581 1172 652 εἰς
1189 574 1241 642 τὸν
1259 576 1349 643 οίκον.

108 670 150 732 ἔτι
165 664 258 748 οῦσης
278 661 394 749 ἡμέρας.
420 665 471 728 καί
488 660 585 746 ὤμοσε
604 663 711 735 Δαυίδ,
744 663 795 727 καί
810 659 944 747 Ἰεβοσθὲ
961 657 1117 726 ἐκάθευδεν
1128 662 1178 725 ἐπὶ
1189 664 1241 743 τῆς
1254 659 1353 744 κλίνης

107 750 207 827 λέγων.
243 744 313 812 τάδε
329 743 451 829 ποιησαι
468 772 519 829 μοι
536 743 554 810 5
571 744 643 820 θεὸς
660 745 712 809 καί
744 741 841 809 αὐτοῦ
860 745 891 806 ἐν
908 747 953 825 τῴ
969 748 1087 810 κοιτῶνι
1099 740 1210 820 αὐτοῦ,
1235 746 1353 808 καίτῦ-

106 830 173 899 τάδε
185 837 338 917 πρσςθείη,
355 825 402 894 ὅτι
415 827 466 895 ίάν
477 826 517 912 μὴ
528 828 584 910 δύη
597 825 616 892 5
630 823 713 911 ἣλιος
743 849 868 893 πτουσιν
880 823 974 890 αὐτὸν
986 829 1037 892 καί
1050 831 1234 892 θανατοῦσιν
1248 822 1351 902 αὐτὸν,

107 914 142 980 οὐ
156 913 196 999 μη
208 909 352 997 γεῦσοομαι
367 912 460 999 ἀρτου
479 912 497 995 ἢ
516 897 580 978 ἀπδ
598 909 713 985 παντὸς
744 913 796 975 καί
821 907 987 993 ἀφαιροῦσι
1011 908 1067 993 τὴν
1092 905 1221 1011 κεραίην
1245 906 1351 987 αὐτοῦ,

106 995 193 1074 τινός.
228 999 259 1041 ³⁶
272 998 323 1062 καί
338 999 414 1075 ἕγνιυ
430 1000 491 1071 πᾶς
509 992 635 1072 ἀλαὸς,
661 994 712 1058 καὶ
743 995 795 1058 καί
820 991 932 1077 ἔλαβον
957 991 1011 1076 τὴν
1032 993 1161 1073 κεραλην
1183 992 1278 1057 αὑτοῦ
1301 996 1353 1058 καί

108 1081 205 1167 ἤρεσεν
235 1075 361 1145 ἐνώπιον
390 1076 491 1144 αὐτῶν
521 1073 624 1142 πάντα
654 1071 712 1142 &a
743 1073 887 1158 ἀπῆλθον
902 1072 977 1139 ὁδὸν
991 1074 1047 1158 τὴν
1058 1074 1137 1139 κατὰ
1154 1071 1263 1158 δυομάς
1278 1070 1352 1180 ὅλην

106 1167 239 1248 ἐποίησεν
252 1159 269 1226 5
280 1158 418 1250 βασιλεὺς
427 1155 617 1226 ἐνιάπιοντοῦ
626 1157 711 1223 λαοῦ.
743 1155 798 1241 τὴν
809 1152 909 1222 νῦκτα.
928 1159 943 1200 ⁸
956 1161 1007 1222 καί
1024 1156 1144 1235 ”νεγκαν
1155 1153 1209 1239 την
1221 1157 1353 1305 κεραίην

106 1250 134 1290 ³⁷
147 1249 198 1312 καί
215 1249 289 1323 ε”γνα
308 1249 368 1318 πᾶς
387 1239 493 1318 ἀλαὸς
510 1243 561 1306 καί
576 1243 638 1315 πᾶς
651 1237 714 1305 Ἰσ-
740 1238 878 1327 Ἰεβοσθὲ
890 1244 934 1323 τῷ
945 1185 1042 1305 Δαυίδ
1053 1244 1091 1315 είς
1101 1247 1148 1304 Χε
1168 1238 1239 1323 ρών,
1251 1242 1302 1304 καί
1312 1265 1325 1303 ι
1336 1281 1353 1293 -

106 1326 182 1415 ραηλ
196 1332 227 1393 ίν
239 1331 278 1430 τη
290 1326 384 1411 ἡμέρα
397 1329 506 1417 ἐκείνη,
524 1319 571 1388 ὅτι
583 1320 639 1388 οῦκ
651 1325 714 1400 ἐγί-
744 1348 803 1388 πον
813 1321 890 1408 πρὸς
903 1322 1099 1409 τὸνβασιλέα.
1128 1327 1137 1348 ’
1155 1318 1191 1387 οὐ
1205 1318 1224 1405 ἢ
1237 1320 1351 1408 κεφαλὴ

105 1437 171 1477 νετο
197 1434 284 1494 παρα
306 1413 362 1474 τοῦ
380 1404 523 1493 βασιλέως
538 1409 713 1471 θανατῶσαι
741 1402 877 1492 Ἰεβοσθὲ
890 1410 960 1470 υῖοῦ
972 1403 1079 1471 Σαοὺλ
1091 1409 1146 1471 τοῦ
1161 1408 1273 1489 ίχθροῦ
1285 1428 1352 1482 σου,

106 1493 159 1560 τὸν
178 1487 314 1576 Ἀβιννίηρ
332 1487 399 1555 υίὸν
417 1485 499 1574 Νηρ.
528 1488 557 1532 ³⁸
570 1489 621 1554 καί
637 1487 715 1554 εἶπεν
746 1484 779 1564 ὃς
788 1484 879 1571 ἐζήτει
891 1486 945 1573 τὴν
955 1485 1049 1572 ψυχήν
1059 1512 1125 1563 σου,
1135 1483 1353 1553 καίίδιοκεκῦ-

109 1574 127 1641 5
147 1569 283 1660 βασιλεὺς
297 1570 372 1680 πρὸς
393 1568 463 1647 τοῦς
481 1573 592 1648 παῖδας
610 1569 712 1636 αάτοῦ.
765 1596 807 1647 ιος
824 1577 868 1653 τῷ
885 1572 978 1658 κυρίῳ
994 1570 1112 1657 βασιλεῖ
1127 1572 1269 1654 ἐκδίκησιν
1292 1576 1353 1636 τῶν

110 1655 166 1720 οὐκ
183 1656 280 1722 οἴδατε
284 1703 295 1732 ,
320 1655 367 1721 σ’τι
381 1650 537 1740 ἢγοῦμενος
553 1657 645 1738 μέγας
655 1656 712 1719 πί-
745 1596 862 1739 λχθριῦν
887 1653 982 1720 αὐτοῦ
1007 1650 1047 1729 ὥς
1072 1651 1206 1738 ἡημέρα
1223 1649 1301 1737 αῦτη
1320 1657 1353 1720 ἐκ

109 1763 226 1804 πτωκεν
243 1744 275 1804 ἐν
286 1743 324 1813 τῆ
336 1737 430 1825 ἡμέρᾳ
443 1733 537 1830 ταῦτη
549 1743 580 1805 ἐν
593 1741 638 1840 τερ
653 1734 713 1802 Ἰσ-
744 1736 852 1802 Σαοὺλ
878 1741 936 1802 τοῦ
959 1739 1072 1823 ἐχθροῦ
1090 1761 1146 1801 σου
1163 1737 1215 1812 καί
1238 1739 1271 1800 ἐκ
1296 1740 1353 1802 τοῦ

106 1817 203 1906 ραηλς
216 1808 361 1889 39καίίίτι
375 1819 434 1901 ἀγοί
446 1825 500 1904 εἶμι
514 1845 650 1923 συχγενης
660 1813 713 1904 οη·
745 1822 913 1904 σπέρματος
923 1815 1028 1884 αὐτοῦ.
1041 1820 1115 1883 9καί
1127 1816 1276 1925 ἀπεκρίθη
1287 1823 1351 1884 Δα-

139 1931 193 1991 ρσν
217 1907 268 1971 καί
295 1909 514 1988 καθεσταμένος
541 1900 601 1971 υπδ
622 1909 713 2013 ηδασι-
744 1903 792 1968 υίδ
802 1907 846 1985 τῷ
859 1898 972 1987 Ῥηχάῥ
988 1905 1039 1967 καί
1051 1906 1096 1985 τῷ
1107 1907 1219 1967 Βαανα
1232 1899 1353 1987 ἀδελφῷ

125 1992 196 2068 ε’ωςς
222 1992 254 2054 οἴ
278 1987 311 2054 δὲ
337 1985 439 2070 ἀνδρες
465 1979 549 2053 οῦτοι
569 1991 630 2053 υίοι
645 1993 713 2050 Σα-
745 1982 840 2050 αῦτοῦ
855 1981 1068 2068 υίοῖςῬεμμών
1080 1990 1135 2050 τοῦ
1148 1991 1352 2091 Βηραθαίου,

105 2074 209 2157 ρουίας
220 2067 415 2157 σκληρότεροί
428 2097 485 2154 μου
497 2075 578 2137 εἰσίν.
603 2068 712 2172 ἀποδιρῗ
745 2066 883 2133 καίείπεν
892 2066 1003 2142 αὐτοῖς.
1016 2070 1052 2160 ζῇ
1060 2061 1170 2153 κῦριος,
1180 2093 1214 2144 ος
1223 2064 1353 2149 ἐλυτροῦ-

106 2151 202 2240 κῦριος
227 2160 271 2240 τῷ
287 2160 424 2220 ποιοῦντι
442 2151 480 2218 τά
499 2151 616 2238 πονηρὰ
634 2176 712 2216 κατα
745 2175 824 2216 σατο
848 2149 902 2233 την
926 2146 1023 2253 ψυχην
1037 2175 1096 2234 μου
1116 2155 1149 2216 ἐκ
1166 2148 1264 2233 πάσης
1281 2151 1353 2215 θλί·

105 2237 159 2321 τὴν
171 2244 278 2304 κακίαν
290 2237 396 2302 αὐτοῦ.
745 2253 838 2316 ψεως,
855 2229 941 2298 10δτι
955 2231 973 2298 5
987 2232 1231 2337 απαγγείλαςμα
1244 2231 1291 2298 δτι
1304 2237 1353 2297 τί-

301 2326 375 2384 KE
387 2324 426 2384 Φ.
470 2316 520 2383 Α’.
745 2315 970 2401 θνηκεΣαοῦλ,
996 2317 1046 2381 καί
1060 2313 1151 2394 αὐτὸς
1162 2344 1198 2400 ην
1211 2312 1253 2394 ὧς
1265 2314 1352 2395 εῦαγ-

105 2369 192 2468 Καὶ
204 2400 453 2486 ἤκουσεἸεβσσθὲ
468 2399 530 2476 υίδς
539 2397 655 2477 Σαοὺλ,
667 2394 714 2465 δτι
744 2396 920 2482 γελκζόμενος
933 2394 1058 2463 ἐνώπιόν
1068 2424 1136 2480 μου,
1148 2403 1199 2465 καί
1211 2402 1354 2501 κατέσχον

107 2487 246 2566 τέθνηκεν
265 2480 402 2567 Ἀβιννηρ
428 2479 491 2556 υίδς
507 2480 581 2564 Νηρ
604 2485 634 2545 ἐν
652 2490 715 2548 Χε-
747 2481 898 2548 αάτδνκαί
908 2479 1065 2546 ἀπέκτεινα
1074 2479 1168 2546 αὐτὸν
1178 2481 1352 2557 ἐνΣεκελακ,

105 2563 198 2652 βρών,
208 2568 258 2629 καί
270 2559 451 2646 ἐξελύθησαν
463 2568 497 2627 αἱ
508 2575 597 2648 χεῖρες
609 2561 715 2640 αὐτοῦ,
747 2556 772 2646 ᾧ
787 2566 844 2632 ἔδει
855 2592 891 2650 με
904 2565 1007 2629 δοῦναι
1020 2561 1184 2640 εῦαγγελια.
1203 2565 1289 2628 11καί
1302 2569 1353 2629 νῦν

106 2652 159 2713 καί
170 2643 278 2722 πάντες
288 2651 318 2710 οἱ
327 2643 427 2751 ἀνδρες
436 2643 559 2731 Ἰσραὴλ
568 2652 717 2732 παρείθη-
748 2647 849 2734 ἀνδρες
864 2651 993 2733 πονηροί
1012 2642 1233 2724 ἀπεκτάγκασιν
1259 2645 1354 2730 ἀνδρα

107 2757 173 2796 σαν.
199 2733 277 2796 2καί
297 2727 353 2796 δύο
371 2730 472 2816 ἀνδρες
489 2724 642 2832 ηγοῦμενοι
661 2756 715 2796 συ-
748 2731 861 2798 δίκαιον
873 2735 904 2796 ἐν
916 2736 962 2815 τῷ
974 2732 1047 2814 οἴκῳ
1056 2727 1154 2796 αὐτοῦ
1166 2732 1278 2834 ἐπίσης
1288 2735 1353 2793 κοί-

106 2810 298 2900 στρεμμάτων
314 2818 360 2898 τῷ
373 2812 507 2900 Ἰεβοσθε
525 2819 583 2921 υῖρῦ
597 2810 713 2880 Σαούλ
747 2840 798 2922 της
810 2813 915 2883 αῦτοῦ,
942 2817 995 2882 καί
1006 2821 1058 2882 νῦν
1070 2810 1218 2899 ε’κζητησω
1230 2839 1267 2878 το
1281 2813 1353 2895 αίμα

105 2897 201 2982 ὄνομα
214 2903 259 2981 τῷ
272 2899 328 2973 ἑνί,
344 2894 466 2963 Βαανά.
492 2903 543 2964 καί
560 2923 656 2982 ονομα
669 2904 713 2982 τῷ
748 2905 846 2966 αυτοῦ
860 2902 891 2964 ίκ
904 2898 998 2985 χειρὸς
1010 2897 1101 2982 ὑμῶν,
1113 2900 1165 2963 καί
1173 2891 1355 2980 ἐξολσθρεῦ·

106 2983 234 3065 δευτέρῳ
243 2978 363 3068 Ῥηχάβ,
374 2977 571 3064 υίοίῬεμμών
579 2986 637 3048 τοῦ
645 2987 714 3066 Βη-
747 3009 791 3048 σω
806 2980 880 3065 ῦμᾶς
892 2986 925 3047 ἐκ
937 2988 990 3066 της
1000 2986 1062 3066 γῆς.
1088 2983 1115 3023 ¹²
1128 2982 1179 3045 καί
1191 2979 1352 3044 ἐνετείλατο

106 3071 243 3148 ρωθαίου
263 3068 295 3129 ἐκ
314 3070 374 3131 τῶν
389 3069 464 3131 υίιῦν
480 3068 639 3150 Βενιαμίν,
666 3063 714 3131 ὅτι
747 3067 847 3131 Λαυίδ
869 3076 933 3142 τοῖς
961 3067 1131 3151 παιδαρίοις
1156 3062 1267 3138 αὐτοῦ,
1305 3056 1355 3125 καὶ

105 3145 227 3234 Βηρὼθ
239 3148 385 3227 ἐλογίζετο
398 3158 461 3224 τοῖς
472 3154 548 3225 υίοίς
561 3155 713 3232 Βενιαμίν.
746 3147 975 3216 ἀποκτίννουσιν
987 3147 1112 3226 αῦτοῦς,
1131 3149 1181 3213 καὶ
1193 3147 1354 3231 κολοβοῦσι

105 3231 182 3297 3καί
206 3229 382 3316 ἀπέδρασαν
407 3236 439 3297 oz
465 3237 649 3317 Βηρωθαίοι
675 3236 715 3306 εἷς
747 3231 800 3306 τάς
812 3244 909 3316 χεῖρας
926 3231 1026 3298 αὐτῶν
1044 3235 1096 3298 καί
1107 3230 1176 3307 τοῦς
1188 3230 1286 3305 πόδας
1299 3225 1355 3292 αῦ-

106 3318 239 3395 Γεθαὶμ,
264 3318 315 3378 καί
338 3302 412 3395 ἦσαν
429 3315 488 3376 ἐκεῖ
502 3319 715 3396 παροικοῦντες
747 3318 824 3387 τῶν,
850 3317 902 3377 καί
926 3317 1090 3394 ἐκρέμασαν
1108 3311 1217 3387 αὐτοὺς
1233 3311 1284 3376 ἐπὶ
1304 3315 1355 3386 τῆς

106 3403 163 3468 ἕως
175 3400 229 3475 τῆς
241 3391 352 3478 ἡμέρας
364 3389 484 3473 ταύτης.
501 3397 517 3436 ⁴
531 3400 582 3460 καί
593 3401 638 3478 τῷ
647 3394 713 3461 ’Im-
747 3391 853 3478 κρήνης
873 3396 903 3457 ἐν
921 3393 1060 3479 Χεβρὼν,
1086 3396 1139 3458 καί
1154 3389 1209 3474 τὴν
1226 3391 1352 3474 κεφαλὴν

108 3472 210 3542 νάθαν
225 3479 279 3554 υῖῷ
289 3472 394 3539 Σαοὺλ
406 3471 470 3546 υίὸς
479 3475 636 3557 πεπληγώς
646 3475 716 3553 τοῦς
744 3474 878 3563 Ἰεβοσθὲ
895 3479 1020 3557 ἔθαψαν
1042 3479 1074 3541 ἐν
1094 3478 1140 3557 τῷ
1156 3469 1245 3556 τάφῳ
1257 3471 1356 3557 Ἀβεν-

107 3553 205 3631 πόδας
226 3556 290 3630 υίὸς
302 3558 379 3619 ἐτῶν
390 3557 494 3628 πέντε,
519 3561 569 3623 καί
582 3551 672 3634 οὗτος
685 3562 716 3624 ἐν
748 3560 802 3646 νηρ
817 3563 884 3625 υίοῦ
898 3554 980 3643 Νηρ.

107 3647 152 3724 τῷ
178 3640 276 3704 ἐλθεῖν
300 3636 355 3713 τὴν
380 3636 519 3714 ἀγγελίαν
536 3636 643 3704 Σαοὺλ
666 3644 718 3704 καί
947 3647 982 3706 Κ
992 3648 1022 3706 E
1035 3644 1073 3704 Φ.
1116 3632 1168 3704 E‘.

105 3718 257 3792 Ἰωνάθαν
271 3724 328 3787 τοῦ
341 3724 410 3786 υἱοῦ
423 3717 518 3785 αὐτοῦ
531 3722 562 3796 ἐξ
576 3717 716 3806 Ἰεζραίηλ,
748 3691 836 3789 Καὶ
858 3729 1073 3809 παραγίνονται
1097 3726 1194 3788 πᾶσαι
1211 3725 1245 3787 αῖ
1263 3720 1357 3804 φυλαί

109 3812 159 3874 καὶ
172 3797 241 3899 ᾖρεν
259 3799 353 3870 αῦτδν
366 3801 383 3888 η
397 3799 518 3887 τιθηνός
531 3801 642 3879 αὐτοῦ,
667 3806 719 3868 καί
746 3802 867 3888 Ἰσραὴλ
884 3804 959 3890 πρὸς
971 3807 1068 3872 Λαυὶδ
1083 3810 1121 3881 είς
1135 3804 1278 3892 Χεβρὼν,
1304 3809 1356 3873 καί

109 3896 205 3971 ἔφυγε.
216 3893 267 3956 καὶ
276 3891 389 3966 ἐγένετο
399 3892 479 3970 ἓντῷ
489 3882 620 3952 σπεύδειν
626 3883 718 3952 αὐτὸν
749 3887 836 3954 εἶπαν
849 3886 942 3972 αὐτῷ.
970 3889 1035 3955 ἰδοὺ
1049 3888 1126 3956 ὀστᾶ
1138 3915 1204 3966 σου,
1216 3890 1267 3954 καὶ
1280 3885 1356 3974 σάρ-

110 3979 161 4040 καὶ
173 3972 349 4058 ἀναχωρεῖν,
367 3977 417 4038 καί
430 3974 513 4037 ἔπεσε
525 3975 576 4036 καὶ
589 3967 716 4058 ἐχωλάν-
748 3999 794 4050 κες
807 3999 862 4038 σου
882 3969 970 4055 ἡμεῖς.
998 3976 1013 4015 ²
1026 3974 1078 4037 καί
1094 3971 1179 4057 ἐχθὲς
1190 3974 1242 4038 καὶ
1253 3979 1355 4059 τρίτην

109 4069 168 4143 θη,
194 4062 247 4124 καί
272 4058 365 4138 ὄνομα
391 4052 476 4138 αὐτῷ
502 4060 714 4142 Μεμφιβοσθέ.
748 4056 836 4141 ῥ’ντος
850 4055 958 4122 Σαοὺλ
977 4056 1124 4144 βασιλέως
1142 4054 1186 4138 ἐφ’
1210 4053 1292 4140 ἡμῖν,
1318 4055 1354 4121 σὺ

111 4144 188 4206 ίκαί
210 4135 420 4226 ε’πορεῦθησαν
437 4141 497 4204 υἱοί
511 4135 644 4223 Ῥεμμών
660 4144 716 4204 τοῦ
748 4144 832 4225 ἦσθα
858 4139 875 4205 5
894 4137 1008 4218 ε’ξάγων
1025 4143 1076 4206 καί
1092 4145 1213 4218 είςαγων
1230 4139 1281 4205 τὸν
1295 4137 1353 4204 Ἰσ-

111 4228 300 4305 Βηρωθαίου
319 4219 431 4325 Ῥηχάχδ
447 4225 496 4287 καί
515 4222 642 4298 Βαανά,
667 4227 717 4288 καί
748 4220 834 4310 ραηλ.
858 4225 911 4289 καί
935 4224 997 4290 εἷπε
1021 4221 1123 4312 κῦριος
1140 4223 1217 4307 πρὸς
1236 4225 1277 4286 σε’.
1318 4220 1353 4287 οῦ

111 4306 246 4389 ἐῖςῆλθον
259 4311 290 4372 ἕν
303 4310 346 4371 τῶ
359 4313 487 4388 καυμᾱῑν
500 4309 552 4386 τῆς
561 4301 671 4392 ἡμέρας
680 4310 718 4380 είς
748 4319 902 4389 ποιμανεϊς
919 4305 972 4374 τὸν
989 4305 1064 4375 λαόν
1076 4335 1133 4392 μου
1153 4306 1206 4370 τὸν
1219 4302 1355 4389 Ἰσραὴλ,

110 4388 193 4454 οἶκον
209 4371 355 4473 Ἰεβοσθά,
380 4392 431 4453 καί
453 4385 545 4463 αὐτὸς
562 4384 718 4453 ἐκάθευδεν
748 4390 849 4455 καὶσὺ
862 4393 913 4473 ἕση
927 4396 965 4466 εἰς
978 4387 1141 4473 ἡγούμενον
1153 4388 1203 4449 ἐπὶ
1215 4385 1267 4449 τὸν
1279 4381 1356 4450 λαόν

111 4474 142 4533 ἐν
166 4476 202 4558 τῇ
227 4476 311 4562 κοίτη
338 4475 390 4554 τῆς
411 4476 595 4559 μεσημβρίας.
635 4472 650 4513 ⁶
669 4474 719 4535 καὶ
732 4512 735 4549 η
747 4499 804 4556 μου
813 4461 943 4558 Ἰσραήλ.
966 4474 1043 4535 3καί
1055 4475 1191 4554 ἔρχονται
1204 4462 1356 4627 πάυτεηχηί

1228 4570 1300 4626 πρεσ
1322 4571 1352 4608 υ-
