2924 4972
157 204 218 269 106
440 196 795 262 ΛσοενιεεοΝ
832 189 1104 277 Κιφ.η’.ο’.8.9.

154 317 214 379 υίοί
231 313 326 378 αὐτοῦ
344 313 399 388 τὰς
414 324 510 411 χεῖρας
528 308 630 374 αὐτῶν
641 312 690 373 ἐπὶ
701 308 755 392 τήν
792 310 844 372 καί
865 311 977 386 ἐγένετο
994 313 1115 390 Μωυσῆ
1132 313 1163 373 έν
1179 310 1284 393 μερίδι,
1309 311 1394 372 καθὰ

153 393 279 478 κεφαλήν
308 400 363 460 τοῦ
392 420 483 460 κιου.
525 393 623 455 19καί
651 394 756 472 ἔσφαξε
793 391 954 456 ἐνετείλατο
970 386 1068 491 κύριος
1085 379 1128 472 τέῆ
1142 396 1271 482 Μωυσῆ.
1302 391 1395 453 30καί

153 484 288 563 Μωυσῆς
296 476 349 543 τόν
357 501 445 564 κριον.
459 477 509 540 καί
517 477 648 559 προςέχεε
657 480 757 538 Μωυ-
793 473 881 560 ἔλαβε
898 480 1032 554 Μωυσῆς
1057 470 1119 538 ἀπὸ
1141 479 1196 538 τοῦ
1217 474 1317 537 ίλαίου
1341 477 1394 555 τῆς

154 567 205 647 σῆς
221 559 258 626 τὸ
277 562 348 644 αλμα
366 563 415 624 έπί
431 555 468 622 τὸ
481 553 693 642 θυσιαστήριον
703 553 756 619 κύ-
792 562 922 641 χρίσεως,
940 558 991 620 καλ
1003 553 1066 621 ἀπό
1078 561 1133 620 τοῦ
1146 562 1269 640 α’ίματσς
1280 559 1336 618 τοῦ
1345 556 1394 617 ε’πί

153 646 223 710 κλω.
243 645 331 708 20καί
342 640 396 707 τὸν
406 640 487 727 κριὸν
499 638 689 724 ἐκρεανόμησε
700 665 756 702 κα-
792 644 1077 724 τοῦθυσιαστήρίου,
1090 640 1396 724 καίπρσςέρρανενίπί

153 711 204 793 τότι
217 727 304 809 μέλη,
329 725 381 789 καί
402 719 536 806 ἀνήνεγκε
553 726 687 804 Μωυσῆς
703 722 757 805 τήν
787 717 919 808 Ἀαρών,
944 721 1067 796 καὶτὰς
1085 721 1194 795 στολὰς
1210 721 1319 795 αὐτοῦ,
1344 722 1396 782 καί

154 806 297 891 κεφαλήν,
322 807 374 870 καί
384 806 424 870 τὰ
435 806 521 889 μέλη,
544 805 595 869 καί
607 800 643 868 τό
656 808 755 889 στέαρ.
792 804 864 879 τοὺς
875 799 958 879 υἱούς
970 801 1075 881 σῦνοῦ,
1089 803 1206 877 καὶτὰς
1218 802 1324 876 στολὰς
1336 806 1396 864 τῶν

153 891 244 954 21καὶ
268 887 300 952 r*
345 889 471 965 κοιλίαν,
495 889 547 951 καί
570 883 641 961 τοῦς
662 882 757 961 πόδας
793 889 865 949 υίσῦν
880 884 974 951 αῦτοῦ
990 883 1047 967 μετ’
1069 885 1172 951 αὑτοῦ.
1210 889 1261 949 καί
1279 880 1395 967 ῆγίασεν

154 973 272 1037 τ”πλυνεν
289 969 382 1036 ύδατι.
408 973 459 1036 καί
477 967 609 1054 ἀνήνεγκε
621 973 757 1052 Μωυσῆς
787 965 919 1053 Ἀαρών,
943 965 1061 1043 καὶτὰς
1081 969 1189 1043 στολὰς
1208 966 1319 1042 αὐτοῦ,
1345 968 1396 1029 καὶ

154 1051 225 1120 όλον
246 1054 298 1119 τὸν
314 1055 396 1139 κριὸν
411 1055 462 1119 έπί
481 1050 517 1118 τό
534 1055 683 1136 θυσιαστῆ
702 1075 755 1117 ιον.
793 1049 864 1127 τοὺς
876 1050 960 1126 υίσύς
972 1048 1076 1127 αὐτοῦ,
1088 1053 1139 1116 καί
1151 1051 1206 1126 τὰς
1218 1048 1326 1123 στολὰς
1335 1054 1395 1113 τῶν

154 1133 352 1219 δλοκαύτωμύ
370 1140 447 1203 ἐστιν
463 1141 501 1211 είς
517 1131 609 1219 ὀσμήν
625 1077 754 1209 εὐωδίας.
793 1136 867 1199 υέών
891 1131 986 1199 αὐτοῦ
1004 1131 1060 1217 μετ’
1083 1132 1187 1198 αὐτοῦ.
1226 1135 1316 1196 31καί
1335 1131 1396 1194 είπε

154 1216 302 1307 κόρπωμώ
326 1223 387 1286 έστι
410 1224 454 1305 τῷ
481 1225 588 1303 κυρίῳ,
617 1213 755 1304 καθάπερ
793 1221 930 1302 Μωυσῆς
941 1215 1017 1321 πρὸς
1030 1214 1156 1321 Ἀαρών,
1171 1212 1302 1288 καλτοῦς
1315 1214 1396 1288 υἱούς

153 1304 314 1368 ἐνετείλατο
330 1328 430 1388 κυριος
447 1306 493 1386 τώ
510 1305 640 1384 Μωυσῆ.
664 1304 695 1344 ²²
707 1303 757 1366 καί
794 1297 897 1365 αὐτοῦ.
922 1303 1051 1383 έιμγσατε
1066 1325 1106 1363 τα
1123 1303 1195 1383 κρέα
1213 1303 1244 1363 ίν
1261 1302 1299 1388 τῆ
1318 1294 1395 1388 αύλῆ

152 1382 317 1472 προςήγαγε
341 1389 475 1466 Μωυσῆς
499 1383 554 1448 τὸν
577 1374 673 1466 κρλόν,
705 1382 757 1448 τὸν
793 1387 846 1466 τῆς
868 1387 973 1467 σκῆνῆς
996 1387 1052 1447 τοῦ
1076 1388 1237 1467 μαρτυρίου
1262 1384 1293 1444 ἐν
1311 1375 1397 1461 τόπῳ

153 1464 285 1550 δεύτερον
297 1465 377 1550 κριὸν
388 1459 566 1538 τελειώσεως.
582 1465 634 1527 καί
644 1466 758 1546 έπέθή-
794 1461 880 1546 ἆγίῳ.
893 1467 944 1530 καί
957 1467 1015 1529 έκεῐ
1025 1460 1154 1545 ῳόγεοθε
1166 1460 1254 1540 αῦτόι,
1266 1464 1317 1526 καὶ
1329 1460 1397 1536 τούς

154 1573 201 1612 κεν
212 1544 329 1631 Ἀαρών
347 1549 397 1609 καί
412 1549 443 1610 οἶ
454 1546 515 1608 υἱοί
526 1542 622 1608 αὐτοῦ
632 1543 687 1620 τὰς
699 1555 759 1628 χεῖ·
795 1543 905 1628 ἄρτους
921 1542 992 1619 τούς
1010 1549 1041 1607 έν
1058 1552 1103 1626 τῷ
1119 1551 1199 1628 κανῷ
1215 1551 1269 1627 τῆς
1284 1540 1395 1608 τελειώ-

155 1656 209 1713 ρας
221 1626 322 1694 αῦτών
334 1631 384 1693 ini
395 1624 449 1712 τήν
459 1626 588 1710 κεφαλήν
596 1630 652 1712 τοῦ
663 1630 757 1711 κριοῦ.
794 1649 875 1701 σεως,
894 1621 929 1688 ὃν
940 1649 959 1688 τ
977 1625 1054 1690 όπσν
1066 1631 1259 1690 συντέτακταί
1269 1653 1335 1706 μοι,
1349 1627 1397 1689 λέ-

156 1715 240 1777 23καί
253 1715 374 1794 έσφαξεν
384 1704 484 1777 αὐτόν.
499 1712 550 1774 καί
561 1709 650 1796 ὲλαβε
659 1717 758 1775 Μωυ-
792 1731 862 1784 γων.
873 1650 994 1792 Ἀαρών
1005 1708 1057 1771 καί
1069 1712 1100 1771 οί
1112 1709 1171 1771 υίοί
1183 1706 1277 1771 αὐτοῦ
1286 1704 1395 1787 φάγον-

155 1800 206 1879 σῆς
219 1791 348 1859 ἀπὸτοῦ
362 1799 486 1874 αἵματος
498 1789 608 1867 αύτοῦ,
628 1794 678 1856 καί
690 1793 759 1855 έπέ-
794 1814 843 1852 ται
856 1784 944 1854 αῦτύ.
975 1789 1116 1853 32καίτό
1130 1789 1399 1870 καταλειφθέντων

155 1888 245 1959 θῆκεν
256 1878 307 1940 έπί
317 1875 372 1940 τὸν
383 1873 474 1961 λοβὸν
484 1878 539 1938 τοῦ
552 1870 630 1949 ώτὸς
641 1871 759 1959 Ἀαρών
795 1876 886 1957 κρεῶν
902 1873 953 1937 καί
969 1875 1031 1937 τών
1048 1871 1148 1957 ώρτων
1165 1877 1197 1938 έν
1213 1876 1285 1956 πυρί
1303 1900 1399 1938 κατα-

138 1958 209 2023 ιτοῦ
228 1959 335 2034 δεξιοῦ,
360 1958 474 2022 καλέπί
485 1953 523 2021 τὸ
535 1955 628 2042 δ’κρον
638 1961 691 2041 τῆς
701 1982 758 2041 χει-
796 1949 933 2020 καύσατε.
971 1955 1000 1998 ³³
1013 1957 1065 2020 καί
1080 1953 1143 2020 ἆπδ
1161 1960 1214 2040 τῆς
1230 1955 1329 2040 θύρας
1346 1962 1398 2039 τῆς

156 2040 209 2126 ρδς
225 2045 279 2124 τῆς
296 2041 402 2117 δεξιᾶς,
426 2041 478 2103 καί
489 2040 540 2103 έπί
551 2042 587 2103 τὸ
601 2038 693 2126 ἄκρον
703 2043 759 2104 τοῦ
796 2043 901 2121 σκηνῆς
912 2041 968 2102 τοῦ
978 2045 1140 2123 μαρτυρίου
1150 2037 1206 2103 οῦκ
1215 2036 1398 2115 ἐξελεύσεσθε

155 2122 248 2198 ποδὸς
271 2126 326 2188 τοῦ
343 2124 445 2199 δεξιοῦ.
481 2121 513 2163 ²⁴
525 2123 576 2186 καί
594 2117 759 2209 προςήγαγε
796 2119 873 2186 ἑπτὰ
898 2117 1020 2207 ἡμέρας,
1045 2127 1100 2197 ἕως
1124 2118 1218 2208 ῆμέρα
1239 2123 1397 2208 πλήρωθῆ,

157 2210 291 2291 Μωυσῆς
302 2203 373 2281 τοὺς
385 2203 465 2279 υἱούς
476 2200 601 2291 Ἀαρών.
628 2207 679 2270 καί
691 2207 760 2269 ἐπέ·
797 2200 890 2306 ῆμέρα
912 2205 1081 2280 τελειώσεως
1110 2203 1198 2310 ὑμῶν.
1236 2206 1314 2271 im&
1337 2208 1397 2293 γὰρ

156 2299 231 2371 θήκε
248 2292 382 2371 Μωυσῆς
406 2282 469 2353 ἆπό
492 2294 548 2353 τοῦ
571 2294 695 2370 αἵματος
710 2289 762 2353 inl
797 2290 905 2373 ήμέρας
934 2285 1075 2353 τελειώσει
1099 2313 1154 2364 τας
1183 2299 1279 2393 χεῖρας
1306 2284 1396 2371 ῦμών,

156 2368 227 2445 τούς
239 2367 345 2456 λσβούς
355 2374 416 2436 τῶν
426 2369 511 2436 ώτων
522 2376 583 2435 τών
591 2373 697 2448 δεξιῶν,
710 2372 761 2435 καί
796 2367 971 2457 84καθύιτερ
983 2374 1117 2454 ἐποίησεν
1128 2374 1160 2436 έν
1170 2376 1209 2467 τῆ
1220 2374 1314 2457 ημέρα
1322 2372 1398 2437 ταύ-

157 2455 208 2518 έπί
230 2452 270 2516 τὰ
287 2453 366 2538 δι’κρα
382 2459 442 2518 τών
458 2458 560 2559 χεῳών
584 2452 683 2520 αὐτῶν
700 2458 761 2518 τῶν
795 2478 848 2536 τη,
872 2445 1067 2536 ῆένετείλατο
1084 2449 1182 2540 κύριος
1199 2459 1254 2520 τοῦ
1266 2459 1397 2538 ποιῆσαι,

157 2537 270 2613 δεξιών,
296 2541 347 2602 καί
362 2539 412 2603 έπλ
427 2536 466 2601 τὰ
482 2563 562 2623 αιιρα
577 2541 638 2603 ταῖν
658 2538 761 2603 ποδών
796 2522 1086 2614 ώςτε’ἐξιλόσασθαι
1103 2539 1170 2621 περὶ
1187 2533 1274 2620 ὑμῶν.
1304 2539 1334 2581 ³⁵
1347 2542 1398 2604 καί

157 2618 257 2684 αύτών
268 2625 329 2684 των
338 2621 444 2696 δεξιῶν.
458 2622 509 2684 καί
518 2625 650 2706 προςέχεε
660 2627 760 2686 Μωυ-
795 2621 845 2685 ἐπί
861 2620 916 2703 τῆν
928 2617 1027 2705 θύραν
1039 2625 1091 2703 τῆς
1103 2625 1208 2722 σκῆνῆς
1219 2625 1274 2686 τοῦ
1285 2647 1396 2706 μαρτυ-

157 2707 210 2784 σῆς
227 2700 263 2765 τὸ
284 2703 355 2782 αἷμα
373 2703 423 2765 έπί
434 2700 470 2765 τὸ
483 2698 694 2786 θυσιαστήριον
706 2698 760 2766 κύ-
795 2708 860 2786 ρίου
872 2699 1040 2784 καθήσεσθε
1056 2700 1133 2767 ἑπτὰ
1145 2707 1267 2788 ημέρας,
1290 2701 1398 2790 ἡμέραν

158 2784 228 2864 κλῳ.
258 2783 289 2825 ²⁸
300 2784 352 2844 καί
368 2783 458 2866 έλαβι
476 2778 514 2844 τὸ
533 2787 621 2867 στέαρ
640 2784 691 2846 καί
706 2783 760 2864 τῆν
793 2784 845 2846 καί
860 2779 960 2847 νύκτα.
986 2780 1149 2865 φυλάξεσθε
1166 2786 1205 2850 τὰ
1218 2782 1397 2868 φυλύγματα

157 2861 265 2944 ὀσφῦν,
289 2865 341 2926 καὶ
357 2859 395 2926 τὸ
412 2864 503 2945 στέαρ
520 2860 556 2926 τὸ
573 2865 623 2928 ἐπί
634 2868 687 2948 τῆς
697 2889 760 2928 κοι-
794 2869 905 2949 κυρίου,
923 2869 974 2930 ίνσ
984 2865 1023 2950 μή
1038 2864 1219 2972 ἇποθύνῆτε.
1245 2864 1326 2934 οῦτω
1337 2871 1396 2958 γὰρ

158 2945 236 3022 λίας,
261 2947 312 3010 καί
325 2941 544 3030 τδνλοβόντοῦ
557 2941 684 3028 ῆπατος,
708 2947 761 3010 καί
794 2944 953 3012 ἐνετείλατό
971 2975 1020 3031 μοι
1040 2946 1140 3037 κύρως
1158 2947 1265 3028 οθεός.
1304 2953 1396 3019 36καὶ

158 3029 227 3103 τοὺς
239 3024 293 3094 δύο
306 3022 437 3112 νεφρούς,
450 3025 549 3092 καὶτὸ
561 3031 650 3115 στέαρ
662 3027 700 3093 τὸ
711 3027 755 3093 ἐπ’
794 3033 929 3114 ἐποίησεν
950 3028 1067 3117 Ἀαρών
1089 3036 1141 3099 καί
1163 3039 1195 3099 σί
1218 3037 1279 3100 υίσλ
1303 3033 1397 3102 αὐτοῦ

158 3110 272 3185 αύτών,
297 3109 348 3173 καί
365 3107 417 3172 τὸν
433 3114 574 3194 βραχίονα
592 3111 646 3176 τὸν
660 3113 758 3187 δεξιόν.
793 3109 910 3187 πάντας
922 3111 991 3190 τοῦς
1003 3110 1117 3193 λόγους,
1131 3113 1183 3193 οῦς
1195 3121 1332 3195 συνέταξε
1344 3117 1397 3184 κύ-

158 3195 189 3236 ²⁶
201 3194 252 3256 καί
268 3189 331 3255 ἀπὸ
347 3195 403 3253 τοῦ
413 3196 506 3256 κανοῦ
518 3197 569 3277 τῆς
580 3189 759 3272 τελειώσεως,
793 3220 855 3282 ρισς
867 3201 911 3279 τῷ
924 3203 1055 3281 Μωυσῆ.

160 3283 216 3334 τοῦ
235 3269 323 3344 ὄντος
340 3270 435 3341 ἔναντι
453 3276 567 3358 κυρίου,
585 3275 689 3365 έλαβεν
701 3278 760 3363 σ’ίρ-
986 3272 1112 3347 ΚἙΦ.
1157 3276 1209 3346 Θ’.

159 3377 213 3418 τον
228 3358 280 3419 ἕνα
293 3352 417 3443 ἄζυμον,
440 3363 491 3425 καί
510 3357 601 3448 κύρτον
612 3364 644 3439 έξ
655 3361 761 3428 ἐλαίου
793 3328 876 3426 Καὶ
887 3360 1010 3449 ἒγενήθιχ
1021 3370 1058 3456 τῆ
1067 3362 1160 3452 ῆμέρα
1168 3369 1206 3447 τῆ
1214 3361 1315 3450 δγδόῆ,
1325 3363 1397 3431 ἐκό-

157 3447 219 3519 ένσ,
231 3445 283 3508 καί
294 3441 420 3522 λάγανον
433 3449 473 3509 έν.
493 3450 544 3513 καί
562 3449 698 3529 ἐπέθηκεν
709 3447 760 3509 ἐπί
793 3445 856 3511 λεσε
869 3452 1003 3533 Μωυσῆς
1014 3445 1144 3535 Ἀαρών,
1166 3438 1301 3525 καὶτοὺς
1314 3451 1397 3526 υἱούς

157 3524 195 3591 τὸ
208 3530 309 3614 στέαρ,
319 3528 371 3592 καί
384 3525 435 3592 τὸν
445 3533 587 3613 βραχίονα
599 3525 652 3593 τὸν
660 3523 758 3602 δεξιόν.
793 3527 897 3606 αῦτσῦ,
906 3533 957 3596 καί
965 3529 1018 3615 τήν
1025 3539 1178 3618 γερουσίαν
1184 3530 1230 3598 Ἰσ
1247 3530 1313 3616 αήλ
1326 3537 1395 3598 2καί

158 3612 185 3652 ²²
192 3613 243 3674 καί
255 3614 396 3692 ἐπέθηκεν
407 3607 526 3674 ἅπαντα
538 3610 588 3674 έπί
601 3608 654 3683 τὰς
665 3620 761 3693 χεῖρας
793 3611 854 3678 εἶπε
864 3619 999 3698 Μωυσῆς
1007 3614 1084 3702 πρὸς
1089 3612 1214 3700 Ἀαρών.
1228 3561 1299 3699 λα’βι
1310 3639 1396 3680 σεαυ-

156 3688 284 3773 Ἀαρών,
308 3696 359 3754 καί
377 3695 427 3755 ἐπί
443 3692 498 3765 τὰς
510 3702 607 3774 χεῖρας
618 3695 678 3755 τῶν
690 3696 761 3756 υλεῦν
790 3700 837 3778 τῷ
851 3693 1010 3803 μοσχάριον
1026 3703 1058 3764 ἐκ
1069 3702 1149 3783 βοῶν
1160 3698 1228 3780 περί
1240 3693 1395 3780 ἁμαρτίας,

160 3771 256 3837 αὐτοῦ
261 3823 269 3847 ,
295 3776 345 3835 καί
362 3770 509 3854 ἀνήνεγκεν
520 3770 599 3837 αῦτόι
611 3771 760 3861 ἆφαίρεμα
792 3781 844 3843 καί
855 3806 937 3864 κριον
949 3786 987 3856 τίς
996 3774 1195 3861 ὃλσκαύτωμα
1203 3777 1326 3861 ῦμωμα,
1345 3781 1396 3840 καί

160 3858 255 3919 ἔναντι
268 3860 376 3941 κυρίου.
401 3857 432 3899 ²⁸
444 3858 496 3919 καὶ
510 3855 615 3942 ἔλαβεν
627 3865 760 3943 Μωυσῆς
792 3866 959 3946 προςένεγκε
975 3861 1054 3926 αὐτὰ
1066 3865 1161 3925 ἔναντι
1175 3866 1293 3947 κυρίου,
1318 3863 1333 3902 ³
1345 3863 1396 3924 καί

160 3936 222 4002 ἀπὸ
236 3943 296 4002 τοῦν
306 3942 408 4022 χειρών
419 3936 527 4014 αῦταῖν,
549 3942 600 4004 καὶ
612 3938 761 4024 ῦνήνεγκεν
793 3950 831 4046 τῆ
842 3949 978 4030 γερουσία
993 3943 1113 4030 Ἰσραήλ
1127 3940 1269 4026 λώλήσον,
1293 3943 1393 4020 λέγων.

159 4017 238 4085 αὐτὰ
258 4026 392 4122 Μωυσῆς
416 4023 466 4085 ἐπί
487 4021 523 4086 τὸ
539 4022 759 4110 θυσιαστήρων,
792 4027 893 4112 λαβετε
919 4033 1041 4112 χίμαρον
1073 4029 1105 4102 έξ
1135 4032 1228 4104 αἰγῶν
1252 4031 1305 4091 ἕνα
1329 4030 1396 4107 περὶ

159 4105 209 4167 ἐπὶ
220 4101 256 4168 τὸ
269 4104 464 4185 ολοκαυτωμα
476 4110 527 4187 τῆς
539 4104 718 4186 τελειώσεως,
741 4107 760 4174 ό
792 4107 953 4193 ἁμαρτίας,
977 4112 1028 4174 καί
1039 4104 1215 4194 μοσχόριον,
1240 4111 1292 4174 καί
1304 4106 1396 4191 ἆμνὸν

158 4191 236 4252 ἐστιν
247 4185 323 4270 ὀσμή
336 4185 468 4262 εὐωδίας,
480 4185 628 4274 κώρπωμό
641 4194 703 4257 ἔστι
715 4196 760 4275 τῳ
792 4188 936 4258 ἐνιαύσιον
959 4198 998 4267 είς
1023 4189 1260 4276 ὁλσκύρπωσιν,’
1277 4190 1394 4275 ώμωμα,

158 4275 257 4351 κυρίῳ.
279 4272 310 4312 ²⁹
322 4272 373 4333 καί
385 4267 483 4355 λαβών
494 4279 629 4358 Μωυσῆς
640 4275 675 4339 τὸ
689 4301 761 4357 στιγ-
792 4274 864 4338 4καὶ
874 4269 991 4359 μόσχον,
1004 4278 1055 4340 καί
1067 4275 1148 4360 κριὸν
1159 4281 1198 4350 είς
1209 4284 1321 4342 θυσίαν
1334 4304 1395 4341 σω-

157 4347 260 4415 θύνων
284 4349 399 4433 ἀφεῖλεν
418 4349 493 4417 αύτό
513 4357 641 4437 ἐπίθεμα
664 4360 759 4422 frum
791 4363 893 4439 τήρίου
917 4361 1013 4423 ἔναντι
1037 4365 1154 4442 κυρίου,
1178 4361 1230 4423 καὶ
1251 4362 1396 4443 σεμίδαλιν

155 4441 265 4521 κυρίου,
277 4431 340 4501 σἰπὸ
353 4441 408 4501 τοῦ
421 4442 504 4522 κριοῦ
516 4442 567 4520 τῆς
579 4435 757 4514 τελειώσεως.
790 4443 993 4524 πεφυραμένην
1016 4446 1047 4508 έν
1072 4441 1177 4527 ἐλαίῳ,
1203 4439 1250 4507 ότι
1272 4445 1395 4545 σήμερον

1297 4554 1393 4613 κυρισς
