2924 4972
136 215 202 280 330
363 209 665 273 ΒΑΣιΛσιιιΝ
688 208 916 270 υσνσσΡΑ
957 210 1033 286 Κεφ.
1048 205 1101 269 ιε’.
1117 206 1168 272 19.

138 336 216 395 ῖνατί
235 325 314 408 ὑμεῖς
330 319 472 404 κωψεύετε
490 326 547 385 τοῦ
565 324 745 406 ἐπιπρέψαι
784 325 849 385 τοῦ.
863 315 949 385 ²⁰5¹n
962 323 1038 400 έγνω
1051 321 1069 387 5
1084 321 1191 400 δοῦλός
1204 353 1258 392 σου
1272 324 1320 392 δ’τι
1334 330 1395 408 ε’γώ

137 413 191 478 τὸν
196 409 345 559 βασιλέας
359 408 410 471 καί
422 401 458 509 ρό
491 408 552 487 ῆμα
564 404 677 506 παντὸς
686 402 746 506 ’¹⁰2
784 401 926 503 ἥμαρτον,
939 407 991 469 καί
1004 405 1068 509 ῖδρύ
1082 407 1141 485 ε’γώ
1154 399 1251 493 ἦλθον
1265 407 1396 497 σήμερον

137 495 195 579 ραη
227 484 301 575 ἦλθε
312 489 389 575 πρὸς
402 513 456 553 τον
509 487 602 552 σιλεα.
625 492 650 529 ¹¹
662 490 744 553 καὶσ
783 513 930 589 προτερος
954 514 1069 564 παντσς
1091 488 1214 576 Ἰσραὴλ
1235 495 1286 556 καὶ
1306 496 1394 561 οἴκου

136 577 272 665 βασιλεὺς
281 575 380 639 Δαυὶδ
392 570 543 637 ἀπέστειλε
550 567 627 653 πρὸς
634 569 746 636 Σαδώκ
781 569 907 655 Ἰωσηφ,
933 575 989 635 τοῦ
1005 577 1174 660 καταβηναί
1184 600 1218 657 με
1234 579 1274 649 είς
1294 574 1394 642 ἀπαν-

137 663 189 726 καὶ
201 655 277 745 πρὸς
286 653 437 743 Ἀβιάθαρ
450 650 521 729 τούς
535 657 628 739 ἱερεῖς,
642 653 744 732 λέγων.
784 651 838 734 τὴν
862 658 920 718 τοῦ
944 661 1046 740 κυρίου
1068 680 1127 738 μου
1156 663 1212 723 τοῦ
1235 660 1391 745 βασιλέως.

138 737 288 826 λαλήσατε
321 738 399 824 πρὸς
429 733 500 812 τοὺς
528 739 747 823 πρεσβυτέρους
784 739 811 779 ²¹
828 738 880 801 καί
903 734 1053 823 ἀπεκρίθη
1072 737 1214 826 Ἀβισσαὲ
1239 740 1303 817 υίὸς
1325 749 1392 808 Σα-

133 823 251 900 vodda,
263 825 403 901 λέγοντες.
433 824 513 885 ῖνατί
525 826 644 897 γίνεσθε
658 822 746 905 έσχα-
784 821 903 904 ρουίας,
927 815 978 885 καί
992 820 1062 888 εἶπε.
1087 821 1127 906 μὴ
1142 822 1211 888 ,ἀντὶ
1226 820 1336 890 τούτου
1354 824 1391 891 οῦ

137 935 186 974 τοι
210 911 267 972 τοῦ
292 907 473 988 ἐπιπρέψαι
496 899 690 989 τὸνβασιλέα
708 908 747 978 εἰς
783 899 1039 988 θανατωθὴσεται
1061 905 1161 989 Σεμεῒ,
1186 902 1234 972 ὅτι
1258 907 1391 991 κατηρά-

137 990 191 1058 τὸν
212 989 296 1072 οἷκον
319 986 432 1064 αὐτοῦς
459 987 511 1051 καί
528 983 618 1063 λόγος
634 983 748 1061 παντὸς
785 1011 861 1050 σατο
877 983 929 1052 τὸν
946 988 1065 1074 χριστὸν
1076 994 1177 1075 κυρίου
1181 1017 1194 1067 ,·
1219 993 1249 1032 22
1262 995 1313 1056 καὶ
1331 991 1392 1056 εἶπε

133 1072 254 1160 Ἰσραὴλ
268 1072 341 1175 ηλθε
352 1069 432 1156 πρὸς
443 1066 632 1155 τὸνβασιλέα
644 1075 683 1144 εἰς
693 1069 748 1133 τὸν
785 1069 892 1133 Ααυίδ.
906 1075 937 1134 τί
947 1073 1015 1153 ἐμοὶ
1023 1073 1074 1137 καί
1083 1068 1149 1154 ύμῖν
1160 1075 1219 1137 υἱοί
1226 1077 1391 1157 Σαρουίας,

138 1159 223 1224 οἶκον
246 1159 350 1221 αυτοῦ.
386 1156 414 1195 ¹²
427 1152 556 1233 ἀδελφοί
577 1178 636 1236 μου
658 1150 746 1235 ὑμεῖς,
785 1148 832 1215 ὅτι
844 1155 965 1230 γίνεσθέ
972 1180 1023 1236 μοι
1033 1149 1157 1241 σήμερον
1167 1159 1205 1230 εἰς
1214 1158 1391 1242 έπίβουλονς

137 1240 216 1307 ὀστᾶ
226 1265 283 1320 μου
296 1239 348 1303 καί
360 1231 467 1321 σάρκες
477 1261 534 1318 μου
547 1231 641 1320 ὑμεῖς,
668 1240 748 1301 ίνατί
785 1231 908 1320 σήμερον
930 1233 967 1301 ού
984 1239 1238 1322 θανατωθησεταί
1255 1265 1297 1314 τις
1314 1238 1392 1327 ἀνὴρ

136 1331 253 1404 γίνεσθε
280 1325 399 1407 ἔσχατοι
423 1323 480 1383 τοῦ
496 1320 676 1405 ἐπιπρέψαι
692 1318 747 1384 τὸν
785 1319 815 1395 ἐξ
839 1316 973 1402 Ἰσραὴλ,
1000 1316 1047 1384 ὅτι
1063 1318 1120 1386 οῦκ
1137 1321 1208 1387 οῖδα
1224 1326 1249 1385 εἶ
1265 1321 1393 1407 σήμερον

137 1406 264 1495 βασιλέα
277 1410 317 1479 εἰς
336 1403 390 1468 τὸν
403 1401 487 1467 οἶκον
500 1399 616 1481 αὐτούς
655 1403 747 1466 13καί
784 1396 932 1487 βασιλεύοι
945 1398 1003 1478 ἐγώ
1015 1406 1065 1467 ἐπὶ
1078 1404 1131 1468 τὸν
1144 1401 1274 1488 Ἰσραήλ.
1301 1407 1330 1448 23
1342 1411 1393 1472 καί

138 1495 183 1573 τῷ
199 1486 343 1567 Ἀμεσσαί·
357 1488 454 1571 ίρεῖτε.
482 1481 548 1569 οὐχὶ
564 1482 675 1550 ὀστοῦν
689 1510 747 1568 μου
785 1483 863 1549 εἶπεν
882 1481 900 1548 5
919 1482 1055 1570 βασιλεύς
1071 1484 1149 1572 πρὸς
1165 1490 1259 1569 Σεμείί
1298 1487 1335 1554 οὐ
1352 1486 1392 1572 μη

139 1573 190 1638 καί
204 1567 280 1656 σάρξ
292 1594 350 1652 μου
363 1564 400 1633 σύ
407 1595 419 1646 ,·
444 1569 496 1632 καί
509 1573 560 1632 νῦν
571 1568 643 1634 τάδε
656 1565 747 1652 ποιη-
784 1562 955 1654 ἀποθάνῃς.
982 1571 1034 1633 καί
1046 1569 1161 1653 έίμοσεν
1179 1571 1264 1655 αύτῷ
1278 1569 1296 1636 5
1308 1577 1393 1659 βασι-

139 1681 188 1721 σαι
204 1678 254 1734 μοι
268 1650 286 1717 5
299 1649 371 1726 θεὸς
387 1652 438 1715 καί
454 1646 525 1715 τάδε
540 1657 698 1736 προςθείη,
723 1656 748 1716 εί
784 1646 857 1726 λεύς.
894 1652 926 1692 ²⁴
939 1651 991 1714 καί
1012 1653 1216 1736 Μεμψιβοσθέ
1242 1652 1302 1730 υίὸς
1328 1658 1393 1721 υἱοῦ

138 1735 177 1823 μὴ
192 1737 292 1823 ἀρχων
306 1730 453 1818 δυνάμεως
466 1736 517 1825 ὲση
531 1733 660 1800 ἐνώπιον
676 1740 747 1818 ἐμοῦ
783 1732 889 1798 Σαούλ
904 1737 1014 1820 κατέβη
1033 1739 1071 1811 είς
1089 1733 1223 1820 ἀπαντην
1236 1743 1294 1802 τοῦ
1306 1742 1393 1824 βασι-

139 1817 241 1895 πάσας
253 1816 307 1894 τὰς
321 1816 431 1905 ἡμέρας
447 1815 516 1883 ἀντὶ
529 1816 628 1905 Ἰωάβ.
655 1819 749 1883 12καί
784 1818 869 1892 λέως,
879 1818 939 1881 ,καί
956 1816 1012 1882 οὐκ
1025 1815 1204 1904 ἐθεράπευσε
1216 1821 1286 1897 τοὺς
1297 1818 1393 1896 πόδας

139 1905 229 1970 έκλινε
260 1900 314 1986 τὴν
344 1902 470 1987 καρδίαν
496 1903 611 1977 παντὸς
640 1898 748 1984 ἀνδρὸς
785 1897 891 1974 αύτοῦ,
911 1898 981 1965 οὐδὲ
995 1898 1170 1985 ὥνυχίσατο,
1191 1902 1261 1967 οὐδὲ
1274 1909 1394 1988 ἐποίησε

136 1985 236 2053 Ἰούδα
249 1983 289 2061 ὡς
302 1983 407 2070 ἀνδρὸς
419 1980 490 2058 ἑνός.
507 1985 560 2049 καί
571 1982 748 2050 ἀπέστειλαν
785 1982 839 2049 τὸν
850 1979 985 2065 μύστακα
998 1981 1103 2060 αὐτοῦ,
1115 1984 1215 2051 καὶτὰ
1226 1984 1327 2069 ἱμάτια
1337 1987 1393 2053 αῦ-

138 2070 216 2158 πρὸς
227 2069 281 2136 τὸν
293 2069 425 2156 βασιλέα,
439 2067 576 2144 λέγοντες.
605 2063 748 2154 ἐπιστρά-
786 2070 842 2132 τοῦ
855 2063 910 2131 οῦκ
923 2064 1090 2133 ἀπέπλυνεν
1102 2066 1165 2133 ἀπὸ
1176 2074 1229 2152 τῆς
1242 2070 1351 2155 ἡμέρας
1361 2062 1394 2155 ἧς

139 2165 217 2238 φηθι
243 2149 280 2219 σύ
305 2154 357 2217 καὶ
380 2148 487 2226 πάντες
504 2154 536 2216 σί
552 2151 660 2217 δοῦλοί
683 2177 746 2217 σου.
786 2147 923 2234 ἀπῆλθεν
947 2147 965 2215 5
989 2148 1123 2238 βασιλεὺς
1141 2156 1196 2227 ἕως
1213 2158 1265 2234 τῆς
1285 2154 1393 2240 ἢμέρας

138 2239 167 2285 ¹⁵
179 2237 231 2302 καί
243 2238 421 2339 ἐπέστρεψεν
433 2230 451 2299 5
464 2234 616 2320 βασιλεύς,
630 2237 681 2299 καί
693 2224 747 2318 ἦλ
786 2224 821 2318 ἧς
833 2231 927 2310 αῦτὸς
938 2237 1117 2320 παρεγένετο
1130 2240 1161 2300 έν
1171 2234 1279 2340 εἰρήνη.
1299 2239 1329 2280 ²⁵
1341 2240 1394 2301 καί

139 2330 193 2384 θεν
219 2322 275 2424 ἕως
299 2322 355 2382 τοῦ
385 2312 545 2401 Ιορδάνου.
570 2319 623 2384 καί
646 2317 748 2422 ἀνδρες
786 2319 899 2395 ἐγένετο
924 2312 975 2383 ὅτε
991 2318 1123 2397 εῖςῆλθεν
1140 2323 1179 2393 είς
1206 2307 1394 2404 Ιεβουσαλημ

136 2397 240 2470 Ἰούδα
253 2401 352 2486 ηλθαν
360 2406 398 2477 είς
405 2398 554 2479 Γάλγαλα
562 2405 617 2466 τοῦ
624 2427 748 2488 πορευε-
785 2403 824 2474 είς
837 2395 1001 2484 ἀπάντησιν
1013 2406 1069 2469 τοῦ
1079 2402 1234 2489 βασιλέως,
1251 2406 1301 2468 καί
1314 2402 1394 2469 εἶπεν

140 2498 214 2553 σθαι
226 2491 266 2561 εἰς
279 2482 415 2571 ἀπαντην
430 2491 484 2551 τοῦ
496 2485 657 2571 βασιλέως,
683 2487 749 2552 δια-
786 2480 871 2568 αὐτῷ
891 2482 908 2547 5
915 2480 1062 2588 βασιλεύς.
1090 2492 1121 2550 τί
1138 2481 1185 2550 ὅτι
1199 2483 1254 2552 σύκ
1268 2485 1393 2574 ἐπορεύ-

139 2567 259 2658 βιβάσαι
285 2566 338 2635 τὸν
361 2569 486 2656 βασιλέα
512 2568 564 2634 τὸν
586 2565 747 2655 Ἰορδάνην.
784 2577 843 2650 θης
866 2592 920 2651 μετ
951 2571 1025 2651 ἐμοῦ
1042 2573 1262 2656 Μεμψιβοσθές
1299 2573 1330 2616 ²⁶
1343 2572 1394 2636 καί

140 2656 232 2719 16καί
254 2650 372 2736 έτάχυνε
388 2653 482 2735 Σεμεῒ
494 2651 557 2728 υἱὸς
575 2651 664 2738 Γηρά
682 2657 750 2718 υίοῦ
785 2649 847 2714 εἶπε
863 2650 940 2736 πρὸς
957 2651 1052 2718 αιἰτάν
1068 2657 1280 2738 Μεμψιβοσθέ.
1312 2651 1396 2735 κύριέ

139 2742 196 2801 τοῦ
216 2734 314 2818 Ἰεμινὶ
337 2738 369 2799 ἐκ
386 2737 540 2819 Βαουρίμ,
566 2737 618 2798 καὶ
639 2740 747 2823 κατέβη
784 2759 843 2816 μου
860 2734 991 2820 βασιλεῦ,
1010 2732 1147 2810 ὁδοῦλάς
1159 2762 1217 2819 μου
1230 2738 1391 2821 παρελογί-

128 2818 214 2900 ,μετά
232 2815 340 2902 ἀνδρὸς
362 2813 462 2881 Ἰούδα
479 2822 517 2890 είς
536 2815 672 2901 ἀπαντην
690 2824 748 2883 τοῦ
786 2815 862 2882 σατό
873 2842 923 2901 με,
950 2816 998 2883 ὅτι
1016 2817 1094 2882 εἶπεν
1112 2814 1215 2890 ὀπαῖς
1227 2843 1282 2881 σου
1295 2818 1392 2903 αὐτῷ,

138 2902 285 2989 βασιλέως
298 2900 411 2975 Δαυὶδ,
437 2901 464 2942 ¹⁷
476 2901 526 2963 καί
542 2898 630 2984 χίλιοι
647 2899 749 2986 ἀνδρες
785 2898 928 2977 έπέσαξόν
939 2928 991 2986 μοι
1008 2896 1062 2984 τὴν
1074 2897 1146 2966 ὄνον
1163 2901 1214 2964 καί
1231 2902 1325 2986 έπιβιῦ
1343 2901 1389 2966 έπ>

138 2984 198 3070 μετ’
215 2984 311 3050 αὐτοῦ
325 2987 357 3049 έκ
370 2986 429 3048 τοῦ
442 2986 592 3065 Βενιαμὶν,
607 2985 659 3048 καί
669 2984 749 3072 Σιβά
785 2981 878 3067 αὐτην
890 2987 941 3049 καὶ
952 2980 1138 3070 πορεύσομαι
1152 2980 1226 3065 μετά
1239 2989 1293 3050 τοῦ
1307 2988 1390 3069 βασι-

139 3068 175 3133 τὸ
194 3065 357 3153 παιδάριον
375 3070 431 3131 τοῦ
450 3066 534 3130 οἴκου
547 3067 670 3142 Σαοὺλ,
696 3071 749 3134 καὶ
784 3066 872 3143 λέως,
886 3064 933 3132 ὅτι
945 3061 1071 3153 χωλόςὸ
1085 3063 1195 3142 δοῦλός
1208 3094 1273 3143 σου,
1298 3071 1328 3112 22
1341 3071 1392 3134 καί

138 3151 344 3216 πεντεκαίδεκα
368 3151 428 3214 υίοί
444 3147 542 3214 αὐτοῦ
558 3147 618 3232 μετ’
639 3150 747 3229 αὐτοῦ,
781 3147 963 3232 μεθώδευσεν
975 3156 1006 3216 ἐν
1017 3153 1063 3232 τῷ
1076 3147 1176 3234 δούλῳ
1188 3176 1245 3217 σου
1254 3149 1330 3237 πρὸς
1338 3153 1392 3218 τὸν

138 3236 190 3299 καί
214 3234 308 3299 εἴκοσι
329 3231 432 3298 δοῦλοι
450 3229 545 3297 αῦτσῦ
561 3229 620 3335 μετ’
640 3233 745 3300 αὐτοῦ.
782 3230 884 3318 κύριόν
902 3261 958 3316 μου
970 3233 1023 3298 τὸν
1034 3233 1169 3320 βασιλέα.
1194 3238 1246 3301 καί
1259 3233 1277 3301 5
1290 3233 1392 3322 κύριός

138 3320 189 3383 καί
202 3312 387 3383 κατεύθυναν
398 3315 453 3381 τὸν
468 3314 623 3402 Ἰορδανην
635 3320 747 3424 έμπρο-
781 3343 839 3398 μου
857 3314 875 3382 ὁ
892 3315 1026 3406 βασιλεὺς
1043 3313 1084 3392 ὡς
1103 3317 1225 3397 ἀγγελος
1237 3324 1291 3385 τοῦ
1303 3326 1391 3396 θεοῦ,

138 3414 210 3468 σθεν
226 3407 281 3469 τοῦ
293 3401 454 3491 βασιλέως,
491 3402 520 3444 ¹⁸
533 3404 583 3467 καί
600 3402 747 3490 ἐλειτσυρ-
782 3403 833 3465 καὶ
843 3408 974 3486 ποίησον
992 3399 1028 3466 τὸ
1043 3399 1165 3479 ἀγαθὸν
1178 3405 1208 3467 έν
1219 3401 1391 3487 ἀηθαλμοῑς

136 3514 230 3572 γησαν
242 3483 297 3572 την
309 3487 495 3571 λειτουργίαν
506 3490 565 3550 τοῦ
578 3483 747 3573 διαβιβάσαι
783 3509 848 3549 σου.
875 3488 906 3528 ²⁸
919 3481 966 3551 ὅτι
989 3482 1046 3549 οῦκ
1065 3474 1102 3569 ἦν
1120 3493 1181 3561 πᾶς
1198 3483 1216 3551 ὃ
1235 3486 1317 3562 οἶκος
1334 3491 1391 3552 τοῦ

137 3574 191 3638 τὸν
203 3571 339 3660 βασιλέα.
357 3571 409 3635 καί
419 3570 500 3656 διέβη
513 3568 532 3650 ἢ
546 3566 679 3654 διάβασις
691 3576 746 3636 τοῦ
780 3563 898 3654 πατρός
908 3595 983 3653 μου,
1001 3566 1066 3634 ἀλλ’
1083 3568 1102 3653 ἢ
1115 3565 1162 3634 ὅτι
1176 3568 1278 3653 ἀνδρες
1289 3565 1390 3633 θανά-

137 3658 275 3741 έξεγεῖραι
287 3655 341 3720 τὸν
353 3653 435 3719 οἶκον
447 3657 504 3718 τοῦ
517 3652 671 3738 βασιλέως,
695 3656 746 3718 καί
780 3676 836 3716 του
861 3657 905 3735 τῷ
931 3679 967 3717 κυ
988 3659 1025 3735 ίῳ
1044 3677 1103 3734 μου
1121 3657 1166 3735 τῷ
1182 3650 1313 3737 βασιλεῖ,
1339 3652 1391 3715 καὶ

137 3744 194 3802 τοῦ
218 3742 343 3820 ποιησαι
367 3732 403 3800 τὸ
422 3732 508 3809 εῦθές
525 3739 557 3799 ἐν
574 3732 747 3821 ὀφθαλμοῖς
780 3738 892 3819 ε”θηκας
904 3734 957 3801 τὸν
967 3678 1075 3800 δοῦλόν
1089 3736 1259 3809 σουέντοῖς
1268 3738 1388 3799 ἐσθίου-

138 3818 242 3885 αὐτοῦ.
269 3820 321 3884 καί
338 3819 431 3902 Σεμεῒ
452 3817 517 3893 υίὸς
535 3818 624 3905 Γηρά
645 3824 746 3887 ἔπεσεν
781 3845 810 3884 σι
823 3817 878 3902 τὴν
895 3813 1045 3906 τράπεζάν
1063 3843 1128 3883 σου.
1154 3819 1205 3883 καί
1218 3823 1248 3883 τί
1266 3821 1326 3883 ε”στι
1338 3843 1389 3900 μοι

138 3905 187 3968 έπί
198 3898 361 3988 πρόςωπον
373 3900 468 3967 αὐτοῦ
482 3897 608 3966 ἐνώπιον
620 3908 678 3968 τοῦ
689 3909 747 3990 βα·
780 3905 823 3967 ἔτι
840 3905 1002 3986 δικαίωμα,
1027 3905 1079 3969 καί
1094 3908 1150 3970 τὀῦ
1168 3907 1338 3990 κεκραγέναι
1356 3928 1390 3985 με

138 3987 243 4060 σιλέως
262 3986 468 4071 διαβαίνοντος
484 3982 581 4050 αὐτοῦ
598 3983 652 4050 τὸν
665 3983 747 4070 Ἰορ·
780 3989 823 4050 ἔτι
843 3987 919 4074 πρὸς
941 3984 996 4053 τὸν
1012 3990 1136 4094 βασιλέα
1140 4018 1153 4069 ,·
1191 3991 1222 4055 22
1234 3989 1286 4052 καί
1311 3986 1391 4051 εἶπεν

137 4065 193 4136 δάν
214 4094 243 4144 ν,
267 4070 296 4111 22
309 4070 360 4132 καὶ
376 4067 437 4131 εἷπε
454 4065 531 4151 πρὸς
543 4067 597 4132 τὸν
609 4069 744 4154 βασιλέα.
780 4068 862 4155 αὐτῷ
875 4071 1047 4159 ὁβασιλευς.
1061 4076 1143 4138 ίνατί
1153 4071 1251 4142 λαλεῖς
1264 4073 1308 4130 ἔτι
1320 4068 1391 4140 τούς

136 4151 176 4238 μὴ
195 4096 232 4236 δη
250 4147 425 4227 λογισάσθω
448 4146 466 4213 5
484 4144 585 4232 κύριός
600 4176 657 4232 μου
674 4149 745 4219 ἀνο-
779 4149 886 4232 λόγσυς
903 4180 959 4221 σου
963 4182 977 4255 3·
1003 4154 1094 4219 εἶπον.
1121 4150 1159 4217 σὺ
1171 4147 1313 4231 καίΣιβά
1332 4147 1389 4210 διε-

136 4242 217 4317 μίαν,
243 4231 345 4317 καὶμὴ
361 4236 495 4336 μνησθῇς
508 4228 567 4297 ὅσα
580 4230 714 4340 ἠδίκησεν
726 4234 744 4302 5
778 4237 878 4304 λεῖσθε
890 4237 945 4316 τὸν
956 4231 1059 4321 αγρέν.
1082 4236 1114 4276 ³⁰
1126 4234 1178 4295 καὶ
1190 4229 1251 4294 εἶπε
1265 4236 1389 4312 Μεμφι-

137 4329 208 4395 παῖς
228 4344 282 4385 σου
297 4322 328 4384 έν
347 4321 385 4408 τῇ
403 4306 526 4408 ημέρηῇ
545 4313 677 4406 ὁκύριος
688 4348 745 4403 μου
777 4319 875 4409 βοσθέ
898 4316 976 4402 πρὸς
992 4314 1045 4380 τὸν
1064 4312 1198 4398 βασιλέα.
1230 4319 1282 4376 καί
1299 4341 1330 4391 γε
1348 4316 1388 4380 τά

136 4399 322 4490 ἐξεπορεύετο
337 4403 367 4479 ἐξ
380 4399 586 4486 Ἰερουσαλὴμ,
616 4409 673 4471 τοῦ
688 4408 744 4469 θέ-
777 4398 879 4469 πάντα
896 4398 1015 4481 λαβέτω
1027 4393 1101 4477 μετά
1117 4395 1151 4460 τὸ
1164 4402 1388 4483 παραγενέσθαι

137 4498 211 4569 σθαι
229 4486 281 4555 τὸν
293 4484 419 4574 βασιλέα
432 4489 470 4561 είς
484 4484 537 4569 τὴν
550 4489 674 4574 καρδίαν
687 4485 744 4553 αύ-
778 4484 832 4551 τὸν
847 4475 950 4567 κύριόν
962 4504 1021 4563 μου
1041 4478 1095 4544 τὸν
1106 4481 1232 4566 βασιλέα
1245 4487 1275 4548 ἒν
1288 4478 1389 4590 εἰρήνη

1348 4592 1388 4640 ἕῑῦ
