2924 4972
307 223 602 286 ΒΛΣῙΛΕΙΩΝ
621 225 782 284 remi
821 225 896 299 Κεφ.
910 215 949 284 δ’.
963 218 1037 286 M.
1051 224 1080 287 5.
1251 219 1318 290 345

70 342 165 424 χαίαν
186 329 372 420 ἀνθρώπων,
400 335 451 398 καί
469 330 545 418 ὑπὲρ
562 328 678 406 πάντας
711 358 753 396 σοι
768 330 834 395 ἀντί
847 337 902 396 σοῦ
918 334 967 396 ἰπὶ
980 329 1031 396 τὸν
1043 327 1155 414 θρόνον
1169 359 1234 408 σου,
1264 315 1318 398 ούῑ

71 423 232 505 φρονίμους
247 410 419 494 Αἰγύπτου.
458 417 483 458 ³¹
497 417 548 480 καί
572 417 678 493 ἐσοφί-
710 439 761 489 τος
774 409 958 498 οἰκοδομήσει
971 413 1026 478 τὸν
1037 415 1120 480 οίκον
1133 421 1176 498 τῷ
1189 411 1319 499 ὀνόματί

72 526 148 568 σατο
167 497 242 585 ῦπὲρ
265 496 380 572 πάντας
401 494 471 572 τούς
488 492 676 582 ἀνθρώπους.
708 522 774 579 μου.
807 497 886 560 θκαί
899 501 950 562 νῦν
964 499 1096 573 έντειλαι,
1108 501 1158 562 καί
1169 498 1317 582 κοψάτω-

72 589 123 649 καί
138 588 302 665 ἰσοφίοατο
321 577 396 666 ύπὲρ
408 580 531 645 Γαιθάν
547 577 601 645 τὸν
613 584 678 642 Ζα-
710 574 767 643 σάν
790 604 839 661 μοι
865 575 940 654 ξύλα
965 583 998 644 ἰκ
1016 586 1071 644 τοῦ
1088 577 1229 667 Λιβάνου.
1265 583 1317 648 καί

73 674 170 754 ρίτην,
196 669 249 731 καί
259 664 314 730 τὸν
326 663 440 737 Αἰνάν,
458 667 510 730 καί
522 660 575 727 τὸν
589 661 678 725 Χαλ-
711 658 777 726 ἰδού
795 666 827 727 οἰ
840 661 946 727 δοῦλοί
960 687 1018 746 μου
1034 662 1107 746 μετά
1125 669 1187 730 τῶν
1201 660 1316 729 δούλων

72 747 130 815 κάδ
153 752 205 814 καί
218 744 348 833 Δαράλα
365 743 447 820 υἱούς
463 742 551 810 Μάλ
584 745 615 787 ³²
627 745 678 808 καί
710 769 777 818 σου,
790 747 841 808 καί
855 745 906 808 τὸν
917 746 1027 825 μισθὸν
1040 746 1171 821 δουλείας
1184 771 1240 812 σου
1254 743 1314 812 δῶ-

72 829 194 917 ἐλοίλησε
203 826 360 913 Σαλωμῶν
370 829 526 936 τριςχιίίας
537 830 677 913 παραβο-
710 852 756 891 σω
769 852 814 890 σοι
827 825 905 891 κατά
918 823 1018 893 πάντα
1033 825 1091 894 ὅσα
1104 827 1140 894 ἀν
1153 831 1201 893 εἰπ
1222 855 1246 905 ς,
1268 827 1315 894 ὅτι

71 914 141 992 λάς,
166 902 308 998 καίήσαν
326 913 405 994 ῴδαι
421 910 678 985 αύτοῦπεντακις-
710 908 746 974 σύ
759 908 852 985 οἶδας,
866 907 913 973 ὅτι
926 908 981 974 ούκ
993 914 1072 976 ἔστιν
1085 909 1152 994 ήμΐν
1164 919 1188 977 ε’
1220 907 1312 990 ’ςξύ-

69 1000 170 1102 χίλιαι
188 998 274 1062 33ιιαί
286 996 408 1079 έλάλησε
421 993 495 1078 ῦπίρ
508 999 569 1058 τῶν
582 989 678 1068 ξύλων
709 992 750 1056 λα
767 989 884 1057 κόπτειν
898 991 1002 1067 καθὼς
1024 999 1054 1059 σί
1066 993 1211 1060 Σιδώνιοι.
1238 998 1250 1038 ⁷
1263 997 1315 1060 καί

72 1078 136 1147 απὸ
161 1083 213 1165 τῆς
238 1081 345 1165 κέδρου
363 1083 416 1161 τῆς
433 1080 463 1141 ἰν
479 1081 524 1159 τῷ
542 1071 678 1160 Λιβάνῳ,
710 1072 835 1158 ἐγενήθη
847 1073 951 1149 καθώς
966 1075 1179 1160 ήκουσεΧιράμ
1190 1082 1249 1142 τῶν
1260 1073 1313 1142 λά-

71 1168 122 1230 καί
134 1167 189 1239 ἕως
201 1167 253 1247 τῆς
266 1156 409 1228 ῦσσιύπου
420 1165 473 1243 τῆς
485 1159 679 1242 ίκπορευομέ-
708 1183 771 1235 γων
781 1156 953 1238 Σαλωμών,
965 1156 1055 1263 ἐχάρη
1068 1156 1193 1262 σφόδρα,
1210 1163 1262 1225 καί
1273 1159 1314 1225 εἰ·

70 1273 123 1331 νης
139 1246 189 1311 διά
201 1250 260 1309 τοῦ
271 1251 384 1328 τοίχου.
410 1244 462 1306 καί
476 1237 600 1322 ἰλάλησε
610 1240 680 1326 περί
708 1265 772 1305 πεν.
800 1239 957 1324 εὐλογητὸς
984 1268 1001 1305 ο
1027 1240 1098 1316 θεὸς
1114 1267 1254 1329 σημιρον,
1281 1239 1315 1320 ὃς

70 1334 134 1393 τῶν
159 1332 273 1408 κτηνῶν
294 1329 346 1391 καί
370 1325 439 1406 περί
464 1325 523 1387 τῶν
546 1325 679 1386 πετεινῶν
711 1324 800 1387 έδωκε
811 1327 857 1406 τῴ
865 1326 963 1388 Δαυίδ
974 1322 1038 1390 υἱὸν
1050 1320 1192 1410 φρόνιμον
1203 1327 1253 1390 ἐπὶ
1263 1324 1315 1391 τὸν

73 1411 126 1474 καί
148 1410 218 1493 περί
242 1411 304 1472 τῶν
321 1409 453 1492 ἑρπετῶν
470 1406 521 1469 καί
538 1407 679 1490 περὶτῶν
710 1404 786 1470 λαὸν
804 1406 856 1471 τὸν
873 1406 970 1472 πολύν
987 1412 1103 1474 τοῦτον.
1141 1410 1221 1475 8καί
1237 1406 1314 1474 ἀπέ-

74 1488 198 1577 ἰχθύων.
221 1489 253 1531 ¹¹
263 1491 314 1554 καί
326 1494 521 1575 παρεγίνοντο
530 1483 636 1563 πάντες
648 1490 679 1552 οἰ
710 1488 800 1554 στειλι
811 1487 888 1575 πρὸς
899 1490 1066 1572 Σαλωμῶν,
1079 1490 1181 1571 λέγων.
1196 1489 1314 1575 ἀκήκοα

72 1576 160 1651 λαοί,
185 1571 311 1638 ἀκοῦσαι
328 1577 381 1657 τῆς
394 1577 501 1652 σοφίας
511 1565 676 1654 Σαλωμοίν.
709 1573 776 1678 περί
788 1567 909 1637 πάντων
920 1565 964 1639 ῶν
976 1572 1162 1652 ἀπέσταλκας
1179 1575 1256 1662 πρὸς
1263 1577 1311 1678 χιί

73 1659 127 1722 καί
144 1653 229 1742 παρά
246 1650 367 1721 πάντων
385 1659 445 1720 τῶν
462 1652 609 1740 βουλέων
624 1657 677 1736 τῆς
710 1658 768 1731 ἐγω
792 1653 909 1740 ποιήσω
927 1662 988 1722 πᾶν
1004 1655 1122 1782 θέλημά
1141 1684 1206 1723 σου.
1237 1659 1313 1732 ξυλα

71 1745 141 1825 γῆς,
167 1735 232 1805 ὅσοι
249 1737 358 1824 ήκουον
373 1743 426 1821 τῆς
442 1742 550 1816 σοφίας
571 1733 676 1801 αὐτοῦ.
709 1739 826 1823 κέδρινα
842 1743 892 1804 καί
908 1738 1031 1806 πεύκινα
1097 1742 1128 1804 οἰ
1140 1741 1245 1804 δοῦλοί
1254 1766 1312 1823 μου

72 1827 126 1889 καί
150 1822 241 1909 ἰλαβε
264 1821 422 1904 Σαλωμοίν
443 1819 497 1904 τήν
521 1822 677 1905 θυγατέρα
709 1819 885 1898 κατάξουσιν
904 1820 981 1885 αὐτά
998 1825 1030 1886 ἐκ
1048 1825 1104 1886 τοῦ
1118 1818 1255 1907 Λιβάνου
1271 1828 1312 1900 εἰς

74 1905 190 1994 Φαραῶ
203 1903 288 1989 αύτῷ
299 1909 339 1979 εἰς
349 1914 485 1984 γυναῖκα,
500 1904 552 1968 καί
563 1898 674 1987 εἰςήγα-
709 1905 762 1986 τήν
771 1901 941 1981 θάλασσαν,
950 1902 1008 1982 έγῶ
1017 1900 1152 2010 θήσομαι
1161 1902 1241 1971 αῦτά
1287 1931 1312 1972 ε·

70 2014 117 2069 γεν
138 1985 235 2073 αύτήν
260 1993 299 2063 εἰς
323 1988 378 2071 τήν
393 1983 483 2053 πόλιν
500 1987 598 2052 Δαυίδ
622 1989 677 2059 ἕως
709 1989 783 2064 δίας,
794 1993 848 2064 έίυς
858 1993 911 2053 τοῦ
922 1983 1018 2053 τόπου
1027 2014 1064 2052 ου
1075 1990 1128 2052 έαν
1136 1985 1249 2052 ἀποοτε
1278 2015 1312 2080 ης

72 2071 238 2138 συντελέσαι
251 2069 344 2136 αὐτὸν
352 2068 405 2136 τὸν
414 2069 498 2135 οἰκον
505 2075 616 2155 κυρίου,
626 2068 678 2132 καί
708 2070 784 2155 πρὸς
800 2071 850 2153 μὲ,
877 2073 927 2134 καί
940 2073 1081 2145 ἒκτινάξω
1099 2067 1179 2137 αύτά
1193 2074 1253 2135 ἐκεῖ
1262 2074 1313 2137 καί

72 2155 125 2220 τὸν
134 2153 219 2221 οίκον
227 2157 348 2227 ἑαυτοῦ,
361 2155 412 2218 καί
423 2149 458 2217 τὸ
468 2164 559 2257 τεῖχος
567 2148 606 2216 ‘le
625 2177 676 2216 ου-
709 2154 744 2219 σύ
759 2152 844 2236 ἀρεῖς.
861 2155 912 2215 καί
925 2147 1052 2234 ποιήσεις
1065 2151 1102 2216 τὸ
1115 2149 1231 2236 θέλημά
1243 2179 1312 2237 μου,

72 2235 178 2342 σαλήχι.
217 2234 286 2303 τότε
303 2234 393 2324 ἀνέβη
411 2240 528 2321 Φαραω
543 2178 677 2322 βασιλεὺς
708 2241 763 2302 τοῦ
776 2240 876 2300 δοῦναι
890 2233 1000 2319 ἀρτους
1013 2239 1056 2318 τῷ
1070 2236 1141 2320 οἴκῳ
1149 2262 1214 2318 μου.
1227 2239 1313 2302 1υκαί

71 2325 247 2400 Αἰγυπτου,
281 2321 334 2385 καί
357 2315 599 2405 προκατελάβετο
623 2316 676 2420 τήν
710 2311 1018 2404 ήνΧιράμδιδούςτῶ
1026 2319 1312 2405 Σαλωμώνκέδρους

70 2405 186 2489 Γαζὶρ,
198 2405 251 2468 καί
268 2400 433 2488 ἐνεπύρισεν
445 2400 548 2485 αύτήν,
562 2402 613 2465 καί
624 2425 677 2465 τον
708 2405 760 2468 καί
785 2403 893 2476 πεύκας
918 2402 969 2465 καί
992 2407 1054 2467 πᾶν
1070 2404 1188 2486 θέλημα
1206 2403 1311 2468 αὐτοῦ.

74 2492 250 2568 Χανανίτην
265 2483 318 2549 τὸν
334 2489 530 2552 κατοικοῦντα
547 2489 578 2548 έν
588 2491 676 2568 Μερ-
708 2491 733 2527 ¹¹
746 2488 797 2549 καί
807 2482 962 2566 Σαλωμῶν
980 2485 1068 2548 ἔδωκε
1084 2491 1128 2568 τῷ
1147 2486 1251 2570 Χιράμ
1271 2486 1312 2549 εἰ·

71 2564 139 2654 γάβ.
166 2570 218 2632 καί
235 2568 339 2632 ἔδωκεν
357 2566 448 2645 αύτάς
464 2565 581 2653 Φαραώ
595 2565 676 2630 ἀπο-
709 2595 775 2633 κοσι
792 2563 923 2653 χιλιάδας
936 2563 1044 2651 κόρους
1061 2572 1158 2650 πυροῦ
1184 2570 1235 2631 καί
1252 2594 1312 2650 μα-

73 2646 185 2726 στολάς
195 2661 296 2728 θυγατ
314 2649 429 2718 ἰαῦτοῦ
442 2655 555 2730 γυναικὶ
565 2649 675 2713 Σαλω-
708 2654 767 2738 χείρ
780 2656 823 2735 τῷ
837 2653 909 2735 οἴκῳ
925 2648 1035 2727 αὐτοῦ,
1053 2654 1103 2715 καί
1117 2653 1207 2714 εἰκοσι
1217 2646 1313 2736 χιλιά-

71 2735 150 2819 μῶν,
176 2736 226 2799 καί
248 2741 297 2799 Σα
339 2734 403 2819 μοίν
427 2731 599 2820 ᾠκοδόμησε
624 2729 677 2816 τήν
709 2738 762 2811 δας
792 2737 869 2821 βαίθ
894 2733 994 2799 ἐλαίου
1020 2738 1205 2817 κεκομμένου.
1233 2733 1311 2798 κατά

70 2820 178 2906 Γαζέρ.
709 2825 800 2885 τοῦτο
811 2820 907 2885 ἐδίδου
915 2818 1071 2901 Σαλωμών
1080 2823 1122 2900 τῷ
1133 2818 1237 2903 Χιράμ
1246 2815 1309 2882 κατ’

266 2908 341 2968 ΚΕ
354 2908 392 2969 Φ.
436 2900 487 2968 Ε’.
709 2903 854 2967 ἐνιαυτόν.
880 2903 972 2966 12καί
987 2898 1085 2985 κύριος
1098 2902 1187 2965 ε”διοκε
1201 2907 1313 3002 σοφίαν

67 2952 154 3051 Καί
172 2982 323 3052 ἀπέστειλε
341 2985 447 3072 Χιράμ
463 2984 597 3072 βασιλεῦς
614 2978 675 3053 Τύ·
707 2991 752 3069 τῷ
766 2982 924 3067 Σαλωμών
943 2983 1046 3057 καθὼς
1063 2980 1200 3066 ἐλάλησεν
1217 2987 1311 3066 αυτῷ.

69 3096 124 3151 ρου
149 3069 221 3144 τούς
245 3072 357 3144 παῖδας
383 3068 478 3134 αὐτοῦ
502 3078 603 3156 χρίσαι
620 3069 676 3136 τὸν
708 3071 758 3134 καί
785 3069 822 3152 ήν
847 3062 945 3151 εἰρήνη
971 3064 1117 3148 ἀναμέοον
1136 3063 1241 3154 Χιράμ
1262 3069 1313 3130 καί

69 3152 226 3256 Σολομὼν
238 3153 306 3219 ἀντὶ
317 3156 414 3219 Δαυίδ
424 3158 480 3218 τοῦ
492 3154 609 3241 πατρὸς
619 3152 676 3219 αῦ-
708 3153 854 3235 ἀναμέσον
862 3148 1027 3231 Σαλωμιύν,
1041 3152 1092 3213 καί
1103 3151 1235 3215 διέθεντο
1246 3151 1313 3214 δια-

69 3243 134 3312 τοῦ,
147 3238 194 3300 ὁτι
207 3236 335 3314 ἀγαπῶν
346 3228 382 3320 ἦν
395 3237 501 3323 Χιράμ
514 3237 568 3303 τὸν
580 3237 679 3302 Λαυίδ
706 3232 803 3320 θήκην
816 3233 964 3318 ἀναμέσων
978 3230 1087 3296 αὐτῶν.
1101 3235 1183 3297 13ιιαί
1192 3230 1312 3316 ἀνήνεγ-

69 3319 169 3394 πάσας
191 3319 246 3393 τάς
263 3317 381 3402 ἡμέρας.
419 3322 499 3384 2ιιαί
524 3318 677 3385 ἀπέστειλε
707 3344 754 3384 κεν
781 3316 949 3405 ὁβαοιλεὺς
968 3311 1062 3397 φόρον
1079 3319 1111 3379 έκ
1123 3315 1237 3390 παντὸς
1252 3313 1312 3379 Ἰσ-

69 3398 231 3481 Σαλωμῶν
247 3399 325 3482 πρὸς
339 3399 457 3483 Χιράμ,
483 3401 584 3475 λέγων.
610 3400 676 3466 3σιί
727 3401 800 3485 αήλ,
824 3404 876 3468 καί
894 3389 930 3484 ἦν
949 3396 967 3463 ὁ
986 3395 1079 3483 φόρος
1095 3392 1253 3481 τριάκοντα
1268 3422 1312 3481 χι-

70 3483 157 3554 σίδας
169 3477 222 3543 τὸν
233 3483 350 3560 πατέρα
361 3506 418 3562 μου
432 3483 540 3555 Ααυίδ,
563 3479 608 3546 ὅτι
622 3481 677 3548 οῦκ
708 3428 940 3568 λιάδεςάνδρῶν.
972 3482 1001 3524 ¹⁴
1014 3484 1064 3546 καὶ
1077 3479 1243 3546 ἀπέστειλεν
1256 3478 1312 3544 αῦ-

70 3561 203 3650 ήδύνατο
230 3564 424 3646 οἰκοδομῆσαι
449 3562 532 3627 οἰκον
547 3569 590 3648 τῷ
607 3560 678 3630 ὀνά-
709 3567 779 3642 τούς
791 3572 829 3642 εἰς
841 3564 892 3632 τὸν
902 3571 1046 3653 Λίβανον,
1059 3565 1132 3629 δέκα
1144 3559 1268 3647 χιλιάδες
1283 3566 1314 3626 έν

69 3674 142 3731 ματι
162 3650 265 3792 κυρίου
276 3651 353 3709 θεοῦ
365 3671 422 3727 μου
439 3644 504 3710 ἀπὸ
516 3642 679 3729 προςῶπου
709 3655 753 3731 τῷ
765 3645 1069 3731 μηνίἀλλασσάμενοι.
1105 3653 1181 3731 μῆνα
1195 3634 1314 3731 ήσανίν

72 3737 133 3796 τῶν
155 3755 197 3794 πο
219 3731 298 3812 ἐμων
313 3736 374 3793 τῶν
392 3724 608 3793 κυκλωσάντων
624 3724 680 3791 αῦ-
710 3735 753 3812 τῷ
764 3730 897 3814 Λιβάνῳ,
910 3734 961 3796 καί
969 3728 1023 3796 δύο
1032 3737 1123 3813 μῆνας
1133 3735 1164 3796 έν
1175 3732 1247 3813 οἴκῳ
1257 3727 1313 3795 αύ-

72 3812 140 3889 τὸν,
167 3818 222 3887 ἕως
246 3818 302 3886 τοῦ
328 3814 431 3878 δοῦναι
448 3807 550 3916 κύριον
569 3808 679 3885 αύτούς
712 3816 781 3876 τῶν.
806 3815 857 3876 καί
877 3812 1042 3962 ’Λδωνιράμ
1067 3818 1116 3878 έπί
1134 3819 1190 3879 τοῦ
1207 3810 1311 3916 φόρου.

550 3899 563 3913 V

74 3893 131 3962 ῦπό
144 3894 184 3960 τά
199 3897 261 3980 ἴχνη
274 3901 334 3961 τῶν
347 3898 451 3961 ποδῶν
465 3920 571 3962 αυτου.
599 3894 679 3958 4ιιαί
710 3897 737 3939 ¹⁵
752 3896 802 3959 καί
821 3885 858 3980 ήν
873 3900 918 3978 τῷ
935 3905 985 3961 Σα
1005 3896 1093 3979 ωμῶν
1111 3898 1313 3982 ἑβδομήκοντα

73 3985 121 4044 νῦν
137 3977 284 4045 ἀνέπαυσε
303 3976 405 4088 κύριος
418 3978 435 4045 ὃ
449 3977 521 4053 θεός
538 4005 595 4062 μου
612 3980 678 4063 ἐμοὶ
707 3976 831 4067 χιλιάδες
843 3979 972 4065 αἴροντες
985 3979 1079 4064 ἀρσιν,
1090 3982 1141 4042 καί
1154 3975 1313 4059 ὀγδοήκον-

73 4061 228 4139 κυκλόθεν,
259 4060 314 4128 οῦκ
340 4068 420 4129 έστιν
444 4065 602 4150 ἐπίβουλος
626 4064 678 4128 καί
708 4091 748 4130 τα
758 4060 882 4150 χιλιάδες
893 4060 1033 4145 λατόμων
1041 4066 1072 4126 έν
1081 4065 1125 4144 τῷ
1138 4059 1208 4147 ὄρει,
1221 4063 1314 4147 1ἰχῶ-

74 4143 128 4210 σῦκ
147 4148 227 4211 έστιν
243 4142 405 4231 ἁμάρτημα
423 4142 561 4232 πονηρόν.
599 4146 678 4210 6καί
708 4150 753 4232 ρίς
771 4153 831 4212 τῶν
848 4145 1000 4232 ἀρχόντων
1017 4149 1078 4208 τῶν
1088 4147 1314 4228 καθεσταμένων

74 4227 138 4293 ἰδού
154 4224 214 4307 ἰγῶ
228 4228 306 4306 λέγω
319 4231 511 4314 οἰκοδομήσω
530 4229 614 4295 οἰκον
631 4233 675 4310 τῷ
708 4233 758 4294 ἰπί
781 4236 842 4294 τῶν
864 4234 960 4313 ἔργων
977 4231 1021 4310 τῷ
1039 4224 1210 4308 Σαλωμών,
1237 4238 1313 4311 τρεῖς

73 4309 193 4394 ὀνόματι
204 4319 310 4398 κυρίου
323 4317 398 4378 θεοῦ
408 4340 475 4395 μου,
488 4312 593 4388 καθῶς
606 4310 676 4398 ἰλά-
706 4308 830 4395 χιλιάδες
854 4314 907 4376 καί
933 4303 1083 4389 ἑξακόσιοι
1107 4304 1265 4374 ἐπιστάται
1284 4313 1316 4373 οἰ

73 4393 139 4477 λησε
163 4392 263 4479 κύριος
287 4392 305 4459 ὁ
330 4395 401 4471 θεὸς
418 4395 493 4479 πρὸς
512 4397 610 4459 Λαυίδ
625 4391 677 4458 τὸν
707 4399 859 4469 ποιοῦντες
877 4391 917 4458 τά
933 4397 1014 4478 ἔργα.
1041 4393 1069 4434 ¹⁸
1082 4394 1132 4455 καί
1150 4387 1316 4472 ήτοίμασαν

74 4482 188 4564 πατέρα
199 4503 269 4561 μου,
282 4477 383 4554 λέγων.
397 4475 414 4543 ὅ
428 4475 491 4554 οἰός
503 4503 556 4542 σου
569 4474 604 4541 ὃν
617 4470 677 4540 δῶ-
708 4473 778 4552 τούς
791 4478 900 4551 λίθους
916 4479 967 4542 καί
979 4473 1019 4540 τά
1031 4471 1106 4549 ξύλα
1120 4479 1189 4557 τρία
1201 4476 1272 4616 ἔτερ(
