2924 4972
259 214 549 280 σΑΣιΛτιοιν
575 212 809 319 mmm
846 217 922 294 τοο.
936 211 1024 288 εἰτ’.
1037 210 1066 276 6.
1080 214 1110 279 7.
1245 213 1306 280 381

67 333 197 402 ἐνῶπιον
220 332 322 400 αύτῶν
346 338 398 400 καί
423 337 602 415 φαγέτωσαν
620 336 672 398 καὶ
703 330 884 399 κατόπισθεν
901 333 998 398 αὐτοῦ
1004 363 1015 411 ,·
1041 335 1070 376 ³⁵
1083 336 1126 397 ἔτι
1143 331 1239 397 αὐτοῦ
1254 333 1309 398 λα-

67 424 225 493 πιέτωοαν,
238 421 290 483 καὶ
302 417 519 483 ἀπελθέτωοαν
530 416 607 501 πρὸς
619 415 672 480 τὸν
703 417 825 492 λοῦντος
836 416 894 501 μετ’
911 414 1027 492 αὐτῶν,
1044 417 1097 481 καί
1111 412 1175 481 ἰδού
1188 416 1309 494 ἅγγελος

68 499 168 586 κύριον
185 499 294 566 αὐτῶν.
321 503 350 544 ²³
363 503 414 566 καί
430 503 598 585 παρέθηκεν
614 497 669 563 αύ-
703 504 812 584 κατεβη
837 497 913 584 πρὸς
938 497 1033 564 αύτόν
1056 501 1108 562 καὶ
1127 497 1211 564 εἶπεν.
1243 498 1307 564 ἰδοὺ

67 597 132 660 τοῖς
147 581 318 671 παράθεσιν
341 580 471 666 μεγάλην
492 585 544 648 καί
560 587 672 664 ἔφαγον
704 579 779 665 αύτη
801 581 819 666 ἢ
838 588 927 647 κακία
944 582 1029 666 παρὰ
1043 589 1160 666 κυρίου,
1186 586 1216 646 τί
1233 579 1308 648 {mo-

68 671 119 734 καί
130 672 222 733 ἔπιον.
245 671 297 733 καί
308 665 473 733 ἀπέστειλεν
485 663 606 741 αὐτούς,
619 667 671 730 καί
701 671 788 745 μείνω
800 670 845 750 τῷ
858 672 949 746 κυρίῳ
962 669 1005 728 ἔτι
1010 694 1021 742 ,·

67 751 209 835 ἀπῆλθον
221 749 297 836 πρὸς
310 748 363 815 τόν
375 745 475 835 κύριον
486 747 594 814 αὐτῶν.
619 750 670 812 καί
897 753 931 811 K
942 753 972 809 E
985 753 1022 810 ‹1›.
1065 743 1115 811 Z'.

67 833 103 899 οδ
118 837 300 914 προςέθεντο
317 839 361 898 ἔτι
378 828 539 915 μονόζωνοι
556 837 671 936 Συρίας
702 797 787 896 Καί
807 829 883 894 εἶπεν
901 826 1039 894 Ἔλισαιέ.
1073 829 1201 895 ἀκουσον
1217 826 1308 908 λόγον

65 922 119 982 τοῦ
133 918 233 982 ἐλθεῖν
245 921 284 992 είς
295 922 351 1001 γῆν
362 915 491 999 Ἰσραήλ
504 915 593 978 24καὶ
605 916 670 991 εγέ-
701 914 889 1001 κυρίου,τα’δε
899 913 973 989 λέγει
983 909 1091 996 κύριος.
1101 911 1141 988 ῶς
1150 910 1168 996 η
1178 908 1243 999 ῶρα
1253 910 1308 977 αύ-

65 1025 132 1066 νετο
150 996 225 1082 μετὰ
238 1005 349 1075 ταῦτα,
377 1000 427 1062 καί
449 997 590 1082 ἤθροισεν
608 994 671 1071 υίὸς
701 1023 748 1081 τη,
769 996 873 1082 αὔριον
884 999 992 1079 μέτρον
1010 992 1182 1076 σεμιδάλεως
1195 995 1307 1072 σίκλου,

62 1082 146 1166 Ἄδερ
154 1081 409 1168 βασιλεὺςΣυρίας
417 1085 518 1145 πᾶσαν
526 1078 579 1162 τὴν
588 1103 668 1162 παρ-
702 1083 754 1145 καί
770 1081 907 1165 δίμετρον
929 1081 1042 1162 κριθῶν
1068 1079 1169 1142 σίκλου
1194 1081 1225 1142 έν
1240 1089 1307 1177 ταῖς

66 1165 190 1268 εμβολην
203 1163 316 1239 αὐτοῦ,
333 1165 386 1228 καί
397 1160 497 1248 ἀνεβη,
512 1164 564 1226 καί
576 1185 671 1246 περιε-
701 1160 809 1237 πύλαις
820 1167 1001 1246 Σαμαρείας.
1027 1163 1042 1202 ²
1056 1163 1106 1224 καί
1125 1158 1273 1244 ἀπεκρίθη
1286 1187 1305 1226 ο

66 1259 172 1312 καθιοε
187 1250 237 1311 ἐπί
247 1242 426 1326 Σαμάρειαν.
452 1246 481 1287 ²⁵
495 1246 547 1309 καί
558 1247 670 1320 ἐγένετο
703 1239 1308 1330 τριστάτηςέφ’όνὸβασιλεύςέπανεπαύε·

69 1329 151 1410 λιμὸς
175 1332 265 1407 μέγας
288 1331 318 1392 ῖν
333 1332 501 1428 Σαμαρείᾳ.
537 1328 590 1390 καί
607 1324 670 1390 ἰδού
702 1353 739 1393 το
757 1329 807 1392 ἐπί
821 1325 874 1411 τὴν
908 1338 973 1408 εῖρα
991 1325 1084 1393 αὐτοῦ
1102 1332 1146 1389 τῶ
1167 1322 1307 1403 Ἓλισαιί,

68 1406 284 1514 περιεκάθηντο
295 1406 339 1473 ἐπ’
352 1407 446 1490 αυτὴν
458 1413 513 1484 ἕως
524 1399 561 1473 ού
574 1403 671 1492 ἐγενη-
703 1412 754 1474 καί
771 1408 857 1474 εἶπεν.
885 1353 950 1474 ίδοὺ
967 1404 1081 1512 ποιησει
1098 1391 1198 1494 κύριος
1211 1433 1308 1472 κατα-

68 1504 112 1577 θη
122 1491 234 1574 κεφαλη
247 1489 317 1556 ὄνου
329 1486 509 1574 πεντήκοντα
520 1488 671 1576 ἀργυρίου,
703 1490 815 1579 ράκτας
832 1497 862 1558 ἰν
874 1491 1007 1576 οὐρανῷ,
1029 1519 1071 1594 μη
1084 1494 1166 1558 ε”σται
1179 1489 1213 1556 τό
1227 1496 1308 1594 ρημα

68 1579 121 1642 καὶ
133 1578 276 1658 τέταρτον
288 1579 342 1639 τοῦ
355 1571 450 1661 κάβου
462 1571 577 1659 κόπρου
589 1599 671 1659 περι-
703 1581 812 1655 τοῦτος
839 1576 890 1640 καί
907 1574 1037 1640 Ἕλιοαιε
1061 1573 1148 1642 εἶπεν.
1185 1575 1249 1639 ίδου
1270 1573 1306 1639 σὺ

70 1662 179 1742 πτερῶν
196 1662 281 1724 πέντε
299 1655 451 1743 ἀργυρίου.
489 1658 520 1700 ²⁰
531 1659 583 1721 καί
599 1644 635 1740 ἦν
652 1655 670 1722 ὁ
703 1658 774 1763 δηιει
786 1671 849 1735 τοῖς
861 1655 1033 1742 ὀφθαλμοῖς
1045 1683 1115 1735 σου,
1134 1659 1186 1721 καί
1198 1661 1308 1759 ἐκεῖθεν

67 1740 205 1828 βασιλεὺς
227 1739 348 1826 Ἰσραὴλ
363 1734 605 1843 διαπορευόμενος
623 1742 672 1805 ἐπὶ
703 1768 739 1806 ου
752 1738 843 1836 ιράγη.
868 1741 946 1806 3καί
962 1744 1102 1825 τέσσαρες
1119 1739 1218 1825 ἀνδρες
1231 1765 1307 1821 ησαν

67 1830 126 1890 τοῦ
139 1830 256 1909 τείχους.
270 1825 321 1888 καί
331 1820 403 1908 γυνη
417 1827 519 1928 ίβοησε
529 1820 606 1908 πρὸς
616 1821 673 1887 αὖ·
703 1824 806 1911 λεπροὶ
821 1820 906 1929 παρά
923 1821 977 1906 τὴν
993 1819 1093 1908 θύραν
1113 1827 1164 1897 fc
1179 1819 1306 1898 πόλεως,

67 1908 134 1982 τόν,
160 1908 298 1985 λέγουσα.
324 1911 423 1972 σῶσον
444 1932 524 1993 κυριε
539 1906 671 1994 βασιλεῦ.
702 1911 753 1974 καί
768 1908 848 1975 εἶπεν
865 1905 939 1992 ανηρ
959 1904 1036 1988 πρὸς
1047 1905 1101 1969 τὸν
1112 1850 1238 1988 πλησίον
1251 1903 1308 1969 αύ-

67 1994 97 2034 ²⁷
106 1993 157 2055 καί
168 1989 246 2055 εἶπεν
258 1988 344 2086 αὐτῇ.
357 1989 398 2074 μη
413 1988 446 2056 σὲ
456 1986 551 2056 σῶσαι
560 1986 671 2075 κύριος.
702 1996 766 2057 τοῦ.
780 1998 812 2057 τί
825 1986 905 2075 ἡμεῖς
917 1987 1082 2094 καθημεθα
1092 1981 1149 2053 ῶδε
1161 1994 1216 2062 ἕως
1229 1986 1307 2052 ἀπο-

67 2069 161 2138 πόθεν
186 2070 275 2138 σῶσω
300 2098 346 2148 σε,
370 2071 411 2156 μη
436 2071 501 2139 ἀπὸ
520 2069 670 2156 ἀλωνοςῆ
702 2071 854 2157 θάνωμενς
879 2070 961 2138 4ἐάν
975 2096 1113 2154 ειπωμεν,
1135 2070 1307 2152 εῖςέλθωμεν

69 2155 131 2220 ἀπό
144 2157 234 2240 ληνοῦ
238 2185 250 2234 ,·
269 2157 299 2200 ²⁸
313 2158 363 2221 καί
375 2156 452 2221 εἶπεν
465 2155 543 2249 αὐτῇ
555 2153 572 2220 ὁ
584 2161 671 2242 βασι·
702 2162 742 2234 είς
753 2158 809 2261 την
820 2151 918 2230 πόλιν,
936 2156 988 2220 καί
1000 2152 1018 2219 ὁ
1030 2153 1111 2236 λιμὸς
1124 2157 1154 2219 ἐν
1166 2158 1204 2235 τῆ
1220 2153 1308 2218 πόλει

68 2235 141 2313 λιύς.
174 2245 205 2303 τί
221 2243 284 2303 ἔστι
303 2264 348 2302 σοι
353 2267 365 2316 ,·
390 2241 442 2303 καὶ
458 2238 536 2303 εἶπεν
554 2236 573 2320 ἢ
590 2234 671 2322 γυνή.
704 2244 756 2307 καί
767 2235 1010 2322 αποθανούμεθα
1023 2241 1087 2302 ἐκεῖ.
1102 2238 1152 2300 καί
1164 2225 1216 2300 ἐάν
1228 2245 1307 2301 καθ-

68 2319 145 2403 αίίτη
158 2319 234 2385 εἶπεν
245 2317 322 2406 πρός
333 2319 383 2401 μὲ,
408 2320 460 2396 δὸς
472 2319 525 2385 τὸν
538 2316 603 2388 υῖόν
616 2346 672 2387 σου
705 2330 810 2407 ίσωμεν
822 2314 896 2397 ῶδε,
917 2322 968 2386 καί
978 2314 1230 2401 ἀποθανούμεθα.
1256 2318 1308 2383 καί

67 2406 119 2468 καί
129 2398 289 2484 φαγόμεθα
302 2401 397 2467 αὐτὸν
410 2401 545 2487 σήμερον.
557 2402 673 2469 καὶτὸν
703 2411 755 2471 νύν
766 2408 856 2483 δεῦτε,
869 2406 921 2470 καί
932 2407 1098 2486 ἐμπέσωμεν
1111 2406 1149 2477 είς
1163 2401 1214 2484 την
1227 2427 1308 2485 παρ-

69 2481 134 2548 υίόν
158 2509 215 2563 μου
242 2479 403 2564 φαγόμεθα
434 2482 528 2547 αὐτὸν
558 2482 672 2566 αὔριον.
705 2485 830 2590 εμβολην
855 2493 977 2571 Συρίας.
1007 2482 1058 2550 ε’ἀν
1083 2480 1307 2567 ζωογονησωσιν

69 2567 100 2608 ²⁹
114 2567 166 2628 καὶ
193 2560 350 2645 ἦψηοαμεν
376 2561 430 2627 τόν
454 2562 520 2629 οἶόν
543 2590 599 2665 μου
624 2568 675 2630 καί
705 2575 798 2654 ημᾶς,
823 2571 874 2633 καί
892 2565 1050 2650 ζησόμεθα.
1077 2570 1128 2632 καὶ
1146 2565 1306 2632 ε’ἀνθανα-

70 2642 217 2730 ἐφάγομεν
229 2644 331 2720 αὐτὸν,
345 2648 395 2709 καί
405 2644 487 2711 εἷπον
495 2671 573 2729 προς
583 2645 675 2732 αὐτην
705 2648 841 2717 τῶσωσιν
866 2647 956 2734 ἡμᾶς,
981 2652 1032 2714 καί
1056 2646 1305 2730 ἀποθανούμεθα.

67 2735 106 2822 τῇ
120 2726 218 2815 ἡμέρη
231 2733 269 2820 τῇ
280 2729 409 2813 δευτέρη.
423 2728 474 2804 δὸς
487 2728 539 2793 τὸν
551 2726 614 2793 υἱόν
623 2757 675 2796 σου
707 2737 776 2799 5καὶ
788 2732 953 2816 ἀνέστησαν
966 2735 995 2796 ἐν
1008 2738 1050 2816 τῷ
1065 2731 1159 2798 σκότει
1173 2732 1307 2816 εἷςελθεῖν

66 2814 118 2877 καὶ
132 2808 271 2893 φάγωμεν
286 2810 393 2888 αὐτόν,
418 2814 468 2878 καί
481 2814 606 2897 ἔκρυψεν
618 2813 673 2879 τόν
705 2823 743 2893 εἰς
756 2815 809 2902 την
820 2815 1008 2903 παρεμβολὴν
1017 2823 1137 2899 Συρίας.
1152 2819 1202 2881 καί
1213 2817 1307 2898 ἦλθον

67 2893 132 2960 υἱὸν
144 2894 246 2978 αὐτῆς.
265 2898 296 2938 ³⁰
308 2898 358 2960 καί
369 2898 480 2973 ἐγένετο
495 2893 535 2970 ῶς
548 2897 672 2979 ἤκουσεν
705 2907 742 2977 εἰς
754 2903 844 2986 μέρος
855 2901 1039 2986 παρεμβολῆς
1048 2907 1168 2983 Συρίας,
1182 2902 1232 2962 καί
1243 2896 1307 2962 ἰδού

64 2976 82 3044 ὁ
107 2978 244 3064 βασιλεὺς
265 2975 386 3084 Ἰσραὴλ
408 2979 477 3054 τούς
494 2977 603 3056 λόγους
620 2986 670 3064 τῆς
705 2983 761 3049 οὐκ
774 2988 852 3050 ἔστιν
865 2982 937 3068 ἀνὴρ
948 2989 1012 3049 ἐκεῖ.
1027 2985 1096 3046 ὃκαὶ
1105 2983 1204 3063 κύριος
1215 2979 1307 3045 ἀκου-

65 3059 218 3139 γυναικός,
243 3062 366 3147 διέρρηξε
382 3059 421 3127 τά
441 3058 543 3144 ῖμάτια
563 3090 669 3141 αυτου,
704 3092 775 3146 στην
791 3093 908 3151 εποιησε
923 3064 1108 3153 παρεμβολὴν
1126 3063 1180 3147 τὴν
1195 3069 1307 3149 Συρίας

64 3148 115 3210 καί
127 3143 219 3218 αὐτός
232 3141 411 3229 διεπορεύετο
423 3148 472 3210 ἐπὶ
482 3152 539 3211 τοῦ
549 3155 668 3232 τείχους,
702 3148 802 3235 ρωνην
814 3148 947 3236 ἅρματος
958 3155 1009 3216 καί
1022 3146 1123 3232 ρωνην
1134 3154 1231 3213 ’ίππου
1241 3172 1304 3227 φω-

65 3231 116 3292 καὶ
133 3227 205 3292 ελδεν
224 3224 241 3292 ὁ
260 3228 334 3300 λαὸς
350 3228 404 3292 τὸν
423 3225 533 3294 σάκκον
553 3235 603 3295 ε’·πί
616 3237 668 3312 της
701 3233 752 3320 νην
764 3233 913 3317 δυνάμεως
924 3231 1057 3335 μεγάλης.
1077 3235 1128 3295 καί
1141 3231 1217 3295 εἶπεν
1230 3226 1305 3314 ἀνὴρ

66 3308 172 3394 σαρκός
198 3307 293 3375 αὐτοῦ
311 3313 433 3372 ἔσωθεν.
472 3312 498 3352 ³¹
512 3313 563 3374 καί
582 3312 667 3377 εἶπεν.
700 3317 777 3401 πρὸς
789 3318 842 3380 τὸν
855 3317 983 3394 ἀδεληὸν
997 3318 1100 3377 αυτοῦ.
1113 3318 1162 3376 νῦν
1176 3310 1306 3391 ε’μισθῶ·

65 3389 134 3458 τάδε
143 3389 268 3476 ποιῆσαί
276 3415 325 3471 μοι
336 3387 353 3453 ὁ
364 3389 435 3462 θεὸς
444 3392 494 3452 καί
502 3389 569 3454 τάδε
578 3420 668 3478 προς·
703 3422 778 3461 σατο
791 3395 833 3473 ἐφ’
848 3394 922 3478 ημᾶς
935 3393 1096 3477 όβασιλεύς
1106 3391 1227 3475 Ἰσραὴλ
1237 3392 1307 3465 τοὺς

64 3482 142 3556 θείη.
168 3481 192 3539 ez
217 3471 353 3557 στήσεται
377 3469 394 3554 η
415 3471 525 3552 κεηαλίρ
539 3469 669 3537 Ἑλισαιὲ
700 3477 841 3561 βασιλέας
857 3481 919 3538 τῶν
933 3481 1091 3538 Χετταίων
1104 3474 1153 3535 καί
1169 3472 1238 3544 τοὺς
1249 3476 1306 3554 βα-

64 3553 111 3621 ἕπ’
128 3554 211 3639 αὐτῷ
225 3553 353 3640 σήμερον.
368 3549 586 3616 32καὶἝλισαιὲ
599 3552 667 3618 ε’κά-
703 3560 801 3632 σιλέας
813 3553 975 3634 Αἰγύπτου
987 3560 1042 3618 τοῦ
1057 3554 1153 3617 ἐλθεῖν
1165 3551 1207 3632 ἐφ’
1222 3549 1306 3634 ἡμᾶς,

65 3650 146 3722 θητο
165 3643 195 3703 ἐν
206 3644 249 3721 τῷ
264 3641 336 3721 οἴκῳ
353 3635 462 3709 αὐτοῦ,
487 3638 537 3698 καί
555 3638 585 3699 οῖ
597 3661 669 3720 πρε-
704 3643 715 3683 ²
728 3645 778 3704 καὶ
796 3639 959 3723 ἀνέστησαν
971 3639 1022 3701 καί
1034 3634 1207 3723 ἀπέδρασαν
1219 3639 1249 3700 ἓν
1262 3639 1306 3718 τῶ

67 3718 202 3808 σβύτεροι
227 3718 373 3804 ἐκάθηντο
398 3717 455 3800 μετ’
486 3717 588 3783 αὐτοῦ.
619 3720 671 3783 καὶ
703 3717 797 3784 σκότει
822 3724 873 3785 καί
903 3718 1097 3798 ἐγκατέλιπον
1122 3715 1176 3793 τὰς
1200 3718 1305 3803 σκηνάς

67 3803 235 3870 ἀπέστειλεν
247 3803 341 3888 ἀνδρα
358 3803 418 3888 πρὸ
435 3797 669 3883 προςῶπουαύ-
703 3802 817 3878 αὐτῶν,
843 3806 893 3868 καί
905 3803 975 3878 τοὺς
986 3809 1096 3879 ’ίππους
1114 3801 1226 3878 αὐτῶν,
1254 3807 1305 3869 καί

67 3891 202 3973 τοῦπρίν
217 3887 313 3952 ἐλθεῖν
325 3884 376 3949 τὸν
387 3885 511 3963 ἀγγελον
525 3883 600 3968 πρὸς
613 3882 669 3949 αὖ·
701 3883 770 3961 τούς
794 3885 878 3960 ὅνους
903 3885 1004 3950 αὐτῶν
1029 3889 1060 3950 έν
1077 3892 1114 3990 τη
1133 3887 1303 3980 παρεμβολῇ

66 3967 135 4046 τὸν,
161 3973 212 4036 καί
230 3967 321 4043 αὐτὸς
341 3968 402 4033 εἷπε
420 3968 494 4054 πρὸς
512 3970 582 4044 τοὺς
598 3993 668 4054 πρε-
702 3967 741 4045 ῶς
754 3974 831 4046 ἐστι,
857 3971 908 4034 καί
925 3973 1035 4051 ἔφυγον
1051 3996 1129 4055 προς
1142 3969 1195 4053 την
1208 3969 1304 4076 ψυχην

66 4057 234 4140 σβυτέρους.
271 4056 295 4115 εί
320 4052 404 4116 εἴδετε
422 4048 468 4117 ὅτι
485 4048 667 4117 ἀπέστειλεὸ
701 4058 824 4120 ἑαυτῶν.
852 4055 930 4118 8καὶ
944 4053 1078 4135 εἷςηλθον
1091 4057 1122 4117 ot
1133 4052 1236 4139 λεπροὶ
1250 4079 1305 4118 ου-

64 4135 129 4212 υἱός
147 4142 202 4201 τοῦ
220 4140 364 4217 φονευτοῦ
382 4125 470 4210 οὗτος
487 4133 602 4214 ἀφελεῖν
616 4134 669 4217 την
701 4165 746 4204 τοι
766 4144 820 4214 ἕως
837 4140 942 4222 μέρους
961 4142 1014 4220 της
1026 4137 1227 4223 παρεμβολῆς,
1253 4139 1304 4200 καί

65 4215 197 4304 κεφαλήν
208 4245 282 4301 μους
298 4219 371 4283 ίδετε
383 4215 424 4291 ῶς
436 4217 474 4283 ἀν
487 4219 567 4302 ἔλθη
581 4215 598 4281 ὁ
612 4217 668 4295 ἀγ·
702 4221 835 4305 εῖςηλθον
851 4226 889 4296 εἷς
903 4218 1009 4306 σκηνὴν
1020 4228 1103 4304 μίαν,
1129 4223 1180 4285 καὶ
1193 4225 1303 4300 ἔφαγον

62 4302 162 4379 γελος,
193 4301 388 4365 ἀποκλείσατε
406 4299 460 4384 τὴν
476 4293 589 4403 θύράν,
617 4303 669 4365 καὶ
701 4306 750 4367 καί
762 4306 862 4379 ε’ίτιον,
885 4308 936 4369 καί
948 4297 1023 4388 ἦραν
1036 4309 1148 4370 ι’κεῖθεν
1161 4296 1304 4384 ἀργύριον

64 4383 280 4468 παραθλίιματε
292 4383 385 4447 αὐτόν
397 4385 427 4447 ἐν
440 4386 477 4476 τῇ
489 4391 580 4468 θυρη.
601 4382 668 4466 οὐχί
700 4387 750 4449 καί
765 4393 885 4473 χρυσίον
904 4380 955 4451 καί
974 4384 1136 4467 ίματισμόν.
1162 4385 1213 4444 καί
1230 4383 1304 4444 έπο·

63 4467 147 4550 φωνὴ
174 4473 234 4532 τῶν
253 4466 357 4533 ποδῶν
377 4470 431 4530 τοῦ
449 4471 550 4552 κυρίου
568 4464 682 4544 αὐτοῦΙ
700 4464 851 4554 ρεύθησαν
869 4472 920 4532 καί
933 4472 1116 4551 ἐπέστρεψαν
1129 4461 1305 4611 infige-md

1171 4565 1232 4618 εη
1272 4561 1309 4599 ον
