2924 4972
322 243 479 306 ΣοσνΑ
504 243 770 306 ΣΑΛΩΜΩΝ
808 248 885 322 νειη.
900 234 946 326 ιη’.
961 232 1014 307 ια’.
1031 244 1080 308 ευ.
1099 245 1149 310 19.

114 369 187 442 ταξύ
207 365 292 441 στὰς,
318 365 449 451 ἀνέκοφε
462 365 515 451 τῆν
534 365 643 452 ὀργῆν,
669 370 720 432 καί
758 373 823 442 πῶς
835 368 902 432 ἀντί
912 368 967 451 μέν
978 373 1117 446 γενέσεως
1129 366 1213 444 ζώων
1222 366 1363 452 ἐξήγαγεν

113 452 236 532 διέσχισε
258 451 312 532 τήν
330 450 406 534 πρὸς
424 448 493 526 τοὺς
509 453 622 554 ζῶντας
639 447 718 514 ὀδόν.
758 449 824 534 ῆγῆ
839 464 959 525 σκνῖπα,
974 449 1043 515 ἀντὶ
1056 451 1087 515 δέ
1101 448 1231 536 ἐνύδρων
1244 449 1361 553 ἐξῆρεύ-

114 533 200 596 21ἐπὶ
208 529 266 616 γάρ
276 529 426 616 ποδήρους
435 532 596 615 ἐνδύματος
604 560 640 616 ην
649 532 719 609 ὅλος
757 535 832 609 ξατο
858 531 875 597 ὁ
900 531 1035 616 ποταμὸς
1056 533 1175 615 πλῆθος
1194 539 1360 620 βατραχων.

115 611 272 698 ὁκόσμος,
297 617 349 679 καί
359 619 500 702 πατέρων
511 613 596 692 δόξαι
608 619 659 681 ἐπὶ
672 641 716 680 τε·
757 620 782 659 11
793 614 837 696 ἐφ’
854 614 970 701 ὑστέρῳ
987 616 1019 680 δὲ
1036 615 1115 681 είδον
1132 619 1183 680 καί
1198 620 1270 681 νέαν
1282 620 1361 694 γένε-

112 704 272 783 τραστίχου
291 699 384 763 λίθου
401 699 530 784 γλυφῆς,
557 701 608 765 καί
626 726 717 781 μεγα-
758 724 803 764 σιν
814 697 935 783 ὀρνέων,
947 697 994 762 ὅτι
1007 703 1151 782 ἐπιθυμίᾳ
1162 703 1361 785 προαχθέντες

112 775 229 864 λωσύνη
248 807 305 845 σου
321 783 371 846 έπί
390 778 570 866 διαδήματος
588 782 718 866 κεφαλῆς
756 779 907 875 ῆτήσαντο
920 782 1068 884 ἐδέσματα
1082 786 1201 866 τρυφῆς.
1219 785 1290 857 11είς
1301 780 1361 865 γάρ

112 863 217 928 αὐτοῦ.
242 865 272 908 ²⁵
286 862 402 940 τούτοις
419 864 488 942 είξεν
504 863 521 929 ὁ
535 864 717 949 ὀλοθρεύων,
756 871 954 948 παραμυθίαν
979 867 1069 950 ανέβη
1095 862 1198 939 αὐτοῖς
1217 863 1280 930 ἀπὸ
1298 875 1361 929 θα-

111 951 210 1011 ταῦτα
222 944 254 1011 δὲ
266 947 467 1032 ἐφοβήθησαν.
495 937 529 1032 ῆν
538 947 596 1034 γάρ
607 950 684 1032 μόνη
700 945 717 1031 ῆ
757 945 869 1050 λύσσης
883 945 1099 1032 ὀρτυγομήτρα,
1112 950 1163 1011 καί
1176 952 1210 1012 αί
1222 954 1361 1031 τιμωρίαι

112 1040 202 1115 πεῖρα
221 1034 273 1113 τῆς
290 1029 379 1113 ὀργῆς
392 1027 488 1114 ἱκανή.
757 1044 818 1106 τοῖς
831 1031 1017 1113 αμαρτωλοῖς
1036 1030 1184 1113 ἐπῆλθον,
1217 1029 1272 1094 οόκ
1290 1031 1360 1094 ἀνευ

155 1161 168 1196 ,
294 1119 368 1175 ΚΕ
381 1119 420 1175 (ί).
463 1107 535 1177 1Θ’.
757 1119 818 1179 τῶν
829 1110 997 1192 γεγονότων
1016 1119 1175 1196 τεκμηρίων
1188 1117 1225 1199 τῆ
1236 1118 1287 1198 βίην
1300 1117 1362 1177 τῶν

120 1161 152 1255 1
165 1205 209 1267 οῖς
221 1191 253 1257 δὲ
266 1191 383 1278 ἀσεβέσι
394 1198 476 1279 μέχρι
487 1196 591 1271 τέλους
601 1193 718 1276 ἀνελεή-
757 1200 911 1279 κεραυνῶν.
938 1197 1057 1270 δικαίως
1074 1196 1131 1280 γάρ
1151 1200 1282 1280 ἔπασχον
1295 1207 1361 1270 ταῖς

111 1299 175 1357 μων
190 1273 289 1357 θυμὸς
307 1280 425 1359 ἐπέστη.
451 1274 573 1368 προήδει
588 1280 646 1364 γάρ
661 1280 716 1344 αό-
758 1280 844 1354 ίδίαις
862 1278 964 1345 αὐτῶν
982 1285 1153 1364 πονηρίαις,
1192 1279 1284 1342 11καί
1301 1275 1361 1361 γάρ

112 1363 174 1421 τῶν
188 1359 239 1421 καί
250 1359 289 1421 τά
299 1358 456 1441 μέλλοντα,
469 1357 537 1424 2ὅτι
551 1359 641 1427 αὐτοὶ
652 1365 717 1426 ἐπι·
756 1363 964 1446 χαλεπωτέραν
975 1364 1143 1446 μισοξενίαν
1156 1356 1359 1444 ἐπετήδευσαν.

112 1442 295 1524 στρέψαντες
322 1446 377 1506 τοῦ
402 1441 535 1517 ἀπεῖναι,
572 1447 623 1508 καί
645 1442 717 1526 μετά
758 1449 788 1509 οἱ
799 1442 852 1526 μέν
870 1442 928 1529 γάρ
942 1443 1012 1519 τούς
1030 1445 1215 1522 ἀγνοοῦντας
1227 1442 1283 1509 οὐκ
1296 1443 1361 1507 ἐδέ-

112 1524 244 1606 σπουδῆς
256 1526 488 1608 προπέμψαντες
501 1526 624 1602 αότοὺς,
646 1524 717 1593 διιό-
754 1552 845 1610 χοντο
864 1522 1033 1612 παρόντας,
1059 1519 1143 1593 οὗτοι
1160 1527 1192 1592 δὲ
1209 1524 1361 1613 εὐεργέτας

110 1609 195 1683 ξουσι
204 1607 456 1690 μεταμεληθέντες.
470 1610 532 1673 1έτι
541 1609 600 1695 γάρ
611 1615 643 1676 ἐν
651 1637 716 1696 χερ-
754 1613 855 1686 ξένους
866 1610 1052 1676 ἐδουλοῦντο.
1092 1611 1121 1652 ¹⁴
1134 1613 1186 1675 καί
1199 1608 1236 1675 ού
1253 1605 1357 1692 μόνον,

110 1692 158 1753 σὶν
176 1693 290 1774 ἔχοντες
305 1691 345 1754 τά
361 1695 477 1773 πένθη,
503 1697 554 1757 καί
569 1697 715 1780 προςοδυ-
754 1692 817 1758 ἀλλ’
833 1691 896 1779 ῆτις
909 1694 1054 1778 ἐπισκοπή
1069 1696 1151 1758 έσται
1164 1691 1272 1768 αὐτῶν,
1298 1693 1361 1756 ἐπεί

110 1768 223 1856 ρόμενοι
249 1770 356 1853 τάφοις
376 1779 505 1855 νεκρῶν,
531 1782 631 1863 ἕτερον
649 1782 716 1842 ἐπε-
754 1775 892 1862 ἀπεχθῶς
926 1777 1136 1879 προςεδέχοντο
1166 1777 1238 1851 τοὺς
1268 1773 1360 1839 ἀλλο-

112 1855 270 1920 σπάσυντο
287 1856 428 1942 λογισμὸν
449 1857 567 1936 ἀνοίας,
592 1864 643 1926 καὶ
664 1858 716 1937 οὓς
754 1866 861 1944 τρίους.
875 1860 939 1925 11οῖ
951 1861 984 1924 δὲ
995 1885 1069 1943 μετα
1082 1856 1292 1963 ἑορτασμάτων
1304 1862 1360 1931 είς-

109 1935 279 2015 ίκετεύοντες
291 1942 439 2028 ἐξέβαλον,
465 1939 592 2019 τούτους
605 1941 645 2021 ὡς
657 1969 715 2024 φυ-
754 1940 904 2026 δεξάμενοι
916 1941 988 2017 τούς
1005 1942 1062 2029 ήδη
1079 1947 1141 2008 τῶν
1160 1947 1261 2008 αυτῶν
1277 1963 1360 2024 μετε-

107 2018 201 2098 γάδας
217 2024 350 2090 ἐδίωκον.
376 2025 478 2092 1εἷλκε
494 2025 553 2113 γάρ
572 2025 714 2109 αότούςῆ
754 2024 900 2112 σχηκότας
921 2028 1058 2101 δικαίων,
1085 2027 1189 2102 δεινοῖς
1208 2021 1360 2090 ἐκάκωσαν

108 2103 178 2180 ἀξία
190 2109 239 2171 ἐπί
251 2112 343 2172 τοῦτο
358 2105 393 2173 τό
404 2112 499 2194 πέρας
511 2110 637 2196 ἀνάγκη,
664 2115 716 2176 καὶ
753 2109 865 2185 πόνοις.
888 2105 1359 2209 11ἐπλήγησανδὲκαίάορασίχ,

107 2193 170 2252 τῶν
195 2189 416 2291 συμβεβηκότων
434 2191 597 2274 ἀμνηστίαν
613 2196 713 2274 ἐνέβα-
754 2189 848 2276 ῶςπερ
860 2195 964 2255 ἐκεῖνον
974 2194 1024 2254 ἐπί
1034 2204 1099 2265 ταῖς
1109 2197 1165 2256 τοῦ
1174 2193 1290 2256 δικαίου
1299 2201 1359 2253 Ov—

110 2272 172 2347 λεν,
190 2276 240 2336 ’ίνα
252 2297 307 2352 την
321 2273 483 2335 λείπουσαν
496 2285 561 2345 ταῖς
572 2272 714 2358 βασάνοις
753 2298 829 2356 ραις,
845 2269 894 2336 ότε
907 2270 1009 2354 ἀχανεῖ
1018 2272 1240 2356 περιβληθέντες
1254 2268 1359 2346 σκότει,

107 2350 412 2435 προαναπληρῶσωσι
430 2350 562 2417 κόλασιν.
601 2354 681 2417 1καί
695 2352 713 2418 ὁ
754 2360 878 2428 ἕκαστος
890 2358 951 2417 τῶν
965 2350 1060 2417 αὐτοῦ
1071 2358 1178 2436 θυρῶν
1192 2351 1244 2438 τήν
1256 2354 1359 2418 δίοδον

107 2437 161 2516 μὲν
178 2430 250 2506 λαός
268 2458 322 2496 σου
339 2429 515 2516 παράδοξον
534 2431 714 2516 ὁδοιπορίαν
753 2432 854 2517 ἐζήτει.
880 2437 907 2478 11
921 2432 955 2499 δι’
971 2436 1086 2500 ἑαυτῶν
1103 2434 1162 2518 γάρ
1176 2434 1215 2499 τά
1229 2447 1359 2520 στοιχεῖα

108 2515 235 2598 περάση,
246 2519 348 2579 ἐκεῖνον
362 2516 392 2578 δέ
403 2519 487 2591 ξένον
499 2513 603 2600 εάρωσι
614 2519 714 2584 θάνα-
752 2515 1008 2601 μεθαρμοζόμενα,
1034 2514 1129 2601 ῶςπερ
1148 2522 1181 2582 ἐν
1199 2520 1358 2603 ψαλτηρίιρ

108 2622 171 2663 τον,
198 2585 281 2681 11ὅλη
297 2595 356 2680 γάρ
375 2595 393 2682 ή
407 2605 499 2673 κτίσις
516 2604 548 2665 ἐν
560 2601 625 2682 ἰδίῳ
637 2605 715 2680 γένει
753 2597 888 2681 φθόγγοι
905 2605 959 2664 τοῦ
979 2604 1099 2685 ῥυθμοῦ
1111 2598 1147 2663 τὸ
1160 2599 1254 2682 όνομα
1273 2600 1358 2665 διαλ-

107 2677 201 2747 πάλιν
214 2678 330 2745 ἀνωθεν
342 2681 531 2757 διετυποῦτο,
551 2679 714 2767 ύπηρετοῦ-
752 2679 906 2757 λάσσουσι,
916 2677 1046 2748 πάντοτε
1052 2686 1181 2763 μένοντα
1195 2683 1265 2767 ῆχῳ,
1283 2683 1357 2768 ὅπερ

108 2791 150 2829 σα
169 2777 235 2838 ταῖς
255 2765 339 2839 ἰδίαις
357 2767 526 2840 ἐπιταγαῖς,
550 2770 602 2830 ’ίνα
623 2772 653 2832 οί
666 2765 714 2834 σοί
752 2769 833 2831 ἐστίν
857 2763 970 2831 εἰκάσαι
991 2769 1022 2830 ἐκ
1039 2771 1092 2893 τῆς
1112 2771 1173 2832 τῶν
1192 2762 1359 2846 γεγονότων

106 2849 209 2923 παῖδες
221 2847 412 2931 φυλαχθῶσιν
431 2846 575 2934 ἀβλαβεῖς.
603 2848 714 2934 7ῆτ“ν
752 2847 851 2932 ὄφεως
876 2847 1013 2934 ἀκριβῶς.
1051 2853 1062 2892 ¹
1095 2862 1219 2936 χερσαῖα
1241 2847 1299 2934 γάρ
1319 2855 1358 2926 είς

106 2930 298 3018 παρεμβολήν
311 2927 475 3006 σκιάζουσα
487 2931 610 3037 νεφέλη,
636 2938 667 2998 ἐκ
680 2880 713 3000 δέ
752 2933 861 3017 ἔνυδρα
876 2929 1082 3018 μετεβάλλετο,
1106 2934 1157 2998 καί
1170 2933 1262 3017 νηκτά
1273 2937 1357 3017 μετέ-

106 3019 336 3100 προϋφεστῶτος
350 3011 459 3089 άδυτος
472 3015 562 3099 ξηρᾶς
571 3015 713 3095 ἀνάδυσις
749 3020 847 3103 βαινεν
857 3021 906 3081 ἐπί
918 3021 979 3098 γῆς.
998 3019 1026 3060 ¹⁹
1033 3021 1093 3100 πῦρ
1106 3019 1218 3100 ἴσχυσεν
1229 3020 1260 3081 ἐν
1272 3015 1357 3082 ὕδατι

105 3105 160 3176 γῆς
172 3093 347 3182 ἐθεωρήθη,
369 3100 400 3174 ἐξ
413 3103 542 3183 ἐρυθρᾶς
554 3099 713 3185 θαλάσσης
750 3104 802 3184 τῆς
816 3100 892 3174 ἰδίας
904 3093 1060 3183 δυνάμειος,
1073 3103 1124 3165 καὶ
1135 3100 1214 3188 ὕδωρ
1226 3106 1280 3226 τῆς
1292 3104 1357 3250 of:

107 3180 180 3257 ὁδὸς
204 3177 430 3263 ἀνεμπόδιστος,
461 3184 513 3245 καί
542 3181 713 3270 χλυηφόρον
751 3187 849 3267 στικῆς
857 3177 932 3248 δυνά
953 3180 1241 3258 εωςέπελανθάνετο.
1267 3188 1306 3265 0φ
1334 3179 1341 3201 '

105 3266 208 3330 πεδίον
226 3267 259 3328 ἐκ
276 3260 426 3340 κλύδωνος
443 3268 552 3351 βιαίου.
590 3266 653 3332 11δί
676 3262 712 3335 ού
749 3293 796 3345 γες
823 3210 974 3331 ἀνάπαλιν
1000 3263 1182 3352 εόφθάρτων
1200 3263 1285 3345 ζώων
1301 3265 1356 3332 οόκ

105 3349 235 3414 πανεθνλ
247 3349 372 3431 διῆλθον
385 3352 416 3412 οῖ
429 3353 465 3431 τῆ
479 3353 518 3440 σῆ
535 3347 713 3437 σκεπαζόμε-
750 3346 899 3455 ἐμάραναν
924 3344 1038 3432 σάρκας
1066 3346 1355 3434 ἐμπεριπατούντων,

106 3457 154 3497 νοι
165 3432 252 3532 χειρίέ
271 3421 477 3531 θεωρήσαντές
488 3433 651 3514 θαυμαστά
664 3440 712 3501 τέ·
750 3432 821 3498 οὐδε
833 3428 943 3535 τηκτόν
960 3430 1100 3514 εότηκτον
1113 3430 1355 3514 κρυσταλλοειδές

106 3539 197 3597 ρατα.
209 3515 270 3586 11ως
282 3536 339 3596 γαρ
351 3518 441 3578 ’ίπποι
453 3512 649 3599 ἐνεμήθησαν,
662 3521 713 3584 καί
737 3519 835 3599 γένος
848 3517 1010 3614 ἀμβροσίας
1022 3517 1144 3617 τροφῆς.
1156 3511 1268 3579 11κατά
1277 3512 1354 3578 πάν-

106 3598 148 3698 ὥς
173 3594 263 3696 ἀμνοί
287 3596 489 3698 διεοκίρτηραν
512 3603 662 3676 αῖνοῦντές
683 3628 712 3667 σε
750 3624 789 3664 τα
800 3596 859 3745 γάρ
872 3619 951 3680 κυριε
961 3597 1137 3679 ἐμεγαλυνας
1147 3594 1202 3662 τὸν
1211 3592 1287 3662 λαόν
1298 3623 1354 3663 σου

867 3678 876 3702 Ι

104 3705 189 3783 κυριρ
197 3703 251 3744 τον
260 3673 400 3765 ῥυόμενον
409 3674 527 3755 αυτούς.
541 3685 711 3766 1οἐμέμνην-
750 3683 800 3746 καί
825 3680 985 3754 ἐοξασας,
1011 3680 1062 3744 καί
1086 3677 1140 3763 οόχ
1160 3675 1305 3766 ὑπερεῖδες
1321 3685 1353 3747 ἐν

105 3789 143 3829 το
155 3788 214 3848 γαρ
228 3765 272 3828 έτι
285 3765 347 3827 τῶν
359 3765 389 3827 ἐν
399 3767 437 3860 τῆ
446 3770 589 3850 παροικίᾳ
600 3765 710 3845 αὐτῶν,
750 3765 844 3831 παντί
854 3766 948 3848 καιρῷ
962 3763 1013 3827 καί
1030 3759 1115 3847 τόπῳ
1128 3760 1353 3849 παριστάμενος.
