2924 4972
275 214 574 278 ΒΑΣΙΛΕΙΩΝ
600 214 840 277 TETAPTH
879 215 1190 298 Κεφ.ιζ’.ιη’.17.18.
1288 221 1354 289 395

107 369 155 410 τεν
167 341 276 416 αύτούς
293 336 442 425 ἁμαρτίαν
460 336 532 422 μεγά
570 365 595 402 ν.
621 342 650 380 22
663 341 714 401 καί
752 333 807 413 λύγ
829 361 889 400 ατα
903 335 1003 400 αὐτῶν
1017 340 1048 400 ἐν
1066 348 1131 410 τοῖς
1144 341 1234 414 οἴκοις
1248 344 1306 403 τῶν
1320 337 1356 403 ῦ-

108 420 311 513 ἒπορεύθησαν
327 427 359 487 οί
376 423 438 487 υίοί
453 420 554 506 Ἰσραη
586 417 713 511 ἐνπάοη
752 440 778 501 ψ
828 415 1049 502 ’νάίποίησαν
1060 422 1091 483 ἐν
1099 427 1254 508 Σαμαρείᾳ
1267 425 1356 497 ἔθνος

116 496 629 612 “μαρτίᾳ’1εροβοάμῆςε’ποίησεν.
659 501 713 567 οῦκ
751 505 839 576 ἔθνος
851 506 882 567 ἐν
892 498 988 604 ρτόλει,
1002 495 1068 596 ἕνῇ·
1089 501 1244 585 κατῴκουν
1256 506 1287 568 ἐν
1299 503 1356 569 αύ-
1398 565 1401 570 .

117 591 126 613 ²

109 598 277 674 απέοτησαν
289 617 336 655 απ
357 588 451 692 αῦτῆς
471 589 501 630 ²³
513 579 619 689 k'wqofi
630 589 714 689 μετῴ-
751 589 798 674 τῇ.
823 587 875 648 καὶ
887 609 965 668 ησαν
984 582 1161 670 φοβούμενοι
1179 588 1232 650 τὸν
1244 581 1354 669 κύριον.

109 699 193 760 οτησε
207 670 309 758 κύριος
321 670 375 738 τὸν
396 669 508 774 Ιοραίηλ
520 668 583 736 άπο
595 695 711 756 προςαν-
751 670 801 731 καί
813 670 959 749 ἐποίησαν
972 670 1088 746 ἑαυτοῖς
1106 671 1190 756 ἱερεῖς
1201 674 1263 736 τῶν
1276 667 1354 755 ύψη-

106 785 165 824 που
178 753 292 833 αὐτοῦ,
317 752 421 830 καθὼς
433 753 557 839 ίλαλησε
568 751 669 839 κύρως
681 754 713 816 ἐν
751 751 824 828 λῶν,
849 754 902 817 καί
925 752 1069 836 ἐποίησαν
1095 756 1213 829 ἑαυτοῖς
1227 759 1256 818 ἐν
1281 759 1354 839 οἴκῳ

105 842 177 928 χειρὶ
189 835 311 905 πάντων
326 843 387 904 τοῖν
404 835 521 905 δούλων
539 834 635 906 αὐτοῦ
650 841 712 901 τοῦν
751 840 812 899 τῶν
825 832 959 920 ῦψηλῶν.
987 837 1016 878 ³³
1030 837 1082 901 καί
1097 835 1151 901 τὸν
1167 835 1269 923 κύρων
1281 840 1354 918 ἐφο-

105 927 281 1010 προφητῶν.
324 926 376 989 καί
400 920 563 1007 ἀπῳκίσθη
586 918 713 1007 Ἰσραίηλ
749 922 872 1005 βοῦντο,
881 919 931 981 καὶ
943 930 1005 993 τοῖς
1015 929 1097 993 θεοῖς
1107 918 1207 984 αὐτῶν
1215 917 1354 1003 ἐλάτρευ-

104 1004 264 1072 ἐπάνωθεν
275 1008 328 1090 τῆς
340 1009 393 1090 γῆς
409 1003 505 1071 αὐτοῦ
519 1010 559 1080 είς
571 1002 714 1088 Ἀοσυρί·
751 1026 786 1066 ον
803 1000 883 1065 κατά
903 1000 939 1063 τὸ
957 1007 1045 1103 κρίμα
1068 1007 1129 1066 τῶν
1146 1005 1257 1079 ἐθνῶν,
1281 1004 1354 1069 ὅθεν

107 1116 160 1164 ους
185 1093 241 1163 ἕως
265 1094 318 1163 τ”ς
337 1085 446 1172 ἡμέρας
471 1084 590 1170 ταύτης.
617 1083 649 1128 ²⁴
662 1087 714 1150 καί
753 1081 909 1167 ἀπῴκισαν
922 1082 1034 1157 αὐτους
1045 1088 1163 1149 ἐκεῖθεν.
1189 1085 1221 1128 ³⁴
1235 1090 1289 1162 ἕως
1301 1091 1354 1170 της

107 1172 200 1255 ἤγαγε
215 1175 287 1257 βασι
321 1167 354 1244 ῦς
375 1170 538 1253 Ἀσσυρίων
555 1172 587 1233 ἐκ
605 1171 639 1232 Β
680 1193 716 1231 υ·
753 1162 861 1250 ἡμέρας
873 1163 982 1249 ταύτης
991 1164 1080 1231 αὐτοὶ
1092 1171 1215 1233 ἐποίουν
1227 1171 1305 1235 κατὰ
1317 1169 1354 1234 τὸ

109 1255 204 1326 λῶνος
216 1251 269 1315 τὸν
281 1250 437 1316 ἐκΧουθά
450 1250 512 1316 άπὸ
524 1249 602 1326 Ἀῖά,
614 1276 665 1315 κατ
677 1247 716 1314 ά·
753 1254 843 1350 κρίμα
864 1247 973 1312 αὐτῶν.
1006 1246 1095 1314 αῦτοί
1116 1254 1281 1337 φοβοῦνται
1305 1254 1355 1317 καί

109 1332 155 1400 πὸ
180 1333 311 1415 Αἰμὰθ,
336 1335 389 1398 καὶ
412 1333 638 1417 Σεπφαρουαῒμ,
663 1333 715 1397 καί
754 1332 843 1397 αυτοὶ
863 1335 985 1396 ποιοῦσι
1006 1332 1084 1396 κατά
1106 1331 1145 1397 τά
1169 1330 1355 1439 δικαιώματα

109 1422 344 1501 κατῳκίσθησαν
363 1419 395 1481 ἐν
411 1412 533 1482 πόλεσιν
548 1421 715 1501 Σαμαρείας
754 1413 867 1489 αὐτῶν,
891 1411 1037 1479 καὶκατὰ
1059 1415 1114 1500 την
1133 1423 1227 1502 κρίσιν
1246 1422 1354 1495 αυτῶν,

109 1498 181 1565 ἀντὶ
192 1503 253 1565 τῶν
265 1503 338 1564 υίιῦν
355 1496 487 1585 Ἰσραὴλ,
500 1496 714 1584 καίέκληρσνό-
752 1498 804 1562 καὶ
816 1495 894 1562 κατὰ
906 1496 960 1562 τὸν
978 1495 1011 1562 νό
1035 1525 1070 1564 ον
1086 1502 1137 1563 καί
1153 1499 1232 1564 κατὰ
1243 1499 1297 1584 τὴν
1307 1505 1354 1566 ε’ν-

108 1606 208 1667 μησαν
231 1579 287 1667 τὴν
310 1577 487 1665 Σαμάρειαν,
512 1583 564 1647 καί
584 1587 714 1666 κατῳκί·
751 1577 855 1664 τολὴν,
869 1575 904 1663 ἢν
917 1526 1078 1646 &erasm
1090 1579 1190 1668 κύρως
1203 1595 1268 1658 τοῖς
1280 1589 1354 1660 υἱοῖς

110 1677 231 1752 σθηοαν
241 1669 273 1729 ἐν
284 1677 350 1743 ταῖς
361 1660 483 1732 πόλεσιν
495 1664 594 1749 αὐτῆς.
619 1669 649 1709 22
661 1666 713 1730 καὶ
748 1661 859 1750 Ἰακώβ
876 1655 913 1726 οῦ
926 1665 1014 1746 ἔθηκε
1032 1662 1069 1729 τὸ
1081 1664 1174 1748 ὄνομα
1188 1664 1281 1731 αὐτοῦ
1293 1665 1354 1733 Ἰσ-

108 1754 224 1827 ἐγένετο
242 1748 362 1842 ἒνάρχῇ
374 1754 426 1831 τῆς
442 1751 594 1836 καθέδρας
611 1746 712 1814 αύτῶν
752 1742 836 1831 ραήλ.
876 1746 905 1788 ³⁶
918 1749 969 1812 καί
980 1747 1098 1813 διέθετο
1112 1746 1148 1814 κύ
1169 1775 1212 1824 ως
1223 1748 1280 1831 μετ’
1297 1747 1354 1815 αῦ-

107 1831 164 1898 οῦκ
176 1828 371 1918 ἐφοβάθησαν
381 1833 436 1898 τὸν
446 1830 558 1920 κύρων,
571 1833 623 1897 καὶ
634 1830 712 1898 σἰπέ-
752 1835 812 1894 τῶν
824 1824 984 1933 διαθῴκην,
1001 1833 1052 1896 καί
1064 1835 1139 1897 ίνετε
1209 1859 1227 1898 ο
1241 1831 1353 1909 αὐτοῖς,

108 1915 199 1980 στειλε
210 1913 310 2003 κύρως
325 1920 356 1980 ἐν
372 1914 476 1991 αῦτοίς
492 1915 562 1992 τούς
578 1916 712 1991 λέοντας,
752 1911 854 1990 λέγων.
880 1937 916 1977 ου
940 1911 1156 2000 φοβηθήσεσθε
1173 1915 1265 1992 θεοὺς
1288 1919 1353 1981 ἑτέ-

108 2000 160 2062 καί
183 1988 260 2082 ἦσαν
290 1998 518 2074 ἇποκτέννοντες
544 2003 574 2064 ἐν
599 1997 711 2072 αὐτοῖς.
752 2020 831 2080 ρους,
844 1994 1354 2083 καίσύπροςκυνὴσετεαύτοῖς,καί

107 2082 138 2124 ²⁶
154 2085 206 2147 καί
229 2080 315 2148 εἶπαν
336 2086 380 2164 τῷ
402 2082 521 2169 βασιλεῖ
540 2077 713 2164 Ἀσσυρίων,
752 2075 788 2142 οῦ
802 2073 975 2160 λατρεύοετε
988 2079 1104 2155 αὐτοῖς,
1129 2079 1228 2148 καλοῦ
1241 2079 1353 2148 θυσιά·

108 2163 248 2241 λέγοντες.
272 2161 314 2230 τά
338 2167 411 2247 ἔθνη
437 2160 459 2228 ἃ
483 2159 639 2245 ἀπῴκισας
663 2162 715 2226 καὶ
753 2183 815 2224 σετε
833 2159 945 2233 αὐτοῖς,
970 2163 1001 2205 ³⁶
1014 2159 1060 2226 ὅτι
1078 2162 1142 2226 ἀλλ’
1161 2164 1182 2248 ἢ
1200 2169 1245 2230 ταῑ
1261 2171 1353 2251 κυρίῳ

107 2243 305 2322 ἇντεκάθισας
317 2251 348 2312 ἒν
360 2243 465 2310 πόλεσι
478 2250 647 2328 Σαμαρείας
660 2241 714 2307 οῦν
752 2237 786 2314 ὃς
799 2237 944 2324 ἀνήγαγεν
955 2239 1031 2327 ἡμᾶς
1043 2247 1075 2307 ἐκ
1086 2249 1140 2329 γῆς
1150 2228 1310 2326 Αἰγύπτου
1323 2249 1353 2311 ἐν

109 2331 242 2406 ἔγνωσαν
259 2330 297 2393 τὸ
316 2335 407 2413 κρίμα
420 2331 476 2391 τοῦ
492 2331 567 2390 θεοῦ
579 2331 632 2408 τῆς
649 2329 713 2407 γης,
753 2318 833 2425 ῖοηύῖ
840 2317 952 2414 μεγάλη
969 2328 1020 2389 καὶ
1038 2329 1069 2389 ἐν
1085 2331 1218 2433 βραηίονι
1236 2327 1353 2415 ῦψηλῴ.

109 2413 163 2474 καί
176 2409 345 2474 ἇπίστειλεν
363 2414 402 2483 είς
419 2406 529 2480 αύτούς
543 2406 615 2480 τούς
631 2407 715 2470 λέον-
754 2403 846 2469 αυτὸν
858 2403 1076 2488 φοβηθηοεσθε,
1101 2434 1153 2473 και
1164 2409 1248 2493 αὐτῷ
1260 2435 1353 2493 προς·

111 2516 176 2566 τας,
190 2493 242 2555 καί
255 2489 321 2554 ἰδού
333 2495 385 2553 είσι
394 2493 595 2561 θανατοῦντες
608 2486 715 2562 αύτούς
753 2483 898 2569 κυνησετε,
912 2485 994 2569 αύτῷ
1006 2485 1124 2553 θύσετε.
1150 2490 1179 2532 ³⁷
1188 2489 1226 2555 τά
1237 2484 1355 2555 δεκατά-

112 2568 226 2638 καθύτι
240 2570 295 2637 οῦκ
309 2572 408 2636 οἴδασι
421 2568 457 2633 τὸ
472 2575 560 2654 κρίμα
573 2574 627 2633 τοῦ
639 2576 713 2634 θεοῦ
753 2593 835 2652 ματα
854 2572 905 2633 καὶ
922 2568 960 2632 τά
978 2576 1108 2654 κρίματα
1127 2572 1178 2634 καὶ
1193 2571 1247 2638 τὸν
1266 2568 1355 2655 νόμον

112 2662 166 2739 τῆς
176 2660 239 2738 γῆς.
265 2658 295 2698 22
307 2657 358 2719 καὶ
373 2651 535 2719 ἐνετείλατο
548 2648 566 2716 ὃ
580 2652 714 2738 βασιλεὺς
754 2649 870 2726 καὶτὰς
883 2649 1056 2730 ἐντολάςάς
1067 2656 1198 2738 ε”γριιψεν
1207 2653 1273 2739 ῦμῖν
1285 2681 1355 2719 ποι-

104 2737 280 2825 Ἀσσυρίων,
304 2739 408 2816 λέγων.
448 2731 615 2814 ἀπαγάγετε
641 2739 714 2801 ἐκεῖ·
753 2746 802 2811 εῖν,
823 2732 1012 2817 φυλάσσεσθε
1036 2733 1139 2813 πάσας
1163 2736 1218 2815 τάς
1244 2736 1354 2824 ἡμέρας

107 2835 173 2898 θεν,
186 2824 493 2908 καίπορευέσθωσαν,
510 2823 561 2885 καὶ
573 2817 714 2905 κατοικη-
752 2821 803 2884 καὶ
825 2817 862 2884 ού
885 2818 1096 2907 φοβηθήσεσθε
1113 2822 1203 2897 θεούς
1225 2825 1352 2909 ἑτέρους.

106 2932 207 2972 τωσαν
220 2911 291 2984 ἐκεῖ,
315 2909 368 2970 καί
379 2909 542 2988 φωτιοῦσιν
553 2901 664 2980 αύτούς
676 2904 712 2970 τὸ
750 2904 781 2946 ³⁸
794 2905 845 2967 καί
863 2903 917 2987 την
934 2901 1081 2990 διαθήκην
1099 2901 1135 2987 ἣν
1152 2908 1268 2971 δίεθετο
1284 2904 1349 2989 μεθ’

106 2997 197 3075 κρίμα
209 2995 267 3053 τοῦ
284 2994 358 3054 θεοῦ
371 2995 424 3072 τῆς
431 2992 502 3095 ιγῆς.
529 2990 560 3030 ²⁸
573 2991 624 3052 καὶ
637 2988 712 3071 βγα-
751 2982 831 3068 ῦμιῦν
845 2984 900 3051 οῦκ
913 2988 1099 3072 ε’πιλησεσθε.
1137 2991 1188 3054 καὶ
1207 2989 1243 3054 ού
1254 2993 1352 3075 φοβη-

105 3096 160 3152 γον
172 3077 225 3137 ἕνα
235 3078 296 3137 τῶν
309 3077 408 3158 ἱερέων
419 3095 462 3137 ων
479 3069 635 3154 ἀπῴκισαν
648 3067 711 3137 άπὸ
748 3068 882 3153 θήσεσθε
894 3073 984 3149 θεούς
997 3074 1126 3158 ἑτέρους,
1151 3071 1251 3137 32οἰλλ’
1269 3072 1286 3156 ἢ
1301 3073 1351 3136 τὸν

105 3163 290 3242 Σαμαρείας,
316 3159 367 3221 καὶ
379 3151 516 3222 ἐκάθισεν
528 3159 560 3220 ἐν
572 3154 709 3239 Βαιθηλ,
748 3151 846 3240 κύριον
862 3154 935 3220 θεὸν
951 3154 1034 3240 ὑμῶν
1052 3153 1278 3243 φοβηθησεοθε,
1300 3157 1350 3220 καί

105 3244 157 3305 καὶ
169 3228 204 3320 ἦν
217 3243 352 3320 φωτίζων
365 3238 550 3341 αῦτούςπῶς
563 3243 710 3325 φοβηθῶ-
747 3237 838 3312 αὐτὸς
855 3241 991 3313 ἔξελεῖται
1010 3236 1087 3320 ῦμᾶς
1107 3244 1140 3304 ἐκ
1156 3236 1277 3304 πάντων
1290 3245 1350 3303 τῶν

106 3348 135 3387 σι
149 3321 202 3385 τὸν
215 3318 324 3405 κύριον.
350 3324 380 3364 22
394 3324 445 3385 καί
463 3347 538 3404 ηοαν
557 3327 710 3395 ποιοῦντες
748 3322 865 3404 ἐχθρῶν
879 3318 967 3401 ὑμῶν.
1007 3320 1040 3363 ⁴⁰
1054 3324 1106 3385 καὶ
1118 3320 1173 3384 οὐκ
1186 3317 1351 3385 ἀκούσεσθε

105 3407 182 3485 ἔθνη
201 3407 273 3484 ἔθνη
285 3401 376 3477 θεοὺς
394 3401 503 3466 αὐτῶν.
528 3405 579 3465 καὶ
597 3407 710 3486 ἔθηκαν
748 3404 797 3464 ἐπὶ
810 3405 852 3480 τῴ
865 3408 983 3503 κρξματι
994 3399 1106 3476 αὐτῶν,
1120 3399 1138 3464 ὃ
1147 3401 1235 3466 αὐτοὶ
1245 3407 1351 3466 ποιοῦ-

105 3489 137 3550 ίν
148 3487 221 3567 οἴκῳ
239 3489 300 3548 τῶν
320 3484 443 3566 ὑψηλῶν
460 3474 502 3546 ιύν
521 3486 667 3565 ἐποίησαν
680 3488 712 3549 οῖ
748 3507 786 3545 σι.
799 3483 885 3545 “nal
897 3507 974 3566 ηοαν
986 3479 1025 3546 τά
1038 3485 1111 3564 ἔθνη
1125 3488 1222 3547 ταῦτα
1235 3483 1351 3567 φοβού-

104 3576 291 3650 Σαμαρεῖται
308 3569 382 3651 ἔθνη
402 3569 475 3666 ἔθνη
493 3569 523 3628 ἐν
539 3577 603 3638 ταῖς
620 3562 711 3630 πόλε·
746 3589 824 3643 μενοι
849 3563 904 3629 τὸν
929 3561 1040 3650 κύριον,
1053 3568 1104 3629 καὶ
1123 3576 1185 3638 τοῖς
1209 3565 1351 3642 γλυπτοῖς

106 3676 150 3716 σιν
164 3649 266 3715 αὐτοῖν
279 3653 308 3713 ἐν
321 3650 369 3723 οιίς
386 3671 550 3730 κατῳκουν.
575 3648 606 3688 ³⁰
618 3649 670 3710 καὶ
681 3652 711 3711 οῖ
748 3645 848 3711 αὐτῶν
859 3638 935 3728 ἦσαν
947 3642 1138 3722 δουλεύοντες.
1156 3652 1209 3712 καί
1218 3673 1250 3726 γε
1262 3655 1292 3715 οἱ
1304 3655 1350 3716 υἱ-

106 3733 396 3818 άνδρεςΒαβυλῶνος
410 3735 555 3810 ἐποίησαν
564 3729 712 3812 τηνΣωκ-
749 3729 778 3790 ol
790 3728 841 3791 καί
857 3733 916 3794 υἱοί
933 3734 993 3795 τῶν
1011 3734 1084 3796 υίῶν
1102 3729 1201 3797 αὐτῶν
1217 3732 1301 3799 καθὰ
1318 3737 1351 3798 ἐ·

106 3819 175 3904 χώθ
184 3820 292 3891 Βενίθ,
304 3819 355 3881 καὶ
368 3820 397 3881 οῖ
410 3809 616 3898 άνδρεςΧοῦθ
628 3815 710 3878 ἕποι’·
747 3816 878 3893 ποίησαν
894 3818 925 3877 οῖ
942 3815 1068 3898 πατέρες
1085 3812 1195 3892 αὐτῶν,
1213 3823 1350 3886 ποιοῦσιν

107 3925 182 3986 ηοαν
199 3900 254 3985 τίην
271 3898 386 3981 Ἐργὲλ,
412 3899 464 3962 καὶ
481 3900 512 3961 οῖ
528 3894 631 3978 ἄνδρες
647 3900 712 3963 Αἶ-
748 3899 803 3970 ἕως
815 3899 868 3979 τῆς
880 3892 990 3981 ἡμέρας
1002 3904 1120 3981 ταύτης.

107 3985 175 4068 μάθ
188 3989 331 4066 ἐποίησαν
344 3983 398 4066 τὴν
411 3979 553 4062 Ἀσιμάθ,
578 3983 604 4022 ³¹
617 3982 668 4046 καὶ
680 3986 711 4046 οἱ
935 3985 969 4044 Κ
980 3986 1010 4044 E
1021 3986 1060 4044 (ί).
1102 3977 1174 4047 ΙΗ’.

109 4067 217 4132 Εύαῒοι
229 4072 372 4150 ἐποίησαν
383 4063 437 4149 την
445 4062 584 4150 Ἐβλαζὲρ
595 4067 645 4129 καὶ
657 4062 711 4149 τὴν
747 4029 829 4127 Καὶ
841 4064 954 4140 ἐγένετο
974 4067 1005 4129 ἐν
1021 4067 1077 4129 ἔτει
1094 4074 1185 4151 τρίτῳ
1203 4072 1248 4150 τῴ
1257 4066 1350 4152 Ὠσηὲ

113 4149 252 4232 Θαρθὰκ,
270 4152 321 4214 καὶ
347 4144 598 4233 ὁΣεπφαουραῒμ
624 4145 710 4232 ἡνίκα
747 4151 802 4231 υἱῷ
819 4145 905 4211 Ἠλά
924 4149 1042 4232 βασιλεῖ
1059 4147 1179 4236 ’Ῑσραηλ
1199 4151 1351 4235 ἐβασίλευ-

108 4235 265 4298 κατέκαιον
284 4231 356 4306 τούς
374 4227 456 4305 υἱούς
473 4230 575 4298 αὐτῶν
591 4236 622 4296 ἐν
639 4234 711 4312 πυρὶ
748 4255 794 4295 σεν
801 4229 931 4306 Ἐζεκίας
943 4229 1106 4318 υἱὸςἌχαζ
1115 4233 1259 4321 βασιλέως
1268 4229 1348 4296 Ἰού-

108 4319 153 4399 τῷ
174 4314 350 4401 Ἀδραμέλεχ
376 4318 427 4378 καὶ
448 4313 601 4397 Ἀνημελὲχ
627 4324 711 4386 θεοῖς
746 4313 792 4376 δα.
820 4313 909 4388 2υίός
933 4318 1027 4383 εἴκοσι
1051 4320 1102 4380 καὶ
1119 4321 1204 4381 πέντε
1225 4314 1297 4376 ἐτῶν
1319 4317 1350 4376 ἕν

108 4400 339 4483 Σεπφαουριιίμ.
365 4398 396 4440 ³²
408 4399 458 4461 καὶ
475 4387 551 4478 ἦσαν
563 4391 710 4480 φοβούμε·
747 4400 791 4478 τῴ
808 4395 969 4479 βασιλεύειν
988 4396 1096 4470 αὐτὸν,
1122 4398 1173 4458 καὶ
1189 4393 1281 4455 εἴκοσι
1300 4396 1351 4456 καί

108 4507 152 4546 νοι
166 4481 220 4546 τὸν
230 4480 338 4568 κύριον.
352 4481 402 4545 καὶ
414 4476 581 4564 κατῴκισαν
594 4477 633 4546 τὰ
643 4479 709 4566 βδε-
748 4481 830 4544 ἐννέα
844 4480 895 4561 ἔτη
907 4479 1091 4562 ἐβασίλευσεν
1108 4471 1353 4576 ίνἹερουσαλὴμη

1305 4575 1363 4614 κατ
