2924 4972
166 227 231 292 510
463 222 497 282 Ν
511 225 540 281 E
548 223 578 280 E
589 223 632 281 M
640 225 659 280 1
670 219 704 280 A
718 222 749 279 Σ
788 221 865 293 KQ.
880 218 908 278 ι’.
924 209 977 276 ια’.
999 215 1047 278 10.
1070 216 1116 277 11.

168 314 1413 334 „—.-—-.--—-----——--—--—-

165 353 241 416 θεοῦ
255 345 344 431 ήμῶν,
369 346 398 387 ³³
412 349 451 419 εἴς
463 343 573 428 ἄρτους
586 349 642 407 τοῦ
655 338 773 426 προςῶ-
805 344 962 446 ζσμένσυμ,
999 341 1127 404 καθίσαι
1153 343 1184 404 ἐν
1204 336 1416 426 Ἰερουσαλήμ.

165 458 235 505 που,
248 434 299 495 καῖ
310 433 422 494 θυσίαν
435 431 492 491 τοῦ
505 426 773 509 ἑνδελεχισμοῦ,καῖ
802 427 818 467 3
831 425 884 488 καὶ
901 448 985 488 ουτοι
1003 426 1033 487 οί
1049 420 1187 506 άρχοντες
1201 427 1256 506 της
1271 419 1373 509 χώρας
1386 431 1416 491 οἳ

167 522 205 590 εἷς
218 509 419 594 όλοκαύτωμα
431 514 487 574 τοῦ
500 509 697 592 ἐνδελεχισμοῦ
710 512 772 572 τῶν
803 503 951 572 ἐκάθισαν
963 510 994 571 ἐν
1002 502 1196 591 Ἰερουσαλήμ
1210 507 1262 609 καὶ
1273 509 1305 570 ἐν
1317 507 1414 574 πόλε-

166 592 339 683 σαββάτων,
375 599 435 659 τῶν
460 597 629 675 νουμηνιῶν,
656 597 695 666 εῖς
718 587 772 665 τάς
804 616 849 657 σιν
859 584 972 655 Ἰούδα.
1012 586 1160 654 ἐκάθισαν
1176 588 1254 693 άνηρ
1272 593 1413 658 ἐνκατα-

166 679 271 780 ξορτάς
289 678 341 742 καῖ
357 682 395 752 εἴς
413 674 452 741 τά
473 671 560 752 άγια,
585 677 636 739 καῖ
653 672 692 738 τά
704 676 771 821 πρρῖ
804 677 895 774 σχέσει
909 672 1014 748 αὐτοῦ,
1027 676 1058 736 ἐν
1070 668 1190 737 πόλεσιν
1198 677 1299 737 αυτῶν
1308 670 1413 760 Ἰσρα-

166 767 328 848 αμαρτίας,
355 755 549 836 ἐξιλάσασθαι
562 761 628 842 περὶ
638 756 741 863 Ἰσραη
762 808 770 832 ,
803 757 849 839 ηλ.
875 761 906 821 σί
924 761 1005 840 ἴερεῖς
1022 759 1074 821 καὶ
1094 760 1125 819 σί
1140 762 1285 831 Λευῖται,
1310 761 1363 821 καὶ
1383 764 1413 824 οῖ

164 848 216 910 καὶ
240 850 278 920 εἰς
301 848 375 927 ε”ργα
393 843 477 906 οἴκου
501 845 558 906 τοῦ
580 846 656 906 θεοῦ
680 845 769 923 ημῶν.
803 843 982 914 Ναθιναῖοι,
996 842 1047 904 καῖ
1056 841 1087 903 οἴ
1101 843 1160 904 υἴοῖ
1170 834 1286 905 δούλων
1299 840 1412 905 Σαλω·

166 928 198 970 33
212 929 262 992 καὶ
280 924 407 1012 κλήρους
424 921 565 1011 ἐβάλομεν
581 925 649 1009 περὶ
660 920 770 1008 κλήρου
801 920 874 1006 μῶν.
913 921 994 988 4καῖ
1011 927 1042 986 ε’ν
1051 919 1246 1025 Ἰερουσαλήμ
1264 919 1412 990 ἐκάθισαν

166 1012 346 1111 ξυλοιμορίας
371 1016 401 1073 οἱ
423 1014 506 1095 ἱερεῖς
527 1008 579 1072 καῖ
598 1014 628 1073 οῖ
644 1014 770 1072 Λευῖται
802 1003 865 1070 άπὸ
880 1010 952 1070 υἴῶν
963 1004 1081 1080 Ἰούδα,
1107 1009 1158 1070 καὶ
1170 1005 1233 1072 άπο
1247 1010 1320 1071 υἱῶν
1331 1013 1412 1073 Βεν-

164 1095 217 1159 καῖ
235 1119 253 1157 ο
268 1091 341 1167 λαός
360 1095 474 1170 ἐνέγκαι
492 1094 531 1165 εἴς
548 1089 630 1156 οἴκον
648 1095 722 1156 θεοῦ
735 1087 771 1174 ή-
803 1096 890 1169 ιαμίν.
916 1086 979 1154 άπό
1000 1092 1072 1154 υἱῶν
1087 1084 1198 1165 Ἰούδα,
1219 1088 1335 1154 Ἀθαία
1349 1089 1412 1168 υἱός

162 1182 235 1261 μῶν,
249 1180 287 1251 εἶς
300 1174 383 1240 οἴκου
395 1178 531 1261 πατριῶν
545 1170 638 1259 ἡμῶν,
651 1178 690 1250 εἴς
704 1199 770 1237 και·
796 1170 889 1249 Ἀζία,
915 1170 979 1247 υἱός
995 1177 1143 1258 Ζαχαρία,
1173 1170 1236 1248 υἱός
1253 1179 1410 1276 Σαμαρία,

164 1256 234 1343 ροῦς
248 1257 311 1325 άπὸ
328 1255 457 1344 χρόνων,
483 1256 620 1322 ἐνιαυτόν
632 1254 695 1322 κατ’
712 1259 770 1320 ἐνι-
802 1254 864 1330 υἱός
888 1262 1046 1337 Σαφατία,
1071 1253 1135 1331 υίός
1160 1255 1334 1339 Μαλελεηλ.
1359 1262 1411 1322 καῖ

164 1341 265 1417 αυτόν,
287 1346 429 1407 ἐκκαῦσαι
442 1342 492 1406 ἐπὶ
506 1338 541 1404 τό
553 1335 768 1426 θυσιαστήριον
801 1337 863 1405 άπό
876 1343 936 1404 τῶν
950 1343 1023 1403 υίῶν
1036 1338 1156 1422 Φαρές,
1183 1341 1197 1383 3
1210 1341 1262 1404 καῖ
1273 1347 1410 1406 Μαασία

163 1432 269 1510 κυρίου
287 1429 365 1490 θεοῦ
388 1423 481 1509 ήμῶν,
494 1420 536 1498 ὡς
552 1426 718 1528 γέγραπται
736 1427 769 1488 έν
801 1423 863 1498 υίὸς
872 1419 1010 1506 Βαροῦχ,
1021 1420 1086 1496 υἱός
1097 1421 1237 1500 Χαλαζά,
1244 1421 1408 1500 υίόςὈζιά,

163 1514 208 1591 τῷ
226 1502 322 1590 νόμῳ,
346 1508 374 1549 ³⁵
389 1509 440 1571 καί
459 1510 570 1584 ἐνέγκαι
588 1532 627 1571 τα
646 1532 768 1592 πρωτο-
801 1503 989 1582 υίὸςἈδαῖα,
1005 1503 1210 1592 υίὸςἸωαρὶ-β,
1229 1502 1293 1581 υἱός
1307 1512 1409 1591 Ζαχα-

162 1587 326 1689 γεννήματα
339 1593 390 1672 τῆς
401 1595 454 1673 γῆς
468 1585 561 1673 ήμῶν,
579 1593 628 1654 καῖ
646 1614 766 1674 πρωτο-
800 1594 879 1674 ρίου,
893 1585 956 1663 υἱός
969 1594 1022 1653 τοῦ
1035 1589 1163 1672 Σηλωνί.
1201 1592 1216 1634 ⁶
1229 1587 1336 1666 πάντες
1349 1592 1409 1654 υίοῖ

162 1697 327 1756 γεννήματα
339 1678 458 1758 καρποῦ
475 1670 587 1747 παντὸς
604 1670 692 1749 ξύλου
711 1676 770 1738 ίνι-
804 1670 904 1757 Φαρὲς
921 1675 952 1736 σί
971 1667 1133 1756 καθήμενοι
1156 1676 1187 1737 ἓν
1201 1671 1407 1778 Ἱερουσαλμ,

164 1755 258 1822 αυτὸν
274 1754 337 1820 κατ’
359 1752 491 1821 ἐνιαυτόν
504 1759 544 1831 εἴς
555 1754 637 1821 οἶκον
655 1761 768 1840 κυρίου,
801 1751 987 1841 τετρακόσιοι
1004 1755 1227 1839 ἕξηκονταοκτῶ
1242 1756 1343 1842 α’νδρες
1356 1701 1408 1821 δυ-

164 1841 195 1883 33
208 1842 259 1904 καῖ
272 1836 311 1904 τά
329 1835 511 1923 πρωτότοκα
529 1843 602 1903 υἱῶν
620 1835 701 1922 ήμῶν
721 1840 770 1903 καὶ
800 1834 920 1920 νάμεως.
959 1841 1037 1903 3καῖ
1057 1831 1143 1904 οῦτοι
1169 1845 1229 1906 υῖοὶ
1253 1843 1407 1923 Βενιαμὶν,

164 1928 279 2007 κτηνῶν
305 1919 394 2004 ήμῶν,
422 1919 463 1997 ῶς
486 1926 652 2008 γέγραπται
670 1924 701 1986 έν
725 1927 768 2006 τῷ
801 1918 894 2006 Σηλώ
908 1918 1409 2007 υίόςΜεσουλάμ,υἴόςἸωάδ,υἱός

164 2002 257 2089 νόμῳ,
283 2009 333 2071 καῖ
353 2002 393 2070 τά
408 2000 592 2090 πρωτότοκα
610 2009 671 2070 τῶν
687 2009 767 2092 βοῶν
802 2006 935 2079 Φαδαῖα,
948 2003 1009 2080 υἱός
1021 2006 1155 2081 Κωλεῖα,
1171 2004 1232 2081 υἱὸς
1245 2012 1408 2084 Μαασῖου,

164 2085 249 2173 ἡμῶν
266 2092 318 2154 καῖ
334 2094 478 2169 ποιμνίων
501 2084 583 2171 ἡμῶν
600 2090 713 2166 ἐνέγκαι
731 2092 769 2163 εἴς
800 2087 863 2162 υίὸς
873 2084 990 2170 Ἐθιήλ,
1005 2086 1067 2164 υίὸς
1077 2087 1185 2164 Ἰεσία,
1212 2091 1293 2155 3καῖ
1306 2088 1408 2156 ὀπίσω

164 2171 249 2237 οἶκον
274 2176 347 2236 θεοῦ
373 2169 465 2254 ἡμῶν,
490 2182 554 2248 τοῖς
581 2171 682 2258 ἱερεῦσι
706 2181 770 2246 τοῖς
800 2169 1268 2276 αὐτοῦΓηβὲ,Σηλῖ,ένυακόσιοι
1282 2179 1409 2239 εἰκοσιο-

164 2254 381 2340 λειτσυργοῦσιν
410 2257 442 2320 έν
468 2256 541 2338 οἴκῳ
569 2259 648 2320 θεοῦ
679 2252 768 2340 ήμῶν.
799 2249 870 2318 κτῶ.
898 2256 977 2318 3καὶ
991 2253 1082 2340 Ἰωήλ
1101 2253 1163 2331 υἱός
1180 2259 1268 2343 Ζεχρὶ
1284 2261 1408 2323 ἐπίσκο·

165 2339 193 2381 ²²
208 2341 259 2403 καὶ
278 2339 331 2423 τήν
354 2335 492 2444 άπαρηήν
514 2344 603 2403 σίτων
621 2334 769 2420 ἡμῶνκαὶ
799 2364 856 2413 πος
870 2334 913 2401 ἐπ’
930 2333 1048 2413 αύτούς.
1067 2342 1117 2404 καῖ
1127 2335 1230 2404 Ἰούδα
1243 2337 1306 2416 υἱός
1314 2339 1408 2406 ’Λσα-

165 2419 218 2487 τὸν
232 2420 350 2509 καρπόν
363 2447 477 2498 παντος
489 2418 589 2499 ξύλου,
604 2423 696 2498 οἴνου,
718 2423 769 2486 καῖ
799 2419 836 2485 νά
850 2417 913 2486 ἀπό
931 2425 983 2504 της
999 2418 1124 2499 πόλεως,
1143 2418 1275 2507 δεύτερος
1299 2427 1329 2469 ¹⁰
1343 2421 1407 2489 άπὸ

164 2505 265 2570 ἐλαίου
279 2507 395 2588 οἴσομεν
408 2518 472 2582 τοῖς
483 2511 603 2589 ἱερεῦσιν
611 2511 651 2581 εἰς
663 2502 699 2570 τό
711 2531 769 2584 γα-
800 2509 859 2570 τῶν
876 2507 983 2590 ἱερέων.
1018 2507 1069 2570 καὶ
1083 2505 1181 2572 Ἰαδία
1199 2505 1261 2583 υῖδς
1274 2506 1407 2612 Ἰωαρὶήλ,

164 2584 343 2668 ζοφυλάκιον
355 2591 439 2656 οἴκου
452 2594 509 2655 τοῦ
521 2593 606 2667 θεοῦ,
619 2591 670 2653 καὶ
682 2583 768 2654 δεκά·
797 2587 907 2672 Ἰαχίν,
933 2593 956 2630 ¹¹
969 2595 1093 2671 Σαραία
1117 2590 1179 2666 υῖὸς
1200 2588 1320 2676 Ἐλκία,
1347 2601 1409 2665 υῖος

162 2695 217 2754 την
230 2677 283 2754 γής
303 2670 384 2756 ήμῶν
400 2685 464 2749 τοῖς
475 2678 623 2749 Λευίταις.
649 2674 700 2736 καὶ
713 2669 769 2737 αῦ-
801 2668 978 2752 Μεσουλάμ,
1006 2670 1068 2747 υῖδς
1080 2671 1228 2751 Σαδδοῦκ,
1254 2672 1317 2749 υίὸς
1330 2682 1408 2740 Μα-

162 2756 210 2817 τοῖ
225 2762 254 2818 οἱ
265 2762 391 2820 Λευῖται
411 2757 598 2831 δεκατοῦντες
616 2760 646 2821 ἓν
658 2751 769 2829 πάσαις
801 2754 893 2840 ριῶθ,
907 2753 968 2830 υἱός
978 2753 1092 2821 Αἴτῶθ
1101 2755 1243 2822 ἀπέναντι
1254 2759 1339 2822 οἴκου
1353 2761 1408 2822 τοῦ

163 2834 267 2900 πόλεσι
281 2838 413 2913 δουλείας
426 2837 517 2942 ήμῶν.
549 2839 580 2880 33
593 2841 644 2902 καῖ
657 2836 769 2903 ἴσταιό
800 2843 882 2904 θεοῦ.
923 2842 950 2881 ¹²
963 2840 1014 2904 καῖ
1033 2848 1063 2904 οἱ
1080 2839 1204 2921 ἀδελφοὶ
1222 2838 1408 2905 αῦτῶνποι-

162 2918 255 3002 ῖερεῦς
269 2917 329 2993 υῖός
341 2917 459 3004 Ἀαρωυ
476 2917 549 3002 μετά
568 2926 622 2985 τοῦ
638 2928 768 2986 Λευῖτου
801 2927 900 2997 οῦντες
912 2919 948 2987 τό
962 2926 1048 3009 ἔργον
1058 2928 1116 2988 τοῦ
1126 2927 1218 2998 οἴκου,
1232 2918 1407 2986 ὀκτακόσιοι

163 3004 195 3064 έν
208 3006 246 3091 τῇ
259 3000 366 3095 δεκάτη
378 3008 437 3067 τοῦ
452 3010 592 3078 Λευίτου,
605 3006 656 3068 καῖ
668 3011 699 3069 οῖ
709 3012 770 3068 Λε-
800 3002 953 3070 εἰκοσιδύο.
992 3007 1043 3071 καῖ
1061 3007 1170 3070 Ἀδαῖον
1203 3003 1265 3077 υῖδς
1284 2999 1404 3085 Ἶεροάμ

162 3094 243 3147 υῖται
255 3083 409 3150 άνοίσουσι
421 3084 475 3171 τήν
487 3083 609 3171 δεκάτην
620 3094 672 3172 τῆς
685 3086 770 3152 δεκά-
802 3094 869 3154 υἱοῦ
884 3087 1037 3163 Φαλαλία,
1051 3085 1239 3170 υίοῦἈμασῖ,
1261 3084 1324 3158 υἱός
1337 3089 1404 3148 Ζα-

163 3167 216 3240 δος
229 3172 268 3241 εἴς
285 3166 366 3233 οἶκον
382 3174 458 3233 θεοῦ
476 3165 558 3251 ήμῶν
573 3176 611 3245 εἰς
630 3171 668 3234 τά
681 3175 770 3248 γαζο-
800 3179 901 3256 χαρία,
929 3169 991 3245 υἱός
1007 3168 1165 3253 Φασσοῦρ,
1191 3165 1252 3242 υίὸς
1270 3168 1406 3251 Μελχία,

162 3245 295 3328 φυλάκια
320 3254 359 3326 εἴς
385 3250 468 3318 οἴκον
493 3256 547 3316 τοῦ
568 3258 652 3318 θεοῦ.
680 3255 710 3296 ³⁹
724 3253 769 3318 ότι
801 3257 827 3297 ¹³
840 3257 892 3319 καὶ
916 3253 1038 3334 ἀδελφοὶ
1059 3249 1156 3316 αὗτοῦ
1180 3248 1317 3335 ἄρχοντες
1342 3279 1408 3316 πα-

161 3336 201 3408 εἴς
216 3333 287 3409 τοὺς
298 3336 472 3420 θησαυροὺς
485 3340 655 3412 εἴςοίσουσιν
669 3343 699 3403 οἴ
712 3340 771 3402 υἴοῖ
803 3343 912 3422 τριῶν,
950 3330 1093 3402 διακόσιοι
1117 3333 1407 3418 τεσσαρακονταδύο.

159 3411 339 3503 Ἰσραήλκαῖ
353 3425 381 3484 οἴ
391 3426 450 3486 υἱοὶ
462 3417 657 3497 ταῦΛευῖτάς
669 3419 769 3504 άπαρ-
800 3423 850 3486 καὶ
861 3419 989 3502 Ἀμασία
1006 3419 1068 3495 υῖδς
1080 3415 1231 3506 Ἔσδριήλ,
1249 3422 1317 3482 υῖοῦ
1337 3426 1408 3484 Με-

161 3498 215 3584 χάς
229 3508 284 3568 τοῦ
298 3509 398 3580 σίτου,
411 3508 531 3570 καὶτοῦ
543 3505 636 3581 οἴνου,
649 3505 770 3569 καὶτοῦ
800 3505 934 3589 σαριμὶθ,
949 3507 1014 3567 υἱοῦ
1024 3501 1153 3587 Ἐμμήρ,
1177 3499 1408 3580 1’3καῖοἰδεληοῖ

161 3584 278 3664 ἐλαίου,
292 3590 342 3652 καί
356 3592 416 3653 ε’κεῖ
426 3583 514 3672 σκεύη
527 3584 566 3653 τά
580 3582 661 3665 άγια,
674 3589 725 3652 καῖ
739 3593 770 3651 οῖ
800 3586 894 3653 αὐτοῦ
920 3587 1045 3650 δυνατοὶ
1066 3581 1276 3671 παρατάξεως,
1302 3581 1406 3648 ἑκατόν

161 3672 244 3750 ἱερεῖς
256 3673 308 3734 καὶ
321 3678 350 3734 οῖ
365 3670 534 3756 λειτουργοὶ
550 3673 602 3736 καῖ
618 3675 649 3736 οῖ
666 3671 769 3735 πυλω-
799 3668 980 3746 εἴκοσιοκτιδ,
993 3671 1046 3733 καὶ
1058 3669 1220 3742 ἐπίσκοπος
1230 3664 1347 3750 Βαδιήλ
1360 3668 1407 3729 υί-

161 3752 210 3833 ροῖ
222 3753 273 3814 καὶ
285 3759 315 3814 οῖ
327 3751 458 3835 ᾄδοντες,
471 3754 523 3817 καῖ
533 3751 586 3817 οῦκ
597 3754 769 3832 ἔγκαταλεί-
800 3752 833 3829 ός
846 3758 906 3818 τῶν
918 3749 1062 3835 μεγάλων.
1091 3753 1176 3815 13καὶ
1186 3749 1248 3816 άπὸ
1261 3754 1320 3814 τῶν
1326 3755 1407 3812 Λευ-

163 3853 259 3915 ιμομεν
271 3833 322 3897 τὸν
335 3833 420 3899 οἶκον
433 3840 489 3900 τοῦ
505 3840 580 3900 θεοῦ
593 3833 683 3918 ήμῶν.
799 3841 871 3901 ιτῶν
882 3837 1012 3920 Σαμαία
1025 3831 1091 3910 υἶδς
1100 3830 1254 3920 Ἐορικάμ,
1279 3835 1408 3898 17Ματ-

344 3923 377 3979 K
389 3925 418 3981 E
430 3922 469 3981 Φ.
513 3915 587 3982 ΙΑ’.
799 3925 909 3993 θανίας
936 3915 1000 3994 υἱός
1024 3914 1124 4001 Μιχά,
1137 3919 1189 3982 καὶ
1208 3913 1322 4003 Ἰωβήβ
1347 3912 1409 3990 υῖδς

166 3965 246 4061 Καὶ
258 3993 406 4063 ἐκάθισαν
423 4006 455 4065 οῖ
471 3997 608 4085 άρχοντες
621 4003 678 4063 τοῦ
689 3999 768 4065 λαοῦ
799 4002 941 4083 Σαμουῒ,
980 4003 1008 4044 ¹⁸
1036 3997 1183 4066 διακόσιοι
1208 3998 1411 4103 ὀγδοηκοντα-

161 4083 193 4144 ἐν
212 4077 414 4164 Ἰερουσαλήμ.
454 4087 506 4148 καὶ
530 4086 561 4146 οῖ
586 4079 767 4147 κατάλοιποι
799 4089 944 4172 τέσσαρες.
971 4086 1064 4148 13καῖ
1085 4087 1117 4148 οἴ
1132 4084 1270 4168 πυλωροὶ
1292 4079 1409 4166 Λκοῦβ,

160 4168 216 4227 τοῦ
238 4163 315 4227 λαοῦ
341 4160 489 4248 έβάλοσαν
506 4161 632 4248 κλήρους
655 4169 766 4243 ἐνέγκαι
802 4169 937 4251 Τελαμῖν,
959 4168 1012 4232 καὶ
1024 4172 1055 4232 οῖ
1068 4165 1194 4247 άδελφοῖ
1206 4164 1320 4241 αὐτῶν,
1339 4166 1411 4230 ἕκα-

162 4250 216 4312 ἕνα
231 4244 294 4312 άπὸ
308 4250 369 4311 τῶν
388 4247 459 4311 δέκα
475 4253 600 4312 καθίσαι
613 4245 767 4335 ένἾερου·
798 4251 853 4317 τόν
864 4247 1137 4339 ἑβδομηκονταδύο.
1178 4251 1209 4291 ²²
1221 4252 1272 4314 καὶ
1285 4251 1409 4313 ἐπίσκο-

162 4329 261 4415 σαλήμ
273 4328 359 4395 πόλει
377 4334 415 4423 τῇ
434 4325 516 4413 άγίη,
536 4331 587 4395 καί
599 4333 679 4397 ἐννέα
691 4336 765 4420 μέρη
797 4361 856 4411 πος
867 4339 1009 4401 Λευιτῶν
1021 4332 1083 4409 υίὸς
1097 4334 1189 4411 Βανῖ,
1203 4329 1266 4406 υίὸς
1275 4329 1350 4408 Ὀζῖ,
1363 4338 1410 4394 vt-

160 4415 192 4483 ἕν
204 4425 269 4490 ταῖς
281 4413 391 4479 πολεσι.
418 4416 496 4478 2καῖ
508 4409 664 4498 εὐλόγησεν
677 4413 694 4480 ὁ
709 4416 767 4482 λα-
798 4415 975 4503 ὸςἈσαβία,
990 4412 1163 4521 υἱὸςΜιηά.
1202 4411 1265 4480 άπό
1278 4410 1410 4478 υίῶνἍ·

159 4493 192 4575 ός
207 4495 276 4576 τους
289 4497 405 4575 πάντας
423 4496 533 4589 ἄνδρας
548 4495 616 4578 τοῦς
629 4501 766 4567 ἑκουσια-
798 4499 862 4584 σάφ
875 4505 937 4567 τῶν
956 4495 1091 4584 ᾀδόντων
1104 4501 1248 4567 απέναντι
1261 4499 1352 4585 ἔργου
1364 4495 1413 4562 οἴ-

1355 4606 1411 4646 ιιου
