2924 4972
318 230 611 331 ΒΑΣιΛέιαιν
639 268 876 333 mmm
914 270 990 346 ιιιφ.
1003 262 1033 330 ι’.
1048 268 1077 331 5.
1256 267 1320 335 379

71 382 201 453 ἐνώπιον
213 386 266 466 τῆς
276 379 415 460 γυναιιῶς
426 378 562 465 Ναιμάν.
588 383 603 424 ³
618 378 637 465 ή
650 382 683 446 δέ
714 386 784 457 τοῦ,
798 383 849 445 καί
861 379 1011 465 ἐλάλησαν
1022 380 1098 468 πρὸς
1111 378 1212 449 αὐτόν.
1229 390 1322 468 μέγαν

72 468 134 535 εἶπε
146 471 184 561 τῇ
195 470 289 571 μυρία
302 463 403 566 αὐτῆς.
429 463 538 568 ὄφελον
549 462 568 529 ὁ
581 460 682 549 κύριός
714 463 806 573 λήγρν
824 459 965 564 ὲλάλησεν
982 460 1172 568 δρτροφήτης
1188 466 1266 568 πρὸς
1279 471 1322 535 σέ.

71 578 130 637 μου
147 555 274 617 ἐνωπων
292 574 348 616 του
361 572 522 635 προφητου
533 551 590 612 τοῦ
604 552 680 613 θεοῦ
714 574 781 632 ουχι
798 572 944 631 ποιησεις,
972 574 1024 612 και
1045 544 1092 612 ὅτι
1109 548 1171 614 εέπε
1187 576 1263 635 προς
1280 551 1323 631 σέ,

71 639 129 701 τοῦ
152 637 184 700 ἐν
206 636 378 719 Σαμαρείᾳ,
407 628 475 698 τότε
500 627 681 707 ἀποσυνάξει
714 632 820 696 λοῦσαι
839 633 1117 717 ναίιιαθορίσθητι.
1144 632 1173 675 ¹⁴
1186 637 1323 700 ιιαίιιατ-

73 715 168 785 αδτὸν
183 714 248 782 ἀπὸ
265 721 319 801 τής
336 716 395 781 λέπ
435 717 574 792 ςαῦτοῦ.
601 712 682 780 *καί
714 718 767 800 έβη
784 712 910 797 Ναιμὰν
934 715 987 778 καί
1011 716 1198 800 έβαπτίσοτο
1224 720 1257 784 έν
1278 722 1323 801 τῷ

72 800 185 886 είςήλθε
202 801 254 864 ιιαί
269 797 384 883 ἀπήγγε
443 802 489 883 τῷ
501 804 596 884 κυρίῳ
609 798 682 862 έαυ-
710 793 850 888 ’Ῑορδάνη
863 792 986 872 ἑπτάκις
998 796 1078 864 κατὰ
1093 796 1131 863 τὸ
1150 802 1229 883 ῥῆμα
1241 797 1323 864 Ἑλι-

71 891 139 970 τής,
153 885 205 950 καί
217 882 302 948 εἶπεν.
328 878 425 958 οῦτως
436 883 489 946 καί
501 876 598 956 οῦτως
610 877 682 946 ἐλεί-
714 883 789 947 σαιέ.
802 881 854 944 ναί
866 882 1044 966 ἐπέστρεφεν
1057 875 1075 964 ή
1088 878 1162 967 σάρξ
1172 881 1268 947 αὐτοῦ
1281 879 1323 959 ῶς

72 971 90 1035 λ
110 993 160 1034 σεν
175 965 192 1051 ή
207 972 298 1042 νεᾶνις
311 963 329 1050 ή
343 969 376 1030 ἐκ
386 969 441 1050 γῆς
449 959 581 1048 Ἰσραήλ
603 963 682 1028 1ιιοιί
714 960 787 1048 οάρξ
796 963 959 1070 παιδαρίου
970 967 1095 1050 μικροῦ,
1111 967 1162 1028 καί
1174 968 1323 1052 έναθαρί·

71 998 134 1119 εύπε
153 1048 290 1136 βασιλεὺς
307 1055 420 1134 Συρίας
444 1047 521 1134 πρὸς
546 1044 681 1129 Ναιμάν.
714 1056 783 1131 σθη.
814 1046 906 1110 11ναι
922 1049 1085 1132 ἐπέστρεψε
1101 1074 1126 1113 π
1150 1045 1157 1067 “
1190 1044 1323 1114 Ἰἐλισαιέ

72 1137 172 1220 δεῦρο,
185 1132 293 1210 εἴςελθε
305 1133 357 1197 ιιαί
369 1129 558 1206 ἐξαποστελῶ
568 1128 683 1216 βιβλίον
714 1126 808 1204 αύτδς
824 1131 877 1193 ιιαί
892 1133 978 1195 πᾶσα
995 1074 1199 1216 ήπαρεμβάλή
1216 1129 1322 1208 αἰετοῦ,

72 1216 150 1303 πρὸς
186 1215 289 1281 ασιλέα
303 1208 437 1301 Ἰσραήλ
463 1216 517 1279 ιιαλ
533 1208 684 1298 ἐπορεύθη
714 1202 914 1295 ναίήλθιναί
926 1214 997 1295 ἐστη
1010 1208 1135 1279 ἐνώπιον
1147 1211 1324 1289 αῦτοῦ,ιιοί

74 1302 159 1365 καλέ
229 1301 289 1363 νέν
301 1301 340 1383 τῇ
352 1298 425 1381 χειρί
436 1294 534 1360 αὐτοῦ
544 1294 617 1360 δέιια
627 1290 685 1360 τά-
714 1293 802 1371 εέπεν,
829 1292 896 1361 ίδού
914 1296 1028 1372 ἔγνωκα
1044 1291 1091 1360 ὅτι
1110 1293 1167 1360 οὖν
1178 1297 1239 1362 ἐστι
1251 1293 1323 1372 θεὸς

76 1381 174 1446 λαντα
197 1379 359 1485 ἀργυρίου,
390 1377 447 1480 μοὶ
480 1377 684 1462 έξονιςχιλίους
716 1381 747 1445 ἐν
759 1373 842 1481 πίση
855 1403 943 1484 {yyy
951 1373 1033 1480 ,θὸτι
1048 1376 1148 1481 ⁸c'tuss’gf
1161 1381 1248 1462 ἐντῷ
1261 1376 1323 1483 ’¹⁰2‘

74 1460 684 1632 πίθων
715 1461 1324 1611 μεμυθευμένων

74 1627 201 1717 βασιλέα
215 1626 352 1714 Ἰσραήλ,
375 1627 475 1707 λέγων.
504 1628 556 1692 ιταέ
572 1633 625 1695 νῦν
641 1624 683 1703 ῶς
713 1629 749 1706 ξ’
760 1624 861 1715 κύριος
872 1616 900 1712 ᾧ
911 1622 1065 1715 παρέστην
1076 1623 1204 1694 ἐνῶπιον
1216 1626 1322 1711 αὐτοῦ,

75 1711 114 1780 ἀν
139 1711 221 1804 ἔλθη
246 1710 283 1776 τὸ
300 1710 414 1798 βιβλίον
433 1713 528 1777 τοῦτο
545 1710 621 1797 πρὸς
638 1709 682 1787 σέ,
714 1656 749 1777 εί
757 1710 905 1795 λήψομαι.
935 1713 987 1776 ναί
1003 1737 1068 1798 παρ
1110 1709 1209 1777 ἀσατο
1228 1709 1322 1777 αὐτὸν

75 1793 144 1861 ίδού
167 1793 326 1862 ἀπέστειλα
345 1792 424 1898 πρὸς
438 1792 470 1860 σέ
487 1791 612 1878 Ναιμὰν
630 1791 684 1860 τὸν
713 1794 825 1897 λαβεῖν,
837 1794 888 1859 ιιοί
900 1790 1055 1877 ἦπείθησε.
1069 1801 1081 1837 1
1100 1798 1152 1860 καί
1164 1793 1227 1860 είπε
1239 1797 1322 1859 Ναι-

73 1873 183 1945 δοῦλύν
206 1904 280 1962 μου,
305 1880 356 1943 καί
372 1872 567 1954 αποσυνάξεις
586 1873 683 1943 αὐτὸν
713 1902 784 1963 μον.
809 1878 860 1944 καί
872 1880 898 1942 εέ
909 1875 963 1960 μή,
978 1873 1102 1981 δοθήτω
1114 1874 1151 1963 δή
1163 1883 1206 1961 τῷ
1221 1873 1321 1981 δούλιρ

73 1960 136 2027 ἀπὸ
150 1966 202 2045 τῆς
214 1961 326 2048 λέπρας
344 1959 451 2027 αὐτοῦ.
477 1963 555 2026 1ιιαί
568 1963 682 2038 ἐγένετο
715 1986 771 2028 σου
794 1956 887 2044 γέμος
911 1962 1012 2037 ζεῦγος
1035 1959 1176 2045 ημιόνων,
1214 1958 1260 2028 ὅτι
1286 1987 1322 2027 ου

74 2041 114 2120 ῶς
124 2042 236 2123 ἀνέγνω
244 2041 510 2150 βασιλεὺςἸσραήλ
515 2040 552 2107 τὸ
558 2043 681 2189 βιβλίον,
713 2041 831 2129 ποιήσει
843 2046 886 2108 ἔτι
899 2039 918 2107 ὁ
931 2039 1039 2120 δοῦλός
1054 2071 1111 2111 σου
1123 2041 1322 2127 ὁλοκαύτωμο

74 2129 202 2215 διέρρηξε
218 2153 259 2192 τα
277 2121 381 2208 ίμάτια
398 2123 495 2189 αὐτοῦ
507 2127 559 2188 καὶ
569 2150 582 2188 ε
593 2149 638 2189 πε.
664 2121 683 2188 δ
715 2128 766 2190 καί
777 2132 933 2208 θυοίασμα
944 2136 1027 2205 θεοῖς
1039 2125 1152 2214 ἑτέροις
1166 2125 1229 2193 ἀλλ’
1245 2125 1264 2212 ἦ
1279 2130 1321 2192 τῶ

73 2210 145 2286 θεὸς
169 2208 230 2289 ἐγὼ
254 2213 311 2275 τοῦ
335 2208 516 2272 θανατῶσαι
539 2208 592 2272 καί
623 2230 685 2270 ωο-
715 2213 807 2292 ιιυρίῳ
825 2212 870 2290 τῶ
886 2205 995 2294 ῥήματι
1011 2206 1119 2297 τούτῳ.
1146 2192 1322 2277 11ιιαίίλά-

73 2300 208 2380 ποιήσαι,
218 2290 266 2359 ὅτι
279 2275 369 2366 ούτος
379 2284 556 2355 ἀποστέλλει
564 2285 685 2374 πρδςμέ
716 2314 796 2355 σεται
812 2287 914 2377 κύριος
924 2298 969 2376 τῷ
987 2290 1084 2377 δούλῳ
1095 2320 1148 2361 σου
1166 2296 1198 2359 ἐν
1209 2298 1254 2378 τῷ
1266 2298 1320 2369 είς-

75 2374 263 2453 ἀποσυνάξαι
287 2374 382 2462 ἀνδρα
408 2370 471 2438 ἀπὸ
499 2377 552 2453 τῆς
572 2373 685 2457 λέπρας
714 2367 896 2458 πορεύεσθαι
913 2375 968 2440 τὸν
983 2373 1085 2462 κύριόν
1101 2403 1159 2461 μου
1180 2381 1219 2453 είς
1237 2376 1321 2443 οἶιιον

76 2457 189 2535 αὐτοῦς
216 2455 264 2522 δτι
278 2457 359 2542 πλήν
371 2461 464 2536 γνῶτε
482 2452 519 2534 δή
532 2457 587 2521 καί
599 2455 683 2530 ἴδετε,
710 2451 837 2539 Ῥεμμάν
854 2464 1051 2542 προςιιυνήσαι
1068 2464 1134 2525 ἐκεῖ.
1159 2462 1212 2526 καί
1229 2457 1321 2534 αὐτὸς

77 2535 126 2604 ὅτι
137 2541 352 2642 προφασίζεται
365 2532 454 2614 οῦτάς
461 2567 521 2643 μοι.
535 2539 607 2604 8καί
620 2539 684 2616 ἐγέ-
715 2535 961 2606 ἐπαναπαύσεται
986 2545 1037 2607 ἐπί
1061 2547 1114 2627 τής
1138 2539 1231 2629 χειρός
1254 2569 1321 2626 μου,

78 2646 146 2689 νετο
159 2648 201 2697 ως
212 2620 336 2705 ἤκουσεν
343 2618 487 2699 Ἓλισαιο,
508 2617 554 2687 δτι
567 2622 684 2727 διέῤῥη-
715 2625 766 2688 καί
777 2620 968 2708 προςιιυνήσω
981 2627 1012 2688 ἐν
1022 2624 1095 2708 οίιιῳ
1103 2622 1230 2710 Ῥεμμάν
1238 2631 1321 2710 ἐντῶ

76 2707 124 2781 ξεν
137 2701 155 2770 ὃ
167 2702 306 2792 βασιλεὺς
321 2701 444 2788 Ἰσραήλ
456 2702 495 2770 τά
511 2700 612 2786 ίμάτια
625 2732 682 2770 αυ-
712 2719 883 2792 προςιιυνεῖν
895 2705 989 2773 αὐτὸν
999 2710 1030 2771 ἐν
1040 2708 1115 2792 οίκῳ
1123 2704 1259 2793 Ἡμμάν,
1270 2713 1321 2775 καί

75 2789 146 2864 τοῦ,
172 2789 224 2855 καί
240 2784 393 2853 ἀπέστειλε
404 2784 481 2874 πρὸς
491 2785 544 2854 τὸν
555 2789 682 2875 βασιλέα
714 2786 847 2857 ίλάσεται
865 2787 901 2876 δή
922 2788 1024 2878 κύριος
1040 2797 1085 2875 τῶ
1102 2789 1200 2878 δούλῳ
1219 2820 1273 2858 σου
1292 2797 1321 2857 έν

69 2869 208 2979 Ἰσραήλ,
234 2870 339 2948 λέγων.
366 2877 445 2937 ίνατί
467 2872 617 2959 διέρρηξας
641 2872 682 2939 τὰ
712 2869 850 2959 τῷλόγῳ
863 2871 969 2961 τούτῳ.
995 2875 1321 2943 19ιιαίεέπενἛλισαιέ

72 2960 177 3039 ίματια
189 2982 261 3037 σου,Ι
284 2953 400 3019 ἐλθέτω
414 2953 449 3038 δή
463 2956 539 3040 πρὸς
550 2954 679 3039 μὲΝαι-
711 2957 789 3043 πρὸς
801 2955 933 3040 Ναιμάν.
958 2960 1046 3045 δεῦρο
1064 2966 1104 3035 εἷς
1120 2955 1243 3044 εἰρήνην.
1269 2960 1321 3024 καί

68 3039 130 3145 μάν
142 3040 194 3105 καί
204 3033 326 3118 γνῶτω,
343 3034 392 3105 ὅτι
404 3038 469 3104 ἐστί
481 3034 636 3122 προφήτης
648 3042 680 3105 ἐν
711 3038 847 3126 ἀπῆλθεν
865 3039 915 3106 ἀπ’
939 3041 1034 3108 αὐτοῦ
1052 3049 1091 3119 είς
1104 3041 1249 3129 Δεβραθά
1268 3046 1320 3127 τής

76 3121 197 3211 Ισραήλ
224 3123 304 3186 9καί
321 3111 398 3203 ἦλθε
410 3125 535 3204 Ναιμὰν
552 3125 679 3206 ἐνίππῳ
705 3128 771 3224 γῆς.
812 3126 843 3168 ²⁰
856 3127 908 3191 ιιαί
934 3125 996 3192 εἷπε
1012 3130 1092 3206 Γιεζί
1108 3123 1145 3194 τὸ
1159 3119 1319 3212 παιδάριον

71 3212 122 3275 καί
134 3204 254 3292 ἀρματι,
276 3205 329 3269 ιιαί
340 3209 410 3289 ἔστη
423 3206 473 3270 ἐπί
484 3201 583 3292 θέρος
595 3207 679 3272 οἴκου
714 3203 844 3274 Ελισαιέ.
871 3207 937 3276 ίδού
956 3214 1098 3292 ἐφείσατο
1116 3209 1134 3277 ὁ
1148 3207 1248 3296 κύριός
1260 3235 1318 3294 μου

64 3284 202 3357 Ἔλισαιέ.
243 3290 272 3332 ¹⁰
284 3290 336 3353 καί
359 3285 527 3354 ἀπέστειλεν
546 3285 678 3354 Ἕλισαιὲ
710 3295 766 3354 τοῦ
784 3292 908 3370 Ναιμάν
924 3298 981 3357 τοῦ
993 3289 1095 3377 Σύρου
1112 3292 1237 3369 τούτου,
1262 3295 1318 3358 τοῦ

69 3372 197 3452 ἀγγελον
211 3368 290 3456 πρὸς
306 3368 416 3450 αῦτὸν,
440 3371 543 3450 λέγων.
568 3399 678 3455 πορευ-
709 3369 749 3455 μή
767 3372 866 3457 λαβεῖν
882 3375 913 3436 ἐν
930 3371 1024 3458 χειρὸς
1040 3372 1137 3439 αὐτοῦ
1156 3370 1179 3438 ἀ
1195 3371 1317 3457 ἐνήνοχε.

68 3458 134 3529 θείς
152 3455 258 3519 λοῦσαι
277 3450 399 3530 ἓπτάκις
417 3458 448 3520 ἐν
464 3461 509 3540 τῶ
528 3452 677 3549 Ἰορδάνη,
710 3456 744 3546 ζῇ
757 3450 874 3540 κύριος,
888 3449 940 3528 ὅτι
952 3461 977 3519 εί
988 3454 1027 3537 μή
1040 3457 1205 3542 δραμοῦμαι
1219 3453 1317 3520 ὀπίσω

68 3539 123 3604 καί
149 3538 317 3641 ἐπιστρέψω
343 3533 361 3621 ή
385 3533 461 3624 σοίρξ
478 3565 534 3604 σου
552 3539 603 3604 σοί
628 3541 679 3603 καὶ
710 3534 807 3602 αὐτοῦ
812 3586 822 3613 ,
847 3539 898 3603 καί
923 3532 1056 3621 λήψομαι
1081 3535 1132 3602 ἀπ’
1160 3538 1256 3602 αὐτοῦ
1278 3562 1316 3601 τι.

68 3631 296 3707 ιιαθαρισθηοη.
322 3623 347 3662 ¹¹
359 3623 411 3686 καί
429 3618 576 3705 ἐθυμώθη
594 3625 678 3685 Ναι-
709 3623 792 3686 21ιιαί
804 3622 901 3698 ἐδίωξε
911 3622 994 3697 Γιεζὶ
1005 3618 1103 3687 ὀπίσω
1116 3625 1172 3686 τοῦ
1184 3615 1316 3724 Ναιμάν.

67 3706 127 3789 μάν
139 3706 191 3770 καί
203 3688 333 3810 ἀπήλθε,
345 3707 397 3770 καί
408 3703 492 3771 εἶπεν.
507 3703 571 3771 ἰδοὺ
584 3702 677 3781 εἶπον,
709 3705 761 3768 καί
773 3703 843 3770 εἶδεν
856 3703 950 3771 αὐτὸν
959 3703 1084 3787 Ναιμὰν
1096 3708 1236 3791 τρέχοντα
1247 3711 1318 3771 σπί-

68 3788 195 3876 πρὸςμὲ
213 3813 334 3864 παντως
352 3787 529 3865 ἐξελεύσεται
543 3789 593 3855 καί
606 3787 678 3872 στή-
710 3813 754 3852 σω
774 3786 888 3864 οῦτοῦ,
914 3791 965 3854 καὶ
981 3791 1162 3875 ἐπέστρεφεν
1179 3787 1242 3855 ἀπὸ
1260 3792 1318 3856 τοῦ

70 3898 165 3949 σεται,
194 3875 246 3938 ναί
270 3872 472 3938 ἐπικαλέσεται
497 3875 527 3939 ἐν
553 3870 677 3956 ὀνόματι
709 3867 843 3955 δέρματος
856 3876 896 3947 εἰς
908 3869 1045 3957 ἀπαντήν
1057 3871 1154 3940 αὐτοῦ
1164 3875 1216 3939 ιιαί
1228 3872 1316 3940 εἶπεν.

68 3962 146 4023 θεοῦ
161 3953 274 4030 αύτοῦ,
297 3955 350 4018 καί
370 3951 505 4038 ἐπιθήσει
521 3953 575 4040 τήν
594 3967 677 4042 χεῖρα
708 3950 815 4061 ελρήνη.
840 3951 901 4021 ²²5
918 3951 1021 4062 ιιύριόή
1032 3982 1090 4041 μου
1109 3954 1265 4025 ἀπέστειλέ
1283 3981 1318 4039 με

67 4041 166 4105 αὐτοῦ
179 4040 228 4104 ἐπί
240 4035 294 4104 τὸν
306 4032 412 4113 τόπον,
433 4040 485 4103 ιιαί
496 4036 676 4119 ἀποσυνάξει
708 4038 817 4119 λέγων,
845 4037 911 4106 ἰδού
929 4044 982 4107 νῦν
1000 4041 1098 4126 ηλθον
1114 4040 1190 4127 πρὸς
1207 4039 1244 4127 μὲ
1262 4039 1317 4106 δύο

67 4119 104 4188 τὸ
117 4117 236 4208 λεπρόν.
256 4119 358 4207 1ίοῦχί
370 4119 489 4200 ἀγαθὸς
502 4119 613 4210 Ἀβανά
626 4127 677 4190 καί
707 4119 853 4212 παιδάρια
871 4126 901 4201 ἐξ
920 4123 1008 4210 ὅρους
1030 4121 1087 4207 Ἐφ
1107 4129 1159 4209 αίμ
1176 4123 1241 4191 ἀπὸ
1257 4129 1318 4190 τῶν

68 4206 203 4293 Φαρφὰρ
234 4208 369 4289 ποταμοί
399 4211 564 4288 Δαμασκοῦ
600 4204 675 4293 ὑπὲρ
708 4213 779 4275 υίῶν
802 4212 863 4274 τῶν
881 4213 1055 4294 προφητῶν.
1086 4150 1140 4286 δὸς
1157 4207 1194 4294 δή
1213 4205 1317 4284 αῦτοϊς

67 4285 169 4355 πάντα
182 4288 220 4356 τὰ
231 4285 325 4355 ῦδατα
334 4287 459 4374 Ἰσραήλ
465 4319 477 4368 ,·
490 4288 556 4397 οῦήί
567 4317 676 4377 πορευ-
708 4287 856 4358 τάλαντον
872 4289 893 4357 ἀ
912 4298 1031 4380 γυρίου,
1057 4295 1108 4358 ιιαί
1125 4289 1181 4359 δύο
1201 4288 1316 4357 ἀλλασ·

67 4375 131 4448 θείς
143 4368 288 4457 λούσομαι
303 4377 334 4439 ἐν
347 4372 450 4448 αὐτοῖς
454 4423 465 4451 ,
482 4399 533 4438 και
545 4385 676 4457 καθαρι-
708 4377 832 4455 σομένας
845 4318 962 4452 στολάς.
984 4379 1013 4420 ²³
1025 4379 1077 4442 καί
1089 4375 1159 4439 εἶπε.
1186 4367 1258 4458 λάβε
1271 4373 1317 4437 δι-

66 4452 239 4541 σθήσομαι,·
266 4457 318 4522 καί
334 4457 455 4533 ἐξέκλινε
472 4457 524 4521 καί
540 4454 677 4537 ἀπῆλθεν
708 4453 857 4524 τάλαντον
879 4455 1034 4543 ἀργυρέου.
1073 4458 1126 4520 ιιοιί
1146 4454 1205 4520 ἔλα
1226 4481 1238 4518 ε
1258 4451 1316 4518 δύο

65 4543 96 4606 ἐν
109 4543 210 4623 θυμῷ.
228 4541 310 4603 11ιιαί
323 4536 448 4621 ἤγγισαν
461 4543 491 4605 ολ
503 4541 606 4616 παῖδες
619 4537 675 4607 αῦ·
707 4538 841 4609 τάλαντα
867 4537 1010 4626 ἀργυρίου
1028 4541 1060 4603 ἐν
1078 4537 1144 4603 δυσί
1161 4546 1204 4599 θυ
1234 4530 1242 4553 ’
1261 4560 1341 4674 QX

1284 4639 1331 4677 w
