2924 4972
157 218 219 288 οτι
432 212 735 276 mmmm
754 209 931 271 πνουν
969 204 1099 284 κιαι.
1116 206 1143 269 1.

158 307 1404 328 ...—.---.----—-------...

156 349 226 419 τοῦ,
250 343 302 407 καὶ
329 344 361 404 ἐκ
377 343 431 422 της
448 335 542 418 φυλῆς
560 334 637 399 λαοῦ
658 331 763 398 αὐτοῦ.
798 330 854 416 τὴν
865 326 975 396 πολιάν
989 355 1060 404 σου,
1086 328 1135 395 ὅτι
1154 327 1173 433 vj
1189 327 1288 437 νύμφη
1303 329 1320 415 ¹1
1334 331 1413 412 ἄγα.

154 422 297 514 μάρτυρες
310 420 388 506 ύμεῖς
402 418 534 504 σήμερον.
547 419 630 482 11καί
640 417 765 481 εἴποσαν
799 409 921 498 πηοασύ
934 439 976 490 σε,
990 415 1084 477 ἔτεκεν
1096 412 1199 489 αύτον,
1212 412 1233 499 η’
1246 417 1323 480 ἐστιν
1335 414 1409 495 ἀγα.

154 514 215 584 πᾶς
235 506 252 572 ὁ
266 505 339 582 λαός
358 510 388 571 οἶ
400 507 432 568 ἐν
445 507 482 585 τη
494 496 585 592 πύλη.
611 494 764 584 μαρτυρες.
800 494 844 580 θη
856 522 904 562 σοι
918 493 993 581 ὑπὲρ
1006 497 1084 561 ἑπτὰ
1098 491 1189 573 υἱούς.
1216 500 1245 541 ¹⁰
1257 499 1309 563 καί
1321 500 1414 587 ἔλαβε

156 594 208 658 καί
220 594 253 657 οἱ
270 574 471 676 πρεσβύτεροί
481 585 612 649 εἴπασαν.
637 577 699 665 δῴη
713 582 765 644 κύ·
800 582 923 664 Νωεμίν
947 579 985 644 τὸ
1010 580 1149 656 παιδίον,
1179 583 1230 647 καί
1247 582 1354 666 έθηκεν
1374 590 1414 660 είς

157 701 219 761 ριος
231 674 287 758 τὴν
299 667 425 750 γυναῖκά
436 693 490 734 σου
500 666 555 749 την
564 666 766 749 είςπορευομέ-
800 661 855 729 τὸν
867 657 983 727 κόλπον
996 659 1100 746 αὐτῆς,
1125 667 1177 728 καί
1189 659 1314 749 ἐγενηθη
1326 662 1411 750 αύτῷ

156 781 208 843 νην
226 761 264 831 είς
280 755 334 820 τὸν
352 747 435 819 οἶκόν
453 777 506 817 σου
525 744 565 824 ὡς
584 744 697 832 Ῥαχὴλ
716 748 767 811 καί
801 751 839 821 είς
852 740 983 830 τιθηνόν.
1011 747 1038 786 ¹⁷
1050 747 1101 809 καί
1113 742 1256 814 ἐκάλεσαν
1268 745 1364 812 αὐτοῦ
1378 755 1413 815 αἱ

157 839 198 915 ὡς
213 845 312 914 Δίαν,
338 844 373 902 αἳ
388 829 581 935 ᾠκοδόμησαν
600 826 767 915 ἀμφότεραι
800 835 929 907 γείτονες
941 826 1046 910 ὄνομα,
1059 826 1208 906 λέγουσαι.
1227 829 1334 934 ἐτέηθη
1348 830 1412 908 υίὸς

157 923 211 991 τὸν
223 920 308 988 οἶκον
321 925 376 986 τοῦ
394 915 534 1001 Ἰσραηλ,
560 915 611 977 καί
623 917 767 996 ἐποίησαν
801 916 840 1004 τῇ
859 913 999 994 Νιοεμίν,
1024 913 1077 977 καί
1093 907 1235 978 ἐκάλεσαν
1253 937 1290 977 το
1314 912 1412 997 ὄνομα

157 1002 279 1087 δύναμιν
292 1007 322 1068 ἐν
332 1001 490 1087 Ἐφραθηὶ,
515 998 660 1062 καλέσσαι
674 994 767 1078 ὄνομα
803 993 915 1070 αὐτοῦ,
937 990 1040 1080 Ὼβηδ.
1080 985 1170 1070 οὗτος
1188 992 1291 1080 πατὴρ
1305 993 1412 1063 Ἰεσσαὶ

157 1093 187 1154 ἐν
197 1094 230 1153 Β
252 1087 351 1166 θλεέμ.
369 1085 460 1147 12καί
471 1084 590 1159 γένοιτο
603 1073 685 1153 οἶκός
698 1104 766 1153 σου,
802 1075 920 1163 πατρὸς
932 1079 1039 1142 Δαυίδ.
1051 1079 1136 1142 18καί
1145 1068 1235 1144 αὗται
1246 1082 1280 1143 αδ
1291 1083 1412 1157 γενέσεις

157 1169 198 1246 ὡς
218 1117 298 1244 ολκος
313 1166 428 1253 Φαρές,
453 1161 488 1231 δν
505 1167 583 1229 ἔτεκε
601 1157 708 1247 Θάμαρ
721 1165 765 1244 τῷ
804 1162 913 1241 Φαρές.
940 1157 1040 1245 Φαρὲς
1061 1163 1190 1245 ἐγέννησε
1207 1161 1263 1226 τὸν
1284 1160 1411 1247 Ἑσρώμ.

155 1251 375 1331 Ἰούδα,ἐιιτοῦ
386 1252 555 1335 σπέρματος
566 1238 604 1311 οὗ
615 1241 702 1310 δώσει
713 1241 766 1308 κύ-
802 1240 961 1329 19Ἐσριδμ
986 1245 1120 1348 ἐγέννησε
1146 1241 1200 1310 τὸν
1224 1241 1328 1329 Ἀράμ.
1360 1249 1412 1311 καί

158 1334 221 1422 ριός
248 1363 296 1402 σοι
331 1337 363 1400 ἐκ
388 1339 441 1435 της
466 1331 624 1412 παιδίσκης
648 1324 766 1411 ταύτης.
797 1325 893 1410 Ἀρὰμ
906 1329 1039 1409 ἐγέννησε
1053 1352 1107 1392 τον
1118 1324 1291 1413 Ἀμιναδάβ.
1318 1332 1348 1372 ²⁰
1362 1332 1414 1394 καί

157 1423 185 1462 ¹³
194 1423 246 1485 καί
259 1419 348 1503 ἔλαβε
360 1418 447 1491 Βοοζ
459 1411 512 1495 την
521 1410 629 1487 Ῥούθ,
641 1411 693 1476 καί
705 1415 766 1488 ἐγε-
799 1406 962 1496 Ἀμιναδάβ
974 1411 1106 1493 ἐγέννησε
1119 1410 1171 1476 τὸν
1183 1406 1350 1477 Ναασσών.
1363 1415 1413 1476 καί

157 1500 235 1585 νηθη
260 1498 344 1581 αύτῷ
362 1502 401 1572 είς
418 1507 560 1574 γυναῖκα,
586 1496 635 1557 καί
653 1493 768 1575 ελςηλθε
803 1490 962 1557 Ναασσών
973 1494 1105 1576 ἐγέννησε
1117 1492 1171 1559 τὸν
1179 1491 1320 1577 Σαλμών.
1331 1495 1414 1560 21καί

157 1584 233 1687 πρὸς
250 1576 352 1665 αὐτην.
377 1581 429 1644 καί
446 1577 552 1642 ἔδωκεν
571 1573 648 1666 αὐτῇ
666 1574 768 1659 κύριος
803 1574 933 1657 Σαλμὼν
946 1579 1077 1659 ἐγέννησε
1089 1573 1143 1642 τὸν
1156 1575 1249 1653 Βοόζ.
1264 1580 1316 1642 καὶ
1327 1577 1415 1654 Βοδζ

158 1690 279 1751 κυησιν,
302 1664 353 1729 καί
364 1664 457 1739 ἔτεκεν
472 1655 547 1723 υίόν.
573 1657 666 1720 14καί
680 1654 768 1722 εἶπαν
804 1660 934 1741 ἐγέννησε
947 1652 1001 1724 τὸν
1011 1653 1114 1745 Ὠβηδ.
1130 1663 1160 1701 ²²
1167 1662 1218 1724 καί
1226 1657 1324 1746 Ὠβηδ
1334 1664 1413 1738 ἐγέν-

159 1755 192 1817 αί
214 1760 347 1827 γυναῖκες
363 1741 440 1831 πρὸς
458 1745 587 1822 Νωεμίν.
613 1736 769 1824 εὐλογητὸς
805 1765 869 1843 νηοε
886 1739 938 1806 τὸν
952 1738 1070 1808 Ἰεσσαί.
1094 1745 1146 1808 καί
1159 1740 1267 1809 Ἰεσσαὶ
1283 1746 1414 1826 ἐγέννησε

159 1828 260 1917 κύριος
273 1827 306 1906 ὃς
318 1827 355 1893 οὗ
367 1825 512 1893 κατέλυσέ
521 1849 569 1888 σοι
579 1818 707 1924 σήμερον
716 1820 770 1887 τὸν
803 1848 856 1888 τον
868 1826 976 1891 Δαυίδ.

159 1913 180 1979 ἆ
215 1916 312 1987 ιστέα,
336 1911 388 1977 καί
403 1907 524 1972 καλέσαι
543 1905 580 1971 τὸ
600 1901 698 1988 ὄνομά
716 1932 768 1971 σου

161 2000 193 2062 ἐν
214 1989 337 2080 Ισραηλ.
375 1996 402 2036 ¹⁶
415 1992 467 2056 καί
483 1994 568 2056 ε”οται
581 2015 631 2054 σοι
648 1994 686 2065 εἰς
703 1991 769 2054 ἐπι·
971 1992 1065 2070 Τέλος
1082 1999 1134 2077 της
1147 1988 1252 2059 Ῥουθ.

160 2082 327 2165 στρέφοντα
339 2072 452 2160 ψυχὴν,
470 2076 589 2141 καὶτοῦ
603 2073 769 2158 διαθρέψαι

461 2371 1117 2484 ΒΑΣΙΛΕΙΩΝ

634 2522 942 2588 ΙΙΡΩΤΗ.

194 2669 218 2698 ⁹'
357 2664 391 2722 K
403 2665 431 2723 Ε
443 2661 482 2721 (ί).
525 2653 582 2721 Α’.
806 2653 908 2739 αὐτῆς,
922 2657 973 2722 καί
984 2681 1064 2721 κατα
1076 2682 1131 2740 την
1143 2663 1275 2738 αθυμίαν
1284 2658 1415 2741 τῆςθλί-

163 2712 362 2826 Ᾰνθρωιτος
386 2729 465 2821 ἦνέξ
484 2736 657 2823 Ἀρμαθαὶμ
674 2733 768 2818 Σιφδι,
805 2758 885 2816 ψεως
912 2738 1013 2822 αὐτῆς.
1038 2743 1090 2805 καί
1114 2733 1222 2822 ἠθύμει
1239 2738 1289 2803 διὰ
1309 2746 1414 2817 τοῦτο,

162 2829 194 2902 ἐξ
218 2823 307 2908 ὅρους
328 2819 474 2905 Ἐφραὶμ,
501 2825 552 2884 καί
569 2817 666 2901 ὄνομα
684 2817 770 2919 αύτρῑ
806 2819 854 2886 δ’τι
868 2823 1030 2889 συνέκλεισε
1046 2816 1146 2905 κύριος
1156 2819 1196 2884 τὰ
1208 2825 1277 2904 περί
1289 2818 1344 2904 τὴν
1355 2819 1416 2905 μη-

157 2902 287 2972 Ἐλκανδι
313 2901 375 2979 υίὸς
401 2898 543 3005 Ἱερεμεηλ
568 2904 637 2965 υἱοῦ
658 2898 769 2967 Ἠλιου
805 2928 880 2988 τραν
898 2902 990 3011 αύσης
1007 2909 1064 2971 τοῦ
1075 2901 1115 2987 μὴ
1132 2904 1234 2969 δοῦναι
1247 2899 1325 2996 αὐτῇ
1339 2931 1415 2969 παι-

161 2994 229 3055 υίοῦ
251 2986 328 3053 Θοκὲ
346 2992 377 3052 ἐν
394 2989 501 3072 Νασίβ
521 2989 653 3068 Εφραίμ.
692 2986 771 3051 2καί
805 2990 876 3052 δίον.
915 2988 1038 3064 7ούτιυς
1071 2991 1164 3053 ἐποίει
1189 2984 1321 3052 ἐνιαυτὸν
1347 2986 1412 3054 κατ’

160 3067 259 3153 τούτῳ
282 3065 335 3134 δύο
360 3080 502 3144 γυναῖκες.
536 3066 631 3150 ὄνομα
648 3071 685 3158 τῇ
702 3074 768 3152 μιᾷ,
806 3067 956 3149 ἐνιαυτὸν,
982 3074 1014 3139 ἐν
1031 3076 1075 3155 τῷ
1089 3069 1255 3157 ἀναβαίνειν
1268 3067 1362 3155 αὐτὴν
1375 3076 1413 3147 είς

161 3154 253 3220 Ἄννα.
279 3154 331 3216 καί
343 3149 438 3231 ὄνομα
451 3155 487 3241 τῇ
502 3151 638 3234 δευτέρη,
657 3153 768 3216 ‹Demi-
805 3152 889 3219 οἶκον
901 3162 1014 3259 κυρίου.
1041 3158 1092 3220 καί
1104 3150 1220 3238 ἠθύμει,
1242 3157 1294 3219 καί
1305 3155 1414 3229 ἔκλαιε,

161 3265 209 3304 να.
249 3238 299 3300 καί
323 3220 360 3336 ην
378 3237 415 3326 τῇ
433 3227 563 3316 (δεννύνη
576 3234 692 3299 παιδία.
718 3237 769 3301 καί
806 3241 856 3302 καὶ
870 3232 926 3302 ούκ
940 3239 1038 3320 η’σθιε.
1072 3234 1329 3304 8καίεῖιτεναιίτ”
1343 3232 1412 3300 Ἑλ·

160 3317 294 3413 τῇἍννη
309 3344 364 3383 ουκ
377 3304 411 3403 ἦν
423 3317 552 3383 παιδίον.
566 3317 637 3382 3καί
650 3315 768 3404 ἀνέβαν·
805 3317 881 3384 κανίι
900 3317 917 3382 ὁ
935 3319 1009 3406 ἀνὴρ
1028 3318 1127 3403 αὐτῆς.
1148 3319 1246 3386 Ἄννα.
1270 3347 1322 3387 και
1336 3317 1413 3383 εἶπεν

160 3430 206 3471 κεν
218 3403 236 3469 ὁ
250 3400 412 3490 ἅνθρωπος
430 3405 460 3478 ἐξ
480 3397 595 3505 ἱημερῶν
607 3405 646 3476 είς
659 3397 768 3486 ἡμέρας
806 3400 900 3486 αύτῷ.
919 3404 984 3468 ίδοίι
998 3400 1056 3481 ἐγώ
1070 3400 1157 3489 κύριε.
1172 3409 1224 3470 καί
1236 3405 1314 3470 εἶπεν
1326 3398 1411 3509 αύτβ.

161 3492 193 3554 ἐκ
206 3488 321 3563 πόλεως
334 3482 431 3552 αὐτοῦ
444 3488 475 3561 ἐξ
491 3488 663 3570 Αρμαθαίμ
676 3509 768 3569 προς·
805 3492 836 3550 τί
847 3489 914 3551 ἐστί
925 3513 972 3552 σοι
992 3483 1040 3552 ὅτι
1053 3486 1159 3563 κλαίεις
1162 3517 1174 3567 ,·
1201 3492 1252 3555 καί
1266 3491 1347 3553 ίνατί
1358 3512 1412 3551 ουκ

160 3585 255 3638 κυνεῖν
277 3574 328 3637 καί
344 3564 429 3635 θύειν
448 3573 539 3654 κυρίῳ
558 3571 601 3648 τῷ
620 3570 685 3647 θεῷ
702 3572 768 3631 Σα-
805 3572 912 3644 ἐσθίεις
916 3603 929 3651 ,·
955 3571 1007 3635 καί
1026 3574 1106 3635 ίνατί
1115 3566 1218 3636 τύπτει
1231 3597 1261 3637 σε
1274 3567 1292 3653 ἡ
1305 3570 1413 3654 καρδία

159 3654 251 3739 βαιδθ
264 3659 303 3728 εἰς
314 3649 436 3753 Σηλώηι.
462 3654 514 3715 καὶ
526 3644 663 3713 ἐκεῖἪλί
675 3652 726 3714 καὶ
737 3652 768 3713 οἱ
807 3677 861 3718 σου
868 3681 880 3731 ,·
907 3649 963 3717 οὔκ
983 3650 1102 3732 ἀγαθὸς
1115 3649 1173 3731 ἐγιύ
1187 3681 1236 3719 σοι
1256 3652 1329 3739 ύιτέρ
1342 3655 1414 3718 δέκα

160 3732 213 3801 δύο
228 3739 289 3800 υίοί
300 3730 396 3798 αὐτοῦ
419 3737 496 3812 Οψνί
506 3736 557 3797 καί
573 3730 671 3807 Φινεές
685 3734 768 3816 ἱερεῖς
806 3737 895 3801 τέκνα
902 3766 914 3815 ,·
952 3738 1030 3801 9καί
1050 3734 1159 3818 ἀνέστη
1179 3735 1268 3803 Ἄννα
1285 3734 1359 3821 μετὰ
1377 3734 1413 3801 τὸ

160 3822 216 3883 τοῦ
229 3822 338 3901 κυρίου.
364 3815 444 3881 *καὶ
454 3811 580 3899 ἐγενηθη
593 3810 698 3901 ιἠμέρα,
717 3818 768 3880 καί
806 3830 910 3897 φαγεῖν
922 3816 1033 3893 αύτούς
1046 3822 1078 3882 ἐν
1090 3816 1182 3901 Σηλαλ
1203 3823 1276 3895 ,καί
1287 3823 1415 3902 κατέστη

161 3895 422 3974 ἔθυσενἜλκανδι,
440 3903 492 3963 καί
503 3902 591 3963 ἐδιοκε
603 3904 639 3991 τῇ
655 3895 765 3963 (ίὶεννύ-
805 3899 931 3967 ἐνώπιον
944 3907 1061 3983 κυρίου,
1072 3904 1123 3965 καί
1133 3894 1177 3964 Ἦ
1200 3906 1205 3925 “
1223 3898 1346 3984 δίερεύς
1365 3905 1416 3968 ἐπί

161 4009 199 4064 νρ
211 3984 327 4058 γυναικί
339 3978 435 4045 αὐτοῦ
448 3984 500 4046 καί
509 3993 571 4055 τοῖς
586 3985 659 4054 υἱοῖς
675 3978 767 4064 αὐτῆς
805 3988 860 4048 τοῦ
871 3983 978 4066 δίφρου
989 3986 1039 4047 ἐπὶ
1047 3986 1107 4046 τῶν
1117 3982 1211 4061 φλιῶν
1221 3985 1293 4045 ναοῦ
1299 3990 1414 4064 κυρίου.

159 4056 285 4151 μερίδας.
321 4062 549 4154 6καὶτῇἌννιη
563 4062 652 4126 ἔδωκε
663 4064 765 4148 μερίδα
804 4066 833 4108 ¹⁰
845 4067 896 4130 καί
920 4061 996 4147 αύτη
1027 4059 1197 4138 κατιύδυνος
1225 4065 1323 4152 ψυχῇ,
1360 4067 1414 4127 καί

158 4155 241 4231 μίαν,
265 4141 313 4211 ὅτι
325 4142 380 4208 ούκ
393 4132 427 4227 ἦν
439 4143 517 4236 αὐτῇ
529 4145 664 4220 παιδίον,
688 4143 766 4246 πλην
803 4140 990 4233 προςηύξατο
1001 4143 1077 4230 πρὸς
1089 4141 1200 4230 κύριον,
1225 4148 1276 4208 καὶ
1287 4142 1393 4211 κλαίου
1401 4189 1413 4203 -

160 4227 207 4295 ὅτι
225 4246 280 4316 την
298 4224 406 4292 ’Άνναν
424 4221 526 4308 ιἠγιίιτα
539 4221 671 4290 Ἔλκανὰ
691 4223 765 4315 δπερ
805 4255 844 4296 σα
865 4229 993 4294 έκλαυσε.
1019 4233 1043 4271 ¹¹
1056 4235 1106 4294 καί
1127 4225 1241 4312 ηίίξατο
1259 4224 1343 4333 εύχέην
1359 4257 1413 4296 κυ-

158 4309 278 4398 ταύτην.
303 4312 354 4377 καί
367 4305 469 4393 κύριος
481 4305 633 4373 ἀπέκλεισε
646 4306 684 4374 τὰ
697 4316 765 4397 περί
804 4318 876 4398 ρίῳ,
901 4311 1043 4389 λέγουσα.
1074 4309 1209 4376 Ἀδωναῒ
1222 4307 1303 4398 κύριε
1325 4313 1411 4378 Ελωέ

158 4394 213 4502 την
229 4394 344 4483 μήτραν
365 4389 472 4473 αὐτῆς,
497 4386 574 4456 6δ’τι
592 4388 646 4456 οὐκ
659 4393 764 4458 ἔδωκεν
803 4390 962 4481 Σαβαὼθ,
988 4390 1040 4459 ἐδν
1064 4394 1232 4480 ἐπιβλέπων
1248 4398 1412 4482 ἐπιβλέψης

159 4487 237 4578 αυτῇ
250 4477 349 4566 κύριος
360 4477 480 4546 παιδίον
498 4472 577 4541 κατὰ
591 4470 645 4560 την
656 4475 765 4561 θλίψιν
803 4480 854 4546 ἐντί
877 4475 931 4562 την
956 4483 1132 4548 ταπείνωσιν
1153 4484 1205 4565 της
1223 4475 1328 4565 δούλης
1345 4468 1412 4556 σού,

1361 4589 1412 4627 και
