2924 4972
172 227 236 297 196
391 226 655 291 AEYTEPON
662 227 760 290 0991
764 226 833 289 ΟΝ
871 228 949 304 Κεφ.
964 215 1011 299 ιζ’.
1025 216 1071 307 ιή.
1087 224 1137 290 17
1152 223 1204 289 18.

171 349 237 442 ρίου
249 367 304 406 του
292 343 391 405 θεοῦ
401 365 464 417 999,
473 365 519 403 πα
538 335 678 403 ελθεῖν
648 364 700 422 τήν
710 341 774 404 699
813 365 858 439 99
882 335 927 403 ἐπ’
957 337 1245 445 69991669919919,
1258 339 1343 404 καθὰ
1369 339 1421 406 καί

172 422 268 510 θήκήν
280 422 387 500 96996,
412 423 427 464 ³
440 423 492 486 καί
484 365 642 497 ἐλθόντες
652 417 777 522 λατρεύ·
812 448 851 486 τα
839 418 955 487 λοιπά
968 426 1043 525 ἔθνή
1052 447 1090 485 τα
1078 417 1201 506 κύκλῳ
1213 447 1282 524 μου,
1295 427 1421 487 15καθι

173 535 245 575 σωσι
256 510 366 583 θεοῖς’
352 509 546 613 ετέροις,
502 506 554 569 καὶ
565 503 777 609 προςκρνήσυν-
814 508 901 610 9969
887 503 1102 609 καταστήσεις
1113 506 1164 570 ἰπὶ
1176 503 1299 570 σεαυτὸν
1312 504 1420 610 69999·

173 618 219 659 σιν
231 590 371 700 αήτοῖς,
374 614 418 671 τῳ
437 585 546 688 ήλὶῳ
527 616 546 674 9
560 614 597 681 τῃ
586 586 777 692 996699,
759 615 777 671 9
813 613 862 688 τα,
875 585 910 653 ὃν
921 612 959 653 αν
968 585 1171 692 ἐκλέξηται
1135 614 1235 674 κυριος
1247 584 1267 655 6
1278 587 1349 665 θεὸς
1363 589 1420 692 96-

172 678 263 741 παντί
279 678 340 776 τῶν
355 675 387 736 ἐκ
410 676 467 736 τοῦ
482 668 597 755 κόσμου
612 677 667 737 τοῦ
685 671 776 776 9699-
814 668 876 738 τόν.
901 674 935 736 ἐκ
956 676 1017 736 τῶν
1034 671 1172 752 ἀθελαῶν
1191 698 1246 738 σου
1266 670 1421 776 καταστή-

172 765 237 835 νοῦ,
250 754 272 823 6
284 783 320 822 99
308 754 495 864 προςεταξέ
505 781 562 834 σοι,
591 755 778 834 4καὶάναγ-
815 753 1071 832 σειςίπίσεαυτὸν
1088 753 1228 856 ἀρχοντρι.
1254 782 1290 821 ου
1279 753 1421 852 ἱ’δυνήσῃ

171 843 239 945 γελήι
257 866 306 907 σοι
323 867 375 905 και
391 835 547 948 ε’κζήτήσής
568 834 729 945 996699,
726 840 778 904 καί
815 843 999 943 καταστῆσαι
1030 839 1080 903 ἐπὶ
1106 836 1229 904 σεαυτὸν
1246 830 1421 949 ἀνθριρπον

174 900 239 991 6696
253 923 428 1028 ἀλήθῶς’
390 948 490 1002 γεγονε
506 922 542 989 τὸ
560 926 654 1026 6699,
661 925 743 1002 γεγίν
814 917 1032 1024 66669996,‘'
1012 947 1059 987 οτι
1072 919 1128 987 οὐκ
1142 919 1270 1031 6696969
1284 950 1336 989 999
1349 929 1419 989 ἐστί.

171 1035 220 1076 ται
244 1035 281 1074 το
269 1007 472 1111 βάελυγμα
476 1010 624 1072 τοῦτον
593 1009 624 1070 9
645 951 777 1110 ’6199966
814 1008 842 1049 ¹⁰
853 1003 930 1071 ὅιοτι
941 1030 979 1071 ου
965 999 1158 1108 πλήθοντι
1144 1031 1241 1088 εαυτω
1254 1033 1356 1081 ιππον,
1366 1033 1420 1072 ου

170 1097 185 1137 ⁶
197 1120 248 1159 και
241 1094 366 1169 ἕξαξεις
379 1115 431 1156 τον
449 1088 615 1196 696999199
628 1087 776 1166 ἐκεινον,
756 1116 776 1174 η
814 1087 890 1155 δι
857 1115 896 1172 μή
915 1085 1096 1192 ἀποστρέψῃ
1112 1088 1166 1154 τὸν
1184 1071 1296 1192 6969‘
1271 1117 1310 1167 εις
1315 1095 1420 1198 3979-

169 1177 259 1281 τήν
234 1187 359 1255 γυναῖκα
371 1176 488 1258 ἰκείνήν,
508 1199 560 1237 και
552 1168 777 1275 λιθσβρλήσετε
814 1197 899 1275 9999,
912 1170 996 1275 6999
1006 1200 1046 1258 99
1036 1169 1303 1276 9696699‘99193
1315 1179 1419 1278 ἵππον.

170 1259 280 1335 αυτοίις
296 1263 328 1324 ἐν
345 1257 455 1336 λίθοις,
481 1282 534 1362 999
525 1252 776 1364 τελευτήσουσιν.
815 1252 926 1321 666'
891 1281 991 1360 κρριος
1003 1254 1147 1332 εἷπεν,’
1112 1282 1150 1320 99
1162 1241 1419 1366 π’ροςθήσεσθε
1382 1255 1420 1323 ἀ-

170 1345 247 1409 ⁰696
259 1343 326 1409 6996
344 1337 486 1426 μάρτυσιν
502 1366 544 1441 9
506 1339 589 1405 ’ἐπὶ
583 1343 694 1443 τρισὶ
699 1340 777 1427 969·
814 1365 892 1443 ποστ
912 1343 986 1424 ἐψαι
1003 1366 1043 1445 99
1026 1336 1121 1424 ὁδῷ
1138 1365 1235 1432 ταυτη
1253 1344 1304 1405 ε’τι.
1328 1345 1355 1384 ¹⁷
1369 1344 1420 1407 καί

169 1451 253 1529 9999
283 1424 492 1490 ἀποθανεῖται.
530 1418 549 1528 6
574 1420 776 1531 ἀποθνήσκων
814 1450 851 1488 99
839 1366 1043 1525 ’9699999‘
1029 1428 1127 1524 εαυτῷ
1144 1436 1301 1501 γυναῖκας,
1318 1423 1417 1529 {9996

169 1535 227 1574 ουκ
239 1506 439 1574 αποθανεῖται
444 1502 521 1606 69
506 1530 549 1569 ενι
537 1532 728 1612 μαοτυρ
677 1507 777 1571 ι.7καὶ
813 1511 945 1612 μεταστή
963 1503 1058 1571 αὐτοῦ
1077 1535 1096 1591 9
1082 1488 1231 1610 ‘9996699
1258 1511 1310 1573 καί
1327 1505 1419 1594 ἀργή·

169 1590 283 1694 ήχεὶρ
274 1596 336 1656 τῶν
353 1586 515 1689 μαρτύριον
532 1589 616 1691 ἔσται
629 1592 668 1655 ἐπ
690 1587 776 1697 9699
814 1615 878 1693 9199
895 1592 946 1654 καὶ
967 1596 1095 1696 χρυσίρν
1104 1588 1140 1655 96
1161 1592 1335 1675 πλήθυιεῖ“
1321 1595 1419 1676 εαυτῴ

125 1693 130 1704 ’
169 1679 200 1742 9
216 1671 348 1762 πρώτοις
363 1676 545 1819 θανατῶσαι
561 1670 669 1754 αὐτὸν,
688 1655 775 1758 καὶή
814 1674 948 1777 9966993
965 1675 994 1716 ¹⁸
1008 1674 1058 1738 καί
1073 1671 1150 1780 9996
1169 1680 1283 1776 καθίσνγ
1301 1676 1406 1740 ἐπὶ
1368 1702 1420 1760 999

167 1763 228 1848 χείρ
242 1784 297 1860 τρυ
285 1758 424 1834 λσοά’
407 1753 453 1859 99’
475 1751 620 1861 ἐσχάτων.
642 1786 694 1825 και
687 1760 776 1834 εξα
813 1783 913 1857 αρχή,
913 1781 1018 1834 αυτου,
1029 1783 1080 1821 και
1089 1776 1198 1843 γραψει
1211 1784 1295 1822 αυτω
1307 1784 1343 1822 το
1333 1759 1419 1823 δευ

189 1855 228 1918 εις
240 1867 293 1906 τον
304 1865 436 1943 πονήοον
449 1835 620 1945 6569939'
584 1847 692 1907 αυτῶν.
707 1839 776 1905 ⁸669
813 1838 982 1950 9999669999
1007 1846 1099 1906 τοῦτο
1130 1845 1169 1915 είς
1193 1823 1323 1966 9999
1330 1839 1417 1947 παρὰ

168 1870 232 1993 66’
193 1919 418 2031 669999699'
401 1920 464 1988 απὸ
478 1926 534 1987 996
547 1926 644 2029 ῥῆμα
641 1928 672 1989 ἐν
685 1931 775 2030 κρίσει
814 1928 874 1988 τῶν
861 1926 988 2030 ἱερέων
1000 1928 1059 2034 1936
1070 1926 1259 2027 Αευιτῶρ,19
1272 1926 1323 1988 καὶ
1336 1927 1419 2026 ἔσται

169 2008 316 2090 ἀναμέσον
328 2007 450 2089 999⁹
414 2030 549 2112 9199999,
563 2009 614 2111 καί
627 2004 775 2111 69996999
812 2004 870 2107 μετ’
887 2009 992 2084 αὐτοῦ,
1006 2009 1057 2072 καὶ
1061 2002 1275 2113 ἀναγνώσεται
1289 2007 1369 2073 ἐν
1333 2014 1417 2112 αυτῷ

169 2096 423 2198 9969999969999,
429 2091 480 2153 καί
498 2086 558 2153 ἀνα
580 2087 725 2194 6999696
739 2087 775 2156 ἀ·
811 2086 915 2200 παίσας
935 2090 988 2164 τὰς
1012 2087 1120 2176 ἡμέρας
1139 2095 1193 2191 969
1215 2094 1291 2176 ζωής
1303 2090 1418 2194 96996,

170 2181 265 2282 φής,
265 2176 315 2240 καὶ
327 2171 474 2281 69996996
486 2117 640 2320 669966769
653 2172 819 2240 ἀντιλο-’
813 2180 863 2240 ίνα
875 2171 962 2268 μάθη
955 2179 1139 2321 σοβὶῖσθαι
1158 2171 1259 2274 κιίριρν
1278 2173 1331 2240 τὸν
1347 2173 1419 2241 θεόν

169 2255 378 2365 7699669919
386 2259 554 2357 κρίσεωςέν
570 2270 636 2358 ταῖς
656 2254 775 2324 πόλεσιν
813 2284 887 2334 999,
911 2260 961 2323 καί
976 2282 1016 2358 99
1046 2252 1291 2363 ’σσεσθαιπυίσας
1303 2256 1357 2360 τᾲς
1369 2263 1417 2325 ε’ν-

169 2340 267 2446 ἀρῶν,
283 2340 344 2444 μκαὶ
360 2336 491 2415 ἀναοτάς
513 2336 647 2443 ἀναβήσῃ
666 2339 754 2418 είς
723 2367 775 2442 999
814 2309 904 2417 τολάς
929 2337 1056 2417 ταύτας,
1094 2344 1145 2405 καί
1168 2339 1208 2408 τά
1221 2338 1418 2444 δικαιώματα

168 2421 265 2492 τόπον
279 2422 314 2490 69
332 2421 370 2490 ἀν
388 2420 591 2525 9799qu
556 2451 699 2528 κυριος
673 2421 776 2502 ὁθεὸς
813 2429 910 2489 ταῦτα
933 2435 1036 2489 ποιεῖν.
1076 2426 1135 2466 ²⁰⁰
1120 2449 1168 2490 ινα
1192 2423 1232 2529 μή
1260 2371 1397 2529 69906
1400 2424 1417 2511 6

169 2536 225 2576 999
238 2513 310 2588 ἐκεῖ,
335 2509 416 2573 ⁹996
433 2503 537 2614 669699
553 2536 638 2612 προς
649 2506 720 2585 τοὺς
734 2513 775 2575 ίε-
813 2509 923 2618 99969‘9
936 2504 1069 2574 αὐτοῦ’
1051 2503 1113 2573 απὸ
1133 2513 1193 2612 τῶν
1193 2508 1397 2610 96969939
1362 2537 1417 2575 αυ-

188 2606 228 2670 εῖς
239 2590 309 2668 τοὺς
320 2597 449 2668 Λευίτας
461 2593 512 2656 καί
513 2591 598 2697 πρὸς
608 2590 660 2658 τὸν
644 2590 775 2740 ἐκριτήν
812 2597 878 2668 τοῦ,
890 2597 939 2658 ἵνα
943 2619 991 2695 99
979 2588 1158 2694 παραβή’
1140 2589 1204 2658 απὸ
1218 2597 1278 2658 τῶν
1291 2593 1418 2659 ἐντολῶν

167 2703 202 2751 ος
214 2675 251 2740 ἀν
262 2679 382 2777 γὲνήται
395 2678 426 2739 ἐν
437 2687 502 2749 ταῖς
512 2672 632 2759 699'9919
644 2679 774 2753 ἐκείναις,
812 2673 922 2753 δεξιὰ
904 2703 922 2759 9
935 2674 1109 2780 ἀριστερὰ,
1106 2661 1222 2751 6999
1201 2701 1241 2741 99
1224 2703 1417 2784 μακροχρο-

167 2760 265 2824 999
267 2755 440 2862 ζητήσαντες
453 2755 657 2859 ἀναγγελοροί
660 2785 708 2824 σοι
720 2758 774 2843 τήν
811 2765 885 2867 9699
893 2761 943 2823 ἐπὶ
954 2784 1014 2860 της
1033 2785 1123 2844 αρχής
1145 2758 1239 2824 αὐτοῦ
1256 2785 1348 2835 αυτος
1367 2762 1417 2826 καί

167 2847 287 2945 κρίσιν
291 2841 320 2884 ¹⁰
332 2840 383 2903 καὶ
394 2833 522 2920 ποιήσεις
534 2837 612 2903 κατὰ
626 2838 662 2905 τὸ
675 2846 773 2944 πρᾶγ·
811 2845 842 2908 οἶ
855 2843 915 2906 9696
928 2838 1023 2907 αιἰτου
1009 2847 1067 2909 9
1080 2853 1143 2918 τοῖς
1157 2846 1233 2918 υίοῖς
1241 2837 1374 2927 Ἰσραήλ

167 2951 211 3010 99
230 2920 250 2989 6
266 2921 305 2989 69
322 2920 521 3025 66977966996
536 2949 582 2988 σοι
601 2925 633 2988 ίκ
650 2923 773 3027 τριῖτιή·
994 2920 1236 2990 999116.

167 3034 229 3074 που
247 3033 285 3072 99
271 3001 356 3070 ἐὰν
372 3004 584 3104 ίκλέξήται’
548 3033 647 3107 κυριος
665 3004 683 3072 6
700 3004 773 3084 θεός
813 2972 934 3074 069'
914 3034 995 3074 εσται
1008 3021 1071 3084 τοῖς
1085 3012 1191 3115 ῖερεῦσι
1201 3019 1266 3086 τοῖς
1277 3013 1416 3085 Λευίταις

168 3116 240 3193 999,
265 3115 318 3153 και
310 3083 452 3187 φυλαξή
470 3093 590 3171 ποιήσαι
603 3085 703 3192 πάντρι
714 3088 772 3193 699
812 3089 1156 3195 66999661199699969
1158 3090 1228 3156 9666
1246 3092 1355 3200 κλήρρς
1365 3119 1415 3194 με-

167 3172 425 3278 ἄντομρθετήθῇ
427 3196 485 3236 σοι
523 3171 688 3277 11κριοὶ
657 3199 710 3238 τον
721 3200 772 3240 νο-
811 3172 850 3241 τὰ
872 3165 1014 3279 Ἰσράήλ.
1051 3168 1245 3276 καρπώματα
1269 3181 1373 3273 κυρίου
1398 3173 1439 3240 6'

166 3280 223 3321 αον
234 3255 286 3319 καί
298 3251 377 3319 κατά
393 3251 448 3357 τήν
463 3259 556 3338 κρίσιν
571 3251 607 3340 ἣν
619 3254 657 3360 69
669 3257 774 3323 εἴπωσί
810 3257 967 3359 κλήρρς
931 3282 1040 3364 99199,
1051 3252 1197 3364 96799999
1209 3251 1296 3320 9616.
1322 3257 1415 3320 2κλῖ-

166 3365 226 3414 σοι,
238 3362 375 3444 ποιήσεις
402 3336 459 3404 οὐκ
478 3337 649 3415 ἕκκλινεῖς
631 3338 696 3407 απὸ
713 3345 772 3406 τοῦ
811 3368 862 3427 999
854 3340 953 3407 ⁹66'
920 3368 976 3407 ουκ
988 3365 1072 3407 εσται
1090 3334 1194 3414 αὐτοῖς
1210 3341 1240 3402 9
1252 3350 1315 3413 τοις
1289 3291 1415 3441 6696-

165 3420 348 3529 ρήμρτοςου
334 3413 622 3525 ἐήνάναγγεβινσί
633 3449 681 3491 σοι
694 3422 771 3528 θεξιήι
811 3437 878 3506 σοῖς
891 3422 1000 3490 αὐτῶν.
1027 3419 1136 3525 κύριος
1138 3447 1230 3498 αυτος
1239 3421 1393 3527 κλήρος
1357 3449 1411 3488 99

165 3504 267 3573 9966'
250 3500 400 3611 αριρτερά.
427 3502 757 3610 12ιιαιοανθρυσπος
738 3532 771 3580 οι,
810 3513 875 3613 996,
888 3503 999 3573 καθότι
1012 3503 1193 3607 είπεναίιτῷ.
1216 3501 1413 3609 3καίριίίτήή

165 3589 218 3657 ἓάν
243 3590 354 3692 999699
370 3583 443 3656 ἐν’
412 3594 615 3697 υπερήφανίρ
632 3585 707 3654 ῶοτε
731 3588 770 3691 96
811 3595 903 3692 κρίσις
915 3595 976 3656 τῶν
995 3593 1097 3690 ἱερέων
1114 3586 1154 3653 τὰ
1171 3587 1256 3691 παρὰ
1268 3612 1323 3653 του
1309 3588 1414 3653 λαοῦ

165 3671 335 3739 ὑπακοῦσαι
345 3677 400 3735 τοῦ
410 3675 510 3776 ίερὲιας
518 3676 577 3773 996
578 3668 772 3770 παρεστηκό-
810 3672 895 3774 παρή
912 3678 974 3739 τῶν
989 3668 1130 3819 θρόντων
1145 3669 1183 3735 τὰ
1197 3666 1334 3752 θύματα,
1361 3671 1413 3735 669

165 3755 519 3857 τοςλειτουργεῐνέρὶτῷ
507 3751 771 3861 ὀνόματικυρίορ
811 3781 841 3820 τε
852 3781 978 3859 μοσχον,
992 3758 1044 3820 αν
1056 3780 1088 3819 τε
1101 3753 1284 3862 πρόβατον.
1290 3779 1341 3854 και
1334 3747 1414 3817 δῶ-

166 3863 222 3902 του
210 3841 311 3936 θεορ
330 3861 401 3939 999,
426 3834 446 3918 6
465 3840 521 3900 τοῦ
534 3841 636 3943 κριτοῦ
655 3834 689 3913 69
701 3865 738 3904 αν
750 3866 770 3931 9
810 3864 865 3938 999
877 3838 931 3903 τὸν
941 3843 1130 3944 βραχίονα
1096 3843 1140 3901 τῶ
1154 3840 1224 3922 ῖερεῖ
1234 3837 1287 3942 καί,
1295 3834 1335 3937 τήν
1348 3861 1412 3938 999·

167 3922 198 3982 9’9
210 3930 275 3993 ταῖς
274 3914 408 4021 6969999
420 3920 555 4024 ἐκείναις,
580 3921 631 3983 καί
644 3907 771 3985 ἀποθα·
808 3919 895 4023 γόνιρ
905 3923 956 3985 καὶ
968 3919 1004 3986 τὸ
1017 3924 1162 4006 ἐνυοτρον.
1187 3919 1269 4025 ⁴996
1285 3917 1340 3993 τὰς
1352 3916 1415 3982 ἀπ-

165 4012 256 4066 νεῖται
269 3999 287 4064 6
300 4000 589 4103 ἀνθρωπσςέκεῖνος,
599 4027 649 4064 και
642 4004 771 4105 ἔξαρεῖς
810 4002 902 4088 αρχὰς
919 4008 974 4069 τοῦ
994 4009 1076 4069 σίτου
1095 4029 1168 4078 σου,
1192 4004 1243 4067 καὶ
1259 4005 1317 4065 τοῦ
1330 4001 1414 4107 9699

164 4109 219 4148 τον
230 4079 407 4185 πονήρονίξ
416 4079 548 4182 Ἰσραήλ.
574 4083 602 4124 ¹³
616 4108 668 4147 και
679 4109 769 4158 παςο
809 4111 879 4186 999,
908 4089 962 4152 καὶ
985 4091 1042 4151 τοῦ
1066 4085 1167 4149 ἐλαίου
1193 4110 1254 4152 σου.
1285 4085 1338 4147 καί
1345 4082 1415 4185 τήν

164 4162 274 4240 λαό,·’
257 4165 389 4270 ακοήσας
407 4161 625 4264 ρρβήθήσεται,
652 4166 702 4228 καὶ
715 4163 769 4266 969
808 4165 875 4233 ἀπα
893 4167 947 4271 χήν
963 4174 1025 4272 969
1043 4173 1230 4271 99999669939
1240 4162 1415 4271 προβάτων

163 4243 331 4350 ἆριβήρεν
310 4270 362 4311 ⁸11·
375 4244 404 4287 ¹⁴
416 4243 468 4310 ίαν
480 4245 513 4310 6⁶
524 4245 691 4352 ὲνῖὸλθης
666 4272 706 4321 εις
717 4274 771 4332 τήν
807 4276 861 4316 999
906 4249 973 4326 ’σεις
986 4251 1080 4333 αὐτῷ.
1118 4245 1193 4314 ὅὅτι
1212 4247 1412 4325 αὖτὸνέξελί-

161 4336 231 4437 766,
250 4327 286 4413 ήν
299 4323 538 4428 κήριοςὸθεός
530 4353 584 4392 σου
596 4315 702 4394 696999
712 4356 767 4410 σοι,
805 4335 878 4409 ξατο
891 4332 1034 4440 κυριοςέκ
1046 4358 1155 4397 πασων
1164 4357 1226 4398 των
1235 4332 1337 4413 φυλῶν
1350 4358 1413 4407 σου,

161 4441 213 4514 και
206 4409 448 4564 969999996999
467 4406 575 4516 αήτήν,
596 4414 647 4476 καί
663 4438 767 4478 κατοι-
804 4442 989 4501 παρεσταναι
1010 4418 1108 4480 ἔναντι
1132 4420 1235 4499 κυρίου
1253 4416 1312 4477 τοῦ
1308 4417 1413 4516 6996,

158 4492 249 4595 96999
262 4500 300 4567 ἕπ
323 4519 431 4580 αυτήν,
447 4492 499 4560 καί
511 4493 602 4589 εἴπῃς,
614 4493 766 4583 καταστή-
805 4497 978 4588 λειτουργεῖν
994 4525 1047 4565 και
1038 4494 1190 4575 εὐλογεῖν
1207 4497 1260 4564 ἐπὶ
1278 4501 1324 4583 τῷ
1341 4493 1412 4562 ὀνό-

1338 4604 1411 4662 999
