2924 4972
333 221 631 288 υΑΣιΛυισΝ
651 220 829 284 amru
866 219 1062 302 ιτιφνσο.
1141 259 1147 269 -
1260 222 1326 289 σου

75 348 127 416 ἐπί
149 345 203 411 τόν
225 341 316 411 νότον
333 348 384 409 καί
403 346 453 408 ἐπί
470 343 526 428 τὴν
542 341 681 421 Σενελάκ,
720 344 805 410 ἐλιπέ
814 368 849 427 με
862 341 880 409 ὁ
893 340 993 431 κύριός
1003 370 1071 426 μου,
1093 338 1140 406 ότι
1153 341 1328 449 ιἠνισηληνην

74 425 471 512 καίέπάταξετηνΣεκελάκ
487 424 681 511 καίένεπύρι-
719 424 778 506 ἐγόν
803 423 928 513 σημερον
952 438 1096 514 τριταῖος.
1133 425 1163 467 11
1175 452 1228 491 και
1251 440 1329 511 ημετρ

75 537 130 580 σαν
142 509 234 595 αὐτὴν
245 515 277 576 ἐν
289 515 371 594 πυρί.
390 511 467 575 2καί
477 505 533 583 τάς
543 520 682 586 γυναῖκας
719 512 889 591 ἐπεθέμεθα
901 512 953 576 ἐπί
969 510 1023 576 τὸν
1035 504 1122 575 νότον
1135 514 1191 572 τοῦ
1203 510 1328 589 Χελεθί,

74 598 125 662 καί
136 590 237 660 πάντα
249 591 289 658 τά
301 597 333 657 ἐν
346 591 424 686 αὐτῇ
436 589 498 658 ἀπό
507 619 555 672 μοι
575 596 613 656 οὗ
627 597 681 667 ἕως
720 595 771 656 καὶ
782 595 832 657 ἐπὶ
843 592 884 659 τά
895 600 948 677 τῆς
956 591 1108 666 Ἰουδαίας
1119 593 1206 676 μέρη,
1214 594 1265 656 καί
1278 594 1330 659 ἐπί

73 679 200 759 μεγάλου
225 675 281 742 οὐκ
300 671 499 741 ἐθανάτωσαν
515 674 554 741 ἀν
591 703 612 740 α
629 677 681 739 καί
720 672 809 739 νότον
822 675 961 762 Χελούβ,
986 680 1038 743 καί
1054 673 1109 760 τὴν
1121 673 1253 740 Σεκείάκ
1265 679 1326 742 ἐνε-

73 773 208 841 γυναῖκα,
227 757 290 824 ἀλλ’
307 754 543 853 ᾐχμαλώτευσαν,
556 761 608 823 καί
619 756 682 823 ἀπ-
720 762 882 842 πυρίσαμιν
895 761 926 825 ἐν
938 766 1021 847 πυρί.
1046 757 1226 825 11ναίείπεν
1243 757 1328 844 αὐτῷ

73 845 169 931 ἦλθον
180 849 219 919 είς
229 841 282 926 την
294 841 365 907 ὁδὸν
378 841 487 907 αὐτῶν.
514 843 529 885 ³
541 844 591 906 καί
605 830 681 926 ἦλθε
721 839 826 904 Δαυίδ.
852 845 877 904 εί
892 838 1024 919 κατάξεις
1035 868 1070 925 με
1081 846 1131 911 ἐπὶ
1143 840 1179 908 τό
1192 839 1328 949 lm?

73 928 172 992 Δαυίδ
181 928 233 992 καὶ
244 930 275 991 οἶ
287 924 388 1012 ἀνδρες
401 922 495 991 αὐτοῦ
507 930 547 1001 είς
556 923 610 1010 την
621 920 681 989 πό-
720 927 830 1000 τούτο,
841 925 893 988 καί
905 922 992 990 είπεν.
1012 923 1123 1008 όμοσον
1134 921 1171 1009 δη
1182 951 1233 1011 μοι
1245 952 1326 993 κατα

72 1011 135 1086 λιν,
160 1012 211 1075 καί
229 1006 295 1075 ίδυύ
313 1005 529 1095 ἐμπεπόρισται
547 1013 579 1073 ἐν
597 1009 681 1092 πυρί,
720 1009 779 1070 τοῦ
796 1009 874 1069 θεοῦ
890 1004 931 1090 μὴ
947 1003 1132 1073 θανατόσειν
1143 1033 1191 1090 με,
1215 1011 1267 1075 καί
1283 1009 1326 1095 μίη

72 1099 107 1160 αλ
124 1092 156 1158 δὲ
166 1105 295 1172 γυναῖκες
313 1090 414 1157 αὐτῶν
429 1094 480 1156 καί
498 1095 529 1154 σί
547 1091 608 1154 υίοί
623 1088 682 1153 ού-
721 1088 914 1173 παραδοῦναί
931 1114 966 1171 με
983 1094 1023 1165 είς
1038 1101 1133 1173 χεῖρας
1150 1095 1207 1155 τοῦ
1223 1099 1327 1175 κυρίου

72 1182 133 1242 τῶν
145 1178 198 1243 καί
209 1181 244 1242 αἱ
255 1178 419 1258 θυγατέρες
430 1171 531 1236 αὐτῶν
543 1170 681 1263 ᾐχμαλω-
721 1196 794 1252 μου,
817 1172 869 1236 καί
887 1168 1007 1248 κατάξω
1024 1196 1054 1237 σε
1074 1172 1124 1235 ἐπί
1140 1169 1177 1235 τὸ
1193 1174 1327 1265 Γεδδούρ

72 1262 210 1343 τευμένοι.
223 1258 296 1322 1καὶ
307 1245 358 1339 ἦρε
367 1255 465 1320 Λαυίδ
475 1255 527 1318 καί
539 1258 571 1317 σί
583 1252 684 1339 ἀνδρες
722 1257 825 1318 τοῦτο.
861 1254 954 1318 111καί
971 1249 1134 1337 κατήγαγεν
1152 1251 1245 1318 αὐτὸν
1261 1259 1329 1331 ἐκεῖ,

72 1341 169 1407 αὐτοῦ
186 1339 242 1425 τὴν
255 1325 355 1423 φωύην
374 1335 488 1412 αὐτῶν,
514 1335 566 1399 καί
578 1335 684 1400 άιλαυ-
722 1336 774 1400 καί
786 1331 851 1401 ἰδού
864 1328 952 1401 οὗτοι
963 1337 1162 1420 διακεχυμένον
1175 1337 1226 1400 ἐπί
1236 1333 1329 1423 πρός»

73 1449 132 1492 σαν
151 1429 207 1497 ἕως
225 1419 301 1485 ὅτου
320 1416 375 1485 ούιι
388 1407 425 1502 ἦν
437 1423 468 1484 ἐν
480 1416 583 1493 αὐτοῖς
602 1415 683 1504 ἰσχύς
723 1444 808 1483 ωπον
828 1413 926 1503 πάσης
948 1425 1001 1504 τῆς
1016 1425 1085 1503 γῆς,
1110 1421 1260 1496 ἐσθίοντες
1279 1422 1331 1486 καί

72 1511 119 1572 ἔτι
135 1511 192 1569 τοῦ
210 1503 328 1567 κλαίειν.
366 1503 444 1566 1καί
463 1499 629 1605 ἀμφότεραι
648 1505 682 1566 αἶ
721 1507 853 1578 πίνοντες
868 1505 920 1568 καί
933 1500 1120 1588 ἑορτάζοντες
1133 1506 1329 1580 ἐνπάσιτοτς

72 1597 209 1666 γυναῖκες
218 1585 314 1650 Δαυίδ
321 1582 592 1679 ᾑχμαλωτευθησαν
600 1583 681 1669 ‘Axe-
721 1584 839 1660 σκύλοις
864 1596 928 1660 τοῖς
945 1582 1082 1669 μεγάλοις
1099 1585 1142 1661 οίς
1160 1585 1277 1690 ἔλαβον
1295 1588 1329 1652 ἐκ

75 1668 157 1749 ναάμ
175 1665 193 1752 ἐγ
214 1667 412 1754 Ἰεζραηλίτις,
437 1671 488 1733 καί
507 1665 642 1753 Ἀβιγαία
665 1663 675 1686 ‘
719 1672 772 1750 γῆς
797 1664 976 1748 ἀλλοφύλων
1000 1671 1051 1735 καί
1076 1672 1109 1735 ἐν
1131 1671 1186 1752 γῆς
1221 1664 1328 1735 Ιούδα.

71 1751 147 1836 γυνη
164 1749 278 1838 Νάβαλ
301 1756 357 1816 τοῦ
374 1751 562 1837 Καρμηλίου.
601 1695 681 1817 1κάλ
720 1753 747 1793 ¹⁷
760 1753 812 1815 καί
834 1738 927 1835 ἦλθεν
946 1750 991 1818 ἐπ’
1013 1748 1123 1827 αύτούς
1139 1752 1252 1828 Δαυὶδ,
1277 1754 1330 1817 καί

72 1836 179 1923 ἐθλίβη
203 1835 301 1900 Δαυίδ
325 1830 458 1920 σφόδρα,
485 1830 532 1900 ότι
556 1831 636 1899 εἶπεν
661 1830 679 1898 ὁ
721 1828 866 1910 ἐπάταξεν
888 1830 999 1911 αὐτούς
1015 1831 1078 1901 ἀπὸ
1101 1829 1257 1921 ἕωςσόρου
1273 1838 1329 1911 ἕως

73 1918 144 1995 λαός
155 1918 355 2006 λιθοβολῆσαι
368 1915 471 1994 αὐτὸν,
487 1913 533 1984 ότι
544 1912 680 1983 κατάδυ-
721 1916 813 2022 δείλης
824 1919 875 1983 καί
888 1923 925 2012 τῇ
935 1917 1088 2002 ἐπαύρων,
1098 1920 1149 1983 καί
1159 1914 1217 1982 οὐκ
1226 1913 1328 2003 ἐσοίθη

71 2028 121 2078 νος
145 2001 225 2086 ψυχὴ
249 1998 363 2076 παντός
379 2006 437 2066 τού
455 2001 532 2066 λαοῦ
551 1996 679 2066 ἑκάστου
721 2003 864 2076 ἔξαυτῶν
877 1999 967 2106 ἀνὴρ,
981 1997 1028 2066 ότι
1042 1998 1106 2066 ἀλλ’
1121 1999 1140 2086 ἢ
1153 1997 1328 2086 τετρακόσια

71 2088 123 2151 ἐπί
135 2086 206 2161 τοὺς
219 2085 300 2160 υἱοὺς
312 2082 416 2160 αὐτοῦ,
430 2085 483 2149 καὶ
493 2082 544 2151 ἐπί
554 2081 609 2158 τὰς
618 2094 680 2148 θυ-
719 2080 866 2170 παιδάρια
887 2080 909 2149 ἃ
934 2109 970 2169 ην
991 2081 1186 2173 ἐπιβεβηκότα
1207 2086 1257 2151 ἐπί
1273 2080 1327 2161 τός

71 2172 199 2254 γατέρας
211 2165 323 2242 αὐτοῦ,
345 2168 397 2232 καί
409 2164 601 2272 ίκραταιόθη
614 2171 681 2230 Aa·
721 2163 877 2249 καμήλους,
890 2171 941 2232 καί
953 2171 1073 2247 ἔφυγον.
1087 2170 1172 2235 111καί
1180 2165 1326 2250 ἀφείλατο

72 2253 120 2317 υίδ
137 2255 168 2316 ἐν
180 2256 273 2335 κυρίῳ
291 2254 356 2333 θεῷ
376 2247 481 2314 αύτοῦ.
521 2251 600 2313 1και
619 2246 681 2311 είπε
722 2248 820 2312 Λαυίδ
838 2244 939 2313 πάντα
956 2246 977 2313 ἃ
994 2251 1105 2338 ἔλαβον
1123 2248 1327 2337 οίἈμαληκῑ-

72 2336 171 2400 Δαυὶδ
187 2331 263 2417 πρὸς
274 2328 424 2416 Ἀβιάθαρ
447 2328 500 2394 τὸν
519 2332 600 2414 ίερέα
616 2329 682 2393 υίὸν
721 2354 786 2406 ται,
805 2332 856 2394 καί
868 2328 1039 2414 ἀμφοτέρας
1051 2334 1105 2410 τὰς
1117 2348 1257 2411 γυναῖκας
1270 2331 1326 2401 αύ-

71 2413 226 2499 Ἀχιμέλεχ.
239 2411 407 2498 προςάγαγε
418 2410 455 2476 τό
464 2409 588 2492 Ἐσοόδ
608 2412 683 2476 8καί
721 2417 777 2477 τοῦ
803 2411 943 2487 ἐξείλατο.
981 2415 1074 2480 111καί
1095 2414 1132 2479 ού
1152 2415 1327 2500 διεφόνησεν

73 2493 247 2583 ἐπηρώτησε
260 2496 356 2559 Δαυὶδ
366 2491 416 2557 διὰ
427 2499 481 2558 τοῦ
494 2499 614 2576 κυρίου,
633 2493 683 2556 λε’-
722 2491 827 2568 αύτοῖς
844 2492 909 2558 ἀπὸ
920 2499 1025 2578 μικροῦ
1038 2500 1093 2570 ἕως
1105 2495 1249 2577 μεγάλου,
1276 2500 1328 2562 καί

72 2605 143 2659 γων.
158 2584 183 2643 εἰ
194 2573 369 2652 καταδιάξω
378 2574 474 2641 ὀπίσω
486 2579 539 2639 τοῦ
550 2573 682 2661 Γεδδοὺρ
722 2573 786 2640 ἀπὸ
811 2580 872 2640 τῶν
891 2573 1018 2651 σκύλων,
1043 2580 1095 2642 καὶ
1112 2583 1167 2651 ἕως
1187 2583 1260 2643 υἱῶν
1276 2580 1327 2643 καὶ

74 2660 203 2737 τούτου,
219 2666 244 2726 εί
255 2655 468 2743 καταλήψομαι
480 2652 590 2734 αύτούς
594 2688 607 2738 ,·
632 2661 683 2724 καί
721 2660 912 2743 θυγατέρων,
931 2661 983 2724 καί
995 2664 1050 2736 ἕως
1062 2655 1187 2726 πάντων
1199 2651 1242 2725 οἷν
1253 2660 1328 2726 ἐλα-

73 2747 153 2811 είπεν
165 2742 259 2828 αύτῷ.
279 2744 454 2818 καταδίωκε,
467 2738 514 2808 ότι
527 2741 682 2825 καταλαμ-
719 2747 775 2831 βον
787 2741 894 2818 αὐτῶν,
907 2745 958 2808 καὶ
967 2739 1069 2810 πάντα
1084 2747 1250 2832 ἐπέστρεψε
1262 2750 1327 2810 Δα-

72 2826 172 2918 βάνων
184 2823 346 2920 καταλήψῃ
355 2824 475 2902 αύτούς,
484 2828 536 2892 καί
545 2829 681 2912 ἐξαιρου-
720 2827 774 2892 υίδ.
802 2829 833 2871 ²⁰
845 2829 895 2891 καί
912 2827 1001 2915 ἔλαβε
1018 2824 1120 2894 πάντα
1136 2826 1175 2893 τὰ
1193 2835 1326 2912 ποίμνια,

72 2940 154 2997 μενος
179 2912 268 3004 ἔξελῇ
307 2912 388 2976 11καὶ
414 2905 566 2996 ἐπορεύθη
583 2911 683 2975 Λαυὶδ
719 2912 769 2976 καί
782 2907 820 2976 τά
829 2907 982 2998 βουκόλια,
990 2915 1042 2978 καί
1051 2907 1202 2995 ἀπήγαγεν
1213 2915 1326 2996 ἐμπρο-

73 2994 166 3070 αύτός
178 2999 228 3059 καί
240 2999 271 3059 οἱ
284 2989 430 3072 ἑξακόσιοι
442 2991 609 3078 ἀνδρεςμεί
623 2991 680 3058 αὖ·
720 3005 793 3060 σθεν
817 2999 878 3059 τῶν
896 2992 1020 3061 σκύλων.
1052 2997 1105 3060 καί
1128 3006 1191 3070 τοῖς
1209 2990 1326 3071 σκύλοις

71 3082 144 3155 τοῦ,
169 3081 221 3143 καὶ
233 3082 367 3165 ἔρχονται
380 3083 436 3154 ἕως
448 3083 503 3144 τοῦ
520 3073 678 3164 χειμάβρου
719 3083 834 3154 ἐκείνοις
847 3079 970 3157 ἐλέγετο.
984 3083 1081 3144 ταῦτα
1098 3073 1138 3144 τόν
1148 3077 1245 3144 σκῦλα
1258 3084 1324 3143 Δα-

72 3159 190 3248 Βοσὸρ,
201 3165 253 3227 καί
263 3167 293 3227 οἱ
302 3163 437 3247 περισσοὶ
447 3165 583 3246 ἔστησαν,
593 3162 680 3226 1οκαὶ
718 3163 773 3227 υίδ.
808 3164 902 3227 ’11καί
918 3169 1114 3248 παραγίνεται
1132 3163 1233 3228 Δαυίδ
1249 3161 1325 3247 πρὸς

71 3247 241 3320 κατεδίωξεν
261 3249 292 3310 ἐν
309 3250 512 3330 τετρακοσίοις
529 3242 678 3331 ἀνδράσιν.
717 3244 787 3318 τοὺς
805 3245 973 3321 διακοσίους
989 3245 1100 3331 ἀνδρας
1117 3245 1186 3320 τοὺς
1207 3242 1324 3310 ὑπολει-

72 3327 242 3409 ὑπέστησαν
255 3326 288 3389 δὲ
300 3322 444 3392 διακόσιοι
455 3326 557 3430 ἀνδρες
566 3332 600 3395 σί
607 3352 680 3401 τινες
718 3330 851 3407 φθέντας
867 3333 923 3391 τοῦ
940 3323 1121 3412 πορεύεσθαι
1140 3326 1240 3391 ὀπίσω
1259 3334 1324 3392 Δα-

71 3408 220 3475 ἐιιάθισαν
244 3410 339 3513 πέραν
361 3413 417 3471 τοῦ
447 3412 546 3492 χειμαρί
583 3413 679 3473 υτοῦ
719 3409 781 3483 υὶδ,
806 3411 857 3473 καὶ
874 3405 1010 3474 ἐκάθισεν
1028 3404 1139 3481 αὐτούς
1158 3411 1188 3470 ἐν
1205 3412 1250 3488 τῷ
1267 3434 1323 3491 χει-

70 3486 188 3574 Βοσόρ.
210 3492 235 3530 11
248 3515 300 3553 ναι
312 3486 497 3572 εὑρίσκουσιν
517 3489 533 3511 ”
565 3493 680 3573 ραΛί·
718 3485 822 3574 μάῤῥῳ
846 3494 904 3554 τοῦ
920 3487 1042 3576 Βοσὸρ,
1068 3491 1119 3554 καί
1137 3487 1268 3571 ἐξῆλθον
1286 3494 1325 3564 είς

70 3571 199 3651 γόπτιον
223 3574 254 3636 ἐν
281 3569 380 3657 ἀγρῷ,
411 3573 462 3634 καί
485 3570 679 3658 λαμβάνουσιν
719 3569 884 3656 ἀπάντησιν
898 3573 998 3638 Δαυὶδ
1022 3573 1073 3637 καί
1098 3575 1137 3646 εἰς
1162 3565 1325 3655 ἀπάντησιν

71 3655 166 3724 αὐτὸν
179 3657 231 3720 καί
243 3651 367 3731 ἀγουσιν
380 3651 473 3718 αὐτὸν
484 3654 561 3738 πρὸς
574 3655 678 3719 Δαυίδ.
718 3660 775 3719 τοῦ
789 3654 866 3721 λαοῦ
883 3662 937 3721 τοῦ
950 3654 1009 3740 μετ’
1027 3653 1124 3720 αὐτοῦ
1130 3704 1141 3731 ,
1168 3657 1220 3721 καί
1231 3680 1324 3742 προς·

72 3743 123 3806 καί
145 3735 280 3804 διδόασιν
298 3736 381 3803 αὐτῶ
401 3734 424 3801 ά
442 3762 495 3802 τον
511 3741 563 3802 καί
579 3739 679 3818 ἔφαγε,
719 3734 809 3821 ήγαγε
822 3740 919 3804 Δαυίδ
930 3745 985 3815 ἕως
997 3743 1053 3805 τοῦ
1065 3737 1156 3815 λαοῦ,
1181 3739 1233 3804 καί
1244 3736 1324 3826 ἦρά·

72 3826 122 3889 καί
143 3822 284 3888 ἐπότισαν
298 3802 391 3887 αὐτόν
404 3762 494 3905 ὕδωρ.
532 3821 679 3885 11καίδι-
719 3843 812 3903 τησαν
837 3819 928 3885 αὐτὸν
950 3823 990 3886 τὰ
1014 3827 1053 3898 είς
1070 3817 1194 3926 εἶρηνην.
1232 3823 1325 3889 22καὶ

75 3904 179 3972 δόασιν
204 3903 289 3987 αύτῷ
315 3900 432 3987 κλύσμα
463 3905 606 3988 παλάθης
628 3906 679 3971 καί
720 3902 869 3989 ἀπεκρίθη
882 3908 943 3979 πᾶς
962 3903 1036 3991 ἀνὴρ
1052 3905 1155 3987 λοιμος
1168 3907 1323 3990 καίπσνη-

73 3994 179 4070 ἔφαγε,
205 3990 256 4053 καὶ
268 3991 394 4072 κατέστη
407 3985 443 4053 τό
456 3993 570 4072 πνεῦμα
583 3986 678 4054 αὐτοῦ
718 3984 770 4074 ρὸς
787 3992 847 4052 τῶν
865 3985 978 4074 ἀνδρῶν
995 3993 1055 4053 τῶν
1067 3989 1250 4071 πολεμιστῶν
1264 3995 1323 4057 τῶν

72 4070 104 4137 ἕν
121 4073 221 4155 αὐτῷ,
248 4065 295 4136 ότι
312 4072 349 4136 οὐ
368 4067 506 4158 βεβρώκει
521 4072 616 4156 ἀρτον
628 4073 679 4138 καὶ
717 4073 927 4157 πορευθέντων
942 4072 1014 4154 μετὰ
1033 4073 1141 4149 Δαυίδ,
1167 4076 1218 4138 καί
1242 4073 1323 4139 εἶπον

74 4153 109 4219 οὗ
135 4152 264 4220 πεπώκει
290 4151 369 4240 ὕδωρ
394 4167 470 4240 τρεῖς
496 4153 604 4241 ἡμέρας
627 4159 679 4222 καί
719 4152 766 4220 ότι
780 4154 816 4221 οὗ
828 4157 1007 4233 κατεδίωξαν
1018 4153 1084 4241 μεθ’
1101 4153 1194 4241 ἡμῶν,
1213 4155 1250 4221 ού
1263 4152 1322 4221 διό-

72 4250 147 4320 τρεϊς
159 4235 274 4314 νύκτας.
292 4239 376 4303 13ιιαί
387 4237 463 4303 είπεν
476 4239 558 4323 αὐτῷ
573 4241 678 4304 Δαυίδ.
719 4264 803 4340 σσμεν
816 4238 918 4317 αὐτοῖς
935 4244 966 4305 ἐκ
986 4245 1047 4307 τῶν
1066 4241 1179 4307 σκύλων
1198 4230 1241 4303 ὦν
1254 4241 1322 4316 ἐξει-

72 4327 148 4396 τίνος
162 4322 199 4388 σύ
213 4321 247 4398 εί,
265 4325 317 4387 καὶ
329 4318 426 4387 πόθεν
438 4319 479 4400 eL·
505 4325 555 4388 καί
569 4321 629 4387 εἶπε
642 4320 676 4386 τό
719 4320 844 4404 λομεθα,
856 4319 902 4388 ότι
914 4322 977 4389 ἀλλ’
992 4323 1146 4406 ἢὲιισστος
1156 4318 1209 4402 τὴν
1221 4335 1323 4396 γυναῖ-

71 4402 231 4490 παιδάριον
255 4403 291 4468 τὸ
317 4401 498 4482 Αίγύπτιον.
539 4400 598 4482 ἐγιό
623 4410 678 4485 εἰμι
718 4430 757 4467 κα
773 4403 878 4481 αὐτοῦ,
891 4410 942 4471 καὶ
954 4405 1091 4469 τὰτέκνα
1104 4401 1199 4466 αὐτοῦ
1209 4400 1323 4475 ἀπαγέ-

72 4489 177 4564 δοῦλος
191 4484 295 4574 ἀνδρὸς
307 4484 520 4574 Ἀμαληκίτου,
542 4489 592 4554 καί
605 4512 679 4554 κατ·
719 4497 852 4563 σθωσαν,
865 4493 916 4552 καὶ
927 4486 1204 4570 ἀποστρεφέτωσαν.
1231 4485 1260 4523 ²³
1274 4481 1323 4546 καί

864 4568 898 4630 U
1263 4561 1324 4627 εἶπε
