2924 4972
488 210 765 273 Αυιοιυοι
802 205 976 299 παρτ.
1296 211 1355 274 ιιι

104 327 212 414 πλήρη·
222 324 394 411 σεμιδάλεως
418 324 668 409 άναπιπσιημένης
686 330 716 390 ίν
751 351 852 410 ματος.
878 327 909 368 ³⁹
921 322 1031 409 μόσχον
1048 331 1099 389 ἕνα
1117 330 1149 390 ίκ
1160 331 1254 412 βοάν,
1279 325 1361 411 κριόν

106 414 199 478 ΐλαίω
211 417 250 485 είς
263 415 383 475 θυσίαν.
405 412 436 452 ²⁰
448 410 576 491 θυΐσκην
586 415 656 490 μίαν
667 409 716 472 δέ·
752 414 819 484 ένα,
844 404 937 490 ἀμνόν
953 413 1006 471 ένα
1018 404 1163 472 ἔνιαῦσιον
1178 414 1216 482 είς
1229 402 1358 472 όλσκαό-

106 478 281 581 καχρασάν,
292 490 391 576 πλήρη
401 486 595 574 θυμιάματος.
622 489 717 573 21μό-
751 516 845 573 τωμα.
882 490 980 554 ”nai
1002 496 1126 613 χίμαρον
1150 494 1291 568 ίξαίγών
1307 497 1359 556 ἕνα

108 601 181 663 σχον
196 583 250 642 ἕνα
266 577 299 639 ίκ
316 578 410 660 βοῶν,
436 572 518 658 κριὸν
533 579 599 648 ίνα,
625 570 717 656 ἀμνδν
750 568 983 658 περίάμαρτίας.
1027 575 1101 637 ικαὶ
1123 577 1163 648 είς
1177 581 1286 639 θυσίαν
1298 600 1359 639 σω·

108 668 161 726 ἕνα
173 654 320 724 ίνιαῦσιον
331 662 371 733 είς
381 653 588 738 ὅλοναότωμα.
623 656 717 720 22καί
752 662 854 741 τηρίσυ
878 650 1014 736 δαμάλεις
1037 651 1109 733 δίο,
1137 652 1238 741 κριοῦς
1262 659 1360 734 πέντε,

105 750 233 868 χήμαρον
249 744 281 818 ἐξ
297 744 391 818 αλγοῦν
408 745 461 805 ἕνα
477 740 546 824 περί
560 735 715 824 ἁμαρτίας
752 735 878 822 τράγους
886 742 981 813 πέντε,
994 735 1125 819 ἀμνάδας
1134 741 1280 815 ἐνιαυσίας
1287 742 1356 803 πέν-

151 827 204 890 καί
227 828 267 900 είς
283 828 394 888 θυσίαν
412 828 560 908 σωτηρίου
579 819 717 904 δαμάλεις
751 845 791 884 τε.
822 825 913 883 τοῦτο
936 820 973 884 τό
996 821 1095 903 δεῦρον
1111 820 1269 904 Σαλαμιήλ
1291 825 1358 886 υίοῦ

108 906 179 984 δίο,
212 906 311 993 κριοῦς
332 907 435 982 πέντε,
462 901 592 986 τράγους
619 906 716 977 πέντε,
751 903 941 987 Σουρισαδαί.
964 903 996 945 ⁴²
1008 907 1047 993 τῇ
1061 901 1154 986 ήμίρη
1166 908 1204 996 τῇ
1218 909 1289 995 ἕκτη
1301 903 1356 989 ἀρ-

109 986 245 1073 ἀμνάδας
271 991 418 1063 ίνιαυσίας
435 991 529 1054 πέντε.
568 992 661 1052 τοῦτο
678 985 716 1049 τὸ
751 1008 811 1071 χων
822 989 884 1047 τῶν
897 983 1202 1064 υίῶνΓαδ,Ἐλεισα“φ
1215 981 1358 1059 υίόςῬα-

109 1075 208 1157 δῶρον
219 1071 395 1155 Ναθαναήλ
408 1074 479 1135 υίοῦ
490 1066 585 1146 Σωγ’
633 1068 666 1111 ²⁴
679 1070 718 1161 τῇ
751 1063 851 1149 γουήλ
877 1066 908 1107 ⁴³
922 1065 958 1130 τό
977 1068 1073 1150 διόρσν
1088 1065 1198 1143 αὐτοῦ,
1223 1068 1359 1153 τρυβλίον

108 1153 296 1325 W&
315 1152 624 1321 λήλΐίῗυῖἀίίί
637 1155 716 1296 2⁸²3
751 1150 972 1298 ίίίρῖῦῖἀ
988 1147 1238 1311 ᾆῗίίΜλῘἚ
1252 1175 1358 1314 ἴυῖἷή

109 1323 210 1405 δῶρον
226 1287 339 1391 άῦτσῦ,
362 1315 501 1401 τρυβλίον
516 1312 664 1399 ἀργυροῦν
677 1320 718 1389 ἓν,
751 1260 951 1402 ι’βδόμήκοντα
969 1257 1172 1378 σίιιλωῦγκάιτά
1189 1258 1359 1378 τόνρσίκλσί

109 1396 277 1487 τριάκοντα
305 1399 357 1461 καί
384 1392 491 1460 ἑκατὸν
516 1391 589 1479 ὁλκή
613 1393 717 1460 αὐτοῦ.
751 1398 806 1462 τὸν
823 1394 918 1475 ἀγιον.
946 1392 1103 1481 ἀμφότερα
1124 1393 1223 1480 πλήρη
1240 1392 1357 1479 σεμιδά-

112 1479 228 1564 φιάλην
250 1483 320 1562 μίαν
343 1476 488 1565 ἀργυρᾶν,
521 1474 718 1565 ίβδσμήκοντα
752 1477 1085 1562 λιωςάναπιποιημένης
1101 1477 1237 1561 ίνίλαίῳ
1250 1484 1358 1553 είςθυ-

115 1561 230 1627 σίκλων
251 1560 329 1626 κατά
350 1560 405 1627 τόν
429 1560 530 1626 σίκλον
551 1558 607 1626 τόν
624 1557 717 1639 ἅγιον.
752 1569 827 1628 σίαν.
863 1562 899 1603 ⁴⁴
911 1563 1041 1644 θυΐσκην
1059 1568 1130 1643 μίαν
1147 1563 1219 1625 δίκα
1236 1566 1358 1645 χρυσοῖν,

114 1639 270 1730 ἀμφότερα
291 1670 316 1709 π
343 1641 388 1730 ’ρη
412 1638 587 1726 σεμιδάλεως
608 1642 720 1709 ἀναπε·
753 1641 852 1729 πλήρη
870 1642 1066 1725 θυμιάματος.
1093 1643 1125 1685 ⁴⁶
1136 1639 1245 1726 μόσχον
1261 1649 1313 1706 ίνα
1326 1647 1358 1708 In

111 1729 313 1812 ποιημένηςίν
377 1732 466 1811 ίῳείς
476 1726 718 1791 θυσίαιίῦθυΐ-
752 1731 847 1813 βοοῖν,
865 1722 947 1809 κριόν
959 1731 1025 1801 ἕνα,
1043 1723 1200 1807 ἀμνὸνένα
1213 1723 1359 1790 ἐνιαύσιον

110 1834 186 1894 σκην
195 1816 266 1892 μίαν
278 1809 350 1875 δέκα
360 1813 486 1895 χρυσοῦν,
498 1804 598 1892 πλήρη
607 1804 720 1890 θυμιά-
754 1815 793 1884 είς
804 1805 1011 1890 ῦλοιιαῦτωμα.
1029 1809 1063 1850 ⁴⁶
1068 1809 1119 1872 καί
1130 1814 1254 1892 χίμαρον
1265 1810 1297 1884 ίξ
1309 1813 1358 1872 αλ·

108 1918 211 1977 ματος.
237 1895 267 1936 ²⁷
278 1888 387 1979 μόσχον
403 1897 456 1957 ΐνα
469 1896 501 1956 έν
512 1894 610 1978 βοάν,
636 1888 720 1977 κριδν
753 1896 815 1971 γιῦν
826 1897 878 1956 ἕνα
889 1893 956 1976 περὶ
969 1888 1124 1974 ἁμαρτίας.
1142 1891 1173 1933 ⁴⁷
1186 1892 1236 1954 καί
1249 1895 1288 1965 είς
1300 1901 1357 1955 θυ-

111 1982 177 2053 ένα,
202 1973 295 2058 ἀμνὸν
312 1981 363 2040 ἕνα
379 1971 523 2040 ίνιαόσιον
535 1979 575 2050 είς
587 1969 719 2039 ἀλοκαῦ·
753 1981 821 2041 σίαν
844 1980 994 2077 σωτηρίου
1012 1968 1148 2056 δαμάλεις
1163 1971 1233 2049 δόσ,
1259 1972 1358 2058 κριοῦς

112 2084 204 2141 τωμα.
217 2060 248 2102 ²⁸
255 2059 306 2123 καί
316 2064 440 2144 χίμαρον
453 2061 485 2134 ίξ
496 2061 590 2134 αίγάν
602 2062 654 2121 ἕνα
665 2080 720 2121 πε-
752 2061 848 2133 πέντε,
865 2081 994 2141 τραγσυς
1006 2061 1101 2132 πέντε,
1118 2053 1249 2137 ἀμνάδας
1262 2061 1358 2121 ἐνιαυ-

111 2145 143 2225 ρί
158 2139 313 2228 ἁμαρτίας.
338 2142 370 2184 ²⁹
381 2142 434 2205 καί
451 2145 490 2216 είς
501 2144 611 2205 θυσίαν
623 2164 719 2245 σωτη-
753 2148 819 2217 σίας
836 2142 930 2205 πέντε.
953 2145 1045 2205 τοῦτο
1061 2139 1097 2205 τὸ
1115 2141 1211 2224 δῶρον
1233 2138 1358 2220 Ἑλισάφ

112 2232 179 2310 ρίου
190 2220 327 2308 δαμάλεις
338 2223 402 2299 δύο,
418 2222 519 2310 κρωῦς
530 2226 625 2300 πέντε,
642 2247 719 2307 τρα-
754 2228 820 2288 υίσῦ
828 2218 987 2306 Ῥαγουήλ.
1000 2224 1078 2315 ⁴⁸th
1090 2219 1183 2307 ἡμέρᾳ
1196 2226 1235 2329 τή
1247 2219 1357 2315 ἑβδόμη

109 2334 180 2388 γους
192 2311 296 2382 πέντε,
319 2303 453 2389 ἀμνάδας
465 2311 614 2381 ἐνιαυσίας
624 2309 718 2370 πέντε.
754 2307 854 2411 ἀρχων
873 2311 935 2370 τῶν
956 2310 1029 2371 υῖεῦν
1050 2304 1193 2389 Ἐφραίμ,
1221 2306 1357 2387 Ελισαμά

109 2396 203 2454 τοῦτο
221 2389 257 2454 τὸ
276 2391 373 2475 δῶρον
384 2386 494 2474 Ἐλιάβ
504 2393 571 2453 υίσῦ
584 2385 718 2453 Χαιλοίν.
754 2383 954 2494 υίοςἘμιοῦδ.
972 2391 1005 2432 ⁴⁹
1014 2385 1047 2453 τὸ
1060 2390 1157 2473 διῦρσν
1170 2387 1274 2464 αῦτοῦ,
1287 2415 1358 2474 τρυ-

109 2476 145 2516 ³⁰
159 2476 197 2563 τῇ
221 2467 315 2555 ήμέρσρ
339 2477 378 2551 τῇ
402 2467 527 2564 τετάρτη
543 2469 643 2556 ἀρχων
660 2476 721 2535 τῶν
753 2474 836 2559 βλίον
847 2476 995 2575 αργυροῦν
1005 2479 1046 2546 ΐν,
1057 2467 1217 2551 τριάκοντα
1227 2475 1279 2534 καὶ
1288 2474 1358 2535 ἱκα-

109 2557 187 2620 υἱῶν
209 2555 337 2639 Ρουβην,
351 2553 492 2637 Ἕλισοῦρ
511 2553 575 2627 υἱός
587 2549 719 2637 Σεδισιίρ.
753 2556 808 2619 τὸν
820 2552 892 2639 ὁλκή
905 2559 1006 2619 αυτοῦ.
1021 2549 1129 2635 φιάλην
1137 2559 1208 2636 μίαν
1218 2550 1358 2638 ἀργυρᾶν,

110 2640 140 2681 ³¹
150 2636 186 2700 τὸ
200 2637 298 2719 δῶρον
310 2633 415 2712 αὐτοῦ,
428 2636 564 2721 τρυβλίον
573 2633 720 2722 ἀργυροῦν
753 2636 953 2724 ἑβδομήκοντα
972 2637 1081 2702 σίκλων
1096 2633 1174 2702 κατά
1190 2634 1243 2701 τὸν
1257 2637 1358 2702 σίκλον

111 2728 159 2797 ἓν,
178 2715 339 2805 τριάκοντα
350 2722 401 2785 καί
413 2720 520 2785 ἑκατὸν
531 2714 603 2803 ὁλκή
615 2718 716 2786 αάτοῦ.
752 2723 807 2788 τὸν
825 2720 920 2800 άγιον.
952 2718 1107 2806 ἀμσότιρα
1124 2716 1222 2808 πλήρη
1241 2717 1355 2803 σεμιδά·

111 2801 221 2887 ηιάλην
229 2810 299 2886 μίαν
308 2801 449 2891 ἀργυρᾶν,
462 2801 660 2907 ἑβδομήκοντα
671 2810 718 2871 σί-
751 2807 822 2881 λειος
839 2805 1089 2887 ἀναπεπσιημένης
1101 2810 1132 2870 ἰν
1145 2805 1235 2889 ε’λαίῳ
1248 2810 1287 2881 είς
1298 2816 1356 2870 θυ-

111 2886 189 2950 κλων
205 2884 283 2951 κατά
295 2885 346 2952 τόν
363 2887 462 2954 σίκλον
474 2885 528 2952 τὸν
539 2888 633 2966 ἅγιον.
659 2886 718 2970 ἀμ·
751 2896 826 2954 σίαν.
865 2892 897 2932 ⁶⁰
910 2891 1036 2970 θυΐσκην
1052 2895 1123 2971 μίαν
1139 2890 1209 2951 δέκα
1230 2894 1357 2971 χρυσῶν,

111 2966 222 3053 σότερα
238 2967 336 3055 πλήρη
353 2967 524 3051 σεμιδάλεως
536 2969 717 3053 ἀναπεποιη-
750 2962 850 3056 πλήρη
867 2969 1060 3055 θυμιάματος.
1087 2973 1113 3014 ⁶¹
1124 2967 1238 3054 μόσχον
1256 2974 1308 3033 ἕνα
1325 2973 1357 3033 ἐκ

109 3056 195 3135 μένης
209 3057 239 3117 ἐν
251 3053 341 3138 ἐλαίῳ
354 3059 393 3130 είς
404 3061 521 3120 θυσίαν.
549 3056 579 3096 ³²
591 3056 717 3137 θυΐσκην
750 3060 846 3140 βοῶν,
864 3050 948 3138 κριὸν
959 3060 1028 3131 ἕνα,
1041 3053 1134 3138 ἀμνὸν
1145 3059 1196 3118 ένα
1209 3048 1357 3119 ἐνιαύσιον

109 3142 179 3216 μίαν
190 3136 261 3200 δέκα
272 3142 398 3221 χρυσῶν,
409 3133 507 3222 πλήρη
519 3132 715 3220 θυμιάματος.
750 3143 788 3213 εἷς
800 3135 1005 3220 όλοκαῦτωμα.
1027 3142 1057 3182 ⁶²
1066 3141 1116 3203 καί
1127 3144 1252 3223 χίμαρον
1264 3140 1296 3214 ἐξ
1308 3141 1357 3200 αἲ-

110 3219 138 3259 ³³
143 3214 250 3304 μόσχον
259 3226 309 3283 ἕνα
320 3223 353 3282 ἐκ
363 3224 452 3304 βοῶν,
460 3216 542 3303 κριόν
552 3219 643 3296 ένα,ἀ
665 3220 716 3284 νόν
749 3225 809 3299 γῶν
822 3225 874 3283 ένα
886 3222 953 3303 περί
965 3218 1118 3304 ἁμαρτίας.
1142 3223 1170 3264 ⁵³
1183 3223 1235 3285 καί
1246 3226 1286 3295 είς
1297 3230 1355 3283 θυ-

110 3307 160 3366 ένα
172 3297 315 3366 ἐνιαῦσισν
334 3306 372 3373 είς
389 3298 594 3382 ὁλοκαῦτωμα.
620 3305 635 3345 ³
666 3305 717 3367 καὶ
751 3308 818 3368 σίαν
839 3307 987 3401 σωτηρίου
1009 3299 1146 3382 δαμάλεις
1164 3299 1231 3378 δίο,
1256 3301 1356 3386 κριοῦς

108 3390 233 3467 χίμαρον
251 3383 282 3454 ἐξ
301 3385 394 3454 αἰγιῦν
408 3387 459 3444 ἕνα
475 3385 543 3464 περί
560 3378 715 3470 ἀμαρτίας.
749 3388 846 3457 πέντε,
859 3407 988 3466 τραγσυς
1001 3386 1096 3456 πέντε,
1113 3380 1246 3461 ἀμνάδας
1258 3389 1356 3447 ίνιαυ·

108 3468 138 3507 ³⁵
154 3465 206 3525 καὶ
231 3465 271 3532 εἰς
291 3465 401 3522 θυσίαν
418 3468 564 3545 σωτηρίου
581 3464 717 3547 δαμάλεις
750 3473 814 3541 σίας
825 3469 920 3530 πέντε.
944 3469 1036 3528 τοῦτο
1049 3461 1084 3527 τὸ
1100 3464 1197 3542 δῶρον
1209 3463 1355 3546 Ἔλισαμά

109 3542 181 3620 ‹5¹5⁰›
207 3541 308 3625 κθίθῦς
336 3543 434 3618 “Q
464 3540 589 3626 τράγους
619 3553 715 3622 πέντε,
749 3553 816 3615 υίοῦ
831 3542 960 3631 Ἐμισιίδ.
1001 3545 1032 3590 ⁶⁴
1045 3550 1084 3629 τῆ
1100 3542 1195 3630 ήμέρρ
1212 3551 1250 3629 τή
1262 3543 1334 3624 ἀγδό

109 3623 244 3712 ἀμνάδας
269 3630 418 3700 ἐνιαυσίας
442 3629 537 3689 πέντε.
567 3632 657 3691 τοῦτο
680 3631 717 3693 τὸ
750 3630 849 3713 ἀρχων
860 3637 921 3697 τῶν
934 3635 1009 3695 υίιῦν
1020 3618 1185 3714 Μάνασσή,
1195 3575 1355 3718 Γαμαλιήλ

110 3716 205 3798 δῶρσν
226 3705 366 3793 Ἕλισοῦρ
384 3713 452 3773 υίσῦ
469 3702 606 3792 Σεδιοῦρ.
638 3710 669 3752 ³⁰
681 3716 717 3802 τῇ
750 3713 813 3785 υίὸς
828 3709 1014 3798 Φαδασσοῦρ.
1041 3714 1069 3758 ⁵⁶
1084 3712 1118 3778 τό
1135 3715 1232 3798 δώρον
1249 3713 1354 3796 αὐτοῦ,

111 3793 203 3881 ἱμέρῳ
215 3797 253 3876 τῆ
265 3795 385 3880 πέμπτη
396 3792 494 3879 ἀρχων
502 3795 563 3856 τῶν
573 3795 646 3856 υίιῦν
655 3798 718 3856 Συ-
750 3793 888 3877 τρυβλίον
900 3793 1048 3880 ἀργυροῦν
1062 3804 1111 3873 έν,
1128 3822 1148 3860 τ
1166 3795 1290 3865 ιάκοντα
1302 3805 1353 3865 καί

111 3866 356 3960 μεών,Σάλαμιήλ
367 3876 632 3962 υίὸςΣουρισαδαί.
643 3872 715 3941 37τὸ
749 3876 856 3941 ἑκατόν
873 3872 946 3958 ὁλκή
963 3876 1067 3942 αὐτοῦ.
1093 3825 1201 3964 φιάλην
1212 3889 1282 3966 μίαν
1294 3882 1315 3947 ἀ

110 3965 205 4048 δῶρον
223 3959 334 4034 αὐτοῦ,
358 3960 497 4046 τρυβλίον
514 3958 661 4046 ἀργυροῦν
673 3968 713 4037 ἓν,
745 3966 852 4046 γυράν,
875 3955 1075 4045 ἑβδομήκοντα
1088 3963 1196 4030 σίκλων
1208 3967 1285 4032 κατά
1298 3993 1352 4033 τον

109 4045 269 4131 τριάκοντα
299 4045 349 4107 καί
379 4043 484 4109 ἑκατὸν
507 4041 579 4126 ὁλκή
605 4043 710 4110 αὐτοῦ.
746 4046 845 4111 σίκλον
857 4045 910 4110 τόν
922 4041 1014 4122 άγιον.
1026 4043 1181 4134 ἀμφότερα
1191 4048 1290 4135 πλήρη
1303 4077 1351 4115 σε-

109 4127 216 4214 σιάλην
240 4135 311 4212 μίαν
335 4125 481 4212 ἀργυρᾶν,
512 4127 711 4214 ἑβδομήκοντα
743 4126 886 4211 μιδάίεως
903 4126 1154 4218 ἀναπεποιημένης
1167 4138 1199 4198 ἒν
1210 4135 1299 4215 ἐλαίῳ
1312 4139 1351 4211 είς

109 4213 217 4278 σίκλων
241 4208 319 4276 κατά
344 4209 396 4276 τόν
421 4210 519 4275 σίκλον
543 4211 597 4276 τὸν
618 4209 709 4289 άγιον.
743 4219 861 4278 θυσίαν.
880 4215 911 4258 ⁶⁶
920 4216 1046 4299 θυΐσκην
1058 4222 1129 4298 μίαν
1141 4219 1213 4280 δέκα
1224 4222 1349 4300 χρυσῶν,

108 4294 261 4379 ἀμφότερα
286 4290 384 4378 πλ’ρη
408 4290 581 4377 σεμιδάλεως
600 4294 710 4359 ἀναπι-
743 4293 840 4381 πλήρη
853 4294 1047 4380 θυμιάματος.
1086 4302 1115 4341 ⁵⁷
1127 4295 1235 4378 μόσχον
1253 4303 1349 4362 έναέιι

105 4381 262 4461 ποιημένης
276 4381 306 4441 έν
318 4322 407 4461 ἐλαίῳ
420 4383 458 4450 είς
467 4384 585 4442 θυσίαν.
603 4381 709 4443 38θυΐ-
742 4383 835 4463 βοοῖν,
857 4379 937 4465 κριόν
949 4387 1012 4454 ἕνα,
1035 4377 1127 4458 ἀμνὸν
1140 4384 1192 4439 ἕνα
1204 4376 1349 4443 ἐνιαύσιον

105 4487 175 4549 σκην
187 4467 256 4545 μίαν
268 4463 338 4525 δέκα
350 4466 472 4547 χρυσῶν,
487 4457 585 4548 πλήρη
597 4456 709 4544 θυμιά-
743 4467 781 4539 εἷς
794 4459 1002 4544 ὁλοκαύτωμα.
1022 4461 1052 4501 ⁵⁸
1063 4459 1114 4519 καί
1124 4463 1247 4542 χίμαρον
1258 4463 1289 4534 ἐξ
1301 4465 1348 4558 a}

1290 4560 1349 4612 γιον
