2924 4972
117 241 160 306 3ο·
411 243 679 304 Γυιυυυττ
717 237 1051 320 Κισθυκικυιρὸ.

116 353 342 457 πάνράρσενικόν.
363 358 445 418 16καί
457 352 583 457 διόσρμεν
594 357 648 430 τὰς
659 367 718 421 θυ-
747 356 832 434 όνους
846 354 959 434 αὐτῶν,
984 353 1041 421 ὅσα
1058 382 1088 421 τε
1106 382 1141 440 ην
1158 361 1189 421 ίν
1207 362 1243 451 τῇ
1256 353 1351 436 πόλει,

115 463 242 522 γατερας
253 435 333 541 ήμῶν
346 434 362 501 ό
384 448 427 513 ἵν,
451 440 502 501 καί
514 437 577 502 απὸ
589 442 649 502 τῶν
659 449 717 502 θυ-
748 441 798 504 καί
809 434 867 505 ὅσα
879 428 914 543 ήν
923 442 953 502 ἐν
963 443 1007 522 τῷ
1017 440 1118 521 πεδίῳ,
1131 439 1249 526 ἔλαβον.
1263 442 1294 482 ²⁹
1299 443 1350 505 καί

115 522 248 604 γατέρων
266 525 345 602 υμῶν
397 515 517 602 υόμεθα
534 517 602 603 ήμίν
616 531 717 598 γυναί-
746 518 847 587 πάντα
859 548 897 586 τα
910 518 1034 603 στόματα
1048 519 1165 597 αὐτῶν,
1186 523 1237 586 καί
1249 526 1349 589 πᾶσαν

117 628 179 677 κας,
192 604 242 667 καί
254 599 402 684 οἰκήσομεν
414 600 483 687 παρ’
500 599 573 704 ὑμῖν,
588 603 639 667 καί
651 598 717 667 ίοό-
746 604 798 687 τήν
810 602 973 688 ἀποσκευήν
985 601 1084 668 αὐτῶν
1089 653 1100 679 ,
1120 606 1171 668 καί
1182 600 1236 680 τάς
1247 617 1349 682 γυναῖ-

114 695 193 765 μεθα
204 681 244 761 ὡς
253 688 336 762 γένος
344 688 383 748 ἔν.
401 686 484 748 17ίιίν
493 685 523 748 δε
535 683 576 768 μή
588 681 717 759 είςακοό-
746 713 800 761 κας
818 684 916 750 αὐτῶν
929 681 1158 770 ήχμιιλῶτευσαν.
1192 688 1244 751 καί
1266 684 1348 790 διήρ-

115 790 182 869 σητε
194 762 273 849 ήμῶν
284 769 339 830 τοῦ
350 770 561 850 περιτεμέσθαι,
581 762 717 869 λαβόντες
745 792 845 834 πασαν
856 763 913 855 ὅσα
926 751 955 833 Ιτε
968 757 1003 851 ήν
1014 770 1045 831 ἐν
1057 764 1207 895 τήοπόλει,
1227 770 1280 833 καί
1291 770 1348 835 ὅσα

114 872 167 931 την
195 850 350 934 θυγατέρα
377 846 458 931 ήμῶν
489 846 716 931 ἀπελευσομεθα.
745 837 781 934 ήν
797 853 829 914 ἐν
847 861 912 926 ταῖς
931 856 1043 926 οἰκίαις.
1125 850 1185 915 εἷπε
1197 849 1229 915 δὲ
1238 848 1285 914 ’Ia
1317 851 1322 872 “

114 931 142 972 ¹⁸
155 931 206 994 καί
223 929 328 1015 ἤρεσαν
344 934 375 994 σί
396 927 479 1008 λόγοι
497 934 625 995 ἐναντίον
645 929 717 1012 Ἔμ-
745 929 820 1018 πρός
831 929 950 1016 Συμεὼν
961 935 1012 997 καί
1022 938 1105 997 Λευί.
1119 928 1239 1017 μισητόν
1248 958 1282 1015 με
1294 960 1347 998 πε-

112 1011 188 1097 μώρ,
200 1015 251 1077 καί
264 1012 496 1116 ίναντίονΣυηίμ
508 1020 562 1077 τοῦ
571 1016 637 1077 υἱοῦ
645 1010 717 1096 Ἐμ-
744 1011 898 1099 ποιήκατι,
923 1010 993 1091 δίςτε
1005 1010 1134 1100 πονηρόν
1144 1041 1178 1098 με
1190 1015 1261 1080 εἶναι
1272 1022 1347 1082 πᾶσι

18 1125 24 1135 ·
111 1091 185 1181 μυόρ.
217 1092 715 1181 19καίοιίιιίχρονισενὸνεανίσκος
744 1110 806 1172 τοῖς
818 1103 986 1163 κατοικοῦσι
999 1096 1051 1180 τήν
1059 1103 1123 1182 γήν,
1134 1101 1194 1162 ἕντι
1203 1109 1265 1173 τοῖς
1274 1105 1347 1162 Χα-

112 1183 168 1242 τοῦ
183 1183 303 1261 ποιήσαι
320 1177 355 1242 τὸ
373 1181 452 1263 ῥῆμα
469 1183 568 1243 τοῦτο.
593 1177 714 1282 ίνίκειρσ
744 1186 884 1256 ναναίοις,
907 1181 958 1245 καί
974 1184 1005 1244 cr
1016 1192 1078 1255 τοῖς
1094 1183 1264 1266 Φεριζαίοις.
1286 1180 1345 1256 ίγὼ

111 1259 169 1345 γὰρ
193 1265 230 1344 τή
246 1263 376 1346 θυγατρί
390 1257 508 1348 Ἰακώβ.
534 1259 623 1336 αὐτὸς
635 1260 667 1325 δὲ
680 1286 714 1344 ην
743 1260 776 1328 δὲ
789 1257 941 1341 όλιγοστός
952 1269 1006 1346 εἶμι
1019 1266 1049 1327 ίν
1062 1261 1190 1348 ἀριθμῷ.
1215 1263 1266 1326 καί
1277 1286 1345 1327 ουν-

111 1335 301 1418 ίνδοξότατος
319 1339 439 1408 πάντων
455 1349 514 1406 τῶν
532 1346 561 1405 ἕν
577 1348 621 1424 τῷ
640 1345 713 1426 οἴκῳ
744 1349 882 1430 αχθέντις
895 1343 938 1411 ἐπ’
959 1345 1007 1428 ἐμὲ
1025 1343 1210 1428 ουγκόψουσί
1219 1369 1267 1426 με,
1293 1344 1343 1408 καί

110 1422 406 1508 τοῦπατρόςαάτοῦ.
431 1426 462 1467 ²⁰
473 1413 713 1509 ήλθεδὲἜμμώρ
743 1424 894 1510 ἐκτριβήσο
935 1455 945 1490 ι
969 1427 1046 1505 ἐγὼ,
1071 1429 1122 1492 καί
1146 1424 1163 1492 ὁ
1182 1422 1264 1502 οἶκός
1278 1452 1343 1511 μου.

110 1505 269 1589 καὶΣυχέμ
287 1501 382 1578 όυίός
399 1502 579 1588 αότοῦπρὸς
592 1501 712 1607 τήνπά-
742 1509 768 1548 ³¹
782 1511 813 1571 οί
829 1508 861 1570 δὲ
878 1454 972 1570 είτόαν.
998 1505 1061 1570 ἀλλ’
1083 1506 1148 1582 ιδςεί
1163 1505 1258 1603 πόρνη
1275 1504 1345 1594 ήρή-

110 1588 163 1671 λην
179 1591 232 1672 τῆς
245 1582 357 1662 πόλεως
369 1583 482 1664 αάτῶν,
506 1587 557 1650 καί
569 1586 714 1670 ἐλαλησαν
743 1612 844 1652 σονται
856 1591 894 1681 τῇ
906 1586 1016 1680 ἀδελφῇ
1030 1584 1109 1670 ήμῶν
1112 1618 1125 1668 ,·

109 1669 186 1778 πρὸς
202 1668 274 1745 τοὺς
291 1668 463 1755 ἀνδραςτής
479 1663 592 1744 πόλεως
605 1667 712 1745 αὐτῶν,
920 1676 995 1734 ΚΕ
1007 1677 1046 1734 Φ.
1087 1665 1168 1734 AE'.

110 1753 248 1831 λεγοντος,
273 1755 344 1816 21σί
364 1751 520 1837 ἀνθρωποι
535 1745 617 1816 οὗτοι
636 1757 713 1896 είρη·
743 1720 793 1815 Ε
798 1751 845 1818 ίπε
862 1751 893 1818 δὲ
911 1748 929 1817 ὁ
948 1750 1020 1830 θεὰς
1039 1752 1115 1839 πρός
1128 1748 1245 1840 Ἰακώβ.
1270 1751 1345 1818 ἀνα-

110 1841 186 1900 νικοί
199 1841 267 1911 είσι,
290 1832 354 1916 μεθ’
375 1831 456 1918 ήμῶν
476 1838 645 1900 οίκείτωοαν
677 1837 712 1898 πί
743 1835 819 1912 στδιςι
832 1832 961 1982 ἀνάρίηθι
980 1841 1018 1912 είς
1036 1835 1088 1900 τὸν
1102 1831 1196 1901 τόπον
1207 1833 1342 1920 Βαιθήλ.

109 1922 162 2002 τής
172 1921 241 2002 γής,
265 1918 317 1980 καί
334 1919 348 1981 ί
367 1919 597 2002 πορευέσθωσαν
611 1912 711 2002 αὐτήν.
742 1921 792 1984 καί
803 1919 872 1983 οἴκει
901 1929 951 1983 κεῖ.
968 1922 1019 1984 καί
1030 1924 1155 2023 ποίησον
1167 1922 1344 1984 ίκεῖθυσια-

110 1996 175 2084 ἡδὲ
188 2005 225 2083 γη
239 1996 302 2064 ίδοδ
318 1944 445 2064 πλατεῖα
462 2003 592 2064 ἐναντίον
604 1997 711 2064 αὐτῶν.
741 1997 860 2088 στήριον
877 2005 921 2066 τῶ
937 2007 999 2086 θεῷ
1018 2007 1062 2086 τῷ
1088 2005 1212 2104 ορθέντι
1230 2029 1290 2077 σοι,
1312 2005 1344 2065 ἐν

109 2081 164 2158 τάς
176 2085 345 2167 θυγατέρας
363 2081 462 2147 αὐτῶν
477 2077 635 2166 ληψόμεθα
647 2079 713 2166 ήμῖν
741 2090 784 2167 τῷ
810 2069 1031 2189 ἀπσδιδράσκειν
1053 2110 1084 2150 σε
1102 2084 1166 2149 απὸ
1184 2080 1343 2171 προςιόπου

109 2176 258 2244 γυναῖκας,
267 2165 379 2241 καὶτάς
388 2169 556 2251 θυγατέρας
565 2161 712 2249 ήμῶυδιό-
736 2165 835 2232 Ἡσαῦ
848 2171 902 2232 τοῦ
914 2168 1041 2249 αδελσοῦ
1055 2193 1117 2233 σου.
1141 2167 1226 2232 2εἶπε
1239 2167 1270 2233 δὲ
1279 2164 1343 2230 Ἰα-

111 2273 194 2350 σομεν
202 2247 311 2324 αὐτοῖς.
325 2250 355 2290 ²²
361 2251 391 2313 ἐν
402 2243 499 2332 τούτῳ
507 2244 596 2332 μόνον
604 2246 712 2331 ὁμοιω-
740 2251 803 2337 κιόβ
814 2254 859 2333 τῷ
870 2250 942 2335 οἴκῳ
955 2248 1058 2327 αὐτοῦ,
1071 2252 1121 2315 καί
1133 2255 1204 2315 πᾶσι
1214 2262 1275 2324 τοῖς
1281 2248 1339 2330 μετ’

109 2341 254 2416 θησονται
268 2327 335 2416 ήμῖν
350 2335 381 2396 οἱ
398 2329 553 2418 ἀνθρωποι
573 2335 627 2397 τοῦ
640 2357 712 2397 κατ-
740 2332 845 2399 αὐτοῦ.
873 2331 966 2417 ἀρατε
982 2333 1052 2408 τοὺς
1068 2332 1157 2407 θεοὺς
1169 2332 1239 2409 τοὺς
1251 2330 1343 2396 ἀλλο-

102 2411 272 2498 ,οικεῖνμεθ
288 2411 382 2499 ήμῶν,
400 2410 470 2491 δίςτε
483 2415 552 2480 εἶναι
565 2413 711 2492 λαόνὲνα,
739 2424 836 2504 τρίους
849 2413 917 2492 τοὺς
931 2415 998 2498 μεθ’
1011 2412 1134 2498 ὖμῶνέκ
1172 2418 1239 2480 έσου
1252 2411 1342 2496 ὑμῶν,

109 2501 141 2562 ίν
154 2502 199 2582 τῷ
216 2501 422 2584 περιτιμίσθαι
436 2495 515 2585 ήμῶν
526 2504 588 2565 πᾶν
600 2498 711 2588 ἀρσενι-
738 2503 789 2566 καί
811 2507 1033 2587 καθαρίσθητι,
1057 2496 1145 2563 καίά
1193 2496 1270 2574 ’ξατι
1288 2492 1343 2571 τάς

109 2581 177 2658 κόν,
202 2580 287 2648 καθὰ
312 2584 362 2647 καί
380 2582 467 2648 αὖτοὶ
482 2587 709 2667 περιτότμηνται.
739 2581 848 2660 στολάς
868 2580 954 2667 ὑμῶν.
982 2584 997 2625 ³
1009 2581 1060 2646 καί
1077 2576 1341 2655 ἇνθσῐᾶίῐέςᾶία·

109 2666 139 2706 ²³
152 2666 203 2728 καί
216 2664 256 2727 τά
267 2660 355 2745 κτήνη
368 2663 476 2737 αὐτῶν,
494 2668 545 2727 καλ
556 2665 595 2727 τά
607 2663 711 2749 τετρά-
738 2672 830 2751 βῶμεν
841 2671 880 2738 είς
891 2664 1032 2745 Βαιθήλ,
1048 2666 1099 2727 καί
1111 2659 1276 2744 ποιήσωμεν
1284 2665 1343 2726 ἐκεῖ

107 2747 204 2818 ποδα,
228 2745 280 2808 καί
299 2742 340 2807 τὰ
357 2740 439 2828 ὖπάρ
455 2768 528 2808 οντα
546 2740 646 2808 αὐτῶν
658 2744 711 2827 οὐχ
738 2740 951 2827 θυσιαστήριον
961 2748 1006 2822 τῴ
1018 2747 1082 2824 θεῷ
1090 2747 1135 2805 τω
1144 2740 1343 2808 ἐπακούσαντί

108 2823 190 2910 ἡμῶν
207 2828 305 2903 δίπαις
328 2821 418 2906 μόνον
438 2770 472 2888 ίν
488 2819 585 2906 τούτῳ
602 2820 711 2907 ὁμοιω-
738 2851 793 2908 μου
806 2830 835 2901 ἐν
848 2821 941 2911 ήμέρᾳ
953 2823 1095 2906 θλίψεως,
1106 2805 1247 2907 δςήνμεί
1261 2828 1341 2905 ἐμοῦ,

106 2913 207 2991 θῶμεν
237 2904 354 2983 αὐτοῖς,
387 2909 439 2972 καί
467 2901 614 2990 οἰκήσουσι
643 2906 707 2990 μεθ
739 2899 1339 2993 καίδιέσωσέμεὲντῆδδῷ,ήἐπορεύθην.

106 2987 196 3076 ήμῶν.
228 2991 260 3034 ²⁴
274 2992 326 3056 καί
342 2987 507 3075 είςήκουσαν
527 2987 644 3076 Ἐμμιάρ
659 2993 711 3057 καὶ
738 2992 818 3057 4καί
840 2991 953 3058 ἔδωκαν
977 2980 1151 3078 τῷἻακάηλ
1166 2987 1235 3067 τοὺς
1251 2989 1341 3068 θεοὺς

105 3075 203 3160 Συχὲμ
221 3078 276 3138 τοῦ
292 3076 363 3138 υἱοῦ
380 3071 474 3138 αὐτοῦ
491 3067 598 3148 πάντες
616 3078 646 3138 σί
660 3078 710 3156 ἐμ·
738 3077 807 3150 τοὺς
820 3072 1006 3160 ἀλλοτρίους,
1028 3082 1060 3139 οἳ
1071 3063 1144 3159 ἦσαν
1156 3078 1187 3139 ἐν
1199 3086 1265 3150 ταῖς
1275 3100 1339 3160 χερ-

105 3152 290 3243 πορευόμενοι
302 3153 355 3239 τήν
366 3151 465 3240 πύλην
473 3157 525 3240 τής
532 3151 645 3232 πόλεως
654 3155 711 3221 αά-
738 3160 784 3223 σίν
800 3155 916 3233 αὐτῶν,
941 3159 992 3221 καί
1010 3153 1049 3221 τά
1067 3153 1171 3223 εὐιότια
1183 3156 1221 3223 τά
1235 3161 1265 3222 ἐν
1278 3169 1340 3233 τοῖς

105 3245 174 3304 τῶν.
199 3241 249 3304 καί
266 3240 466 3325 περιετὲμοντσ
485 3236 537 3344 τήν
551 3233 647 3325 σάρκα
659 3245 710 3322 τῆς
738 3239 808 3306 ὠσίν
818 3238 925 3304 αὐτῶν.
939 3243 990 3305 καὶ
998 3244 1179 3328 κατέκρυψεν
1188 3237 1267 3306 αάτά
1275 3237 1340 3303 Ἰα-

105 3321 302 3410 ἀκροβυστίας
313 3319 413 3387 αὐτῶν
424 3327 483 3397 πᾶς
495 3346 596 3407 αρσην.
610 3323 709 3426 26ήγέ-
737 3321 800 3409 κάβ
817 3319 877 3387 ἀπὸ
895 3319 948 3408 τήν
959 3328 1125 3410 τερέβινθοτ
1142 3322 1194 3410 τήν
1205 3326 1339 3405 ίνΣηκί-

104 3431 170 3471 νετο
181 3406 213 3472 δὲ
225 3408 255 3469 ίν
267 3410 304 3491 τῆ
317 3401 411 3491 ήμέρρι
424 3410 460 3497 τῇ
471 3411 565 3510 τρίτη,
575 3401 624 3469 ότε
634 3429 709 3490 ησαν
735 3432 807 3489 μοις.
834 3408 884 3470 καί
896 3402 1043 3472 ἀπώλεσεν
1056 3405 1144 3485 αιἰτά,
1157 3414 1211 3482 ἕως
1222 3411 1274 3491 τῆς
1286 3402 1340 3490 σή-

105 3491 136 3553 ίν
147 3495 193 3574 τῷ
204 3480 297 3574 πόνρί,
309 3489 421 3574 ἔλαβον
430 3488 522 3553 οίδυο
533 3489 591 3551 υίοί
600 3485 710 3574 Ἰακὼβ
736 3513 821 3574 μερον
833 3485 947 3576 ἡμέρας.
974 3492 988 3534 ⁵
1001 3493 1052 3556 καί
1064 3493 1160 3584 ε’ξῇρεν
1172 3487 1295 3576 Ἰσραήλ
1307 3494 1339 3554 ἐκ

106 3574 225 3657 Συμεὼν
236 3576 288 3639 καί
296 3573 371 3637 Λευὶ
383 3569 505 3651 ἀδελφοί
515 3575 627 3645 Δείνας,
639 3575 709 3634 ἕκα-
736 3578 768 3636 Σ
769 3577 883 3655 ηκίμων.
908 3576 958 3638 καί
976 3576 1086 3652 ἐγένετο
1101 3570 1192 3659 φόβος
1204 3576 1278 3636 θεοῦ
1289 3573 1339 3634 ἐπὶ

104 3681 173 3731 στος
184 3656 237 3738 τήν
252 3651 399 3760 μάχαιραν
416 3650 527 3728 αὐτοῦ,
552 3653 602 3716 καί
617 3653 708 3737 είςηλ-
737 3651 790 3730 τάς
805 3651 902 3732 πόλεις
922 3656 977 3733 τάς
996 3654 1093 3738 κόκλῳ
1107 3654 1213 3718 αὐτῶν.
1238 3654 1289 3716 καί
1300 3651 1338 3717 οὐ

103 3748 163 3803 θον
179 3742 218 3813 είς
230 3762 282 3820 την
293 3733 379 3801 πόλιν
391 3733 545 3816 ἀσφαλῶς,
570 3737 620 3800 καί
632 3734 707 3802 ἀπέ-
737 3739 912 3820 κατεδίωξαν
929 3738 1026 3804 ὀπίσω
1045 3741 1104 3801 τῶν
1121 3739 1192 3800 υίῶν
1209 3729 1337 3819 Ἰσραήλ.

104 3844 216 3886 κτειναν
223 3825 285 3885 πᾶν
292 3813 448 3903 ἀρσενικόν.
458 3815 581 3884 26τόντε
589 3816 706 3907 Ἐμμάρ
736 3823 752 3864 ⁰
765 3811 838 3906 ήλθε
850 3823 881 3886 δὲ
891 3820 1001 3906 Ἰακὼβ
1012 3824 1051 3894 είς
1062 3815 1176 3895 Λσυζά,
1189 3813 1296 3902 ήέστιν
1308 3821 1338 3879 ἐν

104 3906 156 3968 καί
167 3901 264 3988 Συχὲμ
281 3899 334 3967 τόν
350 3899 415 3966 υἱόν
430 3899 525 3967 αὐτοῦ
537 3899 707 3968 ἀπέκτειναν
734 3910 773 3997 γῇ
783 3901 920 3980 Χαναάν,
933 3899 1166 4004 ήὲπηΒαιθήλ,
1177 3897 1277 3976 αὐτὸς,
1286 3900 1339 3963 καί

104 3989 135 4050 ἕν
148 3983 272 4070 στόματι
285 3990 439 4070 μαχαίρας.
464 3987 516 4049 καί
532 3985 643 4072 ἔλαβον
655 3984 707 4070 τήν
734 3994 794 4064 πάς
811 3985 829 4052 ὁ
847 3984 932 4061 λαός,
958 3980 991 4058 ὃς
1010 4008 1045 4067 ην
1060 3981 1117 4065 μετ’
1133 3981 1234 4047 αὐτοῦ.
1261 3983 1338 4046 7καί

104 4075 209 4135 Δείνων
224 4072 256 4134 ἐκ
273 4073 327 4133 τοῦ
345 4069 427 4133 οἴκου
445 4072 500 4132 τοῦ
513 4069 625 4153 Συχὲμ,
655 4072 706 4135 καί
735 4067 917 4152 ᾠκοδόμησεν
941 4070 1001 4130 ἐκεῖ
1027 4061 1249 4151 θυσιαστήριον,
1285 4067 1338 4129 καί

103 4154 236 4234 ἐξῆλθον.
258 4153 286 4194 ²⁷
297 4155 327 4216 σί
339 4149 370 4216 δὲ
384 4152 443 4215 υίοί
454 4148 565 4238 Ἰακὼβ
573 4153 705 4236 είςήλιθον
734 4149 849 4216 ἐκάλεσε
861 4148 898 4214 τό
911 4147 1004 4230 ὄνομα
1015 4152 1070 4212 τοῦ
1085 4143 1189 4224 τόπου,
1201 4143 1337 4230 Βαιθήλ.

101 4237 153 4299 ἐπί
170 4233 240 4311 τούς
257 4240 452 4320 τραυματίας,
477 4236 528 4299 καί
541 4232 705 4321 διήρπασαν
733 4239 793 4299 ἐκεῖ
808 4229 865 4317 γάρ
884 4227 977 4316 ἒφάνη
994 4229 1078 4315 αὐτῷ
1096 4227 1113 4296 ὁ
1132 4230 1217 4306 θεὸς,
1243 4232 1275 4292 ἐν
1291 4233 1335 4312 τῷ

101 4315 155 4383 τ“ν
171 4314 275 4395 πόλιν,
304 4309 370 4402 ἐνή
389 4321 508 4399 ἐμίαναν
524 4324 629 4383 Δείνων
652 4315 704 4400 τήν
733 4308 953 4399 ἀποδιδράσκειν
978 4310 1070 4379 αὐτόν
1093 4309 1155 4380 ἀπὸ
1177 4307 1335 4399 προςοίπου

100 4347 229 4485 ἀδελφήν
253 4390 359 4465 αὐτοῖνῖ
397 4402 429 4444 ²⁸
442 4403 492 4465 καί
509 4398 549 4465 τά
565 4396 703 4487 πρόβατα
728 4397 827 4464 Ἡσαῦ
839 4400 895 4461 τοῦ
907 4395 1036 4477 ἀδελφοῦ
1049 4395 1152 4462 αὐτοῦ.
1177 4394 1335 4462 θάπέθαιέ

102 4487 211 4564 αὐτῶν,
223 4486 274 4550 καί
286 4483 356 4559 τοὺς
366 4480 441 4572 ῥόας
454 4481 563 4561 αὐτῶν,
573 4483 625 4548 καί
634 4475 708 4556 τοὺς
724 4480 759 4540 δὲ
773 4480 914 4566 Δεβόῤῥα
932 4477 950 4566 ἦ
969 4477 1079 4565 few&
1093 4474 1273 4628 Ῥέβὲκκαθὲτ
1284 4484 1335 4582 ξῑῑί

1272 4583 1339 4642 ὕφη
