2924 4972
429 225 659 293 τΞοΛοε·
696 222 1043 307 marim&
1317 239 1358 303 91

112 341 164 406 καὶ
177 334 246 404 σίδό
259 337 386 424 σεπαρά
399 335 521 416 πάντας.
540 341 626 405 ωκαὶ
638 342 721 420 λέγει.
754 339 789 408 κ’
829 339 854 419 ’ς
877 370 934 427 μου
955 344 1019 428 μεθ
1047 341 1136 429 ήμῶν.
1170 343 1279 423 ὁλαός
1302 330 1361 454 γῆς-ρ

113 415 272 502 ε’μφάνισόν
294 447 345 504 μοι
362 419 499 524 σεαυτόνη
525 424 619 522 ’θ’καὶ
635 423 720 490 εἶπεν.
865 423 1009 513 τρύχηλός
1020 432 1092 494 ἐστι.
1116 430 1168 493 καὶ
1190 425 1304 510 ἀφελεῖς
1323 458 1360 496 συ

114 506 172 581 ε’γώ
197 502 413 590 παρελεύσομαι
439 530 585 592 προτερος
606 533 660 572 σου
684 513 722 601 τῆ
753 507 806 585 τάς
819 518 966 597 αμαρτίας
984 510 1082 595 ήμῶν,
1106 514 1158 576 καὶ
1172 511 1227 586 τὰς
1239 511 1362 595 ἀνομίας

114 584 184 676 δόξῃ
194 614 263 671 μου,
274 589 326 655 καὶ
336 587 451 654 καλέσω
463 593 509 672 τῷ
520 585 647 672 όνόματί
654 617 720 674 μου,
754 589 843 674 ῆμαὶν,
855 597 906 659 καὶ
918 591 1047 676 ἐσόμεθα
1058 601 1114 660 σοί
1133 598 1162 639 ²⁰
1172 596 1224 659 καὶ
1235 593 1297 660 εἱπε
1309 600 1362 660 κύ-

113 667 214 756 κύριος
229 673 361 737 ἐναντίον
377 697 439 736 σου.
469 673 522 738 καὶ
539 671 663 756 ι’λεήσω,
687 670 722 738 δν
754 700 815 759 ρως
829 674 905 776 πρὸς
923 683 1070 762 Μωυσῆν.
1095 674 1158 745 ίδού
1178 677 1239 756 ἐγω
1259 683 1364 761 τίθημί

112 753 149 818 ἀν
161 755 243 831 ἐλεῶ,
260 756 311 818 καὶ
324 750 504 840 οἰκτειρήσω,
520 752 555 820 ὃν
567 753 605 820 ἀν
616 761 722 823 οἱκτει-
754 781 800 822 σοι
812 759 956 845 διαθήκην
965 756 1091 826 δνιύπων
1099 759 1211 837 παντὸς
1221 767 1274 827 τοῦ
1283 760 1362 826 λασύ

113 842 165 922 ριῦ.
195 839 292 907 ωκαὶ
309 836 393 903 εἶπεν.
420 836 457 902 ού
473 836 561 924 δυνήσ
599 841 667 905 ἰδεῖν
684 839 720 904 τό
755 866 825 916 σου,
851 839 965 925 ποιήσω
978 845 1096 920 ὶνδοξα,
1121 840 1191 909 ἀού
1203 846 1361 922 γίγονενὶν

113 916 274 1004 πρόςωπόν
284 946 350 1002 μου.
363 917 400 986 ού
413 919 472 1005 γὰρ
484 867 581 1034 μῆιῖὶή
597 922 721 1010 ἀνθρα-
753 918 836 1015 πόση
853 927 891 1016 τῆ
908 929 961 1016 γῆ,
984 929 1036 990 καὶ
1053 930 1085 990 ἐν
1095 927 1185 991 παντὶ
1198 933 1283 993 ε’θνει.
1309 930 1361 993 καὶ

111 1029 168 1079 πσς
190 1002 227 1068 τὸ
251 998 412 1090 πρόςωπόν
430 1029 501 1085 μου,
526 1032 577 1071 και
593 1002 719 1089 ζήσεται.
754 1003 863 1088 ὄψεται
875 1009 935 1081 πᾶς
948 1002 966 1071 ὁ
978 1005 1059 1083 λαὸς,
1071 1007 1246 1086 ἐνσὶςεὶσύ,
1258 1008 1297 1075 τά
1310 1014 1359 1096 ἔρ-

112 1088 204 1152 21ιιαὶ
226 1086 288 1152 εἶπε
312 1082 418 1173 κύρως.
450 1086 515 1152 ίδοὺ
532 1087 625 1163 τόπος
647 1085 717 1174 παρ’
753 1115 794 1165 γα
805 1092 919 1172 κυρίου,
936 1085 983 1152 ὅτι
996 1086 1154 1170 θαυμαστοὶ
1166 1088 1289 1168 ὶστιν,ἀ
1301 1090 1359 1193 ίγαὶ

110 1172 191 1249 ἐμοὶ,
218 1169 312 1254 στήση
325 1171 376 1235 ἐπὶ
388 1172 440 1252 τῆς
449 1173 568 1254 πέτρας.
595 1168 722 1256 22ῆνίιια
754 1168 870 1253 ποιήσω
883 1195 938 1235 σοι.
964 1173 1077 1257 11πρός
1104 1171 1164 1237 εσύ
1175 1170 1285 1248 πάντα,
1303 1176 1360 1240 ὅσα

110 1250 137 1316 δ’
156 1252 194 1318 ἀν
205 1240 346 1335 παρελθη
364 1247 383 1333 ῆ
402 1250 475 1326 δόξα
487 1255 623 1332 μσυ,καὶ
634 1250 724 1354 θήσω
756 1253 815 1328 ἐγὼ
829 1252 1001 1335 ἐντέλλομαί
1012 1197 1242 1330 σοιλδούέγιὶὶ
1289 1251 1360 1321 ’λλω

110 1360 140 1400 σε
154 1341 194 1410 εῖς
206 1321 350 1417 ὂπῆντλς
365 1335 493 1418 πέτρας,
518 1335 569 1399 καὶ
587 1359 725 1399 σκεπασω
756 1332 819 1419 πρό
835 1331 996 1420 προςιόπου
1014 1332 1095 1418 ὑμῶν
1112 1331 1213 1400 τόνἈ
1307 1349 1362 1412 ῖον,

110 1425 149 1498 τῆ
162 1421 237 1501 χειρί
248 1441 304 1497 μου
316 1363 367 1480 λιτὶ
379 1410 426 1490 αἱ,
452 1419 507 1490 ἕως
518 1413 722 1503 ἀνπαρτλθω.
755 1419 807 1483 καὶ
827 1424 1014 1492 Χαναναῖον,
1040 1420 1092 1483 καὶ
1115 1421 1286 1501 Φερεζαῖον,
1310 1420 1363 1485 καὶ

203 1495 241 1522 ,κ
310 1501 325 1515 a
362 1495 368 1517 ι
601 1496 609 1519 ι
658 1499 674 1521 ω
966 1502 973 1524 ε
1017 1499 1026 1519 ν
1158 1503 1165 1523 ι

111 1489 142 1542 ²3
157 1525 210 1600 κηιι
223 1497 324 1578 αψελω
335 1522 390 1582 την
462 1525 491 1597 α,
510 1501 560 1563 καὶ
571 1525 641 1565 τοτε
653 1522 721 1583 οψει
755 1507 913 1578 Χετταῖον,
922 1528 974 1566 και
981 1507 1105 1578 Ευαῖον,
1114 1528 1164 1566 και
1173 1506 1359 1588 Γεργεσαῖον,

1348 1584 1357 1607 Ι

112 1580 153 1647 τά
171 1587 273 1647 οπίσω
287 1607 359 1664 μου,
383 1581 420 1644 τό
487 1578 648 1666 πρόςωπόν
661 1610 719 1668 μου
752 1586 801 1649 καὶ
812 1581 997 1670 Ἰεβουσαῖον.
1017 1579 1169 1670 12πρόςεχε
1182 1591 1358 1670 σεαυτῷ,μη

110 1663 168 1731 ούκ
180 1659 352 1749 ὀφθήσεταί
362 1689 417 1729 σοι.
750 1691 824 1733 ποτε
839 1672 900 1761 θῆς
917 1662 1061 1752 διαθήκην
1076 1680 1138 1743 τοῖς
1150 1671 1358 1752 ἐγκαθημένους

287 1754 321 1814 Κ
332 1754 362 1811 E
373 1751 411 1811 Φ.
453 1743 539 1811 AA‘.
750 1752 801 1816 ἐπὶ
813 1754 864 1833 τῆς
874 1754 938 1834 γῆς,
949 1755 988 1825 εὶς
1000 1746 1037 1835 ῆν
1046 1744 1197 1844 εὶςποριύη
1209 1755 1249 1825 εὶς
1257 1748 1358 1835 αὐτήν,

114 1798 194 1897 Καὶ
210 1829 272 1899 ελπε
289 1826 389 1917 κύριος
402 1829 479 1917 πρὸς
491 1835 635 1914 Μωυσῆν.
662 1827 719 1898 λύ-
749 1829 788 1916 μή
812 1859 860 1899 σοι
884 1836 1003 1917 γένηται
1026 1829 1197 1936 πρόςκομμα
1227 1836 1258 1899 δν
1283 1830 1356 1918 ὑμῖν.

113 1918 211 1991 ξευσον
237 1918 353 1997 σεαυτῷ
376 1909 431 1979 δύο
450 1909 569 1990 πλύνας
592 1915 718 1992 λιθίνας,
750 1912 858 1992 13τούς
960 1917 992 1993 ύς
1007 1917 1283 1993 αυτῶνκαθελιῖτε,
1307 1921 1358 1985 καὶ

112 1998 214 2075 καθιεὶς
234 2000 285 2063 καὶ
310 2001 344 2063 αἱ
361 2001 495 2083 πρῶται,
518 2000 570 2063 καὶ
586 1994 717 2084 ἀνάβηθι
750 1998 804 2075 τάς
816 1995 872 2082 στή
912 1997 1039 2076 ςαύτῶν
1051 2007 1229 2086 συντρίψετε,
1253 2003 1305 2066 καὶ
1316 2001 1355 2068 τά

111 2079 187 2166 πρός
203 2107 237 2164 με
255 2087 294 2157 εὶς
311 2080 346 2146 τὸ
364 2079 384 2144 δ’
402 2106 443 2155 ος.
473 2083 525 2146 καὶ
540 2079 652 2165 γράψω
669 2083 720 2146 ἐπὶ
750 2080 826 2166 ἀλοη
846 2080 946 2148 αύτιάν
957 2080 1107 2166 ἐκκόψετε,
1123 2087 1175 2151 καὶ
1187 2080 1227 2149 τά
1238 2083 1356 2162 γλυπτοὶ

111 2171 173 2231 τῶν
185 2165 309 2231 πλακοῖν
327 2160 366 2228 τά
378 2106 507 2248 (λήματα,
533 2160 555 2229 ἀ
568 2151 603 2244 ἦν
614 2167 645 2228 ἐν
654 2175 720 2240 ταῖς
751 2169 812 2230 τῶν
823 2170 903 2231 θεῶν
914 2164 1014 2231 αὐτῶν
1026 2162 1225 2232 κατακαύσετε
1237 2171 1269 2231 ἐν
1276 2173 1355 2252 πυρί.

110 2248 203 2325 πλαξὶ
214 2260 280 2323 ταῖς
292 2241 440 2332 πρώταις,
466 2246 513 2322 αὶς
531 2249 719 2330 συνέτριψας.
752 2247 901 2334 14ούγάρ
919 2249 958 2352 μῆ
976 2245 1188 2335 προςκυνήσητε
1199 2260 1281 2325 θεοῖς
1293 2251 1358 2314 ἑτέ-

110 2333 190 2397 2καὶ
201 2337 283 2408 γίνου
303 2336 416 2410 ἕτοιμος
434 2334 473 2403 εἱς
491 2327 528 2393 τὸ
547 2330 643 2411 πρωῒ,
670 2331 721 2394 καὶ
754 2354 823 2433 ροις.
854 2328 872 2396 ὁ
891 2358 949 2416 γαρ
965 2328 1063 2417 κύρως
1080 2329 1098 2398 ὁ
1116 2329 1203 2410 θεὸς,
1227 2328 1357 2416 ζηλωτόν

111 2413 252 2506 ἀναβήση
277 2414 329 2477 ἐπὶ
355 2411 389 2476 τό
416 2409 487 2494 όρος
503 2407 539 2475 τό
554 2410 646 2485 Σινὰ,
671 2414 722 2475 καὶ
754 2413 857 2493 όνομα,
874 2415 946 2488 θεὸς
958 2410 1086 2497 ζηλωτής
1099 2418 1170 2479 ἐστι.
1194 2419 1221 2459 ¹⁶
1233 2410 1272 2497 μή
1285 2428 1357 2480 ποτε

113 2491 210 2587 στήση
235 2519 284 2576 μοι
306 2496 364 2556 ἐκεῖ
380 2489 422 2555 ἐπ’
443 2491 536 2574 ἀκρου
553 2496 608 2556 τοῦ
626 2491 722 2575 ὄρους.
755 2498 813 2591 θής
834 2490 978 2576 διαθήκην
1001 2506 1064 2569 τοῖς
1087 2499 1293 2596 ἐγκαθημένοις
1309 2500 1358 2560 ἐπὶ

111 2582 127 2622 ³
141 2582 195 2642 καὶ
214 2577 310 2658 μηδεὶς
324 2571 463 2658 ἀναβήτω
475 2571 547 2653 μετὰ
561 2578 630 2648 σοῦ,
653 2572 723 2655 μηδὲ
756 2599 809 2657 της
819 2578 882 2658 γῆς,
894 2578 944 2638 καὶ
957 2573 1184 2681 ὶκπσρνεύσωσιν
1195 2582 1291 2640 οπίσω
1301 2583 1359 2640 τῶν

112 2655 247 2745 ἀψθήτω
260 2663 290 2723 ἐν
302 2660 392 2722 παντὶ
401 2660 446 2739 τῷ
454 2653 523 2742 όρει.
537 2657 589 2719 καὶ
598 2655 636 2720 τά
646 2653 723 2741 πρό·
755 2662 834 2723 θεῶν
850 2655 964 2733 αὐτοῖν,
990 2684 1042 2722 και
1065 2654 1179 2724 θύσωσι
1197 2670 1260 2734 τοῖς
1278 2669 1358 2734 θεοῖς

110 2750 193 2832 βατα
207 2746 260 2808 καὶ
269 2737 336 2828 βόες
347 2740 386 2825 μή
400 2741 588 2821 νεμέσθωσαν
598 2740 722 2823 πλησίον
754 2740 868 2817 αὐτῶν,
891 2741 942 2804 καὶ
958 2740 1110 2806 καλέσωσί
1120 2767 1152 2806 σε
1156 2793 1167 2820 ,
1192 2744 1244 2808 καὶ
1262 2738 1357 2835 ψάγης

110 2835 168 2894 τοῦ
182 2826 270 2914 ὅρους
281 2829 398 2889 ἐκείνου.
427 2823 443 2865 ⁴
456 2825 509 2887 καὶ
520 2820 652 2900 ἐλόξευσε
664 2821 719 2891 δύο
752 2830 813 2890 τῶν
830 2822 946 2901 αύτιῦν,
970 2826 999 2867 ¹⁶
1010 2827 1062 2888 καὶ
1078 2821 1170 2920 λόβης
1187 2830 1248 2892 τῶν
1259 2837 1356 2904 θυγα-

110 2909 227 2986 πλάκας
239 2911 365 2984 λιθίνας,
377 2902 517 2993 καθάπερ
530 2909 580 2971 καὶ
592 2911 626 2972 αἱ
634 2913 720 2993 προὶ-
751 2912 844 2995 τέρων
856 2906 956 2974 αὐτῶν
971 2920 1034 2983 τοῖς
1046 2912 1122 2984 υἱοῖς
1139 2936 1206 2985 σου,
1231 2910 1282 2973 καὶ
1294 2914 1356 2973 τῶν

110 3022 169 3060 ται.
196 2996 246 3059 καὶ
263 2990 411 3078 όρθρίσας
423 2995 560 3073 Μωυσῆς
578 2987 668 3076 ἀνέβη
681 2997 719 3068 εὶς
751 2994 927 3077 θυγατέρων
945 3017 998 3059 σου
1012 2993 1070 3074 δῷς
1082 3004 1146 3067 τοῖς
1158 2996 1233 3067 υἱοῖς
1246 2989 1355 3068 αὐτῶν,

110 3075 148 3142 τὸ
161 3075 231 3163 ὅρος
243 3074 279 3141 τὸ
287 3072 372 3151 Σινά,
383 3069 492 3139 καθότι
502 3077 654 3151 συνέταξεν
663 3073 718 3139 αύ-
750 3078 801 3140 καὶ
825 3071 1052 3160 ἕκπορνεύσωσιν
1077 3080 1110 3140 αἱ
1126 3078 1286 3159 θυγατέρες
1303 3101 1355 3140 σου

108 3165 155 3241 τῷ
179 3157 286 3244 κύριος.
324 3161 376 3223 καὶ
400 3157 490 3242 ἔλαβε
507 3161 643 3239 Μωυσῆς
664 3155 718 3234 τάς
751 3156 847 3225 ὀπίσω
865 3164 926 3224 τῶν
941 3163 1019 3223 θεῶν
1037 3157 1152 3236 αύτοῖν,
1176 3160 1228 3223 καὶ
1245 3162 1355 3240 ἐκπορ-

107 3245 163 3309 δύο
175 3241 292 3318 πλάκας
303 3239 357 3316 τάς
369 3242 491 3316 λιθίνας.
518 3240 532 3282 ⁵
546 3240 598 3306 καὶ
609 3245 717 3327 κατέβη
751 3237 884 3308 νεύοωσιν
901 3247 932 3306 οἱ
950 3246 1011 3307 υἱοί
1028 3269 1082 3308 σου
1095 3240 1191 3307 ὀπίσω
1203 3245 1265 3306 τῶν
1275 3247 1355 3306 θεῶν

106 3324 207 3411 κύριος
225 3329 256 3389 ἐν
275 3324 395 3414 νεψελη,
420 3325 470 3386 καὶ
483 3325 619 3407 παρέστη
632 3322 717 3408 αὐτῷ
751 3321 859 3389 αὐτῶν.
898 3326 925 3366 ¹⁷
943 3325 994 3386 καὶ
1024 3323 1112 3397 θεοὺς
1136 3323 1293 3427 ηωνευτούς
1317 3322 1354 3389 ού

105 3415 184 3484 ἐκεῖ,
208 3410 260 3471 καὶ
279 3403 393 3469 ἐκύλισε
409 3408 452 3485 τῷ
473 3399 596 3506 ὀνόματι
608 3414 717 3485 κυρίου.
751 3403 879 3487 ποιήσεις
891 3409 1012 3484 σεαυτῷ.
1025 3407 1112 3468 18καὶ
1120 3431 1174 3488 την
1182 3407 1286 3492 ἑορτήν
1295 3412 1355 3471 τῶν

104 3493 189 3556 6καὶ
204 3488 342 3574 παρῆλθε
356 3481 454 3568 κύριος
475 3510 539 3570 προ
559 3487 718 3573 προςιύπου
752 3483 869 3570 ἀζύμων
894 3482 1017 3578 ψυλόξη.
1046 3486 1123 3555 ἑπτά
1148 3484 1257 3571 ῆμίρας
1274 3493 1356 3568 ψαγῆ

105 3574 214 3649 αύτοῦ,
232 3573 284 3652 καὶ
297 3565 421 3634 ἐκάλεσε.
449 3564 546 3652 κύριος
559 3565 577 3633 ὁ
590 3567 660 3646 θεὸς
672 3577 718 3636 οἱ-
751 3568 861 3654 ἀζυμα,
886 3565 1026 3653 καθάπερ
1044 3570 1219 3652 ἐντέταλμαί
1230 3596 1292 3647 σοι,
1317 3559 1355 3648 είς

107 3665 238 3743 κτίρμων
273 3655 325 3718 καὶ
351 3646 494 3735 ἐλεήμων,
528 3647 719 3734 μακρόθυμος
751 3652 803 3719 τὸν
820 3652 922 3739 καιρὸν
938 3656 968 3716 ἐν
983 3653 1053 3736 μηνὶ
1072 3656 1132 3717 τῶν
1148 3655 1227 3717 νέων.
1254 3653 1353 3742 ίνγάρ

106 3744 159 3806 καὶ
185 3737 341 3814 πολυελεος
372 3737 424 3800 καὶ
447 3728 606 3817 ἀληθινὸς,
644 3736 720 3798 7καὶ
751 3737 817 3817 μηνὶ
834 3741 894 3800 τῶν
915 3740 987 3801 νέων
1003 3736 1121 3820 ἐξῆλθες
1137 3740 1168 3815 ἐξ
1184 3735 1352 3816 Αἰγύπτου.

106 3818 294 3905 δικαιοσύνην
306 3822 455 3902 διατηρῶν
467 3819 519 3891 καὶ
531 3816 615 3891 ἕλεος
624 3821 663 3892 εὶς
674 3844 719 3903 χι-
751 3819 779 3860 ²⁹
792 3822 854 3881 πᾶν
870 3819 1016 3895 διανοῖγον
1033 3817 1144 3904 μήτραν
1163 3822 1227 3904 ε’μοὶ
1242 3820 1282 3886 τά
1296 3820 1350 3907 ἀρ-

106 3905 221 3982 λιόδας,
234 3903 371 3990 ἀφαιρῶν
384 3902 515 3984 ἀνομίας,
528 3902 580 3965 καὶ
593 3898 716 3987 ἀδικίας,
751 3899 855 3975 σενικά,
880 3905 941 3965 πᾶν
952 3899 1142 3986 πρωτότοκον
1153 3899 1276 3989 μόσχου,
1301 3908 1353 3970 καὶ

107 3992 159 4056 καὶ
184 3987 347 4071 ἁμαρτίας,
371 3987 423 4050 καὶ
448 3982 483 4048 ού
509 3995 650 4070 καθαριεῖ
664 3982 717 4050 τὸν
748 3978 941 4089 πρωτότοκον
963 3979 1125 4072 πρσβάτου.
1157 3989 1188 4029 ²⁰
1200 3989 1250 4051 καὶ
1266 4016 1351 4071 πρω-

107 4078 221 4158 ἔνοχον,
246 4067 366 4148 ἐπάγων
380 4068 503 4150 ἀνομίας
515 4073 653 4153 πατέρων
665 4071 716 4134 ἐπὶ
748 4093 871 4134 τοτοκον
884 4064 1041 4147 ὑποζυγίου
1054 4064 1187 4164 λυτρώση
1197 4069 1349 4157 προβάτῳ.

107 4160 211 4233 τέκνα,
240 4156 292 4219 καὶ
316 4155 366 4218 ἐπὶ
390 4155 477 4216 τέκνα
501 4154 628 4227 τέκνων,
665 4155 716 4217 ἐπὶ
748 4153 799 4217 ἐὰν
810 4151 842 4217 δὲ
854 4150 893 4235 μή
906 4148 1041 4238 λυτρῶση
1054 4150 1137 4228 αὐτὸ,
1151 4153 1233 4236 τιμήν
1241 4149 1349 4227 δώσεις.

107 4246 209 4326 τρίτην
217 4240 268 4303 καὶ
276 4231 416 4322 τετάρτην
423 4229 528 4313 γενεόν.
542 4236 613 4298 8καὶ
625 4230 715 4302 σπεύ-
747 4241 808 4300 πᾶν
819 4233 1010 4316 πρωτότοκον
1022 4226 1082 4302 ’τῶν
1094 4242 1165 4301 υἱῶν
1175 4262 1227 4303 σου
1237 4231 1351 4321 λυτριό-

108 4351 162 4398 σας
185 4325 335 4405 Μωυσῆς,
372 4314 472 4399 κόψας
502 4318 552 4383 ε’πὶ
579 4315 633 4402 τήν
660 4322 716 4402 γῆν
748 4345 792 4401 ση.
820 4316 873 4384 ούκ
898 4316 1018 4412 ὀψθήση
1044 4315 1168 4384 ε’νιόπιόν
1184 4344 1240 4397 μου
1263 4314 1341 4389 κενός

107 4402 309 4508 προςεκύνηοε,
346 4404 361 4445 ⁹
373 4404 423 4466 καὶ
448 4400 532 4465 εἶπεν.
558 4405 582 4464 εὶ
607 4397 714 4487 εύρηκα
748 4389 814 4477 ²¹5¹}
829 4399 935 4487 ῆμίρας
948 4406 1030 4486 ε’ργιῆ,
1043 4405 1080 4490 τῆ
1093 4399 1124 4463 δὲ
1137 4393 1244 4497 ἑβδόμη
1257 4423 1350 4462 κατα-

107 4513 192 4574 χαριν
211 4480 334 4552 ἔνωπιόν
353 4511 419 4562 σου,
445 4479 679 4570 συμπορευθήτω
695 4480 712 4547 ὁ
746 4479 871 4559 παύσεις.
890 4488 934 4566 τῴ
946 4483 1049 4564 σπόρῳ
1062 4483 1111 4542 καὶ
1124 4484 1168 4560 τῷ
1181 4485 1282 4575 αμητηῖ
1296 4499 1351 4535 να·

1231 4575 1350 4617 ταπαυ-
