2924 4972
341 237 422 301 ΨΑ
432 247 467 299 Λ
477 241 521 300 Μ
532 239 592 299 01
629 232 687 300 ου’.
702 234 763 321 οβ’.
776 232 831 313 ον’.
843 235 896 302 71.
908 234 961 300 72
974 236 1027 301 73
1243 238 1310 306 605

33 361 36 365 ’
63 361 192 431 ἐντόπιον
204 363 309 428 αὐτοῦ.
328 365 412 425 22καί
424 357 542 443 ζήσεται
554 365 606 425 καί
617 362 670 425 δο-
705 359 760 447 ράς
771 386 837 444 μου.
863 361 892 404 ¹⁴
904 364 957 427 καί
973 359 1110 446 ἐγενόμην
1121 385 1307 444 μεμαστιγω-

63 444 190 532 θήσεται
202 447 285 529 αὐτῷ
303 447 336 508 ἐκ
349 448 405 509 τοῦ
418 449 542 528 χρυσίου
555 447 607 528 τῆς
619 442 671 508 Ἀ·
703 445 791 527 με’κος
802 441 877 528 ὅλην
888 441 941 528 τήν
951 441 1073 553 ῆμεραν,
1095 446 1147 509 καί
1158 442 1177 508 ὁ
1189 440 1310 528 ἔλεγχός

83 534 186 616 αβίας,
207 531 259 593 καί
270 522 480 610 πρσςεόξονται
491 528 559 610 περί
571 525 671 591 αὐτοῦ
703 553 762 608 μου
775 530 881 601 εἰςτὰς
892 551 1017 611 πρωιας.
1044 531 1072 572 ¹⁸
1082 533 1107 591 εἰ
1119 527 1231 602 ἔλεγον,
1244 527 1310 610 δεη·

62 559 233 687 διαπαντός.
261 608 335 692 ὅλην
351 609 407 692 τήν
422 605 534 692 ἡμέραν
546 605 670 693 εὐλογή-
703 606 831 693 γῆσομαι
855 604 969 685 οὕτως,
994 607 1063 676 ἰδσύ
1114 614 1126 626 ”
1149 614 1233 692 γενεᾷ
1250 615 1310 674 τῶν

63 721 165 761 σουσιν
178 691 280 760 αὐτόν.
296 694 325 734 ¹⁶
333 695 417 756 ἔσται
430 688 575 793 στήριγμα
588 694 620 755 ἐν
632 697 670 784 τῆ
704 696 776 757 υἰῶν
792 718 848 757 σου
865 689 1061 776 ῆσννθίτηκα.
1087 699 1100 737 ¹
1127 694 1179 756 καί
1194 690 1310 756 ἀπέλα-

62 783 102 871 γῆ
114 777 159 843 ἐπ’
175 776 275 860 ἀκρων
290 782 350 840 τῶν
363 773 465 859 ἀρέων.
490 771 670 878 υπεραρθή-
703 780 759 861 βσν
783 779 840 840 τοῦ
859 779 984 851 γνῶναι,
1005 780 1100 840 τοῦτο
1118 772 1214 849 κόπος
1231 775 1310 840 ἰστίν

63 887 144 926 σεται
154 856 232 942 ὑπὲρ
247 856 299 924 τόν
306 862 442 944 Λίβανον
454 855 472 923 ό
482 856 600 939 καρπός
612 883 670 921 αυ-
704 863 835 923 ἰναντίον
856 881 932 941 μου,
957 856 985 899 ¹⁷
997 860 1053 931 ἕως
1077 859 1199 933 εἰςελθω
1216 862 1256 932 εἰς
1270 856 1309 922 τό

62 948 128 1017 τοῦ,
142 945 193 1007 καί
205 937 419 1025 ἐξανθήσουσιν
433 944 465 1004 ίκ
477 937 593 1013 πόλεως
605 935 671 1014 ἀςεί
704 936 898 1024 ἀγιαστήρων
921 942 978 1003 τοῦ
994 943 1087 1012 θεοῦ,
1114 944 1196 1004 αυνῶ
1215 944 1254 1014 εἰς
1270 936 1311 1004 τά

62 1023 169 1110 χόρτος
180 1030 231 1111 τῆς
243 1030 307 1107 γῆς.
327 1025 354 1066 ¹⁷
367 1026 444 1088 ἔστω
456 1021 494 1087 τό
507 1021 670 1103 όνομααύ-
704 1027 825 1107 ἔσχατα.
860 1022 980 1105 222πλήν
995 1017 1045 1085 διά
1062 1019 1117 1095 τάς
1133 1018 1309 1105 δολιότητας

63 1113 121 1173 τοῦ
134 1108 328 1189 εὐλογημένοι
340 1110 379 1179 εἰς
390 1102 464 1178 τούς
477 1110 599 1179 αἰῶνας,
609 1100 670 1189 πρό
704 1109 783 1170 ἔθου
796 1107 909 1180 αὐτοῖς,
930 1102 1090 1191 κατεβαλες
1102 1098 1213 1175 αὐτοὺς
1224 1106 1256 1166 ἰν
1266 1107 1311 1186 τῷ

64 1194 120 1254 τοῦ
144 1188 230 1292 ῆλίου
254 1190 380 1270 διαμενεῖ
399 1185 436 1250 τὸ
453 1186 548 1271 ὄνομα
564 1185 669 1252 αὐτοῦ.
704 1192 884 1273 ἐπαρθῆναι.
910 1188 939 1230 ¹⁹
952 1192 1018 1261 πῶς
1033 1189 1169 1265 ἐγένοντο
1186 1188 1226 1258 εἰς
1242 1186 1311 1268 ἰρή-

64 1274 117 1335 καί
135 1265 393 1355 εὐλογηθήσονται
415 1271 447 1332 ἓν
462 1269 548 1353 αὐτῷ
573 1274 671 1334 πᾶσαι
704 1296 813 1352 μωσινς
839 1265 963 1346 ἐξάπινα
975 1269 1123 1345 ξελιπον,
1148 1263 1311 1332 ἀπόλοντο

66 1358 99 1418 αί
112 1353 205 1433 φυλαί
222 1357 274 1436 τῆς
284 1356 347 1435 γῆς,
364 1347 465 1416 πάντα
476 1350 516 1417 τά
528 1357 601 1436 ἔθνη
612 1378 670 1434 μα-
705 1353 755 1419 διά
773 1353 827 1436 τήν
840 1349 969 1437 ἀνομίαν
984 1349 1095 1418 αὐτῶν.
1122 1351 1153 1394 ²⁰
1167 1345 1233 1424 ὦςεί
1244 1345 1313 1414 ἐνό-

64 1441 219 1518 καριοῠσιν
235 1432 336 1500 αὐτόν.
361 1437 390 1478 ¹⁸
401 1434 560 1519 εὐλογητὸς
572 1430 671 1519 κόριος
705 1461 790 1501 πνιον
802 1438 1023 1521 ἔξιγειρομίνσυ,
1041 1430 1121 1520 κόρα
1133 1435 1164 1496 ἰν
1177 1437 1216 1524 τῆ
1227 1427 1312 1497 πόλει

63 1515 670 1602 ὁθεὸςσοῦ’ίσραῆλόποιῶνθαυμάσια
705 1545 759 1584 σου
784 1518 838 1602 τήν
859 1514 957 1583 εἰκόνα
973 1516 1077 1582 αὐτῶν
1102 1510 1310 1592 ἰξουδενάσεις.

62 1597 166 1683 μόνος,
185 1603 214 1643 ¹⁹
226 1604 277 1665 καί
289 1597 496 1682 εὐλογητδντό
510 1600 605 1683 ὄνομα
617 1606 670 1684 τῆς
704 1605 732 1644 ²¹
744 1597 792 1665 ότι
817 1597 979 1685 ηὐφράνθη
998 1596 1018 1684 ῆ
1036 1601 1144 1685 καρδία
1160 1622 1233 1679 μου,
1260 1601 1311 1662 κατ’

63 1678 150 1767 δόξης
169 1682 265 1749 αὐτοῦ
290 1687 329 1758 εἰς
354 1681 408 1748 τόν
432 1689 529 1748 αἰώνα
553 1687 605 1748 καί
630 1689 670 1759 εἰς
704 1690 735 1748 οἰ
746 1691 848 1768 νεφροί
862 1709 920 1765 μου
937 1679 1158 1766 ήλδοιάθησαν.
1184 1680 1310 1763 22κᾷγόι

63 1770 160 1831 αἰώνα
173 1772 228 1831 τοῦ
241 1770 356 1840 αἰῶνος.
370 1768 422 1831 καί
434 1763 669 1850 πληρωθήσεται
704 1767 938 1869 ἐξουδενωμένος,
952 1769 1004 1831 καί
1015 1765 1072 1830 οὐκ
1082 1770 1184 1843 ἔγνων,
1197 1759 1310 1847 κτηνεό-

62 1854 115 1931 τῆς
131 1845 219 1933 δόξης
235 1848 331 1914 αὐτοῦ
347 1853 433 1915 πᾶσα
449 1847 527 1934 ῆγῆ.
552 1853 668 1928 γε’νοιτο
704 1851 755 1932 δης
774 1852 910 1932 λγενομην
923 1848 1008 1934 παρά
1022 1854 1081 1948 σοί,
1105 1848 1136 1888 22
1148 1844 1232 1928 κᾴγά
1244 1848 1311 1912 δια-

61 1935 190 2033 γένοιτο.
703 1934 815 2009 παντός
832 1933 905 2015 μετὰ
922 1937 986 1998 σοῦ.
1011 1934 1176 2015 ίκρατηοας
1188 1934 1241 2012 τῆς
1252 1955 1310 2014 χει-

68 2014 213 2089 Εξελκπον
238 2019 269 2080 σί
294 2011 380 2097 ὕμνοι
397 2015 496 2080 Δαυίδ
514 2019 573 2081 τοῦ
596 2016 669 2079 υἱοῦ
704 2013 757 2100 ρδς
768 2021 820 2101 τῆς
832 2017 926 2092 δεξιάς
937 2041 1004 2098 μου,
1016 2016 1085 2078 22ἰν
1096 2017 1135 2104 τῆ
1146 2012 1241 2104 βουλε]
1253 2038 1311 2077 σου

307 2098 426 2163 Ἰεσσαί.
705 2093 861 2183 ὦδήγησάς
870 2124 916 2181 με,
926 2093 1059 2178 καίμετά
1070 2092 1156 2198 δόξης
1165 2091 1310 2181 προςελά-

327 2177 407 2245 OB‘.
705 2184 760 2266 βου
771 2207 816 2264 με.
840 2184 869 2224 ²¹
883 2189 915 2245 τί
930 2177 989 2264 γάρ
1008 2204 1060 2281 μοι
1077 2175 1198 2260 ἀπάρχει
1218 2181 1250 2241 ἐν
1265 2181 1311 2262 τῷ

94 2264 106 2293 ⁸
220 2261 401 2344 Ψαλμὸςτῷ
413 2257 520 2343 Ἀσάφ.
707 2261 843 2346 οὐρανῷ,
869 2267 920 2327 καί
940 2287 1026 2346 παρα
1048 2265 1107 2325 σοῦ
1124 2266 1155 2322 τί
1172 2259 1311 2342 ῆθελησα

66 2311 137 2418 Ως
149 2344 268 2422 ἀγαθὸς
281 2344 299 2408 ό
310 2342 382 2417 θεὸς
394 2348 438 2423 τῷ
449 2342 581 2444 Ἰσραήλ,
605 2352 669 2417 τοϊς
706 2347 756 2407 ἐπὶ
767 2349 820 2426 τῆς
831 2349 885 2424 γῆς
889 2372 900 2422 ,·
919 2343 1088 2418 22ἰξελιπεν
1100 2340 1119 2424 ῆ
1133 2341 1240 2422 καρδία
1274 2365 1311 2406 ου

63 2427 167 2492 εὐθὲσε
179 2427 296 2510 καρδίη.
314 2427 411 2506 2ἐμοῦ
423 2423 454 2488 δὲ
467 2449 553 2507 παρα
566 2422 669 2508 μικρὸν
706 2427 759 2490 καί
773 2423 791 2510 ῆ
810 2419 882 2508 σάρξ
898 2451 970 2508 μου,
996 2423 1014 2489 ὁ
1031 2421 1105 2497 θεὸς
1116 2428 1168 2506 τῆς
1187 2448 1227 2486 κα
1265 2429 1311 2498 ίας

63 2503 271 2590 ἐσαλεόθησαν
294 2511 324 2571 οὐ
348 2504 453 2582 πόδες,
478 2507 549 2591 παρ’
568 2507 671 2583 ὀλίγον
705 2532 763 2589 μου
768 2555 778 2582 ,
801 2510 853 2572 καί
869 2506 887 2592 ῆ
905 2513 984 2591 μερίς
1000 2532 1059 2591 μου
1076 2503 1094 2568 ὁ
1111 2504 1183 2579 θεὸς
1200 2509 1239 2578 εἰς
1258 2504 1312 2570 τὸν

47 2584 418 2676 ·ἐξεχόθητάδιαβήματά
429 2614 496 2672 μου.
519 2585 669 2672 θάτιὲζῆ-
707 2595 813 2656 αἰῶνα.
850 2593 879 2633 22
899 2589 946 2655 ότι
973 2588 1039 2655 ἰδοὺ
1063 2591 1094 2651 οὐ
1117 2583 1312 2671 μακρόνοντες

63 2673 150 2736 λωσα
168 2673 218 2736 ἐπὶ
230 2685 292 2748 τοῖς
304 2668 432 2753 ἀνόμοις,
445 2666 559 2757 εἰρήνην
571 2670 670 2753 ἀμαρ-
707 2674 832 2748 ἑαυτούς
844 2671 905 2738 ἀπὸ
925 2677 997 2748 σοῦ,
1022 2671 1215 2736 ἀπολοῦνται.
1238 2673 1312 2745 ἔξω·

63 2754 169 2820 τωλῶν
185 2759 318 2838 θεωρῶν.
342 2751 420 2820 2ότι
432 2753 487 2819 οὐκ
499 2758 577 2819 ἐστιν
595 2752 670 2819 ἀνά-
707 2750 984 2843 λόθρεασαςπάντα
994 2749 1238 2839 τόνπορνεύοντα
1248 2753 1311 2818 ἀπὸ

63 2863 158 2911 νευσις
170 2840 202 2902 ἐν
214 2843 258 2919 τῷ
270 2834 397 2921 θανάτῳ
410 2835 520 2912 αὐτῶν,
543 2839 593 2902 καί
604 2863 669 2902 στε-
708 2843 773 2904 σοῦ.
796 2841 827 2882 ²⁸
840 2841 907 2921 ἐμοὶ
919 2838 951 2903 δὲ
963 2839 998 2903 τό
1011 2836 1255 2923 προςκολλάσθαι
1267 2841 1312 2920 τῷ

64 2923 167 3006 ρέωμα
180 2923 211 2985 ἐν
229 2925 268 3004 τῆ
278 2917 400 3003 μάστιγι
411 2919 521 2985 αὐτῶν.
547 2921 606 2985 ὄίν
617 2917 670 2985 κό-
707 2928 771 3006 θεῷ
784 2917 906 3000 ἀγαθόν
919 2925 990 2997 ἐστι,
1003 2929 1145 2986 τίθεσθαι
1159 2924 1190 2985 ἐν
1201 2925 1246 3003 τῷ
1260 2946 1312 2986 κυ-

64 3030 132 3078 ποις
140 2992 314 3089 ἀνθρώπων
327 3003 383 3069 οὐκ
395 3005 460 3077 εἰσὶ,
474 3006 525 3068 καὶ
532 3001 606 3086 μετά
616 3003 670 3069 ἀν-
707 3011 762 3109 ρίφ
786 3005 841 3090 τῆν
858 3006 965 3071 ε’λπίδα
981 3031 1050 3089 μου.
1076 3009 1130 3069 τοῦ
1149 3004 1313 3081 ἐξαγγεῖλαι

64 3082 200 3170 θριόπων
219 3085 255 3152 οὐ
273 3082 565 3169 μαστιγωθήσονται.
592 3084 669 3152 6διδι
706 3115 807 3165 πασας
823 3088 878 3164 τάς
901 3092 1022 3164 αἰνέσεις
1039 3114 1093 3154 σου
1118 3091 1149 3154 ἐν
1166 3099 1232 3162 ταῖς
1252 3082 1313 3152 πά-

63 3174 156 3235 τοῡτο
174 3167 332 3254 ἐκράτησεν
349 3169 460 3244 αὐτοὺς
480 3167 669 3256 ῆόπερηφα-
707 3171 772 3248 λαις
784 3178 837 3258 τῆς
848 3169 1000 3258 θυγατρός
1013 3167 1103 3237 Σιάν.

64 3258 124 3326 νία,
133 3249 340 3380 περιβάλοντο
350 3253 467 3318 ἀδικίαν
477 3257 528 3318 καὶ
536 3254 671 3341 ἀσέβειαν
972 3251 1038 3320 ΟΓ
1043 3303 1049 3318 .

64 3334 173 3400 αὐτῶν.
226 3332 401 3413 ἰξελεόσεται
414 3333 500 3411 ὡςέκ
515 3333 670 3420 στέατσςή
724 3345 738 3376 ⁰
846 3341 994 3412 Συνέσεως
1010 3343 1054 3418 τῷ
1066 3334 1174 3417 Ἀσάφ.

64 3416 166 3482 ἀδικία
191 3417 297 3483 αὐτῶν.
328 3418 456 3498 διῆλθον
480 3424 519 3494 εἰς
538 3415 671 3483 διάθεσιν
708 3388 747 3484 Ι
750 3425 819 3486 νατί
830 3417 945 3485 ἀπώσω
958 3418 976 3483 ὁ
991 3419 1062 3492 θεὸς
1075 3425 1114 3492 εἰς
1126 3418 1226 3495 τέλοςς
1252 3416 1313 3503 εὐρ-

63 3500 198 3584 καρδίας,
215 3501 231 3541 ⁸
244 3497 449 3583 διενοήθησαν,
462 3502 513 3564 καὶ
524 3497 672 3582 ἐλάλησαν
706 3510 800 3584 γίσθη
820 3499 838 3564 ό
856 3499 955 3585 θυμός
974 3526 1029 3565 σου
1045 3503 1095 3565 ἐπὶ
1106 3495 1247 3584 πρόβατα
1263 3525 1313 3564 νο-

64 3588 97 3648 ἐν
110 3585 252 3706 πονηρία,
277 3582 395 3647 ἀδικίαν
408 3587 447 3656 εἰς
459 3581 496 3645 τό
510 3579 589 3665 ὐφσς
602 3578 670 3645 ἐλά-
706 3589 762 3668 μῆς
780 3609 834 3647 σου
837 3611 850 3661 ,·
876 3579 1053 3667 2μνήσθητι
1069 3586 1121 3664 τῆς
1142 3586 1314 3684 συναγωηῆς

65 3665 169 3767 λησαν.
219 3667 324 3729 ἔθεντο
336 3670 375 3740 εἰς
387 3661 513 3748 οὐρανόν
524 3663 560 3726 τὸ
574 3658 672 3745 στόμα
708 3691 763 3732 σου
783 3657 817 3747 ῆς
829 3660 945 3748 ἐκτήσω
959 3664 1011 3729 ἀπ’
1030 3663 1128 3749 ἀρχῆς.
1154 3663 1313 3749 ἐλυτρωσω

66 3750 182 3822 αυτῶν,
207 3749 259 3813 καί
271 3746 289 3833 ῆ
302 3748 426 3824 γλῶσσα
439 3743 539 3810 αὐτῶν
551 3746 671 3831 διῆλθεν
709 3744 821 3836 ῥάβδον
843 3748 1039 3832 κληρονομίας
1054 3773 1118 3813 σου.
1144 3746 1216 3832 όρος
1232 3745 1314 3815 Σιάν

66 3834 119 3895 ἐπί
135 3835 186 3914 τῆς
202 3835 264 3914 γῆς.
289 3833 318 3874 ¹⁰
331 3829 381 3894 διά
397 3834 489 3895 τοῦτο
502 3833 671 3914 ἐπιστρέψει
709 3837 799 3897 τοῦτο
812 3827 830 3895 δ’
844 3828 1066 3916 κατεσκήνωσας
1081 3830 1217 3914 ἐναύτῷ.
1235 3832 1314 3897 ³5³1-
1410 3863 1413 3868 ·

67 3909 86 3977 ὁ
99 3910 172 3989 λαός
183 3939 242 3997 μου
255 3918 400 3987 ἐνταῦθα,
413 3913 464 3978 καί
476 3909 581 3997 ἡμέραι
593 3910 652 3977 πλ’
710 3940 783 4001 αρον
795 3912 849 3990 τάς
860 3910 957 4001 χεῖράς
970 3940 1022 3980 σου
1034 3916 1085 3979 ἐπὶ
1095 3913 1149 3989 τάς
1162 3912 1314 3998 ὑπερηφα-

67 4020 126 4081 ρεις
138 3993 347 4082 εὑρεθήσονται
359 4000 391 4062 ἐν
403 3996 514 4070 αὐτοῖς.
531 4001 556 4039 ¹¹
569 3999 618 4061 καὶ
630 3941 671 4062 ελ
710 4005 773 4074 νίας
788 3998 887 4063 αὐτῶν
906 4003 945 4074 εἰς
957 3997 1050 4073 τελος.
1077 3994 1136 4064 ὅσα
1154 3994 1316 4082 εἰτονηρεά-

67 4103 139 4154 παν,
148 4085 214 4155 πῶς
222 4084 297 4157 ἔγνω
307 4077 324 4145 ό
334 4078 415 4156 θεὸς,
424 4081 476 4144 καλ
488 4084 513 4143 εἰ
522 4083 585 4146 ἔστι
594 4086 670 4158 γνῶ-
710 4108 784 4148 σατο
794 4080 812 4147 ὁ
822 4077 929 4186 ἒηθρὸς
939 4084 971 4148 ἰν
983 4093 1047 4157 τοῖς
1055 4078 1152 4159 άγίοες
1166 4107 1230 4158 σου,
1243 4083 1316 4145 4καὶ

68 4187 113 4264 ρις
130 4165 160 4226 ἐν
176 4167 220 4245 τῷ
239 4159 376 4247 ὑψίστῳ,Ι
414 4165 441 4204 ¹²
454 4162 519 4228 ἰδοὺ
538 4156 622 4229 οὗτοι
641 4167 672 4228 οἱ
710 4169 944 4249 ἐνεκαυχησαντο
957 4169 987 4229 οἶ
1001 4168 1157 4247 μισοῦντές
1169 4191 1201 4230 σε
1220 4168 1250 4228 ἐν
1262 4167 1315 4246 με’-

68 4247 244 4329 αμαρτωλοί
269 4250 320 4312 καί
338 4245 529 4329 εὐθηνοῦντες
554 4252 591 4321 εἰς
616 4246 671 4311 τὸν
710 4274 754 4313 σω
767 4253 817 4334 τῆς
829 4252 934 4333 ἑορτῆς
948 4273 1012 4313 σου.
1038 4252 1142 4314 ἔθεντο
1157 4246 1197 4312 τά
1211 4257 1315 4330 σημεῖα

67 4331 176 4402 αἰῶνα,
189 4330 330 4413 κατέσχον
341 4325 482 4394 πλαύτσυ.
495 4332 523 4372 ¹³
528 4332 580 4394 καί
592 4328 671 4405 εἶπα,
710 4315 809 4396 αὐτῶν
821 4343 938 4415 σημεῖα,
965 4333 978 4375 ⁵
991 4333 1042 4396 καί
1053 4331 1107 4396 οὐκ
1121 4334 1262 4408 ἔγνωσαν,
1273 4326 1314 4404 ὡς

67 4400 129 4494 ἀρα
150 4415 283 4492 ματαίως
300 4413 460 4477 ἐδικαίωσα
475 4409 529 4493 τῆν
546 4412 671 4497 καρδίαν
710 4418 748 4488 εἰς
760 4411 814 4498 τήν
826 4415 935 4487 εἰςοδον
948 4412 1093 4498 ὑπεράνω.
1117 4410 1157 4486 ὡς
1170 4416 1202 4476 ἐν
1214 4413 1315 4493 δρυμῷ

66 4518 140 4577 μου,
157 4491 209 4556 καί
220 4487 361 4578 ἐνιψάμην
374 4498 405 4561 ἰν
417 4491 535 4570 ἀθώοις
548 4495 601 4571 τάς
612 4504 671 4580 χεῖ·
709 4492 805 4571 ξύλων
822 4496 935 4574 ἀξίναις
951 4498 1097 4582 ἐξέκοψαν
1123 4493 1205 4569 2τάς
1216 4489 1315 4593 θήρας

1227 4598 1328 4650 (unffi
