2924 4972
296 216 747 291 AEYTEPONOMION
782 218 859 292 Κεφ.
872 211 900 275 ι’.
915 212 963 274 ια’.
979 212 1029 277 10.
1044 210 1094 277 ss.
1199 211 1319 315 -ffl

77 337 130 419 τῆς
151 329 262 417 ἡμέρας
279 331 398 414 ταύτης.
426 328 684 394 1’διόιτοότοοίικ
716 351 805 404 πτον,
843 329 907 392 νυνί
933 327 966 391 δὲ
987 330 1109 411 ἐποίησέ
1130 352 1162 393 σε
1178 325 1278 413 κόριος
1299 322 1318 392 ό

77 421 141 482 ἔστι
160 426 223 489 τοῖς
234 417 373 488 Λευίταις
383 413 464 498 μερίς
475 413 527 475 καί
538 411 644 498 κλήρος
653 413 684 476 ίν
714 406 786 485 θεός
803 434 859 474 σου
876 406 941 486 ὦςεί
954 407 993 475 τόι
1006 408 1106 495 ἀστρα
1120 415 1174 476 τοῦ
1187 407 1319 498 υάρανοῦ

77 510 141 574 τοῖς
164 494 304 576 ἀδελφοῖς
326 494 442 571 αὐτῶν,
471 489 571 579 κόριος
592 490 684 570 αιἰτός
714 498 759 576 τῷ
771 487 890 577 πλήθει.

79 583 185 667 κλῆρος
207 577 320 656 αὐτοῦ,
349 574 463 643 καθότι
486 575 565 643 είπιν
589 574 682 641 αότοῖ.
892 578 1016 640 xm.
1055 570 1132 640 JA'.

79 669 108 709 ¹⁰
120 663 205 748 κήγώ
219 657 354 746 είςτήκειν
366 665 397 726 ίν
406 667 449 744 τῷ
463 658 526 748 όρει
538 641 684 746 τεσσαρά-
714 626 798 724 Καί
813 654 975 740 ἀγαπήσεις
992 654 1092 762 κόριον
1102 652 1240 722 τὸνθεόν
1253 684 1319 735 σου,

78 772 171 813 κοντα
197 742 308 832 ἡμέρας
323 747 375 809 καί
390 739 613 830 τεσσαράκοντα
633 739 684 807 νό-
715 744 767 809 καὶ
779 737 894 832 φυλάξῃ
907 737 947 805 τά
959 741 1139 824 φυλαγματα
1149 738 1256 817 αὐτοῦ,
1269 744 1320 807 καί

79 858 160 907 κτας,
173 832 225 896 καί
236 824 382 933 εῖςήνσυσε
393 822 494 913 κόριος
507 824 581 909 ἐμοῦ
591 827 643 891 καί
654 829 686 890 ἐν
715 824 754 890 τόν
771 821 956 904 δικαιώματα
968 821 1081 898 αὐτοῦ,
1105 827 1157 888 καὶ
1169 821 1223 900 τάς
1235 828 1319 890 ἐντο-

79 919 125 997 τῷ
137 941 187 979 και
217 917 352 996 ’τουτῳ,
364 907 415 975 καί
424 908 481 976 οάκ
489 906 618 995 ήθελησε
630 904 684 973 κό-
714 905 769 982 λάς
781 905 887 980 αὐτοῦ,
899 907 950 971 καί
961 902 1016 981 τάς
1028 912 1136 992 κρίσεις
1148 904 1244 972 αὐτοῦ
1257 904 1320 973 πά-

81 1023 144 1083 ριος
165 998 214 1072 έξο
273 990 491 1096 ρεόσαιιόμάςν
507 992 533 1035 ¹¹
548 994 599 1059 καί
621 990 683 1056 εἶπε
714 1017 770 1065 σας
786 985 979 1092 τάςυήμερας
1005 990 1085 1053 2καί
1101 986 1320 1091 γνάοεοθεῆσή·

80 1076 181 1163 κόριος
192 1104 268 1164 προς
278 1081 323 1161 μέ.
348 1078 457 1162 βαδιζε,
469 1098 588 1160 απαρυν
599 1077 684 1140 δναν·
713 1097 811 1159 μερον,
832 1096 880 1136 οτι
892 1070 958 1155 οάχὶ
969 1071 1009 1136 τὰ
1021 1072 1128 1138 παιδία
1142 1070 1233 1156 ὑμῶν,
1252 1098 1319 1140 οσυι

78 1169 142 1228 τίον
159 1167 213 1227 τοῦ
227 1160 306 1226 λαοῦ
317 1155 437 1233 τοότου,
462 1160 514 1222 καί
524 1159 685 1243 είςποριυέ-
715 1155 769 1221 οόκ
786 1155 903 1221 οἴδασιν
921 1152 990 1219 οὐδὲ
1003 1156 1108 1220 ι’δοσαν
1119 1152 1174 1240 τήν
1185 1157 1321 1222 παιδείαν

80 1257 206 1311 σθωσαν
215 1245 267 1308 καλ
279 1243 552 1343 κληρονομείτωσαν
560 1237 614 1322 τήν
621 1244 686 1323 γήν,
715 1246 819 1324 κυρίου
832 1241 887 1303 τοῦ
900 1236 976 1301 θεοῦ
989 1262 1055 1312 σου,
1067 1238 1118 1303 καί
1129 1235 1168 1303 τόι
1180 1240 1319 1320 μεγαλεῖα

82 1325 117 1411 ἣν
129 1326 233 1407 ὤμοσα
242 1335 306 1398 τοῖς
315 1346 465 1408 πατρασιν
476 1319 576 1386 αὐτῶν
584 1322 686 1387 δοῦναι
718 1319 814 1388 αὐτοῦ
820 1365 831 1395 ,
855 1321 907 1386 καί
924 1315 979 1403 τήν
995 1332 1079 1405 χεῖρα
1096 1318 1149 1405 τήν
1165 1321 1320 1405 κραταιόν,

83 1408 196 1483 αὐτοῖς.
221 1410 249 1449 ¹²
262 1407 315 1471 καὶ
330 1409 381 1469 νῦν
401 1401 525 1507 Ἰσραήλ
540 1409 572 1469 τί
588 1398 624 1468 κό
717 1406 768 1470 καί
782 1401 836 1469 τόν
851 1407 997 1506 βραχίονα
1014 1400 1066 1468 τόν
1084 1399 1216 1505 όιρηλόν,
1241 1405 1321 1472 3καί

83 1485 188 1566 όθεός
204 1515 260 1555 σου
277 1488 404 1553 αίτεῖται
420 1513 505 1572 παρα
518 1491 575 1553 σοῦ
586 1430 687 1552 ἀλλ’·οξ
716 1483 756 1552 τά
773 1498 878 1593 σημεῖα
897 1491 1000 1562 αυτοῦ,
1025 1488 1077 1552 καί
1088 1511 1127 1552 τα
1140 1490 1252 1574 τέρατα
1264 1488 1320 1555 αό-

83 1578 244 1660 η-σβεῖοθαι
260 1566 361 1657 κόριον
378 1570 432 1636 τόν
448 1566 522 1636 θεόν
538 1597 608 1646 σου,
633 1597 685 1636 και
716 1575 781 1647 τοῦ,
798 1596 856 1635 οσα
869 1572 1007 1653 ἐποίησιν
1021 1571 1145 1654 ἐνμέσῳ
1158 1567 1320 1650 Αίγόπτου

82 1653 263 1742 πορεύεσθαι
280 1658 313 1719 ἐν
330 1648 442 1729 πάσαις
458 1664 524 1729 ταίς
536 1650 617 1729 ὁδοῖς
629 1649 685 1719 αιί-
717 1648 836 1740 Φαραά
845 1651 964 1739 βασιλεῖ
973 1646 1150 1730 Αἰγύπτου,
1175 1655 1226 1719 καί
1237 1653 1320 1740 πάση

81 1747 148 1816 τοῦ,
161 1741 213 1806 καί
224 1736 347 1823 ἀγαπᾷν
358 1735 461 1814 αάτόν,
474 1739 526 1803 καὶ
536 1732 685 1822 λατρεύειν
716 1762 753 1834 τη
770 1763 810 1828 γη
826 1760 933 1811 αυτου,
958 1734 1038 1800 4καί
1055 1730 1114 1802 ὅσα
1131 1738 1252 1821 έποίησε
1269 1730 1322 1824 τήν

79 1831 171 1910 κυρίῳ
188 1828 233 1909 τῷ
249 1826 316 1905 θεῷ
333 1846 389 1887 σου
409 1824 440 1899 ἐξ
457 1816 528 1904 όλης
544 1824 598 1905 τῆς
610 1847 684 1905 καρ-
716 1820 837 1903 δυναμιν
853 1822 913 1884 τῶν
928 1820 1121 1896 Αἰγυπτίων,
1144 1820 1196 1885 καί
1213 1819 1252 1886 τό
1264 1818 1319 1909 ἀρ-

80 1910 144 1983 δίας
157 1933 225 1983 σου,
249 1908 302 1970 καί
313 1907 345 1982 ἐξ
358 1900 429 1988 ὅλης
440 1908 493 1988 τῆς
505 1909 603 1989 ψυχῆς
616 1929 683 1977 σου,
714 1928 796 1985 ματα
818 1899 935 1979 αὐτόν,
960 1901 1012 1967 καί
1029 1898 1084 1986 τήν
1099 1905 1194 1969 ’ίππον
1211 1903 1320 1985 αὐτῶν,

80 1993 107 2034 ¹³
123 1985 329 2070 φυλάσσεσθαι
354 1985 410 2063 τὰς
434 1985 556 2061 ίντολάς
580 1992 684 2072 κυρίου
716 1989 766 2051 καί
783 1982 837 2067 τήν
855 1981 974 2066 δύναμιν
987 1982 1097 2063 αότιόν,
1124 1983 1165 2063 ὡς
1179 1989 1321 2055 ἐπέκλυσε

81 2078 135 2139 τοῦ
147 2077 222 2138 θεοῦ
235 2098 300 2146 σου,
313 2072 364 2135 καί
376 2069 416 2136 τά
429 2064 614 2154 δικαιώματα
628 2066 685 2134 αό-
716 2066 752 2133 τό
771 2064 851 2156 όδιορ
869 2072 923 2153 τῆς
940 2064 1100 2156 θαλάσσης
1117 2074 1170 2154 τής
1188 2075 1321 2157 ἐρυθρᾶς

84 2162 149 2233 τοῦ,
160 2151 220 2222 όσα
233 2153 293 2233 ἐγώ
306 2152 479 2236 ίντελλομαί
489 2178 537 2219 σοι
549 2146 685 2237 σήμερον,
717 2154 769 2215 ἐπί
783 2147 945 2239 προςιόπου
963 2148 1064 2218 αότιόν
1076 2149 1322 2220 καταδιωκόντων

81 2245 132 2305 ἵνα
145 2225 176 2304 εά
190 2264 238 2304 σοι
250 2226 270 2332 ᾖ
276 2267 289 2316 ,-
307 2234 412 2302 14ἰδοὺ
424 2239 527 2322 κυρίου
540 2241 597 2301 τοῦ
609 2239 686 2302 θεοῦ
718 2230 819 2298 αὐτῶν
831 2236 864 2299 ἐν
876 2234 937 2299 τοῖν
950 2232 1050 2300 ὀπίσω
1063 2232 1153 2318 ὑμῶν,
1165 2238 1217 2301 καί
1231 2234 1319 2303 ἀποί·

82 2348 138 2387 σου
156 2318 174 2387 ὁ
192 2317 321 2406 οὐρανός
332 2322 384 2385 καί
394 2315 413 2384 ό
425 2313 552 2405 υόρανός
564 2323 619 2384 τοῦ
632 2316 687 2384 οά-
717 2318 799 2382 λεσιν
816 2312 928 2392 αὐτοὺς
943 2312 1044 2422 κόριος
1062 2324 1117 2393 ἕως
1129 2324 1182 2404 τῆς
1195 2317 1321 2408 σήμερον

83 2408 187 2489 ρανοῦ,
211 2399 230 2485 ἢ
247 2407 286 2487 γή
303 2405 355 2467 καί
369 2395 470 2468 πάντα
486 2398 547 2468 όσα
562 2402 643 2468 ἐστίν
654 2405 687 2467 ἐν
719 2398 837 2484 ήμέρας,
874 2403 889 2445 ¹
907 2402 958 2465 καὶ
975 2401 1035 2465 όσα
1051 2398 1187 2486 ἐποίησιν
1205 2399 1272 2485 ὑμῖν
1290 2407 1321 2471 ἐν

85 2484 172 2567 αὐτή.
210 2484 237 2526 ¹¹
254 2482 333 2566 πλήν
356 2480 427 2558 τοὺς
449 2488 582 2567 πατέρας
607 2483 686 2568 ὑμιόν
718 2487 755 2575 τῇ
780 2479 879 2569 ἐρήμου
903 2487 958 2556 ἕως
978 2482 1084 2566 ήλθετε
1102 2487 1141 2558 είς
1158 2483 1211 2549 τὸν
1226 2487 1323 2552 τόπον

83 2559 239 2651 προείλετο
250 2561 350 2652 κόριος
361 2563 483 2649 ἀγαπᾷν
495 2560 615 2642 αάτοός,
636 2570 687 2633 καὶ
717 2572 835 2641 τοῦτον,
889 2566 941 2630 καί
953 2560 1012 2630 ὅσα
1025 2568 1145 2668 ἐποίησε
1157 2570 1201 2648 τῷ
1213 2567 1324 2634 Δαθάν

85 2651 237 2728 ἔξελεξατο
255 2647 293 2714 τό
311 2650 428 2733 σπέρμα
447 2645 547 2714 αάτῶν
556 2648 615 2733 μετ’
631 2647 687 2716 αά-
717 2653 768 2715 καί
783 2646 922 2755 Ἀρδειρών
935 2650 1010 2725 νίοῖς
1029 2645 1135 2736 Ἕλιαβ
1147 2651 1213 2714 vion]
1233 2648 1322 2718 Ῥου-

83 2732 155 2809 τοός
173 2729 246 2817 ὑμᾶς
261 2729 347 2820 παρά
357 2724 459 2799 πάντα
470 2729 510 2798 τόν
521 2735 596 2818 ἔθνη
608 2734 686 2800 κατόν
715 2732 780 2822 βήν,
800 2731 852 2810 οδς
865 2732 1011 2808 ἀναΐξασα
1023 2726 1041 2817 ἦ
1053 2737 1094 2818 γή
1106 2731 1141 2799 τό
1156 2729 1252 2818 στόμα
1265 2735 1322 2802 αό-

83 2816 137 2902 τήν
153 2815 263 2903 ἡμέραν
279 2812 397 2901 ταότην.
423 2817 687 2904 1οκαίπεριτεμεῐ-
716 2824 769 2922 της
781 2821 918 2885 κατέπιεν
931 2815 1050 2895 αὐτοὺς,
1076 2820 1127 2882 καί
1141 2817 1211 2893 τοὺς
1223 2820 1322 2897 οἴκους

82 2913 169 2968 σθετ
190 2900 452 2983 νσκληροκαρδίαν
466 2897 557 2983 ὑμῶν,
569 2901 687 2967 καὶτὸν
718 2907 834 2977 αυτυόν,
860 2905 910 2967 καί
932 2901 987 2976 τὰς
1010 2898 1116 2984 σκηνάς
1138 2900 1247 2975 αὐτῶν,
1271 2906 1322 2969 καί

81 2930 227 3088 τράχηλον
249 2981 330 3067 ὑμῶν
350 2984 388 3049 οὐ
409 2984 601 3070 σκληρυνεῖτε.
627 2981 685 3049 17ό
717 2989 818 3051 πᾶσαν
835 2983 935 3050 αὐτῶν
950 2983 1005 3071 τήν
1018 2981 1181 3051 ὑπόστασιν
1194 2983 1249 3068 τήν
1260 2983 1319 3067 μετ’

82 3096 141 3154 γαρ
159 3062 255 3152 κόριος
272 3063 290 3132 ό
307 3065 379 3144 θεὸς
397 3066 479 3151 ὑμῶν
504 3059 594 3144 οὗτος
613 3065 687 3142 θεὸς
719 3065 820 3135 αὐτῶν
832 3072 863 3134 ἐν
874 3072 955 3152 μέσα
968 3067 1081 3145 παντός
1095 3062 1227 3154 Ἰσραήλ.
1251 3065 1321 3134 7ότι

83 3158 144 3216 τῶν
155 3157 246 3228 θεῶν,
270 3153 322 3216 καί
333 3148 435 3237 κόριος
447 3155 507 3216 τῶν
519 3157 641 3237 κυρίων,
667 3148 684 3216 ό
719 3155 750 3216 οί
762 3149 918 3235 ὀφθαλμοί
931 3134 1011 3234 όμῶν
1024 3146 1161 3238 ἑόρακαν
1171 3149 1272 3218 πάντα
1281 3150 1321 3219 τόι

79 3234 152 3310 θεός
163 3230 180 3299 ό
193 3238 295 3317 μέγας,
317 3237 368 3298 καὶ
381 3233 507 3318 ἰσχυρὸς,
531 3235 583 3298 καλ
595 3238 686 3321 φοβε-
718 3238 791 3318 ἔργα
810 3242 916 3319 κυρίου
933 3232 973 3300 τά
984 3232 1097 3316 μεγάλα
1111 3232 1172 3301 όσα
1184 3239 1322 3321 ἐποίησεν

79 3317 140 3400 ρός,
154 3313 235 3391 ὅστις
246 3314 284 3381 οό
293 3313 437 3398 θαυμάζει
446 3312 619 3401 πρόςωπον,
632 3314 686 3382 οά-
718 3321 749 3381 ἐν
761 3315 827 3398 ὑμῖν
839 3311 974 3398 σήμερον.
990 3318 1006 3358 ⁸
1019 3319 1070 3380 καί
1083 3314 1249 3397 φυλάξεσθε
1261 3321 1322 3385 πά-

79 3403 112 3467 δὲ
127 3398 164 3462 οὗ
177 3397 216 3499 μή
229 3394 308 3484 λάβῃ
321 3398 426 3479 δῶρον.
443 3398 472 3438 ¹⁸
484 3403 580 3462 ποιῶν
591 3405 686 3484 κρίσιν
719 3425 773 3472 σας
785 3396 841 3472 τάς
853 3397 973 3473 ἐντολὰς
987 3395 1090 3474 αὐτοῦ,
1116 3393 1191 3473 όσας
1203 3399 1261 3476 ἐγιό
1274 3405 1321 3467 ἕν-

80 3479 261 3564 προςηλυτῳ
275 3477 327 3540 καί
339 3475 526 3577 όρφανῷ·ιιαί
536 3474 624 3562 χήρη,
636 3486 687 3548 καί
717 3482 861 3563 τέλλομαί
877 3504 923 3545 σοι
941 3476 1077 3565 σήμερον,
1103 3484 1154 3544 ἰ’να
1171 3483 1247 3563 ζῆτε,
1272 3484 1322 3549 καί

80 3563 192 3645 ἀγαπᾷ
209 3559 263 3626 τόν
279 3557 463 3661 προςηλυτον
482 3561 585 3625 δοῦναι
602 3561 685 3647 αὐτῷ
717 3564 1025 3649 πολυπλασιασθήτε,
1074 3564 1126 3628 καί
1149 3559 1323 3643 είςελθόντες

80 3649 177 3731 ἄρτον
195 3645 246 3710 καί
265 3645 390 3724 ίματιον.
416 3642 444 3682 ¹⁹
457 3643 509 3704 καί
521 3638 687 3725 ἀγαπήσετε
718 3643 944 3732 κληρονομήσετε
966 3645 1021 3730 τήν
1036 3650 1106 3750 γήν,
1132 3651 1171 3724 εἷς
1190 3643 1226 3732 ἣν
1244 3644 1321 3735 ὑμεῖς

79 3733 136 3797 τόν
153 3723 347 3814 προςήλυτον,
371 3718 552 3848 προςήλυτοι
564 3722 623 3809 γάρ
637 3712 688 3809 ήτε
719 3728 879 3814 διαβαίνετε
897 3730 949 3795 τόν
969 3728 1121 3814 Ἰορδανην
1137 3733 1197 3797 ἐκεῖ
1211 3734 1318 3821 κληρο-

82 3821 112 3881 tv
133 3818 171 3896 γῆ
194 3804 353 3892 Αίγόπτῳ.
384 3812 529 3892 2’κυριον
545 3804 598 3872 τόν
614 3802 688 3876 θεόν
719 3815 843 3894 νομησαι
856 3808 958 3916 αὐτήν.
972 3814 1043 3878 9ἵνα
1054 3812 1320 3905 μακροημερεόσητι

81 3925 137 3964 σου
150 3886 322 3985 ᾧοβηθήση,
346 3893 398 3958 καί
411 3889 497 3975 αὐτῷ
507 3887 686 3979 λατρεύσεις,
716 3896 767 3960 ἐπὶ
780 3897 832 3977 τής
843 3898 906 3977 γῆς,
920 3921 953 3980 ης
966 3894 1062 3978 ὤμοσε
1074 3894 1172 3982 κόριος
1183 3912 1247 3978 τοῖς
1258 3931 1319 3969 πα-

81 3978 224 4061 καὶπρὸς
243 3973 335 4041 αὐτόν
353 3974 545 4081 κολληθήσηἐ
566 3978 617 4040 καί
635 3981 686 4043 ἐπὶ
716 3972 822 4063 τράσιν
848 3974 929 4060 ὑμῶν
952 3978 1055 4046 δοῦναι
1077 3978 1180 4061 αάτοῑς
1202 3990 1255 4052 καί
1274 3992 1318 4053 τιό

82 4068 126 4146 τῷ
138 4059 261 4144 ὀνόματι
274 4057 367 4124 αὐτοῦ
380 4060 449 4153 ὁμῇ.
467 4062 493 4101 ²¹
507 4084 596 4135 ουτος
608 4058 684 4127 καό-
716 4064 862 4148 σπέρματι
888 4059 991 4128 αὐτῶν
1013 4061 1072 4148 μετ’
1100 4064 1227 4145 αὐτοὺς,
1264 4055 1319 4154 γήν

80 4142 158 4231 χημά
171 4170 241 4221 σου,
266 4145 318 4208 καὶ
329 4132 418 4218 οὗτος
428 4137 500 4216 θεός
512 4168 579 4219 σον,
604 4138 684 4220 όστις
715 4148 841 4230 ῥέουσαν
858 4141 938 4225 γάλα
953 4150 1005 4213 καί
1015 4149 1088 4232 μελι.
1116 4154 1144 4195 ¹⁰
1156 4156 1218 4216 ἐστι
1228 4149 1286 4237 γάρ
1301 4149 1319 4237 ἢ

82 4232 201 4312 ἐποίησε
219 4231 250 4291 ἐν
267 4227 316 4292 σοί
333 4223 372 4290 τόι
389 4220 503 4310 μεγάλα
521 4228 572 4290 καλ
583 4224 623 4290 τό
635 4229 683 4293 λ’ν-
713 4232 753 4312 γή
766 4234 806 4306 είς
817 4224 1013 4323 ήνείςπορεόη
1024 4228 1101 4316 ὑμεῖς
1111 4235 1318 4317 ἐκεῒκληρονο-

81 4313 153 4388 δοξα
174 4315 289 4385 ταῦτα,
314 4303 335 4373 ἀ
353 4309 461 4374 ἴδοσαν
478 4311 509 4372 σί
527 4305 685 4391 ὀφθαλμοί
713 4316 805 4395 μήσαι
817 4310 921 4400 αὐτήν,
933 4314 988 4398 οὐχ
1000 4312 1095 4398 ὥςπερ
1107 4320 1147 4395 γῆ
1158 4315 1319 4393 Αἰγύπτου

80 4420 145 4459 σου.
171 4395 201 4435 ²²
215 4396 246 4458 ίν
259 4387 461 4476 ἑβδομήκοντα
473 4404 583 4477 ψυχαῖς
594 4395 681 4457 κατέ·
714 4398 813 4470 ἐστίν,
850 4392 922 4462 ὅθεν
948 4393 1169 4473 ἐκπεπόρευσθε
1198 4402 1320 4472 ἐκεῖθεν,

77 4481 174 4564 βησαν
208 4478 241 4539 οί
272 4477 397 4560 πατέρες
428 4498 482 4538 σου
513 4479 552 4550 είς
581 4475 680 4553 Αίγυ-
713 4471 788 4545 όταν
802 4487 943 4564 σπείρωσι
957 4475 1009 4541 τόν
1021 4471 1145 4559 σπόρον,
1167 4481 1219 4541 καί
1230 4484 1318 4634 πὲτί·

1265 4583 1319 4621 αισι
