2924 4972
446 251 656 317 ΙΟΥΔΙΘ
697 250 954 328 Κεφ.ε’.ς’.5.6.
1259 253 1324 318 527

79 401 161 457 μενος
171 371 293 440 πάντων
306 368 508 455 υίῶνἈμμιόυ.
523 366 683 435 ἀκουσάτω
720 395 776 454 ρας
794 368 917 446 πολλάς.
943 373 1035 436 17καὶ
1048 375 1104 446 έως
1120 368 1176 474 σιἠχ
1193 368 1329 474 ἥμαρτον

80 460 116 542 δὴ
142 455 159 523 ὁ
182 452 284 543 κύριός
299 480 358 539 μου
375 450 466 531 λόγον
484 458 517 518 ἐκ
538 448 685 534 στόματος
720 447 848 518 ἐνάπιον
859 458 914 517 τοῦ
925 460 998 521 θεοῦ
1011 452 1121 527 αὐτῶν,
1142 477 1177 536 ην
1190 479 1229 519 τα
1246 455 1325 533 ἀγα·

79 546 134 608 τοῦ
146 537 257 606 δούλου
269 564 332 613 σου,
344 540 395 603 καί
408 535 560 615 άναγγελῶ
571 561 619 600 σοι
630 534 685 618 τὴν
719 534 766 600 θόι
780 534 839 618 μετ’
859 533 973 612 αὐτῶν,
998 534 1047 603 ότι
1064 535 1137 612 θεὸς
1153 541 1248 640 μισῶν
1260 539 1326 605 ‹ida-

80 619 225 708 άλύθειαν
241 625 309 708 περὶ
327 625 381 686 τοῦ
393 621 486 694 λαοῦ,
512 615 545 694 ὃς
556 630 688 684 κατοικεῖ
720 623 787 683 κίαν
798 615 855 700 μετ’
872 615 971 684 αὐτῶν
988 623 1074 686 ἐστίν.
1102 621 1129 663 ¹⁰
1142 619 1192 685 ὅτε
1204 618 1235 685 δέ
1249 618 1323 686 άπί·

78 707 133 792 την
150 703 264 794 ὀρεινὴν
279 699 404 788 ταύτην,
426 703 551 804 πλησίον
568 728 623 767 σου
640 705 685 767 ολ·
722 724 834 786 στησαν
851 697 916 766 άπὸ
934 706 987 785 τῆς
1003 700 1077 769 ὁδοῦ
1093 693 1128 787 ἦς
1139 704 1257 768 διέθετο
1270 700 1327 769 αύ-

80 795 215 865 κοῦντος,
241 791 293 855 καί
314 785 367 852 οὐκ
384 786 559 864 ἐξελκυοεται
575 785 686 867 ψεῦδος
722 796 794 861 τοῖς,
811 780 1078 931 έξωλοθρευύθησαν
1089 789 1120 851 ἐν
1131 784 1257 862 πολλοῖς
1267 811 1327 853 πο·

80 877 112 938 ἐκ
125 877 180 937 τοῦ
193 867 341 955 στόματος
357 875 412 934 τοῦ
424 866 536 935 δούλου
549 893 612 933 σου.
639 864 685 932 ῦὸ
721 866 819 947 λέμοις
830 867 880 931 ἐπί
890 892 934 931 πο
960 863 966 885 ”
985 863 1111 951 σφόδρα,
1125 867 1208 962 καλῇ

80 954 154 1029 λαὸς
166 947 255 1030 οὗτός
267 959 338 1019 εἰσιν
350 948 495 1029 άπόγονοι
507 951 685 1026 Χαλδαίων,
723 945 872 1032 τεύθηοαν
884 953 924 1024 είς
935 952 991 1032 γῆν
1003 946 1060 1013 οὐκ
1071 950 1158 1026 ίδίαν,
1167 977 1218 1017 και
1227 950 1246 1017 ὁ
1256 949 1327 1030 ναδς

81 1040 159 1103 7καὶ
177 1033 361 1121 παρῴκησαν
378 1034 413 1100 τὸ
431 1033 579 1121 πρότερον
599 1037 630 1098 ἐν
648 1037 686 1126 τῇ
724 1037 781 1097 τοῦ
798 1036 872 1097 θεοῦ
891 1030 990 1097 αὐτῶν
1007 1028 1133 1115 ἐγενηθη
1149 1038 1188 1107 είς
1205 1036 1327 1115 ε’δαφος,

81 1126 320 1202 Μεσοποταμία,
346 1114 393 1182 ότι
407 1115 464 1182 ούκ
480 1110 687 1204 ἐβουλήθησαν
723 1118 776 1181 καί
786 1120 820 1181 αἱ
830 1111 931 1189 πόλεις
942 1111 1043 1180 αύτων
1052 1111 1259 1199 ἐκρατήθησαν
1268 1112 1328 1182 ὑπὸ

83 1198 286 1284 ἀκολουθῆσαι
304 1212 368 1274 τοῖς
379 1209 462 1273 θεοῖς
476 1205 537 1263 τῶν
549 1202 688 1282 πατέρων
723 1204 785 1264 τῶν
801 1193 988 1263 ὑπεναντίων.
1020 1198 1111 1261 19καί
1128 1200 1179 1261 νύν
1195 1200 1329 1282 ε’πιοτρέ-

83 1281 199 1360 αὐτῶν,
226 1290 258 1347 οῖ
273 1284 408 1360 ἐγένοντο
420 1286 451 1345 έν
461 1287 500 1364 γῆ
514 1281 687 1357 Χαλδαίων,
724 1302 833 1363 ψαντες
846 1283 896 1346 ἐπὶ
907 1277 960 1346 τόν
976 1276 1049 1346 θεόν
1065 1276 1169 1344 αὐτῶν
1185 1276 1330 1366 άυέβησαν

82 1367 162 1430 8καί
188 1365 328 1451 ἐξέβησαν
353 1367 383 1441 ἐξ
408 1353 488 1429 όδοῑέ
500 1369 560 1429 τῶν
577 1366 687 1441 γονέων
724 1368 757 1429 ἐκ
770 1369 821 1448 τῆς
831 1365 997 1451 διασπορᾶς
1007 1354 1045 1429 οὗ
1054 1358 1160 1429 διεσπά
1179 1387 1254 1467 ησαν
1263 1365 1330 1437 ἐκεῖ,

82 1449 193 1522 αὐτῶν,
207 1451 258 1512 καί
269 1443 487 1534 προσεκύνησαν
499 1451 544 1530 τῴ
555 1450 618 1529 θεῷ
632 1450 687 1513 τοῦ
724 1448 776 1511 καί
799 1449 943 1551 κατέοηον
959 1447 1012 1530 τὴν
1030 1389 1222 1532 Ἰερουσαλημ
1237 1436 1275 1511 ού
1293 1443 1329 1509 τό

81 1529 118 1595 ού
139 1536 230 1607 ανοῦ,
256 1534 320 1614 θεῷ
333 1521 359 1614 ᾧ
372 1533 550 1607 ἐπέγνωσαν,
563 1533 614 1593 καὶ
626 1531 687 1607 ἐξέ-
724 1526 855 1613 ἁγίασμα
867 1534 978 1605 αυτῶν,
994 1530 1046 1594 καὶ
1057 1535 1287 1613 κατῳκίσθησαν
1297 1531 1330 1594 ἐν

141 1638 175 1678 ον
204 1612 316 1690 αύτούς
344 1610 408 1677 άπὸ
440 1611 602 1697 προςοόπου
627 1618 687 1676 τῶν
723 1615 763 1705 τῇ
774 1611 886 1706 ὀρεινῇ,
912 1608 959 1676 ότι
972 1602 1009 1696 ἦν
1028 1615 1143 1698 ἔρημος.
1168 1615 1200 1656 ²⁰
1212 1614 1264 1677 καί
1276 1616 1328 1677 νῦν

80 1702 161 1762 θεῶν
173 1695 284 1773 αὐτῶν,
306 1698 356 1761 καὶ
367 1699 475 1774 ὲίςυγον
486 1700 525 1772 είς
537 1702 686 1760 Μεσοπο-
723 1696 856 1761 δέσποτα
868 1691 947 1799 κύριε
959 1701 984 1761 εἰ
994 1698 1049 1780 μέν
1061 1700 1139 1762 ἐστιν
1150 1691 1285 1780 άγνόημα
1297 1698 1329 1761 ἐν

80 1786 204 1861 ταμίαν,
229 1783 280 1844 καί
304 1775 484 1864 παρῴκησαν
502 1782 563 1843 ἐκεῖ
576 1775 686 1864 ἡμέρας
723 1782 766 1862 τῷ
780 1779 847 1843 λαῶ
860 1804 974 1862 τουτῳ,
989 1781 1042 1844 καί
1054 1776 1276 1862 ἁμαρτάνουσιν
1289 1783 1329 1854 ελς

79 1859 200 1938 πολλάς.
214 1864 284 1928 9καί
297 1863 374 1928 εἶπεν
386 1856 404 1927 ό
415 1859 487 1936 θεὸς
497 1859 598 1927 αὐτῶν
606 1862 684 1939 ἐξελ·
723 1845 860 1927 τὸνθεόν
873 1861 985 1939 αὐτῶν,
1000 1865 1050 1927 καί
1062 1861 1288 1948 ἐπισκεψόμεθα
1299 1857 1328 1939 ό,

79 1958 144 2013 θεῖν
157 1950 189 2010 ἐκ
202 1950 253 2030 τῆς
264 1950 422 2032 παροικίας
434 1942 545 2022 αὐτῶν,
562 1948 613 2010 καί
624 1970 684 2010 πο-
723 1970 751 2010 τι
770 1947 850 2011 ἐστίν
871 1949 902 2010 ἐν
918 1942 1023 2021 αὐτοῖς
1041 1944 1208 2012 σκάνδαλον
1226 1950 1328 2020 τοῦτο,

80 2034 220 2115 ρευθηναι
231 2035 270 2106 εἰς
277 2035 332 2114 γῆν
341 2026 478 2106 Χαναὰν,
488 2030 540 2093 καί
549 2024 686 2112 κατῴκη-
723 2030 772 2094 καί
785 2025 1012 2116 άναβησόμεθα,
1034 2034 1086 2095 καὶ
1096 2023 1330 2114 ε’κπολεμηοομεν

80 2138 135 2178 σαν
155 2116 226 2189 ἐκεῖ,
251 2117 302 2178 καί
318 2106 554 2195 ἔπληθύνθησαν
575 2117 685 2195 χρυσίῳ
724 2107 843 2187 αὐτούς.
882 2114 910 2153 ²¹
922 2118 946 2176 εί
965 2111 997 2176 δέ
1016 2111 1072 2177 οὐκ
1084 2117 1162 2179 ἐστιν
1180 2110 1287 2195 άνομία
1299 2113 1330 2176 ἐν

80 2198 130 2261 καὶ
156 2193 288 2280 ἀργυρίῳ
314 2197 365 2259 καί
384 2198 414 2258 ἐν
430 2195 544 2278 κτηνεοι
560 2192 686 2268 πολλοῖς
724 2199 769 2277 τῷ
781 2197 860 2259 ε”θνει
872 2191 986 2271 αύτιόν,
1004 2196 1182 2280 παρελθέτω
1195 2194 1230 2280 δι)
1245 2192 1263 2261 ό
1276 2191 1329 2259 κύ-

81 2277 215 2363 σψόδρα,
240 2280 333 2342 1οκαί
348 2279 513 2361 κατέβησαν
529 2280 568 2350 εἰς
586 2277 686 2352 Λῖγυ-
725 2271 787 2359 ριός
796 2301 867 2355 μου,
880 2276 994 2377 μηποτε
1004 2274 1189 2366 ύπερασπίοη
1202 2274 1220 2342 ὃ
1231 2273 1329 2360 κύριος

80 2384 171 2435 πτον,
195 2357 326 2440 ἐκάλυψε
342 2354 399 2440 γάρ
416 2357 452 2421 τὸ
464 2353 623 2441 πρόςωπον
635 2361 687 2438 τῆς
726 2356 890 2422 αὐτῶνκαὶ
904 2383 921 2422 ο
933 2354 1006 2432 θεὸς
1018 2357 1119 2423 αὐτῶν
1131 2356 1206 2443 ὑπὲρ
1219 2359 1328 2435 αὐτῶν,

80 2440 268 2524 γῆςΧαναάν
280 2437 371 2521 λιμὸς,
380 2442 431 2503 καί
440 2435 620 2523 παρῴκησαν
630 2442 690 2502 ἐκεῖ
726 2440 778 2503 καί
802 2434 931 2520 ἐσόμεθα
957 2443 995 2514 είς
1013 2438 1175 2522 ὀνειδισμὸν
1197 2445 1328 2507 ἐναντίον

80 2527 178 2606 μέχρις
199 2515 236 2586 οὗ
254 2517 457 2608 διετράφησαν.
483 2523 536 2585 καὶ
553 2522 687 2603 ἐγένοντο
725 2518 955 2622 πάσηςτῆςγης.
969 2522 1054 2585 22καὶ
1066 2520 1329 2600 ἐγένετοὼςέπαύ-

83 2609 144 2669 ἐκεῖ
151 2610 190 2680 εἰς
198 2604 317 2708 πληθος
325 2600 415 2677 πολὺ,
422 2605 473 2667 καί
482 2601 536 2668 σιἰκ
551 2603 585 2687 ην
597 2601 687 2687 άριθ-
727 2629 803 2670 σατο
814 2601 922 2690 Ἀχιωρ
939 2602 1041 2670 λαλῶν
1054 2605 1124 2681 τοὺς
1136 2601 1245 2683 λόγους
1257 2602 1329 2670 τού-

80 2688 137 2774 μὸς
151 2692 205 2753 τοῦ
218 2713 320 2766 γενους
333 2683 438 2751 αύτῶν.
452 2689 531 2752 11καὶ
543 2689 688 2772 ἐπανέστη
726 2713 813 2763 τους,
839 2690 891 2751 καὶ
908 2682 1046 2765 ἐγόγγυσε
1057 2693 1118 2763 πᾶς
1130 2684 1148 2751 ὁ
1161 2687 1235 2762 λαὸς
1247 2685 1264 2753 ὁ
1277 2715 1330 2753 κυ-

82 2764 684 2858 αὐτοῖςὁβασιλεύςΑίγύπτου,καίκατε-
726 2770 805 2835 κλών
830 2769 885 2853 τὴν
902 2768 1008 2854 σκηνὴν
1025 2773 1077 2836 καὶ
1093 2767 1256 2857 περιεστώς.
1280 2774 1332 2837 καί

82 2862 248 2937 σοψίσαντο
257 2853 406 2928 αύτούςέν
414 2847 498 2936 πόνῳ
506 2855 557 2917 καί
566 2856 596 2917 ἐν
603 2852 686 2918 πλίν·
725 2851 810 2918 εἶπαν
828 2856 859 2917 οἶ
872 2858 1037 2932 μεγιστᾶνες
1056 2855 1254 2940 ’ολοψε’ρνου,
1279 2858 1330 2921 καί

80 2949 142 3022 θῳ,
152 2942 202 3003 καὶ
215 2940 413 3002 ἐταπείνωσαν
421 2934 529 3011 αὐτοὺς
540 2937 592 3001 καί
602 2941 683 3001 ἔθεν-
724 2931 829 3011 πάντες
847 2941 879 3001 οἱ
892 2941 1094 3014 κατοικοῦντες
1110 2937 1165 3023 τὴν
1177 2940 1330 3024 παραλίαν

20 3081 28 3093 ,
82 3047 117 3086 το
130 3019 242 3096 αύτούς
253 3025 292 3095 εἰς
304 3018 438 3094 δούλους.
464 3017 685 3107 12καὶοίνεβόη-
724 3022 775 3084 καί
786 3019 841 3104 την
850 3018 964 3106 Μωάβ,
977 3017 1126 3107 συγκόψαι
1140 3019 1243 3100 αὐτὸν,
1256 3020 1328 3087 ²³00)

83 3130 139 3170 σαν
156 3103 233 3189 πρὸς
251 3102 305 3169 τὸν
319 3100 391 3168 θεὸν
403 3101 518 3176 αὐτῶν,
545 3104 596 3168 καί
609 3104 684 3169 έπά-
723 3102 781 3185 γάρ
791 3099 1035 3189 φοβηθησόμεθα
1043 3103 1109 3171 άπὸ
1118 3101 1328 3191 υἷιόνἸοραηλ

81 3189 150 3264 ταξε
168 3193 269 3253 πᾶσαν
286 3183 410 3291 τηνμην
427 3182 588 3264 Αἰγύπτου
608 3188 685 3271 πλη·
725 3187 788 3251 woh
799 3188 859 3273 γάρ
876 3186 951 3264 λαὸς
963 3192 994 3253 έν
1010 3181 1036 3272 ᾧ
1053 3187 1109 3255 οὐκ
1123 3193 1186 3254 ἐστι
1199 3185 1328 3270 δύναμις,

81 3281 155 3348 γαῖς,
169 3274 200 3335 ἐν
213 3270 259 3345 αἶς
271 3268 325 3335 οὐκ
339 3295 373 3353 ην
387 3271 471 3346 ἴασις.
484 3270 536 3333 καί
546 3270 685 3356 ἐξέβαλον
725 3268 795 3334 οὐδὲ
820 3270 929 3351 κράτος
954 3277 992 3346 εἰς
1014 3268 1182 3356 παράταξιν
1199 3267 1328 3355 ἰσχυράν.

82 3349 192 3428 αὐτούς
210 3358 240 3418 οἶ
256 3349 424 3429 Αἰγύπτιοι
444 3350 507 3418 άπὸ
523 3350 684 3436 προςούπου
724 3352 755 3392 ²⁴
768 3351 815 3417 διὸ
832 3353 868 3434 δὴ
888 3351 1117 3455 άναβηοόμεθα,
1142 3357 1194 3418 καὶ
1211 3359 1329 3419 ε”σονται

81 3433 192 3507 αὐτῶν,
216 3437 244 3477 ¹³
257 3438 308 3498 καί
318 3431 537 3520 κατεξηρανενό
551 3436 620 3511 θεὸς
632 3434 686 3520 την
724 3439 762 3508 εἰς
782 3431 964 3519 κατόβρωμα
987 3462 1085 3518 πασης
1109 3441 1161 3520 τῆς
1186 3439 1328 3521 στρατιάς

81 3517 216 3600 ἐρυθρὰν
225 3514 385 3582 θάλασσαν
394 3521 563 3602 ἔμπροσθεν
572 3517 684 3594 αὐτῶν,
725 3541 782 3580 σου
794 3515 1110 3603 δέσποταὈλοφέρνη.

80 3598 291 3680 14καὶῆγαγεν
305 3596 416 3673 αὐτούς
428 3604 467 3675 είς
479 3598 550 3665 ὁδὸν
562 3606 616 3666 τοῦ
630 3608 685 3665 Σι-
921 3607 995 3665 ΚΕ
1010 3608 1047 3664 (Ι).
1092 3595 1128 3676 ς’.

82 3681 136 3756 νά,
155 3684 207 3747 καὶ
219 3679 323 3765 Κάδης
335 3681 458 3767 Βαρνη,
483 3684 534 3746 καί
548 3685 685 3771 ἐξέβαλον
725 3649 807 3747 Καὶ
824 3677 866 3757 ὥς
882 3686 1065 3749 κατέπαυσεν
1085 3680 1102 3748 ό
1119 3683 1251 3768 θόρυβος
1267 3688 1329 3751 τῶν

80 3761 198 3840 πάντας
210 3763 280 3840 τούς
296 3768 508 3838 κατοικοῦντας
521 3768 551 3829 ἐν
565 3772 602 3858 τι]
619 3763 687 3850 ἐρη-
724 3764 840 3851 ἀνδροῖν
853 3770 911 3829 τῶν
923 3763 1022 3831 κύκλω
1036 3771 1086 3849 τῆς
1095 3769 1265 3851 συνεδρείας,
1277 3771 1328 3834 καί

82 3876 140 3932 μῳ,
164 3849 190 3891 ¹⁵
204 3851 254 3914 καί
267 3845 386 3932 ᾤκησαν
398 3850 431 3912 ἐν
442 3851 482 3940 γῇ
493 3845 686 3934 Ἀμορραίων,
723 3848 800 3915 εἶπεν
809 3847 990 3931 Ὀλοφέρνης
1003 3837 1021 3914 ό
1032 3846 1263 3934 ἀρχιστράτηγος
1276 3853 1329 3917 δυ-

82 3933 135 3995 καί
151 3927 267 4007 πάντας
285 3929 355 4005 τοὺς
369 3928 560 4016 Ἐσεβωνίτας
579 3928 687 4009 ἐξωλό-
723 3931 833 4016 νάμεως
845 3931 971 4011 Ἀσσοὺρ
986 3933 1063 4019 πρὸς
1076 3932 1180 4019 Ἄχιώρ
1197 3937 1328 4000 ἐναντίον

82 4023 213 4099 θρευσαν
231 4017 261 4079 έν
274 4017 312 4106 τῇ
325 4010 407 4096 ἰσχύϊ
422 4011 531 4078 αὐτῶν.
558 4017 609 4080 καί
622 4017 687 4081 δια-
724 4016 836 4091 παντὸς
860 4021 914 4080 τοῦ
940 4012 1034 4100 δημου
1056 4014 1329 4099 άλλοφύλων,’καί

82 4100 185 4184 βαντες
206 4097 260 4163 τὸν
281 4093 434 4181 Ἰορδάνην
452 4096 688 4183 ε’κληρονόμησαν
724 4097 801 4186 πρὸς
817 4095 934 4174 πάντας
952 4099 1034 4174 υἱοὺς
1046 4097 1160 4188 Μωάβ.
1192 4103 1269 4166 2καὶ
1285 4108 1328 4175 τίς

82 4184 184 4244 πᾶσαν
197 4177 251 4264 τὴν
265 4176 384 4284 ὀρεινήν.
402 4181 430 4222 ¹¹¹
442 4183 492 4245 καί
505 4184 643 4268 ἐξέβαλον
655 4187 687 4248 ἐκ
725 4181 753 4247 εἴ
774 4182 810 4248 σὺ
829 4180 952 4268 Ἀχιώρ,
977 4186 1028 4248 καί
1053 4187 1084 4248 οῖ
1101 4188 1252 4267 μισθωτοί
1271 4187 1327 4248 τοῦ

83 4258 246 4345 προςιόπου
260 4268 359 4328 αυτών
372 4262 424 4327 τὸν
438 4270 623 4340 Χαναναῖον,
637 4268 688 4328 καὶ
721 4263 865 4348 Ἐφραὶμ,
895 4262 942 4330 ότι
966 4265 1183 4354 προεψήτευοας
1208 4271 1238 4333 ἐν
1263 4264 1328 4347 ἡμῖν

82 4344 135 4410 τὸν
161 4348 330 4431 Φερεζαῖον,
356 4347 406 4410 καί
428 4343 480 4411 τὸν
497 4345 687 4434 Ἰεβουσαῖον,
724 4348 828 4422 καθάς
845 4345 980 4433 σήμερον,
1005 4354 1055 4416 καὶ
1071 4350 1164 4426 εἶπας.
1194 4346 1328 4426 τὸγένος

82 4429 133 4491 καί
147 4425 200 4492 τόν
210 4427 323 4512 Συχὲμ,
342 4431 392 4493 καί
404 4428 517 4504 πάντας
531 4427 598 4504 τοὺς
610 4434 645 4491 Γ
640 4456 688 4514 ερ-
721 4428 841 4515 Ἰσραηλ
860 4430 899 4513 μη
912 4432 1086 4534 πολκμησαι,
1098 4429 1145 4496 ὅτι
1158 4429 1176 4497 ὁ
1188 4431 1259 4505 θεὸς
1272 4429 1328 4495 αὖ·

81 4515 227 4591 γεσαίους,
240 4514 291 4576 καί
302 4505 477 4598 κατῴκησαν
485 4514 515 4575 ἐν
528 4510 607 4609 αὐτῇ
617 4509 687 4597 ἣμέ-
725 4516 786 4579 τοῖν
799 4510 975 4599 ίπερασπιεῖ
985 4518 1099 4592 αυτῶνς
1112 4516 1163 4580 καὶ
1176 4509 1246 4588 τίςό
1258 4508 1353 4645 θεόςχ

1324 4612 1343 4647 ἱ
