2924 4972
430 233 577 296 ΤΩΒΙ
589 237 618 295 Τ
655 227 783 312 Χεφ.ζ’.
798 227 833 314 η’.
848 235 891 298 θ’.
904 233 934 299 7.
947 231 977 299 8.
991 232 1021 299 9.
1282 237 1349 302 519

107 353 170 420 άπὸ
186 358 243 419 τού
264 356 315 417 νῦν
328 350 406 415 κατὰ
424 350 478 432 τήν
495 355 599 436 κρίσιν.
626 348 711 415 σδδέ
742 375 791 433 με,
817 352 868 415 καί
881 349 957 443 αὐτῇ
975 357 1243 437 ουγιιαταγηρᾶσαι.
1269 353 1350 420 ιιιαί

107 436 233 517 ἀδελφὸς
243 433 272 499 εί
281 432 384 517 αὐτῆς,
399 434 451 496 καί
463 430 539 513 αιίτή
553 457 609 496 σου
621 435 710 497 ἐστίν.
744 430 807 498 είπε
818 429 877 513 μετ’
894 432 1003 512 αὐτοῦ,
1024 430 1109 518 άμήν.
1138 437 1155 480 ⁹
1167 437 1219 502 καί
1231 431 1348 520 ἐκοιιιή-

108 518 125 583 ὁ
143 519 174 584 δὲ
193 514 321 601 έλεήμων
339 516 410 590 θεὸς
428 512 566 579 εύοδιύσει
589 511 656 597 ύμῖν
671 513 711 579 τά
743 525 842 598 θησαν
855 511 1017 598 άμφότεροι
1029 516 1084 601 τήν
1097 511 1198 583 νύκτα.
1212 522 1262 585 καί
1275 518 1349 585 ἂνα-

108 599 258 667 κάλλιστα.
284 603 312 641 ¹²
324 600 375 662 καί
391 592 508 662 ἐκάλεσε
519 594 641 683 Σάρραν
657 594 712 680 τήν
744 598 816 672 στάς
829 593 976 681 Ῥαγουήλ
994 597 1160 685 ἐπορεύθη,
1185 605 1237 666 καί
1256 600 1349 684 ὤρυξε

108 688 260 766 θυγατέρα
277 679 387 756 αὐτοῦ,
411 681 463 745 καί
478 678 578 783 λιτρῶν
590 685 643 762 τῆς
654 703 711 765 χει·
743 678 852 761 τάφον,
877 682 907 723 ¹⁰
919 680 1019 757 λέγων.
1043 682 1083 785 μή
1102 686 1153 749 καί
1165 675 1256 759 οὗτος
1268 683 1346 749 σἰπο-

107 766 159 850 ρὸς
178 765 287 848 αὐτῆς,
311 763 480 848 παρέδωκεν
495 761 588 847 αυτήν
608 766 710 848 Τωβία
743 758 841 854 θάνης
867 765 955 828 11καί
972 751 1047 847 ήλθε
1077 764 1217 851 Ραγουήλ
1239 770 1279 842 εἷς
1295 762 1348 851 τήν

106 862 241 927 γυναῖκα,
254 845 401 911 καὶεῖπεν.
426 844 491 910 ἰδοὺ
503 846 581 910 κατά
593 843 648 911 τὸν
660 839 712 908 νό-
744 849 842 909 οὶκίαν
853 846 977 920 ἑαυτοῦ,
1003 847 1031 887 ¹²
1042 851 1093 938 καί
1109 848 1186 915 είπεν
1197 847 1289 932 Ἕδνη
1312 851 1348 950 τῇ

106 957 161 1010 μον
185 931 345 1002 Μωυσέως
370 932 491 1011 κομίζου
516 926 625 1011 αὐτήν,
661 928 712 991 καί
742 927 857 1005 γυναικί
874 930 979 993 αὑτοῦ.
1013 924 1188 996 άποστειλον
1202 937 1272 1015 μίαν
1289 955 1350 997 των

110 1013 206 1090 δίπαγε
223 1009 300 1098 πρὸς
312 1009 365 1075 τὸν
376 1014 494 1096 πατέρα
508 1037 571 1076 σου.
597 1011 648 1074 καί
663 1007 711 1073 εύ-
743 1011 922 1085 παιδισκῶν,
946 1011 998 1074 καὶ
1011 1010 1152 1076 ίδέτιοοαν
1168 1017 1195 1077 ελ
1211 1017 1255 1093 ζῆ.
1280 1019 1306 1079 εί
1316 1015 1349 1079 δέ

107 1093 232 1178 λόγησεν
249 1089 367 1169 αὐτούς.
392 1095 420 1136 ¹³
433 1096 483 1157 καὶ
496 1088 630 1158 ἐκάλεσεν
642 1090 712 1156 Ἒδ-
743 1091 797 1176 μή,
822 1097 872 1156 ἵνα
888 1088 1038 1175 θάψωμεν
1056 1090 1165 1169 αὐτὸν,
1190 1082 1241 1158 καλ
1253 1096 1350 1197 μηδείς

110 1201 164 1241 ναν
176 1177 228 1258 τήν
239 1185 367 1253 γυναῖκα
380 1173 483 1240 αὐτοῦ.
497 1176 547 1238 καί
556 1172 657 1260 λαβών
665 1178 713 1261 {31-
743 1178 814 1258 γνῶ.
836 1175 864 1217 ¹³
874 1178 925 1240 καί
936 1173 1069 1258 είςήλθεν
1082 1170 1100 1258 ή
1114 1176 1256 1260 παιδίσκη
1269 1181 1352 1241 ανοί-

108 1259 193 1344 βλίον
205 1261 319 1341 ἔγραψε
332 1253 514 1341 συγγραφήν,
536 1259 589 1321 καί
599 1261 714 1341 ἐσφρα-
744 1260 823 1335 ξαοα
846 1255 901 1340 τήν
921 1254 1035 1342 θύραν,
1061 1258 1114 1321 καί
1129 1249 1195 1343 εὗρε
1211 1255 1281 1333 τούς
1297 1255 1353 1325 δύο

108 1347 222 1418 γίσατο.
244 1337 476 1440 14καλήρξαντο
490 1342 607 1404 ἐσθίειν.
625 1340 652 1382 ¹⁵
663 1339 715 1403 καί
745 1336 955 1416 καθεύδοντας.
973 1339 1003 1382 ¹⁴
1012 1340 1064 1405 καί
1075 1339 1239 1417 ἐξελθοῦσα
1252 1337 1353 1423 ἀπήγ-

108 1420 224 1489 ἐκάλεσε
236 1418 385 1503 Ῥαγουηλ
394 1420 502 1486 Ἔδναν
517 1419 571 1506 τήν
586 1432 714 1500 γυναῖκα
744 1423 836 1501 γειλεν
849 1421 966 1499 αὐτοῖς,
979 1418 1026 1488 δ’τι
1038 1426 1081 1515 ζή.
1106 1418 1353 1506 16καίειίλόγησε

109 1503 218 1582 αὐτοῦ,
243 1507 294 1569 καί
306 1503 384 1569 εἶπεν
395 1502 483 1596 αὐτῇ.
508 1501 621 1588 ἀδελφή
635 1506 715 1568 ἐτοί-
740 1502 891 1588 Ῥαγουήλ
903 1509 956 1570 τὸν
966 1508 1048 1580 θεὸν,
1064 1505 1168 1583 λέγων.
1193 1504 1351 1588 εὐλογητὸς

107 1612 206 1672 μασον
218 1586 254 1653 τὸ
268 1591 365 1670 ἕτερον
377 1598 506 1669 ταμεῖον,
518 1590 570 1652 καί
580 1583 713 1664 είςάγαγε
745 1586 774 1653 εί
783 1587 818 1653 σὺ
832 1583 850 1651 δ
863 1585 934 1663 θεὸς
951 1591 983 1652 έν
993 1584 1075 1682 πάση
1088 1586 1210 1690 εὐλοχίηι
1223 1593 1350 1672 καθαρᾷ

108 1666 210 1753 αὐτήν.
243 1671 337 1735 16καί
352 1672 489 1752 ἐποίησεν
506 1667 548 1745 ῶς
563 1669 635 1735 εἶπε.
662 1669 714 1734 καί
744 1673 794 1735 καὶ
807 1665 889 1754 ἁγίᾳ.
902 1671 954 1735 καί
963 1668 1178 1749 εὐλογείτωσαν
1188 1697 1219 1738 σε
1229 1669 1353 1750 οίάγιοί

108 1748 648 1837 είςήγαγεναύτήνέκεῒ,καίὲίιλαυσεν.
662 1752 714 1815 καί
743 1779 813 1829 σου,
839 1754 891 1818 καί
915 1758 1010 1819 πᾶσαι
1029 1758 1062 1819 αἱ
1079 1760 1182 1830 κτίσεις
1201 1781 1274 1829 σου,
1299 1757 1352 1822 καί

107 1835 270 1914 ἀπεδέξατο
295 1835 335 1900 τά
362 1833 476 1918 δάκρυα
491 1841 544 1962 τής
560 1833 713 1919 θυγατρὸς
742 1833 849 1910 πάντες
860 1840 890 1902 οί
903 1835 1024 1915 άγγελοί
1035 1862 1099 1911 σου,
1113 1840 1164 1902 καί
1176 1841 1208 1902 οί
1220 1837 1353 1904 ἐκλεκτοί

106 1919 212 2002 αιἰτής,
235 1921 287 1983 καί
298 1916 376 1984 εἶπεν
388 1917 476 2010 αὐτῇ.
502 1923 514 1960 ¹
542 1915 648 2005 θάρσει
661 1920 710 1981 τέ-
743 1945 805 1984 σου.
823 1915 1037 1997 εὖλογείτωσάν
1050 1945 1082 1985 σε
1094 1925 1134 1997 είς
1146 1918 1217 1996 τούς
1229 1926 1348 1997 αἰῶνας.

107 2026 183 2079 κνον,
193 1999 211 2066 ὁ
221 1998 322 2089 κύριος
333 1999 530 2088 τούούρανοῦ
539 2005 590 2068 καί
600 2004 712 2085 τήςγής
741 2002 770 2044 ¹⁶
783 1999 939 2086 εὐλογητὸς
951 2001 992 2080 εί,
1014 1998 1063 2067 δ’τι
1077 2001 1228 2105 ηίίφρανάς
1239 2029 1283 2088 με,
1299 2007 1352 2069 καί

108 2081 170 2169 δῴη
195 2111 243 2151 σοι
266 2081 353 2170 χάριν
375 2082 441 2150 άντί
464 2089 517 2170 τής
533 2082 630 2170 λύπης
656 2109 711 2149 σου
742 2082 797 2150 οὐκ
809 2082 922 2162 ἐγένετό
953 2084 1351 2164 οικαθώςυπενόουν,άλλά

107 2171 225 2252 ταύτης,
243 2167 350 2253 θάρσει
362 2164 503 2249 θύγατερ.
742 2166 820 2233 κατά
832 2166 870 2234 τὸ
882 2113 962 2234 πολδ
973 2165 1059 2244 ἐλεός
1068 2195 1121 2234 σου
1132 2173 1273 2255 ἐποίησας
1279 2168 1347 2251 μεθ’

131 2261 155 2288 ‘'
298 2255 333 2314 Κ
344 2255 425 2313 M.
468 2245 524 2313 H'.
743 2246 834 2333 ήμῶν.
848 2248 1037 2333 1ἐὐλογητὸς
1049 2249 1082 2325 εί,
1096 2251 1143 2318 ὅτι
1156 2251 1283 2336 ἦλέησας
1294 2251 1349 2318 δύο

108 2297 188 2398 Ore
200 2330 232 2397 δὲ
246 2332 431 2397 συνετέλεσαν
442 2332 637 2407 δειπνοῦντες,
658 2336 714 2407 είς-
742 2345 918 2412 μονογενεῖς,
944 2337 1075 2414 ποίησον
1096 2333 1199 2409 αὐτοῖς
1216 2337 1351 2400 δέσποτα

110 2415 220 2498 ήγαγον
240 2418 359 2500 Τωβίαν
383 2412 460 2495 πρὸς
478 2410 580 2495 αὐτήν.
616 2409 662 2477 2ὁ
682 2413 713 2479 δὲ
744 2413 845 2488 ἔλεος,
865 2413 1193 2516 συντελεσοντήνζωήν
1205 2415 1307 2480 αὐτῶν
1320 2419 1351 2481 ἐν

108 2491 304 2598 πορευόμενος
316 2489 447 2577 ἐμνήσθη
459 2499 519 2557 τῶν
531 2491 631 2573 λόγων
639 2492 714 2560 Ῥα-
744 2491 837 2577 ὑγιείᾳ
865 2493 924 2578 μετ’
951 2493 1132 2578 εύφροσυνης
1161 2499 1212 2561 καί
1240 2498 1349 2573 ἐλέους.

110 2577 207 2660 φαηλ,
225 2580 276 2641 καί
289 2579 380 2684 ἐλαχέε
392 2576 446 2659 τήν
458 2578 570 2662 τέφραν
581 2581 641 2642 τῶν
653 2587 714 2641 θυ-
743 2579 771 2620 ¹⁸
784 2579 914 2643 ἐκέλευσε
927 2577 959 2643 δὲ
971 2589 1033 2652 τοῖς
1049 2583 1176 2654 οἰκέταις
1186 2583 1283 2662 χῶσαι
1295 2581 1351 2644 τὸν

108 2654 277 2745 μιαμάτων,
303 2687 356 2726 και
373 2661 501 2743 ἐπέθηκε
516 2659 571 2744 τήν
589 2661 713 2761 καρδίαν
741 2657 853 2740 τάφον,
878 2663 971 2725 19καὶ
990 2663 1126 2744 ἐποίησεν
1139 2660 1241 2736 αὐτοῖς
1252 2659 1350 2741 γάμον

109 2749 165 2809 τοῦ
178 2739 282 2828 ἰχθύος
293 2744 345 2807 καί
357 2739 393 2806 τὸ
406 2735 504 2827 ἧπαρ,
527 2745 579 2807 καί
591 2746 712 2807 ἐκαπνι-
742 2741 855 2828 ήμερῶν
879 2744 1110 2828 δεκατεσσάρων.
1149 2746 1181 2787 ¹⁰
1194 2747 1245 2809 καί
1270 2743 1349 2808 εἶπεν

108 2853 162 2892 σεν.
189 2822 267 2890 3ὅτε
284 2825 316 2891 δὲ
330 2822 497 2912 ὥσφράνθη
510 2823 546 2890 τὸ
560 2821 712 2909 δαιμόνιον
741 2825 827 2909 αὐτῷ
846 2823 997 2909 Ῥαγουήλ
1015 2825 1104 2911 πρινή
1121 2826 1349 2911 συντελεσθῆναι
1408 2893 1413 2900 ,

106 2914 158 2993 τῆς
172 2907 272 2992 δσμής,
285 2911 389 2989 ἔφυγεν
403 2912 442 2983 είς
453 2905 493 2972 τά
502 2904 711 2974 άνιύταταΑί-
740 2906 793 2985 τάς
819 2906 928 2995 ἡμέρας
944 2913 1001 2974 τοῦ
1019 2907 1118 2992 γάμου
1137 2905 1281 2996 ἐνόρκως,
1305 2911 1347 2993 μή

106 2989 237 3070 γύπτου,
263 2992 314 3057 καί
330 2992 431 3074 ε”δησεν
448 2989 525 3055 αὐτὸ
544 2988 562 3056 ὁ
580 2990 709 3070 ἅγγελος.
740 2994 867 3069 ἐξελθεῖν
880 2992 973 3058 αὐτὸν
985 2991 1038 3058 ἐάν
1048 2993 1089 3077 μή
1102 2992 1303 3078 πληρωθῶσιν
1313 2997 1349 3058 αλ

106 3075 123 3117 ⁴
141 3071 181 3151 ῶς
206 3075 238 3140 δὲ
265 3076 508 3158 συνεκλείσθησαν
537 3073 710 3161 άμφότεροι,
739 3078 949 3162 δεκατέσσαρες
961 3072 1065 3184 ήμέραι
1078 3081 1134 3141 τοῦ
1143 3073 1252 3160 γάμου,
1265 3079 1348 3142 21καί

107 3155 213 3243 ἀνέστη
235 3162 351 3245 Τωβίας
368 3155 431 3222 άπὸ
448 3162 501 3262 τής
520 3158 633 3243 κλίνης,
659 3161 711 3224 καί
739 3155 808 3225 τότε
819 3157 954 3246 λαβόντα
965 3157 1002 3225 τδ
1017 3158 1102 3264 η’μισυ
1115 3164 1177 3225 τῶν
1194 3155 1346 3246 ὑπαρχόν-

106 3239 189 3305 είπεν.
215 3237 364 3325 ἀνάστηθι
377 3239 506 3345 άδελφη,
525 3243 707 3323 καίπροςευ-
739 3270 799 3309 τιον
824 3242 919 3309 αὐτοῦ
944 3254 1124 3330 πορευεσθαι
1153 3241 1216 3325 μεθ’
1248 3240 1347 3320 ὑγείας

106 3320 240 3407 ξάμεθα,
266 3329 317 3388 ’ίνα
340 3320 445 3412 ἐλεήσῃ
469 3328 544 3407 ημᾶς
562 3322 580 3388 ὁ
602 3321 708 3411 κύριος.
739 3325 815 3410 πρὸς
827 3326 879 3390 τὸν
891 3328 1023 3409 πατέρα,
1047 3326 1151 3391 καὶτὰ
1164 3324 1255 3392 λοιπά
1273 3322 1347 3391 δ’ταν

106 3407 186 3471 6καί
199 3404 311 3490 ἤρξατο
327 3410 445 3490 Τωβίας
462 3405 560 3483 λέγειν.
587 3406 710 3493 εδλογη-
739 3405 899 3485 ἀποθάνω,
918 3410 970 3471 καί
983 3404 1001 3489 ή
1013 3405 1085 3491 γυνή
1097 3433 1166 3490 μου.

105 3486 159 3562 τὸς
172 3485 226 3551 εῖδ
240 3487 312 3562 θεὸς
324 3491 385 3550 τῶν
396 3491 535 3573 πατέρων
547 3487 636 3573 ήμῶν.
660 3492 710 3554 καί
930 3495 963 3552 Κ
975 3496 1004 3552 E
1016 3495 1055 3554 Φ.
1103 3485 1153 3552 Θ’.

105 3567 266 3652 εὐλογητὸν
278 3567 314 3634 τὸ
332 3566 427 3649 ὄνομά
439 3595 491 3634 σου
509 3568 545 3634 τὸ
564 3567 648 3647 ἅγιον
661 3573 711 3635 καὶ
740 3539 825 3636 Καὶ
849 3567 965 3636 ἐκάλεσε
986 3576 1103 3657 Τωβίας
1126 3568 1180 3633 τὸν
1199 3566 1347 3672 Ῥαφαήλ,

105 3654 224 3730 ἐνδοξον
236 3657 275 3727 είς
287 3649 356 3725 τοὺς
369 3655 485 3726 αἰῶνας.
504 3650 711 3736 εὐλογησάτω-
741 3655 792 3720 καί
801 3653 877 3718 εἶπεν
888 3651 980 3736 αὐτῷ.
993 3654 1139 3737 2Ἀζαρία
1149 3651 1266 3736 ἀδελφέ,
1276 3653 1347 3742 λαβι

107 3733 164 3803 σάν
177 3761 209 3802 σε
221 3739 252 3800 οἶ
266 3733 407 3821 οὐρανοὶ,
431 3736 483 3798 καί
493 3739 590 3799 πᾶσαι
603 3739 636 3799 αῖ
648 3743 711 3800 κτί-
740 3736 813 3820 μετά
825 3741 953 3802 σεαυτοῦ
961 3739 1056 3802 παῖδα
1066 3735 1180 3802 καὶδύο
1190 3734 1347 3820 καμήλους,

107 3845 164 3895 σεις
186 3846 250 3885 σου.
286 3820 302 3860 ⁶
316 3813 353 3884 σύ
373 3821 515 3901 ἐποίησας
528 3816 635 3899 Ἀδάμ,
661 3820 712 3884 καὶ
741 3821 791 3885 καί
804 3816 969 3923 πορεύθητι
982 3825 1012 3885 ἐν
1025 3815 1144 3897 Ῥάγοις
1158 3825 1211 3906 τής
1222 3824 1347 3904 Μηδίας

107 3904 218 3979 ἐδιοκας
235 3900 318 3985 αύτῷ
334 3899 450 4006 (ίοηθὸν
465 3906 551 3966 Εὕαν
568 3898 710 3988 στήριγμα
740 3900 825 3989 παρά
834 3904 972 3989 Γαβαηλ,
986 3907 1036 3970 καί
1048 3900 1166 3986 κόμισαί
1177 3932 1226 3986 μοι
1238 3907 1275 3970 τὸ
1289 3903 1346 3991 άρ-

105 3985 161 4069 τήν
172 3998 297 4065 γυναῖκα
311 3989 414 4050 αυτοῦ.
440 3988 472 4049 ἐκ
485 3980 602 4051 τούτων
615 3984 710 4071 έγενή-
739 3984 858 4074 γύριον,
876 3989 927 4051 καὶ
939 3985 1033 4053 αὐτὸν
1043 3985 1096 4062 άγε
1107 4016 1158 4072 μοι
1173 3993 1212 4064 είς
1223 3987 1277 4054 τὸν
1287 3987 1343 4069 γά-

105 4079 150 4150 θη
165 4069 201 4133 τὸ
222 4065 395 4151 ἀνθρώπων
414 4070 538 4152 σπέρμα.
566 4067 603 4134 σὺ
615 4069 709 4146 εἶπας,
739 4098 810 4154 μον,
836 4066 940 4136 3διότι
958 4068 1097 4155 ὀμώμοκε
1117 4070 1279 4158 Ῥαγουήλ,
1304 4071 1346 4156 μή

107 4149 144 4215 ού
161 4151 253 4218 καλὸν
266 4152 337 4217 εἶναι
353 4150 406 4216 τὸν
426 4150 592 4237 ἄνθρωπον
607 4151 708 4234 μόνον,
738 4156 865 4232 ἐξελθεῖν
877 4179 918 4236 με.
945 4151 1054 4220 4καὶὸ
1069 4151 1169 4240 πατήρ
1180 4184 1240 4240 μου
1253 4155 1345 4242 σἰριθ-

105 4233 273 4319 ποιήσωμεν
285 4233 370 4318 αὐτῷ
378 4232 493 4323 βοηθὸν
502 4231 605 4316 ὅμοιον
616 4236 708 4319 αὐτῷ.
737 4251 784 4319 μεῖ
794 4236 848 4314 τάς
860 4234 979 4325 ἡμέρας,
991 4240 1042 4304 καί
1055 4234 1107 4304 ἐάν
1119 4245 1246 4325 χρονίσω
1258 4244 1344 4341 μέγα,

106 4319 185 4380 ’ίκαί
209 4323 261 4383 νῦν
277 4312 356 4402 κύριε
374 4317 412 4382 οὐ
429 4317 478 4384 διδι
496 4324 634 4403 πορνείαν
651 4316 709 4397 ἐγώ
738 4317 952 4404 ὀδυνηθ’σεται
978 4323 1053 4388 λιάν.
1092 4323 1170 4387 6καί
1193 4325 1344 4406 ἐπορευθη

105 4395 247 4501 λαμβάνω
272 4400 325 4465 τ“ν
350 4399 477 4485 ἀδελφήν
504 4426 561 4481 μου
587 4398 708 4486 ταύτην,
732 4349 882 4488 Ῥαφαήλ,
899 4410 950 4471 καὶ
963 4405 1094 4488 ηὐλίσθη
1105 4402 1191 4484 παρά
1202 4401 1344 4489 Γαβαήλ,

104 4479 184 4548 ἄλλα
209 4479 251 4546 ἐπ’
274 4430 416 4567 ἀληθείας
433 4485 571 4560 ἐπίταξον
592 4485 711 4580 ἐλεήσαί
737 4489 786 4552 καί
805 4488 912 4552 ἔδωκεν
929 4487 1015 4570 αὐτῷ
1032 4486 1067 4551 τὸ
1080 4493 1283 4571 χειρόγραφον.
1310 4481 1345 4627 (ἒς

1333 4592 1347 4627 Q
