2924 4972
518 236 770 309 ΒΑῬΟΥΧ
808 245 985 324 Κεφ.α’.·ί.
1291 245 1357 311 867

105 357 223 438 Ἰούδα,
241 365 293 426 καὶ
308 361 409 444 ἔκειρεν
422 358 530 436 αύτδν,
542 364 595 425 καί
607 357 711 450 ἐξάγα-
749 364 840 446 λακῆς
854 358 965 434 αύτοῦ,
991 361 1044 423 καί
1060 359 1162 442 ἤσθιεν
1182 360 1276 446 άρτον
1293 363 1359 425 δια·

106 470 156 524 γεν
174 444 268 511 αὐτὸν
293 448 322 521 ἐξ
345 449 438 517 οἰκίας
456 435 490 526 ἧς
518 439 712 524 ἐφυλάσσετο,
749 446 862 520 παντὸς
874 441 953 508 κατὰ
968 437 1130 527 πρόςωπον
1148 443 1244 509 αὐτοῦ
1258 442 1360 520 πάσας

108 531 138 571 ³²
149 532 201 594 καὶ
215 525 354 610 ἐλάλησεν
368 524 454 609 αύτῷ
465 523 598 611 χρηστά,
619 529 671 592 καί
683 531 715 591 δ’·
750 528 804 604 τὰς
818 523 945 632 ἡμέρας,
971 522 1007 600 ἃς
1021 528 1112 607 έζησε.
1138 525 1170 567 ³⁴
1189 529 1240 591 καὶ
1257 525 1276 611 ἢ
1291 526 1357 593 σύν-

108 612 184 678 δωκε
202 610 254 677 τὸν
275 607 391 694 θρόνον
414 609 511 674 αὐτοῦ
531 607 635 675 ε’πάνω
654 615 715 675 τῶν
750 616 831 690 ταξις
850 613 936 692 αυτῷ
953 609 1067 675 ἐδίδοτο
1089 607 1252 684 διαπαντὸς
1271 608 1358 696 παρὰ

109 689 257 760 βασιλέων
269 698 329 757 τῶν
339 691 397 775 μετ’
414 694 509 758 αύτοῦ
522 694 714 778 ένΒαβυλῶ-
750 701 807 762 τοῦ
823 692 970 783 βασιλέως
988 692 1178 778 Βαβυλῶνος
1197 693 1227 766 ἐξ
1247 688 1359 777 ἡμέρας

110 803 150 852 νι,
176 779 261 841 33καί
274 775 379 860 ἤλλαξε
397 777 452 862 τὴν
466 773 578 859 στολὴν
590 783 644 860 τῆς
657 802 715 857 φυ-
750 785 790 856 εἰς
803 777 931 867 ἱμιίραν,
943 781 1000 852 ἕως
1013 771 1122 862 ἡμέρας
1134 766 1168 860 ἦς
1181 769 1345 840 ύπίθανεν.

406 1086 1048 1196 ΒΑΡΟΥΧ.

296 1277 370 1336 ΚΒ
384 1277 423 1336 Φ.
466 1268 523 1337 A'.
752 1281 819 1360 ρίου
843 1268 1083 1356 ὁλοκαυτώματα
1106 1273 1158 1336 καί
1177 1271 1245 1354 περὶ
1261 1267 1359 1355 ἁμαρ·

109 1322 195 1422 Καὶ
207 1345 295 1420 ούτοι
309 1360 340 1421 οἱ
352 1351 437 1434 λόγοι
450 1362 508 1422 τοῦ
518 1359 649 1445 βιβλίου,
664 1355 716 1433 οῦς
752 1364 827 1434 τίας,
841 1358 892 1422 καὶ
906 1357 1038 1443 λίβανον,
1063 1358 1116 1420 καί
1126 1350 1269 1439 ποιήσατε
1280 1348 1358 1456 μάν-

109 1444 223 1522 έγραφε
248 1439 375 1523 Βαροὺχ
397 1440 459 1516 υἱὸς
480 1445 622 1528 Νηρίου,
651 1445 716 1506 υἱοῦ
752 1467 800 1516 να,
813 1438 1014 1505 καὶἇνοίσατε
1028 1443 1078 1505 ἐπὶ
1090 1436 1127 1504 τὸ
1139 1448 1359 1522 θυσιαστηρισν

110 1529 293 1599 Μαασαίου,
306 1526 373 1587 υἱοῦ
385 1525 533 1600 Σεδεκίου,
546 1529 615 1590 υἱοῦ
623 1522 715 1589 Ἀσα-
752 1530 853 1610 κυρίου
865 1528 921 1588 τοῦ
935 1527 1009 1589 θεοῦ
1022 1521 1116 1607 ἡμῶν,
1140 1523 1222 1586 11καί
1233 1516 1360 1606 προςεύ-

109 1609 192 1683 δίου,
220 1608 287 1671 υἱοῦ
311 1605 460 1684 Χελκίου,
488 1610 519 1673 ἐν
544 1608 715 1693 Βαβυλῶνι,
751 1613 843 1685 ξασθε
861 1609 929 1690 περὶ
952 1611 1004 1691 τῆς
1023 1610 1100 1688 ζωῆς
1119 1599 1360 1713 Ναβονφοδονό-

109 1694 170 1755 λέν
188 1695 232 1774 τῷ
251 1693 308 1754 ε”τει
324 1693 369 1772 τῶ
387 1693 529 1774 πέμπτῳ,
556 1695 586 1755 έν
603 1688 714 1778 ἑβδόμη
751 1717 807 1776 ουρ
820 1690 964 1778 βασιλέως
976 1690 1174 1776 Βαβυλῶνος,
1186 1715 1237 1753 και
1249 1689 1359 1794 είςξιο-

109 1779 165 1839 τοῦ
178 1769 278 1857 μηνός,
289 1776 321 1838 ἐν
334 1777 379 1856 τῶ
391 1778 505 1859 καιρῷ,
519 1766 545 1859 ᾧ
559 1776 673 1862 ἔλαβον
684 1763 715 1840 δὶ
750 1773 787 1858 ὴν
804 1771 977 1858 Βαλτάσαρ
995 1777 1063 1838 υἱοῦ
1081 1770 1190 1846 αύτοῦ,
1216 1776 1266 1836 ἰ’να
1285 1794 1358 1836 ωοιν

110 1858 263 1923 Χαλδαῖοι
280 1855 333 1960 τύρν
348 1853 558 1984 Ἰερουσαλὶρμ,
584 1862 635 1923 καί
652 1862 714 1924 ένέ-
750 1862 783 1924 αἱ
804 1856 909 1943 ἡμέραι
933 1858 1035 1921 αὐτῶν
1058 1852 1098 1931 ῶς
1121 1861 1154 1920 αἱ
1176 1853 1284 1958 ἡμέραι
1300 1859 1358 1921 τού

108 1966 227 2026 πρησαν
244 1938 339 2023 αύτην
356 1943 388 2005 ἒν
400 1947 482 2027 πυρί.
537 1945 588 2007 καί
599 1940 714 2020 ἀνέγνω
750 1940 883 2026 ούρανοῦ
896 1944 948 2006 ἐπὶ
959 1944 1010 2024 τῆς
1022 1943 1082 2022 γῆς.
1109 1942 1192 2004 12καὶ
1204 1939 1290 2003 δωσει
1301 1933 1357 2003 κύ·

108 2023 235 2111 Βαρούχ
248 2023 317 2098 τοὺς
327 2020 434 2101 λόγους
446 2029 502 2090 τοῦ
513 2027 629 2114 βιβλίου
641 2021 714 2093 τού-
749 2052 811 2112 ρισς
826 2025 907 2110 ἰσχύν
924 2021 1005 2129 ἡμῖν,
1031 2025 1082 2087 καί
1099 2029 1219 2104 φωτίσει
1238 2022 1309 2097 τούς
1323 2021 1358 2087 ὄ-

107 2135 164 2175 του
177 2113 207 2174 ἐν
222 2107 296 2173 ὠσίν
311 2107 466 2190 Ἰεχονίου,
493 2112 562 2175 υἱοῦ
577 2109 714 2192 Ἰωακεὶμ
748 2106 907 2191 φθαλμούς
932 2112 1097 2191 ημῶν,καὶ
1121 2102 1271 2190 ζησόμεθα
1295 2102 1356 2171 ῦπδ

108 2191 255 2279 βασιλέως
264 2187 379 2265 Ἰούδα,
404 2194 456 2254 καί
476 2195 506 2255 ἐν
527 2192 585 2256 ῶσὶ
597 2193 713 2265 παντὸς
748 2192 803 2274 τὴν
817 2191 902 2257 σκιὰν
921 2187 1197 2292 Ναβουφοδονόσορ
1210 2188 1356 2275 βασιλέως

110 2279 166 2340 τοῦ
188 2275 263 2338 λαοῦ
284 2276 346 2335 τῶν
374 2276 539 2356 ἐρχομένων
561 2272 637 2358 πρὸς
661 2275 714 2357 τὴν
748 2275 951 2361 Βαβυλῶνος,
964 2275 1015 2335 καί
1028 2271 1088 2336 υπὸ
1101 2269 1156 2354 τὴν
1170 2270 1357 2335 σκιδνΒαλ-

108 2357 228 2442 βίβλου,
264 2354 348 2418 4καί
365 2356 396 2417 ἒν
413 2353 471 2418 ῶσί
490 2360 554 2419 τῶν
566 2356 713 2431 δυνατῶν,
747 2352 846 2440 τάσαρ
868 2358 934 2418 υἱοῦ
950 2351 1063 2427 αύτοῦ,
1089 2355 1140 2417 καί
1163 2349 1358 2435 δουλεύσομεν

109 2442 161 2503 καὶ
184 2441 259 2502 υἱῶν
276 2441 337 2501 τῶν
356 2437 516 2523 βασιλέων,
541 2441 592 2503 καὶ
610 2441 642 2502 ἒν
660 2438 715 2505 ῶοί
748 2437 852 2514 αὐτοῖς
864 2434 974 2521 ἡμέρας
986 2436 1119 2511 πολλὰς,
1133 2439 1185 2500 καὶ
1197 2432 1357 2522 εὑρήσομεν

109 2528 169 2587 τῶν
180 2523 396 2607 πρεσβυτέρων,
422 2523 473 2584 καὶ
487 2522 518 2586 ἐν
531 2519 588 2587 ῶσὶ
599 2520 715 2598 παντὸς
747 2519 833 2607 χάριν
846 2527 980 2587 ἐναντίον
992 2519 1101 2585 αὐτῶν.
1126 2520 1154 2560 ¹³
1168 2522 1220 2583 καί
1231 2516 1358 2605 προςνύ-

109 2612 164 2672 τού
177 2606 270 2680 λαοῦ,
296 2603 359 2668 ἀπὸ
377 2610 483 2687 μικροῦ
502 2608 558 2679 ἕως
574 2601 713 2687 μεγάλου,
749 2607 842 2680 ξαοθε
865 2608 933 2688 περὶ
958 2599 1043 2686 ἢμῶν
1068 2601 1145 2687 πρὸς
1172 2598 1276 2688 κύριον
1301 2600 1357 2667 τὸν

109 2688 233 2755 πάντων
246 2692 307 2752 τῶν
325 2684 545 2752 κατοικούντων
562 2693 593 2752 ἐν
605 2692 713 2773 Βαβυ-
748 2688 821 2752 θεὸν
835 2686 932 2771 ἡμῶν,
959 2686 1008 2750 ὅτι
1025 2682 1191 2770 ἡμάρτομεν
1206 2690 1251 2768 τῷ
1264 2691 1357 2771 κυρίῳ

109 2773 181 2837 λῶνι
195 2775 245 2836 ἐπὶ
256 2774 397 2851 ποταμοῦ
410 2766 501 2834 Σούδ.
529 2772 600 2835 6καὶ
612 2771 713 2835 ἔκλαι-
750 2776 811 2855 θεῷ
825 2772 917 2855 ἡμῶν,
930 2772 981 2833 καί
994 2767 1050 2833 οῦκ
1064 2768 1248 2874 ύπέοτρεφεν
1264 2765 1357 2834 ὁθυ·

110 2880 156 2932 ον,
170 2856 221 2919 καὶ
234 2850 398 2937 ἐνήστευον,
425 2854 476 2917 καὶ
488 2852 614 2938 ηῦχσντο
627 2857 713 2919 ἕναν-
749 2855 805 2939 μδς
817 2860 920 2937 κυρίου
938 2855 988 2918 καί
1005 2851 1024 2939 ἢ
1045 2851 1121 2938 ὀργὴ
1140 2857 1236 2919 αυτοῦ
1253 2849 1304 2932 ἀφ’
1320 2849 1358 2936 ἢ·

108 2948 175 3004 τίον
188 2944 309 3022 κυρίου,
336 2938 351 2979 ⁶
364 2939 414 3000 καί
432 2935 602 3021 συνήγαγον
621 2936 714 3020 ῦργύ-
749 2944 828 3020 μῶν,
854 2943 910 3013 ἕως
922 2942 973 3020 τῆς
984 2933 1094 3041 ἡμέρας
1106 2932 1225 3020 ταύτης.
1262 2936 1292 2979 ¹⁴
1305 2937 1358 3000 καί

109 3049 184 3107 ριον,
197 3019 278 3086 καθὸ
301 3015 430 3084 ἑκάστου
451 3019 582 3104 ἠδύνατο
604 3020 622 3106 ἡ
644 3029 712 3107 χείρ.
751 3018 957 3100 ἀναγνῶσισθε
969 3047 1006 3088 το
1017 3021 1130 3107 βιβλίον
1143 3025 1237 3085 τοῦτο
1250 3015 1269 3085 δ
1281 3019 1356 3084 ἀπε-

109 3108 177 3171 7καὶ
191 3104 369 3171 ἀπέστειλαν
382 3108 421 3179 είς
428 3102 624 3191 Ἰερουσαλὴμ
636 3105 714 3209 πρὸς
751 3106 902 3189 στείλαμεν
913 3104 991 3189 πρὸς
1004 3106 1081 3188 ὑμᾶς
1086 3153 1097 3180 ,
1123 3105 1314 3188 ἐξαγορεῦσαι
1326 3107 1358 3167 έν

105 3190 242 3273 Ἰωακεὶμ
255 3188 321 3253 υἱόν
335 3187 483 3264 Χελκίου,
508 3192 576 3253 υἱοῦ
588 3189 713 3272 Σαλωμ,
750 3192 823 3274 οἴκῳ
836 3194 955 3273 κυρίου,
975 3192 1008 3255 ἒν
1022 3186 1117 3274 ἡμέρᾳ
1130 3190 1249 3274 ἑορτῆς,
1261 3189 1313 3253 καί
1326 3191 1357 3252 ἓν

107 3272 161 3338 τόν
184 3276 273 3357 ἱερέα,
298 3274 349 3336 καὶ
370 3271 447 3358 πρὸς
466 3273 536 3348 τοῦς
559 3275 715 3359 ἱερεῖς,καὶ
749 3271 871 3359 ἡμέραις
882 3278 999 3356 καιροῦ,
1025 3274 1221 3357 15καὶέρεῖτε.
1246 3276 1357 3351 τῷκυ-

107 3354 185 3443 πρὸς
197 3354 297 3421 πάντα
309 3353 362 3421 τὸν
379 3354 467 3430 λαὸν,
493 3355 566 3431 τοὺς
577 3355 713 3443 εύρεθέν-
748 3364 805 3441 ρίῳ
818 3361 882 3438 θεῷ
902 3355 986 3440 ἡμῶν
1003 3353 1022 3437 ἡ
1035 3351 1218 3435 δικαιοσύνη,
1243 3354 1312 3452 ἡμῖν
1323 3352 1357 3415 δὲ

107 3465 162 3514 τας
181 3439 238 3519 μετ’
262 3438 360 3503 αὑτοῦ
378 3442 409 3501 ἐν
416 3434 624 3522 Ἰερουσαλὴμ,
651 3441 715 3504 Ι’ἓν
748 3442 869 3540 αίσχίνφ
887 3442 950 3501 τῶν
968 3432 1148 3519 προςιόπων,
1163 3434 1205 3509 ῶς
1223 3434 1241 3517 ἡ
1258 3437 1356 3518 ημέρα

108 3527 152 3602 τῷ
166 3521 265 3605 λαβεῖν
282 3518 376 3584 αὐτὸν
393 3518 433 3582 τὰ
453 3515 542 3601 σκεύη
559 3523 642 3584 οίκου
661 3546 711 3583 κυ-
748 3517 836 3602 αῦτη,
849 3514 1008 3600 ανθρῶπῳ
1018 3515 1133 3592 Ἰούδα,
1143 3519 1194 3580 καί
1207 3527 1270 3591 τοῖς
1280 3541 1355 3581 κατ-

128 3610 188 3678 ίου,
215 3598 254 3666 τύ
279 3602 465 3684 ἐξενεχθέντα
489 3603 520 3663 ίκ
545 3606 600 3665 τοῦ
625 3605 713 3676 ναοῦ,
749 3606 879 3667 οικοῦσιν
888 3599 1079 3684 Ἰερουσαλὴμ
1084 3649 1095 3677 ,
1120 3600 1149 3642 ¹⁶
1161 3602 1213 3664 καί
1224 3611 1290 3675 τοῖς
1300 3603 1355 3686 βα-

108 3688 303 3770 αποστρέφαι
316 3689 353 3758 εἰς
364 3687 419 3784 γίφν
428 3678 540 3756 Ἰούδα,
553 3689 590 3777 τῇ
604 3679 713 3766 δεκάτη
749 3683 873 3751 σιλεῦσιν
891 3681 992 3769 ἡμῶν,
1017 3686 1068 3748 καί
1083 3694 1147 3758 τοῖς
1166 3680 1355 3770 άρχουσινῆ-

107 3775 164 3835 τοῦ
177 3767 316 3842 Σειουύιλ,
331 3792 418 3848 σκευιγ
432 3765 560 3850 ἀργυρᾶ,
574 3763 596 3830 ἃ
608 3761 712 3850 ίπσίιβ-
746 3770 827 3848 μῶν,
842 3768 893 3832 καί
905 3778 970 3843 τοῖς
983 3771 1107 3851 ἱερεῦσιν
1119 3764 1217 3850 ἡμῶν,
1228 3769 1280 3831 καί
1291 3779 1355 3844 τοῖς

109 3879 138 3919 σε
150 3855 287 3925 Σεδεκίας
300 3848 362 3924 υἱὸς
372 3849 475 3914 Ἰωσία
485 3848 621 3936 βασιλεῦς
632 3849 714 3915 Ἰού·
747 3847 916 3935 προφήταις
931 3848 1031 3954 ἡμῶν,
1055 3851 1106 3916 καί
1118 3863 1183 3925 τοῖς
1200 3847 1355 3936 πατράσιν

108 3939 155 4013 δα,
180 3940 196 3981 ⁹
208 3932 281 4019 μετὰ
294 3932 331 3999 τὸ
346 3933 501 3999 ἀποικίσαι
513 3934 712 4019 Ναβουχοδο-
748 3932 837 4020 ἡμῶν,
850 3936 876 3977 ¹⁷
890 3927 933 3999 ῶν
945 3930 1114 4019 ημάρτομεν
1130 3937 1228 4000 ἔναντι
1241 3940 1355 4019 κυρίου,

107 4018 199 4107 νύσορ
217 4019 343 4108 βασιλέα
357 4018 544 4104 Βαβυλῶνος
561 4016 614 4084 τὸν
624 4019 713 4103 Ἰεχο-
748 4020 776 4062 ¹⁸
790 4020 842 4084 καὶ
853 4016 1055 4103 ἢπειθύσαμεν
1067 4017 1167 4100 αύτῷ,
1184 4021 1237 4085 καί
1250 4018 1305 4084 ούκ
1318 4016 1355 4122 ᾗ·

107 4111 183 4178 νίαν,
197 4108 248 4170 καὶ
261 4101 505 4187 τούςάρχοντας,
518 4103 653 4177 καὶτοὺς
666 4105 712 4169 δε·
748 4099 899 4188 κούοαμεν
913 4107 966 4185 τῆς
983 4106 1082 4188 φωνῆς
1099 4108 1205 4189 κυρίου
1222 4105 1300 4167 θεοῦ
1316 4129 1353 4186 η-

107 4184 240 4270 σμιύτας,
264 4189 317 4251 καὶ
335 4187 406 4261 τούς
425 4185 582 4260 δυνατούς,
596 4186 713 4251 καὶτὸν
747 4191 829 4269 μῶν,
866 4183 1048 4267 πορεύεσθαι
1060 4197 1124 4262 τοῖς
1147 4182 1355 4272 προςτύγμασι

106 4268 181 4336 λαὸν
201 4275 254 4353 τῆς
274 4275 328 4371 γῖρς
348 4267 412 4336 ἀπὸ
431 4267 637 4353 Ἰερουσαλὴμ,
663 4271 713 4334 καί
747 4275 868 4355 κυρίου,
895 4271 938 4345 οἷς
951 4270 1040 4335 ἔδωκε
1053 4268 1132 4335 κατὰ
1143 4266 1304 4354 πρόςωπον
1316 4264 1354 4350 ἢ·

107 4352 214 4437 ἤγαγεν
236 4351 331 4418 αὐτον
354 4358 393 4428 εἰς
410 4352 592 4439 Βαβυλῶνα.
619 4356 648 4396 ¹⁰
662 4354 714 4417 καί
746 4357 828 4433 μῶν,
851 4350 1028 4438 19σίπὸτῆς
1048 4351 1158 4438 ἡμέρας
1182 4345 1215 4433 ἧς
1232 4350 1353 4434 ἐξήγαγε

107 4435 200 4501 εἶπαν.
242 4433 308 4502 ἰδού
322 4432 533 4518 ἀπεστείλαμεν
548 4433 625 4521 πρὸς
638 4434 714 4518 ὑμᾶς
746 4432 847 4522 κύριος
858 4437 930 4514 τούς
943 4433 1077 4523 πατέρας
1090 4435 1176 4527 ἡμῶν
1187 4439 1219 4498 ἐκ
1230 4433 1352 4516 γῆςΑί·

106 4515 263 4607 ἀργύριον,
288 4519 340 4584 καί
356 4515 527 4605 ἀγοράσατε
548 4527 602 4588 τού
620 4519 714 4607 ἄργυ-
745 4517 881 4672 γύπτρυ,
906 4524 959 4595 καί
977 4525 1030 4595 ἕως
1049 4523 1101 4602 τῆς
1120 4514 1229 4603 ἡμερας
1240 4511 1355 4623 τρύτης

846 4609 874 4671 ii
894 4632 915 4674 ο
1251 4610 1353 4683 ημεθα
