2924 4972
148 203 211 270 ιιι
247 203 735 268 πΑΡΑΛΕιποΜσΝΩΝ
754 164 968 264 πνιιποιυ
990 197 1184 282 κεφαλαί
1198 200 1247 266 18.
1261 203 1312 266 ιο.

146 312 334 398 πιστωθῆτω
347 308 622 398 καὶμεγαλυνθύτω
635 313 671 377 τὸ
685 313 756 378 ὅνο·
791 315 888 377 αὐτοῦ
912 313 988 398 πρὸς
1011 311 1203 400 τὸνβασιλέα
1223 315 1324 379 Δαυὶδ
1342 320 1402 380 τοῦ

148 399 188 486 μά
203 426 257 466 σου
271 404 326 474 ἕως
344 403 463 476 αἰῶνος,
489 393 650 475 λεγόντων,
677 393 757 483 κύριε
790 400 938 483 ἐρωτῆσαι
963 393 1057 461 αὐτὸν
1080 395 1120 462 τὰ
1139 401 1178 470 εἷς
1197 395 1325 482 εἰρήνην,
1350 401 1403 464 καὶ

148 481 227 569 κύριε
240 507 354 548 παντοκ
375 477 439 545 άτω
471 479 543 554 θεὸς
553 477 688 564 Ἰσραὴλ,
706 482 757 544 καί
791 484 846 545 τοῦ
867 477 1022 563 εὐλογῆσαι
1038 477 1130 545 αὐτὸν
1149 476 1223 565 ὑπὲρ
1243 474 1279 544 ού
1293 481 1404 547 ἐπολεὶ·

150 566 167 634 5
183 567 265 642 οίκος
276 508 373 631 Δαυὶδ
383 507 491 638 παιδός
503 589 557 627 σου
571 560 755 649 άνωρθωμὲ-
789 588 861 646 μησε
873 562 926 626 τὸν
937 561 1106 667 Ἀδρααζδιρ
1123 564 1175 626 καὶ
1187 560 1330 641 ἐπάταξεν
1343 563 1404 630 αὖ·

147 677 197 726 νος
214 655 344 715 ἐναντίον
363 674 424 712 σου.
450 649 479 690 ²⁵
493 644 540 710 ὅτι
560 644 597 710 σὺ
620 643 720 731 κύριος
739 642 756 709 ὁ
791 646 859 722 τὸν,
886 642 934 709 ὅτι
951 644 1026 732 άνηρ
1044 647 1184 730 πολέμιος
1206 645 1280 712 Θωὰ
1297 637 1335 732 ἦν
1352 652 1404 732 τῶ

148 732 220 809 θεός
237 761 295 817 μου
313 732 430 816 ἤνοιξας
451 726 488 795 τὸ
506 721 559 804 ούς
576 734 632 796 τοῦ
651 725 757 804 παιδός
785 725 963 814 Ἀδρααζάρ.
1002 732 1054 795 καὶ
1074 726 1173 795 πάντα
1192 729 1231 795 τά
1251 728 1340 816 σκεύη
1361 732 1403 797 τά

150 845 206 883 σου
219 822 275 882 τοῦ
285 817 478 897 οἰκοδομῆσαι
492 812 577 896 αὐτῶ
591 812 689 886 οἶκον,
708 813 758 877 διὰ
789 816 898 898 χρυσᾶ,
913 814 1016 878 καὶτὰ
1029 811 1157 899 άργυρᾶ,
1176 817 1227 878 καὶ
1240 814 1280 879 τὰ
1291 816 1402 899 χαλκᾶ,

148 906 240 966 τοῦτο
256 892 336 985 εὗρεν
349 895 366 962 5
380 908 451 973 παῖς
465 924 520 962 σου
530 901 587 961 τοῦ
596 892 758 979 προςεύξα-
790 902 815 938 ¹¹
821 896 871 961 καί
884 901 982 961 ταῦτα
995 894 1113 982 ἡγίασεν
1125 894 1142 961 ὁ
1155 897 1293 984 βασιλεὺς
1303 900 1402 963 Δαυὶδ

151 995 225 1049 σθαι
240 982 318 1048 κατὰ
332 976 496 1087 πρόςωπόν
508 1006 573 1045 σου.
600 982 631 1023 ²⁶
644 983 695 1044 καὶ
708 984 758 1044 νῦν
790 984 834 1064 τῷ
848 986 941 1065 κυρίῳ
958 982 1031 1086 μετὰ
1048 986 1104 1044 τοῦ
1124 979 1267 1066 ἀργυρίου
1279 983 1400 1047 καὶτοῦ

149 1063 228 1152 κύριε
247 1064 284 1131 σὺ
297 1066 325 1130 εἶ
334 1062 425 1140 αυτὸς
437 1063 523 1138 θεὸς,
548 1063 758 1146 καὶέλάλνχσας
790 1070 913 1148 χρυσίου
939 1090 975 1128 ου
1001 1064 1107 1150 ἔλαβεν
1132 1067 1164 1127 ἐκ
1190 1061 1313 1130 πάντων
1338 1069 1401 1128 τῶν

149 1156 200 1216 ἐπὶ
217 1148 270 1214 τὸν
287 1143 396 1232 δοῦλόν
408 1173 461 1213 σου
478 1145 518 1211 τά
532 1145 639 1223 ἀγαθά
652 1151 757 1211 ταῦτα.
791 1151 902 1222 ἐθνῶν,
920 1149 951 1222 ἐξ
965 1145 1143 1230 Ἰδουμαίας,
1157 1150 1208 1212 καί
1221 1146 1336 1228 Μωίιβ,
1348 1152 1401 1213 καί

150 1236 235 1297 27καὶ
248 1238 299 1297 νῦν
311 1233 398 1317 ἦρξαι
411 1234 466 1296 τοῦ
479 1228 637 1313 εὐλογῆσαι
647 1226 701 1295 τὸν
711 1228 758 1294 οῖ-
791 1233 822 1306 ἐξ
834 1232 906 1293 υἱῶν
918 1227 1050 1313 Ἀμμῶν,
1076 1233 1126 1294 καὶ
1143 1233 1176 1294 ἐκ
1191 1236 1251 1296 τῶν
1264 1227 1401 1311 ἀλλοφύ-

149 1322 270 1383 κοντοῦ
283 1311 389 1389 παιδός
403 1340 458 1379 σου
464 1362 474 1389 ,
499 1318 554 1378 τοῦ
568 1313 640 1379 εἶναι
654 1317 692 1388 εἷς
706 1313 759 1378 τὸν
790 1313 865 1389 λων,
890 1315 941 1377 καὶ
958 1317 989 1390 ἐξ
1001 1310 1144 1397 Ἀμαλήκ.
1182 1317 1210 1355 ¹²
1222 1317 1273 1378 καὶ
1293 1313 1401 1401 Ἀβεσίι

151 1405 247 1465 αἰῶνα
266 1402 399 1465 ἐναντίον
416 1423 480 1461 σου.
508 1392 554 1460 ὅτι
569 1397 606 1461 σὺ
620 1391 698 1484 κύριε
711 1395 760 1460 εύ-
793 1395 855 1471 υἱὸς
864 1399 1018 1479 Σαρουίας
1027 1393 1154 1472 ἐπάταξε
1165 1396 1219 1480 τὴν
1228 1396 1401 1482 Ἰδουμαίαν

150 1481 288 1565 λόγχσας,
302 1482 353 1545 καὶ
365 1476 526 1562 εύλόγησον
538 1485 577 1554 εἰς
589 1480 642 1546 τὸν
655 1485 757 1545 αἰῶνα.
792 1483 823 1543 ἐν
835 1480 950 1545 κοιλάδι
963 1485 1024 1544 τῶν
1036 1478 1126 1555 ἁλῶν,
1140 1480 1341 1546 ὀκτωκαίδεκα
1353 1508 1401 1583 χι-

330 1568 404 1626 ΚΕ
417 1568 456 1625 Φ.
501 1559 575 1627 IH'.
791 1562 903 1637 λιάδας.
941 1565 1145 1647 1ς”καὶ·ε’θετο
1172 1568 1202 1627 ἐν
1226 1570 1264 1646 τῆ
1285 1565 1400 1630 κοιλαδι

151 1615 237 1713 Καὶ
250 1649 362 1725 ἐγένετο
372 1642 444 1728 μετά
455 1651 564 1721 ταῦτα,
573 1649 624 1710 καὶ
633 1641 759 1722 ἐπάταξε
792 1644 939 1731 φρουράς,
965 1649 1016 1711 καί
1034 1647 1109 1731 ἦσαν
1126 1645 1232 1722 πάντες
1245 1636 1281 1711 ὀἱ
1300 1646 1399 1713 Ἰδου-

151 1732 252 1798 Δαυὶδ
268 1728 339 1804 τοὺς
352 1727 540 1809 ἀλλοφύλους
559 1732 610 1793 καί
624 1725 758 1809 ἐτροπῶ-
789 1740 876 1813 μαῖοι
888 1731 989 1806 παῖδες
1002 1733 1106 1796 Δανίδ.
1131 1733 1182 1794 καὶ
1199 1734 1286 1809 ἔσωζε
1298 1727 1400 1817 κύριος

152 1840 227 1881 σατο
242 1812 368 1888 αὐτοὺς,
394 1814 446 1876 καὶ
464 1813 555 1898 ἔλαβε
569 1811 760 1877 τ’νΓὲθκαὶ
791 1812 845 1876 τὸν
869 1814 967 1877 Δαυὶδ
991 1818 1022 1878 εἶν
1047 1820 1139 1879 πᾶσιν
1164 1816 1207 1890 οίς
1229 1812 1397 1899 ἐπορεύετο.

149 1901 203 1972 τὰς
213 1893 313 1981 κῶμαι
323 1895 415 1980 αὐτῆς
424 1899 456 1958 ἐκ
468 1897 561 1979 χειρὸς
570 1840 757 1976 ἀλλοφύλων.
790 1897 876 1959 14καὶ
889 1896 1054 1982 ἐβασίλευσε
1064 1899 1160 1962 Λαυὶδ
1168 1902 1216 1963 ἐπὶ
1226 1894 1325 1962 πάντα
1335 1895 1399 1962 Ἰσ-

150 1983 228 2046 2καὶ
253 1975 380 2055 ἐπάταξε
399 1978 453 2061 τὴν
470 1977 589 2063 Μωὰβ,
614 1980 665 2041 καί
683 1969 759 2063 ἦσαν
790 1975 877 2065 ραίχλ,
896 1983 947 2045 καὶ
959 1968 995 2063 ἦν
1007 1986 1106 2045 ποιῶν
1119 1987 1208 2068 κρίμα
1221 1983 1271 2045 καί
1283 1983 1400 2046 δικαιο·

151 2063 259 2150 Μωάβ
269 2065 373 2137 παῖδες
385 2066 429 2145 τῷ
440 2062 537 2125 Δαυὶδ
548 2063 685 2144 φέροντες
698 2062 759 2126 δῶ-
791 2059 880 2145 σύνιχν
898 2067 941 2144 τῷ
963 2065 1055 2127 παντὶ
1080 2063 1145 2147 λαῷ
1172 2065 1275 2129 αὐτοῦ.
1307 2067 1399 2130 15καί

150 2175 199 2236 ρα.
226 2151 303 2213 3καί
317 2141 444 2220 ἐπάταξε
458 2146 555 2210 Δαυίδ
568 2143 759 2231 τὸνἈδραα-
788 2143 880 2231 Ἰωάβ
897 2144 960 2220 υἱὸς
977 2150 1133 2233 Σαρουίας
1157 2151 1208 2213 ἐπὶ
1232 2154 1284 2233 τῆς
1303 2175 1400 2229 στρα-

150 2232 205 2317 ζάρ
217 2231 344 2317 βασιλέα
356 2228 462 2315 Σουβὰ
476 2223 586 2312 Ἡμάθ
598 2232 759 2315 πορευομέ-
790 2233 869 2305 τιᾶς,
894 2230 946 2293 καὶ
967 2226 1122 2312 Ἰωσαφάτ
1143 2232 1206 2307 υίὸς
1224 2229 1362 2316 Ἀχιλούδ
1379 2228 1398 2296 5

150 2341 202 2380 νου
216 2313 311 2378 αὐτοῦ
323 2317 480 2396 ἐπιστᾶσαι
498 2324 581 2396 χεῖρα
600 2311 696 2377 αὐτοῦ
710 2315 759 2377 ἐπὶ
792 2309 1108 2397 ύπομνιχματογράφος,
1120 2317 1205 2379 16καί
1214 2313 1325 2380 Σαδώκ
1336 2319 1398 2390 υἷος

150 2394 287 2481 ποταμὸν
305 2393 476 2481 Εὐφράτην.
506 2396 585 2459 *καὶ
609 2421 758 2481 προκατε-
785 2394 913 2481 Ἀχιτῶβ
934 2398 986 2461 καί
1002 2397 1150 2482 Ἀχιμέλεχ
1169 2400 1232 2474 υἱὸς
1248 2394 1397 2486 Ἀβιάθαρ

150 2479 258 2568 λάβετο
267 2481 365 2546 Δαυὶδ
373 2479 474 2544 αὐτῶν
486 2479 565 2563 χίλια
578 2475 698 2565 άρματα
707 2479 759 2544 καί
791 2484 822 2543 οἱ
831 2484 923 2565 ἱερεῖς,
934 2483 984 2544 καὶ
993 2479 1099 2545 Σουσά
1107 2482 1304 2567 γραμματεὺς,
1313 2484 1398 2547 17καί

150 2565 228 2631 ἑπτά
240 2561 372 2650 χιλιάδας
384 2568 488 2628 ’ίππων
497 2565 548 2627 καί
560 2564 651 2628 εἴκοσι
663 2559 758 2648 χιλιά-
791 2569 928 2638 ,Βαναίας
946 2563 1009 2639 υίὸς
1022 2561 1128 2628 Ἰωδαὲ
1145 2569 1195 2630 ε’πὶ
1211 2573 1266 2632 τοῦ
1284 2571 1398 2651 Χερεθὶ

150 2652 203 2726 δας
217 2647 333 2733 ἀνδρῶν
345 2650 449 2722 πεζῶν.
468 2648 520 2711 καὶ
531 2647 680 2731 παρέλυσε
692 2652 757 2711 Aa·
789 2649 839 2711 καί
857 2651 905 2712 ἐπὶ
923 2652 977 2711 τοῦ
997 2647 1116 2713 Φελεθί.
1147 2652 1199 2714 καὶ
1223 2653 1283 2715 υἱοὶ
1299 2651 1397 2716 Δαυίδ

148 2736 197 2799 υἰδ
208 2727 309 2796 πάντα
322 2729 360 2794 τά
374 2727 505 2815 ἅρματα,
523 2734 574 2795 καὶ
588 2727 758 2794 ὑπελείπετο
789 2735 819 2794 οῖ
830 2735 947 2815 πρῶτοι
961 2726 1095 2816 διάδοχοι
1108 2737 1166 2798 τοῦ
1165 2733 1332 2880 βασιλέως.

149 2819 180 2892 ἐξ
194 2813 295 2879 αὐτῶν
308 2810 414 2878 ἑκατὸν
427 2810 560 2897 ἅρματα,
594 2815 671 2876 5καὶ
683 2803 758 2896 ἦλθε
971 2820 1046 2878 ΚΕ
1060 2822 1097 2880 (Ι).
1142 2824 1163 2880 Ι
1197 2813 1215 2879 ‘.

148 2895 249 2984 Σύρος
259 2900 291 2961 ἐκ
299 2902 465 2978 Δαμασκοῦ
472 2892 756 2983 βοηθῆσαιᾌδραα·
789 2862 875 2959 Καὶ
901 2897 1014 2973 ἐγένετο
1041 2900 1114 2982 μετὰ
1138 2904 1234 2964 ταῦτα
1261 2897 1396 2967 άπίθανε

149 2983 203 3067 ζάρ
216 2981 330 3068 βασιλεῖ
339 2978 456 3067 Σουβά,
480 2982 533 3044 καί
549 2976 677 3054 ἐπάταξε
691 2985 756 3043 Aa·
789 2976 879 3054 Ναᾶς
891 2980 1027 3065 βασιλεὺς
1040 2981 1247 3065 υἱῶνἈμμῶν,
1261 2986 1312 3049 καὶ
1324 2987 1396 3070 ε’βα-

148 3069 196 3131 υὶδ
208 3071 238 3130 ἐν
250 3071 294 3149 τῷ
308 3062 400 3146 Σύρῳ
420 3064 510 3128 εἴκοσι
524 3064 574 3126 καί
587 3062 642 3127 δύο
662 3057 756 3147 χιλιά-
789 3061 1010 3130 σίλευσενἈνάν
1022 3064 1085 3140 υίὸς
1099 3063 1193 3129 αὐτοῦ
1207 3064 1268 3129 ἀντ’
1285 3065 1392 3129 αὐτοῦ.

148 3151 202 3225 δας
216 3147 339 3232 ἀνδρῶν.
358 3147 439 3209 ὃκαὶ
452 3149 539 3208 ἔθετο
552 3146 649 3209 Δαυίδ
661 3171 755 3231 φρου-
788 3149 866 3211 2καὶ
884 3146 946 3211 εἷπε
960 3149 1062 3212 Δανίδ.
1089 3143 1203 3228 ποιήσω
1221 3146 1393 3227 ἑλεοςμετά

148 3231 204 3313 ράν
222 3237 253 3298 ἐν
266 3235 364 3314 Συρίᾳ
376 3232 415 3311 τῆ
427 3225 506 3291 κατὰ
516 3226 690 3310 Δαμασκὸν,
704 3230 754 3294 καὶ
781 3229 870 3295 Ἀνάν
882 3235 949 3295 υἱοῦ
957 3229 1057 3305 Ναάς,
1068 3225 1108 3302 ῶς
1117 3231 1253 3310 ἐποίησεν
1262 3224 1280 3289 5
1289 3226 1390 3312 πατὴρ

147 3315 222 3401 ἦσαν
241 3321 286 3399 τῴ
304 3302 403 3379 Δαυὶδ
418 3316 457 3387 είς
474 3313 586 3388 παῖδας
609 3315 755 3396 φέροντας
787 3311 881 3378 αὐτοῦ
892 3311 949 3397 μετ’
964 3315 1037 3394 ἐμοῦ
1051 3311 1141 3386 ἕλεος.
1161 3311 1213 3374 καὶ
1225 3307 1390 3374 ἀπέστειλεν

147 3405 239 3486 δῶρα.
263 3400 314 3463 καὶ
326 3401 417 3463 ἔσωσε
429 3392 529 3482 κύριος
543 3398 639 3461 Δαυὶδ
649 3400 680 3461 ἐν
693 3401 755 3462 ποῖ-
787 3395 928 3475 άγγίλους
937 3396 1035 3460 Δαυὶδ
1047 3399 1102 3461 τοῦ
1114 3394 1323 3480 παρακαλέσαι
1334 3391 1390 3458 αύ-

148 3511 192 3550 σιν
211 3483 254 3558 οἷς
272 3477 435 3586 ἐπορεύετο.
459 3482 536 3544 7καλ
555 3480 647 3567 ἔλαβε
660 3482 755 3545 Δαυίδ
787 3480 839 3543 τὸν
855 3482 924 3566 περὶ
941 3484 997 3545 τοῦ
1015 3480 1131 3567 πατρὸς
1145 3478 1247 3545 αὐτοῦ.
1274 3481 1324 3542 καὶ
1338 3467 1392 3562 ἧλ-

147 3568 218 3643 τούς
243 3567 363 3640 κλοιονς
389 3562 459 3640 τοὺς
483 3564 611 3648 χρυσοὺς
629 3570 661 3627 οἳ
677 3555 755 3663 ἦσαν
786 3575 847 3628 θον
858 3566 960 3639 παῖδες
970 3566 1067 3631 Δαυίδ
1080 3570 1118 3640 εἰς
1129 3570 1184 3650 γῆν
1197 3568 1268 3630 υἱῶν
1275 3560 1391 3645 Ἀμμῶν

146 3654 196 3715 ἐπὶ
209 3647 280 3722 τοὺς
291 3651 401 3723 παῖδας
416 3645 593 3732 Ἀδρααζάρ,
607 3647 658 3710 καί
671 3646 754 3729 ἢνεγ-
786 3645 861 3731 πρὸς
879 3646 969 3712 Ἀνάν
992 3655 1050 3715 τοῦ
1067 3649 1274 3735 παρακαλέσαι
1292 3643 1391 3712 αὐτόν.

145 3756 195 3797 κεν
214 3729 324 3804 αὐτούς
342 3736 380 3805 εἰς
393 3727 596 3813 Ἰερουσαλήμ.
622 3730 704 3793 8καὶ
722 3733 753 3793 ἐκ
786 3731 859 3794 3καὶ
871 3729 954 3796 εἶπον
964 3730 1102 3816 ἄρχοντες
1111 3738 1183 3798 υἱῶν
1193 3728 1308 3814 Ἀμμιύν
1317 3728 1393 3814 πρὸς

110 3888 113 3895 Ι
146 3818 200 3897 τῆς
225 3813 383 3913 Ματαβὲθ
408 3815 459 3876 καί
482 3816 514 3875 ἐκ
533 3818 595 3877 τῶν
612 3812 754 3877 ἐκλεκτῶν
781 3810 877 3877 Ἀνάν.
903 3812 943 3897 μὴ
957 3812 1087 3890 δοξάζων
1100 3817 1198 3880 Δαυὶδ
1210 3813 1263 3880 τὸν
1276 3817 1394 3898 πατέρα

146 3894 264 3965 πόλεων
283 3921 343 3962 των
363 3894 531 3977 Ἀδρααζάρ
551 3895 641 3979 ἔλαβε
658 3896 756 3959 Δαυίδ
787 3922 842 3960 σου
856 3899 989 3962 ε’ναντίον
999 3923 1053 3960 σου
1067 3897 1224 3963 ἀπέστειλέ
1233 3921 1280 3960 σοι
1292 3922 1394 3977 παρα-

145 3976 255 4064 χαλκὸν
264 3979 361 4042 πολύν
370 3977 498 4062 σφόδρα.
509 3980 538 4052 ἐξ
549 3976 643 4040 αὐτοῦ
654 3981 754 4059 ε’ποίιχ-
786 3980 953 4054 καλοῦντας
957 4007 969 4055 ,-
996 3978 1076 4061 οὐχὶ,
1094 3976 1178 4050 ὅπως
1191 3971 1393 4057 ἐξερευνήσωσι

146 4088 177 4127 σε
190 4059 347 4142 Σαλωμῶν
366 4061 419 4143 τὴν
435 4056 595 4123 θάλασσαν
612 4055 665 4160 τιχν
681 4060 754 4143 χαλ-
785 4062 840 4145 τίχν
852 4058 949 4137 πόλιν,
961 4062 1013 4123 καί
1025 4063 1080 4122 τοῦ
1093 4060 1321 4137 κατασκοπῆσαι
1339 4053 1393 4141 τὴν

145 4150 213 4249 αρν,
239 4147 291 4207 καί
316 4141 385 4216 τούς
402 4139 526 4215 στύλους
544 4143 594 4204 καὶ
610 4166 649 4205 τα
668 4140 753 4227 σκεύη
784 4150 839 4228 γῆν
851 4135 949 4227 ἦλθον
959 4141 1060 4213 παῖδες
1070 4138 1164 4203 αὐτοῦ
1172 4137 1249 4221 πρὸς
1258 4140 1293 4202 σε’
1295 4168 1306 4216 ,-
1320 4139 1392 4208 4καί

279 4231 294 4245 O

145 4253 184 4292 τα
198 4225 303 4329 χαλκα.
321 4227 396 4288 9καί
410 4224 515 4308 ἤκουσε
534 4222 607 4289 Θωὰ
619 4227 754 4311 βασιλεὺς
785 4228 893 4310 ἔλαβεν
909 4221 996 4287 Ἀνάν
1015 4219 1087 4295 τούς
1104 4223 1215 4294 παῖδας
1228 4224 1325 4287 Δαυὶδ
1340 4229 1391 4290 καὶ

142 4311 258 4393 Ἡμαθ,
278 4305 324 4373 ὅτι
339 4302 467 4382 ἐπάταξε
478 4309 576 4372 Δαυὶδ
588 4310 639 4394 τὴν
651 4318 754 4378 πᾶσαν
784 4305 921 4389 ἕξύρχσεν
932 4301 1043 4377 αὐτούς
1058 4306 1109 4367 καί
1129 4302 1230 4384 ἀφεῖλε
1244 4311 1305 4370 τῶν
1316 4335 1391 4389 μαν-

143 4395 265 4477 δίνναμιν
286 4390 456 4476 Ἀδρααζάρ
479 4393 622 4479 βασιλέως
638 4392 752 4482 Σουβά.
785 4393 860 4455 δυῶν
872 4384 974 4452 αὐτῶν
991 4384 1027 4451 τὸ
1042 4382 1128 4469 ἥμισυ
1141 4393 1196 4464 ἕως
1214 4396 1266 4473 τῆς
1279 4389 1390 4497 ἀναβο-

142 4482 171 4524 ¹⁰
185 4482 236 4545 καί
262 4476 417 4543 ἀπέστειλε
443 4476 496 4544 τὸν
516 4475 667 4566 Ἀδουρὰμ
689 4475 754 4542 υίόν
784 4474 845 4555 λῆς,
858 4471 909 4536 καὶ
921 4465 1090 4538 ἀπέστειλεν
1104 4470 1223 4549 αύτούς.
1245 4477 1323 4540 5καί
1336 4474 1390 4559 ιχλ-
1405 4552 1411 4562 ·

1331 4568 1388 4621 θον
