2924 4972
371 275 429 333 ΙΕ
439 272 469 330 Ζ
480 276 507 331 E
519 273 552 331 K
566 273 586 329 l
597 272 634 329 H
641 271 675 328 A
716 271 792 341 Κεφ.
807 262 855 328 κε’.
871 262 924 340 κς’.
938 267 989 330 25.
1003 265 1057 330 26.
1267 269 1332 338 905

266 392 340 450 ΚΕ
355 390 393 447 Φ.
437 380 520 446 ΚΕ’.
728 379 788 464 μάν
799 377 967 462 διωκόμενοι
980 384 1010 443 ἐν
1023 384 1155 463 ῥομφαίᾳ
1165 384 1332 445 πεσοῦνται.

94 438 176 536 Καὶ
193 472 305 545 ἐγένετο
323 462 411 542 λόγος
429 471 534 548 κυρίου
554 461 631 549 πρός
650 462 696 547 μέ,
729 464 758 505 ¹⁴
771 465 822 526 καὶ
845 457 933 526 δώσω
957 462 1036 526 ἐκδίκ
1058 466 1102 526 σίν
1127 487 1186 546 μου
1203 466 1253 527 ἐπί
1277 464 1334 530 τ“ν

94 553 196 631 λέγων.
222 554 237 592 ²
251 549 295 614 υἱὲ
307 545 490 654 ἀνθρώπου,
507 543 647 630 στήρισον
659 543 695 610 τό
726 543 901 628 Ἰδουμαίαν
915 547 946 606 ἐν
959 545 1030 629 χειρί
1039 489 1121 609 λαοῦ
1132 569 1189 624 μου
1201 492 1333 632 Ἰσραήλ,

93 631 254 720 πρόςωπόν
267 656 322 696 σου
334 635 385 696 ἐπι
396 626 467 704 τούς
476 627 558 703 υἱούς
569 628 696 712 Ἀμμών,
729 630 781 691 καί
796 622 969 710 ποιήσουσιν
985 632 1016 692 ἐν
1033 632 1072 718 τῇ
1084 625 1240 711 Ἰδουμαίᾳ
1253 627 1333 695 κατά

91 719 142 782 καί
167 711 373 799 προφήτευσον
399 710 443 778 ἐπ’
468 709 594 788 αύτούς,
619 713 698 776 3καὶ
729 711 786 786 τήν
810 706 903 795 ὀργήν
926 734 983 791 μου
1000 707 1147 775 καὶκατὰ
1164 709 1333 794 τὸνθυμόν

93 803 165 883 ἐρεῖς
177 809 239 870 τοῖς
253 801 326 871 υἱοῖς
341 791 466 879 Ἀμμών.
480 793 631 860 ἀκούσατε
643 790 696 859 λό-
728 816 803 874 μου,
829 794 880 856 καὶ
895 789 1111 870 ἐπιγνώσονται
1124 791 1178 876 τήν
1191 794 1333 877 ἐκδίκησίν

93 905 147 961 γον
167 885 277 963 κυρίου.
304 879 373 944 τάδε
392 880 465 954 λέγει
484 874 593 981 κύριος.
625 875 693 942 ἀνθ’
728 901 802 959 μου,
827 874 905 952 λέγει
920 872 1030 959 κύριος.
1054 878 1082 918 ¹⁵
1095 872 1144 941 διά
1157 880 1250 941 τοῦτο
1264 873 1334 941 τάδε

94 955 136 1027 ῶν
161 960 319 1048 ἐπεχάρητε
334 964 384 1025 ἐπὶ
400 962 439 1026 τά
460 957 531 1037 ἀγια
551 984 635 1044 μου,
651 955 697 1024 ότι
729 961 804 1036 λέγει
817 959 926 1044 κύριος.
940 956 1007 1024 ἀνθ’
1025 949 1067 1022 ῶν
1079 963 1221 1042 ἐποίησαν
1233 962 1264 1024 οί
1277 959 1333 1024 ἀλ

94 1045 280 1151 ἐβεβηλιόθη,
304 1046 356 1108 καὶ
372 1047 422 1107 ἐπὶ
433 1040 487 1127 τήν
499 1048 554 1129 γῆν
566 1047 623 1109 τοῦ
636 1041 695 1108 Ἰσ-
730 1041 858 1121 λόφυλοι
876 1047 907 1107 ἐν
920 1039 1060 1126 ἐκδικήσει
1075 1044 1126 1106 καί
1138 1044 1335 1127 ἐξανέστησαν

94 1130 171 1215 ραηλ
184 1125 230 1193 ὅτι
242 1128 410 1211 ἠφανίσθη,
426 1129 478 1191 καί
490 1129 540 1193 ἐπὶ
550 1124 604 1190 τόν
615 1124 698 1191 ολκον
731 1126 876 1209 ἐκδίκησιν
893 1129 1089 1229 ἐπιχαίροντες
1105 1129 1138 1190 ἐκ
1163 1130 1261 1210 ψυχῆς
1278 1129 1334 1191 τοῦ

94 1219 153 1276 τοῦ
162 1206 264 1276 Ἰούδα
277 1205 324 1274 ότι
334 1204 542 1294 ἐπορεύθησαν
551 1212 582 1273 ἐν
591 1213 698 1294 αἰχμα-
731 1207 885 1292 ἐξαλεῖιμαι
898 1214 953 1284 ἕως
964 1211 1036 1283 ένος,
1056 1206 1147 1273 16διδι
1160 1214 1252 1273 τοῦτο
1264 1205 1335 1275 τάδε

95 1293 207 1376 λωσίηι,
233 1290 313 1359 4διά
330 1297 422 1357 τοῦτο
442 1290 507 1356 ἰδού
522 1291 581 1369 ἐγώ
595 1318 640 1357 πα
660 1319 697 1356 α-
730 1290 804 1367 λέγει
829 1286 938 1376 κύριος.
978 1291 1044 1357 ἰδού
1064 1289 1124 1368 ἐγώ
1143 1294 1262 1356 ἐκτείνω
1279 1290 1335 1376 τήν

95 1376 198 1459 δίδωμι
216 1373 292 1459 ὑμᾶς
307 1385 371 1449 τοῖς
383 1379 456 1449 υίοῖς
466 1375 565 1456 Κεδέμ
576 1379 615 1449 εἰς
625 1317 697 1457 κλη-
729 1370 810 1457 χεῖρά
827 1399 884 1454 μου
902 1375 954 1438 ἐπὶ
970 1374 1041 1449 τούς
1054 1371 1256 1453 ἀλλοφύλους,
1282 1377 1336 1441 καί

96 1466 248 1564 ρονομίαν,
259 1458 312 1522 καί
324 1453 605 1540 κατασκηνώσουσιν
618 1461 648 1523 ἐν
660 1461 696 1550 τή
729 1452 937 1540 ἐξολοθρεύσω
942 1462 1076 1558 Κρήτας,
1085 1459 1136 1522 καί
1146 1455 1254 1521 ἀπολῶ
1263 1456 1334 1532 τοὺς

96 1548 232 1627 απαρτίηι
245 1538 343 1605 αὐτῶν
356 1544 387 1604 ἐν
400 1542 463 1618 σοί,
485 1542 537 1605 καί
549 1537 697 1606 δώσουσιν
731 1539 936 1615 καταλοίπους
961 1565 1032 1614 τους
1054 1544 1265 1614 κατοικοῦντας
1281 1537 1335 1623 τήν

96 1630 127 1692 ἐν
153 1628 201 1691 σοὶ
222 1620 262 1688 τὰ
279 1618 455 1707 σκηνώματα
474 1622 584 1689 αὐτῶν.
611 1621 699 1688 αὐτοὶ
729 1623 890 1707 παραλίαν.
926 1625 1017 1687 17καί
1035 1621 1153 1706 ποιήσω
1176 1627 1207 1689 ἐν
1232 1622 1334 1699 αὐτοῖς

96 1705 244 1792 φάγονται
256 1706 328 1781 τούς
340 1703 474 1791 καρπούς
487 1733 556 1781 σου,
578 1708 629 1771 καὶ
641 1705 698 1769 αύ-
730 1702 887 1789 ἐκδικήσεις
910 1701 1051 1788 μεγάλας,
1076 1708 1127 1772 καί
1152 1703 1334 1784 ἐπιγνώσον-

95 1795 145 1856 τοί
160 1796 279 1857 πίονται
297 1788 352 1873 τήν
368 1783 497 1874 πιότητά
516 1815 581 1855 σου.
618 1790 698 1854 5καί
730 1813 780 1852 ται
793 1784 869 1853 διότι
880 1789 938 1866 ἐγώ
947 1784 1056 1874 κύριος,
1066 1793 1098 1854 ἐν
1110 1792 1156 1872 τῷ
1167 1790 1269 1855 δοῦναι
1281 1786 1333 1873 τήν

96 1869 183 1940 δώσω
195 1872 252 1959 τήν
263 1869 351 1939 πόλιν
362 1874 419 1936 τοῦ
428 1871 547 1956 Ἀμμών
559 1876 598 1948 είς
610 1869 698 1954 νομάς
730 1871 877 1956 ἐκδίκησίν
892 1897 952 1957 μου
970 1869 1014 1936 ἐπ’
1034 1868 1152 1947 αύτούς.

94 1954 250 2040 καμήλων,
275 1958 326 2021 καί
342 1951 413 2029 τούς
432 1956 516 2030 υἱούς
527 1952 643 2038 Ἀμμών
660 1958 698 2029 εἰς
911 1961 1035 2019 ΚΕΦ.
1077 1950 1152 2030 Κς’.

94 2039 187 2124 νομήν
212 2037 391 2125 προβάτων,
426 2041 478 2102 καὶ
502 2034 699 2116 ἐπιγνώσεσθε
731 2004 813 2102 Καὶ
825 2036 948 2122 ἐγενήθη
958 2041 988 2101 ἐν
997 2043 1041 2121 τῷ
1054 2034 1198 2122 ἑνδεκάτῳ
1211 2039 1268 2103 ἐτει
1280 2043 1333 2122 μιᾷ

95 2120 172 2188 διότι
191 2123 249 2198 ἐγώ
274 2121 380 2206 κύριος.
413 2119 516 2187 θδιότι
532 2119 603 2187 τάδε
621 2121 698 2198 λέγει
730 2126 785 2186 τοῦ
796 2120 896 2204 μηνὸς,
913 2124 1028 2199 ἐγένετο
1041 2116 1129 2198 λόγος
1141 2126 1245 2207 κυρίου
1258 2120 1334 2226 πρὸς

95 2202 203 2290 κύριος.
230 2204 297 2269 ἀνθ’
315 2195 357 2266 τόν
374 2199 535 2286 ἐκράτησας
546 2203 601 2287 τήν
617 2204 698 2288 χεῖρά
729 2203 781 2284 μὲ,
803 2206 905 2281 λέγων.
931 2205 1005 2267 2υίὲ
1018 2202 1079 2267 ἀνθ
1098 2200 1193 2279 ώπου,
1214 2201 1281 2268 ἀνθ’
1297 2230 1333 2268 ου

96 2313 165 2362 σου,
188 2288 240 2350 καί
253 2281 413 2368 ἐψόφησας
426 2289 471 2366 τῷ
481 2286 554 2349 ποδί
565 2310 631 2360 σου,
648 2287 698 2348 καί
731 2285 793 2350 εἶπε
804 2286 870 2369 Σόρ
883 2288 934 2350 ἐπὶ
947 2230 1156 2368 Ἰερουσαλήμ,
1174 2277 1237 2361 εύγε
1250 2311 1335 2351 συνε·

94 2372 241 2452 ἐπέχαρας
259 2370 291 2432 ἐκ
312 2370 408 2468 ψυχης
429 2392 484 2431 σου
503 2369 554 2430 ἐπὶ
572 2364 627 2449 τήν
642 2372 698 2468 γήν
730 2371 825 2471 τρίβη,
846 2364 987 2433 ἀπόλωλε
999 2363 1038 2431 τό
1051 2370 1139 2450 ἔθνη,
1161 2366 1333 2452 ἐπεστράφη

94 2457 151 2517 τοῦ
167 2447 301 2536 Ἰσραήλ,
327 2450 400 2514 7δια
412 2454 506 2514 τοῦτο
519 2452 625 2515 ἐκτενῶ
643 2474 699 2534 την
729 2475 805 2535 προς
822 2450 872 2534 μὲ,
898 2447 917 2533 ή
935 2445 1048 2534 πλήρης
1066 2447 1229 2536 ἠρήμωται.
1256 2451 1334 2518 3διδι

94 2529 177 2621 χεῖρά
200 2561 257 2617 μου
283 2533 334 2598 ἐπὶ
359 2531 408 2608 σὲ,
433 2535 483 2597 καί
504 2532 594 2597 δώσω
612 2558 643 2598 σε
660 2537 699 2607 είς
729 2539 820 2599 τοῦτο
834 2529 904 2598 τάδε
915 2533 991 2611 λέγει
1005 2528 1111 2618 κύριος.
1132 2534 1198 2597 ἰδού
1211 2532 1271 2610 ἐγώ
1284 2536 1335 2600 ἐπί

94 2616 262 2703 διαρπαγήν
274 2619 306 2683 ἐν
320 2627 383 2690 τοῖς
395 2619 509 2692 ἔθνεσι,
532 2617 583 2681 καὶ
596 2616 698 2691 ἐξολο-
729 2614 760 2679 σὲ
772 2614 857 2701 Σόρ,
883 2619 934 2682 καί
948 2611 1050 2690 ἀνάξω
1064 2616 1114 2680 ἐπί
1127 2615 1158 2682 σὲ
1170 2618 1243 2698 ἔθνη
1256 2617 1333 2682 πολ-

94 2699 213 2785 θρεύσω
233 2727 265 2766 σε
282 2703 315 2763 ἐκ
329 2704 389 2763 τῶν
400 2699 500 2774 λαῶν,
524 2699 576 2764 καί
589 2696 698 2763 ἀπολῶ
728 2699 782 2778 λά,
800 2695 843 2774 ῶς
855 2698 1003 2785 ἀναβαίνει
1017 2695 1035 2781 ή
1049 2696 1189 2765 θάλασσα
1201 2710 1266 2774 τοῖς
1277 2695 1330 2764 κύ-

95 2809 127 2848 σε
145 2789 177 2848 ἐκ
194 2788 255 2848 τῶν
271 2786 374 2867 χωρῶν
393 2780 543 2909 ἀπωλείή,
569 2783 621 2846 καὶ
632 2784 697 2847 ἐπι·
727 2806 817 2865 μασιν
833 2781 935 2869 αὐτῆς.
973 2783 1054 2847 4καί
1071 2784 1276 2869 καταβαλοῦσι
1293 2781 1333 2848 τά

92 2863 194 2950 γνώση
211 2862 288 2932 διότι
305 2864 364 2970 ἐγώ
376 2860 485 2951 κύριος.
540 2861 610 2931 τάδε
622 2864 697 2942 λέγει
728 2871 805 2951 τείχη
814 2864 890 2952 Σόρ,
899 2868 951 2932 καί
963 2867 1164 2952 καταβαλοῶσι
1174 2865 1244 2941 τούς
1254 2863 1333 2973 πύρ-

93 2941 200 3036 κύριός.
217 2947 288 3016 ἀνθ’
303 2972 346 3013 ων
355 2947 417 3013 εἶπε
429 2945 550 3035 Μωάβ,
563 2946 631 3014 ἰδού
643 2945 697 3034 οὐχ
726 2975 798 3027 γους
818 2975 888 3026 σου,
913 2953 965 3015 καὶ
977 2945 1107 3033 λικμήσω
1121 2947 1172 3016 τόν
1189 2954 1262 3034 χοῦν
1275 2975 1333 3014 αυ-

93 3030 128 3099 όν
141 3030 256 3120 τρόπον
268 3029 370 3098 πάντα
382 3031 421 3097 τά
435 3035 524 3114 ἐθνη,
541 3031 623 3107 οἶκος
635 3029 695 3097 Ἰσ-
728 3038 780 3116 τής
803 3030 854 3097 ἀπ’
875 3034 983 3118 αὐτῆς,
1006 3035 1058 3096 καὶ
1074 3031 1164 3098 δώσω
1181 3030 1276 3115 αὐτήν
1294 3037 1334 3107 εές

113 3117 172 3197 αήλ
190 3119 242 3182 καὶ
262 3115 364 3180 Ἰούδα
369 3143 381 3193 ,·
421 3112 500 3180 9διόι
518 3116 613 3181 τοῦτοΙ
631 3112 696 3180 ἰδοὺ
728 3116 908 3202 λεοπετρίαν.
935 3114 1080 3199 ὃηιυγμός
1100 3119 1235 3200 σαγηνῶν
1248 3119 1333 3182 ἔσται

93 3143 151 3278 ἐγώ
169 3196 317 3286 παραλύω
335 3197 388 3262 τόν
410 3187 492 3281 ώμον
510 3196 618 3346 Μωάβ
634 3195 698 3263 ἀπὸ
728 3202 759 3264 ἐν
772 3201 853 3283 μέσῳ
866 3194 1038 3283 θαλάσσης,
1064 3195 1112 3264 ότι
1129 3195 1189 3277 ἐγώ
1207 3196 1333 3284 λελάλη-

92 3279 211 3348 πόέεων
228 3282 423 3367 ἀκρωτηρίων
449 3278 548 3347 αὐτοῦ
563 3285 595 3346 ἐκ
615 3279 698 3365 εκτήν
727 3309 782 3358 κα,
806 3282 884 3360 λέγει
901 3278 1009 3367 κύριος.
1034 3286 1085 3347 καί
1102 3284 1185 3346 ἐσται
1203 3287 1242 3357 εἰς
1254 3308 1333 3368 προ-

91 3371 148 3449 γήν
166 3365 250 3431 οἷκον
261 3365 467 3448 Βεθασιμούθ
482 3363 585 3430 ἐπάνω
602 3368 698 3468 πηγής
728 3365 817 3449 νομήν
831 3377 894 3439 τοῖς
906 3369 1036 3439 ἔθνεσιν,
1062 3365 1142 3428 θκαί
1155 3369 1188 3428 αί
1199 3368 1333 3440 θυγατέ-

93 3446 207 3522 πόλεως
219 3450 484 3531 παραθαλασσίας,
497 3445 604 3520 ιθεοὺς
616 3451 697 3520 υίους
728 3471 773 3529 ρες
792 3445 883 3530 αύτής
905 3451 936 3510 ἐν
951 3447 1041 3525 πεδίῳ
1065 3449 1196 3526 μαχαίρᾳ
1216 3443 1332 3531 ἀναιρε-

94 3528 193 3611 Κεδὲμ
205 3531 256 3592 ἐπί
271 3528 343 3601 τούς
359 3525 440 3601 υἱούς
451 3527 571 3625 Ἀμμών
583 3527 697 3592 δέδωκα
727 3525 888 3611 θήσονται,
906 3529 957 3591 καί
967 3526 1132 3604 γνώσονται
1145 3524 1191 3590 ὅτι
1204 3527 1263 3602 ἐγώ
1277 3525 1331 3594 κύ·

93 3607 178 3692 αὐτῷ
192 3615 230 3684 είς
242 3608 449 3694 κληρονομίαν,
468 3607 550 3683 ὃπως
562 3608 602 3691 μή
614 3615 698 3691 μνεία
728 3636 798 3694 ριος.
819 3606 888 3676 7ὅτι
900 3607 971 3675 τάδε
983 3609 1058 3686 λέγει
1070 3604 1177 3691 κύριος.
1192 3607 1256 3675 ῖδού
1270 3611 1330 3689 ἐγώ

92 3696 213 3777 γένηται
230 3696 290 3757 τῶν
308 3696 380 3756 υἱῶν
395 3687 524 3775 Ἀμμών.
553 3695 579 3733 ¹¹
592 3693 642 3755 καί
658 3697 698 3766 είς
728 3687 831 3770 ἐπάγω
845 3696 895 3758 ἐπί
908 3693 941 3758 σὲ
953 3690 1017 3776 Σὸρ
1031 3691 1084 3757 τὸν
1093 3690 1331 3778 Ναβουχοδονό-

93 3773 201 3862 Μωάβ
211 3771 327 3857 ποιήσω
340 3775 492 3856 ἐκδίκησιν,
505 3774 558 3838 καί
570 3770 696 3852 ἐπιγνώ-
729 3800 783 3859 σορ
811 3778 937 3860 βασιλέα
962 3772 1149 3860 Βαβυλῶνος
1178 3773 1240 3840 ἀπὸ
1272 3782 1332 3842 τοῦ

94 3884 199 3925 σονται
212 3853 286 3924 διότι
300 3856 359 3935 ἐγώ
371 3854 478 3941 κύριος.
497 3859 525 3899 ¹²
538 3851 608 3921 τάδε
620 3857 696 3935 λέγει
727 3859 851 3943 Βορῤἀ,
868 3855 1004 3945 βασιλεὺς
1014 3858 1160 3943 βασιλέων
1172 3861 1246 3934 ἐστί,
1263 3861 1328 3942 μεθ’

23 4019 26 4024 ¹
93 3938 202 4029 κύριος.
228 3938 294 4007 ἀνθ’
311 3932 696 4024 ώνέποίησενήἸδουμαία
726 3947 829 4006 ἵππων
852 3945 905 4006 καὶ
921 3938 1062 4025 ἁρμάτων
1079 3943 1131 4006 καί
1149 3945 1265 4006 ἱππέων
1280 3945 1332 4007 καί

93 4027 124 4090 ἐν
141 4030 186 4107 τῷ
202 4026 350 4108 ἐκδικῆσαι
371 4020 483 4096 αὐτούς
501 4024 646 4105 ἐκδίκησιν
658 4028 696 4098 είς
728 4030 896 4109 συναγωγῆς
927 4029 1024 4090 ἐθνῶν
1053 4024 1177 4090 πολλῶν
1204 4021 1329 4111 σφόδρα.

93 4107 146 4172 τὸν
157 4108 242 4174 οἶκον
254 4105 370 4180 Ἰούδα,
395 4106 446 4170 καὶ
458 4106 695 4190 ἐμνησικάκησαν,
726 4107 742 4150 ⁸
755 4100 844 4183 οὗτος
856 4106 911 4182 τάς
922 4110 1095 4193 θυγατέρας
1108 4133 1163 4173 σου
1176 4105 1231 4184 τός
1242 4113 1274 4173 ἐν
1286 4113 1331 4192 τῷ

93 4192 143 4254 καί
155 4192 321 4274 ἐξεδίκησαν
330 4190 418 4272 δίκην.
431 4189 458 4230 ¹³
464 4189 514 4254 διά
523 4194 614 4254 τοῦτο
624 4185 695 4254 τάδε
725 4191 817 4275 πεδίῳ
836 4217 878 4274 μα
896 4196 968 4276 αίρη
977 4187 1093 4266 ἀνελεῖ,
1121 4192 1173 4256 καί
1184 4187 1269 4256 δώσει
1281 4192 1330 4256 ἐπί

93 4273 170 4351 λέγει
177 4268 287 4377 κύριος.
298 4275 350 4339 καί
362 4275 467 4338 ἐκτενῶ
478 4270 533 4354 τήν
562 4266 625 4355 εἶρά
637 4298 694 4374 μου
726 4271 760 4338 σὲ
771 4217 986 4379 προφυλακήν,
1006 4276 1058 4339 καὶ
1069 4267 1329 4360 περιοικοδομήσει,

93 4359 143 4421 ἐπὶ
158 4353 212 4440 τήν
233 4357 408 4436 Ιδουμαίαν,
429 4356 479 4419 καί
490 4357 540 4430 ἐξο
602 4379 694 4440 ρευσω
725 4357 776 4420 καί
790 4382 905 4441 ποιησει
924 4353 1131 4439 ἐπισὲκύκλω
1166 4353 1266 4441 άρακα
1278 4357 1330 4420 καί

92 4440 122 4514 ἐξ
140 4436 233 4522 αύτής
250 4434 416 4516 ἄνθρωπον
433 4438 485 4502 καὶ
501 4441 618 4519 κτῆνος,
644 4441 696 4503 καί
723 4447 896 4522 περίστασιν
908 4437 1019 4516 ὅπλων,
1033 4382 1263 4522 καίτδιςλόγχας
1273 4437 1328 4504 αὖ·

92 4515 225 4604 θήσομαι
244 4515 339 4602 αύτήν
359 4522 475 4605 ἔρημον.
500 4523 552 4586 καί
567 4524 601 4586 ἐκ
619 4523 694 4588 Θαι-
723 4527 780 4587 τοῦ
801 4521 947 4590 ἀπέναντί
968 4546 1023 4589 σου
1043 4517 1138 4587 δώσει.
1169 4518 1237 4586 οτά
1253 4528 1331 4608 τείχη

1267 4632 1329 4680 σου,
