2924 4972
161 231 226 301 σου
433 199 729 295 οΑΣιΛοιαα
764 233 922 293 σείου
961 227 1134 310 πεσεῖν.

162 352 254 429 σιλεὺς
266 353 321 420 ούκ
335 359 410 433 ε”ννω
423 348 524 435 αὐτήν.
549 353 614 415 5καί
622 348 764 424 Ἀδωνίας
798 374 854 413 σου
868 354 904 433 τῇ
919 347 1012 440 δούλη
1030 375 1085 415 σου
1103 348 1213 427 λέγων,
1240 346 1286 414 ότι
1308 348 1408 427 όυῖος

160 436 222 512 υἱός
231 437 338 516 Ἀννίθ
349 433 484 522 ἐπήρετο,
504 435 608 512 λέγων.
637 431 695 510 ἐγώ
707 436 765 518 βα·
802 457 858 496 σου
871 432 1030 513 Σαλωμιόν
1041 428 1204 518 βασιλεύσει
1215 430 1273 516 μετ’
1290 434 1408 516 ἔμί,καί

156 518 298 587 Ιοιλεύσω.
325 523 376 585 καί
387 510 522 600 ’ἐποίησεν
535 519 632 599 ἑαυτῷ
645 513 765 617 ἅρματα
797 510 961 596 καθήσεται
974 517 1025 580 ε’πί
1037 520 1093 580 τοῦ
1104 511 1218 601 θρόνου
1230 542 1296 600 μου.
1319 520 1408 583 12καὶ

162 607 213 671 καί
240 609 347 678 ἱππεῖς,
372 602 424 666 καί
448 597 633 684 πεντήκοντα
659 599 766 682 ἀνδρας
800 602 852 662 νῦν
871 595 938 662 ἰδού
960 595 1101 673 Ἀδωνίας
1115 599 1290 685 ἐβασίλευσε,
1304 604 1355 664 καί
1369 602 1407 666 σὺ

162 688 357 773 παρατρέχειν
369 683 537 769 ἔμπροσθεν
549 681 652 747 αότοῦ.
688 682 767 744 ὓκαί
799 675 882 764 κάριὲ
897 706 954 762 μου
973 681 1097 767 βασιλεύ
1113 681 1168 748 οὐκ
1187 687 1285 760 ἔγνως.
1315 686 1343 726 ¹⁹
1356 688 1408 749 καί

161 769 217 836 οόιι
235 764 418 832 ἀπεκώλυσεν
440 764 535 831 αὐτόν
553 763 571 829 ὁ
590 765 691 848 πατήρ
711 761 766 829 αύ-
798 765 940 829 ἐθυσίασε
951 761 1078 848 μόσχους
1098 768 1150 829 καί
1162 764 1255 850 άρνας
1266 770 1317 832 καί
1328 766 1406 852 πρό-

160 855 215 917 τοῦ
226 848 368 915 οὐδέποτε
384 850 491 927 λέγων,
517 850 598 914 διατί
614 845 649 913 σύ
664 851 766 929 ἐποίη-
797 848 877 930 βατα
889 850 928 919 είς
943 847 1072 931 πλῆθος,
1094 851 1146 912 καί
1161 845 1278 915 ἐκάλεσε
1291 846 1407 925 πάντας

161 961 217 1010 σας
222 962 235 1011 ,·
261 939 314 998 καί
334 959 366 1011 γε
390 930 481 1008 αότός
507 929 619 1017 ὡραῖος
640 935 678 1023 τῇ
696 928 766 1008 ὀψιι
798 926 868 1002 τούς
888 927 972 1003 υἱούς
987 934 1043 992 τοῦ
1059 929 1215 1015 βασιλέως,
1240 936 1291 998 καί
1303 931 1406 1019 Ἀβιά-

160 1017 294 1101 σφόδρα,
320 1017 371 1080 καί
389 1015 481 1082 αὐτὸν
494 1019 587 1080 ἔτεκεν
603 1012 701 1078 ὀπίσω
717 1012 766 1076 Ἀ-
798 1020 861 1095 θαρ
876 1010 1030 1104 τόνίερία,
1043 1011 1198 1097 καίἸωάβ
1208 1014 1261 1078 τὸν
1274 1015 1407 1099 ὀίρχοντα

158 1095 323 1188 βεσσαλιόμ.
361 1101 439 1163 2καί
463 1102 599 1176 ἐγένοντο
627 1099 658 1161 οἶ
682 1095 766 1172 λόγοι
798 1098 850 1175 τῆς
863 1093 1027 1177 δυνάμεως,
1047 1098 1098 1160 καί
1110 1095 1164 1160 τόν
1175 1097 1337 1180 Σαλωμών
1350 1098 1405 1165 τὸν

160 1181 258 1250 αὐτοῦ
268 1182 343 1266 μετὰ
352 1179 447 1268 Ἰωάβ
458 1185 512 1246 τοῦ
525 1185 592 1245 υίοῡ
603 1181 766 1264 Σαρουίας,
798 1173 908 1240 δοῦλόν
920 1203 974 1241 σου
989 1175 1044 1242 οόκ
1057 1174 1180 1243 ἐκάλεσε.
1205 1183 1288 1244 2οκαί
1300 1180 1336 1246 σύ
1350 1181 1406 1246 κύ-

160 1270 211 1333 καί
236 1267 309 1350 μετὰ
327 1261 478 1352 Ἀβιάθαρ
500 1268 554 1328 τοῦ
581 1265 689 1346 ἱερέως,
716 1263 767 1326 καί
799 1263 844 1344 ριέ
854 1286 913 1343 μου
930 1261 1051 1347 βασιλεύ
1070 1266 1101 1327 οῖ
1119 1261 1280 1345 ὀφθαλμοί
1292 1264 1408 1340 παντὸς

160 1345 310 1437 ἐβοήθουν
323 1347 420 1414 ὀπίσω
428 1345 577 1413 Ἀδωνίου.
610 1347 767 1409 8καίΣα-
796 1339 921 1428 Ἰσραήλ
932 1341 1012 1429 πρὸς
1029 1346 1071 1409 σε’.
1111 1342 1287 1423 ἀπάγγειλον
1301 1346 1406 1422 αὐτοῖς

160 1433 223 1499 δώκ
236 1431 253 1497 ὁ
268 1432 375 1518 ἱερεὺς,
401 1433 451 1496 καί
463 1435 602 1505 Βαναίας
624 1427 767 1503 υίὸςἸω-
799 1431 844 1500 τίς
866 1423 1031 1509 καθήσεται
1056 1429 1105 1493 ίπλ
1127 1434 1183 1494 τοῦ
1206 1426 1323 1514 θρόνου
1347 1437 1406 1495 τοῦ

161 1516 229 1593 δαὲ,
240 1518 291 1579 καί
303 1511 422 1580 Νάθαν
435 1510 453 1577 ὁ
464 1507 634 1599 προφήτης,
648 1513 698 1575 καί
710 1519 767 1575 Σε·
801 1515 902 1593 κυρίου
920 1534 978 1592 μου
990 1516 1046 1576 τοῦ
1064 1512 1208 1597 βασιλέως
1224 1512 1281 1596 μετ’
1304 1511 1404 1578 αότόν.

160 1599 216 1684 με’ί,
242 1595 392 1682 καίῬησί,
414 1599 465 1660 καί
487 1598 547 1660 υἱοί
568 1596 689 1660 δυνατοὶ
711 1598 767 1659 τοῦ
800 1593 828 1633 ²¹
841 1594 891 1656 καί
903 1594 985 1657 ἔσται
1003 1592 1044 1669 ὡς
1062 1593 1100 1659 ἂν
1118 1601 1249 1680 κοιμηθή
1267 1593 1285 1660 ὁ
1305 1594 1406 1682 κύριός

161 1683 261 1748 Δαυίδ
298 1679 354 1746 οὐκ
378 1671 454 1764 ἦσαν
481 1676 581 1744 ὀπίσω
612 1675 765 1744 Ἀδωνίου.
799 1671 1033 1761 μουόβασιλεύς
1041 1675 1114 1760 μετά
1124 1683 1184 1743 τῶν
1196 1668 1336 1763 πάτέρων
1349 1679 1405 1745 αύ-

160 1767 176 1808 ⁹
202 1767 254 1830 καί
278 1768 438 1830 ε’θυσίασεν
460 1760 601 1837 Ἀδωνίας
625 1756 767 1848 πρόβατα
800 1763 867 1833 τοῦ,
886 1761 937 1823 καί
954 1762 1059 1842 ἔσομαι
1079 1758 1138 1839 ἐγὼ
1154 1765 1205 1826 καί
1217 1759 1403 1843 Σαλωμώνὸ

161 1849 213 1913 καί
223 1842 350 1930 μόσχους
362 1849 413 1928 καί
429 1844 521 1929 άρνας
537 1849 611 1927 μετὰ
623 1849 698 1927 αίθή
712 1849 767 1907 τοῦ
801 1837 864 1916 υἶός
881 1868 938 1924 μου
956 1841 1140 1930 ἁμαρτωλοί.
1165 1849 1196 1887 22
1208 1847 1259 1908 καί
1276 1841 1341 1909 ίδού
1360 1849 1405 1910 ἔτι

160 1930 310 2004 Ζωελεθί,
324 1927 357 2004 ὃς
377 1930 412 2011 ήν
430 1925 552 2012 ἐχόμενα
570 1932 623 2010 τῆς
640 1923 767 2011 Ῥωμήλ.
801 1921 894 2010 αὐτῆς
911 1923 1061 2011 λαλούσης
1082 1927 1158 2012 μετά
1175 1933 1233 2010 τοῦ
1249 1927 1404 2013 βασιλεως,

161 2015 214 2078 καί
239 2008 356 2078 ἐκάλεσε
381 2006 497 2086 πάντας
528 2009 598 2085 τοὺς
625 2007 768 2090 ἀδελφούς
800 2003 1272 2096 ναίΝάθανὸπροφήτηςήλθε.
1312 2013 1342 2053 ²³
1355 2015 1406 2077 καί

160 2094 268 2172 αὐτοῦ,
294 2098 344 2160 καί
358 2089 472 2169 πάντας
486 2091 555 2170 τούς
568 2091 678 2178 ἁδρούς
687 2090 768 2158 Ἰού-
802 2088 948 2176 ἀνηγγέλη
961 2098 1004 2178 τῷ
1021 2094 1151 2179 βασιλεῖ,
1178 2094 1243 2160 ἰδού
1256 2091 1403 2159 Νάθανό

160 2179 199 2245 δα
211 2180 322 2254 παῖδας
333 2183 391 2243 τοῦ
401 2178 566 2282 βασιλέως,
591 2173 769 2242 1οκαίΝά·
800 2170 964 2259 προσήτης.
992 2180 1044 2242 καί
1060 2177 1172 2261 είςηλθε
1190 2178 1268 2242 κατὰ
1286 2175 1404 2263 πρόςω-

161 2272 226 2329 θαν
239 2261 291 2326 τόν
303 2286 472 2348 προφητην,
486 2264 537 2326 καλ
548 2265 704 2335 Βαναίαν,
718 2262 769 2325 καί
801 2281 860 2321 πον
877 2263 933 2322 τοῦ
952 2261 1113 2344 βασιλέως,
1138 2264 1189 2325 καί
1210 2259 1405 2346 προςεκύνησε

160 2343 402 2421 τούςδυνατούς,
428 2346 478 2409 καί
490 2343 546 2410 τὸν
559 2341 718 2425 Σαλωμών
730 2342 768 2407 ἀ-
803 2345 844 2422 τῷ
869 2342 987 2427 βασιλεῖ
1014 2342 1092 2408 κατὰ
1118 2339 1280 2430 πρόςωπον
1306 2343 1405 2409 αὐτοῦ

161 2427 269 2508 δελφὸν
281 2427 376 2494 αὐτοῦ
388 2426 442 2493 οὐκ
456 2424 585 2493 ἐκάλεσε.
611 2430 635 2468 ¹¹
641 2429 692 2490 καί
706 2425 768 2491 εἶπε
801 2424 852 2487 ἐπὶ
865 2423 918 2506 τήν
929 2430 994 2508 γῆν.
1021 2428 1052 2469 ²⁴
1058 2430 1109 2492 καί
1120 2427 1198 2492 εἶπεν
1209 2423 1338 2503 Νάθαν,
1351 2423 1404 2492 κύ-

159 2510 278 2578 Νάθαν
296 2510 372 2599 πρὸς
388 2512 547 2619 Βηρσαβεὲ
571 2511 685 2612 μητέρα
702 2517 768 2574 Σα-
800 2504 846 2588 ριὲ
867 2532 925 2590 μου
948 2509 1067 2594 βασιλεῦ
1092 2509 1129 2576 σύ
1147 2509 1241 2586 είπας,
1262 2509 1405 2586 Ἀδωνίας

160 2594 277 2679 λωμὼν,
290 2595 391 2675 λέγων.
419 2597 473 2661 οόκ
492 2596 623 2677 η’κουσας
636 2593 683 2658 δτι
696 2597 767 2679 ἔβα·
798 2585 962 2674 βασιλεύσει
976 2591 1075 2658 ὀπίσω
1087 2620 1162 2677 μου,
1183 2594 1337 2671 καίαύτός
1350 2623 1404 2660 κα-

160 2679 289 2742 σίλευσεν
305 2677 446 2751 Ἀδωνίας
459 2679 522 2752 υίός
543 2677 660 2754 Ἀγνίθ,
683 2678 733 2739 καί
748 2672 766 2739 ὁ
799 2668 922 2756 θήσεται
941 2676 992 2739 ἐπὶ
1004 2681 1060 2740 τοῦ
1078 2673 1195 2762 θρόνου
1212 2705 1272 2762 μου
1278 2707 1291 2758 ,·
1314 2683 1344 2723 ²⁵
1358 2677 1403 2744 ότι

160 2755 260 2840 κύριος
279 2757 361 2840 ἡμῶν
374 2761 472 2822 Δαυίδ
487 2759 542 2823 οόκ
555 2761 649 2835 ἔγνως
675 2761 701 2799 ¹²
715 2759 767 2822 καί
798 2758 907 2841 κατέβη
921 2754 1046 2842 σήμερον
1055 2763 1106 2824 καί
1126 2763 1268 2826 ίθυσίασε
1276 2759 1404 2846 μόσχους

159 2845 211 2904 νῦν
226 2842 315 2926 δεῦρο
340 2837 550 2928 συμβουλεύσω
567 2864 615 2905 σοι
638 2838 673 2922 δή
693 2866 766 2922 συμ-
798 2841 849 2902 καί
867 2840 960 2924 ὀίρνας
978 2846 1029 2908 καί
1050 2841 1191 2929 πρόβατα
1214 2848 1252 2918 είς
1271 2845 1403 2928 πλῆθος,

158 2924 292 3010 βουλίαν,
314 2925 366 2989 καί
387 2922 488 3000 ἐξελοῦ
504 2923 559 3005 τήν
577 2920 674 3009 ψυχήν
697 2949 763 2998 σου,
797 2923 848 2984 καὶ
873 2919 992 2989 ε’κάλεσε
1014 2922 1130 3001 πάντας
1150 2925 1220 3001 τοὺς
1241 2926 1323 3002 υἱοὺς
1346 2934 1402 2992 τοῦ

159 3009 210 3070 καί
228 3003 282 3089 τήν
299 3006 398 3091 ψυχήν
420 3011 475 3070 τοῦ
491 3011 557 3070 υἱοῦ
581 3033 637 3071 σου
654 3007 766 3071 Σαλω-
796 3006 951 3089 βασιλέως,
978 3010 1029 3072 καί
1041 3007 1112 3085 τούς
1124 3008 1271 3094 ἄρχοντας
1283 3016 1335 3096 τῆς
1349 3012 1403 3075 δυ·

158 3083 229 3169 μάν.
256 3090 283 3130 ¹³
296 3089 383 3173 δεῦρο
400 3089 510 3163 είςελθε
522 3087 598 3174 πρὸς
612 3089 665 3155 τὸν
676 3094 765 3176 βασι·
797 3083 917 3171 νάμεως,
936 3093 988 3156 καί
998 3088 1148 3178 Ἀβιάθαρ
1162 3089 1216 3156 τόν
1234 3096 1322 3178 ἱερέα.
1350 3095 1401 3157 καί

157 3170 213 3235 λέα
226 3173 323 3236 Δαυίδ
333 3174 385 3236 καὶ
400 3174 473 3256 ἐρεῖς
491 3171 567 3258 πρὸς
584 3169 688 3248 αὐτόν,
714 3173 764 3237 λί-
797 3169 862 3235 ίδοιί
878 3178 948 3238 εἰσιν
960 3178 1108 3248 ἐσθίοντες
1120 3177 1170 3240 καί
1183 3181 1314 3251 πίνοντες
1326 3174 1401 3240 ἐνεό-

157 3279 260 3331 νουσα.
287 3254 323 3320 ού
342 3252 403 3321 ίσύ
416 3251 501 3341 κύριιί
514 3282 571 3339 μου
584 3256 707 3342 βασιλεύ
720 3256 762 3321 ὀί-
795 3280 865 3320 πιον
879 3255 989 3335 αὐτοῦ,
1009 3262 1060 3324 καί
1072 3258 1165 3323 εἶπαν.
1193 3255 1271 3342 ζήτω
1284 3258 1301 3324 ὁ
1313 3264 1399 3346 βασι-

155 3351 252 3420 μοσας
264 3342 302 3430 τῇ
315 3281 407 3434 δούλη
422 3364 477 3404 σου
490 3338 594 3418 λέγων,
607 3336 654 3405 ότι
668 3337 686 3407 ὀ
699 3337 764 3417 υίός
796 3336 861 3413 λεός
874 3337 1028 3419 Ἀδωνίας.
1054 3345 1086 3387 ²⁶
1098 3345 1150 3408 καί
1168 3343 1218 3428 ἐμὲ
1234 3341 1328 3409 αὐτὸν
1345 3342 1400 3408 τόν

157 3447 213 3487 σου
237 3422 395 3507 Σαλωμάν
423 3420 588 3508 βασιλεύσει
614 3422 672 3507 μετ’
703 3424 763 3507 ἐμὲ,
795 3419 905 3488 δοῦλόν
919 3450 984 3501 σου,
998 3429 1048 3491 καί
1060 3427 1171 3492 Σαδώκ
1184 3428 1237 3493 τόν
1250 3432 1338 3515 ἱερέα,
1350 3430 1401 3491 καί

155 3507 207 3570 ναί
219 3503 310 3581 αὐτὸς
332 3516 482 3571 καθιεῖται
504 3508 555 3570 ἐπὶ
574 3511 631 3571 τοῦ
647 3503 762 3590 θρόνου
794 3509 934 3571 Βαναίαν
957 3509 1152 3587 υἷόνἸωδαὲ,
1178 3516 1229 3577 καί
1245 3509 1401 3592 Σαλωμών

154 3613 214 3668 μου
220 3619 232 3666 ,·
250 3592 301 3652 καί
313 3595 344 3652 τί
355 3586 401 3654 ότι
415 3587 743 3675 ε’βασίλευσενἈδωνίας
748 3618 762 3669 ,·
795 3585 847 3653 τόν
868 3588 978 3656 δοῦλόν
1001 3619 1056 3658 σου
1078 3589 1134 3658 ούκ
1157 3591 1300 3658 ἐκάλεσεν,
1333 3595 1362 3633 22
1375 3596 1400 3652 ελ

156 3669 184 3711 ¹⁴
197 3674 248 3735 καί
262 3671 328 3735 ἰδού
349 3675 392 3736 ἔτι
409 3668 559 3754 λαλούσης
575 3696 630 3736 σου
644 3674 704 3736 ἐκεῖ
713 3699 763 3754 με-
794 3668 843 3736 διά
856 3679 912 3738 τού
924 3681 1028 3759 κυρίου
1045 3702 1103 3757 μου
1121 3679 1178 3740 τοῦ
1192 3673 1334 3779 βασιλέως
1348 3676 1399 3746 γε’-

156 3748 194 3814 τά
207 3758 264 3815 τοῦ
276 3753 433 3836 βασιλέως,
459 3756 509 3818 καί
526 3752 585 3831 ἐγώ
604 3752 762 3828 είςελεύοο-
792 3780 859 3832 νονε
870 3755 908 3821 τὸ
930 3760 1001 3840 ’ήμα
1015 3763 1122 3832 τοῦτο,
1148 3782 1199 3820 και
1211 3752 1265 3818 οόκ
1277 3750 1398 3835 ἐγνώρι·

154 3859 208 3912 μαι
231 3831 331 3899 ὀπίσω
354 3862 421 3911 σου,
446 3838 497 3899 καί
519 3833 669 3922 πληριόοω
691 3837 763 3913 τούς
794 3864 848 3913 σας
859 3843 904 3922 τῷ
921 3781 1020 3921 δούλῳ
1038 3864 1091 3904 σου
1111 3845 1156 3912 τίς
1169 3831 1335 3917 καθήσεται
1349 3839 1398 3900 ἐπί

156 3911 262 3992 λόγους
275 3942 339 3982 σου.
365 3921 391 3961 ¹⁵
405 3918 457 3983 καί
475 3919 591 4001 εἲςῆλθε
603 3920 762 4006 Βηρσαβεέ
793 3917 846 3983 τόν
858 3916 970 4005 θρόνον
988 3926 1044 3984 τοῦ
1058 3926 1162 4004 κυρίου
1173 3943 1230 4001 μου
1242 3920 1297 3979 τοῦ
1310 3922 1398 4002 βασι-

153 3996 230 4083 πρός
243 3997 434 4085 τὸνβασιλέα
455 4005 494 4075 είς
507 3999 543 4065 τό
556 4014 685 4084 ταμεῖον.
711 4005 762 4066 καί
792 4001 868 4076 λίτος
882 4000 943 4084 μετ’
963 3999 1073 4080 αότόνς
1098 4003 1130 4045 ²⁸
1143 4002 1195 4065 καί
1212 3997 1288 4062 ὀπεκ
1308 4008 1362 4085 ίθη
1380 4000 1397 4066 ὁ

153 4077 172 4145 ό
217 4080 331 4157 αοιλεύς
355 4081 518 4188 πρεσβύτηρ
543 4084 669 4171 σφόδρα.
709 4087 762 4150 καί
791 4081 928 4169 βασιλεὺς
950 4085 1056 4160 Δαυίδ,
1079 4084 1131 4148 καί
1153 4082 1224 4148 εἶπε.
1252 4025 1401 4150 καλέσατί

203 4161 274 4241 ισόιν
286 4160 304 4248 ἡ
318 4171 488 4248 Σωμανῖτις
500 4193 536 4251 ην
547 4167 760 4254 λειτουργοῦσα
790 4191 839 4247 μοι
850 4164 905 4251 τήν
917 4170 1081 4255 Βηρσαβεέ.
1108 4169 1160 4231 καὶ
1177 4165 1307 4251 είςηλθεν
1326 4165 1399 4233 ἐνώ-

153 4250 197 4328 τρῖ
212 4247 335 4334 βασιλεῖ.
372 4250 468 4314 16καί
485 4253 576 4333 ε’ίιυινε
593 4250 760 4399 Βηρσαβεέ,
789 4251 1100 4376 πιοντοῦβασιλίως,
1124 4254 1175 4316 καί
1188 4254 1258 4333 ε”στη
1273 4248 1399 4317 ἐνοίπιον

153 4331 203 4393 καί
215 4326 407 4415 προςεκύνησε
419 4336 464 4415 τῷ
474 4333 598 4420 βασιλεῖ.
619 4337 671 4400 καί
682 4359 696 4398 ε
707 4357 760 4399 πεν
790 4329 895 4398 αὐτοῦ.
922 4335 937 4375 2
966 4335 1017 4397 καί
1030 4333 1146 4417 ιίίμοοεν
1158 4331 1176 4398 ὁ
1189 4333 1331 4420 βασιλεὺς,
1346 4339 1396 4402 καί

151 4408 324 4516 ὀβαοιλεύς.
350 4421 382 4479 τί
394 4419 458 4480 ἔστι
476 4443 522 4482 σοι
527 4443 540 4493 ,·
565 4419 594 4460 ¹⁷
607 4414 625 4501 ἢ
638 4415 756 4481 δίείπε.
789 4414 860 4482 είπε.
885 4418 922 4508 ζῇ
946 4412 1045 4502 κύριος
1069 4413 1105 4493 ίίς
1128 4414 1317 4505 ἐλυτρόσατο
1344 4418 1398 4500 τήν

151 4520 230 4584 κυριε
253 4494 289 4562 ού
316 4495 436 4582 ὤμοσας
461 4501 492 4563 ίν
513 4503 669 4585 κυρίῳτηό
692 4502 759 4582 θεῷ
789 4495 885 4584 ψυχήν
895 4525 955 4584 μου
967 4502 999 4565 ἐκ
1012 4501 1108 4586 πάσης
1119 4502 1270 4588 θλίψεως,
1296 4504 1328 4545 ³⁰
1348 4498 1398 4601 ότι

1289 4593 1397 4654 καθως
