2924 4972
234 221 613 286 MAKKABAmN
639 223 903 283 Ασννσνοα
941 226 1019 298 κιφ.
1033 217 1069 283 ε’.
1083 218 1119 295 ς’.
1134 225 1163 284 τ.
1178 221 1208 287 6.
1292 221 1358 288 99⁵

108 337 204 418 ι’·’τυχεν
224 333 401 411 ἐγκλεισθεὶς
413 330 490 414 πρὸς
509 330 545 394 Ἀ
565 334 636 395 ε’ταν
656 331 712 394 τόν
755 329 789 394 τὸ
809 333 900 405 ἔθνος
918 329 972 396 τὸν
988 329 1087 398 τόπον
1109 330 1127 397 ὁ
1148 332 1248 417 κύριος
1264 334 1358 410 ἐξελέ-

109 415 313 502 τωνἈράβων
327 411 484 499 τύραννον,
506 358 712 479 πόλινέκπό-
752 416 833 488 ξατο.
870 417 901 456 ²⁰
913 411 1014 498 διόπερ
1035 417 1087 479 καί
1110 414 1200 492 αύτὸς
1223 420 1241 482 ὁ
1264 414 1360 494 τόπος

108 502 183 576 λεως
191 497 329 581 φεύγων,
356 493 528 578 διωκόμενος
550 493 612 562 ύπύ
635 494 713 562 πάν-
751 498 961 580 συμμετασχὼν
981 502 1041 561 τῶν
1058 502 1237 600 τοῦιέθνους
1256 502 1359 578 δυςπε-

108 608 185 658 των,
211 584 262 647 καί
275 582 469 663 στυγούμενος
487 578 526 655 ὡς
545 585 605 645 τῶν
618 579 715 663 νόμων
750 581 889 664 σημάτων
900 585 1082 665 γενομένων,
1107 581 1232 666 ὕστερον
1245 583 1359 669 εύεργε·

110 661 294 747 ἀποστάτης,
304 667 355 728 καί
365 665 591 750 βδελυσσόμενος
603 662 644 739 ὡς
653 691 715 728 πα-
750 661 889 747 τημάτων
907 662 966 730 {md
991 670 1048 729 τοῦ
1061 670 1163 750 κυρίου
1175 664 1358 749 ἐκοινώνησε,

109 750 208 835 τρίδος
220 751 272 814 καί
283 747 418 813 πολιτῶν
430 744 541 831 δήμιος,
565 752 604 822 είς
617 749 715 825 Αίγυ-
750 751 801 812 καί
813 744 831 812 ὁ
845 749 1053 830 καταλειφθείς
1072 751 1103 812 ἐν
1122 751 1162 854 τῇ
1174 753 1232 813 τοῦ
1244 774 1359 815 παντο-

109 859 187 899 πτον
213 829 414 917 συνεβράσθη.
446 834 526 896 ”nal
552 828 569 896 ὁ
596 827 716 915 συχνούς
750 832 897 917 κράτορος
921 832 996 924 ὀργῇ
1026 827 1119 897 πάλιν
1131 857 1163 897 εν
1187 836 1225 924 τῇ
1239 836 1357 914 τοῦμε-

109 921 162 998 τῆς
186 916 333 998 πατρίδος
357 909 548 991 ἀπσξενιύσας
576 917 627 979 ἐπὶ
635 917 716 997 ξένης
748 913 844 992 γάλου
858 913 1006 980 δεσπότου
1019 915 1195 1005 καταλλαγῇ
1208 914 1281 997 μετά
1293 911 1356 982 πά-

111 997 250 1064 ἀπάλετο
273 997 348 1077 πρὸς
369 999 622 1080 Λακεδαιμονίους
640 997 716 1064 ἀνα-
751 1025 803 1082 σης
825 997 912 1084 δόξης
933 997 1158 1100 ἐπανωρθάθη.
1197 1002 1224 1040 ²¹
1243 997 1261 1063 ό
1283 1005 1358 1077 γοῦν

110 1086 202 1167 χθείς,
215 1079 256 1156 ὡς
266 1083 316 1146 διὰ
330 1079 382 1165 την
400 1084 568 1159 συγγένειαν
581 1079 716 1163 τευξόμε-
746 1081 897 1167 Ἀντίοχος
910 1079 1074 1148 ὀκτακόσια
1092 1108 1168 1165 προς
1181 1093 1244 1157 τοῖς
1274 1081 1359 1158 ιλίοις

110 1191 160 1240 νος
173 1168 289 1268 σκέπης.
315 1168 343 1207 ¹⁰
356 1167 406 1229 καί
424 1161 441 1229 ό
454 1164 577 1247 πλῆθος
589 1162 717 1245 ἀτάφων
751 1163 983 1247 ἀπενεγκάμενος
1002 1170 1034 1231 ἐκ
1046 1169 1102 1230 τοῦ
1115 1171 1195 1249 ἱεροῦ
1219 1191 1257 1230 τα
1300 1189 1355 1230 ντα

110 1253 236 1332 ἐκρίφας
249 1251 421 1331 απένθητος
435 1244 578 1331 ἐγενηθη,
600 1250 651 1312 καί
663 1275 717 1333 κη-
750 1253 867 1314 θάττον
880 1254 918 1322 είς
925 1246 1106 1332 Ἀντιόχειαν
1120 1252 1283 1333 ἐχωρίσθη,
1292 1246 1358 1315 οίό-

109 1332 187 1405 δείας
201 1329 267 1395 οὐδ’
300 1331 472 1415 ἡςτινοσούν
490 1329 559 1395 ούτε
572 1328 716 1416 πατρῴου
749 1357 831 1415 μενος
849 1329 913 1396 ἀπὸ
939 1334 988 1416 της
1011 1329 1213 1418 ὑπερηφανίας
1231 1332 1285 1415 τὴν
1307 1331 1359 1414 μὲν

111 1410 209 1493 τάφου
226 1417 352 1497 μετέσχε.
392 1419 417 1456 ¹¹
435 1410 663 1499 προςπεσόντων
685 1414 717 1480 δὲ
748 1421 804 1498 γην
816 1414 938 1519 πλωτην
950 1417 1001 1480 καὶ
1013 1415 1050 1479 τὸ
1063 1415 1196 1492 πέλαγος
1209 1414 1358 1500 πορευτὸν

110 1502 154 1580 τῷ
165 1496 283 1582 βασιλεῖ
291 1499 359 1581 περὶ
369 1502 429 1561 τῶν
437 1496 716 1575 γεγονότων,διε’λα-
750 1503 863 1564 θέσθαι
875 1499 924 1563 δια
938 1497 991 1563 τὸν
1009 1497 1205 1583 μετεωρισμὸν
1218 1503 1271 1582 της
1284 1524 1358 1583 καρ-

112 1587 159 1665 βεν
177 1577 361 1646 ἀποστατεῖν
382 1579 435 1664 τὴν
457 1579 617 1647 Ἰουδαίαν.
645 1581 718 1647 ὅθεν
750 1584 823 1656 δίας.
858 1580 1039 1646 22κατελιπε
1061 1580 1093 1646 δὲ
1119 1583 1171 1646 καί
1195 1576 1359 1658 ἐπιστάτας

112 1659 270 1738 ἀναζεύξας
283 1668 313 1740 ἐξ
325 1662 488 1741 Αἰγύπτου
502 1669 717 1748 τεθηριωμένος
750 1670 806 1730 τοῦ
820 1670 931 1730 κακοῦν
945 1662 980 1730 τὸ
993 1668 1093 1743 γένος,
1119 1669 1151 1731 ἐν
1168 1662 1358 1749 μὲνἹερσαο-

112 1752 148 1838 τι]
164 1751 256 1841 ψυχῇ,
269 1747 359 1854 ἔλαβε
371 1746 425 1812 τ“ν
438 1746 492 1829 μὲν
504 1743 594 1812 πόλιν
606 1745 717 1833 δορυά·
749 1749 854 1829 λύμαις
863 1748 1017 1813 Φίλιππον
1031 1748 1068 1813 τὸ
1080 1747 1132 1829 μὲν
1143 1753 1227 1827 γενος
1238 1744 1357 1832 Φρύγα,

111 1830 216 1894 λωτον.
243 1833 270 1871 ¹²
284 1858 335 1895 και
348 1833 396 1894 ἐκέ
428 1855 477 1895 υσε
490 1843 553 1904 τοῖς
565 1828 717 1917 στρατιά·
749 1831 805 1897 τὸν
819 1832 851 1897 δὲ
868 1827 985 1916 τρόπον
1001 1829 1233 1917 βαρβαρώτεροι
1250 1835 1358 1914 ἔχοντα

112 1936 177 1987 ταις
189 1912 309 1977 κόπτειν
323 1911 450 1994 ἀφειδῶς
467 1911 539 1987 τούς
551 1918 714 1996 ἐμπίπτον·
750 1920 805 1981 τοῦ
817 1913 1069 1999 καταστήσαντος.
1101 1915 1131 1955 ²³
1144 1919 1176 1980 ἐν
1189 1914 1221 1979 δὲ
1234 1915 1358 1997 Γαριζὶν

110 2021 175 2071 τας,
194 1997 331 2072 καὶτοὺς
349 2002 387 2071 εἰς
405 1995 459 2072 τάς
479 2002 573 2072 οἰκίας
588 1995 715 2083 ἀναβαί-
744 1998 940 2080 Ἀνδρόνικον.
974 1995 1051 2081 πρός
1069 1995 1102 2062 δὲ
1119 1995 1238 2072 τούτοις
1257 1998 1359 2063 Μενί-

110 2102 217 2151 νοντας
241 2078 448 2158 κατασφάξειν.
488 2082 515 2123 ¹³
528 2084 659 2158 ἐγίνοντο
686 2081 718 2147 δὲ
750 2080 841 2157 λαον,
867 2078 1042 2164 δςχείριστα
1055 2085 1115 2145 τῶν
1128 2079 1229 2145 ἀλλων
1248 2074 1359 2183 ὑπερβ-

110 2157 185 2225 νίων
196 2161 248 2222 καί
260 2157 469 2244 πρεσβυτέρων
481 2163 717 2244 ἀναιρέσεις,ἀν-
749 2190 817 2246 ρετσ
838 2176 902 2237 τοῖς
919 2165 1066 2236 πολίταις,
1092 2162 1211 2246 ἀπεχθῆ
1231 2164 1263 2228 δὲ
1281 2187 1359 2248 προς

110 2244 189 2327 δρῶν
199 2267 230 2305 τε
239 2245 289 2305 καί
297 2247 442 2319 γυναικῶν
451 2246 501 2306 καί
511 2242 622 2309 τέκνων
634 2245 714 2326 ἀφα-
749 2244 821 2320 τούς
839 2245 964 2318 πολίτας
978 2243 1141 2318 Ἰουδαίους
1159 2249 1234 2327 ἔχων
1251 2244 1358 2310 διάθε-

110 2325 223 2410 νισμὸς,
236 2321 400 2410 παρθένων
408 2350 438 2389 τε
448 2328 499 2388 καί
508 2334 622 2407 νηπίων
636 2353 714 2408 σφα·
749 2354 804 2392 σιν.
830 2326 862 2367 ²⁴
876 2330 989 2408 ἔπεμψε
1001 2326 1033 2392 δὲ
1046 2325 1099 2390 τὸν
1109 2326 1263 2412 μυσάρχην
1280 2325 1358 2391 ’Λπ-

109 2415 169 2488 γαί.
195 2408 224 2450 ¹⁴
239 2406 365 2474 ὀκτώδὲ
383 2404 518 2494 μυριάδες
531 2413 562 2474 ἐν
576 2420 642 2484 ταῖς
653 2405 716 2476 πά·
746 2405 890 2475 ολλάνιον
908 2410 981 2491 μετὰ
1011 2405 1232 2495 στρατεύματος
1259 2411 1359 2513 διςχιυ·

110 2519 175 2568 σαις
209 2489 329 2576 ἡμέραις
365 2497 444 2578 τρισὶ
470 2489 714 2577 κατεφθάρησαν.
746 2490 907 2578 ρίωνπρός
924 2503 990 2567 τοῖς
1009 2492 1168 2592 διςχιλίοις,
1188 2495 1359 2579 προςταξας

110 2576 251 2659 τέσσαρες
274 2575 326 2658 μὲν
350 2580 381 2641 ἰν
403 2580 506 2676 χειρῶν
531 2589 645 2658 νομαῖς,
660 2575 715 2659 οὐχ
747 2576 819 2651 τοὺς
840 2581 871 2642 ἕν
893 2574 989 2658 ἡλικίᾳ
1014 2601 1130 2650 παντας
1153 2573 1356 2658 κατασφάξαι,

109 2652 202 2741 ἦττον
211 2658 243 2721 δὲ
253 2663 312 2723 τῶν
323 2663 515 2740 ἐσφαγμενων
525 2655 713 2743 ἐπράθησαν.
748 2656 801 2733 τάς
823 2659 856 2724 δὲ
876 2671 1016 2735 γυναῖκας
1038 2660 1090 2724 καί
1112 2663 1272 2762 νεωτέρους
1288 2685 1365 2749 που-η

110 2745 136 2784 ¹⁵
150 2744 200 2804 καί
213 2739 269 2806 ούκ
281 2741 435 2826 ἀρκεσθείς
447 2741 479 2807 δὲ
492 2739 612 2817 τούτοις
627 2767 714 2807 καττ-
748 2742 814 2819 λείν.
853 2741 882 2784 ²⁵
896 2734 986 2817 ούτας
1003 2740 1036 2809 δὲ
1053 2765 1294 2828 παραγενομενσς
1315 2746 1355 2817 εἰς

110 2821 254 2906 τόλμησεν
271 2829 309 2897 εἷς
322 2823 359 2889 τὸ
378 2821 478 2908 πάσης
490 2831 541 2909 τῆς
554 2830 609 2928 γης
621 2822 715 2902 ἀγιιό-
743 2820 957 2909 Ἰεροσόλυμα,
983 2826 1036 2892 καί
1054 2823 1108 2891 τὸν
1120 2814 1265 2909 εἰρηνικόν
1276 2822 1355 2891 δπο-

109 2930 201 2971 τατον
228 2905 306 2987 ἱερὸν
332 2907 478 2983 είςελθεῑν,
504 2910 615 2991 ὁδηγον
640 2911 715 2993 ἔχων
747 2912 866 2993 κριθείς,
880 2911 999 2992 ἐπέσχεν
1013 2913 1069 2984 ἕως
1081 2913 1132 2994 ,της
1144 2907 1232 2987 ἁγίας
1246 2908 1356 2993 ἡμέρας

109 2991 342 3065 τὸνΜενιλαον,
353 2988 406 3056 τόν
418 2995 468 3056 καί
480 2997 541 3058 των
554 2987 651 3074 νόμων
664 2992 715 3056 καί
747 2995 802 3056 τοῦ
816 2987 978 3078 σαββάτου.
1006 2995 1058 3057 καὶ
1069 2992 1171 3097 λαβὼν
1185 2991 1356 3076 ἀργοῦντας

109 3076 162 3156 τῆς
197 3073 344 3154 πατρίδος
379 3071 531 3158 προδότην
560 3070 713 3152 γεγονότα.
748 3075 820 3149 τούς
830 3071 997 3150 Ἰουδαίους
1015 3087 1080 3151 τοῖς
1103 3073 1151 3152 αφ’
1168 3074 1279 3141 ἑαυτὸν
1291 3077 1357 3151 ἑξο-

109 3157 138 3197 ¹⁰
147 3157 198 3218 καί
210 3168 276 3230 ταῖς
285 3168 404 3242 μιαραῒς
412 3160 494 3243 χερσί
501 3157 540 3224 τὰ
553 3156 619 3244 ίερά
628 3154 715 3240 σκεύη
748 3158 880 3243 πλησίον
897 3156 1083 3242 παρήγγειλε.
1108 3160 1139 3201 ²⁶
1154 3160 1206 3225 καί
1222 3158 1296 3233 τοὺς
1309 3158 1357 3232 ἐξ·

109 3236 275 3324 λαμβάνων,
289 3241 340 3304 καί
348 3239 388 3305 τά
400 3239 447 3307 ὑπ’
460 3241 561 3308 ἀλλων
569 3242 716 3328 βασιλέων
749 3238 895 3317 ελθόντας
925 3238 1042 3318 πάντας
1067 3245 1118 3308 ἐπί
1141 3242 1196 3325 τὴν
1223 3245 1357 3324 θεωρίαν

110 3320 297 3388 ἀνατεθέντα
319 3321 397 3410 πρὸς
414 3324 537 3410 αύξησιν
560 3328 612 3391 καί
629 3324 717 3402 δόξαν
750 3327 978 3407 συνεξεκέντησε,
1003 3331 1054 3390 καί
1072 3331 1111 3398 είς
1129 3321 1183 3406 τὴν
1199 3322 1288 3388 πόλιν
1304 3323 1357 3386 σύν

109 3411 166 3470 τοῦ
184 3404 283 3471 τόπου
302 3409 353 3471 καί
373 3408 475 3490 τιμ“ν,
501 3420 566 3484 ταῖς
581 3408 717 3492 βεβήλοις
750 3419 813 3482 τοῖς
840 3405 946 3479 ὅπλοις
970 3405 1132 3488 είςδραμών
1150 3404 1238 3468 ίκανά
1265 3404 1355 3468 κατί-

108 3490 189 3573 χερσί
202 3485 356 3571 συσσύρων
372 3437 516 3553 ἐπεδίδου.
544 3492 570 3532 ¹⁷
584 3491 636 3552 καί
652 3492 715 3570 ἐμε·
750 3513 860 3571 στρωσε
871 3483 988 3571 πλήθη.
1013 3489 1043 3531 22
1054 3484 1169 3560 Ἰούδας
1181 3484 1213 3550 δὲ
1226 3482 1244 3552 ό
1258 3491 1354 3551 Μακ-

110 3572 263 3654 τεωρίζετο
286 3569 340 3674 την
361 3567 496 3636 διάνοιαν
518 3566 714 3655 όἈντίοχος,
748 3576 874 3657 καβαΐος
896 3569 1019 3645 δέκατός
1043 3595 1107 3634 που
1119 3569 1277 3654 γεννηθεὶς,
1302 3569 1355 3633 καί

110 3651 147 3718 ού
164 3649 416 3737 συνορῶν,ότιδιά
429 3653 483 3727 τὰς
493 3650 641 3736 ἁμαρτίας
653 3658 715 3720 τῶν
749 3650 942 3738 ἀναχωρήσας
960 3658 999 3727 είς
1014 3652 1069 3736 τὴν
1086 3655 1210 3737 ἔρημον,
1236 3656 1355 3734 θηρίων

109 3730 258 3819 τὴνπόλιν
271 3731 432 3801 οἰκούντων
442 3734 630 3818 ἀπόργισται
639 3741 715 3843 βρα-
748 3731 862 3819 τρόπον
880 3738 913 3800 ἐν
931 3747 994 3812 τοῖς
1017 3734 1098 3820 όρεσι
1115 3736 1193 3837 διεζη
1218 3734 1274 3800 σύν
1292 3744 1355 3809 τοῖς

109 3822 184 3905 χέας
196 3817 213 3882 ὁ
227 3813 385 3901 δεσπότης,
410 3817 456 3884 διὸ
468 3823 570 3897 γέγονε
581 3844 650 3906 περι
662 3819 716 3884 τὸν
747 3818 806 3903 μετ’
822 3816 933 3894 αὐτοῦ,
959 3820 1012 3884 καί
1022 3817 1077 3903 τὴν
1088 3817 1225 3903 χορτωδη
1237 3812 1355 3902 τροφίην

111 3899 207 3969 τόπον
222 3898 397 3987 παρόρασις.
433 3903 462 3944 ¹⁸
480 3907 505 3966 εί
523 3899 555 3967 δὲ
570 3903 609 3986 μη
628 3905 716 3968 συνί-
748 3897 914 3984 σιτούμενοι
930 3902 1092 3977 διετελουν,
1111 3899 1190 3986 πρὸς
1203 3900 1238 3966 τὸ
1251 3897 1292 3984 μὴ
1304 3924 1355 3983 με·

110 3992 191 4074 βαινε
211 3989 421 4072 προενέχεσθαι
440 3984 566 4061 πολλοῖς
580 3982 715 4071 ἁμαρτή-
747 3989 932 4069 τασχεῖντού
944 3985 1109 4068 μολυσμοῦ.

108 4096 197 4153 μασι,
222 4070 362 4155 καθάπερ
377 4068 394 4134 ὁ
409 4065 715 4153 Ἡλιόδωροςόπεμ-
948 4073 1023 4132 ΚΕ
1038 4073 1075 4133 Φ.
1120 4064 1164 4144 ς’.

109 4155 198 4232 φθείς
211 4149 271 4218 ὑπὸ
278 4149 425 4220 Σελεύκου
437 4158 496 4219 τού
508 4153 654 4238 βασιλέως
666 4154 716 4218 ἐπὶ
748 4115 846 4216 Μετ’
863 4149 900 4218 ού
912 4149 1013 4218 πολύν
1022 4150 1054 4218 δὲ
1068 4149 1173 4237 χρόνον
1186 4153 1352 4226 ἐξαπέστει-

109 4230 164 4318 την
177 4235 331 4318 ἐπίσκεψιν
344 4242 398 4304 τοῦ
410 4235 647 4315 γαζοφυλακίου,
661 4227 716 4301 ού·
748 4235 797 4302 λεν
823 4232 842 4301 ὁ
887 4231 1004 4310 ασιλεύς
1028 4239 1158 4322 γέροντα
1177 4232 1353 4317 Ἀθηναῖον,

70 4397 75 4405 .
107 4342 160 4392 τος
184 4321 346 4400 προαχθείς
361 4323 541 4422 παραχρημα
565 4344 716 4401 μαστιγω-
748 4315 866 4397 ἀναγκά
881 4344 923 4385 ειν
947 4318 1020 4394 τούς
1029 4317 1194 4390 Ἰουδαίους
1211 4320 1354 4402 μεταβαί-

64 4427 67 4436 ·
109 4403 175 4475 θεὶς
187 4396 338 4485 ἀνετράπη
357 4408 412 4468 τοῦ
435 4415 581 4488 θρασους.
607 4403 635 4444 ¹⁹
649 4400 712 4468 ἀλλ’
748 4427 805 4467 νειν
818 4406 850 4467 ἐκ
864 4407 924 4468 τῶν
936 4399 1088 4487 πατρῴων
1099 4396 1206 4482 νόμων,
1227 4401 1355 4474 καὶτοῖς

109 4481 144 4550 ού
159 4483 208 4550 διὰ
223 4482 277 4551 τὸν
290 4480 388 4550 τόπον
398 4485 435 4551 τὸ
449 4491 553 4563 ἔθνος,
573 4485 653 4552 ἀλλὰ
667 4485 717 4552 διὰ
748 4490 806 4551 τού
831 4491 907 4630 θίρύ
939 4482 1038 4567 νόμοις
1065 4484 1105 4569 μη
1131 4480 1354 4607 πολιτεύειηθαι.

892 4588 970 4630 ενα
1298 4592 1354 4648 μο-
