2924 4972
293 249 592 315 ΒΑΣιΛΕιαΝ
618 248 853 312 mmm
890 243 1103 327 νιεωγῖνε.
1249 252 1317 317 40³

69 357 259 442 καλεσάμενος
276 359 346 437 τούς
364 358 473 438 λόγους
487 357 614 435 τούτους
626 358 678 437 οὓς
709 385 778 436 πον,
803 362 886 425 έσται
900 358 936 424 τὸ
950 358 1047 444 ὄνομά
1059 386 1117 441 μου
1130 364 1195 425 ἐκεῖ.
1221 362 1252 404 22
1265 364 1316 426 καί

69 444 270 510 ἐπεκαλέσατο
310 446 360 509 ἐπὶ
395 445 431 507 τὸ
461 441 678 546 θυσιαστηριον
709 442 747 509 τά
759 440 853 508 λοιπά
865 447 926 510 τοῖν
938 439 1038 524 λόγων
1047 441 1166 509 Ἰωσίου
1177 446 1228 509 καὶ
1238 440 1314 509 πάν·

68 527 204 610 Βαιθηλ.
240 530 335 592 12καὶ
353 524 439 593 εἶπεν.
465 526 554 606 ἀφετε
571 526 676 600 αυτὸν,
708 551 747 590 τα
762 523 819 591 ὅσα
835 529 978 609 ἐποίησεν,
995 526 1174 632 ούχίταῡτα
1188 552 1313 611 γεγραμ-

69 607 144 695 ἀνέχρ
160 608 201 693 μὴ
214 606 420 695 κινησάτωσαν
431 608 471 675 τά
484 607 559 676 ἀστᾶ
571 608 676 674 αὐτοῦ.
707 612 780 690 μένα
801 610 851 673 cuz
875 610 979 695 βιβλία
1004 610 1102 690 λογων
1121 605 1234 695 ἡμερῶν
1252 620 1316 687 τοῖς

69 695 120 758 καί
136 690 308 779 έρύσδησαν
328 694 368 760 τά
395 691 474 759 ὀστιὶ
492 690 586 757 αύτοῦ
603 688 677 776 μετά
707 690 877 779 βασιλεῦσιν
889 676 1009 772 Ἰούδας
1034 696 1064 737 ²³
1078 697 1108 759 έν
1120 693 1152 760 δὲ
1166 703 1231 768 ταῖς
1245 688 1315 775 ἦμέ·

67 780 130 842 τῶν
140 775 239 843 ἀστῶν
249 781 303 842 τού
315 773 473 862 προφήτου
486 781 540 841 τοῦ
553 773 677 858 ἥκοντος
708 800 773 861 ραις
785 770 880 839 αύτοῦ
898 772 989 862 ἀνέβη
1005 775 1120 865 Φαραὼ
1132 773 1245 862 Νεχαιύ
1257 780 1315 856 βα·

69 864 101 925 ἐκ
112 866 289 943 Σαμαρείας.
328 864 356 904 ¹⁹
367 866 420 925 καί
429 885 461 938 γε
475 855 593 934 πάντας
605 855 677 933 τούς
709 855 805 931 σιλεύς
821 853 984 935 Αἰγύπτου
1005 861 1054 924 eui
1069 860 1191 945 βασιλέα
1205 859 1315 925 Ἀσσυ-

69 945 166 1019 οἴκους
179 949 239 1008 τῶν
250 942 373 1027 ὑψηλῶν
382 941 449 1019 τούς
459 946 491 1008 έν
500 953 566 1018 ταῖς
574 939 677 1007 πόλεσι
708 947 781 1028 ρίιον
792 941 843 1004 ἐπὶ
854 940 990 1023 ποταμὸν
998 941 1171 1028 Εάφροίτην,
1182 946 1232 1009 καὶ
1241 946 1314 1009 ίπο-

67 1032 251 1127 Σαμαρείας,
265 1023 316 1102 οὓς
328 1030 470 1127 ἐποίησαν
479 1025 607 1112 βασιλεῖς
616 1023 678 1089 Ἰσ-
708 1020 801 1109 ρεύθη
811 1020 929 1099 Ἰωσίας
941 1029 980 1100 είς
992 1020 1129 1109 ἀπαντίχν
1141 1024 1246 1102 αὐτοῦ,
1263 1026 1314 1091 καί

68 1110 148 1192 ραηλ
165 1113 351 1215 παροργίζειν
375 1132 491 1194 κυριον,
517 1106 678 1191 ἀπέστησεν
709 1103 901 1173 ἐθανάτωσεν
914 1104 1009 1173 αύτὸν
1022 1107 1133 1232 Νεχρώ
1147 1113 1179 1172 ἐν
1191 1110 1315 1185 Μαγεδ-

63 1191 196 1266 Ἰωσίας,
209 1218 261 1256 και
272 1195 407 1275 ἐποίησεν
419 1197 449 1256 ἐν
463 1188 567 1264 αὐτοῖς
576 1189 679 1254 πάντα
709 1190 752 1273 δῷ
765 1192 797 1255 έν
806 1195 849 1272 τῷ
864 1190 933 1254 ἰδεῖν
946 1184 1048 1255 αάτύν.
1115 1190 1168 1255 καί
1179 1192 1316 1274 ἀπεβίβα-

70 1273 110 1336 τά
126 1275 198 1355 έργα
214 1271 383 1355 ἀέποίησεν
395 1277 426 1338 έν
438 1268 573 1355 Βαιθὴλ.
591 1275 622 1317 ²⁰
629 1273 680 1337 καί
709 1298 765 1337 σαν
782 1269 878 1337 αὐτὸν
891 1276 924 1338 οἶ
939 1273 1044 1348 παῖδες
1061 1269 1157 1337 αὐτοῦ
1171 1270 1270 1353 νεκρὸν
1284 1274 1316 1336 lx

70 1359 213 1420 έθυσίασε
225 1351 342 1430 πάντας
354 1353 423 1430 τούς
436 1359 518 1440 ἱερεῖς
530 1361 589 1419 τῶν
600 1353 679 1439 ύιμη-
709 1353 877 1433 Μαγεδδολ,
903 1357 955 1420 καί
973 1355 1083 1440 ἤγαγον
1100 1351 1194 1420 οιύτὸν
1206 1358 1245 1429 είς
1260 1351 1317 1419 Ἰε-

70 1439 132 1502 λῶν
153 1435 226 1513 τούς
243 1436 333 1513 ἀντας
350 1441 409 1505 ἐκεῖ
420 1441 471 1504 ἐπὶ
489 1443 550 1503 τῶν
567 1449 679 1503 δυσια-
709 1435 875 1524 ρουσαλίχμ,
901 1438 953 1503 καί
969 1440 1094 1587 &vanu
1111 1435 1207 1503 αύτὸν
1224 1439 1253 1501 έν
1271 1438 1318 1521 τῷ

70 1525 216 1604 στηρίων,
239 1523 292 1585 καὶ
303 1525 468 1587 κατέκαυσε
480 1520 519 1586 τά
530 1519 606 1586 ὀστᾶ
617 1525 679 1586 τῶν
709 1520 798 1605 τάφῳ
817 1522 920 1586 αὐτοῦ.
947 1523 1028 1586 καλέ
1072 1526 1121 1606 βεν
1137 1516 1155 1585 ἀ
1172 1518 1245 1594 λαὸς
1263 1524 1317 1601 τῆς

69 1599 245 1685 ἀνθρώπων
263 1602 308 1668 ἐπ’
324 1603 417 1680 αὐτά,
443 1607 494 1669 καί
507 1599 677 1707 ἀπεστράφη
707 1609 760 1688 γῆς
769 1602 823 1669 τὸν
832 1600 960 1690 Ἰιοάχαζ
968 1605 1032 1670 υἱὸν
1042 1602 1169 1679 Ἰασίου,
1177 1605 1229 1667 καί
1238 1606 1315 1707 ἔχρι·

69 1693 109 1762 εἷς
129 1684 332 1788 Ἰερουσαλήμ.
370 1690 398 1730 22
411 1689 461 1752 καὶ
478 1688 676 1753 ένετείλατοο
708 1712 764 1753 σαν
790 1684 899 1762 αὐτὸν,
928 1689 979 1753 καί
1005 1686 1196 1773 ἐβασίλευσαν
1220 1684 1314 1752 αυτὸν

68 1768 204 1858 βασιλευς
215 1773 307 1835 παντί
319 1774 362 1853 τῷ
375 1769 452 1854 λαῷ,
465 1769 569 1846 λέγων.
586 1768 677 1854 ποιή-
706 1768 775 1837 ἀντὶ
787 1773 844 1835 τοῦ
853 1767 968 1856 πατρὸς
982 1767 1086 1837 αὐτού.
1108 1771 1136 1811 ³¹
1149 1764 1212 1845 υίὸς
1224 1770 1315 1833 εἴκοσι

70 1877 142 1919 σατε
159 1849 261 1937 πάσχα
280 1859 324 1936 τῷ
342 1859 434 1938 κυρίῳ
446 1857 511 1936 θεῷ
527 1851 609 1937 ἡμῶν
620 1879 675 1917 κα-
707 1855 759 1919 καὶ
774 1857 866 1938 τριιάν
884 1856 958 1918 ἰτιάν
971 1842 1006 1937 ἦν
1019 1848 1149 1939 Ἰωάχαζ
1159 1855 1191 1919 έν
1202 1856 1247 1937 τῷ
1257 1854 1314 1939 βα-

69 1933 133 2010 δάς
149 1938 313 2022 γέγραπται
336 1939 386 2001 ἐπὶ
401 1937 515 2023 βιβλίου
540 1940 592 2020 τῆς
610 1936 676 2001 δια·
706 1931 823 2001 σιλεύειν
836 1933 937 2013 αύτόν,
950 1939 1002 2003 καὶ
1014 1942 1152 2023 τρίμηνον
1164 1936 1313 2022 ἐβασίλευ-

69 2015 164 2102 θηκης
176 2016 294 2104 ταύτης.
321 2023 349 2062 22
364 2016 411 2084 ὅτι
429 2019 484 2085 οάκ
501 2018 627 2104 ἐγενήθη
639 2016 677 2085 τὸ
707 2046 756 2086 σεν
769 2022 800 2084 ἰν
812 2018 1022 2123 Ἰερουσαλίχμ,
1036 2020 1088 2085 καὶ
1099 2019 1195 2104 ὄνομα
1207 2023 1245 2113 τῇ
1257 2044 1315 2103 μη·

70 2098 173 2186 πάσχα
195 2109 286 2169 τοῦτο
304 2100 353 2182 ἀφ’
370 2099 482 2186 ἡμερῶν
494 2108 557 2169 τῶν
568 2106 677 2187 κριτῶν
707 2105 754 2188 τρί
775 2101 869 2167 αὐτοῦ
882 2103 1006 2184 Ἀμιταλ
1024 2099 1160 2187 θυγάτηρ
1173 2097 1314 2187 Ἰερεμίου

72 2192 104 2250 οἳ
114 2189 228 2271 ἔκρινον
240 2182 295 2252 τάν
309 2184 434 2269 Ἰσραὴλ
445 2188 498 2251 καί
509 2180 611 2262 πάσας
623 2180 677 2259 τάς
708 2187 739 2249 ἐκ
751 2180 870 2270 Λοβνά.
895 2187 926 2228 22
938 2188 989 2251 καί
1001 2190 1119 2269 έποίησε
1131 2182 1168 2250 τὸ
1180 2183 1315 2269 πονηρὸν

70 2267 181 2352 ἡμέρας
203 2269 352 2354 βασιλέων
372 2265 497 2351 Ἰσραὴλ
520 2269 572 2332 καί
585 2272 678 2369 βασι·
708 2270 738 2331 έν
750 2264 921 2351 ὀφθαλμοῖς
937 2275 1040 2354 κυρίου
1053 2266 1131 2333 κατά
1142 2262 1244 2334 πάντα
1257 2268 1315 2333 ἀσα

69 2352 146 2417 λέων
159 2349 272 2416 Ἰούδα.
297 2351 327 2392 22
340 2346 389 2414 ὅτι
405 2349 470 2416 ἀλλ’
485 2349 504 2432 ἢ
522 2353 568 2432 τῷ
580 2374 679 2414 οκτοο-
709 2351 855 2432 ἐποίησαν
879 2353 910 2414 οἱ
934 2353 1058 2431 πατέρες
1077 2349 1182 2415 αὐτοῦ.
1222 2352 1251 2394 22
1264 2352 1315 2416 καί

70 2429 236 2514 καιδεκάτῳ
255 2436 312 2496 έτει
329 2436 385 2496 τοῦ
404 2429 679 2517 βασιίέαςἸωσίου
705 2435 880 2534 μετέστησεν
902 2428 997 2497 αὐτὸν
1017 2431 1134 2517 Φαραὼ
1153 2431 1264 2532 Νεχαώ
1285 2434 1316 2495 ἐν

71 2510 197 2613 ἐγενηθη
210 2510 246 2577 τὸ
256 2510 359 2596 πάσχα
371 2519 415 2596 τῷ
426 2519 516 2596 κυρίω
527 2509 679 2598 ένἸερου-
715 2513 862 2598 Ραβλααμ
880 2514 910 2576 ἰν
926 2517 966 2605 γῇ
981 2510 1082 2610 Ἐμάθ
1097 2517 1155 2576 τοῦ
1170 2540 1210 2595 μη
1227 2517 1315 2598 βασι-

73 2596 181 2677 σαλημ.
207 2594 239 2636 ²⁴
252 2601 306 2659 καί
325 2619 358 2673 γε
373 2593 444 2671 τούς
460 2580 605 2678 θελητάς,
629 2595 681 2658 καί
710 2591 802 2661 λεύειν
814 2592 1066 2681 ε’νἸερουσαλημ,
1084 2596 1134 2659 καί
1148 2598 1253 2660 ἔδωκεν
1266 2598 1316 2680 ζη-

73 2675 144 2753 τούς
155 2678 335 2763 γνωριστάς,
352 2681 402 2744 καί
417 2677 455 2744 τά
474 2679 614 2764 Θεραφὶν,
630 2678 681 2741 καὶ
710 2684 781 2763 μίαν
794 2682 843 2744 ἐπὶ
854 2677 909 2762 την
919 2682 975 2763 γῆν
989 2676 1095 2742 ἕκατδν
1108 2674 1244 2743 τάλαντα
1260 2677 1316 2765 ἀρ-

71 2762 110 2826 τά
124 2761 246 2838 εἴδωλα,
271 2763 322 2827 καί
340 2760 441 2829 πάντα
460 2760 500 2827 τά
516 2766 681 2847 προςοχθί-
710 2768 815 2849 γυρίου
838 2765 890 2827 καί
906 2759 1014 2827 ἑκατὸν
1030 2756 1165 2828 τάλαντα
1186 2769 1315 2847 χρυσίου,

63 2855 169 2929 ’σματα
195 2843 234 2910 τά
250 2841 396 2924 γεγονότα
413 2850 445 2911 έν
462 2850 501 2939 τῇ
517 2852 557 2928 γῆ
579 2839 681 2911 Ἰούδα
710 2847 742 2889 ³⁴
755 2848 808 2912 καί
825 2846 990 2933 ἐβασίλευσε
1007 2841 1123 2927 Φαραώ
1136 2845 1248 2930 Νεχαώ
1268 2844 1312 2912 ἐπ’

69 2932 121 2995 καὶ
134 2932 164 2993 έν
172 2924 365 3013 Ἰερουσαλὴμ
378 2931 475 3015 ἐξῆρεν
486 2919 611 3005 Ἰωσίας,
629 2934 680 2993 ’ίνα
710 2927 822 3007 αύτούς
833 2930 886 2996 τὸν
902 2927 1036 3013 Ἔλυοικίμ
1049 2928 1113 2994 υἱὸν
1126 2926 1246 2993 Ἰωσίου
1258 2934 1314 3014 βα-

70 3008 165 3105 στηση
179 3012 249 3088 τούς
262 3010 369 3091 λόγους
381 3003 435 3079 τάῦ
448 3009 539 3098 νύμου
552 3009 622 3090 τούς
631 3037 679 3120 γε·
710 3015 814 3091 σιλέως
820 3008 924 3080 Ἰούδα
933 3013 998 3079 ἀντὶ
1006 3012 1126 3079 Ἰωσίου
1136 3017 1192 3077 τοῦ
1199 3011 1316 3099 πατρὸς

70 3099 249 3177 γραμμένους
274 3100 324 3163 ἐπὶ
335 3102 392 3163 τού
415 3097 532 3185 βιβλίου
558 3088 595 3165 ού
614 3123 678 3202 ευρε
709 3096 813 3164 αὐτοῦ.
827 3101 877 3164 καί
890 3100 1049 3184 ἐπέστρεψε
1061 3096 1095 3162 τὸ
1111 3095 1205 3181 ὄνομα
1218 3095 1316 3162 αὐτοῦ

73 3179 199 3254 Χελκίας
213 3177 230 3246 ὃ
244 3177 334 3267 ἱερεύς
346 3184 377 3244 έν
390 3183 463 3266 οἴκῳ
476 3187 585 3265 κυρίου.
604 3182 677 3246 22ὸ-
705 3179 837 3267 Ἰσιακίμ.
875 3179 994 3248 καὶτὸν
1011 3176 1139 3268 Ἰιοάχαζ
1157 3182 1247 3267 ἔλαβε
1264 3183 1316 3245 καί

72 3287 157 3346 μοιος
184 3261 268 3345 αύτῷ
289 3263 345 3328 οὐκ
363 3263 485 3347 ἐγενήθη
510 3269 677 3350 ἔμπροσθεν
708 3263 859 3349 είςηνεγκεν
871 3271 910 3340 εἰς
917 3268 1085 3342 Αἴγσσιτον,
1098 3266 1151 3328 καί
1164 3262 1316 3328 ἀπέθανεν

72 3344 171 3409 αὐτοῦ
191 3344 347 3489 βασιλεὺς,
373 3343 406 3420 ὃς
424 3351 585 3431 ἐπέστρεψε
601 3350 678 3432 πρὸς
708 3353 774 3413 ἐκεῖ.
800 3350 829 3391 ³⁵
843 3349 895 3411 καί
912 3347 948 3413 τὸ
967 3345 1109 3432 ἀργύριον
1125 3348 1176 3410 καί
1194 3343 1229 3408 τά
1245 3372 1316 3429 χρυ-

71 3424 174 3510 κύριον
206 3425 297 3517 νὸλη
314 3428 422 3511 καρδία
442 3426 553 3503 αὐτού,
578 3431 629 3493 καί
647 3433 679 3494 έν
710 3437 775 3495 σίον
788 3430 893 3495 ἔδωκεν
901 3427 1023 3512 Ἰωακὶμ
1035 3433 1081 3511 τῷ
1096 3432 1223 3510 Φαραῷ,
1238 3426 1317 3510 πλίχν

72 3507 129 3598 ὅλη
145 3512 224 3599 ψυχῇ
238 3506 344 3583 αὐτοῦ,
360 3512 411 3572 καί
423 3512 453 3572 ἐν
465 3506 521 3600 ὅλη
535 3509 613 3593 ἰσχύϊ
624 3508 679 3575 αύ-
711 3508 928 3597 ε’τιμογράφησε
945 3511 1000 3594 τὴν
1016 3515 1072 3594 γῆν
1087 3515 1144 3574 τοῦ
1160 3511 1262 3573 δουναι
1278 3509 1315 3574 τὸ

71 3597 129 3656 τοῦ
152 3590 232 3653 κατὰ
250 3586 351 3654 πάντα
373 3591 426 3655 τὸν
442 3587 530 3671 νόμον
549 3596 680 3673 Μωυσῆ,
712 3590 855 3680 ἀργύριον
868 3595 918 3659 ε’πί
931 3589 1080 3677 στόματος
1094 3587 1219 3677 Φαραώ.
1241 3588 1297 3677 ἀνίη

72 3676 125 3742 καὶ
141 3672 199 3754 μετ’
215 3673 310 3738 αὐτὸν
323 3673 377 3738 οάκ
391 3671 496 3755 ἀνέστη
509 3669 613 3755 ὅμοιος
626 3672 682 3737 αύ-
712 3675 789 3739 κατά
801 3675 855 3761 την
867 3682 1032 3780 συντίμησιν
1045 3672 1139 3740 αύτοῦ
1157 3674 1269 3740 ἐδιοκαν
1280 3618 1317 3740 τύ

73 3762 127 3842 τῷ.
160 3754 282 3840 22πλην
304 3755 360 3820 οὐκ
382 3751 561 3840 ἀπεστράφη
582 3751 682 3841 κύριος
713 3753 854 3843 ἀργύριον
878 3763 929 3825 καί
954 3785 991 3825 το
1015 3764 1138 3846 χρυσίον
1161 3755 1235 3842 μετά
1259 3764 1316 3825 τοῦ

75 3839 136 3906 ἀπὸ
150 3844 252 3923 θυμοῦ
262 3844 315 3923 της
328 3839 416 3943 ἀργης
426 3836 521 3904 αὐτοῦ
533 3834 682 3922 τῆςμεγά-
713 3839 791 3906 λαοῦ
809 3845 861 3926 τῆς
877 3847 931 3927 γῆς
947 3846 1005 3908 τοῦ
1022 3844 1122 3908 δοῦναι
1140 3845 1185 3926 τῷ
1199 3841 1315 3929 Φαραώ

75 3923 126 4007 λης
151 3916 187 3989 ού
213 3919 360 4007 ἐθυμώθη
383 3928 458 4017 οργῇ
476 3921 571 3988 αὐτοῦ
590 3927 620 3989 έν
636 3928 681 3988 τῶ
713 3920 832 4010 Νεχαιύ.
859 3927 889 3969 ³³
902 3925 965 4002 υίὸς
978 3927 1066 3992 εἴκοσι
1080 3927 1130 3990 καί
1141 3929 1227 3992 πέντε
1240 3932 1316 3993 ίτιῖνν

71 4003 172 4072 Ἰούδα
199 4010 250 4071 ε’πί
274 4004 345 4083 τούς
369 4004 601 4093 παροργισμούς,
628 3989 681 4083 ούς
709 4006 831 4092 Ἰιυακίμ
850 4011 881 4075 έν
897 4015 942 4094 τῴ
959 4006 1116 4096 βασιλεύειν
1134 4007 1226 4076 αὐτὸν
1231 4062 1240 4089 ,
1265 4011 1317 4076 καλ

74 4085 261 4174 παρώργισεν
279 4089 373 4155 αὐτὸν
387 4095 562 4174 Μανασσῆς.
589 4093 619 4135 ²⁷
630 4095 681 4158 καὶ
712 4094 809 4159 ἕνδεκα
823 4096 874 4178 έτη
885 4094 1067 4180 έβασιλευσεν
1076 4096 1106 4157 ἐν
1113 4090 1316 4178 Ἰερουσαλὴμ,

75 4172 137 4238 εἷπε
154 4170 263 4253 κύριος.
293 4179 347 4239 καί
360 4201 392 4252 γε
409 4171 462 4239 τάν
479 4172 581 4240 Ἰούδα
601 4172 680 4242 ἀπο-
712 4180 762 4242 καί
775 4176 869 4260 ὄνομα
884 4174 1248 4283 τῆμητρίαύτούἸελδάφ
1258 4187 1317 4241 θυ-

76 4251 177 4338 στήσω
191 4256 317 4322 ἀπὸτοῦ
327 4254 565 4343 προςιύπουμου,
575 4259 680 4333 καθώς
711 4256 806 4346 γάτηρ
819 4253 936 4328 Φαδοίίλ
947 4265 980 4326 έκ
998 4258 1110 4347 Ρουμά.
1120 4263 1204 4324 27καὶ
1215 4264 1317 4342 ἐποίη-

75 4335 231 4441 ἀπέστησα
247 4337 299 4404 τὸν
314 4339 451 4424 Ἰσραὴλ,
477 4343 528 4405 καὶ
541 4338 681 4406 ἀπειύσο-
713 4367 745 4407 σε
768 4343 804 4408 τὸ
827 4344 958 4432 πονηρὸν
980 4349 1011 4411 ἓν
1028 4345 1197 4427 ὀφθαλμοῖς
1214 4349 1318 4427 κυρίου

73 4448 127 4523 μρι
154 4446 207 4502 την
228 4418 317 4487 πόλιν
333 4425 444 4505 ταύτην
462 4419 496 4508 ἣν
513 4422 646 4528 ἐξελεξάμ
666 4448 682 4487 ν
712 4426 790 4490 κατὰ
807 4424 907 4492 πάντα
925 4426 983 4495 ὅσα
996 4431 1142 4507 ἐποίησαν
1154 4426 1184 4485 οί
1196 4427 1319 4507 πατέρες

73 4527 130 4586 την
137 4501 345 4590 Ἰερουσαλὴμ,
371 4508 420 4569 καί
433 4505 486 4571 τὸν
499 4505 581 4572 οἶκον
593 4531 654 4571 ουε
714 4507 818 4574 αὐτοῦ.
867 4591 894 4652 C
1248 4587 1281 4640 K

905 4614 922 4650 ι·
947 4610 964 4650 2
1280 4603 1328 4649 *Q-
