2924 4972
188 156 681 268 πΑνΑΛσιησΜσΝσΝ
701 201 919 267 ΠΡΩΤΟΝ
942 205 1020 280 νος.
1035 194 1138 279 ις’..ςὶ
1154 199 1201 268 16.
1214 200 1263 269 17.
1296 196 1362 270 423

109 331 324 412 θυσιαστηρίου
361 327 422 389 τῶν
455 320 715 409 ὁλοκαυτωμάτων
748 321 914 411 προςθήσιι
930 327 993 403 υίὸς
1010 324 1126 401 ἀδικίας
1143 330 1200 390 τοῦ
1215 327 1360 391 ταπεινῶ-

110 410 270 485 διαπαντὸς
282 407 465 511 τοπρωῒκαί
477 411 648 491 τσεσπὲρας,
666 411 718 473 καί
750 436 799 475 σαι
816 408 911 476 αύτύν
928 408 1035 486 καθὼς
1054 408 1161 494 ἀρχῆς,
1187 411 1217 452 ¹⁰
1230 411 1281 474 καὶ
1304 406 1356 511 ἀρ’

109 493 187 559 κστά
205 490 306 558 πάντα
325 517 364 555 τιι
382 494 568 577 γεγραμμένα
585 494 617 556 ἐν
634 487 716 576 νόμῳ
750 489 864 597 ήμερῶν
875 487 919 559 ῶν
930 496 1021 572 ἔταξα
1036 492 1141 579 κριτάς
1153 492 1204 557 ίπί
1215 489 1270 557 τόν
1282 491 1356 557 λασν

110 583 211 660 κυρίου
230 571 291 641 ὅσα
309 575 472 640 ἐνιτειλατο
495 570 540 656 ἐφ’
560 580 634 650 υἱοῖς
655 572 717 641 Ἰσ-
749 603 805 658 μου
822 574 950 661 Ισραήλ,
975 580 1028 644 καί
1044 580 1231 643 ίταπείνωσα
1242 572 1358 651 πάντας

109 658 187 747 ραήλ
199 663 229 724 ίν
240 660 313 746 χειρὶ
326 662 448 742 Μωυσή
462 661 518 723 τοῦ
530 653 718 741 θεράποντος
751 658 823 734 τούς
834 658 959 746 ἐχθρούς
970 686 1040 736 σου,
1061 662 1113 727 καί
1127 654 1250 742 αύξήσω
1263 684 1296 723 σε
1307 660 1358 723 καί

109 750 166 808 τοῦ
184 749 272 809 θεοῦ.
310 742 337 783 ¹¹
352 743 405 806 καί
420 739 477 823 μετ’
499 738 594 807 αὐτοῦ
611 738 717 817 Αίμάν
751 741 834 807 οίκον
858 740 1043 827 οίκοδομήσει
1059 770 1104 809 σοι
1122 740 1231 828 κύριος.
1270 745 1294 784 ¹¹
1307 743 1359 806 καί

107 829 158 893 καί
175 825 323 902 Ἰδιθούν,
335 828 387 890 καὶ
397 829 429 891 σί
440 824 543 891 λοιποὶ
554 825 717 903 ἔκλεγίντες
751 830 835 892 ἔσται
860 821 936 892 ὅταν
956 828 1159 911 πληρωθῶσιν
1176 822 1282 913 ήμίραι
1301 850 1357 892 σου

107 909 153 976 ἐπ’
173 908 320 994 ὀνόματος
344 913 401 975 τοῦ
423 915 513 975 αίνεῖν
531 905 584 974 τὸν
603 903 715 994 κύριον,
749 911 801 974 καί
809 907 980 1000 κοιμηθήση
987 908 1059 993 μετά
1069 914 1129 975 τῶν
1138 914 1278 996 πατέρων
1288 935 1356 986 σου,

108 990 156 1058 ὅτι
182 999 220 1068 είς
240 994 293 1058 τὸν
318 997 414 1058 αἰῶνα
437 991 474 1059 τὸ
500 993 583 1069 ἔλεος
608 991 714 1057 αὐτοῦ.
749 996 801 1059 καὶ
813 990 976 1077 ἀναστήσω
988 988 1024 1057 τό
1038 995 1155 1075 σπέρμα
1167 1018 1223 1059 σου
1234 990 1309 1077 μετὰ
1321 990 1357 1057 σὲ

107 1076 140 1118 ⁴²
154 1080 205 1141 καὶ
222 1074 280 1158 μετ’
296 1075 395 1141 αὐτῶν
409 1076 569 1155 σάλπιγγες
580 1077 630 1140 καί
642 1073 715 1158 κύμ-
750 1073 783 1153 ὃς
796 1080 878 1143 ἐσται
891 1081 924 1142 ἐκ
936 1081 989 1161 τῆς
1001 1074 1113 1150 κοιλίας
1125 1100 1194 1152 σου,
1217 1079 1268 1141 καί
1279 1078 1358 1140 ἑτοι-

109 1158 190 1244 βαλα
203 1164 261 1225 τοῦ
276 1157 442 1239 ἀναφωνεῖν
459 1165 509 1224 καὶ
527 1158 641 1265 ὄργανα
658 1164 718 1223 τῶν
749 1155 838 1244 μάσω
854 1158 909 1262 τήν
924 1158 1077 1247 βασιλείαν
1095 1156 1199 1223 αὐτοῦ.
1224 1160 1253 1201 ¹²
1265 1154 1358 1233 αὐτὸς

127 1239 196 1305 ’δῶν
213 1247 269 1306 τοῦ
288 1246 378 1316 θεοῦ,
403 1246 434 1308 οἶ
452 1243 484 1307 δὲ
503 1247 564 1306 υἱον
585 1239 719 1307 Ἰδιθσύν
751 1244 936 1328 ολκοδομησει
948 1269 998 1327 μοι
1011 1240 1103 1316 οἶκον,
1126 1241 1176 1305 καί
1188 1235 1359 1327 ἀνορθώσω

110 1329 150 1398 εἰς
163 1321 217 1407 τήν
229 1320 334 1409 πύλην.
356 1325 388 1366 ¹³
401 1327 453 1390 καὶ
465 1319 614 1410 ἐπορεύθη
626 1330 686 1401 πάς
699 1322 716 1391 ὃ
751 1325 804 1394 τόν
817 1323 930 1413 θρόνον
941 1324 1038 1393 αύτού
1051 1329 1106 1401 ἕως
1118 1327 1234 1400 αίῶνος.
1259 1324 1287 1366 ¹³
1301 1318 1360 1400 ἐγῶ

108 1407 184 1482 λαὸς
196 1413 321 1483 ἕκαστος
334 1412 373 1482 εἷς
384 1407 439 1474 τὸν
451 1407 533 1473 σλκον
547 1406 655 1483 αὐτοῦ,
668 1411 718 1473 καί
751 1414 856 1493 ἔσομαι
879 1409 964 1494 αύτῷ
980 1414 1020 1485 είς
1036 1411 1172 1491 πατέρα,
1196 1406 1248 1472 καί
1266 1402 1360 1481 αὐτὸς

108 1493 271 1576 ἐπέστρεψε
287 1492 387 1557 Δαυίδ
409 1496 467 1558 τοῦ
489 1489 645 1575 εὐλογῆσαι
662 1491 717 1558 τὸν
751 1498 834 1560 ἔσται
851 1520 902 1579 μοι
920 1498 960 1569 είς
976 1488 1047 1558 υἱόν.
1073 1493 1125 1556 καὶ
1145 1488 1181 1555 τό
1197 1485 1283 1565 ἔλεός
1299 1514 1359 1573 μου

108 1573 195 1640 οἷκον
209 1575 312 1641 αὐτοῦ.
750 1575 977 1659 ούκάποστήσω
989 1574 1158 1651 ἀπἀύτσύ,
1171 1570 1212 1650 ῶς
1225 1571 1358 1657 ἀπέστη·

142 1710 158 1743 )
293 1665 328 1725 K
339 1664 419 1724 Εψ.
462 1654 531 1724 12‘.
750 1688 789 1728 σα
814 1659 878 1727 ἀπὸ
904 1666 965 1727 τῶν
988 1658 1083 1726 ὄντων
1099 1660 1272 1743 ἔμπροσθέν
1288 1680 1355 1722 σου.

107 1709 192 1806 [λαὶ
215 1743 328 1820 ἐγένετο
345 1740 385 1819 ῶς
402 1739 554 1827 κατῴκησε
571 1745 670 1809 Δαυίδ
685 1746 716 1809 εἰ·
750 1745 834 1810 14καὶ
845 1743 986 1811 πιστεύσω
999 1740 1093 1809 αύτύν
1105 1744 1137 1807 ἐν
1149 1744 1224 1825 οἴκῳ
1236 1766 1295 1825 μου
1305 1741 1358 1805 καί

106 1828 180 1909 οἴκῳ
193 1824 298 1904 αὐτοῦ,
311 1828 362 1891 καί
375 1825 437 1892 είπε
449 1822 714 1914 ΔαυίδπρδςΝά-
749 1832 779 1894 ἐν
790 1829 924 1916 βασιλείᾳ
943 1825 1038 1894 αὐτοῦ
1052 1831 1108 1901 ἕως
1120 1829 1243 1900 αἰῶνος,
1269 1820 1356 1889 καὶὸ

104 1921 169 1976 θαν
181 1905 234 1973 τόν
246 1937 271 1975 π
290 1907 411 1996 σφήτην.
430 1911 494 1976 ἰδού
509 1910 568 1989 ἰγῶ
581 1915 715 1977 κατοικῶ
748 1909 856 1997 θρόνος
868 1910 966 1979 αὐτοῦ
979 1913 1064 1977 ἔσται
1075 1907 1292 2013 ἀνωρθωμίνος
1301 1912 1357 1983 ἕως

105 1997 137 2057 ἐν
149 1995 222 2076 οἴκῳ
282 2000 366 2079 ρίνῳ,
379 1989 714 2100 καὶήκιβωτὸςδιαθή-
748 2001 864 2073 αίῶνος.
890 1992 1009 2062 16κατά
1028 1989 1143 2068 πάντας
1159 2018 1230 2069 τους
1247 1991 1356 2069 λόγους

104 2104 157 2162 κης
182 2084 286 2158 κυρίου
303 2074 447 2143 ύποκάτω
464 2080 599 2227 δηρμεων.
634 2080 716 2142 2καὶ
748 2078 887 2157 τούτους,
912 2082 963 2145 καί
977 2075 1056 2144 κατά
1068 2080 1170 2142 πᾶσαν
1182 2075 1237 2159 τήν
1250 2071 1356 2159 ὅρασιν

105 2160 167 2225 εἶπε
182 2157 299 2226 Νάθαν
315 2159 394 2247 πρός
412 2168 480 2227 Δαυ
511 2211 519 2225 .
545 2165 608 2227 πᾶν
627 2156 665 2226 τό
683 2166 715 2226 ἓν
749 2158 875 2246 ταύτην,
901 2158 998 2266 οὕτως
1010 2155 1132 2242 ε’λάλησε
1146 2155 1265 2224 Νάθαν
1277 2156 1356 2241 πρὸς

106 2250 143 2330 τῇ
156 2249 237 2335 ψυχῇ
249 2269 303 2310 σου
315 2251 404 2319 ποίει,
421 2241 468 2309 ότι
480 2239 552 2320 θεός
563 2242 636 2326 μετὰ
650 2248 713 2308 σοῦ.
748 2247 852 2310 Δαυίδ.
871 2245 900 2288 ¹¹¹
912 2247 964 2308 καί
975 2244 1066 2329 ηλθιν
1080 2242 1098 2308 ὁ
1109 2240 1245 2327 βασιλεύς
1257 2241 1358 2306 Δαυίδ

108 2329 121 2369 ³
134 2330 185 2390 καί
198 2329 312 2403 ἐγένετο
332 2330 364 2393 ίν
379 2333 418 2420 τῇ
432 2329 516 2392 νυκτὶ
529 2332 637 2410 ἐκείνη,
664 2326 715 2391 καί
748 2331 798 2394 καί
808 2323 943 2393 ἐκάθισεν
951 2326 1091 2392 ἀπίναντι
1101 2331 1214 2410 κυρίου,
1222 2326 1275 2389 καί
1283 2322 1354 2388 είπε.

108 2412 221 2485 ἐγένετο
247 2405 337 2485 λόγος
361 2415 467 2494 κυρίου
493 2407 569 2494 πρὸς
587 2394 715 2473 Νάθαν.
749 2417 793 2485 τίς
805 2415 861 2493 είμι
873 2406 931 2487 ίγῶ
943 2403 1132 2493 κύριεὸθεός
1137 2435 1149 2484 ς
1163 2410 1214 2471 καί
1226 2403 1355 2480 τίςὸοί-

107 2491 124 2532 ⁴
138 2485 267 2571 πορεύου
286 2493 336 2554 καί
353 2490 437 2555 εἶπον
454 2493 532 2575 πρὸς
550 2491 647 2556 Δαυίδ
665 2489 717 2555 τὸν
749 2492 799 2567 κός
811 2518 879 2573 μου,
892 2487 939 2555 ότι
951 2485 1108 2592 ήμάπησάς
1120 2514 1154 2570 με
1166 2493 1221 2562 ἕως
1231 2491 1340 2562 αἰῶνος
1344 2515 1356 2564 ς

108 2569 218 2639 δοῦλόν
230 2598 297 2655 μου.
317 2570 413 2648 οὕτως
426 2571 487 2638 εἷπε
499 2571 609 2658 κύριος
629 2569 665 2636 ού
679 2571 716 2638 ού
749 2578 776 2619 ¹⁷
788 2577 841 2640 καὶ
857 2579 1018 2657 ἐσμιιιρυνθ
1053 2576 1151 2636 ταῦτα
1164 2565 1289 2635 ἐνώπιόν
1302 2595 1358 2635 σου

107 2652 307 2740 οἰκοδομήσας
317 2682 365 2738 μοι
379 2655 461 2721 οἷκον
472 2661 527 2722 τοῦ
541 2661 718 2738 κατοικήσαί
750 2656 867 2734 ὁθεὸς,
893 2658 945 2722 καὶ
969 2600 1116 2737 ἐλάλησας
1133 2655 1184 2719 ἐπί
1201 2648 1255 2717 τόν
1273 2651 1358 2717 οἶκον

103 2767 138 2824 με
152 2743 184 2805 ἐν
197 2738 291 2824 αύτῷ.
318 2744 332 2783 ¹
346 2735 393 2806 ὅτι
406 2738 442 2805 σύ
455 2735 614 2824 κατῶκηοα
627 2744 658 2804 ἐν
671 2742 717 2804 σί-
749 2746 805 2808 τού
817 2736 925 2816 παιδός
936 2766 991 2806 σου
1005 2743 1037 2804 ίκ
1049 2742 1184 2821 μακρῶν,
1209 2736 1261 2802 καί
1277 2738 1356 2801 ἐπεῖ-

105 2852 151 2908 κῳ
169 2824 232 2889 ἀπὸ
253 2829 305 2906 τῆς
323 2821 432 2909 ἡμέρας
448 2816 483 2909 ἧς
500 2820 652 2910 ἀνήγαγον
664 2821 717 2890 τὸν
748 2827 795 2903 δίς
807 2852 842 2911 με
851 2823 892 2901 ῶς
904 2822 1006 2912 ὅρασις
1018 2821 1195 2909 ἀνθρώπου,
1208 2821 1260 2885 καί
1269 2816 1355 2902 ύψω-

103 2908 225 2992 Ἰσραήλ
242 2913 297 2983 ἕως
317 2913 369 2992 τής
388 2905 496 3015 ήμίρας
513 2903 638 2992 ταύτης,
664 2909 716 2973 καὶ
748 2907 803 2986 σάς
814 2936 849 2995 με
862 2910 941 2994 κύριε
960 2902 1071 2982 όθεός.
1108 2908 1136 2950 ¹⁸
1149 2911 1181 2970 τί
1191 2899 1353 2990 προςθήσει

105 2992 180 3077 ήμην
199 2996 230 3056 ἐν
244 2997 334 3083 σκηνῇ
352 3018 403 3056 και
416 2997 446 3057 ἐν
463 2988 630 3076 καλύμματι
657 2993 714 3058 6ίν
747 2997 790 3059 ἔτι
804 2994 901 3059 Δαυίδ
912 2988 988 3074 πρὸς
1008 2989 1041 3057 σὲ
1059 2994 1116 3056 τοῦ
1135 2985 1259 3069 δοξάσαι
1265 3015 1278 3067 ;
1304 2988 1356 3052 καί

104 3081 196 3142 πᾶσιν
215 3075 258 3149 οἷς
276 3076 401 3158 διῆλθον
420 3081 452 3142 ἐν
468 3080 561 3142 παντί
582 3072 713 3161 Ἰσραήλ,
747 3077 785 3145 σύ
798 3075 852 3144 τὸν
864 3075 975 3143 δοῦλόν
987 3101 1041 3141 σου
1053 3075 1146 3151 σίδας,
1172 3066 1355 3137 19καλκατά

105 3164 130 3224 εί
156 3160 256 3224 λαλῶν
281 3155 413 3243 ἐλάλησα
435 3188 459 3225 π
479 3161 513 3235 ὸς
528 3166 603 3243 μίαί
618 3160 714 3243 φυλήν
746 3160 800 3247 τήν
811 3163 936 3246 καρδίαν
954 3186 1009 3226 σου
1025 3162 1168 3242 ἐποίησας
1184 3152 1236 3242 τήν
1253 3160 1356 3221 πᾶσαν

105 3248 161 3306 τοῦ
174 3241 299 3325 Ἰσραήλ
316 3243 359 3317 οἷς
379 3247 463 3310 ἐνετει
493 3241 557 3329 ’μην
573 3248 629 3310 τοῦ
642 3271 713 3309 ποι-
744 3241 961 3330 μεγαλωσύνην.
974 3240 1090 3325 20κύριε
1101 3242 1156 3306 σύκ
1165 3245 1244 3306 ἐστιν
1253 3234 1355 3323 ὅμοιός

103 3332 213 3409 μαίνειν
231 3323 284 3389 τόν
302 3322 376 3389 λαόν
387 3354 443 3407 μου
461 3327 571 3405 λέγων,
597 3324 643 3393 ὅτι
657 3324 713 3390 ούκ
747 3355 793 3395 σοι
810 3331 862 3393 καὶ
879 3326 934 3392 σύκ
952 3329 1016 3390 ε”στι
1028 3323 1100 3400 θεὸς
1114 3323 1192 3404 πλήν
1205 3327 1261 3386 σοῦ
1275 3321 1354 3385 κατὰ

105 3403 322 3507 ᾠκοδομήσατὲ
334 3435 384 3490 μοι
394 3409 476 3472 οἷκον
486 3411 614 3494 κέδρινον
618 3439 630 3486 ,·
644 3409 714 3473 ’nal
746 3408 846 3475 πάντα
865 3406 925 3474 ὅσα
941 3403 1107 3508 ἠκούσαμεν
1123 3408 1154 3471 ίν
1174 3403 1245 3468 ῶσὶν
1263 3399 1354 3485 ήμῶν.

104 3496 158 3555 νῦν
172 3490 269 3562 οὕτως
283 3493 356 3573 ἐρεῖς
370 3496 413 3573 τῷ
426 3486 525 3574 δούλῳ
538 3518 595 3573 μου
610 3492 713 3556 Δαυίδ.
747 3494 830 3558 21καὶ
842 3489 899 3556 σύκ
911 3494 990 3557 ἔστιν
999 3485 1040 3565 ῶς
1053 3515 1070 3554 σ
1081 3485 1156 3562 λαός
1166 3512 1222 3551 σου
1231 3481 1357 3568 Ἰσραήλ

106 3570 176 3640 τάδε
194 3573 270 3648 λέγει
288 3569 388 3657 κύριος
404 3571 631 3659 παντοκράτωρ.
657 3570 714 3650 ίγώ
747 3579 837 3650 ε”θνος
855 3578 899 3640 ἔτι
917 3576 967 3642 ἐπὶ
983 3575 1036 3653 τῆς
1052 3576 1124 3656 γῆς,
1149 3565 1191 3643 ῶς
1209 3563 1356 3650 ὦὸἦίθῦθ

106 3652 221 3742 ἔλαβόν
244 3680 277 3720 σε
295 3658 327 3719 ἐκ
347 3661 399 3739 τῆς
414 3651 544 3741 μάνδρας
560 3652 717 3731 ἐξόπισθεν
749 3656 841 3724 αὐτὸν
858 3653 959 3731 όθιὸς
976 3660 1031 3719 τοῦ
1050 3646 1265 3739 λυτρώσασθαι
1281 3648 1356 3715 λαόν

107 3747 167 3806 τῶν
179 3744 324 3822 ποιμνίων
341 3744 397 3803 τοῦ
415 3737 486 3803 εἶναι
505 3743 543 3815 εἷς
560 3734 717 3823 ἡγούμενον
749 3742 858 3823 ἕαυτῶ,
871 3744 927 3805 τού
939 3740 1054 3804 θέσθαι
1068 3739 1166 3821 ἑαυτῷ
1177 3734 1271 3819 όνομα
1279 3738 1355 3818 μέγα

108 3827 160 3890 ε’πὶ
173 3825 226 3889 τὸν
239 3820 316 3887 λαόν
327 3849 385 3905 μου
396 3821 527 3906 Ἰσραήλ,
551 3824 566 3866 ⁸
579 3824 629 3887 καί
642 3822 717 3907 ήμην
750 3823 801 3890 καί
813 3822 961 3905 ἐπιφανὲς,
973 3826 1031 3887 τοῦ
1042 3822 1173 3910 ἐκβαλεῖν
1185 3819 1248 3886 ἀπὸ
1262 3845 1354 3908 προς-

107 3906 181 3994 μετά
195 3911 251 3972 σοῦ
265 3910 296 3971 ἓν
307 3911 401 3972 πᾶσιν
415 3907 458 3982 οίς
471 3902 644 4013 ἐπορεύθης,
666 3909 716 3974 καὶ
750 3903 836 3973 ῶπου
848 3907 926 3975 λαοῦ
939 3932 995 3971 σου
1012 3903 1064 3983 ούς
1076 3903 1235 3991 ίλυτρῶσω
1248 3908 1279 3982 ἐξ
1291 3908 1354 3975 Αί-

108 3989 316 4096 ίξωλόθρευσα
346 3986 463 4066 πάντας
489 4018 559 4068 τους
588 3987 716 4079 ἐχθρούς
748 3986 864 4071 γύπτου
877 3994 959 4074 ἔθνη,
985 3992 1015 4038 ²²
1027 3995 1078 4056 καὶ
1090 3991 1201 4066 ἔδωκας
1214 3988 1267 4055 τόν
1281 3986 1355 4054 λαόν

110 4101 164 4140 σου
177 4074 240 4141 ἀπο
253 4071 418 4160 προςῶπου
432 4101 500 4152 σου,
521 4078 573 4142 καὶ
586 4080 656 4141 ἐποί
676 4077 715 4142 σά
749 4103 802 4143 σου
816 4075 940 4161 Ἰσραήλ
952 4079 1068 4158 σεαυτῷ
1084 4070 1157 4140 λαόν
1169 4080 1224 4148 ἕως
1237 4077 1354 4146 αι’ῶνος,

110 4183 156 4223 σοι
168 4158 264 4243 ὄνομα
273 4156 396 4226 κατὰτὸ
408 4159 505 4242 ὄνομα
513 4166 574 4224 τῶν
584 4106 716 4244 μεγάλων
749 4164 800 4226 καί
809 4159 846 4225 σὺ
856 4156 955 4247 κύριος
964 4159 1103 4242 ίγενήθης
1112 4156 1215 4231 αὐτοῖς
1225 4161 1264 4231 εἰς
1272 4151 1354 4219 θεόν.

109 4248 172 4307 τῶν
183 4245 232 4306 ἐπὶ
243 4248 295 4326 τῆς
308 4247 371 4327 γῆς.
392 4245 464 4307 υκαὶ
475 4245 608 4328 θήσομαι
622 4240 716 4309 τόπον
749 4245 834 4309 23καί
847 4247 898 4310 νῦν
909 4238 987 4330 κύριε
1003 4239 1020 4307 ὁ
1033 4240 1122 4322 λόγος
1135 4267 1187 4307 σου
1200 4235 1235 4305 ὃν
1247 4233 1355 4340 ίλάλη-

109 4329 155 4406 τῷ
168 4325 233 4406 λαῷ
245 4352 302 4429 μου
313 4325 445 4433 Ἰσραήλ,
467 4330 518 4393 καί
529 4322 713 4410 καταφυτεύ-
749 4352 802 4402 σας
819 4324 896 4414 πρὸς
912 4324 966 4393 τὸν
983 4325 1080 4393 παῖδά
1097 4351 1153 4391 σου
1172 4324 1222 4386 καί
1238 4320 1288 4385 ἐπὶ
1303 4345 1356 4383 τον

111 4433 157 4471 σω
184 4407 291 4484 αύτυν,
323 4436 374 4474 και
400 4407 618 4513 κατασκηνώσει
643 4407 712 4474 καθ’
750 4409 833 4476 οἶκον
846 4409 955 4487 αύτσῦ,
971 4404 1157 4489 πιστωθήτω
1170 4409 1224 4474 ἕως
1238 4407 1355 4474 αῗῶίθς·

83 4555 90 4567 ,
110 4487 234 4570 ἑαυτὸν,
259 4496 310 4558 καὶ
322 4494 358 4558 οὐ
371 4518 529 4579 μεριμνήσει
543 4498 596 4572 ἔτι,
615 4495 665 4559 καί
678 4489 715 4558 ού
749 4495 801 4562 καί
813 4499 938 4577 ποίησον
957 4491 1060 4567 καθὼς
1074 4483 1236 4564 ἐλάλησαν,
1260 4479 1292 4521 ²⁴
1305 4504 1354 4545 καί

114 4602 117 4611 -
1242 4584 1355 4623 πιστω·
