2924 4972
339 234 627 296 ΒΑΣΙΛΕΙΩΝ
649 235 879 296 AETTEPA
920 232 1128 319 &ww-12
1290 238 1359 305 319

108 349 202 432 σάμην
214 372 245 413 σε
257 345 394 444 &1⁶1ch
406 343 522 411 Σαούλ.
534 348 606 410 2καί
617 343 716 411 ἔδωκά
752 344 800 411 ὅτι
811 349 936 429 τέθνηκε
948 347 985 411 τὸ
997 344 1166 429 παιδάριον,
1181 356 1233 417 καί
1242 334 1359 435 ποιήσει

109 459 154 498 σοι
166 431 220 497 τὸν
233 429 317 495 οἶκον
330 454 387 494 του
401 435 505 513 κυρίου
518 454 585 503 σου,
599 428 717 503 καὶτὰς
752 429 831 495 κακά
835 457 849 507 ,·
864 429 952 494 19καί
963 432 1067 511 συνῆτε
1078 430 1175 494 Λανίδ
1186 428 1233 495 ὅτι
1244 437 1276 497 οί
1287 448 1360 499 παῖ-

105 527 244 593 γυναῖκας
256 519 314 578 τοῦ
326 517 432 597 κυρίου
446 537 504 576 σου
514 515 547 575 ἐν
558 515 602 574 τῶ
612 507 717 593 κόλπῳ
753 512 799 585 δες
809 511 908 577 αὐτοῦ
917 507 1361 597 ψιθυριζουσι,ιναίύνάησειίιι-

107 624 170 663 σου.
191 600 243 662 καί
253 590 352 661 ἔδωκά
365 620 413 659 σοι
426 592 479 659 τὸν
492 591 576 659 οἷκον
585 576 716 679 Ἰσραήλ,
755 595 803 659 υίδ
812 592 859 658 ὅτι
871 597 997 677 τέθνηκε
1008 594 1045 659 τὸ
1056 592 1224 683 παιδάριον.
1237 596 1291 659 καί
1301 594 1363 663 είπε

106 684 156 746 καί
164 677 284 755 Ἰούδα,
307 682 359 744 καί
371 672 511 763 σμικρόν
523 681 601 753 ἐστι,
623 701 717 763 προς·
755 677 853 742 Λαυίδ
862 674 940 763 πρὸς
950 673 1022 751 τούς
1031 680 1141 755 παῖδας
1152 677 1260 745 αὐτοῦ.
1276 682 1303 741 εί
1313 682 1364 743 τί-

107 759 195 847 θήσιο
208 788 254 827 σοι
267 762 344 828 κατά
356 767 464 826 ταῦτα.
488 762 504 803 2
516 766 548 826 τί
559 756 606 825 ὅτι
619 755 716 841 ἐφαύ-
752 770 844 844 θνηκε
852 758 889 823 τὸ
898 754 1057 845 παιδάριον
1059 789 1072 840 ,·
1083 768 1134 829 καί
1142 760 1238 829 εἶπαν.
1251 765 1362 847 τέθνη-

108 847 192 921 λισας
204 844 258 911 τὸν
270 842 361 924 λόγον
372 851 495 931 κυρίου,
520 847 578 909 τοῦ
589 848 716 927 ποιήσαι
753 868 793 908 κε.
804 844 893 907 22καί
904 842 1012 927 ἀνέστη
1023 846 1120 909 Δαυίδ
1127 848 1159 909 ἐκ
1171 852 1223 930 τῆς
1233 850 1299 924 γῆς,
1309 850 1361 913 καί

106 927 141 993 τὸ
153 926 285 1013 πονηρὸν
298 932 330 992 ἐν
341 925 515 1010 ὀφθαλμοῖς
530 925 627 993 αὐτοῦ
634 954 646 1005 ,·
659 926 714 992 τὸν
753 921 918 999 ἐλούσατο,
939 928 992 989 καί
1004 924 1167 1009 ήλιίηιατο,
1190 934 1242 995 καί
1253 930 1359 1011 ἤλλαξε

109 1010 223 1096 Οὐρίαν
246 1009 300 1074 τὸν
324 1016 473 1073 Χετταῖον
504 1006 657 1086 ἒπάταξας
682 1012 715 1073 ἐν
752 1004 911 1091 τάίμάτια
923 1006 1033 1083 αὐτοῦ,
1052 1010 1361 1093 καίείςήλθενείςτόν

106 1097 251 1177 ῥομφαίᾳ,
265 1091 317 1156 καί
329 1091 382 1173 τήν
391 1101 517 1167 γυναῖκα
529 1091 624 1157 αὐτοῦ
639 1094 658 1154 ἔ
658 1091 715 1156 λα-
753 1092 839 1157 οίκον
850 1094 909 1155 τοῦ
919 1094 1006 1166 θεοῦ,
1019 1094 1071 1156 καί
1081 1088 1292 1177 προσεκύνησεν
1303 1094 1359 1159 αὐ-

105 1182 153 1263 (3⁶,-
179 1178 293 1257 σεαυτῷ
319 1177 359 1247 εῖς
382 1184 522 1249 γυναῖκα,
546 1177 599 1238 καί
624 1171 716 1239 αὐτὸν
752 1179 812 1258 τῷ,
835 1172 1360 1277 καίελςήλθενεῖςτόνσῖκοναύτοῦ,

107 1260 283 1332 ἀπέκτεινας
301 1259 333 1321 ἐν
350 1258 485 1341 ῥομφαίᾳ
502 1260 574 1320 υίῶν
586 1251 714 1339 Ἀμμαίν.
754 1260 806 1322 καί
817 1256 923 1349 ᾔτησεν
932 1280 1026 1342 αρτον
1037 1258 1329 1342 φανεῖν,ιιαίπαρίθ

107 1346 137 1385 ¹⁰
150 1343 202 1403 καί
219 1345 269 1404 νῦν
287 1336 343 1403 οὐκ
360 1335 565 1420 ἀποστήσεται
582 1342 716 1440 ῥομφαία
754 1364 810 1405 κον
823 1338 908 1424 αὐτῷ
920 1338 943 1404 ἀ
961 1363 1015 1403 τον
1027 1343 1079 1405 καί
1090 1344 1193 1421 ἔφαγε.
1218 1342 1246 1381 ²¹
1258 1342 1334 1405 ναίε

108 1428 141 1488 ἐκ
154 1427 212 1487 τοῦ
225 1422 312 1487 οἴκου
324 1446 379 1485 σου
399 1424 456 1495 ἕως
468 1423 576 1496 αἰῶνος
589 1417 652 1485 ἀνθ
673 1412 716 1484 ὧν
753 1446 816 1488 παν
832 1426 865 1488 σί
883 1448 929 1489 πα
959 1446 987 1497 ες
1002 1419 1097 1488 αὐτοῦ
1112 1424 1191 1510 πρὸς
1202 1415 1306 1489 αὐτόν.
1332 1428 1365 1488 τί

108 1504 154 1572 ὅτι
181 1499 378 1580 ἰξουδένασάς
399 1527 450 1586 με,
475 1504 528 1566 καί
543 1503 649 1587 ἔλαβες
665 1500 719 1586 τὴν
754 1504 791 1569 τὸ
817 1508 891 1588 ’ήμα
907 1510 1000 1571 τοῦτο
1017 1501 1037 1569 ὃ
1053 1508 1197 1591 ἐποίησας
1208 1512 1294 1573 ῖνεκα
1304 1512 1360 1573 τοῦ

107 1600 237 1666 γυναῖκα
260 1592 317 1653 τοῦ
338 1585 451 1673 Οὐρίου
472 1590 530 1650 τοῦ
553 1591 716 1661 Χετταίου,
754 1531 932 1672 παιδαρίου,·
957 1591 1001 1653 δ’τι
1018 1590 1128 1665 ζῶντος
1147 1586 1294 1672 ἐνήστενες
1310 1594 1360 1657 ταί

107 1678 163 1736 τοι)
177 1669 252 1735 εἶναί
261 1696 308 1736 σοι
321 1675 361 1745 είς
371 1679 507 1747 γυναῖκα.
528 1665 628 1734 11τάδε
640 1668 718 1745 λέγει
757 1670 867 1744 ε”κλαιες
877 1673 928 1735 καί
940 1665 1107 1771 ἦγράπνσις,
1123 1674 1177 1737 καλ
1188 1670 1274 1755 ήνίκα
1286 1669 1361 1736 ἀπί-

106 1751 215 1841 κιίριος.
242 1752 308 1818 ῖδού
327 1752 386 1831 ε’γά
404 1753 538 1835 ἐξεγείριο
551 1754 603 1817 ἐπί
615 1748 648 1816 σὲ
661 1776 717 1815 κα·
756 1762 830 1818 θανε
843 1751 878 1817 τὸ
890 1756 1064 1839 ποιδαριον,
1089 1752 1214 1837 ἀνέστης
1223 1756 1308 1817 καίδ
1324 1780 1362 1819 ο-

107 1836 146 1903 κά
159 1842 191 1902 ἐκ
204 1841 259 1901 τοῦ
273 1839 357 1901 οίκου
370 1860 434 1909 σου,
448 1838 500 1898 καί
511 1831 649 1920 λήψομαι
661 1832 716 1909 τάς
754 1860 801 1913 μες
818 1834 913 1918 ἀρτον
928 1837 981 1900 καί
996 1838 1157 1913 niumm
1180 1840 1211 1879 22
1222 1836 1274 1901 ταί
1286 1778 1365 1903 ‘zm

107 1916 244 2000 μυναῖκάς
254 1945 307 1985 σου
318 1916 382 1985 κατ’
394 1915 574 2002 ὀφθαλμούς
584 1944 650 1993 σου,
664 1920 716 1982 καί
755 1919 862 1985 Δαυίδ.
889 1922 921 1982 ἐν
946 1923 991 1983 τοί
1014 1916 1052 1984 τὸ
1074 1914 1236 2025 παιδάριον
1251 1922 1295 1983 ἔτι
1311 1922 1360 2011 ζῇν

108 2000 193 2070 δάσιο
210 2009 255 2087 τῷ
271 2004 396 2086 πλησίον
408 2028 478 2077 σου,
503 2007 554 2068 καί
565 1997 714 2086 κσιμηθή-
755 2001 916 2086 ἔνήστευσα
928 1984 980 2066 καί
992 2000 1138 2079 ἔκλαυσα,
1155 2026 1203 2067 οτι
1215 2000 1300 2078 εἶπα,
1316 2008 1360 2079 τίς

107 2113 188 2153 σεται
233 2084 272 2151 τά
284 2092 344 2151 τῶν
356 2090 502 2163 γυναικῶν
512 2112 568 2152 σου
581 2090 715 2150 ἐναντίον
754 2086 831 2152 οἶδεν
843 2091 868 2150 εί
880 2081 988 2168 ἐλεήσει
998 2110 1033 2168 με
1044 2081 1160 2169 κύριος,
1181 2086 1234 2150 κατ’
1244 2081 1362 2168 ζήσεται

106 2176 162 2235 τοῦ
176 2111 262 2252 ἡλίου
276 2164 396 2234 τούτου.
420 2163 504 2233 12ὅτι
519 2169 556 2233 σὺ
570 2173 716 2251 ἐποίησας
755 2167 791 2234 τὸ
816 2169 990 2254 παιδάριον,·
1031 2169 1061 2211 22
1074 2170 1125 2233 καί
1142 2171 1195 2233 νῦν
1211 2170 1360 2250 τέθνηκεν,

107 2257 200 2346 κρυβή
207 2302 218 2329 ,
242 2250 327 2335 κηἰγιδ
345 2246 465 2336 ποιήσω
482 2250 518 2317 τὸ
530 2256 610 2337 ῥῆμα
623 2256 715 2316 τοῦτο
756 2256 836 2317 ίνατί
847 2257 938 2317 τοῦτο
951 2249 1010 2330 ἐγώ
1022 2245 1150 2335 νηστεάισ
1155 2280 1169 2331 ,·
1179 2250 1221 2338 μή
1234 2246 1360 2336 δυνήσο-

109 2340 242 2401 ἰναντίον
254 2333 368 2410 παντὸς
377 2332 499 2419 Ἰσραήλ
512 2337 563 2399 καί
573 2333 716 2400 ἀπέναντι
754 2363 806 2417 μαι
819 2338 999 2421 ἐπιστρέψαι
1010 2331 1102 2401 αὐτὸν
1111 2338 1170 2415 ἔτι,
1182 2332 1241 2415 ἐγώ
1250 2331 1359 2419 πορεί-

108 2424 165 2484 τοῦ
180 2416 268 2498 ἡλίου
279 2414 402 2482 τούτου.
437 2418 464 2458 ¹³
478 2421 528 2481 καί
542 2416 604 2483 εἷπε
617 2418 718 2483 Δαυὶδ
755 2446 843 2502 σομαι
855 2420 932 2504 πρὸς
945 2415 1046 2494 αὐτὸν,
1061 2419 1112 2482 καί
1121 2415 1212 2493 αὐτὸς
1221 2415 1276 2482 οὐκ
1286 2418 1360 2483 ἀνα-

109 2506 155 2582 τῴ
168 2496 294 2563 Νάθαν.
317 2495 472 2581 ἡμάρτηκα
485 2504 528 2579 τῷ
542 2507 642 2583 κυρίῳ.
666 2503 718 2565 καὶ
756 2506 877 2587 στρέψει
894 2503 971 2587 πρὸς
986 2506 1030 2583 μέ.
1069 2500 1101 2543 ²⁴
1114 2501 1166 2565 καί
1181 2496 1360 2581 παρεκάλεσε

109 2584 172 2648 εἶπε
190 2576 308 2646 Νάθαν
326 2578 402 2664 πρὸς
419 2582 526 2646 Δαυίδ.
551 2584 603 2646 καί
618 2582 718 2667 κύριος
756 2586 855 2649 Δαυίδ
872 2584 1033 2669 Βηρσαβεέ,
1045 2579 1099 2666 τήν
1115 2594 1241 2661 γιπαῖκα
1256 2580 1358 2661 αὐτοῦ,

107 2669 292 2767 παρεβίηίασε
307 2659 343 2728 τὸ
358 2659 519 2769 ἁμάρτημά
532 2689 602 2739 σου,
628 2665 665 2729 οὐ
678 2661 718 2748 μή
755 2670 806 2731 καί
819 2669 933 2750 εῑςήλθε
944 2666 1021 2753 πρὸς
1033 2664 1138 2750 αὐτὴν,
1154 2667 1206 2730 καί
1217 2663 1359 2756 ἐκοιμήθη

108 2750 280 2832 ἀποθανης.
317 2746 438 2831 1*πλήν
463 2772 510 2811 οτι
528 2751 718 2833 παροργίζων
754 2749 812 2833 μετ’
834 2749 940 2834 αὐτῆς,
965 2752 1017 2814 καί
1041 2748 1179 2836 συνελαβε
1200 2751 1251 2814 καί
1268 2754 1357 2819 ἔτεκεν

108 2822 302 2919 παρώργίοας
327 2826 397 2905 τούς
421 2829 550 2915 ἐχθροὺς
567 2838 670 2915 κυρίου
687 2833 717 2896 ἐν
757 2833 830 2910 υἱὸν,
843 2835 895 2897 καί
906 2829 1022 2898 ἐκάλεσε
1034 2829 1069 2896 τὸ
1083 2830 1176 2913 ὄνομα
1189 2830 1282 2899 αὐτοῦ
1291 2843 1355 2902 Σα-

109 2922 152 3000 τῷ
166 2913 274 3001 ῥήματι
292 2910 407 2997 τούτῳ,
433 2921 486 2978 καί
496 2911 561 2992 γεὸ
581 2911 642 2989 υἱός
662 2939 717 2979 σου
756 2913 876 3000 λωμών,
901 2917 954 2979 καί
974 2915 1075 3002 κύριος
1091 2910 1239 2999 ἠγάπησεν
1257 2916 1352 2988 αὐτόν.

108 2998 126 3064 ὁ
149 3006 259 3083 τεχθείς
284 3025 329 3063 σοι
354 2992 482 3081 θανάτῳ
507 2996 716 3063 ἀποθανεῖται.
755 3000 784 3043 ²⁵
798 3001 849 3063 καί
867 2996 1032 3064 ἀπέστειλεν
1045 3003 1077 3063 ἐν
1089 3000 1162 3083 χειρί
1172 2997 1287 3069 Νάθαν
1302 3011 1353 3073 τοῦ

110 3087 135 3128 ¹⁵
148 3087 199 3149 καί
224 3081 345 3166 ἀπῆλθε
363 3076 483 3147 Νάθαν
508 3087 547 3157 εἷς
563 3079 617 3146 τὸν
635 3080 718 3146 οἷκον
754 3081 926 3167 προφήτου,
951 3085 1002 3147 καί
1015 3077 1130 3146 ἐκάλεσε
1144 3079 1183 3149 τὸ.
1191 3082 1286 3172 ὄνομα
1297 3072 1393 3162 α”,αῘ

109 3166 212 3232 αὐτοῦ.
230 3171 281 3232 καί
291 3169 423 3250 ἔθραυσε
436 3161 536 3251 κύριος
547 3165 583 3229 τὸ
596 3167 718 3229 παιδίον
754 3171 809 3230 τού
820 3165 936 3231 Ἰεδδεδὶ
948 3171 1038 3230 ἕνεκεν
1051 3169 1162 3249 κυρίου.
1180 3168 1211 3211 ²⁶
1220 3175 1268 3236 καί
1286 3163 1313 3200 ἰ
1331 3160 1392 3241 ’2292

108 3248 126 3315 ὃ
139 3254 230 3315 ἔτεκεν
244 3246 261 3333 ή
274 3249 347 3334 γυνή
365 3247 476 3333 Οὐρίου
493 3254 549 3313 τοῦ
561 3255 715 3313 Χετταίου
753 3249 877 3353 λε’μησεί
890 3245 980 3335 Ἰονάβ
996 3254 1028 3314 ἰν
1040 3244 1179 3353 Ῥαήβύθ
1195 3257 1224 3313 υῑ
1235 3259 1251 3285 ²

108 3339 151 3417 τῷ
167 3335 274 3406 Δαυίδ,
287 3337 338 3396 καί
351 3329 529 3414 ήρῥώστησε.
550 3332 580 3374 ¹⁰
587 3335 639 3396 καί
651 3327 716 3415 ἐζή-
753 3356 831 3414 μων,
856 3334 906 3395 καί
917 3332 1061 3417 κατελαβε
1073 3357 1100 3395 τι
1110 3344 1144 3411 η’,
1159 3392 1166 3407 ,

107 3442 179 3498 τησε
192 3415 289 3480 Δαυὶδ
301 3412 355 3478 τὸν
368 3413 442 3477 θεὸν
453 3416 521 3496 περὶ
537 3417 592 3476 τοῦ
604 3414 718 3478 παιδα-
754 3415 870 3489 σιλείας.
889 3417 918 3457 ²⁷
928 3419 978 3479 καί
991 3414 1240 3495 ἀπέστειλ.;·”·;’ωᾶ
1343 3460 1360 3472 -

108 3507 193 3584 ρίου,
219 3499 271 3561 καί
295 3492 444 3579 ἐνήστευσε
460 3496 559 3558 Λαυίδ
575 3502 717 3579 νηστείαν,
753 3498 822 3573 λους
833 3493 910 3581 πρὸς
924 3498 1029 3573 Δαυίδ,
1041 3501 1092 3562 καί
1105 3496 1189 3587 ελρῐῐν.
1213 3499 1359 3584 ἐπολέμη-

108 3585 160 3646 καὶ
172 3581 289 3663 είςήλθε
301 3580 353 3643 καί
369 3576 499 3661 ηὐλίσθη
516 3581 567 3641 ε’πί
585 3582 635 3659 τῆς
653 3584 716 3661 γῆς.
754 3607 792 3645 σα
805 3578 1000 3667 ἒνῬαββάθ,
1026 3583 1078 3645 καί
1090 3577 1293 3667 κδ’*ελαβόμην
1305 3584 1359 3670 τήν

108 3668 192 3731 ”nal
205 3664 369 3744 ἀνέστησαν
381 3659 426 3724 ἐπ’
440 3658 534 3724 αὐτὸν
546 3665 576 3724 σῖ
587 3657 717 3745 πρεσβιί-
753 3659 842 3728 πόλιν
859 3670 920 3728 τῶν
938 3660 1062 3728 ὑδάτων.
1088 3666 1119 3708 ²⁸
1132 3667 1182 3728 καί
1200 3671 1250 3730 νῦν
1268 3669 1356 3735 συνά-

109 3775 191 3835 τεροι
209 3753 266 3814 τοῦ
286 3749 371 3812 οἴκου
389 3742 484 3808 αὐτοῦ
500 3747 607 3829 ἐγεῖραι
625 3741 718 3808 αὐτὸν
754 3772 824 3823 γαγε
849 3746 884 3810 τὸ
910 3743 1095 3813 κατάλοιπον
1119 3753 1174 3814 τοῦ
1189 3749 1279 3830 λαοῦ,
1305 3759 1356 3820 καί

110 3831 173 3897 ἀπὸ
186 3840 237 3915 τῆς
249 3836 314 3915 γῆς,
336 3830 388 3893 καὶ
400 3826 454 3893 οὐκ
468 3825 601 3911 ήθελησε,
617 3829 669 3892 καὶ
680 3825 715 3891 οὐ
753 3828 925 3915 παρέμβαλε
938 3831 988 3892 ἐπί
1000 3829 1053 3913 τήν
1064 3827 1162 3907 πόλιν,
1176 3837 1228 3899 καὶ
1237 3864 1354 3923 προκα-

110 3920 273 3997 συνέφαγεν
297 3911 399 3986 αὐτοῖς
417 3911 517 3995 ἀρτον.
542 3912 636 3975 18καὶ
652 3914 716 3989 ε’γέ-
752 3914 887 3999 ταλαβοῦ
906 3908 1014 3994 αὐτὴν,
1040 3919 1090 3978 ’ίνα
1106 3912 1147 3998 μή
1160 3919 1350 4001 προκαταλά.

108 4025 176 4063 νετσ
190 4004 220 4064 ἐν
233 4003 272 4080 τῆ
284 3996 380 4082 ἡμέρᾳ
394 4000 433 4088 τῇ
445 3991 564 4087 ἑβδόμη,
578 3992 716 4059 καὶάπὲ-
750 4000 847 4083 βωμαι
865 3993 923 4074 ἐγώ
941 3996 994 4099 τήν
1012 3993 1111 4073 πόλιν,
1137 4004 1186 4064 καί
1203 4002 1299 4090 κληθῆ
1317 4006 1353 4072 τὸ

108 4093 186 4147 θανε
205 4080 240 4147 τὸ
252 4070 425 4164 ’παιδάριον
452 4082 503 4144 καί
519 4075 715 4164 ἐφοβήθησαν
752 4076 848 4164 ὄνομά
859 4105 918 4162 μου
932 4081 969 4142 ἐπ
992 4077 1092 4165 αὐτήν.
1111 4085 1201 4148 29καί
1215 4080 1353 4173 συνήμαγι

108 4170 138 4228 οἶ
151 4166 251 4230 δοῦλοι
265 4167 362 4230 Δαυὶδ
374 4161 542 4240 ἀναγγεῖλαι
556 4161 651 4245 αὐτῷ,
669 4160 715 4226 ὅτι
752 4165 848 4228 Ααυὶδ
859 4160 959 4228 πάντα
974 4160 1024 4228 τὸν
1036 4165 1125 4243 λαὸν,
1143 4170 1193 4232 καί
1204 4172 1352 4259 ἐπορεύθη

107 4251 232 4329 τέθνηκε
244 4245 280 4312 τὸ
292 4244 463 4330 παιδάριον,
478 4242 524 4310 ὅτι
539 4245 631 4311 εἷπον.
650 4243 715 4310 ίδού
751 4253 789 4322 είς
801 4246 954 4333 Ῥαββάθ,
981 4250 1032 4313 καὶ
1044 4251 1218 4338 ἐπολέμησεν
1231 4261 1262 4320 ἐν
1275 4255 1351 4338 αὐτῆ

107 4333 138 4392 ἐν
150 4336 193 4411 τῴ
208 4328 243 4394 τὸ
254 4328 414 4415 παιδάριον
422 4334 465 4393 ἔτι
474 4334 525 4420 ζῇν
538 4324 716 4410 ἐλαλήσαμεν
750 4332 800 4395 καὶ
816 4329 991 4418 κατελάβετο
1009 4334 1111 4422 αὐτήν.
1150 4339 1181 4381 ³⁰
1194 4340 1244 4399 καί
1260 4328 1350 4424 ἔλαβε

107 4413 183 4495 πρὸς
197 4410 297 4487 αὐτὸν,
307 4419 357 4478 καί
367 4412 420 4476 οὐκ
431 4410 574 4495 είςήκουσε
588 4416 639 4495 τῆς
649 4438 714 4490 φω-
749 4411 802 4479 τόν
821 4420 967 4495 στέφανον
984 4420 1116 4504 Μσλχὸμ
1132 4423 1189 4481 τοῦ
1207 4420 1351 4500 βασιλέως

107 4502 157 4583 της
170 4494 261 4582 ημῶν,
270 4499 392 4571 καὶπῶς
403 4498 525 4579 εἴπωμεν
534 4493 611 4584 πρὸς
620 4493 712 4561 αὐτὸν
749 4495 847 4563 αὐτῶν
860 4498 921 4564 ἀπὸ
937 4505 988 4583 τῆς
1000 4503 1126 4581 κεφαλῆς
1138 4497 1246 4569 αὐτοῦ,
1269 4502 1318 4561 καί
1331 4496 1349 4560 ὁ

1151 4650 1160 4663 ι
1215 4578 1352 4654 σταθμὸν,
