<?xml version="1.0" encoding="UTF-8"?>
<!DOCTYPE html PUBLIC "-//W3C//DTD XHTML 1.0 Transitional//EN"
    "http://www.w3.org/TR/xhtml1/DTD/xhtml1-transitional.dtd">
<html xmlns="http://www.w3.org/1999/xhtml" xml:lang="en" lang="en">
 <head>
  <title>
</title>
<meta http-equiv="Content-Type" content="text/html;charset=utf-8" />
  <meta name='ocr-system' content='tesseract 3.04.00' />
  <meta name='ocr-capabilities' content='ocr_page ocr_carea ocr_par ocr_line ocrx_word'/>
</head>
<body>
  <div class='ocr_page' id='page_1' title='image "./vetustestamentu00essgoog_0887.png"; bbox 0 0 2924 4972; ppageno 0'>
   <div class='ocr_carea' id='block_1_1' title="bbox 121 210 1043 291">
    <p class='ocr_par' dir='ltr' id='par_1_1' title="bbox 121 210 1043 291">
     <span class='ocr_line' id='line_1_1' title="bbox 121 210 1043 291; baseline -0.015 -3"><span class='ocrx_word' id='word_1_1' title='bbox 121 220 188 290; x_wconf 75' lang='grc' dir='ltr'><strong><em>νυν</em></strong></span> <span class='ocrx_word' id='word_1_2' title='bbox 432 217 656 278; x_wconf 69' lang='lat' dir='ltr'><strong><em>mm</em></strong></span> <span class='ocrx_word' id='word_1_3' title='bbox 693 211 842 291; x_wconf 61' lang='grc' dir='ltr'><strong><em>Κευλςὶ</em></strong></span> <span class='ocrx_word' id='word_1_4' title='bbox 855 210 911 288; x_wconf 74' lang='grc' dir='ltr'><strong><em>λζ’.</em></strong></span> <span class='ocrx_word' id='word_1_5' title='bbox 926 213 977 279; x_wconf 82' lang='grc'><strong><em>36.</em></strong></span> <span class='ocrx_word' id='word_1_6' title='bbox 991 215 1043 278; x_wconf 85' lang='lat'><strong><em>37.</em></strong></span> 
     </span>
    </p>
   </div>
   <div class='ocr_carea' id='block_1_2' title="bbox 100 329 1365 4656">
    <p class='ocr_par' dir='ltr' id='par_1_2' title="bbox 106 329 1365 3573">
     <span class='ocr_line' id='line_1_2' title="bbox 116 329 1365 420; baseline -0.009 -19"><span class='ocrx_word' id='word_1_7' title='bbox 116 362 180 402; x_wconf 91' lang='grc' dir='ltr'><strong><em>πεν.</em></strong></span> <span class='ocrx_word' id='word_1_8' title='bbox 195 331 344 400; x_wconf 82' lang='grc' dir='ltr'><strong><em>ἀκούσατε</em></strong></span> <span class='ocrx_word' id='word_1_9' title='bbox 356 335 426 407; x_wconf 82' lang='grc' dir='ltr'><strong><em>τοὺς</em></strong></span> <span class='ocrx_word' id='word_1_10' title='bbox 440 330 548 411; x_wconf 92' lang='grc' dir='ltr'><strong><em>λόγους</em></strong></span> <span class='ocrx_word' id='word_1_11' title='bbox 563 336 622 396; x_wconf 78' lang='grc' dir='ltr'><strong><em>τοῦ</em></strong></span> <span class='ocrx_word' id='word_1_12' title='bbox 633 337 719 420; x_wconf 93' lang='grc' dir='ltr'><strong><em>βασι·</em></strong></span> <span class='ocrx_word' id='word_1_13' title='bbox 756 358 804 416; x_wconf 80' lang='grc' dir='ltr'><strong><em>σῃ,</em></strong></span> <span class='ocrx_word' id='word_1_14' title='bbox 820 331 904 416; x_wconf 85' lang='grc' dir='ltr'><strong><em>ἰσχύν</em></strong></span> <span class='ocrx_word' id='word_1_15' title='bbox 913 331 946 396; x_wconf 80' lang='grc' dir='ltr'><strong><em>δὲ</em></strong></span> <span class='ocrx_word' id='word_1_16' title='bbox 959 329 1015 395; x_wconf 85' lang='grc' dir='ltr'><strong><em>ούκ</em></strong></span> <span class='ocrx_word' id='word_1_17' title='bbox 1028 334 1083 414; x_wconf 77' lang='grc' dir='ltr'><strong><em>ἔχει</em></strong></span> <span class='ocrx_word' id='word_1_18' title='bbox 1096 334 1153 394; x_wconf 79' lang='grc' dir='ltr'><strong><em>τοῦ</em></strong></span> <span class='ocrx_word' id='word_1_19' title='bbox 1164 344 1265 395; x_wconf 84' lang='grc' dir='ltr'><strong><em>τεκεῖν.</em></strong></span> <span class='ocrx_word' id='word_1_20' title='bbox 1284 333 1365 407; x_wconf 78' lang='grc' dir='ltr'><strong><em>1εἰς.</em></strong></span> 
     </span>
     <span class='ocr_line' id='line_1_3' title="bbox 118 409 1365 519; baseline -0.004 -35"><span class='ocrx_word' id='word_1_21' title='bbox 118 419 191 495; x_wconf 89' lang='grc' dir='ltr'><strong><em>λέως</em></strong></span> <span class='ocrx_word' id='word_1_22' title='bbox 214 422 270 482; x_wconf 83' lang='grc' dir='ltr'><strong><em>τοῦ</em></strong></span> <span class='ocrx_word' id='word_1_23' title='bbox 295 413 422 500; x_wconf 77' lang='grc' dir='ltr'><em>μεγάλου</em></span> <span class='ocrx_word' id='word_1_24' title='bbox 446 416 592 504; x_wconf 82' lang='grc' dir='ltr'><strong><em>βασιλέως</em></strong></span> <span class='ocrx_word' id='word_1_25' title='bbox 611 413 720 480; x_wconf 81' lang='grc' dir='ltr'><strong><em>Ἀοσυ-</em></strong></span> <span class='ocrx_word' id='word_1_26' title='bbox 756 410 883 480; x_wconf 79' lang='grc' dir='ltr'><strong><em>ἀκούσω</em></strong></span> <span class='ocrx_word' id='word_1_27' title='bbox 899 411 1000 519; x_wconf 89' lang='grc' dir='ltr'><strong><em>κύριος</em></strong></span> <span class='ocrx_word' id='word_1_28' title='bbox 1018 410 1036 479; x_wconf 91' lang='lat'>5</span> <span class='ocrx_word' id='word_1_29' title='bbox 1057 409 1128 487; x_wconf 88' lang='grc' dir='ltr'><strong><em>θεός</em></strong></span> <span class='ocrx_word' id='word_1_30' title='bbox 1145 438 1201 478; x_wconf 93' lang='grc' dir='ltr'><strong><em>σου</em></strong></span> <span class='ocrx_word' id='word_1_31' title='bbox 1218 410 1291 489; x_wconf 86' lang='grc' dir='ltr'><strong><em>τούς</em></strong></span> <span class='ocrx_word' id='word_1_32' title='bbox 1306 412 1365 480; x_wconf 89' lang='grc' dir='ltr'><strong><em>λό-</em></strong></span> 
     </span>
     <span class='ocr_line' id='line_1_4' title="bbox 118 493 1362 607; baseline -0.002 -42"><span class='ocrx_word' id='word_1_33' title='bbox 118 509 199 607; x_wconf 89' lang='grc' dir='ltr'><strong><em>ρίων.</em></strong></span> <span class='ocrx_word' id='word_1_34' title='bbox 225 502 255 542; x_wconf 84' lang='lat'><strong><em>¹⁴</em></strong></span> <span class='ocrx_word' id='word_1_35' title='bbox 276 496 346 564; x_wconf 84' lang='grc' dir='ltr'><strong><em>τάδε</em></strong></span> <span class='ocrx_word' id='word_1_36' title='bbox 371 499 445 576; x_wconf 83' lang='grc' dir='ltr'><strong><em>λέγει</em></strong></span> <span class='ocrx_word' id='word_1_37' title='bbox 471 497 489 562; x_wconf 90' lang='lat'>5</span> <span class='ocrx_word' id='word_1_38' title='bbox 512 497 656 586; x_wconf 88' lang='grc' dir='ltr'><strong><em>βασιλεύς.</em></strong></span> <span class='ocrx_word' id='word_1_39' title='bbox 681 497 720 603; x_wconf 70' lang='grc' dir='ltr'><strong><em>μη</em></strong></span> <span class='ocrx_word' id='word_1_40' title='bbox 754 523 824 575; x_wconf 92' lang='grc' dir='ltr'><strong><em>γους</em></strong></span> <span class='ocrx_word' id='word_1_41' title='bbox 837 494 1016 585; x_wconf 86' lang='grc' dir='ltr'><strong><em>Ῥαβσακου,</em></strong></span> <span class='ocrx_word' id='word_1_42' title='bbox 1035 493 1088 570; x_wconf 77' lang='grc' dir='ltr'><strong><em>οὓς</em></strong></span> <span class='ocrx_word' id='word_1_43' title='bbox 1100 493 1253 561; x_wconf 84' lang='grc' dir='ltr'><strong><em>ἀπέστειλε</em></strong></span> <span class='ocrx_word' id='word_1_44' title='bbox 1268 501 1362 579; x_wconf 90' lang='grc' dir='ltr'><strong><em>βασι-</em></strong></span> 
     </span>
     <span class='ocr_line' id='line_1_5' title="bbox 118 576 1358 665; baseline -0.006 -14"><span class='ocrx_word' id='word_1_45' title='bbox 118 579 267 651; x_wconf 84' lang='grc' dir='ltr'><strong><em>απατάτω</em></strong></span> <span class='ocrx_word' id='word_1_46' title='bbox 292 579 368 665; x_wconf 76' lang='grc' dir='ltr'><strong><em>ὑμᾶς</em></strong></span> <span class='ocrx_word' id='word_1_47' title='bbox 389 580 517 658; x_wconf 82' lang='grc' dir='ltr'><strong><em>Ἐζεκίας</em></strong></span> <span class='ocrx_word' id='word_1_48' title='bbox 540 580 654 658; x_wconf 78' lang='grc' dir='ltr'><strong><em>λόγοις,</em></strong></span> <span class='ocrx_word' id='word_1_49' title='bbox 683 607 720 646; x_wconf 94' lang='grc' dir='ltr'><strong><em>ου</em></strong></span> <span class='ocrx_word' id='word_1_50' title='bbox 755 580 820 656; x_wconf 85' lang='grc' dir='ltr'><strong><em>λεὺς</em></strong></span> <span class='ocrx_word' id='word_1_51' title='bbox 828 579 1002 664; x_wconf 82' lang='grc' dir='ltr'><strong><em>Ἀσσυρίων,</em></strong></span> <span class='ocrx_word' id='word_1_52' title='bbox 1016 576 1157 655; x_wconf 82' lang='grc' dir='ltr'><strong><em>ὀνειδίζειν</em></strong></span> <span class='ocrx_word' id='word_1_53' title='bbox 1169 576 1239 644; x_wconf 89' lang='grc' dir='ltr'><strong><em>θεόν</em></strong></span> <span class='ocrx_word' id='word_1_54' title='bbox 1249 581 1358 655; x_wconf 77' lang='grc' dir='ltr'><strong><em>ζῶντα,</em></strong></span> 
     </span>
     <span class='ocr_line' id='line_1_6' title="bbox 117 656 1359 750; baseline -0.005 -18"><span class='ocrx_word' id='word_1_55' title='bbox 117 667 241 750; x_wconf 85' lang='grc' dir='ltr'><strong><em>δύνηται</em></strong></span> <span class='ocrx_word' id='word_1_56' title='bbox 265 660 419 750; x_wconf 84' lang='grc' dir='ltr'><strong><em>ῥύσασθαι</em></strong></span> <span class='ocrx_word' id='word_1_57' title='bbox 444 662 526 747; x_wconf 79' lang='grc' dir='ltr'><strong><em>ὑμᾶς.</em></strong></span> <span class='ocrx_word' id='word_1_58' title='bbox 564 664 656 728; x_wconf 76' lang='grc' dir='ltr'><strong><em>11καί</em></strong></span> <span class='ocrx_word' id='word_1_59' title='bbox 680 665 719 748; x_wconf 76' lang='grc' dir='ltr'><strong><em>μη</em></strong></span> <span class='ocrx_word' id='word_1_60' title='bbox 755 666 807 728; x_wconf 84' lang='grc' dir='ltr'><strong><em>καί</em></strong></span> <span class='ocrx_word' id='word_1_61' title='bbox 825 663 966 740; x_wconf 74' lang='grc' dir='ltr'><strong><em>ὀνειδίζειν</em></strong></span> <span class='ocrx_word' id='word_1_62' title='bbox 983 658 1092 739; x_wconf 89' lang='grc' dir='ltr'><strong><em>λόγους</em></strong></span> <span class='ocrx_word' id='word_1_63' title='bbox 1111 656 1164 736; x_wconf 79' lang='grc' dir='ltr'><strong><em>ούς</em></strong></span> <span class='ocrx_word' id='word_1_64' title='bbox 1180 661 1287 746; x_wconf 71' lang='grc' dir='ltr'><strong><em>ἤκουσε</em></strong></span> <span class='ocrx_word' id='word_1_65' title='bbox 1304 659 1359 726; x_wconf 77' lang='grc' dir='ltr'><strong><em>κύ·</em></strong></span> 
     </span>
     <span class='ocr_line' id='line_1_7' title="bbox 117 741 1360 839; baseline -0.005 -23"><span class='ocrx_word' id='word_1_66' title='bbox 117 752 227 827; x_wconf 82' lang='grc' dir='ltr'><strong><em>λεγέτω</em></strong></span> <span class='ocrx_word' id='word_1_67' title='bbox 241 745 307 831; x_wconf 82' lang='grc' dir='ltr'><strong><em>ύμῖν</em></strong></span> <span class='ocrx_word' id='word_1_68' title='bbox 319 747 462 824; x_wconf 78' lang='grc' dir='ltr'><strong><em>Ἐζεκίας,</em></strong></span> <span class='ocrx_word' id='word_1_69' title='bbox 488 744 536 812; x_wconf 81' lang='grc' dir='ltr'><strong><em>ότι</em></strong></span> <span class='ocrx_word' id='word_1_70' title='bbox 552 741 674 833; x_wconf 81' lang='grc' dir='ltr'><strong><em>ῥύσεται</em></strong></span> <span class='ocrx_word' id='word_1_71' title='bbox 686 745 721 812; x_wconf 85' lang='lat'><strong><em>5-</em></strong></span> <span class='ocrx_word' id='word_1_72' title='bbox 756 772 819 831; x_wconf 88' lang='grc' dir='ltr'><strong><em>ριος</em></strong></span> <span class='ocrx_word' id='word_1_73' title='bbox 839 743 857 811; x_wconf 88' lang='lat'>5</span> <span class='ocrx_word' id='word_1_74' title='bbox 878 743 950 821; x_wconf 88' lang='grc' dir='ltr'><strong><em>θεός</em></strong></span> <span class='ocrx_word' id='word_1_75' title='bbox 970 771 1036 821; x_wconf 93' lang='grc' dir='ltr'><strong><em>σου,</em></strong></span> <span class='ocrx_word' id='word_1_76' title='bbox 1054 747 1107 809; x_wconf 87' lang='grc' dir='ltr'><strong><em>καί</em></strong></span> <span class='ocrx_word' id='word_1_77' title='bbox 1128 741 1260 839; x_wconf 77' lang='grc' dir='ltr'><strong><em>δεηθηση</em></strong></span> <span class='ocrx_word' id='word_1_78' title='bbox 1280 743 1360 830; x_wconf 86' lang='grc' dir='ltr'><strong><em>πρὸς</em></strong></span> 
     </span>
     <span class='ocr_line' id='line_1_8' title="bbox 116 825 1360 925; baseline -0.003 -28"><span class='ocrx_word' id='word_1_79' title='bbox 116 837 174 917; x_wconf 83' lang='grc' dir='ltr'><strong><em>μᾶς</em></strong></span> <span class='ocrx_word' id='word_1_80' title='bbox 192 830 209 897; x_wconf 91' lang='lat'>5</span> <span class='ocrx_word' id='word_1_81' title='bbox 228 830 315 906; x_wconf 89' lang='grc' dir='ltr'><strong><em>θεός,</em></strong></span> <span class='ocrx_word' id='word_1_82' title='bbox 333 832 385 895; x_wconf 87' lang='grc' dir='ltr'><strong><em>καί</em></strong></span> <span class='ocrx_word' id='word_1_83' title='bbox 404 830 442 894; x_wconf 80' lang='grc' dir='ltr'><strong><em>οὐ</em></strong></span> <span class='ocrx_word' id='word_1_84' title='bbox 460 828 499 914; x_wconf 74' lang='grc' dir='ltr'><strong><em>μὴ</em></strong></span> <span class='ocrx_word' id='word_1_85' title='bbox 518 829 720 925; x_wconf 68' lang='grc' dir='ltr'><strong><em>παραδοθῇἡ</em></strong></span> <span class='ocrx_word' id='word_1_86' title='bbox 755 825 857 915; x_wconf 91' lang='grc' dir='ltr'><strong><em>κύριόν</em></strong></span> <span class='ocrx_word' id='word_1_87' title='bbox 874 856 928 896; x_wconf 93' lang='grc' dir='ltr'><strong><em>σου</em></strong></span> <span class='ocrx_word' id='word_1_88' title='bbox 938 854 974 894; x_wconf 89' lang='grc' dir='ltr'><strong><em>πε</em></strong></span> <span class='ocrx_word' id='word_1_89' title='bbox 994 831 1005 892; x_wconf 84' lang='grc' dir='ltr'><strong><em>ἰ</em></strong></span> <span class='ocrx_word' id='word_1_90' title='bbox 1020 833 1081 892; x_wconf 80' lang='grc' dir='ltr'><strong><em>τῶν</em></strong></span> <span class='ocrx_word' id='word_1_91' title='bbox 1090 828 1360 911; x_wconf 85' lang='grc' dir='ltr'><strong><em>καταλελειμμένων</em></strong></span> 
     </span>
     <span class='ocr_line' id='line_1_9' title="bbox 115 902 1360 1017; baseline -0.005 -36"><span class='ocrx_word' id='word_1_92' title='bbox 115 911 204 989; x_wconf 90' lang='grc' dir='ltr'><strong><em>πόλις</em></strong></span> <span class='ocrx_word' id='word_1_93' title='bbox 225 911 300 997; x_wconf 72' lang='grc' dir='ltr'><strong><em>αὕτη</em></strong></span> <span class='ocrx_word' id='word_1_94' title='bbox 323 917 354 979; x_wconf 85' lang='grc' dir='ltr'><strong><em>έν</em></strong></span> <span class='ocrx_word' id='word_1_95' title='bbox 370 917 442 1017; x_wconf 77' lang='grc' dir='ltr'><strong><em>χειρί</em></strong></span> <span class='ocrx_word' id='word_1_96' title='bbox 457 912 604 1001; x_wconf 88' lang='grc' dir='ltr'><strong><em>βασιλέως</em></strong></span> <span class='ocrx_word' id='word_1_97' title='bbox 618 912 720 980; x_wconf 79' lang='grc' dir='ltr'><strong><em>Ἀσσυ·</em></strong></span> <span class='ocrx_word' id='word_1_98' title='bbox 755 911 878 979; x_wconf 89' lang='grc' dir='ltr'><strong><em>τούτων.</em></strong></span> <span class='ocrx_word' id='word_1_99' title='bbox 909 915 989 977; x_wconf 80' lang='grc' dir='ltr'><strong><em>1και</em></strong></span> <span class='ocrx_word' id='word_1_100' title='bbox 1009 902 1109 995; x_wconf 77' lang='grc' dir='ltr'><strong><em>ἦλθον</em></strong></span> <span class='ocrx_word' id='word_1_101' title='bbox 1132 915 1162 974; x_wconf 83' lang='grc' dir='ltr'><strong><em>οἰ</em></strong></span> <span class='ocrx_word' id='word_1_102' title='bbox 1178 913 1282 986; x_wconf 80' lang='grc' dir='ltr'><strong><em>παῖδες</em></strong></span> <span class='ocrx_word' id='word_1_103' title='bbox 1303 916 1360 976; x_wconf 77' lang='grc' dir='ltr'><strong><em>τοῦ</em></strong></span> 
     </span>
     <span class='ocr_line' id='line_1_10' title="bbox 138 990 1360 1082; baseline -0.004 -19"><span class='ocrx_word' id='word_1_104' title='bbox 138 1005 201 1063; x_wconf 88' lang='grc' dir='ltr'><strong><em>ίων.</em></strong></span> <span class='ocrx_word' id='word_1_105' title='bbox 244 995 318 1080; x_wconf 71' lang='grc' dir='ltr'>11μ“</span> <span class='ocrx_word' id='word_1_106' title='bbox 349 995 471 1062; x_wconf 89' lang='grc' dir='ltr'><strong><em>ἀκουετε</em></strong></span> <span class='ocrx_word' id='word_1_107' title='bbox 489 995 626 1074; x_wconf 82' lang='grc' dir='ltr'><strong><em>Ἐζεκίου.</em></strong></span> <span class='ocrx_word' id='word_1_108' title='bbox 652 992 720 1063; x_wconf 81' lang='grc' dir='ltr'><strong><em>τόδε</em></strong></span> <span class='ocrx_word' id='word_1_109' title='bbox 754 997 899 1082; x_wconf 72' lang='grc' dir='ltr'><strong><em>βασιλέως</em></strong></span> <span class='ocrx_word' id='word_1_110' title='bbox 907 994 1036 1071; x_wconf 79' lang='grc' dir='ltr'><strong><em>Ἐζεκίου</em></strong></span> <span class='ocrx_word' id='word_1_111' title='bbox 1046 990 1273 1079; x_wconf 80' lang='grc' dir='ltr'><strong><em>πρὸςἩσαίίνν,</em></strong></span> <span class='ocrx_word' id='word_1_112' title='bbox 1287 996 1360 1059; x_wconf 75' lang='grc' dir='ltr'><strong><em>11καί</em></strong></span> 
     </span>
     <span class='ocr_line' id='line_1_11' title="bbox 117 1023 1360 1166; baseline -0.002 -21"><span class='ocrx_word' id='word_1_113' title='bbox 117 1025 192 1158; x_wconf 60' lang='grc' dir='ltr'><strong><em>λέγει</em></strong></span> <span class='ocrx_word' id='word_1_114' title='bbox 206 1076 224 1144; x_wconf 94' lang='lat'>5</span> <span class='ocrx_word' id='word_1_115' title='bbox 239 1023 374 1166; x_wconf 76' lang='grc' dir='ltr'><strong><em>βασιλεὺς</em></strong></span> <span class='ocrx_word' id='word_1_116' title='bbox 386 1077 556 1164; x_wconf 81' lang='grc' dir='ltr'><strong><em>Ἀσσυρίων.</em></strong></span> <span class='ocrx_word' id='word_1_117' title='bbox 580 1085 605 1144; x_wconf 89' lang='grc' dir='ltr'><strong><em>εἰ</em></strong></span> <span class='ocrx_word' id='word_1_118' title='bbox 616 1076 720 1166; x_wconf 72' lang='grc' dir='ltr'><strong><em>βούλε·</em></strong></span> <span class='ocrx_word' id='word_1_119' title='bbox 755 1079 832 1144; x_wconf 75' lang='grc' dir='ltr'><strong><em>εἶπεν</em></strong></span> <span class='ocrx_word' id='word_1_120' title='bbox 856 1077 960 1152; x_wconf 79' lang='grc' dir='ltr'><strong><em>αὐτοῖς</em></strong></span> <span class='ocrx_word' id='word_1_121' title='bbox 976 1076 1116 1152; x_wconf 77' lang='grc' dir='ltr'><strong><em>Ἠσαίας</em></strong></span> <span class='ocrx_word' id='word_1_122' title='bbox 1149 1074 1247 1152; x_wconf 80' lang='grc' dir='ltr'><strong><em>ούτως</em></strong></span> <span class='ocrx_word' id='word_1_123' title='bbox 1269 1080 1360 1162; x_wconf 76' lang='grc' dir='ltr'><strong><em>ἐρεῖτε</em></strong></span> 
     </span>
     <span class='ocr_line' id='line_1_12' title="bbox 117 1156 1359 1248; baseline -0.006 -16"><span class='ocrx_word' id='word_1_124' title='bbox 117 1175 173 1232; x_wconf 84' lang='grc' dir='ltr'><strong><em>σθε</em></strong></span> <span class='ocrx_word' id='word_1_125' title='bbox 190 1160 406 1247; x_wconf 79' lang='grc' dir='ltr'><strong><em>εάλογηθηναι,</em></strong></span> <span class='ocrx_word' id='word_1_126' title='bbox 432 1162 627 1248; x_wconf 80' lang='grc' dir='ltr'><strong><em>ἰκπορεύεσθε</em></strong></span> <span class='ocrx_word' id='word_1_127' title='bbox 643 1162 720 1247; x_wconf 85' lang='grc' dir='ltr'><strong><em>πρὸς</em></strong></span> <span class='ocrx_word' id='word_1_128' title='bbox 754 1160 829 1248; x_wconf 87' lang='grc' dir='ltr'><strong><em>πρὸς</em></strong></span> <span class='ocrx_word' id='word_1_129' title='bbox 840 1160 896 1227; x_wconf 88' lang='grc' dir='ltr'><strong><em>τόν</em></strong></span> <span class='ocrx_word' id='word_1_130' title='bbox 906 1158 1008 1243; x_wconf 86' lang='grc' dir='ltr'><strong><em>κύριον</em></strong></span> <span class='ocrx_word' id='word_1_131' title='bbox 1020 1158 1108 1244; x_wconf 80' lang='grc' dir='ltr'><strong><em>ὑμῶν.</em></strong></span> <span class='ocrx_word' id='word_1_132' title='bbox 1132 1156 1204 1224; x_wconf 79' lang='grc' dir='ltr'><strong><em>τόδε</em></strong></span> <span class='ocrx_word' id='word_1_133' title='bbox 1216 1159 1292 1238; x_wconf 81' lang='grc' dir='ltr'><strong><em>λέγει</em></strong></span> <span class='ocrx_word' id='word_1_134' title='bbox 1305 1156 1359 1225; x_wconf 93' lang='grc' dir='ltr'><strong><em>κύ-</em></strong></span> 
     </span>
     <span class='ocr_line' id='line_1_13' title="bbox 115 1235 1360 1352; baseline -0.002 -42"><span class='ocrx_word' id='word_1_135' title='bbox 115 1245 162 1334; x_wconf 81' lang='grc' dir='ltr'><strong><em>μί,</em></strong></span> <span class='ocrx_word' id='word_1_136' title='bbox 173 1246 225 1311; x_wconf 81' lang='grc' dir='ltr'><strong><em>καί</em></strong></span> <span class='ocrx_word' id='word_1_137' title='bbox 238 1246 368 1326; x_wconf 83' lang='grc' dir='ltr'><strong><em>φάγεσθε</em></strong></span> <span class='ocrx_word' id='word_1_138' title='bbox 387 1250 511 1321; x_wconf 69' lang='grc' dir='ltr'><strong><em>ἕκαστος</em></strong></span> <span class='ocrx_word' id='word_1_139' title='bbox 522 1245 576 1330; x_wconf 75' lang='grc' dir='ltr'><strong><em>τὴν</em></strong></span> <span class='ocrx_word' id='word_1_140' title='bbox 588 1245 720 1328; x_wconf 88' lang='grc' dir='ltr'><strong><em>ἀμπελον</em></strong></span> <span class='ocrx_word' id='word_1_141' title='bbox 754 1271 824 1352; x_wconf 86' lang='grc' dir='ltr'><strong><em>ριος.</em></strong></span> <span class='ocrx_word' id='word_1_142' title='bbox 848 1243 888 1330; x_wconf 74' lang='grc' dir='ltr'><strong><em>μὴ</em></strong></span> <span class='ocrx_word' id='word_1_143' title='bbox 902 1248 1037 1352; x_wconf 78' lang='grc' dir='ltr'><strong><em>φοβηθῇς</em></strong></span> <span class='ocrx_word' id='word_1_144' title='bbox 1053 1242 1115 1308; x_wconf 85' lang='grc' dir='ltr'><strong><em>ἀπὸ</em></strong></span> <span class='ocrx_word' id='word_1_145' title='bbox 1132 1248 1193 1307; x_wconf 80' lang='grc' dir='ltr'><strong><em>τῶν</em></strong></span> <span class='ocrx_word' id='word_1_146' title='bbox 1203 1240 1303 1321; x_wconf 86' lang='grc' dir='ltr'><strong><em>λόγων</em></strong></span> <span class='ocrx_word' id='word_1_147' title='bbox 1316 1235 1360 1308; x_wconf 83' lang='grc' dir='ltr'><strong><em>σόν</em></strong></span> 
     </span>
     <span class='ocr_line' id='line_1_14' title="bbox 116 1320 1361 1413; baseline -0.005 -17"><span class='ocrx_word' id='word_1_148' title='bbox 116 1328 212 1396; x_wconf 79' lang='grc' dir='ltr'><strong><em>αὐτοῦ</em></strong></span> <span class='ocrx_word' id='word_1_149' title='bbox 231 1331 283 1394; x_wconf 83' lang='grc' dir='ltr'><strong><em>καί</em></strong></span> <span class='ocrx_word' id='word_1_150' title='bbox 299 1328 354 1403; x_wconf 84' lang='grc' dir='ltr'><strong><em>τὰς</em></strong></span> <span class='ocrx_word' id='word_1_151' title='bbox 371 1336 471 1404; x_wconf 81' lang='grc' dir='ltr'><strong><em>συκᾶς,</em></strong></span> <span class='ocrx_word' id='word_1_152' title='bbox 489 1330 541 1393; x_wconf 90' lang='grc' dir='ltr'><strong><em>καί</em></strong></span> <span class='ocrx_word' id='word_1_153' title='bbox 558 1335 664 1395; x_wconf 88' lang='grc' dir='ltr'><strong><em>πίεσθε</em></strong></span> <span class='ocrx_word' id='word_1_154' title='bbox 684 1327 720 1394; x_wconf 79' lang='grc' dir='ltr'><strong><em>ῧ-</em></strong></span> <span class='ocrx_word' id='word_1_155' title='bbox 755 1330 894 1413; x_wconf 86' lang='grc' dir='ltr'><strong><em>η’κουσας,</em></strong></span> <span class='ocrx_word' id='word_1_156' title='bbox 908 1354 962 1402; x_wconf 94' lang='grc' dir='ltr'><strong><em>ους</em></strong></span> <span class='ocrx_word' id='word_1_157' title='bbox 973 1320 1166 1408; x_wconf 80' lang='grc' dir='ltr'><strong><em>ὠνείδισάνμε</em></strong></span> <span class='ocrx_word' id='word_1_158' title='bbox 1179 1330 1210 1390; x_wconf 84' lang='grc' dir='ltr'><strong><em>οἰ</em></strong></span> <span class='ocrx_word' id='word_1_159' title='bbox 1221 1328 1361 1413; x_wconf 86' lang='grc' dir='ltr'><strong><em>πρέσβεις</em></strong></span> 
     </span>
     <span class='ocr_line' id='line_1_15' title="bbox 116 1407 1359 1499; baseline -0.005 -20"><span class='ocrx_word' id='word_1_160' title='bbox 116 1415 178 1496; x_wconf 79' lang='grc' dir='ltr'><strong><em>δωρ</em></strong></span> <span class='ocrx_word' id='word_1_161' title='bbox 197 1415 229 1476; x_wconf 76' lang='grc' dir='ltr'><strong><em>ἐκ</em></strong></span> <span class='ocrx_word' id='word_1_162' title='bbox 247 1416 302 1476; x_wconf 83' lang='grc' dir='ltr'><strong><em>τοῦ</em></strong></span> <span class='ocrx_word' id='word_1_163' title='bbox 319 1407 432 1476; x_wconf 80' lang='grc' dir='ltr'><strong><em>λάκκου</em></strong></span> <span class='ocrx_word' id='word_1_164' title='bbox 453 1409 549 1494; x_wconf 76' lang='grc' dir='ltr'><strong><em>ὑμῶν,</em></strong></span> <span class='ocrx_word' id='word_1_165' title='bbox 574 1414 601 1455; x_wconf 85' lang='lat'><strong><em>¹⁷</em></strong></span> <span class='ocrx_word' id='word_1_166' title='bbox 614 1417 670 1488; x_wconf 86' lang='grc' dir='ltr'><strong><em>έως</em></strong></span> <span class='ocrx_word' id='word_1_167' title='bbox 681 1411 719 1478; x_wconf 86' lang='grc' dir='ltr'><strong><em>ἀν</em></strong></span> <span class='ocrx_word' id='word_1_168' title='bbox 753 1411 898 1499; x_wconf 84' lang='grc' dir='ltr'><strong><em>βασιλέως</em></strong></span> <span class='ocrx_word' id='word_1_169' title='bbox 913 1409 1084 1496; x_wconf 84' lang='grc' dir='ltr'><strong><em>Ἀσσυρίων.</em></strong></span> <span class='ocrx_word' id='word_1_170' title='bbox 1110 1408 1203 1474; x_wconf 78' lang='grc' dir='ltr'><strong><em>1ἰδοὺ</em></strong></span> <span class='ocrx_word' id='word_1_171' title='bbox 1225 1407 1284 1485; x_wconf 80' lang='grc' dir='ltr'><strong><em>ἐγώ</em></strong></span> <span class='ocrx_word' id='word_1_172' title='bbox 1308 1415 1359 1494; x_wconf 80' lang='grc' dir='ltr'><strong><em>ἐμ·</em></strong></span> 
     </span>
     <span class='ocr_line' id='line_1_16' title="bbox 116 1488 1359 1583; baseline -0.002 -22"><span class='ocrx_word' id='word_1_173' title='bbox 116 1497 214 1573; x_wconf 71' lang='grc' dir='ltr'><strong><em>ἔλθω,</em></strong></span> <span class='ocrx_word' id='word_1_174' title='bbox 225 1495 277 1558; x_wconf 86' lang='grc' dir='ltr'><strong><em>καί</em></strong></span> <span class='ocrx_word' id='word_1_175' title='bbox 289 1489 371 1579; x_wconf 80' lang='grc' dir='ltr'><strong><em>λα’βω</em></strong></span> <span class='ocrx_word' id='word_1_176' title='bbox 387 1493 459 1576; x_wconf 76' lang='grc' dir='ltr'><strong><em>ὑμᾶς</em></strong></span> <span class='ocrx_word' id='word_1_177' title='bbox 471 1499 510 1569; x_wconf 87' lang='grc' dir='ltr'><strong><em>εἰς</em></strong></span> <span class='ocrx_word' id='word_1_178' title='bbox 520 1499 585 1576; x_wconf 78' lang='grc' dir='ltr'><strong><em>γῆν,</em></strong></span> <span class='ocrx_word' id='word_1_179' title='bbox 597 1492 639 1569; x_wconf 79' lang='grc' dir='ltr'><strong><em>ὡς</em></strong></span> <span class='ocrx_word' id='word_1_180' title='bbox 652 1493 668 1576; x_wconf 75' lang='grc' dir='ltr'><em>ἢ</em></span> <span class='ocrx_word' id='word_1_181' title='bbox 681 1501 720 1580; x_wconf 82' lang='grc' dir='ltr'><strong><em>γῆ</em></strong></span> <span class='ocrx_word' id='word_1_182' title='bbox 753 1492 857 1583; x_wconf 80' lang='grc' dir='ltr'><strong><em>βάλλω</em></strong></span> <span class='ocrx_word' id='word_1_183' title='bbox 872 1499 912 1570; x_wconf 83' lang='grc' dir='ltr'><strong><em>εἰς</em></strong></span> <span class='ocrx_word' id='word_1_184' title='bbox 924 1493 1016 1560; x_wconf 79' lang='grc' dir='ltr'><strong><em>αὐτὸν</em></strong></span> <span class='ocrx_word' id='word_1_185' title='bbox 1027 1496 1151 1574; x_wconf 81' lang='grc' dir='ltr'><strong><em>πνεῦμα,</em></strong></span> <span class='ocrx_word' id='word_1_186' title='bbox 1161 1492 1212 1555; x_wconf 85' lang='grc' dir='ltr'><strong><em>καί</em></strong></span> <span class='ocrx_word' id='word_1_187' title='bbox 1224 1488 1359 1567; x_wconf 84' lang='grc' dir='ltr'><strong><em>ἀκούσας</em></strong></span> 
     </span>
     <span class='ocr_line' id='line_1_17' title="bbox 116 1571 1358 1662; baseline -0.002 -19"><span class='ocrx_word' id='word_1_188' title='bbox 116 1576 210 1662; x_wconf 77' lang='grc' dir='ltr'><strong><em>ὑμῶν,</em></strong></span> <span class='ocrx_word' id='word_1_189' title='bbox 231 1581 270 1652; x_wconf 76' lang='grc' dir='ltr'><strong><em>γ”</em></strong></span> <span class='ocrx_word' id='word_1_190' title='bbox 283 1582 366 1641; x_wconf 82' lang='grc' dir='ltr'><strong><em>σίτου</em></strong></span> <span class='ocrx_word' id='word_1_191' title='bbox 382 1579 434 1641; x_wconf 86' lang='grc' dir='ltr'><strong><em>καὶ</em></strong></span> <span class='ocrx_word' id='word_1_192' title='bbox 451 1578 534 1641; x_wconf 85' lang='grc' dir='ltr'><strong><em>οἴνου</em></strong></span> <span class='ocrx_word' id='word_1_193' title='bbox 552 1579 604 1641; x_wconf 85' lang='grc' dir='ltr'><strong><em>καί</em></strong></span> <span class='ocrx_word' id='word_1_194' title='bbox 619 1577 719 1662; x_wconf 88' lang='grc' dir='ltr'><strong><em>ἀρτων</em></strong></span> <span class='ocrx_word' id='word_1_195' title='bbox 755 1577 894 1656; x_wconf 90' lang='grc' dir='ltr'><strong><em>ἀγγελίαν</em></strong></span> <span class='ocrx_word' id='word_1_196' title='bbox 908 1571 1168 1661; x_wconf 75' lang='grc' dir='ltr'><strong><em>ἀποστραφήσεται</em></strong></span> <span class='ocrx_word' id='word_1_197' title='bbox 1181 1579 1220 1649; x_wconf 87' lang='grc' dir='ltr'><strong><em>εἰς</em></strong></span> <span class='ocrx_word' id='word_1_198' title='bbox 1232 1573 1288 1659; x_wconf 72' lang='grc' dir='ltr'><strong><em>τὴν</em></strong></span> <span class='ocrx_word' id='word_1_199' title='bbox 1298 1575 1358 1660; x_wconf 83' lang='grc' dir='ltr'><strong><em>χώ-</em></strong></span> 
     </span>
     <span class='ocr_line' id='line_1_18' title="bbox 114 1604 1358 1763; baseline -0.002 -37"><span class='ocrx_word' id='word_1_200' title='bbox 114 1663 167 1726; x_wconf 85' lang='grc' dir='ltr'><strong><em>καί</em></strong></span> <span class='ocrx_word' id='word_1_201' title='bbox 178 1604 366 1742; x_wconf 84' lang='grc' dir='ltr'><strong><em>ἀμπελώνων.</em></strong></span> <span class='ocrx_word' id='word_1_202' title='bbox 392 1661 420 1702; x_wconf 88' lang='lat'><strong><em>¹⁸</em></strong></span> <span class='ocrx_word' id='word_1_203' title='bbox 432 1655 634 1763; x_wconf 72' lang='grc' dir='ltr'><strong><em>μηάπατάτω</em></strong></span> <span class='ocrx_word' id='word_1_204' title='bbox 648 1657 720 1744; x_wconf 77' lang='grc' dir='ltr'><strong><em>ὑμᾶς</em></strong></span> <span class='ocrx_word' id='word_1_205' title='bbox 755 1685 812 1748; x_wconf 89' lang='grc' dir='ltr'><strong><em>ραν</em></strong></span> <span class='ocrx_word' id='word_1_206' title='bbox 827 1658 940 1735; x_wconf 77' lang='grc' dir='ltr'><strong><em>αὐτοῦ,</em></strong></span> <span class='ocrx_word' id='word_1_207' title='bbox 964 1663 1015 1725; x_wconf 86' lang='grc' dir='ltr'><strong><em>καί</em></strong></span> <span class='ocrx_word' id='word_1_208' title='bbox 1025 1671 1154 1725; x_wconf 76' lang='grc' dir='ltr'><strong><em>πεσεῖται</em></strong></span> <span class='ocrx_word' id='word_1_209' title='bbox 1174 1665 1309 1743; x_wconf 77' lang='grc' dir='ltr'><strong><em>μαχαίρᾳ</em></strong></span> <span class='ocrx_word' id='word_1_210' title='bbox 1327 1662 1358 1723; x_wconf 83' lang='grc' dir='ltr'><strong><em>ἒν</em></strong></span> 
     </span>
     <span class='ocr_line' id='line_1_19' title="bbox 111 1738 1358 1828; baseline -0.001 -22"><span class='ocrx_word' id='word_1_211' title='bbox 111 1741 249 1821; x_wconf 72' lang='grc' dir='ltr'><strong><em>Ἐζεκίας,</em></strong></span> <span class='ocrx_word' id='word_1_212' title='bbox 262 1741 363 1820; x_wconf 88' lang='grc' dir='ltr'><strong><em>λέγων.</em></strong></span> <span class='ocrx_word' id='word_1_213' title='bbox 390 1739 407 1807; x_wconf 89' lang='lat'>5</span> <span class='ocrx_word' id='word_1_214' title='bbox 423 1753 495 1818; x_wconf 89' lang='grc' dir='ltr'><strong><em>θεος</em></strong></span> <span class='ocrx_word' id='word_1_215' title='bbox 506 1739 625 1828; x_wconf 77' lang='grc' dir='ltr'><strong><em>ῥύσεται</em></strong></span> <span class='ocrx_word' id='word_1_216' title='bbox 635 1741 719 1826; x_wconf 78' lang='grc' dir='ltr'><strong><em>ὑμᾶς.</em></strong></span> <span class='ocrx_word' id='word_1_217' title='bbox 754 1750 792 1828; x_wconf 81' lang='grc' dir='ltr'><strong><em>τῆ</em></strong></span> <span class='ocrx_word' id='word_1_218' title='bbox 803 1749 841 1826; x_wconf 76' lang='grc' dir='ltr'><strong><em>γῆ</em></strong></span> <span class='ocrx_word' id='word_1_219' title='bbox 856 1741 957 1808; x_wconf 73' lang='grc' dir='ltr'><strong><em>αὐτοῦ.</em></strong></span> <span class='ocrx_word' id='word_1_220' title='bbox 990 1744 1006 1786; x_wconf 82' lang='grc'><strong><em>11</em></strong></span> <span class='ocrx_word' id='word_1_221' title='bbox 1019 1745 1070 1807; x_wconf 84' lang='grc' dir='ltr'><strong><em>καί</em></strong></span> <span class='ocrx_word' id='word_1_222' title='bbox 1082 1740 1251 1826; x_wconf 77' lang='grc' dir='ltr'><strong><em>ἀπέστρεψε</em></strong></span> <span class='ocrx_word' id='word_1_223' title='bbox 1264 1738 1358 1826; x_wconf 86' lang='grc' dir='ltr'><strong><em>Ῥαβ·</em></strong></span> 
     </span>
     <span class='ocr_line' id='line_1_20' title="bbox 116 1814 1357 1912; baseline -0.001 -23"><span class='ocrx_word' id='word_1_224' title='bbox 116 1828 155 1912; x_wconf 76' lang='grc' dir='ltr'><strong><em>μη</em></strong></span> <span class='ocrx_word' id='word_1_225' title='bbox 168 1821 330 1912; x_wconf 72' lang='grc' dir='ltr'><strong><em>ἐρρύσαντο</em></strong></span> <span class='ocrx_word' id='word_1_226' title='bbox 349 1830 380 1891; x_wconf 83' lang='grc' dir='ltr'><strong><em>σί</em></strong></span> <span class='ocrx_word' id='word_1_227' title='bbox 390 1829 458 1891; x_wconf 86' lang='grc' dir='ltr'><strong><em>θεοὶ</em></strong></span> <span class='ocrx_word' id='word_1_228' title='bbox 470 1831 532 1892; x_wconf 79' lang='grc' dir='ltr'><strong><em>τῶν</em></strong></span> <span class='ocrx_word' id='word_1_229' title='bbox 543 1829 641 1892; x_wconf 76' lang='grc' dir='ltr'><strong><em>ἐθνῶν</em></strong></span> <span class='ocrx_word' id='word_1_230' title='bbox 650 1834 718 1893; x_wconf 82' lang='grc' dir='ltr'><strong><em>έκα·</em></strong></span> <span class='ocrx_word' id='word_1_231' title='bbox 755 1814 855 1911; x_wconf 71' lang='grc' dir='ltr'><strong><em>σ’ἀκης,</em></strong></span> <span class='ocrx_word' id='word_1_232' title='bbox 866 1829 919 1892; x_wconf 87' lang='grc' dir='ltr'><strong><em>καί</em></strong></span> <span class='ocrx_word' id='word_1_233' title='bbox 929 1825 1073 1911; x_wconf 81' lang='grc' dir='ltr'><strong><em>κατελαβε</em></strong></span> <span class='ocrx_word' id='word_1_234' title='bbox 1084 1823 1138 1890; x_wconf 83' lang='grc' dir='ltr'><strong><em>τόν</em></strong></span> <span class='ocrx_word' id='word_1_235' title='bbox 1154 1822 1357 1904; x_wconf 66' lang='grc' dir='ltr'><strong><em>βασιλέαἈω</em></strong></span> 
     </span>
     <span class='ocr_line' id='line_1_21' title="bbox 117 1905 1359 1998; baseline -0.003 -22"><span class='ocrx_word' id='word_1_236' title='bbox 117 1935 188 1985; x_wconf 85' lang='grc' dir='ltr'><strong><em>στος</em></strong></span> <span class='ocrx_word' id='word_1_237' title='bbox 201 1905 256 1992; x_wconf 80' lang='grc' dir='ltr'><strong><em>τὴν</em></strong></span> <span class='ocrx_word' id='word_1_238' title='bbox 269 1911 377 1974; x_wconf 82' lang='grc' dir='ltr'><strong><em>ἑαυτοῦ</em></strong></span> <span class='ocrx_word' id='word_1_239' title='bbox 392 1905 492 1995; x_wconf 82' lang='grc' dir='ltr'><strong><em>χώραν</em></strong></span> <span class='ocrx_word' id='word_1_240' title='bbox 510 1913 542 1974; x_wconf 79' lang='grc' dir='ltr'><strong><em>ἐκ</em></strong></span> <span class='ocrx_word' id='word_1_241' title='bbox 558 1909 651 1995; x_wconf 85' lang='grc' dir='ltr'><strong><em>χειρὸς</em></strong></span> <span class='ocrx_word' id='word_1_242' title='bbox 662 1915 719 1998; x_wconf 92' lang='grc' dir='ltr'><strong><em>βα-</em></strong></span> <span class='ocrx_word' id='word_1_243' title='bbox 755 1916 864 1996; x_wconf 88' lang='grc' dir='ltr'><strong><em>συρίων</em></strong></span> <span class='ocrx_word' id='word_1_244' title='bbox 892 1910 1110 1994; x_wconf 76' lang='grc' dir='ltr'><strong><em>πολιορκοῦντα</em></strong></span> <span class='ocrx_word' id='word_1_245' title='bbox 1135 1907 1266 1993; x_wconf 84' lang='grc' dir='ltr'><strong><em>Λοβνάν.</em></strong></span> <span class='ocrx_word' id='word_1_246' title='bbox 1305 1910 1359 1972; x_wconf 86' lang='grc' dir='ltr'><strong><em>καί</em></strong></span> 
     </span>
     <span class='ocr_line' id='line_1_22' title="bbox 116 1989 1361 2079; baseline -0.003 -20"><span class='ocrx_word' id='word_1_247' title='bbox 116 1992 220 2066; x_wconf 77' lang='grc' dir='ltr'><strong><em>σιλέως</em></strong></span> <span class='ocrx_word' id='word_1_248' title='bbox 240 1992 405 2078; x_wconf 81' lang='grc' dir='ltr'><strong><em>Ἀσσυρίων</em></strong></span> <span class='ocrx_word' id='word_1_249' title='bbox 410 2021 423 2072; x_wconf 84' lang='grc'><strong><em>,·</em></strong></span> <span class='ocrx_word' id='word_1_250' title='bbox 459 1994 488 2035; x_wconf 79' lang='grc'><strong><em>11</em></strong></span> <span class='ocrx_word' id='word_1_251' title='bbox 505 1997 568 2058; x_wconf 82' lang='grc' dir='ltr'><strong><em>ποῦ</em></strong></span> <span class='ocrx_word' id='word_1_252' title='bbox 595 1997 675 2059; x_wconf 78' lang='grc' dir='ltr'><strong><em>ἐστιν</em></strong></span> <span class='ocrx_word' id='word_1_253' title='bbox 700 1991 718 2058; x_wconf 89' lang='lat'>5</span> <span class='ocrx_word' id='word_1_254' title='bbox 753 1993 877 2079; x_wconf 76' lang='grc' dir='ltr'><strong><em>ἤκουσεν</em></strong></span> <span class='ocrx_word' id='word_1_255' title='bbox 886 1989 934 2058; x_wconf 83' lang='grc' dir='ltr'><strong><em>ότι</em></strong></span> <span class='ocrx_word' id='word_1_256' title='bbox 946 1992 1059 2079; x_wconf 71' lang='grc' dir='ltr'><strong><em>ἀπῆρεν</em></strong></span> <span class='ocrx_word' id='word_1_257' title='bbox 1070 1989 1134 2056; x_wconf 85' lang='grc' dir='ltr'><strong><em>ἀπὸ</em></strong></span> <span class='ocrx_word' id='word_1_258' title='bbox 1148 1998 1253 2077; x_wconf 83' lang='grc' dir='ltr'><strong><em>Λαχίς.</em></strong></span> <span class='ocrx_word' id='word_1_259' title='bbox 1278 1992 1361 2056; x_wconf 77' lang='grc' dir='ltr'><strong><em>1καί</em></strong></span> 
     </span>
     <span class='ocr_line' id='line_1_23' title="bbox 115 2064 1359 2180; baseline 0 -40"><span class='ocrx_word' id='word_1_260' title='bbox 115 2071 189 2149; x_wconf 87' lang='grc' dir='ltr'><strong><em>θεός</em></strong></span> <span class='ocrx_word' id='word_1_261' title='bbox 202 2072 304 2156; x_wconf 81' lang='grc' dir='ltr'><strong><em>Ἐμάθ</em></strong></span> <span class='ocrx_word' id='word_1_262' title='bbox 320 2076 370 2139; x_wconf 86' lang='grc' dir='ltr'><strong><em>καί</em></strong></span> <span class='ocrx_word' id='word_1_263' title='bbox 386 2071 527 2157; x_wconf 74' lang='grc' dir='ltr'><strong><em>Ἀρφάθ,</em></strong></span> <span class='ocrx_word' id='word_1_264' title='bbox 551 2078 603 2141; x_wconf 84' lang='grc' dir='ltr'><strong><em>καί</em></strong></span> <span class='ocrx_word' id='word_1_265' title='bbox 618 2080 682 2142; x_wconf 80' lang='grc' dir='ltr'><strong><em>ποῦ</em></strong></span> <span class='ocrx_word' id='word_1_266' title='bbox 701 2074 718 2142; x_wconf 92' lang='lat'>5</span> <span class='ocrx_word' id='word_1_267' title='bbox 753 2077 860 2154; x_wconf 75' lang='grc' dir='ltr'><strong><em>ἔξλθε</em></strong></span> <span class='ocrx_word' id='word_1_268' title='bbox 887 2064 1016 2163; x_wconf 76' lang='grc' dir='ltr'><strong><em>Θαρακά</em></strong></span> <span class='ocrx_word' id='word_1_269' title='bbox 1030 2074 1171 2180; x_wconf 73' lang='grc' dir='ltr'><strong><em>βασιλεὺς</em></strong></span> <span class='ocrx_word' id='word_1_270' title='bbox 1188 2070 1359 2140; x_wconf 87' lang='grc' dir='ltr'><strong><em>Αἰθιόπων</em></strong></span> 
     </span>
     <span class='ocr_line' id='line_1_24' title="bbox 114 2105 1359 2247; baseline -0.002 -23"><span class='ocrx_word' id='word_1_271' title='bbox 114 2154 186 2232; x_wconf 88' lang='grc' dir='ltr'><strong><em>θεὸς</em></strong></span> <span class='ocrx_word' id='word_1_272' title='bbox 210 2161 261 2243; x_wconf 78' lang='grc' dir='ltr'><strong><em>τῆς</em></strong></span> <span class='ocrx_word' id='word_1_273' title='bbox 285 2153 399 2234; x_wconf 78' lang='grc' dir='ltr'><strong><em>πόλεως</em></strong></span> <span class='ocrx_word' id='word_1_274' title='bbox 419 2156 649 2245; x_wconf 83' lang='grc' dir='ltr'><strong><em>Ἔπφαρουαίμ,·</em></strong></span> <span class='ocrx_word' id='word_1_275' title='bbox 678 2160 717 2245; x_wconf 74' lang='grc' dir='ltr'><strong><em>μὴ</em></strong></span> <span class='ocrx_word' id='word_1_276' title='bbox 752 2105 950 2247; x_wconf 80' lang='grc' dir='ltr'><strong><em>πολιορκῆσαι</em></strong></span> <span class='ocrx_word' id='word_1_277' title='bbox 963 2158 1064 2225; x_wconf 79' lang='grc' dir='ltr'><strong><em>αὐτον.</em></strong></span> <span class='ocrx_word' id='word_1_278' title='bbox 1076 2160 1129 2224; x_wconf 81' lang='grc' dir='ltr'><strong><em>καί</em></strong></span> <span class='ocrx_word' id='word_1_279' title='bbox 1140 2156 1273 2234; x_wconf 88' lang='grc' dir='ltr'><strong><em>ἀκούσας</em></strong></span> <span class='ocrx_word' id='word_1_280' title='bbox 1284 2155 1359 2222; x_wconf 87' lang='grc' dir='ltr'><strong><em>ἀπέ·</em></strong></span> 
     </span>
     <span class='ocr_line' id='line_1_25' title="bbox 115 2236 1359 2329; baseline -0.002 -21"><span class='ocrx_word' id='word_1_281' title='bbox 115 2236 255 2308; x_wconf 71' lang='grc' dir='ltr'><strong><em>ἐδύναντο</em></strong></span> <span class='ocrx_word' id='word_1_282' title='bbox 268 2236 420 2328; x_wconf 79' lang='grc' dir='ltr'><strong><em>ῥύσασθαι</em></strong></span> <span class='ocrx_word' id='word_1_283' title='bbox 434 2242 606 2327; x_wconf 81' lang='grc' dir='ltr'><strong><em>Σαμάρειαν</em></strong></span> <span class='ocrx_word' id='word_1_284' title='bbox 619 2245 650 2307; x_wconf 80' lang='grc' dir='ltr'><strong><em>ἐκ</em></strong></span> <span class='ocrx_word' id='word_1_285' title='bbox 662 2270 719 2329; x_wconf 78' lang='grc' dir='ltr'><strong><em>χει·</em></strong></span> <span class='ocrx_word' id='word_1_286' title='bbox 754 2263 870 2329; x_wconf 80' lang='grc' dir='ltr'><strong><em>στρεψε,</em></strong></span> <span class='ocrx_word' id='word_1_287' title='bbox 882 2245 935 2309; x_wconf 82' lang='grc' dir='ltr'><strong><em>καί</em></strong></span> <span class='ocrx_word' id='word_1_288' title='bbox 946 2242 1112 2309; x_wconf 85' lang='grc' dir='ltr'><strong><em>ἀπέστειλεν</em></strong></span> <span class='ocrx_word' id='word_1_289' title='bbox 1126 2240 1270 2321; x_wconf 75' lang='grc' dir='ltr'><strong><em>ἀγγέλους</em></strong></span> <span class='ocrx_word' id='word_1_290' title='bbox 1281 2239 1359 2324; x_wconf 88' lang='grc' dir='ltr'><strong><em>πρός</em></strong></span> 
     </span>
     <span class='ocr_line' id='line_1_26' title="bbox 115 2320 1359 2412; baseline 0 -22"><span class='ocrx_word' id='word_1_291' title='bbox 115 2322 168 2412; x_wconf 90' lang='grc' dir='ltr'><strong><em>ρός</em></strong></span> <span class='ocrx_word' id='word_1_292' title='bbox 191 2351 265 2408; x_wconf 86' lang='grc' dir='ltr'><strong><em>μου,Ι</em></strong></span> <span class='ocrx_word' id='word_1_293' title='bbox 297 2327 386 2401; x_wconf 77' lang='grc' dir='ltr'><strong><em>1οτίς</em></strong></span> <span class='ocrx_word' id='word_1_294' title='bbox 411 2329 471 2390; x_wconf 80' lang='grc' dir='ltr'><strong><em>τῶν</em></strong></span> <span class='ocrx_word' id='word_1_295' title='bbox 495 2331 574 2391; x_wconf 78' lang='grc' dir='ltr'><strong><em>θεῶν</em></strong></span> <span class='ocrx_word' id='word_1_296' title='bbox 598 2323 719 2394; x_wconf 83' lang='grc' dir='ltr'><strong><em>πόντων</em></strong></span> <span class='ocrx_word' id='word_1_297' title='bbox 749 2325 888 2404; x_wconf 81' lang='grc' dir='ltr'><strong><em>Ἐζεκίαν,</em></strong></span> <span class='ocrx_word' id='word_1_298' title='bbox 900 2327 1002 2404; x_wconf 80' lang='grc' dir='ltr'><strong><em>λέγων.</em></strong></span> <span class='ocrx_word' id='word_1_299' title='bbox 1029 2329 1058 2370; x_wconf 92' lang='lat'><strong><em>¹⁰</em></strong></span> <span class='ocrx_word' id='word_1_300' title='bbox 1072 2320 1168 2402; x_wconf 77' lang='grc' dir='ltr'><strong><em>ούτως</em></strong></span> <span class='ocrx_word' id='word_1_301' title='bbox 1179 2330 1268 2410; x_wconf 79' lang='grc' dir='ltr'><strong><em>ἐρεῖτε</em></strong></span> <span class='ocrx_word' id='word_1_302' title='bbox 1277 2323 1359 2401; x_wconf 59' lang='lat' dir='ltr'>&#39;Ett-</span> 
     </span>
     <span class='ocr_line' id='line_1_27' title="bbox 114 2404 1356 2517; baseline 0 -44"><span class='ocrx_word' id='word_1_303' title='bbox 114 2414 177 2473; x_wconf 82' lang='grc' dir='ltr'><strong><em>τών</em></strong></span> <span class='ocrx_word' id='word_1_304' title='bbox 200 2412 298 2473; x_wconf 82' lang='grc' dir='ltr'><strong><em>έθνών</em></strong></span> <span class='ocrx_word' id='word_1_305' title='bbox 319 2407 451 2486; x_wconf 89' lang='grc' dir='ltr'><strong><em>τούτων,</em></strong></span> <span class='ocrx_word' id='word_1_306' title='bbox 476 2405 552 2486; x_wconf 82' lang='grc' dir='ltr'><strong><em>όςτις</em></strong></span> <span class='ocrx_word' id='word_1_307' title='bbox 571 2408 717 2517; x_wconf 68' lang='grc' dir='ltr'><strong><em>ἐρρύσατο</em></strong></span> <span class='ocrx_word' id='word_1_308' title='bbox 753 2415 804 2493; x_wconf 82' lang='grc' dir='ltr'><strong><em>κίᾳ</em></strong></span> <span class='ocrx_word' id='word_1_309' title='bbox 816 2410 933 2497; x_wconf 80' lang='grc' dir='ltr'><strong><em>βασιλεῖ</em></strong></span> <span class='ocrx_word' id='word_1_310' title='bbox 941 2415 993 2494; x_wconf 78' lang='grc' dir='ltr'><strong><em>τῆς</em></strong></span> <span class='ocrx_word' id='word_1_311' title='bbox 1002 2408 1162 2485; x_wconf 84' lang='grc' dir='ltr'><strong><em>Ἰουδαίας.</em></strong></span> <span class='ocrx_word' id='word_1_312' title='bbox 1175 2405 1215 2492; x_wconf 73' lang='grc' dir='ltr'><strong><em>μη</em></strong></span> <span class='ocrx_word' id='word_1_313' title='bbox 1229 2435 1261 2473; x_wconf 87' lang='grc' dir='ltr'><strong><em>σε</em></strong></span> <span class='ocrx_word' id='word_1_314' title='bbox 1273 2404 1356 2473; x_wconf 90' lang='grc' dir='ltr'><strong><em>ἀπα-</em></strong></span> 
     </span>
     <span class='ocr_line' id='line_1_28' title="bbox 114 2483 1354 2595; baseline 0.001 -40"><span class='ocrx_word' id='word_1_315' title='bbox 114 2491 169 2576; x_wconf 74' lang='grc' dir='ltr'><strong><em>τὴν</em></strong></span> <span class='ocrx_word' id='word_1_316' title='bbox 180 2497 237 2595; x_wconf 71' lang='grc' dir='ltr'><strong><em>γην</em></strong></span> <span class='ocrx_word' id='word_1_317' title='bbox 251 2489 349 2557; x_wconf 76' lang='grc' dir='ltr'><strong><em>αὐτοῦ</em></strong></span> <span class='ocrx_word' id='word_1_318' title='bbox 361 2495 394 2557; x_wconf 75' lang='grc' dir='ltr'><strong><em>ἐκ</em></strong></span> <span class='ocrx_word' id='word_1_319' title='bbox 406 2487 499 2577; x_wconf 79' lang='grc' dir='ltr'><strong><em>χειρός</em></strong></span> <span class='ocrx_word' id='word_1_320' title='bbox 509 2519 581 2575; x_wconf 92' lang='grc' dir='ltr'><strong><em>μου,</em></strong></span> <span class='ocrx_word' id='word_1_321' title='bbox 605 2491 652 2558; x_wconf 91' lang='grc' dir='ltr'><strong><em>ότι</em></strong></span> <span class='ocrx_word' id='word_1_322' title='bbox 666 2490 719 2580; x_wconf 82' lang='grc' dir='ltr'><strong><em>ρύ-</em></strong></span> <span class='ocrx_word' id='word_1_323' title='bbox 751 2490 835 2558; x_wconf 85' lang='grc' dir='ltr'><strong><em>τάτω</em></strong></span> <span class='ocrx_word' id='word_1_324' title='bbox 847 2492 865 2558; x_wconf 91' lang='lat'>5</span> <span class='ocrx_word' id='word_1_325' title='bbox 877 2491 949 2568; x_wconf 87' lang='grc' dir='ltr'><strong><em>θεός</em></strong></span> <span class='ocrx_word' id='word_1_326' title='bbox 963 2518 1028 2570; x_wconf 89' lang='grc' dir='ltr'><strong><em>σου,</em></strong></span> <span class='ocrx_word' id='word_1_327' title='bbox 1043 2491 1086 2576; x_wconf 76' lang='grc' dir='ltr'><strong><em>ἐφ’</em></strong></span> <span class='ocrx_word' id='word_1_328' title='bbox 1105 2483 1296 2575; x_wconf 78' lang='grc' dir='ltr'><strong><em>ᾧπέποιθας</em></strong></span> <span class='ocrx_word' id='word_1_329' title='bbox 1310 2488 1354 2556; x_wconf 81' lang='grc' dir='ltr'><strong><em>ἐπ’</em></strong></span> 
     </span>
     <span class='ocr_line' id='line_1_29' title="bbox 116 2571 1359 2663; baseline -0.004 -22"><span class='ocrx_word' id='word_1_330' title='bbox 116 2600 197 2641; x_wconf 90' lang='grc' dir='ltr'><strong><em>σεται</em></strong></span> <span class='ocrx_word' id='word_1_331' title='bbox 209 2602 226 2640; x_wconf 97' lang='grc' dir='ltr'><strong><em>ο</em></strong></span> <span class='ocrx_word' id='word_1_332' title='bbox 236 2574 307 2651; x_wconf 83' lang='grc' dir='ltr'><strong><em>θεὸς</em></strong></span> <span class='ocrx_word' id='word_1_333' title='bbox 317 2572 572 2662; x_wconf 74' lang='grc' dir='ltr'><strong><em>τηνἹερουσαλημ</em></strong></span> <span class='ocrx_word' id='word_1_334' title='bbox 583 2579 614 2640; x_wconf 84' lang='grc' dir='ltr'><strong><em>ἕκ</em></strong></span> <span class='ocrx_word' id='word_1_335' title='bbox 628 2573 719 2662; x_wconf 80' lang='grc' dir='ltr'><strong><em>χειρός</em></strong></span> <span class='ocrx_word' id='word_1_336' title='bbox 753 2576 848 2661; x_wconf 78' lang='grc' dir='ltr'><strong><em>αὐτῷ,</em></strong></span> <span class='ocrx_word' id='word_1_337' title='bbox 867 2578 970 2655; x_wconf 88' lang='grc' dir='ltr'><strong><em>λέγων.</em></strong></span> <span class='ocrx_word' id='word_1_338' title='bbox 1008 2576 1044 2641; x_wconf 82' lang='grc' dir='ltr'><strong><em>ού</em></strong></span> <span class='ocrx_word' id='word_1_339' title='bbox 1063 2574 1102 2660; x_wconf 77' lang='grc' dir='ltr'><strong><em>μὴ</em></strong></span> <span class='ocrx_word' id='word_1_340' title='bbox 1119 2575 1284 2663; x_wconf 75' lang='grc' dir='ltr'><strong><em>παραδοθῇ</em></strong></span> <span class='ocrx_word' id='word_1_341' title='bbox 1298 2571 1359 2637; x_wconf 87' lang='grc' dir='ltr'><strong><em>Ἱε-</em></strong></span> 
     </span>
     <span class='ocr_line' id='line_1_30' title="bbox 114 2654 1356 2746; baseline -0.002 -24"><span class='ocrx_word' id='word_1_342' title='bbox 114 2685 174 2742; x_wconf 91' lang='grc' dir='ltr'><strong><em>μου</em></strong></span> <span class='ocrx_word' id='word_1_343' title='bbox 179 2687 191 2737; x_wconf 92' lang='grc'><strong><em>,·</em></strong></span> <span class='ocrx_word' id='word_1_344' title='bbox 229 2661 319 2724; x_wconf 89' lang='grc' dir='ltr'><strong><em>11καί</em></strong></span> <span class='ocrx_word' id='word_1_345' title='bbox 343 2658 520 2742; x_wconf 78' lang='grc' dir='ltr'><strong><em>ἐσιώπησαν,</em></strong></span> <span class='ocrx_word' id='word_1_346' title='bbox 546 2662 598 2724; x_wconf 86' lang='grc' dir='ltr'><strong><em>καί</em></strong></span> <span class='ocrx_word' id='word_1_347' title='bbox 623 2659 719 2735; x_wconf 77' lang='grc' dir='ltr'><strong><em>οὐδεὶς</em></strong></span> <span class='ocrx_word' id='word_1_348' title='bbox 753 2654 1356 2746; x_wconf 79' lang='grc' dir='ltr'><strong><em>ρουσαλὴμένχειρὶβασιλέωςἈσσυρίων.</em></strong></span> 
     </span>
     <span class='ocr_line' id='line_1_31' title="bbox 115 2738 1356 2829; baseline -0.002 -23"><span class='ocrx_word' id='word_1_349' title='bbox 115 2740 265 2825; x_wconf 77' lang='grc' dir='ltr'><strong><em>ἀπεκρίθη</em></strong></span> <span class='ocrx_word' id='word_1_350' title='bbox 284 2741 367 2824; x_wconf 82' lang='grc' dir='ltr'><strong><em>αὐτῷ</em></strong></span> <span class='ocrx_word' id='word_1_351' title='bbox 386 2738 486 2819; x_wconf 89' lang='grc' dir='ltr'><strong><em>λόγον,</em></strong></span> <span class='ocrx_word' id='word_1_352' title='bbox 504 2741 554 2808; x_wconf 83' lang='grc' dir='ltr'><strong><em>διά</em></strong></span> <span class='ocrx_word' id='word_1_353' title='bbox 572 2741 607 2807; x_wconf 87' lang='grc' dir='ltr'><strong><em>τό</em></strong></span> <span class='ocrx_word' id='word_1_354' title='bbox 627 2769 719 2829; x_wconf 92' lang='grc' dir='ltr'><strong><em>προς-</em></strong></span> <span class='ocrx_word' id='word_1_355' title='bbox 752 2747 777 2785; x_wconf 89' lang='lat'><strong><em>¹¹</em></strong></span> <span class='ocrx_word' id='word_1_356' title='bbox 790 2741 828 2809; x_wconf 87' lang='grc' dir='ltr'><strong><em>σύ</em></strong></span> <span class='ocrx_word' id='word_1_357' title='bbox 847 2742 901 2809; x_wconf 85' lang='grc' dir='ltr'><strong><em>ούκ</em></strong></span> <span class='ocrx_word' id='word_1_358' title='bbox 918 2742 1049 2827; x_wconf 78' lang='grc' dir='ltr'><strong><em>ἤκουσας</em></strong></span> <span class='ocrx_word' id='word_1_359' title='bbox 1066 2739 1089 2809; x_wconf 83' lang='grc' dir='ltr'><strong><em>ἀ</em></strong></span> <span class='ocrx_word' id='word_1_360' title='bbox 1106 2745 1247 2826; x_wconf 82' lang='grc' dir='ltr'><strong><em>ἐποίησαν</em></strong></span> <span class='ocrx_word' id='word_1_361' title='bbox 1265 2743 1356 2826; x_wconf 86' lang='grc' dir='ltr'><strong><em>βασι-</em></strong></span> 
     </span>
     <span class='ocr_line' id='line_1_32' title="bbox 114 2818 1356 2929; baseline 0.011 -44"><span class='ocrx_word' id='word_1_362' title='bbox 114 2820 201 2899; x_wconf 83' lang='grc' dir='ltr'><strong><em>τάξαι</em></strong></span> <span class='ocrx_word' id='word_1_363' title='bbox 215 2823 405 2909; x_wconf 80' lang='grc' dir='ltr'><strong><em>τὸνβασιλέα</em></strong></span> <span class='ocrx_word' id='word_1_364' title='bbox 424 2826 534 2929; x_wconf 86' lang='grc' dir='ltr'><strong><em>μηδένα</em></strong></span> <span class='ocrx_word' id='word_1_365' title='bbox 547 2825 719 2911; x_wconf 65' lang='grc' dir='ltr'><strong><em>ἀποκριθῇ.</em></strong></span> <span class='ocrx_word' id='word_1_366' title='bbox 752 2828 810 2902; x_wconf 86' lang='grc' dir='ltr'><strong><em>λεῖς</em></strong></span> <span class='ocrx_word' id='word_1_367' title='bbox 817 2824 993 2912; x_wconf 83' lang='grc' dir='ltr'><strong><em>Ἀσσυρίων,</em></strong></span> <span class='ocrx_word' id='word_1_368' title='bbox 1018 2831 1124 2893; x_wconf 80' lang='grc' dir='ltr'><strong><em>πᾶσαν</em></strong></span> <span class='ocrx_word' id='word_1_369' title='bbox 1134 2829 1188 2909; x_wconf 74' lang='grc' dir='ltr'><strong><em>τὴν</em></strong></span> <span class='ocrx_word' id='word_1_370' title='bbox 1198 2827 1252 2906; x_wconf 77' lang='grc' dir='ltr'><strong><em>γῆν</em></strong></span> <span class='ocrx_word' id='word_1_371' title='bbox 1264 2818 1307 2898; x_wconf 76' lang='grc' dir='ltr'><strong><em>ὦς</em></strong></span> <span class='ocrx_word' id='word_1_372' title='bbox 1320 2821 1356 2887; x_wconf 79' lang='grc' dir='ltr'><strong><em>ἆ·</em></strong></span> 
     </span>
     <span class='ocr_line' id='line_1_33' title="bbox 115 2904 1355 2994; baseline -0.001 -22"><span class='ocrx_word' id='word_1_373' title='bbox 115 2933 171 2972; x_wconf 90' lang='grc' dir='ltr'><strong><em>ναι.</em></strong></span> <span class='ocrx_word' id='word_1_374' title='bbox 198 2908 292 2971; x_wconf 89' lang='grc' dir='ltr'><strong><em>11καί</em></strong></span> <span class='ocrx_word' id='word_1_375' title='bbox 313 2907 441 2990; x_wconf 78' lang='grc' dir='ltr'><strong><em>εἰςῆλθεν</em></strong></span> <span class='ocrx_word' id='word_1_376' title='bbox 463 2907 604 2990; x_wconf 82' lang='grc' dir='ltr'><strong><em>Ελιακείμ</em></strong></span> <span class='ocrx_word' id='word_1_377' title='bbox 621 2908 638 2975; x_wconf 92' lang='lat'>5</span> <span class='ocrx_word' id='word_1_378' title='bbox 663 2916 719 2976; x_wconf 82' lang='grc' dir='ltr'><strong><em>τοῦ</em></strong></span> <span class='ocrx_word' id='word_1_379' title='bbox 752 2908 905 2989; x_wconf 89' lang='grc' dir='ltr'><strong><em>πώλεσαν,·</em></strong></span> <span class='ocrx_word' id='word_1_380' title='bbox 923 2909 1023 2975; x_wconf 80' lang='grc' dir='ltr'><strong><em>καὶσὺ</em></strong></span> <span class='ocrx_word' id='word_1_381' title='bbox 1036 2908 1191 2994; x_wconf 73' lang='grc' dir='ltr'><strong><em>ῥυοθῆοης</em></strong></span> <span class='ocrx_word' id='word_1_382' title='bbox 1214 2904 1294 2991; x_wconf 74' lang='grc' dir='ltr'>11μη</span> <span class='ocrx_word' id='word_1_383' title='bbox 1309 2908 1355 2989; x_wconf 82' lang='grc' dir='ltr'><strong><em>ἐρ’-</em></strong></span> 
     </span>
     <span class='ocr_line' id='line_1_34' title="bbox 115 2985 1355 3080; baseline -0.002 -25"><span class='ocrx_word' id='word_1_384' title='bbox 115 2989 247 3055; x_wconf 89' lang='grc' dir='ltr'><strong><em>Χελκίου</em></strong></span> <span class='ocrx_word' id='word_1_385' title='bbox 274 2987 447 3075; x_wconf 88' lang='grc' dir='ltr'><strong><em>οἰκονόμος,</em></strong></span> <span class='ocrx_word' id='word_1_386' title='bbox 477 2994 529 3057; x_wconf 85' lang='grc' dir='ltr'><strong><em>καὶ</em></strong></span> <span class='ocrx_word' id='word_1_387' title='bbox 552 2998 675 3076; x_wconf 75' lang='grc' dir='ltr'><strong><em>Σομιιᾶς</em></strong></span> <span class='ocrx_word' id='word_1_388' title='bbox 699 2992 717 3058; x_wconf 90' lang='lat'>5</span> <span class='ocrx_word' id='word_1_389' title='bbox 751 2991 882 3080; x_wconf 83' lang='grc' dir='ltr'><strong><em>ῥύσαντο</em></strong></span> <span class='ocrx_word' id='word_1_390' title='bbox 900 2990 1008 3068; x_wconf 81' lang='grc' dir='ltr'><strong><em>αύτούς</em></strong></span> <span class='ocrx_word' id='word_1_391' title='bbox 1031 2996 1062 3057; x_wconf 83' lang='grc' dir='ltr'><strong><em>οἰ</em></strong></span> <span class='ocrx_word' id='word_1_392' title='bbox 1080 2985 1230 3057; x_wconf 77' lang='grc' dir='ltr'><strong><em>θεοί’τῶν</em></strong></span> <span class='ocrx_word' id='word_1_393' title='bbox 1248 2993 1355 3064; x_wconf 78' lang='grc' dir='ltr'><strong><em>ἐθνῶν,</em></strong></span> 
     </span>
     <span class='ocr_line' id='line_1_35' title="bbox 112 3071 1357 3162; baseline -0.002 -25"><span class='ocrx_word' id='word_1_394' title='bbox 112 3075 299 3158; x_wconf 86' lang='grc' dir='ltr'><strong><em>γραμματεὺς</em></strong></span> <span class='ocrx_word' id='word_1_395' title='bbox 315 3079 367 3158; x_wconf 78' lang='grc' dir='ltr'><strong><em>της</em></strong></span> <span class='ocrx_word' id='word_1_396' title='bbox 386 3071 546 3158; x_wconf 76' lang='grc' dir='ltr'><strong><em>δυνάμεως,</em></strong></span> <span class='ocrx_word' id='word_1_397' title='bbox 561 3078 612 3140; x_wconf 84' lang='grc' dir='ltr'><strong><em>καί</em></strong></span> <span class='ocrx_word' id='word_1_398' title='bbox 627 3075 717 3162; x_wconf 80' lang='grc' dir='ltr'><strong><em>Ἰωάχ</em></strong></span> <span class='ocrx_word' id='word_1_399' title='bbox 751 3073 803 3153; x_wconf 71' lang='grc' dir='ltr'><strong><em>οὓς</em></strong></span> <span class='ocrx_word' id='word_1_400' title='bbox 815 3073 971 3142; x_wconf 78' lang='grc' dir='ltr'><strong><em>ἀπώλεσαν</em></strong></span> <span class='ocrx_word' id='word_1_401' title='bbox 982 3079 1012 3139; x_wconf 81' lang='grc' dir='ltr'><strong><em>οἰ</em></strong></span> <span class='ocrx_word' id='word_1_402' title='bbox 1024 3076 1150 3158; x_wconf 83' lang='grc' dir='ltr'><strong><em>πατέρες</em></strong></span> <span class='ocrx_word' id='word_1_403' title='bbox 1161 3099 1234 3154; x_wconf 93' lang='grc' dir='ltr'><strong><em>μου,</em></strong></span> <span class='ocrx_word' id='word_1_404' title='bbox 1259 3073 1314 3158; x_wconf 74' lang='grc' dir='ltr'><strong><em>τήν</em></strong></span> <span class='ocrx_word' id='word_1_405' title='bbox 1327 3096 1357 3135; x_wconf 94' lang='grc' dir='ltr'><strong><em>τε</em></strong></span> 
     </span>
     <span class='ocr_line' id='line_1_36' title="bbox 113 3153 1361 3245; baseline 0.01 -26"><span class='ocrx_word' id='word_1_406' title='bbox 113 3153 132 3220; x_wconf 90' lang='lat'>5</span> <span class='ocrx_word' id='word_1_407' title='bbox 157 3161 213 3220; x_wconf 80' lang='grc' dir='ltr'><strong><em>τοῦ</em></strong></span> <span class='ocrx_word' id='word_1_408' title='bbox 237 3153 337 3237; x_wconf 85' lang='grc' dir='ltr'><strong><em>Ἀσάφ</em></strong></span> <span class='ocrx_word' id='word_1_409' title='bbox 364 3154 382 3221; x_wconf 91' lang='lat'>5</span> <span class='ocrx_word' id='word_1_410' title='bbox 410 3155 718 3245; x_wconf 83' lang='grc' dir='ltr'><strong><em>ύπομνηματογράφος</em></strong></span> <span class='ocrx_word' id='word_1_411' title='bbox 751 3163 870 3236; x_wconf 82' lang='grc' dir='ltr'><strong><em>Γωζάν,</em></strong></span> <span class='ocrx_word' id='word_1_412' title='bbox 892 3155 1094 3240; x_wconf 73' lang='grc' dir='ltr'><strong><em>καίΧαρῥᾶν,</em></strong></span> <span class='ocrx_word' id='word_1_413' title='bbox 1107 3154 1298 3235; x_wconf 65' lang='grc' dir='ltr'><strong><em>καῖῬαφὲθ,</em></strong></span> <span class='ocrx_word' id='word_1_414' title='bbox 1325 3157 1361 3219; x_wconf 69' lang='grc' dir='ltr'><strong><em>αἵ</em></strong></span> 
     </span>
     <span class='ocr_line' id='line_1_37' title="bbox 111 3234 1358 3343; baseline -0.001 -39"><span class='ocrx_word' id='word_1_415' title='bbox 111 3236 323 3325; x_wconf 83' lang='grc' dir='ltr'><strong><em>πρόςἜζεκίαν</em></strong></span> <span class='ocrx_word' id='word_1_416' title='bbox 333 3242 491 3325; x_wconf 83' lang='grc' dir='ltr'><strong><em>ἰοχισμένοι</em></strong></span> <span class='ocrx_word' id='word_1_417' title='bbox 501 3240 573 3318; x_wconf 81' lang='grc' dir='ltr'><strong><em>τοὺς</em></strong></span> <span class='ocrx_word' id='word_1_418' title='bbox 580 3249 716 3328; x_wconf 84' lang='grc' dir='ltr'><strong><em>χιτῶνας,</em></strong></span> <span class='ocrx_word' id='word_1_419' title='bbox 751 3248 820 3307; x_wconf 87' lang='grc' dir='ltr'><strong><em>εἰσιν</em></strong></span> <span class='ocrx_word' id='word_1_420' title='bbox 843 3245 874 3306; x_wconf 81' lang='grc' dir='ltr'><strong><em>ἐν</em></strong></span> <span class='ocrx_word' id='word_1_421' title='bbox 891 3237 979 3343; x_wconf 65' lang='grc' dir='ltr'><strong><em>ηώρᾳ</em></strong></span> <span class='ocrx_word' id='word_1_422' title='bbox 1005 3234 1142 3318; x_wconf 87' lang='grc' dir='ltr'><strong><em>Θεεμάθ,·</em></strong></span> <span class='ocrx_word' id='word_1_423' title='bbox 1174 3238 1202 3278; x_wconf 79' lang='grc'><strong><em>11</em></strong></span> <span class='ocrx_word' id='word_1_424' title='bbox 1214 3242 1278 3300; x_wconf 85' lang='grc' dir='ltr'><strong><em>ποῦ</em></strong></span> <span class='ocrx_word' id='word_1_425' title='bbox 1303 3242 1358 3303; x_wconf 87' lang='grc' dir='ltr'><strong><em>εἰοι</em></strong></span> 
     </span>
     <span class='ocr_line' id='line_1_38' title="bbox 111 3314 1358 3413; baseline -0.002 -26"><span class='ocrx_word' id='word_1_426' title='bbox 111 3325 163 3388; x_wconf 83' lang='grc' dir='ltr'><strong><em>καὶ</em></strong></span> <span class='ocrx_word' id='word_1_427' title='bbox 192 3318 365 3408; x_wconf 75' lang='grc' dir='ltr'><strong><em>ἀνηγγειλαν</em></strong></span> <span class='ocrx_word' id='word_1_428' title='bbox 391 3323 475 3410; x_wconf 75' lang='grc' dir='ltr'><strong><em>αὐτῷ</em></strong></span> <span class='ocrx_word' id='word_1_429' title='bbox 506 3322 577 3401; x_wconf 86' lang='grc' dir='ltr'><strong><em>τούς</em></strong></span> <span class='ocrx_word' id='word_1_430' title='bbox 607 3324 717 3406; x_wconf 90' lang='grc' dir='ltr'><strong><em>λόγους</em></strong></span> <span class='ocrx_word' id='word_1_431' title='bbox 748 3322 876 3413; x_wconf 76' lang='grc' dir='ltr'><strong><em>βασιλεῖς</em></strong></span> <span class='ocrx_word' id='word_1_432' title='bbox 898 3314 1280 3407; x_wconf 67' lang='grc' dir='ltr'><strong><em>ΕμάθκαίποῦἈρφάθς</em></strong></span> <span class='ocrx_word' id='word_1_433' title='bbox 1307 3324 1358 3385; x_wconf 82' lang='grc' dir='ltr'><strong><em>καί</em></strong></span> 
     </span>
     <span class='ocr_line' id='line_1_39' title="bbox 106 3401 1356 3496; baseline -0.004 -24"><span class='ocrx_word' id='word_1_434' title='bbox 106 3403 288 3496; x_wconf 84' lang='grc' dir='ltr'><strong><em>Ῥαβσάκου.</em></strong></span> <span class='ocrx_word' id='word_1_435' title='bbox 749 3413 809 3474; x_wconf 79' lang='grc' dir='ltr'><strong><em>πού</em></strong></span> <span class='ocrx_word' id='word_1_436' title='bbox 833 3402 946 3480; x_wconf 84' lang='grc' dir='ltr'><strong><em>πόλεως</em></strong></span> <span class='ocrx_word' id='word_1_437' title='bbox 960 3402 1186 3487; x_wconf 83' lang='grc' dir='ltr'><strong><em>Ἐπφαρουαίμ,</em></strong></span> <span class='ocrx_word' id='word_1_438' title='bbox 1206 3401 1356 3481; x_wconf 84' lang='grc' dir='ltr'><strong><em>Ἀναγου-</em></strong></span> 
     </span>
     <span class='ocr_line' id='line_1_40' title="bbox 288 3484 1354 3573; baseline -0.008 -16"><span class='ocrx_word' id='word_1_439' title='bbox 288 3498 361 3557; x_wconf 85' lang='lat' dir='ltr'><strong><em>KE</em></strong></span> <span class='ocrx_word' id='word_1_440' title='bbox 373 3497 411 3557; x_wconf 84' lang='grc' dir='ltr'><strong><em>Φ.</em></strong></span> <span class='ocrx_word' id='word_1_441' title='bbox 453 3489 536 3558; x_wconf 84' lang='grc' dir='ltr'><strong><em>ΛΖ’.</em></strong></span> <span class='ocrx_word' id='word_1_442' title='bbox 749 3490 846 3573; x_wconf 83' lang='grc' dir='ltr'><strong><em>γάνα,·</em></strong></span> <span class='ocrx_word' id='word_1_443' title='bbox 872 3488 900 3532; x_wconf 81' lang='grc'><strong><em>11</em></strong></span> <span class='ocrx_word' id='word_1_444' title='bbox 914 3489 965 3554; x_wconf 83' lang='grc' dir='ltr'><strong><em>καὶ</em></strong></span> <span class='ocrx_word' id='word_1_445' title='bbox 986 3486 1090 3573; x_wconf 80' lang='grc' dir='ltr'><strong><em>ἔλαβεν</em></strong></span> <span class='ocrx_word' id='word_1_446' title='bbox 1102 3484 1236 3563; x_wconf 82' lang='grc' dir='ltr'><strong><em>Ἐζεκίας</em></strong></span> <span class='ocrx_word' id='word_1_447' title='bbox 1254 3486 1290 3551; x_wconf 89' lang='grc' dir='ltr'><strong><em>τό</em></strong></span> <span class='ocrx_word' id='word_1_448' title='bbox 1308 3491 1354 3572; x_wconf 89' lang='grc' dir='ltr'><strong><em>βι-</em></strong></span> 
     </span>
    </p>

    <p class='ocr_par' dir='ltr' id='par_1_3' title="bbox 100 3542 1358 4656">
     <span class='ocr_line' id='line_1_41' title="bbox 111 3542 1354 3664; baseline -0.005 -26"><span class='ocrx_word' id='word_1_449' title='bbox 111 3542 194 3638; x_wconf 62' lang='lat' dir='ltr'><strong><em>Kal</em></strong></span> <span class='ocrx_word' id='word_1_450' title='bbox 206 3579 319 3650; x_wconf 76' lang='grc' dir='ltr'><strong><em>ἐγένετο</em></strong></span> <span class='ocrx_word' id='word_1_451' title='bbox 337 3579 368 3640; x_wconf 81' lang='grc' dir='ltr'><strong><em>έν</em></strong></span> <span class='ocrx_word' id='word_1_452' title='bbox 384 3581 428 3660; x_wconf 81' lang='grc' dir='ltr'><strong><em>τῷ</em></strong></span> <span class='ocrx_word' id='word_1_453' title='bbox 447 3574 574 3641; x_wconf 82' lang='grc' dir='ltr'><strong><em>ἀκοῦσαι</em></strong></span> <span class='ocrx_word' id='word_1_454' title='bbox 593 3573 647 3641; x_wconf 88' lang='grc' dir='ltr'><strong><em>τὸν</em></strong></span> <span class='ocrx_word' id='word_1_455' title='bbox 659 3581 716 3663; x_wconf 86' lang='grc' dir='ltr'><strong><em>βα-</em></strong></span> <span class='ocrx_word' id='word_1_456' title='bbox 749 3578 834 3664; x_wconf 87' lang='grc' dir='ltr'><strong><em>βλίον</em></strong></span> <span class='ocrx_word' id='word_1_457' title='bbox 846 3571 930 3658; x_wconf 80' lang='grc' dir='ltr'><strong><em>παρὰ</em></strong></span> <span class='ocrx_word' id='word_1_458' title='bbox 942 3576 1003 3637; x_wconf 83' lang='grc' dir='ltr'><strong><em>τῶν</em></strong></span> <span class='ocrx_word' id='word_1_459' title='bbox 1016 3569 1164 3648; x_wconf 77' lang='grc' dir='ltr'><strong><em>ἀγγέλων,</em></strong></span> <span class='ocrx_word' id='word_1_460' title='bbox 1176 3573 1228 3635; x_wconf 86' lang='grc' dir='ltr'><strong><em>καί</em></strong></span> <span class='ocrx_word' id='word_1_461' title='bbox 1240 3569 1354 3647; x_wconf 79' lang='grc' dir='ltr'><strong><em>ἀνέγνω</em></strong></span> 
     </span>
     <span class='ocr_line' id='line_1_42' title="bbox 111 3652 1354 3743; baseline 0 -24"><span class='ocrx_word' id='word_1_462' title='bbox 111 3656 196 3720; x_wconf 86' lang='grc' dir='ltr'><strong><em>σιλέα</em></strong></span> <span class='ocrx_word' id='word_1_463' title='bbox 206 3654 345 3734; x_wconf 82' lang='grc' dir='ltr'><strong><em>Ἐζεκίαν,</em></strong></span> <span class='ocrx_word' id='word_1_464' title='bbox 370 3660 462 3743; x_wconf 72' lang='grc' dir='ltr'><strong><em>ἔσχισε</em></strong></span> <span class='ocrx_word' id='word_1_465' title='bbox 474 3656 514 3724; x_wconf 88' lang='grc' dir='ltr'><strong><em>τά</em></strong></span> <span class='ocrx_word' id='word_1_466' title='bbox 527 3656 639 3741; x_wconf 85' lang='grc' dir='ltr'><strong><em>ἰμάτια,</em></strong></span> <span class='ocrx_word' id='word_1_467' title='bbox 664 3663 715 3725; x_wconf 81' lang='grc' dir='ltr'><strong><em>καί</em></strong></span> <span class='ocrx_word' id='word_1_468' title='bbox 750 3656 836 3733; x_wconf 81' lang='grc' dir='ltr'><strong><em>αὐτὸ,</em></strong></span> <span class='ocrx_word' id='word_1_469' title='bbox 849 3660 900 3722; x_wconf 88' lang='grc' dir='ltr'><strong><em>καὶ</em></strong></span> <span class='ocrx_word' id='word_1_470' title='bbox 912 3655 1002 3743; x_wconf 82' lang='grc' dir='ltr'><strong><em>ἀνέβη</em></strong></span> <span class='ocrx_word' id='word_1_471' title='bbox 1015 3659 1054 3730; x_wconf 85' lang='grc' dir='ltr'><strong><em>εἰς</em></strong></span> <span class='ocrx_word' id='word_1_472' title='bbox 1067 3652 1153 3718; x_wconf 78' lang='grc' dir='ltr'><strong><em>οἷκον</em></strong></span> <span class='ocrx_word' id='word_1_473' title='bbox 1164 3659 1277 3739; x_wconf 90' lang='grc' dir='ltr'><strong><em>κυρίου,</em></strong></span> <span class='ocrx_word' id='word_1_474' title='bbox 1301 3654 1354 3714; x_wconf 81' lang='grc' dir='ltr'><strong><em>καί</em></strong></span> 
     </span>
     <span class='ocr_line' id='line_1_43' title="bbox 109 3735 1351 3891; baseline -0.003 -90"><span class='ocrx_word' id='word_1_475' title='bbox 109 3736 298 3822; x_wconf 82' lang='grc' dir='ltr'><strong><em>περιεβάλετο</em></strong></span> <span class='ocrx_word' id='word_1_476' title='bbox 312 3736 432 3818; x_wconf 86' lang='grc' dir='ltr'><strong><em>σάκκον,</em></strong></span> <span class='ocrx_word' id='word_1_477' title='bbox 445 3744 497 3807; x_wconf 84' lang='grc' dir='ltr'><strong><em>καί</em></strong></span> <span class='ocrx_word' id='word_1_478' title='bbox 511 3740 597 3891; x_wconf 83' lang='grc' dir='ltr'><strong><em>ἀνέβη</em></strong></span> <span class='ocrx_word' id='word_1_479' title='bbox 611 3748 650 3817; x_wconf 90' lang='grc' dir='ltr'><strong><em>εἰς</em></strong></span> <span class='ocrx_word' id='word_1_480' title='bbox 662 3743 715 3807; x_wconf 88' lang='grc' dir='ltr'><strong><em>τόν</em></strong></span> <span class='ocrx_word' id='word_1_481' title='bbox 749 3742 861 3827; x_wconf 77' lang='grc' dir='ltr'><strong><em>ἤνοιξεν</em></strong></span> <span class='ocrx_word' id='word_1_482' title='bbox 879 3739 956 3805; x_wconf 81' lang='grc' dir='ltr'><strong><em>αὐτὸ</em></strong></span> <span class='ocrx_word' id='word_1_483' title='bbox 973 3743 1109 3804; x_wconf 79' lang='grc' dir='ltr'><strong><em>ἐναντίον</em></strong></span> <span class='ocrx_word' id='word_1_484' title='bbox 1127 3743 1234 3823; x_wconf 90' lang='grc' dir='ltr'><strong><em>κυρίου.</em></strong></span> <span class='ocrx_word' id='word_1_485' title='bbox 1259 3735 1286 3775; x_wconf 79' lang='grc'><strong><em>11</em></strong></span> <span class='ocrx_word' id='word_1_486' title='bbox 1299 3735 1351 3797; x_wconf 87' lang='grc' dir='ltr'><strong><em>καί</em></strong></span> 
     </span>
     <span class='ocr_line' id='line_1_44' title="bbox 110 3813 1353 3910; baseline -0.003 -27"><span class='ocrx_word' id='word_1_487' title='bbox 110 3818 194 3884; x_wconf 81' lang='grc' dir='ltr'><strong><em>οἰκον</em></strong></span> <span class='ocrx_word' id='word_1_488' title='bbox 206 3829 322 3908; x_wconf 93' lang='grc' dir='ltr'><strong><em>κυρίου,</em></strong></span> <span class='ocrx_word' id='word_1_489' title='bbox 341 3826 357 3865; x_wconf 91' lang='grc'><strong><em>1</em></strong></span> <span class='ocrx_word' id='word_1_490' title='bbox 371 3826 422 3888; x_wconf 85' lang='grc' dir='ltr'><strong><em>καὶ</em></strong></span> <span class='ocrx_word' id='word_1_491' title='bbox 434 3824 554 3891; x_wconf 89' lang='grc' dir='ltr'><strong><em>ἀπέστει</em></strong></span> <span class='ocrx_word' id='word_1_492' title='bbox 575 3823 714 3890; x_wconf 77' lang='grc' dir='ltr'><strong><em>ενἙλια-</em></strong></span> <span class='ocrx_word' id='word_1_493' title='bbox 748 3821 1071 3910; x_wconf 75' lang='grc' dir='ltr'><strong><em>προςηύξατοἜζεκίας</em></strong></span> <span class='ocrx_word' id='word_1_494' title='bbox 1082 3818 1156 3907; x_wconf 81' lang='grc' dir='ltr'><strong><em>πρὸς</em></strong></span> <span class='ocrx_word' id='word_1_495' title='bbox 1167 3813 1275 3901; x_wconf 89' lang='grc' dir='ltr'><strong><em>κύριον,</em></strong></span> <span class='ocrx_word' id='word_1_496' title='bbox 1301 3815 1353 3880; x_wconf 84' lang='grc' dir='ltr'><strong><em>λέ-</em></strong></span> 
     </span>
     <span class='ocr_line' id='line_1_45' title="bbox 109 3896 1354 3993; baseline -0.002 -25"><span class='ocrx_word' id='word_1_497' title='bbox 109 3904 171 3983; x_wconf 79' lang='grc' dir='ltr'><strong><em>κείμ</em></strong></span> <span class='ocrx_word' id='word_1_498' title='bbox 194 3902 247 3969; x_wconf 87' lang='grc' dir='ltr'><strong><em>τόν</em></strong></span> <span class='ocrx_word' id='word_1_499' title='bbox 269 3905 437 3989; x_wconf 85' lang='grc' dir='ltr'><strong><em>οἰκονόμον,</em></strong></span> <span class='ocrx_word' id='word_1_500' title='bbox 450 3910 502 3973; x_wconf 87' lang='grc' dir='ltr'><strong><em>καί</em></strong></span> <span class='ocrx_word' id='word_1_501' title='bbox 517 3913 639 3993; x_wconf 81' lang='grc' dir='ltr'><strong><em>Σομνᾶν</em></strong></span> <span class='ocrx_word' id='word_1_502' title='bbox 663 3907 714 3974; x_wconf 88' lang='grc' dir='ltr'><strong><em>τόν</em></strong></span> <span class='ocrx_word' id='word_1_503' title='bbox 746 3933 817 3987; x_wconf 92' lang='grc' dir='ltr'><strong><em>γων.</em></strong></span> <span class='ocrx_word' id='word_1_504' title='bbox 843 3909 873 3950; x_wconf 80' lang='lat'><strong><em>¹⁶</em></strong></span> <span class='ocrx_word' id='word_1_505' title='bbox 885 3905 988 3990; x_wconf 87' lang='grc' dir='ltr'><strong><em>κύριος</em></strong></span> <span class='ocrx_word' id='word_1_506' title='bbox 1002 3902 1131 3991; x_wconf 82' lang='grc' dir='ltr'><strong><em>σαβαώθ</em></strong></span> <span class='ocrx_word' id='word_1_507' title='bbox 1143 3900 1160 3967; x_wconf 92' lang='lat'>5</span> <span class='ocrx_word' id='word_1_508' title='bbox 1172 3898 1242 3975; x_wconf 86' lang='grc' dir='ltr'><strong><em>θεὸς</em></strong></span> <span class='ocrx_word' id='word_1_509' title='bbox 1251 3896 1354 3982; x_wconf 80' lang='grc' dir='ltr'><strong><em>Ἰσρα-</em></strong></span> 
     </span>
     <span class='ocr_line' id='line_1_46' title="bbox 107 3986 1355 4093; baseline -0.002 -43"><span class='ocrx_word' id='word_1_510' title='bbox 107 3990 299 4070; x_wconf 86' lang='grc' dir='ltr'><strong><em>γραμματέα,</em></strong></span> <span class='ocrx_word' id='word_1_511' title='bbox 325 3991 378 4052; x_wconf 86' lang='grc' dir='ltr'><strong><em>καί</em></strong></span> <span class='ocrx_word' id='word_1_512' title='bbox 402 3991 474 4065; x_wconf 85' lang='grc' dir='ltr'><strong><em>τούς</em></strong></span> <span class='ocrx_word' id='word_1_513' title='bbox 500 3995 713 4078; x_wconf 87' lang='grc' dir='ltr'><strong><em>πρεσβυτέρους</em></strong></span> <span class='ocrx_word' id='word_1_514' title='bbox 747 3986 827 4074; x_wconf 75' lang='grc' dir='ltr'><strong><em>ὴλό</em></strong></span> <span class='ocrx_word' id='word_1_515' title='bbox 851 3993 1019 4093; x_wconf 78' lang='grc' dir='ltr'><strong><em>καθήμενος</em></strong></span> <span class='ocrx_word' id='word_1_516' title='bbox 1041 3991 1091 4053; x_wconf 82' lang='grc' dir='ltr'><strong><em>ἐπὶ</em></strong></span> <span class='ocrx_word' id='word_1_517' title='bbox 1113 3990 1172 4052; x_wconf 82' lang='grc' dir='ltr'><strong><em>τῶν</em></strong></span> <span class='ocrx_word' id='word_1_518' title='bbox 1191 3988 1355 4070; x_wconf 87' lang='grc' dir='ltr'><strong><em>Χερουβίμ,</em></strong></span> 
     </span>
     <span class='ocr_line' id='line_1_47' title="bbox 108 4065 1356 4158; baseline 0.001 -26"><span class='ocrx_word' id='word_1_519' title='bbox 108 4072 171 4134; x_wconf 82' lang='grc' dir='ltr'><strong><em>τῶν</em></strong></span> <span class='ocrx_word' id='word_1_520' title='bbox 184 4073 284 4150; x_wconf 80' lang='grc' dir='ltr'><strong><em>ἱερέων</em></strong></span> <span class='ocrx_word' id='word_1_521' title='bbox 303 4074 561 4158; x_wconf 87' lang='grc' dir='ltr'><strong><em>περιβεβλημένους</em></strong></span> <span class='ocrx_word' id='word_1_522' title='bbox 574 4070 711 4151; x_wconf 76' lang='grc' dir='ltr'><strong><em>σάκκους,</em></strong></span> <span class='ocrx_word' id='word_1_523' title='bbox 747 4073 784 4139; x_wconf 83' lang='grc' dir='ltr'><strong><em>σὺ</em></strong></span> <span class='ocrx_word' id='word_1_524' title='bbox 803 4071 832 4137; x_wconf 79' lang='grc' dir='ltr'><strong><em>εί</em></strong></span> <span class='ocrx_word' id='word_1_525' title='bbox 853 4070 871 4137; x_wconf 90' lang='lat'>5</span> <span class='ocrx_word' id='word_1_526' title='bbox 892 4083 964 4148; x_wconf 91' lang='grc' dir='ltr'><strong><em>θεος</em></strong></span> <span class='ocrx_word' id='word_1_527' title='bbox 985 4069 1076 4156; x_wconf 91' lang='grc' dir='ltr'><strong><em>μόνος</em></strong></span> <span class='ocrx_word' id='word_1_528' title='bbox 1091 4067 1189 4152; x_wconf 83' lang='grc' dir='ltr'><strong><em>πόσης</em></strong></span> <span class='ocrx_word' id='word_1_529' title='bbox 1204 4065 1356 4155; x_wconf 89' lang='grc' dir='ltr'><strong><em>βασιλείας</em></strong></span> 
     </span>
     <span class='ocr_line' id='line_1_48' title="bbox 107 4147 1355 4242; baseline 0.002 -27"><span class='ocrx_word' id='word_1_530' title='bbox 107 4149 185 4233; x_wconf 87' lang='grc' dir='ltr'><strong><em>πρὸς</em></strong></span> <span class='ocrx_word' id='word_1_531' title='bbox 196 4150 328 4217; x_wconf 78' lang='grc' dir='ltr'><strong><em>Ἠσαίαν</em></strong></span> <span class='ocrx_word' id='word_1_532' title='bbox 342 4155 407 4218; x_wconf 79' lang='grc' dir='ltr'><strong><em>υἱὸν</em></strong></span> <span class='ocrx_word' id='word_1_533' title='bbox 418 4154 516 4239; x_wconf 83' lang='grc' dir='ltr'><strong><em>Ἀμώς</em></strong></span> <span class='ocrx_word' id='word_1_534' title='bbox 528 4155 581 4222; x_wconf 88' lang='grc' dir='ltr'><strong><em>τόν</em></strong></span> <span class='ocrx_word' id='word_1_535' title='bbox 592 4155 710 4242; x_wconf 71' lang='grc' dir='ltr'><strong><em>προφῆ-</em></strong></span> <span class='ocrx_word' id='word_1_536' title='bbox 746 4160 800 4241; x_wconf 77' lang='grc' dir='ltr'><strong><em>τῆς</em></strong></span> <span class='ocrx_word' id='word_1_537' title='bbox 813 4159 1000 4239; x_wconf 86' lang='grc' dir='ltr'><strong><em>οἰκουμένης,</em></strong></span> <span class='ocrx_word' id='word_1_538' title='bbox 1025 4154 1062 4220; x_wconf 89' lang='grc' dir='ltr'><strong><em>σύ</em></strong></span> <span class='ocrx_word' id='word_1_539' title='bbox 1076 4158 1222 4236; x_wconf 80' lang='grc' dir='ltr'><strong><em>ἐποίησας</em></strong></span> <span class='ocrx_word' id='word_1_540' title='bbox 1234 4147 1289 4216; x_wconf 89' lang='grc' dir='ltr'><strong><em>τόν</em></strong></span> <span class='ocrx_word' id='word_1_541' title='bbox 1301 4151 1355 4217; x_wconf 83' lang='grc' dir='ltr'><strong><em>ού-</em></strong></span> 
     </span>
     <span class='ocr_line' id='line_1_49' title="bbox 101 4230 1354 4337; baseline 0.002 -39"><span class='ocrx_word' id='word_1_542' title='bbox 101 4259 175 4337; x_wconf 51' lang='grc' dir='ltr'><strong><em>ἱτην,</em></strong></span> <span class='ocrx_word' id='word_1_543' title='bbox 206 4235 290 4336; x_wconf 41' lang='grc' dir='ltr'><strong><em>1καί(</em></strong></span> <span class='ocrx_word' id='word_1_544' title='bbox 302 4234 388 4301; x_wconf 80' lang='grc' dir='ltr'><strong><em>εἶπαν</em></strong></span> <span class='ocrx_word' id='word_1_545' title='bbox 414 4237 509 4320; x_wconf 77' lang='grc' dir='ltr'><strong><em>αὐτῷ.</em></strong></span> <span class='ocrx_word' id='word_1_546' title='bbox 540 4236 610 4304; x_wconf 86' lang='grc' dir='ltr'><strong><em>τόδε</em></strong></span> <span class='ocrx_word' id='word_1_547' title='bbox 635 4238 710 4318; x_wconf 81' lang='grc' dir='ltr'><strong><em>λέγει</em></strong></span> <span class='ocrx_word' id='word_1_548' title='bbox 745 4238 966 4325; x_wconf 77' lang='grc' dir='ltr'><strong><em>ρανόνκαίτὴν</em></strong></span> <span class='ocrx_word' id='word_1_549' title='bbox 978 4241 1041 4321; x_wconf 75' lang='grc' dir='ltr'><strong><em>γῆν.</em></strong></span> <span class='ocrx_word' id='word_1_550' title='bbox 1073 4239 1101 4279; x_wconf 84' lang='grc'><strong><em>11</em></strong></span> <span class='ocrx_word' id='word_1_551' title='bbox 1113 4237 1214 4302; x_wconf 79' lang='grc' dir='ltr'><strong><em>κλῖνον</em></strong></span> <span class='ocrx_word' id='word_1_552' title='bbox 1226 4230 1305 4319; x_wconf 89' lang='grc' dir='ltr'><strong><em>κύριε</em></strong></span> <span class='ocrx_word' id='word_1_553' title='bbox 1317 4233 1354 4301; x_wconf 86' lang='grc' dir='ltr'><strong><em>τό</em></strong></span> 
     </span>
     <span class='ocr_line' id='line_1_50' title="bbox 109 4312 1356 4406; baseline 0.001 -23"><span class='ocrx_word' id='word_1_554' title='bbox 109 4319 238 4394; x_wconf 72' lang='grc' dir='ltr'><strong><em>Ιίζεκίας.</em></strong></span> <span class='ocrx_word' id='word_1_555' title='bbox 275 4321 370 4405; x_wconf 89' lang='grc' dir='ltr'><strong><em>ημέρα</em></strong></span> <span class='ocrx_word' id='word_1_556' title='bbox 386 4321 522 4403; x_wconf 81' lang='grc' dir='ltr'><strong><em>θλίψεως</em></strong></span> <span class='ocrx_word' id='word_1_557' title='bbox 538 4324 589 4385; x_wconf 87' lang='grc' dir='ltr'><strong><em>καὶ</em></strong></span> <span class='ocrx_word' id='word_1_558' title='bbox 606 4320 710 4388; x_wconf 79' lang='grc' dir='ltr'><strong><em>ἀνειδι-</em></strong></span> <span class='ocrx_word' id='word_1_559' title='bbox 746 4312 799 4398; x_wconf 74' lang='grc' dir='ltr'><strong><em>οὖς</em></strong></span> <span class='ocrx_word' id='word_1_560' title='bbox 824 4350 898 4400; x_wconf 91' lang='grc' dir='ltr'><strong><em>σου,</em></strong></span> <span class='ocrx_word' id='word_1_561' title='bbox 921 4318 1089 4397; x_wconf 89' lang='grc' dir='ltr'><strong><em>εἰςάκουσον</em></strong></span> <span class='ocrx_word' id='word_1_562' title='bbox 1116 4319 1211 4406; x_wconf 91' lang='grc' dir='ltr'><strong><em>κύριε,</em></strong></span> <span class='ocrx_word' id='word_1_563' title='bbox 1236 4316 1356 4396; x_wconf 77' lang='grc' dir='ltr'><strong><em>ἄνοιξον</em></strong></span> 
     </span>
     <span class='ocr_line' id='line_1_51' title="bbox 105 4399 1357 4490; baseline 0.002 -24"><span class='ocrx_word' id='word_1_564' title='bbox 105 4406 183 4484; x_wconf 79' lang='grc' dir='ltr'><strong><em>σμοῦ</em></strong></span> <span class='ocrx_word' id='word_1_565' title='bbox 200 4404 251 4468; x_wconf 89' lang='grc' dir='ltr'><strong><em>καὶ</em></strong></span> <span class='ocrx_word' id='word_1_566' title='bbox 270 4402 395 4485; x_wconf 81' lang='grc' dir='ltr'><strong><em>έλεγμοῦ</em></strong></span> <span class='ocrx_word' id='word_1_567' title='bbox 413 4405 463 4467; x_wconf 82' lang='grc' dir='ltr'><strong><em>καὶ</em></strong></span> <span class='ocrx_word' id='word_1_568' title='bbox 479 4401 567 4488; x_wconf 77' lang='grc' dir='ltr'><strong><em>ὀργῆς</em></strong></span> <span class='ocrx_word' id='word_1_569' title='bbox 587 4402 708 4490; x_wconf 73' lang='grc' dir='ltr'><strong><em>ἧσήμε-</em></strong></span> <span class='ocrx_word' id='word_1_570' title='bbox 745 4403 823 4489; x_wconf 91' lang='grc' dir='ltr'><strong><em>κύριε</em></strong></span> <span class='ocrx_word' id='word_1_571' title='bbox 835 4405 908 4481; x_wconf 87' lang='grc' dir='ltr'><strong><em>τούς</em></strong></span> <span class='ocrx_word' id='word_1_572' title='bbox 922 4399 1101 4486; x_wconf 75' lang='grc' dir='ltr'><strong><em>ὀφθαλμούς</em></strong></span> <span class='ocrx_word' id='word_1_573' title='bbox 1114 4429 1181 4478; x_wconf 86' lang='grc' dir='ltr'><strong><em>σου,</em></strong></span> <span class='ocrx_word' id='word_1_574' title='bbox 1200 4400 1357 4488; x_wconf 82' lang='grc' dir='ltr'><strong><em>εἴςβλεψον</em></strong></span> 
     </span>
     <span class='ocr_line' id='line_1_52' title="bbox 100 4483 1358 4596; baseline -0.002 -43"><span class='ocrx_word' id='word_1_575' title='bbox 100 4511 158 4571; x_wconf 83' lang='grc' dir='ltr'><strong><em>ρον</em></strong></span> <span class='ocrx_word' id='word_1_576' title='bbox 170 4483 275 4574; x_wconf 72' lang='grc' dir='ltr'><strong><em>ἡμέρα,</em></strong></span> <span class='ocrx_word' id='word_1_577' title='bbox 290 4483 338 4553; x_wconf 77' lang='grc' dir='ltr'><strong><em>ὅτι</em></strong></span> <span class='ocrx_word' id='word_1_578' title='bbox 350 4485 409 4573; x_wconf 75' lang='grc' dir='ltr'><strong><em>ἥκει</em></strong></span> <span class='ocrx_word' id='word_1_579' title='bbox 424 4485 441 4573; x_wconf 75' lang='grc' dir='ltr'><strong><em>ἦ</em></strong></span> <span class='ocrx_word' id='word_1_580' title='bbox 456 4483 527 4553; x_wconf 76' lang='grc' dir='ltr'><strong><em>ὠδὶν</em></strong></span> <span class='ocrx_word' id='word_1_581' title='bbox 539 4492 577 4584; x_wconf 72' lang='grc' dir='ltr'><strong><em>τῇ</em></strong></span> <span class='ocrx_word' id='word_1_582' title='bbox 590 4488 708 4555; x_wconf 87' lang='grc' dir='ltr'><strong><em>τικτσύ-</em></strong></span> <span class='ocrx_word' id='word_1_583' title='bbox 744 4486 837 4576; x_wconf 87' lang='grc' dir='ltr'><strong><em>κύριε,</em></strong></span> <span class='ocrx_word' id='word_1_584' title='bbox 863 4491 914 4554; x_wconf 86' lang='grc' dir='ltr'><strong><em>καί</em></strong></span> <span class='ocrx_word' id='word_1_585' title='bbox 931 4489 973 4554; x_wconf 76' lang='grc' dir='ltr'><strong><em>ίδε</em></strong></span> <span class='ocrx_word' id='word_1_586' title='bbox 991 4483 1061 4575; x_wconf 83' lang='grc' dir='ltr'><strong><em>τούς</em></strong></span> <span class='ocrx_word' id='word_1_587' title='bbox 1080 4485 1188 4565; x_wconf 89' lang='grc' dir='ltr'><strong><em>λόγους</em></strong></span> <span class='ocrx_word' id='word_1_588' title='bbox 1206 4493 1358 4596; x_wconf 62' lang='grc' dir='ltr'><strong><em>Σενναρη-</em></strong></span> 
     </span>
     <span class='ocr_line' id='line_1_53' title="bbox 1280 4596 1348 4656; baseline -0.029 0"><span class='ocrx_word' id='word_1_589' title='bbox 1280 4596 1348 4656; x_wconf 61' lang='lat' dir='ltr'><strong><em>vau</em></strong></span> 
     </span>
    </p>
   </div>
   <div class='ocr_carea' id='block_1_3' title="bbox 0 0 1466 4972">
    <p class='ocr_par' dir='ltr' id='par_1_4' title="bbox 0 0 1466 4972">
     <span class='ocr_line' id='line_1_54' title="bbox 0 0 1466 4972; baseline 0 2"><span class='ocrx_word' id='word_1_590' title='bbox 0 0 1466 4972; x_wconf 95' lang='lat' dir='ltr'><strong><em> </em></strong></span> 
     </span>
    </p>
   </div>
  </div>
 </body>
</html>
