2924 4972
77 222 81 229 “
174 227 240 297 990
317 222 989 289 ΜΑιειεΑΒΑιοινισνσσνοΣ
1028 216 1287 304 μαμμία.

170 336 260 426 η’γαγε
287 337 325 402 τά
351 342 420 421 περὶ
452 341 515 402 τῶν
552 336 699 424 βασιλέων
725 340 776 400 καί
810 340 951 418 ἐπιτομῆς
968 333 1005 399 οὐ
1026 332 1145 420 ῥᾴδιον,
1171 338 1301 420 ἱδρῶτος
1317 336 1349 402 δὲ
1369 339 1417 402 καί

170 426 349 507 προφητῶν,
374 422 424 484 καί
446 417 486 484 τά
509 425 564 484 τοῦ
587 419 700 495 Δαυίδ,
725 420 776 484 καί
809 416 977 503 ἀγρυπνίας
998 419 1036 483 τὸ
1059 421 1193 503 πρᾶγμα.
1224 420 1253 461 22
1275 416 1417 504 καθάπερ

171 498 775 588 ἐπιστολάςβασιλέωνπερίάναθεμάτων.
809 506 855 583 τῴ
884 498 1139 586 παρασκευάζοιντο
1165 500 1336 585 συμπόσιον
1368 506 1418 569 καί

171 587 201 630 ¹⁴
215 582 354 663 ῶςαάτως
367 586 399 650 δὲ
412 586 463 651 καί
473 581 591 662 ’[σάδας
610 583 649 650 τὸ
674 586 777 650 διαπε·
810 586 944 688 ζητοῦντι
962 580 1017 666 τῆν
1034 585 1143 668 ἑτέρων
1161 584 1344 653 λυσιτέλειαν
1364 585 1418 654 οὸκ

172 670 318 736 πτωκότα
338 667 388 735 διὸ
405 666 457 734 τὸν
474 666 604 750 πόλεμον
619 668 673 735 τὸν
691 693 776 746 γεγο-
810 665 922 753 ευχερὲς
939 666 1008 750 μὲν,
1027 665 1108 750 ὅμως
1125 664 1176 733 διὸ
1194 665 1248 750 τῆν
1259 674 1323 735 τῶν
1339 671 1417 736 πολ-

164 754 247 820 ,νότα
262 751 329 835 ῆμίν
341 747 535 855 ἐπισυνῆγηγε
546 751 655 826 πάντα,
682 753 733 816 καί
745 752 777 814 έ-
811 750 872 814 λῶν
884 745 1078 852 εὸχαριστίαν,
1104 746 1199 832 ῆδέως
1211 748 1267 833 τῆν
1279 753 1417 820 κακοπά-

173 861 222 903 στι
239 832 309 920 παρ’
332 832 408 918 ῆμῖν.
435 836 462 877 ¹⁶
476 859 517 899 ων
535 822 590 900 οάν
608 835 661 900 ἐὰν
677 840 778 936 χρείαν
811 844 898 899 θειαν
921 838 1088 916 υποίσομεν.
1123 831 1156 873 ²⁶
1169 829 1205 896 τὸ
1225 833 1280 913 μέν
1302 837 1417 923 διακρι-

173 914 348 1003 έχητε,τοὸς
362 917 604 1021 ἀποκομιοῡντας
617 913 777 1022 ὖηιῖναπο-
810 920 887 1001 βοῦν
919 915 987 999 περί
1013 910 1147 980 ἑκάστων
1176 918 1221 1017 ττβ
1250 934 1422 1005 συγγραφεῖ

164 1001 316 1075 ,στίλλετε
357 1004 385 1044 ¹⁶
396 1000 550 1083 μέλλοντες
562 1025 616 1067 ουν
630 1023 710 1078 αγειν
724 998 778 1064 τὸν
811 995 1096 1083 παραχωρήσαντες,
1120 996 1157 1062 τὸ
1183 999 1215 1064 δε
1239 1001 1420 1086 ε’πιπορεόε·

171 1080 362 1189 καθαρισμὸν
375 1079 544 1170 ἐγράψαμεν
564 1081 640 1166 ὑμῖν.
679 1081 778 1157 καλῶς
812 1091 888 1147 σθαι
906 1092 972 1157 τοῖς
985 1078 1195 1165 ὖπογραμμοῖς
1210 1087 1262 1165 τῆς
1274 1086 1421 1171 ἐπιτομῆς

172 1157 226 1235 οὖν
239 1192 374 1253 ποιησετε
387 1166 507 1245 ἀγσντες
519 1163 573 1242 τάς
587 1165 703 1252 ἡμέρας.
725 1161 776 1229 ¹⁷5
811 1165 1029 1239 διαπονοῦντες.
1066 1165 1098 1207 ²⁰
1111 1164 1252 1251 καθάπερ
1276 1170 1336 1252 γὰρ
1363 1176 1420 1253 τῆς

172 1251 203 1316 δέ
216 1249 287 1326 θεὸς
301 1250 319 1316 ό
333 1248 434 1326 σῶσας
453 1247 506 1316 τὸν
517 1246 621 1316 πάντα
633 1247 707 1315 λαὸν
721 1246 778 1313 αὐ·
810 1253 908 1332 καινῆς
934 1252 1031 1323 οἰκίας
1056 1245 1239 1333 ἀρχιτέκτονι
1263 1257 1317 1334 τῆς
1343 1248 1420 1336 ὅλης

172 1339 240 1409 τοῦ,
267 1336 317 1400 καί
343 1331 478 1409 ἀποδοὺς
504 1329 558 1418 τῆν
583 1333 778 1418 κληρονομίαν
809 1330 979 1418 καταβολῆς
991 1335 1199 1415 φροντιστέον,
1212 1337 1257 1416 τῷ
1270 1336 1303 1399 δὲ
1315 1338 1419 1412 έγκαί-

172 1423 245 1484 πᾶσι
263 1419 315 1483 καί
333 1416 369 1482 τὸ
388 1417 552 1503 βασίλειον,
577 1414 677 1482 καὶτὸ
698 1410 778 1501 ἱερά·
809 1438 849 1477 ειν
862 1416 915 1481 καί
924 1417 1089 1499 ζωγραφεῖν
1100 1417 1292 1502 ἐπιχειροῦντι
1301 1417 1342 1483 τὸ
1351 1423 1419 1485 έπι-

171 1527 281 1584 τευμα,
306 1501 357 1565 καί
374 1498 428 1565 τὸν
445 1497 605 1603 ἇγιασμὸν,
630 1501 659 1543 ¹⁸
671 1496 777 1572 καθῶς
810 1494 909 1602 τῆδεια
924 1496 1002 1583 πρὸς
1023 1495 1217 1582 διακόσμησιν
1234 1502 1419 1580 ἐξεταστέον,

173 1582 367 1666 ἐπηγγείλατο
381 1579 430 1649 διά
442 1588 497 1648 τοῦ
509 1607 611 1665 νομσυ.
625 1582 777 1664 ἐλπίζομεν
810 1579 891 1646 σάτα
913 1582 994 1647 δοκῶ
1016 1583 1068 1646 καί
1089 1584 1140 1646 ἐπί
1162 1578 1240 1666 ἡμῖν.
1266 1586 1298 1630 ³⁰
1311 1590 1349 1650 τὸ
1366 1585 1419 1668 μέν

171 1667 232 1752 γάρ
246 1667 297 1731 ἐπί
309 1671 352 1748 τῷ
365 1662 492 1750 &effu
505 1668 616 1750 ταχέως
628 1666 703 1770 ἡμᾶς
716 1665 777 1731 ἐλε-
809 1659 974 1769 έγβατεάειν
986 1667 1038 1730 καί
1048 1666 1117 1749 περί
1127 1663 1251 1731 πάντων
1263 1679 1418 1735 ποιεῖσθαι

172 1748 234 1834 ῆσει
259 1751 313 1815 καί
333 1750 496 1825 ἐπισυνάξει
517 1752 550 1814 ἐκ
569 1754 622 1833 τῆς
641 1747 701 1814 υπὸ
726 1745 779 1813 τὸν
809 1747 908 1825 λογον,
933 1749 986 1812 καί
1009 1746 1273 1833 πολυπραγμονεῖν
1297 1755 1329 1817 ἓν
1353 1764 1417 1827 τοῖς

172 1833 302 1918 οὐρανὸν
314 1837 353 1908 είς
366 1829 420 1898 τὸν
431 1828 520 1910 άγιον
533 1829 641 1899 τόπον.
654 1829 777 1910 ἐξείλετο
808 1837 987 1935 καταμέρος,
1000 1835 1045 1914 τῷ
1057 1835 1110 1906 τ”ς
1123 1835 1255 1916 ἱστορίας
1266 1832 1415 1918 ἀρχηγέτη

174 1916 230 2002 γὰρ
245 1912 320 2000 ῆμάς
333 1919 364 1980 ἐκ
372 1911 510 2017 μεγάλων
521 1919 636 1991 κακῶν,
660 1916 713 1982 καί
723 1913 777 1980 τὸν
809 1925 943 2000 καθηκει.
982 1914 1059 1978 32τὸ
1077 1859 1112 1979 ὸέ
1129 1912 1273 2017 σύντομον
1290 1922 1342 1998 τῆς
1359 1902 1411 1979 λέ-

172 1994 269 2064 τόπσν
282 2001 450 2083 ίναθαρισε.
490 1995 571 2063 12τά
588 1998 621 2063 δὲ
634 1996 712 2063 κατά
724 1998 778 2062 τὸν
808 1999 879 2074 ξεως
897 1993 1099 2079 μεταδιώκειν,
1121 1999 1172 2062 καί
1189 2022 1225 2061 το
1243 1999 1414 2083 ἐξεργαστι-

169 2076 285 2147 Ἰοόδαν
311 2078 364 2146 τὸν
390 2084 599 2156 Μακκαβαῖον
624 2082 677 2145 καί
704 2078 776 2154 τούς
808 2075 862 2143 κὸν
887 2085 940 2164 τῆς
957 2086 1160 2165 πραγματείας
1183 2093 1414 2165 παραιτεῖσθαι,

173 2162 284 2230 τούτου
304 2162 452 2244 ἀδελφοὺς
469 2165 522 2228 καί
544 2162 598 2229 τὸν
618 2167 674 2228 τοῦ
696 2166 776 2250 ἱεροῦ
808 2167 853 2245 τῷ
874 2161 929 2247 τῆν
951 2159 1139 2248 μετάφρασιν
1160 2168 1330 2248 ποιουμένῳ
1342 2192 1414 2243 συγ-

172 2250 229 2313 τοῦ
241 2241 371 2329 μεγάλου
381 2245 583 2334 καθαρισμὸν,
592 2247 644 2312 καί
655 2245 709 2313 τὸν
722 2251 778 2313 τοῦ
807 2271 869 2332 χωρ
891 2251 967 2313 τέον.
993 2248 1023 2289 ³²
1036 2251 1173 2312 ἐντεῦθεν
1185 2236 1240 2314 οάν
1254 2246 1415 2333 ἀρξόμεθα

171 2334 275 2434 βωμοῦ
299 2327 496 2415 ἐγκαινισμὸν,
532 2333 564 2376 ²⁰
582 2333 626 2395 έτι
650 2355 681 2397 τε
705 2327 779 2405 τοὺς
809 2335 859 2414 τῆς
869 2273 1040 2415 όιηγῆσεως,
1048 2341 1114 2406 τοῖς
1123 2335 1342 2418 προειρημένοις
1362 2357 1414 2398 το-

172 2412 407 2518 πρσςἈντίοχον
428 2411 483 2479 τὸν
497 2411 648 2498 Ἐπιφανῆ
660 2415 712 2479 καὶ
723 2412 778 2479 τὸν
809 2418 921 2480 σοῦτσν
933 2410 1138 2490 ἐπιζεύξαντες.
1165 2414 1268 2497 εὔηθες
1291 2417 1352 2500 γάρ
1377 2415 1414 2480 τὸ

170 2493 284 2563 τούτου
320 2501 384 2563 οἱον
412 2492 582 2584 Εὐπάτορα
616 2497 776 2579 πολέμους,
808 2497 860 2580 μέν
872 2494 932 2583 πρὸ
946 2501 999 2581 τῆς
1013 2501 1147 2583 ἱστορίας
1158 2496 1338 2574 πλεονάζειν,
1362 2499 1416 2584 τῆν

172 2582 197 2622 ²¹
211 2584 263 2646 καί
280 2579 335 2656 τάς
348 2583 379 2657 ἐξ
398 2579 527 2665 οὐρανοῦ
545 2584 699 2663 γενομένας
712 2585 778 2646 έπι-
808 2579 840 2645 δέ
855 2585 990 2666 ἱστορίαν
1003 2585 1154 2665 ἐπιτεμεῖν.

171 2669 295 2747 φανείας
318 2677 381 2740 τοῖς
404 2664 480 2751 ὸπὲρ
506 2668 563 2730 τοῦ
586 2663 776 2746 Ἰουδαίσμοῦ
852 2715 864 2750 ,
999 2670 1073 2729 ΚΕ
1086 2670 1125 2728 Φ.
1168 2660 1223 2730 Γ’.

171 2747 334 2832 φιλοτίμως
347 2744 620 2832 ἀνδραγαθῆσασιν,
639 2744 711 2823 ῶςτε
724 2747 777 2831 τῆν
861 2753 894 2831 ῆς
907 2745 996 2826 δγίας
1014 2752 1111 2813 τοίνυν
1129 2746 1244 2824 πόλεως
1256 2774 1415 2814 κατοικου-

171 2830 244 2913 ὸλην
260 2827 358 2934 χώραν
376 2831 493 2909 ὀλίγους
521 2830 610 2906 ὄντας
626 2831 776 2914 λεηλατεῖν
806 2835 893 2916 μένης
909 2830 983 2916 μετά
1000 2831 1099 2914 πάσης
1125 2830 1257 2918 εῖρῆνης,
1283 2834 1334 2896 καί
1354 2837 1416 2897 τῶν

170 2914 222 2980 καί
234 2939 273 2981 τα
284 2911 425 3001 βάρβαρα
437 2914 541 3020 πλῆθη
555 2910 679 2991 διῶκειν,
691 2917 721 2956 22
727 2916 777 2979 καί
808 2914 907 2998 νόμων
934 2919 977 2980 ἔτι
1003 2915 1149 2979 κάλλιστα
1175 2920 1417 2999 συντηρουμένων

170 2995 207 3063 τὸ
227 2997 406 3084 περιβόητον
423 3009 488 3062 καθ
517 2999 589 3083 ὸλην
605 2997 660 3084 τῆν
676 3002 775 3065 σίκου-
807 2999 858 3062 διὸ
870 2996 922 3084 τῆν
931 2996 1032 3062 Ὀνίου
1050 3001 1106 3062 τοῦ
1120 2996 1274 3083 ἀρχιερέως
1288 2996 1418 3082 εὸσέβει·

169 3085 258 3165 μένην
276 3083 354 3167 ἱερὸν
373 3080 630 3164 ἀνακομίσασθαι,
659 3083 776 3168 κοίτην
808 3080 847 3145 άν
866 3107 898 3146 τε
915 3084 966 3146 καί
984 3087 1212 3166 μισοπονηρίαν,
1235 3081 1418 3166 2συνέβαινε

171 3161 259 3228 πόλιν
272 3165 481 3248 ἐλευθερῶσαι,
504 3169 556 3232 καί
568 3166 639 3242 τοὺς
649 3165 774 3248 μέλλον-
808 3166 859 3229 καί
881 3163 993 3239 αὐτοὺς
1010 3163 1081 3240 τοὺς
1100 3164 1230 3250 βασιλεῖς
1250 3169 1338 3246 τιμᾴν
1362 3164 1417 3231 τὸν

169 3271 224 3321 τας
242 3242 448 3310 καταλύεσθαι
468 3245 575 3329 νόμους
595 3253 775 3332 ἐπανορθῶ·
808 3245 917 3320 τόπον,
943 3249 996 3310 καί
1007 3247 1044 3311 τὸ
1056 3249 1136 3328 ἱερὸν
1149 3246 1339 3323 ἀποστολαῖς
1352 3261 1417 3324 ταῖς

170 3355 232 3405 σαι,
245 3333 301 3395 τοῦ
314 3335 417 3412 κυρίου
430 3330 504 3415 μετὰ
514 3326 612 3414 πάσης
625 3335 776 3406 ἐπιεικείας
807 3336 977 3414 κρατίσταις
996 3325 1139 3405 δοξάζειν,
1165 3326 1267 3405 3ιὶίςτε
1285 3334 1339 3397 καί
1358 3335 1418 3396 Σέ-

168 3413 238 3478 ίλεω
259 3418 419 3497 γενομένου
445 3412 560 3491 αὐτοῖς,
598 3417 627 3457 ²³
649 3415 688 3479 τὸ
715 3413 776 3480 ὑπὸ
807 3414 911 3478 λευκον
930 3408 983 3478 τὸν
999 3417 1053 3496 τῆς
1064 3411 1166 3488 Ἀσίας
1178 3411 1312 3516 βασιλέα
1323 3440 1417 3501 χορη-

166 3493 307 3572 Ἰάσωνος
324 3503 380 3563 τοῦ
397 3503 573 3584 Κυρηναίου
591 3500 776 3582 δεδηλωμένα
806 3509 868 3575 γείν
881 3500 912 3562 ἐκ
922 3501 981 3562 τῶν
993 3497 1075 3561 ἰδίων
1091 3499 1248 3583 προςοδων
1261 3494 1365 3563 πάντα
1377 3498 1416 3563 τά

169 3580 219 3644 διὰ
242 3584 328 3646 πέντε
352 3583 483 3668 βιβλίων,
507 3580 715 3668 πειρασόμεθα
739 3579 772 3645 δι’
806 3579 882 3684 πρὸς
896 3578 950 3656 τάς
960 3581 1143 3664 λειτουργίας
1151 3585 1212 3644 τῶν
1223 3586 1340 3646 θυσιῶν
1352 3584 1416 3646 έπι-

169 3663 233 3736 ἑνὸς
246 3661 453 3746 συντάγματος
466 3670 616 3747 ἐπιτεμεῖν.
643 3666 674 3707 ²⁴
688 3691 775 3730 συνο-
805 3665 959 3751 βαλλουτα
985 3663 1197 3748 δαπανήματα.
1224 3665 1357 3747 2Σίμων
1382 3666 1417 3730 δέ

168 3748 282 3828 ρῶντες
289 3743 345 3831 γάρ
360 3747 487 3832 τὸχῦμα
500 3753 561 3814 τῶν
574 3747 714 3834 ἀριθμῶν
725 3749 776 3813 καί
805 3775 849 3823 τις
862 3751 894 3813 έν
914 3753 966 3829 τῆς
979 3750 1122 3830 Βενιαμίν
1139 3748 1233 3832 φυλῆς
1244 3745 1418 3832 προστάτης

167 3825 222 3908 τῆν
247 3829 341 3894 οὖσαν
359 3831 524 3917 δυςχέρειαν
545 3846 608 3908 τοῖς
630 3833 775 3898 θέλουσιν
806 3836 861 3896 τοῦ
877 3836 957 3914 ἱεροῦ
969 3836 1204 3914 καθεσταμένος,
1218 3832 1359 3915 διηνέχθη
1370 3837 1417 3916 τῷ

166 3911 379 3982 είςκυκλεῖσθαι
393 3926 456 3989 τοῖς
469 3920 522 3998 τῆς
535 3920 665 4001 ἱστορίας
677 3913 775 3998 διηγῆ·
807 3914 936 4002 ἀρχιερεῖ
945 3919 1014 3999 περὶ
1031 3920 1084 3999 τῆς
1096 3915 1175 3980 κατὰ
1193 3912 1245 3998 τῆν
1254 3912 1343 3978 πόλιν
1355 3943 1419 3981 πα-

165 4018 238 4074 μασι
248 3991 296 4057 διά
306 3995 342 4059 τὸ
353 3996 473 4078 πλῆθος
483 4004 535 4081 τῆς
545 3996 626 4083 ἱίλης,
636 4000 774 4082 25ἐφρον-
806 4007 961 4083 ρανομίας.
989 4002 1074 4063 5καί
1097 4005 1208 4082 νικῆσαι
1233 3997 1286 4061 τὸν
1308 3996 1418 4066 Ὀνίαν

166 4081 288 4159 τίσαμεν
306 4089 370 4151 τοῖς
387 4078 440 4160 μέν
459 4082 649 4167 βουλομένοις
671 4081 773 4160 ἀναγι-
805 4083 844 4167 μη
859 4079 1027 4168 δυνάμενος,
1037 4073 1115 4167 ῆλθε
1124 4082 1200 4167 πρὸς
1207 4077 1420 4150 Ἀπολλώνιον

165 4155 286 4226 νῶσκειν
309 4171 521 4244 ψυχαγωγίαν,
547 4179 611 4242 τοῖς
632 4165 668 4247 δὲΙ
684 4166 773 4247 φιλο-
810 4170 979 4253 Θρασαίου,
1006 4166 1061 4232 τὸν
1074 4164 1137 4232 κατ’
1158 4169 1268 4229 ἐκεῖνον
1282 4162 1338 4230 τὸν
1350 4192 1420 4232 και-

169 4248 330 4326 φρονοῦσιν
348 4249 385 4320 είς
401 4243 438 4309 τὸ
458 4246 507 4312 διὸ
525 4247 638 4334 μνῆμης
658 4247 773 4314 ἀναλα-
806 4249 858 4337 ρὸν
872 4252 974 4334 κοίλης
984 4257 1099 4337 Συρίας
1108 4251 1159 4316 καὶ
1171 4253 1313 4332 Φοινίκης
1324 4274 1416 4335 στρα-

166 4330 227 4410 βεῖν
239 4327 398 4406 εὐκοπίαν,
424 4334 498 4394 πᾶσι
511 4331 543 4395 δέ
557 4345 619 4407 τοῖς
632 4329 772 4417 ἐντυγχά-
805 4330 904 4418 τηγόν.
944 4336 1031 4400 6καὶ
1058 4330 1245 4419 πρσςῆγγειλε
1269 4336 1336 4416 περί
1360 4339 1421 4401 τοῦ

165 4432 262 4476 νουσιν
276 4410 429 4496 ῶφελειαν.
456 4415 487 4456 ²⁶
500 4416 551 4478 καί
563 4412 631 4498 ῆμῖν
642 4415 695 4497 μέν
708 4430 772 4493 τοῖς
803 4418 964 4503 χρημάτων
982 4416 1148 4501 ἀμυθήτων
1166 4421 1261 4498 γέμειν
1270 4414 1305 4481 τὸ
1318 4414 1421 4483 ένἸε-

165 4489 220 4576 τῆν
242 4495 449 4565 κακοπάθειαν
470 4498 697 4582 έσιδεδεγμένοις
718 4504 771 4584 τῆς
803 4498 982 4589 ροσολόιιοις
1006 4498 1253 4583 γαζοφυλάκιον,
1278 4496 1420 4650 ῶςτελτὸ

1337 4610 1362 4651 π
1384 4613 1420 4668 η·
