2924 4972
106 237 128 304 6
443 240 709 302 mmm
751 231 1013 320 ιαφ.ς.ζ’.6.7.

107 361 170 427 άπὸ
184 364 313 469 ἑρπετῶν
325 368 380 439 ἕως
396 367 533 428 πετεαῶν
546 367 602 428 τοῦ
619 361 712 449 οῦρα-
750 366 832 445 αυτῶ
849 359 912 427 άπὸ
928 358 1049 427 πάντων
1069 366 1129 427 τῶν
1151 360 1318 448 βρωμάτων
1334 359 1357 431 ά

105 449 166 511 νοῦ.
188 471 234 511 οτι
253 443 445 550 ἐνεθυμήθην,
458 443 504 512 ὅτι
518 449 643 531 ἐποίησα
656 445 712 511 αῦ-
749 446 862 523 ἐδεσθε,
873 448 925 510 καὶ
937 440 1061 522 συνάξεις
1070 443 1146 531 πρὸς
1158 446 1292 523 σεαυτὸν,
1304 447 1357 513 καὶ

106 534 184 605 τούς.
203 530 299 595 1Νῶε
311 531 343 595 δε
355 521 418 616 εὗρε
415 526 514 636 (χάριν
523 533 653 595 ἐναντίον
661 556 713 594 κυ-
749 531 830 593 ἔσται
852 555 898 594 σοι
923 531 975 593 καί
991 531 1105 604 ἐκείνοις
1123 541 1234 609 φαγεῖν.
1261 533 1291 572 ²²
1303 531 1356 596 καί

106 619 172 698 ρίου
186 617 242 678 τοῦ
254 617 335 678 θεοῦ.
361 615 478 678 9αυται
497 613 529 678 δὲ
547 618 581 679 al
595 616 714 693 γενέσεις
749 614 865 696 ἐποίησε
889 616 963 677 Νῶε
986 608 1086 677 πάντα
1108 607 1166 677 ὅσα
1193 613 1354 679 ἐνετείλατο

105 700 188 761 Νῶε.
210 699 284 761 Νῶε
297 696 458 783 άνθραυτος
470 698 589 774 δίκαιος,
606 697 713 772 τέλειος
749 694 833 780 αῦτῶ
843 691 942 783 κῦριος
953 693 971 761 5
983 695 1063 771 θεὸς,
1082 691 1177 772 οῦτως
1188 698 1312 781 ἐποίησε.

107 777 713 867 ῶνίντῆγενεᾷαι’ποῦ,τῶθεῷεῦηρεότησε
934 786 1009 844 ΚΕ
1022 784 1061 843 Φ.
1104 774 1154 842 Z'.

106 866 189 927 Νῶε.
202 853 363 948 11ἐγέννησε
373 863 484 929 δὲΝῶε
495 863 713 950 τρεῒςυῖοῦςτὸν
749 829 833 928 Καὶ
850 862 911 929 εἷπε
934 858 1032 972 κῦριος
1053 858 1071 927 5
1092 862 1164 937 θεὸς
1179 861 1255 949 πρὸς
1272 866 1354 928 Νῶε.

107 946 184 1049 Σήμ,
193 946 247 1011 τὸν
261 947 345 1030 Χάμ,
358 946 411 1012 τὸν
419 944 535 1027 Ἰάφεθ.
558 952 584 991 11
593 942 712 1034 ἐφθάρη
749 946 859 1013 εἴσελθε
878 947 913 1013 σὺ
931 973 982 1011 και
993 943 1081 1023 πάςὸ
1094 941 1175 1019 οἶκός
1187 971 1240 1010 σου
1253 951 1292 1022 είς
1303 946 1357 1031 τήν

108 1029 167 1113 δέη
179 1034 217 1112 γῆ
226 1033 418 1096 ίναντίοντοῦ
426 1035 508 1108 θεοῦ,
517 1033 568 1095 καί
578 1027 713 1116 ἐπλήσθη
749 1029 889 1117 κιβωτὸν,
910 1026 955 1095 δτι
968 1028 1000 1095 σὲ
1012 1029 1088 1095 εἶδον
1100 1029 1213 1094 δίκαιον
1225 1032 1356 1095 ἐναντίον

106 1109 127 1197 ᾗ
139 1118 178 1197 γῆ
190 1112 312 1189 ἀδικίας.
334 1118 363 1156 ¹²
371 1115 424 1178 καί
435 1114 490 1180 εἶδε
502 1111 599 1201 κύριος
612 1111 629 1179 5
642 1114 713 1191 θεὸς
749 1139 806 1196 μου
818 1116 848 1177 ἕν
859 1119 897 1208 τῇ
909 1116 991 1196 γενεᾷ
1002 1109 1105 1207 ταῦτη.
1131 1115 1146 1153 ²
1159 1110 1221 1176 άπὸ
1243 1112 1276 1177 δὲ
1295 1118 1356 1178 τῶν

106 1195 161 1279 τήν
169 1201 230 1280 γῆν.
243 1185 573 1283 καίήνκατεφθαρμίνη.
588 1193 713 1263 ῦτικατ-
749 1201 926 1280 κτηνῶντῶν
936 1200 1080 1283 καθαρῶν
1093 1190 1226 1273 εἰσάγαγε
1235 1224 1259 1261 π
1277 1195 1310 1271 ὸς
1323 1196 1356 1262 οὲ

106 1282 224 1362 ἔφθειρε
245 1285 330 1346 πάσα
354 1280 428 1367 σάρξ
448 1281 502 1364 τήν
526 1278 597 1346 ὁδὸν
618 1279 713 1346 αὐτοῦ
750 1279 827 1345 ἑπτά
840 1281 918 1345 ἑπτά
927 1279 1014 1363 άρσεν
1021 1281 1072 1344 καί
1081 1278 1169 1362 θῆλυ,
1182 1222 1356 1344 άπὸδίτῶν

106 1365 157 1427 ίπί
173 1368 225 1443 τῆς
236 1366 296 1446 γῆς.
324 1366 353 1406 ¹³
365 1366 417 1428 καί
428 1363 489 1428 εἷπε
501 1361 599 1448 κῦριος
612 1360 629 1427 5
643 1363 712 1440 θεὸς
749 1369 861 1471 κτηνῶν
872 1368 932 1428 τῶν
940 1363 980 1447 μή
989 1367 1133 1450 καθαρῶν
1142 1357 1196 1426 δάο
1204 1358 1257 1426 δῦο
1268 1361 1355 1447 άρσεν

105 1450 151 1530 τῷ
158 1449 239 1509 Νῶε.
252 1442 353 1529 καιρὸς
364 1445 475 1520 παντὸς
484 1441 712 1531 άνθρῶπουήκει
750 1472 801 1510 και
812 1447 898 1529 θῆλυ.
918 1449 932 1490 ³
945 1449 996 1511 καί
1007 1443 1069 1510 άπὸ
1082 1449 1143 1510 τῶν
1151 1449 1287 1510 πετεινῶν
1298 1451 1353 1510 τοῦ

106 1531 237 1593 ἐναντίον
248 1553 313 1611 μου.
324 1524 370 1591 ὅτι
383 1525 545 1612 ίπλήσθηή
553 1526 713 1611 γῆάδικίας
751 1528 878 1614 οὐρανοῦ
889 1533 950 1593 τῶν
960 1532 1104 1615 καθαρῶν
1115 1527 1192 1593 ἑπτά
1206 1528 1283 1592 ἑπτά
1296 1528 1354 1629 άρ-

106 1608 158 1675 ἀπ’
174 1608 281 1675 αῦτῶν.
307 1612 359 1675 καὶ
371 1610 435 1676 ίδοὺ
448 1611 505 1688 ἐγὼ
518 1618 712 1699 καταφθείρειν
750 1635 797 1676 σεν
813 1614 865 1676 καί
881 1612 975 1695 θῆλυ,
1000 1615 1052 1677 καί
1068 1610 1132 1677 άπὸ
1151 1606 1272 1675 πάντων
1293 1635 1355 1675 των

106 1691 215 1769 αὐτοὺς
226 1696 278 1758 καὶ
289 1693 343 1778 τήν
353 1698 415 1778 γῆν.
433 1694 596 1779 11ποίησον
608 1683 712 1761 οὖνσε-
748 1699 883 1759 πετεινῶν
894 1700 954 1759 τῶν
991 1695 998 1717 “
1017 1699 1161 1782 καθαρῶν
1171 1690 1223 1759 δάο
1233 1690 1288 1759 δύο
1296 1693 1353 1781 άρ-

106 1781 190 1860 αυτῶ
207 1777 331 1865 κιβωτὸν
350 1780 381 1842 ἐκ
417 1773 494 1842 άλων
512 1775 709 1864 τετραγώνων.
749 1803 795 1842 σεν
806 1780 858 1842 καὶ
868 1723 1153 1864 θήλυ,μδιαθρέυεαι
1165 1781 1281 1864 σπέρμα
1303 1779 1354 1842 ἐπί

105 1860 222 1936 νοσσιάς
234 1856 360 1944 ποιήσας
372 1861 425 1943 τήν
436 1858 568 1948 κιβωτόν.
592 1863 643 1926 καί
655 1859 711 1927 άσ-
747 1866 848 1927 πᾶσαν
858 1861 912 1945 τήν
922 1866 983 1946 γῆν.
997 1862 1067 1927 1ἔτι
1079 1861 1138 1947 γάρ
1151 1858 1263 1948 ἡμερῶν
1274 1860 1352 1925 ἑπτά

107 1940 268 2047 ραλτῶοεις
277 1942 370 2029 αῦτήν
377 1947 489 2010 ἔσωθεν
494 1947 544 2015 καί
553 1946 663 2021 ἔξωθεν
672 1949 710 2030 τῆ
748 1944 807 2023 ἐγὼ
819 1939 921 2024 ἐπάγω
937 1944 1020 2010 ὑετὸν
1033 1948 1082 2010 ίπί
1094 1947 1147 2029 τήν
1157 1950 1224 2028 γῆν,
1249 1969 1353 2010 τεσσα-

106 2023 260 2111 ασφάλτῳ.
286 2029 313 2071 11
338 2029 389 2093 καί
413 2023 493 2093 οάτω
514 2024 641 2111 ποιήσεις
656 2017 710 2112 τήν
747 2024 876 2111 ράκοντα
888 2025 996 2115 ἡμέρας
1012 2030 1063 2093 καί
1074 2025 1290 2113 τεσσαράκοντα
1302 2023 1353 2091 νῦ-

104 2107 238 2198 κιβωτόν.
264 2117 438 2197 τριακοσίων
448 2107 562 2216 πήχεων
573 2112 608 2177 τὸ
621 2116 710 2196 μῆκος
745 2137 824 2187 κτας.
845 2113 897 2176 καὶ
909 2112 1054 2197 ἐξαλείψω
1066 2117 1127 2177 πάν
1138 2113 1175 2176 τὸ
1189 2110 1351 2194 άνάστημα,

104 2199 157 2300 τής
169 2198 313 2281 κιβωτοῦ,
336 2197 387 2259 καί
402 2219 581 2278 πεντηκοντα
596 2192 710 2280 πήχεων
744 2189 764 2258 δ
784 2198 909 2278 ἐποίησα
927 2193 990 2260 άπὸ
1007 2192 1166 2282 προςῶπου
1189 2191 1286 2279 πάσης
1300 2197 1352 2277 τής

105 2303 141 2342 το
154 2275 282 2364 πλάτος,
306 2281 358 2343 καί
377 2272 536 2365 τριάκοντα
547 2274 661 2364 πήχεων
672 2278 708 2343 τὸ
743 2281 804 2360 γῆς.
839 2279 918 2342 ‘nal
930 2282 1046 2362 ἐποίησε
1064 2283 1138 2344 Νῶε
1158 2274 1271 2353 πάντα,
1294 2274 1352 2342 ὅσα

105 2356 185 2443 ῦεγος
209 2359 308 2444 αὐτῆς.
333 2358 560 2440 11ίπιουνάγων
582 2358 709 2446 ποιήσεις
745 2361 904 2426 ἐνετείλατο
917 2359 1000 2445 αὐτῷ
1012 2357 1111 2448 κάριος
1123 2359 1140 2427 ὁ
1153 2358 1230 2437 θεάς.
1254 2363 1352 2425 1Νῶε

105 2445 158 2549 τήν
170 2441 302 2531 κιβωτόν.
323 2447 375 2512 καὶ
386 2450 425 2522 είς
434 2449 528 2550 πῆηυν
539 2445 709 2522 συντελίσεις
745 2443 777 2508 δὲ
788 2432 825 2527 ήν
836 2447 910 2508 ἐτῶν
922 2446 1088 2523 ἑξακοσίων,
1101 2447 1152 2511 καί
1160 2441 1178 2509 5
1186 2443 1351 2509 κατακλυσ-

106 2526 198 2610 αυτήν
210 2526 332 2593 άνωθεν.
345 2528 400 2613 τήν
411 2528 443 2595 δὲ
454 2532 610 2616 θυραντῆς
619 2533 709 2617 κιβω-
744 2525 798 2609 μὸς
818 2532 874 2593 τοῦ
896 2524 1003 2604 ῦδατος
1024 2532 1135 2607 ἐγίνετο
1157 2531 1207 2593 ἐπὶ
1222 2530 1274 2609 τῆς
1289 2530 1350 2609 γῆς.

104 2615 160 2676 τοῦ
182 2607 309 2695 ποιήσεις
333 2614 364 2674 ἐκ
388 2612 531 2689 πλαγίων.
560 2608 709 2690 κατάγαια
746 2611 887 2693 1εἶσῆλθε
903 2611 936 2676 δὲ
955 2616 1029 2678 Νῶε
1050 2614 1103 2678 καί
1120 2616 1152 2677 οδ
1171 2611 1231 2675 υἱοί
1247 2606 1351 2684 αῦτοῦ,

106 2691 239 2779 διῶροφα
261 2696 313 2759 καί
336 2718 356 2757 τ
374 2689 490 2778 ιῶροφα
510 2690 638 2797 ποιήσεις
654 2692 709 2758 αῦ-
744 2691 825 2776 καλή
837 2692 908 2776 γυνή
922 2691 1095 2769 αῦτοῦ,καί
1107 2697 1141 2755 αῖ
1152 2704 1281 2769 γυναῖκες
1290 2695 1351 2755 τῶν

104 2773 140 2842 τ’
159 2826 166 2847 ,.
191 2778 218 2820 17
231 2775 289 2854 ίγῶ
301 2774 333 2840 δὲ
346 2719 410 2840 ίδοὺ
427 2772 531 2854 ίπάγω
547 2800 600 2840 τον
615 2801 709 2840 κατα·
745 2780 816 2840 υἱῶν
826 2774 920 2840 αῦτοῦ
928 2772 985 2858 μετ’
1001 2773 1095 2839 αὐτοῦ
1107 2779 1145 2849 εἰς
1154 2773 1206 2856 τήν
1215 2772 1350 2859 κιβωτὸν,

106 2800 246 2941 κλίνομὸν,
272 2854 351 2944 ῦδωρ
376 2860 426 2928 ἐπί
450 2858 505 2942 τήν
521 2863 589 2966 γῆν,
614 2885 709 2924 κατα,
744 2858 794 2923 διὰ
809 2857 846 2923 τὸ
864 2855 943 2944 ὕδωρ
958 2861 1015 2922 τοῦ
1031 2857 1243 2939 κατακλυσμοῦ.
1271 2858 1350 2920 1’καί

107 2953 227 3028 φθεῖραι
240 2944 341 3007 πᾶσαν
352 2937 462 3028 σάρκα,
475 2945 506 3007 ἐν
517 2970 537 3025 η
549 2946 608 3008 ίστι
621 2946 708 3009 πνεῠ-
745 2939 807 3006 άπὸ
824 2945 885 3006 τῶν
899 2944 1034 3007 πετεινῶν
1044 2946 1105 3007 τῶν
1116 2944 1273 3027 καθαρῶν,
1298 2941 1349 3004 καί

105 3053 147 3109 μα
162 3029 236 3109 ζωῆς
253 3021 394 3090 ὑποκάτω
415 3030 471 3091 τοῦ
491 3025 626 3112 οὐρανοῦ.
657 3029 708 3090 καὶ
744 3022 807 3088 άπὸ
824 3028 884 3089 τῶν
906 3028 1041 3090 πετεινῶν
1059 3029 1120 3090 τῶν
1138 3023 1178 3109 μή
1195 3027 1349 3109 καθαρῶν,

105 3106 163 3175 δσα
175 3107 213 3184 ῶν
224 3097 243 3191 ἦ
254 3109 304 3172 ἐπὶ
313 3112 365 3192 τῆς
376 3112 438 3192 γῆς,
448 3109 544 3174 τελευτ
553 3107 610 3177 ’σευ
623 3109 708 3174 11καί
743 3109 794 3174 καί
806 3105 868 3175 άπὸ
877 3115 938 3174 τῶν
948 3113 1059 3194 κτηνῶν
1067 3113 1127 3173 τῶν
1136 3112 1289 3194 καθαρῶν,
1298 3107 1350 3171 καὶ

106 3188 203 3274 στήσω
212 3179 232 3255 τ’
238 3193 266 3255 ’ν
277 3188 420 3276 διαθήκην
430 3217 486 3274 μου
496 3137 569 3276 μετίν
578 3198 639 3260 σοῦ.
653 3198 707 3268 είς-
744 3189 806 3256 άπὸ
817 3195 877 3256 τῶν
888 3197 999 3277 κτηνῶν
1011 3193 1118 3276 τῶνμή
1131 3196 1282 3301 καθαρῶν.
1297 3191 1350 3254 καί

105 3271 204 3367 ελεῦοη
228 3220 260 3339 δὲ
284 3277 323 3350 είς
343 3274 397 3359 τήν
412 3302 440 3339 κι
460 3275 537 3341 ωτὸν
556 3275 591 3342 σὺ
608 3278 660 3341 καὶ
677 3279 708 3340 οί
744 3270 807 3342 άπὸ
818 3271 940 3341 πάντων
951 3281 1011 3341 τῶν
1019 3278 1168 3361 ἑρποντων
1177 3278 1227 3339 ε’πι
1236 3278 1289 3358 τῆς
1296 3277 1349 3355 γῆς

104 3362 246 3435 υίοίσου,
270 3354 513 3464 καὶήγυνήσουἰ
537 3361 707 3437 καίαίγυι-
743 3354 821 3423 ⁹550
839 3356 893 3425 δύο
909 3359 1084 3443 είσήλθονπ
1108 3359 1224 3434 ’ςΝῶε
1239 3362 1279 3432 είς
1295 3356 1349 3438 τήν

104 3451 199 3527 ναῖκες
216 3444 277 3505 τῶν
293 3445 365 3506 υίῶν
377 3467 431 3507 σου
441 3466 514 3524 μετα
527 3448 588 3509 σοῦ.
614 3443 708 3506 11καί
743 3442 871 3531 κιβωτὸν·
882 3442 1085 3527 άρσενκαίθῆ
1123 3441 1234 3519 ,καθά
1262 3446 1348 3504 νετεί-

104 3521 167 3590 ἀπὸ
191 3520 313 3592 πάντων
335 3528 395 3589 τῶν
419 3530 544 3610 κτηνῶν,
567 3527 619 3597 καὶ
643 3522 706 3590 άπὸ
744 3524 818 3592 λατο
837 3521 855 3589 5
871 3525 942 3604 θεὸς
957 3528 1002 3608 τῶ
1013 3529 1094 3590 Νῶε.
1131 3529 1160 3569 ²⁰
1172 3527 1224 3589 καὶ
1236 3525 1348 3601 ἐγένετο

103 3603 224 3672 πάντων
239 3611 300 3672 τῶν
316 3610 457 3693 ἑρπετῶν,
482 3611 534 3673 καί
550 3607 613 3674 άπὸ
629 3603 707 3672 πάν.-
742 3607 814 3691 μετά
832 3607 887 3685 τάς
906 3608 984 3674 ἑπτά
1002 3606 1124 3693 ἡμέρας,
1147 3607 1250 3672 καὶτὸ
1268 3602 1348 3692 ῦδωρ

103 3713 164 3759 των
175 3694 235 3754 τῶν
246 3697 370 3794 θηρίων,
386 3693 438 3756 καί
450 3690 512 3757 άπὸ
524 3687 621 3776 πάσης
634 3717 706 3777 σαρ-
742 3696 798 3755 τοῦ
814 3692 1018 3774 κατακλυσμοῦ
1037 3695 1148 3769 ἐγένετο
1162 3693 1212 3755 ἐπὶ
1224 3695 1276 3773 τῆς
1286 3692 1347 3771 γῆς.

104 3774 154 3852 κὸς
174 3769 228 3839 δῦο
247 3775 300 3841 δυο
318 3772 380 3839 άπὸ
396 3771 517 3839 πάντων
533 3771 650 3853 είσάξεις
667 3780 707 3850 είς
742 3777 859 3857 11ἐντῶ
867 3779 1062 3858 ἑξακοσιοστῶ
1071 3778 1126 3839 ἔτει
1137 3777 1166 3838 ἐν
1173 3778 1212 3857 τῆ
1224 3776 1284 3854 ζωή
1292 3777 1348 3836 τοῦ

102 3857 157 3940 τήν
168 3855 301 3952 κιβωτὸν,
314 3862 362 3921 ’ίνα
373 3859 563 3945 τρίφηςμετά
573 3862 704 3932 σεαυτοῦ,
742 3860 815 3921 Νῶε
831 3862 888 3922 τοῦ
903 3858 1038 3942 δευτέρου
1049 3858 1152 3942 μηνὸς,
1177 3845 1285 3961 ἑβδόμη
1297 3858 1349 3921 καί

104 3934 190 4025 άρσεν
201 3942 252 4005 καί
263 3941 341 4025 θήλει
358 3931 481 4007 ἐίτοντάι.
505 3946 536 3987 ²⁰
550 3941 613 4007 άπὸ
629 3937 707 4006 πάν·
742 3937 833 4005 εἰκάδι
850 3945 905 4006 τοῦ
916 3937 1011 4025 μηνός.
1036 3946 1074 4024 τῆ
1086 3938 1180 4026 ήμίρᾳ
1192 3963 1287 4044 ταυτη
1300 3941 1349 4026 ίῤ-

102 4048 162 4088 ταν
173 4029 234 4088 τῶν
244 4021 353 4110 ὀρνέων
360 4029 421 4090 τῶν
428 4030 562 4091 πετεινῶν
569 4024 646 4090 κατά
655 4026 707 4101 γέ-
742 4019 873 4111 ράγησαν
895 4029 989 4091 πᾶσαν
1012 4014 1165 4108 αἶ’πηγαί
1186 4026 1238 4106 τῆς
1256 4018 1348 4108 ‹5360-

103 4131 165 4184 νος,
184 4107 236 4172 καί
248 4105 310 4173 άπὸ
323 4104 444 4184 πάντων
455 4114 516 4173 τῶν
526 4112 639 4193 κτηνῶν
650 4133 706 4171 κα,-
742 4133 809 4184 σου,
833 4122 885 4173 καί
896 4113 927 4173 οί
938 4104 1140 4195 καταρράκται
1152 4110 1208 4171 τοῦ
1220 4103 1348 4191 οῦρανοῦ

102 4188 141 4253 τὰ
153 4192 250 4268 γένος,
270 4192 323 4256 καί
335 4188 532 4257 άπδπάντων
544 4197 604 4257 τῶν
620 4192 704 4276 ἕρπε-
741 4187 935 4277 ἠνεῴχθησαν.
969 4196 998 4235 11
1009 4193 1060 4256 καὶ
1085 4194 1197 4270 ίγίνετο
1222 4186 1239 4254 5
1267 4186 1349 4264 ὑετὸς

102 4276 162 4336 τῶν
179 4278 239 4338 τῶν
255 4269 408 4360 ἑρπόντων
423 4277 473 4339 ἐπὶ
489 4277 541 4359 τῆς
556 4279 609 4358 γῆς
626 4273 704 4338 κατά
742 4277 791 4341 ἐπὶ
808 4280 858 4356 τῆς
872 4279 926 4360 γής
946 4270 1162 4361 τεσσαράκοντα
1176 4271 1285 4358 ἡμέρας
1296 4273 1348 4337 καί

101 4358 183 4433 γένος
194 4354 302 4434 αὐτῶν,
315 4352 368 4422 δάο
380 4353 434 4422 δύο
446 4356 508 4433 άπὸ
520 4355 640 4431 πάντων
650 4363 705 4434 εἲς-
741 4356 957 4444 τεσσαράκοντα
973 4355 1085 4434 νάκτας.
1112 4361 1182 4424 11ἐν
1198 4362 1237 4464 τή
1252 4354 1347 4440 ήμέρᾳ

101 4439 263 4507 ἀευσονται
282 4439 358 4522 πρὸς
380 4438 426 4517 οὲ,
456 4445 615 4527 τρέφεσθαι
631 4441 704 4524 μετά
719 4488 723 4544 Ι
740 4438 835 4525 ταάτη
846 4442 961 4524 εἰσῆλθε
975 4446 1064 4519 Νῶε,
1082 4441 1164 4525 Σήμ,
1180 4449 1268 4522 Χαμ,
1282 4435 1346 4504 Ἰά-

102 4527 156 4587 σοῦ
168 4522 254 4610 ἄρσεν
264 4524 316 4589 καί
327 4524 413 4607 θηλυ.
432 4525 459 4566 11
472 4524 507 4590 σὺ
519 4523 550 4589 δὲ
563 4522 645 4621 λήψη
658 4549 705 4590 σε-
719 4545 723 4597 1
741 4535 801 4606 φεθ
812 4518 844 4590 ὸῑ
855 4527 914 4589 υίοὶ
927 4528 1009 4601 Νῶε,
1023 4528 1075 4590 καί
1086 4523 1105 4610 ή
1116 4525 1187 4609 γυνή
1201 4527 1285 4596 Νῶε,
1296 4525 1348 4589 καί

1314 4610 1347 4671 a!
