2924 4972
163 211 228 277 σω
374 207 539 272 τοισιν
564 208 828 270 σΛΛιιΜιιιν
868 212 946 286 m.
960 204 1001 270 ιε’.
1017 194 1063 282 ις’.
1080 211 1128 274 15.
1145 209 1192 273 ιο.

164 323 327 408 ὁλόκληρος
340 319 526 405 δικαιοσύνη,
552 326 602 386 καὶ
614 322 717 385 εἰδέναι
729 318 765 384 τό
801 320 883 403 αὐτῷ
898 319 1002 401 ὅμοιον
1013 322 1076 387 ἀνθ
1095 348 1177 399 ωπος
1190 324 1281 408 ἰσχύει
1291 327 1414 391 πλάσαι

162 408 272 494 κράτος
289 432 342 472 σου
359 408 424 489 ῥίζα
450 403 629 478 ἀθανασίας.
668 403 767 468 4οὔτε
801 400 883 468 θεόν.
910 349 1416 492 17θνητὸςἀύώννειιρὸνἐργάζε-

163 491 223 578 γάρ
233 485 393 572 ἐπλάνησεν
403 485 479 570 ἡμᾶς
488 485 665 569 ἀνθρώπων
674 481 767 551 κακό-
802 511 852 550 ται
864 488 959 572 χερσίν
970 483 1103 570 ἀνόμοις,
1121 495 1262 574 κρείττων
1273 489 1335 595 γάρ
1349 495 1416 558 ἐστι

164 599 259 659 τεχνος
273 576 400 645 ἐπίνοια,
424 568 494 635 οὐδὲ
507 564 697 673 σκιαγράφων
708 563 767 634 πό-
804 574 863 633 τιῦν
877 568 1071 654 σεβασμάτων
1084 570 1190 648 αὐτοῦ,
1203 562 1246 636 ών
1258 573 1352 650 αάτυς
1361 573 1415 656 μέν

164 683 215 732 νος
228 655 372 740 ἀκαρπυς,
385 651 462 727 είδος
473 652 624 718 σπιλωθεν
634 647 767 737 χρώμασι
803 655 913 737 ἔζησεν,
939 655 1034 717 ἐκεῖνα
1045 653 1077 718 δὲ
1091 653 1243 720 οὐδέποτε.
1266 657 1415 722 18καὶτὰ

164 739 390 823 διηλλαγμένοις.
416 726 486 799 ὖών
505 734 576 818 όψις
589 734 718 819 ἄφροσιν
730 738 768 809 είς
803 736 865 818 ζῶα
890 734 923 800 δὲ
943 734 982 799 τά
999 738 1125 820 ἔχθιστα
1143 741 1295 824 σέβονται,
1321 737 1415 806 άνοια

165 821 275 895 ὄνειδος
286 824 408 904 ἔρχεται,
428 828 524 882 ποθεῖ
533 843 565 882 τε
577 822 678 903 νεκρᾶς
690 813 767 882 είκό-
802 813 860 901 γάρ
874 815 1010 902 συγκρινό
1061 845 1082 884 α
1095 825 1156 884 τών
1166 819 1267 887 ἀλλων
1278 825 1345 887 ἐστὶ
1353 830 1414 908 χεί-

164 929 214 980 νος
238 903 313 978 είδος
338 901 459 966 άπνουν.
497 902 623 966 6κακῶν
645 901 768 985 ἐρασταὶ
804 924 887 983 ρονα.
913 842 1109 966 19οιίδλὶὶύσυν
1125 903 1413 987 ἐπιποθῆσαιώςέν

165 986 244 1064 ἀξιοί
268 1010 299 1052 τε
323 980 468 1049 τοιούτων
492 982 635 1059 ἐλπίδων,
660 984 712 1049 καὶ
737 986 768 1047 οὶ
804 978 888 1058 ζώων
902 980 1061 1065 όφεικαλά
1076 981 1227 1069 τυγχάνει,
1251 991 1412 1069 ἐκπέφευγε

164 1071 289 1156 δρῶντες
301 1069 352 1132 καὶ
364 1071 396 1132 οῖ
406 1070 573 1141 ποθοῦντες
583 1065 673 1130 καλοὶ
683 1060 767 1152 σεβό-
804 1063 835 1130 δὲ
854 1069 905 1131 καὶ
922 1065 976 1130 τόν
994 1072 1050 1132 τοῦ
1061 1071 1138 1132 θεοῦ
1151 1070 1275 1136 ἔπαινον
1295 1073 1346 1136 καὶ
1359 1068 1412 1154 την

163 1178 252 1237 μενοι.
273 1152 344 1216 ’ίκαὶ
355 1145 415 1235 γάρ
428 1173 498 1233 κερα
533 1145 566 1224 ύς
578 1146 703 1231 ἁπαλὴν
714 1152 769 1232 γῆν
804 1145 943 1227 εὐλογίαν
958 1148 1061 1215 αὐτοῦ.

163 1237 279 1321 θλίβων
290 1238 455 1316 ἐπίμοχθον
467 1173 593 1297 πλάττει
604 1229 681 1317 πρὸς
691 1227 769 1336 ῦπη-
993 1237 1026 1296 K
1038 1238 1068 1296 Ε
1081 1238 1120 1297 Φ.
1163 1228 1218 1310 Ις’.

164 1314 266 1402 ρεσίαν
285 1314 362 1399 μῦν
375 1320 508 1389 ἕκαστον,
521 1310 584 1379 ἀλλ’
598 1317 631 1377 ἐκ
644 1317 700 1379 τοῦ
711 1339 769 1379 αυ-
804 1280 883 1379 Λιὶι
905 1319 996 1379 τοῦτο
1016 1314 1051 1379 δι’
1071 1313 1184 1399 ὁμοίων
1200 1311 1410 1419 ἐκολάσθησαν

163 1406 220 1467 τοῦ
245 1426 287 1483 πη
326 1401 343 1463 ῦ
371 1393 561 1463 ἀνεπλάσατο
586 1391 627 1461 τά
651 1422 684 1462 τε
708 1402 768 1462 ταῖν
805 1396 910 1473 ἀξίως,
941 1399 992 1462 καὶ
1012 1396 1062 1462 διά
1085 1395 1223 1481 πλήθους
1247 1401 1411 1465 κνωδαλων

164 1487 309 1567 καθαρῶν
330 1483 426 1567 ἔργων
445 1479 539 1544 δοῦλα
557 1475 658 1563 σκεύη,
680 1476 720 1544 τά
736 1504 768 1544 τε
806 1485 1055 1583 ἐβασανίσθησαν.
1090 1480 1188 1547 2ἀνθ’
1208 1475 1245 1565 ἧς
1262 1479 1410 1558 κολάσεως

164 1570 284 1631 ἐναντία
295 1559 387 1630 πάνθ’
399 1559 518 1644 ὁμοίως,
523 1557 641 1627 τούτων
652 1560 685 1627 δὲ
697 1563 767 1627 ἕκα-
805 1567 995 1648 ευεργίτησας
1007 1560 1060 1631 τὸν
1072 1560 1146 1629 λαόν
1158 1590 1227 1640 σου,
1250 1570 1290 1641 εἰς
1302 1569 1408 1631 ἐπιθυ-

163 1651 253 1732 τέρου
266 1651 310 1720 τίς
321 1640 447 1709 ἑκάστου
460 1646 539 1709 ἐστὶν
552 1641 570 1727 ἦ
581 1648 692 1729 χρῆσις,
704 1670 768 1729 κρι-
804 1653 875 1729 μίαν
899 1644 1021 1732 ὀρέξεως
1045 1647 1129 1731 ξένην
1151 1652 1262 1725 γεῦσιν,
1296 1647 1410 1733 τροφὴν

163 1730 215 1816 της
233 1725 251 1793 ό
268 1721 442 1813 πηλουργός.
482 1727 562 1791 8ιιαὶ
578 1723 768 1831 κακόμοχθος
808 1727 971 1813 ἡτοίμασας
989 1725 1222 1816 ἀρτυγομύτραν.
1248 1731 1324 1794 3ἵνα
1336 1734 1408 1793 έκεῖ-

163 1811 237 1879 θεόν
259 1808 387 1893 μάταιον
405 1813 438 1873 ἐκ
454 1813 510 1873 τοῦ
531 1807 626 1875 αὐτοῦ
643 1810 768 1876 πλασσει
807 1836 852 1878 νυι
869 1809 922 1895 μὲν
935 1815 1184 1894 ἐπιθυμοῦντεςτ
1248 1811 1255 1834 “
1290 1809 1339 1877 διά
1352 1809 1409 1897 την

163 1895 273 1980 πηλοῦ,
287 1892 320 1970 ὃς
332 1892 392 1978 πρὸ
405 1896 510 1976 μικροῦ
520 1894 551 1956 ἐκ
563 1899 616 1997 γης
623 1896 769 1977 γεννηθείς
806 1896 966 1979 είδέχθειαν
987 1901 1049 1960 των
1067 1899 1199 1962 ἐπαπεστ
1257 1897 1331 1959 ένων
1356 1897 1411 1960 καὶ

163 1977 222 2061 μετ’
241 1975 344 2053 ὀλίγον
365 1970 522 2058 πορεύεται
540 1978 571 2052 ἐξ
587 2001 622 2059 ης
639 1972 740 2101 ἐληφθ
759 2027 768 2052 ,
806 1978 859 2080 τὶρν
871 1976 1037 2055 ἀναγκαίαν
1045 1977 1139 2064 ὄρεξιν
1148 1979 1409 2064 ἀποστρέφωνται,

163 2060 201 2126 τό
215 2064 268 2144 της
280 2062 375 2143 ψυχῆς
386 2059 562 2142 ἀπαιτηθεὶς
573 2061 665 2145 χρέος.
701 2004 765 2124 ἀλλ’
807 2062 896 2126 αυτοὶ
912 2059 945 2126 δὲ
961 2059 1005 2126 ἐπ’
1027 2059 1130 2140 ὀλίγον
1147 2063 1249 2137 ἐνδεεῖς
1264 2056 1410 2142 γενόμενοι

55 2176 57 2181 ·
165 2146 245 2209 ἐστιν
268 2141 354 2224 αὐτῷ
375 2141 495 2227 φροντὶς
509 2138 573 2225 ,οὐχ
600 2136 648 2205 ότι
672 2141 768 2224 μέλλει
806 2145 857 2208 καὶ
875 2145 956 2227 ξένης
971 2139 1135 2229 μετάσχωσι
1152 2140 1286 2224 γεύσεως.
1324 2146 1410 2210 4ἐδει

163 2221 290 2308 κάμνειν,
302 2222 368 2290 οὐδ’
383 2220 430 2289 ότι
442 2223 607 2325 βραχυτελη
617 2229 684 2309 βίον
703 2228 768 2310 ἔχει,
806 2226 864 2310 γάρ
882 2229 998 2303 ἐκείνοις
1011 2226 1062 2311 μὶν
1081 2224 1289 2330 ἀπαραίτητον
1301 2227 1410 2293 ἐνδειαν

165 2307 228 2374 ἀλλ’
244 2308 433 2394 ἀπερείδεται
445 2330 497 2389 μεν
530 2318 705 2410 ρυσουργοῖς
717 2310 768 2373 καὶ
806 2308 943 2374 ἐπελθεῖν
956 2315 1147 2395 τυραννοῦσι,
1172 2335 1290 2385 τουτοις
1309 2306 1408 2393 δέμό-

165 2387 368 2479 ἀργυροχόοις,
389 2390 507 2475 χαλκοπ
547 2415 619 2469 στας
631 2417 663 2455 τε
674 2401 768 2474 μιμεῖ·
806 2417 856 2458 νον
880 2393 1028 2477 δειχθῆναι
1050 2398 1117 2469 πώς
1138 2399 1168 2459 οἶ
1186 2394 1292 2478 ἐχθροὶ
1309 2394 1410 2457 αύτών

165 2500 228 2551 ται,
254 2477 305 2540 καὶ
327 2473 417 2550 δόξαν
441 2470 554 2556 ἡγεῖται
580 2469 625 2538 ὅτι
643 2475 768 2560 κίβδηλα
806 2479 1020 2560 ἐβασανίζοντο.
1061 2478 1139 2542 6καὶ
1159 2477 1218 2562 γάρ
1239 2474 1289 2542 ὅτε
1307 2474 1409 2552 αὐτοῖς

163 2555 297 2625 πλάσοει.
335 2561 363 2601 ¹⁰
376 2557 490 2632 σποδὸς
508 2553 648 2640 ἢκαρδία
662 2555 768 2632 αὐτοῦ,
806 2555 896 2634 δεινός
908 2559 1021 2643 ἐπῆλθε
1032 2567 1149 2646 θηρίων
1160 2556 1266 2657 θυμόη,
1284 2556 1409 2643 δήγμασι

164 2644 215 2707 καὶ
238 2647 293 2727 γῆς
318 2640 504 2725 εῦτελεστέρα
523 2637 541 2723 ἡ
559 2640 641 2714 ἐλπίς
660 2637 767 2716 αὐτοῦ,
806 2667 838 2706 τε
863 2641 989 2707 σκολιῶν
1010 2644 1214 2729 διεφθείροντο
1231 2667 1345 2725 οφεων,
1371 2638 1407 2708 οῦ

134 2791 138 2798 ,
163 2725 260 2808 πηλοῦ
285 2749 316 2789 τε
342 2720 512 2807 ἀτιμότερος
537 2721 554 2786 ὃ
579 2725 643 2808 βίος
660 2720 766 2787 αὐτοῦ.
804 2727 887 2809 μέχρι
900 2725 1003 2801 τέλους
1017 2729 1125 2810 ἔμεινεν
1138 2723 1155 2808 ἢ
1168 2721 1241 2810 ἀργή
1256 2751 1321 2790 σου.
1342 2727 1410 2800 6εὶς

162 2811 187 2848 ¹¹
201 2804 247 2872 ὅτι
273 2801 392 2889 ἠγνόησε
413 2805 466 2870 τὸν
482 2800 643 2870 πλάσαντα
662 2803 766 2880 αὐτόν,
806 2815 962 2872 νουθεσίαν
980 2807 1013 2874 δὲ
1029 2807 1105 2894 πρὸς
1118 2807 1221 2887 ὀλίγον
1239 2804 1410 2892 ἐταράχθη-

162 2889 213 2952 καὶ
222 2884 485 2970 τόνέμπνεύσαντα
495 2885 579 2969 αὐτῷ
589 2885 684 2972 ψυχὴν
693 2892 766 2974 ἐνερ·
806 2913 870 2963 σαν,
884 2884 1051 2975 σύμβουλον
1063 2895 1172 2973 ἔχοντες
1185 2897 1347 2973 σωτηρίας,
1369 2897 1410 2966 είς

161 2976 284 3051 γοῦσαν,
297 2971 348 3034 καὶ
360 2965 571 3054 ἐμφυσησαντα
583 2975 697 3053 πνεῦμα
710 2973 764 3048 ζω-
805 2969 965 3055 ἀνάμνησιν
977 2972 1099 3054 ἐντολῆς
1111 2969 1204 3054 νόμου
1217 2997 1282 3036 σου.
1297 2970 1334 3034 7ὁ
1344 2972 1408 3056 γάρ

160 3049 251 3120 τικόν.
270 3056 299 3096 ¹²
310 3051 375 3118 ἀλλ’
390 3052 565 3130 ἐλογίσαντο
577 3059 714 3131 παίγνιον
726 3051 767 3118 εί·
804 3055 990 3139 ἐπιστραφεὶς
1015 3051 1051 3117 οὐ
1079 3053 1129 3118 διὰ
1146 3053 1182 3117 τὸ
1201 3047 1407 3135 θεωρούμενον

94 3147 95 3151 ’
162 3161 209 3201 ναι
223 3135 277 3220 τὴν
290 3132 366 3218 ζωὴν
378 3134 469 3217 ημῶν,
479 3134 589 3200 καὶτὸν
596 3140 662 3223 βίον
670 3161 765 3220 πανη-
803 3137 937 3214 ἐσώζετο,
949 3133 1029 3201 ἀλλά
1041 3135 1090 3199 διά
1103 3135 1136 3200 σὶ
1149 3134 1203 3199 τὸν
1211 3131 1331 3199 πάντων
1341 3159 1407 3199 σω

68 3285 72 3293 ,
161 3216 302 3304 γυρισμὸν
327 3218 471 3303 ἐπικερδη.
508 3218 568 3282 δεῖν
591 3216 649 3304 γάρ
675 3245 766 3305 φησιν
803 3224 888 3303 τηρα.
915 3220 993 3284 8καὶ
1006 3213 1147 3301 ἐντούτῳ
1160 3217 1192 3281 δὲ
1205 3219 1321 3290 ἔπεισας
1332 3217 1408 3294 τοὺς

161 3299 233 3367 ὅθεν
245 3300 282 3386 δη
295 3297 351 3384 κᾷν
363 3303 394 3364 ἐκ
408 3304 505 3365 κακοῦ
516 3304 654 3385 πορίζειν.
671 3305 699 3346 ²³
712 3294 765 3367 οῦ-
803 3299 929 3387 ἐχθρούς
946 3299 1041 3385 ἡμῶν,
1068 3299 1115 3366 ότι
1135 3299 1172 3367 σὺ
1189 3297 1216 3365 εὶ
1232 3296 1248 3363 ὁ
1265 3297 1409 3405 ῥυόμενος

161 3403 212 3462 ’τος
223 3385 282 3473 γάρ
291 3382 377 3471 παρά
389 3380 502 3460 πάντας
515 3383 593 3450 οίδεν
607 3381 654 3450 ότι
668 3383 766 3491 ἆμαρ·
804 3387 834 3449 ἐκ
848 3382 960 3460 παντὸς
971 3390 1074 3450 κακοῦ.
1094 3381 1174 3459 9οῦς
1186 3381 1237 3467 μὲν
1248 3409 1306 3466 γαρ
1320 3380 1407 3468 ἀκρί-

68 3511 72 3518 ·
161 3467 259 3547 τάνει,
274 3466 343 3551 ύλης
354 3463 481 3546 γεώδους
492 3467 663 3554 εύθραυστα
677 3494 765 3574 σκευη
803 3469 863 3534 δων
876 3472 928 3534 καὶ
935 3473 1027 3552 μυιῶν
1033 3467 1188 3547 ,ἀπέκτεινε
1194 3462 1342 3549 δήγματα,
1356 3470 1407 3531 καὶ

161 3556 212 3618 καὶ
223 3550 342 3632 γλυπτά
353 3553 545 3654 δημιουργῶν.
572 3551 602 3593 ¹¹
614 3552 721 3626 πάντες
734 3555 752 3617 δ
802 3550 856 3654 ρηάχ
876 3549 1071 3657 εύμεθηςίαμα
1084 3555 1216 3652 τῇηψυχη
1229 3548 1340 3621 αὐτῶν,
1359 3546 1405 3613 ὅτι

39 3692 55 3715 „
87 3691 90 3698 .
161 3631 765 3720 ἀφρονέστατοικαὶταλανεςῦπὲρψυχην
802 3638 882 3709 αξιοι
895 3661 971 3720 ησαν
981 3637 1041 3700 υπὸ
1051 3660 1198 3699 τοιουτων
1210 3633 1404 3709 κολασθῆναι.

75 3749 76 3752 “
160 3723 279 3799 νηπίου,
293 3721 324 3819 μὶ
333 3720 439 3802 ἐχθροὶ
451 3722 508 3782 τοῦ
517 3717 594 3781 λαοῦ
604 3741 660 3781 σου
670 3744 763 3783 κατα·
802 3718 915 3804 1ίλτούς
941 3717 973 3783 δὲ
998 3713 1079 3792 υὶούς
1104 3714 1252 3786 σου,οάδέ
1276 3713 1406 3799 ἰοβόλων

119 3827 122 3832 ·
153 3800 403 3874 ,δυναστευσαντες
409 3797 511 3865 αιἰτόν.
521 3794 597 3864 15ὅτι
604 3802 656 3865 καὶ
664 3797 764 3874 πάντα
802 3797 972 3883 δρακόντων
984 3805 1119 3885 ἐνίκησαν
1132 3797 1258 3873 ὀδόντες,
1273 3800 1314 3875 τὸῚ
1324 3797 1407 3872 ἔλεος
1425 3822 1442 3872 χ

161 3882 272 3946 εἴδωλα-
285 3885 453 3946 τῶνέθνών
472 3882 646 3960 ἐλογίσαντο
662 3882 773 3957 θεούς,Ι
801 3878 860 3966 γάρ
886 3910 942 3950 σου
972 3881 1193 3967 ἀντιπαρῆλθεν
1222 3883 1272 3946 καί
1297 3877 1406 3947 ἰάσατο

161 3966 204 4039 οἷς
221 3963 290 4028 ούτε
308 3960 448 4047 ἀμμάτων
489 3971 570 4050 ρησις
586 3969 625 4040 εἰς
649 3963 763 4051 ὅρασιν,
802 3965 920 4042 αὐτούς.
946 3971 971 4010 ¹¹
985 3972 1023 4041 εἰς
1035 3964 1093 4051 γάρ
1105 3960 1270 4048 ὑπόμνησιν
1281 3968 1344 4028 τιῦν
1354 3965 1407 4029 λα·

160 4046 229 4112 ούτε
253 4051 325 4131 ῥῖνες
350 4052 388 4122 εἷς
408 4072 478 4113 συνο
516 4046 550 4133 ὴν
566 4045 669 4132 ἀέρος,
695 4045 764 4112 ούτε
800 4052 873 4124 γίων
899 4075 954 4113 σου
979 4052 1221 4134 ἐνεκεντρίζοντο,
1246 4048 1297 4112 καὶ
1316 4046 1408 4122 ὀξέως

160 4121 225 4216 ώτοι
238 4126 362 4204 ἀκούειν,
375 4128 442 4194 ούτε
455 4127 597 4195 δάκτυλοι
609 4135 712 4217 χειρῶν
725 4134 764 4207 εὶς
801 4127 988 4207 διεσώζοντο,
1015 4137 1065 4196 ἵνα
1075 4129 1115 4217 μη
1130 4137 1169 4206 εὶς
1180 4135 1307 4219 βαθεῖαν
1319 4133 1406 4212 ἐμπε-

160 4209 343 4297 ψηλάφησιν,
357 4215 408 4278 καὶ
420 4217 450 4276 οὶ
460 4210 548 4288 πόδες
561 4212 661 4279 αὐτῶν
673 4211 764 4298 ἀργοὶ
801 4208 898 4288 σόντες
910 4210 1020 4299 λήθην,
1034 4214 1251 4298 ἀπερίσπαστοι
1261 4215 1406 4291 γένωνται

160 4296 235 4381 πρὸς
245 4300 387 4390 ἐπίβασιν.
397 4291 761 4382 16ἀνθρωποςγάρείτοίη·
801 4301 851 4379 τῆς
869 4301 921 4381 σῆς
934 4295 1116 4383 εὐεργεσίας,
1151 4297 1240 4362 12καὶ
1257 4294 1317 4381 γάρ
1335 4293 1406 4362 οὔτε

58 4459 59 4464 ¹
109 4447 112 4452 ,
151 4402 214 4446 ᾷσεν,
234 4377 358 4462 αὐτούς,
385 4377 490 4444 καὶτὸ
507 4379 770 4460 πνεῦμαδεδανει-
799 4382 912 4483 βοτάνη
921 4377 990 4455 οὔτε
992 4377 1141 4482 μάλαγμα
1150 4375 1433 4466 ἐθεράπευσεναά-’

57 4524 72 4532 .,
118 4513 121 4520 .
158 4467 269 4553 σμένοςι
282 4463 408 4538 ἔπλασεν
433 4459 557 4535 αὐτούς,
582 4458 678 4538 οὐδεὶς
701 4462 766 4550 γάρΙ
791 4461 880 4540 τοὺς,
894 4461 973 4527 αλλά
987 4488 1004 4526 ο
1020 4462 1072 4536 σὸς
1084 4458 1163 4547 κύριε
1176 4462 1268 4538 λόγος
1275 4458 1312 4608 gb
1306 4455 1407 4526 πάντα

215 4574 217 4577 ’
514 4585 517 4593 ·
1310 4567 1404 4628 μνον·
