2924 4972
212 234 242 281 μ
348 217 366 271 l
376 214 446 270 ΕΖ
455 215 484 271 Ε
494 215 527 272 K
540 216 561 271 1
571 215 608 273 H
616 215 649 271 A
691 206 830 309 Κεηνέζλ
847 204 899 290 ιη’.
913 211 962 274 17.
981 210 1031 312 λδ-
1250 218 1315 287 895

80 332 147 394 λκαί
160 325 283 392 ἀνέτειλε
296 327 346 388 καί
359 326 473 399 ε’γένετο
487 329 526 399 εἷς
539 322 672 406 άμπελον
711 320 889 411 βασιλεύσας
914 321 1023 400 αὐτὸν,
1049 322 1082 400 ὃς
1110 325 1236 410 ήτίμωσε
1261 324 1314 426 τήν

80 412 259 477 ἰσθενοῦσαν
276 410 326 473 καί
341 403 464 488 μικράν,
481 411 536 472 τοῦ
550 411 672 488 ἐπιφαί-
713 401 791 491 άράν
803 431 877 489 μου,
902 408 953 470 καὶ
966 402 1000 480 ὄς
1012 413 1127 494 παρέβη
1142 410 1196 494 τήν
1209 408 1316 496 διαθη-

81 490 280 574 ·εσθαιαύτήν
294 489 332 554 τά
351 489 487 573 κλήματα
511 487 602 573 αύτής
624 488 668 555 ἐπ’
712 512 764 571 κην
782 514 859 573 μου,
876 488 935 570 μετ’
954 488 1052 555 αὐτοῦ
1069 488 1194 576 ἐνμέσῳ
1208 496 1315 580 Βαβυ·

80 574 156 643 ιύτό.
183 576 233 637 καί
249 576 326 658 ῥίζαι
345 569 438 657 αὐτῆς
457 567 601 638 ὑποκάτω
614 569 672 639 αύ-
712 571 807 647 λῶνσς
821 570 987 655 τελευτήσει.
1014 575 1041 615 ¹⁷
1051 576 1101 638 καί
1113 572 1168 639 οὐκ
1181 579 1211 639 έν
1223 571 1315 641 δυνά·

80 665 122 742 τῆς
146 646 226 741 ήσαν.
259 657 310 720 καί
330 657 445 731 ἐγένετο
468 660 506 731 εἷς
527 654 671 740 άμπελον,
710 679 754 736 μει
766 651 878 748 μεγάλη
892 653 964 720 οὐδὲ
978 658 1010 719 έν
1030 655 1108 740 ὄχλῳ
1122 656 1225 739 πολλῷ
1245 684 1314 723 ποι-

80 743 120 806 ιαί
138 743 273 822 ἐποίησεν
290 733 466 822 ἆπῶρυγας,
492 740 543 803 καί
554 740 671 815 ἐξέτεινε
712 737 773 821 ήσει
791 735 867 821 πρὸς
884 735 978 803 αὐτὸν
993 739 1110 824 Φαραὼ
1122 736 1265 824 πόλεμον,
1284 747 1314 807 έν

80 820 121 908 τήν
133 817 337 906 ἀναδενδράδα
350 821 448 905 αύτής.
475 823 543 886 7καὶ
555 824 670 899 ἐγένετο
709 821 914 908 χαρακοβολίρ
934 822 985 885 καί
1018 825 1048 886 ἐν
1071 823 1216 906 οἰκοδομῇ
1227 822 1313 908 βελο·

80 904 157 978 λετὸς
170 909 268 990 ἕτερος
283 907 389 985 μέγας,
405 904 670 989 μεγαλοπτέρυγος,
710 901 851 979 στάσεων,
864 908 919 970 τοῦ
932 906 1034 990 έξιῐραι
1047 902 1150 990 ψυχάς.
1176 890 1205 950 ¹¹
1217 907 1267 970 καί
1280 904 1314 990 ή-

80 985 165 1062 τολύς
178 984 266 1064 ὄνυξι.
292 989 343 1051 καί
356 985 422 1052 ἰδού
437 983 454 1070 ή
468 984 600 1071 άμπελος
615 983 670 1052 αύ-
711 993 832 1069 τίμωοεν
853 983 1042 1073 ὁρκωμοσίαν
1061 994 1117 1055 τοῦ
1140 993 1315 1094 παραβήναι

80 1098 104 1153 τη
125 1070 373 1155 περιπεπλεγμένη
390 1070 466 1177 πρὸς
484 1069 595 1147 αὐτὸν,
621 1073 671 1136 καί
710 1065 867 1154 διαθήκην.
892 1073 944 1134 καί
962 1070 1026 1137 λδού
1041 1072 1156 1138 δέδωκα
1168 1096 1221 1156 την
1233 1084 1315 1157 χεῖρα

80 1158 146 1232 λίζαι
159 1150 251 1236 αὐτῆς
263 1180 287 1217 π
308 1150 340 1227 ὸς
353 1151 459 1228 αὐτον,
484 1157 534 1219 καὶ
548 1152 586 1218 τά
599 1149 671 1236 κλή·
711 1151 816 1227 αὐτοῦ,
829 1153 881 1216 καί
891 1149 991 1218 πάντα
1003 1160 1101 1220 ταῦτα
1110 1158 1246 1240 ἐποίησεν
1258 1155 1313 1221 αὐ-

80 1262 149 1304 ιατα
168 1233 260 1339 αύτής
278 1179 479 1312 ελαπέστειλεν
492 1235 586 1320 αύτῷ,
614 1241 670 1301 τοῦ
710 1241 764 1319 τῶ,
784 1235 824 1320 μή
844 1233 1021 1321 σωθήσεται.
1048 1238 1139 1304 19διά
1158 1243 1249 1305 τοῦτο
1275 1244 1312 1304 είΑ

80 1325 191 1386 τοτίσαι
206 1319 300 1404 αυτήν
320 1317 374 1384 σύν
391 1325 434 1403 τῶ
452 1315 536 1407 βόλῳ
549 1325 600 1424 τής
613 1345 672 1402 φυ-
709 1315 779 1385 πόν.
804 1317 874 1384 τάδε
891 1319 968 1398 λέγει
990 1319 1098 1406 κύριος.
1124 1323 1165 1399 ζῶ
1183 1319 1251 1400 έγῶ,
1265 1321 1315 1389 ἐάν

80 1409 146 1478 τείας
167 1400 268 1485 αύτής.
295 1403 361 1477 8εἷς
384 1403 486 1469 πεδίον
507 1401 601 1468 καλον
624 1402 667 1483 ἐφ’
708 1400 748 1487 μή
768 1399 821 1506 τήν
840 1398 1028 1506 ὁρκωμοσίαν
1044 1430 1104 1488 μου
1125 1402 1161 1489 ήν
1175 1402 1313 1490 ήτίμωσε,

80 1484 156 1552 ν’δατι
180 1484 290 1567 πολλῶ
314 1482 391 1569 αότη
416 1491 578 1561 πιαίνεται,
615 1490 670 1549 τοῦ
709 1487 760 1550 καί
772 1509 824 1568 την
836 1487 982 1570 διαθήκην
992 1515 1050 1571 μου
1065 1484 1101 1571 ἣν
1113 1491 1241 1576 παρέβη,
1264 1491 1314 1554 καὶ

80 1581 160 1634 ιοιείν
183 1564 334 1653 βλαστούς
353 1571 404 1633 καί
426 1573 522 1654 φέρειν
543 1568 671 1655 καρπὸν,
710 1563 798 1633 δώσω
812 1566 905 1651 αὐτήν
917 1575 955 1646 είς
967 1570 1096 1655 κεφαλήν
1109 1569 1315 1636 αύτοῦ.2οκαί

80 1657 123 1718 οὗ
136 1649 209 1716 εἶναι
228 1655 266 1725 είς
283 1649 415 1732 άμπελον
433 1651 571 1754 μεγάλην.
601 1650 670 1718 9διά
710 1647 865 1717 ε’κπετάσω
878 1651 922 1718 ἐπ’
944 1651 1039 1719 αὐτὸν
1054 1652 1088 1719 τό
1103 1656 1238 1729 δίκτυον,
1263 1655 1314 1719 καί

80 1740 160 1801 ὀῦτο
187 1730 278 1800 εἰπόν.
308 1731 378 1800 τάδε
403 1734 482 1814 λέγει
508 1760 617 1820 κυριος.
647 1740 671 1800 εί
709 1729 856 1800 άλῶσεται
869 1739 900 1800 έν
914 1741 949 1822 τῇ
963 1741 1085 1824 περιοχή
1097 1736 1203 1803 αὐτοῦ.
1244 1739 1315 1803 11έν

80 1827 250 1894 ιατευθονεῖ,
275 1816 340 1903 οὐχί
354 1823 387 1884 αἱ
398 1822 474 1905 ῥίζαι
486 1824 537 1904 τῆς
550 1813 671 1886 ἆπαλό-
709 1812 792 1904 πάση
814 1821 977 1902 παρατάξει
998 1808 1097 1886 αύτόιῑ
1122 1823 1153 1884 έν
1178 1823 1313 1905 ῥομφαίᾳ

80 1929 155 1987 ητος
168 1899 258 1987 αὐτῆς
271 1905 322 1967 καί
334 1899 351 1967 ὁ
362 1903 477 2008 καρπὸς
490 1901 669 1987 σαπήυεται,Ι
708 1905 878 1966 πεσοῦνται.
911 1907 962 1968 καί
974 1900 1046 1979 τοὺς
1058 1903 1262 1979 καταλοίπους
1274 1907 1314 1977 εἰς

80 1988 118 2051 ιαί
131 1980 350 2088 ξηρανθήσεται
362 2013 465 2054 παντα
479 1985 517 2053 τά
531 2011 670 2071 προανα-
709 1982 808 2049 πάντα
821 1982 927 2067 ὄνεμον
938 1987 1099 2071 διασπερῶ,
1123 1987 1176 2051 καί
1188 1984 1312 2065 ἐπιγνῶ-

80 2069 211 2134 ’έλλοντα
228 2074 334 2151 αυτής,
353 2074 404 2136 καί
420 2069 475 2137 ούκ
490 2075 521 2137 έν
536 2075 670 2157 βραχίονι
709 2078 797 2133 σεσθε
809 2067 886 2133 διότι
897 2066 1229 2176 ἰγῶκύριοςλελάληκα.
1239 2069 1313 2134 22δι·

80 2146 198 2232 ιεγάλῳ,
217 2149 287 2215 οὐδὲ
301 2157 333 2216 έν
350 2151 417 2235 λαῷ
433 2153 539 2237 πολλῶ
554 2158 609 2220 τοῦ
621 2157 670 2218 ἐκ·
709 2144 757 2214 ότι
780 2148 851 2216 τάδε
872 2151 947 2229 λέγει
970 2179 1081 2238 κυριος.
1108 2155 1159 2218 καί
1177 2149 1312 2239 λήψομαι

80 2238 184 2298 ιπᾶσαι
197 2230 292 2315 αὐτήν
304 2235 336 2296 ἐκ
349 2236 437 2320 ῥιζῶν
450 2234 552 2319 αὐτῆς.
578 2239 606 2279 ¹⁰
619 2237 671 2300 καί
709 2231 768 2311 ἐγώ
787 2237 820 2297 ἐκ
840 2238 900 2297 τῶν
917 2236 1059 2301 ἐκλεκτῶν
1083 2240 1134 2320 τῆς
1152 2237 1257 2322 κέδρου
1279 2240 1311 2300 ἐκ

80 2312 132 2382 δού
151 2318 305 2381 πιαίνεται.
331 2314 372 2400 μή
390 2327 582 2395 κατευθυνεϊς
604 2316 670 2422 ούηὶ
707 2319 854 2399 κορυφῆς,
892 2317 1016 2418 καρδίας
1041 2315 1142 2382 αὐτῶν
1167 2315 1312 2393 άποκνιῶ,

80 2397 130 2484 ι’μα
150 2403 192 2481 τῷ
210 2392 350 2479 ὄψεσθαι
372 2397 464 2484 αὐτῆς
484 2397 590 2482 άνεμον
616 2425 670 2465 τον
707 2399 985 2479 καίνιαταηυτευσω
1003 2397 1062 2479 ε’γῶ
1081 2396 1125 2464 ἐπ’
1143 2396 1216 2487 ὄρος
1230 2398 1310 2486 ύψη-

80 2478 206 2549 ιαύσωνυι
224 2477 459 2564 ξηρανθήσεται,·
481 2478 540 2547 σὺν
559 2480 670 2568 τῷβό-
707 2479 770 2582 λὸη
781 2481 811 2521 ²³
824 2482 876 2546 καί
889 2478 1025 2565 κρεμάυω
1039 2480 1133 2549 αὐτὸν
1145 2487 1176 2550 ἓν
1190 2482 1250 2570 ὄρει
1262 2509 1311 2566 με-

80 2592 110 2650 ,ιρ
141 2565 287 2647 ἀνατολῆς
318 2563 408 2650 αὐτῆς
438 2562 668 2649 ξηρανθήσεται.
708 2561 1310 2651 τεωρῳ’1σραήλ,καίκαταφυτεύσω,καί

81 2652 155 2714 ικαλ
172 2651 285 2725 ἐγένετο
304 2642 394 2726 λόγος
413 2654 516 2734 κυρίου
534 2649 611 2736 πρὸς
621 2647 668 2732 μέ,
707 2649 807 2726 ἐξοίσει
818 2646 961 2735 βλαστὸν,
988 2651 1039 2715 καί
1057 2645 1169 2735 ποιήσει
1182 2650 1310 2735 καρπὸν,
1336 2656 1338 2658 ’

80 2735 170 2809 ,έγων
210 2733 237 2773 ¹²
252 2731 295 2795 υἷέ
319 2728 501 2817 άνθρῶπου,
527 2732 610 2798 εἰπὸν
631 2730 667 2818 δή
706 2732 757 2796 καί
769 2733 853 2796 ἔσται
867 2735 904 2806 εἰς
913 2733 1016 2819 κέδρον
1024 2730 1160 2817 μεγάλην.
1174 2737 1225 2799 καὶ
1237 2732 1310 2799 ἀνα-

80 2815 143 2897 ιρὸς
156 2811 209 2879 τὸν
222 2812 306 2879 οἶκον
319 2813 371 2880 τὸν
379 2822 667 2901 παραπικραίνοντα.
705 2809 852 2880 παύσεται
861 2811 1009 2882 ὑποκάτω
1019 2815 1116 2883 αὐτοῦ
1125 2821 1186 2883 πᾶν
1199 2815 1310 2904 ὄρνεον,

80 2894 122 2964 ιύκ
142 2901 308 2962 ἐπίστασθε
327 2904 357 2963 τί
378 2887 415 2983 ήν
432 2903 547 2978 ταῦτας
574 2894 667 2966 εἶπόν.
706 2898 757 2965 καὶ
769 2901 830 2963 πᾶν
848 2898 978 2964 πετεινδν
998 2895 1057 2967 ὑπὸ
1077 2900 1131 2985 τήν
1149 2899 1236 2967 σκιάν
1255 2898 1309 2965 αἰ·-

80 2979 139 3049 ἷταν
157 2980 239 3062 ἔλθη
257 2980 394 3067 βασιλεὺς
415 2982 601 3070 Βαβυλῶνος
618 2984 669 3051 ἐπὶ
706 2984 761 3045 τοῦ
774 2978 987 3049 ἀναπαύσεται.
1014 2982 1054 3049 τά
1063 2980 1201 3068 κλήματα
1214 2983 1309 3051 αὐτοῦ

80 3053 258 3153 ίερουσαλήμ
271 3067 322 3131 καί
334 3060 461 3151 λήψεται
474 3064 668 3153 τὸνβασιλέα
706 3062 1042 3151 άπακατασταθήσεται,
1068 3065 1099 3109 ²⁴
1113 3069 1164 3133 καί
1175 3062 1308 3147 γνῶσον·

80 3151 159 3236 ιύτής
171 3151 222 3214 καί
235 3147 307 3224 τούς
321 3147 466 3255 άρηοντας
483 3148 592 3236 αύτής,
617 3152 669 3217 καί
706 3174 754 3214 ται
768 3145 867 3214 πάντα
881 3151 920 3214 τὰ
932 3145 1006 3227 ξύλα
1019 3154 1074 3217 τοῦ
1086 3152 1206 3227 πεδίου,
1231 3147 1309 3217 διότι

80 3235 120 3319 ἷξη
134 3230 243 3309 αὐτοὺς
255 3230 330 3316 πρὸς
344 3230 452 3310 αυτούς
465 3238 504 3310 είς
515 3234 667 3322 Βαβυλῶ
705 3227 764 3312 ε’γῶ
778 3228 879 3319 κύριος
892 3230 909 3299 ὃ
923 3238 1066 3301 ταπεινῶν
1078 3230 1167 3310 ξύλον
1181 3232 1199 3300 ύ
1220 3233 1307 3319 ιηλὸν,

81 3308 111 3386 αλ
137 3320 164 3361 ¹³
178 3320 229 3383 καὶ
241 3312 369 3402 λήψεται
383 3323 415 3384 ἐκ
429 3322 484 3383 τοῦ
497 3321 669 3404 σπέρματος
705 3317 756 3381 καλ
770 3312 858 3400 ὑψῶν
871 3313 961 3393 ξύλον
974 3317 1126 3396 ταπεινὸν,
1140 3255 1220 3392 nal}
1240 3325 1307 3398 ραί-

80 3408 116 3506 ής
137 3402 302 3488 βασιλείας,
327 3405 379 3467 καὶ
400 3398 578 3483 διαθήσεται
593 3401 669 3487 πρὸς
705 3423 763 3464 νων
783 3399 873 3475 ξύλον
893 3397 1029 3502 χλωρὸν,
1052 3400 1104 3463 καί
1123 3346 1307 3464 ἀναθάλλων

79 3484 158 3552 ιυτὸν
172 3482 330 3583 διαθήκην,
355 3487 406 3548 καί
418 3481 519 3558 είςάξει
532 3483 625 3551 αὐτὸν
637 3488 669 3548 έν
704 3479 793 3559 ξύλον
805 3478 903 3567 ξηρόν.
914 3484 973 3557 ἐγω
987 3477 1085 3566 κύριος
1098 3478 1244 3566 λελάληκα
1256 3484 1306 3546 καί

80 3571 137 3653 ἱερή,
150 3566 201 3628 καί
214 3589 285 3637 τους
295 3562 436 3646 ήγεμὸνας
446 3569 497 3646 τῆς
505 3569 559 3646 γῆς
570 3563 668 3651 λήψε-
703 3558 827 3643 ποιήσω.

80 3677 126 3726 ἀι,
151 3645 179 3688 ¹⁴
194 3650 246 3712 τοῦ
259 3648 398 3723 γενέσθαι
416 3652 454 3720 είς
466 3648 618 3733 βασιλείαν
629 3645 667 3713 ά·
881 3652 954 3712 ΚΕ
969 3652 1007 3712 (ί).
1052 3643 1127 3717 ΙΗ’.

80 3737 165 3817 θενή,
190 3727 226 3795 τὸ
252 3725 389 3794 καθόλου
411 3729 449 3814 μή
478 3728 668 3816 ἐπαίρεσθαι,
704 3694 789 3793 Καὶ
807 3731 920 3807 ἐγένετο
938 3725 1026 3808 λόγος
1043 3738 1149 3817 κυρίου
1167 3727 1243 3839 πρὸς
1260 3732 1305 3816 μὲ,

80 3821 121 3884 οὔ
143 3810 300 3896 φυλάσσειν
321 3811 374 3895 τήν
389 3812 537 3897 διαθήκην
560 3812 668 3891 αὐτοῦ,
703 3813 805 3889 λέγων.
831 3812 904 3878 2υἱὲ
929 3811 1112 3901 άνθράπου,
1138 3821 1169 3881 τί
1192 3827 1259 3900 υμῖν
1286 3814 1304 3903 ή

80 3903 116 3967 αλ
136 3893 264 3965 ίστάνειν
287 3891 391 3980 αὐτήν.
418 3896 510 3962 15καί
531 3894 668 3983 ἆποστή-
702 3893 862 3984 παραβολή
877 3891 953 3981 αύτη
966 3901 997 3962 ἐν
1010 3908 1074 3974 τοῖς
1087 3902 1160 3976 υίσῖς
1172 3896 1304 3987 Ἰσραήλ,

80 3984 143 4051 εται
161 3979 212 4048 ἀπ’
236 3978 342 4056 αὐτοῦ,
368 3984 425 4047 τοῦ
441 3979 668 4055 ἐξαποστέλλειν
702 3980 845 4057 λέγοντες,
861 3982 892 4045 οἱ
903 3985 1029 4066 πατέρες
1047 3985 1160 4065 ἔφαγον
1171 3981 1303 4067 ὄμφακα,

80 4067 210 4147 ἰγγελους
227 4068 337 4131 ἑαυτοῦ
355 4069 394 4140 είς
412 4064 586 4142 Αἴγυπτον,
611 4068 668 4132 τοῦ
701 4065 751 4130 καί
764 4067 796 4128 οἱ
811 4058 930 4141 ὀδόντες
949 4069 1010 4132 τῶν
1029 4068 1141 4134 τέκνων
1158 4071 1303 4172 ίγομᾳ-ία·

80 4152 167 4218 ὀὖναι
180 4148 265 4232 αὐτῷ
279 4154 391 4224 ἰ’ππους
408 4150 460 4214 καί
473 4143 547 4214 λαὸν
559 4144 665 4215 πολύν.
701 4171 767 4213 σαν.
793 4149 808 4190 ³
821 4149 861 4225 ζῶ
874 4144 948 4225 ἐγῶ,
974 4148 1050 4227 λέγει
1064 4146 1175 4238 κύριος,
1188 4154 1240 4219 τάν
1251 4153 1302 4229 γέ-

80 4239 278 4308 λκατευθυνεΐ,
290 4238 314 4298 εί
326 4227 549 4316 διασωθήσεται
563 4228 581 4296 ό
595 4257 666 4297 ποι-
700 4255 784 4314 νηται
798 4234 842 4297 ἔτι
861 4229 999 4316 λεγομένη
1013 4230 1031 4319 ή
1050 4234 1210 4323 παραβολή
1224 4231 1302 4318 αότη

80 4321 106 4384 ίν
118 4318 238 4384 ἐναντία
245 4341 258 4391 ,·
284 4319 333 4380 καί
347 4319 543 4403 παραβαίνων
555 4309 665 4400 διαθή-
699 4317 730 4379 έν
742 4318 785 4398 τῷ
795 4311 929 4401 Ἰσραήλ.
960 4315 977 4359 ⁴
990 4313 1037 4382 ότι
1049 4320 1147 4384 πᾶσαι
1160 4321 1195 4383 αλ
1207 4319 1302 4402 ψυχαί

80 4426 114 4484 ην
127 4404 151 4465 εί
163 4395 398 4497 διασωθήσεται,·
418 4401 446 4444 ¹⁶
452 4402 494 4478 ζῶ
507 4396 576 4475 ἕγῶ,
590 4398 664 4476 λέγει
699 4399 767 4478 έμαί
776 4402 859 4473 εἰσιν,
873 4396 908 4466 ὄν
921 4396 1036 4508 τρόπον
1049 4397 1067 4482 ή
1081 4398 1160 4483 ψυχή
1175 4403 1230 4466 τοῦ
1240 4428 1300 4466 πα-

80 4483 176 4571 ύριος,
200 4481 252 4550 έᾶν
262 4509 303 4566 Ιειη
317 4485 348 4547 ἐν
362 4480 449 4568 τόπῳ
463 4479 480 4550 ὁ
492 4479 631 4569 βασιλεύς
645 4478 662 4547 ὅ
700 4478 777 4568 τρός,
789 4478 885 4558 οὕτως
901 4510 951 4548 και
964 4480 982 4567 ή
1001 4481 1081 4567 ψυχή
1096 4486 1150 4549 τοῦ
1164 4486 1245 4559 υἱοῦ,
1270 4487 1297 4550 έ·

1248 4594 1297 4638 μα’
