2924 4972
186 247 269 312 1010
331 232 705 301 ΜΑΚΚΑΒΑιΩΝ
726 230 987 294 ΔΕΥΤΕΡΟΣ
1026 228 1103 304 Κεφ.
1117 218 1218 288 ιλιι.
1233 219 1288 289 14.
1305 226 1360 292 15.

185 381 237 431 τος
262 345 339 439 ήλθε
363 346 558 433 κατάμέοον
582 348 636 414 τόν
660 355 794 415 κενεῶνα.
828 346 950 425 ἀγῶνας
963 338 1104 433 οῦςήσαν
1115 345 1342 426 ἐκτετελειιότες,
1369 380 1433 437 προ

185 440 219 483 ⁴⁵
232 441 277 502 ἔτι
289 435 322 503 δὲ
336 439 466 517 ἔμπνους
480 430 623 519 ὑπάρχων
635 435 687 498 καί
699 457 793 498 πεπυ-
828 435 1014 517 θυμοτέρους
1027 430 1138 506 αύτούς
1152 436 1331 516 κατέστησε.
1360 438 1437 502 ’θκοί

187 517 317 607 ρωμίνος
330 529 395 593 τοῖς
413 527 537 600 θυμοῖς,
566 513 731 593 ἐξαναστάς
744 540 794 596 qt·
827 526 890 589 τοῖς
903 525 1015 595 θυμοῖς
1027 515 1169 600 διεγείρας
1180 513 1309 593 αὐτοῦς,
1324 516 1435 604 παρήγ·

188 602 323 754 ρομένων
336 599 497 706 κρουνηδδν
509 604 570 664 τῶν
583 595 733 681 αῖμάτων,
746 600 796 662 καί
826 598 919 674 γειλεν
937 598 1001 699 ᾅμα
1016 595 1239 682 παρεπιδεικνύς
1257 601 1398 702 τὴντῶν
1414 606 1436 667 ὲ

209 716 225 752 υ

227 689 335 771 ςχερῶν
347 709 442 750 οντων
456 687 516 747 τῶν
527 678 796 768 τραυμάτων,δρό-
827 683 909 745 θνῶν
935 686 1065 746 ἀθεσίαν
1090 684 1141 745 καί
1166 680 1222 764 τήν
1247 687 1316 749 τῶν
1345 684 1437 772 όριιωι

188 798 237 855 μῳ
262 765 335 843 τοῦς
360 765 465 851 ὄχλους
490 763 634 839 διελθὼν,
647 769 698 830 καὶ
723 763 795 839 στὰς
827 760 1011 849 παράβασιν.
1025 767 1183 828 11ίιίιαστον
1195 765 1230 829 δὲ
1242 764 1351 832 αὐτῶν
1363 781 1438 834 καθ-

190 859 242 919 ίπί
286 876 364 925 τινος
407 848 521 933 πέτρας
567 844 795 933 ἀπορῥωγάδος,
828 848 956 920 οπλίσας
983 845 1020 912 οῦ
1044 845 1099 930 τήν
1111 846 1249 914 ἀσπίδων
1261 852 1316 915 καί
1328 852 1439 935 λογχῶν

188 935 388 1007 Μπαντελῶς
412 934 536 1012 ἔξαιμος
561 932 615 1016 ήδη
636 927 796 1013 γενόμενος,
829 925 1004 1009 ἀσφάλειαν,
1030 929 1072 1004 ὡς
1092 926 1147 1015 τήν
1169 934 1200 996 ἐν
1220 945 1284 1007 τοῖς
1306 934 1440 1010 ἀγαθοῖς

189 1016 352 1104 προβαλὼν
370 1011 410 1080 τά
422 1019 484 1080 ε”ντε
505 1041 525 1078 α
542 1017 593 1078 καί
612 1012 713 1102 λαβὼν
726 1016 797 1078 έκα·
828 1009 929 1091 λόγοις
940 1008 1138 1098 παράκλησιν,
1156 1016 1208 1079 καί
1219 1017 1440 1101 προςεξηγηοά-

189 1102 291 1208 τέραις
302 1109 370 1172 ταῖς
380 1042 607 1182 χερσίνβνέοεισε
616 1111 678 1172 τοῖς
688 1095 795 1180 ὄχλοις.
828 1120 912 1178 μενος
918 1095 1032 1180 ὄνειρον
1040 1094 1215 1173 ἀξιόπιστον
1221 1095 1307 1184 ῦπαρ
1320 1127 1349 1165 τι
1361 1096 1438 1165 πάν·

189 1211 241 1249 και
266 1182 511 1263 ἐπικαλεσάμενος
535 1179 589 1245 τὸν
615 1179 797 1256 δεσπόζοντα
829 1204 884 1254 τας
897 1178 1049 1282 εύφρανεν.
1075 1174 1143 1264 12ήν
1156 1180 1187 1245 δὲ
1201 1179 1220 1265 ή
1236 1180 1352 1248 τούτου
1363 1194 1439 1248 θεω-

188 1273 243 1368 της
264 1269 340 1348 ζωής
362 1265 414 1329 καί
436 1270 490 1329 τοῦ
512 1261 680 1348 πνεύματος
699 1269 798 1328 ταῦτα
829 1267 880 1347 ρία
892 1264 1003 1327 τοιάδε.
1025 1261 1129 1329 Ὀνίαν
1147 1262 1202 1329 τόν
1214 1261 1373 1348 γενόμενον
1388 1267 1439 1348 ἀρ-

191 1354 276 1433 αυτῷ
301 1344 392 1413 πάλιν
416 1348 598 1427 ἀποδοῦναι,
633 1342 718 1412 τόνδε
743 1346 798 1412 τόν
829 1353 924 1430 χιερέα
937 1344 1032 1429 ἄνδρα
1045 1346 1200 1413 καλόνκαὶ
1213 1346 1440 1433 ἀγαθὸν,αἶδή-

191 1429 306 1514 τρόπον
316 1428 504 1518 μετήλλαξεν.
831 1438 907 1512 μόνα
919 1429 972 1513 μὲν
984 1428 1038 1513 τήν
1050 1427 1226 1514 ἀπάντησιν,
1232 1436 1337 1516 πρᾷον
1351 1434 1383 1498 δὲ
1391 1433 1441 1496 τὸν

217 1521 230 1550 ‘
390 1520 464 1578 ΚΕ
476 1519 514 1578 Φ.
549 1510 617 1579 ΙΕ’.
831 1509 955 1595 τρόπον,
980 1514 1031 1577 καὶ
1051 1511 1157 1578 λαλιάν
1175 1519 1356 1599 προϊέμενον
1373 1541 1441 1600 πρε·

193 1565 243 1666 O
255 1595 287 1662 δέ
303 1593 445 1678 Νικάνωρ
458 1594 633 1683 μεταλαβών
646 1593 719 1671 τούς
731 1597 799 1682 περί
831 1593 960 1675 πάντως,
973 1601 1024 1661 καί
1035 1600 1067 1660 ἐκ
1077 1597 1184 1671 παιδὸς
1194 1597 1440 1683 ἐκμιμελετηκότα

189 1680 243 1746 τόν
258 1675 378 1745 Ἰούδαν
398 1680 488 1756 ὄντας
505 1683 538 1745 ἐν
554 1692 617 1755 τοῖς
635 1677 714 1745 κατὰ
731 1686 799 1744 Σα-
831 1678 933 1744 πάντα
945 1677 984 1743 τό
1003 1684 1058 1762 τής
1076 1679 1181 1765 ἀρετής
1199 1691 1304 1758 οἰκεῖα,
1330 1689 1441 1747 τοῦτον

192 1763 312 1850 μάρειαν
329 1761 451 1839 τόποις,
477 1764 676 1850 ἐβουλεύσατο
696 1768 733 1856 τῇ
745 1768 800 1867 τής
831 1759 885 1836 τάς
909 1774 1006 1847 χεῖρας
1017 1770 1215 1845 προτείναντα
1241 1761 1440 1849 κατεύχεσθαι

191 1848 407 1922 καταπαύσεως
431 1843 526 1933 ήμέρηι
548 1843 622 1929 μετά
643 1844 740 1930 πάσης
761 1873 799 1910 α-
832 1850 877 1928 τῷ
894 1848 987 1910 παντί
1007 1851 1071 1910 τῶν
1090 1845 1243 1912 Ἰουδαίων
1260 1847 1436 1930 συστήματι.

192 1931 335 2010 οφαλείας
352 1929 456 2005 αὐτοῖς
473 1930 628 2015 ἐπιβαλεῖν.
668 1927 799 1993 2τῶνδὲ
833 1927 931 1993 13εἶθ’
955 1924 1053 2004 οῦτως
1069 1933 1243 2011 ἐπιφανῆναι
1260 1928 1358 2009 ἀνδρα
1375 1953 1439 1991 πο-

192 2013 256 2076 κατ’
297 2007 431 2094 ἀνάγκην
469 2007 677 2093 συνεπομένων
714 2010 800 2095 αὐτῷ
832 2011 883 2094 λιᾷ
897 2009 1229 2106 καίδόξηδιαφίροντα,
1250 2009 1439 2094 θαυμαστήν

189 2093 345 2159 Ἰουδαίων
362 2089 519 2168 λεγόντων,
544 2096 686 2177 μηδαμῶς
702 2093 800 2168 οὕτως
833 2096 868 2159 δέ
879 2118 947 2160 τινα
965 2101 1017 2160 καί
1033 2093 1351 2180 μεγαλοπρεπεστάτην
1367 2093 1441 2158 εἶναι

193 2177 304 2263 ἀγρίως
316 2176 368 2241 καὶ
384 2171 544 2263 βαρβάρως
559 2175 722 2260 ἀπολέσης,
747 2177 800 2242 δύ-
834 2175 889 2261 τήν
901 2181 969 2262 περὶ
980 2177 1075 2243 αῦτδν
1087 2173 1241 2264 ὑπεροχήν.
1267 2178 1298 2221 ¹⁴
1311 2176 1440 2262 ἀποκρι-

193 2264 249 2337 ξαν
262 2258 296 2324 δὲ
308 2257 489 2345 ἀπομέριοον
506 2265 545 2351 τῇ
563 2250 801 2364 προτετίμημένη
833 2262 928 2326 θέντα
944 2260 978 2327 δὲ
994 2257 1047 2326 τόν
1060 2261 1162 2327 Ὀνίαν
1180 2267 1278 2327 εἰπεῖν.
1312 2259 1331 2325 ὁ
1352 2257 1441 2342 φιλά-

193 2342 255 2409 ύπὸ
269 2347 325 2408 τοῦ
338 2340 440 2408 πάντα
452 2345 623 2425 ίφορῶντος
633 2354 694 2426 μεθ
716 2370 801 2421 αγιο-
834 2343 944 2425 δελφος
961 2336 1053 2421 οὗτός
1067 2348 1145 2411 ἐστιν
1163 2342 1181 2409 ὁ
1197 2342 1299 2409 πολλά
1318 2370 1441 2429 προςευ·

192 2451 282 2509 τητος
298 2421 403 2510 ήμέρᾳ.
429 2424 463 2490 3ὁ
476 2425 508 2491 δὲ
522 2425 735 2511 τριςαλιτήρως
747 2432 801 2493 ἐπ·
833 2426 954 2511 χόμενος
971 2431 1107 2513 περὶτοῦ
1125 2428 1204 2492 λαοῦ
1221 2430 1272 2491 καί
1284 2433 1338 2511 τῆς
1355 2426 1441 2505 ἀγίας

193 2505 363 2611 ηρῶτηοεν,
397 2511 515 2574 εἶδ’στιν
532 2513 562 2574 ἐν
577 2509 697 2592 οὐρανῷ
711 2509 802 2576 δυνά·
833 2509 950 2586 πόλεως
962 2509 1103 2597 Ἱερεμίας
1121 2507 1138 2575 ὁ
1156 2515 1210 2575 τοῦ
1227 2514 1302 2574 θεοῦ
1321 2508 1441 2594 προφή·

195 2617 265 2675 στης
276 2591 508 2678 οπροςτεταχώς
514 2592 715 2675 άγειντήντῶν
727 2599 801 2681 σαβ-
833 2619 894 2677 της.
926 2599 953 2638 ¹⁵
966 2601 1163 2679 προτείνοντα
1180 2591 1213 2657 δὲ
1231 2591 1282 2656 τὸν
1296 2588 1441 2676 Ἱερεμίαν

193 2671 296 2763 βάτων
309 2674 430 2760 ήμέρανς
456 2677 473 2718 ⁴
487 2680 548 2740 τῶν
561 2673 592 2740 δὲ
606 2675 802 2761 ἀποφηναμέ-
834 2677 887 2764 τήν
899 2678 992 2754 δεξιὰν
1005 2678 1187 2763 παραδοῦναι
1196 2677 1240 2759 τῷ
1248 2672 1355 2740 Ἰούδα
1370 2681 1441 2762 ῥομ·

195 2784 267 2834 νων,
280 2763 359 2825 ἔστιν
377 2757 395 2824 ὁ
409 2755 511 2844 κύριος
528 2763 585 2835 ζῶν
598 2757 689 2833 αὐτὸς
703 2765 735 2824 ἐν
747 2761 802 2826 ού·
835 2767 927 2840 φαίαν
937 2766 1058 2847 χρυσήν,
1083 2757 1202 2825 διδόντα
1215 2758 1248 2825 δὲ
1260 2766 1441 2843 προςφωνή-

195 2848 278 2946 ρανῶ
290 2839 441 2923 δυνάστης,
457 2840 474 2906 ὁ
488 2840 623 2916 κελεύσας
640 2841 738 2908 ἀσκεῖν
749 2845 803 2931 τήν
835 2871 883 2910 σαι
895 2843 975 2909 τάδε.
1000 2847 1028 2888 ¹⁶
1038 2839 1109 2930 λάβε
1120 2842 1173 2929 τήν
1185 2842 1275 2922 ἀγίαν
1288 2847 1441 2947 ρομφαίαν

197 2921 355 3026 εβδομάδα.
382 2923 470 2990 ὃὸδέ
484 2931 596 3012 ἕτερος,
620 2924 705 3009 κᾴγιό
720 2953 802 3011 φησι,
834 2930 931 3014 δῶρον
946 2927 1032 3012 παρὰ
1049 2933 1104 2992 τοῦ
1123 2933 1216 3004 θεοῦ,
1242 2925 1275 2992 δι’
1293 2954 1327 3010 ης
1340 2922 1442 3010 θραύ-

195 3012 341 3093 δυναστης
360 3012 410 3074 ἐπὶ
426 3015 476 3095 τής
494 3016 547 3092 γῆς
565 3007 583 3074 ὁ
603 3008 802 3094 προςτάσσων
835 3037 893 3088 σεις
909 3011 978 3086 τοὺς
998 3008 1203 3087 ὑπεναντίους.
1242 3013 1269 3053 ¹²
1282 3010 1441 3093 παρακλη-
1461 3039 1462 3084 ι

196 3095 288 3176 αἴρειν
301 3093 381 3157 ὅπλα
398 3096 450 3157 καὶ
465 3096 518 3168 τὰς
535 3092 689 3178 βασιλικός
707 3101 802 3179 χρείας
834 3099 937 3170 θέντες
948 3094 981 3160 δὲ
993 3107 1057 3171 τοῖς
1065 3091 1170 3161 Ἰούδα
1180 3094 1279 3173 λόγοις
1290 3093 1373 3158 πάνυ
1386 3118 1442 3155 κα-
1461 3099 1462 3140 ἶ

196 3174 344 3239 ἐπιτελεῖν.
376 3172 455 3255 ὅμως
469 3177 507 3239 οὐ
520 3178 657 3279 κατέσχεν
669 3177 802 3243 ἐπιτελέ·
833 3176 896 3252 λοῒς
905 3181 957 3241 καί
965 3179 1138 3261 δυναμένοις
1149 3178 1193 3243 ἐπ’
1206 3177 1314 3262 ἀρετήν
1322 3201 1442 3260 παρορ-
1461 3243 1462 3248 ,

196 3283 245 3322 σαι
258 3256 293 3321 τὸ
308 3257 444 3340 σχέτλιον
457 3256 554 3323 αὐτοῦ
565 3261 711 3344 βουλημα.
735 3264 802 3326 ὅκαί
832 3265 920 3342 μήσαι
933 3263 984 3322 καί
1002 3261 1101 3342 ψυχάς
1119 3265 1194 3322 νέων
1210 3262 1442 3339 ἐπανορθῶσαι,

195 3337 211 3405 ὁ
224 3339 279 3423 μέν
292 3337 446 3423 Νικάνωρ,
456 3340 530 3422 μετὰ
543 3340 640 3427 πάσης
652 3343 801 3421 ἀλαζονεί-
833 3344 991 3419 διέγνωσαν
1004 3338 1043 3424 μή
1055 3335 1355 3424 στρατοπεδεύεσθαι,
1371 3364 1441 3439 γεν-

195 3451 232 3498 ας
245 3423 433 3510 ὑψαυχενῶν,
471 3426 616 3503 διεγνώκει
627 3427 728 3493 κοινὸν
740 3433 802 3493 τῶν
835 3432 923 3501 ναίως
936 3425 1172 3509 δὲέμφέρεσθαι,
1190 3419 1326 3506 καίμετά
1339 3448 1442 3508 πασης

194 3512 264 3593 περί
286 3506 339 3574 τόν
362 3507 481 3573 Ἰούδαν
500 3510 707 3593 συστήσασθαι
729 3507 799 3594 τρό-
834 3503 1443 3595 εύανδρίαςὲμπλακέντεςκρῖναιτόιπρύγ-

195 3616 297 3657 παιον.
326 3590 369 3655 7ὃ
390 3590 422 3655 δὲ
443 3598 645 3678 Μακκαβαῖος
666 3586 802 3674 ήνάδια-
833 3619 925 3675 ματα,
964 3592 1013 3658 διά
1031 3589 1068 3657 τό
1084 3595 1135 3656 καί
1150 3591 1205 3676 τήν
1222 3587 1312 3658 πόλιν
1329 3594 1381 3656 καί
1403 3589 1443 3655 τά

195 3671 323 3747 λείπτως
341 3675 497 3751 πεποιθώς
512 3675 585 3755 μετά
603 3673 703 3761 πάσης
716 3679 802 3742 ἐλπί-
834 3672 908 3752 ἀγια
928 3678 981 3742 καί
999 3674 1036 3741 τό
1055 3673 1135 3759 ἱερὸν
1152 3672 1336 3741 κινδυνεύειν.
1363 3671 1444 3758 18ἦν

195 3756 248 3828 δος
261 3753 449 3841 ἀντιλήψεως
467 3760 629 3833 τεύξασθαι
646 3758 731 3843 παρὰ
745 3766 801 3825 τοῦ
834 3761 891 3845 γὰρ
906 3757 924 3826 ό
946 3763 1013 3843 περὶ
1034 3764 1183 3838 γυναικῶν
1206 3762 1259 3825 καὶ
1277 3763 1389 3823 τέκνων
1402 3761 1446 3822 ε”τι

195 3844 309 3922 κυρίου.
337 3843 416 3904 8καί
428 3836 585 3920 παρεκάλει
597 3842 668 3917 τοὺς
681 3842 734 3909 σῦν
747 3843 802 3910 αὖ·
835 3844 868 3909 δὲ
886 3843 1026 3924 ἀδελφῶν
1048 3846 1099 3907 καί
1122 3847 1271 3920 συγγενῶν
1294 3848 1327 3908 ἓν
1344 3841 1443 3923 ήττονι

196 3926 240 4003 τῷ
253 3920 292 4003 μή
306 3924 415 4005 δειλιᾷν
427 3921 479 4007 τήν
497 3928 558 3988 τῶν
571 3929 670 3990 ἐθνῶν
682 3928 802 4006 ἔφοδον,
834 3931 915 4012 μέρει
928 3932 1055 4009 κείμενος
1068 3923 1174 4001 αὐτοῖς
1187 3924 1285 4004 ἀγών,
1307 3928 1444 4004 μέγιστος

195 4005 316 4086 ἔχοντας
329 4005 361 4069 δὲ
374 4006 452 4071 κατὰ
462 4014 534 4074 νοῦν
547 4010 584 4072 τὰ
600 4007 802 4093 προγεγονόια
834 4008 866 4075 δὲ
879 4013 931 4075 καὶ
943 4006 1086 4094 πρῶτοςδ
1094 4013 1162 4094 περὶ
1175 4015 1227 4074 τοῦ
1238 4007 1443 4085 καθηγιαομέ-

195 4087 297 4162 αὐτοῖς
309 4085 361 4152 ἀπ’
378 4088 508 4172 ούρανοῦ
527 4090 726 4176 βοηθήματα,
751 4095 803 4158 καὶ
835 4119 888 4158 νου
902 4098 977 4159 ναοῦ
991 4089 1095 4178 φόβος.
1135 4080 1254 4176 19ήνδὲ
1271 4087 1396 4186 καίιτοῖς
1408 4087 1441 4145 ἕν

193 4175 286 4235 τανῦν
298 4172 468 4254 προςδοκᾷν
482 4173 536 4257 τήν
555 4177 640 4257 παρὰ
653 4181 710 4242 τοῦ
721 4202 802 4242 παν·
823 4180 872 4266 τῇ
884 4176 970 4242 πόλει
983 4175 1220 4259 κατειλημμένοις
1236 4167 1274 4236 οὗ
1291 4189 1438 4269 παρξθίθς

192 4252 378 4340 τοκράτορος
391 4257 530 4339 ἐσομένην
541 4257 644 4333 αὐτοῖς
656 4266 738 4343 νίκην
750 4262 802 4324 καί
835 4260 950 4337 ἀγωνία
971 4255 1204 4342 ταρασσομένοις
1227 4258 1280 4339 τῆς
1297 4256 1328 4316 ἓν
1349 4254 1439 4312 υπαί-

191 4331 342 4421 βοήθειαν.
370 4340 450 4402 9καί
463 4337 731 4424 παραμυθούμενος
744 4343 801 4409 αύ-
834 4354 903 4430 θρῳ
921 4344 1099 4429 προςβολής.
1136 4342 1168 4385 ²⁰
1181 4342 1231 4404 καὶ
1244 4333 1364 4403 πάντων
1381 4329 1441 4418 ήδη

192 4420 262 4492 τοὺς
275 4423 307 4484 ἐκ
320 4427 374 4487 τοῦ
387 4419 479 4504 νόμου
491 4427 612 4487 καὶτῶν
623 4432 800 4511 προφητῶν,
835 4423 1070 4514 προςδοκῶντων
1094 4422 1148 4509 τήν
1173 4423 1312 4506 ἐσομένην
1337 4420 1444 4499 κρίσιν»

190 4500 438 4586 προςυπομνήσας
463 4504 497 4572 δὲ
519 4504 629 4582 αύτούς
655 4514 706 4574 καὶ
730 4512 801 4587 τοὺς
834 4512 885 4577 καί
909 4508 965 4597 ήδη
984 4504 1189 4593 συμμιξάντων
1212 4509 1272 4571 τῶν
1292 4498 1445 4567 πολεμίων

1393 4614 1445 4650 καί
