<?xml version="1.0" encoding="UTF-8"?>
<!DOCTYPE html PUBLIC "-//W3C//DTD XHTML 1.0 Transitional//EN"
    "http://www.w3.org/TR/xhtml1/DTD/xhtml1-transitional.dtd">
<html xmlns="http://www.w3.org/1999/xhtml" xml:lang="en" lang="en">
 <head>
  <title>
</title>
<meta http-equiv="Content-Type" content="text/html;charset=utf-8" />
  <meta name='ocr-system' content='tesseract 3.04.00' />
  <meta name='ocr-capabilities' content='ocr_page ocr_carea ocr_par ocr_line ocrx_word'/>
</head>
<body>
  <div class='ocr_page' id='page_1' title='image "./vetustestamentu00essgoog_0220.png"; bbox 0 0 2924 4972; ppageno 0'>
   <div class='ocr_carea' id='block_1_1' title="bbox 329 40 1361 248">
    <p class='ocr_par' dir='ltr' id='par_1_1' title="bbox 329 40 1361 248">
     <span class='ocr_line' id='line_1_1' title="bbox 329 40 1361 248; baseline 0.009 -23"><span class='ocrx_word' id='word_1_1' title='bbox 329 40 490 225; x_wconf 51' lang='lat' dir='ltr'><strong><em>1137!ss</em></strong></span> <span class='ocrx_word' id='word_1_2' title='bbox 495 163 598 224; x_wconf 86' lang='lat' dir='ltr'><strong><em>PON</em></strong></span> <span class='ocrx_word' id='word_1_3' title='bbox 601 164 767 226; x_wconf 87' lang='grc' dir='ltr'><strong><em>ΟΜΙΟΝ</em></strong></span> <span class='ocrx_word' id='word_1_4' title='bbox 808 166 885 242; x_wconf 76' lang='grc' dir='ltr'><strong><em>Κεφ.</em></strong></span> <span class='ocrx_word' id='word_1_5' title='bbox 899 160 955 248; x_wconf 68' lang='grc' dir='ltr'><strong><em>ιβ’.</em></strong></span> <span class='ocrx_word' id='word_1_6' title='bbox 968 165 1023 240; x_wconf 87' lang='grc' dir='ltr'><strong><em>κγ’.</em></strong></span> <span class='ocrx_word' id='word_1_7' title='bbox 1037 164 1090 229; x_wconf 71' lang='lat'><strong><em>22.</em></strong></span> <span class='ocrx_word' id='word_1_8' title='bbox 1103 165 1155 232; x_wconf 61' lang='grc' dir='ltr'><strong><em>λδ</em></strong></span> <span class='ocrx_word' id='word_1_9' title='bbox 1301 170 1361 233; x_wconf 78' lang='lat'><strong><em>201</em></strong></span> 
     </span>
    </p>
   </div>
   <div class='ocr_carea' id='block_1_2' title="bbox 117 254 1367 1381">
    <p class='ocr_par' dir='ltr' id='par_1_2' title="bbox 122 254 1366 718">
     <span class='ocr_line' id='line_1_2' title="bbox 124 254 1363 275; baseline 0.005 -6"><span class='ocrx_word' id='word_1_10' title='bbox 124 254 1363 275; x_wconf 79' lang='lat'>....----——.—-.-..-.-.......</span> 
     </span>
     <span class='ocr_line' id='line_1_3' title="bbox 123 277 1365 368; baseline 0.001 -19"><span class='ocrx_word' id='word_1_11' title='bbox 123 291 230 368; x_wconf 88' lang='grc' dir='ltr'><strong><em>ρουσία</em></strong></span> <span class='ocrx_word' id='word_1_12' title='bbox 243 278 729 368; x_wconf 81' lang='grc' dir='ltr'><strong><em>τῇςπόλεωςέκείνηςτόνάνθρω-</em></strong></span> <span class='ocrx_word' id='word_1_13' title='bbox 760 280 873 347; x_wconf 84' lang='grc' dir='ltr'><strong><em>στεῖλαι</em></strong></span> <span class='ocrx_word' id='word_1_14' title='bbox 903 277 998 364; x_wconf 79' lang='grc' dir='ltr'><strong><em>αάτῇν</em></strong></span> <span class='ocrx_word' id='word_1_15' title='bbox 1022 281 1076 345; x_wconf 88' lang='grc' dir='ltr'><strong><em>τὸν</em></strong></span> <span class='ocrx_word' id='word_1_16' title='bbox 1101 281 1220 348; x_wconf 75' lang='grc' dir='ltr'><strong><em>ἅπαντα</em></strong></span> <span class='ocrx_word' id='word_1_17' title='bbox 1247 282 1365 368; x_wconf 81' lang='grc' dir='ltr'><strong><em>χρόνον.</em></strong></span> 
     </span>
     <span class='ocr_line' id='line_1_4' title="bbox 122 360 1366 450; baseline 0.002 -19"><span class='ocrx_word' id='word_1_18' title='bbox 122 392 180 431; x_wconf 92' lang='grc' dir='ltr'><strong><em>πον</em></strong></span> <span class='ocrx_word' id='word_1_19' title='bbox 191 370 313 441; x_wconf 82' lang='grc' dir='ltr'><strong><em>ἐκεῖνον,</em></strong></span> <span class='ocrx_word' id='word_1_20' title='bbox 339 367 390 429; x_wconf 84' lang='grc' dir='ltr'><strong><em>καὶ</em></strong></span> <span class='ocrx_word' id='word_1_21' title='bbox 403 360 613 428; x_wconf 77' lang='grc' dir='ltr'><strong><em>παιδεύσουσιν</em></strong></span> <span class='ocrx_word' id='word_1_22' title='bbox 626 360 728 438; x_wconf 75' lang='grc' dir='ltr'><strong><em>αὐτὸν,</em></strong></span> <span class='ocrx_word' id='word_1_23' title='bbox 759 365 790 407; x_wconf 81' lang='lat'><strong><em>³⁰</em></strong></span> <span class='ocrx_word' id='word_1_24' title='bbox 805 362 843 429; x_wconf 83' lang='grc' dir='ltr'><strong><em>οά</em></strong></span> <span class='ocrx_word' id='word_1_25' title='bbox 854 362 982 447; x_wconf 84' lang='grc' dir='ltr'><strong><em>λη’ψεται</em></strong></span> <span class='ocrx_word' id='word_1_26' title='bbox 1001 362 1165 449; x_wconf 87' lang='grc' dir='ltr'><strong><em>ἀνθρωπος</em></strong></span> <span class='ocrx_word' id='word_1_27' title='bbox 1177 364 1230 450; x_wconf 74' lang='grc' dir='ltr'><strong><em>τὴν</em></strong></span> <span class='ocrx_word' id='word_1_28' title='bbox 1241 381 1366 444; x_wconf 85' lang='grc' dir='ltr'><strong><em>γυναῖκα</em></strong></span> 
     </span>
     <span class='ocr_line' id='line_1_5' title="bbox 124 443 1365 532; baseline 0.002 -19"><span class='ocrx_word' id='word_1_29' title='bbox 124 453 149 493; x_wconf 81' lang='lat'><strong><em>¹⁹</em></strong></span> <span class='ocrx_word' id='word_1_30' title='bbox 164 452 215 513; x_wconf 85' lang='grc' dir='ltr'><strong><em>καί</em></strong></span> <span class='ocrx_word' id='word_1_31' title='bbox 233 445 426 532; x_wconf 74' lang='grc' dir='ltr'>ζημιώσουσιν</span> <span class='ocrx_word' id='word_1_32' title='bbox 448 443 542 510; x_wconf 79' lang='grc' dir='ltr'><strong><em>αὐτὸν</em></strong></span> <span class='ocrx_word' id='word_1_33' title='bbox 559 443 666 510; x_wconf 78' lang='grc' dir='ltr'><strong><em>ἑκατὸν</em></strong></span> <span class='ocrx_word' id='word_1_34' title='bbox 683 452 728 510; x_wconf 90' lang='grc' dir='ltr'><strong><em>οί-</em></strong></span> <span class='ocrx_word' id='word_1_35' title='bbox 759 445 944 531; x_wconf 80' lang='grc' dir='ltr'><strong><em>τοῦπατρὸς</em></strong></span> <span class='ocrx_word' id='word_1_36' title='bbox 957 443 1067 524; x_wconf 76' lang='grc' dir='ltr'><strong><em>αὐτοῦ,</em></strong></span> <span class='ocrx_word' id='word_1_37' title='bbox 1080 450 1130 512; x_wconf 84' lang='grc' dir='ltr'><strong><em>καὶ</em></strong></span> <span class='ocrx_word' id='word_1_38' title='bbox 1145 446 1200 512; x_wconf 77' lang='grc' dir='ltr'><strong><em>οὐκ</em></strong></span> <span class='ocrx_word' id='word_1_39' title='bbox 1210 447 1365 516; x_wconf 75' lang='grc' dir='ltr'><strong><em>ἀποκαλύ-</em></strong></span> 
     </span>
     <span class='ocr_line' id='line_1_6' title="bbox 123 525 1330 614; baseline -0.001 -17"><span class='ocrx_word' id='word_1_40' title='bbox 123 534 217 608; x_wconf 89' lang='grc' dir='ltr'><strong><em>κλσυς,</em></strong></span> <span class='ocrx_word' id='word_1_41' title='bbox 231 535 282 596; x_wconf 85' lang='grc' dir='ltr'><strong><em>καί</em></strong></span> <span class='ocrx_word' id='word_1_42' title='bbox 298 528 425 596; x_wconf 87' lang='grc' dir='ltr'><strong><em>δώσουσι</em></strong></span> <span class='ocrx_word' id='word_1_43' title='bbox 438 534 483 614; x_wconf 77' lang='grc' dir='ltr'><strong><em>τῷ</em></strong></span> <span class='ocrx_word' id='word_1_44' title='bbox 495 531 590 614; x_wconf 88' lang='grc' dir='ltr'><strong><em>πατρί</em></strong></span> <span class='ocrx_word' id='word_1_45' title='bbox 602 533 654 612; x_wconf 81' lang='grc' dir='ltr'><strong><em>τῇς</em></strong></span> <span class='ocrx_word' id='word_1_46' title='bbox 665 525 728 593; x_wconf 90' lang='grc' dir='ltr'><strong><em>νεά-</em></strong></span> <span class='ocrx_word' id='word_1_47' title='bbox 760 549 809 614; x_wconf 83' lang='grc' dir='ltr'><strong><em>ψει</em></strong></span> <span class='ocrx_word' id='word_1_48' title='bbox 822 526 1017 613; x_wconf 84' lang='grc' dir='ltr'><strong><em>συγκάλυμμα</em></strong></span> <span class='ocrx_word' id='word_1_49' title='bbox 1029 535 1084 596; x_wconf 83' lang='grc' dir='ltr'><strong><em>τοῦ</em></strong></span> <span class='ocrx_word' id='word_1_50' title='bbox 1096 529 1213 610; x_wconf 84' lang='grc' dir='ltr'><strong><em>πατρὸς</em></strong></span> <span class='ocrx_word' id='word_1_51' title='bbox 1225 530 1330 598; x_wconf 79' lang='grc' dir='ltr'><strong><em>αὐτοῦ.</em></strong></span> 
     </span>
     <span class='ocr_line' id='line_1_7' title="bbox 124 608 1186 718; baseline -0.001 -38"><span class='ocrx_word' id='word_1_52' title='bbox 124 618 214 691; x_wconf 89' lang='grc' dir='ltr'><strong><em>νιδσς,</em></strong></span> <span class='ocrx_word' id='word_1_53' title='bbox 241 612 288 680; x_wconf 81' lang='grc' dir='ltr'><strong><em>ὅτι</em></strong></span> <span class='ocrx_word' id='word_1_54' title='bbox 314 610 458 718; x_wconf 76' lang='grc' dir='ltr'><strong><em>ἐξῇνεγκεν</em></strong></span> <span class='ocrx_word' id='word_1_55' title='bbox 482 611 575 693; x_wconf 81' lang='grc' dir='ltr'><strong><em>ὄνομα</em></strong></span> <span class='ocrx_word' id='word_1_56' title='bbox 600 608 730 696; x_wconf 78' lang='grc' dir='ltr'><strong><em>πονηρὸν</em></strong></span> <span class='ocrx_word' id='word_1_57' title='bbox 935 619 1008 677; x_wconf 81' lang='grc' dir='ltr'><strong><em>ΚΕ</em></strong></span> <span class='ocrx_word' id='word_1_58' title='bbox 1021 619 1058 677; x_wconf 70' lang='grc' dir='ltr'><strong><em>(ί).</em></strong></span> <span class='ocrx_word' id='word_1_59' title='bbox 1103 611 1186 679; x_wconf 70' lang='grc' dir='ltr'><strong><em>ΚΓ.</em></strong></span> 
     </span>
    </p>

    <p class='ocr_par' dir='ltr' id='par_1_3' title="bbox 117 659 1367 1381">
     <span class='ocr_line' id='line_1_8' title="bbox 123 659 1359 785; baseline 0.002 -22"><span class='ocrx_word' id='word_1_60' title='bbox 123 703 171 763; x_wconf 83' lang='grc' dir='ltr'><strong><em>ἐπί</em></strong></span> <span class='ocrx_word' id='word_1_61' title='bbox 182 702 338 785; x_wconf 74' lang='grc' dir='ltr'><strong><em>παρθένον</em></strong></span> <span class='ocrx_word' id='word_1_62' title='bbox 360 696 541 782; x_wconf 87' lang='grc' dir='ltr'><strong><em>Ισραηλίτιν,</em></strong></span> <span class='ocrx_word' id='word_1_63' title='bbox 567 698 618 760; x_wconf 86' lang='grc' dir='ltr'><strong><em>καί</em></strong></span> <span class='ocrx_word' id='word_1_64' title='bbox 631 694 728 759; x_wconf 76' lang='grc' dir='ltr'><strong><em>αὐτοῦ</em></strong></span> <span class='ocrx_word' id='word_1_65' title='bbox 761 659 846 761; x_wconf 80' lang='grc' dir='ltr'><strong><em>Οὐκ</em></strong></span> <span class='ocrx_word' id='word_1_66' title='bbox 859 692 1042 771; x_wconf 78' lang='grc' dir='ltr'><strong><em>ελςελεάσεται</em></strong></span> <span class='ocrx_word' id='word_1_67' title='bbox 1053 697 1193 774; x_wconf 86' lang='grc' dir='ltr'><strong><em>θλαδίας,</em></strong></span> <span class='ocrx_word' id='word_1_68' title='bbox 1204 697 1273 765; x_wconf 83' lang='grc' dir='ltr'><strong><em>οάδέ</em></strong></span> <span class='ocrx_word' id='word_1_69' title='bbox 1284 698 1359 765; x_wconf 79' lang='grc' dir='ltr'><strong><em>ἀπο</em></strong></span> 
     </span>
     <span class='ocr_line' id='line_1_9' title="bbox 120 776 1365 866; baseline 0.002 -20"><span class='ocrx_word' id='word_1_70' title='bbox 120 786 202 848; x_wconf 76' lang='grc' dir='ltr'><strong><em>ἐσται</em></strong></span> <span class='ocrx_word' id='word_1_71' title='bbox 213 777 294 864; x_wconf 73' lang='grc' dir='ltr'><strong><em>γυνή.</em></strong></span> <span class='ocrx_word' id='word_1_72' title='bbox 308 779 345 845; x_wconf 80' lang='grc' dir='ltr'><strong><em>οὐ</em></strong></span> <span class='ocrx_word' id='word_1_73' title='bbox 360 776 510 864; x_wconf 66' lang='grc' dir='ltr'><strong><em>δυνήσεται</em></strong></span> <span class='ocrx_word' id='word_1_74' title='bbox 521 779 728 855; x_wconf 76' lang='grc' dir='ltr'><strong><em>ἐξαποστεῖλαι</em></strong></span> <span class='ocrx_word' id='word_1_75' title='bbox 759 782 930 860; x_wconf 69' lang='grc' dir='ltr'><strong><em>κεκομμένος</em></strong></span> <span class='ocrx_word' id='word_1_76' title='bbox 943 784 982 855; x_wconf 81' lang='grc' dir='ltr'><strong><em>εἰς</em></strong></span> <span class='ocrx_word' id='word_1_77' title='bbox 995 779 1151 862; x_wconf 75' lang='grc' dir='ltr'><strong><em>ἐκκλησίαν</em></strong></span> <span class='ocrx_word' id='word_1_78' title='bbox 1162 789 1275 866; x_wconf 89' lang='grc' dir='ltr'><strong><em>κυρίου.</em></strong></span> <span class='ocrx_word' id='word_1_79' title='bbox 1287 781 1365 849; x_wconf 82' lang='grc' dir='ltr'><strong><em>2οὐκ</em></strong></span> 
     </span>
     <span class='ocr_line' id='line_1_10' title="bbox 121 857 1364 950; baseline 0.003 -22"><span class='ocrx_word' id='word_1_80' title='bbox 121 864 215 948; x_wconf 74' lang='grc' dir='ltr'><strong><em>αὐτὴν</em></strong></span> <span class='ocrx_word' id='word_1_81' title='bbox 232 864 286 930; x_wconf 90' lang='grc' dir='ltr'><strong><em>τὸν</em></strong></span> <span class='ocrx_word' id='word_1_82' title='bbox 299 861 420 929; x_wconf 73' lang='grc' dir='ltr'><strong><em>ἅπαντα</em></strong></span> <span class='ocrx_word' id='word_1_83' title='bbox 432 858 547 948; x_wconf 83' lang='grc' dir='ltr'><strong><em>χρόνον.</em></strong></span> <span class='ocrx_word' id='word_1_84' title='bbox 586 865 617 906; x_wconf 89' lang='lat'><strong><em>²⁰</em></strong></span> <span class='ocrx_word' id='word_1_85' title='bbox 630 859 682 926; x_wconf 87' lang='grc' dir='ltr'><strong><em>ἐάν</em></strong></span> <span class='ocrx_word' id='word_1_86' title='bbox 695 859 727 926; x_wconf 77' lang='grc' dir='ltr'><strong><em>δέ</em></strong></span> <span class='ocrx_word' id='word_1_87' title='bbox 759 859 940 939; x_wconf 81' lang='grc' dir='ltr'><strong><em>είςελεάσεται</em></strong></span> <span class='ocrx_word' id='word_1_88' title='bbox 965 865 998 927; x_wconf 92' lang='grc' dir='ltr'><strong><em>ἐκ</em></strong></span> <span class='ocrx_word' id='word_1_89' title='bbox 1021 857 1133 947; x_wconf 81' lang='grc' dir='ltr'><strong><em>πόρνης</em></strong></span> <span class='ocrx_word' id='word_1_90' title='bbox 1149 869 1188 940; x_wconf 79' lang='grc' dir='ltr'><strong><em>είς</em></strong></span> <span class='ocrx_word' id='word_1_91' title='bbox 1206 865 1364 950; x_wconf 75' lang='grc' dir='ltr'><strong><em>ἐκκλησίαν</em></strong></span> 
     </span>
     <span class='ocr_line' id='line_1_11' title="bbox 121 937 1364 1034; baseline 0.002 -22"><span class='ocrx_word' id='word_1_92' title='bbox 121 947 163 1012; x_wconf 85' lang='grc' dir='ltr'><strong><em>ἐπ’</em></strong></span> <span class='ocrx_word' id='word_1_93' title='bbox 188 946 332 1032; x_wconf 88' lang='grc' dir='ltr'><strong><em>ἀληθείας</em></strong></span> <span class='ocrx_word' id='word_1_94' title='bbox 347 951 466 1030; x_wconf 88' lang='grc' dir='ltr'><strong><em>γένηται</em></strong></span> <span class='ocrx_word' id='word_1_95' title='bbox 482 943 500 1009; x_wconf 85' lang='grc' dir='ltr'><strong>ὁ</strong></span> <span class='ocrx_word' id='word_1_96' title='bbox 519 941 609 1024; x_wconf 82' lang='grc' dir='ltr'><strong><em>λόγος</em></strong></span> <span class='ocrx_word' id='word_1_97' title='bbox 626 937 727 1022; x_wconf 75' lang='grc' dir='ltr'><strong><em>οὗτος,</em></strong></span> <span class='ocrx_word' id='word_1_98' title='bbox 758 973 794 1010; x_wconf 90' lang='grc' dir='ltr'><strong><em>κυ</em></strong></span> <span class='ocrx_word' id='word_1_99' title='bbox 816 952 870 1010; x_wconf 92' lang='grc' dir='ltr'><strong><em>ίου.</em></strong></span> <span class='ocrx_word' id='word_1_100' title='bbox 896 945 911 986; x_wconf 83' lang='lat'>³</span> <span class='ocrx_word' id='word_1_101' title='bbox 925 942 980 1009; x_wconf 79' lang='grc' dir='ltr'><strong><em>οὐκ</em></strong></span> <span class='ocrx_word' id='word_1_102' title='bbox 993 942 1173 1020; x_wconf 82' lang='grc' dir='ltr'><strong><em>ελςελεάσεται</em></strong></span> <span class='ocrx_word' id='word_1_103' title='bbox 1186 946 1364 1034; x_wconf 82' lang='grc' dir='ltr'><strong><em>Ἀμμανίτης</em></strong></span> 
     </span>
     <span class='ocr_line' id='line_1_12' title="bbox 119 1025 1363 1120; baseline 0.002 -26"><span class='ocrx_word' id='word_1_104' title='bbox 119 1032 168 1095; x_wconf 84' lang='grc' dir='ltr'><strong><em>καί</em></strong></span> <span class='ocrx_word' id='word_1_105' title='bbox 191 1030 232 1116; x_wconf 72' lang='grc' dir='ltr'><strong><em>με’]</em></strong></span> <span class='ocrx_word' id='word_1_106' title='bbox 258 1027 364 1120; x_wconf 77' lang='grc' dir='ltr'><strong><em>εὑρεθῇ</em></strong></span> <span class='ocrx_word' id='word_1_107' title='bbox 382 1033 535 1116; x_wconf 78' lang='grc' dir='ltr'><strong><em>παρθένια</em></strong></span> <span class='ocrx_word' id='word_1_108' title='bbox 553 1034 590 1120; x_wconf 86' lang='grc' dir='ltr'><strong><em>τῇ</em></strong></span> <span class='ocrx_word' id='word_1_109' title='bbox 610 1025 727 1103; x_wconf 86' lang='grc' dir='ltr'><strong><em>νεάνιδι,</em></strong></span> <span class='ocrx_word' id='word_1_110' title='bbox 748 1048 811 1094; x_wconf 85' lang='grc' dir='ltr'><strong><em>’και</em></strong></span> <span class='ocrx_word' id='word_1_111' title='bbox 827 1033 997 1114; x_wconf 84' lang='grc' dir='ltr'><strong><em>Μωαβίτης</em></strong></span> <span class='ocrx_word' id='word_1_112' title='bbox 1022 1032 1061 1102; x_wconf 77' lang='grc' dir='ltr'><strong><em>εἰς</em></strong></span> <span class='ocrx_word' id='word_1_113' title='bbox 1079 1029 1234 1112; x_wconf 70' lang='grc' dir='ltr'><strong><em>ἐκκλησίαν</em></strong></span> <span class='ocrx_word' id='word_1_114' title='bbox 1250 1038 1363 1117; x_wconf 93' lang='grc' dir='ltr'><strong><em>κυρίου,</em></strong></span> 
     </span>
     <span class='ocr_line' id='line_1_13' title="bbox 119 1106 1365 1195; baseline 0.002 -17"><span class='ocrx_word' id='word_1_115' title='bbox 119 1118 145 1155; x_wconf 85' lang='lat'><strong><em>²¹</em></strong></span> <span class='ocrx_word' id='word_1_116' title='bbox 158 1116 210 1178; x_wconf 85' lang='grc' dir='ltr'><strong><em>καί</em></strong></span> <span class='ocrx_word' id='word_1_117' title='bbox 222 1110 358 1191; x_wconf 81' lang='grc' dir='ltr'><strong><em>ἐξάξουσι</em></strong></span> <span class='ocrx_word' id='word_1_118' title='bbox 370 1113 424 1195; x_wconf 74' lang='grc' dir='ltr'><strong><em>τὴν</em></strong></span> <span class='ocrx_word' id='word_1_119' title='bbox 437 1117 529 1176; x_wconf 83' lang='grc' dir='ltr'><strong><em>νεᾶνιν</em></strong></span> <span class='ocrx_word' id='word_1_120' title='bbox 540 1113 590 1176; x_wconf 85' lang='grc' dir='ltr'><strong><em>ἐπί</em></strong></span> <span class='ocrx_word' id='word_1_121' title='bbox 604 1108 657 1186; x_wconf 78' lang='grc' dir='ltr'><strong><em>κάς</em></strong></span> <span class='ocrx_word' id='word_1_122' title='bbox 669 1106 728 1176; x_wconf 79' lang='grc' dir='ltr'><strong><em>θά-</em></strong></span> <span class='ocrx_word' id='word_1_123' title='bbox 759 1115 811 1177; x_wconf 85' lang='grc' dir='ltr'><strong><em>καί</em></strong></span> <span class='ocrx_word' id='word_1_124' title='bbox 822 1117 878 1187; x_wconf 87' lang='grc' dir='ltr'><strong><em>έως</em></strong></span> <span class='ocrx_word' id='word_1_125' title='bbox 893 1106 1015 1194; x_wconf 77' lang='grc' dir='ltr'><strong><em>δεκάτης</em></strong></span> <span class='ocrx_word' id='word_1_126' title='bbox 1027 1114 1124 1187; x_wconf 79' lang='grc' dir='ltr'><strong><em>γενεᾶς</em></strong></span> <span class='ocrx_word' id='word_1_127' title='bbox 1140 1108 1195 1176; x_wconf 84' lang='grc' dir='ltr'><strong><em>οάκ</em></strong></span> <span class='ocrx_word' id='word_1_128' title='bbox 1213 1111 1365 1188; x_wconf 79' lang='grc' dir='ltr'><strong><em>είςελείισε·</em></strong></span> 
     </span>
     <span class='ocr_line' id='line_1_14' title="bbox 138 1191 1366 1318; baseline 0.001 -58"><span class='ocrx_word' id='word_1_129' title='bbox 138 1224 172 1272; x_wconf 92' lang='grc' dir='ltr'><strong><em>ας</em></strong></span> <span class='ocrx_word' id='word_1_130' title='bbox 184 1203 242 1262; x_wconf 80' lang='grc' dir='ltr'><strong><em>τοῦ</em></strong></span> <span class='ocrx_word' id='word_1_131' title='bbox 256 1198 339 1261; x_wconf 87' lang='grc' dir='ltr'><strong><em>οίκου</em></strong></span> <span class='ocrx_word' id='word_1_132' title='bbox 351 1200 408 1260; x_wconf 82' lang='grc' dir='ltr'><strong><em>τοῦ</em></strong></span> <span class='ocrx_word' id='word_1_133' title='bbox 421 1191 537 1280; x_wconf 85' lang='grc' dir='ltr'><strong><em>πατρὸς</em></strong></span> <span class='ocrx_word' id='word_1_134' title='bbox 550 1192 658 1276; x_wconf 81' lang='grc' dir='ltr'><strong><em>αὐτῇς,</em></strong></span> <span class='ocrx_word' id='word_1_135' title='bbox 678 1197 729 1258; x_wconf 86' lang='grc' dir='ltr'><strong><em>καί</em></strong></span> <span class='ocrx_word' id='word_1_136' title='bbox 759 1221 809 1259; x_wconf 90' lang='grc' dir='ltr'><strong><em>ται</em></strong></span> <span class='ocrx_word' id='word_1_137' title='bbox 832 1200 871 1270; x_wconf 84' lang='grc' dir='ltr'><strong><em>είς</em></strong></span> <span class='ocrx_word' id='word_1_138' title='bbox 889 1194 1047 1318; x_wconf 74' lang='grc' dir='ltr'><strong><em>ἐκκλησίαν</em></strong></span> <span class='ocrx_word' id='word_1_139' title='bbox 1064 1199 1169 1272; x_wconf 87' lang='grc' dir='ltr'><strong><em>κυρίου</em></strong></span> <span class='ocrx_word' id='word_1_140' title='bbox 1187 1197 1238 1260; x_wconf 82' lang='grc' dir='ltr'><strong><em>καί</em></strong></span> <span class='ocrx_word' id='word_1_141' title='bbox 1254 1201 1308 1270; x_wconf 80' lang='grc' dir='ltr'><strong><em>ίισς</em></strong></span> <span class='ocrx_word' id='word_1_142' title='bbox 1326 1202 1366 1273; x_wconf 83' lang='grc' dir='ltr'><strong><em>είς</em></strong></span> 
     </span>
     <span class='ocr_line' id='line_1_15' title="bbox 117 1223 1367 1381; baseline -0.001 -36"><span class='ocrx_word' id='word_1_143' title='bbox 117 1223 369 1366; x_wconf 75' lang='grc' dir='ltr'><strong><em>λιθοβολίησουσιν</em></strong></span> <span class='ocrx_word' id='word_1_144' title='bbox 396 1274 490 1359; x_wconf 78' lang='grc' dir='ltr'><strong><em>αιίτὴν</em></strong></span> <span class='ocrx_word' id='word_1_145' title='bbox 515 1279 546 1340; x_wconf 91' lang='grc' dir='ltr'><strong><em>ἐν</em></strong></span> <span class='ocrx_word' id='word_1_146' title='bbox 562 1276 660 1350; x_wconf 89' lang='grc' dir='ltr'><strong><em>λίθοις</em></strong></span> <span class='ocrx_word' id='word_1_147' title='bbox 668 1279 729 1380; x_wconf 41' lang='grc' dir='ltr'><strong><em>’καί</em></strong></span> <span class='ocrx_word' id='word_1_148' title='bbox 760 1276 812 1343; x_wconf 86' lang='grc' dir='ltr'><strong><em>τὸν</em></strong></span> <span class='ocrx_word' id='word_1_149' title='bbox 824 1283 933 1353; x_wconf 80' lang='grc' dir='ltr'><strong><em>αἰῶνα,</em></strong></span> <span class='ocrx_word' id='word_1_150' title='bbox 987 1271 1073 1379; x_wconf 69' lang='grc' dir='ltr'><strong><em>πρρῇ</em></strong></span> <span class='ocrx_word' id='word_1_151' title='bbox 1086 1274 1122 1340; x_wconf 83' lang='grc' dir='ltr'><strong><em>τὸ</em></strong></span> <span class='ocrx_word' id='word_1_152' title='bbox 1132 1274 1173 1359; x_wconf 72' lang='grc' dir='ltr'><strong><em>μὴ</em></strong></span> <span class='ocrx_word' id='word_1_153' title='bbox 1185 1283 1367 1381; x_wconf 62' lang='grc' dir='ltr'><strong><em>συῇαντῇσαι</em></strong></span> 
     </span>
    </p>
   </div>
   <div class='ocr_carea' id='block_1_3' title="bbox 118 1355 1365 1590">
    <p class='ocr_par' dir='ltr' id='par_1_4' title="bbox 118 1355 1365 1590">
     <span class='ocr_line' id='line_1_16' title="bbox 118 1355 1364 1445; baseline 0.002 -19"><span class='ocrx_word' id='word_1_154' title='bbox 118 1360 337 1436; x_wconf 73' lang='grc' dir='ltr'><strong><em>ἀποθανεῖται,</em></strong></span> <span class='ocrx_word' id='word_1_155' title='bbox 353 1355 401 1424; x_wconf 77' lang='grc' dir='ltr'><strong><em>ὅτι</em></strong></span> <span class='ocrx_word' id='word_1_156' title='bbox 414 1363 546 1441; x_wconf 84' lang='grc' dir='ltr'><strong><em>ἐποίησεν</em></strong></span> <span class='ocrx_word' id='word_1_157' title='bbox 558 1356 729 1443; x_wconf 82' lang='grc' dir='ltr'><strong><em>ἀφροσυνην</em></strong></span> <span class='ocrx_word' id='word_1_158' title='bbox 759 1360 869 1436; x_wconf 77' lang='grc' dir='ltr'><strong><em>αὐτοὺς</em></strong></span> <span class='ocrx_word' id='word_1_159' title='bbox 883 1360 949 1444; x_wconf 78' lang='grc' dir='ltr'><strong><em>ὑμῖν</em></strong></span> <span class='ocrx_word' id='word_1_160' title='bbox 959 1383 1035 1442; x_wconf 83' lang='grc' dir='ltr'><strong><em>μετα</em></strong></span> <span class='ocrx_word' id='word_1_161' title='bbox 1047 1384 1147 1445; x_wconf 85' lang='grc' dir='ltr'><strong><em>αρτων</em></strong></span> <span class='ocrx_word' id='word_1_162' title='bbox 1155 1361 1207 1423; x_wconf 88' lang='grc' dir='ltr'><strong><em>καί</em></strong></span> <span class='ocrx_word' id='word_1_163' title='bbox 1218 1361 1325 1438; x_wconf 88' lang='grc' dir='ltr'><strong><em>αδατος</em></strong></span> <span class='ocrx_word' id='word_1_164' title='bbox 1333 1366 1364 1428; x_wconf 86' lang='grc' dir='ltr'><strong><em>ἐν</em></strong></span> 
     </span>
     <span class='ocr_line' id='line_1_17' title="bbox 119 1440 1365 1590; baseline 0.001 -81"><span class='ocrx_word' id='word_1_165' title='bbox 119 1450 151 1510; x_wconf 82' lang='grc' dir='ltr'><strong><em>ἐν</em></strong></span> <span class='ocrx_word' id='word_1_166' title='bbox 161 1449 237 1518; x_wconf 76' lang='grc' dir='ltr'><strong><em>υἱοῖς</em></strong></span> <span class='ocrx_word' id='word_1_167' title='bbox 245 1440 569 1546; x_wconf 37' lang='grc' dir='ltr'><strong><em>Ἰσραίηλὶέκπορνεῦσαι</em></strong></span> <span class='ocrx_word' id='word_1_168' title='bbox 580 1442 633 1507; x_wconf 86' lang='grc' dir='ltr'><strong><em>τὸν</em></strong></span> <span class='ocrx_word' id='word_1_169' title='bbox 643 1441 727 1546; x_wconf 80' lang='grc' dir='ltr'><strong><em>οέκρν</em></strong></span> <span class='ocrx_word' id='word_1_170' title='bbox 758 1449 796 1546; x_wconf 86' lang='grc' dir='ltr'><strong><em>τῇ</em></strong></span> <span class='ocrx_word' id='word_1_171' title='bbox 808 1440 886 1526; x_wconf 80' lang='grc' dir='ltr'><strong><em>ὁδῷ,</em></strong></span> <span class='ocrx_word' id='word_1_172' title='bbox 912 1444 1152 1590; x_wconf 72' lang='grc' dir='ltr'><strong><em>ἐκπορευομένων</em></strong></span> <span class='ocrx_word' id='word_1_173' title='bbox 1165 1440 1246 1525; x_wconf 76' lang='grc' dir='ltr'><strong><em>ὑμῶν</em></strong></span> <span class='ocrx_word' id='word_1_174' title='bbox 1258 1448 1291 1522; x_wconf 79' lang='grc' dir='ltr'><strong><em>ἐξ</em></strong></span> <span class='ocrx_word' id='word_1_175' title='bbox 1301 1447 1365 1510; x_wconf 74' lang='grc' dir='ltr'><strong><em>Αί-</em></strong></span> 
     </span>
    </p>
   </div>
   <div class='ocr_carea' id='block_1_4' title="bbox 105 1522 1364 4598">
    <p class='ocr_par' dir='ltr' id='par_1_5' title="bbox 105 1522 1364 4524">
     <span class='ocr_line' id='line_1_18' title="bbox 119 1522 1364 1611; baseline 0.002 -19"><span class='ocrx_word' id='word_1_176' title='bbox 119 1532 175 1592; x_wconf 80' lang='grc' dir='ltr'><strong><em>τοῖν</em></strong></span> <span class='ocrx_word' id='word_1_177' title='bbox 200 1552 316 1610; x_wconf 92' lang='grc' dir='ltr'><strong><em>πατρος</em></strong></span> <span class='ocrx_word' id='word_1_178' title='bbox 340 1530 440 1609; x_wconf 85' lang='grc' dir='ltr'><strong><em>αυτῇς.</em></strong></span> <span class='ocrx_word' id='word_1_179' title='bbox 477 1527 527 1590; x_wconf 83' lang='grc' dir='ltr'><strong><em>καί</em></strong></span> <span class='ocrx_word' id='word_1_180' title='bbox 550 1527 658 1611; x_wconf 80' lang='grc' dir='ltr'><strong><em>ἐξαρεῖς</em></strong></span> <span class='ocrx_word' id='word_1_181' title='bbox 674 1551 727 1591; x_wconf 89' lang='grc' dir='ltr'><strong><em>τον</em></strong></span> <span class='ocrx_word' id='word_1_182' title='bbox 755 1553 888 1607; x_wconf 89' lang='grc' dir='ltr'><strong><em>γυπτου,</em></strong></span> <span class='ocrx_word' id='word_1_183' title='bbox 915 1529 966 1591; x_wconf 86' lang='grc' dir='ltr'><strong><em>καί</em></strong></span> <span class='ocrx_word' id='word_1_184' title='bbox 997 1524 1031 1590; x_wconf 85' lang='grc' dir='ltr'><strong><em>’τι</em></strong></span> <span class='ocrx_word' id='word_1_185' title='bbox 1044 1522 1252 1607; x_wconf 74' lang='grc' dir='ltr'><strong><em>ἐμισθώσαντο</em></strong></span> <span class='ocrx_word' id='word_1_186' title='bbox 1266 1528 1364 1594; x_wconf 76' lang='grc' dir='ltr'><strong><em>ἐπίσέ</em></strong></span> 
     </span>
     <span class='ocr_line' id='line_1_19' title="bbox 118 1605 1363 1697; baseline 0.001 -21"><span class='ocrx_word' id='word_1_187' title='bbox 118 1609 250 1697; x_wconf 86' lang='grc' dir='ltr'><strong><em>πονηρὸν</em></strong></span> <span class='ocrx_word' id='word_1_188' title='bbox 262 1613 293 1686; x_wconf 81' lang='grc' dir='ltr'><strong><em>ἐξ</em></strong></span> <span class='ocrx_word' id='word_1_189' title='bbox 305 1607 385 1692; x_wconf 79' lang='grc' dir='ltr'><strong><em>ὑμῶν</em></strong></span> <span class='ocrx_word' id='word_1_190' title='bbox 398 1606 506 1673; x_wconf 77' lang='grc' dir='ltr'><strong><em>αὐτῶν.</em></strong></span> <span class='ocrx_word' id='word_1_191' title='bbox 524 1610 553 1650; x_wconf 88' lang='grc'><strong><em>22</em></strong></span> <span class='ocrx_word' id='word_1_192' title='bbox 567 1605 619 1674; x_wconf 82' lang='grc' dir='ltr'><strong><em>ίάν</em></strong></span> <span class='ocrx_word' id='word_1_193' title='bbox 631 1608 664 1675; x_wconf 82' lang='grc' dir='ltr'><strong><em>δέ</em></strong></span> <span class='ocrx_word' id='word_1_194' title='bbox 675 1608 724 1675; x_wconf 81' lang='grc' dir='ltr'><strong><em>εὖ-</em></strong></span> <span class='ocrx_word' id='word_1_195' title='bbox 756 1609 810 1676; x_wconf 84' lang='grc' dir='ltr'><strong><em>τὸν</em></strong></span> <span class='ocrx_word' id='word_1_196' title='bbox 818 1608 953 1695; x_wconf 86' lang='grc' dir='ltr'><strong><em>Βαλαάμ</em></strong></span> <span class='ocrx_word' id='word_1_197' title='bbox 967 1607 1033 1675; x_wconf 82' lang='grc' dir='ltr'><strong><em>υίδν</em></strong></span> <span class='ocrx_word' id='word_1_198' title='bbox 1046 1607 1136 1697; x_wconf 87' lang='grc' dir='ltr'><strong><em>Βεώρ</em></strong></span> <span class='ocrx_word' id='word_1_199' title='bbox 1149 1614 1182 1676; x_wconf 86' lang='grc' dir='ltr'><strong><em>ἐκ</em></strong></span> <span class='ocrx_word' id='word_1_200' title='bbox 1195 1616 1246 1693; x_wconf 83' lang='grc' dir='ltr'><strong><em>τῇς</em></strong></span> <span class='ocrx_word' id='word_1_201' title='bbox 1255 1619 1363 1677; x_wconf 88' lang='grc' dir='ltr'><strong><em>Μεσο-</em></strong></span> 
     </span>
     <span class='ocr_line' id='line_1_20' title="bbox 117 1688 1363 1781; baseline 0.001 -22"><span class='ocrx_word' id='word_1_202' title='bbox 117 1700 195 1781; x_wconf 87' lang='grc' dir='ltr'><strong><em>ρεθῇ</em></strong></span> <span class='ocrx_word' id='word_1_203' title='bbox 212 1692 374 1779; x_wconf 72' lang='grc' dir='ltr'><strong><em>ἅνθρωπος</em></strong></span> <span class='ocrx_word' id='word_1_204' title='bbox 391 1688 567 1775; x_wconf 80' lang='grc' dir='ltr'><strong><em>κοιμώμενος</em></strong></span> <span class='ocrx_word' id='word_1_205' title='bbox 581 1691 655 1776; x_wconf 80' lang='grc' dir='ltr'><strong><em>μετὰ</em></strong></span> <span class='ocrx_word' id='word_1_206' title='bbox 671 1720 725 1772; x_wconf 88' lang='grc' dir='ltr'><strong><em>γυ-</em></strong></span> <span class='ocrx_word' id='word_1_207' title='bbox 755 1701 906 1778; x_wconf 88' lang='grc' dir='ltr'><strong><em>ποταμίας</em></strong></span> <span class='ocrx_word' id='word_1_208' title='bbox 924 1696 1121 1779; x_wconf 82' lang='grc' dir='ltr'><strong><em>καταρᾶσθαί</em></strong></span> <span class='ocrx_word' id='word_1_209' title='bbox 1137 1718 1178 1758; x_wconf 88' lang='grc' dir='ltr'><strong><em>σε.</em></strong></span> <span class='ocrx_word' id='word_1_210' title='bbox 1217 1694 1363 1760; x_wconf 72' lang='grc' dir='ltr'><strong><em>2καίοιίιι</em></strong></span> 
     </span>
     <span class='ocr_line' id='line_1_21' title="bbox 116 1768 1362 1865; baseline 0.002 -24"><span class='ocrx_word' id='word_1_211' title='bbox 116 1768 216 1853; x_wconf 82' lang='grc' dir='ltr'><strong><em>ναιιίὸς</em></strong></span> <span class='ocrx_word' id='word_1_212' title='bbox 228 1779 434 1860; x_wconf 86' lang='grc' dir='ltr'><strong><em>συνῳκισμένης</em></strong></span> <span class='ocrx_word' id='word_1_213' title='bbox 446 1773 542 1862; x_wconf 85' lang='grc' dir='ltr'><strong><em>ἀνδρί,</em></strong></span> <span class='ocrx_word' id='word_1_214' title='bbox 553 1773 722 1843; x_wconf 86' lang='grc' dir='ltr'><strong><em>ἀποκτενεῖ-</em></strong></span> <span class='ocrx_word' id='word_1_215' title='bbox 756 1776 885 1863; x_wconf 82' lang='grc' dir='ltr'><strong><em>ῇθελησε</em></strong></span> <span class='ocrx_word' id='word_1_216' title='bbox 897 1773 998 1865; x_wconf 78' lang='grc' dir='ltr'><strong><em>κύριος</em></strong></span> <span class='ocrx_word' id='word_1_217' title='bbox 1010 1773 1028 1841; x_wconf 86' lang='grc' dir='ltr'><strong>ὁ</strong></span> <span class='ocrx_word' id='word_1_218' title='bbox 1040 1771 1112 1852; x_wconf 86' lang='grc' dir='ltr'><strong><em>θεός</em></strong></span> <span class='ocrx_word' id='word_1_219' title='bbox 1125 1801 1182 1843; x_wconf 91' lang='grc' dir='ltr'><strong><em>σου</em></strong></span> <span class='ocrx_word' id='word_1_220' title='bbox 1193 1780 1362 1854; x_wconf 84' lang='grc' dir='ltr'><strong><em>είςακοῦσαι</em></strong></span> 
     </span>
     <span class='ocr_line' id='line_1_22' title="bbox 117 1856 1361 1946; baseline 0.002 -21"><span class='ocrx_word' id='word_1_221' title='bbox 117 1886 149 1925; x_wconf 88' lang='grc' dir='ltr'><strong><em>τε</em></strong></span> <span class='ocrx_word' id='word_1_222' title='bbox 161 1860 356 1946; x_wconf 87' lang='grc' dir='ltr'><strong><em>ἀμφοτέρους,</em></strong></span> <span class='ocrx_word' id='word_1_223' title='bbox 373 1857 427 1926; x_wconf 87' lang='grc' dir='ltr'><strong><em>τὸν</em></strong></span> <span class='ocrx_word' id='word_1_224' title='bbox 439 1859 536 1946; x_wconf 84' lang='grc' dir='ltr'><strong><em>ἀνδρα</em></strong></span> <span class='ocrx_word' id='word_1_225' title='bbox 547 1858 602 1925; x_wconf 86' lang='grc' dir='ltr'><strong><em>τὸν</em></strong></span> <span class='ocrx_word' id='word_1_226' title='bbox 614 1857 723 1945; x_wconf 83' lang='grc' dir='ltr'><strong><em>κοιμώ-</em></strong></span> <span class='ocrx_word' id='word_1_227' title='bbox 754 1867 810 1926; x_wconf 85' lang='grc' dir='ltr'><strong><em>τοῦ</em></strong></span> <span class='ocrx_word' id='word_1_228' title='bbox 826 1857 971 1945; x_wconf 87' lang='grc' dir='ltr'><strong><em>Βαλαάμ.</em></strong></span> <span class='ocrx_word' id='word_1_229' title='bbox 998 1862 1050 1926; x_wconf 82' lang='grc' dir='ltr'><strong><em>καί</em></strong></span> <span class='ocrx_word' id='word_1_230' title='bbox 1066 1863 1243 1944; x_wconf 68' lang='grc' dir='ltr'><strong><em>μετέστρεφε</em></strong></span> <span class='ocrx_word' id='word_1_231' title='bbox 1260 1856 1361 1944; x_wconf 77' lang='grc' dir='ltr'><strong><em>κύριος</em></strong></span> 
     </span>
     <span class='ocr_line' id='line_1_23' title="bbox 115 1939 1361 2029; baseline 0.002 -21"><span class='ocrx_word' id='word_1_232' title='bbox 115 1970 200 2028; x_wconf 92' lang='grc' dir='ltr'><strong><em>μενον</em></strong></span> <span class='ocrx_word' id='word_1_233' title='bbox 211 1945 283 2028; x_wconf 84' lang='grc' dir='ltr'><strong><em>μετὰ</em></strong></span> <span class='ocrx_word' id='word_1_234' title='bbox 296 1950 349 2027; x_wconf 79' lang='grc' dir='ltr'><strong><em>τῇς</em></strong></span> <span class='ocrx_word' id='word_1_235' title='bbox 360 1942 513 2022; x_wconf 88' lang='grc' dir='ltr'><strong><em>γυναικὸς,</em></strong></span> <span class='ocrx_word' id='word_1_236' title='bbox 538 1947 589 2007; x_wconf 86' lang='grc' dir='ltr'><strong><em>καί</em></strong></span> <span class='ocrx_word' id='word_1_237' title='bbox 601 1942 656 2010; x_wconf 76' lang='grc' dir='ltr'><strong><em>τ“ν</em></strong></span> <span class='ocrx_word' id='word_1_238' title='bbox 668 1972 723 2022; x_wconf 91' lang='grc' dir='ltr'><strong><em>γυ-</em></strong></span> <span class='ocrx_word' id='word_1_239' title='bbox 754 1941 772 2010; x_wconf 83' lang='grc' dir='ltr'><strong>ὅ</strong></span> <span class='ocrx_word' id='word_1_240' title='bbox 784 1941 855 2022; x_wconf 86' lang='grc' dir='ltr'><strong><em>θεός</em></strong></span> <span class='ocrx_word' id='word_1_241' title='bbox 872 1971 927 2011; x_wconf 93' lang='grc' dir='ltr'><strong><em>σου</em></strong></span> <span class='ocrx_word' id='word_1_242' title='bbox 944 1942 999 2019; x_wconf 90' lang='grc' dir='ltr'><strong><em>τάς</em></strong></span> <span class='ocrx_word' id='word_1_243' title='bbox 1016 1939 1150 2029; x_wconf 89' lang='grc' dir='ltr'><strong><em>κατάρας</em></strong></span> <span class='ocrx_word' id='word_1_244' title='bbox 1162 1949 1201 2020; x_wconf 82' lang='grc' dir='ltr'><strong><em>είς</em></strong></span> <span class='ocrx_word' id='word_1_245' title='bbox 1213 1945 1361 2024; x_wconf 77' lang='grc' dir='ltr'><strong><em>εὐλογίαν,</em></strong></span> 
     </span>
     <span class='ocr_line' id='line_1_24' title="bbox 116 1973 1360 2113; baseline 0.002 -20"><span class='ocrx_word' id='word_1_246' title='bbox 116 2039 212 2094; x_wconf 86' lang='grc' dir='ltr'><strong><em>ναῖκα.</em></strong></span> <span class='ocrx_word' id='word_1_247' title='bbox 229 2031 281 2093; x_wconf 86' lang='grc' dir='ltr'><strong><em>καί</em></strong></span> <span class='ocrx_word' id='word_1_248' title='bbox 293 2031 403 2112; x_wconf 83' lang='grc' dir='ltr'><strong><em>ἐξαρεῖς</em></strong></span> <span class='ocrx_word' id='word_1_249' title='bbox 416 2025 468 2092; x_wconf 81' lang='grc' dir='ltr'><strong><em>τὸν</em></strong></span> <span class='ocrx_word' id='word_1_250' title='bbox 480 2025 610 2111; x_wconf 89' lang='grc' dir='ltr'><strong><em>πονηρὸν</em></strong></span> <span class='ocrx_word' id='word_1_251' title='bbox 621 1973 652 2103; x_wconf 77' lang='grc' dir='ltr'><strong><em>ἐξ</em></strong></span> <span class='ocrx_word' id='word_1_252' title='bbox 662 2025 723 2092; x_wconf 86' lang='grc' dir='ltr'><strong><em>Ἰσ-</em></strong></span> <span class='ocrx_word' id='word_1_253' title='bbox 754 2023 801 2092; x_wconf 76' lang='grc' dir='ltr'><strong><em>ὅτι</em></strong></span> <span class='ocrx_word' id='word_1_254' title='bbox 814 2025 953 2113; x_wconf 81' lang='grc' dir='ltr'><strong><em>ἧγάπησέ</em></strong></span> <span class='ocrx_word' id='word_1_255' title='bbox 964 2053 996 2093; x_wconf 92' lang='grc' dir='ltr'><strong><em>σε</em></strong></span> <span class='ocrx_word' id='word_1_256' title='bbox 1005 2025 1107 2113; x_wconf 78' lang='grc' dir='ltr'><strong><em>κύριος</em></strong></span> <span class='ocrx_word' id='word_1_257' title='bbox 1117 2025 1135 2092; x_wconf 81' lang='grc' dir='ltr'><strong>ὁ</strong></span> <span class='ocrx_word' id='word_1_258' title='bbox 1144 2023 1215 2104; x_wconf 81' lang='grc' dir='ltr'><strong><em>θεός</em></strong></span> <span class='ocrx_word' id='word_1_259' title='bbox 1224 2055 1287 2094; x_wconf 91' lang='grc' dir='ltr'><strong><em>σου.</em></strong></span> <span class='ocrx_word' id='word_1_260' title='bbox 1301 2028 1360 2095; x_wconf 72' lang='grc' dir='ltr'><strong><em>6οιί</em></strong></span> 
     </span>
     <span class='ocr_line' id='line_1_25' title="bbox 116 2107 1361 2214; baseline 0.002 -39"><span class='ocrx_word' id='word_1_261' title='bbox 116 2108 203 2195; x_wconf 77' lang='grc' dir='ltr'><strong><em>ραῇλ.</em></strong></span> <span class='ocrx_word' id='word_1_262' title='bbox 229 2114 258 2155; x_wconf 86' lang='lat'><strong><em>²³</em></strong></span> <span class='ocrx_word' id='word_1_263' title='bbox 272 2109 368 2176; x_wconf 75' lang='grc' dir='ltr'><strong><em>ἐάνδέ</em></strong></span> <span class='ocrx_word' id='word_1_264' title='bbox 384 2114 503 2214; x_wconf 82' lang='grc' dir='ltr'><strong><em>γένηται</em></strong></span> <span class='ocrx_word' id='word_1_265' title='bbox 518 2122 591 2184; x_wconf 88' lang='grc' dir='ltr'><strong><em>παῖς</em></strong></span> <span class='ocrx_word' id='word_1_266' title='bbox 603 2114 722 2195; x_wconf 86' lang='grc' dir='ltr'><strong><em>παρθέ-</em></strong></span> <span class='ocrx_word' id='word_1_267' title='bbox 754 2107 993 2198; x_wconf 81' lang='grc' dir='ltr'><strong><em>προςαγορειίσεις</em></strong></span> <span class='ocrx_word' id='word_1_268' title='bbox 1021 2108 1149 2198; x_wconf 80' lang='grc' dir='ltr'><strong><em>είρηνικά</em></strong></span> <span class='ocrx_word' id='word_1_269' title='bbox 1179 2110 1284 2186; x_wconf 77' lang='grc' dir='ltr'><strong><em>αὐτοῖς</em></strong></span> <span class='ocrx_word' id='word_1_270' title='bbox 1309 2115 1361 2177; x_wconf 78' lang='grc' dir='ltr'><strong><em>καί</em></strong></span> 
     </span>
     <span class='ocr_line' id='line_1_26' title="bbox 117 2190 1361 2298; baseline 0.002 -41"><span class='ocrx_word' id='word_1_271' title='bbox 117 2219 165 2270; x_wconf 92' lang='grc' dir='ltr'><strong><em>νος</em></strong></span> <span class='ocrx_word' id='word_1_272' title='bbox 189 2197 414 2280; x_wconf 69' lang='grc' dir='ltr'><strong><em>μεμνηστευμενη</em></strong></span> <span class='ocrx_word' id='word_1_273' title='bbox 437 2195 535 2276; x_wconf 86' lang='grc' dir='ltr'><strong><em>ανδρί,</em></strong></span> <span class='ocrx_word' id='word_1_274' title='bbox 559 2195 610 2257; x_wconf 83' lang='grc' dir='ltr'><strong><em>καί</em></strong></span> <span class='ocrx_word' id='word_1_275' title='bbox 628 2191 721 2278; x_wconf 72' lang='grc' dir='ltr'><strong><em>εὑρών</em></strong></span> <span class='ocrx_word' id='word_1_276' title='bbox 755 2197 944 2278; x_wconf 74' lang='grc' dir='ltr'><strong><em>συμφέροντα</em></strong></span> <span class='ocrx_word' id='word_1_277' title='bbox 956 2192 1060 2270; x_wconf 73' lang='grc' dir='ltr'><strong><em>αὐτοῖς</em></strong></span> <span class='ocrx_word' id='word_1_278' title='bbox 1071 2190 1172 2269; x_wconf 89' lang='grc' dir='ltr'><strong><em>πάσας</em></strong></span> <span class='ocrx_word' id='word_1_279' title='bbox 1182 2190 1236 2269; x_wconf 87' lang='grc' dir='ltr'><strong><em>τάς</em></strong></span> <span class='ocrx_word' id='word_1_280' title='bbox 1249 2191 1361 2298; x_wconf 78' lang='grc' dir='ltr'><strong><em>ἡμέρας</em></strong></span> 
     </span>
     <span class='ocr_line' id='line_1_27' title="bbox 115 2272 1361 2367; baseline 0.001 -26"><span class='ocrx_word' id='word_1_281' title='bbox 115 2277 211 2362; x_wconf 70' lang='grc' dir='ltr'><strong><em>αὐτὴν</em></strong></span> <span class='ocrx_word' id='word_1_282' title='bbox 236 2277 401 2361; x_wconf 79' lang='grc' dir='ltr'><strong><em>ἅνθρωπος</em></strong></span> <span class='ocrx_word' id='word_1_283' title='bbox 426 2279 456 2339; x_wconf 91' lang='grc' dir='ltr'><strong><em>ἐν</em></strong></span> <span class='ocrx_word' id='word_1_284' title='bbox 480 2275 565 2341; x_wconf 85' lang='grc' dir='ltr'><strong><em>πόλει</em></strong></span> <span class='ocrx_word' id='word_1_285' title='bbox 589 2280 722 2367; x_wconf 78' lang='grc' dir='ltr'><strong><em>κοιμηθῇ</em></strong></span> <span class='ocrx_word' id='word_1_286' title='bbox 755 2301 812 2340; x_wconf 89' lang='grc' dir='ltr'><strong><em>σου</em></strong></span> <span class='ocrx_word' id='word_1_287' title='bbox 825 2281 864 2351; x_wconf 81' lang='grc' dir='ltr'><strong><em>είς</em></strong></span> <span class='ocrx_word' id='word_1_288' title='bbox 876 2276 929 2341; x_wconf 90' lang='grc' dir='ltr'><strong><em>τὸν</em></strong></span> <span class='ocrx_word' id='word_1_289' title='bbox 942 2280 1045 2341; x_wconf 79' lang='grc' dir='ltr'><strong><em>αἰῶνα.</em></strong></span> <span class='ocrx_word' id='word_1_290' title='bbox 1065 2272 1121 2339; x_wconf 79' lang='grc' dir='ltr'><strong><em>7οά</em></strong></span> <span class='ocrx_word' id='word_1_291' title='bbox 1134 2274 1257 2366; x_wconf 78' lang='grc' dir='ltr'><strong><em>βδελύξη</em></strong></span> <span class='ocrx_word' id='word_1_292' title='bbox 1272 2278 1361 2342; x_wconf 89' lang='grc' dir='ltr'><strong><em>Ιδου·</em></strong></span> 
     </span>
     <span class='ocr_line' id='line_1_28' title="bbox 114 2353 1360 2446; baseline 0.002 -24"><span class='ocrx_word' id='word_1_293' title='bbox 114 2359 172 2443; x_wconf 79' lang='grc' dir='ltr'><strong><em>μετ’</em></strong></span> <span class='ocrx_word' id='word_1_294' title='bbox 191 2359 292 2442; x_wconf 80' lang='grc' dir='ltr'><strong><em>αὐτῇς,</em></strong></span> <span class='ocrx_word' id='word_1_295' title='bbox 308 2355 458 2434; x_wconf 69' lang='grc' dir='ltr'><strong><em>22ἐξάξετε</em></strong></span> <span class='ocrx_word' id='word_1_296' title='bbox 471 2356 659 2444; x_wconf 83' lang='grc' dir='ltr'><strong><em>ἀμφοτέρους</em></strong></span> <span class='ocrx_word' id='word_1_297' title='bbox 673 2360 724 2421; x_wconf 82' lang='grc' dir='ltr'><strong><em>ἐπὶ</em></strong></span> <span class='ocrx_word' id='word_1_298' title='bbox 753 2369 856 2441; x_wconf 92' lang='grc' dir='ltr'><strong><em>μαῖον,</em></strong></span> <span class='ocrx_word' id='word_1_299' title='bbox 868 2355 916 2422; x_wconf 79' lang='grc' dir='ltr'><strong><em>ὅτι</em></strong></span> <span class='ocrx_word' id='word_1_300' title='bbox 928 2353 1054 2438; x_wconf 79' lang='grc' dir='ltr'><strong><em>ἀδελφός</em></strong></span> <span class='ocrx_word' id='word_1_301' title='bbox 1067 2384 1123 2423; x_wconf 90' lang='grc' dir='ltr'><strong><em>σου</em></strong></span> <span class='ocrx_word' id='word_1_302' title='bbox 1137 2364 1225 2423; x_wconf 88' lang='grc' dir='ltr'><strong><em>ἐστίν.</em></strong></span> <span class='ocrx_word' id='word_1_303' title='bbox 1243 2360 1281 2424; x_wconf 84' lang='grc' dir='ltr'><strong><em>οὐ</em></strong></span> <span class='ocrx_word' id='word_1_304' title='bbox 1292 2362 1360 2446; x_wconf 80' lang='grc' dir='ltr'><strong><em>βδε-</em></strong></span> 
     </span>
     <span class='ocr_line' id='line_1_29' title="bbox 115 2436 1361 2524; baseline 0 -19"><span class='ocrx_word' id='word_1_305' title='bbox 115 2441 171 2524; x_wconf 80' lang='grc' dir='ltr'><strong><em>τῇν</em></strong></span> <span class='ocrx_word' id='word_1_306' title='bbox 183 2438 279 2523; x_wconf 83' lang='grc' dir='ltr'><strong><em>πύλην</em></strong></span> <span class='ocrx_word' id='word_1_307' title='bbox 292 2445 343 2522; x_wconf 84' lang='grc' dir='ltr'><strong><em>τῇς</em></strong></span> <span class='ocrx_word' id='word_1_308' title='bbox 355 2436 472 2512; x_wconf 80' lang='grc' dir='ltr'><strong><em>πόλεως</em></strong></span> <span class='ocrx_word' id='word_1_309' title='bbox 486 2441 596 2512; x_wconf 79' lang='grc' dir='ltr'><strong><em>αὐτῶν,</em></strong></span> <span class='ocrx_word' id='word_1_310' title='bbox 615 2441 668 2502; x_wconf 83' lang='grc' dir='ltr'><strong><em>καί</em></strong></span> <span class='ocrx_word' id='word_1_311' title='bbox 679 2439 725 2501; x_wconf 92' lang='grc' dir='ltr'><strong><em>λι-</em></strong></span> <span class='ocrx_word' id='word_1_312' title='bbox 755 2436 827 2521; x_wconf 78' lang='grc' dir='ltr'><strong><em>λάξη</em></strong></span> <span class='ocrx_word' id='word_1_313' title='bbox 842 2436 1023 2516; x_wconf 75' lang='grc' dir='ltr'><strong><em>Αίγύπτιον,</em></strong></span> <span class='ocrx_word' id='word_1_314' title='bbox 1040 2436 1087 2502; x_wconf 81' lang='grc' dir='ltr'><strong><em>ὅτι</em></strong></span> <span class='ocrx_word' id='word_1_315' title='bbox 1100 2436 1245 2522; x_wconf 86' lang='grc' dir='ltr'><strong><em>πάροικος</em></strong></span> <span class='ocrx_word' id='word_1_316' title='bbox 1258 2446 1361 2516; x_wconf 83' lang='grc' dir='ltr'><strong><em>ἐγένου</em></strong></span> 
     </span>
     <span class='ocr_line' id='line_1_30' title="bbox 115 2512 1361 2614; baseline -0.01 -26"><span class='ocrx_word' id='word_1_317' title='bbox 115 2519 388 2609; x_wconf 82' lang='grc' dir='ltr'><strong><em>θοβοληθῇσονται</em></strong></span> <span class='ocrx_word' id='word_1_318' title='bbox 402 2523 432 2585; x_wconf 88' lang='grc' dir='ltr'><strong><em>ἐν</em></strong></span> <span class='ocrx_word' id='word_1_319' title='bbox 445 2521 557 2595; x_wconf 84' lang='grc' dir='ltr'><strong><em>λίθοις,</em></strong></span> <span class='ocrx_word' id='word_1_320' title='bbox 582 2522 633 2583; x_wconf 80' lang='grc' dir='ltr'><strong><em>καί</em></strong></span> <span class='ocrx_word' id='word_1_321' title='bbox 645 2519 725 2584; x_wconf 87' lang='grc' dir='ltr'><strong><em>ἀπο-</em></strong></span> <span class='ocrx_word' id='word_1_322' title='bbox 756 2525 787 2586; x_wconf 85' lang='grc' dir='ltr'><strong><em>ἐν</em></strong></span> <span class='ocrx_word' id='word_1_323' title='bbox 799 2512 836 2614; x_wconf 73' lang='grc' dir='ltr'><strong><em>ἀῇ</em></strong></span> <span class='ocrx_word' id='word_1_324' title='bbox 849 2526 889 2605; x_wconf 78' lang='grc' dir='ltr'><strong><em>γῇ</em></strong></span> <span class='ocrx_word' id='word_1_325' title='bbox 902 2519 1006 2585; x_wconf 77' lang='grc' dir='ltr'><strong><em>αὐτοῦ.</em></strong></span> <span class='ocrx_word' id='word_1_326' title='bbox 1043 2522 1060 2563; x_wconf 81' lang='lat'><strong>⁸</strong></span> <span class='ocrx_word' id='word_1_327' title='bbox 1074 2522 1134 2584; x_wconf 78' lang='grc' dir='ltr'><strong><em>υἱοί</em></strong></span> <span class='ocrx_word' id='word_1_328' title='bbox 1147 2520 1199 2584; x_wconf 82' lang='grc' dir='ltr'><strong><em>ἐὰν</em></strong></span> <span class='ocrx_word' id='word_1_329' title='bbox 1210 2528 1361 2606; x_wconf 81' lang='grc' dir='ltr'><strong><em>γεννηθῶ.</em></strong></span> 
     </span>
     <span class='ocr_line' id='line_1_31' title="bbox 113 2594 1361 2695; baseline 0 -24"><span class='ocrx_word' id='word_1_330' title='bbox 113 2611 292 2672; x_wconf 83' lang='grc' dir='ltr'><strong><em>θανοῦνται.</em></strong></span> <span class='ocrx_word' id='word_1_331' title='bbox 318 2601 372 2690; x_wconf 81' lang='grc' dir='ltr'><strong><em>τῇν</em></strong></span> <span class='ocrx_word' id='word_1_332' title='bbox 383 2608 486 2682; x_wconf 82' lang='grc' dir='ltr'><strong><em>νεᾶνιν,</em></strong></span> <span class='ocrx_word' id='word_1_333' title='bbox 511 2602 557 2667; x_wconf 80' lang='grc' dir='ltr'><strong><em>ὅτι</em></strong></span> <span class='ocrx_word' id='word_1_334' title='bbox 571 2601 624 2666; x_wconf 80' lang='grc' dir='ltr'><strong><em>οὐκ</em></strong></span> <span class='ocrx_word' id='word_1_335' title='bbox 638 2599 724 2690; x_wconf 86' lang='grc' dir='ltr'><strong><em>ἐβόη-</em></strong></span> <span class='ocrx_word' id='word_1_336' title='bbox 755 2630 800 2671; x_wconf 89' lang='grc' dir='ltr'><strong><em>σιν</em></strong></span> <span class='ocrx_word' id='word_1_337' title='bbox 812 2594 929 2681; x_wconf 74' lang='grc' dir='ltr'><strong><em>αὐτοῖς,</em></strong></span> <span class='ocrx_word' id='word_1_338' title='bbox 953 2608 1035 2687; x_wconf 81' lang='grc' dir='ltr'><strong><em>γενεᾷ</em></strong></span> <span class='ocrx_word' id='word_1_339' title='bbox 1054 2610 1139 2695; x_wconf 84' lang='grc' dir='ltr'><strong><em>τρίτη</em></strong></span> <span class='ocrx_word' id='word_1_340' title='bbox 1156 2600 1361 2680; x_wconf 80' lang='grc' dir='ltr'><strong><em>εἰςελεάσονται</em></strong></span> 
     </span>
     <span class='ocr_line' id='line_1_32' title="bbox 115 2683 1360 2782; baseline -0.001 -27"><span class='ocrx_word' id='word_1_341' title='bbox 115 2717 165 2756; x_wconf 89' lang='grc' dir='ltr'><strong><em>σεν</em></strong></span> <span class='ocrx_word' id='word_1_342' title='bbox 183 2692 214 2754; x_wconf 88' lang='grc' dir='ltr'><strong><em>ἐν</em></strong></span> <span class='ocrx_word' id='word_1_343' title='bbox 233 2695 270 2782; x_wconf 92' lang='grc' dir='ltr'><strong><em>τῇ</em></strong></span> <span class='ocrx_word' id='word_1_344' title='bbox 288 2683 381 2752; x_wconf 87' lang='grc' dir='ltr'><strong><em>πόλει.</em></strong></span> <span class='ocrx_word' id='word_1_345' title='bbox 405 2690 456 2754; x_wconf 88' lang='grc' dir='ltr'><strong><em>καί</em></strong></span> <span class='ocrx_word' id='word_1_346' title='bbox 472 2685 527 2753; x_wconf 87' lang='grc' dir='ltr'><strong><em>τὸν</em></strong></span> <span class='ocrx_word' id='word_1_347' title='bbox 546 2685 721 2773; x_wconf 80' lang='grc' dir='ltr'><strong><em>ἀνθρώπου,</em></strong></span> <span class='ocrx_word' id='word_1_348' title='bbox 755 2694 794 2765; x_wconf 85' lang='grc' dir='ltr'><strong><em>εἷς</em></strong></span> <span class='ocrx_word' id='word_1_349' title='bbox 807 2689 963 2772; x_wconf 87' lang='grc' dir='ltr'><strong><em>ἐκκλησίαν</em></strong></span> <span class='ocrx_word' id='word_1_350' title='bbox 974 2693 1087 2772; x_wconf 89' lang='grc' dir='ltr'><strong><em>κυρίου.</em></strong></span> <span class='ocrx_word' id='word_1_351' title='bbox 1107 2685 1180 2752; x_wconf 80' lang='grc' dir='ltr'><strong><em>2ἐάν</em></strong></span> <span class='ocrx_word' id='word_1_352' title='bbox 1191 2689 1222 2754; x_wconf 80' lang='grc' dir='ltr'><strong><em>δι’</em></strong></span> <span class='ocrx_word' id='word_1_353' title='bbox 1236 2690 1360 2776; x_wconf 78' lang='grc' dir='ltr'><strong><em>ἐξέλθης</em></strong></span> 
     </span>
     <span class='ocr_line' id='line_1_33' title="bbox 113 2765 1358 2861; baseline 0 -21"><span class='ocrx_word' id='word_1_354' title='bbox 113 2770 163 2840; x_wconf 80' lang='grc' dir='ltr'><strong><em>ὅτι</em></strong></span> <span class='ocrx_word' id='word_1_355' title='bbox 178 2778 351 2841; x_wconf 86' lang='grc' dir='ltr'><strong><em>ἐταπείνωσε</em></strong></span> <span class='ocrx_word' id='word_1_356' title='bbox 370 2770 423 2855; x_wconf 74' lang='grc' dir='ltr'><strong><em>τὴν</em></strong></span> <span class='ocrx_word' id='word_1_357' title='bbox 434 2783 561 2850; x_wconf 87' lang='grc' dir='ltr'><strong><em>γυναῖκα</em></strong></span> <span class='ocrx_word' id='word_1_358' title='bbox 573 2775 629 2836; x_wconf 82' lang='grc' dir='ltr'><strong><em>τοῦ</em></strong></span> <span class='ocrx_word' id='word_1_359' title='bbox 642 2771 720 2855; x_wconf 83' lang='grc' dir='ltr'><strong><em>πλη·</em></strong></span> <span class='ocrx_word' id='word_1_360' title='bbox 751 2774 949 2861; x_wconf 74' lang='grc' dir='ltr'><strong><em>παρεμβαλεῖν</em></strong></span> <span class='ocrx_word' id='word_1_361' title='bbox 974 2773 1024 2837; x_wconf 86' lang='grc' dir='ltr'><strong><em>ἐπί</em></strong></span> <span class='ocrx_word' id='word_1_362' title='bbox 1049 2771 1121 2847; x_wconf 79' lang='grc' dir='ltr'><strong><em>τοὺς</em></strong></span> <span class='ocrx_word' id='word_1_363' title='bbox 1144 2770 1269 2860; x_wconf 78' lang='grc' dir='ltr'><strong><em>ἐχθρούς</em></strong></span> <span class='ocrx_word' id='word_1_364' title='bbox 1291 2765 1358 2850; x_wconf 75' lang='grc' dir='ltr'><strong><em>σου,</em></strong></span> 
     </span>
     <span class='ocr_line' id='line_1_34' title="bbox 112 2852 1356 2942; baseline -0.002 -18"><span class='ocrx_word' id='word_1_365' title='bbox 112 2865 188 2924; x_wconf 86' lang='grc' dir='ltr'><strong><em>σίου.</em></strong></span> <span class='ocrx_word' id='word_1_366' title='bbox 203 2859 255 2924; x_wconf 82' lang='grc' dir='ltr'><strong><em>καί</em></strong></span> <span class='ocrx_word' id='word_1_367' title='bbox 267 2859 376 2942; x_wconf 82' lang='grc' dir='ltr'><strong><em>ἕξαρεῖς</em></strong></span> <span class='ocrx_word' id='word_1_368' title='bbox 388 2855 440 2922; x_wconf 84' lang='grc' dir='ltr'><strong><em>τὸν</em></strong></span> <span class='ocrx_word' id='word_1_369' title='bbox 452 2854 585 2941; x_wconf 88' lang='grc' dir='ltr'><strong><em>πονηρὸν</em></strong></span> <span class='ocrx_word' id='word_1_370' title='bbox 597 2857 628 2932; x_wconf 79' lang='grc' dir='ltr'><strong><em>ἐξ</em></strong></span> <span class='ocrx_word' id='word_1_371' title='bbox 639 2853 720 2938; x_wconf 77' lang='grc' dir='ltr'><strong><em>ὑμῶν</em></strong></span> <span class='ocrx_word' id='word_1_372' title='bbox 751 2860 802 2923; x_wconf 88' lang='grc' dir='ltr'><strong><em>καί</em></strong></span> <span class='ocrx_word' id='word_1_373' title='bbox 821 2853 936 2939; x_wconf 82' lang='grc' dir='ltr'><strong><em>φυλάξη</em></strong></span> <span class='ocrx_word' id='word_1_374' title='bbox 953 2852 1019 2940; x_wconf 71' lang='grc' dir='ltr'><strong><em>ἀπίη</em></strong></span> <span class='ocrx_word' id='word_1_375' title='bbox 1027 2854 1140 2930; x_wconf 85' lang='grc' dir='ltr'><strong><em>παντὸς</em></strong></span> <span class='ocrx_word' id='word_1_376' title='bbox 1155 2854 1287 2940; x_wconf 70' lang='grc' dir='ltr'><strong><em>ῥήματος</em></strong></span> <span class='ocrx_word' id='word_1_377' title='bbox 1298 2885 1356 2922; x_wconf 86' lang='grc' dir='ltr'><strong><em>πο-</em></strong></span> 
     </span>
     <span class='ocr_line' id='line_1_35' title="bbox 111 2932 1359 3034; baseline -0.002 -27"><span class='ocrx_word' id='word_1_378' title='bbox 111 2942 220 3008; x_wconf 81' lang='grc' dir='ltr'><strong><em>αὐτών.</em></strong></span> <span class='ocrx_word' id='word_1_379' title='bbox 251 2939 345 3006; x_wconf 64' lang='grc' dir='ltr'><strong><em>22ἐάν</em></strong></span> <span class='ocrx_word' id='word_1_380' title='bbox 365 2939 398 3004; x_wconf 82' lang='grc' dir='ltr'><strong><em>δὲ</em></strong></span> <span class='ocrx_word' id='word_1_381' title='bbox 415 2945 447 3005; x_wconf 82' lang='grc' dir='ltr'><strong><em>ἐν</em></strong></span> <span class='ocrx_word' id='word_1_382' title='bbox 463 2942 556 3024; x_wconf 83' lang='grc' dir='ltr'><strong><em>πεδίῳ</em></strong></span> <span class='ocrx_word' id='word_1_383' title='bbox 574 2937 645 3034; x_wconf 77' lang='grc' dir='ltr'><strong><em>εῧρῇ</em></strong></span> <span class='ocrx_word' id='word_1_384' title='bbox 665 2937 718 3004; x_wconf 84' lang='grc' dir='ltr'><strong><em>ἀν·</em></strong></span> <span class='ocrx_word' id='word_1_385' title='bbox 751 2947 852 3027; x_wconf 76' lang='grc' dir='ltr'><strong><em>κηροῦ.</em></strong></span> <span class='ocrx_word' id='word_1_386' title='bbox 888 2932 984 3005; x_wconf 76' lang='grc' dir='ltr'><strong><em>10’ἐάν</em></strong></span> <span class='ocrx_word' id='word_1_387' title='bbox 999 2942 1019 3033; x_wconf 83' lang='grc' dir='ltr'><strong><em>ῇ</em></strong></span> <span class='ocrx_word' id='word_1_388' title='bbox 1035 2943 1066 3005; x_wconf 84' lang='grc' dir='ltr'><strong><em>ἐν</em></strong></span> <span class='ocrx_word' id='word_1_389' title='bbox 1079 2942 1126 3004; x_wconf 80' lang='grc' dir='ltr'><strong><em>σοι’</em></strong></span> <span class='ocrx_word' id='word_1_390' title='bbox 1140 2941 1308 3025; x_wconf 76' lang='grc' dir='ltr'><strong><em>ἅνθρωπος</em></strong></span> <span class='ocrx_word' id='word_1_391' title='bbox 1325 2937 1359 3016; x_wconf 82' lang='grc' dir='ltr'><strong><em>ὃς</em></strong></span> 
     </span>
     <span class='ocr_line' id='line_1_36' title="bbox 110 3020 1357 3111; baseline -0.001 -21"><span class='ocrx_word' id='word_1_392' title='bbox 110 3039 238 3111; x_wconf 86' lang='grc' dir='ltr'><strong><em>θρωπος</em></strong></span> <span class='ocrx_word' id='word_1_393' title='bbox 256 3021 309 3106; x_wconf 72' lang='grc' dir='ltr'><strong><em>τὴν</em></strong></span> <span class='ocrx_word' id='word_1_394' title='bbox 325 3025 421 3090; x_wconf 88' lang='grc' dir='ltr'><strong><em>παῖδα</em></strong></span> <span class='ocrx_word' id='word_1_395' title='bbox 438 3022 493 3108; x_wconf 73' lang='grc' dir='ltr'><strong><em>τὴν</em></strong></span> <span class='ocrx_word' id='word_1_396' title='bbox 505 3026 718 3107; x_wconf 85' lang='grc' dir='ltr'><strong><em>μεμνηστευμέ-</em></strong></span> <span class='ocrx_word' id='word_1_397' title='bbox 750 3026 803 3090; x_wconf 81' lang='grc' dir='ltr'><strong><em>οὐκ</em></strong></span> <span class='ocrx_word' id='word_1_398' title='bbox 821 3029 902 3091; x_wconf 77' lang='grc' dir='ltr'><strong><em>ἐσται</em></strong></span> <span class='ocrx_word' id='word_1_399' title='bbox 921 3021 1059 3108; x_wconf 85' lang='grc' dir='ltr'><strong><em>καθαρὸς</em></strong></span> <span class='ocrx_word' id='word_1_400' title='bbox 1078 3027 1110 3088; x_wconf 76' lang='grc' dir='ltr'><strong><em>ἐκ</em></strong></span> <span class='ocrx_word' id='word_1_401' title='bbox 1127 3020 1239 3110; x_wconf 72' lang='grc' dir='ltr'><strong><em>ῥώσεως</em></strong></span> <span class='ocrx_word' id='word_1_402' title='bbox 1259 3022 1357 3089; x_wconf 80' lang='grc' dir='ltr'><strong><em>αὐτοῦ</em></strong></span> 
     </span>
     <span class='ocr_line' id='line_1_37' title="bbox 109 3103 1356 3201; baseline 0 -28"><span class='ocrx_word' id='word_1_403' title='bbox 109 3135 177 3193; x_wconf 90' lang='grc' dir='ltr'><strong><em>νην,</em></strong></span> <span class='ocrx_word' id='word_1_404' title='bbox 193 3111 244 3173; x_wconf 86' lang='grc' dir='ltr'><strong><em>καί</em></strong></span> <span class='ocrx_word' id='word_1_405' title='bbox 255 3104 430 3194; x_wconf 79' lang='grc' dir='ltr'><strong><em>βιασάμενος</em></strong></span> <span class='ocrx_word' id='word_1_406' title='bbox 441 3113 571 3201; x_wconf 75' lang='grc' dir='ltr'><strong><em>κοιμηθῇ</em></strong></span> <span class='ocrx_word' id='word_1_407' title='bbox 583 3106 643 3191; x_wconf 85' lang='grc' dir='ltr'><strong><em>μετ’</em></strong></span> <span class='ocrx_word' id='word_1_408' title='bbox 660 3103 717 3172; x_wconf 81' lang='grc' dir='ltr'><strong><em>αὖ·</em></strong></span> <span class='ocrx_word' id='word_1_409' title='bbox 749 3107 866 3186; x_wconf 86' lang='grc' dir='ltr'><strong><em>νυκτὸς,</em></strong></span> <span class='ocrx_word' id='word_1_410' title='bbox 883 3110 934 3174; x_wconf 83' lang='grc' dir='ltr'><strong><em>καί</em></strong></span> <span class='ocrx_word' id='word_1_411' title='bbox 947 3103 1123 3184; x_wconf 73' lang='grc' dir='ltr'><strong><em>ἐξελεύσεται</em></strong></span> <span class='ocrx_word' id='word_1_412' title='bbox 1137 3113 1197 3186; x_wconf 76' lang='grc' dir='ltr'><strong><em>ε”ξω</em></strong></span> <span class='ocrx_word' id='word_1_413' title='bbox 1211 3113 1263 3192; x_wconf 80' lang='grc' dir='ltr'><strong><em>’τῇς</em></strong></span> <span class='ocrx_word' id='word_1_414' title='bbox 1274 3134 1356 3192; x_wconf 83' lang='grc' dir='ltr'><strong><em>παρ-</em></strong></span> 
     </span>
     <span class='ocr_line' id='line_1_38' title="bbox 109 3185 1335 3296; baseline -0.002 -39"><span class='ocrx_word' id='word_1_415' title='bbox 109 3198 176 3296; x_wconf 80' lang='grc' dir='ltr'><strong><em>τῇς,</em></strong></span> <span class='ocrx_word' id='word_1_416' title='bbox 194 3191 377 3257; x_wconf 87' lang='grc' dir='ltr'><strong><em>ἀποκτενεῖτε</em></strong></span> <span class='ocrx_word' id='word_1_417' title='bbox 391 3189 444 3255; x_wconf 85' lang='grc' dir='ltr'><strong><em>τὸν</em></strong></span> <span class='ocrx_word' id='word_1_418' title='bbox 456 3185 636 3274; x_wconf 87' lang='grc' dir='ltr'><strong><em>κοιμώμενον</em></strong></span> <span class='ocrx_word' id='word_1_419' title='bbox 655 3187 714 3273; x_wconf 71' lang='grc' dir='ltr'><strong><em>μετ’</em></strong></span> <span class='ocrx_word' id='word_1_420' title='bbox 748 3193 886 3280; x_wconf 84' lang='grc' dir='ltr'><strong><em>εμβολῇς,</em></strong></span> <span class='ocrx_word' id='word_1_421' title='bbox 910 3194 962 3256; x_wconf 83' lang='grc' dir='ltr'><strong><em>καί</em></strong></span> <span class='ocrx_word' id='word_1_422' title='bbox 980 3191 1035 3257; x_wconf 79' lang='grc' dir='ltr'><strong><em>οὐκ</em></strong></span> <span class='ocrx_word' id='word_1_423' title='bbox 1050 3188 1235 3266; x_wconf 80' lang='grc' dir='ltr'><strong><em>εῖςελεάσεται</em></strong></span> <span class='ocrx_word' id='word_1_424' title='bbox 1248 3198 1287 3267; x_wconf 84' lang='grc' dir='ltr'><strong><em>είς</em></strong></span> <span class='ocrx_word' id='word_1_425' title='bbox 1299 3192 1335 3295; x_wconf 74' lang='grc' dir='ltr'><strong><em>τῇ</em></strong></span> 
     </span>
     <span class='ocr_line' id='line_1_39' title="bbox 109 3270 1356 3365; baseline -0.002 -24"><span class='ocrx_word' id='word_1_426' title='bbox 109 3281 201 3359; x_wconf 80' lang='grc' dir='ltr'><strong><em>αυτῇς</em></strong></span> <span class='ocrx_word' id='word_1_427' title='bbox 225 3275 321 3355; x_wconf 86' lang='grc' dir='ltr'><strong><em>μόνον.</em></strong></span> <span class='ocrx_word' id='word_1_428' title='bbox 361 3275 393 3316; x_wconf 80' lang='lat'><strong><em>²⁶</em></strong></span> <span class='ocrx_word' id='word_1_429' title='bbox 406 3277 456 3337; x_wconf 85' lang='grc' dir='ltr'><strong><em>καί</em></strong></span> <span class='ocrx_word' id='word_1_430' title='bbox 479 3279 517 3365; x_wconf 87' lang='grc' dir='ltr'><strong><em>τῇ</em></strong></span> <span class='ocrx_word' id='word_1_431' title='bbox 536 3271 643 3339; x_wconf 89' lang='grc' dir='ltr'><strong><em>νεάνιδι</em></strong></span> <span class='ocrx_word' id='word_1_432' title='bbox 661 3270 715 3338; x_wconf 79' lang='grc' dir='ltr'><strong><em>οὐκ</em></strong></span> <span class='ocrx_word' id='word_1_433' title='bbox 747 3273 950 3361; x_wconf 69' lang='grc' dir='ltr'><strong><em>παρεμβολὴν,</em></strong></span> <span class='ocrx_word' id='word_1_434' title='bbox 994 3277 1019 3315; x_wconf 79' lang='lat'><strong><em>¹¹</em></strong></span> <span class='ocrx_word' id='word_1_435' title='bbox 1036 3276 1193 3339; x_wconf 77' lang='grc' dir='ltr'><strong><em>καλέσσαι</em></strong></span> <span class='ocrx_word' id='word_1_436' title='bbox 1218 3274 1255 3339; x_wconf 84' lang='grc' dir='ltr'><strong><em>τὸ</em></strong></span> <span class='ocrx_word' id='word_1_437' title='bbox 1279 3301 1303 3338; x_wconf 92' lang='grc' dir='ltr'><strong><em>π</em></strong></span> <span class='ocrx_word' id='word_1_438' title='bbox 1322 3301 1356 3350; x_wconf 92' lang='grc' dir='ltr'><strong><em>ος</em></strong></span> 
     </span>
     <span class='ocr_line' id='line_1_40' title="bbox 108 3302 1356 3443; baseline 0 -22"><span class='ocrx_word' id='word_1_439' title='bbox 108 3365 174 3424; x_wconf 78' lang='grc' dir='ltr'><strong><em>ε”στι</em></strong></span> <span class='ocrx_word' id='word_1_440' title='bbox 201 3353 360 3439; x_wconf 78' lang='grc' dir='ltr'><strong><em>ἁμάρτημα</em></strong></span> <span class='ocrx_word' id='word_1_441' title='bbox 384 3351 532 3419; x_wconf 83' lang='grc' dir='ltr'><strong><em>θανάτου.</em></strong></span> <span class='ocrx_word' id='word_1_442' title='bbox 569 3353 609 3429; x_wconf 81' lang='grc' dir='ltr'><strong><em>ὡς</em></strong></span> <span class='ocrx_word' id='word_1_443' title='bbox 632 3356 716 3429; x_wconf 84' lang='grc' dir='ltr'><strong><em>εἴτις</em></strong></span> <span class='ocrx_word' id='word_1_444' title='bbox 748 3361 875 3443; x_wconf 81' lang='grc' dir='ltr'><strong><em>ἑσπέραν</em></strong></span> <span class='ocrx_word' id='word_1_445' title='bbox 885 3353 1024 3420; x_wconf 81' lang='grc' dir='ltr'><strong><em>λούσεται</em></strong></span> <span class='ocrx_word' id='word_1_446' title='bbox 1034 3353 1069 3419; x_wconf 86' lang='grc' dir='ltr'><strong><em>τὸ</em></strong></span> <span class='ocrx_word' id='word_1_447' title='bbox 1082 3360 1168 3436; x_wconf 84' lang='grc' dir='ltr'><strong><em>σῶμα</em></strong></span> <span class='ocrx_word' id='word_1_448' title='bbox 1179 3353 1275 3419; x_wconf 78' lang='grc' dir='ltr'><strong><em>αὐτοῦ</em></strong></span> <span class='ocrx_word' id='word_1_449' title='bbox 1286 3302 1356 3421; x_wconf 55' lang='lat'><strong><em>{5302-</em></strong></span> 
     </span>
     <span class='ocr_line' id='line_1_41' title="bbox 107 3433 1356 3528; baseline -0.002 -22"><span class='ocrx_word' id='word_1_450' title='bbox 107 3443 266 3528; x_wconf 80' lang='grc' dir='ltr'><strong><em>ἐπαναστῇ</em></strong></span> <span class='ocrx_word' id='word_1_451' title='bbox 281 3435 447 3520; x_wconf 78' lang='grc' dir='ltr'><strong><em>ἅνθρωπος</em></strong></span> <span class='ocrx_word' id='word_1_452' title='bbox 457 3438 508 3499; x_wconf 84' lang='grc' dir='ltr'><strong><em>ἐπὶ</em></strong></span> <span class='ocrx_word' id='word_1_453' title='bbox 517 3434 570 3502; x_wconf 85' lang='grc' dir='ltr'><strong><em>τὸν</em></strong></span> <span class='ocrx_word' id='word_1_454' title='bbox 580 3437 716 3521; x_wconf 88' lang='grc' dir='ltr'><strong><em>πλησίον,</em></strong></span> <span class='ocrx_word' id='word_1_455' title='bbox 748 3466 791 3517; x_wconf 86' lang='grc' dir='ltr'><strong><em>τι,</em></strong></span> <span class='ocrx_word' id='word_1_456' title='bbox 817 3442 868 3503; x_wconf 87' lang='grc' dir='ltr'><strong><em>καί</em></strong></span> <span class='ocrx_word' id='word_1_457' title='bbox 891 3434 1045 3512; x_wconf 81' lang='grc' dir='ltr'><strong><em>δεδυκότος</em></strong></span> <span class='ocrx_word' id='word_1_458' title='bbox 1068 3434 1154 3521; x_wconf 77' lang='grc' dir='ltr'><strong><em>ῇλίου</em></strong></span> <span class='ocrx_word' id='word_1_459' title='bbox 1172 3433 1356 3510; x_wconf 86' lang='grc' dir='ltr'><strong><em>είςελείισεται</em></strong></span> 
     </span>
     <span class='ocr_line' id='line_1_42' title="bbox 107 3514 1356 3613; baseline -0.002 -25"><span class='ocrx_word' id='word_1_460' title='bbox 107 3525 162 3591; x_wconf 85' lang='grc' dir='ltr'><strong><em>καί</em></strong></span> <span class='ocrx_word' id='word_1_461' title='bbox 179 3516 308 3613; x_wconf 78' lang='grc' dir='ltr'><strong><em>φονεάσῇ</em></strong></span> <span class='ocrx_word' id='word_1_462' title='bbox 331 3517 426 3583; x_wconf 80' lang='grc' dir='ltr'><strong><em>αὐτοῦ</em></strong></span> <span class='ocrx_word' id='word_1_463' title='bbox 443 3515 555 3601; x_wconf 75' lang='grc' dir='ltr'><strong><em>ψυχὴν,</em></strong></span> <span class='ocrx_word' id='word_1_464' title='bbox 581 3514 663 3583; x_wconf 76' lang='grc' dir='ltr'><strong><em>οἷίτιο</em></strong></span> <span class='ocrx_word' id='word_1_465' title='bbox 681 3520 716 3585; x_wconf 89' lang='grc' dir='ltr'><strong><em>τὸ</em></strong></span> <span class='ocrx_word' id='word_1_466' title='bbox 748 3529 787 3599; x_wconf 82' lang='grc' dir='ltr'><strong><em>εἰς</em></strong></span> <span class='ocrx_word' id='word_1_467' title='bbox 798 3522 852 3606; x_wconf 73' lang='grc' dir='ltr'><strong><em>τὴν</em></strong></span> <span class='ocrx_word' id='word_1_468' title='bbox 864 3517 1060 3607; x_wconf 71' lang='grc' dir='ltr'><strong><em>παρεμβολήν.</em></strong></span> <span class='ocrx_word' id='word_1_469' title='bbox 1073 3521 1156 3583; x_wconf 75' lang='grc' dir='ltr'><strong><em>12καί</em></strong></span> <span class='ocrx_word' id='word_1_470' title='bbox 1168 3516 1262 3594; x_wconf 85' lang='grc' dir='ltr'><strong><em>τόπος</em></strong></span> <span class='ocrx_word' id='word_1_471' title='bbox 1272 3522 1356 3586; x_wconf 85' lang='grc' dir='ltr'><strong><em>έσται</em></strong></span> 
     </span>
     <span class='ocr_line' id='line_1_43' title="bbox 106 3597 1354 3705; baseline 0.003 -37"><span class='ocrx_word' id='word_1_472' title='bbox 106 3638 132 3674; x_wconf 77' lang='grc' dir='ltr'><strong><em>π</em></strong></span> <span class='ocrx_word' id='word_1_473' title='bbox 153 3611 235 3690; x_wconf 83' lang='grc' dir='ltr'><strong><em>ἆγμα</em></strong></span> <span class='ocrx_word' id='word_1_474' title='bbox 258 3608 368 3676; x_wconf 85' lang='grc' dir='ltr'><strong><em>τοῦτο,</em></strong></span> <span class='ocrx_word' id='word_1_475' title='bbox 408 3603 436 3644; x_wconf 83' lang='lat'><strong><em>²⁷</em></strong></span> <span class='ocrx_word' id='word_1_476' title='bbox 451 3597 499 3666; x_wconf 74' lang='grc' dir='ltr'><strong><em>ὅτι</em></strong></span> <span class='ocrx_word' id='word_1_477' title='bbox 521 3604 553 3665; x_wconf 88' lang='grc' dir='ltr'><strong><em>ἐν</em></strong></span> <span class='ocrx_word' id='word_1_478' title='bbox 570 3605 615 3705; x_wconf 73' lang='grc' dir='ltr'><strong><em>τεῇ</em></strong></span> <span class='ocrx_word' id='word_1_479' title='bbox 634 3599 718 3687; x_wconf 77' lang='grc' dir='ltr'><strong><em>ἀγρῷ</em></strong></span> <span class='ocrx_word' id='word_1_480' title='bbox 750 3633 798 3677; x_wconf 83' lang='grc' dir='ltr'><strong><em>σοι</em></strong></span> <span class='ocrx_word' id='word_1_481' title='bbox 811 3609 935 3690; x_wconf 74' lang='grc' dir='ltr'><strong><em>ἐξωτῇς</em></strong></span> <span class='ocrx_word' id='word_1_482' title='bbox 948 3604 1147 3690; x_wconf 78' lang='grc' dir='ltr'><strong><em>παρεμβολῆς,</em></strong></span> <span class='ocrx_word' id='word_1_483' title='bbox 1160 3604 1211 3667; x_wconf 81' lang='grc' dir='ltr'><strong><em>καί</em></strong></span> <span class='ocrx_word' id='word_1_484' title='bbox 1224 3600 1354 3691; x_wconf 79' lang='grc' dir='ltr'><strong><em>ἐξελεάση</em></strong></span> 
     </span>
     <span class='ocr_line' id='line_1_44' title="bbox 107 3679 1354 3788; baseline 0 -33"><span class='ocrx_word' id='word_1_485' title='bbox 107 3716 188 3777; x_wconf 83' lang='grc' dir='ltr'><strong><em>ευρεν</em></strong></span> <span class='ocrx_word' id='word_1_486' title='bbox 201 3688 304 3771; x_wconf 71' lang='grc' dir='ltr'><strong><em>αὐτήν.</em></strong></span> <span class='ocrx_word' id='word_1_487' title='bbox 319 3682 439 3773; x_wconf 85' lang='grc' dir='ltr'><strong><em>ἐβόησεν</em></strong></span> <span class='ocrx_word' id='word_1_488' title='bbox 452 3681 471 3788; x_wconf 87' lang='grc' dir='ltr'><strong><em>ῇ</em></strong></span> <span class='ocrx_word' id='word_1_489' title='bbox 485 3688 574 3758; x_wconf 83' lang='grc' dir='ltr'><strong><em>νεᾶνις</em></strong></span> <span class='ocrx_word' id='word_1_490' title='bbox 585 3711 604 3767; x_wconf 84' lang='grc' dir='ltr'><strong><em>η</em></strong></span> <span class='ocrx_word' id='word_1_491' title='bbox 614 3709 719 3768; x_wconf 80' lang='grc' dir='ltr'><strong><em>μεμνη-</em></strong></span> <span class='ocrx_word' id='word_1_492' title='bbox 751 3691 809 3751; x_wconf 84' lang='grc' dir='ltr'><strong><em>ἐκεῖ</em></strong></span> <span class='ocrx_word' id='word_1_493' title='bbox 824 3692 895 3764; x_wconf 64' lang='grc' dir='ltr'><strong><em>ἔξω.</em></strong></span> <span class='ocrx_word' id='word_1_494' title='bbox 934 3690 961 3730; x_wconf 84' lang='lat'><strong><em>¹³</em></strong></span> <span class='ocrx_word' id='word_1_495' title='bbox 973 3691 1022 3752; x_wconf 87' lang='grc' dir='ltr'><strong><em>καὶ</em></strong></span> <span class='ocrx_word' id='word_1_496' title='bbox 1040 3682 1196 3763; x_wconf 88' lang='grc' dir='ltr'><strong><em>πάσσαλος</em></strong></span> <span class='ocrx_word' id='word_1_497' title='bbox 1208 3690 1292 3753; x_wconf 78' lang='grc' dir='ltr'><strong><em>ε”σται</em></strong></span> <span class='ocrx_word' id='word_1_498' title='bbox 1305 3679 1354 3756; x_wconf 86' lang='grc' dir='ltr'><strong><em>σάι</em></strong></span> 
     </span>
     <span class='ocr_line' id='line_1_45' title="bbox 108 3757 1353 3857; baseline 0.001 -17"><span class='ocrx_word' id='word_1_499' title='bbox 108 3777 258 3857; x_wconf 86' lang='grc' dir='ltr'><strong><em>στευμένη,</em></strong></span> <span class='ocrx_word' id='word_1_500' title='bbox 274 3773 324 3835; x_wconf 80' lang='grc' dir='ltr'><strong><em>καί</em></strong></span> <span class='ocrx_word' id='word_1_501' title='bbox 337 3768 393 3834; x_wconf 85' lang='grc' dir='ltr'><strong><em>οάκ</em></strong></span> <span class='ocrx_word' id='word_1_502' title='bbox 406 3757 441 3854; x_wconf 81' lang='grc' dir='ltr'><strong><em>ῇν</em></strong></span> <span class='ocrx_word' id='word_1_503' title='bbox 454 3796 471 3834; x_wconf 97' lang='grc' dir='ltr'><strong><em>ο</em></strong></span> <span class='ocrx_word' id='word_1_504' title='bbox 483 3763 648 3854; x_wconf 65' lang='grc' dir='ltr'><strong><em>βοηθήσων</em></strong></span> <span class='ocrx_word' id='word_1_505' title='bbox 660 3770 717 3834; x_wconf 82' lang='grc' dir='ltr'><strong><em>αὑ·</em></strong></span> <span class='ocrx_word' id='word_1_506' title='bbox 751 3772 801 3834; x_wconf 84' lang='grc' dir='ltr'><strong><em>ἐπί</em></strong></span> <span class='ocrx_word' id='word_1_507' title='bbox 825 3775 876 3854; x_wconf 85' lang='grc' dir='ltr'><strong><em>τῇς</em></strong></span> <span class='ocrx_word' id='word_1_508' title='bbox 898 3767 987 3852; x_wconf 84' lang='grc' dir='ltr'><strong><em>ζώνης</em></strong></span> <span class='ocrx_word' id='word_1_509' title='bbox 1012 3797 1080 3845; x_wconf 90' lang='grc' dir='ltr'><strong><em>σου,</em></strong></span> <span class='ocrx_word' id='word_1_510' title='bbox 1106 3772 1157 3836; x_wconf 88' lang='grc' dir='ltr'><strong><em>καί</em></strong></span> <span class='ocrx_word' id='word_1_511' title='bbox 1180 3775 1261 3837; x_wconf 75' lang='grc' dir='ltr'><strong><em>ἐσται</em></strong></span> <span class='ocrx_word' id='word_1_512' title='bbox 1278 3769 1353 3841; x_wconf 78' lang='grc' dir='ltr'><strong><em>ὅταν</em></strong></span> 
     </span>
     <span class='ocr_line' id='line_1_46' title="bbox 107 3849 1351 3948; baseline -0.004 -28"><span class='ocrx_word' id='word_1_513' title='bbox 107 3865 155 3943; x_wconf 76' lang='grc' dir='ltr'><strong><em>τῇ.</em></strong></span> <span class='ocrx_word' id='word_1_514' title='bbox 182 3860 212 3901; x_wconf 88' lang='lat'><strong><em>²⁸</em></strong></span> <span class='ocrx_word' id='word_1_515' title='bbox 227 3854 278 3920; x_wconf 88' lang='grc' dir='ltr'><strong><em>ἐάν</em></strong></span> <span class='ocrx_word' id='word_1_516' title='bbox 296 3857 330 3918; x_wconf 85' lang='grc' dir='ltr'><strong><em>δέ</em></strong></span> <span class='ocrx_word' id='word_1_517' title='bbox 341 3879 385 3928; x_wconf 90' lang='grc' dir='ltr'><strong><em>τις</em></strong></span> <span class='ocrx_word' id='word_1_518' title='bbox 404 3849 474 3948; x_wconf 78' lang='grc' dir='ltr'><strong><em>εάρῇ</em></strong></span> <span class='ocrx_word' id='word_1_519' title='bbox 489 3849 543 3936; x_wconf 77' lang='grc' dir='ltr'><strong><em>την</em></strong></span> <span class='ocrx_word' id='word_1_520' title='bbox 554 3853 651 3917; x_wconf 86' lang='grc' dir='ltr'><strong><em>παῖδα</em></strong></span> <span class='ocrx_word' id='word_1_521' title='bbox 664 3851 717 3937; x_wconf 82' lang='grc' dir='ltr'><strong><em>τῇν</em></strong></span> <span class='ocrx_word' id='word_1_522' title='bbox 748 3850 959 3946; x_wconf 82' lang='grc' dir='ltr'><strong><em>διακαθιζάνῇς</em></strong></span> <span class='ocrx_word' id='word_1_523' title='bbox 971 3857 1030 3930; x_wconf 81' lang='grc' dir='ltr'><strong><em>ἔξω</em></strong></span> <span class='ocrx_word' id='word_1_524' title='bbox 1036 3903 1046 3930; x_wconf 96' lang='grc'><strong><em>,</em></strong></span> <span class='ocrx_word' id='word_1_525' title='bbox 1068 3855 1120 3919; x_wconf 86' lang='grc' dir='ltr'><strong><em>καί</em></strong></span> <span class='ocrx_word' id='word_1_526' title='bbox 1132 3851 1240 3938; x_wconf 74' lang='grc' dir='ltr'><strong><em>ὀρύξεις</em></strong></span> <span class='ocrx_word' id='word_1_527' title='bbox 1253 3860 1283 3921; x_wconf 87' lang='grc' dir='ltr'><strong><em>ἐν</em></strong></span> <span class='ocrx_word' id='word_1_528' title='bbox 1295 3859 1351 3925; x_wconf 77' lang='grc' dir='ltr'><strong><em>αὖ.</em></strong></span> 
     </span>
     <span class='ocr_line' id='line_1_47' title="bbox 107 3932 1350 4040; baseline 0 -33"><span class='ocrx_word' id='word_1_529' title='bbox 107 3932 276 4028; x_wconf 83' lang='grc' dir='ltr'><strong><em>πάρθένον,</em></strong></span> <span class='ocrx_word' id='word_1_530' title='bbox 294 3934 356 4020; x_wconf 78' lang='grc' dir='ltr'><strong><em>ἥτις</em></strong></span> <span class='ocrx_word' id='word_1_531' title='bbox 370 3935 407 4000; x_wconf 84' lang='grc' dir='ltr'><strong><em>οὐ</em></strong></span> <span class='ocrx_word' id='word_1_532' title='bbox 419 3932 639 4040; x_wconf 77' lang='grc' dir='ltr'><strong><em>μεμνῇοτευται,</em></strong></span> <span class='ocrx_word' id='word_1_533' title='bbox 664 3939 714 4003; x_wconf 87' lang='grc' dir='ltr'><strong><em>καί</em></strong></span> <span class='ocrx_word' id='word_1_534' title='bbox 748 3944 791 4022; x_wconf 80' lang='grc' dir='ltr'><strong><em>τῷ</em></strong></span> <span class='ocrx_word' id='word_1_535' title='bbox 804 3940 855 4002; x_wconf 85' lang='grc' dir='ltr'><strong><em>καὶ</em></strong></span> <span class='ocrx_word' id='word_1_536' title='bbox 869 3935 1028 4015; x_wconf 84' lang='grc' dir='ltr'><strong><em>ἐπαγαγών</em></strong></span> <span class='ocrx_word' id='word_1_537' title='bbox 1040 3933 1180 4022; x_wconf 78' lang='grc' dir='ltr'><strong><em>καλύψας</em></strong></span> <span class='ocrx_word' id='word_1_538' title='bbox 1192 3937 1245 4023; x_wconf 84' lang='grc' dir='ltr'><strong><em>τῇν</em></strong></span> <span class='ocrx_word' id='word_1_539' title='bbox 1258 3939 1350 4028; x_wconf 83' lang='grc' dir='ltr'><strong><em>ἀσχη-</em></strong></span> 
     </span>
     <span class='ocr_line' id='line_1_48' title="bbox 107 4017 1351 4123; baseline 0.001 -33"><span class='ocrx_word' id='word_1_540' title='bbox 107 4023 280 4112; x_wconf 87' lang='grc' dir='ltr'><strong><em>βιασάμενος</em></strong></span> <span class='ocrx_word' id='word_1_541' title='bbox 304 4027 434 4115; x_wconf 89' lang='grc' dir='ltr'><strong><em>κοιμηθῇ</em></strong></span> <span class='ocrx_word' id='word_1_542' title='bbox 451 4045 505 4123; x_wconf 92' lang='grc' dir='ltr'><strong><em>μετ</em></strong></span> <span class='ocrx_word' id='word_1_543' title='bbox 532 4019 638 4104; x_wconf 74' lang='grc' dir='ltr'><strong><em>αὐτῇς,</em></strong></span> <span class='ocrx_word' id='word_1_544' title='bbox 664 4024 714 4086; x_wconf 87' lang='grc' dir='ltr'><strong><em>καὶ</em></strong></span> <span class='ocrx_word' id='word_1_545' title='bbox 745 4019 875 4107; x_wconf 80' lang='grc' dir='ltr'><strong><em>μοσύνην</em></strong></span> <span class='ocrx_word' id='word_1_546' title='bbox 888 4049 951 4088; x_wconf 91' lang='grc' dir='ltr'><strong><em>σου.</em></strong></span> <span class='ocrx_word' id='word_1_547' title='bbox 970 4019 1056 4087; x_wconf 71' lang='grc' dir='ltr'><strong><em>14ὅτι</em></strong></span> <span class='ocrx_word' id='word_1_548' title='bbox 1068 4017 1168 4107; x_wconf 77' lang='grc' dir='ltr'><strong><em>κύριος</em></strong></span> <span class='ocrx_word' id='word_1_549' title='bbox 1181 4019 1198 4089; x_wconf 86' lang='grc' dir='ltr'><strong><em>δ</em></strong></span> <span class='ocrx_word' id='word_1_550' title='bbox 1211 4021 1282 4099; x_wconf 87' lang='grc' dir='ltr'><strong><em>θεός</em></strong></span> <span class='ocrx_word' id='word_1_551' title='bbox 1295 4053 1351 4091; x_wconf 89' lang='grc' dir='ltr'><strong><em>σου</em></strong></span> 
     </span>
     <span class='ocr_line' id='line_1_49' title="bbox 108 4103 1350 4194; baseline -0.002 -20"><span class='ocrx_word' id='word_1_552' title='bbox 108 4109 231 4194; x_wconf 80' lang='grc' dir='ltr'><strong><em>εὑρεθῇ,</em></strong></span> <span class='ocrx_word' id='word_1_553' title='bbox 256 4110 286 4150; x_wconf 79' lang='lat'><strong><em>²⁹</em></strong></span> <span class='ocrx_word' id='word_1_554' title='bbox 300 4103 417 4171; x_wconf 87' lang='grc' dir='ltr'><strong><em>δώσειὸ</em></strong></span> <span class='ocrx_word' id='word_1_555' title='bbox 437 4106 600 4189; x_wconf 87' lang='grc' dir='ltr'><strong><em>ἀνθρωπος</em></strong></span> <span class='ocrx_word' id='word_1_556' title='bbox 619 4103 713 4170; x_wconf 85' lang='grc' dir='ltr'><strong><em>ὁκοι-</em></strong></span> <span class='ocrx_word' id='word_1_557' title='bbox 747 4112 939 4193; x_wconf 82' lang='grc' dir='ltr'><strong><em>έμπεριπατεῖ</em></strong></span> <span class='ocrx_word' id='word_1_558' title='bbox 968 4109 998 4170; x_wconf 81' lang='grc' dir='ltr'><strong><em>ἐν</em></strong></span> <span class='ocrx_word' id='word_1_559' title='bbox 1026 4112 1065 4191; x_wconf 82' lang='grc' dir='ltr'><strong><em>τῇ</em></strong></span> <span class='ocrx_word' id='word_1_560' title='bbox 1088 4109 1257 4194; x_wconf 85' lang='grc' dir='ltr'><strong><em>παρεμβολῇ</em></strong></span> <span class='ocrx_word' id='word_1_561' title='bbox 1285 4133 1350 4185; x_wconf 92' lang='grc' dir='ltr'><strong><em>σου,</em></strong></span> 
     </span>
     <span class='ocr_line' id='line_1_50' title="bbox 107 4179 1350 4278; baseline -0.002 -21"><span class='ocrx_word' id='word_1_562' title='bbox 107 4182 208 4275; x_wconf 75' lang='grc' dir='ltr'><strong><em>μηθείς</em></strong></span> <span class='ocrx_word' id='word_1_563' title='bbox 219 4188 276 4275; x_wconf 84' lang='grc' dir='ltr'><strong><em>μετ’</em></strong></span> <span class='ocrx_word' id='word_1_564' title='bbox 293 4187 384 4270; x_wconf 76' lang='grc' dir='ltr'><strong><em>αὐτῆς</em></strong></span> <span class='ocrx_word' id='word_1_565' title='bbox 396 4192 439 4270; x_wconf 81' lang='grc' dir='ltr'><strong><em>τῷ</em></strong></span> <span class='ocrx_word' id='word_1_566' title='bbox 452 4190 545 4273; x_wconf 84' lang='grc' dir='ltr'><strong><em>πατρὶ</em></strong></span> <span class='ocrx_word' id='word_1_567' title='bbox 558 4193 610 4271; x_wconf 81' lang='grc' dir='ltr'><strong><em>τῇς</em></strong></span> <span class='ocrx_word' id='word_1_568' title='bbox 622 4186 712 4253; x_wconf 86' lang='grc' dir='ltr'><strong><em>νεάιί-</em></strong></span> <span class='ocrx_word' id='word_1_569' title='bbox 747 4191 897 4266; x_wconf 80' lang='grc' dir='ltr'><strong><em>ἐξελέσθαι</em></strong></span> <span class='ocrx_word' id='word_1_570' title='bbox 912 4216 943 4255; x_wconf 92' lang='grc' dir='ltr'><strong><em>σε</em></strong></span> <span class='ocrx_word' id='word_1_571' title='bbox 956 4193 1007 4255; x_wconf 85' lang='grc' dir='ltr'><strong><em>καὶ</em></strong></span> <span class='ocrx_word' id='word_1_572' title='bbox 1023 4179 1212 4278; x_wconf 72' lang='grc' dir='ltr'><strong><em>παραδοῦναι</em></strong></span> <span class='ocrx_word' id='word_1_573' title='bbox 1229 4179 1284 4256; x_wconf 66' lang='grc' dir='ltr'><strong><em>τ’ὸν</em></strong></span> <span class='ocrx_word' id='word_1_574' title='bbox 1302 4196 1350 4276; x_wconf 81' lang='grc' dir='ltr'><strong><em>ἐχ-</em></strong></span> 
     </span>
     <span class='ocr_line' id='line_1_51' title="bbox 108 4268 1352 4375; baseline -0.004 -33"><span class='ocrx_word' id='word_1_575' title='bbox 108 4280 159 4351; x_wconf 92' lang='grc' dir='ltr'><strong><em>δος</em></strong></span> <span class='ocrx_word' id='word_1_576' title='bbox 183 4272 366 4358; x_wconf 77' lang='grc' dir='ltr'><strong><em>πεντήκοντα</em></strong></span> <span class='ocrx_word' id='word_1_577' title='bbox 388 4272 534 4356; x_wconf 84' lang='grc' dir='ltr'><strong><em>δίδραχμα</em></strong></span> <span class='ocrx_word' id='word_1_578' title='bbox 557 4270 712 4375; x_wconf 68' lang='grc' dir='ltr'><strong><em>ἀργυρίου,</em></strong></span> <span class='ocrx_word' id='word_1_579' title='bbox 744 4268 823 4357; x_wconf 85' lang='grc' dir='ltr'><strong><em>θρόν</em></strong></span> <span class='ocrx_word' id='word_1_580' title='bbox 850 4301 906 4339; x_wconf 91' lang='grc' dir='ltr'><strong><em>σου</em></strong></span> <span class='ocrx_word' id='word_1_581' title='bbox 931 4271 992 4358; x_wconf 86' lang='grc' dir='ltr'><strong><em>πρὸ</em></strong></span> <span class='ocrx_word' id='word_1_582' title='bbox 1014 4272 1176 4359; x_wconf 88' lang='grc' dir='ltr'><strong><em>προςώπου</em></strong></span> <span class='ocrx_word' id='word_1_583' title='bbox 1203 4298 1265 4336; x_wconf 91' lang='grc' dir='ltr'><strong><em>σου.</em></strong></span> <span class='ocrx_word' id='word_1_584' title='bbox 1299 4276 1352 4337; x_wconf 83' lang='grc' dir='ltr'><strong><em>καλ</em></strong></span> 
     </span>
     <span class='ocr_line' id='line_1_52' title="bbox 106 4352 1351 4452; baseline -0.006 -27"><span class='ocrx_word' id='word_1_585' title='bbox 106 4364 157 4425; x_wconf 86' lang='grc' dir='ltr'><strong><em>καί</em></strong></span> <span class='ocrx_word' id='word_1_586' title='bbox 171 4358 266 4425; x_wconf 77' lang='grc' dir='ltr'><strong><em>αὐτοῦ</em></strong></span> <span class='ocrx_word' id='word_1_587' title='bbox 287 4360 370 4421; x_wconf 76' lang='grc' dir='ltr'><strong><em>ἔσται</em></strong></span> <span class='ocrx_word' id='word_1_588' title='bbox 386 4353 474 4438; x_wconf 80' lang='grc' dir='ltr'><strong><em>γυνῇ,</em></strong></span> <span class='ocrx_word' id='word_1_589' title='bbox 499 4352 564 4418; x_wconf 80' lang='grc' dir='ltr'><strong><em>ἀνθ’</em></strong></span> <span class='ocrx_word' id='word_1_590' title='bbox 580 4381 623 4418; x_wconf 87' lang='grc' dir='ltr'><strong><em>ων</em></strong></span> <span class='ocrx_word' id='word_1_591' title='bbox 642 4359 712 4418; x_wconf 81' lang='grc' dir='ltr'><strong><em>ἐτα-</em></strong></span> <span class='ocrx_word' id='word_1_592' title='bbox 745 4359 827 4420; x_wconf 79' lang='grc' dir='ltr'><strong><em>ἔσται</em></strong></span> <span class='ocrx_word' id='word_1_593' title='bbox 842 4353 1042 4441; x_wconf 80' lang='grc' dir='ltr'><strong><em>ῇπαρεμβολῇ</em></strong></span> <span class='ocrx_word' id='word_1_594' title='bbox 1057 4382 1111 4419; x_wconf 91' lang='grc' dir='ltr'><strong><em>σου</em></strong></span> <span class='ocrx_word' id='word_1_595' title='bbox 1125 4352 1212 4452; x_wconf 70' lang='grc' dir='ltr'><strong><em>ἁγία,</em></strong></span> <span class='ocrx_word' id='word_1_596' title='bbox 1231 4358 1281 4434; x_wconf 78' lang='grc' dir='ltr'><strong><em>καί</em></strong></span> <span class='ocrx_word' id='word_1_597' title='bbox 1295 4354 1351 4451; x_wconf 51' lang='lat' dir='ltr'><strong><em>ofin</em></strong></span> 
     </span>
     <span class='ocr_line' id='line_1_53' title="bbox 105 4431 1350 4524; baseline -0.009 -15"><span class='ocrx_word' id='word_1_598' title='bbox 105 4450 247 4510; x_wconf 89' lang='grc' dir='ltr'><strong><em>πείνιοσεν</em></strong></span> <span class='ocrx_word' id='word_1_599' title='bbox 259 4436 360 4523; x_wconf 78' lang='grc' dir='ltr'><strong><em>αάτῇν.</em></strong></span> <span class='ocrx_word' id='word_1_600' title='bbox 385 4436 422 4503; x_wconf 83' lang='grc' dir='ltr'><strong><em>οά</em></strong></span> <span class='ocrx_word' id='word_1_601' title='bbox 436 4431 586 4520; x_wconf 80' lang='grc' dir='ltr'><strong><em>δυνῇσεται</em></strong></span> <span class='ocrx_word' id='word_1_602' title='bbox 600 4441 708 4513; x_wconf 84' lang='grc' dir='ltr'><strong><em>ἐξαπο-</em></strong></span> <span class='ocrx_word' id='word_1_603' title='bbox 745 4434 915 4524; x_wconf 68' lang='grc' dir='ltr'><strong><em>ὀφθήσεται</em></strong></span> <span class='ocrx_word' id='word_1_604' title='bbox 933 4443 963 4502; x_wconf 88' lang='grc' dir='ltr'><strong><em>ἐν</em></strong></span> <span class='ocrx_word' id='word_1_605' title='bbox 981 4441 1031 4502; x_wconf 86' lang='grc' dir='ltr'><strong><em>σοί</em></strong></span> <span class='ocrx_word' id='word_1_606' title='bbox 1050 4437 1237 4515; x_wconf 83' lang='grc' dir='ltr'><strong><em>ἀσχημοσυνη</em></strong></span> <span class='ocrx_word' id='word_1_607' title='bbox 1255 4458 1350 4516; x_wconf 84' lang='grc' dir='ltr'><strong><em>πραγ-</em></strong></span> 
     </span>
    </p>

    <p class='ocr_par' dir='ltr' id='par_1_6' title="bbox 1250 4538 1351 4598">
     <span class='ocr_line' id='line_1_54' title="bbox 1250 4538 1351 4598; baseline 0.01 -22"><span class='ocrx_word' id='word_1_608' title='bbox 1250 4538 1351 4598; x_wconf 89' lang='grc' dir='ltr'><strong><em>ματος,</em></strong></span> 
     </span>
    </p>
   </div>
   <div class='ocr_carea' id='block_1_5' title="bbox 0 0 1466 4972">
    <p class='ocr_par' dir='ltr' id='par_1_7' title="bbox 0 0 1466 4972">
     <span class='ocr_line' id='line_1_55' title="bbox 0 0 1466 4972; baseline 0 5"><span class='ocrx_word' id='word_1_609' title='bbox 0 0 1466 4972; x_wconf 95' lang='lat' dir='ltr'><strong><em> </em></strong></span> 
     </span>
    </p>
   </div>
  </div>
 </body>
</html>
