2924 4972
214 251 581 318 ,ιιΑνενεΛοΛνΩΝ
605 251 809 312 mm
849 243 1111 325 Κιη.ς’.ς’.6.7.
1222 242 1287 316 967

53 356 110 458 την.
137 377 164 414 ⁶¹
176 377 229 434 καί
240 394 286 435 πα
304 369 438 452 ενέβαλεν
451 369 501 429 έπλ
513 366 550 430 τὸ
564 366 650 443 ἁγία-
691 392 723 431 σε
746 370 824 453 πρός
847 365 951 442 αὐτόν,
963 372 1013 430 καὶ
1038 366 1216 454 κατελάβετο
1240 368 1293 452 τὴν

50 482 108 537 σμα
122 452 232 539 ἡμέρας
244 394 370 522 πολλὰς,
395 450 448 513 καὶ
460 451 580 532 έστησεν
593 452 656 512 ἐκεῖ
690 445 780 515 πόλιν
796 453 857 535 βίη.

50 535 236 621 βελοστάσεις
248 537 300 597 καὶ
317 531 447 615 μηχανὰς
460 533 509 595 καὶ
520 527 653 616 πυρόβο-
721 541 742 570 ⁸⁴
884 537 917 596 Κ
929 537 958 595 E
970 538 1008 595 Φ.
1052 526 1099 595 Z‘.

52 621 154 685 λακαὶ
165 613 316 702 λιθόβολα
332 616 414 678 καὶσ
468 615 552 678 πίδια
567 611 653 688 εέςτό
694 582 742 677 E
748 638 819 690 τους
835 614 898 689 ένός
916 617 967 679 καὶ
985 620 1188 696 πεντηκοστοῦ
1200 620 1294 682 καλέ-

50 701 217 791 βάλλεοθαι
230 698 301 785 βέλη
313 638 545 777 καὶσφάἀάόνας.
568 697 655 760 ιὨκαί
691 703 841 764 κατοοτού
871 697 976 779 ἐξῆλθε
1003 693 1170 782 Δημήτριος
1195 695 1213 763 ὅ
1237 704 1294 764 τοῦ

52 789 195 865 ἐποίησαν
206 781 358 846 καλαάτοὶ
368 777 498 886 μηχανὰς
511 779 588 864 πρὸς
599 779 654 852 τάς
692 777 837 846 Σελεύκου
853 785 887 845 ἐκ
903 779 1032 864 Ῥιόμης,
1058 784 1108 844 καὶ
1132 779 1223 866 ἀνέβη
1240 780 1296 845 σύν

52 863 182 951 μηχανὰς
195 864 312 938 αὐτῶν,
326 889 376 928 και
388 862 574 945 ἐπολέμησαν
586 859 655 943 ἦμί-
693 861 835 949 ἀνδράσιν
852 863 963 939 ὀλίγοις
980 868 1019 938 είς
1044 862 1132 929 πόλιν
1147 873 1293 948 παραθα-

54 975 108 1033 ρας
126 946 250 1023 πολλός.
286 948 315 990 ⁶³
327 943 474 1032 βρώματα
491 945 523 1009 δέ
544 943 601 1008 ούκ
618 934 655 1027 ἧν
692 949 835 1022 λασσίαν,
861 949 912 1010 καί
923 946 1106 1031 ἐβασίλευσεν
1117 950 1184 1010 ἐκεῖ.
1217 947 1295 1011 2καὶ

53 1039 86 1097 έν
97 1042 162 1106 τοῖς
173 1029 316 1108 ἀγγείοις,
341 1027 438 1092 διὰτὸ
453 1028 575 1113 ἕβδομον
590 1032 656 1102 ἔτος
693 1034 807 1109 ἐγένετο
824 1028 864 1104 ὡς
879 1025 1074 1114 είςεπορεύετο
1093 1033 1132 1103 είς
1144 1027 1226 1093 οἶκον
1237 1032 1294 1114 βα-

55 1115 139 1188 εῖναι,
165 1117 216 1179 καὶ
241 1118 272 1178 οί
297 1108 515 1192 ἀνασωζόμενοι
540 1115 578 1186 είς
603 1111 656 1195 την
695 1113 801 1186 σιλείας
813 1117 953 1218 πατέρων
964 1111 1076 1186 αιἰτού,
1091 1111 1249 1197 συνέλαβον
1261 1115 1295 1175 αἶ

52 1198 202 1262 Ἰουδαίαν
221 1193 284 1261 ἀπὸ
297 1197 358 1260 τῶν
375 1197 470 1257 ἐθνῶν
483 1195 655 1275 κατέφαγον
694 1195 825 1278 δυνάμεις
837 1196 891 1260 τὸν
902 1197 1051 1279 Αντίοχον
1063 1195 1113 1259 καὶ
1125 1192 1179 1258 τὸν
1191 1199 1292 1258 Λυσί-

53 1279 89 1344 τὸ
105 1277 271 1361 ὑπόλειμμα
283 1281 337 1361 τῆς
348 1279 554 1361 παραθέσεως.
568 1277 656 1340 64καὶ
695 1302 732 1344 αν
744 1279 822 1357 ἄγειν
835 1277 946 1352 αὐτοὺς
956 1274 1050 1360 αὐτῷ.
1076 1279 1146 1340 θκαί
1157 1275 1296 1360 ἐγνώσθη

55 1362 276 1445 ὑπελείφθησαν
298 1365 330 1426 ἐν
352 1372 413 1434 τοῖς
435 1355 529 1436 ἀγίσις
554 1357 612 1424 ἀνδ
629 1383 656 1433 ες
695 1361 780 1445 αὐτῷ
792 1359 828 1426 τό
839 1367 963 1446 πρᾶγμα
973 1363 1024 1424 καί
1037 1358 1106 1424 εἶπε.
1124 1357 1164 1443 μη
1174 1385 1224 1441 μοι
1237 1361 1295 1424 δεί-

58 1445 163 1523 ὀλίγοι,
176 1442 224 1508 ὅτι
239 1439 453 1528 κατεκράτησεν
471 1440 572 1506 αὐτῶν
584 1384 656 1506 όλι-
696 1447 761 1528 ξητε
774 1444 814 1510 τὰ
825 1441 974 1527 πρόςωπα
991 1440 1099 1506 αὐτῶν.
1125 1443 1207 1507 *καὶ
1218 1441 1296 1507 ἀπέ

55 1533 121 1611 μός.
144 1530 195 1592 καὶ
217 1530 459 1611 ἐσκορπίσθησαν
478 1528 601 1599 έκαστος
616 1529 656 1600 είς
695 1551 807 1593 κτειναν
820 1526 931 1602 αὐτούς
943 1532 976 1590 αἶ
988 1526 1135 1607 δυνάμεις,
1160 1529 1211 1590 καὶ
1227 1523 1296 1590 ἐνιό-

56 1606 218 1676 τόντόπον
231 1609 337 1674 αὐτοῦ.
367 1611 396 1653 ⁶⁵
409 1610 460 1673 καί
473 1607 579 1694 ἤκουσε
590 1612 656 1671 Av-
695 1622 763 1677 θισε
776 1607 941 1695 Δημήτριος
959 1611 1009 1673 ἐπὶ
1025 1605 1141 1695 θρόνου
1149 1608 1297 1694 βασιλείας

57 1702 124 1768 σίας
143 1691 190 1757 ότι
214 1693 373 1768 Φίλιππος,
387 1688 423 1755 ὃν
444 1695 619 1774 κατέστησεν
640 1687 658 1754 ό
695 1692 801 1760 αὐτοῦ.
825 1695 904 1758 ὅκαί
914 1683 1012 1775 ἦλθον
1023 1691 1100 1777 πρὸς
1112 1689 1206 1757 αὐτόν
1217 1688 1296 1757 πάν-

56 1776 190 1860 βασιλεὺς
202 1774 351 1859 Ἀντίοχος
373 1778 417 1840 έτι
435 1778 492 1852 ζῶν
509 1776 659 1858 ἐκθρέψαι
694 1802 740 1852 τες
752 1776 855 1862 ἀνδρες
875 1774 980 1857 ἀνομοι
999 1776 1049 1838 καί
1067 1772 1178 1860 ἀσεβεῖς
1194 1773 1296 1853 ἐξἼσ-
1338 1799 1342 1807 ·

55 1864 207 1944 Ἀντίοχον
219 1857 273 1923 τόν
286 1857 353 1923 υἱόν
365 1857 459 1923 αύτσύ
471 1863 509 1934 είς
520 1856 558 1923 τό
571 1862 660 1945 βασι-
695 1859 787 1944 ραηλ,
827 1861 878 1923 καί
898 1856 1036 1940 Ἄλκιμος
1060 1852 1159 1940 ἢγείτσ
1185 1856 1297 1932 αὐτῶν,

58 1945 157 2008 λεῦσαι
173 1940 275 2017 αὐτόν,
300 1942 331 1985 ⁵⁶
338 1940 520 2027 ἀπέστρεψεν
532 1940 595 2006 ἀπὸ
607 1945 660 2044 της
694 1939 868 2029 βουλόμενος
881 1939 1042 2026 ίερατεύειν.
1077 1941 1154 2003 λκαὶ
1166 1964 1223 2004 κατ
1241 1935 1297 2018 γό-

58 2028 205 2110 ΙΙερσίδος
224 2028 276 2090 καὶ
291 2026 437 2108 Μηδείας,
453 2026 506 2089 καί
524 2028 558 2089 αί
569 2025 660 2089 δυνα-
716 2052 789 2109 ησαν
813 2030 868 2091 τοῦ
894 2025 972 2090 λαοῦ
984 2021 1061 2110 πρὸς
1085 2021 1139 2088 τὸν
1163 1967 1297 2109 βασόλιά,

57 2134 117 2192 μεις
129 2112 161 2171 αί
172 2119 363 2190 πορευθεῖσαι
376 2114 431 2172 τοῦ
443 2108 586 2192 βασιλέως
598 2104 656 2190 μετ’
695 2050 837 2188 λέγοντες.
864 2102 1015 2174 ἀπώλεσεν
1027 2103 1142 2181 Ἰούδας
1154 2110 1206 2172 καί
1216 2112 1248 2172 οἱ
1260 2104 1297 2172 ἀ-

59 2190 167 2262 αύτοῦ,
190 2190 242 2252 καὶ
259 2187 306 2252 ότι
324 2194 405 2271 ζητεί
418 2191 604 2275 παραλαβεῖν
620 2189 659 2254 τά
695 2194 797 2273 δελφολ
823 2190 917 2257 αὐτοῦ
943 2189 1015 2264 τοὺς
1038 2190 1144 2268 φίλους
1168 2216 1234 2265 σου,
1247 2190 1300 2254 καὶ

59 2271 233 2356 πράγματα.
268 2272 360 2334 ιΠκαλ
385 2275 581 2336 κατέσπευσεν
604 2276 659 2335 τοῦ
696 2272 770 2356 ἡμᾶς
786 2271 967 2357 έσκόρπισαν
983 2269 1046 2335 ἀπό
1065 2275 1119 2352 τῆς
1135 2275 1189 2376 γης
1206 2268 1296 2354 ἡμῶν.

59 2356 200 2419 ἀπελθεῖν
212 2354 263 2416 καὶ
275 2357 362 2417 είπεῖν
380 2351 455 2435 πρὸς
471 2352 659 2439 τὸνβασιλέα
696 2360 767 2421 7νῦν
778 2345 831 2420 οάν
842 2350 1021 2420 ἀπόστειλον
1033 2350 1166 2438 ἀνδραῳ
1180 2351 1298 2418 πιστεύ-

59 2441 110 2503 καί
128 2436 198 2511 τοὺς
215 2431 357 2520 ἡγεμόνας
378 2440 430 2517 τῆς
448 2431 594 2541 δυνάμεως
610 2438 660 2500 καὶ
695 2464 743 2514 εις,
756 2440 807 2503 καί
830 2438 984 2521 πορευθεὶς
1011 2437 1098 2500 ἰδέτω
1116 2436 1172 2520 τὴν
1197 2433 1298 2513 ίξολό-

59 2518 130 2594 τοὺς
142 2518 257 2605 ἀνδρας.
279 2518 445 2602 ἐκλείπομεν
456 2529 520 2583 καθ
541 2517 659 2625 ἡμέραν,
695 2534 816 2605 θρευσιν
833 2526 944 2596 πᾶσαν,
957 2515 993 2603 ἣν
1009 2523 1144 2603 ἐποίησεν
1161 2517 1180 2604 ἢ
1201 2531 1230 2584 ἐν
1247 2522 1298 2585 καί

59 2606 110 2669 καὶ
123 2600 141 2681 ἡ
154 2600 252 2687 τροφὴ
264 2601 331 2685 ἡμῖν
344 2601 446 2685 ὀλίγη,
471 2605 523 2667 καὶ
535 2603 552 2668 ὁ
566 2626 660 2676 τοπος
695 2609 733 2688 τῆ
744 2599 827 2691 χώρη
842 2609 899 2669 τοῦ
907 2603 1059 2689 βασιλέως,
1073 2605 1123 2667 καί
1135 2546 1298 2667 κολσσάτω

60 2682 98 2752 ού
116 2682 359 2787 παρεμβάλλομεν
376 2687 456 2751 ἐστίν
468 2684 584 2771 ὀχυρὸς,
610 2688 662 2750 καὶ
697 2678 804 2762 α’ύτούς
823 2691 873 2752 καί
885 2688 1000 2760 πάντας
1015 2685 1087 2760 τοὺς
1099 2688 1298 2772 ἐπιβοηθοῦν-

59 2775 201 2852 ἐπίκειται
213 2781 281 2852 ημῖν
293 2767 333 2834 τὰ
341 2773 394 2850 τῆς
406 2770 560 2855 βασιλείας.
574 2771 661 2833 ωνῡν
696 2797 751 2846 τας
764 2766 876 2844 αύτοίς.
900 2771 977 2834 8καί
989 2768 1121 2844 ἐπέλεξεν
1134 2766 1152 2834 ὁ
1163 2766 1299 2853 βασιλεύς

59 2854 219 2934 οὖνδοῖμεν
227 2848 324 2927 δεξιόν
331 2864 395 2926 τοῖς
403 2846 578 2936 ἀνθρώποις
589 2849 661 2915 τού-
695 2853 750 2918 τόν
768 2855 921 2938 Βακχίδην
938 2856 999 2917 τῶν
1020 2852 1117 2933 φίλων
1138 2856 1195 2917 τοῦ
1211 2857 1298 2938 βασι·

58 2962 131 3010 τοις,
147 2936 198 2999 καὶ
208 2932 379 3018 ποιήσωμεν
394 2935 452 3039 μετ’
468 2933 571 3000 αάτῶν
582 2930 659 3019 εέρή-
696 2938 770 3012 λέως
782 2935 955 3023 κυριεύοντα
969 2939 1001 3000 ἐν
1012 2940 1057 3018 τῷ
1065 2938 1162 3019 πέραν
1171 2940 1228 3000 τοῦ
1240 2962 1298 3000 πο-

60 3044 112 3101 νην
136 3021 188 3082 καί
216 3017 291 3102 μετὰ
301 3021 536 3094 παντοςέθνους
549 3018 660 3092 αὐτῶν,
695 3023 793 3103 ταμού
811 3021 863 3085 καλ
877 3022 972 3103 μέγαν
989 3021 1021 3082 έν
1039 3023 1078 3110 τῇ
1093 3016 1229 3103 βασιλείαΙ
1247 3020 1299 3082 καί

58 3104 89 3146 ⁶⁹
103 3102 155 3167 καὶ
176 3098 327 3184 στήσωμεν
339 3101 443 3177 αιἰτοίς
458 3107 514 3167 τού
536 3099 661 3187 πορεύιρ
695 3101 803 3170 πιστόν
820 3108 866 3186 τῷ
884 3103 1008 3189 βασιλεῖ.
1033 3103 1114 3166 ί’καὶ
1131 3100 1299 3166 ἀπέστειλεν

59 3196 135 3250 σθαι
147 3196 211 3258 τοῖς
223 3190 352 3268 νομίμοις
363 3184 474 3261 αὐτῶν,
494 3181 536 3260 ὡς
547 3181 662 3271 τοπρό·
696 3186 789 3254 αὐτόν
801 3188 852 3251 καί
864 3186 1000 3269 Ἄλκιμον
1010 3181 1065 3250 τόν
1076 3182 1167 3272 ἀσεβῆ
1171 3235 1181 3261 ,
1204 3187 1256 3249 καί
1267 3188 1297 3250 ἔ-

57 3292 154 3352 τερον.
167 3266 252 3352 χάριν
263 3267 322 3352 γὰρ
332 3273 393 3333 τῶν
405 3275 536 3352 νομίμων
548 3267 661 3345 αὐτῶν,
696 3294 735 3337 στ
754 3294 801 3335 σεν
812 3267 896 3354 αύτῷ
909 3270 965 3355 τὴν
977 3265 1147 3373 ίερωσύνην,
1172 3270 1223 3332 καὶ
1235 3272 1297 3332 ἐνε·

58 3342 101 3416 ὧν
125 3351 365 3434 διεσκεδάσαμεν,
391 3350 588 3437 ὠργίσθησαν
611 3355 662 3417 καί
696 3299 815 3419 τείλατο
833 3353 917 3416 σι’ντῶ
935 3358 1061 3453 ποιησαι
1081 3375 1136 3431 την
1155 3350 1299 3431 ἐκδίκησιν

58 3438 204 3534 ἐποίησαν
216 3439 315 3497 ταῦτα
326 3430 437 3498 πάντα.
462 3437 552 3499 ωκαλ
563 3434 662 3518 ἤρεσεν
696 3440 729 3501 ἕν
742 3448 804 3509 τοῖς
817 3418 1035 3517 υίοίςάΙσραηλ.
1060 3435 1090 3475 ¹⁰
1101 3435 1152 3494 καί
1163 3429 1297 3514 ἀπῆραν,

59 3510 77 3579 ό
107 3515 198 3591 λογος
211 3519 348 3579 ἐναντίον
364 3520 423 3578 τοῦ
439 3514 586 3602 βασιλέως
611 3516 663 3580 καί
695 3507 858 3599 καίῆλθον
875 3512 949 3597 μετά
966 3511 1114 3595 δυνάμεως
1129 3501 1245 3594 πολλ’ῆς
1258 3518 1297 3590 είς

58 3602 120 3661 τῶν
145 3593 308 3679 ἀρχόντων,
334 3597 386 3661 καὶ
410 3595 562 3662 ἀπέστειλε
584 3595 661 3683 πρός
694 3604 750 3680 γῆν
760 3595 871 3663 Ἰούδα.
897 3600 948 3661 καί
960 3596 1129 3662 ἀπέστειλεν
1152 3595 1297 3674 ἀγγέλους

58 3676 171 3753 αὐτούς
195 3682 373 3762 είρηνεύσαι,
397 3681 449 3743 καί
472 3680 659 3755 ἀπεδέξαντο.
694 3681 771 3767 πρὸς
781 3676 903 3746 Ἰούδαν
921 3681 971 3745 καλ
984 3680 1056 3756 τούς
1074 3677 1222 3760 ἀδελφούς
1241 3678 1297 3745 αύ-

58 3765 150 3828 81καί
166 3760 282 3845 ὄμοσεν
304 3760 407 3836 αὐτοῖς
423 3759 441 3826 ὁ
458 3760 594 3848 βασιλεύς
610 3765 663 3828 καί
694 3768 751 3828 τού
775 3760 882 3840 λόγοις
911 3768 1063 3846 εἰρηνικοῖς
1091 3761 1164 3844 μετὰ
1194 3759 1297 3829 δόλου.

59 3851 91 3911 σί
106 3843 253 3951 ἀρχοντες.
277 3847 328 3909 ἐπί
345 3842 468 3920 τούτοις
483 3846 612 3928 ἐξῆλθον
627 3850 660 3911 ἐκ
695 3851 719 3890 ¹¹
737 3848 789 3911 καί
805 3844 844 3911 ού
859 3850 1022 3930 προςέσχον
1038 3858 1103 3923 τοῖς
1120 3845 1224 3924 λόγοις
1240 3845 1298 3912 αιίε

58 3935 116 3994 τοῦ
141 3925 338 4015 οχυριόμστος.
369 3930 463 3992 62καί
485 3926 661 4004 είς”λθενό
694 3934 763 4006 τῶν,
783 3931 847 3995 ἴδον
865 3927 923 4014 γάρ
941 3927 987 3993 ὅτι
1005 3918 1104 4013 ἦλθον
1118 3929 1191 4012 μετά
1206 3926 1296 3997 δυνά

57 4012 293 4096 βασιλεόςείςτὸ
306 4009 377 4097 όρος
389 3956 660 4087 Σιὼν,καλείδετό
692 4038 768 4098 μεως
785 4012 908 4096 πολλῆς.
944 4016 971 4056 ¹²
983 4013 1034 4076 καλ
1056 4010 1297 4098 ἐπισυνηχθησαν

59 4091 198 4179 ὀχύρωμα
209 4100 265 4161 τοῦ
275 4091 381 4161 τόπου.
400 4097 451 4159 καί
463 4093 593 4180 ἦθέτησε
604 4096 660 4162 τόν
693 4094 914 4180 πρδςἌλκιμσν
926 4098 976 4161 καί
995 4097 1148 4180 Βακχίδην
1160 4120 1297 4174 συναγω-

59 4176 145 4259 ὁρκισ
170 4178 200 4243 ’ν
224 4177 260 4243 δν
282 4179 393 4262 ὤμοσε,
422 4180 474 4243 καλ
499 4179 660 4244 ἐνετείλατο
693 4181 730 4265 γη
764 4184 962 4263 γραμματίων
993 4180 1149 4284 ἐκζητησαι
1184 4181 1294 4243 δίκαια.

60 4202 196 4325 καθελλάν
217 4259 254 4325 τὸ
274 4274 367 4346 τεέχος
384 4259 539 4328 κυκλόθεν.
564 4264 596 4307 ⁶³
608 4265 660 4328 καί
693 4265 720 4307 ¹³
736 4268 852 4348 πρῶτον
871 4267 902 4328 οἶ
918 4262 1063 4329 Ἀσιδαίοι
1084 4288 1160 4347 ησαν
1175 4264 1205 4325 δν
1221 4265 1297 4338 υλοίς

59 4342 155 4436 ἀπῆρε
168 4340 246 4406 κατὰ
258 4344 403 4429 σπουδὴν,
415 4346 467 4409 καλ
478 4341 660 4432 ἀνέστρεψα
690 4344 831 4429 Ἰσραὴλ,
856 4348 907 4412 καί
919 4344 1078 4431 ἐπεζήτουν
1094 4342 1180 4427 παρόν
1192 4342 1296 4410 αὐτῶν

57 4431 97 4500 είς
118 4420 306 4509 Ἀντιόχειαν,
345 4431 397 4493 καί
415 4421 479 4514 εὗρε
505 4429 660 4497 Φίλιππον
693 4427 813 4513 εἰρήνην.
840 4429 968 4495 14είπαν
984 4425 1052 4513 γάρ.
1078 4428 1242 4512 ἀνθρωπσς
1255 4433 1295 4492 ίε-

59 4504 229 4590 κυριεύοντα
240 4512 292 4590 τῆς
304 4506 435 4587 πόλεως,
447 4514 499 4577 καλ
509 4514 659 4600 ἀπολέμη·
692 4511 758 4600 ρεύς
775 4517 808 4577 ἐκ
821 4519 878 4579 τού
890 4516 1059 4597 σπέρματος
1071 4510 1192 4595 ἈαριόνΙ
1203 4498 1296 4658 ἧλθην

1283 4615 1300 4657 ν
