2924 4972
1290 333 1394 346 ...—

148 248 212 314 374
392 242 690 309 ΒΛΣΙΛΕΙΩΝ
723 240 953 304 ΤΕΤΑΡΤΗ
991 241 1067 316 Κεφ.
1080 237 1120 300 α’.
1137 238 1164 300 1.

147 366 199 429 καί
217 363 279 428 εἷπε
296 361 373 448 πρὸς
395 357 482 444 ἡμᾶς.
509 361 590 423 δεῦτε
611 354 756 444 ἐπιστρά-
770 367 773 484 Ι
787 359 839 420 καί
862 355 949 421 εἶπεν.
974 352 1119 438 άνθριοπε
1141 357 1196 416 τσῦ
1218 358 1303 428 θεοῦ,
1317 356 1396 418 ἐντι-

149 472 221 530 φητε
238 441 315 530 πρὸς
330 441 383 508 τὸν
397 443 523 528 βασιλέα
539 438 594 507 τὸν
614 438 756 506 άποστεί-
786 435 920 524 μαθηται
933 435 952 523 ἢ
965 432 1045 522 φυχη
1059 461 1126 519 μου,
1139 436 1190 500 καί
1202 432 1221 521 ἢ
1234 433 1315 520 ψυχὴ
1330 441 1393 502 τῶν

149 530 242 594 λαντα
255 526 345 611 ὑμᾶς,
369 526 422 591 καί
438 523 590 608 λαλησατε
607 522 685 605 πρὸς
697 521 756 588 αῦ·
787 519 905 587 δούλιον
922 546 976 588 σου
995 515 1111 584 τούτων
1128 523 1190 584 τῶν
1207 519 1395 603 πεντήκοντα

147 608 208 676 τόν.
234 608 305 675 τάδε
316 611 390 688 λέγει
404 604 509 693 κῦριος.
535 611 560 671 εί
570 606 656 691 παρὰ
666 604 702 670 τὸ
714 602 755 691 μη
788 609 819 669 ἐν
831 602 1003 688 ὀφθαλμοῖς
1016 628 1077 668 σου.
1094 599 1195 666 14ἰδοὺ
1208 607 1319 688 κατέβη
1331 607 1394 689 πῦρ

148 694 222 761 εἶναι
234 691 306 758 θεὸν
318 695 349 759 ἐν
370 690 494 775 Ἰσραὴλ
516 686 554 755 σὺ
566 686 677 774 πορεάη
691 690 752 753 ἐπι-
787 691 820 752 ἔκ
840 691 896 752 τοῦ
917 686 1060 772 σῦρανοῦ,
1077 687 1128 749 καὶ
1149 687 1299 765 κατέφαγε
1321 685 1394 761 τοὺς

148 781 270 861 ζητῆσαι
282 778 314 840 ἓν
330 779 376 859 τῷ
387 770 483 839 Βάαλ
498 774 587 856 μυίαν
602 759 675 836 θεὸν
685 768 755 836 Ἀκ-
786 765 841 836 δάο
864 765 1135 854 πεντηκοντάρχσυς
1151 765 1223 843 τοὺς
1245 763 1392 854 πρώτους.

146 856 266 944 καριάνς
291 854 353 942 σῦχ’
376 851 482 931 σῦτισς.
508 851 528 939 ἡ
550 855 635 937 κλίνη
657 856 672 917 ἐ
691 852 700 874 ’
717 848 755 938 ἧς
786 855 837 918 καί
847 857 899 918 νῦν
909 848 1102 937 έντιμιοθηται
1115 848 1151 936 ,δίη
1163 846 1183 935 ἦ
1196 848 1277 998 φυηὴ
1289 877 1348 936 μου
1362 855 1393 915 ἐν

148 939 254 1027 ἇνέβης
267 945 326 1005 ἐκεῖ
343 937 380 1004 οῦ
400 934 557 1023 καταβηση
574 935 626 1002 ἀπ’
650 937 753 1020 αὐτῆς,
786 934 960 1019 ὀφθαλμοῖς
973 960 1038 1000 σου.
1078 939 1105 978 ¹⁵
1119 936 1171 1000 καί
1184 931 1238 999 ἐλά
1258 958 1323 1017 ησεν
1336 932 1392 1011 άγ-

148 1019 196 1089 ὅτι
217 1023 344 1105 θανάτῳ
364 1019 518 1104 ἀποθανῇ.
538 1013 596 1085 ’καί
617 1023 754 1104 ἒπιστρέ-
786 1018 870 1098 γελος
894 1024 998 1105 κυρίου
1019 1014 1097 1123 πρὸς
1105 1014 1228 1094 Ἠλιοῦ,
1247 1020 1299 1082 καί
1319 1015 1389 1081 εἷπε.

147 1127 261 1190 φαντες
281 1099 464 1188 ἀπάγγελον
481 1092 525 1187 τήῦ
537 1103 654 1190 βασιλεῖ
669 1099 753 1190 καθά
787 1099 937 1188 κατάβηθι
948 1097 1008 1184 μετ’
1024 1105 1136 1176 αυτοῦ,
1147 1097 1187 1184 μὴ
1201 1104 1340 1193 φοβηθῇς
1353 1097 1391 1164 ἁ-

147 1185 290 1270 έλάλησεν
299 1185 418 1252 Ἠλιοῦ.
446 1189 459 1230 ⁷
472 1189 523 1253 καὶ
541 1180 612 1252 ἐλάλ
633 1211 664 1250 σε
677 1182 754 1271 πρὸς
786 1180 830 1249 πὸ
842 1181 1004 1271 προςοίπου
1017 1182 1126 1250 αὐτῶν.
1150 1186 1200 1248 καί
1212 1180 1321 1266 ἀνέστη
1331 1180 1389 1246 ’H-

147 1267 270 1346 αῦτοάς.
295 1275 340 1345 τίς
355 1266 373 1355 ἦ
393 1275 486 1357 κρίσις
503 1273 560 1334 τοῦ
577 1213 685 1356 άνλρὸς
696 1271 754 1333 τσῦ
785 1265 851 1332 λιοθ
863 1269 916 1332 καί
928 1269 1037 1353 κατεβη
1054 1263 1112 1350 μετ’
1135 1263 1231 1331 αὐτοῦ
1246 1263 1324 1349 πρὸς
1336 1262 1391 1330 τὸν

146 1349 314 1440 ἂναβάντσς
326 1358 365 1427 είς
376 1348 548 1435 συνάντησιν
558 1349 624 1436 ὑμῖν
635 1353 686 1416 καί
698 1350 754 1416 λα·
784 1351 920 1437 βασιλέα,
944 1352 1038 1414 16καί
1055 1344 1178 1433 ἐλάλησε
1196 1347 1275 1434 πρὸς
1287 1345 1390 1422 αὐτὸν,

145 1432 294 1520 λήσαντος
306 1434 381 1520 πρὸς
395 1431 549 1516 ῦμᾶςτσῦς
561 1431 669 1512 λόγους
681 1430 755 1499 τοά-
785 1435 837 1499 καί
857 1432 936 1498 εἶπεν
949 1429 1068 1498 Ἠλιοῦ.
1094 1429 1165 1497 τάδε
1185 1431 1260 1509 λέγει
1280 1427 1389 1517 κάρισς.

146 1543 217 1593 τους
221 1546 233 1594 ;
260 1518 276 1559 ⁸
289 1519 341 1581 καί
358 1515 441 1581 εἶπον
457 1514 535 1602 πρὸς
546 1513 651 1581 αὐτόν.
677 1513 753 1602 ἇνηρ
785 1523 818 1581 τί
829 1511 878 1580 ὅτι
891 1513 1067 1591 ἀπέστειλας
1084 1512 1226 1592 σἰγγελσυς
1239 1516 1390 1597 ε’κζητησαι

148 1598 251 1676 δασὺς,
263 1600 315 1663 καί
324 1594 417 1681 ζώνην
429 1598 603 1684 δερματίνην
616 1602 753 1686 περιεζισ-
785 1600 816 1663 ἒν
839 1602 884 1682 τῷ
896 1594 991 1663 Βάαλ
1015 1600 1103 1682 μυΐαν
1126 1598 1199 1663 θεὸν
1217 1593 1389 1684 Ἀκκαριάνς

147 1687 251 1766 σμένος
263 1681 317 1766 την
342 1679 436 1762 ὀσφὺν
459 1679 563 1747 αῦτσῦ.
588 1684 640 1747 καί
664 1681 752 1749 είπεν.
785 1679 840 1768 οὐχ
853 1678 956 1757 οὕτως.
983 1677 1095 1765 ἡκλίνη
1108 1679 1151 1762 ἐφ’
1169 1673 1203 1764 ἧς
1216 1678 1321 1766 άνέβης
1333 1684 1394 1745 ἐκεῖ

144 1761 252 1832 Ἠλιού
271 1763 289 1830 5
311 1766 450 1852 Θεσβίτης
467 1756 557 1841 σῦτός
573 1768 644 1831 ἐστι.
672 1767 753 1831 9καὶ
784 1763 822 1831 οῦ
835 1763 991 1851 καταβηση
1011 1762 1062 1830 ἀπ’
1084 1762 1186 1847 αὐτῆς,
1205 1760 1251 1829 ὅτι
1263 1759 1390 1845 θανάτῳ

147 1847 300 1913 ἀπέστειλε
323 1848 402 1932 πρὸς
424 1844 516 1913 αὐτὸν
533 1845 752 1934 πεντηκόνταρ-
785 1845 940 1929 ἀποθανῇ.
968 1836 1061 1913 λ’καί
1083 1845 1219 1913 ἀπέθανε
1247 1844 1325 1910 κατὰ
1351 1847 1387 1911 τὸ

145 1953 198 2037 ηον
216 1932 266 1995 καί
282 1926 354 2005 τοῦς
370 1925 552 2015 πεντήκοντα
568 1929 675 2008 αὐτοῦ,
701 1933 752 1996 καί
784 1934 863 2034 ῥημα
875 1917 979 2035 κάρίσυ
994 1928 1013 1997 5
1026 1926 1164 2014 ἐλάλησεν
1175 1923 1295 1993 Ἠλιού,
1309 1929 1391 1996 εεκαί

147 2016 237 2114 ανέβη
258 2012 337 2099 πρὸς
358 2010 459 2078 αῦτόν.
485 2016 536 2078 καί
559 2013 624 2081 ίδσίν
642 2010 753 2079 Ἠλιοῦ
784 2039 824 2079 τα
835 2015 930 2079 λοιπα
942 2007 1290 2098 τῶνλόγωνὈηοζίσυᾶ
1304 2013 1390 2076 ἐποί-

147 2099 226 2162 ἕκαθ
246 2120 280 2160 τσ
299 2097 349 2162 ἐπί
365 2101 418 2180 της
431 2101 563 2183 κορυφῆς
584 2103 638 2163 τσῦ
655 2095 752 2184 ὅρους.
783 2120 859 2179 ησεν,
886 2095 943 2162 οῦκ
961 2096 1027 2162 ἰδοῦ
1043 2101 1142 2162 ταῦτα
1157 2097 1340 2182 γεγραμμένα
1358 2096 1389 2160 ἒν

146 2181 198 2245 καί
214 2123 356 2287 ἐλάληρεν
373 2175 391 2244 5
409 2177 661 2284 πεητηκόνταρχσς
677 2177 754 2266 πρὸς
783 2181 889 2268 βιβλίῳ
902 2175 1001 2259 λόγων
1017 2185 1079 2245 τῶν
1095 2178 1208 2285 ιἠμεριῦν
1223 2191 1286 2254 τοῖς
1302 2182 1390 2282 βασι-

148 2262 254 2338 αῦτον,
267 2289 319 2327 και
330 2287 343 2327 ε
355 2288 416 2327 πεν.
444 2273 587 2349 ανθρισπε
599 2269 657 2329 τοῦ
669 2268 753 2340 θεοῦ,
785 2265 883 2330 λεῦσιν
891 2261 1014 2348 Ἰσραήλ
1018 2291 1031 2341 ;
1044 2264 1096 2328 καί
1113 2270 1156 2327 Ιιυ
1177 2260 1218 2345 άμ
1230 2262 1294 2337 υίὸς
1300 2265 1388 2346 Αχα-

147 2342 165 2410 5
195 2343 332 2431 βασιλεῦς
363 2340 485 2411 ἐκάλεσέ
514 2372 561 2422 σε,
595 2346 693 2434 κατάβ
712 2356 753 2411 θι.
785 2346 827 2432 οἰβ
837 2343 980 2433 βασιλεύει
993 2347 1043 2411 ἐπί
1057 2291 1178 2450 Ἰσραίηλ
1193 2349 1389 2429 ένΣαμαρείη

145 2429 175 2473 ¹⁰
197 2429 253 2527 Ικαί
265 2426 434 2533 ισίπεκρίθη
448 2427 575 2509 Ἠλιοῦ,
601 2432 653 2496 καί
678 2373 755 2496 είπεν
786 2433 838 2513 έτη
854 2425 980 2495 δεκαδύο
985 2478 996 2505 ,
1021 2433 1052 2493 ἐν
1070 2432 1127 2494 έτει
1146 2430 1388 2511 σκτισκαιδεκάτῳ

146 2537 224 2599 προς
240 2537 294 2577 τον
308 2537 568 2601 πεντηκονταρχσν.
595 2516 647 2579 καί
664 2519 689 2578 εί
702 2512 755 2580 άν-
782 2512 939 2594 ’Ῑισσαφάπ
951 2513 1095 2600 βασιλέως
1104 2509 1215 2578 Ἰούδα.
1241 2514 1292 2576 καί
1304 2515 1389 2577 ε’ποί·

145 2604 273 2681 θρανπος
290 2601 366 2660 θεοῦ
386 2593 459 2674 ἐγώ,
478 2593 675 2683 καταβήσεται
693 2602 754 2683 πῦρ
787 2622 836 2680 ησε
848 2595 884 2661 τὸ
896 2595 1027 2680 πονηρὸν
1039 2591 1166 2661 ἐνώπιον
1178 2601 1289 2682 κυρίου.
1311 2592 1390 2678 πλην

47 2730 52 2738 .
146 2679 180 2742 ἐκ
193 2683 248 2742 τοῦ
262 2676 407 2763 οῦρανοῦ,
434 2683 486 2743 καί
505 2675 713 2760 καταφάγεταί
724 2704 754 2745 σε
786 2677 841 2782 οῦη
853 2677 1074 2760 ιῦςοίᾶδελφοί
1088 2677 1208 2755 αὐτοῦ,
1234 2677 1304 2744 οῦδὲ
1317 2675 1389 2763 ὡςίη

145 2762 197 2823 καί
208 2757 280 2834 τοὺς
290 2755 475 2862 πεντηκοντά
488 2785 553 2824 σου.
579 2763 631 2824 καὶ
643 2765 753 2848 κατέβη
784 2787 878 2847 μητηρ
893 2759 999 2827 αὐτοῦ.
1024 2761 1076 2826 καί
1088 2759 1235 2847 ἀπέστησε
1247 2762 1303 2838 τὰς
1317 2763 1390 2844 στή-

144 2846 207 2927 πῦρ
226 2844 259 2905 έκ
279 2847 335 2907 τοῦ
348 2845 495 2927 ουρανσῦ,
520 2843 572 2907 καί
588 2847 753 2926 κατέφαγεν
784 2844 839 2920 λας
857 2849 914 2910 τοῦ
932 2842 1028 2912 Βάαλ
1046 2841 1082 2922 ἃς
1103 2849 1236 2931 ἐποίησεν
1252 2844 1270 2911 5
1287 2846 1390 2949 πατηρ

145 2921 237 2989 αῦτὸν
263 2927 315 2990 καί
338 2925 410 3002 τοὺς
439 2921 621 3010 πεντήκοντα
647 2925 751 2993 αὐτοῦ.
785 2928 896 3005 αὐτοῦ,
920 2931 972 2994 καί
994 2933 1162 3016 συνέτριψεν
1179 2924 1283 3004 αὐτάς.
1309 2927 1389 3009 πλην

144 3010 169 3049 ¹¹
181 3009 234 3071 καί
246 3009 411 3093 προςέθετσ
424 3005 441 3073 5
439 3005 600 3154 βασιλεὺς,
612 3014 664 3076 καί
676 3010 753 3077 άπέ-
783 3015 815 3076 ἐν
828 3023 893 3086 ταῖς
911 3009 1067 3099 ἁμαρτίαις
1085 3014 1171 3077 οἴκου
1184 3009 1340 3100 Ἶεροβσάμ
1356 3009 1390 3088 ὃς

144 3089 236 3154 στειλε
245 3091 321 3172 πρὸς
331 3088 453 3155 αὐτὸνα
473 3091 527 3154 λον
535 3089 752 3181 πεντηκόνταρ-
782 3090 924 3179 ἐξάμαρτε
937 3095 990 3158 τὸν
1007 3092 1131 3181 Ἰσραὴλ
1144 3093 1306 3181 ἐκολλήθη,
1332 3094 1388 3160 σῦκ

141 3197 205 3256 χον,
218 3169 353 3248 καὶτοὺς
369 3173 554 3276 πεντηκοντα
571 3172 675 3240 αὐτοῦ.
701 3182 752 3244 καὶ
781 3175 898 3261 ἀπέστη
911 3175 961 3242 ἀπ’
978 3175 1088 3243 αῦτῶν.
1114 3181 1164 3243 καί
1178 3176 1322 3265 ἐθυμώθη
1335 3177 1389 3267 ὄρ-

142 3249 280 3338 ἐλάλησεν
297 3252 315 3321 5
333 3281 587 3344 πεντηκονταρχσς
604 3259 681 3346 πρὸς
694 3259 751 3327 αῦ·
780 3265 819 3357 γῇ
832 3256 933 3347 κάρισς
946 3265 985 3337 είς
997 3259 1052 3327 τὸν
1064 3261 1148 3328 σίκσν
1160 3260 1282 3351 Ἀχαάβ.

141 3336 206 3415 τὸν,
231 3339 283 3404 καί
304 3338 389 3406 εἶπεν.
415 3339 559 3428 άνθρωπε
584 3348 641 3409 τοῦ
662 3349 749 3422 θεοῦ,
971 3352 1006 3410 K
1017 3352 1047 3409 E
1060 3351 1099 3410 Φ.
1143 3343 1198 3412 B'.

141 3421 213 3487 τάδε
226 3423 301 3501 λέγει
319 3424 336 3488 5
354 3424 504 3512 βασιλεὺς,
532 3452 571 3491 τα
588 3429 644 3504 έως
656 3425 749 3494 κατά·
780 3394 867 3494 Καὶ
881 3431 992 3508 ἐγένετο
1005 3432 1036 3494 ἕν
1053 3433 1099 3495 τοῦ
1116 3425 1233 3508 ἀνάγειν
1245 3425 1344 3532 κύριον
1356 3431 1387 3493 ἔν

141 3508 223 3591 βηθι.
249 3510 341 3573 12καί
359 3507 508 3595 ἀπεκρίθη
518 3506 565 3573 Ἠ
613 3508 702 3577 ῦκαί
718 3516 750 3576 έ-
781 3518 945 3596 συσσειομηῦ
956 3510 1011 3580 τὸν
1027 3497 1140 3579 Ἠλιοῦ
1160 3513 1200 3590 ὡς
1214 3520 1252 3588 είς
1269 3538 1321 3576 τον
1334 3510 1387 3574 οῦ-

142 3590 253 3675 λάλησε
272 3589 350 3677 πρὸς
367 3591 469 3670 αὐτὸν,
480 3593 532 3658 καί
545 3617 557 3655 ε
570 3618 631 3658 πεν.
656 3598 681 3658 ελ
695 3592 749 3660 άν-
780 3593 883 3681 ρανὸν,
896 3597 948 3663 καί
961 3593 1111 3681 ἐπορεύθη
1127 3593 1234 3662 Ἠλιοῦ
1248 3588 1386 3658 καίἘλι·

142 3681 269 3757 θρωπος
281 3679 358 3738 θεοῦ
375 3674 451 3754 έγιὸ,
476 3671 673 3761 καταβησεται
685 3683 748 3765 πῦρ
781 3678 847 3745 σαιὲ
858 3683 890 3746 ἐκ
905 3677 1082 3758 Γαλγάλων.
1107 3679 1178 3744 2καί
1190 3676 1269 3742 είπεν
1278 3665 1384 3733 Ἠλιοῦ

142 3757 175 3818 ἐκ
188 3759 243 3818 τοῦ
261 3752 409 3840 οὐρανοῦ,
429 3760 480 3824 καί
497 3755 704 3841 καταφάγεταί
716 3787 748 3827 σε
780 3761 859 3847 πρὸς
872 3759 1014 3827 Ἕλισαιέ.
1061 3756 1162 3827 κάθου
1183 3756 1221 3841 δίη
1238 3755 1384 3827 ἐνταῦθα,

142 3837 193 3899 καί
206 3835 278 3910 τοὺς
289 3836 472 3922 πεντήκοντά
486 3867 549 3907 σου.
573 3847 625 3908 καὶ
637 3847 747 3928 κατέβη
779 3840 826 3908 ὅτι
838 3842 857 3906 5
869 3843 941 3917 θεὸς
954 3841 1125 3908 άπάιταλκέ
1131 3867 1166 3926 με
1177 3844 1233 3912 ἕως
1245 3831 1382 3920 Boram.

141 3922 203 4020 πῦρ
222 3921 254 3984 ἐκ
270 3926 326 3985 τοῦ
343 3922 488 4007 σῦρανσῦ,
513 3926 566 3989 καὶ
582 3929 748 4006 κατέφαγεν
779 3926 831 3989 καί
842 3922 919 3989 εἶπεν
926 3923 1066 3990 Ἐλκσαιέ.
1080 3927 1115 4014 ζῇ
1128 3919 1227 4007 κύριος
1239 3920 1290 3984 καὶ
1304 3922 1338 4013 ζῇ
1365 3919 1383 4004 ἡ

142 3998 237 4067 αυτὸν
260 4005 311 4066 καί
336 4004 408 4081 τοὺς
436 4001 616 4090 πεντήκοντα
640 4003 745 4070 αῦτσῦ.
777 4001 858 4090 ψυχά
872 4031 937 4082 σου,
950 4011 974 4072 εί
986 4008 1194 4089 έγκαταλείφφ
1208 4029 1245 4069 σε.
1265 4007 1316 4068 καί
1328 3993 1384 4086 ἧλ-

140 4084 169 4126 ¹³
179 4084 232 4147 καὶ
242 4089 409 4188 προςέθετσ
427 4087 445 4154 5
462 4083 597 4177 βασιλεὺς
610 4089 653 4152 έτι
666 4083 747 4152 ἄπο-
777 4098 838 4154 θσν
848 4093 887 4164 εἰς
905 4086 1040 4171 Βαιθηλ
1067 4089 1148 4154 3καὶ
1165 4088 1265 4171 ἦλθον
1279 4092 1309 4153 σί
1323 4089 1384 4154 υίοί

141 4166 251 4232 στεῖλαι
262 4166 423 4253 ηγοῦμενον
440 4173 492 4237 καί
504 4165 577 4242 τοὺς
588 4163 747 4253 πεντηκον·
777 4176 837 4238 τῶν
859 4177 1026 4258 προφητῶν
1051 4177 1082 4238 σί
1107 4176 1137 4238 έν
1155 4170 1284 4275 Βαιθηλ
1307 4172 1384 4255 πρὸς

140 4273 181 4315 τα
193 4247 298 4315 αὐτοῦ.
324 4253 375 4316 καί
391 4242 483 4336 ἦλθεν
498 4247 690 4337 ὁπεντηκόντ
732 4290 747 4303 ·
771 4253 917 4335 Ἕίκοαιὲ,
938 4257 991 4322 καί
1003 4254 1086 4322 εἶπον
1097 4252 1173 4343 πρὸς
1187 4253 1289 4320 αὐτον.
1316 4258 1341 4317 εί
1354 4253 1385 4316 έ-

139 4357 191 4420 χος
205 4329 223 4399 5
236 4337 346 4418 τρίτος,
371 4336 425 4401 καί
435 4338 566 4417 ἔκαμψεν
578 4337 628 4401 ἐπί
641 4336 680 4403 τὰ
690 4365 746 4419 70·-
774 4367 861 4421 γνας,
875 4336 923 4406 ὅτι
932 4335 1031 4425 κύριος
1041 4335 1168 4427 σήμερον
1177 4334 1316 4426 λαμβάνει
1331 4332 1385 4401 τὸν

139 4442 217 4484 κατα
229 4419 325 4485 αὐτοῦ
336 4421 492 4487 κατέναντι
501 4415 626 4497 Ἠλιοῦ,
650 4425 702 4489 καί
714 4426 745 4489 ἔ·
774 4419 876 4535 κύριόν
885 4450 940 4492 σου
950 4419 1106 4491 ἒπάνσοθεν
1115 4429 1167 4509 τῆς
1179 4422 1307 4504 κεφαλῆς
1317 4443 1385 4494 σθυι·

140 4497 233 4589 ῦεῆθη
247 4499 351 4586 αὐτοῦ,
361 4507 411 4574 καί
423 4500 546 4592 ἕλάλησε
557 4501 634 4593 πρὸς
642 4504 743 4587 αῦτόν,
773 4535 826 4576 και
857 4507 930 4577 εἶπε.
969 4505 1054 4594 κηἰγώ
1081 4512 1219 4588 έγνονκα,
1245 4506 1386 4627 σιουητιῦτεἶ

1334 4607 1387 4648 και
