2924 4972
392 244 425 302 K
437 246 497 302 ΡΙ
509 245 573 303 TA
590 246 611 302 Ι
653 245 728 321 Κεφ.
741 237 794 305 ιθ’.
808 238 844 305 κ’.
860 242 908 307 19.
923 243 973 308 90.

68 358 175 432 αὐτοῦ,
201 359 252 420 καί
263 355 318 420 εἶδε
330 354 384 418 τὸν
396 352 565 438 ὁδοιπόρον
577 351 673 438 ἀνδρα
706 355 833 440 τοπρωῒ,
860 358 911 419 καί
924 354 1015 438 ἤνοιξε
1025 333 1313 441 MR

67 447 97 505 ἐν
109 445 148 534 τῇ
164 439 292 521 πλατείᾳ
309 442 364 521 τῆς
380 433 505 512 πόλεως.
530 439 582 500 καί
593 436 673 501 εἶπεν
706 462 768 512 κου,
788 439 840 501 καί
856 437 962 522 ἐξῆλθε
980 443 1037 504 τοῦ
1054 446 1242 525 πυρωθῆναι
1258 442 1313 526 την

67 522 84 587 ὁ
98 522 173 609 ἀνηρ
186 521 204 587 5
215 517 389 609 πρεσβύτης.
408 525 471 585 ποῦ
484 516 610 608 πορεύη,
622 522 673 583 καὶ
706 515 776 584 ὁδὸν
787 518 892 587 αὐτοῦ.
919 524 971 587 καί
983 521 1047 587 ἰδού
1066 519 1170 607 ἧγινίη
1183 522 1279 589 αὐτοῦ
1292 521 1311 610 η

69 604 166 672 πόθεν
178 609 248 700 ἔρχῃ
253 634 266 683 ,·
292 605 386 670 18καὶ
401 603 463 668 εἶπε
480 605 557 687 πρὸς
570 601 671 667 αύτον.
705 602 844 686 παλλακὴ
856 616 1032 670 πεπτωκυῖα
1049 602 1135 691 παρά
1148 605 1203 681 τάς
1212 601 1312 692 θύρας

67 684 343 793 παραπορευόμεθα
361 684 441 770 ἡμεῖς
453 685 517 751 ἀπὸ
531 684 673 770 Βηθλεὲμ
706 689 761 749 τού
774 687 873 765 οἴκου,
900 690 951 753 καί
962 693 997 753 αῖ
1007 701 1097 775 χεῖρες
1109 687 1201 773 αὐτῆς
1211 693 1261 754 ἐπί
1273 687 1311 754 τό

67 772 166 839 Ἰοαδα
179 772 450 875 ἑδνςμηρῶνόρους
474 768 613 856 Ἐφραίμ.
641 771 672 832 ί·
706 761 873 855 πρόθυρον.
909 772 1004 836 22καλ
1025 772 1085 838 εἷπε
1106 772 1184 859 πρὸς
1206 769 1310 857 αὐτήν.

67 868 167 922 κεῖθεν
179 859 250 934 Ιἐγοο
268 860 334 937 ελμι,
347 858 398 919 καί
421 853 591 940 ἐπορεύθην
616 859 671 928 ἕως
706 847 824 915 ἀνάστα
836 854 887 917 καί
899 850 1081 937 ἀπελθωμεν.
1102 859 1153 921 καί
1165 854 1222 923 ούκ
1234 852 1311 921 ἀπε-

69 936 209 1024 Βηθλεέμ
217 935 328 1015 Ἰούδα,
338 941 389 1002 καί
400 942 441 1013 εἰς
453 938 506 1003 τὸν
518 933 602 1003 οἶκόν
613 961 672 1020 μου
705 941 807 1039 κρίθη,
819 931 867 999 ὅτι
887 924 922 1018 ἦν
939 934 1035 1023 νεκρά.
1071 943 1122 1004 καὶ
1136 941 1240 1026 ἐλαβεν
1252 938 1311 1005 αύ-

67 1022 127 1100 ίγώ
154 1018 325 1110 πορεύομαι,
337 1023 389 1087 καὶ
412 1021 468 1086 ούκ
492 1025 572 1087 ἔστιν
596 1019 672 1105 ἀνὴρ
706 1043 760 1121 την
772 1020 821 1081 ίπί
834 1017 887 1083 τὸν
897 1017 976 1094 ὄνον,
989 1022 1039 1084 καί
1049 1023 1197 1107 ἐπορεύθη
1206 1027 1245 1099 είς
1257 1023 1310 1088 τὸν

68 1103 203 1183 συνάγων
217 1132 251 1189 με
267 1111 307 1180 είς
323 1104 380 1188 τίην
397 1109 502 1169 οἰκίαν.
528 1106 556 1147 ¹⁰
571 1109 624 1166 καί
639 1127 673 1179 γε
706 1099 919 1166 τοποναύτοῦ.
958 1103 1053 1166 22καί
1069 1104 1156 1189 ἔλαβε
1173 1105 1310 1190 τὴνρομ·

67 1183 507 1276 άχυρακαίχορτάσματάέστι
520 1197 583 1261 τοῖς
596 1182 674 1260 ὄνοις
708 1189 816 1266 φαίαν,
840 1185 892 1248 καί
916 1188 932 1249 ί
968 1180 1056 1269 άτησε
1080 1186 1134 1289 την
1157 1185 1313 1268 παλλακὴν

66 1271 165 1355 ἡμῶν,
189 1271 346 1355 καίάρτος
359 1273 411 1334 καί
428 1265 506 1343 οἶνός
520 1269 676 1352 ἐστινίμοί
709 1265 812 1331 αὐτοῦ.
842 1210 1314 1372 καὶέμάἀισεναύτηνελςδάδεκα

68 1357 121 1419 καλ
143 1358 183 1445 τῇ
195 1356 336 1434 παιδίσκη
353 1354 460 1434 καὶτῷ
475 1357 614 1417 νεανίσκω
625 1376 675 1434 με·
708 1351 799 1433 μελη,
826 1350 878 1414 καί
895 1347 1065 1416 ἀπέστειλεν
1083 1350 1164 1417 αυτά
1180 1355 1212 1415 ἐν
1223 1353 1314 1417 παντί

68 1437 110 1501 τά
123 1443 183 1501 τῶν
195 1424 402 1509 παίδονοου,
427 1433 483 1500 οὐκ
496 1438 576 1500 ἔστιν
589 1416 680 1504 ύστί·,
709 1429 784 1518 δρίῳ
800 1429 929 1517 Ἰσραήλ
968 1435 1000 1478 ³⁰
1015 1436 1067 1498 καί
1085 1436 1200 1511 ἐγένετο
1216 1438 1279 1510 πάς
1293 1430 1314 1501 5

68 1546 148 1624 ρημα
160 1517 275 1593 παντός
285 1514 470 1604 πράγματος.
497 1516 674 1583 2οκαλεῖπεν
706 1518 826 1601 βλέπων
841 1515 949 1592 ἔλεγεν.
988 1514 1043 1581 ούκ
1062 1519 1176 1595 ἐγένετο
1192 1516 1313 1604 καίαύχ

71 1601 177 1706 οάνηρ
189 1600 362 1704 πρεσβύτης.
389 1598 486 1706 εῖρηνη
503 1626 557 1665 σοι.
595 1600 673 1704 πλην
707 1593 835 1684 ἑώραται
848 1597 910 1664 ἀπὸ
932 1595 1042 1683 ἡμέρας
1053 1597 1225 1688 ἀναβάσεως
1238 1604 1312 1665 υλοδν

68 1691 181 1751 πάντα
195 1679 344 1770 ύστερημά
362 1709 417 1749 σου
434 1688 473 1749 ἐπ
500 1683 566 1766 ἐμὲ,
594 1684 673 1766 πλην
704 1679 829 1767 Ἰσραὴλ
846 1684 877 1745 ίκ
893 1685 947 1766 γῆς
958 1679 1123 1760 Αἰγύπτου
1142 1680 1311 1767 εἰίυςτῆςῆ-

67 1775 100 1834 ἐν
112 1774 150 1862 τῇ
162 1763 577 1861 πλατείᾳοάμίηαύλιοθύση.
591 1769 673 1831 22καί
705 1768 798 1851 μέρος
817 1759 929 1848 ταύτης
950 1763 992 1840 ὡς
1013 1760 1099 1851 αὕτη.
1127 1770 1224 1832 θέσθε
1247 1764 1263 1830 5

65 1849 327 1936 είςήνεγκεναύτὸν
343 1855 383 1925 είς
401 1848 671 1927 τόνοίκοναύτοῦ,
706 1845 810 1923 αύτοίς
830 1847 943 1933 βουλίην
965 1846 1009 1913 ἐπ’
1030 1846 1125 1933 αὐτὴν
1141 1852 1194 1917 καί
1215 1779 1312 1934 λκτλάηἲ

66 1940 116 2001 καὶ
128 1932 222 2000 τόπον
234 1938 354 2017 ἐποίησε
371 1945 434 2008 τοῖς
452 1932 539 2009 ὅνοις,
552 1935 604 1997 καί
614 1931 672 1997 αά-
706 1956 785 1997 σατε.

66 2021 113 2084 τοί
130 2021 272 2101 ἐνίφαντο
287 2015 359 2092 τούς
380 2013 480 2092 πόδας
501 2017 604 2082 αὐτῶν
620 2018 672 2081 καί
901 2020 975 2079 ΚΕ
988 2020 1027 2081 Φ.
1070 2012 1121 2081 K'.

66 2105 180 2183 ἔφαγον
197 2103 249 2166 καί
267 2104 359 2166 ἔπιον.
385 2102 416 2142 22
429 2098 519 2165 αὐτοὶ
542 2099 575 2164 δὲ
593 2098 671 2178 ἀγα·
705 2063 788 2163 Καί
800 2100 927 2183 ἐξῆλθον
939 2095 1047 2175 πάντες
1059 2103 1089 2164 οἶ
1100 2101 1162 2166 υἱοί
1174 2098 1308 2205 Ἰσραὴλ,

65 2181 205 2260 θύνοντες
216 2184 341 2270 καρδίαν
352 2180 463 2259 αὐτῶν,
474 2185 526 2248 καί
540 2183 607 2249 ἰδού
620 2181 670 2249 ἀν·
706 2184 757 2247 καί
769 2177 997 2267 ἐξεκκληοιάσθη
1014 2181 1033 2267 ἦ
1046 2182 1203 2266 συναγωγὴ
1215 2209 1257 2259 ας
1270 2181 1309 2248 ά-

65 2270 192 2417 βρὲςτῆς
204 2268 319 2344 πόλεως
332 2268 395 2332 υἱοί
404 2262 590 2369 παρανόμων
602 2263 672 2331 ίκύ·
706 2264 760 2373 νὴρ
779 2265 818 2341 ελς
835 2263 897 2330 ἀπὸ
914 2262 979 2329 Δάν
1001 2268 1053 2331 καί
1070 2270 1127 2343 ἕως
1142 2273 1252 2370 Βηρσα
1271 2267 1309 2341 εε“,

128 2377 185 2418 σαν
196 2349 249 2435 την
261 2354 367 2427 οἰκίαν,
386 2373 541 2434 κρούοντες
552 2352 604 2416 ἐπί
615 2350 671 2432 την
705 2375 756 2413 και
771 2353 812 2433 γῆ
827 2354 882 2414 τοῦ
905 2349 1037 2415 Γαλαὰδ
1058 2351 1135 2436 πρὸς
1151 2373 1253 2435 κυριον
1269 2353 1309 2424 είς

67 2431 176 2518 θύραν.
202 2430 670 2519 καλεῖπονπρόςτόνάνδρατὸν
705 2423 875 2514 Μασόηφά.
913 2434 929 2473 2
953 2434 1006 2495 καί
1029 2431 1205 2516 ἐστάθησαν
1230 2431 1309 2497 κατὰ

67 2511 170 2600 κύριον
181 2519 236 2578 τοῦ
248 2515 331 2578 οἴκου
345 2514 399 2577 τὸν
415 2511 595 2600 πρεσβύτην,
619 2516 669 2580 λί-
704 2509 866 2600 πρόςανπον
879 2518 982 2598 κυρίου
994 2520 1089 2601 πάσαν
1102 2519 1135 2578 αί
1149 2513 1242 2593 φυλαί
1254 2517 1309 2578 τοῦ

66 2622 179 2679 γοντες.
205 2598 329 2673 ἐξένεγκε
346 2593 398 2660 τόν
416 2595 510 2680 ἀνδρα
528 2593 562 2670 ὃς
578 2599 670 2682 είςηλ-
703 2595 827 2682 Ἰσραὴλ
852 2599 883 2660 ἐν
909 2595 1047 2678 ἐκκλησίᾳ
1072 2603 1127 2662 τοῦ
1152 2597 1230 2661 λαοῦ
1255 2599 1310 2661 τοῦ

66 2694 123 2748 θεν
135 2685 174 2756 εἰς
186 2679 241 2762 τὴν
249 2685 345 2744 οἰκίαν
358 2705 422 2754 σου,
434 2684 483 2743 ἵνα
494 2684 603 2763 γνοῖμεν
615 2679 670 2747 αύ-
705 2685 780 2746 θεοῦ
794 2676 977 2764 τετρακόσιαι
993 2677 1117 2763 χιλιάδες
1129 2677 1245 2765 ἀνδρῶν
1256 2705 1311 2745 πε-

64 2763 129 2831 τόν.
157 2766 186 2807 22
199 2765 251 2828 καί
269 2763 373 2846 ἐξῆλθε
388 2761 465 2848 πρὸς
480 2761 590 2839 αύτούς
602 2763 620 2831 5
632 2763 669 2831 ἀ·
706 2768 763 2840 ζῶν
788 2763 919 2837 ἑλκοντες
943 2766 1101 2847 ῥομφαίαν.
1127 2767 1142 2806 2
1155 2766 1206 2828 καί
1218 2763 1309 2849 lixov-

64 2849 119 2935 νίγρ
132 2845 151 2913 5
164 2844 266 2934 κύριος
278 2851 336 2911 τοῦ
348 2848 445 2921 οἴκου,
458 2848 509 2911 καί
521 2845 591 2912 εἷπε.
627 2848 668 2952 μίη
706 2873 763 2912 σαν
775 2851 806 2911 οἷ
818 2850 879 2912 υἱοὶ
891 2851 1042 2931 Βενιαμίν,
1060 2844 1106 2913 ότι
1119 2846 1265 2936 ἀνέβησαν
1278 2852 1310 2912 οί

63 2932 204 3013 ἀδελφοί,
228 2925 502 3015 μηκακοποιησητε
532 2927 568 3014 δὴ
597 2956 669 3014 μετα
706 2934 764 2994 υἱοί
783 2928 907 3014 Ἰσραὴλ
928 2935 967 3005 εἰς
985 2927 1160 3018 ,Μασσηφά
1188 2933 1239 2994 καὶ
1259 2929 1309 2994 ἐλ-

62 3014 101 3080 τὸ
115 3015 250 3089 εἶςελθεῖν
261 3012 315 3078 τόν
333 3011 427 3099 ἀνδρα
440 3018 550 3078 τούτον
562 3018 602 3089 είς
614 3015 669 3115 την
704 3010 808 3087 θόντες
827 3013 914 3099 εἶπαν
931 3018 963 3078 οῖ
983 3017 1046 3079 υῑοί
1059 3011 1189 3099 Ἰσραηλ,
1214 3006 1309 3095 λαλη-

62 3092 441 3199 οίκίανμου,μὴποιηαητε
459 3095 513 3179 τὴν
530 3094 667 3183 ἀφροσυ-
705 3121 775 3163 οατε
794 3102 856 3162 πού
882 3100 993 3177 ἐγένετο
1019 3097 1038 3182 ίη
1059 3103 1189 3184 πονηρία
1214 3091 1308 3180 αύτης

63 3206 115 3264 νην
126 3176 245 3265 ταύτην.
283 3181 315 3223 22
329 3181 370 3245 ἴδε
386 3208 407 3264 η
422 3177 561 3265 θυγάτηρ
574 3177 667 3265 μουὴ
702 3181 783 3245 4καὶ
799 3179 949 3267 ἀπεκρίθη
968 3177 985 3246 5
1005 3179 1079 3265 ἀνὴρ
1099 3179 1263 3263 ὁΛευίτης,
1288 3175 1307 3244 5

61 3266 227 3350 παρθένος,
241 3261 477 3366 καίῆπαλλακη
490 3261 594 3329 αὐτοῦ.
621 3267 669 3340 ἐξ·
704 3262 778 3345 ἀνὴρ
801 3269 853 3344 τῆς
877 3261 1012 3341 γυναικός
1035 3270 1087 3346 τῆς
1108 3269 1307 3346 φονευθείσης,

60 3343 128 3423 άξω
147 3343 250 3424 αύτάς,
276 3349 327 3411 καὶ
345 3370 544 3411 ταπεινωσατε
562 3345 667 3422 αύτάς,
704 3349 755 3428 καὶ
780 3344 865 3408 εἶπεν.
890 3351 929 3419 εἰς
953 3343 1066 3430 Γαβαά
1090 3351 1143 3425 τῆς
1166 3346 1309 3425 Βενιαμὶν

60 3432 117 3496 καὶ
129 3424 272 3511 ποιήσατε
284 3427 389 3504 αὐταῖς
407 3429 443 3493 τὸ
457 3428 578 3505 ἀγαθόν
591 3433 620 3492 ἐν
633 3428 667 3493 ό-
706 3429 802 3511 ηλθον
824 3426 882 3503 ἐγὼ
903 3429 954 3490 καί
976 3424 993 3508 ἢ
1012 3422 1152 3508 παλλακη
1173 3452 1231 3508 μου
1251 3429 1309 3489 τοῦ

61 3511 221 3595 φθαλμοῖς
233 3507 327 3593 ὑμῶν,
349 3514 401 3577 καί
412 3515 457 3595 τῷ
470 3511 554 3598 ἀνδρὶ
567 3510 667 3594 τούτῳ
705 3509 892 3593 αὐλισθῆναι,
919 3509 934 3551 ⁶
947 3511 999 3573 καί
1016 3508 1185 3589 ἀνέστησαν
1199 3505 1242 3570 ἐπ’
1258 3504 1308 3587 ἐμὲ

59 3595 104 3680 μὴ
122 3590 263 3677 ποιηοητε
278 3593 315 3658 τό
331 3598 411 3697 ῥῆμα
430 3600 481 3696 της
499 3590 668 3680 ἀφροσύνης
703 3600 734 3658 οῖ
745 3591 844 3697 ἀνδρες
861 3597 913 3676 τῆς
925 3591 1052 3678 Γαβαά,
1076 3591 1129 3655 καί
1140 3587 1310 3653 ἐκύκλωσαν

60 3673 180 3761 ταύτης.
206 3677 236 3725 ²⁸
249 3679 301 3742 καί
318 3703 374 3742 ουκ
392 3677 556 3760 εὗδοκησαν
570 3682 601 3740 οἱ
613 3676 668 3742 άν-
704 3674 746 3740 ἐπ’
765 3680 814 3758 ε’με
826 3679 877 3741 ἐπὶ
889 3673 943 3760 την
963 3681 1061 3740 οἰκίαν
1072 3670 1186 3750 νυκτός.
1211 3670 1308 3776 551}-

60 3763 127 3842 δρες
143 3764 200 3826 τοῦ
216 3764 382 3834 είςακοῦσαι
401 3760 506 3825 αὐτοῦ.
533 3761 584 3822 καὶ
600 3764 669 3824 ἐπε-
704 3759 837 3842 θίλησαν
849 3763 998 3840 φονεῦσαι,
1024 3755 1138 3842 καίτην
1150 3756 1308 3842 παλλακην

61 3843 170 3930 λάβετο
187 3841 206 3908 5
223 3842 296 3929 ἀνὴρ
315 3850 368 3948 της
390 3842 544 3925 πολλακης
562 3841 668 3919 αὐτοῦ,
702 3869 760 3925 μου
772 3846 981 3918 ἐταπείνωσαν,
995 3844 1047 3907 καὶ
1058 3840 1201 3907 ἀπέθανε.
1227 3843 1308 3906 6καί

59 3930 113 3993 καί
125 3925 263 4010 ἐξήγαγεν
276 3925 372 4011 αάτην
385 3925 461 4012 πρὸς
474 3924 584 4001 αύτούς
597 3929 666 4004 ἔξω.
703 3921 854 4011 ἐκράτησα
868 3923 921 4008 την
929 3920 1087 4009 παλλακήν
1096 3952 1165 4008 μου,
1178 3927 1229 3990 καί
1241 3928 1306 4006 ἐμέ-

59 4012 113 4076 καί
125 4013 255 4088 ἔγνωσαν
272 4008 380 4093 αύτίην,
406 4011 458 4074 καὶ
470 4012 622 4086 ἐνέπαιζον
636 4013 667 4075 ἐν
704 4010 770 4076 λισα
783 4007 888 4094 αύτὴν,
907 4009 1158 4088 καίὲξαπέστειλα
1170 4012 1202 4075 ἐν
1214 4010 1307 4075 παντί

59 4091 141 4187 αὐτῇ
152 4089 225 4176 ὅλην
237 4094 291 4178 την
304 4090 397 4159 νύκτα
410 4098 465 4167 ἕως
477 4095 603 4178 τοπροιῒ,
616 4096 667 4158 καὶ
704 4091 780 4180 ὃρίῳ
797 4095 993 4178 κληρονομίας
1011 4095 1085 4159 υἱῶν
1099 4089 1230 4180 Ἰσραηλ.
1258 4089 1306 4158 ὅτι

58 4177 268 4255 ἐξαπέστειλαν
280 4175 375 4261 αύτην
387 4178 427 4251 ὥς
439 4173 528 4263 ἀνήίη
540 4179 666 4262 τοπρωίὶ
704 4180 848 4261 ἐποίησαν
859 4180 930 4259 ζέμα
947 4179 1000 4243 καί
1016 4173 1192 4260 ἀπόπτωμα
1205 4181 1235 4240 ἐν
1244 4174 1305 4240 Ἰσ-

57 4264 90 4307 ²⁰
102 4264 153 4328 καί
165 4251 257 4348 ἦλθεν
270 4258 293 4344 ίη
300 4259 374 4344 γυνὴ
386 4258 462 4346 πρὸς
474 4260 529 4325 τόν
541 4259 665 4365 ὄρθρον,
723 4256 789 4342 αηλ.
804 4260 891 4326 2ῖδού
903 4260 1012 4336 πάντες
1025 4257 1101 4344 ὑμεῖς
1114 4262 1174 4325 υἱοὶ
1183 4257 1307 4343 Ἰσραὴλ

56 4341 305 4429 καίίπεσεπαρά
320 4341 374 4446 την
391 4340 491 4429 θύραν
508 4347 564 4409 τοῦ
580 4368 665 4407 οικου
703 4285 770 4407 ἀότε
787 4346 908 4419 ἑαυτοῖς
930 4341 1019 4421 λόγον
1036 4347 1087 4407 καί
1108 4338 1220 4425 βουλὴν
1238 4344 1305 4405 ἐκεῖ.

55 4421 96 4496 ού
108 4416 144 4513 ἦν
158 4427 252 4555 αύτης
269 4430 330 4491 ἐκεῖ
345 4453 363 4491 ο
381 4425 467 4510 ἀνὴρ,
488 4432 543 4501 ι’ίαις
556 4418 593 4490 ού
605 4426 666 4490 διί-
704 4426 719 4467 ⁸
732 4428 782 4489 καί
795 4424 901 4508 ἀνίστη
917 4432 977 4500 πάς
997 4424 1015 4488 5
1030 4423 1101 4495 λαὸς
1117 4419 1158 4494 ὡς
1171 4418 1244 4505 ἀνὴρ
1258 4422 1307 4493 εἷς.

55 4538 177 4596 φαυσεν.
202 4515 217 4555 2
247 4512 299 4575 καλ
317 4508 424 4592 ἀνέστη
442 4507 460 4574 5
480 4508 555 4594 ἀνὴρ
573 4507 665 4594 αὐτῆς
702 4506 845 4586 λέγοντες.
872 4507 926 4572 ούκ
944 4499 1167 4582 ἀπελευσόμεθα
1179 4499 1255 4581 ἀνὴρ
1268 4504 1307 4595 είς

1235 4602 1306 4658 τετε
