2924 4972
159 220 223 286 τον
516 216 771 278 mmm
807 211 1065 296 papyam-43.

159 337 365 406 ἀνταποδώσω
374 335 768 421 αῦτσῖς.12ἐντοῦτῳὲ>ινων,
1056 332 1152 400 MB'.

159 422 206 490 ὖέι
219 422 383 505 τεθέληκάς
399 449 446 505 με,
473 419 520 486 ὅτι
531 421 575 486 οῦ
587 420 628 505 μη
641 425 768 524 ἐπιηαρη
956 416 1082 502 Ψαλμός
1095 424 1139 502 τῷ
1151 420 1257 484 Δαυίδ.

159 506 177 573 5
196 502 303 591 ἐχθρός
319 533 377 589 μου
395 504 438 570 ἐπ’
455 509 512 607 ἐμέ.
538 507 565 547 ¹³
578 509 651 588 ἐμοῦ
669 506 701 570 δε
720 507 768 569 δια
800 470 934 588 Κρῖνόν
952 528 986 584 με
1003 499 1021 565 5
1040 500 1129 576 θεὸς,
1154 505 1207 567 καί
1223 504 1347 568 δίκασαν
1359 500 1415 588 την

159 590 213 674 τὴν
222 587 350 654 ἀκακίαν
362 587 542 674 ιἰντελαβου,
564 591 615 652 καί
628 591 769 675 ἕβεβαίω-
801 588 885 669 δίκην
895 613 968 668 μου,
991 587 1022 661 ἐξ
1034 587 1140 660 ἔθνους
1153 583 1207 670 οῦχ
1220 583 1319 660 ὁσίου,
1347 583 1413 651 άπὸ

161 673 213 748 σάς
238 698 271 754 με
297 668 426 737 ἐνώπιόν
447 697 503 736 σου
529 676 567 745 εἰς
592 669 646 734 τὸν
664 675 767 736 αίιῦνα.
803 667 971 754 ἀνθρώπου
991 666 1115 743 σἰδίκου,
1140 669 1307 733 καὶδσλίσυ
1321 669 1417 754 ῥῦσαί

162 752 458 838 ῐίείιλονητόςκῦριος
468 751 486 818 5
495 751 768 838 θεὸςἸσραίηλάπὸ
801 779 845 837 με.
864 749 935 816 2δ’τι
949 750 986 817 σὺ
999 749 1053 815 εἶὸ
1065 751 1138 825 θεὸς
1150 750 1328 835 κραταίωμά
1340 780 1413 835 μου,

160 844 217 905 τοῦ
230 843 338 914 αίιῦνος
350 840 401 901 καὶ
412 842 451 912 εἰς
463 834 517 902 τόν
530 840 633 902 αἰῶνα.
643 839 768 913 γένοιτο,
802 841 882 901 ίνικτί
897 833 1011 900 ἀπώσω
1027 859 1075 917 με,
1101 836 1153 899 καὶ
1171 839 1251 899 ἱνατί
1268 847 1413 920 σκυθρω-

160 928 287 1003 γένσιτο.
801 915 905 994 πάζων
917 914 1082 1002 πορεύομαι
1095 921 1125 980 ἐν
1140 923 1184 1001 τῷ
1197 919 1345 1004 ἐκθλίβειν
1358 919 1414 984 τὸν

248 1008 249 1030 ³
419 999 517 1069 MA'.
802 998 913 1086 ἐχθρόν
931 1026 1005 1082 μου,Ι
1037 997 1271 1075 3ἐξανιόστειλσν
1288 998 1326 1066 τό
1346 1008 1413 1104 ρῶς

161 1095 217 1166 Εἲς
240 1085 277 1154 τό
301 1087 388 1162 τέλος
413 1091 452 1161 εἷς
478 1081 589 1152 σῦνεσιν
613 1096 676 1162 τοῖς
695 1089 770 1160 υἱοῖς
803 1110 857 1149 σου
876 1087 927 1148 καί
945 1083 998 1166 τὴν
1016 1079 1161 1168 ἆληθειάν
1179 1110 1253 1158 σου,
1280 1082 1361 1150 αὐτα
1377 1112 1414 1168 με

201 1179 222 1208 ⁰¹
419 1174 514 1255 Κορέ.
802 1163 1019 1251 ὡδήγησανκαὶ
1032 1164 1235 1250 ἥναγόνμεείς
1246 1166 1316 1251 ὅρος
1326 1163 1414 1246 άνιόν

162 1222 244 1324 ²0v
260 1250 373 1343 τρόπον
395 1257 536 1318 ἐπιποθεῖ
551 1251 569 1336 ἦ
588 1251 705 1334 ἔλαφος
721 1253 771 1317 ε’πί
803 1276 857 1315 σου
869 1252 920 1314 καί
938 1255 977 1325 είς
989 1250 1029 1315 τά
1047 1247 1225 1334 σκηνώματά
1240 1276 1305 1315 σου.
1331 1251 1414 1318 *καί

162 1339 217 1414 τὰς
228 1339 326 1422 πηγός
338 1343 398 1401 τῶν
413 1331 539 1412 ὑδάτων,
553 1333 650 1410 οὕτως
663 1340 769 1400 ἐπιπο-
802 1329 993 1415 εῑςελεῦοομάι
1023 1333 1101 1418 πρὸς
1132 1333 1169 1397 τὸ
1193 1331 1412 1421 θυσιαστήριον

67 1443 69 1446 ·
151 1421 243 1507 ’θείη
257 1417 337 1506 ψυχή
349 1446 407 1502 μου
420 1418 497 1503 πρὸς
511 1418 544 1483 σὲ
556 1416 574 1483 5
588 1415 666 1493 θεός.
685 1419 771 1483 3ἐδί-
802 1422 856 1482 τοῦ
868 1420 959 1492 θεοῦ,
983 1415 1060 1501 πρὸς
1072 1416 1125 1482 τὸν
1137 1414 1209 1480 θεόν
1221 1415 1274 1480 τὸν
1286 1415 1409 1500 εῦᾳριιί-

132 1538 135 1542 ’
148 1582 151 1587 ι
162 1527 259 1589 ψησεν
272 1501 290 1588 ἢ
304 1499 455 1587 ψυχήμου
467 1499 544 1586 πρὸς
556 1498 705 1577 τὸνθεόν,
718 1499 771 1565 τὸν
802 1525 895 1565 νοντα
906 1498 962 1580 τὴν
974 1495 1099 1582 νεότητά
1112 1525 1181 1602 μου,
1195 1501 1411 1584 ἐξομολογησο-

122 1621 123 1626 ¹
164 1591 269 1666 ζῶντα.
300 1583 374 1650 πότε
391 1582 520 1666 ἥξωκαί
537 1580 710 1684 ὀφθήσομαι
726 1588 771 1648 τοῦ
800 1589 856 1664 μαί
868 1608 915 1647 σοι
929 1584 961 1647 ἐν
973 1580 1088 1667 κιθάρᾳ
1107 1581 1210 1658 οθεὸς
1225 1581 1243 1647 5
1257 1581 1332 1658 θεάς
1343 1612 1408 1667 μου.

164 1663 318 1753 πρσςιόπῳ
344 1671 400 1732 τοῦ
425 1670 502 1730 θεοῦ
508 1695 521 1745 ,·
550 1667 567 1707 ⁴
581 1670 706 1750 ἐγενηθη
731 1649 770 1731 τά
802 1667 815 1709 ⁵
831 1670 912 1733 ίνατί
923 1667 1083 1751 περιλυπος
1096 1662 1152 1748 εἶῆ
1165 1663 1245 1750 ψυχη
1259 1691 1334 1749 μου,
1360 1670 1410 1733 καί

163 1749 277 1837 δάκρυά
289 1775 348 1834 μου
359 1750 424 1833 ἐμοί
437 1748 527 1835 άρτος
538 1746 648 1836 ἡμέρας
658 1753 708 1816 καί
720 1775 770 1814 νυ-
801 1753 882 1813 ἶνατί
906 1746 1112 1854 συνταράσσεις
1158 1775 1170 1814 ε
1175 1777 1188 1826 ,·
1214 1749 1340 1816 ε”λπισον
1359 1753 1412 1816 ἐπὶ

164 1835 249 1910 κτὸς,
275 1836 366 1917 ἐντῷ
389 1835 529 1911 λέγεσθαί
543 1858 593 1915 μοι
611 1831 680 1897 καθ’
701 1829 769 1897 έκά-
801 1831 856 1897 τόν
868 1840 956 1906 θεόν,
982 1858 1029 1897 στι
1047 1776 1300 1915 ἐξομολογησομαι
1313 1834 1410 1917 αὐτῷ,

164 1944 235 2003 στην
252 1914 377 2001 ἡμέραν,
399 1921 460 1981 ποῦ
479 1919 559 1980 ἐστιν
577 1913 679 1991 ῦθεός
698 1942 754 1981 σου
757 1945 770 1995 ‚·
803 1909 947 2002 σωτήριον
964 1920 1020 1980 τοῦ
1032 1910 1194 2002 προςώπου
1206 1943 1281 1997 μου,
1301 1912 1319 1982 5
1336 1914 1411 1994 θεός

164 2006 178 2046 ⁵
192 2006 291 2065 ταῦτα
304 1996 471 2083 ἐμνήσθην,
492 2002 541 2063 καί
554 2001 650 2083 ἐξέχεα
663 1996 706 2064 ἐπ’
723 1999 771 2081 ἐμὲ
801 2025 868 2081 μου.

164 2082 219 2168 την
232 2079 329 2166 ψυχήν
340 2108 410 2166 μου,
425 2079 472 2145 δἐι
482 2077 663 2166 διελεύσομαι
676 2085 706 2146 έν
720 2078 772 2146 τό-
1063 2078 1156 2148 ΜΓ’.

164 2196 214 2251 πῳ
227 2170 332 2250 σκηνῆς
351 2170 530 2249 θαυμαστῆς
548 2169 603 2239 ἕως
620 2170 674 2230 τοῦ
688 2167 771 2230 οίκου
802 2169 856 2239 Εἰς
868 2164 905 2230 τὸ
918 2165 1004 2242 τέλος
1016 2178 1079 2242 τοῖς
1090 2174 1165 2244 υἱοῖς
1177 2165 1259 2253 Κορὲ
1271 2173 1311 2243 είς
1326 2164 1411 2234 ‹nfu-

165 2255 221 2316 τοῦ
236 2254 321 2314 θεοῦ.
351 2251 382 2313 ἐν
400 2253 486 2340 φωνῇ
504 2246 707 2325 ἀγαλλιάσεως
721 2251 770 2314 καί
847 2252 859 2280 ⁰
1020 2275 1064 2315 σιν
1077 2249 1202 2354 ψαλμός.

165 2328 403 2417 έζομολομησεως
445 2329 518 2414 ἤχου
560 2329 770 2432 ἑορταζόντων.
802 2298 873 2400 ²0
885 2330 956 2408 θεὸς
969 2336 1000 2398 ἐν
1011 2345 1075 2435 τοῖς
1093 2337 1166 2400 ιοσίν
1179 2332 1259 2418 ἡμῶν
1272 2330 1409 2416 ἡκούσα-

165 2419 181 2460 0
196 2421 275 2481 ῖνατί
290 2415 453 2517 περίλυπος
465 2410 518 2497 εἴη
532 2433 615 2562 ψυηη
624 2442 697 2498 μου,
720 2418 771 2479 καί
799 2439 859 2498 μεν,
873 2419 1039 2518 σίρτατέρρς
1051 2423 1133 2501 ημῶν
1145 2415 1315 2521 άνηγμειλαν
1327 2413 1407 2521 ἡμῖν,

155 2506 246 2565 ’ἶνατί
271 2522 476 2580 συνταράσσεις
501 2522 534 2578 με
539 2526 551 2575 ,·
578 2504 598 2560 ε’
615 2523 700 2564 πισον
722 2500 771 2562 ε’πί
801 2503 888 2582 ἔργον
905 2525 922 2563 ο
942 2504 1067 2581 εἰργασω
1087 2505 1117 2564 ἐν
1130 2515 1195 2576 ταῖς
1212 2505 1332 2586 ημέραις
1351 2529 1408 2564 αυ-

164 2583 217 2648 τόν
229 2581 316 2657 θεὸν,
341 2576 389 2644 ὅτι
406 2575 659 2663 έξομσλονὴσομαι
676 2579 770 2663 αὐτῷ,
799 2587 869 2658 τῶν,
882 2585 913 2646 ἐν
926 2579 1044 2666 ἡμέραις
1057 2581 1200 2668 ἀρχαίαις.
1222 2581 1267 2668 3η
1280 2591 1340 2669 χείρ
1353 2608 1407 2648 σου

166 2665 315 2748 σωτήριον
327 2669 384 2729 τοῦ
396 2661 558 2748 πρόςωπον
570 2690 643 2750 μου,
670 2661 687 2729 5
701 2661 770 2741 θεός
799 2666 873 2749 ἔθνη
886 2663 1105 2751 ἐξωλόθρευσε,
1124 2672 1179 2740 ,καὶ
1192 2664 1408 2749 κατεράτευσας

165 2774 230 2832 μου.
250 2751 263 2790 ⁷
276 2747 352 2830 πρὸς
365 2746 492 2828 ἐμαυτὸν
505 2743 523 2828 ἦ
538 2745 619 2829 ηιυχη
631 2773 688 2829 μου
701 2752 769 2813 ἐτα-
800 2745 924 2824 αὐτοὺς,
941 2746 1094 2822 ἐκάκωσας
1108 2749 1201 2825 λαοὺς
1213 2755 1264 2815 καί
1276 2750 1408 2836 ἐξέβαλες

163 2829 278 2914 ράχθη,
303 2828 352 2892 διὰ
375 2833 464 2893 τοῦτο
486 2827 697 2913 μνησθησομαί
713 2857 770 2896 σου
800 2827 919 2902 αὐτούς.
945 2830 1013 2894 *οὐ
1030 2831 1087 2914 γὰρ
1106 2835 1137 2895 ἐν
1150 2839 1190 2914 τῆ
1204 2838 1336 2920 ῥομφαίᾳ
1351 2831 1407 2896 αῦ-

163 2919 196 2978 ἐκ
207 2917 261 2995 γῆς
275 2906 438 2995 Ἰορδάνου,
458 2914 510 2974 καὶ
524 2910 694 2994 Ἐρμωνιείμ
706 2911 769 2979 άπὸ
799 2915 860 2976 τῶν
878 2908 1118 3015 ἐκληρονόμησαν
1130 2903 1199 2996 γῆν,
1229 2921 1282 2982 καί
1298 2914 1315 2981 5
1332 2921 1408 3003 βρα-

164 2994 252 3078 όρους
264 2997 377 3077 μικροῦ.
394 2993 547 3079 8ὀίβοσσος
560 2996 691 3081 ἄβυσσον
705 3000 768 3061 ἐπι·
798 3001 870 3097 ηίων
883 2992 985 3058 αὐτῶν
997 3021 1052 3058 ουκ
1066 2999 1177 3059 ἔσωσεν
1191 2995 1317 3075 αὐτοὺς,
1342 2996 1404 3065 ἀλλ’

164 3078 296 3142 καλεῖται
310 3081 348 3149 εἰς
362 3077 462 3160 φωνην
474 3082 535 3141 τῶν
554 3082 770 3164 καταβρακτοῦν
800 3106 817 3162 η
831 3073 911 3152 δεξιά
924 3102 979 3141 σου
991 3079 1042 3141 καί
1054 3073 1072 3140 5
1084 3080 1216 3162 βραχίων
1230 3105 1302 3157 σου,
1326 3085 1377 3147 καί
1389 3079 1407 3146 5

165 3186 228 3226 σου.
256 3155 361 3232 πάντες
378 3163 612 3244 οίμετεωρισμοί
629 3189 693 3237 σου,
719 3164 771 3227 καί
799 3155 1191 3243 φωτισμὸςτσῦπροςώπου
1205 3187 1270 3238 σου,
1299 3160 1346 3229 ὅτι
1360 3162 1409 3230 εῦ-

163 3240 202 3307 τά
213 3237 328 3323 κόματά
343 3267 396 3306 σου
408 3240 452 3307 ἐπ’
469 3242 517 3324 ἐμὲ
530 3245 664 3327 διῆλθον.
679 3243 770 3329 9ημέ-
797 3239 924 3325 δόκησας
949 3245 980 3306 ἐν
997 3241 1108 3317 αὐτοῖς.
1147 3245 1161 3287 ⁵
1176 3245 1213 3310 σὺ
1232 3245 1261 3310 εἶ
1279 3246 1371 3323 αὐτὸς
1388 3243 1406 3311 5

163 3351 217 3411 ρας
230 3325 381 3390 ἐντελεῖται
395 3323 495 3410 κάρισς
513 3325 548 3390 τὸ
562 3328 647 3403 ἔλεος
661 3327 768 3405 αὐτοῦ,
796 3322 932 3412 βασιλεῦς
943 3352 999 3407 μου
1011 3328 1062 3391 καὶ
1075 3324 1092 3390 5
1105 3322 1178 3402 θεός
1189 3355 1256 3411 μου,
1280 3327 1298 3394 5
1311 3329 1406 3395 ἐντελ-

162 3413 213 3474 καί
230 3406 333 3482 νυκτὸς
346 3406 493 3493 δηλώσει.
508 3408 579 3495 παρ’
595 3414 660 3492 ἐμοὶ
677 3437 768 3496 προς·
798 3409 914 3491 λὸμινσς
925 3407 980 3487 τάς
993 3415 1141 3493 σωτηρίας
1150 3408 1269 3499 Ἰακοόβ.
1289 3414 1345 3476 θέν
1356 3413 1406 3477 σοί

162 3493 229 3577 ενχη
243 3497 286 3577 τῷ
299 3498 363 3574 θεῷ
375 3497 428 3576 τῆς
440 3496 516 3576 ζωης
528 3518 597 3574 μου,
612 3496 641 3538 ²⁰
653 3498 711 3578 ἐροῦ
724 3499 768 3576 τῷ
798 3493 870 3570 τοὺς
882 3493 1012 3599 ἐηθροῦς
1028 3490 1111 3577 ἢμιῦν
1128 3495 1329 3579 κερατιοῦμεν,
1354 3497 1405 3558 καί

162 3581 243 3658 θεῷ,
270 3572 462 3661 άντιληπτωρ
480 3600 536 3657 μου
556 3575 596 3650 εί,
620 3579 702 3642 διατί
711 3603 768 3660 μου
799 3581 831 3641 ἐν
842 3582 887 3660 τῷ
899 3582 1088 3661 ονοματίσου
1101 3574 1405 3657 ἐξουδενιόσομεντοδς

162 3655 313 3722 ἐπελάθου
317 3688 330 3736 ,·
355 3663 433 3722 ίνατί
458 3655 684 3741 σκυθρωπάζων
708 3685 769 3725 πο-
798 3663 1047 3747 ἐπανιοταμένους
1060 3655 1135 3744 ἡμῖν.
1155 3656 1281 3740 7οῦγάρ
1294 3659 1344 3719 ἐπί
1356 3662 1402 3740 τῷ

161 3737 284 3824 ρεάομαι
311 3744 343 3806 ἐν
362 3746 407 3824 τῷ
425 3739 571 3887 ἐκθλβειν
587 3743 642 3808 τὸν
659 3739 768 3828 ἐχθρόν
798 3741 877 3828 τόξῳ
887 3771 947 3827 μου
961 3745 1071 3819 ἐλπιῶ,
1095 3744 1145 3806 καί
1160 3741 1181 3824 ἢ
1199 3743 1332 3825 ῥομφαία
1344 3765 1403 3822 μου

161 3848 219 3906 μου
225 3852 237 3901 ,·
264 3827 288 3863 ¹¹
301 3825 334 3887 ἐν
347 3828 391 3906 τῷ
408 3834 511 3888 καταθ
531 3828 625 3889 ἆσθαι
638 3824 677 3890 τά
691 3824 768 3890 ὀστᾶ
799 3824 835 3890 οῦ
855 3826 944 3893 σοι’σει
962 3849 1005 3911 με.
1044 3829 1185 3898 8ἔσωσας
1199 3819 1257 3907 νδιρ
1277 3819 1353 3906 ἡμᾶς
1371 3826 1405 3887 ἐκ

160 3930 220 3989 μου
239 3900 388 3970 ὦνείδισάν
405 3931 438 3987 με
457 3910 486 3971 οί
503 3908 658 3993 θλίβοντές
673 3932 715 3989 με.
739 3911 769 3970 ἐν
797 3912 859 3974 τιῦν
883 3908 1053 3996 θλιβόντων
1075 3904 1164 4010 ἡμᾶς,
1190 3909 1241 3971 καί
1263 3903 1336 3980 τοὺς
1358 3933 1407 3987 μι-

160 3993 205 4071 τῷ
230 3987 323 4066 λέγειν
348 3986 459 4064 αὐτοῦς
483 3987 621 4070 μσικαθ
643 3989 770 4074 ἑκάστην
797 3995 925 4066 οσῦντας
938 3991 1214 4076 ἦμᾶςκατησχυνας.
1228 3990 1332 4073 θέντῷ
1341 3994 1408 4074 θεῷ

160 4067 281 4158 ἡμέραν,
295 4075 357 4137 ποῦ
372 4076 451 4137 ἐστιν
463 4069 481 4136 ὁ
493 4069 564 4146 θεός
574 4097 628 4137 σου
632 4101 645 4150 ,·
664 4076 691 4114 ¹²
703 4075 768 4135 ίνα-
796 4072 1056 4157 ἐπαινεθησόμεθα
1071 4058 1143 4158 δλην
1156 4073 1210 4156 την
1222 4071 1343 4159 ἡμέραν,
1355 4075 1405 4138 καί

159 4161 191 4219 τί
202 4156 364 4241 περίλυπος
376 4152 403 4218 εί
414 4152 432 4238 ἡ
445 4151 525 4261 ψυηίη
537 4165 607 4238 μου,
624 4156 676 4219 καί
689 4160 768 4219 ἱνατί
796 4158 830 4221 ἐν
844 4161 888 4239 τῷ
914 4151 1040 4239 ὀνόματί
1056 4183 1109 4223 σου
1127 4152 1406 4240 ε’ξσμολονησόμεθα

161 4236 374 4324 συνταράσσεις
398 4257 465 4320 με,·’
486 4238 612 4303 ε’λπισον
637 4238 687 4302 ἐπί
711 4235 766 4302 τὸν
795 4244 833 4314 είς
856 4236 910 4306 τὸν
928 4245 1032 4305 αίιῦνα.
1058 4235 1225 4323 διάψαλμα.
1251 4241 1281 4283 ¹⁰
1294 4236 1405 4304 νυνίδδ

158 4319 244 4394 θεὸν,
271 4319 318 4387 ὅτι
344 4317 595 4403 ἐξομολογησομαι
620 4317 721 4405 αὐτῷ,
746 4320 764 4424 η
795 4319 911 4388 ἀποίσω
924 4326 975 4387 καί
987 4319 1172 4406 κατῄσχυνας
1184 4320 1271 4406 ἡμᾶς,
1285 4326 1337 4388 καί
1350 4320 1404 4387 οῦκ

159 4409 293 4486 σωτηρία
311 4408 366 4468 τοῦ
387 4399 549 4489 προςοίπου
571 4416 644 4485 μου,
669 4406 721 4470 καὶ
747 4429 764 4468 ο
794 4391 1404 4498 ἐξελεῦσηένταῖςδυνάμεσινἡμιῦν.“άπ·

157 4481 228 4561 θεός
241 4511 306 4567 μου.
794 4492 940 4575 έστρεψας
963 4484 1039 4572 ἡμᾶς
1064 4493 1104 4564 εἰς
1130 4488 1171 4553 τὰ
1194 4485 1295 4554 ὀπίσω
1319 4483 1405 4591 παρά

1332 4595 1404 4647 τους
