2924 4972
327 252 625 318 ΒΑΣιΛσιαΝ
652 260 809 321 mm
847 254 1024 342 ww.
1256 261 1321 327 349

83 354 1316 374 ...-....-...-.--..--.-....-.--....-.....

75 376 199 463 μεγάλην
223 382 251 422 ¹⁰
261 378 316 462 τήν
334 378 578 462 τεθεμελιωμένην
595 384 625 445 έν
637 406 682 445 τι·
722 379 760 466 ήλ
772 379 899 466 σήμερον
911 378 944 456 ίίς
957 378 1030 446 έλάλ
1050 404 1098 447 σεν
1110 384 1141 447 ίν
1154 387 1197 466 τῷ
1210 378 1324 465 στόμα·

75 471 149 546 μίοις
159 462 259 536 λίθοις
270 458 408 544 μεγάλοις
417 462 515 535 λίθοις
525 459 682 547 δεκαπήχε-
721 490 750 529 τι
761 463 857 530 αὐτοῦ
873 468 941 550 περὶ
953 407 1050 530 Δαυίδ
1066 469 1124 529 τοῦ
1139 462 1254 550 πατρός
1265 489 1323 548 μου

77 572 104 611 οι
116 547 167 611 καί
178 556 241 621 τοῖς
253 541 444 628 ὀκταπήχεσι.
463 549 486 586 ¹¹
500 547 552 610 καί
563 542 680 610 ἐπάνω-
721 551 772 612 καί
794 551 825 612 ἐν
846 558 913 623 ταῖς
922 551 1023 653 ηερσίν
1044 545 1142 612 αὑτοῦ
1159 547 1323 632 ἐπλήρωσε,

77 639 128 693 θεν
140 635 244 711 τιμίοις
260 629 339 692 κατά
357 629 393 692 τὸ
411 630 520 712 μέτρον
538 624 680 712 άπελεκή-
721 629 822 706 λέγων.
848 629 926 730 22άη
947 657 982 734 ης
996 627 1104 715 ήμερας
1117 626 1260 715 ἐξήγαγον
1272 626 1325 695 τόν

75 736 141 777 των.
159 715 209 776 καὶ
221 712 333 796 κε’δροις
356 713 383 752 ¹²
396 715 448 794 τής
460 709 554 793 αῦλής
567 716 617 794 τής
629 738 678 796 με·
720 708 795 776 λαόν
812 738 869 794 μου
886 737 941 778 τον
963 713 1079 816 Ισρσήλ
1100 717 1132 791 ἐξ
1150 709 1323 792 Αἰγύπτου,

74 791 165 879 μάλης
176 790 276 878 κύκλῳ
287 806 363 878 τρεῖς
373 800 467 878 στίχοι
479 791 679 878 άπελεκήτων,
720 792 776 859 οῦκ
789 790 957 896 ἐξελεξάμην
974 797 1006 859 ἰν
1017 796 1101 860 πολει
1118 800 1149 861 έν
1165 799 1208 863 ένί
1224 791 1281 863 σκ’
1306 836 1322 849 -

74 879 125 942 καί
142 883 241 963 στίχος
258 878 472 978 κεκολαμμένης
489 879 603 959 κέδρου.
629 880 680 943 καί
720 901 782 960 τρῷ
804 875 928 976 Ἰσραηλ
955 882 1011 942 τοῦ
1029 880 1222 964 οἰκοδομῆσαι
1241 906 1260 946 ο
1307 901 1323 943 ν

74 961 240 1026 συνετέλεσε
261 959 416 1042 Σαλωμων
433 960 505 1027 ὅλον
525 962 576 1026 τὸν
599 958 681 1025 οἷκον
720 965 777 1024 τοῦ
789 957 863 1024 εἶναι
877 985 912 1024 το
924 956 1017 1042 ὄνομά
1029 987 1088 1043 μου
1106 964 1173 1027 ἐκεῖ.
1198 966 1249 1029 καὶ
1261 966 1322 1040 ίξε·

75 1042 182 1108 αὐτοῦ.
719 1038 845 1127 λεξάμην
859 1045 891 1106 ἐν
904 1041 1095 1127 Ἰερουσαλήμ
1112 1043 1185 1109 εἶναι
1203 1046 1238 1111 τὸ
1252 1046 1322 1112 ὄνο-

264 1134 338 1192 ΚΕ
350 1133 388 1191 (ί).
432 1123 491 1190 11'.
719 1124 762 1208 μά
774 1152 833 1209 μου
846 1127 913 1190 ἐκεῖ.
939 1129 991 1191 καί
1007 1124 1172 1225 ἐξελεξάμην
1187 1127 1240 1192 τόν
1257 1133 1323 1192 Λα-

75 1177 158 1276 Καὶ
169 1213 283 1288 ἐγένετο
296 1207 336 1284 ὡς
349 1210 513 1274 συνετέλεσε
525 1207 682 1289 Συλωμών
721 1209 768 1272 υίδ
787 1211 845 1272 τοῦ
866 1206 939 1274 εἶναι
956 1210 1007 1272 ε’πί
1029 1206 1173 1273 τὸνλοιον
1193 1236 1251 1290 μου
1273 1208 1324 1274 τὸν

76 1299 133 1359 τοῦ
148 1295 343 1374 οἰκοδομήσω
356 1290 408 1355 τὸν
421 1290 504 1355 οἶκον
516 1296 619 1374 κυρίου
632 1295 683 1356 καί
718 1288 849 1377 Ἰσραήλ.
876 1293 902 1334 ¹¹
915 1294 966 1356 καί
985 1292 1100 1367 ἐγένετο
1117 1293 1170 1356 ἐπὶ
1186 1295 1239 1373 τῆς

77 1372 131 1440 τὸν
143 1374 225 1438 οίκον
239 1372 334 1439 αὐτοῦ
344 1372 418 1456 μετά
432 1375 524 1438 εἴκοσι
538 1378 569 1437 ε”τ
594 1371 682 1449 ,τότε
720 1375 785 1449 δίας
797 1378 852 1439 τοῦ
868 1370 984 1461 πατρός
998 1398 1057 1456 μου
1076 1317 1327 1457 οἶκοδομιμιαῦδνῖ

76 1457 296 1539 ἐξεκκλησίασεν
322 1452 339 1520 ό
362 1455 497 1542 βασιλεῦς
525 1402 683 1541 Σαλωμῷν
720 1483 773 1522 κον
786 1461 831 1541 τῷ
843 1452 968 1541 ὀνόματι
987 1461 1091 1542 κυρίου
1103 1461 1179 1522 θεοῦ
1190 1453 1323 1542 Ἰσραήλ.

75 1537 195 1614 πάντας
208 1537 276 1615 τούς
287 1541 501 1626 πρεσβυτέρους
517 1537 636 1623 Ἰσραήλ
649 1544 682 1606 έν
719 1541 804 1604 2’καί
816 1539 877 1606 εἷπε
889 1535 991 1645 κύριος
998 1538 1076 1647 πρὸς
1087 1541 1187 1607 Δαυίδ
1196 1535 1249 1605 τόν
1260 1568 1324 1606 πα·

77 1622 175 1699 Σιών,
201 1627 257 1687 τοῦ
269 1626 388 1700 ε’νεγκεῖν
405 1622 460 1707 τήν
473 1623 600 1710 κιβωτόν
614 1624 680 1689 δια·
718 1625 789 1708 τέρα
799 1650 867 1707 μου.
880 1621 949 1689 ἄνθ’
964 1649 1007 1689 ων
1020 1621 1112 1709 ηλθεν
1121 1625 1171 1689 ἐπί
1184 1620 1237 1707 τήν
1248 1650 1322 1709 καρ-

76 1703 174 1791 θήκης
185 1711 288 1791 κυρίου
300 1709 332 1770 έκ
344 1701 459 1780 πόλεως
471 1707 577 1784 Δαυίδ,
602 1704 679 1791 αῦτη
717 1707 785 1773 δίαν
802 1732 858 1772 σου
880 1710 936 1774 τοῦ
957 1709 1151 1791 οἰκοδομῆσαι
1177 1707 1262 1772 οίκον
1278 1713 1322 1790 τῷ

75 1793 138 1872 ἐστί
155 1789 250 1866 Σιών,
276 1792 291 1832 2
308 1792 339 1854 ἐν
355 1793 424 1873 μηνὶ
442 1789 575 1854 Ἀθανίν.
600 1791 679 1854 2καί
718 1785 845 1874 ὀνόματί
853 1816 921 1872 μου,
933 1790 1033 1866 καλῶς
1042 1794 1187 1874 ἐποίησας
1199 1787 1246 1857 ὅτι
1260 1793 1322 1867 ἔγε-

74 1877 151 1966 ήραν
168 1877 201 1938 οἱ
221 1877 304 1960 ἱερεῖς
321 1869 374 1957 τήν
390 1900 417 1937 κι
466 1871 516 1937 τὸν
543 1873 624 1938 4καὶ
641 1872 678 1938 τό
718 1869 795 1973 νήθη
817 1877 868 1939 ἐπὶ
888 1873 944 1958 τήν
965 1875 1090 1956 καρδίαν
1109 1900 1172 1940 σου.
1200 1875 1228 1916 ¹⁹
1241 1872 1322 1959 πλήν

75 1953 211 2041 σκήνωμα
227 1961 282 2021 τοῦ
293 1963 455 2043 μαρτυρίου
473 1957 524 2021 καί
540 1952 581 2021 τά
592 1951 679 2040 σκεύη
717 1982 751 2022 ου
766 1955 823 2023 οῦκ
836 1954 1040 2040 οίκοδομέσεις
1052 1955 1104 2023 τὸν
1113 1957 1206 2034 οίκον,
1219 1954 1284 2022 ἀλλ’
1301 1955 1321 2041 ἢ

74 2039 112 2104 τὰ
124 2039 196 2118 άγια
206 2039 245 2105 τά
257 2045 288 2105 έν
299 2044 343 2123 τῷ
353 2037 521 2124 σκηνώματι
532 2045 588 2104 τοῦ
600 2065 676 2123 μαρ-
717 2037 734 2103 ὁ
748 2035 813 2116 υίάς
826 2065 881 2106 σου
893 2038 912 2106 ὁ
925 1999 1054 2118 ἐξελθών
1067 2044 1100 2105 ἐκ
1113 2040 1321 2125 τῶνπλευρῶν

74 2130 184 2203 τυρίον.
212 2121 322 2189 2καλό
340 2123 472 2209 βασιλεὺς
486 2125 536 2186 καί
547 2128 607 2198 πάς
617 2121 679 2188 Ἰσ-
718 2148 787 2199 σου,
813 2115 903 2199 οὗτος
914 2119 1099 2228 οίκοδομήσει
1116 2123 1169 2189 τόν
1181 2123 1264 2189 οἶκον
1276 2127 1322 2207 τῷ

74 2205 150 2290 ραήλ
161 2211 331 2291 ἔμπροσθεν
347 2211 398 2289 τής
415 2209 543 2291 κιβωτοῦ
556 2201 680 2280 θύοντες
718 2203 845 2287 ὀνόματί
854 2231 920 2286 μου.
958 2209 989 2250 ²⁰
1002 2231 1053 2270 και
1070 2204 1209 2290 άνέστησε
1221 2202 1321 2290 κύριος

74 2285 214 2376 πρόβατα
225 2285 300 2374 βόας
313 2286 515 2372 άναρίθμητα.
541 2289 613 2353 2καί
625 2292 681 2361 είς-
720 2286 754 2352 τό
772 2291 852 2391 ῥήμσ
870 2285 965 2354 αὐτοῦ
984 2283 1004 2353 ὃ
1026 2287 1157 2372 ἐλάλησε.
1183 2291 1234 2354 καί
1251 2289 1321 2354 άνί·

75 2377 216 2455 φέρουσιν
228 2376 258 2435 σί
271 2375 354 2454 ίερεῖς
371 2368 425 2454 τήν
437 2398 464 2434 κι
513 2367 563 2434 τὸν
576 2374 615 2444 είς
628 2370 681 2434 τὸν
718 2395 787 2452 στην
799 2372 867 2435 αντὶ
879 2370 977 2434 Δαυίδ
988 2375 1043 2434 τοῦ
1055 2369 1171 2474 πατρός
1182 2397 1249 2454 μου,
1269 2374 1322 2436 καί

74 2449 171 2517 τόπον
192 2452 285 2534 αὐτῆς
303 2457 342 2525 εἰς
360 2451 396 2516 τὸ
419 2453 458 2516 δα
476 2455 505 2536 ίρ
524 2456 581 2515 τοῦ
598 2454 681 2515 οἴκου
719 2455 850 2517 ἐκάθισα
868 2454 917 2516 ίπί
934 2456 988 2515 τοῦ
1004 2447 1117 2534 θρόνου
1134 2452 1250 2537 Ισραήλ
1266 2480 1322 2517 κα-

76 2540 115 2610 εἷς
127 2534 167 2598 τά
186 2530 257 2609 όίγια
274 2539 334 2597 τῶν
352 2531 445 2610 ἁγίων
463 2531 523 2596 ὑπὸ
542 2532 596 2606 τάς
608 2537 681 2596 πτέ-
721 2533 785 2609 θεός
802 2532 927 2616 ἐλάλησε
942 2529 1055 2616 κύριος,
1080 2537 1130 2598 καί
1143 2532 1321 2618 ᾠκοδόμησα

74 2644 168 2701 ρυγας
181 2622 241 2681 τῷν
254 2620 416 2701 Χερουβίμ.
430 2613 495 2680 2ὅτι
509 2613 547 2680 τά
562 2623 682 2698 Χερου-
721 2616 773 2682 τὸν
798 2615 882 2682 οἷκον
907 2620 951 2699 τῷ
973 2612 1095 2697 ὀνόματι
1118 2622 1222 2699 κυρίου
1246 2622 1321 2683 θεοῦ

73 2707 124 2788 βὶμ
136 2703 395 2781 διαπεπετασμένα
408 2710 474 2774 ταῖς
486 2701 621 2784 πτέρυξιν
632 2700 681 2763 ἐπί
716 2695 844 2785 Ἰσραήλ
870 2703 896 2742 22
908 2701 959 2763 καί
975 2701 1086 2783 ίθέμηυ
1107 2701 1166 2764 ἐκεῖ
1175 2694 1270 2768 τόπον
1283 2705 1321 2788 τῇ

72 2787 128 2850 τόν
141 2781 239 2849 τόπον
250 2788 303 2867 τής
316 2788 454 2869 κιβωτοῦ.
482 2785 532 2848 καί
545 2777 679 2865 περιεκά-
717 2788 833 2869 κιβωτῷ
846 2787 877 2848 ίν
889 2774 909 2870 ή
920 2788 999 2848 ἐστιν
1008 2787 1067 2848 ἐκεῖ
1077 2781 1205 2868 διαθήκη
1217 2790 1320 2868 κυρίου

74 2867 189 2934 λυπτον
202 2866 241 2932 τά
253 2870 405 2953 Χερουβὶμ
424 2869 473 2931 ε’πί
486 2865 539 2950 τήν
551 2865 679 2953 κιβωτόν
717 2865 751 2971 ήν
762 2869 879 2933 διέθετο
899 2861 998 2950 κύριος
1014 2868 1088 2950 μετά
1106 2872 1165 2932 τῷν
1182 2872 1321 2953 πατέρων

72 2954 124 3017 καί
149 2955 198 3017 ε’πί
223 2951 262 3016 τὰ
294 2951 365 3028 άγιιι
395 2947 487 3034 αὐτῆς
512 2947 678 3026 έπάνωθεν,
717 2955 798 3034 ημῶν
817 2954 849 3015 ίν
866 2955 910 3035 τῷ
929 2954 1081 3029 ἐξαγαγεῖν
1099 2948 1192 3016 αὐτόν
1210 2948 1320 3027 αῦτοῦς

73 3037 89 3078 ⁸
102 3037 153 3100 καί
166 3032 313 3120 ὑπερεῖχον
325 3036 364 3099 τὰ
383 3031 547 3116 ’γιασμένα
567 3036 618 3099 καί
631 3038 677 3099 έν·
717 3038 749 3099 έκ
761 3040 815 3135 γής
826 3031 999 3112 Αἰγύπτου.
1024 3038 1055 3077 22
1067 3037 1119 3100 καί
1131 3033 1239 3118 άνέστη
1252 3041 1319 3099 Σα-

71 3118 231 3203 εβλέποντο
253 3123 287 3183 αἱ
308 3063 437 3198 κεφαλαί
453 3122 513 3183 τῷν
536 3115 676 3203 ήγιασμέ-
713 3118 821 3203 λωμων
844 3116 923 3184 κατά
948 3114 1109 3204 πρόςωπον
1126 3124 1183 3185 τοῦ
1207 3129 1318 3184 θυσια-

72 3226 130 3267 νων
147 3204 178 3266 έκ
197 3207 256 3266 τῷν
272 3198 364 3280 ἁγίων
382 3207 421 3277 είς
440 3199 601 3285 πρόςωπον
618 3205 677 3266 τοῦ
713 3208 835 3288 στηρίου
847 3199 1088 3284 κυρίουίνιόπιον
1101 3198 1200 3287 πάσης
1213 3200 1317 3284 ἐκκλη-

71 3286 170 3370 δσβίρ,
188 3286 239 3348 καὶ
252 3283 306 3349 οῦκ
320 3281 493 3349 ὠπτάνοντο
506 3287 576 3360 ἔξω.
600 3282 676 3348 9οῦκ
713 3292 779 3360 σίας
793 3283 925 3367 Ἰσραήλ.
950 3288 1001 3351 καί
1012 3286 1171 3349 διεπέτασε
1188 3284 1242 3358 τὰς
1258 3297 1317 3388 ηεῖ-

71 3371 109 3450 ήν
122 3371 153 3432 έν
165 3372 202 3448 τή
216 3371 332 3449 κιβωτῷ
349 3367 427 3448 πλήν
439 3361 492 3430 δύο
507 3365 617 3440 πλάκες
630 3366 676 3430 λί-
712 3392 767 3451 ρας
780 3365 876 3430 αὐτοῦ
889 3372 928 3441 είς
940 3363 992 3430 τὸν
1005 3364 1144 3450 οὐρανὸν,
1171 3367 1200 3408 ²³
1213 3392 1265 3428 και
1277 3365 1317 3430 εί-

69 3463 167 3519 θινοιι,
180 3440 290 3521 πλάκες
301 3453 352 3528 τής
370 3443 513 3531 διαθήκης
525 3443 560 3522 ῦς
572 3452 677 3531 έθηκεν
713 3474 760 3513 πε.
786 3444 865 3529 κύριε
882 3444 900 3511 ὁ
919 3445 990 3521 θεὸς
1006 3445 1141 3532 Ἰσραήλ,
1167 3445 1222 3510 οῦκ
1239 3450 1317 3512 ἔστιν

70 3534 213 3614 Μωυσής
225 3532 256 3592 ἐν
267 3531 391 3632 Χωρήβ,
404 3525 439 3603 όίς
451 3529 566 3593 διέθετο
579 3526 678 3614 κύριος
712 3530 752 3607 ὡς
766 3527 803 3599 σὺ
816 3529 886 3604 θεὸς
898 3531 929 3594 ἰν
940 3534 984 3612 τῷ
998 3526 1116 3613 οῦρανῷ
1129 3527 1192 3594 άνω
1205 3531 1256 3593 καὶ
1268 3531 1317 3593 ἐπὶ

70 3612 145 3699 μετὰ
165 3617 227 3678 ταῖν
244 3617 314 3676 υίῷν
343 3611 456 3694 Ισραήλ
474 3614 505 3675 έν
523 3616 566 3693 τῷ
588 3615 678 3675 ἔκπο-
713 3619 765 3696 τής
789 3616 842 3695 γής
865 3608 959 3687 κάτω,
984 3607 1147 3712 φυλάσσων
1172 3609 1317 3696 διαθήκην

72 3694 211 3782 ρεῦεσθιιι
237 3693 348 3769 αὐτούς
373 3698 405 3758 ἐκ
429 3699 483 3776 γής
506 3688 677 3771 Αἰγύπτου.
713 3699 764 3758 καί
776 3693 862 3769 ἕλεος
877 3700 921 3777 τῷ
940 3693 1041 3778 δουλῳ
1059 3720 1114 3758 σου
1131 3699 1177 3780 τῷ
1188 3720 1315 3783 πορευο-

73 3783 163 3846 10καὶ
177 3783 288 3859 ἐγένετο
308 3776 348 3853 ὡς
361 3777 489 3861 έξήλθσν
506 3781 536 3841 οἶ
550 3781 633 3862 ἱερεῖς
647 3779 678 3839 έκ
711 3780 791 3859 μένῳ
808 3773 935 3842 ἐνώπιόν
953 3804 1007 3842 σου
1030 3781 1061 3842 έν
1078 3774 1134 3867 όλη
1150 3783 1190 3872 τῇ
1206 3781 1315 3866 καρδίη

70 3871 129 3930 τοῦ
142 3861 248 3942 ἁγίου,
275 3864 326 3928 καὶ
345 3858 361 3946 ή
379 3861 484 3944 νεφέλη
501 3860 609 3943 ἔπλησε
627 3857 678 3925 τὸν
713 3857 820 3933 αὐτοῦ,
847 3859 878 3901 ²⁴
891 3856 913 3924 ά
925 3857 1075 3943 έφύλαξας
1087 3867 1133 3926 τῷ
1145 3859 1245 3946 δούλῳ
1258 3890 1314 3930 σου

73 3947 166 4014 οίκον.
199 3951 223 3989 ¹¹
237 3949 288 4013 καί
305 3944 360 4012 οῦκ
380 3941 530 4025 ήδάυαντο
546 3949 577 4010 οί
595 3948 677 4030 ίερεῖς
712 3944 811 4009 Δαυίδ
822 3946 866 4025 τῷ
876 3949 972 4028 πατρί
981 3970 1047 4024 μου.
1073 3928 1314 4032 καδγὰρίλάλη·

72 4027 188 4118 στήκειν
216 4030 392 4113 λειτουργεῖν
422 4024 484 4093 άπὸ
513 4025 676 4112 προςιόπσυ
711 4055 763 4103 σας
777 4031 808 4092 ἐν
826 4031 870 4108 τῷ
890 4023 1019 4109 στόματί
1034 4053 1097 4104 σου,
1122 4031 1174 4093 καί
1190 4032 1222 4095 έν
1233 4038 1315 4116 χερσί

70 4120 124 4217 τής
137 4114 268 4197 νεφελης,
294 4109 342 4178 ότι
359 4111 466 4196 ἐίτλησε
483 4107 557 4188 δόξα
573 4119 675 4198 κυρίου
710 4139 764 4178 σου
788 4109 964 4195 ε’πλήρωσας
994 4109 1035 4187 ὡς
1061 4108 1079 4196 ή
1105 4108 1200 4196 ήμέρα
1226 4113 1313 4199 αῦτη.

70 4223 125 4263 του
139 4197 229 4262 οἶνον.
256 4196 285 4238 ¹¹
298 4197 349 4260 καὶ
362 4193 546 4279 ἀπέστρεψεν
558 4193 575 4260 ὁ
588 4200 675 4282 βασι·
708 4197 737 4238 25
750 4197 802 4259 καὶ
814 4199 864 4259 νῦν
876 4191 957 4280 κύριε
969 4190 987 4259 ὁ
999 4194 1071 4271 θεὸς
1077 4194 1202 4280 Ἰσραήλ
1215 4194 1314 4278 φύλα·

71 4277 137 4356 λεῦς
156 4281 192 4345 τὸ
210 4275 370 4366 πρόςωπον
388 4275 491 4344 αὑτοῦ.
520 4280 571 4343 καί
588 4274 676 4343 εῦλό-
708 4279 761 4353 ξον
777 4281 822 4342 τῷ
838 4274 937 4361 δούλῳ
962 4304 1016 4345 σου
1040 4281 1138 4344 Δαυίδ
1159 4283 1203 4359 τῷ
1219 4284 1315 4362 πατρί

69 4387 158 4446 γησεν
175 4361 343 4447 ὁβοισιλεῦς
361 4357 461 4445 πάντα
471 4357 601 4445 Ἰσραήλ.
626 4362 677 4424 καί
707 4385 764 4439 μου
789 4343 810 4425 δέ
834 4357 977 4445 ἔλάλησας
1002 4360 1098 4443 αὐτῷ,
1123 4359 1228 4434 λέγων.
1257 4359 1313 4425 οῦκ

68 4451 157 4511 πάσα
170 4444 310 4526 ἐκκλησία
319 4442 442 4527 Ἰσραήλ
454 4441 585 4528 εῖστήκει.
598 4444 677 4505 15καί
709 4443 908 4528 ἰξαρθήσεταί
924 4468 981 4508 σου
1005 4441 1081 4522 ἀνήρ
1099 4444 1133 4535 ’ἐκ
1149 4437 1313 4539 προςεόπου

69 4526 158 4594 εἶπεν.
177 4525 337 4610 εὐλογητὸς
349 4521 449 4609 κύριος
462 4522 479 4590 ὁ
493 4524 675 4611 θεὸςἸσρα-
707 4550 764 4605 μου
791 4521 955 4606 καθήμενος
977 4524 1030 4584 ἐπί
1045 4530 1169 4601 θρονου
1189 4518 1313 4616 Ισραήλ,

1246 4597 1328 4672 που
