2924 4972
419 237 721 294 ιυαιιιειειΛ
761 225 1033 314 matam.
1178 294 1185 306 ,
1283 231 1343 299 881

105 348 269 433 πρόςωπον
288 345 400 431 μόσχου
418 351 448 422 ἐξ
465 343 628 430 ἀριστερῶν
646 359 710 420 τοῖς
743 341 934 429 ύπεράνωθεν
946 348 1001 408 τού
1014 342 1215 426 στερεάματσς
1228 348 1283 411 τού
1296 344 1351 412 όν-

105 437 263 517 τέσσαρσι,
288 433 338 494 καί
359 427 521 512 πρόςωπον
539 427 628 493 ἀετοῦ
647 441 710 503 τοῖς
742 453 795 502 τος
808 424 882 511 ὑπὲρ
895 425 1024 511 κεφαλῆς
1035 423 1135 490 αὐτῶν
1152 428 1182 470 ²⁶
1193 425 1235 502 ὡς
1248 426 1352 514 ὅρασις

106 519 257 599 τέσσαρσι.
295 516 320 553 ¹¹
333 513 384 574 καί
402 515 436 574 αί
449 513 588 596 πτέρυγες
608 509 710 576 αὐτῶν
742 509 834 575 λίθου
843 515 1019 594 σαπφείρσυ,
1030 503 1166 590 ὁμοίωμα
1175 508 1344 593 θρόνσυέεέ

106 599 293 679 ἐκτεταμέναι
319 593 434 658 ἄνωθεν
458 605 522 668 τοῖς
539 598 710 679 τέσσαρσιν,
743 592 855 671 αὐτοῦ,
879 596 932 658 καί
946 593 997 656 ἐπί
1012 597 1067 656 τοῦ
1088 587 1275 674 όμσιιύματσς
1290 599 1349 660 τοῦ

107 683 239 762 ἑκατέρῳ
257 673 314 741 δύο
332 678 546 759 συνεζευγμέναι
562 675 639 762 πρός
656 676 711 742 άλ-
741 674 859 764 θρόνου
879 673 1015 757 ὁμοίωμα
1034 670 1076 750 ὥς
1093 673 1169 749 είδσς
1182 671 1349 760 άνθρυίπου

106 759 214 846 λήλας,
239 761 288 824 καί
315 756 372 824 δύο
391 761 593 827 ἐπεκάλυπτσν
608 755 711 826 ἐπάνω
744 759 869 825 άνωθεν.
886 762 916 801 22
926 761 978 824 καί
987 758 1051 824 ἴδον
1064 754 1105 834 ὡς
1118 754 1191 841 όψιν
1204 755 1349 861 ήλέκτρσυ

106 849 163 909 τοῦ
176 839 311 926 σώματος
324 841 437 920 αὐτῶν,
463 847 490 886 22
502 846 554 910 καί
570 839 712 929 ἑκάτερον
743 841 806 909 ἀπὸ
819 839 952 948 ὁράσεως
966 837 1081 925 ὀσφύος
1092 844 1143 906 καί
1155 845 1271 924 ἐπανω,
1297 839 1350 907 καί

107 927 185 992 κατὰ
198 923 359 1013 πρόςωπον
372 926 470 992 αύτού
482 922 649 1011 ἐπορεύετο.
673 918 711 993 σύ
744 925 810 992 ἀπὸ
835 921 965 1012 σράσεως
990 920 1105 1008 ὀσφύος
1121 927 1172 990 καί
1191 929 1247 1000 έως
1265 924 1349 991 κάτω

107 1008 144 1074 ἂν
169 998 204 1096 ήν
228 1008 264 1074 τό
290 1015 403 1091 πνεῦμα
420 1007 619 1094 πορευόμενον
637 1013 713 1074 ἐπο-
744 1012 806 1076 ίδσν
817 1006 921 1117 ὅρασιν
931 1007 1039 1095 πυρός,
1056 1010 1107 1072 καί
1119 1007 1156 1073 τό
1170 1011 1279 1089 φέγγος
1291 1005 1349 1074 αύ-

107 1092 244 1180 ρεύοντο,
270 1098 320 1158 καί
338 1092 396 1157 σύκ
407 1095 597 1178 ἐπέστρεφον.
621 1095 649 1136 ¹³
662 1097 712 1160 καί
743 1098 799 1160 τοῦ
810 1092 912 1176 κυκλῳ
937 1092 969 1134 22
981 1088 1023 1168 ὡς
1035 1088 1138 1179 ὅρασις
1150 1088 1254 1167 τόξου,
1273 1088 1350 1158 όταν

107 1181 140 1242 ἐν
157 1180 238 1258 μέσῳ
251 1181 310 1239 τῶν
322 1172 405 1253 ζώων
423 1172 527 1263 όρασις
539 1174 580 1253 ὡς
591 1174 711 1263 ἀνθρά-
744 1167 762 1269 ᾖ
776 1182 807 1242 ἐν
818 1181 857 1271 τῇ
873 1176 979 1265 νεφέλῃ
992 1178 1024 1240 ἐν
1036 1173 1155 1261 ήμέραις
1168 1171 1270 1250 ὑετοῦ,
1294 1169 1350 1241 ού-

107 1283 176 1322 κων-
185 1258 281 1343 πυρός
296 1263 472 1339 καιομένων,
498 1259 540 1336 ὥς
552 1258 624 1344 όψις
636 1260 712 1343 λαμ-
744 1285 803 1336 τως
815 1258 834 1346 ή
847 1256 948 1335 πόσις
961 1263 1020 1325 τσῦ
1032 1262 1160 1340 φέγγους
1171 1251 1327 1326 κυκλόθεν.

106 1341 214 1406 παίδων
231 1346 473 1424 συστρεφομένων
487 1341 633 1449 άναμέσον
650 1347 712 1408 τῶν
932 1349 1006 1408 ΚΕ
1020 1347 1060 1406 Φ.
1102 1343 1159 1406 Β’.

108 1425 192 1505 ζιύων
209 1428 259 1489 καί
277 1430 387 1506 φέγγος
405 1429 459 1490 τού
476 1453 587 1512 πυρος,
612 1428 665 1491 καί
680 1430 712 1491 ἐκ
745 1392 848 1511 Αύτη
861 1422 880 1510 ή
892 1423 996 1510 όρασις
1003 1420 1192 1508 ὁμοιάματσς
1200 1423 1289 1510 δόξης
1297 1451 1350 1490 κυ-

107 1512 164 1572 τσῦ
172 1508 266 1592 πυρός
276 1507 465 1594 ἐξεπορεύετο
474 1508 713 1596 ἆστραπή.22καί
744 1517 819 1597 ρίσυ.
842 1512 895 1575 καί
905 1510 978 1588 ι’δον,
989 1509 1041 1573 καί
1051 1513 1156 1574 πίπτω
1168 1511 1219 1574 ἐπί
1230 1535 1255 1574 π
1274 1506 1351 1584 όςω-

110 1592 185 1664 ἴδσν,
208 1592 335 1656 καίίδσδ
350 1589 455 1676 τροχὸς
472 1593 510 1668 είς
527 1595 579 1658 ἐπί
595 1597 713 1677 τήςγῖχς
744 1588 888 1674 πόνμου,
913 1594 965 1657 καί
981 1590 1095 1676 ήκουσα
1107 1589 1210 1675 φωνήν
1304 1595 1317 1609 ”
1333 1631 1351 1645 ·

109 1672 246 1758 ἐχόμενος
276 1680 337 1740 τῶν
362 1670 445 1752 ζιύων
473 1688 537 1751 τοῖς
562 1679 633 1742 τέσσ
693 1702 712 1738 ι.
744 1701 811 1752 τος,
836 1674 987 1741 2καίείπε
1001 1673 1079 1762 πρὸς
1095 1678 1139 1759 μέ.
1166 1675 1211 1740 υίέ
1227 1669 1352 1761 άνθρσό-

109 1761 137 1800 ¹⁶
149 1759 200 1822 καί
219 1756 257 1821 τὸ
276 1757 352 1832 είδος
368 1760 430 1822 ταῖν
447 1764 561 1844 τροχῶν
579 1756 619 1834 ὡς
633 1701 714 1832 έίρδσος
743 1784 821 1834 που,
847 1764 940 1845 στήθι
952 1760 1002 1824 ἐπί
1013 1756 1082 1834 τοὺς
1093 1754 1191 1835 πόδας
1201 1784 1271 1837 σου,
1299 1758 1352 1822 καί

107 1842 241 1926 θαρσείς,
254 1845 305 1906 καί
318 1840 454 1923 ὁμοίωμα
467 1849 499 1906 ἐν
511 1853 574 1919 τοῖς
586 1845 713 1923 τέσσαρ-
745 1840 866 1928 λαλήσω
882 1839 958 1928 πρὸς
975 1844 1016 1907 σέ.
1043 1843 1121 1906 2καί
1138 1830 1230 1925 ήλθεν
1242 1839 1285 1906 ἐπ’
1301 1838 1352 1922 ἐμέ

109 1950 147 1990 σι.
171 1925 224 1988 καί
240 1924 276 1989 τὸ
294 1928 380 2008 ἔργον
392 1923 493 1991 αὐτῶν
510 1917 546 2010 ἦν
560 1922 665 2002 καθώς
676 1926 714 1991 ἂν
745 1931 870 2010 πνεῦμα,
888 1928 940 1991 καί
951 1923 1080 2010 ἀνέλαβέ
1088 1949 1133 2008 με,
1148 1929 1199 1991 καί
1210 1925 1296 2018 ἐξῇρέ
1306 1947 1351 2007 με,

109 2008 153 2092 εἴη
170 2005 275 2092 τροχὸς
293 2011 324 2073 ἐν
340 2013 452 2093 τροχῷ,
477 2012 504 2051 ¹⁷
516 2010 567 2074 ἐπί
584 2009 623 2075 τά
645 2013 713 2074 τέσ-
747 2011 799 2075 καί
811 2012 918 2095 έστήσέ
926 2034 962 2094 με
973 2012 1024 2075 ἐπί
1035 2007 1107 2083 τούς
1115 2003 1213 2084 πόδας
1221 2034 1293 2091 μου,
1300 2009 1353 2073 καί

110 2115 190 2174 σαρα
213 2094 288 2175 μέρη
315 2089 417 2156 αὐτῶν
439 2091 628 2178 ἐπορεύοντο.
659 2090 714 2158 ούκ
747 2093 856 2177 ήκσυσν
886 2090 983 2157 αύτσύ
1012 2090 1177 2168 λαλοῦντος
1204 2086 1283 2176 πρὸς
1304 2089 1351 2174 μέ,

108 2176 199 2237 έπέστ
219 2197 293 2255 εφσν
313 2175 344 2237 ἐν
364 2178 409 2258 τῷ
427 2173 607 2260 πορεύεσθαι
624 2174 715 2251 αὐτὰ,
746 2179 824 2240 2καί
849 2175 911 2241 είπε
936 2173 1013 2260 πρὸς
1030 2178 1076 2277 μέ.
1107 2174 1153 2239 nte!
1174 2168 1351 2260 ἀνθρώπου,

110 2199 218 2320 18σύιί
236 2259 370 2320 οίνῶτσι
383 2254 500 2332 αὐτῶν,
527 2260 578 2322 καί
591 2255 668 2338 ύφυς
679 2248 715 2343 ἦν
747 2257 959 2334 ἐξαποστελλω
980 2261 1040 2333 ἐγω
1057 2279 1089 2320 σε
1105 2254 1181 2340 πρὸς
1198 2254 1252 2320 τὸν
1269 2252 1352 2321 σίκον

110 2336 223 2412 αύτυῖς.
248 2338 299 2401 καί
311 2337 376 2402 ἴδον
391 2336 488 2413 αὐτὰ,
515 2344 566 2404 καί
581 2343 612 2403 σί
624 2345 714 2404 νῶτον
746 2345 803 2405 τοῦ
817 2338 951 2424 Ἰσραήλ,
971 2335 1044 2412 τούς
1057 2339 1352 2422 παραπικρκίνοντιίς

110 2419 211 2484 αὐτῶν
235 2414 353 2505 πλήρεις
378 2417 547 2504 ὀφθαλμῶν
571 2418 716 2486 κυκλόθεν
746 2447 794 2505 με,
821 2416 1163 2505 οἵτινεςπαρεπίκρανάν
1186 2446 1238 2504 με,
1263 2418 1352 2488 αὐτοί

109 2513 174 2578 τοῖς
192 2506 361 2588 τέσσαρσιν.
386 2506 414 2547 ¹⁹
426 2506 478 2568 καί
493 2507 524 2569 ἐν
536 2510 580 2588 τῷ
592 2502 714 2590 πορεύε-
746 2507 797 2571 καί
809 2509 839 2570 σί
851 2506 976 2590 πατέρες
988 2503 1088 2568 αὐτῶν
1100 2508 1156 2580 ἕως
1165 2509 1216 2589 τῆς
1226 2498 1351 2589 σήμερον

110 2597 186 2652 σθαι
202 2585 242 2652 τά
259 2589 336 2664 ζῶσι,
362 2584 543 2673 ἐπορεύοντο
562 2592 593 2652 σί
611 2590 715 2673 τροχοί
747 2586 866 2674 ήμέρας,
884 2586 963 2652 2καί
974 2589 1046 2671 ἐρεῖς
1057 2585 1135 2692 πρὸς
1147 2582 1265 2662 αύτούς.
1279 2584 1351 2653 τάδε

109 2667 236 2753 ἐχόμενοι
249 2669 357 2735 αὐτῶν.
375 2672 428 2735 καί
440 2675 472 2736 ἐν
483 2675 527 2753 τῷ
540 2673 663 2756 ἐξαίρειν
674 2670 714 2736 τά
746 2673 820 2749 λέγει
838 2669 945 2756 κύριος.
971 2669 1050 2734 2ἐάν
1066 2695 1128 2754 αρα
1149 2667 1350 2755 ιἐκσύσωσκνή

109 2754 172 2828 ζῶα
185 2751 249 2818 ἀπὸ
260 2758 314 2836 τῆς
325 2757 387 2838 γῆς,
408 2749 547 2848 ἐξήραντο
559 2757 590 2817 σί
602 2761 713 2838 τροχοί.
746 2759 922 2844 πτσήθῶσι,
947 2747 1035 2818 διότι·
1047 2753 1130 2828 σίνος
1145 2759 1351 2856 παραπικραί·

109 2837 140 2879 ²⁰
154 2827 193 2900 σύ
210 2834 247 2900 ἂν
263 2837 301 2920 ἦν
319 2835 338 2920 ἡ
351 2838 455 2921 νεφέλη
473 2842 535 2903 ἐκεῖ
549 2835 586 2902 τὸ
599 2843 715 2922 πνεῦμα
747 2863 805 2904 νων
818 2840 889 2912 ἐστί,
901 2837 952 2902 καί
964 2832 1129 2915 γνιόσσνται
1140 2833 1187 2903 ὅτι
1196 2861 1352 2924 προφήτης

108 2923 165 2983 τού
177 2918 371 3006 πορεύεσθαι,
382 2918 562 3008 ἐπορεύοντο
573 2925 603 2987 σί
613 2925 715 3009 τροχοί
746 2921 775 2988 εί
784 2919 819 2988 σύ
831 2924 862 2987 ἐν
873 2923 956 3006 μέσω
969 2918 1078 2986 αὐτῶν.
1099 2923 1180 2987 22καί
1192 2916 1228 2986 σύ
1241 2921 1287 2985 υίὲ
1299 2918 1352 2986 ἇν-

109 3003 161 3067 καί
169 2999 310 3096 ἐξήραντο
324 3003 379 3070 σύν
391 3003 502 3081 αύτσῒς,
512 3003 588 3071 διότι
600 3010 715 3089 πνεῦμα
746 3001 890 3092 θραόπσυ,
915 2987 956 3088 μή
976 3006 1115 3108 φοβήθῇς
1127 3001 1254 3079 αύτούς,
1279 3002 1351 3086 μηδὲ

109 3088 184 3172 ζωῆς
201 3092 233 3152 ἐν
244 3097 309 3163 τοῖς
320 3099 444 3173 τροχοῖς.
458 3091 523 3154 22έν
535 3092 578 3171 τῷ
591 3086 715 3177 πορεέε-
746 3092 850 3173 ἐκστῆς
870 3087 933 3156 αἰπύ
950 3113 1113 3175 πρσςωπσυ
1132 3085 1241 3154 αὐτῶν.
1275 3083 1352 3153 διότι

110 3180 184 3234 σθαι
210 3170 290 3237 αύτά
315 3168 512 3257 ἐπορεύοντο,
537 3173 588 3237 καί
614 3177 645 3238 ἐν
669 3178 714 3258 τῷ
746 3159 1015 3261 παρόιστρήσσυσι,
1040 3173 1093 3238 καί
1104 3166 1353 3256 ἐπισυστήσονται

110 3250 230 3320 ἑστάναι
250 3252 329 3320 αύτά
349 3250 534 3341 εἱστήκεισαν.
562 3257 613 3320 καί
626 3259 714 3341 ἐντῷ
745 3260 796 3323 ἐπί
813 3256 847 3323 σὲ
864 3253 979 3340 κύκλῳ,
1003 3259 1097 3323 καίέν
1107 3258 1189 3339 μέσῳ
1201 3261 1353 3340 σκορπίων

110 3337 232 3422 ἐξαίρειν
244 3337 324 3404 αύτά
337 3337 403 3405 ἀπὸ
414 3344 468 3423 τῆς
479 3344 545 3426 γῆς,
570 3336 713 3426 ἐξήρυντο
747 3339 785 3408 σύ
803 3351 957 3414 κατοικεῖς.
982 3338 1055 3414 τούς
1071 3335 1178 3415 λόγους
1195 3335 1298 3402 αύτων
1310 3337 1352 3421 μή

109 3417 162 3483 σύν
186 3420 302 3498 αὐτοῖς,
328 3421 375 3486 ὅτι
398 3427 513 3505 πνεῦμα
538 3414 613 3524 ζωής
629 3413 665 3507 ἦν
682 3428 714 3489 ἐν
746 3427 900 3514 φοβηθῇς,
924 3421 977 3484 καί
994 3419 1059 3485 άπὸ
1073 3415 1235 3502 προςαίπσυ
1250 3417 1352 3483 αύτσῖν

108 3511 171 3575 τοῖς
183 3514 309 3604 τροχοῖς.
327 3506 358 3544 22
368 3507 419 3567 καί
431 3503 568 3608 ὁμοίωμα
580 3504 655 3589 υπέρ
666 3529 714 3568 κε-
745 3508 785 3590 μή
798 3508 910 3597 έκστής,
922 3498 1000 3566 διότι
1013 3500 1095 3577 σίκος
1106 3506 1352 3586 παραπικραίνων

109 3583 207 3664 φαλής
223 3587 326 3649 αυτῶν
342 3587 403 3649 τῶν
416 3586 499 3660 ζωων
511 3586 576 3659 ωςεί
588 3589 714 3671 στερέω-
745 3592 817 3653 ἐστί.
843 3588 921 3650 2καί
937 3582 1070 3666 λαλήσεις
1087 3582 1159 3660 τούς
1171 3577 1279 3662 λόγους
1291 3610 1352 3668 μου

108 3692 150 3748 μα
163 3666 204 3742 ὡς
215 3661 318 3753 όρασις
327 3666 513 3750 κρυστάλλου
525 3670 714 3750 ἐκτεταμένον
745 3667 823 3754 πρὸς
847 3665 973 3744 αύτούς,
997 3664 1051 3732 ἐάν
1067 3656 1128 3755 άρα
1146 3663 1316 3735 ἀκούσωσιν
1333 3665 1352 3754 ή

109 3752 237 3815 ἐπὶτῶν
254 3745 408 3833 πτερύγων
425 3747 530 3816 αὐτῶν
546 3744 713 3827 έπάνωθεν,
745 3756 929 3835 πτσήθῶσιν,
951 3746 999 3816 ότι
1012 3749 1095 3827 οἶκος
1106 3757 1353 3837 παραπικραίνων

110 3834 138 3874 22
152 3835 204 3899 καί
226 3828 426 3899 ὑποκάτωθεν
438 3836 495 3898 τού
513 3829 713 3919 στερεοίματος
745 3837 818 3900 ἐστί.
844 3835 924 3899 2καί
941 3832 979 3899 σύ
992 3833 1037 3899 υἱὲ
1053 3832 1234 3919 ἀνθρώπου,
1261 3833 1352 3900 άκσυε

109 3920 144 3982 αί
155 3920 297 4004 πτέρυγες
309 3915 409 3981 αὐτῶν
422 3920 623 4000 ἐκτεταμέναι,
642 3942 713 3983 πτε-
745 3921 803 3984 τσῦ
815 3916 1124 4004 λαλούντοςπρόςσὲ,
1167 3915 1352 4002 ήγίνσυπα-

109 3998 285 4085 ρυσσόμεναι
304 4002 392 4086 ἑτέρα
411 4004 450 4084 τῆ
468 4002 570 4087 ἑτέρῳ,
595 3998 713 4086 ἑκάστῳ
746 4007 956 4089 ραπικραίνων,
978 3999 1082 4079 καθὼς
1093 3943 1206 4076 ἇσίνσς
1219 3998 1237 4066 ὁ
1249 4025 1353 4086 παρα-

109 4080 162 4149 δύσ
181 4071 441 4151 ἐπικαλύπτουσαί
458 4083 497 4149 τά
515 4080 639 4167 σάματα
657 4084 714 4150 αύ-
745 4091 922 4171 πικραίνων.
963 4080 1016 4150 άνε
1035 4084 1072 4150 τὸ
1092 4082 1189 4168 στόμα
1206 4111 1277 4161 σου,
1301 4086 1354 4150 καί

108 4169 179 4231 τῶν.
218 4167 250 4209 22
262 4169 313 4233 καί
337 4167 445 4254 ήκσυσν
462 4167 517 4252 τήν
534 4165 635 4252 φωνήν
651 4173 713 4234 τῶν
746 4166 822 4250 φάγε
835 4165 854 4234 ὃ
867 4169 926 4248 ἐγὼ
939 4111 1043 4252 δίδωμί
1056 4194 1112 4235 σοι.
1131 4169 1204 4233 2καί
1215 4169 1288 4243 ἴδον,
1300 4167 1353 4232 καί

108 4243 262 4335 πτερύγων
289 4249 391 4317 αὐτῶν
416 4256 449 4318 ἐν
469 4253 516 4334 τῳ
532 4249 713 4334 πορεύεσθαι
746 4251 811 4318 ἰδού
823 4255 884 4340 χείρ
900 4255 1077 4337 ἐκτεταμένη
1088 4250 1228 4338 πρόςμέ,
1254 4251 1306 4316 καί
1320 4253 1353 4316 ἐν

108 4331 188 4399 αὐτὰ
208 4329 249 4409 ὥς
266 4333 368 4417 φωνήν
385 4331 495 4410 ύδατος
509 4334 638 4400 πολλοῦ.
662 4336 714 4399 καί
745 4334 823 4439 αιἰτή
838 4336 958 4419 κεφαλίς
968 4335 1093 4423 βιβλίου,
1105 4337 1191 4399 1θκαί
1202 4332 1353 4418 άνείλήσεν

106 4418 138 4481 ἐν
163 4420 208 4499 τῳ
231 4413 352 4481 ἑστάναι
368 4415 464 4494 αύτδι,
489 4420 662 4483 κατέπαυον
680 4422 714 4482 σί
746 4416 838 4503 αύτην
856 4417 984 4485 ἐνώπιόν
1001 4446 1077 4500 μου,
1102 4418 1154 4483 καί
1169 4405 1206 4499 ήν
1223 4420 1255 4480 ἐν
1273 4413 1353 4497 αύτῆ

109 4501 247 4585 πτέρυγες
269 4497 379 4565 αύτιὸν.
418 4501 512 4566 2ίκσί
538 4501 603 4567 ίδσύ
629 4498 713 4587 φωνή
744 4527 796 4582 γεγ
814 4505 929 4650 affra
939 4503 979 4570 τὰ
994 4501 1159 4585 ίγκιρσσθεν
1173 4500 1224 4566 καί
1232 4496 1271 4564 τά
1281 4483 1352 4565 ὀπί-

1297 4607 1352 4648 σω-
