2924 4972
255 187 545 249 mmmm
564 188 743 249 τιΡιινΗ
781 191 858 265 xm.
872 183 920 262 ιγ’.
933 184 984 250 «ι’.
1003 187 1050 253 ια
1067 182 1117 254 14.
1246 191 1310 257 νεσ

57 313 157 383 πίων,
182 310 232 373 καὶ
248 307 321 384 λαὸς
339 304 380 384 α’ῑς
405 305 527 392 “ἀμμος
545 304 562 393 ὴ
580 307 665 394 παρά
705 308 802 375 αὐτοῦ
820 308 862 385 ιὸς
879 313 1050 387 ἑξακοσίους
1064 312 1182 398 ἀνδρας.
1221 315 1312 380 ιοκαὶ

58 391 115 476 τὴν
138 386 300 457 θάλασσαν
319 395 363 474 τῷ
377 338 496 539 πὴὴοίει.
522 394 574 456 καὶ
590 389 665 458 ἀνα·
703 391 810 459 Σασὸλ
829 396 880 458 καὶ
894 390 1048 459 Ἰωνάδαν
1066 397 1129 470 υίός
1148 394 1242 462 αότοῦ
1260 401 1312 464 καὶ

58 481 193 567 βαίνουσι
204 477 254 539 καὶ
264 470 402 560 παρεμβά
460 480 665 577 υσινένΜαη-
704 472 807 551 ὁλαός
824 481 855 541 σί
872 472 1036 560 εύριθίντες
1051 478 1110 562 μετ’
1127 475 1229 545 αῦτῶν
1241 478 1312 546 διιδ-

58 558 116 640 μάς
134 561 164 635 ἐξ
182 561 319 633 ἐναντίας
330 558 509 644 Βαιθωριὸν
520 555 600 622 κατὰ
613 584 664 623 νο-
704 568 795 623 δισαν
806 563 837 625 ἐν
847 557 960 645 Γαβαά
970 564 1112 644 Βενιαμίν
1120 564 1172 627 καὶ
1184 562 1311 640 ἔκλαιον,

58 668 120 706 του.
142 642 158 684 ⁶
169 644 221 706 καὶ
233 639 309 727 ἀνὴρ
320 639 441 727 Ἰσραὴλ
452 640 524 707 είδεν
537 636 585 706 ὁτι
597 666 664 707 στι-
703 644 754 707 καὶ
767 646 798 707 σὶ
808 640 973 723 ἀλλόφυλοι
985 641 1270 731 παριμβιβλὴκεισαν
1280 650 1312 713 δν

59 730 113 800 νιῦς
137 724 222 807 αύτῷ
246 724 288 808 μὴ
305 720 458 810 προςάγειν
476 723 587 801 αῦτὸν,
612 726 664 790 καὶ
702 723 845 827 Μαγμιίς.
883 727 973 791 17καὶ
998 727 1105 810 ὶξὴλθε
1128 731 1312 815 διαφδείρων

58 803 162 895 ε’κρύβη
179 807 282 882 ὁλαὸς
297 813 329 873 δν
341 820 402 883 τοῖς
414 810 586 893 σπηλαίοις,
611 809 663 874 καὶ
703 810 734 885 ἐξ
746 813 844 893 αγροῦ
855 806 1033 890 ἀλλοφύλων
1046 813 1139 895 τρισὶν
1150 811 1264 897 ἀρχαῖς.
1289 810 1307 920 ὴ

58 894 88 954 ἐν
100 904 165 967 ταῖς
176 887 331 975 μάνδραις,
346 893 398 956 καὶ
409 894 440 956 έν
451 903 517 968 ταῖς
529 894 586 957 πέτ
606 917 663 966 αις,
703 890 778 976 ἀρχὴ
793 888 811 975 ὴ
823 896 877 975 μία
889 891 1091 1040 ἐτὲὴλὶέπουσα
1104 891 1176 960 ὁδόν
1184 900 1218 959 Γ
1214 921 1251 975 οφ
1257 921 1308 980 ερα

56 977 107 1040 καὶ
127 977 158 1039 ἐν
170 987 232 1051 τοῖς
243 972 381 1062 βάθροις,
405 976 457 1040 καὶ
469 978 501 1042 ἐν
513 986 575 1050 τοῖς
586 916 663 1039 λύκ-
702 977 753 1039 ἐπὶ
769 981 825 1058 γὴν
836 974 923 1053 Σαγ“
954 1023 963 1049 ,
990 976 1018 1018 ²⁸
1030 983 1082 1042 καί
1099 973 1207 1061 ὴάρηὴ
1223 976 1308 1062 ὴμία

56 1084 128 1132 κοις.
167 1060 244 1123 7ιιαὶ
260 1063 292 1124 οὶ
312 1060 509 1144 διαβαίνοντες
526 1060 663 1164 διέβησαν
702 1058 903 1144 ἒπιβλέπουσα
922 1055 993 1122 ὁδὸν
1004 1059 1197 1164 Βαιθωριὸν,
1222 1058 1305 1145 καίὴ

57 1139 111 1205 τόν
133 1137 288 1227 Ἰορδάνην
311 1146 350 1215 είς
367 1141 421 1242 γὴν
439 1140 511 1206 Γάδ
526 1166 580 1204 ιιαι
598 1144 662 1203 Γα-
702 1165 778 1247 αρχη
798 1168 816 1224 η
832 1167 887 1220 μια
904 1141 1105 1227 επιβλέπουσιι
1122 1144 1193 1209 σδὸν
1205 1148 1238 1207 Γ
1234 1144 1309 1230 αβιιὶ

57 1219 142 1289 λαάδ.
160 1227 214 1290 καὶ
223 1222 330 1288 Σαούλ
340 1228 384 1287 ἔτι
396 1249 432 1306 ην
445 1225 476 1287 ἐν
485 1221 665 1299 Γαλγάλοις,
703 1248 758 1307 την
770 1221 981 1298 ιὶςκύπτσυσαν
997 1226 1048 1288 ἐπὶ
1059 1227 1122 1289 Γαὶ
1134 1223 1188 1308 τὴν
1199 1232 1309 1312 Σαβίμ.

57 1310 108 1371 καὶ
125 1312 187 1381 πᾶς
209 1304 316 1381 ὁλαὸς
334 1306 435 1387 ἐξέστη
448 1303 545 1371 ὀπίσω
558 1303 665 1370 αὐτοῦ.
702 1308 795 1373 19ιιαὶ
818 1311 930 1372 τέκτων
948 1302 1070 1390 σιδ’ρσυ
1089 1305 1124 1372 o'
1162 1305 1309 1393 ιὸρίσκετο

57 1392 134 1455 ικαὶ
146 1389 273 1454 διέλιπεν
284 1387 363 1452 ἔπτὰ
377 1383 486 1489 ὴμέρας
496 1391 542 1472 τῷ
552 1413 664 1472 μαρτυ-
702 1391 732 1454 έν
743 1388 877 1484 πάσηγὴ
894 1334 1032 1476 Ἰσραὴλ,
1054 1387 1099 1456 ὁτι
1110 1333 1198 1457 ὁλπον
1211 1396 1242 1457 οὶ
1255 1391 1306 1458 ἀλ·

56 1480 115 1555 ρίῳ
136 1468 177 1548 ὡς
192 1470 255 1536 εἶπε
272 1472 428 1554 Σαμουὴλ,
453 1472 503 1535 καὶ
522 1470 664 1556 οῦπαρε·
701 1469 843 1556 λόφυλοι,
867 1472 908 1558 μὴ
933 1470 1097 1559 ποιὴσανσιν
1119 1479 1151 1541 οὶ
1171 1471 1306 1561 Ἑβραῖοι

56 1560 162 1632 γένετο
174 1550 319 1638 Σαμουὴλ
330 1558 368 1629 είς
375 1549 530 1632 Γάλγαλα,
543 1557 595 1621 καὶ
605 1555 661 1621 διε-
699 1561 850 1642 ρσμφαίαν
862 1560 914 1621 καὶ
925 1553 1009 1642 δόρυ.
1030 1559 1061 1602 ²⁰
1069 1561 1121 1622 καὶ
1131 1563 1307 1643 κατέβαινον

58 1632 160 1724 σπάρη
172 1634 190 1703 ὁ
203 1633 276 1714 λαός
288 1634 383 1703 αῦτοῦ
395 1635 446 1703 ἀπ’
462 1636 567 1704 αὐτοῦ.
586 1639 663 1704 9ιιαὶ
699 1645 761 1715 πᾶς
777 1637 900 1725 Ἰσραὴλ
919 1645 959 1716 είς
971 1644 1026 1723 γὴν
1044 1638 1223 1723 ἀλλοφύλων
1233 1642 1306 1725 χαλ-

57 1720 120 1785 εἶπε
131 1715 244 1786 Σαούλ.
270 1720 466 1807 προςαγάγετε
478 1717 561 1798 ὁπως
572 1717 663 1805 ποιὴ-
700 1719 791 1789 κεύειν
802 1728 925 1799 ἕκαστος
938 1722 1143 1811 τὸθέριστρον
1154 1721 1247 1789 αῦτοῦ
1258 1726 1307 1789 καὶ

57 1831 101 1869 σω
127 1799 328 1869 ὁλοκαύτωσιν
350 1807 401 1870 καὶ
421 1801 572 1891 εἰρηνικός.
611 1805 663 1869 καὶ
701 1805 736 1872 τὸ
762 1810 863 1882 σκεῦος
887 1804 999 1882 αὐτοῦ,
1026 1810 1078 1872 καὶ
1103 1813 1228 1883 ἕκαστος
1251 1807 1307 1893 τὴν

56 1882 189 1971 ἀνὴνεγκε
201 1886 256 1972 τὴν
268 1883 479 1954 ὁλοκαύτωσιν.
497 1890 526 1932 ¹⁰
531 1890 583 1953 καὶ
596 1891 662 1966 ἐγέ-
700 1887 799 1974 ἀξίνην
810 1888 908 1955 αὐτοῦ
923 1889 1025 1957 καὶτὸ
1038 1892 1185 1976 δρέπανον
1198 1887 1305 1956 αῦτοῦ.

56 1994 118 2035 νετο
148 1966 188 2047 ιὸς
217 1971 394 2039 συνετέλεσεν
423 1969 583 2059 ἀναφέρων
609 1970 662 2054 τὴν
699 1975 727 2014 ²¹
739 1975 791 2039 καὶ
808 1963 843 2058 ὴν
860 1969 1040 2076 ὁτρυγητός1
1052 1980 1167 2058 ἕτοιμος
1180 1980 1240 2041 τοῦ
1250 1985 1306 2040 δε-

57 2050 268 2127 ὁλοιιαύτωσιν,
295 2057 348 2120 καὶ
364 2053 512 2139 Σαμουὴλ
529 2060 662 2138 παραγί-
699 2059 794 2140 ρίζιιν.
819 2053 858 2121 τά
876 2056 908 2122 δὲ
922 2055 1010 2141 σκεύη
1022 2083 1059 2159 ην
1071 2071 1146 2144 τρεῖς
1159 2057 1253 2124 σίκλοι
1267 2063 1306 2133 είς

57 2161 140 2202 νεται.
153 2140 203 2203 καὶ
213 2139 318 2221 ἐξὴλθε
330 2137 437 2203 Σαοὺλ
449 2143 488 2213 εὶς
501 2132 664 2220 ἀπάντησιν
700 2139 753 2202 τὸν
765 2133 890 2215 ὀδόντα,
908 2142 960 2205 καὶ
971 2144 1009 2232 τῇ
1022 2143 1106 2233 αξίνη
1118 2142 1170 2205 καὶ
1182 2146 1225 2222 τῷ
1239 2142 1306 2225 δρι-

56 2219 136 2304 αὐτῷ
163 2218 325 2304 εὐλογῆσαι
350 2215 455 2285 αὐτόν.
492 2224 517 2262 ¹¹
530 2221 581 2284 καὶ
601 2217 663 2283 εἶπε
700 2217 789 2302 πόνῳ
816 2215 978 2295 ὑπόστασις
1001 2208 1036 2304 ὴν
1053 2218 1071 2306 ὴ
1091 2219 1178 2305 αὐτὴ.
1213 2225 1307 2287 22ιιαὶ

13 2382 16 2389 ¹
55 2299 210 2387 Σαμουὴλ
248 2309 280 2367 τί
304 2308 397 2367 πιστοί
416 2328 486 2380 κας,Ι
525 2304 577 2366 καὶ
602 2300 663 2367 εἶπε
701 2302 827 2385 ι’·γενὴθη
845 2306 875 2366 έν
890 2315 956 2377 ταῖς
975 2301 1094 2388 ὴμσραις
1105 2310 1160 2369 τοῦ
1172 2303 1305 2388 πολέμου

55 2382 169 2451 Σαούλ
196 2380 244 2447 ὁτι
260 2383 336 2449 εἶδον
349 2329 663 2468 ὡςὸιεσπάρηὸλαὸς
700 2384 849 2468 Μαχμάς,
875 2387 925 2448 καὶ
950 2382 1010 2467 σῦχ’
1037 2382 1146 2469 εὸρέδη
1170 2390 1306 2468 ῥομφαία

54 2467 105 2533 ἀπ’
120 2469 203 2550 ἐμοῦ,
215 2467 267 2528 καὶ
280 2463 316 2529 σύ
330 2463 366 2527 οῦ
379 2468 542 2549 παρεγένου
555 2461 595 2537 ιὸς
607 2466 665 2527 διε-
701 2470 752 2531 καὶ
762 2462 835 2548 δόρυ
846 2469 878 2532 ἐν
889 2467 962 2550 χειρὶ
973 2464 1087 2539 παντὸς
1097 2470 1152 2528 τοῦ
1163 2467 1239 2529 λαοῦ
1252 2472 1306 2532 τοῦ

54 2548 139 2628 τάξω
169 2551 201 2612 ἐν
225 2552 270 2630 τῷ
293 2552 448 2649 μαρτυρίῳ
466 2550 526 2611 τιῦν
544 2543 664 2631 ὴμερῶν,
701 2549 773 2632 μετὰ
791 2549 898 2613 Σαούλ
914 2549 965 2613 καὶ
983 2544 1058 2629 μετά
1072 2545 1231 2612 Ἰωνάθαν.
1257 2551 1308 2613 καὶ

53 2638 102 2699 καὶ
113 2638 147 2698 σί
157 2627 324 2709 ἀλλόφυλοι
334 2640 523 2714 συνηχδησαν
531 2635 663 2713 εὶςΜαχ·
702 2631 810 2736 εὑρέθη
835 2638 878 2714 τῷ
898 2630 1004 2696 Σαούλ
1021 2631 1134 2713 καὶτῷ
1157 2626 1307 2698 Ἰωνάθαν

53 2718 121 2801 μὰς,
139 2717 167 2756 ¹²
180 2714 231 2777 καὶ
244 2711 323 2789 εἶπα,
337 2717 389 2777 νῦν
399 2710 621 2860 καταβήσονται
633 2718 663 2778 οὶ
700 2720 756 2800 υἱῲ
770 2721 873 2781 αυτοῦ.
891 2717 920 2758 ²³
930 2717 981 2780 καὶ
993 2715 1113 2799 εξὴλδεν
1125 2717 1156 2791 ἐξ
1169 2711 1306 2780 ὁποστά-

56 2795 218 2880 ἀλλόφυλοι
232 2795 309 2883 πρὸς
319 2794 355 2879 μὶ
368 2802 407 2873 εἷς
419 2794 470 2861 Γά
487 2797 583 2875 γαλα,
609 2799 662 2862 καὶ
699 2826 772 2876 σεως
783 2804 844 2866 ταῖν
856 2794 1038 2881 ἀλλοφύλων
1050 2797 1102 2882 τὴν
1115 2803 1146 2864 έν
1154 2805 1198 2882 τῷ
1209 2802 1303 2880 πέραν

55 2888 108 2948 τοῦ
127 2875 292 2967 προςιόπου
310 2883 366 2944 τοῦ
382 2887 486 2965 κυρίου
505 2878 560 2946 οῦκ
577 2876 658 2965 ἐδιὴ-
698 2879 842 2969 Μαχμάς.

55 2977 121 3050 δην,
134 2967 185 3030 καὶ
198 2961 442 3048 ἑνεκρατευσάμην
454 2965 505 3029 καὶ
517 2959 660 3049 ἀνὴνεγκα
878 2973 953 3032 ΚΕ
966 2972 1005 3031 (ί).
1050 2960 1119 3030 1A'.

56 3050 105 3133 τὴν
119 3044 329 3114 ὁλοκαύτωσιν.
345 3049 371 3088 ¹³
380 3051 431 3113 καὶ
442 3046 503 3113 εἷπε
515 3045 639 3152 Σαμουὴ
694 3016 780 3117 Καὶ
791 3056 901 3129 γίνεται
913 3048 931 3134 ὴ
945 3047 1053 3137 ὴμέρα,
1079 3051 1130 3114 καὶ
1142 3047 1219 3114 εἶπεν
1234 3045 1300 3113 Ἰω-

55 3132 128 3219 πρὸς
137 3129 255 3198 Σαούλ.
265 3137 469 3212 αιματαίωταί
475 3157 532 3207 σοι,
542 3129 588 3197 ὁτι
602 3157 657 3196 ουκ
695 3131 794 3200 νάθαν
819 3135 881 3209 υὶὸς
898 3134 1005 3199 Σαούλ
1025 3139 1070 3218 τῷ
1087 3134 1238 3216 παιδαρίῳ
1256 3138 1298 3214 τῷ

55 3213 199 3296 ὶφύλαξας
220 3213 276 3298 τὴν
292 3210 413 3298 ἐντολὴν
428 3241 484 3297 μου
503 3212 537 3299 ὴν
554 3218 657 3282 ἐνετεί-
696 3219 811 3301 αὶρσντι
835 3220 875 3282 τὰ
892 3213 981 3301 σκεύη
1004 3215 1106 3281 αὐτοῦ.
1145 3218 1231 3299 δεῦρο
1250 3219 1301 3279 καὶ

55 3295 129 3365 λατὸ
143 3323 191 3365 σοι
203 3295 316 3384 κύριος,
333 3294 374 3373 ὡς
386 3303 438 3363 νῦν
450 3295 593 3382 ὴτοίμασε
604 3293 658 3362 κύ-
695 3301 838 3383 διαβώμεν
856 3304 894 3372 εἰς
907 3296 1036 3381 Μεσσάβ
1047 3304 1108 3360 τῶν
1121 3295 1301 3375 ἀλλοφύλων

54 3409 114 3466 ρισς
127 3380 183 3463 τὴν
192 3383 339 3466 βασιλείαν
348 3407 403 3446 σου
413 3385 464 3445 ἐπὶ
472 3378 593 3465 Ἰσραὴλ
603 3386 659 3454 ἕως
695 3381 748 3482 τὴν
761 3387 792 3446 ἐν
805 3386 849 3462 τῷ
863 3382 959 3462 πέραν
972 3385 1079 3461 ἐκείνῳ.
1092 3379 1196 3458 καὶτῷ
1206 3381 1301 3458 πατρὶ

54 3470 174 3539 αίιῦνος.
207 3464 235 3506 ¹⁴
248 3466 299 3529 καὶ
313 3460 539 3549 νῦνὴβασιλεία
552 3487 607 3529 σου
621 3460 658 3526 οῦ
695 3468 790 3528 αυτοῦ
812 3462 868 3527 οὐκ
891 3458 1056 3543 ἀπὴγγειλα.
1095 3459 1174 3521 2καὶ
1192 3458 1300 3522 Σαοὺλ

55 3543 196 3633 οτὴσεταί
205 3572 265 3625 σοι,
286 3548 338 3612 καὶ
350 3545 462 3630 ζητὴσει
475 3541 575 3629 κύριος
587 3547 659 3609 ἕαυ-
695 3542 827 3630 έκάθητο
852 3542 897 3610 ἐπ’
925 3544 1017 3629 ἀκρου
1042 3546 1097 3606 τοῦ
1113 3536 1300 3642 βσυνσῦςύπὸ

56 3636 95 3716 τῷ
113 3629 281 3716 ἀνθρωττοι
300 3629 378 3694 κατὰ
396 3628 450 3711 τὴν
462 3629 585 3712 καρδίαν
603 3625 660 3691 αῦ-
695 3629 748 3711 τὴν
767 3627 841 3714 ῥοὰν
858 3625 912 3710 τὴν
927 3631 958 3692 έν
976 3621 1130 3703 Μαγδιόν,
1156 3625 1206 3687 καὶ
1222 3649 1300 3749 ὴσαν

57 3719 118 3780 τοῦ.
157 3716 209 3779 καὶ
226 3714 382 3779 ἐντελεῖται
399 3709 500 3794 κύριος
517 3709 601 3791 αύτῷ
622 3713 660 3783 εὶς
694 3709 751 3790 μετ’
768 3709 863 3776 αότσῦ
877 3708 918 3785 ὡς
931 3706 1077 3786 ἑξακόσιοι
1091 3707 1200 3812 ἀνδρες.
1248 3710 1299 3774 καὶ

56 3797 186 3904 ἀρησντα
197 3799 248 3861 ἐπὶ
261 3795 313 3860 τὸν
324 3793 399 3861 λαὸν
409 3795 520 3870 αὐτοῦ,
543 3788 659 3859 ὁτιοῦν
689 3793 773 3878 Ἀχιά
791 3790 854 3867 υίὸς
866 3790 993 3880 Ἀχιτιὸβ
1011 3792 1141 3873 ἀδελφοῦ
1161 3792 1298 3878 Ιωχαβὴδ

56 3882 202 3963 ε’φυλαξας
229 3874 286 3945 ὁσα
305 3873 466 3945 ἐνετείλατό
485 3904 533 3943 σοι
550 3873 586 3941 κύ
607 3901 658 3951 ισς.
694 3881 761 3944 υὶοῦ
777 3875 876 3952 Φινεὲς
889 3880 956 3941 υἱοῦ
965 3876 1041 3941 Ἡλὶ
1053 3872 1142 3960 ἱερεύς
1154 3882 1210 3941 τοῦ
1223 3883 1296 3943 θεοῦ

55 3966 77 4009 ¹⁵
90 3968 143 4031 καὶ
154 3963 264 4046 ἀνέστη
276 3962 433 4045 Σαμουὴλ,
459 3963 510 4026 καὶ
525 3903 660 4046 ἀπὴλδεν
693 3965 723 4027 ἐν
735 3959 847 4047 Σηλώμ
869 3961 962 4046 αἴρων
978 3955 1098 4040 Ἐφούδ.
1124 3962 1174 4024 καὶ
1192 3957 1210 4025 ὁ
1225 3958 1296 4036 λαός

55 4043 279 4126 ε’κΓαλγάλαν.
298 4046 397 4111 καὶτὸ
410 4041 588 4127 κατάλειμμα
602 4049 659 4110 τοῦ
693 4045 747 4112 οῦκ
773 4045 836 4129 ὴδει
860 4040 907 4110 ὁτι
931 4041 1109 4128 πεπόρευται
1136 4039 1295 4110 Ἰωνάθαν.

55 4131 130 4197 λαοῦ
142 4129 233 4217 ἀνέβη
246 4128 346 4194 ὀπίσω
357 4126 462 4194 Σαούλ
475 4133 513 4203 εἰς
526 4126 659 4211 ἀπάντη-
692 4119 929 4214 4καὶίῦναμέσον
942 4132 993 4213 τὴς
1005 4125 1166 4214 διαβάσεως
1180 4122 1216 4192 οὸ
1232 4124 1297 4211 ἕζὴ-

56 4241 95 4280 τιν
114 4214 217 4281 ὀπίσω
233 4217 288 4279 τοῦ
306 4213 381 4278 λαοῦ
398 4218 453 4277 τσῦ
469 4212 657 4295 πολεμιστοῦ.
691 4238 732 4276 τει
742 4212 1034 4298 Ἰωνάθανδιαβὴναι
1044 4219 1083 4289 είς
1094 4211 1147 4291 τὴν
1159 4207 1295 4275 ὑπόστα-

56 4297 153 4365 ιιότῶν
175 4299 420 4381 παραγενομένων
441 4300 473 4360 εἰι
490 4292 659 4373 Γαλγάλων
692 4321 735 4360 σιν
747 4302 807 4362 τῶν
820 4294 1008 4378 ἀλλοφύλων,
1021 4299 1072 4360 καὶ
1085 4290 1172 4364 ὀδοὺς
1184 4294 1296 4374 πέτραν

56 4387 90 4458 εὶς
101 4386 138 4447 Γ
134 4380 218 4468 αβαὶι
231 4382 387 4462 Βενιαμὶν,
406 4380 457 4444 καὶ
469 4381 659 4460 ἐπεσκέψατο
692 4381 724 4441 ἐκ
736 4375 862 4454 τούτου,
887 4381 938 4443 καὶ
955 4377 1042 4450 ὁδούς
1054 4380 1166 4470 πέτρας
1179 4376 1209 4432 ἕο
1224 4369 1294 4436 τοῦ·

57 4464 159 4533 Σαούλ
181 4463 235 4530 τὸν
252 4462 327 4529 λαὸν
346 4462 398 4528 τὸν
423 4460 581 4548 εὑρεθέντα
597 4456 655 4538 μετ’
692 4487 753 4528 του.
779 4461 875 4547 ὀνσμα
888 4466 931 4541 τῷ
943 4461 985 4523 ἐνὶ
997 4464 1114 4528 Βασες,
1136 4453 1186 4515 καὶ
1200 4450 1297 4548 ὄνομα

1254 4556 1302 4593 W)
