2924 4972
364 213 618 294 ΨΛΛΜΟΙ
655 205 834 298 ρμδ’·ρντ’.
852 208 1028 280 144-146.
1252 216 1316 282 637

73 365 145 424 μου,
170 340 221 404 καί
238 335 388 422 εῦλογήσω
405 335 441 403 τὸ
454 333 550 436 ύμαμά
564 362 620 420 σου
639 343 679 412 εἰς
711 334 831 423 λαλήσει
843 336 880 403 τό
893 340 990 442 στβμα
1001 363 1076 421 μου,
1096 339 1147 435 καί
1159 335 1318 414 εὐλογείτω

71 423 125 488 τόν
137 425 232 486 αἰῶνα
244 424 295 486 καί
307 426 346 496 εἰς
358 419 415 486 τόν
427 424 523 485 αἰωνα
535 425 590 484 τοῦ
604 425 679 485 αἰῶ·
710 424 797 487 πᾶσα
819 421 894 506 σάρξ
904 446 941 485 το
953 422 1048 501 ὄνομα
1060 420 1097 485 τό
1113 420 1198 496 ἅγιον
1212 417 1318 495 αῦτσῦ,

71 531 131 580 νος.
150 502 247 570 2καθ’
263 500 389 608 ἱκάστην
402 503 514 587 ἡμέραν
526 499 678 587 εῦλογήοω
710 507 748 579 εἰς
765 502 821 568 τὸν
838 507 936 570 αἰῶνα
952 507 1003 570 καί
1019 508 1057 578 εἰς
1077 501 1132 569 τόν
1150 506 1245 568 αἰῶνα
1264 505 1318 568 τοῦ

72 596 128 662 σε,“
143 589 194 652 καί
210 589 320 651 αἰνέσω
338 611 374 651 το
392 581 488 669 ἀνομά
507 611 562 650 σου
574 591 613 660 εἰς
626 585 680 651 τόν
711 590 827 661 αἰῶνος.

71 672 168 736 αἰῶνα
185 672 235 734 καί
252 669 291 743 εἰς
308 666 361 734 τόν
377 672 476 735 αἰῶνα
492 672 549 733 τοῦ
561 673 677 744 αἰῶνος.
958 664 1077 735 ΡΜΕ’.

71 754 190 836 3μέγας
209 749 226 816 ό
244 746 280 816 κό
299 778 344 828 ιος
361 753 412 817 καί
424 755 537 826 αἰνετδς
549 745 678 853 σρόδρα,
748 747 937 835 Ἀλληλούία.
955 749 1098 831 Ἀγγαίου
1111 777 1161 816 και
1174 757 1269 836 Ζαχα-

69 838 122 903 καί
140 839 192 921 τής
207 776 411 918 μεγαλωσύνης
431 831 530 899 αῦτοῦ
548 859 605 898 ουκ
617 837 678 900 ἔστι
727 864 732 872 ·
975 841 1050 919 ρίου.

70 921 171 1004 πέρας.
209 916 326 997 *γενεὰ
352 920 405 983 καί
429 915 512 994 γενεὰ
534 919 679 983 ἐπαινέσει
711 885 845 1020 Αἰνειή
864 914 944 1002 ψυχή
956 942 1016 1001 μου
1033 913 1087 982 τόν
1105 911 1213 1002 κύριον.
1239 918 1318 983 2αἰ·

71 997 110 1065 τά
134 1003 211 1085 ἔργα
231 1026 302 1076 σου,
326 1002 377 1066 καί
399 998 454 1084 τήν
474 993 600 1082 ’δύναμίν
621 1024 678 1064 σου
711 1004 790 1066 νέσω
810 1025 912 1085 κυριον
936 1004 969 1065 ἰν
985 1002 1046 1092 ζωή
1062 1023 1137 1082 μου,
1162 998 1256 1083 ψαλῶ
1272 1003 1316 1082 τῷ

72 1079 287 1161 ἀπαγγελοῦσι.
326 1082 405 1146 6καί
423 1081 476 1167 τήν
491 1081 678 1166 μεγαλοπρέ-
709 1088 774 1166 θεῷ
787 1107 844 1163 μου
857 1087 913 1157 ἕως
927 1079 1060 1186 ῦπύρηω.
1080 1078 1318 1185 3μήπιποίδσιτε

71 1189 156 1229 πειαν
164 1161 315 1252 τήςδόξης
324 1168 375 1248 τῆς
387 1161 551 1247 ἁγιωσύνης
557 1190 612 1230 σου
622 1164 678 1228 λα-
710 1164 754 1231 ἰπ’
767 1165 913 1269 ἀρηοντας
925 1167 1022 1247 καίἐφ
1041 1166 1125 1238 υίους
1136 1161 1316 1249 ἀνθρῶπων,

73 1243 204 1330 λήσουσι,
222 1243 324 1311 καίτά
336 1238 497 1326 θαυμάσιά
506 1272 563 1313 σου
576 1243 675 1332 διηγή-
712 1248 758 1324 οίς
779 1272 835 1313 ουκ
851 1252 916 1313 ἔστι
934 1252 1075 1333 σωτηρία.
1111 1242 1317 1322 4ἐξελεύσεται

73 1353 189 1394 σονται.
214 1329 229 1371 ⁶
243 1331 295 1392 καί
310 1328 363 1411 τήν
374 1325 496 1410 δύναμιν
512 1335 576 1395 τῶν
588 1333 686 1416 φοβει
710 1329 747 1396 τὸ
766 1334 880 1413 πνεῦμα
893 1327 1004 1406 αύτοῦ,
1030 1330 1082 1395 καί
1095 1332 1266 1431 ἰπιστρέηει
1279 1334 1318 1404 εἰς

72 1416 135 1496 ρῶν
148 1437 203 1478 σου
213 1413 326 1495 Ιἰρσῦσι,
338 1414 390 1476 καί
402 1408 456 1495 τήν
468 1407 678 1496 μεγαλωσύνην
711 1414 766 1497 τήν
793 1418 850 1495 γῆν
867 1410 979 1488 αῦτσῦ,
1005 1415 1037 1478 ἐν
1055 1415 1149 1501 ἐκείνη
1166 1417 1203 1504 τῇ
1221 1414 1317 1516 ημέρρ

73 1519 128 1559 σου
147 1489 343 1580 διηγήσονται.
370 1491 510 1578 7μνήμην
527 1498 584 1559 τοῦ
601 1495 679 1578 uhi·
710 1495 894 1562 ἀπολοῦνται
906 1490 1015 1571 πάντες
1024 1499 1054 1558 οῖ
1065 1494 1249 1577 διαλογισμοί
1260 1521 1317 1559 αυ-

69 1586 149 1652 θους
161 1582 214 1661 τῆς
224 1573 426 1660 χρηστότητός
442 1602 497 1642 σου
516 1573 679 1660 ἐξερεύξον-
710 1581 780 1643 τῶν.
818 1577 988 1662 ὅμακύριος
1012 1569 1049 1642 οῦ
1075 1573 1184 1652 ὁδεδς
1208 1574 1319 1681 Ἰακῶβ

71 1685 138 1735 ται,
163 1661 215 1724 καί
229 1664 264 1751 ιη’·
283 1657 453 1743 δικαιοσύνη
465 1684 520 1725 σου
533 1654 679 1737 ἀγαλλιά-
709 1659 826 1747 βοηθὸς
840 1657 947 1737 αῦτσῦ,
966 1655 1080 1744 ήίλπίς
1091 1656 1188 1725 αὐτοῦ
1200 1661 1251 1724 ἰπί
1262 1687 1317 1726 κυ·

72 1766 183 1806 σονται.
223 1744 408 1824 θοίκτίρμων
433 1731 485 1808 {aab
508 1738 637 1826 ἐλεήμων
660 1738 679 1805 ό
710 1741 925 1830 ριοντρνδεδν
938 1740 1042 1808 αῦτσῦ.
1061 1738 1317 1827 6τδνποιήοιιντα

71 1819 185 1910 κύριος,
211 1820 409 1910 μακρόθυμος
435 1825 488 1890 καί
508 1825 677 1900 πολυέλεος.
711 1824 765 1891 τόν
778 1820 906 1932 σῦρανόν
917 1827 970 1891 καί
980 1823 1035 1909 τήν
1046 1827 1111 1908 γήν,
1131 1822 1185 1908 τήν
1196 1822 1316 1890 δάλασ-

47 1970 51 1975 .
72 1904 225 1992 9χρηστός
237 1902 337 1992 κύριος
348 1919 412 1984 τοῖς
426 1904 615 1990 ὑπομένουσι,
627 1909 680 1972 καί
712 1932 770 1973 σαν
783 1934 835 1979 και
844 1902 947 1974 πάντα
959 1904 998 1971 τά
1012 1911 1043 1972 ἰν
1055 1904 1166 1980 αύτοῖς.
1188 1905 1243 1973 τόν
1257 1933 1317 1990 φυ-

72 1993 102 2054 οῖ
114 1991 258 2114 οἰκτιρμοί
269 1989 363 2055 αὐτοῦ
376 1987 540 2056 ἒπίπάντα
553 1989 593 2054 τδι
606 1993 679 2074 ἔργα
711 1986 865 2057 λύσσοντα
897 1985 1044 2074 ἀλήθειαν
1069 1992 1108 2064 εἰς
1131 1988 1184 2054 τόν
1210 1995 1315 2066 αἰῶνα,

73 2070 178 2138 αῦτσῦ.
205 2067 557 2177 0ι’ξσμολογησάσδωσάν
569 2098 617 2139 σοι
627 2068 680 2138 κύ-
712 2075 887 2139 7ποιοῦντα
911 2071 1001 2154 κρίμα
1024 2082 1089 2147 τοῖς
1104 2069 1315 2157 ἀδικουμέναις,

72 2179 116 2240 ριε
127 2152 228 2222 πύντα
245 2180 285 2221 τα
297 2159 371 2240 έργα
389 2181 463 2231 σου,
488 2156 539 2219 καί
556 2160 587 2219 οῖ
599 2151 681 2221 δ’σισί
711 2151 832 2221 διδόντα
849 2160 966 2240 τροφήν
983 2167 1046 2229 τοῖς
1057 2159 1186 2221 πεινῶσι.
1213 2154 1315 2240 κύριος

73 2262 128 2302 σου
151 2233 398 2322 εῦλογησάτωοάν
417 2262 458 2302 σε.
484 2240 510 2279 ¹¹
522 2233 611 2314 δόξαν
626 2243 679 2321 τῆς
710 2236 772 2303 λύει
784 2239 1006 2320 πεπεδημένους,
1024 2233 1147 2320 8κύρίος
1158 2251 1315 2318 σοφοῖτυ-

71 2320 221 2406 βασιλείας
238 2344 293 2385 σου
310 2323 429 2420 ἐροῦσι,
453 2318 507 2383 καί
521 2316 576 2401 τήν
587 2320 677 2385 δυνα-
711 2319 820 2402 φλοδς,
846 2318 945 2404 κύριος
961 2318 1098 2403 διορθοῖ
1115 2323 1314 2403 κατερῤαγμέ-

74 2408 175 2467 στείαν
192 2427 246 2466 σου
259 2400 428 2486 λαλησουσι.
455 2403 484 2442 ¹²
496 2406 553 2466 τοῦ
569 2407 678 2486 γνωρί-
711 2427 788 2479 νους,
801 2397 900 2489 κύριος
913 2401 1019 2486 ἀγαπᾷ
1031 2404 1171 2476 δικαίους,
1188 2398 1314 2486 9κύρισς

74 2509 126 2549 σαι
138 2493 201 2557 τοῖς
213 2487 287 2558 υἴοίς
299 2487 366 2549 τῶν
375 2476 549 2569 ἀνθρώπων
558 2483 614 2568 τήν
626 2487 679 2551 δυ·
711 2481 856 2567 φυλάσσει
868 2485 939 2561 τοῦς
951 2480 1161 2570 προςηλύτους.
1181 2482 1315 2587 ἀρρανδν

73 2570 217 2630 ναστείαν.
228 2590 299 2640 σου,
325 2569 376 2630 καί
393 2565 446 2650 τήν
459 2560 551 2642 δόξαν
562 2572 616 2652 τῆς
628 2593 679 2651 με·
711 2570 762 2633 καί
769 2564 863 2655 χήραν
873 2566 1067 2652 ἀναλήψεται,
1077 2566 1128 2629 καὶ
1136 2564 1206 2631 ὁδὸν
1215 2594 1313 2654 αμαρ-

71 2647 288 2732 γαλοπρεπείας
305 2653 357 2732 τῆς
373 2648 520 2735 βασιλείας
532 2674 596 2714 σου.
619 2648 678 2734 ¹³51
712 2651 817 2716 τωλῶν
832 2651 963 2731 ἀφανιεῖ.
993 2653 1022 2693 ¹⁰
1033 2645 1196 2736 βασιλεύσει
1214 2647 1314 2736 κύριος

72 2731 205 2818 βασιλεία
231 2757 287 2797 σου
310 2731 446 2817 βασιλεία
468 2733 593 2798 πάντων
618 2738 678 2800 τῶν
711 2739 749 2808 εἰς
764 2734 821 2800 τὸν
840 2739 951 2809 αἰῶνα,
978 2728 1085 2808 όυεός
1104 2756 1159 2798 σου
1174 2732 1256 2799 Σιὼν
1274 2739 1313 2810 εἰς

71 2809 200 2888 αἰῶνων,
214 2815 264 2878 καί
279 2819 297 2897 ἡ
316 2814 473 2879 δεσποτεία
484 2840 537 2880 σου
549 2818 582 2881 ἰν
594 2813 677 2909 πάοη
709 2817 810 2896 γενεδιν
821 2819 871 2882 καί
882 2811 991 2896 γενεάν.

69 2901 156 2979 γενεᾷ
180 2901 229 2962 καί
262 2903 355 2980 γενεᾷ.
397 2896 427 2940 ¹⁴
446 2896 552 2973 πιστὸς
576 2894 677 2985 κύριος
959 2894 1064 2976 ΡΜς’.

71 2986 105 3047 ἐν
129 2991 193 3056 τοῖς
214 2974 314 3059 λόγοις
339 2981 452 3059 αῦτοῦ,
478 2983 528 3046 καί
546 2976 630 3058 όσισς
646 2986 677 3048 ἐν
745 2978 934 3068 Ἀλληλσύῖα.
955 2981 1099 3061 Ἀγγαίου
1113 2985 1163 3049 καί
1175 2989 1278 3069 Ζαχα-

71 3067 147 3129 πάσι
164 3075 229 3139 ταῖς
241 3067 337 3149 ἔργοις
356 3063 463 3129 αῦτσῦ.
489 3060 676 3151 ῦπσστηρίζει
972 3073 1048 3151 ρίου.

71 3143 173 3254 κύριος
196 3141 313 3222 πάντας
331 3144 403 3222 τοῦς
420 3153 675 3222 καταπίπτοντας,
710 3114 840 3215 Αἰνεῖτε
858 3144 911 3213 τὸν
923 3144 1024 3234 κύριον
1036 3145 1084 3214 ότι
1096 3148 1217 3228 ἀγαθὸν
1229 3150 1313 3234 ιραλ

70 3255 123 3293 και
132 3226 390 3313 ἀνσρδσῖπάντας
399 3229 471 3304 τούς
479 3232 676 3315 κατερῥαγμέ-
708 3227 775 3315 μός,
801 3237 846 3315 τῷ
863 3236 928 3314 θεῷ
944 3230 1030 3314 ήμῶν
1047 3230 1181 3336 ήδυνθείη
1195 3234 1311 3307 αἴνεσις.

71 3335 147 3386 νους.
184 3315 211 3356 ¹⁵
226 3317 257 3377 οῖ
274 3312 433 3394 ὀρθαλμσί
449 3309 575 3379 πάντων
592 3318 631 3388 εἰς
643 3312 676 3378 σὲ
709 3315 895 3398 ῑοίκοδσμῶν
903 3314 1095 3398 Ἰερουσαλήμ
1108 3313 1125 3378 ὃ
1139 3340 1248 3398 κυρίας,
1261 3315 1311 3378 καί

71 3395 238 3472 ἐλπίζουσι,
265 3397 318 3459 καί
334 3393 369 3460 σῦ
387 3395 474 3469 δίδως
490 3397 546 3478 τήν
561 3392 676 3500 τροφήν
707 3393 761 3471 τάς
770 3395 935 3480 διασπορὰς
944 3399 1000 3458 τοῦ
1006 3393 1128 3478 Ἰσραήλ
1138 3393 1308 3469 ἐπισυνάξει

70 3474 172 3543 αῦτῶν
185 3480 217 3541 ἰν
230 3474 374 3561 εὐκαιρίᾳ.
395 3479 424 3520 ¹⁶
435 3476 557 3556 ἀνοίγεις
571 3476 607 3543 οὐ
620 3504 676 3552 τας
707 3481 721 3520 ³
734 3477 752 3543 ό
767 3474 887 3559 ἰῶμενος
906 3475 977 3548 τοὺς
990 3480 1242 3578 συντετριμμένους
1256 3475 1310 3559 τήν

69 3553 168 3645 χεῖράς
194 3583 263 3632 σου,
290 3563 341 3624 καί
357 3559 504 3641 έμπιπλᾷς
520 3565 581 3626 πῦν
598 3563 675 3636 ζῶον
708 3561 845 3645 καρδίαν,
870 3559 921 3623 καί
946 3553 1089 3640 δεσμεύων
1113 3582 1153 3622 τα
1170 3565 1309 3642 συντρίμ-

68 3641 211 3714 εὐδοκίας.
234 3642 262 3683 ¹⁷
274 3641 386 3716 δίκαιος
403 3645 501 3726 κύριος
520 3641 675 3718 ἕνπύσαις
706 3669 788 3726 ματα
818 3640 926 3706 αὐτῶν.
965 3636 1016 3705 4ὁ
1042 3639 1179 3723 ἀριθμῶν
1204 3637 1308 3726 πλήθη

68 3737 136 3802 ταῖς
153 3721 234 3799 ὁδοῖς
251 3721 365 3799 αῦτοῦ,
391 3726 442 3788 καί
459 3721 539 3800 ὅσιος
556 3730 587 3790 ἐν
599 3731 674 3791 πᾶσι
708 3726 842 3809 ἀστρων,
866 3726 917 3787 καί
939 3726 1032 3788 πᾶσιν
1054 3721 1157 3798 αὐτοῖς
1176 3719 1309 3806 ὀνόματα

69 3803 135 3883 τοῖς
147 3811 243 3891 ἔργοις
255 3806 361 3871 αῦτσῦ.
373 3804 492 3884 ιθἐγγύς
504 3804 604 3894 κύριος
616 3814 673 3874 πᾶ·
707 3808 815 3873 καλῶν.
840 3807 854 3851 ⁵
867 3809 958 3889 μέγας
983 3804 1001 3869 ό
1021 3800 1120 3888 κύριος
1136 3803 1233 3891 ήμῶν,
1258 3809 1309 3872 καί

69 3918 99 3956 σι
115 3904 178 3966 τοῖς
202 3888 444 3973 ἐπικαλουμένοις
468 3888 576 3967 αὐτόν,
601 3896 673 3958 πᾶσι
706 3887 818 3976 μεγάλη
838 3885 948 3973 ήίσχύς
961 3880 1070 3963 αὐτοῦ,
1093 3892 1144 3954 καί
1157 3894 1208 3974 τῆς
1221 3893 1308 3954 συνέ-

68 3985 134 4048 τοῖς
157 3973 397 4056 ἐπικαλουμένοις
422 3968 518 4037 αὐτόν
543 3978 575 4039 ἰν
597 3971 671 4079 ἀλη-
707 3999 779 4048 σεως
792 3971 887 4038 αῦτοῦ
901 3971 956 4037 οῦκ
969 3974 1048 4035 ε’·’στιν
1061 3968 1198 4057 ἀριθμός.
1212 3971 1308 4037 θάνα·

68 4061 150 4139 θείᾳ.
165 4058 193 4100 ¹⁹
203 4056 324 4140 θέλημα
336 4061 397 4125 τῶν
409 4058 603 4141 φοβουμένων
616 4083 673 4121 αυ-
706 4052 864 4142 λαμβάνων
877 4067 980 4139 πρᾳεῖς
994 4050 1011 4119 ὁ
1023 4051 1139 4139 κύριος,
1162 4059 1308 4121 ταπεινῶν

68 4138 125 4204 τόν
142 4135 276 4223 ποιήσει,
301 4142 352 4204 καί
369 4143 420 4220 τῆς
437 4135 561 4241 δεήσεως
573 4136 673 4205 αὐτῶν
705 4139 737 4204 δὲ
750 4136 946 4223 ἁμαρτωλούς
963 4142 1019 4211 ἕως
1035 4142 1087 4222 τής
1105 4144 1168 4221 γής.
1193 4136 1307 4219 7ἐξύρ-

69 4220 274 4297 ἰπακσύσεται,
287 4226 337 4288 καί
350 4219 435 4289 σῶσει
449 4219 566 4296 αυτούς.
580 4225 611 4266 ²⁰
617 4248 673 4303 φυ-
704 4225 773 4298 ξατε
789 4227 833 4305 τῷ
845 4225 935 4305 κυρίῳ
954 4224 984 4285 ἐν
996 4217 1215 4325 ἐξομολογήσει,
1241 4217 1307 4303 ψύ-

68 4301 172 4370 λάσσει
189 4301 287 4389 κύριος
303 4301 419 4380 πάντας
441 4302 512 4380 τοῦς
529 4304 673 4383 ἀγαπῶν·
705 4306 775 4369 λατε
793 4309 839 4387 τῶ
855 4308 917 4385 θεῷ
936 4301 1018 4407 ήμῶν
1035 4307 1066 4368 ἰν
1082 4315 1206 4387 κιθαρηι.
1233 4303 1307 4385 8τῷ

67 4413 122 4461 τας
135 4383 237 4462 αὐτὸν,
254 4388 304 4451 καί
316 4385 435 4463 πόυτας
446 4387 518 4460 τοῦς
531 4385 673 4470 ἀμαρτω-
704 4384 910 4473 περιβάλλοντι
922 4411 974 4450 τον
983 4382 1112 4470 οῦραυδν
1125 4390 1155 4449 ἰν
1166 4384 1306 4465 νεφέλαις,

68 4466 139 4545 λούς
156 4465 367 4554 ἰξολοθρεύσει.
404 4472 553 4537 21σύνεσιν
570 4474 672 4557 κυρίου
706 4474 750 4554 τῷ
767 4463 950 4551 ἐτοιμάζοντι
970 4471 1007 4564 τῇ
1024 4472 1065 4560 γῇ
1084 4462 1178 4531 ῦετόν.
1203 4468 1306 4608 affl&

1099 4610 1102 4616 1
1181 4571 1273 4612 ανατε
