2924 4972
394 241 838 305 ΔονυουοΝοΜιοΝ
875 242 953 322 περ.
968 233 1019 327 ρ.
1035 240 1085 306 12

116 334 1357 349 *W*—

109 361 170 420 τοῦτ
179 360 285 431 θενών,
307 357 359 421 καὶ
372 352 516 421 ὑποκάτω
528 356 648 438 δένδρου
661 357 718 418 δα-
755 357 787 420 ἰν
797 358 889 420 παντί
900 350 987 439 τόπῳ
999 348 1036 421 οῦ
1052 353 1106 420 ἐάν
1118 332 1191 449 ι’δης,
1221 357 1251 399 ¹¹
1264 355 1365 445 άλλη

111 441 193 514 σεόυς.
230 438 310 503 3καί
331 435 542 523 κατασκάψετε
563 435 633 514 τοῦς
655 442 718 523 βοο-
754 442 793 514 είς
804 435 857 502 τόν
870 434 976 514 τόπον,
1002 434 1038 503 ὁν
1052 437 1300 524 ῦνίιιλεἙηταικ’
1321 466 1367 519 ιος

109 521 183 607 μοῦς
195 520 308 598 αῦτών,
333 526 385 587 καί
396 529 568 609 συντρίψετε
580 519 635 598 τάς
647 515 718 623 στη-
755 518 773 586 ὁ
785 517 858 598 θεός
870 546 927 587 σου
939 518 1047 596 αῦτὸν,
1075 525 1106 586 ίν
1117 528 1172 606 μιᾷ
1190 529 1252 587 τών
1264 467 1366 606 φὸλιῦν

111 606 163 680 λος
174 603 291 682 αῦτοῖν,
316 605 419 671 καίτά
432 603 718 690 ῦλοηαῦτοῦνίκκο-
755 630 824 680 σου,
853 608 913 669 ἐκεί
928 602 1111 671 άνοὶσετετά
1127 602 1365 690 ὁλοκαυτώματα

110 711 192 773 φετε,
205 690 257 753 καί
269 688 310 753 τά
321 688 440 770 γλυπτοὶ
451 694 513 755 τών
524 685 717 754 θειῦνοῦτών
755 686 853 770 ῦμών,
879 690 931 753 καί
958 691 1018 753 ἐκεῖ
1038 683 1169 773 ποιήσεις
1185 686 1287 755 πάντα
1305 688 1365 758 ὁσει

109 766 309 838 κατακαῦσετε
324 776 411 859 πυρί,
437 774 488 838 καὶ
504 771 661 837 άπολιτται
679 770 717 836 τὸ
754 769 814 849 ἐγώ
827 770 1001 855 ἐντέλλομαί
1017 797 1065 837 σοι
1084 768 1216 857 σήμερον.
1255 774 1283 817 ”
1296 770 1361 841 ἀλλ’

109 856 204 961 ὄνομα
225 853 328 921 αῦτιῦν
349 859 382 922 ea
401 862 458 922 τοῦ
484 851 578 923 τόπου
596 858 715 922 ἐκείνου.
754 854 818 940 ἢέν
835 850 880 919 πά
933 859 1079 938 ἐπιθυμίᾳ
1098 880 1153 958 σου
1164 851 1284 934 θῦσεις,
1312 858 1364 923 καί

108 938 175 1004 ὀυ
200 934 335 1043 ποιηοετε
360 936 441 1005 οῦτοι
466 945 559 1026 κυρίῳ
584 944 630 1023 τῴ
649 942 716 1021 θεῷ
754 942 839 1030 φαμι]
849 880 923 1023 ²02
941 937 1021 1003 κατὰ
1038 938 1092 1023 την
1109 938 1362 1028 ευλογίανκυρίοο

109 1020 201 1103 ὑμῶν.
227 1021 318 1087 ἀλλ’
337 1022 357 1107 ἢ
374 1028 413 1099 είς
430 1022 484 1088 τὸν
498 1022 603 1099 τόπον,
626 1019 661 1087 ὃν
677 1023 717 1087 ἄν
754 1027 809 1087 τοῦ
822 1024 901 1087 θεοῦ
915 1046 984 1099 σου,
1009 1019 1158 1105 ἣνίδοσκέ
1172 1047 1219 1088 σοι
1235 1021 1362 1120 ίνπάση

107 1105 258 1190 ἐκλέξηται
271 1102 371 1190 κῦρεος
380 1103 398 1170 ὁ
407 1101 479 1181 θεός
488 1131 541 1171 σου
551 1109 645 1189 ἐνμιᾷ
654 1111 717 1170 τών
753 1100 846 1170 πόλει.
873 1099 891 1169 ὁ
909 1100 1086 1190 ἀκάθαρτος
1104 1107 1136 1168 ίν
1150 1108 1197 1170 σοί
1209 1109 1261 1172 καί
1274 1102 1293 1172 ὁ
1306 1134 1363 1174 κα-

106 1184 224 1252 πόλεων
246 1185 346 1269 ῦμών,
364 1184 546 1273 ἐπονομάσαι
562 1189 599 1252 τὸ
623 1189 718 1269 ὄνομα
753 1186 853 1274 θαρὸς
864 1188 915 1251 ἐπὶ
926 1186 963 1252 τὸ
977 1186 1054 1252 αὐτὸ
1069 1184 1195 1271 φάγεται
1208 1187 1300 1265 αῦτὸ,
1320 1187 1363 1268 ώς

107 1269 205 1336 αῦτοῦ
217 1273 279 1335 ἐκεί
288 1273 340 1335 καί
353 1272 557 1355 ἐπικληθῆναι,
572 1273 625 1334 καί
636 1273 719 1354 ἐκζη-
755 1268 887 1358 δορκάδο
905 1267 924 1355 ἢ
943 1270 1067 1351 ἔλαφον.
1107 1273 1137 1313 ¹⁶
1148 1272 1227 1356 πλὴν
1239 1272 1275 1337 τὸ
1288 1273 1362 1357 αίμα

107 1349 212 1436 τησετε
223 1355 277 1416 καί
289 1348 440 1417 ίλεῦσεοθε
453 1356 520 1416 ἐκεῖ.
538 1355 618 1416 ’καί
628 1354 719 1418 οἴσετε
756 1351 792 1419 οῦ
806 1351 953 1436 φάγεσθι,
977 1356 1027 1419 ἐπὶ
1039 1354 1094 1460 την
1105 1358 1161 1437 γῆν
1173 1357 1291 1441 ἐιχεείτε
1305 1355 1362 1422 αῦ-

109 1440 172 1500 ἐκεῖ
186 1434 225 1499 τά
242 1429 481 1519 ὁλοκαυτώματα
498 1432 588 1520 ῦμοῦν,
611 1436 662 1500 καί
679 1434 718 1501 τά
755 1436 806 1515 τὸ,
829 1433 871 1512 ώς
883 1433 972 1522 ῦδονρ
997 1440 1025 1481 ¹⁷
1038 1464 1075 1503 ου
1090 1434 1200 1533 δυνηση
1213 1451 1318 1521 φαγεῖν
1331 1444 1362 1506 ἐν

107 1515 304 1602 θυσιάοματα
321 1514 415 1601 ῦμών,
439 1519 491 1584 καὶ
506 1514 561 1595 τάς
578 1519 718 1606 ἀπαρχάς
753 1532 820 1599 ταῖς
830 1516 935 1587 πόλισί
945 1546 998 1587 σου
1011 1520 1048 1586 τὸ
1061 1522 1235 1589 ἐπιδέκατον
1243 1528 1301 1589 τοῦ
1313 1529 1361 1590 σί-

109 1601 208 1684 ῦμών,
235 1602 288 1666 καί
303 1602 361 1678 τάς
377 1599 463 1688 εῦράς
479 1598 574 1686 ῦμιῦν,
604 1608 656 1669 καί
674 1600 714 1669 τά
752 1630 807 1670 του
821 1629 890 1683 σου,
914 1607 965 1669 καί
976 1609 1032 1669 τοῦ
1046 1609 1127 1671 οἴνου
1140 1631 1210 1681 σου,
1237 1609 1290 1674 καί
1306 1612 1361 1673 τοῦ

108 1680 230 1753 ἑκοῦσια
242 1683 333 1790 ῦμοῦν,
345 1688 398 1751 καί
405 1685 459 1762 τάς
467 1683 625 1769 ὁμολογίας
635 1684 716 1770 ῦμεῦν
753 1689 856 1754 ἐλαίου
867 1713 922 1753 σου
927 1737 937 1765 ,
958 1687 1000 1753 τά
1016 1684 1196 1773 πρωτότοκα
1208 1694 1270 1753 τών
1279 1695 1361 1797 ῥοῶν

106 1769 148 1834 τὰ
165 1794 346 1856 πρατοτοκα
363 1773 426 1836 τοῖν
440 1774 521 1857 βοῶν
540 1766 633 1853 ὑμῶν,
663 1771 716 1836 καί
754 1798 822 1849 σου,
844 1772 896 1836 καί
908 1775 969 1837 τών
981 1768 1143 1860 προβάτων
1154 1797 1222 1848 σου,
1235 1800 1287 1838 και
1298 1768 1359 1839 πά-

107 1857 167 1918 τεῦν
182 1848 345 1941 προβάτων
361 1848 449 1936 ῦμών.
488 1856 566 1919 ’καί
582 1857 715 1936 φάγεσθε
753 1882 808 1932 σας
820 1852 875 1930 τάς
887 1851 985 1939 εῦχὸς,
1010 1854 1082 1933 ὅσας
1094 1854 1133 1921 ῦν
1144 1854 1283 1940 εῦξησθε,
1310 1860 1360 1922 καί

107 1939 166 2002 ἐκεῖ
186 1940 318 2002 ἐναντίον
334 1942 438 2022 κυρίου
455 1942 511 2002 τοῦ
529 1943 604 2004 θεοῦ
622 1935 713 2046 ὁμοῖν,
753 1939 807 2016 τὰς
824 1934 983 2022 ὁμολογίας
1002 1935 1100 2024 ῦμοῦν,
1127 1941 1179 2004 καί
1190 1936 1244 2016 τάς
1258 1939 1359 2028 ῦπαρ-

106 2026 157 2085 κοί
169 2014 416 2106 εῦφρανθησεσθε
427 2023 478 2085 ἐπὶ
488 2024 588 2099 πᾶσιν,
611 2048 647 2087 ου
663 2021 715 2086 ἐὰν
752 2020 805 2108 χάς
821 2026 885 2087 τών
900 2027 1003 2107 χειρῶν
1018 2050 1082 2090 σου.
1112 2023 1141 2065 ¹⁸
1154 2021 1217 2088 ἄλλ’
1237 2023 1256 2111 ἢ
1275 2029 1358 2091 ἐναν-

106 2100 262 2191 ἐπιβάλητε
274 2100 328 2209 την
339 2128 431 2190 χειρα,
443 2131 522 2189 υμεις
531 2132 583 2171 και
594 2109 626 2171 οί
638 2103 714 2172 οἶκοι
753 2111 817 2171 τίον
829 2112 932 2190 κυρίου
950 2110 1008 2172 τοῦ
1025 2110 1101 2173 θεοῦ
1114 2131 1167 2171 σου
1179 2113 1263 2199 φαγῇ
1282 2102 1359 2174 αῦτὸ

107 2187 202 2271 ῦμοῦν,
225 2197 338 2253 καθοτι
361 2183 504 2291 εῦλόγησί
527 2214 558 2254 σε
578 2185 679 2275 κάρτος
696 2185 714 2254 ὁ
753 2192 786 2254 ἒν
799 2193 844 2271 τῷ
856 2184 955 2264 τόπου,
973 2180 998 2274 ᾧ
1013 2188 1051 2255 άν
1063 2189 1215 2275 ἔκλε’ξηται
1228 2187 1359 2276 κόριοςδ

107 2267 177 2349 θεός
199 2297 264 2338 σου.
302 2268 369 2336 ὀῦ
386 2296 523 2357 ποιησετε
539 2267 641 2338 πάντα
657 2269 715 2338 ὅσα
752 2267 889 2348 θεόςσου
903 2258 997 2356 αῦτῴ,
1010 2269 1218 2349 οῦκαίὸυίός
1231 2298 1294 2351 σου,
1308 2273 1361 2339 καί

106 2350 186 2439 ἡμεῖς
209 2359 351 2441 ποιοῦμεν
374 2345 432 2420 ώδε
449 2352 574 2442 σήμερον
590 2362 715 2431 ἕκαστος
752 2352 771 2440 ἦ
797 2349 936 2440 θυγάτηρ
955 2380 1022 2433 σου,
1048 2353 1066 2420 5
1084 2367 1156 2433 παῖς
1173 2382 1245 2434 σου,
1271 2353 1359 2442 καίῆ

108 2435 144 2502 τὸ
157 2437 282 2524 άρεστὸν
294 2433 421 2504 ἐνώπιον
433 2436 538 2502 αῦτοῦ.
575 2437 642 2503 ὀῦ
655 2437 714 2523 γάρ
751 2439 893 2538 παιδίσκη
907 2462 975 2512 σου,
1003 2439 1055 2503 καί
1072 2435 1090 2501 5
1105 2436 1360 2541 προςηλυτοςὸίν

107 2516 198 2605 ἥκατε
212 2525 331 2596 ίεοςτοῦ
344 2524 398 2586 νῦν
407 2525 447 2595 είς
456 2516 510 2603 τὴν
519 2516 715 2598 κατάπαυσιν,
753 2531 819 2595 ταῖς
843 2519 962 2583 πολεσιν
980 2515 1070 2602 ῦμῶν.
1099 2521 1151 2582 καὶ
1167 2517 1359 2612 ευφρανθηση

108 2605 160 2668 καί
177 2608 216 2677 είς
231 2602 285 2686 τὴν
296 2604 506 2709 κληρονομίαν,
531 2601 567 2688 ἢν
585 2598 715 2688 κῦριοςὸ
754 2610 886 2670 ἐναντίον
897 2607 999 2688 κυρίου
1013 2606 1068 2666 τοῦ
1080 2605 1154 2665 θεοῦ
1164 2627 1217 2666 σου
1226 2605 1276 2667 ἐπὶ
1283 2600 1360 2669 πάν-

107 2685 180 2761 θεὸς
192 2682 276 2770 ἦμοῦν
287 2688 402 2753 δίδωσιν
414 2699 490 2772 υμῖν.
507 2690 537 2732 ¹⁰
550 2689 601 2753 καὶ
612 2683 713 2774 διαβη-
754 2713 808 2763 τα,
840 2678 879 2751 οῦ
897 2684 949 2752 ἐάν
969 2681 1113 2787 ἐπιράλφς
1126 2681 1181 2770 τὴν
1193 2681 1277 2772 χεῖρά
1295 2712 1358 2752 σου.

108 2781 197 2836 σεσθε
209 2768 262 2836 τόν
271 2765 433 2858 Ἰορδάνην,
458 2773 511 2837 καί
528 2768 714 2878 κατοικησετε
752 2765 904 2858 ’9πρόςεχε
918 2795 1031 2855 οεαυτῳ
1044 2772 1083 2855 μὴ
1097 2770 1294 2879 ἐγκαταλίπης
1306 2769 1360 2836 τὸν

107 2856 157 2919 ι’πί
180 2859 233 2931 τ”ς
249 2859 316 2937 γῆς,
341 2848 375 2939 ἧς
389 2853 488 2942 κῦρεος
506 2853 523 2922 ὁ
542 2856 615 2934 θεὸς
631 2862 715 2941 ημῶν
750 2862 878 2941 Δεοίτην
889 2852 989 2921 πάντα
1002 2855 1054 2920 τὸν
1066 2853 1170 2942 χρόνον
1180 2850 1251 2921 ὁσον
1261 2881 1300 2920 αν
1310 2858 1359 2959 ζης

106 2963 201 3003 κατακ
239 2951 357 3022 ρονομεί
366 2935 446 3020 ὁμῖν,
463 2943 514 3006 καί
526 2938 713 3007 καταπαῦσει
750 2942 801 3006 ἐπί
811 2946 864 3042 της
876 2943 939 3043 γης.
967 2942 998 2983 ²⁰
1011 2938 1063 3004 ε’άν
1075 2938 1106 3004 δὲ
1121 2935 1291 3031 ἐμπλατῦνη
1305 2928 1358 3003 κὐ-

108 3017 180 3103 ῦμᾶς
199 3019 263 3086 άπὸ
279 3018 402 3086 πάντων
419 3026 480 3088 τών
497 3028 614 3112 ἐχθρῶν
631 3021 714 3108 ῦμεῦν
750 3049 812 3106 ριος
825 3048 842 3087 ο
856 3035 926 3100 θεας
939 3049 991 3090 σου
1006 3022 1045 3087 τὰ
1059 3019 1128 3108 ὁριά
1140 3047 1204 3098 σου,
1218 3016 1358 3107 καθάπερ

106 3109 168 3169 τιῦν
192 3099 306 3190 κῦκλφ,
345 3105 397 3170 καί
426 3106 614 3195 κατοικησετε
637 3107 710 3192 μετά
750 3104 943 3192 ίλάλησίσσι.
958 3108 1009 3171 καί
1024 3111 1106 3193 ἐρεῖς,
1128 3101 1261 3190 φάγομαι
1275 3110 1356 3192 κρέα.

107 3188 276 3270 ἀσφαλείας.
314 3192 339 3232 ¹¹
352 3189 529 3258 καίὲσταιὸ
548 3189 657 3269 τόπος,
678 3188 714 3257 ὁν
749 3187 1105 3285 ἐάνέπιθυμηοηὴψυχη
1121 3217 1191 3267 σου,
1210 3187 1282 3266 ώςτε
1296 3214 1358 3272 φα-

106 3270 143 3338 ῦν
168 3272 316 3356 ἐκλεξηται
334 3268 434 3358 κάρτος
453 3271 471 3338 ὁ
487 3271 560 3350 θεός
576 3301 630 3341 σου
647 3277 714 3341 ἐπι-
749 3287 810 3352 γεῖν
820 3281 908 3360 κρέα,
927 3279 958 3339 ἐν
972 3270 1056 3356 πάση
1069 3278 1215 3355 ἐπιθυμία
1230 3278 1283 3358 της
1295 3294 1358 3357 φυ-

105 3356 253 3438 κληθηναι
278 3353 314 3418 τὸ
338 3353 433 3434 ὄνομα
450 3354 545 3421 αῦτοῦ
561 3362 632 3433 ἐκεῖ,
657 3362 718 3423 ἐκεῖ
749 3382 801 3460 ρης
814 3382 867 3422 σου
880 3360 964 3446 φυγῇ
975 3346 1057 3437 κρέά.
1092 3356 1184 3418 ”δὰν
1198 3337 1230 3418 ὁὲ
1303 3352 1358 3441 ρῦν

105 3440 199 3503 οἴσετε
210 3431 313 3497 πάντα
325 3431 386 3497 ὅσα
398 3435 456 3511 ἐγώ
469 3437 637 3520 ίντελλομαι
650 3435 716 3521 ῦμϊν
751 3440 847 3531 απέχη
861 3464 916 3503 σου
928 3436 947 3501 ὁ
964 3432 1072 3510 τόπος,
1097 3431 1132 3500 ὁν
1149 3434 1188 3498 ῦν
1207 3439 1240 3498 ἐκ
1268 3439 1358 3519 ’ξηται

107 3516 242 3602 σήμερον.
256 3513 296 3578 τά
310 3510 547 3599 ὁλοκαυτώματα
561 3516 648 3602 ῦμών,
664 3523 716 3586 καί
751 3515 851 3605 κῦριος
862 3517 881 3585 ὁ
894 3514 964 3595 θεός
977 3545 1029 3583 σου
1043 3521 1103 3582 ἐκεῖ
1112 3517 1308 3601 ἐπικληθῆναι
1321 3519 1357 3583 τὸ

106 3603 147 3668 τά
166 3593 363 3680 θυσιάσματα
376 3594 471 3679 ῦμών,
496 3602 546 3663 καί
563 3601 603 3666 τά
619 3605 716 3668 ἐπιδὲ-
751 3602 847 3689 ὄνομα
861 3602 958 3671 αῦτοῦ
970 3604 1038 3677 ἐκεῖ,
1051 3603 1102 3665 καὶ
1113 3597 1359 3674 θῦσειςάπὸτών

108 3712 186 3752 κατα
200 3679 295 3768 ῦμών,
308 3684 360 3746 καί
372 3679 426 3758 τάς
438 3679 577 3768 ἀπαρχάς
587 3688 649 3748 τῶν
660 3710 718 3769 χει·
751 3691 830 3772 βοοῖν
840 3712 905 3763 σου,
917 3689 969 3753 καὶ
978 3685 1040 3752 άπὸ
1053 3678 1285 3772 τῶνπροβάταν
1295 3710 1358 3765 σου,

111 3774 170 3853 ριῦν
182 3765 277 3851 ὑμῶν,
301 3767 352 3830 καί
365 3772 427 3832 πᾶν
438 3765 574 3831 ἐκλεκτὸν
586 3771 647 3831 τῶν
658 3769 718 3833 δοι-
753 3760 796 3835 ών
809 3769 847 3834 ἂν
858 3770 902 3854 δῷ
915 3767 934 3835 ὁ
946 3765 1017 3846 θεός
1032 3793 1096 3844 σοι,
1123 3764 1158 3834 ὁν
1169 3764 1283 3852 τρόπον
1296 3772 1358 3836 ἕνε-

110 3877 169 3935 ρων
183 3847 278 3934 ῦμιῦν,
304 3846 365 3916 ὅσα
381 3849 419 3915 ἂν
430 3850 554 3935 εάξησθε
567 3856 659 3938 κυρίῳ
671 3856 717 3938 τῷ
751 3851 888 3936 τειλδμην
901 3878 959 3929 σοι,
971 3855 1023 3917 καὶ
1035 3856 1119 3941 φανῇ
1132 3857 1164 3918 ἐν
1175 3865 1241 3929 ταῖς
1252 3849 1358 3921 πόλεσί

109 3941 171 4019 θεῷ
186 3932 274 4018 ῦμών,
287 3930 715 4019 Ωκαίεῦφρανθὴσεσθεέναν-
751 3962 807 4004 σου
831 3935 911 4002 κατά
932 3933 985 4019 την
1011 3940 1171 4019 ἐπιθυμίαν
1191 3942 1244 4043 της
1261 3942 1357 4024 φυγῆς

109 4025 171 4084 τίον
183 4025 286 4123 κυρίου
298 4023 354 4084 τοῦ
366 4024 440 4084 θεοῦ
454 4015 550 4106 ῦμιῦν,
573 4018 715 4103 ῦμεῖςκαὶ
751 4046 817 4088 σου.
855 4022 886 4062 ²²
899 4015 940 4096 ιὸς
966 4023 1087 4086 ὲὸθεται
1106 4016 1126 4127 ᾗ
1142 4021 1251 4105 δορκας
1267 4017 1355 4108 καὶῆ

109 4107 138 4168 οἶ
152 4105 211 4168 υἱοὶ
225 4106 320 4188 υμῶν,
343 4106 394 4168 καὶ
407 4107 439 4169 οἳ
453 4108 612 4192 θυγατέρες
624 4102 714 4190 ῦμών,
750 4105 879 4189 ὁλοιφος,
893 4102 976 4171 οὕτω
990 4109 1072 4200 φανῇ
1084 4102 1169 4170 αυτό.
1184 4101 1356 4192 ὁάκάθαρ-

108 4189 159 4251 καί
172 4189 203 4250 οί
214 4188 317 4260 παῖδες
330 4182 427 4269 ῦμών,
454 4190 505 4252 καί
517 4192 551 4253 αί
562 4190 714 4256 παιδίσκαι
750 4214 801 4265 τος
827 4192 858 4254 ἐν
880 4192 929 4255 σοί
954 4185 1042 4254 καὶὸ
1061 4189 1199 4277 καθαρὸς
1216 4185 1356 4265 ώςαῦιιος

110 4267 199 4351 ὑμῶν,
212 4272 263 4335 καὶ
275 4269 293 4335 5
305 4275 432 4358 Λευίτης
445 4268 463 4336 ὁ
478 4273 528 4336 ἐπὶ
540 4277 600 4337 τών
612 4274 715 4339 πυλῶν
750 4274 853 4340 ἔδεται.
867 4269 1019 4361 Βπρόςεχε
1033 4278 1157 4360 ίοχυρεῦς
1170 4277 1229 4338 τοῦ
1239 4274 1280 4356 μη
1295 4298 1356 4352 φα-

110 4349 204 4434 ὁμιῦν,
230 4349 276 4418 ὅτι
295 4351 350 4417 οῦκ
363 4356 442 4419 ἔστιν
454 4352 540 4419 αῦτώ
554 4358 634 4443 μερὶς
646 4355 713 4422 οῦδὲ
748 4357 909 4461 γιῖναίμα,
936 4354 982 4422 ότι
996 4358 1069 4460 αίρα
1084 4357 1179 4421 αῦτοῦ
1192 4352 1280 4438 ψυχή.
1319 4351 1357 4418 οῦ

107 4437 214 4520 κλῆρος
225 4434 287 4518 μεθ’
304 4431 393 4518 ὁμοῖν.
420 4421 713 4543 ’3πρόςεηεοεαυτρῦ,
748 4443 936 4566 βρωθησεται
961 4461 1043 4524 ψυχη
1069 4437 1143 4542 μετὰ
1167 4439 1229 4499 τῶν
1255 4438 1355 4520 κρεών.

106 4518 145 4605 μη
174 4515 325 4616 ῦνενέγκης
343 4515 381 4586 τά
399 4516 638 4608 ὁλοκαυτωματά
658 4549 712 4590 σου
749 4526 764 4565 ²
795 4521 833 4590 οῦ
852 4521 1000 4606 φάγτσθε,
1030 4523 1081 4584 δπι
1098 4515 1153 4599 την
1168 4521 1224 4599 γῆν
1239 4517 1357 4613 ἰκγεηττρ

1283 4618 1356 4660 αυτο
