2924 4972
264 248 555 313 ΒΑΣΙΛΕΙΩΝ
587 245 821 307 ΤΕΤΛΡΤΗ
859 245 937 321 Κεφ.
952 239 1056 306 ιδ’.ιε’.
1078 239 1121 308 ίιλ.
1142 244 1188 308 15·
1286 247 1350 312 391

106 373 190 456 σκεύη
216 368 257 435 τά
280 366 440 456 εύρεθέντα
459 374 491 435 ἐν
509 371 583 452 οἴκῳ
600 375 713 454 κυρίου,
744 373 813 434 θῶν
830 373 874 451 τῷ
890 365 1020 452 Ἰσραήλ.
1046 370 1075 411 27
1088 371 1139 432 καί
1155 367 1210 433 ούκ
1227 366 1353 453 ε’λάλησε

105 459 156 523 καί
167 460 198 520 ἐν
208 465 374 539 θησαυροῖς
393 455 476 519 οἴκου
488 456 544 517 τοῦ
548 448 713 612 βασιλέως,
746 446 1017 537 κύριοςέξαλεῖψαι
1035 450 1072 514 τὸ
1090 449 1210 535 σπέρμα
1231 449 1354 557 Ἰοραηλ

105 542 156 605 καί
179 535 250 612 τούς
275 534 358 611 υἱούς
382 541 443 600 τῶν
465 561 552 620 συμμι
570 560 639 613 εων,
663 538 714 599 καί
748 531 948 599 ὑποκάτωθεν
965 539 1020 598 τοῦ
1039 532 1180 617 ούρανοῦ.
1207 538 1258 599 καί
1276 541 1355 600 είτω-

108 616 289 707 ἀπέστρεψεν
307 624 346 694 εἷς
358 615 541 723 Σαμάρειαν.
566 621 593 663 ¹⁶
607 620 658 683 καί
674 618 714 683 τά
748 641 796 683 σεν
811 614 923 692 αύτούς
940 617 990 681 διὰ
1025 617 1102 701 ειρὸς
1115 615 1272 701 Ἰεροβούιμ
1285 622 1353 682 υίοῦ

107 702 198 771 λοιπά
210 707 271 768 τῶν
284 697 383 780 λύγων
398 700 485 778 Ἰωας
503 698 562 767 ὅσα
579 705 714 785 ἐποίησεν
744 697 840 776 Ἰωάς.
859 702 890 743 22
903 699 1005 765 καὶτὰ
1054 698 1108 765 ιπά
1122 705 1182 764 τῶν
1194 696 1352 777 λύγωνἸε-

107 794 137 854 ἐν
149 788 306 868 δυναστείᾳ
319 782 426 860 αύτοῦ,
439 782 715 869 ἀέπολέμησεμετύι
747 782 865 869 ροβοάμ
881 786 933 848 καὶ
950 779 1050 848 πάντα
1068 782 1127 848 ὅσα
1142 786 1279 866 ἐποίησε,
1304 786 1357 849 καί

106 865 253 953 Ἀμεσσίου
261 865 408 955 βασιλέως
416 864 528 945 Ἰούδα,
538 869 605 953 ούχί
615 872 714 934 ταῦτα
748 872 782 932 αί
794 868 962 932 δυναστεῖαι
974 865 1071 931 αὐτοῦ
1077 916 1086 941 ,
1113 862 1170 930 ὅσα
1183 866 1355 950 ἕπολιμησε,

104 948 288 1038 γεγραμμένα
318 956 367 1018 ἐπὶ
398 952 504 1038 βιβλίῳ
530 951 627 1031 λύγων
653 956 715 1016 τῶν
747 953 798 1015 καί
810 946 870 1015 ὁόα
883 951 1046 1029 ἐπέστρεψε
1060 951 1114 1032 την
1126 948 1288 1030 Δαμασκὸν
1304 954 1357 1015 καί

108 1036 221 1122 ημερῶν
231 1046 295 1110 τοῖς
306 1035 472 1122 βασιλεῦσιν
480 1031 618 1121 Ἰσραηλγ
630 1036 659 1077 ¹⁰
665 1035 716 1097 καί
747 1033 801 1117 τὴν
812 1031 926 1117 Αίμάθ
938 1037 982 1115 τῷ
992 1030 1092 1097 Ἰούδα
1105 1035 1136 1096 ίν
1144 1030 1275 1117 Ἰοραηλ,
1288 1032 1355 1117 οὐχί

108 1116 255 1203 ἐκοιμήθη
275 1117 363 1194 Ἰωάς
388 1115 460 1200 μετά
486 1123 547 1182 τῶν
574 1112 717 1201 πατέρων
748 1121 846 1182 ταῦτα
870 1117 1054 1200 γεγραμμένα
1071 1118 1120 1180 ἐπί
1136 1117 1240 1201 βιβλίῳ
1257 1113 1355 1193 λύγων

107 1202 219 1277 αὐτοῦ,
245 1203 296 1265 καί
312 1197 410 1283 ἐτάφη
428 1204 460 1264 ἐν
472 1208 565 1280 Σαμα
584 1205 631 1282 είῳ
643 1223 716 1282 μετα
748 1223 810 1263 των
829 1224 942 1283 ημερων
959 1224 1022 1274 τοις
1038 1200 1202 1284 βασιλεῦσιν
1216 1198 1354 1283 Ἰοραηλς

109 1290 170 1349 τῶν
181 1279 329 1368 βασιλέων
338 1280 476 1367 Ἰσραὴλ,
501 1286 553 1347 καί
565 1225 718 1368 λβοσίλευ-
749 1282 780 1325 ²⁰
792 1283 843 1345 καί
863 1278 1007 1367 λκοιμηθη
1029 1280 1187 1368 Ἱεροβοίνμ
1204 1286 1279 1365 μετὰ
1298 1288 1357 1347 τῶν

111 1361 328 1470 σενἾεροβοάμ
346 1364 412 1440 υίὸς
425 1364 521 1429 αὐτοῦ
535 1362 596 1429 ἀντ’
613 1362 717 1430 αὑτοῦ.
749 1366 890 1450 πατέρων
915 1362 1011 1430 αὐτοῦ
1034 1364 1109 1446 μετὰ
1125 1365 1272 1450 βασιλέων
1295 1365 1356 1431 Ἰο-

111 1451 137 1493 ¹⁷
151 1451 202 1513 καί
214 1451 315 1531 ἔζησεν
325 1444 479 1530 Ἀμεοοίας
491 1444 554 1522 υίὸς
563 1445 637 1514 Ἰωά
662 1452 719 1549 βρ-
750 1446 846 1550 ριχίηλΞ
866 1449 917 1550 fal
935 1448 1103 1548 ἐβασίλευσε
1121 1453 1275 1534 Ζαχαρίας
1294 1444 1357 1523 υίὸς

631 1529 640 1551 2
911 1528 920 1551 θ
964 1529 972 1551 )

109 1528 205 1606 σιλεύς
213 1527 316 1596 Ἰούδα
325 1529 399 1613 μετά
408 1528 446 1596 τὸ
455 1529 623 1596 ἀποθανεῖν
640 1539 719 1607 Ιωας
751 1554 845 1596 αυτου
858 1554 914 1596 αντ
936 1555 1042 1597 αυτου.

111 1615 178 1679 υίύν
186 1612 316 1699 Ἰωύχαζ
325 1609 451 1700 βασιλέα
460 1612 594 1698 Ἰσραὴλ,
619 1638 719 1679 πεντε-
779 1619 793 1649 '
931 1620 1005 1678 ΚΕ
1018 1619 1057 1678 Φ.
1101 1608 1172 1679 ΙΕ’.

111 1698 231 1762 καίδεκα
244 1701 305 1780 ἔτη.
324 1699 353 1742 ¹⁸
367 1700 417 1762 καί
429 1694 469 1763 τά
481 1696 576 1763 λοιπὰ
590 1702 650 1763 τῶν
661 1694 718 1762 λύ-
751 1663 801 1761 Ε
805 1721 822 1762 ν
835 1700 892 1762 ἔτει
908 1700 1030 1779 εἰκοστῷ
1043 1699 1095 1762 καί
1112 1694 1228 1845 ἑβδόμῳ
1241 1701 1285 1780 τῷ
1300 1696 1357 1763 ‘It-

109 1807 172 1860 γων
184 1779 339 1864 Ἀμεσοίου
356 1783 408 1845 καί
423 1775 525 1846 πάντα
540 1776 599 1846 ὅσα
611 1783 718 1865 ἐποίη·
751 1778 865 1869 ροβοάμ
889 1780 1006 1867 βασιλεῖ
1024 1779 1126 1865 ’[οραη
1157 1780 1358 1866 ·ἐβασίλευοεν

109 1890 167 1940 σεν,
177 1862 244 1949 οάχί
256 1868 353 1930 ταῦτα
363 1859 547 1949 γεγραμμένα
556 1867 606 1930 ἐπὶ
611 1865 717 1951 βιβλίῳ
745 1863 883 1951 Ἀζαρίας
894 1863 957 1940 υίὸς
964 1861 1117 1946 ’Λμεσσίου
1118 1863 1268 2011 βασιλέως
1277 1861 1357 1928 Ἰού-

109 1944 208 2024 λύγων
233 1951 296 2012 ταῖν
320 1944 435 2034 ἡμερῶν
460 1959 523 2024 τοῖς
549 1949 718 2033 βασιλεῦσιν
750 1950 798 2013 δα.
833 1946 926 2022 2υλύς
948 1948 1101 2013 ἑκκαίδεκα
1134 1952 1194 2012 τῶν
1212 1934 1247 2031 ἦν
1264 1951 1295 2012 ἐν
1312 1951 1358 2031 τῷ

107 2027 220 2109 Ἰούδας
227 2032 309 2096 19καί
318 2026 562 2117 συνεστράφησαν
570 2029 615 2096 ἐπ’
624 2030 718 2095 αὐτὸν
749 2027 906 2119 βασιλεύειν
919 2029 1025 2106 αὐτὸν,
1050 2034 1101 2095 καὶ
1117 2031 1358 2114 πεντηκονταδύο

111 2109 280 2199 σύστρεμμα
291 2111 531 2200 ἐνἸερουσαλημ,
550 2117 602 2180 καί
615 2118 717 2195 ἐίρυγιν
751 2119 802 2198 ἔτη
821 2112 1001 2201 ἐβασίλευσεν
1021 2117 1052 2177 ἐν
1071 2110 1281 2198 Ἰερουσαλὴμ,
1307 2116 1359 2178 καί

110 2202 149 2272 είς
159 2201 270 2282 Λοχίς,
294 2196 346 2261 καί
357 2193 536 2263 ἀπέστειλαν
548 2195 645 2263 ὀπίσω
661 2195 716 2260 αύ-
751 2196 845 2280 ἀνομα
863 2201 1001 2322 τῇμχτρὶ
1014 2194 1111 2262 αὐτοῦ
1126 2194 1247 2281 Ἰεχελία
1258 2197 1289 2272 ἐξ
1301 2193 1358 2261 Ἰε-

111 2285 166 2344 τοῦ
178 2285 218 2355 είς
228 2282 334 2364 Ααχλς,
350 2283 401 2346 καί
414 2276 614 2345 ἐθανάτωσαν
626 2277 719 2344 αιἰτδν
751 2277 914 2387 ρουσαλήμ.
968 2282 1019 2344 καί
1035 2283 1153 2363 ἐποίησε
1170 2279 1206 2344 τὸ
1224 2277 1311 2355 εύθὲς
1327 2282 1358 2346 ίν

112 2367 179 2426 ἐκεῖ.
207 2365 238 2406 ²⁰
251 2365 302 2426 καί
325 2354 403 2467 ᾖρον
421 2357 515 2428 αύτδν
540 2359 584 2441 ἐφ’
603 2366 717 2435 ίππων,
751 2363 922 2445 ορθαλμοῖς
945 2368 1048 2448 κυρίου
1072 2360 1151 2429 κατά
1172 2359 1275 2428 πάντα
1299 2359 1357 2429 ὅσα

113 2446 166 2507 καί
186 2440 283 2528 ἐτάφη
301 2447 331 2508 ἐν
361 2440 547 2528 Ιερουσαλημ
566 2444 719 2526 μετὰτῶν
752 2450 886 2551 ἐποίησεν
904 2446 1057 2528 Ἀμεσσίας
1082 2442 1100 2509 ὁ
1126 2441 1227 2528 πατὴρ
1252 2444 1356 2510 αὐτοῦ.

113 2520 254 2610 πατέρων
267 2523 360 2589 αὐτοῦ
373 2529 404 2590 ὲν
416 2521 504 2589 πόλει
516 2527 620 2589 Δαυίδ.
638 2528 721 2589 22καί
751 2527 858 2612 4πλην
869 2534 930 2594 τῶν
945 2525 1071 2611 ὑψηλῶν
1084 2527 1140 2592 οὐκ
1154 2530 1265 2611 ἐξῆρεν,
1283 2531 1325 2591 ἔτι
1339 2525 1356 2592 ὁ

114 2608 207 2694 ἔλαβε
218 2603 391 2683 πᾶςὸλαός
400 2603 501 2671 Ἰούδα
510 2603 720 2693 τδνἈζαρίαν,
753 2606 825 2685 λαός
848 2616 984 2688 ίθυσίαζε
1010 2611 1060 2675 καί
1086 2601 1216 2692 ἔθυμίύιν
1241 2612 1271 2672 ἐν
1294 2621 1358 2686 τοῖς

113 2692 167 2755 καί
191 2687 282 2766 αύτός
302 2691 366 2766 υίὸς
383 2690 537 2755 ἑκκαίδεκα
553 2693 643 2766 ἐτῶν,
669 2692 720 2755 καί
754 2691 888 2777 ὑψηλοῖς.
914 2696 992 2760 5καί
1004 2691 1109 2780 ἥψατο
1124 2691 1224 2779 κύριος
1236 2692 1289 2758 τὸν
1301 2698 1357 2780 βα-

111 2774 303 2859 ἔβασίλευσαν
329 2771 422 2840 αύτύν
447 2771 516 2840 ἀντί
531 2778 587 2839 τοῦ
604 2771 719 2861 πατρὸς
752 2777 852 2854 σιλία,
878 2781 928 2842 καὶ
941 2765 975 2863 ἦν
987 2779 1205 2864 λελεπρωμὲνος
1217 2781 1272 2851 ἕως
1286 2775 1356 2861 “73⁴⁶'-

111 2855 207 2923 αὐτοῦ
214 2855 376 2939 Ἀμεσσίου.
402 2855 537 2934 22αἰπδς
548 2854 719 2944 ᾠκοδόμησε
751 2888 806 2947 ρας
822 2859 959 2927 θανάτου
982 2862 1085 2928 αὐτοῦ.
1108 2864 1160 2927 καί
1176 2862 1357 2947 ἐβασίλευσεν

109 2941 165 3024 την
176 2940 301 3017 Anum,
312 2945 364 3006 καὶ
376 2937 556 3027 ἐπέστρεψεν
569 2939 662 3025 αὐτὴν
673 2949 718 3026 τῷ
751 2950 781 3009 ἐν
794 2947 867 3030 οἴκῳ
880 2941 1065 3027 ἀηῳουσούθ.
1083 2950 1133 3009 καί
1144 2942 1281 3025 Ἰωαθάμ
1294 2945 1358 3017 υίὸς

107 3020 209 3089 Ἰούδα
225 3024 298 3107 μετὰ
315 3024 352 3090 τὸ
369 3029 552 3109 κοιμηθῆναι
565 3024 619 3090 τὸν
632 3030 718 3112 βασι·
750 3033 806 3092 τοῦ
818 3029 962 3116 βασιλέως
975 3030 1025 3093 ἐπὶ
1037 3034 1080 3111 τῴ
1097 3030 1169 3110 οἴκῳ
1183 3034 1290 3111 κρίνων
1303 3023 1357 3091 τὸν

111 3103 168 3173 λέα
183 3108 257 3191 μετὰ
274 3113 338 3173 τῶν
355 3106 498 3194 πατέρων
515 3107 618 3174 αὐτοῦ.
644 3111 674 3152 ²³
688 3112 719 3173 ἐν
750 3109 826 3176 λαὸν
851 3118 903 3195 της
917 3116 982 3196 γης.
1021 3114 1100 3177 ὃκαί
1123 3112 1162 3176 τά
1182 3107 1275 3176 λοιπά
1296 3114 1356 3174 τιῦν

110 3193 165 3255 ἔτει
175 3187 421 3273 πεντεκαιδεκάτῳ
431 3197 487 3256 τοῦ
496 3189 649 3273 Ἀμεσοίου
661 3197 717 3276 υἱῷ
749 3191 847 3273 λύγων
855 3193 995 3280 Ἀζαρίου
1008 3198 1060 3260 καὶ
1070 3191 1171 3261 πάντα
1182 3191 1240 3261 ὅόα
1253 3197 1355 3274 ἐποίη-

108 3268 194 3348 Ἰωάς
202 3273 319 3359 βασιλεῖ
326 3269 429 3334 Ἰούδα
439 3272 718 3357 ίβαοίλευσενἸερο-
749 3303 811 3353 σεν,
836 3279 905 3359 οὐχί
923 3282 1022 3340 ταῦτα
1038 3280 1223 3360 γεγραμμένα
1242 3278 1294 3340 ἐπὶ
1309 3281 1355 3360 βι-

108 3353 188 3442 βοάμ
201 3355 265 3430 υίὸς
274 3352 363 3426 Ἰωάς
376 3353 425 3416 ἐπὶ
433 3353 557 3435 Ἰσραὴλ
571 3360 601 3418 ἐν
611 3363 717 3437 Σαμα-
748 3359 823 3444 βλίω
836 3355 932 3434 λόγων
944 3362 1005 3421 τῶν
1016 3354 1131 3443 ἡμερῶν
1143 3369 1206 3431 τοῖς
1217 3358 1356 3460 βασιλεύ

110 3445 176 3524 ρείῳ
189 3432 414 3522 τεσσαράκοντα
426 3437 476 3496 καί
490 3441 521 3533 ἓμ
535 3437 610 3510 ἔτος.
628 3438 718 3503 ”aab
750 3465 795 3506 σιν
807 3423 913 3504 Ἰούδα
918 3464 930 3515 ,·
961 3441 1039 3503 'nal
1057 3436 1202 3522 ἐκοιμάθη
1224 3441 1357 3519 Αζαρίας

110 3527 229 3603 ἐποίησε
249 3521 286 3585 τὸ
305 3515 441 3601 πονηρὸν
457 3519 586 3580 ἐνωπιον
603 3525 715 3602 κυρίου.
748 3520 821 3606 μετά
836 3526 894 3588 τῶν
906 3523 1046 3604 πατέρων
1054 3518 1160 3596 αὐτοῦ,
1171 3521 1223 3583 καί
1231 3522 1356 3599 ἔθαψαν

111 3603 169 3671 οάκ
196 3598 312 3687 ἀπέστη
338 3601 401 3667 ἀπὸ
432 3602 541 3664 πασῶν
566 3596 717 3684 ἁμαρτιῶν
749 3603 842 3669 αιἰτὸν
866 3602 940 3687 μετά
964 3607 1025 3668 τῶν
1049 3605 1189 3688 πατέρων
1211 3599 1308 3666 αὐτοῦ
1326 3605 1356 3666 δν

105 3685 262 3792 Ἱεροβοάμ
287 3690 356 3752 υίοῠ
381 3680 496 3771 Νυβάτ
520 3677 554 3756 ὃς
575 3677 718 3768 ἔξάμαρτε
749 3682 833 3751 πόλει
843 3687 949 3761 Δαυίδ,
962 3689 1014 3751 καί
1024 3685 1206 3772 ἐβασίλευσεν
1215 3680 1356 3769 Ἰωάθαμ

111 3770 164 3836 τὸν
194 3765 318 3855 Ισρυήλ.
355 3770 385 3813 ²⁶
399 3765 491 3841 αὐτὸς
516 3758 664 3848 ἀπέστησε
680 3765 717 3831 τὸ
751 3769 816 3844 υἱδς
829 3767 925 3834 αὐτοῦ
937 3766 999 3834 ἀντ’
1016 3768 1122 3837 αὐτοῦ,
1136 3770 1188 3835 2ἐν
1199 3773 1258 3836 ἔτει
1269 3795 1356 3855 τρια-

111 3852 192 3935 ἀριον
201 3851 323 3937 Ἰσραηλ
336 3849 397 3917 ἀπὸ
410 3847 523 3927 είςόδου
535 3849 650 3934 Αἷμάθ
663 3855 718 3927 ἕως
749 3856 851 3935 κοστῷ
863 3855 914 3917 καί
926 3849 1025 3936 ὀγδόῳ
1037 3858 1081 3935 τῷ
1091 3850 1230 3939 Ἀζαρίαν
1241 3855 1358 3941 βασιλεῖ

111 3943 163 4022 της
181 3932 339 4019 θαλάσσης
358 3940 409 4019 της
428 3934 558 4020 Ἄραβα,
584 3932 662 4001 κατά
678 3934 715 3999 τύ
746 3931 848 4001 Ἰούδα
862 3935 1047 4021 ἔβασιλευσεν
1059 3941 1212 4023 Ζαχαρίας
1224 3936 1354 4013 υῖύςἸε-

110 4026 189 4170 βῆμα
201 4026 305 4107 κυρίου
317 4024 393 4083 θεοῦ
407 4017 529 4102 Ἰσραὴλ
544 4014 563 4080 ὃ
576 4014 716 4104 ἐλάλησεν
748 4020 863 4107 ροβούιμ
876 4021 927 4085 ε’πὶ
941 4016 1064 4105 ’Ῑοραηλ
1076 4024 1108 4086 ἐν
1119 4028 1273 4108 Σαμαρείᾳ
1287 4018 1357 4098 ἰξά-

126 4130 141 4169 ν
157 4109 228 4189 χειρί
247 4099 357 4169 δούλου
370 4099 467 4167 αὐτοῦ
481 4099 571 4165 Ἰωνά
585 4105 651 4167 υίού
664 4102 715 4169 Ἀ·
746 4130 848 4190 μηνον,
886 4105 966 4169 9καί
989 4107 1108 4190 ἐποίησε
1124 4100 1160 4169 τύ
1178 4101 1308 4192 πονηρὸν
1325 4109 1356 4170 ἐν

110 4191 191 4271 μαθί
203 4192 259 4253 τοῦ
269 4180 427 4272 προφήτου
437 4188 494 4248 τοῦ
504 4187 536 4248 ἐκ
546 4183 714 4290 Γεθχορέρ.
748 4188 920 4272 ὀφθαλμοῖς
942 4193 1043 4274 κυρίου
1061 4187 1146 4257 κυθά
1164 4192 1309 4273 ἐποίησαν
1324 4193 1356 4253 οί

112 4273 142 4315 ²⁶
155 4268 201 4338 ὅτι
216 4271 272 4335 εἶδε
286 4264 385 4355 κύριος
398 4264 452 4351 την
465 4272 641 4333 ταπείνωσιν
662 4276 715 4333 1ο-
747 4276 872 4357 πατέρες
884 4269 993 4349 αὐτοῦ,
1021 4269 1075 4338 ούκ
1089 4270 1205 4355 ἀπέστη
1220 4268 1282 4337 ἀπὸ
1292 4298 1355 4336 πυ-

112 4353 190 4440 ραηλ
203 4353 312 4439 πικράν
325 4348 457 4435 σφόδρα,
479 4354 530 4415 καί
543 4347 717 4428 ύλιγοστούς
749 4357 810 4418 σῶν
834 4359 896 4419 τῶν
922 4351 1074 4440 ἁμαρτιῶν
1099 4352 1236 4439 Ἶιροβοά
1286 4358 1356 4417 υίοῦ

113 4434 324 4522 συνεχομένους,
344 4438 401 4537 ’καὶ
414 4429 650 4538 ἒοπανιομέηουρ,
667 4435 717 4497 καί
748 4435 862 4523 Ναβάτ
874 4435 908 4512 ὃς
918 4436 1059 4521 ἐξήμαρτε
1068 4381 1258 4533 τόνίΙσραηλέ.
1273 4438 1356 4531 1θκμί

113 4519 432 4603 ίγκαταλελειμμινους,
445 4521 495 4585 καί
507 4542 562 4584 ουκ
574 4520 714 4605 ηνοβοη-
749 4518 987 4605 συνεστράφησαν
1018 4516 1063 4582 ἐπ’
1095 4512 1191 4579 αυτόν
1219 4512 1355 4616 Σελλσρμ

1301 4617 1372 4665 um
