2924 4972
115 224 177 293 438
239 214 768 309 χΠΑΡΑΛΕΙΠΟΜΕΝΩΝ
789 215 923 275 Am.
965 209 1211 293 Χεφ.ε“ί.έ.“4.5.

114 341 212 415 δεξιῶν
231 334 369 410 καὶτοὺς
387 337 475 399 πέντε
492 326 523 408 ἐξ
547 328 720 418 ἀριστερῶν,
756 327 876 415 στῆριον
888 324 924 393 τὸ
942 333 1087 414 χρυσοῦν,
1113 330 1164 393 καί
1182 327 1236 405 τὰς
1248 331 1366 414 τραπέ-

113 427 169 487 τοῦ
181 415 297 486 πλύνειν
311 422 341 483 έν
354 415 457 490 αὐτοῖς
473 414 513 479 τά
527 417 600 496 ἔργα
613 419 673 477 τῶν
686 410 721 479 ὁ·
755 416 816 490 ζας,
829 413 881 477 καί
900 411 944 477 ἐπ’
963 410 1065 477 αὐτῶν
1077 410 1162 496 άρτοι
1175 417 1365 497 προθέσεως.

114 498 356 587 λσκαυτωμάτων
368 503 419 565 καί
433 494 607 574 ἀποκλύζειν
619 500 650 561 ἐν
664 494 721 561 αὖ·
755 500 786 542 ²⁰
799 498 851 562 καί
862 496 917 572 τάς
929 496 1060 580 λυχνίας,
1086 496 1138 561 καὶ
1154 495 1226 572 τοῦς
1239 492 1365 581 λύχνους

113 598 186 664 τοῖς,
200 589 250 652 καί
264 585 282 669 ῆ
296 581 442 650 θάλασσα
462 587 501 656 είς
513 581 550 645 τὸ
562 588 721 646 νίπτεσθαι
755 584 811 644 τοῦ
831 577 933 661 φωτὸς
950 579 1029 645 κατά
1049 576 1085 644 τὸ
1105 585 1195 664 κρίμα
1213 584 1266 645 καὶ
1283 579 1366 647 κατὰ

113 669 185 746 τούς
199 675 281 756 ίερεῖς
295 671 326 733 έν
339 664 426 758 αὐτῇ.
454 666 521 728 2καί
532 668 655 747 ἐποίησε
668 659 722 738 τάς
754 659 916 749 πρόςωπον
934 668 987 728 τοῦ
1007 663 1094 748 δαβίρ
1115 668 1240 766 χρυσίου
1259 674 1364 730 καθα-

114 755 229 838 λυχνίας
241 751 408 835 τάςχρυσάς
419 746 617 812 δέκακατάτὸ
631 751 721 833 κρίμα
755 751 827 827 ροῦ,
853 749 881 787 22
894 747 946 811 καὶ
970 746 1088 833 λαβίδες
1113 750 1225 821 αυτῶν,
1251 749 1304 813 καί
1331 753 1363 813 σί

114 836 281 912 αὐτῶνκαὶ
293 837 398 916 έθηκεν
411 836 442 897 ἐν
453 836 497 915 τῷ
510 834 675 914 ναῶ,πέντε
687 832 720 894 ἐκ
753 824 852 913 λύχνοι
870 827 989 905 αὐτῶν,
1013 832 1063 895 καί
1081 829 1135 904 τὰς
1159 825 1284 911 φιάλας,
1311 833 1363 896 καί

114 921 213 996 δεξιῶν
229 920 280 982 καί
296 921 382 981 πέντε
400 917 430 992 ἐξ
449 914 617 1001 ἀριστερῶν.
648 914 720 976 8καί
754 912 807 988 τάς
823 914 954 988 θυίσκοις
976 917 1027 979 καὶ
1050 912 1089 976 τά
1111 926 1220 997 πυρεῖα
1239 921 1361 1019 χρυσίου

114 1006 233 1086 ἐποίησε
246 1002 392 1086 τραπέζας
404 1000 488 1074 δέκα,
510 1001 562 1063 καὶ
573 1002 678 1079 έθηκεν
690 1000 721 1060 έν
753 1000 904 1080 καθαροῦ,
928 999 958 1039 22
971 999 1021 1061 καί
1037 993 1056 1081 r}
1074 992 1159 1082 θύρα
1176 1002 1230 1062 τοῦ
1244 1023 1329 1063 οικου
1343 996 1360 1082 ῆ

113 1091 157 1168 τῷ
172 1088 244 1169 ναῶ,
269 1087 356 1149 πέντε
369 1088 400 1148 ἐκ
417 1082 516 1158 δεξιῶν
529 1085 580 1146 καί
591 1082 720 1155 πέντείξ
753 1082 888 1184 ἐσωτέρα
901 1085 940 1155 εἰς
957 1080 996 1145 τά
1014 1076 1086 1158 ἀγια
1102 1084 1163 1144 τῶν
1180 1076 1285 1159 άγίων,
1309 1084 1360 1147 καί

112 1166 277 1252 εῦωνῦμων,
289 1169 341 1232 καὶ
353 1172 473 1248 ἐποίησε
487 1160 598 1246 φιάλας
608 1167 720 1267 χρυσᾶς
754 1160 807 1238 τάς
818 1173 916 1249 θυρσς
927 1168 983 1228 τοῦ
993 1165 1078 1227 οἴκου
1088 1168 1145 1227 τοῦ
1156 1170 1229 1228 ναοῦ
1241 1171 1359 1250 χρυσᾶς.

112 1250 230 1327 ἑκατὸν,
255 1252 337 1317 9καὶ
349 1253 468 1355 ἐποίησε
486 1247 540 1332 τῆν
553 1245 647 1330 αύλην
659 1249 719 1312 τῶν
754 1249 786 1308 C.
801 1251 830 1324 5,
848 1269 872 1309 1.
885 1249 937 1311 καί
952 1247 1145 1330 συνετελέσθη
1167 1253 1254 1313 πᾶσα
1272 1245 1291 1332 ῆ
1311 1253 1359 1334 έρ-

113 1338 231 1421 ίερέων,
256 1336 309 1398 καί
324 1332 379 1418 τῆν
396 1333 492 1415 αυλῆν
509 1331 564 1415 τῆν
581 1325 719 1414 μεγάλην,
753 1336 844 1406 γασία
862 1325 898 1414 ἣν
920 1333 1040 1414 ἐποίησε
1057 1328 1216 1414 Σαλωμῶν
1238 1335 1269 1395 ἐν
1286 1333 1359 1415 οἴκῳ

112 1423 163 1484 καί
187 1412 286 1501 θύρας
306 1421 345 1497 τῆ
371 1413 459 1497 αῦλῆ,
473 1417 524 1477 καὶ
546 1408 718 1498 θυρώματα
754 1420 866 1497 κυρίου.
956 1470 959 1474 .

112 1500 215 1567 αὐτῶν
223 1486 506 1582 κατακέχαλκωῆιένα
513 1497 625 1580 χαλκῶ.
638 1496 718 1559 2οκαί
941 1504 973 1562 Κ
986 1503 1016 1561 Ε
1030 1502 1068 1560 (1).
1111 1490 1162 1561 Ε’.

114 1582 167 1667 τῆν
175 1576 338 1647 θάλασσαν
348 1583 456 1665 έθηκεν
466 1579 530 1645 ἀπὸ
540 1584 649 1658 γωνίας
661 1580 719 1641 τοῦ
754 1546 836 1645 Καὶ
844 1579 983 1664 είςῆνεγκε
994 1581 1151 1664 Σαλωμών
1160 1578 1200 1644 τά
1214 1574 1285 1657 άγια
1295 1587 1359 1646 Δα-

114 1667 201 1731 οἴκου
228 1666 259 1728 ἐκ
277 1664 377 1741 δεξιῶν
401 1658 443 1739 ῶς
464 1659 541 1749 πρὸς
567 1659 719 1735 ἀνατολάς
755 1664 803 1728 υίδ
813 1668 870 1729 τοῦ
880 1661 998 1749 πατρὸς
1016 1663 1124 1742 αὐτοῦ,
1150 1663 1187 1728 τὸ
1207 1660 1359 1750 ἀργύριον,

113 1753 276 1814 κατέναντι.
302 1750 328 1790 22
339 1747 391 1811 καί
407 1750 526 1831 ἐποίησε
542 1742 647 1832 Χιράμ
663 1742 719 1818 τὰς
753 1747 851 1812 καὶτὸ
864 1755 992 1832 χρυσίον,
1002 1750 1053 1813 καί
1064 1748 1104 1813 τά
1115 1744 1210 1829 σκεύη,
1221 1751 1273 1812 καὶ
1284 1750 1360 1813 ε”δω-

111 1829 268 1918 κρεάγρας,
293 1831 343 1895 καὶ
355 1829 395 1894 τά
407 1840 529 1917 πυρεῖα,
556 1825 676 1912 καὶτῆν
688 1830 717 1891 ε’·
753 1857 801 1896 κεν
815 1836 854 1906 εἰς
865 1829 1024 1917 θησαυρὸν
1037 1834 1122 1897 οἴκου
1134 1837 1243 1916 κυρίου.
1271 1828 1357 1898 2τόεε

112 1911 225 2021 σχάραν
235 1918 293 1979 τοῦ
303 1918 530 2000 θυσιαστηρίου,
554 1913 607 1976 καὶ
618 1906 718 1976 πάντα
753 1914 954 1997 ἕξεκκλησίασε
975 1915 1134 1999 Σαλωμών
1152 1911 1266 1989 πάντας
1287 1913 1359 1990 τούς

110 2025 151 2065 τα
168 1993 255 2081 σκεύη
273 1994 377 2062 αὐτοῦ.
403 2000 455 2062 καί
471 1996 634 2062 συνετέλεσε
656 2000 718 2057 Χι·
752 2002 971 2086 πρεσβυτέρους
992 1996 1129 2086 Ἰσραὴλ,
1167 2001 1218 2064 καὶ
1242 1994 1358 2074 πάντας

131 2080 172 2165 άμ
188 2086 313 2166 ποιῆσαν
331 2085 435 2146 πᾶσαν
450 2079 506 2164 τῆν
523 2083 538 2144 έ
555 2085 664 2158 γασίαν
682 2073 718 2162 ῆν
752 2081 823 2157 τοὺς
836 2080 983 2168 ἀρχοντας
996 2087 1057 2149 τῶν
1070 2084 1172 2164 φυλῶν
1184 2080 1255 2158 τούς
1267 2080 1358 2167 ἡγου-

111 2109 233 2248 ἀποίησε
246 2164 404 2249 Σαλωμολν
416 2168 533 2313 τῶβασ
574 2167 629 2228 ῖέν
642 2162 716 2244 οἴκῳ
751 2169 857 2249 μένους
872 2171 1006 2251 πατριῶν
1024 2171 1096 2233 υῖῶν
1109 2163 1232 2253 Ἰσραῆλ
1250 2172 1289 2243 είς
1302 2165 1359 2232 Ἱε-

110 2252 166 2313 τοῦ
177 2253 263 2326 θεοῦ,
288 2250 316 2290 22
329 2244 453 2323 πάλους
487 2243 521 2312 ύο
535 2242 645 2312 καλέπ’
660 2242 716 2309 αὗ-
753 2248 979 2335 ρουσαλῆμ,τοῦ
990 2249 1141 2329 ἀνενέγκαι
1154 2250 1281 2337 κιβωτὸν
1293 2253 1358 2316 δια-

110 2337 172 2398 τῶν
182 2331 349 2424 γωλάθτῆ
385 2329 515 2416 ωθαρέθ
535 2331 713 2397 ἕπίτῶνκε-
751 2329 848 2417 θῆκης
860 2339 963 2418 κυρίου
975 2337 1008 2398 ἐκ
1020 2334 1137 2410 πόλεως
1150 2336 1255 2411 Λαυὶδ,
1281 2331 1357 2419 αῦτη

110 2414 216 2498 φυλῶν
228 2419 289 2479 τῶν
308 2356 427 2480 σκύλων
443 2410 514 2496 δύο,
541 2415 593 2481 καί
610 2414 715 2479 δίκτυα
751 2413 843 2482 Σιῶν.
885 2417 964 2482 2καί
984 2415 1270 2504 ε’ξεκκλησιάοθηοαν
1282 2416 1357 2504 πρὸς

109 2494 369 2583 δῦοσυγκαλύψαι
380 2496 434 2574 τάς
444 2496 574 2581 κεφαλάς
585 2502 646 2562 τῶν
655 2523 715 2581 χω-
751 2498 939 2587 τὸνβασιλέα
952 2506 1013 2577 πῶς
1022 2500 1146 2589 Ἰσραῆλ
1163 2506 1194 2567 ἐν
1207 2507 1245 2584 τῆ
1258 2505 1357 2586 έορτῆ,

108 2578 339 2668 θαρὲθάέστιν
357 2584 406 2646 ἐπὶ
423 2587 484 2646 τῶν
500 2581 638 2664 κεφαλῶν
654 2584 716 2642 τῶν
752 2576 840 2659 οὗτος
863 2582 881 2648 ὁ
903 2584 959 2668 μῆν
985 2587 1116 2672 ἕβδομος.
1155 2574 1236 2655 4καλ
1259 2578 1358 2671 ῆλθὸν

108 2666 235 2742 στυλων,
259 2669 287 2709 ¹³
300 2669 351 2730 καί
368 2661 508 2740 κώδωνας
524 2668 651 2751 χρυσοῦς
668 2685 716 2725 τε·
750 2662 859 2743 πάντες
881 2674 912 2733 οἱ
935 2666 1127 2756 πρεσβύτεροι
1147 2671 1282 2759 Ἰσραῆλ,
1306 2673 1359 2738 καί

107 2754 285 2834 τρακοσίους
298 2754 337 2824 είς
346 2746 385 2813 τά
399 2747 453 2814 δύο
467 2751 582 2825 δίκτυα,
594 2748 645 2811 καί
658 2741 714 2810 δύο
751 2750 864 2839 ἔλαβον
880 2747 988 2829 πάντες
1008 2759 1040 2818 οῖ
1051 2763 1177 2819 Λευῖται
1195 2755 1250 2841 τῆν
1268 2759 1357 2842 κιβω·

106 2834 176 2915 γένη
188 2833 315 2916 ῥοίίτκων
329 2837 360 2898 ἒν
369 2837 415 2916 τῷ
426 2828 536 2915 δικτύῳ
548 2834 593 2916 τῷ
605 2831 648 2894 ἐνί
660 2832 715 2894 τοῦ
750 2833 811 2912 τὸν,
839 2837 852 2879 ⁵
866 2838 917 2900 καί
928 2836 983 2920 τῆν
993 2838 1101 2939 σκηνῆν
1113 2843 1168 2901 τοῦ
1179 2845 1355 2924 μαρτυρίου,

108 2911 301 3022 πγκαλύχιαι
314 2913 368 2991 κάς
386 2913 442 2981 δύο
459 2915 568 2994 γωλάθ
583 2917 644 2978 τῶν
653 2939 715 2997 χω-
750 2921 801 2983 καὶ
814 2916 914 2986 πάντα
926 2921 966 2985 τά
982 2947 1067 3003 σκευη
1079 2916 1118 2984 τά
1138 2916 1209 2998 ἀγια
1221 2921 1261 2986 τά
1274 2925 1305 2985 έν
1319 2925 1356 3005 τῆ

105 2998 211 3085 θαρέθ
233 3026 254 3062 α
278 3003 356 3065 έστιν
377 2996 478 3064 ἐπάνω
501 3004 563 3065 τῶν
587 2992 712 3063 στῦλων.
750 3003 915 3086 σκηνῆ,καί
934 2998 1096 3084 ἀνῆνεγκαν
1115 3000 1209 3086 αὐτὴν
1228 3008 1259 3068 οῖ
1272 2995 1355 3086 ἱερεῖς

104 3082 135 3124 ¹⁴
148 3083 199 3145 καί
224 3081 294 3158 τούς
318 3081 462 3167 μεχωνῶθ
491 3086 608 3167 ἐποίησε
632 3082 712 3156 δέκα,
749 3090 800 3151 καί
813 3076 845 3152 ἀί
856 3092 989 3150 Λευῖται.
1017 3082 1355 3167 2καίὸβασιλεύςΣα·

105 3164 240 3240 καὶτοὺς
257 3167 405 3250 λουτῆρας
423 3170 561 3270 έποίχσεν
581 3165 631 3231 ἐπὶ
643 3161 713 3238 τοῦς
747 3167 869 3249 λοιμῶν,
892 3168 943 3229 καί
953 3168 1040 3229 πᾶοα
1053 3163 1353 3248 συναγωγῆἸσραῆλ,

104 3249 261 3332 μεχωνῶθ,
283 3249 310 3293 ¹⁵
322 3252 374 3314 καί
390 3247 445 3333 τῆν
456 3250 619 3315 θαλασοαν
630 3254 710 3330 μίαν,
747 3253 798 3315 καί
809 3254 839 3314 οῖ
850 3242 1038 3334 φοβούμενοι,
1051 3249 1103 3313 καὶ
1114 3253 1144 3312 oz
1158 3251 1351 3328 ἐπισυνηγμέ-

104 3335 155 3398 καί
167 3332 239 3407 τούς
251 3327 377 3416 μόσχους
388 3330 458 3406 τούς
468 3328 583 3398 δώδεκα
596 3327 711 3397 ὑποκά·
746 3358 789 3398 νοι
802 3331 903 3397 αὐτῶν
911 3333 1079 3418 ἔμπροσθεν
1088 3337 1139 3416 τῆς
1148 3336 1276 3420 κιβωτοῦ
1290 3326 1350 3394 θύ-

104 3442 147 3480 τω
173 3414 272 3497 αὐτῆς.
304 3417 397 3481 mnae
421 3414 493 3491 τούς
516 3416 710 3503 ποδιστῆρας,
746 3441 827 3493 οντες
838 3412 968 3504 μόσχους
987 3420 1038 3483 καὶ
1050 3413 1191 3505 πρόβατα
1204 3423 1234 3479 οἳ
1246 3412 1299 3480 ούκ
1314 3412 1350 3479 ἀ-

102 3499 237 3576 καὶτοὺς
252 3498 499 3583 ἀναλημπτῆρας,
518 3500 649 3574 καὶτοὺς
661 3500 710 3563 λέ·
747 3497 986 3589 ρεθμηθῆοονται
998 3505 1049 3569 καὶ
1062 3511 1094 3569 οἳ
1104 3499 1139 3568 οῦ
1154 3495 1351 3582 λογισθῆσον-

102 3589 194 3687 βητας
217 3586 269 3648 καί
290 3580 344 3657 τάς
366 3579 519 3668 κρεάγρας,
536 3587 587 3649 καί
608 3579 711 3649 πάντα
747 3613 796 3652 ται
809 3585 939 3654 ἀπὸτοῦ
956 3583 1105 3690 πλῆθους.
1146 3586 1223 3651 2καὶ
1235 3578 1353 3666 εἰςῆνεγ-

103 3693 142 3731 τα
156 3662 243 3748 σκεύη
258 3665 357 3729 αὐτῶν
369 3663 391 3731 ἀ
400 3670 520 3749 ἐποίησε
532 3665 646 3753 Χιράμ,
660 3667 711 3729 καί
746 3698 803 3737 κοιν
827 3677 859 3738 οἶ
884 3676 968 3758 ἱερεῖς
989 3698 1042 3775 την
1057 3668 1183 3758 κιβωτὸν
1208 3664 1355 3751 διαθήκης

103 3746 237 3835 ἀνῆνεγκε
258 3754 302 3834 τῷ
317 3751 438 3899 βασιλεῖ
448 3750 604 3833 Σαλωμάν
621 3755 651 3817 έν
665 3749 709 3814 οἴ-
746 3760 850 3839 κυρίου
862 3760 901 3829 εἰς
918 3753 970 3819 τὸν
981 3780 1078 3819 τοπον
1091 3752 1237 3833 αὐτῆς,εἰς
1248 3749 1284 3813 τὸ
1299 3753 1353 3815 δοι-

104 3862 148 3919 κῳ
162 3840 265 3940 κυρίου
276 3861 315 3920 χα
335 3839 388 3900 κοῦ
402 3839 552 3921 καθαροῦ.
583 3839 610 3879 22
624 3839 654 3899 έν
665 3835 712 3913 τῷ
745 3839 795 3921 βίρ
808 3841 865 3899 τοῦ
879 3838 966 3899 οίκου
986 3841 1025 3910 είς
1037 3836 1076 3899 τά
1090 3830 1161 3909 tim
1175 3836 1236 3895 τῶν
1249 3830 1353 3912 ἁγίων,

103 3945 257 4005 περιχωρῳ
289 3922 345 3983 τοῦ
371 3914 526 4003 Ἰορδάνου
559 3914 711 4005 ε’χῶνευσεν
748 3913 893 3981 ὑποκάτω
911 3921 972 3980 τῶν
989 3913 1142 3997 πτερύγων
1159 3919 1219 3979 τῶν
1233 3923 1354 4003 Χερου-

105 4002 182 4068 αῦτά
196 4001 214 4068 ὁ
227 4001 366 4088 βασιλεὺς
382 4007 414 4067 έν
431 4007 476 4084 τῶ
488 4001 575 4107 πάχει
593 4006 645 4083 τῆς
656 4000 710 4079 γῆς
745 4003 804 4086 βίμ.
830 3999 910 4062 8καὶ
927 3988 963 4082 ῆν
979 3995 1020 4062 τά
1040 4002 1194 4083 Χερουβὶμ
1212 4000 1354 4067 διαπιστε-

104 4091 134 4150 ἓν
145 4089 217 4168 οἴκῳ
230 4084 364 4170 Σοκχῶθ
381 4089 432 4150 καὶ
444 4085 590 4168 ἀναμεσον
606 4089 710 4161 Σαρη-
747 4078 865 4146 τακάτα
876 4080 932 4155 τάς
950 4083 1102 4166 πτέρυγας
1120 4080 1220 4145 αὐτῶν
1237 4087 1288 4148 ἐπὶ
1301 4086 1354 4150 τὸν

103 4168 194 4237 δαθά.
222 4172 249 4212 22
263 4173 314 4234 καὶ
326 4173 448 4252 ἐποίησε
459 4163 619 4248 Σαλωμῶν
631 4160 710 4228 πάν·
746 4161 841 4230 τύπον
853 4167 905 4247 τῆς
917 4167 1059 4249 κιβωτοῦ,
1088 4168 1138 4229 καί
1156 4164 1352 4232 συνεκάλυπτε

103 4278 143 4317 τα
155 4252 194 4320 τά
215 4253 303 4336 σκεύη
321 4255 420 4317 ταῦτα
438 4256 477 4326 είς
493 4250 614 4332 πλῆθος
631 4241 707 4328 σφό-
746 4248 786 4315 τά
800 4249 952 4334 Χερουβὶμ
966 4250 1015 4312 ἐπὶ
1028 4249 1082 4334 την
1091 4248 1227 4336 κιβωτὸν,
1241 4255 1291 4316 καὶ
1303 4254 1353 4316 ἐπὶ

102 4336 170 4419 δρα,
183 4333 230 4401 ὅτι
248 4333 303 4401 οῦκ
320 4335 450 4411 ἐξέλιπεν
467 4330 540 4415 ῦλκῆ
559 4335 617 4396 τοῦ
633 4331 707 4416 χαλ·
746 4329 815 4408 τοὺς
827 4329 986 4414 ἀναφορεῖς
1000 4331 1091 4416 αὐτῆς
1104 4329 1271 4411 έπάνωθεν,
1285 4337 1352 4399 2καί

102 4424 166 4486 κοῦ.
193 4420 223 4461 ¹⁹
235 4421 286 4483 καί
302 4422 425 4503 ἐποίησε
437 4413 596 4496 Σαλωμῶν
607 4415 708 4482 πάντα
747 4415 895 4503 ὑπερεῖχον
907 4419 938 4480 οῖ
947 4413 1178 4506 ἀναφορεῖςχκαὶ
1191 4419 1350 4505 ἐβλέποντο

101 4501 141 4570 τά
154 4497 240 4587 σκεύη
252 4503 335 4568 οἴκου
348 4507 460 4588 κυρίου,
482 4497 581 4566 καὶτὸ
594 4509 705 4568 θυσια-
747 4507 779 4568 αῖ
791 4498 918 4582 κεφαλαὶ
931 4505 992 4567 τῶν
1008 4501 1184 4589 ἀναφορέων
1197 4507 1228 4567 έκ
1241 4506 1302 4568 τῶν
1314 4498 1350 4565 ά-

1279 4589 1350 4664 κίων
