<?xml version="1.0" encoding="UTF-8"?>
<!DOCTYPE html PUBLIC "-//W3C//DTD XHTML 1.0 Transitional//EN"
    "http://www.w3.org/TR/xhtml1/DTD/xhtml1-transitional.dtd">
<html xmlns="http://www.w3.org/1999/xhtml" xml:lang="en" lang="en">
 <head>
  <title>
</title>
<meta http-equiv="Content-Type" content="text/html;charset=utf-8" />
  <meta name='ocr-system' content='tesseract 3.04.00' />
  <meta name='ocr-capabilities' content='ocr_page ocr_carea ocr_par ocr_line ocrx_word'/>
</head>
<body>
  <div class='ocr_page' id='page_1' title='image "./lta-11000/vetustestamentu00essgoog/vetustestamentu00essgoog_0345.png"; bbox 0 0 2924 4972; ppageno 0'>
   <div class='ocr_carea' id='block_1_1' title="bbox 175 217 1204 301">
    <p class='ocr_par' dir='ltr' id='par_1_1' title="bbox 175 217 1204 301">
     <span class='ocr_line' id='line_1_1' title="bbox 175 217 1204 301; baseline -0.011 -7"><span class='ocrx_word' id='word_1_1' title='bbox 175 231 239 294; x_wconf 73' lang='lat'><strong><em>320</em></strong></span> <span class='ocrx_word' id='word_1_2' title='bbox 397 227 693 290; x_wconf 75' lang='grc' dir='ltr'><strong><em>οΑΣιΛσιιιιν</em></strong></span> <span class='ocrx_word' id='word_1_3' title='bbox 722 222 957 287; x_wconf 60' lang='lat' dir='ltr'><strong><em>amm</em></strong></span> <span class='ocrx_word' id='word_1_4' title='bbox 999 227 1076 301; x_wconf 54' lang='lat' dir='ltr'><strong><em>mv.</em></strong></span> <span class='ocrx_word' id='word_1_5' title='bbox 1091 217 1138 297; x_wconf 74' lang='grc' dir='ltr'><strong><em>η’.</em></strong></span> <span class='ocrx_word' id='word_1_6' title='bbox 1154 221 1204 288; x_wconf 81' lang='grc'><strong><em>13.</em></strong></span> 
     </span>
    </p>
   </div>
   <div class='ocr_carea' id='block_1_2' title="bbox 20 319 1418 4633">
    <p class='ocr_par' dir='ltr' id='par_1_2' title="bbox 174 319 1418 1328">
     <span class='ocr_line' id='line_1_2' title="bbox 175 319 1418 425; baseline -0.001 -19"><span class='ocrx_word' id='word_1_7' title='bbox 175 340 309 424; x_wconf 86' lang='grc' dir='ltr'><strong><em>σταθμὸς</em></strong></span> <span class='ocrx_word' id='word_1_8' title='bbox 322 339 417 404; x_wconf 82' lang='grc' dir='ltr'><strong><em>αὐτοῦ</em></strong></span> <span class='ocrx_word' id='word_1_9' title='bbox 426 336 575 403; x_wconf 88' lang='grc' dir='ltr'><strong><em>τάλαντον</em></strong></span> <span class='ocrx_word' id='word_1_10' title='bbox 584 344 715 423; x_wconf 80' lang='grc' dir='ltr'><strong><em>χρυσίου,</em></strong></span> <span class='ocrx_word' id='word_1_11' title='bbox 728 342 779 402; x_wconf 85' lang='grc' dir='ltr'><strong><em>καὶ</em></strong></span> <span class='ocrx_word' id='word_1_12' title='bbox 811 358 887 422; x_wconf 87' lang='grc' dir='ltr'><strong><em>φησε</em></strong></span> <span class='ocrx_word' id='word_1_13' title='bbox 898 336 954 411; x_wconf 89' lang='grc' dir='ltr'><strong><em>τάς</em></strong></span> <span class='ocrx_word' id='word_1_14' title='bbox 966 336 1149 422; x_wconf 74' lang='grc' dir='ltr'><strong><em>κολλυρίδας.</em></strong></span> <span class='ocrx_word' id='word_1_15' title='bbox 1175 339 1191 380; x_wconf 81' lang='lat'>⁹</span> <span class='ocrx_word' id='word_1_16' title='bbox 1213 341 1264 403; x_wconf 84' lang='grc' dir='ltr'><strong><em>καὶ</em></strong></span> <span class='ocrx_word' id='word_1_17' title='bbox 1275 319 1418 425; x_wconf 57' lang='grc' dir='ltr'><strong><em>έλαηῖτδ</em></strong></span> 
     </span>
     <span class='ocr_line' id='line_1_3' title="bbox 175 409 1416 521; baseline -0.001 -33"><span class='ocrx_word' id='word_1_18' title='bbox 175 425 261 488; x_wconf 90' lang='grc' dir='ltr'><strong><em>λίθου</em></strong></span> <span class='ocrx_word' id='word_1_19' title='bbox 273 429 386 504; x_wconf 88' lang='grc' dir='ltr'><strong><em>τιμίου,</em></strong></span> <span class='ocrx_word' id='word_1_20' title='bbox 413 423 464 485; x_wconf 77' lang='grc' dir='ltr'><strong><em>καὶ</em></strong></span> <span class='ocrx_word' id='word_1_21' title='bbox 477 409 513 503; x_wconf 78' lang='grc' dir='ltr'><strong><em>ἦν</em></strong></span> <span class='ocrx_word' id='word_1_22' title='bbox 524 422 575 485; x_wconf 80' lang='grc' dir='ltr'><strong><em>ἐπὶ</em></strong></span> <span class='ocrx_word' id='word_1_23' title='bbox 587 426 640 504; x_wconf 79' lang='grc' dir='ltr'><strong><em>τῆς</em></strong></span> <span class='ocrx_word' id='word_1_24' title='bbox 651 421 779 521; x_wconf 76' lang='grc' dir='ltr'><strong><em>κεφαλῆς</em></strong></span> <span class='ocrx_word' id='word_1_25' title='bbox 810 416 939 503; x_wconf 81' lang='grc' dir='ltr'><strong><em>τηγανον</em></strong></span> <span class='ocrx_word' id='word_1_26' title='bbox 952 422 1004 483; x_wconf 78' lang='grc' dir='ltr'><strong><em>καὶ</em></strong></span> <span class='ocrx_word' id='word_1_27' title='bbox 1013 423 1205 485; x_wconf 87' lang='grc' dir='ltr'><strong><em>κατεκένωσεν</em></strong></span> <span class='ocrx_word' id='word_1_28' title='bbox 1217 417 1343 486; x_wconf 81' lang='grc' dir='ltr'><strong><em>ἐνώπιον</em></strong></span> <span class='ocrx_word' id='word_1_29' title='bbox 1358 419 1416 486; x_wconf 68' lang='grc' dir='ltr'><strong><em>αύν</em></strong></span> 
     </span>
     <span class='ocr_line' id='line_1_4' title="bbox 176 499 1418 586; baseline -0.002 -16"><span class='ocrx_word' id='word_1_30' title='bbox 176 506 281 582; x_wconf 84' lang='grc' dir='ltr'><strong><em>Δαυὶδ,</em></strong></span> <span class='ocrx_word' id='word_1_31' title='bbox 293 508 345 571; x_wconf 79' lang='grc' dir='ltr'><strong><em>καί</em></strong></span> <span class='ocrx_word' id='word_1_32' title='bbox 356 503 450 569; x_wconf 84' lang='grc' dir='ltr'><strong><em>σκῦλα</em></strong></span> <span class='ocrx_word' id='word_1_33' title='bbox 462 509 514 586; x_wconf 78' lang='grc' dir='ltr'><strong><em>τῆς</em></strong></span> <span class='ocrx_word' id='word_1_34' title='bbox 521 499 636 578; x_wconf 84' lang='grc' dir='ltr'><strong><em>πόλεως</em></strong></span> <span class='ocrx_word' id='word_1_35' title='bbox 648 506 778 586; x_wconf 88' lang='grc' dir='ltr'><strong><em>ἐξηνεγκε</em></strong></span> <span class='ocrx_word' id='word_1_36' title='bbox 810 506 868 567; x_wconf 84' lang='grc' dir='ltr'><strong><em>τοῦ</em></strong></span> <span class='ocrx_word' id='word_1_37' title='bbox 871 551 881 579; x_wconf 96' lang='grc'><strong><em>,</em></strong></span> <span class='ocrx_word' id='word_1_38' title='bbox 898 506 949 567; x_wconf 86' lang='grc' dir='ltr'><strong><em>καὶ</em></strong></span> <span class='ocrx_word' id='word_1_39' title='bbox 961 499 1016 568; x_wconf 86' lang='grc' dir='ltr'><strong><em>ούκ</em></strong></span> <span class='ocrx_word' id='word_1_40' title='bbox 1037 500 1162 586; x_wconf 74' lang='grc' dir='ltr'><strong><em>ἢθελησε</em></strong></span> <span class='ocrx_word' id='word_1_41' title='bbox 1174 514 1285 583; x_wconf 84' lang='grc' dir='ltr'><strong><em>φαγεῖν.</em></strong></span> <span class='ocrx_word' id='word_1_42' title='bbox 1312 507 1362 568; x_wconf 77' lang='grc' dir='ltr'><strong><em>καὶ</em></strong></span> <span class='ocrx_word' id='word_1_43' title='bbox 1376 502 1418 567; x_wconf 81' lang='grc' dir='ltr'><strong><em>εἷ-</em></strong></span> 
     </span>
     <span class='ocr_line' id='line_1_5' title="bbox 174 580 1417 672; baseline 0.001 -22"><span class='ocrx_word' id='word_1_44' title='bbox 174 586 273 653; x_wconf 81' lang='grc' dir='ltr'><strong><em>πολλά</em></strong></span> <span class='ocrx_word' id='word_1_45' title='bbox 292 583 417 672; x_wconf 82' lang='grc' dir='ltr'><strong><em>σφόδρα.</em></strong></span> <span class='ocrx_word' id='word_1_46' title='bbox 453 587 544 649; x_wconf 77' lang='grc' dir='ltr'><strong><em>31καί</em></strong></span> <span class='ocrx_word' id='word_1_47' title='bbox 560 585 614 650; x_wconf 85' lang='grc' dir='ltr'><strong><em>τὸν</em></strong></span> <span class='ocrx_word' id='word_1_48' title='bbox 631 583 708 652; x_wconf 83' lang='grc' dir='ltr'><strong><em>λαὸν</em></strong></span> <span class='ocrx_word' id='word_1_49' title='bbox 724 584 779 649; x_wconf 84' lang='grc' dir='ltr'><strong><em>τὸν</em></strong></span> <span class='ocrx_word' id='word_1_50' title='bbox 810 608 863 649; x_wconf 89' lang='grc' dir='ltr'><strong><em>πεν</em></strong></span> <span class='ocrx_word' id='word_1_51' title='bbox 878 580 1001 666; x_wconf 84' lang='grc' dir='ltr'><strong><em>Ἀμνὼν.</em></strong></span> <span class='ocrx_word' id='word_1_52' title='bbox 1028 585 1182 663; x_wconf 80' lang='grc' dir='ltr'><strong><em>ἐξαγάγετε</em></strong></span> <span class='ocrx_word' id='word_1_53' title='bbox 1198 582 1300 652; x_wconf 85' lang='grc' dir='ltr'><strong><em>πάντα</em></strong></span> <span class='ocrx_word' id='word_1_54' title='bbox 1318 585 1417 671; x_wconf 84' lang='grc' dir='ltr'><strong><em>ἀνδρα</em></strong></span> 
     </span>
     <span class='ocr_line' id='line_1_6' title="bbox 175 663 1417 771; baseline -0.002 -37"><span class='ocrx_word' id='word_1_55' title='bbox 175 669 248 734; x_wconf 77' lang='grc' dir='ltr'><strong><em>ὄντα</em></strong></span> <span class='ocrx_word' id='word_1_56' title='bbox 260 673 291 733; x_wconf 90' lang='grc' dir='ltr'><strong><em>ἐν</em></strong></span> <span class='ocrx_word' id='word_1_57' title='bbox 303 668 380 764; x_wconf 71' lang='grc' dir='ltr'><strong><em>αὐτῇ</em></strong></span> <span class='ocrx_word' id='word_1_58' title='bbox 399 663 535 751; x_wconf 73' lang='grc' dir='ltr'><strong><em>ἐξήγαγε,</em></strong></span> <span class='ocrx_word' id='word_1_59' title='bbox 562 669 613 732; x_wconf 77' lang='grc' dir='ltr'><strong><em>καί</em></strong></span> <span class='ocrx_word' id='word_1_60' title='bbox 628 669 735 750; x_wconf 79' lang='grc' dir='ltr'><strong><em>έθηκεν</em></strong></span> <span class='ocrx_word' id='word_1_61' title='bbox 748 671 778 732; x_wconf 76' lang='grc' dir='ltr'><strong><em>ἐν</em></strong></span> <span class='ocrx_word' id='word_1_62' title='bbox 810 664 874 732; x_wconf 85' lang='grc' dir='ltr'><strong><em>ἀπὸ</em></strong></span> <span class='ocrx_word' id='word_1_63' title='bbox 900 663 1059 732; x_wconf 84' lang='grc' dir='ltr'><strong><em>ἐπάνωθέν</em></strong></span> <span class='ocrx_word' id='word_1_64' title='bbox 1080 694 1149 771; x_wconf 87' lang='grc' dir='ltr'><strong><em>μου.</em></strong></span> <span class='ocrx_word' id='word_1_65' title='bbox 1194 670 1247 732; x_wconf 82' lang='grc' dir='ltr'><strong><em>καί</em></strong></span> <span class='ocrx_word' id='word_1_66' title='bbox 1270 664 1417 749; x_wconf 72' lang='grc' dir='ltr'><strong><em>ἐξήγαγον</em></strong></span> 
     </span>
     <span class='ocr_line' id='line_1_7' title="bbox 174 745 1415 837; baseline 0.002 -22"><span class='ocrx_word' id='word_1_67' title='bbox 174 758 218 835; x_wconf 82' lang='grc' dir='ltr'><strong><em>τῷ</em></strong></span> <span class='ocrx_word' id='word_1_68' title='bbox 236 758 335 837; x_wconf 90' lang='grc' dir='ltr'><strong><em>πρίονι</em></strong></span> <span class='ocrx_word' id='word_1_69' title='bbox 352 753 403 816; x_wconf 81' lang='grc' dir='ltr'><strong><em>καί</em></strong></span> <span class='ocrx_word' id='word_1_70' title='bbox 419 753 450 815; x_wconf 85' lang='grc' dir='ltr'><strong><em>ἐν</em></strong></span> <span class='ocrx_word' id='word_1_71' title='bbox 470 763 535 825; x_wconf 85' lang='grc' dir='ltr'><strong><em>τοῖς</em></strong></span> <span class='ocrx_word' id='word_1_72' title='bbox 553 746 699 835; x_wconf 79' lang='grc' dir='ltr'><strong><em>τριβόλοις</em></strong></span> <span class='ocrx_word' id='word_1_73' title='bbox 715 761 779 825; x_wconf 82' lang='grc' dir='ltr'><strong><em>τοῖς</em></strong></span> <span class='ocrx_word' id='word_1_74' title='bbox 809 745 910 814; x_wconf 84' lang='grc' dir='ltr'><strong><em>πάντα</em></strong></span> <span class='ocrx_word' id='word_1_75' title='bbox 923 747 1016 832; x_wconf 87' lang='grc' dir='ltr'><strong><em>ἀνδρα</em></strong></span> <span class='ocrx_word' id='word_1_76' title='bbox 1028 752 1186 814; x_wconf 87' lang='grc' dir='ltr'><strong><em>ἐπανωθεν</em></strong></span> <span class='ocrx_word' id='word_1_77' title='bbox 1199 749 1301 813; x_wconf 77' lang='grc' dir='ltr'><strong><em>αὐτοῦ.</em></strong></span> <span class='ocrx_word' id='word_1_78' title='bbox 1330 752 1415 817; x_wconf 74' lang='grc' dir='ltr'><strong><em>10και</em></strong></span> 
     </span>
     <span class='ocr_line' id='line_1_8' title="bbox 175 827 1414 921; baseline -0.002 -22"><span class='ocrx_word' id='word_1_79' title='bbox 175 836 315 921; x_wconf 80' lang='grc' dir='ltr'><strong><em>σιδηροῖς,</em></strong></span> <span class='ocrx_word' id='word_1_80' title='bbox 328 836 380 898; x_wconf 78' lang='grc' dir='ltr'><strong><em>καί</em></strong></span> <span class='ocrx_word' id='word_1_81' title='bbox 392 829 570 914; x_wconf 82' lang='grc' dir='ltr'><strong><em>ύπστσμεῦσι</em></strong></span> <span class='ocrx_word' id='word_1_82' title='bbox 584 833 648 915; x_wconf 92' lang='grc' dir='ltr'><strong><em>σιδη</em></strong></span> <span class='ocrx_word' id='word_1_83' title='bbox 668 836 779 908; x_wconf 83' lang='grc' dir='ltr'><strong><em>οἴς,καέ</em></strong></span> <span class='ocrx_word' id='word_1_84' title='bbox 809 830 886 920; x_wconf 66' lang='grc' dir='ltr'><strong><em>εἶπεν</em></strong></span> <span class='ocrx_word' id='word_1_85' title='bbox 904 827 1019 914; x_wconf 80' lang='grc' dir='ltr'><strong><em>Ἀμνὼν</em></strong></span> <span class='ocrx_word' id='word_1_86' title='bbox 1035 829 1113 915; x_wconf 79' lang='grc' dir='ltr'><strong><em>πρὸς</em></strong></span> <span class='ocrx_word' id='word_1_87' title='bbox 1135 832 1249 916; x_wconf 83' lang='grc' dir='ltr'><strong><em>Θημάρ.</em></strong></span> <span class='ocrx_word' id='word_1_88' title='bbox 1280 835 1414 909; x_wconf 82' lang='grc' dir='ltr'><strong><em>εέςένεγκε</em></strong></span> 
     </span>
     <span class='ocr_line' id='line_1_9' title="bbox 175 857 1413 998; baseline -0.002 -17"><span class='ocrx_word' id='word_1_89' title='bbox 175 913 310 998; x_wconf 71' lang='grc' dir='ltr'><strong><em>διήγαγεν</em></strong></span> <span class='ocrx_word' id='word_1_90' title='bbox 335 913 444 989; x_wconf 83' lang='grc' dir='ltr'><strong><em>αὐτούς</em></strong></span> <span class='ocrx_word' id='word_1_91' title='bbox 472 913 522 980; x_wconf 79' lang='grc' dir='ltr'><strong><em>διὰ</em></strong></span> <span class='ocrx_word' id='word_1_92' title='bbox 548 918 605 978; x_wconf 83' lang='grc' dir='ltr'><strong><em>τοῦ</em></strong></span> <span class='ocrx_word' id='word_1_93' title='bbox 627 857 776 980; x_wconf 82' lang='grc' dir='ltr'><strong><em>πλινθίου.</em></strong></span> <span class='ocrx_word' id='word_1_94' title='bbox 808 914 846 978; x_wconf 88' lang='grc' dir='ltr'><strong><em>τὸ</em></strong></span> <span class='ocrx_word' id='word_1_95' title='bbox 858 916 964 998; x_wconf 77' lang='grc' dir='ltr'><strong><em>βρῶμα</em></strong></span> <span class='ocrx_word' id='word_1_96' title='bbox 980 917 1019 987; x_wconf 80' lang='grc' dir='ltr'><strong><em>εἰς</em></strong></span> <span class='ocrx_word' id='word_1_97' title='bbox 1038 912 1075 978; x_wconf 86' lang='grc' dir='ltr'><strong><em>τὸ</em></strong></span> <span class='ocrx_word' id='word_1_98' title='bbox 1093 904 1236 996; x_wconf 79' lang='grc' dir='ltr'><strong><em>ταμίεῖον,</em></strong></span> <span class='ocrx_word' id='word_1_99' title='bbox 1250 916 1300 977; x_wconf 84' lang='grc' dir='ltr'><strong><em>καί</em></strong></span> <span class='ocrx_word' id='word_1_100' title='bbox 1313 910 1413 992; x_wconf 92' lang='grc' dir='ltr'><strong><em>φάγο-</em></strong></span> 
     </span>
     <span class='ocr_line' id='line_1_10' title="bbox 174 990 1414 1081; baseline -0.002 -19"><span class='ocrx_word' id='word_1_101' title='bbox 174 1005 224 1064; x_wconf 87' lang='grc' dir='ltr'><strong><em>καὶ</em></strong></span> <span class='ocrx_word' id='word_1_102' title='bbox 236 994 333 1074; x_wconf 82' lang='grc' dir='ltr'><strong><em>ούτως</em></strong></span> <span class='ocrx_word' id='word_1_103' title='bbox 350 1002 468 1081; x_wconf 83' lang='grc' dir='ltr'><strong><em>ἐποίησε</em></strong></span> <span class='ocrx_word' id='word_1_104' title='bbox 486 992 599 1072; x_wconf 89' lang='grc' dir='ltr'><strong><em>πάσαις</em></strong></span> <span class='ocrx_word' id='word_1_105' title='bbox 610 1008 676 1072; x_wconf 91' lang='grc' dir='ltr'><strong><em>ταῖς</em></strong></span> <span class='ocrx_word' id='word_1_106' title='bbox 687 991 777 1063; x_wconf 84' lang='grc' dir='ltr'><strong><em>πάλι-</em></strong></span> <span class='ocrx_word' id='word_1_107' title='bbox 806 1024 860 1079; x_wconf 90' lang='grc' dir='ltr'><strong><em>μαι</em></strong></span> <span class='ocrx_word' id='word_1_108' title='bbox 873 999 905 1060; x_wconf 75' lang='grc' dir='ltr'><strong><em>ἐκ</em></strong></span> <span class='ocrx_word' id='word_1_109' title='bbox 917 999 972 1078; x_wconf 77' lang='grc' dir='ltr'><strong><em>τῆς</em></strong></span> <span class='ocrx_word' id='word_1_110' title='bbox 980 990 1072 1079; x_wconf 84' lang='grc' dir='ltr'><strong><em>χειρός</em></strong></span> <span class='ocrx_word' id='word_1_111' title='bbox 1091 1020 1156 1061; x_wconf 93' lang='grc' dir='ltr'><strong><em>σου.</em></strong></span> <span class='ocrx_word' id='word_1_112' title='bbox 1182 999 1233 1060; x_wconf 86' lang='grc' dir='ltr'><strong><em>καὶ</em></strong></span> <span class='ocrx_word' id='word_1_113' title='bbox 1245 995 1334 1081; x_wconf 84' lang='grc' dir='ltr'><strong><em>ἔλαβε</em></strong></span> <span class='ocrx_word' id='word_1_114' title='bbox 1350 999 1414 1080; x_wconf 90' lang='grc' dir='ltr'><strong><em>Θη-</em></strong></span> 
     </span>
     <span class='ocr_line' id='line_1_11' title="bbox 174 1074 1415 1184; baseline -0.002 -38"><span class='ocrx_word' id='word_1_115' title='bbox 174 1107 220 1146; x_wconf 93' lang='grc' dir='ltr'><strong><em>σιν</em></strong></span> <span class='ocrx_word' id='word_1_116' title='bbox 234 1078 439 1165; x_wconf 82' lang='grc' dir='ltr'><strong><em>υῖῶνἈμμὼν.</em></strong></span> <span class='ocrx_word' id='word_1_117' title='bbox 466 1082 518 1146; x_wconf 80' lang='grc' dir='ltr'><strong><em>καί</em></strong></span> <span class='ocrx_word' id='word_1_118' title='bbox 534 1082 698 1165; x_wconf 76' lang='grc' dir='ltr'><strong><em>ἐπέστρεψε</em></strong></span> <span class='ocrx_word' id='word_1_119' title='bbox 711 1084 777 1145; x_wconf 84' lang='grc' dir='ltr'><strong><em>Δα-</em></strong></span> <span class='ocrx_word' id='word_1_120' title='bbox 806 1075 868 1184; x_wconf 84' lang='grc' dir='ltr'><strong><em>μάρ</em></strong></span> <span class='ocrx_word' id='word_1_121' title='bbox 888 1075 943 1152; x_wconf 87' lang='grc' dir='ltr'><strong><em>τάς</em></strong></span> <span class='ocrx_word' id='word_1_122' title='bbox 959 1076 1136 1163; x_wconf 76' lang='grc' dir='ltr'><strong><em>κολλυρίδας</em></strong></span> <span class='ocrx_word' id='word_1_123' title='bbox 1155 1074 1193 1153; x_wconf 81' lang='grc' dir='ltr'><strong><em>ἀς</em></strong></span> <span class='ocrx_word' id='word_1_124' title='bbox 1206 1082 1336 1160; x_wconf 82' lang='grc' dir='ltr'><strong><em>ἐποίησε,</em></strong></span> <span class='ocrx_word' id='word_1_125' title='bbox 1362 1082 1415 1143; x_wconf 84' lang='grc' dir='ltr'><strong><em>καί</em></strong></span> 
     </span>
     <span class='ocr_line' id='line_1_12' title="bbox 174 1157 1411 1247; baseline -0.002 -20"><span class='ocrx_word' id='word_1_126' title='bbox 174 1164 222 1228; x_wconf 83' lang='grc' dir='ltr'><strong><em>υίδ</em></strong></span> <span class='ocrx_word' id='word_1_127' title='bbox 233 1167 283 1228; x_wconf 81' lang='grc' dir='ltr'><strong><em>καί</em></strong></span> <span class='ocrx_word' id='word_1_128' title='bbox 294 1168 355 1238; x_wconf 81' lang='grc' dir='ltr'><strong><em>πᾶς</em></strong></span> <span class='ocrx_word' id='word_1_129' title='bbox 368 1160 385 1226; x_wconf 89' lang='grc' dir='ltr'>ὁ</span> <span class='ocrx_word' id='word_1_130' title='bbox 399 1160 472 1237; x_wconf 86' lang='grc' dir='ltr'><strong><em>λαὸς</em></strong></span> <span class='ocrx_word' id='word_1_131' title='bbox 484 1167 523 1239; x_wconf 83' lang='grc' dir='ltr'><strong><em>εἰς</em></strong></span> <span class='ocrx_word' id='word_1_132' title='bbox 532 1159 571 1227; x_wconf 86' lang='grc' dir='ltr'><strong><em>Ἱε</em></strong></span> <span class='ocrx_word' id='word_1_133' title='bbox 590 1157 735 1247; x_wconf 75' lang='grc' dir='ltr'><strong><em>ουσαλημ.</em></strong></span> <span class='ocrx_word' id='word_1_134' title='bbox 808 1166 945 1245; x_wconf 78' lang='grc' dir='ltr'><strong><em>είςηνεγκε</em></strong></span> <span class='ocrx_word' id='word_1_135' title='bbox 956 1165 999 1242; x_wconf 78' lang='grc' dir='ltr'><strong><em>τῷ</em></strong></span> <span class='ocrx_word' id='word_1_136' title='bbox 1007 1158 1120 1243; x_wconf 81' lang='grc' dir='ltr'><strong><em>Ἀμνὼν</em></strong></span> <span class='ocrx_word' id='word_1_137' title='bbox 1133 1161 1252 1244; x_wconf 81' lang='grc' dir='ltr'><strong><em>ἀδελφῷ</em></strong></span> <span class='ocrx_word' id='word_1_138' title='bbox 1268 1159 1361 1244; x_wconf 76' lang='grc' dir='ltr'><strong><em>αὐτῆς</em></strong></span> <span class='ocrx_word' id='word_1_139' title='bbox 1373 1167 1411 1235; x_wconf 81' lang='grc' dir='ltr'><strong><em>εἰς</em></strong></span> 
     </span>
     <span class='ocr_line' id='line_1_13' title="bbox 352 1240 1413 1328; baseline -0.003 -18"><span class='ocrx_word' id='word_1_140' title='bbox 352 1251 385 1310; x_wconf 85' lang='grc' dir='ltr'><em>Κ</em></span> <span class='ocrx_word' id='word_1_141' title='bbox 398 1251 476 1309; x_wconf 80' lang='grc' dir='ltr'><strong><em>ΕΦ.</em></strong></span> <span class='ocrx_word' id='word_1_142' title='bbox 519 1252 540 1310; x_wconf 96' lang='lat'><em>1</em></span> <span class='ocrx_word' id='word_1_143' title='bbox 581 1293 589 1308; x_wconf 91' lang='lat'><strong>.</strong></span> <span class='ocrx_word' id='word_1_144' title='bbox 806 1243 860 1309; x_wconf 84' lang='grc' dir='ltr'><strong><em>τὸν</em></strong></span> <span class='ocrx_word' id='word_1_145' title='bbox 871 1248 1009 1310; x_wconf 82' lang='grc' dir='ltr'><strong><em>κοιτῶνα.</em></strong></span> <span class='ocrx_word' id='word_1_146' title='bbox 1033 1249 1059 1287; x_wconf 87' lang='lat'><strong><em>¹¹</em></strong></span> <span class='ocrx_word' id='word_1_147' title='bbox 1072 1248 1123 1310; x_wconf 84' lang='grc' dir='ltr'><strong><em>καὶ</em></strong></span> <span class='ocrx_word' id='word_1_148' title='bbox 1133 1240 1315 1328; x_wconf 76' lang='grc' dir='ltr'><strong><em>προςηγαγεν</em></strong></span> <span class='ocrx_word' id='word_1_149' title='bbox 1328 1243 1413 1326; x_wconf 78' lang='grc' dir='ltr'><strong><em>αὐτῷ</em></strong></span> 
     </span>
    </p>

    <p class='ocr_par' dir='ltr' id='par_1_3' title="bbox 171 1295 1414 2589">
     <span class='ocr_line' id='line_1_14' title="bbox 172 1295 1413 1412; baseline -0.002 -19"><span class='ocrx_word' id='word_1_150' title='bbox 172 1295 256 1394; x_wconf 74' lang='grc' dir='ltr'><strong><em>Καὶ</em></strong></span> <span class='ocrx_word' id='word_1_151' title='bbox 268 1324 394 1412; x_wconf 78' lang='grc' dir='ltr'><strong><em>ἐγενηθη</em></strong></span> <span class='ocrx_word' id='word_1_152' title='bbox 406 1326 479 1410; x_wconf 82' lang='grc' dir='ltr'><strong><em>μετὰ</em></strong></span> <span class='ocrx_word' id='word_1_153' title='bbox 490 1331 587 1392; x_wconf 81' lang='grc' dir='ltr'><strong><em>ταῦτα</em></strong></span> <span class='ocrx_word' id='word_1_154' title='bbox 600 1330 651 1393; x_wconf 80' lang='grc' dir='ltr'><strong><em>καί</em></strong></span> <span class='ocrx_word' id='word_1_155' title='bbox 662 1330 707 1392; x_wconf 80' lang='grc' dir='ltr'><strong><em>τὼ</em></strong></span> <span class='ocrx_word' id='word_1_156' title='bbox 725 1325 778 1393; x_wconf 82' lang='grc' dir='ltr'><strong><em>Ἀ-</em></strong></span> <span class='ocrx_word' id='word_1_157' title='bbox 807 1331 864 1392; x_wconf 80' lang='grc' dir='ltr'><strong><em>τσύ</em></strong></span> <span class='ocrx_word' id='word_1_158' title='bbox 877 1338 990 1410; x_wconf 79' lang='grc' dir='ltr'><strong><em>φαγεῖν,</em></strong></span> <span class='ocrx_word' id='word_1_159' title='bbox 1001 1329 1052 1392; x_wconf 78' lang='grc' dir='ltr'><strong><em>καί</em></strong></span> <span class='ocrx_word' id='word_1_160' title='bbox 1064 1323 1220 1412; x_wconf 80' lang='grc' dir='ltr'><strong><em>ἐπελάβετο</em></strong></span> <span class='ocrx_word' id='word_1_161' title='bbox 1234 1325 1336 1410; x_wconf 75' lang='grc' dir='ltr'><strong><em>αὐτῆς,</em></strong></span> <span class='ocrx_word' id='word_1_162' title='bbox 1362 1329 1413 1391; x_wconf 80' lang='grc' dir='ltr'><strong><em>καὶ</em></strong></span> 
     </span>
     <span class='ocr_line' id='line_1_15' title="bbox 171 1391 1414 1512; baseline -0.003 -36"><span class='ocrx_word' id='word_1_163' title='bbox 171 1412 398 1512; x_wconf 72' lang='grc' dir='ltr'><strong><em>βεσσαλισμυῖιῇ</em></strong></span> <span class='ocrx_word' id='word_1_164' title='bbox 412 1411 510 1475; x_wconf 82' lang='grc' dir='ltr'><strong><em>Δαυὶδ</em></strong></span> <span class='ocrx_word' id='word_1_165' title='bbox 522 1391 776 1494; x_wconf 76' lang='grc' dir='ltr'><strong><em>ἀδιλφηκαλέγτῷ</em></strong></span> <span class='ocrx_word' id='word_1_166' title='bbox 807 1408 985 1491; x_wconf 78' lang='grc' dir='ltr'><strong><em>είπεναύτῆ.</em></strong></span> <span class='ocrx_word' id='word_1_167' title='bbox 1022 1410 1108 1495; x_wconf 78' lang='grc' dir='ltr'><strong><em>δεῦρο</em></strong></span> <span class='ocrx_word' id='word_1_168' title='bbox 1127 1408 1285 1492; x_wconf 76' lang='grc' dir='ltr'><strong><em>κοιμηθητι</em></strong></span> <span class='ocrx_word' id='word_1_169' title='bbox 1302 1408 1361 1491; x_wconf 87' lang='grc' dir='ltr'><strong><em>μετ’</em></strong></span> <span class='ocrx_word' id='word_1_170' title='bbox 1383 1412 1414 1472; x_wconf 82' lang='grc' dir='ltr'><strong><em>ἐ-</em></strong></span> 
     </span>
     <span class='ocr_line' id='line_1_16' title="bbox 173 1478 1411 1593; baseline -0.002 -35"><span class='ocrx_word' id='word_1_171' title='bbox 173 1496 239 1558; x_wconf 85' lang='grc' dir='ltr'><strong><em>είδει</em></strong></span> <span class='ocrx_word' id='word_1_172' title='bbox 252 1493 381 1576; x_wconf 92' lang='grc' dir='ltr'><strong><em>σφοδρα,</em></strong></span> <span class='ocrx_word' id='word_1_173' title='bbox 393 1492 445 1554; x_wconf 76' lang='grc' dir='ltr'><strong><em>καί</em></strong></span> <span class='ocrx_word' id='word_1_174' title='bbox 457 1491 553 1593; x_wconf 76' lang='grc' dir='ltr'><strong><em>ὄνομα</em></strong></span> <span class='ocrx_word' id='word_1_175' title='bbox 565 1492 645 1586; x_wconf 76' lang='grc' dir='ltr'><strong><em>αὐτῇ</em></strong></span> <span class='ocrx_word' id='word_1_176' title='bbox 660 1492 775 1580; x_wconf 84' lang='grc' dir='ltr'><strong><em>Θημάρ,</em></strong></span> <span class='ocrx_word' id='word_1_177' title='bbox 806 1497 864 1575; x_wconf 80' lang='grc' dir='ltr'><strong><em>μού</em></strong></span> <span class='ocrx_word' id='word_1_178' title='bbox 882 1478 995 1575; x_wconf 74' lang='grc' dir='ltr'><strong><em>ἀδελφή</em></strong></span> <span class='ocrx_word' id='word_1_179' title='bbox 1010 1519 1077 1576; x_wconf 92' lang='grc' dir='ltr'><strong><em>μου.</em></strong></span> <span class='ocrx_word' id='word_1_180' title='bbox 1112 1496 1139 1535; x_wconf 85' lang='lat'><strong><em>¹²</em></strong></span> <span class='ocrx_word' id='word_1_181' title='bbox 1152 1495 1203 1557; x_wconf 84' lang='grc' dir='ltr'><strong><em>καὶ</em></strong></span> <span class='ocrx_word' id='word_1_182' title='bbox 1220 1491 1298 1557; x_wconf 80' lang='grc' dir='ltr'><strong><em>εἶπεν</em></strong></span> <span class='ocrx_word' id='word_1_183' title='bbox 1316 1489 1411 1556; x_wconf 80' lang='grc' dir='ltr'><strong><em>αὐτὼ.</em></strong></span> 
     </span>
     <span class='ocr_line' id='line_1_17' title="bbox 173 1557 1411 1658; baseline 0 -18"><span class='ocrx_word' id='word_1_184' title='bbox 173 1576 224 1640; x_wconf 80' lang='grc' dir='ltr'><strong><em>καί</em></strong></span> <span class='ocrx_word' id='word_1_185' title='bbox 236 1570 388 1658; x_wconf 79' lang='grc' dir='ltr'><strong><em>ἠγάπησεν</em></strong></span> <span class='ocrx_word' id='word_1_186' title='bbox 405 1572 498 1656; x_wconf 78' lang='grc' dir='ltr'><strong><em>αύτέην</em></strong></span> <span class='ocrx_word' id='word_1_187' title='bbox 510 1574 623 1657; x_wconf 84' lang='grc' dir='ltr'><strong><em>Αμνὼν</em></strong></span> <span class='ocrx_word' id='word_1_188' title='bbox 636 1574 698 1649; x_wconf 78' lang='grc' dir='ltr'><strong><em>υίὸς</em></strong></span> <span class='ocrx_word' id='word_1_189' title='bbox 710 1582 774 1641; x_wconf 80' lang='grc' dir='ltr'><strong><em>Λα·</em></strong></span> <span class='ocrx_word' id='word_1_190' title='bbox 806 1571 845 1658; x_wconf 77' lang='grc' dir='ltr'><strong><em>μη</em></strong></span> <span class='ocrx_word' id='word_1_191' title='bbox 858 1572 969 1656; x_wconf 77' lang='grc' dir='ltr'><strong><em>ἀδελφέ</em></strong></span> <span class='ocrx_word' id='word_1_192' title='bbox 978 1599 1034 1656; x_wconf 90' lang='grc' dir='ltr'><strong><em>μου</em></strong></span> <span class='ocrx_word' id='word_1_193' title='bbox 1046 1573 1085 1657; x_wconf 76' lang='grc' dir='ltr'><strong><em>μὴ</em></strong></span> <span class='ocrx_word' id='word_1_194' title='bbox 1097 1571 1280 1657; x_wconf 89' lang='grc' dir='ltr'><strong><em>ταπεινὼσης</em></strong></span> <span class='ocrx_word' id='word_1_195' title='bbox 1291 1600 1335 1658; x_wconf 82' lang='grc' dir='ltr'><strong><em>με,</em></strong></span> <span class='ocrx_word' id='word_1_196' title='bbox 1348 1557 1411 1641; x_wconf 81' lang='grc' dir='ltr'><strong><em>διδ-</em></strong></span> 
     </span>
     <span class='ocr_line' id='line_1_18' title="bbox 174 1645 1411 1762; baseline -0.001 -40"><span class='ocrx_word' id='word_1_197' title='bbox 174 1659 230 1722; x_wconf 85' lang='grc' dir='ltr'><strong><em>υίδ.</em></strong></span> <span class='ocrx_word' id='word_1_198' title='bbox 256 1659 336 1722; x_wconf 81' lang='grc' dir='ltr'><strong><em>2καὶ</em></strong></span> <span class='ocrx_word' id='word_1_199' title='bbox 348 1655 483 1740; x_wconf 80' lang='grc' dir='ltr'><strong><em>ἐθλίβετο</em></strong></span> <span class='ocrx_word' id='word_1_200' title='bbox 501 1655 617 1739; x_wconf 81' lang='grc' dir='ltr'><strong><em>Ἀμνὼν</em></strong></span> <span class='ocrx_word' id='word_1_201' title='bbox 635 1654 709 1722; x_wconf 79' lang='grc' dir='ltr'><strong><em>ὼστε</em></strong></span> <span class='ocrx_word' id='word_1_202' title='bbox 722 1656 776 1762; x_wconf 71' lang='grc' dir='ltr'><strong><em>ἀρ-</em></strong></span> <span class='ocrx_word' id='word_1_203' title='bbox 807 1681 834 1720; x_wconf 96' lang='grc' dir='ltr'><strong><em>τι</em></strong></span> <span class='ocrx_word' id='word_1_204' title='bbox 853 1655 889 1722; x_wconf 81' lang='grc' dir='ltr'><strong><em>οὐ</em></strong></span> <span class='ocrx_word' id='word_1_205' title='bbox 907 1654 1103 1742; x_wconf 78' lang='grc' dir='ltr'><strong><em>ποιηθησεται</em></strong></span> <span class='ocrx_word' id='word_1_206' title='bbox 1120 1653 1215 1733; x_wconf 73' lang='grc' dir='ltr'><strong><em>οὕτως</em></strong></span> <span class='ocrx_word' id='word_1_207' title='bbox 1232 1645 1262 1722; x_wconf 83' lang='grc' dir='ltr'><strong><em>ἐν</em></strong></span> <span class='ocrx_word' id='word_1_208' title='bbox 1276 1655 1411 1742; x_wconf 67' lang='grc' dir='ltr'><strong><em>Ἰσραὴλ,</em></strong></span> 
     </span>
     <span class='ocr_line' id='line_1_19' title="bbox 172 1734 1411 1844; baseline 0 -40"><span class='ocrx_word' id='word_1_209' title='bbox 172 1744 295 1828; x_wconf 80' lang='grc' dir='ltr'><strong><em>ῥωστεῖν</em></strong></span> <span class='ocrx_word' id='word_1_210' title='bbox 313 1738 363 1805; x_wconf 87' lang='grc' dir='ltr'><strong><em>διά</em></strong></span> <span class='ocrx_word' id='word_1_211' title='bbox 379 1738 485 1824; x_wconf 84' lang='grc' dir='ltr'><strong><em>Θημάρ</em></strong></span> <span class='ocrx_word' id='word_1_212' title='bbox 503 1739 555 1821; x_wconf 79' lang='grc' dir='ltr'><strong><em>την</em></strong></span> <span class='ocrx_word' id='word_1_213' title='bbox 574 1738 701 1823; x_wconf 69' lang='grc' dir='ltr'><strong><em>ἀδελφὴν</em></strong></span> <span class='ocrx_word' id='word_1_214' title='bbox 720 1767 778 1804; x_wconf 90' lang='grc' dir='ltr'><strong><em>αυ-</em></strong></span> <span class='ocrx_word' id='word_1_215' title='bbox 806 1736 845 1823; x_wconf 77' lang='grc' dir='ltr'><strong><em>μη</em></strong></span> <span class='ocrx_word' id='word_1_216' title='bbox 868 1734 993 1844; x_wconf 77' lang='grc' dir='ltr'><strong><em>ποιησης</em></strong></span> <span class='ocrx_word' id='word_1_217' title='bbox 1017 1738 1070 1824; x_wconf 81' lang='grc' dir='ltr'><strong><em>την</em></strong></span> <span class='ocrx_word' id='word_1_218' title='bbox 1095 1737 1266 1826; x_wconf 75' lang='grc' dir='ltr'><strong><em>ἀφροσύνην</em></strong></span> <span class='ocrx_word' id='word_1_219' title='bbox 1289 1735 1411 1825; x_wconf 88' lang='grc' dir='ltr'><strong><em>ταύτην.</em></strong></span> 
     </span>
     <span class='ocr_line' id='line_1_20' title="bbox 172 1809 1413 1909; baseline 0.002 -23"><span class='ocrx_word' id='word_1_220' title='bbox 172 1826 239 1896; x_wconf 84' lang='grc' dir='ltr'><strong><em>τοῦ,</em></strong></span> <span class='ocrx_word' id='word_1_221' title='bbox 252 1818 300 1885; x_wconf 75' lang='grc' dir='ltr'><strong><em>ὅτι</em></strong></span> <span class='ocrx_word' id='word_1_222' title='bbox 312 1824 465 1906; x_wconf 87' lang='grc' dir='ltr'><strong><em>παρθένος</em></strong></span> <span class='ocrx_word' id='word_1_223' title='bbox 476 1809 513 1905; x_wconf 76' lang='grc' dir='ltr'><strong><em>ἦν</em></strong></span> <span class='ocrx_word' id='word_1_224' title='bbox 525 1817 672 1904; x_wconf 80' lang='grc' dir='ltr'><strong><em>αύτη,καὶ</em></strong></span> <span class='ocrx_word' id='word_1_225' title='bbox 684 1819 777 1909; x_wconf 76' lang='grc' dir='ltr'><strong><em>ὑπέρ·</em></strong></span> <span class='ocrx_word' id='word_1_226' title='bbox 807 1824 898 1888; x_wconf 78' lang='grc' dir='ltr'><strong><em>13καὶ</em></strong></span> <span class='ocrx_word' id='word_1_227' title='bbox 922 1826 980 1899; x_wconf 88' lang='grc' dir='ltr'><strong><em>ἐγω</em></strong></span> <span class='ocrx_word' id='word_1_228' title='bbox 1005 1827 1068 1888; x_wconf 83' lang='grc' dir='ltr'><strong><em>πού</em></strong></span> <span class='ocrx_word' id='word_1_229' title='bbox 1092 1821 1212 1888; x_wconf 86' lang='grc' dir='ltr'><strong><em>ἀποίσω</em></strong></span> <span class='ocrx_word' id='word_1_230' title='bbox 1238 1822 1275 1887; x_wconf 86' lang='grc' dir='ltr'><strong><em>τὸ</em></strong></span> <span class='ocrx_word' id='word_1_231' title='bbox 1302 1819 1413 1898; x_wconf 76' lang='grc' dir='ltr'><strong><em>ὄνειδός</em></strong></span> 
     </span>
     <span class='ocr_line' id='line_1_21' title="bbox 173 1900 1413 2007; baseline 0.001 -38"><span class='ocrx_word' id='word_1_232' title='bbox 173 1926 260 1980; x_wconf 91' lang='grc' dir='ltr'><strong><em>ογκον</em></strong></span> <span class='ocrx_word' id='word_1_233' title='bbox 272 1906 303 1968; x_wconf 85' lang='grc' dir='ltr'><strong><em>ἐν</em></strong></span> <span class='ocrx_word' id='word_1_234' title='bbox 315 1900 485 2007; x_wconf 68' lang='grc' dir='ltr'><strong><em>δφθαλμοῖη</em></strong></span> <span class='ocrx_word' id='word_1_235' title='bbox 492 1901 606 1984; x_wconf 84' lang='grc' dir='ltr'><em>Ἀμνὼν</em></span> <span class='ocrx_word' id='word_1_236' title='bbox 618 1908 675 1968; x_wconf 83' lang='grc' dir='ltr'><strong><em>τοῦ</em></strong></span> <span class='ocrx_word' id='word_1_237' title='bbox 687 1912 775 1990; x_wconf 79' lang='grc' dir='ltr'><strong><em>ποιῆ-</em></strong></span> <span class='ocrx_word' id='word_1_238' title='bbox 806 1931 863 1990; x_wconf 91' lang='grc' dir='ltr'><strong><em>μου</em></strong></span> <span class='ocrx_word' id='word_1_239' title='bbox 867 1933 879 1985; x_wconf 89' lang='grc'><strong><em>,·</em></strong></span> <span class='ocrx_word' id='word_1_240' title='bbox 903 1910 953 1970; x_wconf 79' lang='grc' dir='ltr'><strong><em>καί</em></strong></span> <span class='ocrx_word' id='word_1_241' title='bbox 967 1901 1004 1970; x_wconf 84' lang='grc' dir='ltr'><strong><em>σύ</em></strong></span> <span class='ocrx_word' id='word_1_242' title='bbox 1019 1908 1073 1987; x_wconf 88' lang='grc' dir='ltr'><strong><em>έση</em></strong></span> <span class='ocrx_word' id='word_1_243' title='bbox 1091 1904 1132 1981; x_wconf 85' lang='grc' dir='ltr'><strong><em>ὡς</em></strong></span> <span class='ocrx_word' id='word_1_244' title='bbox 1144 1906 1183 1980; x_wconf 87' lang='grc' dir='ltr'><strong><em>είς</em></strong></span> <span class='ocrx_word' id='word_1_245' title='bbox 1194 1911 1254 1970; x_wconf 84' lang='grc' dir='ltr'><strong><em>τῶν</em></strong></span> <span class='ocrx_word' id='word_1_246' title='bbox 1271 1901 1413 1991; x_wconf 79' lang='grc' dir='ltr'><strong><em>ἀφρόνων</em></strong></span> 
     </span>
     <span class='ocr_line' id='line_1_22' title="bbox 174 1976 1413 2079; baseline 0.003 -28"><span class='ocrx_word' id='word_1_247' title='bbox 174 1991 228 2051; x_wconf 88' lang='grc' dir='ltr'><strong><em>σαί</em></strong></span> <span class='ocrx_word' id='word_1_248' title='bbox 238 2010 266 2049; x_wconf 92' lang='grc' dir='ltr'><strong><em>τι</em></strong></span> <span class='ocrx_word' id='word_1_249' title='bbox 279 1983 367 2079; x_wconf 72' lang='grc' dir='ltr'><strong><em>αὐτῇ.</em></strong></span> <span class='ocrx_word' id='word_1_250' title='bbox 380 1987 394 2028; x_wconf 83' lang='lat'>³</span> <span class='ocrx_word' id='word_1_251' title='bbox 406 1988 456 2051; x_wconf 80' lang='grc' dir='ltr'><strong><em>καὶ</em></strong></span> <span class='ocrx_word' id='word_1_252' title='bbox 468 2012 504 2069; x_wconf 94' lang='grc' dir='ltr'><strong><em>ην</em></strong></span> <span class='ocrx_word' id='word_1_253' title='bbox 516 1991 561 2069; x_wconf 77' lang='grc' dir='ltr'><strong><em>τῷ</em></strong></span> <span class='ocrx_word' id='word_1_254' title='bbox 567 1984 682 2070; x_wconf 82' lang='grc' dir='ltr'><em>Ἀμνὼν</em></span> <span class='ocrx_word' id='word_1_255' title='bbox 694 1989 776 2054; x_wconf 83' lang='grc' dir='ltr'><strong><em>ἑταῖ-</em></strong></span> <span class='ocrx_word' id='word_1_256' title='bbox 808 1992 839 2053; x_wconf 84' lang='grc' dir='ltr'><strong><em>ἐν</em></strong></span> <span class='ocrx_word' id='word_1_257' title='bbox 847 1984 979 2071; x_wconf 81' lang='grc' dir='ltr'><strong><em>Ἰσραηλ.</em></strong></span> <span class='ocrx_word' id='word_1_258' title='bbox 1004 1976 1060 2052; x_wconf 79' lang='grc' dir='ltr'><strong><em>καί</em></strong></span> <span class='ocrx_word' id='word_1_259' title='bbox 1068 1993 1120 2053; x_wconf 80' lang='grc' dir='ltr'><strong><em>νῦν</em></strong></span> <span class='ocrx_word' id='word_1_260' title='bbox 1139 1987 1274 2071; x_wconf 89' lang='grc' dir='ltr'><strong><em>λάλησον</em></strong></span> <span class='ocrx_word' id='word_1_261' title='bbox 1286 1986 1323 2072; x_wconf 79' lang='grc' dir='ltr'><strong><em>δη</em></strong></span> <span class='ocrx_word' id='word_1_262' title='bbox 1335 1988 1413 2076; x_wconf 89' lang='grc' dir='ltr'><strong><em>πρὸς</em></strong></span> 
     </span>
     <span class='ocr_line' id='line_1_23' title="bbox 172 2066 1413 2172; baseline 0.004 -39"><span class='ocrx_word' id='word_1_263' title='bbox 172 2094 234 2154; x_wconf 88' lang='grc' dir='ltr'><strong><em>ρος,</em></strong></span> <span class='ocrx_word' id='word_1_264' title='bbox 258 2071 308 2141; x_wconf 82' lang='grc' dir='ltr'><strong><em>καὶ</em></strong></span> <span class='ocrx_word' id='word_1_265' title='bbox 321 2068 414 2172; x_wconf 82' lang='grc' dir='ltr'><strong><em>ὄνομα</em></strong></span> <span class='ocrx_word' id='word_1_266' title='bbox 433 2067 516 2152; x_wconf 80' lang='grc' dir='ltr'><strong><em>αὐτῷ</em></strong></span> <span class='ocrx_word' id='word_1_267' title='bbox 530 2067 686 2157; x_wconf 79' lang='grc' dir='ltr'><strong><em>Ἰωναδάβ,</em></strong></span> <span class='ocrx_word' id='word_1_268' title='bbox 711 2071 776 2147; x_wconf 80' lang='grc' dir='ltr'><strong><em>υίὸς</em></strong></span> <span class='ocrx_word' id='word_1_269' title='bbox 807 2068 1009 2156; x_wconf 78' lang='grc' dir='ltr'><strong><em>τὸνβασιλέα,</em></strong></span> <span class='ocrx_word' id='word_1_270' title='bbox 1033 2066 1080 2135; x_wconf 79' lang='grc' dir='ltr'><strong><em>ὅτι</em></strong></span> <span class='ocrx_word' id='word_1_271' title='bbox 1094 2069 1130 2135; x_wconf 84' lang='grc' dir='ltr'><strong><em>οὐ</em></strong></span> <span class='ocrx_word' id='word_1_272' title='bbox 1142 2070 1181 2155; x_wconf 76' lang='grc' dir='ltr'><strong><em>μὴ</em></strong></span> <span class='ocrx_word' id='word_1_273' title='bbox 1195 2067 1313 2153; x_wconf 89' lang='grc' dir='ltr'><strong><em>κωλύση</em></strong></span> <span class='ocrx_word' id='word_1_274' title='bbox 1325 2097 1360 2153; x_wconf 89' lang='grc' dir='ltr'><strong><em>με</em></strong></span> <span class='ocrx_word' id='word_1_275' title='bbox 1372 2070 1413 2138; x_wconf 88' lang='grc' dir='ltr'><strong><em>ἀ-</em></strong></span> 
     </span>
     <span class='ocr_line' id='line_1_24' title="bbox 172 2143 1412 2238; baseline 0.006 -22"><span class='ocrx_word' id='word_1_276' title='bbox 172 2148 286 2232; x_wconf 85' lang='grc' dir='ltr'><strong><em>Σαμαά</em></strong></span> <span class='ocrx_word' id='word_1_277' title='bbox 298 2155 354 2215; x_wconf 84' lang='grc' dir='ltr'><strong><em>τοῦ</em></strong></span> <span class='ocrx_word' id='word_1_278' title='bbox 366 2151 496 2233; x_wconf 78' lang='grc' dir='ltr'><strong><em>αδελφοῡ</em></strong></span> <span class='ocrx_word' id='word_1_279' title='bbox 509 2154 612 2218; x_wconf 84' lang='grc' dir='ltr'><strong><em>Δαυίδ.</em></strong></span> <span class='ocrx_word' id='word_1_280' title='bbox 647 2157 699 2219; x_wconf 81' lang='grc' dir='ltr'><strong><em>καί</em></strong></span> <span class='ocrx_word' id='word_1_281' title='bbox 708 2151 776 2219; x_wconf 87' lang='grc' dir='ltr'><strong><em>Ἰω-</em></strong></span> <span class='ocrx_word' id='word_1_282' title='bbox 806 2150 849 2218; x_wconf 90' lang='grc' dir='ltr'><strong><em>πδ</em></strong></span> <span class='ocrx_word' id='word_1_283' title='bbox 864 2156 927 2218; x_wconf 81' lang='grc' dir='ltr'><strong><em>σού.</em></strong></span> <span class='ocrx_word' id='word_1_284' title='bbox 953 2154 982 2196; x_wconf 82' lang='lat'><strong><em>¹⁴</em></strong></span> <span class='ocrx_word' id='word_1_285' title='bbox 994 2157 1046 2218; x_wconf 83' lang='grc' dir='ltr'><strong><em>καὶ</em></strong></span> <span class='ocrx_word' id='word_1_286' title='bbox 1064 2151 1119 2218; x_wconf 87' lang='grc' dir='ltr'><strong><em>οάκ</em></strong></span> <span class='ocrx_word' id='word_1_287' title='bbox 1137 2153 1283 2238; x_wconf 69' lang='grc' dir='ltr'><strong><em>ἠθέλησεν</em></strong></span> <span class='ocrx_word' id='word_1_288' title='bbox 1296 2143 1412 2237; x_wconf 71' lang='grc' dir='ltr'><strong><em>Ἀμνὼν</em></strong></span> 
     </span>
     <span class='ocr_line' id='line_1_25' title="bbox 172 2230 1411 2337; baseline 0.005 -39"><span class='ocrx_word' id='word_1_289' title='bbox 172 2231 274 2320; x_wconf 79' lang='grc' dir='ltr'><strong><em>ναδάβ,</em></strong></span> <span class='ocrx_word' id='word_1_290' title='bbox 298 2230 371 2320; x_wconf 72' lang='grc' dir='ltr'><strong><em>ἀνὴρ</em></strong></span> <span class='ocrx_word' id='word_1_291' title='bbox 385 2233 476 2316; x_wconf 86' lang='grc' dir='ltr'><strong><em>σοφὸς</em></strong></span> <span class='ocrx_word' id='word_1_292' title='bbox 489 2232 617 2322; x_wconf 90' lang='grc' dir='ltr'><strong><em>σφόδρα,</em></strong></span> <span class='ocrx_word' id='word_1_293' title='bbox 642 2236 722 2303; x_wconf 70' lang='grc' dir='ltr'><strong><em>4καί</em></strong></span> <span class='ocrx_word' id='word_1_294' title='bbox 735 2236 776 2303; x_wconf 83' lang='grc' dir='ltr'><strong><em>εί·</em></strong></span> <span class='ocrx_word' id='word_1_295' title='bbox 806 2241 860 2300; x_wconf 83' lang='grc' dir='ltr'><strong><em>τοῦ</em></strong></span> <span class='ocrx_word' id='word_1_296' title='bbox 885 2233 1013 2304; x_wconf 82' lang='grc' dir='ltr'><strong><em>ἀκοῦσαι</em></strong></span> <span class='ocrx_word' id='word_1_297' title='bbox 1037 2241 1089 2337; x_wconf 80' lang='grc' dir='ltr'><strong><em>της</em></strong></span> <span class='ocrx_word' id='word_1_298' title='bbox 1111 2242 1210 2322; x_wconf 82' lang='grc' dir='ltr'><strong><em>φωνης</em></strong></span> <span class='ocrx_word' id='word_1_299' title='bbox 1233 2235 1334 2319; x_wconf 76' lang='grc' dir='ltr'><strong><em>αὐτῆς.</em></strong></span> <span class='ocrx_word' id='word_1_300' title='bbox 1360 2243 1411 2305; x_wconf 78' lang='grc' dir='ltr'><strong><em>καί</em></strong></span> 
     </span>
     <span class='ocr_line' id='line_1_26' title="bbox 171 2314 1412 2405; baseline 0.004 -24"><span class='ocrx_word' id='word_1_301' title='bbox 171 2342 225 2382; x_wconf 91' lang='grc' dir='ltr'><strong><em>πεν</em></strong></span> <span class='ocrx_word' id='word_1_302' title='bbox 237 2314 329 2400; x_wconf 76' lang='grc' dir='ltr'><strong><em>αὐτῷ.</em></strong></span> <span class='ocrx_word' id='word_1_303' title='bbox 355 2324 387 2383; x_wconf 87' lang='grc' dir='ltr'><strong><em>τί</em></strong></span> <span class='ocrx_word' id='word_1_304' title='bbox 397 2344 444 2384; x_wconf 91' lang='grc' dir='ltr'><strong><em>σοι</em></strong></span> <span class='ocrx_word' id='word_1_305' title='bbox 461 2315 508 2383; x_wconf 83' lang='grc' dir='ltr'><strong><em>δ’τι</em></strong></span> <span class='ocrx_word' id='word_1_306' title='bbox 521 2318 558 2383; x_wconf 86' lang='grc' dir='ltr'><strong><em>σύ</em></strong></span> <span class='ocrx_word' id='word_1_307' title='bbox 574 2316 670 2396; x_wconf 71' lang='grc' dir='ltr'><strong><em>οὕτως</em></strong></span> <span class='ocrx_word' id='word_1_308' title='bbox 682 2318 776 2385; x_wconf 86' lang='grc' dir='ltr'><strong><em>ἀσθε-</em></strong></span> <span class='ocrx_word' id='word_1_309' title='bbox 806 2321 1001 2404; x_wconf 81' lang='grc' dir='ltr'><strong><em>ἐκραταίωσεν</em></strong></span> <span class='ocrx_word' id='word_1_310' title='bbox 1014 2317 1088 2405; x_wconf 77' lang='grc' dir='ltr'><strong><em>ὑπερ</em></strong></span> <span class='ocrx_word' id='word_1_311' title='bbox 1103 2317 1214 2403; x_wconf 76' lang='grc' dir='ltr'><strong><em>αὐτὴν,</em></strong></span> <span class='ocrx_word' id='word_1_312' title='bbox 1230 2324 1281 2385; x_wconf 85' lang='grc' dir='ltr'><strong><em>καὶ</em></strong></span> <span class='ocrx_word' id='word_1_313' title='bbox 1293 2325 1412 2387; x_wconf 86' lang='grc' dir='ltr'><strong><em>ἐταπεί-</em></strong></span> 
     </span>
     <span class='ocr_line' id='line_1_27' title="bbox 172 2397 1410 2505; baseline 0.001 -40"><span class='ocrx_word' id='word_1_314' title='bbox 172 2397 221 2502; x_wconf 78' lang='grc' dir='ltr'><strong><em>νέης</em></strong></span> <span class='ocrx_word' id='word_1_315' title='bbox 239 2398 285 2466; x_wconf 74' lang='grc' dir='ltr'><strong><em>υἱὲ</em></strong></span> <span class='ocrx_word' id='word_1_316' title='bbox 303 2405 358 2467; x_wconf 83' lang='grc' dir='ltr'><strong><em>τοῦ</em></strong></span> <span class='ocrx_word' id='word_1_317' title='bbox 374 2401 520 2487; x_wconf 78' lang='grc' dir='ltr'><strong><em>βασιλέως</em></strong></span> <span class='ocrx_word' id='word_1_318' title='bbox 544 2403 667 2485; x_wconf 83' lang='grc' dir='ltr'><strong><em>τοπρωῒ</em></strong></span> <span class='ocrx_word' id='word_1_319' title='bbox 679 2406 775 2489; x_wconf 56' lang='grc' dir='ltr'><strong><em>πρωέζ·</em></strong></span> <span class='ocrx_word' id='word_1_320' title='bbox 805 2425 895 2468; x_wconf 85' lang='grc' dir='ltr'><strong><em>νωσεν</em></strong></span> <span class='ocrx_word' id='word_1_321' title='bbox 908 2400 1069 2486; x_wconf 76' lang='grc' dir='ltr'><strong><em>αύτην,καὶ</em></strong></span> <span class='ocrx_word' id='word_1_322' title='bbox 1080 2399 1224 2505; x_wconf 73' lang='grc' dir='ltr'><strong><em>ἐκοιμήθη</em></strong></span> <span class='ocrx_word' id='word_1_323' title='bbox 1234 2401 1292 2486; x_wconf 87' lang='grc' dir='ltr'><strong><em>μετ’</em></strong></span> <span class='ocrx_word' id='word_1_324' title='bbox 1309 2401 1410 2488; x_wconf 77' lang='grc' dir='ltr'><strong><em>αὐτῆς.</em></strong></span> 
     </span>
     <span class='ocr_line' id='line_1_28' title="bbox 172 2482 1409 2589; baseline 0.003 -41"><span class='ocrx_word' id='word_1_325' title='bbox 172 2510 227 2548; x_wconf 85' lang='grc' dir='ltr'><strong><em>ουκ</em></strong></span> <span class='ocrx_word' id='word_1_326' title='bbox 240 2482 432 2563; x_wconf 78' lang='grc' dir='ltr'><strong><em>ἀπαγγέλλεις</em></strong></span> <span class='ocrx_word' id='word_1_327' title='bbox 443 2511 510 2567; x_wconf 70' lang='grc' dir='ltr'><strong><em>μοις</em></strong></span> <span class='ocrx_word' id='word_1_328' title='bbox 536 2488 586 2550; x_wconf 81' lang='grc' dir='ltr'><strong><em>καὶ</em></strong></span> <span class='ocrx_word' id='word_1_329' title='bbox 599 2486 678 2552; x_wconf 79' lang='grc' dir='ltr'><strong><em>εἶπεν</em></strong></span> <span class='ocrx_word' id='word_1_330' title='bbox 691 2485 775 2570; x_wconf 73' lang='grc' dir='ltr'><strong><em>αύτῷ</em></strong></span> <span class='ocrx_word' id='word_1_331' title='bbox 806 2486 898 2550; x_wconf 74' lang='grc' dir='ltr'><strong><em>16καί</em></strong></span> <span class='ocrx_word' id='word_1_332' title='bbox 921 2488 1054 2571; x_wconf 74' lang='grc' dir='ltr'><strong><em>ἐμίσησεν</em></strong></span> <span class='ocrx_word' id='word_1_333' title='bbox 1077 2484 1170 2568; x_wconf 80' lang='grc' dir='ltr'><strong><em>αὐτην</em></strong></span> <span class='ocrx_word' id='word_1_334' title='bbox 1187 2484 1301 2589; x_wconf 83' lang='grc' dir='ltr'><em>Ἀμνὼν</em></span> <span class='ocrx_word' id='word_1_335' title='bbox 1323 2497 1409 2570; x_wconf 82' lang='grc' dir='ltr'><strong><em>μῖσος</em></strong></span> 
     </span>
    </p>

    <p class='ocr_par' dir='ltr' id='par_1_4' title="bbox 168 2563 1407 2672">
     <span class='ocr_line' id='line_1_29' title="bbox 168 2563 1407 2672; baseline 0.002 -42"><span class='ocrx_word' id='word_1_336' title='bbox 168 2563 288 2647; x_wconf 80' lang='grc' dir='ltr'><strong><em>Ἀμνὼν.</em></strong></span> <span class='ocrx_word' id='word_1_337' title='bbox 312 2566 417 2654; x_wconf 86' lang='grc' dir='ltr'><strong><em>Θημάρ</em></strong></span> <span class='ocrx_word' id='word_1_338' title='bbox 430 2566 484 2652; x_wconf 79' lang='grc' dir='ltr'><strong><em>την</em></strong></span> <span class='ocrx_word' id='word_1_339' title='bbox 493 2565 775 2672; x_wconf 35' lang='grc' dir='ltr'><strong><em>,ἀδελφὴνἈηλισσα-</em></strong></span> <span class='ocrx_word' id='word_1_340' title='bbox 805 2571 882 2650; x_wconf 85' lang='grc' dir='ltr'><strong><em>μέγα</em></strong></span> <span class='ocrx_word' id='word_1_341' title='bbox 894 2566 1026 2654; x_wconf 88' lang='grc' dir='ltr'><strong><em>σφόδρα,</em></strong></span> <span class='ocrx_word' id='word_1_342' title='bbox 1052 2566 1099 2636; x_wconf 78' lang='grc' dir='ltr'><strong><em>ὅτι</em></strong></span> <span class='ocrx_word' id='word_1_343' title='bbox 1112 2573 1187 2650; x_wconf 89' lang='grc' dir='ltr'><strong><em>μέγα</em></strong></span> <span class='ocrx_word' id='word_1_344' title='bbox 1199 2595 1235 2634; x_wconf 89' lang='grc' dir='ltr'><strong><em>το</em></strong></span> <span class='ocrx_word' id='word_1_345' title='bbox 1248 2581 1335 2649; x_wconf 88' lang='grc' dir='ltr'><strong><em>μῖσος</em></strong></span> <span class='ocrx_word' id='word_1_346' title='bbox 1347 2565 1367 2633; x_wconf 82' lang='grc' dir='ltr'><strong><em>δ</em></strong></span> <span class='ocrx_word' id='word_1_347' title='bbox 1379 2574 1407 2634; x_wconf 85' lang='grc' dir='ltr'><strong><em>ἐ-</em></strong></span> 
     </span>
    </p>

    <p class='ocr_par' dir='ltr' id='par_1_5' title="bbox 170 2647 1408 2737">
     <span class='ocr_line' id='line_1_30' title="bbox 170 2647 1408 2737; baseline 0.004 -25"><span class='ocrx_word' id='word_1_348' title='bbox 170 2647 235 2729; x_wconf 88' lang='grc' dir='ltr'><strong><em>λὼμ</em></strong></span> <span class='ocrx_word' id='word_1_349' title='bbox 258 2654 315 2714; x_wconf 84' lang='grc' dir='ltr'><strong><em>τοῦ</em></strong></span> <span class='ocrx_word' id='word_1_350' title='bbox 339 2650 470 2732; x_wconf 81' lang='grc' dir='ltr'><strong><em>ἀδελφοῦ</em></strong></span> <span class='ocrx_word' id='word_1_351' title='bbox 490 2677 550 2734; x_wconf 91' lang='grc' dir='ltr'><strong><em>μου</em></strong></span> <span class='ocrx_word' id='word_1_352' title='bbox 573 2651 630 2728; x_wconf 82' lang='grc' dir='ltr'><strong><em>ἐγὼ</em></strong></span> <span class='ocrx_word' id='word_1_353' title='bbox 654 2656 773 2729; x_wconf 81' lang='grc' dir='ltr'><strong><em>αγαπὼ.</em></strong></span> <span class='ocrx_word' id='word_1_354' title='bbox 804 2657 923 2735; x_wconf 86' lang='grc' dir='ltr'><strong><em>μίσησεν</em></strong></span> <span class='ocrx_word' id='word_1_355' title='bbox 946 2653 1039 2737; x_wconf 76' lang='grc' dir='ltr'><strong><em>αὖτέην</em></strong></span> <span class='ocrx_word' id='word_1_356' title='bbox 1061 2650 1135 2735; x_wconf 78' lang='grc' dir='ltr'><strong><em>ὑπὲρ</em></strong></span> <span class='ocrx_word' id='word_1_357' title='bbox 1158 2649 1213 2735; x_wconf 79' lang='grc' dir='ltr'><strong><em>την</em></strong></span> <span class='ocrx_word' id='word_1_358' title='bbox 1232 2647 1352 2736; x_wconf 88' lang='grc' dir='ltr'><strong><em>ἀγάπην</em></strong></span> <span class='ocrx_word' id='word_1_359' title='bbox 1374 2649 1408 2736; x_wconf 78' lang='grc' dir='ltr'><strong><em>ἢν</em></strong></span> 
     </span>
    </p>

    <p class='ocr_par' dir='ltr' id='par_1_6' title="bbox 170 2729 1408 2836">
     <span class='ocr_line' id='line_1_31' title="bbox 170 2729 1408 2836; baseline 0.006 -43"><span class='ocrx_word' id='word_1_360' title='bbox 170 2731 248 2794; x_wconf 69' lang='grc' dir='ltr'><strong><em>5καὶ</em></strong></span> <span class='ocrx_word' id='word_1_361' title='bbox 261 2730 337 2794; x_wconf 85' lang='grc' dir='ltr'><strong><em>είπεν</em></strong></span> <span class='ocrx_word' id='word_1_362' title='bbox 349 2730 435 2813; x_wconf 76' lang='grc' dir='ltr'><strong><em>αὐτῷ</em></strong></span> <span class='ocrx_word' id='word_1_363' title='bbox 443 2729 596 2819; x_wconf 78' lang='grc' dir='ltr'><strong><em>Ἰωναδάβ.</em></strong></span> <span class='ocrx_word' id='word_1_364' title='bbox 617 2734 773 2818; x_wconf 77' lang='grc' dir='ltr'><strong><em>κοιμηθητι</em></strong></span> <span class='ocrx_word' id='word_1_365' title='bbox 804 2730 954 2836; x_wconf 75' lang='grc' dir='ltr'><strong><em>ηγάπησεν</em></strong></span> <span class='ocrx_word' id='word_1_366' title='bbox 967 2733 1076 2819; x_wconf 71' lang='grc' dir='ltr'><strong><em>αὐτὴν,</em></strong></span> <span class='ocrx_word' id='word_1_367' title='bbox 1101 2732 1149 2798; x_wconf 79' lang='grc' dir='ltr'><strong><em>ὅτι</em></strong></span> <span class='ocrx_word' id='word_1_368' title='bbox 1166 2737 1269 2817; x_wconf 80' lang='grc' dir='ltr'><strong><em>μείζων</em></strong></span> <span class='ocrx_word' id='word_1_369' title='bbox 1287 2731 1408 2818; x_wconf 76' lang='grc' dir='ltr'><strong><em>ἡκακία</em></strong></span> 
     </span>
    </p>

    <p class='ocr_par' dir='ltr' id='par_1_7' title="bbox 169 2813 1408 2909">
     <span class='ocr_line' id='line_1_32' title="bbox 169 2813 1408 2909; baseline 0.007 -35"><span class='ocrx_word' id='word_1_370' title='bbox 169 2813 220 2875; x_wconf 77' lang='grc' dir='ltr'><strong><em>ἐπὶ</em></strong></span> <span class='ocrx_word' id='word_1_371' title='bbox 233 2815 287 2895; x_wconf 74' lang='grc' dir='ltr'><strong><em>τῆς</em></strong></span> <span class='ocrx_word' id='word_1_372' title='bbox 301 2818 401 2896; x_wconf 85' lang='grc' dir='ltr'><strong><em>κοίτης</em></strong></span> <span class='ocrx_word' id='word_1_373' title='bbox 419 2836 475 2878; x_wconf 92' lang='grc' dir='ltr'><strong><em>σου</em></strong></span> <span class='ocrx_word' id='word_1_374' title='bbox 496 2820 547 2879; x_wconf 82' lang='grc' dir='ltr'><strong><em>καὶ</em></strong></span> <span class='ocrx_word' id='word_1_375' title='bbox 563 2815 773 2900; x_wconf 88' lang='grc' dir='ltr'><strong><em>μαλακίσθητι,</em></strong></span> <span class='ocrx_word' id='word_1_376' title='bbox 805 2844 823 2897; x_wconf 86' lang='grc' dir='ltr'><strong><em>η</em></strong></span> <span class='ocrx_word' id='word_1_377' title='bbox 837 2813 946 2899; x_wconf 82' lang='grc' dir='ltr'><strong><em>ἐσχάτη</em></strong></span> <span class='ocrx_word' id='word_1_378' title='bbox 960 2815 978 2900; x_wconf 77' lang='grc' dir='ltr'><strong><em>ἢ</em></strong></span> <span class='ocrx_word' id='word_1_379' title='bbox 992 2817 1010 2901; x_wconf 78' lang='grc' dir='ltr'><strong><em>η</em></strong></span> <span class='ocrx_word' id='word_1_380' title='bbox 1024 2814 1137 2902; x_wconf 78' lang='grc' dir='ltr'><strong><em>πρώτη.</em></strong></span> <span class='ocrx_word' id='word_1_381' title='bbox 1176 2820 1228 2882; x_wconf 82' lang='grc' dir='ltr'><strong><em>καὶ</em></strong></span> <span class='ocrx_word' id='word_1_382' title='bbox 1241 2815 1318 2881; x_wconf 77' lang='grc' dir='ltr'><strong><em>εἶπεν</em></strong></span> <span class='ocrx_word' id='word_1_383' title='bbox 1330 2816 1408 2909; x_wconf 75' lang='grc' dir='ltr'><strong><em>αὐτῇ</em></strong></span> 
     </span>
    </p>

    <p class='ocr_par' dir='ltr' id='par_1_8' title="bbox 168 2889 1408 2987">
     <span class='ocr_line' id='line_1_33' title="bbox 168 2889 1408 2987; baseline 0.008 -29"><span class='ocrx_word' id='word_1_384' title='bbox 168 2895 220 2958; x_wconf 78' lang='grc' dir='ltr'><strong><em>καί</em></strong></span> <span class='ocrx_word' id='word_1_385' title='bbox 232 2889 415 2969; x_wconf 81' lang='grc' dir='ltr'><strong><em>εἰςελεύσεται</em></strong></span> <span class='ocrx_word' id='word_1_386' title='bbox 428 2893 445 2960; x_wconf 91' lang='grc' dir='ltr'>ὁ</span> <span class='ocrx_word' id='word_1_387' title='bbox 457 2892 558 2982; x_wconf 76' lang='grc' dir='ltr'><strong><em>πατήρ</em></strong></span> <span class='ocrx_word' id='word_1_388' title='bbox 569 2923 622 2964; x_wconf 92' lang='grc' dir='ltr'><strong><em>σου</em></strong></span> <span class='ocrx_word' id='word_1_389' title='bbox 635 2904 691 2963; x_wconf 77' lang='grc' dir='ltr'><strong><em>τοῦ</em></strong></span> <span class='ocrx_word' id='word_1_390' title='bbox 705 2901 774 2965; x_wconf 77' lang='grc' dir='ltr'><strong><em>ἰδεῖν</em></strong></span> <span class='ocrx_word' id='word_1_391' title='bbox 799 2894 922 2978; x_wconf 82' lang='grc' dir='ltr'><strong><em>Ἀμνὼν.</em></strong></span> <span class='ocrx_word' id='word_1_392' title='bbox 936 2897 1096 2983; x_wconf 77' lang='grc' dir='ltr'><strong><em>ἀνάστηθι,</em></strong></span> <span class='ocrx_word' id='word_1_393' title='bbox 1109 2903 1159 2966; x_wconf 78' lang='grc' dir='ltr'><strong><em>καὶ</em></strong></span> <span class='ocrx_word' id='word_1_394' title='bbox 1170 2897 1308 2987; x_wconf 82' lang='grc' dir='ltr'><strong><em>πορεύου.</em></strong></span> <span class='ocrx_word' id='word_1_395' title='bbox 1322 2900 1351 2942; x_wconf 77' lang='lat'><strong><em>¹⁶</em></strong></span> <span class='ocrx_word' id='word_1_396' title='bbox 1356 2906 1408 2968; x_wconf 84' lang='grc' dir='ltr'><strong><em>καὶ</em></strong></span> 
     </span>
    </p>

    <p class='ocr_par' dir='ltr' id='par_1_9' title="bbox 168 2975 1406 3070">
     <span class='ocr_line' id='line_1_34' title="bbox 168 2975 1406 3070; baseline 0.006 -30"><span class='ocrx_word' id='word_1_397' title='bbox 168 3003 208 3052; x_wconf 85' lang='grc' dir='ltr'><strong><em>σε,</em></strong></span> <span class='ocrx_word' id='word_1_398' title='bbox 233 2982 284 3043; x_wconf 81' lang='grc' dir='ltr'><strong><em>καί</em></strong></span> <span class='ocrx_word' id='word_1_399' title='bbox 297 2981 368 3063; x_wconf 80' lang='grc' dir='ltr'><strong><em>ἐρεῖς</em></strong></span> <span class='ocrx_word' id='word_1_400' title='bbox 380 2975 455 3064; x_wconf 87' lang='grc' dir='ltr'><strong><em>πρὸς</em></strong></span> <span class='ocrx_word' id='word_1_401' title='bbox 468 2976 570 3060; x_wconf 83' lang='grc' dir='ltr'><strong><em>αὐτόν.</em></strong></span> <span class='ocrx_word' id='word_1_402' title='bbox 608 2980 724 3046; x_wconf 80' lang='grc' dir='ltr'><strong><em>ἐλθέτω</em></strong></span> <span class='ocrx_word' id='word_1_403' title='bbox 737 2978 772 3066; x_wconf 76' lang='grc' dir='ltr'><strong><em>δὴ</em></strong></span> <span class='ocrx_word' id='word_1_404' title='bbox 805 2980 884 3046; x_wconf 86' lang='grc' dir='ltr'><strong><em>είπεν</em></strong></span> <span class='ocrx_word' id='word_1_405' title='bbox 905 2980 990 3065; x_wconf 77' lang='grc' dir='ltr'><strong><em>αὐτῷ</em></strong></span> <span class='ocrx_word' id='word_1_406' title='bbox 1011 2980 1116 3067; x_wconf 84' lang='grc' dir='ltr'><strong><em>Θημάρ</em></strong></span> <span class='ocrx_word' id='word_1_407' title='bbox 1140 2987 1281 3070; x_wconf 73' lang='grc' dir='ltr'><strong><em>περὶτῆς</em></strong></span> <span class='ocrx_word' id='word_1_408' title='bbox 1303 2988 1406 3059; x_wconf 86' lang='grc' dir='ltr'><strong><em>κακίας</em></strong></span> 
     </span>
    </p>

    <p class='ocr_par' dir='ltr' id='par_1_10' title="bbox 184 3055 1406 3153">
     <span class='ocr_line' id='line_1_35' title="bbox 184 3055 1406 3153; baseline 0.006 -29"><span class='ocrx_word' id='word_1_409' title='bbox 184 3143 187 3149; x_wconf 12' lang='lat'>³</span> <span class='ocrx_word' id='word_1_410' title='bbox 217 3055 309 3144; x_wconf 84' lang='grc' dir='ltr'><strong><em>μάρῆ</em></strong></span> <span class='ocrx_word' id='word_1_411' title='bbox 323 3057 518 3145; x_wconf 74' lang='grc' dir='ltr'><strong><em>ἀδελφῆμου,</em></strong></span> <span class='ocrx_word' id='word_1_412' title='bbox 543 3060 773 3147; x_wconf 84' lang='grc' dir='ltr'><strong><em>καέφωμισάτω</em></strong></span> <span class='ocrx_word' id='word_1_413' title='bbox 803 3069 855 3147; x_wconf 76' lang='grc' dir='ltr'><strong><em>τῆς</em></strong></span> <span class='ocrx_word' id='word_1_414' title='bbox 878 3065 1002 3148; x_wconf 80' lang='grc' dir='ltr'><strong><em>μεγάλης</em></strong></span> <span class='ocrx_word' id='word_1_415' title='bbox 1027 3062 1138 3151; x_wconf 80' lang='grc' dir='ltr'><strong><em>ταύτης</em></strong></span> <span class='ocrx_word' id='word_1_416' title='bbox 1151 3063 1226 3152; x_wconf 79' lang='grc' dir='ltr'><strong><em>ὑπὲρ</em></strong></span> <span class='ocrx_word' id='word_1_417' title='bbox 1248 3069 1352 3153; x_wconf 81' lang='grc' dir='ltr'><strong><em>ἑτέραν</em></strong></span> <span class='ocrx_word' id='word_1_418' title='bbox 1373 3063 1406 3151; x_wconf 79' lang='grc' dir='ltr'><strong><em>ἣν</em></strong></span> 
     </span>
    </p>

    <p class='ocr_par' dir='ltr' id='par_1_11' title="bbox 165 3141 1407 3248">
     <span class='ocr_line' id='line_1_36' title="bbox 165 3141 1407 3248; baseline 0.008 -43"><span class='ocrx_word' id='word_1_419' title='bbox 165 3175 193 3231; x_wconf 83' lang='grc' dir='ltr'><strong><em>μ</em></strong></span> <span class='ocrx_word' id='word_1_420' title='bbox 281 3145 292 3205; x_wconf 82' lang='grc' dir='ltr'><strong><em>ἐ</em></strong></span> <span class='ocrx_word' id='word_1_421' title='bbox 314 3141 471 3248; x_wconf 85' lang='grc' dir='ltr'><strong><em>ποιησάτω</em></strong></span> <span class='ocrx_word' id='word_1_422' title='bbox 497 3145 568 3217; x_wconf 54' lang='grc' dir='ltr'><strong><em>,κατ’</em></strong></span> <span class='ocrx_word' id='word_1_423' title='bbox 593 3143 773 3230; x_wconf 84' lang='grc' dir='ltr'><strong><em>ὀφθαλμούς</em></strong></span> <span class='ocrx_word' id='word_1_424' title='bbox 804 3150 948 3230; x_wconf 79' lang='grc' dir='ltr'><strong><em>ἐποίησας</em></strong></span> <span class='ocrx_word' id='word_1_425' title='bbox 964 3148 1021 3229; x_wconf 75' lang='grc' dir='ltr'><strong><em>μετ’</em></strong></span> <span class='ocrx_word' id='word_1_426' title='bbox 1038 3153 1109 3234; x_wconf 82' lang='grc' dir='ltr'><strong><em>ἐμοῦ</em></strong></span> <span class='ocrx_word' id='word_1_427' title='bbox 1126 3154 1182 3215; x_wconf 84' lang='grc' dir='ltr'><strong><em>τοῦ</em></strong></span> <span class='ocrx_word' id='word_1_428' title='bbox 1199 3149 1407 3225; x_wconf 61' lang='grc' dir='ltr'><strong><em>ἐξαποστεὼαί</em></strong></span> 
     </span>
    </p>

    <p class='ocr_par' dir='ltr' id='par_1_12' title="bbox 165 3222 1406 3318">
     <span class='ocr_line' id='line_1_37' title="bbox 165 3222 1406 3318; baseline 0.002 -23"><span class='ocrx_word' id='word_1_429' title='bbox 165 3255 221 3314; x_wconf 91' lang='grc' dir='ltr'><strong><em>μου</em></strong></span> <span class='ocrx_word' id='word_1_430' title='bbox 254 3229 298 3317; x_wconf 46' lang='grc'><strong><em>,”</em></strong></span> <span class='ocrx_word' id='word_1_431' title='bbox 319 3251 349 3303; x_wconf 90' lang='grc' dir='ltr'><strong><em>α,</em></strong></span> <span class='ocrx_word' id='word_1_432' title='bbox 374 3222 457 3303; x_wconf 86' lang='grc' dir='ltr'><strong><em>σ’πως</em></strong></span> <span class='ocrx_word' id='word_1_433' title='bbox 480 3227 534 3293; x_wconf 80' lang='grc' dir='ltr'><strong><em>ἴδω</em></strong></span> <span class='ocrx_word' id='word_1_434' title='bbox 557 3230 608 3295; x_wconf 79' lang='grc' dir='ltr'><strong><em>καί</em></strong></span> <span class='ocrx_word' id='word_1_435' title='bbox 629 3225 717 3311; x_wconf 87' lang='grc' dir='ltr'><strong><em>φάγω</em></strong></span> <span class='ocrx_word' id='word_1_436' title='bbox 741 3234 773 3296; x_wconf 81' lang='grc' dir='ltr'><strong><em>ἐκ</em></strong></span> <span class='ocrx_word' id='word_1_437' title='bbox 802 3254 845 3312; x_wconf 82' lang='grc' dir='ltr'><strong><em>με.</em></strong></span> <span class='ocrx_word' id='word_1_438' title='bbox 871 3233 922 3295; x_wconf 84' lang='grc' dir='ltr'><strong><em>καὶ</em></strong></span> <span class='ocrx_word' id='word_1_439' title='bbox 935 3230 990 3297; x_wconf 81' lang='grc' dir='ltr'><strong><em>οὐκ</em></strong></span> <span class='ocrx_word' id='word_1_440' title='bbox 1000 3229 1142 3318; x_wconf 80' lang='grc' dir='ltr'><strong><em>ἢθελησεν</em></strong></span> <span class='ocrx_word' id='word_1_441' title='bbox 1154 3228 1266 3314; x_wconf 86' lang='grc' dir='ltr'><strong><em>Ἀμνὼν</em></strong></span> <span class='ocrx_word' id='word_1_442' title='bbox 1279 3228 1406 3298; x_wconf 84' lang='grc' dir='ltr'><strong><em>ἀκοῦσαι</em></strong></span> 
     </span>
    </p>

    <p class='ocr_par' dir='ltr' id='par_1_13' title="bbox 20 3308 1409 3743">
     <span class='ocr_line' id='line_1_38' title="bbox 167 3308 1406 3419; baseline 0.002 -42"><span class='ocrx_word' id='word_1_443' title='bbox 167 3318 227 3378; x_wconf 83' lang='grc' dir='ltr'><strong><em>τὼν</em></strong></span> <span class='ocrx_word' id='word_1_444' title='bbox 251 3338 326 3400; x_wconf 76' lang='grc' dir='ltr'><strong><em>ηειρΙ</em></strong></span> <span class='ocrx_word' id='word_1_445' title='bbox 352 3308 482 3395; x_wconf 69' lang='grc' dir='ltr'><strong><em>..αὐτῆς</em></strong></span> <span class='ocrx_word' id='word_1_446' title='bbox 520 3312 604 3377; x_wconf 67' lang='lat' dir='ltr'><strong><em>“nal</em></strong></span> <span class='ocrx_word' id='word_1_447' title='bbox 629 3309 771 3419; x_wconf 75' lang='grc' dir='ltr'><strong><em>ἐκοιμήθη</em></strong></span> <span class='ocrx_word' id='word_1_448' title='bbox 803 3317 972 3399; x_wconf 74' lang='grc' dir='ltr'><strong><em>τῆςφωνῆς</em></strong></span> <span class='ocrx_word' id='word_1_449' title='bbox 991 3317 1092 3399; x_wconf 78' lang='grc' dir='ltr'><strong><em>αὐτῆς.</em></strong></span> <span class='ocrx_word' id='word_1_450' title='bbox 1130 3315 1221 3381; x_wconf 82' lang='grc' dir='ltr'><strong><em>17καὶ</em></strong></span> <span class='ocrx_word' id='word_1_451' title='bbox 1239 3309 1353 3379; x_wconf 82' lang='grc' dir='ltr'><strong><em>ἐκάλεσε</em></strong></span> <span class='ocrx_word' id='word_1_452' title='bbox 1370 3315 1406 3380; x_wconf 87' lang='grc' dir='ltr'><strong><em>τὸ</em></strong></span> 
     </span>
     <span class='ocr_line' id='line_1_39' title="bbox 104 3388 1407 3500; baseline -0.002 -34"><span class='ocrx_word' id='word_1_453' title='bbox 104 3394 340 3484; x_wconf 49' lang='lat' dir='ltr'><strong><em>wicco</em></strong></span> <span class='ocrx_word' id='word_1_454' title='bbox 353 3388 599 3481; x_wconf 75' lang='grc' dir='ltr'><strong><em>ἦρῥὼστησε,καὶ</em></strong></span> <span class='ocrx_word' id='word_1_455' title='bbox 612 3396 771 3500; x_wconf 79' lang='grc' dir='ltr'><strong><em>είςηλθενο</em></strong></span> <span class='ocrx_word' id='word_1_456' title='bbox 802 3394 963 3482; x_wconf 88' lang='grc' dir='ltr'><strong><em>παιδάριον</em></strong></span> <span class='ocrx_word' id='word_1_457' title='bbox 993 3398 1090 3464; x_wconf 79' lang='grc' dir='ltr'><strong><em>αὐτοῦ</em></strong></span> <span class='ocrx_word' id='word_1_458' title='bbox 1121 3394 1174 3463; x_wconf 85' lang='grc' dir='ltr'><strong><em>τὸν</em></strong></span> <span class='ocrx_word' id='word_1_459' title='bbox 1202 3393 1407 3485; x_wconf 89' lang='grc' dir='ltr'><strong><em>προεστηκότα</em></strong></span> 
     </span>
     <span class='ocr_line' id='line_1_40' title="bbox 20 3415 1407 3609; baseline -0.003 -60"><span class='ocrx_word' id='word_1_460' title='bbox 20 3415 100 3609; x_wconf 65' lang='lat' dir='ltr'><em>s</em></span> <span class='ocrx_word' id='word_1_461' title='bbox 166 3481 302 3569; x_wconf 76' lang='grc' dir='ltr'><strong><em>βασιλεὺς</em></strong></span> <span class='ocrx_word' id='word_1_462' title='bbox 315 3479 385 3543; x_wconf 77' lang='grc' dir='ltr'><strong><em>ἰδεῖν</em></strong></span> <span class='ocrx_word' id='word_1_463' title='bbox 397 3471 498 3542; x_wconf 81' lang='grc' dir='ltr'><strong><em>αὐτόν.</em></strong></span> <span class='ocrx_word' id='word_1_464' title='bbox 511 3479 563 3542; x_wconf 81' lang='grc' dir='ltr'><strong><em>καί</em></strong></span> <span class='ocrx_word' id='word_1_465' title='bbox 571 3476 772 3561; x_wconf 82' lang='grc' dir='ltr'><strong><em>εἶπενΛμνὼν</em></strong></span> <span class='ocrx_word' id='word_1_466' title='bbox 803 3485 857 3545; x_wconf 86' lang='grc' dir='ltr'><strong><em>τοῦ</em></strong></span> <span class='ocrx_word' id='word_1_467' title='bbox 870 3481 966 3557; x_wconf 85' lang='grc' dir='ltr'><strong><em>οἴκου,</em></strong></span> <span class='ocrx_word' id='word_1_468' title='bbox 977 3484 1030 3547; x_wconf 85' lang='grc' dir='ltr'><strong><em>καὶ</em></strong></span> <span class='ocrx_word' id='word_1_469' title='bbox 1040 3481 1119 3548; x_wconf 83' lang='grc' dir='ltr'><strong><em>εἶπεν</em></strong></span> <span class='ocrx_word' id='word_1_470' title='bbox 1129 3479 1221 3566; x_wconf 83' lang='grc' dir='ltr'><strong><em>αύτῷ.</em></strong></span> <span class='ocrx_word' id='word_1_471' title='bbox 1235 3485 1407 3559; x_wconf 84' lang='grc' dir='ltr'><strong><em>ἐξαποστεί-</em></strong></span> 
     </span>
     <span class='ocr_line' id='line_1_41' title="bbox 166 3558 1409 3666; baseline 0.002 -40"><span class='ocrx_word' id='word_1_472' title='bbox 166 3564 244 3650; x_wconf 82' lang='grc' dir='ltr'><strong><em>πρὸς</em></strong></span> <span class='ocrx_word' id='word_1_473' title='bbox 255 3562 310 3629; x_wconf 88' lang='grc' dir='ltr'><strong><em>τὸν</em></strong></span> <span class='ocrx_word' id='word_1_474' title='bbox 326 3558 458 3645; x_wconf 76' lang='grc' dir='ltr'><strong><em>βασιλέα.</em></strong></span> <span class='ocrx_word' id='word_1_475' title='bbox 484 3559 599 3623; x_wconf 74' lang='grc' dir='ltr'><strong><em>ἐλθέτω</em></strong></span> <span class='ocrx_word' id='word_1_476' title='bbox 611 3560 648 3643; x_wconf 77' lang='grc' dir='ltr'><strong><em>δὴ</em></strong></span> <span class='ocrx_word' id='word_1_477' title='bbox 665 3558 770 3648; x_wconf 83' lang='grc' dir='ltr'><strong><em>Θημάρ</em></strong></span> <span class='ocrx_word' id='word_1_478' title='bbox 803 3563 873 3628; x_wconf 87' lang='grc' dir='ltr'><strong><em>λατε</em></strong></span> <span class='ocrx_word' id='word_1_479' title='bbox 897 3562 934 3648; x_wconf 79' lang='grc' dir='ltr'><strong><em>δη</em></strong></span> <span class='ocrx_word' id='word_1_480' title='bbox 960 3560 1073 3648; x_wconf 85' lang='grc' dir='ltr'><strong><em>ταύτην</em></strong></span> <span class='ocrx_word' id='word_1_481' title='bbox 1098 3562 1149 3628; x_wconf 84' lang='grc' dir='ltr'><strong><em>ἀπ’</em></strong></span> <span class='ocrx_word' id='word_1_482' title='bbox 1175 3567 1249 3666; x_wconf 78' lang='grc' dir='ltr'><strong><em>ἐμοῦ</em></strong></span> <span class='ocrx_word' id='word_1_483' title='bbox 1273 3566 1344 3639; x_wconf 63' lang='grc' dir='ltr'><strong><em>ἔξω,</em></strong></span> <span class='ocrx_word' id='word_1_484' title='bbox 1358 3566 1409 3628; x_wconf 80' lang='grc' dir='ltr'><strong><em>καί</em></strong></span> 
     </span>
     <span class='ocr_line' id='line_1_42' title="bbox 166 3638 1405 3743; baseline -0.002 -33"><span class='ocrx_word' id='word_1_485' title='bbox 166 3638 314 3728; x_wconf 78' lang='grc' dir='ltr'><strong><em>ἢάδελφή</em></strong></span> <span class='ocrx_word' id='word_1_486' title='bbox 331 3666 388 3722; x_wconf 92' lang='grc' dir='ltr'><strong><em>μου</em></strong></span> <span class='ocrx_word' id='word_1_487' title='bbox 400 3640 477 3725; x_wconf 87' lang='grc' dir='ltr'><strong><em>πρὸς</em></strong></span> <span class='ocrx_word' id='word_1_488' title='bbox 493 3641 544 3724; x_wconf 82' lang='grc' dir='ltr'><strong><em>μὲ,</em></strong></span> <span class='ocrx_word' id='word_1_489' title='bbox 571 3643 771 3731; x_wconf 84' lang='grc' dir='ltr'><strong><em>καέκολλυρι-</em></strong></span> <span class='ocrx_word' id='word_1_490' title='bbox 803 3641 979 3712; x_wconf 84' lang='grc' dir='ltr'><strong><em>ἀπόκλεισον</em></strong></span> <span class='ocrx_word' id='word_1_491' title='bbox 996 3645 1051 3728; x_wconf 73' lang='grc' dir='ltr'><strong><em>τὴν</em></strong></span> <span class='ocrx_word' id='word_1_492' title='bbox 1069 3643 1170 3729; x_wconf 85' lang='grc' dir='ltr'><strong><em>θύραν</em></strong></span> <span class='ocrx_word' id='word_1_493' title='bbox 1185 3651 1284 3709; x_wconf 85' lang='grc' dir='ltr'><strong><em>οπίσω</em></strong></span> <span class='ocrx_word' id='word_1_494' title='bbox 1304 3643 1405 3743; x_wconf 76' lang='grc' dir='ltr'><strong><em>αὐτης.</em></strong></span> 
     </span>
    </p>

    <p class='ocr_par' dir='ltr' id='par_1_14' title="bbox 166 3717 1407 3815">
     <span class='ocr_line' id='line_1_43' title="bbox 166 3717 1407 3815; baseline -0.003 -25"><span class='ocrx_word' id='word_1_495' title='bbox 166 3723 249 3790; x_wconf 88' lang='grc' dir='ltr'><strong><em>σάτω</em></strong></span> <span class='ocrx_word' id='word_1_496' title='bbox 262 3722 477 3804; x_wconf 76' lang='grc' dir='ltr'><strong><em>ἐνάφθαλμοῖς</em></strong></span> <span class='ocrx_word' id='word_1_497' title='bbox 494 3750 550 3806; x_wconf 92' lang='grc' dir='ltr'><strong><em>μου</em></strong></span> <span class='ocrx_word' id='word_1_498' title='bbox 564 3719 617 3791; x_wconf 91' lang='grc' dir='ltr'><strong><em>δύο</em></strong></span> <span class='ocrx_word' id='word_1_499' title='bbox 629 3726 771 3815; x_wconf 85' lang='grc' dir='ltr'><strong><em>κολλυρί·</em></strong></span> <span class='ocrx_word' id='word_1_500' title='bbox 802 3730 894 3793; x_wconf 76' lang='grc' dir='ltr'><strong><em>18καὶ</em></strong></span> <span class='ocrx_word' id='word_1_501' title='bbox 907 3727 950 3792; x_wconf 79' lang='grc' dir='ltr'><strong><em>ἐπ’</em></strong></span> <span class='ocrx_word' id='word_1_502' title='bbox 967 3726 1061 3809; x_wconf 81' lang='grc' dir='ltr'><strong><em>αὐτῆς</em></strong></span> <span class='ocrx_word' id='word_1_503' title='bbox 1077 3717 1115 3810; x_wconf 77' lang='grc' dir='ltr'><strong><em>ἦν</em></strong></span> <span class='ocrx_word' id='word_1_504' title='bbox 1131 3721 1221 3809; x_wconf 82' lang='grc' dir='ltr'><strong><em>χιτὼν</em></strong></span> <span class='ocrx_word' id='word_1_505' title='bbox 1237 3749 1407 3807; x_wconf 80' lang='grc' dir='ltr'><strong><em>καρπωτος,</em></strong></span> 
     </span>
    </p>

    <p class='ocr_par' dir='ltr' id='par_1_15' title="bbox 166 3800 1407 3911">
     <span class='ocr_line' id='line_1_44' title="bbox 166 3800 1407 3911; baseline -0.002 -40"><span class='ocrx_word' id='word_1_506' title='bbox 166 3807 230 3882; x_wconf 89' lang='grc' dir='ltr'><strong><em>δας,</em></strong></span> <span class='ocrx_word' id='word_1_507' title='bbox 243 3809 295 3871; x_wconf 84' lang='grc' dir='ltr'><strong><em>καὶ</em></strong></span> <span class='ocrx_word' id='word_1_508' title='bbox 307 3800 388 3888; x_wconf 92' lang='grc' dir='ltr'><strong><em>φάγο</em></strong></span> <span class='ocrx_word' id='word_1_509' title='bbox 410 3832 441 3871; x_wconf 91' lang='grc' dir='ltr'><strong><em>αι</em></strong></span> <span class='ocrx_word' id='word_1_510' title='bbox 454 3810 487 3871; x_wconf 82' lang='grc' dir='ltr'><strong><em>ἐκ</em></strong></span> <span class='ocrx_word' id='word_1_511' title='bbox 499 3812 553 3890; x_wconf 80' lang='grc' dir='ltr'><strong><em>τῆς</em></strong></span> <span class='ocrx_word' id='word_1_512' title='bbox 563 3808 655 3910; x_wconf 82' lang='grc' dir='ltr'><strong><em>χειρὸς</em></strong></span> <span class='ocrx_word' id='word_1_513' title='bbox 668 3807 768 3911; x_wconf 78' lang='grc' dir='ltr'><strong><em>αύτης.</em></strong></span> <span class='ocrx_word' id='word_1_514' title='bbox 802 3805 850 3874; x_wconf 76' lang='grc' dir='ltr'><strong><em>ὅτι</em></strong></span> <span class='ocrx_word' id='word_1_515' title='bbox 863 3804 958 3883; x_wconf 72' lang='grc' dir='ltr'><strong><em>οὕτως</em></strong></span> <span class='ocrx_word' id='word_1_516' title='bbox 971 3803 1187 3889; x_wconf 79' lang='grc' dir='ltr'><strong><em>ἐνεδιδύσκοντο</em></strong></span> <span class='ocrx_word' id='word_1_517' title='bbox 1201 3810 1235 3869; x_wconf 77' lang='grc' dir='ltr'><strong><em>αἱ</em></strong></span> <span class='ocrx_word' id='word_1_518' title='bbox 1246 3800 1407 3889; x_wconf 84' lang='grc' dir='ltr'><strong><em>θυγατέρες</em></strong></span> 
     </span>
    </p>

    <p class='ocr_par' dir='ltr' id='par_1_16' title="bbox 166 3883 1407 3994">
     <span class='ocr_line' id='line_1_45' title="bbox 166 3883 1407 3994; baseline 0 -43"><span class='ocrx_word' id='word_1_519' title='bbox 166 3889 245 3953; x_wconf 77' lang='grc' dir='ltr'><strong><em>7καέ</em></strong></span> <span class='ocrx_word' id='word_1_520' title='bbox 266 3886 376 3954; x_wconf 86' lang='grc' dir='ltr'><strong><em>ἀπέστε</em></strong></span> <span class='ocrx_word' id='word_1_521' title='bbox 406 3891 537 3955; x_wconf 78' lang='grc' dir='ltr'><strong><em>εΛαυλδ</em></strong></span> <span class='ocrx_word' id='word_1_522' title='bbox 560 3917 636 3976; x_wconf 90' lang='grc' dir='ltr'><strong><em>προς</em></strong></span> <span class='ocrx_word' id='word_1_523' title='bbox 664 3893 769 3994; x_wconf 87' lang='grc' dir='ltr'><strong><em>Θημαρ</em></strong></span> <span class='ocrx_word' id='word_1_524' title='bbox 801 3896 856 3954; x_wconf 80' lang='grc' dir='ltr'><strong><em>τοῦ</em></strong></span> <span class='ocrx_word' id='word_1_525' title='bbox 868 3888 1012 3973; x_wconf 85' lang='grc' dir='ltr'><strong><em>βασιλέως</em></strong></span> <span class='ocrx_word' id='word_1_526' title='bbox 1029 3894 1064 3954; x_wconf 78' lang='grc' dir='ltr'><strong><em>αἱ</em></strong></span> <span class='ocrx_word' id='word_1_527' title='bbox 1074 3890 1224 3973; x_wconf 83' lang='grc' dir='ltr'><strong><em>παρθένοι</em></strong></span> <span class='ocrx_word' id='word_1_528' title='bbox 1240 3883 1309 3959; x_wconf 83' lang='grc' dir='ltr'><strong><em>τούς</em></strong></span> <span class='ocrx_word' id='word_1_529' title='bbox 1322 3889 1407 3951; x_wconf 84' lang='grc' dir='ltr'><strong><em>ἐπεν-</em></strong></span> 
     </span>
    </p>

    <p class='ocr_par' dir='ltr' id='par_1_17' title="bbox 163 3966 1408 4633">
     <span class='ocr_line' id='line_1_46' title="bbox 166 3966 1406 4054; baseline 0.002 -20"><span class='ocrx_word' id='word_1_530' title='bbox 166 3974 205 4045; x_wconf 81' lang='grc' dir='ltr'><strong><em>εές</em></strong></span> <span class='ocrx_word' id='word_1_531' title='bbox 223 3968 278 4035; x_wconf 86' lang='grc' dir='ltr'><strong><em>τὸν</em></strong></span> <span class='ocrx_word' id='word_1_532' title='bbox 296 3969 395 4049; x_wconf 83' lang='grc' dir='ltr'><strong><em>οἷκον,</em></strong></span> <span class='ocrx_word' id='word_1_533' title='bbox 420 3971 523 4049; x_wconf 83' lang='grc' dir='ltr'><strong><em>λέγων.</em></strong></span> <span class='ocrx_word' id='word_1_534' title='bbox 549 3966 715 4054; x_wconf 81' lang='grc' dir='ltr'><strong><em>πορεύθητι</em></strong></span> <span class='ocrx_word' id='word_1_535' title='bbox 733 3973 769 4053; x_wconf 93' lang='grc' dir='ltr'><strong><em>δη</em></strong></span> <span class='ocrx_word' id='word_1_536' title='bbox 801 3966 891 4044; x_wconf 88' lang='grc' dir='ltr'><strong><em>δύτας</em></strong></span> <span class='ocrx_word' id='word_1_537' title='bbox 904 3966 1012 4036; x_wconf 79' lang='grc' dir='ltr'><strong><em>αὐτῶν.</em></strong></span> <span class='ocrx_word' id='word_1_538' title='bbox 1052 3973 1102 4035; x_wconf 82' lang='grc' dir='ltr'><strong><em>καί</em></strong></span> <span class='ocrx_word' id='word_1_539' title='bbox 1119 3970 1256 4053; x_wconf 77' lang='grc' dir='ltr'><strong><em>ἐξήγαγεν</em></strong></span> <span class='ocrx_word' id='word_1_540' title='bbox 1273 3966 1367 4035; x_wconf 74' lang='grc' dir='ltr'><strong><em>αὐτ“ν</em></strong></span> <span class='ocrx_word' id='word_1_541' title='bbox 1388 3970 1406 4035; x_wconf 83' lang='grc' dir='ltr'><strong>ὁ</strong></span> 
     </span>
     <span class='ocr_line' id='line_1_47' title="bbox 165 3997 1407 4155; baseline 0.005 -40"><span class='ocrx_word' id='word_1_542' title='bbox 165 4056 203 4126; x_wconf 85' lang='grc' dir='ltr'><strong><em>είς</em></strong></span> <span class='ocrx_word' id='word_1_543' title='bbox 226 4052 280 4118; x_wconf 88' lang='grc' dir='ltr'><strong><em>τὸν</em></strong></span> <span class='ocrx_word' id='word_1_544' title='bbox 300 4051 383 4118; x_wconf 79' lang='grc' dir='ltr'><strong><em>οἶκον</em></strong></span> <span class='ocrx_word' id='word_1_545' title='bbox 403 4058 460 4119; x_wconf 79' lang='grc' dir='ltr'><strong><em>τοῦ</em></strong></span> <span class='ocrx_word' id='word_1_546' title='bbox 482 4050 616 4132; x_wconf 77' lang='grc' dir='ltr'><strong><em>ἀδελφοῦ</em></strong></span> <span class='ocrx_word' id='word_1_547' title='bbox 636 4077 701 4126; x_wconf 90' lang='grc' dir='ltr'><strong><em>σου,</em></strong></span> <span class='ocrx_word' id='word_1_548' title='bbox 718 4057 770 4119; x_wconf 82' lang='grc' dir='ltr'><strong><em>καὶ</em></strong></span> <span class='ocrx_word' id='word_1_549' title='bbox 801 4050 968 4155; x_wconf 77' lang='grc' dir='ltr'><strong><em>λειτουργὸς</em></strong></span> <span class='ocrx_word' id='word_1_550' title='bbox 981 4052 1077 4119; x_wconf 78' lang='grc' dir='ltr'><strong><em>αὐτοῦ</em></strong></span> <span class='ocrx_word' id='word_1_551' title='bbox 1090 4056 1165 4130; x_wconf 75' lang='grc' dir='ltr'><strong><em>ἐξω,</em></strong></span> <span class='ocrx_word' id='word_1_552' title='bbox 1191 4056 1242 4117; x_wconf 86' lang='grc' dir='ltr'><strong><em>καὶ</em></strong></span> <span class='ocrx_word' id='word_1_553' title='bbox 1254 3997 1407 4121; x_wconf 81' lang='grc' dir='ltr'><strong><em>ἀπέκλεισε</em></strong></span> 
     </span>
     <span class='ocr_line' id='line_1_48' title="bbox 163 4131 1407 4221; baseline 0.004 -23"><span class='ocrx_word' id='word_1_554' title='bbox 163 4139 292 4216; x_wconf 91' lang='grc' dir='ltr'><strong><em>ποίησον</em></strong></span> <span class='ocrx_word' id='word_1_555' title='bbox 305 4134 389 4200; x_wconf 81' lang='grc' dir='ltr'><strong><em>αὐτὼ</em></strong></span> <span class='ocrx_word' id='word_1_556' title='bbox 399 4131 769 4221; x_wconf 64' lang='grc' dir='ltr'><strong><em>βρῶμαῧκαέἐπορεύθη</em></strong></span> <span class='ocrx_word' id='word_1_557' title='bbox 799 4133 854 4220; x_wconf 73' lang='grc' dir='ltr'><strong><em>την</em></strong></span> <span class='ocrx_word' id='word_1_558' title='bbox 867 4145 967 4218; x_wconf 86' lang='grc' dir='ltr'><strong><em>θυραν</em></strong></span> <span class='ocrx_word' id='word_1_559' title='bbox 979 4133 1079 4203; x_wconf 82' lang='grc' dir='ltr'><strong><em>ὀπίσω</em></strong></span> <span class='ocrx_word' id='word_1_560' title='bbox 1092 4134 1192 4220; x_wconf 76' lang='grc' dir='ltr'><strong><em>αὐτῆς.</em></strong></span> <span class='ocrx_word' id='word_1_561' title='bbox 1222 4136 1407 4203; x_wconf 80' lang='grc' dir='ltr'><strong><em>19καὶέλα-</em></strong></span> 
     </span>
     <span class='ocr_line' id='line_1_49' title="bbox 171 4202 1408 4305; baseline 0.005 -26"><span class='ocrx_word' id='word_1_562' title='bbox 171 4213 276 4303; x_wconf 86' lang='grc' dir='ltr'><strong><em>Θημάρ</em></strong></span> <span class='ocrx_word' id='word_1_563' title='bbox 289 4222 328 4294; x_wconf 83' lang='grc' dir='ltr'><strong><em>είς</em></strong></span> <span class='ocrx_word' id='word_1_564' title='bbox 343 4202 398 4282; x_wconf 85' lang='grc' dir='ltr'><strong><em>τδν</em></strong></span> <span class='ocrx_word' id='word_1_565' title='bbox 415 4215 497 4282; x_wconf 86' lang='grc' dir='ltr'><strong><em>οίκον</em></strong></span> <span class='ocrx_word' id='word_1_566' title='bbox 509 4211 622 4296; x_wconf 82' lang='grc' dir='ltr'><strong><em>Ἀμνὼν</em></strong></span> <span class='ocrx_word' id='word_1_567' title='bbox 640 4215 770 4300; x_wconf 78' lang='grc' dir='ltr'><strong><em>ἀδελφοῦ</em></strong></span> <span class='ocrx_word' id='word_1_568' title='bbox 799 4223 831 4305; x_wconf 77' lang='grc' dir='ltr'><strong><em>βε</em></strong></span> <span class='ocrx_word' id='word_1_569' title='bbox 848 4217 953 4302; x_wconf 85' lang='grc' dir='ltr'><strong><em>Θημάρ</em></strong></span> <span class='ocrx_word' id='word_1_570' title='bbox 972 4218 1101 4298; x_wconf 82' lang='grc' dir='ltr'><strong><em>σποδὸν,</em></strong></span> <span class='ocrx_word' id='word_1_571' title='bbox 1127 4223 1178 4285; x_wconf 83' lang='grc' dir='ltr'><strong><em>καὶ</em></strong></span> <span class='ocrx_word' id='word_1_572' title='bbox 1195 4222 1337 4304; x_wconf 85' lang='grc' dir='ltr'><strong><em>ἐπέθηκεν</em></strong></span> <span class='ocrx_word' id='word_1_573' title='bbox 1357 4221 1408 4285; x_wconf 82' lang='grc' dir='ltr'><strong><em>έπέ</em></strong></span> 
     </span>
     <span class='ocr_line' id='line_1_50' title="bbox 166 4293 1408 4406; baseline 0.003 -43"><span class='ocrx_word' id='word_1_574' title='bbox 166 4296 267 4381; x_wconf 83' lang='grc' dir='ltr'><strong><em>αὐτῆς,</em></strong></span> <span class='ocrx_word' id='word_1_575' title='bbox 287 4303 338 4365; x_wconf 84' lang='grc' dir='ltr'><strong><em>καί</em></strong></span> <span class='ocrx_word' id='word_1_576' title='bbox 354 4295 446 4374; x_wconf 81' lang='grc' dir='ltr'><strong><em>αὐτὸς</em></strong></span> <span class='ocrx_word' id='word_1_577' title='bbox 463 4293 649 4402; x_wconf 81' lang='grc' dir='ltr'><strong><em>κοηιὼμενος.</em></strong></span> <span class='ocrx_word' id='word_1_578' title='bbox 674 4305 726 4368; x_wconf 79' lang='grc' dir='ltr'><strong><em>καί</em></strong></span> <span class='ocrx_word' id='word_1_579' title='bbox 738 4307 770 4369; x_wconf 81' lang='grc' dir='ltr'><strong><em>ἐ·</em></strong></span> <span class='ocrx_word' id='word_1_580' title='bbox 800 4302 855 4406; x_wconf 79' lang='grc' dir='ltr'><strong><em>την</em></strong></span> <span class='ocrx_word' id='word_1_581' title='bbox 870 4298 1000 4385; x_wconf 71' lang='grc' dir='ltr'><strong><em>κεφαλὴν</em></strong></span> <span class='ocrx_word' id='word_1_582' title='bbox 1019 4300 1120 4389; x_wconf 76' lang='grc' dir='ltr'><strong><em>αὑτῆς.</em></strong></span> <span class='ocrx_word' id='word_1_583' title='bbox 1155 4307 1205 4368; x_wconf 81' lang='grc' dir='ltr'><strong><em>καὶ</em></strong></span> <span class='ocrx_word' id='word_1_584' title='bbox 1228 4301 1280 4370; x_wconf 82' lang='grc' dir='ltr'><strong><em>τὸν</em></strong></span> <span class='ocrx_word' id='word_1_585' title='bbox 1297 4308 1408 4387; x_wconf 80' lang='grc' dir='ltr'><strong><em>χιτῶνα</em></strong></span> 
     </span>
     <span class='ocr_line' id='line_1_51' title="bbox 164 4381 1407 4487; baseline 0.002 -41"><span class='ocrx_word' id='word_1_586' title='bbox 164 4381 236 4469; x_wconf 78' lang='grc' dir='ltr'><strong><em>λαβε</em></strong></span> <span class='ocrx_word' id='word_1_587' title='bbox 249 4383 284 4449; x_wconf 90' lang='grc' dir='ltr'><strong><em>τὸ</em></strong></span> <span class='ocrx_word' id='word_1_588' title='bbox 298 4396 381 4459; x_wconf 87' lang='grc' dir='ltr'><strong><em>σταῖς</em></strong></span> <span class='ocrx_word' id='word_1_589' title='bbox 393 4384 444 4449; x_wconf 79' lang='grc' dir='ltr'><strong><em>καλ</em></strong></span> <span class='ocrx_word' id='word_1_590' title='bbox 456 4386 593 4470; x_wconf 84' lang='grc' dir='ltr'><strong><em>ἐφυρασε,</em></strong></span> <span class='ocrx_word' id='word_1_591' title='bbox 619 4387 670 4450; x_wconf 80' lang='grc' dir='ltr'><strong><em>καὶ</em></strong></span> <span class='ocrx_word' id='word_1_592' title='bbox 682 4388 770 4453; x_wconf 83' lang='grc' dir='ltr'><strong><em>ἐκολ-</em></strong></span> <span class='ocrx_word' id='word_1_593' title='bbox 784 4426 787 4487; x_wconf 68' lang='grc' dir='ltr'><strong><em>η</em></strong></span> <span class='ocrx_word' id='word_1_594' title='bbox 800 4412 853 4451; x_wconf 93' lang='grc' dir='ltr'><strong><em>τον</em></strong></span> <span class='ocrx_word' id='word_1_595' title='bbox 864 4383 1026 4470; x_wconf 83' lang='grc' dir='ltr'><strong><em>καρπωτόν</em></strong></span> <span class='ocrx_word' id='word_1_596' title='bbox 1039 4387 1092 4451; x_wconf 86' lang='grc' dir='ltr'><strong><em>τὸν</em></strong></span> <span class='ocrx_word' id='word_1_597' title='bbox 1104 4386 1146 4452; x_wconf 83' lang='grc' dir='ltr'><strong><em>ἐπ’</em></strong></span> <span class='ocrx_word' id='word_1_598' title='bbox 1164 4385 1256 4473; x_wconf 71' lang='grc' dir='ltr'><strong><em>αὐτῆς</em></strong></span> <span class='ocrx_word' id='word_1_599' title='bbox 1270 4389 1407 4472; x_wconf 73' lang='grc' dir='ltr'><strong><em>διέρρηξε,</em></strong></span> 
     </span>
     <span class='ocr_line' id='line_1_52' title="bbox 164 4463 1408 4560; baseline 0.001 -28"><span class='ocrx_word' id='word_1_600' title='bbox 164 4463 261 4554; x_wconf 91' lang='grc' dir='ltr'><strong><em>λύρισε</em></strong></span> <span class='ocrx_word' id='word_1_601' title='bbox 274 4468 336 4534; x_wconf 80' lang='grc' dir='ltr'><strong><em>κατ’</em></strong></span> <span class='ocrx_word' id='word_1_602' title='bbox 355 4464 531 4555; x_wconf 81' lang='grc' dir='ltr'><strong><em>ὀφθαλμούς</em></strong></span> <span class='ocrx_word' id='word_1_603' title='bbox 545 4465 656 4549; x_wconf 81' lang='grc' dir='ltr'><strong><em>αὐτοῦ,</em></strong></span> <span class='ocrx_word' id='word_1_604' title='bbox 669 4474 721 4538; x_wconf 79' lang='grc' dir='ltr'><strong><em>καὶ</em></strong></span> <span class='ocrx_word' id='word_1_605' title='bbox 733 4466 770 4558; x_wconf 70' lang='grc' dir='ltr'><strong><em>η’-</em></strong></span> <span class='ocrx_word' id='word_1_606' title='bbox 800 4474 851 4538; x_wconf 81' lang='grc' dir='ltr'><strong><em>καί</em></strong></span> <span class='ocrx_word' id='word_1_607' title='bbox 864 4472 990 4556; x_wconf 85' lang='grc' dir='ltr'><strong><em>ἐπέθηκε</em></strong></span> <span class='ocrx_word' id='word_1_608' title='bbox 1004 4469 1058 4548; x_wconf 83' lang='grc' dir='ltr'><strong><em>τὰς</em></strong></span> <span class='ocrx_word' id='word_1_609' title='bbox 1072 4484 1172 4560; x_wconf 82' lang='grc' dir='ltr'><strong><em>χεῖρας</em></strong></span> <span class='ocrx_word' id='word_1_610' title='bbox 1185 4469 1277 4557; x_wconf 76' lang='grc' dir='ltr'><strong><em>αύτης</em></strong></span> <span class='ocrx_word' id='word_1_611' title='bbox 1291 4473 1340 4536; x_wconf 79' lang='grc' dir='ltr'><strong><em>ἐπὶ</em></strong></span> <span class='ocrx_word' id='word_1_612' title='bbox 1353 4466 1408 4552; x_wconf 71' lang='grc' dir='ltr'><strong><em>τὴν</em></strong></span> 
     </span>
     <span class='ocr_line' id='line_1_53' title="bbox 1319 4577 1402 4633; baseline -0.012 -15"><span class='ocrx_word' id='word_1_613' title='bbox 1319 4577 1402 4633; x_wconf 88' lang='grc' dir='ltr'><strong><em>κεφα-</em></strong></span> 
     </span>
    </p>
   </div>
   <div class='ocr_carea' id='block_1_3' title="bbox 0 0 1466 4972">
    <p class='ocr_par' dir='ltr' id='par_1_18' title="bbox 0 0 1466 4972">
     <span class='ocr_line' id='line_1_54' title="bbox 0 0 1466 4972; baseline 0 2"><span class='ocrx_word' id='word_1_614' title='bbox 0 0 1466 4972; x_wconf 95' lang='lat' dir='ltr'><strong><em> </em></strong></span> 
     </span>
    </p>
   </div>
  </div>
 </body>
</html>
