2924 4972
172 247 237 314 702
400 244 562 308 20<le
595 245 680 305 ΣΕΙ
686 241 788 303 PAX
827 240 902 314 Κεφ.
917 234 974 312 κγ’.
988 232 1048 296 κδ’.
1061 233 1112 297 23.
1126 233 1177 297 24.

169 362 210 444 μή
231 361 385 447 παύσηται
414 368 469 437 ἕως
491 359 529 425 άν
551 354 681 449 ἐκκαύση
701 361 773 442 πῦρ.
804 360 885 421 ἔθνει
898 349 1073 437 ἐκτησάμην.
1099 349 1193 436 7μετδι
1204 344 1323 415 τούτων
1335 342 1409 412 πάν-

171 449 197 490 27
211 441 366 531 ἀνθρώπῳ
382 441 488 528 πόρνῳ
507 448 567 516 πᾶς
586 440 676 524 άρτος
693 437 774 524 ήδὺς,
803 462 863 503 των
877 435 1046 502 ἀνάπαυσιν
1064 429 1205 518 ἐζήτησα,
1232 433 1285 497 καί
1295 433 1327 495 ἐν
1339 431 1411 514 κλη·

172 528 209 594 οὑ
234 526 274 610 μή
305 523 422 618 κσπάοη
451 532 507 600 ἕως
536 523 574 589 άν
604 519 774 606 τελευτήση.
804 526 929 605 ρονομίρ
946 517 1026 593 τινός
1043 513 1278 600 αὑλισθήσομαι.
1311 510 1412 578 οτότε

173 613 201 656 70
226 612 388 694 ἄνθρωπος
412 612 610 694 παραβαίνων
634 604 697 670 ὑπὸ
722 591 775 708 τής
804 600 966 669 ἐνετείλατό
991 627 1042 684 μοι
1071 597 1089 665 ὑ
1113 605 1232 683 κτίστης
1255 591 1413 672 ἁπάντων,

172 693 270 776 κλίνης
287 689 384 757 αὑτοῦ
400 690 496 767 λέγων
514 692 544 753 ἐν
561 694 598 781 τῇ
616 692 699 780 ψυχῇ
719 713 775 751 αυ-
805 690 856 751 καί
868 684 887 751 ὁ
900 689 1002 758 κτίσας
1012 709 1047 766 με
1057 687 1224 749 κατέπαυσε
1237 679 1293 764 τήν
1303 675 1413 781 σκηνήν

173 780 244 850 τοῦ,
268 779 312 848 τίς
323 799 357 857 με
370 771 445 858 ὁρᾷς
471 767 577 846 σκότος
593 768 693 853 κύκλῳ
704 796 773 854 μου,
803 796 873 852 μου,
895 769 947 833 καί
968 765 1055 831 εἶπεν.
1082 770 1114 831 ἐν
1124 762 1238 850 Ἰακὼβ
1258 788 1414 845 κατασκη-

172 858 223 922 καί
235 861 264 921 οί
277 861 370 941 τοῖχοί
385 880 421 939 με
433 852 633 928 καλύπτουσι,
658 856 709 917 καί
720 851 775 917 ού-
805 877 916 924 νωοον,
940 851 992 914 καί
1008 853 1039 914 ἐν
1048 845 1171 932 Ἰσραήλ
1186 845 1414 948 κατακληρονο-

171 946 237 1014 θείς
247 964 282 1020 με
294 937 369 1023 όρᾴ,
395 943 427 1002 τί
442 936 621 1022 εὐλαβοῦμαι
625 962 638 1012 ,·
662 938 723 1000 τῶν
737 931 772 999 ὑ·
804 930 926 1018 μήθητι.
952 929 1042 1015 οπρδ
1053 936 1111 997 τοῦ
1129 934 1240 1005 αίιῦνος
1252 927 1303 994 ἀπ’
1320 933 1416 1013 αρχῆς
1458 1002 1460 1009 Α

172 1025 304 1106 ιιαρτιῶν
324 1047 384 1104 μου
408 1019 446 1085 οὑ
467 1020 508 1103 μή
528 1013 733 1101 μνησθήσεται
755 1012 773 1081 ὑ
806 1020 919 1083 ε’ίιτισέν
930 1040 980 1099 με,
1005 1016 1058 1079 καὶ
1070 1019 1126 1089 ἕως
1138 1018 1248 1086 αέιῦνος
1260 1010 1296 1076 οὑ
1309 1009 1352 1094 μή
1365 1015 1415 1076 έκ-

172 1103 309 1186 ὑψιοτος,
334 1104 420 1166 2οκαί
433 1101 589 1182 ὀφθαλμοί
602 1096 775 1185 ἀνθρώπων
803 1101 898 1165 λίπω.
935 1099 965 1142 ¹⁰
979 1102 1010 1163 ἐν
1022 1101 1115 1190 σκηνή
1127 1094 1200 1178 ὑγίᾳ
1214 1091 1344 1160 ἐντόπιον
1357 1094 1414 1159 αὑ-

174 1185 191 1251 ὁ
217 1183 310 1273 φόβος
322 1184 427 1250 αὑτοῦ.
453 1185 506 1249 καί
521 1183 577 1250 οὑκ
589 1187 665 1260 ε”γνω
679 1180 727 1247 ὅτι
739 1182 775 1247 ὀ-
806 1186 861 1248 τσῦ
873 1179 1093 1265 ἐλειτούργησα,
1109 1181 1162 1244 καί
1174 1175 1273 1252 οὑτως
1285 1182 1318 1243 ἐν
1330 1175 1416 1242 Σιών

172 1269 309 1351 φθαλμοί
326 1273 429 1353 κυρίου
445 1266 668 1350 μυριοπλασίως
688 1264 775 1350 ήλίου
806 1270 994 1349 ἐστηρίχθην.
1033 1267 1059 1305 ¹¹
1075 1265 1107 1328 ἐν
1130 1260 1217 1327 πόλει
1239 1259 1416 1352 ἠγαπημένη

173 1346 394 1437 φωτεινότερον,
407 1349 615 1438 ἐπιβλέποντες
626 1345 728 1424 πάσας
741 1347 776 1412 ὁ-
807 1348 920 1432 ὁμοίως
925 1371 965 1451 με
979 1349 1175 1420 κατέπαυσεν,
1192 1345 1243 1408 καί
1258 1340 1416 1424 ἐνἸερου·

173 1433 245 1508 δοὺς
256 1430 441 1518 ἀνθρώπων,
453 1436 505 1496 καί
512 1437 726 1507 κατανοοῦντες
738 1436 777 1506 εἰς
808 1430 906 1514 σαλήμ
919 1457 938 1514 η
951 1431 1073 1505 ἐξουσία
1083 1453 1152 1511 μου.
1187 1431 1215 1471 ¹²
1228 1428 1280 1491 καί
1292 1429 1415 1511 ἐρρίζω-

173 1513 336 1614 ἆπόκρυφα
348 1518 432 1598 μέρη.
470 1517 502 1559 20
514 1514 602 1598 πρινή
620 1519 777 1600 κτισθῆναι
808 1540 848 1579 σα
862 1518 892 1578 ἐν
903 1513 970 1596 λαῷ
983 1513 1197 1594 δεδοξασμένῳ,
1210 1514 1242 1576 έν
1253 1511 1348 1594 μερίδι
1362 1535 1417 1574 κυ-

173 1595 213 1661 τά
228 1622 326 1661 παντα
339 1599 482 1673 ἔγνωσται
496 1594 592 1678 αύτῷ,
616 1595 713 1672 οὑτως
727 1601 778 1661 καί
807 1604 875 1701 ρίου
887 1597 1082 1680 κληρονομίας
1095 1594 1201 1659 αὑτοῦ.
1224 1589 1299 1668 72ο3ς
1311 1592 1416 1677 κέδρος

172 1678 247 1763 μετὰ
273 1681 309 1744 τὸ
336 1678 570 1761 συντελεσθῆναι.
595 1680 623 1722 ²¹
638 1671 729 1754 οὗτος
747 1683 777 1743 ἐν
807 1678 978 1762 ανυψοὺθην
992 1682 1023 1743 ἐν
1037 1681 1082 1761 τῷ
1092 1677 1229 1763 Λιβάνῳ,
1242 1678 1295 1740 καί
1306 1672 1349 1750 ὡς
1362 1702 1416 1740 κυ-

172 1761 325 1836 πλατείαις
337 1757 454 1836 πόλεως
466 1757 702 1843 ἐκδικηθήσιται,
726 1764 778 1826 καί
807 1758 953 1846 πάρισσος
977 1763 1010 1826 ἓν
1035 1759 1135 1844 ὄρεσιν
1153 1756 1294 1844 Ἀερμοίν.
1330 1756 1417 1833 2*ὡς

175 1835 212 1908 οὑ
228 1842 282 1929 ούχ
296 1840 456 1927 ὑπενόησεν
467 1840 678 1926 πιασθήσεται.
693 1842 776 1908 22οὑ-
808 1846 904 1927 φοῖνιξ
917 1838 1085 1945 άνυψάθην
1096 1846 1128 1906 ἐν
1140 1843 1296 1920 αἰγιαλοῖς,
1307 1843 1360 1905 καί
1372 1840 1418 1917 ιὺς

174 1950 233 2001 τως
249 1929 302 1992 καί
318 1925 390 2010 γυνή
414 1927 621 1991 καταλιποῦσα
644 1929 697 1992 τὸν
723 1927 779 1991 άν-
808 1926 889 2008 φυτὰ
905 1922 994 2012 ῥόδου
1011 1929 1043 1990 ἐ“ν
1068 1929 1179 2010 Ιεριχρῦ.
1207 1922 1249 1999 ὥς
1267 1924 1353 1988 ἐλαία
1365 1921 1418 1987 εὑ-

174 2009 242 2088 δρα,
268 2010 320 2072 καί
343 2014 521 2091 παριστῶσα
538 2006 722 2093 κληρονόμον
747 2013 778 2086 ἐξ
807 2037 832 2074 π
852 2008 922 2093 επής
934 2014 966 2074 ἐν
977 2009 1088 2091 πεδίῳ,
1113 2011 1165 2072 καί
1183 2002 1361 2092 ἀνυψοίθην
1374 2004 1418 2084 ὡς

175 2088 345 2174 ἀλλοτρίου.
371 2094 401 2134 ²³
416 2096 538 2173 πρῶτον
549 2091 601 2173 μὲν
612 2092 671 2175 γάρ
684 2096 716 2157 ἐν
728 2088 779 2156 νό·
807 2036 971 2166 πλάτανος.
1004 2093 1032 2135 ¹⁵
1046 2088 1088 2166 ὡς
1105 2087 1289 2173 κιννάμωμον
1306 2093 1359 2155 καί
1378 2088 1419 2155 ἆ-

173 2199 221 2256 μῳ
242 2169 374 2251 ὑψίστου
392 2171 483 2258 ήπείθ
520 2200 547 2249 ε,
573 2176 624 2238 καί
642 2170 779 2259 δεύτερον
809 2173 970 2247 σπάλαθος
985 2170 1155 2258 δραμάτων
1177 2174 1293 2239 δέδωκα
1310 2174 1418 2256 ὀσμήν,

174 2260 214 2331 είς
226 2255 318 2340 ἄνδρα
331 2259 437 2339 έαυτής
446 2200 660 2341 ἐπλήμμελησε,
678 2261 729 2322 καί
742 2255 778 2322 τό
809 2259 860 2322 καὶ
872 2253 913 2332 ὥς
930 2252 1048 2340 σμύρνα
1068 2256 1185 2340 ἐκλικτή
1202 2258 1329 2321 διέδωκα
1341 2255 1417 2321 εὑου-

174 2344 278 2422 τρίτον
290 2343 319 2403 ἐν
331 2344 456 2425 πορνείῳ
470 2336 672 2423 ἐμοιχεύθηίξ
684 2339 778 2405 ἀλλο-
809 2342 886 2406 δίαν.
913 2335 954 2414 ὥς
970 2335 1105 2486 ραλῳάνη
1123 2343 1174 2405 καί
1192 2338 1261 2416 δνυξ
1278 2342 1328 2404 καί
1341 2365 1418 2404 στα.

173 2427 259 2506 τρίσυ
270 2421 670 2507 άνδρδςτέκναπαρέστησεν.
685 2421 779 2487 22αὑ·
808 2423 876 2505 κτή,
893 2423 946 2487 καί
962 2448 1002 2496 ως
1040 2420 1143 2507 ιβάνου
1160 2423 1245 2505 άτμίς
1264 2426 1295 2488 ἐν
1313 2427 1416 2513 σκηνῇ.

174 2528 211 2587 τη
235 2510 274 2580 εἷς
298 2505 454 2589 ἐκκλησίαν
482 2502 688 2589 ἐξαχθήσεται,
728 2507 779 2568 καί
809 2505 836 2548 70
849 2502 909 2582 ἐγὼ
923 2501 964 2579 ὥς
973 2509 1142 2590 τερέμινθος
1153 2510 1276 2583 ἐξέτεινα
1289 2501 1418 2581 κλάδους

175 2590 224 2652 ἐπὶ
241 2588 281 2651 τὰ
300 2592 390 2652 τέκνα
407 2587 501 2670 αὐτῆς
518 2587 666 2670 ἐπισκοπή
683 2591 777 2652 έσται.
808 2613 879 2669 μου,
905 2590 1001 2652 καλοί
1019 2587 1126 2655 κλάδοι
1139 2616 1197 2674 μου
1211 2586 1315 2653 κλάδοι
1328 2585 1419 2670 δόξης

174 2671 204 2714 20
219 2669 255 2735 οὑ
269 2667 465 2735 διαδώσουσιν
479 2669 521 2735 τά
535 2675 623 2736 τέκνα
635 2670 728 2752 αὑτῆς
740 2675 780 2745 είς
808 2671 860 2740 καί
870 2668 998 2754 χάριτος.
1023 2673 1050 2714 77
1065 2670 1124 2750 ἐγώ
1144 2671 1185 2747 ὡς
1197 2671 1327 2752 άμπελος
1338 2670 1418 2750 βλα-

175 2755 266 2836 ῥίζαν,
279 2757 371 2817 καί-οἶ
384 2749 485 2817 κλάδοι
503 2752 596 2836 αὐτῆς
609 2755 645 2817 οὑ
659 2749 776 2818 δάσου·
809 2748 942 2836 στήσασα
953 2751 1050 2838 χάριν,
1056 2757 1108 2819 καὶ
1122 2754 1160 2820 τά
1173 2756 1255 2837 άνθη
1267 2780 1326 2838 μου
1339 2779 1418 2836 καρ-

175 2860 204 2897 σι
217 2831 343 2915 καρπόν.
368 2836 399 2877 20
409 2835 580 2918 καταλείψει
592 2841 631 2910 είς
642 2832 779 2917 κατάραν
808 2835 866 2909 πός
877 2831 965 2918 δόξης
976 2841 1028 2901 καί
1039 2834 1181 2903 πλούτου.
1206 2839 1235 2880 70
1248 2836 1417 2919 προςελθε-

174 2914 212 2979 τδ
223 2913 409 2999 μνημόσυνον
420 2915 527 2999 αὑτῆς,
553 2921 605 2983 καί
617 2918 653 2983 τὸ
667 2920 778 2992 ὄνειδος
810 2943 840 2983 τε
853 2917 978 3002 πρόςμὲ
994 2925 1024 2985 οί
1037 2922 1250 3003 ἐπιθυμοῦντές
1260 2943 1333 2999 μου,
1361 2918 1416 2980 καί

174 2997 266 3082 αὑτής
279 2997 334 3062 οὑκ
347 2996 596 3082 ἐξαλειφθήσεται.
616 3003 703 3067 27καί
712 3005 777 3066 ἐπι-
808 2998 872 3067 άπὸ
885 3005 947 3067 των
963 2999 1149 3085 γεννημάτων
1163 3026 1222 3082 μου
1235 2995 1415 3080 ἐμπλήσθη-

173 3081 338 3157 γνούσονται
352 3087 382 3146 οἶ
394 3082 649 3162 καταλειφθέντες,
663 3083 710 3151 ὅτι
723 3083 775 3149 οῦ·
808 3108 848 3148 τε.
884 3086 917 3127 20
928 3083 966 3148 τὸ
983 3083 1043 3170 γάρ
1059 3079 1240 3166 μνημόσυνόν
1256 3106 1315 3162 μου
1335 3079 1414 3166 ὑπὲρ

173 3162 230 3227 θέν
242 3174 374 3263 κρεῖττον
387 3162 485 3250 φόβου
497 3173 611 3250 κυρίου,
623 3171 675 3233 καί
686 3166 778 3233 οὑθέν
807 3165 872 3249 μέλι
883 3164 992 3242 γλνκὺ,
1017 3162 1097 3247 καλή
1110 3165 1291 3248 κληρονομία
1304 3188 1363 3244 μου
1378 3161 1415 3227 ὑ·

173 3243 352 3333 γλυκυτερον
381 3254 437 3314 τοῦ
461 3252 611 3335 πρσςέχειν
641 3252 777 3327 ἐντολαῖς
807 3247 863 3332 πέρ
874 3248 990 3329 μέλιτος
1003 3253 1106 3332 κηροῦ.
1132 3252 1201 3312 22οί
1213 3250 1368 3321 ἐσθίουτές
1380 3274 1417 3330 με

174 3335 288 3416 κυρίου.
808 3335 851 3397 ἔτι
861 3326 1049 3406 πεινάσουσι,
1067 3333 1118 3395 καὶ
1129 3335 1161 3395 οί
1173 3331 1310 3405 πίνοντές
1322 3356 1356 3411 με
1369 3336 1415 3396 ἔτι

347 3421 380 3479 Κ
392 3420 470 3479 ΕΦ.
514 3416 599 3482 KA'.
808 3410 998 3499 διψήσουσιν.
1031 3417 1061 3457 22
1075 3413 1094 3479 ὁ
1108 3409 1273 3479 ὑπακούων
1281 3440 1344 3517 μου
1357 3411 1415 3478 οὑκ

206 3501 219 3531 2
314 3500 464 3573 Αίυεσις
484 3505 638 3580 Σοφίας.
809 3496 1049 3583 αἰσχυνθήσεται,
1075 3498 1127 3562 καί
1139 3502 1171 3563 σί
1183 3501 1369 3583 ἐργαζομενοι
1382 3498 1414 3558 έν

172 3547 235 3645 H
245 3587 337 3659 σοφία
351 3585 458 3646 αίνέσει
474 3585 575 3666 ψυχήν
593 3584 700 3666 αὐτῆς,
725 3586 777 3648 καί
809 3585 876 3664 ἐμοὶ
901 3579 956 3664 οὑχ
982 3578 1220 3665 ὑμαρτήσουσιν.
1263 3582 1292 3623 20
1317 3583 1413 3642 ταῦτα

172 3664 204 3725 ἐν
215 3663 296 3743 μέσῳ
310 3663 387 3729 λαοῦ
404 3662 495 3747 αὑτῆς
512 3663 696 3750 καυχήσεται.
722 3669 777 3730 2ἐν
807 3665 908 3729 πάντα
918 3664 1020 3771 simos
1029 3661 1174 3747 διαθήκης
1183 3667 1259 3729 θεοῦ
1269 3659 1411 3744 ὑψίστου,

172 3741 312 3827 ἐκκλησίᾳ
325 3742 455 3827 ὑψίστου
476 3744 574 3830 στόμα
587 3748 680 3831 αὑτής
692 3747 775 3813 άνοί-
809 3743 901 3828 νόμον
914 3746 949 3811 δν
961 3748 1125 3812 ἐνετειλατο
1144 3750 1288 3826 Μωυσῆς,
1301 3742 1411 3825 κληρο-

172 3824 228 3922 ξῳ,
253 3831 303 3891 καὶ
317 3828 414 3891 ίναντι
435 3829 580 3910 δυνάμεως
594 3831 690 3897 αὑτοῦ
702 3858 774 3895 καυ-
807 3836 912 3912 νομίαν
925 3843 1107 3908 συναγωγαῖς
1122 3828 1238 3914 Ἰακώβ.
1264 3828 1293 3868 20
1307 3823 1325 3890 ὁ
1337 3853 1413 3905 πιμ..

171 3930 297 3988 χησεται.
324 3908 410 3986 2έγώ
436 3910 501 3976 άπὸ
527 3909 676 3993 στόματος
701 3913 774 3994 ὑψί-
806 3912 892 3976 πλων
905 3909 946 3988 ιὺς
969 3915 1084 3978 (θεισιὺν
1104 3919 1222 3994 σοφίαν,
1235 3910 1286 3973 καὶ
1299 3907 1340 3983 ὡς
1358 3914 1414 3973 Τί-

173 4011 247 4052 στου
260 3990 396 4070 ἐξῆλθον,
414 3997 464 4058 καί
477 3992 517 4069 ὡς
529 3994 634 4079 ὁμίχλη
648 3993 774 4059 κατεκά·
806 4020 869 4074 γρις
886 4000 918 4059 έν
937 3996 1058 4081 ήμέραις
1077 4000 1161 4061 νέων.
1193 3988 1254 4057 2οῦ
1273 3989 1413 4077 ἀναπλη-

170 4069 255 4171 λυψα
278 4076 342 4148 γῆν.
369 4074 457 4150 2ε’γεὺ
480 4079 511 4139 ἐν
533 4072 663 4160 ὑψηλοῖς
686 4104 773 4142 κατε-
807 4081 866 4158 ρῶν
876 4073 917 4150 ὡς
925 4076 1086 4161 Εὐφράτης
1096 4075 1276 4152 σύνεσιν,καί
1287 4072 1328 4150 ὦς
1337 4074 1413 4161 Ἰορ-

171 4176 324 4233 σκηνωσα,
338 4157 393 4252 καί
400 4155 417 4219 ὁ
430 4154 544 4241 θρόνος
555 4185 614 4240 μου
628 4164 659 4224 ἐν
672 4158 771 4245 στὺλῳ
806 4157 894 4242 δάνης
908 4165 940 4225 ἐν
959 4161 1080 4242 ήμέραις
1096 4165 1251 4243 θερισμοῦ.
1288 4161 1318 4202 27
1331 4157 1350 4222 ὑ
1363 4163 1413 4223 ε’κ-

170 4235 298 4336 νεψέλης.
330 4237 448 4335 ογυρον
466 4240 599 4318 ούρανοῦ
618 4239 773 4308 ἐκύκλωσα
805 4250 920 4345 φαίνων
934 4241 973 4318 ιὺς
986 4250 1050 4323 φιῦς
1063 4246 1211 4317 παιδείαν,
1224 4242 1265 4317 ὡς
1277 4241 1369 4324 Γηιὺν
1381 4244 1412 4307 ἐν

169 4342 252 4400 μσνη,
264 4322 315 4384 καί
327 4320 358 4384 ἐν
372 4323 461 4421 βαθει
478 4320 619 4406 ἀβύσσων
631 4323 773 4410 περιεπά-
805 4329 926 4431 ημέραις
942 4332 1099 4411 τρυγητοῦ.
1131 4328 1162 4370 ²⁸
1177 4325 1215 4390 αὑ
1233 4324 1413 4390 συνετέλεσεν

168 4425 256 4504 τησα.
283 4404 340 4467 οἐν
364 4429 471 4486 κυμασι
489 4400 646 4490 θαλάσσης
668 4411 719 4474 καί
741 4415 772 4475 έν
804 4435 822 4472 ο
835 4415 954 4494 πρώτος
966 4416 1076 4485 γνῶναι
1090 4408 1194 4492 αὑτήν,
1220 4411 1271 4472 καί
1284 4404 1412 4482 οὑτωςὸ

168 4511 251 4574 παση
270 4489 308 4582 τῇ
327 4490 382 4580 γῇ,
407 4491 458 4554 καὶ
476 4491 506 4554 ἐν
523 4493 614 4554 παντὶ
633 4491 700 4581 λαῷ
720 4496 773 4559 καί
804 4498 925 4580 ἔσχατος
939 4491 996 4557 οῦκ
1009 4495 1160 4578 ἐξιχνίασεν
1173 4488 1279 4576 αὑτήν.
1302 4495 1334 4534 20
1347 4489 1412 4590 ὑπὸ

1350 4597 1411 4653 ναν
