2924 4972
455 238 687 300 ιιιΣσντ
726 237 909 315 mmo.
1243 237 1307 301 225

61 358 118 456 οὐχ
137 346 386 432 ἀπολειφθήσεται
404 352 435 424 ἐξ
452 346 553 411 αὐτῶν
571 346 665 422 οὐδεὶς
702 348 860 422 κόπτοντες
870 347 981 422 αύτούς
990 350 1086 453 κοπην
1096 352 1221 434 μεγάλην
1230 346 1307 429 σοό·

64 431 288 516 ε’νωπιονύμοῖν.
317 433 399 495 9καί
412 432 476 495 ἐπεὶ
489 457 536 494 πα
555 432 666 507 εγένετο
701 431 758 515 δρα
771 434 876 511 έωςείς
891 430 988 505 τέλος,
1014 456 1066 495 ιιαι
1085 435 1116 496 οἱ
1129 429 1307 515 διασωζόμε-

64 519 176 600 Ἰησοῦς
193 515 238 581 ἐπ’
261 513 370 589 αὐτούς
390 512 491 595 ἀσνω,
523 456 597 595 ὅλην
610 510 665 596 τὴν
703 539 748 578 νοι
761 508 947 596 διεσώθησαν
964 511 1069 589 είςτάς
1085 510 1185 588 πόλεις
1198 512 1251 589 τάς
1271 512 1307 578 ό-
1359 582 1362 587 ,

62 600 153 666 νύκτα
189 593 379 682 εἰςεπορεύθη
416 600 449 659 ἐκ
485 591 664 672 Γαλγάλων.
702 592 799 680 χαράς.
826 598 915 660 22καί
933 593 1111 701 ἀπεστράφη
1129 601 1191 670 πᾶς
1205 590 1308 671 ἀλαός

61 688 91 728 ιο
108 685 160 748 καί
181 686 331 765 ἐξέστησεν
354 677 465 754 αὐτούς
485 675 583 765 κύριος
602 677 665 744 ἀπό
702 678 779 783 πρὸς
788 676 904 761 Ἰησοῦν
922 683 961 753 είς
976 680 1113 766 Μακηδα
1131 676 1232 757 ύγιεῖς,
1257 678 1310 743 καί

60 763 220 852 προςιόπου
254 769 315 829 τῶν
345 767 417 827 υἱῶν
446 758 578 846 Ἰσραήλ.
614 761 666 827 καὶ
703 788 758 825 ουκ
776 764 891 863 έγρυξεν
908 759 1002 837 οὐδεὶς
1017 768 1078 827 τῶν
1096 766 1169 828 υἱῶν
1183 758 1309 849 Ἰσραὴλ

62 854 232 936 συνέτριψεν
256 845 366 922 αύτούς
387 842 486 930 κύριος
511 851 665 931 συντρίψει
703 849 741 938 τῇ
757 842 879 935 γλωσση
897 842 1002 909 αὐτοῦ.
1037 848 1067 887 22
1082 848 1132 911 καὶ
1151 844 1229 911 εἶπεν
1245 842 1308 930 ’1η-

62 929 172 1023 μεγάλη
195 937 226 996 έν
243 927 385 1017 Γαβαών.
415 930 465 994 καί
487 930 666 1007 κατεδίωξαν
703 931 784 1000 σούς.
812 924 946 1002 ἀνοίξατε
957 924 993 990 τό
1007 923 1162 1011 σπήλαιον,
1174 930 1225 994 καὶ
1239 930 1308 1006 έξα·

62 1014 170 1088 αὐτοὺς
183 1010 253 1078 ὁδόν
266 1008 436 1098 ἀναβάσεως
445 1010 588 1097 Ὠρωνὶν,
614 1013 666 1076 καὶ
702 1008 805 1089 γάγετε
817 1008 891 1084 τοὺς
902 1011 989 1073 πέντε
995 1010 1128 1133 βασιλεῖς
1139 1007 1263 1089 τούτους
1275 1013 1307 1075 ἐκ

62 1101 248 1162 κατέκοπτον
272 1092 382 1170 αύτούς
406 1100 461 1169 ἕως
478 1093 587 1178 Ἀζηκὰ
614 1096 667 1158 καί
703 1098 760 1159 τοῦ
786 1092 946 1175 σπηλαίου.
1050 1094 1101 1156 καί
1125 1090 1307 1177 έξηγάγσσαν

63 1187 118 1255 ἕως
132 1176 276 1263 Μακηδά.
299 1182 362 1242 22έν
376 1176 407 1240 δὲ
421 1181 466 1258 τῷ
482 1173 595 1258 φεύγειν
610 1173 666 1240 αύ-
705 1174 777 1250 τοὺς
789 1178 875 1239 πέντε
890 1170 1020 1260 βασιλεῖς
1035 1176 1068 1239 lx
1079 1179 1135 1238 τοῦ
1148 1174 1308 1258 σπηλαίου,

63 1264 133 1337 τοὺς
147 1260 210 1328 ἀπό
230 1257 392 1347 πρσςιόπου
405 1264 466 1323 τῶν
481 1261 554 1322 υἱῶν
565 1255 669 1344 Ἰσρα-
707 1256 759 1324 τόν
811 1257 895 1323 σιλέα
903 1255 1114 1341 Ἰερουσαλὴμ,
1127 1258 1179 1320 καί
1190 1258 1243 1320 τόν
1254 1261 1311 1341 βα

64 1347 104 1427 ὴλ
116 1348 166 1409 ε’πί
178 1348 230 1426 τῆς
242 1338 433 1426 καταβάσεως
447 1339 592 1487 Ὠρωνὶν,
618 1341 669 1404 καὶ
707 1341 792 1406 οιλεα
804 1337 940 1442 Χεβρρόν,
966 1341 1017 1403 καί
1028 1336 1082 1404 τόν
1093 1338 1219 1424 βασιλέα
1227 1334 1313 1445 ’βερι-

67 1424 168 1509 κύριος
190 1428 349 1509 ἐπέῤῥιεμεν
373 1421 475 1498 αὐτοῖς
511 1429 598 1499 ίθους
613 1449 668 1508 χα·
705 1421 798 1507 μοόθ,
812 1422 1064 1570 καίτσχβασιλέα
1075 1418 1313 1505 Λαχίς,ιιαιτόν

65 1508 154 1592 λάζης
166 1513 200 1573 ἐκ
213 1513 269 1572 τοῦ
284 1505 414 1592 ούρανοῦ
426 1502 603 1588 έωςἈζηκά.
617 1507 668 1571 καί
703 1506 828 1594 βασιλέα
838 1504 910 1571 Ὀδο
949 1500 998 1588 άμ
1025 1504 1114 1569 2*ιιαὶ
1126 1506 1189 1571 ἐπεὶ
1203 1500 1311 1588 έξηγα·

65 1598 199 1672 ἐγένοντο
218 1591 335 1664 πλείους
354 1595 385 1654 οῖ
401 1584 605 1665 ἀποθανόντες
617 1587 667 1654 διά
703 1615 756 1668 γον
769 1585 882 1664 αύτούς
893 1587 971 1691 πρὸς
979 1585 1109 1673 Ἰησοῦν,
1120 1590 1172 1653 καὶ
1185 1583 1310 1652 συνεκά-

63 1675 135 1751 τούς
149 1676 257 1748 λίθους
268 1678 322 1776 της
336 1669 472 1756 χαλάζης,
490 1670 510 1756 ἢ
524 1666 575 1746 σός
589 1670 665 1738 ἀπέ-
703 1675 782 1738 λεσεν
790 1670 907 1757 Ἰησοῦς
918 1697 1020 1737 παντο
1029 1669 1163 1755 Ἰσραὴλ,
1174 1673 1225 1736 καί
1238 1668 1310 1747 τούς

61 1784 176 1824 κτειναν
189 1762 220 1822 σί
229 1759 290 1821 υἱοί
308 1752 421 1843 Ισραηλ
433 1760 563 1840 μαχαίρᾳ
577 1759 609 1820 ἐν
621 1758 667 1840 τῷ
704 1758 916 1842 ἒναρχομένους
933 1758 992 1819 τοῦ
1003 1754 1087 1820 ’πολέ
1103 1780 1139 1820 ου
1152 1753 1223 1830 τοὺς
1236 1780 1310 1837 συμ-

61 1843 192 1925 πολέμῳ.
231 1843 259 1882 ²²
282 1836 349 1902 τότε
381 1835 520 1922 ἐλάλησεν
546 1839 664 1922 Ἰησοῦς
702 1843 918 1925 πορευομένους
942 1834 1044 1922 αύτῷ,
1076 1782 1169 1916 λέγων
1195 1835 1308 1913 αότοΐς.

61 1924 136 2010 πρὸς
153 1921 269 2008 κύριον,
294 1914 314 2015 ᾗ
339 1917 434 2010 ἡμέρα
454 1922 625 2007 παρέδωκεν
644 1918 662 1986 ό
701 1920 927 2010 προπορεύεοθε
940 1922 991 1984 καί
1001 1926 1118 1986 ἐπίθετε
1127 1918 1198 1997 τούς
1209 1917 1310 1996 πόδας

62 2006 132 2083 θεός
154 2008 206 2071 τόν
217 2005 398 2091 Ἀμοῤῥαῐον
416 1988 584 2091 ύποχείριον
600 2003 664 2069 Ἰσ-
701 2005 784 2091 ὑμῶν
796 2009 846 2071 ἐπὶ
857 2004 927 2079 τούς
941 2001 1105 2090 τραχήλους
1118 2002 1227 2070 αὐτῶν.
1254 2006 1306 2068 καί

62 2089 147 2174 ραὴλ,
159 2088 244 2173 ἡνίκα
254 2092 426 2172 συνέτριψεν
435 2087 545 2164 αὐτούς
555 2093 586 2154 ἐν
597 2093 631 2153 Γ
627 2115 665 2152 α·
701 2086 911 2194 προςελθόντες
937 2090 1089 2170 ἐπέθηκαν
1116 2087 1187 2164 τοὺς
1209 2082 1308 2161 πόδας

63 2174 158 2257 βαών,
181 2175 232 2237 καὶ
247 2176 453 2257 συνετρίβησαν
466 2168 530 2235 ἀπό
543 2166 665 2256 προςιό-
704 2177 804 2234 αυτῶν
830 2174 880 2234 ἐπὶ
904 2167 974 2243 τούς
1004 2167 1169 2256 τραχήλους
1195 2168 1306 2235 αὐτῶν.

62 2284 122 2322 που
135 2260 206 2320 υἱοῖν
220 2250 353 2340 Ἰσραήλ.
379 2256 431 2318 καί
451 2252 529 2317 εἶπεν
538 2251 663 2336 Ἰησοῦς.
702 2254 733 2296 ²⁵
745 2254 796 2316 καί
808 2252 885 2318 εἶπεν
899 2250 1016 2333 Ἰησοῦς
1032 2254 1112 2338 πρὸς
1123 2248 1241 2326 αύτούς.
1267 2249 1308 2335 μη

64 2336 162 2423 στήτω
176 2331 193 2401 ό
209 2333 291 2419 ἣλιος
310 2333 388 2400 κατά
401 2335 552 2421 Γαβαὼν,
580 2328 665 2417 καὶῆ
703 2339 856 2421 φοβηθῆτε
881 2332 1009 2408 αὐτούς,
1038 2335 1111 2417 μηδὲ
1135 2332 1307 2419 δειλιάσητε,

63 2418 166 2503 σεληνη
179 2417 257 2483 κατὰ
271 2415 413 2502 φάραγγα
426 2413 540 2482 Amr.
574 2418 602 2458 ¹³
616 2418 668 2479 καί
704 2417 874 2501 ἀνδρίζεσθε
887 2419 937 2479 καὶ
954 2412 1072 2499 ἰσχύετε,
1084 2413 1132 2481 ὅτι
1145 2414 1226 2481 οὕτω
1238 2422 1306 2482 ποι-

63 2501 166 2584 ἔστηό
186 2498 265 2582 η’λιος
283 2502 334 2562 καί
352 2497 370 2580 ἡ
391 2496 494 2580 σελήνη
512 2503 542 2561 ἒν
556 2492 667 2572 στάσει,
704 2496 766 2576 ησει
785 2494 885 2580 κύριος
903 2500 979 2560 πάσι
995 2507 1059 2570 τοῖς
1078 2502 1197 2579 ἐχθροῖς
1216 2497 1307 2578 ὑμῶν,

64 2591 120 2659 ἕως
133 2580 265 2666 ἠμύνατο
278 2578 295 2644 ὸ
310 2579 381 2653 θεὸς
391 2580 460 2654 τοὺς
470 2577 597 2663 ἐχθρούς
612 2576 667 2641 αύ-
706 2579 757 2654 ούς
771 2577 848 2662 ὑμεῖς
857 2578 1083 2658 καταπολεμεῖτε
1093 2575 1210 2651 αὐτούς.
1223 2582 1310 2643 2ΰκαί

63 2673 135 2732 τῶν.
162 2667 214 2731 καὶ
239 2668 310 2746 ἔστη
333 2659 350 2726 ὁ
375 2660 459 2746 ἥλιος
476 2658 556 2725 κατά
577 2664 667 2743 μέσον
705 2662 872 2728 ἀπέκτεινεν
890 2656 999 2735 αὐτούς
1013 2658 1141 2742 Ἰησοῦς,
1158 2664 1209 2725 καὶ
1226 2665 1309 2748 έκρέ-

62 2756 119 2814 τοῦ
143 2747 281 2833 ούρανοῦ.
326 2744 362 2809 οὗ
387 2739 601 2832 προεπορεύετο
629 2748 666 2819 εἷς
701 2770 792 2829 μασεν
804 2743 915 2819 αὐτούς
927 2745 977 2808 ἐπὶ
987 2747 1073 2809 πέντε
1085 2741 1187 2821 ξύλων.
1210 2747 1261 2812 καὶ
1273 2732 1310 2832 ἧ

63 2830 175 2916 δυσμάς
188 2836 227 2905 εἰς
239 2830 324 2903 τέλος
338 2825 446 2916 ἡμέρας
457 2832 534 2911 μιάς.
572 2828 665 2892 1’2ιιαὶ
703 2856 760 2896 σαν
785 2823 954 2914 κρεμάμενοι
981 2829 1031 2893 ἐπὶ
1053 2834 1115 2893 τοῖν
1136 2826 1230 2906 ξύλων
1252 2836 1307 2906 ἕως

63 2915 117 2980 οὐκ
135 2918 247 2992 ἐγένετο
270 2912 364 2998 ἡμέρα
386 2937 512 2995 τοιαυτη
539 2908 663 2976 οὐδὲτὸ
701 2916 835 3016 ἑσπέρας.
870 2915 899 2955 ²⁷
913 2914 965 2977 καί
982 2909 1105 2995 ἐγενηθη
1123 2914 1198 2997 πρὸς
1222 2912 1308 2994 ἡλίου

63 2995 208 3083 πρότερον
225 2995 294 3062 οὐδὲ
310 2997 345 3060 τό
364 2999 488 3081 ἔσχατον
502 2991 578 3058 ὥστε
588 2997 664 3058 ε’πα-
701 2997 820 3077 δυσμάς,
833 2997 994 3060 ἐνετείλατο
1006 2994 1131 3078 Ἰησοῦς,
1141 2999 1192 3061 καὶ
1203 3006 1308 3061 καθεί-

61 3087 169 3146 κοῦοαι
193 3078 265 3145 θεόν
291 3075 465 3162 ἀνθρώπου,
491 3074 537 3142 ὅτι
563 3073 663 3162 κύριος
702 3079 754 3145 λον
767 3078 878 3154 αὐτούς
892 3077 955 3144 ἀπό
968 3080 1028 3143 τῶν
1039 3074 1149 3156 ξύλων,
1164 3082 1215 3145 καί
1227 3083 1304 3166 έρβι·

63 3163 305 3248 συνεξεπολέμησε
330 3168 375 3245 τῷ
399 3158 530 3246 Ἰσραήλ.
570 3162 663 3226 16ιιαὶ
701 3183 765 3247 ιχιαν
791 3162 900 3237 αύτούς
925 3167 964 3237 εἰς
985 3158 1021 3226 τό
1044 3160 1200 3247 σπήλαιον,
1226 3160 1306 3239 εἷςό

62 3251 171 3325 ἑσιιγον
189 3251 219 3309 σί
236 3251 320 3311 πέντε
343 3247 469 3331 βασιλεῖς·
487 3230 588 3321 οὗτοι,
612 3245 664 3308 καὶ
699 3243 903 3328 κατεφύγσσαν
918 3250 989 3319 ἐκεῖ,
1010 3248 1062 3310 καὶ
1074 3242 1246 3312 ἐπεκάλεσαν
1258 3241 1306 3313 λί-

60 3325 279 3412 κατεκρύβησαν
298 3334 336 3401 εἰς
352 3327 389 3389 τό
414 3327 561 3408 σπηλαιον
580 3326 616 3391 τό
631 3330 662 3390 έν
699 3339 775 3402 θους
788 3331 838 3392 ἐπὶ
855 3324 890 3390 τό
910 3325 1056 3410 σπήλαιον
1076 3334 1131 3402 ἕως
1147 3336 1199 3410 τῆς
1218 3325 1305 3409 σημε-

60 3410 206 3490 Μακηδά.
232 3411 320 3472 17καὶ
332 3407 485 3490 ἀπηγγέλη
498 3413 542 3490 τῷ
550 3407 663 3490 Ἰησοῦ,
700 3436 755 3493 ρον
768 3408 886 3492 ἡμέρας.
911 3410 942 3450 ²⁸
955 3411 1006 3472 καί
1021 3407 1075 3491 την
1088 3409 1223 3492 Μακηδόι
1236 3409 1305 3474 ε’λά-

59 3497 203 3569 λέγοντες.
229 3486 363 3574 εὕρηνται
386 3493 416 3552 οἳ
433 3491 517 3553 πέντε
535 3489 664 3572 βασιλεῖς
699 3497 794 3577 βοσαν
808 3496 838 3554 έν
850 3496 887 3582 τῇ
900 3482 995 3573 ἡμέρᾳ
1005 3494 1107 3573 ἐκείνη,
1119 3492 1171 3555 καί
1184 3488 1304 3571 ἐφόνευ·

59 3576 250 3658 κεκρυμμένοι
276 3576 307 3635 ἓν
330 3575 376 3652 τῷ
402 3570 540 3651 σπηλαίῳ
565 3575 609 3653 τῷ
634 3575 665 3634 έν
702 3601 757 3639 σαν
768 3572 862 3657 αὐτὴν
874 3577 904 3637 έν
915 3565 1159 3678 στόματιξίίμουχ,
1173 3577 1223 3638 καὶ
1233 3576 1305 3649 ἔξω·

59 3653 207 3740 Μακηδά.
234 3656 262 3697 ¹⁸
275 3656 326 3717 καί
336 3654 415 3718 εἶπεν
427 3650 553 3733 Ἰησοῦς.
583 3652 665 3715 κυλί·
701 3652 868 3739 λόθρευσαν
879 3660 941 3720 πᾶν
955 3658 1080 3738 έμπνέον
1096 3650 1115 3718 ό
1127 3682 1163 3740 ην
1175 3660 1205 3721 έν
1218 3655 1303 3750 αὐτῇ.

59 3766 132 3806 σατε
149 3741 256 3812 λίθους
274 3739 324 3802 ἐπὶ
343 3734 378 3801 τό
399 3731 496 3815 στόμα
513 3738 569 3797 τοῦ
589 3760 665 3814 σπη-
701 3741 752 3800 καί
765 3735 801 3800 οὐ
814 3739 993 3821 κατελείσθη
1003 3736 1096 3814 οὐδεὶς
1108 3744 1140 3805 έν
1152 3738 1229 3825 αύτῆ
1241 3742 1304 3806 δια·

60 3825 163 3899 λαίου,
189 3824 239 3886 καὶ
258 3816 464 3903 καταστήσατε
482 3815 591 3898 ἀνδρας
607 3841 666 3896 qm·
703 3823 884 3901 σεσωσμένος
896 3823 946 3883 καὶ
964 3820 1170 3901 διαπεφευγώς.
1208 3815 1259 3889 {cal
1273 3829 1302 3890 ἒ·

59 3902 179 3971 λάσσειν
192 3903 235 3968 ἐπ’
252 3900 369 3977 αὐτούς.
406 3902 434 3943 ¹⁹
448 3899 524 3984 ὑμεῖς
537 3898 568 3963 δὲ
580 3899 620 3984 μὴ
634 3901 665 3962 ἕ·
700 3908 831 3985 ποίησαν
845 3907 889 3984 τῷ
900 3905 1016 3987 βασιλεῖ
1027 3907 1171 3987 Μακηδά,
1184 3904 1219 3973 ὃν
1231 3905 1302 3994 τρό-

61 3984 189 4069 στῆκατε
202 3981 448 4069 ,καταδιώκοντες
477 3982 576 4047 ὀπίσω
603 3987 664 4047 τῶν
699 4010 760 4050 πον
790 3990 934 4067 ἐποίησαν
962 3991 1007 4069 τῷ
1040 3989 1157 4072 βασιλεῖ
1180 3988 1300 4079 Ἶεριχιό.

60 4075 177 4154 ἐχθρῶν
192 4068 282 4150 ἀμῶν,
293 4071 343 4133 καί
355 4063 534 4152 καταλάβετε
543 4066 595 4147 την
609 4065 663 4130 οά-
699 4071 729 4112 ²⁹
742 4072 793 4134 καὶ
810 4067 947 4152 ἀπῆλθεν
962 4067 1079 4152 Ἰησοῦς
1096 4077 1148 4138 καί
1165 4081 1225 4152 πᾶς
1239 4076 1301 4141 Ἰσ-

60 4161 168 4235 ραγέαν
180 4154 289 4226 αὐτῶν,
309 4155 359 4215 καὶ
371 4151 409 4234 μη
424 4149 517 4231 ἀφῆτε
530 4149 663 4224 εἷςελθεῖν
698 4152 775 4237 ραηλ
786 4151 844 4234 μετ’
862 4152 959 4216 αὐτοῦ
976 4158 1008 4219 εἰι
1021 4157 1156 4241 Μακηδά
1170 4164 1208 4233 εἰς
1219 4164 1301 4244 Λεβ-

61 4237 166 4310 εἰςτὰς
184 4232 282 4309 πόλεις
300 4233 411 4308 αότῶν,
436 4234 586 4315 παρέδωκε
605 4230 662 4316 γάρ
698 4235 744 4310 νόι,
757 4238 809 4299 καὶ
821 4233 985 4302 έπολιόοιιει
996 4237 1105 4324 Λεβνά.
1119 4243 1150 4285 ³⁰
1156 4245 1207 4305 καί
1218 4266 1301 4320 παρ-

62 4315 172 4392 αάτούς
194 4314 292 4401 κύριος
315 4314 332 4380 ό
357 4315 428 4389 θεός
447 4311 529 4398 ἡμῶν
550 4321 587 4391 εἷς
609 4316 663 4390 τάς
698 4319 785 4383 ε’δωκε
798 4316 889 4402 αύτόχν
900 4300 999 4406 κύριος
1011 4328 1049 4397 είς
1061 4333 1157 4406 χεῖρας
1167 4321 1298 4406 Ἰσραήλ.

60 4410 157 4484 χεῖρας
168 4397 260 4484 ἡμῶν.
286 4402 316 4443 ²⁰
330 4401 381 4463 καί
397 4401 509 4475 ἐγένετο
523 4396 562 4473 ὡς
575 4402 663 4462 κατέ·
698 4403 749 4463 καὶ
764 4403 872 4486 ἔλαβον
891 4402 998 4485 αὐτὴν,
1033 4407 1085 4465 καὶ
1102 4404 1156 4466 τόν
1174 4405 1299 4485 βασιλέα

59 4507 169 4548 παυσεν
183 4482 299 4564 Ἰησοῦς
317 4483 368 4544 καὶ
385 4485 447 4554 πᾶς
463 4481 528 4554 υίὸς
539 4478 663 4565 Ἰσραὴλ
698 4480 804 4568 αὐτῆς,
829 4488 881 4548 καὶ
900 4489 1061 4566 ἐφόνευσαν
1079 4481 1173 4564 αὐτὴν
1185 4486 1215 4545 ἐν
1228 4481 1299 4546 στό·

1228 4586 1298 4639 μασι
