2924 4972
360 257 732 313 rin-sormones
765 256 1045 312 sncuuoiu.
1298 256 1319 309 v
1438 232 1461 299 ἐ

92 494 202 575 τῷεῖδει
218 519 277 582 pro
292 494 325 560 τὸ
339 493 413 573 οἶδας
436 495 554 561 ibidem
571 496 602 572 8,
623 496 672 557 14.
695 493 723 556 ἐν
740 493 860 564 Σούσοις
876 517 935 579 pro
950 493 980 554 ἐκ
993 491 1127 568 Σούσοιςς
1149 492 1216 556 lob.
1228 494 1258 568 3,
1270 494 1320 554 25.

90 635 225 698 ἐδτδοδιειν
247 657 305 720 pro
327 633 492 710 ι’νδοδοόιοιν;
523 634 641 698 ibidem
663 636 713 711 18,
738 637 787 697 17.
810 633 942 698 ἀπόλοιτο
964 655 1022 718 pro
1044 630 1196 707 ἂνιιιίλοιτος
1220 631 1321 697 Sirac.

91 776 208 852 12,11.
232 771 353 854 φύλαξαι
377 797 435 859 pro
457 771 576 855 plasta
615 772 732 838 ibidem
756 775 807 851 27,
835 776 885 837 14.
903 770 1056 854 σσλνόριιον
1081 794 1140 857 pro
1165 769 1322 853 noluissem

89 914 206 977 ibidem
232 914 284 989 30,
312 914 341 977 9.
364 911 517 993 σδμσαιξον
542 935 601 999 pro
622 909 793 992 σῦμτααζον,
829 911 944 977 ibidem
963 913 1015 987 30,
1044 913 1082 976 15
1105 933 1152 994 sq.
1183 908 1269 992 {prise
1294 920 1324 973 et

89 1049 190 1133 ι’νμειας
211 1074 270 1137 pro
287 1049 373 1134 viyu'a
394 1064 424 1116 et
444 1051 558 1134 uiyet'atc3
584 1051 664 1116 Hos
685 1053 715 1128 6,
740 1052 791 1112 14.
813 1049 1063 1131 παραδοθήσονται
1083 1072 1141 1134 pro
1158 1053 1323 1130 παραδαθ.;

89 1191 156 1256 loel
175 1193 206 1267 2,
226 1192 278 1255 30.
301 1189 381 1254 δώσω
406 1213 463 1275 pro
490 1189 612 1265 δώσωσις
645 1189 769 1253 Habac.
799 1188 830 1263 3,
857 1190 887 1251 9.
909 1192 959 1250 τοῦ
985 1187 1174 1250 &aaaron
1194 1209 1252 1270 pro
1277 1191 1326 1248 τοῦ

88 1330 282 1402 &mdeste
321 1327 410 1390 Esai.
432 1329 485 1405 40,
515 1329 564 1391 18.
587 1325 738 1407 ὁμοιώματι
762 1348 820 1412 pro
844 1323 1017 1407 ὁμοιώματι,
1056 1326 1173 1390 ibidem
1196 1325 1248 1401 41,
1274 1325 1325 1387 23.

88 1463 261 1548 ἐπερχόμενα
279 1487 339 1550 pro
360 1463 521 1547 ἐντεχόμενα;
557 1466 674 1532 ibidem
691 1468 743 1543 42,
761 1467 813 1530 24.
835 1465 878 1536 τίς
898 1488 957 1552 pro
975 1463 1027 1542 olm
1065 1464 1201 1529 lMaoc.
1222 1467 1276 1541 14,
1295 1467 1325 1528 9.

88 1604 231 1684 &tomo
256 1627 313 1690 pro
339 1603 465 1684 κάθηντο
487 1605 521 1686 (ε’
539 1606 694 1691 expalluit
712 1607 746 1669 in
767 1607 816 1670 ed.
835 1606 947 1691 prino,
966 1628 1029 1669 non
1047 1600 1147 1682 deest)
1153 1628 1163 1679 ;
1203 1602 1327 1686 aliaque

90 1742 247 1829 permulta
268 1766 365 1826 quum
383 1743 503 1808 leviora
521 1757 587 1809 tum
610 1747 767 1831 graviora

175 1882 261 1946 lllud
282 1884 408 1968 quidem
426 1906 489 1947 non
512 1907 551 1948 ex
569 1908 604 1949 re
622 1885 804 1962 videbatur,
831 1896 866 1950 ut
893 1897 1037 1951 accentus
1060 1885 1178 1967 ubique
1200 1883 1241 1946 ad
1258 1905 1327 1947 eam

95 2025 248 2086 rationem
265 2034 488 2088 revocarentur
510 2047 592 2107 quae
610 2048 693 2090 nunc
717 2025 878 2112 plerisque
900 2026 1067 2111 probatur,
1098 2036 1132 2088 ut
1154 2026 1247 2087 στῦλοι
1270 2045 1328 2108 pro

91 2161 196 2232 στύλοι,
214 2166 364 2244 πρεσβῦται
380 2186 439 2249 pro
456 2163 618 2246 νιρεσβύται,
643 2170 796 2247 Μωαβῖται
813 2187 872 2251 pro
892 2165 1056 2247 Μωαβίται,
1079 2167 1251 2232 Palaebisca
1271 2185 1329 2247 pro

94 2300 277 2371 Γαλααδιτις,
299 2303 411 2381 κηρῦξαι
437 2326 494 2387 pro
521 2303 645 2386 κηρύξαι,
673 2309 770 2383 μιᾶναι
794 2327 853 2390 pro
878 2304 974 2384 μιάναι
1004 2315 1060 2368 etc.
1106 2303 1225 2366 Tamen
1244 2301 1328 2364 haud

92 2462 165 2502 raro
188 2449 219 2502 et
237 2450 382 2501 accentus
407 2451 437 2501 et
459 2441 588 2522 spiritns
608 2444 820 2505 inconstanter
841 2443 961 2524 positos
979 2441 1187 2514 correximus,
1219 2461 1330 2520 quem·

92 2576 268 2640 admodum
285 2576 388 2653 βοῤῥᾶν
411 2573 575 2656 aliquoties
595 2577 777 2661 scripsimus
795 2599 854 2661 pro
872 2574 988 2658 βοῤῥάν,
1014 2574 1116 2655 ὀσφύν,
1140 2588 1174 2638 ut
1191 2575 1330 2660 plerum-

93 2737 155 2797 que
174 2713 237 2776 iam
260 2711 377 2775 editum
396 2725 477 2789 erat,
507 2737 567 2800 pro
584 2714 687 2796 ὀσφῦν;
704 2722 884 2799 μεγιστᾶνας,
916 2727 950 2780 ut
976 2717 1047 2802 ipsa
1067 2717 1162 2780 editio
1184 2717 1330 2802 princeps

94 2853 214 2937 passim
232 2850 341 2927 habet,
361 2874 418 2936 pro
435 2852 601 2934 μεγιστᾶνας
622 2855 729 2919 Iudith
747 2858 777 2933 2,
794 2859 812 2918 2
818 2881 827 2932 3
859 2856 953 2938 ἰχθύες
970 2879 1028 2941 pro
1046 2855 1149 2936 ι’χθῦες,
1164 2867 1329 2941 postquam

95 3000 276 3055 constanter
291 3007 503 3074 praecesserat
518 2991 616 3074 ἰχθύος
633 3005 689 3059 etc.
723 2995 801 3058 Item
819 2993 936 3077 ὁμίχλης,
955 3006 988 3059 ut
1006 2997 1077 3081 ipsa
1094 2997 1143 3059 ed.
1158 2995 1249 3059 Rom.
1268 2993 1329 3057 les.

98 3134 149 3208 29,
170 3133 232 3207 18.,
251 3152 309 3215 pro
325 3127 435 3210 ὁμίχλης
455 3131 553 3218 Zeph.
572 3136 600 3211 l,
622 3138 676 3210 15;
701 3132 824 3218 ᾑρέτισα,
847 3147 880 3199 ut
901 3135 991 3211 alibi,
1015 3158 1072 3219 pro
1091 3134 1200 3216 ἦρέτισα
1217 3137 1233 3197 1
1252 3132 1329 3219 ch.

98 3271 148 3346 25,
168 3271 219 3333 35.
239 3280 295 3333 ete.
340 3269 405 3334 Nec
422 3272 524 3358 magis
546 3275 720 3338 incorrecta
739 3275 925 3358 reliquimus
945 3274 1046 3355 χαλκοί
1063 3276 1245 3358 prolatant,
1271 3269 1332 3332 laad

97 3419 127 3472 et
142 3406 221 3478 λινοῖς
236 3430 295 3493 pro
312 3412 373 3470 broi
391 3422 419 3474 et
436 3413 520 3481 braic,
538 3412 621 3492 σιαὴν
640 3435 698 3498 pro
716 3419 811 3494 συκῆν,
829 3410 881 3483 τὰς
897 3411 950 3495 μοῖς
966 3435 1024 3498 pro
1041 3410 1094 3481 τὰς
1110 3416 1173 3492 γᾶς,
1192 3408 1332 3473 δυνάσται

96 3570 155 3633 pro
173 3551 326 3620 δυναστῶν,
351 3547 433 3631 χῆραι
449 3574 507 3637 pro
532 3557 625 3634 χῆραι,
649 3554 859 3635 σεροιεφαλαιά
884 3575 942 3638 pro
963 3555 1050 3613 -λαῖαι
1075 3561 1131 3614 ete·
1170 3549 1332 3612 Pertinent

96 3686 159 3752 huc
176 3688 270 3750 etiam
292 3687 396 3752 Exod.
422 3692 472 3766 11,
492 3693 520 3754 9.
541 3702 570 3756 et
586 3692 682 3756 Dent.
702 3695 731 3768 8,
756 3696 775 3757 8
798 3716 844 3776 sq.
865 3692 919 3756 ubi
937 3688 982 3754 ἵνα
998 3693 1145 3771 almos,
1168 3687 1333 3751 ἀσοστειἸαι

96 3836 125 3890 et
144 3823 301 3905 ἀναστῆσαι
321 3828 404 3893 male
422 3830 539 3893 editum
558 3843 623 3896 erat
645 3856 703 3918 pro
721 3829 766 3895 ἵνα
783 3830 924 3912 ababa
943 3828 1106 3893 ἀσοστεᾶαι
1123 3839 1153 3893 et
1170 3827 1331 3909 ἀναστῆσαι

96 3965 219 4030 Contra
240 3964 303 4029 alia
320 3966 406 4031 haud
423 3992 526 4054 pauca
543 3995 624 4054 quae
642 3983 787 4037 accentus
809 3982 839 4036 et
862 3972 990 4058 spiritus
1017 3971 1162 4046 attinent,
1195 3969 1332 4032 maxime

96 4107 130 4167 in
157 4104 338 4169 nominibus
368 4111 504 4195 propriis
537 4114 721 4198 conspicua,
757 4113 942 4178 accuratiori
974 4111 1077 4175 studio
1114 4108 1332 4174 commendare

96 4267 193 4327 quam
215 4244 315 4308 invita
333 4247 468 4312 editione
483 4252 624 4336 principe
642 4253 808 4318 emendare
827 4254 1006 4317 maluimus.

183 4383 329 4468 Denique
349 4388 389 4450 ad
411 4389 491 4456 hanc
513 4391 680 4457 editionem
699 4393 881 4478 appendicis
903 4392 972 4460 loco
990 4412 1073 4453 nunc
1091 4387 1220 4453 accessit
1237 4383 1333 4445 index

95 4523 238 4587 locorum
254 4523 336 4588 Nori
359 4527 550 4596 Testamenti
569 4532 807 4615 parallelorum,
830 4554 928 4613 quum
951 4551 1059 4592 eornm
1081 4526 1135 4607 qui
1155 4522 1234 4604 ipsis
1262 4534 1333 4576 ver-
