2924 4972
143 203 208 268 520
507 203 537 259 Τ
549 198 578 258 Ω
590 199 623 260 Β
636 202 657 258 l
669 202 700 258 T
736 201 813 275 Κεφ.
828 198 857 259 ι’.
871 198 919 259 ια’.
935 195 984 261 10.
999 195 1048 261 11.

144 314 176 379 δὲ
185 309 343 398 προήνεγκε
354 309 391 375 τά
402 306 533 376 θυλάκια
542 314 573 374 ἐν
584 322 648 385 ταῖς
659 336 753 394 σφρα·
788 315 819 376 ἐν
844 308 1105 398 παρακαταθήκη,
1130 314 1181 376 καὶ
1201 310 1241 395 μή
1260 309 1400 395 λυπήσης

144 403 233 476 γίοιν,
259 396 311 459 καί
336 395 442 458 ἔδωκεν
466 392 559 477 αὐτῷ.
588 395 669 458 1καὶ
693 393 755 477 α’ίρ-
788 391 889 477 αὐτήν.
915 396 942 436 ¹³
954 391 1029 476 μετά
1047 383 1144 460 τάῦτα
1163 393 1322 480 ἐπορεύετο
1346 384 1402 461 καί

144 491 274 563 θρευοαν
286 483 399 552 κοινῶς,
414 479 464 541 καί
477 477 575 560 ήλθον
587 480 626 550 εἰς
636 476 689 540 τὸν
698 474 755 554 γά·
789 481 908 563 Τωβίας
927 475 1055 555 εὐλογῶν
1073 477 1128 542 τὸν
1145 477 1234 553 θεὸν,
1261 476 1308 543 ὅτι
1321 475 1401 543 εὐαί-

144 588 216 648 μον,
239 563 290 626 καί
303 559 439 644 εὐλόγησε
456 563 575 645 Ίῖσβίας
588 559 641 642 τήν
652 571 755 636 γυναῖ-
787 561 862 625 δωσε
874 559 929 663 τήν
941 556 1011 625 ὁδὸν
1024 558 1133 637 αὐτοῦ,
1159 562 1210 624 καὶ
1228 557 1401 639 κατευλόγει

145 673 186 712 ιια
200 643 307 711 αὐτοῦ.
782 639 934 726 Ῥαγουηλ
951 646 1002 708 καὶ
1015 642 1123 709 ’Ἐδνσν
1135 641 1190 728 τήν
1201 657 1326 720 γυναῖκα
1339 644 1400 708 αὐ-

344 733 419 791 ΚΕ
431 730 468 789 Φ.
512 730 534 789 I
546 772 553 787 .
787 730 850 789 τοῦ.
876 729 928 790 καὶ
945 724 1102 810 ἐπορεύετο
1120 729 1218 812 μέχρις
1232 720 1268 792 σύ
1282 733 1399 806 ἐγγίσαι

144 778 232 877 Καὶ
241 813 341 914 Τωηίὶτ
351 806 369 873 ὁ
379 807 479 893 πατήρ
490 806 586 872 αὐτοῦ
596 807 755 885 ἐλογίσατο
788 805 900 884 αὐτούς
913 814 952 884 είς
964 806 1082 893 Νινευή·

145 892 272 1000 ἑκάστης
285 896 402 979 ημέροις.
416 887 520 965 καὶῶς
533 887 756 994 ἐπληρώθησαν
967 898 1041 956 ΚΕ
1054 899 1093 956 Φ.
1138 889 1213 959 ΙΑ’.

146 982 180 1044 αῖ
193 976 297 1062 ήμεραι
306 981 357 1059 τής
366 979 499 1060 πορείας,
511 974 563 1038 καί
572 999 627 1037 συν
639 970 754 1079 ἤρχετο,
787 942 869 1039 Καὶ
881 973 941 1041 εἶπε
954 971 1094 1059 Ῥαφαήλ
1108 975 1185 1063 πρὸς
1201 982 1329 1065 Τωβίαν.
1358 977 1396 1044 οὐ

128 1060 242 1126 wne.
281 1055 397 1143 μήποτε
423 1055 636 1148 κατήσχυνταις
673 1054 754 1140 ημή
786 1052 935 1135 γινσίσκεις
947 1055 1056 1139 ἀδελφέ
1068 1064 1133 1136 πῶς
1142 1059 1259 1143 ἀφῆκας
1269 1060 1323 1126 τὸν
1334 1088 1398 1126 πα-

143 1169 218 1211 ποτε
228 1141 362 1208 ἀπέθανε
372 1135 522 1226 Γαβυήλς
537 1141 587 1204 καὶ
596 1137 689 1216 οὐδεὶς
698 1137 755 1203 αύ-
787 1145 860 1226 τέρα
873 1167 945 1218 σου,·
970 1139 1212 1228 2προδράμωμεν
1224 1147 1398 1248 ἔμπροσθεν

144 1233 190 1312 τῷ
203 1228 305 1293 δίδωσι
318 1222 355 1290 τὸ
369 1221 525 1309 ἀργύρισνς
539 1224 609 1287 3καί
619 1224 754 1287 ἐλυπεῖτο
787 1229 838 1327 τής
862 1219 999 1301 γυναικός
1025 1251 1093 1300 σου,
1119 1229 1169 1290 κιιί
1196 1229 1398 1310 ἑτοιμάσωμεν

144 1311 221 1377 λίαν.
240 1307 333 1374 1εἷπε
346 1306 378 1371 δὲ
391 1306 475 1390 αὐτῷ
487 1302 505 1389 ή
518 1302 597 1388 γυνή.
617 1303 755 1370 ἀπώλετο
787 1332 841 1391 την
853 1312 962 1385 οἰκίαν,
989 1304 1087 1395 3λάβε
1103 1308 1231 1395 δὲπαρά
1243 1324 1328 1397 χεῖρα
1342 1312 1398 1396 τήν

144 1393 182 1458 τὸ
201 1394 336 1466 παιδίον,
362 1386 438 1455 διότι
456 1383 606 1474 κεχρύνικε.
634 1391 686 1454 καὶ
699 1387 755 1474 ήρ-
786 1386 878 1473 χολήν
897 1395 953 1454 τοῦ
971 1387 1085 1474 ἰχθύος.
1110 1394 1161 1455 καί
1177 1390 1396 1478 ἐπορεύθησαν,

145 1479 219 1553 ξατο
235 1485 356 1558 θρηνεῖν
375 1469 485 1547 αὐτὸν,
507 1473 558 1534 καὶ
575 1470 659 1535 εἶπεν.
690 1468 753 1534 1οὐ
787 1475 837 1536 καὶ
855 1472 1001 1556 συνῆλθεν
1019 1470 1036 1537 ὁ
1051 1471 1131 1540 κύων
1144 1474 1271 1541 ἀπισθεν
1284 1476 1394 1543 αὐτῶν.

145 1559 224 1642 μελει
236 1582 289 1639 μοι
307 1557 408 1620 τέκνον
425 1550 471 1619 ὅτι
485 1549 588 1636 ἀφήκά
598 1578 630 1617 σε
642 1552 679 1617 τὸ
692 1558 755 1633 φῶς
786 1555 860 1620 4καὶ
868 1553 957 1621 Ἄννα
969 1553 1102 1641 ἐκάθητο
1115 1559 1343 1645 περιβλατομένη
1356 1567 1396 1638 εἰς

145 1646 207 1705 τῶν
224 1639 394 1720 ὀφθαλμῶν
406 1663 472 1719 μου.
498 1638 513 1679 ⁰
527 1638 579 1701 καί
592 1639 694 1722 Τωβὶτ
706 1636 754 1700 λέ·
787 1636 841 1721 τήν
850 1636 921 1704 ὁδὸν
933 1636 986 1703 τὸν
998 1642 1094 1705 παῖδα
1104 1639 1206 1723 αὐτής,
1220 1645 1292 1708 1κοιλ
1301 1670 1396 1730 προς-

145 1749 189 1803 γει
203 1721 289 1788 αὐτά.
311 1729 391 1798 σίγα,
403 1716 443 1803 μή
457 1713 544 1795 λόγον
558 1722 611 1823 ἔχε,
626 1715 753 1795 ὐγιαίνει.
787 1716 905 1806 ενύηπεν
917 1720 1012 1787 αὐτὸν
1025 1719 1191 1822 ἐρχόμενον,
1214 1731 1265 1791 καὶ
1277 1725 1338 1791 εἶπε
1350 1733 1395 1813 τῷ

146 1809 161 1850 ’1
174 1807 225 1871 καὶ
237 1831 250 1869 ε
262 1829 315 1870 πεν
328 1802 420 1886 αὐτῷ.
447 1808 533 1880 σίγα,
545 1829 585 1886 μη
598 1801 699 1866 πλάνα
711 1828 755 1886 με,
788 1809 884 1908 πατρὶ
896 1803 998 1870 αὐτοῦ.
1014 1806 1077 1870 ἲδου
1093 1805 1110 1870 ὁ
1124 1804 1188 1882 υἱός
1199 1835 1259 1891 μου
1272 1813 1395 1895 ἔρχεται,

145 1886 285 1955 ἀπώλετο
298 1886 335 1952 τὸ
347 1887 468 1951 παιδίον
477 1911 543 1988 μου.
557 1887 609 1952 καὶ
621 1887 755 1972 ε’πορεύε-
788 1891 839 1952 καί
857 1886 1046 1974 οὐνθρωπος
1062 1888 1079 1954 ὁ
1094 1897 1249 1972 πορευθείς
1264 1893 1322 1974 μετ’
1340 1893 1396 1959 αὐ-

145 1998 182 2039 το
195 1971 264 2037 καθ’
281 1968 393 2057 ἡμέραν
406 1975 444 2044 είς
455 1993 509 2053 την
520 1964 591 2035 ὁδὸν
604 1971 676 2044 ἔξω,
690 1970 756 2045 οἵας
787 1975 850 2034 τοῦ.
877 1975 892 2014 1
906 1973 957 2037 καὶ
969 1968 1109 2057 Ῥαφαήλ
1122 1975 1210 2040 εἶπεν.
1235 1980 1397 2060 ἐπίσταμαι

146 2048 288 2139 ἀπῆλθεν.
314 2052 423 2139 ἡμέρας
440 2077 471 2116 τε
483 2050 575 2138 ἀρτον
592 2050 647 2116 οὐκ
660 2050 754 2136 ήοθιε,
787 2057 861 2131 ἐγώ,
887 2050 933 2120 ὅτι
959 2053 1065 2133 ἀνοίξει
1085 2059 1157 2133 τούς
1181 2055 1360 2142 ὀφθαλμοὺς
1377 2058 1393 2127 ὁ

145 2137 243 2214 τάςδὲ
256 2133 363 2213 νύκτας
374 2135 637 2221 οὐδιελίμπανεθρ
659 2140 755 2201 νοῦσα
787 2133 887 2241 πατήρ
907 2164 969 2203 σου.
1001 2137 1065 2204 1οὐ
1083 2142 1215 2224 ἔγχρισον
1232 2143 1286 2248 τήν
1303 2145 1397 2228 χολήν

151 2226 270 2309 Τωβίαν
283 2219 335 2285 τὸν
348 2218 412 2285 υἱὸν
425 2217 532 2304 αὐτῆς,
551 2225 606 2294 ἕως
619 2163 656 2284 οὐ
671 2244 753 2284 συνε-
787 2225 826 2295 εἰς
835 2245 905 2296 τους
916 2219 1096 2305 ὀφθαλμούς
1107 2225 1268 2300 αὐτοῦ,και
1277 2228 1396 2312 δηχθείς

146 2306 330 2390 τελέσθησαν
360 2309 393 2368 αῖ
417 2305 624 2389 δεκατέσσαρες
649 2297 754 2389 ήμέραι
787 2305 947 2390 διατρίψει,
960 2307 1010 2369 καί
1023 2303 1272 2393 ἀποβαλεῖταιτά
1283 2308 1395 2376 λευκού-

146 2394 205 2455 τσῦ
215 2387 323 2470 γάμου,
349 2383 385 2463 ἀς
398 2386 492 2472 ὤμοσε
504 2384 655 2470 Ῥαγουήλ
666 2392 753 2473 ποιή-
786 2413 877 2469 ματα,
896 2390 948 2453 καί
961 2387 1074 2472 ἀφεταί
1085 2415 1123 2454 σε.
1151 2393 1231 2457 1καλ
1242 2395 1396 2480 πρσςδρα-

148 2499 198 2537 σαι
223 2470 316 2538 αὐτὸν
333 2475 397 2537 ἐκεῖ.
425 2471 501 2538 εἶπεν
523 2468 555 2535 δὲ
576 2474 694 2556 Τωβίας
711 2475 756 2555 τῷ
786 2477 886 2555 μοῦσα
897 2470 986 2537 Ἄννα
1003 2475 1141 2540 ἐπέπεσεν
1158 2478 1209 2540 ἐπὶ
1220 2474 1273 2543 τὸν
1284 2476 1397 2563 τράχη-

142 2551 300 2642 Ῥαγουήλ.
326 2551 535 2634 έξαπύστειλύν
546 2581 590 2636 με,
604 2551 649 2618 ὅτι
664 2551 681 2619 ὁ
694 2583 756 2621 πα·
789 2556 841 2620 λον
853 2559 912 2620 τοῦ
929 2560 995 2620 υἱοῦ
1013 2556 1121 2642 αὐτῆς,
1148 2563 1199 2624 καὶ
1210 2559 1288 2625 εἶπεν
1300 2559 1394 2645 αὐτῷ.

146 2637 202 2726 τήρ
215 2667 273 2723 μου
287 2641 338 2705 καὶ
351 2636 473 2725 ήμήτηρ
486 2664 545 2721 μου
560 2636 659 2703 οὐκέτι
673 2639 755 2704 έλπί-
788 2634 865 2705 εἶδόν
879 2664 910 2703 σε
922 2641 1051 2717 παιδίον,
1063 2640 1127 2707 ἀπὸ
1139 2649 1195 2708 τοῦ
1207 2649 1258 2709 νῦν
1270 2641 1395 2710 ἀποθα-

147 2726 245 2799 ζσυσιν
265 2723 401 2805 ὄψεσθαί
417 2749 459 2803 με.
485 2723 501 2765 ⁸
514 2719 576 2784 εἶπε
593 2720 625 2786 δὲ
641 2717 755 2805 αὐτῷὃ
788 2728 901 2803 νούμαι.
915 2725 966 2787 καὶ
979 2725 1124 2790 ἔκλαυσαν
1136 2723 1307 2814 ἀμφότεροι.
1323 2729 1396 2792 9καί

145 2816 237 2870 πενθε
258 2800 298 2874 ύς.
312 2817 408 2885 μεῖνον
420 2801 489 2889 παρ’
505 2803 579 2883 ἐμοὶ,
593 2800 676 2886 κάγώ
687 2807 754 2880 ε’ξα-
792 2807 891 2891 Ίωβὶτ
905 2802 1038 2888 ἐξήρχετο
1054 2809 1131 2891 πρὸς
1143 2809 1197 2894 τήν
1209 2808 1324 2893 θύραν,
1342 2812 1395 2874 καὶ

146 2831 285 2953 ποστελῶ
309 2885 385 2972 πρὸς
403 2884 456 2951 τὸν
473 2887 592 2968 πατέρα
611 2912 679 2962 σου,
704 2890 756 2951 καί
786 2889 996 2971 προςέκοπτεν.
1024 2888 1086 2956 ὁδὲ
1104 2891 1169 2968 υίὸς
1186 2890 1283 2957 αὐτοῦ
1301 2919 1395 2975 προς-

147 2965 329 3054 δηλιύοσυσιν
346 2966 430 3050 αὐτῷ
448 2968 488 3032 τά
504 2965 582 3031 κατά
601 2994 641 3034 σε.
674 2971 755 3034 9καὶ
787 2972 905 3055 έδραμεν
923 2970 1024 3055 αὐτῷ,
1049 2977 1079 3018 ¹⁰
1090 2976 1141 3039 καὶ
1160 2973 1316 3060 ἐπελάβετο
1335 2979 1394 3038 τοῦ

151 3056 270 3139 Τωβίας
287 3052 370 3129 λέγει.
402 3047 611 3127 ἐξαπόστειλάν
627 3077 662 3136 με
679 3051 767 3137 πρὸς·
786 3054 901 3139 πατρὸς
916 3053 1022 3133 αὐτοῦ,
1035 3059 1260 3141 καὶπρσςέπασε
1270 3053 1325 3137 τήν
1335 3081 1390 3138 χο-

146 3133 200 3202 τὸν
215 3138 334 3218 πατέρα
351 3159 417 3218 μου.
444 3137 473 3178 ¹⁰
486 3131 619 3209 ἀναστάς
635 3135 668 3201 δὲ
681 3133 755 3201 Ῥα-
787 3135 839 3217 λήν
858 3139 908 3202 ἐπὶ
925 3136 996 3213 τούς
1012 3137 1188 3219 ὀφθαλμοὺς
1204 3136 1391 3220 τοῦπατρὸς

146 3218 242 3304 γσυήλ
261 3219 368 3284 ἔδωκεν
387 3215 473 3282 αὐτῶ
487 3213 612 3302 Σάῤῥαν
632 3216 685 3301 τήν
700 3246 755 3297 γυ-
787 3220 893 3294 αὐτοῦ,
906 3220 1008 3300 λέγων.
1021 3216 1127 3304 θάρσει
1137 3214 1240 3302 πάτερ.
1263 3223 1289 3260 11
1302 3216 1344 3294 ὡς
1357 3221 1392 3285 δὲ

147 3315 236 3371 ναῖκα
251 3301 356 3380 αὐτοῦ,
369 3305 420 3367 καί
431 3285 470 3365 τά
484 3297 569 3386 ήμισυ
582 3307 643 3367 τῶν
659 3299 755 3387 ὐπαρ-
787 3301 1016 3407 ουνεδήχθησαν,
1040 3303 1171 3388 διέτριψε
1184 3298 1255 3377 τούς
1267 3300 1391 3383 ὀφθαλ-

146 3385 274 3476 χύντων,
297 3383 422 3471 οιύματα
433 3387 484 3449 καί
497 3382 585 3469 κτήνη
598 3387 649 3450 καὶ
661 3384 753 3471 ἀργύ-
785 3384 857 3469 μούς
870 3394 976 3462 αυτοῦ,
997 3390 1024 3430 ¹²
1036 3388 1086 3452 καί
1099 3386 1241 3470 ἐλεπίσθη
1254 3383 1318 3451 ἀπὸ
1331 3392 1392 3451 τῶν

147 3499 225 3560 ριον,
249 3477 273 3515 11
285 3477 337 3538 καὶ
349 3465 513 3554 εὐλογήσας
526 3467 636 3546 αὐτοὺς
649 3472 754 3547 ίξαπέ-
787 3466 911 3534 κάνθων
920 3469 1160 3553 τῶνάφθαλμῶν
1172 3467 1269 3534 αὐτοῦ
1279 3467 1318 3534 τά
1327 3471 1391 3536 λευ-

148 3558 249 3633 στειλε,
261 3558 365 3636 λέγων.
391 3552 527 3619 εὐοδιύσει
547 3551 621 3636 ὑμᾶς
633 3558 723 3619 τέκνα
736 3550 752 3617 ὁ
786 3553 918 3637 κιύματα.
933 3557 984 3618 καὶ
997 3553 1067 3619 ἰδών
1078 3553 1131 3619 τὸν
1144 3550 1208 3618 υίὸν
1216 3550 1311 3618 αὐτοῦ
1322 3557 1392 3618 ἕπε’-

147 3640 218 3715 θεὸς
230 3645 286 3704 τοῦ
300 3639 430 3726 οὐρανοῦ
442 3635 502 3721 πρὸ
516 3642 572 3701 τοῦ
583 3636 619 3719 μὲ
631 3635 754 3702 ἀποθα-
786 3663 871 3702 πεσεν
884 3641 933 3701 ἐπὶ
946 3635 999 3702 τὸν
1013 3635 1159 3722 τράχηλον
1172 3635 1276 3712 αὐτοῦ,
1301 3637 1327 3678 ¹³
1340 3638 1393 3700 καὶ

148 3733 213 3786 νεῖν.
252 3725 342 3785 11καὶ
361 3720 422 3786 εἶπε
440 3725 478 3811 τῇ
495 3722 630 3807 θυγατρὶ
647 3719 753 3785 αὐτοῦ.
787 3720 907 3785 έίιλαυσε
920 3722 971 3783 καὶ
983 3719 1068 3786 εἶπεν.
1081 3719 1240 3805 εὐλογητὸς
1251 3714 1391 3795 εἶὸθεὸς,

148 3811 220 3886 τίμα
237 3803 307 3877 τούς
325 3803 487 3905 πενθερούς
506 3829 577 3880 σου,
602 3801 691 3868 αὐτοὶ
704 3808 755 3868 νῦν
787 3808 837 3868 καί
849 3801 1007 3887 εὐλογητόν
1024 3803 1061 3868 τὸ
1080 3800 1175 3887 ἀνομά
1195 3829 1250 3869 σου
1267 3807 1305 3877 εἰς
1322 3802 1393 3878 τούς

146 3898 242 3965 γονεῖς
256 3910 312 3949 σου
326 3887 406 3960 εἰσίν,
420 3882 581 3991 ακούσαιμί
593 3911 647 3951 σου
660 3884 755 3967 ἀκοήν
786 3891 911 3962 αἰῶνας,
941 3889 992 3951 καί
1018 3885 1207 3972 εὐλογημένοι
1231 3882 1338 3963 πάντες
1364 3891 1395 3952 οῖ

148 3968 255 4052 καλήν,
269 3970 319 4032 καί
332 3969 465 4051 ἐφίλησεν
478 3966 536 4034 αὐτ
557 3993 579 4033 ν.
606 3967 755 4033 καὶἚδνα
786 3965 868 4046 ἀγιοί
884 3995 938 4034 σου
956 3968 1091 4048 ἀγγελοι,
1121 3965 1212 4035 11ὐτι
1229 3972 1394 4050 ἐμαστίγω-

149 4052 227 4118 εἶπεν
239 4051 317 4135 πρὸς
333 4055 460 4134 Τωβίαν.
488 3997 595 4131 ἀδελφέ
608 4049 754 4134 ἀγαπητέ,
786 4078 839 4128 σας
854 4055 905 4117 καὶ
922 4051 1048 4137 ήλέηοάς
1059 4081 1102 4136 με.
1130 4054 1194 4117 ίδσύ
1206 4053 1309 4137 βλέπω
1327 4059 1395 4117 Τω-

149 4130 401 4216 ἀποκαταστήσαί
414 4159 445 4197 σε
456 4129 474 4196 ὁ
485 4129 585 4217 κύριος
595 4137 650 4196 τοῦ
661 4132 755 4218 οὐρα·
785 4139 855 4221 βίαν
867 4135 920 4200 τὸν
933 4133 998 4200 υῖύν
1009 4164 1075 4219 μου.
1090 4138 1142 4201 καὶ
1155 4137 1285 4218 είςήλθεν
1298 4134 1316 4200 ὸ
1331 4132 1395 4210 υίὸς

149 4223 218 4294 νοῦ,
243 4220 294 4282 καὶ
311 4215 375 4300 δῴη
386 4241 435 4296 μσι
454 4217 523 4281 ἰδεῖν
535 4241 588 4280 σου
603 4215 710 4281 παιδία
723 4220 754 4282 ἐκ
786 4217 880 4283 αὐτοῦ
891 4226 1020 4303 χαίρων,
1044 4224 1096 4284 καὶ
1108 4215 1264 4303 ἀπήγγειλε
1276 4223 1322 4302 τῷ
1333 4244 1395 4284 πα-

148 4299 269 4388 Σάρῤας
290 4304 342 4384 τῆς
367 4295 518 4378 θυγατρός
536 4323 607 4380 μου,
632 4303 682 4363 ‘tva
706 4299 753 4366 εὐ·
786 4304 834 4405 τρὶ
858 4302 954 4367 αὐτοῦ
975 4303 1014 4367 τά
1036 4301 1176 4385 μεγαλεῖα
1199 4300 1239 4366 τὰ
1257 4299 1395 4385 γενόμενα

148 4389 278 4474 φρανθῶ
290 4379 418 4450 ἐνώπιον
431 4385 485 4447 τοῦ
498 4386 612 4467 κυρίου.
626 4385 677 4447 καί
689 4382 753 4449 1δού
786 4389 872 4469 αυτῷ
884 4388 913 4449 ἰν
925 4389 963 4478 τῇ
975 4386 1094 4468 Μηδίᾳ.
1108 4385 1191 4451 11καί
1203 4384 1310 4467 ἐξῆλθε
1328 4392 1397 4449 Τω-

147 4474 354 4559 πσρατίθεμαί
377 4493 423 4534 σοι
448 4461 500 4551 τήν
525 4467 680 4554 θυγατέρα
696 4493 754 4550 μου
784 4469 834 4554 βὶτ
858 4473 897 4546 εἰς
922 4465 1097 4552 συνάντησιν
1124 4473 1160 4562 τῇ
1183 4463 1282 4563 νύμφη
1299 4466 1397 4534 αὐτοῦ

1283 4558 1400 4638 χαίρων
