2924 4972
161 224 232 295 274·
431 223 726 289 ΒΑΣΙΛΕΙΩΝ
749 224 930 288 ΠΡΩΤΗ
969 224 1134 310 Κεσ.β’.ἳ

160 350 246 437 εύχην
258 355 302 415 τῶ
316 348 469 453 εύχομένῳ.
490 347 540 409 καί
553 340 706 428 εὐλόγησεν
718 345 770 425 έτη
809 341 964 426 εὐλόγησεν
984 340 1060 405 ‘HM
1078 340 1133 406 τὸν
1145 341 1277 409 Ἑλκανά
1297 349 1349 410 καί
1367 348 1424 430 την

163 418 290 510 δικαίου,Ι
300 430 347 498 δ’τι
356 457 412 496 ουκ
422 435 452 495 έν
465 426 539 512 ίσχύι
550 427 673 501 δυνατὸς
684 422 769 511 άνηρ.
808 436 933 504 γυναῖκα
946 422 1058 500 αὐτοῦ,
1079 424 1186 504 λέγων.
1213 425 1361 494 ἀποτῖσαι
1375 457 1423 496 σοι

160 515 294 602 ’θκύριος
307 515 418 597 ἀσθενῆ
432 511 548 595 ποιησει
559 510 705 575 ἀντίδικον
714 508 770 573 αὖ·
809 505 910 595 κύριος
930 503 1048 594 σπέρμα
1066 513 1098 574 ἐκ
1117 514 1171 594 τῆς
1189 510 1328 589 γυναικὸς
1345 511 1421 580 ταύ-

160 607 233 676 τοῡ,
259 596 360 686 κύριος
384 596 477 676 ἅγιος.
509 591 550 699 μὴ
567 590 733 679 καυχάσθω
752 588 769 657 ὁ
810 618 877 677 της,
902 590 969 658 ἇντί
985 597 1040 657 τοῦ
1058 587 1163 677 χρέους
1181 587 1218 660 ού
1235 598 1358 681 ἔχρησας
1376 604 1422 681 τῷ

162 681 302 768 ηράνιμος
321 686 351 747 έν
367 686 404 774 τῇ
424 704 563 763 φρονησει
581 674 693 753 αὐτοῦ,
720 677 770 739 καί
809 681 911 761 κυρίῳ.
940 677 992 740 καί
1008 672 1144 760 ἀπῆλθεν
1162 673 1181 743 δ
1199 677 1364 764 άνθρωπος
1382 687 1423 758 είς

161 770 201 873 μη
215 762 380 850 καυχάσθω
393 763 411 829 ὁ
424 762 548 838 δυνατὸς
561 765 641 852 έντῇ
654 754 770 842 δυνάμει
810 759 862 825 τὸν
875 754 969 823 τόπον
982 756 1090 824 αὐτοῦ.
1124 762 1152 804 ²¹
1166 758 1421 847 καίίπεσκέιματο

163 853 273 926 αυτοῦ,
298 851 349 913 καί
365 846 406 931 μὴ
422 841 584 931 καυχάσθω
598 842 615 909 ὸ
628 838 770 917 πλούσιος
810 838 908 928 κύριος
919 839 975 927 τὴν
987 841 1103 918 Ἅνναν,
1116 845 1169 909 καί
1181 846 1274 908 έτεκεν
1286 849 1330 910 έτι
1342 860 1421 932 τρεῖς

163 939 195 1000 έν
212 938 256 1016 τῷ
274 927 397 1013 πλούτῳ
415 929 519 996 αὐτοῦ.
545 926 610 992 ἀλλ’
627 922 769 1010 ἐντούτῳ
811 925 903 1001 υίοίις,
916 927 968 990 καί
980 922 1035 991 δύο
1046 922 1227 1013 θυγατέρας.
1252 931 1302 994 καί
1315 933 1418 1014 ἐμεγα·

161 1013 328 1101 καυχάσθω
345 1012 363 1079 ὁ
379 1007 563 1098 καυχώμενος
566 1062 576 1089 ,
604 1020 708 1076 συνιείν
719 1011 771 1075 καί
811 1006 910 1092 λύυθη
919 1007 957 1073 τὸ
966 1005 1127 1115 παιδάριον
1135 1010 1282 1096 Σαμουὴλ
1293 1011 1420 1080 ἐνώπιον

160 1098 313 1179 γινώσκειν
329 1094 383 1162 τὸν
394 1093 513 1182 κύριον,
536 1096 589 1160 καί
600 1106 695 1159 ποιεῖν
706 1098 771 1180 κρί-
811 1098 924 1179 κυρίου.
962 1094 1058 1158 22καὶ
1078 1093 1146 1158 Ηλί
1162 1093 1329 1183 πρεσβύτης
1342 1094 1421 1179 σφό-

160 1210 204 1268 μα
221 1184 271 1247 καί
290 1177 476 1264 δικαιοσύνην
493 1184 525 1244 ἐν
542 1181 622 1261 μέσῳ
638 1182 691 1262 τῆς
708 1180 769 1281 γης.
812 1176 877 1261 δρα.
890 1175 943 1240 καί
953 1173 1076 1259 ἤκουσεν
1089 1173 1110 1242 δ
1123 1180 1241 1244 ἐποίουν
1254 1183 1353 1245 οίυίοί
1363 1179 1420 1245 αύ-

162 1263 263 1353 κύριος
276 1264 367 1351 ἀνέβη
381 1268 419 1338 είς
433 1258 589 1348 οὐρανούς,
602 1263 654 1326 καί
667 1264 772 1367 έβρσν-
813 1263 869 1324 τοῦ
885 1269 948 1334 τοῖς
968 1263 1042 1334 υίοῑς
1055 1256 1195 1344 Ἰσραὴλ,
1231 1263 1260 1306 ²³
1273 1266 1325 1328 καί
1343 1261 1420 1329 εἶπεν

162 1375 255 1436 τησεν.
283 1347 376 1421 αὐτὸς
388 1359 479 1432 κρινεῖ
488 1345 568 1432 έέκρα
579 1349 643 1429 γῆς,
661 1370 714 1408 και
726 1345 771 1408 δέ·
813 1341 925 1418 αὐτοῖς.
957 1346 1038 1408 ίνατί
1060 1356 1172 1410 ποιεῖτε
1188 1343 1268 1412 κατά
1284 1345 1320 1411 τὸ
1341 1351 1420 1433 ῥῆμα

163 1436 255 1498 δωσιν
269 1429 350 1515 ἰσχύν
362 1441 427 1503 τοῖς
437 1429 603 1514 βασιλεῦσιν
616 1425 708 1511 ἡμῶν,
721 1427 773 1491 καί.
812 1431 917 1502 τοῦτο,
928 1421 947 1490 δ
958 1425 1017 1503 ἐγὼ
1028 1423 1134 1492 ἀκούω
1142 1431 1175 1494 έκ
1186 1426 1335 1513 πόματος
1343 1456 1419 1496 παν-

162 1512 280 1597 ύψιύσει
297 1517 386 1598 κέρας
398 1515 521 1596 χριστοῦ
539 1509 645 1574 αὐτοῦ.
683 1510 773 1574 11καί
811 1511 865 1584 τὸς
875 1515 930 1574 τοῦ
943 1508 1022 1575 λαοῦ
1031 1515 1134 1597 κυρίου
1136 1539 1150 1614 χ
1167 1512 1199 1555 ²⁴
1207 1514 1248 1598 μὴ
1260 1512 1361 1591 τέκνα,
1373 1512 1420 1579 ὅτι

162 1598 320 1664 κατέλιπεν
339 1592 435 1661 αὐτὸν
447 1596 508 1658 έκεΐ
519 1588 646 1658 ένιύπιον
656 1598 771 1678 κυρίου,
812 1592 867 1659 οὐκ
880 1591 985 1700 οἰγαθη
999 1588 1018 1678 ἢ
1031 1591 1102 1659 buo*
1123 1593 1159 1679 ίχν
1171 1593 1230 1673 ἐγώ
1242 1593 1356 1663 ἀκούω.
1380 1595 1420 1681 μὴ

162 1684 214 1748 καί
232 1679 368 1764 ἀπῆλθεν
386 1682 425 1752 είς
445 1675 627 1763 Ἀρμαθαίμ.
666 1677 718 1740 καί
734 1674 771 1741 τὸ
812 1688 921 1742 ποιεῖτε
947 1702 1058 1752 ουτως,
1090 1622 1138 1742 δτι
1164 1678 1218 1744 ούκ
1244 1679 1363 1758 ἀγαθαί
1387 1685 1420 1744 αί

162 1759 324 1850 παιδάριον
337 1749 556 1866 ἧνλιιτουργῶν
566 1765 609 1844 τῷ
619 1754 772 1845 προςσύπῳ
813 1758 904 1826 αἰκοαί
915 1755 951 1836 ἃς
964 1758 1023 1839 ἐγιδ
1035 1755 1137 1825 ἀκούω
1154 1769 1209 1828 τοῦ
1220 1759 1260 1866 μὴ
1274 1760 1420 1829 δουλεύειν

162 1852 265 1932 κυρίου
279 1839 491 1911 ἐνώπιονἩλι
503 1847 558 1908 τοῦ
569 1846 677 1929 ίερέως.
690 1845 773 1908 12καί
813 1842 889 1909 λαὸν
900 1847 975 1927 θεῷ.
1001 1845 1030 1888 ²⁵
1045 1842 1096 1908 ἐάν
1109 1841 1288 1931 άμαρτανων
1300 1844 1420 1931 άμάρτη

163 1935 194 1995 οί
220 1931 280 1993 υίοί
300 1925 373 1992 ‘HM
393 1931 450 1992 τοῦ
474 1929 571 2012 ἱερέως
588 1927 649 1991 υἱοί
665 1927 772 2008 λοιμοὶ,
814 1923 887 2013 ἀνὴρ
900 1931 939 2002 εἰς
950 1925 1332 2013 άνδρα,καίπροςεύξονται
1344 1920 1421 2016 ὑπέρ

164 2012 219 2079 ούκ
233 2011 341 2085 είδότες
353 2008 406 2074 τὸν
417 2005 527 2095 κύριον.
541 2006 639 2074 καὶτὸ
653 2010 771 2073 δικαίω·
813 2009 907 2075 αὐτοῦ
920 2010 999 2096 πρὸς
1011 2005 1120 2096 κύριον.
1143 2014 1194 2076 καί
1206 2011 1257 2078 ἐὰν
1269 2018 1314 2096 τῷ
1326 2021 1420 2097 κυρίῳ

163 2123 206 2181 μα
219 2100 273 2160 τοῦ
288 2097 386 2182 ίερέως
402 2091 489 2180 παρά
500 2098 556 2158 τοῦ
570 2093 648 2158 λαοῦ
661 2094 773 2169 παντὸς
813 2089 943 2185 άμάρτη,
961 2101 1005 2169 τίς
1016 2090 1203 2179 προςεύξεται
1218 2093 1291 2180 ὑπέρ
1307 2095 1420 2175 αὐτοῦ,

163 2185 220 2246 τοῦ
233 2174 372 2253 θύοντος.
395 2177 422 2220 ¹³
434 2179 486 2242 καί
498 2175 602 2262 ἤρχετο
616 2176 651 2241 τὸ
664 2181 772 2244 παιδα-
813 2178 865 2242 καί
875 2175 931 2241 οὐκ
944 2175 1054 2262 ἢκουον
1066 2184 1117 2261 τῆς
1131 2185 1229 2263 φωνης
1240 2186 1294 2244 τοῦ
1305 2177 1419 2265 πατρὸς

166 2288 231 2352 ριον
240 2268 294 2328 τοῦ
305 2264 404 2347 ίερέως
413 2257 454 2335 ὡς
463 2258 618 2345 ίίνίμμηθη
628 2257 665 2325 τὸ
675 2263 774 2369 κρέας,
814 2259 931 2336 αὐτῶν,
957 2256 1005 2326 δ’τι
1022 2258 1200 2347 βουλόμενος
1217 2259 1355 2349 ἐβούλετο
1367 2260 1418 2328 κύ-

165 2348 218 2411 καί
234 2342 363 2432 κρεάγρα
380 2340 517 2431 τριόδους
534 2349 565 2410 ἐν
576 2349 614 2438 τῇ
632 2369 705 2428 χειρι
718 2342 774 2409 αύ-
815 2369 878 2430 ριος
902 2345 1074 2429 διαφθεῖραι
1100 2343 1221 2422 αὐτούς.
1260 2349 1290 2390 ²⁶
1308 2349 1359 2412 καί
1384 2344 1419 2410 τὸ

165 2435 239 2508 τοῦ,
266 2428 293 2472 ¹⁴
306 2432 359 2497 καί
383 2424 528 2505 ἐπάταξεν
553 2425 650 2511 αὐτὴν
666 2432 706 2503 είς
722 2420 775 2492 τδν
813 2423 974 2514 παιδάριον
998 2429 1145 2513 Σαμουὴλ
1169 2426 1343 2517 ἐπορεύετο,
1370 2431 1421 2495 καί

166 2513 277 2600 λέβητα
294 2511 347 2578 τὸν
361 2516 455 2598 μέγαν
475 2512 546 2594 ηἐίς
559 2511 594 2576 τὸ
608 2508 775 2594 χαλκείονῆ
816 2499 851 2600 ἦν
869 2509 989 2589 άγαθδν
1004 2509 1077 2593 μετά
1094 2540 1132 2598 κυ
1152 2519 1198 2578 ίου
1216 2517 1267 2579 καί
1283 2512 1357 2597 μετὰ
1368 2512 1421 2579 άν-

166 2603 205 2672 είς
223 2594 278 2679 τὴν
296 2591 422 2682 χύτραν,
448 2599 498 2659 καί
510 2600 573 2660 πᾶν
592 2591 674 2659 δέάν
686 2592 775 2702 άνίβη
815 2591 959 2681 θρώπων.
997 2597 1027 2638 ²⁷
1042 2597 1094 2660 καί
1113 2538 1204 2682 ἦλθεν
1222 2594 1241 2662 ὁ
1258 2596 1422 2683 ἄνθρωπος

167 2685 199 2744 ἐν
211 2685 249 2762 τῆ
261 2676 402 2764 κρεάγρᾳ,
420 2674 581 2763 ἐλάμβανεν
594 2679 690 2761 ἑαυτῷ
704 2673 721 2742 ὁ
736 2702 775 2741 ιε-
815 2684 889 2744 θεοῦ
901 2679 978 2764 πρὸς
991 2674 1080 2754 Ἠλὶ,
1105 2683 1156 2744 καί
1168 2680 1237 2745 εἷπε.
1264 2678 1335 2747 τάδε
1347 2676 1422 2757 λέγει

166 2754 240 2847 ρεάςῖ
255 2759 332 2825 κατά
342 2759 412 2825 τάδε
423 2765 545 2825 ἐποίουν
554 2763 645 2826 παντί
655 2759 776 2847 Ἰσραὴλ
814 2756 923 2865 κύριος.
956 2759 1181 2841 άποκαλυφθείς
1206 2761 1423 2846 άπεκαλύφθην

165 2857 229 2919 τοῖς
254 2846 418 2929 ἐρχομένοις
439 2848 535 2909 θῦσαι
552 2848 646 2928 κυρίῳ
666 2847 697 2910 έν
712 2850 776 2930 Ση-
813 2869 890 2928 προς
902 2841 983 2908 οἶκον
996 2847 1051 2908 τοῦ
1063 2839 1179 2928 πατρός
1192 2868 1248 2908 σου
1261 2845 1356 2909 ὄντων
1365 2846 1422 2912 αύ-

165 2926 239 3012 λιύμ.
253 2925 661 3013 16καίπρίνθυμιαθῖμαιτδ
673 2930 775 3014 στέαρ,
815 2932 875 2991 τῶν
892 2929 923 2992 έν
938 2931 976 3020 γῇ
988 2921 1137 3008 Αίγάττῳ
1156 2922 1331 3012 δούλωντῷ
1347 2931 1422 3015 οἴκῳ

166 3010 270 3094 ἤοχετο
286 3010 323 3075 τὸ
336 3006 497 3096 παιδάριον
513 3016 569 3075 τοῦ
588 3014 701 3097 ἱερέως,
725 3012 776 3075 καί
815 3008 949 3097 Φαραώ,
974 3011 1004 3053 ²⁸
1017 3011 1069 3074 καί
1085 3003 1251 3094 ἐξελεξάμην
1269 3009 1322 3077 τὸν
1340 3010 1421 3077 οἶκον

165 3069 246 3170 ἔλεγε
264 3097 307 3175 τῷ
328 3089 413 3178 ἀνδρί
425 3099 468 3175 τῷ
482 3089 597 3158 θύοντι.
624 3094 675 3170 δὸς
687 3098 775 3181 κρέας
813 3098 870 3158 τοῦ
881 3089 998 3177 πατρός
1010 3118 1064 3157 σου
1077 3095 1109 3156 έκ
1121 3091 1243 3159 πάντων
1252 3101 1314 3160 τῶν
1324 3092 1420 3179 σκηπ-

168 3179 294 3260 ίιπτησαι
307 3179 352 3258 τῷ
364 3179 441 3261 ίερεῖ,
455 3178 506 3241 καί
519 3174 602 3261 ούμη
615 3172 700 3264 λάβω
712 3206 773 3244 πα-
814 3200 894 3262 τρων
921 3172 1044 3261 Ἰσραὴλ
1069 3178 1135 3258 ἐμοὶ
1158 3173 1331 3258 ἱερατεύειν,
1362 3185 1420 3244 τοῦ

165 3261 204 3343 ρά
224 3264 280 3326 σοῦ
297 3261 385 3345 κρέας
403 3257 502 3341 έσθδν
519 3263 552 3325 ἐκ
570 3266 624 3326 τοῦ
643 3261 773 3348 λέβητος.
812 3258 978 3347 ἀναβαίνων
991 3261 1041 3326 έπί
1053 3256 1264 3343 θυσιαστήριόν
1274 3287 1343 3344 μου,
1369 3265 1421 3326 καί

164 3346 257 3410 16καί
275 3344 373 3422 έλεγεν
391 3340 498 3431 δάνηρ
511 3340 529 3409 δ
541 3341 634 3409 θύων.
659 3356 773 3428 θυμια-
811 3355 856 3410 θυ
889 3350 926 3430 ηἰν
949 3349 1101 3428 θυμίαμα,
1125 3345 1176 3409 καί
1194 3344 1284 3430 αἴρειν
1297 3341 1419 3423 Ἐσούδ.

163 3427 253 3516 θητω
279 3433 402 3515 πρῶτον
419 3426 459 3504 ὡς
476 3424 598 3533 καθηκει
615 3427 652 3494 τὸ
671 3425 773 3514 στέαρ,
812 3457 864 3495 και
891 3430 989 3495 έδωκα
1003 3434 1047 3512 τῴ
1066 3429 1140 3511 οἴκῳ
1157 3433 1214 3493 τοῦ
1233 3422 1348 3513 πατρός
1366 3455 1420 3494 σου

162 3517 214 3579 καί
230 3509 269 3578 λά
290 3540 302 3578 ι
320 3518 434 3596 σεαυτῷ
456 3516 488 3577 έκ
504 3537 628 3578 παντων
645 3504 690 3576 ιδν
708 3516 774 3576 ίπι-
813 3510 852 3578 τά
864 3511 966 3580 πάντα
978 3518 1034 3579 τοῦ
1046 3513 1141 3598 πυρὸς
1157 3515 1231 3578 υίῶν
1244 3509 1368 3596 Ἰσραηλ
1381 3517 1420 3586 είς

162 3610 283 3681 θυμεῖη
298 3592 377 3681 ψυχή
392 3623 456 3662 σου.
470 3598 522 3660 καί
534 3593 620 3661 εδιτεν.
635 3592 710 3678 ούχί.
726 3591 773 3660 ὅτι
811 3600 934 3683 βρῶσιν.
972 3599 1002 3641 ²⁹
1016 3599 1068 3662 καί
1084 3601 1164 3662 ἱνατί
1185 3591 1352 3682 ε’πέβλεψας
1369 3597 1419 3659 ἐπί

163 3685 216 3743 νῦν
229 3677 337 3752 διέσεις.
358 3681 410 3743 καί
421 3677 473 3744 έάν
485 3676 536 3762 μη,
549 3673 686 3762 ληψομαι
699 3705 772 3764 κρα-
815 3680 849 3744 τὸ
873 3678 1012 3764 θυμίαμά
1030 3706 1089 3764 μου
1113 3680 1165 3744 καί
1184 3683 1224 3755 είς
1240 3677 1293 3762 τὴν
1310 3684 1419 3744 θυσίαν

162 3766 263 3836 ταιῶς.
302 3763 329 3804 ¹⁷
341 3765 393 3827 καί
410 3750 446 3847 ἦν
463 3760 481 3846 ἢ
501 3761 635 3845 άμαρτία
647 3758 772 3828 ἐνώπιον
812 3790 872 3846 μου
890 3762 1185 3846 ἆναιδεῖόωθαλμῷς
1211 3765 1263 3828 καί
1275 3758 1421 3838 έδόξασας

163 3851 266 3930 κυρίου
277 3849 337 3909 τῶν
345 3847 515 3930 παιδαρίων
524 3841 635 3929 μεγάλη
644 3842 772 3930 σφόδρα,
812 3843 882 3920 τούς
894 3843 977 3922 υἱούς
990 3872 1044 3912 σου
1058 3842 1132 3931 ὑπὲρ
1144 3843 1194 3926 ἐμὲ
1202 3846 1419 3921 ένευλογεῖσθαι

164 3923 211 3991 ὅτι
226 3926 356 4012 ἦθέτουν
369 3928 423 4013 τὴν
434 3935 548 3994 θυσίαν
559 3935 672 4014 κυρίου.
687 3929 773 3992 18καί
812 3925 948 4012 άπαρχῆς
971 3924 1072 4010 πάσης
1092 3934 1200 4001 θυσίας
1217 3932 1273 3991 τοῦ
1295 3925 1420 4012 Ἰσραὴλ

163 4009 307 4096 Σαμουὴλ
326 4000 361 4113 έχν
379 4011 557 4097 λειτουργῶν
574 4012 702 4077 ἐνώπιον
719 4038 772 4076 κυ-
811 4009 986 4097 ἔμπροσθέν
1009 4036 1067 4092 μου
1071 4038 1085 4089 ,·
1122 4010 1153 4053 ³⁰
1166 4006 1216 4073 διά
1238 4012 1332 4071 τοῦτο
1350 4007 1421 4075 τάδε

163 4102 232 4181 ρίου
244 4096 405 4174 παιδαρίου
417 4090 645 4179 περιεζωσμένον
659 4091 774 4175 Ἐφούδ
812 4091 889 4170 λέγει
900 4089 1002 4178 κύριος
1016 4090 1033 4157 ὁ
1047 4088 1118 4164 θεὸς
1127 4085 1260 4173 Ἰσραήλ
1288 4085 1374 4165 εἶπα,
1401 4120 1420 4158 σ

163 4175 243 4244 Βάδ.
263 4180 353 4244 19καί
366 4179 506 4244 διπλοΐδα
519 4179 627 4265 μικράν
640 4182 773 4262 ἐποίησεν
812 4171 892 4250 οἶκός
910 4202 965 4240 σου
978 4176 1029 4239 καί
1042 4169 1059 4239 ὁ
1074 4172 1155 4246 οἶκος
1168 4177 1222 4236 τοῦ
1235 4168 1350 4257 πατρός
1363 4201 1420 4241 σου

163 4261 247 4347 αὐτῷ
274 4258 292 4348 ἢ
310 4255 411 4367 μήτηρ
429 4260 538 4338 αὐτοῦ,
564 4265 616 4328 καί
632 4260 773 4350 ἀνέφερεν
812 4253 984 4326 διελεύσεται
1008 4252 1135 4321 ἐνώπιόν
1156 4281 1212 4338 μου
1230 4259 1285 4330 ἕως
1304 4263 1419 4335 αἰῶνος.

163 4347 247 4431 αὐτῷ
261 4350 292 4424 ἐξ
305 4349 421 4450 ημεριδν
433 4350 471 4421 εἷς
483 4343 632 4430 ἢμέραςίν
643 4352 688 4431 τῷ
697 4345 773 4412 άνα-
811 4344 863 4409 καί
880 4347 931 4407 νῦν
955 4367 1027 4446 ρησι
1052 4335 1161 4422 κύριος.
1185 4340 1325 4425 μηδαμῶς
1343 4346 1419 4425 έμσί,

160 4436 269 4518 βαίνειν
287 4432 382 4513 αυτὴν
400 4428 473 4512 μετά
491 4435 548 4495 τοῦ
560 4427 669 4513 ἀνδρὸς
681 4427 774 4514 αὐτῆς
811 4423 859 4493 ὅτι
871 4424 935 4490 ἀλλ’
949 4453 967 4508 η
982 4420 1051 4499 τοὺς
1064 4421 1237 4501 δοξάζοντας
1247 4453 1282 4508 με
1291 4427 1416 4504 δοξάσω.

160 4523 256 4583 θῦσαι
272 4513 447 4602 τηνθυσίαν
463 4509 656 4599 τῶνίχμεριόν.
678 4514 774 4593 20καί
812 4512 863 4578 καί
892 4507 911 4586 ,ὅ
936 4511 1098 4588 ίξουθενῶν
1125 4535 1159 4593 με
1188 4507 1418 4658 άτιμμχθημετδηι.

1290 4619 1313 4631 ··
1354 4623 1360 4657 ι
1400 4618 1417 4659 υ
