2924 4972
171 217 237 285 818
483 205 794 271 ΙΕΡΕΜΙΑΣ
832 202 961 283 Κεφ.’.γ
975 201 1016 268 δ.
1029 200 1104 269 3..4

163 332 432 437 ἐπισκεφθήσεται,
454 336 507 398 καὶ
525 331 561 398 οῦ
576 328 776 416 ποιηθήσεται
808 327 991 436 5775755577,
1004 356 1056 394 και
1047 324 1279 439 εῦλογήσρυσιν
1292 326 1378 394 5‘
1338 335 1426 415 αυτῷ

164 426 217 488 ι’ίτι.
245 421 272 464 ¹¹
286 422 317 484 ἐν
329 444 395 493 ταις
409 416 528 502 ήμέραις
542 420 661 492 ἐκείναις
678 442 729 520 και
721 418 776 479 έν
808 419 898 518 ἔθνη,
923 441 976 479 και
969 410 1076 479 ’ἐν’
1040 417 1126 496 αυτῷ
1139 417 1288 479 αἰνέσουσι
1301 418 1349 498 τῷ
1353 399 1426 519 θεῷ

164 511 210 590 τῴ
230 506 327 586 καιρῷ
344 506 445 602 ἐκείνῳ
462 498 684 567 καλέσουσιν
654 524 708 607 την
720 496 776 564 ’-Ιε
808 503 839 565 ν
847 495 887 563 Ιε
888 493 1054 602 ρουσαλήμ
1068 479 1137 562 ³517
1149 494 1219 562 τάδε
1231 496 1362 576 λέγει’
1323 524 1428 585 κυριος

166 570 335 687 ρόυσμλήμ,
360 568 475 687 θρόνον
496 589 617 690 κυρίου,
639 585 691 649 καί
700 607 776 688 5777·
808 593 873 657 τοῖς
883 523 1033 688 57595577
1051 578 1170 655 Ἰούδα,
1196 584 1332 688 καὶτοῖς
1351 608 1426 648 κατ-

166 666 370 778 αχθήρονται
365 665 466 734 πάντα
478 666 518 733 τὰ
531 672 644 775 ἔθνη’
620 693 659 743 ιις
671 664 777 767 αῦτέχν,
809 691 942 766 57775577
959 661 1152 773 Ιιροροαλήμ.
1167 661 1294 730 νιάσατε
1300 668 1427 769 7‘577759

165 757 218 820 καὶ
230 751 268 818 οῦ
278 748 475 856 775975557157
488 755 531 816 5¹57
545 751 645 816 ὀπίσω
657 755 719 816 τῶν
731 753 778 813 ἐν·
810 744 961 875 νειόματρι,
987 750 1040 813 καί
1053 749 1094 850 75
1113 755 1251 834 σπείρητε
1266 744 1349 814 ἐπ’
1330 746 1426 852 7757

165 836 352 922 θυμιημάτων
377 841 429 921 της
453 835 577 945 καρδίας
601 834 704 900 αὐτῶν
725 837 778 916 τῆς
809 843 889 943 5579.
927 829 1158 935 4ιτεριτμήθιχτε
1182 837 1228 917 τῷ
1245 837 1312 916 θεῷ
1332 829 1427 918 5757,

164 927 309 1024 πονηράς
344 920 419 985 1⁸5
437 931 502 994 ταῖς
521 916 642 1023 5759779
658 920 778 1025 57577579
809 919 860 1020 καί
885 921 1077 1019 περιτὲμεσθε
1101 916 1158 1019 τήν
1184 902 1428 1022 σκληροκαρδίαν

168 1001 422 1072 συνιλεύσονται’
409 1029 427 1067 ο
446 1003 530 1078 οἶκος
546 998 677 1068 Ἰούδα’
663 1001 779 1067 ιπίτὸν
808 998 895 1101 5757
921 1001 1023 1105 ἄνδρες
1046 996 1164 1077 Ἰούδα,
1189 1002 1241 1102 775
1265 1004 1297 1064 55
1321 1027 1421 1105 κατορ-

167 1087 253 1155 οίκον
268 1091 324 1192 τοῦ
346 1083 482 1190 Ἰσραήλ,
509 1111 560 1150 και
551 1082 726 1193 ήξρυριηέ
726 1112 778 1150 πι-
810 1088 930 1160 κοῦντες
949 1081 1220 1191 ‘17705555575U
1187 1110 1226 1167 77
1250 1083 1408 1187 ε’ξέλθχχ’
1387 1112 1425 1162 ως

167 1171 281 1238 τοαυτὸ
300 1169 363 1236 ἀπὸ
380 1175 433 1254 759
446 1172 604 1276 B9595
574 1174 626 1235 καὶ
638 1167 701 1273 άπὸ
714 1194 778 1234 πα-
809 1173 872 1274 πῦρ
893 1165 1022 1276 557759
1033 1193 1105 1269 755,
1130 1194 1181 1232 και
1175 1158 1422 1270 ἐκκαυθήσεται,

168 1262 230 1322 σῶν
244 1260 304 1320 τῶν
315 1259 421 1340 χωρῶν
435 1255 487 1358 ἐπὶ
498 1278 554 1337 την
565 1258 630 1339 757,
643 1249 701 1357 57
690 1278 777 1318 κατι-
809 1254 861 1316 καί
872 1251 928 1317 οῦκ
938 1256 1021 1318 ἔσται
1032 1278 1049 1315 ο
1036 1247 1202 1354 ’σβέσριν
1185 1251 1247 1315 απὸ
1258 1249 1422 1358 προςρίπου

167 1334 379 1445 κληρονόμηοιι
408 1336 480 1413 τοὺς
500 1341 644 1442 πατέρας
664 1334 777 1404 αὐτῶν.
809 1330 1308 1446 557795597‘7577575757575757.
1316 1335 1420 1441 ⁵577·

167 1426 195 1467 ¹⁰
210 1450 261 1488 και
255 1425 340 1529 '5757
359 1421 444 1495 εἶπα,
470 1423 589 1500 γένοιτο
595 1417 703 1524 κύριε,
729 1417 778 1485 ὅτι
809 1421 952 1498 γείλατε’
938 1445 1025 1504 εντῳ
1009 1415 1153 1523 ’Ἰούδα
1172 1446 1223 1484 και
1216 1419 1420 1529 άκρυσθήριρ

166 1508 250 1582 τάξω
268 1530 299 1570 σι
313 1510 351 1578 ιίς
366 1507 470 1578 τέκνα,
497 1531 548 1568 και
540 1501 647 1570 ’δώσω
661 1530 708 1571 σοι
722 1507 778 1588 γήν
810 1506 842 1569 ἐν
832 1487 1055 1606 Ἰερουσαλήμ.
1081 1504 1195 1577 εἴπατε,
1186 1499 1421 1631 Ἕσημάνατεέπί

167 1587 319 1691 ίκλεκτήν,
345 1586 546 1696 κληρονομίαν
572 1593 647 1654 θεοῦ
664 1613 775 1653 παντο-
811 1592 864 1670 τής
874 1594 928 1668 759
940 1583 1092 1665 σάλπιγγι,
1105 1585 1210 1694 κεκράξ
1212 1613 1264 1652 ατε
1275 1593 1364 1670 μέγα.
1385 1592 1416 1654 ελ

166 1668 313 1755 κράτορσς
335 1674 442 1736 έθνιῦν.
473 1673 526 1736 καί
549 1670 627 1737 είπα.
654 1675 778 1776 πατέρα
809 1695 902 1775 πριτε,
924 1666 1106 1775 χιυνάχθητε,
1132 1673 1418 1773 καὶεὶςελθωμενιίς

168 1755 308 1822 καλέσετέ
323 1779 375 1839 με,
401 1755 452 1819 καὶ
470 1753 515 1820 σἰπ
513 1753 663 1859 ’5755'
628 1780 684 1820 ουκ
699 1755 778 1821 ἀπο-
810 1753 866 1854 τάς
890 1750 1051 1830 πόλεις’
1016 1781 1072 1831 τας
1096 1751 1250 1857 τειχήρεις,
1277 1758 1419 1823 ¹5'77555·

169 1837 386 1948 στραρήσεσθι.
406 1841 437 1882 ²⁰
450 1834 561 1941 77557‘
540 1866 581 1914 ως
593 1837 698 1905 ἀθετεῖ
706 1836 778 1945 7575
809 1835 910 1924 βόντες
919 1835 1038 1945 φεύγετε
1050 1839 1090 1915 είς
1102 1837 1194 1904 Σιών.
1200 1839 1371 1944 σπιρίορτε,
1383 1840 1420 1926 μή

168 1928 207 1998 εἰς
221 1922 419 1995 τὸνσυνόντα
438 1920 526 1997 αῦτι,
554 1919 683 2006 οῦτωςη
666 1922 827 2028 ήθέτη-
812 1927 909 2006 στήτε,
922 1919 1061 1988 ότικακα
1048 1919 1164 2000 75’
1149 1919 1253 1999 επάγω
1265 1922 1418 2030 5775B55·

168 2031 216 2074 σιν
228 2011 267 2080 είς
278 2003 356 2087 ἔμε
342 2003 454 2150 οοζκος
464 2003 601 2090 Ἰσραήλ,
629 2007 712 2109 λέγει
724 2032 779 2069 775-
830 2033 866 2082 5,
893 2008 945 2072 καί
967 2007 1124 2108 συντριβήν
1140 2005 1278 2110 μεγάλην.
1308 2008 1421 2095 ⁷575'57

167 2114 239 2170 ριος,
278 2091 306 2130 22
324 2084 408 2171 φωνή
434 2090 465 2151 έκ
496 2088 614 2197 χειλέων
639 2085 778 2194 ι’χκούοθη
811 2008 889 2155 λέων
907 2093 995 2155 ἐκ
956 2115 1010 2174 της
1021 2089 1215 2176 μανδρας
1178 2097 1332 2166 αυτοῦ,ε
1318 2095 1418 2168 ἐξολο-

168 2172 327 2278 κλαυθμοῦ
346 2198 398 2236 και
389 2167 584 2282 ’δεήσεως
555 2177 627 2244 5757
656 2171 778 2321 159755‚
811 2169 931 2275 θρεύωχν
948 2176 1022 2260 λθινχ
1032 2177 1146 2278 ἐξῇρε,
1172 2177 1223 2240 7755
1244 2203 1257 2241 ε
1251 2175 1404 2258 ’ξήλθεν’
1389 2204 1420 2240 εκ

169 2253 217 2324 ότι
228 2255 397 2341 ι’χδίκηοανέ
397 2255 627 2332 νταῖςὸδοῖς’
590 2262 702 2333 55757,
712 2260 779 2321 ἐ-πε
811 2262 867 2321 τοῦ
885 2253 984 2360 τόπου
1004 2258 1111 2369 αὐτοῦ,
1123 2284 1180 2325 του
1167 2265 1289 2325 θεῖναι
1301 2283 1355 2341 τήν
1363 2285 1421 2335 777

168 2339 304 2439 λάθρντο
327 2344 403 2405 θεοῦ
427 2337 514 2418 ἁγίου
532 2339 648 2419 αὐτῶν,
668 2343 701 2384 ²²
714 2344 778 2406 ἐπι-
811 2345 883 2416 εἶς’
868 2338 1023 2426 ερήμωοιν.
1050 2347 1103 2446 καί
1118 2370 1152 2409 αι
1142 2341 1263 2446 ’πόλεις
1275 2352 1414 2424 καθαιρι·

168 2421 318 2528 στράφητε
330 2427 390 2489 υίοί
401 2426 640 2526 ἓπιστρέφοντες,
666 2450 717 2490 και
710 2421 779 2490 Ἰά-
810 2421 976 2552 θήσρντριι,
992 2423 1089 2534 παρά
1107 2426 1144 2491 τὸ
1160 2424 1201 2510 μή
1214 2437 1416 2493 κατοικεῖσθαι

168 2535 258 2590 σομαι
282 2503 322 2573 τά
346 2514 553 2617 ουητρίμματα
580 2505 673 2611 5757.
711 2505 778 2574 ἰδού
811 2504 915 2584 αῦτάς.
928 2506 1423 2614 ⁸555105107957975‘7575557057-

168 2571 307 2693 δοῦλρι’
292 2603 373 2697 7759
386 2589 517 2674 ἐσόμεθα
530 2618 589 2666 σοι,
615 2590 663 2657 ὅτι
676 2591 711 2658 σὺ
726 2592 779 2657 κύ-
811 2617 895 2667 κους,
922 2620 972 2696 7757
966 2590 1145 2699 ἠιόιττεσθε,
1169 2617 1220 2656 και
1214 2589 1420 2702 ’όλριλάξατε,

187 2702 247 2758 ιος
244 2672 261 2740 5
276 2675 346 2750 θεὸς
361 2672 443 2757 5757
456 2702 488 2740 5.
469 2675 570 2717 ²³''
551 2701 643 2777 ρντως
655 2681 693 2752 759
703 2681 778 2778 755
811 2675 940 2780 διότι
906 2702 962 2742 ουκ
980 2671 1156 2785 άπεοτράρη
1175 2670 1302 2781 555759
1315 2685 1421 2782 κυρίου

167 2703 247 2863 559'
207 2760 306 2841 ἦσαν
319 2784 350 2822 οι
340 2760 475 2860 ‘505705
488 2761 540 2823 καί
554 2788 571 2843 ιχ
559 2756 761 2863 5575779
718 2786 779 2863 7577
811 2758 870 2866 57²
883 2758 974 2843 5757
1014 2765 1030 2805 ⁹
1043 2788 1095 2828 και
1122 2764 1205 2827 ἔσται
1224 2762 1285 2826 ἐν
1272 2767 1366 2864 εκείνη
1383 2767 1420 2855 τῇ

166 2841 275 2925 ὀρέων,
294 2838 373 2941 πλήν
386 2842 435 2905 διά
449 2847 555 2943 κυρίου
570 2842 675 2907 θεοῦ
662 2870 746 2947 7757
759 2873 777 2929 7
812 2841 918 2929 ήμέροχ,
931 2843 1054 2922 λέγει’
1019 2871 1130 2930 κυριος,
1144 2841 1329 2911 ιἰπολιῖται’
1315 2873 1334 2929 7
1346 2872 1419 2946 καρ

166 2930 301 3025 σωτηρία
314 2928 370 2989 τοῦ
384 2921 517 3027 Ἰρραήλ
536 2922 600 3009 ²⁴5
607 2927 686 2990 55
654 2926 777 3013 αισχύνη
810 2928 861 3030 δία
879 2954 936 2993 του
923 2929 1131 3037 βασιλεως,
1140 2956 1191 2993 και
1185 2926 1349 3036 ἰ’χκαρδία
1361 2933 1419 2995 των

165 3004 356 3110 κατηνάλωσε
375 3007 446 3083 τοὺς
427 3007 630 3113 μόχθους
609 3015 670 3074 τῶν
682 3017 778 3078 πατέ-
810 3007 1020 3121 59757757,
1006 3014 1058 3075 καί
1073 3015 1105 3076 οἶ
1119 3014 1202 3113 ιερεῖς
1214 3012 1417 3097 ἐκστήσονται,

165 3117 225 3189 957
250 3089 358 3195 5757,
376 3089 438 3157 5775
458 3119 595 3200 νεοτιχτος
611 3092 711 3196 ήμῶν,
737 3095 776 3162 τά
809 3122 860 3204 777
874 3099 905 3160 οι
916 3120 1073 3200 προφηται
1086 3091 1306 3199 55775557777.
1328 3100 1359 3142 ¹⁰
1369 3125 1418 3162 και

165 3170 358 3279 5955575'
321 3199 421 3239 αυτων
433 3178 485 3240 ιιαι
497 3203 567 3250 τους
579 3204 708 3264 μοσχους
719 3207 776 3244 αυ
808 3178 887 3244 εἶπα.
913 3205 938 3242 57
929 3170 1139 3245 ’δέοιτοτα’
1095 3205 1206 3325 κύριε,
1187 3206 1280 3264 αρα
1291 3206 1324 3258 γε
1336 3207 1417 3247 απα

164 3263 241 3333 τῶν,
265 3261 316 3323 καί
335 3284 406 3332 τους
415 3283 502 3334 υιους
515 3286 631 3336 αυτων,
658 3290 709 3327 και
721 3289 776 3338 τας
807 3266 867 3363 757
891 3259 1050 3363 ἧπάτησας
1068 3287 1143 3327 τον
1160 3286 1218 3327 αον
1236 3268 1349 3330 τοῦτον
1368 3264 1418 3330 καὶ

164 3346 333 3453 θυγατέρρις
351 3339 463 3445 αῦτιῦν.
487 3346 544 3387 ²⁵’
530 3341 760 3454 εκοιμιχθιχμεν’
744 3374 775 3412 εν
806 3344 859 3453 τήη
866 3341 1071 3449 Ἰερρυσριλήμ,
1087 3345 1192 3423 λέγων,
1212 3341 1315 3454 εἰρήνη
1323 3351 1416 3421 ἔσται,

164 3431 202 3526 77
208 3424 347 3532 αἰσχύνη
373 3425 475 3530 5757,
514 3430 566 3493 καί
591 3431 774 3514 έπεκαλυιχιιν
806 3429 857 3494 καὶ
882 3424 992 3494 ἶδού”
948 3449 1087 3554 ηψιντρ
1105 3425 1123 3513 7
1145 3426 1277 3531 μάχαιρα
1295 3437 1351 3505 ἕως
1368 3437 1417 3516 τῆς

163 3507 236 3595 5759
251 3507 275 3608 5
283 3513 387 3613 ἀτιμία
401 3509 494 3612 ήμῶν,
517 3507 627 3577 διότι”
606 3539 703 3578 εναντι
717 3520 775 3621 705
807 3517 902 3599 ψυχῆς
920 3511 1037 3592 557575
1063 3516 1133 3616 ¹¹57
1150 3518 1195 3602 τῷ
1211 3517 1313 3620 καιρῷ
1318 3517 1416 3598 ἐκείνῳ

163 3599 237 3658 θεοῦ
260 3589 343 3697 5757
361 3590 536 3699 ἡμάρτομεν
555 3595 648 3700 ι’χμιῒς,
673 3600 724 3700 775
744 3603 774 3663 05
806 3600 906 3701 ἐροῦσι
926 3624 970 3682 τῳ
958 3598 1055 3682 λαῷ
1068 3594 1169 3680 τούτῳ
1186 3600 1236 3662 καὶ
1249 3602 1288 3704 τῇ
1304 3582 1416 3706 Ἰεροιχ-

161 3677 288 3779 ματέρες
299 3674 407 3777 5757,
442 3678 506 3781 ἀπὸ
529 3679 667 3789 νεότητος
690 3678 773 3784 5757
806 3679 915 3785 55557.
939 3686 1056 3782 πνεῦμα
1068 3665 1286 3782 πλανήσεωςέν
1299 3686 1336 3773 τῇ
1351 3677 1416 3768 ε’ρή-

162 3762 217 3833 ἕως
230 3760 281 3842 τής
294 3756 403 3862 ι’χμερας
421 3762 538 3846 ταύτης.
566 3769 616 3829 καί
629 3764 683 3866 οὐχ
698 3793 772 3848 υπη-
803 3792 862 3870 μρι,
881 3763 1004 3876 5559
965 3791 1018 3851 της
1032 3777 1195 3869 θυγατρος
1197 3790 1252 3830 του
1266 3755 1347 3830 5555
1338 3790 1416 3866 μον

161 3836 311 3941 ηούσαμεν
328 3870 380 3928 της
395 3872 496 3931 ᾳωνης
509 3872 612 3933 κυρωυ
626 3875 683 3916 του
672 3855 771 3916 θεου
804 3849 860 3913 οῦκ
891 3855 932 3924 εἰς
963 3849 1121 3952 καθαρόν,
1161 3847 1227 3914 055
1255 3852 1294 3924 εἰς
1319 3847 1416 3950 57707.

162 3918 252 4005 ἦμῶν·
803 3935 831 3974 ¹²
843 3959 960 4016 πνευμα
973 3929 1151 4042 πληρώσεως
1166 3930 1224 4016 ήξει
1236 3959 1297 4034 μοι.
1319 3932 1417 4036 75755

189 4015 201 4039 '²
360 4018 394 4075 K
406 4020 435 4077 Ε
448 4018 486 4076 Φ.
530 4013 580 4079 A'.
804 4017 862 4094 ἐγὼ
881 4016 969 4081 λαλῶ
987 4025 1056 4103 κρίμ
1035 4012 1117 4100 ματά
1128 4042 1192 4117 μου
1206 4014 1283 4102 πρὸς
1296 4012 1416 4123 557759.

164 4057 225 4155 Ε
212 4115 250 4155 αν
268 4093 440 4198 ἒπηστρριρχχ
462 4094 599 4199 Ἰσραήλ,
624 4101 699 4177 λέγει
717 4098 770 4165 κύ-
803 4102 829 4142 ¹³
843 4097 945 4165 ίδοῦ
921 4128 964 4176 ως
977 4103 1082 4207 ινειρέλιχ
1095 4097 1288 4206 ἀναβήσεται,
1313 4127 1366 4166 και
1378 4126 1418 4176 ως

157 4198 236 4273 ριος,
260 4170 337 4257 πρὸς
349 4177 402 4260 μὲ,
420 4169 688 4288 ἐπιστραφήσετριι.
718 4189 771 4252 καὶ
802 4183 988 4264 καταιγὶςτά
992 4182 1125 4295 σ’ίρματα
1138 4185 1250 4260 αὐτοῦ,
1269 4181 1418 4291 7555517-

157 4254 211 4322 έάν
230 4258 402 4362 περιέλιχ
369 4287 407 4326 τα
398 4259 661 4370 5575577575'
625 4294 723 4334 αυτου
709 4273 769 4336 έκ
815 4266 1416 4376 0755037051'77710755’105.055777

156 4336 306 4442 στόματος
320 4343 430 4423 αὐτοῦ,
456 4349 508 4412 καὶ
525 4346 588 4414 σἰπό
606 4356 662 4417 τοῦ
662 4379 769 4456 προς·
801 4352 848 4421 σ’τι
861 4355 1060 4458 ταλαιπωροῦ
1080 4377 1118 4418 ιν.
1140 4353 1170 4396 ¹⁴
1181 4349 1372 4419 άπόιτλυνι’
1353 4353 1416 4419 απὸ

155 4418 242 4532 νόμον
255 4454 315 4514 μου
329 4426 530 4540 εῦλαχίηθή,2
543 4435 595 4499 καί
606 4431 722 4544 57557,
733 4442 769 4522 ζῆ
800 4444 906 4515 κακίας
923 4436 979 4522 τήν
990 4383 1119 4524 καρδίαν
1137 4463 1194 4504 σου
1208 4432 1416 4546 Ἰερουσαλήμ,

145 4505 250 4608 κύριος
264 4541 342 4606 μετα
332 4505 534 4610 άληθείας’
520 4545 550 4587 εν
563 4526 654 4612 κρίσει
671 4548 722 4589 και
716 4470 768 4589 έν
799 4527 850 4588 ίνα
871 4527 985 4615 σωθης.
1016 4527 1073 4599 ἕως
1089 4516 1165 4589 πότε
1184 4517 1368 4609 ὑπάρχουσιν
1386 4527 1416 4630 57

1368 4607 1416 4672 555
