2924 4972
115 230 180 296 526
473 231 688 294 ΙΟΤΔΙΘ
730 234 806 305 Κεφ.
826 227 866 290 δ’.
886 222 965 291 ε’.4.
979 228 1008 290 5.

118 325 1359 348 -......-.------—---—---

115 363 264 433 οικοῦντες
285 361 316 422 ἐν
332 362 369 450 τῇ
387 355 521 438 Ἰουδαίᾳ
538 353 638 420 πάντα
664 351 721 419 ὅσα
750 357 841 429 ναοῦ,
854 353 905 417 καί
923 348 1133 417 ίσποδιόσαντο
1153 349 1208 423 τάς
1226 349 1361 426 κεφαλὰς

116 444 251 525 ἐποίησεν
270 438 452 522 Ὀλοφέρνης
467 451 530 512 τοῖς
552 442 675 512 ἔθνεσιν,
701 435 719 501 5
750 434 861 508 αὐτῶν,
887 437 939 499 καί
963 436 1106 510 ἐξέτειναν
1131 431 1203 505 τοῦς
1228 431 1360 507 σάκκους

116 519 349 626 ἀρχιστράτηγος
370 516 644 608 Ναβουχοδονόσορ
664 525 721 606 βα-
749 517 852 583 αῦτιῦν
864 513 943 583 κατόι
959 514 1119 602 πρόςωπον
1132 520 1243 600 κυρίου.
1270 517 1359 579 11καί

117 606 397 692 σιλέωςΑσσυρίων,
406 608 457 668 καί
467 602 500 669 ὃν
511 603 624 688 τρόπον
634 600 721 668 ε’σκῦ-
749 598 786 665 τό
812 596 1025 685 θυσιαστήριον
1050 595 1150 679 σάκκῳ
1172 596 1358 682 περιέβαλον,

115 689 194 752 λευσε
206 685 309 753 πάντα
322 685 360 753 τά
374 686 439 773 ίερά
453 685 561 762 αῦτιῦν,
582 689 632 750 καί
645 687 720 750 ἐδω-
750 685 800 747 καὶ
815 679 942 769 ἐβόησαν
953 678 1029 767 πρὸς
1038 681 1093 745 τόν
1106 678 1178 745 θεὸν
1186 676 1308 763 Ἰσραὴλ
1323 678 1359 744 ό-

114 796 163 835 κεν
175 769 255 835 αὐτὰ
268 775 308 846 είς
319 767 497 852 ἀφανισμόν,
522 772 597 834 2καὶ
608 763 719 856 ἐφοβη-
749 764 927 850 μοθυμαδόν
939 769 1071 839 ἐκτενῶς,
1084 767 1139 828 τοῦ
1150 761 1189 845 μη
1201 764 1304 827 δοῦναι
1318 768 1358 838 εἷς

112 863 214 936 θησαν
227 850 343 939 σφόδρα
354 849 470 937 σφόδρα
479 849 544 917 άπό
557 846 719 939 προςσόπου
750 847 919 933 διαρπαγὴν
942 847 980 913 τά
999 845 1089 930 νήπια
1110 843 1213 911 αῦτιῦν
1230 847 1280 909 καί
1291 845 1358 944 Ιτόις

113 935 218 1013 αῦτοῦ,
238 937 290 1000 καί
306 934 577 1022 περίἹερουσαλημ
595 934 647 998 καί
664 938 718 999 τοῦ
749 943 892 1009 γυναῖκας
904 935 942 1006 είς
953 928 1113 1016 προνομὴν,
1126 931 1176 993 καί
1189 925 1244 1002 τάς
1257 929 1357 1003 πολεις

114 1024 192 1084 ναοῦ
210 1024 312 1103 κυρίου
330 1022 407 1083 θεοῦ
427 1017 528 1083 αὐτῶν
547 1014 719 1101 ἐταράχθη·
749 1019 801 1097 τῆς
813 1011 1009 1120 κληρονομίας
1019 1013 1120 1078 αῦτιῦν
1131 1016 1170 1086 εἷς
1181 1009 1356 1093 ἀφανισμόν,

113 1127 176 1167 σαν.
201 1096 276 1165 3ότι
288 1097 469 1187 προςηάτως
486 1088 563 1186 ἦσαν
574 1097 720 1186 άναβεβη-
750 1094 851 1162 καὶτὰ
865 1096 937 1173 α’για
954 1101 994 1170 είς
1011 1095 1175 1183 βιβηλωσιν
1191 1097 1243 1158 καί
1254 1093 1353 1159 ὀνειδι-

112 1179 195 1258 κότες
207 1186 239 1247 ἐκ
252 1188 304 1267 τῆς
323 1183 536 1268 αἰχμαλωσίας,
549 1186 601 1248 καί
614 1185 720 1248 νεωστί
751 1179 834 1263 σμόν,
859 1183 1007 1285 ἐπίχαρμα
1032 1191 1095 1254 τοῖς
1120 1180 1227 1242 ἔθνεσι.
1263 1179 1290 1220 ¹³
1304 1180 1355 1242 καί

111 1270 173 1342 πᾶς
185 1262 203 1330 5
214 1265 288 1343 λαός
298 1267 483 1332 συνελέλεκτο
495 1271 548 1350 τῆς
556 1264 719 1343 Ἰουδαίας,
750 1259 912 1348 ελςηκουσεν
929 1269 1029 1348 κυριος
1050 1266 1103 1347 της
1128 1265 1229 1344 φωνῆς
1245 1258 1355 1336 αὐτῶν,

111 1352 163 1413 καί
181 1347 219 1415 τά
242 1346 343 1434 σκεύη,
367 1353 418 1414 καί
441 1350 477 1414 τὸ
495 1345 718 1433 θυσιαστήριον,
750 1350 801 1411 καί
813 1349 922 1422 ελςεῖδεν
933 1345 1106 1451 τὴνθλίρνιν
1120 1342 1228 1408 αῦτιῦν.
1256 1347 1307 1409 καί
1320 1333 1355 1429 ἦν

111 1435 163 1497 καὶ
175 1427 192 1496 5
206 1432 288 1508 οἶκος
305 1437 337 1498 ἐκ
356 1437 409 1516 τῆς
427 1429 617 1518 βεβηλάσεως
634 1431 719 1514 ιἠγια·
751 1427 768 1493 5
791 1430 865 1505 λαός
886 1424 1031 1513 νηστεῦων
1054 1430 1163 1513 ημέρας
1185 1427 1302 1502 πλείους
1325 1432 1355 1492 ἐν

112 1517 202 1616 ομίνα
216 1505 261 1598 ἦν,
286 1515 372 1579 1καί
396 1515 575 1580 ἀπέστειλαν
597 1519 636 1588 είς
658 1518 719 1580 πᾶν
749 1509 831 1595 πάοη
856 1517 896 1605 τῇ
918 1511 1051 1596 Ἰουδαίᾳ
1081 1513 1132 1576 καί
1154 1508 1354 1594 Ἰερουσαλὴμ,

112 1595 196 1677 δριον
232 1603 411 1682 Σαμαρείας,
437 1600 488 1662 καί
511 1596 631 1672 Κωνόις,
668 1599 720 1661 καί
750 1584 827 1661 κατδι
850 1592 1013 1680 πρόςωπον
1041 1599 1104 1660 τῶν
1132 1589 1226 1671 όιγίων
1252 1601 1355 1676 κυρίου

112 1680 299 1763 Βαιθωροῦν,
324 1683 375 1746 καί
387 1678 511 1763 Βελμέν,
536 1677 718 1765 καίἸεριχιό,
748 1676 1001 1764 παντοκράτορος.
1027 1679 1057 1721 ¹⁴
1070 1679 1120 1742 καὶ
1133 1675 1257 1758 Ἰωακὶμ
1276 1676 1293 1741 5
1313 1682 1353 1742 ίε-

112 1765 214 1838 καλεῖς
227 1759 342 1849 Χωβόι,
367 1765 420 1829 καί
432 1760 578 1849 Λλσωρό,
602 1763 719 1828 καὶτὸν
749 1763 814 1847 ρεῦς
826 1759 844 1828 5
856 1764 947 1845 μέγας
964 1762 1016 1827 καί
1031 1758 1139 1835 πάντες
1156 1764 1188 1824 οἶ
1205 1785 1355 1846 παρεστη-

113 1843 235 1910 αῦλώνα
247 1845 368 1930 Σαλίχμ,
394 1843 719 1934 1καίπροκατελάβον·
749 1840 831 1922 κότες
853 1844 980 1912 ἐνώπιον
1002 1851 1116 1931 κυρίου,
1140 1847 1224 1928 ίερεῖς
1246 1847 1298 1910 καί
1322 1848 1354 1909 οί

111 1954 148 1994 το
160 1926 263 2005 πάσας
275 1927 329 2005 τὰς
339 1927 472 2016 κορυφάς
481 1935 541 1996 τῶν
551 1928 646 2011 ὀρέων
658 1934 718 1995 τῶν
748 1929 980 2016 λειτουργοῦντες
997 1934 1098 2011 κυρίῳ,
1113 1923 1240 2003 σάκκους
1257 1953 1354 2013 περιε-

113 2009 253 2095 ῦψηλοῐν,
277 2016 328 2078 καί
346 2016 525 2098 ἐτειχίσαντο
543 2012 598 2089 τάς
614 2018 645 2079 ἐν
662 2011 716 2078 αῦ-
748 2015 888 2097 ζωσμένοι
905 2011 960 2088 τὰς
978 2008 1094 2092 ὀσφύας
1106 2007 1218 2086 αῦτιῦν,
1244 2014 1354 2093 προςέ-

112 2106 176 2169 τοῖς
188 2089 305 2178 κιόμας,
324 2098 374 2161 καί
387 2099 557 2179 παρέθεντο
571 2101 611 2173 εἰς
623 2099 719 2162 ἐπισι-
748 2121 840 2182 φερσν
851 2097 906 2179 τὴν
923 2092 1127 2161 ὁλοκαύτωσιν
1143 2099 1199 2158 τοῦ
1218 2095 1353 2179 ἐνδελεχι-

110 2175 216 2260 τισμόν
242 2183 281 2255 εἷς
305 2184 492 2265 παρασκευὴν
508 2180 654 2263 πολέμου,
671 2175 717 2245 ότι
748 2184 835 2260 σμοῦ,
857 2181 908 2244 καὶ
920 2178 975 2253 τάς
987 2175 1090 2263 εῦχόις,
1116 2176 1217 2242 καὶτὰ
1230 2175 1353 2243 ἑκούσια

111 2258 293 2346 προςηάτως
305 2252 341 2346 ἦν
358 2260 397 2328 τόι
414 2265 501 2329 πεδία
519 2261 620 2328 αῦτῦν
632 2274 714 2329 τεθε-
747 2259 864 2346 δόματα
883 2267 941 2327 τοῦ
958 2261 1052 2337 λαοῦ,
1075 2261 1103 2304 11
1115 2265 1166 2325 καί
1185 2251 1224 2344 ἦν
1242 2261 1353 2337 σποδὸς

110 2347 240 2427 ρισμένα.
266 2347 346 2412 11καί
363 2349 493 2432 ἔγραψεν
508 2344 632 2428 Ἰωακίμ
645 2345 662 2412 ὁ
677 2351 717 2411 ἴε-
747 2348 797 2410 ἐπί
821 2344 876 2422 τάς
899 2341 1023 2430 κιδάρεις
1048 2343 1157 2409 αὐτῶν.
1183 2346 1234 2409 καί
1258 2341 1353 2431 ἐβόων

109 2424 174 2534 ρεῦς
192 2424 212 2493 όλ
227 2432 332 2513 μέγας,
358 2425 391 2506 ός
410 2421 445 2514 ἦν
463 2433 494 2494 ἐν
511 2441 578 2506 ταῖς
595 2426 716 2516 ἡμέραις
746 2428 822 2514 πρὸς
835 2424 934 2516 κῦριον
946 2433 980 2493 ἐκ
990 2423 1089 2512 πάσης
1103 2425 1251 2532 δυνάμεως
1262 2433 1301 2503 εἰς
1315 2426 1352 2492 ἆ-

109 2517 231 2588 οκείναις
249 2516 280 2577 ἐν
292 2509 506 2612 Ἰερουσαλὴμ,
532 2525 595 2589 τοῖς
613 2538 716 2578 κατοι-
745 2511 846 2590 γαθὸν
879 2516 1105 2596 ἐπισκέψασθαι
1135 2537 1236 2578 πάντα
1269 2510 1352 2576 οίιιον

110 2599 196 2659 κοῦσι
208 2595 381 2670 Βετυλουα,
406 2600 458 2663 καὶ
470 2598 684 2680 Βετομεσθαὶμ
696 2591 716 2681 λη’
740 2592 873 2682 Ἰσραήλ.

109 2681 187 2742 ἐστιν
197 2678 340 2743 άπέναντι
351 2678 616 2764 Ἐσδρηλιόν,κατόι
625 2676 715 2764 πρός-
936 2685 1010 2743 ΚΕ
1022 2686 1061 2744 Φ.
1105 2675 1155 2744 Ε’.

109 2785 193 2823 ωπον
217 2766 273 2825 τοῦ
294 2763 400 2825 πεδίου
422 2767 480 2826 τοῦ
502 2764 630 2844 πλησίον
645 2768 716 2826 Aw-
747 2730 829 2827 Kal
846 2759 993 2847 ἀνηγγέλη
1008 2762 1174 2850 Ὀλοηέρνη
1191 2760 1351 2847 άρχιστρα·

109 2844 188 2924 θαῒμ
213 2845 226 2885 ⁷
238 2841 344 2922 λέγων,
357 2844 560 2948 διακατασχεῖν
573 2842 626 2920 τὰς
637 2844 714 2911 άνα-
747 2843 828 2930 τηγῳ
842 2843 990 2930 δυνάμεως
997 2845 1137 2930 Ἀσσοῦρ,
1156 2838 1235 2911 ’διότι
1250 2850 1281 2910 οἱ
1294 2846 1353 2909 υἱοὶ

108 2919 205 3010 βάσεις
219 2929 271 3008 τῆς
284 2925 405 3028 ὀρεινῆς,
424 2922 471 2990 ότι
484 2928 511 2991 δι
534 2926 635 2991 αὐτῶν
648 2915 714 3012 ἦνῆ
743 2927 868 3032 Ἰοραίηλ
884 2925 1141 3012 παρεσκευάσαντο
1160 2933 1199 3003 εἰς
1211 2925 1351 3008 πόλεμον,

108 3008 220 3082 είςοδος
238 3013 277 3081 είς
295 3010 350 3091 τὴν
374 3010 527 3074 Ιουδαίαν.
554 3012 607 3075 καί
619 2999 655 3095 ἦν
666 3009 715 3074 εὐ·
746 3015 798 3078 καί
810 3037 863 3088 τας
880 3009 997 3088 διόδους
1015 3017 1066 3094 τῆς
1082 3011 1194 3095 ὀρεινῆς
1206 3009 1350 3073 συνέκλει-

107 3094 197 3175 χεριῦς
208 3087 388 3155 διακωλῦσαι
400 3090 509 3169 αῦτοῦς
521 3097 715 3200 προςβαίνον-
747 3120 812 3171 σαν,
825 3098 876 3160 καί
896 3099 1035 3181 ἐτείχισαν
1051 3098 1153 3157 πᾶσαν
1168 3088 1301 3176 κορυφὴν
1314 3090 1351 3156 ὅ·

108 3197 172 3246 τας,
186 3177 287 3256 στενῆς
299 3173 549 3262 τηςπροςβάσεως
562 3204 660 3261 ουσης,
666 3177 710 3243 ἐπ’
746 3205 816 3260 ρους
830 3175 963 3281 ὑψηλοῦ,
987 3180 1039 3240 καί
1049 3177 1163 3257 ἔθηκαν
1174 3176 1206 3238 ἐν
1219 3185 1282 3249 τοῖς
1294 3200 1351 3239 πε-

109 3254 220 3338 όίνδρας
232 3255 303 3332 τοῦς
316 3253 433 3333 πάντας
445 3258 511 3324 δῦο.
526 3261 599 3327 11καὶ
611 3265 714 3344 ἐποίη-
746 3265 819 3336 δίοις
832 3260 989 3327 σκανδαλα.
1021 3261 1035 3299 ²
1047 3258 1100 3321 καί
1111 3254 1248 3341 ὠργίσθη
1260 3261 1351 3341 θυμῷ

109 3363 165 3404 σαν
177 3344 209 3404 οί
231 3342 291 3405 υἱοί
310 3339 432 3426 Ἰσραηλ
453 3343 538 3409 καθά
563 3347 715 3420 συνέταξεν
748 3343 875 3431 σφόδρα,
889 3346 938 3410 καί
950 3336 1065 3408 ἐκάλεσε
1077 3335 1195 3416 πάντας
1207 3340 1280 3415 τοῦς
1292 3341 1351 3423 άρ-

109 3421 212 3500 αὐτοῖς
223 3423 347 3509 Ἰωακίμ
359 3423 378 3490 5
391 3424 480 3511 ίερεῦς
492 3424 619 3532 όμέγας,
632 3431 683 3493 καί
696 3425 713 3512 ἡ
743 3455 853 3532 χοντας
870 3425 991 3515 Μωόιβ,
1015 3427 1067 3491 καὶ
1082 3423 1153 3500 τοὺς
1165 3426 1352 3508 στρατηγοὺς

108 3515 247 3591 γερουσία
270 3506 386 3584 παντός
407 3505 502 3594 δήμου
531 3512 660 3598 Ισραίηλ,
686 3519 717 3577 οἳ
742 3509 869 3596 Αμμιδν,
896 3513 948 3576 καί
974 3504 1091 3584 πάντας
1115 3508 1274 3594 σατράπας
1301 3513 1354 3591 τῆς

109 3589 258 3676 ἐκάθηντο
271 3588 512 3677 ἐνἹερουσαλημ.
552 3596 568 3637 ⁹
582 3600 634 3661 καί
646 3593 715 3660 άνε·
746 3594 909 3679 παραλίας,
933 3595 1013 3657 3καί
1026 3592 1105 3658 εἶπεν
1118 3590 1233 3668 αῦτοῖς.
1259 3590 1351 3667 σἰναγ-

107 3668 219 3777 βόησαν
240 3680 302 3751 πᾶς
323 3674 398 3761 ἀνὴρ
417 3674 542 3762 Ἰσραὴλ
562 3674 640 3763 πρός
661 3677 716 3743 τόν
746 3680 860 3757 γιίλατε
874 3674 910 3760 δη
923 3703 972 3758 μοι
987 3678 1049 3741 οίοὶ
1064 3675 1196 3741 Χαναὰν
1207 3679 1251 3748 τίς
1263 3669 1280 3738 5
1294 3673 1350 3736 λα-

109 3764 183 3819 θεον
202 3760 233 3822 ἐν
251 3760 366 3840 ἐκτενίηι
381 3756 511 3843 μεγάλη,
533 3762 585 3824 καί
597 3765 714 3826 ἐταπει-
747 3762 781 3838 ὸς
796 3752 886 3836 οὗτος
908 3757 926 3824 ό
949 3755 1119 3842 καθήμενος
1141 3762 1171 3823 ἐν
1186 3762 1225 3850 τῇ
1246 3753 1351 3849 ὀρεινῇ,

110 3843 220 3903 νοῦσαν
237 3837 292 3914 τάς
314 3843 411 3925 ψυχὰς
435 3835 535 3908 αῦτῶν
552 3847 584 3908 ἐν
602 3847 714 3928 ἕκτενίη
746 3846 797 3910 καί
808 3850 881 3920 τίνες
894 3840 931 3919 άς
943 3847 1114 3908 κατοικοῦσι
1126 3837 1226 3916 πόλεις
1229 3869 1241 3918 ,·
1254 3841 1305 3904 καί
1317 3836 1353 3903 τό

108 3919 228 4016 μεγάλη,
255 3922 384 3991 1οαῦτοὶ
401 3929 451 3991 καὶ
468 3931 501 3991 αῖ
512 3939 644 4003 γυναῖκες
657 3926 714 3991 αῦ-
746 3929 867 4011 πλῆθος
884 3932 936 4028 της
954 3919 1100 4006 δυνάμεως
1121 3922 1232 4000 αῦτιῦν,
1258 3925 1310 3987 καί
1322 3926 1354 3988 έν

109 4008 179 4079 τῶν,
193 4007 244 4070 καί
257 4003 296 4072 τά
309 4002 401 4092 νήπια
414 4008 580 4084 αὐτῶνκαὶ
592 4009 631 4074 τόν
643 4005 715 4093 κτὴ-
747 4017 801 4075 τίνι
815 4008 850 4075 τό
863 4035 974 4095 κρατος
987 4006 1098 4083 αῦτιῦν,
1110 4011 1161 4072 καὶ
1175 4003 1285 4091 ἦίσχῦς
1297 4003 1354 4070 αῦ-

108 4111 142 4192 νη
156 4088 264 4156 αῦτιῦν.
278 4094 327 4156 καί
339 4097 399 4167 πάς
411 4088 556 4179 πάροικος
568 4090 587 4174 ἢ
600 4103 714 4174 μισθω·
747 4099 815 4168 τιῦν,
835 4098 886 4158 καὶ
898 4098 943 4167 τίς
956 4091 1108 4174 ἀνέστηκεν
1123 4090 1167 4155 ἐπ’
1184 4088 1286 4155 αῦτοῦν
1296 4093 1355 4176 βα·

108 4195 170 4247 τος,
183 4176 236 4240 καί
253 4171 461 4259 ἀργυρώνητος
477 4173 580 4240 αῦτοῦν
591 4179 713 4240 ἐπέθεν-
747 4173 839 4250 σιλεῦς
857 4171 1019 4261 ἡγούμενος
1036 4180 1218 4258 στρατηγίας
1238 4172 1354 4250 αῦτῶνς

108 4277 145 4318 το
167 4254 296 4332 σάκκους
319 4258 370 4321 ἐπί
392 4257 446 4332 τὰς
468 4253 585 4339 όσφῦας
602 4257 712 4326 αῦτιῡν.
745 4262 827 4325 1καὶ
848 4261 898 4324 διά
920 4265 951 4323 τί
973 4266 1212 4323 κατενωτίσαντο
1235 4260 1293 4322 τοῦ
1311 4252 1353 4360 μη

108 4340 132 4378 ¹¹
145 4341 197 4402 καί
208 4344 268 4414 πᾶς
279 4337 353 4421 ἀνὴρ
364 4336 487 4423 Ἰσραὴλ
501 4341 648 4426 καὶγυνίχ,
672 4344 713 4409 τὰ
745 4343 845 4410 ἐλθεῖν
862 4348 901 4417 είς
919 4337 1087 4424 άπάντησίν
1102 4367 1153 4425 μοι
1171 4339 1259 4422 παρὰ
1277 4361 1350 4403 παν-

106 4421 223 4496 παιδία,
236 4422 287 4485 καί
300 4423 332 4484 οδ
343 4427 550 4499 κατοικοῦντες
561 4421 712 4510 ἐνἸερου-
745 4453 799 4502 τας
824 4423 894 4500 τοῦς
923 4429 1136 4498 κατοικοῦντας
1167 4428 1198 4489 ἐν
1222 4425 1353 4503 δυσμαῖς.

103 4498 204 4587 σαλημ
231 4505 338 4570 ἔπεσον
361 4503 440 4569 κατὰ
465 4500 627 4592 πρόςωπον
652 4512 712 4574 τοῦ
745 4506 988 4596 ’καὶεῖπεπρός
1001 4505 1095 4574 αῦτόν
1109 4505 1215 4595 Ἀχιιδρ
1229 4503 1247 4572 ὁ
1263 4500 1355 4591 ίηγοό·

1272 4610 1356 4670 μενος
