2924 4972
336 235 496 294 ΣΟΦΙΛ
536 235 728 296 ΣΕΙΡΑΧ
771 239 847 310 Κεφ.
861 235 901 295 λ’.
915 235 1043 296 λα’.30.
1057 235 1108 298 31.
1270 234 1337 300 707

105 329 1340 350 .....-.-.....-..-.-..-.-..—..-..-..

105 362 229 445 καρδίαν
241 386 311 433 σου,
325 361 376 421 καὶ
388 353 487 438 λόπην
498 356 616 438 μακρόν
629 358 709 422 ἀπό-
745 364 851 430 πνίοις.
879 357 893 397 ³
907 360 998 420 τσῖιτσ
1016 359 1095 421 κατὰ
1116 353 1226 422 τσότου
1244 352 1348 438 δ’ρασις

105 468 213 525 στησον
231 441 296 507 ἀπὸ
313 443 380 503 σοῦ.
406 438 539 514 πολλοὺς
555 437 615 522 γάρ
632 437 708 504 ἀπέ-
745 444 904 511 ἐνυπνίων,
916 442 1070 503 κατέναντι
1082 437 1246 523 προςιόπσυ
1260 441 1347 522 ὁμοί·

105 551 209 592 κτεινεν
223 524 241 607 ἡ
255 519 344 602 λόπη,
362 522 414 585 καί
426 519 480 585 οὐκ
493 525 569 586 ἐστιν
582 521 709 600 ὠφέλεια
745 549 813 604 ωμα
837 517 1008 605 προςοίπσυ.
1048 519 1140 585 4ἀπὸ
1167 520 1346 605 ἀκαθάρτου

105 613 137 675 ἐν
150 607 237 689 αὐτῇ.
260 604 709 686 22ζήλσςκαίθυμὸςέλαττσό-
744 611 776 668 τί
799 615 883 668 καθα
903 610 1074 687 ισθήσεται,·
1100 604 1154 668 καί
1178 602 1242 669 ἀπὸ
1268 627 1345 712 ρεα-

107 718 151 756 σιν
168 677 286 775 ήμέρας,
291 693 344 752 καί
355 685 415 770 πρὸ
425 692 530 772 καιροῦ
542 691 634 771 γήρας
642 684 708 764 ἀγει
744 689 814 763 δοῦς
826 693 856 752 τί
868 628 1044 768 ἀληθεύσας
1070 688 1223 769 2μαντεῖαι
1235 712 1287 750 και
1299 692 1346 751 σί-

106 778 236 858 μίριμνα.
271 775 303 835 C.
317 775 368 847 33,
386 793 430 850 17.
444 767 484 845 ὡς
502 766 709 853 καλαμόμενος
745 774 866 851 ωνισμσί
883 772 934 834 καί
947 766 1066 835 ἐνόπνια
1083 764 1198 851 μάταιά
1211 772 1346 846 ἐστι,καί

107 857 205 922 ὀπίσω
221 857 390 940 τρυγητῶν,
416 856 446 916 ἐν
468 853 586 935 εὐλογία
607 859 708 937 κυρίου
744 848 1264 937 ὡςἀδινοόσηςφαντάζεταικαρδία.
1279 848 1346 917 2ἐδιν

107 946 240 1018 ἔφθασα,
266 939 318 1001 καί
342 934 382 1009 ὥς
405 942 522 1020 τρυγών
546 929 708 1017 ἐπλήρωσα
743 935 783 1019 μή
799 935 884 1019 παρὰ
905 932 1038 1016 ὑψίστου
1056 932 1216 1027 ἀποστολῇ
1233 941 1265 1001 ἐν
1281 940 1343 1000 ἐπι-

105 1017 200 1103 ληνόν.
225 1021 253 1063 22
267 1014 471 1098 κατανοήσατε
496 1015 543 1082 ότι
564 1016 618 1083 σόκ
644 1021 709 1099 ἐμοὶ
745 1024 858 1111 σκοπῇ,
883 1015 922 1100 μή
935 1019 992 1091 δῶς
1004 1021 1044 1090 εἰς
1064 1014 1144 1080 αότά
1156 1015 1209 1101 τήν
1222 1020 1346 1101 καρδίαν

105 1101 188 1186 μόνῳ
207 1107 368 1174 ἐκοπίασα,
393 1097 472 1164 ἀλλὰ
492 1105 565 1166 πᾶσι
582 1111 646 1175 τοῖς
658 1104 708 1184 ζη-
746 1128 809 1166 σου.
836 1083 992 1174 2πολλοδς
1005 1093 1147 1181 έπλάνησε
1164 1099 1202 1163 τά
1215 1096 1346 1177 ἐνύπνια,

106 1191 188 1250 τοῦσι
202 1184 347 1248 παιδείαν.
382 1182 410 1223 ¹⁹
423 1179 576 1248 ἀκούσατέ
586 1208 644 1264 μου
656 1209 706 1265 με-
745 1187 798 1248 καί
819 1185 954 1258 ἐξέπεσον
976 1181 1141 1258 ἐλπίζοντες
1162 1180 1206 1246 ἐπ’
1233 1181 1345 1257 αὐτοῖς.

105 1272 237 1342 γιστάνες
260 1264 412 1336 λαοῦ,καί
434 1268 463 1328 οἰ
484 1261 636 1347 ήγσόμενοι
660 1269 709 1328 ἐκ·
745 1266 843 1332 θάνευ
862 1263 991 1346 ψεόδσυς
1011 1259 1273 1348 συντελεσθήσεται
1294 1261 1346 1328 νό-

105 1349 225 1431 κλησίας
244 1350 438 1411 ἐνωτίσασθε.
464 1349 495 1390 ²⁰
516 1350 572 1429 υἱῷ
589 1351 639 1412 καὶ
654 1373 708 1423 γυ-
743 1374 809 1431 μσς,
820 1348 871 1412 καί
880 1352 972 1428 σοφία
985 1343 1110 1426 στόματι
1122 1351 1221 1428 πιστῷ
1232 1346 1347 1412 τελείω-

106 1433 195 1504 ναικὶ,
208 1428 329 1512 ἀδελαῷ
343 1433 393 1493 καί
409 1428 486 1512 φίλῳ
498 1429 538 1512 μή
552 1432 610 1513 δῷς
623 1431 706 1504 ἐξου-
745 1458 796 1507 σις.
821 1429 836 1470 ⁹
850 1425 924 1515 ἀνήρ
941 1432 1168 1511 πεπαιδευμένος
1184 1430 1259 1505 ἔγνω
1270 1429 1342 1494 πολ-

108 1520 175 1579 σίαν
192 1515 243 1576 ἐπὶ
259 1511 292 1577 σέ
311 1514 343 1576 ἐν
366 1514 427 1602 ζωῇ
438 1537 505 1588 σου,
530 1515 581 1578 καί
597 1511 638 1616 μή
651 1513 709 1593 δῷς
745 1514 800 1588 λδ,
824 1514 875 1578 καί
901 1512 919 1578 ὁ
944 1509 1125 1596 πολύπειρος
1150 1512 1210 1576 ἐκδι
1229 1508 1348 1596 γήσεται

108 1599 199 1679 ἑτέρῳ
213 1593 250 1659 τά
286 1590 404 1677 ρήματά
422 1620 490 1670 σου,
508 1599 557 1659 ἵνα
568 1623 608 1679 μη
620 1619 710 1677 μετα·
747 1598 865 1662 σύνεσιν.
890 1599 919 1640 ¹⁰
931 1591 962 1670 ὃς
974 1593 1029 1659 οὐκ
1042 1589 1187 1677 ἐπειράθη
1200 1539 1290 1672 ὀλίγα
1302 1593 1348 1659 σί-

109 1679 242 1762 μεληθείς
261 1621 312 1780 δέη
329 1680 398 1760 περὶ
415 1676 524 1742 αὐτῶν.
554 1681 581 1719 ²¹
593 1684 648 1752 ἕως
668 1680 710 1740 ἐτι
746 1680 809 1754 δεν,
834 1677 890 1742 2Ῑὸ
914 1677 946 1744 δὲ
962 1676 1186 1760 πεπλανημένας
1202 1676 1351 1760 πληθυνεῖ

109 1766 158 1852 ζῇς
171 1764 221 1825 καί
233 1785 310 1844 πνση
328 1763 359 1825 ἐν
371 1763 432 1834 σοί,
457 1756 496 1843 μή
514 1757 643 1852 ἀλλάξῇς
661 1785 710 1860 ορ·
746 1767 942 1846 πανουργίαν.
968 1763 995 1802 12
1008 1759 1110 1825 πολλὰ
1129 1757 1250 1843 ἑώρακα
1266 1765 1297 1827 έν
1308 1764 1348 1851 τῇ

108 1842 199 1910 αυτὸν
223 1835 304 1934 πόση
331 1847 425 1928 σαρκί.
450 1845 480 1883 22
491 1857 626 1924 κρεῖσσον
649 1868 708 1927 γαρ
746 1839 952 1928 ἀπσπλανήσει
973 1869 1042 1926 μου,
1067 1844 1120 1907 καί
1140 1843 1265 1910 πλείονα
1286 1843 1348 1907 τῶν

107 1925 218 1991 ἐστιτὰ
232 1928 319 1991 τέκνα
331 1926 477 2010 δεηθῆναί
489 1952 553 2006 σου,
580 1925 598 2051 ῇ
612 1925 645 1991 σὲ
658 1931 709 2008 ἐμ·
746 1923 846 2006 λόγων
856 1924 1040 2010 μου,σόνεσίς
1056 1952 1130 2027 μου.
1157 1926 1183 1966 ¹³
1195 1921 1349 2000 πλεονάκις

105 2009 223 2095 βλέπειν
236 2012 275 2083 εἰς
285 2020 381 2095 χεῖρας
394 2013 465 2073 υἰεῦν
478 2035 543 2074 σου.
568 2012 583 2052 ²
604 2014 636 2075 ἐν
649 2013 710 2073 πᾶ·
746 2016 802 2087 ἕως
814 2005 951 2075 θανάτου
969 2010 1166 2084 ἐκινδυνευοα,
1179 2013 1230 2075 καί
1243 2007 1349 2074 διεσιό-

109 2119 138 2158 σι
156 2105 219 2166 τοῖς
241 2095 337 2172 ἔργοις
359 2118 414 2157 σου
435 2098 522 2170 γίνου
545 2089 709 2179 ὑπεράγων,
745 2104 806 2177 θην
819 2089 935 2158 τοότων
947 2088 1039 2196 χάριν.
1064 2092 1094 2134 ¹⁴
1106 2096 1221 2174 πνεῦμα
1235 2095 1349 2238 φοβήσ-

106 2174 146 2277 μή
159 2176 218 2256 δῷς
228 2179 331 2257 μῶμον
344 2178 375 2238 ἑν
387 2180 425 2267 τῇ
437 2171 510 2267 δόξη
528 2201 594 2240 σου.
633 2173 664 2216 2⁴
678 2177 709 2238 ἐν
745 2180 839 2258 μένων
852 2172 956 2258 κόριον
968 2178 1098 2259 ζησεται,
1123 2171 1253 2259 22ήγάρ
1323 2174 1349 2249 ἐς

106 2261 198 2342 ημέρα
225 2256 387 2331 συντελείας
417 2252 532 2340 ήμερῶν
555 2261 629 2339 ζωῆς
654 2279 708 2319 σου
747 2283 848 2322 αυτων
860 2283 910 2321 επι
922 2280 976 2321 τον
988 2252 1124 2330 σώζοντα
1135 2255 1256 2330 αὐτούς.
1289 2253 1348 2321 ¹⁶5

107 2342 157 2404 καί
169 2344 201 2403 ἐν
208 2343 300 2419 καιρῷ
313 2336 443 2422 τελευτῆς
453 2335 554 2412 διάδος
565 2339 709 2423 κληρσνσ-
748 2337 931 2424 φοβούμενος
947 2333 1049 2423 κόριον
1064 2337 1101 2400 οό
1115 2335 1160 2439 μή
1180 2333 1350 2439 εὐλαβηθή-

107 2425 185 2504 μίαν.
211 2425 321 2482 ΠΕΡΙ
342 2423 532 2483 ΔΟΤΛΩΝ.
558 2421 587 2464 22
598 2413 708 2506 χορτά-
747 2445 839 2495 σεται,
864 2418 963 2484 καίοἰ
981 2418 1173 2512 μήδειλιασῇ,
1199 2414 1349 2496 ότιαείτσς

109 2525 208 2603 σματα
233 2504 283 2564 καί
307 2497 414 2587 ῥάβδος
438 2505 488 2566 καί
501 2509 611 2587 φορτία
637 2503 709 2582 ὄνῳ,
746 2502 829 2576 ἐλπίς
842 2501 945 2566 αὐτοῦ.
984 2504 1011 2545 27
1025 2504 1213 2587 φοβουμένου
1229 2499 1350 2567 τὸνκό-

109 2585 201 2667 ἀρτσς
218 2586 269 2648 καὶ
285 2586 403 2649 παιδεία
428 2587 479 2649 καί
498 2588 585 2669 ἔργον
601 2590 708 2672 οἰκέτῃ.
746 2611 810 2670 ριον
825 2589 958 2668 μακαρία
974 2580 993 2686 ῇ
1012 2581 1101 2667 φιυχή.
1131 2583 1161 2626 ¹⁸
1173 2589 1229 2648 τίνι
1247 2583 1349 2668 ἐπέχει,

110 2669 139 2709 ²⁶
152 2671 272 2749 ε”ργασαι
286 2668 317 2731 ἐν
334 2668 419 2732 παιδί
432 2673 482 2733 καί
494 2664 620 2752 εὑρήσεις
633 2669 709 2734 ἀνοί-
747 2670 797 2732 καί
809 2672 853 2742 τίς
866 2666 1077 2751 ἀντιστηριγμα
1090 2663 1203 2744 αὐτοῦς
1227 2668 1256 2709 ¹⁹
1269 2670 1301 2730 οἰ
1315 2666 1350 2731 ὀ-

108 2773 226 2823 παυσιν,
237 2748 301 2824 ἀνες
313 2762 409 2833 χεῖρας
425 2748 520 2833 αὐτῷ,
533 2752 584 2815 καί
596 2748 709 2836 ζητήσει
748 2750 885 2833 φθαλμσέ
902 2755 1003 2834 κυρίου
1017 2751 1068 2814 ἐπὶ
1084 2747 1157 2824 τοὺς
1169 2747 1351 2827 ἀγαπῶντας

108 2831 288 2916 ἐλευθερίαν.
320 2835 349 2874 22
362 2830 447 2910 ζυγὸς
470 2836 521 2898 καί
545 2833 612 2916 ῖμάς
634 2831 708 2917 κόμ-
748 2830 859 2910 αὐτόν,
883 2830 1105 2919 ὖπερασπισμός
1117 2833 1287 2909 δυναστείας
1300 2833 1352 2897 καί

108 2934 202 2999 ψουσι
216 2912 373 2998 τράχηλον,
395 2918 445 2981 καί
460 2920 560 3011 οἰκέτῃ
577 2917 710 3002 κακοόρ·
749 2913 891 3002 στήριγμα
904 2912 1015 3001 ἐσχόος,
1042 2919 1136 3001 σκέπη
1154 2913 1219 2981 ἀπό
1233 2912 1351 2983 καόοω·

108 3024 152 3082 γῳ
170 2999 308 3084 στρέβλαι
329 3001 380 3063 καί
399 2995 534 3085 βάσανοι.
560 3002 591 3044 ²⁸
603 3003 710 3087 ἐμβαλε
747 3025 806 3076 νος,
831 3002 883 3065 καί
894 3003 990 3084 σκέπη
1003 2998 1064 3065 ἀπό
1082 3003 1267 3086 μεσημβρίας,
1293 3024 1351 3079 φυ·

108 3078 200 3147 αὐτὸν
225 3087 263 3155 εἰς
289 3084 443 3184 ἐργασίαν,
475 3089 524 3148 ἰ’να
554 3083 595 3168 μή
621 3085 710 3180 ἀργῇ,
748 3081 823 3168 λακή
836 3082 898 3148 ἀπὸ
913 3079 1141 3168 προςκόμματσς
1159 3084 1210 3146 καί
1221 3078 1350 3169 βοήθεια

108 3167 138 3206 ²⁹
152 3161 268 3248 πολλὴν
284 3190 342 3248 γαρ
361 3171 468 3231 κακίαν
481 3167 608 3247 ἐδίδαξεν
621 3166 638 3253 ή
653 3167 709 3271 ἀρ·
748 3167 810 3232 ἀπὸ
823 3163 992 3252 πτώματος.
1017 3169 1048 3211 ²⁰
1054 3164 1180 3250 σἰνυψῶν
1191 3165 1288 3251 ψειχ“ν
1301 3165 1352 3229 καί

108 3252 169 3324 γία.
207 3248 236 3291 ³⁰
250 3251 288 3322 εἰς
307 3251 378 3331 ἐργα
397 3246 587 3334 κατάστησον
605 3263 711 3329 καθως
748 3252 884 3332 φωτίζων
912 3249 1112 3332 ὀφθαλμοὺς,
1151 3250 1230 3314 ἴασιν
1253 3194 1352 3322 διδοὺς

108 3330 214 3412 πρέπει
227 3329 324 3413 αὐτῷ,
347 3329 457 3415 κρίνμή
471 3339 631 3425 πειθαρχῇ,
654 3330 711 3420 βά-
748 3336 824 3419 ζωήν
850 3336 902 3400 καί
924 3331 1070 3409 εὐλογίαν.
1108 3328 1297 3406 22θυσιάζων
1322 3333 1353 3407 ἐξ

108 3436 199 3495 ρυνον
219 3411 273 3485 τάς
290 3412 383 3486 πέδας
401 3413 504 3478 αὐτοῦ.
531 3419 582 3481 καί
598 3414 638 3498 μή
657 3443 710 3482 πε-
749 3416 864 3490 άδίκου,
876 3413 1035 3497 πρσςφσρά
1047 3415 1251 3495 μεμωκημίνη,
1264 3414 1352 3477 22καί

109 3492 261 3582 ρισσεόσης
287 3498 318 3557 ἐν
341 3490 425 3587 πάσῇ
450 3521 489 3558 σα
508 3498 546 3571 κί,
563 3503 615 3561 καί
640 3497 711 3562 ἀνευ
750 3495 806 3561 σόκ
824 3502 862 3571 εἰς
880 3495 1018 3559 εδδοκίαν
1031 3489 1202 3598 μωκήματα
1220 3488 1350 3572 ἀνόμων.

111 3580 232 3656 κρίσεως
250 3572 289 3658 μή
307 3573 433 3678 ποιήσῇς
449 3522 547 3660 μηδέν.
573 3580 599 3620 ³¹
614 3584 637 3642 εἰ
648 3582 712 3643 ἐστι
748 3581 777 3619 ²³
791 3577 846 3642 οὐκ
863 3575 975 3642 εὐδοκεῖ
990 3573 1008 3640 δ
1029 3573 1153 3659 α’ῳιστος
1171 3578 1202 3638 έν
1217 3600 1351 3659 προςῳσ-

110 3683 158 3721 σοι
171 3660 293 3741 οἰκέτης,
306 3661 384 3721 ἔστω
397 3684 438 3733 ως
452 3657 499 3734 σὺ,
514 3657 561 3724 ότι
574 3664 607 3726 ἐν
621 3667 710 3745 α’ίμα-
749 3671 815 3742 ραίς
828 3659 956 3747 ἀσεβῶν,
982 3656 1052 3723 οὐδὲ
1067 3662 1098 3725 ἐν
1110 3657 1219 3743 πλήθει
1232 3661 1351 3725 θυσιῶν

108 3766 137 3805 τι
151 3737 265 3844 ἐκτήσω
279 3737 381 3805 αὐτόν.
416 3746 441 3806 εἰ
453 3745 516 3808 ἐστι
529 3769 576 3808 σοι
588 3747 712 3829 οἰκέτης,
750 3741 930 3820 ἐξιλάσκεται
953 3739 1109 3826 ἁμαρτίας.
1134 3742 1166 3784 ²⁴
1179 3737 1268 3808 θόων
1289 3737 1353 3805 υἱὸν

110 3823 165 3902 ἀγε
180 3822 275 3888 αυτὸν
287 3822 327 3899 ὡς
340 3823 475 3902 σεαυτὸν,
490 3823 536 3891 ὅτι
550 3823 590 3902 ὡς
602 3824 620 3912 ή
633 3823 712 3913 ψυχή
750 3830 847 3892 ἔναντι
860 3831 916 3891 τοῦ
928 3823 1042 3910 πατρὸς
1052 3822 1148 3890 αὐτοῦ
1162 3822 1179 3890 ὁ
1193 3823 1352 3910 προςάγων

110 3933 163 3972 σου
176 3905 328 3993 ἐπιδεήσεις
341 3905 447 3974 αὐτοῦ.
473 3910 503 3951 ³²
515 3909 567 3976 ἐάν
578 3905 715 4004 κακόσης
750 3915 860 3975 θυσίαν
873 3911 905 3973 ἐκ
921 3904 1078 3993 χρημάτων
1094 3903 1236 3991 πενήτων.
1261 3906 1350 3990 22ἀρ

110 3989 205 4055 αὐτὸν
223 3994 274 4057 καί
291 3986 412 4075 ἀπάρας
431 3990 566 4079 ἀποδρᾷ,
586 3997 619 4061 ἐν
637 4003 714 4079 ποία
751 4018 802 4068 τος
815 3994 1007 4074 ἐπιδεομένων
1019 3989 1078 4077 ζωή
1091 3996 1228 4076 πτωχῶν,
1241 3987 1259 4055 ὁ
1273 3987 1351 4055 ἀπσ·

111 4067 173 4155 ὁδῳ
187 4070 313 4159 ζητήσεις
330 4072 441 4154 αἰτόν,·
753 4080 863 4162 στερεόν
894 4074 987 4178 αὐτήν
1013 4074 1177 4159 ἀνθρωπος
1206 4069 1352 4157 αἱμάτων.

245 4163 279 4222 Κ
290 4165 318 4222 Ε
335 4163 373 4222 Φ.
395 4154 484 4224 ΛΑ’.
507 4161 627 4243 (034.)
752 4154 921 4241 22φσνεόων
933 4182 987 4222 τον
1003 4158 1130 4241 πλησίον
1144 4154 1161 4223 ὁ
1174 4155 1352 4242 ἀφαιρούμε-

110 4205 227 4305 Κεναί
245 4240 358 4315 ἐλπίδες
375 4243 425 4306 καί
443 4243 557 4326 ψευδεῖς
581 4242 715 4326 ἀσυνέτῳ
753 4266 802 4318 νος
815 4247 987 4328 συμβίωσιν,
1021 4243 1050 4286 22
1063 4243 1115 4308 καί
1127 4244 1232 4326 έκχέων
1246 4236 1351 4322 αίμαὸ

110 4319 213 4406 ἀνδρί,
237 4325 286 4386 καί
306 4320 430 4390 ἐνύπνια
449 4324 664 4412 ἀναπτερσῡσιν
676 4325 716 4389 δί-
753 4322 929 4412 ἀποστερῶν
940 4323 1048 4409 μισθὸν
1059 4331 1194 4410 μισθίου.
1220 4324 1294 4398 28είς
1307 4327 1352 4389 σί·

111 4427 232 4500 φρρνας.
264 4401 332 4479 2ὡς
349 4405 550 4493 δρασσόμενος
568 4414 651 4483 σκιᾶς
667 4409 719 4472 καί
752 4411 904 4492 κοδομῶν,
926 4412 976 4475 καί
988 4409 1026 4484 εἷς
1038 4415 1209 4492 καθαιρῶν,
1231 4412 1261 4468 τί
1273 4403 1346 4485 ἀφί·

112 4483 229 4549 διωκων
242 4484 365 4566 ἀνεμον,
386 4485 485 4568 σότως
498 4489 516 4556 ὁ
529 4495 643 4577 ἐπέχων
655 4495 719 4556 ἐνυ-
754 4491 853 4631 λησαχ
865 4491 967 4557 πλεῖον
977 4491 1003 4574 ἢ
1022 4487 1152 4567 κόπουςς
1177 4491 1207 4532 22
1220 4487 1258 4562 είς
1271 4481 1353 4568 εἰχό-

857 4590 920 4654 χα
1272 4593 1353 4644 μενος
