2924 4972
106 186 150 252 ss
362 180 591 260 σΞοιοΣ
630 157 1095 265 περίιᾳῖνμᾌωυισυ.

106 303 156 365 καί
168 295 269 363 πάντα
280 293 320 360 τά
334 290 421 378 σκεύη
434 291 535 375 αὐτῆς,
547 296 598 358 καί
607 289 643 357 τὸ
654 303 713 357 θυ-
743 293 775 355 τί
786 295 896 374 συνετῷ
907 293 1015 381 καρδίᾳ
1027 292 1143 356 δέδωκα
1155 286 1274 356 σύνεσιν.
1301 291 1353 355 καί

106 379 276 465 οιαστήριον
288 383 345 443 τοῦ
356 373 552 458 θυμιάματος,
569 378 600 421 ²⁸
612 375 711 440 καὶτὸ
743 370 902 458 πονήσουσι
925 371 1028 455 πάντα
1052 370 1111 439 ὅσα
1133 369 1276 448 συνίταξά
1294 399 1350 438 σοι.

106 458 317 547 θυσιαστήριον
326 466 387 537 τεᾶν
395 455 654 541 ὁλοκαυτωμάτων
661 461 712 538 καί
744 457 824 540 7τήν
842 455 946 541 σκηνήν
963 461 1019 520 τοῦ
1035 462 1208 542 μαρτυρίου,
1232 457 1284 519 καί
1298 454 1334 557 τή

105 544 208 612 πάντα
225 545 319 610 αὐτοῦ
331 543 371 607 τοὶ
385 539 487 626 σκεύη,
510 545 561 606 καί
572 539 626 625 τήν
636 539 712 628 τρά-
743 539 870 626 κιβωτὸν
881 543 933 622 τῆς
945 535 1098 622 διαθήκης,
1115 537 1215 604 καὶτὸ
1229 538 1352 621 ἱλαστη·

104 634 193 707 πεζαν
204 631 256 694 καί
268 624 372 693 πάντα
383 625 422 690 τὰ
436 621 524 708 σκεύη
538 623 638 704 αὐτῆς,
662 627 712 688 καί
743 647 806 710 ριον
817 622 854 687 τὸ
867 621 911 688 ἐπ’
932 620 1038 705 αὐτῆς,
1063 623 1114 686 καί
1126 621 1180 703 τήν
1200 622 1353 702 διασκευήν

104 712 158 778 τὸν
182 714 323 796 λουτῆρα.
352 710 383 752 ²⁹
396 709 447 790 καί
470 704 598 784 ᾶγιάσεις
622 703 710 773 αύτά.
743 712 795 811 τῆς
808 710 921 791 σκηνῆς,
944 706 1020 769 8καί
1031 703 1070 768 τά
1082 700 1289 789 θυσιαστήρια,
1301 705 1353 768 καί

105 798 157 861 καὶ
181 798 266 859 ἔσται
291 784 363 870 άγια
388 797 449 855 τᾶν
467 788 569 870 ᾶγίων.
607 796 667 866 πᾶς
688 786 710 855 ,ὁ
742 814 797 874 την
808 786 955 875 τράπεζαν
967 790 1019 853 καὶ
1030 783 1131 852 πάντα
1145 786 1183 852 τά
1197 782 1281 869 σκεύη
1293 785 1351 850 αύ-

105 874 271 980 ἁπτόμενος
281 874 381 941 αὐτᾶν
392 871 615 976 ᾶγιασθήσεται.
626 875 713 939 30καί
743 877 805 954 τῆς,
826 875 878 936 καὶ
889 871 941 956 τήν
953 872 1072 956 λυχνίαν
1083 869 1137 959 τήν
1149 869 1290 955 καθαρὰν
1302 862 1353 934 καί

103 960 219 1046 Ἀαρων
235 961 287 1024 καί
303 958 373 1035 τοὺς
390 957 472 1034 υἱοὺς
484 962 579 1022 αυτοῦ
597 963 712 1042 χρίσεις,
743 952 843 1020 πάντα
856 954 896 1020 τά
909 951 993 1039 σκεύη
1008 953 1108 1038 αὐτῆς,
1129 955 1208 1020 9καί
1218 957 1271 1018 τὸν
1283 954 1353 1017 λου-

106 1047 161 1110 καὶ
181 1040 311 1119 ἁγιάσεις
339 1040 450 1116 αὐτούς
473 1045 497 1104 ἱε
517 1036 629 1105 ατεύειν
653 1067 710 1122 μοι.
744 1043 823 1122 τῆρα
835 1040 886 1102 καί
896 1039 950 1121 τήν
960 1035 1046 1124 βάσιν
1058 1037 1169 1114 αὐτοῦ,
1194 1040 1223 1083 ¹⁰
1236 1036 1354 1111 καὶτὰς

106 1129 132 1169 ³¹
145 1130 197 1192 καί
206 1138 269 1202 τοῖς
282 1130 357 1200 υἱοῖς
365 1122 488 1210 Ἰσραήλ
498 1066 645 1208 λαλήσεις,
663 1123 712 1188 λε’-
746 1120 854 1197 στολάς
866 1120 920 1196 τάς
937 1120 1133 1206 λειτουργικδις
1144 1118 1278 1205 Ἀαρὼν,
1303 1122 1354 1184 καί

105 1236 174 1289 γων.
205 1210 311 1290 ,ἔλαιον
336 1206 460 1290 ᾶλςιμμα
485 1213 603 1293 χρίσεως
628 1203 713 1284 ᾶγιον
745 1203 799 1278 τὰς
812 1203 920 1279 στολὰς
933 1209 993 1269 τῶν
1006 1210 1078 1269 υἱῶν
1091 1202 1188 1269 αὐτοῦ
1200 1199 1353 1289 ἱερατεύειν

105 1296 188 1359 ἔσται
207 1296 297 1358 τοῦτο
310 1287 378 1396 ύμῖν
393 1289 499 1366 εἰςτὰς
512 1288 608 1368 γενεάς
621 1287 711 1371 ὑμῶν.
744 1313 807 1371 μοι,
832 1291 857 1332 ¹¹
869 1287 969 1352 καὶτὸ
983 1288 1085 1353 ὲλοιων
1096 1291 1148 1370 τῆς
1160 1293 1287 1373 χρίσεως,
1303 1287 1353 1350 καί

105 1378 135 1419 ³²
147 1379 198 1441 ἐπὶ
210 1372 308 1460 σάρκα
321 1371 488 1457 ανθρώπου
505 1371 541 1437 ού
555 1371 713 1458 χρισθήσε-
746 1370 781 1436 τὸ
795 1377 931 1452 θυμίαμα
943 1376 995 1475 τῆς
1009 1374 1170 1444 συνθέσεως
1187 1375 1243 1435 τοῦ
1257 1368 1353 1448 ᾶγίου.

105 1484 163 1536 ται.
181 1460 232 1520 καί
244 1453 323 1520 κατά
334 1454 390 1537 τῆν’
400 1451 539 1526 σύνθεσιν
550 1451 663 1536 ’ταύτην
676 1453 712 1518 ού
745 1453 823 1518 κατὰ
835 1450 946 1530 πάντα,
965 1452 1023 1518 σ’σα
1035 1453 1093 1530 ἐγὼ
1106 1450 1285 1540 ἐνετειλάμην
1298 1479 1353 1527 σοι,

105 1535 240 1623 ποιήσετε
253 1535 320 1640 ύμῖν
330 1541 447 1615 ἑαυτοῖς
460 1532 608 1613 ὡςαύτως.
625 1534 712 1614 άγιόν
746 1533 909 1617 ποιήσουσι.
934 1539 962 1578 ¹²
970 1539 1024 1600 καί
1034 1532 1155 1618 ἐλάλησε
1167 1533 1267 1622 κύριος
1278 1536 1354 1618 πρὸς

107 1627 179 1697 ἐστι,
191 1624 242 1694 καί
254 1627 385 1703 αγίασμα
398 1623 482 1687 ἔσται
495 1617 572 1701 ύμῖν.
590 1621 619 1661 ³³
630 1617 663 1698 ὃς
676 1618 714 1684 ᾶν
746 1624 895 1702 Μωυσῆν,
913 1619 1015 1696 λέγων.
1053 1620 1080 1665 ¹³
1092 1621 1144 1682 καί
1161 1617 1196 1682 σίν
1212 1617 1355 1693 σύνταξον

105 1704 216 1797 ποιήφη
240 1700 392 1781 ὡςαύτως,
417 1706 468 1768 καί
485 1700 518 1778 ὃς
541 1702 581 1768 ᾶν
598 1704 643 1786 δῷ
658 1700 709 1768 ἀπ’
746 1714 809 1777 τοῖς
822 1707 897 1778 υἱοῖς
910 1701 1041 1788 Ἰσραήλ,
1055 1702 1155 1780 λέγων.
1182 1698 1281 1786 ὁρᾶτε,
1302 1705 1354 1765 καὶ

107 1788 204 1854 αὐτοῦ
216 1786 373 1874 ᾶλλογενεῖ,
386 1781 668 1871 ἐξολοθρευθῆσεται
681 1791 713 1861 ,ἐκ
747 1785 786 1850 τά
806 1782 944 1873 σάββατά
960 1813 1017 1868 μου
1040 1780 1211 1867 φυλάξεσθε.
1238 1782 1354 1891 σημεῖόν

107 1878 162 1937 τοῦ
179 1871 257 1936 λαοῦ
276 1870 378 1935 αὐτοῦ.
417 1868 448 1911 ³4
462 1872 514 1940 καί
535 1869 596 1935 εἶπε
613 1868 713 1956 κύριος
747 1871 807 1933 ἐστι
825 1867 896 1954 παρ’
916 1872 981 1952 ἐμοί
997 1871 1049 1934 καί
1066 1872 1096 1933 ἐν
1113 1867 1178 1952 ύμῖν
1190 1873 1229 1945 εἱς
1240 1895 1294 1944 τας
1306 1895 1353 1945 γε·

105 1954 184 2041 πρὸς
196 1959 339 2036 Μωυσῆν.
365 1948 436 2038 λάβε
454 1959 567 2037 σεαυτῷ
580 1949 714 2037 ήδύσμα-
747 1951 811 2027 νεάς
824 1949 913 2035 ὑμῶν,
923 1959 972 2017 ’ίνα
983 1958 1084 2030 γνᾶτε,
1098 1949 1145 2017 ὅτι
1158 1953 1215 2031 ἐγὼ
1227 1949 1352 2038 κύριοςὸ

107 2064 156 2121 τα,
167 2033 407 2121 στακτήν,ὄνυχα,’
415 2034 564 2122 χαλβάνην
574 2035 713 2119 ῆδυσμοῦ,
747 2031 875 2113 ᾶγιάζων
897 2032 979 2117 ὑμᾶς.
1016 2036 1045 2079 ¹⁴
1058 2038 1110 2100 καί
1134 2032 1297 2118 φυλάξεσθε
1314 2036 1353 2100 τά

107 2125 158 2188 καί
172 2122 292 2206 λίβανον
304 2120 443 2202 διαφανῆ.
471 2123 533 2185 ἴσον
551 2121 605 2203 ἴσῳ
620 2123 712 2192 ἔσται,
747 2115 897 2205 σάββατα,
923 2117 970 2184 ὅτι
989 2116 1074 2198 άγιον
1085 2116 1177 2185 τοῦτό
1190 2123 1250 2184 ἔστι
1262 2126 1353 2206 κυρίῳ

109 2209 138 2249 ³⁵
151 2207 203 2271 καί
225 2199 396 2286 ποιήσουσιν
420 2207 450 2267 ἐν
475 2201 560 2286 αύτῷ
578 2209 714 2287 θυμίαμα
749 2198 821 2286 ύμῖν.
844 2199 1008 2289 δβεβηλῶν
1026 2200 1103 2266 αὐτὸ
1114 2199 1242 2288 θανάτῳ
1254 2214 1351 2269 θανα-

108 2284 267 2372 μυρεφιιιὸν
284 2291 371 2372 ἔργον
376 2292 519 2392 μυρεψοῦ
536 2290 713 2370 μεμιγμένον.
746 2281 922 2369 τωθήσεται.
946 2290 1007 2358 πᾶς
1032 2282 1065 2359 ὃς
1089 2281 1202 2369 ποιήσει
1221 2290 1252 2350 ἐν
1269 2283 1352 2369 αύτῷ

109 2367 248 2461 καθαρὸν
267 2372 354 2455 ἔργον
370 2394 463 2448 αγιον.
494 2372 524 2413 ³⁰
538 2372 589 2434 καί
606 2367 715 2447 συγκό-
746 2371 841 2454 ἔργον,
866 2364 1146 2453 ἐξολοθρευθήσεται
1159 2369 1177 2454 ή
1191 2368 1270 2455 ψυχή
1283 2373 1349 2434 ἑκεί-

109 2473 174 2560 ῳεις
194 2458 231 2519 ’ἐκ
253 2449 370 2518 τούτων
393 2453 515 2533 λεπτὸν,
540 2455 592 2518 καί
615 2451 715 2536 θήσεις
746 2455 922 2535 νηίκμίσου
935 2456 991 2515 τοῦ
1003 2452 1079 2517 λαοῦ
1091 2450 1195 2517 αὐτοῦ.
1209 2452 1353 2537 15ἒξήμέ-

109 2541 252 2603 απὲναντι
269 2541 330 2603 τᾶν
344 2544 515 2624 μαρτυρίων
534 2541 565 2604 ἐν
577 2543 615 2632 τῆ
626 2542 715 2621 σκηνῆ
747 2562 801 2642 ρας
825 2531 953 2618 ποιήσεις
977 2538 1064 2620 ἔργα,
1089 2540 1127 2619 τῆ
1151 2535 1184 2600 δὲ
1203 2533 1298 2622 ἡμέρᾳ
1316 2543 1354 2628 τῆ

108 2625 165 2686 τοῦ
177 2626 348 2723 μαρτυρίου,
361 2618 432 2686 ὅθεν
443 2618 658 2704 γνωσθήσομαί
667 2610 714 2685 σάι
748 2616 855 2712 εβδόμη
868 2616 1018 2706 σάββατα,
1043 2606 1208 2699 άνάίταυσις
1224 2617 1296 2697 ᾶγία
1308 2627 1354 2704 τῷ

109 2707 228 2768 ἐκεὶθεν.
259 2704 344 2779 ἅγιον
361 2708 421 2767 τῶν
439 2700 532 2780 ἁγίων
548 2705 633 2767 ἔσται
651 2699 716 2783 ύμῖν
748 2708 847 2784 κυρίῳ.
870 2708 929 2778 πᾶς
942 2698 975 2778 ὃς
987 2697 1101 2786 ποιήσει
1114 2706 1199 2788 ἔργον
1210 2710 1246 2787 τῆ
1259 2700 1354 2790 ῆμέρῳ

109 2788 138 2839 ,37
143 2791 289 2887 θυμίαμα.
302 2784 380 2848 κατὰ
392 2784 446 2864 τήν
458 2782 592 2849 σύνθεσιν
603 2783 715 2868 ταύτην
747 2790 784 2873 τῆ
797 2781 915 2870 ἑβδόμη,
927 2782 1185 2870 θανατωθήσεται.
1198 2775 1284 2851 16’καί
1297 2792 1353 2867 φυ-

107 2865 145 2937 ,οὖ
171 2873 306 2951 ποιήσετε
332 2862 398 2950 ύμῖν
420 2869 543 2942 ἑαυτοῖς.
582 2863 714 2950 ᾶγίασμα
747 2858 932 2946 λάξουσινόἱ
950 2873 1011 2935 οἱοὶ
1022 2867 1144 2956 Ἰσραήλ
1159 2867 1199 2934 τά
1218 2866 1354 2957 σάββατα

108 2953 190 3018 ἔσται
204 2949 270 3035 ὑμῖν
280 2956 380 3036 κυρίῳ.
399 2950 430 2993 ³⁸
441 2946 473 3025 ὃς
486 2949 524 3013 ᾶν
534 2949 645 3035 ποιήση
658 2951 715 3029 ὡς-
746 2962 839 3016 ποιεῖν
852 2951 933 3018 αὐτὰ
944 2958 983 3028 είς
994 2951 1049 3028 τὰς
1060 2950 1156 3031 γενεάς
1168 2951 1274 3018 αὐτῶν.
1288 2957 1355 3020 δια-

108 3033 223 3112 αύτως,
248 3031 320 3109 ιὶίςτε
337 3033 552 3118 ὀσφραίνεσθαι
571 3038 601 3099 ἐν
620 3024 713 3119 άύτῷ,
747 3031 827 3119 θήκη
844 3032 963 3113 αἱυίνιος
984 3040 1011 3080 ¹⁷
1022 3038 1052 3100 ἒν
1067 3040 1136 3121 ἐμοὶ·
1143 3040 1195 3102 καί
1206 3051 1269 3114 τοῖς
1279 3043 1353 3115 υίοῖς

106 3116 263 3183 ἀπολεῖται
275 3122 307 3182 ίκ
323 3121 381 3181 τοῦ
393 3116 471 3190 λαοῦ
482 3114 585 3180 αὐτοῦ.
743 3116 874 3206 Ἰσραήλ,
891 3115 1005 3203 σημεῖόν
1016 3123 1094 3186 ἔστιν
1105 3125 1136 3185 ἐν
1148 3123 1213 3204 ἐμοί
1226 3119 1351 3187 αἰώνιον.

281 3206 316 3263 Κ
327 3205 356 3262 Ε
369 3204 408 3262 Φ.
450 3196 539 3263 AA‘.
745 3197 792 3266 ὅτι
812 3208 843 3280 ἕξ
859 3200 979 3290 ῆμέραις
991 3207 1109 3288 ἐποίησε
1121 3201 1219 3290 κύριος
1235 3203 1288 3270 τὸν
1300 3204 1353 3270 οίι-

104 3251 189 3349 Kal
209 3279 331 3367 ίλάλησε
347 3277 449 3369 κύριος
468 3283 545 3364 πρδς
564 3289 711 3370 Μωυσῆν,
745 3286 834 3392 ρανὸν
851 3291 902 3352 κάί
919 3287 972 3372 τήν
988 3291 1067 3370 γῆν,
1088 3289 1140 3352 καί
1156 3293 1195 3372 τῆ
1210 3286 1304 3375 ῆμέρᾳ
1315 3296 1352 3373 τῆ

104 3368 205 3449 λέγων.
232 3366 326 3431 ίῖδού
344 3364 540 3449 σἰνακέκλημαι
559 3365 712 3452 ίξόνόμα-
744 3366 852 3454 εβδόμη
860 3363 1259 3449 κατέπαυσε,καὶίπαύ’σατο.
1269 3364 1352 3438 18κάί

104 3476 156 3533 τος
167 3449 220 3515 τὸν
231 3449 377 3597 Βεσελεήλ
389 3446 442 3514 τὸν
453 3455 508 3521 τοῦ
522 3449 645 3535 Θύρείου
656 3454 712 3518 τὸν
744 3444 840 3518 ἔδωκε’
845 3459 966 3536 Μωυσῆ
977 3450 1062 3539 ήνίκα
1075 3458 1242 3533 κατέπαυσε
1254 3458 1351 3536 λαλῶν

101 3530 168 3620 Ὢρ,
186 3537 217 3598 ἐκ
233 3539 286 3617 τῆς
303 3559 344 3616 φυ
363 3537 396 3620 ῆς
414 3528 523 3602 Ἰούδα.
554 3535 632 3600 3καί
649 3540 711 3601 crd—
744 3534 829 3620 αύτῷ
838 3540 869 3600 ἐν
877 3542 922 3621 τῷ
931 3527 991 3624 άρει
1005 3544 1049 3622 τῷ
1057 3538 1133 3604 Σινά
1145 3538 1201 3614 τὰς
1209 3537 1264 3605 δύο
1272 3537 1349 3605 πλάὲ

104 3618 205 3700 πλησα
217 3614 310 3681 αὐτὸν
322 3620 435 3700 πνεῦμα
447 3627 531 3682 θεῖον
543 3624 652 3698 σοφίας
661 3621 712 3684 καί
743 3646 797 3695 κας
821 3624 877 3686 τοῦ
899 3628 1078 3708 μαρτυρίου,
1102 3618 1219 3696 πλάκας
1236 3624 1351 3697 λιθίνας

104 3703 242 3785 συνέσεως
251 3701 304 3763 καί
313 3696 482 3801 ἐπιστήμης,
496 3704 526 3764 ίν
535 3703 626 3765 παντί
634 3702 711 3787 ἔργῳ
742 3709 939 3791 γεγραμμένας
952 3711 998 3788 τῷ
1009 3700 1145 3784 δακτύλῳ
1157 3707 1215 3768 τοῦ
1224 3710 1308 3768 θεοῦ.

103 3781 326 3863 4διανοεῖσθαι,
338 3785 389 3845 καί
402 3787 649 3868 αρχιτεκτονῆσαι,
662 3791 711 3874 ίρ-
772 3792 774 3796 ”
829 3799 831 3802 ’
919 3795 953 3852 K
964 3794 994 3849 E
1007 3792 1045 3851 Φ.
1088 3783 1170 3862 ΛΗ,

101 3864 244 3944 γάζεσθαι
257 3862 292 3929 τὸ
306 3871 433 3951 χρυσίον,
448 3865 547 3932 καὶτὸ
559 3865 710 3957 ἀργύριον,
743 3837 826 3943 Καὶ
839 3870 909 3935 ίδοὶν
922 3867 939 3932 ὁ
950 3868 1031 3947 λαὸς,
1044 3865 1091 3933 δ’τι
1101 3863 1242 3953 κεχρόνικε
1251 3874 1350 3933 Μωυ·

102 3949 217 4014 καὶτὸν
228 3947 346 4034 χαλκὸν,
365 3952 415 4014 καί
427 3948 481 4033 τήν
495 3947 647 4029 ύάκινθον,
660 3955 712 4017 καί
742 3956 793 4042 σῆς
810 3956 973 4054 καταβῆναι
991 3954 1023 4015 ίκ
1035 3956 1091 4016 τοῦ
1102 3942 1203 4036 ὅρους,
1230 3953 1350 4035 συνίστη

102 4030 156 4116 τήν
167 4029 336 4118 πορφύραν,
352 4035 403 4097 καί
416 4032 452 4097 τὸ
465 4033 597 4103 κόκκινον
608 4035 645 4100 τὸ
659 4062 711 4119 νη-
742 4031 759 4099 ὃ
773 4033 845 4110 λαὸς
858 4033 1042 4119 ἐπὶΑαρών,
1054 4037 1106 4098 καὶ
1115 4035 1246 4112 λέγουσιν
1256 4031 1348 4118 αὐτῷ.

103 4113 187 4194 στὸν,
212 4118 290 4181 ὅκαί
301 4113 341 4181 τά
353 4115 539 4200 λιθουργικδι,
556 4120 606 4191 καί
619 4123 658 4191 εἰς
669 4118 709 4181 τά
742 4112 905 4201 ἀνάστηθι,
921 4118 974 4191 καί
988 4123 1115 4202 ποίησον
1127 4114 1195 4203 ῆμῖν
1205 4115 1303 4195 θεοὺς,
1320 4126 1351 4184 οἱ

102 4199 227 4286 ἔργατὰ
245 4199 396 4287 τεκτονικά
409 4206 470 4264 τῶν
481 4198 595 4276 ξύλων,
619 4196 709 4282 ἐργά-
740 4227 765 4264 π
826 4197 996 4302 σ’ρεύσονται
1009 4196 1097 4283 ῆμιᾶν.
1111 4197 1128 4266 ὅ
1142 4198 1201 4287 γάρ
1214 4208 1349 4285 Μωυσῆς

101 4286 202 4361 ζεσθαι
227 4281 306 4367 κατά
329 4283 431 4349 πάντα
454 4281 495 4348 τά
519 4283 601 4388 ἔργα.
630 4284 714 4346 8καὶ
741 4224 831 4361 om
848 4308 865 4348 ο
883 4281 1059 4367 ἄνθρωπος,
1080 4281 1114 4360 ὃς
1126 4280 1263 4367 ἐξήγαγεν
1274 4282 1349 4369 ῆμᾶς

101 4367 159 4445 ἐγὼ
178 4370 276 4433 ἔδωκα
293 4364 386 4432 αὐτὸν
402 4367 454 4429 καί
470 4363 523 4436 τὸν
538 4362 642 4449 madet]
654 4362 709 4430 τὸν
740 4368 773 4430 ίκ
784 4370 838 4450 γῆς
846 4360 1017 4444 Αἰγύπτου,
1030 4365 1084 4432 ούκ
1097 4368 1214 4449 οἴδαμεν
1223 4377 1256 4434 τί
1261 4373 1348 4448 γέγο-

100 4455 157 4516 τοῦ
169 4448 327 4537 Ἀχισαμάχ
340 4452 371 4514 ἐκ
382 4447 475 4533 φυλῆς
484 4442 557 4513 Δάν.
570 4448 622 4512 καὶ
631 4471 709 4514 παν-
741 4473 785 4514 νεν
801 4446 894 4537 αύτῷ.
919 4451 997 4516 ’καί
1014 4450 1090 4530 λέγει
1107 4450 1209 4530 αὐτοῖς
1223 4449 1347 4539 Ἀαρών.

1249 4561 1347 4620 περιε-
