2924 4972
254 172 544 292 ΒΑΣΙΛΕλΩΝ
571 224 752 288 ΠΡΩΊἮ
790 218 1139 305 Κεφ.ιιζ’.κη’.27.28.
1256 222 1323 291 303

74 324 113 411 ἀν
112 346 207 430 ίβαινε
223 342 321 406 Δαυίῦ
335 344 387 406 καί
405 344 436 404 σί
454 340 556 425 ἀνδρες
575 339 681 418 αὐτοῦ,
712 345 764 408 καί
775 344 808 408 ίν
820 353 884 418 τοῖς
894 340 997 428 δὴλοις
1013 346 1067 408 καί
1079 347 1111 409 ίν
1123 356 1188 421 τοῖς
1199 344 1322 432 προφὴ-

73 430 124 492 καί
140 428 313 489 ἐπετίθεντο
332 427 383 488 ἐπί
399 417 501 488 πάντα
513 422 567 486 τὸν
578 427 682 507 Γεσιρί
712 451 786 502 ταις.
827 427 905 491 1καί
929 424 992 491 ελπε
1006 423 1116 491 Σαούλ
1140 442 1204 504 τοῖς
1220 434 1323 495 παισίν

73 512 126 575 καλ
141 509 192 572 ίπλ
207 507 262 571 τὸν
274 505 489 609 Ἀμαληκίτηνχ
507 509 559 571 καί
577 505 643 608 ίβοὴ
662 505 680 611 ὴ
713 507 817 575 αῦτοῦ.
844 505 993 595 ζητὴσατί
1012 535 1063 593 μοι
1084 521 1213 587 γυναῖκα
1231 516 1321 590 ἐγγα-

73 595 112 675 γὴ
135 602 298 674 κατῳκεῖτο
315 615 379 655 απο
396 613 567 671 ανηνοντων
582 617 600 673 η
618 615 682 655 απο
714 597 893 677 στρίμυθσν,
911 595 962 658 καλ
973 588 1163 679 πορεύσομαι
1174 592 1252 678 πρός
1263 593 1319 661 αύ-

74 671 259 758 Γελσμιμσῦρ
271 675 485 757 τετειχισμένον
496 674 549 738 καί
561 677 616 748 ίίυς
627 677 682 756 γὴς
713 672 782 756 τὴν,
806 675 858 738 καί
874 670 991 779 ζηεὴσιο
1008 679 1041 741 ίν
1057 674 1144 771 αῦτὴ.
1170 680 1223 742 καί
1235 676 1320 743 ελπαν

74 759 243 834 Αλγύπτσυ.
270 757 350 821 οκαί
362 759 468 820 ἔταττε
480 753 535 840 τὴν
545 759 615 839 γὴν,
630 759 682 820 καί
714 757 747 820 ολ
758 757 860 832 παῖδες
873 763 969 824 αυτοῦ
979 758 1057 842 πρός
1069 756 1170 827 αῦτόν.
1188 759 1255 827 woh
1265 787 1319 839 γυ-

74 837 130 904 ούκ
145 832 297 916 ίζωογόνει
316 836 411 925 ἀνδρα
431 838 450 923 ἢ
467 850 606 916 γυναῖκα.
631 841 682 903 καί
714 837 749 922 νὴ
767 840 1003 925 ίγγαστρίμυθσς
1020 847 1051 906 ίν
1067 841 1200 931 Ἀενιίάρ.
1238 845 1319 911 ‘zui

73 919 237 1008 ίλόμβανον
257 928 380 1004 ποίμνια
402 925 454 987 καί
467 917 612 1007 βουκόλια
630 922 682 987 καί
714 916 943 1001 συνεκαλύψατο
954 921 1062 989 Σαούλ
1073 925 1319 1016 καίπεριεβόλετο

73 1001 682 1110 ύνουςκαίκαμὴλουςκαίίματισμόν,καλ
714 999 818 1087 λμότια
844 1009 944 1085 ἔτερα,
969 1007 1021 1069 καλ
1042 1006 1198 1093 πορεύεται
1225 1009 1320 1087 αῦτύς

73 1085 258 1173 ἀνέστρεψαν
269 1093 320 1154 καὶ
329 1085 455 1175 ἤρχοντο
464 1086 541 1173 πρὸς
553 1090 680 1172 Αγχοῦς.
714 1084 832 1152 καὶδύο
845 1084 947 1173 ἀνδρες
958 1085 1015 1170 μετ’
1033 1086 1139 1167 αῦτοῦ,
1151 1095 1203 1158 καλ
1215 1098 1319 1241 ίφχον-

72 1174 165 1237 111καλ
179 1170 258 1237 εἶπεν
270 1169 394 1256 Ἀγχοῦς
410 1168 487 1256 πρὸς
498 1172 605 1234 Λαυίό.
633 1171 683 1234 ίπλ
714 1194 764 1233 ται
775 1168 852 1256 πρὸς
863 1170 918 1253 τὴν
928 1180 1054 1247 γυναῖκα
1063 1171 1173 1249 νυκτός,
1182 1179 1255 1240 καλε
1266 1200 1321 1243 πεν

73 1260 141 1320 τίνα
153 1256 303 1319 ἐπίθεσθε
316 1249 459 1336 σὴμερονς
480 1257 532 1316 καί
543 1250 605 1316 εἷπε
617 1256 680 1316 Λα·
715 1250 802 1345 αῦτῇ.
827 1247 984 1333 μύντευσαι
1001 1248 1040 1336 δὴ
1055 1280 1107 1335 μοι
1123 1259 1155 1320 ίν
1171 1263 1215 1340 τῷ
1231 1261 1321 1335 ἔγγα-

73 1336 347 1424 υίῦπρὸςἈγχοῦς.
359 1333 437 1399 κατὰ
448 1331 536 1398 νότον
545 1332 683 1418 τὴςἸου-
716 1330 888 1421 στριμύθῳ,
912 1337 965 1400 καί
989 1330 1124 1413 ἀνάγαγί
1145 1363 1196 1419 μοι
1217 1335 1253 1404 ὃν
1268 1337 1322 1405 λάν

72 1421 160 1495 δαίας
173 1421 225 1484 καὶ
237 1418 317 1481 κατὰ
330 1413 418 1481 νότον
426 1414 555 1500 Ἰισμεγά
563 1419 616 1482 καλ
626 1443 683 1483 κα-
714 1419 788 1483 είπω
807 1444 864 1484 σοι.
901 1419 982 1482 οκαί
1007 1417 1084 1483 εἶπεν
1100 1416 1186 1505 αῦτιβ
1202 1417 1221 1507 ἢ
1238 1418 1320 1501 γυν’.

72 1504 113 1568 τό
126 1498 218 1567 νότον
230 1504 286 1564 τοῦ
298 1502 407 1576 Κενεζὶ,
424 1503 449 1541 11
462 1501 514 1564 καί
525 1498 619 1584 ἀνδρα
631 1501 683 1566 καί
715 1499 781 1566 ίδσῦ
800 1501 832 1567 δ’
851 1497 887 1568 σῦ
900 1499 984 1577 ολδας
999 1497 1059 1567 όσα
1071 1506 1191 1589 ίπσίησε
1202 1450 1320 1585 Σαούλ,

73 1595 203 1664 γυναῖκα
220 1580 276 1647 σῦκ
294 1580 480 1668 ἐζωογόνησα
496 1588 552 1648 τοῦ
566 1589 679 1662 ελςαγα-
714 1582 755 1661 ὡς
767 1532 968 1672 ἐξωλόθρευσε
982 1581 1053 1659 τούς
1065 1584 1320 1673 ἐγγαστριμύθους

74 1670 187 1744 γείνελς
197 1664 393 1744 Γὲθ,λε’γων.
445 1663 683 1746 ’ἀναγγείλωσιν
712 1671 765 1733 καλ
786 1667 860 1744 τούς
877 1663 1012 1746 γνύστας
1028 1665 1092 1732 ἀπὸ
1108 1674 1162 1753 τῆς
1179 1675 1248 1753 γῆς,
1269 1676 1321 1737 καλ

74 1753 115 1824 είς
137 1748 207 1813 Γὲθ
229 1747 298 1815 καθ’
319 1694 587 1858 {firmorum
611 1747 682 1817 τόδε
714 1756 794 1817 ίνατί
816 1752 854 1818 σύ
877 1746 1041 1828 παγιδεύεις
1063 1748 1118 1836 τὴν
1140 1749 1241 1836 ψυχὴν
1262 1780 1321 1836 μου

74 1833 175 1897 Δαυίῦ
183 1846 270 1898 ποιεῖ.
283 1834 414 1899 καιτόδε
423 1829 461 1898 τὸ
469 1834 615 1917 δικαίωμα
625 1831 681 1899 αύ-
714 1840 891 1901 θανατῶσαι
901 1829 1011 1919 αύτὴν;
1022 1837 1107 1899 11καί
1118 1834 1233 1918 ὤμοσεν
1242 1834 1320 1939 “¹³55

72 1921 129 1981 τοῦ
153 1912 252 1991 πόσας
276 1917 331 1994 τὰς
355 1913 412 2001 ὴμέ
429 1942 465 1992 ας
488 1912 526 1992 ἀς
547 1914 680 2001 ίκόθητο
712 1918 830 1996 Σαούλ,
842 1919 945 1998 λέγων.
971 1921 1006 2011 ζῇ
1018 1913 1128 2004 κύριος,
1146 1915 1321 2003 είάπαντη-

73 2000 172 2066 Ααυλδ
182 1998 414 2085 ίνάγρῷτιόνά
496 1997 585 2066 ύλων.
598 2003 681 2064 11καὶ
714 2008 799 2067 σεταί
818 2028 866 2067 σοι
883 1999 985 2068 ἀδικία
1002 2006 1033 2067 ίν
1049 2006 1095 2084 τῷ
1112 1997 1194 2084 λόγῳ
1210 1995 1320 2085 τούτῳ.

73 2079 236 2166 ἐπιστεύθη
248 2086 347 2149 Δαυίῦ
362 2088 394 2150 ἐν
406 2088 452 2167 τῷ
466 2083 589 2168 Ἀγχοῦς
603 2080 681 2165 σφό-
712 2088 795 2150 11καλ
807 2083 884 2150 εἶπεν
897 2080 915 2165 ὴ
927 2079 1009 2168 γυνὴ.
1023 2091 1091 2150 τίκα
1104 2080 1247 2162 ἀναγάγω
1257 2108 1321 2164 σοις

73 2167 141 2251 δρα,
155 2166 259 2244 λέγων.
278 2165 418 2260 ᾔσχυνται
433 2162 638 2251 αἰσχυνόμενος
651 2171 681 2231 ἐν
713 2171 764 2232 καί
780 2166 850 2232 εἷπε.
876 2167 930 2230 τόν
945 2164 1092 2268 Σαμουὴλ
1113 2164 1247 2244 ἀνάγαγέ
1259 2192 1318 2251 μοι.

72 2256 116 2332 τῷ
130 2250 194 2332 λαῷ
209 2247 303 2314 αῦτοῦ
317 2254 349 2315 ἐν
364 2247 506 2335 Ἰσραὴλ,
532 2251 584 2314 καί
596 2252 681 2314 ἔσται
713 2253 741 2292 ¹²
753 2252 805 2314 καί
818 2248 890 2315 εἶδεν
903 2247 921 2334 ὴ
934 2273 1009 2332 γυνη
1022 2247 1075 2314 τὸν
1087 2248 1247 2335 Σαμουὴλ,
1268 2254 1321 2318 καί

72 2359 122 2415 μοι
134 2332 242 2408 δοῦλος
253 2337 293 2408 είς
305 2329 360 2398 τόν
371 2337 477 2397 αίιῦνα.
582 2371 585 2376 -
713 2328 853 2419 ἀνεβόησε
874 2335 961 2425 φωνῇ
971 2327 1097 2433 μεγάλη.
1136 2337 1188 2399 καλ
1204 2330 1319 2419 είπενὴ

252 2421 326 2479 ΚΕ
338 2420 377 2479 Φ.
420 2413 508 2481 KH‘.
711 2415 784 2500 γυνὴ
802 2414 879 2502 πρὸς
895 2415 1009 2479 Σαουλ.
1036 2419 1115 2480 ίνατί
1130 2417 1321 2502 παρελογίσω

71 2465 159 2563 Καὶ
172 2493 294 2581 ἔγενὴθη
308 2501 338 2560 ἐν
347 2510 411 2572 ταῖς
421 2495 542 2580 ὴμέραις
551 2502 681 2573 ἐκείναις,
712 2524 745 2579 με
749 2528 761 2576 ,’
774 2500 825 2563 καί
837 2497 872 2563 σῦ
886 2497 913 2562 ελ
923 2492 1035 2562 Σαούλ.
1054 2499 1142 2562 13καί
1153 2498 1230 2563 εἶπεν
1242 2497 1319 2605 αὐτῇ

71 2584 124 2647 καὶ
137 2586 385 2665 συναθροίζονται
398 2576 562 2662 ἀλλόφυλοι
576 2585 607 2644 ἐν
616 2591 682 2656 ταῖς
713 2579 730 2644 ὁ
743 2576 886 2667 βασιλεύς.
909 2578 950 2664 μὴ
964 2583 1077 2666 φοβοῦ,
1091 2579 1173 2645 εἷπον
1185 2587 1251 2645 τίνα
1263 2584 1321 2646 ἑω-

71 2663 277 2750 παρεμβολαίς
290 2660 392 2728 αὐτῶν
404 2662 532 2739 ἐξελθεῖν
544 2663 680 2746 πολεμεῖν
714 2690 815 2746 ρακας.
842 2667 892 2730 καὶ
907 2662 985 2729 εἶπεν
997 2659 1080 2745 αῦτῴ
1093 2661 1111 2746 ὴ
1122 2660 1203 2748 γυνὴ.
1229 2662 1321 2741 θεούς

70 2749 145 2832 μετὰ
155 2745 288 2832 Ἰσραὴλ.
316 2749 368 2811 καί
380 2745 458 2812 εἶπεν
469 2746 591 2832 Ἀγχοῦς
603 2745 679 2833 πρὸς
712 2744 832 2835 ἑώρακα
864 2745 1081 2834 ἀναβαίνοντας
1111 2751 1144 2812 ἐκ
1174 2752 1226 2832 τὴς
1257 2752 1319 2833 γῆς.

70 2833 177 2897 Δαυίδ.
187 2827 342 2909 γινώσκων
353 2826 463 2938 γνώση,
477 2828 524 2897 ότι
535 2830 593 2914 μετ’
606 2836 678 2913 ἐμοῦ
711 2832 739 2874 11
751 2836 803 2897 καί
815 2831 892 2896 εἶπεν
903 2829 990 2913 αὐτῆ.
1013 2836 1045 2895 τί
1056 2834 1162 2911 ἔγνως,
1180 2835 1233 2897 καί
1243 2831 1317 2897 εἶπεν

71 2912 203 2999 ε’ξελεύση
215 2919 254 2989 είς
266 2909 397 2996 πόλεμον
409 2941 457 2992 συ,
469 2917 520 2980 καὶ
533 2920 564 2980 οἱ
576 2912 678 2998 ἀνδρες
710 2914 804 3000 αύτῷ.
831 2914 925 2998 ἀνδρα
943 2902 1052 2995 όρθιον
1069 2914 1270 3001 ἀναβαίνοντα
1287 2920 1319 2980 ἐκ

71 3026 137 3064 σου.
167 2989 248 3063 2’καλ
263 2996 325 3062 εἶπε
338 3001 436 3063 Δαυὶδ
452 2995 529 3086 πρὸς
542 2996 675 3083 Ἀγχοῦς.
710 3004 841 3084 τὴςγὴς,
867 3000 920 3064 καὶ
936 2991 1026 3073 οῦτος
1051 2997 1193 3063 διπλοίόα
1212 2997 1319 3083 ἀναβε-

71 3078 152 3147 οῦτω
177 3086 228 3146 νῦν
243 3077 342 3174 γνιόση
361 3078 381 3146 ἀ
398 3077 515 3167 ποιὴσει
533 3079 550 3146 ὁ
569 3078 676 3156 δοῦλός
707 3083 856 3169 βλημένσς.
882 3084 933 3147 καί
946 3085 1023 3159 ἔγνω
1035 3079 1150 3156 Σαοῦλ,
1169 3079 1217 3148 ότι
1230 3074 1320 3156 οῦτος

71 3191 135 3230 σου.
174 3167 226 3231 καὶ
242 3166 318 3231 εἶπεν
337 3164 459 3251 Ἀγχοῦς
476 3167 552 3252 πρὸς
570 3167 674 3231 Δαυίδ.
707 3165 867 3250 Σαμουὴλ,
893 3169 945 3230 καὶ
962 3171 1069 3247 ἔκυψεν
1089 3167 1139 3229 ε’πλ
1156 3163 1319 3253 πρόςωπον

70 3246 166 3324 ούτως
178 3245 493 3353 ἀρχισωματοφύλακα
501 3248 638 3333 θὴσομαί
645 3275 675 3314 σε
709 3251 806 3315 αῦτοῦ
819 3253 870 3313 ἐπὶ
881 3248 936 3329 τὴν
947 3254 1018 3325 γῦν,
1044 3251 1094 3311 καὶ
1106 3246 1321 3331 προςεκύνησεν

70 3329 168 3406 πόσας
193 3357 247 3405 τας
273 3329 394 3415 ὴμέρας.
432 3334 512 3395 3καὶ
529 3330 676 3414 Σαμουὴλ
709 3333 804 3414 αὐτῷ.
844 3333 871 3373 ¹⁶
885 3333 937 3393 καὶ
963 3355 1024 3393 ειπε
1049 3326 1204 3410 Σαμουὴλ.
1241 3334 1321 3394 λνατί

69 3413 220 3485 ἀπέθανε,
246 3415 298 3475 καὶ
322 3408 474 3493 ἐκόψαντο
501 3411 593 3476 αὐτόν
617 3419 676 3488 πᾶς
708 3407 945 3497 παρηνώχλησάς
960 3438 1011 3492 μοι
1030 3409 1176 3494 ἀναβῆναί
1191 3435 1225 3492 με
1231 3439 1242 3487 ,·
1268 3413 1320 3474 καί

67 3492 205 3580 Ἰσραὴλ,
219 3497 271 3559 καὶ
280 3490 450 3559 θάπτουσιν
463 3491 554 3559 αῦτὸν
566 3498 596 3559 ίν
607 3495 678 3579 Ἀρ·
708 3497 771 3562 ελπε
782 3489 896 3559 Σαούλ.
921 3494 1066 3577 θλίβομαι
1080 3488 1208 3574 σφόδρα,
1230 3494 1283 3556 καί
1295 3496 1324 3556 οί

68 3583 191 3663 μαθαὶμ
210 3583 241 3643 ἐν
259 3573 343 3640 πόλει
361 3574 465 3641 αῦτοῦ.
502 3579 554 3640 καί
572 3579 678 3642 Σαούλ
709 3574 874 3659 ἀλλόφυλοι
890 3576 1069 3657 πολεμοῦσιν
1086 3576 1207 3654 ίνέμοὶ,
1235 3569 1319 3638 καλό

68 3664 193 3748 περιεῖλε
203 3657 272 3735 τοῦς
282 3656 538 3744 ἐγγαστριμύθους
547 3662 598 3723 καὶ
607 3659 679 3734 τούς
710 3659 781 3735 θεὸς
807 3659 970 3743 ἀφέστηκεν
995 3654 1046 3722 ἀπ’
1073 3661 1161 3739 ἐμοῦ,
1185 3661 1238 3722 καὶ
1267 3653 1324 3721 οῦκ

69 3745 205 3826 γνώστας
218 3742 281 3810 ἀπὸ
295 3749 347 3826 τὴς
356 3748 416 3826 γὴς.
430 3743 503 3807 1καλ
516 3748 679 3826 συναθροί-
712 3739 864 3824 ίπακὴκοέ
874 3769 927 3826 μοι
939 3745 982 3805 ἔτι
991 3744 1042 3804 καὶ
1050 3743 1081 3804 ἐν
1092 3745 1164 3825 χειρί
1173 3744 1233 3806 τοῦν
1245 3766 1323 3827 προ-

72 3835 174 3908 ζσνται
188 3835 219 3895 οἱ
232 3824 407 3910 ἀλλόφυλοι,
421 3828 472 3892 καὶ
483 3829 619 3912 ἔρχονται
629 3827 680 3890 καί
713 3830 815 3909 φητιῦν
827 3828 877 3889 καὶ
895 3828 925 3888 ἐν
936 3836 1000 3899 τοῖς
1019 3827 1170 3899 ἐνυπνίοις.
1195 3828 1247 3890 καί
1269 3831 1322 3890 νῦν

72 3909 324 4001 παρεμβάλλουσιν
341 3917 380 3986 εἰς
392 3905 515 3993 Σωνύμ.
541 3912 592 3975 καί
611 3935 679 3975 συν-
712 3904 841 3992 κέκληκύ
867 3933 899 3972 σε
915 3914 1058 3993 γνωρίσαι
1076 3935 1127 3991 μοι
1144 3914 1175 3972 τί
1192 3903 1316 3994 ποιὴσια

73 4004 204 4082 αθροζει
215 3994 319 4062 Σαούλ
329 3992 432 4060 πάντα
442 3992 679 4082 ἀνδραἸσραὴλ,
711 3997 740 4038 ¹⁶
754 3995 805 4059 καλ
823 3991 883 4057 εἶπε
894 3987 1051 4075 Σαμουὴλ.
1079 3995 1159 4055 ίνιιτί
1171 3995 1322 4079 ἐπερωτᾷς

73 4085 124 4146 καί
133 4077 394 4168 παρεμβάλλουσιν
406 4085 446 4153 εἰς
455 4083 489 4141 Γ
485 4080 595 4164 ελβουὲ.
607 4080 679 4144 ὅκαί
711 4104 755 4163 με,
770 4079 821 4142 καὶ
833 4074 933 4159 κύριος
946 4072 1106 4160 ἀφέστηκεν
1115 4073 1178 4141 ἀπὸ
1192 4081 1260 4151 σοῦ,
1272 4077 1323 4140 καί

74 4162 128 4230 εἶδε
144 4163 251 4230 Σαούλ
272 4163 326 4246 τὴν
343 4162 531 4248 παρεμβολὴν
546 4168 607 4228 τῶν
624 4161 680 4227 ἀλ-
712 4166 813 4241 γέγονε
830 4159 905 4245 μετὰ
917 4164 974 4224 τοῦ
985 4159 1114 4244 πλησίον
1126 4186 1178 4225 σου
1183 4191 1194 4239 ,·
1231 4162 1259 4202 11
1272 4158 1323 4223 καί

76 4243 233 4329 λοφύλων,
259 4248 311 4311 καὶ
323 4244 462 4332 ἐφοβὴθη
479 4248 530 4310 καὶ
547 4240 680 4328 ίξέστηὴ
713 4252 855 4329 πεποίηκε
872 4240 974 4329 κύριός
992 4270 1055 4322 σοι,
1081 4243 1185 4318 καθὼς
1200 4238 1323 4325 ίλάλησε

77 4332 185 4417 καρδία
202 4330 298 4397 αὐτοῦ
316 4328 443 4413 σφόδρα.
471 4330 552 4394 1καλ
565 4322 684 4414 ἕπηριό-
715 4323 814 4413 κύριος
827 4333 858 4393 ἐν
871 4335 944 4413 χειρί
956 4356 1030 4412 μου,
1048 4322 1257 4408 καὶῦιαῤῥὴξει
1270 4318 1323 4387 κύ-

77 4439 144 4496 τηοε
156 4412 263 4480 Σαούλ
275 4411 325 4478 διὰ
337 4421 456 4498 κυρίου,
475 4410 595 4478 καλοῦν
610 4410 685 4476 ἀπε-
715 4437 780 4495 ριος
794 4409 847 4514 τὴν
863 4413 1014 4497 βασιλείαν
1032 4436 1088 4475 σου
1105 4411 1138 4469 ἐκ
1154 4403 1247 4489 χειρός
1259 4430 1321 4473 σου,

75 4503 168 4584 κρίθη
187 4495 272 4582 αῦτορ
289 4493 385 4581 κύριος
403 4502 434 4561 έν
455 4506 518 4572 τοῖς
540 4498 685 4570 ἐνυπνίοις
717 4499 769 4561 καὶ
785 4497 872 4560 ῦωσει
889 4491 984 4576 αὐτὴν
1003 4496 1048 4573 τῷ
1066 4488 1192 4570 πλησίον
1210 4511 1263 4550 σου
1280 4489 1325 4547 τῶ

1221 4571 1286 4630 Ααυ
1319 4614 1325 4624 .
