2924 4972
142 231 204 297 188
379 227 821 293 Δονντνοενοοειοπ
858 231 935 306 εαφ.
948 221 995 292 ε’.
1009 222 1037 289 ι’.
1050 226 1081 294 9.
1098 229 1147 295 ιο.

138 356 209 440 ῦρος
233 358 346 424 ἐκαίετο
367 355 441 439 πυρί
457 357 513 426 ἕως
531 357 586 417 τοῦ
602 350 742 437 ούρανοῦ.
782 357 855 438 χειρί
864 377 920 417 σου
931 354 971 445 τή
982 355 1126 456 κραταιᾷ,
1150 352 1202 418 καί
1213 354 1244 414 ἐν
1255 354 1299 432 τῷ
1311 355 1388 453 βρα-

138 441 190 504 καί
202 441 236 500 αἱ
247 434 302 503 δύο
315 431 424 510 πλάκες
436 439 499 500 τῶν
510 440 682 519 μαρτυρίων
694 435 744 500 ἐπὶ
781 437 858 519 χίονί
869 458 924 499 σου
935 437 980 498 τοῦ
993 432 1110 517 υψηλῷ.
1134 435 1165 476 ²⁷
1176 428 1324 516 μνήσθητι
1340 435 1390 496 Α-

138 531 204 594 ταῖς
216 521 285 585 δυσί
302 524 383 604 χερσί
398 543 465 600 μου.
505 516 743 585 16ναῦίδώνὸτι
781 512 882 617 βραῦμ
894 498 1064 582 καέλΙοαάκ
1078 512 1248 601 καίἸακιῦβ
1260 518 1388 579 τῶνθε-

142 599 283 707 ημάρτετε
315 606 447 665 ε’ναντίον
474 604 576 683 κυρίου
595 603 652 663 τοῦ
670 604 745 664 θεοῦ
782 622 942 685 ραπονταν
954 624 1017 675 σου,
1030 599 1073 674 σίς
1085 597 1203 679 σ’ίμοσας
1213 593 1291 661 κατά
1303 621 1389 662 mv*

142 690 237 770 υμῶν,
256 685 307 749 καί
319 678 478 766 ἐποιήσατε
492 677 558 763 ύμῖν
571 680 674 757 αῦτοῖς
703 708 745 745 ον-
782 686 846 749 τοῦ.
872 678 1085 768 μήίπιβλίρης
1097 679 1214 764 ἐπίκλην
1225 676 1390 781 σκληρότη-

142 768 256 844 νευτδν,
282 768 333 831 καί
345 767 491 851 παρέβητε
511 760 575 828 ἀπὸ
591 769 645 848 τῆς
661 708 744 839 ὁδοῦ,
782 789 822 830 τα
838 769 893 829 τοῦ
913 764 990 829 λαοῦ
1009 753 1135 840 τούτου,
1159 761 1261 827 καίτά
1279 766 1389 849 αοεβη-

139 844 175 938 ἧς
187 849 347 915 ἐνετείλατο
359 844 459 933 κύριος
470 843 537 931 ύμῖν
545 859 649 923 ποιείν,
661 849 745 911 17καί
782 871 873 928 ματα,
891 850 943 912 καί
954 847 1005 912 ἐπί
1015 844 1055 912 τὰ
1067 841 1265 930 άμαρτήματα
1278 842 1388 909 αῦτιῦν.

140 928 348 1018 ἐπιλαβόμενος
361 935 422 994 τῶν
433 924 489 994 δύο
500 930 625 993 πλακιῦν
636 931 744 1016 ἔρριψα
783 931 814 973 ²⁸
825 927 865 1014 μή
876 930 996 994 εἴπασα
1010 932 1043 993 οί
1054 932 1256 1003 κατοικοῦντες
1268 925 1323 1012 τήν
1334 934 1389 1012 γήν

140 1015 235 1092 αύτάς
249 1013 311 1081 άπὸ
325 1017 385 1077 τῶν
401 1008 456 1079 δύο
473 1016 576 1097 χειρῶν
593 1038 667 1094 μου,
693 1015 744 1077 καί
782 1007 856 1077 ὅθεν
874 1015 1010 1094 ἐξήγαγες
1027 1008 1104 1096 ἡμᾶς
1116 1015 1234 1087 ἐκεῖθεν,
1247 1010 1389 1089 λέγοντες.

140 1100 302 1184 ουνέτριψα
314 1099 446 1161 ἐναντίον
457 1091 544 1176 ῦμῶν.
562 1096 650 1159 18καί
663 1090 744 1178 ἐδεή
781 1092 867 1182 παρά
879 1094 916 1158 τὸ
936 1095 976 1198 μή
994 1092 1144 1160 δύνασθαι
1160 1089 1260 1178 κύριον
1272 1099 1387 1171 είςαγα-

139 1193 198 1267 θην
210 1183 452 1264 ίναντίονκυρίου
462 1174 594 1263 δεύτερον
603 1175 743 1262 καθάπερ
781 1190 840 1256 γείν
857 1175 967 1254 αῦτους
983 1183 1022 1252 είς
1038 1174 1091 1261 τήν
1108 1182 1162 1263 γήν
1182 1174 1218 1259 ἣν
1235 1176 1314 1242 εἶπεν
1332 1175 1388 1241 αύ-

138 1267 189 1331 καί
213 1263 249 1328 τὸ
274 1257 419 1348 πρότερον
439 1256 658 1364 τεσσαράκοντα
674 1257 745 1345 ήμὲ-
782 1272 859 1337 τοῖς,
873 1263 937 1328 καί
959 1257 1045 1366 παρά
1067 1258 1103 1325 τδ
1128 1264 1249 1362 μισήσαι
1266 1257 1388 1336 αὐτούς,

139 1374 193 1435 ρας
206 1348 257 1411 καί
269 1339 488 1431 τεσσαράκοντα
507 1369 628 1422 νυκτας,
654 1343 746 1430 άρτον
784 1340 920 1428 ἐξήγαγεν
931 1342 1042 1418 αῦτους
1054 1349 1086 1409 ἐν
1097 1349 1133 1438 τῇ
1143 1348 1176 1430 ἐρ
1195 1370 1241 1426 μῳ
1249 1340 1390 1407 άποκτεῖ-
1414 1425 1416 1428 Ι

141 1430 196 1497 οῦκ
210 1432 322 1509 ὲίρσγον
339 1428 390 1491 καί
410 1423 489 1512 ύδιορ
507 1424 562 1490 οὐκ
578 1430 662 1491 ἔπιον
678 1428 745 1512 περί
782 1451 831 1491 ναι
841 1423 962 1504 αύτούς.
975 1428 1065 1492 21’καί
1077 1418 1163 1493 οῦτοι
1178 1371 1253 1501 λσάς
1272 1451 1326 1490 σου
1339 1427 1389 1490 καί

138 1515 247 1580 πασῶν
258 1515 318 1575 τῶν
327 1506 479 1594 άμαρτιιῦν
491 1507 580 1612 ὑμῶν,
594 1503 638 1574 ὧν
649 1506 745 1596 ήμάρ-
783 1506 892 1595 κλήρύς
904 1535 969 1585 σου,
982 1504 1033 1584 οὓς
1045 1504 1182 1592 ἐξήγαγες
1188 1512 1221 1573 ἐκ
1229 1505 1389 1593 γήςΑίγύ-

138 1619 201 1660 τετε
218 1596 339 1677 ποιήσαι
356 1589 393 1656 τὸ
407 1616 539 1675 πονηρον
550 1594 681 1657 ἐναντίον
692 1619 745 1657 κυ-
783 1618 862 1659 πτου
875 1596 907 1657 ἐν
919 1597 959 1656 τ’
972 1590 1052 1678 ίοχύί
1066 1618 1122 1658 σου
1135 1597 1173 1686 τή
1185 1589 1314 1698 μεγάλη,
1338 1594 1390 1658 καί

140 1686 206 1786 ρίου
218 1681 274 1741 τοῦ
284 1680 360 1742 θεοῦ
369 1673 536 1761 παροξύναι
546 1672 648 1740 αὐτόν.
660 1677 745 1741 10καί
784 1679 815 1740 ἐν
825 1680 863 1769 τῇ
873 1620 958 1762 χαρά
956 1701 1011 1741 σου
1023 1679 1062 1770 τῇ
1073 1679 1215 1761 κραταιή,
1238 1702 1291 1740 και
1301 1678 1332 1741 ἐν
1344 1677 1390 1759 τοῦ

140 1757 265 1847 είιηοβύς
289 1764 344 1842 εἰμι
367 1758 416 1823 διὰ
440 1758 494 1822 τὸν
508 1755 608 1840 θυμδν
624 1759 746 1842 κοίτην
783 1763 1038 1847 βραχίονίσουτῷ
1052 1755 1168 1844 ὑψηλῷ

140 1842 240 1926 ὀργήν,
254 1838 302 1905 δτι
313 1834 496 1927 παρωξύνθη
507 1837 605 1927 κύριος
617 1839 662 1923 ἐφ’
678 1837 745 1926 ύμῖν
814 1849 827 1876 ⁰
968 1847 1092 1906 ΚΕΦ.
1135 1840 1176 1906 1‘.

140 1930 197 1993 τοῦ
208 1926 414 2009 ίξολοθρεῦοαι
427 1919 510 2006 ῦμᾶς.
535 1926 587 1988 καί
602 1919 745 2008 είςήκουσε
786 1892 836 1989 Ε
840 1948 856 1990 ν
868 1927 966 2009 ἐκείνῳ
980 1927 1025 2007 τῷ
1036 1929 1130 2009 καιρῷ
1140 1924 1200 1989 εἶπε
1208 1919 1306 2009 κύριος
1311 1919 1389 2009 πρὸς

142 2006 242 2095 κύριος
259 2010 330 2089 ἐμοῦ
347 2007 399 2070 καί
415 2008 505 2091 ἐντῷ
522 2011 618 2092 καιροῦ
635 2002 743 2090 τούτῳ.
784 2012 830 2095 μί.
854 2007 993 2085 λάξευσον
1005 2012 1121 2091 σεαυτῷ
1137 2003 1192 2073 δύο
1208 2002 1325 2082 πλάκας
1343 2007 1390 2072 λι-

141 2097 173 2137 ²⁰
185 2093 237 2155 καί
261 2093 311 2155 ἐπί
331 2088 449 2175 Ἀαρὼν
474 2087 618 2176 ἐθυμοίθη
644 2090 745 2166 ἐξολο-
785 2098 874 2167 θίνας
886 2086 1390 2177 ὥςπερτάςπράτας,καίῦνάβηθι

142 2179 265 2258 θρεῦσαι
278 2171 385 2249 αὐτὸν,
409 2175 461 2236 καί
477 2171 607 2257 ηὐξάμην
617 2173 669 2238 καὶ
679 2176 747 2259 περί
785 2172 861 2262 πρὸς
876 2174 913 2258 μὲ
929 2179 968 2250 είς
980 2171 1016 2239 τδ
1028 2173 1109 2259 ὅρος,
1134 2176 1186 2239 καί
1197 2169 1327 2257 ποιήσεις
1340 2198 1389 2239 σε-

140 2257 256 2344 Ἀαρών
267 2260 298 2322 ἐν
309 2260 355 2340 τρῖ
365 2261 459 2358 καιρῷ
472 2259 578 2342 ἐκείνῳ.
594 2259 621 2298 ²¹
632 2257 748 2362 κιοίτην
787 2262 869 2342 αυτῷ
887 2254 1016 2345 κιβωτὸν
1027 2257 1149 2342 ξυλίνην.
1175 2258 1255 2322 ἐκαὶ
1264 2252 1389 2341 γράψεις

144 2338 291 2427 ἁμαρτίαν
308 2335 389 2411 ῦιιοῦν
404 2339 441 2422 ἢν
453 2335 613 2425 ἐποιήσατε
625 2341 679 2403 τὸν
689 2367 747 2425 μο-
786 2345 835 2407 ίπί
856 2337 910 2417 τάς
926 2336 1044 2414 πλάκας
1062 2339 1102 2405 τά
1115 2335 1251 2445 βήματα,
1268 2334 1291 2405 ά
1306 2327 1342 2423 ἦν
1358 2341 1389 2402 ἐν

144 2447 213 2530 οηον
237 2423 348 2511 ἔλαβον
372 2421 482 2501 αὐτὸν,
507 2424 559 2487 καί
579 2424 748 2489 κατέκαυσα
785 2435 851 2500 ταῖς
867 2424 959 2501 πλσξῦ
974 2433 1042 2499 ταῖς
1057 2449 1192 2511 πρωταις
1208 2419 1244 2499 ῦς
1256 2424 1389 2508 συνέτρι-

144 2506 237 2574 αυτὸν
259 2511 291 2571 ἐν
307 2508 395 2592 πυρί,
421 2507 471 2571 καί
490 2509 641 2590 συνέκοψα
656 2504 748 2573 αὐτὸν
786 2528 860 2593 ψας,
872 2508 924 2573 καί
935 2506 1070 2593 ἐμβαλεῖς
1082 2504 1176 2580 αὐτάς
1187 2502 1290 2591 είςτήν
1300 2510 1392 2656 κιβῖι.

142 2590 306 2666 καταλέοας
319 2585 434 2693 ορύδρα
447 2594 502 2664 ε’ίιος
511 2593 622 2669 ἐγένετο
631 2589 747 2667 λεπτὸν,
785 2587 845 2657 τόν.
871 2592 952 2655 3ιιαί
968 2593 1095 2674 ἐποίησα
1111 2585 1328 2676 κιβωτὸνέκξύ
1374 2614 1389 2654 ν

143 2677 195 2739 καί
207 2676 319 2751 ἐγένετο
332 2674 397 2747 ωςεί
408 2669 567 2758 κονιορτὸς,
579 2674 748 2758 καίέῥριψα
785 2669 943 2759 άοήπτων,
967 2676 1019 2738 καί
1039 2668 1180 2748 ἐλάξευσα
1200 2670 1256 2748 τάς
1272 2668 1390 2751 πλάκας

142 2756 197 2821 τὸν
216 2751 367 2840 κονιορτὸν
385 2760 424 2828 είς
440 2753 493 2818 τὸν
504 2751 680 2879 ηειμάρρηυν
696 2754 749 2821 τὸν
785 2757 902 2831 λιθίνας
914 2752 956 2833 ὥς
969 2761 1003 2821 αί
1015 2761 1144 2841 πρῶται,
1169 2759 1221 2823 καί
1232 2755 1339 2843 ἀνέβην
1351 2761 1390 2831 είς

143 2842 361 2924 καταβαίνοντα
379 2838 478 2901 ἐκτοῦ
492 2836 587 2922 ὅρους.
655 2841 749 2904 καὶέν
786 2838 823 2906 τὸ
840 2838 923 2926 άρος,
948 2841 1052 2906 καλαί
1070 2836 1123 2905 δύο
1140 2833 1249 2916 πλάκες
1261 2840 1390 2914 ἐπίταῖς

143 2927 187 3004 τῷ
205 2923 392 3007 ἐμπυρισμηῦ,
417 2917 469 2983 καὶ
486 2921 575 3003 ἐντῷ
586 2928 747 3007 πειρασμοῦ,
784 2929 868 3008 χερσί
889 2951 956 3007 μου.
993 2923 1082 2988 4καί
1106 2926 1236 3010 ἔγραψεν
1260 2924 1311 2988 ἐντί
1334 2920 1389 3003 τάς

143 3008 194 3070 καί
218 3007 248 3068 ἐν
272 3015 336 3079 τοῖς
365 2998 491 3086 μνήμασι
514 3007 567 3085 της
591 3007 748 3087 ἐπιθυμίας
784 3001 902 3082 πλάκας
919 3003 999 3072 κατά
1010 3003 1064 3090 τήν
1075 3003 1192 3092 γραφήν
1202 3003 1256 3090 τήν
1267 2999 1389 3090 πράτην

143 3081 356 3172 παροξύνοντες
373 3073 424 3168 ήτε
439 3079 549 3169 κύριον.
587 3088 617 3130 ²³
630 3090 681 3152 καί
698 3087 747 3155 ὅτε
785 3087 855 3165 τοῦς
867 3090 941 3157 δέκα
952 3087 1070 3167 λόγους,
1088 3085 1142 3164 οῦς
1153 3085 1275 3172 ἐλάλησε
1286 3084 1389 3174 κύριος

142 3167 342 3246 ἐξαπέστειλεν
366 3164 441 3251 ῦμῦς
464 3163 562 3253 κύριος
586 3173 619 3234 ἐκ
643 3167 747 3257 Κάδης
784 3171 860 3258 πρὸς
882 3170 958 3258 ῦμῦς
980 3176 1011 3237 ἐν
1031 3177 1076 3257 τῷ
1097 3170 1157 3256 ὄρει
1175 3173 1208 3234 ἐκ
1220 3173 1316 3275 μέσον
1332 3176 1388 3236 τοῦ

142 3250 264 3338 Βαρνή,
279 3250 381 3329 λέγων.
407 3247 533 3338 ἀνάβητε
544 3254 595 3318 καί
605 3252 747 3342 κληρονο-
783 3255 886 3341 πυρὸς,
898 3260 950 3322 καί
967 3258 1071 3323 ἔδωκεν
1082 3251 1178 3328 αύτάς
1193 3278 1294 3339 κυριος
1310 3255 1386 3336 ἐμοί.

140 3332 250 3420 μήσατε
266 3331 319 3419 τήν
329 3339 401 3419 γήν,
427 3332 463 3420 ἢν
474 3337 575 3420 δίδωμι
589 3332 669 3420 ύμῖν,
694 3342 746 3405 καὶ
783 3340 866 3404 6καί
900 3342 1084 3423 ἐπιστέψας
1111 3339 1238 3423 κατέδην
1269 3339 1301 3402 ἐκ
1329 3340 1386 3400 τοῦ

142 3415 319 3525 ἠπειθήσατε
348 3424 394 3504 τῷ
417 3419 526 3505 ῥήματι
555 3427 659 3509 κυρίου
691 3428 744 3489 τοῦ
783 3421 888 3528 ὅρους,
914 3425 965 3490 καί
1017 3426 1034 3487 ε’
1072 3422 1125 3486 λον
1141 3419 1196 3496 τάς
1212 3414 1332 3497 πλάκας
1346 3424 1386 3494 εἰς

141 3509 214 3570 θεοῦ
228 3508 317 3588 υμῶν,
330 3506 380 3569 καί
391 3503 446 3569 οῦκ
455 3500 641 3570 ἐπιστεύσατε
650 3503 744 3589 αύτῷ,
781 3530 836 3590 την
844 3506 972 3594 κιβωτὸν
980 3505 1015 3592 ἢν
1063 3511 1161 3589 οίησα.
1174 3494 1311 3590 καὶῆσαν
1320 3507 1387 3578 ἐκεῖ,

139 3591 191 3652 καί
202 3587 255 3654 οῦκ
273 3582 456 3671 είςηκούσατε
468 3592 520 3670 τής
532 3592 630 3669 φωνής
641 3586 743 3652 αῦτοῦ.
782 3586 868 3656 καθά
886 3588 1049 3655 ἐνετείλατό
1066 3615 1116 3672 μοι
1133 3582 1241 3674 κύριος.
1266 3588 1388 3652 ακαλοί

138 3672 171 3713 ²⁴
184 3669 376 3744 ἀπειθοῦντες
404 3661 455 3755 ἦτε
480 3668 520 3735 τά
543 3669 620 3775 πρὸς
645 3669 745 3757 κύριον
784 3677 845 3738 υίοί
863 3671 986 3760 Ἰσραήλ
1002 3672 1125 3767 ᾇπῇραν
1137 3674 1169 3736 ἐκ
1180 3669 1302 3757 Βηριῦθ
1314 3673 1387 3734 υίῶν

139 3751 202 3819 ῦπό
228 3758 280 3836 τής
299 3749 422 3856 ἡμέρας,
447 3745 482 3836 ἧς
506 3756 644 3838 ἐγνωσθη
668 3751 742 3838 ῦμῖν.
781 3754 879 3843 Ἰακίμ
898 3759 1048 3824 Mandu&
1075 3759 1134 3820 ἐκεῖ
1148 3752 1299 3820 ἀπέθανεν
1314 3750 1388 3819 Ἀα-

139 3837 168 3878 ²⁶
182 3837 233 3900 καί
258 3835 382 3918 ἐδεήθην
406 3838 501 3901 ἔναντι
517 3842 618 3920 κυρίου
635 3863 744 3906 τεοσα-
785 3841 857 3925 ράν,
881 3842 934 3906 καὶ
950 3836 1046 3944 ἐτάφη
1063 3843 1130 3912 ἐκεῖ,
1156 3838 1208 3903 καί
1226 3833 1388 3922 λεράτευοεν

139 3916 271 4003 ράκοντα
282 3914 390 4004 ἡμέρας
401 3920 453 3984 καί
464 3917 683 4006 τεσσαράκοντα
692 3919 744 3987 νύ-
780 3921 922 4008 Ἐλεάζαρ
932 3919 994 3998 υίὸς
1002 3925 1099 3988 αυτοῦ
1107 3919 1169 3985 ἀντ’
1182 3919 1289 3987 αύτοῦ.
1299 3922 1388 3985 ⁷de-

139 4025 228 4078 κτας,
252 3996 323 4077 δὀας
336 3999 474 4086 ἐδεήθην,
499 4001 560 4068 είπε
573 4001 632 4092 γάρ
645 3999 744 4090 κύριος
780 4017 836 4071 θεν
844 4005 965 4111 άπῇραν
973 4011 1013 4082 είς
1022 3998 1157 4082 Γαδγάδ.
1168 4005 1219 4069 καί
1229 3999 1293 4069 άπὸ
1301 4004 1388 4072 Γαδ-

139 4083 347 4190 ἐξολοθρεῦσαη
372 4079 453 4193 ὑμᾶς
477 4087 601 4234 ‘maz‘
620 4084 744 4172 εὐξάμην
778 4087 839 4168 γάδ
853 4094 895 4215 εἴη
922 4084 1076 4198 Ετεβάθα,
1093 4091 1132 4188 γῆ
1148 4089 1300 4236 χείμαβρρι
1313 4082 1387 4233 15³ss

137 4190 280 4314 λεῦρςτῦῦύ
291 4177 377 4317 λεείύῦά
399 4175 745 4340 ῦῦηιέξῦλῦθρῦῦάηίάατσύν
778 4197 878 4339 moe
890 4174 945 4338 τέήν
956 4197 1120 4341 ῦῦλήῦτληῦ
1128 4194 1387 4341 [λέύῦύιαιρέῦῦετήν

137 4328 213 4399 λαόν
224 4359 277 4400 σου
289 4335 341 4399 καί
352 4333 405 4438 τήν
414 4337 516 4421 μερίδα
529 4363 597 4414 σου,
621 4327 660 4421 {fr
677 4337 745 4402 ἐλυ-
779 4337 907 4426 κιβωτὸν
924 4343 977 4423 τής
993 4335 1137 4421 διαθήκης
1153 4343 1267 4424 κυρίου,
1292 4362 1387 4423 παρε-

136 4414 256 4502 τράσον,
269 4414 322 4495 οῦς
334 4420 468 4500 ἐξηγαγες
480 4423 513 4483 ἐκ
524 4425 578 4500 γῆς
586 4415 744 4497 Αίγύπτου
780 4447 884 4488 σταναι
897 4424 993 4487 εἶὐαντι
1005 4427 1119 4507 κυρίου,
1144 4419 1322 4524 λειτουργεῖν
1335 4421 1388 4484 καί

135 4501 168 4564 ἐν
179 4505 218 4598 τή
236 4497 315 4589 ἰσχύϊ
325 4525 377 4568 σου
391 4505 429 4597 τῇ
441 4499 567 4596 μεγάλη,
587 4505 643 4593 ,καί
659 4505 691 4568 ἐν
702 4508 744 4596 τῇ
780 4500 957 4593 ἐπεύχεσθαι
968 4504 1021 4572 ἐπί
1032 4508 1077 4589 τῷ
1088 4496 1213 4587 δνύματι
1222 4508 1319 4588 αυτοῦ
1330 4509 1387 4576 ἕως

1328 4609 1385 4670 της
