2924 4972
207 206 698 269 ῘῙΑΡΑΛΕΙΠΟΜΕΝΩΝ
722 208 934 268 ΠΡΩΤΟΝ
962 211 1038 285 Κεφ.
1053 205 1107 289 κη’.
1120 207 1174 271 28.
1244 208 1312 276 433

58 327 109 387 καί
123 325 183 386 τῶν
195 315 415 396 ἕκατοντοίδων,
431 321 483 383 καὶ
497 319 567 392 τοῦς
578 323 669 396 γαζο-
708 319 811 408 λείψης
826 316 928 396 αὐτὸν,
942 318 1114 402 καταλείψει
1128 345 1158 384 σε
1169 325 1208 394 είς
1220 322 1311 397 τελσς.

59 400 211 488 φύλακας,
238 403 290 467 καί
302 398 373 477 τοῦς
384 405 436 467 ἐπί
448 407 508 467 τῶν
521 395 669 505 ὑπαρχόν·
706 402 734 444 ¹⁰
748 402 790 466 ἴδε
801 403 865 478 νῦν,
886 398 932 479 ὅτι
946 396 1045 485 κῦριος
1057 399 1176 487 ήρέτικέ
1185 429 1217 468 σε
1230 409 1314 468 οίκο·

58 512 120 554 των
143 484 256 563 αὐτοῦ,
281 487 333 548 καί
349 478 449 568 πάσης
470 487 523 569 τῆς
540 509 670 568 κτησεως
706 486 833 568 δομήσαι
846 481 930 566 αὐτῷ
943 481 1025 548 οίκον
1035 490 1073 559 είς
1084 481 1226 568 ῦγίασμα,
1238 486 1314 571 ἴσχυε

59 575 116 637 τοῦ
127 569 279 657 βασιλέως,
291 568 343 632 καί
356 573 416 632 τῶν
428 571 500 633 υίεῦν
511 565 607 633 αὐτοῦ
617 566 670 633 σῦν
707 570 758 631 καί
773 572 859 631 ποίει.
885 569 910 607 ¹¹
923 569 974 632 καῖ
991 567 1079 632 ἐδωκε
1092 570 1192 633 Δαυῖδ
1204 569 1314 634 Σαλω-

59 663 124 729 τοίς
135 647 291 735 εὐνούχοις,
305 652 355 715 καί
368 651 440 726 τοῦς
452 645 606 727 δυνάστας,
619 650 671 715 καί
706 647 769 732 μῶν
782 655 826 733 τῴ
840 653 896 734 υίῷ
907 647 1049 714 αὐτοῦτὸ
1061 650 1249 736 παράδειγμα
1259 654 1317 716 τοῦ

60 732 131 812 τοῦς
145 733 281 821 μαχητὰς
298 739 350 817 τής
362 737 504 819 στρατιᾶς
516 738 547 799 ἐν
558 730 670 820 Ἶερου-
708 736 784 797 ναοῦ
801 734 852 797 καί
871 737 930 797 τῶν
948 733 1038 798 οἴκων
1056 733 1166 814 αὐτοῦ,
1191 736 1243 799 καί
1255 741 1316 799 τῶν

61 818 168 903 σολήμ
193 821 209 860 ²
220 820 271 882 καί
284 820 337 883 ἴστ
368 817 468 882 Δαυῖδ
480 819 605 920 ἐνμέσῳ
618 820 671 900 τής
707 819 819 899 ζακχῶν
832 814 936 892 αὐτοῦ,
962 818 1085 881 καὶτῶν
1098 813 1250 902 ὑπερῴων,
1264 820 1316 884 καί

62 903 231 987 ίκκληοίος,
257 903 309 965 καί
327 844 415 966 εἴπεν.
448 897 599 965 ἇκουσατέ
612 926 671 982 μου
708 903 768 963 τῶν
794 897 961 982 ἀποθηκῶν
983 903 1046 964 τῶν
1069 902 1238 983 ἐσωτέραν,
1264 903 1316 966 καί

62 984 188 1068 ἀδελφοί
197 1010 270 1067 μου,
288 986 340 1048 καί
350 977 424 1059 λαός
436 1009 501 1066 μου.
529 985 594 1068 ἐμοί
607 985 672 1061 ἐγί-
708 986 764 1046 τοῦ
788 983 873 1048 οἴκου
899 986 953 1047 τοῦ
970 983 1137 1066 ἐξιλασμσῦ.
1169 987 1197 1025 ¹²
1210 983 1314 1049 καὶτὸ

60 1094 126 1134 νετο
151 1070 203 1133 ίπί
227 1069 352 1153 καρδίαν
372 1068 567 1150 οἰκοδομῆσαι
591 1065 673 1132 οίκον
708 1061 895 1152 παράδειγμα
908 1060 1315 1150 ὃείχενένπνεῦματιαῦτοῦ,

62 1146 259 1226 ἀναπαύσεως
288 1154 341 1236 τῆς
370 1154 502 1229 κιβωτοῦ
527 1145 673 1234 διαθήκης
709 1153 769 1212 τῶν
781 1147 882 1214 αῦλῶν
902 1150 987 1212 οἴκου
1005 1154 1107 1234 κυρίου
1124 1151 1176 1213 καί
1192 1147 1316 1216 πάντων

61 1242 173 1319 κυρίου,
182 1236 233 1299 καί
242 1229 347 1300 στάσιν
355 1234 460 1297 ποδῶν
470 1238 571 1316 κυρίου
581 1227 673 1315 ήμῶν,
709 1234 770 1296 τῶν
782 1237 1003 1316 παστοφορίων
1021 1236 1081 1296 τῶν
1093 1226 1192 1315 κῦκλῳ
1205 1237 1266 1295 τῶν
1278 1237 1317 1310 είς

61 1322 113 1384 καί
126 1314 276 1402 ήτοίμοισα
288 1315 327 1380 τά
338 1320 377 1390 είς
386 1314 442 1420 τήν
450 1311 674 1399 κατασκήνωσιν
710 1311 764 1390 τάς
776 1310 939 1399 ἀποθήκας
952 1314 1036 1378 οἴκου
1050 1322 1165 1400 κυρίου,
1191 1317 1317 1381 καὶτῶν

62 1397 224 1485 ἐπιτήδεια,
249 1401 329 1463 3καί
341 1394 359 1463 ὁ
372 1408 443 1473 θεος
455 1395 541 1463 εἶπεν.
560 1395 615 1464 οῦκ
629 1402 671 1463 οί·
710 1397 877 1482 ῦποθηκῶν
902 1402 963 1463 τῶν
989 1393 1097 1476 ῦγίων,
1135 1399 1232 1463 13καί
1256 1403 1318 1464 τῶν

61 1478 235 1566 κοδομήσεις
247 1484 313 1564 ἐμοὶ
326 1480 410 1546 οίκον
421 1486 476 1547 τοῦ
490 1477 673 1564 ἐπονομάσαι
710 1478 937 1567 καταλυμάτωυ,
950 1483 1001 1546 καί
1015 1485 1076 1544 τῶν
1086 1485 1248 1567 ἐφημεριῶν
1258 1486 1319 1547 τῶν

63 1567 102 1631 τὸ
117 1561 213 1649 ὄνομά
225 1591 282 1648 μου
303 1562 346 1630 ἐπ’
362 1563 464 1650 αῦτρῦ,
489 1560 613 1631 δτιιῖνθ
631 1592 673 1629 ον-
711 1568 823 1652 ἴερέονν,
850 1572 902 1631 καὶ
929 1570 990 1630 τῶν
1005 1569 1140 1631 Λευιτῶν
1156 1570 1195 1640 είς
1213 1570 1318 1631 πᾶσαν

63 1674 125 1724 πος
141 1647 316 1732 πολεμιστής
332 1647 362 1712 εἴ
375 1647 424 1728 οῦ,
450 1649 503 1714 καί
519 1648 592 1732 αίμα
610 1591 673 1725 ἴξέ-
710 1654 850 1735 ἐργασίαν
880 1648 1061 1734 λειτουργίας
1091 1650 1175 1713 οἴκου
1202 1654 1316 1734 κυρίου,

59 1758 139 1839 χεας.
166 1731 246 1798 4καί
271 1731 420 1810 ἐξελέξατο
445 1726 545 1818 κῦρίος
567 1727 584 1797 ὅ
602 1730 673 1809 θεὸς
710 1736 836 1798 καὶτῶν
855 1728 1022 1815 ἆποθηκῶυ
1041 1737 1102 1796 τῶν
1114 1732 1318 1818 λειτουργησί·

68 1813 185 1923 Ισραήλ
197 1819 230 1881 ἐν
242 1818 306 1898 ἐμοὶ
318 1813 381 1882 άπὸ
394 1816 509 1891 παντὸς
519 1817 603 1881 οἴκου
611 1843 673 1881 πα-
709 1839 772 1898 μων
781 1820 891 1881 σκευῶν
900 1820 952 1898 τῆς
961 1816 1098 1900 λατρείας
1109 1816 1195 1880 οἴκου
1206 1822 1315 1900 κυρίου.

62 1925 133 2007 τρος
144 1926 203 1985 μου
215 1897 289 1966 εἴναι
299 1899 423 1986 βασιλέα
436 1901 487 1966 ε’πῖ
500 1896 621 1986 Ἰσραήλ
634 1904 673 1976 είς
709 1899 739 1941 ¹⁴
752 1901 803 1964 καί
821 1897 874 1963 τὸν
892 1897 1029 1980 σταθμὸν
1047 1903 1097 1983 τῆς
1114 1896 1203 1983 ὁλκής
1216 1899 1319 1965 αὐτῶν

63 2009 117 2051 τον
135 1988 245 2061 αἰῶνα,
271 1986 324 2048 καί
343 1987 374 2050 ἐν
388 1980 492 2050 Ἰούδα
509 1977 623 2070 ῦρίτικε
638 1979 673 2048 τὸ
710 1988 770 2047 τῶν
782 2008 813 2048 τε
824 1986 939 2068 χρυσῶν
951 1983 1001 2047 καί
1012 1979 1148 2086 ἀργυρῶν
1164 1983 1319 2069 1ίλυχνιῶν

63 2067 224 2155 βασίλειον,
245 2068 296 2131 καί
307 2071 337 2144 ἐξ
349 2069 433 2132 οἴκου
444 2028 546 2132 Ἰοῦδα
559 2066 613 2132 τὸν
626 2065 672 2132 οί-
711 2065 763 2152 τήν
781 2064 870 2149 ὁλκήν
887 2066 995 2131 ἔδωκεν
1011 2071 1097 2149 αυτῷ
1109 2070 1160 2132 καί
1172 2071 1232 2133 τῶν
1244 2064 1318 2170 λύχ-

64 2176 116 2216 κον
127 2155 182 2216 τοῦ
193 2147 309 2236 πατρός
320 2177 389 2234 μου.
410 2153 463 2216 καί
475 2153 507 2215 ἐν
520 2160 583 2226 τοῖς
597 2154 674 2224 υίοίς
710 2175 777 2215 νων.
820 2148 974 2214 1ἴέδωκιν
1004 2144 1089 2234 αῦτῲ
1119 2145 1228 2232 ὁμοίως
1264 2175 1318 2216 τον

63 2238 120 2299 τοῦ
131 2230 248 2319 πατρός
258 2259 331 2316 μου,
356 2237 387 2298 ἐν
399 2235 468 2339 ἐμοί
480 2231 605 2318 ήθελησε
618 2238 673 2298 τοῦ
711 2233 851 2317 σταθμὸν
873 2236 934 2296 τῶν
959 2236 1112 2318 τραπεζῶν
1134 2238 1185 2318 τῆς
1201 2237 1318 2321 προθέ-

65 2321 202 2395 γενέοθαι
211 2342 247 2398 με
261 2322 300 2392 είς
311 2316 437 2401 βασιλεα
450 2318 503 2381 ἐπί
513 2319 605 2383 παντί
614 2315 673 2382 ’lu-
710 2343 796 2394 σεως,
822 2311 948 2400 ἑκάστης
960 2319 1107 2402 τραπέζης
1117 2323 1240 2403 χρυσῆς,
1266 2318 1318 2382 καί

66 2396 153 2483 ραήλ
192 2399 271 2462 Βκαί
295 2396 358 2463 ἀπὸ
381 2393 503 2464 πάντων
520 2404 582 2465 τῶν
603 2404 675 2464 υίῶν
710 2398 850 2476 ὡςαῦτως
873 2403 936 2465 τῶν
961 2398 1107 2487 ἀργυρῶν.
1146 2403 1173 2442 ¹⁷
1185 2403 1237 2465 καί
1258 2407 1318 2464 τῶν

65 2507 138 2563 μου,
161 2475 209 2543 ὅτι
220 2477 351 2557 πολλοὺς
363 2479 443 2556 υίοῦς
456 2482 550 2546 ἐδονκέ
559 2508 609 2564 μοι
622 2476 673 2545 κῦ-
711 2488 861 2570 κρεαγρῶν
873 2485 925 2548 καί
938 2483 1099 2549 σπονδείων
1111 2484 1162 2547 καί
1175 2487 1236 2547 τῶν
1246 2509 1319 2563 σια-

67 2589 143 2647 ριος,
169 2562 320 2639 ἐξελέξατο
338 2566 368 2627 ἐν
383 2562 542 2645 Σαλωμών
559 2568 604 2648 τῶ
621 2567 675 2649 υίῴ
711 2564 773 2629 λῶν
790 2571 850 2631 τῶν
869 2572 993 2652 χρυσῶν.
1032 2569 1082 2630 καί
1106 2565 1160 2631 τὸν
1181 2564 1317 2648 σταθμὸν

65 2674 123 2729 μου
139 2651 266 2711 καθίσαι
284 2643 380 2712 αῦτὸν
394 2648 445 2712 ἐπί
459 2643 574 2731 θρόνου
590 2652 676 2735 βασι·
711 2652 770 2713 τῶν
777 2655 891 2735 χρυσῶν
900 2651 952 2716 καὶ
963 2654 1024 2716 τῶν
1033 2647 1179 2736 ἀργυρῶν,
1189 2651 1241 2713 καὶ
1249 2652 1317 2714 θυΐ·

64 2732 145 2806 λείας
157 2736 262 2835 κυρίου
275 2731 325 2794 ἐπὶ
337 2726 390 2794 τὸν
400 2725 530 2815 Ἰσραήλ.
550 2733 621 2797 6καί
634 2730 675 2797 εί-
711 2757 790 2798 σκων
798 2733 933 2821 κειρουρὲ,
939 2733 1068 2799 ἑκάστου
1079 2734 1318 2816 σταθμοῦίθκαί

62 2817 105 2880 πί
120 2840 171 2898 μοι
189 2841 207 2879 ο
225 2809 304 2888 θεός.
329 2813 487 2897 Σολομῶν
502 2812 520 2879 ὁ
537 2815 601 2891 υἱός
616 2841 674 2881 σου
709 2821 769 2883 τῶν
782 2822 837 2883 τοῦ
855 2824 1072 2904 θυσιαστηρίου
1090 2821 1150 2883 τῶν
1163 2814 1317 2921 θυμιαμά-

64 2895 247 2982 οίκοδομήσει
260 2895 312 2963 τὸν
324 2893 406 2962 οἶκόν
416 2924 477 2980 μου
489 2901 541 2964 καί
551 2896 606 2984 τήν
616 2897 673 2964 αῦ-
708 2925 768 2965 των
780 2904 812 2966 ἐκ
825 2908 946 2986 χρυσίου
960 2903 1080 3006 δοκίμου
1094 2912 1231 2984 σταθμου
1243 2897 1316 2965 ῦπέ-

63 2981 117 3065 λήν
133 3008 205 3064 μου,
232 2977 280 3046 ὅτι
303 2977 427 3084 ήρέτικα
445 2984 476 3047 ἐν
496 2980 581 3067 αὐτῷ
598 2982 674 3048 εἶναί
707 2982 794 3062 δειξεν
813 2984 914 3068 αὐτῷ,
938 2988 989 3050 καὶ
1000 3012 1036 3051 το
1055 2982 1242 3073 παράδειγμα
1261 2987 1317 3048 τοῦ

63 3090 120 3150 μου
140 3063 219 3143 υίῦν,
245 3063 329 3148 κᾷγω
343 3067 447 3148 ἔσομαι
460 3063 545 3150 αῦτῶ
556 3072 596 3142 εἰς
608 3094 672 3132 ποι-
708 3063 842 3153 ἅρματος
860 3074 922 3133 τῶν
935 3071 1087 3156 Χερουβὶμ
1102 3074 1163 3135 τῶν
1175 3069 1314 3133 διαπεπε-

63 3152 145 3233 τίρα.
161 3151 235 3214 7καί
248 3144 439 3234 κατορθώσω
452 3150 506 3233 τήν
517 3149 672 3236 βασιλείαν
707 3156 860 3237 τασμένων
870 3164 937 3228 ταῖς
946 3156 1067 3240 πτέρυξι
1077 3157 1129 3220 καί
1139 3147 1316 3230 σκιαζόντων

64 3229 159 3297 αῦτοῦ
173 3236 355 3309 ἴωςαίῶνος,
368 3230 418 3297 ἐὰν
431 3227 533 3327 ίοχῦση
546 3239 601 3299 τοῦ
614 3259 671 3315 φυ-
707 3235 756 3298 ἒπὶ
788 3241 841 3317 τῆς
871 3241 1003 3323 κιβωτοῦ
1030 3233 1174 3319 διαθήκης
1200 3242 1313 3320 κυρίου.
1361 3307 1367 3317 ,

63 3311 217 3392 λάξασθαι
240 3314 295 3390 τάς
318 3311 439 3391 ἐντολάς
459 3341 536 3399 μου,
562 3319 613 3382 καί
632 3315 670 3379 τά
705 3313 839 3380 19πάντα
853 3320 883 3380 ἕν
894 3322 998 3402 γραφή
1009 3318 1101 3403 χειρὸς
1112 3325 1215 3402 κυρίου
1225 3321 1314 3382 ἔδωκε

62 3394 193 3480 κρίματά
209 3425 266 3478 μου
283 3395 354 3481 ῶςή
372 3395 466 3482 ήμέρα
480 3395 565 3482 αῦτη.
591 3401 607 3442 ⁸
620 3400 671 3463 καί
707 3400 805 3463 Λαυίδ
815 3388 986 3481 Σαλωμώνή
1009 3397 1088 3464 κατά
1100 3399 1154 3481 τήν
1165 3423 1311 3483 περιγενη-

61 3486 115 3544 νῦν
133 3478 211 3544 κατὰ
226 3478 385 3563 πρόςωπον
402 3479 500 3561 πάσης
518 3481 671 3566 ἐκκλησίας
706 3490 810 3545 θεῖσαν
822 3477 907 3562 αῦτῷ
928 3477 1040 3546 οῦνεσιν
1051 3485 1104 3565 τῆς
1119 3487 1315 3564 κατεργασίας

61 3569 179 3648 κυρίου,
200 3564 252 3629 καί
264 3568 296 3629 ἐν
309 3563 367 3630 ῶσῖ
379 3570 455 3630 θεοῦ
469 3563 560 3648 ήμῶν,
574 3561 671 3645 φυλά-
706 3568 762 3629 τοῦ
773 3565 1022 3649 παραδείγματος.
1040 3566 1071 3607 ²⁰
1080 3562 1129 3626 καί
1145 3561 1206 3626 εἷπε
1218 3565 1314 3628 Δαυίδ

60 3650 155 3723 ξασθε
171 3649 223 3712 καὶ
239 3643 381 3731 ζητήοατε
397 3644 500 3722 πάσας
517 3646 570 3721 τὰς
587 3650 672 3711 ἐντο-
705 3644 862 3733 Σαλωμῶν
872 3652 915 3730 τῷ
928 3649 983 3730 υἱῷ
994 3645 1100 3712 αὐτοῦ.
1113 3647 1190 3732 ἴσχυε
1200 3643 1313 3711 καὶᾶν-

62 3729 117 3806 λῦς
137 3737 240 3817 κυρίου
258 3736 314 3797 τοῦ
326 3735 402 3796 θεοῦ
420 3729 514 3814 ήμῶν,
538 3735 587 3794 ’ίνα
600 3730 670 3814 κλη-
706 3732 804 3815 δρίζου
818 3735 869 3797 καὶ
878 3737 964 3810 ποίει,
977 3728 1016 3816 μή
1028 3733 1127 3820 φοβοῦ
1136 3728 1207 3815 μηδὲ
1216 3755 1313 3816 πτοη-

63 3838 155 3897 ρονομ
166 3812 246 3899 ’σητε
261 3811 315 3898 τήν
327 3819 382 3898 γήν
394 3814 447 3899 τήν
460 3811 598 3898 ἀγαθήν,
621 3817 672 3878 καί
705 3818 778 3897 θής,
804 3812 851 3879 ὅτι
865 3812 964 3900 κῦρως
980 3810 997 3879 ὁ
1011 3812 1082 3890 θεός
1093 3842 1151 3919 μου
1161 3815 1235 3898 μετὰ
1248 3819 1312 3893 σοῦ,

63 3843 379 3984 κατακῖηρονομήοητε
403 3909 467 3973 τοῖς
491 3902 567 3972 υίσῖς
591 3894 671 3981 ῦμῶν
692 3886 762 3964 Ιοῦκ
782 3895 881 3982 ἀνήσει
900 3924 929 3963 σε
942 3902 993 3964 καί
1012 3896 1049 3963 οῦ
1066 3927 1107 3983 μη
1128 3898 1312 3990 ἐγκαταλίπῃ

62 3978 126 4062 μεθ’
143 3979 220 4066 ὑμᾶς
233 3986 290 4056 ἕως
302 3984 420 4055 αἰῶνος.
448 3984 526 4047 9καί
539 3986 591 4048 νῦν
604 3989 671 4047 Σα-
706 3987 761 4059 ἕως
786 3988 842 4048 τοῦ
864 3983 1033 4049 συντελέσαι
1055 4008 1086 4047 σε
1103 3988 1205 4049 πᾶσαν
1224 3986 1313 4070 ἐργα-

62 4062 245 4145 λεομῶνυίέ,
270 4068 366 4143 γνῶθι
387 4063 440 4129 τὸν
452 4062 525 4131 θεὸν
537 4070 597 4131 τῶν
609 4093 670 4131 πα·
706 4073 774 4133 σίαν
800 4067 982 4152 λειτουργίας
1008 4066 1093 4132 οἴκου
1119 4074 1231 4154 κυρίου.
1263 4071 1313 4132 καί

60 4151 158 4234 τίρων
171 4174 238 4225 σου,
265 4150 316 4212 καί
328 4148 446 4212 δούλευε
456 4148 539 4233 αὐτῷ
553 4152 584 4213 ἐν
596 4175 672 4232 καρ-
707 4147 771 4216 ἰδοῦ
784 4147 821 4214 τὸ
833 4149 1020 4236 παράδειγμα
1032 4155 1088 4216 τοῦ
1107 4157 1181 4218 ναοῦ
1192 4152 1245 4217 καί
1257 4156 1313 4216 τοῦ

61 4232 113 4314 δίᾳ
126 4231 221 4314 τελεία
235 4235 287 4296 καὶ
300 4235 381 4333 ψυχῇ
391 4229 536 4327 θελούσῃ,
550 4227 597 4296 δτι
609 4227 670 4297 πά·
707 4232 793 4298 οἴκου
813 4232 927 4313 αῦτοῦ,
952 4237 1003 4300 καί
1015 4238 1113 4339 ζακχῶ
1126 4235 1235 4314 αῦτοῦ,
1261 4237 1313 4301 καί

59 4340 115 4389 σας
140 4318 266 4402 καρδίας
292 4318 386 4391 ἕταζει
401 4309 515 4401 κῦριος,
542 4317 593 4379 καί
610 4319 673 4379 πᾶν
706 4314 745 4380 τά
769 4313 892 4402 ῦπερῷα
917 4320 968 4384 καὶ
993 4317 1047 4392 τάς
1073 4321 1232 4401 αποθήκας
1258 4318 1313 4391 τάς

59 4393 216 4502 ἐνθύμημα
232 4394 376 4476 γινῶοκει.
401 4398 454 4464 ἐὰν
471 4392 597 4502 ζητήσης
615 4395 672 4462 αῦ-
706 4401 863 4485 ἐσωτέρας,
890 4403 942 4464 καί
954 4400 1007 4465 τὸν
1016 4399 1097 4465 οἶκον
1109 4407 1163 4465 τοῦ
1177 4401 1312 4481 ἱλασμοῦ,

58 4479 129 4562 τὸν,
154 4479 353 4568 ευρεθήσεταί
364 4505 420 4547 σοι.
447 4483 499 4547 καί
511 4483 564 4547 ἐαν
576 4506 672 4546 κατα..
706 4482 757 4547 καί
770 4479 804 4546 τὸ
815 4478 999 4630 παράδειγμα
1011 4483 1095 4547 οἴκου
1104 4486 1213 4568 κυρίου.
1231 4484 1314 4624 21χιοχί

871 4586 911 4627 ἰθ
1244 4587 1252 4621 ἴ
1273 4586 1311 4626 Οέδ
