2924 4972
232 218 607 283 ΜΛιιιιΑΒΑιεεΝ
626 222 837 284 ΠΡΩΤΟΣ
877 227 954 300 ιιεφ.
969 217 1019 285 ιυ.
1034 221 1073 285 ιε’.
1087 219 1136 288 14.
1152 223 1202 287 15.
1285 220 1351 294 985

107 335 181 402 εἶναι
194 345 319 420 Σίμωνα
338 335 495 417 ῆγοιίμενον
512 338 563 400 καὶ
575 334 712 420 ἀρχιερέα
726 338 730 398 Ι
745 335 801 419 τῆν
818 334 920 418 χώραν
939 333 1021 417 ῆμῶν
1039 338 1090 399 καὶ
1107 337 1178 410 τοὺς
1196 332 1352 420 ῆρημωκό·

107 426 144 494 εὶς
158 420 211 486 τὸν
225 425 318 484 αὶῶνα
330 424 385 493 ἕως
396 423 451 484 τοῦ
461 417 624 501 ἀναστῆναι
637 443 713 503 προ·
745 442 800 490 τας
825 415 926 491 πόλεις
950 413 1065 492 πολλάς
1089 422 1120 482 ἐν
1144 424 1181 501 τῆ
1205 418 1350 504 βασιλείᾳ.

107 499 205 587 φῆτην
229 497 345 567 πιστόν.
371 502 403 543 ⁴²
415 506 466 567 καὶ
488 507 545 566 τοῦ
567 499 640 565 εἶναι
665 499 709 566 ἐπ’
746 500 759 542 ⁶
774 504 825 565 νῦν
839 489 894 564 οὖν
905 505 1008 583 ἵστημί
1028 526 1076 566 σοι
1089 491 1191 565 πάντα
1204 499 1243 566 τά
1256 499 1351 582 ἀφαι·

109 586 207 651 αὐτῶν
220 583 398 669 στρατηγόν,
406 587 457 650 καὶ
469 580 551 660 ὅπως
561 585 643 667 μέλοι
657 582 713 648 αιἰ-
745 578 904 664 ρέματα,ἀ
926 578 1046 665 ἀφῆκάν
1071 607 1120 648 σοι
1143 587 1173 646 οὶ
1193 585 1253 668 πρὸ
1276 587 1351 668 ἐμοῦ

108 677 153 751 τῷ
176 669 243 752 περὶ
265 672 326 732 τών
349 665 443 745 ἁγίων
455 663 637 733 καθιστάναι
658 665 712 732 αδ-
745 666 891 751 βασιλεῖς,
913 668 964 731 καὶ
978 663 1035 731 ὅσα
1048 663 1128 730 ἀλλα
1140 661 1258 748 δόματα
1271 665 1351 751 ἀφῆ-

108 749 179 825 τοὺς
201 752 251 814 ἐπὶ
274 753 336 816 τῶν
359 754 455 836 ἔργων
468 750 568 817 αὐτῶν
591 752 642 815 καὶ
663 751 714 814 ἐπὶ
745 746 800 812 κάν
813 775 869 814 σοι.
908 751 988 813 θκαὶ
1005 745 1155 834 ἐπέτρεψα
1168 774 1214 813 σοι
1227 756 1349 834 ποιῆσαι

108 839 161 918 τῆς
173 826 272 919 χώρας
285 835 337 898 καὶ
350 836 472 899 ἐπὶτῶν
485 830 589 899 ὅπλων
601 835 652 898 καὶ
664 834 715 898 ἐπὶ
745 828 845 915 κόμμα
868 832 944 898 ἴδιον
965 827 1092 915 νόμισμα
1113 837 1151 926 τῆ
1175 827 1260 917 χώρᾳ
1283 857 1349 908 σου,

108 919 168 981 τῶν
182 914 392 1002 ὀχυρωμάτων.
425 917 456 959 ⁴³
470 919 521 981 καὶ
534 913 616 991 ὅπως
628 915 714 999 μέλοι
747 912 962 999 7Ἱερουσαλῆμ
982 915 1076 980 δὲκαὶ
1093 912 1132 980 τά
1146 911 1218 992 ἀγια
1231 915 1304 981 εἶναι
1317 918 1350 979 έ-

109 999 194 1084 αάτῴ
211 1002 358 1105 περὶτῶν
375 996 484 1078 ἆγίων,
510 1004 560 1065 καὶ
580 996 663 1074 ὅπως
677 998 714 1063 ἀ-
746 993 883 1083 λιάθερα.
915 1000 967 1063 καὶ
990 993 1093 1064 πάντα
1117 995 1157 1063 τά
1183 994 1265 1063 όπλα
1291 995 1349 1064 ὅσα

108 1081 234 1168 κοόηται
247 1080 306 1148 υπὸ
323 1078 463 1159 πάντων,
480 1084 530 1148 καὶ
544 1081 627 1158 ὅπως
637 1078 714 1168 γρά-
746 1078 973 1158 κατεσκεύασας,
987 1084 1038 1147 καὶ
1059 1078 1099 1145 τά
1125 1078 1303 1167 ὀχυρώματα
1327 1078 1349 1146 όὶ

108 1191 225 1247 φωνται
239 1168 289 1231 ἐπὶ
305 1170 350 1249 τῴ
364 1163 487 1270 ὀνόματι
507 1163 604 1233 αὐτοῦ
616 1171 714 1231 πᾶσαι
747 1162 940 1250 ᾤκοδόμησας
957 1158 999 1229 ὧν
1015 1175 1145 1249 κρατεῖς,
1162 1169 1271 1248 μενέτω
1290 1191 1348 1231 σοι.

107 1249 278 1334 συγγραφαὶ
290 1251 321 1313 έν
333 1250 370 1344 τῆ
383 1275 481 1334 χωρθι
502 1253 554 1315 καὶ
566 1246 649 1324 ὅπως
659 1275 713 1314 πε-
747 1249 762 1290 ⁸
776 1250 827 1313 καὶ
839 1254 901 1313 πᾶν
915 1247 1060 1332 ὀφειλημα
1078 1245 1233 1354 βασιλικὸν
1245 1250 1296 1313 καὶ
1308 1247 1348 1313 τά

109 1329 264 1417 ριβάληται
280 1330 452 1418 πορφύραν,
465 1335 517 1397 καὶ
527 1337 712 1419 χρυσοφορῆ.
746 1327 873 1414 ἐσόμενα
885 1331 1045 1432 βασιλικοὶ,
1071 1332 1134 1398 απὸ
1155 1337 1211 1397 τοῦ
1230 1337 1281 1396 νῦν
1298 1333 1351 1395 καὶ

108 1415 141 1457 ⁴⁴
154 1417 206 1480 καὶ
228 1414 285 1481 οὐκ
308 1418 423 1491 ἐξέσται
441 1414 538 1481 οὐδενὶ
557 1420 612 1482 τοῦ
635 1405 712 1481 λαόῦ
747 1419 785 1489 εὶς
797 1412 851 1480 τόν
870 1414 993 1481 ἅπαντα
1010 1412 1118 1521 χρόνον
1136 1413 1276 1495 ἀφιέσθω
1291 1439 1348 1481 σοι.

107 1499 160 1563 καὶ
184 1503 244 1563 τοῖν
268 1502 368 1584 ἱερέων
386 1497 536 1582 ἀθετῆσαί
547 1525 577 1564 τι
599 1495 714 1564 τούτων
746 1497 816 1572 θὼς
828 1495 856 1563 δ’
873 1497 911 1562 ἀν
929 1523 1120 1585 κρατησωμεν
1137 1503 1190 1582 τῆς
1201 1498 1350 1584 βασιλείας

107 1582 159 1647 καὶ
171 1580 315 1648 ἀντειπεῖν
327 1592 391 1659 τοῖς
404 1579 452 1648 ὑπ’
468 1583 564 1648 αὐτοῦ
576 1585 714 1668 ῥηθησο-
747 1576 840 1665 ῆμῶν,
853 1578 1019 1666 δοξάσομέν
1037 1607 1066 1648 σε
1085 1580 1182 1646 καὶτὸ
1195 1586 1285 1655 έθνος
1297 1605 1349 1645 σου

109 1668 219 1747 μένοις,
246 1668 297 1730 καὶ
309 1668 526 1751 έπισυστρέιγαε
543 1664 713 1750 συστροφῆν
746 1665 846 1730 καὶτὸ
861 1663 939 1749 ἱερὸν
950 1663 1021 1749 δόξη
1035 1664 1162 1757 μεγάλη,
1176 1662 1248 1740 ώςτε
1261 1688 1351 1745 φανε-

108 1754 138 1814 έν
151 1753 190 1841 τῆ
197 1742 280 1834 χώρᾳ
294 1747 363 1814 ἀνευ
376 1747 487 1826 αὐτοῦ,
510 1752 560 1815 καὶ
571 1745 713 1835 περιβάλ-
746 1746 803 1831 ράν
814 1753 953 1826 γενέσθαι
971 1738 1025 1832 τῆν
1038 1750 1130 1824 δόξαν
1148 1744 1232 1829 ὑμῶν
1245 1753 1276 1812 ἐν
1288 1745 1348 1812 πά-

106 1832 211 1897 λεσθαι
227 1828 387 1918 πορφύραν
409 1835 460 1898 καὶ
477 1836 713 1918 έμπορποῡσθαι
748 1856 786 1920 σχγ
802 1837 840 1925 τῆ
853 1837 900 1913 γῆ.
928 1835 957 1876 ¹⁰
971 1836 1056 1906 ἔτους
1081 1827 1225 1914 τετάρτου
1248 1832 1299 1894 καὶ
1319 1831 1349 1893 ε’-

107 1913 227 2001 πόρπην
250 1921 367 2001 χρυσῆν.
403 1917 434 1960 ⁴⁵
449 1913 534 1990 δςδ
564 1915 602 1982 ἀν
626 1915 711 2001 παρὰ
743 1904 953 2018 βδομηκόστοῦ
974 1918 1025 1980 καὶ
1044 1917 1209 1979 ἑκατοστοῦ
1226 1911 1351 1996 ἐξῆλθεν

107 2005 204 2065 ταῦτα
222 1994 333 2091 ποιῆση
351 1997 369 2084 ἢ
389 1995 524 2103 ἀθετῆσχ
543 2025 571 2064 τι
584 1995 713 2074 τούτων,
742 2002 894 2082 Λντίοχος
907 2005 945 2074 εἰς
958 1996 1011 2082 τῆν
1024 2009 1079 2083 γῆν
1092 1999 1231 2082 πατέρων
1245 1995 1351 2071 αὐτοῦ,

107 2084 207 2186 ένοχος
224 2084 317 2147 ἔσται.
343 2083 375 2126 ⁴⁰
388 2085 440 2148 καὶ
458 2081 595 2166 ευδόκησε
611 2086 672 2156 πάς
694 2079 712 2148 ὁ
746 2083 796 2146 καὶ
815 2082 966 2158 συνῆλθον
984 2081 1062 2166 πρὸς
1085 2077 1178 2146 αὐτόν
1201 2083 1299 2145 πάσαι
1318 2081 1352 2144 αὶ

107 2164 182 2238 λαος
198 2165 315 2228 θέσθαι
328 2171 442 2245 Σίμωνι
455 2169 506 2230 καὶ
522 2169 644 2248 ποιῆσαι
657 2192 713 2229 κα-
746 2161 958 2247 δυνάμειςώςτε
967 2164 1088 2241 ὀλίγους
1097 2162 1167 2228 εἶναι
1179 2162 1250 2238 τοὺς
1258 2188 1351 2228 κατα-

108 2246 146 2312 τά
158 2245 231 2318 τοὺς
244 2241 351 2322 λόγους
362 2243 498 2321 τούτους.
537 2248 569 2289 ⁴⁷
582 2249 634 2310 καὶ
646 2251 712 2311 έπε-
746 2248 924 2327 λειφθέντας
937 2245 991 2311 σὺν
1009 2243 1157 2331 Τρύφωνι.
1192 2250 1217 2288 ¹¹
1230 2250 1281 2310 καὶ
1293 2245 1352 2310 έδί-

107 2331 213 2407 δέξατο
224 2333 328 2411 Σίμων
340 2333 392 2392 καὶ
405 2326 562 2434 εὐδόκησεν
574 2325 713 2414 ἀρχιερα·
747 2331 819 2404 ωξεν
831 2326 927 2393 αὐτὸν
935 2327 1083 2412 Ἀντίοχος
1096 2327 1113 2392 ό
1125 2325 1277 2415 βασιλεὺς,
1300 2329 1351 2393 καὶ

109 2409 198 2479 τεόειν
210 2413 261 2476 καὶ
274 2409 349 2476 εἶναι
362 2436 529 2497 στρατηγος
538 2413 590 2476 καὶ
601 2405 712 2497 ἐθνάρ-
746 2400 820 2497 ῆλθε
842 2408 958 2492 φεύγων
980 2416 1018 2487 εὶς
1035 2416 1129 2495 Δωροῖ
1150 2408 1205 2495 τῆν
1225 2412 1277 2476 ἐπὶ
1299 2414 1351 2495 τῆς

107 2522 158 2582 χης
169 2501 229 2563 τῶν
239 2494 392 2560 Ἰουδαίων
403 2497 454 2560 καὶ
468 2498 580 2581 ἱερέων,
595 2496 646 2559 καὶ
657 2498 713 2560 τοῦ
745 2491 911 2576 θαλάσσης.
946 2494 1042 2560 12εἶδε
1061 2496 1120 2578 γάρ
1142 2491 1189 2560 ὅτι
1211 2499 1350 2577 συνῆκται

107 2583 317 2664 προστατῆσαι
340 2573 472 2645 πάντων.
524 2577 558 2621 ⁴⁸
582 2579 634 2642 καὶ
658 2575 713 2642 τὶν
745 2576 789 2643 ἐπ’
812 2577 906 2644 αὐτὸν
924 2576 963 2642 τά
980 2575 1073 2653 κακά,
1090 2579 1142 2643 καὶ
1157 2576 1279 2662 ἀφῆκαν
1292 2577 1350 2642 αά-

107 2661 227 2747 γραφῆν
238 2659 350 2746 ταύτην
368 2661 453 2729 εἷπον
471 2665 587 2728 θέσθαι
600 2663 631 2726 ἰν
644 2622 712 2727 δέλ
745 2661 798 2726 τὸν
815 2665 849 2727 αὶ
865 2658 1009 2745 δυνάμεις.
1040 2663 1068 2704 ¹³
1086 2663 1137 2726 καὶ
1153 2661 1351 2747 παρενέβαλεν

108 2772 169 2822 τοις
194 2747 326 2850 χαλκαῖς,
351 2748 402 2810 καὶ
427 2750 534 2831 στῆσαι
560 2742 654 2820 αάτάς
679 2747 712 2810 ἐν
740 2743 892 2831 Ἀντίοχος
912 2747 963 2811 ἐπὶ
984 2749 1096 2831 Δωροῖ,
1117 2745 1170 2809 καὶ
1191 2741 1244 2811 σὺν
1265 2742 1351 2826 αὐτῷ

108 2830 255 2917 περιβολῳ
273 2833 333 2894 τῶν
353 2826 445 2907 ἁγίων
464 2834 495 2895 ἕν
508 2823 594 2911 τόπῳ
608 2823 712 2910 ἔπισῆ-
745 2826 860 2895 δώδεκα
878 2825 1014 2915 μυριάδες
1027 2828 1147 2915 ἀνδρῶν
1164 2828 1351 2912 πολεμιστῶν

105 2941 163 3000 μῳ,
188 2910 273 2978 49τά
289 2912 322 2977 δὲ
345 2910 429 2991 ἀντίγ
448 2938 514 2995 αφα
539 2910 639 2977 αὐτῶν
655 2914 709 2976 θέ-
745 2913 796 2977 καὶ
818 2909 1016 2997 δκτακιςχιλία
1035 2917 1139 2987 ἵππος.
1177 2913 1270 2980 14καί
1284 2907 1351 2976 έκό-

107 3007 182 3063 σθαι
200 3000 230 3062 έν
249 2999 294 3079 τῷ
310 2997 426 3077 γαζοφυ
489 3001 536 3080 ’ῳ,
562 2991 646 3070 όπως
660 2997 711 3080 ἔχη
726 3016 729 3035 ¹
744 2995 837 3061 κλωσε
855 2993 907 3083 τῆν
925 2991 1029 3071 πόλιν,
1056 2994 1158 3061 καὶτὰ
1175 2996 1269 3062 πλοῖα
1287 2993 1349 3060 ἀπὸ

107 3082 273 3167 Σίμωνιιαὶ
286 3084 317 3145 οὶ
330 3078 510 3147 υὶοὶαάτοῦ.
692 3067 699 3092 ’
743 3075 905 3164 θαλάσσης
929 3084 1074 3165 συνῆψαν,
1098 3083 1150 3145 καὶ
1174 3079 1276 3166 έθλιβι
1297 3074 1351 3163 τῆν

286 3168 318 3228 Κ
331 3171 361 3227 E
374 3169 412 3229 Φ.
456 3158 524 3230 IE'.
745 3160 833 3228 πόλιν
845 3161 908 3229 ἀπὸ
922 3164 973 3248 τῆς
984 3168 1037 3249 γῆς
1050 3165 1102 3228 καὶ
1118 3168 1170 3249 τῆς
1181 3160 1350 3245 θαλάσσης,

109 3215 188 3315 Καὶ
202 3246 559 3333 ἀπέστιιλινόᾌντίοχος
573 3246 637 3323 υίὸς
647 3253 710 3333 Δη·
745 3248 795 3312 καὶ
817 3246 871 3313 οὐκ
894 3248 987 3314 είασεν
1005 3247 1117 3314 οὐδένα
1139 3243 1351 3331 ἐκπορεύεσθαι

105 3338 231 3419 μητρίου
245 3335 301 3399 τοῦ
313 3332 459 3419 βασιλέως
472 3331 633 3408 ἐπιστολάς
646 3331 710 3397 ἀπὸ
747 3334 798 3396 καὶ
808 3331 1042 3418 είςπορεάεσθαι.
1069 3333 1096 3374 ¹⁶
1110 3333 1162 3394 καὶ
1172 3319 1250 3414 ῆλθε
1262 3333 1349 3394 Nou·

107 3422 168 3483 τῶν
181 3417 276 3499 νῆσων
287 3422 337 3500 τῆς
349 3413 508 3500 θαλάσσης
516 3422 631 3499 Σίμωνι
644 3420 714 3500 ὶεριῒ
743 3411 847 3498 μῆνιος
863 3417 915 3478 καὶ
935 3419 967 3478 οὶ
982 3411 1051 3498 παρ’
1073 3411 1168 3477 αὐτοῦ
1186 3417 1218 3476 ἐκ
1236 3409 1351 3494 Ῥώμης

108 3501 160 3564 καὶ
171 3495 303 3582 ἐθνάρχη
315 3501 376 3561 τῶν
390 3497 548 3564 Ἰουδαίων
559 3502 610 3562 καὶ
620 3499 712 3563 παντὶ
745 3501 860 3582 ἔχοντες
878 3495 1034 3570 ἐπιστολάς
1051 3506 1114 3569 τοῖς
1133 3493 1286 3580 βασιλεῦσι
1299 3495 1351 3559 καὶ

107 3585 150 3664 τῷ
164 3583 250 3646 ἔθνει
276 3567 353 3644 ίκαὶ
371 3574 444 3666 ῆσαν
456 3583 645 3666 περιέχουσαι
658 3578 711 3646 τόν
744 3591 811 3655 ταῖς
827 3575 947 3665 χώραις,
970 3583 1001 3644 έν
1017 3579 1064 3653 αἷς
1083 3581 1251 3664 ἐγέγραπτο
1269 3572 1350 3641 τάδε.

107 3660 221 3748 τρόπον
245 3667 365 3728 τοῦτον.
404 3661 541 3750 βασιλεὺς
563 3662 712 3749 Ἀντίοχος
744 3659 912 3737 16Λεύκιος
931 3659 1045 3738 ὕπατος
1057 3659 1215 3743 Ῥωμαίων
1229 3659 1351 3725 Πτολε-

107 3753 217 3831 Σίμωνι
232 3750 302 3828 ὶερεῖ
315 3742 432 3830 μεγάλῳ
451 3750 502 3811 καὶ
518 3742 648 3831 ἒθνάρχη
660 3748 713 3814 καὶ
743 3753 824 3830 μαίῳ
838 3747 952 3833 βασιλεῖ
968 3753 1085 3831 χαίρειν.
1124 3748 1195 3810 17οὶ
1211 3747 1350 3850 πρεσβευ-

106 3835 183 3898 ἔθνει
192 3830 348 3897 Ἰουδαίων
362 3837 480 3915 χαίρειν.
507 3832 521 3873 ³
534 3818 636 3916 ἐπειδῆ
659 3830 712 3897 ἀν·
743 3832 797 3895 ταὶ
812 3836 875 3895 τῶν
891 3829 1046 3896 Ἰουδαίων
1062 3817 1164 3915 ἦλθον
1179 3826 1257 3913 πρός
1275 3831 1351 3914 ημᾶς

105 3918 170 4001 δρες
183 3916 281 3998 λοιμοὶ
293 3911 512 4001 κατεκράτησαν
525 3919 576 3997 τῆς
588 3914 712 4001 βασιλεί·
745 3913 824 3996 φίλοι
836 3911 919 3999 ἡμῶν
931 3914 983 3978 καὶ
994 3909 1150 3998 σύμμαχοι,
1174 3910 1350 3994 ἀνανεούμε-

106 4025 142 4074 ας
163 4005 224 4064 τῶν
241 4002 382 4083 πατέρων
402 3994 663 4147 ῆμῶν,βοόῶμαι
680 3997 713 4064 δέ
745 4023 792 4063 νοι
814 3995 868 4102 τῆν
882 3998 913 4074 ἐξ
932 3995 1023 4081 ἀρχῆς
1041 3996 1143 4079 φιλίαν
1160 3997 1212 4062 καὶ
1235 4021 1352 4079 συμμα-

106 4080 364 4168 ἇντιποιῆσασθαι
377 4087 429 4184 τῆς
436 4085 498 4186 βασ
529 4088 604 4160 είας,
629 4078 713 4157 ὅπως
743 4086 822 4185 χίαν,
836 4081 1052 4163 απεσταλμένοι
1065 4079 1129 4147 ἀπό
1142 4086 1282 4163 Σίμωνος
1293 4082 1350 4143 τοῦ

106 4160 348 4270 ἀποκαταστῆσω
371 4189 465 4250 αυτην
487 4163 527 4242 ὡς
548 4154 586 4249 ῆν
601 4162 712 4271 πρότε-
745 4169 901 4250 αρχιερέως
914 4166 966 4229 καὶ
976 4169 1032 4230 τοῦ
1044 4161 1138 4249 δῆμου
1150 4161 1350 4229 τώνἸουδαί-

106 4270 168 4330 ρον.
181 4248 375 4353 ἐξενολογχσα
385 4247 417 4316 δὲ
429 4248 549 4333 πλῆθος
561 4250 713 4332 δυναμεων
745 4273 798 4314 ων.
820 4249 849 4291 ¹⁸
854 4247 981 4332 ἤνεγκαν
991 4246 1024 4314 δὲ
1036 4245 1152 4315 ἀσπίδα
1158 4249 1272 4351 χρυσῆν
1285 4240 1350 4310 ἀπὸ

106 4333 158 4395 καὶ
195 4354 395 4398 κατεσκευασα
425 4333 521 4398 πλοῖα
558 4331 712 4417 πολεμικά,
744 4337 826 4413 μνῶν
835 4331 1079 4417 χιλίων.’9ῆρεσεν
1087 4318 1142 4397 οὖν
1152 4338 1222 4411 ημῖν
1230 4323 1350 4413 γράψαι

105 4409 270 4520 Ῐβοάλομαι
279 4412 311 4477 δὲ
320 4418 437 4503 ἐκβῆναι
447 4415 525 4483 κατά
536 4415 591 4500 τῆν
602 4414 713 4520 χώραν,
746 4427 810 4491 τοῖς
822 4414 976 4501 βασιλεῦσι
989 4417 1040 4481 καὶ
1052 4427 1116 4490 ταῖς
1127 4414 1253 4498 χώραις,
1267 4407 1352 4488 ὅπως

105 4523 189 4574 οπως
208 4497 343 4582 μετέλθω
370 4498 442 4576 τοιὶς
463 4509 715 4588 κατεφθαρκοτας
745 4493 784 4580 μῆ
798 4496 996 4583 ἐκζητήσωσιν
1013 4498 1115 4573 αὐτοῖς
1128 4496 1222 4573 κακά,
1248 4491 1350 4574 καὶμῆ

1293 4605 1348 4646 πο·
