2924 4972
440 277 618 342 ΑΜΩΣ
661 271 939 360 Κεφ.....α’β’12
1242 269 1303 340 731
1382 327 1384 331 ,

64 431 115 471 ται
128 403 201 479 λαὸς
214 408 327 504 Συρίας
341 401 515 500 ἐπίκλητος,
528 394 651 475 λέγει’
617 424 671 462 κυ-
707 395 877 497 Ἰδουμαίας
889 404 928 474 εἰς
939 405 1050 466 κονίαν.
1076 404 1189 466 ²xa2’t
1159 428 1316 480 ιςαποστεκ

64 514 143 592 ριος.
192 481 294 551 6τάδε
310 478 436 561 λέγει’
386 506 521 589 κυριος
537 483 588 546 ἐπι
605 494 670 556 ταῖς
709 479 755 544 λῶ
767 486 829 567 πῦρ
842 486 880 566 είς
893 483 1015 567 Μωάβ,
1041 484 1092 548 καὶ
1111 483 1318 596 καταφάγεται

64 572 159 656 τρισὶν
177 568 338 672 ἀσεβείαις
343 562 446 647 Γάζης
469 591 522 629 και
513 565 588 628 ’ἐπὶ
606 577 672 638 ταῖς
709 562 748 628 τά
772 563 897 646 θεμελια
917 570 979 630 τῶν
997 561 1174 631 πόλεων’
1137 574 1240 671 αυτής,
1264 573 1318 635 καὶ

65 659 224 760 τέσσαρσιν
241 649 296 716 οῦκ
320 643 597 733 ἀποστραφήσομαι
614 645 672 712 αῦ-
710 644 910 713 ἀποθανεῖται
922 646 1230 751 ἰνάδυναμίηΜωάβ
1240 652 1315 735 μετὰ

65 737 152 810 τοῦς,
178 741 268 799 ἕνεκεν
284 757 341 797 του
325 727 650 832 αίγριαλωτεῦοαι’
615 756 670 796 αυ-
710 736 839 852 κραυγῆς
856 758 908 795 και
923 727 999 836 μετὰ
1022 738 1121 833 φωνῆς
1141 730 1314 811 σάλπιγγος.

65 819 138 892 τοῦς
151 817 352 919 αιχμαλωσιαν
363 840 418 880 του
404 811 604 898 Σαλωμοιν,
615 838 671 877 του
710 812 788 878 3και
781 811 1016 916 ’βξολοθρεῦσω
1024 813 1139 915 κριτήν
1159 818 1190 892 ἐξ
1211 814 1314 918 αῦτής,

68 900 280 978 συγκλεῖσαι
256 926 294 974 εις
304 898 370 999 ’τήν
389 897 568 999 Ιδρυμαίαν.
596 897 674 960 7και
702 921 761 960 και
771 921 888 971 παντας
906 895 998 998 αῦτής
1015 893 1171 961 ἀποκτενῶ
1181 895 1239 981 μετ’
1256 896 1314 963 αῦ-

67 984 257 1060 ἐξαποστελῶ
275 987 336 1065 πῦρ
350 978 449 1045 ἐπι
415 1006 455 1045 τα
468 986 549 1063 τείχη
560 975 672 1081 Γαζης,
710 983 783 1055 τοῦ,
810 976 935 1057 λέγει’
900 1005 1008 1064 κυριος.
1048 977 1149 1044 4τιὶδε
1166 978 1297 1058 λέγει’
1260 1008 1315 1046 κυ-

67 1093 118 1131 και
140 1063 345 1164 καταφάγεται
366 1089 406 1128 τα
394 1060 606 1145 ’θεμέλια
570 1067 671 1147 αυτής.
708 1086 783 1165 ριος.
817 1065 868 1128 ἐπι
885 1074 950 1138 ταῖς
967 1086 1062 1147 τρισιν
1070 1059 1271 1168 ἀσεβείαις
1241 1068 1315 1166 υιῶν

66 1151 150 1213 8και
172 1143 382 1255 ἐξολοθρεῦσω
404 1149 619 1220 κατοικοῦντας
641 1145 672 1219 ἐξ
708 1141 812 1210 Ιουδα
824 1172 875 1210 και
892 1147 942 1210 ἐπὶ
958 1157 1029 1220 ταῖς
1041 1169 1197 1246 τέσσαρσιν
1209 1172 1317 1213 ουκα·

62 1227 209 1306 Ἀζώτου,
245 1256 296 1295 και
324 1225 526 1336 ἐξοισθήσεται
540 1226 617 1326 φυλή
643 1229 673 1303 ἐξ
711 1225 971 1333 ποστραφήσοηιαι
978 1225 1239 1304 αῦτὸν,ἑ’νικατοῦ
1251 1228 1315 1294 ἀπ-

62 1311 266 1387 Ἀσκαλωνος,
279 1340 332 1377 και
324 1309 488 1390 ἐπάξω“
457 1336 510 1395 την
521 1308 604 1396 χεῖρά
616 1336 673 1392 μου
713 1307 853 1376 ῶσαοθαι
880 1336 992 1386 αυτους
1009 1311 1062 1376 τὸν
1085 1307 1188 1414 νόμον
1194 1317 1250 1377 τοῦ
1262 1339 1315 1377 κυ·

66 1391 289 1497 ἐπιἈκκάρων,
311 1423 362 1460 και
354 1394 604 1460 απολουντοιι
573 1420 604 1459 οι
616 1419 672 1458 κα
732 1421 789 1469 ιου,
802 1420 852 1459 και
864 1420 904 1458 τα
920 1390 1135 1494 προςτάγματα
1153 1391 1248 1459 αῦτοῦ
1260 1392 1315 1462 οῦκ

65 1475 206 1545 τάλοιποι
226 1484 288 1543 τῶν
305 1474 500 1581 ἀλλοφύλων,
526 1473 653 1554 λέγει
618 1503 669 1540 κυ·
712 1394 974 1580 ἀφυλάξαντοααί
957 1473 1187 1556 ’ἐπλάνησεν’
1151 1474 1264 1552 αυτοῦς
1274 1475 1315 1542 τά

65 1587 137 1647 ριος.
163 1561 263 1627 9τῶδε
288 1556 424 1640 λέγει’
381 1587 520 1668 κυριος
531 1563 583 1626 ἐπὶ
604 1570 672 1633 ταῖς
709 1557 826 1661 μάταια
839 1558 939 1625 αῦτῶν
953 1557 1137 1662 ἀέποίηοαν,
1155 1559 1199 1635 οἷς
1212 1563 1315 1664 ἐξηκο-

64 1670 162 1751 τρισιν
179 1643 335 1748 ἀσεβείαις
345 1640 447 1730 Τῦρου
469 1671 522 1708 και
513 1644 590 1708 ’ἐπι
605 1654 672 1718 ταῖς
710 1641 920 1744 λοῦθησαν“
890 1669 920 1708 οι
936 1646 1066 1749 πατέρες
1092 1641 1192 1708 αὐτῶν
1215 1643 1315 1709 ὀπίσω

64 1732 250 1832 τέσσαρσιν
246 1726 301 1792 οῦκ
317 1724 593 1811 ἀποστραφήοομαι
615 1724 670 1791 αῦ-
710 1724 819 1791 αὐτῶν.
865 1727 943 1790 5καί
968 1726 1155 1803 ἐξαποστελῶ
1177 1731 1238 1811 πῦρ
1265 1728 1316 1792 έπι

64 1811 126 1896 τήν,
140 1810 206 1877 ἀνθ’
225 1802 460 1877 ῶνουνέκλιιοαν
471 1809 673 1916 αἰχμαλωσίαν
707 1807 832 1885 Ἰούδαν,
845 1805 1265 1912 καικαταφάγεταιθεμελια’
1266 1817 1315 1874 Ie·

66 1920 119 1959 του
105 1892 325 1997 Σαλωμων
301 1920 340 1968 εις
352 1893 407 1975 τήν
417 1891 600 1996 Ιδουμαίαν,
622 1895 674 1957 καὶ
709 1888 874 2002 gavaurkja:
928 1891 1024 1957 6τυὶδε
1036 1889 1158 1970 λέγειν’
1179 1919 1233 1968 ιος.
1264 1895 1315 1957 ἐπὶ

65 1977 121 2041 οῦκ
143 1974 336 2085 ἐμνήσθησαν
354 1972 501 2060 διαθήκης
524 1975 670 2057 ἀδελφῶν.
711 1987 775 2050 ταῖς
792 1977 888 2079 τρισὶν
899 1973 1054 2079 ασεβείαις
1056 1919 1181 2060 Ἰσραήλ
1197 2003 1249 2042 και
1241 1977 1315 2041 ’ἐπι

64 2063 94 2104 ¹⁰
106 2086 157 2125 και
150 2061 367 2167 ἐξαποστελῶ
386 2065 450 2162 πῦρ
467 2061 519 2125 ἐπι
535 2059 575 2123 τὰ
593 2066 671 2143 τείχη
709 2070 774 2133 ταις
784 2083 952 2163 τεσσαρσιν
962 2057 1018 2124 οῦκ
1036 2056 1315 2164 ἀποστραφήσομαι

66 2141 216 2269 Τύρου,11
210 2139 478 2222 καὶκαταφάγεται
495 2169 535 2207 τα
522 2139 671 2224 ’θεμέλια
708 2139 818 2216 αὐτὸν,
831 2140 898 2208 ἀνθ’
927 2133 969 2206 ῶν
994 2140 1188 2208 ἀπέδοντο’
1162 2148 1315 2246 αργυρίου

65 2225 164 2333 αῦτής.
191 2224 300 2292 ταδε
312 2225 441 2303 λεγει
406 2251 516 2326 κυριος.
543 2228 592 2289 ἐπι
604 2236 671 2298 ταις
708 2225 837 2301 δίκαιον,
859 2227 1144 2307 καὶπένηταένεκεν
1136 2225 1313 2326 ὑποδημά-

64 2312 160 2392 τριοὶν
178 2307 330 2416 ἀσεβείαις
354 2312 406 2390 τής
419 2304 595 2408 Ιδουμαίας
621 2309 672 2372 καὶ
707 2332 778 2384 των,
804 2306 870 2372 7τα
882 2332 1040 2373 πατουντα
1049 2306 1165 2373 ἔπιτον
1176 2334 1247 2411 ηουν
1259 2333 1313 2393 της

64 2394 115 2457 ἐπὶ
138 2401 205 2464 ταῖς
219 2395 373 2496 τέρσαρσιν
393 2388 448 2454 οῦκ
467 2388 672 2494 ἀποστραφή-
706 2396 769 2491 γής,
781 2417 833 2456 και
825 2388 1064 2496 ’ἰκρνδῦλιζον’
1040 2417 1079 2466 εις
1086 2391 1217 2470 κεφαλας
1229 2416 1310 2457 πτω·

65 2470 299 2554 σομαιαῦτοῦς,
324 2478 409 2538 ἕνεκα
426 2497 480 2537 του
500 2473 603 2548 διῶξαι
616 2500 672 2539 αυ-
706 2479 781 2558 χῶν,
807 2501 859 2540 και
884 2472 955 2540 ὁδὸν
979 2479 1125 2540 ταπεινῶν
1151 2473 1313 2582 ἐξέκλιναν,

64 2556 137 2631 τοὺς
150 2559 181 2620 ἒν
194 2559 330 2658 ῥρμφαία
347 2554 401 2621 τὸν
419 2554 600 2636 ἀδελφόν’
564 2561 671 2631 αυτοῦ,
706 2560 758 2621 καὶ
771 2554 832 2633 υἱὸς
849 2584 901 2624 και
903 2555 1018 2660 πατήρ
1038 2556 1134 2623 αὐτοῦ
1151 2553 1311 2663 είςεπορεῦ-

64 2665 116 2742 και
139 2635 303 2724 ἐλυμήνατο
328 2641 440 2740 μητέρα
464 2641 516 2703 ἐπὶ
539 2643 608 2742 γής,
621 2640 672 2704 καί
707 2664 777 2704 οντο
790 2641 866 2726 πρὸς
878 2666 935 2744 την
936 2665 1037 2741 αυτην
1048 2639 1247 2724 παιδωκην,”
1229 2668 1312 2716 οπως

63 2719 196 2827 ήρπαρεν
210 2728 249 2796 εἰς
261 2718 425 2825 μαρτῦριρν
424 2728 602 2830 φρίκην
564 2720 671 2797 αὐτοῦ,
706 2722 896 2848 βιβηλῶσι“
863 2749 901 2788 το
918 2721 1021 2825 ὄνομα
1038 2728 1093 2789 τοῦ
1111 2729 1188 2789 θεοῦ
1201 2723 1312 2790 αῦτῶν

63 2831 116 2870 και
127 2830 164 2870 το
173 2831 291 2913 ορμημα
310 2803 406 2870 αῦτου
390 2804 615 2885 ἓφυλαξενεῑς
628 2817 672 2870 εἴ·
707 2807 792 2870 ε’καί
811 2804 851 2871 τὰ
874 2803 978 2888 ἶμάτια
1001 2807 1102 2873 αὐτῶν
1125 2804 1312 2893 δεσμεύοντες

63 2914 123 2962 κος.
150 2892 177 2930 ¹²
190 2887 449 2965 καὶὲξαποστελῶ
466 2893 528 2970 πῦρ
547 2893 586 2964 εἷς
607 2891 669 2954 Θοι-
706 2895 852 2997 ρχρινίοις,
883 2887 1144 2975 παραπετάσματα
1177 2896 1312 2968 ἐποίουν,

62 2967 130 3074 μάν,
144 2969 411 3071 καὶκαταφάγεται
420 2971 544 3072 θεμελια
556 2975 671 3056 τειχέων
707 2968 828 3056 ἐχόμενα
842 2998 896 3038 του
880 2977 1144 3080 θυσιαστηρίου,
1163 3001 1216 3039 και
1208 2973 1311 3040 οἶνον

64 3053 163 3161 αῦτής.
190 3055 218 3098 ¹¹
231 3051 301 3119 ταδε
313 3051 441 3132 λέγει
405 3080 517 3157 κρριος.
541 3057 593 3120 ἐπι
605 3066 671 3130 ταις
706 3059 737 3120 ἐκ
763 3059 969 3135 συκοφαντιῶν
994 3060 1097 3122 ἔπινον
1123 3059 1216 3122 ἐντῶ
1237 3058 1311 3160 οἴκῳ

63 3137 368 3225 τρισίνάσεβείαις’
336 3135 540 3243 υρῶνἈμμῶν
557 3142 607 3203 καί
620 3141 671 3203 ἐπὶ
707 3163 760 3202 του
748 3143 849 3204 θεοῦ
862 3136 970 3204 αῦτῶν.
1009 3137 1097 3219 9ίγῶ
1110 3139 1170 3206 δὲέ
1156 3124 1310 3246 ἐξήρα’
1259 3165 1311 3206 τον

64 3233 130 3295 ταῖς
146 3226 310 3327 τέσσαρσιν
327 3220 382 3287 οῦκ
400 3219 671 3380 ἀποστραφήσομαι
701 3220 906 3327 ᾉμορῥαῖρν
902 3226 935 3287 ἐκ
960 3221 1143 3328 προςῶπου
1148 3223 1249 3290 αῦτων
1271 3216 1310 3290 οῦ

65 3302 171 3381 αὐτὸν,
197 3297 310 3370 ἀνθ’
285 3331 328 3370 ων
341 3307 395 3369 ανε
455 3328 489 3369 ον
504 3330 559 3379 τας
571 3310 602 3370 ἐν
613 3331 669 3383 γα
706 3306 752 3389 ήν,
776 3303 971 3408 καθῶςῦφσς
987 3304 1143 3411 κέδρου“
1110 3304 1308 3389 τοῦψοςαῦ

64 3389 133 3469 στρὶ
146 3305 605 3492 ἐχοῦσαςτῶνΓοῦῦάζαδιτῶν,“
586 3387 670 3462 ὅπως
706 3393 771 3466 τοῦ,
795 3416 846 3454 και
858 3394 977 3488 ισχυρος
988 3415 1025 3471 ην
1037 3416 1078 3464 ως
1087 3389 1167 3471 δρας,
1179 3414 1230 3452 και
1223 3386 1310 3472 ἔξη-

63 3467 317 3616 ἐμπλατῦνωσιέ“
284 3498 323 3535 τα
342 3468 410 3555 ὅρια
424 3473 546 3535 ἑαυτῶν.
577 3471 606 3513 ¹⁴
619 3474 669 3535 καί
706 3496 783 3554 ρανα
806 3471 861 3536 τὸν
882 3467 1015 3573 καρπὸν
1022 3468 1117 3535 αῦτου
1106 3467 1309 3548 ἐπάνωθεν,

64 3545 186 3652 ἀνάφω
192 3556 253 3636 πῦρ
271 3555 321 3618 ἔπι
344 3560 422 3636 τείη
434 3551 592 3657 Ῥαββάθ,
619 3579 669 3618 και
705 3579 756 3617 και
780 3550 833 3627 τὰς
860 3555 946 3655 ρι’ζας
979 3551 1075 3619 αῦτοῦ
1099 3549 1308 3620 ῦπσκάτωθεν.

62 3631 269 3713 καταφάγεται
309 3581 435 3719 θεμέλια
466 3661 560 3719 αυτης
596 3633 669 3717 μετὰ
705 3638 733 3679 ¹⁰
748 3661 800 3700 και
793 3633 902 3713 ἐγω
885 3660 1038 3718 ανηγαγον
1048 3662 1143 3739 υμας
1137 3639 1220 3701 ἐκ
1181 3663 1234 3720 γης
1245 3641 1309 3702 Αι-

63 3743 193 3820 κραυγης
212 3716 352 3826 ἀνήμερα
369 3721 515 3805 πολέμου,
540 3746 592 3784 και
610 3746 670 3785 σει-
703 3712 836 3794 γῦπτου,
857 3744 909 3785 και
925 3721 1106 3820 περιήγαγον
1128 3717 1205 3802 ῦμῦς
1221 3725 1309 3785 ἐντ’
1270 3748 1307 3814 τη

63 3797 210 3884 σθήσεται
224 3805 255 3866 ἐν
253 3806 383 3905 ημέραις
391 3805 519 3870 συντελεί
507 3810 554 3879 ίας
566 3801 669 3908 αὐτῆς,
705 3798 754 3865 ἐ’
739 3830 804 3886 ημιρ
816 3799 1051 3905 τεοσαράκρντα
1052 3806 1118 3887 ἔτη,
1143 3808 1200 3868 τοῦ
1213 3830 1308 3870 κατα-

64 3884 90 3926 ¹⁶
105 3887 156 3949 καί
168 3882 366 3971 πορεύσονται
386 3913 415 3952 οι
408 3886 613 3996 βασιλεῖς
576 3893 670 3972 αυτής
741 3890 923 4011 ηρονομήσαι
940 3883 995 3971 τήν
1012 3892 1068 3972 γήν
1080 3884 1308 3996 τῶνΛμοβραί-

63 3969 94 4030 ἓν
70 3969 355 4074 αιχμαλωσίη,
323 3996 355 4035 οι
367 3973 450 4054 ιερεῖς
463 3970 565 4037 αὐτῶν
578 3975 628 4037 καὶ
640 3978 670 4036 οἱ
705 3995 754 4035 ων.
779 3973 868 4034 11και
861 3969 1004 4079 ’ἔλαβον
1013 3976 1046 4036 ἐκ
1065 3975 1127 4035 τῶν
1140 3975 1212 4036 υῖων
1223 3998 1309 4057 αμων

63 4047 201 4135 ἄρχοντες
219 4051 507 4131 αῦτῶνέπιτοαυτὸ,
521 4053 650 4133 λέγει
616 4084 668 4122 κυ-
704 4059 742 4130 εἰς
754 4052 930 4155 προφήτας,
954 4080 1006 4118 και
998 4054 1054 4119 ’ἐκ
1070 4058 1132 4120 τῶν
1151 4063 1308 4122 νεανίσκων

61 4159 132 4220 ριος
704 4163 787 4219 υμοιν
799 4133 868 4212 είς
852 4133 1006 4239 αγιασμόν.
1032 4137 1071 4221 μή
1085 4165 1142 4204 ουκ
1153 4165 1218 4205 εστι
1230 4166 1307 4204 ταυ

104 4268 132 4322 η
252 4226 375 4286 ΚΕΦ.
418 4215 476 4285 Β’.
702 4246 742 4286 τα
753 4225 814 4286 υωι
806 4219 963 4326 ’Ἰσραήλη
989 4218 1113 4300 λέγει’
1077 4248 1186 4308 κυριος.
1217 4227 1245 4267 ¹²
1256 4250 1308 4289 και

112 4297 165 4367 ἀδε
189 4301 322 4379 λέγει’
287 4331 395 4412 κυριος.
433 4305 483 4369 ἐπι
494 4314 561 4378 ταῖς
567 4309 668 4410 τρισὶν
702 4307 847 4381 ἰποτιξετε
859 4309 931 4381 τοὺς
944 4303 1133 4390 ήγιασμενους
1147 4304 1242 4383 οἶνον,
1254 4308 1307 4371 καί

58 4381 203 4488 ἀσεβείαις
212 4385 322 4472 Μωάβ
333 4415 385 4454 και
377 4389 452 4454 ἐπι
461 4398 528 4462 ταις
539 4390 666 4491 τέσσαρ-
701 4398 764 4463 τοις
780 4385 946 4494 προφήταις
964 4390 1149 4457 ένιτέλλεοθε
1166 4387 1306 4468 λέγοντες,

57 4491 104 4531 σιν
119 4466 173 4529 οῦκ
182 4466 462 4574 ἀποστραφήσομαι
476 4468 578 4547 αῦτδν,
594 4467 662 4536 ἀνθ’
702 4468 739 4536 οῦ
755 4472 800 4575 μή
823 4471 1080 4575 προφητεῦσητε.
1095 4470 1193 4536 13διδι
1215 4476 1307 4536 τοῦτο

57 4542 100 4616 ῶν
114 4552 303 4616 κατικαυσαν
314 4578 354 4619 τα
367 4577 443 4620 οστα
429 4552 665 4640 βασιλεωςτης
701 4553 800 4622 tamn
785 4559 844 4633 ἐγω
832 4552 996 4621 κυλίω’
982 4551 1126 4622 υποκάτω
1150 4551 1246 4637 υμῶν,
1273 4549 1307 4621 ὃν

1233 4633 1302 4717 ταῦ·
