2924 4972
171 194 235 258 σω
422 189 709 254 mmmm
754 189 910 249 Τνιτιι
948 182 1159 268 mm.

169 320 347 399 Σαμαρείας.
379 314 430 375 καί
446 307 553 384 πάντες
570 317 601 375 οἱ
618 314 771 396 προφῆται
804 313 839 374 τό
851 306 947 393 στόμα
965 305 1089 373 πάντων
1103 311 1163 371 τῶν
1175 312 1342 392 προφητῶν
1355 304 1414 370 αύ·

168 394 371 482 ἐπροφήτευον
395 391 520 458 ἐνώπιον
544 392 652 457 αὐτῶν.
685 398 773 458 11καὶ
804 398 869 456 τοῦ.
896 396 946 456 καί
959 391 1044 456 εἶπεν.
1068 384 1239 472 ἆπατήοεις,
1253 396 1305 453 καί
1316 415 1349 465 γε
1363 391 1416 453 δυ-

168 486 304 562 έποίησεν
322 481 420 559 ἑαυτῷ
432 477 572 550 Σεδεκίας
587 474 650 551 υίὸς
664 483 772 540 Χανα·
804 472 888 558 νήση.
933 476 1035 551 ἐξελθε
1065 475 1116 536 καί
1148 478 1273 554 ποίησον
1305 469 1415 548 οὕτως.

168 565 205 628 ἀν
218 566 328 646 κέρατα
342 561 457 644 σιδηρᾶ,
475 561 526 622 καὶ
544 559 614 623 εἷπε.
640 557 710 623 τάδε
722 559 772 622 λε’·
804 559 832 598 23
844 548 895 621 κἀὶ
911 562 964 622 νῦν
984 553 1048 620 ἰδού
1071 555 1160 619 ἔδωκε
1176 551 1276 640 κύριος
1295 560 1414 638 πνεῦμα

167 671 211 725 γει
233 644 339 730 κύριος.
366 647 398 706 ἐν
421 638 540 716 τούτοις
563 652 701 723 κερατιεῖς
719 638 772 725 τήν
806 640 910 724 ψευδὲς
923 644 954 704 ἐν
973 636 1100 721 στόματι
1120 640 1238 706 πάντων
1256 643 1317 701 των
1330 666 1354 701 π
1395 681 1413 691 -

167 734 282 812 Συρίαν
302 730 358 800 ἕως
376 725 563 806 συντελεσδή.
590 727 616 766 ¹²
630 728 682 789 καί
693 719 771 789 ποίν-
803 728 906 806 φητών
920 749 973 788 σου
986 719 1112 795 τούτων,
1126 723 1177 785 καὶ
1190 726 1290 805 κύριος
1304 666 1413 805 ἐλέλη-

166 837 212 885 τες
224 814 256 873 οῖ
275 812 429 893 προφῆται
445 797 646 909 ἐπροφήτευον
666 803 771 881 ούτως,
803 830 850 869 σεν
862 807 913 869 ἐπὶ
926 805 957 871 σὲ
969 800 1057 868 κακά.
1083 803 1114 845 ²⁴
1128 806 1179 867 καί
1190 805 1341 888 προςήλθε
1353 813 1412 868 Σε-

169 895 305 970 λίγοντες.
331 888 468 975 ἀνάβαινε
493 895 532 964 εἷς
560 887 686 972 Ρεμμύθ
704 894 772 953 Γα-
803 889 899 962 δεκίας
912 887 975 963 υίὸς
989 886 1127 962 Χαναὰν,
1152 890 1203 952 καὶ
1216 884 1411 964 ἐπείταξετὸν

167 973 263 1050 λαὰδ,
276 975 328 1038 καὶ
345 968 483 1038 εύοδούσει
500 973 551 1036 καὶ
568 970 654 1037 δώσει
672 969 772 1058 κύριος
803 977 941 1054 Μιχαίαν
963 972 1015 1035 ἐπὶ
1035 969 1089 1053 τήν
1112 966 1246 1047 σιαγόνα,
1265 974 1316 1035 καὶ
1337 969 1409 1035 εἶπε.

167 1051 382 1142 εἲςχεῖρύςσου
398 1053 517 1121 καὶτὸν
533 1056 659 1141 βασιλέα
676 1060 772 1140 Συρί-
802 1066 892 1118 ποῖον
908 1057 1022 1135 πνεῦμα
1046 1059 1148 1137 κυρίου
1168 1052 1204 1119 τὸ
1226 1053 1361 1135 λαλήσαν
1379 1058 1409 1117 ἐν

167 1168 210 1215 ας.
236 1142 263 1181 ¹³
275 1135 356 1203 καὶὸ
375 1134 529 1217 ύγγελοςὸ
548 1140 705 1224 πορευθεὶς
716 1164 772 1202 κα-
804 1143 871 1213 σοίς
897 1137 927 1180 ²⁵
940 1139 991 1200 καὶ
1003 1135 1065 1201 εἶπε
1078 1143 1220 1221 Μιχαίας.
1244 1134 1309 1200 ἰδού
1322 1136 1358 1200 σύ
1374 1134 1410 1200 ό-

165 1225 252 1289 λέσαι
276 1219 329 1286 τὸν
353 1227 491 1306 Μιχαίαν
525 1216 663 1305 ἐλάλησεν
688 1219 773 1302 αύτῷ
805 1238 849 1308 φη
876 1224 913 1313 τῇ
938 1217 1033 1304 ἡμέρη
1051 1222 1155 1313 ἐκείνη,
1180 1215 1254 1284 ὅταν
1278 1219 1409 1311 εῑςελθης

166 1307 269 1383 λέγων.
310 1302 376 1370 ἲδού
402 1301 437 1387 δή
462 1303 588 1368 λαλοῦσι
611 1304 719 1379 πάντες
742 1307 772 1367 οἱ
804 1314 922 1384 ταμεῖον
939 1306 995 1367 τοῦ
1013 1309 1132 1385 ταμείου
1150 1306 1206 1367 τού
1223 1305 1365 1407 κρυβῆναι
1378 1305 1409 1365 ε’-

164 1391 322 1475 προφήται
344 1389 375 1451 ἐν
398 1384 524 1470 στόματι
542 1389 584 1452 ἑνί
607 1387 686 1451 καλὰ
704 1386 772 1490 περὶ
804 1395 854 1448 κεῖ.
879 1387 910 1429 26
923 1387 974 1449 καί
998 1384 1076 1450 εἶπεν
1098 1384 1265 1472 ὁβασιλεύς
1286 1381 1407 1471 [οραήλ.

164 1479 220 1537 τοῦ
232 1469 387 1556 βασιλέως,
398 1474 483 1545 γίνου
496 1468 532 1550 δή
543 1471 594 1534 καὶ
603 1467 642 1535 σύ
650 1474 690 1544 είς
702 1495 771 1544 τους
804 1463 906 1554 λάβετε
918 1465 971 1547 τὸν
983 1475 1129 1553 Μιχαίαν,
1143 1471 1194 1534 καὶ
1207 1467 1407 1555 ἀποστρέψα-

165 1549 275 1629 λόγους
301 1575 356 1615 σου
381 1548 461 1615 κατὰ
484 1549 555 1625 τούς
578 1547 684 1629 λόγους
708 1552 771 1626 ἑνὸς
804 1575 834 1614 τε
847 1549 941 1616 αὐτόν
953 1551 1030 1638 πρὸς
1041 1552 1140 1655 Σεμήρ
1153 1551 1207 1617 τὸν
1218 1551 1343 1639 βασιλέα
1356 1555 1407 1633 τῆς

164 1630 293 1709 τούτων,
306 1633 358 1698 καί
369 1628 499 1716 λόλησον
512 1629 599 1698 καλό.
624 1633 654 1676 ¹⁴
666 1637 717 1699 καὶ
729 1633 770 1699 ελ·
802 1630 928 1710 πόλεως.
954 1638 1006 1698 καὶ
1022 1640 1065 1718 τῷ
1088 1634 1168 1708 Ιωὰς
1186 1638 1243 1718 υίῴ
1255 1641 1308 1698 τού
1319 1639 1407 1722 βασι-

164 1744 203 1784 πε
214 1722 360 1802 Μιχαίας.
385 1718 422 1810 ζῇ
431 1715 530 1799 κύριος
542 1713 590 1783 ὅτι
602 1713 625 1782 ἃ
636 1716 689 1784 έᾶν
702 1719 770 1805 εἴπη
802 1715 878 1792 λέως
902 1719 930 1761 27
944 1715 1027 1782 εἷπον
1043 1720 1157 1783 θέσθαι
1174 1723 1284 1782 τοῦτον
1300 1723 1332 1782 ἓν
1349 1743 1408 1798 φυ-

165 1796 265 1886 κύριος
276 1799 353 1885 πρὸς
364 1797 409 1878 μὲ,
421 1804 520 1863 ταῦτα
531 1796 661 1884 λαλήσω.
687 1805 714 1844 ¹⁵
721 1806 770 1867 καὶ
803 1799 889 1894 λακῇ,
902 1802 954 1870 καὶ
967 1803 1076 1866 ἐσθίειν
1088 1798 1180 1865 αύτόν
1192 1799 1283 1886 ἄρτον
1294 1800 1407 1881 θλίψε-

163 1884 239 1968 ήλθε
251 1882 326 1966 πρὸς
339 1881 536 1966 τὸνβασιλέα.
561 1886 613 1948 καί
624 1883 702 1948 εἶπεν
715 1881 770 1947 αύ-
803 1908 843 1958 ως
860 1885 912 1947 καὶ
930 1879 992 1947 ύδω
1032 1884 1168 1967 θλίψεως
1190 1889 1243 1957 ἕως
1266 1887 1323 1946 τοῦ
1341 1886 1409 1945 ἐπι-

164 1970 209 2048 τῷ
223 1962 241 2029 ὃ
254 1961 397 2049 βασιλεύς.
423 1971 554 2049 Μιχαία,
578 1971 604 2031 εἰ
616 1963 720 2053 ἄναβῶ
731 1971 769 2041 εἰς
802 1968 932 2051 στρέψαι
944 1993 979 2071 με
992 1993 1023 2032 εν
1036 1964 1139 2053 εἰρήνη.
1166 1966 1253 2030 22καέ
1266 1964 1327 2030 εἶπε
1339 1971 1408 2028 Μι·

161 2046 297 2131 Ῥεμμὰθ
309 2046 441 2112 Γαλαὰδ
451 2054 489 2122 εἰς
502 2043 647 2132 πόλεμον,
674 2049 692 2152 ή
706 2053 769 2114 ἐπι·
800 2056 894 2132 χαίας.
921 2055 972 2115 ἒαν
986 2039 1169 2135 ἐπιστρέφων
1183 2052 1302 2134 ἐπιστρέ
1305 2068 1363 2136 φης
1376 2053 1410 2113 ἐν

166 2137 242 2216 σχῶ,
268 2132 319 2195 καὶ
333 2129 419 2195 εἶπεν.
432 2129 581 2218 ἀνάβαινε,
594 2134 645 2196 καί
657 2129 768 2197 ευοδώ-
802 2128 908 2216 εἰρήνη,
934 2131 971 2197 σύ
993 2132 1131 2216 λελύληκε
1157 2128 1255 2219 κύριος
1277 2135 1308 2196 ἐν
1332 2138 1405 2214 ἐμοί.

167 2241 210 2280 σει
235 2209 333 2297 κύριος
363 2217 403 2287 εἰς
426 2225 508 2299 χεῖρα
538 2220 593 2280 τού
603 2262 606 2267 ·
609 2216 767 2318 βασιλέως.
801 2203 888 2280 22καί
898 2216 988 2302 ἀνέβη
1001 2213 1265 2317 βασιλεύςἸσραήλ
1278 2217 1329 2279 καὶ
1339 2214 1407 2277 Ἰω-

160 2299 193 2374 ,22
205 2301 256 2362 καὶ
269 2296 346 2361 εἶπεν
359 2295 442 2380 αὐτῷ
463 2298 480 2361 ὃ
496 2299 641 2383 βασιλευς.
666 2298 767 2364 ποσοί-
801 2299 905 2379 ααφὰτ
918 2296 1054 2384 βασιλεύς
1068 2295 1172 2364 Ἰούδα
1184 2324 1236 2381 μετ
1258 2297 1354 2363 αὐτοῦ
1367 2303 1407 2372 εἰς

163 2406 207 2455 κις
219 2380 278 2457 ἐγὼ
291 2375 450 2472 ὃρκίζωκσε,
462 2379 545 2456 ὅπως
553 2378 681 2475 λαλήσης
692 2381 768 2468 πρὸς
796 2379 930 2466 Ῥεμμύθ
941 2379 1078 2447 Γαλαόδ.
1097 2383 1185 2446 3οκαὶ
1197 2381 1257 2447 εἷπε
1268 2379 1407 2467 βασιλεύς

162 2462 198 2545 μὲ
212 2461 360 2547 ἀλήθειαν
373 2467 404 2530 ἐν
417 2461 541 2550 ὀνόματι
553 2473 671 2552 κυρίους
685 2468 768 2531 27καὶ
797 2462 920 2550 Ἰσραήλ
932 2465 1008 2552 πρὸς
1024 2463 1179 2547 Ἰωσαφὰτ
1191 2468 1316 2551 βασιλέα
1325 2458 1407 2528 Ἰού-

163 2545 233 2612 εἶπε.
261 2543 438 2694 ούχούτως.
464 2544 582 2634 ἑώρακα
600 2546 702 2614 πάντα
714 2546 767 2614 τὸν
800 2548 847 2612 δα.
887 2544 1113 2632 συγκαλύφομαι
1138 2550 1189 2612 καὶ
1214 2544 1406 2650 είςελεύσομαι

158 2627 281 2716 Ἰσραήλ
322 2636 512 2738 ιεσπαρμένον
535 2635 566 2696 ἐν
587 2643 651 2707 τοῖς
674 2632 767 2719 ὄρεσιν
800 2636 839 2704 εἰς
854 2629 907 2696 τὸν
922 2630 1066 2715 πόλεμον,
1092 2632 1196 2696 καὶσὺ
1215 2634 1330 2697 ένδυσαι
1349 2656 1405 2695 τον

163 2711 203 2786 ὡς
216 2718 368 2814 ποήινιον,
393 2739 419 2794 ῳ
434 2714 488 2778 οὔκ
501 2718 562 2779 ἐστι
574 2710 690 2798 ποιμήν.
716 2718 767 2779 καὶ
800 2715 958 2799 ἱματισμόν
970 2741 1035 2797 μου.
1049 2719 1101 2781 καὶ
1113 2711 1336 2799 συνεκαλύφατο
1348 2718 1406 2799 βα-

162 2794 223 2858 εἶπε
236 2819 345 2878 κυριος.
371 2795 409 2858 ού
427 2792 528 2879 κύριος
546 2791 665 2870 τούτοις
677 2794 765 2874 θεόςς
799 2795 893 2871 σιλεύς
910 2796 1043 2879 Ἰσραήλ,
1069 2801 1119 2864 καὶ
1141 2797 1270 2881 είςήλίίεν
1290 2804 1329 2873 είς
1351 2796 1405 2862 τὸν

161 2881 286 2950 ἕκαστος
299 2880 338 2950 είς
349 2874 403 2940 τὸν
420 2876 504 2942 οἷκον
517 2875 612 2943 αὐτοῦ
626 2880 656 2941 ἕν
667 2876 765 2973 εἰρήνη
798 2875 934 2962 πόλεμον.
961 2882 988 2922 ³¹
1002 2883 1052 2945 καὶ
1070 2880 1205 2969 βασιλεύς
1221 2889 1332 2964 Συρίας
1345 2885 1405 2944 ἐνε-

160 2959 380 3104 ἆναστρεφέτω.
419 2961 518 3024 18καὶ
543 2960 605 3026 εἶπε
624 2963 765 3110 βασιλεὺς
798 2963 914 3029 τείλατο
922 2974 984 3040 τοῖς
995 2964 1119 3050 ἄρχουσι
1129 2970 1190 3028 τῶν
1200 2963 1341 3050 ἁρμάτων
1351 2964 1405 3028 αύ-

156 3039 267 3142 Ἰσραή)
292 3040 369 3186 πρὸς
380 3039 537 3123 Ἰωσαφὰτ
548 3048 622 3142 βασι
643 3042 766 3111 έαἸού-
797 3051 852 3110 τού
877 3043 1039 3130 τριάκοντα
1065 3051 1116 3113 καὶ
1133 3051 1206 3125 δυσὶ,
1232 3051 1335 3128 λέγων.
1361 3045 1403 3130 μή

159 3124 206 3187 δα.
233 3147 372 3187 ουκεπα
383 3123 460 3208 πρὸς
475 3122 517 3199 σὲ,
535 3124 765 3213 ὁτιούπροφη·
797 3127 947 3212 πολεμεῖτε
969 3131 1071 3216 μικρὸν
1091 3135 1142 3196 καὶ
1163 3136 1267 3215 μέγαν,
1293 3129 1356 3196 ἀλλ’
1384 3131 1402 3213 ή

157 3204 231 3305 τεβει
245 3199 335 3280 οὗτός
346 3232 395 3287 μοι
408 3206 495 3284 καλύι,
508 3203 584 3273 διότι
598 3206 660 3274 ἀλλ’
678 3211 696 3317 v}
710 3239 764 3276 κα-
797 3208 849 3276 τὸν
860 3214 986 3298 βασιλέα
992 3212 1116 3297 Ἰσραήλ
1125 3211 1308 3296 μονώτατον.
1322 3217 1404 3277 32καὶ

158 3316 197 3352 κα
202 3317 214 3365 ,·
240 3291 332 3392 221καί
346 3289 408 3356 εἶπε
420 3297 564 3377 Μιχαίας.
591 3291 646 3380 ούχ
658 3293 762 3372 ούτως.
797 3298 907 3373 ἐγένετο
921 3296 961 3373 ὡς
974 3296 1051 3363 εἶδον
1071 3302 1101 3364 ολ
1121 3299 1256 3382 ἄρχοντες
1274 3303 1333 3363 τῶν
1346 3295 1403 3381 ἆρ-

158 3372 213 3437 ούκ
228 3377 294 3450 ἐγω.
322 3373 411 3440 δι’κουε
423 3378 502 3482 ῥήμα
514 3382 627 3461 κυρίου.
642 3378 696 3482 οὐχ
711 3378 763 3446 ού·
795 3376 898 3462 μάτων
911 3381 963 3448 τὸν
976 3381 1131 3464 Ἰωσαφὰτ
1144 3380 1271 3469 βασιλέα
1287 3376 1401 3452 Ἰούδα,

157 3482 225 3533 τως.
252 3457 330 3524 εἶδον
355 3458 426 3524 θεὸν
457 3462 573 3546 Ισραήλ
596 3473 764 3549 καθήμενον
796 3466 848 3529 καί
873 3463 962 3531 αύτοὶ
988 3464 1081 3533 εἶπαν.
1108 3473 1244 3547 φαίνεται
1269 3460 1402 3553 βασιλεὺς

157 3543 206 3605 ἐπὶ
219 3537 337 3627 θρόνου
350 3542 456 3621 αὐτοῦ,
475 3547 526 3610 καὶ
538 3550 624 3611 πᾶσα
637 3542 655 3652 ή
670 3572 763 3632 στρα-
793 3546 837 3612 'Io
857 3547 915 3633 αήλ
929 3544 1034 3626 οὗτος,
1061 3553 1111 3613 καὶ
1129 3546 1296 3614 ἐκύκλωσαν
1308 3542 1402 3608 αὐτὸν

157 3620 207 3685 τιὰ
225 3629 279 3687 τοῦ
298 3622 428 3729 ούρανοῦ
445 3625 567 3711 είστήκει
583 3652 652 3713 περι
670 3627 763 3696 αὐτὸν
794 3574 966 3717 πολεμῆσαι.
992 3637 1044 3699 καὶ
1065 3628 1220 3714 ἀνέκραξεν
1233 3617 1398 3700 Ἰωσαφάτ.

157 3706 189 3766 ἐκ
203 3706 301 3778 δεξιῶν
315 3714 411 3772 αυτοῦ
425 3711 476 3773 καὶ
493 3713 523 3786 ἐξ
536 3709 693 3814 εὐωνύμων
706 3713 762 3779 αύ-
795 3715 824 3755 ³³
837 3717 888 3779 καὶ
914 3711 1027 3792 ἐγένετο
1054 3712 1095 3789 ὥς
1112 3713 1190 3778 εἶδον
1207 3714 1239 3774 σῖ
1263 3705 1399 3788 ἄρχοντές

158 3790 229 3884 τού,
250 3788 281 3828 ²⁰
294 3791 343 3851 καί
357 3789 419 3855 εἶπε
431 3787 468 3854 κύ
488 3818 539 3867 ιος.
558 3800 603 3869 τίς
615 3793 761 3881 απατήσει
795 3802 855 3861 τῶν
877 3794 1018 3879 ἁρμάτων
1039 3793 1085 3862 ὅτι
1108 3794 1163 3860 ούκ
1184 3795 1244 3856 ἔστι
1265 3784 1399 3874 βασιλεὺς

159 3865 333 3968 τδνΛχαὰβ
342 3873 466 3959 βασιλέα
483 3872 610 3960 Ισραήλ,
623 3879 761 3943 καὶᾶνα-
792 3876 915 3959 Ἰσραήλ
941 3872 1038 3952 οὗτος,
1064 3879 1116 3942 καὶ
1138 3875 1322 3958 ἀνέστρεψαν
1344 3868 1394 3932 ἀπ’

156 3952 289 4094 βήσεται,
303 3959 353 4018 καὶ
365 3967 496 4019 πεσεῖται
510 3956 683 4038 ἐνῬεμμὰθ
694 3964 761 4020 Γα-
794 3954 900 4021 αὐτοῦ.
926 3958 957 4000 ³⁴
972 3962 1023 4022 καί
1041 3961 1180 4022 ἐπέτεινεν
1202 3955 1239 4029 εἷς
1255 3952 1292 4018 τὸ
1313 3948 1398 4027 τόξον

176 4032 259 4131 ααδ,·ί
270 4034 322 4096 καλ
334 4035 411 4102 εἶπεν
424 4031 513 4112 ούτος
526 4035 630 4111 οὕτως,
644 4040 696 4101 καὶ
707 4030 761 4102 ού·
794 4034 948 4142 εὐστόχως,
972 4043 1023 4105 καί
1044 4034 1174 4113 ἐπάταξε
1194 4036 1247 4103 τὸν
1272 4031 1399 4123 βασιλέα

157 4139 207 4189 τος
221 4112 326 4215 οὕτως.
365 4121 392 4160 ²¹
405 4121 456 4184 καί
469 4120 574 4203 ἐξῆλθε
585 4123 697 4201 πνεῦμα
710 4125 760 4187 καί
790 4119 913 4205 Ἰσραήλ
930 4119 1080 4204 ἆναμέσον
1096 4125 1153 4185 τοῦ
1169 4118 1329 4203 πνεύμονος
1347 4122 1398 4184 καί

156 4200 227 4279 ἔστη
244 4196 371 4297 ξνωπιον
388 4207 507 4286 κυρίου,
525 4203 576 4266 καί
588 4199 673 4266 εἶπεν.
700 4206 759 4283 ἐγὼ
794 4202 942 4306 ἆναμέσον
959 4210 1015 4270 τοῦ
1029 4201 1179 4287 θώρακος.
1206 4209 1256 4271 καί
1274 4204 1333 4270 εἷπε
1353 4207 1398 4283 τῷ

157 4278 305 4382 ἀπατήσω
318 4278 419 4346 αὐτόν.
446 4285 533 4346 22καέ
545 4281 606 4347 εδιτε
617 4281 695 4370 πρὸς
704 4287 760 4354 αύ-
793 4285 900 4372 ἣνιοχῳ
914 4287 1018 4354 αύτοῦ.
1037 4292 1221 4372 ἐπίστρεφον
1234 4286 1287 4363 τὰς
1298 4283 1398 4372 χεῖρές

154 4385 209 4427 τον
220 4388 328 4449 κυριος.
352 4368 383 4431 έν
394 4370 467 4443 τίεις
479 4368 530 4430 καὶ
543 4363 628 4431 εἶπεν.
651 4368 760 4446 ἕξελεύ-
793 4397 847 4436 σου
860 4373 912 4436 καὶ
929 4368 1054 4450 ἐξύγαγέ
1073 4398 1108 4456 με
1126 4376 1159 4436 ἐκ
1177 4378 1235 4437 τοῦ
1252 4365 1398 4454 πολέμου,

155 4470 257 4527 σομαι,
283 4449 333 4514 καί
350 4451 452 4537 ἔσομαι
471 4455 583 4536 πνεῦμα
599 4453 703 4538 ψευδὲς
720 4460 759 4532 εἰς
791 4451 839 4521 ὅτι
850 4449 1009 4544 τέτρωμαι.
1032 4458 1061 4501 ³⁵
1068 4457 1119 4522 καὶ
1131 4453 1294 4544 ἐτροπώθη
1308 4449 1331 4600 ἶχ
1340 4448 1400 4518 πό-

1333 4561 1400 4614 εμος
