2924 4972
110 227 152 290 ιε
468 223 736 287 ΓΕΝΕΣΙΣ
774 213 985 302 mmm.

108 338 159 403 καί
171 317 459 420 άνεμόσθυρῦι-έπτά
473 340 524 419 ἔτη
537 338 607 400 ἐστί
631 338 713 400 έσυν-
745 359 828 420 τερον
839 338 900 398 τῶν
912 332 1012 398 αῦτσῦ.
1032 333 1084 398 καί
1095 328 1228 418 ἐκήρυξεν
1238 336 1347 420 ἔμπρο-

108 446 158 485 ται
171 416 247 485 ἑπτά
268 423 318 502 ε”τη
334 418 427 500 λιμοῦ.
467 420 499 460 ²⁸
512 413 548 482 τό
560 416 591 482 δέ
603 421 681 503 ῥῆμα
694 413 714 481 δ
746 428 818 482 σθεν
830 415 924 481 αὐτοῦ
936 412 1032 499 νήρυξ.
1048 417 1099 480 καί
1109 420 1281 541 κατέστησεν
1293 414 1350 481 αῦ-

108 505 209 589 εἴρηκα
221 506 347 587 Φαραῴ,
359 497 416 564 ὅσα
428 495 446 564 ὁ
456 498 526 575 θεός
534 512 621 575 ποιεί,
631 502 713 577 ε’δειξε
744 496 796 564 τόν
808 496 852 581 ἐφ’
868 495 937 583 ῦλης
948 504 1001 582 γῆς
1013 494 1180 576 Αίγάπτου.
1204 499 1220 541 ⁴
1243 499 1305 565 εἷπε
1318 498 1350 563 δὲ

108 593 152 670 τῷ
169 590 292 670 Φαραῷ.
327 585 358 625 ²⁰
372 579 436 647 ἰδοῦ
449 582 526 648 ἑπτά
538 585 590 666 ἐτη
602 585 712 684 ἔρχεται
748 581 864 669 Φαραώ
876 588 919 664 τῷ
929 576 1049 685 Ἰωσήφ.
1062 577 1121 658 ἐγώ
1137 578 1262 667 Φαραώ.
1282 581 1349 647 άνευ

108 668 229 752 εῦθηνία
240 662 335 748 πολλή
354 667 384 729 ἐν
399 659 481 758 πάση
491 668 532 758 γῇ
542 666 711 742 Αἰγυπτου.
745 669 801 730 σοῦ
812 662 866 729 οῦν
877 667 972 750 ἐξαρεῐ
985 665 1085 738 συθείς
1097 662 1150 747 τήν
1160 677 1242 749 χεῖρα
1255 663 1350 729 αὐτοῦ

107 755 138 796 ³⁰
151 751 208 832 ἥξει
221 750 252 813 δὲ
265 744 343 813 ἑπτά
360 749 412 832 ἔτη
424 747 508 831 λιμοῦ
520 747 593 830 μετά
605 753 711 812 ταῦτα.
744 749 793 812 ἐπί
805 743 901 831 πάσης
916 752 970 832 γῆς
981 743 1149 824 Αίγόπτου.
1172 748 1203 791 ⁴⁶
1217 748 1268 811 καί
1280 740 1349 811 ἐιιά-

106 835 158 898 ιιαί
183 827 370 916 ἐπιλήσονται
399 833 452 913 τῆς
475 829 639 914 πλησμονῆς
660 835 713 913 τῆς
744 830 804 895 λεσε
820 829 937 934 Φαραώ
949 829 985 894 τὸ
1006 829 1100 911 ὄνομα
1112 826 1238 913 Ἰωσήφ,
1268 839 1350 894 Ψον-

107 918 241 998 ἐσομένης
259 918 291 978 ἐν
307 910 363 1018 δ’λχ
379 908 536 995 Αίγάπτῳ.
562 914 614 976 καί
638 911 712 976 άνα-
743 924 909 998 θομφανηχ.
930 914 982 977 καί
992 912 1097 977 ἐδωτιεν
1108 910 1192 994 αῦτῷ
1203 909 1256 1015 τήν
1268 910 1349 977 'Am-

107 994 192 1064 λώσει
205 996 223 1063 ὅ
236 993 318 1078 λιμός
330 1021 383 1079 την
393 1001 456 1080 γῆν.
481 996 569 1059 31ιιαί
580 992 634 1059 οῦκ
647 998 712 1059 ἐπι·
744 995 798 1060 νέθ
807 999 961 1082 θυγατέρα
972 999 1108 1082 Πετεηρή
1119 998 1217 1080 ἱερέως
1233 995 1349 1059 Ηλιου-

105 1080 305 1164 γνωσθήσεται
329 1076 347 1163 ή
375 1077 498 1161 εῦθηνία
522 1078 573 1142 ἐπί
589 1082 641 1184 τής
658 1083 712 1161 γῆς
743 1074 857 1153 πόλεως
872 1077 956 1162 αὐτῷ
974 1083 1013 1153 είς
1022 1088 1155 1157 γυναῖκα.
1193 1077 1226 1120 ⁴⁰
1237 1074 1349 1160 Ἰωσήφ

106 1162 169 1228 άπὸ
183 1168 237 1228 τοῦ
250 1163 335 1244 λιμοῦ
345 1166 400 1226 τοῦ
411 1164 547 1244 ἐσομένου
554 1186 627 1243 μετα
637 1165 712 1224 ταῦ·
743 1162 775 1227 δὲ
788 1149 823 1245 ήν
835 1165 908 1225 ἐτιῦν
919 1157 1092 1247 τριάκοντα,
1118 1157 1168 1224 ὅτε
1185 1162 1255 1243 ἐστη
1266 1163 1348 1223 ε’ναν-

105 1273 152 1312 τα.
167 1240 283 1331 ἰσχυρός
294 1240 352 1331 γάρ
364 1247 447 1311 ἔσται
462 1241 585 1329 σφόδρα.
608 1245 638 1285 ³²
644 1245 711 1328 περὶ
743 1252 807 1310 τίον
822 1243 939 1328 Φαραώ
955 1243 1098 1331 βασιλέως
1108 1237 1276 1320 Αλγόπτου.
1302 1245 1348 1318 ἐξ-

104 1328 204 1395 δὲτοῦ
217 1330 388 1413 δευτερῶσαι
401 1323 438 1391 τὸ
450 1322 583 1392 ἐνάιτνιον
594 1326 710 1411 Φαραώ
742 1329 816 1413 ήλθε
835 1326 866 1392 δὲ
889 1324 999 1410 Ἰωσήφ
1019 1325 1082 1392 άπὸ
1100 1321 1260 1411 προςώπσυ
1280 1330 1349 1388 Φα-

104 1415 158 1485 δὶς,
171 1409 218 1475 ὅτι
231 1408 342 1492 ἀληθὲς
354 1412 438 1474 ἔσται
447 1404 483 1470 τὸ
492 1411 571 1508 ῥήμα
581 1404 617 1470 τό
626 1404 711 1492 παρά
742 1407 817 1532 ραώ,
830 1411 880 1473 καί
893 1410 995 1490 διῆλθε
1005 1414 1106 1473 πᾶσαν
1117 1413 1171 1493 γῆν
1179 1403 1347 1486 Αίγῦπτου.

104 1496 159 1557 τοῦ
184 1494 266 1555 θεοῦ.
303 1493 354 1552 καί
378 1499 495 1571 ταχυνεί
516 1512 535 1551 ο
560 1484 630 1561 θεὸς
655 1491 710 1551 τοῦ
761 1491 831 1552 7ιιαί
844 1492 977 1570 ἐποίησεν
989 1487 1007 1571 ή
1019 1496 1058 1572 γη
1070 1495 1101 1554 ἐν
1112 1505 1175 1566 τοῖς
1187 1487 1264 1555 έπτά
1276 1493 1349 1555 ἔτεσι

104 1578 225 1657 ποιῆσαι
237 1566 322 1636 αῦτό.
360 1571 389 1612 ³³
401 1576 454 1634 νῦν
470 1557 523 1634 οῦν
535 1573 644 1652 σκέψαι
657 1566 711 1632 άν-
742 1575 794 1655 τῆς
818 1567 955 1654 εῦθηνίας
979 1568 1141 1672 δράγματα.
1167 1574 1201 1615 ⁴⁸
1214 1575 1263 1637 καί
1283 1598 1349 1637 συν-

104 1669 232 1743 θρωπον
255 1649 395 1741 φρόνιμον
420 1654 472 1718 καὶ
496 1650 627 1755 συνετόνη
660 1652 711 1716 καί
742 1649 831 1737 ήγαγε
856 1649 956 1718 πάντα
977 1678 1017 1717 τα
1034 1650 1177 1759 ηλρώματα
1195 1659 1253 1738 τών
1272 1653 1350 1720 ἑπτά

105 1736 289 1823 κατάστησον
307 1733 398 1802 αῦτὸν
416 1737 466 1800 ἐπί
477 1739 531 1819 γῆς
541 1738 709 1812 Λίγυπτου.
743 1740 827 1814 ἐτῶν,
839 1739 870 1801 ἐν
881 1737 925 1812 οίς
937 1725 973 1820 ἦν
984 1732 1003 1820 ή
1016 1743 1137 1820 ευθηνία
1149 1739 1179 1800 έν
1191 1741 1228 1820 τῇ·
1239 1741 1277 1820 γι)
1287 1744 1350 1803 Αί-

105 1822 136 1866 ³⁴
142 1824 193 1887 καί
205 1814 359 1902 ποιησάτω
371 1814 487 1905 Φαραώ
499 1820 549 1882 ιιαί
562 1829 710 1900 ίιαταστη-
742 1816 865 1897 γάπτου.
881 1822 932 1884 καί
943 1822 1031 1905 ἔθηκε
1044 1817 1082 1884 τά
1091 1809 1234 1907 βρώματα
1244 1811 1275 1884 ε”ν
1283 1834 1350 1897 ταῖς

105 1901 188 1971 σάτα
200 1899 352 1988 τοπάρχας
364 1903 414 1966 ἐπί
426 1905 478 1984 τής
489 1904 551 1984 γῆς.
569 1902 620 1966 καί
631 1899 710 1965 άπα-
742 1902 852 1968 πόλεσι.
877 1900 1021 2005 βρώματα
1033 1908 1094 1968 τῶν
1105 1904 1213 1968 σιδίων
1224 1908 1276 1987 τής
1288 1901 1347 1969 πό-

104 1980 367 2070 πεμτττωσάτωσαν
385 1979 485 2049 πάντα
497 1983 536 2048 τά
549 1980 710 2068 γεννήματα
742 1986 813 2061 λεισς
830 1990 891 2051 τῶν
906 1988 1004 2070 κυκλῳ
1022 1985 1114 2070 αὐτῆς
1132 1989 1235 2070 έθηκεν
1251 1990 1280 2050 ἐν
1293 1983 1349 2051 αἰ·-

104 2074 157 2154 τής
167 2074 221 2152 γῆς
231 2064 392 2145 Αἰγύπτου
404 2071 464 2131 τῶν
478 2066 555 2132 ἑπτά
568 2071 644 2132 ἐτῶν
659 2071 711 2149 τῆς
741 2075 787 2173 τή.
801 2069 891 2133 49ιιαί
903 2066 1060 2154 συνήγαγεν
1068 2068 1179 2152 Ἰωσήφ
1191 2081 1272 2134 σῖτον
1284 2066 1350 2145 ώςεὶ

104 2151 252 2237 εῦθηνίας,
264 2151 351 2215 36ιιαί
361 2152 605 2229 συναγαγέτωσαν
612 2145 711 2216 πάντα
743 2139 795 2236 τἠν
808 2151 903 2236 άμμον
918 2157 970 2256 τής
988 2149 1140 2236 θαλάσσης
1160 2152 1256 2217 πολῦν
1273 2148 1349 2231 eqd-

105 2233 145 2301 τὰ
157 2230 302 2323 βρώματα
314 2238 374 2298 τῶν
385 2229 462 2298 ἔπτὰ
475 2236 550 2297 ἐτῶν
560 2236 711 2317 τῶνέρχο-
743 2236 816 2341 δρα,
841 2239 896 2308 ἕως
919 2261 973 2299 ουκ
992 2231 1118 2318 ήδάνατσ
1135 2232 1347 2340 ἀριθμηθῆναι.

105 2323 197 2403 μένων
215 2322 275 2381 τών
286 2317 386 2382 καλοῦν
397 2312 518 2380 τοῦτων.
543 2317 595 2379 καί
607 2340 711 2420 συναχ-
744 2343 779 2382 ου
791 2314 849 2403 γάρ
866 2308 902 2400 ἦν
913 2314 1048 2402 ἀριθμός.
1087 2322 1118 2361 ³⁰
1130 2323 1175 2399 τῷ
1191 2319 1222 2383 δὲ
1248 2315 1348 2422 Ιωσήρ

106 2396 193 2486 θήτω
206 2396 224 2465 ὁ
237 2411 316 2477 σῖτος
328 2396 387 2465 ῦπὸ
399 2410 481 2485 χεῖρα
494 2395 618 2504 Φαραώ.
627 2402 658 2526 fo
743 2404 875 2480 ἐγένοντο
894 2401 954 2463 υίσὶ
973 2396 1026 2464 δάο
1042 2399 1103 2485 πρὸ
1121 2405 1177 2465 τοῦ
1194 2400 1290 2466 ἐλθεῖν
1310 2425 1347 2465 τα

105 2510 186 2568 ματα
198 2488 229 2550 ἐν
240 2496 306 2560 ταῖς
314 2480 414 2550 πόλεσι
424 2482 614 2586 ρυλοχθητω.
662 2482 713 2546 καί
742 2482 820 2549 ἑπτά
832 2486 883 2567 ἐτη
897 2487 953 2547 τοῦ
964 2482 1063 2565 λιμοῦ,
1088 2479 1139 2559 οῦς
1155 2487 1245 2549 ε”τειιεν
1265 2482 1347 2566 ιιῦτῴ

107 2573 188 2634 ἐσται
201 2564 239 2632 τά
251 2565 395 2654 βρώματα
407 2592 446 2632 τα
458 2566 663 2650 πεφυλαγμένα
675 2569 712 2659 τῇ
736 2566 859 2633 Ἀσενέθ
888 2562 897 2585 ‘
924 2562 1062 2651 θυγάτηρ
1086 2573 1185 2648 Πετεςι
1205 2571 1224 2650 ἦ
1250 2569 1347 2652 ἱερέως

106 2657 145 2745 γῇ
157 2658 197 2726 είς
210 2650 248 2714 τά
261 2650 338 2714 ἑπτά
351 2654 402 2734 ἐτη
415 2654 469 2712 τοῦ
481 2649 576 2731 λιμοῦ,
597 2647 618 2712 ά
631 2653 713 2713 ἔσον-
738 2595 967 2725 Ἦλισυπόλιως.
1006 2652 1033 2694 ⁶¹
1046 2645 1161 2714 ἐκάλεσε
1183 2593 1214 2714 δι’
1236 2642 1347 2730 Ἰωσήφ

106 2760 156 2798 ται
170 2736 200 2795 ἐν
206 2736 249 2832 (fi
260 2726 429 2808 Αίγάπτσυ,
449 2731 501 2793 καί
513 2728 568 2793 οῦκ
580 2725 713 2831 ἐκτρηέή-
743 2728 780 2795 τὸ
795 2732 889 2812 ὄνομα
901 2737 957 2795 τοῦ
968 2726 1171 2818 πρωτοτόκου,
1184 2737 1348 2814 Μανασσῆ.

107 2839 188 2882 σεται
231 2817 269 2896 γή
282 2815 369 2893 ἐντῷ
381 2811 464 2893 λιμῷ.
497 2809 712 2894 37ν’ήρεσεδττὸ
744 2807 790 2877 ὅτι
817 2813 1016 2880 ἐπιλαθέσθαι
1036 2839 1070 2897 με
1089 2816 1222 2896 ἐποίησεν
1240 2812 1259 2879 ὁ
1277 2811 1348 2891 θεὸς

106 2903 185 3003 ῥῆμα
202 2841 337 2960 ἐναντίον
357 2889 489 2978 Φαραώ,
514 2896 566 2957 καί
583 2896 713 2959 ἐναντίον
742 2891 863 2961 πάντων
879 2901 939 2961 τών
955 2894 1056 2963 πόνων
1071 2922 1141 2979 μου,
1165 2899 1216 2962 καί
1227 2893 1349 2962 πάντων

105 3004 226 3047 παντων
238 2981 298 3042 τών
309 2971 539 3042 παίδωναῦτοῦ.
555 2978 642 3042 38ιιαί
651 2976 712 3042 εἷπε
742 2984 803 3044 τών
819 2984 875 3045 τοῦ
886 2976 1002 3065 πατρός
1037 3006 1081 3045 ου.
1119 2978 1348 3062 62τόδὲόνογια

108 3061 225 3168 τιναραώ
249 3065 323 3126 πᾶσι
345 3071 408 3134 τοῖς
425 3060 526 3123 παισὶν
544 3057 645 3125 αῦτοῦ.
671 3056 710 3145 μή
742 3067 796 3127 τοῦ
809 3064 944 3148 δευτέρου
957 3060 1010 3127 ἐκά
1059 3088 1102 3141 εν,
1123 3061 1262 3151 Ἐφραίμ.
1299 3062 1346 3129 ὅτι

104 3145 257 3234 εὑρήσομεν
270 3141 432 3228 άνθρωπον
443 3144 592 3220 τοιοῦτον,
610 3139 643 3219 ὃς
655 3145 709 3228 ἔχει
742 3144 850 3229 ηῦξησί
863 3171 897 3228 με
918 3140 936 3209 ὁ
954 3145 1025 3220 θεὸς
1043 3149 1074 3210 ἐν
1090 3151 1129 3249 γή
1148 3142 1346 3223 ταπεινώσεώς

103 3237 216 3311 πνεῦμα
228 3230 301 3291 θεοῦ
314 3229 344 3289 ἐν
356 3222 457 3308 αῦτρῦς
482 3224 582 3290 39είπε
594 3225 626 3291 δὲ
642 3231 710 3290 Φα-
739 3252 804 3309 μου.
830 3229 860 3272 ⁸³
871 3227 1030 3331 παρῆλθον
1048 3227 1079 3293 δὲ
1092 3255 1131 3293 τα
1143 3230 1220 3295 ἑπτά
1232 3233 1282 3313 έτη
1295 3235 1347 3329 της

103 3311 168 3400 ραώ
182 3313 227 3397 τῷ
241 3306 362 3392 Ἰωσήφ.
386 3307 482 3392 ἐπειδή
496 3309 595 3387 ἔδειξεν
607 3305 625 3374 ὁ
637 3304 709 3384 θεός
740 3308 892 3395 εὐθηνίας,
918 3307 941 3373 ά
959 3314 1091 3390 ἐγένοντο
1105 3315 1136 3376 ἐν
1148 3317 1185 3396 τῆ
1196 3316 1235 3396 γῆ
1247 3316 1347 3390 Αἰγυ-

103 3423 149 3463 σοι
161 3391 261 3461 πάντα
273 3397 379 3471 ταῦτα,
392 3389 445 3458 οῦν
458 3395 535 3457 ἔστιν
547 3393 708 3480 άνθρωπος
740 3418 825 3458 πτου.
852 3393 884 3436 ⁶⁴
896 3396 947 3459 καί
964 3394 1074 3481 ήρξιιτο
1085 3394 1125 3460 τά
1138 3385 1278 3481 ε’πτάέτη
1291 3400 1349 3468 τοῦΙ

102 3474 314 3607 ρρονιμώτερος
344 3477 396 3542 καί
425 3471 615 3564 συνετώτερός
645 3501 707 3541 σου.
740 3476 826 3557 λιμοῦ
850 3478 1000 3560 ἔρχεσθαι,
1025 3476 1110 3544 ιιαθά
1126 3479 1203 3546 εἶπεν
1223 3475 1345 3562 Ἰωσήφ.

119 3563 178 3630 0σι)
191 3566 226 3631 ἐσ
257 3563 307 3626 ἐπὶ
318 3564 363 3644 τῷ
375 3561 448 3642 οἴκῳ
460 3584 527 3641 μου,
539 3561 591 3624 καί
602 3559 653 3622 ἐπί
663 3563 709 3639 τῷ
740 3561 791 3623 καί
802 3562 912 3638 ἐγένετο
924 3560 1007 3644 λιμὸς
1018 3564 1049 3626 ἐν
1059 3557 1141 3656 πάση
1153 3568 1191 3655 τῇ
1199 3588 1246 3655 γη
1272 3560 1345 3624 ἐνδὲ

102 3591 244 3729 στόματά
244 3670 297 3709 σου
315 3637 512 3707 ῦπαιιοάσεται
531 3636 708 3715 πᾶςὸλαός
739 3638 821 3730 πάση
845 3647 885 3740 τῇ
907 3640 1124 3740 γῇΑέγόπτσυ
1147 3633 1225 3725 ήσαν
1249 3641 1345 3726 άρτοι.

100 3754 164 3810 μου.
196 3724 274 3814 πλήν
297 3724 350 3788 τὸν
375 3721 486 3806 θρόνον
508 3719 636 3808 ῦπερέξω
655 3749 708 3789 σου
740 3727 768 3770 ⁸⁶
781 3729 833 3791 καί
844 3730 976 3793 ἐπείνασε
993 3720 1108 3825 πάσαή
1124 3729 1164 3808 γῆ
1174 3719 1344 3801 Λέγῦπτου.

101 3806 168 3888 ἐγώ.
208 3806 311 3871 41είπε
333 3803 365 3870 δὲ
386 3803 502 3890 Φαραώ
520 3810 563 3890 τῷ
586 3803 706 3911 Ἰωσήφ.
739 3810 840 3894 ἐίιραξε
861 3807 893 3876 δέ
911 3807 929 3874 ὁ
948 3807 1021 3883 λαὸς
1045 3832 1122 3893 προς
1142 3803 1259 3892 Φαραώ
1277 3809 1344 3886 περί

102 3890 166 3958 ίδοῦ
191 3895 354 3973 καθίστημί
370 3914 400 3956 σε
421 3885 542 3975 σήμερον
560 3892 609 3953 ἐπί
625 3916 707 3984 παση
739 3891 846 3977 άρτων.
869 3892 930 3958 είπε
941 3890 973 3956 δέ
989 3889 1106 3975 Φαραώ
1118 3893 1195 3955 πᾶσι
1207 3901 1270 3963 τοῖς
1281 3892 1345 3953 Αί-

100 3980 140 4064 γν]
151 3970 320 4052 Λλγάπτου.
334 3972 422 4036 42ιιαί
432 3969 627 4058 περιελόμενος
639 3978 706 4036 Φα-
737 3983 879 4052 γυπτίοις.
902 3969 1063 4058 πορεόεσθε
1074 3971 1152 4057 πρὸς
1160 3969 1281 4054 Ἰωσήφ,
1294 3971 1345 4036 καὶ

101 4057 166 4144 ραώ
179 4051 707 4140 τόνδαιιτάλιονάπότηςχειρόςαῦ-
739 4053 828 4125 ὃέδιν
845 4059 912 4149 είπη
930 4053 998 4137 ῦμῖν
1022 4050 1171 4138 ποιήσατε.
1210 4052 1342 4119 *ὓναίὸ

100 4145 171 4217 τοῦ,
196 4142 365 4228 περιέθηκεν
381 4135 474 4203 αὐτὸν
494 4140 545 4202 ἐπὶ
561 4139 614 4223 τήν
625 4150 707 4224 χεῖρα
738 4137 820 4221 λιμός
831 4131 867 4224 ἢν
879 4140 928 4203 ἐπί
939 4132 1100 4223 προςώπου
1110 4131 1207 4220 πάσης
1219 4140 1270 4221 τῆς
1281 4143 1343 4220 γῆς.

96 4218 226 4306 Ἰωσήφ,
256 4223 307 4286 καί
332 4221 456 4287 ἐνέδυσεν
481 4217 573 4286 αῦτόν
599 4221 707 4307 στολήν
737 4219 842 4304 άνίῳξε
859 4220 891 4286 δὲ
913 4214 1026 4304 Ἰωσήφ
1042 4215 1158 4294 πάντας
1174 4217 1245 4295 τοῦς
1263 4245 1343 4285 σιτο-

98 4309 242 4393 βυσσίνην.
269 4303 319 4368 καί
344 4307 497 4387 περιέθηκε
520 4303 620 4370 κλοιόν
631 4331 707 4431 χρυ-
736 4303 883 4389 βολοῦνας,
899 4303 950 4365 καί
962 4296 1067 4367 ἐπώλει
1080 4306 1156 4366 πᾶσι
1169 4315 1233 4378 τοῖς
1244 4303 1343 4380 Λίγυ-

99 4392 170 4456 σοῦν
185 4388 252 4472 περί
264 4383 317 4452 τὸν
329 4382 473 4471 τράχηλον
486 4384 587 4453 αὐτοῦ.
614 4388 630 4431 ⁴
656 4388 707 4450 ιιαὶ
736 4391 841 4460 πτίοις.
867 4386 895 4428 ⁵²
908 4386 960 4448 ιιαὶ
977 4387 1073 4450 πᾶσαι
1090 4388 1125 4448 αἱ
1141 4389 1234 4470 χῶραι
1247 4375 1343 4471 ήλθον

99 4471 265 4561 ἀνεβίβασεν
282 4468 375 4536 αῦτόν
391 4467 486 4535 ἐπὶτὸ
501 4465 630 4558 άρματό
643 4463 706 4533 δεά-
737 4470 776 4542 είς
798 4467 972 4547 Αἴγυπτον,
1003 4462 1153 4554 ἀγοράζειν
1176 4468 1253 4556 πρὸς
1274 4467 1342 4571 '150-

285 4572 289 4580 Ι
1273 4577 1341 4635 ‘'W''
