2924 4972
432 237 683 300 ΨΑΛΜΟΙ
711 232 961 308 λε’.λς’.35.3ίλ
1159 269 1166 275 ·
1256 236 1322 301 589

69 352 175 436 πολλή.
202 352 386 439 ἀνθρώπους
402 357 454 418 καὶ
472 351 564 435 κτήνη
576 350 677 425 σώσας
714 351 773 424 λοί,
790 355 934 418 ἐνέτειναν
946 352 1040 430 τόξον
1050 351 1171 427 αὐτόν,
1196 356 1253 417 τοῦ
1264 378 1322 416 κα-

69 436 166 522 κῦριε,
191 436 261 512 θὼς
279 436 450 520 ἐπλήθυνας
467 437 503 500 τό
523 432 676 509 ἔλιόςσον
716 435 853 519 ταβαλεΐν
881 437 1005 539 καιρὸν
1029 440 1082 500 καί
1105 441 1238 520 πένητα,
1263 438 1321 499 τοῦ

70 519 180 596 ὁθεός
206 520 358 585 οίδέυίοί
377 525 437 584 τῶν
455 516 628 603 ἀνθρώπων
645 521 677 581 ἐν
714 515 827 597 οςόξαι
852 517 926 592 τοῦς
945 530 1043 594 ευθεῖς
1060 524 1098 610 τῇ
1115 520 1234 602 καρδίη·
1260 515 1320 602 ¹³1}

70 610 165 695 σκέπη
190 609 252 667 τῶν
276 599 432 686 πτερῦγων
450 628 505 666 σου
530 602 674 665 ελπιοῦσι.
712 605 850 684 ρομσαία
868 599 973 666 αῦτόν
985 603 1115 677 ελςελθοι
1127 607 1167 676 είς
1180 602 1320 685 τήνκαρ-

70 689 85 728 ⁹
97 683 343 789 μεθυσθήσρνται
360 684 424 750 ἀπὸ
437 682 580 766 πιότητος
592 685 675 747 οἴκου
713 687 782 749 δίαν
794 682 913 758 αῦτοῦν,
930 687 981 747 καί
992 685 1032 748 τό
1045 683 1121 760 τόξα
1132 683 1238 749 αῦτιῦν
1250 709 1321 748 τυν-

70 796 140 845 σου,
164 772 217 833 καί
233 793 288 833 τον
304 766 478 853 χειμῦ’ῥουν
496 774 548 850 τής
564 771 676 852 τρυφῆς
714 771 835 869 τριβείη.
854 769 1026 850 16κρεῖσσον
1038 765 1144 844 ὀλίγον
1156 771 1200 851 τῷ
1212 767 1320 849 δικαίην

69 878 126 916 σου
138 864 248 926 ποτιείς
265 848 383 926 αὐτοῦς.
422 854 451 894 ¹⁰
464 847 511 915 ὅτι
524 849 612 933 παρὰ
627 852 676 913 σοί
714 848 791 934 ῦπερ
827 850 966 913 πλοῦτον
994 846 1182 932 ἁμαρτωλῶν
1210 848 1319 915 πολῦν.

67 934 149 1017 πηγή
162 939 252 1017 ζωής,
271 939 302 998 ἐν
314 941 358 1016 τῷ
370 941 450 1015 ηωτί
462 958 519 997 σου
532 930 676 1016 ὀψόμεθα
715 935 740 975 ¹⁷
754 932 802 998 ὅτι
823 937 977 1035 βραηίονες
993 929 1183 1014 ἁμαρτωλῶν
1200 958 1321 1016 συντρι·

69 1023 142 1096 ςιῦς.
168 1023 193 1060 ¹¹
205 1014 384 1101 παρότεινον
400 1016 435 1080 τὸ
448 1010 531 1089 ἔλεός
543 1041 600 1079 σου
612 1028 676 1089 τοῖς
713 1012 1064 1101 βήσονται,ιποστηρι’,ἐι
1072 1012 1322 1089 δὲτοῦςδικαίους

69 1097 245 1175 γινώσκουσί
269 1125 318 1173 σε,
343 1101 394 1163 καί
416 1096 471 1181 τήν
489 1095 676 1179 δικαιοσύνην
715 1095 859 1182 όκῦριος.
872 1095 1041 1175 1λγινυίστιει
1053 1092 1322 1179 κῦριοςτᾶςόδοῦς

71 1207 125 1244 σου
144 1178 322 1254 τοῐςεῦθέσι
340 1187 378 1272 τῇ
390 1183 508 1264 καρδίη.
535 1179 613 1263 12μή
626 1181 676 1244 Oe
714 1178 939 1281 τιῦνᾶμοίμων,
964 1181 1016 1244 καί
1032 1176 1322 1263 ήκληρονομίααῦ-

70 1265 154 1325 θέτω
166 1287 217 1345 μοι
230 1267 306 1336 ποῦς
319 1260 537 1363 ῦπερηρανίας,
551 1266 604 1327 καί
614 1265 675 1347 χείρ
714 1269 775 1328 τοῖν
787 1269 827 1338 είς
838 1290 894 1329 τον
904 1268 1002 1329 αίῶνα
1014 1265 1108 1327 ἔσται.
1128 1258 1201 1325 ίόῦ
1215 1285 1322 1325 καται-

70 1344 258 1429 ἆμαρτωλοῦν
281 1343 322 1429 μή
343 1346 482 1410 σαλευσαι
499 1371 542 1428 με.
578 1348 678 1412 ίλέκεῖ
715 1342 980 1430 αχυνθήσονταιέν
994 1348 1244 1429 καιρρῑπονηρρῑ,
1269 1344 1323 1409 καί

69 1424 675 1531 έπεσονπῦντεςοίέργαζόμενοιτήνᾶνο-
714 1434 745 1493 ἐν
775 1427 897 1513 ήμέραις
926 1429 1016 1512 λιμοῦ
1044 1425 1321 1512 χορτασθήσονται.

67 1518 154 1592 μίαν,
173 1508 351 1594 ἐξώσθησαν
363 1514 414 1577 καί
426 1538 463 1577 ου
473 1510 517 1594 μή
529 1512 675 1578 δύνωνται
714 1514 746 1554 ²⁰
760 1511 807 1577 ὅτι
821 1518 852 1576 σί
869 1510 1043 1597 ἁμαρτωλοί
1059 1509 1264 1584 ἀπολοῦνται,
1289 1513 1323 1574 ολ

69 1599 183 1676 οτήναι
714 1595 745 1660 δὲ
765 1597 873 1680 ἐχθροί
891 1600 950 1660 τοῦ
968 1600 1073 1679 κυρίου
1085 1591 1150 1676 ἅμα
1169 1598 1214 1677 τηῑ
1227 1593 1321 1668 δοξα,

339 1675 411 1755 Λς’.
714 1682 825 1761 σθήναι
838 1675 953 1752 αῦτοῦς
964 1682 1018 1742 καί
1026 1674 1203 1760 ῦψωθῆναι,
1227 1676 1317 1741 ἐκλεί-

289 1767 341 1845 Τῷ
352 1763 458 1827 Δαυίδ.
712 1786 820 1836 ποντες
839 1759 905 1835 ιόςεί
922 1761 1038 1834 καπνὸς
1050 1759 1196 1836 ἐξελιπον.
1221 1762 1250 1801 ²¹
1263 1759 1320 1824 δα-

68 1807 137 1905 M
131 1843 149 1926 ή
174 1841 347 1928 παραζήλου
371 1849 403 1908 έν
422 1849 674 1931 πονηρευομένους,
713 1848 833 1921 νείζεται
847 1840 900 1908 όᾶ
963 1842 1074 1917 τωλός,
1100 1845 1152 1908 καί
1165 1840 1223 1907 οῦκ
1237 1839 1320 1907 ἄπο-

68 1925 141 2010 μηδὲ
160 1923 250 2009 ζήλου
263 1929 333 2002 τοὺς
350 1934 512 2004 ποιοῦντας
528 1927 583 2013 τήν
601 1927 673 1994 ιἰνο-
714 1934 798 2002 τίσει,
819 1922 882 1992 όδέ
895 1871 1009 2000 mm
1022 1931 1157 2010 οίκτείρει
1170 1928 1221 1990 καί
1231 1926 1318 1990 διδοῖ.

68 2016 149 2091 μίαν.
174 2012 189 2049 ²
202 2007 250 2073 ὅτι
268 2008 334 2086 ὡςεί
351 2012 459 2095 χόρτος
471 2012 545 2096 ταχῦ
558 2011 674 2094 ἆποξη-
712 2013 742 2051 ²²
754 2010 801 2075 ὅτι
816 2014 848 2074 οἶ
860 2008 1052 2087 εὐλογοῦντες
1065 2007 1161 2074 αὐτόν
1173 2009 1320 2093 κληρονο-

68 2089 287 2175 ρανθήσονται,
311 2100 362 2160 καί
374 2094 440 2169 ὡςεί
457 2095 573 2179 λα’χανα
584 2092 674 2197 χλόης
712 2092 841 2177 μήσουσι
855 2098 926 2174 γήν,
953 2097 984 2158 οί
995 2093 1028 2158 δὲ
1041 2089 1250 2216 κπαρὲίμνοι
1261 2089 1319 2156 αῦ·

68 2175 143 2259 ταχὺ
158 2172 673 2242 ἄποπεσοῦνται.3ἔλπισονέπίιιυ-
714 2178 768 2242 τὸν
784 2172 1103 2259 ε’ξολοθρευθήσονται.
1167 2173 1253 2259 παρὰ
1266 2201 1319 2238 κυ-

69 2283 143 2343 ριον,
154 2261 204 2322 καί
217 2266 296 2323 ποίει
308 2256 508 2344 χρηστότητα,
518 2262 570 2322 καί
579 2285 674 2323 κατα-
713 2267 779 2341 ρίου
791 2257 830 2321 τῦ
844 2255 1013 2342 διαβήματα
1025 2252 1195 2340 ἀνθρώπου
1212 2282 1319 2321 κατευ-

69 2339 179 2423 σκήνου
192 2338 247 2422 τήν
256 2346 328 2420 γῆν,
352 2345 404 2404 καί
419 2339 611 2439 ποιμανθήση
624 2343 675 2404 ἐπί
713 2339 848 2413 θῦνεται,
868 2342 919 2402 καί
932 2337 985 2438 τήν
999 2336 1069 2402 ὁδόν
1080 2337 1176 2402 αἰτοῦ
1189 2337 1318 2420 θελήσει.

68 2428 113 2505 τῷ
131 2417 256 2502 πλούτῳ
278 2419 379 2504 αῦτής.
411 2421 675 2521 4κατατρυηησον
714 2423 745 2464 ²⁴
759 2419 835 2486 ὅταν
846 2425 972 2513 πέσηου
986 2416 1258 2504 καταραχθήσεται,
1271 2417 1320 2484 ὅτι

68 2508 128 2568 τοῦ
140 2507 254 2586 κυρίου,
267 2506 317 2566 καί
329 2501 419 2568 δώσει
432 2529 481 2568 σοι
493 2506 533 2568 τὰ
548 2510 673 2589 αἴτημα·
713 2501 811 2587 κόριος
817 2501 1006 2585 ῦντιστηρίζει
1013 2514 1097 2587 χεῖρα
1107 2498 1321 2566 αῦτοῦᾌνεω-

69 2612 110 2650 τα
128 2588 179 2666 τής
197 2585 320 2669 καρδίας
338 2612 405 2650 σου.
444 2590 457 2629 ⁵
471 2583 675 2666 ἇποκάλυψον
713 2613 796 2670 τερος
809 2583 962 2669 ἐγενόμην,
979 2589 1031 2649 καί
1042 2584 1101 2669 γόρ
1113 2580 1256 2667 έγήρασα,
1269 2585 1321 2650 καλ

69 2666 148 2753 πρὸς
160 2663 264 2750 κόριον
277 2667 329 2752 τήν
344 2665 418 2734 όδόν
431 2695 505 2743 σου,
524 2672 575 2733 καί
585 2670 673 2734 ἔλπι-
713 2672 768 2736 οῦν
790 2668 867 2743 εἶδον
891 2672 1004 2734 δίκαιον
1021 2667 1320 2749 ἐγκαταλελειμμένον,

69 2776 126 2815 σον
151 2748 195 2813 ἐπ)
221 2748 331 2826 αὐτόν,
356 2752 409 2816 καί
434 2751 528 2826 αῦτός
548 2753 673 2855 ποιήσει.
714 2751 782 2818 οὐδὲ
796 2749 833 2816 τό
844 2757 960 2837 σπέρμα
973 2749 1071 2815 αῦτοῦ
1083 2753 1189 2834 ζητοῦν
1201 2749 1319 2836 ῦρτους·

69 2834 149 2897 θκαί
162 2834 267 2907 ἐξοίσει
280 2832 321 2908 ὡς
333 2840 397 2915 φιῦς
415 2835 469 2936 τήν
483 2836 676 2920 δικαιοσυνην
714 2840 744 2880 ²⁶
759 2831 833 2919 ῦλην
849 2833 902 2920 τήν
918 2832 1028 2920 ήμέραν
1041 2833 1113 2899 ἐλεεῖ
1128 2836 1180 2898 καί
1191 2835 1320 2913 δανείζει,

70 2943 127 2982 σου
141 2918 192 2979 καί
206 2914 242 2980 τό
257 2925 347 3002 κρίμα
360 2944 418 2983 σου
431 2945 473 2993 ως
484 2923 674 3005 μεσημβρίαν.
714 2922 765 2984 καί
786 2916 829 2983 τό
851 2924 970 3005 σπέρμα
994 2915 1091 2982 αῦτοῦ
1116 2922 1156 2992 είς
1181 2917 1320 2995 εὐλογίαν

70 3003 83 3041 ⁷
99 2995 275 3103 ῦποτόγηθι
287 3006 332 3084 τῷ
345 3007 447 3085 κυρίῳ,
461 3004 512 3066 καί
525 3006 675 3068 ἱκέτευσον
714 3008 806 3068 ἐσται.
846 3005 875 3045 ²⁷
890 3002 1021 3067 ε”κκλινον
1045 2999 1108 3064 ἀπὸ
1134 3006 1244 3080 κακοῦ,
1268 3005 1321 3066 καὶ

70 3079 174 3148 αὐτόν.
200 3110 240 3166 μη
253 3080 428 3169 παραζήλου
447 3089 479 3149 ἓν
492 3089 537 3168 τῷ
549 3112 674 3151 κατευο-
714 3092 840 3168 ποίησον
852 3083 989 3162 ἀγαθόν,
1014 3086 1065 3148 καί
1077 3080 1268 3167 κατασκήνου
1281 3089 1320 3160 είς

69 3165 203 3248 δουμένῳ
216 3170 297 3258 ἔντῇ
309 3165 371 3249 ὁδῷ
384 3165 492 3244 αὐτοῦ,
506 3172 536 3232 ἐν
549 3165 676 3252 ἀνθρώ·
714 3175 810 3234 αίῦνα
828 3174 945 3245 αἰῶνος.
984 3169 1014 3211 ²⁸
1027 3164 1074 3232 ὅτι
1093 3164 1129 3231 κῦ
1149 3193 1193 3244 ιος
1211 3167 1319 3250 ἀγαπᾷ

69 3275 120 3330 πῳ
137 3254 277 3314 ποιοῦντι
294 3257 493 3334 παρανομίας.
530 3252 675 3318 8παῦσαι
714 3260 827 3338 κρίσιν,
864 3257 914 3317 καὶ
939 3249 995 3316 οῦκ
1021 3194 1225 3332 ἐγκαταλείψει
1250 3250 1320 3325 τοῦς

70 3329 135 3395 ἀπὸ
151 3329 239 3415 όργής
252 3334 303 3396 καί
315 3331 495 3410 ἐγκατάλιπε
508 3335 619 3418 θυμὸν,
631 3333 675 3438 μή
714 3333 815 3409 ὁσίους
828 3334 932 3409 αὐτοῦ,
946 3339 985 3408 είς
994 3333 1048 3397 τόν
1058 3338 1152 3398 αίιῦνα
1163 3328 1320 3416 φυλαγθή-

70 3412 247 3498 παραζήλου
262 3411 334 3486 ὥςτε
346 3413 577 3499 πονηρεῦεσθαι.
598 3414 676 3481 9ότι
714 3443 824 3482 σονται.
851 3417 969 3499 ἄμωμοι
983 3412 1244 3496 ἐκδικηθήσονται,
1270 3417 1321 3476 καί

72 3500 104 3560 σί
134 3520 212 3577 πονη
233 3493 366 3575 ευόμενοι
396 3495 676 3599 ἐξολοθρευθήσον-
714 3503 833 3579 σπέρμα
872 3496 987 3582 ἀσεβῶν
1025 3493 1319 3580 ἔξολοθρευθήσεται.

70 3604 138 3650 ται,
165 3582 195 3639 οἱ
212 3521 245 3640 δέ·
271 3576 467 3658 ὑπομένοντες
492 3604 548 3643 τον
573 3576 678 3660 κύριον
714 3582 744 3622 ²⁹
756 3581 863 3643 δίκαιοι
876 3579 908 3644 δὲ
922 3573 1177 3662 κληρονομήσουσι
1189 3583 1253 3663 γήν,
1270 3581 1321 3642 καί

71 3658 165 3726 αὐτοί
177 3656 437 3744 κληρονομήσουσι
449 3661 504 3743 τήν
516 3665 580 3744 γήν.
594 3662 678 3723 10καί
714 3657 989 3743 νατασκηναίσουσιν
1001 3665 1039 3735 εἰς
1050 3664 1146 3724 αίιῦνα
1154 3665 1263 3736 αἰῶνος
1273 3659 1318 3726 ἐπ’

71 3747 117 3808 ἔτι
136 3743 242 3819 ὀλίγον
261 3745 313 3806 καὶ
330 3740 367 3806 οῦ
384 3742 424 3827 μή
443 3738 562 3834 ὖπόρξη
579 3741 678 3846 ἆμαρ-
716 3742 816 3827 αῦτής.
833 3746 864 3788 ³⁰
875 3743 972 3827 στόμα
984 3745 1099 3808 δικαίου
1111 3740 1256 3847 μελετ’σει
1269 3770 1320 3810 σο-

71 3825 181 3900 τωλός,
194 3827 244 3891 καὶ
258 3822 388 3909 ζητήσεις
397 3821 558 3890 τὸντόπον
569 3828 679 3901 αυτοῦ,
716 3833 801 3907 φίαν,
826 3828 877 3891 καί
901 3824 1063 3910 ήγλιῦσσα
1085 3832 1181 3892 αυτοῦ
1239 3824 1320 3911 λήσει

73 3911 126 3971 καί
138 3908 235 4011 οῦμή,
245 3907 339 3999 εῦρης.
362 3913 387 3950 ¹¹
401 3913 432 3972 οἶ
446 3909 478 3972 δὲ
491 3921 594 3993 πρᾳεῖς
607 3908 678 3993 κλη-
716 3916 819 3996 κρίσιν.
846 3911 872 3952 ³¹
886 3908 903 3974 ὁ
916 3907 1004 3991 νόμος
1022 3914 1079 3974 τοῦ
1091 3915 1167 3975 θεοῦ
1179 3910 1276 3976 αῦτοῦ
1289 3915 1321 3978 έν

74 4015 278 4075 ρονομησουσι
287 3997 352 4077 γῆν,
365 3993 417 4056 καί
429 3989 679 4077 κατατρυφήσου-
716 3994 823 4078 καρδίᾳ
837 3991 947 4069 αὐτοῦ,
969 3995 1020 4058 καὶ
1033 3991 1089 4097 οῦη
1102 3991 1318 4077 ῦποσκελισθή-

75 4097 123 4136 σιν
135 4077 184 4138 ἐπὶ
195 4071 306 4158 πλήθει
319 4073 439 4159 εἰρήνης.
462 4077 489 4117 ¹²
502 4073 679 4162 παρατηρή-
717 4103 798 4142 σεται
818 4075 858 4141 τῦ
871 4072 1038 4162 διαβήματα
1052 4081 1157 4142 αυτοῦ.
1184 4079 1213 4118 ³²
1226 4103 1320 4141 κατα-

75 4180 159 4219 σεται
178 4155 389 4241 ὁᾶμαρτωλὸς
406 4157 460 4223 τόν
473 4159 603 4235 δίκαιον,
628 4161 680 4224 καί
717 4170 779 4224 νοεί
802 4157 820 4224 ὁ
845 4157 1022 4242 ἁμαρτωλὸς
1045 4156 1245 4234 τόνδίκαιον,
1270 4161 1322 4224 καί

73 4238 227 4322 βρύξειέπ’
242 4240 338 4305 αὐτόν
350 4241 424 4314 τοὺς
435 4238 562 4316 ὀδόντας
572 4240 678 4306 αὐτοῦ.
716 4246 796 4324 ζητεῖ
808 4247 863 4308 τοῦ
882 4247 1059 4321 θανατῶσαι
1077 4241 1179 4307 αῦτόν.
1209 4237 1269 4303 33ό
1288 4239 1321 4304 δέ

74 4318 130 4382 13ὁ
145 4320 177 4383 δὲ
190 4317 292 4403 κύριος
304 4320 493 4401 ἐκγελῦσεται
506 4322 613 4396 αὐτόν,
632 4320 678 4387 ῦτι
715 4327 814 4409 κύριος
842 4323 878 4390 οῦ
902 4325 940 4407 μή
965 4325 1149 4406 ἐγκαταλίπη
1171 4322 1265 4387 αὐτὸν
1282 4325 1321 4395 είς

73 4400 239 4485 προβλέπει
264 4401 313 4468 ὅτι
337 4403 396 4489 ἥξει
421 4403 439 4490 ή
459 4403 554 4490 ήμέρα
571 4403 691 4470 αὑτοῦ
716 4407 770 4482 τὰς
781 4420 878 4491 χεῖρας
891 4407 1000 4483 αὐτοῦ,
1026 4405 1094 4471 σῦδέ
1107 4396 1147 4507 μή
1159 4399 1321 4467 καταδικά-

76 4485 103 4526 ¹⁴
120 4487 273 4568 ῥομφαίαν
290 4484 464 4554 ἐσπάσαντο
488 4493 519 4552 οί
535 4486 676 4576 ἁμαρτω-
717 4516 766 4555 σαι
773 4488 954 4568 αῦτόν,όταν
964 4496 1096 4574 κρίνηται
1108 4491 1200 4568 αυτῷ.
1211 4479 1320 4546 34ίυιό·

1225 4585 1320 4640 ρειυον
