2924 4972
124 249 190 315 890
398 243 420 297 Ι
428 240 458 296 Ε
468 238 497 296 Ζ
508 238 537 296 E
547 238 579 297 K
592 241 614 297 1
623 238 660 297 H
669 239 702 297 A
742 241 819 314 Κεφ.
834 231 885 318 ιβ’.
900 224 945 308 ιγ’.
962 224 1011 296 19.
1027 224 1086 297 13.'

116 331 366 459 ή-μέραςπολλάς
391 350 441 412 καί
467 353 505 423 είς
529 347 650 428 καιρούς
666 376 724 431 μα-
760 358 837 421 θους
855 345 925 420 τοὺς
943 341 1143 431 πετροβόλους
1161 351 1192 412 έν
1205 348 1303 427 θυμῷ
1317 349 1373 410 ἒπ-

116 462 206 522 κρους
220 426 310 507 οὑτος
322 428 508 516 προφητεύει.
528 432 560 474 ²⁸
569 429 619 496 διά
634 437 724 496 τοῦτο
760 427 823 506 ἀξω
837 434 875 505 είς
889 429 1063 494 συντέλειαν.
1076 426 1161 492 14καί
1173 425 1374 511 κατασκάψω

117 520 203 586 εἰπὸν
214 514 292 601 πρὸς
304 510 426 588 αὐτούς,
445 513 516 578 τάδε
528 513 603 592 λέγει
617 510 724 598 κύριος.
759 513 813 578 τὸν
824 524 927 598 τοῖχον
940 509 974 576 ὃν
986 511 1142 596 ήλείψατε,
1160 516 1213 577 καί
1226 525 1373 576 πεσεῖται.

118 602 155 669 οὑ
167 601 207 685 μή
221 595 388 683 μηκύνωσιν
400 594 501 661 οὐκέτι
513 595 622 672 πάντες
633 603 663 662 οῖ
673 595 724 662 λό-
758 597 809 662 καί
822 591 908 681 θήσω
922 595 1014 661 αὑτὸν
1026 597 1075 660 ἐπὶ
1085 596 1142 679 τήν
1150 601 1216 679 γήυ,
1227 596 1280 659 καί
1289 594 1373 660 ἀπο-

117 711 167 765 γοι
179 709 247 785 μου,
261 677 313 756 οὑς
326 679 365 745 ἀν
377 677 508 766 λαλήσω.
536 677 660 765 λαλήσω
674 681 725 745 καί
758 675 983 765 καλυφθήσεται
996 676 1036 744 τά
1048 679 1173 761 θεμέλια
1186 676 1296 757 αὑτοῦ,
1318 685 1376 745 καί

117 793 242 852 ποιησω,
255 764 330 843 λέγει
344 759 454 849 κύριος.
758 774 906 841 πεσεῖται,
930 765 982 828 καὶ
1007 759 1283 847 συντελεσθήσεοθτ
1309 764 1373 847 μετ’

303 852 426 913 ΚΕΦ.
470 842 540 911 1Γ’.
759 847 900 930 ἐλέγχων,
926 849 977 912 καί
996 842 1196 922 ἐπιγνώσεσθε
1212 840 1292 910 διότι
1310 846 1376 926 ἐγὼ

118 901 204 1001 Καὶ
223 935 338 1010 ἐγένετο
357 925 446 1007 λόγος
461 936 567 1019 κυρίου
586 927 662 1034 πρὸς
679 927 725 1011 μὲ,
759 926 867 1015 κύριος.
903 930 996 995 16καί
1016 928 1178 995 συντελέσω
1195 927 1250 994 τὸν
1267 932 1377 1012 θυμόν

118 1019 221 1095 λέγων.
245 1015 311 1079 2υίέ
325 1009 502 1099 ἀνθρώπου,
515 1037 726 1097 προφητευσον
757 1037 817 1095 μου
830 1014 881 1077 ἐπὶ
892 1009 945 1077 τόν
957 1022 1067 1098 τοῖχον,
1081 1016 1131 1076 καί
1144 1015 1194 1078 ἐπὶ
1204 1010 1279 1087 τούς
1288 1014 1376 1079 ἀλεί-

117 1105 167 1168 &ui
180 1099 250 1175 τοὺς
262 1093 422 1183 προφήτας
440 1099 496 1163 τοῦ
509 1094 650 1201 Ἰσραήλ,
675 1099 726 1162 καί
759 1119 874 1178 φοντας
904 1093 1012 1171 αὑτὸν,
1037 1107 1177 1161 πεσεῖται.
1218 1099 1273 1161 καί
1300 1097 1376 1164 εἶπα

117 1178 344 1287 προφητεύσεις,
370 1184 421 1245 καὶ
434 1182 506 1265 ἐρεῖς
519 1205 595 1265 προς
608 1174 724 1254 αὐτούς.
758 1179 834 1263 πρὸς
853 1177 936 1261 ὑμᾶς.
963 1178 1018 1244 οὑκ
1032 1176 1271 1263 ἔστινότοῖχος,
1299 1180 1376 1247 οὑδὲ

120 1266 268 1333 ἀκουοατε
285 1260 376 1342 λόγον
393 1270 509 1350 κυρίου.
535 1265 550 1306 ³
564 1258 632 1327 τάδε
650 1264 726 1339 λέγει
759 1266 790 1326 οῖ
803 1261 972 1343 ἀλείφοντες
985 1261 1080 1328 αὑτὸν
1101 1263 1130 1305 ¹⁶
1141 1268 1302 1346 προφῆται
1315 1271 1375 1330 τοῦ

118 1347 226 1436 κύριος.
254 1346 326 1413 σιἰαί
338 1358 402 1423 τοῖς
414 1342 651 1431 προφητεύουσιν
663 1344 725 1410 ἀπὸ
755 1343 800 1413 ’lo
819 1344 887 1429 αήλ,
902 1351 931 1410 οῖ
942 1341 1177 1447 προφητεύοντες
1190 1350 1241 1410 ἐπὶ
1256 1346 1375 1434 Ἰερου-

118 1435 242 1520 καρδίας
260 1429 377 1507 αὐτῶν,
403 1432 455 1495 καὶ
478 1429 514 1494 τό
533 1426 670 1495 καθόλου
688 1427 726 1511 μή
760 1371 873 1513 σαλήμ,
898 1433 949 1493 καί
962 1433 992 1493 ολ
1006 1433 1130 1514 οραῑντες
1149 1427 1228 1522 αὐτῇ
1242 1430 1373 1516 εἰρήνην,

117 1517 287 1589 βλέπουσιν.
300 1510 366 1588 4ὡς
377 1508 524 1588 ἀλώπεκες
537 1518 568 1578 ἰν
580 1523 646 1587 ταῖς
659 1509 725 1616 ἱρή·
759 1515 810 1577 καί
836 1511 890 1577 οὑκ
916 1515 998 1578 ἐστιν
1021 1509 1116 1617 εἰρήνη
1121 1562 1130 1589 ,
1156 1511 1234 1591 λέγει
1259 1514 1369 1602 κύριος.

117 1624 185 1684 μοις
203 1600 235 1663 ot
251 1600 407 1683 προφήταί
425 1622 481 1661 σου
495 1595 618 1680 Ἰσραήλ
644 1597 658 1638 ⁵
672 1621 726 1659 ουκ
759 1598 786 1638 ¹⁷
800 1597 852 1660 καὶ
864 1594 901 1661 σὺ
915 1594 959 1659 υἱὲ
973 1594 1152 1680 ἀνθρωπου,
1178 1592 1325 1680 στήρισον
1336 1599 1372 1665 τό

118 1686 244 1765 ἔστησαν
255 1683 286 1744 ἐν
297 1674 480 1763 στερεοίματι.
498 1680 550 1744 καὶ
563 1678 727 1763 συνήγαγον
758 1675 921 1765 πρόςωπόν
934 1705 989 1744 σου
1002 1681 1052 1744 ἐπὶ
1064 1678 1119 1755 τάς
1129 1683 1305 1768 θυγατέρας
1313 1688 1371 1748 τοῦ

118 1771 243 1850 ποίμνια
268 1763 317 1828 ἰπὶ
341 1761 396 1828 τόν
415 1760 496 1827 οἶκον
514 1766 572 1827 τοῦ
595 1759 725 1847 Ἰσραήλ.
759 1761 838 1829 λαοῦ
863 1788 931 1839 σου,
957 1761 1012 1839 τάς
1034 1759 1288 1848 προφητευούσας
1305 1765 1368 1832 ἀπὸ

106 1845 176 1914 ,οὑκ
201 1846 365 1930 ἀνέστησαν
382 1851 413 1911 οῖ
431 1845 565 1923 λέγοντες
582 1848 613 1912 ἐν
632 1845 725 1931 ήμέρη
758 1845 881 1930 καρδίας
895 1844 1009 1920 αὐτῶν,
1033 1849 1084 1911 καί
1095 1845 1363 1930 προφήτευσονίπ’

118 1937 237 2016 κυρίου,
264 1929 449 2014 6βλέποντες
462 1930 566 2012 ψευδή,
585 1925 726 2011 μαντευό-
760 1927 863 2004 αὑτάς,
883 1929 974 1994 18καί
986 1933 1066 2014 ἐρεῖς.
1080 1928 1152 1996 τόδε
1164 1933 1243 2010 λέγει
1256 1930 1365 2018 κύριος.

117 2008 331 2096 μενοιμύταια,
341 2015 372 2075 οῖ
380 2012 521 2087 λέγοντες,
531 2011 606 2088 λέγει
616 2009 725 2097 κύριος,
758 2008 829 2077 οὑαί
846 2021 913 2086 ταῖς
929 2011 1172 2099 συβραπτούσαις
1198 2013 1361 2100 προςιιεφά·

118 2098 170 2161 καί
194 2090 294 2177 κύριος
319 2091 374 2158 οὐκ
399 2093 583 2160 ἀπέσταλκεν
605 2091 725 2171 αὐτούς,
757 2094 829 2159 λαιιι
846 2093 907 2161 ὑπὸ
925 2095 1025 2161 πάντα
1042 2093 1165 2174 ἀγκῶνα
1182 2099 1291 2188 χειρὸς.
1317 2104 1368 2165 καί

118 2181 170 2244 καὶ
199 2177 325 2264 ”ρξαντο
351 2181 407 2241 τοὺ
435 2175 602 2261 ἀναστῆσαι
626 2177 724 2257 λόγον.
757 2175 915 2254 ποιούσαις
928 2183 975 2244 ἔπι
996 2176 1086 2244 όλαια
1100 2183 1149 2245 ἕπί
1162 2187 1266 2248 πᾶσαν
1274 2209 1368 2264 κεφα-

119 2261 213 2347 Ὶοὺχι
238 2257 343 2346 ὅρασιν
368 2262 460 2346 ψευδή
478 2256 648 2346 ἕωράκατες
675 2265 726 2327 καί
757 2261 813 2346 λήν
838 2259 972 2348 πάσηςή
1022 2267 1082 2338 ἰας,
1108 2269 1165 2329 τοῦ
1181 2266 1370 2352 διαστρέφειν

117 2351 255 2429 μαντείας
266 2348 397 2427 ματαίας
409 2344 541 2428 εἰρήκατε
541 2374 559 2447 χ
584 2342 724 2411 8καίδιά
757 2341 864 2430 ψυχάς.
893 2350 925 2411 αἱ
943 2349 1041 2432 ψυχαί
1063 2343 1286 2432 διεστράφησαν
1311 2356 1368 2416 τοῦ

117 2432 212 2495 τοῦτο
227 2427 323 2503 ελπὸν,
343 2422 413 2491 τάδε
426 2429 500 2504 λέγει
514 2455 623 2514 κυριος.
652 2426 721 2494 ἀνθ’
756 2430 833 2494 λαοῦ
846 2454 919 2512 μου,
946 2433 997 2495 καί
1011 2431 1110 2516 ψυχὰς
1126 2439 1366 2533 περιεποιοῦντο.

119 2504 161 2575 τόν
175 2515 207 2575 oi
219 2509 302 2588 λόγοι
316 2510 398 2594 ὑμῶν
411 2512 535 2595 ψευδεῖς,
546 2514 596 2576 καί
607 2517 640 2577 αἶ
649 2536 724 2595 μαν-
756 2514 839 2577 19καὶ
852 2510 1010 2661 ε’βεβήλουν
1019 2539 1052 2596 με
1061 2512 1136 2599 πρός
1145 2538 1197 2578 τον
1206 2511 1284 2577 λαόν
1290 2543 1367 2596 μου,

118 2606 193 2660 τεῖαι
212 2592 296 2678 ὑμῶν
311 2591 454 2678 μάταιαι,
480 2593 530 2660 διὰ
548 2601 643 2662 τοῦτο
656 2595 722 2661 ίδοὺ
756 2600 847 2661 ἕνεκεν
880 2597 973 2683 ρακός
986 2602 1104 2686 κριθῶν,
1117 2598 1166 2660 καί
1178 2600 1271 2659 ένεκεν
1284 2599 1362 2661 κλα-

118 2676 178 2755 έγώ
204 2675 247 2758 ἐφ’
278 2676 370 2760 ὑμᾶς,
397 2678 473 2756 λέγει
498 2676 609 2761 κύριος,
645 2682 725 2743 9καὶ
757 2678 877 2761 σμότων
891 2679 992 2767 ἀρτων
1006 2686 1061 2747 τοὺ
1070 2679 1236 2745 ἀποκτεῖναι
1247 2681 1365 2764 ψυχὰς,

118 2764 226 2826 ἐκτενῶ
239 2759 293 2844 τήν
296 2756 387 2863 χεῖρά
394 2787 452 2842 μου
464 2763 514 2825 ἐπὶ
523 2761 594 2839 τοὺς
604 2768 724 2868 προφή-
756 2760 791 2837 ἀς
805 2762 861 2827 οὐκ
875 2767 930 2829 ἔδει
945 2763 1124 2839 ἀποθανεῖν,
1144 2765 1263 2829 καὶτοῦ
1278 2791 1368 2851 περι-

116 2870 170 2918 τας
195 2840 266 2917 τούς
292 2849 426 2928 ορῶντας
453 2845 548 2927 ψευδῆ
574 2850 625 2912 καὶ
651 2871 723 2922 τους
754 2842 940 2931 ποιήσασθαι
960 2849 1056 2935 ψυχὰς
1074 2847 1109 2924 ἀς
1126 2849 1181 2912 οὑκ
1195 2848 1252 2912 ἔδει
1265 2850 1365 2933 ζήσαι,

115 2926 406 3010 ἀποφθεγγομένους
417 2922 539 3009 μάταια.
559 2932 591 2993 ἒν
603 2930 722 3012 παιδείᾳ
755 2932 785 2994 ἒν
798 2935 843 3014 τῷ
856 2931 1108 3012 ἀποφθέγγεσθαι
1121 2928 1196 3015 ὑμᾶς
1206 2931 1273 3016 λαῷ
1287 2939 1366 3010 είςα-

116 3016 173 3075 τοὺ
189 3009 269 3074 λαοῦ
285 3036 343 3093 μου
364 3009 419 3074 οὐκ
439 3014 574 3086 ἔσονται,
602 3013 673 3077 οὐδὲ
691 3016 723 3078 ἐν
754 3012 875 3080 κούοντι
888 3013 1002 3096 μάταια
1015 3015 1251 3097 ἀποφθέγματα.
1273 3019 1365 3082 20διδ

114 3097 218 3176 γραφή
230 3095 315 3156 οἴκου
326 3090 448 3176 Ἰσραήλ
457 3092 493 3158 ού
502 3091 721 3180 γραφήσονται,
755 3101 846 3162 τοῦτο
864 3095 933 3163 τάδε
952 3099 1029 3176 λέγει
1042 3097 1141 3184 κύριος
1160 3097 1270 3181 κύριος.
1299 3103 1365 3167 ἲδοὺ

114 3176 166 3237 καί
178 3161 216 3248 είς
235 3174 289 3256 τήν
307 3179 363 3256 γήν
374 3181 432 3238 τοῦ
446 3175 567 3261 Ἰσραήλ
583 3178 637 3243 οὐκ
653 3184 722 3255 είςε-
754 3182 811 3257 ἐγὼ
826 3183 876 3245 ἐπὶ
894 3179 932 3246 τά
950 3180 1176 3266 προςκεφάλαια
1191 3182 1290 3264 ὑμῶν,
1317 3185 1362 3266 ἀφ’

115 3252 288 3331 λεύσονται,
312 3260 362 3322 καί
378 3256 546 3335 γνώσονται
565 3259 641 3326 διότι
660 3262 720 3341 ἐγὼ
754 3262 775 3328 ἀ
800 3261 877 3346 ὑμεῖς
901 3268 961 3327 ἐκεῖ
983 3269 1156 3347 συοτρέφετε
1175 3264 1287 3349 ψυχάς.
1314 3271 1366 3335 καὶ

114 3338 222 3424 κύριος.
261 3343 291 3385 ¹⁰
303 3339 374 3406 ἀνθ’
402 3332 444 3405 οὑν
470 3340 643 3430 ε’πλάνησαν
668 3346 721 3411 τὸν
753 3341 898 3431 διαρῥήξω
924 3343 1003 3409 αὑτά
1027 3344 1090 3409 ἀπὸ
1108 3350 1173 3409 τῶν
1190 3346 1365 3433 βραχιόνων

115 3421 189 3490 λαόν
200 3451 276 3509 μου,
302 3424 448 3503 λέγοντες,
470 3424 582 3512 εἰρήνη,
600 3435 651 3495 καὶ
664 3429 721 3493 οὑκ
754 3428 850 3512 ὑμῶν,
874 3429 926 3495 καὶ
942 3427 1132 3506 ἐξαποστελῶ
1144 3425 1199 3504 τάς
1212 3433 1317 3518 ψυχὰς
1329 3432 1365 3510 ἀς

114 3511 194 3574 ἔστιν
209 3505 316 3615 εἰρήνη.
331 3511 382 3573 καί
394 3502 483 3586 οὑτος
497 3515 648 3597 οἰκοδομεῖ
656 3524 718 3578 τοῖ·
755 3512 830 3592 ὑμεῖς
844 3515 1014 3598 ἕκστρὲφετε
1026 3511 1081 3587 τάς
1094 3509 1193 3598 ψυχάς
1206 3513 1313 3581 αὐτῶν
1325 3524 1364 3593 εἷς

112 3616 176 3675 χον,
195 3618 247 3654 και
259 3591 348 3655 αὑτοὶ
360 3592 531 3674 ἀλείφουσιν
544 3593 649 3672 αὑτὸν,
667 3620 720 3661 πε-
752 3597 998 3702 διασκορπισμόν,
1030 3600 1057 3639 ²¹
1070 3599 1122 3661 καὶ
1146 3597 1295 3701 διαρῥήξω
1322 3603 1364 3665 τὰ

114 3683 215 3737 σεῖται.
232 3673 349 3739 1Ῑεῖπδν
361 3678 437 3760 πρὸς
450 3678 522 3752 τούς
535 3677 718 3762 ἀλείφοντας.
751 3677 911 3767 ἒπιβόλαια
921 3685 1012 3763 υμῶν,
1022 3682 1075 3745 καὶ
1083 3675 1211 3766 ῥύσομαι
1221 3706 1274 3746 τον
1284 3682 1364 3750 λαόν

113 3765 255 3831 πεσεῖται,
266 3758 318 3820 καὶ
331 3760 414 3823 ἔσται
425 3757 509 3835 ὑετός
519 3761 719 3841 κατακλύζων,
750 3791 809 3848 μου
820 3768 852 3829 ἐκ
863 3762 958 3848 χειρός
972 3761 1068 3845 ὑμῶν,
1095 3766 1147 3830 καὶ
1159 3762 1257 3830 ούκέτι
1270 3767 1362 3830 ἔσον-

113 3837 164 3900 καὶ
173 3834 263 3903 δεύσω
273 3839 380 3915 λίθους
389 3845 588 3931 πετροβόλους
599 3852 638 3922 εἷς
648 3845 719 3921 τοὺς
751 3874 800 3913 ται
810 3853 842 3912 ἐν
853 3850 951 3951 χερσίν
963 3846 1045 3931 ὑμῶν
1059 3853 1097 3923 εἰς
1111 3844 1290 3933 συστροφήν.
1310 3853 1364 3915 καί

112 3919 268 4014 ἕνδέσμους
281 3920 394 4001 αὐτῶν,
418 3928 469 3991 καὶ
482 3935 654 4004 πεσοῦνται,
667 3932 719 3995 καί
750 3935 959 4009 έπεγνωσεοθε,
975 3927 1050 3996 διότι
1060 3929 1117 4010 ἐγώ
1131 3927 1238 4014 κύριος.
1252 3931 1360 3998 ”M

111 4027 223 4083 πνευμα
235 4005 361 4088 ἕξινῖρον,
376 4010 426 4073 καὶ
437 4008 605 4096 ῥαγήσεται.
627 4017 655 4054 ¹²
668 4015 719 4077 καὶ
751 4006 793 4079 ιὺν
811 4014 994 4098 διεστρέφετε
1011 4018 1135 4101 καρδίαν
1153 4016 1282 4091 δικαίου,
1310 4020 1363 4082 καὶ

110 4085 177 4151 ίδοὺ
188 4089 346 4152 πέπτωκεν
360 4088 493 4177 ὑτοῖχος,
507 4098 559 4160 καί
571 4096 626 4160 οὐκ
636 4101 717 4181 ἐροῦ-
750 4095 809 4176 ἐγώ
837 4097 874 4161 οά
900 4100 1073 4184 διέστρεφον
1097 4095 1207 4174 αὑτὸν,
1233 4103 1363 4166 καὶτοῦ

108 4192 137 4272 ρι
164 4167 241 4273 πρρρ
264 4167 347 4315 ξηρᾶς.
387 4181 449 4239 ποῦ
471 4177 585 4264 ἕστινή
604 4178 717 4264 ἀλοιφή
749 4177 923 4267 κατισχύσαι
935 4193 1034 4268 χεῖρας
1047 4178 1163 4267 ἀνόμου
1171 4180 1208 4246 τὸ
1218 4180 1361 4249 καθόλου

106 4257 193 4335 υμῶν
208 4276 276 4357 ηνη
310 4257 414 4337 ι’ψατε.·
439 4261 465 4301 ¹³
478 4261 528 4324 διὰ
541 4266 633 4328 τοῦτο
645 4260 716 4329 τάδε
747 4264 787 4350 μή
806 4264 1002 4353 ἀποστρέψαι
1021 4265 1084 4332 ἀπὸ
1103 4269 1156 4349 τῆς
1176 4264 1251 4331 ὁδοῦ
1261 4266 1360 4333 αὑτοῦ

105 4333 182 4415 λέγει
191 4363 299 4425 κυριος.
313 4341 364 4402 καὶ
377 4341 457 4426 ῥήξω
470 4342 567 4426 πνοήν
579 4347 714 4430 ἒξαίρου-
748 4352 800 4431 τῆς
812 4355 955 4436 πονηρᾶς,
974 4352 1024 4413 καί
1037 4354 1123 4454 ζήσαι
1137 4348 1240 4415 αὐτόν.
1264 4349 1294 4391 ²³
1307 4348 1361 4416 διά

104 4444 162 4486 σαν
177 4421 252 4506 μετὰ
265 4425 379 4506 θυμοῦ,
402 4424 453 4488 καὶ
467 4421 550 4500 ὑετὸς
562 4424 711 4496 κατακλὺ-
747 4437 840 4498 τοῦτο
864 4436 959 4517 ψευδή
980 4432 1016 4497 οὗ
1034 4462 1074 4518 μη
1094 4435 1188 4518 ἴδητε,
1214 4437 1266 4498 καί
1282 4460 1360 4517 μαν-

101 4503 161 4578 ζων
177 4511 210 4573 έν
228 4505 304 4603 ὀργή
319 4532 378 4590 μου
395 4512 486 4575 ἔσται.
513 4512 564 4576 καί
582 4510 653 4590 τούς
665 4513 711 4579 λί-
747 4521 826 4592 τείας
838 4516 874 4581 οὐ
886 4515 926 4598 μή
938 4513 1144 4602 μαντεύσησθε
1160 4517 1212 4581 ἔτι.
1223 4569 1225 4573 ,
1238 4520 1292 4582 καί
1305 4518 1360 4605 ῥεί-

1269 4626 1361 4687 σομαι
