2924 4972
188 349 297 415 στειλεν
314 352 346 412 ἐν
380 350 433 434 ειρλ
448 345 568 432 Οὐρίου.
594 349 686 412 15καί
704 350 795 432 λ’γρα-
828 352 886 411 τοῦ
909 345 1068 432 βασιλέως,
1094 350 1147 409 καί
1164 340 1232 420 γεὸ
1252 341 1362 418 δοῦλός
1380 369 1432 409 σου

187 453 245 514 ψεν
268 434 300 496 ἐν
320 435 370 518 βιβ
399 458 440 514 ῳ,
464 430 567 508 λέγων.
595 424 726 506 είςάγαγε
742 426 796 493 τὸν
830 427 942 514 Οὐρίας
959 425 977 492 ό
995 436 1145 502 Χετταῖος
1163 421 1306 492 ἀπόθανε.
1343 428 1372 470 ²⁵
1385 425 1434 491 καλ

191 513 304 601 Οὐρίαν
328 516 493 591 ἐξεναντίας
518 516 573 577 τοῦ
590 513 723 595 πολέμου
739 515 796 576 τοῦ
827 511 890 577 εἷπε
907 512 1005 577 Δαυίδ
1024 508 1102 597 πρός
1124 507 1177 575 τόν
1194 508 1327 589 ἀγγελον.
1363 505 1435 574 τάδε

187 600 349 684 κραταιοῦ,
373 596 425 660 καί
441 592 715 680 ἀποστραφήσεσθε
731 594 794 660 ἀπὸ
828 597 900 680 ἐρεῖς
911 593 989 679 πρὸς
998 590 1096 681 Ἰωάβ.
1114 592 1154 678 μή
1166 591 1300 679 πονηρόν
1313 596 1390 657 ἐστιν
1403 595 1434 656 ἐν

188 680 314 746 ὐπισθεν
339 676 448 754 αὐτοῦ,
474 681 526 744 καὶ
549 673 728 761 πληγήσεται
744 679 796 741 καί
828 676 1001 759 ὀφθαλμοῖς
1026 702 1081 741 σου
1099 674 1135 740 τό
1154 680 1236 759 ῥῆμα
1253 680 1359 749 τοῦτο,
1386 670 1455 738 ὅτι,

187 762 397 827 ἀποθανεῖται.
433 762 526 825 1οκαί
551 756 685 844 ἐγενήθη
702 763 733 824 ἐν
749 764 793 842 τῷ
826 759 903 825 ποτὲ
914 761 966 842 μὲν
978 755 1074 833 οὐτιος
1085 760 1137 822 καί
1147 757 1223 822 ποτὲ
1235 752 1330 830 οὐτιος
1342 750 1433 836 φάγε-
1454 798 1457 836 η

186 842 347 927 φυλάσσειν
368 840 462 930 Ἰιοόιβ
478 846 528 908 ἐπί
544 841 598 927 τήν
614 838 718 920 πόλιν,
742 842 796 906 καί
826 867 877 906 ται
890 838 908 925 ή
919 838 1060 926 μάχαιρα.
1076 845 1265 924 κραταίιοσον
1276 837 1330 902 τὸν
1341 834 1435 902 πόλε-

186 931 293 1011 ἐθηκεν
317 923 369 990 τόν
388 923 501 1012 Οὐρίαν
518 930 556 1001 είς
573 923 628 991 τόν
643 920 738 990 τόπον
756 916 794 989 οὐ
825 920 880 1006 μόν
892 949 945 989 σου
965 928 1005 997 εἰς
1017 920 1071 1007 τήν
1083 919 1185 997 πόλιν,
1210 923 1262 985 καὶ
1273 916 1433 987 κατάσπα-

185 1010 247 1092 ήδει
261 1005 307 1073 ότι
319 1006 423 1093 ἀνδρες
440 1004 588 1092 δυνάμεως
600 1011 666 1072 ἐκεῖ.
703 1007 795 1071 17καί
828 1032 882 1072 σον
907 1004 1016 1091 αὐτήν,
1041 1009 1093 1070 καί
1117 1010 1308 1090 κραταίιοσον
1331 1001 1433 1088 αὐτήν.

186 1081 314 1176 ἐξῆλθον
337 1094 369 1155 ολ
392 1090 493 1176 ἀνδρες
517 1095 571 1173 τῆς
587 1088 717 1167 πόλεως,
743 1090 795 1155 καλ
828 1091 915 1154 26καί
925 1088 1048 1172 ἤκουσεν
1059 1087 1078 1191 j
1090 1086 1164 1170 γυνή
1178 1086 1288 1172 Οὐρίου
1299 1081 1345 1149 ότι
1358 1084 1435 1151 ἀπί-

186 1175 351 1256 ἐπολέμουν
362 1174 438 1258 μετὰ
447 1170 549 1278 Ἰωάβ.
575 1175 627 1238 καί
641 1177 751 1238 ἔπεσαν
762 1174 794 1235 ἐκ
827 1183 918 1237 θανεν
933 1170 1042 1258 Οὐρίας
1055 1197 1073 1235 ο
1087 1170 1159 1256 ἀνήρ
1174 1168 1280 1251 αὐτῆς,
1303 1172 1355 1233 καλ
1368 1167 1434 1235 ἐκό-

1458 1144 1460 1154 ν

1458 1166 1460 1176 ι

185 1264 243 1324 τοῦ
255 1258 330 1323 λαοῦ
348 1260 381 1321 ἐκ
398 1262 458 1322 τῶν
476 1257 592 1322 δουλων
606 1257 718 1331 Δαυίδ,
744 1257 795 1320 καί
827 1274 911 1339 ψατο
926 1256 979 1321 τὸν
991 1254 1087 1340 ἀνδρα
1100 1252 1200 1337 αὐτῆς.
1226 1256 1255 1295 ²⁷
1268 1256 1319 1317 καὶ
1330 1252 1434 1335 διῆλθε
1458 1301 1460 1316 1

185 1340 320 1407 ἀπέθανε
345 1347 397 1405 καί
413 1366 446 1417 γε
468 1339 578 1444 Οὐρίας
599 1337 616 1403 ὁ
636 1346 793 1413 Χετταῖος.
827 1337 864 1404 τὸ
877 1343 1003 1415 πένθος,
1022 1342 1073 1403 καί
1084 1332 1239 1402 ἀπέστειλε
1253 1337 1365 1412 Ααυίδ,
1384 1340 1434 1401 καὶ

184 1426 272 1489 18καὶ
283 1423 452 1487 ἀπέστειλεν
460 1420 561 1510 Ἰωαβ,
574 1424 626 1486 καί
637 1419 795 1506 ἀπήγγειλε
829 1419 990 1507 συνήγαγεν
1007 1417 1101 1503 αὐτήν
1117 1425 1155 1495 εἰς
1167 1417 1221 1483 τὸν
1234 1419 1317 1483 οἷκον
1329 1417 1433 1493 αὐτοῦ,

185 1511 230 1587 τῷ
252 1506 353 1570 Δαυλδ
376 1501 493 1578 πάντας
517 1501 586 1580 τούς
609 1500 715 1581 λόγους
738 1509 793 1569 τοῦ
828 1508 880 1570 καλ
901 1501 1028 1589 ἐγενήθη
1051 1502 1136 1586 αὐτῷ
1161 1507 1200 1577 εἰς
1221 1514 1361 1579 γυναῖκα,
1386 1505 1436 1567 καί

184 1588 320 1671 πολέμου
346 1585 477 1669 λαλῆσαι
493 1585 570 1672 πρὸς
587 1585 640 1651 τόν
657 1586 792 1674 βασιλέα.
828 1589 922 1651 ἔτεκεν
933 1585 1017 1669 αὐτῷ
1032 1581 1105 1650 υίόν.
1132 1589 1183 1650 καὶ
1195 1584 1329 1669 πονηρὸν
1340 1582 1436 1667 ἐφάνη

186 1673 215 1714 ¹⁹
228 1673 279 1735 καί
291 1668 451 1734 ἐνετείλατο
470 1673 515 1752 τῷ
535 1667 666 1753 ἀγγελῳ,
691 1669 792 1748 λόγων.
827 1669 864 1735 τό
881 1673 961 1756 ῥῆμα
980 1666 999 1733 δ
1018 1672 1137 1751 ἐποίησε
1150 1669 1250 1734 Δαυίδ
1266 1674 1297 1734 ἐν
1313 1667 1436 1750 ὀφθαλ-

186 1757 218 1819 ἐν
230 1758 274 1836 τῷ
292 1751 458 1819 συντελέσαι
476 1751 593 1828 πάντας
605 1753 675 1828 τούς
687 1750 794 1829 λόγους
826 1764 894 1836 μοῖς
906 1759 1020 1839 κυρίου.

185 1842 240 1901 τοῦ
253 1836 387 1918 πολέμου
405 1835 532 1918 λαλῆσαι
549 1834 625 1920 πρός
643 1836 794 1922 τὸνβασι-
1011 1841 1087 1899 ΚΕ
1098 1840 1136 1899 Φ.
1181 1829 1254 1899 ΙΒ’.

186 1919 256 1995 λὲα,
282 1921 314 1962 ²⁰
331 1918 382 1982 καί
404 1921 488 1984 ἔσται
508 1919 561 1983 ἐάν
578 1917 709 2011 ἀναβήό
734 1927 791 1980 θυ-
827 1884 913 1982 Kal
937 1914 1090 1983 ἀπέστειλε
1114 1913 1216 2002 κύριος
1240 1915 1293 1982 τὸν
1317 1912 1434 1982 Νάθαν

185 2001 238 2084 μύς
250 2004 306 2066 τοῦ
317 1999 470 2087 βασιλέως,
483 2003 535 2065 καί
547 2001 615 2093 είπη
628 2027 687 2076 σοι,
702 2006 734 2064 τί
746 1995 792 2063 ὅτι
828 1998 882 2065 τὸν
891 1997 1050 2086 προφήτην
1057 1997 1134 2086 πρὸς
1147 2001 1251 2074 Λαυὶδ,
1261 2003 1312 2064 καί
1320 2001 1436 2104 εἶςήλθε

185 2082 325 2168 ήγγίσατε
341 2079 419 2164 πρὸς
435 2082 489 2147 τ“ν
507 2079 595 2148 πόλιν
613 2084 792 2186 πολεμήσαις
827 2083 903 2169 πρὸς
916 2082 1019 2159 αὐτὸν,
1033 2088 1084 2149 καὶ
1095 2082 1171 2148 εἶπεν
1183 2081 1275 2164 αὐτῷ.
1291 2079 1345 2148 δύο
1359 2107 1435 2166 ησαν

186 2165 241 2232 οὐκ
260 2165 352 2260 ᾔδειτε
365 2163 412 2230 ότι
424 2111 614 2242 τολεύσουσιν
630 2163 793 2231 ἀπανυιθεν
829 2165 930 2252 ἀνδρες
941 2170 973 2232 ἐν
985 2165 1070 2231 πόλει
1081 2171 1149 2250 μιᾷ,
1165 2167 1203 2242 εἷς
1214 2161 1367 2249 πλούσιος,
1386 2169 1437 2232 καί

185 2254 242 2314 τοῦ
254 2255 364 2334 τείχους
368 2277 381 2327 ,·
405 2251 433 2290 ²¹
446 2256 490 2324 τίς
503 2245 633 2325 ἐπάταξε
644 2248 698 2313 τὸν
710 2247 791 2336 Ἀβι-
829 2250 867 2324 είς
879 2246 978 2333 πίνης.
1004 2254 1083 2315 2καί
1101 2255 1144 2332 τῷ
1162 2250 1296 2332 πλουσίῳ
1314 2249 1351 2333 ήν
1364 2255 1435 2315 ποί-

183 2327 596 2418 ιιίλεχυῖδνἹεροβάαλυίοῦ
610 2327 700 2436 Νήρς
726 2330 793 2436 οὐηλ
828 2357 897 2414 μνια
927 2337 979 2398 καί
1005 2329 1148 2420 βουκόλια
1180 2331 1281 2397 πολλὰ
1307 2331 1434 2418 σφόδρα.

183 2415 254 2500 γυνή
273 2417 377 2502 ἔρριψε
393 2412 512 2498 κλάσμα
527 2410 622 2497 μύλου
638 2418 676 2479 ἐπ
698 2411 792 2479 αὐτον
828 2417 908 2481 3καί
929 2420 974 2499 τῷ
991 2415 1096 2500 πίνητι
1116 2413 1201 2480 οὐδὲν
1219 2413 1282 2479 ἀλλ’
1305 2413 1435 2498 ήάμνάς

183 2497 247 2565 ἀπὸ
260 2497 377 2564 ἀνωθεν
389 2502 444 2562 τοῦ
456 2502 582 2581 τείχους,
607 2495 791 2563 καλάπόθα-
828 2503 882 2581 μία
905 2497 1010 2585 μικρά,
1035 2497 1070 2583 ἣν
1094 2494 1240 2582 ἐκτήσατο
1265 2503 1315 2563 καὶ
1340 2524 1435 2585 περιε-

182 2608 228 2649 νεν
253 2584 284 2646 ἐν
313 2583 449 2663 Θαμασίς
487 2584 568 2645 ίνατί
595 2577 792 2668 προςηγάγετε
828 2578 980 2686 ποιήσατο
1011 2587 1065 2649 καὶ
1087 2578 1243 2666 ἐξέθρεψεν
1267 2579 1361 2686 αὐτήν
1386 2587 1435 2647 καί

182 2665 260 2749 πρὸς
277 2663 314 2729 τὸ
335 2675 443 2748 τεῖχος,
473 2665 524 2726 καί
543 2665 623 2746 ἐρεῖς.
654 2671 707 2728 καί
721 2660 791 2742 γεὸ
829 2661 963 2765 ήδρυνθη
987 2664 1045 2748 μετ’
1075 2663 1170 2730 αὐτοῦ
1200 2669 1252 2729 καὶ
1275 2691 1350 2746 μετα
1375 2671 1435 2731 τῶν

183 2743 291 2822 δοῦλός
307 2772 361 2811 σου
382 2743 491 2831 Οὐρίας
509 2741 527 2809 ό
546 2752 697 2822 Χετταῖος
714 2747 791 2812 ἀπέ-
828 2751 901 2812 υίων
914 2748 1011 2813 αὐτοῦ
1025 2748 1076 2812 ἐπὶ
1088 2746 1124 2812 τό
1135 2745 1261 2824 αὐτὸ,ἐκ
1273 2752 1330 2813 τοῦ
1339 2747 1434 2834 ἀρτου

182 2840 265 2894 θανε.
278 2831 364 2893 22καί
375 2824 522 2913 ἐπορεύθη
534 2824 552 2891 ὁ
565 2826 689 2905 ἀγγελος
698 2826 792 2915 Ἰοοάβ
829 2826 925 2894 αὐτοῦ
936 2829 1032 2913 ἤσθιε,
1046 2833 1097 2895 καί
1109 2833 1140 2894 ἐκ
1153 2836 1209 2895 τοῦ
1219 2838 1369 2917 ποτηρίου
1377 2829 1434 2897 αὐ-

180 2910 258 2999 πρὸς
269 2909 323 2977 τόν
335 2910 462 2999 βασιλέα
472 2916 512 2987 είς
519 2907 722 2997 Ἰερουσαλήμ,
739 2913 791 2977 καί
828 2915 883 2976 τοῦ
908 2915 999 2991 ἔπινε,
1025 2914 1133 2997 καὶέν
1151 2918 1195 2997 τῷ
1214 2911 1319 2998 κόλπῳ
1340 2913 1434 2981 αὐτοῦ

181 2998 359 3077 παρεγένετο
386 2996 437 3059 καί
455 2989 612 3079 ἀπήγγειλε
628 3000 673 3078 τῷ
692 2995 792 3061 Λαυίδ
828 2990 984 3072 ἐκάθευδε,
1009 2998 1060 3061 καί
1078 2997 1115 3099 η’ν
1133 2994 1216 3080 αὐτῷ
1234 2993 1275 3073 ὡς
1287 2994 1434 3084 θυγάτηρ.

181 3073 281 3142 πάντα
307 3075 378 3142 ὅσα
391 3073 562 3162 ἀπήγγειλεν
586 3075 673 3161 αὐτῷ
697 3075 792 3163 Ἰονάβ
827 3076 913 3141 4καί
942 3067 1016 3161 ήλθε
1045 3082 1183 3165 παροδος
1210 3087 1254 3165 τῷ
1281 3080 1366 3167 ἀνδρί
1389 3085 1433 3164 τῷ

180 3160 282 3226 πάντα
299 3158 338 3224 τά
358 3158 478 3244 ῥήματα
494 3164 553 3224 τοῦ
567 3159 711 3241 πολέμου.
739 3162 791 3224 καί
827 3158 980 3245 πλουσίῳ,
1004 3164 1056 3227 καί
1067 3166 1206 3244 ἐφείσατο
1218 3163 1318 3250 λαβεῖν
1330 3169 1362 3229 ἐκ
1374 3169 1434 3229 ταῖν

181 3238 329 3327 ἐθυμώθη
343 3245 441 3310 Λαυίδ
450 3239 526 3328 πρός
535 3239 643 3328 Ἰωάβ,
665 3243 718 3308 καί
730 3240 790 3307 εἶπε
826 3251 972 3324 ποιμνίων
985 3243 1081 3311 αὐτοῦ
1094 3249 1146 3312 καί
1157 3249 1190 3311 ἐκ
1199 3251 1260 3312 τῶν
1268 3248 1434 3332 βουκολίων

181 3325 257 3413 πρὸς
276 3325 329 3393 τὸν
341 3326 473 3422 άγγελρν.
501 3330 582 3391 ῐνατί
592 3323 790 3413 προςηγάγετε
828 3323 923 3391 αὐτοῦ
935 3335 994 3394 τοῦ
1005 3333 1131 3413 ποιήσαι
1145 3335 1190 3393 τιό
1198 3326 1271 3414 ξίνῳ
1280 3327 1433 3413 ὁδοιπόρῳ

180 3438 205 3475 π
224 3411 257 3487 ὸς
274 3408 328 3516 τήν
344 3411 435 3508 now
450 3412 506 3475 τοῦ
523 3410 707 3514 πολεμήσαις
734 3407 789 3475 οὐκ
827 3415 870 3491 τῷ
897 3408 1019 3478 ἐλθόντι
1043 3411 1119 3498 πρὸς
1145 3395 1251 3488 αὐτὸν,
1277 3415 1327 3477 καί
1344 3412 1433 3494 ὲλαβε

179 3437 273 3588 ᾔδειτε
298 3491 346 3558 ότι
371 3488 558 3576 «οεγήσεσθε
573 3492 639 3559 ἀπο
656 3497 713 3557 τοῦ
729 3498 790 3557 τεί·
827 3493 882 3596 τήν
895 3492 1013 3578 ἀμνάδα
1022 3503 1078 3562 τοῦ
1090 3494 1225 3580 πένητος,
1236 3497 1287 3559 καί
1296 3499 1434 3574 ἐποίησεν

179 3604 265 3662 χουςς
287 3584 333 3653 τίς
350 3576 478 3654 lma&
493 3574 547 3639 τὸν
558 3573 707 3661 Ἀβιμολεχ
724 3573 790 3640 υἱόν
827 3575 921 3663 αυτήν
938 3585 982 3664 τῷ
994 3579 1081 3665 ἀνδρί
1097 3584 1142 3662 τῷ
1154 3574 1275 3642 ἐλθόντι
1287 3573 1363 3678 πρὸς
1376 3574 1432 3638 αὐ·

178 3659 350 3748 Ἰεροβάαλς
377 3658 442 3743 οὐχί
458 3655 528 3741 γυνή
542 3659 660 3743 ἔρριψεν
671 3655 717 3722 ἐπ’
732 3656 789 3722 αὐ-
827 3658 889 3726 τόν.
910 3662 986 3728 εκαλ
998 3659 1147 3746 ἐθυμώθη
1158 3658 1234 3748 ὀργῇ
1247 3656 1343 3721 Δαυιδ
1355 3655 1433 3737 σφό-

179 3742 234 3807 τόν
259 3740 377 3824 κλάσμα
401 3740 495 3823 μύλου
521 3737 585 3806 ἀπὸ
602 3745 658 3806 τοῦ
676 3748 788 3825 τείχους
827 3745 885 3831 δρα
909 3752 953 3829 τῷ
973 3745 1069 3833 ἀνδρί.
1094 3746 1146 3807 καί
1164 3742 1225 3806 εἶπε
1243 3740 1339 3804 Δαυὶδ
1355 3741 1432 3825 πρὸς

180 3827 231 3888 καί
243 3823 393 3891 ἀπέθανεν
405 3828 436 3889 ἐν
453 3826 590 3906 Θαμαοίς
605 3827 686 3889 ίνατί
696 3850 721 3887 π
740 3850 788 3899 ος-
825 3824 952 3892 Νάθαν.
981 3833 1014 3913 ζῆ
1027 3824 1136 3912 κύριος,
1157 3819 1204 3888 ότι
1217 3820 1282 3897 υίὸς
1294 3821 1431 3889 θανάτου

179 3904 304 3985 ηγάγετε
320 3904 398 3992 πρός
414 3904 451 3971 τὸ
468 3919 514 3971 τε*
528 3933 577 3988 οςς
603 3849 788 3972 Ἀκαλελπεν
827 3907 938 3996 ὁάνήρ
959 3910 977 3977 ό
995 3900 1120 3994 ποιήσας
1139 3911 1247 3982 τοῦτο,
1279 3908 1358 3971 6καί
1377 3906 1430 3992 τήν

180 3988 420 4073 ὅὸίνλέλθςπρὸς
433 3933 538 4054 Λαυύ.
563 3987 610 4056 ότι
624 3993 788 4074 ἐνραταίω-
826 3990 945 4096 ἀμνάδα
965 3993 1102 4059 ἀποτίσει
1117 3989 1343 4055 ἑπταπλασίονα
1359 3989 1428 4057 ἀνθ’

180 4095 237 4137 σαν
253 4070 297 4151 ἐφ’
317 4067 392 4154 ἡμᾶς
420 4075 451 4135 οῖ
473 4070 573 4158 ἀνδρες
591 4075 643 4139 καί
661 4071 789 4154 ἐξήλθον
826 4098 869 4138 ων
893 4072 940 4140 ότι
957 4077 1077 4158 ἐποίησε
1093 4071 1130 4138 τὸ
1148 4076 1227 4159 ῥῆμα
1249 4079 1356 4150 τοῦτο,
1381 4076 1432 4140 καί

179 4151 222 4235 ἐφ’
238 4151 314 4238 ήμᾶς
326 4158 365 4228 είς
378 4149 431 4216 τόν
447 4152 555 4238 ἀγρὸν,
579 4158 632 4220 καί
647 4152 787 4260 ἐγενήθη-
825 4157 894 4240 περί
905 4149 940 4222 οὐ
954 4157 1009 4223 οὐκ
1021 4160 1171 4238 ἐφείσατο.
1197 4160 1210 4200 7
1223 4160 1274 4222 καὶ
1286 4156 1346 4222 εἶπε
1358 4155 1430 4222 Νά-

178 4261 229 4320 μεν
241 4233 285 4302 ἐπ’
301 4232 411 4310 αὐτούς
424 4240 480 4310 ἕως
489 4240 543 4320 τῆς
557 4235 653 4323 θύρας
665 4244 716 4323 τής
728 4266 787 4304 πυ-
825 4251 889 4305 θαν
901 4238 977 4327 πρὸς
987 4242 1091 4306 Λαυίδ.
1107 4239 1143 4307 σύ
1158 4237 1213 4305 εἶύ
1226 4240 1300 4324 ἀνήρ
1313 4237 1430 4344 ὁποιή-

178 4320 239 4404 λης.
276 4318 308 4363 ²⁴
321 4320 373 4385 καὶ
397 4316 551 4395 ἐτόξευσαν
574 4323 606 4386 οἶ
625 4319 788 4400 τοξεύοντες
827 4351 881 4400 σας
897 4328 997 4390 τοῦτο.
1024 4323 1094 4390 τάδε
1113 4321 1188 4402 λε’γει
1206 4323 1305 4411 κύριος
1323 4323 1340 4389 ὁ
1360 4335 1430 4397 θεος

178 4402 255 4487 πρός
275 4400 345 4480 τούς
363 4400 474 4478 παῖδάς
487 4428 541 4468 σου
554 4400 717 4471 ἀπάνευθεν
730 4413 788 4474 τοῦ
823 4405 950 4494 Ἰσραήλ.
978 4404 1038 4486 ἐγιό
1054 4414 1109 4491 εἶμι
1129 4406 1146 4472 ό
1166 4416 1266 4493 χρίσας
1281 4434 1312 4472 σε
1325 4412 1363 4482 εἷς
1374 4410 1429 4491 βα-

177 4494 305 4574 τεῖχους,
334 4490 386 4554 καί
408 4485 566 4554 ἀπέθανον
589 4493 651 4554 τεόν
669 4490 788 4557 παίδων
826 4491 1117 4582 σιλίαέπλἸσραήλ,
1140 4495 1191 4559 καλ
1208 4487 1267 4572 ἐγώ
1280 4497 1334 4575 εἰμι
1347 4492 1430 4593 ἐβρυ-

1338 4597 1432 4655 σαιιην
