2924 4972
171 194 235 258 450
277 185 771 252 ΠΑΡΑΛΕΙΠΟΜΕΝΩΝ
801 187 939 247 ΔΕΥΤ.
982 177 1301 268 Κεφ.ιζ’.ιη’.17.18.

173 341 214 381 τει
238 319 290 416 της
312 312 464 398 βασιλείας
490 308 596 384 αὐτοῦ,
629 307 782 374 ἀπέστειλε
817 309 866 373 διὰ
881 309 983 383 τέλους
995 312 1070 372 ἐτῶν
1087 304 1163 392 πρός
1176 306 1290 395 Ἀχαὰβ
1302 313 1342 384 είς
1355 318 1423 375 Σα-

172 396 243 471 τούς
259 398 435 479 ηνουμένους
445 393 542 457 αὐτοῦ
553 396 604 457 καὶ
616 390 688 467 τούς
698 391 782 467 υἱούς
814 389 946 478 μάρειαν,
959 393 1009 456 καί
1019 394 1123 455 ε”θυοεν
1133 389 1218 456 αὐτοῦ
1224 390 1338 480 Ἀχαάβ
1346 390 1425 479 πρό-

173 486 234 545 τῶν
248 481 391 550 δυνατῶν,
411 474 666 561 τὸνἈβδίαν,καί
679 480 782 559 Ζαχα-
815 480 895 622 §Zaa
912 477 962 538 καί
984 472 1111 576 μόσχους
1136 474 1196 538 πολ
1217 471 1283 551 ούς,
1309 479 1362 541 καί
1381 482 1426 560 τῷ

174 571 257 651 ρίαν,
284 565 334 626 καί
350 559 540 642 Ναθαναὴλ,
567 562 618 623 καὶ
636 564 782 643 Μιχαίαν,
855 562 881 640 ᾦ
898 561 939 640 τῷ
952 555 1009 640 μετ’
1027 560 1135 632 αυτοῦ,
1149 560 1200 622 καὶ
1212 553 1317 640 ι’χγάπα
1331 558 1425 626 αὐτὸν

174 653 229 713 τοῦ
242 641 387 710 διδάσκειν
400 645 430 706 ἐν
443 637 564 706 πόλεσιν
573 638 685 707 Ἰούδα.
709 644 783 706 θκαὶ
816 646 871 705 τοῦ
890 644 1085 727 συναναβηναι
1102 637 1162 724 μετ’
1183 639 1278 706 αὐτοῦ
1295 647 1335 719 είς
1349 640 1425 710 Ῥα·

175 729 233 814 μετ’
250 728 349 793 αὐτῶν
364 730 394 791 οί
407 731 549 801 Λευῖται,
567 731 719 807 Σαμαίας,
732 727 782 788 καί
814 722 887 805 μώδ
908 729 960 807 τῆς
983 723 1215 798 Γαλααδίτιδος.
1239 725 1318 789 3καὶ
1345 726 1425 793 εἶπεν

176 817 353 886 Ναθανίας,
379 814 429 874 καὶ
442 809 583 894 Ζαβδίας,
608 807 781 892 καὶἈσιηλ,
812 805 925 910 Ἀχαὰβ
935 806 1070 893 βασιλεύς
1086 805 1210 892 Ἰσραὴλ
1226 805 1425 893 πρὸςἸωσα.

177 898 229 960 καί
253 893 445 980 Σεμιραμιύθ,
473 893 524 956 καί
547 889 706 965 Ἰωναθαν,
733 894 782 955 καί
816 915 878 971 φ-ατ
890 889 1014 976 βασιλέα
1025 885 1135 954 Ἰούδα.
1173 894 1198 955 εί
1215 890 1347 979 πορεύση
1361 894 1421 974 μετ’

172 978 323 1053 Ἀδωνίας,
342 979 393 1041 καί
414 978 540 1061 Τωβίας,
559 976 610 1038 καί
630 975 783 1061 Τωβιιδω-
816 977 888 1056 ἐμοῦ
907 978 946 1050 είς
962 969 1090 1055 ‘Papam
1116 979 1169 1056 τῆς
1185 974 1423 1055 Γαλααδίτιδος,Ι

175 1067 243 1137 νίας
254 1069 395 1134 Λευῖται,
415 1062 506 1123 καλοί
518 1057 576 1140 μετ’
593 1057 693 1123 αύτῶν
704 1056 784 1121 Ἐλι·
815 1060 866 1121 καὶ
879 1054 958 1122 εἶπεν
971 1054 1063 1138 αύτῷ.
1079 1053 1119 1130 ὡς
1132 1055 1202 1134 ἐγὼ,
1216 1053 1296 1121 ούτω
1309 1061 1361 1123 καὶ
1374 1057 1422 1125 σύ.

177 1144 269 1227 σαμὰ,
282 1143 454 1228 καὶἸωράμ
467 1145 497 1206 οἱ
511 1144 601 1227 ἱερεῖς.
629 1143 644 1184 ⁹
658 1143 709 1206 καί
722 1141 783 1205 ἐδί-
816 1135 856 1214 ὡς
868 1135 886 1204 δ
900 1135 972 1215 λαός
986 1166 1055 1216 σου,
1081 1144 1132 1205 καί
1149 1136 1166 1204 ὁ
1184 1137 1258 1215 λαός
1272 1166 1329 1223 μου
1347 1142 1422 1224 μετά

176 1222 597 1307 δασκονίν’1σύδα,ιιαὶμεί
620 1223 720 1288 αὐτῶν
736 1228 782 1310 βί-
816 1227 870 1288 σοῦ
891 1227 930 1297 είς
951 1219 1090 1304 πόλεμον.
1121 1223 1202 1287 4καὶ
1223 1222 1421 1290 εἶπενἸωσα-

174 1311 247 1399 βλος
261 1306 354 1393 νόμου
364 1314 474 1395 κυρίου,
484 1310 534 1371 καί
547 1308 671 1392 διῆλθον
679 1311 710 1372 ἐν
719 1316 784 1381 ταῖς
816 1304 879 1384 φάτ
900 1304 977 1392 πρὸς
999 1306 1122 1392 βασιλέα
1135 1303 1270 1390 Ἰσραήλ.
1296 1303 1420 1412 ζητησον

175 1390 296 1460 πόλεσιν
304 1389 423 1466 Ἰούδα,
435 1393 487 1455 καί
499 1392 653 1456 ἐδίδασκον
665 1391 718 1455 τὸν
729 1390 784 1453 λα-
817 1388 852 1473 δίη
866 1385 990 1492 σημερον
1004 1386 1055 1452 τὸν
1067 1386 1175 1474 κύριον.
1202 1391 1216 1432 ¹
1229 1391 1281 1455 καί
1293 1417 1416 1475 συνηγα-

176 1474 219 1541 όν.
245 1479 275 1519 ¹⁰
288 1477 340 1539 καί
350 1477 461 1551 ἐγένετο
473 1477 609 1547 ἔκστασις
621 1478 723 1558 κυρίου
736 1475 785 1536 ἐπὶ
816 1496 863 1549 χεν
885 1498 902 1536 ο
919 1469 1055 1560 βασιλεύς
1070 1470 1193 1557 Ἰσραὴλ
1210 1472 1283 1549 τούς
1300 1470 1415 1559 προση-

176 1556 289 1630 πάσαις
304 1567 369 1632 ταῖς
380 1556 544 1661 βασιλείαις
557 1560 609 1638 της
621 1560 674 1636 χης
686 1551 784 1637 κύκλῳ
817 1581 871 1629 τας
896 1561 1105 1643 τετρακοσίους
1129 1553 1248 1640 ἄνδρας,
1271 1561 1324 1622 καί
1345 1557 1417 1622 εἶπεν

173 1635 344 1715 Ἰούδα,καί
355 1664 410 1704 ουκ
420 1636 667 1723 ἔπολέμουνπρὸς
676 1638 787 1703 Ἰωσα-
818 1636 930 1713 αὐτοῖς.
957 1644 981 1702 εί
998 1643 1143 1723 πορευθῶ
1161 1644 1200 1714 εἷς
1213 1635 1343 1723 Ῥαμιύδ
1354 1646 1418 1704 Γα-

177 1720 250 1806 φάτ.
276 1725 300 1764 ¹¹
312 1726 363 1787 καί
375 1720 438 1787 ἀπὸ
453 1725 512 1787 ταῖν
524 1717 703 1801 ἀλλοφύλων
717 1724 785 1801 ἕφε-
816 1718 896 1786 λαάδ
910 1726 948 1796 είς
960 1718 1098 1805 πόλεμον,
1125 1720 1144 1805 ἢ
1163 1726 1289 1807 ἐπίσχως
1314 1728 1365 1790 καί
1381 1723 1420 1788 εί-

177 1831 231 1892 ρον
244 1809 288 1890 τῷ
304 1802 460 1887 Ἰωσαφάτ
478 1805 560 1889 δῶρα
576 1805 628 1867 καί
645 1799 785 1891 ἀργύριον
815 1830 885 1868 παν.
912 1800 1059 1891 ἀνάβαινε,
1084 1807 1136 1870 καί
1153 1801 1237 1870 διύσει
1255 1802 1273 1870 ὃ
1291 1806 1362 1881 θεὸς
1381 1812 1420 1881 εἷς

177 1890 228 1953 καί
252 1884 378 1970 δόματα.
409 1890 460 1952 καί
484 1890 515 1950 ολ
535 1885 656 1974 Ἄραβες
681 1890 785 1972 ἔφερον
816 1886 869 1961 τάς
881 1899 978 1972 χεῖρας
990 1892 1044 1952 τοῦ
1056 1887 1209 1973 βασιλέως.
1248 1887 1421 1954 θκαὶεῖπεν

178 1970 264 2054 αὐτῷ
287 1971 386 2056 κριούς
402 1966 565 2057 προβάτων
588 1972 783 2055 ἓπτακιςχιλί-
813 1965 976 2050 Ἰωσαφάτ.
1016 1969 1072 2036 οὐκ
1091 1975 1170 2037 ε”στιν
1189 1961 1243 2036 ιδδε
1258 1968 1420 2058 προφήτης

178 2080 230 2128 ους
244 2055 447 2128 ἑπτακοσίους.
474 2055 502 2094 ¹²
515 2053 566 2116 καί
583 2038 619 2135 ἦν
628 2051 785 2133 Ἰωσαφάτ
815 2057 872 2117 τοῦ
884 2060 986 2140 κυρίου
1000 2057 1053 2132 ἔτι,
1065 2057 1116 2120 καὶ
1128 2054 1334 2139 ἐπιζητήσομεν
1346 2054 1417 2140 παρ’

177 2133 374 2221 πορευόμενος
386 2139 489 2221 μείζων
502 2140 556 2212 ἕως
568 2141 608 2211 εἰς
621 2131 708 2220 δφος,
734 2140 785 2200 καί
815 2134 911 2202 αὐτοῦ
914 2166 926 2214 ;
958 2140 1036 2204 7καὶ
1060 2137 1121 2203 εἷπε
1142 2135 1278 2225 βασιλεύς
1296 2136 1420 2224 Ἰοραίχλ

177 2215 364 2304 ᾠκοδόμησεν
388 2224 419 2285 ἐν
440 2223 480 2312 τῇ
500 2218 635 2302 Ἰουδαία
661 2215 784 2303 οἰκήσεις
814 2219 891 2304 πρὸς
900 2216 1064 2303 Ἰωσαφάτ.
1092 2225 1135 2286 ἔτι
1156 2219 1229 2307 ἇνηρ
1248 2222 1354 2298 είςτοῦ
1368 2228 1418 2307 ζη·

176 2305 228 2366 καί
240 2303 340 2379 πόλεις
353 2300 470 2390 ὀχυράς,
496 2305 523 2345 ¹³
532 2304 584 2368 καὶ
596 2305 669 2388 ἔργα
682 2302 783 2368 πολλὰ
815 2307 904 2386 τησαι
917 2302 970 2368 τὸν
982 2301 1082 2386 κύριον
1101 2303 1135 2368 δι’
1156 2303 1253 2370 αὐτοῦ
1258 2355 1269 2380 ,
1294 2308 1346 2372 καὶ
1358 2305 1418 2385 ἐγώ

177 2389 290 2462 ἐγένετο
304 2384 388 2471 αὐτῷ
401 2390 433 2451 ἐν
444 2389 483 2478 τῇ
496 2382 640 2468 Ἰουδαίᾳ.
667 2389 719 2450 καὶ
731 2383 785 2450 άν-
815 2387 937 2470 ἒμίσησα
954 2388 1061 2464 αὐτὸν,
1087 2385 1135 2452 ὅτι
1156 2383 1211 2452 ούκ
1224 2391 1285 2454 ἔστι
1296 2415 1419 2474 προφη·

177 2469 241 2555 δρες
258 2471 432 2536 πολεμισταί
448 2471 570 2534 δυνατοί
589 2464 737 2572 ίσχύυντες
754 2472 784 2534 ἐν
814 2465 905 2533 τεύων
917 2473 983 2554 περί
1001 2474 1075 2554 ἐμοῦ
1092 2475 1131 2546 εἰς
1150 2468 1269 2548 ἀγαθά,
1295 2469 1342 2537 δτι
1356 2479 1418 2538 πᾶ·

171 2536 379 2639 Ἰερουσαλύχμ,
416 2544 641 2629 14καίούτοςο
655 2551 784 2639 ἀριθμὸς
814 2578 864 2616 σαι
878 2554 911 2617 αἱ
924 2549 1028 2637 ἡμέραι
1048 2551 1143 2619 αὐτοῦ
1162 2559 1202 2630 είς
1214 2555 1303 2630 κακά,
1329 2548 1419 2632 οὗτος

177 2634 280 2702 αὐτῶν
302 2635 364 2701 κατ’
390 2637 492 2709 οἴκους
515 2641 652 2719 πατριῶν
674 2636 781 2699 αὐτῶν.
812 2641 950 2720 Μιχαίας
963 2637 1027 2712 υίὸς
1041 2632 1169 2723 Ἰεμβλά.
1196 2639 1336 2703 καὶεῖπεν
1350 2639 1417 2705 Ἰω-

176 2721 227 2780 καλ
240 2724 284 2800 τῷ
295 2715 397 2783 Ἰούδα
408 2717 564 2801 χιλίαρχοι,
573 2719 680 2792 ’Ἑδνας
693 2714 709 2783 ὁ
724 2718 781 2802 δίρ-
812 2714 920 2799 σαφάτ.
944 2721 984 2804 μὴ
996 2721 1121 2788 λαλείτω
1133 2716 1150 2784 ὁ
1163 2720 1301 2805 βασιλεὺς
1313 2721 1416 2798 οὕτως.

175 2824 245 2882 χων,
260 2799 380 2879 καὶμετ’
402 2798 499 2862 αὐτοῦ
520 2804 578 2864 υἱοί
591 2801 715 2864 δυνατοί
729 2803 781 2866 δυ·
811 2801 827 2841 ⁰
850 2803 902 2865 καί
923 2805 1059 2868 ἐκάλεσεν
1081 2800 1099 2867 ὃ
1123 2805 1258 2888 βασιλεὺς
1281 2805 1418 2890 εὐνοῦχον

175 2877 289 2964 νάμεως
315 2877 482 2967 τριακόσιαι
508 2880 646 2987 χιλιάδες.
685 2884 782 2949 16καί
812 2887 872 2961 ἕνα,
897 2887 948 2949 καὶ
972 2885 1042 2951 εἶπε.
1077 2882 1167 2968 τάχος
1190 2893 1328 2970 ,Μιχαίαν
1353 2888 1417 2955 υίόν

174 2963 233 3045 μετ>
256 2962 351 3029 αὐτὸν
364 2962 521 3029 Ἰωανάνο
537 2963 705 3070 ηγούμενος,
730 2970 781 3032 καί
807 2964 933 3053 Ἰεμβλό.
960 2970 1038 3031 9καὶ
1062 2964 1197 3052 βασιλεὺς
1218 2966 1340 3054 Ἰσραὴλ
1366 2974 1417 3037 καὶ

174 3043 235 3128 μετ’
256 3046 353 3110 αὐτοῦ
372 3044 522 3111 διακόσιαι
540 3046 724 3133 οχδοηκοντα
735 3077 778 3135 χι-
807 3047 959 3131 Ἰωσαφάτ
978 3048 1113 3134 βασιλεύς
1132 3047 1232 3113 Ἰούδα
1252 3049 1416 3133 καθήμενοι

175 3124 277 3203 λιάδες.
305 3131 399 3194 16καί
416 3127 473 3212 μετ’
495 3130 586 3196 αύτδν
602 3130 745 3215 Ἀμασίας
762 3131 779 3198 ὁ
810 3135 933 3202 ἕκαστος
946 3133 996 3193 ἐπὶ
1007 3126 1121 3214 θρόνου
1138 3127 1235 3194 αὐτοῦ
1238 3179 1249 3206 ,
1274 3135 1325 3194 καί
1338 3138 1415 3198 ἔνδε-

173 3216 229 3275 τοῦ
249 3214 341 3296 Ζαρλ,
368 3211 648 3298 ὁπροθυιιούμενος
665 3221 709 3299 τῷ
728 3243 780 3281 ιιυ-
808 3213 927 3295 δυμένοι
940 3208 1063 3286 στολάς,
1087 3206 1245 3293 καθήμενοι
1259 3215 1291 3276 ἐν
1306 3218 1347 3295 τῷ
1361 3215 1412 3277 εἶι-

174 3300 240 3378 ρίῳ,
254 3298 305 3360 καί
316 3295 374 3378 μετ’
390 3293 488 3361 αὐτοῦ
498 3280 645 3364 διακόσιαι
656 3296 779 3384 χιλιάδες
808 3290 931 3399 ρυχῶρῳ
944 3289 1043 3379 θύρας
1056 3287 1149 3377 πύλης
1160 3295 1347 3378 Quodam
1360 3300 1411 3359 καὶ

173 3378 296 3444 δυνατοί
309 3377 465 3465 δυνάμεως.
493 3384 576 3446 17καί
589 3387 620 3448 ἐκ
632 3388 689 3447 τοῦ
702 3389 778 3447 Βεν-
807 3403 915 3453 παντες
938 3380 968 3441 σί
981 3381 1133 3464 προφῆται
1151 3383 1353 3462 προεφήτευον
1363 3382 1412 3444 ἐν·

174 3465 252 3545 ιαμίν
269 3464 392 3541 δυνατὸς
416 3460 562 3547 δυνάμεως
578 3469 630 3530 καί
643 3463 778 3541 Ἐλιαδά,
810 3467 910 3528 αντίον
934 3459 1041 3527 αὐτῶν.
1076 3464 1105 3506 ¹⁰
1119 3463 1170 3527 καί
1187 3465 1323 3544 ἐποίησεν
1340 3464 1413 3528 ἑαυ-

172 3549 222 3611 καὶ
234 3546 291 3630 μετ’
305 3547 400 3614 αὐτοῦ
413 3544 533 3624 τοξόται
551 3550 603 3613 καὶ
616 3548 780 3614 πελτασταὶ
811 3553 853 3631 τῷ
866 3548 1004 3620 Σεδεκίας
1020 3544 1083 3622 υίὸς
1097 3542 1225 3611 Χαναὰν
1243 3549 1354 3630 κέρατα
1368 3573 1413 3610 σι-

173 3627 320 3695 διακόσιαι
336 3627 470 3715 χιλιάδες.
495 3632 524 3673 ¹⁸
538 3634 590 3695 καί
606 3629 664 3714 μετ’
686 3631 779 3696 αὐτὸν
809 3631 897 3716 δηρᾶ,
909 3631 960 3695 καί
974 3629 1044 3695 εἶπε.
1070 3626 1140 3696 τάδε
1157 3629 1233 3705 λέγει
1246 3627 1355 3714 κύριος.
1382 3632 1414 3693 ἐν

171 3707 331 3796 ’ωζαβύδ,
357 3716 408 3779 καί
418 3710 478 3792 μετ’
495 3711 592 3778 αιἰτοῡ
604 3713 712 3778 ἑκατὸν
725 3712 779 3791 ὀμ·
811 3711 928 3789 τούτοις
945 3725 1085 3799 κερατιείς
1104 3714 1157 3797 τὴν
1174 3718 1286 3798 Συρίαν
1304 3717 1358 3786 ἕως
1378 3712 1416 3775 ἂν

173 3788 322 3875 δοῆκοντα
363 3795 469 3870 ιλιάδες
494 3797 615 3862 δυνατοί
633 3795 777 3880 πολέμου.
810 3798 994 3880 συντελεσθῆ.
1021 3803 1045 3839 ¹¹
1058 3799 1108 3862 καί
1125 3793 1231 3872 πάντες
1248 3800 1278 3861 ολ
1294 3800 1416 3897 προφη-

173 3867 295 3939 19οὗτοι
309 3881 340 3940 οί
345 3821 586 3962 λειτουργοῦντες
599 3883 642 3962 τῷ
654 3879 779 3965 βασιλεῖ,
811 3903 859 3943 ται
872 3870 1075 3981 προεφήτευον
1092 3876 1175 3945 οὕτω
1188 3880 1326 3957 λέγοντες,
1341 3876 1417 3943 δινα-

173 3954 257 4031 ἐκτὸς
282 3948 324 4020 οδν
348 3962 452 4024 ἔδωκεν
472 3956 489 4023 ὁ
507 3961 642 4045 βασιλεὺς
660 3964 690 4025 ἐν
714 3973 780 4037 ταῖς
809 3966 890 4048 βαινε
903 3967 942 4038 είς
961 3962 1080 4044 Ραμώθ
1089 3960 1228 4037 Γαλαὰδ,
1242 3964 1293 4026 καί
1305 3961 1416 4026 εύοδω-

173 4034 278 4104 πόλεσι
296 4051 362 4116 ταῖς
380 4041 498 4128 ὀχυραῖς
516 4047 548 4106 ἐν
559 4039 643 4136 πόση
655 4048 693 4136 τῇ
702 4043 780 4108 Ἰου-
810 4042 903 4127 θήση,
915 4047 967 4109 καὶ
978 4041 1065 4109 δώσει
1082 4041 1181 4128 κύριος
1196 4050 1235 4119 είς
1245 4057 1344 4131 χεῖρας
1359 4048 1416 4109 τοῦ

173 4121 254 4205 δοίη.
809 4119 961 4212 βασιλέως.
988 4130 1017 4169 ¹²
1028 4127 1080 4190 καί
1096 4122 1113 4188 δ
1132 4125 1255 4201 ἅγγελος
1274 4126 1416 4208 δπορευ-

357 4210 431 4269 ΚΕ
443 4213 481 4270 Φ.
525 4202 599 4270 IH‘.
812 4213 873 4286 θείς
885 4215 941 4275 τοῦ
951 4208 1072 4273 καλέσαι
1086 4205 1138 4270 τόν
1151 4215 1297 4291 Μιχαίαν,
1313 4209 1416 4292 ἐλάλη-

172 4254 259 4353 Kal
271 4283 394 4372 ἐγενηθη
407 4295 450 4370 τῷ
460 4287 616 4368 Ἰωσαφάτ
628 4291 670 4355 ἔτι
682 4293 795 4360 πλοῦ-·
809 4316 857 4358 σεν
875 4290 975 4372 αὐτῷ,
1001 4289 1104 4367 λέγων.
1135 4290 1200 4354 ἰδού
1218 4289 1369 4377 ἐλάλησαν
1384 4299 1416 4357 οί

174 4396 223 4448 τος
235 4375 285 4437 καί
292 4366 365 4449 δόξα
376 4370 491 4457 πολλὴ,
516 4373 568 4436 καὶ
581 4373 776 4464 ἕπεχαμβρεύ·
807 4378 962 4460 προφῆται
977 4375 1008 4436 ἐν
1028 4367 1154 4453 στόματι
1172 4374 1214 4436 ἑνί
1231 4373 1335 4453 ἀγαθὰ
1347 4377 1415 4442 πεοί

173 4481 248 4522 σατο
274 4459 305 4523 ίν
330 4457 404 4543 οἴκῳ
425 4451 544 4544 Ἀχαάβ.
571 4459 642 4523 2καί
667 4464 777 4548 κατέβη
808 4463 862 4525 τοῦ
875 4454 1032 4545 βασιλέως,
1056 4459 1107 4522 καί
1120 4459 1254 4523 ἔστωσαν
1267 4458 1303 4543 δίη
1316 4459 1416 4525 σίλο-

1366 4563 1414 4620 μοι
