2924 4972
272 183 643 252 ΜΑΚΚΑΒΑΙΩΝ
664 186 851 248 ΤΡΙΤΟΣ
889 183 1011 260 Kapan.
1022 178 1145 262 (3⁸1..st
1253 183 1338 249 1013

91 302 258 410 ἇπάντησιν
285 299 532 403 διατεταγμένους
562 297 698 374 παστοδς
732 326 796 383 σχες
809 293 877 382 ημῖν
897 306 1166 403 καταπονουμένοις
1185 300 1246 367 ὑπὸ
1265 304 1337 370 33⁰-

91 388 145 452 καὶ
167 386 220 470 τὴν
242 382 434 485 ἁρμόζουσαν
454 382 529 447 αέδὼ
553 382 699 466 παραλεί-
730 387 795 447 σίου
819 409 869 446 και
863 377 1016 488 ’βεβήλου
1038 381 1161 491 θράσει
1168 389 1219 451 καὶ
1238 390 1336 452 σθένει

91 496 208 537 πουσαι
227 465 377 552 δρόμον”
355 489 488 529 ατακτον
505 469 537 529 ἐν
551 488 618 565 τη
584 447 698 529 πόλει
729 469 964 565 περρυαγμένου.
992 464 1110 530 ³33⁸
1075 493 1133 552 γαρ
1148 468 1165 532 ὁ
1179 476 1282 546 κτίσας
1294 471 1334 536 τά

92 560 278 621 συνίσταντο.
315 551 346 590 ²⁰
359 573 398 612 τα
386 546 441 612 33
459 544 563 625 νεογνά
575 553 636 612 τῶν
650 551 697 611 τέ-
728 544 831 612 πάντα
843 551 963 613 καὶτῶν
974 543 1055 614 ὅλων
1067 552 1234 654 ἐπικρατῶν
1246 550 1335 659 δυνά-

91 660 170 701 κνων
183 639 218 699 αί
235 657 264 696 τε
280 630 357 715 πρὸς
374 628 492 705 τούτοις
507 632 628 714 μητέρες
645 632 699 695 καὶ
730 657 800 714 στης
813 633 925 706 δίκαιος
937 631 977 706 εἶ,
994 634 1045 696 καί
1057 630 1128 707 τοῦς
1139 630 1220 720 ῦβρει
1234 638 1283 699 καί
1296 637 1336 702 ά-

90 719 215 801 τιθηνοί
226 716 452 816 παραλιποῦσαι
470 713 567 788 άλλως
579 740 629 778 και
622 713 695 777 ⁸33-
729 721 855 820 γερωχία
868 711 1060 816 πράσσοντας
1080 743 1105 780 τι
1119 723 1231 816 κρίνεις.
1269 716 1335 784 ¹33

92 801 177 903 λως,
192 802 226 863 αλ
236 797 305 900 μὲν
302 795 366 862 κατ’
381 798 500 872 οἴκους,
528 823 561 860 αι
551 796 604 860 ’δὲ
618 795 696 861 κατὰ
730 797 802 871 τοὺς
819 803 987 904 ἔμπροσθεν
1010 797 1125 882 ἀδικίαν
1140 795 1336 897 ποιησαντος,

92 882 147 959 τάς
161 880 276 959 ἀγυιάς,
290 879 507 984 ἀνεπιτρέπτως
520 884 559 953 είς
572 877 607 944 τὸ
620 905 698 944 παν-
729 884 760 944 ἐν
776 881 820 956 οίς
844 884 895 946 καί
918 886 1048 960 γίγαντες
1075 883 1151 964 η’σαν
1174 880 1274 988 ῥώμη
1285 885 1337 948 καί

96 969 264 1069 υπέρτατον
291 961 371 1048 ἱερὸν
383 964 572 1064 ἠθροιςοντο.
599 966 697 1027 ²¹33
728 960 836 1044 θράσει
850 962 1045 1040 πειτοιθότες,
1064 927 1274 1070 δίέφθειρας,”
1259 989 1335 1030 επα·

93 1053 161 1136 κίλη
179 1039 240 1115 33⁸
223 1072 259 1132 ην
277 1053 339 1112 τῶν
355 1050 394 1120 εἷς
407 1052 500 1111 τοῦτο
501 1046 696 1150 συλλεγομὲ
727 1047 831 1123 γαγών
845 1046 949 1122 αὐτοῖς
963 1046 1127 1153 ἀμέτρητον
1139 1046 1229 1133 ῦδωρ.
1269 1046 1329 1092 ⁶
1297 1075 1333 1114 συ

91 1159 154 1202 νων
179 1129 198 1217 ἢ
223 1089 352 1213 δέησις
337 1131 387 1193 επὶ
404 1141 466 1204 τοῖς
492 1128 620 1205 ἀνοσίως
645 1125 693 1194 ὑπ’
728 1131 799 1204 τοῦς
818 1129 1024 1233 δπερηςανίαν
1042 1134 1254 1216 ἐργαζομένους
1269 1138 1335 1196 20-

91 1220 202 1283 ἐκείνου
220 1237 512 1360 κατεγχειρουηηενοις.
551 1216 580 1254 22
594 1208 647 1278 σύν
665 1237 697 1277 τε
731 1213 863 1294 δομίτας,
877 1211 1036 1297 διαδὴλους
1048 1227 1113 1290 ταῖς
1126 1221 1239 1289 κακίαις
1250 1241 1336 1293 γενο-

89 1297 215 1373 τούτοις
229 1301 260 1400 οἱ
277 1322 338 1362 των
356 1323 429 1362 ποι
432 1320 492 1360 των
510 1298 696 1398 θρασυνθέν-
727 1299 847 1396 μένους,
873 1299 947 1382 πυρί
971 1299 1021 1363 καί
1046 1304 1120 1381 θείῳ
1145 1324 1202 1364 κατ
1202 1296 1335 1380 έφλεξας,

88 1408 140 1458 τες
156 1379 210 1446 οῦκ
232 1379 378 1484 ἠνείχοντο
400 1379 502 1444 τέλεον
523 1377 618 1444 αὐτοῦ
632 1383 697 1444 ε’πι-
727 1376 960 1484 παράδειγμα
932 1391 995 1455 τοῖς
1014 1384 1221 1484 ἐπιγινομένοις
1239 1407 1336 1446 κατα·

88 1467 234 1549 κειμένου,
244 1465 296 1527 καί
307 1461 343 1528 τό
356 1468 407 1546 της
419 1464 587 1548 προθέσεως
600 1462 695 1527 αὐτοῦ
729 1487 846 1545 στηοας.
899 1463 964 1529 ⁶33
992 1463 1046 1529 τὸν
1071 1465 1191 1566 θρασὺν
1207 1461 1335 1567 Φαραώ,

88 1550 258 1647 ἐκπληροῦν
264 1547 488 1652 διανοουμένου
503 1541 694 1647 22φωνησαν-
729 1540 1078 1650 καταδουλωσάμενον
1048 1572 1101 1612 τον
1117 1545 1194 1614 λαόν
1212 1575 1267 1614 σου
1280 1546 1335 1613 τὸν

88 1657 139 1707 τες
152 1631 226 1696 33
196 1656 249 1713 την
260 1654 353 1714 ορμην
367 1654 416 1693 επι
426 1654 465 1693 τα
453 1626 557 1694 οπλα
569 1626 696 1713 ποιησα-
729 1625 814 1706 άγιον
823 1629 955 1731 Ισραηλ,
980 1631 1130 1706 ποικιλαις
1142 1659 1194 1697 και
1186 1633 1333 1706 πολλαις

88 1727 179 1791 σθαι,
206 1742 257 1779 και
249 1709 482 1797 θαρραλέως
469 1711 558 1812 υπὲρ
561 1716 617 1776 τοῦ
635 1738 696 1776 πα-
729 1709 888 1816 δοκιμάσας
913 1721 1074 1816 τιμωρίαις,
1100 1712 1260 1817 ἐγνάρισας
1283 1712 1336 1816 την

88 1796 195 1907 τρῷου
210 1794 301 1898 νόμου
314 1796 488 1892 τελευτᾷν,’
477 1820 580 1880 ικανην
592 1799 696 1891 ἐποίη-
729 1822 783 1903 οην
797 1798 1016 1862 δυναστείανῧ
1001 1822 1038 1877 οφ
1037 1795 1138 1871 ’⁸333
1123 1794 1284 1895 εγνιόρισας
1297 1795 1334 1861 τό

88 1908 151 1949 σαν
164 1886 195 1947 ἐν
208 1886 253 1965 τῷ
264 1874 351 1964 τόπῳ
364 1875 545 1984 τραχύτητα,
569 1875 653 1960 μόλις
667 1905 696 1943 τε
728 1883 802 1983 μέγα
819 1906 872 1946 σου
860 1877 1008 1984 κρότος.
1042 1882 1119 1944 7καί
1137 1877 1335 1957 ἐπιδιωξαντα

88 1961 153 2034 ῦπό
166 1991 198 2030 τε
211 1969 271 2030 τῶν
286 1969 412 2047 γεραιών
427 1965 478 2027 καί
496 1967 556 2027 τῶν
557 1967 695 2066 πρεσβυ-
729 1960 822 2028 αὐτόν
835 1961 891 2030 σῦν
910 1990 1020 2066 αρμασι
1035 1991 1083 2029 και
1078 1962 1201 2067 ’όχλων
1225 1962 1335 2067 πληθει

88 2055 189 2134 τέρων
203 2047 424 2150 άποτραπέντες
454 2048 504 2110 ἐπὶ
508 2070 585 2149 την
603 2045 696 2131 αὐτην
729 2048 892 2122 ἐπέκλυσας
914 2055 1014 2156 βάθει
1025 2043 1193 2155 θαλάσσης,
1210 2047 1282 2122 τοῦς
1302 2045 1336 2113 δὲ

88 2155 145 2238 της
168 2127 330 2211 δεηοεως”
312 2155 437 2228 εστησαν
459 2124 574 2195 στάσιν.
602 2129 633 2170 ²¹
647 2133 697 2194 καί
729 2126 979 2214 ἐμπιστεύσαντας
999 2134 1048 2195 ἐπί
1061 2133 1112 2197 σοί
1131 2137 1174 2215 τῷ
1188 2136 1239 2231 τῆς
1252 2127 1334 2196 άπά-

88 2211 130 2280 το
144 2212 198 2312 μίν
208 2207 361 2291 πληθος
340 2233 381 2282 ως
400 2213 568 2307 ἔμπροσθεν
582 2215 612 2273 ἐν
625 2210 695 2274 τού·
730 2238 783 2312 σης
797 2218 915 2284 κτίσεως
904 2210 1133 2276 δυναστεύοντι
1156 2211 1252 2285 σοίους
1276 2213 1335 2276 διε-

88 2320 157 2369 τοις
182 2292 376 2375 διεστρέφετο
401 2284 543 2390 δεόμενον.
569 2291 645 2334 ²⁶
613 2316 643 2355 οι
667 2291 698 2355 33
731 2291 867 2394 κόμισας
892 2294 953 2356 2οι
962 2318 1015 2356 και
1006 2288 1218 2367 συνειδοτες
1197 2318 1271 2394 εργα
1281 2319 1335 2377 σης

88 2373 360 2475 τερὶτὸνβασιλέα
379 2368 698 2477 πρεοβύτεροιπολλα-
729 2374 823 2476 χειρὸς
844 2369 953 2474 ηνεσάν
967 2399 999 2438 σε
1024 2399 1077 2438 τον
1088 2400 1333 2478 παντοκράτορα

88 2469 152 2547 χώς
175 2463 336 2561 ἐπειρῶντο
356 2455 410 2521 τὸν
428 2455 578 2541 ἀγέρωχον
601 2455 745 2521 αὐτοῦ9
759 2455 795 2523 οῦ
801 2458 948 2564 βασιλεῦ,
963 2461 1067 2531 κτίσας
1084 2456 1139 2537 τὴν
1165 2456 1335 2561 ἀπέραντον

88 2549 165 2613 νοῦν
193 2537 351 2619 έξιστάνειν
379 2564 433 2623 της
453 2542 699 2646 ἐντεθυμημένης
729 2567 780 2605 και
779 2565 962 2647 αμετρητον
967 2563 1061 2641 γην,
1047 2539 1210 2616 ε’ξελέξω“
1180 2567 1235 2642 την
1246 2536 1335 2606 πολιν

88 2627 211 2714 βουλης.
251 2627 281 2669 ²⁶
296 2624 502 2730 θρασυνθείς
491 2622 523 2687 33
536 2624 587 2687 καί
597 2618 699 2686 πάντα
731 2619 876 2731 ταύτην,
883 2625 934 2688 καί
946 2619 1073 2701 ἁγιάσας
1085 2619 1138 2688 τόν
1151 2619 1249 2690 τόπον
1261 2628 1335 2688 τοῦ·

88 2710 382 2806 ιταραπεμηιας,ηδη
384 2702 605 2792 καιπροςβασιν
616 2709 699 2772 ἐποι
730 2731 784 2772 τον
796 2732 834 2782 τις
857 2702 951 2788 όνομά
974 2733 1022 2772 σοι
1045 2712 1088 2789 τῷ
1111 2711 1173 2771 τῶν
1191 2702 1334 2772 ἁπάντων

88 2809 169 2871 εῖτο,
195 2794 279 2866 τελος
292 2785 467 2894 ἐπιθησειν
454 2790 553 2854 δοκων
566 2794 611 2872 τῷ
621 2814 699 2896 προ-
732 2788 898 2874 ἀπροςδεεῐ,
922 2816 972 2855 και
965 2773 1228 2891 ’παρεδόξασας’
1214 2815 1243 2853 εν
1266 2794 1334 2855 ἐπι-

88 2902 114 2945 ει
137 2879 241 2980 ημένῳ.
276 2876 305 2916 ²⁷
320 2872 402 2939 ταῦτ’
430 2859 485 2937 οῦν
508 2874 560 2938 καί
581 2877 612 2937 οί
632 2875 699 2957 περὶ
731 2878 837 2973 φανεία
850 2868 1125 2975 μεγαλοπρεπεῖ,’
1091 2897 1335 2974 ουστασινποιη-

88 2960 188 3028 αυτὸν
212 2959 293 3031 ὄντες
326 2961 505 3060 θεωροῦντες
528 2953 699 3041 ἐτράπησαν
732 2952 877 3104 σάμενσςέ
865 2954 964 3022 αῦτοῦ
981 2955 1057 3056 πρὸς
1069 2954 1158 3033 δόξαν
1176 2961 1233 3021 τοῦ
1243 2983 1335 3057 μεγα-ι

88 3052 130 3122 εἶς
143 3042 179 3107 τό
194 3042 248 3108 σῦν
261 3051 324 3116 τοῖς
337 3037 508 3124 ημετέροιςέ
494 3039 698 3105 ἐπικαλεῖσθαι
730 3041 784 3105 λου
796 3041 848 3104 καί
861 3043 980 3143 ἐντίμου
994 3036 1145 3142 ὀνόματός
1158 3066 1221 3105 σου.
1248 3042 1277 3083 ¹⁰
1283 3065 1334 3103 και

88 3129 149 3195 τὸν
162 3130 224 3191 πᾶν
237 3121 346 3209 κράτος
351 3127 485 3226 ἔχοντα,
504 3134 567 3198 τοῖς
579 3129 698 3228 παροῦ-
730 3121 859 3201 άγαπων
873 3122 929 3187 τόν
938 3121 1023 3188 οἷκον
1032 3147 1087 3188 του
1074 3119 1225 3225 ’Ἰσραηλ
1242 3126 1334 3226 ἐπηγ-

88 3233 140 3278 σιν
153 3213 315 3311 ἐπαμῦναι,
323 3234 363 3290 μη
351 3200 586 3292 ’παριδόντα“
555 3234 609 3293 την
623 3208 698 3273 άνο-
729 3207 817 3285 γείλον
829 3201 914 3311 δη,“’
896 3232 943 3272 οτι
956 3210 1008 3272 ἐὰν
1019 3210 1141 3311 γένηται
1160 3203 1243 3290 ημῶν
1257 3205 1333 3272 ἀπο·

88 3318 148 3361 ιιον
160 3318 211 3357 και
225 3316 418 3394 υπερηιμανον
430 3294 634 3398 πραξιν
584 3294 615 3334 ²⁸
620 3292 698 3358 ἐκδὲ
730 3316 869 3397 οτροφη,
872 3317 924 3355 και
916 3287 1118 3397 ⁸uata33s331⁸
1105 3296 1179 3392 ημᾶς
1182 3315 1333 3389 στενοχω-

88 3403 146 3483 της
163 3373 349 3460 πυκνοτάτης
371 3400 402 3439 τε
427 3377 477 3439 καί
496 3372 625 3476 ἐμπονου
635 3401 697 3440 των
730 3383 795 3460 ρία,
819 3400 871 3437 και
863 3369 1061 3444 ἐλθόντες’
1034 3397 1075 3445 εις
1087 3318 1142 3434 τόν
1153 3366 1249 3434 τόπον
1261 3374 1332 3433 τοῦ·

88 3460 193 3560 ὄχλων
206 3462 408 3559 συναγομένης
426 3482 571 3555 κραυγης,
579 3457 697 3520 άνείκα-
729 3479 783 3520 τον
795 3456 954 3537 δεηθῶμεν,
979 3446 1133 3554 είςακούση
1146 3476 1198 3534 της
1210 3447 1257 3514 δε’
1261 3475 1334 3525 σεως

88 3565 166 3612 στος
179 3564 221 3613 τις
236 3564 272 3620 ην
284 3534 350 3644 βοη
386 3539 416 3578 ²⁹
430 3535 571 3600 δοκειν
536 3562 595 3638 γαρ
608 3563 645 3619 ην
640 3566 747 3645 μη
730 3535 840 3660 ημῶν.12
845 3538 871 3576 ¹¹
884 3533 984 3637 ναιδίη
1001 3559 1108 3607 πιστος
1116 3523 1209 3598 είκαι
1222 3479 1332 3616 αληθ

88 3647 186 3704 αονον
197 3645 271 3695 τους
273 3615 480 3723 ονθρωπου,,
505 3615 582 3681 ἀλλὰ
596 3623 646 3685 και
658 3645 698 3684 τα
730 3616 915 3693 νός.12ἐπεί
938 3617 971 3681 δὲ
993 3613 1148 3691 πλεονάκις
1170 3615 1334 3718 θλιβέντων

88 3712 173 3787 τείχη
187 3705 237 3766 καί
248 3703 285 3768 τό
299 3709 361 3768 πᾶν
374 3699 512 3780 έδαφος’
498 3711 583 3802 ηχεῖμ,
597 3727 648 3766 ατε
661 3702 697 3785 δη
729 3707 793 3766 τοῖν
817 3702 957 3785 πατέρων
979 3696 1061 3802 ἡμῶν
1081 3696 1252 3804 ἐβοηθησας
1279 3697 1333 3763 οῦ·

88 3793 155 3858 τῶν
169 3784 292 3852 πάντων
304 3782 372 3851 τότε
388 3782 527 3850 θάνατον
544 3782 697 3850 ἀλλασσο-
729 3796 793 3881 τοζς
786 3786 882 3890 1ἐντη
896 3781 1078 3856 ταπεινώσει,
1087 3808 1138 3848 και
1130 3777 1313 3882 ἐ’ρρύσω’
1276 3809 1333 3848 αυ-

88 3869 215 3954 μένων’
199 3895 266 3935 αντι
263 3895 327 3971 της
335 3894 388 3933 του
395 3891 491 3932 τοπου
500 3870 569 3969 βεβη
570 3865 695 3943 λύσεως.
728 3863 800 3941 τοῦς
813 3870 846 3931 ἐκ
858 3852 992 3949 μεγάλων
1006 3863 1158 3941 κινδύνων,
1183 3867 1210 3906 ¹³
1217 3861 1283 3930 ιδου
1296 3863 1331 3947 δ

88 3961 197 4024 ΚΕΦ.
203 3949 272 4021 HJ
276 3938 430 4034 Ομὲνοῦν
444 3893 696 4055 ἄρχιερεῦςΣίμων
729 3946 1000 4052 νῦνδίγιεβασιλεῦ,
1025 3947 1143 4025 διαίτας
1154 3947 1269 4024 πολλας
1282 3975 1333 4015 και

88 4043 259 4116 ἐξεναντίας
280 4041 337 4102 τοῦ
354 4036 427 4099 ναοῦ
445 4029 568 4115 κάμψας
585 4034 624 4099 τά
641 4033 697 4112 γό-
727 4030 890 4117 μεγάλας“
877 4036 956 4141 ημῶν
970 4029 1141 4142 ἁμαρτίας
1138 4032 1332 4099 καταπονού-

88 4145 186 4195 νατα,
210 4126 260 4185 καί
271 4119 325 4196 τάς
335 4132 431 4221 χεῖρας
443 4121 596 4200 προτείνας
609 4115 695 4182 εῦτά·
727 4127 823 4201 μεθα,
836 4120 887 4183 καί
900 4112 1082 4198 ῦπεταγημεν
1091 4127 1152 4192 τοῖς
1156 4111 1315 4220 ἐχθροῖς]
1298 4142 1331 4176 r·

88 4229 181 4277 κτως,
196 4201 403 4308 ἐποιησατο“
372 4227 425 4285 την
437 4201 533 4284 δεησιν
546 4197 694 4303 τοιαύτην.
727 4227 800 4281 μων,
822 4203 874 4265 καί
898 4204 1066 4307 παρείμεθα
1091 4203 1122 4266 ἐν
1147 4198 1332 4344 άδυναμίαιςο.

88 4286 200 4394 ²3393
225 4283 305 4367 κύριε
328 4287 448 4388 βασιλεῦ
473 4307 534 4349 των
560 4281 696 4388 οὐρανῶν
727 4284 757 4325 ¹¹
770 4288 801 4349 ἐν
828 4284 923 4349 δὲ
885 4309 903 4347 τ
949 4280 1104 4389 ίημετέρα
1097 4304 1332 4349 καταπτωσειο

88 4371 144 4437 καί
167 4369 303 4432 δέσποτα
325 4365 421 4452 πάσης
433 4374 562 4444 κτίσεως,
582 4364 696 4445 άγιεν
665 4371 696 4434 ἐν
727 4365 843 4454 θρασύς
861 4394 912 4432 και
929 4358 1104 4474 βέβηλος
1068 4389 1157 4438 ουτος
1175 4357 1331 4465 ἐπιτηδεύει

88 4450 205 4532 ἆνίοῑθ,
217 4443 362 4533 μόναρχε,
374 4447 605 4536 παντοκράτωρ,
618 4447 713 4537 πρό·
711 4449 950 4537 καθυβρῖσαι“
920 4475 974 4515 τον
985 4451 1075 4515 ἐπι
1040 4474 1090 4532 της
1100 4472 1153 4527 γης
1167 4443 1330 4522 άναδεδειγ

1242 4531 1331 4606 μένον
