2924 4972
131 255 195 319 550
561 254 582 310 1
606 250 635 309 Ω
660 251 693 310 Β
735 250 811 323 Κεφ.
829 245 868 307 α’.
888 248 917 308 1.

132 367 206 452 πτήν’
231 365 250 451 ἢ
262 371 374 445 ἐγένετο
387 363 538 447 ποταμὸς,
564 365 614 426 καί
628 353 662 444 ήν
674 365 739 443 φῶς
778 357 906 426 ἐνὼπιον
918 364 973 425 τοῦ
985 362 1061 423 θεοῦ
1073 360 1123 421 καὶ
1135 363 1210 422 πᾶσι
1223 369 1285 432 τοῖς
1298 360 1384 421 ἔθνε-

131 453 183 516 καὶ
195 450 275 534 ήλιος
286 451 337 513 καί
350 446 427 533 ὕδωρ
439 442 527 510 πολύ.
537 442 650 529 Ἐσθήρ
660 449 739 510 ἐστιν
779 471 817 510 σι.
840 446 919 509 aaz&
940 438 1035 526 νήσθη
1049 437 1067 504 5
1080 439 1152 513 θεὸς
1164 444 1221 503 τοῦ
1234 440 1313 504 λαοῦ
1327 439 1385 505 αδ-

134 532 152 598 5
169 532 321 617 ποταμὸς,
345 528 380 614 ήν
399 527 541 612 ἐγάμησεν
560 523 577 590 5
596 527 739 613 βασιλεὺς,
778 531 848 602 τοῦ,
875 552 925 591 και
945 526 1096 590 ἐδικαίωσε
1113 522 1166 627 τήν
1184 523 1385 606 κληρονομίαν

134 619 185 682 καί
195 620 315 698 ἐποίησε
323 613 505 701 βασίλισσαν.
520 614 550 675 οῖ
559 609 590 673 δὲ
601 606 655 674 δύο
665 608 739 694 δρά-
778 608 884 674 αὐτοῦ.
909 609 961 673 καὶ
979 611 1098 673 ἔσονται
1111 619 1214 679 αυτοῖς
1231 609 1264 669 αἶ
1277 602 1386 690 ήμὲραι

133 723 243 773 κοντες,
256 693 314 775 ἐγὼ
327 702 382 779 εἰμι
395 690 554 774 καίἈμάν.
569 690 607 756 τὰ
620 691 652 757 δὲ
665 697 739 775 ε”θνη
779 684 868 758 αὗται
887 695 918 756 ἐν
934 692 1003 774 μηνὶ
1013 688 1105 775 Ἀδὰρ
1126 695 1164 780 τῇ
1181 712 1384 771 τεσσαρεςκαι-

132 781 173 847 τὰ
187 783 423 864 ἒπισυναχθὲντα
435 775 584 840 ἀπολέσαι
598 775 633 839 τὸ
644 774 740 879 ὄνομα
777 771 899 867 δεκάτη,
923 775 974 837 καί
998 777 1037 864 τῇ
1061 769 1301 861 πεντεκαιδεκάτῃ
1327 777 1385 835 τοῦ

132 870 194 928 τῶν
209 862 375 928 Ἰουδαίων.
400 858 436 923 τὸ
455 857 486 923 δὲ
505 862 593 931 ἔθνος
609 856 646 923 τὸ
659 861 739 940 ε’μον,
776 857 878 942 μηνὸς,
896 852 971 937 μετὰ
980 859 1154 939 συναγωγῆς
1164 857 1214 919 καί
1225 858 1320 939 χαρᾶς
1332 858 1386 919 καί

134 939 225 1022 οὗτός
250 950 327 1010 ἐστιν
350 941 488 1029 Ἰσραήλ,
527 945 557 1004 οῖ
579 936 740 1027 βοήσαντες
777 939 957 1025 εὐφροσύνης
974 934 1101 1004 ἐνώπιον
1118 943 1172 1002 τοῦ
1191 942 1280 1012 θεοῦ,
1305 936 1386 1001 κατὰ

132 1025 209 1116 πρὸς
220 1025 273 1092 τὸν
280 1026 362 1103 θεὸν,
375 1027 427 1091 καὶ
439 1026 591 1098 σωθέντες.
605 1025 656 1087 κατ’
665 1027 737 1088 ἔσω·
776 1023 874 1101 γενεὰν
886 1027 925 1097 είς
937 1019 990 1086 τὸν
1003 1025 1099 1086 αἰῶνα
1112 1024 1143 1085 ἐν
1153 1026 1197 1104 τῷ
1210 1020 1276 1102 λαῷ
1288 1018 1385 1083 αὐτοῦ

133 1136 165 1178 σε
177 1113 275 1196 κύριος
294 1108 347 1174 τὸν
364 1107 440 1174 λαὸν
453 1105 561 1182 αὐτοῦ,
587 1107 638 1170 καὶ
652 1101 740 1191 ἐρ’ριί-
776 1101 904 1191 Ἰσραήλ
925 1108 1008 1180 ε”τους
1020 1099 1161 1189 τετάρτου
1172 1102 1384 1189 βασιλεύοντος

134 1219 210 1260 σατο
230 1189 331 1278 κύριος
344 1189 418 1275 ήμᾶς
436 1192 467 1254 ἔκ
479 1186 599 1254 πάντων
611 1193 671 1253 τῶν
683 1215 739 1254 κα-
779 1189 968 1270 Πτολεμαίου
977 1189 1027 1251 καί
1038 1186 1237 1270 Κλεοπατρας
1247 1183 1384 1268 εῑςήνεμκε

132 1281 193 1342 κῶν
209 1276 334 1341 τούτων.
362 1276 413 1340 καὶ
428 1276 563 1356 ἐποίησεν
581 1267 598 1336 5
617 1271 687 1347 θεὸς
699 1271 739 1337 τὰ
778 1277 934 1346 Δοσίθεος,
945 1267 978 1345 ὃς
988 1275 1044 1354 ἔφη
1052 1269 1124 1334 εἶναι
1134 1268 1224 1376 ίερεὺς
1233 1270 1383 1333 καὶΛευί-

133 1371 253 1463 σημεῖα,
279 1354 381 1423 καὶτὰ
393 1360 506 1440 τέρατα
518 1353 557 1419 τὰ
568 1350 696 1437 μεγάλα,
717 1352 739 1420 ἃ
777 1379 845 1457 της,
871 1358 922 1419 καί
941 1353 1131 1436 Πτολεμαῖος
1155 1378 1173 1417 ο
1192 1351 1255 1427 υἱὸς
1273 1349 1382 1426 αὐτοῦ,

134 1466 171 1506 ου
185 1445 302 1520 γέγονεν
321 1444 351 1504 ἐν
363 1451 426 1514 τοῖς
445 1441 550 1504 ἔθνεσι.
577 1436 626 1502 διὰ
645 1441 737 1503 τοῦτο
777 1462 832 1522 την
840 1440 1030 1521 προκειμένην
1038 1434 1196 1519 ἐπιστολήν
1206 1440 1267 1500 τῶν
1281 1440 1383 1518 Φρου-

133 1527 253 1607 ἐποίησε
264 1521 389 1605 κλήρους
402 1521 466 1596 δύο,
484 1526 535 1584 ἕνα
547 1525 591 1602 τῷ
604 1520 669 1604 λαῷ
682 1523 736 1585 τοῦ
777 1520 837 1604 ραί,
856 1518 891 1604 ἢν
904 1521 1021 1601 ἔφασαν
1033 1518 1104 1584 εἶναι
1117 1520 1169 1583 καί
1181 1515 1381 1603 ήρμηνευκέναι

132 1610 222 1680 θεοῦ,
248 1606 299 1668 καί
316 1609 368 1669 ἕνα
384 1609 459 1669 πᾶσι
476 1615 539 1707 τοῖς
555 1605 660 1667 ἔθνεσι.
687 1604 738 1667 καὶ
775 1608 950 1686 Λυσίμαχον
968 1602 1175 1685 Πτολεμαίου,
1199 1598 1253 1666 τὼν
1274 1605 1305 1665 ἐν
1326 1599 1382 1665 Ἰε-

133 1676 231 1771 ήλθον
254 1691 284 1751 οἶ
308 1682 362 1751 δύο
379 1686 480 1773 κλήροι
498 1710 581 1751 ουτοι
598 1689 637 1759 είς
655 1681 738 1768 ὼραν
776 1685 937 1770 ρουσαλήμ.

133 1772 185 1835 καὶ
209 1767 325 1854 καιρὸν,
350 1771 401 1837 καί
421 1773 460 1844 είς
478 1764 589 1854 ἡμέραν
605 1773 735 1854 κρίσεως,
933 1767 1024 1844 Τέλος
1041 1774 1094 1852 τής
1106 1764 1232 1853 Ἐσθήρ.

591 2090 922 2194 ΙΩΒ.

166 2276 192 2307 ⁰²
332 2275 455 2335 ΚΕΦ.
499 2267 555 2337 Λ’.
774 2272 829 2349 τὰς
841 2269 960 2359 ήμίρας.
984 2273 1063 2337 6καὶ
1076 2275 1187 2350 ἐγένετο
1201 2268 1380 2357 ὼςήήμέρα

134 2322 337 2461 Ανθριοπός
349 2380 391 2428 τις
404 2343 439 2437 ήν
452 2357 482 2419 ἐν
494 2351 578 2461 χώρᾳ
592 2360 631 2450 τῇ
638 2353 740 2422 Abol—
775 2352 868 2439 αὕτη,
893 2358 944 2421 καὶ
961 2353 1026 2422 ίδοδ
1041 2345 1138 2439 ἦλθον
1150 2359 1181 2419 οἶ
1192 2353 1310 2433 ἄγγελοι
1323 2359 1380 2420 τοῦ

133 2439 239 2523 τιδι,ῳ
254 2437 347 2521 ὄνομα
355 2435 435 2523 Ἰὼβ.
454 2440 526 2503 2ιιαὶ
540 2463 575 2522 ην
587 2435 604 2504 5
618 2436 741 2525 ὅίνθριο-
774 2442 848 2503 θεοῦ
860 2444 1049 2523 παραστῆναι
1060 2434 1189 2503 ε’νὼπιον
1202 2444 1257 2502 τοῦ
1267 2445 1379 2522 κυρίου,

133 2546 193 2598 πσς
210 2524 317 2596 ίκείνος
330 2516 485 2603 ἀληθινὸς,
504 2519 668 2607 ἄμεμπτος,
695 2522 739 2586 δί-
774 2522 824 2585 καὶ
837 2518 854 2587 5
868 2521 1005 2609 διάβολος
1015 2513 1106 2607 ήλθεν
1115 2519 1173 2603 μετ’
1189 2518 1295 2586 αὐτῶν.
1310 2523 1381 2585 7καί

134 2629 225 2680 καιος,
239 2603 389 2689 θεοσεβὴς,
403 2599 578 2687 ἀπεχόμενος
590 2604 654 2670 ἀπὸ
664 2627 741 2669 παν-
775 2602 852 2670 είπεν
878 2602 896 2670 5
922 2603 1021 2693 κύριος
1044 2609 1088 2688 τῷ
1105 2601 1244 2691 διαβόλῳ.
1283 2602 1380 2669 πόθεν

134 2685 186 2762 τός
204 2692 342 2772 πονηροῦ
359 2682 543 2770 πράγματος.
576 2690 739 2766 2ἐγένοντο
773 2688 998 2773 παραγέγονας,·
1023 2691 1073 2753 καί
1090 2686 1265 2772 ἀποκριθεὶς
1283 2683 1380 2751 ὁδιιί-

135 2768 167 2834 δὲ
178 2767 262 2871 αὗτοξ
272 2769 332 2833 υίοί
341 2767 417 2832 ἑπτὰ
428 2770 479 2832 καὶ
488 2774 646 2856 θυγατέρες
655 2781 739 2854 τρεῖς.
773 2770 861 2857 βολος
875 2776 919 2856 τῷ
932 2778 1033 2857 κυρίῳ,
1053 2770 1123 2837 είπε.
1149 2768 1313 2856 περιελθὼν
1325 2767 1379 2853 τήν

135 2852 215 2916 3καὶ
243 2875 279 2932 ην
303 2848 342 2914 τὰ
367 2845 457 2934 κτήνη
482 2849 575 2919 αὐτοῦ
601 2849 660 2938 πρό
681 2879 741 2918 ατα
773 2857 828 2937 γῆν
841 2856 893 2919 καὶ
906 2850 1146 2940 ἕμπεριπατήσας
1158 2853 1212 2934 τήν
1225 2850 1271 2916 ὑπ’
1285 2852 1375 2937 οὐρα-

136 2928 648 3035 ἑπτακιςχὼιαηκοίμηλοιτριςχίλιαι,
672 2932 740 3039 εδηη
774 2935 824 3001 νὸν
841 2934 968 3023 πάρειμι.
1000 2937 1079 3000 8καί
1097 2933 1175 2998 εἶπεν
1190 2933 1275 3017 αὐτῷ
1291 2929 1308 2996 5
1325 2931 1378 2996 κίι

135 3013 216 3105 βοοῖν
228 3040 428 3094 πεντακοσιαι,
440 3013 557 3100 θήλειαι
570 3017 633 3085 ὅνοι
647 3046 740 3102 νομα-
774 3044 845 3104 ριος.
870 3023 1024 3104 προςὲσχες
1043 3022 1081 3080 τ’
1098 3017 1216 3097 διανοίᾳ
1229 3041 1286 3079 σου
1298 3014 1377 3080 κατὰ

137 3099 182 3173 δες
193 3095 383 3163 πεντακόσιαι
389 3102 474 3181 ,καί
486 3097 630 3206 ὑπηρεσία
642 3100 739 3185 πολλή
773 3107 827 3166 τοῦ
852 3098 958 3176 παιδός
972 3125 1031 3183 μου
1054 3045 1138 3183 Ἰὼβς
1179 3096 1225 3161 ὅτι
1242 3093 1296 3159 οὐκ
1314 3099 1377 3161 ε”στι

137 3178 266 3265 σφόδρα,
280 3184 330 3245 καὶ
340 3184 412 3288 ἕρμα
419 3179 536 3287 μεγάλα
550 3212 586 3269 ην
596 3183 680 3269 αὐτῷ
690 3187 740 3250 ἐπί
773 3181 836 3248 κατ’
864 3179 957 3247 αὐτὸν
981 3184 1032 3246 ἐπὶ
1056 3184 1109 3264 τῆς
1126 3182 1187 3262 γῆς.
1213 3177 1378 3259 ἄτθρωπος

137 3269 190 3370 τής
201 3271 270 3347 γῆς,
293 3266 345 3329 καὶ
361 3290 396 3348 ην
415 3291 433 3330 ο
452 3264 617 3355 ἅνθρωπος
634 3271 740 3344 ἐκεῖνος
774 3265 930 3348 ἄμεμπτος,
944 3260 1095 3346 ἀληθινὸς,
1105 3259 1256 3348 θεοσεβὴς,
1267 3260 1378 3346 ἀπεχό-

139 3349 253 3432 ευγενής
284 3352 344 3413 τῶν
372 3346 423 3431 ἀφ’
456 3347 541 3432 ήλίου
572 3350 738 3417 ἀνατολῶν.
773 3374 857 3432 μενος
876 3344 939 3414 ἀπὸ
956 3342 1070 3420 παντὸς
1086 3350 1222 3429 πονηροῦ
1236 3341 1379 3431 πράγμα-

138 3428 412 3581 *σμμπηηευόμενοι
444 3433 475 3501 δὲ
500 3437 530 3500 οἱ
555 3437 617 3501 υίολ
642 3433 740 3500 αὐτοῦ
774 3442 842 3521 τος“,·
856 3430 1028 3517 θᾶπεκρίθη
1036 3429 1074 3532 δὲ
1086 3425 1104 3497 5
1117 3428 1262 3516 διάβολος,
1275 3433 1326 3494 καί
1339 3429 1380 3495 εί-

137 3514 249 3602 προςᾶ
287 3513 375 3600 ήλους
388 3520 551 3584 ἐποιοῦσαν
560 3514 656 3583 πότον
667 3515 736 3582 καθ’
775 3520 829 3583 πεν
846 3520 980 3582 ἐναντίον
996 3540 1052 3580 του
1069 3519 1182 3597 κυρίου.
1210 3511 1381 3599 μήδιορεὰν

137 3595 264 3682 ἑκάστην
281 3597 406 3683 ἡμέραν,
431 3626 534 3683 συμπα
554 3597 740 3687 αλαμβάνον-
772 3599 844 3691 Ἰὼβ
868 3604 983 3692 σέβεται
1005 3597 1060 3663 τὸν
1085 3597 1201 3684 κιίριονς
1240 3598 1268 3640 ¹⁰
1281 3596 1317 3661 οδ
1343 3596 1379 3662 οδ

136 3706 183 3755 τες
196 3678 259 3763 ἅμα
271 3684 322 3746 καί
334 3681 387 3756 τὰς
399 3694 475 3768 τρεῖς
488 3628 619 3764 ἀδελφὰς
631 3681 739 3760 αὐτῶν,
775 3684 972 3769 περιέφραξας
995 3678 1034 3746 τὼ
1055 3681 1116 3756 ἔξω
1134 3678 1244 3755 αὐτοῦ,
1269 3679 1321 3742 καί
1338 3676 1378 3742 τὰ

139 3767 249 3829 ἐσθίειν
265 3765 316 3827 καί
336 3770 428 3827 πίνειν
445 3764 504 3848 μετ’
524 3763 635 3832 αὐτῶν.
664 3767 742 3831 6καὶ
776 3768 834 3832 ἔσω
858 3772 910 3850 τής
936 3771 1032 3839 οἰκίας
1056 3765 1165 3841 αὐτοῦ,
1189 3763 1240 3828 καί
1258 3757 1298 3825 τὼ
1315 3761 1378 3836 ἔξω

140 3843 181 3918 ὼς
198 3843 236 3908 ἂν
254 3845 503 3928 συνετελέσθησαν
520 3852 553 3914 αί
565 3847 669 3935 ήμέραι
686 3853 741 3912 τοῦ
775 3850 897 3913 πάντων
909 3854 970 3913 τῶν
983 3847 1079 3913 ὄντων
1093 3846 1190 3913 αὐτοῦ
1202 3842 1300 3927 κύκλῳ
1304 3872 1317 3922 ,·
1341 3840 1379 3908 τδι

138 3923 249 4001 πότου,
263 3925 437 3992 ἀπέστελλεν
451 3927 524 4018 Ἰὼβ
535 3935 586 3996 καὶ
598 3927 741 4016 ἕκαθοίρι,
776 3931 808 3996 δὲ
822 3934 967 4017 ἐργατῶν
979 3935 1081 4015 χειρῶν
1094 3929 1189 3996 αὐτοῦ
1201 3924 1377 4012 εὖλὸγησαςς

139 4011 184 4086 ζεν
200 4007 311 4083 αὐτοὺς
330 4007 519 4092 ἇνιστοίμενος
536 4013 665 4096 τοπριοῒ,
691 4015 741 4076 καὶ
777 4016 828 4079 καί
846 4013 886 4077 τὰ
898 4011 986 4097 κτήνη
1005 4013 1100 4078 αὐτοῦ
1119 4012 1220 4079 πολλὰ
1238 4015 1382 4094 ἐποίησας

138 4094 295 4175 προςέφερε
315 4094 382 4175 περὶ
398 4091 497 4158 αὐτῶν
514 4101 637 4169 θυσίας,
662 4095 740 4159 κατὰ
778 4097 828 4161 ἐπὶ
840 4099 891 4179 τῆς
903 4101 973 4180 γήςς
998 4093 1115 4161 11ὼλλδι
1134 4093 1312 4161 ἀπόστειλον
1328 4091 1381 4178 τήν

139 4174 192 4238 τὸν
210 4172 339 4257 ἀριθμὸν
357 4171 473 4251 αὐτῶν,
498 4179 549 4240 καί
562 4175 676 4260 μόσχον
689 4183 741 4242 ἕνα
795 4175 859 4263 erqo}
874 4205 945 4254 σου,
970 4181 1020 4244 καὶ
1033 4176 1113 4263 δίεμαι
1126 4176 1248 4246 πάντων
1261 4168 1304 4244 ὼν
1316 4181 1379 4263 ἔχει.

138 4257 205 4340 περί
218 4254 364 4343 ἁμαρτίας
373 4260 438 4357 περὶ
449 4263 509 4322 τῶν
520 4264 624 4341 ψυχῶν
632 4258 739 4325 αὐτῶν.
777 4207 796 4346 ή
826 4259 883 4346 μήν
912 4266 951 4336 είς
974 4259 1135 4346 πρόςωπόν
1165 4289 1196 4329 σε
1220 4257 1380 4342 εὖλογήσει.

138 4339 219 4417 ἔλεγε
230 4336 288 4423 γὰρ
299 4337 378 4424 Ἰὼβ,
389 4366 430 4421 μη
441 4365 514 4404 ποτε
527 4345 558 4405 οἱ
570 4345 631 4407 υἱοί
640 4369 698 4425 μου
710 4348 741 4410 ἐν
777 4348 804 4388 ¹²
816 4342 884 4411 τότε
909 4344 986 4408 εἶπεν
1010 4341 1028 4408 5
1051 4344 1152 4431 κύριος
1175 4349 1220 4427 τῷ
1238 4344 1379 4494 διαβόλῳ.

138 4428 177 4516 τῇ
185 4425 302 4507 διανοίᾳ
312 4418 741 4514 αὖτῶνκακὼένενόησανπρδς
779 4425 843 4494 1δού
854 4423 970 4501 πάντα,
989 4423 1049 4491 ὅσα
1062 4430 1141 4494 ἐστὶν
1154 4425 1253 4510 αὐτῷ,
1298 4428 1381 4508 ίδωμι

138 4504 219 4574 θεόν.
246 4505 342 4586 οὕτως
366 4494 419 4573 οὖν
440 4509 531 4573 ἐποίει
547 4505 619 4598 Ἰὼβ
640 4507 741 4588 ποίους
778 4514 859 4605 ἕκτῇ
875 4515 948 4596 χειρί
959 4533 1030 4587 σου,
1056 4508 1119 4576 ἀλλ’
1136 4507 1234 4576 αὐτοῦ
1250 4507 1291 4594 μή
1304 4506 1380 4603 ἅεμη.

1373 4594 1381 4615 l

1329 4617 1380 4657 και
