2924 4972
119 222 182 289 106
387 218 742 284 AEYITIKON
779 218 854 294 K76
869 208 896 277 ι’
910 213 960 277 ια’
976 215 1024 280 10
1038 215 1087 279 11

117 341 320 442 λελειμμένους.
352 341 406 424 τῆν
422 335 584 446 7766667‘
570 343 658 440 υμῶν
668 335 722 402 0677
754 340 896 439 Μωυσῆς.
922 363 973 401 και
965 333 1053 399 ὅδὲ
1066 330 1282 437 ἐνειτιπόριρτο.
1309 338 1361 398 καί

117 418 373 529 ἀποκιδαροίσιτε,
394 424 444 486 καί
466 420 505 485 76
523 417 658 522 ἱμάτια
644 424 724 502 υμῶν
750 415 899 523 ἐθυμώθη
917 421 1055 525 Μωυσῆς
1077 419 1127 483 ἐπὶ
1148 413 1289 518 Ἐλεάζαρ
1309 420 1361 481 καί

118 530 155 568 ου
144 501 373 611 '6706666776''
358 531 406 569 ινα
418 503 458 588 μῆ
472 499 660 610 ἀποθάνητε,
673 503 725 567 καὶ
750 498 884 586 ’Ῑθάμαρ
901 497 972 576 τοὺς
988 500 1070 576 υἱοὺς
1082 495 1198 585 Ἀαρών
1216 497 1286 573 τοὺς
1304 526 1361 601 76-

117 590 168 689 ἐπὶ
183 594 285 653 πᾶσαν
303 588 356 691 τῆν
374 584 545 688 συναγωγῆν
566 588 648 688 6'0767
665 596 725 650 00-
754 584 1003 690 ταλελεψμῆνους,
1029 583 1131 685 λέγων.
1164 583 1192 625 22
1204 580 1338 646 67077‘
1306 607 1359 646 ουκ

117 666 177 751 μός.
205 669 286 736 οἶδὲ
303 665 458 769 6676606‘
444 695 526 772 υμιρν
538 674 598 743 πᾶς
611 694 629 732 0
616 666 724 743 οἶκος
755 663 917 777 6667777
887 693 923 732 70
935 667 1003 752 περὶ
1014 671 1066 750 τῆς
1077 662 1223 750 ἆμαρτίας
1232 660 1308 729 ἔν’
1274 690 1359 746 τοπῳ

113 752 235 858 106666
257 750 439 818 κλαύσονται
465 751 519 818 767
535 751 723 877 ἒμπυριημὸν,
755 746 849 834 ἁγίῳ,
862 776 909 815 οτι
920 746 979 834 γάρ
992 744 1064 827 6776
1077 744 1171 826 ἀγιων
1182 750 1255 822 ἐστι,
1269 752 1359 811 70670

116 832 152 900 67
170 838 423 939 7'7777767'666607
426 831 488 900 ἀπὸ
504 837 661 920 κυρίου.2
673 835 723 899 καὶ
754 801 861 898 ἐδωίιεν
880 829 947 917 ὑμίν
960 836 1120 914 φαγεῖν,”
1105 856 1153 894 ινα
1167 828 1361 936 αιρελητε
1307 854 1361 931 τη

117 916 181 983 ἀπὸ
199 922 251 1002 τῆς
262 915 369 1020 θύρας
384 923 437 1020 τῆς
454 923 558 1026 σκηνῆς
575 921 631 1022 706
646 943 723 1021 μαρ-
754 913 901 1008 ἁμαρτίαν
919 919 974 1018 τῆς
989 918 1173 1021 συναγωγῆς,
1199 939 1250 976 και
1243 912 1358 989 ἐξιλα-

116 1005 221 1103 τυρίου
239 997 292 1065 067
310 997 545 1105 ἐξιλιόσεσθε,’
530 1026 579 1066 ινα
589 999 629 1085 μῆ
643 999 723 1065 ἀπο·
754 1004 884 1103 σησθι
857 1000 926 1083 περὶ
939 995 1039 1062 αὐταῖν
1051 1001 1149 1062 ἔναντι
1159 1002 1269 1099 κυρίου.
1287 993 1360 1059 ¹⁸06

116 1080 287 1190 θάνητε.
251 1109 288 1148 το
277 1083 452 1149 ι’ἔλαιον
408 1111 476 1194 766
489 1088 541 1168 τῆς
548 1089 674 1192 ρρίσεως
685 1080 722 1148 τό
752 1108 810 1186 γαρ
828 1078 949 1186 εἶςῆχθη
959 1106 1013 1146 του
1000 1077 1201 1183 αἵματος
1165 1083 1260 1144 αυτοῦ
1273 1084 1311 1152 εἰς
1324 1075 1360 1141 τὸ

115 1193 200 1267 παρα
218 1172 320 1272 κυρίου
338 1164 417 1249 ἐφ’(
403 1179 479 1252 υμῖν.
505 1193 556 1232 και
578 1171 648 1233 ἒποί
666 1190 723 1232 σαν
753 1161 845 1269 67767.
874 1190 953 1267 7076
970 1158 1145 1272 πρόςωπον
1153 1165 1211 1226 ἔσω
1224 1156 1360 1264 σάγεσθε

115 1246 242 1353 κατὰτὸ
258 1253 378 1356 βῆμα
348 1255 478 1334 Μωυσῆ.
505 1251 584 1315 οκαλ
598 1194 722 1356 ίλάλησι
753 1246 830 1314 αὐτὸ
856 1252 888 1313 67
872 1243 991 1352 776767
1009 1243 1101 1328 ἁγίῳ,
1126 1241 1160 1310 67
1178 1241 1297 1347 τρόπον
1309 1269 1360 1324 μοι

115 1359 215 1419 κυριος
227 1359 271 1398 τω
254 1333 411 1437 Ααρών,
425 1333 528 1440 λέγων.
552 1332 660 1399 οίνον
671 1360 723 1397 και
754 1329 938 1408 συνέταξε
903 1356 1011 1415 κυριος
1034 1330 1063 1372 20
1075 1354 1127 1393 και
1119 1324 1278 1426 τλαλησεν
1286 1325 1361 1390 Aa

116 1422 217 1518 σίκερα
234 1398 270 1478 06
289 1424 394 1481 πίεσθε
413 1415 450 1480 σὺ
469 1441 520 1479 και
512 1417 618 1479 06‘
588 1422 651 1480 υιοί
667 1441 722 1480 σου
754 1414 815 1500 ρῶν
826 1413 903 1500 πρὸς
898 1417 1063 1517 Μωυσῆν,
1076 1411 1178 1489 λέγων.
1201 1416 1225 1474 76
1221 1407 1362 1517 σῆμερον

112 1498 188 1600 μετὰ
205 1501 277 1570 σοῦ,
303 1493 723 1602 ῆνίκαέἀνείςπορεύησθειίς
752 1491 975 1603 προςαγηόχαρι
998 1521 1038 1560 70
1046 1497 1197 1596 περὶτῆς
1213 1489 1360 1595 ἀμαρτίρς

115 1578 169 1660 τῆν
182 1574 355 1682 076767707
342 1577 722 1682 μαρτυρίου,ῆπροςιτρ-
754 1579 868 1683 αὔριόν,
902 1580 953 1642 καί
977 1578 1017 1642 76
1042 1573 1340 1681 660767767070’
1305 1603 1361 1640 αυ-

114 1665 280 1745 ρευομένων
306 1659 388 1765 6767
400 1660 499 1764 πρὸς
501 1659 538 1725 τὸ
556 1655 722 1762 θυσιριστῆ-
753 1665 815 1726 τῶν
827 1663 924 1726 ἔναντι
937 1667 1053 1769 κυρίου,
1077 1686 1130 1723 και
1122 1661 1303 1765 συμβέβηκέ
1312 1685 1360 1759 μρι

114 1770 195 1848 ριον,
221 1772 273 1809 και
285 1772 321 1811 07
335 1744 379 1850 μῆ
392 1740 575 1848 ἀπρθάνητι
602 1741 722 1825 νόμιμον
753 1747 898 1819 τοιαῦτα,
924 1746 980 1846 766
998 1738 1158 1844 6670777
1154 1741 1195 1804 76
1220 1744 1362 1846 περὶτῆς

116 1825 236 1893 αἰώνιον
252 1833 291 1931 666
307 1853 363 1932 τηις
378 1825 475 1927 777766
492 1825 589 1934 6767,
614 1831 643 1870 ¹⁰
656 1828 721 1892 δια·
753 1823 906 1951 όιμαρτίας2
907 1822 1057 1953 οσῆμεριην,
1081 1823 1121 1906 μῆ
1141 1821 1264 1909 ἀρεστὸν
1277 1827 1361 1889 ε”σται

116 1908 261 1974 στεῖλαι’
244 1913 390 2016 αναμέσρν
407 1913 468 1974 767
485 1906 597 2012 ἁγίων
592 1910 644 1974 7076
661 1935 722 2013 των
753 1912 923 2014 κυρίῳ,
935 1909 987 1973 καί
1010 1905 1116 1991 ῆκουσε
1133 1912 1284 1991 Μωυσῆς,
1310 1912 1362 1973 καί

114 1989 259 2100 βεβῆλων,
282 1995 333 2057 καί
346 1991 495 2076 ἀναμέσον
507 1998 567 2057 767
579 1989 721 2077 ἀκαθάρ-
753 1991 854 2079 ῆρισεν
866 1988 958 2075 αὐτῷ.

115 2099 176 2140 των
194 2078 316 2140 καὶτῶν
333 2080 493 2185 καθαρῶν,
519 2080 543 2118 22
556 2079 654 2142 καὶσυ
653 2082 719 2181 μ-βι
934 2081 1009 2139 ΚΕ
1021 2078 1059 2178 Φ
1104 2070 1177 2141 1Α’.

114 2155 172 2262 βηζ
172 2184 211 2224 ειν
227 2158 297 2263 7666
313 2156 395 2262 66066
411 2155 569 2262 '166666‘¹
548 2185 669 2226 απαντα
682 2157 721 2224 76
803 2187 836 2224 07
828 2154 1044 2262 6666607'
1008 2185 1107 2245 κυρισς
1127 2157 1214 2261 πρὸς
1220 2163 1359 2242 Μωυσῆν

115 2238 266 2347 νόμιμα,ρι
245 2238 448 2326 λαλῆσι
413 2269 511 2329 κυριος
522 2242 598 2353 ρτρὸς
611 2240 722 2319 αὐτοὺς
754 2241 950 2346 καὶἈαρών,
975 2242 1075 2320 λέγων.
1111 2240 1285 2323 λαλησατι
1297 2256 1360 2318 τοις

115 2327 164 2389 δια
180 2326 272 2429 χειρὸς
283 2331 416 2430 Μωυρῆ.
442 2328 533 2391 22καλ
547 2327 608 2392 είπι
621 2334 721 2392 Μωυ-
755 2331 830 2402 υίοῐς
835 2323 969 2430 Ισραῆλ,
978 2326 1119 2402 λέγοντες.
1133 2323 1360 2410 ταῦτατάκτῆ-

117 2413 169 2492 σῆς
180 2408 261 2513 πρὸς
281 2406 400 2514 ’140667
419 2406 562 2516 καὶπρὸς
577 2407 720 2513 Ἰβιάζαρ
754 2436 804 2512 νη,
828 2405 989 2490 ἀφάγεσθι
1003 2406 1066 2474 ἀπὸ
1078 2405 1202 2474 πάντων
1215 2413 1275 2472 767
1287 2435 1358 2493 κτη-

115 2495 167 2557 καί
180 2489 311 2580 Ἰθάμαρ
327 2493 399 2571 τούς
414 2492 498 2569 υίοὺς
520 2493 633 2598 A6667
651 2491 721 2571 τοὺς
755 2499 811 2559 νῶν
822 2499 883 2558 767
896 2495 996 2558 ἐπὶ
958 2518 1010 2577 της
1021 2497 1082 2596 γῆς
1103 2494 1188 2556 2πᾶν
1200 2497 1303 2594 κτῆνος
1315 2494 1359 2557 67·

115 2576 376 2680 κριταλειφθέντας
406 2574 562 2681 λάβετε
531 2604 585 2678 την
607 2585 722 2644 θυσίαν
753 2578 861 2679 χηλοῦ]
877 2573 974 2661 ὁπλῆν
991 2577 1043 2640 καὶ
1040 2575 1247 2682 ιἠνυχιστῆρας
1260 2573 1359 2679 ἀκαχί-

115 2659 170 2753 767
183 2659 465 2738 καταλειφθεῖσαν’
448 2660 512 2760 ἀπό
524 2664 585 2724 767
597 2688 636 2725 κα
679 2688 722 2724 ω-
754 2665 802 2736 ζον
754 2656 867 2736 ζδόσ
879 2660 987 2759 χηλῶν,
997 2661 1048 2722 καὶ
1044 2657 1172 2758 676767
1180 2658 1360 2783 7667770667

115 2767 218 2844 70767
243 2748 360 2842 κυρίου,
394 2744 445 2841 766
470 2736 602 2843 6677667
626 2686 680 2817 ἀζ71
664 2768 721 2822 μα
753 2745 783 2803 ἐν
793 2767 856 2815 τοις
865 2766 1014 2843 κτηνισι,
999 2765 1096 2806 ταυτα
1106 2738 1277 2844 φαγεσθε
1265 2739 1360 2844 7667

114 2821 199 2927 παρὰ
221 2821 260 2886 76
285 2818 527 2928 670760766707‚
540 2818 612 2899 6770
628 2821 770 2898 67677’
752 2819 815 2923 απὸ
841 2819 956 2886 τούτων
981 2820 1018 2886 06
1043 2820 1191 2906 φάγεσθι,
1214 2821 1279 2926 6776
1298 2830 1360 2891 767

114 2908 183 2968 ἐστι’.
223 2905 315 2968 22καί
332 2901 464 3008 φάγισθι
481 2901 624 3014 06767
591 2901 669 2969 ἐν
633 2932 720 3004 τρπῳ
752 2901 927 3007 ἀναγόντων
942 2908 1137 3013 7667770767,
1158 2908 1210 2972 καί
1221 2904 1284 2972 ἀπὸ
1296 2913 1359 2974 τῶν

114 2984 199 3071 ἁγίῳ.
224 2984 346 3071 νόμιμον
357 2984 416 3073 γάρ
430 3013 478 3053 σοι
490 2990 561 3087 6677,
573 2991 625 3053 καί
627 2986 718 3093 νόμι-
751 2983 992 3091 διχηλρόκτων
958 3015 1013 3065 τας
1026 2987 1137 3068 ὁπλάς,
1150 3018 1201 3056 και
1194 2987 1357 3096 ὂνυχιζόν-

111 3096 170 3151 μον
195 3081 259 3144 τοῖς
285 3074 359 3144 υἱοῖς
385 3096 441 3135 σου
465 3075 557 3173 76670
575 3069 639 3137 ἀπὸ
658 3078 720 3137 τῶν
751 3096 812 3138 των
836 3070 1034 3179 ὁνυχιστῆρας.
1062 3074 1118 3141 τὸν
1141 3071 1353 3178 κάμηλον,
1311 3102 1358 3140 οτι

112 3150 323 3235 καρπωμάτωκ
337 3159 462 3260 κυρίρυ.
473 3148 554 3218 06707
565 3154 623 3258 γάρ
637 3160 719 3220 ἐντέ-
751 3151 850 3233 ἀνάγει
844 3156 1040 3266 7666770767
1052 3164 1153 3234 70670,
1168 3154 1291 3283 οπλῆν
1274 3157 1353 3221 δὲ’
1319 3185 1356 3268 06

111 3236 220 3299 ταλταί
235 3259 295 3316 μοι.
322 3235 351 3277 ¹⁴
364 3238 415 3343 7766
432 3235 468 3340 76
489 3235 650 3321 στηθυνιον
662 3264 716 3304 του
704 3239 887 3343 Ηδηηλεῖ,
881 3236 1060 3347 ακαθαρτον
1072 3266 1163 3306 τουτο
1177 3236 1250 3322 ὑμῖν.
1277 3242 1356 3307 ⁶706

110 3316 328 3420 ρηορίσματος,
354 3321 405 3421 606
427 3317 480 3386 767
498 3325 589 3428 (6606'
576 3349 644 3425 7076
661 3327 718 3387 706
749 3349 802 3425 τοι(
814 3319 979 3426 600677060,
993 3321 1040 3390 ὅτι
1052 3321 1108 3391 067
1121 3321 1221 3428 ἀνάγει
1233 3350 1355 3428 μηρυκι-

109 3399 312 3513 ἀραιρέματος
331 3398 485 3513 6677066
482 3408 514 3470 ἐν
526 3431 613 3492 τοπῳ
627 3403 716 3490 ἀγίῳ,
749 3432 820 3490 σμον
829 3434 930 3485 τουτο,
942 3435 994 3472 και
986 3405 1099 3512 οπλην
1107 3435 1143 3473 07
1131 3406 1296 3514 διχηλιι,
1279 3437 1355 3474 ακα

109 3486 147 3590 06
159 3488 210 3562 καὶ
222 3514 253 3553 07
243 3490 328 3590 ὐἱοί
338 3514 394 3553 σου
407 3488 458 3552 καὶ
471 3515 489 3553 ο
476 3473 603 3565 ‘06767
598 3517 653 3591 067
664 3516 715 3572 μι-
748 3502 865 3594 θαρτον
883 3497 975 3596 70670
995 3488 1117 3596 ὑμῖν.
1095 3493 1111 3536 0
1124 3496 1176 3558 καί
1188 3493 1243 3558 767
1255 3520 1354 3595 χοιρρ-

108 3569 147 3633 τά
160 3577 223 3637 006
250 3568 372 3655 νόμιμον
384 3567 442 3674 γάρ
456 3597 512 3675 607,
530 3574 581 3637 καὶ
593 3569 717 3673 νόμιμον
745 3570 945 3684 76666707,‘¹
926 3600 974 3640 οτι
992 3602 1046 3640 ουκ
1058 3573 1160 3678 676777
1171 3575 1355 3678 μηρυκισμὸν

106 3664 170 3727 τοις
188 3658 263 3728 υίοῖς
276 3680 330 3718 σου
346 3651 470 3760 66666’
454 3654 516 3718 απὸ
528 3679 589 3719 των
600 3659 716 3719 θυσιαῖν
746 3662 846 3736 70670,
861 3686 912 3724 και
905 3654 1020 3768 66667
1033 3684 1070 3722 07
1058 3656 1198 3764 ’βιχηλεῖ
1213 3653 1353 3759 ἀκάθαρ-

106 3759 160 3799 του
148 3740 377 3821 σωτηρίου
333 3761 394 3800 των
406 3761 479 3799 υιων
487 3732 616 3822 Ἰσραῆλ.
630 3737 715 3803 22τὸν
745 3766 798 3806 τον
811 3748 903 3807 τοῦτο
916 3738 990 3824 ὑμῖν.
1018 3740 1137 3803 ⁷707
1106 3765 1160 3805 707
1175 3708 1225 3815 67,
1250 3735 1296 3842 6'77
1309 3739 1353 3803 δι

107 3821 250 3920 βραχίονα
273 3823 328 3882 706
334 3815 570 3928 660766'70707,
601 3823 653 3886 καλ
677 3821 713 3887 τὸ
745 3824 826 3927 ηηλει
835 3822 932 3931 σπλην
944 3847 1045 3898 τουτο,
1055 3850 1105 3888 και
1094 3820 1266 3926 ονυχίζιι
1247 3848 1352 3905 ονυχας

108 3895 269 4003 στηθύνιρν
293 3900 570 4005 τοῦάφορίρματος
588 3906 714 3970 ἐπὶτῶν
746 3909 928 4010 οπλῆς,
878 3907 930 3971 καί
954 3909 1046 3970 τοῦτο
1070 3903 1125 3971 067
1143 3903 1241 3983 ἀνάγει
1258 3931 1352 4032 μηρυ-

106 4009 316 4087 καοπωματων
324 4012 384 4050 των
394 3982 526 4094 0776767
535 3994 714 4074 προςοίσου-
745 4013 855 4091 κιρμον,
869 3985 1063 4092 ἀκάθαρτον
1059 3993 1152 4054 70670
1166 3986 1241 4071 ὑμῖν.
1260 3986 1351 4053 οἀπό

107 4092 154 4131 σιν
149 4064 322 4174 ἀρόρισμα
334 4067 478 4179 ἀφορίσαι
492 4073 588 4137 ἔναντι
601 4079 711 4158 κυρίου.
745 4079 805 4138 τῶν
814 4076 907 4157 κρεῶν
917 4068 1063 4135 06767’
1029 4099 1066 4137 07
1077 4068 1219 4179 ράγισθε,
1230 4075 1281 4136 καί
1282 4098 1352 4175 767

105 4152 157 4214 καὶ
181 4153 264 4215 ἔσται
289 4178 334 4216 σοι
351 4154 481 4230 καὶτοῖς
497 4159 581 4258 ρῖοῖς
590 4182 642 4259 067
661 4159 712 4221 καί
744 4160 928 4239 θνησιμαίων
940 4151 1042 4219 αὐτῶν
1054 4154 1108 4242 οὐχ
1120 4153 1245 4239 ἀψεσθε
1273 4152 1349 4221 ἀκά

105 4244 171 4342 τρῖς
183 4231 378 4337 θυγατράσι
371 4262 426 4300 σου
437 4262 511 4319 μετα
524 4245 581 4304 006
592 4236 712 4346 νόμιμον
742 4251 847 4342 θαρτα
871 4243 968 4340 τριῦτα
987 4233 1062 4340 ὖμῖν
1093 4243 1174 4304 οκαί
1191 4237 1351 4314 ταῦτα,ἀ

104 4312 239 4394 αἰώνιον,
264 4313 300 4383 67
326 4314 439 4426 τρόπον
457 4325 590 4433 ρυνέτριξε
610 4321 712 4429 κόριρς
743 4318 875 4423 6677067
888 4346 952 4386 απο
962 4347 1084 4387 παντων
1093 4348 1154 4388 των
1164 4329 1195 4389 εν
1204 4335 1267 4399 τοις
1259 4321 1351 4388 7607

103 4425 146 4482 τῳ
135 4368 295 4508 M6606.
332 4404 361 4444 20
373 4429 424 4467 και
441 4401 496 4469 767
517 4414 642 4509 χίμαρον
657 4406 711 4472 767
743 4432 778 4471 σι.
802 4399 905 4468 πάντα
923 4399 982 4469 ὅσα
999 4405 1127 4471 ἐστίν’
1092 4418 1195 4484 αυτοῖς
1181 4405 1350 4516 ςπτεράγια

101 4485 168 4572 περί
193 4510 244 4570 της
269 4493 415 4574 αμαρτίας
441 4489 536 4571 ζητῶν
565 4485 710 4573 ἐξεζῆτησι
742 4514 793 4553 και
785 4487 944 4566 λεπίδες
945 4499 1035 4565 ντοῖς
1052 4485 1153 4569 ὕδασι,
1178 4518 1230 4556 και
1223 4493 1273 4555 ἐν
1283 4503 1350 4567 ται,

1229 4572 1348 4642 θαλάσ-
