2924 4972
172 195 236 262 302
364 196 654 257 οΑΣιΛΕιτιΝ
677 195 779 257 τινα
788 199 856 256 νει
892 180 1238 275 ιτεριςῖιζὶνανν.

171 322 376 406 προςκεφαλης
406 320 500 386 αὐτοῦ
526 324 578 385 καί
602 319 654 384 τὸν
679 322 776 401 φακὸν
814 344 869 404 ρον
962 325 1090 401 ταίαμαι
1109 323 1160 384 καί
1175 315 1307 402 ἡγνόηκα
1318 317 1421 383 πολλὰ

171 409 228 468 τοῦ
240 401 357 478 ὕδατος,
366 407 417 469 καί
425 401 604 484 ἀπέλθωμεν
612 400 692 485 ἡμεῖς
702 400 773 467 καθ’
815 344 961 488 σφόύιρεόα
966 403 1060 466 22καί
1071 399 1222 486 ἀπεκρίθη
1234 402 1347 474 Δαυίδ,
1370 404 1422 466 καί

171 485 302 562 ἑαυτούς.
328 489 419 550 12καί
434 487 525 592 ἔλαβε
537 487 636 550 Ααυίδ
648 484 684 549 τὸ
703 481 776 570 δόρυ
814 482 899 548 εἶπεν.
913 480 978 548 ίδού
990 481 1026 549 τό
1036 480 1109 569 δόρυ
1119 482 1334 567 τοῖιβασιλέας,
1344 485 1422 548 διελ-

171 575 221 634 καί
234 567 287 635 τὸν
299 567 398 650 φακὸν
414 573 471 633 τοῦ
486 566 593 642 α’δατος
607 554 672 632 ’ἀπὸ
685 592 777 651 προς-
814 569 897 632 θὲτω
917 567 956 640 είς
976 570 1036 630 τῶν
1047 565 1215 649 παιδαρίων
1233 569 1285 630 καί
1300 567 1421 652 λαβέτω

170 654 299 752 κεφαλης
325 649 434 727 αὐτοῦ,
462 653 513 716 καί
537 648 679 715 σἰπλθον
703 646 773 714 καθ’
815 644 901 724 αὐτὸ,
918 649 1003 713 23καί
1015 646 1113 732 κύριος
1125 649 1291 752 ἐπιστρέφει
1301 647 1422 732 ἑκάστῳ

171 737 306 809 ἕαυτους.
339 737 389 799 καί
406 731 461 798 οὒκ
478 722 515 818 ἦν
533 731 551 796 ὁ
569 677 702 818 βλέπων,
727 735 778 796 καί
814 729 893 796 κατὰ
911 727 964 805 ’τὰς
982 725 1167 805 δικαιοσύνας
1185 735 1281 794 αυτοῦ
1299 732 1421 817 κοίτην

171 816 226 881 οόκ
239 805 275 917 ᾖν
288 813 305 880 ὁ
318 812 485 894 γινούσκωι,
507 818 559 880 καί
571 812 624 882 οόκ
639 802 674 899 ἦν
686 809 704 879 ὀ
717 816 777 890 ἔξε-
814 819 913 915 πίστιν
925 810 1032 878 αὐτοῦ.
1056 811 1266 914 ὡρπαρέδακὲ
1276 839 1307 879 σε
1320 811 1422 899 κύριος

169 922 345 982 γειρομενος,
382 895 492 973 πάντες
516 894 688 973 ὀκνοῦντες,
729 893 777 961 ὅτι
815 918 938 979 σημερον
956 899 996 970 είς
1006 906 1104 980 χεῖρας
1115 921 1187 976 μου,
1211 899 1265 962 καὶ
1276 895 1330 961 οὐκ
1343 896 1422 982 ἦθί-

170 978 288 1067 θάμβος
312 987 415 1066 κυρίου
435 982 575 1045 ἐπέπεσεν
594 976 637 1044 ἐπ’
658 972 776 1054 αύτούς.
814 977 891 1060 λησα
904 981 1064 1055 ἐπενεγκεῖν
1093 974 1157 1083 εῖρύ
1168 1004 1226 1061 μου
1240 980 1422 1065 ε’ττίχριστόν

169 1065 197 1106 ¹³
209 1067 261 1130 καί
276 1064 356 1164 διέβη
370 1062 469 1126 Δαυίδ
483 1066 523 1136 είς
540 1062 575 1128 τὸ
592 1065 702 1146 πέραν,
727 1063 777 1127 καί
814 1065 925 1145 κυρίου.
955 1059 1051 1126 2*καί
1064 1003 1131 1125 δύου
1147 1061 1420 1144 καθώσίμεγαλύν-

171 1149 240 1228 ἐίττη
257 1149 307 1211 ἐπί
324 1170 377 1229 την
390 1140 522 1228 κορυφὴν
539 1149 596 1211 τοῦ
613 1143 702 1250 ὄρους
717 1170 776 1226 μα-
814 1153 858 1226 θη
878 1139 896 1225 ἦ
914 1136 993 1226 ψυχή
1013 1168 1067 1208 σου
1083 1141 1207 1249 σημερον
1224 1148 1256 1209 ἐν
1274 1143 1370 1238 ταύτη
1390 1150 1422 1211 ἐν

169 1225 293 1330 κρόθεν,
318 1231 370 1293 καί
389 1227 489 1310 πολλὴ
507 1223 610 1310 ἢόδός
629 1229 777 1308 αναμίοον
815 1222 987 1308 ὀφθαλμοῖς
998 1249 1070 1307 μου,
1085 1251 1183 1302 ουτως
1194 1228 1422 1313 μεγαλυνθείηίγ

170 1316 279 1375 αυτῶν.
317 1311 347 1354 ¹⁴
359 1312 411 1376 καί
426 1310 664 1392 προςεκαλέσατο
680 1309 778 1374 Δαυίδ
816 1302 895 1392 ψυχή
907 1333 966 1391 μου
980 1307 1107 1374 ἐνώπιον
1118 1313 1232 1395 κυρίου,
1245 1313 1297 1375 καί
1308 1309 1421 1377 σκεπά-

171 1391 223 1459 τόν
244 1390 333 1470 λαὸν,
358 1397 410 1459 καί
427 1396 472 1476 τῷ
489 1391 626 1478 Ἀβεννίγρ
643 1387 776 1475 ἓλύλησε,
816 1415 868 1456 σαι
879 1415 923 1472 με,
941 1391 994 1456 καί
1005 1391 1140 1468 ἐξελεῖται
1152 1417 1185 1475 με
1198 1396 1230 1457 ἐκ
1243 1389 1341 1476 πάσης
1352 1396 1422 1459 θλί-

170 1478 273 1553 λίγων.
291 1474 346 1540 ούκ
360 1470 696 1559 ὀποκριθὴσηἈβεννηρ
701 1503 713 1552 ,·
726 1477 777 1539 καί
817 1492 904 1555 ψεσις.
930 1472 960 1515 ²⁸
972 1475 1024 1539 καί
1036 1471 1097 1539 εἶπε
1109 1470 1216 1540 Σαούλ
1226 1475 1304 1560 πρὸς
1317 1479 1421 1542 Δαυίδ.

169 1544 616 1684 ἀπεκρίθηἈβεννὴρ,καίέῖπε.
642 1562 686 1632 τίς
702 1555 777 1622 εἶσύ
816 1554 1008 1639 εὐλογημένος
1037 1554 1076 1623 σύ
1099 1560 1217 1633 τίκνον,
1253 1561 1306 1624 καί
1328 1565 1422 1625 ποιῶν

171 1635 318 1719 ὀκαλοῖνς
343 1644 355 1682 ¹
385 1642 436 1704 καί
448 1637 509 1704 εἷπε
521 1640 621 1705 Δαυίδ
636 1638 713 1725 πρὸς
728 1637 777 1704 Ἀ-
816 1634 959 1722 ποιηοεις,
984 1641 1035 1703 καί
1054 1634 1209 1722 δυνάμενος
1226 1638 1347 1725 δυνῆση.
1370 1645 1423 1708 καί

169 1719 283 1809 βεννηρ.
307 1721 363 1788 οὐκ
376 1720 452 1807 ἀνὴρ
467 1717 521 1801 σύγ
547 1726 598 1787 καί
618 1728 663 1798 τίς
680 1718 722 1798 ὦς
740 1721 775 1788 σὺ
816 1717 937 1805 ἀπῆλθε
957 1723 1055 1787 Δαυίδ
1077 1727 1116 1798 είς
1142 1722 1198 1807 τὴν
1221 1720 1292 1788 ὅδόν
1313 1713 1421 1800 ὀύτοῦ,

170 1808 201 1870 ἐν
210 1801 348 1890 Ἰσραήλ·
361 1809 412 1870 καὶ
422 1804 504 1870 διατί
512 1802 549 1869 ού
559 1801 713 1885 φυλάσσεις
724 1804 777 1870 τὸν
816 1807 868 1869 καί
879 1801 986 1871 Σαούλ
1004 1802 1188 1892 ἀπέστρεψεν
1204 1810 1244 1882 είς
1259 1804 1312 1871 τὸν
1325 1803 1421 1872 τόπον

169 1883 270 1971 κύριόν
282 1913 339 1952 σου
353 1884 406 1952 τὸν
417 1887 542 1973 βασιλέα
546 1916 558 1965 ,·
584 1883 631 1952 ὅτι
646 1888 776 1972 είςίγλθεν
816 1883 922 1952 αὐτοῦ.

170 1971 209 2045 είς
221 1974 253 2034 ἐκ
268 1974 322 2035 τοῦ
333 1970 411 2035 λαοῦ
425 1972 598 2054 διαφθεῖραι
610 1970 663 2035 τὸν
674 1967 776 2057 κύριόν
995 1976 1069 2035 ΚΕ
1083 1974 1122 2035 Φ.
1164 1965 1243 2035 ΚΖ’.
1420 2031 1423 2038 .

171 2078 227 2117 σου
241 2051 439 2138 τὸνβασιλέα.
478 2053 507 2094 ¹⁶
519 2057 571 2117 καί
587 2051 642 2116 οὐκ
655 2051 776 2130 ἀγαθὸν
816 2019 1080 2120 ΚαίεδπεΔαυίδ
1091 2057 1172 2137 ἐντῆ
1188 2054 1297 2140 καρδίη
1314 2052 1422 2130 αότοῦ,

170 2135 207 2199 τὸ
221 2138 301 2221 ῥῆμα
312 2138 423 2210 τοῦτο,
448 2130 649 2220 ὀπεποίηκας.
676 2139 710 2230 ζῇ
723 2133 777 2201 κύ-
816 2136 917 2212 λέγων.
948 2142 1000 2204 νῦν
1022 2125 1265 2221 προςτεθίσομαι
1282 2142 1313 2204 ἐν
1326 2134 1422 2222 ἢμέριμ

171 2244 247 2303 ριος,
273 2213 321 2283 ὀτι
339 2221 399 2284 υίοί
417 2213 614 2295 θανατώσεως
628 2216 721 2302 ὑμεῖς,
747 2224 777 2285 οί
814 2222 868 2302 μιᾷ
890 2225 930 2296 είς
954 2232 1051 2307 χεῖρας
1066 2167 1187 2297 Σαούλ,
1214 2223 1265 2286 καί
1282 2218 1339 2284 ούκ
1358 2225 1422 2286 ἐστι

171 2297 372 2403 φυλάσσοντες
395 2301 448 2366 τὸν
463 2301 588 2388 βασιλέα
608 2301 660 2367 τὸν
676 2298 777 2388 κύριον
814 2327 864 2385 μοι
881 2300 1001 2380 ἀγαθὸν
1013 2300 1066 2368 ἐὰν
1076 2302 1116 2386 μὴ
1131 2308 1226 2368 σωθῶ
1239 2307 1278 2376 είς
1289 2307 1345 2406 γην
1363 2301 1421 2367 ἆλ-

171 2388 251 2465 υμῶν
271 2384 325 2449 τὸν
340 2382 458 2470 χριστὸν
471 2391 582 2471 κυρίου.
607 2389 658 2451 καί
671 2390 722 2451 νύν
736 2386 777 2450 ἴδε
815 2381 958 2466 λοφύλων
969 2414 1021 2451 και
1033 2412 1090 2490 ανρ
1101 2412 1145 2451 απ
1164 2389 1237 2467 ίμοῦ
1247 2386 1353 2451 Σαουλ
1365 2392 1421 2451 τοῦ

171 2466 208 2553 δι’]
221 2466 257 2532 τὸ
270 2464 343 2554 δόρυ
355 2474 410 2534 τοῦ
421 2468 576 2555 βασιλέως,
588 2472 639 2535 καί
652 2465 670 2533 ὅ
681 2466 777 2550 φακὸς
816 2471 909 2552 ζητεῖν
924 2495 958 2551 με
977 2474 1016 2545 εἰς
1033 2495 1096 2534 παν
1113 2464 1196 2555 ὀριον
1210 2467 1345 2555 Ἰσραὴλ,
1371 2472 1421 2533 καί

169 2556 226 2616 τοῦ
240 2548 347 2628 ὕδατος
358 2558 420 2619 ποῦ
435 2556 497 2617 ε’στι
510 2552 549 2618 τὰ
560 2552 637 2637 πρὸς
647 2552 778 2636 ,κεφαλῆς
816 2547 996 2636 σωθήσομαι
1006 2556 1038 2617 ἐκ
1050 2552 1143 2637 χειρὸς
1156 2551 1260 2619 αὐτοῦ.
1274 2554 1343 2617 2καὶ
1353 2550 1420 2616 ὀνί-

171 2633 275 2698 αότοῦ.
298 2637 325 2680 ¹²
337 2639 389 2701 καί
401 2639 515 2711 ἐπέγνω
526 2633 634 2702 Σαούλ
645 2634 699 2719 τὴν
712 2661 778 2715 φεο-
815 2659 871 2738 οτη
881 2637 980 2701 Δαυίδ
995 2638 1048 2700 καί
1064 2639 1095 2700 οί
1114 2631 1260 2712 ἑξακόσιοι
1278 2636 1376 2719 ἄνδρες
1390 2638 1421 2699 οί

169 2715 222 2798 νην
234 2717 339 2792 Δαυίδ,
352 2721 404 2783 καί
416 2717 484 2782 εἷπε.
501 2713 518 2802 ἦ
532 2714 619 2801 φωνή
631 2744 687 2783 σου
700 2715 777 2801 αὕτη
813 2742 865 2800 μετ
888 2716 999 2793 αὐτοῦ,
1023 2720 1075 2782 καί
1095 2715 1246 2802 ἐπορεύθη
1263 2716 1339 2803 πρὸς
1350 2717 1421 2795 Ἀγ-

170 2801 274 2861 τέκνον
284 2800 382 2864 Δαυίδ
384 2828 396 2877 ,·
410 2803 461 2863 καὶ
474 2798 534 2863 εἷπε
547 2802 651 2864 Ααυίδ.
667 2797 777 2876 δοῦλός
813 2803 884 2885 χούς
898 2796 962 2864 υίόν
973 2798 1088 2884 Ἀμμόιχ
1099 2801 1224 2884 βασιλέα
1236 2806 1270 2862 Γ
1267 2804 1315 2864 ε’θ.
1343 2804 1420 2866 3ιιαί

171 2906 226 2945 σου
238 2876 317 2967 κύριε
328 2881 481 2970 βασιλεῦ,
494 2882 523 2924 ¹⁸
535 2887 586 2949 καί
598 2882 670 2948 εἷπε.
699 2887 779 2950 ίνατί
814 2878 937 2948 ἐκάθισε
946 2884 1043 2949 Δαυίδ
1053 2879 1253 2965 μετὰἏγχοῦς
1266 2878 1357 2955 αὐτὸς
1370 2885 1421 2947 καί

169 2968 262 3029 τοῦτο
276 2960 450 3030 καταδιώκει
467 2960 597 3045 οκύριος
610 2963 707 3032 ὀπίσω
720 2972 775 3032 τοῦ
814 2969 844 3030 οί
864 2963 965 3052 ἄνδρες
983 2963 1079 3030 αὐτοῦ
1096 2970 1220 3038 ἕκαστος
1232 2966 1284 3028 καί
1301 2958 1319 3027 ὀ
1338 2963 1422 3040 οἶκος

170 3041 281 3110 δούλου
294 3045 392 3112 αὐτοῦ
401 3076 413 3126 ;
433 3045 480 3110 ὅτι
494 3055 524 3111 τί
536 3047 706 3134 ἦμαρτηιιας
724 3055 776 3116 καί
813 3047 924 3124 αὐτοῦ,
948 3050 1000 3112 καί
1016 3049 1115 3114 Δαυίδ
1135 3048 1186 3111 καί
1203 3043 1370 3134 ἀμφότεραι
1387 3054 1420 3113 αἱ

168 3134 200 3191 τί
212 3124 320 3212 εὑρέθη
332 3132 363 3194 ἐν
375 3131 440 3210 ε’μοί
453 3126 580 3214 ἀδίκημα
585 3161 597 3210 ,·
620 3134 648 3174 ¹⁹
661 3136 712 3197 καί
723 3139 775 3199 νῦν
811 3143 944 3208 γυναῖκες
963 3127 1060 3197 αότοῦ
1077 3125 1218 3235 Ἀρινοίαμ
1232 3130 1420 3217 Ἰεζραηλίτις

169 3207 332 3275 ἀκουσάτω
346 3207 363 3275 ὀ
377 3207 477 3296 κύριός
488 3239 545 3293 μου
564 3212 726 3300 ὀβασιλεύς
738 3214 774 3281 τὸ
812 3215 864 3278 καί
870 3211 1007 3302 Ἀβιγαία
1020 3214 1037 3299 η
1051 3241 1123 3298 γυνη
1137 3210 1252 3301 Νύβαλ
1264 3219 1318 3280 τοῦ
1332 3221 1417 3296 Καρ·

168 3296 248 3378 ῥῆμα
261 3298 317 3359 τοῦ
327 3290 438 3360 δούλου
452 3293 556 3374 αὐτοῦ,
566 3304 591 3363 εί
600 3293 618 3365 ὁ
628 3298 699 3374 θεὸς
709 3302 775 3364 ε’πι-
811 3297 927 3381 μηλίου.
950 3299 967 3339 ⁴
980 3303 1030 3365 καί
1042 3298 1185 3381 ἀνηγγελη
1199 3302 1244 3382 τῷ
1254 3297 1360 3363 Σαοὺλ
1371 3295 1418 3362 ὅτι

169 3382 236 3442 σείει
262 3405 292 3443 σε
320 3375 364 3443 ἐπ’
386 3376 448 3460 ἐμὲ,
477 3376 664 3466 ὀσφρανθείη
680 3388 775 3447 θυσία
811 3384 936 3461 πέφευγε
949 3384 1095 3459 Δαυίδείς
1107 3380 1190 3457 Γίθ,
1213 3385 1264 3447 καί
1276 3381 1313 3446 ού
1325 3406 1418 3464 προς-

168 3487 231 3525 σου.
257 3465 308 3526 καί
321 3467 345 3527 εί
359 3466 419 3527 υἱοί
431 3460 603 3549 ἀνθρώπων
608 3514 622 3542 ,
632 3460 776 3530 ίπικατύ-
812 3467 901 3531 ἑθετο
915 3469 958 3530 ἔτι
971 3469 1065 3550 ζητεῖν
1077 3461 1179 3532 αὐτόν.
1198 3465 1269 3530 ὅκαί
1280 3461 1342 3529 εἶπε
1354 3469 1419 3528 Λα-

167 3570 254 3625 ρατοι
264 3535 348 3610 ούτοι
359 3541 485 3611 ἐνώπιον
493 3552 605 3631 κυρίου,
615 3543 662 3611 ὀτι
673 3550 774 3633 ἐξέβα·
813 3548 861 3613 υίδ
871 3548 947 3634 πρὸς
957 3547 1090 3636 Ἀγχοῦς,
1102 3555 1130 3615 εἶ
1139 3547 1175 3632 δη
1188 3544 1303 3632 εύρηκεν
1315 3544 1333 3610 ὀ
1346 3548 1418 3611 δοῦ-

166 3623 220 3694 λόν
231 3655 266 3710 με
280 3626 404 3714 σήμερον
416 3627 456 3714 μὴ
470 3633 646 3716 ἕστηρίχθαι
659 3635 689 3696 ἐν
701 3633 772 3715 κλη-
812 3627 864 3706 λός
878 3658 932 3698 σου
949 3628 1035 3738 χάριν
1048 3638 1079 3698 ἐν
1091 3630 1259 3712 ὀφθαλμοῖς
1271 3654 1341 3701 σου»
1364 3624 1417 3727 δέ·

167 3717 294 3792 ρονομίρ
317 3719 435 3798 κυρίου,
460 3715 603 3790 λέγοντες.
634 3710 774 3797 πορεύου,
813 3739 914 3780 τασαν
932 3717 970 3800 δη
984 3743 1035 3800 μοι
1053 3712 1148 3781 τόπον
1165 3718 1196 3778 ἐν
1211 3714 1265 3794 μιᾷ
1281 3713 1341 3774 τῶν
1358 3736 1417 3772 πο-

169 3791 289 3857 δούλευε
306 3804 386 3870 θεοῖς
403 3798 524 3881 ἑτέροις.
563 3799 595 3840 20
608 3801 659 3862 καί
672 3802 723 3862 νῦν
733 3794 774 3879 με)
812 3795 886 3864 λειον
905 3804 966 3864 τῶν
983 3797 1046 3864 κατ’
1068 3793 1161 3881 τἰγρόν
1179 3798 1230 3859 καί
1246 3787 1417 3874 καθήσομαι

168 3878 258 3940 πέσοι
272 3875 308 3941 τὸ
322 3873 394 3960 αἷμά
405 3905 463 3961 μου
474 3882 524 3944 ἐπὶ
537 3877 589 3984 την
596 3885 651 3959 γῆν
663 3883 775 3956 ἐξεναν-
812 3882 885 3956 ἒκεῖ,
908 3886 960 3947 καί
973 3885 1054 3947 ίνατί
1064 3877 1197 3963 κάθηται
1211 3870 1228 3939 ὀ
1241 3870 1348 3948 δοῦλός
1361 3901 1417 3939 σου

168 3963 234 4033 τίας
246 3957 406 4108 πρρςώπου
418 3968 529 4109 κυρίου,
544 3988 591 4027 οτι
605 3960 775 4046 ἐξελήλυθεν
813 3965 844 4027 ἒν
856 3959 941 4028 πόλει
951 3961 1160 4063 βασιλευομένη
1171 3958 1244 4063 μετὰ
1258 3962 1329 4034 σούς
1343 3959 1418 4024 ὃιιαί

168 4037 273 4128 ὀβασι
306 4042 338 4120 ὺς
352 4042 455 4130 Ἰσραίγ
491 4047 584 4128 ζητεῖν
602 4048 698 4131 ψυχήν
716 4072 774 4128 μου
812 4045 917 4111 ἔδωκεν
933 4045 1018 4127 αότῳ
1036 4048 1068 4111 ἐν
1084 4069 1121 4135 τη
1141 4067 1234 4126 ημερᾳ
1253 4042 1345 4135 ἐκείνη
1362 4040 1419 4126 τὴν

167 4126 272 4203 καθώς
297 4123 471 4194 καταδιώκει
500 4127 517 4192 ὁ
543 4131 718 4213 νυκτικόραξ
744 4132 776 4193 ἐν
811 4123 948 4192 Σεκελύκ.
974 4127 1024 4192 διὰ
1039 4132 1131 4191 τοῦτο
1145 4123 1272 4207 ἐγενήθη
1285 4125 1417 4190 Σεκελὰκ

167 4223 230 4285 τοῖς
250 4210 338 4296 ὀρεσι.
365 4214 392 4253 ²¹
405 4216 455 4276 καί
469 4210 528 4275 εἶπε
540 4209 652 4278 Σαούλ.
680 4206 776 4316 ημύρ·
811 4214 856 4292 τῷ
864 4210 981 4296 βασιλεῖ
990 4215 1043 4294 τῆς
1052 4206 1201 4283 Ἰουδαίας
1214 4214 1269 4282 ἕως
1283 4213 1333 4291 τῆς
1347 4206 1418 4293 ημί-

166 4319 253 4377 τηκα,
268 4297 422 4378 ἐπίστρεφε
436 4296 536 4358 τέκνον
548 4298 660 4371 Δαυίδ,
678 4322 725 4360 οτι
737 4293 774 4361 ού
811 4318 865 4379 ρας
877 4290 996 4378 ταύτης.
1024 4295 1037 4335 ⁷
1051 4296 1103 4357 καί
1115 4287 1241 4376 ἐγενηθη
1255 4290 1273 4355 ὀ
1287 4290 1418 4375 ἀριθμὸς

166 4373 362 4459 κακοποιῆσαι
375 4401 407 4441 σε
424 4373 492 4440 ἄνθ’
507 4368 549 4440 ὧν
567 4380 681 4461 ἔντιμος
695 4375 772 4463 ψυχή
811 4381 872 4443 τῶν
882 4375 993 4481 ίρμερῶν
1003 4366 1047 4441 ούν
1058 4371 1177 4441 ἐκάθισε
1186 4376 1284 4441 Δαυὶδ
1293 4380 1324 4440 ἐν
1333 4374 1417 4461 ἀγρῷ

164 4484 222 4542 μου
236 4461 266 4522 ἐν
277 4456 449 4544 ὀφθαλμοῖς
458 4484 522 4535 σου,
533 4464 583 4525 καὶ
593 4463 624 4525 ἐν
638 4465 673 4555 τῇ
685 4457 773 4546 ούμε-
810 4464 870 4526 τῶν
882 4455 1070 4546 αλλοφύλονν,
1079 4462 1228 4548 τέσσαρας
1236 4464 1334 4562 μηνρς.
1334 4460 1418 4627 ἐκαὶ

1286 4567 1337 4607 αντ
1358 4565 1418 4606 αινε
