2924 4972
163 229 325 341 στ’-3*
527 225 740 288 ιονΔισ
783 221 1043 304 Remi-{265

330 318 1411 340 .............-........-.---.-.-..---

164 361 189 421 εἰ
213 352 253 437 μή
270 345 558 454 Ιλζαβουηοδσνὸρορὲ
584 339 672 422 οὗτος
690 345 771 412 ἀπο-
808 352 879 422 τῶν,
893 349 945 411 καί
957 347 1070 434 ἔβαλον
1082 351 1113 411 ἐν
1125 346 1223 422 λίθοις
1236 344 1279 411 ἐπ’
1296 341 1416 421 αύτούς.

164 436 257 504 στελεῖ
277 460 314 499 το
334 458 444 518 κρατος
460 456 572 505 αυτου,
599 432 650 494 καί
668 428 771 506 ίξολσ-
807 426 1092 505 13καίύποδύσαντες
1101 425 1245 494 ὑποκάτω
1253 434 1306 493 τοῦ
1314 426 1417 511 ὅρους,

164 521 280 604 θρεύσει
305 514 416 591 αύτούς
441 514 503 579 ἀπὸ
529 511 692 616 προςιύπου
718 517 771 617 τῆς
808 510 1106 597 ἐδησαντδνἈχιὼρ,
1119 515 1172 577 καί
1185 510 1304 613 ἀφῆκαν
1317 514 1418 598 ε’ῤῥιμ-

162 610 232 683 γ’ς,
256 602 310 667 καί
335 596 371 663 ού
399 593 518 684 ῥύσεται
535 595 646 671 αυτούς
663 591 681 661 5
701 606 772 671 θεας
807 602 893 679 μένον
906 593 968 660 ὑπὸ
987 596 1040 679 τήν
1059 600 1143 682 ῥίζαν
1160 599 1216 660 τοῦ
1234 619 1340 680 ορους,
1365 597 1419 660 καί

164 689 272 751 αυτσῖν.
312 680 402 746 3ἀλλ’
419 678 498 784 ἡμεῖς
510 683 541 744 οἱ
553 678 656 744 δοῦλοι
674 677 770 743 αὐτοῦ
809 675 968 763 ἀπεύχοντο
997 677 1074 764 πρὸς
1103 678 1157 743 τὸν
1180 678 1281 763 κύριον
1305 676 1418 745 αὐτῶν.

162 765 333 848 πατάξομεν
352 761 464 837 αύτους
478 759 519 836 ὡς
531 760 696 846 ἀνδρωπον
709 767 770 836 ἕνα,
808 761 837 804 ¹⁴
851 759 1032 847 καταβάντες
1044 761 1077 827 δὲ
1096 763 1158 826 υίοί
1172 760 1295 864 Ἰσραήλ
1313 766 1345 825 ἐκ
1363 767 1419 846 τῆς

163 855 214 916 καί
232 848 286 933 οὐχ
300 843 520 928 ὑποστήσονται
537 844 573 908 τὸ
590 840 698 930 κράτος
710 851 771 910 τοῖν
807 844 923 919 πόλεως
940 842 1040 910 αὐτῶν
1058 848 1225 928 ἐπέστησαν
1237 849 1338 927 αυτῷ,
1364 848 1419 909 καί

162 937 264 998 ’ίππων
279 927 370 1013 ήμῶν.
383 922 631 1009 4κατακαύσομεν
641 925 700 1011 γάρ
715 926 771 991 αύ-
807 923 950 1003 λύσαντες
962 925 1056 992 αὐτὸν
1069 924 1229 1012 ἀπήγαγον
1241 933 1281 1001 εἰς
1290 925 1345 1010 τήν
1355 934 1418 992 Βε-

161 1015 235 1090 τούς
259 1017 291 1077 ἐν
315 1011 435 1086 αὐτοῖς,
460 1013 512 1076 καί
536 1008 576 1074 τά
595 1009 651 1097 ὅρη
670 1008 771 1075 αὐτῶν
808 1008 937 1087 τυλούα,
962 1013 1013 1075 καί
1038 1015 1222 1093 κατέστησαν
1248 1008 1342 1075 αύτὸν
1366 1014 1417 1075 ἐπί

161 1090 385 1181 μεθυσθήσεται
410 1097 441 1158 ἐν
465 1097 511 1177 τῴ
536 1097 642 1176 αἵματι
659 1091 769 1168 αὐτῶν,
807 1093 880 1169 τούς
892 1093 1100 1178 ἀρχονταςτῆς
1108 1090 1223 1168 πόλεως
1232 1091 1342 1167 αὐτῶν,
1354 1096 1419 1158 ¹⁵02

161 1183 212 1246 καί
225 1178 263 1244 τά
276 1179 364 1243 πεδία
374 1174 475 1242 αύτῶν
485 1171 715 1260 πληρωθήσεται
725 1201 770 1240 νε-
807 1167 885 1279 ῆσαν
898 1179 929 1241 ἐν
941 1189 1007 1252 ταῖς
1022 1175 1143 1260 ἡμέραις
1160 1180 1294 1250 ἐκείναις,
1316 1173 1417 1252 Ὀζίας

161 1269 241 1349 κρῶν
254 1259 364 1327 αὐτῶν.
384 1262 435 1325 καί
447 1257 502 1325 οὐκ
514 1255 720 1363 ἀντιστήσεται
732 1260 768 1323 τὸ
808 1284 826 1322 ο
840 1263 897 1323 τοῦ
907 1257 996 1345 Μιχά
1008 1263 1039 1324 ἐκ
1053 1266 1105 1344 τῆς
1118 1258 1212 1342 φυλῆς
1221 1255 1354 1343 Συμεών,
1365 1264 1417 1325 καί

162 1347 240 1433 ἴχνος
252 1350 312 1410 τῶν
324 1344 427 1408 ποδῶν
439 1340 541 1406 αὐτῶν
559 1366 637 1406 κατα
650 1338 769 1424 πρόςω-
805 1340 901 1427 Ἀβρίς
919 1340 937 1406 5
954 1347 1009 1406 τοῦ
1027 1348 1062 1405 Γ
1058 1338 1197 1426 οθονιήλ,
1222 1344 1274 1407 καί
1295 1345 1416 1427 Χαρμίς

160 1454 220 1495 πον
239 1425 334 1511 ῆμῶν,
360 1423 440 1491 ἀλλὰ
462 1423 597 1508 ἀπωλείᾳ
616 1423 770 1489 ἀπολούν-
809 1424 872 1500 υίὸς
881 1422 1027 1510 Μελχιῆλ.
1039 1427 1125 1491 16καί
1135 1423 1328 1490 συνεκάλεσαν
1337 1423 1416 1490 πάν-

161 1538 222 1586 ται,
233 1511 307 1586 λέγει
320 1505 337 1572 5
351 1507 486 1593 βασιλεὺς
498 1502 767 1594 Ναβουχοδονόσορ
807 1533 861 1583 τας
886 1507 956 1583 τούς
978 1513 1192 1594 πρεσβυτέρους
1215 1514 1267 1592 τῆς
1290 1509 1416 1586 πόλεως,

162 1588 291 1678 ὁκύριος
304 1585 402 1673 πάσης
414 1595 466 1673 τῆς
477 1593 538 1668 γῆς.
565 1587 626 1653 εἶπε
639 1588 708 1672 γάρ,
732 1589 769 1654 σύ
806 1593 858 1655 καί
877 1593 1057 1677 συνέδραμον
1069 1596 1129 1668 πᾶς
1146 1598 1296 1667 νεανίσκος
1316 1591 1416 1658 αὐτῶν

161 1670 407 1761 ματαιωθήσεται
419 1671 459 1737 τά
469 1669 588 1756 ῥήματα
599 1676 662 1736 τῶν
672 1670 769 1750 λόγων
807 1676 859 1738 καί
870 1678 904 1738 αί
914 1685 1045 1752 γυναῖκες
1058 1680 1096 1751 εἰς
1108 1673 1164 1760 τήν
1176 1676 1346 1757 ἐκκλησίαν,
1364 1678 1416 1742 καί

162 1758 268 1826 αὐτοῦ.
307 1755 370 1820 6σύ
389 1755 421 1820 δὲ
440 1752 546 1840 Ἀχιώρ
565 1753 697 1837 μισθωτὲ
713 1760 770 1820 τοῦ
807 1760 934 1840 ἔστησαν
957 1757 1010 1822 τὸν
1027 1756 1135 1845 Ἀχιώρ
1153 1762 1184 1823 ἐν
1203 1762 1284 1842 μέσῳ
1302 1757 1416 1836 παντὸς

156 1839 284 1926 Ἀμμών,
297 1835 330 1913 ὃς
343 1834 491 1920 ἐλάλησας
502 1835 574 1912 τούς
584 1832 689 1916 λόγους
698 1834 769 1903 τού·
807 1845 863 1905 τοῦ
876 1840 954 1904 λαοῦ
969 1839 1077 1906 αὐτῶν.
1093 1843 1145 1906 καί
1158 1837 1343 1926 ε’πηριύτησεν
1356 1841 1416 1906 αύ-

160 1951 232 1999 τους
249 1927 280 1989 ἐν
297 1920 393 2006 ῆμέρη
408 1920 522 1995 ἀδικίας
535 1946 590 1986 σου
595 1971 605 1998 ,
631 1919 687 1985 σύν
700 1920 768 2003 ὄψει
807 1922 860 1988 τὸν
869 1921 972 2000 Ὀζίας
984 1920 1019 1989 τά
1034 1922 1222 2029 συμβεβηκός.
1236 1926 1263 1967 ¹⁷
1269 1927 1320 1989 καί
1333 1924 1416 1991 ἀπο-

162 2011 205 2073 ί·’τι
223 2006 259 2072 τὸ
271 2000 432 2090 πράςωπόν
443 2031 500 2086 μου
519 2001 582 2069 ἀπὸ
594 2009 646 2089 τῆς
660 2001 769 2090 ῆμίρας
807 2007 916 2091 κριθείς
935 2005 1108 2092 ἀπήγγειλεν
1126 2020 1228 2084 αυτοῖς
1240 2007 1280 2072 τά
1295 2004 1415 2093 ῥήματα

161 2085 282 2171 ταύτης,
296 2094 351 2163 ἕως
364 2081 401 2154 ού
415 2083 558 2172 ἐκδικήσω
566 2087 602 2152 τὸ
615 2090 699 2166 γένος
708 2093 769 2153 τῶν
806 2095 859 2192 τῆς
871 2092 1019 2176 συνεδρίας
1030 2091 1227 2177 Ὀλοφέρνου,
1247 2094 1300 2158 καί
1312 2089 1416 2158 πάντα

887 2169 894 2192 Ι

162 2177 194 2251 ἐξ
204 2167 375 2251 Αἰγύπτου.
396 2173 471 2236 6καί
483 2167 550 2236 τότε
562 2166 737 2236 διελεύσεται
751 2169 768 2238 5
806 2199 846 2238 τα
859 2176 978 2258 ῥήματα
995 2171 1052 2240 ὅσα
1067 2173 1207 2279 ἐλάλήσεν
1220 2178 1342 2260 ἐνμέσῳ
1354 2180 1415 2242 τῶν

163 2260 282 2342 σίδηρος
299 2261 353 2340 τῆς
366 2258 506 2342 στρατιάς
521 2282 579 2338 μου
597 2256 648 2319 καὶ
664 2251 681 2319 5
695 2255 769 2331 λαὸς
807 2253 958 2342 ἀρχόντων
970 2262 1043 2322 υἱοῖν
1056 2256 1195 2344 Ἀσσσυρ,
1214 2262 1264 2323 καὶ
1277 2256 1337 2324 ὅσα
1350 2263 1415 2342 ἐμε-

162 2346 224 2408 τῶν
233 2334 430 2424 θεραπόντων
437 2365 495 2422 μου
503 2339 558 2414 τὰς
566 2335 694 2425 πλευράς
705 2366 768 2416 σου,
806 2337 1060 2445 γαλοβρημύνησεν
1082 2340 1265 2426 Ὀλοφίρνης
1294 2346 1334 2418 είς
1358 2341 1415 2407 τὸν

162 2427 213 2491 καί
230 2428 309 2515 πεσῆ
326 2427 357 2487 ἐν
373 2434 439 2498 τοῖς
454 2428 646 2508 τραυματίαις
659 2420 768 2497 αὐτῶν,
807 2423 887 2488 οἶνον
900 2423 1033 2511 Ἰσραηλ.
1059 2425 1088 2468 ¹⁸
1100 2428 1152 2490 καὶ
1163 2422 1298 2501 πεσόντες
1310 2423 1327 2488 ὁ
1341 2424 1416 2501 λαός

163 2504 237 2574 ὅταν
250 2508 433 2591 ἐπιστρέψω.
460 2509 538 2571 7καί
554 2501 768 2589 ἀποκαταστή-
806 2504 1023 2591 προςεκύνησαν
1046 2513 1092 2590 τῴ
1112 2513 1191 2591 θεῷ,
1218 2512 1270 2574 καί
1287 2507 1414 2614 ἐβόησαν

162 2596 250 2659 σουσί
262 2616 293 2656 σε
306 2593 336 2654 οί
348 2589 451 2655 δοῦλοι
460 2616 517 2671 μου
530 2595 569 2663 είς
581 2590 636 2673 τήν
645 2586 768 2674 ὀρεινήν,
806 2590 944 2668 λέγοντες.
963 2593 990 2633 ¹⁹
1001 2587 1079 2678 κύριε
1092 2589 1109 2656 5
1122 2592 1194 2669 θεὸς
1206 2597 1261 2658 τοῦ
1273 2597 1412 2677 συρανού,

163 2678 213 2741 καί
225 2668 358 2756 θήσουσί
371 2698 402 2738 σε
415 2676 444 2736 ἐν
452 2677 506 2774 μνῆ
514 2677 575 2736 τῶν
582 2669 699 2738 πόλεων
708 2677 768 2735 τῶν
805 2669 904 2739 κάτιδε
929 2678 979 2740 ἐπὶ
995 2673 1050 2750 τάς
1068 2672 1284 2762 ὖπερηφανείας
1301 2677 1411 2751 αὐτῶν,

162 2753 351 2842 ἀναβάσεων,
377 2756 392 2797 ⁸
407 2758 458 2819 καί
474 2779 528 2818 ουκ
548 2753 650 2843 ἀπολῇ
664 2760 719 2829 ἕως
731 2747 767 2818 ού
805 2759 856 2821 καί
869 2757 987 2841 ἐλέησον
999 2756 1052 2844 τήν
1063 2767 1240 2825 ταπείνωσιν
1248 2763 1413 2837 τοῦγένους

162 2839 383 2928 ἔξολοθρευδῆς
394 2835 451 2916 μετ’
467 2833 577 2900 αὐτῶν.
596 2838 675 2899 9καί
689 2838 766 2921 είπερ
807 2836 904 2923 ήμῶν,
929 2843 981 2905 καί
998 2842 1164 2929 ἐπίβλειμον
1181 2848 1231 2908 ἐπί
1246 2842 1283 2907 τὸ
1294 2839 1412 2924 πρόςω-

162 2924 285 2997 ίλπιζεις
297 2925 333 3011 τῆ
347 2919 456 3002 καρδίορ
469 2943 525 2983 σου
538 2914 583 2983 ὅτι
596 2917 632 2984 ού
647 2916 765 3004 ληφθή-
804 2945 863 2987 πον
878 2928 938 2988 τῶν
951 2921 1135 3008 ῆγιασμένων
1152 2952 1199 2992 σοι
1217 2928 1248 2989 ἐν
1259 2929 1297 3013 τῆ
1317 2927 1412 3008 ῆμέρηι

163 3029 283 3078 σονται,
308 3000 348 3085 μή
366 3003 535 3084 συμπεσέτω
553 3028 609 3068 σου
624 3000 661 3066 τὸ
675 3000 766 3087 πρός·
803 3000 907 3090 ταύτη.
922 3010 1008 3072 20καί
1019 3004 1222 3113 παρεκάλεσαν
1230 3007 1411 3093 τδνἈχιώρ,

162 3110 255 3154 ωπον.
270 3081 411 3167 ἐλάλησα,
425 3081 573 3150 καίούδέν
586 3086 766 3151 διαπεσεῖται
803 3092 854 3155 καί
880 3081 1026 3173 Ιἐπῆνεσαν
1044 3091 1138 3155 αυτὸν
1155 3088 1282 3176 σφόδρα.
1320 3094 1347 3133 ²¹
1360 3092 1413 3156 καί

161 3176 223 3236 τῶν
239 3167 376 3255 ῥημάτων
390 3192 457 3248 μου.
483 3170 512 3211 ¹⁰
524 3170 575 3232 καί
591 3172 767 3252 προςίταξεν
802 3160 968 3261 παρελαβεν
980 3172 1071 3237 αὐτὸν
1083 3171 1182 3248 Ὀζίας
1194 3176 1227 3235 ὲκ
1240 3177 1292 3249 τῆς
1304 3173 1413 3274 ἔκκλη-

158 3251 339 3339 Ὀλοφίρνης
362 3262 426 3325 τοῖς
449 3250 569 3327 δούλοις
594 3253 703 3328 αὐτοῦ,
736 3260 769 3317 οἳ
804 3263 869 3332 σίας
882 3263 922 3332 εἷς
934 3256 1016 3322 οἶκον
1027 3251 1139 3329 αὐτοῦ,
1153 3254 1204 3317 καί
1216 3255 1335 3334 ἐποίησε
1347 3279 1411 3318 πο-

160 3327 765 3430 ῆοανπαρεστηκότεςίντῆσκηνῆαύτοῡ,
805 3364 856 3404 τον
880 3354 942 3416 τοῖς
958 3340 1169 3423 πρεσβυτέροις.
1199 3339 1252 3401 καί
1266 3336 1411 3400 ἐπεκαλέ-

160 3421 317 3508 συλλαβεῖν
326 3415 490 3504 τδνἈχιύρ
502 3418 764 3503 καίάποκαταστῆ·
804 3447 896 3487 σαντσ
908 3422 961 3488 τὸν
979 3420 1052 3487 θεὸν
1069 3418 1192 3506 Ἰσραήλ
1208 3423 1247 3496 είς
1263 3415 1411 3506 βοήθειαν

161 3533 212 3571 σαι
237 3502 330 3570 αὑτὸν
348 3507 387 3578 είς
403 3499 577 3578 Βετυλσύα,
596 3506 648 3567 καί
665 3529 765 3588 παροι-
803 3503 874 3590 ἀλην
891 3504 945 3591 τῆν
958 3502 1050 3572 νύκτα
1064 3509 1179 3588 ίκείνην.

160 3591 315 3663 δοῦναιείς
330 3599 428 3672 χεῖρας
442 3583 651 3671 υίοῐνἸσραήλ.
677 3589 701 3628 ¹¹
715 3589 766 3651 καί
997 3595 1071 3654 ΚΕ
1085 3594 1124 3652 ‹1›.
1167 3584 1217 3652 Z'.

162 3670 324 3755 συνέλαβον
337 3667 428 3733 αὐτὸν
440 3672 471 3734 οί
483 3669 583 3734 δοῦλοι
596 3667 701 3742 αὐτοῦ,
715 3671 767 3733 καί
811 3640 875 3754 ij
897 3669 925 3737 δ’
946 3669 1093 3757 ἐπαύριον
1112 3668 1302 3756 παρήγγειλεν
1316 3666 1408 3733 Ὀλο-

161 3751 274 3835 ῆγαγον
287 3750 380 3816 αὐτὸν
393 3754 454 3828 ἔξω
464 3756 517 3835 τῆς
528 3752 715 3837 παρεμβολῆς
728 3758 766 3826 είς
803 3744 908 3863 φέρ’νης
924 3754 1008 3842 πάση
1023 3760 1060 3838 τῆ
1079 3759 1208 3838 στρατιᾷ
1224 3752 1332 3827 αὐτοῦ,
1356 3753 1409 3815 καί

161 3835 198 3898 τὸ
218 3835 322 3899 πεδίον
347 3835 397 3897 καί
417 3832 537 3917 ἀπῆραν
553 3841 585 3901 ἐκ
605 3839 696 3918 μέσου
715 3840 767 3918 τῆς
801 3863 892 3904 παντι
904 3843 948 3922 τῷ
961 3838 1026 3920 λαῷ
1039 3828 1151 3914 ἀύτοῦ,
1170 3836 1411 3922 οίπαρεγὲνοντο

161 3917 277 4000 πεδινῆς
295 3920 334 3990 εἰς
350 3914 403 4000 τήν
420 3914 549 4000 ὀρεινήν,
573 3921 625 3981 καί
643 3921 765 4003 παρεγέ-
802 3924 853 3987 ἐπί
876 3920 932 4005 τήν
957 3947 1057 4003 συμμα
1075 3927 1124 3984 ίαν
1149 3918 1260 3996 αύτοῦ,
1290 3915 1411 3995 ἀνσζευ.

162 4024 251 4065 νοντο
265 3999 316 4064 ἐπὶ
324 3997 483 4082 τάςπηγάς
492 4008 526 4064 αἳ
537 3987 614 4082 ἦσαν
624 3997 766 4065 ὑποκάτω
801 4000 896 4082 γνύειν
908 4006 957 4068 ἐπὶ
969 3947 1146 4078 Βετυλούα,
1165 4006 1216 4068 καί
1227 4002 1282 4077 τάς
1294 3999 1412 4089 ἀναβά·

162 4081 330 4148 Βετυλσύα.
355 4086 383 4124 ¹²
395 4085 446 4147 καί
464 4079 505 4157 ὥς
522 4082 602 4149 εἶδαν
615 4081 723 4159 αύτούς
736 4089 767 4150 οἱ
802 4112 857 4162 σεις
870 4091 922 4170 τῆς
935 4085 1045 4172 ὀρεινῆς
1054 4080 1411 4171 προκαταλαμβάνεσθαι,

162 4163 263 4250 ἀνδρες
286 4169 339 4247 τῆς
363 4162 477 4240 πόλεως
499 4168 549 4230 ίπί
564 4164 618 4251 τήν
633 4165 766 4252 κορυφήν
801 4172 853 4234 καί
876 4183 971 4235 ποιεῖν
996 4169 1128 4250 πόλεμον
1146 4167 1222 4254 πρὸς
1238 4167 1310 4243 τούς
1328 4165 1411 4242 υἱούς

162 4252 218 4312 τοῦ
233 4247 329 4332 ὅρους,
349 4246 495 4332 ἀνελαβον
507 4247 545 4312 τά
560 4246 642 4316 ὅπλα
655 4249 766 4327 αὐτῶν,
797 4249 928 4337 Ἰσραήλ.
954 4255 1034 4316 2καί
1051 4252 1193 4329 ἀνέζευξεν
1210 4256 1242 4317 ἐν
1259 4255 1297 4342 τῆ
1314 4247 1410 4334 ῆμίρα

160 4332 212 4396 καί
224 4329 365 4416 ἀπῆλθον
382 4333 443 4406 ἔξω
460 4334 513 4412 τῆς
525 4328 640 4407 πόλεως
652 4336 701 4398 ε’πί
712 4335 767 4418 τήν
801 4340 893 4425 ἐκείνη
905 4340 966 4410 πᾶς
984 4334 1059 4418 ἀνήρ
1079 4335 1204 4411 δυνατὸς
1218 4332 1332 4411 αὐτῶν,
1357 4359 1396 4397 κα

159 4413 358 4499 κορυφήντοῦ
368 4412 466 4499 ὅρους.
476 4412 673 4498 καίπάςάνήρ
683 4441 766 4496 σφεν·
801 4413 952 4503 ῆδύναμις
971 4417 1071 4484 αὐτῶν
1088 4417 1205 4503 ἀνδρῶν
1219 4418 1410 4501 πολεμιστῶν

157 4498 282 4584 δονητῆς
290 4493 480 4586 διεκράτησαν
489 4494 544 4581 τήν
553 4496 695 4583 ἀνάβασιν
708 4499 765 4565 αύ·
797 4496 922 4588 χιλιάδες
935 4499 1050 4590 ἀνδρῶν
1061 4504 1157 4579 πεζῶν
1165 4499 1274 4569 ἑκατὸν
1282 4495 1410 4588 ἑβδομή-

1305 4607 1410 4657 κοντα,
