2924 4972
336 235 529 296 EsAPAz
556 234 768 296 σνοσον
805 231 927 313 σερε
948 237 991 320 μ’.
1010 237 1079 299 κν.
1266 240 1331 306 47⁵

86 347 215 429 ε’ρείδετο
240 343 341 410 αὐτῶν
359 347 411 410 καί
429 351 484 409 τοῦ
503 341 693 449 σκηνώματος
723 343 886 431 ρουσολήμ
912 344 1008 413 θόοοι
1027 372 1081 411 ουν
1097 352 1176 413 κατά
1196 348 1266 426 τούς
1278 355 1329 415 τό-

84 429 188 496 αύτοῦ.
228 429 261 472 ⁴⁹
274 427 364 493 αὐτοὶ
390 426 423 491 δὲ
447 430 641 512 ἓμυκτηρισαν
663 430 694 491 έν
724 452 799 502 πους
817 432 946 505 οίνοάοι,
970 435 1180 516 βοηθείτωοαν
1197 430 1283 518 αύτηῖ
1300 438 1334 499 οί

84 525 146 590 τοῖς
158 511 295 591 ἀγγελοις
307 509 414 575 αὐτοῦ.
428 513 479 574 καὶ
490 504 509 601 ᾖ
520 509 613 597 ήμέρῳ
623 507 693 575 ἐλά-
724 512 755 575 ἒν
767 514 812 594 τῷ
825 509 912 596 τόπῳ
925 509 1037 592 αύτοῡ,
1063 518 1094 579 ἐν
1110 521 1223 619 χρυσίῳ
1236 519 1287 581 καί
1299 521 1332 582 έν

84 600 150 681 λησε
168 594 283 684 κύριος,
311 583 388 678 ήσαν
410 596 597 672 ἕκπαίζσντες
623 593 693 669 τούς
724 591 874 681 ἀργυρίῳ,
900 598 931 660 έν
956 592 1054 662 δόσεσι
1075 609 1136 680 μεθ
1161 602 1264 662 ’ίππων
1282 602 1332 664 καί

83 676 240 784 προῳήτας
267 675 378 751 αὐτοῦ,
409 682 465 753 ἕως
496 669 534 743 ού
547 681 692 760 θυμῶντα
724 680 838 759 κτηνῶν
856 675 910 742 σύν
929 690 993 754 τοῖς
1009 680 1111 757 ἀλλοις
1127 693 1190 756 τοῖς
1202 679 1266 744 κατ’
1284 678 1332 746 εύ-

84 766 177 831 αάτον
202 763 254 827 ἐπί
279 767 323 845 τῷ
349 762 429 825 έθνει
447 758 560 836 αὐτοῦ,
586 761 635 825 διά
652 759 691 825 τά
722 755 777 843 χάς
793 765 1049 845 προςτεθειμίνοις
1067 769 1105 838 είς
1122 765 1159 831 τὸ
1178 762 1257 849 ἱερὸν
1276 768 1333 829 τοῦ

82 843 289 934 δυσοεβήματα
307 840 486 928 προςτάξαι,
512 839 691 930 ἀναβιβάσαι
723 848 829 926 κυρίου
843 842 879 906 τὸ
892 840 1133 932 ίνἹερουοαλήμ.
1154 850 1224 913 7καί
1236 872 1331 913 κατα-

83 930 126 995 ἐπ’
157 927 268 1003 αύτούς
292 928 362 1002 τοὺς
377 927 507 1014 βασιλεῖς
523 932 585 992 τῶν
601 925 690 992 Χαλ-
724 920 881 1009 στήσαντες
898 931 927 990 οἶ
945 924 1104 1010 ἀρχίρυλοι
1120 934 1181 995 τῶν
1196 937 1331 1019 πατριῶν

83 1016 183 1079 δαίων.
211 1014 242 1056 ⁵⁰
257 1004 342 1077 οὗτοι
355 1008 528 1076 ἀπέκτειναν
540 1008 613 1084 τούς
626 1034 692 1075 νεα-
723 1011 777 1091 τής
790 1005 892 1073 Ἰούδα
904 1010 1098 1092 καὶΒενιαμὶν
1110 1013 1216 1096 φυλίης,
1237 1018 1288 1079 καί
1300 1017 1332 1079 ολ

83 1103 201 1170 νίοκους
215 1092 315 1159 αὐτῶν
328 1097 359 1158 ἐν
370 1096 515 1177 ῥομφαίᾳ,
524 1087 692 1194 περικύκλῳ
725 1094 805 1176 ῖερεῖς
821 1094 872 1155 καί
884 1096 915 1156 οἱ
924 1097 1065 1167 Λευῖται,
1090 1099 1141 1158 καί
1157 1092 1277 1167 πάντων
1290 1087 1333 1160 ὧν

85 1184 141 1241 τοῦ
155 1177 241 1255 ἁγίου
254 1174 355 1240 αὐτῶν
368 1179 459 1260 ἱεροῦ.
481 1179 533 1240 καί
547 1201 601 1240 ουκ
614 1178 692 1256 ἐφεί-
723 1172 817 1258 ἤγειρε
829 1170 929 1257 κύριος
942 1173 978 1238 τό
991 1181 1116 1257 πνεῦμα,
1129 1175 1274 1262 ἀναβῆναι
1287 1182 1334 1241 ολ-

87 1284 178 1325 οαντο
204 1265 355 1323 νεανίσκου
381 1261 433 1322 καί
457 1284 502 1323 πα
521 1261 612 1322 θένου
642 1259 693 1321 καί
724 1258 888 1338 κοδομ”σαι
905 1256 989 1323 οἷκον
1006 1263 1050 1342 τῷ
1064 1264 1157 1344 κυρίῳ
1171 1259 1225 1324 τὸν
1238 1256 1333 1324 &v‘le-

85 1339 252 1428 πρεσβύτου
262 1343 312 1407 καὶ
323 1343 476 1425 νεωτέρου,
487 1284 566 1405 ἀλλά
579 1335 693 1415 πάντας
762 1285 889 1423 υοαλήμ,
908 1340 985 1405 8καὶ
996 1345 1028 1405 οἱ
1039 1367 1077 1406 πε
1097 1345 1107 1406 ί
1119 1337 1219 1426 κύκλῳ
1233 1340 1334 1407 αὐτῶν

84 1427 266 1511 παρέδωκαν
274 1427 313 1499 είς
322 1423 377 1499 τάς
384 1435 481 1510 χεῖρας
490 1421 597 1488 αύτοῑν.
610 1425 693 1488 51καὶ
723 1365 893 1508 λβοήθηοαν
917 1425 949 1488 ἐν
970 1429 1064 1489 πάσιν
1077 1368 1111 1489 {r
1127 1423 1260 1512 ἀργυρίῳ
1283 1427 1335 1490 καί

83 1505 186 1574 πάντα
211 1505 251 1573 τά
269 1504 332 1592 ῖερά
350 1504 436 1589 σκεύη
457 1511 514 1572 τοῦ
531 1512 635 1591 κυρίου
651 1504 690 1570 τά
721 1511 849 1590 χρυσίῳ,
877 1510 989 1581 ἵπποις,
1002 1502 1148 1592 κτήνεσιν,
1172 1508 1224 1572 καί
1236 1505 1333 1592 εὐχαῖς

82 1588 199 1676 μεγάλα
218 1592 268 1655 καί
284 1587 322 1655 τά
340 1588 446 1675 μικρά,
471 1591 522 1654 καί
535 1588 589 1671 τὰς
600 1594 689 1676 κιβω-
723 1593 764 1664 ὡς
774 1586 922 1663 πλείσταις
933 1589 1067 1663 πολλῶν,
1080 1582 1123 1655 ὦν
1136 1587 1154 1654 ό
1168 1595 1235 1665 τούς
1245 1590 1331 1677 ήγέρ-

83 1675 156 1750 τοὺς
182 1678 239 1739 τού
254 1680 370 1757 κυρίου,
396 1675 447 1738 καί
465 1671 690 1775 τάςβαοιλικάς
720 1682 772 1753 θη.
799 1671 878 1735 9καί
894 1667 1062 1757 όβασιλεύς
1080 1677 1185 1758 Κῦρος
1201 1672 1329 1777 ἐξήνεγκε

83 1757 172 1823 ἀποθ
181 1755 244 1832 ’κας
260 1752 456 1842 ἀναλαβόντες
472 1753 638 1839 ἀπήνεγκαν
652 1760 690 1830 εἰς
720 1753 760 1835 τά
773 1750 837 1838 ῖερά
850 1750 936 1857 σκεύη
948 1760 1007 1821 τοῦ
1018 1762 1132 1836 κυρίου,
1145 1753 1167 1820 ἀ
1178 1781 1329 1841 μετηνεγκε

80 1786 262 1927 Βαβυλῶνα.
290 1841 319 1883 ⁶²
328 1841 381 1903 καί
393 1836 566 1924 ἐνεπύρισαν
578 1838 631 1903 τὸν
639 1836 689 1905 ,οἶ-
720 1837 995 1941 Ναβουχοδονοοορ
1008 1843 1039 1916 ἐξ
1051 1839 1261 1925 Ἰερουσαλήμ,
1277 1842 1328 1905 καί

79 1929 205 1989 κοντοῦ
222 1928 340 2009 κυρίου,
363 1925 415 1987 καί
433 1922 543 1987 ἔλυσαν
559 1919 598 1987 τά
610 1927 688 2006 τείχη
719 1917 903 2006 ἀπηρείσατο
920 1919 999 1987 αάτα
1019 1926 1050 1988 ἐν
1062 1928 1105 2007 τῷ
1123 1923 1258 2008 εἶδωλείῳ
1271 1921 1328 1988 αύ-

76 2004 284 2093 Ἰερουσαλήμ,
303 2007 354 2070 καὶ
367 2005 440 2080 τούς
451 1999 582 2092 πύργους
596 2002 688 2087 αὐτῆς
718 2009 783 2068 τοῦ.
823 2005 852 2047 ¹⁰
865 2006 1012 2081 ἐξενέγκας
1036 2005 1067 2071 δὲ
1090 2003 1168 2071 αύτά
1189 2005 1326 2093 Κύροςό

81 2087 254 2177 ἐνεπύρισαν
271 2092 303 2155 ἐν
321 2115 362 2152 πυ
383 2093 408 2164 ί,
435 2089 464 2131 ⁸³
477 2092 528 2153 καί
540 2087 686 2155 ουνετθε-
717 2084 855 2173 βασιλεὺς
887 2092 1013 2169 Περσῶν
1044 2090 1213 2175 παρέδωκεν
1247 2086 1328 2154 αὐτά

81 2199 137 2239 σαν
158 2169 259 2238 πάντα
276 2170 316 2237 τά
334 2114 439 2248 ἔνδοξα
457 2170 550 2257 αύτής
567 2170 687 2273 ἀχρειῶ-
719 2165 911 2258 Μιθραδάτη
933 2175 978 2254 τῳ
998 2173 1110 2237 ἑαυτοῦ
1121 2168 1326 2256 γαζοφύλακι,

81 2283 145 2333 οαι,
171 2261 223 2322 καί
245 2253 317 2328 τοὺς
341 2254 515 2330 ἐπιλοίπους
538 2253 690 2338 ἀπηγαγεν
714 2259 744 2335 ,11
756 2253 805 2319 διά
820 2253 853 2318 δὲ
869 2249 978 2319 τούτου
995 2251 1206 2342 παρεδόθησαν
1219 2262 1325 2339 Σαμα-

80 2338 154 2425 μετά
172 2343 321 2425 ῥομφαίας
333 2342 372 2412 είς
385 2338 566 2443 Βαβυλῶνα.
594 2339 625 2382 ⁵⁴
637 2338 689 2401 καί
720 2332 862 2421 ναοσάρῳ
871 2333 1029 2423 προστάτη
1040 2344 1093 2424 τῆς
1103 2338 1259 2415 Ἰουδαίας.
1273 2334 1325 2400 ¹²5

82 2423 159 2505 ἦσαν
175 2423 277 2496 παῖδες
294 2419 379 2502 αὐτῷ
397 2447 448 2484 και
465 2432 526 2496 τοῖς
546 2425 619 2495 υἱοῖς
632 2420 688 2486 αά-
719 2418 751 2484 δὲ
761 2418 876 2484 τούτων
886 2410 1066 2524 ἀριθμήξήν,
1077 2424 1220 2488 σπονδεῖα
1230 2425 1326 2505 χρυσᾶ

82 2508 157 2578 τοῦ,
182 2506 221 2586 με’
237 2529 280 2589 ρις
305 2494 342 2567 ού
365 2503 538 2589 βασιλεῦσαι
557 2506 688 2589 Πέρσας,
718 2503 806 2607 χίλαα,
821 2506 960 2570 σπονδεῖα
976 2510 1091 2589 αργυρᾶ
1104 2505 1327 2588 χιλια,θυ·ίόκαι

84 2593 124 2661 εἰς
143 2529 353 2667 ἀναπλήρωσιν
371 2581 503 2671 ῥήματος
520 2590 576 2651 τοῦ
585 2592 688 2667 κυρίου
719 2596 848 2673 αργυραῖ
870 2592 1055 2659 είκοοιεννέα,
1094 2584 1198 2667 ριάλαι
1223 2597 1328 2672 χρυσαῖ

82 2676 113 2735 ἐν
127 2665 251 2750 στόματι
259 2670 407 2752 Ἰερεμίου.
430 2670 459 2712 ⁵⁵
471 2673 526 2743 ἕως
538 2673 592 2734 τού
605 2669 684 2734 εάδο-
718 2665 887 2757 τριάκοντα,
901 2669 1031 2753 ἀργυραῖ
1041 2671 1171 2754 διςχίλιαι
1186 2665 1326 2756 τετρακό-

80 2759 168 2854 κήσαι
194 2751 247 2857 τήν
272 2757 328 2850 γήν
354 2749 393 2817 τά
407 2747 560 2854 ’σάββατα
585 2750 685 2838 αύτής,
718 2781 779 2818 οιαι
792 2756 873 2830 δέκα,
886 2757 937 2817 καί
950 2752 1030 2817 ἀλλα
1043 2751 1128 2836 σκεύη
1140 2755 1227 2838 χίλια.
1248 2754 1274 2795 ¹³
1286 2750 1326 2818 τά

78 2861 181 2902 σαντα
194 2861 248 2901 τον
264 2859 369 2922 χρονον
382 2860 433 2920 της
447 2836 685 2982 ερηκωσεωςάύ-
717 2838 752 2902 δέ
767 2835 869 2902 πάντα
886 2834 974 2921 σκεύη
993 2840 1137 2923 ἐκομίσθη
1160 2842 1256 2941 χρυσᾶ
1274 2840 1325 2903 καὶ

76 2925 130 3004 τῆς
155 2924 311 3006 οαββατιεῖ
326 2922 364 2995 εἷς
380 2945 463 3001 συμπ
482 2944 590 3006 ηρωσιν
609 2926 685 2986 ετῶν
717 2919 835 3007 ἀργυρᾶ
846 2924 1061 3026 πεντακιςχίλια
1075 2947 1248 3007 τετρακοσια
1259 2924 1325 3004 ἑξη-

76 3000 285 3091 έβδομήκοντα.
716 3007 904 3078 κονταεννέα,
930 3005 958 3047 ¹⁴
972 3009 1120 3089 ανηνέχθη
1139 3006 1170 3071 δὲ
1185 3004 1245 3070 ὑπὸ
1259 3012 1325 3069 Σα-

262 3094 336 3151 ΚΕ
351 3093 390 3152 Φ.
433 3081 488 3151 Β’.
715 3083 910 3172 μανασσάρου
934 3085 997 3171 ἀμα
1018 3102 1081 3165 τοῖς
1097 3094 1128 3154 ἐκ
1146 3095 1198 3195 τής
1217 3095 1323 3174 αἰχμα-

76 3137 312 3246 Βασιλεύοντος
328 3167 435 3255 Κύρου
453 3174 581 3257 Περσῶν
600 3173 684 3246 ἔτους
716 3170 827 3246 λωσίας
853 3174 884 3235 ἐκ
902 3174 1087 3260 Βαβυλῶνος
1109 3180 1147 3249 εἰς
1178 3182 1323 3258 Ιερουσα-

74 3251 198 3340 πρώτου
211 3261 249 3330 είς
262 3255 425 3320 συντέλειαν
438 3249 569 3338 ῥήματος
581 3261 684 3338 κυρίου
715 3250 781 3337 λήμ.
796 3257 822 3296 ¹⁵
830 3259 861 3318 ἐν
874 3256 906 3318 δὲ
919 3270 981 3332 τοῖς
994 3260 1043 3320 ε’πί
1055 3256 1250 3341 Ἀρταξέρξου
1264 3261 1323 3319 τῶν

74 3341 106 3401 ἒν
126 3335 251 3421 στόματι
263 3334 420 3423 Ἱερεμίου,
446 3335 568 3421 2ήγειρε
584 3333 684 3422 κύριος
716 3342 843 3423 Περσῶν
852 3339 997 3422 βασιλέως
1006 3334 1119 3422 χρόνοις
1129 3344 1323 3423 κατέγραψαν

73 3418 110 3484 τό
128 3427 243 3503 πνεῦμα
261 3421 368 3507 Κύρου
385 3419 529 3508 βασιλέως
543 3427 682 3505 Περσῶν,
716 3419 799 3502 αὐτῷ
822 3417 899 3484 κατά
923 3425 984 3485 τῶν
1004 3417 1219 3483 κατοικούντων
1236 3425 1268 3483 ἐν
1285 3424 1323 3511 τῇ

73 3505 126 3567 καί
143 3503 278 3588 ἐκήρυξεν
294 3507 325 3569 ἓν
343 3501 399 3588 σ’λη
417 3508 454 3596 τῇ
470 3503 605 3589 βασιλείᾳ
625 3503 681 3568 αύ-
711 3502 847 3583 Ἰουδαίῳ
878 3504 930 3565 καί
954 3499 1149 3586 Ἰερουσαλήμ
1175 3498 1321 3583 Βήλεμος,

72 3591 144 3660 τοῦ,
170 3589 222 3652 καί
247 3583 311 3692 ἅμα
327 3577 552 3672 διάγραπτῶν,
579 3586 680 3658 λέγων.
715 3588 766 3650 καὶ
779 3580 992 3669 Μιθραδάτης,
1015 3585 1065 3646 καί
1083 3583 1253 3668 Τυβέλλιος,
1271 3587 1323 3648 καί

72 3667 162 3734 3τάδε
174 3670 249 3747 λέγει
262 3697 279 3735 ο
291 3670 425 3757 βασιλεύς
434 3675 561 3755 Περσῶν
571 3674 680 3753 Κῦρος.
710 3666 875 3749 Ῥάθυμος,
902 3669 953 3731 καί
965 3666 1167 3750 Βεέλτεθμος,
1193 3669 1243 3732 καί
1255 3675 1322 3733 Σα-

72 3752 121 3835 έμὲ
134 3751 256 3830 ἀνέδειξε
268 3755 393 3840 βασιλέα
412 3756 465 3837 τῆς
481 3749 681 3836 οίκουμένηςὸ
712 3749 828 3834 μελλιος
845 3746 862 3813 5
881 3749 1079 3834 γραμματεύς,
1105 3753 1154 3816 καὶ
1171 3756 1204 3817 οῖ
1220 3751 1322 3818 λοιποί

72 3832 172 3922 κύριος
184 3835 381 3923 τούἿσραήλ,
398 3831 528 3920 κύριοςσ
546 3830 681 3918 ύιμιστος.
713 3838 744 3898 οἱ
768 3829 887 3906 τούτοις
911 3830 1149 3916 συντασσόμενοι,
1176 3841 1321 3914 οἰκοῦντες

72 3920 153 3985 4καί
179 3919 302 4026 ἐσήμηνέ
317 3947 368 4005 μοι
387 3920 579 4000 οἰκοδομῆσαι
598 3917 683 4003 αὐτῷ
712 3917 744 3982 δὲ
753 3920 783 3981 ἐν
791 3923 947 4004 Σαμαρείᾳ
957 3921 1006 3982 καί
1020 3930 1084 3994 τοῖς
1094 3918 1195 3997 ἀλλοις
1204 3918 1320 3998 τόποις,

71 4001 153 4068 οἶκον
171 4008 202 4071 ἐν
226 4001 489 4102 Ιερουσαλήμ,,τη”η
502 4005 533 4065 ἐν
551 4007 588 4094 τῇ
604 4001 682 4068 Ἰου-
713 4001 765 4086 τήν
781 3998 1038 4086 ὑπογεγραμμένην
1049 4004 1213 4088 ἐπιστολήν.
1231 4009 1320 4091 16βα-

71 4086 152 4169 δαίῳ.
194 4089 289 4164 5είτις
307 4090 387 4153 ἐστὶν
405 4089 459 4152 ούν
475 4089 557 4167 υμιάν
576 4089 607 4151 ἐκ
625 4091 680 4152 τοῦ
712 4086 787 4151 σιλεῖ
799 4084 977 4193 Ἀρταξέρξη
995 4093 1087 4172 κυρίῳ
1102 4093 1133 4153 οἱ
1144 4091 1246 4165 παῖδες
1263 4114 1319 4154 οου

70 4172 178 4246 ἔθνους
198 4171 310 4248 αὐτοῦ,
337 4174 415 4236 ἔστω
434 4165 451 4235 5
468 4165 568 4255 κύριος
586 4166 680 4234 αὐτοῦ
707 4167 861 4253 Ῥάθυμος
895 4169 912 4233 ὁ
939 4197 979 4237 τα
1002 4178 1246 4256 προςσίπτοντα,
1269 4173 1321 4235 καί

66 4251 127 4334 μετ’
144 4253 249 4330 αὐτοῦ,
267 4256 317 4321 καί
330 4252 443 4341 ἀναβὰς
457 4257 495 4326 εἰς
508 4249 679 4337 τήνἹερου-
710 4255 874 4339 Σαμίλλιος
888 4251 905 4319 5
918 4252 1120 4341 γραμματεύς,
1146 4260 1196 4320 καί
1210 4260 1240 4319 σί
1254 4258 1320 4318 ἐπί-

68 4336 170 4419 οαλήμ
179 4336 233 4422 τήν
243 4341 274 4404 έν
283 4343 322 4422 τῆ
331 4336 478 4420 Ἰουδαίῳ,
490 4334 680 4419 οἳκοδομείτω
711 4337 810 4402 λοιποι
829 4342 881 4420 τής
893 4341 1001 4425 βουλῆς
1015 4339 1131 4414 αὐτῶν,
1158 4341 1208 4402 καί
1221 4338 1320 4417 κριταί

65 4418 121 4486 τόν
135 4418 219 4487 οἶκον
233 4425 288 4487 τοῦ
302 4411 406 4507 ύιυρίου
415 4426 470 4486 τοῦ
480 4415 609 4505 Ἰσραήλ.
625 4410 679 4485 ού-
711 4423 742 4484 οἱ
755 4425 785 4486 έν
797 4420 881 4512 κοίλη
895 4429 993 4505 Συρίη
1008 4427 1059 4486 καὶ
1073 4427 1203 4503 Φοινίκη.
1231 4419 1258 4459 ¹⁷
1270 4420 1328 4479 καί

64 4530 120 4582 τος
134 4500 152 4568 5
165 4500 279 4592 κύριος,
303 4504 320 4570 5
334 4498 566 4588 καταοκηνοίοας
580 4507 610 4568 ἐν
622 4499 679 4568 ‘Ie-
695 4509 762 4570 νῦν
777 4503 909 4582 γνωστὸν
930 4508 1008 4568 ἔστω
1026 4508 1070 4586 τῷ
1089 4507 1179 4583 κυρίῳ
1195 4499 1320 4600 βασιλέϊ,

1273 4603 1321 4642 οτι
