2924 4972
158 227 222 299 744
541 224 766 286 ΟΒΛΙΟΤ
807 221 980 301 Κεφ.α’.ί.

184 317 522 335 --μ---ῇώ

404 512 1013 661 ’,ΟΒΛιομ

183 717 208 748 ‘¹
350 709 384 769 Κ
397 709 427 767 Ε
441 709 480 766 Φ.
522 699 580 768 Α’.
802 702 879 786 μέρος
893 696 1045 777 ἀπωλείας
1057 697 1174 780 αὐτῶν,
1200 704 1253 766 καί
1269 701 1310 786 μή
1323 728 1413 784 μεγα·

161 757 296 877 Οραοις
305 783 437 874 Ὀβδιού.
463 786 536 851 τάδε
548 786 624 862 λέγει
637 780 738 867 κύριος
750 782 768 849 ὁ
803 785 972 873 λορῤημονῇ
985 791 1015 851 ἐν
1026 784 1125 889 ἡμέρᾳ
1137 783 1290 867 θλίψεως,
1316 787 1344 828 1³
1357 814 1412 870 μη-

158 871 230 949 θεός
242 878 279 962 τῇ
290 869 459 954 Ἰδουμαίᾳ.
473 866 567 971 ἀκοήν
581 868 697 953 ήκουσα
708 893 770 932 πα-
803 868 836 932 δὲ
848 868 979 972 είςίλθής
996 873 1035 944 είς
1049 867 1150 942 πυλας
1170 868 1255 934 λαῶν
1272 875 1305 935 ἐν
1316 867 1413 955 ἡμέρας

180 955 335 1040 ἀκυρίου,
362 953 413 1017 καί
429 977 569 1039 περιοχήν
587 957 625 1026 είς
641 951 681 1015 τὰ
695 953 770 1034 ίθνή
803 946 905 1015 πόνων
929 957 1048 1029 ἀυτῶν,
1072 952 1148 1035 μηδὲ
1171 953 1272 1034 ίπίδής
1297 955 1351 1016 καί
1377 953 1412 1017 σὺ

160 984 368 1117 ίξαπέστειλεν.
407 1031 572 1119 ἀνάστητε,
599 1038 651 1098 καί
663 1034 768 1110 ἐξανα-
803 1032 860 1118 τήν
874 1035 1048 1119 συναγωγήν
1066 1033 1168 1100 αὐτῶν
1189 1039 1219 1100 ἐν
1235 1024 1331 1119 ἡμέρᾳ
1346 1034 1413 1101 ὀλέ-

161 1128 277 1206 στῶμεν
290 1118 334 1185 ἐπ’
351 1116 446 1204 αύτήν
458 1123 496 1194 είς
507 1115 648 1200 πόλεμον.
677 1117 769 1183 2ἰδού
801 1126 883 1200 θρου
909 1115 1020 1196 αὐτῶν,
1046 1118 1099 1183 καί
1122 1117 1164 1202 μή
1186 1122 1340 1212 συνεπιθῇ
1365 1121 1413 1183 ἐπὶ

162 1202 323 1283 ὀλιγοστόν
337 1198 454 1267 δέδωκά
467 1226 500 1267 σε
512 1205 543 1267 έν
556 1213 618 1275 τοῖς
642 1204 771 1275 ἔθνεσιν,
801 1197 856 1281 τήν
869 1195 991 1282 δύναμιν
1009 1200 1112 1268 αὐτῶν
1124 1206 1155 1266 έν
1171 1197 1266 1285 ἡμέρᾳ
1280 1199 1413 1267 ἀπαλεί-

160 1288 340 1374 ἡτιμονμένος
352 1284 428 1351 εῖσὺ
443 1281 523 1367 σφόδ
540 1311 569 1349 α.
597 1280 772 1369 3ύπερηφα-
802 1308 838 1357 ας
859 1282 981 1362 αὐτῶν,
1007 1282 1121 1368 14μηδὲ
1142 1288 1263 1377 ἐπιοτῇς
1286 1286 1337 1349 ἐπὶ
1358 1283 1413 1360 τάς

160 1378 212 1439 νία
223 1376 278 1454 τῆς
296 1371 421 1456 καρδίας
438 1393 495 1433 σου
517 1311 613 1462 όπῇρί
629 1392 659 1432 σε
675 1392 771 1432 κατα·
802 1367 954 1453 διεκβολὰς
970 1365 1086 1444 αὐτοῦ,
1112 1367 1328 1452 έξολοθρεῦσαι
1341 1368 1413 1444 τούς

162 1459 331 1539 σκηνοῦντα
344 1457 377 1519 ἐν
390 1462 454 1526 ταῖς
467 1450 557 1527 όπαίς
569 1455 631 1515 τῶν
642 1454 769 1535 πετρῶν.
802 1447 1047 1536 ἀνασωζομένους
1061 1449 1176 1525 αὐτῶν,
1188 1450 1262 1534 μηδὲ
1275 1452 1411 1529 συγκλεί·

160 1536 251 1622 ύψῶν
262 1539 418 1601 κατοικίαν
431 1533 538 1610 αὐτοῦ,
547 1533 642 1612 λέγων
652 1538 684 1600 ev
695 1560 770 1619 καρ-
801 1559 854 1616 σης
865 1533 938 1610 τούς
959 1530 1122 1618 φεύγοντας
1148 1531 1247 1599 αὐτοῦ
1270 1536 1303 1599 ἒν
1315 1531 1411 1619 ἡμέρᾳ

162 1622 213 1704 δίᾳ
226 1617 333 1694 αότοῦ,
346 1622 390 1693 τίς
403 1614 524 1695 κατάξει
535 1644 570 1701 με
576 1619 627 1683 ἐπὶ
636 1614 690 1700 τήν
696 1621 753 1699 γήν
757 1645 769 1694 ;
801 1604 953 1699 θλίψεως,
979 1613 1088 1682 ιοδιότι
1099 1615 1186 1695 ἐγγύς
1198 1616 1294 1703 ἡμέρα
1307 1627 1411 1703 κυρίου

161 1703 180 1746 ⁴
193 1704 245 1768 ἐὰν
260 1705 461 1787 μετεωριοθῆς
477 1701 518 1776 ὡς
539 1700 636 1777 ἀετός,
655 1703 707 1765 καί
718 1698 771 1765 ίάν
801 1702 852 1765 ίπί
863 1696 963 1766 πάντα
975 1700 1015 1766 τά
1028 1705 1113 1784 ἔθνη.
1126 1698 1163 1766 ὃν
1174 1698 1291 1786 τρόπον
1304 1705 1413 1785 ἐποίη-

163 1784 314 1869 ἀναμέσον
335 1789 397 1850 τῶν
419 1769 540 1871 ἀστραν
563 1788 624 1869 θὴς
648 1779 771 1850 νοσσιάν
802 1808 871 1859 σας,
896 1780 993 1860 οὕτως
1006 1789 1092 1851 ἔσται
1105 1810 1161 1851 σοι.
1186 1785 1224 1851 τδ
1237 1781 1412 1851 ἀνταπόδο-

164 1896 233 1947 σου,
246 1874 358 1935 ἐκεῖθεν
371 1868 491 1946 κατάξω
505 1890 551 1944 σε,
569 1869 648 1944 λέγει
660 1864 769 1951 κύριος.
800 1864 843 1950 μά
856 1893 910 1933 σου
923 1866 1209 1954 ἀνταποδοθήσεται
1226 1873 1265 1942 εἰς
1282 1866 1413 1955 κεφαλήν

163 1955 218 2017 ὃεί
231 1953 357 2017 κλέπται
375 1952 512 2035 είςήλθον
528 1949 605 2036 πρός
625 1950 668 2024 σέ,
681 1951 701 2034 ἢ
713 1948 771 2055 λφ·
803 1974 866 2015 σου.
891 1951 920 1995 ¹⁶
932 1952 1008 2016 διότι
1028 1949 1064 2017 ὃν
1080 1949 1196 2038 τρόπον
1213 1954 1293 2028 ἔπιες
1310 1955 1363 2018 ε’πί
1374 1952 1412 2019 τό

163 2036 234 2101 σταί
250 2033 364 2110 νυκτός,
382 2040 445 2099 ποῦ
457 2033 494 2098 ἀν
506 2030 688 2120 ἀπεῤῥίφηςς
715 2059 771 2098 ουκ
801 2031 873 2119 ὅρος
882 2031 920 2098 τό
933 2031 1020 2113 ἅγιόν
1033 2062 1100 2118 μου,
1124 2042 1243 2101 πίονται
1254 2032 1359 2102 πάντα
1371 2037 1412 2103 τά

163 2117 202 2185 ἀν
214 2116 345 2201 ἔκλεψαν
361 2116 402 2182 τά
420 2116 508 2182 ἱκανά
521 2119 638 2192 ἑαυτοῖς
643 2145 655 2195 ;
682 2119 734 2181 καί
746 2121 771 2181 εί
801 2117 876 2201 ίθνή
889 2115 988 2195 οἶνον,
1014 2125 1138 2186 πίονται
1153 2122 1206 2185 καί
1222 2118 1413 2207 καταβήσον·

163 2203 310 2289 τρυγήταλ
336 2200 472 2286 είςὴλθον
484 2199 562 2283 πρὸς
585 2199 627 2276 σὲ,
653 2199 710 2265 οὐκ
732 2199 772 2265 ἀν
801 2224 861 2276 ται,
875 2201 927 2265 καί
938 2206 1057 2269 ἔσονται
1070 2207 1177 2278 καθώς
1189 2201 1244 2289 ούχ
1257 2201 1412 2289 ἀπάρχον-

163 2285 355 2353 ίπελείποντο
374 2283 569 2367 ἐπιφυλλίδας
595 2285 688 2360 6πῶς
705 2285 770 2367 ἐξή-
800 2308 857 2358 τες.
894 2286 922 2326 ¹⁷
935 2288 967 2351 ἐν
979 2285 1012 2352 δὲ
1024 2291 1069 2370 τῷ
1081 2285 1142 2372 ὄρει
1154 2285 1238 2351 Σιιόν
1251 2289 1336 2352 ἔσται
1350 2313 1414 2353 σω-

163 2365 292 2455 ρευνήθή
313 2365 434 2443 Ἡσαῦ,
456 2371 508 2434 καί
532 2362 706 2451 κατελήφθη
730 2365 770 2432 τά
801 2371 902 2452 τήρία,
914 2370 966 2433 καί
978 2371 1063 2435 ἔσται
1077 2367 1174 2447 ἀγιον.
1195 2371 1410 2455 καὶκατακλη-

163 2455 343 2539 κεκρυμμένα
360 2451 473 2530 αιἰτοῦς
499 2453 512 2494 ⁷
526 2456 582 2527 ἕως
601 2455 663 2516 τῶν
678 2449 771 2535 ὁρίων
801 2448 1017 2535 ρονομήοουσιν
1028 2453 1046 2519 ὁ
1059 2450 1345 2558 οἶαοςἸακῶήίτούς
1355 2479 1411 2518 κα-

163 2533 370 2614 έξαπέστειλάν
382 2562 422 2602 σε.
440 2532 548 2611 πάντες
562 2540 592 2601 οἱ
604 2533 709 2639 ἀνδρες
721 2536 773 2638 τής
801 2533 1123 2620 τακλήρονομήσαντας
1149 2535 1268 2612 αὐτους.
1309 2538 1339 2580 ¹⁸
1359 2541 1413 2602 καί

164 2619 310 2705 διαθήκης
322 2646 379 2686 σου
392 2619 577 2703 ἀντέστήσάν
592 2645 650 2695 σοι,
661 2619 771 2701 ηδυνα-
802 2620 885 2683 ἔσται
899 2615 916 2682 ό
932 2618 1013 2696 οίιιος
1022 2619 1132 2708 Ἰακώβ
1148 2625 1223 2703 πῦρ,
1249 2617 1267 2685 ὁ
1282 2619 1315 2683 δέ
1326 2618 1413 2695 οἶκος

164 2716 283 2788 σθήοαν
299 2700 376 2787 πρὸς
394 2704 425 2768 σὲ
438 2701 537 2783 ἀνδρες
557 2706 694 2787 είρήνικοί
705 2727 770 2776 σου,
799 2698 911 2784 Ἰωσήφ
926 2701 1014 2784 φλόξ,
1027 2703 1045 2768 ό
1060 2704 1093 2769 δὲ
1101 2704 1181 2780 οἶκος
1188 2701 1290 2769 Ἡσαῦ
1302 2707 1341 2777 είς
1353 2729 1412 2767 κα-

163 2791 278 2870 ἕθήκαν
291 2788 392 2869 ένεδρα
406 2785 549 2850 ὑποκάτω
564 2811 627 2860 σου,
640 2784 695 2851 οὐκ
708 2788 770 2850 έστι
801 2780 908 2869 λάμήν,
920 2790 974 2852 καὶ
985 2784 1221 2871 ἐκκαυθήσονται
1234 2793 1272 2862 εἷς
1285 2784 1410 2861 αύτούς,

164 2866 273 2943 σύνεσις
286 2867 398 2942 αὐτοῖς.
431 2868 545 2945 8ἐντῆ
557 2867 653 2953 ἡμέρᾳ
666 2874 769 2950 ἐκείνη,
801 2871 853 2931 καί
875 2869 1103 2952 καταφάγονται
1125 2868 1249 2945 αὐτούς,
1274 2871 1329 2933 καί
1352 2867 1410 2933 οάκ

162 2952 238 3030 λέγει
262 2948 372 3037 κύριος,
397 2949 507 3018 ἀπολῶ
524 2938 644 3032 ’σοφούς
667 2955 699 3016 ἐκ
716 2939 771 3036 τὴς
802 2954 887 3016 ἐσται
898 2950 1070 3038 πυροφόρος
1081 2957 1126 3034 τῷ
1137 2955 1210 3036 οἴκῳ
1220 2947 1409 3024 'mamm'-

159 3034 346 3119 Ἰδουμαίας,
371 3036 423 3100 καί
436 3035 549 3103 σύνεσιν
567 3038 598 3113 ἔξ
612 3035 702 3121 ὅρους
711 3034 770 3102 ‘H-
801 3060 831 3101 τι
844 3034 944 3122 κύριος
955 3031 1085 3119 ίλάλήσε.
1112 3035 1141 3077 ¹⁹
1152 3036 1203 3098 καί
1214 3033 1409 3117 κατακληρο-

161 3123 230 3183 σαῦ.
267 3120 347 3182 9καί
358 3117 585 3204 πτοήθήσονται
597 3124 627 3183 οἱ
638 3128 769 3204 μαχηταί
802 3118 975 3204 νομήσουσιν
997 3123 1028 3184 οἱ
1049 3120 1078 3182 ίν
1091 3117 1200 3205 Naris}
1219 3115 1256 3183 τὸ
1278 3115 1352 3222 ὄρος
1371 3117 1413 3183 τὸ

160 3227 217 3267 σου
232 3204 264 3265 ol
276 3205 308 3265 ἐκ
326 3201 458 3283 Θαιμάν,
486 3200 569 3277 ὅπως
581 3205 697 3295 ἐξαρθῇ
710 3203 767 3269 ἀν·
797 3199 907 3275 Ἡσαῦ,
920 3205 970 3268 καί
984 3207 1015 3268 οἱ
1028 3207 1060 3268 ἐν
1078 3206 1116 3298 τῇ
1128 3199 1251 3286 Σεφήλά
1264 3226 1338 3277 τους
1353 3200 1413 3265 ἀλ-

159 3295 289 3369 θριοπος
306 3286 337 3362 ἐξ
355 3283 575 3371 όρουςἮσαύ,
604 3289 633 3329 ¹⁰
647 3288 696 3351 διὰ
714 3286 767 3370 τήν
801 3285 962 3365 λοφύλους.
999 3289 1050 3351 καὶ
1073 3284 1412 3373 κατακληρονομήσουσι

159 3369 290 3453 σφαγήν,
315 3369 367 3434 καί
393 3368 447 3454 τήν
473 3368 609 3457 ἀσέβειαν
634 3369 767 3452 ἀδελφοῦ
800 3366 836 3431 τό
851 3368 1077 3455 ὅροςἘφραίμ,
1102 3371 1154 3434 καί
1168 3370 1206 3435 τὸ
1223 3369 1326 3434 πεδίον
1343 3374 1411 3433 Σα·

159 3479 216 3518 σου
227 3452 347 3540 Ἰακὼβ,
373 3450 499 3538 καλύψει
513 3480 544 3520 σε
556 3453 689 3538 αἰσχύνη,
716 3457 767 3520 καί
800 3458 933 3536 μαρείας,
959 3457 1012 3519 καί
1024 3455 1184 3536 Βενιαμίν,
1207 3454 1259 3516 καί
1275 3449 1329 3537 τήν
1342 3457 1411 3516 Γα-

159 3533 313 3620 ἰξαρθήση
339 3543 378 3613 είς
402 3536 456 3602 τὸν
482 3543 588 3603 αἰῶνα.
614 3541 639 3579 ¹¹
653 3537 704 3620 ἀφ’
732 3530 767 3620 ἧς
801 3537 949 3603 λαάδίτιν.
963 3538 1115 3621 2οκαίτὴς
1129 3543 1311 3618 μετοικεσίας
1326 3533 1409 3620 ἡάρ·

158 3616 269 3703 ἡμέρας
293 3609 436 3705 ἀντέστής
458 3625 621 3698 ἐξεναντίας
643 3626 674 3686 ἐν
695 3619 767 3706 ἡμέ-
800 3618 837 3703 χὴ
862 3616 938 3705 αὕτη
960 3633 1032 3696 τοῖς
1046 3625 1122 3695 υἱοῖς
1132 3617 1264 3704 Ἰσραήλ,
1286 3623 1324 3702 γῆ
1347 3623 1410 3683 τῶν

159 3727 225 3786 ραις
238 3702 519 3786 αἰχμαλωτιυόντων
535 3702 702 3783 ἀλλογενῶν
714 3701 765 3771 δύ·
803 3710 990 3770 Χαναναίων
1003 3709 1060 3778 ἕως
1071 3707 1248 3787 Σαρεπτῶν.
1261 3705 1310 3766 καί
1324 3698 1344 3783 ἡ
1358 3726 1411 3783 με-

158 3808 242 3867 ναμιν
255 3786 373 3863 αὐτοῦ,
399 3791 450 3853 καί
462 3787 616 3871 ἀλλότριοι
632 3790 767 3873 είςῆλθον
800 3793 935 3853 τοικεσία
957 3785 1152 3872 Ἰερουσαλήμ
1177 3792 1232 3862 έονς
1253 3781 1410 3868 Ἕφραθά.

158 3872 198 3942 είς
210 3866 307 3947 πύλας
320 3869 431 3948 αὐτοῦ,
448 3874 499 3936 καί
511 3874 563 3937 ἐπὶ
570 3869 767 3957 Ἰερουσαλήμ
800 3868 1058 3957 κληρονομήσουσι
1075 3869 1131 3946 τάς
1148 3865 1250 3942 πόλεις
1268 3873 1324 3933 τοῦ
1337 3872 1411 3932 Να-

158 3953 270 4037 ἐήίαλον
281 3951 422 4039 κλήρους,
449 3956 501 4020 καὶ
521 3953 557 4020 σύ
574 3956 609 4037 ἧς
628 3952 670 4029 ῶς
683 3956 722 4029 είς
735 3959 766 4032 ἐξ
797 3957 860 4040 γέβ.
899 3949 1206 4059 21καίάναρίήσονται
1224 3947 1411 4034 ἀνασωζόμε-

157 4035 267 4102 αάτῶν.
291 4040 374 4102 12καί
385 4036 424 4120 μή
439 4038 542 4129 ίπίδρς
554 4036 665 4121 ἡμέραν
677 4037 766 4103 ἀδελ-
798 4061 843 4103 νοι
858 4039 889 4113 ἐξ
901 4036 993 4122 όρους
1010 4045 1105 4115 Σιιον,
1130 4041 1190 4101 τοῦ
1210 4037 1362 4121 ἐκδικῆσαι
1374 4033 1411 4100 τὸ

157 4124 217 4198 φοῦ
230 4144 284 4183 σου
298 4124 331 4182 ἐν
345 4117 441 4223 ἡμέρας
452 4118 634 4204 ἀλλοτρίων,
659 4123 711 4185 καί
723 4122 764 4207 μή
798 4119 869 4205 ὅρος
889 4118 1002 4198 Ἡσαῦ,
1033 4123 1182 4187 καλέσσαι
1204 4124 1250 4203 τῷ
1273 4126 1368 4205 κυρίῳ
1392 4115 1411 4203 ἡ

156 4205 297 4292 ἐπιχαρὴς
309 4203 360 4264 ε’πι
376 4201 449 4276 τούς
465 4201 547 4276 υἱούς
562 4199 665 4267 Ἰούδα
683 4209 716 4270 ἐν
728 4203 764 4288 ἡ·
796 4204 943 4289 βασιλεία.

646 4395 912 4417 ᾕ-ι--ς--ι
