2924 4972
472 279 687 340 10TA16
729 275 930 354 Κεφ.ις’.16.
1258 277 1325 343 539

84 392 242 474 ὀφθαλμὸν
258 391 370 465 αὐτοῦ,
391 393 442 455 καί
456 389 491 455 τὸ
505 388 616 463 κάλλος
629 387 686 452 αὐ·
720 387 758 452 τά
782 386 906 454 ἑκούσια
931 388 1035 454 αὐτῶν
1059 391 1110 453 καί
1132 384 1171 453 τά
1196 385 1325 472 δόματα.

83 479 134 558 τῆς
150 469 332 577 ῆχμαλύτισε
348 472 445 558 ψυχῆν
464 471 569 536 αὐτοῦ.
605 471 686 553 διῆλ-
719 467 990 556 19καίύινέθηιιεν
1017 470 1136 537 Ἰουδίθ
1160 467 1261 538 πάντα
1286 469 1326 537 τά

83 569 137 623 θεν
155 584 173 622 ο
190 552 327 639 ἀκινάκης
344 554 397 620 τὸν
415 550 491 655 τράρ
508 554 563 619 λον
580 552 687 629 αὐτοῦ,
721 549 809 637 σκεύη
818 549 1011 641 ὈΜέρνοω
1031 551 1091 621 ὅσα
1103 554 1208 619 ἐδωκεν
1221 550 1239 618 ὁ
1252 552 1328 632 λαός

84 643 113 684 ¹⁰
124 643 244 725 ἔφριξαν
256 643 375 724 Πέρσαι
387 638 443 721 τῆν
455 582 570 719 τολμαν
582 634 684 720 αὐτῆς,
722 634 810 744 αὐτῆ,
823 639 875 701 καί
887 634 924 702 τὸ
936 649 1116 711 κωνονπεΐον,
1125 632 1144 700 ὃ
1152 635 1260 722 έλαβεν
1270 633 1327 702 αὐ·

83 725 136 788 καὶ
147 725 252 806 Μῆδοι
263 719 300 787 τὸ
311 716 425 804 θράσος
437 719 529 805 αὐτῆς
541 718 688 805 ἐρ’ῥάχθη-
722 744 758 803 τη
768 744 801 783 εκ
813 722 870 784 τού
882 724 1024 795 κοιτῶνος
1035 718 1140 797 αὐτοῦ,
1157 725 1197 796 είς
1209 717 1328 824 άνάθη-

84 830 149 871 σαν.
184 809 212 868 .¹¹
235 801 301 872 τότε
328 800 479 907 η’λάλαξαν
504 813 533 868 ot
556 807 691 867 ταπεινοί
721 829 763 884 μα
782 805 828 884 τῷ
844 806 907 885 θεῷ
928 802 1027 867 ἔδωκε.
1051 806 1146 869 20καί
1166 791 1201 869 ςν
1219 800 1237 868 ὁ
1254 803 1328 881 λαος

82 915 156 970 μου,
178 891 229 954 καί
242 892 438 975 έφοβηθησαν
451 883 689 960 ολάσθενούντές
722 881 946 970 εὐφραινόμενος
975 887 1007 950 ἐν
1026 880 1143 969 Ἰερουσ
1188 884 1221 968 ’μ
1248 884 1329 955 κατά

82 998 152 1053 μου,
177 973 228 1037 καί
250 968 452 1055 ἐπτοῆθησαν.
486 966 615 1053 ὐψωσαν
635 966 690 1054 τῆν
722 963 886 1055 πρόςωπον
897 972 958 1033 τῶν
971 965 1065 1045 ἁγίων
1076 969 1126 1032 ἐπί
1136 972 1229 1052 μῆνας
1241 981 1327 1055 τρεῖς,

85 1052 185 1137 φωνῆν
196 1054 307 1132 αὐτῶν,
320 1056 371 1118 καί
383 1049 601 1139 ἀνετράπησαν.
614 1053 690 1116 12υἷι
723 1053 774 1116 καί
796 1049 915 1115 Ἰουδίθ
944 1048 1002 1133 μετ’
1031 1047 1132 1115 αὐτῶν
1157 1055 1327 1155 κατέμεινεν.

85 1139 115 1200 οὶ
127 1142 275 1220 κορασίων
284 1139 497 1220 κατεκέντησαν
509 1131 630 1216 αὐτούς,
639 1135 690 1199 καί
723 1136 750 1175 ²¹
762 1131 837 1217 μετά
850 1131 948 1209 δὲτὰς
961 1129 1072 1217 ἡμέρας
1090 1128 1203 1207 ταύτας
1215 1137 1329 1211 ανέζευ·

86 1213 127 1291 ὡς
152 1219 262 1294 παῖδας
292 1214 542 1300 αὐτομολούντων
566 1221 689 1302 έτίτρω·
723 1219 768 1293 ξεν
785 1221 910 1291 ἕκαστος
931 1221 970 1291 είς
992 1217 1046 1301 τῆν
1058 1215 1257 1299 κληρονομίαν
1274 1214 1330 1281 αὐ-

85 1324 156 1363 σκον
169 1297 292 1377 αὐτούς.
330 1295 689 1384 άπάλοντοέκπαρατά·
724 1305 790 1365 τοῦ.
816 1301 867 1364 καί
881 1297 999 1365 Ἰουδίθ
1022 1298 1158 1381 ἀπῆλθεν
1174 1302 1214 1372 είς
1229 1304 1330 1364 Βετυ-

84 1384 155 1458 ξεως
174 1388 277 1468 κυρίου
292 1409 359 1467 μου.
390 1378 549 1466 13ὐμνῆσω
567 1388 610 1466 τῷ
627 1386 691 1466 θεῷ
724 1381 810 1458 λούα,
823 1386 873 1449 καί
883 1388 1043 1466 κατέμεινεν
1054 1385 1104 1447 ἐπί
1113 1384 1166 1464 τῆς
1179 1376 1330 1466 ὑπάρξεως

83 1492 140 1548 μου
154 1460 363 1549 ὐμνονκαινόν.
399 1461 479 1551 κύριε
490 1469 581 1549 μέγας
593 1465 628 1543 εί,
639 1467 690 1531 καί
725 1462 825 1549 αὐτῆς.
860 1468 910 1531 καί
927 1469 1039 1545 ε’γένετο
1056 1461 1136 1531 κατά
1152 1460 1206 1531 τὸν
1225 1462 1330 1550 καιρὸν

84 1548 213 1625 ἔνδοξος,
226 1546 407 1634 θαυμαστὸς
416 1551 447 1613 ἐν
459 1544 544 1651 ίσρύϊ,
557 1551 689 1635 ιἰνυπίρ
724 1548 818 1624 αὐτ”ς
829 1550 945 1627 ἔνδοξος
957 1552 989 1612 έν
999 1545 1084 1653 πάση
1097 1549 1137 1638 τῇ
1147 1550 1195 1639 γῆ.
1233 1549 1264 1590 ²²
1278 1553 1330 1615 καί

82 1632 201 1717 βλητος.
236 1633 335 1697 14σοί
357 1631 545 1698 δουλευσατω
566 1627 688 1716 πᾶσαῆ
723 1657 765 1697 πο
820 1629 1032 1734 ι’ἐπεθύμησαν
1045 1630 1148 1714 αυτῆν,
1166 1629 1328 1696 καίούκέ-

83 1720 177 1789 κτίσις
190 1741 255 1780 σου.
270 1710 316 1780 ὅτι
328 1713 421 1792 ελπας,
435 1717 486 1780 καί
498 1709 688 1798 ἐγενήθησαν.
721 1741 784 1793 γνω
806 1712 882 1800 ὐνῆρ
905 1715 1002 1798 αυτῆν
1019 1710 1119 1790 πάσας
1139 1710 1194 1789 τάς
1217 1711 1328 1799 ἡμέρας

84 1797 260 1875 ἀπέστειλας
273 1795 309 1863 τὸ
329 1793 444 1881 πνεῦμά
462 1824 528 1873 σου,
546 1799 597 1862 καί
609 1796 689 1880 ᾤκο-
723 1803 775 1883 τῆς
794 1800 870 1883 ζωῆς
886 1795 989 1881 αὐτῆς,
1005 1795 1057 1879 ὐφ’
1076 1788 1112 1882 ῆς
1129 1793 1239 1882 ἡμέρας
1251 1795 1328 1862 άπέ-

84 1877 205 1964 δόμησε,
231 1883 283 1946 καί
300 1878 355 1947 οὐκ
373 1884 453 1947 ἐστιν
471 1877 503 1957 ὃς
518 1876 689 1965 ὐντιστῆσε-
721 1891 796 1946 θανε
817 1888 990 1965 Μανασσῆς
1009 1877 1027 1947 δ
1049 1878 1124 1980 ὐνηρ
1146 1877 1252 1962 αὐτῆς,
1276 1884 1328 1946 καί

83 1988 134 2029 ται
147 1968 185 2056 τῇ
198 1968 286 2058 φωνῇ
298 1989 364 2030 σου.
402 1966 429 2007 ¹⁵
444 1963 500 2050 ὅρη
516 1961 576 2049 γάρ
589 1967 621 2030 ἐκ
635 1975 689 2030 θε-
722 1967 884 2051 προςετέθη
894 1963 971 2051 πρὸς
983 1962 1037 2030 τὸν
1046 1964 1121 2029 λαον
1131 1961 1235 2030 αὐτοῦ.
1248 1964 1329 2029 23καί

83 2047 187 2130 μελίων
205 2045 257 2112 οὐν
275 2043 360 2113 ὐδασι
378 2045 608 2133 σαλευθῆσεται,
632 2049 688 2112 πέ-
723 2036 758 2131 ῆν
771 2053 976 2135 προβαίνουσα
987 2043 1099 2133 μεγάλη
1113 2041 1192 2129 σφόδ
1210 2073 1240 2112 α.
1277 2048 1329 2113 καί

84 2155 153 2215 τραι
166 2128 197 2194 δέ
215 2127 278 2195 ὐπὸ
295 2125 455 2217 προςάπου
472 2156 529 2196 σου
546 2127 587 2205 ὥς
599 2126 689 2234 κηρὸς
723 2127 862 2216 ἐγῆρασεν
879 2134 911 2196 ἐν
922 2136 968 2215 τῷ
984 2134 1057 2215 οἴκῳ
1074 2133 1130 2194 τοῦ
1156 2127 1165 2150 ’
1227 2128 1255 2206 ’ς
1270 2127 1329 2196 αὐ-

83 2207 279 2314 τακῆσονται,
306 2215 356 2278 ἐπί
372 2212 404 2277 δὲ
421 2223 484 2289 τοῖς
497 2217 690 2317 φοβουμένοις
723 2219 775 2298 τῆς
785 2218 836 2296 ἔτη
848 2214 956 2279 ἑκατὸν
972 2220 1074 2289 πέντε,
1099 2216 1150 2278 καί
1162 2213 1260 2297 ἀφῆκε
1271 2211 1328 2297 τῆν

85 2320 115 2361 σε
128 2321 165 2360 συ
176 2292 348 2369 εὐίλατεύεις
360 2293 472 2371 αὐτοῖς.
498 2297 575 2359 16οτι
586 2291 690 2379 μικρὸν
724 2295 819 2382 ἅβραν
830 2295 921 2378 αὐτῆς
932 2296 1101 2381 ἐλευθέραν,
1114 2296 1166 2360 καί
1178 2294 1329 2362 άπέθανεν

84 2383 171 2443 πᾶσα
187 2384 281 2442 θυσία
304 2381 342 2451 είς
358 2373 453 2460 ὀσμῆν
475 2375 614 2452 εὐωδίας,
638 2377 689 2440 καί
724 2383 763 2452 είς
780 2373 952 2451 Βετυλούα,
977 2381 1029 2442 καί
1048 2381 1175 2459 ἔθαψαν
1192 2374 1286 2460 αὐτὴν
1298 2380 1330 2442 έν

86 2454 244 2542 ἐλάχιστον
254 2463 317 2523 πᾶν
334 2462 426 2542 στέαρ
440 2462 479 2532 εἰς
492 2453 689 2539 ὁλοκαύτωμά
725 2464 770 2542 τῷ
787 2457 928 2542 σπηλαίῳ
946 2464 1001 2524 τοῦ
1015 2457 1122 2544 ἆνδρός
1139 2457 1232 2560 αὐτῆς
1250 2465 1328 2524 Μα-

86 2567 141 2606 σοι.
177 2537 241 2606 (ἰδὲ
253 2537 435 2642 φοβούμενος
448 2539 501 2604 τὸν
518 2537 621 2626 κύριον
637 2543 690 2624 μέ-
726 2550 832 2642 νασσῆ,
857 2541 890 2583 ²⁴
902 2543 952 2605 καί
969 2543 1130 2644 ἐπένθησεν
1141 2539 1234 2622 αὐτην
1247 2539 1329 2618 οίκος

84 2649 140 2702 γας
152 2624 322 2697 διαπαντος.
357 2624 385 2666 ¹⁷
402 2622 471 2688 οὐαὶ
485 2626 600 2689 ἔθνεσιν
614 2628 690 2688 ἐπα-
721 2623 846 2710 Ἰσραηλ
867 2622 974 2708 ἡμέρας
996 2626 1084 2689 έπτα.
1110 2626 1161 2689 καί
1185 2623 1269 2688 διεῖλε
1290 2621 1329 2689 τά

85 2710 268 2787 νισταμένοις
281 2711 324 2789 τῷ
335 2710 410 2784 γένει
422 2732 489 2790 μου,
503 2702 539 2772 κύ
559 2733 602 2782 ιος
613 2731 690 2772 παν-
727 2704 900 2792 ὐπάρχοντα
913 2706 1005 2788 αὐτῆς
1022 2705 1082 2793 πρὸ
1096 2711 1152 2771 τοῦ
1165 2704 1331 2772 ἀποθανεῖν

84 2788 241 2876 τοκράτωρ
259 2784 398 2873 ἐκδικήσει
415 2787 528 2865 αὐτούς
540 2733 576 2853 ἐν
594 2787 690 2877 ἡμέρα
725 2788 818 2877 αὐτὴν
841 2795 916 2856 πᾶσι
940 2803 1003 2867 τοῖς
1028 2792 1150 2870 ἔγγιστα
1173 2795 1330 2874 Μανασσῆ

84 2880 214 2957 κρίσεως,
227 2876 328 2939 δοῦναι
342 2878 403 2958 πῦρ
421 2875 473 2937 καὶ
486 2869 637 2957 σκώληκας
651 2878 689 2950 εἰς
725 2880 782 2941 τοῦ
803 2873 910 2960 ἀνδρὸς
930 2874 1032 2961 αὐτῆς,
1055 2874 1107 2941 καὶ
1127 2884 1191 2950 τοῖς
1212 2876 1331 2952 έγγιοτα

85 2953 198 3039 σάρκας
211 2957 321 3032 αὐτῶν,
339 2958 390 3021 καί
402 2951 582 3023 κλαύσονται
596 2960 628 3022 ἐν
641 2961 689 3022 αῖ·
724 2963 780 3025 τοῦ
793 2962 895 3038 γένους
906 2956 1007 3042 αὐτῆς.
1033 2961 1063 3002 ²⁵
1077 2959 1127 3023 καί
1139 2956 1195 3023 οὐκ
1209 2947 1244 3040 ῆν
1256 2959 1298 3022 έτι
1312 2952 1330 3021 ὁ

85 3040 188 3123 σθῆσει
203 3045 259 3117 ἕως
271 3044 387 3116 αίιύνος.
413 3041 441 3083 ¹⁸
455 3035 538 3115 ὡςδὲ
553 3039 690 3126 ῆλθοσαν
724 3047 861 3130 έκφοβων
881 3039 950 3119 τούς
974 3040 1057 3119 υἱούς
1066 3037 1191 3145 Ἰσραῆλ
1212 3047 1243 3106 ἐν
1265 3051 1332 3116 ταῖς

85 3120 606 3227 είςἸερουσαλῆμπροςεκύνησαντῷ
614 3127 688 3206 θεῷ.
725 3121 844 3213 ῆμέραις
859 3125 975 3192 Ἰουδίθ
991 3128 1044 3193 καί
1059 3152 1134 3209 μετα
1151 3121 1187 3191 τύ
1204 3121 1331 3191 ἆποθα-

84 3208 135 3270 κιιί
161 3205 247 3292 ῆνίκα
264 3211 454 3299 ἐκαθαρίσθη
473 3233 491 3272 ο
509 3206 598 3284 λαός,
620 3204 689 3291 ὐνῆ·
724 3221 781 3276 νεῖν
795 3206 922 3291 αὐτένῆ
945 3213 1015 3296 έρας
1026 3204 1151 3284 πολλάς.

85 3313 186 3367 νεγκαν
199 3289 237 3356 τά
251 3287 485 3372 ὁλοκαυτώματα
500 3278 610 3367 αὐτῶν,
637 3292 688 3356 καὶ
876 3297 918 3357 Τί
955 3299 1039 3375 ςτῆς
1057 3292 1183 3358 Ἰουδίθ.

495 3480 1327 3497 *mn—-

380 3608 968 3717 ἘΣΘΗΡ.

117 3804 142 3834 ’'
280 3803 355 3862 ΚΕ
369 3802 407 3860 (ί).
449 3791 507 3862 Α’.
725 3790 901 3901 γοδονόσορ,
925 3786 1062 3879 βασιλεύς
1087 3788 1274 3875 Βαβυλῶνος
1302 3792 1334 3869 ἐξ

92 3848 139 3944 Ε
144 3906 214 3956 τους
227 3880 362 3966 δευτέρου
371 3878 576 3967 βασιλεύοντος
583 3877 692 3963 Ἀρτα-
735 3876 935 3964 Ιερουσαλημ,
947 3872 1020 3957 μετά
1030 3871 1166 3958 Ἰεχονίου
1178 3878 1234 3938 τού
1245 3878 1333 3959 βασι-

88 3966 191 4049 ξέρξου
204 3969 260 4029 τοῦ
276 3961 407 4048 μεγάλου
424 3964 567 4051 βασιλέως
586 3967 621 4054 τῆ
638 3966 693 4045 μιᾷ
730 3963 804 4037 λέως
817 3964 868 4046 τῆς
877 3959 1038 4033 Ἰουδαίας.
1069 3960 1224 4024 καὶτοῦτο
1238 3955 1333 4023 αὐτοῦ

89 4053 144 4113 τού
156 4045 270 4123 Νισάν,
283 4043 420 4113 ἐνύπνιον
430 4047 484 4113 εἶδε
491 4047 692 4132 Μαρδοχαῖος
729 4042 765 4112 τὸ
778 4044 920 4110 ἐνύπνιον.
958 4044 1009 4107 καὶ
1022 4040 1088 4107 ἶδού
1102 4042 1199 4123 φωναί
1212 4043 1262 4106 καί
1273 4038 1333 4106 θό-

87 4127 174 4197 ὐτοῦ
184 4129 315 4216 Ἰαΐρου,
340 4137 398 4196 τού
409 4132 545 4214 Σεμείου,
566 4134 621 4194 τού
633 4135 691 4193 Κι-
749 4134 831 4217 υβος,
854 4128 978 4213 βρονταί
989 4126 1041 4190 καὶ
1054 4122 1180 4201 σεισιιὸς,
1204 4120 1335 4210 τάχαρσς

89 4219 194 4290 σαίου,
208 4217 240 4279 ἐκ
254 4215 346 4298 φυλῆς
358 4217 515 4295 Βενιαμίν,
529 4211 693 4296 ἅνθρωπος
730 4217 780 4279 επὶ
791 4217 846 4297 τῆς
861 4216 922 4295 γῆς.
949 4211 1002 4277 καί
1020 4206 1087 4276 ἐδού
1104 4189 1160 4274 δύο
1178 4203 1334 4305 δράκοντες

86 4293 242 4374 Ἰουδαῖος,
256 4302 346 4362 οἰκῶν
363 4302 394 4363 ἐν
405 4293 533 4372 Σούσοις
545 4301 582 4389 τῆ
596 4291 692 4370 πόλει,
728 4292 860 4377 μεγάλοι,
875 4300 986 4378 ἕτοιμοι
999 4295 1157 4401 προῆλθον
1172 4291 1334 4387 άμφοτερορ

90 4378 255 4464 ἅνθρωπος
275 4382 380 4461 μέγας,
404 4376 580 4464 θεραπεύων
602 4381 633 4442 έν
656 4383 692 4461 τῆ
730 4379 874 4444 παλαίειν.
905 4381 957 4443 καί
983 4381 1096 4455 ἐγενετο
1122 4372 1223 4439 αὐτῶν
1248 4397 1334 4454 φωνη

91 4462 171 4557 αὐλῇ
184 4466 240 4527 τού
251 4463 403 4548 βασιλέως.
427 4450 463 4546 ῆν
475 4461 507 4527 δέ
520 4464 552 4526 ἐκ
566 4465 616 4543 τῆς
629 4450 694 4544 οὐχ’·
728 4457 849 4544 μεγάλη,
861 4463 913 4526 καί
929 4464 968 4551 τῇ
987 4463 1072 4558 φωνη
1091 4454 1191 4520 αὐτῶν
1202 4450 1334 4556 εξητοιμιί-

88 4547 257 4632 μαλωσίας,
283 4537 317 4629 ῆς
335 4541 539 4635 ᾐχμαλώτευσε
563 4547 691 4631 Ναβου-
730 4554 790 4628 σθη
803 4546 865 4609 πᾶν
877 4546 965 4618 έθνος
978 4545 1016 4618 είς
1029 4538 1167 4620 πολεμον,
1192 4560 1330 4674 σπείρω

1299 4639 1353 4690 ΨΧ·
