2924 4972
235 239 526 305 ΒΛΣΙΛΕΙΩΝ
551 240 776 303 ΔΕΥΤΕΡΑ
816 234 998 319 Κεφ.ε’.ια’.
1014 241 1064 307 10.
1080 241 1128 308 11.
1245 243 1310 309 3¹7

63 357 147 461 ήμῶν
164 357 217 420 ναί
227 355 295 438 περί
312 356 374 417 τῶν
391 349 508 451 πήλεαν
525 356 581 451 τοῦ
594 357 669 451 θερῦ
705 350 781 438 αῦτη
793 353 951 441 Βηρσαβύ
967 351 1106 482 θυγάτηρ
1121 353 1223 444 Ἐλιύβ
1237 354 1311 443 γυνή

62 444 158 525 ημῦν,
184 434 345 523 ιαίκῦρισς
361 459 477 518 ποιησει
494 431 532 498 τὸ
550 443 670 511 αναθον
708 434 818 522 Οὐρίου
828 440 882 502 τοῦ
896 444 1048 505 Χετταίου
1053 467 1066 516 ,·
1111 437 1312 507 καὶῦπέοτει-

64 528 95 588 ἐν
110 519 282 603 ὀφθαλμοῖς
299 514 405 583 αὐτοῦ.
430 518 521 581 13καί
538 517 670 602 πρσςήλ-
704 518 753 583 λεν
767 521 864 585 Δαυίδ
881 518 1039 601 ἀγγέλους,
1066 524 1118 587 καί
1137 522 1244 608 ἔλαβεν
1256 522 1312 588 σύ·

64 616 118 671 θεν
126 599 218 691 Ἰαῦβ
233 602 286 669 καί
303 596 409 674 ὁλαὸς
426 597 520 664 αὐτοῦ
537 597 596 682 μετ’
612 598 670 664 αὐ-
704 600 769 684 τήν,
781 604 833 666 καί
845 604 957 684 είςῆλθε
969 601 1045 690 πρὸς
1057 603 1163 690 αὐτήν,
1175 606 1313 670 καῦέκσι-

63 690 120 753 τυῦ
132 682 309 768 είςπόλεμον
315 680 393 769 πρὸς
400 687 525 767 Συρίαν,
539 684 589 746 καὶ
598 685 670 762 έρυ-
704 680 788 767 μήθη
799 682 857 765 μετ’
873 685 975 770 αὐτῆς.
986 689 1037 752 καί
1049 684 1124 773 αῦτη
1136 685 1314 772 ῦγιαζομίνη

64 765 196 849 γανύπό
213 761 376 852 πρσςῦπυυ
389 763 494 831 αὐτοῦ.
532 764 671 830 14καίυί
705 761 769 830 ἀπὸ
783 765 972 852 ἀκαθαρσίας
984 768 1085 854 αὐτῆς,
1102 771 1312 857 καλᾶπέστρε-

67 854 124 919 υίολ
142 849 264 936 Ἀμμαύν
287 848 368 915 είδαν
389 844 436 914 ὅτι
454 852 544 930 έφυνε
560 853 669 934 Συρία,
706 869 763 932 ψεν
776 853 815 922 είς
831 846 885 911 τὸν
897 849 979 914 σίνον
998 847 1097 934 αὐτῆς.
1124 857 1244 920 ’καὶέν
1255 880 1312 932 μα.

66 939 114 1002 καί
131 936 247 1015 έφυναν
265 931 329 998 ἀπὸ
349 927 511 1017 προςιῦπου
530 928 669 1017 Ἀβεσσῦ,
706 934 775 1016 οτρὶ
786 930 894 1015 ἔλαβεν
906 929 924 1014 ἢ
936 929 1017 1016 γυνή.
1044 934 1096 998 καί
1107 931 1312 1004 ῦπσστείλασα

65 1021 113 1084 καί
129 1017 266 1101 είςήλθον
284 1020 322 1091 είς
341 1013 396 1096 τήν
413 1008 509 1081 πόλιν.
536 1016 588 1079 καί
600 1010 670 1077 σἰνέ-
706 1010 862 1097 ἀπήγγειλε
881 1018 924 1097 τῷ
938 1014 1049 1092 Δαυίδ,
1074 1018 1125 1080 καί
1141 1016 1228 1083 εἶπεν.
1253 1016 1312 1097 ίγό

66 1125 101 1165 στ
133 1097 291 1186 ψενἸαᾶβ
303 1097 366 1163 ἀπὸ
379 1102 440 1162 τῶν
455 1090 670 1177 υίεῦνἈμμιύν,
706 1101 761 1177 είμι
786 1098 817 1160 ίν
834 1097 944 1180 γαστρί
961 1098 1027 1179 qm.
1065 1097 1144 1161 οκαί
1161 1097 1313 1167 ἀπέστειλε

64 1209 113 1247 και
122 1185 301 1268 παρεγένετο
315 1186 353 1254 είς
360 1174 566 1263 Ἰερουσαλήμ.
584 1177 670 1240 1ε”υαλ
707 1178 807 1243 Δαυὶδ
819 1177 896 1263 πρὸς
903 1175 1006 1284 Ἰαὰβ
1019 1177 1121 1255 λέγων.
1137 1176 1313 1246 ἀπόστειλον

63 1264 116 1332 είδε
141 1271 242 1351 Συρία
267 1260 315 1327 ὅτι
340 1266 475 1325 ε”πταιοεν
503 1263 672 1340 ἔμπροσθεν
707 1256 895 1344 πρὸςμὲτύν
907 1258 1019 1345 Οὐριαν
1030 1259 1083 1325 τὸν
1092 1266 1252 1326 Χετταῖον.
1265 1265 1317 1327 καί

61 1345 195 1433 Ἰσραήλ,
209 1349 261 1411 καί
274 1340 461 1445 ουνήηθηοαν
473 1343 524 1405 έπί
536 1337 573 1404 τὸ
585 1333 670 1404 αὐτό.
708 1340 874 1408 ἀπέστειλεν
880 1341 973 1429 Ἰωῦιβ
979 1342 1032 1407 τὸν
1044 1341 1158 1428 Οὐρίαν
1164 1340 1242 1429 πρδς
1250 1349 1316 1409 Δα-

62 1433 91 1475 ¹⁰
99 1434 152 1496 καί
165 1425 336 1494 ἀπέστειλεν
348 1422 524 1503 Αδρααζᾶρ,
541 1423 593 1486 καί
604 1445 671 1486 συν-
709 1426 765 1490 υίδ.
781 1426 852 1491 7καί
862 1431 1058 1512 παραγίνεται
1073 1424 1184 1513 Οὐρίας
1195 1427 1249 1491 καί
1259 1432 1316 1503 είς-

62 1511 154 1594 ήγανε
178 1512 234 1590 τήν
251 1511 365 1590 Συρίαν
383 1509 437 1609 τήν
456 1511 488 1570 ἐκ
504 1509 560 1570 τοῦ
575 1506 671 1588 πέραν
707 1508 782 1590 ῆλθε
805 1505 882 1595 πρὸς
906 1507 1014 1584 αὐτὸν,
1049 1511 1101 1574 καί
1124 1505 1315 1595 ἐπηρώτησεν

60 1600 118 1659 τοῦ
132 1594 274 1671 ποταμοῦ
287 1588 454 1673 Χαλαμακ,
480 1589 532 1653 καί
542 1589 669 1673 παρενέ-
707 1591 804 1656 Δαυίδ
815 1596 854 1666 είς
866 1585 981 1676 είρήνην
993 1589 1095 1672 Ἰιοὰβ,
1119 1594 1172 1656 καὶ
1183 1597 1223 1668 εἰς
1234 1589 1314 1678 είρή-

60 1698 153 1740 νοντα
175 1677 215 1748 εἰς
234 1669 346 1754 Αίλῦμ.
372 1674 424 1736 καί
440 1669 552 1757 Σαβὰν
571 1669 671 1756 ῦρχαν
706 1698 756 1757 νην
767 1677 824 1739 τοῦ
835 1675 929 1750 λαοῦ,
943 1676 995 1740 καί
1005 1679 1045 1751 είς
1058 1680 1100 1759 είρ
1112 1671 1173 1759 ’νην
1184 1680 1240 1739 τοῦ
1252 1698 1314 1741 πο-

60 1761 115 1858 τής
142 1751 291 1836 δυνάμεως
308 1752 477 1841 Ἀδρααζὰρ
501 1756 670 1839 ἔμπροσθεν
706 1757 803 1840 λέμου.
841 1758 921 1823 ’καί
944 1756 1007 1823 εἶπε
1024 1703 1123 1824 Δαυίδ
1141 1763 1186 1842 τῷ
1205 1755 1312 1844 Οὐρία.

62 1843 170 1905 αυτῶν.
213 1840 239 1879 ¹⁷
250 1840 301 1901 καί
325 1836 478 1921 ἀπηγγέλη
496 1841 541 1919 τῷ
559 1837 667 1910 Δαυίδ,
705 1837 855 1927 κατάβηθι
867 1845 905 1915 εἰς
917 1838 971 1905 τὸν
982 1839 1065 1907 οἶνόν
1077 1867 1147 1918 σου,
1163 1843 1214 1906 καί
1225 1847 1313 1924 νίψαι

62 1925 111 1987 καί
122 1917 267 2024 συνήγαγε
279 1918 333 1985 τὸν
345 1919 446 1986 πάντα
460 1918 592 2004 Ἰσραήλ,
616 1921 667 1983 καὶ
704 1923 774 1998 τούς
792 1923 890 1999 πόδας
908 1949 972 1990 σου.
999 1927 1051 1990 καί
1063 1925 1186 2010 ἐξῆλθεν
1201 1921 1313 2011 Οὐρίας

62 2005 140 2093 διέβη
155 2028 210 2069 τον
228 2001 397 2090 Ἰορδάνην,
423 2004 475 2069 καί
490 2004 667 2087 παρεγένετο
705 2009 736 2082 ἐξ
761 2006 844 2072 οἴκου
866 2007 1096 2110 τσῦβσσιλέας,
1120 2009 1172 2073 καί
1190 2008 1312 2092 ἐξῆλθεν

61 2093 99 2162 είς
124 2085 238 2170 Αλλάμ.
276 2089 327 2151 καί
353 2082 543 2173 παρετάξατο
567 2091 666 2169 Συρία
705 2086 802 2154 ὀπίσω
812 2086 908 2154 αὐτοῦ
917 2115 1002 2175 αρσις
1012 2094 1069 2154 τοῦ
1077 2091 1229 2176 βασιλέως.
1240 2092 1313 2156 ’καί

60 2167 202 2236 ἇπέναντι
214 2170 327 2244 Δαυίδ,
345 2173 397 2236 καὶ
408 2169 593 2252 ἐπολέμησαν
604 2165 662 2249 μετ’
705 2168 850 2254 ἐκοιμήθη
864 2170 974 2255 Οὐρίας
991 2169 1076 2257 παρὰ
1095 2177 1133 2264 τη’
1152 2173 1236 2257 θύρα
1254 2177 1312 2238 τοῦ

60 2251 162 2319 αὐτοῦ.
183 2255 213 2296 1⁸
225 2255 278 2318 καί
289 2256 376 2334 ἔφυγε
387 2258 486 2336 Συρία
498 2248 561 2317 ὐπὸ
573 2277 666 2336 προς-
704 2254 850 2341 βαοιλέως
861 2253 935 2336 μετὰ
946 2258 1007 2317 τῦν
1018 2251 1134 2320 δοῦλων
1143 2259 1197 2320 τοῦ
1206 2281 1242 2320 κυ
1263 2261 1310 2320 ίου

60 2337 146 2402 ὡπου
155 2334 287 2421 Ἰσραήλ,
299 2337 351 2401 καὶ
365 2333 456 2400 ἀνεῖλε
466 2335 666 2417 Δαυίδέκτής
705 2334 814 2412 αὐτοῦ,
839 2336 893 2401 καί
915 2333 952 2400 οὐ
969 2339 1079 2422 κατέβη
1097 2343 1136 2413 είς
1153 2337 1208 2403 τὸν
1226 2364 1244 2402 ο
1294 2362 1311 2403 ν

58 2425 174 2505 Συρίας
186 2414 349 2484 ἑπτακόσια
364 2413 485 2505 ῦρματα
497 2418 549 2482 καί
560 2441 666 2482 τεσσα-
706 2415 807 2483 αὐτοῦ.
842 2420 871 2461 ¹⁰
883 2419 936 2482 καί
953 2414 1127 2502 σἰνήγγειλαν
1143 2424 1188 2502 τῷ
1206 2421 1310 2496 Δαυίδ,

58 2499 194 2586 ρῦκσντα
217 2497 346 2583 χιλιάδας
373 2502 503 2574 ὐππέων,
536 2501 589 2562 καὶ
612 2495 667 2562 τὸν
705 2501 843 2578 λέγοντες.
858 2495 905 2564 ὅτι
916 2497 953 2564 οὐ
965 2503 1074 2586 κατέβη
1085 2499 1129 2565 Οὐ
1150 2508 1197 2574 ίας
1210 2506 1248 2575 είς
1257 2503 1312 2566 τὸν

57 2584 173 2672 Σαβὰν
187 2582 238 2648 τὸν
250 2582 379 2670 ῦρχοντα
391 2589 444 2667 τῆς
453 2576 601 2663 δυνάμεως
610 2577 665 2644 αὐ·
706 2582 789 2649 οἶκον
801 2581 905 2647 αὐτοῦ.
919 2585 970 2647 καί
982 2580 1043 2647 εἶπε
1054 2526 1152 2648 Δαυίύ
1161 2582 1238 2667 πρὸς
1250 2581 1312 2647 Οὐ-

57 2673 117 2734 τσῦ
129 2663 266 2742 ἐπάταξε,
278 2669 329 2732 καί
340 2666 491 2733 ἀπέθανεν
502 2668 566 2729 ἐκεῖ.
584 2663 667 2728 19καί
705 2672 782 2750 ρίαν.
809 2663 876 2750 οὐχί
888 2668 920 2742 ἐξ
932 2662 1006 2730 ὁδοῦ
1019 2665 1056 2731 σύ
1068 2670 1153 2760 έρχης
1172 2671 1204 2729 τί
1214 2661 1262 2731 ὅτι
1274 2663 1311 2730 οὐ

58 2751 142 2817 εἶδαν
166 2746 272 2825 πάντες
296 2754 329 2816 ολ
351 2749 480 2837 βασιλεῖς
505 2752 536 2812 οί
561 2748 666 2812 δοῦλοι
705 2748 947 2836 κατέβηςείςτὸν
960 2744 1043 2816 οἶκόν
1056 2776 1128 2828 σους
1141 2747 1312 2815 ι’καὶεῖπεν

53 2832 224 2921 Ἀδρααζὰρ
250 2830 299 2898 ὅτι
323 2837 469 2898 ἔπταισαν
495 2833 665 2916 ἔμπροσθεν
706 2832 817 2918 Οὐρίας
832 2831 909 2918 πρὸς
928 2834 1031 2898 Δαυίδ.
1057 2830 1234 2920 ήκιβσυτός,
1259 2834 1311 2899 καί

54 2915 190 3022 Ἰσραήλ,
216 2919 268 2981 καὶ
304 2912 488 2998 ὐτουόλησαν
507 2911 581 2996 μετὰ
602 2912 665 2978 Ἰσ-
701 2914 822 3003 Ἰσραήλ
851 2919 903 2980 καὶ
927 2913 1043 2991 Ἰούδας
1067 2921 1254 2983 κατοικοῦσιν
1279 2919 1310 2980 ίν

59 3001 146 3086 ραηλ,
159 3026 211 3065 και
220 2944 394 3065 ἐδουλιυσαν
407 3023 518 3073 αυτοις.
531 2998 583 3061 καὶ
591 2998 664 3077 ἐφο-
705 3010 833 3082 σκηναίς,
855 3001 906 3063 καί
918 2994 936 3064 ὅ
950 2995 1048 3087 κύριός
1059 3027 1118 3084 μου
1127 2998 1234 3086 Ἰαὰβ,
1259 3000 1311 3063 καί

56 3088 78 3188 β
86 3083 140 3169 ’θη
153 3088 250 3169 Συρία
262 3088 318 3149 τοῦ
331 3087 426 3149 σῶσαι
438 3085 481 3145 έτι
498 3079 567 3156 τούς
580 3075 665 3155 υίούς
704 3087 734 3146 οἱ
750 3082 853 3147 δοῦλοι
871 3087 927 3148 τοῦ
940 3088 1042 3168 κυρίου
1054 3109 1112 3166 μου
1128 3084 1179 3149 ἐπὶ
1189 3076 1309 3168 πρόςω-

56 3115 178 3251 ,ήυμσῦν
703 3191 761 3231 πον
786 3170 841 3228 τοῦ
859 3163 955 3250 ῦνροῦ
972 3162 1232 3253 παρεμβάλλουσι,
1257 3167 1310 3230 καί

9 3256 12 3325 f
240 3256 275 3315 K
285 3258 315 3314 E
327 3253 366 3313 Φ.
411 3249 484 3313 [A.
703 3249 761 3325 ἐγὼ
775 3245 967 3330 είςελεῦσομαι
979 3255 1018 3323 είς
1030 3249 1084 3314 τὸν
1093 3245 1177 3314 οίκόν
1186 3275 1244 3329 μου
1254 3253 1308 3313 τοῦ

9 3330 12 3471 ή
57 3302 141 3400 Καί
158 3335 271 3411 ἐγένετο
287 3335 524 3417 ἐπιστρέψαντος
536 3337 591 3397 τοῦ
606 3335 664 3396 ἔνι·
703 3341 816 3412 φανεῖν,
833 3333 883 3394 καί
894 3343 970 3395 πιεῖν
984 3333 1036 3395 καὶ
1047 3335 1225 3413 κοιμηθῆναι
1236 3326 1309 3411 μετὰ

9 3474 11 3547 ι
58 3421 210 3566 νῦν
228 3414 664 3564 τίθεν
703 3417 758 3563 νε
778 3407 1309 3578 ελείκο-νιίύυυί

63 3581 156 3668 Ιαὰβ,
170 3546 222 3646 καί
234 3579 305 3655 τούς
313 3583 425 3656 παῖδας
434 3580 529 3647 αὐτοῦ
538 3578 595 3663 μετ’
609 3578 665 3646 αὐ-
702 3547 768 3646 εἶπέ
777 3523 964 3665 Δαυίδηπρὸς
979 3523 1099 3664 Οὐήύῦν.
1123 3574 1251 3643 κάθισον
1263 3578 1308 3640 έν-

59 3670 113 3731 τσῦ
131 3667 182 3730 καί
194 3661 249 3729 τὸν
266 3663 367 3730 πάντα
380 3663 518 3751 Ἰσραήλ,
541 3667 592 3729 καί
605 3665 665 3729 διέ-
702 3669 806 3728 ταῦθα
819 3669 871 3729 καί
880 3689 913 3740 γε
923 3658 1055 3747 σήμερον,
1065 3662 1116 3728 ναί
1126 3659 1231 3745 αῦριον
1240 3661 1309 3737 ἐξα-

9 3770 12 3789 ε
61 3747 268 3836 ρθειραντούς
281 3744 496 3832 υίοῦςἈμμών.
509 3741 666 3812 καίδιοιῦ-
702 3746 839 3812 ποοτελῦ
859 3771 899 3812 οε.
926 3747 977 3811 καί
998 3742 1134 3812 ίκῦθιοεν
1154 3743 1266 3832 Οὐρίας
1278 3746 1308 3808 έν

58 3843 149 3898 θιοαν
167 3835 218 3898 ἐπὶ
236 3827 385 3916 Ῥαββάθ.
411 3833 463 3896 καί
479 3831 577 3896 Δαυίδ
595 3826 665 3895 έκῦ-
698 3826 892 3915 Ἰερουσαλήμ
906 3833 937 3893 έν
948 3834 985 3892 τί
999 3825 1094 3931 ήμέρη
1106 3834 1197 3923 ἐκείνη
1210 3830 1309 3919 καὶτῇ

56 3926 140 3981 θισεν
165 3921 197 3981 ἐν
214 3909 416 4018 Ἰερουσαλήμ
454 3916 534 3979 2καὶ
552 3916 664 3991 ἐγένετο
703 3908 856 3999 ἐπαύριον.
869 3913 952 3977 13καὶ
963 3857 1097 3980 {naboar
1108 3912 1200 3979 αὐτὸν
1210 3914 1309 3978 Δαυίδ

56 3998 134 4083 πρὸς
146 4000 292 4084 ἑσπέραν,
309 4000 361 4062 καί
372 4000 480 4080 ανέστη
493 3998 589 4063 Δαυὶδ
601 3995 663 4062 ὐπὸ
702 3999 753 4062 καὶ
768 4000 875 4077 ἔφανεν
891 3993 1017 4061 ἐνιύπιον
1034 3995 1146 4072 αὐτοῦ,
1171 3998 1224 4061 καὶ
1235 3998 1307 4071 έπιε,

55 4089 109 4166 τῆς
122 4087 223 4164 κοίτης
240 4078 351 4158 αὐτοῦ,
375 4083 427 4146 καί
437 4080 603 4161 περιεπάτει
615 4081 665 4145 ἐπί
701 4083 753 4145 καί
761 4083 903 4164 ε’μέθυσεν
912 4078 1014 4155 αὐτὸν,
1026 4083 1077 4144 καί
1085 4079 1208 4164 έξήλθεν
1218 4081 1308 4144 ἕσπέ-

56 4170 113 4229 τοῦ
125 4160 262 4245 δώματος
273 4169 330 4228 τοῦ
344 4165 429 4228 οἴκου
440 4168 496 4229 τοῦ
507 4165 663 4252 βασιλέως,
702 4189 757 4249 ρας
781 4168 837 4228 τοῦ
862 4167 1039 4247 κοιμηθῆναι
1065 4166 1115 4228 έπί
1139 4167 1191 4246 τῆς
1207 4169 1308 4244 κοίτης

56 4251 109 4313 καί
129 4245 185 4310 εἶδε
201 4259 324 4324 γυναῖκα
350 4248 511 4331 λουομένην
528 4247 590 4313 ὐπὸ
608 4248 664 4311 τοῦ
703 4242 799 4311 αὐτοῦ
820 4243 892 4328 μετὰ
916 4250 977 4310 τῶν
996 4242 1112 4312 δούλαν
1130 4251 1187 4311 τοῦ
1204 4251 1307 4329 κυρίου

55 4326 210 4411 δώματος,
235 4332 287 4394 καί
308 4329 328 4436 ή
352 4331 425 4414 γυνή
445 4327 521 4415 καλή
539 4333 584 4413 τῷ
601 4331 663 4394 είδει
703 4328 808 4404 αὐτοῦ,
820 4330 872 4395 καί
882 4334 920 4404 εἰς
929 4326 980 4393 τὸν
990 4328 1073 4394 οἷκον
1082 4326 1176 4394 αὐτοῦ
1188 4326 1224 4391 οὐ
1234 4351 1308 4391 κατ-

55 4410 185 4497 σφόδρα.
212 4415 290 4477 3καί
310 4414 462 4480 απέστειλε
476 4415 587 4488 Δαυὶδ,
613 4415 666 4476 καί
703 4414 762 4497 ε’βη.
788 4410 818 4453 ¹⁴
831 4415 882 4476 καί
893 4414 1004 4488 ἐγένετο
1016 4413 1106 4495 πρωῒ,
1132 4410 1183 4472 καλ
1195 4412 1307 4508 ἐβραψε

54 4493 177 4580 ἐζήτησε
189 4495 243 4579 τήν
255 4508 396 4576 γυναῖκα,
421 4498 474 4562 καλ
485 4493 573 4562 εἶπεν.
599 4493 665 4580 οὐχὶ
703 4495 800 4561 Δαυίδ
815 4495 928 4581 βιβλίον
946 4491 1022 4581 πρὸς
1035 4490 1143 4576 Ἰωὰβ,
1168 4493 1218 4553 καί
1231 4490 1308 4630 ani-

1202 4592 1261 4632 στει
1293 4589 1306 4630 ν
