2924 4972
124 263 183 326 ιιι
443 258 800 321 Λυσικιιεοιτ
838 260 974 337 που.
991 257 1040 322 13.

118 400 174 465 μή,
199 375 251 437 καί
268 373 332 438 ἱδοίι
347 370 384 438 οὗ
403 367 521 456 διεχάθή
533 368 569 434 τό
582 377 724 456 θραῦομα
756 379 938 455 στιπτπυίνῳ,
954 372 1016 455 *οἢ
1029 375 1060 435 έν
1066 368 1201 456 στήμονι,
1216 370 1236 456 ή
1249 375 1279 434 ἐν
1290 368 1362 457 κρό·

118 461 149 521 έν
161 461 206 538 τῷ
218 457 337 540 δέρματι
355 453 428 538 μετὰ
444 453 479 518 τὸ
492 457 654 539 ξυρήθήναι
668 453 724 518 αιἰ-
754 480 802 546 κή,
816 453 834 538 ἢ
847 457 879 518 έν
890 466 955 530 τοῖς
967 455 1068 530 λινοῖς,
1080 453 1101 538 ἢ
1112 458 1143 518 έν
1153 466 1217 529 τοῖς
1228 459 1330 540 ἐρέοις,
1344 453 1362 537 ή

116 539 183 614 τὸν,
208 544 259 604 καί
276 536 295 624 ή
308 538 379 620 ὄψις
392 540 448 600 τοῦ
461 534 657 622 θραόσματος
667 535 724 601 οὐκ
755 540 786 600 ἔτ
798 539 934 624 δέρματι,
957 535 977 623 ἢ
990 541 1020 601 έν
1031 539 1123 602 παντί
1135 542 1284 642 ἐργασίμῳ
1295 539 1362 621 δέρ·

116 626 179 689 ἔστι
191 623 277 705 κοίλη
288 619 352 686 ἀπὸ
365 624 419 683 τοῦ
432 620 586 706 δέρματος,
605 622 657 684 καί
668 646 724 684 κα-
753 644 835 703 ματι,
846 621 937 686 49καί
946 625 1065 705 γένηται
1078 616 1170 705 ήᾶφή
1179 619 1362 724 χλιορίζουσα

115 716 218 791 θαριεῖ
228 704 321 769 αὐτὸν
333 701 351 766 5
365 701 465 786 ἱερεὺς,
478 705 530 766 καί
540 699 723 783 πλυνάμενος
754 703 969 790 ἢπυῤῥίζουσα
985 707 1017 768 έν
1027 706 1073 786 τῷ
1085 704 1219 789 δέρματι,
1243 729 1260 785 η
1274 708 1305 767 ἕν
1316 706 1362 785 τῷ

114 791 154 852 τὰ
179 782 282 867 ἱμάτια
298 782 435 873 καθαρὸς
453 787 546 851 ἔσται.
578 785 673 850 38ε’ίιν
690 785 723 850 δέ
755 785 905 870 ἱματίω,ἢ
917 789 948 850 έν
958 791 1003 869 τῷ
1016 781 1146 869 στήμονι,
1165 785 1276 878 ἢέντῇ
1288 782 1359 867 κρό-

114 869 241 954 διαχίσει
261 871 411 975 διαήέήται
428 867 465 932 τὸ
482 872 624 955 θραῦσμα
636 871 723 952 έντῷ
752 896 805 959 κῃ,
829 852 852 952 ή
862 872 893 932 ἐν
909 870 1001 933 παντί
1020 864 1109 933 σκεύει
1129 871 1275 954 ἐργασίμῳ
1294 869 1360 952 δέρ·

114 955 234 1037 δέρματι
252 978 325 1036 μετα
336 950 372 1017 τὸ
386 957 607 1038 καθαριοθήναι
619 949 720 1017 αὐτόν.
751 976 853 1034 ματος,
870 947 934 1034 ἀφή
946 952 1058 1037 λέπρας
1070 955 1141 1016 έστί.
1160 955 1212 1015 καί
1223 953 1303 1027 δείξει
1316 955 1359 1031 τῷ

114 1038 145 1079 ³⁶
158 1038 208 1101 καί
228 1035 336 1121 ὄψεται
349 1031 367 1101 5
382 1034 487 1122 ἱερεὺς,
512 1037 564 1100 καί
579 1033 642 1100 ἰδοὺ
656 1036 722 1100 διὰ·
753 1038 830 1121 ἱερεῖ,
854 1034 886 1079 ⁴⁰
897 1037 949 1098 καί
961 1033 1069 1116 ὄψεται
1083 1030 1101 1099 5
1116 1031 1204 1120 ἱερεὺς
1215 1031 1269 1117 τήν
1282 1030 1361 1116 ἁφήν

112 1121 232 1203 κέχυται
255 1117 292 1185 τό
316 1123 457 1206 θραῦσμα
481 1123 512 1184 έν
527 1124 573 1203 τῷ
590 1118 720 1204 δέρματι,
751 1121 804 1183 καί
827 1114 947 1205 ἀφοριεῖ
968 1114 987 1183 5
1008 1116 1098 1202 ἱερεὺς
1114 1119 1169 1202 τήν
1186 1113 1265 1201 ἁφήν
1282 1117 1359 1180 ἱπτά

113 1201 170 1268 οὐκ
183 1206 372 1289 ἐπισκέψεται
384 1198 402 1267 5
416 1201 506 1288 ἱερεὺς
517 1204 585 1288 περί
596 1207 719 1288 τήςτρι-
752 1199 869 1306 ήμέρας.
904 1203 931 1245 ⁵²
943 1202 995 1266 καί
1019 1201 1127 1284 ὄψεται
1151 1197 1170 1267 5
1195 1196 1284 1285 ἱερεὺς
1307 1199 1361 1283 τήν

131 1284 163 1362 ὸς
176 1291 228 1371 τῆς
239 1291 365 1371 ξανθῆς,
384 1281 431 1350 ὅτι
444 1282 621 1372 ἀκάθαρτός
633 1288 720 1351 ἐστιν.
753 1286 832 1370 αφήν
844 1291 882 1380 τε]
894 1280 987 1386 ήμέρᾳ
999 1289 1038 1380 τῇ
1051 1280 1170 1378 ἑβδόμῃ.
1189 1283 1283 1348 ἐὰνδὲ
1295 1283 1360 1347 δια.

130 1368 207 1434 1έάν
223 1370 255 1434 δέ
268 1366 393 1434 ἐνώπιον
403 1374 486 1460 μείνῃ
500 1371 552 1431 ίπῖ
568 1364 666 1452 χώρας
683 1368 720 1433 τὸ
752 1374 854 1455 χέήται
870 1365 889 1453 ή
907 1366 971 1453 ἀσή
987 1370 1018 1431 έν
1036 1371 1082 1451 τῷ
1094 1372 1217 1451 ἱματίῳ,
1242 1364 1305 1452 ήέν
1317 1371 1360 1450 τῷ

112 1456 271 1536 θραῦσμα,
296 1452 347 1515 καλ
366 1452 438 1532 θρίξ
449 1450 571 1529 μέλαινα
583 1447 720 1542 ἀνατείλῃ
753 1451 889 1535 στήμονι,
914 1451 934 1535 ἦ
947 1455 979 1514 ἐν
990 1456 1027 1541 τῇ
1040 1447 1145 1535 κρόκη,
1164 1449 1183 1534 ἢ
1197 1453 1227 1513 έν
1238 1453 1282 1531 τῷ
1295 1452 1360 1533 δέρ-

111 1539 143 1599 έν
156 1531 254 1616 αὐτῷ,
280 1527 381 1610 ὑγίακε
392 1529 430 1594 τὸ
442 1534 600 1616 θραῦσμα,
619 1540 720 1594 καθα·
751 1557 837 1612 ματι,
862 1532 940 1594 κατά
964 1529 1066 1594 πάντα
1090 1525 1151 1598 ὅσα
1174 1532 1226 1595 ἐάν
1244 1537 1359 1616 ποιήθή

111 1613 164 1700 ρός
178 1619 241 1681 έστι
247 1663 257 1692 ,
270 1616 321 1680 καὶ
333 1623 474 1698 καθαριεῖ
484 1609 577 1678 αὐτὸν
589 1607 606 1676 5
621 1609 719 1696 ἱερεύς.
752 1614 882 1694 δέρματα
895 1616 926 1676 έν
941 1616 979 1705 τῇ
997 1615 1144 1709 ἐργασίᾳ,
1162 1612 1260 1697 λέπρα
1272 1603 1361 1696 ἐμμό-

111 1702 142 1744 ³⁸
154 1702 205 1764 καί
218 1695 470 1784 ἀνδρὶήγυναικί,
496 1696 548 1760 ἐάν
559 1699 677 1794 γένήται
690 1697 721 1760 έν
752 1691 803 1771 νός
824 1697 903 1760 ἐστιν
927 1690 946 1778 ή
971 1689 1050 1776 ἀφὴ,
1085 1692 1262 1775 ἀκαθαρτός
1287 1701 1359 1761 ἔστι.

112 1785 233 1869 δέρματι
245 1787 297 1866 τῆς
309 1777 417 1865 σαρκός
431 1778 527 1843 αὑτοῦ
539 1777 720 1860 αὖγασματα
752 1781 781 1821 ⁵²
793 1771 970 1842 κατακαύσει
982 1776 1019 1840 τό
1034 1773 1166 1859 ἱμάτιον,
1192 1778 1211 1862 ή
1224 1778 1277 1843 τὸν
1290 1778 1360 1865 στή-

112 1862 279 1943 αάγάζοντα
291 1863 527 1938 λευκανθίζοντα.
544 1863 633 1926 39καί
645 1860 720 1941 ὅψε-
750 1885 836 1944 μονα,
850 1859 868 1945 ἢ
880 1859 935 1944 τήν
946 1855 1054 1945 κρόκην
1066 1865 1097 1926 ἐν
1108 1874 1171 1936 τοῖς
1184 1865 1285 1947 ε’ρέοις,
1300 1863 1361 1948 ἢέν

112 1975 161 2014 ται
180 1945 198 2012 5
213 1946 315 2033 ἱερεὺς,
339 1948 391 2010 καί
410 1943 473 2010 ἰδοὺ
494 1949 525 2009 έν
537 1946 655 2030 δέρματι
668 1949 720 2028 τής
751 1956 814 2021 τοῖς
826 1945 924 2019 λινοῖς,
943 1942 1007 2028 ήέν
1018 1947 1109 2009 παντὶ
1122 1943 1211 2010 σκεάει
1224 1947 1359 2031 δερματί-

113 2027 223 2117 σαρκός
241 2027 336 2095 αὐτοῦ
352 2025 534 2110 αιἰγάσματα
552 2023 719 2106 αὐγάζοντα
751 2053 803 2113 νῳ,
822 2031 853 2093 ίν
864 2021 890 2111 ᾧ
903 2025 972 2120 ἀνῄ
986 2031 1017 2092 ἐν
1029 2027 1114 2111 αὐτῷ
1127 2024 1145 2112 ή
1158 2024 1233 2113 ἀφή,
1249 2031 1295 2095 ὅτι
1309 2031 1359 2095 λε’-

112 2117 341 2190 λευκανθίζοντα
365 2107 463 2193 ἀλφός
485 2114 578 2187 ἐστιν,
603 2113 722 2188 ἐξανθεῖ
749 2140 813 2195 πρα
826 2107 947 2194 ἐμμονός
964 2112 1057 2186 έστιν,
1082 2115 1358 2197 ένπυρίκατακαυ·

112 2204 144 2265 έν
155 2201 200 2279 τῷ
211 2198 332 2282 δέρματι
345 2199 397 2278 τῆς
409 2193 520 2281 σαρκὸς
531 2195 637 2270 αὐτοῦ,
663 2222 716 2261 κα-
749 2192 881 2279 θήσεται.
907 2195 936 2237 ⁵³
950 2193 1002 2258 ἐὰν
1020 2194 1052 2260 δέ
1072 2195 1122 2288 ίδή
1143 2191 1161 2259 5
1178 2194 1282 2280 ἱερεὺς,
1307 2199 1358 2261 καί

113 2278 210 2363 θαρός
228 2283 298 2345 έστι.
329 2277 362 2323 ⁴⁰
376 2277 428 2342 έάν
444 2280 479 2344 δέ
491 2303 547 2343 τινι
563 2274 680 2371 μαδήσῃ
700 2275 717 2363 ή
749 2279 788 2362 μή
807 2281 957 2364 διαχέήται
977 2274 1070 2362 ήάφή
1086 2282 1118 2343 έν
1129 2282 1175 2361 τῷ
1187 2282 1312 2364 ἱματίῳ,
1338 2277 1357 2363 ἢ

112 2362 225 2447 κεφαλή
238 2361 341 2438 αὐτοῦ,
353 2357 508 2449 φαλακρός
520 2366 605 2440 ἐστιν,
618 2372 719 2427 καθα·
750 2365 781 2428 ἐν
799 2368 843 2446 τῷ
863 2357 997 2446 στήμονι,
1023 2360 1042 2445 ἢ
1062 2365 1092 2426 έν
1107 2365 1146 2444 τῆ
1161 2358 1271 2446 κρόκη,
1295 2361 1358 2446 ἢέν·

112 2446 166 2533 ρός
183 2451 268 2513 ἐστιν.
305 2445 399 2511 41ἐάν
416 2445 449 2512 δὲ
464 2445 543 2511 κατὰ
560 2443 719 2531 πρόςωπον
750 2448 841 2510 παντί
863 2441 952 2512 σκεάει
977 2435 1145 2529 δερματίνῴ.
1176 2448 1207 2489 ⁵⁴
1221 2437 1272 2510 κἀὶ
1289 2470 1357 2530 συν;

111 2528 227 2618 μαδήση
240 2527 258 2615 ή
271 2528 382 2612 κεφαλή
393 2528 498 2606 αὐτοῦ,
511 2526 719 2610 ἀναφάλαντός
750 2525 829 2606 τάξει
841 2524 973 2613 ὁ-ίερείις,
985 2530 1036 2593 καί
1048 2528 1151 2592 πλυνεῖ
1160 2526 1204 2610 ἐφ’
1221 2521 1258 2594 οὗ
1271 2528 1323 2593 έάν
1336 2532 1356 2623 ή

112 2622 185 2690 ἐστι,
199 2604 337 2696 ιίαθαρός
349 2616 434 2677 ἐστιν.
453 2613 486 2655 ⁴²
495 2613 546 2677 έάν
557 2612 590 2678 δὲ
601 2608 719 2696 γένηται
750 2609 794 2678 ἐπ’
810 2610 904 2678 αὐτοῦ
916 2607 935 2695 ἢ
949 2607 1024 2694 ἀφή,
1043 2613 1094 2677 καί
1106 2609 1254 2696 ἀφοριεῖὸ
1268 2611 1356 2698 ἱερεὺς

113 2704 144 2763 ἰν
169 2703 212 2778 τῷ
238 2690 453 2780 φαλακριόματι
474 2695 569 2759 αὖτοῦ
593 2693 609 2717 ’“
627 2699 658 2759 ἐν
673 2700 717 2760 τῶ
749 2692 803 2779 τήν
827 2691 907 2779 ἁφήν
932 2694 1009 2760 ἑπτά
1035 2691 1142 2780 ήμέρας
1158 2695 1195 2760 τὸ
1214 2692 1355 2780 δεύτερον.

115 2771 384 2858 ἀναφαλαντώματι
403 2773 497 2840 αὐτοῦ
514 2772 577 2858 ἀφή
590 2721 673 2840 λαοί
697 2763 716 2863 ή
750 2779 835 2843 55καὶ
848 2778 956 2860 ὄψεται
970 2774 987 2844 5
1002 2777 1091 2863 ἱερεὺς
1100 2776 1173 2860 μετά
1184 2777 1221 2842 τὸ
1235 2779 1356 2864 πλυθή-

111 2863 300 2946 πυίριῖονσα,
318 2856 604 2964 λέπραέστὶνέντῴ
617 2883 661 2938 φα
700 2903 717 2913 -
748 2885 795 2926 ναι
821 2859 898 2926 αὐτὸ
923 2860 978 2962 τήν
1003 2857 1096 2946 ἁφὴν,
1120 2861 1171 2925 καὶ
1194 2856 1244 2946 ἧσε
1261 2859 1298 2926 οὐ
1316 2860 1356 2964 μή

111 2942 243 3027 κρώματι
257 2940 362 3016 αὐτοῦ,
376 2969 394 3024 η
407 2943 492 3042 έντρῖ
500 2937 717 3021 ἀναφαλαιτά-
747 2943 900 3030 μετέβαλεν
913 2939 931 3027 ή
945 2941 1008 3027 αφή
1020 2944 1075 3028 τήν
1088 2943 1174 3046 όήιιν,
1195 2945 1247 3009 καί
1259 2934 1277 3030 ή
1291 2941 1355 3031 ἀφή

110 3050 181 3110 ματι
204 3023 309 3090 αὐτοῦ.
347 3024 379 3066 ⁴³
391 3024 443 3087 καί
461 3023 568 3105 ὄψεται
585 3024 679 3090 αὑτὸν
697 3024 714 3091 5
747 3026 784 3092 οὗ
797 3029 947 3113 διαχεῖται,
960 3025 1138 3111 ἀκάθαρτον
1150 3031 1235 3105 ἔστιν,
1246 3032 1356 3114 ένπυρῖ

110 3107 213 3192 ἱερεὺς,
225 3109 276 3177 καὶ
289 3103 354 3170 λδοὺ
367 3102 385 3189 ή
399 3104 470 3188 ὄψις
480 3110 532 3190 τῆς
543 3103 621 3207 ἀρῆς
630 3107 714 3195 λευκή
746 3107 1014 3196 κατακαυθήσεται.
1064 3107 1232 3194 ἐστήρικται
1254 3116 1285 3176 έν
1308 3117 1355 3195 τῷ

108 3190 321 3294 ἢπυρρίζουσα
333 3192 364 3252 έν
375 3193 420 3274 τῷ
432 3188 646 3275 φαλακρωματι
658 3191 714 3257 αιἰ-
747 3199 865 3277 ίματίῳ,
878 3194 896 3279 ή
909 3198 940 3258 έν
951 3197 996 3274 τῷ
1008 3188 1139 3277 στήμονι,
1156 3191 1218 3275 ἢέν
1229 3198 1268 3274 τῆ
1281 3190 1353 3277 κρό-

107 3278 164 3338 τοῦ
185 3275 250 3356 ηέν
268 3275 313 3356 τῷ
329 3267 540 3355 φαλανταίματι
558 3272 653 3340 ahto&
672 3273 714 3350 ὧς
745 3304 791 3361 κη.
829 3279 924 3341 ὅῧκαὶ
948 3276 1001 3339 έάν
1023 3274 1071 3378 ἴδή
1092 3270 1110 3339 5
1129 3278 1153 3338 ἱε
1172 3274 1233 3351 είις,
1249 3263 1309 3340 ’καί
1332 3267 1353 3360 r]

106 3356 183 3432 εἶδος
207 3356 317 3439 λέπρας
341 3359 372 3419 έν
394 3357 514 3444 δέρματι
532 3362 585 3443 τῆς
602 3358 713 3442 σαρκός
744 3351 899 3445 ἀμαυράή
919 3353 982 3440 ἆφή
1000 3381 1072 3438 μετα
1085 3355 1121 3422 τὸ
1134 3300 1285 3443 πλυθήναι
1297 3349 1352 3423 αἴν’α

107 3439 215 3541 αὐτοῦ,
254 3439 288 3483 ⁴⁴
309 3438 474 3543 ἀνθρροπρς
503 3438 610 3527 λεπρός
639 3447 710 3509 ἐστι.
743 3443 797 3519 τὸ,
816 3436 1063 3540 ἀπορρήξεισάτὸ
1077 3438 1141 3507 ἀπὸ
1154 3447 1211 3508 του
1222 3446 1350 3525 ἱματίου,

104 3549 214 3607 μιανσει
226 3535 322 3607 μιανεῖ
332 3548 425 3589 αυτον
437 3550 455 3588 ο
466 3524 565 3610 ἱερεὺς,
577 3527 608 3588 ἐν
617 3530 655 3617 τῇ
664 3551 711 3590 κε-
743 3525 761 3611 ή
779 3525 843 3592 ἀπὸ
856 3528 911 3588 τοῦ
924 3547 1082 3608 στήμονος,
1104 3523 1125 3610 ἢ
1137 3522 1201 3591 ἀπὸ
1214 3531 1266 3610 τῆς
1278 3522 1351 3612 κρό-

105 3608 188 3688 φαλῆ
206 3607 300 3673 αὐτοῦ
316 3604 335 3690 ἦ
353 3603 417 3689 ἀ“φή
436 3606 542 3671 αὐτοῦ.
581 3606 612 3652 ⁴⁵
625 3605 710 3673 καὶὸ
742 3636 794 3694 κής
799 3657 809 3684 ,
826 3606 853 3693 ἢ
872 3604 935 3672 ἀπὸ
954 3611 1010 3672 τοῦ
1021 3609 1173 3694 δέρματος.
1211 3610 1240 3653 ⁶²
1253 3607 1350 3672 έάνδέ

104 3678 212 3772 λεπρὸς
229 3693 259 3752 ἐν
277 3681 303 3769 ᾧ
323 3691 402 3751 ε’·οτιν
424 3684 529 3769 ’ἀφίῃ
556 3685 596 3753 τά
609 3685 711 3772 ἱμάτια
742 3691 828 3788 ὀφθῇ
846 3695 890 3756 ἔτι
902 3694 932 3755 ίν
946 3695 991 3775 τῷ
1009 3694 1125 3774 ἱματίῳ,
1143 3689 1208 3774 ἧέν
1219 3694 1265 3775 τῷ
1277 3689 1351 3793 στή-

104 3769 200 3835 αίιτοῡ
217 3772 292 3834 ἐσται
309 3770 425 3854 παραλε
459 3774 545 3852 μένα,
569 3770 711 3857 καὶήκε-
740 3800 815 3858 μονι,
833 3774 945 3867 ήέντῇ
958 3769 1061 3862 κρόκη,
1074 3772 1094 3857 ἦ
1107 3776 1241 3839 ένπαντί
1258 3799 1350 3840 σκευει

104 3852 186 3934 φαλή
205 3850 302 3916 αὐτοῦ
320 3848 506 3929 ἀκάλυπτος,
530 3856 582 3920 καὶ
593 3859 661 3941 περί
672 3856 709 3922 τὸ
742 3859 913 3944 δερματίνῳ,
926 3858 1023 3943 λέπρα
1032 3847 1206 3936 ἐ’ξανθοῦσά
1219 3862 1306 3936 ἔστιν,
1320 3862 1351 3924 έν

104 3932 201 4017 στόμα
213 3932 542 4021 αὖτοῦπεριβαλέσθιο,
566 3941 617 4002 καί
634 3936 711 4004 ἀκά-
741 3945 812 4026 πυρί
836 3938 1098 4027 κατακαυθήσεται
1123 3947 1154 4008 lv
1179 3934 1206 4025 ᾦ
1229 3939 1349 4028 ίστινή

103 4029 220 4102 θαρτος
232 4015 399 4101 κεκλήσεται
418 4020 451 4064 ⁴⁶
461 4016 562 4096 πάσας
573 4021 628 4096 τὰς
640 4019 710 4126 ήμέ-
741 4021 813 4108 ἁφή.
839 4027 870 4069 ⁵⁸
885 4028 936 4089 καὶ
949 4025 986 4090 τό
1002 4022 1132 4109 ἱμάτιον,
1157 4024 1175 4110 ἢ
1190 4022 1209 4092 5
1223 4026 1349 4111 στήμων,

103 4127 174 4206 ρας,
201 4097 274 4176 ὅσας
295 4101 348 4165 έάν
371 4091 390 4193 ᾗ
416 4100 460 4167 ἐπ’
482 4101 574 4170 αὐτόν
599 4101 709 4191 ήαφή,
740 4103 1010 4193 ήήκρόκή,ἢπᾶν
1022 4115 1121 4185 σκεῦος
1133 4105 1310 4194 δερμάτινον,
1329 4107 1349 4174 5

103 4180 278 4269 ακάθαρτος
291 4181 332 4246 τόν
350 4181 524 4270 ἀκάθαρτος
540 4191 636 4264 ἐσται,
662 4215 708 4254 κε-
740 4186 935 4275 πλυθήσεται,
949 4193 1001 4255 καὶ
1012 4189 1214 4276 ἀποστήσεται
1226 4191 1277 4258 ἀπ’
1293 4191 1346 4258 αὖ·

102 4270 276 4352 χωρισμένος
285 4263 456 4350 καθήσεται,
467 4271 528 4345 ἐξω
536 4277 588 4354 τῆς
595 4299 709 4358 παρεμ-
740 4277 797 4338 τοῦ
808 4271 826 4357 ἢ
838 4269 919 4357 ἀφή,
939 4277 990 4339 καί
1001 4273 1187 4360 πλυθήσεται
1200 4277 1238 4342 τό
1251 4273 1348 4342 δεύτε-

100 4350 190 4437 βολής
202 4347 299 4416 αὐτοῦ
318 4352 402 4415 ἔσται
415 4347 432 4435 ή
446 4350 587 4440 διατριβή.
614 4356 645 4399 ⁴⁷
657 4359 708 4421 καί
740 4380 807 4440 ρον,
832 4358 884 4420 καί
898 4357 1039 4444 καθαρόν
1055 4361 1148 4425 ἔσται.
1180 4362 1211 4404 ⁶⁹
1224 4352 1313 4435 οὗτος
1327 4364 1343 4424 5

101 4438 209 4518 ἱματίῳ
230 4430 282 4498 έάν
298 4436 416 4520 γένηται
433 4431 497 4518 ἀφή
516 4440 546 4501 ἐν
563 4435 648 4521 αὐτῷ
660 4438 708 4502 λέ-
739 4435 826 4521 νόμος
845 4436 924 4525 ἀφής
943 4441 1055 4526 λέπρας
1075 4445 1194 4524 ἱματίου
1207 4443 1290 4525 ἐρίου
1295 4490 1306 4518 ,
1324 4441 1346 4526 ἢ

100 4544 177 4602 πεαε
202 4520 232 4583 ἕν
255 4520 363 4604 ἱματίῳ
387 4522 474 4608 ἐρέει
501 4518 520 4607 ’ἲ
546 4524 577 4586 ³⁷
599 4525 936 4608 lpoeviqnowmvtvov,
954 4523 1145 4611 δαίμονος,
1165 4518 1347 4627 ἱερῶνταί

1228 4633 1345 4682 παντος
