2924 4972
161 217 225 282 998
327 217 624 282 ΒΛΣΙΛΕΙΩΝ
648 216 822 279 ΠΡΩΊἮ
866 212 1219 296 mand-2324.

159 358 214 416 ρας
227 329 331 395 αύτού.
356 333 384 374 ¹⁵
398 331 449 394 καλ
462 328 517 394 εἶδε
530 328 642 402 Δαυίδ,
656 324 704 392 ὅτι
717 330 764 403 ἐξ·
793 329 902 414 ε’βαλον
931 332 982 395 ἐπὶ
1003 333 1103 397 Δαυίδ
1122 335 1174 396 καί
1194 333 1268 408 τούς
1288 320 1400 422 ἀνδρας

161 417 274 498 ἔρχεται
287 409 394 478 Σαούλ
411 416 467 477 τοῦ
485 413 579 494 ζητεῖν
590 406 645 476 τὸν
658 412 762 474 Δαυίδ.
793 409 899 486 αὐτοῦ,
912 413 1067 498 συλλαβεῖν
1079 411 1197 489 αὐτούς.
1222 418 1252 459 22
1262 421 1312 481 καί
1324 420 1401 504 πρὸς

159 500 210 560 καί
223 496 320 560 Δαυίδ
331 485 367 579 ήν
378 498 408 558 ἐν
425 499 469 579 τῷ
488 492 549 579 ὄρει
562 497 607 576 τῷ
620 488 763 578 αὐχμώδει
791 493 899 557 Σαούλ
910 482 1001 577 ἦλθεν
1014 495 1146 574 άγγελος,
1163 497 1265 576 λέγων.
1294 505 1400 570 σπεῦδε

159 582 189 642 ἐν
207 583 245 673 τῇ
257 583 358 672 Καινῇ
370 582 441 656 Ζίφ.
465 579 494 620 ¹⁶
507 579 558 641 καί
570 574 678 658 ἀνέστη
695 574 764 639 Ἰω·
792 577 844 640 καὶ
865 576 971 661 δεῦρο,
997 574 1046 643 ὅτι
1067 576 1233 661 ἀλλόφυλοι
1256 585 1399 654 ἐπέθεντο

158 665 257 726 νάθαν
270 660 332 737 υίὸς
343 658 448 725 Σαούλ
463 660 514 722 καλ
526 654 676 744 ἐπορεύθη
687 655 763 744 πρὸς
793 661 844 723 ἐπὶ
855 657 909 742 τήν
918 685 939 737 γ
947 663 983 724 ”ν.
1013 661 1044 704 ²⁸
1056 663 1109 726 καλ
1121 660 1279 746 ἀνέστρεφε
1292 668 1400 736 Σαούλ

158 746 256 810 Δαυίδ
266 748 305 818 εἰς
317 742 428 827 καινήν,
453 744 504 806 καί
517 745 698 826 ίκραταίωσε
711 739 764 815 τάς
792 737 833 824 μή
859 686 1050 808 καταόιάκειν
1074 742 1173 810 ὀπίσω
1199 748 1312 820 Δαυίδ,
1347 755 1399 817 καί

157 839 202 913 χεῖ
219 853 254 902 ας
279 825 374 892 αὐτοῦ
398 829 428 889 ἐν
451 829 553 909 κυρίῳ,
588 825 680 888 12καί
703 822 763 888 εἶπε
793 819 943 930 ἐπορεύθη
955 830 995 902 είς
1007 822 1177 910 συνάντησιν
1189 833 1250 893 τῶν
1262 827 1398 913 ἀλλοφύ-

157 853 235 995 πρός
249 907 351 975 αὐτόν.
375 907 540 994 μήφοβοῦ,
553 903 599 971 ότι
612 905 700 1010 οὐμή
714 904 763 971 εύ-
793 905 860 971 λων.
894 907 943 973 δια
967 913 1058 974 τοῦτο
1083 907 1234 996 ἐπεκλήθη
1259 908 1276 975 ὀ
1301 910 1397 992 τόπος

158 1019 196 1078 ρη
211 989 274 1076 σεή
292 988 352 1078 ηεὶρ
368 990 474 1056 Σαούλ
490 995 545 1055 τοῦ
562 1015 677 1094 πάτρος
693 1015 761 1073 μου,
792 993 909 1067 ἐκεῖνος,
920 989 1050 1076 πέτραή
1069 1003 1250 1078 μερισθεῖσα.

156 1068 210 1151 καί
228 1073 264 1141 ού
280 1070 459 1160 βασιλεύσεις
477 1074 527 1138 ἐπὶ
542 1070 682 1159 Ἰσραηλ,
712 1075 763 1137 καὶ
967 1079 1002 1138 K
1013 1082 1043 1138 Β
1056 1080 1093 1139 Φ.
1136 1073 1219 1146 ΚΔ’.

157 1156 217 1236 ε’γολ
228 1162 336 1239 ἔσομαί
345 1183 394 1223 σοι
405 1161 445 1231 εἰς
454 1151 763 1241 δεύτερον,καλΣαούλ
793 1122 876 1221 Καί
887 1153 993 1240 ἀνέστη
1005 1160 1103 1224 Δαυίδ
1114 1161 1240 1240 ἐκεῖθεν,
1264 1164 1315 1231 καὶ
1327 1163 1397 1227 ἐκά-

157 1237 291 1344 ὀπατήρ
302 1266 358 1324 μου
369 1238 448 1310 οἶδεν
461 1233 567 1313 οὕτως.
598 1239 763 1305 18υαίδιέ-
791 1247 878 1305 θισεν
894 1242 926 1303 ἐν
943 1252 1006 1316 τοῖς
1023 1252 1133 1318 στενοῖς
1147 1240 1294 1321 Ἐνγαδδί.
1318 1248 1398 1311 2καί

155 1334 248 1390 θεντο
274 1318 438 1407 αμφότεροι
464 1321 612 1469 διαθήκήν
637 1322 763 1386 ἐνώπιον
793 1318 918 1406 ἐγενήθη
931 1319 1146 1409 ἀςάνέστρεφε
1163 1327 1270 1392 Σαούλ
1287 1326 1349 1392 ἀπὸ
1362 1329 1398 1392 ὀ-

155 1414 267 1514 κυρίου.
293 1409 344 1470 καί
354 1404 489 1488 ἐκάθητο
502 1405 581 1468 dau*
610 1408 642 1469 ἐν
653 1410 762 1485 Καινῆ,
792 1415 902 1470 πισθεν
913 1409 974 1470 τῶν
987 1403 1175 1489 ἀλλοφύλων,
1201 1411 1253 1474 καὶ
1265 1408 1398 1492 ἀπηγγέ-

155 1514 207 1552 και
222 1487 372 1553 Ἰωνάθαν
394 1486 530 1569 ἀπῆλθεν
552 1491 591 1560 εἰς
608 1485 689 1551 οἷκον
706 1473 762 1552 αύ-
793 1485 937 1571 ληαύτῷ,
954 1487 1108 1558 λεγόντων.
1135 1488 1183 1557 δ’τι
1203 1494 1301 1557 Δαυίδ
1316 1497 1347 1560 ἓν
1360 1500 1399 1588 τῇ

156 1576 221 1635 τοῦ.
247 1570 276 1614 ¹⁹
289 1571 341 1634 καὶ
363 1566 511 1654 ἀνέβησαν
532 1572 564 1632 ολ
585 1573 709 1650 Ζιφαῖοι
730 1577 762 1637 ἐκ
792 1567 890 1656 ἐρήμῳ
901 1569 1055 1648 Ἐνγαδδί,
1082 1575 1159 1638 3καί
1176 1575 1266 1661 ἔλαβε
1284 1575 1347 1658 μεθ’
1364 1580 1396 1642 ἑ-

155 1658 208 1737 τής
230 1648 405 1738 αὐχμώδους
421 1650 498 1737 πρὸς
510 1647 617 1716 Σαούλ
639 1654 690 1717 ἐπὶ
707 1652 762 1719 τόν
792 1658 887 1718 αυτού
896 1666 972 1733 τρεῖς
980 1650 1112 1738 χιλιάδας
1122 1654 1236 1740 ἀνδρῶν
1247 1656 1397 1735 ἐκλεκτούς

155 1737 274 1813 δουνὸν,
286 1737 426 1813 λέγοντες.
454 1732 509 1799 οὐκ
522 1728 586 1798 ίδσύ
601 1736 700 1801 Δαυίδ
711 1739 761 1801 κε’-
792 1737 824 1800 lu
836 1735 950 1812 παντὸς
959 1735 1096 1823 Ἰσραήλ,
1121 1741 1174 1803 καί
1183 1738 1332 1826 ἐπορεύθη
1346 1744 1395 1845 ζη-

155 1844 284 1902 κρυπται
308 1817 378 1885 πα’
406 1812 475 1903 ήμῖν
501 1819 532 1881 ἐν
556 1823 647 1883 Μεσσ
686 1818 708 1883 ὰ
732 1822 762 1885 ἐν
792 1830 850 1883 τεῖν
863 1819 1040 1896 τὸνΔαυίδ,
1066 1823 1118 1885 καί
1135 1822 1205 1899 τοὺς
1218 1823 1395 1909 άνδραςαυ·

155 1913 219 1976 τοῖς
232 1912 343 1978 στενοῖς
396 1903 550 1991 τῇΚαινῇ
562 1844 762 1987 ἐντῶαάουνῷ
793 1906 848 1966 τοῦ
858 1904 910 1966 ἐπί
925 1899 1086 1988 πρόςωπον
1103 1906 1261 1989 Σαδδαιέμ.
1313 1907 1396 1973 *καί

158 1983 395 2068 τούἜχελᾶτού
413 1990 445 2050 ἐκ
458 1984 558 2060 δεξιῶν
570 1964 761 2051 τοῦάΙεσσαι-
792 1972 884 2068 ήλθεν
908 1991 946 2058 είς
970 1986 1023 2061 τάς
1041 1983 1151 2064 ἀγέλας
1172 1993 1233 2054 τῶν
1254 1996 1396 2071 ποιμνίων

152 2071 227 2149 μοῦς
254 2069 285 2110 ²⁰
298 2069 350 2133 καί
369 2072 421 2134 νῦν
437 2071 501 2132 πάν
516 2063 553 2132 τό
572 2066 649 2153 πρὸς
661 2065 760 2154 ψυχήν
790 2065 845 2142 τὰς
857 2069 907 2133 ἐπὶ
916 2073 969 2153 τῆς
982 2065 1069 2144 ὀδοῦ,
1086 2059 1184 2154 καλήν
1196 2075 1256 2137 ἐκεῖ
1267 2073 1396 2157 σπήλαι·

153 2153 209 2216 τοῦ
220 2149 363 2236 βασιλέως
375 2156 415 2226 εἰς
428 2147 593 2236 κατάβασιν
612 2155 760 2254 καταήλαι-
791 2174 832 2216 ον.
858 2152 910 2216 καλ
920 2151 1027 2216 Σαοὺλ
1038 2152 1152 2236 είςήλθε
1164 2152 1395 2240 παρασκευάσω·

75 2257 77 2259 ’
154 2235 229 2298 νέτω
253 2231 330 2319 πρός
353 2231 437 2318 ήμάς.
463 2234 641 2299 κεκλείκαοιν
666 2233 759 2300 αυτόν
790 2244 879 2310 σθαι,
903 2237 955 2300 καί
968 2238 1065 2300 Δαυίδ
1075 2239 1127 2301 καί
1140 2242 1172 2302 οἶ
1184 2237 1286 2323 ἀνδρες
1298 2236 1394 2307 αὐτοῦ

153 2321 192 2390 είς
203 2315 257 2390 τάς
268 2329 366 2402 χεῖρας
377 2323 432 2384 τοῦ
444 2317 595 2404 βασιλέως.
622 2316 758 2382 22καλελ-
788 2311 933 2402 ἐσώτερον
969 2322 1028 2384 τοῦ
1053 2320 1200 2403 σπηλαίου
1233 2318 1393 2404 ἐκάθηντο.

152 2423 206 2465 πεν
219 2397 323 2475 αὐτοῖς
335 2394 448 2467 Σαούλ.
481 2399 666 2484 εὐλογημένοι
680 2396 757 2482 ὑμεῖς
788 2399 867 2464 6καί.
878 2400 962 2467 εἶπον
975 2405 1006 2467 οῖ
1019 2399 1123 2488 ἀνδρες
1139 2404 1238 2470 Δαυίδ
1247 2401 1324 2488 πρὸς
1337 2402 1394 2468 αό-

151 2488 196 2566 τῷ
213 2489 319 2569 κυρίῳ,
344 2480 392 2550 ὅτι
411 2486 573 2551 ἔπουέσατε
589 2483 657 2566 περὶ
673 2486 755 2567 ἐμοῦ.
787 2476 847 2548 τόν.
874 2482 972 2570 ῖδούή
990 2480 1085 2571 ήμέρα
1103 2484 1191 2570 αὕτη,
1217 2482 1253 2573 ἢν
1270 2483 1394 2552 ελπεκύ-

152 2568 182 2608 22
194 2563 363 2654 πορεύθητε
381 2566 417 2652 δή
442 2570 493 2633 καὶ
509 2561 683 2650 ἑτοιμάσατε
702 2570 756 2645 ἔτι,
787 2591 849 2650 ριος
865 2569 944 2655 πρὸς
962 2566 996 2633 σὲ
1015 2570 1202 2675 παραδοῦναι
1216 2570 1269 2636 τὸν
1287 2567 1392 2656 ἐχθρόν

151 2651 205 2748 ηαδ
215 2656 308 2726 γνῶτε
326 2647 381 2715 τὸν
399 2647 494 2717 τόπον
512 2647 608 2715 αὐτοῦ
617 2642 659 2753 ρύ
673 2651 756 2716 ἔσται
788 2675 843 2715 σου
866 2655 905 2727 ελς
917 2651 971 2727 τάς
986 2664 1085 2754 χεῖρας
1104 2679 1170 2728 σου,
1196 2656 1248 2718 καί
1264 2650 1394 2738 ποιήσεις

150 2731 256 2805 οπούς
268 2731 365 2797 αὐτοῦ
382 2736 414 2798 ἒν
429 2728 509 2816 τάχει
520 2734 581 2797 ἐκεῖ
594 2757 630 2796 ου
644 2735 754 2810 εἴπατε,
786 2730 871 2797 αύτῶ
889 2730 930 2813 ὥς
947 2733 1067 2812 ἀγαθον
1085 2737 1116 2798 ἐν
1136 2732 1307 2816 ὀφθαλμοῖς
1328 2763 1393 2801 σου.

149 2810 188 2897 ιιή
202 2838 277 2878 ποτε
288 2811 551 2898 πανουργεύσηται.
576 2816 606 2856 ²⁸
619 2818 671 2879 καί
682 2817 755 2881 ἴδετε
785 2818 836 2879 καί
847 2797 955 2899 ἀνέστη
968 2816 1076 2890 Δαυίδ,
1089 2817 1142 2879 καί
1156 2813 1258 2895 ἀφεῖλε
1271 2818 1306 2879 τὸ
1320 2844 1394 2883 πτε-

149 2899 200 2962 καί
211 2901 313 2975 γνῶτε,
327 2899 378 2962 καὶ
387 2894 571 2983 πορεύσομαι
580 2894 645 2982 μεθ’
662 2893 752 2980 ύμιάν.
784 2892 886 2978 ρύγων
899 2902 952 2983 τής
971 2896 1122 2972 διπλοΐδος
1143 2901 1200 2960 τοῦ
1217 2895 1323 2962 Σαούλ
1336 2899 1393 2963 λα-

149 2982 624 3066 καὶέσταιεῑέίπινίπλτήςγής,
643 2985 751 3058 καὶίξ-
783 2986 905 3064 θραίως
942 2982 1020 3045 θκαλ
1045 2977 1169 3064 ἐγενήθη
1227 2977 1265 3045 τά
1286 2986 1393 3060 ταῦτα,

148 3059 290 3144 ερευνήσω
316 3060 408 3128 αὐτὸν
436 3067 467 3128 ἐν
495 3061 605 3141 πάσαις
628 3063 752 3150 χιλιάσιν
782 3066 834 3127 καὶ
847 3062 976 3142 ἐπάταξε
988 3065 1096 3149 καρδία
1108 3068 1184 3128 Δαυί
1216 3062 1318 3142 αὐτὸν,
1343 3063 1391 3131 ὅτι

144 3142 257 3210 Ἰούδα.
283 3142 315 3186 ²⁴
328 3148 379 3211 καί
396 3144 563 3230 ἀνέστησαν
575 3152 606 3214 οἱ
618 3152 756 3228 Ζιφαῖοι,
782 3141 885 3246 ἀφεῖλε
910 3143 947 3211 τό
972 3142 1132 3228 πτερύγιον
1159 3152 1212 3231 τής
1238 3149 1391 3225 διπλοΐδος

147 3235 198 3293 καί
215 3223 422 3335 ἐπορεύθησαν
447 3233 615 3316 ἔμπροσθεν
635 3226 750 3295 Σαούλ.
783 3233 888 3292 αυτοῦ.
916 3231 993 3295 7καλ
1017 3231 1078 3297 εἶπε
1104 3233 1202 3301 Δαυίδ
1222 3230 1297 3320 πρὸς
1320 3229 1391 3308 τοὺς

147 3313 198 3377 καὶ
210 3314 307 3377 Δαυιδ
322 3314 374 3377 καί
392 3317 425 3377 οἱ
443 3313 544 3399 ἀνδρες
562 3311 657 3379 αὐτοῦ
671 3315 702 3376 ἕν
712 3319 750 3407 τῇ
783 3308 894 3399 ἀνδρας
904 3310 1007 3380 αὐτοῦ.
1026 3317 1168 3400 μηδαμῶς
1179 3342 1229 3398 μοι
1241 3315 1326 3403 παρὰ
1338 3343 1390 3380 uv-

146 3394 244 3481 ἐρήμῳ
260 3401 298 3478 τῆ
311 3395 416 3462 Μαιόν
430 3394 500 3462 καθ’
515 3399 644 3483 ἑσπέραν
661 3399 693 3460 ἐκ
705 3397 750 3461 δε-
783 3402 861 3482 ρίου,
873 3402 899 3462 ελ
909 3395 1027 3483 ποιήσω
1041 3396 1166 3485 τόῥήμα
1179 3405 1268 3466 τοῦτο
1281 3405 1326 3484 τῷ
1338 3425 1390 3463 κυ-

147 3482 216 3556 ξιῶν
228 3468 286 3545 τού
296 3477 474 3562 Ἰεσσαιμοῦ.
499 3480 590 3545 22καί
601 3476 751 3562 ἐπορεύθη
783 3486 838 3564 ρίῳ
851 3507 909 3562 μου
926 3487 971 3589 τήῑ
985 3489 1100 3586 ηριστοῖ
1117 3510 1153 3548 κυ
1172 3489 1219 3550 ίου
1239 3487 1390 3559 ίπενέγκαι

143 3563 355 3629 -Σαούλκαίοῑ
368 3561 469 3647 ἀνδρες
482 3560 578 3627 αότού
590 3564 682 3644 ζητεῖν
693 3559 751 3626 αύ-
781 3560 863 3649 χεῖρά
874 3591 933 3648 μου
949 3592 988 3630 επ
1016 3564 1075 3646 αύτ
1095 3591 1127 3641 ν,
1146 3507 1389 3648 ὀτιχριστόςκυ.

147 3643 207 3711 τόν.
234 3648 286 3710 καί
306 3643 543 3727 ἀπήγγειλαντῷ
566 3644 674 3718 Δαυίδ,
698 3645 751 3709 καὶ
782 3651 849 3728 ρίου
863 3649 941 3713 ἐστὶν
955 3643 1052 3724 οὗτος.
1092 3650 1171 3712 ’καί
1184 3650 1278 3710 ἔπεισε
1291 3645 1389 3707 Δαυίδ

145 3732 255 3815 κατέβη
269 3732 308 3800 είς
322 3724 375 3811 τήν
391 3733 505 3814 πέτραν
522 3727 576 3811 τήν
588 3731 620 3792 ἐν
632 3732 669 3809 τῆ
682 3725 751 3814 ἱρή·
782 3728 855 3804 τούς
867 3729 976 3816 ἄνδρας
989 3729 1085 3794 αὐτοῦ
1097 3732 1128 3792 ἕν
1140 3723 1248 3804 λόγοις,
1269 3728 1320 3790 καὶ
1332 3723 1388 3789 οόκ

146 3838 193 3894 μῳ
220 3805 331 3875 Μαιύν.
356 3814 407 3875 καί
431 3811 538 3896 ἤκουσε
561 3797 675 3889 Σαούλ,
700 3814 752 3877 καί
783 3813 890 3879 ἔδωκεν
907 3811 1010 3886 αὐτοῖς
1022 3804 1207 3882 ἀναστάντας
1226 3812 1321 3873 θῦσαι
1334 3806 1387 3872 τὸν

147 3895 319 3970 κατεδίωξεν
335 3890 434 3960 ὀπίσω
448 3896 546 3961 Δαυίδ
561 3899 600 3970 είς
617 3895 671 3978 τήν
682 3898 751 3983 ἔρη-
781 3889 893 3959 Σαούλ
917 3894 971 3976 καί
988 3889 1093 3974 ἀνέστη
1110 3889 1217 3956 Σαούλ
1234 3893 1285 3955 καί
1298 3895 1388 3955 κατέ-

146 4003 202 4059 μον
214 3972 325 4043 Μαιύν.
352 3979 382 4020 26
396 3981 447 4044 καλ
458 3973 633 4064 πορεύονται
645 3977 751 4044 Σαούλ
781 3982 819 4064 βη
831 3974 886 4059 τήν
898 3969 976 4041 ὁδόν.
1003 3976 1074 4039 2ιιαλ
1086 3971 1195 4058 ἀνέστη
1208 3975 1308 4039 Δαυίδ
1319 3971 1388 4039 ὀπί-

146 4063 195 4127 καί
209 4065 241 4126 ολ
254 4061 353 4145 ἀνδρες
373 4059 467 4126 αὐτοῦ
480 4064 512 4125 ἐκ
529 4063 635 4146 μέρους
647 4065 704 4126 τοῦ
716 4061 751 4128 ὀ-
782 4085 827 4126 σω
840 4055 938 4122 αὐτοῦ
950 4061 983 4122 ἐκ
994 4062 1050 4123 τού
1064 4057 1221 4143 σπηλαίου.
1236 4061 1287 4125 καὶ
1299 4053 1388 4159 ἐβόη-

146 4171 215 4226 ρους
228 4147 260 4208 ἐκ
279 4140 402 4221 τούτου,
427 4146 479 4210 καλ
495 4131 530 4229 ήν
543 4145 643 4210 Δαυὶδ
657 4146 709 4209 καλ
721 4149 751 4210 οἶ
782 4168 831 4209 σεν
843 4143 940 4207 Δαυίδ
952 4141 1053 4208 ὀπίσω
1063 4140 1178 4221 Σαούλ,
1191 4142 1293 4222 λέγων.
1308 4168 1388 4227 κυριε

147 4229 249 4313 ἀνδρες
263 4227 358 4293 αὐτοῦ
376 4230 408 4292 ἐκ
424 4231 528 4312 μέρους
545 4232 602 4293 τοῦ
618 4227 706 4312 ὀρους
719 4231 751 4292 ἐκ
781 4225 913 4313 βασιλεύ.
939 4228 990 4291 καὶ
1008 4229 1150 4315 ἐπέβλεψε
1167 4224 1273 4291 Σαούλ
1292 4229 1331 4301 είς
1348 4225 1387 4290 τά

145 4307 264 4376 τούτου.
290 4313 342 4375 καί
364 4299 400 4392 ἦν
419 4309 519 4374 Δαυίδ
540 4308 751 4392 σκεπαζόμενος
782 4308 882 4376 ὀπίσω
907 4308 1012 4388 αὐτοῦ,
1039 4313 1090 4376 καλ
1114 4313 1205 4391 ἔκυψε
1219 4311 1317 4373 Δαυίδ
1338 4310 1389 4373 ἐπὶ

144 4388 326 4474 πορεύεσθαι
351 4392 413 4459 ἀπὸ
444 4389 607 4479 προςιύπου
632 4390 748 4460 Σαούλ.
782 4388 943 4481 πρόςωπον
968 4391 1063 4459 αὐτοῦ
1088 4393 1140 4456 λπί
1164 4389 1219 4473 τήν
1242 4395 1312 4473 γήν,
1337 4396 1389 4456 καλ

29 4541 34 4549 ,
145 4478 195 4541 καλ
204 4473 308 4539 Σαούλ
317 4478 369 4540 καί
380 4479 411 4542 οῖ
424 4474 526 4562 ἀνδρες
535 4473 633 4540 αὐτοῦ
641 4499 748 4561 παρεν·
781 4477 987 4572 προςεκύνηοεν
999 4470 1091 4557 αύτῷ.
1114 4476 1143 4517 ¹⁰
1152 4473 1204 4538 καί
1216 4471 1277 4538 εἷπε
1290 4474 1391 4573 Δαυίδ

1305 4581 1386 4631 προς
