2924 4972
158 246 221 315 700
396 227 784 333 Σοίίν-Ι-ν-ί--ΣΕΙΡΑΧ
823 230 899 303 Κεφ.
911 221 969 288 κα’.
982 221 1041 310 κβ’.
1056 224 1107 290 λί.
1120 225 1172 288 92.

157 344 360 435 ἀποκρύπτων
384 346 440 430 τήν
461 352 578 431 μωρίαν
606 343 718 423 αὑτοῦ,
743 347 763 429 ἢ
799 369 862 420 τοις
878 346 1013 421 παιδεία,
1037 348 1088 410 καί
1106 343 1147 420 ὥς
1163 345 1337 428 χειροπέδαι
1358 347 1406 410 ἐπί

158 432 319 519 ἅνθρωπος
356 429 562 517 ἀποκρύπτων
575 427 628 513 τήν
654 434 765 510 σοφίαν
800 428 894 514 χειρὸς
906 429 1009 505 δεξιάς.
1035 432 1067 473 ²⁰
1076 423 1174 512 μωρὸς
1187 430 1218 491 έν
1230 426 1341 504 γέλωτι
1355 424 1408 492 ἀν·

159 515 263 582 αὐτοῦ.
802 524 881 595 υψοῖ
891 511 997 617 φωνήν
1010 509 1116 586 αὐτοῦ,
1129 509 1204 594 ἀνήρ
1226 507 1258 574 δὲ
1271 514 1406 590 πανοῦρ-

337 602 411 661 ΚΕ
426 602 464 660 Φ.
500 589 589 660 KA'.
801 621 854 673 γος
866 595 950 679 μολις
963 599 1056 687 ησυηῇ
1075 588 1222 677 μειδιάσει.
1261 594 1290 634 ²¹
1303 585 1409 668 ὡςκιί.

204 651 298 748 ἲέκνον
309 675 444 765 ήκαρτες,
457 677 498 765 μή
507 682 642 768 προςθῇς
653 680 765 761 μηκέτι,
803 704 821 742 σ
842 703 874 752 ος
885 681 999 764 χρυσοῦ
1010 683 1145 763 φρονίμῳ
1158 676 1290 750 παιδεία,
1302 677 1357 741 καί
1369 673 1409 751 ὥς

159 766 212 831 καί
228 766 370 849 περὶτῶν
384 765 543 865 προτέρων
560 787 613 826 σου
635 757 765 844 δεήθητι.
801 706 907 844 χλιδών
932 761 983 825 ἐπί
1006 763 1141 846 βραχίονι
1166 758 1258 842 δεξιῷ.
1291 761 1322 800 22
1335 756 1411 835 ποῦς

160 847 229 924 2ὡς
241 847 305 912 ἀπὸ
319 871 484 932 προςωπου
497 842 604 926 όφεως,
630 849 716 925 φεῦγε
728 841 767 908 ἀ·
801 844 908 930 μωροῦ
933 837 1024 926 ταχύς
1048 848 1087 918 είς
1112 848 1225 916 οὶκίαν,
1245 839 1412 927 ἄνθρωπος

158 931 202 998 πὸ
217 929 374 1017 άμαρτίας,
388 926 509 1013 ἐάνγάρ
522 927 699 1032 προςελθης,
713 925 767 1012 δή·
802 927 835 992 δὲ
868 921 1050 1010 πολύπειρος
1075 921 1308 1010 αἰσχυνθήσεται
1346 923 1410 989 ἀπὸ
1450 986 1454 991 .

160 1019 242 1094 ξεταί
254 1038 294 1078 σε.
333 1008 450 1087 ὀδόντες
469 1012 589 1086 λέοντος
602 1005 767 1084 οίσδόντες
802 1009 977 1095 προςώπου.
1026 1009 1056 1051 22
1081 1007 1190 1093 ἀφρων
1220 1005 1284 1071 ἀπὸ
1310 1003 1411 1094 θύρας

161 1097 264 1182 αύτής,
277 1094 464 1180 ἀναιροῦντες
473 1092 572 1179 ψυχάς
582 1091 766 1180 ἀνθρώπων.
803 1088 991 1178 παρακύπτει
1005 1094 1043 1167 είς
1053 1088 1241 1215 σίκίαν,ἀν“ηρ
1254 1089 1287 1154 δὲ
1300 1115 1409 1156 πεπαι-

160 1183 175 1224 2
189 1181 231 1255 ὡς
242 1182 378 1264 ῥομφαία
395 1178 534 1258 δίστομος
545 1180 632 1243 πάσα
648 1175 768 1258 ἀνομία,
803 1173 936 1259 δευμένος
948 1173 1006 1252 ἔξω
1019 1171 1166 1257 στήσεται.
1192 1176 1208 1216 2
1229 1172 1412 1240 ἀπαιδευσία

160 1269 200 1356 τῇ
212 1263 312 1354 πληγῇ
325 1258 418 1346 αῦτής
431 1257 488 1326 οῦκ
499 1263 578 1327 ἔστιν
589 1261 675 1336 ἴασις.
688 1259 768 1323 2κα-
803 1253 972 1345 ἀνθρώπου
983 1257 1157 1344 ἀκροᾶσθαι
1166 1251 1252 1342 παρά
1264 1251 1377 1341 θύραν,
1391 1255 1410 1322 ό

160 1342 335 1430 ταπληγμδς
371 1345 424 1410 καί
461 1340 544 1431 ῦβρις
580 1339 767 1430 ίρημάσουσι
803 1342 837 1407 δὲ
875 1338 951 1427 φρόν
984 1366 1019 1416 ος
1041 1335 1262 1427 βαρυνθήσεται
1294 1337 1411 1424 ἀτιμίη.

83 1480 88 1487 -
161 1429 313 1504 πλοῦτον,
347 1423 445 1502 οῦτως
468 1427 552 1502 οίκος
577 1423 767 1512 ὑπερηφάνου
803 1422 957 1528 22ηείληά
1015 1430 1106 1507 τρίων
1124 1426 1155 1489 ἐν
1167 1422 1287 1498 τούτοις
1361 1447 1411 1487 υν-

161 1505 395 1617 ίρημωθήσετακ
434 1511 563 1593 2δέησις
587 1513 711 1594 πτωχοῦ
735 1511 767 1573 έκ
803 1518 945 1593 θησεται,
965 1503 1051 1585 λόγοι
1069 1505 1101 1572 δὲ
1118 1511 1272 1592 φρονίμων
1305 1509 1412 1610 νζυγιξι

163 1617 312 1678 στοματος
337 1597 393 1666 έως
417 1588 518 1656 ὠτίων
536 1589 705 1666 αὐτοῦκαὶ
728 1590 765 1657 τό
805 1585 1024 1674 σταθήσονται.
1050 1591 1118 1653 22ίν
1131 1587 1186 1656 στό
1207 1613 1257 1653 ατι
1269 1593 1410 1674 μωρῦνη

162 1681 252 1763 κρίμα
270 1672 368 1740 αύτσῦ
388 1672 467 1738 κατὰ
486 1673 624 1757 σπουδήν
642 1678 765 1760 ἔρχεται.
804 1675 913 1761 καρδία
924 1670 1041 1749 αύτιῦν,
1053 1673 1163 1759 καρδία
1176 1617 1208 1736 ύύ
1221 1673 1327 1753 σοφῶν
1340 1670 1412 1737 στό-

162 1761 283 1842 2μισοῦν
295 1756 432 1840 ἐλεγμόν,
445 1758 477 1822 έν
488 1759 558 1863 ιἠνει
570 1757 765 1844 ἀμαρτωλοῦ,
804 1785 847 1841 μα
860 1754 969 1823 αύτοῦν.
994 1759 1024 1800 ²⁷
1034 1759 1064 1822 έν
1075 1754 1121 1838 τῷ
1133 1758 1328 1839 καταρᾶσθαι
1341 1752 1413 1821 ἀσε-

162 1846 215 1911 ιιαί
236 1838 254 1907 ὁ
291 1864 309 1905 ο
330 1839 450 1923 ούμενος
472 1863 575 1926 κσριον
594 1844 766 1948 ἐπιστρέψει
803 1839 909 1928 βήτὸν
921 1838 1163 1915 σατανῦν,αίιτὸς
1175 1842 1342 1923 καταρᾶται
1355 1837 1414 1923 τήν

162 1930 196 1994 ίν
206 1865 325 2011 καρύίρ.
352 1922 506 2025 2γνωστὸς
516 1922 671 2009 μακρόθεν
685 1950 702 1988 ο
714 1926 767 1989 δυ-
805 1927 917 1990 έαυτοῦ
929 1919 1036 2008 ψυχήν.
1060 1918 1215 2006 22μολύνει
1227 1920 1282 2005 τήν
1294 1922 1413 1987 ἑαυτοῦ

163 2006 253 2083 νατύς
265 2011 297 2072 δν
311 2006 448 2098 γλωσση,
469 2005 487 2072 ὁ
506 2007 539 2072 δέ
557 2003 674 2092 νοήμων
687 2006 766 2073 οίδιν
805 2004 904 2093 ψυχήν
916 2005 935 2071 ὁ
947 2008 1131 2092 φιθυρίζων,
1156 2008 1209 2071 καὶ
1221 2008 1251 2070 έν
1261 2001 1413 2092 παροική-

162 2094 194 2158 ίν
205 2096 249 2175 τῷ
263 2088 445 2155 ιἰλισθαίνειν
458 2087 562 2155 αὐτόν.
586 2087 634 2155 2ίι
648 2092 767 2158 οίκοδο-
807 2116 848 2158 σει
859 2084 1065 2176 μισηθήσεται.

192 2179 226 2239 ’ν
238 2171 291 2258 τήν
302 2176 397 2237 οίκίαν
409 2171 544 2239 αύτοῦέν
555 2171 699 2259 χρήμασιν
711 2173 768 2239 ἀλ-
988 2179 1064 2240 ΚΕ
1078 2180 1116 2238 Φ.
1158 2171 1247 2239 ΚΒ’.

161 2201 309 2345 λῦτρίοις,
334 2252 375 2331 ὡς
392 2252 411 2321 ὁ
430 2251 567 2335 συνάγων
584 2254 683 2321 αύτοῦ
694 2256 767 2332 τούς
806 2223 926 2343 Λίθῳ
936 2256 1137 2344 ήρδαλωμένῳ
1147 2251 1313 2344 συνεβλήθη
1324 2244 1413 2341 ἀκνή-

162 2340 269 2417 λίθους
281 2344 319 2416 είς
328 2342 465 2424 χειμῶνα.
490 2341 506 2383 ⁹
520 2350 683 2406 στυππεῖον
697 2365 768 2407 συν-
806 2341 873 2428 ρὸς,
892 2343 945 2406 καί
959 2345 1020 2416 πᾶς
1038 2344 1168 2428 ίκσυριεῖ
1182 2343 1233 2407 ἐπί
1249 2346 1288 2435 τι]
1305 2337 1412 2425 ἀτιμίᾳ

163 2450 201 2509 ηγ
222 2427 288 2489 ένον
298 2422 455 2507 συναγωγή
465 2419 595 2506 ἀνόμων,
607 2424 660 2487 καί
674 2421 684 2444 ‘
700 2450 767 2489 συν-
806 2423 911 2528 αὐτοῦζ
937 2424 1089 2527 2βολβίρῳ
1101 2430 1234 2528 ριοπρίων
1247 2423 1413 2528 σωεβληθη

162 2453 259 2574 τέλεια
272 2504 374 2572 αιἰτιῦν
388 2506 464 2587 φλὸξ
475 2503 579 2592 πυρός.
605 2508 634 2551 ¹⁰
647 2450 718 2583 ὁύὸς
730 2503 767 2572 ἀ·
807 2532 946 2593 οκνηρος,
971 2534 1032 2583 πας
1049 2533 1067 2572 ο
1091 2532 1300 2592 αναιρουμενος
1317 2531 1414 2572 αυτον

163 2590 329 2676 μαρτωλεῦν
341 2586 526 2674 ὡμαλισμένη
539 2595 570 2656 ἐκ
582 2592 691 2669 λίθων,
716 2592 768 2654 καί
807 2589 946 2668 ἔκτινάξει
962 2602 1053 2676 χεῖρα.
1083 2592 1098 2635 2
1112 2586 1232 2676 αἰσχύνη
1249 2588 1366 2674 πατρὸς
1382 2592 1414 2653 έν

163 2673 207 2739 ἐπ’
223 2670 339 2759 ἐσχάτῳ
357 2672 450 2757 αὐτῆς
465 2669 584 2760 βόθρος
595 2671 684 2756 ᾅδου.
711 2678 735 2716 22
748 2672 766 2738 ὅ
805 2671 933 2758 γεννήσει
945 2670 1141 2749 ἀπαιδεύτου,
1166 2670 1304 2757 θυγάτηρ
1318 2673 1351 2738 δὲ
1364 2673 1411 2738 ἐπ’

162 2754 324 2837 φυλάσσων
342 2752 433 2837 νόμον
451 2767 634 2842 κατακρατεῖ
651 2760 708 2821 τοῦ
719 2759 768 2822 ἐν·
807 2754 966 2824 ἐλαττώσει
981 2764 1100 2836 γίνεται.
1127 2753 1294 2841 2θυγάτηρ
1308 2763 1413 2839 φρονί-

161 2836 314 2919 νοήματος
331 2837 445 2912 αὐτοῦ,
471 2840 523 2903 καί
542 2839 693 2904 συντέλεια
710 2845 767 2905 τοῦ
805 2868 845 2924 μη
857 2834 1072 2925 κληρονομήσει
1084 2838 1143 2905 άνδ
1162 2837 1300 2922 ααύτής,
1326 2839 1411 2921 ναίὴ

163 2920 261 3007 φόβου
273 2925 378 3023 ιιρυρίού
391 2925 492 3025 σρφία.
519 2919 590 2986 22οῦ
603 2920 767 3007 παιδευθή-
807 2918 1058 3006 καταισχύνουσα,
1083 2927 1121 2995 είς
1139 2865 1237 3004 λύπην
1252 2916 1412 3016 γεννήσαν·

163 3029 245 3070 σεται
270 3028 304 3079 ος
329 3029 385 3068 ουκ
410 3008 473 3068 έστι
499 3008 680 3091 πανοῦργος.
705 3009 767 3072 ἐίττι
807 3030 865 3080 τος.
891 3006 1037 3090 2πατέρα
1049 3004 1100 3067 καί
1112 3001 1207 3086 ἀνδρα
1221 3026 1411 3084 καταισχυνει

162 3092 331 3170 πανουργία
384 3083 588 3233 πληθύνουσα
636 3095 765 3176 πικρίαν.
807 3086 976 3174 ήθρασεῖα,
1000 3090 1052 3152 καί
1069 3082 1130 3152 ἀπὸ
1149 3082 1326 3167 ἀμφοτέρων
1339 3082 1410 3148 ἀτι-

162 3171 303 3247 ”mima
315 3172 414 3250 σοφοῦ
451 3172 766 3259 ςκατακλυσμόςπλη·
804 3166 999 3255 μασθήσεται.
1037 3170 1052 3212 ⁶
1064 3164 1191 3252 μουσικά
1204 3170 1235 3231 ἐν
1246 3168 1351 3231 πένθει
1371 3167 1411 3231 ἀ-

161 3249 364 3335 θυνθήσεται,
389 3254 441 3317 καί
458 3251 477 3337 ή
500 3253 596 3342 βουλή
612 3255 707 3322 αὐτοῦ
727 3257 768 3331 ὡς
804 3278 906 3340 καιρος
919 3249 1063 3337 διήγησις,
1075 3247 1211 3336 μάστιγες
1224 3251 1276 3315 καί
1289 3250 1413 3316 παιδεία

162 3333 243 3421 πηγή
256 3338 338 3419 ζωής.
375 3336 405 3378 22
418 3339 530 3416 ἔγκατα
542 3345 645 3423 μωροῦ
658 3336 699 3416 ὦς
711 3338 767 3418 ἀγ·
805 3339 939 3404 ἐνπαντί
953 3341 1048 3420 καιρῷ
1067 3339 1185 3417 σοφίας.
1210 3334 1413 3412 7συγκολλιῦν

163 3434 241 3501 γεῖον
254 3423 564 3524 συντετριμμένον,καί
575 3429 677 3490 πᾶσαν
688 3427 768 3502 γνιῦ-
807 3419 957 3507 ὄστρακον
975 3415 993 3484 ὁ
1013 3414 1158 3485 διδάσκων
1171 3416 1282 3502 μωρὸν,
1308 3421 1413 3494 ἐξεγεί-

165 3530 210 3570 σιν
222 3503 259 3570 ού
278 3530 426 3589 κρατηοει.
454 3505 481 3549 ¹⁶
495 3503 589 3584 λόγον
607 3505 701 3590 σοφὸν
714 3503 768 3570 ἐάν
806 3529 868 3589 ρων
891 3500 1083 3570 καθεύδοντα
1108 3505 1140 3566 ἐκ
1158 3503 1280 3589 βαθέως
1305 3499 1407 3565 ύπνου.

164 3584 282 3680 ἀκούση
296 3585 476 3672 ἐπιστήμων,
487 3593 593 3655 αίνέσει
606 3588 769 3663 αύτδν,καί
808 3585 1016 3678 θὸιηγσύμενος
1023 3588 1193 3664 νυστάζοντι
1202 3583 1219 3645 δ
1227 3585 1410 3669 διηγούμενος

163 3668 208 3734 ἀπ’
224 3666 318 3733 αὐτόν
331 3667 500 3755 προςθήοει.
519 3670 674 3777 ι’ήκουσενὸ
689 3697 766 3737 σπα-
807 3676 963 3759 μωρῷ,καί
974 3674 1023 3737 ἐπὶ
1034 3671 1179 3751 συντελείᾳ
1191 3672 1258 3754 ἐρεῖ,
1275 3668 1304 3731 τί
1315 3668 1406 3739 ἐστιν,

164 3751 265 3816 ταλῦν
276 3753 328 3816 καί
341 3750 486 3838 ἀπήρεσεν
499 3760 601 3839 αυτῷ,
627 3757 679 3821 καί
691 3751 769 3820 ἀπέ-
808 3762 831 3800 22
840 3761 887 3822 ἐπί
895 3763 987 3842 νεκρῷ
997 3754 1134 3826 κλαῦσαι,
1149 3752 1256 3826 ἐξέλιπε
1268 3746 1322 3834 γὰρ
1333 3752 1410 3847 φῶῥυ

166 3852 290 3918 στρεφεν
303 3833 397 3900 αύτὸν
408 3835 508 3902 ὀπίσω
521 3844 577 3903 τοῦ
596 3835 693 3905 νιύτου
712 3835 769 3902 αύ-
808 3841 861 3905 καί
880 3840 929 3903 ἐπὶ
945 3846 1038 3924 μωρῷ
1055 3840 1199 3909 κλαῦσαν,
1224 3834 1329 3908 ἔξελιπε
1351 3853 1411 3915 γαρ

165 3920 231 3980 τοῦ.
257 3918 286 3960 22
297 3915 432 4001 ἐξήγησις
455 3926 562 4005 μωροῦ
584 3918 625 3996 ὡς
649 3925 680 3986 ἐν
707 3919 770 4002 ὁδῷ
809 3916 928 3994 σύνεσις.
954 3918 1039 4005 ἥδιον
1049 3922 1178 3983 κλαῦσον
1189 3916 1237 3979 ἐπὶ
1247 3916 1350 3996 νεκρῷ,
1364 3909 1412 3977 ότι

166 4003 303 4082 φορτίον,
321 4002 372 4065 ἐπὶ
383 4000 416 4067 δὲ
427 4003 540 4127 ηείλους
552 4009 675 4069 συνετοῦ
688 4001 770 4086 εῦρε-
807 4001 1010 4076 ἀνεπαύσατο,
1024 4005 1082 4066 τοῦ
1095 4000 1127 4065 δὲ
1139 4001 1245 4083 μωροῦ
1259 3993 1335 4076 ῦπὲρ
1348 3992 1414 4059 θά-

165 4076 292 4166 θήσεται
305 4078 395 4166 χάρις.
417 4088 430 4126 2
451 4085 549 4168 στόμα
561 4092 707 4174 φρονίμου
721 4089 769 4192 ζη-
807 4109 896 4150 νατον
913 4081 932 4168 ή
950 4082 1010 4168 ζωή
1029 4081 1159 4167 πονηρά.
1191 4083 1218 4122 22
1230 4082 1345 4153 πένθος
1365 4100 1414 4141 νε-

166 4159 330 4248 τηθήσεται
343 4170 374 4229 ἐν
387 4166 542 4251 ἐκκλησίᾳ,
567 4171 618 4233 καί
630 4167 702 4243 τούς
717 4169 766 4234 λο-
808 4168 882 4253 κροῦ
894 4164 973 4233 ἑπτά
987 4166 1107 4272 ἡμέραν,
1119 4167 1222 4249 μωροῦ
1234 4162 1332 4228 δὲκαὶ
1344 4158 1415 4224 ἀσε-

166 4272 236 4324 γους
250 4245 349 4313 αὐτοῦ
365 4246 595 4333 διανοηθήσεται
608 4255 640 4316 έν
652 4253 769 4337 καρδίη.
807 4256 877 4339 βοῦς
887 4256 984 4317 πᾶσαι
997 4255 1029 4315 αἱ
1038 4252 1146 4333 ημέραι
1154 4252 1206 4330 τής
1219 4248 1295 4329 ζωής
1307 4242 1413 4309 αὐτοῦ.

167 4329 196 4373 ¹⁸
210 4327 251 4405 ὡς
264 4328 344 4405 οίκος
357 4329 553 4415 ἠφανισμένος
567 4331 666 4408 ούτως
677 4342 769 4421 μωρῷ
808 4337 834 4378 ¹³
847 4331 919 4420 μετά
933 4333 1067 4417 ἀφρονος
1082 4329 1122 4414 μή
1140 4326 1298 4430 πληθύνφς
1311 4325 1415 4404 λόγον.

166 4420 271 4497 σοφία,
284 4416 334 4479 καί
344 4419 451 4494 γνῶσις
463 4414 608 4481 ἀσυνέτου
621 4414 770 4495 ἀδιεξέτα·
808 4421 859 4483 καί
876 4414 951 4500 πρὸς
970 4412 1112 4482 ἀσύνετον
1132 4412 1171 4497 μή
1188 4436 1330 4499 πορευου.
1357 4407 1414 4489 φύ·

167 4522 233 4565 στοι
250 4494 342 4578 λόγοι.
369 4500 397 4543 ¹⁹
411 4497 501 4566 πέδαι
518 4499 549 4565 έν
565 4500 656 4568 ποσίν
675 4498 769 4581 ἀνοή-
809 4501 898 4580 λαξαι
910 4497 964 4565 ἀπ’
986 4497 1084 4564 αὐτοῦ
1105 4502 1156 4563 ’ίνα
1166 4493 1208 4578 μή
1226 4494 1323 4562 κόποι
1336 4491 1415 4594 ίχης,

1363 4601 1416 4640 και
