2924 4972
101 356 256 370 *-
409 259 450 322 Ν
456 262 487 321 E
496 262 526 319 Ε
537 260 581 321 Μ
590 261 613 319 Ι
620 256 656 320 Λ
665 257 698 316 Σ
778 261 853 339 Κεφ.
868 253 918 337 ιγ’.
935 258 984 325 13.
1255 261 1321 328 513

76 376 153 461 ὑμεῖς
174 384 348 464 προςτίθετε
373 373 467 460 ὀργὴν
487 374 538 436 ἐπὶ
556 369 680 456 Ἰσραὴλ
715 366 810 455 σάμην
821 370 939 450 αῦτοῦς.
962 375 1015 439 καί
1026 369 1162 452 ἐπάταξα
1174 377 1205 440 ἐν
1216 372 1321 453 αῦτοῖς

73 462 235 548 βεβηλιῦσαι
253 460 290 524 τὸ
310 455 462 545 σάββατον
467 484 480 534 ,·
502 456 534 557 ‘¹⁹
547 456 599 519 καί
615 455 681 531 ἐγέ·
715 453 835 554 ἀνδρας,
853 457 905 520 καί
929 453 1110 544 ἐμαδάρωσα
1136 456 1248 534 αῦτοῦς
1269 461 1322 525 καί

75 569 142 610 νετο
160 539 249 627 ἡνίκα
266 546 453 626 κατέστησαν
469 537 562 604 πυλαι
579 541 611 602 ἐν
624 535 681 601 Ἶε-
715 536 829 619 ὡρκισα
846 535 958 615 αῦτοῦς
978 545 1066 624 ἐντῷ
1079 545 1154 624 θεῷ,
1174 541 1228 607 ἐάν
1239 541 1322 608 ’δῶτε

75 625 231 713 ρουσολίημ
247 623 308 711 πρὸ
325 630 380 689 τοῦ
400 618 564 727 σαρῇθάτου,
576 621 628 685 καί
639 619 680 684 εί-
715 621 770 694 τάς
781 623 952 705 θυγατέρας
961 619 1041 705 ῦμιῦν
1050 637 1115 700 τοῖς
1126 627 1203 698 υίοῖς
1212 621 1321 702 αῦτῶν,

72 736 127 775 πα.
153 712 205 775 καί
214 709 347 773 ἔκλεισαν
355 708 410 783 τὰς
418 709 524 780 πυλας
537 707 588 768 καί
600 701 680 778 εἶπα,
715 706 766 766 καί
785 699 839 768 ε’ἀν
855 699 964 789 λάβητε
985 704 1049 770 ἀπό
1065 713 1127 774 τῶν
1143 709 1322 792 θυγατέρων

74 790 146 868 ῦίςτε
172 791 212 876 μὴ
230 792 384 874 ἀνοιγῆναι
402 789 495 865 αῦτάς
509 792 565 862 ἕως
582 784 680 851 ὀπίσω
716 784 817 851 αῦτιῦν
830 796 894 859 τοῖς
906 790 980 861 υίοῖς
1000 784 1090 869 ῦμιῦν.
1115 793 1146 835 ²⁰
1158 788 1213 876 οῦχ
1224 786 1321 866 οῦτως

73 879 129 940 τοῦ
143 871 305 961 σαββάτου.
332 876 382 940 καί
395 878 499 939 ἐκτῶν
511 870 681 955 παιδαρίων
717 867 827 954 ἥμαρτε
847 866 1005 951 Σαλωμών
1030 869 1165 977 βασιλεῦς
1178 868 1302 959 Ἰσραήλ
1306 902 1320 952 ς

76 983 133 1038 μου
146 958 257 1040 ἕστησα
270 960 321 1021 ἐπί
332 957 386 1033 τάς
403 952 516 1030 πῦλας,
556 951 629 1029 ὥςτε
640 951 681 1037 μη
714 955 765 1017 καί
775 955 806 1016 ἐν
817 955 916 1016 ἔθνεσι
928 952 1053 1026 πολλοῖς
1069 950 1123 1017 οῦκ
1136 979 1173 1036 ην
1183 954 1321 1040 βασιλεῦς

76 1040 168 1121 αίρειν
179 1036 372 1123 βαστάγματα
386 1045 417 1104 ἐν
432 1037 526 1123 ἡμέρᾳ
538 1042 593 1101 τοῦ
606 1040 682 1116 σαβ·
715 1033 819 1119 ὅμοιος
832 1032 985 1117 αῦτῴ,καί
997 1030 1190 1119 ἀγαπώμενος
1201 1042 1246 1120 τῷ
1256 1044 1321 1122 θεῷ

74 1119 115 1207 βά
120 1146 179 1184 του.
207 1124 238 1164 20
248 1125 298 1185 καί
312 1121 498 1205 ηὐλίσθησαν
510 1117 626 1194 πάντες,
631 1120 682 1182 καί
716 1110 761 1203 ἦν,
773 1120 825 1182 καί
837 1117 944 1182 ἔδωκεν
962 1115 1056 1182 αὐτὸν
1073 1113 1090 1182 ὁ
1103 1116 1175 1192 θεὸς
1187 1123 1227 1192 είς
1237 1122 1324 1203 βασι-

76 1208 221 1286 ἐποίησον
237 1209 348 1288 πρᾶσιν
367 1207 427 1279 ἔξω
435 1201 631 1289 Ἰερουσαλὴμ
643 1197 681 1265 ά·
716 1202 771 1266 λεά
790 1203 840 1265 ἐπί
857 1196 960 1265 πάντα
980 1197 1120 1285 Ἰσραὴλ,
1145 1200 1199 1263 καί
1216 1205 1323 1266 τοῦτον

74 1288 138 1362 παξ
150 1287 201 1350 καί
214 1286 267 1360 δίς,
292 1287 382 1350 22καί
395 1280 638 1370 ἐπεμαρτυρόμην
650 1289 681 1348 ἐν
716 1284 862 1361 ἐξέκλιναν
886 1287 921 1347 αῖ
943 1294 1077 1361 γυναῖκες
1099 1286 1133 1347 αί
1157 1278 1321 1367 ἀλλότριαι.

75 1368 190 1445 αὐτοῖς,
202 1373 253 1434 καί
265 1367 334 1433 εἶπα
349 1367 424 1455 πρὸς
440 1363 561 1443 αὐτοῦς.
589 1367 638 1432 διά
650 1371 682 1431 τί
716 1371 745 1411 22
758 1368 810 1432 καί
829 1362 910 1449 ῦμοῦν
926 1365 966 1450 μὴ
986 1363 1187 1449 ἀκουσόμεθα
1199 1369 1325 1449 ποιῆσαι

76 1450 155 1533 ῦμεῖς
168 1452 323 1528 αῦλίζεσθε
336 1450 475 1516 ἀπέναντι
488 1455 543 1516 τοῦ
555 1456 679 1533 τείχουςς
716 1456 819 1515 πᾶσαν
830 1456 976 1533 πονηρίαν
988 1446 1109 1532 ταύτην,
1123 1447 1325 1532 ἀσυνθετῆσαι

76 1535 129 1599 ἐὰν
142 1531 344 1617 δευτεριόσητε,
367 1539 473 1599 ἐκτενῶ
485 1528 567 1620 χεῖρά
579 1558 637 1634 μου
650 1534 680 1595 ἐν
717 1535 748 1597 ἐν
770 1536 815 1615 τῷ
837 1537 901 1614 θεῷ
923 1531 1015 1614 ἡμῶν,
1039 1538 1164 1596 καθίσαι
1183 1542 1324 1609 γυναῖκας

76 1617 152 1700 ὑμῖν.
172 1616 235 1682 ἀπὸ
248 1622 303 1683 τοῦ
316 1621 423 1702 καιροῦ
435 1621 542 1681 ἐκείνου
555 1641 611 1680 ουκ
625 1613 679 1698 ἤλ-
717 1614 812 1680 ἀλλοτ
831 1620 886 1689 ίας.
912 1615 943 1657 ²⁸
956 1618 1007 1679 καί
1029 1613 1095 1679 ἀπό
1117 1618 1190 1679 υίιῦν
1210 1613 1324 1681 Ἰιοιιδά

75 1711 178 1766 θοσαν
190 1704 220 1765 ἐν
238 1706 298 1787 aas]
315 1697 390 1785 ότῳ.
428 1702 459 1742 22
471 1701 522 1764 καί
535 1698 605 1764 εἶπα
616 1709 680 1772 τοῖς
717 1703 771 1762 τοῦ
781 1640 924 1784 ’Βλισοῦβ
940 1701 999 1762 τοῦ
1011 1701 1110 1783 ίερέως
1125 1702 1181 1762 τοῦ
1192 1693 1323 1779 μεγάλου

74 1791 231 1861 Λευίταις,
244 1791 275 1848 οἳ
285 1807 361 1867 ησαν
372 1781 616 1885 καθαριζόμενοι,
627 1782 680 1845 καί
716 1787 842 1863 νυμφίου
861 1785 919 1845 τοῦ
929 1781 1135 1867 Σαναβαλλάτ
1151 1786 1208 1846 τοῦ
1219 1779 1322 1867 Οῦρα-

74 1864 236 1954 ἐρχόιιενοι,
267 1862 467 1951 φυλάσσοντες
492 1891 547 1941 τας
570 1858 679 1938 πάλας,
716 1872 815 1939 νίτου,
841 1865 1050 1950 καίέξίβρασα
1067 1861 1224 1930 αῦτὸνάπ’
1239 1867 1321 1946 ἐμοῦ.

75 1932 199 2030 ἀγιάζειν
223 1948 276 2035 τὴν
294 1949 406 2037 ἡμέραν
430 1953 490 2015 τοῦ
514 1944 677 2053 σαββάτου.
717 1949 747 1991 ²⁹
759 1944 909 2032 μνήσθητι
928 1946 1032 2023 αὐτοῖς
1051 1944 1154 2022 ῦθεάς
1171 1950 1221 2013 ἐπί
1239 1946 1323 2032 ἀγχι-

75 2034 150 2121 πρὸς
162 2040 259 2101 ταῦτα
270 2035 421 2120 μνήσθητί
429 2058 488 2114 μου
501 2029 519 2097 ὁ
532 2042 613 2107 θεος,
627 2031 679 2095 καί
717 2037 798 2114 στείᾳ
811 2036 864 2113 τῆς
883 2035 1041 2116 ίερατείας,
1054 2034 1106 2096 καί
1124 2027 1258 2123 διαθήκη
1269 2036 1323 2116 τῆς

75 2124 176 2200 φεῖσαί
184 2142 242 2201 μου
255 2118 334 2183 κατά
350 2116 388 2182 τά
406 2116 527 2200 πλῆθος
544 2119 601 2181 τοῦ
614 2114 679 2178 ἐλέ·
717 2118 860 2199 ίερατείας
884 2112 1030 2189 καὶτοὺς
1054 2120 1192 2189 Λευίτας.
1226 2117 1258 2160 ³⁰
1271 2117 1323 2181 καί

75 2227 126 2275 ους
140 2227 202 2265 σου.
216 2203 303 2265 22καί
313 2204 344 2265 ἐν
353 2210 419 2273 ταῖς
431 2197 548 2284 ίημέραις
559 2202 678 2272 ἐκείναις
716 2192 885 2282 ἐκαθάρισα
903 2194 1014 2270 αὐτοῦς
1032 2194 1096 2261 ἀπὸ
1113 2193 1217 2279 πάσης
1229 2197 1323 2263 ἀλλο-

75 2283 153 2347 εῖδον
165 2282 238 2356 τοὺς
247 2280 413 2357 Ἰουδαίους
426 2289 458 2345 οἳ
468 2277 612 2346 ἐκάθισαν
622 2307 678 2357 γυ·
715 2276 876 2365 τριιόσεως,
902 2283 954 2343 καί
965 2281 1078 2361 ἔστησα
1091 2283 1248 2382 ἐφημερίας
1259 2293 1322 2356 τοῖς

75 2363 336 2439 ναῖκαςἈζωτίας,
347 2362 561 2445 Ἀμμανίτιδας,
574 2371 678 2428 Μωα-
717 2367 823 2449 ίερεῦσι
836 2364 887 2427 καί
899 2374 963 2436 τοῖς
974 2368 1128 2437 Λευίταις,
1142 2361 1218 2446 ἀνηρ
1231 2358 1272 2438 ὥς
1283 2362 1323 2444 τό

75 2447 201 2533 βίτιδας,
226 2446 323 2509 24καέ
342 2450 373 2510 σί
390 2447 453 2509 υίοί
470 2443 571 2510 αῦτιῦν
589 2442 677 2529 ἥμισυ
716 2449 803 2530 ἔργον
829 2445 936 2510 αὐτοῦ.
962 2447 989 2487 ³¹
1002 2447 1053 2509 καί
1077 2442 1114 2509 τό
1140 2444 1238 2546 δῶρον
1261 2450 1323 2509 τιῦν

77 2528 236 2600 λαλοῦντες
247 2524 412 2603 Ἀζωτιστί,
433 2531 484 2591 καί
496 2526 551 2590 οῦκ
564 2529 635 2592 εἰσίν
647 2531 678 2592 ἐ·
716 2526 888 2614 ξυλοφόρων
901 2532 932 2592 ἐν
945 2540 1056 2612 καιροῖς
1069 2525 1133 2593 ἀπό
1142 2530 1324 2611 χρονων,κσιέ
1393 2581 1403 2592 .

74 2606 300 2709 πιγινυίσκοντες
310 2606 585 2675 λαλεῖνἸουδαίστί.
598 2610 680 2674 25καὶ
717 2614 748 2676 ἐν
765 2626 828 2686 τοῖς
844 2617 1039 2696 βακχουρίοις.
1066 2607 1215 2696 μνήσθητί
1230 2609 1321 2693 μουό

74 2699 259 2778 ἐμαχεσαμην
275 2692 330 2776 μετ’
351 2692 463 2769 αὐτῶν,
487 2694 679 2778 καὶκατηρα-
715 2692 787 2768 θεὸς
799 2690 882 2776 ἡμῶν
895 2700 933 2769 εἰς
946 2692 1156 2778 ἀγαθωσύνην.

454 3015 943 3121 ΤΩΒΙΤ.

261 3208 295 3266 K
306 3208 336 3265 E
349 3206 388 3265 Φ.
431 3197 491 3268 Λ’.
715 3204 863 3286 Νεφθαλέ
875 3210 933 3271 τοῦ
948 3202 1064 3292 πατρός
1081 3234 1139 3290 μου
1152 3204 1272 3290 ἀπέστη
1281 3205 1320 3273 ἀ-

72 3254 203 3372 Βίβλος
221 3280 318 3362 λόγων
339 3285 455 3372 Τωβίτ,
474 3289 528 3350 τοῦ
549 3285 679 3373 Τωβιίηλ,
712 3286 755 3353 πά
768 3293 824 3354 τοῦ
837 3285 1151 3374 οίκουἸεροοολόμων,
1174 3295 1227 3373 τῆς
1240 3291 1320 3355 ἐκλε-

72 3374 128 3432 τοῦ
136 3363 281 3450 Ἀνανιίηλ,
295 3365 493 3451 τοῦἈδουηλ,
503 3374 559 3433 τοῦ
571 3375 677 3456 Γαβα·
712 3378 809 3455 γείσης
821 3370 884 3437 ἀπὸ
901 3377 1009 3436 πασῶν
1028 3378 1090 3436 τῶν
1101 3372 1205 3454 φυλῶν
1214 3371 1319 3457 Ἰσρα-

74 3449 128 3532 ὴλ,
153 3454 185 3515 ἐκ
197 3456 251 3515 τοῦ
266 3452 433 3533 σπέρματος
440 3449 557 3534 Ἀσιηλ,
583 3456 615 3516 ἐκ
627 3458 678 3535 τῆς
713 3451 760 3536 ὴλ,
774 3460 813 3528 είς
825 3452 860 3517 τὸ
873 3449 1023 3528 θυσιάζειν
1034 3450 1133 3527 πάσας
1147 3450 1199 3526 τάς
1211 3451 1317 3533 φυλάς.

70 3534 168 3617 φυλῆς
191 3532 350 3636 Νεφθαλί,
378 3529 439 3608 2ὃς
460 3531 678 3626 ᾐχμαλωτεῦθη
711 3539 762 3598 καί
779 3533 912 3619 ἡγιάσθη
929 3532 947 3600 ὁ
968 3534 1039 3610 ναός
1055 3540 1109 3619 της
1125 3532 1319 3618 κατασκηνιό-

74 3621 105 3682 ἐν
119 3615 238 3700 ἡμέραις
251 3611 457 3702 Ενεμεσσάρου
468 3620 521 3680 τοῦ
533 3616 678 3700 βασιλέως
712 3642 785 3691 σεως
797 3622 854 3682 τοῦ
867 3614 1008 3700 ῦψίστου,
1021 3620 1072 3682 καί
1084 3614 1266 3702 ᾠκοδομήθη
1280 3623 1319 3695 είς

69 3697 229 3784 Ἀσσυρίων
246 3702 278 3763 ἐκ
300 3700 426 3785 Θίσβης,
453 3694 472 3782 ἢ
490 3702 568 3762 ἐστιν
587 3703 619 3764 ἐκ
632 3700 676 3763 δε-
711 3696 812 3774 πάσας
830 3697 885 3774 τάς
900 3697 1001 3776 γενεάς
1021 3703 1079 3765 τοῦ
1096 3704 1213 3777 αίιῦνος,
1239 3702 1319 3768 6καί

74 3784 142 3858 ξιιῦν
154 3784 273 3858 Κυδίως
285 3786 337 3864 τῆς
355 3781 501 3860 Νεφθαλί
517 3784 597 3864 ε’ντῆ
610 3787 678 3847 Γα-
711 3786 806 3846 πᾶσαι
825 3787 858 3847 αἱ
876 3782 968 3862 φυλαί
991 3785 1025 3848 αί
1044 3785 1268 3851 συναποστᾶσαν
1286 3789 1320 3852 ἔ·

74 3864 176 3948 λιλαίᾳ
203 3861 342 3949 ὑπεράνω
364 3862 464 3948 Ἀσήρ.
491 3861 549 3941 ἐγὼ
577 3855 678 3952 Τωβίτ
710 3875 788 3930 θυον
799 3870 837 3957 τῇ
851 3860 946 3929 Βάαλ
957 3872 994 3949 τί)
1013 3864 1150 3949 δαμάλει,
1175 3871 1226 3933 καί
1239 3866 1256 3934 ό
1270 3868 1319 3937 of-

75 3943 158 4024 ὁδοῖς
171 3947 318 4032 ἀληθείας
331 3949 511 4033 ἐπορευόμην
520 3952 571 4014 καί
583 3951 677 4015 δίκαι·
712 3975 762 4024 κος
774 3949 921 4029 Νεφθαλί
933 3938 988 4013 τοῦ
999 3947 1114 4037 πατρός
1125 3977 1190 4034 μου.
1205 3953 1220 3995 ⁰
1233 3952 1318 4037 κᾷγώ

74 4030 178 4116 οσῦνης
199 4031 300 4104 πάσας
321 4028 376 4103 τάς
396 4028 508 4116 ἡμέρας
525 4036 578 4115 τῆς
603 4037 677 4117 ζωῆς
710 4029 799 4116 μόνος
813 4028 994 4118 ἐπορευόμην
1007 4033 1165 4110 πλεονάκις
1178 4032 1319 4124 εἶςἾερο-

72 4141 142 4200 μου.
157 4117 228 4179 3καί
240 4109 436 4197 ἐλεημοσύνας
447 4113 561 4189 πολλάς
574 4119 677 4199 ε’ποίη-
712 4112 825 4199 σόλυμα
839 4118 947 4190 ἐντοῖς
960 4119 1086 4203 ἑορταῖς,
1092 4117 1197 4195 καθώς
1208 4124 1318 4203 γέγρα-

74 4223 114 4263 σο
132 4209 196 4272 τοῖς
214 4195 354 4278 ἀδελφοῖς
369 4221 437 4277 μου,
456 4200 569 4280 καὶτῷ
587 4202 676 4273 ἔθνει,
711 4226 785 4264 πται
798 4202 889 4265 παντί
900 4205 945 4285 τῷ
956 4199 1095 4286 Ἰσραὴλ,
1123 4206 1154 4267 ἐν
1166 4202 1318 4287 προςτοίγ-

71 4292 137 4355 τοῖς
154 4290 385 4364 προπορευθεῖσι
400 4279 458 4361 μετ’
480 4283 551 4361 ἐμοῦ
566 4286 605 4356 εἰς
616 4281 677 4366 105-
711 4307 783 4363 ματι
795 4288 915 4366 αἰωνίῳ,
929 4281 982 4359 τάς
994 4283 1132 4373 ἀπαρχάς
1144 4287 1261 4361 καὶτὰς
1273 4287 1318 4352 δε·

72 4388 131 4468 ραν
147 4361 308 4446 Ἀσσυρίων
326 4366 366 4436 είς
382 4366 505 4445 Νινευῆ.
530 4362 548 4404 ⁴
562 4367 613 4426 καί
629 4359 678 4427 ὅτε
712 4359 806 4440 κοίτας
817 4369 878 4430 τῶν
889 4364 1086 4451 γεννημάτων,
1099 4371 1151 4432 καὶ
1163 4365 1218 4442 τάς
1231 4387 1318 4452 πρω-

69 4447 148 4530 ἠμην
160 4448 191 4509 ἐν
203 4449 241 4535 τῇ
252 4440 335 4529 χώρᾳ
347 4471 405 4526 μου
418 4448 448 4508 ἐν
459 4450 498 4535 τῇ
509 4450 548 4527 γῆ
555 4442 679 4529 Ἰσραὴλ
713 4454 872 4531 τοκουρίας
890 4450 973 4531 ἔχων,
1002 4451 1017 4492 ⁷
1028 4453 1079 4513 καί
1097 4450 1210 4512 ἐδίδουν
1222 4449 1318 4525 αῦτάς

71 4531 216 4610 νεωτέρου
232 4550 292 4610 μου
305 4527 408 4604 ὄντος,
433 4531 520 4592 πᾶσα
530 4517 609 4612 ’φυλὴ
623 4532 677 4592 τοῦ
714 4539 777 4604 τοῖς
798 4531 901 4613 ίερεῦσι
924 4541 988 4604 τοῖς
1010 4530 1086 4604 υίοῖς
1101 4526 1220 4614 Ἀαρών
1241 4528 1318 4633 πρὸς

859 4609 925 4673 Kk
1288 4636 1331 4674 το
