2924 4972
112 322 237 333 .....
359 229 712 290 τιΑΡοιΜιΑι
751 224 1029 310 κεφωηῑιοίεε.
1048 225 1097 290 19.
1286 226 1351 330 σεε

109 345 202 424 καιρῷ
216 343 410 415 ἐπονείδιστος
423 345 515 405 ἔσται.
540 339 602 404 2σύ
615 345 714 423 χρείαν
928 346 1053 404 ΚΕΦ.
1096 339 1166 404 1Θῖ
1261 398 1265 405 .

112 426 167 506 ἔχει
178 427 286 504 σοφίας
295 423 390 505 ίνδεής
403 428 525 503 φρενῶν,
534 422 646 502 μᾶλλον
654 421 713 506 γάρ
748 389 934 497 4Πλοῦτος
950 429 1128 508 προςτίθησι
1151 424 1257 501 φίλους
1275 421 1352 489 πολ-

111 507 212 582 ἀγεται
226 502 388 590 ἀφροσύνη.
408 502 502 569 3ὅταν
515 503 595 593 ἔλθη
608 502 715 589 ἀσεβής
748 503 828 580 λοὺς,
843 501 860 569 ό
874 504 906 567 δὲ
918 503 1034 588 πτωχός
1046 511 1097 571 καί
1109 506 1172 571 ἀπὸ
1185 511 1239 571 τοῦ
1254 502 1351 592 ῦπάρ·

111 594 151 662 εἰς
163 584 261 674 βάθος
273 578 382 663 κακῶύ,
395 599 583 671 καταφρονεῖ,
598 590 715 670 ἐπέρχι-
747 612 850 672 χοντσς
862 586 951 666 φίλου
963 586 1101 653 λείπεται.
1127 590 1140 632 ⁵
1153 585 1264 672 μάρτυς
1278 611 1352 671 ψευ-

110 696 159 735 ται
170 671 201 736 δὲ
212 670 297 753 αὐτῷ
307 669 409 752 ἀτιμία
419 672 469 734 καί
479 670 597 743 ὄνειδος.
612 668 714 751 2ῦδωρ
749 669 801 751 δίης
812 668 866 734 οῦκ
880 665 1062 754 ἀτιμώρητος
1076 675 1175 748 ἐίτται,
1188 672 1205 736 ό
1218 671 1250 735 δὲ
1263 675 1352 747 ἐγκα-

109 753 194 839 βαθύ
208 749 297 830 λόγος
310 758 340 817 ἐν
352 755 458 839 καρδίη
473 752 593 839 ἀνδρὸς,
616 778 715 817 ποτα·
749 753 809 817 λῶν
821 750 930 827 ἀδίκως
947 750 983 816 οῦ
997 751 1189 834 διαφεύξεται.
1216 753 1353 818 2πολλοί

110 835 164 918 μός
195 835 226 900 δὲ
254 832 416 919 ἀναπηδύει
445 839 496 901 καί
526 833 605 919 πηγή
631 838 713 918 ζωῆς.
748 831 948 919 θεραπεύουσι
960 831 1107 919 πρόςωπα
1118 838 1273 922 βασιλέων,
1292 840 1353 910 πᾶς

113 913 289 1000 2θαυμάσαι
302 915 466 1004 πρόςωπον
479 919 604 1003 ἀσεβοῦς
614 917 651 982 ού
661 944 715 982 κα-
748 919 780 983 δὲ
794 917 811 982 ό
824 914 915 992 κακός
926 924 1036 994 γίνεται
1049 916 1157 994 ὄνειδος
1167 919 1259 1004 ἀνδρί.
1274 921 1353 993 7πάς

110 1004 177 1083 λόν,
201 1004 271 1073 οὐδὲ
289 1003 372 1074 δ’σιον
395 1007 530 1071 ἐκκλίνειν
546 1003 583 1070 τό
599 1007 714 1072 δίκαιον
748 1002 781 1081 ὃς
800 1004 928 1087 ἀδελφόν
939 1004 1059 1090 πτωχόν
1069 1017 1159 1087 μισεῖ,
1184 1010 1235 1071 καί
1253 1005 1352 1086 φιλίας

111 1093 141 1152 ἐν
153 1096 250 1172 κρίσει.
264 1091 368 1192 θχειλη
381 1089 509 1192 ἀφρονος
524 1087 646 1165 ἀγουσιν
658 1086 714 1153 αῦ-
747 1088 863 1173 μακράν
879 1092 972 1153 ἔσται.
998 1093 1098 1153 ἔννοια
1117 1086 1223 1171 ἀγαθή
1237 1099 1301 1162 τοῖς
1313 1092 1352 1152 εί·

110 1170 164 1236 τόν
181 1176 220 1245 είς
237 1198 331 1247 κακα,
356 1173 391 1234 τὸ
410 1171 442 1236 δε
456 1167 551 1252 στόμα
569 1170 663 1236 αὑτοῦ
678 1171 713 1237 τὸ
749 1168 832 1237 δόσιν
846 1168 940 1255 αὑτήν
953 1173 1053 1249 έγγιεῖ,
1080 1169 1153 1256 ἀνήρ
1169 1172 1201 1235 δὲ
1214 1166 1353 1253 φρόνιμος

110 1253 213 1338 θρασύ
226 1249 362 1319 θάνατον
374 1253 565 1319 ἐπικαλεῖται.
592 1257 605 1297 ¹
619 1250 714 1336 στόμα
748 1250 859 1340 εὑρήσει
872 1248 973 1337 αὑτήν.
987 1251 1116 1319 όπολλά
1125 1256 1297 1319 κακοποιῶν
1306 1277 1352 1316 τε-

111 1334 242 1419 ἀηρονος
260 1333 399 1421 συντριβή
413 1335 512 1419 αύτῷ,
538 1336 576 1402 τά
589 1337 619 1402 δὲ
636 1337 714 1420 χείλη
749 1338 909 1421 λεσιουργεῖ
923 1344 1043 1413 κακίαν,
1069 1333 1102 1413 ός
1120 1336 1152 1402 δὲ
1167 1339 1285 1421 έρεθίζει
1299 1332 1353 1400 λό-

110 1417 210 1482 αύτοῦ
221 1419 310 1496 παγίς
321 1424 358 1501 τῆ
373 1424 453 1522 ψυχῇ
467 1417 570 1485 αὐτοῦ.
596 1419 712 1503 Βόκνη·
748 1446 819 1498 γους
844 1418 879 1482 οὐ
907 1415 1085 1504 σωθήσεται.
1129 1416 1180 1484 ⁸5
1206 1414 1353 1500 κτώμενος

110 1499 181 1581 ρούς
198 1491 374 1587 καταβάλλει
392 1507 496 1589 φοβος,
510 1503 605 1586 ψυχαί
616 1503 647 1568 δὲ
662 1500 714 1566 ἀν·-
749 1499 887 1588 φρόνησιν
897 1499 1003 1584 ἀγαπᾷ
1015 1499 1134 1577 ἑαυτόν,
1147 1498 1180 1576 ὃς
1191 1502 1223 1567 δὲ
1235 1497 1353 1580 φυλάσ-

111 1578 261 1667 δρογύνων
280 1581 475 1650 πεινάσουσιν.
506 1585 552 1650 2ό
570 1585 609 1668 μή
627 1582 714 1667 ίῶμε-
749 1611 790 1650 σει
803 1580 956 1670 φρόνησιν,
982 1582 1094 1670 εὑρήσει
1107 1581 1222 1662 ἀγαθά.
1249 1580 1353 1689 9μάρ-

110 1693 162 1742 νος
179 1663 271 1731 αῦτόν
283 1670 314 1732 ἐν
329 1679 390 1744 τοῖς
409 1671 505 1753 ε’·’ργοις
518 1668 616 1733 αὑτοῦ
628 1666 710 1734 ἀδελ·
748 1694 800 1744 τυς
812 1669 921 1753 ψευδής
933 1666 987 1733 οῦκ
999 1665 1182 1754 ἀτιμώρητος
1196 1672 1277 1732 ἐίνται
1283 1713 1294 1743 ,
1319 1665 1352 1742 ἀς

110 1747 167 1828 φάς
192 1754 252 1814 ἐστι
277 1755 332 1815 τοῦ
361 1751 569 1832 λυμαινομένου
594 1748 712 1816 ἑαυτόν.
749 1749 776 1816 δ’
793 1750 831 1816 ἀν
843 1748 975 1836 ίκκαύση
987 1758 1108 1828 κακίαν,
1132 1749 1287 1816 ἀπολεῖται
1301 1747 1347 1817 ὑπ’

108 1835 137 1874 ¹⁰
150 1837 181 1896 ἐκ
206 1830 413 1916 μεγαλωσύνης
433 1834 530 1918 ίσχύος
548 1832 642 1918 ὄνομα
660 1861 713 1899 κυ-
749 1831 849 1918 αὐτῆς.
875 1839 904 1879 ¹⁰
917 1824 1105 1918 οῦσυμφέρει
1119 1833 1229 1917 ἀφρονι
1244 1832 1351 1918 τρυφή,

108 1921 187 2018 ρίου,
213 1915 297 1999 αὐτῷ
310 1917 342 1981 δὲ
354 1915 588 2002 προςδραμόντες
604 1920 712 1984 δίκαιοι
748 1919 798 1981 καί
816 1915 868 1983 ἐάν
887 1921 1002 2001 οἰκέτης
1019 1918 1142 2002 ἀρξηται
1162 1915 1225 1999 μεθ’
1242 1913 1352 2002 ῦβρεως

110 2003 268 2080 υφοῦνται.
282 2002 305 2042 ¹¹
314 1997 435 2085 ῦπαρξις
447 1999 596 2066 πλουσίου
606 2000 713 2086 ἀνδρὸς
748 1997 937 2067 δυναστεύειν,
963 2005 988 2043 ¹¹
1000 1999 1130 2086 ἐλεήμων
1147 1999 1222 2085 ἀνήρ
1238 2026 1351 2084 μακρο-

108 2079 195 2156 πόλις
218 2079 324 2167 όχυρά,
350 2078 368 2165 ή
387 2082 420 2147 δὲ
438 2077 511 2160 δόξα
530 2081 622 2168 αῦτής
638 2087 713 2167 μέγα
747 2094 848 2165 θυμεῖ,
873 2084 909 2148 τό
924 2083 955 2149 δὲ
971 2083 1108 2169 καύχημα
1125 2082 1220 2149 αὑτοῦ
1234 2087 1303 2167 ἐπέρ
1321 2107 1350 2145 ε-

109 2162 272 2240 ίπισκιάζει.
296 2168 324 2207 ¹²
338 2165 399 2250 πρό
413 2170 565 2310 συντρηβής
581 2165 712 2247 ὑψοῦται
748 2190 797 2229 ται
812 2164 1006 2249 παρανόμοις.
1045 2170 1072 2208 ¹²
1084 2165 1229 2252 βασιλέως
1245 2109 1350 2246 ἀπειλή

108 2249 216 2331 καρδία
229 2245 346 2325 ἀνδρός,
368 2246 491 2330 καίπρὸ
524 2244 590 2348 όξης
608 2273 709 2310 ταπει-
748 2243 839 2327 όμοία
850 2253 970 2333 βρυγμῷ
983 2249 1113 2321 λέοντος,
1126 2245 1221 2329 ῶςπερ
1234 2248 1266 2312 δὲ
1280 2244 1351 2332 δρό-

109 2335 218 2393 νοῦται.
244 2331 272 2370 ¹³
286 2326 319 2401 δς
332 2326 524 2411 ἀποκρίνεται
538 2329 629 2404 λογον
641 2332 711 2407 πρίν
748 2353 800 2403 σος
812 2333 861 2392 ἐπί
864 2327 969 2429 χόρτῳ
981 2327 1076 2401 οὑτως
1087 2326 1121 2391 τὸ
1133 2329 1236 2407 ἱλαρὸν
1245 2326 1351 2392 αὑτοῦ.

109 2404 388 2509 ἀκοῦσαι,ἀφροσύν
417 2407 711 2490 αύτῶέστικαίόνει-
748 2412 908 2494 13αἰοχυνη
936 2415 1030 2495 πατρί
1056 2407 1118 2483 υίός
1143 2409 1265 2494 δίφρων,
1296 2409 1351 2494 οῦχ

109 2495 169 2566 δσς.
195 2491 224 2532 ¹⁴
237 2501 335 2573 θυμον
352 2435 459 2574 ἀνδρός
477 2485 601 2577 πραύνει
617 2489 711 2575 θερά-
748 2489 837 2569 ἀγναί
849 2491 931 2575 εὐχαί
942 2491 1004 2557 ἀπὸ
1017 2487 1211 2574 μισθώματος
1224 2494 1350 2573 ἑταίρας.

107 2597 175 2637 πων
193 2568 345 2657 φρόνιμος,
371 2572 552 2658 όλιγόψυχον
570 2575 603 2640 δὲ
616 2573 711 2658 ἀνδρα
748 2573 867 2641 12οίκον
879 2577 931 2639 καί
945 2571 1066 2657 ῦπαρξιν
1077 2577 1219 2656 μερίζουσι
1229 2577 1352 2659 πατέρες

108 2661 153 2730 τίς
166 2652 295 2734 ὑποίσεις
320 2657 469 2759 1ζκαρδία
482 2661 625 2740 φρονίμου
638 2662 710 2722 κτῶ·
748 2660 842 2734 παισί,
854 2658 940 2742 παρὰ
953 2657 984 2723 δὲ
998 2663 1098 2743 κυρίου
1111 2654 1266 2740 ἁρμόζεται
1277 2655 1350 2742 γυνή

107 2765 157 2804 ται
173 2742 322 2821 αἴσθησιν,
337 2764 401 2802 ωτα
414 2740 447 2803 δὲ
461 2743 592 2820 σοφῶνζ
611 2751 654 2804 τεῖ
665 2744 711 2804 ἔν-
748 2738 841 2826 ἀνδρί.
880 2743 907 2784 ¹⁵
921 2740 1011 2806 δειλία
1032 2744 1143 2825 κατέχει
1162 2738 1352 2826 ἀνδρόγυνον,

106 2848 198 2887 νοιαν.
224 2824 252 2865 ¹⁶
264 2817 343 2906 δόμα
360 2817 524 2908 ἀνθρώπου
536 2768 712 2907 ε’μπλατύνει
749 2825 826 2909 ψυχή
839 2823 871 2890 δὲ
884 2821 993 2910 ἀεργοῦ
1006 2821 1142 2890 πεινάσει.
1156 2821 1224 2900 16ὃς
1235 2819 1353 2906 φυλάσ-

107 2903 216 2983 αῦτόν,
232 2908 283 2969 καί
295 2905 379 2991 παρὰ
392 2903 547 2982 δυνάσταις
559 2906 711 2983 καθιζάνει
748 2933 788 2973 σει
801 2906 939 2991 ἐντολήν,
958 2921 1043 2994 τηρεῖ
1053 2909 1106 2993 τήν
1121 2911 1229 2974 ἑαυτοῦ
1241 2907 1352 2993 ψυχήν,

107 2985 209 3054 αὐτόν.
224 2989 367 3064 17δίκαιος
379 2991 488 3054 ἑαυτοῦ
501 2986 666 3076 κατήγορος
679 2994 710 3056 ἐν
748 2988 815 3056 όδὲ
840 2997 1037 3078 καταφρονῶν
1058 2997 1118 3056 τῶν
1139 2996 1250 3057 ἑαυτοῦ
1273 2990 1352 3057 ὁδῶν

106 3071 314 3155 πρωτολογίᾳ,
340 3071 420 3148 ὡςδ
437 3070 474 3138 ἀν
487 3075 612 3167 ἐπιβάλη
626 3070 644 3138 ό
657 3072 711 3138 ἀν-
749 3072 915 3140 ἀπολιῖτιιι.
952 3078 979 3118 ¹¹
992 3078 1112 3152 δανείζει
1136 3081 1201 3161 θεῶ
1222 3072 1240 3140 ό
1263 3075 1352 3140 ἐλεῶν

105 3157 213 3229 τίδικσς
226 3157 379 3239 ἐλέγχεται.
398 3158 427 3199 ¹⁸
441 3154 609 3234 ἀντιλογίας
622 3155 711 3222 παύει
748 3157 881 3243 πτωχόν,
905 3156 983 3224 κατά
1001 3158 1033 3226 δὲ
1046 3157 1081 3226 τό
1098 3155 1177 3241 δόμα
1191 3158 1287 3224 αὑτοῦ
1300 3158 1352 3223 ἀν·

108 3237 234 3321 σιγηρός,
250 3243 279 3301 ἐν
292 3237 322 3304 δι’
336 3241 516 3315 δυναστείαις
529 3239 621 3325 ὁρίζει.
638 3238 711 3304 12ἀ-
748 3239 914 3308 ταποδιάσει
927 3241 1019 3326 αὐτῷ.
1036 3245 1065 3286 ¹⁸
1074 3245 1194 3309 παίδευε
1207 3241 1272 3308 υἱόν
1285 3267 1352 3315 σου,

108 3321 212 3400 δελφὸς
226 3318 285 3385 ὑπὸ
300 3319 429 3423 ἀδελφοῦ
439 3325 659 3467 βοηθοιίμενος,
671 3319 712 3398 ῶς
749 3321 845 3401 οῦτως
856 3325 914 3410 γάρ
929 3328 1012 3390 ἔσται
1025 3325 1154 3400 εύελπις,
1176 3331 1215 3399 είς
1227 3326 1258 3388 δὲ
1273 3321 1353 3410 ῦβριν

107 3399 195 3479 πόλις
208 3403 299 3487 ὀχυρά
310 3409 360 3468 καί
374 3426 437 3489 υψη
459 3405 491 3488 ή,
512 3407 596 3491 ἰσχύει
610 3408 640 3470 δὲ
654 3403 711 3481 ῶς·
748 3407 788 3491 μή
802 3411 931 3489 ίπαίρου
944 3412 981 3488 τῆ
994 3413 1072 3490 ψυχή
1082 3433 1143 3471 σου.
1159 3402 1353 3487 1’ἕκακόφρων

105 3512 161 3570 περ
176 3487 418 3566 τεθεμελιωμένοι
430 3489 588 3571 βασίλειον.
606 3492 636 3532 ²⁰
648 3484 710 3551 ἀπό
749 3487 824 3590 ἀνήρ
834 3488 934 3554 πολλὰ
948 3477 1175 3570 ζημιωθήσεται,
1186 3486 1238 3549 ε’ἀν
1247 3486 1278 3550 δὲ
1287 3487 1353 3551 λοι-

106 3573 231 3654 καρπῶν
245 3566 393 3647 στόματος
406 3566 482 3651 ἀνήρ
491 3571 637 3651 πίμπλησι
647 3593 710 3632 κοι-
748 3595 884 3652 μευηται,
910 3573 962 3633 καί
975 3567 1027 3653 τήν
1040 3570 1138 3653 ψυχήν
1151 3565 1247 3634 αὑτοῦ
1259 3594 1352 3653 προς-

106 3652 176 3716 λίαν
193 3648 302 3723 αὑτοῦ,
329 3647 392 3714 ἀπὸ
410 3649 442 3714 δὲ
460 3655 585 3731 καρπῶν
597 3651 712 3734 χειλέων
749 3646 844 3735 θήσει.
870 3656 902 3698 ²⁰
916 3650 1006 3717 ἀκουε
1024 3652 1068 3716 vti
1081 3654 1216 3718 παιδείαν
1235 3648 1353 3735 πατρός

108 3733 206 3800 αὐτοῦ
219 3730 468 3816 ἐμπλησθήσεται.
482 3731 649 3806 22θάνατος
662 3736 712 3796 καί
750 3759 817 3810 σου,
835 3740 884 3799 ἵνα
897 3735 990 3816 σοφός
1001 3739 1069 3817 γένη
1083 3734 1126 3801 ἐπ’
1142 3734 1273 3819 ἐσχάτων
1286 3762 1352 3802 σου.

108 3818 167 3903 ζωή
178 3823 208 3883 ἐν
218 3820 289 3902 χειρί
298 3811 440 3899 γλώσσης,
449 3819 480 3880 σί
492 3815 524 3880 δὲ
537 3821 713 3919 κρατοῦντες
750 3821 775 3859 ²¹
789 3818 899 3882 πολλοὶ
916 3809 1058 3901 λογισμοί
1065 3822 1095 3883 ἐν
1110 3821 1218 3903 καρδίᾳ
1233 3817 1352 3905 ἀνδρός,

108 3900 200 3984 αὐτῆς
223 3901 339 3966 ἔδονται
356 3899 428 3975 τούς
450 3926 586 4005 καρπουχ
611 3897 710 3983 αύτής.
750 3898 813 3986 ήδὲ
829 3900 924 3987 βουλή
946 3907 999 3967 τοῦ
1022 3909 1125 3989 κυρίου
1137 3908 1177 3978 εἰς
1193 3902 1246 3968 τόν
1258 3909 1353 3969 αἰῶνα

109 3981 178 4059 22ός
191 3976 253 4068 εὗρε
265 3993 392 4061 γυναῖκα
405 3981 537 4067 ἀγαθήν,
551 3978 711 4086 ευρεχάρι·
748 3989 833 4068 με’νει.
871 3986 901 4028 22
921 3984 1035 4068 καρπός
1060 3985 1145 4073 ἀνδρὶ
1167 3986 1231 4071 ἐλεη
1253 3984 1353 4068 οσύνη,

109 4093 172 4142 τας,
191 4069 249 4133 ἔλα
268 4091 297 4131 εν
309 4064 340 4130 δὲ
354 4066 437 4152 παρά
450 4071 526 4131 θεοῦ
538 4068 710 4150 ίλαροτητα.
749 4075 888 4153 κρείσσων
897 4068 927 4134 δὲ
936 4017 1354 4155 πτιυχόςδίκαισςήπλούσιος

109 4146 142 4225 ός
155 4146 226 4236 ἐκβά
296 4160 422 4227 γυναῖκα
435 4147 566 4233 ἀγαθήν,
580 4148 712 4236 ἐκβάλλει
749 4153 865 4256 ψευδής.
890 4155 920 4196 ²³
933 4149 1026 4240 φόβος
1042 4158 1142 4238 κυρίου
1160 4160 1198 4229 εἷς
1211 4152 1287 4239 ζωήν
1300 4151 1354 4218 ἀν-

109 4231 149 4297 τά
168 4232 288 4310 ἀγαθά,
315 4228 332 4298 ὁ
357 4231 389 4297 δὲ
405 4237 536 4316 κατέχων
557 4234 712 4317 μοιχαλίδα
750 4237 811 4321 δρί,
830 4237 893 4303 οδὲ
906 4235 1019 4323 ἀφοβσς
1030 4234 1243 4320 αῦλισθήσεται
1256 4241 1287 4302 ἐν
1298 4231 1352 4299 τό·

109 4314 215 4397 ἀφρων
226 4320 277 4382 καί
289 4313 403 4402 ἀσεβής.
418 4318 543 4397 C.19,3.
559 4312 712 4398 ἀφροσύνη
749 4344 833 4393 ποις,
862 4311 900 4386 οῦ
927 4319 982 4385 οῦκ
1010 4325 1210 4387 ίπισκοπεῒται
1233 4322 1351 4398 γνῶσις.

110 4396 215 4481 ἀνδρὸς
239 4399 407 4480 λυμαίνεται
429 4400 483 4474 τάς
501 4395 590 4473 ὁδούς
608 4397 711 4473 αὑτοῦ,
749 4399 780 4441 22
793 4398 810 4465 ό
825 4399 996 4486 ἔγκρύπτων
1014 4410 1052 4480 είς
1065 4402 1119 4469 τόν
1132 4400 1245 4467 κόλπον
1257 4398 1353 4465 αὑτοῦ

108 4478 163 4544 τόν
176 4480 207 4544 δὲ
216 4478 287 4546 θεόν
298 4485 428 4546 αἰτιᾶται
444 4485 481 4576 τῇ
489 4481 597 4566 καρδίη
608 4478 710 4547 αὑτοῦ.
749 4495 844 4568 χεῖρας
858 4485 976 4563 ἀδίκως,
990 4486 1059 4551 οῦδὲ
1072 4491 1116 4570 τῷ
1131 4481 1254 4568 στόματι
1265 4480 1303 4546 οὑ
1312 4481 1353 4564 μή

1263 4589 1354 4648 προς·
