2924 4972
150 211 215 278 σοι
355 206 646 272 mmmm
670 208 831 269 rma
868 206 945 282 Κεφ.
959 198 1006 278 «ς’.
1020 197 1068 279 ιε’.
1086 201 1199 269 1517.

169 325 284 399 ασιλεύς
297 323 353 388 οὐκ
366 313 403 407 ἦν
415 326 446 386 ἐν
458 327 566 404 Συρίη.
588 323 695 408 Νασὶβ
706 322 757 383 καὶ
790 324 891 403 κυρίου
903 317 980 424 πρὸς
989 314 1106 382 Ἠλιού.
1130 321 1144 360 ³
1157 321 1288 404 πορεύου
1300 325 1403 389 ἐντεύ-

150 437 167 475 ο
192 406 328 497 βασιλεύς
353 404 509 484 Ἰωσαφὰτ
534 407 654 486 ἐποίησε
685 407 758 467 ναῦν
789 412 843 465 θεν
866 425 947 466 κατα
964 398 1129 477 ἀνατολὰς,
1154 404 1205 466 καὶ
1221 402 1349 489 κούβηθι
1371 410 1405 472 ἐν

151 499 188 568 εἰς
205 492 319 576 Θαρσὶς
334 486 514 575 πορεύεσθαι
532 491 571 560 εἰς
583 487 691 571 Σωφὶρ
708 488 759 549 ἐπὶ
790 489 835 567 τῷ
851 478 996 570 χειμάρρῳ
1016 483 1150 570 Χοβρὰθ
1167 489 1225 549 τού
1240 462 1292 551 ἐπὶ
1308 514 1404 573 προς·

151 577 187 642 τὸ
212 579 340 660 χρυσίον.
366 572 417 636 καὶ
441 568 495 635 οόκ
520 564 685 655 ἐπορεύθη,
711 564 758 632 ὅτι
791 565 877 630 ώπου
894 571 952 630 τού
965 565 1132 652 Ἰορδάνου.
1169 567 1251 633 4καὶ
1268 573 1353 636 ἔσται
1370 576 1405 637 ἐκ

152 660 302 805 συνετρίβη
328 653 347 739 ἡ
369 657 440 729 ναύς
459 656 490 716 ἐν
506 651 630 717 Γασιιόν
646 654 757 736 Γαβέρ.
791 654 846 714 τοῦ
862 647 1019 734 χειμάρρου
1039 655 1138 715 πίεσαι
1151 645 1249 736 ὕδωρ,
1274 656 1325 718 καὶ
1337 667 1404 731 τοῖς

152 738 221 807 τότε
246 762 324 804 επεν
350 733 367 802 5
385 732 520 824 βασιλεὺς
541 734 665 820 Ἰσραὴλ
681 760 706 799 π
725 734 759 808 ὸς
792 728 914 818 κόραξιν
927 733 1095 814 ἐντελοῦμαι
1109 735 1275 820 διατρέφειν
1289 763 1321 802 σε
1334 742 1401 802 ἐκεῖ.

150 819 313 903 Ἰωσαφάτ.
347 819 536 896 ἐξαποστελῶ
560 817 630 893 τοὺς
647 759 758 891 παῖδάς
792 817 870 879 5καὶ
887 818 1022 900 ἐποίησεν
1036 814 1150 881 Ἠλιοδ
1170 817 1303 885 κατὰτὸ
1323 824 1404 926 ρ’μα

152 932 210 972 σου
235 910 286 971 καί
304 900 343 967 τά
360 895 507 985 παιδάρια
522 927 581 986 μου
599 904 629 964 ἐν
646 905 683 992 τῇ
701 901 756 982 νηῒ,
791 905 909 984 κυρίου,
935 902 987 963 καὶ
999 894 1136 966 ἐκάθισεν
1147 902 1179 965 ἐν
1191 906 1237 984 τῷ
1255 849 1401 989 χειμαδρῳ

152 991 203 1055 καί
216 988 271 1055 οὐκ
284 983 422 1074 ἐβούλετο
431 979 593 1067 Ἰωσαφάτ.
616 986 668 1049 καὶ
680 988 757 1049 ἐκοι-
793 980 928 1068 Χορῤάθ
937 983 988 1046 ἐπὶ
997 980 1159 1068 πρσςώπου
1170 989 1226 1050 τοῦ
1234 983 1400 1072 Ἰορδάνου.

150 1070 234 1178 αηθη
255 1067 410 1151 Ἰωσαφάτ
432 1066 507 1151 μετὰ
531 1072 592 1133 τῶν
616 1069 757 1152 πατέρων
792 1066 871 1128 6καὶ
887 1068 920 1129 ol
937 1061 1060 1173 κόρακες
1072 1070 1123 1148 έφε
1161 1066 1277 1150 ναύτῷ
1289 1070 1402 1154 άρτους

152 1157 261 1231 αυτοῦ,
281 1156 333 1218 καὶ
343 1148 493 1218 θάπτεται
506 1148 579 1237 μετὰ
592 1154 652 1215 τῶν
664 1152 759 1214 πατέ·
791 1148 918 1234 τοπρωῒ,
935 1174 986 1214 και
999 1153 1072 1235 κρέα
1084 1176 1103 1215 τ
1138 1149 1223 1234 εέλης,
1236 1153 1288 1214 καὶ
1300 1155 1331 1214 ἐκ
1344 1159 1402 1217 τοῦ

151 1263 213 1388 ρων
225 1235 321 1302 αὐτοῦ
334 1239 366 1300 ἐν
376 1232 461 1299 πόλει
473 1235 579 1300 Δαυίδ.
593 1234 645 1297 καὶ
658 1235 756 1319 ἐβασί·
791 1227 947 1336 χειμάρρου
960 1235 1057 1298 ἔπινεν
1071 1229 1162 1320 ὕδωρ.
1198 1234 1211 1276 ⁷
1224 1235 1276 1299 καὶ
1287 1237 1400 1312 ἐγένετο

170 1345 249 1387 ευσεν
261 1317 373 1406 Ἰωράμ
388 1317 451 1393 υἱός
464 1313 559 1382 αότοῦ
578 1314 637 1382 ἀντ’
654 1313 757 1381 αὐτοῦ.
790 1325 850 1396 μεθ
871 1316 994 1400 ημέρας,
1019 1318 1071 1381 καὶ
1089 1311 1237 1402 ἐξηράνθη
1255 1313 1401 1404 ὁχειμάβ-

152 1407 222 1467 2θέν
235 1407 290 1468 ἐτει
303 1403 388 1467 δευτέ
414 1466 421 1483 ,
443 1397 663 1480 τούἸωσαφάτ
674 1403 759 1486 βασι·
791 1400 877 1482 ρους,
902 1393 950 1461 ὅτι
977 1397 1032 1463 οὐκ
1049 1402 1163 1478 ἐγένετο
1181 1396 1265 1476 ἐνετὸς
1281 1405 1331 1466 ἐπὶ
1349 1408 1401 1506 της

152 1488 226 1560 λέως
240 1481 341 1549 ’Ῑούδα
361 1427 475 1567 ’,ἐρχόδβ
492 1481 554 1557 υἶός
567 1480 670 1568 Ἀμβρέ
686 1485 758 1568 ἐβα-
790 1486 852 1563 γῆς.
879 1482 959 1545 8καλ
977 1484 1091 1560 ἐγένετο
1108 1487 1188 1568 ῥῆμα
1205 1490 1307 1570 κυρίου
1323 1511 1401 1571 προς

153 1569 281 1635 σίέκυσεν
297 1567 348 1630 ἐπὶ
361 1563 482 1651 Ἰσραὴλ
498 1569 529 1630 ἐν
536 1568 698 1650 Σαμαρείᾳ
717 1564 759 1629 εί-
789 1559 908 1629 Ἠλιού.
934 1560 1129 1648 οἀνάστηθι,
1154 1568 1205 1631 καὶ
1218 1564 1347 1650 πορεύου
1360 1574 1400 1643 εές

151 1677 218 1716 κοσι
236 1645 353 1716 καὶδύο
367 1651 427 1731 ἐτη.
454 1650 486 1692 ³⁰
497 1647 549 1711 καὶ
561 1651 696 1730 ἐποίησεν
707 1644 759 1712 Ἀ-
790 1644 937 1732 Σαρεπνδ
948 1652 1000 1731 τῆς
1011 1649 1165 1724 Σιδωνίας.
1186 1647 1251 1714 ίδού
1264 1653 1400 1716 ἐντέταλ-

151 1731 231 1822 χαδιβ
242 1731 278 1797 τὸ
290 1728 425 1817 πονηρὸν
437 1726 564 1797 ἐντόπιον
576 1736 692 1816 κυρίου,
708 1731 760 1794 καὶ
790 1757 843 1813 μαι
862 1734 921 1794 ἐκεῖ
935 1734 1051 1809 γυναικὶ
1066 1728 1143 1818 χηρηι
1160 1737 1216 1797 τοῦ
1233 1735 1400 1819 διατρέφειν

152 1812 372 1901 ἐπονηρεάσατο
395 1809 470 1897 ὑπὲρ
486 1809 601 1888 πάντας
621 1810 691 1888 τούς
708 1815 759 1896 ἐμ·
792 1838 830 1879 σε.
868 1815 962 1879 10καὶ
987 1813 1094 1899 ἀνέστη
1119 1816 1171 1880 καί
1191 1816 1340 1899 ἐπορεύθη
1358 1823 1399 1892 εές

151 1908 284 1985 προοθιν
301 1896 406 1962 αὐτοῦ.
445 1897 537 1961 31καλ
553 1893 608 1960 οὐκ
626 1885 662 1979 ἦν
675 1893 759 1980 αὐτῷ
791 1893 950 1983 Σαρεπτδ,
976 1899 1028 1963 καέ
1045 1886 1138 2004 ἢλθεν
1154 1902 1193 1971 εἰς
1207 1898 1261 1962 τὸν
1272 1899 1399 1965 πυλῶνα

152 1981 257 2046 ἐκανὸν
276 1985 333 2045 τοῦ
344 1974 529 2066 πορεύεσθαι
541 1982 572 2044 ἐν
583 1990 649 2054 ταῖς
661 1975 759 2064 ἆμαρ·
791 1983 843 2063 τῆς
861 1976 985 2055 πόλεως.
1010 2005 1062 2045 και
1074 1978 1140 2045 λδσδ
1156 1983 1216 2045 ἐκεῖ
1230 1979 1303 2064 γυνη
1320 1978 1399 2067 χήρα

151 2061 389 2151 τίαιςἸερσβοάμ
400 2066 466 2127 υἱοῦ
476 2059 599 2148 Ναβάτ,
609 2063 660 2127 καέ
668 2062 758 2149 ἔλαβε
792 2063 923 2140 συνέλεγε
935 2060 1019 2141 ξύλα.
1033 2064 1085 2128 καλ
1097 2059 1217 2151 ἐβόησεν
1230 2062 1327 2131 ὀπίσω
1339 2064 1397 2131 αύ-

151 2160 276 2227 γυναῖκα
292 2144 325 2212 τ’
360 2140 484 2232 Ἰεζάβελ
496 2149 651 2232 θυγατέρα
665 2143 758 2211 Ἰεθε·
789 2151 843 2230 τῆς
856 2144 978 2223 Ἠλκού,
1003 2150 1055 2213 καί
1071 2146 1148 2214 εἶπεν
1161 2144 1248 2235 αὐτῇ.
1274 2145 1345 2234 λάβε
1357 2145 1394 2235 δη

151 2229 232 2320 βαὰλ
243 2171 388 2318 βασιλέως
399 2231 558 2294 Σιδωνίων.
570 2231 622 2294 καὶ
633 2225 758 2315 ἐπορεύ-
789 2255 839 2312 μοι
858 2227 962 2308 ὀλίγον
979 2227 1059 2316 ὕδωρ
1077 2237 1116 2307 εἰς
1133 2230 1238 2309 άγγος,
1263 2235 1313 2297 καὶ
1325 2239 1398 2297 πίο-

150 2324 196 2397 θη
209 2316 261 2379 καλ
273 2308 425 2379 ἐδούλευσε
435 2318 480 2397 τῷ
489 2310 593 2388 Βάαλ,
606 2314 657 2378 καὶ
665 2337 758 2398 προς·
788 2339 849 2395 μαι.
868 2314 949 2376 11καέ
959 2310 1112 2397 ἐπορεύθη
1125 2314 1231 2400 λαβεῖν,
1244 2318 1295 2378 καί
1308 2312 1396 2463 ἐβόη-

151 2392 387 2480 εκύνησεναότῷ.
413 2397 443 2439 ³²
456 2397 509 2461 καὶ
526 2399 629 2482 ἔστησε
647 2404 758 2462 θυσια-
790 2421 837 2462 σεν
855 2393 953 2460 ὀπίσω
970 2392 1065 2479 αύτῆς
1080 2393 1208 2474 Ἠλιού,
1237 2398 1289 2462 καὶ
1308 2421 1395 2462 επεν.

152 2476 272 2565 στηριον
288 2484 334 2564 τῷ
345 2475 439 2545 Βάαλ
457 2483 489 2544 ἐν
502 2481 575 2563 οἴκῳ
587 2483 649 2544 τῶν
664 2504 756 2565 προς-
789 2474 874 2564 ληριη
891 2474 928 2562 δὴ
944 2471 999 2560 ’μοι
1015 2479 1123 2563 ψωμὸν
1139 2480 1233 2585 άρτου
1248 2485 1303 2546 τού
1316 2485 1348 2546 ἐν
1359 2485 1398 2564 τῆ

151 2560 346 2649 ογθισμάτων
359 2561 465 2638 αὐτοῦ,
478 2559 514 2627 ὃν
527 2557 713 2666 ᾠκοδόμησεν
725 2566 757 2627 ἐν
788 2550 863 2647 χειρί
873 2587 936 2628 σου.
961 2565 990 2604 ¹²
1002 2565 1054 2627 καὶ
1067 2561 1145 2627 εἶπεν
1157 2590 1176 2646 η
1188 2559 1270 2649 γυνη.
1293 2566 1328 2656 ζῇ
1341 2555 1398 2628 κύ·

150 2653 313 2731 Σαμαρείᾳ.
332 2647 418 2710 33καὶ
429 2648 564 2728 ἐποίησεν
573 2643 687 2732 ’κίχααβ
699 2644 756 2710 άλ·
788 2670 850 2726 ριος
863 2640 880 2709 5
892 2639 967 2718 θεός
979 2669 1032 2710 σου
1046 2651 1071 2709 ελ
1082 2649 1145 2711 ἔστι
1156 2672 1206 2729 μοι
1225 2650 1396 2733 ἐγκρυφίας,

150 2754 211 2805 σος.
224 2731 276 2793 καὶ
288 2726 591 2814 προςέθηκενἈχαάβ
601 2731 656 2792 τοῦ
667 2733 756 2812 ποιῆ·
788 2726 852 2792 ἀλλ’
870 2726 884 2751 ”
898 2723 971 2793 ὅσον
982 2727 1056 2814 δρὰξ
1069 2725 1195 2814 ἀλεύρου
1204 2732 1236 2794 ἐν
1244 2735 1284 2830 τη
1297 2726 1396 2815 ὑδρίᾳ,

150 2835 201 2876 σαι
224 2816 468 2913 παροργίσματα,
493 2813 550 2873 τού
574 2817 756 2895 παροργίσαι
787 2812 840 2875 καὶ
852 2755 957 2887 ὀλίγον
970 2811 1077 2876 ἐλαιον
1091 2814 1122 2876 ἐν
1137 2816 1181 2895 τῷ
1194 2830 1327 2914 καηυακη.
1341 2815 1395 2876 καί

149 2892 202 2959 τὸν
215 2890 317 2979 κύριον
329 2903 402 2958 θεον
413 2897 469 2957 τού
482 2888 620 2976 Ἰσραὴλ,
637 2895 689 2957 καὶ
700 2891 755 2978 την
788 2889 853 2958 ἐδοδ
877 2889 936 2971 ἐγὼ
957 2893 1087 2970 συλλέξω
1105 2890 1160 2960 δύο
1176 2883 1316 2994 ξυλαριά,
1342 2897 1396 2957 καί

149 2974 247 3060 ψυχὴν
277 2974 373 3040 αὐτοῦ
402 2979 459 3039 τοῦ
490 2975 754 3062 ἐξολοθρευθῆναι,
786 2972 979 3058 είςελιύσομαι
995 2972 1177 3059 καὶποιησω
1195 2974 1270 3040 αὐτο
1283 2979 1394 3069 ἐμαυτῇ

149 3062 359 3140 ἐκακοπσίησεν
374 3054 448 3141 ὑπὲρ
461 3053 576 3132 πάντας
586 3058 658 3134 τοὺς
668 3062 753 3145 βασι·
786 3061 838 3123 καέ
852 3068 917 3133 τοῖς
933 3061 1047 3135 τέκνοις
1058 3084 1131 3141 μου,
1155 3060 1208 3124 καὶ
1220 3059 1393 3143 φαγόμεθα,

148 3139 207 3215 λιῖς
228 3137 352 3223 ’Ῑσραηλ
369 3137 439 3213 τοὺς
456 3142 624 3220 γενομένους
643 3145 753 3228 ἐζαπρο-
786 3143 838 3205 καλ
854 3139 1105 3225 ἀποθανούμεθα.
1132 3143 1159 3185 ¹³
1171 3144 1224 3205 καί
1240 3142 1303 3207 εἶπε
1316 3143 1394 3229 πρὸς

148 3233 220 3288 σθεν
245 3221 349 3287 αὐτοῦ.
387 3221 484 3286 34καί
504 3226 535 3287 ἐν
551 3234 618 3299 ταῖς
634 3221 754 3310 ἡμέραις
786 3221 880 3307 αὐτὴν
902 3221 1024 3289 Ἠλιού.
1062 3217 1187 3308 θάρσει,
1212 3225 1321 3300 εἴςελθε
1341 3228 1394 3290 καί

148 3303 242 3371 αύτού
267 3301 453 3390 ᾠκοδόμησεν
467 3303 568 3410 Ἀχιηλ
591 3304 753 3391 δΒαιθη-
784 3313 913 3390 ποίησον
937 3304 1016 3372 κατὰ
1041 3302 1078 3372 τό
1103 3303 1183 3392 ῥῆμά
1209 3334 1272 3374 σου.
1299 3306 1393 3373 άλλολ

146 3389 229 3475 λίτης
240 3387 295 3474 την
303 3385 423 3476 Ἰεριχώ,
437 3392 468 3453 ἐν
480 3395 524 3472 τῷ
533 3390 753 3475 Αβιρώνπρω·
785 3385 911 3473 ποίησόν
922 3416 972 3472 μοι
984 3393 1096 3455 ἐκεῖθεν
1108 3395 1268 3476 ἐγκρυφίαν
1278 3385 1392 3473 μικρὸν,

145 3470 263 3558 τοτόκῳ
276 3470 372 3538 αότοῦ
384 3472 575 3555 ἐθεμελίωσεν
586 3471 690 3555 αὐτὴν,
702 3475 753 3537 καὶ
784 3474 836 3536 καὶ
848 3474 965 3548 ἔξοίσεις
976 3497 1029 3555 μοι
1042 3474 1073 3537 ἐν
1084 3469 1226 3560 πράτοις,
1253 3477 1347 3558 σαυτῇ
1359 3470 1392 3537 δὲ

144 3561 189 3640 τῷ
207 3556 328 3643 Σεγοδβ
351 3560 396 3639 τῷ
421 3558 553 3640 νεωτέρω
571 3553 667 3619 αὐτοῦ
684 3558 750 3619 ἐπέ-
784 3557 836 3618 καὶ
847 3568 909 3630 τοῖς
922 3559 1031 3630 τέκνοις
1040 3581 1096 3621 σου
1104 3553 1235 3641 ποιήσας
1244 3553 1288 3620 ἐπ’
1300 3551 1390 3637 ἐσχά-

146 3662 235 3721 στησε
246 3634 345 3719 θύρας
362 3637 455 3722 αὐτῆς
466 3621 546 3701 κατά
558 3634 595 3701 τό
608 3641 688 3723 ῥημα
700 3663 751 3702 κυ-
784 3634 923 3718 τῳ.“ὀτι
933 3639 1002 3704 τάδε
1010 3640 1087 3716 λέγει
1096 3635 1202 3727 κύριος.
1213 3634 1324 3739 {boeto
1332 3640 1390 3701 τοῦ

144 3725 228 3803 ρίου,
255 3716 274 3783 ὃ
287 3717 427 3803 ἐλάλησεν
440 3723 471 3785 ἐν
483 3721 554 3805 χειρὶ
568 3717 670 3804 Ἰησοῦ
683 3724 751 3786 υἱοῦ
785 3716 910 3806 ἀλεύρου
922 3719 978 3787 οὐκ
991 3721 1133 3805 ἐκλείψει,
1156 3723 1208 3787 καλ
1220 3746 1237 3785 ο
1251 3714 1392 3802 καψάκης

144 3804 246 3883 Ναυῆ.
784 3808 839 3869 τοῦ
857 3805 960 3870 ἐλαίου
977 3803 1033 3870 οὐκ
1052 3801 1238 3889 ἐλαττονησει
1253 3808 1307 3877 ἕως
1321 3800 1392 3887 ημέ·

330 3890 364 3948 Κ
375 3891 454 3948 ΕΦ.
498 3892 565 3950 ΙΖ.
785 3912 839 3970 ρας
854 3892 910 3951 τοῦ
929 3888 1032 3955 δούναι
1050 3887 1152 3974 κύριον
1170 3887 1224 3957 τόν
1243 3885 1325 3952 ύετδν
1343 3889 1393 3950 ἐπέ

144 3933 226 4031 Καὶ
239 3965 432 4031 εἷπενἪλιοὺ
446 3964 630 4053 ὁπροφήτης
644 3971 755 4055 Θεοβέ·
784 3974 837 4053 τῆς
848 3973 908 4053 γῆς.
935 3971 963 4015 ¹⁸
976 3972 1033 4047 καλ7
1040 3970 1193 4057 ἐπορεύθη
1205 3969 1224 4057 ἢ
1236 3969 1320 4048 γονὴν
1340 3971 1393 4032 καὶ

143 4072 163 4113 τ
182 4074 196 4124 ς
217 4044 235 4111 5
257 4051 290 4112 ἐκ
313 4053 433 4134 Θεσβιύν
451 4054 503 4132 τῆς
520 4048 652 4115 Γαλαὰδ
675 4050 752 4134 πρὸς
784 4055 904 4138 ἐποίησε
915 4055 967 4118 καὶ
975 4047 1330 4136 ἤσθιεναύτηκαέαὖτότ
1338 4051 1391 4143 ⁸⁰}

138 4077 260 4217 ὒόχαάβ.
285 4133 320 4222 (⁴⁸
344 4131 445 4215 κύριος
462 4129 480 4195 ὁ
497 4129 567 4205 θεὸς
584 4136 645 4196 τῶν
662 4130 751 4198 δυνά·
783 4133 931 4202 τὰτέκνα
946 4134 1046 4217 αὐτῆς.
1085 4134 1179 4195 1ίῖκαί
1194 4128 1214 4211 ἦ
1230 4126 1318 4210 ὑδρία
1332 4151 1388 4190 του

143 4211 290 4297 μεώνόθ
321 4211 481 4298 ςἸσραίηλ,
497 4205 691 4298 ᾧπαοέστην
703 4221 751 4282 ἐν·
784 4215 804 4282 ά
847 4213 914 4285 ὀυ
931 4215 985 4282 οόν
1003 4212 1138 4292 ὢίλκπεΓ
1152 4205 1390 4292 καὶδκαφάκης

145 4293 244 4362 άπιον
256 4293 367 4371 αὐτοῦ,
394 4299 419 4359 εέ
438 4299 522 4360 ἔσται
534 4294 575 4361 τά
584 4274 639 4380 ἐτη
651 4304 750 4366 ταῦτα
783 4304 838 4364 τοῦ
907 4302 956 4363 ίου
973 4294 1029 4364 ούκ
1044 4287 1239 4376 ἦλαττονηθη
1257 4292 1388 4358 κατὰτὸ

142 4375 250 4466 δρόσος
267 4381 317 4445 καὶ
337 4375 436 4454 ὖετός,
463 4374 510 4445 ὀτι
524 4382 549 4441 εἲ
559 4378 599 4464 μη
613 4380 663 4447 διά
676 4379 747 4448 στό-
780 4383 862 4531 fua
878 4384 981 4463 κυρίου
997 4373 1018 4442 ὃ
1035 4370 1177 4457 ἐλάλησεν
1196 4379 1226 4441 ἐν
1241 4379 1312 4462 χειρὶ
1331 4373 1389 4441 ’H-

139 4489 234 4551 ματος
247 4461 340 4544 λόγου
351 4490 416 4548 μου.
452 4464 466 4505 2
480 4465 530 4527 καὶ
541 4466 655 4542 ἐγένετο
668 4469 748 4552 ῥῆμα
810 4459 855 4531 ού.
882 4462 909 4504 ¹⁷
923 4461 975 4527 καί
986 4462 1099 4540 ἐγένετο
1111 4455 1185 4543 μετά
1200 4465 1329 4624 rafim&
1336 4461 1390 4566 μηδ
