2924 4972
313 233 608 296 mmmm
632 234 815 298 πναπιι
853 236 930 314 πη.
943 230 1035 321 ῥῖν’.
1049 235 1080 299 ν.
1095 236 1125 301 3.
1281 238 1345 303 ννε

96 363 131 403 ⁸¹·
143 362 173 404 ³²
182 361 247 424 ίδοῦ
260 363 396 445 ἔρχονται
410 355 529 442 ὴμέραι,
541 363 593 422 καὶ
602 360 704 434 ἐξολο-
736 360 856 443 κέκληκε
880 355 918 422 τὸ
942 355 1122 441 παιδάριον,
1160 361 1241 422 ι’καί
1257 358 1344 424 εἶπεν.

93 437 212 547 θρεύσω
225 442 262 507 τὸ
275 437 394 526 σπέρμα
407 466 464 506 σου
475 445 526 507 καί
537 440 573 506 τὸ
585 437 703 530 σπέρμα
736 438 832 508 άνάστ
851 466 911 546 εφε,
923 438 1049 506 κάθευδε
1062 435 1171 504 ιε’κνον.
1198 443 1250 504 καὶ
1261 445 1345 507 ἔσται

93 551 178 590 οικου
196 521 313 611 πατρός
331 551 394 590 σου.
420 526 474 590 καὶ
490 523 547 589 οῦκ
560 528 643 590 ἔσται
656 550 703 590 σοι
736 525 787 590 ἐάν
799 469 913 621 καλεση
926 549 973 602 σε,
999 524 1050 589 καί
1064 526 1147 609 ἐρεῖς.
1173 520 1272 597 λάλει,
1298 522 1346 589 ὅτι

93 603 258 695 πρεσβύτης
283 612 314 673 ἐν
339 610 412 690 οἴκῳ
436 633 495 690 μου
521 603 624 686 πάσας
649 606 704 684 τάς
736 604 836 674 ἀκούει
861 604 1006 684 ὁδοῦλός
1023 633 1089 673 σου.
1116 608 1168 672 καὶ
1192 603 1345 693 ἐπορεύθη

93 689 214 777 ὴμέρας.
242 694 273 735 ³⁸
286 695 337 757 καὶ
350 691 446 777 ἄνδρα
459 690 513 757 οῦκ
526 686 704 779 ἐξολοθρεύ·
735 690 895 776 Σαμουὴλ,
920 694 970 757 καί
988 688 1136 777 ἐκοιμήθη
1149 696 1180 754 ἐν
1194 696 1240 775 τῷ
1260 687 1345 774 τύπῳ

93 802 137 840 σω
161 801 211 840 σοι
237 773 302 840 άπὸ
327 781 382 841 τοῦ
400 782 618 863 θυσιαστηρίου
635 800 703 860 μου,
736 770 842 839 αῦτοῦ.
855 777 940 841 10καί
952 765 1027 858 ἦλθε
1036 773 1136 861 κύριος
1145 775 1197 840 καί
1206 778 1345 859 κατέστη,

93 858 232 923 ἐκλείπειν
245 858 319 935 τούς
331 857 509 943 ὀφθαλμούς
522 860 629 937 αύτοῦ,
651 860 704 924 καί
736 859 787 922 καί
800 854 932 924 ἐκάλεσεν
941 856 1036 925 αύτδν
1046 855 1087 933 ὦς
1096 856 1179 937 άπαξ
1188 861 1241 924 καί
1251 856 1343 937 ῦπαξ.

92 945 250 1028 καταρρεῖν
265 942 317 1027 τὴν
329 940 428 1029 ψυχὴν
440 941 551 1022 αὐτοῦ,
577 945 629 1009 καί
641 947 704 1018 πῦς
736 942 787 1006 καί
800 940 862 1005 εἶπε
874 937 1030 1025 Σαμουὴλ.
1057 937 1154 1019 λάλει,
1178 939 1225 1008 ὅτι
1242 938 1344 1007 ἀκούει

91 1020 272 1109 περισσεύων
296 1027 380 1092 οἴκου
405 1053 462 1092 σου
486 1032 649 1094 πεσοῦνται
671 1029 704 1091 ἐν
736 1020 875 1099 ὁδοῦλύς
888 1050 952 1089 σου.
983 1025 1072 1088 11καί
1084 1024 1144 1089 εἶπε
1155 1021 1256 1131 κύριος
1264 1023 1344 1111 πρὸς

93 1112 229 1193 ῥομφαίᾳ
241 1107 367 1196 ἀνδρῶν.
394 1110 425 1153 ³⁴
438 1112 489 1175 καί
500 1105 593 1175 τοῦτό
607 1134 656 1175 αοι
667 1109 704 1175 τὸ
736 1103 892 1191 Σαμουὴλ.
918 1104 984 1172 ἰδού
999 1103 1058 1183 ἐγιύ
1074 1112 1156 1172 ποιῦ
1173 1132 1212 1173 τα
1226 1105 1346 1210 ῥήματά

93 1188 242 1275 σηιεεῖονδ
254 1189 315 1275 ἣξει
329 1196 380 1257 ἐπὶ
391 1192 463 1268 τοὺς
475 1190 531 1258 δύο
544 1190 626 1267 υἱούς
640 1217 705 1267 σου,
736 1214 796 1274 μου
822 1194 852 1255 ἐν
874 1188 1014 1277 Ἰσραὴλ,
1047 1187 1160 1264 παντὸς
1184 1188 1346 1268 ἇκουοντος

89 1273 179 1354 Ὀφνί
198 1277 250 1338 καί
265 1273 381 1349 Φινεὲς,
406 1277 437 1337 ἐν
452 1280 504 1357 αιᾷ
517 1271 614 1381 ἡμέρα
627 1274 704 1341 ἄπο-
738 1271 831 1350 αύτδ,
857 1269 955 1359 ἦὴαει
977 1267 1134 1376 ἇμφύτερα
1151 1271 1191 1337 τὰ
1207 1262 1272 1337 ιύτα
1290 1271 1346 1339 αῦ-

95 1362 262 1421 θανοῦνται
276 1353 447 1442 ἀμφότεροι.
467 1359 496 1401 ³⁵
509 1360 561 1424 καί
574 1354 706 1443 αναοτή-
737 1360 801 1421 τοῦ.
838 1299 909 1421 12λν
933 1360 971 1452 τῇ
991 1357 1089 1441 ημέρᾳ
1109 1359 1203 1447 ἐκείνη
1220 1359 1347 1442 ἐπεγερῶ

95 1463 140 1503 σω
151 1443 272 1523 ἐμαυτῷ
287 1436 369 1525 ἱερέα
380 1436 496 1518 πιστὸν,
509 1439 542 1518 ὃς
553 1438 703 1508 πάντατά
736 1442 787 1504 ἐπὶ
798 1438 874 1505 Ἠλὶ
889 1437 992 1506 πάντα
1009 1437 1070 1505 ὅσα
1087 1438 1220 1522 ἐλάλησα
1237 1444 1276 1515 είς
1291 1437 1345 1505 τὸν

95 1528 126 1588 ἐν
146 1527 184 1617 τῇ
204 1523 312 1608 καρδία
329 1549 390 1608 μου
408 1525 459 1588 καὶ
475 1523 515 1591 τά
529 1530 559 1590 ἐν
570 1530 609 1621 τῇ
621 1530 703 1617 ψυχῇ
735 1522 818 1589 οἷκον
831 1522 936 1602 αῦτοῦ,
962 1522 1090 1629 ἄρξομαι
1107 1525 1159 1586 καί
1177 1519 1343 1589 ἐπιτελέσαι.

93 1632 152 1687 μου
175 1604 299 1689 ποιήσει.
337 1609 389 1672 καί
413 1606 597 1695 οἰκοδομήσω
615 1608 701 1694 αύτῷ
733 1606 993 1693 13καὶδνὴγγελιια
1007 1610 1091 1691 αυτῷ
1104 1604 1152 1670 ὅτι
1167 1604 1343 1685 ἐκδικιῦέγά

95 1687 178 1754 οἷκον
190 1687 311 1767 πιστὸν,
323 1693 375 1755 κατ’
387 1688 560 1758 διελεύσεται
573 1688 701 1760 ἐνύπιον
732 1689 788 1755 τὸν
812 1689 893 1757 οἶκον
911 1689 1011 1757 αῦτοῦ
1028 1696 1084 1766 ἕως
1102 1694 1211 1765 αέοῦνος
1228 1693 1259 1755 ἐν
1277 1688 1343 1755 ἅδι-

90 1777 214 1864 χριστοῦ
223 1799 283 1856 μου
294 1770 395 1850 πάσας
406 1772 461 1850 τὰς
473 1771 595 1862 ὴμέρας.
614 1778 701 1840 3οκαί
733 1778 809 1849 κίαις
821 1778 895 1841 υίιῦν
907 1772 1019 1849 αὐτοῦ,
1045 1770 1093 1839 δτι
1109 1773 1344 1852 κακολογοῦντες

91 1860 175 1920 ε”σται
195 1854 214 1921 δ
232 1853 412 1943 περισσεύῳν
429 1863 461 1923 ἐν
478 1861 551 1945 οἴκῳ
569 1886 625 1925 σου
640 1856 699 1944 ἥξει
732 1854 805 1923 θεὸν
817 1863 849 1923 οἱ
859 1861 921 1924 υἱοί
933 1855 1040 1933 αύτοῦ,
1059 1859 1111 1922 καί
1123 1854 1178 1922 οῦκ
1192 1853 1343 1923 ἐνουθίτει

90 1950 261 2022 προςκυνεῖν
291 1939 377 2026 αύτῷ
408 1938 519 2027 ὀβολοῦ
546 1942 699 2031 ἀργυρίου,
733 1940 850 2018 αύτούς.
863 1940 997 2009 καίοῦδ
1014 1937 1120 2016 οῦτιος.
1138 1939 1344 2025 14αῦμοσατηῖ
1442 1975 1447 1983 ·

90 2021 192 2100 λέγων.
217 2020 413 2111 παράβριψύν
431 2051 466 2109 με
483 2030 535 2093 ἐπί
550 2033 622 2110 μίαν
639 2031 700 2092 τῶν
733 2027 807 2109 οἴκῳ
827 2022 921 2101 Ἠλὶ,
947 2032 972 2090 εί
995 2021 1224 2110 ἐξιλασθὴσεται
1242 2025 1343 2091 ύιῦικία

91 2111 238 2191 ἱερατειιῦν
252 2132 307 2172 σου
320 2119 424 2187 φανεῖν
438 2107 540 2193 ἄρτον.
733 2109 816 2174 οἴκου
835 2105 883 2172 ‘H
883 2109 913 2174 λί
929 2112 960 2174 ἐν
979 2104 1148 2190 θυμιάματι
1163 2110 1216 2174 καὶ
1234 2111 1266 2173 ἐν
1282 2118 1342 2173 θυ-

283 2196 358 2254 ΚΕ
370 2196 409 2254 Φ.
452 2190 506 2255 Γ’.
734 2197 812 2264 σίαις
825 2195 880 2264 ἕως
893 2195 1009 2266 αίιῦνος.
1028 2192 1343 2270 16καλκοιμῦιταιΣου-

89 2239 174 2338 Καὶ
190 2271 227 2339 τὸ
246 2270 406 2359 παιδάριον
423 2271 569 2360 Σαμουὴλ
586 2262 624 2358 ἦν
641 2274 701 2340 λει-
732 2272 827 2357 μουὴλ
841 2278 897 2347 ἕως
907 2274 998 2360 πρωῒ,
1017 2275 1067 2338 καί
1082 2271 1213 2358 ιῦρθρισε
1225 2274 1348 2359 τοπρονῒ

90 2362 227 2441 τουργῶν
242 2361 289 2438 τῷ
307 2364 399 2441 κυρίῳ
413 2354 540 2423 ἐνώπιον
552 2355 629 2425 Ἠλὶ
646 2363 701 2422 τοῦ
734 2358 785 2421 καί
813 2354 907 2438 ἤνοιξε
931 2354 986 2431 τὰς
1010 2352 1107 2439 θύρας
1129 2358 1213 2421 οἴκου
1229 2363 1341 2439 κυρίου.

92 2436 203 2521 ἱερέως.
230 2442 283 2502 καί
299 2443 379 2525 ῥῆμα
398 2429 552 2525 κυρίουὴν
565 2443 703 2521 τίμιονέν
733 2440 785 2502 καί
812 2435 960 2520 Σαμουὴλ
992 2435 1131 2523 ἐφοβήθη
1163 2437 1343 2517 &namma

92 2532 158 2594 ταῖς
179 2516 302 2622 ὴμέραις
318 2525 454 2596 ἐκείναις,
482 2512 586 2605 οῦκῆν
600 2519 703 2607 ῦρασις
735 2519 790 2603 τὴν
815 2515 934 2601 ὅρασιν,
959 2521 1051 2582 1(λκαὶ
1075 2518 1152 2582 εἶπεν
1169 2517 1247 2583 Ἡλέ
1267 2519 1343 2607 πρὸς

92 2603 321 2669 διαστελλουσα.
359 2605 445 2668 2καί
469 2600 584 2681 ἐγένετο
609 2609 640 2670 ἐν
664 2631 702 2753 τῳ
735 2598 890 2687 Σαμουὴλ.
903 2600 1051 2687 Σαμουὴλ
1064 2597 1174 2666 τέκνον.
1195 2605 1246 2666 καί
1259 2602 1341 2670 εἶπεν.

688 2716 703 2753 ν

91 2681 191 2771 ὴμέρῳ
213 2689 322 2768 ἐκείνη,
347 2689 399 2751 καὶ
411 2682 488 2752 Ἠλὶ
504 2684 659 2753 ἐκάθευδεν
737 2686 801 2751 ίδού
814 2682 885 2765 ἐγώ.
923 2684 1096 2751 17καίείπε.
1123 2690 1154 2751 τί
1164 2683 1202 2752 τὸ
1214 2689 1294 2772 ῥῆμα
1306 2687 1342 2751 τὸ

90 2775 134 2853 τῷ
147 2773 233 2854 τόπῳ
246 2756 357 2846 αύτοῦ,
370 2771 422 2835 καὶ
435 2775 466 2837 οἱ
478 2770 634 2855 ὀφθαλμοί
646 2770 701 2837 αύ-
735 2769 866 2855 λαληθὲν
881 2767 959 2856 πρὸς
976 2766 1009 2837 σε’
1014 2799 1026 2849 ,·
1051 2767 1092 2854 μὴ
1108 2767 1145 2854 δὴ
1159 2766 1276 2877 κρύψρς
1288 2768 1339 2836 ἀπ’

89 2859 146 2920 τοῦ
173 2853 303 2940 ήρξαντο
330 2850 530 2942 βαρύνεσθαι,
570 2860 622 2922 καί
646 2854 700 2920 οῦκ
734 2859 814 2937 ἐμοῦ.
840 2851 911 2920 τάδε
935 2850 1060 2940 ποιήσαι
1087 2880 1135 2920 σοι
1162 2850 1276 2931 ἔνθεος
1292 2857 1343 2919 καὶ

88 2934 235 3022 ἠδύναντο
254 2933 379 3024 βλίπειν.
406 2940 485 3004 3καὶ
498 2937 516 3005 ὁ
530 2934 634 3025 λύχνος
645 2944 701 3006 τοῦ
734 2936 803 3004 τάδε
821 2944 981 3025 προςθείη,
1007 2936 1060 3004 ἐάν
1071 2933 1252 3030 nobum&
1269 2942 1342 3021 ἐμοῦ

90 3026 164 3086 θεοῦ
185 3023 256 3105 πρὶν
273 3024 539 3108 ἐπισκευασθῆναι,
566 3026 617 3089 καὶ
633 3031 699 3088 Σα-
740 3025 811 3106 ιἧμα
830 3024 862 3087 ἐκ
878 3018 1001 3088 πάντων
1018 3026 1079 3086 ταῦν
1096 3021 1196 3099 λόγων
1212 3025 1275 3088 τῶν
1287 3022 1342 3087 λα-

90 3101 185 3188 μουὴλ
202 3101 358 3171 ἐκάθευδεν
375 3108 406 3170 ἐν
421 3112 466 3191 τῷ
486 3112 552 3191 ναῷ
571 3098 607 3173 οῦ
622 3105 639 3190 ὴ
654 3134 698 3171 m-
732 3048 886 3191 ληθίντιον
905 3133 952 3172 σοι
966 3110 1075 3182 ἐντοῖς
1088 3103 1222 3172 αἰοίσου.
1249 3108 1342 3171 18καί

90 3189 186 3274 βιατὰς
198 3193 257 3253 τοῦ
270 3195 357 3255 θεοῦ.
371 3188 445 3255 4καί
458 3186 575 3257 ἐκάλεσε
588 3188 698 3277 κύριος.
732 3187 889 3276 ἀπήγγειλε
906 3188 1052 3274 Σαμουὴλ
1069 3187 1186 3266 πάντας
1204 3187 1275 3266 τούς
1288 3186 1341 3254 λύ-

90 3268 232 3355 Σαμουὴλ
248 3269 404 3358 Σαμουὴλ.
436 3276 488 3338 καὶ
511 3274 599 3340 εἶπεν.
633 3273 698 3339 ἰδοῦ
731 3298 816 3351 γους,
829 3273 947 3337 καὶούκ
960 3277 1085 3356 ἔκρυψεν
1098 3272 1149 3336 ἀπ’
1166 3271 1273 3338 αὐτοῦ.
1292 3276 1343 3337 καὶ

89 3350 159 3432 ἐγιύ.
184 3356 382 3439 6καλέδραμε
394 3355 570 3443 πρὸςἨλὶ,
596 3355 699 3423 καύεέ-
733 3353 908 3420 εῦπενἮλί.
938 3352 1038 3439 κύριος
1055 3351 1148 3427 αῦτδς
1165 3352 1203 3417 τὸ
1222 3353 1343 3432 ἀγαθὸν

90 3461 153 3501 πεν.
182 3433 247 3499 ἰδού
263 3438 337 3513 ἐγὼ,
364 3434 410 3502 ὅτι
422 3435 567 3524 κίκληκύς
578 3466 621 3522 με.
649 3442 701 3506 καί
732 3435 858 3504 ἐνώπιον
871 3433 967 3501 αῦτοῦ
983 3432 1160 3519 ποιήσει,19
1173 3437 1225 3499 καί
1238 3441 1340 3519 ἐμεγα-

90 3518 175 3583 εἶπεν.
189 3514 227 3581 οῦ
239 3514 369 3601 κέκληκά
382 3544 421 3594 σε,
434 3517 608 3607 ἀνάστρεφε,
620 3520 700 3588 κάθ-
732 3519 830 3605 λύνθη
845 3517 1006 3623 Σαμουὴλ,
1032 3521 1085 3583 καί
1108 3517 1144 3602 ὴν
1165 3514 1265 3604 κύριος
1281 3519 1338 3602 μετ’

89 3603 169 3679 ευδε,
199 3602 251 3666 καί
277 3600 440 3688 ἀνέστρεψε
468 3606 520 3667 καί
550 3602 701 3671 ἐκάθευδε.
733 3605 837 3681 αὐτοῦ,
863 3606 915 3671 καὶ
939 3629 994 3668 ουκ
1021 3606 1122 3668 ἔπεσεν
1141 3600 1204 3668 άπὸ
1221 3599 1342 3673 πάντων

89 3687 170 3753 ε’καί
187 3681 352 3771 προςέθετο
370 3682 485 3773 κύριος,
510 3689 561 3751 καὶ
574 3684 699 3755 ἐκάλεσε.
733 3695 794 3754 τῶν
805 3687 902 3768 λόγων
920 3685 1019 3754 αύτοῦ
1030 3689 1082 3753 ἐπὶ
1094 3685 1147 3773 τὴν
1158 3690 1221 3772 γῆν.
1248 3691 1279 3733 ²⁰
1291 3694 1342 3756 καὶ

89 3766 237 3854 Σαμουὴλ
265 3766 420 3854 Σαμουὴλ.
467 3773 520 3835 καὶ
548 3767 700 3879 ἐπορεύθη
734 3775 867 3849 ἔγνωσαν
891 3776 952 3848 πᾶς
973 3770 1097 3859 Ἰσραὴλ
1123 3771 1185 3838 ἀπὸ
1203 3770 1268 3839 Δάν
1291 3778 1341 3839 κατ’

90 3853 165 3940 πρὸς
173 3849 251 3917 Ἠλὶ
263 3852 298 3917 τὸ
313 3851 455 3941 δεύτερον,
467 3855 519 3921 καὶ
531 3853 615 3920 εἶπεν.
637 3857 700 3921 ίδου
734 3860 789 3931 ἕως
807 3855 979 3943 Βηρσαβεέ,
1006 3856 1054 3922 δτι
1075 3855 1182 3932 πιστὸς
1198 3855 1341 3944 Σαμουὴλ

91 3936 161 4014 ἐγώ,
174 3935 221 4002 ῦτι
230 3933 373 4022 κε’κληκάς
384 3964 427 4021 με.
440 3941 491 4004 καὶ
504 3937 589 4005 εἶπεν.
603 3938 639 4006 ού
649 3941 701 4008 κε’·
733 3945 773 4016 είς
784 3936 940 4028 προφήτην
952 3945 998 4025 τῷ
1010 3947 1111 4027 κυρίῳ.
1149 3944 1175 3983 ²¹
1189 3945 1341 4026 καίπρος-

89 4016 183 4106 κληκά
197 4046 238 4096 σε,
265 4020 439 4109 άνάστρεφε,
463 4019 595 4103 κάθευδε.
622 4027 701 4092 ’καὶ
732 4029 821 4091 έθετο
839 4022 939 4111 κύριος
964 4025 1137 4128 δηλωθήναι
1163 4029 1194 4089 ἐν
1219 4023 1342 4109 Σηλώμ,

89 4102 531 4193 Σαμουὴλπρὶνγνιῦναιθεδν,
555 4111 607 4175 καὶ
620 4107 699 4176 άπο-
732 4106 778 4175 ὅτι
809 4107 1011 4193 ἀπεκαλύφθη
1044 4134 1145 4193 κυριος
1174 4108 1250 4193 πρὸς
1274 4116 1342 4173 Σα-

88 4189 280 4294 καλυφθῆναι
293 4188 378 4274 αύτῷ
392 4194 469 4277 ῥμα
481 4199 594 4278 κυρίου.
620 4193 635 4236 ⁸
649 4197 701 4257 καὶ
730 4189 835 4278 μουήλ.
868 4196 918 4257 καὶ
936 4188 1104 4274 ’ἐπιστεύθη
1122 4191 1269 4276 Σαμουὴλ
1284 4196 1342 4257 τοῦ

89 4283 253 4357 προςεθετο
264 4271 364 4359 κύριος
374 4219 499 4340 καλεσαι
513 4273 660 4360 Σαμουὴλ
670 4280 701 4339 ἐν
730 4272 887 4361 προφήτης
898 4271 1038 4353 γενὲσθαι
1051 4279 1097 4356 τῷ
1108 4280 1202 4355 κυρίῳ
1216 4281 1255 4350 είς
1264 4269 1342 4339 πάν·

89 4361 192 4440 τρίτῳ.
205 4358 256 4419 καί
269 4352 379 4441 ἀνίστη
392 4360 443 4423 καὶ
456 4356 608 4445 ἐπορεύθη
625 4386 649 4423 π
667 4356 700 4434 δς
732 4356 904 4446 ταἸσραὴλ
916 4358 967 4424 ἀπ’
984 4356 1086 4444 άκρῳν
1098 4361 1150 4435 τῆς
1161 4360 1215 4437 γῆς
1225 4359 1276 4422 καὶ
1287 4361 1342 4427 ἕως

84 4434 168 4514 Ἠλὶ,
181 4440 232 4503 καὶ
245 4438 330 4505 εἶπεν.
358 4440 423 4507 ίδού
437 4439 512 4518 ἐγώ,
533 4438 581 4507 δ’τι
595 4383 700 4525 κέκλη·
733 4440 841 4549 δίκρουν.
867 4445 920 4508 καὶ
932 4439 1009 4507 ‘HM
1025 4431 1192 4523 πρεσβύτης
1212 4434 1343 4517 σφόδρα,

89 4528 141 4598 κάς
153 4547 198 4607 με.
215 4524 269 4584 καὶ
282 4520 529 4604 ἐσοφίαατοἩλὶ
542 4520 589 4587 ῦτι
603 4520 701 4612 κύριος
732 4551 784 4590 και
810 4530 840 4588 οῖ
865 4528 925 4669 υὲοί
941 4521 1043 4585 αὐτοῦ
1061 4519 1261 4613 πορειίμενοὴ
1271 4516 1343 4578 ἐπο-

928 4626 947 4669 2
1218 4616 1357 4678 mom,
