2924 4972
249 236 543 300 ΒΑΣΙΛΕΙΩΝ
564 237 794 303 ΑΕΤΤΒΡΑ
835 244 913 319 κιρ.
925 241 964 324 η’.
977 241 1020 305 α’.
1034 240 1064 306 8.
1079 240 1110 308 9.
1241 247 1306 314 315

58 366 163 428 ταῦτα.
176 362 265 426 29καί
278 365 330 427 νῦν
342 360 431 445 άρξαι
445 363 496 426 καί
508 357 668 444 εύίύγησον
704 359 855 428 ἀπέστειλε
877 363 960 429 Θοού
984 361 1161 450 Ἰεδδουράμ
1177 368 1231 432 τὸν
1248 370 1314 435 οίὸν

59 445 113 510 τὸν
127 442 210 511 οἷκον
228 446 285 509 τοῦ
303 440 412 509 δούλου
430 469 502 519 σου,
527 448 583 507 τού
597 443 668 510 εἶναι
704 443 800 511 αὐτοῦ
817 444 894 532 πρὸς
909 445 1036 533 βασιλέα
1049 450 1149 513 Δαυίδ
1164 454 1180 514 ί
1198 457 1313 534 ωτῖησαι

60 533 99 604 είς
109 527 163 593 τὸν
176 531 271 594 affirm
284 521 412 591 ἔνεύπιύν
424 552 492 601 σου,
505 522 553 591 ὅτι
566 524 602 592 σύ
615 523 669 591 κύ·
703 525 796 591 αὐτὸν
812 529 852 595 τά
869 535 909 606 είς
925 556 937 594 ε
971 526 1055 615 ἡνην,
1081 534 1133 596 καί
1150 476 1313 617 εὐλογῆσαι

60 615 105 697 ριί
113 635 171 694 μου
188 607 268 696 κύριε
285 607 445 693 ἐλάλησας,
471 610 522 674 καί
540 606 604 674 άπὸ
617 612 670 692 τῆς
704 606 799 676 αὐτὸν
811 604 936 718 ύπὲρού
984 613 1104 718 ολέμησε
1118 613 1313 723 τόνἈδραα·

60 695 196 770 εὐλογίας
218 719 275 760 σου
300 688 531 777 εύλογηθύσεται
549 688 567 757 5
586 691 669 768 οἶκος
705 690 776 775 ζελρ,
801 696 852 758 καί
870 690 1015 773 επάταξεν
1031 695 1140 773 αυτὸν,
1167 695 1215 764 ὅτι
1228 725 1315 765 am·

59 781 114 843 τοῦ
121 773 230 842 δούλου
240 801 295 842 σου
305 781 360 841 τοῦ
370 775 442 840 εἶναι
452 785 491 852 είς
499 774 553 841 τὸν
562 780 667 841 αίῶνα.
705 780 830 855 κείμενος
843 765 878 859 ἦν
891 780 933 860 τῷ
946 775 1124 866 Ἀδρααζάρ,
1140 783 1193 849 καί
1204 786 1236 848 ἐν
1247 793 1313 859 ταῖς

250 864 284 922 Κ
295 865 326 923 Ε
339 865 378 923 Φ.
422 856 479 924 H‘.
704 859 801 943 χερσίν
814 856 911 923 αὐτοῦ
922 847 1000 943 ἦσαν
1012 857 1100 945 σκεύη
1112 860 1237 951 ἀργυρᾶ,
1261 867 1312 932 καί

60 908 270 1021 Καλέγίνετο
316 942 354 1008 τά
364 947 469 1020 ταῦτα,
479 943 530 1008 καί
539 937 668 1020 ἐπάταξε
705 936 792 1025 σκεύη
804 944 910 1042 χρυσᾶ,
923 943 974 1005 καί
986 939 1073 1026 σκεύη
1085 944 1189 1027 χαλκᾶ
1223 951 1313 1015 “ml

61 1027 158 1091 Δαυίδ
167 1023 240 1100 τούς
253 968 454 1107 ἀλλοφύλους,
469 1029 520 1091 καί
533 1021 667 1108 ἐτροποί-
704 1028 805 1088 ταῦτα
824 1029 946 1106 ηγίασεν
963 1019 981 1087 5
1001 1024 1136 1110 βασιλεὺς
1154 1033 1251 1098 Δαυίδ
1267 1037 1312 1115 τῷ

59 1133 132 1173 οατο
157 1103 279 1184 αύτούς.
304 1113 356 1174 καί
380 1110 470 1195 ἔλαβε
496 1108 594 1174 Δαυίδ
614 1105 669 1190 τὴν
705 1112 800 1191 κυρίῳ
812 1103 1312 1193 μετάτοῦάργορίοοκαίμετύτού

58 1189 264 1277 ἀφωρισμένην
290 1195 322 1256 ἐκ
344 1189 438 1276 χειρὸς
460 1197 521 1256 τῶν
539 1186 669 1268 ἀλλορύ·
722 1192 828 1274 ρυσίου
840 1181 877 1253 οὗ
889 1185 1009 1271 ἡγίασεν
1021 1193 1053 1253 ἐκ
1065 1194 1171 1254 πασῶν
1183 1198 1243 1260 τοῖν
1254 1192 1313 1260 πύ-

57 1275 126 1338 λων.
144 1277 223 1338 2καί
235 1270 366 1348 ἐπάταξε
377 1274 475 1338 Δαυίδ
486 1272 541 1355 την
554 1269 669 1358 Μωάβ,
705 1215 783 1334 λεων
808 1261 851 1337 ὧν
871 1265 1150 1348 κατεδυνάστευσεν,
1174 1277 1202 1314 ¹²
1215 1278 1246 1338 ἐκ
1263 1281 1315 1351 τ”ς

58 1359 111 1420 καί
135 1357 320 1459 διεμέτρησεν
346 1353 457 1429 αύτούς
475 1358 505 1418 ίν
522 1359 668 1438 σχοινίοις,
704 1350 887 1434 Ἰδουμαίας,
912 1354 964 1419 καί
977 1356 1010 1418 ἐκ
1022 1359 1075 1436 τῆς
1087 1353 1203 1439 Μωάβ,
1218 1360 1269 1421 καί
1281 1305 1314 1421 ίκ

56 1446 193 1521 κοιμίσας
207 1435 318 1509 αυτούς
331 1437 381 1501 ἐπί
393 1432 447 1519 την
459 1441 524 1520 γῆν.
541 1438 593 1501 καί
605 1439 668 1512 ἐγί-
706 1440 767 1501 τῶν
780 1439 852 1501 υίαῑν
857 1435 986 1519 Ἄμμων,
999 1439 1052 1500 καί
1063 1440 1096 1501 ὲκ
1107 1441 1168 1502 τῶν
1178 1435 1315 1521 άλλορύ-

56 1546 124 1586 νετο
138 1518 178 1583 τά
191 1516 247 1582 δύο
260 1522 450 1602 οχοινίσματα
461 1524 517 1584 τοῦ
525 1523 668 1584 θανατῶ·
705 1518 776 1595 λων,
793 1521 844 1585 καί
856 1521 886 1597 ἐξ
896 1517 1042 1604 Ἀμαλὴκ,
1059 1520 1111 1584 καί
1123 1523 1155 1584 ἐκ
1169 1525 1228 1586 ταῖν
1241 1518 1311 1588 σκύ-

57 1629 128 1678 σαι,
147 1604 200 1665 καί
212 1599 252 1665 τά
265 1595 320 1665 δύο
334 1607 527 1685 σχοινίσματα
539 1597 668 1687 ίζαίγρη-
704 1601 767 1667 λων
783 1599 952 1689 Ἀδρααζάρ
970 1607 1037 1666 υίοῦ
1050 1599 1149 1689 Ῥαάβ
1166 1603 1312 1689 βασιλέως

57 1710 100 1749 σε.
127 1684 179 1747 καί
199 1686 312 1762 ἐγένετο
330 1682 436 1771 Μωᾶβ
453 1689 499 1769 τῷ
515 1686 613 1751 Δαυίδ
627 1691 667 1760 είς
704 1681 817 1772 Σουβά.
842 1687 870 1729 ¹³
883 1687 935 1750 καί
951 1686 1071 1769 ἐποίησε
1088 1688 1188 1752 Δαυίδ
1206 1686 1312 1771 ὄνομα.

57 1763 187 1841 δούλους
199 1771 345 1870 φέροντας
357 1769 444 1842 ξένια.
458 1770 528 1833 3καί
539 1763 667 1844 ἐπάταξε
704 1769 756 1834 καί
768 1774 799 1834 ἐν
811 1773 855 1852 τῷ
867 1764 1067 1850 ἀνακάμπτειν
1079 1765 1171 1835 αὐτὸν
1183 1765 1312 1847 ἐπάταξε

58 1850 159 1914 Δαυίδ
174 1849 228 1914 τὸν
242 1848 409 1936 Αδρααζάρ
423 1851 491 1917 υίύν
502 1848 601 1938 Ῥαὰβ
600 1855 666 1998 βα-
703 1848 757 1934 τὴν
778 1849 949 1934 Ἰδουμαίαν
965 1853 995 1914 ἐν
1010 1850 1139 1938 Γεβελὲμ
1161 1857 1200 1928 είς
1217 1852 1312 1918 ὀκτω-

58 1933 140 1998 σιλέα
151 1933 268 2019 Σουβά,
281 1937 478 2019 πορευομένου
490 1932 585 2000 αὐτοῦ
613 1961 666 1999 πι-
703 1935 825 2000 καίδεκα
842 1931 983 2019 χιλιάδας.
1021 1936 1312 2030 14καίίίίετοέντῇ

59 2019 164 2099 στῆσαι
177 2013 231 2098 τὴν
242 2028 323 2103 χεῖρα
334 2016 430 2082 αὐτοῦ
439 2021 490 2083 ἐπί
502 2017 556 2086 τὸν
564 2043 665 2083 ποτα·
699 2015 852 2100 Ἰδουμαίᾳ
867 2044 888 2100 φ
909 2015 1004 2103 ουράν
1021 2021 1052 2083 ίν
1064 2019 1150 2111 πάση
1160 2022 1201 2113 τῇ
1214 2017 1311 2084 Ἰδου-

57 2097 112 2164 αὸν
128 2096 302 2183 Εὐφράτην.
327 2100 409 2165 4καί
425 2096 665 2187 προκατελάβετο
701 2106 786 2184 μαίᾳ.
812 2103 864 2165 καί
888 2044 1025 2178 λγένοντο
1041 2097 1149 2177 πάντες
1165 2107 1196 2166 σί
1214 2098 1310 2168 Ἰδου-

58 2183 155 2246 Δαυίδ
169 2187 230 2248 τῶν
248 2180 344 2247 αὐτοῦ
362 2183 442 2266 χίλια
453 2180 590 2268 ἅρματα,
614 2185 667 2247 καί
702 2195 785 2264 μαῖοι
795 2182 898 2252 δοῦλοι
907 2187 951 2264 τῷ
950 2182 1083 2327 βασιλεῖ.
1093 2185 1144 2248 καί
1152 2187 1246 2249 ἔσωσε
1257 2182 1311 2249 κύ-

57 2263 135 2328 ἒπτά
146 2259 277 2348 χιλιάδας
290 2267 423 2342 ίοιπέων,
448 2269 500 2330 καί
512 2267 605 2332 εἴκοσι
620 2292 666 2350 χι·
703 2290 766 2349 ριος
777 2263 833 2329 τὸν
842 2266 941 2330 Δαυίδ
963 2288 980 2328 ν
991 2269 1082 2329 πᾶσιν
1092 2266 1135 2340 οἷς
1145 2263 1309 2352 ἐπορεύετο.

56 2343 162 2421 λιάδας
186 2345 304 2432 ἀνδρῶν
320 2350 424 2422 πεζῶν.
450 2350 503 2413 καί
518 2348 667 2432 παρελοσε
703 2349 787 2411 18καί
799 2346 965 2433 ἐβασίλευσε
975 2349 1072 2412 Δαυίδ
1082 2350 1131 2412 ἐπί
1139 2343 1241 2414 πάντα
1250 2347 1312 2415 Ἰσ-

10 2510 12 2515 ,
57 2429 156 2494 Δαυίδ
167 2423 269 2492 πάντα
281 2428 321 2492 τά
334 2426 464 2531 ἅρματα,
486 2431 538 2496 καί
552 2427 666 2495 ύπελεί-
704 2424 792 2576 ραύλ.
815 2431 868 2531 καί
883 2419 921 2512 ἦν
934 2429 1032 2493 Δαυίδ
1046 2435 1142 2494 ποιῶν
1157 2436 1247 2528 κρίμα
1260 2434 1312 2533 καί

54 2535 130 2576 πετο
156 2511 254 2592 ἑαυτῷ
281 2512 387 2575 ἕκατον
417 2536 545 2594 αρματα.
585 2514 667 2575 ὅκαί
722 2536 889 2593 ικαιοσυνην
909 2512 960 2574 ἐπὶ
975 2506 1077 2574 πάντα
1096 2508 1148 2573 τὸν
1164 2509 1239 2574 λαον
1255 2538 1312 2576 αυ-

53 2598 253 2678 παραγίνεται
265 2597 362 2696 Συρία
376 2597 538 2671 Δαμασκοῦ
550 2597 667 2677 βοηθῇ·
704 2597 767 2659 τοῦ.
794 2589 996 2699 16καίἿωάβ
1015 2588 1078 2665 υίὸς
1090 2593 1245 2675 Σαρουίας
1264 2597 1314 2658 ἐπί

55 2703 108 2743 σαι
120 2679 166 2756 τῷ
178 2672 347 2760 Ἀδραάζαρ
360 2674 478 2760 βασιλεῖ
487 2673 601 2758 Σουβά,
617 2678 667 2738 καί
705 2681 756 2757 τῆς
769 2679 921 2758 στρατιᾶς.
935 2700 985 2738 και
996 2671 1150 2754 Ἰωσαφάτ
1163 2673 1228 2749 υίὸς
1234 2672 1313 2760 Ἀχι-

55 2755 186 2834 ἐπάταξε
200 2758 299 2822 Δαυίδ
312 2761 342 2823 ἐν
359 2762 404 2841 τῷ
415 2753 507 2841 Σύρῳ
522 2753 666 2822 εἰκοσιδύο
703 2756 781 2821 λούδ
804 2757 854 2821 ἐπὶ
873 2760 934 2821 τῶν
953 2753 1181 2840 ὑπομνημάτων.
1221 2760 1248 2801 ¹⁷
1261 2761 1313 2824 καί

53 2841 188 2926 χιλιάδας
206 2840 330 2925 ἀνδρῶν.
369 2842 449 2905 6καί
468 2845 556 2905 ὲθετο
570 2842 667 2905 Δαυίδ
703 2838 815 2905 Σαδώκ
828 2837 892 2915 υίὸς
899 2837 1026 2926 Ἀχιτώβ
1034 2839 1239 2946 καίἈχιμελεχ
1249 2839 1312 2918 υίὸς

55 2923 192 3010 φρουράν
206 2927 237 2988 ἒν
246 2931 345 3008 Συρίᾳ
359 2928 395 3007 τῆ
407 2924 485 2989 κατὰ
496 2921 665 3006 Δαμασκὸν,
698 2920 858 3008 Ἀβιάθαρ,
872 2928 964 3005 ἱερεῖς.
979 2926 1030 2988 καὶ
1040 2924 1131 2990 Σασὰ
1146 2950 1312 3011 ογραμμα-

54 3010 106 3074 καί
118 3009 232 3085 ἐγένετο
244 3005 262 3071 5
274 2994 429 3091 2690&qu
442 3009 538 3073 Δαυίδ
546 3012 585 3083 εἰς
593 3003 665 3072 δού-
703 3003 775 3083 τεύς.
795 3007 881 3073 18καί
890 3012 1032 3082 Βαναίας
1044 3007 1108 3081 υίὸς
1118 3005 1222 3072 Ἰωδαὲ
1237 3003 1312 3092 σύμ-

55 3089 128 3166 λους
140 3093 285 3175 φέροντας
297 3093 384 3168 ξένια.
399 3094 450 3155 καί
462 3095 552 3157 ἔσωσε
564 3086 664 3175 κύριος
701 3089 820 3176 βουλος.
846 3093 899 3155 καί
917 3088 935 3154 5
950 3089 1077 3166 Χελεθί,
1103 3088 1183 3174 καλά
1199 3091 1311 3169 Φελετί,

54 3173 107 3237 τὸν
132 3175 229 3239 Δαυίδ
252 3177 285 3239 ἐν
309 3180 402 3240 πᾶσιν
428 3175 471 3249 οἷς
496 3168 662 3260 ἐπορεύετο.
703 3175 797 3239 καίοί
810 3174 981 3239 υίοίΔαυίδ
992 3173 1137 3280 αύλάρραι
1152 3175 1235 3257 ἦσαν.

55 3258 125 3321 7καί
138 3257 228 3343 ἔλαβε
242 3258 341 3322 Δαυίδ
351 3256 424 3331 τοὺς
440 3257 583 3341 χλιδῶνας
595 3255 664 3332 τούς
892 3264 926 3320 1(
937 3265 967 3320 E
979 3263 1017 3321 Φ.
1066 3260 1127 3339 Θ.

52 3344 181 3443 ηρυσοῦς
200 3346 233 3403 οἳ
244 3329 319 3421 ἦσαν
339 3340 389 3402 ἐπί
401 3343 461 3403 τῶν
473 3341 590 3405 παίδων
602 3345 664 3405 τῶν
754 3341 786 3403 αλ
799 3337 861 3402 είπε
874 3340 980 3403 Δαυίδ.
1007 3345 1032 3403 εί
1046 3343 1124 3403 ἔστιν
1141 3342 1184 3402 ἔτι
1204 3337 1312 3404 ὑπολι-

52 3419 219 3506 Αδρααζάρ
233 3420 378 3502 βασιλέως
388 3422 503 3505 Σουβά,
516 3424 568 3484 καί
580 3420 665 3503 ἥνεγ-
703 3420 851 3504 λειμμὲνος
861 3425 943 3502 ἐντῷ
955 3422 1028 3502 οἴκῳ
1038 3417 1156 3495 Σαούλ,
1165 3417 1313 3504 καίποιή-

55 3529 102 3569 κεν
115 3500 197 3567 αύτά
212 3506 251 3574 είς
263 3498 465 3586 Ἰερουσαλήμ.
490 3504 542 3567 καί
559 3501 665 3588 ἐλαβεν
705 3529 749 3570 σω
762 3501 818 3585 μετ’
836 3500 932 3567 αὐτοῦ
946 3501 1029 3574 ἔλεος
1042 3507 1134 3566 ἕνεκεν
1143 3497 1296 3566 Ἰωνάθου
1300 3530 1313 3580 ,·

56 3585 137 3653 αύτά
160 3586 315 3665 Σουσακὶμ
338 3583 475 3671 βασιλεὺς
494 3581 665 3661 Αἰγύπτου,
704 3588 776 3651 2καί
787 3590 820 3651 ἐκ
832 3589 888 3649 τοῦ
901 3585 985 3649 οίκου
998 3582 1104 3648 Σαοὺλ
1119 3574 1155 3666 ἦν
1166 3594 1249 3658 παῖς,
1261 3585 1314 3649 καί

57 3675 86 3734 ίν
98 3675 142 3752 τῷ
156 3667 303 3752 άναβηναι
317 3666 412 3731 αὐτὸν
422 3671 461 3742 είς
468 3664 667 3749 Ἰερουσαλὴμ
706 3667 802 3750 ὄνομα
820 3667 904 3750 αὐτῷ
917 3663 1005 3754 Σιβά.
1032 3669 1083 3730 καί
1098 3665 1239 3732 καλοῦσιν
1256 3664 1313 3733 αύ-

57 3756 86 3818 ἐν
98 3751 219 3837 ημέραις
232 3747 364 3836 Ῥοβοάμ
378 3753 445 3815 υἱοῦ
459 3748 665 3830 Σολομῶντος.
705 3751 759 3814 τὸν
771 3749 846 3832 πρὸς
859 3753 964 3815 Δαυίδ.
979 3750 1030 3814 καί
1042 3748 1119 3815 εἶπεν
1131 3745 1208 3833 πρὸς
1221 3748 1313 3815 αὐτὸν

57 3838 129 3901 8καί
140 3841 172 3901 ἐκ
185 3840 239 3918 της
249 3833 390 3920 Μετεβὰκ
403 3836 453 3898 καί
466 3837 499 3897 ἐκ
511 3837 573 3898 τῶν
585 3831 666 3897 ἐκλε-
707 3831 724 3897 ὁ
737 3828 881 3918 βασιλεύς.
897 3832 933 3898 σύ
945 3833 973 3898 εί
979 3827 1059 3982 Σιβά
1064 3861 1076 3911 ,·
1089 3835 1140 3899 καὶ
1152 3833 1238 3900 εἶπεν.
1252 3833 1311 3913 ἐγὼ

57 3924 135 3983 κτῶν
159 3914 278 3983 πόλεων
296 3923 351 3983 τοῦ
369 3915 537 4001 Ἀδρααζάρ
556 3915 665 4003 ἐλαβεν
704 3916 812 3991 δοῦλος
826 3911 885 3991 σάς.
911 3916 1010 3981 Ξ’καλε
1023 3940 1076 3980 πεν
1087 3912 1105 3980 5
1117 3914 1262 4002 βασιλεύς.
1288 3923 1313 3983 εί

57 3999 74 4066 5
93 3998 231 4089 βασιλεύς
245 4002 341 4065 Δαυίδ
356 4000 466 4085 χαλκὸν
478 4001 574 4066 πολύν
587 4001 662 4082 σφό-
704 3999 920 4064 ύπολελειπται
934 4002 966 4064 ἐκ
978 4005 1035 4065 τοῦ
1051 4000 1136 4065 οἴκου
1149 4001 1255 4066 Σαούλ
1268 4005 1313 4067 ἔτι

57 4087 123 4170 δρα.
156 4089 188 4151 ἐν
207 4083 291 4169 αὐτῷ
308 4087 427 4168 ἐποίησε
444 4082 595 4167 Σαλομών
612 4082 665 4187 τίρν
703 4082 792 4167 ἀνὴρ,
822 4084 875 4147 καί
898 4079 1016 4167 ποιήσω
1032 4081 1090 4167 μετ’
1114 4080 1208 4149 αύτοῦ
1225 4086 1313 4160 ἐλεος

56 4166 221 4235 θάλασσαν
233 4166 288 4253 τὴν
300 4167 424 4252 χαλκῆν,
450 4170 501 4232 καὶ
514 4167 583 4242 τοὺς
595 4193 661 4232 στυ-
702 4173 777 4233 θεοῦ
781 4197 793 4246 ,·
807 4168 857 4232 καί
868 4164 930 4232 είπε
939 4166 1020 4254 Σιβὰ
1029 4164 1106 4253 πρὸς
1116 4166 1311 4255 τὸνβασιλέα.

57 4252 143 4327 λους,
166 4254 216 4316 καί
228 4253 298 4326 τούς
310 4250 474 4337 λουτῆρας,
500 4254 552 4315 καί
564 4247 665 4315 πάντα
704 4255 746 4314 ἔτι
760 4254 839 4317 ἐστίν
852 4249 915 4326 υίὸς
928 4257 972 4335 τῷ
986 4250 1139 4318 Ἰωνάθαν
1152 4251 1231 4317 πεπλ
1252 4248 1312 4328 γὼς

58 4334 96 4399 τά
109 4332 204 4418 σκεύη.
227 4337 243 4376 ⁹
258 4336 308 4398 καί
325 4334 433 4418 ἤκουσε
451 4331 533 4398 Θοού
548 4332 565 4398 5
559 4339 662 4482 ιβασι·
702 4333 775 4408 τοὺς
790 4330 895 4410 πόδας.
935 4335 1016 4401 *nai
1034 4336 1110 4401 είπεν
1128 4333 1146 4400 5
1163 4281 1310 4419 βασιλεύς.

58 4418 121 4494 λεύς
137 4415 261 4500 Ἠμάθ,
287 4413 333 4481 ὅτι
351 4418 478 4492 ἐπάταξε
491 4419 568 4482 Δαυ’
605 4422 663 4481 πᾶ·
702 4422 765 4481 πού
785 4409 892 4494 ούτος,·
918 4422 968 4483 καί
987 4420 1063 4483 εἶπεν
1076 4417 1154 4498 Σιβά
1168 4415 1244 4498 πρὸς
1256 4415 1312 4479 τὸν

58 4529 114 4568 σαν
140 4500 195 4584 τὴν
216 4496 335 4582 δύναμιν
352 4498 535 4588 Ἀδρααζάρ,
573 4500 666 4563 10καὶ
702 4500 832 4566 Βασιλέα.
873 4499 937 4565 ἰδού
964 4505 995 4564 ἐν
1021 4502 1094 4581 οίκῳ
1113 4498 1312 4639 ΜαχίρΑυίρβ

1242 4600 1292 4653 μυί
