2924 4972
155 256 220 321 540
568 250 770 312 ΕΣΘΗΡ
811 253 878 325 Κεφ
908 247 992 309 α’..1

155 351 389 365 ————-———--

155 383 276 478 λιμῆσρι
291 379 411 439 δικαίων
425 379 520 447 ἔθνος.
547 398 597 436 και
591 370 703 435 ίδὀιί’
693 376 763 454 ημέ-
793 397 849 473 τρυ
836 368 1056 435 π’λούτσυ
1019 375 1115 434 αυτοῦ
1142 370 1205 434 ἐν
1191 374 1311 476 ημέραις
1329 375 1403 438 ἑκα-

153 491 193 549 ριι
210 454 336 566 σκότους
360 458 411 557 καὶ
433 453 562 535 γνόφου,
588 455 695 534 θλίψις
712 457 761 518 καί
793 452 845 518 τόν
858 450 1052 537 δγδοίκοντα.
1092 450 1168 517 ὅὅτε
1182 456 1213 518 δι’
1227 455 1401 564 ἀντιπληρώ-

154 547 345 627 στενοχωρία,
359 536 487 614 κάκωσις
498 565 549 602 και
542 533 693 641 τάραχος
709 541 762 620 μέ·
792 548 891 639 θησαν
905 540 938 600 66
933 533 1055 641 ἡμέραι
1068 541 1126 600 106
1136 534 1250 618 γάμου,
1265 541 1403 648 ἐποίησεν

154 654 208 706 γας
226 628 332 690 ἐπί”
295 649 346 707 της
362 627 431 707 765,
456 649 507 686 και
488 618 744 725 ’ἐταράχθη
701 624 762 684 πᾶν
793 617 961 705 ὃβασιλεύς
973 644 1071 684 ποτον
1088 630 1151 694 τοῖς
1165 625 1261 726 ε”θνερι
1273 634 1339 697 τοῖς
1352 621 1403 687 εἶι-

156 717 246 783 ἔθνος
266 709 382 814 δίκαιον
400 700 577 804 φοβούμενοι
594 729 633 767 τα
646 707 762 768 εαυτιόν
813 708 958 768 εθεῖσιν’
934 728 973 776 ιις
989 702 1043 785 166
1060 698 1183 767 πόλιν’
1168 706 1218 768 ιπί
1215 701 1341 831 ἡμέρας
1354 710 1401 782 ἓξ,

156 791 249 865 κακά,
268 817 319 854 και
312 784 562 892 ἠτοιμάσθησαν
578 785 762 861 ἀπολέσθαι,
793 728 877 851 66³
842 784 974 890 6666
939 812 1023 850 οικου
1042 811 1097 849 106
1082 788 1260 893 βασιλέως
1315 814 1401 853 κεκο-

156 904 207 941 και
200 869 355 975 ἐβόησαν
366 871 442 972 πρὸς
458 869 511 934 τὸν
528 867 610 934 θεόν.
648 867 716 975 6316
731 868 760 932 δι’
793 894 919 973 ομημενη
931 873 1018 975 βυσσ
1018 893 1077 944 νοις
1086 896 1136 934 και
1145 896 1340 953 καρπασινοις
1353 898 1401 936 τε·

156 966 209 1042 165
231 962 301 1057 βοῆς
320 954 419 1020 αὐτῶν
440 957 552 1031 ἐγένετο
575 950 676 1058 ηἰςανεί
700 950 761 1016 6116
794 955 928 1035 ταμένοις
947 953 997 1015 ἐπί
1020 959 1160 1057 σχοινίοις
1181 958 1331 1040 βυσσίνοις
1349 958 1402 1020 καί

157 1044 263 1139 μικρᾶς
279 1044 389 1146 πηγῆς
396 1035 533 1141 ποτριμός
540 1040 655 1138 με’γας,
681 1033 762 1120 ὕδωρ
793 1037 1033 1144 πορφυρρῖς,ε’πι
1020 1031 1139 1120 κύβοις
1147 1048 1268 1121 χρυσοῖς
1280 1042 1330 1102 καί
1344 1037 1400 1124 66-

157 1120 244 1190 πολύ.
271 1125 322 1186 καί
338 1124 422 1222 ῳῶς
420 1123 471 1184 καί
488 1145 505 1183 0
492 1116 607 1203 ’ἥλιος
626 1117 761 1192 ἀνέτειλε,
793 1130 906 1203 γυροῖς,
917 1122 966 1182 ε’πι
960 1117 1095 1193 ’στύλοις
1106 1127 1243 1223 πυρίνοις
1256 1146 1306 1184 και
1300 1121 1401 1187 ’λιθί-

157 1209 209 1272 καὶ
221 1211 250 1270 σί
263 1230 396 1271 ταπεινοι
389 1199 597 1309 δ’χιιόθησαν,
611 1206 661 1266 καί
675 1205 763 1266 κατέ·
795 1226 863 1275 νοις.
889 1201 985 1265 κλίναι
1006 1215 1116 1288 χρυσαῖ
1130 1207 1180 1268 καί
1203 1201 1333 1287 ἀργυραῖ
1350 1210 1401 1272 ἐπὶ

158 1314 255 1372 ηαγον
278 1287 348 1364 τούς
371 1283 511 1362 ἐνδόξους.
537 1313 588 1350 και
581 1287 762 1387 διεγερθεὶς
795 1279 1002 1391 λιθοστρώτου
1014 1287 1217 1394 ρμαραχδίτου
1230 1287 1333 1362 λίθου,
1350 1291 1400 1353 καὶ

158 1366 388 1458 Μαρδοχαῖος’
376 1397 393 1471 6
412 1367 552 1473 ἑωρακώς
573 1365 610 1433 16
628 1365 763 1433 ἐνύπνιον
794 1373 940 1442 πιννίνου,
970 1369 1059 1432 καί
1050 1376 1178 1454 πυρίνου
1212 1371 1311 1435 λίθου
1350 1380 1401 1436 καί

157 1462 261 1530 τοῦτο,
276 1459 325 1518 καὶ
340 1460 369 1517 τί
380 1449 397 1516 6
411 1452 482 1527 θεὸς
493 1449 682 1552 βεβούλευται
695 1477 762 1514 ποι
795 1475 954 1557 στρωμναι
939 1451 1111 1551 ’διαφαχεῖς
1125 1452 1266 1528 ποικίλως
1285 1455 1401 1578 διηνθι-

157 1545 242 1623 ῆσαι,
255 1534 373 1637 εἶχεν
337 1560 412 1599 αυτο
431 1539 461 1598 ἐν
479 1561 508 1626 13
503 1536 653 1637 6666666,
669 1536 723 1636 καί
733 1537 762 1596 ἐν
795 1538 906 1637 σμεναι,
919 1529 1017 1616 κύκλῳ
1031 1531 1108 1641 6666
1120 1541 1303 1640 πεπασμένα.
1323 1539 1398 1603 7-πο

158 1624 248 1686 παντί
250 1615 350 1719 ’λόγῳ
369 1607 518 1718 ἤθελιν”
504 1641 660 1695 επιγνωναι
687 1614 761 1681 6616
794 1615 881 1701 16966
893 1621 986 1702 χρυσᾶ
999 1620 1050 1682 καί
1062 1616 1192 1726 667666‚
1217 1646 1269 1685 και
1261 1618 1399 1724 ’ἀνθρά-

159 1710 214 1778 ἕως
227 1706 278 1785 165
291 1697 402 1774 νυκτός.
430 1706 480 1765 καί
494 1698 618 1804 ἢρύχασε
631 1701 762 1807 Μρρδσ-
793 1725 871 1764 κινον
883 1701 1011 1765 κυλίκιον
1021 1707 1207 1788 προκείμενον
1217 1701 1279 1768 άπσ
1268 1701 1393 1768 ’ταλάν-

158 1789 273 1891 χαῖσςί
274 1788 342 1869 616
365 1782 446 1886 6666
460 1783 532 1887 μετὰ
553 1787 587 1847 Γ
584 1783 689 1871 αβαθα
712 1785 763 1847 καὶ
794 1808 854 1847 των
871 1790 1105 1892 τριςμυρίων.ο
1089 1785 1167 1860 σίνος
1183 1784 1277 1861 πολύς
1293 1786 1392 1890 καὶῆ

164 1866 269 1954 Θάββα
282 1873 343 1932 τῶν
355 1863 446 1932 δύο’
422 1863 565 1971 εηινούχων
577 1893 631 1931 106
616 1866 762 2014 βασιλέ-
795 1865 901 1942 διἰς,
883 1893 918 1932 ον
931 1864 1023 1943 66165
1037 1865 1054 1932 6
1067 1867 1317 1974 666666656116666.
1349 1870 1391 1912 ⁸
1379 1897 1398 1934 0

159 1982 209 2029 65,
235 1956 296 2016 τῶν
308 1947 563 2054 φυλασσόντων
533 1974 585 2034 την
598 1978 636 2015 αυ
657 1976 761 2056 ην,
728 1978 762 2033 η·
794 1945 878 2013 δὲ’
837 1976 932 2026 ποτος
947 1944 1036 2027 οὗτος
1057 1950 1094 2054 06
1115 1952 1193 2017 κατά
1209 1959 1398 2056 προκείμενον

159 2038 252 2136 κρυσὲ
264 2058 295 2098 τε
319 2033 420 2098 αὐτῶν
442 2031 513 2108 τούς
534 2035 693 2136 λοχισμους
711 2037 762 2098 καί
794 2030 882 2116 νόμον
899 2036 1021 2140 ἕγένετρ.
1053 2032 1150 2111 οὕτως
1169 2037 1201 2101 δὲ
1217 2036 1390 2145 66666666'
1380 2066 1397 2102 ιι

160 2117 213 2193 165
225 2123 361 2221 μερίμνας
374 2115 474 2181 αὐτῶν
475 2112 683 2220 ἕξηρεόνησιν.
712 2119 762 2181 καλ
792 2116 943 2202 βασιλεὺς,
957 2144 1008 2181 και
1000 2119 1140 2195 ἐπέταξε
1154 2132 1216 2196 τοῖς
1229 2120 1397 2205 οἰκονόμοις

160 2206 285 2284 ἔμαθεν,
310 2198 357 2265 δτι
380 2197 621 2283 ἑτοιμάζουσι
588 2227 642 2275 τας
666 2212 762 2308 χεῖρας
793 2204 919 2303 11066066
944 2197 981 2265 16
999 2201 1181 2326 θέλημα
1144 2210 1241 2268 αυτοῦ
1265 2208 1399 2269 καὶτῶν

160 2284 445 2394 ἔπιβαλεῖνἈρταξ
431 2286 479 2369 ερξ
480 2312 498 2377 η
511 2308 554 2366 τῳ
539 2283 709 2389 βασιλεῖ.
712 2287 763 2348 καὶ
794 2280 1014 2384 ἀνθρώπων9
1027 2312 1077 2350 και
1071 2286 1189 2351 ’Ἀστίν
1207 2283 1398 2372 ηβασίλισσα

159 2366 287 2495 ὑπέδειξε
258 2370 348 2470 ξτῳ
335 2356 485 2470 βασιλεῖ
494 2370 561 2470 περὶ
575 2367 683 2433 αιἰτων.
712 2369 763 2431 καί
794 2368 914 2450 ἐποίησε
931 2363 1027 2432 116106
1051 2380 1117 2470 τρεῖς
1134 2373 1318 2448 γυναιξίνέν
1303 2382 1397 2446 ντοῖς

159 2454 305 2557 εςητασεν
311 2476 328 2514 ο
316 2433 480 2554 ’βασιλεὺς
498 2451 570 2525 τούς
589 2447 688 2515 δύο
659 2451 762 2514 ευνού-
792 2447 997 2615 66616660655'
977 2477 1054 2515 σπου
1067 2479 1084 2517 0
1070 2449 1231 2559 βρισιλεύς
1239 2452 1365 2555 Ἀρταξέ
1350 2480 1394 2560 ε-ρ

157 2561 242 2620 χους,
255 2561 306 2599 και
299 2530 556 2636 ’ὁμολογήσαντες
571 2530 840 2637 ἀπήχθησανης
920 2533 1054 2598 ἰδὲ
1018 2560 1053 2625 τη·
1073 2533 1165 2638 ιἡμέρη
1185 2563 1215 2600 τ
1203 2566 1230 2647 χ
1207 2534 1396 2638 εβδόμηη·

158 2621 209 2683 καὶ
202 2621 357 2721 ε”γραιμεν
376 2645 392 2682 ο
380 2613 546 2720 βασιλεύς
564 2643 634 2690 τους
653 2616 762 2694 λογους
793 2617 866 2690 δέως
887 2613 1039 2701 γενόμενος
1068 2616 1085 2682 6
1110 2596 1248 2726 βασιλεὺς
1272 2611 1338 2686 εἶπε
1353 2627 1396 2704 τῷ

158 2727 281 2775 1061065
293 2707 331 2774 εδ,
343 2725 543 2782 μνημοσυνσν,
568 2726 619 2763 και
612 2700 762 2802 Μαρδο
787 2698 895 2781 Ἀμάν,
922 2727 973 2764 και
966 2702 1113 2779 ’Βαζάν,
1140 2731 1191 2768 και
1184 2704 1319 2806 Θαβρα,
1345 2708 1396 2804 666

156 2796 241 2869 χαῖος
254 2786 366 2941 ἔγραψε
380 2787 515 2883 περὶτῶν
527 2779 625 2860 λόγων
638 2780 760 2847 τούτων.
792 2786 922 2889 Βρραζί,
936 2810 986 2847 και
979 2785 1164 2891 ’Ζαθολθίη
1178 2814 1228 2851 και
1222 2785 1378 2889 ’Ἀβαταζ’
1364 2815 1394 2861 α,

156 2870 207 2931 καί
225 2868 333 2941 ἐπέταξ
335 2890 362 2929 εν
380 2890 397 2927 ο
385 2863 551 2968 βασιλεύς
569 2867 760 2971 Μαρδοχαίῳ
793 2893 844 2930 και
837 2842 989 2966 ”Θαραβδι
1003 2881 1065 2944 τοῖς
1080 2869 1157 2934 ἑπτά
1172 2866 1317 2972 εὐνούχοις
1331 2880 1393 2944 τοῖς

156 2945 330 3053 θεραπεύειν
354 2951 385 3011 ἐν
410 2952 449 3040 16
474 2947 565 3050 αύλη,
580 2976 630 3013 και
623 2950 760 3056 ’ὲδῳκεν
792 2945 939 3024 διακόνοις
958 2976 1014 3014 του
1004 2952 1177 3055 βασιλέως
1187 2951 1391 3052 Αρταςερξοι

156 3032 242 3114 αὐτῷ
266 3027 383 3135 δόματοχ
407 3035 474 3116 περί
498 3020 621 3096 τούτων.
647 3034 698 3097 καὶ
724 3024 760 3117 ἦν
792 3037 852 3073 ¹¹
828 3059 857 3097 ει
853 3047 986 3110 αγαγειν
998 3060 1052 3118 την
1065 3036 1236 3139 βασιλισσαν
1248 3059 1323 3117 προς
1336 3060 1387 3097 αυ

153 3097 246 3219 Ἀμάν
264 3110 443 3198 Ἀμαδάθου
466 3121 618 3194 Βουγαῖος
643 3117 760 3193 ε”νδοξος
792 3117 853 3217 τόν,
854 3117 1029 3219 βασιλεύειν
1041 3141 1164 3222 αυτην,
1165 3141 1214 3179 και
1209 3117 1392 3219 ’περιθεῖνρι

155 3197 280 3264 ε’νιόπισν
304 3202 359 3262 τοῦ
383 3197 542 3303 βασιλέως,
567 3204 619 3264 καὶ
644 3197 759 3309 ἔζητηρε
792 3199 867 3293 6616
889 3200 925 3263 16
947 3197 1088 3305 διάδημα,
1113 3225 1165 3262 και
1158 3198 1335 3272 δἐῖξαι
1292 3199 1394 3301 αυτην

155 3286 356 3384 κακοποιῆσαι
369 3281 545 3384 τὸνΜαρδο
564 3294 630 3347 αῖον
642 3288 694 3348 καί
706 3282 759 3349 τόν
790 3295 852 3358 τοῖς
871 3283 1009 3386 άρχουσι
1010 3285 1136 3356 καὶτοῖς
1152 3285 1248 3347 ε’θιέσι
1266 3281 1303 3346 τὸ
1318 3279 1392 3347 κάλ-

154 3364 277 3433 λαὸν’
242 3371 354 3441 αυτοῦ,
381 3363 456 3450 ὑπὲρ
473 3309 602 3432 τώνδύο
614 3363 758 3470 εύνρύχιρν
790 3368 841 3442 λος
860 3361 1009 3451 66165,‘'
991 3391 1037 3430 οτι
1043 3363 1210 3469 καλίηήνρ
1230 3365 1393 3432 12καὶοιίκ

154 3477 210 3515 106
198 3449 374 3552 βασιλεως
395 3454 490 3515 1και
475 3474 589 3527 εγενετο
602 3448 674 3532 μετά
688 3450 758 3526 1065
789 3446 969 3553 είςηκουσεν
962 3448 1058 3515 αὐτοῦ
1077 3445 1210 3553 Ἀστίν
1197 3466 1214 3532 η’
1233 3451 1394 3557 βασίλισσα

153 3531 258 3612 λόγους
276 3529 400 3637 τούτρυς
418 3536 448 3596 ἕν
466 3544 531 3606 ταῖς
549 3529 668 3618 ἡμέραις
687 3533 757 3638 Ἀρ-
789 3533 886 3598 ἐλθεῖν
893 3533 976 3635 μετὰ
994 3538 1056 3597 τῶν
1074 3531 1226 3635 εύιούχωι.
1252 3561 1304 3598 και
1296 3535 1393 3599 ’ἐλυ-

153 3621 303 3719 ταξίρξου,
331 3598 419 3690 06105
444 3615 461 3679 6
483 3614 710 3720 Ἀρταξερξης’
693 3618 755 3683 απδ
788 3613 875 3700 πάθη
888 3643 906 3681 0
893 3614 1056 3703 βασιλευς
1068 3644 1118 3680 και
1112 3615 1278 3719 ’ὠργίσθη
1305 3619 1330 3657 ¹³
1341 3644 1392 3679 και

152 3705 205 3782 165
215 3699 364 3799 Ἰνδικῆς’
351 3698 457 3764 εκατὸν
470 3701 638 3765 εἰκοσιεπτά
640 3727 756 3809 χωρων
789 3700 850 3765 εἶπε
870 3713 931 3774 τοῖς
950 3698 1101 3779 φ’ίλσις
1065 3706 1169 3798 66106.
1205 3697 1282 3763 κατά
1293 3702 1390 3762 ταῦτα

153 3778 319 3927 ἐκράτησεν.
359 3781 472 3845 2ἐν’
436 3794 542 3857 αυταις
556 3795 621 3859 ταις
635 3810 756 3870 ημεραις
788 3780 943 3884 ελάλησεν
942 3781 1053 3858 Ἀστίι,
1079 3780 1223 3893 ποιήσατε
1248 3769 1333 3889 σόη.
1325 3782 1392 3866 περί

152 3865 201 3930 ὅτε
228 3867 391 3966 ἐθρονίσθη
406 3864 543 3966 βησιλεύς
565 3865 755 3953 Ἀρταξέρξης
788 3862 1178 3969 τούτουνόμονκαὶκρίσιν.
1204 3865 1233 3907 ¹⁴
1243 3894 1293 3931 και
1302 3891 1393 3950 προς

152 3953 183 4012 ἔν
196 3943 328 4022 Σούσοις
345 3974 382 4041 τη
369 3946 499 4024 πόλει,
525 3951 645 4053 ³616
663 3957 754 4056 τρίτῳ
790 3949 932 4031 ἢλθεν
898 3975 980 4031 αυτῳ
998 3949 1190 4052 Ἀρκεσαῖος,
1203 3952 1254 4013 καί
1271 3957 1394 4032 Σαρσσ·

151 4021 543 4142 6'16666166606105’661065
569 4016 657 4115 δοχίην
670 4036 755 4096 ἐποί-
787 4036 945 4106 666055666
953 4032 1158 4132 Μαλισεαρ
1128 4060 1159 4097 οι
1145 4058 1306 4140 αρχοντες
1313 4039 1394 4116 Περ-

151 4116 202 4201 ἠσε
218 4129 280 4191 τοῖς
294 4116 390 4198 φίλοις
403 4117 455 4179 καὶ
467 4126 529 4190 τοῖς
542 4115 659 4217 λοιποῖς
672 4119 755 4180 ἐθιε·
789 4120 849 4180 σῶν
861 4143 912 4180 και
905 4111 1060 4199 ’Μηδων,
1088 4120 1120 4179 06
1139 4120 1224 4194 ε’γγιις
1242 4142 1296 4181 του
1282 4120 1395 4216 ”;βασι

151 4226 195 4274 σι,
222 4203 271 4264 καί
289 4209 354 4274 τοῖς
367 4202 494 4306 Περσων
509 4224 560 4264 και
553 4194 723 4298 ’Μάδων’
709 4225 752 4265 εν-
787 4199 925 4274 66655‘
894 4226 925 4265 οι
942 4226 1060 4280 πρωτοι
1079 4194 1329 4303 παρακαθήμενοι
1350 4202 1395 4282 τῷ

150 4279 263 4359 δόξοις,
293 4284 345 4391 καί
356 4293 420 4355 τοῖς
432 4279 555 4362 άρχουσι
568 4307 629 4382 τωρ
642 4308 753 4383 σατρα-
785 4283 952 4388 βρισιλεῖ,
943 4285 969 4326 ¹⁵
983 4310 1034 4348 και
1027 4279 1276 4386 ’άπάγγειλαν’
1240 4308 1323 4364 αυτῳ
1337 4310 1395 4354 κα·

149 4371 223 4433 πων.
251 4367 331 4430 4καί
348 4361 421 4465 μετά
439 4366 538 4427 ταῦτα
554 4362 627 4445 μετὰ
647 4391 682 4431 το
671 4363 754 4432 δεῖ·
787 4364 824 4431 16
836 4365 906 4442 τούς
921 4363 1041 4468 νόμους,
1050 4365 1090 4440 ὡς
1104 4369 1146 4430 δεῖ
1157 4371 1281 4450 ποιησαι
1295 4350 1394 4470 Ἀρτὶν

148 4447 249 4524 ξαι’
212 4458 317 4551 661065
329 4444 382 4511 τόν
399 4445 582 4512 πλοῦτον
544 4474 599 4552 της
606 4451 753 4552 βασιλείας
787 4475 821 4542 τη
808 4447 1041 4550 βασιλίσση,”
1023 4474 1069 4513 οτι
1083 4449 1138 4513 οὐκ
1151 4410 1314 4530 ἐποίησε’
1280 4476 1320 4515 τα
1334 4446 1394 4514 υπὸ

138 4529 385 4612 661065666166
403 4524 542 4610 δόξαν
505 4557 555 4619 της
571 4531 752 4621 εὐηροσύνης
787 4558 840 4598 του
827 4521 999 4620 βασιλέως
1018 4533 1252 4620 προςταχθεντα
1265 4529 1315 4597 διά
1334 4556 1397 4598 των

1345 4614 1395 4681 εό-
