2924 4972
156 216 221 280 170
448 214 726 276 ΑΡΙΘΜΟΙ
764 205 1115 296 Κεῳ.λα’.λβ.31.3λ.

154 331 206 394 καί
216 323 279 393 άπὸ
292 333 353 394 τῶν
371 327 464 403 ὄνων,
489 331 542 392 καί
557 325 619 392 άπὸ
637 324 760 394 πάντων
794 337 854 391 θον
870 326 948 411 πρὸς
964 332 1104 413 Μωυσῆν
1126 326 1235 403 πάντες
1257 333 1288 393 οἱ
1305 341 1402 394 καθε-

154 415 215 478 τῶν
240 415 362 495 κτηνῶν.
387 410 439 475 καί
464 406 565 485 δῶσεις
591 406 671 475 αὐτὰ
697 421 760 485 τοῖς
795 412 931 492 σταμένοι
944 414 983 485 εἱς
996 409 1050 487 τάς
1066 412 1229 497 χιλιαρχίας
1242 416 1296 492 τῆς
1309 409 1399 477 δυνά-

153 500 292 568 Λευίταις
310 504 374 570 τοῖς
394 486 574 574 φυλάσσουσι
591 489 645 568 τὰς
662 493 760 573 φυλα·
792 517 867 576 μεως
899 492 1045 579 χιλίαρχοι
1088 496 1141 558 καί
1176 489 1397 578 ἑκατόνταρχοι,
1432 567 1435 573 ,

153 575 208 654 κάς
220 580 251 642 έν
263 581 300 670 τῆ
313 580 406 669 σκηνῆ
417 581 526 680 κυρίου.
553 577 580 617 ³¹
593 577 645 675 καί
655 578 758 683 ἐροίη·
793 575 825 618 ⁴⁹
838 576 890 639 καί
901 572 991 640 εἶπαν
1010 574 1086 660 πρὸς
1103 581 1252 678 Μωυσῆν.
1279 581 1310 641 οἱ
1322 591 1397 642 παῖ-

155 687 186 727 σε
207 667 347 742 Μωυσης
371 658 423 724 καί
458 655 591 744 Ελεάζαρ
619 683 636 722 ο
669 683 759 744 ιερευς
792 658 839 733 δές
863 683 916 723 σου
942 653 1081 742 είλῆῳασι
1098 654 1134 722 τό
1150 660 1311 739 κεφαλαιον
1335 667 1396 725 τῶν

154 745 239 808 καθά
265 743 402 818 συνέταξε
431 736 531 827 κύριος
555 745 600 824 up*
625 745 757 828 Μωυσῆ.
792 738 908 827 άνδρῶν
920 745 981 804 τῶν
997 740 1181 823 πολεμιστῶν
1198 747 1261 807 τῶν
1272 739 1396 845 παρ’ῆ·

153 829 184 868 ³²
196 828 248 891 καί
257 820 384 909 έγενῆδη
394 823 429 889 τὸ
438 819 608 905 πλεόνασμα
617 827 670 906 τῆς
680 848 760 909 προ·
790 836 858 906 μῖν,
883 825 936 888 καί
948 821 985 889 οὗ
997 818 1216 906 δωπεῳῶνηκεν
1227 821 1277 888 ἀπ’
1294 829 1395 889 αυτῶν

153 911 245 990 νομῆς
267 904 286 972 ὃ
308 903 524 994 προενόμευσαν
552 911 583 972 οἱ
605 905 708 993 άνδρες
729 909 759 971 οἱ
791 903 862 970 οὐδὲ
879 905 924 981 εἱς.
972 908 1004 950 ⁶⁰
1023 908 1076 971 καί
1093 902 1340 991 προςενηνόχαμεν
1356 906 1392 970 τὸ

154 986 406 1073 πολεμισταὶάπό
422 995 516 1055 τῶνστ
552 986 663 1075 βάτων,
689 991 759 1065 έξα-
791 989 889 1073 δῶρον
900 993 992 1075 κυρίῳ
1006 987 1082 1076 ἇνῆρ
1096 981 1189 1074 όεάρε
1204 995 1307 1065 σκεῦος
1324 1015 1394 1075 χρυ-

155 1069 254 1139 κόσιαι
269 1068 393 1158 χιλιάδες
411 1074 463 1138 καί
486 1016 688 1158 έβδόμῆκοντα
706 1073 759 1142 καί
792 1077 863 1137 σοῦν
875 1071 926 1136 καί
938 1072 1068 1155 χλιδῶνα
1078 1073 1130 1136 καί
1140 1072 1264 1154 ψελλιον
1277 1075 1328 1138 καί
1339 1075 1393 1137 δα-

155 1159 242 1222 πέντε
253 1153 384 1240 χιλιάδες.
423 1156 452 1197 ³³
466 1159 518 1220 καί
532 1152 615 1243 βόες,
638 1150 693 1220 δάο
705 1155 758 1219 καί
791 1150 909 1220 κεὺλιον
921 1153 972 1218 καί
988 1155 1153 1239 περιδέξιον
1170 1157 1223 1218 καί
1234 1152 1395 1239 ε’μπλόκιον

154 1240 355 1325 έβδομῆκοντα
378 1233 512 1323 χιλιάδες.
552 1238 584 1280 ³⁴
607 1241 659 1304 καὶ
682 1235 757 1312 όνοι,
791 1236 987 1313 ἐξιλάσασθαι
999 1240 1067 1322 περί
1077 1235 1159 1322 ῆμῶν
1173 1240 1268 1303 έναντι
1282 1245 1394 1324 κυρίου.

152 1329 207 1389 ιιία
221 1325 272 1387 καί
284 1320 427 1405 έξῆκοντα
438 1318 572 1406 χιλιάδες.
598 1322 627 1365 ³⁵
633 1322 685 1386 καί
697 1340 758 1404 ψυ-
791 1323 817 1363 ⁵¹
830 1322 881 1385 καί
893 1320 981 1407 ἔλαβε
1000 1326 1137 1404 Μωυσῆς
1154 1323 1205 1385 καί
1218 1318 1362 1407 Ἐλεάζαρ
1376 1318 1393 1385 ὁ

152 1408 203 1490 χαί
215 1403 388 1485 ἀνθρώπων
407 1401 471 1468 άπὸ
483 1408 545 1470 τῶν
554 1408 712 1480 γυναικῶν,
726 1409 760 1467 αἱ
791 1401 882 1489 ἱερεὺς
905 1400 941 1467 τὸ
961 1409 1082 1489 χρυσίον
1106 1401 1176 1484 παρ’
1206 1402 1307 1469 αὐτῶν
1331 1410 1394 1469 πᾶν

153 1485 209 1552 οὐκ
235 1490 366 1563 ἔγνωσαν
392 1491 493 1569 κοίτην
517 1483 635 1572 ἀνδρὸς,
660 1491 757 1550 πᾶσαι
791 1491 893 1562 σκεῦος
917 1488 1112 1571 εἰργασμένον.
1150 1489 1180 1530 ⁵²
1205 1489 1256 1550 καί
1281 1490 1393 1564 ἐγένετο

153 1569 259 1655 ψυχαί,
283 1563 337 1633 δάο
362 1568 415 1633 καί
439 1564 600 1654 τριάκοντα
624 1569 756 1654 χιλιάδες.
790 1573 852 1635 πᾶν
865 1566 901 1633 τό
913 1573 1031 1654 χρυσίον
1047 1568 1084 1633 τὸ
1102 1566 1182 1650 άφαί
1198 1595 1252 1652 εμα
1270 1567 1290 1633 δ
1309 1569 1394 1651 ἀφεῖ-

153 1654 185 1694 ³⁰
197 1653 249 1717 καί
270 1646 395 1736 ἕγενῆθη
416 1650 452 1717 τὸ
476 1647 616 1737 ῆμίσευμα
638 1649 658 1737 ῆ
679 1654 757 1738 μερίς
790 1652 843 1717 λον
854 1657 961 1738 κυρίῳ,
987 1653 1140 1716 ἑκκαίδεκα
1156 1595 1281 1737 χιλιάδες
1299 1656 1350 1717 καί
1362 1655 1392 1716 έ-

154 1740 215 1801 τῶν
228 1737 487 1821 ίκπεπορευμένων
505 1741 544 1812 είς
561 1734 615 1801 τόν
627 1731 757 1816 πόλεμον
789 1731 945 1801 πτακόσωι
965 1736 1017 1799 καί
1028 1731 1210 1819 πεντῆκοντα
1223 1737 1317 1801 σίκλσι
1330 1763 1393 1800 πα·

154 1821 185 1882 ἐκ
198 1822 253 1882 τοῦ
267 1816 401 1904 ἀριθμοῦ
411 1824 473 1884 τῶν
485 1816 658 1968 προβάτων,
671 1844 757 1903 τρια-
790 1815 830 1904 ριὶ
843 1823 904 1883 τῶν
914 1813 1072 1942 χιλιάρχων
1083 1820 1135 1883 καὶ
1147 1818 1233 1904 παρὰ
1246 1825 1306 1884 τῶν
1319 1821 1391 1883 ἑκα-

154 1897 251 1968 κόσιαι
268 1903 321 1968 καί
336 1896 500 1989 τριάκοντα
516 1928 543 1987 χι
564 1898 640 1978 ιάδες
657 1903 709 1966 καί
727 1902 756 1963 έ-
789 1896 967 1985 τοντάρχων.
995 1904 1009 1944 ³
1037 1903 1088 1965 καί
1099 1903 1131 1966 οἱ
1143 1899 1242 1987 ἄνδρες
1255 1906 1287 1966 οἱ
1298 1902 1390 1966 πολε·

153 1986 338 2069 ιττακιςχίλια
365 1985 416 2050 καὶ
437 1980 626 2050 πεντακόσια.
663 1984 693 2025 ³⁷
706 1984 758 2048 καὶ
788 1985 889 2065 μισταὶ
905 1980 1126 2068 έπρονόμευσαν
1143 1988 1265 2059 ἕκαστος
1282 1987 1390 2067 ἑαυτῷ.

153 2069 267 2144 ἐγένετο
279 2067 315 2133 τὸ
327 2069 412 2143 τέλος
424 2072 516 2153 κυρίῳ
527 2065 593 2131 ἀπὸ
605 2070 666 2132 τῶν
678 2090 757 2153 προ·
789 2066 820 2110 ⁶⁴
832 2068 885 2130 καὶ
895 2067 987 2153 ἔλαβε
1000 2071 1137 2151 Μωυσῆς
1155 2069 1207 2131 καί
1215 2064 1357 2151 Ἐλεάζαρ
1371 2063 1390 2132 ὁ

152 2144 253 2274 βάτων
271 2145 422 2227 ἑξακόσιαι
440 2144 643 2250 ίβδομῆκοντα
659 2151 754 2215 πέντε.
789 2144 879 2236 ἱερεδς
890 2146 926 2214 τὸ
938 2154 1058 2235 χρυσίον
1067 2146 1153 2234 παρά
1162 2155 1222 2214 τῶν
1233 2146 1391 2234 χιλιάρχων

168 2233 241 2297 ε’καί
251 2230 329 2318 βόες,
342 2235 375 2309 ἔξ
386 2232 439 2296 καί
450 2257 610 2318 τριακοντα
621 2228 755 2317 χιλιάδες,
788 2234 839 2297 καί
852 2230 939 2319 παρὰ
953 2237 1012 2297 τῶν
1025 2228 1259 2317 ἑκατοντάρχων,
1272 2235 1324 2298 καί
1335 2238 1390 2309 είς-

153 2316 205 2379 καὶ
216 2315 254 2378 τὸ
268 2316 354 2390 τέλος
366 2319 472 2400 κυρίῳ,
497 2309 551 2380 δύο
565 2318 616 2380 καί
628 2312 755 2418 ἑβδομῆ·
789 2310 901 2399 ῆνεγκεν
914 2312 994 2378 αὐτὰ
1006 2319 1045 2390 είς
1057 2314 1114 2398 τῆν
1125 2314 1235 2399 σκηνῆν
1247 2321 1302 2381 τοῦ
1313 2342 1390 2400 μαρ-

153 2422 253 2462 κοντα.
279 2398 310 2439 ³⁹
325 2399 375 2462 καί
387 2396 461 2474 όνοι,
487 2393 648 2485 τριάκοντα
658 2400 755 2484 χιλια-
787 2404 904 2484 τυρίου,
916 2392 1098 2480 μνημόσυνον
1110 2403 1171 2465 τῶν
1183 2401 1256 2465 υἱῶν
1265 2395 1390 2486 Ἰσραῆλ

152 2482 197 2557 δες
209 2484 260 2546 καί
271 2476 475 2559 πεντακόσιοι,
493 2484 544 2548 καὶ
557 2478 592 2547 τό
605 2483 690 2558 τέλος
701 2509 755 2548 κυ-
787 2484 885 2547 έναντι
897 2488 1008 2565 κυρίου.

152 2571 222 2666 ρι’ῳ,
248 2560 525 2650 είςκαὶέξῆκοντα..
550 2567 584 2610 ⁴⁰
597 2568 648 2632 καί
660 2566 755 2650 ψυχαί
963 2570 1037 2630 ΚΕ
1051 2569 1090 2628 Φ.
1133 2559 1215 2630 ΛΕ.

152 2644 335 2732 ανθρώπων,
347 2649 501 2714 ἑκκαίδεκα
506 2645 644 2750 χιλιάδες,
653 2651 704 2715 καί
717 2643 753 2713 τό
787 2614 870 2714 Καὶ
894 2643 985 2731 κτῆνη
1015 2648 1135 2729 πλῆθος
1163 2636 1200 2731 ῆν
1225 2661 1288 2725 τοῖς
1313 2653 1390 2726 υἱοῖς

152 2731 237 2804 τέλος
250 2728 351 2795 αὐτῶν
368 2738 460 2816 κυρίῳ
479 2733 533 2795 δυο
552 2733 603 2794 καί
615 2724 754 2817 τριάκον-
782 2727 853 2796 Ῥου
875 2728 924 2814 ῆν,
949 2732 999 2795 καί
1013 2742 1075 2806 τοῖς
1089 2737 1161 2807 υἱοῖς
1173 2730 1245 2795 Γὰδ
1248 2780 1258 2808 ,
1271 2733 1391 2817 πλῆθος

153 2837 192 2876 τα
206 2817 309 2897 ψυχαί.
344 2812 373 2853 ⁴¹
384 2815 436 2876 καί
454 2814 545 2877 έδωκε
563 2817 701 2896 Μωυσῆς
719 2808 754 2877 τό
787 2841 805 2879 σ
838 2810 913 2899 ’ρα.
940 2814 992 2878 καί
1008 2812 1086 2877 εἶδον
1099 2811 1153 2898 τῆν
1169 2810 1390 2902 χῶρανἸαζῆο,

151 2895 237 2968 τέλος
257 2898 348 2981 κυρίῳ
371 2893 408 2959 τὸ
432 2892 582 2980 άῳαίρεμα
603 2900 659 2961 τοῦ
679 2899 754 2961 θεοῦ
787 2898 838 2963 καί
851 2896 905 2982 τῆν
916 2893 1018 2983 χῶραν
1030 2895 1169 2963 Γαλαάδ.
1193 2900 1244 2963 καὶ
1256 2886 1292 2983 ῆν
1305 2894 1323 2962 ὁ
1337 2874 1389 2964 τδ-

149 2975 288 3064 Ἐλεάζαρ
301 2982 345 3060 τῷ
360 2981 441 3062 ἱερεῖ,
456 2975 541 3043 καθά
554 2981 688 3056 συνέταξε
701 2974 755 3043 κά·
787 3005 845 3055 σος
862 2976 955 3057 τόπος
972 2975 1094 3064 κτῆυεσι.
1121 2981 1196 3046 2καὶ
1207 2979 1390 3067 πρσςελδόν·

152 3086 214 3146 ρισς
227 3066 272 3143 τῳ
283 3065 415 3152 Μωυσῆ.
441 3061 474 3103 ⁴²
486 3057 551 3126 άπὸ
568 3067 624 3127 τοῦ
637 3059 753 3145 ῆμισεά-
787 3088 832 3138 τες
844 3067 875 3128 οἱ
887 3060 1080 3150 υἱοίῬουβῆν
1090 3065 1141 3128 καί
1154 3069 1186 3130 οἱ
1197 3067 1256 3129 υἱοὶ
1267 3065 1338 3131 Γὰδ
1349 3067 1390 3132 εί-

150 3168 245 3225 ματος
266 3146 327 3207 τῶν
351 3146 425 3208 υἱῶν
441 3137 581 3228 Ἰσραῆλ,
594 3141 647 3221 οὓς
669 3145 755 3210 διεῖλε
786 3170 848 3212 παν
860 3145 938 3232 πρὸς
951 3151 1087 3232 Μωυσῆν
1100 3150 1151 3213 καί
1162 3145 1239 3250 πρός
1248 3145 1389 3236 Ἐλεάζαρ

153 3230 290 3308 Μωυσῆς
303 3222 367 3289 άπὸ
385 3230 446 3291 τῶν
457 3223 576 3314 ἀνδρῶν
588 3232 649 3294 τῶν
660 3229 754 3294 πολε·
787 3224 839 3293 τόν
852 3233 931 3315 ἱερέα
943 3229 1082 3317 καὶπρὸς
1095 3231 1168 3306 τοὺς
1180 3232 1325 3316 ἁρχοντας
1337 3239 1390 3318 τῆς

150 3312 267 3389 μεστῶν.
297 3307 329 3350 ⁴³
342 3310 393 3373 καί
415 3312 528 3386 ἐγένετο
550 3310 585 3377 τό
609 3309 754 3397 ῆμίσευμα
787 3317 968 3397 συναγωγῆς,
981 3313 1120 3390 λέγοντες.
1159 3312 1326 3400 3Ἀταριὶνθ
1339 3318 1390 3381 καί

151 3389 216 3456 άπὸ
229 3397 282 3477 τῆς
296 3398 467 3478 συναγωγῆς
484 3391 548 3466 ἀπὸ
561 3399 622 3460 τῶν
634 3393 754 3482 προβά·
787 3393 924 3482 Δαιβῶν,
938 3398 989 3463 καὶ
1002 3393 1117 3480 Ἰαζῆρ,
1130 3399 1182 3461 καί
1192 3398 1326 3483 Ναμρὰ,
1339 3401 1389 3463 καί

151 3500 220 3553 των,
244 3474 409 3562 τριακόσιαι
421 3478 473 3541 καί
485 3473 647 3563 τριάκοντα
658 3474 752 3563 χιλιά-
783 3475 920 3556 Ἐσεβῶν,
930 3481 981 3544 καὶ
991 3475 1124 3563 Ἐλεαλῆ,
1135 3482 1186 3545 καί
1196 3478 1328 3579 Σιβαμά,
1339 3483 1389 3546 καί

150 3560 194 3634 δες
207 3562 258 3625 καὶ
280 3561 481 3644 έπτακιςχίλια
499 3562 551 3625 καί
562 3557 753 3625 πεντακόσια.
786 3564 825 3625 N
862 3561 912 3636 αδ,
926 3562 978 3626 καί
991 3561 1102 3637 Βαιάν,
1126 3558 1201 3645 4τῆν
1210 3586 1267 3643 γην
1279 3559 1315 3644 ῆν
1327 3590 1388 3627 πα-

150 3642 183 3684 ⁴⁴
197 3646 248 3707 καί
259 3640 334 3728 βόες,
346 3646 439 3718 ἓξκαὶ
451 3641 611 3727 τριάκοντα
622 3638 752 3727 χιλιάδες.
786 3671 826 3727 ρα
846 3646 933 3710 ε’δωκε
957 3643 1058 3731 κύριος
1079 3638 1208 3709 ι’·νῶπιον
1227 3646 1289 3706 τῶν
1312 3648 1388 3708 υἱῶν

150 3723 272 3798 *έόνοα
298 3719 459 3807 τριάκοντα
476 3721 599 3809 χιλιάδες
615 3727 667 3790 καί
684 3753 754 3793 πεν-
784 3725 920 3814 Ἰσραῆλ,
945 3734 983 3811 γῆ
1008 3719 1209 3829 κτηνοτρόῳος
1233 3725 1312 3802 ἐστί,
1337 3729 1389 3791 καί

150 3801 294 3871 τακόσιοι.
322 3806 355 3848 ⁴⁶
368 3804 754 3893 καίιμυχαίάνθρῶπων,όξ
786 3823 849 3887 τοῖς
865 3819 952 3877 παισί
968 3837 1024 3876 σου
1043 3804 1130 3894 κτῆνη
1149 3804 1279 3895 υπάρχει.
1310 3810 1390 3876 5καὶ

151 3893 202 3954 καί
213 3890 286 3952 δέκα
297 3884 428 3972 χιλιάδες.
448 3890 538 3956 “aaz
550 3892 641 3980 ἔλαβε
654 3901 753 3960 Μωυ-
785 3895 892 3971 ἔλεγον.
920 3899 944 3958 εἱ
957 3891 1074 3979 εὕρομεν
1085 3892 1170 3980 χάριν
1182 3888 1309 3958 ένωσιόν
1321 3920 1389 3970 σου,

151 3977 202 4055 σῆς
220 3967 282 4035 άπὸ
301 3977 356 4035 τοῦ
379 3968 574 4057 ῆμισεάματος
598 3981 659 4040 τῶν
679 3979 753 4041 υἱῶν
785 3972 907 4059 δοθῆτω
927 3973 944 4061 ῆ
962 3982 1001 4062 γῆ
1018 3977 1096 4061 αίὶτη
1113 3989 1176 4053 τοῖς
1193 3980 1320 4052 οἰκέταις
1333 4002 1389 4043 σου

148 4052 268 4140 ὀραῆλ
286 4053 324 4117 τὸ
343 4061 375 4119 ἓν
392 4054 457 4120 άπὸ
480 4062 541 4123 τῶν
558 4053 752 4142 πεντῆκοντα,
785 4062 817 4125 έν
834 4062 1021 4145 κατασχέσει,
1045 4062 1097 4124 καί
1112 4059 1152 4144 μῆ
1170 4056 1341 4152 διαβιβάσης
1353 4055 1390 4143 ῆ-

151 4134 216 4202 ἀπὸ
241 4140 301 4201 τῶν
327 4133 498 4222 ἀνθρώπων
526 4143 578 4206 καί
603 4138 665 4204 άπὸ
692 4144 752 4205 τῶν
784 4147 841 4224 μᾶς
852 4143 909 4209 τὸν
918 4140 1081 4229 Ἰορδάνην.
1119 4144 1199 4208 6καί
1215 4142 1386 4208 εἱπεΜωυ·

150 4225 280 4301 κτηνῶν,
291 4221 343 4284 καί
361 4222 467 4287 ἔδωκεν
485 4221 565 4288 αδτά
582 4234 645 4296 τοῖς
661 4227 752 4286 Λευί-
785 4230 838 4305 σῆς
846 4238 909 4302 τοῖς
919 4231 994 4301 υἱοῖς
1002 4227 1073 4292 Γὰδ
1082 4227 1133 4292 καί
1142 4235 1205 4301 τοῖς
1215 4220 1389 4301 υἱοῖςῬου-

148 4328 213 4379 ταις
237 4314 300 4378 τοῖς
324 4300 509 4386 φυλάσσουσι
537 4303 593 4381 τάς
617 4303 752 4384 φυλακάς
782 4308 844 4395 βῆν.
871 4307 1036 4390 οἱάδελῳοί
1055 4304 1135 4410 ὑμῶν
1151 4303 1331 4393 πορεύονται
1351 4312 1392 4381 εἱς

147 4390 205 4469 τῆς.
214 4391 321 4472 σκηνῆς
333 4393 444 4474 κυρίου,
456 4385 491 4454 ὃν
500 4414 519 4453 τ
538 4384 617 4452 όπον
629 4390 751 4453 συνέτα-
784 4392 838 4457 τὸν
850 4388 989 4473 πόλεμον,
1002 4394 1053 4456 καί
1064 4402 1140 4474 υμεῖς
1150 4386 1320 4474 καθῆσεσθε
1334 4387 1390 4453 αὖ·

147 4471 176 4546 ξε
188 4469 287 4560 κέρως
299 4476 345 4559 τῳ
360 4476 493 4567 Μωυσῆ.
538 4471 752 4558 8κοιίιτροςῆλ-
783 4479 860 4555 τοῦς
881 4475 958 4538 7καὶ
969 4477 1050 4540 ἱνατί
1060 4474 1246 4558 διαστρέφετε
1259 4471 1312 4548 τάς
1324 4474 1390 4536 δια-

1307 4561 1391 4630 νοίας
