2924 4972
104 198 149 264 84
493 201 638 262 ΕΞΟΑ
653 200 723 259 ΟΣ
760 197 835 270 Κεφ.
849 190 902 274 κη’.
917 193 968 259 28.

103 313 248 392 ἐπωμίδα,
266 313 318 374 καί
330 308 384 378 τὸν
396 309 522 398 ποδήρη,
540 316 590 376 καί
602 316 711 395 χιτῶνα
743 308 876 392 ι’ίνθραξ,
902 311 953 371 καί
972 305 1148 394 σάπφειρος,
1175 312 1227 373 καί
1246 314 1351 386 ἴασπις.

103 392 307 479 κοσυμβωτδν,
331 399 383 460 καί
395 397 522 480 κίδαριν,
548 397 599 457 καί
611 389 710 474 ζώνην.
741 390 827 453 10καί
838 386 857 452 δ
868 395 965 473 στίχος
975 387 992 453 ὃ
1004 397 1114 473 τρίτος,
1126 387 1267 478 λιγύριον,
1278 391 1353 477 ἀχά·

104 478 155 540 καί
180 472 335 560 ποιήσουσι
357 477 465 550 στολὰς
489 474 576 554 ἁγίας
593 473 712 558 Ἇαριὺν
742 496 804 555 της,
817 470 996 554 ἀμέθυστος.
1020 475 1052 515 ²⁰
1066 471 1147 538 καίὸ
1162 482 1260 559 στίχος
1274 474 1291 541 ὁ
1306 480 1355 540 τέ-

104 560 157 624 καὶ
185 573 249 637 τοῖς
279 566 355 635 υἱοῖς
384 556 479 624 αὑτοῦ
504 563 544 633 εἷς
563 557 604 622 τὸ
632 560 713 642 ἱερα-
742 579 782 619 τα
802 578 862 631 τος,
886 551 1077 641 χρυσόλιθος,
1111 560 1162 622 καὶ
1186 557 1354 644 βηρύλλιον,

104 640 195 709 τεύειν
212 671 272 728 μοι.
311 643 388 706 5καὶ
406 638 496 705 αύτοὶ
513 636 662 724 λήψονται
675 637 710 703 τὸ
743 581 934 724 καλόνύχιον,
955 641 1220 726 περικεκαλυμμένα
1232 650 1354 727 χρυσίῳ,

103 734 238 813 χρυσίον,
263 727 314 790 καί
338 720 392 788 τὸν
408 718 566 800 ὑάκινθον,
591 726 642 788 καί
659 723 713 829 τήν
744 723 930 807 συνδεδεμένα
943 726 974 788 ἰν
985 730 1105 809 χρυσίῳ.
1127 729 1263 791 ε’ίττωοαν
1275 727 1351 790 κατὰ

103 806 277 892 πορφύραν,
301 807 354 871 καὶ
368 804 405 870 τὸ
424 801 573 882 κόκκινον,
598 809 714 891 κοίτην
744 812 846 890 στίχον
858 803 967 871 αὐτῶν.
984 809 1070 871 21καὶ
1083 812 1113 873 οἱ
1123 808 1205 873 λίθοι
1217 813 1353 874 ὲίττωσαν

103 888 221 1039 βήσσον.
248 890 328 955 θκαλ
342 885 496 975 ποιήσουσι
512 885 567 974 τήν
579 893 713 975 ἐπωμίδα
744 893 776 953 ἐκ
802 893 864 954 τῶν
883 884 1038 971 ὄνομιίτων
1056 895 1118 956 τῶν
1139 896 1212 957 υἱῶν
1230 890 1352 979 Ἰσραήλ

146 969 261 1060 βύσσου
278 972 493 1057 κικλωσμὲνης,
518 975 604 1058 ἔργον
617 971 714 1057 ὑφαν-
744 968 866 1038 δεκαδύο
878 973 957 1037 κατὰ
967 973 1007 1038 τὰ
1016 970 1152 1056 ὀνόματα
1161 973 1269 1039 αὐτῶν.
1281 975 1352 1052 γλυ-

102 1055 157 1121 τδν
168 1056 335 1120 ποικιλτοῦ.
347 1052 420 1123 7δύο
430 1059 571 1140 ἐπωμίδες
579 1062 713 1143 συνέχον-
745 1055 801 1135 φαὶ
813 1058 985 1140 σφραγίδων
998 1061 1123 1132 ἕκαστος
1140 1054 1268 1122 κατὰτὸ
1281 1058 1352 1122 ὅνο-

103 1165 154 1204 σαι
179 1139 297 1205 ἔσονται
322 1136 408 1224 αύτῷ
425 1142 512 1227 ἑτέρα
528 1144 583 1225 τῆν
600 1144 713 1226 ἑτέραν,
741 1165 784 1221 μα
796 1141 932 1205 ἔστωσαν
942 1144 981 1213 εἱς
993 1137 1117 1204 δεκαδύο
1130 1135 1234 1221 φνλύς,
1256 1143 1287 1181 ²²
1300 1142 1352 1204 καί

102 1223 154 1289 ἐπί
182 1234 246 1298 τοῖς
275 1223 343 1289 δυσί
373 1229 487 1311 μέρεσιν
513 1227 712 1312 ἐξηρτημένοι.
742 1247 796 1288 ποι
806 1216 874 1298 ’σεις
886 1224 936 1288 ἐπί
947 1218 982 1288 τύ
991 1221 1133 1302 λογεῖονκ
1153 1219 1269 1298 ιοσσούς
1279 1249 1352 1304 συμ-

102 1303 715 1391 ε’καὶτὸίίφασμαυο”ινέπωμίδιον,ὑ’ἐστιν
742 1330 804 1371 πεπ
834 1309 966 1389 γμένους,
994 1308 1082 1393 ἔργον
1112 1248 1294 1372 ἇλυσιδωτόν
1320 1311 1352 1371 ἐκ

102 1389 148 1455 ἐπ’
165 1388 266 1473 αύτῷ,
288 1387 367 1455 κατὰ
379 1388 433 1474 τῆν
444 1390 715 1474 ποίησινίξαύτοῦ
743 1395 863 1474 χρυσίου
876 1395 1026 1477 καθαροῦ.
1039 1391 1127 1454 23καὶ
1139 1387 1265 1494 λήψεται
1279 1387 1352 1455 ’Λα-

102 1475 187 1538 ἔσται
201 1475 233 1537 ἐκ
245 1478 365 1559 χρυσίου
376 1478 528 1560 καθαροῦ,
547 1475 599 1538 καί
611 1470 714 1539 ὑακίν-
744 1470 805 1558 ριύν
815 1472 855 1537 τὰ
867 1469 1001 1556 ὀνόματα
1014 1478 1076 1538 τῶν
1088 1477 1160 1537 υἱιύν
1177 1472 1292 1557 Ῑοραήλ
1303 1473 1353 1537 ε’πὶ

102 1567 175 1634 θον,
186 1556 239 1621 καί
249 1552 419 1666 πορφύρας,
437 1558 488 1620 καί
500 1562 636 1622 κοκκίνου
648 1559 714 1623 δια-
743 1559 798 1620 τοῦ
816 1554 931 1633 λογείου
948 1559 1001 1639 τῆς
1013 1561 1134 1640 κρίσεως
1152 1557 1203 1618 ἒπὶ
1212 1561 1266 1619 τοῦ
1279 1552 1352 1638 στή-

103 1643 291 1725 νενησμίνου,
315 1668 367 1705 και
383 1635 495 1728 βύσσου
507 1639 714 1725 κεκλωσμένης.
744 1647 827 1715 θους,
845 1633 957 1714 είςιύντι
970 1642 1009 1712 εἱς
1021 1633 1058 1702 τὸ
1071 1633 1157 1714 ἅγιον
1168 1632 1352 1718 μνημόσυνον

103 1725 185 1789 9καί
205 1719 289 1818 λήφη
306 1720 376 1800 τούς
392 1720 448 1790 δύο
466 1723 585 1800 λίθους,
610 1724 715 1801 λίθους
743 1725 873 1787 ε’ναντίον
892 1725 947 1786 τοῦ
962 1724 1045 1785 θεοῦ.
1069 1722 1120 1784 καί
1137 1717 1238 1802 θήσεις
1251 1722 1301 1784 ε’πὶ
1313 1720 1350 1784 τὸ

105 1802 289 1891 σμαρύγδου,
314 1809 366 1871 καὶ
379 1802 500 1889 γλύιμεις
517 1810 548 1871 ἒν
562 1805 714 1884 αύτοῖςτδι
744 1806 857 1884 λογεῖον
880 1809 933 1886 τῆς
957 1810 1079 1889 κρίσεως
1101 1802 1172 1878 τοὺς
1188 1799 1350 1888 κρωσσούς.

105 1885 241 1970 ὀνόματα
253 1893 315 1953 τοῖν
327 1893 401 1955 υἱιῦν
410 1885 543 1976 Ἰσραήλ.
558 1893 587 1935 ¹⁰
596 1894 629 1968 ἐξ
642 1888 714 1958 ὀνδ-
743 1887 782 1952 τὰ
796 1883 964 1953 ἆλυσιδωτύι
974 1884 1018 1951 ἐπ’
1034 1883 1211 1973 ἀμφοτέρων
1219 1891 1280 1951 τῶν
1289 1887 1353 1970 κλι-

104 1997 185 2054 ματα
203 1972 254 2035 ἐπί
269 1967 323 2035 τὸν
340 1972 430 2037 λίθον
447 1969 500 2038 τὸν
513 1978 565 2040 ἕνα
571 2025 581 2051 ,
606 1977 657 2040 καί
673 1974 712 2042 τὰ
743 1975 803 2035 τιῦν
812 1975 867 2035 τοῦ
880 1970 995 2048 λογείου
1007 1965 1162 2055 ἐπιθήσεις.
1173 1972 1224 2035 καί
1234 1966 1288 2046 τὰς
1297 1970 1351 2035 δύο

105 2057 139 2131 ἐξ
163 2048 300 2135 ὀνόματα
317 2052 357 2119 τὰ
376 2051 468 2120 λοιπδι
485 2060 535 2122 ἐπὶ
554 2057 609 2123 τὸν
625 2059 715 2124 λίθον
743 2052 919 2129 ιἰσπιδίσκας
936 2048 1086 2138 ἐπιθήσεις
1101 2053 1144 2118 ἐπ’
1167 2051 1352 2140 ἀμφοτέρους

104 2137 161 2203 τὸν
173 2136 309 2222 δεύτερον
319 2137 397 2204 κατὰ
411 2137 465 2214 τὰς
473 2143 593 2217 γενέσεις
603 2139 714 2218 αὐτῶν,
744 2137 813 2213 τοὺς
826 2137 922 2221 α’ίμους
939 2142 992 2221 τῆς
1009 2139 1156 2220 ἐπωμίδος
1168 2133 1246 2202 κατὰ
1258 2133 1351 2222 πρός-

104 2225 129 2263 ¹¹
145 2223 231 2307 ἔργον
249 2223 438 2308 λιθουργικῆς
455 2226 565 2308 τέχνης.
597 2220 715 2307 γλύμμα
745 2243 836 2285 ωπον.
858 2223 889 2264 ³⁰
901 2223 952 2285 καὶ
964 2217 1114 2304 ἐπιθήσεις
1126 2224 1176 2286 ἐπί
1188 2221 1224 2286 τὸ
1237 2221 1351 2298 λογεῖον

106 2307 269 2388 σφραγίδος
282 2301 452 2391 διαγλύῳεις
463 2303 533 2381 τούς
545 2302 601 2372 δύο
610 2306 715 2382 λίθους
744 2307 797 2388 τῆς
808 2310 930 2391 κρίσεως
941 2304 996 2389 τήν
1008 2300 1137 2390 δήλωσιν
1147 2306 1199 2369 καὶ
1210 2303 1266 2389 τῆν
1276 2300 1351 2389 ἀλῆ-

107 2389 158 2451 ἱπί
181 2401 245 2464 τοῖς
269 2385 393 2474 ὀνόμασι
410 2395 471 2456 τῶν
487 2393 561 2456 νὶιῦν
582 2387 629 2457 Ἰν
648 2392 714 2475 αῆλ.
743 2397 838 2454 θειαν.
848 2391 903 2454 καί
914 2391 997 2454 ἔσται
1011 2390 1061 2454 ίπί
1073 2393 1127 2453 τοῦ
1140 2382 1272 2473 στήθους
1279 2384 1351 2453 Ἀα-

106 2473 134 2512 ¹²
148 2474 199 2535 καί
210 2468 311 2557 θήσεις
325 2472 398 2551 τσὺς
408 2469 463 2541 δύο
476 2473 580 2550 λίθους
592 2477 643 2541 ἐπι
654 2478 715 2539 τῶν
744 2468 822 2557 ρδν,
846 2468 921 2539 δ’ταν
939 2467 1136 2559 εἱςπορεύηται
1154 2477 1194 2545 εἱς
1212 2467 1247 2534 τὸ
1266 2468 1351 2548 ἅγιον

107 2552 196 2635 ὤμων
208 2561 260 2640 τῆς
272 2560 427 2639 ἐπωμίδος.
439 2558 521 2625 λίθοι
530 2553 715 2645 μνημοσύνον
744 2559 840 2622 ι’ῦαντι
864 2564 973 2643 κυρίου.
999 2559 1051 2621 καὶ
1073 2557 1144 2621 οἴσει
1165 2552 1281 2641 Ἀαρὼν
1298 2555 1352 2630 τὰς

107 2640 163 2700 εἶσὶ
175 2651 238 2712 τοῖς
250 2643 325 2712 υἱοῖς
340 2638 474 2742 Ἰσραήλ.
498 2646 549 2706 καί
561 2639 715 2725 νἰναλήψε-
744 2647 849 2724 κρίσεις
861 2647 921 2705 τῶν
933 2643 1006 2704 υίιύν
1014 2637 1138 2722 Ἰσραήλ
1149 2640 1200 2704 ε’πὶ
1213 2643 1267 2702 τοῦ
1280 2634 1351 2723 στή-

107 2743 156 2780 ται
169 2716 287 2799 Ἀαρὼν
299 2716 339 2782 τὰ
350 2718 485 2802 δνοματα
497 2727 559 2785 τῶν
570 2727 643 2786 υἱοῖν
654 2721 715 2786 Ἰο-
743 2731 819 2793 θονς
835 2726 930 2784 ἔναντι
948 2726 1050 2803 κυρίου
1065 2717 1235 2798 διαπαντός.
1261 2722 1289 2763 ³¹
1300 2723 1352 2786 καί

637 2800 652 2822 νδ

1233 291 1353 304 Μ

106 2798 185 2901 ραῆλ
190 2802 293 2897 λύοντι
307 2806 409 2898 ηυρίου
421 2803 471 2864 ἐπί
483 2806 545 2866 τιῦν
557 2798 611 2865 δύο
625 2827 715 2926 ῳηιων
743 2802 870 2883 ποιήσεις
883 2797 1032 2883 ὑποδύτην
1044 2800 1159 2906 ποδήρη
1169 2801 1241 2870 ὅλον
1249 2799 1350 2870 ὑακίν-

107 2907 214 2958 αυτου,
225 2905 409 2964 μνημοσννον
421 2883 490 2966 περί
501 2879 614 2946 αὐτῶν.
664 2910 715 2949 και
744 2891 838 2947 θινον.
864 2885 893 2925 ³²
905 2885 958 2949 καί
973 2887 1055 2949 ἔσται
1071 2910 1107 2949 το
1120 2884 1351 2974 περιστύμιονέξ

106 2959 235 3049 ποιήσεις
253 2962 426 3039 νἰσπιδίσκας
438 2967 602 3066 ἕκχρυσίον
613 2976 714 3051 καθα-
744 2962 839 3030 αύτοῦ
849 2968 948 3049 μέσον,
964 2966 1029 3032 ιύαν
1041 2971 1108 3052 ε”χον
1119 2967 1217 3056 κύκλῳ
1230 2975 1285 3036 τοῦ
1297 2995 1351 3036 πε-

107 3053 171 3129 ροῦ.
197 3049 292 3112 14καί
307 3042 435 3130 ποιήσεις
447 3047 502 3110 δυο
514 3047 668 3130 κροσσωτὺ
681 3053 713 3113 ἐκ
744 3055 904 3133 ριστομίου.
929 3053 1016 3136 ἔργον
1035 3047 1184 3133 ὑφύντου,
1209 3052 1265 3139 τήν
1277 3080 1350 3137 συμ-

1336 3138 1343 3158 λ

104 3135 225 3214 χρυσίου
250 3133 406 3217 καθαροῦ,
431 3133 661 3234 καταμεμιγμένα
680 3134 712 3197 ἓν
741 3131 834 3219 βολην
847 3137 1064 3237 συνυφασμένην
1076 3139 1107 3213 ἐξ
1119 3134 1225 3216 αὐτοῦ,
1247 3142 1348 3235 ἵκωμι]

270 3215 277 3236 Ι

104 3212 238 3290 ι’ίνθεσιν,
256 3214 344 3296 ἔργον
356 3212 476 3295 πλοκῆς.
502 3238 552 3275 και
566 3216 713 3298 ἐπιθήσεις
742 3218 830 3308 ῥαγῆ.
866 3217 895 3257 ³³
908 3219 959 3281 καλ
977 3244 1107 3302 ποιησεις
1132 3215 1192 3286 ὑπὸ
1209 3215 1246 3283 τὸ
1263 3218 1349 3301 λωμα

104 3295 143 3360 τίι
163 3293 323 3380 κροσσωτδι
339 3293 379 3360 τὰ
396 3295 579 3380 πεπλεγμένα
597 3298 648 3361 ἐπὶ
658 3293 712 3374 τύς
742 3302 797 3363 τοῦ
811 3294 958 3365 ὑπσδύτου
970 3297 1117 3379 κάτωθεν,
1129 3297 1348 3378 οἱςεὶἕξανθού-

105 3377 293 3459 ἆοπιδίοκας,
309 3379 388 3448 κατὰ
401 3378 455 3455 τὰς
468 3379 643 3466 πυραμίδας
655 3380 711 3445 αύ-
742 3408 793 3467 σης
817 3378 890 3468 ῥόας
907 3386 1042 3470 ῥοΐσκους
1058 3389 1088 3462 ίξ
1113 3382 1273 3463 ὑακίνθου,
1297 3386 1348 3448 καί

103 3466 166 3528 τῶν
179 3468 210 3529 ἐκ
223 3469 285 3531 τῶν
298 3467 499 3553 ἐμπροσθίων.
521 3464 549 3507 ¹³
561 3465 613 3528 καί
623 3459 712 3549 ποιή-
740 3461 907 3552 πορφύρας,
917 3469 968 3532 καί
976 3473 1109 3533 κοκκίνου
1118 3469 1348 3552 διανενηομένου,

104 3570 159 3622 οεις
171 3548 285 3626 λογεῖον
302 3555 362 3615 τῶν
379 3555 519 3636 κρίσεων,
543 3549 630 3632 ἔργον
641 3575 711 3614 πσι-
740 3551 791 3616 καί
802 3546 912 3636 βύσσου
925 3551 1131 3635 κεκλωσμίνης,
1146 3544 1207 3616 ὑπὸ
1220 3556 1277 3615 τοῦ
1287 3550 1347 3614 λώ-

103 3629 213 3694 κιλτού.
238 3633 316 3697 κατὰ
335 3633 391 3697 τὸν
408 3629 523 3718 ῥυθμὸν
534 3636 587 3714 τῆς
598 3636 710 3738 ἕπωμί-
738 3659 832 3717 ματος
850 3639 905 3700 τοῦ
924 3630 1074 3701 ὑποδύτον
1088 3629 1195 3715 κύκλῳ.
1221 3632 1257 3696 τὸ
1271 3631 1345 3696 αὐτὸ

103 3712 154 3784 δος
165 3709 293 3796 ποιήσεις
305 3711 381 3777 αὐτὸ
395 3718 427 3777 ἐκ
438 3719 568 3800 χρυσίον,
591 3717 642 3781 καί
655 3743 710 3782 υα-
740 3716 814 3794 είδος
827 3722 965 3804 ρὀίίνκονς
976 3722 1114 3806 χρυσοῦς,
1139 3717 1191 3780 καί
1207 3711 1348 3791 κώδωνας

103 3799 226 3870 κίνθον,
251 3796 303 3860 καί
314 3790 488 3882 πορφύρας,
512 3799 563 3862 καὶ
573 3807 709 3880 κοκκίνου
740 3799 886 3883 ἆναμέοον
898 3797 1014 3867 τούτων
1025 3795 1197 3887 περικύκλῳ.
1220 3801 1252 3843 ³⁴
1262 3800 1348 3888 παρὰ

103 3877 309 3981 κεκλονημένον,
321 3882 372 3943 καί
383 3874 493 3966 βύσσον
504 3881 708 3969 κικλωσμένης.
747 3888 755 3908 ‘
775 3886 860 3949 ίσκον
888 3888 996 3968 ρυσοῦν
1007 3882 1142 3964 κιύδωνα,
1162 3888 1214 3952 καί
1226 3883 1347 3952 δίνθινον

102 3961 131 4002 ²⁶
143 3985 274 4043 ποιήσεις
296 3959 370 4027 αὑτὸ
397 3960 590 4050 τετράγωνον.
625 3970 709 4032 ἐίτται
739 3910 790 4028 λὺἱ
801 3969 857 4029 τοῦ
868 3910 1004 4047 λύματος
1014 3973 1069 4032 τοῦ
1081 3965 1232 4035 ὑποδύτον
1240 3965 1347 4052 κύκλῳ.

103 4043 241 4121 διπλοῦν,
267 4051 421 4150 σπιθαμῆς
436 4045 474 4110 τὸ
495 4051 585 4130 μῆκος
604 4046 708 4124 αὑτοῦ,
739 4046 768 4088 ³⁵
782 4049 833 4110 καί
847 4049 931 4113 ἔσται
942 4046 1061 4134 Ἀαρὼν
1076 4055 1106 4114 ἐν
1118 4057 1161 4132 τῷ
1174 4052 1348 4131 λειτουργεῖν

102 4128 154 4189 καὶ
173 4130 324 4212 σπιθαμῆς
340 4152 376 4192 το
390 4154 484 4214 ιυρος.
509 4131 709 4193 17καὶκαθυ-
740 4124 870 4212 ἆκονοτῆ
884 4126 902 4212 ῆ
915 4131 998 4215 φωνή
1012 4130 1115 4208 αὑτοῦ,
1137 4128 1248 4204 ελςιόντι
1261 4137 1300 4202 είς
1312 4126 1346 4193 τὸ

103 4221 204 4289 φονεῖς
217 4215 247 4276 ἐν
261 4209 345 4296 αὐτῷ
355 4205 476 4291 ὑφασμα
487 4206 709 4276 κατύλιθοντε-
740 4207 825 4289 ῖίγιον
837 4214 932 4275 ἔναντι
948 4220 1065 4295 κυρίου,
1089 4214 1142 4274 καί
1153 4207 1273 4286 ἐξιόντι,
1295 4215 1347 4276 ἱνα

102 4289 269 4377 τρύστιχον.
296 4300 394 4378 στίχος
407 4292 505 4357 λίθοιν
517 4295 613 4369 ἔσται,
634 4288 708 4379 σύρ-
738 4289 946 4385 μήᾶποθοίνη.
971 4296 1002 4337 ³⁶
1011 4295 1064 4358 καί
1073 4288 1205 4375 ποιήσεις
1215 4293 1347 4360 πέταλον

101 4378 174 4446 ιλίον,
187 4375 339 4454 τοπάζιον,
356 4377 407 4440 καὶ
418 4371 594 4459 σμαράγδος,
611 4372 629 4439 ὃ
644 4382 707 4441 στί-
738 4380 862 4479 χρνοοῦν
884 4372 1030 4461 καθαρόν.
1056 4375 1107 4438 καί
1124 4371 1298 4452 ἐκτνπύοεις
1315 4383 1346 4443 ἒν

102 4483 151 4543 χος
165 4459 183 4526 ὁ
197 4461 242 4539 είς.
268 4462 359 4526 18καί
377 4456 395 4524 ὑ
414 4465 510 4544 στίχος
529 4454 546 4522 ὁ
566 4453 706 4548 δεύτερος,
739 4461 823 4542 αυτῴ
839 4456 999 4544 ἐκτύπωμα
1015 4459 1190 4544 σφραγίδος,
1215 4456 1346 4545 ἆγίαομα

1234 4551 1344 4630 κυρίου.
