2924 4972
105 221 173 288 790
420 217 456 274 Η
466 218 535 274 ΣΑ
549 213 649 274 m
688 205 1036 288 Κες.λγ’.λδ’.33.34.

103 341 233 425 λήψεται
241 335 351 434 τρόμος
361 335 431 411 τοὺς
440 336 559 423 ἀσεβεῖς.
570 335 710 413 τίςάναγ·
744 335 848 399 δοῦναι
873 330 984 407 αύτούς
1006 336 1046 406 είς
1071 327 1196 414 σφαγήν.
1236 330 1298 394 2οί
1323 326 1359 394 δὲ

101 424 179 505 γελεῖ
191 421 267 523 ὑμῖν,
280 419 327 485 ὃτι
339 423 401 505 πῦρ
409 416 529 484 ικαίεται
535 447 547 496 ,·
560 424 604 494 τίς
617 417 711 496 ἀναγ-
744 422 925 502 τραυματίαι
938 414 1040 482 αὐτῶν
1053 411 1242 500 ῥιφήσονται,
1259 415 1310 477 καὶ
1324 414 1358 476 οί

102 509 181 588 γελεῖ
204 514 271 587 υμῖν
295 501 349 568 τόν
375 497 471 567 τόπον
494 499 548 567 τόν
566 500 711 578 αίιόνιονς
744 503 848 585 νεκροί,
860 501 913 564 καί
924 495 1102 584 ἀναβήσεται
1116 494 1217 561 αὐτῶν
1229 492 1248 578 ή
1261 492 1356 578 ὀσμή,

103 591 131 635 ¹⁵
145 582 337 672 πορευόμενος
355 589 386 650 ἐν
400 582 585 676 δικαιοσύνη,
610 583 712 650 λαλῶν
744 586 795 650 καί
806 578 981 688 βραχήοεται
994 579 1033 646 τά
1046 579 1103 665 όρη
1116 576 1179 644 ἀπὸ
1192 583 1247 644 τοῦ
1259 583 1353 659 α’ίμα-

104 673 224 740 εύθεῖαν
236 666 324 745 ὁδδν,
339 674 432 752 μισῶν
444 667 570 752 ἀνομίαν
582 669 635 732 καί
645 666 718 731 ἀδι-
743 693 795 744 τος
807 672 916 732 αυτῶν.
929 667 1003 729 2καί
1015 661 1199 746 τακήσονται
1209 664 1304 727 πᾶσαι
1318 663 1355 724 αί

103 761 188 830 κίαν,
218 746 270 816 καί
293 750 348 828 τὰς
376 764 473 855 ήεῑρας
504 747 712 834 ἀποσειόμενος
744 746 877 834 δυνάμεις
889 753 949 815 τῶν
961 745 1107 830 ούρανῶν,
1122 748 1174 810 καί
1185 741 1355 844 ἐλιγήοεται

103 835 167 904 ἀπό
180 831 295 918 δῶρων.
316 839 455 921 βαρυνων
467 832 507 900 τά
519 833 596 907 ῶτα,
609 838 659 898 ’ίνα
671 832 711 917 μή
745 830 763 899 ό
777 831 902 919 ούρανός
919 829 959 906 ὡς
975 831 1103 918 βιβλίον,
1129 829 1181 893 καί
1198 852 1300 893 παντα
1313 829 1355 891 τὰ

103 915 219 1009 ἀκούσῃ
232 925 329 1000 κρίσιν
342 923 476 998 αἵματος.
490 912 632 1000 καμμύων
641 916 713 990 τούς
744 917 841 1001 ἀστρα
853 927 984 982 πεσεῖται
997 913 1039 989 ῶς
1052 910 1151 994 φύλλα
1164 910 1356 995 ἰξάμπέλου.

104 1001 294 1083 ὀφθαλμοὺς,
307 1000 406 1084 ἵναμή
419 1001 468 1096 ίδη
480 998 607 1074 ἀδικίαν,
623 991 712 1065 16ού·
744 1001 797 1065 καί
808 997 849 1076 ῶς
861 1005 962 1065 πίπτει
972 997 1072 1078 φύλλα
1082 993 1144 1061 ἀπὸ
1154 999 1253 1071 συκῆς.
1268 996 1356 1078 6ε’με-

103 1110 157 1160 τος
170 1080 280 1169 οίκήσει
290 1087 322 1149 ἐν
332 1080 444 1167 ύιμηλῷ
452 1083 590 1166 σπηλαίῳ
601 1085 713 1166 πέτρας
743 1079 848 1167 θύσθη
865 1081 884 1166 ἡ
897 1077 1029 1166 μάχαιρά
1040 1105 1098 1161 μου
1116 1083 1148 1144 ἐν
1159 1082 1205 1161 τῷ
1224 1076 1355 1163 οὐρανῷ.

104 1172 235 1253 λσχυρᾶς.
260 1165 353 1252 όίρτος
364 1166 448 1249 αύτῷ
462 1163 638 1248 δοθήσεται,
662 1168 712 1230 καί
745 1164 810 1232 ἰδού
824 1169 875 1231 ε’πί
887 1164 942 1249 τήν
958 1163 1129 1246 Ἰδουμαίαν
1141 1159 1355 1246 καταβήσεται,

103 1250 140 1315 τό
155 1247 236 1337 δ’δωρ
248 1247 344 1315 αύτοῖι
356 1245 475 1315 πιστόν.
488 1252 515 1293 ¹⁷
524 1248 651 1336 βασιλέα
659 1274 713 1332 με-
744 1251 796 1315 καί
813 1251 864 1315 ἐπί
880 1248 935 1314 τόν
950 1245 1026 1313 λαόν
1044 1250 1096 1329 τῆς
1112 1242 1263 1320 ἀπωλείας
1279 1244 1357 1328 μετὰ

103 1331 144 1399 τὰ
158 1329 246 1417 δόξης
258 1332 389 1414 ὄψεσθε,
416 1335 449 1397 οί
461 1331 618 1414 ὀφθαλμοί
629 1328 713 1414 ὑμῶν
744 1338 873 1417 κρίσεως.
899 1329 946 1417 ὓὴ
959 1327 1091 1415 μάχαιρα
1104 1333 1161 1392 τοῦ
1173 1334 1281 1413 κυρίου
1294 1332 1356 1395 ε’νε-

106 1414 238 1498 ὅψονται
260 1421 316 1498 γήν
336 1414 513 1500 πόρρωθεν,
552 1411 613 1499 22ή
632 1412 712 1500 ψυχή
744 1414 867 1501 πλήσδη
879 1420 1015 1497 αἵματος,
1025 1405 1180 1497 ἐπαχύνθη
1189 1408 1253 1476 ἀπό
1263 1415 1356 1478 στέα-

105 1493 188 1580 ὑμῶν
211 1495 359 1581 μελετήσει
377 1495 483 1584 φόβον.
509 1502 573 1564 πού
595 1503 665 1563 εἰσιν
683 1500 714 1562 οί
744 1525 806 1575 τος,
825 1498 889 1566 ἀπὸ
906 1503 1034 1581 αίματσς
1052 1489 1171 1581 τράγων
1188 1497 1239 1558 καί
1251 1491 1355 1578 ἀμνῶν

104 1586 319 1663 γραμματικοῖς
351 1585 413 1645 ποῦ
440 1587 509 1646 είσιν
531 1584 562 1645 σί
584 1586 713 1666 συμβου-
745 1585 797 1648 καί
821 1580 884 1648 ἀπό
905 1584 1031 1656 στέατος
1047 1578 1166 1661 τράγων
1184 1579 1235 1642 καί
1253 1584 1355 1665 κριῶν.

104 1657 250 1739 λεύοντεςς
276 1668 340 1727 ποῦ
357 1665 433 1729 ἐστιν
450 1660 622 1747 όάριθμῶν
639 1663 713 1739 τούς
745 1662 793 1732 ότι
817 1670 912 1731 θυσία
928 1669 972 1748 τῷ
990 1667 1081 1746 κυρίῳ
1103 1664 1134 1724 ἐν
1150 1658 1277 1746 Βοσὸρ,
1303 1665 1357 1728 καί

104 1749 302 1850 τρεφομένους
314 1748 341 1789 ¹⁹
347 1745 449 1831 μικρὸν
458 1751 508 1813 καί
516 1747 609 1849 μέγαν
617 1743 695 1813 λαόν
700 1775 713 1827 ,·
745 1748 845 1834 σφαγή
863 1743 974 1832 μεγόλη
990 1750 1022 1811 ἐν
1032 1751 1070 1827 τῆ
1084 1743 1251 1848 Ἰδουμαίᾳ.
1278 1747 1354 1810 7καί

105 1855 132 1913 ορ
150 1828 187 1894 σύ
205 1825 461 1913 συμβουλεύσατο,
489 1830 561 1895 ουδὲ
577 1830 640 1921 ᾔδει
656 1835 713 1918 βα-
745 1837 962 1915 συμπεσοῦνται
975 1834 1007 1896 σί
1018 1816 1106 1914 ἁδροί
1113 1855 1168 1911 μετ
1182 1825 1289 1902 αὐτῶν,
1298 1829 1353 1892 καί

104 1907 267 1991 θύφωνον,
292 1909 364 1988 ῶςτε
375 1912 415 2015 μή
428 1913 554 1978 ἀκοῦσαι
567 1914 642 1988 λαός
659 1940 714 1978 πε·
745 1920 776 1980 σί
788 1917 868 2000 κριοί
880 1917 931 1980 καί
943 1917 974 1978 σί
986 1918 1111 1997 ταῦροι,
1134 1913 1186 1977 καί
1197 1907 1355 1997 μεθυσθή-

105 1994 370 2076 φαυλισμίνος,καί
380 2020 435 2059 ουκ
445 2000 508 2060 ἔστι
519 2001 563 2078 τῷ
572 1990 713 2061 ἀκούοντι
745 2023 828 2064 σεται
841 1996 860 2084 ή
872 2003 911 2083 γη
923 1995 987 2063 ἀπό
1002 2002 1055 2061 τοῦ
1070 2000 1207 2076 α’ίματος,
1226 1996 1279 2059 καί
1290 1992 1356 2061 ἀπὸ

105 2071 225 2152 σύνεσις.
244 2079 276 2122 ²⁰
287 2074 353 2142 ίδού
365 2077 449 2144 Σιῶν
461 2076 479 2159 ή
492 2075 587 2156 πόλις,
600 2076 637 2142 τὸ
651 2105 713 2144 οω-
743 2086 800 2146 τοῦ
826 2085 951 2156 στέατος
976 2077 1078 2145 αύτῶν
1099 2073 1356 2163 ἐμπλησθήσεται.

105 2154 206 2244 τήριον
219 2156 317 2244 ἡμῶν,
335 2165 366 2226 σί
377 2158 537 2243 ὀφθαλμοί
549 2187 604 2228 σου
617 2160 712 2245 ὄψον-
744 2162 861 2250 2ήμέρα
872 2163 932 2249 γὰρ
943 2169 1064 2247 κρίσεως
1073 2169 1186 2246 κυρίου,
1197 2164 1248 2226 καί
1257 2166 1356 2229 ίνιαυ-

104 2267 157 2307 ται
164 2240 372 2331 Ἰερουσαλήμ,
389 2241 478 2319 πόλις
488 2245 628 2320 πλουσία,
641 2271 713 2330 σκη-
744 2247 797 2323 τός
807 2245 1039 2323 ἀνταποδόσεως
1050 2252 1172 2348 κρίσεως
1179 2243 1271 2310 Σιῶν.
1282 2248 1355 2314 2καί

106 2328 156 2391 ναί
168 2334 204 2392 αῖ
213 2324 250 2392 ού
262 2326 303 2411 μή
317 2332 485 2405 σεισθῶσιν,
499 2326 568 2394 οὐδὲ
581 2327 621 2413 μή
633 2354 712 2412 κινη-
744 2327 968 2418 στραφήσονται
987 2336 1020 2396 αί
1038 2356 1188 2415 φαραγγες
1205 2327 1298 2414 αάτῆς
1315 2335 1355 2406 είς

105 2413 202 2474 θῶσιν
219 2414 252 2476 οί
263 2406 415 2477 πύσσαλοι
431 2416 484 2494 τῆς
497 2419 603 2495 σκηνῆς
620 2411 714 2500 αύτής
743 2420 867 2490 πίσσαν,
880 2419 930 2481 καί
942 2411 962 2499 ή
974 2419 1013 2499 γῆ
1026 2413 1119 2499 αὐτῆς
1132 2420 1170 2490 είς
1181 2424 1274 2479 θεῖον.
1301 2415 1355 2478 καί

105 2496 146 2568 είς
157 2491 211 2558 τόν
223 2498 319 2560 αἰῶνα
330 2490 450 2579 χρόνον,
464 2493 536 2560 οὐδὲ
548 2497 587 2561 τὰ
598 2503 714 2597 οηοινία
744 2502 827 2563 ε”οται
846 2496 864 2583 ή
877 2503 917 2582 γῆ
930 2497 1022 2583 αὐτῆς
1039 2495 1081 2574 ῶς
1097 2504 1194 2563 πίσσα
1210 2500 1354 2583 καιομένη

106 2575 199 2661 αύτής
217 2574 253 2642 αὖ
273 2577 313 2663 μή
336 2580 547 2662 διαρραγῶσιν,
571 2582 598 2622 ²¹
611 2580 659 2644 ὅτι
675 2579 712 2644 τὸ
746 2584 772 2626 ¹⁰
785 2583 888 2658 νυκτὸς
900 2585 951 2647 καί
962 2581 1086 2668 ἡμέρας,
1109 2584 1157 2646 καί
1170 2579 1205 2645 οὐ
1219 2576 1354 2664 σβεσθή-

106 2658 204 2742 ὄνομα
221 2667 323 2744 κυρίου
339 2666 416 2744 μέγα
430 2659 505 2746 ύμῖν.
531 2658 627 2738 τόπος
645 2659 713 2745 ύμῖν
745 2689 826 2731 σεται
839 2671 878 2740 είς
890 2667 946 2732 τόν
960 2671 1055 2732 αίῶνα
1067 2662 1188 2771 ηρόνον,
1211 2665 1262 2727 καί
1274 2659 1353 2728 ἀνα-

106 2745 206 2816 ἕσται,
230 2748 363 2825 ποταμοί
380 2746 431 2808 καί
443 2742 579 2831 διώρυχες
591 2746 713 2821 πλατεῖς
742 2745 865 2833 (λήσεται
879 2747 896 2815 ὁ
910 2748 1024 2824 καπνός
1040 2754 1132 2832 αυτής
1147 2747 1226 2822 ἀνω,
1253 2751 1292 2822 είς
1304 2773 1355 2823 γε-

105 2827 157 2888 καί
167 2822 337 2928 εύρύήωροι.
348 2824 385 2891 ού
395 2826 528 2918 πορεύσῃ
538 2827 712 2928 ταύτηντήν
745 2829 809 2907 νεάς
820 2832 912 2914 αὐτῆς
921 2832 1159 2935 ἐρημωθήσεται,
1174 2835 1224 2897 καί
1234 2834 1272 2905 είς
1281 2827 1355 2914 χρό-

107 2904 196 2983 όδόν,
222 2908 294 2973 ουδὲ
313 2905 490 2994 πορεύσεται
502 2910 609 2976 πλοῖον
622 2913 712 2978 ἐλου-
743 2939 794 2979 νον
806 2917 901 2980 πολύν
919 2917 1034 3001 11ίνρνεα
1046 2919 1097 2979 καί
1109 2917 1207 2998 ἐχῖνοι,
1221 2916 1273 2978 καί
1285 2919 1357 3016 ήίεις

105 3014 169 3055 νον.
199 2992 227 3033 22
243 2990 261 3056 ὁ
281 2992 340 3077 γὰρ
353 2990 425 3068 θεός
441 3021 500 3078 μου
519 2998 608 3076 μέγας
621 3000 711 3062 ἐστίν.
743 3000 794 3062 καί
818 2997 941 3084 κόρακες
965 2995 1190 3079 κατοικήσουσιν
1209 3000 1242 3058 ἐν
1261 3003 1352 3088 αοτῇ.

105 3071 143 3172 ρίι
172 3072 385 3172 παρτλεύσεταί
412 3104 447 3157 με
478 3075 576 3162 κύριος
614 3079 713 3164 κριτής
743 3084 794 3147 καί
817 3077 1044 3169 ἐπιβληθήσεται
1066 3076 1110 3144 ἐπ’
1131 3075 1226 3159 αὐτήν
1248 3103 1342 3163 σπαρ

104 3159 198 3237 ημῶν,
212 3183 314 3240 ”vome
327 3159 425 3243 ἅρχων
437 3159 530 3265 ήμῶν,
543 3158 644 3244 κύριος
652 3167 713 3262 δα·
743 3172 807 3230 τίον
822 3171 998 3249 γεωμετρίας
1015 3158 1138 3247 ε’ρήμου,
1165 3162 1218 3225 καί
1230 3157 1354 3226 όνοκέν-

105 3236 200 3314 σεδὲὖς
213 3236 305 3322 ἡμῶν,
318 3239 419 3324 κύριος
431 3269 520 3320 ουτος
531 3242 711 3328 ήμᾶςοωοει.
742 3272 849 3334 ταυροι
866 3242 1029 3329 οἰκήσουσιν
1045 3249 1077 3309 ἐν
1092 3242 1180 3338 αὐτῇ.
1206 3246 1233 3285 ¹²
1247 3249 1277 3309 οἱ
1294 3245 1354 3332 ἀρ-

105 3321 314 3408 23ἐρροίγησαν
327 3325 366 3390 τό
380 3333 492 3412 σχοινία
505 3354 570 3404 σου,
597 3326 643 3395 ὅτι
656 3328 712 3395 οὐκ
741 3354 836 3416 χοντες
848 3326 942 3409 αὐτῆς
958 3326 1012 3393 οὐκ
1024 3332 1151 3394 ὲόονται
1178 3333 1210 3393 οί
1222 3329 1282 3414 γὰρ
1294 3334 1354 3416 βα·

103 3407 268 3492 λνίσηυσαν.
287 3405 305 3474 ό
320 3405 399 3487 ίστός
411 3437 464 3477 σου
479 3412 594 3489 ἔκλινεν,
609 3412 648 3479 ού
658 3441 712 3499 χα-
742 3413 841 3490 σιλεῒς,
867 3413 918 3477 καί
934 3416 966 3477 σί
978 3417 1144 3495 μεγιστᾶνες
1158 3411 1252 3497 αὐτῆς
1266 3419 1353 3478 ε”οον-

104 3486 188 3556 λύσει
199 3490 240 3557 τά
252 3497 348 3573 ίστία,
371 3492 425 3559 οὐκ
438 3493 507 3581 ἀρεῖ
517 3509 644 3580 σημεῖον,
657 3503 713 3572 ἕως
743 3524 794 3563 ται
807 3503 845 3574 είς
857 3491 1018 3563 ἀπώλειαν.
1036 3498 1063 3540 ¹³
1076 3499 1127 3561 καί
1139 3493 1301 3580 ἀναφυήσει
1313 3502 1352 3571 είς

104 3566 141 3635 οὗ
166 3576 332 3667 παραδοθῇ
356 3583 395 3653 εἷς
419 3579 580 3665 προνομήν.
616 3586 713 3646 τοίνυν
743 3581 798 3658 τὰς
809 3578 909 3657 πόλεις
921 3579 1022 3647 αίιτῶν
1035 3578 1187 3646 ἀκόνδινα
1199 3576 1281 3656 ξύλα,
1300 3583 1352 3644 καί

104 3653 215 3719 πολλοί
239 3658 338 3760 ηωλοί
362 3662 515 3747 προνομήν
539 3660 711 3749 ποιήσουσι,
742 3671 782 3740 είς
807 3667 848 3731 τόν
872 3662 1053 3752 ὀχυρώματα
1070 3664 1172 3749 αὐτῆς.
1199 3667 1249 3730 καί
1265 3668 1351 3728 ε’ίτται

103 3735 136 3777 ²⁴
149 3739 200 3801 καί
213 3764 251 3803 ου
267 3741 308 3825 μή
327 3744 446 3819 εἴπωσι,
473 3752 586 3823 κοπιῶ,
610 3744 712 3821 όλαὸς
742 3747 878 3826 ἐπαύλεις
904 3750 1056 3835 οειρήνων,
1082 3752 1133 3814 καί
1150 3745 1225 3830 αύλή
1241 3771 1350 3827 στρου-

104 3819 226 3919 ξνοικῶν
243 3827 275 3887 ἐν
287 3825 398 3902 αὐτοῖς.
425 3828 527 3924 ἀφεθῇ
538 3828 596 3917 γὰρ
610 3830 713 3906 αὐτοῖς
742 3839 820 3899 θῶν.
860 3834 889 3877 ¹⁴
902 3838 953 3898 καί
977 3833 1189 3916 ουναντήσουοι
1211 3829 1351 3912 δαιμόνιοι

103 3925 122 3980 ²)
142 3911 283 3989 “Wu'm
742 3913 983 4001 ὀνοκενταύροις,
1007 3920 1060 3983 καί
1075 3913 1233 4001 βοήσονται
1252 3917 1353 3997 ἕτερος

265 3995 362 4088 ,ΚΕ
373 3997 411 4055 ‘1’-
454 3993 539 4060 AA'·
741 3998 819 4081 πρὸς
838 4001 894 4065 τὸν
912 4007 1029 4084 ἕτερον,
1055 4006 1115 4065 ἐκεῖ
1125 3992 1353 4064 ἀναπαύσονται

102 4032 488 4172 Προῖαζανὲτεείὴηαιαί
496 4076 645 4144 ἀκούσατε
656 4080 711 4164 ἀρ-
742 4080 968 4167 ὀνσκένταυροι,
1002 4080 1134 4183 εὑρόντες
1152 4080 1255 4157 αὐτοῖς
1274 4079 1352 4146 ἀνό-

101 4176 207 4252 χοντες.
235 4178 394 4222 ακουσατω
407 4158 425 4243 ἦ
437 4167 484 4306 μή,
506 4167 557 4228 καί
570 4167 599 4227 οἶ
611 4166 642 4228 ἐν
655 4166 712 4230 αιἰ-
740 4191 857 4231 παυσιν.
885 4171 912 4210 ¹⁵
926 4169 988 4232 ἐκεῖ
998 4170 1168 4232 ἕνοσσευοεν
1181 4170 1283 4249 ε’χῖνος,
1301 4176 1355 4230 καί

101 4233 355 4339 2ίίιῇ02202μξ7η,
368 4245 450 4306 καίο
481 4244 710 4344 αόςόίναύτῇ.
741 4255 851 4316 ἔσωσεν
877 4247 897 4334 ή
919 4256 958 4335 γῆ
981 4248 1021 4315 τά
1037 4251 1145 4315 παιδία
1164 4250 1256 4333 αύτής
1278 4248 1354 4331 μετὰ

101 4318 203 4383 2διοτι
227 4331 333 4422 θυμος
348 4329 462 4423 ιιυρίουι
478 4329 527 4392 ε’πί
551 4355 654 4395 παντο
672 4332 710 4397 τό
741 4333 910 4413 ἀσφαλείας.
938 4338 1000 4399 ἐκεῖ
1022 4331 1207 4417 συνήντησαν
1230 4334 1354 4412 ἔλαφοι,

101 4405 177 4488 ἔθνη
195 4405 247 4469 καί
263 4404 339 4509 ῥργη
357 4409 408 4472 ἐπὶ
431 4433 485 4472 τον
502 4407 635 4496 ἀριθμόν
653 4415 709 4479 αὖ·
739 4422 789 4482 καί
803 4416 881 4483 εἶδον
895 4416 934 4482 τίι
946 4414 1096 4501 πρόςωπα
1107 4414 1255 4498 ἀλλήλων.
1274 4418 1304 4460 ¹⁶
1316 4417 1355 4482 ἀ-

100 4492 170 4568 τῶν,
186 4493 241 4554 τοῦ
253 4492 404 4560 απολίσαι
416 4489 536 4573 αὐτούς,
544 4499 596 4562 καί
608 4525 710 4586 παρα-
738 4505 838 4586 ριδμῴ
851 4499 1031 4586 παρῆλθον,
1048 4502 1098 4566 καί
1110 4504 1162 4582 μία
1177 4497 1355 4648 αάτῶιιλράκ

1201 4609 1274 4651 απω
1310 4611 1356 4657 το.
