2924 4972
355 193 638 260 ΑνιοΜυτ
677 182 1029 276 περιώρμισα.
1251 198 1315 260 159

63 317 149 380 ῦωκα
159 311 268 391 αῦτὸν,
287 317 339 379 καί
350 313 454 382 πάντα
466 317 521 383 τὸν
533 317 608 382 λαὸν
620 316 677 382 αῦ-
707 312 878 400 ἐξελήλυθεν
890 312 1108 394 ἐξΑίγύπτου,
1125 320 1177 381 καί
1189 315 1314 382 κεκάλυ-

63 403 138 473 τοῦ,
164 398 216 461 καί
234 401 336 463 πᾶσαν
351 397 406 483 τήν
421 405 476 483 γῆν
487 398 600 475 αῦτοῦ,
625 403 677 464 καί
706 424 758 481 φεν
768 396 822 481 τήν
835 398 908 479 ὄψιν
921 404 971 482 τῆς
981 404 1046 482 γῆς,
1059 402 1110 463 καί
1124 391 1213 474 οῦτος
1225 398 1314 477 ἐγκά-

63 477 196 555 ποιήσεις
221 477 306 564 αῦτιῦ
332 481 438 556 καθὼς
463 486 607 566 ἐποίησας
631 488 675 549 τοῦ
705 493 801 568 θηται
825 478 961 566 ἐρόμενός
980 508 1049 565 μου.
1087 484 1139 545 καί
1157 487 1208 547 νῦν
1225 483 1313 567 δεῦρο

64 562 156 648 Σηιῦν
181 562 301 649 βασιλεῖ
322 568 384 628 τῶν
402 562 607 652 Ἀμορραίων,
642 550 676 642 ῦς
708 565 882 652 ἀρασσίμσι
899 563 1009 639 αῦτάν,
1035 569 1061 628 εί
1072 564 1134 650 ἀρα
1151 560 1315 648 δυνήσομαι

64 641 193 749 κατῴκει
205 648 237 709 ἐν
250 643 385 733 Ἕσεβιύν.
423 649 453 692 ³⁶
467 653 518 714 καί
531 644 677 727 ἐπάταξεν
707 646 840 723 πατάξαι
864 646 973 724 αῦτὸν,
1002 649 1054 713 καί
1078 648 1196 733 ἐκβαλῶ
1221 645 1315 712 αῦτάν

65 730 177 807 αῦτον,
203 732 254 793 καὶ
278 728 350 806 τοῦς
376 728 459 806 υίοῦς
483 730 601 808 αῦτοῦ,
625 735 677 799 καί
709 730 772 795 ἀπὸ
785 735 837 831 τής
847 736 908 814 γης.
931 734 960 773 ¹²
972 734 1023 796 καί
1035 731 1112 796 είπεν
1125 727 1143 795 ὁ
1155 728 1227 805 θεὸς
1238 729 1315 817 πρὸς

64 807 169 878 πάντα
191 809 245 877 τὸν
263 811 339 878 λαὸν
355 812 450 880 αῦτοῦ
474 821 531 891 &aa
555 819 613 881 τοῦ
635 811 677 900 μή
709 813 853 896 Βαλααμ.
869 811 904 879 οῦ
917 811 1050 917 πορεύση
1061 811 1117 896 μετ’
1134 811 1244 886 αῦτεῦν,
1258 811 1314 878 οῦ-

67 896 242 962 καταλιπεῖν
254 894 350 962 αῦτσῦ
362 901 512 983 ζωγρείαν,
528 900 580 963 καί
590 899 677 984 ἐκλη-
710 899 743 962 δὲ
756 893 909 1021 κατορύξῃ
922 893 974 961 τὸν
986 897 1066 960 λαον.
1085 900 1146 962 ε”στι
1158 896 1217 980 γὰρ
1229 896 1315 961 εῦλο-

67 976 239 1065 ρονῦμησαν
256 977 309 1064 τήν
321 984 377 1064 γῆν
390 979 496 1047 αῦτοῦ.
708 983 841 1064 γημένσς.
867 984 878 1020 ¹
900 981 949 1042 καί
967 974 1100 1055 ἀνσστάς
1112 979 1248 1061 Βαλαάμ
1260 1004 1314 1044 το-

244 1068 318 1127 ΚΕ
331 1068 370 1127 Φ.
413 1061 502 1130 KB‘.
709 1063 796 1149 πρωῒ
810 1059 871 1126 εἶπε
889 1074 951 1136 τοῖς
961 1061 1083 1146 ἄρχουσι
1095 1058 1212 1126 Βαλάκ.
1236 1061 1315 1126 ἀπο-

69 1111 152 1210 Καὶ
164 1141 332 1232 ἀπάραντες
343 1150 374 1211 οἶ
384 1151 444 1212 υίοί
459 1146 581 1233 Ἰσραήλ
594 1177 619 1215 π
659 1190 677 1201 -
709 1149 822 1231 τρέχετε
844 1142 923 1229 πρὸς
939 1141 993 1208 τὸν
1010 1141 1112 1228 κύριον
1131 1141 1219 1228 ῦμῶν.
1259 1143 1314 1209 οῦκ

69 1229 209 1316 ενέβαλον
220 1232 270 1293 ἐπί
283 1229 403 1310 δυσμῶν
413 1227 517 1315 Μωάβ
528 1174 677 1313 παράστάν
708 1227 819 1312 ἀφίησί
841 1251 875 1311 με
900 1225 918 1290 ὁ
943 1224 1015 1301 θεὸς
1044 1224 1224 1312 πορεύεσθαι
1247 1224 1311 1309 μεθί

64 1308 222 1397 Ἰορδάνην
231 1309 311 1374 κατὰ
317 1306 442 1393 Ἶεριχιύ.
452 1314 522 1375 2καί
533 1314 679 1378 ίῦώνΒα-
709 1308 798 1393 ὑμῶν.
837 1313 866 1352 ¹⁴
879 1312 930 1373 καὶ
945 1305 1124 1384 ἆῖαῦῐᾶῖῐέῖ
1136 1311 1168 1373 θλ
1180 1308 1316 1393 ὅθκθῖΐὲῖ

69 1392 129 1459 λάκ
148 1391 214 1466 υίὸς
227 1390 362 1473 Σεπηώρ
378 1387 479 1458 πάντα
497 1390 556 1459 ὅσα
575 1398 679 1481 ἐποίη-
707 1391 813 1479 Μισῦβ
825 1386 920 1475 ἦλθον
928 1390 1006 1476 πρὸς
1014 1391 1141 1467 Βαλὰκ,
1159 1395 1210 1457 καί
1221 1391 1313 1457 εέπαν.

71 1502 121 1542 οεν
131 1470 256 1557 Ἰσραήλ
268 1476 312 1556 τῷ
319 1472 393 1558 Ἀμο
403 1475 499 1562 ’ῥαίηη
519 1476 594 1542 3καί
605 1482 679 1583 ἐρρ-
709 1475 745 1541 οῦ
770 1476 853 1541 θελει
877 1475 1014 1559 Βαλαὰμ
1039 1480 1222 1559 πορευθῆναι
1246 1472 1311 1559 μεθ’

73 1554 159 1640 βήθη
183 1553 292 1643 Μωάβ
314 1554 366 1623 τὸν
389 1498 465 1624 λαὸν
487 1555 607 1647 σφόδρα
630 1588 678 1626 οτι
710 1556 801 1660 ήμῶν.
838 1561 865 1602 ¹³
877 1562 927 1624 καί
949 1562 1115 1643 προςὲθετσ
1135 1558 1246 1622 Βαλάκ
1271 1564 1315 1623 ἔτι

76 1638 187 1703 πολλοί
201 1626 288 1723 ἦσαν,
314 1641 365 1705 καί
375 1636 561 1728 προςοῦχθισε
573 1644 681 1731 Μωάβ
709 1642 884 1706 ἀποστεῖλαι
902 1641 1048 1741 ἀρηοντας
1058 1641 1188 1714 πλείους,
1206 1645 1316 1705 καὶέν·

74 1719 138 1787 ἀπὸ
157 1718 317 1807 προςιύπου
334 1728 407 1790 υίιῦν
425 1722 559 1811 Ἰσραήλ.
597 1728 680 1791 *καί
709 1726 882 1809 τιμοτὲρσυς
893 1749 1017 1789 τουτων.
1031 1726 1116 1787 ῖῦκαὶ
1132 1711 1229 1805 ἦλθον
1240 1750 1262 1786 π
1289 1721 1317 1797 ’ς

71 1805 134 1871 είπε
147 1802 254 1892 Μσνάβ
264 1810 302 1900 τῇ
312 1815 453 1893 γερουσίᾳ
467 1805 606 1893 Μαδιάμ.
627 1812 680 1875 νῦν
709 1806 855 1890 Βαλαὰμ,
867 1810 918 1872 καί
928 1807 1062 1884 λέγουσιν
1073 1805 1168 1888 αύτῷ.
1184 1801 1253 1870 τάδε
1264 1748 1316 1870 λέ-

72 1890 184 1966 ἐκλείξει
197 1884 215 1973 ή
229 1891 384 1977 συναγωγή
395 1890 474 1976 αῦτη
483 1888 599 1968 πάντας
608 1887 681 1966 τοῦς
709 1914 751 1968 γει
769 1886 916 1956 Βαλάκὸ
938 1895 996 1954 τοῦ
1012 1886 1152 1972 Σεπφώρ.
1179 1886 1253 1964 ἀξιῶ
1272 1914 1315 1962 σε,

72 1967 168 2055 κύκλῳ
180 1969 272 2055 ήμῶν,
283 1970 347 2050 ὡςεί
359 1974 483 2052 ἐκλείξαι
494 1973 512 2039 ὁ
523 1971 631 2061 μόσχος
640 1974 680 2041 τά
709 1972 750 2056 μή
764 1970 890 2066 ὀκνήσης
903 1972 1001 2038 ἐλθεῖν
1012 1972 1089 2057 πρὸς
1099 1977 1143 2055 με’.
1162 1975 1315 2056 ίέἐντίμιοε

71 2054 171 2143 χλωρὰ
184 2059 217 2119 ἐκ
229 2061 287 2121 τοῦ
299 2059 411 2125 πεδίου.
429 2060 479 2122 καί
489 2059 600 2125 Βαλὰκ
617 2059 681 2133 υίὸς
709 2056 767 2140 γὰρ
792 2053 905 2142 τιμήσω
930 2082 977 2133 σε,
1000 2060 1050 2121 καί
1067 2054 1126 2121 ὅσα
1147 2054 1198 2120 ἐάν
1223 2059 1315 2143 εἴπης,

71 2137 206 2224 Σεντφάρ
235 2140 372 2226 βασιλεῦς
401 2138 510 2228 Μωάβ
539 2132 577 2225 ἦν
602 2140 681 2207 κατὰ
709 2134 828 2223 ποιήσω
840 2166 894 2205 σοι.
933 2144 984 2204 καὶ
1000 2143 1084 2225 δεῦρο
1097 2133 1317 2225 ἐπικατάρασαί

71 2219 127 2287 τὸν
144 2217 249 2308 καιρὸν
274 2225 393 2289 ἐκεῖνον.
432 2224 511 2290 ὅκαί
527 2222 681 2290 ἀπέστειλε
709 2246 759 2302 μοι
771 2222 824 2289 τὸν
836 2222 910 2289 λαὸν
923 2229 1038 2289 τοῦτον.
1062 2226 1090 2266 ¹⁸
1104 2225 1155 2288 καὶ
1167 2220 1316 2307 ἀπεκρίθη

70 2308 204 2391 πρέσβεις
232 2305 309 2392 πρὸς
333 2302 470 2389 Βαλαάμ
500 2306 565 2373 υίῦν
589 2304 680 2389 Βειῦρ
709 2305 858 2389 Βαλαὰμ,
883 2310 934 2371 καὶ
950 2305 1012 2371 εἶπε
1028 2319 1092 2383 τοῖς
1108 2306 1315 2410 &¹930vaoe-

74 2386 249 2472 (Ιάθσυρὰ,
273 2384 291 2452 ὅ
309 2392 389 2455 ἐστιν
407 2391 457 2453 ε’πί
470 2394 528 2455 τοῦ
540 2397 681 2473 ποταμοῦ
709 2384 775 2452 λάκ.
793 2389 846 2454 ἐάν
858 2392 902 2472 δῷ
914 2416 964 2471 μοι
974 2388 1082 2454 Βαλὰκ
1094 2391 1192 2473 πληρη
1203 2390 1257 2454 τὸν
1268 2387 1315 2453 οῖ-

71 2473 128 2551 γής
141 2473 213 2533 υίιῦν
225 2470 303 2534 λαοῦ
316 2469 423 2546 αῦτοῦ,
439 2472 562 2538 καλέσαι
576 2471 681 2550 αῦτόν,
710 2495 762 2535 κον
780 2470 875 2536 αῦτσῦ
893 2472 1037 2556 ἀργυρίου
1055 2474 1105 2534 καί
1116 2477 1253 2552 χρυσίου,
1279 2469 1313 2533 οῦ

71 2553 179 2628 λέγων.
194 2548 259 2615 ίῦοῦ
271 2550 344 2626 λαὸς
357 2550 529 2636 ἐξελήλυθεν
542 2552 680 2634 ἐξΑίγῦ-
709 2550 870 2637 δυνήσομαι
886 2557 1057 2638 παραβῆναι
1073 2552 1109 2615 τό
1123 2557 1201 2636 ρἠμα
1213 2559 1316 2635 κυρίου

71 2660 170 2709 πτου,
186 2636 238 2699 καί
253 2634 319 2700 ίῦοῦ
336 2633 522 2721 κατεκάλυψε
539 2636 592 2722 τήν
608 2638 681 2724 ὄψιν
710 2643 764 2701 τοῦ
776 2641 861 2711 θεοῦ,
874 2642 998 2721 ποιήσαι
1011 2632 1088 2700 αῦτὸ
1099 2634 1202 2718 μικρὸν
1213 2633 1230 2719 ἢ
1240 2639 1315 2718 μέγα

71 2724 125 2795 τῆς
136 2724 204 2802 γῆς,
230 2720 281 2783 καὶ
293 2709 383 2796 οῦτος
400 2717 565 2806 ἐγκάθηται
580 2722 679 2810 ἒχῦιιε-
709 2724 740 2785 ἐν
753 2727 790 2815 τῇ
803 2723 920 2805 διανοίᾳ
932 2748 1000 2806 μου.
1026 2721 1055 2762 ¹⁰
1068 2722 1118 2783 καὶ
1129 2724 1181 2784 νῦν
1195 2714 1315 2802 ὑπομεί-

72 2798 121 2877 νός
137 2828 206 2886 μου.
233 2804 311 2868 6καὶ
329 2807 382 2870 νῦν
400 2806 487 2889 δεῦρο
500 2806 617 2893 ἀρασαί
626 2833 679 2891 μοι
710 2830 777 2870 νατε
794 2804 893 2871 αῦτοῦ
909 2810 959 2871 καί
978 2803 1057 2889 ὑμεῖς
1069 2800 1123 2887 τήν
1136 2798 1228 2868 νύκτα
1241 2798 1315 2868 ταύ-

71 2884 126 2949 τὸν
143 2884 219 2951 λαὸν
235 2891 361 2963 τοῦτον,
386 2885 433 2955 ὅτι
450 2887 538 2975 ἰσχύει
556 2884 679 2974 οῦτοςή
709 2915 778 2972 την,
804 2892 854 2953 καὶ
869 2886 1025 2970 γνώσομαι
1043 2894 1073 2951 τί
1084 2883 1246 2968 προςθήσει
1261 2887 1315 2950 κύ·-

74 2965 161 3051 ήμεῖς.
186 2969 238 3035 ἐὰν
254 2966 412 3054 δυνώμεθα
428 2970 562 3050 πατάξαι
580 2973 680 3050 ε’ξαῦ-
710 2997 774 3055 ριος
785 2972 912 3055 λαλῆσαι
925 2974 999 3058 πρὸς
1010 2974 1055 3055 με’.
1087 2971 1181 3032 20καὶ
1194 2965 1314 3050 ήλθενῦ

72 3057 148 3139 τών,
174 3054 224 3117 καί
241 3055 357 3140 ἐκβαλῶ
374 3054 485 3132 αύτούς
502 3062 533 3122 ἐκ
553 3062 606 3142 τῆς
617 3063 678 3140 γῆς.
708 3053 780 3131 θεὸς
791 3053 867 3142 πρὸς
878 3057 1013 3140 Βαλαὰμ
1032 3049 1152 3128 νυκτὸς,
1176 3053 1225 3118 καί
1239 3049 1315 3118 εἶπεν

73 3132 119 3199 ὅτι
133 3134 203 3201 οἶδα
216 3132 269 3212 οῦς
282 3137 333 3203 ε’ἀν
345 3136 509 3234 εῦλσγήσῃς
522 3140 576 3218 οῦ,
595 3137 680 3205 εῦλύ-
710 3136 803 3225 αὐτῷ.
835 3145 859 3204 εί
877 3142 996 3207 καλέσαι
1016 3165 1047 3205 σε
1062 3134 1197 3242 πάρεισιν
1215 3141 1245 3200 σί
1262 3134 1313 3201 ἀν-

71 3243 182 3302 γηνται.
208 3223 260 3284 καὶ
273 3219 326 3296 οῦς
338 3221 376 3286 ἀν
389 3219 545 3317 καταράση
560 3223 608 3300 σύ,
633 3249 681 3288 κε-
708 3233 830 3327 θρωποι
843 3216 944 3299 οῦτοι,
962 3220 1092 3296 ἀναστὰς
1104 3216 1315 3303 ἀκολούθησον

71 3298 265 3384 κατήρανται.
291 3303 305 3344 ⁷
318 3307 368 3365 καί
385 3301 536 3389 ἐπορεύθη
547 3303 566 3388 ή
578 3332 680 3392 γερου-
711 3317 823 3378 αυτοῖς.
851 3303 929 3368 ἀλλά
940 3305 977 3368 τὸ
992 3309 1082 3407 ῥῆμα,
1095 3300 1114 3364 ὃ
1127 3302 1180 3366 ἐάν
1192 3298 1315 3386 λαλήσω

72 3391 125 3450 σία
140 3381 261 3464 Μωάβ,
285 3384 337 3444 καί
355 3379 371 3465 ή
389 3393 528 3468 γερουσία
541 3388 679 3472 Μαῦιάμ.
710 3385 787 3472 πρὸς
799 3387 846 3461 σὲ,
859 3391 951 3451 τοῦτο
963 3410 1100 3469 ποιησεις.
1138 3387 1166 3424 ²¹
1179 3385 1316 3447 καὶάνα-

72 3468 126 3531 nai
146 3461 186 3544 ἰὰ
200 3470 324 3540 μαῖῐέἶα
337 3467 366 3526 37
386 3477 450 3538 ταῖς
465 3471 560 3551 χερσίν
573 3468 680 3536 αὐτῶν.
711 3466 781 3545 στάς
806 3465 944 3550 Βαλαὰμ
975 3465 1096 3552 τοπρωῒ
1120 3466 1241 3539 ἐπέσαξε
1261 3464 1316 3546 τήν

73 3548 127 3611 καί
146 3544 248 3626 ἦλθον
263 3540 341 3626 πρὸς
353 3544 504 3629 Βαλαὰμ,
529 3555 580 3615 καί
595 3552 682 3618 εἶπαν
712 3552 782 3618 ὄνον
800 3552 909 3626 αῦτοῦ,
935 3551 987 3616 καί
1004 3542 1154 3632 ἐπορεύθη
1171 3543 1244 3629 μετὰ
1257 3552 1317 3612 τῶν

73 3628 161 3711 αὐτῷ
178 3625 217 3691 τά
234 3621 353 3712 ῥήματα
369 3624 489 3692 Banu.
527 3632 606 3696 ⁸ml
622 3635 683 3698 εἶπε
712 3632 865 3717 ἀρχόντων
877 3633 990 3721 Μωάβ.
1009 3632 1097 3696 22καῖ
1110 3628 1247 3715 ὠθίῖσθθ
1259 3640 1317 3695 θυ-

72 3710 150 3796 πρὸς
163 3709 285 3786 αύτούς.
312 3705 501 3777 καταλῦσατε
518 3710 617 3778 αῦτσῦ
632 3713 685 3796 τήν
713 3721 759 3796 μιᾷ
772 3715 789 3781 ὁ
803 3717 889 3795 θεὸς,
914 3716 962 3784 ὅτι
976 3711 1128 3801 ἐπορεύθη
1141 3709 1241 3791 αῦτός.
1266 3717 1316 3781 καί

75 3801 178 3869 νύκτα,
191 3798 242 3859 καί
253 3791 495 3881 ἀπσκριθήσομαι
507 3793 576 3882 ύμῖν
586 3793 684 3883 πράγ-
713 3794 823 3882 ἀνέστη
841 3799 859 3863 ὁ
878 3800 999 3879 ἀγγελος
1013 3804 1066 3863 τοῦ
1080 3803 1156 3862 θεοῦ
1166 3798 1315 3884 διαβαλεῖν

74 3905 155 3962 ματα
169 3875 190 3943 ἀ
203 3877 240 3943 ἀν
250 3875 365 3975 λαλήση
378 3875 478 3967 κύριος
489 3880 618 3967 πρόςμέ.
633 3884 684 3947 καί
712 3877 815 3946 αὐτόν.
853 3886 905 3946 καί
925 3882 1016 3957 αῦτὸς
1033 3876 1188 3967 ἐπεβεβήκει
1203 3886 1252 3948 ἐπὶ
1265 3888 1315 3967 τῆς

74 3967 247 4045 κατέμειναν
270 3967 300 4027 οἱ
316 3961 455 4048 ἄρχοντες
472 3964 580 4052 Μαάβ
596 3964 681 4050 παρά
711 3963 784 4029 ὄνου
797 3963 908 4044 αῦτοῦ,
934 3968 984 4031 καὶ
996 3969 1026 4030 οῖ
1038 3959 1091 4029 δύο
1101 3967 1203 4041 παῖδες
1217 3965 1312 4031 αῦτοῦ

75 4041 216 4128 Βαλαάμ.
229 4047 301 4109 9καὶ
312 4035 400 4129 ήλθεν
414 4043 513 4124 5025,-
524 4049 601 4136 πρὸς
611 4056 679 4115 Βα-
708 4048 767 4132 μετ’
784 4049 889 4115 αῦτοῦ.
927 4052 957 4092 ²³
970 4052 1020 4114 καὶ
1036 4050 1138 4114 ἰδοῦσα
1152 4045 1169 4133 ή
1183 4050 1251 4124 ὄνος
1264 4048 1315 4113 τὸν

75 4128 170 4211 λαάμ,
196 4131 247 4194 καί
262 4129 338 4196 εἶπεν
356 4128 449 4213 αῦτῷ.
473 4139 504 4197 τί
514 4140 545 4199 σί
557 4134 680 4215 ἀνθρω-
709 4135 832 4212 ἀγγελσν
852 4140 908 4199 τοῦ
923 4138 1001 4200 θεοῦ
1018 4130 1221 4218 ἀνθεστηκότα
1235 4136 1265 4195 ἐν
1276 4158 1313 4214 τη

73 4237 129 4278 ποτ
142 4204 226 4276 οῦτοι
240 4214 325 4298 παρὰ
338 4223 386 4280 σοί
387 4244 400 4293 ,·
432 4218 461 4258 ¹⁰
474 4219 523 4280 καὶ
536 4217 596 4282 εἶπε
610 4223 680 4282 Βα-
708 4214 780 4303 ὁδῷ,
794 4222 846 4286 καί
859 4218 911 4285 τ’ν
922 4223 1074 4306 ῥομφαίαν
1087 4219 1271 4298 ἐσπασμένην
1282 4206 1314 4280 ἐν

74 4293 156 4377 λαάμ
166 4294 241 4379 πρὸς
254 4293 396 4363 τὸνθεόν.
407 4297 518 4364 Βαλὰκ
529 4298 680 4376 υίόςΣεπ-
708 4306 747 4384 τῆ
763 4307 835 4392 χειρί
855 4309 968 4380 αυτοῦ,
993 4304 1044 4366 καί
1061 4300 1201 4376 ἐξέκλινεν
1215 4295 1232 4381 ή
1247 4297 1315 4369 ὄνος

73 4379 142 4459 ηώρ
160 4377 294 4476 βασιλεὺς
312 4378 419 4465 Μωάβ
440 4379 607 4448 ἀπέστειλεν
623 4381 680 4448 αῦ-
709 4375 742 4446 ἐκ
755 4393 807 4470 τῆς
819 4384 907 4463 ὁδοῦ,
931 4388 981 4450 καί
994 4377 1152 4464 ἐπορεύετο
1164 4384 1203 4454 είς
1216 4378 1250 4443 τὸ
1262 4402 1315 4471 πεῖ

76 4460 145 4542 νοῦς
165 4484 241 4546 προς
254 4460 307 4545 μὶ,
332 4460 434 4542 λέγων.
474 4465 583 4530 11ίῦού
607 4465 679 4542 λαὸς
709 4467 783 4534 δίον.
819 4472 870 4534 καί
895 4464 1021 4540 ἐπάταξε
1051 4460 1101 4546 τήν
1126 4460 1197 4526 ὄνον
1222 4464 1313 4599 ἐηςέη

1217 4564 1258 4623 ίαν
1290 4562 1314 4614 ῳ
