2924 4972
416 229 698 297 ΑΡΙΘΜΟΙ
735 223 953 303 Κεφ,κθ’.29.
1252 222 1313 291 167

58 360 135 429 τών,
162 355 213 417 καί
229 356 262 417 αῖ
275 354 405 418 σπονδαί
425 349 541 428 αύτών,
568 352 619 416 καί
631 342 668 415 τό
702 374 820 424 τωσεως
831 352 883 427 τῆς
896 341 1066 421 διαπαντός.
1093 350 1127 410 αλ
1138 352 1240 412 θυσίαι
1253 345 1312 411 αύ-

60 431 261 518 ὁλοκαύτωμα
273 432 310 499 τό
320 430 492 511 διαπαντός.
506 437 557 500 καὶ
567 439 600 499 αῖ
609 444 670 497 θυ-
701 435 773 512 τών,
785 432 837 498 καί
850 436 883 495 αἶ
892 430 1020 497 σπονδαί
1033 427 1141 493 αὐτῶν.
1155 432 1230 524 22τῇ
1242 426 1312 516 ἡμί-

60 527 123 586 σίαι
137 516 239 585 αύτών
251 520 302 583 καὶ
314 522 348 583 αἱ
360 519 488 583 σπονδαί
501 516 603 583 αύτών
615 543 670 582 κα-
723 541 742 619 gt
765 519 804 612 τῇ
820 520 907 609 τρίτῳ
930 509 1060 597 μόσχους
1079 512 1189 588 ἕνδεκα,
1213 509 1313 597 κριούς

60 603 100 669 τὸ
124 598 179 686 τὴν
209 597 359 687 σύγκρισιν
384 599 487 666 αύτυῖν
510 605 551 676 είς
576 597 671 684 ὁσμίχν
702 542 774 676 δυο,
797 596 907 682 ἆμνούς
924 601 1088 671 ἐνιαυσίους
1101 599 1250 679 τέσσαρας
1262 597 1314 661 καί

61 685 183 761 εύωδίας
199 690 301 770 κυρίῳ.
340 685 419 748 2καί
438 689 475 778 τῇ
492 680 599 775 δεκώτχγ
613 686 670 747 τοῦ
702 684 774 748 δέκα
787 679 934 764 ἀμώμους.
969 675 1135 763 22ίχθυσία
1149 676 1251 742 αὐτῶν
1262 679 1315 743 καί

59 767 152 852 μχνὸς
173 763 285 833 τούτου
310 768 468 852 ἐπίκλητος
490 763 563 847 ὁγία
586 771 670 833 ἔσται
702 763 847 850 ν’χοπονδίχ
860 760 963 828 αὐτῶν
980 774 1043 838 τοῖς
1054 755 1175 848 μόσχοις
1187 763 1238 827 καί
1250 772 1314 837 τοίς

61 849 137 934 ὁμῖν.
163 852 216 915 καί
232 846 377 916 κακώσετε
389 850 444 928 τὰς
458 848 557 978 ψυχὰς
576 845 669 933 ύμών,
701 859 794 955 κριοῖς
818 848 949 921 καὶτοῖς
967 843 1069 927 ἆμνοίς
1086 843 1165 909 κατὰ
1183 841 1314 930 ἀριθμὸν

62 936 114 1000 καί
122 939 185 1001 πᾶν
194 937 281 1019 ἔργον
292 930 329 998 ού
338 930 483 1018 ποιήσετε.
516 936 669 1020 καίπρος·
703 935 821 1007 αυτών,
846 926 922 995 κατὰ
948 925 1002 1012 τὴν
1027 926 1176 1013 σύγκρισιν
1201 925 1310 991 αὐτῶν.

63 1023 156 1082 οίσετε
175 1012 411 1101 ὁλοκαυτώματα
429 1022 468 1094 είς
485 1015 581 1103 ὀσμὴν
594 1015 668 1082 εύω-
701 1015 788 1079 22καὶ
798 1019 923 1102 χίμαρον
934 1015 965 1090 ἐξ
975 1015 1068 1089 αίγών
1077 1015 1129 1075 ἕνα
1137 1010 1206 1096 περί
1214 1006 1312 1096 ἆμαρ·

63 1102 129 1175 δίας
141 1105 234 1185 κυρίῳ
247 1096 436 1186 καρπώματα
449 1107 553 1186 κυρίῳ,
560 1096 670 1184 μόσχον
701 1105 776 1174 τίας.
789 1097 867 1182 πλὴν
879 1101 932 1180 τῆς
942 1088 1173 1168 ὁλοκαυτώσεως
1183 1097 1235 1177 τῆς
1246 1095 1312 1158 δια-

63 1187 189 1269 ἐκβοῶν
202 1189 265 1258 ἕνα,
278 1181 362 1268 κριὸν
376 1188 440 1257 ἕνα,
452 1180 564 1266 ἇμνούς
574 1188 671 1248 ἐνιαυν
702 1175 823 1255 παντός.
837 1184 871 1244 αί
881 1183 988 1244 θυσίαι
1001 1175 1102 1241 αύτών
1114 1178 1165 1241 καί
1175 1179 1209 1240 αί
1219 1201 1313 1242 σπον-

64 1272 147 1341 σίους
159 1261 246 1330 ἑπτά.
260 1263 382 1346 ίίμωμοι
395 1267 514 1327 ἔσονται
529 1260 605 1346 ύμῖν.
627 1258 671 1344 2ἢ
704 1264 756 1329 δαί
772 1261 880 1327 αὐτῶν.
916 1263 946 1303 22
960 1264 997 1355 τῇ
1016 1256 1110 1346 ἦμίρρ
1130 1262 1167 1352 τῇ
1185 1255 1313 1351 τετάρτῳ

62 1355 158 1414 θυσία
176 1344 280 1410 αύτών
293 1344 440 1428 σεμίδαλις
453 1343 678 1448 ἆναπεποιχμέι·
704 1340 832 1430 μόσχους
855 1344 940 1419 δέκα,
976 1341 1076 1428 κριούς
1101 1341 1173 1418 δύο,
1205 1340 1313 1422 ιἰμνοὸς

64 1457 99 1513 νη
113 1435 144 1494 ίν
158 1429 261 1508 ίλαίῳ.
299 1432 369 1510 τρία
388 1426 500 1494 δέκατα
517 1431 560 1509 τῷ
575 1452 673 1513 μοσχῳ
705 1430 868 1505 ἐνιαυσίους
892 1430 1036 1512 τίσσαρας
1061 1426 1113 1491 καί
1135 1425 1208 1490 δίκα
1227 1420 1313 1507 ἆμώ-

64 1517 110 1594 τῷ
130 1510 188 1584 ἑνί,
214 1507 267 1571 καί
282 1504 337 1572 δύο
354 1509 465 1574 δέκατα
483 1513 528 1593 τῷ
543 1515 616 1596 κριῷ
628 1514 672 1592 τῷ
702 1537 786 1594 μους.
838 1510 870 1553 22
887 1514 923 1576 αἱ
948 1516 1052 1576 θυσίαι
1078 1506 1179 1574 αύτών
1202 1511 1253 1575 καί
1278 1511 1314 1573 αί

67 1597 121 1658 ἐνί.
157 1593 188 1634 ¹⁰
200 1591 327 1656 δέκατον
338 1593 464 1657 δέκατον
475 1597 520 1677 τῳ
532 1591 614 1678 α’μνῷ
627 1598 672 1678 τῳ
704 1594 831 1661 σπονδαί
848 1592 948 1661 αὐτῶν
964 1605 1028 1668 τοῖς
1043 1589 1163 1677 μόσχοις
1180 1594 1232 1656 καί
1248 1603 1313 1666 τοῖς

68 1677 127 1752 ἑνί,
152 1677 191 1750 είς
202 1673 273 1750 τούς
284 1673 361 1741 ἱπτὸ
373 1670 489 1759 ἇμνούς.
526 1682 550 1719 22
562 1680 613 1742 καί
624 1682 670 1763 χί·
702 1690 794 1781 κριοῖς
809 1679 860 1743 καί
876 1689 941 1753 τοῖς
958 1677 1063 1780 ἂμνσῖς
1084 1675 1163 1739 κατὰ
1183 1671 1314 1759 ἀριθμόν

64 1786 109 1843 μα
148 1784 163 1822 ν
187 1759 219 1834 ἐξ
244 1762 337 1835 αἰγῶν
361 1763 414 1823 ἕνα
431 1761 497 1846 περί
514 1756 669 1866 ἁμαρτίας,
703 1766 819 1838 αυτών,
846 1759 926 1827 κατὰ
951 1784 1006 1844 τιχν
1030 1754 1179 1841 σύγκρισιν
1204 1753 1311 1822 αύτιδν.

64 1844 96 1918 ἐξ
134 1837 260 1906 ’σασθαι
271 1844 338 1929 περὶ
351 1838 439 1926 ὁμών.
462 1843 589 1928 πλὴντο
602 1846 670 1929 περὶ
703 1836 1312 1944 22καίχίμαρονἐξαίγώνέναπερίόιμαρ-

65 1931 117 2026 ρῆς
140 1919 287 2010 ὁμαρτίας
311 1929 363 2074 τχς
387 1921 554 2004 ἐξιλάσεως,
580 1930 631 1993 καί
650 1923 668 2013 ἦ
701 1934 775 2004 τίας.
788 1928 867 2013 πλὴν
879 1933 931 2010 τῆς
943 1920 1171 2001 ολσκαυτώσεως
1184 1925 1312 2008 τῆςδια-

64 2005 307 2092 ολοκαύτωσιςίχ
347 2004 498 2085 ιαπαντός.
536 2008 670 2097 ἢθυσία
701 2006 821 2086 παντός.
836 2016 870 2076 αί
881 2015 984 2077 θυσίαι
997 2007 1096 2074 αύτών
1108 2010 1159 2076 καί
1170 2013 1203 2073 αί
1216 2033 1311 2074 σπον-

64 2089 170 2171 αύτῆς,
194 2093 247 2156 καί
264 2087 413 2196 ἡσπονδίχ
421 2091 513 2177 αὐτῆς
525 2093 604 2159 κατὰ
617 2090 671 2177 τὴν
702 2096 754 2160 δαί
771 2093 879 2159 αὐτῶν.
917 2094 1000 2188 22τῇ
1020 2089 1114 2179 ἡμέρᾳ
1132 2096 1171 2188 τῇ
1190 2095 1311 2174 πίμπτνχ

64 2168 214 2259 σύγκρισιν
226 2176 265 2248 εἷς
277 2171 372 2259 ὀσμίχν
385 2177 508 2252 ευωδίας
520 2173 671 2262 κόρπωμα
702 2172 829 2260 μόσχους
854 2178 952 2251 ἐννέα,
977 2174 1075 2262 κριούς
1100 2171 1174 2250 δύο,
1200 2172 1312 2257 ἀμνούς

63 2261 164 2340 κυρίῳ.
177 2258 260 2320 22καί
272 2262 309 2338 τῆ
321 2254 561 2353 πεντεκαιδεκάτῃ
574 2255 670 2344 ἡμέρᾳ
704 2263 866 2335 ἐνιαυσίους
892 2262 1039 2345 τέσσαροις
1063 2260 1114 2324 καί
1129 2257 1202 2322 δίκα
1226 2252 1312 2339 ἀμώ-

62 2344 119 2404 τοῡ
142 2334 230 2424 μρνὸς
253 2329 310 2403 τυὸ
324 2337 453 2443 ἑβδόμου
471 2336 585 2406 τούτου
605 2345 672 2405 ἐπί·
703 2368 785 2424 μους.
803 2344 832 2385 22
839 2345 872 2407 αί
881 2346 987 2408 θυσίαι
999 2339 1098 2405 αὐτῶν
1110 2343 1161 2405 καί
1173 2344 1206 2405 αἱ
1218 2365 1312 2405 σπον-

62 2421 169 2505 κλρτσς
194 2417 267 2500 ὁγία
284 2425 369 2487 ἔσται
387 2436 464 2505 υμῖν.
503 2428 566 2486 πᾶν
583 2427 672 2503 ἔργον
705 2425 756 2487 δαὶ
768 2421 868 2488 αὐτῶν
879 2435 943 2497 τοῖς
954 2419 1076 2506 μόσχοις
1088 2425 1210 2497 καὶτοῖς
1221 2434 1312 2506 κριοῖς

62 2503 224 2589 λατρευτὸν
238 2502 276 2568 ού
289 2501 434 2586 ποιήσετε.
461 2507 513 2568 καὶ
526 2504 673 2582 έορτώσα-
705 2507 828 2579 καὶτοῖς
841 2504 947 2588 ἆμνοῖς
964 2505 1042 2566 κατὰ
1057 2501 1187 2587 ἀριθμόν
1199 2502 1312 2579 αὐτῶν,

62 2612 94 2653 τε
113 2585 209 2669 αὐτὴν
226 2585 334 2685 ἑορτὴν
350 2593 442 2669 κυρίῳ
460 2583 538 2646 ἑπτὰ
556 2585 672 2670 ἡμέρας.
706 2585 783 2649 κατδι
796 2587 849 2671 τὴν
863 2584 1013 2668 σύγκρισιν
1025 2582 1134 2648 αὐτῶν.
1161 2586 1192 2626 22
1205 2585 1255 2647 καί
1266 2591 1312 2671 χί·

62 2673 90 2712 22
103 2667 335 2751 καίπροςαξατε
348 2661 588 2748 ὁλοκαυτώματα
601 2665 674 2752 κώρ-
703 2694 799 2774 μαρον
823 2672 854 2748 ἐξ
878 2671 972 2746 αέγών
996 2671 1048 2733 ἕνα
1069 2669 1136 2753 περί
1155 2663 1310 2753 ὁμαρτίας.

61 2778 155 2835 ποιμα
165 2754 204 2825 είς
212 2747 437 2834 ὀσμὴνεύιυδίας
446 2756 547 2836 κυρίῳ,
556 2757 593 2836 τῆ
603 2747 670 2837 '‘15⁴⁶'-
703 2753 780 2836 πλην
797 2758 850 2838 τῆς
866 2745 1096 2828 ὁλοκαυτώσεως
1112 2755 1164 2836 τῆς
1184 2752 1312 2816 διαπαν-

63 2863 103 2920 ρῳ
122 2838 158 2916 τῆ
176 2828 282 2928 πρώτχ
298 2829 429 2918 μόσχους
446 2837 478 2898 ἐκ
499 2827 580 2921 βοῶν’
595 2845 672 2922 τρεῖς
704 2831 762 2912 τός.
789 2841 823 2903 αί
839 2840 945 2903 θυσίαι
959 2833 1121 2901 αὐτῶνκαὶ
1133 2839 1167 2900 αί
1183 2836 1311 2901 σπονδαί

63 2917 114 2982 καὶ
127 2905 214 2991 δέκα,
239 2915 340 3002 κριούς
355 2914 424 2994 δύο,
450 2915 558 3001 ἀμνούς
571 2924 670 2985 ἐνιαυψ
703 2918 813 2989 αὐτῶν.
839 2924 869 2965 22
882 2926 922 3016 τῇ
942 2915 1030 3007 (μώρῳ
1047 2924 1085 3013 τῇ
1102 2925 1172 3001 ἕκτη
1183 2914 1310 3003 μόσχους

64 3007 147 3074 σίους
160 3001 383 3087 δεκατέσσαρας.
407 2999 525 3084 όμωμοι
539 3005 669 3070 ἔσονται,
702 3002 798 3082 ὀκτώ,
820 3003 919 3091 κριούς
932 2947 1002 3079 δύο,
1021 3001 1133 3087 ἀμνούς
1146 2989 1310 3076 ίνιαυσίους

63 3083 93 3125 ¹⁴
107 3087 140 3148 αἱ
151 3088 258 3146 θυσίαι
276 3083 376 3150 αὐτῶν
395 3084 539 3169 σεμίδαλις
557 3084 670 3155 ἆναπεν
702 3088 919 3174 δεκατέσσαρας
937 3082 1083 3170 ἀμώμους,
1110 3088 1141 3130 22
1154 3089 1187 3155 αἱ
1203 3090 1309 3149 θυσίαι

62 3168 207 3249 ποιημίνρ
228 3168 258 3230 ἓν
282 3168 381 3251 ἐλαίῳ,
412 3175 482 3254 τρία
497 3171 608 3237 δέκατα
625 3174 669 3253 τῷ
702 3169 803 3237 αύτών
814 3175 865 3242 καί
881 3175 914 3236 αί
927 3173 1053 3238 σπονδαί
1065 3168 1166 3234 αὐτῶν
1179 3180 1242 3243 τοῖς
1251 3165 1309 3250 μό-

62 3247 165 3334 μόσχῳ
190 3254 234 3332 τῷ
252 3252 309 3327 ἑνί,
335 3265 399 3327 τοῖς
416 3254 597 3337 τριςκαίδεκα
613 3249 669 3337 μό-
702 3281 783 3339 σχοις
799 3259 850 3320 καί
868 3266 933 3329 τοῖς
951 3265 1044 3337 κριοῖς
1061 3255 1112 3323 καί
1129 3265 1191 3329 τοῖς
1203 3251 1310 3335 ἀμνοῖς

63 3358 153 3417 σχοις.
166 3329 282 3396 καὶδύο
295 3334 406 3401 δέκατα
418 3339 462 3416 τῷ
476 3341 547 3419 κριῷ
561 3341 605 3418 τῷ
615 3338 669 3411 ἑνί,
702 3336 780 3404 κατὰ
794 3335 925 3422 ἀριθμὸν
938 3336 1036 3399 αὐτῶν
1041 3383 1052 3410 ,
1077 3335 1155 3400 κατὰ
1168 3335 1222 3418 τίχν
1234 3329 1309 3411 σύγ·

62 3415 117 3481 ἐπὶ
129 3413 198 3487 τούς
211 3408 265 3474 δύο
277 3410 383 3497 κριούς·
408 3416 434 3457 ¹⁵
448 3417 570 3484 δέκατον
583 3419 670 3482 δέκα,
702 3445 797 3504 κρισιν
810 3416 918 3484 αύτιὸν.
936 3420 963 3460 22
974 3421 1026 3481 καὶ
1037 3422 1160 3501 χίμαρον
1172 3419 1203 3490 ἐξ
1216 3420 1310 3491 αίγῶν

62 3522 120 3563 τον
133 3496 178 3574 τῷ
191 3491 273 3575 ἀμνῳ
285 3498 329 3575 τῷ
342 3497 399 3568 ἑνί,
419 3497 469 3559 ἐπὶ
481 3496 551 3573 τοὺς
562 3502 669 3565 τίσσαν
703 3506 754 3568 ε’ίνα
766 3503 833 3586 περὶ
846 3497 999 3583 ἁμαρτίας,
1024 3496 1103 3581 πλὴν
1115 3502 1168 3581 τῆς
1181 3495 1310 3561 ὁλοκαυι

62 3576 186 3665 ραςκαὶ
202 3576 273 3642 δέκα
292 3573 410 3659 ἀμνούς,
447 3579 538 3646 22καὶ
567 3587 671 3668 ίμαρσν
702 3579 819 3661 τώσεως
832 3589 884 3668 τῆς
897 3578 1067 3655 διαπαντός.
1091 3585 1125 3644 al
1136 3585 1239 3645 θυσίαι
1253 3577 1310 3643 αύ-

63 3668 96 3740 l}
109 3663 202 3738 αῑγών
214 3664 265 3723 ἕνα
277 3662 344 3744 περί
357 3656 511 3744 ὁμαρτίας.
532 3607 609 3744 πλὴν
620 3668 672 3746 τῆς
703 3670 762 3729 τῶν
772 3670 824 3732 καί
835 3671 869 3732 αί
884 3667 1011 3733 σπονδαὶ
1024 3662 1134 3730 αύτών.
1150 3665 1226 3746 22τή
1239 3659 1309 3748 ὁρμί-

64 3741 294 3818 ὁλσκαυτώσεως
306 3748 358 3827 τῆς
369 3739 540 3818 διαπαντός,
566 3749 600 3809 αί
612 3755 672 3808 θυ-
704 3772 744 3829 ρᾳ
765 3754 804 3843 τῇ
820 3747 928 3844 ἑβδόμῳ
943 3746 1072 3835 μόσχους
1090 3746 1184 3829 ἕπτόι,
1208 3735 1309 3834 Ικριούς

66 3834 128 3894 σίαι
151 3825 250 3891 αὐτῶν
275 3828 326 3891 καί
351 3830 384 3891 αί
409 3827 537 3891 σπονδαί
562 3825 671 3895 αύτών,
705 3827 775 3904 δύο,
802 3829 909 3915 ἀμνούς
920 3837 1081 3907 ἐνιαυσίους
1093 3832 1308 3916 δεκατέσσαρας

64 3914 91 3952 22
104 3913 155 3975 καί
177 3916 214 3999 τῇ
240 3907 334 3995 ἡμέρα
351 3914 389 4004 τῇ
408 3912 528 4017 δευτέρῳ
545 3907 673 3998 μόσχους
704 3908 851 3997 ἀμώμους.
878 3915 908 3955 22
921 3919 954 3978 αί
971 3920 1076 3979 θυσίαι
1094 3913 1193 3979 αύτών
1210 3918 1261 3980 καί
1273 3918 1308 3980 αἱ

64 3991 187 4068 δώδεκα,
201 3993 298 4078 κριούς
312 3974 376 4074 δύο,
389 3993 499 4076 ἀμνούς
512 4001 672 4074 ἐνιαυσίους
703 3998 834 4065 σπονδαί
851 3993 950 4061 αύτών
966 4009 1028 4072 τοῖς
1044 3993 1161 4082 μόσχοις
1180 4002 1308 4074 καὶτοῖς

65 4079 212 4160 τέσσαρας
223 4080 274 4141 καί
287 4079 357 4142 δέκα
370 4074 515 4159 ἀμώμους.
539 4081 567 4122 22
580 4076 598 4164 ἦ
611 4091 670 4144 θυ,
702 4094 794 4186 κριοῖς
812 4083 943 4158 καὶτοῖς
961 4077 1064 4162 ὁμνοῖς
1082 4080 1159 4146 κατὰ
1178 4080 1308 4169 ἀριθμόν

65 4165 116 4224 σία
134 4161 232 4224 αὐτῶν
254 4162 305 4223 καὶ
322 4157 340 4244 ἢ
360 4160 472 4245 σπονδίχ
490 4160 589 4227 αύτών
607 4175 671 4238 τοῖς
702 4171 817 4242 αυτῶν,
841 4164 920 4229 κατὰ
944 4163 998 4249 τὴν
1023 4160 1171 4252 σύγκρισιν
1195 4166 1305 4230 αύτῶν.

63 4238 183 4345 μόσχοις
195 4245 319 4316 καὶτοῖς
331 4255 422 4328 κριοῖς
434 4246 484 4308 καί
497 4257 559 4320 τοῖς
569 4244 671 4328 ἆμνοῖς
702 4248 789 4315 ”nal
797 4256 922 4336 χίμαρον
931 4251 961 4325 ἔξ
969 4252 1062 4327 αἷγών
1071 4255 1121 4314 ἕνα
1130 4251 1198 4334 περί
1208 4247 1306 4333 ὁμαρ-

64 4352 143 4389 κατα
161 4322 290 4411 ἆριθμὸν
303 4323 416 4402 αὐτῶν,
442 4326 519 4390 κατὰ
532 4328 586 4411 τίχν
598 4325 671 4406 σύγ·
702 4335 774 4406 τίας.
788 4330 864 4416 πλίχν
876 4337 928 4416 τῆς
942 4328 1169 4405 ὁλοκαυτώσεως
1179 4336 1230 4416 τῆς
1240 4332 1307 4394 δια-

64 4433 161 4492 κρισιν
174 4406 281 4471 αὐτῶν.
301 4411 329 4450 22
339 4411 390 4472 καί
401 4414 523 4494 χίμαρον
537 4414 566 4486 ἐξ
579 4415 672 4487 αἰγῶν
702 4409 819 4489 παντός.
838 4420 871 4479 αῖ
883 4420 985 4479 θυσίαι
999 4413 1100 4479 αὐτῶν
1112 4414 1163 4475 καὶ
1173 4418 1205 4476 αἱ
1216 4434 1305 4475 σπον-

66 4498 118 4556 ἕνα
130 4486 362 4577 περίὸμαρτίας.
389 4489 465 4575 πλὴν
477 4496 529 4574 τῆς
542 4492 670 4558 ὁλοκαυ-
704 4495 753 4560 δαὶ
765 4495 873 4562 αὐτῶν.
899 4498 928 4540 22
941 4498 993 4559 καί
1006 4500 1044 4587 τῇ
1059 4490 1151 4578 ἦμέρῳ
1165 4486 1311 4644 τῇέεδχχλόχγ

855 4587 862 4598 ’
1223 4591 1306 4632 onor
