2924 4972
155 209 221 275 992
306 205 669 272 ΜΑΚΚΑΒΑΙΩΝ
705 205 968 265 ΔΕΥΤΕΡΟΣ
1007 196 1287 281 Κεφ.γ’.δ.3.4.

157 302 1405 322 ..............-...-.—---—-.-..

155 358 236 413 γειαν
249 331 375 414 ἀφωνος
389 334 442 397 καί
459 330 561 415 πάσης
579 335 767 416 ἐστερημένος
799 326 955 414 χρημάτων
967 333 1018 393 καί
1035 332 1099 474 rig)
1106 328 1255 409 πατρίδος
1267 328 1411 432 ἐνδείκτης

156 416 276 491 ίλιτίδος
302 418 353 480 καί
373 420 520 497 σωτηρίας
538 417 668 500 ἔρριπτο.
694 415 725 457 ³⁰
738 416 769 478 οῖ
799 412 944 490 γεγονὼς,
971 415 1062 476 ἐκακο
1090 405 1143 486 ’γει
1159 409 1214 474 τόν
1224 407 1345 488 Ὀνίαν,
1371 438 1412 486 ως

158 498 191 566 δέ
204 496 259 565 τόν
276 497 380 583 κόριον
399 496 543 574 εὐλόγουν
561 496 614 562 τόν
632 497 768 582 παραδο-
801 490 893 569 αὐτός
905 519 935 558 τε
949 496 992 578 εἴη
1005 489 1255 580 τόνἩλιόδωρον
1268 498 1412 559 ἐπισεσυ-

160 578 287 659 ξάζοντα
312 579 367 646 τόν
390 582 505 646 ἑαυτοῦ
526 578 632 646 τόπον.
659 582 710 645 καί
732 577 768 644 τό
802 579 928 654 κῶς,καί
939 583 999 643 τῶν
1012 581 1112 641 κακῶν
1125 575 1304 662 δημιουργός
1316 589 1411 643 καθε-

159 670 256 750 μικρῷ
280 659 425 748 πρότερον
450 664 536 739 δέους
566 666 617 728 καί
641 668 770 750 ταραχῆς
802 660 923 745 οτηκῶς.
962 660 1041 725 2καί
1053 657 1108 723 τόν
1121 657 1273 745 εὐεργέτην
1284 666 1338 744 τῆς
1353 658 1410 727 αό-

160 753 252 830 γέμον
266 745 356 832 ἱερὸν,
376 751 431 811 τοῦ
444 743 691 831 παντοκράτορος
705 751 770 811 ε’πι-
803 745 876 820 λεως
889 747 941 809 καί
952 743 1008 809 τόν
1019 737 1167 827 κηδεμόνα
1178 747 1240 806 τῶν
1253 742 1414 824 ὁμοεθνῶν

160 833 304 912 φανέντος
317 835 434 914 κυρίου,
449 832 606 915 χαρᾶςκαί
620 827 770 916 εύφροσό-
802 831 853 893 καί
878 825 1009 911 ζηλωτὴν
1033 829 1092 890 τῶν
1115 821 1222 907 νόμων,
1248 828 1416 912 ἐπίβουλον

161 940 211 998 νης
225 910 433 996 ἐπεπλήρωτο.
461 913 564 995 31ταχύ
579 914 613 978 δέ
624 939 697 988 τινες
709 917 770 977 τῶν
803 918 863 975 τῶν
874 907 1060 996 πραγμάτων
1073 904 1186 991 ἐτόλμα
1198 904 1302 986 λέγειν.
1330 913 1345 952 ³
1359 917 1416 1015 της

162 991 426 1080 τοῦἩλιοδῶρου
445 993 586 1081 συνήθων
606 994 707 1080 ἠξίουν
720 994 772 1061 τόν
804 993 837 1061 δὲ
856 997 966 1080 ἔχθρας
988 995 1040 1058 ἐπί
1061 997 1208 1058 τοσοῦτον
1224 997 1416 1096 προβαινου-

162 1079 264 1146 Ὀνίαν
288 1079 529 1145 ἐπικαλέσασθαι
554 1077 609 1143 τὸν
633 1077 771 1161 ἱίιγιστον,
805 1105 868 1160 σης,
882 1074 954 1153 οἷίςτε
964 1078 1014 1141 καί
1034 1070 1085 1141 διά
1102 1099 1181 1150 τινος
1199 1081 1259 1140 τῶν
1277 1077 1337 1142 υπὸ
1352 1084 1415 1144 τοῦ

163 1166 214 1229 καί
233 1160 269 1228 τό
287 1164 339 1255 ζῇν
354 1167 539 1246 χαρίσασθαι
557 1168 600 1247 τῷ
617 1162 772 1236 παντελῶς
804 1168 938 1244 Σίμωνος
950 1161 1206 1242 δεδοκιμασμένων
1216 1155 1328 1239 φόνους
1341 1188 1409 1226 συν

163 1251 193 1313 έν
206 1245 314 1331 ἐσχάτη
333 1251 410 1331 πνοῇ
424 1250 553 1327 κειμένω.
592 1247 622 1288 ³²
636 1243 771 1320 όποπτος
804 1247 962 1321 τελεῖσθαι,
987 1242 1004 1284 ⁴
1018 1245 1152 1325 συνορῶν
1166 1238 1294 1318 όὈνίας
1306 1245 1343 1309 τό
1359 1270 1416 1328 χα-

165 1329 197 1397 δὲ
210 1318 363 1432 γενόμενος
376 1325 393 1392 ό
408 1313 564 1414 ἀρχιερεύς,
575 1324 690 1412 μήποτε
705 1325 772 1393 διά·
805 1328 895 1393 λεπὸν
916 1332 969 1412 τῆς
981 1323 1168 1407 φιλονεικίας,
1182 1327 1233 1389 καί
1254 1326 1414 1393 Ἀπολλώ-

163 1414 257 1517 ληιμιν
274 1438 291 1476 ο
304 1410 441 1498 βασιλεύς
454 1418 518 1496 σχῆ,
532 1419 719 1495 κακουργίαν
731 1437 771 1475 τι·
805 1435 866 1476 νιον
876 1417 1045 1494 μαίνεσθαι,
1059 1405 1100 1483 ῶς
1113 1406 1166 1472 τὸν
1184 1409 1286 1494 κοίλης
1299 1418 1415 1497 Συρίας

164 1522 202 1561 να
211 1499 279 1580 περὶ
290 1491 393 1560 τόνἨ
395 1484 540 1580 λιόδωρον
551 1487 612 1560 ύπό
622 1501 683 1560 τῶν
691 1494 771 1559 Ἰου-
806 1497 857 1560 καί
878 1500 1018 1577 Φοινίκης
1036 1490 1204 1579 στρατηγόν
1225 1491 1415 1571 συναύξοντα

164 1579 258 1645 δαίων
279 1577 517 1655 συντετελέσθαι,
531 1575 700 1660 προςιίγαγε
713 1589 771 1642 θυ-
805 1578 859 1663 την
881 1584 989 1643 κακίαν
1012 1581 1069 1641 τοῖν
1093 1581 1240 1656 Σίμωνος,
1266 1576 1337 1653 5ῶς
1360 1573 1414 1644 τόν

165 1668 234 1727 οίαν
247 1658 323 1744 ὑπὲρ
342 1667 395 1744 τῆς
412 1667 468 1725 τοῦ
487 1660 596 1744 ἀνδρὸς
614 1668 771 1745 σωτηρίας.
804 1662 930 1750 βασιλέα
943 1661 1127 1764 διεκομίσθη,
1142 1658 1179 1724 οὐ
1188 1659 1340 1744 γενόμενος
1352 1666 1413 1726 τῶν

165 1745 194 1787 ³³
206 1745 388 1828 ποιουμένου
414 1744 446 1809 δὲ
463 1749 521 1810 τοῦ
544 1743 701 1850 ἀρχιερέως
719 1744 773 1811 τόν
805 1746 939 1812 πολιτῶν
951 1768 1137 1828 κατηγορος,
1164 1742 1201 1807 τό
1215 1743 1247 1808 δὲ
1259 1747 1414 1827 συμφέρον

167 1825 305 1911 ῖλασμόν,
319 1831 350 1891 οῖ
362 1827 453 1893 αὐτοὶ
471 1833 581 1892 νεανίαι
592 1827 684 1893 παλιν
696 1825 772 1908 έφιί·
805 1834 890 1912 κοινῆ
918 1825 982 1893 κατ’
1012 1827 1090 1892 ἰδίαν
1115 1827 1209 1892 παντί
1232 1831 1277 1909 τῷ
1301 1824 1410 1908 πλήθει

166 1934 259 1992 νησαν
275 1915 321 1993 τῷ
333 1907 518 1997 Ἡλισδιόρῳ
538 1913 569 1974 ἐν
587 1925 653 1986 ταῖς
666 1909 773 1987 αὐταῖς
806 1901 938 1977 σκσίιῶν.
978 1910 1088 1995 θὲῶρα
1104 1907 1163 1993 γάρ
1175 1909 1243 1975 ἀνευ
1254 1910 1408 2012 βασιλικης

165 1990 325 2076 ἐσθήσεσιν
341 1995 557 2073 ἐστολισμένοι,
582 1997 634 2061 καί
647 1989 772 2070 στάντες
804 2000 948 2080 προνοίας
961 1990 1112 2059 ἀδύνατον
1128 1993 1197 2058 εἶναι
1214 2003 1309 2075 τυχεῖν
1328 1996 1411 2078 εἰρη-

167 2074 267 2150 είπον,
293 2073 410 2149 πολλάς
427 2081 471 2159 τῷ
487 2075 573 2158 Ὀνίᾳ
589 2082 634 2160 τῷ
647 2075 774 2162 ἀρχιερεῖ
805 2103 853 2160 νης
866 2081 910 2142 έτι
922 2074 962 2142 τά
975 2073 1152 2162 πράγματα,
1177 2076 1294 2141 καὶτὸν
1307 2082 1412 2158 Σίμω-

164 2156 289 2243 χάριτας
300 2159 359 2241 ἔχε,
381 2157 431 2224 διὰ
443 2158 501 2244 γάρ
515 2157 610 2225 αὐτόν
624 2185 673 2225 σοι
685 2157 771 2265 κεχά-
806 2187 843 2227 να
855 2160 977 2226 παῦλαν
991 2158 1028 2225 ού
1048 2156 1219 2243 ληψόμενον
1232 2164 1284 2241 τῆς
1297 2158 1409 2234 ἀνοίας.

165 2266 267 2328 ρισται
284 2240 320 2305 τὸ
333 2245 384 2335 ζῇν
403 2239 421 2306 ό
438 2238 547 2329 κύριος.
574 2243 606 2286 ³⁴
617 2242 655 2309 οὐ
674 2242 706 2309 δέ
718 2242 767 2309 vn'
805 2247 818 2288 ³
838 2239 1076 2328 μεταλλάξαντος
1094 2242 1128 2308 δὲ
1151 2239 1205 2308 τόν
1215 2247 1281 2348 βίον
1304 2241 1410 2307 Σελεύ·

165 2323 262 2390 αὐτοῦ
276 2331 531 2408 μεμαστιγωμένος
549 2323 682 2405 διάγγελε
695 2333 772 2393 πᾶσι
805 2354 870 2407 κου,
884 2331 935 2393 καί
952 2323 1183 2413 παραλαβόντος
1195 2351 1249 2410 την
1260 2327 1412 2414 βασιλείαν

165 2405 202 2472 τό
212 2408 367 2490 μεγαλεῖον
379 2414 436 2473 τοῦ
452 2415 529 2475 θεοῦ
541 2406 660 2494 κράτος.
674 2417 772 2475 ταῦτα
801 2407 952 2496 Ἀντιόχου
964 2407 1412 2496 τοῦπροςαγορευθέντοςἘπι·

166 2492 199 2556 δὲ
213 2487 344 2567 είπόντες
356 2489 478 2573 ἀφανεῖς
491 2498 639 2570 ἐγένοντο.
666 2495 695 2538 ³⁵
710 2492 727 2559 ό
740 2493 771 2558 δέ
806 2500 934 2575 φανούς,
959 2490 1158 2559 ἀπενόθευσεν
1166 2491 1276 2557 Ἰάσων
1289 2491 1307 2556 ὁ
1322 2491 1412 2557 ἀδελ-

162 2572 357 2661 Ἥλιόδωρος
369 2583 480 2642 θυσίαν
493 2575 649 2655 ἀνενέγκας
662 2582 705 2661 τῷ
718 2605 770 2642 κυ-
805 2578 863 2658 φὸς
872 2578 969 2643 Ὀνίου
984 2576 1038 2660 τὴν
1050 2572 1270 2662 ἀρχιερωσύνην,
1296 2576 1411 2653 ’ἔπαγ-

166 2664 232 2742 ρίῳ,
247 2661 298 2722 καί
310 2657 396 2744 εάχάς
413 2666 551 2762 μεγίστας
564 2657 717 2745 εὐξάμενος
728 2664 771 2745 τῷ
804 2658 968 2742 γειλάμενος
992 2666 1038 2745 τῷ
1062 2661 1177 2747 βασιλεῖ
1197 2657 1229 2726 δι’
1258 2654 1411 2735 ἐντεύξεως

166 2740 201 2806 τὸ
215 2745 267 2832 ζῄν
279 2768 522 2847 περιποιησαντι,
541 2747 593 2810 καὶ
605 2745 659 2809 τόν
670 2743 771 2810 Ὀνίαν
805 2744 949 2831 ἀργυρίου
959 2740 1093 2810 τάλαντα
1104 2743 1246 2828 ἑξήκοντα
1258 2742 1334 2827 πρὸς
1345 2756 1411 2817 τοῖς

167 2820 772 2912 ἀποδεξάμενος,ανεστρατοπέδευσεπρός
804 2834 999 2915 τριακοσίοις,
1024 2831 1075 2894 καί
1092 2825 1245 2911 προςόδου
1260 2825 1340 2901 τινὸς
1352 2825 1410 2891 ἀλ-

165 2905 220 2972 τόν
230 2908 368 2994 βασιλέα.
394 2911 425 2953 ³⁶
437 2909 622 2997 ἐξεμαρτύρει
635 2911 667 2975 δὲ
679 2916 771 2977 πᾶσιν
805 2913 858 2998 λης
875 2911 1009 2977 τάλαντα
1028 2910 1225 2995 ὀγδοήκοντα.
1256 2906 1362 2996 9πρὸς
1379 2909 1412 2978 δὲ

165 2987 243 3078 άπερ
269 2981 305 3076 ἦν
329 2988 379 3058 ἀπ’
401 2991 476 3078 όιμιν
497 3000 673 3078 τεθεαμένος
697 2999 770 3080 ἔργα
805 2996 924 3070 τούτοις
936 2994 1103 3078 ὑπισχνεῖτο
1121 2996 1173 3059 καί
1185 3000 1270 3075 ἕτερα
1282 2992 1410 3079 διαγρά-

162 3079 219 3137 τοῦ
239 3081 380 3156 μεγίστου
401 3082 484 3141 θεοῦ.
511 3080 540 3121 ³⁷
553 3085 608 3143 τοῦ
628 3079 661 3145 δὲ
682 3083 770 3164 βασι·
805 3099 862 3163 ψαι
875 3075 1057 3162 πεντήκοντα
1071 3074 1148 3163 πρός
1159 3089 1222 3152 τοῖς
1235 3075 1411 3151 ἑκατόν,ἐόα

163 3156 240 3228 λε’ως
253 3155 498 3240 ἐπερωτήσαντος
511 3159 770 3247 τόνἩλιόδωρον
805 3163 983 3247 σογχωρηθῆ
1004 3162 1053 3226 διά
1075 3166 1126 3244 τῆς
1143 3162 1278 3236 ἐξουσίας
1301 3157 1408 3235 αάτοῡ,

163 3235 253 3313 ποῖός
265 3263 308 3313 τις
321 3239 365 3322 εἴη
374 3237 535 3325 ἐπιτήδειος
552 3247 594 3308 ἔτι
608 3243 691 3321 ἅπαξ
703 3246 767 3311 δια-
802 3232 971 3328 γυμνάσιοά
982 3247 1032 3307 καί
1048 3247 1174 3325 ἐφηβίαν
1189 3241 1272 3321 αὐτῷ
1295 3240 1408 3320 συστίη-

163 3326 336 3408 πῖμφθῆῖαῑ
362 3327 400 3400 ⁶³9
420 3321 628 3410 Ἱεροσόλυμα,
652 3331 768 3413 ἔφησεν.
803 3337 927 3402 σασθαι,
940 3321 1409 3405 καίτούςένἹεροσολόμοιςἈν-

165 3405 196 3447 ³⁸
210 3407 239 3470 εί
251 3432 319 3471 τινα
337 3411 357 3473 έ
369 3434 407 3484 εις
428 3409 571 3494 πολέμιον
589 3415 608 3496 ἢ
627 3410 769 3496 πραγμά-
802 3423 906 3496 τισχεῖς
932 3404 1115 3495 ἀναγράψαι.
1151 3409 1180 3450 ¹⁰
1199 3405 1410 3482 ἐπινεύσαντος

163 3511 225 3552 των
249 3492 353 3576 ἐπίβου
391 3515 416 3568 ν,
441 3495 564 3577 πέμψον
587 3495 681 3560 αὐτὸν
701 3500 769 3573 ἐκεῖ,
802 3494 834 3560 δὲ
852 3499 907 3559 τοῦ
924 3495 1067 3580 βασιλέως
1084 3519 1136 3556 και
1153 3518 1207 3574 της
1224 3516 1315 3575 αρχης
1332 3517 1408 3576 κρα-

164 3573 216 3634 καί
231 3580 487 3657 μεμαστιγωμένον
500 3575 595 3643 αὐτόν
612 3579 768 3664 προςδεξη,
802 3574 904 3661 τόσας,
919 3577 1033 3652 εὐθέως
1046 3577 1095 3639 ἐπὶ
1106 3575 1158 3639 τὸν
1167 3572 1340 3658 Ἑλληνικὸν
1352 3600 1410 3657 χα-

162 3648 216 3716 ίάν
236 3680 292 3737 περ
314 3660 366 3720 καί
386 3660 558 3744 διασωθείη,
571 3661 622 3726 διά
640 3661 675 3726 τό
701 3654 769 3744 πέρί
802 3666 937 3746 ρακτῆρα
947 3660 1018 3734 τοὺς
1028 3655 1199 3741 ὁμοφύλους
1207 3683 1258 3739 μετ
1266 3663 1320 3734 γε.
1332 3659 1408 3720 11καί

162 3732 216 3796 τόν
238 3734 335 3803 τόπον
358 3739 483 3823 ἀληθῶς
506 3743 582 3808 εἷναί
601 3770 669 3810 τινα
691 3749 768 3810 θεοῦ
787 3744 841 3808 ’τά
854 3751 967 3826 κείμενα
980 3756 1043 3817 τοῖς
1058 3740 1216 3816 Ἰουδαίοις
1228 3686 1409 3822 φιλάνθρω-

162 3815 294 3897 δάναμιν.
322 3823 352 3864 ³⁹
369 3823 462 3899 αὐτὸς
477 3825 536 3910 γάρ
558 3825 575 3891 ό
594 3827 647 3910 την
665 3854 768 3892 κατοι-
802 3855 848 3892 πα
859 3825 998 3914 βασιλικὰ
1010 3825 1059 3891 διά
1069 3822 1211 3889 Ἰωάννου
1222 3829 1278 3888 τοῦ
1289 3823 1411 3908 πατρὸς

161 3903 229 3962 κίαν
243 3901 424 3985 ἐπουράνιον
440 3912 532 3992 έχων,
558 3906 691 3993 ἐπόπτης
704 3913 768 3976 ἔστί
801 3909 1004 3992 Εὐπολέμου,
1043 3913 1097 3975 τοῦ
1122 3911 1327 3990 ποιησαμένου
1354 3903 1412 3990 τίχν

160 3983 213 4045 καί
234 3986 351 4068 βοηθός
376 3992 484 4055 ἐκείνου
506 3997 563 4057 τοῦ
583 3992 691 4069 τόπου,
717 3995 768 4058 καί
800 3997 957 4079 πρεσβείαν
972 3991 1048 4077 ὑπὲρ
1068 3992 1168 4072 φιλίας
1180 3992 1229 4054 καί
1242 3996 1413 4071 συμμαχίας

159 4065 233 4141 τοὺς
245 4076 499 4152 παραγινομένους
511 4078 560 4140 ἐπὶ
574 4072 700 4142 κακώσει
712 4075 768 4142 τό·
800 4075 878 4162 πρός
901 4075 972 4149 τούς
991 4074 1175 4157 Ῥωμαίους,
1225 4067 1411 4156 παρῶσατο.

154 4174 249 4248 1τιτων
261 4149 435 4218 ἀπόλλυσιν.
462 4154 495 4200 ⁴⁰
508 4160 558 4222 καί
572 4158 611 4225 τά
622 4160 676 4243 μὲν
688 4160 767 4225 κατά
801 4163 852 4226 καί
865 4161 918 4236 τὰς
930 4159 983 4241 μὲν
997 4167 1136 4241 νομίμους
1148 4150 1306 4220 καταλύων
1318 4155 1412 4220 πολι-

165 4237 202 4295 H
205 4231 349 4336 λιόδωρον
352 4283 364 4311 ,
389 4240 440 4301 καὶ
456 4237 509 4321 τίην
527 4247 583 4306 τοῦ
593 4242 767 4324 γαζοφυλα-
800 4251 889 4318 τείας,
898 4242 1095 4346 παρανόμους
1105 4238 1249 4343 έθιρμρὺς
1260 4242 1410 4342 ἕβαίῖίῖἓῖ·

156 4321 228 4381 κίου
239 4342 365 4404 τηρησιν
379 4316 476 4396 οὕτως
488 4323 638 4426 ἐχώρησεν.
800 4331 827 4370 ¹²
840 4326 974 4408 ἀσμένως
990 4352 1049 4406 γαρ
1064 4352 1107 4388 υπ
1130 4349 1227 4406 αντην
1245 4348 1300 4407 την
1313 4321 1413 4408 ἀκρό-

182 4401 194 4429 ‘
347 4411 381 4467 K
391 4410 421 4468 E
434 4409 472 4468 Φ.
516 4411 545 4469 Δ
560 4454 567 4467 .
799 4410 887 4476 πολιν
899 4405 1061 4489 γυμνάσιον
1072 4409 1248 4490 καθίδρυσε,
1274 4407 1326 4469 καί
1339 4403 1413 4483 τούς

156 4447 206 4545 Ο
231 4484 263 4548 δὲ
291 4485 503 4575 προειρημένος
528 4495 632 4574 Σίμων
660 4488 677 4558 ὁ
703 4498 765 4560 τῶν
799 4501 974 4581 κρατίστους
992 4494 1055 4556 τῶν
1082 4487 1204 4579 ἐφήβων
1223 4487 1411 4596 ύποτάσρωρ

1346 4600 1410 4641 υπο
