<?xml version="1.0" encoding="UTF-8"?>
<!DOCTYPE html PUBLIC "-//W3C//DTD XHTML 1.0 Transitional//EN"
    "http://www.w3.org/TR/xhtml1/DTD/xhtml1-transitional.dtd">
<html xmlns="http://www.w3.org/1999/xhtml" xml:lang="en" lang="en">
 <head>
  <title>
</title>
<meta http-equiv="Content-Type" content="text/html;charset=utf-8" />
  <meta name='ocr-system' content='tesseract 3.04.00' />
  <meta name='ocr-capabilities' content='ocr_page ocr_carea ocr_par ocr_line ocrx_word'/>
</head>
<body>
  <div class='ocr_page' id='page_1' title='image "./vetustestamentu00essgoog_0328.png"; bbox 0 0 2924 4972; ppageno 0'>
   <div class='ocr_carea' id='block_1_1' title="bbox 371 235 1363 317">
    <p class='ocr_par' dir='ltr' id='par_1_1' title="bbox 371 235 1363 317">
     <span class='ocr_line' id='line_1_1' title="bbox 371 235 1363 317; baseline 0.003 -15"><span class='ocrx_word' id='word_1_1' title='bbox 371 237 667 303; x_wconf 70' lang='lat' dir='ltr'><strong><em>mmmm</em></strong></span> <span class='ocrx_word' id='word_1_2' title='bbox 689 236 866 299; x_wconf 76' lang='grc' dir='ltr'><strong><em>σνσνει</em></strong></span> <span class='ocrx_word' id='word_1_3' title='bbox 903 235 1099 317; x_wconf 58' lang='lat' dir='ltr'><strong><em>manso.</em></strong></span> <span class='ocrx_word' id='word_1_4' title='bbox 1179 274 1184 283; x_wconf 90' lang='lat'>-</span> <span class='ocrx_word' id='word_1_5' title='bbox 1298 238 1363 305; x_wconf 69' lang='grc' dir='ltr'><strong><em>σου</em></strong></span> 
     </span>
    </p>
   </div>
   <div class='ocr_carea' id='block_1_2' title="bbox 73 354 1369 4593">
    <p class='ocr_par' dir='ltr' id='par_1_2' title="bbox 73 354 1369 4593">
     <span class='ocr_line' id='line_1_2' title="bbox 113 354 1366 466; baseline -0.003 -35"><span class='ocrx_word' id='word_1_6' title='bbox 113 363 164 431; x_wconf 77' lang='grc' dir='ltr'><strong><em>ἐπί</em></strong></span> <span class='ocrx_word' id='word_1_7' title='bbox 187 360 241 426; x_wconf 87' lang='grc' dir='ltr'><strong><em>τόν</em></strong></span> <span class='ocrx_word' id='word_1_8' title='bbox 262 357 354 427; x_wconf 87' lang='grc' dir='ltr'><strong><em>νότον</em></strong></span> <span class='ocrx_word' id='word_1_9' title='bbox 371 363 422 424; x_wconf 80' lang='grc' dir='ltr'><strong><em>καί</em></strong></span> <span class='ocrx_word' id='word_1_10' title='bbox 440 361 490 423; x_wconf 73' lang='grc' dir='ltr'><strong><em>ἐπί</em></strong></span> <span class='ocrx_word' id='word_1_11' title='bbox 508 359 564 444; x_wconf 75' lang='grc' dir='ltr'><strong><em>τὴν</em></strong></span> <span class='ocrx_word' id='word_1_12' title='bbox 580 357 719 435; x_wconf 77' lang='grc' dir='ltr'><strong><em>Σεκελάκ,</em></strong></span> <span class='ocrx_word' id='word_1_13' title='bbox 758 360 842 425; x_wconf 85' lang='grc' dir='ltr'><strong><em>ελιπέ</em></strong></span> <span class='ocrx_word' id='word_1_14' title='bbox 852 384 887 443; x_wconf 85' lang='grc' dir='ltr'><strong><em>με</em></strong></span> <span class='ocrx_word' id='word_1_15' title='bbox 900 357 918 425; x_wconf 85' lang='grc' dir='ltr'><strong><em>ό</em></strong></span> <span class='ocrx_word' id='word_1_16' title='bbox 931 356 1031 447; x_wconf 84' lang='grc' dir='ltr'><strong><em>κύριός</em></strong></span> <span class='ocrx_word' id='word_1_17' title='bbox 1041 385 1109 442; x_wconf 88' lang='grc' dir='ltr'><strong><em>μου,</em></strong></span> <span class='ocrx_word' id='word_1_18' title='bbox 1131 354 1177 422; x_wconf 81' lang='grc' dir='ltr'><strong><em>δ’τι</em></strong></span> <span class='ocrx_word' id='word_1_19' title='bbox 1191 357 1366 466; x_wconf 71' lang='grc' dir='ltr'><strong><em>ι’γνωηληθην</em></strong></span> 
     </span>
     <span class='ocr_line' id='line_1_3' title="bbox 111 438 1366 531; baseline -0.002 -21"><span class='ocrx_word' id='word_1_20' title='bbox 111 440 509 526; x_wconf 75' lang='grc' dir='ltr'><strong><em>καίέπάταξετηνΣεκελάκ</em></strong></span> <span class='ocrx_word' id='word_1_21' title='bbox 524 439 719 527; x_wconf 79' lang='grc' dir='ltr'><strong><em>καίίνεπύρι-</em></strong></span> <span class='ocrx_word' id='word_1_22' title='bbox 757 440 816 520; x_wconf 82' lang='grc' dir='ltr'><strong><em>ίγά</em></strong></span> <span class='ocrx_word' id='word_1_23' title='bbox 840 438 966 529; x_wconf 72' lang='grc' dir='ltr'><strong><em>σήμερον</em></strong></span> <span class='ocrx_word' id='word_1_24' title='bbox 990 453 1134 531; x_wconf 77' lang='grc' dir='ltr'><strong><em>τριταῖος.</em></strong></span> <span class='ocrx_word' id='word_1_25' title='bbox 1171 441 1201 482; x_wconf 73' lang='grc'><strong><em>11</em></strong></span> <span class='ocrx_word' id='word_1_26' title='bbox 1214 468 1266 507; x_wconf 89' lang='grc' dir='ltr'><strong><em>και</em></strong></span> <span class='ocrx_word' id='word_1_27' title='bbox 1288 457 1366 527; x_wconf 77' lang='grc' dir='ltr'><strong><em>ημετς</em></strong></span> 
     </span>
     <span class='ocr_line' id='line_1_4' title="bbox 111 520 1366 611; baseline -0.003 -14"><span class='ocrx_word' id='word_1_28' title='bbox 111 553 168 597; x_wconf 88' lang='grc' dir='ltr'><strong><em>σαν</em></strong></span> <span class='ocrx_word' id='word_1_29' title='bbox 178 525 271 611; x_wconf 72' lang='grc' dir='ltr'><strong><em>αὐτὴν</em></strong></span> <span class='ocrx_word' id='word_1_30' title='bbox 282 529 314 590; x_wconf 79' lang='grc' dir='ltr'><strong><em>ἐν</em></strong></span> <span class='ocrx_word' id='word_1_31' title='bbox 326 530 408 609; x_wconf 88' lang='grc' dir='ltr'><strong><em>πυρί.</em></strong></span> <span class='ocrx_word' id='word_1_32' title='bbox 427 527 505 590; x_wconf 81' lang='grc' dir='ltr'><strong><em>1καί</em></strong></span> <span class='ocrx_word' id='word_1_33' title='bbox 515 521 571 599; x_wconf 85' lang='grc' dir='ltr'><strong><em>τάς</em></strong></span> <span class='ocrx_word' id='word_1_34' title='bbox 581 536 719 602; x_wconf 86' lang='grc' dir='ltr'><strong><em>γυναῖκας</em></strong></span> <span class='ocrx_word' id='word_1_35' title='bbox 757 528 926 607; x_wconf 75' lang='grc' dir='ltr'><strong><em>ἐπεθέμεθα</em></strong></span> <span class='ocrx_word' id='word_1_36' title='bbox 938 528 990 591; x_wconf 70' lang='grc' dir='ltr'><strong><em>ἐπὶ</em></strong></span> <span class='ocrx_word' id='word_1_37' title='bbox 1008 525 1060 592; x_wconf 89' lang='grc' dir='ltr'><strong><em>τὸν</em></strong></span> <span class='ocrx_word' id='word_1_38' title='bbox 1072 520 1160 591; x_wconf 90' lang='grc' dir='ltr'><strong><em>νότον</em></strong></span> <span class='ocrx_word' id='word_1_39' title='bbox 1172 530 1228 589; x_wconf 77' lang='grc' dir='ltr'><strong><em>τοῦ</em></strong></span> <span class='ocrx_word' id='word_1_40' title='bbox 1240 526 1366 605; x_wconf 85' lang='grc' dir='ltr'><strong><em>Χελεθί,</em></strong></span> 
     </span>
     <span class='ocr_line' id='line_1_5' title="bbox 111 604 1367 701; baseline -0.002 -23"><span class='ocrx_word' id='word_1_41' title='bbox 111 614 162 678; x_wconf 81' lang='grc' dir='ltr'><strong><em>καί</em></strong></span> <span class='ocrx_word' id='word_1_42' title='bbox 172 606 274 676; x_wconf 89' lang='grc' dir='ltr'><strong><em>πάντα</em></strong></span> <span class='ocrx_word' id='word_1_43' title='bbox 287 606 327 674; x_wconf 85' lang='grc' dir='ltr'><strong><em>τά</em></strong></span> <span class='ocrx_word' id='word_1_44' title='bbox 338 611 370 673; x_wconf 83' lang='grc' dir='ltr'><strong><em>ἓν</em></strong></span> <span class='ocrx_word' id='word_1_45' title='bbox 383 605 461 701; x_wconf 75' lang='grc' dir='ltr'><strong><em>αὐτῇ</em></strong></span> <span class='ocrx_word' id='word_1_46' title='bbox 473 604 536 672; x_wconf 89' lang='grc' dir='ltr'><strong><em>ἀπό</em></strong></span> <span class='ocrx_word' id='word_1_47' title='bbox 545 634 592 688; x_wconf 85' lang='grc' dir='ltr'><strong><em>μοι</em></strong></span> <span class='ocrx_word' id='word_1_48' title='bbox 613 612 651 672; x_wconf 83' lang='grc' dir='ltr'><strong><em>ού</em></strong></span> <span class='ocrx_word' id='word_1_49' title='bbox 664 613 719 683; x_wconf 80' lang='grc' dir='ltr'><strong><em>ἕως</em></strong></span> <span class='ocrx_word' id='word_1_50' title='bbox 757 610 808 672; x_wconf 85' lang='grc' dir='ltr'><strong><em>καί</em></strong></span> <span class='ocrx_word' id='word_1_51' title='bbox 819 611 870 672; x_wconf 77' lang='grc' dir='ltr'><strong><em>ἐπί</em></strong></span> <span class='ocrx_word' id='word_1_52' title='bbox 882 607 922 672; x_wconf 90' lang='grc' dir='ltr'><strong><em>τά</em></strong></span> <span class='ocrx_word' id='word_1_53' title='bbox 933 615 986 693; x_wconf 78' lang='grc' dir='ltr'><strong><em>τῆς</em></strong></span> <span class='ocrx_word' id='word_1_54' title='bbox 993 607 1146 682; x_wconf 86' lang='grc' dir='ltr'><strong><em>Ἰουδαίας</em></strong></span> <span class='ocrx_word' id='word_1_55' title='bbox 1158 610 1243 692; x_wconf 86' lang='grc' dir='ltr'><strong><em>μέρη,</em></strong></span> <span class='ocrx_word' id='word_1_56' title='bbox 1251 610 1303 672; x_wconf 85' lang='grc' dir='ltr'><strong><em>καί</em></strong></span> <span class='ocrx_word' id='word_1_57' title='bbox 1315 610 1367 675; x_wconf 76' lang='grc' dir='ltr'><strong><em>ἐπί</em></strong></span> 
     </span>
     <span class='ocr_line' id='line_1_6' title="bbox 110 686 1364 778; baseline -0.001 -19"><span class='ocrx_word' id='word_1_58' title='bbox 110 694 236 775; x_wconf 88' lang='grc' dir='ltr'><strong><em>μεγάλου</em></strong></span> <span class='ocrx_word' id='word_1_59' title='bbox 261 690 318 757; x_wconf 85' lang='grc' dir='ltr'><strong><em>ούκ</em></strong></span> <span class='ocrx_word' id='word_1_60' title='bbox 337 686 575 756; x_wconf 79' lang='grc' dir='ltr'><strong><em>ἑθανάτωσανά</em></strong></span> <span class='ocrx_word' id='word_1_61' title='bbox 628 717 649 755; x_wconf 90' lang='grc' dir='ltr'><strong><em>α</em></strong></span> <span class='ocrx_word' id='word_1_62' title='bbox 666 693 719 754; x_wconf 81' lang='grc' dir='ltr'><strong><em>καί</em></strong></span> <span class='ocrx_word' id='word_1_63' title='bbox 758 688 846 755; x_wconf 95' lang='grc' dir='ltr'><strong><em>νότον</em></strong></span> <span class='ocrx_word' id='word_1_64' title='bbox 860 690 999 778; x_wconf 83' lang='grc' dir='ltr'><strong><em>Χελσάβ,</em></strong></span> <span class='ocrx_word' id='word_1_65' title='bbox 1024 697 1076 760; x_wconf 79' lang='grc' dir='ltr'><strong><em>καί</em></strong></span> <span class='ocrx_word' id='word_1_66' title='bbox 1093 689 1291 775; x_wconf 78' lang='grc' dir='ltr'><strong><em>τὴνΣεκελάν</em></strong></span> <span class='ocrx_word' id='word_1_67' title='bbox 1302 696 1364 758; x_wconf 76' lang='grc' dir='ltr'><strong><em>ἐνε-</em></strong></span> 
     </span>
     <span class='ocr_line' id='line_1_7' title="bbox 109 769 1365 880; baseline -0.002 -37"><span class='ocrx_word' id='word_1_68' title='bbox 109 788 245 857; x_wconf 79' lang='grc' dir='ltr'><strong><em>γυνσῖκα.</em></strong></span> <span class='ocrx_word' id='word_1_69' title='bbox 264 772 327 840; x_wconf 78' lang='grc' dir='ltr'><strong><em>ἀλλ’</em></strong></span> <span class='ocrx_word' id='word_1_70' title='bbox 344 769 581 880; x_wconf 71' lang='grc' dir='ltr'><strong><em>ᾗημαλιότευσαν,</em></strong></span> <span class='ocrx_word' id='word_1_71' title='bbox 594 776 645 838; x_wconf 80' lang='grc' dir='ltr'><strong><em>καί</em></strong></span> <span class='ocrx_word' id='word_1_72' title='bbox 657 772 719 839; x_wconf 89' lang='grc' dir='ltr'><strong><em>ἀπ-</em></strong></span> <span class='ocrx_word' id='word_1_73' title='bbox 758 777 920 858; x_wconf 89' lang='grc' dir='ltr'><strong><em>πυρίσαμεν</em></strong></span> <span class='ocrx_word' id='word_1_74' title='bbox 932 777 965 840; x_wconf 81' lang='grc' dir='ltr'><strong><em>έν</em></strong></span> <span class='ocrx_word' id='word_1_75' title='bbox 976 782 1059 862; x_wconf 90' lang='grc' dir='ltr'><strong><em>πυρί.</em></strong></span> <span class='ocrx_word' id='word_1_76' title='bbox 1084 777 1111 819; x_wconf 83' lang='grc'><strong><em>11</em></strong></span> <span class='ocrx_word' id='word_1_77' title='bbox 1122 774 1264 841; x_wconf 84' lang='grc' dir='ltr'><strong><em>καὶεῖπεν</em></strong></span> <span class='ocrx_word' id='word_1_78' title='bbox 1280 773 1365 859; x_wconf 77' lang='grc' dir='ltr'><strong><em>αύτῷ</em></strong></span> 
     </span>
     <span class='ocr_line' id='line_1_8' title="bbox 110 845 1366 965; baseline -0.003 -40"><span class='ocrx_word' id='word_1_79' title='bbox 110 862 205 946; x_wconf 82' lang='grc' dir='ltr'><strong><em>ἦλθον</em></strong></span> <span class='ocrx_word' id='word_1_80' title='bbox 216 865 256 935; x_wconf 81' lang='grc' dir='ltr'><strong><em>εἰς</em></strong></span> <span class='ocrx_word' id='word_1_81' title='bbox 266 856 319 942; x_wconf 67' lang='grc' dir='ltr'><strong><em>τὴν</em></strong></span> <span class='ocrx_word' id='word_1_82' title='bbox 331 856 402 923; x_wconf 85' lang='grc' dir='ltr'><strong><em>ὁδον</em></strong></span> <span class='ocrx_word' id='word_1_83' title='bbox 415 856 524 923; x_wconf 79' lang='grc' dir='ltr'><strong><em>αὐτῶν.</em></strong></span> <span class='ocrx_word' id='word_1_84' title='bbox 551 859 628 922; x_wconf 78' lang='grc' dir='ltr'><strong><em>1καί</em></strong></span> <span class='ocrx_word' id='word_1_85' title='bbox 642 845 719 940; x_wconf 79' lang='grc' dir='ltr'><strong><em>ἦλθε</em></strong></span> <span class='ocrx_word' id='word_1_86' title='bbox 759 854 864 920; x_wconf 88' lang='grc' dir='ltr'><strong><em>Δαυίδ.</em></strong></span> <span class='ocrx_word' id='word_1_87' title='bbox 890 861 915 919; x_wconf 84' lang='grc' dir='ltr'><strong><em>εί</em></strong></span> <span class='ocrx_word' id='word_1_88' title='bbox 930 853 1063 934; x_wconf 75' lang='grc' dir='ltr'><strong><em>κατάξεις</em></strong></span> <span class='ocrx_word' id='word_1_89' title='bbox 1074 884 1108 940; x_wconf 90' lang='grc' dir='ltr'><strong><em>με</em></strong></span> <span class='ocrx_word' id='word_1_90' title='bbox 1119 862 1169 925; x_wconf 76' lang='grc' dir='ltr'><strong><em>ἐπὶ</em></strong></span> <span class='ocrx_word' id='word_1_91' title='bbox 1180 857 1216 924; x_wconf 87' lang='grc' dir='ltr'><strong><em>τὸ</em></strong></span> <span class='ocrx_word' id='word_1_92' title='bbox 1230 855 1366 965; x_wconf 78' lang='grc' dir='ltr'><strong><em>Γιδδσάρ</em></strong></span> 
     </span>
     <span class='ocr_line' id='line_1_9' title="bbox 110 935 1364 1028; baseline 0 -20"><span class='ocrx_word' id='word_1_93' title='bbox 110 944 209 1009; x_wconf 81' lang='grc' dir='ltr'><strong><em>Δαυίδ</em></strong></span> <span class='ocrx_word' id='word_1_94' title='bbox 218 944 270 1008; x_wconf 79' lang='grc' dir='ltr'><strong><em>καί</em></strong></span> <span class='ocrx_word' id='word_1_95' title='bbox 281 946 313 1007; x_wconf 78' lang='grc' dir='ltr'><strong><em>οἱ</em></strong></span> <span class='ocrx_word' id='word_1_96' title='bbox 324 939 425 1028; x_wconf 85' lang='grc' dir='ltr'><strong><em>ἀνδρες</em></strong></span> <span class='ocrx_word' id='word_1_97' title='bbox 438 938 532 1006; x_wconf 75' lang='grc' dir='ltr'><strong><em>αὐτοῦ</em></strong></span> <span class='ocrx_word' id='word_1_98' title='bbox 544 945 584 1016; x_wconf 80' lang='grc' dir='ltr'><strong><em>είς</em></strong></span> <span class='ocrx_word' id='word_1_99' title='bbox 593 939 648 1025; x_wconf 79' lang='grc' dir='ltr'><strong><em>την</em></strong></span> <span class='ocrx_word' id='word_1_100' title='bbox 658 935 719 1005; x_wconf 91' lang='grc' dir='ltr'><strong><em>πό-</em></strong></span> <span class='ocrx_word' id='word_1_101' title='bbox 758 943 868 1015; x_wconf 67' lang='grc' dir='ltr'><strong><em>τοῦτος</em></strong></span> <span class='ocrx_word' id='word_1_102' title='bbox 879 941 930 1003; x_wconf 79' lang='grc' dir='ltr'><strong><em>καί</em></strong></span> <span class='ocrx_word' id='word_1_103' title='bbox 943 938 1030 1004; x_wconf 77' lang='grc' dir='ltr'><strong><em>εἶπεν.</em></strong></span> <span class='ocrx_word' id='word_1_104' title='bbox 1050 938 1161 1023; x_wconf 84' lang='grc' dir='ltr'><strong><em>ὄμοσον</em></strong></span> <span class='ocrx_word' id='word_1_105' title='bbox 1172 938 1208 1025; x_wconf 73' lang='grc' dir='ltr'><strong><em>δή</em></strong></span> <span class='ocrx_word' id='word_1_106' title='bbox 1219 967 1271 1026; x_wconf 90' lang='grc' dir='ltr'><strong><em>μοι</em></strong></span> <span class='ocrx_word' id='word_1_107' title='bbox 1283 968 1364 1008; x_wconf 88' lang='grc' dir='ltr'><strong><em>κατα</em></strong></span> 
     </span>
     <span class='ocr_line' id='line_1_10' title="bbox 109 1018 1364 1124; baseline -0.002 -32"><span class='ocrx_word' id='word_1_108' title='bbox 109 1026 172 1101; x_wconf 87' lang='grc' dir='ltr'><strong><em>λιν,</em></strong></span> <span class='ocrx_word' id='word_1_109' title='bbox 197 1028 247 1091; x_wconf 88' lang='grc' dir='ltr'><strong><em>καί</em></strong></span> <span class='ocrx_word' id='word_1_110' title='bbox 266 1021 331 1090; x_wconf 76' lang='grc' dir='ltr'><strong><em>ἰδού</em></strong></span> <span class='ocrx_word' id='word_1_111' title='bbox 350 1020 566 1110; x_wconf 82' lang='grc' dir='ltr'><strong><em>ίμπεπύρισται</em></strong></span> <span class='ocrx_word' id='word_1_112' title='bbox 585 1028 617 1088; x_wconf 74' lang='grc' dir='ltr'><strong><em>ἐν</em></strong></span> <span class='ocrx_word' id='word_1_113' title='bbox 634 1024 718 1124; x_wconf 83' lang='grc' dir='ltr'><strong><em>πυρί,</em></strong></span> <span class='ocrx_word' id='word_1_114' title='bbox 758 1023 817 1085; x_wconf 82' lang='grc' dir='ltr'><strong><em>τοῦ</em></strong></span> <span class='ocrx_word' id='word_1_115' title='bbox 833 1023 912 1084; x_wconf 85' lang='grc' dir='ltr'><strong><em>θεοῦ</em></strong></span> <span class='ocrx_word' id='word_1_116' title='bbox 928 1018 969 1104; x_wconf 74' lang='grc' dir='ltr'><strong><em>μὴ</em></strong></span> <span class='ocrx_word' id='word_1_117' title='bbox 986 1018 1170 1087; x_wconf 81' lang='grc' dir='ltr'><strong><em>θανατώσειν</em></strong></span> <span class='ocrx_word' id='word_1_118' title='bbox 1182 1049 1229 1106; x_wconf 87' lang='grc' dir='ltr'><strong><em>με,</em></strong></span> <span class='ocrx_word' id='word_1_119' title='bbox 1253 1026 1304 1090; x_wconf 79' lang='grc' dir='ltr'><strong><em>καί</em></strong></span> <span class='ocrx_word' id='word_1_120' title='bbox 1321 1024 1364 1110; x_wconf 73' lang='grc' dir='ltr'><strong><em>μὴ</em></strong></span> 
     </span>
     <span class='ocr_line' id='line_1_11' title="bbox 109 1103 1365 1189; baseline -0.002 -13"><span class='ocrx_word' id='word_1_121' title='bbox 109 1115 144 1176; x_wconf 77' lang='grc' dir='ltr'><strong><em>αἶ</em></strong></span> <span class='ocrx_word' id='word_1_122' title='bbox 160 1109 193 1175; x_wconf 80' lang='grc' dir='ltr'><strong><em>δέ</em></strong></span> <span class='ocrx_word' id='word_1_123' title='bbox 202 1120 332 1188; x_wconf 78' lang='grc' dir='ltr'><strong><em>γυναῖκες</em></strong></span> <span class='ocrx_word' id='word_1_124' title='bbox 350 1105 450 1172; x_wconf 84' lang='grc' dir='ltr'><strong><em>αύτῶν</em></strong></span> <span class='ocrx_word' id='word_1_125' title='bbox 466 1109 517 1171; x_wconf 81' lang='grc' dir='ltr'><strong><em>καί</em></strong></span> <span class='ocrx_word' id='word_1_126' title='bbox 535 1110 566 1170; x_wconf 75' lang='grc' dir='ltr'><strong><em>οἶ</em></strong></span> <span class='ocrx_word' id='word_1_127' title='bbox 585 1107 644 1169; x_wconf 74' lang='grc' dir='ltr'><strong><em>υἱοί</em></strong></span> <span class='ocrx_word' id='word_1_128' title='bbox 661 1130 719 1168; x_wconf 87' lang='grc' dir='ltr'><strong><em>αυ-</em></strong></span> <span class='ocrx_word' id='word_1_129' title='bbox 759 1103 952 1188; x_wconf 82' lang='grc' dir='ltr'><strong><em>παραδοῦναί</em></strong></span> <span class='ocrx_word' id='word_1_130' title='bbox 969 1129 1005 1186; x_wconf 92' lang='grc' dir='ltr'><strong><em>με</em></strong></span> <span class='ocrx_word' id='word_1_131' title='bbox 1022 1109 1061 1180; x_wconf 82' lang='grc' dir='ltr'><strong><em>είς</em></strong></span> <span class='ocrx_word' id='word_1_132' title='bbox 1077 1116 1172 1188; x_wconf 82' lang='grc' dir='ltr'><strong><em>χεῖρας</em></strong></span> <span class='ocrx_word' id='word_1_133' title='bbox 1190 1111 1245 1171; x_wconf 80' lang='grc' dir='ltr'><strong><em>τοῦ</em></strong></span> <span class='ocrx_word' id='word_1_134' title='bbox 1261 1114 1365 1189; x_wconf 84' lang='grc' dir='ltr'><strong><em>κυρίου</em></strong></span> 
     </span>
     <span class='ocr_line' id='line_1_12' title="bbox 109 1183 1366 1279; baseline -0.004 -22"><span class='ocrx_word' id='word_1_135' title='bbox 109 1198 170 1258; x_wconf 82' lang='grc' dir='ltr'><strong><em>τῶν</em></strong></span> <span class='ocrx_word' id='word_1_136' title='bbox 182 1194 234 1258; x_wconf 80' lang='grc' dir='ltr'><strong><em>καὶ</em></strong></span> <span class='ocrx_word' id='word_1_137' title='bbox 246 1196 281 1257; x_wconf 81' lang='grc' dir='ltr'><strong><em>αί</em></strong></span> <span class='ocrx_word' id='word_1_138' title='bbox 293 1194 456 1274; x_wconf 76' lang='grc' dir='ltr'><strong><em>θυγατέρες</em></strong></span> <span class='ocrx_word' id='word_1_139' title='bbox 467 1186 569 1252; x_wconf 80' lang='grc' dir='ltr'><strong><em>αὐτῶν</em></strong></span> <span class='ocrx_word' id='word_1_140' title='bbox 580 1186 719 1278; x_wconf 81' lang='grc' dir='ltr'><strong><em>η’χμιιλω-</em></strong></span> <span class='ocrx_word' id='word_1_141' title='bbox 759 1211 832 1268; x_wconf 90' lang='grc' dir='ltr'><strong><em>μου,</em></strong></span> <span class='ocrx_word' id='word_1_142' title='bbox 854 1186 907 1251; x_wconf 83' lang='grc' dir='ltr'><strong><em>καί</em></strong></span> <span class='ocrx_word' id='word_1_143' title='bbox 925 1183 1046 1263; x_wconf 79' lang='grc' dir='ltr'><strong><em>κατάξω</em></strong></span> <span class='ocrx_word' id='word_1_144' title='bbox 1063 1211 1095 1251; x_wconf 89' lang='grc' dir='ltr'><strong><em>σε</em></strong></span> <span class='ocrx_word' id='word_1_145' title='bbox 1113 1187 1163 1249; x_wconf 76' lang='grc' dir='ltr'><strong><em>ἐπί</em></strong></span> <span class='ocrx_word' id='word_1_146' title='bbox 1180 1185 1216 1250; x_wconf 90' lang='grc' dir='ltr'><strong><em>τὸ</em></strong></span> <span class='ocrx_word' id='word_1_147' title='bbox 1232 1188 1366 1279; x_wconf 79' lang='grc' dir='ltr'><strong><em>Γεδδούρ</em></strong></span> 
     </span>
     <span class='ocr_line' id='line_1_13' title="bbox 109 1260 1368 1359; baseline -0.004 -19"><span class='ocrx_word' id='word_1_148' title='bbox 109 1260 501 1359; x_wconf 71' lang='grc' dir='ltr'><strong><em>τευμένσι.1καὶῆρεΔαυὶδ</em></strong></span> <span class='ocrx_word' id='word_1_149' title='bbox 513 1267 722 1354; x_wconf 76' lang='grc' dir='ltr'><strong><em>καὶοίάνδρες</em></strong></span> <span class='ocrx_word' id='word_1_150' title='bbox 760 1272 863 1332; x_wconf 85' lang='grc' dir='ltr'><strong><em>τούτο.</em></strong></span> <span class='ocrx_word' id='word_1_151' title='bbox 900 1269 929 1310; x_wconf 79' lang='lat'><strong><em>¹⁰</em></strong></span> <span class='ocrx_word' id='word_1_152' title='bbox 941 1271 992 1332; x_wconf 84' lang='grc' dir='ltr'><strong><em>καί</em></strong></span> <span class='ocrx_word' id='word_1_153' title='bbox 1010 1264 1174 1352; x_wconf 70' lang='grc' dir='ltr'><strong><em>κατήγαγεν</em></strong></span> <span class='ocrx_word' id='word_1_154' title='bbox 1191 1266 1284 1333; x_wconf 87' lang='grc' dir='ltr'><strong><em>αύτὸν</em></strong></span> <span class='ocrx_word' id='word_1_155' title='bbox 1300 1274 1368 1346; x_wconf 73' lang='grc' dir='ltr'><strong><em>ἐκεῖ,</em></strong></span> 
     </span>
     <span class='ocr_line' id='line_1_14' title="bbox 109 1342 1368 1440; baseline -0.006 -16"><span class='ocrx_word' id='word_1_156' title='bbox 109 1357 205 1423; x_wconf 82' lang='grc' dir='ltr'><strong><em>αὑτοῦ</em></strong></span> <span class='ocrx_word' id='word_1_157' title='bbox 224 1354 279 1440; x_wconf 78' lang='grc' dir='ltr'><strong><em>την</em></strong></span> <span class='ocrx_word' id='word_1_158' title='bbox 292 1342 392 1439; x_wconf 75' lang='grc' dir='ltr'><strong><em>φωύην</em></strong></span> <span class='ocrx_word' id='word_1_159' title='bbox 411 1350 526 1427; x_wconf 82' lang='grc' dir='ltr'><strong><em>αύτῶν,</em></strong></span> <span class='ocrx_word' id='word_1_160' title='bbox 551 1350 603 1414; x_wconf 82' lang='grc' dir='ltr'><strong><em>καί</em></strong></span> <span class='ocrx_word' id='word_1_161' title='bbox 616 1351 722 1415; x_wconf 80' lang='grc' dir='ltr'><strong><em>ὶίιλου-</em></strong></span> <span class='ocrx_word' id='word_1_162' title='bbox 760 1351 812 1415; x_wconf 80' lang='grc' dir='ltr'><strong><em>καί</em></strong></span> <span class='ocrx_word' id='word_1_163' title='bbox 824 1346 889 1415; x_wconf 75' lang='grc' dir='ltr'><strong><em>ἰδού</em></strong></span> <span class='ocrx_word' id='word_1_164' title='bbox 902 1342 991 1415; x_wconf 78' lang='grc' dir='ltr'><strong><em>οὗτοι</em></strong></span> <span class='ocrx_word' id='word_1_165' title='bbox 1002 1352 1202 1435; x_wconf 78' lang='grc' dir='ltr'><strong><em>διακεχυμένον</em></strong></span> <span class='ocrx_word' id='word_1_166' title='bbox 1213 1352 1265 1416; x_wconf 75' lang='grc' dir='ltr'><strong><em>ἐπὶ</em></strong></span> <span class='ocrx_word' id='word_1_167' title='bbox 1276 1348 1368 1437; x_wconf 81' lang='grc' dir='ltr'><strong><em>πρός-</em></strong></span> 
     </span>
     <span class='ocr_line' id='line_1_15' title="bbox 110 1423 1369 1518; baseline -0.002 -14"><span class='ocrx_word' id='word_1_168' title='bbox 110 1464 169 1507; x_wconf 88' lang='grc' dir='ltr'><strong><em>σαν</em></strong></span> <span class='ocrx_word' id='word_1_169' title='bbox 188 1444 244 1513; x_wconf 83' lang='grc' dir='ltr'><strong><em>ἕως</em></strong></span> <span class='ocrx_word' id='word_1_170' title='bbox 263 1435 339 1501; x_wconf 87' lang='grc' dir='ltr'><strong><em>ὅτου</em></strong></span> <span class='ocrx_word' id='word_1_171' title='bbox 357 1432 412 1501; x_wconf 87' lang='grc' dir='ltr'><strong><em>ούκ</em></strong></span> <span class='ocrx_word' id='word_1_172' title='bbox 425 1423 462 1518; x_wconf 79' lang='grc' dir='ltr'><strong><em>ἦν</em></strong></span> <span class='ocrx_word' id='word_1_173' title='bbox 474 1438 506 1500; x_wconf 81' lang='grc' dir='ltr'><strong><em>ἐν</em></strong></span> <span class='ocrx_word' id='word_1_174' title='bbox 518 1431 621 1508; x_wconf 79' lang='grc' dir='ltr'><strong><em>αὐτοῖς</em></strong></span> <span class='ocrx_word' id='word_1_175' title='bbox 640 1430 720 1518; x_wconf 80' lang='grc' dir='ltr'><strong><em>ίσχύς</em></strong></span> <span class='ocrx_word' id='word_1_176' title='bbox 760 1458 846 1498; x_wconf 91' lang='grc' dir='ltr'><strong><em>ωπον</em></strong></span> <span class='ocrx_word' id='word_1_177' title='bbox 866 1427 965 1516; x_wconf 87' lang='grc' dir='ltr'><strong><em>πάσης</em></strong></span> <span class='ocrx_word' id='word_1_178' title='bbox 986 1439 1039 1517; x_wconf 83' lang='grc' dir='ltr'><strong><em>τῆς</em></strong></span> <span class='ocrx_word' id='word_1_179' title='bbox 1054 1439 1123 1518; x_wconf 77' lang='grc' dir='ltr'><strong><em>γῆς,</em></strong></span> <span class='ocrx_word' id='word_1_180' title='bbox 1149 1436 1299 1510; x_wconf 75' lang='grc' dir='ltr'><strong><em>ἐσθίοντες</em></strong></span> <span class='ocrx_word' id='word_1_181' title='bbox 1318 1436 1369 1501; x_wconf 79' lang='grc' dir='ltr'><strong><em>καί</em></strong></span> 
     </span>
     <span class='ocr_line' id='line_1_16' title="bbox 110 1513 1368 1620; baseline -0.006 -32"><span class='ocrx_word' id='word_1_182' title='bbox 110 1526 156 1588; x_wconf 79' lang='grc' dir='ltr'><strong><em>ἔτι</em></strong></span> <span class='ocrx_word' id='word_1_183' title='bbox 173 1526 229 1585; x_wconf 80' lang='grc' dir='ltr'><strong><em>τοῦ</em></strong></span> <span class='ocrx_word' id='word_1_184' title='bbox 248 1519 365 1583; x_wconf 88' lang='grc' dir='ltr'><strong><em>κλαίειν.</em></strong></span> <span class='ocrx_word' id='word_1_185' title='bbox 402 1518 481 1582; x_wconf 81' lang='grc' dir='ltr'><strong><em>1καί</em></strong></span> <span class='ocrx_word' id='word_1_186' title='bbox 501 1514 667 1620; x_wconf 76' lang='grc' dir='ltr'><strong><em>ἀμφότεραι</em></strong></span> <span class='ocrx_word' id='word_1_187' title='bbox 685 1519 719 1581; x_wconf 79' lang='grc' dir='ltr'><strong><em>αί</em></strong></span> <span class='ocrx_word' id='word_1_188' title='bbox 759 1521 891 1591; x_wconf 86' lang='grc' dir='ltr'><strong><em>πίνοντες</em></strong></span> <span class='ocrx_word' id='word_1_189' title='bbox 906 1518 958 1581; x_wconf 82' lang='grc' dir='ltr'><strong><em>καὶ</em></strong></span> <span class='ocrx_word' id='word_1_190' title='bbox 970 1513 1158 1603; x_wconf 75' lang='grc' dir='ltr'><strong><em>ἑορτάζοντες</em></strong></span> <span class='ocrx_word' id='word_1_191' title='bbox 1171 1520 1292 1583; x_wconf 82' lang='grc' dir='ltr'><strong><em>ένπάοι</em></strong></span> <span class='ocrx_word' id='word_1_192' title='bbox 1305 1529 1368 1593; x_wconf 75' lang='grc' dir='ltr'><strong><em>τοῖς</em></strong></span> 
     </span>
     <span class='ocr_line' id='line_1_17' title="bbox 110 1595 1367 1694; baseline -0.001 -26"><span class='ocrx_word' id='word_1_193' title='bbox 110 1613 246 1682; x_wconf 82' lang='grc' dir='ltr'><strong><em>γυναῖκες</em></strong></span> <span class='ocrx_word' id='word_1_194' title='bbox 256 1599 631 1694; x_wconf 75' lang='grc' dir='ltr'><strong><em>Δουίδῄχμαλωτευθησαν</em></strong></span> <span class='ocrx_word' id='word_1_195' title='bbox 638 1597 719 1684; x_wconf 64' lang='lat' dir='ltr'><em>&#39;Axa-</em></span> <span class='ocrx_word' id='word_1_196' title='bbox 759 1598 877 1674; x_wconf 81' lang='grc' dir='ltr'><strong><em>σκύλοις</em></strong></span> <span class='ocrx_word' id='word_1_197' title='bbox 902 1609 965 1674; x_wconf 77' lang='grc' dir='ltr'><strong><em>τοῖς</em></strong></span> <span class='ocrx_word' id='word_1_198' title='bbox 982 1595 1118 1682; x_wconf 88' lang='grc' dir='ltr'><strong><em>μεγάλοις</em></strong></span> <span class='ocrx_word' id='word_1_199' title='bbox 1136 1599 1179 1674; x_wconf 87' lang='grc' dir='ltr'><strong><em>οίς</em></strong></span> <span class='ocrx_word' id='word_1_200' title='bbox 1197 1598 1314 1687; x_wconf 79' lang='grc' dir='ltr'><strong><em>έλαβον</em></strong></span> <span class='ocrx_word' id='word_1_201' title='bbox 1332 1602 1367 1667; x_wconf 77' lang='grc' dir='ltr'><strong><em>ίν</em></strong></span> 
     </span>
     <span class='ocr_line' id='line_1_18' title="bbox 112 1677 1365 1769; baseline -0.003 -19"><span class='ocrx_word' id='word_1_202' title='bbox 112 1684 194 1766; x_wconf 87' lang='grc' dir='ltr'><strong><em>ναάμ</em></strong></span> <span class='ocrx_word' id='word_1_203' title='bbox 213 1681 230 1768; x_wconf 75' lang='grc' dir='ltr'><strong><em>ἦ</em></strong></span> <span class='ocrx_word' id='word_1_204' title='bbox 252 1682 451 1769; x_wconf 83' lang='grc' dir='ltr'><strong><em>Ἰεζραηλίτις,</em></strong></span> <span class='ocrx_word' id='word_1_205' title='bbox 475 1686 527 1749; x_wconf 83' lang='grc' dir='ltr'><strong><em>καὶ</em></strong></span> <span class='ocrx_word' id='word_1_206' title='bbox 546 1680 680 1769; x_wconf 82' lang='grc' dir='ltr'><strong><em>Ἀβιγαία</em></strong></span> <span class='ocrx_word' id='word_1_207' title='bbox 703 1677 713 1701; x_wconf 86' lang='lat'><em>‘</em></span> <span class='ocrx_word' id='word_1_208' title='bbox 757 1686 810 1764; x_wconf 77' lang='grc' dir='ltr'><strong><em>γῆς</em></strong></span> <span class='ocrx_word' id='word_1_209' title='bbox 834 1677 1013 1762; x_wconf 70' lang='grc' dir='ltr'><strong><em>ἀλλοφύλων</em></strong></span> <span class='ocrx_word' id='word_1_210' title='bbox 1036 1685 1088 1747; x_wconf 79' lang='grc' dir='ltr'><strong><em>καί</em></strong></span> <span class='ocrx_word' id='word_1_211' title='bbox 1113 1686 1146 1747; x_wconf 74' lang='grc' dir='ltr'><strong><em>ἐκ</em></strong></span> <span class='ocrx_word' id='word_1_212' title='bbox 1168 1685 1224 1765; x_wconf 73' lang='grc' dir='ltr'><strong><em>γῆς</em></strong></span> <span class='ocrx_word' id='word_1_213' title='bbox 1250 1677 1365 1750; x_wconf 85' lang='grc' dir='ltr'><strong><em>Ἰούδα.</em></strong></span> 
     </span>
     <span class='ocr_line' id='line_1_19' title="bbox 109 1710 1368 1853; baseline -0.001 -21"><span class='ocrx_word' id='word_1_214' title='bbox 109 1767 184 1851; x_wconf 77' lang='grc' dir='ltr'><strong><em>γυνη</em></strong></span> <span class='ocrx_word' id='word_1_215' title='bbox 200 1764 315 1853; x_wconf 86' lang='grc' dir='ltr'><strong><em>Νάβαλ</em></strong></span> <span class='ocrx_word' id='word_1_216' title='bbox 339 1771 394 1833; x_wconf 81' lang='grc' dir='ltr'><strong><em>τοῦ</em></strong></span> <span class='ocrx_word' id='word_1_217' title='bbox 412 1766 600 1852; x_wconf 87' lang='grc' dir='ltr'><strong><em>Καρμηλίου.</em></strong></span> <span class='ocrx_word' id='word_1_218' title='bbox 639 1710 720 1831; x_wconf 81' lang='grc' dir='ltr'><strong><em>οπάλ</em></strong></span> <span class='ocrx_word' id='word_1_219' title='bbox 758 1766 850 1829; x_wconf 76' lang='grc' dir='ltr'><strong><em>11καί</em></strong></span> <span class='ocrx_word' id='word_1_220' title='bbox 872 1751 965 1847; x_wconf 78' lang='grc' dir='ltr'><strong><em>ἦλθεν</em></strong></span> <span class='ocrx_word' id='word_1_221' title='bbox 982 1763 1028 1830; x_wconf 71' lang='grc' dir='ltr'><strong><em>ἐπ’</em></strong></span> <span class='ocrx_word' id='word_1_222' title='bbox 1049 1762 1160 1840; x_wconf 73' lang='grc' dir='ltr'><strong><em>αὐτούς</em></strong></span> <span class='ocrx_word' id='word_1_223' title='bbox 1177 1765 1290 1842; x_wconf 82' lang='grc' dir='ltr'><strong><em>Δαυίδ,</em></strong></span> <span class='ocrx_word' id='word_1_224' title='bbox 1315 1770 1368 1831; x_wconf 84' lang='grc' dir='ltr'><strong><em>καί</em></strong></span> 
     </span>
     <span class='ocr_line' id='line_1_20' title="bbox 109 1841 1366 1938; baseline -0.002 -22"><span class='ocrx_word' id='word_1_225' title='bbox 109 1852 216 1938; x_wconf 84' lang='grc' dir='ltr'><strong><em>ἐθλίβη</em></strong></span> <span class='ocrx_word' id='word_1_226' title='bbox 240 1850 338 1916; x_wconf 86' lang='grc' dir='ltr'><strong><em>Δαυίδ</em></strong></span> <span class='ocrx_word' id='word_1_227' title='bbox 362 1845 496 1934; x_wconf 88' lang='grc' dir='ltr'><strong><em>σφόδρα,</em></strong></span> <span class='ocrx_word' id='word_1_228' title='bbox 522 1845 571 1914; x_wconf 81' lang='grc' dir='ltr'><strong><em>ότι</em></strong></span> <span class='ocrx_word' id='word_1_229' title='bbox 595 1844 718 1913; x_wconf 79' lang='grc' dir='ltr'><strong><em>εἷπενὸ</em></strong></span> <span class='ocrx_word' id='word_1_230' title='bbox 759 1841 904 1923; x_wconf 76' lang='grc' dir='ltr'><strong><em>ἐπάταξεν</em></strong></span> <span class='ocrx_word' id='word_1_231' title='bbox 926 1842 1037 1924; x_wconf 81' lang='grc' dir='ltr'><strong><em>αύτούς</em></strong></span> <span class='ocrx_word' id='word_1_232' title='bbox 1053 1844 1115 1914; x_wconf 86' lang='grc' dir='ltr'><strong><em>ἀπό</em></strong></span> <span class='ocrx_word' id='word_1_233' title='bbox 1139 1843 1293 1934; x_wconf 81' lang='grc' dir='ltr'><strong><em>ἓωςφόρου</em></strong></span> <span class='ocrx_word' id='word_1_234' title='bbox 1310 1853 1366 1925; x_wconf 71' lang='grc' dir='ltr'><strong><em>ἕως</em></strong></span> 
     </span>
     <span class='ocr_line' id='line_1_21' title="bbox 110 1926 1365 2034; baseline -0.001 -35"><span class='ocrx_word' id='word_1_235' title='bbox 110 1933 181 2011; x_wconf 78' lang='grc' dir='ltr'><strong><em>λαός</em></strong></span> <span class='ocrx_word' id='word_1_236' title='bbox 192 1933 392 2021; x_wconf 72' lang='grc' dir='ltr'><strong><em>λιθοβολῆσαι</em></strong></span> <span class='ocrx_word' id='word_1_237' title='bbox 405 1930 509 2007; x_wconf 78' lang='grc' dir='ltr'><strong><em>αὐτὸν,</em></strong></span> <span class='ocrx_word' id='word_1_238' title='bbox 524 1927 571 1997; x_wconf 78' lang='grc' dir='ltr'><strong><em>ὅτι</em></strong></span> <span class='ocrx_word' id='word_1_239' title='bbox 582 1926 718 1997; x_wconf 81' lang='grc' dir='ltr'><strong><em>κατάδυ-</em></strong></span> <span class='ocrx_word' id='word_1_240' title='bbox 759 1930 852 2034; x_wconf 68' lang='grc' dir='ltr'><strong><em>δεδης</em></strong></span> <span class='ocrx_word' id='word_1_241' title='bbox 861 1932 913 1995; x_wconf 83' lang='grc' dir='ltr'><strong><em>καὶ</em></strong></span> <span class='ocrx_word' id='word_1_242' title='bbox 926 1936 963 2023; x_wconf 74' lang='grc' dir='ltr'><strong><em>τῇ</em></strong></span> <span class='ocrx_word' id='word_1_243' title='bbox 973 1929 1126 2015; x_wconf 75' lang='grc' dir='ltr'><strong><em>ἐπαύριον,</em></strong></span> <span class='ocrx_word' id='word_1_244' title='bbox 1135 1933 1186 1995; x_wconf 81' lang='grc' dir='ltr'><strong><em>καί</em></strong></span> <span class='ocrx_word' id='word_1_245' title='bbox 1195 1927 1254 1996; x_wconf 87' lang='grc' dir='ltr'><strong><em>ούκ</em></strong></span> <span class='ocrx_word' id='word_1_246' title='bbox 1263 1928 1365 2016; x_wconf 75' lang='grc' dir='ltr'><strong><em>έσοέθη</em></strong></span> 
     </span>
     <span class='ocr_line' id='line_1_22' title="bbox 108 2009 1365 2119; baseline -0.001 -37"><span class='ocrx_word' id='word_1_247' title='bbox 108 2043 158 2093; x_wconf 89' lang='grc' dir='ltr'><strong><em>νος</em></strong></span> <span class='ocrx_word' id='word_1_248' title='bbox 182 2016 260 2102; x_wconf 75' lang='grc' dir='ltr'><strong><em>ψυχὴ</em></strong></span> <span class='ocrx_word' id='word_1_249' title='bbox 285 2012 400 2090; x_wconf 84' lang='grc' dir='ltr'><strong><em>παντὸς</em></strong></span> <span class='ocrx_word' id='word_1_250' title='bbox 416 2020 474 2081; x_wconf 84' lang='grc' dir='ltr'><strong><em>τοῦ</em></strong></span> <span class='ocrx_word' id='word_1_251' title='bbox 492 2015 570 2079; x_wconf 79' lang='grc' dir='ltr'><strong><em>λαοῦ</em></strong></span> <span class='ocrx_word' id='word_1_252' title='bbox 589 2009 717 2080; x_wconf 78' lang='grc' dir='ltr'><strong><em>ἑκάστου</em></strong></span> <span class='ocrx_word' id='word_1_253' title='bbox 759 2012 1006 2119; x_wconf 76' lang='grc' dir='ltr'><strong><em>ἱξαυτῶνάνίηρ,</em></strong></span> <span class='ocrx_word' id='word_1_254' title='bbox 1019 2010 1066 2079; x_wconf 81' lang='grc' dir='ltr'><strong><em>ὅτι</em></strong></span> <span class='ocrx_word' id='word_1_255' title='bbox 1079 2010 1143 2079; x_wconf 79' lang='grc' dir='ltr'><strong><em>ἀλλ’</em></strong></span> <span class='ocrx_word' id='word_1_256' title='bbox 1158 2009 1365 2101; x_wconf 79' lang='grc' dir='ltr'><strong><em>ἢτετρακόσια</em></strong></span> 
     </span>
     <span class='ocr_line' id='line_1_23' title="bbox 108 2091 1365 2185; baseline -0.003 -18"><span class='ocrx_word' id='word_1_257' title='bbox 108 2105 160 2167; x_wconf 82' lang='grc' dir='ltr'><strong><em>ἐπί</em></strong></span> <span class='ocrx_word' id='word_1_258' title='bbox 171 2101 242 2176; x_wconf 81' lang='grc' dir='ltr'><strong><em>τοὺς</em></strong></span> <span class='ocrx_word' id='word_1_259' title='bbox 255 2098 337 2175; x_wconf 73' lang='grc' dir='ltr'><strong><em>υἱούς</em></strong></span> <span class='ocrx_word' id='word_1_260' title='bbox 348 2096 453 2173; x_wconf 75' lang='grc' dir='ltr'><strong><em>αὐτοῦ,</em></strong></span> <span class='ocrx_word' id='word_1_261' title='bbox 467 2096 581 2164; x_wconf 80' lang='grc' dir='ltr'><strong><em>καὶέπί</em></strong></span> <span class='ocrx_word' id='word_1_262' title='bbox 591 2094 718 2173; x_wconf 86' lang='grc' dir='ltr'><strong><em>τάςθυ-</em></strong></span> <span class='ocrx_word' id='word_1_263' title='bbox 757 2092 905 2183; x_wconf 75' lang='grc' dir='ltr'><strong><em>παιδάρια</em></strong></span> <span class='ocrx_word' id='word_1_264' title='bbox 925 2091 947 2161; x_wconf 84' lang='grc' dir='ltr'><strong><em>ἀ</em></strong></span> <span class='ocrx_word' id='word_1_265' title='bbox 972 2120 1009 2180; x_wconf 90' lang='grc' dir='ltr'><strong><em>ην</em></strong></span> <span class='ocrx_word' id='word_1_266' title='bbox 1029 2093 1222 2185; x_wconf 71' lang='grc' dir='ltr'><strong><em>ἐπιβεβηκότα</em></strong></span> <span class='ocrx_word' id='word_1_267' title='bbox 1244 2100 1294 2163; x_wconf 78' lang='grc' dir='ltr'><strong><em>ίπί</em></strong></span> <span class='ocrx_word' id='word_1_268' title='bbox 1310 2095 1365 2175; x_wconf 85' lang='grc' dir='ltr'><strong><em>τάς</em></strong></span> 
     </span>
     <span class='ocr_line' id='line_1_24' title="bbox 108 2176 1364 2287; baseline -0.002 -38"><span class='ocrx_word' id='word_1_269' title='bbox 108 2187 235 2269; x_wconf 89' lang='grc' dir='ltr'><strong><em>γατέρας</em></strong></span> <span class='ocrx_word' id='word_1_270' title='bbox 247 2181 359 2257; x_wconf 79' lang='grc' dir='ltr'><strong><em>αὐτοῦ,</em></strong></span> <span class='ocrx_word' id='word_1_271' title='bbox 382 2183 434 2246; x_wconf 76' lang='grc' dir='ltr'><strong><em>καί</em></strong></span> <span class='ocrx_word' id='word_1_272' title='bbox 446 2179 639 2287; x_wconf 79' lang='grc' dir='ltr'><strong><em>ἐκραταιάθη</em></strong></span> <span class='ocrx_word' id='word_1_273' title='bbox 652 2185 718 2247; x_wconf 78' lang='lat' dir='ltr'><strong><em>Aa·</em></strong></span> <span class='ocrx_word' id='word_1_274' title='bbox 759 2176 915 2264; x_wconf 66' lang='grc' dir='ltr'><strong><em>καμήλους,</em></strong></span> <span class='ocrx_word' id='word_1_275' title='bbox 929 2182 979 2245; x_wconf 81' lang='grc' dir='ltr'><strong><em>καὶ</em></strong></span> <span class='ocrx_word' id='word_1_276' title='bbox 991 2183 1111 2260; x_wconf 82' lang='grc' dir='ltr'><strong><em>ἔφυγον.</em></strong></span> <span class='ocrx_word' id='word_1_277' title='bbox 1124 2182 1209 2246; x_wconf 79' lang='grc' dir='ltr'><strong><em>11καί</em></strong></span> <span class='ocrx_word' id='word_1_278' title='bbox 1218 2178 1364 2262; x_wconf 85' lang='grc' dir='ltr'><strong><em>ἀφείλατο</em></strong></span> 
     </span>
     <span class='ocr_line' id='line_1_25' title="bbox 109 2257 1365 2352; baseline -0.002 -21"><span class='ocrx_word' id='word_1_279' title='bbox 109 2269 158 2332; x_wconf 89' lang='grc' dir='ltr'><strong><em>υίδ</em></strong></span> <span class='ocrx_word' id='word_1_280' title='bbox 175 2270 205 2331; x_wconf 79' lang='grc' dir='ltr'><strong><em>ἰν</em></strong></span> <span class='ocrx_word' id='word_1_281' title='bbox 216 2271 309 2352; x_wconf 79' lang='grc' dir='ltr'><strong><em>κυρίῳ</em></strong></span> <span class='ocrx_word' id='word_1_282' title='bbox 327 2269 393 2349; x_wconf 79' lang='grc' dir='ltr'><strong><em>θεῷ</em></strong></span> <span class='ocrx_word' id='word_1_283' title='bbox 411 2263 518 2330; x_wconf 85' lang='grc' dir='ltr'><strong><em>αύτού.</em></strong></span> <span class='ocrx_word' id='word_1_284' title='bbox 558 2267 637 2329; x_wconf 82' lang='grc' dir='ltr'><strong><em>7και</em></strong></span> <span class='ocrx_word' id='word_1_285' title='bbox 656 2261 718 2327; x_wconf 83' lang='grc' dir='ltr'><strong><em>εἷπε</em></strong></span> <span class='ocrx_word' id='word_1_286' title='bbox 759 2262 858 2327; x_wconf 82' lang='grc' dir='ltr'><strong><em>Δαυίδ</em></strong></span> <span class='ocrx_word' id='word_1_287' title='bbox 876 2257 976 2327; x_wconf 88' lang='grc' dir='ltr'><strong><em>πάντα</em></strong></span> <span class='ocrx_word' id='word_1_288' title='bbox 994 2259 1015 2327; x_wconf 84' lang='grc' dir='ltr'><strong><em>ἀ</em></strong></span> <span class='ocrx_word' id='word_1_289' title='bbox 1031 2263 1144 2350; x_wconf 79' lang='grc' dir='ltr'><strong><em>ἔλαβον</em></strong></span> <span class='ocrx_word' id='word_1_290' title='bbox 1161 2261 1365 2348; x_wconf 76' lang='grc' dir='ltr'><strong><em>οίἈμαληκῑ·</em></strong></span> 
     </span>
     <span class='ocr_line' id='line_1_26' title="bbox 110 2342 1364 2432; baseline -0.003 -17"><span class='ocrx_word' id='word_1_291' title='bbox 110 2352 208 2415; x_wconf 88' lang='grc' dir='ltr'><strong><em>Δαυίδ</em></strong></span> <span class='ocrx_word' id='word_1_292' title='bbox 223 2347 299 2432; x_wconf 88' lang='grc' dir='ltr'><strong><em>πρὸς</em></strong></span> <span class='ocrx_word' id='word_1_293' title='bbox 310 2343 461 2432; x_wconf 82' lang='grc' dir='ltr'><strong><em>Ἀβιάθαρ</em></strong></span> <span class='ocrx_word' id='word_1_294' title='bbox 483 2344 536 2410; x_wconf 88' lang='grc' dir='ltr'><strong><em>τὸν</em></strong></span> <span class='ocrx_word' id='word_1_295' title='bbox 555 2348 635 2431; x_wconf 81' lang='grc' dir='ltr'><strong><em>ίερέα</em></strong></span> <span class='ocrx_word' id='word_1_296' title='bbox 653 2344 719 2410; x_wconf 75' lang='grc' dir='ltr'><strong><em>υἱὸν</em></strong></span> <span class='ocrx_word' id='word_1_297' title='bbox 758 2370 823 2422; x_wconf 91' lang='grc' dir='ltr'><strong><em>ται,</em></strong></span> <span class='ocrx_word' id='word_1_298' title='bbox 842 2347 893 2409; x_wconf 85' lang='grc' dir='ltr'><strong><em>καί</em></strong></span> <span class='ocrx_word' id='word_1_299' title='bbox 905 2342 1077 2429; x_wconf 76' lang='grc' dir='ltr'><strong><em>ἀμφοτέρας</em></strong></span> <span class='ocrx_word' id='word_1_300' title='bbox 1089 2347 1143 2421; x_wconf 86' lang='grc' dir='ltr'><strong><em>τάς</em></strong></span> <span class='ocrx_word' id='word_1_301' title='bbox 1155 2360 1295 2425; x_wconf 81' lang='grc' dir='ltr'><strong><em>γυναῖκας</em></strong></span> <span class='ocrx_word' id='word_1_302' title='bbox 1307 2343 1364 2412; x_wconf 82' lang='grc' dir='ltr'><strong><em>αιἰ-</em></strong></span> 
     </span>
     <span class='ocr_line' id='line_1_27' title="bbox 109 2426 1365 2514; baseline -0.005 -16"><span class='ocrx_word' id='word_1_303' title='bbox 109 2428 263 2514; x_wconf 68' lang='grc' dir='ltr'><strong><em>Ἀγιμέλεχ.</em></strong></span> <span class='ocrx_word' id='word_1_304' title='bbox 276 2427 444 2514; x_wconf 90' lang='grc' dir='ltr'><strong><em>προςάγαγε</em></strong></span> <span class='ocrx_word' id='word_1_305' title='bbox 456 2426 625 2509; x_wconf 71' lang='grc' dir='ltr'><strong><em>τόἘφούδ·</em></strong></span> <span class='ocrx_word' id='word_1_306' title='bbox 644 2428 720 2492; x_wconf 66' lang='grc' dir='ltr'><strong><em>ε’καί</em></strong></span> <span class='ocrx_word' id='word_1_307' title='bbox 758 2433 813 2493; x_wconf 83' lang='grc' dir='ltr'><strong><em>τοῦ</em></strong></span> <span class='ocrx_word' id='word_1_308' title='bbox 839 2427 979 2504; x_wconf 74' lang='grc' dir='ltr'><strong><em>ἐξείλατο.</em></strong></span> <span class='ocrx_word' id='word_1_309' title='bbox 1017 2430 1111 2494; x_wconf 74' lang='grc' dir='ltr'><strong><em>19καί</em></strong></span> <span class='ocrx_word' id='word_1_310' title='bbox 1133 2427 1170 2493; x_wconf 89' lang='grc' dir='ltr'><strong><em>οά</em></strong></span> <span class='ocrx_word' id='word_1_311' title='bbox 1189 2427 1365 2512; x_wconf 83' lang='grc' dir='ltr'><strong><em>διεφάνησεν</em></strong></span> 
     </span>
     <span class='ocr_line' id='line_1_28' title="bbox 112 2507 1365 2597; baseline -0.001 -20"><span class='ocrx_word' id='word_1_312' title='bbox 112 2509 284 2597; x_wconf 72' lang='grc' dir='ltr'><strong><em>ἐπηρώτησε</em></strong></span> <span class='ocrx_word' id='word_1_313' title='bbox 297 2512 394 2575; x_wconf 80' lang='grc' dir='ltr'><strong><em>Δαυίδ</em></strong></span> <span class='ocrx_word' id='word_1_314' title='bbox 404 2507 453 2575; x_wconf 87' lang='grc' dir='ltr'><strong><em>διά</em></strong></span> <span class='ocrx_word' id='word_1_315' title='bbox 465 2515 518 2574; x_wconf 82' lang='grc' dir='ltr'><strong><em>τοῦ</em></strong></span> <span class='ocrx_word' id='word_1_316' title='bbox 532 2515 650 2593; x_wconf 90' lang='grc' dir='ltr'><strong><em>κυρίου,</em></strong></span> <span class='ocrx_word' id='word_1_317' title='bbox 669 2509 720 2574; x_wconf 82' lang='grc' dir='ltr'><strong><em>λέ-</em></strong></span> <span class='ocrx_word' id='word_1_318' title='bbox 758 2508 863 2586; x_wconf 86' lang='grc' dir='ltr'><strong><em>αύτοῖς</em></strong></span> <span class='ocrx_word' id='word_1_319' title='bbox 880 2509 944 2576; x_wconf 86' lang='grc' dir='ltr'><strong><em>ἀπὸ</em></strong></span> <span class='ocrx_word' id='word_1_320' title='bbox 956 2516 1061 2595; x_wconf 81' lang='grc' dir='ltr'><strong><em>μικροῦ</em></strong></span> <span class='ocrx_word' id='word_1_321' title='bbox 1075 2516 1130 2586; x_wconf 82' lang='grc' dir='ltr'><strong><em>ἕως</em></strong></span> <span class='ocrx_word' id='word_1_322' title='bbox 1141 2509 1286 2594; x_wconf 88' lang='grc' dir='ltr'><strong><em>μεγάλου,</em></strong></span> <span class='ocrx_word' id='word_1_323' title='bbox 1313 2513 1365 2576; x_wconf 81' lang='grc' dir='ltr'><strong><em>καὶ</em></strong></span> 
     </span>
     <span class='ocr_line' id='line_1_29' title="bbox 110 2589 1364 2679; baseline -0.001 -20"><span class='ocrx_word' id='word_1_324' title='bbox 110 2620 182 2674; x_wconf 89' lang='grc' dir='ltr'><strong><em>γων.</em></strong></span> <span class='ocrx_word' id='word_1_325' title='bbox 196 2600 222 2659; x_wconf 82' lang='grc' dir='ltr'><strong><em>εί</em></strong></span> <span class='ocrx_word' id='word_1_326' title='bbox 232 2589 408 2669; x_wconf 80' lang='grc' dir='ltr'><strong><em>κατοδιοόξω</em></strong></span> <span class='ocrx_word' id='word_1_327' title='bbox 417 2590 513 2657; x_wconf 84' lang='grc' dir='ltr'><strong><em>ὀπίσω</em></strong></span> <span class='ocrx_word' id='word_1_328' title='bbox 522 2596 577 2657; x_wconf 78' lang='grc' dir='ltr'><strong><em>τοῦ</em></strong></span> <span class='ocrx_word' id='word_1_329' title='bbox 586 2598 621 2656; x_wconf 92' lang='grc' dir='ltr'>Γ</span> <span class='ocrx_word' id='word_1_330' title='bbox 616 2590 719 2679; x_wconf 81' lang='grc' dir='ltr'><strong><em>εδδούρ</em></strong></span> <span class='ocrx_word' id='word_1_331' title='bbox 758 2591 822 2659; x_wconf 86' lang='grc' dir='ltr'><strong><em>ἀπὸ</em></strong></span> <span class='ocrx_word' id='word_1_332' title='bbox 847 2599 907 2658; x_wconf 82' lang='grc' dir='ltr'><strong><em>τῶν</em></strong></span> <span class='ocrx_word' id='word_1_333' title='bbox 927 2591 1053 2669; x_wconf 82' lang='grc' dir='ltr'><strong><em>σκύλων,</em></strong></span> <span class='ocrx_word' id='word_1_334' title='bbox 1079 2597 1131 2659; x_wconf 83' lang='grc' dir='ltr'><strong><em>καὶ</em></strong></span> <span class='ocrx_word' id='word_1_335' title='bbox 1148 2599 1203 2668; x_wconf 77' lang='grc' dir='ltr'><strong><em>ἕως</em></strong></span> <span class='ocrx_word' id='word_1_336' title='bbox 1224 2598 1297 2658; x_wconf 77' lang='grc' dir='ltr'><strong><em>υἶεύν</em></strong></span> <span class='ocrx_word' id='word_1_337' title='bbox 1313 2595 1364 2658; x_wconf 81' lang='grc' dir='ltr'><strong><em>καί</em></strong></span> 
     </span>
     <span class='ocr_line' id='line_1_30' title="bbox 111 2668 1363 2761; baseline -0.002 -18"><span class='ocrx_word' id='word_1_338' title='bbox 111 2676 241 2752; x_wconf 90' lang='grc' dir='ltr'><strong><em>τούτου,</em></strong></span> <span class='ocrx_word' id='word_1_339' title='bbox 257 2682 282 2741; x_wconf 79' lang='grc' dir='ltr'><strong><em>εί</em></strong></span> <span class='ocrx_word' id='word_1_340' title='bbox 293 2671 506 2759; x_wconf 66' lang='grc' dir='ltr'><strong><em>καταλήψομαι</em></strong></span> <span class='ocrx_word' id='word_1_341' title='bbox 518 2668 644 2755; x_wconf 83' lang='grc' dir='ltr'><strong><em>αύτούς,·</em></strong></span> <span class='ocrx_word' id='word_1_342' title='bbox 669 2679 719 2741; x_wconf 78' lang='grc' dir='ltr'><strong><em>καί</em></strong></span> <span class='ocrx_word' id='word_1_343' title='bbox 757 2680 948 2761; x_wconf 88' lang='grc' dir='ltr'><strong><em>θυγατέρων,</em></strong></span> <span class='ocrx_word' id='word_1_344' title='bbox 967 2679 1019 2742; x_wconf 84' lang='grc' dir='ltr'><strong><em>καὶ</em></strong></span> <span class='ocrx_word' id='word_1_345' title='bbox 1031 2682 1086 2753; x_wconf 77' lang='grc' dir='ltr'><strong><em>ἕως</em></strong></span> <span class='ocrx_word' id='word_1_346' title='bbox 1098 2672 1223 2743; x_wconf 88' lang='grc' dir='ltr'><strong><em>πάντων</em></strong></span> <span class='ocrx_word' id='word_1_347' title='bbox 1236 2668 1278 2741; x_wconf 77' lang='grc' dir='ltr'><strong><em>ὧν</em></strong></span> <span class='ocrx_word' id='word_1_348' title='bbox 1290 2676 1363 2742; x_wconf 80' lang='grc' dir='ltr'><strong><em>ἐλα-</em></strong></span> 
     </span>
     <span class='ocr_line' id='line_1_31' title="bbox 110 2755 1364 2848; baseline -0.001 -21"><span class='ocrx_word' id='word_1_349' title='bbox 110 2762 191 2827; x_wconf 80' lang='grc' dir='ltr'><strong><em>είπεν</em></strong></span> <span class='ocrx_word' id='word_1_350' title='bbox 203 2757 297 2844; x_wconf 74' lang='grc' dir='ltr'><strong><em>αύτῷ.</em></strong></span> <span class='ocrx_word' id='word_1_351' title='bbox 317 2760 491 2835; x_wconf 85' lang='grc' dir='ltr'><strong><em>καταδίωκε,</em></strong></span> <span class='ocrx_word' id='word_1_352' title='bbox 505 2755 552 2824; x_wconf 78' lang='grc' dir='ltr'><strong><em>ὅτι</em></strong></span> <span class='ocrx_word' id='word_1_353' title='bbox 564 2759 719 2842; x_wconf 87' lang='grc' dir='ltr'><strong><em>καταλαμ-</em></strong></span> <span class='ocrx_word' id='word_1_354' title='bbox 757 2765 811 2845; x_wconf 86' lang='grc' dir='ltr'><strong><em>βου</em></strong></span> <span class='ocrx_word' id='word_1_355' title='bbox 823 2760 931 2837; x_wconf 80' lang='grc' dir='ltr'><strong><em>αὐτῶν,</em></strong></span> <span class='ocrx_word' id='word_1_356' title='bbox 944 2764 994 2826; x_wconf 83' lang='grc' dir='ltr'><strong><em>καί</em></strong></span> <span class='ocrx_word' id='word_1_357' title='bbox 1003 2757 1105 2827; x_wconf 89' lang='grc' dir='ltr'><strong><em>πάντα</em></strong></span> <span class='ocrx_word' id='word_1_358' title='bbox 1121 2764 1286 2848; x_wconf 80' lang='grc' dir='ltr'><strong><em>ἐπέστρεψε</em></strong></span> <span class='ocrx_word' id='word_1_359' title='bbox 1300 2767 1364 2826; x_wconf 86' lang='grc' dir='ltr'><strong><em>Δοι-</em></strong></span> 
     </span>
     <span class='ocr_line' id='line_1_32' title="bbox 108 2839 1363 2936; baseline 0 -26"><span class='ocrx_word' id='word_1_360' title='bbox 108 2840 210 2933; x_wconf 88' lang='grc' dir='ltr'><strong><em>βάνων</em></strong></span> <span class='ocrx_word' id='word_1_361' title='bbox 221 2839 384 2936; x_wconf 76' lang='grc' dir='ltr'><strong><em>καταληψη</em></strong></span> <span class='ocrx_word' id='word_1_362' title='bbox 393 2839 512 2918; x_wconf 86' lang='grc' dir='ltr'><strong><em>αύτούς,</em></strong></span> <span class='ocrx_word' id='word_1_363' title='bbox 522 2843 719 2928; x_wconf 79' lang='grc' dir='ltr'><strong><em>καίίξαιρου-</em></strong></span> <span class='ocrx_word' id='word_1_364' title='bbox 757 2845 811 2908; x_wconf 88' lang='grc' dir='ltr'><strong><em>υίδ.</em></strong></span> <span class='ocrx_word' id='word_1_365' title='bbox 839 2847 932 2909; x_wconf 73' lang='grc' dir='ltr'><strong><em>111κοὶ</em></strong></span> <span class='ocrx_word' id='word_1_366' title='bbox 949 2845 1038 2933; x_wconf 80' lang='grc' dir='ltr'><strong><em>ἔλαβε</em></strong></span> <span class='ocrx_word' id='word_1_367' title='bbox 1055 2842 1157 2911; x_wconf 88' lang='grc' dir='ltr'><strong><em>πάντα</em></strong></span> <span class='ocrx_word' id='word_1_368' title='bbox 1173 2843 1212 2910; x_wconf 84' lang='grc' dir='ltr'><strong><em>τά</em></strong></span> <span class='ocrx_word' id='word_1_369' title='bbox 1230 2852 1363 2928; x_wconf 82' lang='grc' dir='ltr'><strong><em>ποίμνια,</em></strong></span> 
     </span>
     <span class='ocr_line' id='line_1_33' title="bbox 108 2922 1363 3019; baseline -0.001 -25"><span class='ocrx_word' id='word_1_370' title='bbox 108 2955 191 3013; x_wconf 88' lang='grc' dir='ltr'><strong><em>μενος</em></strong></span> <span class='ocrx_word' id='word_1_371' title='bbox 216 2927 305 3019; x_wconf 73' lang='grc' dir='ltr'><strong><em>ἐξελῄ.</em></strong></span> <span class='ocrx_word' id='word_1_372' title='bbox 345 2927 427 2990; x_wconf 77' lang='grc' dir='ltr'><strong><em>1ιιοὶ</em></strong></span> <span class='ocrx_word' id='word_1_373' title='bbox 452 2922 603 3012; x_wconf 77' lang='grc' dir='ltr'><strong><em>ἐπορεύθη</em></strong></span> <span class='ocrx_word' id='word_1_374' title='bbox 620 2927 720 2992; x_wconf 84' lang='grc' dir='ltr'><strong><em>Δαυίδ</em></strong></span> <span class='ocrx_word' id='word_1_375' title='bbox 757 2929 807 2991; x_wconf 82' lang='grc' dir='ltr'><strong><em>καί</em></strong></span> <span class='ocrx_word' id='word_1_376' title='bbox 820 2924 858 2992; x_wconf 90' lang='grc' dir='ltr'><strong><em>τά</em></strong></span> <span class='ocrx_word' id='word_1_377' title='bbox 867 2926 1019 3013; x_wconf 88' lang='grc' dir='ltr'><strong><em>βουκόλια,</em></strong></span> <span class='ocrx_word' id='word_1_378' title='bbox 1027 2933 1080 2994; x_wconf 82' lang='grc' dir='ltr'><strong><em>καί</em></strong></span> <span class='ocrx_word' id='word_1_379' title='bbox 1088 2924 1240 3012; x_wconf 71' lang='grc' dir='ltr'><strong><em>ἀπήγαγεν</em></strong></span> <span class='ocrx_word' id='word_1_380' title='bbox 1250 2932 1363 3010; x_wconf 77' lang='grc' dir='ltr'><strong><em>ἐμπρο-</em></strong></span> 
     </span>
     <span class='ocr_line' id='line_1_34' title="bbox 110 3003 1364 3095; baseline -0.002 -18"><span class='ocrx_word' id='word_1_381' title='bbox 110 3009 204 3087; x_wconf 85' lang='grc' dir='ltr'><strong><em>αάτός</em></strong></span> <span class='ocrx_word' id='word_1_382' title='bbox 215 3014 266 3074; x_wconf 83' lang='grc' dir='ltr'><strong><em>καί</em></strong></span> <span class='ocrx_word' id='word_1_383' title='bbox 278 3014 310 3075; x_wconf 81' lang='grc' dir='ltr'><strong><em>οἶ</em></strong></span> <span class='ocrx_word' id='word_1_384' title='bbox 322 3003 468 3087; x_wconf 83' lang='grc' dir='ltr'><strong><em>ἑξακόσιοι</em></strong></span> <span class='ocrx_word' id='word_1_385' title='bbox 479 3008 579 3095; x_wconf 87' lang='grc' dir='ltr'><strong><em>ἀνδρες</em></strong></span> <span class='ocrx_word' id='word_1_386' title='bbox 587 3007 646 3091; x_wconf 84' lang='grc' dir='ltr'><strong><em>μετ’</em></strong></span> <span class='ocrx_word' id='word_1_387' title='bbox 660 3007 719 3074; x_wconf 86' lang='grc' dir='ltr'><strong><em>αύ-</em></strong></span> <span class='ocrx_word' id='word_1_388' title='bbox 757 3020 831 3075; x_wconf 90' lang='grc' dir='ltr'><strong><em>σθεν</em></strong></span> <span class='ocrx_word' id='word_1_389' title='bbox 855 3016 916 3076; x_wconf 81' lang='grc' dir='ltr'><strong><em>τῶν</em></strong></span> <span class='ocrx_word' id='word_1_390' title='bbox 934 3009 1057 3077; x_wconf 86' lang='grc' dir='ltr'><strong><em>σκύλων.</em></strong></span> <span class='ocrx_word' id='word_1_391' title='bbox 1090 3014 1142 3077; x_wconf 82' lang='grc' dir='ltr'><strong><em>καὶ</em></strong></span> <span class='ocrx_word' id='word_1_392' title='bbox 1165 3022 1229 3086; x_wconf 88' lang='grc' dir='ltr'><strong><em>τοῖς</em></strong></span> <span class='ocrx_word' id='word_1_393' title='bbox 1247 3005 1364 3086; x_wconf 87' lang='grc' dir='ltr'><strong><em>σκύλοις</em></strong></span> 
     </span>
     <span class='ocr_line' id='line_1_35' title="bbox 107 3089 1362 3220; baseline -0.002 -59"><span class='ocrx_word' id='word_1_394' title='bbox 107 3098 181 3171; x_wconf 83' lang='grc' dir='ltr'><strong><em>τού,</em></strong></span> <span class='ocrx_word' id='word_1_395' title='bbox 206 3096 259 3159; x_wconf 78' lang='grc' dir='ltr'><strong><em>καί</em></strong></span> <span class='ocrx_word' id='word_1_396' title='bbox 271 3097 407 3180; x_wconf 78' lang='grc' dir='ltr'><strong><em>ἔρχονται</em></strong></span> <span class='ocrx_word' id='word_1_397' title='bbox 419 3099 474 3169; x_wconf 81' lang='grc' dir='ltr'><strong><em>ἕως</em></strong></span> <span class='ocrx_word' id='word_1_398' title='bbox 486 3098 541 3160; x_wconf 83' lang='grc' dir='ltr'><strong><em>τοῦ</em></strong></span> <span class='ocrx_word' id='word_1_399' title='bbox 558 3089 717 3220; x_wconf 65' lang='grc' dir='ltr'><strong><em>χειμάρρου</em></strong></span> <span class='ocrx_word' id='word_1_400' title='bbox 757 3098 872 3169; x_wconf 80' lang='grc' dir='ltr'><strong><em>ἐκείνοις</em></strong></span> <span class='ocrx_word' id='word_1_401' title='bbox 885 3096 1008 3173; x_wconf 79' lang='grc' dir='ltr'><strong><em>ἐλέγετο.</em></strong></span> <span class='ocrx_word' id='word_1_402' title='bbox 1021 3099 1119 3161; x_wconf 82' lang='grc' dir='ltr'><strong><em>ταῦτα</em></strong></span> <span class='ocrx_word' id='word_1_403' title='bbox 1135 3090 1174 3161; x_wconf 89' lang='grc' dir='ltr'><strong><em>τά</em></strong></span> <span class='ocrx_word' id='word_1_404' title='bbox 1186 3094 1283 3160; x_wconf 84' lang='grc' dir='ltr'><strong><em>σκῦλα</em></strong></span> <span class='ocrx_word' id='word_1_405' title='bbox 1296 3101 1362 3159; x_wconf 86' lang='grc' dir='ltr'><strong><em>Δα-</em></strong></span> 
     </span>
     <span class='ocr_line' id='line_1_36' title="bbox 108 3175 1362 3265; baseline -0.002 -20"><span class='ocrx_word' id='word_1_406' title='bbox 108 3175 228 3263; x_wconf 87' lang='grc' dir='ltr'><strong><em>Βοσὸρ,</em></strong></span> <span class='ocrx_word' id='word_1_407' title='bbox 238 3179 290 3243; x_wconf 83' lang='grc' dir='ltr'><strong><em>καί</em></strong></span> <span class='ocrx_word' id='word_1_408' title='bbox 301 3182 332 3243; x_wconf 79' lang='grc' dir='ltr'><strong><em>οῖ</em></strong></span> <span class='ocrx_word' id='word_1_409' title='bbox 341 3179 476 3262; x_wconf 77' lang='grc' dir='ltr'><strong><em>περισσοὶ</em></strong></span> <span class='ocrx_word' id='word_1_410' title='bbox 485 3181 644 3262; x_wconf 80' lang='grc' dir='ltr'><strong><em>ἔστησαν,1</em></strong></span> <span class='ocrx_word' id='word_1_411' title='bbox 667 3178 719 3242; x_wconf 82' lang='grc' dir='ltr'><strong><em>καί</em></strong></span> <span class='ocrx_word' id='word_1_412' title='bbox 757 3179 812 3243; x_wconf 92' lang='grc' dir='ltr'><strong><em>υίδ.</em></strong></span> <span class='ocrx_word' id='word_1_413' title='bbox 850 3180 940 3243; x_wconf 76' lang='grc' dir='ltr'><strong><em>21νιαί</em></strong></span> <span class='ocrx_word' id='word_1_414' title='bbox 955 3186 1152 3265; x_wconf 87' lang='grc' dir='ltr'><strong><em>παραγίνεται</em></strong></span> <span class='ocrx_word' id='word_1_415' title='bbox 1170 3180 1271 3245; x_wconf 84' lang='grc' dir='ltr'><strong><em>Δαυίδ</em></strong></span> <span class='ocrx_word' id='word_1_416' title='bbox 1286 3177 1362 3263; x_wconf 90' lang='grc' dir='ltr'><strong><em>πρὸς</em></strong></span> 
     </span>
     <span class='ocr_line' id='line_1_37' title="bbox 107 3257 1361 3347; baseline -0.003 -20"><span class='ocrx_word' id='word_1_417' title='bbox 107 3262 279 3337; x_wconf 80' lang='grc' dir='ltr'><strong><em>κατεδίωξεν</em></strong></span> <span class='ocrx_word' id='word_1_418' title='bbox 298 3265 331 3326; x_wconf 76' lang='grc' dir='ltr'><strong><em>ἐν</em></strong></span> <span class='ocrx_word' id='word_1_419' title='bbox 347 3267 550 3345; x_wconf 87' lang='grc' dir='ltr'><strong><em>τετρακοσίοις</em></strong></span> <span class='ocrx_word' id='word_1_420' title='bbox 566 3257 716 3344; x_wconf 89' lang='grc' dir='ltr'><strong><em>ἀνδράσιν.</em></strong></span> <span class='ocrx_word' id='word_1_421' title='bbox 756 3258 826 3334; x_wconf 74' lang='grc' dir='ltr'><strong><em>τοὺς</em></strong></span> <span class='ocrx_word' id='word_1_422' title='bbox 843 3262 1011 3337; x_wconf 85' lang='grc' dir='ltr'><strong><em>διακοσίους</em></strong></span> <span class='ocrx_word' id='word_1_423' title='bbox 1028 3263 1137 3347; x_wconf 85' lang='grc' dir='ltr'><strong><em>ἀνδρας</em></strong></span> <span class='ocrx_word' id='word_1_424' title='bbox 1155 3261 1224 3336; x_wconf 78' lang='grc' dir='ltr'><strong><em>τοὺς</em></strong></span> <span class='ocrx_word' id='word_1_425' title='bbox 1245 3259 1361 3325; x_wconf 80' lang='grc' dir='ltr'><strong><em>ὑπολει-</em></strong></span> 
     </span>
     <span class='ocr_line' id='line_1_38' title="bbox 109 3337 1362 3429; baseline -0.001 -20"><span class='ocrx_word' id='word_1_426' title='bbox 109 3342 280 3426; x_wconf 84' lang='grc' dir='ltr'><strong><em>ύπέστησαν</em></strong></span> <span class='ocrx_word' id='word_1_427' title='bbox 293 3344 325 3408; x_wconf 79' lang='grc' dir='ltr'><strong><em>δὲ</em></strong></span> <span class='ocrx_word' id='word_1_428' title='bbox 337 3337 482 3410; x_wconf 80' lang='grc' dir='ltr'><strong><em>διακόσιοι</em></strong></span> <span class='ocrx_word' id='word_1_429' title='bbox 492 3343 595 3426; x_wconf 83' lang='grc' dir='ltr'><strong><em>ἀνδρες</em></strong></span> <span class='ocrx_word' id='word_1_430' title='bbox 604 3349 719 3418; x_wconf 81' lang='grc' dir='ltr'><strong><em>οἵτινες</em></strong></span> <span class='ocrx_word' id='word_1_431' title='bbox 756 3346 888 3423; x_wconf 80' lang='grc' dir='ltr'><strong><em>φθάντος</em></strong></span> <span class='ocrx_word' id='word_1_432' title='bbox 905 3350 961 3408; x_wconf 82' lang='grc' dir='ltr'><strong><em>τοῦ</em></strong></span> <span class='ocrx_word' id='word_1_433' title='bbox 978 3339 1159 3429; x_wconf 86' lang='grc' dir='ltr'><strong><em>πορεύεσθαι</em></strong></span> <span class='ocrx_word' id='word_1_434' title='bbox 1178 3343 1277 3408; x_wconf 88' lang='grc' dir='ltr'><strong><em>ὀπίσω</em></strong></span> <span class='ocrx_word' id='word_1_435' title='bbox 1296 3350 1362 3408; x_wconf 86' lang='grc' dir='ltr'><strong><em>Δα-</em></strong></span> 
     </span>
     <span class='ocr_line' id='line_1_39' title="bbox 108 3422 1360 3574; baseline -0.002 -83"><span class='ocrx_word' id='word_1_436' title='bbox 108 3424 257 3491; x_wconf 81' lang='grc' dir='ltr'><strong><em>έκάθισαν</em></strong></span> <span class='ocrx_word' id='word_1_437' title='bbox 280 3429 375 3533; x_wconf 88' lang='grc' dir='ltr'><strong><em>πέραν</em></strong></span> <span class='ocrx_word' id='word_1_438' title='bbox 398 3431 454 3491; x_wconf 79' lang='grc' dir='ltr'><strong><em>τοῦ</em></strong></span> <span class='ocrx_word' id='word_1_439' title='bbox 483 3426 637 3574; x_wconf 70' lang='grc' dir='ltr'><strong><em>χειμάρρου</em></strong></span> <span class='ocrx_word' id='word_1_440' title='bbox 661 3431 717 3490; x_wconf 83' lang='grc' dir='ltr'><strong><em>τοῦ</em></strong></span> <span class='ocrx_word' id='word_1_441' title='bbox 758 3426 819 3499; x_wconf 83' lang='grc' dir='ltr'><strong><em>υίδ,</em></strong></span> <span class='ocrx_word' id='word_1_442' title='bbox 844 3429 895 3490; x_wconf 81' lang='grc' dir='ltr'><strong><em>καί</em></strong></span> <span class='ocrx_word' id='word_1_443' title='bbox 911 3422 1048 3490; x_wconf 76' lang='grc' dir='ltr'><strong><em>ἐκάθισεν</em></strong></span> <span class='ocrx_word' id='word_1_444' title='bbox 1066 3422 1176 3498; x_wconf 79' lang='grc' dir='ltr'><strong><em>αὐτούς</em></strong></span> <span class='ocrx_word' id='word_1_445' title='bbox 1195 3429 1226 3488; x_wconf 75' lang='grc' dir='ltr'><strong><em>ἐν</em></strong></span> <span class='ocrx_word' id='word_1_446' title='bbox 1243 3428 1288 3505; x_wconf 76' lang='grc' dir='ltr'><strong><em>τῷ</em></strong></span> <span class='ocrx_word' id='word_1_447' title='bbox 1305 3450 1360 3508; x_wconf 86' lang='grc' dir='ltr'><strong><em>χει-</em></strong></span> 
     </span>
     <span class='ocr_line' id='line_1_40' title="bbox 106 3503 1362 3595; baseline -0.003 -22"><span class='ocrx_word' id='word_1_448' title='bbox 106 3503 225 3593; x_wconf 89' lang='grc' dir='ltr'><strong><em>Βοσόρ.</em></strong></span> <span class='ocrx_word' id='word_1_449' title='bbox 247 3512 273 3550; x_wconf 88' lang='grc'><strong><em>11</em></strong></span> <span class='ocrx_word' id='word_1_450' title='bbox 285 3534 336 3573; x_wconf 87' lang='grc' dir='ltr'><strong><em>και</em></strong></span> <span class='ocrx_word' id='word_1_451' title='bbox 348 3506 532 3592; x_wconf 76' lang='grc' dir='ltr'><strong><em>εὑρίσκουσιν</em></strong></span> <span class='ocrx_word' id='word_1_452' title='bbox 547 3509 584 3574; x_wconf 89' lang='grc' dir='ltr'><strong><em>άν</em></strong></span> <span class='ocrx_word' id='word_1_453' title='bbox 602 3511 717 3592; x_wconf 76' lang='grc' dir='ltr'><strong><em>ραΑῑ-</em></strong></span> <span class='ocrx_word' id='word_1_454' title='bbox 755 3503 859 3592; x_wconf 77' lang='grc' dir='ltr'><strong><em>μάβρῳ</em></strong></span> <span class='ocrx_word' id='word_1_455' title='bbox 883 3512 942 3573; x_wconf 82' lang='grc' dir='ltr'><strong><em>τού</em></strong></span> <span class='ocrx_word' id='word_1_456' title='bbox 957 3505 1079 3595; x_wconf 83' lang='grc' dir='ltr'><strong><em>Βοσὸρ,</em></strong></span> <span class='ocrx_word' id='word_1_457' title='bbox 1105 3509 1156 3571; x_wconf 85' lang='grc' dir='ltr'><strong><em>καί</em></strong></span> <span class='ocrx_word' id='word_1_458' title='bbox 1175 3505 1305 3588; x_wconf 79' lang='grc' dir='ltr'><strong><em>ίξηλθον</em></strong></span> <span class='ocrx_word' id='word_1_459' title='bbox 1324 3511 1362 3580; x_wconf 80' lang='grc' dir='ltr'><strong><em>εἰς</em></strong></span> 
     </span>
     <span class='ocr_line' id='line_1_41' title="bbox 106 3582 1362 3679; baseline -0.002 -23"><span class='ocrx_word' id='word_1_460' title='bbox 106 3587 236 3667; x_wconf 85' lang='grc' dir='ltr'><strong><em>γύπτιον</em></strong></span> <span class='ocrx_word' id='word_1_461' title='bbox 260 3594 291 3656; x_wconf 74' lang='grc' dir='ltr'><strong><em>ἐν</em></strong></span> <span class='ocrx_word' id='word_1_462' title='bbox 317 3590 416 3679; x_wconf 82' lang='grc' dir='ltr'><strong><em>ἀγρῷ,</em></strong></span> <span class='ocrx_word' id='word_1_463' title='bbox 446 3595 498 3656; x_wconf 78' lang='grc' dir='ltr'><strong><em>καί</em></strong></span> <span class='ocrx_word' id='word_1_464' title='bbox 521 3590 716 3677; x_wconf 88' lang='grc' dir='ltr'><strong><em>λαμβάνουσιν</em></strong></span> <span class='ocrx_word' id='word_1_465' title='bbox 757 3588 921 3674; x_wconf 83' lang='grc' dir='ltr'><strong><em>ἀπάντησιν</em></strong></span> <span class='ocrx_word' id='word_1_466' title='bbox 935 3592 1036 3656; x_wconf 88' lang='grc' dir='ltr'><strong><em>Δαυίδ</em></strong></span> <span class='ocrx_word' id='word_1_467' title='bbox 1059 3591 1110 3656; x_wconf 79' lang='grc' dir='ltr'><strong><em>καί</em></strong></span> <span class='ocrx_word' id='word_1_468' title='bbox 1135 3593 1175 3664; x_wconf 79' lang='grc' dir='ltr'><strong><em>εἰς</em></strong></span> <span class='ocrx_word' id='word_1_469' title='bbox 1200 3582 1362 3672; x_wconf 86' lang='grc' dir='ltr'><strong><em>ἀπάντησιν</em></strong></span> 
     </span>
     <span class='ocr_line' id='line_1_42' title="bbox 108 3671 1362 3760; baseline -0.003 -18"><span class='ocrx_word' id='word_1_470' title='bbox 108 3672 203 3742; x_wconf 88' lang='grc' dir='ltr'><strong><em>αύτόν</em></strong></span> <span class='ocrx_word' id='word_1_471' title='bbox 215 3677 267 3740; x_wconf 77' lang='grc' dir='ltr'><strong><em>καί</em></strong></span> <span class='ocrx_word' id='word_1_472' title='bbox 279 3672 402 3753; x_wconf 87' lang='grc' dir='ltr'><strong><em>ἀγουσιν</em></strong></span> <span class='ocrx_word' id='word_1_473' title='bbox 415 3672 509 3739; x_wconf 78' lang='grc' dir='ltr'><strong><em>αὐτὸν</em></strong></span> <span class='ocrx_word' id='word_1_474' title='bbox 521 3674 597 3758; x_wconf 86' lang='grc' dir='ltr'><strong><em>πρὸς</em></strong></span> <span class='ocrx_word' id='word_1_475' title='bbox 611 3675 715 3739; x_wconf 89' lang='grc' dir='ltr'><strong><em>Δαυίδ.</em></strong></span> <span class='ocrx_word' id='word_1_476' title='bbox 757 3679 813 3738; x_wconf 85' lang='grc' dir='ltr'><strong><em>τοῦ</em></strong></span> <span class='ocrx_word' id='word_1_477' title='bbox 826 3671 903 3739; x_wconf 81' lang='grc' dir='ltr'><strong><em>λαοῦ</em></strong></span> <span class='ocrx_word' id='word_1_478' title='bbox 920 3680 974 3740; x_wconf 81' lang='grc' dir='ltr'><strong><em>τοῦ</em></strong></span> <span class='ocrx_word' id='word_1_479' title='bbox 987 3673 1046 3758; x_wconf 88' lang='grc' dir='ltr'><strong><em>μετ’</em></strong></span> <span class='ocrx_word' id='word_1_480' title='bbox 1064 3671 1178 3748; x_wconf 75' lang='grc' dir='ltr'><strong><em>αὐτοῦ,</em></strong></span> <span class='ocrx_word' id='word_1_481' title='bbox 1205 3675 1257 3738; x_wconf 79' lang='grc' dir='ltr'><strong><em>καί</em></strong></span> <span class='ocrx_word' id='word_1_482' title='bbox 1268 3697 1362 3760; x_wconf 82' lang='grc' dir='ltr'><strong><em>προς-</em></strong></span> 
     </span>
     <span class='ocr_line' id='line_1_43' title="bbox 108 3752 1361 3843; baseline -0.002 -18"><span class='ocrx_word' id='word_1_483' title='bbox 108 3762 160 3825; x_wconf 79' lang='grc' dir='ltr'><strong><em>καί</em></strong></span> <span class='ocrx_word' id='word_1_484' title='bbox 181 3753 316 3824; x_wconf 91' lang='grc' dir='ltr'><strong><em>διδόασιν</em></strong></span> <span class='ocrx_word' id='word_1_485' title='bbox 329 3756 418 3822; x_wconf 79' lang='grc' dir='ltr'><strong><em>ἀὐτῶ</em></strong></span> <span class='ocrx_word' id='word_1_486' title='bbox 438 3755 460 3822; x_wconf 86' lang='grc' dir='ltr'><strong><em>ἀ</em></strong></span> <span class='ocrx_word' id='word_1_487' title='bbox 479 3782 531 3822; x_wconf 90' lang='grc' dir='ltr'><strong><em>τον</em></strong></span> <span class='ocrx_word' id='word_1_488' title='bbox 548 3758 599 3820; x_wconf 82' lang='grc' dir='ltr'><strong><em>καί</em></strong></span> <span class='ocrx_word' id='word_1_489' title='bbox 616 3759 716 3837; x_wconf 78' lang='grc' dir='ltr'><strong><em>ἔφαγε,</em></strong></span> <span class='ocrx_word' id='word_1_490' title='bbox 756 3752 846 3840; x_wconf 71' lang='grc' dir='ltr'><strong><em>ἤγαγε</em></strong></span> <span class='ocrx_word' id='word_1_491' title='bbox 859 3759 956 3823; x_wconf 80' lang='grc' dir='ltr'><strong><em>Δαυίδ</em></strong></span> <span class='ocrx_word' id='word_1_492' title='bbox 967 3763 1022 3833; x_wconf 78' lang='grc' dir='ltr'><strong><em>ἕως</em></strong></span> <span class='ocrx_word' id='word_1_493' title='bbox 1034 3761 1091 3823; x_wconf 80' lang='grc' dir='ltr'><strong><em>τοῦ</em></strong></span> <span class='ocrx_word' id='word_1_494' title='bbox 1103 3756 1193 3833; x_wconf 83' lang='grc' dir='ltr'><strong><em>λαοῦ,</em></strong></span> <span class='ocrx_word' id='word_1_495' title='bbox 1218 3757 1270 3822; x_wconf 82' lang='grc' dir='ltr'><strong><em>καὶ</em></strong></span> <span class='ocrx_word' id='word_1_496' title='bbox 1282 3754 1361 3843; x_wconf 77' lang='grc' dir='ltr'><strong><em>ἦρά-</em></strong></span> 
     </span>
     <span class='ocr_line' id='line_1_44' title="bbox 73 3782 1362 3926; baseline -0.003 -16"><span class='ocrx_word' id='word_1_497' title='bbox 73 3906 75 3910; x_wconf 26' lang='grc'><strong><em>.</em></strong></span> <span class='ocrx_word' id='word_1_498' title='bbox 107 3843 160 3905; x_wconf 79' lang='grc' dir='ltr'><strong><em>καί</em></strong></span> <span class='ocrx_word' id='word_1_499' title='bbox 179 3839 322 3906; x_wconf 74' lang='grc' dir='ltr'><strong><em>θπότισαν</em></strong></span> <span class='ocrx_word' id='word_1_500' title='bbox 334 3822 429 3906; x_wconf 77' lang='grc' dir='ltr'><strong><em>αὐτόν</em></strong></span> <span class='ocrx_word' id='word_1_501' title='bbox 442 3782 531 3926; x_wconf 70' lang='grc' dir='ltr'><strong><em>ὕδωρ.</em></strong></span> <span class='ocrx_word' id='word_1_502' title='bbox 570 3841 716 3904; x_wconf 77' lang='grc' dir='ltr'><strong><em>11καίδι-</em></strong></span> <span class='ocrx_word' id='word_1_503' title='bbox 756 3863 849 3923; x_wconf 90' lang='grc' dir='ltr'><strong><em>τησαν</em></strong></span> <span class='ocrx_word' id='word_1_504' title='bbox 874 3837 964 3904; x_wconf 81' lang='grc' dir='ltr'><strong><em>αὐτὸν</em></strong></span> <span class='ocrx_word' id='word_1_505' title='bbox 988 3841 1027 3904; x_wconf 88' lang='grc' dir='ltr'><strong><em>τά</em></strong></span> <span class='ocrx_word' id='word_1_506' title='bbox 1052 3845 1090 3916; x_wconf 83' lang='grc' dir='ltr'><strong><em>είς</em></strong></span> <span class='ocrx_word' id='word_1_507' title='bbox 1108 3834 1231 3925; x_wconf 75' lang='grc' dir='ltr'><strong><em>είρηνην.</em></strong></span> <span class='ocrx_word' id='word_1_508' title='bbox 1269 3843 1300 3883; x_wconf 83' lang='lat'><strong><em>²²</em></strong></span> <span class='ocrx_word' id='word_1_509' title='bbox 1310 3841 1362 3908; x_wconf 81' lang='grc' dir='ltr'><strong><em>καὶ</em></strong></span> 
     </span>
     <span class='ocr_line' id='line_1_45' title="bbox 110 3919 1361 4009; baseline -0.002 -19"><span class='ocrx_word' id='word_1_510' title='bbox 110 3921 215 3990; x_wconf 91' lang='grc' dir='ltr'><strong><em>δόασιν</em></strong></span> <span class='ocrx_word' id='word_1_511' title='bbox 241 3922 326 4006; x_wconf 79' lang='grc' dir='ltr'><strong><em>αύτῷ</em></strong></span> <span class='ocrx_word' id='word_1_512' title='bbox 352 3919 469 4006; x_wconf 86' lang='grc' dir='ltr'><strong><em>κλάσμα</em></strong></span> <span class='ocrx_word' id='word_1_513' title='bbox 500 3924 644 4007; x_wconf 88' lang='grc' dir='ltr'><strong><em>παλάθης</em></strong></span> <span class='ocrx_word' id='word_1_514' title='bbox 665 3925 716 3989; x_wconf 79' lang='grc' dir='ltr'><strong><em>καὶ</em></strong></span> <span class='ocrx_word' id='word_1_515' title='bbox 757 3922 905 4008; x_wconf 86' lang='grc' dir='ltr'><strong><em>ἀπεκρίθη</em></strong></span> <span class='ocrx_word' id='word_1_516' title='bbox 920 3927 980 3998; x_wconf 82' lang='grc' dir='ltr'><strong><em>πᾶς</em></strong></span> <span class='ocrx_word' id='word_1_517' title='bbox 999 3922 1073 4009; x_wconf 74' lang='grc' dir='ltr'><strong><em>ἀνὴρ</em></strong></span> <span class='ocrx_word' id='word_1_518' title='bbox 1090 3920 1361 4009; x_wconf 79' lang='grc' dir='ltr'><strong><em>λοιμόςκαίπονη-</em></strong></span> 
     </span>
     <span class='ocr_line' id='line_1_46' title="bbox 107 4003 1362 4093; baseline 0.002 -21"><span class='ocrx_word' id='word_1_519' title='bbox 107 4011 215 4088; x_wconf 80' lang='grc' dir='ltr'><strong><em>ἔφαγε,</em></strong></span> <span class='ocrx_word' id='word_1_520' title='bbox 241 4008 294 4072; x_wconf 82' lang='grc' dir='ltr'><strong><em>καὶ</em></strong></span> <span class='ocrx_word' id='word_1_521' title='bbox 305 4010 432 4090; x_wconf 82' lang='grc' dir='ltr'><strong><em>κατέστη</em></strong></span> <span class='ocrx_word' id='word_1_522' title='bbox 445 4003 482 4072; x_wconf 86' lang='grc' dir='ltr'><strong><em>τό</em></strong></span> <span class='ocrx_word' id='word_1_523' title='bbox 493 4011 608 4091; x_wconf 79' lang='grc' dir='ltr'><strong><em>πνεῦμα</em></strong></span> <span class='ocrx_word' id='word_1_524' title='bbox 621 4005 715 4073; x_wconf 78' lang='grc' dir='ltr'><strong><em>αὐτοῦ</em></strong></span> <span class='ocrx_word' id='word_1_525' title='bbox 755 4003 807 4093; x_wconf 87' lang='grc' dir='ltr'><strong><em>ρός</em></strong></span> <span class='ocrx_word' id='word_1_526' title='bbox 824 4011 884 4071; x_wconf 86' lang='grc' dir='ltr'><strong><em>τῶν</em></strong></span> <span class='ocrx_word' id='word_1_527' title='bbox 902 4004 1015 4093; x_wconf 76' lang='grc' dir='ltr'><strong><em>ἀνδρῶν</em></strong></span> <span class='ocrx_word' id='word_1_528' title='bbox 1033 4011 1093 4072; x_wconf 85' lang='grc' dir='ltr'><strong><em>τῶν</em></strong></span> <span class='ocrx_word' id='word_1_529' title='bbox 1105 4005 1289 4088; x_wconf 82' lang='grc' dir='ltr'><strong><em>πολεμιστῶν</em></strong></span> <span class='ocrx_word' id='word_1_530' title='bbox 1302 4013 1362 4075; x_wconf 79' lang='grc' dir='ltr'><strong><em>τῶν</em></strong></span> 
     </span>
     <span class='ocr_line' id='line_1_47' title="bbox 105 4084 1362 4177; baseline 0.005 -28"><span class='ocrx_word' id='word_1_531' title='bbox 105 4087 140 4153; x_wconf 83' lang='grc' dir='ltr'><strong><em>έν</em></strong></span> <span class='ocrx_word' id='word_1_532' title='bbox 157 4091 258 4174; x_wconf 81' lang='grc' dir='ltr'><strong><em>αὐτῷ,</em></strong></span> <span class='ocrx_word' id='word_1_533' title='bbox 285 4084 333 4154; x_wconf 82' lang='grc' dir='ltr'><strong><em>ότι</em></strong></span> <span class='ocrx_word' id='word_1_534' title='bbox 351 4090 387 4155; x_wconf 83' lang='grc' dir='ltr'><strong><em>ού</em></strong></span> <span class='ocrx_word' id='word_1_535' title='bbox 405 4085 544 4177; x_wconf 84' lang='grc' dir='ltr'><strong><em>βεβράκει</em></strong></span> <span class='ocrx_word' id='word_1_536' title='bbox 560 4090 654 4176; x_wconf 84' lang='grc' dir='ltr'><strong><em>ἀρτον</em></strong></span> <span class='ocrx_word' id='word_1_537' title='bbox 665 4092 717 4156; x_wconf 81' lang='grc' dir='ltr'><strong><em>καὶ</em></strong></span> <span class='ocrx_word' id='word_1_538' title='bbox 755 4092 965 4177; x_wconf 85' lang='grc' dir='ltr'><strong><em>πορευθέντων</em></strong></span> <span class='ocrx_word' id='word_1_539' title='bbox 979 4090 1052 4172; x_wconf 91' lang='grc' dir='ltr'><strong><em>μετά</em></strong></span> <span class='ocrx_word' id='word_1_540' title='bbox 1070 4091 1179 4167; x_wconf 86' lang='grc' dir='ltr'><strong><em>Δαυίδ,</em></strong></span> <span class='ocrx_word' id='word_1_541' title='bbox 1205 4094 1256 4156; x_wconf 83' lang='grc' dir='ltr'><strong><em>καί</em></strong></span> <span class='ocrx_word' id='word_1_542' title='bbox 1280 4090 1362 4157; x_wconf 85' lang='grc' dir='ltr'><strong><em>εἶπον</em></strong></span> 
     </span>
     <span class='ocr_line' id='line_1_48' title="bbox 107 4169 1361 4277; baseline 0.001 -41"><span class='ocrx_word' id='word_1_543' title='bbox 107 4170 145 4236; x_wconf 85' lang='grc' dir='ltr'><strong><em>ού</em></strong></span> <span class='ocrx_word' id='word_1_544' title='bbox 170 4170 301 4238; x_wconf 79' lang='grc' dir='ltr'><strong><em>πεπώκει</em></strong></span> <span class='ocrx_word' id='word_1_545' title='bbox 329 4169 407 4258; x_wconf 80' lang='grc' dir='ltr'><strong><em>ύδωρ</em></strong></span> <span class='ocrx_word' id='word_1_546' title='bbox 433 4184 508 4258; x_wconf 82' lang='grc' dir='ltr'><strong><em>τρεῖς</em></strong></span> <span class='ocrx_word' id='word_1_547' title='bbox 533 4171 642 4277; x_wconf 72' lang='grc' dir='ltr'><strong><em>ίημέρας</em></strong></span> <span class='ocrx_word' id='word_1_548' title='bbox 666 4177 717 4240; x_wconf 79' lang='grc' dir='ltr'><strong><em>καὶ</em></strong></span> <span class='ocrx_word' id='word_1_549' title='bbox 757 4171 803 4239; x_wconf 81' lang='grc' dir='ltr'><strong><em>ότι</em></strong></span> <span class='ocrx_word' id='word_1_550' title='bbox 818 4173 854 4240; x_wconf 87' lang='grc' dir='ltr'><strong><em>ού</em></strong></span> <span class='ocrx_word' id='word_1_551' title='bbox 867 4176 1045 4251; x_wconf 83' lang='grc' dir='ltr'><strong><em>κατεδίωξαν</em></strong></span> <span class='ocrx_word' id='word_1_552' title='bbox 1056 4171 1122 4258; x_wconf 75' lang='grc' dir='ltr'><strong><em>μεθ’</em></strong></span> <span class='ocrx_word' id='word_1_553' title='bbox 1139 4170 1232 4259; x_wconf 76' lang='grc' dir='ltr'><strong><em>ἡμῶν,</em></strong></span> <span class='ocrx_word' id='word_1_554' title='bbox 1251 4172 1288 4237; x_wconf 85' lang='grc' dir='ltr'><strong><em>ού</em></strong></span> <span class='ocrx_word' id='word_1_555' title='bbox 1302 4170 1361 4238; x_wconf 85' lang='grc' dir='ltr'><strong><em>διό-</em></strong></span> 
     </span>
     <span class='ocr_line' id='line_1_49' title="bbox 106 4247 1360 4358; baseline 0.002 -39"><span class='ocrx_word' id='word_1_556' title='bbox 106 4267 183 4336; x_wconf 86' lang='grc' dir='ltr'><strong><em>τρεῖς</em></strong></span> <span class='ocrx_word' id='word_1_557' title='bbox 195 4253 311 4333; x_wconf 89' lang='grc' dir='ltr'><strong><em>νύκτας.</em></strong></span> <span class='ocrx_word' id='word_1_558' title='bbox 330 4255 501 4322; x_wconf 74' lang='grc' dir='ltr'><strong><em>11καίείπεν</em></strong></span> <span class='ocrx_word' id='word_1_559' title='bbox 514 4263 597 4341; x_wconf 85' lang='grc' dir='ltr'><strong><em>αυτῷ</em></strong></span> <span class='ocrx_word' id='word_1_560' title='bbox 611 4258 716 4322; x_wconf 84' lang='grc' dir='ltr'><strong><em>Δαυίδ.</em></strong></span> <span class='ocrx_word' id='word_1_561' title='bbox 758 4282 841 4358; x_wconf 70' lang='grc' dir='ltr'><strong><em>σομεν</em></strong></span> <span class='ocrx_word' id='word_1_562' title='bbox 854 4257 956 4335; x_wconf 79' lang='grc' dir='ltr'><strong><em>αὐτοῖς</em></strong></span> <span class='ocrx_word' id='word_1_563' title='bbox 973 4262 1004 4323; x_wconf 80' lang='grc' dir='ltr'><strong><em>ἐκ</em></strong></span> <span class='ocrx_word' id='word_1_564' title='bbox 1025 4263 1085 4323; x_wconf 83' lang='grc' dir='ltr'><strong><em>τῶν</em></strong></span> <span class='ocrx_word' id='word_1_565' title='bbox 1104 4257 1218 4323; x_wconf 92' lang='grc' dir='ltr'><strong><em>σκύλων</em></strong></span> <span class='ocrx_word' id='word_1_566' title='bbox 1236 4247 1279 4320; x_wconf 68' lang='grc' dir='ltr'><strong><em>σάν</em></strong></span> <span class='ocrx_word' id='word_1_567' title='bbox 1292 4259 1360 4334; x_wconf 81' lang='grc' dir='ltr'><strong><em>ίξει-</em></strong></span> 
     </span>
     <span class='ocr_line' id='line_1_50' title="bbox 106 4336 1361 4423; baseline 0.002 -21"><span class='ocrx_word' id='word_1_568' title='bbox 106 4345 184 4414; x_wconf 82' lang='grc' dir='ltr'><strong><em>τίνος</em></strong></span> <span class='ocrx_word' id='word_1_569' title='bbox 198 4339 236 4406; x_wconf 83' lang='grc' dir='ltr'><strong><em>σύ</em></strong></span> <span class='ocrx_word' id='word_1_570' title='bbox 250 4339 284 4416; x_wconf 85' lang='grc' dir='ltr'><strong><em>εί,</em></strong></span> <span class='ocrx_word' id='word_1_571' title='bbox 303 4343 355 4406; x_wconf 82' lang='grc' dir='ltr'><strong><em>καί</em></strong></span> <span class='ocrx_word' id='word_1_572' title='bbox 366 4336 464 4407; x_wconf 88' lang='grc' dir='ltr'><strong><em>πόθεν</em></strong></span> <span class='ocrx_word' id='word_1_573' title='bbox 477 4338 517 4419; x_wconf 64' lang='grc' dir='ltr'><strong><em>εἷς</em></strong></span> <span class='ocrx_word' id='word_1_574' title='bbox 543 4343 594 4406; x_wconf 85' lang='grc' dir='ltr'><strong><em>καὶ</em></strong></span> <span class='ocrx_word' id='word_1_575' title='bbox 607 4339 667 4405; x_wconf 81' lang='grc' dir='ltr'><strong><em>είπε</em></strong></span> <span class='ocrx_word' id='word_1_576' title='bbox 680 4337 714 4403; x_wconf 87' lang='grc' dir='ltr'><strong><em>τό</em></strong></span> <span class='ocrx_word' id='word_1_577' title='bbox 757 4338 882 4423; x_wconf 85' lang='grc' dir='ltr'><strong><em>λομεθα,</em></strong></span> <span class='ocrx_word' id='word_1_578' title='bbox 894 4338 940 4408; x_wconf 81' lang='grc' dir='ltr'><strong><em>ότι</em></strong></span> <span class='ocrx_word' id='word_1_579' title='bbox 952 4340 1015 4407; x_wconf 82' lang='grc' dir='ltr'><strong><em>ἀλλ’</em></strong></span> <span class='ocrx_word' id='word_1_580' title='bbox 1031 4340 1185 4423; x_wconf 79' lang='grc' dir='ltr'><strong><em>ἢὲκαστος</em></strong></span> <span class='ocrx_word' id='word_1_581' title='bbox 1195 4336 1248 4421; x_wconf 75' lang='grc' dir='ltr'><strong><em>την</em></strong></span> <span class='ocrx_word' id='word_1_582' title='bbox 1259 4352 1361 4413; x_wconf 87' lang='grc' dir='ltr'><strong><em>γυναῖ-</em></strong></span> 
     </span>
     <span class='ocr_line' id='line_1_51' title="bbox 105 4417 1361 4507; baseline 0 -22"><span class='ocrx_word' id='word_1_583' title='bbox 105 4419 268 4507; x_wconf 85' lang='grc' dir='ltr'><strong><em>ποιιδάριον</em></strong></span> <span class='ocrx_word' id='word_1_584' title='bbox 293 4421 329 4487; x_wconf 88' lang='grc' dir='ltr'><strong><em>τό</em></strong></span> <span class='ocrx_word' id='word_1_585' title='bbox 355 4420 536 4502; x_wconf 76' lang='grc' dir='ltr'><strong><em>Αίγύπτιον.</em></strong></span> <span class='ocrx_word' id='word_1_586' title='bbox 577 4419 636 4500; x_wconf 84' lang='grc' dir='ltr'><strong><em>ἐγιό</em></strong></span> <span class='ocrx_word' id='word_1_587' title='bbox 662 4428 717 4504; x_wconf 81' lang='grc' dir='ltr'><strong><em>εἰμι</em></strong></span> <span class='ocrx_word' id='word_1_588' title='bbox 757 4448 795 4486; x_wconf 92' lang='grc' dir='ltr'><strong><em>κα</em></strong></span> <span class='ocrx_word' id='word_1_589' title='bbox 811 4421 916 4501; x_wconf 81' lang='grc' dir='ltr'><strong><em>αὐτοῦ,</em></strong></span> <span class='ocrx_word' id='word_1_590' title='bbox 929 4429 980 4490; x_wconf 83' lang='grc' dir='ltr'><strong><em>καὶ</em></strong></span> <span class='ocrx_word' id='word_1_591' title='bbox 993 4423 1032 4488; x_wconf 88' lang='grc' dir='ltr'><strong><em>τά</em></strong></span> <span class='ocrx_word' id='word_1_592' title='bbox 1042 4427 1130 4486; x_wconf 85' lang='grc' dir='ltr'><strong><em>τέκνα</em></strong></span> <span class='ocrx_word' id='word_1_593' title='bbox 1142 4418 1237 4482; x_wconf 81' lang='grc' dir='ltr'><strong><em>αὐτοῦ</em></strong></span> <span class='ocrx_word' id='word_1_594' title='bbox 1248 4417 1361 4492; x_wconf 82' lang='grc' dir='ltr'><strong><em>ἀπαγέ-</em></strong></span> 
     </span>
     <span class='ocr_line' id='line_1_52' title="bbox 107 4497 1361 4593; baseline -0.006 -25"><span class='ocrx_word' id='word_1_595' title='bbox 107 4505 213 4584; x_wconf 81' lang='grc' dir='ltr'><strong><em>δοῦλος</em></strong></span> <span class='ocrx_word' id='word_1_596' title='bbox 227 4503 333 4593; x_wconf 85' lang='grc' dir='ltr'><strong><em>ἀνδρὸς</em></strong></span> <span class='ocrx_word' id='word_1_597' title='bbox 344 4504 557 4593; x_wconf 84' lang='grc' dir='ltr'><strong><em>Ἀμαληκίτου,</em></strong></span> <span class='ocrx_word' id='word_1_598' title='bbox 580 4508 630 4572; x_wconf 81' lang='grc' dir='ltr'><strong><em>καί</em></strong></span> <span class='ocrx_word' id='word_1_599' title='bbox 644 4530 717 4573; x_wconf 82' lang='grc' dir='ltr'><strong><em>κατ-</em></strong></span> <span class='ocrx_word' id='word_1_600' title='bbox 758 4516 890 4581; x_wconf 85' lang='grc' dir='ltr'><strong><em>σθωσαν,</em></strong></span> <span class='ocrx_word' id='word_1_601' title='bbox 903 4512 953 4571; x_wconf 80' lang='grc' dir='ltr'><strong><em>καὶ</em></strong></span> <span class='ocrx_word' id='word_1_602' title='bbox 965 4503 1243 4587; x_wconf 85' lang='grc' dir='ltr'><strong><em>ἀποστρεφέτωσαν.</em></strong></span> <span class='ocrx_word' id='word_1_603' title='bbox 1270 4501 1299 4540; x_wconf 83' lang='lat'><strong><em>²³</em></strong></span> <span class='ocrx_word' id='word_1_604' title='bbox 1312 4497 1361 4562; x_wconf 78' lang='grc' dir='ltr'><strong><em>καί</em></strong></span> 
     </span>
    </p>
   </div>
   <div class='ocr_carea' id='block_1_3' title="bbox 902 4577 1361 4649">
    <p class='ocr_par' dir='ltr' id='par_1_3' title="bbox 902 4577 1361 4649">
     <span class='ocr_line' id='line_1_53' title="bbox 902 4577 1361 4649; baseline 0 -9"><span class='ocrx_word' id='word_1_605' title='bbox 902 4587 937 4649; x_wconf 91' lang='lat' dir='ltr'><strong>U</strong></span> <span class='ocrx_word' id='word_1_606' title='bbox 1301 4577 1361 4642; x_wconf 81' lang='grc' dir='ltr'><strong><em>είπε</em></strong></span> 
     </span>
    </p>
   </div>
   <div class='ocr_carea' id='block_1_4' title="bbox 0 0 1466 4972">
    <p class='ocr_par' dir='ltr' id='par_1_4' title="bbox 0 0 1466 4972">
     <span class='ocr_line' id='line_1_54' title="bbox 0 0 1466 4972; baseline 0 1"><span class='ocrx_word' id='word_1_607' title='bbox 0 0 1466 4972; x_wconf 95' lang='lat' dir='ltr'><strong><em> </em></strong></span> 
     </span>
    </p>
   </div>
  </div>
 </body>
</html>
