2924 4972
311 227 604 295 ΒΑΣΙΛΕῙΩΝ
628 229 789 291 mm
825 228 957 315 Χεφβ.
969 230 1008 305 γ’.
1020 228 1094 295 λδ
1261 226 1326 296 341

81 332 152 416 sci&
172 350 329 433 προςθείη,
355 341 403 409 ὅτι
424 339 503 408 κατά
521 347 575 444 τῆς
592 346 687 427 ψυχῆς
721 343 837 431 δωρεάν
853 346 958 430 ίξίχειν
975 343 1026 410 ἀπ’
1044 349 1118 428 ἐμοῦ
1132 347 1183 411 καί
1195 342 1259 410 άπὸ
1273 348 1331 412 τοῦ

82 432 176 499 αὐτοῦ
201 425 341 512 ίλάλησεν
359 425 503 501 Ἀδωνίας
524 449 579 489 τον
597 421 688 502 λόγον
721 429 807 494 οἴκου
818 432 878 493 τοῦ
886 424 1003 515 πατρός
1011 453 1079 512 μου.
1092 429 1178 492 32καί
1190 430 1329 515 ἐπίστρε-

81 522 198 582 τοῡτον.
223 513 255 556 ²⁴
268 514 320 576 καί
332 515 384 575 νῦν
397 513 433 602 ζῆ
445 505 546 593 κύριος
559 505 592 582 ὃς
606 505 688 609 ῆτοί-
720 530 761 592 ιγε
778 509 879 598 κύριος
896 509 935 578 τό
946 512 1021 595 αίμα
1038 517 1091 615 τῆς
1103 507 1217 587 άδικίας
1231 510 1328 577 αὐτοῦ

82 602 160 684 μασέ
168 614 201 679 με
218 597 270 660 καί
287 590 376 660 ἔθετό
390 619 424 676 με
441 595 491 658 ἐπί
507 591 560 656 τὸν
575 600 690 676 θρονον
721 599 760 668 είς
771 593 901 679 κεφαλῆν
912 594 1022 673 αδτοῦ,
1048 623 1090 670 ως
1102 591 1253 679 άπῆντησε
1264 606 1329 669 τοῖς

83 682 180 747 Δαυίδ
202 684 260 744 τοῦ
285 673 402 763 πατρός
425 702 500 758 μου,
525 676 577 738 καί
597 672 690 750 αὐτὸς
722 678 804 741 δυσίν
834 676 1007 764 ἀνθρώποις
1035 691 1099 755 τοῖς
1130 679 1254 753 δικαίως
1279 681 1329 742 καί

83 766 204 848 ίποίῆσέ
213 788 264 844 μοι
278 759 362 825 οίκον
380 759 486 834 καθὼς
499 755 623 843 ἐλάλησε
637 752 690 821 κύ·
722 756 853 835 άγαθοίς
871 757 945 847 ύπὲρ
964 760 1070 839 αὐτὸν,
1091 764 1143 827 καί
1163 761 1329 829 άπίκτεινεν

81 874 155 929 ριος,
174 843 222 912 ὅτι
235 841 362 928 σῆμερον
374 840 626 946 θανατωθῆσεται
638 838 689 904 ‘A-
723 839 836 916 αίιτούς
851 845 883 906 ίν
894 848 1036 929 ῥομφαίᾳ.
1062 849 1113 910 καί
1124 843 1143 910 ὁ
1155 844 1258 930 πατῆρ
1270 870 1328 929 μου

86 933 200 1004 διονίας.
213 930 300 993 25καί
311 926 511 1004 ἴξαπίστειλεν
523 950 541 989 ο
553 923 690 1012 βασιλεὺς
722 925 821 991 Δαυίδ
835 923 890 989 οὐκ
907 929 982 1004 ἔγνω
999 926 1036 992 τό
1054 927 1127 1009 αίμα
1140 927 1249 995 αὐτῶν.
1275 926 1329 995 τόν

81 1010 239 1094 Σαλαμών
257 1014 290 1075 ἕν
306 1013 378 1096 χειρὶ
388 1015 529 1076 Βαναίου
542 1012 608 1073 υἱοῦ
621 1005 691 1071 Ἰιυ-
716 1007 850 1093 Ἀβεννῆρ
862 1005 927 1074 υίόν
937 1008 1009 1093 Νῆρ
1021 1007 1258 1113 άρῆιοτράτηγον
1266 1009 1329 1077 Ἰσ-

82 1095 152 1170 δαὲ,
171 1096 222 1159 καί
233 1092 343 1160 άνεῖλεν
354 1092 456 1168 αὐτὸν,
476 1094 528 1156 καί
541 1090 692 1156 ἀπέθανεν
722 1087 809 1177 ραῆλ,
822 1093 874 1154 καί
885 1087 941 1157 τόν
950 1089 1076 1195 Ἀμεοσα
1089 1088 1154 1155 υίόν
1162 1090 1258 1179 Ἰεθὲρ
1271 1092 1329 1180 άρ-

80 1181 220 1252 Ἀδωνίας
233 1181 263 1241 ἐν
275 1181 312 1259 τῆ
326 1175 420 1260 ῆμέρη
433 1179 532 1256 ἐκείνη.
550 1175 636 1236 2ίὶκαί
648 1175 693 1255 τῷ
722 1173 917 1258 χιστράτηγον
926 1173 1038 1239 Ἰουδα.
1056 1175 1086 1215 ³³
1096 1175 1148 1236 καί
1159 1176 1246 1241 ίπεστ
1276 1172 1284 1195 '

80 1258 230 1347 Ἀβιάθαρ
255 1247 300 1340 τιό
327 1263 397 1343 ἱερεῖ
420 1248 535 1322 dms&
551 1253 693 1341 βασιλεύς.
723 1255 761 1321 τά
780 1262 894 1340 α’ίματα
911 1254 1014 1322 αὐτῶν
1031 1260 1070 1331 είς
1082 1255 1212 1341 κεφαλῆν
1224 1263 1331 1335 αυτοῦ,

86 1341 232 1425 ἀπότρεχε
257 1341 293 1405 οδ
317 1346 356 1417 είς
372 1337 522 1405 Ἀναθάθ
538 1344 577 1412 είς
602 1335 695 1423 άγρόν
723 1342 775 1404 καὶ
791 1345 832 1415 είς
842 1340 971 1423 κεφαλῆν
983 1344 1039 1406 τοῦ
1051 1341 1222 1423 σπέρματος
1233 1338 1332 1407 αὐτοῦ

87 1452 158 1499 σου,
185 1425 232 1486 ὅτι
258 1422 333 1508 άνῆρ
357 1418 497 1490 θανάτου
514 1418 591 1486 εἰσίν
609 1423 641 1484 ἓν
656 1423 693 1512 τῆ
724 1427 762 1498 είς
781 1423 833 1488 τὸν
849 1428 954 1489 αίῶνα.
977 1425 1030 1489 καί
1045 1426 1091 1506 τῷ
1104 1424 1203 1489 Δαυίδ
1218 1426 1271 1490 καί
1286 1427 1332 1508 τῷ

87 1510 128 1593 ῆμ
139 1513 185 1594 ’ρα
202 1503 312 1613 ταύτφ,
337 1508 389 1572 καί
407 1504 443 1571 οὗ
460 1500 633 1570 θανατιόσω
652 1527 693 1579 σε,
723 1509 866 1590 σπέρματι
891 1505 987 1573 αὐτοῦ
1008 1508 1059 1573 καί
1075 1509 1122 1591 τῷ
1141 1507 1216 1592 οἴκῳ
1235 1505 1332 1573 αὐτοῦ

87 1594 137 1660 ὅτι
162 1568 237 1686 ῆρας
255 1617 315 1690 ’την
335 1588 463 1678 κιβωτὸν
479 1593 531 1691 τῆς
548 1585 694 1694 διαθήκης
721 1591 772 1654 καί
795 1596 841 1675 τῷ
863 1587 966 1678 θρόνῳ
982 1588 1081 1657 αύτοά
1095 1590 1212 1670 γίνοιτο
1230 1587 1330 1677 είρῆνη

86 1682 192 1762 κυρίου
206 1679 332 1740 ίναπιον
343 1678 400 1738 τοῦ
413 1697 529 1757 πατρος
539 1696 613 1754 μου,
638 1697 690 1735 και
721 1678 777 1749 ἕως
788 1679 899 1751 αίοδνος
910 1675 997 1758 παρά
1010 1682 1123 1761 κυρίου.
1140 1675 1228 1740 34καί
1240 1675 1329 1762 άτέβη

86 1760 133 1826 ὅτι
151 1756 350 1862 ε’κακουχῆθης
363 1759 394 1820 ἐν
405 1760 496 1820 πᾶσιν
508 1756 553 1829 οίς
566 1758 691 1819 ίκακου-
721 1762 861 1835 Βαναίας
872 1758 937 1836 υἱός
949 1757 1070 1836 Ἰανδαὲ,
1096 1759 1147 1823 καί
1164 1755 1330 1864 ῆνρῆντηοεν

112 1840 120 1864 Ι

82 1853 165 1991 ῆῆθη
178 1839 196 1906 ό
209 1866 385 1943 πατῆρμου.
398 1837 614 1943 27καίηίξίβολε
624 1843 691 1903 Σα·
722 1838 821 1925 αὐτῷ,
845 1845 897 1909 καί
923 1839 1112 1908 ἐθανάτωσεν
1136 1868 1244 1921 αυτον,
1278 1844 1329 1908 καί

126 1926 191 2011 μών
207 1948 259 1989 τον
271 1921 420 2012 Ἀβιάθαρ
438 1948 494 1988 σου
510 1950 551 2007 μη
564 1921 635 1986 εἶναι
649 1924 688 1985 &-
721 1929 839 2010 ἔθαψεν
851 1924 944 1992 αίιτόν
955 1930 986 1991 ἐν
996 1932 1040 2011 τῷ
1052 1928 1127 2011 οἴκῳ
1140 1925 1236 1993 αὐτοῦ
1250 1929 1329 2020 ίντῆ

85 2013 139 2097 ρέα
149 2013 205 2076 τοῦ
217 2015 331 2091 κυρίου,
349 2008 547 2092 πληρωθῆναι
561 2005 598 2070 τὸ
612 2008 691 2090 ῥῆμα
721 2005 830 2093 ἕρῆμῳ.
856 2011 886 2053 ³⁵
898 2013 950 2076 καί
968 2008 1106 2075 ἐδιακενὸ
1123 2009 1260 2096 βασιλεὺς
1275 2009 1329 2075 τόν

84 2100 185 2179 κυρίου
201 2088 221 2157 ὃ
236 2092 374 2176 ἐλάλησεν
390 2093 441 2155 ἐπὶ
456 2091 512 2155 τὸν
523 2089 608 2155 οἶκον
619 2087 693 2151 ‘ffll
721 2096 860 2157 Βαναίου
878 2093 942 2157 υἱὸν
957 2090 1061 2159 Ἰωδαὲ
1078 2090 1140 2158 άνί
1162 2091 1259 2160 αὐτοῦ
1279 2096 1329 2158 cuz

85 2182 116 2241 ἒν
130 2171 254 2259 Σηλούμ.
280 2177 311 2219 ²⁸
322 2176 375 2240 καί
392 2171 410 2258 ῆ
430 2170 508 2255 άκοῆ
526 2163 620 2256 ῆλθεν
637 2177 693 2244 ἕως
722 2173 775 2255 τῆν
784 2181 972 2259 στρατηγίαν.
983 2173 1205 2259 καίῆβιισιλεία
1214 2201 1329 2257 κατωρ·

83 2257 175 2347 Ἰονάβ
196 2263 263 2323 υίοῦ
281 2259 452 2344 Σαρουίας,
477 2253 524 2320 ότι
545 2253 640 2339 Ἰονάβ
656 2242 692 2335 ἦν
722 2260 821 2320 θοῦτο
834 2253 1075 2341 ίνἸερουσαλῆμ.
1089 2260 1140 2321 καί
1152 2256 1262 2323 Σαδώκ
1275 2258 1327 2323 τόν

84 2342 230 2427 κεκληκὼς
242 2339 343 2405 ὀπίσω
350 2339 508 2413 Ἀδωνίου,
532 2339 584 2401 καί
596 2335 694 2401 ὀπίσω
723 2340 804 2442 ίερὲα
820 2340 928 2403 ἔδωκεν
944 2335 1037 2404 αὐτόν
1056 2337 1220 2424 ὃβασιλείις
1237 2346 1277 2416 είς
1288 2345 1329 2406 ίε-

85 2424 244 2506 Σαλιομών
254 2421 309 2485 υύκ
321 2423 419 2487 ἔκλινε.
433 2424 483 2485 καί
494 2414 695 2501 ἐφυγινἸιοάβ
741 2445 778 2483 εα
797 2425 920 2504 πρῶτον
936 2418 1003 2483 ἀντί
1016 2419 1175 2505 Ἀβιάθαρ.
1202 2426 1253 2486 καί
1263 2429 1329 2486 Σα-

87 2514 126 2580 είς
144 2503 181 2569 τὸ
195 2501 335 2587 σκῆνοομα
347 2510 401 2567 τοῦ
414 2509 533 2586 κυρίου,
558 2502 694 2564 καίκατ-
723 2445 831 2582 λαιμῶν
856 2502 919 2575 υίὸς
946 2502 1043 2566 Λαυίδ
1071 2504 1256 2586 ἐβασίλευσεν
1281 2506 1330 2567 ἐπί

87 2594 153 2674 έσχε
169 2592 231 2651 τῶν
248 2581 378 2669 κεράτων
392 2590 446 2648 τοῦ
464 2587 694 2688 θυσιαστηρίου.
721 2582 904 2669 Ἰσραῆλκαὶ
914 2580 1015 2649 Ἰούδα
1029 2581 1267 2668 ε’νἸερουσαλῆμ.
1280 2589 1331 2649 καί

87 2676 117 2716 ²⁹
132 2673 184 2737 καί
197 2668 351 2751 ἀπηγγελη
366 2673 410 2751 τῷ
425 2664 695 2748 Σαλοηαώνλεγον·
724 2668 814 2732 ἑδωκι
831 2665 931 2755 κύριος
973 2663 1148 2752 ρόνησιντῷ
1161 2667 1330 2752 Σαλωμυλν,

85 2781 143 2831 τες,
157 2749 205 2818 ότι
219 2756 360 2834 πέφευγεν
368 2747 460 2838 Ἰιοάβ
472 2755 512 2826 είς
523 2749 577 2836 τῆν
589 2745 695 2833 σκηνῆν
723 2753 774 2815 καί
786 2760 898 2834 σοφίαν
910 2779 952 2819 πο
990 2751 1025 2836 ῆν
1037 2751 1166 2836 σφόδρα,
1185 2752 1236 2817 καί
1249 2747 1330 2816 πλά-

85 2844 143 2904 tofi
157 2843 278 2922 κυρίου,
304 2837 354 2900 καί
368 2834 434 2900 ἰδού
447 2836 559 2919 κατέχει
572 2839 633 2899 τῶν
647 2858 694 2898 κε-
722 2861 773 2910 τος
784 2839 923 2923 καρδίας,
949 2832 991 2913 ιός
1008 2833 1133 2922 ῆόῆιιμος
1146 2834 1164 2922 ῆ
1177 2835 1263 2923 παρά
1277 2833 1330 2921 τῆν

12 2990 18 2997 ,
103 2923 185 2988 σίτων
193 2925 249 2985 τοῦ
257 2925 484 3004 θυσιαστηρίου.
495 2921 546 2984 καί
556 2916 692 2984 άπέοτει-
721 2915 888 2987 θάλασσαν.

85 2949 289 3086 λιΣαλωμιόν
306 3002 324 3068 ὁ
344 3002 480 3109 βασιλεὺς
497 3002 575 3108 πρὸς
590 3000 692 3089 Ἰωάβ,
775 3055 792 3072 ,
916 3012 949 3070 Κ
961 3012 991 3069 Β
1002 3011 1040 3070 (ί).
1084 3000 1135 3069 Γ’.

85 3091 187 3168 λέγων.
205 3093 237 3151 τί
246 3089 349 3165 γέγονε
362 3114 419 3164 σοι,
433 3084 479 3151 ὅτι
492 3112 642 3165 πεφευγας
654 3092 693 3163 είς
721 3055 816 3155 1[λαὶ
832 3086 1011 3176 ἐπληθύνθη
1032 3089 1050 3174 ῆ
1064 3083 1206 3176 φρόνησις
1218 3087 1328 3153 Σαλω-

84 3174 120 3238 τό
135 3168 368 3256 θυσιαπτῆριονς
381 3172 433 3236 καὶ
445 3170 523 3235 εἶπεν
532 3166 631 3258 Ἰωάβ.
645 3167 691 3235 ότι
718 3170 783 3258 μιύν
799 3174 916 3256 σφόδρα
934 3171 1009 3258 ὑπὲρ
1028 3173 1081 3259 τῆν
1094 3173 1236 3258 φρόνησιν
1248 3169 1327 3237 πάν-

86 3253 236 3342 ίφοβῆθην
263 3254 326 3320 άπὸ
351 3250 515 3340 προςυύπου
539 3280 610 3330 σου,
641 3258 692 3320 καί
720 3282 781 3322 των
794 3263 867 3323 υίιόν
884 3258 1028 3341 ἀρχαίων,
1054 3262 1105 3323 καί
1123 3255 1178 3321 ύπὲ
1211 3252 1328 3330 πάντας

86 3344 197 3420 ἔφυγον
220 3337 297 3422 πρὸς
321 3333 430 3423 κύριον.
465 3339 517 3402 καὶ
541 3335 692 3402 άπίστειλε
721 3347 881 3423 φρονίμους
898 3337 1067 3416 Αἰγύπτου.
1099 3342 1149 3402 καί
1165 3283 1255 3422 ἔλαβε
1273 3336 1328 3415 τῆν

86 3421 243 3502 Σαλιομιδν
260 3421 314 3485 τὸν
330 3427 471 3485 Βαναίου
490 3419 554 3485 υἱὸν
574 3417 692 3496 Ἰιοδαὲ,
721 3424 879 3506 θυγατέρα
893 3417 1024 3505 Φαραώ,
1049 3424 1101 3485 καί
1113 3419 1258 3502 εἲςῆγαγεν
1272 3418 1328 3482 αύ-

87 3506 192 3581 um.
216 3498 344 3588 πορεύου
357 3503 502 3568 καὶάνελε
515 3501 617 3578 αὐτὸν,
642 3505 694 3568 καί
721 3504 776 3608 τῆν
800 3509 839 3580 είς
863 3499 951 3567 πόλιν
968 3504 1065 3567 Δαυίδ
1089 3506 1145 3576 ἕως
1164 3501 1328 3566 συντελέσαι

86 3582 195 3668 θάψον
211 3581 313 3650 αὐτόν.
350 3588 381 3631 ³⁰
393 3589 444 3651 καί
462 3579 537 3671 ῆλθε
553 3592 694 3662 Βαναίας
721 3587 816 3653 αυτόν
840 3586 1032 3669 οἰκοδομῆσαι
1049 3582 1103 3649 τόν
1119 3582 1203 3649 ολκον
1219 3581 1327 3660 αὐτοῦ,

87 3670 150 3746 υίὸς
165 3667 270 3735 ’Ῑιοδαὲ
280 3666 355 3754 πρός
366 3667 457 3756 Ἰυνάβ
468 3676 507 3745 εἰς
520 3669 574 3753 τῆν
588 3667 694 3753 σκηνῆν
722 3672 838 3737 καὶτὸν
850 3669 935 3735 ολκον
947 3674 1053 3752 κυρίου
1066 3672 1098 3734 ἐν
1109 3664 1250 3753 πρώτοις,
1276 3670 1328 3733 καί

85 3759 142 3819 τοῦ
154 3780 190 3817 κυ
212 3754 329 3828 ίου,καί
340 3752 418 3818 εἶπεν
431 3752 525 3837 αὐτῷ.
539 3753 608 3818 τάδε
619 3754 692 3830 λέγει
722 3754 757 3819 τὸ
783 3766 877 3839 τεῖχος
896 3750 1090 3839 Ἶερουσαλῆμ
1115 3749 1269 3817 κυκλόθεν.
1297 3754 1327 3819 ίν

87 3834 104 3901 ὁ
123 3780 266 3924 βασιλεύς.
294 3837 405 3913 ἔξελθε.
430 3838 482 3900 καὶ
498 3836 576 3901 εἶπεν
592 3832 691 3924 Ἰωάβ.
722 3837 799 3902 ἑπτά
825 3843 917 3902 ἔτεσιν
942 3840 1060 3917 ἐποίησε
1083 3841 1134 3902 καί
1155 3836 1326 3902 συνετέλεσε.

87 3919 141 3985 οὐκ
153 3915 368 4005 ἐκπορεύομαι,
381 3917 427 3986 ὅτι
442 3912 499 3983 ὧδε
512 3919 690 3986 ἀποθανοῦ-
722 3925 773 3986 καί
790 3911 825 4006 ῆν
841 3925 885 4002 τῴ
897 3916 1054 3998 Σαλωμῶν
1072 3916 1271 4026 ἑβδομῆκοντα
1283 3946 1327 4005 χι-

84 4030 145 4085 μαι.
159 4006 211 4069 καὶ
223 4006 385 4088 ἐπέστρεψε
398 4010 539 4077 Βαναίας
552 4003 617 4078 υἱός
626 4002 692 4069 ’Ῑιο-
721 4001 818 4080 λιάδες
831 4005 960 4088 αἴροντες
973 4002 1072 4087 άρσιν,
1097 4005 1148 4069 καί
1163 3999 1328 4088 ογδοῆκον-

85 4087 137 4153 δαί
149 4090 201 4152 καί
213 4087 274 4153 εἷπε
285 4094 330 4170 τῷ
341 4088 470 4170 βασιλεῖ,
493 4086 595 4163 λέγων.
621 4084 691 4153 τάδε
721 4114 760 4154 τα
773 4085 897 4175 χιλιάδες
913 4083 1053 4170 λατόμων
1070 4091 1102 4153 ἰν
1118 4090 1163 4172 τῷ
1181 4088 1248 4174 ὄρει.
1276 4090 1328 4153 καί

85 4168 239 4254 λελάληκεν
251 4169 357 4256 Ἰωάβ,
383 4173 434 4234 καὶ
448 4169 518 4234 τάδε
530 4168 689 4255 άποκίκρι-
721 4176 840 4255 ἐποίησε
852 4171 1008 4253 Σαλωμιόν
1021 4169 1074 4256 τῆν
1086 4169 1259 4245 θάλασσαν,
1276 4174 1328 4234 καί

84 4261 137 4318 ταί
146 4280 206 4336 μοι,
229 4257 255 4297 ³¹
268 4256 320 4318 καί
332 4253 410 4319 εἶπεν
422 4253 506 4336 αὐτῷ
518 4248 535 4317 δ
547 4251 690 4339 βασιλεύς.
720 4255 760 4320 τά
775 4254 872 4320 ὖποστ
892 4261 1028 4338 ρίγματα,
1039 4257 1091 4321 καί
1100 4255 1171 4330 τούς
1180 4256 1328 4336 λουτῆρας

83 4334 230 4424 πορεύου,
257 4340 309 4402 καί
325 4343 453 4419 ποίησον
476 4334 560 4420 αύτῷ
586 4335 692 4411 καθώς
720 4335 792 4413 τούς
803 4283 956 4422 μεγάλους,
973 4341 1026 4403 καί
1038 4339 1107 4413 τούς
1121 4334 1258 4409 στύλους,
1278 4338 1329 4398 καί

83 4422 186 4507 είρῆκε,
197 4422 248 4485 καί
260 4420 340 4484 άνελε
350 4419 443 4485 αὐτὸν
452 4420 504 4485 καί
512 4417 625 4504 θάφεις
635 4416 692 4483 αὖ·
721 4419 775 4505 τῆν
786 4421 892 4506 κρῆνην
903 4426 957 4503 τῆς
966 4421 1069 4503 αὐλῆς,
1082 4420 1135 4481 καί
1145 4416 1200 4497 τῆν
1206 4414 1328 4480 θάλασ-

84 4504 135 4568 τὸν
162 4506 213 4568 καί
240 4504 351 4589 ίξαρεῖς
376 4499 500 4589 σῆμερον
522 4502 559 4567 τὸ
582 4498 692 4584 οιίμαὸ
724 4529 780 4571 σαν
792 4503 845 4588 τῆν
860 4505 978 4587 χαλκῆν.
1004 4495 1255 4594 καίῴκοδόμησερ
1275 4496 1330 4576 τῆν

1239 4598 1336 4652 ακραν
