2924 4972
166 225 233 292 360
367 220 656 283 ΒΑΣΙΛΕΙΩΝ
682 223 840 284 TPITH
878 224 955 299 Κεφ.
969 213 1078 296 ιγ’.ιῦ’.
1094 220 1143 284 13.
1159 216 1211 286 14.
1319 315 1410 332 ...-

166 323 230 410 τοῖς
247 339 321 408 υἱοῖς
338 332 443 399 αὐτοῦ.
469 331 630 410 ἐπισάξατέ
650 359 700 416 μοι
718 333 771 397 τὸν
805 325 842 398 οῦ
861 329 878 396 5
895 330 1051 419 προφήτης
1069 329 1087 397 ῦ
1106 335 1271 419 πρεσβύτης
1285 341 1417 418 κατῴκει

167 417 245 483 ὄνον.
274 420 325 482 καί
349 419 497 494 ἐπέσαξαν
516 415 601 500 αὐτῷ
617 414 669 481 τὸν
693 414 771 490 ὅνον,
804 418 835 478 έν
847 413 933 511 αῦτή.
959 417 990 458 ²⁶
1002 417 1053 479 καί
1065 413 1185 499 ήκουσιν
1198 413 1215 480 5
1229 421 1415 502 ἐπιστρέψας

166 502 217 566 καί
231 503 320 586 ἐπέβη
332 498 376 563 ἐπ’
393 497 494 564 αὐτόν.
519 499 550 541 ¹⁴
563 501 614 563 καὶ
623 495 772 586 ἐπορεύθη
804 495 898 563 αὐτὸν
910 502 942 562 ἐκ
953 502 1006 581 τῆς
1016 497 1099 573 ὁδοῦ,
1109 501 1160 562 καί
1169 497 1246 562 εἶπεν
1258 496 1276 564 5
1287 499 1414 586 άνθρω-

166 584 350 648 κατόπισθεν
368 587 424 646 τοῦ
436 577 604 667 ἀνθρώπου
616 586 672 646 τοῦ
684 586 771 656 θεοῦ,
804 606 861 655 πος
872 585 930 644 τοῦ
944 585 1017 646 θεοῦ
1036 574 1125 656 οῦτός
1141 584 1219 646 ἐστιν
1236 578 1270 657 ὃς
1281 592 1414 668 παρεπί-

166 670 218 732 καί
230 655 311 750 εῦρεν
323 662 416 729 αῦτὸν
435 661 603 752 καθήμενον
617 660 676 728 ῦπῦ
690 666 771 751 δρῦν,
805 686 890 747 κρανε
902 661 939 728 τὸ
952 667 1032 748 ῥήμα
1043 670 1156 748 κυρίου,
1183 665 1213 707 ²⁸
1224 668 1275 730 καί
1288 664 1413 752 ἐπορεῦ·

166 751 217 814 καὶ
230 748 307 812 εἶπεν
319 745 411 829 αῦτῷ.
437 752 462 811 εί
479 750 516 814 οῦ
529 747 558 811 εἱ
575 743 593 810 5
607 746 771 831 ἅνθρωπος
805 756 848 828 θη
858 748 909 811 καὶ
922 737 986 848 εῦρε
1002 744 1039 811 τὸ
1054 750 1141 830 σῶμα
1159 743 1257 812 αῦτοῦ
1277 751 1413 854 ἐρριμμέ-

165 836 222 897 τοῦ
234 836 307 895 θεοῦ
326 829 344 895 5
359 828 511 914 ἐληλυθώς
528 832 559 907 ἐξ
572 827 676 894 Ἰούδα
682 859 695 910 ,·
720 831 772 894 καί
804 850 855 893 νον
866 833 898 893 ἐν
909 833 947 920 τῇ
960 829 1033 911 οδῷ,
1059 832 1110 893 καί
1128 826 1147 893 5
1159 827 1228 905 ὄνος
1239 833 1290 895 καί
1303 857 1322 896 ο
1334 834 1411 898 λέων

165 913 243 979 εἱπιν
261 911 354 996 αὐτῷ.
381 910 448 992 ἐγώ.
482 916 509 958 ¹⁶
523 916 574 978 καί
584 911 664 978 εἶπεν
677 910 769 995 αὐτῷ.
802 908 983 994 είστήκιισαν
999 909 1085 997 παρὰ
1104 909 1141 976 τὸ
1160 916 1262 996 στῦμα,
1285 916 1338 979 καὶ
1353 915 1411 982 οῦκ

165 999 251 1082 δεῦρο
263 995 322 1081 μετ’
335 1000 417 1078 ἐμοῦ,
427 998 478 1060 καί
486 992 562 1079 φάγε
575 995 674 1082 ι’ίρτον.
687 998 770 1061 16καί
804 990 939 1074 ἐίραγενῦ
958 992 1035 1058 λέων
1054 991 1091 1060 τὸ
1110 999 1197 1077 σῶμα
1212 1000 1269 1060 τοῦ
1284 995 1409 1085 ἀνθρά-

165 1079 250 1145 είπεν.
277 1077 314 1143 οῦ
326 1078 367 1183 μή
380 1076 510 1161 δύνωμαι
522 1082 578 1144 τοῦ
590 1081 769 1164 ἐπιστρέψαι
802 1101 862 1140 που
875 1082 932 1142 τοῦ
948 1081 1038 1151 θεοῦ,
1064 1079 1115 1142 καί
1131 1076 1168 1142 οῦ
1188 1081 1343 1163 συνέτριψε
1354 1081 1408 1147 τὸν

162 1161 237 1247 μετά
250 1167 315 1238 σοῦ,
333 1160 402 1226 ουδὲ
413 1161 453 1246 μή
467 1159 598 1245 φάγομαι
611 1161 703 1248 άρτον
716 1159 770 1225 οῦ-
803 1158 879 1223 ὄνον.
905 1161 936 1201 ²⁹
948 1161 1000 1223 καί
1009 1149 1079 1252 ᾔρει
1095 1158 1113 1224 5
1126 1157 1281 1246 προφήτης
1291 1162 1330 1228 τὸ
1344 1168 1408 1229 σιῦ-

163 1245 196 1311 δὲ
212 1251 320 1329 πίομαι
338 1241 419 1332 ῦδωρ
442 1248 473 1309 ἐν
489 1251 534 1330 τῷ
552 1241 637 1327 τόπῳ
657 1238 767 1328 τούτῳ.
801 1267 844 1323 μα
861 1245 917 1307 τοῦ
929 1240 990 1306 ἄνθ
1008 1240 1094 1308 ώπου
1106 1248 1164 1307 τοῦ
1175 1248 1260 1321 θεοῦ,
1273 1248 1324 1310 καί
1336 1250 1407 1312 ἐπέ·

161 1331 190 1372 ¹⁷
204 1324 250 1392 ὅτι
266 1325 363 1403 οὕτως
380 1328 556 1393 ἐντέταλταί
570 1353 621 1412 μοι
639 1331 669 1391 ἐν
686 1323 768 1409 λόγῳ
802 1335 892 1408 θηκεν
904 1321 979 1389 αὐτὸ
989 1268 1043 1390 ἐπί
1051 1324 1104 1390 τὸν
1117 1327 1196 1404 ίίνον,
1206 1329 1258 1392 καί
1267 1332 1408 1415 ἐπέστρε-

162 1410 279 1519 κῦριος,
305 1411 408 1487 λέγων.
445 1410 486 1494 μή
500 1407 596 1503 ψάγης
606 1409 698 1494 ἄρτου
712 1412 771 1472 ἐκεί
802 1426 858 1492 ψεν
869 1405 963 1472 αὐτὸν
978 1411 1018 1483 είς
1029 1409 1084 1494 τήν
1099 1407 1187 1475 πάλιν
1211 1412 1242 1453 ³⁰
1255 1408 1273 1475 5
1285 1410 1406 1499 προφή-

161 1519 214 1557 και
229 1489 269 1575 μή
283 1498 353 1582 πίης
372 1489 452 1576 ῦδωρ
464 1496 515 1556 καί
531 1497 570 1576 μή
590 1495 768 1584 ἐπιστρέψης
802 1515 864 1574 της,
876 1494 932 1554 τοῦ
944 1486 992 1557 θά
1020 1517 1050 1555 αι
1067 1491 1161 1558 αὐτὸν
1172 1496 1203 1556 ἐν
1215 1498 1260 1576 τῷ
1272 1492 1361 1579 τάφῳ
1374 1498 1406 1560 ἐ-

162 1575 261 1640 ἐκείέν
273 1578 312 1637 τ’
324 1571 387 1657 ὁδῷ
406 1565 426 1668 ᾗ
444 1570 611 1661 ἐποριῦθης
629 1577 659 1638 ἐν
678 1573 766 1679 αὐτή.
802 1578 907 1650 αυτοῦ,
933 1576 984 1639 καί
1036 1571 1147 1658 ’ψαντο
1161 1573 1262 1653 αὐτὸν,
1285 1576 1405 1642 οῦαίά·

161 1658 191 1701 ¹⁸
203 1659 328 1722 καὶεπε
339 1655 414 1763 πρὸς
428 1654 528 1721 αὐτόν.
551 1654 671 1740 κᾷγαὶπ
732 1684 767 1762 η·
801 1655 898 1737 δελφέ.
937 1657 1405 1745 31καὶέγένετομετέιτῦκιίψοι-

161 1766 215 1825 της
226 1742 282 1822 εἶμί
293 1750 399 1815 καθως
411 1737 456 1816 οῦ,
480 1741 532 1805 καί
545 1682 767 1818 άγγελοςρλέελσ-
801 1749 873 1804 σθαι
886 1738 990 1816 αῦτῦν,
1000 1742 1052 1804 καί
1064 1740 1126 1806 εἶπε
1134 1753 1197 1816 τοῖς
1210 1747 1287 1817 υἱοῖς
1299 1741 1403 1819 αῦτοῦ,

161 1822 230 1906 ληκε
242 1820 319 1907 πρὸς
330 1820 366 1904 μέ
379 1825 410 1886 ἐν
421 1818 527 1927 ρήματι
540 1828 651 1909 κυρίου,
663 1824 765 1901 λέγων.
799 1821 902 1900 λέγων.
928 1820 981 1886 ἐάν
997 1821 1164 1899 ἀποθάνω,
1176 1820 1304 1907 θάψατέ
1317 1850 1352 1906 με
1370 1829 1403 1890 ἐν

162 1909 346 1989 ἐπίστριψον
366 1904 460 1970 αῦτον
477 1905 554 1992 πρὸς
580 1904 703 1972 σεαυτὸν
727 1912 766 1982 είς
799 1910 845 1988 τῷ
858 1901 948 1989 τάφῳ
966 1902 1066 1990 τοῦτῳ
1085 1900 1122 1972 οῦ
1140 1904 1401 1991 ὁάνθρωποςτοῦ

160 1985 214 2053 τὸν
227 1985 310 2053 οἶκόν
323 2013 391 2065 σου,
413 1989 464 2053 καί
477 1993 597 2071 φαγέτω
609 1988 704 2075 άρτον
715 1992 766 2055 καί
799 1993 875 2052 θεοῦ
886 1992 1038 2054 τέθαπται
1051 1995 1082 2054 ἐν
1094 1987 1189 2073 αῦτῷ,
1212 1987 1298 2075 παρά
1311 1988 1352 2055 τά
1367 1989 1402 2056 5⁴

161 2075 256 2135 πιέτω
282 2066 378 2157 ῦδωρ,
416 2073 468 2136 καί
490 2068 639 2155 ἐψεῦσατο
669 2070 762 2160 αὐτῷ.
800 2075 858 2136 στᾶ
877 2069 973 2136 αὐτοῦ
990 2070 1062 2139 θέτε
1080 2100 1130 2157 με,
1157 2079 1207 2138 ’ίνα
1225 2079 1350 2139 σωθῶσι
1362 2073 1403 2139 τά

160 2156 190 2196 ¹⁹
202 2158 253 2219 καί
273 2157 451 2239 ἐπέστρεψεν
473 2152 566 2221 αῦτὸν
588 2157 640 2220 καὶ
657 2157 765 2237 ἐφαγεν
800 2151 876 2219 ὂοτῦ
884 2180 942 2238 μου
951 2153 1024 2238 μετά
1033 2163 1093 2222 τιῦν
1103 2155 1199 2223 ὀστῶν
1208 2155 1309 2222 αῦτοῦ.
1320 2153 1402 2222 32ὅτι

161 2233 257 2323 άρτον
269 2241 319 2303 καί
331 2240 410 2302 έίτιευ
426 2235 506 2326 ῦδωρ
521 2241 605 2321 ἐντῷ
619 2239 693 2322 οἴκῳ
707 2237 764 2304 αῦ-
797 2234 944 2319 γινῦμενον
966 2242 1048 2305 ἐίτται
1069 2238 1105 2305 τὸ
1125 2244 1204 2345 ῥήμα
1221 2238 1241 2304 ὃ
1261 2236 1402 2322 ἐλάλησεν

160 2325 227 2384 τοῦ.
254 2318 337 2385 20καί
349 2325 461 2399 ἐγένετο
474 2321 577 2387 αῦτοῦν
588 2325 763 2405 καθημένων
798 2323 829 2384 ἐν
845 2317 929 2404 λόγῳ
947 2327 1049 2406 κυρίου
1065 2327 1116 2389 έπί
1131 2349 1169 2388 το
1187 2319 1401 2407 θυσιαστήριον

160 2405 209 2468 ἐπὶ
220 2408 273 2487 τῆς
291 2409 450 2507 τραπεζης,
475 2407 528 2471 καί
542 2408 657 2510 ἐγένετο
674 2401 763 2483 λόγος
797 2407 828 2468 ἐν
844 2404 973 2488 Βαιθήλ
991 2411 1043 2471 καί
1060 2410 1110 2473 ἐπί
1130 2406 1203 2483 τοῦς
1216 2407 1313 2482 οἴκους
1330 2404 1400 2483 τοῦς

158 2493 260 2573 κυρίου
279 2514 355 2575 προς
377 2489 430 2556 τὸν
447 2515 604 2579 προφητην
627 2486 680 2554 τὸν
696 2493 762 2553 ἐπι·
798 2482 933 2594 ῦψηλοῦς
957 2488 1027 2567 τοῦς
1052 2495 1082 2557 ἐν
1106 2497 1269 2577 Σαμαρείᾳ.
1308 2491 1337 2534 ³³
1350 2493 1402 2557 καί

158 2574 329 2655 στρέψαντα
353 2569 455 2639 αὐτόν.
487 2577 513 2616 ²¹
526 2576 577 2638 καί
601 2572 662 2638 εἱπε
685 2569 762 2658 πρὸς
792 2595 869 2677 μετα
885 2572 922 2637 τὸ
940 2577 1019 2679 ρήμα
1036 2579 1127 2642 τοῦτο
1149 2573 1204 2640 οῦκ
1223 2571 1400 2661 ἐπέστρεψεν

156 2655 212 2719 τὸν
229 2654 397 2741 ῦίνθρωπον
412 2662 467 2720 τοῦ
490 2661 565 2722 θεοῦ
582 2657 634 2722 τὸν
652 2654 761 2741 ἥκοντα
800 2653 948 2744 Ιεροβοάμ
959 2655 1023 2724 απὸ
1035 2665 1088 2744 τῆς
1104 2666 1210 2735 κακίας
1222 2656 1327 2733 αὐτοῦ,
1349 2663 1400 2725 καί

156 2740 187 2810 ἐξ
202 2734 321 2839 Ἰοήδα,
346 2738 449 2814 λέγων.
475 2740 547 2804 τάδε
563 2741 637 2817 λέγει
650 2736 758 2825 κῦρισς.
796 2738 1033 2850 ἐπέστρεψενκαί
1042 2747 1177 2824 ἐπτοίησεν
1187 2745 1219 2804 ἐκ
1228 2738 1334 2824 μέρους
1344 2741 1398 2806 τοῦ

156 2815 223 2880 ἀνθ
240 2844 283 2882 ων
300 2827 521 2905 παρεπίκρανας
539 2818 576 2886 τὸ
588 2825 667 2908 ῥημα
678 2829 760 2907 κυρί-
795 2824 872 2888 λαοῦ
884 2835 966 2909 ιεριῖς
985 2820 1117 2906 ῦψηλοῦν.
1144 2820 1354 2906 ῦβουλόμενος
1368 2828 1400 2886 ἐ-

157 2926 202 2975 ου,
216 2902 268 2964 καί
279 2900 334 2966 οῦκ
355 2899 505 2984 ἐφάλαξας
521 2902 575 2989 τήν
591 2904 712 2989 ἐντολήν
724 2901 760 2990 ἢν
794 2902 915 2991 πλήρου
926 2902 979 2988 τήν
986 2916 1072 3009 ηεῖρα
1084 2903 1193 2977 αῦτοῦ,
1218 2905 1270 2966 καὶ
1281 2899 1397 2979 ἐγένετο

156 2984 317 3049 ἐνετείλατό
347 3011 394 3050 σοι
421 2984 519 3071 κῦριος
550 2986 568 3052 5
593 2985 665 3065 θεός
690 3015 757 3064 σου,
795 2988 886 3074 ίερεῦς
902 2993 941 3063 εἱς
959 3013 999 3052 τα
1017 2982 1130 3070 ὑψηλά.
1170 2985 1201 3029 ³⁴
1214 2986 1267 3050 καί
1283 2983 1396 3062 ἐγένετο

155 3069 186 3110 ²²
197 3068 249 3130 καί
265 3070 449 3151 ἐπέστρεψας
468 3074 519 3135 καί
542 3074 648 3153 ἐψαγες
667 3071 759 3158 άρτον
793 3071 829 3136 τὸ
841 3074 921 3157 ῥῆμα
937 3074 1029 3134 τοῦτο
1046 3074 1085 3143 είς
1102 3066 1252 3154 ἁμαρτίαν
1264 3074 1310 3152 τῴ
1323 3071 1397 3153 οἴκῳ

153 3150 206 3212 καί
218 3151 294 3223 ἔπιες
312 3147 391 3236 ῦδωρ
409 3156 439 3216 ἐν
455 3158 501 3236 τῷ
520 3151 606 3237 τόπῳ
618 3152 718 3238 τοῦτῳ
731 3147 757 3238 ᾦ
788 3151 941 3240 Ἱιροβοάμ
954 3154 1005 3216 καί
1014 3157 1052 3227 εἰς
1062 3151 1191 3236 ὄλεθρον
1200 3153 1252 3214 καί
1263 3156 1302 3226 εἷς
1314 3150 1399 3234 άψα-

154 3227 280 3316 ἐλάλησε
292 3229 367 3319 πρὸς
380 3232 414 3298 σὲ
425 3235 535 3315 λέγων,
560 3238 596 3302 οῦ
609 3240 649 3342 μή
662 3237 757 3321 φάγης
792 3233 895 3320 νισμῦν
906 3232 969 3300 άπὸ
982 3230 1144 3318 προςαὶπου
1156 3237 1208 3317 τῆς
1219 3237 1279 3316 γής.

154 3313 247 3400 σ’ίρτον
260 3319 311 3381 καί
323 3316 363 3401 μή
376 3323 447 3401 πίης
460 3316 548 3406 ῦδωρ,
567 3320 604 3387 οῦ
609 3349 656 3425 μη
668 3307 757 3398 εἱςελ-
977 3323 1103 3383 ΚΕΦ.
1147 3312 1217 3381 IA‘.

153 3409 197 3494 θη
214 3398 251 3464 τὸ
269 3399 356 3485 σιῦμά
372 3391 429 3467 σοῦ
454 3407 493 3477 είς
509 3404 562 3469 τὸν
578 3431 677 3487 ταφον
695 3410 756 3469 τῶν
792 3369 906 3469 21Καὶ
917 3401 1050 3489 Ῥοβοάμ
1073 3399 1137 3474 υἱὸς
1154 3394 1312 3482 Σαλωμιῦν
1324 3402 1396 3486 ἐβα-

152 3485 293 3569 πατέρων
306 3511 368 3550 σου.
405 3487 435 3528 ²³
448 3488 500 3550 καὶ
510 3490 623 3563 ἐγένετο
634 3486 706 3569 μετά
719 3483 756 3552 τῦ
793 3486 921 3552 σίλιυσεν
942 3489 994 3550 ἐπί
1009 3481 1136 3549 Ἰούδαν.
1164 3482 1228 3555 υἱὸς
1249 3479 1396 3568 τεσσαράν

152 3578 256 3647 φαγεῖν
273 3566 367 3632 αὐτὸν
389 3566 485 3654 ῦίρτον
501 3572 553 3633 καί
569 3581 644 3634 πιιῒυ
665 3566 755 3655 ὕδωρ,
792 3594 884 3634 κοντα
900 3572 951 3633 καί
968 3567 1033 3643 ἐνὸς
1054 3568 1198 3631 ἐνιαυτῶν
1215 3561 1349 3650 Ῥοβοάμ
1366 3568 1397 3627 ἐν

151 3651 203 3711 καί
216 3653 353 3725 ἐπέσαξεν
366 3649 450 3732 αὐτῷ
459 3649 512 3715 τὸν
525 3648 602 3726 ῦνον,
624 3653 676 3715 καί
687 3656 757 3717 ἐπέ·
792 3656 837 3715 τοῦ
868 3648 1009 3719 ασιλεῦειν
1026 3646 1128 3715 αῦτόν.
1155 3650 1206 3712 καὶ
1222 3648 1397 3711 ἐπτακαίδε·

153 3729 471 3815 στρεψε,καίάπήλθε.
500 3734 531 3775 ²⁴
543 3735 594 3798 καί
607 3721 688 3820 εῦρεν
700 3730 757 3798 αὖ·
792 3718 832 3798 κά
844 3740 895 3819 έτη
913 3733 1095 3821 ἐβασίλευσεν
1113 3735 1144 3797 ἐν
1152 3727 1346 3815 Ἰερουσαλήμ
1357 3733 1396 3832 τή

152 3809 207 3874 τὸν
219 3813 293 3875 λέων
306 3815 337 3877 ἐν
347 3818 387 3896 τῆ
406 3812 479 3898 ὁδῷ,
504 3820 555 3881 καί
567 3814 757 3882 ἐθανάτωσεν
792 3816 885 3892 πόλει,
900 3815 935 3900 ἢν
953 3813 1103 3892 ἐξελέξατο
1121 3810 1222 3899 κῦριος
1233 3807 1346 3877 θέσθαι
1358 3837 1396 3876 το

153 3888 255 3958 αὐτόν.
282 3897 332 3958 καί
344 3885 380 3999 η”ν
393 3895 429 3960 τὸ
446 3902 533 3982 οοῦμα
546 3898 646 3965 αὐτοῦ
657 3902 757 3984 ἐρριμ-
793 3897 889 3980 ὄνομα
911 3897 1007 3963 αὐτοῦ
1028 3903 1088 3962 ἐκεῖ
1108 3900 1141 3960 ἐκ
1163 3899 1270 3960 πασοῦν
1292 3894 1398 3975 φυλαῖν

152 3979 239 4058 μένον
251 3979 282 4040 ἐν
293 3981 332 4072 τῇ
345 3981 424 4063 οδῷ,
449 3983 501 4045 καί
517 3979 536 4044 ὁ
554 3981 623 4055 ὄνος
634 3977 756 4064 εἱστήκει
791 3985 846 4044 τοῦ
854 3977 986 4066 Ἰσραήλ.
1006 3984 1056 4045 καί
1066 3979 1102 4044 τὸ
1113 3979 1211 4062 ὄνομα
1223 3983 1275 4059 τής
1287 3974 1397 4063 μητρὸς

151 4056 222 4144 παρ’
239 4057 325 4135 αῦτὸ,
351 4064 403 4126 καί
415 4059 432 4126 ὁ
445 4061 522 4127 λέων
534 4059 656 4145 εἱστήκει
669 4061 754 4147 παρά
793 4058 890 4128 αῦτοῦ
915 4060 1035 4145 Νααμά
1056 4061 1075 4144 ή
1096 4060 1277 4145 Ἀμμωνίτις.
1303 4064 1334 4103 ²²
1345 4062 1399 4123 καί

151 4141 189 4205 τὸ
209 4145 303 4225 σῶμα.
328 4144 358 4187 ²⁶
371 4146 424 4209 καὶ
443 4144 509 4210 ἐῦοῦ
532 4145 634 4233 ἄνδρες
653 4170 756 4230 παρα·
793 4143 1069 4232 ἐποίησενῬοβοάμ
1081 4140 1117 4207 τὸ
1129 4143 1260 4228 πονηρὸν
1272 4137 1397 4208 ἐνώπιον

152 4222 341 4309 πορευόμενοι
362 4229 413 4292 καί
425 4227 503 4294 εἶδον
518 4225 556 4292 τὸ
575 4236 756 4310 θνησιμαίον
792 4236 905 4314 κυρίου.
943 4230 996 4292 καί
1018 4223 1220 4313 παρεζήλωσεν
1246 4222 1341 4290 αὐτὸν
1366 4227 1397 4289 ἐν

151 4309 318 4393 ἐρριμμένον
330 4311 361 4374 ἐν
372 4314 410 4394 τῆ
429 4307 507 4396 ὁδῷ,
531 4311 584 4374 καί
596 4305 614 4374 5
627 4309 702 4374 λέων
712 4313 755 4374 εί·
792 4317 886 4377 πᾶσιν
899 4312 944 4386 οἱς
956 4315 1101 4394 ἐποίησαν
1117 4313 1149 4372 οἱ
1160 4303 1287 4393 πατέρες
1299 4304 1399 4373 αὐτῶν

152 4387 249 4475 στήκει
271 4382 397 4480 ἐχόμενά
413 4399 469 4458 τοῦ
490 4398 676 4476 θνησιμαίου.
703 4395 755 4456 καί
793 4400 825 4461 ἐν
836 4405 903 4468 ταῖς
915 4391 1073 4477 ἁμαρτίαις
1085 4389 1242 4463 αῦτυῦναίς
1254 4385 1396 4495 ἥμαρτον.

149 4474 299 4559 εἰςήλθον,
326 4476 378 4542 καί
395 4471 545 4559 ἐλάλησαν
568 4480 600 4543 ἐν
616 4480 654 4568 τῇ
670 4471 755 4544 πόλει
792 4479 822 4520 ²³
833 4478 885 4544 καί
897 4473 1219 4561 ᾠκοδόμησανέαυτοῖς
1231 4468 1337 4557 ῦψηλα
1348 4473 1398 4572 κριί

1325 4578 1394 4634 πί·
