2924 4972
448 234 650 296 mm>
689 229 950 311 καθεῖλε.
1256 240 1321 304 ⁵45

76 353 127 415 καί
150 347 305 436 βοὴθησόν
327 375 378 434 μοι
400 355 438 438 τῇ
455 345 545 440 μόνη,
571 352 622 414 καί
638 348 679 434 μὴ
712 347 808 424 κάλοις
825 347 921 415 αὐτοῦ
937 348 1034 436 με’χρις
1051 344 1087 416 οὐ
1105 350 1242 435 κατέστη.
1261 332 1319 420 καί

76 431 184 523 ἐχούοη
198 435 274 515 εἰμὴ
287 433 321 499 σὲ
335 430 423 539 κύριε.
436 426 559 496 πάντων
570 436 680 509 γνῶσιν
712 428 869 515 παρεκάλει
879 430 972 516 αὐτὴν
984 431 1083 512 λόγοις
1095 439 1257 518 εἰρηνικοῖς,
1269 437 1321 502 καί

15 566 23 597 ,r
75 518 158 599 ἔχεις,
183 519 236 582 καί
260 515 345 589 οἶδας
371 514 418 579 ότι
443 517 566 596 ἐμίσησα
589 513 680 591 δόξαν
712 514 791 581 εἶπεν
809 513 896 607 αὐτῇ.
925 523 956 585 τί
972 518 1049 582 ἐστιν
1063 516 1197 601 Ἐσθὴρ,·
1221 513 1318 595 ἐχιύό

11 604 17 627 ’
76 597 209 682 ἀνόμων,
222 601 273 664 καί
285 593 479 684 βδελύσσομαι
492 603 592 680 κοίτην
605 596 680 663 ἀπε-
712 594 839 679 ἀδελφός
852 622 917 674 σου,
930 595 1035 684 θάρσει
1047 598 1082 665 οὐ
1096 599 1135 684 μὴ
1148 597 1317 692 ἀποθάνης.

74 679 236 764 ριτμὴτων,
253 683 305 744 καί
316 678 432 754 παντὸς
445 679 537 746 ἀλλοτ
558 686 614 744 ίου.
641 680 678 746 οὐ
713 677 760 746 ότι
779 679 877 747 κοινὸν
894 679 931 746 τό
944 679 1119 787 πρόςτανμα
1133 679 1215 767 ὴμῶν
1229 685 1317 747 ἐστιν.

75 765 160 838 οἶδας
172 766 226 846 τὴν
239 759 367 847 ἀνάγκην
377 788 444 846 μου,
462 760 507 828 ότι
519 705 680 850 βάελύοσο-
711 759 864 849 πρόςελθε.
883 766 958 829 2καί
970 792 1046 849 αρας
1057 765 1111 851 τὴν
1122 771 1230 850 χρυσῆν
1242 762 1318 852 ῥάβ-

73 874 126 929 μαι
138 844 175 910 τό
189 857 308 929 σημεῖον
320 851 372 930 τὴς
387 843 599 931 ύπερηφανείας
610 872 679 929 μου,
711 849 763 913 δον
790 843 937 952 ἐπέθηκεν
960 851 1011 914 ἐπὶ
1027 846 1081 912 τόν
1099 848 1246 934 τράχηλον
1262 847 1320 913 αὐ-

74 926 184 994 όὲστιν
203 931 253 993 ἐπὶ
269 933 320 1013 τὴς
337 932 466 1013 κεφαλῆς
481 956 539 1014 μου
559 933 591 993 ἐν
607 927 679 1032 ὴμέ-
709 936 777 1015 τὴς,
802 933 852 996 καί
871 927 1030 1013 ησπάσατο
1044 929 1153 1015 αὐτὴν,
1178 934 1230 996 καί
1247 929 1317 997 εἷπε.

73 1039 139 1094 ραις
153 1010 300 1087 ὀπτασίας
311 1037 375 1095 μου.
393 1011 590 1099 βδελύοσομαι
602 1010 678 1077 αυτδ
710 1010 843 1098 λάλησόν
853 1041 913 1097 μοι.
937 1016 988 1078 καί
1000 1013 1079 1079 εἶπεν
1092 1012 1183 1097 αὐτῷ.
1198 1009 1275 1080 εἶδόν
1288 1039 1319 1080 σε

72 1091 113 1169 ὡς
130 1091 220 1198 ράκος
238 1102 441 1200 καταμηνίων,
466 1098 517 1160 καί
537 1094 573 1159 οὐ
591 1099 679 1180 φορῶ
711 1094 789 1183 κύριε
801 1093 842 1172 ὥς
853 1096 977 1176 ἄγγελον
989 1100 1079 1173 θεοῦ,
1100 1099 1151 1162 καί
1163 1093 1320 1182 ἐταράχθη

73 1177 148 1241 αὐτο
162 1182 194 1243 ἐν
206 1175 326 1263 ὴμέραις
339 1185 460 1262 ησυχίας
472 1205 537 1260 μου.
558 1180 610 1243 καί
623 1176 678 1243 οὐκ
710 1178 729 1264 ὴ
749 1181 856 1265 καρδία
881 1205 939 1264 μου
960 1177 1025 1246 ἀπό
1044 1176 1142 1266 φόβου
1159 1185 1212 1265 τῆς
1231 1179 1318 1262 δόξης

72 1263 179 1340 ἔφανεν
197 1260 216 1344 ὴ
235 1257 327 1343 δούλη
344 1286 399 1327 σου
416 1259 563 1363 τράπεζαν
576 1257 679 1342 Ἀμάν,
711 1288 783 1338 σου,
807 1258 854 1327 ότι
870 1262 1046 1346 θαυμαστός
1058 1261 1086 1328 εί
1098 1258 1192 1347 κύριε,
1216 1260 1317 1327 καὶτὸ

71 1346 122 1407 καί
134 1342 189 1408 οὐκ
202 1341 331 1420 ἐδόξασα
344 1369 513 1427 συμποσιον
523 1345 679 1430 βασιλέως,
710 1341 874 1430 πρόςωπότ
886 1372 939 1412 σου
956 1352 1085 1432 χαρίτων
1100 1342 1216 1430 μεστόν.
1243 1349 1273 1408 ἐν
1285 1344 1318 1410 δὲ

72 1425 141 1491 οὐδὲ
151 1429 237 1491 ἔπιον
248 1426 332 1492 οἶνον
343 1427 488 1492 σπονδῶν.
498 1429 549 1492 καί
558 1426 614 1491 οὐκ
625 1426 677 1511 ηὐ-
710 1433 754 1510 τῷ
781 1424 972 1506 διαλέγεσθαι
1000 1427 1096 1513 αὐτὴν
1126 1432 1224 1494 ἔπεσεν
1253 1424 1315 1493 ἀπὸ

72 1506 224 1655 φρβνθηοὴ
237 1504 330 1655 δρύλη
340 1535 395 1609 σου
406 1507 579 1674 ἀφὴὴὴμξρρς
588 1536 679 1616 μετρι-
711 1507 860 1618 ἐκλύσερνς.
883 1513 934 1660 {tao}
946 1508 964 1576 ὁ
975 1511 1114 1660 βασχλεύς
1125 1508 1316 1613 ίταράσσετρ,

70 1597 114 1780 ὴ.
129 1617 398 1761 λςίιῖὐάἶάἷύλ
415 1617 678 1760 όιύῗύῗύξόόὶ
709 1618 1317 1764 λό’ὐῗλῖλιτλίπόπάᾭλάὐλύἶι

72 1758 123 1822 επὶ
135 1753 266 1833 πάντας,
283 1755 451 1832 είςάκουσον
463 1757 565 1842 φωνὴν
578 1757 675 1844 ἀπηλ-
708 1757 808 1834 θέλεις
828 1755 962 1845 Ἐσθὴρς
998 1761 1051 1824 καί
1068 1764 1100 1824 τί
1117 1786 1170 1826 σου
1189 1763 1252 1827 ἐστί
1276 1758 1313 1825 τό

71 1843 236 1921 πισμένων,
262 1843 313 1906 καί
330 1845 419 1926 ῥῦσαι
437 1837 513 1926 ἡμᾶς
533 1845 565 1906 ἐκ
582 1842 677 1928 χειρὸς
710 1843 841 1925 ἀξίωμας
867 1847 922 1919 ἓως
945 1846 1002 1906 τοῦ
1024 1838 1145 1926 ὴμίσους
1160 1849 1212 1927 τῆς
1227 1847 1314 1930 βασι·

71 1927 132 1988 τῶν
149 1926 407 2009 πονηρευομίνων,
431 1927 483 1990 καί
495 1928 586 2011 ῥῦσαί
595 1951 630 2011 με
644 1930 677 1991 ἐκ
709 1928 787 2002 λείας
811 1951 887 2009 μου,
912 1927 964 1992 καὶ
986 1927 1070 1990 ἔσται
1083 1950 1139 1991 σοι.
1169 1925 1259 1991 *εἶπε
1281 1924 1315 1990 δέ

72 2011 127 2070 τού
139 2004 235 2094 φόβου
246 2033 314 2092 μου.
706 2006 832 2094 Ἐοθὴρ.
858 2007 953 2114 ὴμέρα
968 2033 1025 2090 μου
1038 2011 1176 2092 ἐπίσημος
1192 2004 1315 2112 σὴμερόν

266 2097 339 2154 ΚΕ
353 2097 391 2155 Φ.
435 2086 484 2154 Ε’.
709 2096 777 2158 ἐστι.
797 2097 823 2157 εί
836 2116 891 2156 ουν
903 2094 985 2157 δοκεῖ
996 2094 1040 2173 τῷ
1052 2093 1176 2177 βασιλεῖ,
1189 2093 1314 2158 ἐλθατω

1116 2174 1122 2194 ἱ

72 2137 157 2272 Καὶ
173 2170 298 2275 ἐζενὴθη
318 2177 349 2237 ἐν
367 2179 405 2267 τῇ
423 2171 519 2259 ὴμέρηι
536 2178 573 2266 τῇ
592 2181 677 2268 τρίτη
709 2178 760 2238 καί
772 2170 1028 2274 μύτὸςΙκαίἏμόιν
1040 2179 1079 2249 εἰς
1091 2200 1147 2324 τὴν
1159 2172 1256 2278 δοχὴν,
1279 2169 1314 2258 ὴν

72 2282 113 2329 ως
126 2259 280 2320 ἐπαυοατο
290 2261 509 2339 προςευχομένη,
520 2254 676 2331 ἔξεδύσατο
710 2283 825 2339 ποιησω
845 2281 975 2340 οημερον.
1003 2258 1082 2323 6καί
1099 2282 1176 2322 επεν
1193 2283 1211 2321 ο
1227 2261 1314 2341 βασι-

70 2362 110 2402 τα
122 2335 224 2420 ίμάτια
234 2342 287 2420 τὴς
295 2343 465 2420 θεραπείας,
470 2341 520 2401 καί
529 2335 678 2425 περιεβάλ·
711 2336 783 2414 λεύς.
796 2333 1214 2422 κατασπεύοατεἈμύν,όπως
1225 2333 1315 2421 ποιὴ-

71 2420 139 2484 λιτο
157 2419 211 2519 τὴν
226 2416 317 2493 δόξαν
329 2417 429 2502 αὐτῆς.
455 2422 507 2484 καί
522 2432 680 2501 γενηθεῖσα
712 2446 804 2502 οωμεν
817 2419 870 2486 τόν
884 2417 1106 2505 λόγονἘοθὴρ.
1120 2424 1172 2485 καί
1183 2426 1312 2525 παροινί-

71 2509 229 2584 ἐπιφανης,
253 2502 480 2584 ἐπικαλεσαμένη
493 2501 546 2567 τὸν
559 2500 679 2567 πάντων
711 2528 812 2568 νονται
826 2499 986 2586 ἀμφότεροι
999 2509 1038 2578 είς
1051 2501 1104 2585 τὴν
1116 2498 1212 2585 δοχὴν,
1227 2526 1263 2585 ην
1274 2499 1316 2566 εί-

71 2582 207 2667 ἐπόπτην
223 2582 294 2649 θεὸν
315 2588 366 2649 καὶ
384 2590 518 2668 σωτὴρα,
543 2587 679 2671 παρέλα-
711 2611 764 2651 πεν
777 2585 901 2671 Ἐοθὴρ.
929 2588 988 2649 6ἐν
1002 2584 1033 2650 δὲ
1047 2591 1089 2667 τῷ
1106 2579 1192 2666 πότῳ
1205 2579 1314 2650 είπενὸ

70 2673 103 2754 βε
116 2665 168 2742 τάς
181 2665 234 2733 δύο
249 2663 352 2752 άβρας.
366 2670 417 2732 καί
426 2673 464 2751 τῆ
476 2668 528 2751 μὲν
538 2676 591 2753 μιᾷ
605 2674 677 2753 ἐπη-
710 2666 845 2817 βασιλεὺς
856 2667 932 2753 πρὸς
945 2665 1070 2752 Ἐοθὴρ.
1096 2673 1128 2731 τί
1138 2669 1217 2732 ἐστιν
1224 2673 1315 2774 βασί-

71 2753 180 2834 ρείδετο
193 2749 234 2825 ὡς
246 2742 494 2836 τρυφερευομένη,
510 2750 529 2853 ὴ
545 2754 577 2818 δὲ
591 2755 679 2837 ἑτέρα
730 2779 798 2817 ιοσα
816 2749 944 2837 Ἐοθὴρς
971 2753 1022 2815 καί
1039 2755 1121 2816 ἑίιται
1138 2746 1197 2817 όσα
1215 2755 1314 2829 αξιοῖς.

72 2830 272 2919 ἐπηκολούθει
297 2837 478 2916 κουφίζουσα
495 2860 548 2938 την
565 2837 678 2901 ἔνδυσιν
712 2839 780 2900 7καὶ
789 2835 858 2900 εἶπε.
872 2836 908 2900 τὸ
919 2832 1028 2936 αἴτημά
1036 2862 1105 2918 μου,
1116 2834 1211 2899 καὶτὸ
1223 2834 1315 2912 ἀξίω-

36 2940 39 2946 ·
72 2916 171 2999 αὐτὴς.
185 2920 237 2982 καί
247 2916 324 3000 αὐτὴ
335 2920 505 3003 ἐρυθριωσα
515 2924 595 3012 ακμῇ
604 2916 678 2984 κάλ·
709 2945 760 3003 μα.
788 2922 841 2983 8εί
854 2910 941 3003 εὐρον
951 2943 1037 3003 χαριν
1050 2915 1177 2983 ἐνώπιον
1188 2925 1245 2984 τοῦ
1257 2923 1315 3006 βα·

72 3001 139 3075 λους
158 2998 257 3083 αὐτῆς.
284 2999 386 3065 καὶτὸ
405 2997 567 3083 πρόςωπον
585 3000 678 3106 αὐτὴς
711 3002 824 3077 σιλέως,
844 2997 966 3067 ἐλθάτω
980 2999 997 3066 ό
1009 3001 1145 3088 βασιλεὺς
1158 3005 1208 3066 καί
1221 2999 1315 3084 Ἀμάν

75 3083 186 3169 ἱλαρὸν,
199 3082 240 3158 ὡς
251 3084 416 3170 προςφιλές.
433 3083 494 3168 ὴδέ·
503 3086 612 3167 καρδία
622 3113 678 3151 αυ-
709 3089 752 3149 ε”τι
765 3083 819 3189 τὴν
831 3083 935 3171 αὐριον
948 3091 987 3160 είς
1000 3085 1054 3170 τὴν
1066 3085 1162 3170 δοχὴν,
1180 3081 1215 3168 ὴν
1226 3080 1315 3186 ποιὴ-

72 3172 124 3248 της
137 3165 356 3251 ἀπεοτενωμένη
370 3165 433 3231 ἀπὸ
445 3173 498 3231 τοῦ
509 3165 615 3255 φόβου.
627 3171 679 3233 καί
711 3195 754 3233 σω
768 3180 880 3244 αυτοῖς,
900 3171 950 3232 καί
962 3166 1067 3252 αὐριον
1079 3165 1198 3252 ποιὴσω
1206 3171 1245 3231 τά
1259 3193 1316 3230 αυ-

73 3250 245 3323 είςελθοῦσα
262 3247 359 3323 πάσας
372 3250 427 3326 τὰς
443 3247 541 3336 θύρας
553 3255 679 3335 κατέστη
710 3250 757 3314 τά.
771 3254 844 3317 9καί
857 3252 979 3335 ἐξῆλθεν
993 3248 1110 3333 όἈμάν
1122 3248 1184 3315 ἀπό
1194 3253 1316 3333 τούβο-

72 3328 201 3397 ἐντόπιον
213 3337 268 3396 τοῦ
279 3331 429 3416 βασιλέως.
443 3336 493 3396 καί
505 3332 597 3409 αὐτὸς
610 3330 678 3399 ἐκά-
711 3333 816 3409 σιλέως
826 3330 991 3416 ύπερχαρὴς
1002 3328 1233 3413 εὐφραινόμενος.
1244 3335 1274 3394 ἐν
1283 3328 1316 3392 δὲ

71 3425 153 3497 θητσ
179 3416 229 3476 ἐπὶ
254 3418 308 3476 τοῦ
325 3410 440 3495 θρόνου
459 3419 511 3495 τῆς
528 3414 680 3499 βασιλείας
712 3420 756 3495 τῷ
770 3417 838 3478 ἰδεῖν
851 3413 944 3495 Ἀμόιν
956 3412 1157 3495 Μαρδοχαῖον
1169 3410 1223 3474 τὸν
1238 3407 1316 3472 Ἰου-

73 3497 185 3569 αὐτοῖι,
210 3498 262 3558 καὶ
272 3499 374 3557 πᾶσαν
389 3494 496 3597 στολὴν
508 3502 558 3576 τῆς
572 3499 680 3575 ἐπιφα-
712 3497 799 3559 δαῖον
816 3499 847 3558 ἐν
860 3499 897 3583 τῇ
911 3491 1003 3586 αὐλῇ,
1029 3487 1174 3573 ἐθυμώθη
1188 3487 1315 3573 σφόδρα.

72 3585 151 3651 νείας
169 3574 265 3640 αὐτού
284 3575 438 3649 ἐνδεδόκει,
462 3577 531 3651 ολος
545 3575 593 3658 διόι
610 3604 681 3660 χρυ-
712 3579 741 3618 ¹⁰
754 3577 804 3638 καί
830 3570 964 3648 είςελθιύν
985 3579 1025 3647 είς
1041 3570 1080 3636 τά
1101 3573 1174 3649 ἴδια,
1199 3567 1317 3637 ἐκάλεσε

75 3666 130 3727 σού
144 3664 194 3724 καὶ
208 3660 307 3723 λίθων
319 3657 500 3735 πολυτελῶν,
513 3662 564 3722 καὶ
577 3659 610 3739 ὴν
623 3684 681 3740 φο·
713 3655 784 3731 τούς
796 3656 908 3736 φίλους,
919 3657 969 3720 καί
976 3650 1122 3738 Ζωοάραν
1131 3652 1187 3739 τὴν
1193 3667 1317 3733 γυναῖκα

73 3744 157 3831 βιρδς
171 3740 297 3827 σφόδρα.
324 3743 374 3805 καί
387 3739 508 3826 άραςτὸ
522 3739 681 3825 πρόςωπον
713 3738 823 3816 αὐτοῦ,
854 3743 878 3780 ¹¹
892 3741 942 3803 καί
968 3735 1110 3813 ὑπέδειξεν
1135 3738 1238 3814 αὐτοῖς
1262 3738 1317 3805 τόν

75 3828 167 3892 αὐτοῦ
194 3828 405 3907 πεπυρωμένον
431 3822 517 3915 δόξῃ,
546 3830 577 3889 ἐν
603 3824 681 3914 ἀκμῇ
712 3824 844 3887 πλοῦτον
865 3821 974 3897 αὐτού,
1000 3824 1051 3888 καί
1070 3823 1123 3905 τὴν
1140 3819 1230 3898 δόξαν
1247 3817 1316 3905 ὴνό

74 3914 177 3994 θυμοῦ
190 3911 317 3995 ἔβλεψεν.
341 3909 393 3972 καὶ
404 3911 502 3972 ἔπεσεν
515 3905 533 3991 ὴ
545 3909 681 3995 βασιλισ-
711 3905 934 3993 βασιλεύςαύτῷ
943 3903 1317 3989 περιέθηκε,καὶῶςέποίη·

77 4021 130 4067 σα,
156 3997 206 4059 καί
216 3992 354 4078 μετέβαλε
367 3989 401 4055 τό
419 3997 524 4076 χρῶμα
543 3990 632 4074 αὐτῆς
651 3996 681 4058 ἐν
713 4015 760 4055 σιν
772 3986 865 4055 αὐτόν
877 3988 1035 4072 πρωτεύειν
1051 3993 1103 4054 καὶ
1115 3983 1252 4072 ὴνεῖσθαι
1265 3991 1318 4071 τῆς

76 4075 197 4141 ἐκλύσει.
224 4080 275 4140 καί
288 4077 489 4157 κατεπέκυψιν
505 4078 556 4139 ἐπὶ
568 4073 622 4158 τὴν
635 4101 680 4140 κε-
712 4074 868 4159 βασιλείας.
893 4074 983 4137 12καὶ
1001 4070 1078 4137 εἶπεν
1092 4068 1193 4155 Ἀμάν.
1220 4068 1256 4136 οὐ
1270 4075 1318 4135 κε’-

75 4158 174 4242 φαλὴν
185 4164 235 4242 της
249 4157 342 4244 ἅβρας
354 4163 406 4240 τὴς
415 4161 679 4243 προπορευομένης.
713 4157 815 4240 κληκεν
828 4152 845 4236 ἡ
860 4157 1018 4241 βασίλισσα
1026 4154 1099 4238 μετὰ
1109 4161 1164 4220 τοῦ
1169 4153 1318 4257 βασιλέως

75 4245 126 4307 καί
170 4243 303 4326 ετέβαλεν
321 4236 338 4304 ό
357 4240 428 4314 θεὸς
446 4239 481 4304 τό
494 4245 606 4322 πνεόμα
624 4246 679 4305 τού
713 4237 821 4304 οὐδένα
834 4245 872 4314 εἰς
884 4238 938 4322 τὴν
950 4239 1049 4323 δοχὴν,
1076 4237 1140 4303 ἀλλ’
1156 4238 1174 4320 ὴ
1189 4237 1248 4320 ἐμὲ,
1267 4238 1318 4299 καὶ

74 4271 218 4411 βασιλέως
232 4330 270 4398 εἰς
282 4317 457 4427 πραότητα,
482 4327 533 4388 καὶ
552 4320 681 4401 ἀγωνιά-
712 4326 750 4396 είς
762 4319 818 4406 τὴν
830 4322 934 4407 αὐριον
946 4325 1094 4406 κέκλημαι.
1117 4323 1144 4362 ¹³
1158 4322 1209 4383 καί
1222 4319 1319 4382 ταύτά

75 4433 129 4481 σας
149 4404 325 4489 ἀνεπήδησεν
343 4405 406 4470 ἀπο
424 4409 479 4469 τοῦ
496 4404 612 4491 θρόνου
625 4405 681 4469 αὐ-
712 4431 762 4484 μοι
773 4403 828 4468 οὐκ
839 4403 963 4487 ἀρέσκει,
974 4402 1047 4470 ὅταν
1059 4406 1111 4467 ίδω
1122 4404 1319 4486 Μαρδοχαῖον

75 4495 146 4568 τοῦ,
175 4492 224 4554 καὶ
238 4484 376 4574 ἀνέλαβεν
388 4486 482 4571 αὐτὴν
494 4493 544 4555 ἐπὶ
556 4487 611 4563 τάς
624 4486 680 4564 ιἰν-
713 4485 767 4552 τόν
780 4485 929 4631 Ἰουδρρον
943 4492 973 4551 ἐν
984 4492 1022 4577 τῇ
1035 4483 1122 4577 αὐλῇ.
1141 4485 1230 4547 14καί
1243 4481 1319 4581 είπρν

907 4590 944 4630 m
1248 4587 1335 4641 “Q
