2924 4972
288 237 577 299 ΒΑΣιΛιειοιν
621 236 855 301 ΔΕννεΡΛ
895 232 1099 341 &wart-13
1246 242 1306 309 ονε

66 352 195 436 κεφαλὴν
207 346 367 433 αύτης,καὶ
379 344 531 433 ἐπορεύθη
543 373 671 433 πορευο·
705 348 780 415 λατο
793 347 896 426 αὐτοῖς
903 349 1099 438 Ἀβεσσαλὼμ.
1126 358 1177 420 καὶ
1190 354 1312 440 ἀνέστη

66 440 136 520 με’νη
149 437 200 500 καί
217 429 377 519 κράζουσα.
404 433 435 474 ²⁰
448 432 499 495 καὶ
515 430 577 496 εἶπε
595 427 673 516 πρὸς
706 456 761 497 σαν
772 428 879 510 πάντες
890 438 921 498 οῖ
934 436 996 500 υἱοί
1008 439 1065 500 τοῦ
1076 437 1235 538 βασιλέως,
1261 442 1312 504 καί

68 517 161 603 αύτίην
179 513 373 604 Ἀβεσσαλώμ
394 511 411 578 ὃ
425 511 552 596 ἀδελφὸς
570 511 670 596 αὐτῆς.
705 514 887 583 ἐπεκάθισαν
899 515 975 603 ἀνηρ
989 521 1040 584 ἐπί
1053 545 1111 602 την
1123 516 1241 603 ἡμίονον
1255 520 1313 585 αὖ·

66 601 106 706 μη
113 600 228 686 Ἀμνὼν
247 595 264 663 ὁ
283 593 411 677 ἀδελφός
426 623 480 661 σου
498 601 610 674 ἐγένετο
622 622 673 680 με·
705 603 770 673 τοῦ,
783 603 834 664 καί
846 603 963 681 ἔφυγον.
991 603 1075 667 3θκαί
1089 605 1199 681 ἐγένετο
1214 600 1313 668 αὐτῶν

69 712 108 751 τα
121 688 193 785 ⁰⁰¹⁵ss
219 683 270 748 καί
287 685 338 746 νύν
356 676 470 764 ἀδελφή
487 706 546 764 μου
559 674 672 760 κάφευ-
706 678 802 745 ὄντων
827 684 857 745 ἐν
882 687 920 778 τη
939 681 1000 767 ὁδῷ
1014 688 1065 751 καί
1091 682 1110 787 >j
1134 683 1212 770 ἀκοη
1239 671 1313 770 ἦλθε

69 794 135 844 σον,
161 765 209 832 ὅτι
226 761 355 846 ἀδελφός
373 789 428 828 σου
446 767 518 828 ἐστί.
556 758 595 846 μη
613 767 673 855 θῇς
705 760 782 847 πρὸς
793 765 900 840 Δαυίδ,
919 764 1022 844 λέγων.
1048 772 1192 847 ἐπαταξεν
1211 767 1313 856 Ἀβεσ-

68 849 120 935 την
132 850 256 935 καρδίαν
274 874 329 914 σου
352 851 408 912 τού
424 845 555 930 λαλῆσαι
569 845 605 910 τὸ
619 849 674 948 ρη-
706 843 812 928 σαλώμ
827 843 943 923 πάντας
964 847 1032 925 τόύς
1055 852 1137 929 υίούς
1158 856 1312 954 τούβσσι·

67 962 110 1019 μα
122 938 223 1000 τοῦτο.
251 932 302 996 καί
314 925 435 995 ἐκάθισε
452 929 480 993 Θ
527 930 558 1016 ’ρ
570 955 674 1016 χηρευ-
705 926 789 1003 λέως,
803 928 854 993 καί
867 927 903 994 ού
916 932 1094 1019 κατελείηθη
1108 934 1247 1012 ἐξαύτωκ
1258 936 1312 1001 οὐ·

69 1044 147 1083 ουσα
160 1019 246 1098 ἐντῷ
266 1015 341 1096 οἴκῳ
360 1011 488 1100 Ἀβεσσα
509 1009 556 1096 ὠμ
569 1019 623 1077 τοῦ
636 1014 674 1076 ἀ·
706 1008 738 1075 δὲ
751 1009 799 1086 είς.
826 1012 853 1052 ³¹
865 1013 916 1076 καί
938 1010 1044 1097 ἀνέστη
1067 1014 1236 1115 ὁβασιλεύς
1260 1021 1312 1084 καί

67 1100 179 1180 δελφού
197 1098 297 1183 αὐτῆς.
323 1099 350 1138 ²¹
367 1101 418 1161 καὶ
437 1093 561 1198 η’κουσεν
581 1091 599 1159 ὁ
616 1098 675 1180 βα·
707 1095 835 1199 διὲδηδηξε
846 1094 886 1159 τά
900 1090 1002 1175 ίμάτια
1019 1095 1114 1162 αὐτου
1130 1101 1181 1164 καί
1194 1098 1311 1186 ἐκοιμή-

68 1182 165 1258 σιλεύς
175 1184 273 1247 Δαυίδ
281 1177 397 1252 πάντας
407 1204 476 1252 τους
485 1173 591 1254 λόγους
601 1172 676 1241 τού·
705 1186 750 1258 θη
766 1182 815 1242 επί
827 1175 881 1260 την
894 1181 958 1260 γῆν,
984 1180 1035 1241 καὶ
1046 1173 1154 1254 πάντες
1166 1185 1198 1246 οί
1209 1185 1312 1259 παῖδες

67 1292 136 1341 τους
149 1269 201 1349 καὶ
213 1256 362 1344 ἐθυμώθη
376 1256 563 1361 στηόδρα,καί
576 1256 631 1323 οὐκ
645 1260 676 1321 ἐ-
708 1257 806 1359 αύτού
816 1263 849 1360 μί
861 1263 1048 1346 περιεστῶτες
1060 1261 1145 1368 αὐτιηῖ
1163 1263 1314 1347 διέρρηξαν

69 1345 183 1429 λύπησε
206 1343 241 1410 τὸ
265 1347 377 1425 πνεῦμα
400 1341 514 1425 Λμνὼν
533 1344 589 1405 τοῦ
608 1343 676 1405 υἱοῦ
707 1367 746 1407 τα
773 1345 875 1424 ίματια
901 1340 1010 1409 αύτοῖν.
1044 1345 1074 1386 ³²
1086 1370 1138 1409 και
1164 1341 1314 1430 ἀπεκρίθη

70 1429 165 1497 αὐτοῦ
180 1423 227 1491 ὅτι
241 1420 346 1507 ιἠγάπα
364 1421 470 1498 αὐτὸν,
495 1419 542 1488 ὅτι
554 1423 676 1526 πρωτό·
704 1422 850 1512 Ἰωνοδάβ
861 1424 925 1501 υίὸς
935 1423 1049 1498 Σαμαά
1061 1425 1194 1508 ’ἀδελφοῦ
1208 1429 1313 1531 Δαυίδ(

70 1537 160 1585 τοκος
172 1507 265 1574 αὐτοῦ
278 1496 321 1592 ἧν.
361 1509 391 1548 22
403 1509 455 1572 καί
467 1503 523 1572 οὐκ
536 1504 675 1591 ἐλάλησεν
706 1509 758 1572 καί
776 1507 845 1573 είπι.
864 1511 909 1610 μὴ
928 1505 1042 1574 εἷπάτω
1063 1507 1081 1574 ὁ
1099 1505 1199 1596 κύριός
1215 1537 1274 1594 μου
1293 1539 1311 1580 ο

67 1587 257 1681 Ἀβεσσαλάιμ
264 1586 337 1674 μετά
343 1587 456 1672 Ἀμνιύν
464 1587 526 1654 ἀπὸ
539 1592 675 1675 πονηροῦ
704 1589 839 1678 βασιλεὺς
851 1590 898 1656 ὅτι
912 1589 1013 1658 πάντα
1030 1589 1070 1658 τά
1082 1591 1230 1681 παιδάρια
1243 1593 1312 1673 τοὺς

72 1683 128 1752 ἕως
150 1675 281 1753 ἀγαθοῦ,
307 1670 353 1738 ὅτι
377 1676 465 1756 ἐμίσει
482 1672 676 1760 Ἀβισσαλάμ
708 1672 789 1750 υίούς
806 1679 863 1740 τού
879 1674 1023 1762 βασιλέως
1039 1672 1239 1753 ἐθανάτωσεν,
1265 1674 1311 1743 ὅτι

71 1749 123 1824 τάν
141 1757 255 1843 Ἀμνὼν
272 1758 321 1822 ἐπὶ
333 1754 427 1835 λόγου
444 1746 480 1823 ού
499 1759 674 1822 ἐταπείνωσε
700 1755 814 1842 Ἀμνὼν
825 1755 1000 1841 μονώτατος
1012 1756 1179 1835 ἀπέθανεν,
1202 1755 1250 1824 ὅτι
1263 1763 1313 1828 ἐπὶ

74 1843 180 1929 Θημάρ
195 1839 249 1926 την
262 1838 390 1923 ἀδελφὴν
407 1837 511 1906 αὐτοῦ.
537 1841 567 1884 ²³
579 1842 630 1906 καί
643 1842 673 1904 ε’·
706 1835 1052 1947 στόματος,Ἀβεσσαλάμ
1062 1830 1098 1929 ἦν
1110 1849 1233 1927 κείμενος
1246 1840 1310 1909 ἀπδ

69 1931 167 2003 γένετο
186 1931 224 2000 εἷς
238 1925 386 2009 διετηρίδα
405 1921 519 2010 ἡμερῶν
531 1923 583 1988 καί
596 1911 673 2007 ἦσαν
704 1929 757 1999 τ”ς
769 1922 878 2011 ἡμέρας
894 1953 929 2010 ης
941 1928 1115 1991 ἐταπείνωσε
1132 1926 1240 2031 Θημάρ
1257 1923 1311 2011 την

69 2017 210 2094 κείροντες
222 2013 267 2092 τῷ
275 2006 466 2096 Ἀβεσσαλώμ
480 2011 511 2072 ἐν
522 2003 674 2091 Βελασάρ
705 1952 835 2091 ἀδελφὴν
846 2005 949 2074 αὐτοῦ.
976 2010 1005 2051 ³³
1022 2011 1073 2074 καί
1085 2014 1135 2074 νῦν
1146 2039 1186 2095 μη
1200 2013 1310 2075 θέσθω

69 2097 105 2184 τῇ
120 2089 241 2177 ἐχόμενα
256 2090 395 2178 Ἐφραὶμ,
408 2092 459 2155 καὶ
471 2089 607 2155 ἐκάλεσεν
622 2086 674 2152 Ἀ·
705 2085 722 2152 ὁ
735 2086 837 2175 κύριός
849 2116 906 2169 μου
919 2088 936 2156 ὁ
953 2092 1090 2177 βασιλεύς
1107 2095 1157 2159 ἐπὶ
1170 2090 1223 2177 την
1235 2119 1307 2178 καρ·

69 2173 225 2256 θεσσαλὼμ
236 2170 350 2248 πάντας
367 2172 438 2248 τοὺς
455 2169 537 2247 υίούς
550 2177 606 2237 τοῦ
617 2176 674 2257 βα·
705 2172 771 2238 δίαν
784 2170 882 2236 αὐτοῦ
900 2176 997 2258 ῥῆμα,
1022 2176 1123 2253 λέγων.
1162 2175 1268 2250 πάντες
1281 2180 1311 2240 οί

71 2258 181 2333 σιλέως.
195 2256 283 2321 2*καὶ
293 2247 587 2341 ἦλθενἈβεσσαλάμ
599 2250 676 2339 πρὸς
706 2257 765 2318 υἱοὶ
777 2257 833 2318 τοῦ
842 2256 986 2339 βασιλέως
1000 2254 1167 2334 ἀπέθανον,
1181 2256 1229 2324 δἐι
1243 2256 1306 2324 ἀλλ’

71 2339 122 2405 τὸν
140 2339 280 2427 βασιλέα,
305 2341 358 2404 καί
376 2336 461 2403 εἶπεν.
489 2337 555 2402 ἰδού
567 2334 604 2419 δη
616 2342 676 2401 κεί-
705 2333 845 2438 η”Αμνών
856 2333 1027 2418 μονώτατος
1044 2337 1187 2406 ἀπέθανε.
1213 2341 1246 2383 ³⁴
1259 2342 1311 2406 καί

70 2449 154 2526 ρουσι
167 2427 210 2502 τῷ
227 2417 326 2502 δούλῳ
346 2446 418 2496 σου,
442 2415 622 2504 πορευθητω
638 2418 674 2522 δη
707 2416 1029 2522 απέδραζἈβεσσιηλεύμἶ
1062 2425 1114 2484 καί
1124 2407 1176 2565 ᾗηε
1188 2423 1224 2486 τὸ
1237 2449 1310 2487 παι-

72 2533 89 2571 ο
102 2501 237 2591 βασιλεὺς
254 2504 306 2566 καὶ
323 2507 354 2566 οί
372 2502 474 2574 παῖδες
495 2499 590 2564 αὐτοῦ
602 2524 676 2581 μετα
707 2498 812 2583 δάριον
824 2525 841 2564 ο
855 2526 968 2574 σκοπος
979 2526 1049 2575 τους
1063 2499 1150 2579 ἀφθα
1167 2502 1241 2604 μούς
1254 2502 1310 2566 αύ-

70 2593 128 2654 'tofi
140 2581 253 2651 δούλου
269 2609 332 2648 σου.
358 2583 387 2625 ²⁵
407 2584 457 2646 καί
469 2580 547 2645 εἶπεν
560 2581 577 2646 ὁ
589 2587 674 2668 βασι·
707 2586 775 2657 τοῦ,
801 2584 852 2646 καί
874 2581 935 2646 εἶδε.
962 2586 1014 2647 καὶ
1036 2582 1102 2647 ἰδού
1124 2584 1197 2659 λαος
1217 2584 1311 2661 πολύς

71 2672 137 2745 λεὺς
150 2667 226 2754 πρὸς
233 2661 433 2752 Ἀβεσσαλιύιι.
450 2661 490 2748 μη
503 2661 539 2750 δη
552 2667 598 2729 υίέ
608 2690 676 2746 μου,
707 2661 901 2750 πορευόμενος
913 2669 989 2748 ἐντῆ
1003 2663 1064 2750 ὁδῷ
1078 2665 1204 2732 ὄπισθεν
1216 2665 1311 2732 αὐτοῦ

71 2754 111 2839 μη
126 2756 317 2838 πορευθώμεν
334 2744 440 2822 πάντες
457 2745 550 2832 ἡμεῖς,
575 2749 627 2812 καὶ
639 2745 675 2812 ού
707 2752 739 2814 ἐν
756 2748 885 2835 πλευράς
903 2753 957 2813 τοῦ
968 2735 1056 2835 ἀρους
1072 2753 1103 2816 ἐν
1118 2754 1157 2840 τῇ
1174 2747 1308 2837 καταβά-

70 2838 108 2921 u»)
121 2838 393 2920 καταβαρυνθώμεν
405 2827 455 2896 ἐπὶ
466 2830 504 2896 σε’.
531 2833 583 2897 καί
595 2826 676 2916 ἰβιά-
708 2857 759 2898 σει.
773 2836 824 2898 καί
836 2837 1011 2919 παρεγένετο
1024 2830 1042 2898 ὁ
1055 2838 1165 2910 σκοπὸς
1184 2836 1236 2899 καί
1248 2833 1309 2900 ἀπ-

71 2946 148 2987 σατο
162 2917 265 2994 αὐτὸν,
278 2920 329 2982 καὶ
343 2915 397 2981 ούκ
410 2913 539 3018 ἦθελησε
551 2918 606 2979 τοῦ
616 2939 675 2980 πο-
707 2909 818 2998 ήγγειλε
830 2921 874 3000 τῷ
887 2916 1015 3003 βασιλεῖ’,
1038 2919 1089 2981 καί
1101 2916 1186 2982 εἶπεν.
1201 2916 1309 3003 ἀνδρας

70 3007 222 3106 ρευθηναι,
236 3003 286 3065 καί
298 2995 454 3083 εὐλόγησεν
466 2993 568 3063 αυτόν.
588 2998 675 3061 2θκαί
706 2995 827 3085 ἑιύρακα
845 3003 877 3064 ἐκ
895 3004 947 3084 τῆς
969 2996 1045 3066 ὁδοῦ
1062 3004 1114 3084 τῆς
1138 2999 1259 3086 ὠρωνην
1277 3004 1308 3081 ἐκ

70 3085 346 3171 εἶπενΑβεσσαλὼμ
363 3080 440 3169 πρὸς
459 3079 559 3147 αὐτόν.
586 3082 638 3146 καὶ
650 3085 675 3144 εἰ
704 3086 809 3169 με’ρους
823 3086 879 3147 τοῦ
891 3082 987 3170 ὅρους.
1013 3083 1042 3126 ³⁵
1055 3084 1107 3147 καὶ
1119 3081 1195 3149 εἶπεν
1204 3081 1307 3148 Ἰωνα-

69 3170 120 3255 μίη,
133 3165 313 3253 πορευθητω
330 3163 368 3250 δὴ
381 3164 445 3250 μεθ’
467 3162 550 3248 ἡμῶν
558 3164 674 3268 Ἀμνὼν
704 3165 763 3253 δάβ
780 3166 855 3253 πρὸς
873 3164 1076 3252 τὸνβασιλέα.
1114 3167 1178 3232 ἰδού
1198 3171 1230 3232 οί
1248 3169 1308 3232 υἱοί

71 3252 87 3318 ὁ
102 3248 228 3333 ἀδελφός
239 3278 303 3332 μου.
330 3252 381 3314 καὶ
393 3249 470 3313 εἶπεν
487 3247 573 3314 αύτοῖ
585 3274 602 3312 ο
615 3251 673 3335 βα·
704 3257 757 3314 τοῦ
771 3250 917 3335 βασιλέως
934 3245 1065 3336 πάρεισι,
1092 3249 1170 3314 κατά
1187 3248 1241 3315 τὸν
1254 3250 1307 3314 λό-

71 3333 173 3409 σιλεύς.
213 3339 292 3397 ίνατί
323 3336 458 3416 πορευθῆ
491 3313 564 3413 μετά
579 3335 672 3409 ’σούς
703 3357 757 3408 γον
779 3336 835 3396 τοῦ
857 3328 966 3394 δούλου
988 3357 1043 3396 σου
1065 3328 1161 3405 ούτως
1183 3335 1305 3409 ἐγένετο.

71 3423 98 3462 ²⁷
116 3420 168 3481 καὶ
192 3411 332 3499 ἐβιάσατο
359 3403 453 3477 αὐτὸν
472 3410 672 3517 Ἀβεσσαλώμ,
703 3415 734 3457 ³⁰
746 3414 797 3477 καί
810 3416 923 3489 ἐγένετο
936 3410 1022 3495 ἡνίκα
1032 3412 1197 3479 συνετέλεσε
1207 3412 1307 3478 λαλῶν

70 3503 122 3564 καὶ
133 3495 285 3562 ἀπέστειλε
301 3493 358 3577 μετ’
370 3492 465 3559 αὐτοῦ
481 3518 534 3560 τον
559 3492 596 3558 Ἀ
616 3518 673 3559 νων
703 3497 754 3560 καὶ
767 3493 831 3560 ἰδού
852 3500 884 3559 οῖ
896 3498 956 3558 υἱοί
969 3500 1023 3560 τοῦ
1035 3493 1178 3580 βασιλέως
1199 3480 1306 3577 ἦλθον,

69 3584 120 3649 καὶ
132 3581 248 3654 πάντας
266 3576 337 3652 τούς
357 3573 440 3651 υίούς
454 3523 671 3680 τούβασιέλως.
704 3580 754 3643 καί
770 3581 885 3671 ἐπῇραν
903 3574 958 3661 τὴν
974 3574 1076 3661 φωνὴν
1092 3574 1259 3642 αὐτῶνκαὶ
1276 3579 1306 3640 ἔ-

69 3669 118 3732 καί
131 3670 270 3745 ἐποίησεν
277 3655 471 3746 Ἀβεσσαλώμ
483 3682 577 3724 ποτον
595 3656 673 3721 κατά
703 3660 845 3738 κλαυσαν,
870 3666 923 3726 καί
932 3685 964 3737 γε
982 3655 1147 3747 δβασιλεύς
1165 3660 1218 3723 καί
1229 3654 1306 3726 πάν-

69 3749 120 3817 τὸν
131 3745 228 3814 πότον
245 3751 299 3810 τοῦ
316 3742 468 3830 βασιλέως.
507 3742 539 3784 ²⁸
551 3740 602 3804 καί
614 3744 674 3804 ἐνε-
705 3769 750 3817 τες
762 3747 792 3808 ol
803 3744 905 3817 παῖδες
918 3741 1012 3807 αὐτοῦ
1028 3742 1178 3808 άιλαυσαν
1187 3742 1306 3809 κλαυθ-

71 3833 188 3898 τείλατο
204 3823 398 3911 Ἀβεσσαλώμ
420 3836 482 3900 τοῖς
505 3825 674 3908 παιδαρίοις
703 3823 759 3909 μὸν
770 3827 861 3907 μέγαν
874 3821 996 3911 σφόδρα.
1023 3825 1152 3893 37καίἈ
1170 3825 1306 3912 εσσαλάμ

70 3915 174 3991 αὐτοῦ,
189 3913 290 3991 λέγων.
317 3912 389 3976 ἴδετε
402 3905 443 3984 ὡς
460 3908 497 3973 ἀν
509 3907 672 4001 ἀγαθυνθῇ
703 3912 789 3990 ε”φυγε
802 3911 853 3973 καί
869 3905 1018 4013 ἐπορεύθη
1036 3907 1111 3994 πρὸς
1160 3911 1227 3993 ολμί
1240 3910 1306 3976 υίὸν

68 3997 86 4083 η
98 4001 207 4084 καρδία
215 3991 330 4081 Ἀμνων
344 3999 374 4058 ἓν
387 3998 431 4076 τῴ
444 3993 524 4077 οἴνῳ,
537 3994 587 4057 καὶ
599 3991 671 4055 εἴπω
701 3991 820 4077 Ἑμιούδ
831 3991 952 4079 βασιλεα
969 3991 1102 4078 Γεδσούρ
1116 3996 1154 4069 εἷς
1165 3999 1220 4078 γῆν
1234 4001 1304 4060 Χα-

68 4082 144 4166 πρὸς
157 4074 403 4163 ύμάς,πατάξατε
417 4073 596 4158 τὸνἈμνών,
620 4077 671 4139 καὶ
701 4073 827 4161 μααχάδ.
869 4076 921 4138 καὶ
946 4078 1106 4160 ἐπένθησεν
1131 4072 1148 4141 ὃ
1169 4078 1305 4165 βασιλεὺς

67 4162 264 4230 θανατώοατε
278 4158 378 4226 αὐτόν.
392 4159 431 4262 μη
446 4164 610 4245 φοβηθῆτε,
624 4154 671 4222 ὅτι
703 4160 799 4225 Λαυὶδ
811 4161 860 4226 ἐπὶ
878 4156 930 4222 τὸν
944 4160 1007 4224 υἱὸν
1026 4159 1122 4226 αὐτοῦ
1139 4162 1239 4236 πείσας
1252 4158 1305 4236 τάς

68 4247 133 4333 οὐχί
147 4242 602 4330 ἐγώεἰμιόἐντελλομενοςύμῖνς
616 4240 670 4306 ἀν·
702 4240 819 4327 ἡμέρας.
847 4244 877 4285 ⁸⁸
896 4246 946 4307 καί
962 4241 1155 4331 Ἀβεσσαλώμ
1178 4243 1305 4328 ἀπέδρα,

69 4334 199 4416 δρίζεσθε
222 4335 273 4395 καί
289 4335 404 4407 γίνεσθε
428 4332 466 4400 εἰς
487 4327 568 4400 υἱούς
581 4320 671 4390 δυνά-
702 4331 751 4392 καὶ
763 4322 912 4411 ἐπορεύθη
925 4333 963 4401 εἰς
975 4329 1123 4412 Γεδσούρ,
1137 4328 1187 4389 καὶ
1202 4312 1237 4406 ἦν
1249 4331 1308 4390 ε’κεί

86 4441 148 4489 εως.
187 4416 217 4456 ²9
231 4415 279 4477 καί
304 4415 445 4493 ἐποίησαν
463 4409 502 4473 τά
525 4404 671 4489 παιδάρια
702 4411 843 4493 ἔτητρία.
871 4411 965 4472 3’ἐκαὶ
984 4404 1305 4488 ἐκόπασενὸβασιλεύς

64 4496 248 4585 Αβεσοαλώμ
261 4501 303 4579 τῷ
323 4493 445 4576 Ἀμνὼν,
470 4489 553 4557 καθά
567 4495 669 4555 ἐνετεί-
702 4495 798 4558 Δαυὶδ
810 4497 870 4634 w}
879 4494 1004 4566 ἐξελθεῖν
1016 4489 1091 4572 πρὸς
1106 4485 1305 4587 Ἀβεσσαλσὲμ,

1259 4591 1308 4628 οτι
