2924 4972
464 216 531 277 Po
547 215 616 279 ΤΘ
657 218 734 294 Κεφ.
748 202 787 277 α’.
800 205 842 298 β’.
857 213 885 278 1.
899 214 929 277 ἳ.
1257 212 1322 279 269

71 322 220 391 ἀπέθανεν
235 322 381 411 Ἐλκμθεχ
399 322 417 390 ὁ
436 324 512 411 ἀνὴρ
526 331 577 410 τῆς
590 332 679 393 Nm-
712 335 803 413 τησαί
810 354 861 411 μοι
878 334 934 393 τοῦ
947 328 1120 395 καταλιπεῖν
1132 354 1182 404 σε,
1208 328 1321 432 η’ῦπο-

69 413 132 492 μίν,
157 412 209 474 καί
227 409 409 492 κατελείφθη
428 405 505 494 αῦτη
516 412 568 475 καί
581 414 612 475 σί
623 407 679 476 δύο
711 415 839 497 στρέψαι
866 410 997 479 ὄπισθέν
1023 437 1094 487 σου,
1121 408 1168 477 ὅτι
1187 438 1225 477 ου
1243 410 1321 479 ὃπου

70 493 131 558 υίοί
152 490 253 574 αῦτης.
292 494 377 557 4καὶ
395 489 544 579 έλάβσσαν
562 494 680 570 ἑαυτοῖς·
711 492 763 561 ἐόν
774 501 934 587 πορευθῇς,
946 491 1144 579 πορεύσομαι,
1153 498 1205 560 καί
1217 486 1255 560 οῦ
1267 488 1318 562 ἐόν

69 586 210 653 γυναῖκας
219 576 430 661 Μωαβίτιδας.
457 574 553 659 ὄνομα
566 581 603 667 τῇ
616 583 679 659 μιᾷ,
711 576 868 670 αῦλισθῇς,
880 576 1113 661 αῦλιαθησομαι.
1140 573 1158 642 ῦ
1171 573 1245 653 λαός
1256 603 1319 655 σου,

67 655 175 743 Ὀρφά.
199 659 251 722 καί
264 655 360 739 ὄνομα
371 663 410 751 τῇ
423 660 558 745 δευτέρᾳ,
570 653 678 725 Ῥούθ.
711 656 784 735 λαός
795 688 867 742 μου,
890 667 942 727 καί
957 659 975 726 ὁ
992 658 1063 737 θεός
1076 688 1147 738 σου,
1170 656 1242 736 θεός
1253 686 1319 743 μου.

69 745 119 806 καί
131 738 312 825 κατῴκησαν
325 746 385 806 ἐκεῖ
395 739 435 816 ὡς
447 743 518 808 δέιια
531 747 593 826 ἐτη.
608 746 680 808 5καί
711 743 804 810 1ίιιαέ
821 735 858 808 οῦ
872 742 924 807 ἐόν
941 742 1115 838 ἀποθάνῃς,
1142 741 1320 811 ἀποθανοῦ-

68 822 225 890 άπέθανον
243 830 297 890 καί
311 850 344 904 γε
363 822 524 910 ἀμφότεροι
537 822 680 891 Μααλών
710 852 780 907 μαι,
801 823 887 909 κᾴκεῖ
898 824 1078 911 ταφησομαι.
1104 824 1177 893 τόδε
1192 823 1320 912 ποιησαι

67 912 119 974 καί
131 903 283 974 Χελιιιοίν.
309 912 360 974 καὶ
377 908 560 1013 κατελείφθη
574 905 592 994 ἦ
604 907 678 991 γυνὴ
710 933 761 990 μοι
779 904 893 993 κύριος,
919 914 969 975 καί
990 906 1062 975 τάδε
1083 918 1243 1015 προςθείη,
1271 908 1319 975 ότι

68 988 133 1055 ἀπὸ
152 995 209 1056 τοῦ
225 989 331 1078 ἀνδρὸς
343 990 454 1077 αὐτῆς,
478 996 530 1057 καί
543 991 605 1057 απὸ
619 997 680 1055 τῶν
710 986 848 1065 θάνατος
864 991 1010 1057 διαστελεῖ
1026 989 1172 1075 ἂναμεσον
1183 998 1256 1076 ἐμοῦ
1269 998 1319 1060 καί

68 1068 124 1138 δύο
143 1079 215 1139 υἱῶν
233 1072 336 1158 αὐτῆς.
374 1077 455 1141 “nal
472 1073 582 1158 ἀνέστη
602 1070 678 1156 αῦτη
711 1078 776 1138 σοῦ.
815 1073 845 1117 ¹⁸
859 1075 967 1140 ἰδοῦσα
984 1074 1017 1138 δὲ
1033 1078 1155 1157 Νωεμίν
1179 1075 1227 1141 ὅτι
1245 1103 1320 1162 κρα-

66 1161 118 1222 καί
128 1162 162 1223 αί
172 1153 228 1223 δύο
239 1154 349 1239 νύμφαι
361 1155 465 1243 αὐτῆς,
476 1161 526 1221 καί
536 1156 679 1237 ἀπέστρι-
711 1160 851 1221 ταιοῦται
877 1154 955 1240 αῦτίγ
979 1160 1037 1221 τοῦ
1061 1152 1242 1241 πορεύεσθαι
1259 1157 1316 1240 μετ’

67 1261 134 1344 φαν
148 1243 179 1316 ἐξ
193 1238 288 1324 ῦγροῦ
304 1240 425 1327 Μαιὰβ,
451 1237 498 1305 ότι
514 1238 636 1322 ἤκουσεν
648 1241 679 1306 ἐν
711 1236 817 1322 αὐτῆς,
829 1233 957 1304 ἐκόπασε
968 1244 1023 1304 τοῦ
1035 1238 1166 1322 λαλῆσαι
1178 1238 1256 1323 πρός
1266 1240 1320 1305 αῦ-

67 1327 154 1407 αγρῷ
177 1320 284 1426 Μωὰρλ
308 1319 356 1388 ὅτι
381 1326 558 1388 ἐπέσκεπται
579 1319 680 1407 κύριος
710 1319 764 1405 τίην
789 1326 843 1387 έτι.
868 1324 897 1365 ¹⁰
913 1318 1125 1408 ἐπορεύθησαν
1142 1321 1174 1386 δὲ
1191 1318 1322 1425 ἀμφότε-

68 1406 125 1470 τὸν
144 1402 221 1468 λαὸν
241 1409 352 1480 αυτοῦ,
376 1406 482 1470 δοῦναι
503 1402 606 1480 αὐτοῖς
623 1403 679 1489 άρ-
710 1431 776 1488 ραι,
802 1410 857 1481 ἕως
869 1410 926 1471 τοῦ
939 1406 1165 1489 παραγενέσθαι
1176 1403 1271 1481 αῦτας
1283 1410 1322 1481 είς

67 1514 149 1561 τους.
177 1489 254 1553 7καί
271 1490 394 1572 ἐξῆλθεν
411 1492 443 1554 ἐκ
459 1492 515 1555 τοῦ
528 1484 625 1553 τόπου
641 1481 678 1552 ού
708 1487 862 1571 Βηθλεέμ.
900 1491 952 1553 καί
975 1491 1093 1564 ἐγένετο
1110 1491 1141 1552 ἐν
1158 1492 1203 1569 τῷ
1220 1488 1320 1555 ἐλθεῖν

67 1561 105 1654 ἦν
119 1575 191 1645 ἐκεῖ,
211 1575 260 1636 καί
273 1575 307 1635 αί
318 1566 373 1635 δύο
388 1566 498 1655 νύμφαι
511 1568 605 1654 αὐτῆς
615 1568 675 1654 μετ’
709 1568 803 1645 αῦτάς
821 1575 860 1645 είς
877 1570 1038 1654 Βηθλεέμ,
1063 1573 1114 1636 καί
1131 1568 1218 1654 ἤχησε
1234 1576 1319 1637 πᾶσα

69 1652 171 1737 αὐτῆς.
197 1658 248 1718 καί
259 1649 440 1733 ἐπορεύοντο
453 1657 483 1719 ἐν
496 1660 532 1735 τῇ
546 1651 609 1738 ὁδῷ
623 1657 676 1719 τοῦ
709 1656 726 1738 ἡ
740 1647 825 1729 πόλις
838 1651 883 1719 ἐπ’
898 1652 1014 1728 αῦταῖς,
1027 1656 1079 1719 καί
1091 1651 1183 1718 εἶπον.
1205 1658 1230 1718 ελ
1242 1651 1318 1738 αῦτη

67 1739 246 1819 ἐπιστρέψαι
262 1735 432 1821 εἰςτίγυγην
446 1724 528 1805 Ἰούδ
551 1786 558 1803 .
598 1739 677 1801 8καί
709 1739 856 1803 ίστὶΝωε
882 1741 921 1815 ’,-
945 1739 977 1779 ²⁰
990 1741 1041 1802 καί
1053 1734 1116 1801 εἶπε
1127 1733 1203 1819 πρός
1216 1733 1317 1813 αῦτάς.

66 1819 128 1885 εἶπε
142 1823 263 1900 Νωεμὶν
277 1832 342 1896 ταῖς
355 1821 422 1886 δυσί
434 1816 561 1904 νύμφαις
573 1818 675 1905 αῦτης.
707 1818 746 1902 μη
761 1818 798 1923 δίη
811 1819 928 1885 καλεῖτέ
937 1845 973 1902 με
982 1823 1111 1901 Νωεμίν.
1126 1820 1275 1888 καλέσατέ
1281 1846 1317 1904 με

65 1899 228 1990 πορεύεσθε
240 1901 277 1986 δη
290 1900 506 1990 ἇιτοστράφητε
518 1900 627 1986 ἑκάστη
637 1909 676 1978 εἰς
707 1929 826 1988 πικραν,
851 1900 899 1969 ὅτι
912 1899 1077 2003 ἐπικράνθη
1096 1904 1125 1968 ἐν
1137 1900 1234 1985 ἐμοίό
1248 1907 1317 1969 ίκα-

68 1985 150 2052 οίκον
165 1987 275 2072 μητρὸς
294 1985 395 2071 αῦτίγς.
431 1985 557 2072 ποιησαι
574 1982 676 2072 κύριος
708 1984 756 2062 νὸς
769 1983 898 2071 σφόδρα.
911 1984 1003 2062 2ῑέγώ
1016 1985 1130 2089 πληρης
1140 1983 1314 2072 ἐπορεύθην,

65 2066 129 2150 μεθ’
142 2067 223 2153 ὑμῶν
236 2070 330 2146 ἔλεος,
340 2068 444 2147 καθὼς
457 2068 615 2156 ἐποιήσατε
624 2095 675 2154 μι-
708 2073 760 2135 καί
777 2066 862 2154 κενὴν
875 2067 1045 2155 ῦπέστρεψέ
1055 2093 1089 2152 με
1101 2096 1120 2135 ο
1130 2064 1239 2154 κύριος.
1265 2076 1317 2137 καί

66 2149 105 2217 τό
131 2158 191 2219 τῶν
215 2148 405 2237 τεθνηκότων
430 2159 481 2220 καί
504 2153 562 2238 μετ’
592 2158 674 2237 ἐμοῦ.
709 2156 791 2218 ίνατί
806 2153 921 2219 καλεῖτέ
936 2178 971 2236 με
987 2156 1121 2234 Νωεμὶν,
1147 2157 1199 2217 καὶ
1215 2150 1317 2238 κύριος

67 2231 154 2318 ς’δῴη
166 2231 267 2321 κύριος
280 2235 346 2321 ύμῖν
358 2242 409 2303 καί
422 2235 525 2322 εῦρητε
537 2233 676 2305 άνάιταυ-
708 2239 889 2302 ἐταπείνωσέ
900 2262 950 2320 με,
976 2240 1028 2302 καί
1040 2232 1063 2299 ὁ·
1073 2232 1172 2311 ἱκανός
1184 2231 1316 2303 ἐκάκωσε

67 2343 112 2384 σιν
124 2314 234 2403 ἑκάστη
248 2322 280 2383 ἐν
292 2322 367 2402 οἴκῳ
379 2319 486 2407 ἀνδρὸς
498 2320 600 2406 αὐτῆς.
625 2323 676 2385 καὶ
704 2345 740 2424 με
745 2348 757 2397 ,·
799 2323 828 2363 ²²
847 2323 898 2385 καί
927 2322 1091 2403 ἐπέστρεψε
1115 2323 1236 2402 Νωεμέν
1265 2323 1318 2385 καί

67 2403 262 2483 κατεφίλησεν
284 2402 400 2479 αῦτάς..
424 2412 474 2472 καί
491 2408 606 2496 ἐπῇραν
623 2400 677 2486 την
712 2401 802 2469 Ρούθ
827 2400 846 2487 ἡ
871 2407 1032 2487 Μωαβίτις
1057 2399 1076 2484 ἡ
1101 2398 1199 2485 νύμφη
1224 2400 1302 2505 αῦτη

68 2481 170 2566 φωνην
189 2481 306 2561 αὐτῶν,
329 2489 548 2552 καίέκλαυσαν.
584 2489 614 2529 ¹⁰
627 2489 677 2551 καί
709 2490 940 2569 ἐπιστρέφουσαι
958 2488 988 2560 ἐξ
1006 2481 1104 2569 ἄγ’ροῦ
1117 2480 1232 2568 Μωάβ.
1260 2511 1281 2549 α
1303 2524 1318 2537 -

67 2566 157 2631 εἶπαν
175 2564 261 2670 αῦτη.
293 2567 366 2650 μετὰ
390 2572 448 2632 σοῦ
467 2571 677 2651 ἐπιστρέφομεν
709 2596 759 2634 ται
772 2570 802 2635 δι’
817 2563 1063 2652 παρεγενήθησαν
1081 2571 1119 2642 είς
1131 2565 1275 2650 Βηθλεὲμ
1286 2569 1318 2630 ἐν

68 2656 107 2724 εἰς
122 2646 174 2714 τόν
191 2649 265 2714 λαον
276 2676 338 2716 σου.
365 2655 454 2718 11καὶ
471 2651 532 2718 εἶπε
544 2655 675 2735 Νωεμίν.
709 2651 786 2746 ἀρχῇ
799 2656 942 2738 θερισμοῦ
953 2655 1077 2736 κριθῶν.

67 2728 270 2818 ἐπιστράφητε
285 2730 320 2818 δη
338 2740 501 2821 θυγατέρες
518 2761 586 2820 μου.
626 2739 677 2802 καί
897 2741 931 2800 Κ
942 2742 972 2799 Ε
984 2741 1021 2799 ‹1›.
1066 2729 1121 2799 B'.

68 2820 151 2881 ίνατί
160 2814 325 2900 πορεύεσθε
336 2816 396 2900 μετ’
411 2823 484 2902 ἐμοῦ
487 2847 500 2897 ;
516 2817 557 2904 μὴ
570 2823 615 2885 ἔτι
626 2846 677 2902 μοι
709 2787 791 2886 Καὶ
808 2825 845 2923 τῇ
864 2823 987 2901 Νωεμίν
1011 2814 1086 2921 ῦυίηρ
1112 2815 1256 2900 γνώριμος
1273 2824 1316 2902 τῷ

67 2902 125 2964 υῖοί
138 2904 169 2964 ἐν
183 2927 220 2992 τη·
233 2900 330 2983 κοιλίᾳ
343 2928 408 2983 μου,
418 2906 470 2969 καὶ
481 2907 599 2969 ἔσονται
613 2900 677 2985 ύμῖν
709 2902 795 2985 ἀνδρὶ
807 2909 914 2986 αυτης,
939 2901 957 2967 ὁ
970 2901 1002 2966 δέ
1015 2899 1091 2984 ἆνηρ
1105 2902 1227 2976 δυνατός
1240 2908 1316 2985 ἰσχύι

67 2989 105 3054 εἰς
119 2984 228 3069 ἄνδρας
233 3014 245 3062 ;
270 2987 297 3025 ¹²
310 2981 509 3069 ἐπιστράφητε
526 2984 562 3068 δίη
575 2996 677 3062 θυγα-
708 2990 740 3050 ἐκ
753 2993 805 3068 τῆς
818 2991 980 3064 συγγενείας
990 2982 1146 3068 Ἐλιμελεχ,
1158 2989 1210 3050 καὶ
1221 2983 1317 3069 ὄνομα

65 3069 146 3151 τέρες
156 3093 231 3148 μου,
255 3065 332 3133 διότι
350 3064 500 3173 γεγηρακα
512 3074 568 3135 τοῦ
581 3068 620 3152 μὴ
635 3068 676 3134 εἶ·
709 3068 791 3151 αύτῷ
804 3067 897 3147 Βοόζ.
917 3072 990 3135 2καί
1001 3066 1061 3133 εἷπε
1070 3065 1167 3134 Ῥούθ
1180 3064 1197 3151 ί]
1212 3076 1316 3135 Μωα-
1377 3140 1384 3158 ¹

66 3175 113 3213 ναι
127 3150 221 3235 ἀνδρί.
245 3146 291 3216 ότι
304 3150 384 3226 εἶπα,
398 3176 445 3217 οτι
459 3155 521 3218 έστι
533 3179 584 3236 μοι
599 3148 676 3219 ύπό-
707 3157 782 3239 βίτις
799 3152 874 3238 πρὸς
891 3158 1020 3235 Νωεμίν.
1059 3158 1203 3238 πορευθῶ
1223 3151 1259 3234 δη
1278 3159 1317 3228 είς

68 3258 170 3309 στασις
195 3239 249 3299 τοῦ
273 3239 433 3318 γενηθῆναί
450 3262 484 3316 με
503 3235 597 3320 ἀνδρί.
624 3238 677 3300 καὶ
709 3235 816 3321 ἀγρὸν,
842 3241 893 3301 καί
918 3232 1033 3310 συνάξω
1059 3239 1089 3301 ἐν
1111 3249 1174 3309 τοῖς
1192 3232 1316 3318 στάχυσι

66 3320 188 3398 τέξομαι
203 3312 296 3420 υἱούρ.
332 3319 359 3359 ¹³
371 3318 411 3401 μίγ
427 3317 538 3394 αύτούς
550 3321 676 3399 προςδέ-
708 3314 890 3383 κατόπισθεν
921 3311 956 3380 οῦ
991 3316 1044 3380 ἐὰν
1074 3315 1151 3397 εῦρω
1177 3313 1261 3399 χάριν
1287 3322 1317 3381 ἐν

66 3402 154 3474 ξεσθε
170 3404 225 3472 ἕως
245 3424 281 3463 συ
301 3396 506 3486 ῦδρυνθιῦσινς
534 3400 553 3486 ἢ
573 3401 676 3475 αὐτοῖς
708 3400 881 3480 ὀφθαλμοῖς·
893 3397 997 3463 αὐτοῦ.
1024 3396 1128 3462 εἷπεδὲ
1145 3397 1233 3487 αὐτῇ.
1258 3424 1317 3463 πο-

67 3478 328 3563 κατασχεθηυεσθε
347 3490 402 3549 τοῦ
415 3483 455 3568 μὴ
469 3489 609 3564 γενέσθαι
623 3484 677 3547 άν-
708 3480 794 3568 ρεύσυ
812 3477 953 3562 θύγατερ.
984 3482 1063 3544 3καί
1081 3474 1243 3562 ἐπορεύθη.
1268 3485 1319 3548 καί

67 3569 131 3649 δρί,Ι
155 3561 196 3647 μη
214 3562 250 3648 δίη
263 3570 426 3652 θυγατέρες
444 3595 518 3650 μου,
544 3565 593 3632 ὅτι
610 3571 675 3632 ἐπι·
709 3567 843 3632 ἐλθοῦσα
869 3565 1014 3639 συνελεξεν
1032 3565 1062 3628 ἐν
1079 3567 1125 3647 τῷ
1144 3560 1227 3645 ἆγρῷ
1245 3589 1317 3628 κατ-

68 3646 185 3733 κράνθη
197 3674 247 3729 μοι
260 3645 335 3735 ύπέρ
350 3646 434 3732 ὑμᾶς,
451 3648 498 3714 ὅτι
511 3650 632 3732 ἐξῆλθεν
645 3654 676 3714 ἐν
709 3647 820 3715 όπισθε
832 3655 892 3715 τῶν
904 3643 1091 3732 θεριζόντων.
1108 3651 1159 3712 καί
1170 3649 1318 3730 περιέπεσε

68 3735 132 3812 ἐμοὶ
147 3734 208 3817 χείρ
226 3739 337 3813 κυρίου.
374 3734 404 3775 ¹⁴
417 3738 469 3798 καί
489 3738 603 3826 ἐπηραν
624 3729 677 3816 την
707 3727 912 3816 περιπτώματι
923 3738 959 3824 τῇ
967 3731 1059 3816 μερίδι
1069 3735 1124 3796 τοῦ
1132 3729 1318 3814 ῦγροῦΒοὸζ
1391 3734 1395 3740 ’

68 3812 166 3898 φωνην
180 3812 295 3890 αῦτιῦυ,
321 3820 372 3880 καί
385 3818 535 3882 ἔκλαυσαν
548 3821 600 3881 ἔτι.
625 3820 677 3881 καὶ
710 3821 763 3881 τοῦ
776 3818 807 3878 ἐκ
821 3822 873 3897 της
887 3822 1048 3892 συγγενείας
1058 3813 1212 3899 Ἐλιμῦεχ.
1237 3815 1254 3858 ⁴
1266 3821 1317 3882 καί

67 3898 257 3983 κατεφίλησεν
272 3896 374 3982 Ὀρφά
392 3897 447 3983 την
460 3898 606 3983 πενθεράν
620 3898 676 3965 α’ῦ-
709 3898 772 3965 ίδαύ
783 3904 870 3975 Βοοζ
882 3889 972 3980 ἦλθεν
984 3903 1015 3962 ἐκ
1026 3897 1180 3982 Βηθλεέμ,
1194 3904 1245 3966 καί
1255 3899 1317 3965 εἷπε

67 3988 118 4065 της
124 4031 134 4057 ,
158 3985 210 4046 καὶ
222 3984 401 4067 ἐπέστρεφεν
415 3988 453 4058 εἰς
466 3982 519 4048 τόν
531 3982 605 4048 λαόν
617 3981 676 4050 αύ·
709 3998 770 4058 τοῖς
782 3987 941 4067 θεριῖουσι.
966 3979 1065 4064 κύριος
1077 3980 1142 4065 μεθ’
1159 3981 1246 4064 ὑμῶν.
1266 3989 1318 4049 καὶ

66 4071 128 4147 της,
135 4062 233 4131 Ῥούθ
243 4063 274 4128 δὲ
285 4063 488 4149 ἠκολούθησεν
497 4065 583 4149 αῦτη.
594 4070 677 4132 15καὶ
708 4067 793 4134 εἷπον
806 4068 900 4150 αὐτῷ.
915 4064 1071 4146 εῦλογὴσαι
1084 4091 1114 4132 σε
1126 4062 1233 4150 κύριος.
1248 4070 1317 4132 Βκαί

67 4148 127 4215 είπε
144 4151 268 4226 Νωεμίν
285 4147 364 4233 πρὸς
382 4146 489 4216 Ῥούθ.
523 4142 588 4215 ἐδὸύ
607 4149 675 4215 άνέ-
709 4150 864 4228 είπεΒοόζ
877 4157 920 4234 τῷ
929 4151 1080 4234 παιδαρίῳ
1090 4149 1238 4231 αῦτοῦτῷ
1249 4152 1316 4231 ἐφε-

68 4254 177 4320 στρεψε
195 4227 359 4312 σύννυμφός
376 4259 428 4297 σου
445 4230 521 4317 πρὸς
535 4230 677 4300 λαὸναῦ-
709 4238 798 4299 στοῦτι
824 4239 873 4302 ἐπὶ
897 4233 966 4308 τούς
990 4239 1172 4317 θερίζοντας.
1201 4229 1316 4315 τίνοςὴ

66 4320 182 4400 τηςκαί
197 4312 274 4400 πρὸς·
287 4313 358 4390 τούς
376 4316 468 4390 θεούς
481 4316 587 4400 αὐτῆς,
611 4320 678 4381 ἐπι-
710 4320 800 4391 νεῦνις
819 4315 911 4399 αῦτη,·
937 4318 1017 4382 θκαὶ
1034 4316 1182 4398 ἀπεκρίθη
1196 4312 1313 4378 τόποι-

67 4395 223 4486 στράφηθι
240 4396 277 4478 δίη
295 4403 347 4462 καὶ
366 4395 403 4463 σύ
422 4398 521 4465 ὀπίσω
537 4404 590 4480 τῆς
608 4423 677 4463 συν-
710 4395 812 4483 δάριον
834 4397 870 4464 τό
890 4396 1011 4477 ἐφιστὰς
1030 4400 1081 4461 ἐπὶ
1096 4390 1166 4491 τούς
1182 4394 1315 4476 θερίζον*

68 4479 257 4566 νύμφ-ουσου.
268 4475 679 4568 1υἰϊπιδὲῬρύο.,ιθμὶπθυ-
692 4544 696 4557 ,
711 4507 784 4559 τας,
809 4484 859 4547 καί
878 4480 965 4561 εἶπεν.
979 4475 1013 4559 ἢ
1032 4486 1103 4548 παῖε·
1121 4503 1139 4556 η
1157 4478 1317 4612 Μωᾱρίίῐξθ

354 4566 360 4576 “
1254 4573 1317 4614 στιν
