2924 4972
534 40 647 111 W·

107 185 172 254 σαν
303 184 599 248 mmm
620 184 855 249 wwrff
893 186 969 261 κιρ.
984 183 1020 257 ε’.
1034 184 1070 264 η’.
1084 186 1114 248 7.
1129 187 1159 248 ο.

105 301 241 384 είςηλθον
253 302 292 374 είς
303 296 411 384 σκηνὴν
421 296 526 380 ἀλλην,
539 301 590 362 καὶ
602 299 715 384 ἔλαβον
747 295 887 381 ἐλάλησεν
905 301 936 360 ἐν
953 301 998 378 τῷ
1014 302 1178 382 καταβῆναι
1194 300 1249 364 τὸν
1268 301 1355 381 ἀγγε-

106 387 219 448 ίκεῖθεν
243 384 296 447 καλ
321 375 542 466 ἐπορεύθησαν,
567 382 617 444 καί
640 404 716 445 κατ·
746 381 801 444 λον
817 375 893 465 πρὸς
906 375 1006 441 αὐτόν.
1032 379 1125 441 18καί
1139 382 1254 455 ἐγένετο
1269 384 1357 450 καθά

109 468 250 551 ε’κουψαν.
289 468 369 529 9καί
385 462 464 526 εἶπεν
482 461 559 547 ἀνὴρ
571 462 649 546 πρὸς
661 460 715 526 τόν
747 457 888 543 ἐλάλησεν
901 456 1032 523 Ἐλισαιὲ
1047 458 1125 542 πρὸς
1144 459 1199 525 τὸν
1217 467 1357 547 βασιλέα,

109 528 236 636 πλησίον
248 547 351 614 αὐτοῦ.
374 542 428 626 ούχ
442 540 539 619 ούτως
553 542 632 629 ἡμεῖς
643 571 715 611 ποι-
746 544 847 622 λίγων.
861 544 994 626 δίμετρον
1006 546 1112 628 κριθης
1125 543 1228 608 σίκλου
1239 550 1291 611 καὶ
1302 552 1359 632 με’.

110 640 215 715 οῦμενς
240 631 259 715 ἢ
273 627 366 713 ἡμέρα
379 627 472 711 αύτη,
485 624 583 714 ἡμέρα
595 627 715 706 εύαγγε-
746 650 817 713 τρον
829 624 1004 709 σεμιδάλεως
1017 624 1126 691 σίκλου.
1151 629 1202 689 καὶ
1215 631 1298 693 ἔσται
1312 629 1358 707 ὡς

107 716 173 789 λίας
197 715 273 785 ἔστί,
305 712 357 774 καί
384 707 462 794 ἡμεῖς
488 715 643 793 σιωπῶμεν
665 712 715 776 καὶ
747 705 849 795 ἵηῶρα
866 707 969 793 αύριον
982 712 1013 772 ἐν
1026 713 1062 791 τῆ
1073 704 1153 792 πύλη
1172 716 1355 794 Σαμαρείας.

106 799 229 878 μένομεν
241 797 296 866 ἕως
308 790 411 872 φωτὸς
424 795 483 857 τού
494 792 590 877 πρωῒ,
603 794 655 857 καί
666 789 715 856 εύ-
745 793 774 834 ¹⁰
787 794 840 857 καί
855 790 1004 877 ἀπεκρίθη
1017 790 1033 855 5
1044 781 1204 897 ’τριστάτης
1215 798 1260 876 τῶ
1272 791 1355 860 Ἔλι.

107 875 235 962 ριξσομεν
252 874 385 958 ἀνομίαν.
411 879 462 940 καί
474 879 525 939 νῶν
538 875 639 961 δεῦρο,
664 875 716 938 καί
747 872 822 950 σαιὲ,
840 878 892 940 καί
904 875 990 940 εἶπεν.
1019 875 1083 938 ίδου
1098 872 1196 962 κύριος
1208 888 1289 941 ποιεῖ
1297 904 1354 943 κα-

107 959 280 1042 εἰςελθωμεν
302 961 354 1023 καί
371 957 583 1040 ἀναγγείλωμεν
606 963 646 1033 είς
663 954 716 1022 τόν
747 953 897 1043 ταράκτας
910 961 941 1022 ἐν
953 962 997 1041 τῷ
1011 955 1046 1022 οὗ
1067 965 1129 1040 ανῶ
1138 1010 1147 1035 ,
1171 956 1210 1043 μη
1224 962 1304 1025 ἔσται
1317 961 1353 1025 τὸ

108 1041 193 1108 οἶκον
210 1046 266 1108 τοῦ
282 1041 435 1130 βασιλέως.
469 1043 498 1084 ¹⁰
510 1043 562 1105 καί
578 1041 715 1125 είςηλθον
746 1043 825 1146 ρῆμα
837 1047 930 1106 τοῦτο
935 1070 948 1119 ,·
973 1043 1025 1105 καί
1036 983 1261 1108 ελπενἙλισαιί.
1288 1045 1352 1109 ἰδοὺ

107 1131 159 1193 καί
177 1122 303 1214 ἐβόησαν
319 1125 396 1213 πρὸς
413 1122 466 1207 την
477 1119 575 1206 πύλην
590 1129 643 1208 τῆς
654 1120 714 1188 πά-
747 1125 816 1206 ὀψει
826 1135 890 1200 τοῖς
901 1122 1074 1207 ὀφθαλμοῖς
1087 1150 1157 1202 σου,
1179 1128 1231 1189 καί
1243 1130 1353 1191 ἐκεῖθεν

108 1211 192 1286 λεως,
211 1212 262 1276 καί
275 1204 446 1294 ἀνηγγειλαν
458 1203 560 1281 αὐτοῖς
572 1206 714 1284 λέγοντες.
747 1207 783 1273 ού
795 1206 835 1292 μη
848 1203 937 1310 φάγη.
952 1209 983 1250 ²⁰
989 1210 1040 1271 καὶ
1052 1209 1168 1286 ἐγένετο
1183 1204 1288 1283 οὕτως,
1302 1212 1353 1274 καί

110 1290 279 1379 είςηλθομεν
305 1297 343 1366 είς
369 1289 424 1375 τὴν
442 1288 633 1375 παρεμβολὴν
651 1297 713 1353 Συ·
748 1315 953 1374 συνεπατησαν
970 1287 1065 1354 αὗτόν
1080 1286 1098 1354 5
1113 1290 1187 1367 λαός
1201 1294 1232 1356 ἐν
1244 1296 1282 1388 τῇ
1295 1290 1354 1357 πύ-

110 1385 185 1464 ρίας,
199 1380 250 1441 καί
263 1373 327 1440 ἰδού
340 1371 395 1439 οὐκ
409 1375 488 1437 ἔστιν
501 1375 559 1437 ἐκεῖ
576 1371 651 1457 ἀνὴρ
664 1373 716 1436 καί
747 1375 799 1458 λη,
825 1377 876 1440 καὶ
888 1371 1032 1440 ἀπίθανε.

135 1454 393 1564 ωνὴάνθριόπου,
413 1449 715 1539 ὀτιείμηίπποςδε-
767 1446 772 1471 ’
938 1462 1012 1519 ΚΕ
1026 1461 1064 1519 Φ.
1107 1454 1163 1520 H'.

109 1485 225 1625 δεμένσς
237 1566 288 1603 και
301 1536 379 1614 ὀνσς,
392 1541 488 1602 καλαί
500 1540 604 1621 σκηναί
617 1536 716 1604 αότῶν
747 1506 804 1604 Κ
800 1541 834 1603 αλ
840 1536 969 1604 Ἐλισαιὲ
981 1535 1103 1623 ἐλάλησα
1110 1538 1187 1625 πρὸς
1196 1537 1250 1625 τὴν
1258 1565 1351 1620 γυναι·

109 1621 151 1702 ῶς
168 1628 232 1690 είσί.
270 1625 296 1664 ¹¹
309 1622 361 1686 καί
376 1615 504 1707 ἐβόησαν
522 1626 553 1687 οῖ
569 1625 714 1707 θυρωροί,
747 1649 787 1688 κα
810 1613 845 1706 ἧς
870 1619 967 1698 ἐζωπύ
988 1647 1039 1705 ησε
1063 1621 1117 1686 τὸν
1141 1624 1223 1701 υἱὸν,
1251 1625 1350 1703 λέγων.

109 1711 161 1775 καλ
177 1701 350 1790 ἀνηγγειλαν
367 1708 406 1779 είς
424 1702 477 1768 τόν
489 1703 574 1770 οἷκον
592 1708 714 1851 τοῦβα-
748 1701 895 1789 ἀνάστηθι
907 1708 959 1769 καί
970 1647 1020 1770 διά
1039 1703 1104 1770 οσύ
1115 1707 1166 1770 καὶ
1176 1703 1194 1770 5
1203 1703 1287 1784 οἶκός
1298 1734 1352 1773 σου

110 1791 215 1864 σιλέως
227 1793 295 1855 δὀα.
321 1789 413 1852 12καί
431 1785 537 1871 ἀνίστη
550 1784 568 1852 5
581 1790 651 1875 βασι
685 1785 715 1862 ύς
747 1792 798 1854 καί
809 1795 945 1874 παροίκει
963 1781 999 1853 ού
1018 1731 1072 1853 λάν
1083 1785 1278 1888 παροικηοης,
1305 1787 1353 1854 ὅτι

109 1870 227 1947 νυκτὸς,
254 1871 306 1935 καί
328 1867 406 1935 εἶπεν
423 1866 501 1955 πρὸς
517 1867 589 1946 τούς
605 1871 716 1945 παῖδας
747 1871 865 1955 κέκληκε
877 1868 977 1957 κύριος
989 1871 1072 1955 λιμὸν
1085 1874 1134 1934 ε’πί
1146 1869 1199 1952 την
1209 1896 1279 1953 γην,
1300 1879 1355 1937 καί

111 1955 213 2022 αὐτοῦ.
240 1950 392 2031 ἀναγγελῶ
409 1950 445 2037 δη
462 1949 528 2035 ύμῖν
545 1948 716 2037 ἀίποίησεν
746 1981 779 2035 γε
792 1945 884 2038 ἦλθεν
903 1957 954 2019 ἐπί
966 1954 1020 2038 την
1031 1959 1084 2062 γην
1095 1951 1173 2016 ἑπτὰ
1187 1956 1247 2037 ἔτη.
1273 1957 1354 2020 2καί

111 2036 178 2123 ὑμῖν
201 2042 307 2116 Συρία.
348 2037 480 2114 ἔγνωσαν
504 2030 552 2100 ὀτι
576 2041 716 2118 πεινῶμεν
748 2037 855 2143 ἀνέστη
880 2034 988 2122 ἢγυνη
1014 2066 1065 2103 και
1083 2039 1201 2119 ἐποίησε
1220 2035 1352 2103 κατὰτὸ

112 2119 200 2207 ἡμεῖς,
217 2121 269 2184 καί
280 2119 412 2202 ἐξῆλθαν
424 2121 455 2183 ἐκ
467 2122 520 2203 τῆς
530 2146 576 2184 πα
594 2119 715 2207 εμβολῆς
748 2125 827 2226 ρημα
853 2119 976 2185 Ελισαιὲ
996 2123 1048 2187 καὶ
1069 2116 1145 2202 αὐτη
1164 2123 1216 2184 καί
1235 2117 1252 2185 5
1271 2119 1352 2197 οίκος

111 2205 162 2269 καί
174 2198 336 2288 ίκρύβησαν
350 2206 382 2268 ἐν
393 2206 438 2286 τῶ
450 2200 549 2288 ἀγρῷ,
574 2145 714 2282 λίγοντες.
749 2209 852 2286 αυτης,
872 2205 923 2267 καί
934 2201 1066 2286 παρῴκει
1080 2206 1110 2266 ἐν
1122 2207 1161 2292 γῇ
1172 2200 1352 2285 ἀλλοφύλων

112 2284 159 2352 ὀτι
176 2281 374 2363 ἐξελεύσονται
392 2288 424 2349 ίκ
441 2289 495 2369 τῆς
511 2281 639 2362 πόλεως,
666 2287 716 2350 καί
748 2284 825 2352 ἕπτά
838 2291 897 2368 ἔτη.
914 2287 992 2350 3καί
1004 2290 1121 2363 ἐγένετο
1133 2285 1208 2367 μετὰ
1219 2286 1256 2350 τὸ
1267 2287 1352 2361 τέλος

112 2367 327 2455 συλληφόμεθα
339 2364 449 2443 αὐτούς
464 2371 590 2445 ζῶντας,
614 2370 666 2433 καὶ
678 2374 716 2443 είς
748 2375 809 2436 τῶν
819 2367 897 2434 ἑπτὰ
909 2372 991 2441 ἐτῶν,
1004 2373 1055 2433 καὶ
1066 2372 1242 2455 ἐπέστρεφεν
1253 2366 1271 2454 ἦ
1281 2368 1351 2451 γυνη

112 2453 166 2540 τὴν
183 2451 271 2520 πόλιν
284 2446 509 2532 είςελευούμεθα.
534 2453 561 2495 ¹³
574 2454 626 2517 καί
641 2449 715 2517 ἀπε-
748 2457 780 2517 ἐκ
792 2457 845 2538 γῆς
858 2447 1038 2532 ἀλλοφύλων
1056 2457 1095 2528 εἰς
1107 2451 1161 2535 την
1172 2449 1260 2518 πόλιν
1266 2502 1276 2529 ,
1302 2457 1352 2517 καί

112 2545 203 2625 κρίθη
215 2537 253 2613 είς
265 2538 326 2602 τῶν
336 2534 453 2600 παίδων
465 2532 568 2610 αὐτοῦ,
581 2536 632 2599 καί
645 2535 715 2599 εἷπε.
747 2524 822 2620 ἦλθε
845 2540 953 2621 βοῆσαι
977 2533 1054 2621 πρὸς
1072 2533 1126 2600 τὸν
1143 2537 1269 2621 βασιλέα
1286 2537 1352 2621 περί

113 2621 285 2707 λαβέτωσαν
306 2616 342 2702 δη
359 2618 445 2681 πέντε
461 2621 521 2681 τῶν
538 2622 640 2682 ’ίππων
655 2623 717 2682 τῶν
748 2623 803 2684 τοῦ
820 2623 903 2686 οἴκου
917 2621 1022 2701 ἑαυτῆς
1039 2622 1090 2682 καὶ
1101 2622 1168 2705 περὶ
1180 2624 1239 2684 τῶν
1252 2617 1352 2705 ἀγρῶν

112 2694 715 2785 ὑπολελειμμένωνοἲκατελείφθησανῶδε,
747 2700 847 2784 αὐτῆς.
885 2701 965 2765 *καί
983 2701 1000 2765 5
1018 2699 1150 2787 βασιλεὺς
1168 2699 1262 2768 ἐλάλει
1275 2701 1352 2808 πρὸς

111 2781 175 2849 ίδού
190 2790 244 2849 εἶσι
255 2780 333 2869 πρὸς
342 2786 404 2847 πῶν
416 2780 453 2847 τὸ
463 2782 583 2865 πλῆθος
592 2781 716 2869 Ἰσραὴλ
747 2790 780 2848 Γ
777 2789 827 2861 ιεζί
844 2784 881 2850 τό
897 2780 1057 2870 παιδάριον
1077 2783 1207 2850 Ἕλισαιὲ
1223 2789 1279 2849 τοῦ
1300 2809 1352 2850 αν-

110 2865 145 2932 τό
172 2869 323 2941 ἐκλεῖπον,
347 2869 399 2931 καὶ
417 2863 639 2949 ἀποστελούμεν
658 2869 718 2932 ἐκεῖ
747 2867 877 2954 θρῶπσυ
895 2873 950 2931 τοῦ
968 2873 1060 2944 θεοῦ,
1086 2868 1189 2944 λέγων.
1215 2864 1350 2951 διήγησαι

110 2954 160 3014 καὶ
172 2948 325 3034 ὀψόμεθα.
351 2947 380 2991 ¹⁴
394 2951 445 3012 καλ
457 2950 568 3033 ἔλαβον
581 2944 636 3014 δύο
650 2953 715 3014 ἐπι·
746 2952 782 3035 δι)
799 2954 864 3036 ἐμοὶ
880 2946 979 3015 πάντα
991 2948 1031 3015 τά
1049 2945 1198 3034 μεγάλαά
1215 2953 1351 3035 ἐποίησεν

107 3028 202 3178 βαίτας
214 3038 330 3106 ἰἰτπων,
357 3032 409 3095 καὶ
421 3030 587 3097 ἀπέστειλεν
598 3031 615 3097 5
628 3037 714 3118 βασι-
742 3033 882 3099 Ἕλισαιέ.
902 3034 980 3099 6καί
994 3037 1106 3111 ἐγένετο
1120 3033 1214 3099 αὐτοῦ
1228 3037 1350 3118 ἐξηγου-

141 3113 173 3190 ὺς
183 3113 304 3200 Ἰσραηλ
317 3111 415 3178 ὀπίσω
428 3119 483 3179 τοῦ
494 3114 639 3199 βασιλέως
650 3124 712 3181 Συ-
745 3121 831 3200 μένου
843 3121 887 3199 τῷ
897 3115 1021 3202 βασιλεῖ,
1035 3114 1076 3192 ῶς
1089 3114 1274 3205 ἐζωπύρηοεν
1286 3115 1350 3183 υίὸν

127 3203 183 3272 ίας,
203 3198 303 3275 λέγων.
331 3200 421 3271 δεῦτε,
439 3200 490 3262 καί
504 3199 582 3262 ἴδετε.
623 3199 714 3267 16καί
745 3198 926 3286 τεθνηκότα,
953 3202 1003 3263 καί
1021 3199 1085 3265 ἰδού
1103 3197 1122 3284 ἡ
1138 3208 1209 3286 γυνη
1228 3193 1262 3304 ἕης
1278 3204 1349 3278 ἐζω-

107 3223 163 3346 λπο
184 3276 316 3365 εύθηοαν
341 3277 438 3345 ὀπίσω
465 3278 566 3346 αὐτῶν
584 3287 641 3358 ἕως
657 3290 712 3349 τοῦ
745 3280 858 3371 πύρησε
870 3281 922 3348 τὸν
934 3282 1002 3348 υῖόν
1013 3282 1104 3369 αὐτῆς
1118 3282 1257 3360 Ἕλισαιε,
1269 3288 1350 3369 βοῶ-

103 3307 266 3453 ἸορδάνουΙ
283 3367 334 3430 καί
346 3361 411 3428 ἰδού
424 3368 510 3429 πάσα
524 3362 541 3450 ἢ
555 3362 624 3441 ὁδός
636 3362 713 3451 πλη·
746 3394 785 3432 σα
801 3367 878 3454 πρὸς
894 3366 947 3432 τόν
962 3366 1088 3454 βασιλέα
1105 3372 1173 3455 περί
1189 3373 1245 3433 τοῦ
1265 3368 1350 3431 οἴκου

106 3473 158 3534 ρης
172 3453 296 3533 ἱματίων
309 3451 360 3513 καί
372 3452 480 3512 σκευῶν
490 3441 531 3514 ῶν
541 3453 643 3535 ἔρριψε
650 3457 712 3514 Συ-
745 3454 851 3527 ἑαυτ”ς
875 3453 926 3515 καί
950 3453 1018 3537 περὶ
1038 3455 1099 3515 τῶν
1117 3451 1218 3536 ἀγρῶν
1235 3453 1348 3533 ἑαυτῆς.

106 3538 158 3615 ρία
183 3537 214 3598 ἐν
240 3537 284 3616 τῷ
308 3535 492 3617 θαμβεῖοθαι
510 3530 635 3607 αύτούς,
661 3533 713 3597 καί
744 3480 967 3610 καίείπεΓιεζί.
989 3530 1069 3620 κύριε
1100 3536 1217 3608 ασιλεῶ,
1239 3530 1347 3608 αύτηῆ

106 3618 228 3702 ίπὲστρε
258 3640 295 3679 αν
307 3618 338 3678 σί
350 3612 530 3691 ἀγγελσικαί
540 3609 712 3696 ἀνήγγειλάν
742 3616 816 3702 γυνη
835 3619 886 3682 καί
903 3611 993 3693 οὗτος
1009 3614 1026 3681 5
1045 3620 1111 3690 υίος
1123 3614 1215 3695 αὐτῆς
1228 3607 1263 3672 δν
1275 3612 1347 3681 ἐζω-

105 3700 151 3776 τῶ
162 3634 284 3780 βασιλεῖ.
306 3697 398 3759 1οκαί
411 3693 531 3778 ἐξῆλθεν
544 3692 562 3760 5
575 3694 649 3773 λαός
660 3701 712 3765 καί
742 3697 803 3788 πύρ
824 3697 1020 3766 σενἝλιοαιί.
1044 3700 1060 3741 ⁶
1071 3697 1122 3760 καί
1134 3685 1317 3790 ἐπηρώτησεν
1329 3687 1346 3752 5

105 3772 275 3860 διήρπασαν
299 3773 354 3860 την
379 3802 475 3863 παρεμ
495 3776 570 3864 σλην
586 3786 709 3866 Συρίας.
741 3728 879 3867 βασιλεὺς
891 3782 946 3867 την
957 3791 1090 3859 γυναῖκα.
1116 3778 1167 3838 καί
1183 3774 1345 3854 διηγησᾱῖθ

104 3861 154 3921 καὶ
168 3860 281 3936 ἐγένετο
290 3861 398 3940 μέτρον
411 3885 472 3941 σεμι
492 3856 585 3936 άλεως
596 3862 709 3938 σίκλου,
741 3861 834 3947 αύτῷ.
870 3867 923 3929 καί
946 3866 1051 3928 ἔδωκεν
1075 3856 1155 3949 αὐτῇ
1176 3852 1194 3918 5
1211 3854 1346 3941 βασιλεὺς

103 3935 182 4003 κατά
208 3937 244 4004 τὸ
270 3944 349 4026 ῥῆμα
365 3949 485 4027 κυρίου,
510 3945 561 4008 καί
577 3944 710 4026 δίμετρον
742 3941 951 4028 είννούχονῖνα,
963 3945 1064 4022 λέγων.
1078 3935 1347 4025 ἕπίστρεψονπάν-

103 4026 218 4106 κριθῶν
230 4023 343 4087 σίκλου.
360 4025 387 4068 ¹⁷
394 4026 447 4089 καί
459 4022 477 4089 5
488 4022 624 4110 βασιλεύς
635 4048 709 4087 κατ-
740 4048 781 4088 τα
793 4024 832 4091 τά
845 4025 947 4110 αὐτῆς,
957 4029 1008 4090 καί
1018 4019 1121 4089 πάντα
1130 4021 1169 4087 τά
1180 4018 1347 4105 γεννήματα

104 4107 208 4186 ίστησε
225 4103 280 4168 τδν
296 4103 453 4190 τριστάτην
469 4104 512 4188 ἐφ’
531 4103 568 4170 δν
587 4101 605 4170 5
621 4109 710 4193 βασι·
740 4111 798 4173 τσῶ
822 4105 919 4193 ἀγροῦ
942 4106 1006 4173 ἀπὸ
1023 4109 1076 4191 τῆς
1092 4104 1203 4192 ἡμέρας
1219 4098 1255 4190 ἧς
1273 4130 1347 4188 κρτ-

104 4186 168 4265 λεὺς
185 4183 389 4254 ίπανεπαύετσ
406 4193 445 4282 τῇ
461 4189 534 4292 ηειρί
546 4185 643 4254 αὐτοῦ
660 4193 710 4257 ἐπὶ
740 4191 821 4258 σλιπε
840 4192 894 4276 την
908 4194 962 4276 γῆν
975 4197 1031 4266 ἕως
1042 4194 1100 4256 τοῦ
1113 4194 1175 4255 νῦν.
1201 4189 1279 4253 7καί
1291 4187 1347 4272 ήλ.

103 4276 157 4358 τῆς
172 4268 275 4356 πύλης.
301 4270 353 4335 καί
369 4294 565 4353 συνεπάτησεν
582 4271 708 4341 αότόνὸ
739 4285 793 4341 θεν
803 4274 934 4341 Ἕλισαιὲ
954 4280 992 4352 είς
1005 4270 1176 4358 Δαμασκόν.
1214 4272 1266 4337 καί
1283 4267 1347 4343 υῖός

102 4353 176 4433 λαός
195 4359 274 4452 ίντῇ
287 4348 383 4505 w,
409 4354 461 4418 καί
476 4351 611 4421 ἀπέθανε
622 4358 709 4424 καθά
734 4356 819 4446 Ἄδερ
832 4357 968 4446 βασιλεὺς
978 4367 1024 4424 Συ
1044 4366 1091 4433 ίας
1102 4353 1282 4442 ἢρριύστησε.
1296 4353 1348 4416 καί

102 4435 242 4524 ίλάλησεν
264 4435 282 4503 5
300 4436 323 4504 ἀ
361 4462 464 4527 ρωπος
483 4442 540 4504 τού
557 4445 633 4506 θεοῦ
639 4489 650 4518 ,
676 4438 709 4521 ὃς
741 4437 913 4524 ἀνήγγειλαν
924 4385 1171 4533 αότρῖ.λίγσντες.
1190 4432 1281 4585 ἥιηιὸ
1295 4433 1347 4499 ἀν-

780 4538 784 4546 ·
1246 4541 1348 4605 ρωπος
