2924 4972
107 231 171 298 440
300 224 953 292 HAPAAmomstNAm
997 222 1168 303 καις-’.6.

107 354 183 409 σθαι
198 347 283 426 ἐντῷ
297 339 376 426 νόμῳ
393 368 466 426 μου,
493 335 715 442 ῶςξπορεύθης
753 335 941 414 ταπεινώσεις
957 332 1077 414 αύτούς.
1114 339 1144 380 ²⁷
1159 339 1210 402 καί
1227 335 1265 403 σύ
1283 344 1364 415 εἲςα·

108 429 241 492 ἐναντίον
252 451 320 510 μου.
356 428 383 469 ¹⁷
396 428 447 489 καὶ
458 428 509 487 νῦν
521 447 600 508 κυριε
612 418 630 485 ὁ
642 421 715 496 θεὸς
753 418 846 518 νούση
859 425 892 486 ἐκ
903 426 961 487 τοῦ
973 419 1119 508 ούρανοῦ,
1144 424 1195 486 καί
1207 422 1293 497 ’ίλεως
1306 425 1363 515 ἐίτη

105 507 242 612 Ἰσραήλ,
268 503 451 591 πιστωθήτω
467 502 503 590 δή
521 505 556 570 τὸ
568 502 647 591 ῥήμά
661 530 714 570 σου
753 515 819 580 ταῖς
842 501 1001 590 ἀμαρτίαις
1017 510 1077 569 τῶν
1094 507 1214 570 παίδων
1232 506 1283 569 καί
1301 511 1363 571 τοῦ

108 589 127 657 ὃ
147 593 295 677 ἕλαλησας
312 595 358 674 τῷ
374 590 461 656 παιδί
476 615 531 653 σου
549 591 594 671 τῷ
608 587 713 663 Δαυλδ,
753 586 828 652 λαοῦ
841 614 894 654 σου
903 587 1037 676 Ἰσραήλ,
1047 584 1094 653 ὅτι
1103 583 1243 673 δηλώσεις
1255 587 1363 667 αὐτοῖς

108 678 137 720 ¹⁸
152 672 198 741 ὅτι
208 681 233 739 εί
245 673 370 758 ἀληθῶς
381 668 548 756 κατοικήσει
559 669 629 746 θεὸς
640 667 713 752 μετὰ
753 670 808 753 τήν
819 668 890 736 ὁδόν
902 670 955 756 τήν
967 670 1104 756 ἀγαθήν,
1122 674 1153 736 ἰν
1164 664 1184 754 ή
1195 667 1363 754 πορεύσον-

108 755 280 861 ἀνθρώπων
292 758 343 821 ε’πλ
354 761 406 840 τῆς
418 759 488 839 γῆςς
515 759 540 819 ελ
552 751 570 818 ὁ
583 750 713 856 οὐρανός
753 779 802 817 ται
815 756 846 817 ἐν
858 752 950 850 αὐτῇ,
968 757 1020 819 καί
1030 751 1133 830 δώσεις
1147 743 1233 820 δἐτδν
1246 757 1295 820 ἐπὶ
1304 755 1362 842 τήν

107 842 159 906 καὶ
173 867 190 905 ο
204 838 329 927 οὐρανὸς
341 843 396 904 τοῦ
408 837 444 904 σύ
465 841 540 903 ανοῡ
552 834 608 902 ούκ
621 837 713 924 αρκέ-
752 839 808 920 γῆν
825 863 896 913 σου,
922 835 959 922 ἢν
977 840 1089 912 ἔδωκας
1106 843 1150 901 τῶ
1172 838 1240 921 λαῷ
1253 865 1307 904 σου
1320 846 1361 915 είς

109 931 198 991 οουσί
210 950 267 1000 σοι,
279 924 329 988 καὶ
342 928 386 998 τίς
397 919 415 986 ὁ
430 864 511 996 ολκος
523 911 613 995 οὗτος
625 916 660 984 δν
673 916 712 1024 ‹³3-
752 918 957 1007 κληρονομίαν.
983 922 1014 963 ²⁸
1020 919 1101 1003 λιμὸς
1114 903 1164 987 ε’ἀν
1176 924 1295 1006 γένηται
1309 926 1361 988 ε’·πὶ

108 1004 275 1091 κοδόμησα,·
299 1007 328 1048 ¹⁹
350 1006 402 1071 καί
420 1005 567 1094 ἐπιβλέψῃ
592 1005 643 1066 ἐπὶ
658 1026 713 1085 την
752 1007 876 1088 τήςνής,
891 1000 1024 1080 θάνατος
1042 1003 1094 1069 ἐὰν
1112 1009 1241 1089 γίνηται,
1254 1003 1360 1088 ἀνεμο·

107 1089 267 1176 προςευχήν
278 1087 385 1164 παιδός
400 1114 457 1155 σου
472 1089 522 1153 καὶ
534 1090 585 1151 ἐπὶ
595 1084 651 1169 τήν
664 1086 713 1151 δέ·
753 1092 870 1190 φθορέα
882 1089 934 1152 καὶ
953 1089 1080 1173 ἴκτερος,
1105 1085 1190 1174 ἀκρίς
1203 1091 1254 1152 καί
1265 1093 1360 1173 βροῦ-

106 1181 173 1258 ησίν
184 1200 242 1256 μου
256 1169 334 1261 κύριε
346 1170 363 1237 ὅ
375 1171 461 1248 θεὸς,
478 1175 534 1236 τοῦ
548 1170 712 1235 ἐπακούσαι
751 1192 801 1272 ηος
814 1168 866 1233 τάν
876 1173 1007 1255 γίνηται,
1020 1173 1072 1236 καί
1085 1169 1138 1236 ε’·ἀν
1150 1171 1252 1263 θλίψη
1265 1172 1361 1237 αὐτὸν

106 1262 159 1340 τῆς
180 1253 304 1342 δεήσεως
327 1256 378 1320 καί
395 1260 447 1339 τῆς
462 1258 618 1339 προςευχής
638 1243 673 1336 ἧς
694 1247 712 1316 ὁ
752 1275 769 1313 ο
789 1251 898 1338 ἐχθρὸς
913 1257 1068 1319 κατέναντι
1089 1258 1150 1318 τῶν
1166 1252 1283 1320 πόλεων
1301 1253 1361 1321 αύ-

106 1352 179 1416 παῐς
205 1366 261 1406 σου
286 1333 394 1425 προςεύ
412 1362 476 1402 εται
500 1339 633 1400 ἐναντίον
658 1360 713 1400 σου
751 1339 826 1412 τῶν,
852 1334 931 1401 κατά
942 1341 1046 1403 πᾶσαν
1065 1335 1179 1421 πληγήν
1192 1340 1244 1402 καί
1256 1335 1360 1405 πάντα

107 1419 241 1508 σήμερον,
266 1423 299 1466 ²⁰
313 1427 367 1486 τοῦ
380 1363 453 1485 ελναι
464 1413 643 1502 ὀφθαλμούς
657 1443 713 1482 σου
751 1413 856 1495 πόνον,
882 1422 913 1463 ²⁹
940 1421 992 1485 καὶ
1017 1426 1104 1486 πᾶσα
1128 1420 1282 1506 προςευχή,
1307 1427 1361 1487 καὶ

107 1504 305 1589 ἀνεῳγμένους
324 1505 373 1567 ἐπὶ
390 1501 444 1567 τὸν
461 1501 543 1566 οἷκον
556 1505 664 1565 τοῦτον
678 1497 714 1584 ή-
751 1505 837 1566 πάσα
849 1503 945 1587 δέησις
962 1500 983 1587 ἣ
999 1501 1052 1568 έάν
1067 1507 1185 1587 γένηται
1200 1507 1292 1569 παντὶ
1303 1503 1360 1572 ἀν·

106 1590 199 1672 μέρας
215 1587 267 1650 καί
282 1587 386 1661 νυκτός
403 1589 441 1660 εἰς
457 1582 511 1649 τὸν
528 1581 624 1648 τόπον
640 1586 713 1647 τοῦ·
751 1580 871 1670 θρώπῳ
889 1589 942 1651 καί
961 1590 1052 1651 παντί
1067 1587 1132 1670 λαῷ
1152 1613 1207 1652 σου
1223 1587 1359 1675 Ἰσραήλ,

105 1696 176 1746 τον,
203 1665 238 1735 ὃν
252 1668 336 1744 εἶπας
354 1667 553 1752 ἐπικληθῆναι
565 1663 602 1731 τὸ
617 1662 713 1747 ἀνομά
752 1667 804 1730 ἐὰν
819 1673 880 1751 γνῶ
904 1668 1067 1755 ἀνθρωπος
1088 1671 1142 1755 τήν
1159 1667 1241 1756 ἀρήν
1259 1670 1359 1737 αὐτοῦ

107 1780 162 1819 σου
174 1756 246 1827 ἐκεῖ,
272 1756 329 1817 τοῦ
346 1749 472 1817 ἀκοῦσαι
491 1754 545 1834 τής
557 1753 714 1852 προςευχής
751 1754 802 1814 καὶ
815 1751 869 1835 τήν
884 1753 1035 1836 μαλακίαν
1052 1751 1164 1831 αὐτοῦ,
1190 1757 1240 1819 καὶ
1253 1756 1360 1821 διαπε-

105 1829 141 1920 ἧς
153 1831 341 1922 προςεύχεται
359 1831 376 1898 ό
390 1847 461 1910 παῖς
475 1858 532 1900 σου
545 1838 584 1909 είς
597 1830 649 1898 τόν
661 1858 713 1897 το-
751 1829 827 1927 τύση
846 1835 901 1911 τάς
917 1849 1014 1923 χεῖρας
1031 1834 1127 1902 αὐτοῦ
1145 1843 1183 1911 εἰς
1201 1837 1254 1902 τὸν
1271 1836 1359 1903 οἶκον

106 1944 168 1984 πον
184 1923 303 1993 τοῦτον,
329 1921 355 1960 ²¹
369 1919 420 1982 καί
438 1912 553 1997 ἀκούση
575 1920 627 2000 τῆς
645 1912 713 2000 δεή·
751 1921 869 1995 τοῦτον,
907 1922 938 1963 ³⁰
952 1923 1002 1984 καὶ
1020 1917 1057 1985 ού
1078 1917 1230 2004 εῖςακούση
1248 1923 1280 1984 ἐκ
1297 1927 1359 1987 τοῦ

107 2029 181 2078 σεως
199 2005 255 2067 τοῦ
272 1997 379 2078 παιδός
395 2027 467 2080 σου,
491 1987 544 2066 καλ
560 2000 637 2064 λαοῦ
656 2025 712 2064 σου
751 1997 883 2086 ούρανοῦ
914 2004 945 2078 ἐξ
976 2006 1097 2085 ἑτοίμου
1128 1993 1359 2091 κατοικητηρίου

102 2082 227 2171 Ἰσραήλ
240 2081 261 2150 ἀ
274 2080 532 2172 ἀνπροςεύξωνται
546 2088 585 2161 εἰς
597 2083 649 2148 τὸν
660 2078 713 2146 τό·
752 2110 816 2158 σου,
828 2087 880 2149 καὶ
894 2083 992 2171 ίλάση,
1005 2091 1056 2152 καὶ
1068 2083 1168 2164 δώσεις
1180 2087 1265 2171 ἀνδρὶ
1277 2087 1359 2154 κατά

104 2195 165 2234 πον
183 2174 298 2234 τοῦτον.
328 2167 432 2243 καὶσὺ
450 2161 603 2265 εἶςακούση
620 2169 651 2232 έν
668 2171 713 2251 τῶ
750 2167 805 2243 τάς
817 2164 907 2245 ὁδούς
920 2160 1209 2255 αύόού,ῶςάνννῶς
1221 2169 1274 2256 τήν
1286 2199 1358 2257 καρ·

105 2249 192 2337 τόπῳ
205 2257 257 2339 τής
270 2247 468 2338 κατοικήσεώς
476 2279 530 2318 σου
543 2255 576 2317 ἐκ
589 2254 645 2317 τοῦ
659 2248 713 2316 ού·
751 2251 818 2316 δίαν
834 2251 946 2329 αὐτοῦ,
973 2251 1020 2318 ὅτι
1036 2250 1127 2336 μόνος
1143 2251 1291 2333 γινώσκεις
1301 2257 1358 2341 τήν

105 2341 208 2441 ρανοῦ,
221 2337 272 2401 καὶ
285 2331 397 2432 ἀκούσῃ
408 2339 460 2402 καί
471 2336 558 2412 ἵλεως
570 2336 632 2428 ἔσῃ.
646 2337 712 2399 22εὲ-
751 2335 876 2420 καρδίαν
904 2341 977 2402 υἱῶν
1002 2334 1184 2422 ἀνθρώπων,
1225 2337 1358 2417 31ὅπως

105 2444 144 2485 αν
166 2415 265 2507 ἀμάρτ
303 2416 378 2507 ἀνήρ
396 2426 441 2485 τῶ
463 2420 592 2506 πλησίον
614 2417 711 2484 αὐτοῦ
751 2422 904 2504 φοβῶνται
929 2416 1032 2496 παίσας
1057 2419 1147 2497 ὁδούς
1173 2448 1228 2489 σου
1253 2420 1357 2502 πύσας

105 2505 156 2569 κατ’
168 2503 245 2599 λώβη
258 2446 302 2569 ἀί
315 2502 409 2570 αὐτόν
419 2486 497 2590 ἀράν
509 2507 564 2570 τοῦ
575 2501 711 2590 ἀρᾶσθαι
749 2502 802 2577 τὰς
814 2498 924 2590 ἡμέρας
942 2501 979 2581 ἀς
996 2504 1084 2570 αὐτοὶ
1101 2508 1187 2583 ζῶσιν
1200 2509 1250 2571 ε’πὶ
1262 2505 1357 2593 πρός.

106 2586 210 2666 αὐτον,
223 2591 274 2654 καὶ
293 2588 376 2682 ἔλθη
393 2591 443 2652 καί
463 2584 610 2676 ἀράσηται
623 2589 712 2654 κατέ·
749 2611 833 2651 ωπον
844 2592 895 2671 τῆς
906 2593 968 2672 γῆς,
988 2579 1024 2671 ἧς
1037 2591 1149 2665 ἔδωκας
1161 2603 1224 2666 τοῖς
1236 2590 1357 2677 πατρώ-

104 2697 188 2736 ναντι
205 2677 263 2736 τοῦ
286 2678 504 2756 θυσιαστηρίου
523 2675 554 2735 ἒν
576 2676 621 2755 τῷ
637 2671 710 2754 οἴκῳ
749 2695 795 2734 σιν
820 2668 911 2755 ήμῶν.
938 2674 968 2715 ³²
980 2675 1032 2737 καί
1055 2678 1114 2750 πῶς
1139 2671 1298 2758 ἀλλότριος
1321 2672 1356 2752 ὃς

104 2752 223 2836 τούτῳ,
248 2754 342 2818 τεκαὶ
362 2751 399 2818 σύ
421 2749 576 2846 εῖςακούση
600 2758 631 2818 ίκ
655 2756 712 2818 τοῦ
749 2751 803 2817 ούκ
829 2759 861 2818 ἐκ
881 2761 939 2822 τοῦ
960 2756 1040 2822 λαοῦ
1064 2784 1119 2823 σου
1138 2756 1260 2862 Ἰσραήλ
1279 2762 1356 2825 ἔστιν

105 2834 236 2920 ούρανοῦ
247 2839 298 2902 καί
310 2831 450 2921 ποιήσεις,
463 2838 514 2900 καί
526 2849 629 2923 κρινεῖς
641 2833 711 2911 τοὺς
749 2834 855 2915 αὐτὸς,
881 2844 932 2905 καί
944 2841 1021 2925 έλθη
1033 2844 1065 2906 ἐκ
1076 2847 1129 2927 νής
1140 2853 1293 2927 μακρόθεν
1304 2844 1356 2909 διά

105 2917 232 2996 δούλους
249 2947 303 2987 σου
320 2924 376 2985 τού
395 2917 561 2986 ἀποδοῦναι
579 2925 624 3005 τῷ
637 2914 710 2984 ἀνό-
748 2919 785 2984 τὸ
799 2919 893 3026 όνομά
906 2949 961 2988 σου
973 2914 1009 2989 τό
1026 2928 1116 3005 μέγα,
1142 2930 1193 2990 καί
1206 2925 1259 3012 τήν
1270 2924 1355 3012 χεῖρά

103 3029 149 3086 μῳ
163 3006 214 3067 καὶ
227 3001 397 3068 ἀποδοῦναι
405 2999 494 3080 όδούς
504 3001 598 3069 αὐτοῦ
611 3009 650 3080 εἰς
663 3028 709 3068 κε-
749 3029 805 3068 σου
826 3031 881 3089 την
903 3009 1060 3095 κραταιὰν,
1072 3005 1189 3073 καὶτὸν
1209 3007 1354 3095 βραχίονοί

104 3082 204 3168 φαλήν
216 3087 326 3162 αὐτοῦ,
352 3086 402 3151 καί
418 3090 475 3152 τοῦ
493 3088 647 3153 δικαιῶσαι
665 3089 708 3153 δί-
749 3112 805 3153 σου
817 3088 870 3155 τὸν
883 3089 1064 3176 ὑψηλὸν,καί
1075 3091 1189 3154 ε’·λθωσι
1200 3095 1251 3154 καί
1260 3117 1354 3172 προς.

104 3192 188 3233 καιον
201 3172 257 3234 τοῦ
273 3166 444 3235 ἀποδοῦναι
462 3168 548 3254 αύτῶ
563 3169 643 3238 κατὰ
655 3169 710 3258 τήν
748 3167 887 3248 εύξωνται
900 3179 939 3251 είς
950 3174 1002 3238 τὸν
1013 3168 1107 3237 τόπον
1119 3175 1238 3245 τοῦτον,
1265 3174 1352 3236 33καιΙ

104 3249 289 3337 δικαιοσύνην
301 3250 406 3319 αὐτοῦ.
438 3253 534 3320 24καί
547 3251 710 3344 ἒάνθραυ-
749 3257 786 3324 σύ
801 3254 956 3340 εῖςακούση
969 3259 1067 3322 ε’κτοῦ
1078 3251 1208 3341 ούρανοῦ
1226 3256 1350 3330 ἐξὲτοί-

105 3333 188 3430 σθήό
202 3333 276 3413 λαός
289 3335 475 3425 σουἸσραήλ
489 3343 646 3406 κατέναντι
655 3343 710 3406 τοῦ
747 3366 805 3422 μου
818 3330 1044 3428 κατοικήτηρίου
1062 3365 1134 3415 σου,
1159 3340 1210 3404 καί
1222 3333 1350 3422 ποιήσεις

104 3425 235 3507 ἐχθροῦ,
261 3421 312 3487 ἐὰν
325 3417 482 3508 ἆμάρτωσί
494 3450 557 3503 σοι,
581 3428 634 3491 καί
645 3428 710 3489 ἐπι-
747 3423 826 3490 κατά
842 3424 943 3496 πάντα
959 3424 1018 3493 ὅσα
1042 3423 1078 3491 ἀν
1097 3423 1304 3506 λπικαλέοηταί
1321 3447 1353 3487 οε

105 3509 257 3591 στρέψωοι
270 3508 322 3572 καὶ
333 3503 606 3589 ἐξομολον’σωνται
618 3513 663 3592 τῷ
674 3506 710 3574 ὀ·
749 3504 767 3571 ὁ
792 3508 959 3599 ἀλλότριος,
984 3507 1068 3587 ὅπως
1085 3513 1175 3589 γνῶσι
1196 3502 1302 3582 πάντες
1323 3510 1354 3570 οἶ

104 3585 214 3673 νόματί
226 3616 296 3667 σου,
309 3593 360 3655 καὶ
371 3536 586 3676 προςεύὲωνται
599 3596 650 3658 καί
662 3593 710 3657 δε-
747 3590 819 3658 λυοί
835 3597 888 3676 τῆς
905 3600 959 3679 γῆς
976 3594 1013 3665 τὸ
1033 3589 1129 3678 ὅνομύ
1147 3619 1211 3668 σου,
1230 3594 1281 3655 καὶ
1299 3593 1355 3655 τοῦ

105 3677 223 3753 ηθῶσιν
234 3676 368 3739 ε’ναντίον
382 3701 436 3742 σου
455 3679 486 3740 ἐν
497 3680 542 3760 τῷ
556 3677 628 3760 οἴκῳ
641 3673 712 3741 τού·
748 3680 912 3782 φοβεῖσθαί
923 3702 968 3752 σε,
986 3675 1028 3752 ῶς
1041 3674 1059 3740 ὁ
1071 3672 1146 3748 λαός
1158 3700 1214 3737 σου
1223 3671 1355 3754 Ἰσραήλ,

104 3781 158 3838 τῳ,
183 3757 212 3798 ²⁵
225 3759 275 3821 καί
288 3754 324 3823 σύ
338 3755 494 3854 εἷςακούση
507 3762 538 3823 ἐκ
552 3764 607 3826 τοῦ
619 3756 712 3844 οὖρα·-
747 3783 798 3820 και
809 3763 864 3822 τοῦ
875 3764 986 3834 γνῶναι
1000 3756 1048 3823 ὅτι
1061 3756 1098 3820 τὸ
1111 3752 1205 3836 ὄνομά
1218 3778 1273 3817 σου
1287 3755 1356 3817 ἐπι·

93 3842 160 3905 νοῦ
171 3841 223 3905 καί
231 3840 315 3919 ἵλεως
325 3845 378 3939 ἴση
391 3854 457 3919 ταῖς
466 3849 624 3929 αμαρτίαις
632 3839 713 3903 λαοῦ
747 3838 887 3921 κέκληται
900 3842 951 3902 ἐπί
962 3837 1016 3903 τὸν
1032 3838 1117 3903 οἶκον
1128 3840 1249 3909 τοῦτον,
1263 3831 1298 3899 ὃν
1310 3836 1355 3920 ᾠ-

107 3950 162 3990 σου
170 3922 304 4012 Ἰσραήλ,
323 3930 374 3990 καί
386 3923 587 4028 ἀποστρέψεις
600 3920 711 3993 αὐτούς
746 3916 909 4001 κοδόμησα.
936 3920 979 3961 ·³⁴
997 3920 1050 3982 ε’·ἀν
1068 3917 1101 3980 δὲ
1117 3917 1226 4008 ἰξελθη
1246 3915 1268 3983 ὁ.
1281 3918 1354 3996 λαός

106 4013 145 4084 εἰς
157 4006 212 4091 τήν
224 4015 280 4092 γῆν
293 4005 329 4090 ἣν
342 4009 454 4083 ἔδωκας
467 4017 572 4083 αυτοῖς
584 4005 711 4075 καὶτοῖς
747 4024 802 4065 σου
814 4005 853 4075 είς
865 3995 994 4108 πόλεμον
1005 4003 1057 4064 ἐπὶ
1074 3998 1144 4074 τοὺς
1156 4000 1284 4105 ε’ήθρούς
1297 4003 1354 4068 αύ-

105 4086 254 4173 ποιτράοιν
267 4088 376 4155 αὐτῶν.
415 4092 446 4133 ²⁰
460 4093 490 4153 ἐν
507 4091 553 4168 τῶ
565 4087 711 4169 ουσχεθή·
748 4086 803 4149 τοῦ
816 4087 847 4150 ἒν
860 4081 922 4167 ὁδῶ
934 4112 953 4179 η
967 4082 1141 4160 ἀποστελεῖς
1154 4083 1277 4161 αυτούς,
1303 4092 1354 4154 καὶ

106 4199 154 4236 ναι
168 4170 222 4237 τόν
241 4170 368 4256 οὐρανόν
384 4174 435 4234 καί
451 4167 491 4254 μή
509 4170 648 4246 γενέσθαι
663 4165 711 4232 ὑε-
747 4165 963 4256 προςεύξωνται
980 4165 1058 4255 πρὸς
1076 4168 1107 4233 σε’
1125 4167 1203 4233 κατά
1216 4170 1269 4254 τήν
1283 4168 1353 4236 ὁδὸν

107 4252 170 4325 τὸν,
185 4253 232 4317 ὅτι
244 4248 470 4339 ἀμαρτήσονταί
485 4277 543 4327 σοι,
556 4251 608 4314 καὶ
618 4277 710 4336 προς-
749 4258 801 4338 τής
813 4248 928 4328 πόλεως
946 4248 1057 4337 ταύτης
1070 4249 1105 4337 ἢν
1122 4254 1242 4331 ἐξελέξω
1255 4258 1284 4319 ἐν
1297 4252 1352 4318 αύ-

107 4329 241 4411 εύξονται
253 4343 292 4413 εἷς
304 4335 357 4400 τὸν
366 4329 463 4398 τόπον
474 4339 592 4411 τοῦτον,
600 4338 650 4402 καὶ
663 4342 712 4403 αἱ·
750 4342 797 4422 τή,
811 4336 862 4403 καί
874 4337 958 4402 οἴκου
978 4329 1016 4402 ού
1035 4333 1214 4421 ᾠκοδόμηκα
1228 4342 1273 4421 τῷ
1285 4333 1352 4403 ὀνό-

106 4422 223 4486 νέσουσι
241 4417 278 4485 τὸ
295 4412 390 4499 ἀνομά
408 4444 477 4496 σου,
504 4421 554 4485 καὶ
571 4418 634 4488 ἀπὸ
652 4427 713 4487 τῶν
749 4409 823 4507 μἀτί
837 4447 903 4496 σου,
922 4424 951 4465 ³⁵
965 4424 1015 4487 καὶ
1026 4420 1140 4512 ἀκούσῃ
1151 4424 1181 4486 ἐκ
1193 4428 1248 4486 τοῦ
1261 4421 1352 4506 ούρα-

107 4503 261 4592 ἀμαρτιῶν
279 4499 379 4569 αὐτῶν
397 4506 637 4594 ἐπιστρέφουσιν,
663 4502 711 4575 ότι
752 4514 803 4575 νοῦ
815 4512 866 4596 τής
877 4512 1034 4594 προςευχής
1048 4505 1149 4573 αὐτῶν
1162 4509 1213 4572 καὶ
1226 4510 1275 4590 τής
1289 4501 1353 4586 δεή-

1282 4614 1354 4664 σειος
