<?xml version="1.0" encoding="UTF-8"?>
<!DOCTYPE html PUBLIC "-//W3C//DTD XHTML 1.0 Transitional//EN"
    "http://www.w3.org/TR/xhtml1/DTD/xhtml1-transitional.dtd">
<html xmlns="http://www.w3.org/1999/xhtml" xml:lang="en" lang="en">
 <head>
  <title>
</title>
<meta http-equiv="Content-Type" content="text/html;charset=utf-8" />
  <meta name='ocr-system' content='tesseract 3.04.00' />
  <meta name='ocr-capabilities' content='ocr_page ocr_carea ocr_par ocr_line ocrx_word'/>
</head>
<body>
  <div class='ocr_page' id='page_1' title='image "./vetustestamentu00essgoog_0717.png"; bbox 0 0 2924 4972; ppageno 0'>
   <div class='ocr_carea' id='block_1_1' title="bbox 162 189 1137 309">
    <p class='ocr_par' dir='ltr' id='par_1_1' title="bbox 162 189 1137 309">
     <span class='ocr_line' id='line_1_1' title="bbox 162 189 1137 309; baseline -0.006 -13"><span class='ocrx_word' id='word_1_1' title='bbox 162 230 227 296; x_wconf 83' lang='lat'><strong><em>636</em></strong></span> <span class='ocrx_word' id='word_1_2' title='bbox 453 227 705 292; x_wconf 71' lang='grc' dir='ltr'><strong><em>υκκιιοι</em></strong></span> <span class='ocrx_word' id='word_1_3' title='bbox 743 189 1137 309; x_wconf 58' lang='grc' dir='ltr'><strong><em>ρμαιρμνιιιιιιῖ</em></strong></span> 
     </span>
    </p>
   </div>
   <div class='ocr_carea' id='block_1_2' title="bbox 157 347 1414 2535">
    <p class='ocr_par' dir='ltr' id='par_1_2' title="bbox 157 347 1414 2535">
     <span class='ocr_line' id='line_1_2' title="bbox 159 347 1413 440; baseline -0.002 -19"><span class='ocrx_word' id='word_1_4' title='bbox 159 359 218 421; x_wconf 69' lang='grc' dir='ltr'><strong><em>*ἓν</em></strong></span> <span class='ocrx_word' id='word_1_5' title='bbox 243 361 286 440; x_wconf 81' lang='grc' dir='ltr'><strong><em>τῷ</em></strong></span> <span class='ocrx_word' id='word_1_6' title='bbox 304 357 445 420; x_wconf 78' lang='grc' dir='ltr'><strong><em>ἐκλείπειν</em></strong></span> <span class='ocrx_word' id='word_1_7' title='bbox 461 358 493 431; x_wconf 78' lang='grc' dir='ltr'><strong><em>ἐξ</em></strong></span> <span class='ocrx_word' id='word_1_8' title='bbox 510 359 582 438; x_wconf 81' lang='grc' dir='ltr'><strong><em>ἐμοῦ</em></strong></span> <span class='ocrx_word' id='word_1_9' title='bbox 598 353 634 418; x_wconf 90' lang='grc' dir='ltr'><strong><em>τὸ</em></strong></span> <span class='ocrx_word' id='word_1_10' title='bbox 653 348 767 432; x_wconf 89' lang='grc' dir='ltr'><strong><em>πνεῦμά</em></strong></span> <span class='ocrx_word' id='word_1_11' title='bbox 796 349 871 414; x_wconf 74' lang='grc' dir='ltr'><strong><em>ἐλέει</em></strong></span> <span class='ocrx_word' id='word_1_12' title='bbox 885 375 939 414; x_wconf 91' lang='grc' dir='ltr'><strong><em>σου</em></strong></span> <span class='ocrx_word' id='word_1_13' title='bbox 956 347 1178 434; x_wconf 77' lang='grc' dir='ltr'><strong><em>ἱξολοθρεύσεις</em></strong></span> <span class='ocrx_word' id='word_1_14' title='bbox 1188 351 1269 427; x_wconf 81' lang='grc' dir='ltr'><strong><em>τούς</em></strong></span> <span class='ocrx_word' id='word_1_15' title='bbox 1282 352 1413 436; x_wconf 80' lang='grc' dir='ltr'><strong><em>ἐχθρούς</em></strong></span> 
     </span>
     <span class='ocr_line' id='line_1_3' title="bbox 157 429 1414 523; baseline -0.002 -20"><span class='ocrx_word' id='word_1_16' title='bbox 157 465 227 523; x_wconf 90' lang='grc' dir='ltr'><strong><em>μου,</em></strong></span> <span class='ocrx_word' id='word_1_17' title='bbox 240 441 291 503; x_wconf 83' lang='grc' dir='ltr'><strong><em>καί</em></strong></span> <span class='ocrx_word' id='word_1_18' title='bbox 304 436 339 503; x_wconf 87' lang='grc' dir='ltr'><strong><em>σύ</em></strong></span> <span class='ocrx_word' id='word_1_19' title='bbox 354 442 443 515; x_wconf 80' lang='grc' dir='ltr'><em>ἔγνως</em></span> <span class='ocrx_word' id='word_1_20' title='bbox 455 438 510 513; x_wconf 89' lang='grc' dir='ltr'><strong><em>τάς</em></strong></span> <span class='ocrx_word' id='word_1_21' title='bbox 522 441 640 523; x_wconf 75' lang='grc' dir='ltr'><strong><em>τρίβους</em></strong></span> <span class='ocrx_word' id='word_1_22' title='bbox 651 460 716 517; x_wconf 89' lang='grc' dir='ltr'><strong><em>μου.</em></strong></span> <span class='ocrx_word' id='word_1_23' title='bbox 737 439 768 499; x_wconf 75' lang='grc' dir='ltr'><strong><em>ἕν</em></strong></span> <span class='ocrx_word' id='word_1_24' title='bbox 795 458 867 515; x_wconf 89' lang='grc' dir='ltr'><strong><em>μου,</em></strong></span> <span class='ocrx_word' id='word_1_25' title='bbox 878 434 930 498; x_wconf 86' lang='grc' dir='ltr'><strong><em>καί</em></strong></span> <span class='ocrx_word' id='word_1_26' title='bbox 942 430 1066 508; x_wconf 81' lang='grc' dir='ltr'><em>ἀπολεῖς</em></span> <span class='ocrx_word' id='word_1_27' title='bbox 1076 429 1191 508; x_wconf 77' lang='grc' dir='ltr'><em>πάντας</em></span> <span class='ocrx_word' id='word_1_28' title='bbox 1201 433 1273 519; x_wconf 80' lang='grc' dir='ltr'><strong><em>τοὺς</em></strong></span> <span class='ocrx_word' id='word_1_29' title='bbox 1283 435 1414 521; x_wconf 57' lang='lat' dir='ltr'><strong><em>omar--</em></strong></span> 
     </span>
     <span class='ocr_line' id='line_1_4' title="bbox 158 512 1412 611; baseline 0 -25"><span class='ocrx_word' id='word_1_30' title='bbox 158 519 220 605; x_wconf 79' lang='grc' dir='ltr'><strong><em>ὁδῷ</em></strong></span> <span class='ocrx_word' id='word_1_31' title='bbox 244 517 340 605; x_wconf 84' lang='grc' dir='ltr'><strong><em>ταῦτη</em></strong></span> <span class='ocrx_word' id='word_1_32' title='bbox 365 514 385 611; x_wconf 80' lang='grc' dir='ltr'><em>ᾗ</em></span> <span class='ocrx_word' id='word_1_33' title='bbox 411 517 607 606; x_wconf 74' lang='grc' dir='ltr'><strong><em>ἐπορευόμην,</em></strong></span> <span class='ocrx_word' id='word_1_34' title='bbox 632 522 768 602; x_wconf 80' lang='grc' dir='ltr'><strong><em>ε’ίιρυψαν</em></strong></span> <span class='ocrx_word' id='word_1_35' title='bbox 796 540 852 590; x_wconf 89' lang='grc' dir='ltr'><strong><em>τας</em></strong></span> <span class='ocrx_word' id='word_1_36' title='bbox 872 513 928 599; x_wconf 75' lang='grc' dir='ltr'><strong><em>τὴν</em></strong></span> <span class='ocrx_word' id='word_1_37' title='bbox 946 512 1046 601; x_wconf 71' lang='grc' dir='ltr'><strong><em>ψυχήν</em></strong></span> <span class='ocrx_word' id='word_1_38' title='bbox 1062 542 1134 600; x_wconf 90' lang='grc' dir='ltr'><strong><em>μου,</em></strong></span> <span class='ocrx_word' id='word_1_39' title='bbox 1161 514 1208 583; x_wconf 82' lang='grc' dir='ltr'><strong><em>ότι</em></strong></span> <span class='ocrx_word' id='word_1_40' title='bbox 1225 513 1334 593; x_wconf 85' lang='grc' dir='ltr'><strong><em>δοῦλός</em></strong></span> <span class='ocrx_word' id='word_1_41' title='bbox 1352 546 1412 586; x_wconf 91' lang='grc' dir='ltr'><strong><em>σου</em></strong></span> 
     </span>
     <span class='ocr_line' id='line_1_5' title="bbox 159 593 1135 686; baseline -0.011 -17"><span class='ocrx_word' id='word_1_42' title='bbox 159 605 275 681; x_wconf 80' lang='grc' dir='ltr'><strong><em>παγίδα</em></strong></span> <span class='ocrx_word' id='word_1_43' title='bbox 294 593 352 685; x_wconf 89' lang='grc' dir='ltr'><strong><em>μόι.</em></strong></span> <span class='ocrx_word' id='word_1_44' title='bbox 381 599 566 686; x_wconf 65' lang='grc' dir='ltr'><strong><em>ὅκατενόουν</em></strong></span> <span class='ocrx_word' id='word_1_45' title='bbox 581 608 619 676; x_wconf 81' lang='grc' dir='ltr'><strong><em>είς</em></strong></span> <span class='ocrx_word' id='word_1_46' title='bbox 636 603 676 665; x_wconf 87' lang='grc' dir='ltr'><strong><em>τά</em></strong></span> <span class='ocrx_word' id='word_1_47' title='bbox 689 597 767 676; x_wconf 87' lang='grc' dir='ltr'><strong><em>δεξιά</em></strong></span> <span class='ocrx_word' id='word_1_48' title='bbox 797 593 934 682; x_wconf 77' lang='grc' dir='ltr'><strong><em>εἰμὶέγοί.</em></strong></span> <span class='ocrx_word' id='word_1_49' title='bbox 1132 608 1135 614; x_wconf 93' lang='grc'><strong>’</strong></span> 
     </span>
     <span class='ocr_line' id='line_1_6' title="bbox 159 679 1163 772; baseline -0.003 -21"><span class='ocrx_word' id='word_1_50' title='bbox 159 689 210 751; x_wconf 84' lang='grc' dir='ltr'><strong><em>καί</em></strong></span> <span class='ocrx_word' id='word_1_51' title='bbox 223 688 396 772; x_wconf 72' lang='grc' dir='ltr'><strong><em>ἐπέβλεπον,</em></strong></span> <span class='ocrx_word' id='word_1_52' title='bbox 416 683 462 750; x_wconf 81' lang='grc' dir='ltr'><strong><em>ὅτι</em></strong></span> <span class='ocrx_word' id='word_1_53' title='bbox 476 684 534 750; x_wconf 88' lang='grc' dir='ltr'><strong><em>οῦκ</em></strong></span> <span class='ocrx_word' id='word_1_54' title='bbox 547 685 584 768; x_wconf 76' lang='grc' dir='ltr'><strong><em>ἠν</em></strong></span> <span class='ocrx_word' id='word_1_55' title='bbox 598 683 616 750; x_wconf 82' lang='grc' dir='ltr'><strong>ὁ</strong></span> <span class='ocrx_word' id='word_1_56' title='bbox 629 679 767 761; x_wconf 76' lang='grc' dir='ltr'><strong><em>ἐπιγινιό-</em></strong></span> <span class='ocrx_word' id='word_1_57' title='bbox 1043 679 1163 749; x_wconf 81' lang='lat' dir='ltr'><strong><em>PMP‘.</em></strong></span> 
     </span>
     <span class='ocr_line' id='line_1_7' title="bbox 160 764 1343 852; baseline -0.003 -17"><span class='ocrx_word' id='word_1_58' title='bbox 160 795 239 835; x_wconf 88' lang='grc' dir='ltr'><strong><em>σκων</em></strong></span> <span class='ocrx_word' id='word_1_59' title='bbox 251 795 292 851; x_wconf 89' lang='grc' dir='ltr'><strong><em>με.</em></strong></span> <span class='ocrx_word' id='word_1_60' title='bbox 310 765 449 835; x_wconf 78' lang='grc' dir='ltr'><strong><em>ἀπώλετο</em></strong></span> <span class='ocrx_word' id='word_1_61' title='bbox 463 765 542 851; x_wconf 73' lang='grc' dir='ltr'><strong><em>φυγὴ</em></strong></span> <span class='ocrx_word' id='word_1_62' title='bbox 555 765 605 832; x_wconf 88' lang='grc' dir='ltr'><strong><em>ἀπ’</em></strong></span> <span class='ocrx_word' id='word_1_63' title='bbox 623 771 704 849; x_wconf 76' lang='grc' dir='ltr'><strong><em>ἐμοῦ,</em></strong></span> <span class='ocrx_word' id='word_1_64' title='bbox 717 767 769 830; x_wconf 86' lang='grc' dir='ltr'><strong><em>καί</em></strong></span> <span class='ocrx_word' id='word_1_65' title='bbox 885 768 937 848; x_wconf 79' lang='grc' dir='ltr'><strong><em>Τῷ</em></strong></span> <span class='ocrx_word' id='word_1_66' title='bbox 949 767 1048 831; x_wconf 85' lang='grc' dir='ltr'><strong><em>Δαυίδ</em></strong></span> <span class='ocrx_word' id='word_1_67' title='bbox 1058 767 1135 852; x_wconf 85' lang='grc' dir='ltr'><strong><em>πρὸς</em></strong></span> <span class='ocrx_word' id='word_1_68' title='bbox 1147 766 1203 833; x_wconf 88' lang='grc' dir='ltr'><strong><em>τὸν</em></strong></span> <span class='ocrx_word' id='word_1_69' title='bbox 1215 764 1343 834; x_wconf 86' lang='grc' dir='ltr'><strong><em>Γολιόιδ.</em></strong></span> 
     </span>
     <span class='ocr_line' id='line_1_8' title="bbox 159 814 1412 935; baseline 0 -18"><span class='ocrx_word' id='word_1_70' title='bbox 159 851 213 917; x_wconf 87' lang='grc' dir='ltr'><strong><em>οῦκ</em></strong></span> <span class='ocrx_word' id='word_1_71' title='bbox 230 857 311 918; x_wconf 86' lang='grc' dir='ltr'><strong><em>ἔστιν</em></strong></span> <span class='ocrx_word' id='word_1_72' title='bbox 329 850 493 934; x_wconf 78' lang='grc' dir='ltr'><strong><em>ὁ.ἐκζητῶν</em></strong></span> <span class='ocrx_word' id='word_1_73' title='bbox 515 852 569 934; x_wconf 76' lang='grc' dir='ltr'><strong><em>τὴν</em></strong></span> <span class='ocrx_word' id='word_1_74' title='bbox 586 847 684 934; x_wconf 72' lang='grc' dir='ltr'><strong><em>ψυχήν</em></strong></span> <span class='ocrx_word' id='word_1_75' title='bbox 699 875 766 931; x_wconf 90' lang='grc' dir='ltr'><strong><em>μου.</em></strong></span> <span class='ocrx_word' id='word_1_76' title='bbox 799 814 994 933; x_wconf 70' lang='grc' dir='ltr'><strong><em>Εὐλογητὸς</em></strong></span> <span class='ocrx_word' id='word_1_77' title='bbox 1011 847 1110 931; x_wconf 87' lang='grc' dir='ltr'><strong><em>κύριος</em></strong></span> <span class='ocrx_word' id='word_1_78' title='bbox 1130 848 1147 915; x_wconf 87' lang='grc' dir='ltr'>ὁ</span> <span class='ocrx_word' id='word_1_79' title='bbox 1167 848 1237 927; x_wconf 88' lang='grc' dir='ltr'><strong><em>θεός</em></strong></span> <span class='ocrx_word' id='word_1_80' title='bbox 1248 878 1306 935; x_wconf 89' lang='grc' dir='ltr'><strong><em>μου</em></strong></span> <span class='ocrx_word' id='word_1_81' title='bbox 1325 852 1342 917; x_wconf 86' lang='grc' dir='ltr'>ὁ</span> <span class='ocrx_word' id='word_1_82' title='bbox 1365 857 1412 921; x_wconf 87' lang='grc' dir='ltr'><strong><em>δι-</em></strong></span> 
     </span>
     <span class='ocr_line' id='line_1_9' title="bbox 159 927 1411 1034; baseline 0.002 -34"><span class='ocrx_word' id='word_1_83' title='bbox 159 932 255 1018; x_wconf 72' lang='grc' dir='ltr'><strong><em>οπρός</em></strong></span> <span class='ocrx_word' id='word_1_84' title='bbox 269 935 302 1001; x_wconf 79' lang='grc' dir='ltr'><strong><em>σὲ</em></strong></span> <span class='ocrx_word' id='word_1_85' title='bbox 314 930 395 1019; x_wconf 92' lang='grc' dir='ltr'><strong><em>κύριε</em></strong></span> <span class='ocrx_word' id='word_1_86' title='bbox 407 935 560 1025; x_wconf 79' lang='grc' dir='ltr'><strong><em>ἐκέκραξα,</em></strong></span> <span class='ocrx_word' id='word_1_87' title='bbox 572 936 623 998; x_wconf 88' lang='grc' dir='ltr'><strong><em>καί</em></strong></span> <span class='ocrx_word' id='word_1_88' title='bbox 636 933 715 1007; x_wconf 73' lang='grc' dir='ltr'><strong><em>εἶπα,</em></strong></span> <span class='ocrx_word' id='word_1_89' title='bbox 730 929 766 997; x_wconf 80' lang='grc' dir='ltr'><strong><em>σὺ</em></strong></span> <span class='ocrx_word' id='word_1_90' title='bbox 798 927 917 997; x_wconf 85' lang='grc' dir='ltr'><strong><em>δάσκιον</em></strong></span> <span class='ocrx_word' id='word_1_91' title='bbox 930 930 985 1007; x_wconf 90' lang='grc' dir='ltr'><strong><em>τάς</em></strong></span> <span class='ocrx_word' id='word_1_92' title='bbox 1008 930 1106 1034; x_wconf 83' lang='grc' dir='ltr'><strong><em>χεῖράς</em></strong></span> <span class='ocrx_word' id='word_1_93' title='bbox 1130 961 1188 1018; x_wconf 93' lang='grc' dir='ltr'><strong><em>μου</em></strong></span> <span class='ocrx_word' id='word_1_94' title='bbox 1206 940 1245 1010; x_wconf 84' lang='grc' dir='ltr'><strong><em>είς</em></strong></span> <span class='ocrx_word' id='word_1_95' title='bbox 1265 933 1411 1020; x_wconf 87' lang='grc' dir='ltr'><strong><em>παράτα-</em></strong></span> 
     </span>
     <span class='ocr_line' id='line_1_10' title="bbox 159 1011 1409 1106; baseline 0.002 -23"><span class='ocrx_word' id='word_1_96' title='bbox 159 1018 188 1083; x_wconf 79' lang='grc' dir='ltr'><strong><em>εἴ</em></strong></span> <span class='ocrx_word' id='word_1_97' title='bbox 203 1021 220 1101; x_wconf 76' lang='grc' dir='ltr'><em>ἢ</em></span> <span class='ocrx_word' id='word_1_98' title='bbox 234 1019 316 1091; x_wconf 82' lang='grc' dir='ltr'><strong><em>ἐλπίς</em></strong></span> <span class='ocrx_word' id='word_1_99' title='bbox 329 1043 401 1099; x_wconf 88' lang='grc' dir='ltr'><strong><em>μου,</em></strong></span> <span class='ocrx_word' id='word_1_100' title='bbox 426 1024 505 1102; x_wconf 85' lang='grc' dir='ltr'><strong><em>μερίς</em></strong></span> <span class='ocrx_word' id='word_1_101' title='bbox 524 1021 584 1098; x_wconf 90' lang='grc' dir='ltr'><strong><em>μοῦ</em></strong></span> <span class='ocrx_word' id='word_1_102' title='bbox 596 1020 627 1081; x_wconf 76' lang='grc' dir='ltr'><strong><em>ἐν</em></strong></span> <span class='ocrx_word' id='word_1_103' title='bbox 639 1021 678 1106; x_wconf 79' lang='grc' dir='ltr'><strong><em>γῇ</em></strong></span> <span class='ocrx_word' id='word_1_104' title='bbox 695 1011 767 1091; x_wconf 87' lang='grc' dir='ltr'><strong><em>ζιόν-</em></strong></span> <span class='ocrx_word' id='word_1_105' title='bbox 798 1016 859 1092; x_wconf 82' lang='grc' dir='ltr'><strong><em>ξιν,</em></strong></span> <span class='ocrx_word' id='word_1_106' title='bbox 881 1014 953 1089; x_wconf 86' lang='grc' dir='ltr'><strong><em>τούς</em></strong></span> <span class='ocrx_word' id='word_1_107' title='bbox 965 1016 1129 1092; x_wconf 79' lang='grc' dir='ltr'><strong><em>δακτύλους</em></strong></span> <span class='ocrx_word' id='word_1_108' title='bbox 1141 1044 1198 1100; x_wconf 91' lang='grc' dir='ltr'><strong><em>μου</em></strong></span> <span class='ocrx_word' id='word_1_109' title='bbox 1213 1024 1252 1094; x_wconf 85' lang='grc' dir='ltr'><strong><em>είς</em></strong></span> <span class='ocrx_word' id='word_1_110' title='bbox 1264 1015 1409 1104; x_wconf 82' lang='grc' dir='ltr'><strong><em>πόλεμον.</em></strong></span> 
     </span>
     <span class='ocr_line' id='line_1_11' title="bbox 159 1094 1411 1204; baseline 0.002 -38"><span class='ocrx_word' id='word_1_111' title='bbox 159 1127 229 1167; x_wconf 84' lang='grc' dir='ltr'><strong><em>των.</em></strong></span> <span class='ocrx_word' id='word_1_112' title='bbox 256 1099 407 1204; x_wconf 79' lang='grc' dir='ltr'><strong><em>7πρόσχες</em></strong></span> <span class='ocrx_word' id='word_1_113' title='bbox 423 1097 507 1185; x_wconf 84' lang='grc' dir='ltr'><strong><em>πρὸς</em></strong></span> <span class='ocrx_word' id='word_1_114' title='bbox 518 1097 572 1183; x_wconf 80' lang='grc' dir='ltr'><strong><em>τίχν</em></strong></span> <span class='ocrx_word' id='word_1_115' title='bbox 589 1099 687 1184; x_wconf 83' lang='grc' dir='ltr'><strong><em>δέησίν</em></strong></span> <span class='ocrx_word' id='word_1_116' title='bbox 698 1124 767 1183; x_wconf 92' lang='grc' dir='ltr'><strong><em>μου,</em></strong></span> <span class='ocrx_word' id='word_1_117' title='bbox 798 1103 814 1140; x_wconf 86' lang='lat'><em>²</em></span> <span class='ocrx_word' id='word_1_118' title='bbox 826 1094 911 1172; x_wconf 79' lang='grc' dir='ltr'><strong><em>ἔλεός</em></strong></span> <span class='ocrx_word' id='word_1_119' title='bbox 921 1124 979 1180; x_wconf 93' lang='grc' dir='ltr'><strong><em>μου</em></strong></span> <span class='ocrx_word' id='word_1_120' title='bbox 992 1101 1044 1162; x_wconf 80' lang='grc' dir='ltr'><strong><em>καί</em></strong></span> <span class='ocrx_word' id='word_1_121' title='bbox 1056 1097 1213 1184; x_wconf 73' lang='grc' dir='ltr'><strong><em>καταφυγή</em></strong></span> <span class='ocrx_word' id='word_1_122' title='bbox 1225 1127 1309 1184; x_wconf 81' lang='grc' dir='ltr'><strong><em>μου,</em></strong></span> <span class='ocrx_word' id='word_1_123' title='bbox 1321 1101 1411 1169; x_wconf 89' lang='grc' dir='ltr'><strong><em>ἀντι-</em></strong></span> 
     </span>
     <span class='ocr_line' id='line_1_12' title="bbox 159 1177 1408 1287; baseline 0.002 -39"><span class='ocrx_word' id='word_1_124' title='bbox 159 1179 207 1250; x_wconf 82' lang='grc' dir='ltr'><strong><em>ότι</em></strong></span> <span class='ocrx_word' id='word_1_125' title='bbox 221 1189 426 1287; x_wconf 82' lang='grc' dir='ltr'><strong><em>ἐταπεινωθην</em></strong></span> <span class='ocrx_word' id='word_1_126' title='bbox 439 1180 566 1268; x_wconf 85' lang='grc' dir='ltr'><strong><em>σφόδρα.</em></strong></span> <span class='ocrx_word' id='word_1_127' title='bbox 586 1185 678 1269; x_wconf 81' lang='grc' dir='ltr'><strong><em>ῥῦσαί</em></strong></span> <span class='ocrx_word' id='word_1_128' title='bbox 688 1208 723 1266; x_wconf 90' lang='grc' dir='ltr'><strong><em>με</em></strong></span> <span class='ocrx_word' id='word_1_129' title='bbox 736 1184 767 1245; x_wconf 80' lang='grc' dir='ltr'><strong><em>ἐκ</em></strong></span> <span class='ocrx_word' id='word_1_130' title='bbox 787 1177 923 1267; x_wconf 73' lang='grc' dir='ltr'><strong><em>’λὴτιτωρ</em></strong></span> <span class='ocrx_word' id='word_1_131' title='bbox 935 1207 996 1265; x_wconf 92' lang='grc' dir='ltr'><strong><em>μου</em></strong></span> <span class='ocrx_word' id='word_1_132' title='bbox 1011 1184 1062 1246; x_wconf 88' lang='grc' dir='ltr'><strong><em>καί</em></strong></span> <span class='ocrx_word' id='word_1_133' title='bbox 1075 1179 1183 1268; x_wconf 80' lang='grc' dir='ltr'><strong><em>ῥύστης</em></strong></span> <span class='ocrx_word' id='word_1_134' title='bbox 1194 1211 1268 1267; x_wconf 92' lang='grc' dir='ltr'><strong><em>μου,</em></strong></span> <span class='ocrx_word' id='word_1_135' title='bbox 1295 1182 1408 1274; x_wconf 86' lang='grc' dir='ltr'><strong><em>ῦπερα-</em></strong></span> 
     </span>
     <span class='ocr_line' id='line_1_13' title="bbox 159 1259 1409 1367; baseline 0.002 -35"><span class='ocrx_word' id='word_1_136' title='bbox 159 1274 221 1335; x_wconf 79' lang='grc' dir='ltr'><strong><em>τῶν</em></strong></span> <span class='ocrx_word' id='word_1_137' title='bbox 233 1268 534 1348; x_wconf 82' lang='grc' dir='ltr'><strong><em>καταδιωκοντωνμε,</em></strong></span> <span class='ocrx_word' id='word_1_138' title='bbox 545 1260 767 1350; x_wconf 77' lang='grc' dir='ltr'><strong><em>ότιέκραταιά-</em></strong></span> <span class='ocrx_word' id='word_1_139' title='bbox 799 1259 920 1367; x_wconf 76' lang='grc' dir='ltr'><strong><em>οπιστης</em></strong></span> <span class='ocrx_word' id='word_1_140' title='bbox 932 1290 991 1347; x_wconf 90' lang='grc' dir='ltr'><strong><em>μου</em></strong></span> <span class='ocrx_word' id='word_1_141' title='bbox 1008 1267 1061 1330; x_wconf 86' lang='grc' dir='ltr'><strong><em>καί</em></strong></span> <span class='ocrx_word' id='word_1_142' title='bbox 1072 1265 1117 1330; x_wconf 77' lang='grc' dir='ltr'><strong><em>ἐπ’</em></strong></span> <span class='ocrx_word' id='word_1_143' title='bbox 1135 1266 1365 1352; x_wconf 72' lang='grc' dir='ltr'><strong><em>αῦτῲίχλπισα,</em></strong></span> <span class='ocrx_word' id='word_1_144' title='bbox 1391 1269 1409 1335; x_wconf 87' lang='grc' dir='ltr'>ὁ</span> 
     </span>
     <span class='ocr_line' id='line_1_14' title="bbox 159 1344 1408 1437; baseline 0.001 -22"><span class='ocrx_word' id='word_1_145' title='bbox 159 1361 261 1437; x_wconf 80' lang='grc' dir='ltr'><strong><em>θησαν</em></strong></span> <span class='ocrx_word' id='word_1_146' title='bbox 280 1347 354 1436; x_wconf 81' lang='grc' dir='ltr'><strong><em>ῦπέρ</em></strong></span> <span class='ocrx_word' id='word_1_147' title='bbox 373 1353 431 1433; x_wconf 80' lang='grc' dir='ltr'><strong><em>ἐμέ.</em></strong></span> <span class='ocrx_word' id='word_1_148' title='bbox 458 1344 610 1427; x_wconf 74' lang='grc' dir='ltr'><strong><em>8ἐξάγαγε</em></strong></span> <span class='ocrx_word' id='word_1_149' title='bbox 625 1353 657 1414; x_wconf 79' lang='grc' dir='ltr'><strong><em>ἐκ</em></strong></span> <span class='ocrx_word' id='word_1_150' title='bbox 670 1349 765 1430; x_wconf 84' lang='grc' dir='ltr'><strong><em>φυλα-</em></strong></span> <span class='ocrx_word' id='word_1_151' title='bbox 800 1347 984 1416; x_wconf 85' lang='grc' dir='ltr'><strong><em>ῦπατασσιον</em></strong></span> <span class='ocrx_word' id='word_1_152' title='bbox 1009 1346 1065 1414; x_wconf 85' lang='grc' dir='ltr'><strong><em>τὸν</em></strong></span> <span class='ocrx_word' id='word_1_153' title='bbox 1090 1348 1166 1415; x_wconf 91' lang='grc' dir='ltr'><strong><em>λαόν</em></strong></span> <span class='ocrx_word' id='word_1_154' title='bbox 1191 1377 1248 1435; x_wconf 87' lang='grc' dir='ltr'><strong><em>μου</em></strong></span> <span class='ocrx_word' id='word_1_155' title='bbox 1275 1347 1325 1417; x_wconf 77' lang='grc' dir='ltr'><strong><em>ἀπ’</em></strong></span> <span class='ocrx_word' id='word_1_156' title='bbox 1347 1357 1408 1436; x_wconf 77' lang='grc' dir='ltr'><strong><em>ἐμέ.</em></strong></span> 
     </span>
     <span class='ocr_line' id='line_1_15' title="bbox 161 1428 1410 1519; baseline 0.003 -22"><span class='ocrx_word' id='word_1_157' title='bbox 161 1440 213 1518; x_wconf 79' lang='grc' dir='ltr'><strong><em>κης</em></strong></span> <span class='ocrx_word' id='word_1_158' title='bbox 226 1432 279 1517; x_wconf 74' lang='grc' dir='ltr'><strong><em>τὴν</em></strong></span> <span class='ocrx_word' id='word_1_159' title='bbox 292 1428 389 1517; x_wconf 73' lang='grc' dir='ltr'><strong><em>ψυχήν</em></strong></span> <span class='ocrx_word' id='word_1_160' title='bbox 399 1458 466 1514; x_wconf 90' lang='grc' dir='ltr'><strong><em>μου,</em></strong></span> <span class='ocrx_word' id='word_1_161' title='bbox 480 1437 537 1498; x_wconf 87' lang='grc' dir='ltr'><strong><em>τοῦ</em></strong></span> <span class='ocrx_word' id='word_1_162' title='bbox 549 1428 768 1515; x_wconf 75' lang='grc' dir='ltr'><strong><em>ίξομσλογησα-</em></strong></span> <span class='ocrx_word' id='word_1_163' title='bbox 784 1429 877 1516; x_wconf 77' lang='grc' dir='ltr'><strong><em>3κύριε</em></strong></span> <span class='ocrx_word' id='word_1_164' title='bbox 888 1435 920 1496; x_wconf 92' lang='grc' dir='ltr'><strong><em>τί</em></strong></span> <span class='ocrx_word' id='word_1_165' title='bbox 929 1435 1006 1496; x_wconf 77' lang='grc' dir='ltr'><strong><em>ἐστιν</em></strong></span> <span class='ocrx_word' id='word_1_166' title='bbox 1018 1431 1182 1518; x_wconf 88' lang='grc' dir='ltr'><strong><em>ἀνθρωπος</em></strong></span> <span class='ocrx_word' id='word_1_167' title='bbox 1196 1431 1243 1499; x_wconf 82' lang='grc' dir='ltr'><strong><em>ότι</em></strong></span> <span class='ocrx_word' id='word_1_168' title='bbox 1252 1430 1410 1519; x_wconf 72' lang='grc' dir='ltr'><strong><em>ἐγνώσθης</em></strong></span> 
     </span>
     <span class='ocr_line' id='line_1_16' title="bbox 162 1511 1408 1605; baseline 0.002 -23"><span class='ocrx_word' id='word_1_169' title='bbox 162 1527 236 1582; x_wconf 88' lang='grc' dir='ltr'><strong><em>σθαι</em></strong></span> <span class='ocrx_word' id='word_1_170' title='bbox 249 1521 294 1598; x_wconf 72' lang='grc' dir='ltr'><strong><em>τοῦ</em></strong></span> <span class='ocrx_word' id='word_1_171' title='bbox 306 1513 431 1597; x_wconf 87' lang='grc' dir='ltr'><strong><em>ὀνόματί</em></strong></span> <span class='ocrx_word' id='word_1_172' title='bbox 439 1540 493 1580; x_wconf 91' lang='grc' dir='ltr'><strong><em>σου</em></strong></span> <span class='ocrx_word' id='word_1_173' title='bbox 504 1511 592 1600; x_wconf 89' lang='grc' dir='ltr'><strong><em>κύριε,</em></strong></span> <span class='ocrx_word' id='word_1_174' title='bbox 599 1515 648 1597; x_wconf 79' lang='grc' dir='ltr'><strong><em>ἐμὲ</em></strong></span> <span class='ocrx_word' id='word_1_175' title='bbox 659 1512 768 1597; x_wconf 80' lang='grc' dir='ltr'><strong><em>ῦπομε·</em></strong></span> <span class='ocrx_word' id='word_1_176' title='bbox 799 1511 918 1599; x_wconf 76' lang='grc' dir='ltr'><strong><em>αῦτῷ,ἢ</em></strong></span> <span class='ocrx_word' id='word_1_177' title='bbox 929 1513 993 1589; x_wconf 83' lang='grc' dir='ltr'><strong><em>υἱός</em></strong></span> <span class='ocrx_word' id='word_1_178' title='bbox 1001 1512 1228 1600; x_wconf 75' lang='grc' dir='ltr'><strong><em>ἀνθρώπουότι</em></strong></span> <span class='ocrx_word' id='word_1_179' title='bbox 1238 1517 1340 1605; x_wconf 79' lang='grc' dir='ltr'><strong><em>λογίζη</em></strong></span> <span class='ocrx_word' id='word_1_180' title='bbox 1351 1518 1408 1584; x_wconf 86' lang='grc' dir='ltr'><strong><em>αῦ-</em></strong></span> 
     </span>
     <span class='ocr_line' id='line_1_17' title="bbox 162 1590 1408 1696; baseline 0.003 -34"><span class='ocrx_word' id='word_1_181' title='bbox 162 1603 246 1664; x_wconf 88' lang='grc' dir='ltr'><strong><em>νοῦσι</em></strong></span> <span class='ocrx_word' id='word_1_182' title='bbox 258 1599 365 1663; x_wconf 89' lang='grc' dir='ltr'><strong><em>δίκαιοι</em></strong></span> <span class='ocrx_word' id='word_1_183' title='bbox 379 1602 434 1672; x_wconf 79' lang='grc' dir='ltr'><strong><em>ἕως</em></strong></span> <span class='ocrx_word' id='word_1_184' title='bbox 448 1590 486 1661; x_wconf 85' lang='grc' dir='ltr'><strong><em>οῦ</em></strong></span> <span class='ocrx_word' id='word_1_185' title='bbox 500 1597 677 1682; x_wconf 79' lang='grc' dir='ltr'><strong><em>ἀνταποδῴς</em></strong></span> <span class='ocrx_word' id='word_1_186' title='bbox 688 1623 748 1680; x_wconf 86' lang='grc' dir='ltr'><strong><em>μοι.</em></strong></span> <span class='ocrx_word' id='word_1_187' title='bbox 798 1593 854 1662; x_wconf 89' lang='grc' dir='ltr'><strong><em>τόν</em></strong></span> <span class='ocrx_word' id='word_1_188' title='bbox 858 1626 871 1676; x_wconf 89' lang='grc'><strong><em>,·</em></strong></span> <span class='ocrx_word' id='word_1_189' title='bbox 889 1595 1085 1696; x_wconf 69' lang='grc' dir='ltr'><strong><em>4όίνθρωπος</em></strong></span> <span class='ocrx_word' id='word_1_190' title='bbox 1096 1601 1273 1685; x_wconf 81' lang='grc' dir='ltr'><strong><em>ματαιότητι</em></strong></span> <span class='ocrx_word' id='word_1_191' title='bbox 1285 1597 1408 1684; x_wconf 80' lang='grc' dir='ltr'><strong><em>ὡμοιαί-</em></strong></span> 
     </span>
     <span class='ocr_line' id='line_1_18' title="bbox 406 1677 1407 1771; baseline 0.008 -29"><span class='ocrx_word' id='word_1_192' title='bbox 406 1677 528 1746; x_wconf 86' lang='grc' dir='ltr'><strong><em>ΡΜΒ’.</em></strong></span> <span class='ocrx_word' id='word_1_193' title='bbox 589 1728 592 1734; x_wconf 80' lang='grc'><strong><em>.</em></strong></span> <span class='ocrx_word' id='word_1_194' title='bbox 798 1691 853 1763; x_wconf 90' lang='grc' dir='ltr'><strong><em>θη,</em></strong></span> <span class='ocrx_word' id='word_1_195' title='bbox 874 1679 1134 1765; x_wconf 82' lang='grc' dir='ltr'><strong><em>αῑημέραιαῦτοῦ</em></strong></span> <span class='ocrx_word' id='word_1_196' title='bbox 1147 1679 1212 1759; x_wconf 81' lang='grc' dir='ltr'><strong><em>ὡςεί</em></strong></span> <span class='ocrx_word' id='word_1_197' title='bbox 1225 1681 1293 1749; x_wconf 77' lang='grc' dir='ltr'><strong><em>’σκιά</em></strong></span> <span class='ocrx_word' id='word_1_198' title='bbox 1305 1682 1407 1771; x_wconf 79' lang='grc' dir='ltr'><strong><em>παρ’ἀ-</em></strong></span> 
     </span>
     <span class='ocr_line' id='line_1_19' title="bbox 167 1758 1406 1852; baseline 0.003 -23"><span class='ocrx_word' id='word_1_199' title='bbox 167 1761 292 1848; x_wconf 77' lang='grc' dir='ltr'><strong><em>Ψαλμός</em></strong></span> <span class='ocrx_word' id='word_1_200' title='bbox 312 1767 358 1849; x_wconf 74' lang='grc' dir='ltr'><strong><em>τῷ</em></strong></span> <span class='ocrx_word' id='word_1_201' title='bbox 375 1764 474 1830; x_wconf 78' lang='grc' dir='ltr'><strong><em>Άαυίδ</em></strong></span> <span class='ocrx_word' id='word_1_202' title='bbox 490 1758 540 1828; x_wconf 76' lang='grc' dir='ltr'><strong><em>ότι</em></strong></span> <span class='ocrx_word' id='word_1_203' title='bbox 557 1759 651 1829; x_wconf 79' lang='grc' dir='ltr'><strong><em>αὐτόν</em></strong></span> <span class='ocrx_word' id='word_1_204' title='bbox 670 1760 688 1828; x_wconf 85' lang='grc' dir='ltr'>ὁ</span> <span class='ocrx_word' id='word_1_205' title='bbox 705 1759 769 1839; x_wconf 83' lang='grc' dir='ltr'><strong><em>υίὸς</em></strong></span> <span class='ocrx_word' id='word_1_206' title='bbox 798 1789 913 1842; x_wconf 67' lang='grc' dir='ltr'><strong><em>γουσι·</em></strong></span> <span class='ocrx_word' id='word_1_207' title='bbox 932 1760 1040 1848; x_wconf 62' lang='grc' dir='ltr'><strong><em>ὅκύριε</em></strong></span> <span class='ocrx_word' id='word_1_208' title='bbox 1057 1765 1160 1832; x_wconf 82' lang='grc' dir='ltr'><strong><em>κλῖνον</em></strong></span> <span class='ocrx_word' id='word_1_209' title='bbox 1180 1765 1331 1852; x_wconf 79' lang='grc' dir='ltr'><strong><em>οὐρανούς</em></strong></span> <span class='ocrx_word' id='word_1_210' title='bbox 1348 1794 1406 1834; x_wconf 92' lang='grc' dir='ltr'><strong><em>σου</em></strong></span> 
     </span>
     <span class='ocr_line' id='line_1_20' title="bbox 380 1839 1408 1974; baseline 0.006 -62"><span class='ocrx_word' id='word_1_211' title='bbox 380 1844 554 1912; x_wconf 78' lang='grc' dir='ltr'><strong><em>κατεδιώκει.</em></strong></span> <span class='ocrx_word' id='word_1_212' title='bbox 798 1847 851 1912; x_wconf 82' lang='grc' dir='ltr'><strong><em>καί</em></strong></span> <span class='ocrx_word' id='word_1_213' title='bbox 866 1839 1033 1951; x_wconf 76' lang='grc' dir='ltr'><strong><em>κατάβηθι,</em></strong></span> <span class='ocrx_word' id='word_1_214' title='bbox 1060 1844 1142 1974; x_wconf 67' lang='grc' dir='ltr'><strong><em>ἀηαι</em></strong></span> <span class='ocrx_word' id='word_1_215' title='bbox 1160 1855 1223 1915; x_wconf 84' lang='grc' dir='ltr'><strong><em>τιῦν</em></strong></span> <span class='ocrx_word' id='word_1_216' title='bbox 1241 1849 1408 1936; x_wconf 81' lang='grc' dir='ltr'><strong><em>όρέοονκαί</em></strong></span> 
     </span>
     <span class='ocr_line' id='line_1_21' title="bbox 161 1897 1407 2076; baseline 0.003 -81"><span class='ocrx_word' id='word_1_217' title='bbox 161 1897 274 2015; x_wconf 70' lang='grc' dir='ltr'><strong><em>Κύριε</em></strong></span> <span class='ocrx_word' id='word_1_218' title='bbox 286 1926 454 2006; x_wconf 83' lang='grc' dir='ltr'><strong><em>ελςόκουσον</em></strong></span> <span class='ocrx_word' id='word_1_219' title='bbox 466 1934 519 2014; x_wconf 75' lang='grc' dir='ltr'><strong><em>τῆς</em></strong></span> <span class='ocrx_word' id='word_1_220' title='bbox 531 1933 689 2076; x_wconf 74' lang='grc' dir='ltr'><strong><em>προςευχης</em></strong></span> <span class='ocrx_word' id='word_1_221' title='bbox 698 1955 767 2013; x_wconf 87' lang='grc' dir='ltr'><strong><em>μου,</em></strong></span> <span class='ocrx_word' id='word_1_222' title='bbox 798 1940 1060 2013; x_wconf 86' lang='grc' dir='ltr'><strong><em>καπνισθησονται.</em></strong></span> <span class='ocrx_word' id='word_1_223' title='bbox 1117 1931 1277 2017; x_wconf 82' lang='grc' dir='ltr'><strong><em>ἀστραψον</em></strong></span> <span class='ocrx_word' id='word_1_224' title='bbox 1289 1933 1407 2020; x_wconf 88' lang='grc' dir='ltr'><strong><em>ἀστρα-</em></strong></span> 
     </span>
     <span class='ocr_line' id='line_1_22' title="bbox 160 2009 1407 2100; baseline 0.003 -20"><span class='ocrx_word' id='word_1_225' title='bbox 160 2009 296 2081; x_wconf 75' lang='grc' dir='ltr'><strong><em>ἔνιότισαι</em></strong></span> <span class='ocrx_word' id='word_1_226' title='bbox 308 2013 363 2097; x_wconf 75' lang='grc' dir='ltr'><strong><em>την</em></strong></span> <span class='ocrx_word' id='word_1_227' title='bbox 372 2016 473 2098; x_wconf 84' lang='grc' dir='ltr'><strong><em>δέησίν</em></strong></span> <span class='ocrx_word' id='word_1_228' title='bbox 481 2039 538 2095; x_wconf 92' lang='grc' dir='ltr'><strong><em>μου</em></strong></span> <span class='ocrx_word' id='word_1_229' title='bbox 551 2018 582 2079; x_wconf 81' lang='grc' dir='ltr'><strong><em>ἓν</em></strong></span> <span class='ocrx_word' id='word_1_230' title='bbox 590 2017 627 2096; x_wconf 80' lang='grc' dir='ltr'><strong><em>τῆ</em></strong></span> <span class='ocrx_word' id='word_1_231' title='bbox 638 2039 658 2077; x_wconf 92' lang='grc' dir='ltr'><strong><em>α</em></strong></span> <span class='ocrx_word' id='word_1_232' title='bbox 679 2018 768 2097; x_wconf 79' lang='grc' dir='ltr'><strong><em>ηθείᾳ</em></strong></span> <span class='ocrx_word' id='word_1_233' title='bbox 797 2010 857 2099; x_wconf 82' lang='grc' dir='ltr'><strong><em>πίην</em></strong></span> <span class='ocrx_word' id='word_1_234' title='bbox 868 2017 919 2079; x_wconf 84' lang='grc' dir='ltr'><strong><em>καί</em></strong></span> <span class='ocrx_word' id='word_1_235' title='bbox 931 2024 1079 2100; x_wconf 84' lang='grc' dir='ltr'><strong><em>σκορπιεῖς</em></strong></span> <span class='ocrx_word' id='word_1_236' title='bbox 1092 2013 1212 2092; x_wconf 86' lang='grc' dir='ltr'><strong><em>αύτούς,</em></strong></span> <span class='ocrx_word' id='word_1_237' title='bbox 1231 2015 1407 2093; x_wconf 78' lang='grc' dir='ltr'><strong><em>ἐξαπόστεί-</em></strong></span> 
     </span>
     <span class='ocr_line' id='line_1_23' title="bbox 161 2083 1407 2189; baseline 0.002 -25"><span class='ocrx_word' id='word_1_238' title='bbox 161 2123 233 2173; x_wconf 88' lang='grc' dir='ltr'><strong><em>σου,</em></strong></span> <span class='ocrx_word' id='word_1_239' title='bbox 250 2093 421 2173; x_wconf 79' lang='grc' dir='ltr'><strong><em>ἕπάκουσόν</em></strong></span> <span class='ocrx_word' id='word_1_240' title='bbox 432 2122 491 2180; x_wconf 89' lang='grc' dir='ltr'><strong><em>μου</em></strong></span> <span class='ocrx_word' id='word_1_241' title='bbox 504 2099 535 2163; x_wconf 80' lang='grc' dir='ltr'><strong><em>ἓν</em></strong></span> <span class='ocrx_word' id='word_1_242' title='bbox 547 2101 586 2189; x_wconf 75' lang='grc' dir='ltr'><strong><em>τῇ</em></strong></span> <span class='ocrx_word' id='word_1_243' title='bbox 598 2083 767 2188; x_wconf 73' lang='grc' dir='ltr'><strong><em>δικαιοσύνη</em></strong></span> <span class='ocrx_word' id='word_1_244' title='bbox 797 2095 854 2162; x_wconf 89' lang='grc' dir='ltr'><strong><em>λον</em></strong></span> <span class='ocrx_word' id='word_1_245' title='bbox 869 2097 908 2162; x_wconf 89' lang='grc' dir='ltr'><strong><em>τά</em></strong></span> <span class='ocrx_word' id='word_1_246' title='bbox 951 2097 993 2181; x_wconf 93' lang='grc' dir='ltr'><strong><em>’λη</em></strong></span> <span class='ocrx_word' id='word_1_247' title='bbox 1008 2123 1064 2163; x_wconf 93' lang='grc' dir='ltr'><strong><em>σου</em></strong></span> <span class='ocrx_word' id='word_1_248' title='bbox 1081 2096 1133 2163; x_wconf 71' lang='grc' dir='ltr'><strong><em>καί</em></strong></span> <span class='ocrx_word' id='word_1_249' title='bbox 1145 2097 1335 2185; x_wconf 72' lang='grc' dir='ltr'><strong><em>συνταράξεις</em></strong></span> <span class='ocrx_word' id='word_1_250' title='bbox 1345 2100 1407 2166; x_wconf 70' lang='grc' dir='ltr'><strong><em>ἀῦ-</em></strong></span> 
     </span>
     <span class='ocr_line' id='line_1_24' title="bbox 160 2174 1406 2283; baseline 0.004 -38"><span class='ocrx_word' id='word_1_251' title='bbox 160 2205 225 2257; x_wconf 91' lang='grc' dir='ltr'><strong><em>σου,</em></strong></span> <span class='ocrx_word' id='word_1_252' title='bbox 247 2182 262 2222; x_wconf 87' lang='lat'><em>²</em></span> <span class='ocrx_word' id='word_1_253' title='bbox 276 2181 327 2245; x_wconf 80' lang='grc' dir='ltr'><strong><em>καί</em></strong></span> <span class='ocrx_word' id='word_1_254' title='bbox 338 2178 378 2264; x_wconf 76' lang='grc' dir='ltr'><strong><em>μη</em></strong></span> <span class='ocrx_word' id='word_1_255' title='bbox 392 2180 524 2268; x_wconf 77' lang='grc' dir='ltr'><strong><em>είςέλιθης</em></strong></span> <span class='ocrx_word' id='word_1_256' title='bbox 537 2185 575 2255; x_wconf 76' lang='grc' dir='ltr'><strong><em>είς</em></strong></span> <span class='ocrx_word' id='word_1_257' title='bbox 587 2185 683 2264; x_wconf 82' lang='grc' dir='ltr'><strong><em>κρίσιν</em></strong></span> <span class='ocrx_word' id='word_1_258' title='bbox 694 2187 767 2262; x_wconf 80' lang='grc' dir='ltr'><strong><em>μετὰ</em></strong></span> <span class='ocrx_word' id='word_1_259' title='bbox 797 2174 876 2255; x_wconf 88' lang='grc' dir='ltr'><strong><em>τούς.</em></strong></span> <span class='ocrx_word' id='word_1_260' title='bbox 894 2182 908 2223; x_wconf 85' lang='lat'>⁷</span> <span class='ocrx_word' id='word_1_261' title='bbox 948 2176 1132 2247; x_wconf 87' lang='grc' dir='ltr'><strong><em>απόστειλον</em></strong></span> <span class='ocrx_word' id='word_1_262' title='bbox 1144 2180 1198 2283; x_wconf 69' lang='grc' dir='ltr'><strong><em>την</em></strong></span> <span class='ocrx_word' id='word_1_263' title='bbox 1208 2182 1291 2269; x_wconf 84' lang='grc' dir='ltr'><strong><em>χεῖρά</em></strong></span> <span class='ocrx_word' id='word_1_264' title='bbox 1305 2210 1361 2250; x_wconf 92' lang='grc' dir='ltr'><strong><em>σου</em></strong></span> <span class='ocrx_word' id='word_1_265' title='bbox 1375 2187 1406 2261; x_wconf 76' lang='grc' dir='ltr'><strong><em>ἐξ</em></strong></span> 
     </span>
     <span class='ocr_line' id='line_1_25' title="bbox 159 2258 1405 2352; baseline 0.004 -24"><span class='ocrx_word' id='word_1_266' title='bbox 159 2267 214 2329; x_wconf 88' lang='grc' dir='ltr'><strong><em>τοῦ</em></strong></span> <span class='ocrx_word' id='word_1_267' title='bbox 227 2262 336 2329; x_wconf 84' lang='grc' dir='ltr'><strong><em>δούλου</em></strong></span> <span class='ocrx_word' id='word_1_268' title='bbox 350 2289 414 2340; x_wconf 91' lang='grc' dir='ltr'><strong><em>σου,</em></strong></span> <span class='ocrx_word' id='word_1_269' title='bbox 427 2258 474 2329; x_wconf 85' lang='grc' dir='ltr'><strong><em>ότι</em></strong></span> <span class='ocrx_word' id='word_1_270' title='bbox 487 2261 524 2328; x_wconf 84' lang='grc' dir='ltr'><strong><em>ού</em></strong></span> <span class='ocrx_word' id='word_1_271' title='bbox 538 2258 766 2348; x_wconf 71' lang='grc' dir='ltr'><strong><em>δικαιωθήσεται</em></strong></span> <span class='ocrx_word' id='word_1_272' title='bbox 798 2258 906 2345; x_wconf 82' lang='grc' dir='ltr'><strong><em>ῦψους,</em></strong></span> <span class='ocrx_word' id='word_1_273' title='bbox 919 2263 1019 2341; x_wconf 73' lang='grc' dir='ltr'><strong><em>ἐξελοῦ</em></strong></span> <span class='ocrx_word' id='word_1_274' title='bbox 1027 2290 1063 2349; x_wconf 81' lang='grc' dir='ltr'><strong><em>με</em></strong></span> <span class='ocrx_word' id='word_1_275' title='bbox 1075 2266 1127 2330; x_wconf 82' lang='grc' dir='ltr'><strong><em>καί</em></strong></span> <span class='ocrx_word' id='word_1_276' title='bbox 1139 2269 1229 2351; x_wconf 76' lang='grc' dir='ltr'><strong><em>ῥυσαί</em></strong></span> <span class='ocrx_word' id='word_1_277' title='bbox 1238 2294 1273 2352; x_wconf 92' lang='grc' dir='ltr'><strong><em>με</em></strong></span> <span class='ocrx_word' id='word_1_278' title='bbox 1285 2269 1317 2344; x_wconf 76' lang='grc' dir='ltr'><strong><em>ἐξ</em></strong></span> <span class='ocrx_word' id='word_1_279' title='bbox 1327 2266 1405 2333; x_wconf 71' lang='grc' dir='ltr'><strong><em>’ῦδά-</em></strong></span> 
     </span>
     <span class='ocr_line' id='line_1_26' title="bbox 159 2342 1405 2436; baseline 0.003 -24"><span class='ocrx_word' id='word_1_280' title='bbox 159 2342 285 2412; x_wconf 74' lang='grc' dir='ltr'><strong><em>ἐνώπιόν</em></strong></span> <span class='ocrx_word' id='word_1_281' title='bbox 296 2372 353 2413; x_wconf 92' lang='grc' dir='ltr'><strong><em>σου</em></strong></span> <span class='ocrx_word' id='word_1_282' title='bbox 366 2351 427 2422; x_wconf 87' lang='grc' dir='ltr'><strong><em>πῦς</em></strong></span> <span class='ocrx_word' id='word_1_283' title='bbox 440 2348 506 2423; x_wconf 79' lang='grc' dir='ltr'><strong><em>ζοῦν.</em></strong></span> <span class='ocrx_word' id='word_1_284' title='bbox 531 2342 609 2412; x_wconf 66' lang='grc' dir='ltr'><strong><em>’ότι</em></strong></span> <span class='ocrx_word' id='word_1_285' title='bbox 623 2346 766 2412; x_wconf 84' lang='grc' dir='ltr'><strong><em>κατεδίω-</em></strong></span> <span class='ocrx_word' id='word_1_286' title='bbox 797 2369 857 2410; x_wconf 84' lang='grc' dir='ltr'><strong><em>τιον</em></strong></span> <span class='ocrx_word' id='word_1_287' title='bbox 881 2348 1024 2424; x_wconf 78' lang='grc' dir='ltr'><strong><em>πολλῶν,Ι</em></strong></span> <span class='ocrx_word' id='word_1_288' title='bbox 1044 2350 1075 2412; x_wconf 76' lang='grc' dir='ltr'><strong><em>ἐκ</em></strong></span> <span class='ocrx_word' id='word_1_289' title='bbox 1099 2349 1192 2436; x_wconf 87' lang='grc' dir='ltr'><strong><em>χειρὸς</em></strong></span> <span class='ocrx_word' id='word_1_290' title='bbox 1206 2355 1289 2415; x_wconf 81' lang='grc' dir='ltr'><strong><em>,υίιῦν</em></strong></span> <span class='ocrx_word' id='word_1_291' title='bbox 1311 2349 1405 2416; x_wconf 84' lang='grc' dir='ltr'><strong><em>ἀλλο·</em></strong></span> 
     </span>
     <span class='ocr_line' id='line_1_27' title="bbox 159 2423 1405 2535; baseline 0.007 -40"><span class='ocrx_word' id='word_1_292' title='bbox 159 2432 204 2507; x_wconf 88' lang='grc' dir='ltr'><strong><em>ξεν</em></strong></span> <span class='ocrx_word' id='word_1_293' title='bbox 217 2427 235 2494; x_wconf 86' lang='grc' dir='ltr'><strong><em>ό</em></strong></span> <span class='ocrx_word' id='word_1_294' title='bbox 249 2428 356 2531; x_wconf 68' lang='grc' dir='ltr'><strong><em>ἐχθρὸς</em></strong></span> <span class='ocrx_word' id='word_1_295' title='bbox 368 2428 424 2530; x_wconf 65' lang='grc' dir='ltr'><strong><em>τὴν</em></strong></span> <span class='ocrx_word' id='word_1_296' title='bbox 436 2425 534 2535; x_wconf 75' lang='grc' dir='ltr'><strong><em>ψρχην</em></strong></span> <span class='ocrx_word' id='word_1_297' title='bbox 545 2456 619 2531; x_wconf 74' lang='grc' dir='ltr'><strong><em>μου,</em></strong></span> <span class='ocrx_word' id='word_1_298' title='bbox 645 2433 766 2495; x_wconf 80' lang='grc' dir='ltr'><strong><em>ίταπεί-</em></strong></span> <span class='ocrx_word' id='word_1_299' title='bbox 796 2433 896 2532; x_wconf 77' lang='grc' dir='ltr'><strong><em>τρίιρν.</em></strong></span> <span class='ocrx_word' id='word_1_300' title='bbox 921 2423 995 2496; x_wconf 55' lang='grc' dir='ltr'><strong><em>ῧῶν</em></strong></span> <span class='ocrx_word' id='word_1_301' title='bbox 1020 2428 1056 2496; x_wconf 85' lang='grc' dir='ltr'><strong><em>τό</em></strong></span> <span class='ocrx_word' id='word_1_302' title='bbox 1081 2429 1135 2498; x_wconf 91' lang='grc' dir='ltr'><strong><em>στό</em></strong></span> <span class='ocrx_word' id='word_1_303' title='bbox 1157 2460 1178 2498; x_wconf 93' lang='grc' dir='ltr'><strong><em>α</em></strong></span> <span class='ocrx_word' id='word_1_304' title='bbox 1202 2429 1326 2519; x_wconf 76' lang='grc' dir='ltr'><strong><em>ίλάλησε</em></strong></span> <span class='ocrx_word' id='word_1_305' title='bbox 1345 2461 1405 2515; x_wconf 79' lang='grc' dir='ltr'><strong><em>μιν·</em></strong></span> 
     </span>
    </p>
   </div>
   <div class='ocr_carea' id='block_1_3' title="bbox 156 2462 1405 2944">
    <p class='ocr_par' dir='ltr' id='par_1_3' title="bbox 156 2462 1405 2944">
     <span class='ocr_line' id='line_1_28' title="bbox 157 2462 1405 2599; baseline 0.003 -20"><span class='ocrx_word' id='word_1_306' title='bbox 157 2538 250 2580; x_wconf 83' lang='grc' dir='ltr'><strong><em>νανσεν</em></strong></span> <span class='ocrx_word' id='word_1_307' title='bbox 262 2519 299 2589; x_wconf 83' lang='grc' dir='ltr'><strong><em>εἰς</em></strong></span> <span class='ocrx_word' id='word_1_308' title='bbox 312 2538 365 2599; x_wconf 91' lang='grc' dir='ltr'><strong><em>την</em></strong></span> <span class='ocrx_word' id='word_1_309' title='bbox 377 2538 435 2597; x_wconf 87' lang='grc' dir='ltr'><strong><em>γην</em></strong></span> <span class='ocrx_word' id='word_1_310' title='bbox 447 2538 502 2597; x_wconf 91' lang='grc' dir='ltr'><strong><em>την</em></strong></span> <span class='ocrx_word' id='word_1_311' title='bbox 515 2516 592 2598; x_wconf 86' lang='grc' dir='ltr'><strong><em>ζιοην</em></strong></span> <span class='ocrx_word' id='word_1_312' title='bbox 604 2538 670 2595; x_wconf 86' lang='grc' dir='ltr'><strong><em>μου.</em></strong></span> <span class='ocrx_word' id='word_1_313' title='bbox 695 2507 765 2576; x_wconf 78' lang='grc' dir='ltr'><strong><em>ἐκοί-</em></strong></span> <span class='ocrx_word' id='word_1_314' title='bbox 795 2537 956 2598; x_wconf 88' lang='grc' dir='ltr'><strong><em>ταιοτητα,</em></strong></span> <span class='ocrx_word' id='word_1_315' title='bbox 982 2517 1033 2579; x_wconf 77' lang='grc' dir='ltr'><strong><em>καί</em></strong></span> <span class='ocrx_word' id='word_1_316' title='bbox 1058 2511 1077 2599; x_wconf 79' lang='grc' dir='ltr'><strong><em>ἦ</em></strong></span> <span class='ocrx_word' id='word_1_317' title='bbox 1104 2462 1184 2592; x_wconf 62' lang='grc' dir='ltr'><strong><em>δείιά</em></strong></span> <span class='ocrx_word' id='word_1_318' title='bbox 1206 2516 1307 2583; x_wconf 77' lang='grc' dir='ltr'><strong><em>αὐτῶν</em></strong></span> <span class='ocrx_word' id='word_1_319' title='bbox 1325 2516 1405 2595; x_wconf 78' lang='grc' dir='ltr'><strong><em>δεξιὰ</em></strong></span> 
     </span>
     <span class='ocr_line' id='line_1_29' title="bbox 157 2593 1405 2684; baseline 0.002 -22"><span class='ocrx_word' id='word_1_320' title='bbox 157 2599 230 2662; x_wconf 82' lang='grc' dir='ltr'><strong><em>θισὲ</em></strong></span> <span class='ocrx_word' id='word_1_321' title='bbox 239 2623 272 2680; x_wconf 90' lang='grc' dir='ltr'><strong><em>με</em></strong></span> <span class='ocrx_word' id='word_1_322' title='bbox 285 2600 317 2663; x_wconf 77' lang='grc' dir='ltr'><strong><em>ἐν</em></strong></span> <span class='ocrx_word' id='word_1_323' title='bbox 331 2609 492 2672; x_wconf 79' lang='grc' dir='ltr'><strong><em>σκοτεινοῖς</em></strong></span> <span class='ocrx_word' id='word_1_324' title='bbox 508 2593 549 2673; x_wconf 83' lang='grc' dir='ltr'><strong><em>ιῦς</em></strong></span> <span class='ocrx_word' id='word_1_325' title='bbox 558 2594 679 2680; x_wconf 86' lang='grc' dir='ltr'><strong><em>νεκρούς</em></strong></span> <span class='ocrx_word' id='word_1_326' title='bbox 690 2599 765 2661; x_wconf 81' lang='grc' dir='ltr'><strong><em>αίῶ-</em></strong></span> <span class='ocrx_word' id='word_1_327' title='bbox 796 2593 918 2672; x_wconf 90' lang='grc' dir='ltr'><strong><em>ἀδικίας.</em></strong></span> <span class='ocrx_word' id='word_1_328' title='bbox 937 2594 983 2664; x_wconf 72' lang='lat'><strong><em>⁹5</em></strong></span> <span class='ocrx_word' id='word_1_329' title='bbox 996 2597 1068 2674; x_wconf 88' lang='grc' dir='ltr'><strong><em>θεὸς</em></strong></span> <span class='ocrx_word' id='word_1_330' title='bbox 1081 2595 1162 2683; x_wconf 77' lang='grc' dir='ltr'><strong><em>ᾠδὴν</em></strong></span> <span class='ocrx_word' id='word_1_331' title='bbox 1176 2599 1279 2683; x_wconf 76' lang='grc' dir='ltr'><strong><em>καινὴν</em></strong></span> <span class='ocrx_word' id='word_1_332' title='bbox 1291 2600 1405 2684; x_wconf 73' lang='grc' dir='ltr'><strong><em>ᾄσομαί</em></strong></span> 
     </span>
     <span class='ocr_line' id='line_1_30' title="bbox 157 2675 1403 2787; baseline 0.001 -41"><span class='ocrx_word' id='word_1_333' title='bbox 157 2705 221 2754; x_wconf 90' lang='grc' dir='ltr'><strong><em>νος,</em></strong></span> <span class='ocrx_word' id='word_1_334' title='bbox 237 2680 254 2722; x_wconf 82' lang='lat'><strong>⁴</strong></span> <span class='ocrx_word' id='word_1_335' title='bbox 267 2681 319 2745; x_wconf 89' lang='grc' dir='ltr'><strong><em>καί</em></strong></span> <span class='ocrx_word' id='word_1_336' title='bbox 330 2678 483 2764; x_wconf 78' lang='grc' dir='ltr'><strong><em>ἧκηδίασεν</em></strong></span> <span class='ocrx_word' id='word_1_337' title='bbox 498 2677 541 2744; x_wconf 75' lang='grc' dir='ltr'><strong><em>ἐπ’</em></strong></span> <span class='ocrx_word' id='word_1_338' title='bbox 558 2679 608 2762; x_wconf 78' lang='grc' dir='ltr'><strong><em>ἐμὲ</em></strong></span> <span class='ocrx_word' id='word_1_339' title='bbox 622 2675 659 2743; x_wconf 85' lang='grc' dir='ltr'><strong><em>τὸ</em></strong></span> <span class='ocrx_word' id='word_1_340' title='bbox 672 2683 764 2744; x_wconf 78' lang='grc' dir='ltr'><strong><em>πνεῦ-</em></strong></span> <span class='ocrx_word' id='word_1_341' title='bbox 795 2704 857 2755; x_wconf 92' lang='grc' dir='ltr'><strong><em>σοι,</em></strong></span> <span class='ocrx_word' id='word_1_342' title='bbox 884 2684 915 2746; x_wconf 74' lang='grc' dir='ltr'><strong><em>ἐν</em></strong></span> <span class='ocrx_word' id='word_1_343' title='bbox 927 2680 1088 2787; x_wconf 76' lang='grc' dir='ltr'><strong><em>ψαλτηρίῳ</em></strong></span> <span class='ocrx_word' id='word_1_344' title='bbox 1113 2680 1281 2770; x_wconf 86' lang='grc' dir='ltr'><strong><em>δεκαχόρδῳ</em></strong></span> <span class='ocrx_word' id='word_1_345' title='bbox 1309 2683 1403 2767; x_wconf 82' lang='grc' dir='ltr'><strong><em>ψαλῶ</em></strong></span> 
     </span>
     <span class='ocr_line' id='line_1_31' title="bbox 156 2758 1405 2852; baseline 0.003 -25"><span class='ocrx_word' id='word_1_346' title='bbox 156 2758 199 2846; x_wconf 92' lang='grc' dir='ltr'><strong><em>μά</em></strong></span> <span class='ocrx_word' id='word_1_347' title='bbox 215 2788 282 2844; x_wconf 90' lang='grc' dir='ltr'><strong><em>μου.</em></strong></span> <span class='ocrx_word' id='word_1_348' title='bbox 308 2767 339 2826; x_wconf 82' lang='grc' dir='ltr'><strong><em>ἒν</em></strong></span> <span class='ocrx_word' id='word_1_349' title='bbox 364 2764 429 2845; x_wconf 73' lang='grc' dir='ltr'><strong><em>ἐμοὶ</em></strong></span> <span class='ocrx_word' id='word_1_350' title='bbox 445 2759 598 2846; x_wconf 78' lang='grc' dir='ltr'><strong><em>ἐταράχθη</em></strong></span> <span class='ocrx_word' id='word_1_351' title='bbox 619 2758 638 2846; x_wconf 77' lang='grc' dir='ltr'><em>ἢ</em></span> <span class='ocrx_word' id='word_1_352' title='bbox 656 2763 764 2848; x_wconf 92' lang='grc' dir='ltr'><strong><em>καρδία</em></strong></span> <span class='ocrx_word' id='word_1_353' title='bbox 795 2788 853 2828; x_wconf 92' lang='grc' dir='ltr'><strong><em>σοι.</em></strong></span> <span class='ocrx_word' id='word_1_354' title='bbox 879 2766 908 2808; x_wconf 84' lang='lat'><strong><em>²⁰</em></strong></span> <span class='ocrx_word' id='word_1_355' title='bbox 921 2768 967 2848; x_wconf 79' lang='grc' dir='ltr'><strong><em>τῷ</em></strong></span> <span class='ocrx_word' id='word_1_356' title='bbox 982 2765 1093 2831; x_wconf 88' lang='grc' dir='ltr'><strong><em>διδοντι</em></strong></span> <span class='ocrx_word' id='word_1_357' title='bbox 1108 2765 1163 2848; x_wconf 77' lang='grc' dir='ltr'><strong><em>τὴν</em></strong></span> <span class='ocrx_word' id='word_1_358' title='bbox 1176 2771 1328 2852; x_wconf 88' lang='grc' dir='ltr'><strong><em>σωτηρίαν</em></strong></span> <span class='ocrx_word' id='word_1_359' title='bbox 1339 2780 1405 2841; x_wconf 88' lang='grc' dir='ltr'><strong><em>τοῖς</em></strong></span> 
     </span>
     <span class='ocr_line' id='line_1_32' title="bbox 156 2839 1404 2944; baseline 0.004 -35"><span class='ocrx_word' id='word_1_360' title='bbox 156 2870 223 2928; x_wconf 87' lang='grc' dir='ltr'><strong><em>μου.</em></strong></span> <span class='ocrx_word' id='word_1_361' title='bbox 240 2839 420 2944; x_wconf 61' lang='grc' dir='ltr'><strong><em>ὖέμνῆσθην</em></strong></span> <span class='ocrx_word' id='word_1_362' title='bbox 427 2841 546 2930; x_wconf 76' lang='grc' dir='ltr'><strong><em>ἢμεραῖν</em></strong></span> <span class='ocrx_word' id='word_1_363' title='bbox 557 2842 700 2929; x_wconf 84' lang='grc' dir='ltr'><strong><em>ἀρχαίων,</em></strong></span> <span class='ocrx_word' id='word_1_364' title='bbox 713 2847 764 2911; x_wconf 84' lang='grc' dir='ltr'><strong><em>καί</em></strong></span> <span class='ocrx_word' id='word_1_365' title='bbox 792 2845 959 2931; x_wconf 85' lang='grc' dir='ltr'><strong><em>βασιλεῦσι,</em></strong></span> <span class='ocrx_word' id='word_1_366' title='bbox 975 2853 1020 2929; x_wconf 78' lang='grc' dir='ltr'><strong><em>τῷ</em></strong></span> <span class='ocrx_word' id='word_1_367' title='bbox 1032 2849 1226 2932; x_wconf 82' lang='grc' dir='ltr'><strong><em>λυτρουμένῳ</em></strong></span> <span class='ocrx_word' id='word_1_368' title='bbox 1239 2850 1338 2913; x_wconf 87' lang='grc' dir='ltr'><strong><em>Δαυίδ</em></strong></span> <span class='ocrx_word' id='word_1_369' title='bbox 1348 2849 1404 2914; x_wconf 86' lang='grc' dir='ltr'><strong><em>τὸν</em></strong></span> 
     </span>
    </p>
   </div>
   <div class='ocr_carea' id='block_1_4' title="bbox 79 2925 1454 4676">
    <p class='ocr_par' dir='ltr' id='par_1_4' title="bbox 79 2925 1454 4676">
     <span class='ocr_line' id='line_1_33' title="bbox 156 2925 1406 3014; baseline 0.005 -22"><span class='ocrx_word' id='word_1_370' title='bbox 156 2926 318 3012; x_wconf 66' lang='grc' dir='ltr'><strong><em>ἐμελέτησα</em></strong></span> <span class='ocrx_word' id='word_1_371' title='bbox 331 2931 361 2990; x_wconf 82' lang='grc' dir='ltr'><strong><em>ἐν</em></strong></span> <span class='ocrx_word' id='word_1_372' title='bbox 372 2952 450 2992; x_wconf 90' lang='grc' dir='ltr'><strong><em>πασι</em></strong></span> <span class='ocrx_word' id='word_1_373' title='bbox 463 2938 525 3002; x_wconf 83' lang='grc' dir='ltr'><strong><em>τοῖς</em></strong></span> <span class='ocrx_word' id='word_1_374' title='bbox 538 2930 635 3010; x_wconf 79' lang='grc' dir='ltr'><strong><em>ἔργοις</em></strong></span> <span class='ocrx_word' id='word_1_375' title='bbox 648 2952 716 3004; x_wconf 91' lang='grc' dir='ltr'><strong><em>σου,</em></strong></span> <span class='ocrx_word' id='word_1_376' title='bbox 729 2932 762 2994; x_wconf 83' lang='grc' dir='ltr'><strong><em>ἒν</em></strong></span> <span class='ocrx_word' id='word_1_377' title='bbox 793 2927 903 2993; x_wconf 85' lang='grc' dir='ltr'><strong><em>δοῦλον</em></strong></span> <span class='ocrx_word' id='word_1_378' title='bbox 920 2925 1021 2994; x_wconf 88' lang='grc' dir='ltr'><strong><em>αῦτοῦ</em></strong></span> <span class='ocrx_word' id='word_1_379' title='bbox 1036 2934 1070 2994; x_wconf 78' lang='grc' dir='ltr'><strong><em>ἐκ</em></strong></span> <span class='ocrx_word' id='word_1_380' title='bbox 1108 2955 1126 2993; x_wconf 93' lang='grc' dir='ltr'><strong><em>ο</em></strong></span> <span class='ocrx_word' id='word_1_381' title='bbox 1148 2935 1239 3008; x_wconf 86' lang='grc' dir='ltr'><strong><em>φαίας</em></strong></span> <span class='ocrx_word' id='word_1_382' title='bbox 1255 2937 1406 3014; x_wconf 81' lang='grc' dir='ltr'><strong><em>πονηρᾶς..</em></strong></span> 
     </span>
     <span class='ocr_line' id='line_1_34' title="bbox 155 2953 1402 3113; baseline 0 -37"><span class='ocrx_word' id='word_1_383' title='bbox 155 3010 301 3093; x_wconf 70' lang='grc' dir='ltr'><strong><em>ποιήμασι</em></strong></span> <span class='ocrx_word' id='word_1_384' title='bbox 327 3014 389 3075; x_wconf 80' lang='grc' dir='ltr'><strong><em>τῶν</em></strong></span> <span class='ocrx_word' id='word_1_385' title='bbox 412 3013 517 3113; x_wconf 71' lang='grc' dir='ltr'><strong><em>χειροῖν</em></strong></span> <span class='ocrx_word' id='word_1_386' title='bbox 537 3013 592 3075; x_wconf 89' lang='grc' dir='ltr'><strong><em>σὸυ</em></strong></span> <span class='ocrx_word' id='word_1_387' title='bbox 605 3009 760 3093; x_wconf 68' lang='grc' dir='ltr'><strong><em>ἐμελέτων.</em></strong></span> <span class='ocrx_word' id='word_1_388' title='bbox 793 3013 920 3095; x_wconf 75' lang='grc' dir='ltr'><strong><em>11ῥῦσαί</em></strong></span> <span class='ocrx_word' id='word_1_389' title='bbox 941 3028 978 3093; x_wconf 81' lang='grc' dir='ltr'><strong><em>’με</em></strong></span> <span class='ocrx_word' id='word_1_390' title='bbox 1004 3015 1055 3076; x_wconf 89' lang='grc' dir='ltr'><strong><em>καί</em></strong></span> <span class='ocrx_word' id='word_1_391' title='bbox 1079 2953 1109 3087; x_wconf 53' lang='lat' dir='ltr'><strong><em>l}</em></strong></span> <span class='ocrx_word' id='word_1_392' title='bbox 1142 3014 1179 3074; x_wconf 80' lang='grc' dir='ltr'><strong><em>οὗ</em></strong></span> <span class='ocrx_word' id='word_1_393' title='bbox 1195 3036 1231 3094; x_wconf 89' lang='grc' dir='ltr'><strong><em>με</em></strong></span> <span class='ocrx_word' id='word_1_394' title='bbox 1247 3014 1279 3074; x_wconf 70' lang='grc' dir='ltr'><strong><em>ἐκ</em></strong></span> <span class='ocrx_word' id='word_1_395' title='bbox 1304 3012 1402 3096; x_wconf 87' lang='grc' dir='ltr'><strong><em>χειρός</em></strong></span> 
     </span>
     <span class='ocr_line' id='line_1_35' title="bbox 155 3083 1401 3193; baseline 0.002 -35"><span class='ocrx_word' id='word_1_396' title='bbox 155 3094 349 3178; x_wconf 62' lang='grc' dir='ltr'><strong><em>θδιεπέτασα</em></strong></span> <span class='ocrx_word' id='word_1_397' title='bbox 366 3118 443 3177; x_wconf 87' lang='grc' dir='ltr'><strong><em>προς</em></strong></span> <span class='ocrx_word' id='word_1_398' title='bbox 461 3090 494 3160; x_wconf 80' lang='grc' dir='ltr'><strong><em>σὲ</em></strong></span> <span class='ocrx_word' id='word_1_399' title='bbox 510 3089 564 3168; x_wconf 91' lang='grc' dir='ltr'><strong><em>τάς</em></strong></span> <span class='ocrx_word' id='word_1_400' title='bbox 574 3089 676 3193; x_wconf 84' lang='grc' dir='ltr'><strong><em>χεῐράς</em></strong></span> <span class='ocrx_word' id='word_1_401' title='bbox 691 3120 761 3178; x_wconf 87' lang='grc' dir='ltr'><strong><em>μου,</em></strong></span> <span class='ocrx_word' id='word_1_402' title='bbox 793 3083 1106 3179; x_wconf 52' lang='grc' dir='ltr'><strong><em>υίιῦνάλλοτρίωνῶν</em></strong></span> <span class='ocrx_word' id='word_1_403' title='bbox 1117 3093 1154 3157; x_wconf 89' lang='grc' dir='ltr'><strong><em>τὸ</em></strong></span> <span class='ocrx_word' id='word_1_404' title='bbox 1165 3088 1347 3183; x_wconf 77' lang='grc' dir='ltr'><strong><em>στόμαέλάλ</em></strong></span> <span class='ocrx_word' id='word_1_405' title='bbox 1368 3121 1401 3161; x_wconf 89' lang='grc' dir='ltr'><strong><em>σε</em></strong></span> 
     </span>
     <span class='ocr_line' id='line_1_36' title="bbox 153 3171 1401 3260; baseline 0.006 -23"><span class='ocrx_word' id='word_1_406' title='bbox 153 3171 267 3259; x_wconf 71' lang='grc' dir='ltr'><strong><em>ἡψυχιί</em></strong></span> <span class='ocrx_word' id='word_1_407' title='bbox 284 3199 341 3257; x_wconf 91' lang='grc' dir='ltr'><strong><em>μου</em></strong></span> <span class='ocrx_word' id='word_1_408' title='bbox 360 3171 400 3249; x_wconf 79' lang='grc' dir='ltr'><strong><em>ὡς</em></strong></span> <span class='ocrx_word' id='word_1_409' title='bbox 411 3179 450 3258; x_wconf 72' lang='grc' dir='ltr'><strong><em>γᾶ</em></strong></span> <span class='ocrx_word' id='word_1_410' title='bbox 471 3172 598 3260; x_wconf 87' lang='grc' dir='ltr'><strong><em>ἀνυδρος</em></strong></span> <span class='ocrx_word' id='word_1_411' title='bbox 612 3202 668 3243; x_wconf 92' lang='grc' dir='ltr'><strong><em>σοι.</em></strong></span> <span class='ocrx_word' id='word_1_412' title='bbox 695 3173 761 3242; x_wconf 91' lang='grc' dir='ltr'><strong><em>διά-</em></strong></span> <span class='ocrx_word' id='word_1_413' title='bbox 791 3171 992 3257; x_wconf 69' lang='grc' dir='ltr'><strong><em>ματαιότητα,</em></strong></span> <span class='ocrx_word' id='word_1_414' title='bbox 1017 3174 1099 3260; x_wconf 68' lang='grc' dir='ltr'><strong><em>καλὴ</em></strong></span> <span class='ocrx_word' id='word_1_415' title='bbox 1111 3174 1339 3256; x_wconf 80' lang='grc' dir='ltr'><strong><em>δεξιάαῦτῶνδ</em></strong></span> <span class='ocrx_word' id='word_1_416' title='bbox 1380 3177 1401 3245; x_wconf 92' lang='grc' dir='ltr'><strong><em>ἀ</em></strong></span> 
     </span>
     <span class='ocr_line' id='line_1_37' title="bbox 154 3251 1402 3346; baseline 0.004 -24"><span class='ocrx_word' id='word_1_417' title='bbox 154 3257 278 3342; x_wconf 63' lang='grc' dir='ltr'><strong><em>ψαλμοί</em></strong></span> <span class='ocrx_word' id='word_1_418' title='bbox 300 3256 401 3343; x_wconf 80' lang='grc' dir='ltr'><strong><em>7ταχύ</em></strong></span> <span class='ocrx_word' id='word_1_419' title='bbox 414 3254 588 3332; x_wconf 84' lang='grc' dir='ltr'><strong><em>είςάκουσόν</em></strong></span> <span class='ocrx_word' id='word_1_420' title='bbox 600 3285 657 3343; x_wconf 91' lang='grc' dir='ltr'><strong><em>μου</em></strong></span> <span class='ocrx_word' id='word_1_421' title='bbox 671 3257 760 3345; x_wconf 82' lang='grc' dir='ltr'><strong><em>κύριε,</em></strong></span> <span class='ocrx_word' id='word_1_422' title='bbox 790 3257 916 3336; x_wconf 82' lang='grc' dir='ltr'><strong><em>ἀδικίας.</em></strong></span> <span class='ocrx_word' id='word_1_423' title='bbox 951 3261 979 3303; x_wconf 83' lang='lat'><strong><em>¹²</em></strong></span> <span class='ocrx_word' id='word_1_424' title='bbox 993 3251 1095 3341; x_wconf 65' lang='grc' dir='ltr'><strong><em>εὖνοί</em></strong></span> <span class='ocrx_word' id='word_1_425' title='bbox 1116 3261 1190 3346; x_wconf 77' lang='grc' dir='ltr'><strong><em>υἱοίΙ</em></strong></span> <span class='ocrx_word' id='word_1_426' title='bbox 1204 3258 1246 3337; x_wconf 82' lang='grc' dir='ltr'><strong><em>ὦς</em></strong></span> <span class='ocrx_word' id='word_1_427' title='bbox 1270 3257 1402 3345; x_wconf 82' lang='grc' dir='ltr'><strong><em>νεόφυτα</em></strong></span> 
     </span>
     <span class='ocr_line' id='line_1_38' title="bbox 79 3336 1402 3440; baseline 0.002 -33"><span class='ocrx_word' id='word_1_428' title='bbox 79 3424 80 3429; x_wconf 12' lang='lat'>¹</span> <span class='ocrx_word' id='word_1_429' title='bbox 153 3339 314 3418; x_wconf 75' lang='grc' dir='ltr'><strong><em>ἒξελιπετό</em></strong></span> <span class='ocrx_word' id='word_1_430' title='bbox 332 3336 452 3424; x_wconf 81' lang='grc' dir='ltr'><strong><em>πνεῦμά</em></strong></span> <span class='ocrx_word' id='word_1_431' title='bbox 462 3368 528 3424; x_wconf 92' lang='grc' dir='ltr'><strong><em>μου.</em></strong></span> <span class='ocrx_word' id='word_1_432' title='bbox 554 3341 594 3427; x_wconf 74' lang='grc' dir='ltr'><strong><em>μὴ</em></strong></span> <span class='ocrx_word' id='word_1_433' title='bbox 609 3340 761 3429; x_wconf 83' lang='grc' dir='ltr'><strong><em>ἀποστρέ-</em></strong></span> <span class='ocrx_word' id='word_1_434' title='bbox 792 3342 933 3429; x_wconf 77' lang='grc' dir='ltr'><strong><em>ἱδρυμένα</em></strong></span> <span class='ocrx_word' id='word_1_435' title='bbox 956 3344 989 3408; x_wconf 76' lang='grc' dir='ltr'><strong><em>ἐν</em></strong></span> <span class='ocrx_word' id='word_1_436' title='bbox 1013 3347 1053 3440; x_wconf 64' lang='grc' dir='ltr'><strong><em>τη</em></strong></span> <span class='ocrx_word' id='word_1_437' title='bbox 1073 3338 1187 3429; x_wconf 88' lang='grc' dir='ltr'><strong><em>νεότητι</em></strong></span> <span class='ocrx_word' id='word_1_438' title='bbox 1204 3390 1211 3414; x_wconf 17' lang='lat'><strong><em>⁴·</em></strong></span> <span class='ocrx_word' id='word_1_439' title='bbox 1219 3342 1330 3410; x_wconf 75' lang='grc' dir='ltr'><strong><em>αὐτῶν.</em></strong></span> <span class='ocrx_word' id='word_1_440' title='bbox 1368 3347 1402 3410; x_wconf 80' lang='grc' dir='ltr'><strong><em>αί</em></strong></span> 
     </span>
     <span class='ocr_line' id='line_1_39' title="bbox 152 3420 1454 3531; baseline 0.002 -41"><span class='ocrx_word' id='word_1_441' title='bbox 152 3445 214 3531; x_wconf 68' lang='grc' dir='ltr'><strong><em>ηιης</em></strong></span> <span class='ocrx_word' id='word_1_442' title='bbox 227 3423 263 3491; x_wconf 89' lang='grc' dir='ltr'><strong><em>τὸ</em></strong></span> <span class='ocrx_word' id='word_1_443' title='bbox 276 3420 442 3511; x_wconf 77' lang='grc' dir='ltr'><strong><em>πρόςοιπόν</em></strong></span> <span class='ocrx_word' id='word_1_444' title='bbox 455 3451 512 3492; x_wconf 91' lang='grc' dir='ltr'><strong><em>σου</em></strong></span> <span class='ocrx_word' id='word_1_445' title='bbox 525 3423 577 3491; x_wconf 84' lang='grc' dir='ltr'><strong><em>ἀπ’</em></strong></span> <span class='ocrx_word' id='word_1_446' title='bbox 593 3430 684 3509; x_wconf 77' lang='grc' dir='ltr'><strong><em>ἐμοῦ,</em></strong></span> <span class='ocrx_word' id='word_1_447' title='bbox 710 3430 762 3492; x_wconf 80' lang='grc' dir='ltr'><strong><em>καί</em></strong></span> <span class='ocrx_word' id='word_1_448' title='bbox 791 3427 958 3511; x_wconf 80' lang='grc' dir='ltr'><strong><em>θυγατέρες</em></strong></span> <span class='ocrx_word' id='word_1_449' title='bbox 988 3423 1099 3491; x_wconf 66' lang='grc' dir='ltr'><strong><em>αῦτιῦν·</em></strong></span> <span class='ocrx_word' id='word_1_450' title='bbox 1112 3426 1399 3515; x_wconf 77' lang='grc' dir='ltr'><strong><em>κεκαλλωπισμέναί,</em></strong></span> <span class='ocrx_word' id='word_1_451' title='bbox 1449 3474 1454 3487; x_wconf 84' lang='grc'><strong><em>.</em></strong></span> 
     </span>
     <span class='ocr_line' id='line_1_40' title="bbox 138 3498 1425 3596; baseline 0.002 -23"><span class='ocrx_word' id='word_1_452' title='bbox 138 3498 384 3594; x_wconf 75' lang='grc' dir='ltr'><strong><em>,ομοιωθησομαι</em></strong></span> <span class='ocrx_word' id='word_1_453' title='bbox 399 3520 462 3584; x_wconf 86' lang='grc' dir='ltr'><strong><em>τοῖς</em></strong></span> <span class='ocrx_word' id='word_1_454' title='bbox 477 3513 709 3594; x_wconf 81' lang='grc' dir='ltr'><strong><em>καταβαίνουσιν</em></strong></span> <span class='ocrx_word' id='word_1_455' title='bbox 723 3515 761 3586; x_wconf 84' lang='grc' dir='ltr'><strong><em>εἷς</em></strong></span> <span class='ocrx_word' id='word_1_456' title='bbox 792 3512 1068 3596; x_wconf 80' lang='grc' dir='ltr'><strong><em>περικεκοσμημίναι</em></strong></span> <span class='ocrx_word' id='word_1_457' title='bbox 1093 3506 1134 3585; x_wconf 86' lang='grc' dir='ltr'><strong><em>ὡς</em></strong></span> <span class='ocrx_word' id='word_1_458' title='bbox 1161 3510 1178 3576; x_wconf 85' lang='grc' dir='ltr'>ὁ</span> <span class='ocrx_word' id='word_1_459' title='bbox 1219 3517 1297 3595; x_wconf 86' lang='grc' dir='ltr'><strong><em>ίιομα</em></strong></span> <span class='ocrx_word' id='word_1_460' title='bbox 1314 3516 1425 3583; x_wconf 67' lang='grc' dir='ltr'><strong><em>ναοῦ..</em></strong></span> 
     </span>
     <span class='ocr_line' id='line_1_41' title="bbox 153 3589 1397 3680; baseline 0.002 -24"><span class='ocrx_word' id='word_1_461' title='bbox 153 3589 274 3658; x_wconf 85' lang='grc' dir='ltr'><strong><em>λοίκκον.</em></strong></span> <span class='ocrx_word' id='word_1_462' title='bbox 301 3592 482 3658; x_wconf 57' lang='grc' dir='ltr'><strong><em>Βάκουστὸν</em></strong></span> <span class='ocrx_word' id='word_1_463' title='bbox 499 3590 626 3674; x_wconf 88' lang='grc' dir='ltr'><strong><em>ποίησόν</em></strong></span> <span class='ocrx_word' id='word_1_464' title='bbox 638 3617 691 3675; x_wconf 89' lang='grc' dir='ltr'><strong><em>μοι</em></strong></span> <span class='ocrx_word' id='word_1_465' title='bbox 707 3618 759 3657; x_wconf 92' lang='grc' dir='ltr'><strong><em>το-</em></strong></span> <span class='ocrx_word' id='word_1_466' title='bbox 793 3593 872 3656; x_wconf 74' lang='grc' dir='ltr'><strong><em>13τδι</em></strong></span> <span class='ocrx_word' id='word_1_467' title='bbox 894 3604 1000 3673; x_wconf 83' lang='grc' dir='ltr'><strong><em>ταμεῖα</em></strong></span> <span class='ocrx_word' id='word_1_468' title='bbox 1022 3591 1125 3659; x_wconf 75' lang='grc' dir='ltr'><strong><em>αὐτῶν</em></strong></span> <span class='ocrx_word' id='word_1_469' title='bbox 1143 3611 1173 3658; x_wconf 87' lang='grc' dir='ltr'><strong><em>’π</em></strong></span> <span class='ocrx_word' id='word_1_470' title='bbox 1202 3590 1264 3680; x_wconf 67' lang='grc' dir='ltr'><strong><em>’9ηῷ</em></strong></span> <span class='ocrx_word' id='word_1_471' title='bbox 1288 3596 1397 3679; x_wconf 67' lang='grc' dir='ltr'><strong><em>ἐξερευ-</em></strong></span> 
     </span>
     <span class='ocr_line' id='line_1_42' title="bbox 152 3669 1395 3786; baseline 0.003 -47"><span class='ocrx_word' id='word_1_472' title='bbox 152 3675 238 3759; x_wconf 82' lang='grc' dir='ltr'><strong><em>πριοῒ</em></strong></span> <span class='ocrx_word' id='word_1_473' title='bbox 246 3671 282 3739; x_wconf 89' lang='grc' dir='ltr'><strong><em>τό</em></strong></span> <span class='ocrx_word' id='word_1_474' title='bbox 296 3671 379 3750; x_wconf 73' lang='grc' dir='ltr'><strong><em>ἔλεός</em></strong></span> <span class='ocrx_word' id='word_1_475' title='bbox 388 3676 462 3751; x_wconf 85' lang='grc' dir='ltr'><strong><em>σου,</em></strong></span> <span class='ocrx_word' id='word_1_476' title='bbox 485 3669 532 3738; x_wconf 77' lang='grc' dir='ltr'><strong><em>ὅτι</em></strong></span> <span class='ocrx_word' id='word_1_477' title='bbox 544 3676 596 3739; x_wconf 79' lang='grc' dir='ltr'><strong><em>ἐπὶ</em></strong></span> <span class='ocrx_word' id='word_1_478' title='bbox 607 3678 661 3740; x_wconf 87' lang='grc' dir='ltr'><strong><em>σοί·</em></strong></span> <span class='ocrx_word' id='word_1_479' title='bbox 669 3674 760 3786; x_wconf 76' lang='grc' dir='ltr'><strong><em>ν’χλπι-</em></strong></span> <span class='ocrx_word' id='word_1_480' title='bbox 790 3672 901 3759; x_wconf 86' lang='grc' dir='ltr'><strong><em>γόμενα</em></strong></span> <span class='ocrx_word' id='word_1_481' title='bbox 918 3680 950 3740; x_wconf 80' lang='grc' dir='ltr'><strong><em>ἐκ</em></strong></span> <span class='ocrx_word' id='word_1_482' title='bbox 962 3673 1076 3742; x_wconf 89' lang='grc' dir='ltr'><strong><em>τούτου</em></strong></span> <span class='ocrx_word' id='word_1_483' title='bbox 1090 3682 1128 3752; x_wconf 84' lang='grc' dir='ltr'><strong><em>είς</em></strong></span> <span class='ocrx_word' id='word_1_484' title='bbox 1139 3683 1242 3743; x_wconf 89' lang='grc' dir='ltr'><strong><em>τοῦτο.</em></strong></span> <span class='ocrx_word' id='word_1_485' title='bbox 1254 3672 1395 3763; x_wconf 64' lang='grc' dir='ltr'><strong><em>’τάμτρό-</em></strong></span> 
     </span>
     <span class='ocr_line' id='line_1_43' title="bbox 152 3752 1412 3844; baseline 0.006 -23"><span class='ocrx_word' id='word_1_486' title='bbox 152 3783 200 3822; x_wconf 92' lang='grc' dir='ltr'><strong><em>σα.</em></strong></span> <span class='ocrx_word' id='word_1_487' title='bbox 214 3752 363 3842; x_wconf 86' lang='grc' dir='ltr'><strong><em>γνιόρισόκ</em></strong></span> <span class='ocrx_word' id='word_1_488' title='bbox 374 3784 426 3842; x_wconf 93' lang='grc' dir='ltr'><strong><em>μοι</em></strong></span> <span class='ocrx_word' id='word_1_489' title='bbox 438 3753 517 3841; x_wconf 86' lang='grc' dir='ltr'><strong><em>κ’ύριε</em></strong></span> <span class='ocrx_word' id='word_1_490' title='bbox 530 3755 614 3832; x_wconf 87' lang='grc' dir='ltr'><strong><em>ὁδὸν,</em></strong></span> <span class='ocrx_word' id='word_1_491' title='bbox 627 3761 760 3841; x_wconf 78' lang='grc' dir='ltr'><strong><em>ἕνηπο-</em></strong></span> <span class='ocrx_word' id='word_1_492' title='bbox 790 3762 872 3844; x_wconf 93' lang='grc' dir='ltr'><strong><em>βατα</em></strong></span> <span class='ocrx_word' id='word_1_493' title='bbox 884 3756 989 3825; x_wconf 77' lang='grc' dir='ltr'><strong><em>αῦτυῦν</em></strong></span> <span class='ocrx_word' id='word_1_494' title='bbox 1005 3756 1175 3837; x_wconf 90' lang='grc' dir='ltr'><strong><em>πολύτοκα,</em></strong></span> <span class='ocrx_word' id='word_1_495' title='bbox 1199 3786 1224 3825; x_wconf 88' lang='grc' dir='ltr'><strong><em>π</em></strong></span> <span class='ocrx_word' id='word_1_496' title='bbox 1287 3755 1412 3839; x_wconf 73' lang='grc' dir='ltr'><strong><em>ύιυντα.</em></strong></span> 
     </span>
     <span class='ocr_line' id='line_1_44' title="bbox 152 3828 1398 3932; baseline 0.004 -30"><span class='ocrx_word' id='word_1_497' title='bbox 152 3834 306 3924; x_wconf 82' lang='grc' dir='ltr'><strong><em>ρεῦσομαι,</em></strong></span> <span class='ocrx_word' id='word_1_498' title='bbox 327 3836 463 3926; x_wconf 84' lang='grc' dir='ltr'><strong><em>ότιπρός</em></strong></span> <span class='ocrx_word' id='word_1_499' title='bbox 476 3828 759 3932; x_wconf 65' lang='grc' dir='ltr'><strong><em>σὲῇρατηνιίιυχην</em></strong></span> <span class='ocrx_word' id='word_1_500' title='bbox 791 3844 822 3904; x_wconf 76' lang='grc' dir='ltr'><strong><em>ἐν</em></strong></span> <span class='ocrx_word' id='word_1_501' title='bbox 846 3853 914 3917; x_wconf 84' lang='grc' dir='ltr'><strong><em>ταῖς</em></strong></span> <span class='ocrx_word' id='word_1_502' title='bbox 937 3839 1052 3919; x_wconf 73' lang='grc' dir='ltr'><strong><em>ἐξόδοις</em></strong></span> <span class='ocrx_word' id='word_1_503' title='bbox 1077 3841 1200 3918; x_wconf 77' lang='grc' dir='ltr'><strong><em>αὐτῶν,</em></strong></span> <span class='ocrx_word' id='word_1_504' title='bbox 1227 3846 1243 3883; x_wconf 79' lang='lat'><strong><em>&#39;¹</em></strong></span> <span class='ocrx_word' id='word_1_505' title='bbox 1263 3840 1314 3905; x_wconf 74' lang='grc' dir='ltr'><strong><em>οἴ</em></strong></span> <span class='ocrx_word' id='word_1_506' title='bbox 1327 3838 1398 3928; x_wconf 82' lang='grc' dir='ltr'><strong><em>βόες</em></strong></span> 
     </span>
     <span class='ocr_line' id='line_1_45' title="bbox 150 3919 1400 4010; baseline 0.003 -25"><span class='ocrx_word' id='word_1_507' title='bbox 150 3947 218 4005; x_wconf 88' lang='grc' dir='ltr'><strong><em>μου.</em></strong></span> <span class='ocrx_word' id='word_1_508' title='bbox 256 3922 280 3964; x_wconf 73' lang='lat'><strong><em>9·</em></strong></span> <span class='ocrx_word' id='word_1_509' title='bbox 287 3921 388 3997; x_wconf 75' lang='grc' dir='ltr'><strong><em>ἐξελοῦ</em></strong></span> <span class='ocrx_word' id='word_1_510' title='bbox 399 3948 434 4004; x_wconf 77' lang='grc' dir='ltr'><strong><em>με</em></strong></span> <span class='ocrx_word' id='word_1_511' title='bbox 452 3927 485 3988; x_wconf 78' lang='grc' dir='ltr'><strong><em>ἐκ</em></strong></span> <span class='ocrx_word' id='word_1_512' title='bbox 497 3927 558 3987; x_wconf 79' lang='grc' dir='ltr'><strong><em>τῶν</em></strong></span> <span class='ocrx_word' id='word_1_513' title='bbox 570 3925 688 4007; x_wconf 69' lang='grc' dir='ltr'><strong><em>ἐχθροῖν</em></strong></span> <span class='ocrx_word' id='word_1_514' title='bbox 698 3928 758 4004; x_wconf 87' lang='grc' dir='ltr'><strong><em>μού</em></strong></span> <span class='ocrx_word' id='word_1_515' title='bbox 791 3921 892 3990; x_wconf 79' lang='grc' dir='ltr'><strong><em>αὐτῶν</em></strong></span> <span class='ocrx_word' id='word_1_516' title='bbox 915 3937 1027 4010; x_wconf 72' lang='grc' dir='ltr'><strong><em>παχείς.</em></strong></span> <span class='ocrx_word' id='word_1_517' title='bbox 1050 3925 1107 3991; x_wconf 86' lang='grc' dir='ltr'><strong><em>οῦκ</em></strong></span> <span class='ocrx_word' id='word_1_518' title='bbox 1129 3929 1198 3992; x_wconf 76' lang='grc' dir='ltr'><strong><em>ἔστι·</em></strong></span> <span class='ocrx_word' id='word_1_519' title='bbox 1209 3919 1400 4010; x_wconf 77' lang='grc' dir='ltr'><strong><em>κατάπττομα</em></strong></span> 
     </span>
     <span class='ocr_line' id='line_1_46' title="bbox 151 3999 1397 4094; baseline 0.005 -27"><span class='ocrx_word' id='word_1_520' title='bbox 151 3999 247 4087; x_wconf 89' lang='grc' dir='ltr'><strong><em>κύριε,</em></strong></span> <span class='ocrx_word' id='word_1_521' title='bbox 267 3999 315 4068; x_wconf 83' lang='grc' dir='ltr'><strong><em>ότι</em></strong></span> <span class='ocrx_word' id='word_1_522' title='bbox 327 4004 405 4088; x_wconf 86' lang='grc' dir='ltr'><strong><em>πρὸς</em></strong></span> <span class='ocrx_word' id='word_1_523' title='bbox 417 4005 451 4071; x_wconf 79' lang='grc' dir='ltr'><strong><em>σὲ</em></strong></span> <span class='ocrx_word' id='word_1_524' title='bbox 464 4009 643 4087; x_wconf 82' lang='grc' dir='ltr'><strong><em>κατέφυγον.</em></strong></span> <span class='ocrx_word' id='word_1_525' title='bbox 669 4006 698 4047; x_wconf 86' lang='lat'><strong><em>¹⁰</em></strong></span> <span class='ocrx_word' id='word_1_526' title='bbox 711 4006 757 4070; x_wconf 92' lang='grc' dir='ltr'><strong><em>δί-</em></strong></span> <span class='ocrx_word' id='word_1_527' title='bbox 790 4011 946 4092; x_wconf 82' lang='grc' dir='ltr'><strong><em>φραγμοῦ,</em></strong></span> <span class='ocrx_word' id='word_1_528' title='bbox 959 4007 1029 4074; x_wconf 78' lang='grc' dir='ltr'><strong><em>οὐδὲ</em></strong></span> <span class='ocrx_word' id='word_1_529' title='bbox 1042 4010 1186 4087; x_wconf 70' lang='grc' dir='ltr'><strong><em>διέξοδος,</em></strong></span> <span class='ocrx_word' id='word_1_530' title='bbox 1200 4005 1269 4074; x_wconf 79' lang='grc' dir='ltr'><strong><em>οῦδὲ</em></strong></span> <span class='ocrx_word' id='word_1_531' title='bbox 1281 4008 1397 4094; x_wconf 75' lang='grc' dir='ltr'><strong><em>κραυγὴ</em></strong></span> 
     </span>
     <span class='ocr_line' id='line_1_47' title="bbox 149 4081 1399 4191; baseline 0.004 -40"><span class='ocrx_word' id='word_1_532' title='bbox 149 4081 242 4162; x_wconf 82' lang='grc' dir='ltr'><strong><em>δαξόν</em></strong></span> <span class='ocrx_word' id='word_1_533' title='bbox 255 4111 289 4169; x_wconf 89' lang='grc' dir='ltr'><strong><em>με</em></strong></span> <span class='ocrx_word' id='word_1_534' title='bbox 307 4092 364 4152; x_wconf 87' lang='grc' dir='ltr'><strong><em>τοῦ</em></strong></span> <span class='ocrx_word' id='word_1_535' title='bbox 375 4099 473 4155; x_wconf 78' lang='grc' dir='ltr'><strong><em>ποιεῖν</em></strong></span> <span class='ocrx_word' id='word_1_536' title='bbox 492 4087 529 4154; x_wconf 86' lang='grc' dir='ltr'><strong><em>τὸ</em></strong></span> <span class='ocrx_word' id='word_1_537' title='bbox 550 4081 669 4191; x_wconf 74' lang='grc' dir='ltr'><strong><em>θθημά</em></strong></span> <span class='ocrx_word' id='word_1_538' title='bbox 687 4112 760 4163; x_wconf 74' lang='grc' dir='ltr'><strong><em>σου,</em></strong></span> <span class='ocrx_word' id='word_1_539' title='bbox 789 4092 821 4154; x_wconf 80' lang='grc' dir='ltr'><strong><em>ἕν</em></strong></span> <span class='ocrx_word' id='word_1_540' title='bbox 832 4102 899 4163; x_wconf 87' lang='grc' dir='ltr'><strong><em>ταῖς</em></strong></span> <span class='ocrx_word' id='word_1_541' title='bbox 911 4087 1068 4157; x_wconf 74' lang='grc' dir='ltr'><strong><em>ἐπαύλεσιν</em></strong></span> <span class='ocrx_word' id='word_1_542' title='bbox 1080 4091 1198 4169; x_wconf 60' lang='grc' dir='ltr'><strong><em>αὐτῶν,</em></strong></span> <span class='ocrx_word' id='word_1_543' title='bbox 1212 4087 1399 4178; x_wconf 62' lang='grc' dir='ltr'><strong><em>15ἐξιιιυιάρι-</em></strong></span> 
     </span>
     <span class='ocr_line' id='line_1_48' title="bbox 150 4164 1398 4279; baseline 0.006 -46"><span class='ocrx_word' id='word_1_544' title='bbox 150 4164 199 4233; x_wconf 80' lang='grc' dir='ltr'><strong><em>ότι</em></strong></span> <span class='ocrx_word' id='word_1_545' title='bbox 210 4166 281 4245; x_wconf 89' lang='grc' dir='ltr'><strong><em>θεός</em></strong></span> <span class='ocrx_word' id='word_1_546' title='bbox 292 4196 351 4254; x_wconf 88' lang='grc' dir='ltr'><strong><em>μου</em></strong></span> <span class='ocrx_word' id='word_1_547' title='bbox 363 4168 454 4248; x_wconf 77' lang='grc' dir='ltr'><strong><em>εἶσί,</em></strong></span> <span class='ocrx_word' id='word_1_548' title='bbox 469 4170 507 4239; x_wconf 81' lang='grc' dir='ltr'><strong><em>τό</em></strong></span> <span class='ocrx_word' id='word_1_549' title='bbox 520 4175 636 4253; x_wconf 85' lang='grc' dir='ltr'><strong><em>πνεῦμα</em></strong></span> <span class='ocrx_word' id='word_1_550' title='bbox 648 4195 705 4234; x_wconf 91' lang='grc' dir='ltr'><strong><em>σου</em></strong></span> <span class='ocrx_word' id='word_1_551' title='bbox 718 4170 754 4237; x_wconf 85' lang='grc' dir='ltr'><strong><em>τὸ</em></strong></span> <span class='ocrx_word' id='word_1_552' title='bbox 790 4195 846 4236; x_wconf 90' lang='grc' dir='ltr'><strong><em>σαν</em></strong></span> <span class='ocrx_word' id='word_1_553' title='bbox 857 4169 912 4238; x_wconf 86' lang='grc' dir='ltr'><strong><em>τόν</em></strong></span> <span class='ocrx_word' id='word_1_554' title='bbox 922 4172 997 4238; x_wconf 86' lang='grc' dir='ltr'><strong><em>λαόν</em></strong></span> <span class='ocrx_word' id='word_1_555' title='bbox 1010 4166 1036 4258; x_wconf 72' lang='grc' dir='ltr'><em>ᾧ</em></span> <span class='ocrx_word' id='word_1_556' title='bbox 1049 4173 1147 4241; x_wconf 78' lang='grc' dir='ltr'><strong><em>ταῦτά</em></strong></span> <span class='ocrx_word' id='word_1_557' title='bbox 1160 4181 1232 4279; x_wconf 78' lang='grc' dir='ltr'><strong><em>ἐστιζ</em></strong></span> <span class='ocrx_word' id='word_1_558' title='bbox 1255 4172 1398 4261; x_wconf 79' lang='grc' dir='ltr'><strong><em>μακάριος</em></strong></span> 
     </span>
     <span class='ocr_line' id='line_1_49' title="bbox 147 4248 1302 4359; baseline 0.004 -42"><span class='ocrx_word' id='word_1_559' title='bbox 147 4248 271 4328; x_wconf 85' lang='grc' dir='ltr'><strong><em>ἀγαθόν</em></strong></span> <span class='ocrx_word' id='word_1_560' title='bbox 292 4249 432 4337; x_wconf 71' lang='grc' dir='ltr'><strong><em>’ὁδηγήσει</em></strong></span> <span class='ocrx_word' id='word_1_561' title='bbox 460 4282 496 4339; x_wconf 86' lang='grc' dir='ltr'><strong><em>με</em></strong></span> <span class='ocrx_word' id='word_1_562' title='bbox 523 4259 554 4319; x_wconf 78' lang='grc' dir='ltr'><strong><em>ἐν</em></strong></span> <span class='ocrx_word' id='word_1_563' title='bbox 577 4278 616 4359; x_wconf 81' lang='grc' dir='ltr'><strong><em>τη</em></strong></span> <span class='ocrx_word' id='word_1_564' title='bbox 643 4250 753 4355; x_wconf 74' lang='grc' dir='ltr'><strong><em>εῦθείᾳ.</em></strong></span> <span class='ocrx_word' id='word_1_565' title='bbox 788 4252 895 4332; x_wconf 87' lang='grc' dir='ltr'><strong><em>ὁλοός</em></strong></span> <span class='ocrx_word' id='word_1_566' title='bbox 911 4248 951 4321; x_wconf 83' lang='grc' dir='ltr'><strong><em>ού</em></strong></span> <span class='ocrx_word' id='word_1_567' title='bbox 962 4255 1065 4343; x_wconf 87' lang='grc' dir='ltr'><strong><em>κύριος</em></strong></span> <span class='ocrx_word' id='word_1_568' title='bbox 1078 4256 1095 4322; x_wconf 86' lang='grc' dir='ltr'>ὁ</span> <span class='ocrx_word' id='word_1_569' title='bbox 1109 4256 1181 4334; x_wconf 85' lang='grc' dir='ltr'><strong><em>θεὸς</em></strong></span> <span class='ocrx_word' id='word_1_570' title='bbox 1194 4263 1302 4325; x_wconf 87' lang='grc' dir='ltr'><strong><em>αυτοῦ.</em></strong></span> 
     </span>
     <span class='ocr_line' id='line_1_50' title="bbox 147 4333 1151 4420; baseline 0.005 -20"><span class='ocrx_word' id='word_1_571' title='bbox 147 4338 261 4403; x_wconf 70' lang='grc' dir='ltr'><strong><em>11ἕνεκα</em></strong></span> <span class='ocrx_word' id='word_1_572' title='bbox 273 4341 329 4403; x_wconf 90' lang='grc' dir='ltr'><strong><em>τοῦ</em></strong></span> <span class='ocrx_word' id='word_1_573' title='bbox 342 4333 491 4420; x_wconf 87' lang='grc' dir='ltr'><strong><em>ὀνόματός</em></strong></span> <span class='ocrx_word' id='word_1_574' title='bbox 504 4360 560 4401; x_wconf 91' lang='grc' dir='ltr'><strong><em>σου</em></strong></span> <span class='ocrx_word' id='word_1_575' title='bbox 572 4362 609 4401; x_wconf 91' lang='grc' dir='ltr'><strong><em>κυ</em></strong></span> <span class='ocrx_word' id='word_1_576' title='bbox 630 4338 755 4420; x_wconf 78' lang='grc' dir='ltr'><strong><em>ιεζησεις</em></strong></span> <span class='ocrx_word' id='word_1_577' title='bbox 1032 4338 1151 4408; x_wconf 88' lang='grc' dir='ltr'><strong><em>ΡΜΔ’.</em></strong></span> 
     </span>
     <span class='ocr_line' id='line_1_51' title="bbox 144 4361 1257 4514; baseline 0.004 -30"><span class='ocrx_word' id='word_1_578' title='bbox 144 4444 196 4502; x_wconf 87' lang='grc' dir='ltr'><strong><em>με,</em></strong></span> <span class='ocrx_word' id='word_1_579' title='bbox 222 4421 253 4484; x_wconf 71' lang='grc' dir='ltr'><strong><em>ἓν</em></strong></span> <span class='ocrx_word' id='word_1_580' title='bbox 272 4426 312 4514; x_wconf 74' lang='grc' dir='ltr'><strong><em>τῇ</em></strong></span> <span class='ocrx_word' id='word_1_581' title='bbox 328 4416 499 4503; x_wconf 86' lang='grc' dir='ltr'><strong><em>δικαιοσύνη</em></strong></span> <span class='ocrx_word' id='word_1_582' title='bbox 517 4443 573 4485; x_wconf 91' lang='grc' dir='ltr'><strong><em>σου</em></strong></span> <span class='ocrx_word' id='word_1_583' title='bbox 596 4361 703 4498; x_wconf 60' lang='grc' dir='ltr'><strong><em>ἱξάξεις</em></strong></span> <span class='ocrx_word' id='word_1_584' title='bbox 721 4425 753 4487; x_wconf 73' lang='grc' dir='ltr'><strong><em>ἐκ</em></strong></span> <span class='ocrx_word' id='word_1_585' title='bbox 819 4425 833 4455; x_wconf 68' lang='lat'><em>‘</em></span> <span class='ocrx_word' id='word_1_586' title='bbox 942 4425 1061 4498; x_wconf 85' lang='grc' dir='ltr'><strong><em>Αίνεσις</em></strong></span> <span class='ocrx_word' id='word_1_587' title='bbox 1080 4430 1136 4489; x_wconf 90' lang='grc' dir='ltr'><strong><em>τοῦ</em></strong></span> <span class='ocrx_word' id='word_1_588' title='bbox 1150 4426 1257 4491; x_wconf 92' lang='grc' dir='ltr'><strong><em>Δαυίδ.</em></strong></span> 
     </span>
     <span class='ocr_line' id='line_1_52' title="bbox 141 4473 1397 4595; baseline 0.005 -27"><span class='ocrx_word' id='word_1_589' title='bbox 141 4502 347 4593; x_wconf 64' lang='grc' dir='ltr'><strong><em>θλιίνειοςτίγν</em></strong></span> <span class='ocrx_word' id='word_1_590' title='bbox 360 4500 459 4593; x_wconf 73' lang='grc' dir='ltr'><strong><em>ψυχην</em></strong></span> <span class='ocrx_word' id='word_1_591' title='bbox 471 4494 539 4588; x_wconf 76' lang='grc' dir='ltr'><strong><em>μου.</em></strong></span> <span class='ocrx_word' id='word_1_592' title='bbox 562 4505 589 4544; x_wconf 88' lang='lat'><strong><em>¹²</em></strong></span> <span class='ocrx_word' id='word_1_593' title='bbox 602 4506 752 4591; x_wconf 76' lang='grc' dir='ltr'><strong><em>καὶέντηῖ</em></strong></span> <span class='ocrx_word' id='word_1_594' title='bbox 789 4473 943 4590; x_wconf 63' lang='grc' dir='ltr'><strong><em>Υψάσω</em></strong></span> <span class='ocrx_word' id='word_1_595' title='bbox 970 4532 1001 4573; x_wconf 83' lang='grc' dir='ltr'><strong><em>σε</em></strong></span> <span class='ocrx_word' id='word_1_596' title='bbox 1024 4501 1131 4584; x_wconf 85' lang='grc' dir='ltr'><strong><em>ὁθεός</em></strong></span> <span class='ocrx_word' id='word_1_597' title='bbox 1146 4533 1207 4591; x_wconf 92' lang='grc' dir='ltr'><strong><em>μου</em></strong></span> <span class='ocrx_word' id='word_1_598' title='bbox 1225 4505 1243 4572; x_wconf 88' lang='grc' dir='ltr'>ὁ</span> <span class='ocrx_word' id='word_1_599' title='bbox 1259 4509 1397 4595; x_wconf 76' lang='grc' dir='ltr'><strong><em>βασιλεύς</em></strong></span> 
     </span>
     <span class='ocr_line' id='line_1_53' title="bbox 1326 4618 1393 4676; baseline -0.015 -18"><span class='ocrx_word' id='word_1_600' title='bbox 1326 4618 1393 4676; x_wconf 86' lang='grc' dir='ltr'><strong><em>μου,</em></strong></span> 
     </span>
    </p>
   </div>
   <div class='ocr_carea' id='block_1_5' title="bbox 0 0 1466 4972">
    <p class='ocr_par' dir='ltr' id='par_1_5' title="bbox 0 0 1466 4972">
     <span class='ocr_line' id='line_1_54' title="bbox 0 0 1466 4972; baseline 0 3"><span class='ocrx_word' id='word_1_601' title='bbox 0 0 1466 4972; x_wconf 95' lang='lat' dir='ltr'><strong><em> </em></strong></span> 
     </span>
    </p>
   </div>
  </div>
 </body>
</html>
