2924 4972
472 193 699 253 πνινΑι
737 186 906 272 Jamque.
1253 192 1315 256 νον

74 313 164 378 παντί
176 310 236 396 ὄρει
247 309 388 396 Ἐφραίμ,
403 311 505 388 λέγων.
530 308 677 398 κατάβητι
709 311 857 397 Σαλμιινά
869 310 1101 398 ίνΚαριιάρ,ιιαί
1113 309 1131 394 ή
1144 311 1316 400 παρεμβολή

72 401 110 470 είς
123 390 299 477 συνάντησιν
312 393 454 477 Μαδιάμ,
479 397 530 460 καί
543 392 678 460 καταλά-
710 395 809 462 αὐτων
823 393 882 482 μετ’
906 394 1007 463 αὐτῶν
1021 394 1085 472 ὡςεὶ
1104 397 1315 481 δεκαπέντεχι-

70 483 132 562 βετε
158 479 276 551 ἑαυτοῖς
294 475 330 540 τὸ
350 473 430 562 ὕδωρ
449 482 504 555 ἕως
530 478 677 564 Βαιθηρά
710 475 812 554 λιάδες.
824 476 934 555 πάντες
945 479 1137 545 οίκατσλιλει
1158 481 1238 561 μένοι
1251 477 1314 544 άπὸ

74 562 122 623 καὶ
146 559 199 624 τὸν
219 556 382 645 Ἰορδάνην.
413 562 465 624 καὶ
491 559 596 645 ἐόησε
618 566 679 636 πᾶς
709 559 805 645 πάσης
815 558 1129 648 παρεμβολήςάλδοφά
1174 586 1200 637 ν,
1222 563 1317 626 καίοί

73 642 145 727 άνήρ
155 641 295 728 Ἐφραὶμ,
306 645 357 706 καὶ
369 566 629 731 προκατιίάήδοντο
642 643 678 709 τὸ
710 642 906 720 πεπτωκότες,
911 645 1017 711 ἑκατὸν
1025 647 1116 712 εἴκοσι
1125 640 1251 730 χιλιάδες
1261 640 1316 708 άν·

73 724 151 810 ὕδωρ
165 731 220 800 ἕως
231 724 379 810 Βαιθηρά
390 728 441 791 καὶ
453 725 507 794 τὸν
517 723 677 812 Ἰορδάνην.
710 727 790 811 δρῶν
801 731 961 810 σπωμένων
972 731 1129 813 ῥομφαίαν.
1153 729 1235 792 11καί
1247 724 1313 792 άνέ-

71 809 99 850 ²⁵
124 809 176 873 καὶ
206 804 399 895 συνελάβοντο
429 811 500 886 τούς
531 810 678 914 άρηοντσς
709 808 878 895 βηΓεδεάν
899 806 971 875 ὁδὸν
994 816 1054 874 τῶν
1075 806 1264 895 σκηνοάντων
1282 813 1315 875 ἐν

72 889 201 972 ,Μαδιάμ
211 893 261 955 καὶ
270 890 423 978 τὸνὨρήβ
431 893 590 977 καὶτὸνΖη
611 895 677 968 ,καί
711 904 830 973 σκηναῖς
843 888 905 956 άπὸ
918 888 1072 958 ἀνατολῶν
1084 895 1251 981 τήςΝαβοί
1263 895 1315 959 καί

71 972 245 1042 ἀπέκτειναν
257 972 415 1062 τάνὨρήβ
433 980 465 1040 ἕν
476 975 579 1061 Σοάρ’
611 975 677 1078 ρήβ,
707 971 845 1075 Ἰενεβάλ.
852 976 902 1037 καὶ
912 969 1040 1050 ἐπάταξε
1050 971 1104 1051 τήν
1113 974 1313 1063 παρεμβολήν,

72 1058 122 1120 καὶ
134 1053 188 1120 τὸν
199 1053 264 1143 Ζήβ
275 1054 448 1122 ἀπέκτειναν
461 1064 492 1124 ἐν
504 1058 676 1161 Ἰακεφζηφ.
711 1059 762 1122 καὶ
775 1084 793 1140 η
807 1054 978 1141 παρεμβολή
993 1047 1027 1139 ήν
1037 1068 1213 1133 πεποιθυῖα,
1229 1062 1256 1101 ¹²
1264 1060 1315 1123 καί

71 1141 121 1202 καὶ
134 1141 316 1215 κατεδίωξαν
330 1141 385 1224 τήν
397 1139 540 1224 Μαδιάμ,
559 1142 611 1205 καὶ
624 1164 679 1242 την
712 1144 824 1220 ἔφυγον
836 1137 922 1225 Ζεβεὲ
936 1141 986 1202 καί
997 1134 1152 1220 Σαλμανά.
1166 1142 1216 1204 καί
1229 1141 1314 1206 ἐδίω-

71 1221 201 1304 κεφσλήν
211 1221 310 1308 Ὠρήβ
320 1226 372 1287 καί
385 1222 451 1310 Ζήβ
467 1223 592 1306 ήνεγκαν
602 1247 680 1306 προς
712 1225 756 1299 ξεν
767 1220 867 1287 ὀπίσω
880 1219 997 1297 αὐτῶν,
1022 1221 1074 1284 καὶ
1091 1216 1229 1305 ἐκράτησε
1245 1221 1316 1296 τοὺς

70 1303 186 1368 Γεδεὼν
198 1303 263 1369 άπὸ
279 1309 374 1389 πέραν
388 1310 442 1368 τοῦ
452 1300 615 1391 Ἰορδάνου.
712 1306 767 1369 δύο
782 1303 913 1391 βασιλεῖς
935 1301 1067 1384 Μαδιάμ
1088 1299 1141 1367 τὸν
1163 1301 1250 1388 Ζεβεὲ
1265 1305 1317 1368 καί

273 1392 307 1449 Κ
320 1394 350 1449 Ε
363 1392 401 1450 Φ.
444 1384 501 1452 H'.
712 1387 764 1452 τὸν
774 1384 937 1468 Σαλμανά,
959 1388 1010 1450 καὶ
1022 1391 1126 1451 πᾶσαν
1137 1381 1191 1470 τήν
1202 1411 1317 1472 παρεμ-

73 1436 155 1534 Καὶ
165 1467 254 1539 ,εἶπαν
264 1467 339 1555 πρὸς
354 1467 470 1535 Γεδεών
481 1468 556 1555 άνήρ
565 1467 678 1554 Ἐφρα-
709 1469 803 1556 βολήν
816 1471 957 1552 ἐξέστησε.
984 1470 1011 1511 ¹³
1016 1469 1067 1533 καί
1079 1471 1245 1555 ἐπέστρεψε
1256 1472 1317 1535 Γε·

250 1555 321 1635 “pa
339 1558 431 1618 τοῦτο
448 1556 590 1636 ἐποίησας
608 1550 678 1657 ήμῖν
710 1552 785 1618 δειάν
799 1550 958 1628 υἱὸςἸωάς
973 1549 1037 1618 άπὸ
1056 1555 1108 1634 τῆς
1122 1547 1316 1639 παρατάξεως

74 1559 113 1635 ίμ.
139 1558 172 1616 τί
188 1549 224 1616 τά
262 1579 278 1634 η

72 1640 128 1700 τοῦ
146 1632 186 1718 μή
205 1576 277 1701 καάε

72 1713 310 1803 παρατάξασθαι
328 1722 359 1783 ἓν
379 1715 511 1802 Μαδιάμ
517 1747 530 1798 ,·
555 1720 607 1784 καὶ
619 1720 678 1783 διι-
710 1718 738 1762 ¹⁴
752 1719 803 1782 καὶ
822 1717 961 1823 συνεάαβε
984 1718 1146 1803 παιδάριον
1168 1715 1232 1783 άπο
1255 1743 1316 1783 των

71 1802 194 1877 λε’ξαντο
215 1799 293 1887 πρὸς
315 1798 408 1866 αὐτὸν
431 1806 567 1888 ἰσχυρῶς.
598 1803 677 1866 2καί
710 1799 825 1886 ἀνδρῶν
836 1808 981 1886 Σοκχωθ,
993 1802 1044 1865 καὶ
1058 1795 1246 1906 ἐπηρώτησεν
1258 1797 1315 1867 αά-

72 1883 130 1948 είπε
142 1880 218 1970 πρὸς
230 1880 349 1959 αὐτούς.
373 1891 406 1949 τί
416 1889 545 1968 ἐποίησα
558 1889 609 1950 νῦν
622 1911 677 1949 κα·
709 1880 773 1950 τόν.
795 1887 847 1950 καὶ
858 1886 970 1969 ε”μραφιε
983 1879 1061 1969 πρὸς
1074 1881 1167 1949 αυτὸν
1180 1881 1315 1969 ονόματα

71 1965 135 2042 θεάς
149 1963 226 2049 ὑμεῖς
231 1995 243 2044 ,·
270 1965 290 2071 ή
309 1966 376 2053 οὐχὶ
393 1974 537 2114 κρείττων
550 1967 676 2049 ίπιφυλ-
710 1973 771 2033 τῶν
785 1963 938 2051 άρχάντων
948 1963 1082 2072 Σοκηάιθ
1094 1969 1145 2034 καὶ
1163 1973 1225 2032 τῶν
1242 1994 1314 2073 πρη-

272 1639 279 1660 μ
356 1634 365 1654 (

278 1661 326 1699 σαι
350 1641 426 1718 ημᾶς
444 1630 494 1700 ὅτε
510 1640 678 1722 ἐπορευθης
711 1634 774 1700 άπὸ
788 1631 945 1700 ἕπάνωθεν
957 1641 1009 1720 τής
1020 1630 1314 1737 παρωάξεωςᾎρίς.

71 2049 115 2124 λίς
123 2048 255 2151 Ἐφραὶμ
268 2078 286 2134 η
299 2074 411 2136 τρυγητ
431 2048 596 2137 ςἎβεέζερς
622 2052 678 2115 3ἐν
711 2053 863 2137 σβυτὲρων
887 2048 996 2127 αἰτῶν,
1009 2046 1207 2136 εβδομήιωντα
1220 2053 1271 2116 καὶ
1283 2077 1315 2114 ε·

71 2135 143 2216 χειρὶ
156 2137 237 2215 υμῶν
255 2135 408 2218 παρέδωκε
421 2130 522 2218 κάριος
536 2132 607 2210 τοὺς
620 2131 675 2237 άρ-
711 2130 774 2198 πτά
797 2134 916 2218 ἄνδρας.
941 2135 968 2178 ¹⁵
986 2137 1037 2198 καί
1057 2135 1234 2219 παρεγένετο
1256 2138 1314 2198 Γε-

71 2241 176 2299 χοντας
200 2213 340 2299 Μαδιάμ,
366 2215 421 2282 τὸν
435 2215 533 2317 Ὠρήβ
549 2219 600 2282 καὶ
625 2240 680 2281 τον
712 2214 783 2281 δεών
807 2217 883 2302 πρὸς
907 2213 978 2291 τοὺς
1003 2215 1148 2320 άρηοντας
1170 2215 1315 2301 Σοκχάθ,

72 2295 145 2388 Ζήβ.
171 2299 223 2363 καί
235 2305 266 2363 τί
283 2296 436 2406 ἠδυνήθην
452 2327 576 2384 ποιησαι
589 2298 631 2376 ὡς
643 2297 678 2364 ά·
711 2300 762 2365 καί
775 2300 861 2366 είπεν.
887 2298 953 2365 ίδοά
966 2304 1052 2386 Ζεβεε
1064 2303 1115 2365 καί
1126 2298 1272 2383 Σοί-μανά
1285 2302 1317 2366 ἑν

72 2393 134 2463 μείς
139 2409 151 2458 ,·
176 2376 246 2445 τότε
268 2379 364 2464 άνέθη
385 2408 423 2448 το
446 2389 559 2466 πνεῦμα
578 2381 680 2448 αιἰτῶν
713 2383 756 2457 οἷς
782 2382 950 2449 ὠνειδίσστέ
969 2409 1012 2465 με,
1029 2385 1168 2460 λέγοντες.
1191 2383 1230 2466 μή
1254 2385 1315 2468 χείρ

74 2459 125 2525 ἀπ’
143 2459 238 2526 αὐτοῦ
259 2466 290 2527 ἒν
304 2469 348 2545 τῷ
367 2464 495 2530 λαλ”οαι
514 2464 608 2530 αὐτὸν
625 2463 680 2530 τὸν
712 2464 797 2551 Ζεβεὲ
810 2469 861 2530 καί
876 2463 1021 2547 Σαλμανά
1039 2470 1090 2529 νῦν
1109 2469 1140 2528 ίν
1156 2471 1230 2548 χειρί
1248 2491 1315 2540 σου,

73 2540 166 2622 λόγον
178 2549 296 2609 τοῦτον.
320 2545 337 2588 ⁴
350 2549 402 2610 καὶ
415 2494 490 2630 ήάθε
502 2548 618 2612 Γεδεὼν
630 2551 680 2613 ἰπὶ
712 2548 759 2613 ὅτι
772 2544 903 2631 δώσομεν
915 2560 977 2623 τοῖς
990 2543 1178 2627 ἀνδράσι-σου
1191 2558 1256 2622 τοῖς
1269 2550 1316 2611 ε’κ-

73 2625 128 2693 τὸν
136 2623 301 2713 Ἰορδάνην,
326 2631 376 2692 καὶ
389 2631 469 2716 διέβη
483 2627 575 2706 αάτάς
588 2633 638 2696 καὶ
650 2637 680 2697 οἱ
711 2632 859 2697 λείπουσιν
878 2630 1007 2719 άρτους,·
1044 2631 1072 2672 ¹⁶
1085 2630 1135 2694 καὶ
1148 2629 1233 2716 ἔλαβε
1246 2625 1316 2705 τοάς

72 2707 236 2797 τριακόσιοι
261 2710 362 2797 άνδρες
383 2715 415 2776 οἱ
429 2711 487 2796 μετ’
504 2712 600 2779 αὐτοῦ
616 2741 679 2780 πει·
711 2719 924 2801 πρεσβυτέρους
942 2719 995 2817 τής
1008 2710 1123 2790 πόλεως
1144 2717 1174 2778 ἰν
1193 2725 1259 2788 ταῖς
1280 2709 1317 2778 ά-

72 2798 179 2870 νοῖντες
196 2795 248 2859 καί
264 2791 422 2871 διώκοντες.
450 2797 528 2861 6καὶ
547 2797 680 2873 εἷπετοῖς
712 2799 841 2874 κάνθαις
854 2804 906 2882 τής
925 2802 1034 2884 ε’ρημου
1052 2801 1103 2863 καὶ
1115 2808 1179 2873 ταῖς
1192 2803 1316 2883 Βαρκη-

72 2875 197 2964 άνδράσι
210 2875 351 2962 Σοκχιάθ.
387 2876 454 2944 δότε
467 2879 503 2964 δή
518 2879 627 2967 άρτους
640 2886 680 2956 εἰς
712 2885 773 2965 ια’-μ,
800 2885 850 2947 καὶ
868 2878 989 2966 ήλάησεν
1006 2884 1036 2945 ἐν
1054 2880 1155 2955 αὐτοῖς
1173 2877 1243 2952 τοὺς
1263 2879 1316 2943 άν-

72 2986 188 3044 τροφην
198 2986 241 3044 τῳ
250 2960 316 3045 λαῳ
325 2988 422 3046 τουτῳ
432 2967 513 3046 τῴίν
520 2971 612 3031 ποσίν
622 2991 679 3048 μου
712 2967 783 3048 δρας
797 2961 983 3048 τηςπάλεως.
1021 2966 1048 3006 ¹⁷
1061 2965 1113 3028 καὶ
1130 2962 1182 3027 τὸν
1200 2959 1317 3046 πύργον

71 3040 118 3106 ὅτι
132 3043 323 3119 ἐκλείπουσιν,
336 3048 387 3110 καὶ
397 3046 460 3111 ίδοά
475 3043 534 3124 ἐγώ
544 3052 598 3129 εἶμι
608 3043 680 3113 διώ-
714 3048 859 3130 Φανουήί.
881 3051 1073 3131 κατέστρεψε,
1098 3049 1148 3112 καὶ
1165 3044 1316 3110 άπέκτεινε

70 3152 131 3191 κων
154 3124 253 3198 ὀπίσω
276 3133 331 3192 τοῦ
352 3129 439 3215 Ζεβεὲ
462 3133 514 3195 καὶ
530 3127 678 3214 Σαλμανά
713 3129 782 3207 τοὺς
800 3130 911 3217 άνδρας
928 3136 981 3215 τῆς
994 3130 1118 3205 πόλεως.
1146 3131 1238 3194 18καὶ
1255 3127 1316 3193 εἶπε

70 3210 216 3295 βασιλέων
230 3208 369 3295 Μαδιάμ.
393 3215 466 3278 6καὶ
480 3212 566 3279 είπον
577 3219 608 3279 οἷ
621 3213 679 3298 άρ-
712 3215 788 3299 πρὸς
802 3215 888 3300 Ζεβεὲ
901 3217 953 3281 καὶ
965 3212 1121 3298 Σαλμανά.
1146 3217 1208 3278 ποῦ
1220 3216 1251 3276 οἱ
1262 3208 1317 3276 άν-

71 3289 314 3377 χοντεςΣοκχάθ.
320 3295 359 3378 μή
370 3297 429 3380 χεὶρ
440 3295 525 3380 Ζεβεὲ
535 3299 585 3361 καὶ
592 3298 678 3362 Σαλ-
713 3299 776 3378 δρες
789 3294 841 3370 σάς
858 3295 1046 3361 ἀπεκτείνατε
1064 3301 1095 3360 ἔν
1110 3292 1221 3379 Θαβάρ
1227 3323 1239 3373 ;
1265 3296 1316 3359 καὶ

71 3373 149 3454 μανά
162 3381 213 3440 νῦν
226 3380 257 3440 ἐν
268 3383 341 3460 χειρί
353 3403 418 3452 σου,
436 3373 483 3441 ὅτι
497 3375 628 3461 δώσομεν
639 3384 677 3471 τή
714 3380 808 3444 εἶπαν.
835 3375 876 3452 ὡς
893 3375 941 3452 σά,
955 3374 995 3451 ὣς
1008 3377 1105 3452 αὐτοὶ,
1131 3380 1170 3449 εἰς
1181 3373 1317 3457 ὁμοίωμα

74 3455 189 3541 δυνάμει
204 3485 259 3523 σου
273 3460 401 3544 άρτους,·
427 3461 504 3524 7καὶ
518 3460 578 3525 εἶπε
591 3464 680 3526 Γεδε-
715 3467 781 3526 υἱοῦ
806 3459 959 3547 βασιλέως.
984 3460 1012 3502 ¹⁹
1030 3461 1082 3524 καὶ
1107 3456 1168 3522 εἷπε
1193 3462 1227 3520 Γ
1223 3456 1316 3522 εδεών.

74 3537 123 3603 άν.
150 3537 201 3606 διά
222 3546 314 3606 τοῦτο
332 3546 364 3606 ἐν
385 3547 429 3624 τῷ
451 3542 556 3609 δοῦναι
577 3539 679 3629 κάριον
713 3544 837 3625 ἀδελφοί
847 3570 906 3627 μου
925 3544 977 3606 καὶ
989 3543 1050 3605 υἱοί
1067 3544 1121 3625 τής
1137 3533 1249 3623 μητρός
1260 3564 1318 3620 μου

74 3621 127 3687 τὸν
145 3623 233 3708 Ζεβεὲ
252 3625 303 3688 καὶ
321 3623 377 3691 τὸν
395 3623 543 3706 Σαλμανά
562 3629 593 3690 ἐν
609 3632 683 3710 χειρί
714 3621 806 3711 ἦσαν,
832 3629 868 3729 ζή
881 3620 983 3710 κύριος
995 3628 1020 3688 εἰ
1032 3618 1318 3707 ἐζωογονήκειτεαά·

72 3732 145 3786 μου,
171 3708 223 3772 καί
236 3704 295 3782 ἐμά
311 3704 435 3789 άλοήσω
453 3704 507 3781 τάς
521 3705 633 3792 σάρκας
647 3709 682 3774 ά·
713 3709 799 3785 τοὺς,
828 3735 884 3773 ουκ
897 3705 1102 3773 άνάπέκτεινα
1116 3703 1198 3788 ὑμᾶς.
1224 3707 1255 3750 ²⁰
1268 3709 1319 3772 καί

72 3795 135 3871 μῶν
148 3794 258 3863 ,ἐνταῖς
270 3785 420 3865 ἀκάνθαις
432 3794 485 3874 τής
498 3788 618 3874 ἐρήμου,
632 3793 682 3856 καὶ
713 3791 791 3857 εἶπεν
807 3789 903 3876 Ἰεθὲρ
928 3795 973 3875 τῷ
997 3790 1184 3876 πρωτοτόκῳ
1211 3786 1317 3855 αὐτοῦ.
1385 3821 1387 3824 ⁴

73 3877 104 3936 ἐν
115 3885 183 3948 ταῖς
195 3877 249 3956 Βα
268 3879 361 3956 ιιηνίμ.
375 3875 390 3916 ⁸
403 3875 455 3939 καὶ
468 3871 558 3961 άνίβη
573 3879 682 3940 ἐκεῖθεν
714 3871 845 3951 άναστάς
861 3871 1039 3939 ἀπόκτεινον
1057 3870 1177 3948 αὐτούς.
1200 3874 1252 3938 καὶ
1264 3871 1319 3938 οάκ

74 3960 113 4037 είς
128 3898 279 4037 Φανουήά,
291 3959 342 4020 καὶ
352 3952 474 4040 ίλάληοε
482 3956 558 4042 πρὸς
571 3957 682 4034 αὐτοὺς
714 3962 826 4025 ε”σπασε
847 3954 885 4022 τὸ
907 3952 1067 4041 παιδάρων
1087 3953 1143 4041 τήν
1166 3958 1319 4042 ῥομφαίαν

74 4035 224 4113 ὠςαάτως.
256 4041 307 4103 καὶ
325 4037 531 4124 ἀπεκρίθησαν
547 4039 632 4125 αὐτῷ
651 4048 682 4107 σί
715 4040 829 4117 αὐτοῦ,
856 4036 903 4105 ὅτι
915 4036 1053 4126 ἐφοβήθη
1065 4034 1112 4103 ὅτι
1124 4041 1167 4104 ἔτι
1180 4037 1320 4125 νεώτερος

75 4119 177 4206 άνδρες
193 4119 334 4203 Φανουήλ
348 4118 383 4185 ὃν
393 4119 506 4207 τρόπον
516 4121 681 4210 ἀπεκρίθη
715 4116 759 4229 ήν.
797 4124 886 4190 21καὶ
906 4122 968 4189 εἷπε
989 4121 1076 4210 Ζεβεὲ
1099 4124 1150 4187 καί
1171 4121 1319 4222 Σαλμανά

73 4228 129 4269 σαν
151 4203 252 4289 ἄνδρες
273 4201 414 4289 Σοκχοίθ.
441 4206 521 4270 9καὶ
537 4206 600 4272 εἶπε
623 4213 656 4271 Γ
654 4233 683 4270 ε·
714 4202 1125 4290 ανάστασάκαὶσυνάντησον
1138 4201 1265 4289 ήμῖν,ὁτι
1280 4201 1319 4279 ὡς

75 4285 149 4352 δεάν
168 4288 245 4372 πρὸς
262 4285 372 4372 άνδρας
394 4284 543 4372 Φανοαήί.
568 4294 600 4355 ἐν
618 4294 683 4354 ἐπι·
715 4287 824 4373 ἀνδρὸς
848 4288 867 4373 ή
892 4286 1013 4372 δάναμίς
1038 4315 1101 4354 σου.
1133 4287 1184 4350 καί
1209 4284 1321 4366 άνὲστη

73 4375 191 4463 στροφῇ
211 4397 266 4452 μου
283 4369 341 4452 μετ’
364 4365 477 4457 είρήνης
496 4369 683 4452 κατασκάψω
715 4377 749 4435 Γ
747 4371 843 4447 εδεων,
868 4374 919 4435 καί
936 4371 1083 4437 ἀπέκτεινε
1101 4364 1155 4431 τὸν
1172 4365 1257 4450 Ζεβεὲ
1269 4368 1336 4429 καὶ·

72 4450 128 4519 τὸν
151 4450 267 4540 πύργον
278 4458 395 4518 τοῦτον.
421 4456 450 4497 ¹⁰
463 4457 515 4518 καὶ
533 4452 618 4541 Ζεβεὲ
632 4455 683 4518 καὶ
716 4453 768 4518 τὸν
786 4449 939 4535 Σαλμανά.
966 4455 1017 4516 καὶ
1039 4450 1127 4532 ἔλαβε
1150 4446 1221 4519 τοὺς
1235 4450 1320 4524 μηνί-

1230 4548 1325 4598 σκους
