2924 4972
163 230 226 294 εσυ
428 223 649 286 mm
686 217 950 301 mad-&201¹-
966 215 1016 283 16.
1032 218 1081 282 17.
1098 213 1147 283 18.

159 345 227 417 τὸν,
241 345 291 407 καὶ
305 343 431 424 ἔστησαν
443 338 539 405 αὐτὸν
552 338 699 422 ἀναμέσον
711 343 771 402 τῶν
807 337 889 401 *καί
908 332 1043 403 ἀπέδωκε
1060 336 1097 401 τὸ
1116 333 1260 422 ἀργύριον
1279 345 1318 426 τῇ
1330 351 1417 428 μητρὶ

159 422 273 492 κιόνων.
299 427 330 468 ²⁶
344 426 395 490 καί
407 422 469 488 είπε
480 419 620 506 Σαμψών
631 421 708 505 πρὸς
720 417 772 485 τὸν
807 417 914 486 αὐτοῦ.
925 423 977 485 καί
989 419 1097 506 ἔλαβεν
1109 414 1232 505 ήμήτηρ
1243 420 1342 488 αὐτοῦ
1353 429 1419 490 δια-

161 516 275 577 νεανίαν
291 506 345 573 τὸν
363 511 532 594 κρατοῦντα
551 506 605 589 τήν
618 516 701 609 χεῖρα
714 501 771 569 αά-
807 509 926 579 κοσίους
951 503 1110 590 ἀργυρίου,
1136 505 1189 569 καὶ
1212 506 1318 570 ἔδωκεν
1341 506 1419 572 αὐτὸ

161 600 228 661 τοῦ.
242 592 315 673 ἀφες
327 617 370 675 με,
382 591 435 654 καί
444 585 617 673 ψηλαφήσιο
628 614 699 663 τους
708 593 770 652 κίο-
807 581 1025 672 ἀργυροκύιιῳ,
1048 588 1099 652 καί
1110 589 1247 671 ἐποίησεν
1260 586 1335 654 αύτά
1347 592 1422 668 γλυ-

161 704 213 755 νας
226 674 270 757 ἐφ’
282 676 325 753 οίς
336 672 444 749 ὁολκος
456 671 502 738 ἀπ’
515 670 635 748 αύτούς,
645 673 698 736 καί
705 674 771 736 ἐπι-
806 670 887 736 πιὸν
899 672 951 737 καί
960 666 1111 755 χωνευτόν.
1129 673 1182 736 καί
1192 667 1316 757 ἐγενήθη
1330 676 1361 737 ἓν
1373 676 1419 739 οί·

162 755 396 846 στηριχθήσομαι
422 754 467 821 ἐπ’
489 753 615 833 αύτούς,
640 756 671 798 ²⁷
683 755 735 819 καλ
752 752 770 818 ὁ
806 781 851 837 κῳ
861 759 990 839 Μιχαία.
1010 754 1087 818 ὅκαί
1099 749 1119 819 ἀ
1132 751 1215 830 οίκος
1226 762 1349 841 Μιχαία
1361 756 1419 822 αύ-

162 844 243 919 οίιιος
255 838 371 926 πλήρης
383 845 444 905 τῶν
455 838 571 924 ἀνδρῶν
583 840 634 904 καὶ
645 843 708 902 τῶν
717 863 772 915 γν-
806 841 853 920 τῷ
869 835 952 912 οίκος
970 840 1055 902 θεοῦ.
1095 839 1146 902 καί
1162 841 1301 922 ἐποίησεν
1314 837 1418 922 Ἐφώθ

161 931 283 1002 ναικῶν,
308 926 360 989 καί
383 927 443 988 ἐκεῖ
459 921 567 998 πάντες
586 927 616 988 οἱ
634 920 773 1008 ἀρχοντες
807 922 858 986 καί
875 921 1016 1025 Θεραφίν.
1042 922 1095 986 καί
1106 914 1256 1007 ἐπλήρωσε
1269 923 1324 1009 τήν
1334 936 1417 1008 χεῖρα

160 1015 223 1077 τῶν
234 1002 422 1090 ἀλλοφύλων,
436 1008 488 1072 καὶ
498 1008 548 1070 ἐπὶ
560 1006 596 1070 τὸ
610 1007 696 1088 δῶμα
709 1003 772 1080 ὡςεὶ
808 1003 872 1069 ἀπὸ
886 1006 952 1079 ένος
964 1007 1038 1069 υίῶν
1050 1002 1157 1082 αὐτοῦ,
1169 1009 1221 1073 καὶ
1233 1009 1349 1084 ἐγένετο
1362 1009 1417 1075 αύ-

162 1093 311 1182 τριςχιλιοι
324 1089 428 1172 ἀνδρες
439 1093 489 1155 καί
502 1101 637 1168 γυναῖκες
649 1093 679 1154 οἶ
691 1100 773 1154 θεον·
807 1092 852 1170 τῷ
864 1092 904 1163 εἰς
918 1090 1006 1173 ἱερέα.
1019 1089 1074 1153 ‘fir
1085 1086 1119 1154 δέ
1130 1101 1198 1164 ταῖς
1211 1087 1332 1177 ήμέραις
1344 1095 1418 1156 ἐκεί-

160 1184 281 1264 ροῦντες
293 1177 324 1241 έν
340 1180 490 1253 παιγνίοις
502 1167 651 1274 Σαμῳσύν.
679 1174 710 1216 ²⁸
723 1173 774 1237 καί
807 1195 870 1246 ναις
883 1168 939 1236 ούκ
952 1171 987 1253 ήν
999 1170 1138 1253 βασιλεὺς
1149 1176 1180 1237 έν
1188 1170 1320 1260 Ἰσραήλ.
1340 1171 1417 1262 ἀνήρ

162 1258 451 1343 έίιλαυσενΣαμψών
462 1255 540 1344 πρὸς
551 1280 661 1340 κύριον,
672 1253 773 1321 καίεί-
807 1252 844 1320 τὸ
863 1252 950 1330 εύθὲς
968 1257 999 1318 ἐν
1015 1252 1188 1339 ὀφθαλμοῖς
1204 1255 1299 1322 αύτοά
1317 1260 1418 1323 έποίει.

160 1373 208 1414 πε.
236 1341 376 1409 Ἀδωναϊέ
389 1337 468 1427 κύριε
483 1337 630 1444 μνήσθητι
650 1335 687 1423 δή
704 1365 774 1423 μου,
809 1340 822 1382 ⁷
837 1340 889 1408 καὶ
900 1333 1028 1422 ἐγενήθη
1040 1339 1153 1415 νεανίας
1165 1343 1196 1404 ἐκ
1210 1339 1354 1424 Βηθλεέμ
1366 1337 1419 1424 δή-

163 1433 216 1495 καὶ
238 1421 385 1532 ἐνίοχυσόν
408 1449 443 1506 με
465 1427 508 1489 ἔτι
526 1424 561 1488 τὸ
579 1423 661 1499 ἅπαξ
679 1427 773 1487 τοῦτο
807 1448 866 1506 μου
884 1415 999 1497 Ἰούδα,
1023 1424 1075 1490 καί
1091 1420 1185 1498 αὐτὸς
1200 1430 1343 1509 Λευίτης,
1369 1428 1418 1489 καὶ

162 1511 231 1586 θεὲ,
256 1534 308 1573 και
333 1501 546 1572 ἀνταποδώσω
571 1502 774 1570 ἀνταπόδοσιν
808 1497 1042 1592 ούτοςπαρφύιιει
1055 1509 1121 1571 ἐκεῖ.
1143 1504 1417 1610 8καίὲπορεύθηὸ

164 1600 236 1677 μίαν
248 1592 318 1676 περὶ
327 1594 388 1656 τῶν
398 1584 452 1655 δύο
463 1586 634 1672 ὀφθαλμῶν
643 1615 701 1672 μου
711 1599 774 1663 τοῖς
809 1585 884 1675 ἀνήρ
897 1585 961 1654 ἀπὸ
970 1587 1114 1672 Βηθλεέμ
1125 1594 1179 1673 τῆς
1190 1587 1308 1666 πόλεως
1316 1589 1418 1658 Ἰονδιι

165 1669 354 1758 ἀλλοφύλοις.
370 1674 460 1738 29καί
471 1672 626 1762 περιελαβε
636 1670 776 1778 Σαμῳών
807 1677 989 1757 παροικῆσαι
1005 1675 1037 1738 ἐν
1056 1665 1149 1755 ᾦέἀν
1162 1669 1232 1769 εύρη
1244 1668 1341 1759 τύπῳ.
1367 1680 1419 1741 καί

164 1758 236 1836 τούς
251 1755 307 1825 δύο
324 1765 427 1832 κίονας
445 1760 502 1821 τοῦ
519 1757 603 1822 οἴκου
621 1754 664 1835 ἐφ’
686 1782 738 1832 ους
755 1752 773 1820 ὁ
808 1745 903 1840 ήλθεν
916 1761 972 1832 έῳς
984 1753 1227 1841 ἀρουςἘφραίμ,
1241 1761 1292 1822 καὶ
1305 1764 1360 1834 ἕως
1372 1760 1419 1824 οἴ-

166 1843 248 1918 οἲκος
271 1836 410 1924 εἱστήκει,
436 1841 487 1904 καὶ
510 1842 691 1925 ίπεστηρίχθ
727 1837 771 1904 ἐπ’
809 1865 863 1905 κου
876 1847 927 1904 Μι
945 1845 999 1904 αία
1012 1844 1069 1904 τοῦ
1086 1846 1210 1924 ποιήσαι
1227 1838 1299 1905 ὁδὸν
1311 1839 1409 1907 αὐτοῦ

165 1925 292 2027 αύτοῳ,
318 1926 369 1989 καί
394 1918 553 2008 ἐκράτησεν
573 1928 624 1987 ἕνα
641 1928 679 2018 τῇ
691 1867 775 2006 δεξιᾷ
810 1925 889 1988 9καὶ
900 1866 979 1988 εδίτεν
989 1921 1075 2026 αάτῳ
1088 1931 1231 2009 Μιχαίας.
1256 1919 1355 1989 πόθεν
1368 1929 1417 2008 ἔρ·

165 2008 261 2076 αύτου
287 2009 353 2072 καί·
365 2012 416 2073 ἕνα
441 2012 478 2111 τῇ
503 2004 645 2095 ἀριστερᾴ
669 2004 773 2073 αὐτοῦ.
809 2033 863 2092 χη,·
875 2009 928 2073 καί
939 2005 1001 2072 εἶπε
1014 2033 1090 2091 προς
1102 2002 1204 2074 αὐτόν.
1221 2014 1350 2093 Λευίτης
1362 2012 1419 2092 εἰμί

165 2094 197 2138 ³⁰
210 2093 263 2158 καί
274 2090 337 2156 εἶπε
349 2097 496 2174 Σαμψῳν.
517 2091 701 2156 ἀποθανέτω
714 2110 776 2172 φυ-
811 2081 843 2156 έίι
856 2089 1000 2173 Βηθλεὲμ
1010 2087 1125 2169 Ἰούδα,
1150 2093 1203 2157 καὶ
1219 2091 1279 2170 έγώ
1291 2089 1419 2179 πορεύο·

165 2174 202 2263 χή
214 2202 271 2258 μου
283 2171 358 2260 μετά
371 2178 431 2239 τῶν
441 2169 630 2257 ἀλλοφύλων.
644 2169 775 2260 καίίβά-
809 2200 861 2257 μαι
879 2179 1061 2259 παροικῆσαι
1080 2179 1111 2240 ἐν
1128 2166 1155 2259 ᾦ
1168 2172 1221 2241 έάν
1234 2171 1311 2260 εύρῳ
1324 2173 1419 2260 τύπῳ.

167 2263 270 2337 σταξεν
282 2262 312 2322 ἐν
324 2253 412 2342 ἰσχύϊ,
424 2261 475 2329 καὶ
487 2261 588 2327 ἔπεσεν
600 2253 618 2322 ὁ
629 2257 713 2332 οίκος
725 2258 777 2322 έπί
810 2261 839 2302 ¹⁰
844 2259 895 2324 καί
908 2257 985 2323 εἶπεν
997 2256 1082 2343 αύτῷ
1091 2265 1234 2343 Μιχαίας.
1247 2258 1348 2324 κάθου
1356 2257 1415 2341 μετ’

165 2340 238 2418 τούς
263 2341 423 2427 ἀρχοντας,
448 2343 502 2408 καί
527 2343 578 2406 ἐπί
602 2336 703 2407 πάντα
721 2339 776 2405 τὸν
811 2343 897 2425 ἐμοῦ,
909 2345 961 2407 καί
972 2348 1056 2421 γίνου
1067 2368 1117 2425 μοι
1131 2347 1170 2417 εἰς
1181 2345 1300 2426 πατέρα
1313 2345 1366 2408 καί
1378 2348 1418 2418 είς

166 2426 243 2493 λαὸν
256 2423 309 2492 τὸν
322 2430 352 2492 ἐν
365 2423 459 2492 αάτσύ.
476 2428 528 2490 καὶ
540 2413 614 2509 ήσαν
625 2428 657 2490 ολ
668 2435 776 2508 τεθνη-
811 2428 904 2510 λερέα,
929 2427 981 2490 καὶ
997 2423 1056 2504 ἰγά
1075 2421 1161 2492 δώσω
1174 2452 1222 2492 σοι
1239 2428 1312 2491 δέκα
1325 2425 1416 2513 ἀργυ-

166 2506 250 2587 ιιύτες
267 2505 320 2586 ούς
336 2491 511 2580 ίθανάτῳσε
522 2508 663 2592 Σαμψὼν
682 2511 714 2575 ἐν
732 2511 777 2590 τῷ
811 2515 877 2594 ρίου
890 2513 930 2585 είς
941 2505 1067 2595 ἡμέραν,
1092 2512 1143 2575 καί
1160 2509 1271 2595 στολήν
1284 2515 1418 2600 ἱματίων,

166 2592 295 2679 θανάτῳ
309 2592 419 2670 αὐτοῦ,
433 2595 552 2669 πλείους
565 2592 583 2677 ἢ
597 2590 649 2668 οὓς
662 2588 777 2658 έθανά-
811 2595 863 2658 καί
874 2592 914 2658 τά
927 2592 1003 2679 πρὸς
1016 2590 1094 2678 ζωήν
1106 2621 1170 2660 σου.
1195 2598 1221 2638 ²¹
1234 2597 1285 2659 καί
1297 2598 1418 2681 ἐπορευ-

167 2702 261 2743 τωσεν
279 2681 310 2741 ἐν
328 2682 365 2758 τῆ
378 2679 440 2768 ζωῇ
457 2675 562 2743 αὐτοῦ.
600 2677 627 2719 ³¹
640 2678 692 2741 καὶ
704 2699 777 2740 κατ-
810 2687 856 2760 θη
869 2673 887 2740 ὃ
899 2683 1043 2760 Λευίτης,
1068 2680 1120 2741 καί
1137 2677 1248 2762 ἤρξατο
1266 2688 1419 2764 παροικεῖν

167 2765 273 2846 ἔβησαν
286 2764 317 2822 οἶ
331 2746 454 2838 ἀδελφοὶ
466 2757 576 2832 αὐτοῦ,
603 2756 683 2824 καὶὸ
697 2758 778 2834 οδκος
810 2757 896 2842 παρὰ
909 2764 953 2840 τῷ
967 2758 1060 2862 ἀνδρί.
1073 2762 1125 2823 καί
1136 2757 1262 2863 ἐγενήθη
1275 2758 1293 2824 ὁ
1306 2767 1420 2834 νεανίας

167 2848 224 2909 τοῦ
236 2841 353 2926 πατρὸς
367 2840 474 2917 αὐτοῦ,
488 2843 539 2906 καί
551 2841 662 2929 ἔλαβον
675 2837 776 2906 αὐτόν.
810 2838 895 2945 αύτῳ
912 2838 953 2916 ὡς
971 2841 1009 2916 είς
1021 2838 1085 2905 απὸ
1099 2845 1171 2905 υἱῶν
1183 2847 1288 2909 αυτοῦ.
1329 2848 1357 2892 ¹²
1370 2847 1421 2908 καί

167 2929 219 2992 καὶ
231 2924 380 3012 ἀνέβησαν
393 2927 445 2990 καὶ
457 2928 582 3008 ἔθαψαν
596 2923 691 2991 αὐτὸν
703 2925 774 2990 ἀνα·
810 2923 963 3009 ἐπλήρωσε
968 2929 1104 3009 Μιχαίας
1112 2923 1257 3008 τήνχεῖρα
1266 2928 1320 2988 τού
1328 2931 1420 2989 Λευί-

166 3015 256 3092 μέσον
271 3015 381 3093 Σαραα
403 3034 455 3073 και
474 3033 623 3091 οιναμεοον
649 3005 776 3075 Εοθαὸλ
809 3032 880 3084 του,
904 3008 956 3073 καί
968 3010 1080 3085 ἐγένετο
1097 3005 1182 3090 αάτῳ
1195 3011 1234 3083 εἷς
1247 3010 1342 3092 ἱερέα,
1368 3013 1421 3073 καί

167 3096 198 3156 ἐν
215 3097 261 3173 τῷ
277 3087 365 3170 τάφω
378 3090 495 3154 Marwa*
513 3097 570 3154 τοῦ
587 3093 703 3175 πατρὸς
720 3089 777 3156 αύ-
810 3094 922 3168 ἐγένετο
934 3091 964 3153 έν
975 3095 1022 3174 τῳ
1032 3091 1105 3173 οἴκῳ
1119 3096 1249 3173 Μιχαία.
1275 3091 1419 3156 13καλεί-

167 3179 234 3240 τοῦ.
261 3174 313 3249 καί
326 3155 418 3249 αύτὸς
432 3175 521 3259 ἔκρινε
534 3171 586 3238 τὸν
602 3173 723 3261 Ἰσραήλ
734 3174 776 3239 εί-
808 3198 846 3239 πε
858 3179 1003 3256 Μχαίας.
1027 3177 1080 3239 νῦν
1098 3175 1190 3250 ἔγνων
1206 3168 1254 3237 δτι
1269 3171 1419 3249 ἀγαθυνεῐ

168 3281 249 3323 κοοιν
263 3259 323 3339 δ’τη.
808 3282 858 3340 μοι
870 3253 983 3364 κύριος,
1008 3253 1056 3322 δτι
1073 3251 1185 3336 ἐγένετό
1197 3283 1248 3340 μοι
1259 3253 1283 3325 ὃ.
1289 3262 1417 3344 Λευίτης

357 3347 482 3407 Hm.
525 3341 616 3407 ΙΖ’.,
809 3346 848 3418 είς
860 3343 948 3428 ίερεα.

171 3392 252 3492 Καὶ
261 3428 374 3505 ἐγένετο
384 3425 458 3513 ἀνήρ
468 3424 531 3491 ἀπὸ
541 3424 776 3511 ύρουςἘφραλμ,
839 3431 853 3462 ⁶
996 3429 1069 3489 ΚΕ
1081 3429 1119 3489 Φ.
1162 3417 1235 3489 1Η’.

166 3515 218 3577 καὶ
235 3509 330 3594 ὄνομα
350 3509 435 3595 αύτῷ
448 3516 584 3594 Μιχαίας
622 3512 700 3574 2καὶ
716 3508 777 3575 εἷπε
811 3477 862 3574 Ε
866 3535 882 3573 ν
893 3519 959 3586 ταῖς
971 3506 1091 3595 ήμέραις
1109 3510 1228 3586 ἐκείναις
1245 3504 1301 3573 ούκ
1314 3498 1350 3591 ἢν
1360 3513 1417 3593 βα·

166 3601 205 3699 τη
221 3597 311 3678 μητρί
328 3592 434 3660 αὐτοῦ.
461 3598 491 3658 οἳ
506 3593 595 3677 χίλιοι
607 3594 659 3658 καὶ
671 3592 778 3658 ἑκατὸν
810 3591 907 3668 σιλεύς
919 3597 951 3659 έν
959 3588 1091 3676 Ἰσραήλ.
1113 3594 1166 3657 καὶ
1178 3595 1210 3656 έν
1221 3601 1287 3664 ταῖς
1298 3587 1416 3673 ἡμέραις

168 3676 221 3751 ούς
235 3678 345 3762 ’ἔλαβες
363 3674 507 3760 ἀργυρίου
525 3679 651 3769 σεαυτῇ,
676 3682 729 3742 καί
743 3702 778 3759 με
810 3680 931 3750 ἐκείναις
943 3673 962 3760 ἢ
975 3675 1055 3760 φυλή
1067 3675 1130 3742 Δάν
1140 3670 1229 3757 ἐζήτει
1241 3676 1331 3766 ἑαυτῇ
1344 3672 1416 3756 κλη-

166 3756 290 3841 ήράσιο,
317 3760 368 3823 καί
391 3771 553 3845 προςεῖπας
578 3762 609 3823 ἒν
634 3756 693 3824 ὠσί
711 3785 777 3842 μου.
811 3766 953 3846 ρονομίαν
971 3763 1163 3843 κατοικῆσαι,
1180 3753 1228 3822 ὅτι
1246 3754 1300 3823 ούκ
1318 3759 1418 3821 ἐνέπε-

169 3839 236 3906 woh
248 3840 286 3906 τὸ
300 3837 441 3927 ἀργύριον
454 3840 525 3928 παρ’
541 3844 615 3926 ἐμοί,
628 3841 688 3920 έγού
702 3842 777 3908 δ’λιι-
810 3870 861 3910 οεν
881 3841 960 3925 αύτῆ
982 3848 1039 3917 έιος
1058 3846 1111 3925 τῆς
1133 3838 1242 3927 ἡμέρας
1261 3843 1366 3923 ἐκείνης
1387 3844 1417 3904 έν

167 3929 222 4011 βον
240 3923 326 3990 αύτό.
357 3927 408 3991 καί
424 3923 503 3990 εἶπεν
521 3922 539 4011 ή
558 3921 655 4010 μήτηρ
672 3923 776 3992 αὐτοῦ.
810 3930 892 4010 μεόῳ
902 3912 1005 4028 φύλῶν
1016 3923 1217 4008 υίῶνἸσραήλ
1226 3924 1416 4009 κληρονομία.

166 4005 327 4091 εὐλογητὸς
340 4006 357 4073 ὁ
372 4004 435 4084 υἱός
446 4035 502 4090 μου
515 4015 559 4093 τῷ
572 4015 673 4093 κυρίῳ.
700 4009 714 4049 ³
727 4010 779 4074 καὶ
810 4011 826 4050 ²
839 4013 890 4074 καί
902 4009 1078 4074 ἀπέστειλαν
1090 4013 1122 4074 οἶ
1134 4012 1194 4072 υἱοί
1207 4007 1272 4074 Δάν
1285 4004 1349 4073 ἀπὸ
1363 4002 1414 4109 δή·

169 4089 303 4157 ἀπέδωκε
315 4091 387 4167 τοὺς
397 4093 508 4176 χιλίους
532 4094 584 4157 καί
602 4090 711 4155 ἑκατὸν
721 4096 777 4155 τοῦ
810 4117 874 4175 μων
886 4090 989 4158 αὐτῶν
1003 4095 1090 4158 πέντε
1107 4091 1219 4175 ἀνδρας
1234 4090 1316 4166 υἱούς
1328 4092 1413 4157 δυνα·

167 4172 312 4260 ἀργυρίου
324 4180 363 4267 τῇ
374 4177 465 4280 μητρί
477 4173 580 4242 αὐτοῦ.
604 4171 776 4277 καὶεῖπενή
810 4201 885 4258 μεοσς
902 4174 967 4241 ἀπὸ
991 4174 1102 4262 Σαραά
1123 4179 1174 4240 καί
1194 4173 1259 4241 ἀπδ
1279 4170 1418 4244 Ἐοθαὸλ

168 4254 263 4343 μήτηρ
289 4255 395 4323 αὐτοῦ.
434 4254 597 4336 αγιύζοασα
614 4255 724 4341 ήγίασοι
740 4283 776 4324 το
811 4265 867 4325 τοῦ
879 4264 1136 4339 κατασκέψασθαι
1151 4258 1206 4323 τ“ν
1223 4263 1279 4342 γῆν
1296 4261 1348 4325 καὶ
1360 4259 1418 4334 έξι·

170 4340 311 4424 ἀργύριον
327 4347 372 4426 τῷ
390 4349 482 4428 κυρίῳ
501 4344 532 4406 ἐκ
551 4344 604 4422 τῆς
616 4335 709 4425 χειρός
721 4367 777 4422 μου
810 4339 925 4427 χνιάσαι
947 4340 1048 4426 αὐτήν.
1083 4345 1136 4407 καί
1156 4287 1242 4406 εάπαν
1261 4338 1340 4427 πρὸς
1361 4340 1418 4407 αύ-

169 4429 210 4506 τῷ
230 4428 284 4506 υἱῲ
296 4452 353 4505 μου
370 4431 426 4491 τοῦ
438 4428 562 4507 ποιῆσαι
580 4422 714 4499 γλνπτδν
727 4426 777 4490 καί
810 4421 890 4499 τούς.
916 4422 1083 4509 πορεύεσθε
1102 4427 1153 4490 καὶ
1171 4421 1346 4508 ἐξιχνιάσατε
1364 4421 1417 4508 τήν

168 4503 326 4591 χωνευτὸν,
339 4511 390 4574 καί
403 4513 453 4574 νῦν
465 4502 616 4574 ἀποδώσω
629 4502 705 4572 αὐτό
719 4533 775 4575 σοι.
808 4512 872 4593 γῆν.
899 4509 949 4572 καί
972 4498 1070 4591 ἦλθον
1095 4513 1151 4584 ἕως
1174 4508 1265 4594 ὅρους
1286 4506 1418 4614 Ἐφρριὶμ

1361 4616 1417 4665 τως
