2924 4972
297 243 666 309 ΜΑΚΚΛΒΑΙΩΝ
688 242 897 303 ΠΡΩΤΟΣ
940 245 1018 319 Κεη.
1042 241 1093 304 ια’.
1110 240 1159 304 11.
1284 245 1350 310 977

57 350 71 407 1
111 369 164 430 τοῦ
189 360 305 448 πατρός
330 388 395 426 σου.
434 364 463 402 ¹⁰
483 360 714 442 μεταμεμελημαι
746 358 842 443 ρεῦθη
860 360 938 446 πρὸς
955 362 1009 425 τὸν
1030 364 1155 449 βασιλέα
1174 369 1213 440 είς
1233 363 1353 428 Πτολε·

57 438 70 521 Ξ
110 447 168 532 γάρ
182 447 254 521 δοὺς
266 445 351 527 αὐτῷ
364 442 418 526 τήν
431 447 585 528 θυγατέρα
596 468 670 526 μου,
684 447 714 507 ἐ-
745 446 850 525 μαίδα,
863 447 914 509 καὶ
926 436 990 530 εῦρε
1006 445 1091 530 χάριν
1104 442 1230 512 ἐνώπιον
1244 446 1350 512 αὐτοῦ.

57 524 68 605 Ι
111 530 215 615 ζήτησε
232 532 292 631 γὰρ
311 527 486 591 ἀποκτεῖναί
502 551 547 608 με.
579 531 604 567 ¹¹
617 528 668 589 καί
685 529 715 589 ἐ-
747 528 841 590 11καί
863 527 1055 612 ἐνετύγχανον
1077 526 1140 592 κατ’
1170 530 1266 594 αὐτοῦ
1279 555 1351 606 τινες

57 608 66 689 λ
112 611 243 697 ψόγησεν
256 609 350 677 αυτὸν
362 608 447 693 χάριν
464 615 520 674 τοῦ
533 614 714 690 ἐπιθυμῆσαι
748 609 856 691 ἀνομοι
868 615 920 692 τῆς
932 614 964 674 ἐκ
970 614 1026 676 τοῦ
1031 615 1145 686 έθνους.
1158 613 1352 676 11καίέποί-

57 692 64 770 ί
112 697 206 763 αὐτὸν
230 701 283 779 τῆς
306 693 456 780 βασιλείας
481 691 588 757 αὐτοῦ.
625 695 716 756 11ιιαί
748 717 815 776 ησεν
828 691 948 775 αῦτῴῦ
973 693 1107 777 βασιλεῦς
1132 692 1352 778 καθώςέποίη-

57 771 62 858 ;¹
113 779 289 863 ἀφελόμενος
299 775 393 842 αῦτοῦ
403 776 456 861 τήν
467 776 715 878 θυγατέρα,ἐδισ-
748 800 805 840 σαν
817 775 903 858 αὐτῶ
917 782 948 841 οῦ
961 775 1022 863 πρὸ
1036 778 1143 854 αὐτοῦ,
1168 773 1352 859 καίῦψασεν

57 858 62 907 ¹
112 889 161 929 κεν
175 862 270 946 αὐτήν
284 864 328 943 τῷ
341 866 512 946 Δημητρίῳ,
525 864 575 925 καί
588 854 716 942 ηλλοιῶ-
748 855 843 924 αὐτὸν
867 864 1005 926 ἐναντίον
1024 859 1146 925 πάντων
1166 865 1229 926 τῶν
1253 860 1352 938 φίλων

57 946 60 988 ¹
112 959 156 1030 θη
177 952 233 1011 τοῦ
244 939 446 1027 Ἀλεξάνδρου,
466 946 518 1007 καὶ
530 939 623 1025 ἐφάνη
636 940 654 1026 ἢ
668 947 716 1026 ἐχ-
748 941 853 1008 αάτυῦ.
879 945 908 986 11
921 947 972 1008 καί
990 948 1110 1028 ἐῦτησεν
1128 940 1211 1027 αῦτῴ
1228 941 1282 1027 τήν
1294 942 1350 1028 ἀρ-

57 1031 59 1068 ¹
112 1043 176 1115 θρα
199 1029 307 1094 αὐτῶν.
345 1027 372 1068 11
385 1027 437 1089 καί
460 1025 571 1110 είςήλθε
596 1025 716 1090 Πτολε-
746 1025 923 1112 χιεριυσύνην
940 1029 992 1091 καί
1011 1025 1071 1093 ὅσα
1091 1027 1171 1091 ἀλλα
1194 1026 1249 1111 εἶχε
1268 1032 1351 1109 τίμια

111 1126 200 1197 μαῖος
223 1117 262 1186 είς
282 1102 466 1192 Ἀντιόχειαν,
488 1110 538 1173 καί
559 1113 715 1194 περιέθετο
747 1104 947 1193 τοπρότερον,
971 1112 1023 1176 καὶ
1035 1116 1171 1196 ἐποίησεν
1184 1107 1277 1175 αὐτὸν
1290 1114 1352 1175 τῶν

112 1193 166 1260 δύο
179 1191 346 1277 διαδήματα
360 1194 428 1277 περί
446 1193 502 1276 τήν
515 1192 645 1275 κεφαλήν
658 1190 716 1257 αῦ-
745 1190 875 1279 πρῶτων
888 1194 981 1296 φίλων
993 1195 1139 1279 ήγεῖσθαι.
1166 1192 1250 1259 11καλ
1261 1193 1352 1274 ήξίιο-

112 1283 182 1353 τοῦ,
208 1277 245 1341 τὸ
270 1282 322 1360 της
343 1274 446 1350 Ἀσίας
469 1278 520 1340 καὶ
543 1275 714 1353 Αἰγύπτου.
747 1302 793 1340 σεν
815 1275 966 1342 Ἰιυναθαν
990 1278 1045 1343 τὸν
1074 1278 1200 1363 βασιλέα
1225 1282 1353 1362 ποιήσαι

111 1363 140 1403 ¹⁴
149 1359 336 1444 Ἀλέξανδρος
366 1359 399 1422 δὲ
425 1357 442 1422 ὁ
467 1360 599 1444 βασιλεὺς
623 1347 660 1439 ἦν
684 1362 717 1423 ἐν
746 1359 801 1442 τήν
810 1358 961 1426 Ἰουδαίαν
979 1358 1210 1445 ἀφορολάγητον
1227 1362 1278 1424 καί
1298 1357 1353 1436 τάς

113 1444 235 1525 Κιλικίᾳ
253 1442 332 1508 κατὰ
349 1440 422 1516 τοῦς
444 1439 566 1525 καιρούς
585 1445 716 1517 ἐκείνους,
747 1455 823 1528 τρεῖς
839 1449 1004 1527 τοπαρχίας
1022 1447 1074 1508 καὶ
1091 1443 1144 1529 τήν
1162 1449 1352 1528 Σαμαρεῖτιν,

114 1525 160 1592 ὅτι
186 1522 374 1591 ἀπεστάτουν
396 1528 426 1588 οῖ
443 1524 506 1589 ἀπὸ
531 1530 592 1590 τῶν
613 1519 716 1589 τόπων
746 1529 797 1591 καί
809 1529 1005 1611 ἐπηγγείλατο
1019 1526 1103 1611 αὐτῷ
1118 1525 1251 1592 τάλαντα
1267 1553 1354 1611 τρια-

113 1616 239 1675 ἐκείνιυν.
278 1611 305 1652 ¹⁵
319 1610 369 1672 καί
378 1607 503 1692 ἤκουσεν
514 1607 715 1693 ἈλεἘανδρος,
747 1605 844 1675 κόσιιι.
869 1611 966 1675 11καί
988 1610 1142 1693 εὐδόκησεν
1164 1608 1181 1676 ὁ
1205 1607 1353 1697 βασιλεὺς,

113 1684 269 1777 καὶήλθεν
282 1689 326 1756 ἐπ’
344 1689 579 1774 αῦτὸνπολέμῳ.
606 1694 716 1766 καίέξ-
747 1694 798 1756 καί
821 1696 934 1776 ε”γραψε
957 1699 1002 1778 τῷ
1020 1691 1171 1759 Ἰιονάθαν
1193 1694 1353 1768 ἐπιστολὰς

112 1773 202 1879 ήγαγε
226 1774 412 1855 Πτολεμαῖος
435 1774 489 1857 τήν
511 1772 640 1857 δύναμιν,
666 1775 717 1837 καὶ
747 1773 1074 1859 περίπάντονντούτων
1117 1774 1210 1851 οάσας
1218 1776 1271 1840 τὸν
1280 1771 1353 1862 τρό·

112 1857 279 1942 απήντησεν
292 1855 375 1940 αὐτῷ
390 1862 421 1923 ἐν
433 1860 505 1942 χειρί
517 1861 623 1942 ἐοχυρρῖ
628 1901 643 1932 ,
665 1858 716 1920 καί
747 1883 808 1923 πον
820 1864 939 1923 τοῦτον.
978 1861 1009 1904 ³⁰
1020 1865 1096 2008 βασι
1132 1857 1165 1934 ῦς
1184 1856 1353 1944 Δημήτριος

113 1941 311 2027 ἐτροπῶσατο
338 1937 441 2006 αὐτόν.
482 1942 510 1984 11
535 1944 586 2005 καί
610 1945 715 2021 ἔφυγεν
745 1940 900 2007 Ἰισνάθαν
912 1948 956 2026 τῷ
970 1942 1020 2008 ἀδε
1039 1948 1090 2026 φῶ
1101 1949 1221 2028 χαίρειν,
1233 1943 1284 2007 καί
1296 1945 1354 2007 έθ-

109 2027 300 2109 Ἀλέξανδρος
325 2028 363 2099 είς
388 2024 442 2108 τήν
461 2023 624 2111 Ἀραβίαν,
660 2029 717 2088 τοῦ
748 2050 788 2090 νει
797 2024 961 2092 Ἰουδαίων.
999 2029 1076 2093 11τό
1097 2028 1283 2112 ἀντίγραφον
1300 2031 1354 2109 τῆς

112 2114 323 2189 σκεπασθήναι
340 2107 512 2172 αῦτὸνέκεῖ.
538 2107 605 2174 ὅδὲ
627 2111 715 2194 βασι·
748 2110 917 2193 ἐπιστολῆς,
934 2103 969 2193 ής
999 2108 1169 2197 ἐγράψαμεν
1199 2112 1354 2176 Λασθένει

113 2189 207 2263 σιλεῦς
239 2188 429 2267 Πτολεμαῖος
459 2186 582 2272 ῦψῶθη.
622 2194 649 2232 ¹⁷
667 2192 717 2253 καὶ
748 2196 791 2272 τῷ
807 2205 936 2268 συγγενεῖ
952 2194 1032 2276 ήμῶν
1049 2193 1222 2274 περίῦμῶν,
1247 2189 1354 2275 γεγρά-

113 2273 212 2354 ἀᾳιεῖλε
225 2271 359 2356 Ζαβδιήλ
376 2267 507 2354 ὁἈραιμ
519 2271 575 2354 τήν
589 2270 717 2354 κεφαλήν
747 2296 841 2353 φαμεν
865 2278 917 2338 καὶ
940 2273 1017 2358 πρὸς
1042 2275 1115 2357 ὑμᾶς
1141 2274 1224 2348 ὅπως
1249 2275 1353 2357 εἰδῆτε.

111 2351 315 2435 Ἀλεξάνδρου,
342 2353 393 2417 καί
404 2352 557 2418 ἀπέστειλε
569 2359 614 2436 τῷ
629 2360 717 2418 Πτο-
747 2356 776 2396 11
801 2355 937 2440 βασιλεὺς
956 2355 1123 2482 Δημήτριος
1134 2356 1284 2421 Λασθένει
1308 2360 1354 2440 τῷ

113 2432 516 2520 λεμαίῳ.11καέῦβασιλεῦς
529 2436 717 2520 Πτολεμαῖος
746 2439 841 2522 πατρί
857 2444 975 2523 χαίρειν.
1013 2442 1027 2482 1
1055 2446 1099 2524 τῴ
1112 2445 1191 2506 ἔθνει
1202 2443 1264 2505 τῶν
1275 2438 1354 2504 Ἰου-

113 2521 266 2586 ἀπέθανεν
292 2523 322 2582 ἐν
334 2524 371 2612 τῇ
386 2518 479 2624 ήμέρηι
493 2524 532 2615 τῇ
544 2525 641 2604 τρίτη,
665 2522 716 2584 καί
747 2522 839 2584 δαίων
851 2522 948 2602 φίλοις
963 2521 1043 2607 ήμῶν
1060 2528 1111 2589 καί
1123 2528 1302 2608 συντηροῦσι
1313 2521 1354 2589 τά

113 2611 145 2671 σί
156 2602 237 2678 ὄντες
250 2606 281 2668 ἐν
293 2615 357 2676 τοῖς
376 2601 562 2707 ἀχυρισμασιν
575 2593 716 2668 ἀάῶλον·
747 2600 824 2687 πρὸς
842 2600 917 2688 ήμᾶς
939 2608 1039 2672 δίκαια
1064 2611 1215 2693 ἐκρίναμεν
1232 2607 1354 2683 ἀγαθο-

111 2713 149 2751 το
162 2685 222 2751 ῦπὸ
236 2689 297 2750 τῶν
307 2687 340 2750 ἐν
352 2699 415 2761 τοῖς
427 2681 605 2774 οχυρῶμασι.
631 2688 716 2750 11καί
746 2691 885 2769 ποιήσαι,
910 2686 995 2776 χάριν
1008 2694 1060 2774 τής
1076 2694 1107 2768 ἐξ
1124 2689 1226 2756 αὐτῶν
1237 2691 1352 2764 εὐνοίας

111 2769 280 2856 ἐβασίλευσε
299 2764 466 2854 Δημήτριος
484 2774 569 2845 ἔτους
588 2768 715 2856 ἑβδόμου
746 2771 825 2873 πρὸς
837 2767 921 2875 ημᾶς.
961 2772 992 2816 ³⁴
1006 2768 1169 2858 ἐστύκαμεν
1182 2763 1236 2838 οῦν
1248 2771 1354 2846 αὐτοῖς

111 2856 163 2917 καί
180 2853 343 2934 ἑξηκοστοῦ
360 2855 411 2917 καί
429 2855 601 2918 ἑκατοστυῦ.
639 2856 670 2897 ²⁰
684 2855 715 2917 ἐν
746 2877 785 2917 τα
791 2879 822 2917 τε
834 2860 961 2940 οριατής
967 2854 1115 2932 Ἰουδαίας
1128 2859 1179 2922 καί
1191 2855 1263 2931 τοῦς
1276 2866 1353 2942 τρεῖς

112 2947 178 3010 ταῖς
190 2931 313 3020 ἡμέραις
330 2939 450 3012 ἐκείναις
468 2932 630 3020 συνήγαγεν
645 2935 714 3002 Ἰυι-
746 2936 1064 3023 νομοὺς,Ἀφαίρεμα,
1076 2945 1128 3006 καί
1139 2937 1274 3014 Λύδδαν,
1300 2940 1353 3003 καί

111 3015 212 3083 νάθαν
226 3016 298 3094 τοὺς
311 3021 344 3082 ἐκ
357 3024 410 3103 τῆς
419 3017 583 3096 Ἰουδαίας,
595 3024 652 3086 τοῦ
665 3024 715 3084 ἐκ·
742 3019 915 3105 Ῥαμαθέμ,
953 3030 1060 3099 αἵτινες
1076 3026 1300 3108 προςετέθησαν
1312 3025 1352 3116 τῇ

110 3103 274 3185 πολεμῆσαι
286 3101 339 3185 τήν
351 3103 446 3188 ἀκραν
455 3102 510 3187 τήν
521 3100 713 3191 ἐνἸερουσα-
741 3104 880 3188 Ἰουδαίᾳ
898 3105 961 3170 ἀπὸ
978 3113 1031 3192 τῆς
1047 3109 1274 3194 Σαμαρείτιδος,
1299 3107 1353 3170 καί

109 3182 178 3267 λήμ,
205 3186 257 3250 καί
269 3188 404 3269 ἐποίησεν
416 3185 460 3252 ἐπ’
478 3187 570 3290 αὐτην
581 3186 714 3274 μηχανὰς
744 3184 846 3254 πάντα
869 3189 909 3253 τά
931 3195 1139 3277 συγκυροῦντα
1150 3191 1256 3266 αὐτοῖς
1274 3194 1352 3254 πᾶσι

109 3264 233 3343 πολλάς.
260 3272 287 3312 11
300 3272 351 3335 καί
364 3270 571 3356 ἐπορεύθησαν
582 3297 655 3348 τινες
666 3299 713 3354 μι-
744 3283 808 3347 τοῖς
820 3269 1017 3352 θασιάζουσιν
1030 3280 1070 3379 εἰς
1078 3271 1287 3360 Ἱεροσόλυμα,
1300 3271 1352 3336 ἀν·

110 3356 225 3427 σοῦντες
237 3350 274 3418 τδ
291 3356 378 3430 ἔθνος
391 3354 491 3421 αὐτῶν
504 3354 604 3442 ἀνδρες
615 3351 713 3437 παρά·
744 3358 775 3420 τί
788 3361 849 3420 τῶν
860 3358 1020 3442 βασιλικῶν
1038 3381 1080 3420 οιν
1091 3355 1252 3443 ἐλάμβανεν
1264 3355 1282 3418 ὁ
1293 3359 1353 3441 βα-

109 3459 197 3515 νομυι
210 3437 287 3517 πρὸς
300 3435 352 3499 τὸν
362 3437 499 3519 βασιλέα,
510 3443 561 3502 καί
573 3435 714 3520 ἀπήγγει-
746 3437 844 3511 σιλεῦς
862 3437 932 3522 παρ’
959 3438 1062 3503 αὐτῶν
1080 3437 1263 3522 τοπρότερον
1284 3434 1349 3500 κατ’

109 3516 167 3581 λαν
180 3512 273 3598 αὐτῷ,
293 3513 502 3581 ὅτιἸωνάθαν
513 3516 712 3603 περικάθηται
745 3519 880 3585 ἐνιαυτὸν
893 3519 957 3586 ἀπὸ
968 3527 1028 3585 τῶν
1035 3521 1221 3603 γεννημάτων
1232 3524 1286 3604 τῆς
1297 3522 1353 3603 γής

110 3596 165 3678 τήν
179 3596 284 3677 ἀκραν.
310 3600 339 3639 11
352 3600 405 3663 καί
422 3597 555 3675 ἀκούσας
567 3600 711 3684 ὠργίσθη.
745 3604 796 3665 καί
817 3599 881 3666 ἀπὸ
904 3609 966 3667 τῶν
986 3601 1171 3689 ἀκροδρύων.
1198 3600 1351 3667 11καίτά

110 3676 151 3755 ῶς
163 3679 194 3745 δὲ
212 3680 347 3759 ήκουσεν,
357 3681 469 3757 ιῦθέισς
489 3681 651 3759 ἀναζεύξας
660 3675 713 3765 ήλ-
745 3684 825 3750 ἀλλα
839 3681 879 3748 τά
892 3682 1042 3769 ἀνήκοντα
1062 3685 1131 3770 ἡμῖν
1152 3685 1285 3753 ἀπὸτοῦ
1298 3690 1351 3751 νῦν

108 3774 163 3830 θεν
175 3768 214 3838 εἰς
225 3763 432 3846 Πτολεμαίδα,
442 3768 493 3830 καί
504 3770 636 3850 ἔγραψεν
645 3764 712 3831 ’lm-
744 3773 805 3832 τῶν
816 3769 951 3834 δεκατῶν
963 3772 1015 3833 καί
1027 3774 1088 3835 τῶν
1101 3770 1193 3834 τελῶν
1204 3775 1266 3834 τῶν
1280 3767 1351 3854 ἀνη·

108 3843 223 3925 νάθαν,
250 3853 304 3911 τοῦ
315 3847 356 3930 μή
373 3853 599 3932 περικαθήσθαι
619 3853 657 3941 τῇ
675 3848 713 3914 ἀ·
744 3848 857 3916 κόντιυν
868 3848 946 3934 ἡμῖν,
953 3855 1005 3916 καί
1015 3851 1070 3929 τὰς
1080 3859 1139 3919 τοῦ
1153 3851 1225 3927 ἁλὸς
1238 3853 1351 3953 λίμνας,

108 3957 178 4015 κρᾳ,
194 3932 245 3997 καί
262 3935 321 3995 τοῦ
333 3929 502 4014 ἀπαντῆσαι
516 3931 608 3999 αὐτὸν
626 3932 712 4016 αὐτῷ
744 3937 797 4000 καί
815 3934 886 4008 τοὺς
903 3933 1069 4019 ἀνήκοντας
1091 3933 1158 4019 ήμῖν
1177 3961 1348 4016 στεφάνους,

110 4020 276 4096 συμμίσγειν
292 4018 330 4089 είς
345 4016 538 4096 Πτολεμαΐδα
555 4013 609 4100 τήν
628 4023 712 4100 ταχί-
744 4013 844 4083 πάντα
880 4022 1019 4104 ἐπαρκῶς
1056 4027 1194 4107 παρίεμεν
1233 4018 1346 4094 αὐτοῖς.

109 4120 189 4177 στην.
214 4095 287 4174 23ῶς
299 4098 330 4163 δὲ
344 4097 468 4182 ήκουσεν
479 4097 640 4176 Ἰωνάθαν,
648 4103 713 4165 ἐκέ·
746 4102 774 4144 11
787 4103 839 4165 καί
851 4101 907 4165 οῦκ
920 4098 1140 4188 ἀθετηθήσεται
1153 4101 1224 4169 οῦδὲ
1233 4108 1264 4166 ἐν
1276 4099 1350 4167 τού-

108 4177 192 4243 λευοε
203 4189 436 4283 περικαθήσθαι,
459 4185 511 4247 καί
522 4183 638 4258 ἐπέλεξε
650 4187 712 4248 τῶν
744 4210 805 4250 τιον
817 4183 881 4250 ἀπὸ
898 4190 956 4250 τοῦ
972 4192 1025 4250 νῦν
1042 4189 1093 4253 καί
1105 4193 1146 4263 είς
1164 4187 1218 4252 τὸν
1229 4182 1349 4250 ἀπαντα

107 4266 314 4347 πρεσβυτέρων
322 4264 448 4351 Ἰσραήλ
464 4268 515 4331 καί
527 4271 587 4330 τῶν
600 4268 711 4348 ἱερέων,
742 4267 858 4352 χρόνον.
896 4270 926 4312 11
940 4274 992 4334 νῦν
1016 4260 1072 4336 οῦν
1096 4271 1270 4354 ἐπιμελεσθε
1292 4271 1348 4332 τοῦ

108 4347 159 4408 καί
171 4347 278 4409 ἔδωκεν
290 4347 397 4411 ἑαυτὸν
407 4354 453 4433 τρῦ
466 4343 599 4431 κινδύνῳ.
622 4349 712 4416 11καί
743 4356 867 4435 ποιῆσαι
879 4348 997 4418 τούτων
1009 4353 1205 4440 ἀντίγραφον.
1232 4352 1284 4414 καί
1295 4351 1348 4416 δο·

107 4425 208 4527 λοβῶν
220 4423 361 4513 ἀργύριον
377 4434 429 4497 καί
444 4438 566 4519 χρυσίον
578 4433 629 4496 καί
642 4437 712 4515 ίμα-
743 4435 833 4519 θήτσι
848 4432 1016 4513 Ἰωνάθαν,
1036 4439 1094 4513 ,καί
1116 4430 1237 4535 τεθήτω
1256 4438 1288 4499 ἐν
1306 4439 1350 4518 τῷ

108 4534 212 4594 τισμον
227 4515 279 4578 καί
296 4517 382 4598 ἕτερα
394 4516 474 4590 ξένια
492 4515 625 4596 πλείονα,
638 4521 712 4584 ἐπο-
727 4575 729 4579 .
744 4515 805 4604 ὄρει
817 4523 861 4601 τῷ
875 4517 950 4603 ἁγίῳ
964 4525 994 4585 ἐν
1006 4517 1092 4604 τόπῳ
1106 4521 1250 4603 ἐπισήμῳ.
1262 4518 1352 4584 11καί

828 4619 913 4696 qu
1296 4600 1350 4667 εἶδε
