2924 4972
335 250 636 313 ΒΑΣΙΛΕΙΩΝ
668 251 905 315 ABYTEPA
946 254 1023 329 Κεφ.
1038 246 1076 315 α’.
1092 255 1120 318 1.
1286 258 1351 322 3οῖ

403 451 1055 564 ΒΑΣΙΛΕΙΩΝ

554 602 903 670 ΔΕΥΤΕΡΑ

293 789 329 848 K
338 789 368 847 Β
381 788 420 848 Φ.
463 781 520 850 A'.
750 779 858 849 αὑτῶν.
883 781 1356 869 111ιιαίέοίφιεντοκαίἔκλαυσαν

105 835 188 936 Καί
222 869 336 946 ἐγένετο
369 865 443 949 μετὰ
477 868 515 933 τὸ
547 866 714 934 ἀποθανεῖν
751 863 989 972 καίένηοτευσαν
1005 871 1060 941 έως
1076 868 1171 971 δείλης
1188 868 1239 935 ἐπί
1249 866 1356 935 Σαοὺλ

106 951 222 1028 Σαοὺλ,
240 952 293 1016 καί
306 951 404 1017 Δαυίδ
416 948 580 1039 ἀνέστρεφε
591 947 714 1017 τύπτων
752 952 804 1015 καί
816 950 867 1014 ἐπι
882 944 1032 1014 Ἰωνάθαν
1046 948 1100 1013 τὸν
1116 955 1182 1016 υίον
1193 950 1291 1018 αὐτοῦ
1302 955 1355 1019 καί

105 1035 158 1100 τὸν
176 1031 319 1119 Ἀμαληκ,
343 1036 396 1099 καὶ
415 1030 540 1100 ἐκάθισε
562 1035 661 1099 Δαυίδ
682 1037 713 1100 ἐν
753 1032 805 1096 ἐπί
817 1030 870 1096 τὸν
883 1026 1069 1096 λαδνἸοάδα
1080 1034 1132 1097 καί
1144 1033 1196 1097 ἐπί
1204 1031 1259 1100 τδν
1271 1034 1355 1103 olm

105 1118 235 1184 Σεκελάκ
259 1114 368 1202 ἡμέρας
393 1111 456 1181 δύο.
481 1120 561 1182 2καί
585 1114 712 1220 ἐγεννχθη
748 1110 888 1201 Ἰσραὴλ,
915 1109 963 1179 ὅτι
980 1108 1152 1197 ἐπλήγησαν
1168 1116 1353 1201 ἐνρομφσῖη.

106 1207 144 1296 τῇ
158 1199 251 1286 ἡμέρῳ
268 1203 306 1292 τῇ
323 1203 408 1292 τρίτη
425 1200 476 1263 καί
489 1197 554 1265 ἰδοὺ
571 1197 644 1283 ἀνὴρ
658 1199 714 1282 ηλ-
751 1198 780 1238 ¹³
791 1197 843 1261 καί
868 1195 930 1263 εἶπε
948 1196 1046 1262 Ααυὶδ
1068 1199 1114 1279 τῷ
1128 1197 1288 1299 ,παιδαρίῳ
1310 1206 1355 1282 τῷ

106 1296 161 1350 θεν
178 1285 282 1364 ἕκτης
303 1281 492 1366 παρεμβολῆς
514 1284 546 1345 ἐκ
563 1285 619 1345 τοῦ
637 1280 713 1346 λινοῦ
753 1277 969 1358 ἀπαγγελλοντι
982 1276 1075 1361 αάτῳ.
1093 1286 1191 1341 ποθεν
1202 1277 1230 1342 ελ
1240 1304 1292 1358 ους
1305 1283 1356 1346 καί

106 1365 231 1441 Σαοὺλ,
250 1365 301 1427 καί
313 1362 354 1427 τά
368 1361 471 1445 ίμάτια
484 1361 580 1428 αὐτοῦ
593 1364 714 1449 διεβρω-
752 1360 837 1428 εἶπεν.
863 1360 929 1438 υίὸς
943 1359 1049 1446 ἀνδρὸς
1065 1385 1110 1426 πα
1149 1356 1355 1447 ίκουἈμαλη-

107 1447 200 1528 γότα,
225 1447 278 1509 καί
288 1449 327 1529 γη
340 1446 392 1510 ἐπὶ
403 1449 455 1528 τῆς
467 1446 595 1528 κεφαλῆς
607 1447 712 1512 αὐτοῦ.
752 1451 837 1511 κίτου
849 1439 909 1524 ἐγῶ
923 1449 988 1529 είμι.
1001 1443 1088 1508 11καί
1099 1468 1111 1508 ε
1123 1469 1178 1508 πεν
1191 1439 1275 1528 αὐτῷ
1289 1450 1355 1511 Δα-

108 1532 162 1596 καί
187 1530 298 1607 ἐγένετο
322 1530 355 1592 ἐν
383 1533 428 1612 τῷ
458 1529 596 1603 είςελθεῖν
621 1525 713 1596 αὐτὸν
751 1529 808 1594 υίδ.
845 1533 912 1604 πῶς
935 1526 990 1592 οάκ
1022 1524 1174 1613 ἐφοβήθης
1199 1531 1356 1606 ἐπενεγκεθ

109 1610 186 1696 πρὸς
203 1611 308 1688 Δαυὶδ,
333 1614 384 1676 καί
400 1614 501 1678 ἀτεσεν
519 1614 569 1679 έπέ
586 1610 641 1698 τὴν
657 1617 713 1697 γῆν
750 1607 833 1697 χεῖρά
846 1637 900 1678 σου
918 1612 1092 1695 διαφθεῖραι
1108 1607 1162 1675 τὸν
1172 1610 1291 1695 χριστὸν
1302 1638 1355 1677 κυ-

110 1696 162 1759 καί
177 1689 388 1780 προςεκάνηοεν
405 1693 498 1780 αάτῳ.
534 1697 550 1738 ³
565 1700 617 1760 καί
634 1695 713 1762 εἶπεν
770 1701 816 1760 ιὀυ
822 1724 835 1774 ,·
847 1697 927 1759 “nal
938 1690 1156 1760 ἐκάλεσεΑαυίδ
1166 1699 1198 1758 θ
1210 1697 1271 1757 τῶν
1283 1720 1356 1761 παι-

109 1776 196 1861 αὐτῷ
219 1779 324 1842 Δαυίδ.
359 1775 456 1844 πόθεν
481 1776 520 1844 σά
544 1786 712 1874 παραγίνης
751 1720 863 1864 ἀαρίων
879 1775 992 1853 αὐτοῦ,
1016 1777 1069 1843 καί
1085 1774 1154 1843 εἶπε.
1180 1773 1355 1861 προςελθῶν

107 1858 239 1946 καίῦεἷπε
255 1861 332 1945 πρὸς
350 1857 451 1926 αὐτόν.
478 1864 510 1926 ἐκ
526 1866 580 1948 τῆς
597 1888 712 1949 παρεμ-
750 1857 921 1945 ἀπάντηοον
946 1859 1040 1945 αάτῴ.
1067 1862 1119 1925 καί
1130 1854 1278 1935 ἐπάταξεν
1298 1857 1355 1926 αὖ·

106 1944 197 2030 βολῆς
207 1941 327 2030 Ἰσραὴλ
340 1944 400 2023 ἐγῶ
413 1945 619 2028 διασέσωσμαι.
637 1945 713 2010 1καί
751 1942 804 2011 τὸν
822 1947 875 2009 καί
890 1944 1037 2010 ἀπέθανε.
1071 1944 1164 2007 11καί
1182 1939 1262 2008 εἶπεν
1276 1941 1354 2029 πρὸς

107 2027 185 2092 εἶπεν
197 2025 281 2112 αὐτῷ
293 2029 400 2093 Δαυίδ.
417 2035 462 2103 τίς
475 2026 494 2093 ὅ
507 2024 594 2106 λόγος
605 2020 711 2107 οὗτοςς
750 2024 843 2093 αὐτὸν
864 2027 970 2093 Δαυίδ.
997 2022 1035 2092 τὸ
1056 2021 1129 2109 αίμό
1151 2049 1205 2091 σου
1226 2026 1278 2091 ἐπί
1298 2024 1355 2111 την

107 2107 286 2188 ἀπάγγειλον
298 2136 358 2192 μοι.
384 2112 435 2175 καί
447 2110 535 2188 εἶπεν,
549 2107 598 2175 ὅτι
609 2115 714 2193 ἔφυγεν
749 2107 877 2194 κεφαλήν
890 2137 960 2188 σου,
986 2107 1034 2175 ὅτι
1050 2109 1086 2176 τὸ
1100 2104 1199 2214 στόμα
1212 2133 1266 2174 σου
1278 2106 1355 2176 ἀπε-

109 2187 125 2255 ὃ
140 2192 214 2268 λαός
226 2197 259 2257 ἐκ
279 2198 335 2257 τοῦ
351 2193 501 2274 πολέμου,
527 2196 579 2258 καί
590 2187 714 2258 πεπτῶ·
750 2199 841 2276 κρίθη
854 2192 932 2258 κατά
946 2197 1003 2258 σοῦ
1015 2191 1118 2272 λέγον,
1141 2192 1189 2257 ὅτι
1202 2191 1261 2270 ἐγὼ
1275 2195 1354 2259 ἐθα-

107 2301 193 2342 κασιν
203 2275 314 2340 πολλοὶ
326 2278 360 2340 ἐκ
371 2280 429 2338 τοῦ
442 2275 520 2340 λαοῦ
528 2276 581 2341 καί
592 2273 714 2340 ἀπέθα·
751 2272 873 2340 νάτωσα
885 2271 966 2381 τὸνχ
986 2272 1066 2341 mbr
1077 2283 1191 2361 κυρίου.
1217 2277 1245 2318 ¹⁷
1257 2276 1309 2341 καί
1321 2278 1353 2341 ί·

107 2383 171 2435 νον,
196 2360 247 2422 καί
264 2357 370 2422 Σαοὺλ
386 2359 439 2422 καί
451 2354 607 2424 Ἰωνάθου
619 2355 637 2423 ὅ
650 2355 713 2433 υίὸς
751 2352 828 2442 θρὴν
848 2381 879 2422 σε
887 2301 986 2422 Δαυιά
996 2357 1049 2422 τὸν
1057 2363 1172 2443 θρῆνον
1181 2364 1291 2423 τοῦτον
1302 2359 1355 2424 ἐπί

109 2438 205 2503 αὐτοῦ
218 2438 362 2504 ἀπέθανε.
397 2442 411 2482 ⁶
424 2441 475 2503 καί
487 2439 549 2504 εἷπε
561 2441 659 2505 Λαυίδ
669 2446 713 2523 τῷ
751 2385 856 2504 Σαοάλ
867 2441 919 2502 καί
930 2443 980 2503 ἐπί
992 2435 1141 2503 Ἰωνάθαν
1152 2438 1206 2503 τὸν
1218 2436 1285 2504 υίὸν
1296 2437 1354 2504 αά-

108 2522 260 2602 παιδαρίῳ
292 2525 336 2602 τῷ
372 2518 590 2598 ἀπαγγέλλοντι
621 2519 713 2607 αὐτῷ.
751 2526 817 2597 τοῦ,
841 2522 870 2562 ¹⁸
883 2519 1007 2584 καίεῖπε
1025 2524 1082 2584 τοῦ
1094 2518 1209 2594 διδάξαι
1223 2516 1294 2593 τοὺς
1306 2524 1354 2585 υί-

108 2609 175 2679 πῶς
187 2603 271 2677 οἶδας
283 2599 331 2668 ότι
342 2600 576 2686 τέθνηκεΣαοὺλ
588 2604 639 2669 καί
647 2602 714 2669 Ἰω-
752 2603 803 2678 οὺς
813 2600 923 2668 Ἰούδα.
950 2599 1014 2667 ἰδοὺ
1039 2603 1207 2728 γέγραπτμι
1233 2604 1284 2665 ἐπί
1307 2605 1354 2688 βι.

109 2683 210 2752 νάθαν
231 2682 248 2750 ὁ
271 2684 334 2762 υίὸς
356 2683 468 2766 αὐτοῦς
493 2688 573 2752 θκαί
594 2686 656 2752 είιτε
676 2687 713 2753 τὸ
750 2688 835 2773 βλίου
858 2691 918 2752 τοῦ
934 2683 1053 2758 εὖθοῦς.
1079 2688 1092 2726 1
1121 2683 1276 2767 στηλωσον
1293 2682 1354 2751 Ἰσ-

107 2765 267 2855 παιδάριον
276 2768 312 2834 τὸ
323 2767 517 2847 ἀπαγγέλλον
528 2769 623 2836 αάτῶ.
631 2796 713 2857 περι·
751 2768 829 2878 ραηλ
852 2766 928 2857 ὑπὲρ
951 2773 1012 2833 τῶν
1032 2763 1221 2853 τεθνηκότων
1244 2769 1295 2832 ἐπὶ
1315 2764 1355 2833 τά

107 2849 245 2937 πτώματι
269 2855 443 2939 περιέπεσον
469 2858 556 2939 ἐντῶ
581 2837 642 2941 ἀρει
667 2860 713 2939 τῶ
752 2874 817 2939 υψη
830 2880 883 2920 σου
895 2856 1091 2957 τραυματιῶν.
1105 2857 1170 2927 πῶς
1182 2854 1290 2915 ε”πεσαν
1301 2851 1353 2916 δυ-

106 2936 249 3023 Γελβουὲ,
263 2941 314 3002 καί
327 2935 393 3002 ἰδοὺ
402 2937 507 3003 Σαοὺλ
519 2935 710 3044 ἕπεοτίχρικτο
749 2944 850 3016 νατοί,·
876 2939 907 2980 ²⁰
937 2936 944 2957 ¹
963 2935 1150 3019 αναγγείλητε
1163 2937 1192 3000 ἐν
1204 2933 1289 3007 Γέθ,
1302 2936 1353 2999 καί

108 3022 158 3084 ἐπὶ
171 3019 207 3083 τὸ
220 3016 293 3105 δόρυ
306 3018 410 3098 αὐτοῦ,
418 3024 469 3085 καί
483 3020 546 3087 ἲδοά
560 3022 601 3088 τά
612 3049 710 3126 αρμα-
748 3022 787 3106 μὴ
800 2965 1027 3103 εὖαγγελίόησθε
1051 3023 1082 3085 ἐν
1094 3029 1162 3094 ταῖς
1175 3014 1284 3094 ἐξόδοις
1302 3013 1353 3084 'A—

105 3127 147 3167 τα
171 3105 221 3167 καί
247 3107 278 3168 οἱ
291 3099 440 3189 ἱππάρχαι
454 3109 591 3209 συνηψαν
615 3110 708 3188 αυτῷ.
749 3101 914 3180 οκάλωνος,
939 3098 979 3189 μη
992 3129 1067 3168 ποτε
1083 3100 1276 3188 εὐφρανθῶσι
1293 3111 1353 3165 θυ-

107 3187 121 3228 ⁷
133 3188 184 3250 καί
201 3188 360 3272 ἐπέβλεψεν
378 3189 429 3251 ἐπὶ
446 3186 485 3252 τά
504 3194 602 3254 οπίοω
614 3187 708 3254 αὐτοῦ
746 3191 866 3274 γατέρες
878 3182 1109 3269 ἀλλοφύλωνμη
1122 3210 1194 3251 ποτε
1206 3181 1353 3261 ἀγαλλιά-

106 3271 158 3332 καί
169 3268 229 3334 εἶδέ
239 3294 273 3351 με
279 3319 289 3346 ,
312 3272 364 3333 καί
375 3265 499 3336 ἐκάλεσέ
508 3297 552 3353 με,
565 3273 618 3336 καί
630 3271 708 3337 εἶπα.
749 3296 860 3337 σωνται
877 3273 1041 3352 θυγατέρες
1057 3274 1119 3333 τῶν
1137 3263 1351 3350 ἀπεριτμὴτων.

107 3351 172 3415 ἐδοὺ
193 3349 261 3426 ίγῶ.
288 3352 368 3415 11καί
386 3351 450 3415 εἶπέ
462 3377 523 3433 μοι.
549 3360 595 3427 τίς
612 3353 641 3417 εί
656 3351 710 3432 σό,·
748 3352 844 3436 21όρη
868 3352 908 3414 τὰ
934 3355 963 3414 ἐν
976 3349 1107 3434 Γελβουὲ
1127 3347 1166 3449 μίχ
1191 3346 1353 3433 καταβάτω

107 3434 159 3495 καί
172 3431 250 3495 εἶπα.
270 3429 464 3514 Ἀμαληκίτης
480 3431 539 3510 ἐγώ
551 3440 614 3515 εἰμι.
641 3437 712 3499 9καὶ
748 3432 855 3520 δρόσος
867 3436 918 3497 καί
929 3431 969 3515 μη
990 3428 1073 3504 ἀετὸς
1085 3428 1129 3510 ἐφ’
1153 3434 1237 3510 υμᾶς,
1251 3433 1303 3494 καὶ
1315 3428 1353 3494 ἀ-

108 3513 170 3578 είπε
193 3511 269 3600 πρὸς
290 3519 335 3597 μέ.
362 3518 453 3595 στῆθι
474 3513 511 3599 δη
529 3514 630 3580 ἐπάνω
652 3544 711 3599 μου
749 3519 817 3603 γροί
830 3514 987 3599 ἀπαρχῶν,
1007 3509 1054 3578 ὅτι
1067 3515 1127 3576 ἐκεῖ
1136 3517 1353 3598 προςιοχθίσθη

106 3600 159 3663 καί
183 3591 363 3662 θανάτωσόν
388 3621 433 3679 με,
460 3592 507 3661 ὅτι
532 3601 653 3681 κατέσχε
676 3625 711 3682 με
749 3597 856 3684 θυρεὸς
872 3599 1015 3663 δυνατῶν.
1053 3590 1160 3684 θυρεὸς
1178 3592 1284 3660 Σαοὺλ
1296 3592 1352 3660 οὐκ

107 3677 215 3756 σκότος
228 3676 382 3758 δεινὸνῶτι
395 3683 478 3744 πᾶσα
491 3676 601 3764 ἦψυχή
612 3706 669 3760 μου
681 3685 713 3746 ἐν
750 3686 874 3767 ἐχρίοθη
900 3684 932 3745 ἐν
962 3679 1062 3746 ἐλαίω.
1102 3684 1132 3723 ²²
1145 3676 1197 3762 ἀφ’
1226 3683 1352 3763 αἵματος

106 3770 178 3845 ἐμοί.
205 3767 234 3808 ¹⁰
248 3765 299 3827 καί
322 3765 448 3847 ἐπέστην
472 3761 516 3827 ἐπ’
547 3762 641 3829 αὐτὸν
661 3765 713 3828 καί
750 3768 941 3848 τραυματιῶν
963 3766 1015 3829 καί
1032 3748 1096 3830 ἀπὸ
1114 3764 1240 3839 στέατος
1263 3763 1352 3829 δυνα-

108 3844 292 3915 ἐθανάτωσα
310 3843 418 3924 αὐτὸν,
445 3841 493 3911 ὅτι
510 3844 591 3939 ᾔδειν
608 3843 655 3912 ὅτι
674 3844 711 3912 οὐ
750 3852 820 3922 τῶν,
832 3843 920 3922 τόξον
933 3845 1085 3913 Ἰωνάθαν
1102 3848 1157 3913 οὐκ
1174 3843 1352 3931 ἀπεστράφη

107 3931 225 4016 ζήσεται
244 3929 318 4012 μετὰ
331 3928 367 3996 τὸ
380 3943 476 3997 πεσεῖν
489 3926 593 3996 αὐτόν.
617 3933 669 3997 καί
681 3933 712 3995 ἔ·
749 3929 832 3996 κενὸν
856 3934 896 4008 εἰς
919 3929 957 3997 τά
986 3929 1105 4008 ὀπίσω,
1143 3934 1194 3996 καί
1217 3935 1352 4058 ρὀμφαία

108 4015 199 4100 λαβον
216 4014 252 4079 τὸ
271 4015 420 4099 βασιλεων
432 4013 468 4079 τὸ
487 4017 538 4080 ἐπί
555 4013 608 4099 τὴν
619 4041 711 4096 κεφα·
748 4013 855 4080 Σαοὺλ
869 4014 925 4081 οὐκ
942 4013 1095 4100 ἀνέκαμψε
1106 4011 1180 4098 κενη.
1207 4017 1220 4057 ²
1247 4013 1353 4080 Σαοὺλ

108 4096 163 4181 λην
181 4096 287 4174 αὐτοῦ,
313 4100 365 4162 καὶ
383 4096 436 4163 τὸν
453 4095 572 4182 χλιδόνα
589 4099 644 4166 τὸν
661 4101 711 4164 ἐπί
749 4101 800 4164 καί
815 4095 964 4166 Ἰωυάθαν
986 4103 1018 4163 οί
1042 4098 1222 4183 ἠγαπημένοι
1243 4102 1294 4163 καί
1311 4095 1353 4162 ῶ·

107 4184 164 4245 τοῦ
186 4186 339 4268 βραχίονος
363 4180 473 4257 αὐτοῦ,
512 4185 563 4247 καί
588 4179 712 4267 ἐνήνοχα
749 4193 829 4268 ραῖοι
856 4184 892 4250 οὐ
917 4186 1177 4271 διακεχωρισμένοι,
1203 4182 1353 4263 εὐπρεπεῖς

108 4261 188 4328 αάτά
199 4270 243 4347 τῶ
257 4271 348 4349 κυρίῳ
361 4292 418 4345 μου
432 4257 497 4330 ῶδε.
523 4270 548 4308 11
560 4267 611 4330 καί
624 4261 713 4349 ἐκρό-
748 4270 779 4331 ἐν
792 4270 830 4358 τῇ
843 4269 904 4352 ζωῇ
918 4267 1017 4333 αὐτῶν
1021 4318 1031 4344 ,
1056 4271 1107 4334 καί
1119 4273 1150 4332 ἐν
1167 4271 1210 4347 τῷ
1224 4259 1351 4345 θανάτῳ

107 4372 178 4429 τησε
196 4349 292 4411 Δαυίδ
305 4353 366 4412 τῶν
384 4353 511 4431 ἱματίων
533 4345 638 4423 αὑτοῦ,
663 4348 714 4411 καί
750 4347 851 4415 αὐτῶν
873 4340 910 4418 όύ
934 4353 1176 4435 διεχωρίσθησαν.
1205 4343 1279 4431 ὑπὲρ
1303 4343 1355 4408 ἀε-

107 4430 252 4514 διέβρηξεν
266 4427 356 4494 αὐτά.
383 4433 436 4495 καί
448 4432 557 4506 πάντες
569 4436 600 4496 οί
614 4430 715 4514 ἀνδρες
750 4428 820 4506 τοὺς
833 4440 959 4514 κοῦφοι,
978 4430 1116 4512 nal-{mio
1130 4432 1252 4500 λέοντας
1265 4433 1354 4508 ἐκρα-

108 4518 137 4577 οί
164 4510 223 4594 μετ>
250 4510 346 4577 αὐτοῦ
371 4513 524 4600 διέρρηξαν
547 4512 587 4579 τὰ
612 4508 715 4597 ἱμάτια
751 4510 853 4580 ταιῶθ
869 4542 937 4602 σαν.
963 4503 1291 4650 21θυγατέρεςἸοραρὶλ
1304 4503 1365 4649 ἐχεχίῚ

914 4616 932 4658 2
1283 4612 1340 4651 αοο
