2924 4972
362 266 639 331 Ανιοττοι
677 255 1030 361 προτιείποι.
1259 260 1322 325 173

70 384 122 446 καί
159 378 359 465 παρενεβαλον
391 384 431 453 ελς
468 373 675 462 Μαοουροάθ.
711 403 765 452 τας
781 372 851 450 τοὺς
867 378 1081 446 κατοικοῦντας
1098 375 1129 435 ἐν
1146 377 1184 464 τῇ
1203 377 1243 464 νη
1259 369 1320 457 πρὸ

71 466 99 507 ³¹
111 464 163 527 καί
185 460 307 555 ὰπῇραν
331 464 364 526 ἐκ
389 459 603 544 Μασουροὰθ,
627 463 678 526 καί
711 456 871 544 προςῶτεου
884 454 975 539 ὑμῶν,
988 458 1039 519 καί
1049 458 1173 537 ἐξαρεῖτε
1186 453 1238 529 τὰς
1251 482 1321 521 σκο-

71 545 270 631 παρενέβαλον
282 548 321 619 είς
333 550 466 609 Βαναία.
492 544 522 585 ³²
535 546 587 608 καί
598 541 679 636 ὰπῇ-
711 541 783 617 πιὰς
795 538 908 614 αὐτῶν,
930 542 982 604 καὶ
994 533 1096 602 πάντα
1109 535 1147 601 τὰ
1161 538 1267 602 εἴδωλα
1280 538 1319 603 τὰ

72 652 129 714 ραν
144 633 177 692 ἐκ
188 633 329 702 Βαναία,
354 630 405 691 καί
421 626 624 733 παρενεβαλον
640 630 679 700 είς
712 622 842 710 χωνευτὰ
867 619 966 687 αιἰτῶν
990 619 1131 685 ὰπολεῖτε
1156 617 1248 696 αὐτὰ,
1269 623 1320 686 καί

73 709 111 776 τὰ
138 710 207 815 ὄρος
224 706 356 787 Γαδνάδ.
382 711 411 752 33
429 736 479 774 και
496 707 621 802 ὰπηῗραν
645 712 679 773 ἐκ
712 701 815 782 πάσας
837 704 892 780 τὰς
924 701 1033 788 στήλας
1059 700 1160 768 αὐτῶν
1184 705 1319 787 ἐξαρεῖτε.

72 799 130 859 τοῦ
142 819 231 879 ορους
243 790 384 870 Γαδγὰδ,
408 796 460 858 καί
477 791 680 878 παρενέβαλον
713 791 743 833 33
766 791 820 853 καί
833 786 971 852 ἀπολεῖτε
988 784 1105 860 πάντας
1126 786 1195 861 τοὰς
1216 812 1319 851 κατοι·

74 871 282 962 είςἘτεβαθά.
318 876 350 919 33
364 877 415 941 καί
426 873 680 970 ὰπῇρανέξἘτε·
713 876 841 947 κοῶντας
858 870 912 953 τὴν
926 874 994 952 νην,
1021 870 1072 933 καὶ
1086 864 1272 952 κατοικησετε
1289 874 1322 935 ἐν

73 956 178 1085 βςαθὰ,
203 960 255 1024 καί
272 958 472 1044 παρενεβαλσν
484 964 524 1034 είς
533 951 678 1044 Ἐβραενά.
714 954 804 1047 αὐτῇ,
817 950 882 1036 ὰμῖν
890 951 949 1038 γὰρ
962 953 1078 1017 δέδωκα
1090 951 1121 1015 τ’
1130 976 1144 1014 ν
1154 956 1208 1035 γῆν
1219 950 1321 1017 αὐτῶν

117 1040 680 1145 καλὰπῇρανέξἘβρανὰ,καίπαρεν·
713 1043 744 1104 ἐν
763 1034 872 1123 κλήρῳ.
900 1036 931 1079 ⁶⁴
948 1038 1000 1099 καί
1015 1060 1072 1098 κατ
1148 1032 1322 1120 ρονομηοετε

75 1125 233 1210 έβαλονεῖς
244 1124 403 1189 ΓεσιῶνΓ
469 1174 477 1188 .
511 1127 542 1168 33
556 1125 678 1189 καὶαπ-
713 1122 833 1206 τίηννῆν
849 1117 952 1183 αὐτῶν
969 1121 1001 1182 ἐν
1018 1114 1118 1203 κλήρῳ
1134 1117 1212 1182 κατὰ
1225 1117 1323 1200 φυλὰς

75 1211 153 1299 η’ραν
175 1211 207 1271 ἐκ
224 1205 340 1271 Γεσιῶν
355 1204 408 1271 Γὰ
463 1253 474 1282 ,
500 1209 551 1270 καί
571 1230 681 1289 παρεν-
715 1201 816 1286 ὑμῶν,
839 1212 904 1277 τοῖς
927 1200 1042 1265 πλείοσι
1067 1200 1243 1284 πληθυνιῖτε
1267 1201 1322 1284 τίην

76 1291 187 1376 έβαλον
198 1293 230 1354 ἐν
242 1294 279 1380 τῇ
293 1285 393 1371 ἐρήμῳ
404 1296 469 1353 Σίν.
498 1291 551 1352 καί
563 1285 626 1351 ὰπῖ
716 1282 886 1389 κατάαηισιν
898 1282 937 1348 οὐ
942 1288 1008 1360 τῶν,
1030 1284 1083 1346 καί
1095 1294 1158 1358 τοῖς
1170 1279 1324 1349 ἐλάττοσιν

78 1376 111 1435 ἐκ
126 1376 180 1473 της
200 1365 309 1453 ἐρημου
321 1374 392 1445 Σίν,
416 1372 469 1435 καὶ
484 1372 593 1453 παρενέ
611 1309 684 1433 πλε
718 1369 895 1434 ἐλαττωοενε
907 1366 961 1450 τὴν
973 1360 1142 1450 κατάσχεσιν
1154 1362 1271 1441 αὐτῶν,
1283 1372 1323 1442 είς

79 1459 120 1527 εἰς
133 1477 190 1535 την
202 1456 309 1536 ἔρημον
322 1448 437 1539 Φαράν.
451 1448 528 1534 αἷίτη
540 1454 604 1517 ἐστὶ
615 1445 684 1517 Χά-
718 1448 738 1515 δ
750 1448 787 1517 ὰν
798 1450 905 1542 ἐξελθη
918 1449 955 1514 τὰ
968 1448 1061 1532 ὄνομα
1073 1448 1182 1525 αὐτοῦ,
1195 1451 1256 1514 ἐκεῖ
1265 1447 1322 1515 αδ-

80 1537 142 1618 δης.
176 1536 206 1576 ³⁷
219 1537 269 1597 καί
293 1531 414 1640 ὰπηραν
436 1537 468 1601 ἐκ
493 1530 607 1619 Κάδης,
631 1534 683 1600 καί
718 1540 772 1600 τοῦ
783 1537 878 1610 ἐσται,
892 1533 970 1599 κατὰ
984 1531 1080 1613 φυλὰς
1091 1538 1226 1619 πατριῶν
1239 1528 1323 1617 ὑμῶν

81 1616 330 1766 παρειηηβηιλονείς
352 1622 400 1724 Ωρ
418 1615 454 1684 τὰ
472 1616 543 1703 ὅρος
555 1618 682 1703 πλησίον
715 1614 951 1705 κληρονομῆσετε.
976 1615 1159 1698 “zaraim
1173 1614 1322 1699 ὰπολέοη-

80 1699 153 1785 γῆς’
213 1695 250 1781 ’μ
275 1701 305 1744 33
316 1702 367 1766 καί
380 1700 595 1791 ανέβηἈαρῶν
608 1698 626 1765 ὰ
640 1703 682 1767 λε-
715 1727 747 1766 τε
759 1702 829 1777 τοὺς
841 1704 1053 1775 κατοικοῦντας
1066 1701 1117 1764 ἐπὶ
1127 1703 1180 1781 τῆς
1191 1703 1245 1802 γης
1257 1697 1321 1763 ὰπδ

79 1783 144 1868 ρεὰς
153 1781 203 1850 διὰ
210 1780 431 1868 προςτὰγματος
440 1787 608 1872 κυρίου,καλ
620 1783 682 1850 ὰπ-
716 1779 878 1872 προςάπου
903 1779 993 1866 ὑμῶν,
1017 1783 1070 1847 καί
1091 1783 1176 1847 ἔσται
1197 1778 1250 1856 οὰς
1270 1776 1323 1847 ἐὰν

78 1871 183 1932 έθανεν
199 1871 260 1932 ἐκεῖ
271 1868 307 1932 ἐν’
317 1873 361 1953 τῷ
376 1873 608 1955 τεσσαρακοστῷ
624 1870 682 1933 ἔτει
716 1869 898 1950 καταλίπητε
922 1870 953 1944 ἐξ
979 1864 1099 1942 αὐτῶν,
1124 1860 1266 1939 σκόλοπες
1291 1868 1323 1930 ἐν

78 1955 132 2033 τῆς
145 1947 246 2027 ἐξόδου
267 1956 327 2016 τῶν
347 1956 421 2018 υἱῶν
438 1950 562 2040 Ἰσραὴλ
574 1957 607 2018 ἐν
627 1956 682 2034 ric
717 1965 779 2028 τοῖς
792 1950 963 2033 ὀφθαλμοῖς
980 1946 1075 2031 ὑμῶν,
1100 1951 1151 2015 καὶ
1166 1949 1280 2035 βολίδες
1292 1950 1322 2015 ἐν

77 2029 236 2112 Αένὰπτου
246 2038 292 2119 τῶ
298 2038 365 2140 μηνὶ
373 2042 417 2120 τῷ
426 2040 554 2120 πέμπτῳ
563 2039 617 2119 μιᾷ
626 2039 681 2100 τοῦ
718 2047 784 2111 ταῖς
795 2034 934 2119 πλευραῖς
947 2030 1036 2115 ὑμῶν,
1053 2035 1105 2097 καὶ
1117 2028 1322 2137 ἐηθρεάσουοιν

76 2113 170 2199 μηνός.
193 2118 224 2160 33
237 2122 289 2183 καί
297 2118 414 2203 Ααριὰν
428 2108 463 2224 {v
474 2124 565 2205 τριῶν
576 2120 628 2183 καί
640 2118 683 2181 εἴ·
718 2115 783 2201 ὑμῖν
794 2120 846 2182 ἐπὶ
857 2123 909 2199 τῆς
920 2121 988 2201 γῆς,
1013 2114 1057 2198 ἐφ’
1080 2111 1117 2201 ἢν
1128 2128 1206 2220 υμεῖς
1218 2141 1322 2180 κατοι-

75 2225 141 2263 κοσι
154 2201 206 2264 καί
217 2199 324 2265 ἑκατὸν
336 2205 421 2277 ἐτῶν,
434 2228 484 2266 οτε
496 2201 684 2282 ἀπέθνησκεν
717 2198 824 2284 κησενε.
850 2202 946 2264 33καὶ
967 2204 1048 2264 ἔσται
1070 2209 1182 2264 καθοτι
1205 2197 1321 2274 διεγνώ-

75 2281 169 2367 ἐνὪρ
182 2286 227 2366 τῶ
239 2282 309 2368 ὄρει.
332 2284 424 2349 40καί
435 2278 568 2357 ὰκοὰοας
580 2278 598 2346 ὃ
611 2290 683 2346 Χα·
718 2308 777 2348 κειν
788 2286 911 2365 ποιῆσαι
924 2279 1042 2357 αιἰτοὰς,
1054 2277 1171 2365 ποιήσω
1184 2277 1267 2364 ὑμᾶς.

75 2369 154 2440 νανίς
166 2358 570 2451 βαοεέεὰςἈρὰδ,καίοὰτος
582 2359 682 2447 κατῴ-
895 2371 969 2429 ΚΕ
982 2370 1021 2427 θ).
1062 2361 1146 2429 ΛΔ’.

75 2471 120 2510 κει
138 2452 170 2509 ἐν
188 2451 225 2522 γ’
243 2447 388 2521 Χαναὰν,
411 2442 682 2530 ὅτεείςεπορεὰοντο
720 2415 804 2513 Καὶ
828 2443 949 2528 ἐλάλησε
971 2442 1069 2528 κύριος
1083 2446 1159 2527 πρὸς
1178 2450 1323 2528 Μωυσῆν,

76 2531 110 2593 οῖ
122 2473 323 2610 υῖοὶέὰραιήλ.
349 2528 378 2569 ⁴¹
392 2530 444 2592 καί
455 2526 577 2608 ὰπῆραν
588 2525 683 2610 ἐξὪρ
721 2530 822 2605 λέγων.
848 2530 863 2568 ²
882 2526 1004 2589 έντειλαι
1022 2537 1086 2599 τοῖς
1103 2530 1178 2600 υῖοῖς
1191 2525 1324 2610 Ἰσραὴλ,

76 2616 136 2677 τοῦ
149 2608 252 2694 ὄρσεις,
279 2612 330 2673 καὶ
341 2599 541 2695 παρενέβαλον
560 2613 598 2682 είς
610 2610 684 2672 Σελ-
721 2614 772 2675 καί
783 2613 855 2696 ἐρεῖς
866 2605 944 2692 πρὸς
955 2601 1072 2680 αὐτούς.
1091 2603 1168 2689 ὑμεῖς
1180 2602 1325 2689 είςπορεά-

75 2688 171 2778 μιονά.
190 2693 279 2755 32καί
291 2690 412 2775 ἀπῆραν
424 2695 456 2757 ἐκ
467 2691 620 2774 Σελιιιανᾶ,
633 2695 684 2756 καί
721 2705 788 2759 ειτθε
800 2699 839 2768 εἷς
851 2691 904 2776 την
913 2694 969 2775 γῆν
985 2689 1127 2766 Χαναὰν,
1152 2687 1230 2773 αὕτη
1242 2693 1324 2756 ἐσται

74 2775 277 2862 παρενιβαλον
289 2781 328 2850 είς
337 2763 432 2840 ’(θινῶ.
460 2776 549 2841 33καί
562 2772 682 2863 ὰπῇραν
721 2775 786 2860 ὑμῖν
798 2782 837 2853 ελς
848 2775 1056 2861 κληρονομίαν,
1080 2779 1119 2858 γη
1130 2771 1260 2841 Χαναὰν
1272 2773 1325 2839 σιίν

75 2864 109 2925 ἐκ
126 2858 222 2933 Φινῶ,
247 2862 299 2923 καί
314 2859 515 2946 παρενέβαλον
527 2863 557 2924 ἐν
565 2855 679 2947 Ὠβῶθ.
718 2874 781 2938 τοῖς
794 2887 888 2947 οριοις
901 2884 1002 2943 αυτης.
1028 2860 1097 2923 3καὶ
1110 2863 1193 2924 ἑίτται
1208 2856 1273 2941 ὑμῖν
1285 2858 1321 2925 τὰ

75 2944 111 2985 ⁴⁴
124 2945 175 3007 καὶ
187 2941 307 3035 ὰπῇραν
320 2943 480 3030 ε’ξὨβιὰθ,
493 2945 545 3007 καί
556 2947 680 3029 παρενέ·
718 2946 815 3021 κλίτος
833 2944 870 3008 τὸ
889 2941 966 3029 πρὸς
981 2943 1051 3044 λίβα
1069 2941 1131 3007 ὰπὸ
1145 2940 1253 3027 ἐρημου
1267 2944 1324 3006 Σίν

75 3025 172 3128 βαλον
190 3028 220 3087 ἐν
237 3028 315 3102 Γαῖ’,
341 3031 372 3091 ἐν
387 3033 431 3110 τῷ
449 3029 544 3111 πέραν
557 3029 680 3091 ἐπὶτῶν
717 3034 772 3104 ἕως
794 3025 927 3113 ἐχόμενον
946 3026 1053 3107 Ἐδωμ,
1078 3027 1130 3090 καί
1150 3029 1232 3091 ἔσται
1258 3021 1324 3108 ὑμῖν

76 3105 293 3194 ορίωνΜωάβ.
320 3110 351 3154 ⁴⁵
365 3113 415 3176 καί
428 3110 549 3200 ὰπῇραν
561 3114 594 3174 ἐκ
606 3111 678 3185 Γαῒ,
717 3113 755 3176 τὰ
782 3109 852 3198 ὅρια
872 3109 948 3196 πρὸς
969 3110 1038 3197 λίβα
1061 3108 1125 3175 ὰπὸ
1142 3112 1248 3193 μέρους
1270 3112 1323 3192 τῆς

75 3194 129 3256 καί
157 3193 354 3278 παρενέβαλον
384 3199 422 3269 είς
452 3191 575 3280 Δαιβιὰν
599 3189 677 3258 Γάδ.
716 3192 871 3279 θαλάσσης
884 3200 936 3279 τῆς
951 3191 1061 3278 ὰλυκης
1074 3192 1138 3258 ὰπὰ
1153 3191 1318 3258 ὰυατολῶν.

76 3275 110 3317 ⁸⁶
122 3277 173 3338 καί
194 3276 315 3365 ὰπῇραν
333 3280 365 3341 ἐκ
384 3283 441 3342 Δαι
474 3279 504 3339 ’ν
521 3273 603 3354 Γὰδ,
628 3280 679 3341 καί
716 3279 797 3343 *nal
810 3278 948 3343 κυκλώσει
967 3274 1041 3357 ὑμᾶς
1059 3276 1098 3340 τὰ
1116 3273 1185 3360 ὅρια
1200 3274 1263 3340 ὰπὸ
1276 3275 1322 3339 λι-

74 3358 277 3441 παρενέβαλον
298 3362 329 3421 ἐν
350 3357 472 3433 Γέλμονν
490 3359 677 3444 Δεβλαθαίμ.
716 3360 770 3445 βὰς
781 3360 858 3444 πρὸς
867 3356 1014 3443 ὰνάβασιν
1021 3358 1169 3443 Ἀκραβίν,
1179 3362 1230 3422 καί
1241 3384 1322 3442 παρ·

73 3440 108 3482 ⁴⁷
122 3441 175 3501 καί
186 3438 305 3529 ὰπῇραν
317 3444 349 3502 ἐκ
362 3439 482 3523 Γελμιὰν
492 3442 678 3527 Δεβλαθαὶμ,
716 3440 864 3506 ελεύσεται
872 3439 993 3514 Ἐννὰκ,
1006 3442 1057 3504 καὶ
1069 3444 1151 3504 ἔσται
1165 3437 1183 3523 ἢ
1195 3441 1323 3516 διέξοδος

74 3522 130 3587 καὶ
142 3520 341 3604 παρενέβαλον
357 3525 407 3586 ἐπὶ
418 3523 457 3587 τὰ
475 3524 531 3608 ὅρη
542 3521 679 3609 τὰἈβα-
717 3523 812 3589 αὐτοῦ
833 3522 910 3604 πρὸς
931 3522 1000 3608 λίβα
1017 3520 1089 3585 Κάδ
1107 3549 1121 3596 ς
1136 3526 1191 3585 τοῦ
1204 3521 1322 3606 Βαρνίη,

74 3604 138 3708 ρὶμ,
152 3600 292 3667 ὰπέναντι
304 3608 427 3689 Ναβαῦ.
453 3606 487 3648 ⁴⁸
496 3608 547 3669 καί
558 3604 679 3688 ὰπῐραν
716 3611 767 3673 καὶ
779 3606 951 3684 ἐξελεύσεται
964 3610 1003 3680 εἰς
1015 3549 1137 3669 ἔπαυλιν
1144 3602 1247 3687 Ἀρὰδ,
1272 3607 1323 3670 καί

76 3683 143 3753 από
155 3685 250 3772 ὀρέων
257 3684 396 3772 Ἀβαρὶμ,
421 3690 472 3753 καί
484 3692 593 3770 παρενέ
609 3691 681 3752 αλον
716 3688 923 3777 παρελεύσεται
935 3688 1093 3770 Ἀοεμωνᾶ.
1119 3686 1133 3730 3
1146 3690 1198 3752 καὶ
1209 3682 1323 3753 κυκλῶ-

76 3773 129 3835 ἐπί
140 3771 259 3851 δυσμῶν
270 3769 386 3856 Μωὰβ,
399 3774 450 3837 ἐπί
463 3775 518 3835 τοῦ
529 3766 681 3855 Ἰορδάνου
718 3799 758 3839 οει
771 3774 809 3838 τὰ
827 3772 895 3859 ὅρια
913 3769 975 3838 ὰπὰ
990 3770 1137 3854 Ἀσεμωνυῖ
1153 3767 1323 3858 χειμάβρουν

76 3851 156 3918 κατὰ
164 3849 285 3936 Ἶεριχώ.
304 3856 336 3896 ⁴⁹
346 3857 396 3919 καί
408 3853 610 3939 παρενέβαλον
620 3881 681 3920 πα-
717 3854 947 3935 Αίγύπτου,καί
960 3859 1042 3921 ἔσται
1055 3852 1072 3938 η
1086 3856 1214 3932 διέξοδος
1228 3855 1246 3938 η
1258 3852 1321 3921 θά-

75 3937 117 4021 ρὰ
130 3936 182 4001 τὸν
191 3933 342 4021 Ἰορδάνην
359 3938 507 4019 ὰναμέσον
523 3935 679 4020 Αἰσιμῶθ,
718 3942 823 4006 λασσα.
856 3941 934 4004 6καί
951 3939 990 4003 τὰ
1010 3936 1079 4025 δρια
1095 3945 1147 4021 τῆς
1164 3935 1321 4024 θαλάσσης

76 4026 133 4094 έιος
155 4021 256 4085 Βελοᾶ
279 4017 315 4084 τὰ
339 4020 417 4086 κατὰ
439 4022 548 4105 δυσμὰς
565 4019 679 4108 Μωάβ.
718 4029 800 4089 ἔσται
814 4022 888 4105 ὑμῖν,
902 4019 1073 4105 ἢθάλασσα
1086 4018 1104 4107 ἢ
1116 4019 1226 4106 μεγάλη
1239 4021 1320 4107 ὃριεῖ,

75 4106 108 4148 ⁶⁰
121 4106 172 4168 καί
189 4098 313 4186 ἐλάλησε
330 4101 431 4188 κύριος
447 4103 523 4190 πρὸς
542 4112 680 4211 Μωυσην
716 4113 808 4172 τοῦτο
822 4111 905 4171 ἔσται
919 4103 986 4188 ὑμῖν
1002 4104 1041 4170 τὰ
1055 4103 1124 4190 ὅρια
1137 4113 1188 4191 της
1200 4104 1321 4172 θαλάσ-

76 4189 128 4252 έπί
145 4188 259 4269 δυσμῶν
271 4187 379 4275 Μωὰβ
393 4189 478 4273 παρὰ
494 4188 547 4254 τὰν
562 4187 680 4274 Ἰορδα·
718 4218 779 4274 σης.
806 4192 883 4254 7καλ
903 4195 995 4254 τοῦτο
1013 4193 1096 4257 ἔσται
1115 4186 1180 4273 ὑμῖν
1197 4191 1236 4252 τὰ
1249 4186 1320 4276 ὅρια

73 4295 130 4352 νην
142 4271 220 4334 κατὰ
234 4267 360 4355 Ἶεριχιὰ,
378 4271 479 4347 λέγων.
507 4269 679 4355 31λάλησον
716 4270 793 4359 πρὸς
804 4277 924 4360 βοβρἇν,
951 4271 1013 4338 ὰπὰ
1033 4279 1084 4358 τῆς
1101 4271 1255 4353 θαλάσσης
1268 4278 1320 4356 τῆς

73 4365 138 4426 τοῖς
152 4356 225 4426 υίοῖς
233 4351 371 4437 Ἰσραὴλ,
386 4356 436 4419 καί
449 4357 520 4440 ἐρεῖς
532 4355 608 4438 πρὸς
621 4354 679 4418 αὐ·
716 4353 840 4439 μεγάλης
870 4353 1095 4440 καταμετρησετε
1127 4355 1193 4436 ὑμῖν
1217 4352 1321 4428 αὐτοῖς

72 4431 155 4507 τοάς.
184 4433 259 4514 ὑμεῖς
277 4437 436 4520 διαβαίνετε
458 4434 511 4502 τὸν
525 4433 679 4520 Ἰορδάνην
718 4439 802 4523 παρὰ
816 4435 851 4503 τὸ
864 4438 934 4542 ὅρος
945 4438 981 4504 τὸ
994 4442 1072 4521 ὄρος.
1099 4438 1180 4535 3Ικαί
1190 4433 1252 4498 ὰπὸ
1264 4439 1321 4498 τοῦ

637 4517 643 4533 ‘
723 4520 739 4543 M

73 4522 114 4591 kk
126 4520 182 4600 νην
193 4513 329 4581 Χαναὰν.
352 4520 438 4584 32καί
452 4517 588 4584 ὰπολεῖτε
600 4545 679 4586 παν·
718 4547 808 4608 ορους
820 4518 854 4587 τὰ
873 4523 944 4610 ὰρος
961 4541 1191 4601 καταμετρησετε
1207 4515 1320 4586 αὑτοῖς,

1267 4595 1321 4667 ελο-
