2924 4972
160 242 223 305 ιοο
347 276 350 282 .
412 234 707 298 σΑεοισισοι
731 233 909 294 amru
949 235 1155 312 καιτοι.

156 359 274 454 ρούντεη
288 358 413 423 ἕκαστος
425 351 456 412 ἐκ
468 345 632 433 προςιύπσυ
645 350 700 410 τοῦ
713 371 764 409 κυ-
802 342 821 409 ὁ
840 345 911 422 θεὸς
928 352 971 430 τῷ
988 350 1087 412 Δαυίδ
1102 350 1153 411 καὶ
1168 345 1238 412 τάδε
1255 341 1415 434 προςθείη,

155 445 223 525 ρίου
237 438 342 500 αυτοῦ.
371 433 459 495 21καὶ
475 425 696 514 ληψομαιτούς
709 427 765 513 ἀρ-
803 433 827 491 εί
853 426 1058 514 ὑπολείψομαι
1084 433 1117 494 ἐκ
1135 425 1257 496 πάντων
1274 435 1337 495 τῶν
1355 438 1415 498 τοῦ

155 545 227 594 τους
238 542 296 598 μου
306 518 358 580 καί
368 511 421 579 τὸν
435 511 516 578 οἶνόν
525 539 582 595 μου
596 513 647 576 καί
657 508 765 575 τάθύ-
803 508 917 598 Νάβαλ
930 516 987 589 ίως
998 541 1022 578 π
1041 513 1084 576 ωῒ
1096 511 1246 597 οὐρούντα
1259 512 1337 599 πρὸς
1349 529 1414 581 τοῖ-

157 598 239 686 ματά
250 594 344 682 μουά
356 600 547 671 τέθυκατοῒς
563 600 696 680 κείρουσί
707 619 767 677 μου
803 618 865 680 χον.
903 595 932 639 ²³
945 599 997 661 καί
1015 539 1088 662 ελδεν
1098 595 1236 682 Ἀβιγαία
1248 595 1303 660 τὸν
1315 600 1416 664 Δαυίδ

155 684 196 753 τά
208 680 364 842 πρόβατα,
390 681 441 744 καὶ
457 675 544 744 διύσιο
562 676 641 743 αὐτά
655 672 766 760 ἀνδρά-
803 679 856 742 καί
868 681 990 745 ἔσπευσε
1005 681 1057 744 καί
1072 675 1271 764 κατεπήδησεν
1283 677 1347 743 ἀπὸ
1361 688 1415 764 της

157 795 217 846 σιν,
244 794 261 833 ο
305 763 359 840 οὐκ
379 762 448 828 οῖδα
460 761 558 827 πόθεν
576 765 650 840 είοίς
675 762 702 801 ¹²
715 762 766 823 καί
803 759 892 836 ἀνου,
917 763 968 826 καί
985 765 1085 828 ἔπεσεν
1102 759 1232 827 ἐνώπιον
1247 764 1346 827 Auum
1362 769 1415 830 ἐπὶ

156 848 393 937 ἀπεστράφησαν
404 840 445 910 τά
457 841 605 931 παιδάρια
616 842 715 908 Δαυίδ
727 847 766 917 είς
801 841 963 948 πρόςωπον
987 842 1094 927 αὐτῆς,
1125 847 1177 909 καί
1201 844 1414 948 προςεκύνησεν

156 935 228 1004 ὁδὸν
242 932 359 1006 αὐτῶν,
384 913 764 1029 καίάνίστρεῳανκαίῆλ-
803 931 888 1010 αυτῷ
901 929 952 992 ἐπί
963 925 1019 1010 τὴν
1030 932 1085 1011 γῆν
1122 927 1154 969 22
1168 929 1218 992 ἐπί
1231 927 1412 1007 τούςπαδας

156 1031 232 1094 θον,
257 1016 310 1081 καί
326 1008 498 1095 ἀνηγγειλαν
514 1036 558 1095 τῳ
571 1010 671 1075 Λαυίδ
687 1006 766 1073 κατὰ
803 1009 915 1086 αὐτοῦ,
932 1012 984 1074 καί
995 1010 1080 1076 εἶπεν.
1107 1012 1138 1075 ἐν
1151 1013 1216 1094 ἐμοί
1229 1007 1310 1097 κύριὲ
1321 1039 1379 1095 μου
1394 1012 1412 1099 ἢ

155 1097 328 1189 τάβηματα
344 1100 451 1160 ταῦτα.
490 1095 518 1136 ²²
531 1092 767 1159 καίείπεΔαυίδ
804 1091 905 1158 ἀδικία
916 1087 1341 1180 μοα,λαλησάτωδηῆδούλη
1355 1122 1412 1161 σου

155 1197 221 1262 τοῖς
246 1175 388 1267 ἀνδράσιν
405 1177 510 1244 αὐτού.
537 1173 678 1257 ζιύσασθε
696 1179 765 1239 ἕκα-
804 1182 843 1252 είς
860 1172 901 1240 τά
918 1164 984 1242 οὐτά
1003 1202 1075 1253 σου,
1097 1177 1149 1240 καὶ
1167 1176 1301 1242 ἀκουσον
1314 1174 1413 1255 λόγων

156 1294 225 1344 στος
237 1263 290 1352 την
302 1268 452 1351 ῥομφαίαν
464 1258 570 1329 αὐτοῦ.
596 1260 647 1325 καί
659 1257 766 1346 ἀνέβη-
803 1265 856 1343 τῆς
868 1256 974 1344 δούλης
986 1286 1051 1325 σου.
1068 1262 1098 1303 ²⁵
1107 1259 1147 1342 μη
1161 1258 1197 1344 δη
1208 1263 1315 1324 θέσθω
1329 1258 1346 1323 ὁ
1359 1259 1413 1327 κύ-

157 1375 212 1418 σαν
225 1348 326 1415 ὀπίσω
339 1346 440 1411 Δαυίδ
454 1339 496 1418 ὥς
511 1339 698 1428 τετρακόσιοι
711 1341 765 1406 ἀν·
804 1338 867 1429 ριύς
885 1369 944 1427 μου
960 1343 1085 1430 καρδίαν
1102 1342 1196 1408 αὐτοῦ
1216 1345 1265 1407 ἐπί
1282 1342 1335 1406 τὸν
1357 1344 1411 1411 ἀν-

156 1437 230 1523 δρες.
256 1432 308 1497 καί
326 1434 356 1494 σί
369 1423 515 1494 διακόσιοι
533 1423 678 1493 ἐκάθισαν
690 1424 765 1509 μετά
803 1437 932 1510 θρωπον
944 1424 998 1492 τάν
1011 1424 1114 1509 λοιμὸν
1127 1431 1252 1502 τοῦτον,
1273 1422 1320 1490 ὅτι
1334 1428 1412 1492 κατὰ

156 1523 219 1583 τῶν
229 1516 348 1580 σκευῶν.
361 1509 639 1596 2*καὶτἬβιγαίῳ
649 1509 767 1586 γυναικί
803 1510 839 1575 τὸ
859 1508 954 1592 ὄνομα
974 1507 1069 1574 αὐτοῦ
1087 1502 1179 1585 ούτός
1200 1513 1269 1575 ἐστι.
1297 1508 1412 1599 Νάβαλ

157 1533 495 1700 Νύβαλάπηγγιιλενὲύ
512 1599 573 1660 τῶν
586 1593 764 1698 παιδαρίων,
804 1591 1002 1676 ἀνομααύτῷ,
1028 1594 1080 1658 καί
1101 1589 1256 1697 ἀφροσύνη
1275 1591 1332 1673 μετ’
1356 1593 1411 1660 αὐ-

156 1685 257 1762 λίγιον.
284 1681 348 1745 ίδσυ
365 1679 465 1743 Δαυίδ
486 1674 655 1743 ἀπέστειλεν
674 1679 764 1754 αγγέ-
802 1681 875 1752 τοῦ,
902 1678 953 1741 καί
969 1672 1028 1753 ἐγώ
1048 1673 1176 1761 ᾗδουλη
1191 1702 1247 1746 σου
1267 1673 1321 1741 οὐκ
1334 1677 1412 1744 είδον

156 1767 226 1841 λοος
242 1766 338 1847 ἕκτης
351 1757 461 1847 ἔρημου
473 1758 632 1844 εὐλογῆσαι
645 1758 699 1823 τὸν
711 1753 764 1822 κύ-
802 1757 842 1826 τά
860 1756 1008 1886 παιδάρια
1022 1764 1078 1823 τοῦ
1096 1766 1200 1846 κυρίου
1216 1784 1275 1844 μου
1294 1755 1316 1824 ἀ
1335 1758 1412 1826 ἀπέ-

156 1873 223 1932 ριον
239 1845 339 1930 ἡμῶν,
366 1846 418 1909 καί
433 1842 570 1920 ἐξέκλινεν
589 1840 639 1906 ἀπ’
655 1840 763 1906 αὐτῶν.
802 1842 954 1917 στειλας.2
974 1845 1026 1908 καί
1035 1847 1088 1908 νῦν
1099 1840 1184 1928 κύριέ
1192 1868 1259 1924 μου,
1266 1845 1301 1921 ζῆ
1311 1840 1413 1928 κύριος

155 1934 183 1975 ¹⁶
195 1931 247 1995 καί
264 1933 295 1993 οἱ
312 1926 415 2012 ἀνδρες
429 1924 545 2003 ἀγαθοί
561 1921 630 2008 ἡμῖν
647 1923 764 2010 σφόδρα
802 1929 853 1990 καί
866 1929 901 2013 ζῇ
912 1922 931 2008 ἡ
944 1921 1023 2010 ψυχή
1037 1951 1100 2006 σου,
1119 1926 1223 2001 καθώς
1236 1909 1369 1992 ἐκάλυσέ
1381 1953 1413 1992 σε

156 2012 212 2079 οὐκ
222 2005 417 2076 ἀπεκάλυσαν
428 2004 514 2107 ημᾶς,
526 2005 596 2072 οὐδὲ
605 2007 764 2073 ἐνετείλαν-
802 2005 900 2118 κύριος
912 2014 968 2074 τοῦ
979 2007 1019 2092 μη
1037 2007 1135 2075 ἐλθεῖν
1152 2017 1192 2085 είς
1204 2003 1277 2094 οἶμα
1291 2008 1410 2087 ἀθῶον,

155 2122 192 2162 το
210 2092 279 2183 ἡμῖν
296 2090 383 2159 οὐδὲν
401 2116 503 2165 πασας
528 2090 583 2166 τὰς
602 2088 712 2176 ἡμέρας
729 2087 765 2166 ἀς
801 2118 852 2157 και
866 2087 966 2170 σώζειν
977 2092 1031 2177 την
1043 2087 1127 2198 ηεῖρά
1139 2118 1196 2159 σου
1215 2099 1271 2158 σοί.
1296 2095 1347 2158 καί
1360 2099 1414 2159 νῦν

155 2171 225 2284 δημεν
240 2174 311 2264 παρ’
332 2173 445 2250 αὐτοῖς.
471 2175 500 2217 ¹⁶
512 2176 564 2239 καί
582 2176 613 2239 ἐν
630 2180 676 2259 τῷ
691 2174 764 2241 εἶναι
801 2178 934 2254 γένοιντο
948 2170 989 2251 ὡς
1000 2177 1115 2262 Ναβαλ
1128 2179 1160 2241 σί
1176 2180 1283 2263 ἐχθροί
1294 2202 1348 2241 σου
1361 2181 1412 2242 καί

157 2268 233 2367 ημᾶς
251 2265 283 2325 ἐν
301 2259 399 2364 ἀγρῷ,
425 2254 466 2333 ὥς
489 2269 584 2342 τεῖχος
600 2247 678 2343 ἦσαν
696 2258 764 2343 περὶ
802 2261 860 2336 on
878 2265 994 2334 τοῦντες
1003 2265 1046 2343 τῷ
1058 2265 1151 2345 κυρίῳ
1159 2286 1217 2344 μου
1227 2256 1314 2323 κακά.
1325 2261 1412 2325 22καί

157 2351 234 2432 ημᾶς
254 2345 305 2409 καί
320 2367 378 2427 την
395 2337 488 2408 νύκτα
504 2344 556 2406 καί
574 2343 628 2427 την
652 2339 765 2429 ἡμέραν
801 2347 853 2406 νύν
860 2287 935 2429 λάβε
947 2340 1000 2426 τὴν
1017 2340 1154 2420 εὐλογίαν
1166 2341 1291 2427 ταύτην,
1314 2336 1351 2428 ἣν
1364 2344 1411 2408 ἐν·-

155 2427 258 2503 πάσας
269 2423 323 2504 τάς
333 2423 442 2513 ημίρας
454 2421 489 2502 ἀς
500 2414 603 2510 ἦμενπ
638 2423 647 2446 ’
662 2423 765 2499 αὐτοῖς
803 2423 902 2511 ήνοχεν
914 2422 932 2511 ἢ
946 2420 1039 2510 δούλη
1053 2451 1107 2491 σου
1117 2430 1162 2510 τῷ
1175 2433 1266 2514 κυρίῳ
1279 2451 1347 2513 μου,
1361 2424 1411 2491 καί

156 2518 362 2597 ποιμαίνοντες
374 2509 411 2575 τδ
426 2517 572 2593 ποίμνιον.
610 2515 623 2552 ¹
648 2510 765 2574 καίνύν
803 2507 905 2586 δαίσεις
923 2521 988 2586 τοῖς
1004 2510 1172 2595 παιδαρίοις
1188 2522 1252 2616 τοῖς
1264 2515 1411 2597 παρεστη-

156 2602 250 2676 γνοῖθι
264 2596 315 2661 καί
327 2596 369 2660 ἴδε
381 2592 418 2659 σύ
432 2601 464 2658 τί
476 2590 616 2696 ποιησεις,
635 2588 681 2659 ὅτι
695 2616 764 2657 συν-
802 2590 869 2658 κόσι
886 2597 933 2677 τῳ”
957 2599 1050 2680 κυρίῳ
1068 2619 1135 2676 μου.
1175 2595 1207 2638 ²⁸
1225 2619 1302 2699 αρον
1319 2592 1355 2678 δὴ
1374 2590 1411 2658 τὸ

156 2674 451 2761 τετιλεσταιὴκακία
462 2671 765 2780 είςτονκύρισνῆμῶν
802 2672 939 2759 ἀνύμημα
954 2681 1007 2760 τῆς
1024 2659 1134 2760 δούλης
1152 2702 1224 2752 σου,
1250 2703 1298 2742 στι
1313 2682 1412 2742 ποιῶν

156 2764 209 2830 καί
233 2766 273 2835 είς
297 2757 351 2823 τὸν
369 2758 452 2822 οἶκον
469 2756 580 2848 αὐτού,
605 2761 657 2823 καί
674 2782 764 2831 ουτος
802 2757 914 2844 ποιησαι
926 2755 1027 2847 κύριος
1039 2765 1085 2843 τῳ
1097 2766 1188 2846 κυρίῳ
1196 2786 1254 2842 μου
1264 2759 1348 2826 οἷκον
1357 2770 1410 2824 ’πι-

157 2843 221 2918 υίὸς
246 2837 362 2925 λοιμὸς,
388 2842 440 2905 καί
466 2837 522 2904 οὐκ
548 2844 612 2906 ἔστι
636 2838 764 2925 λαλῆσαι
803 2839 889 2921 στύν,
915 2837 963 2907 δτι
975 2839 1109 2926 πόλεμον
1126 2849 1231 2928 κυρίου
1242 2869 1301 2923 μου
1319 2840 1337 2906 ὁ
1356 2841 1411 2906 κύ-

156 2925 233 3014 πρὸς
245 2921 347 2990 αὐτόν.
373 2924 403 2967 ¹⁸
415 2925 468 2990 καί
479 2924 617 2989 ἔσπευσεν
628 2920 765 3010 Ἀβιγαία
803 2951 866 3011 ριος
882 2925 1016 3009 πολεμεῖ,
1041 2928 1093 2992 καί
1110 2932 1200 2992 κακία
1213 2925 1268 3012 οὐχ
1285 2922 1410 3016 εὐρεθιὶ-

156 3013 209 3075 κοιί
225 3010 317 3094 ἔλαβε
334 3008 504 3081 διακοσίους
521 3005 630 3092 ἀρτους
646 3002 764 3072 καὶδύο
803 3033 881 3074 σεται
895 3013 926 3074 ἐν
938 3012 986 3075 σοί
997 3006 1130 3077 πώποτε.
1168 3011 1198 3064 ²²
1211 3014 1262 3076 καί
1279 3005 1412 3101 ἀναστη-

156 3092 260 3171 ἀγγεῖα
273 3092 368 3164 οἴνου,
394 3090 446 3153 καί
458 3091 544 3154 πέντε
554 3090 699 3200 πρόβατα
711 3113 764 3154 πε-
803 3117 885 3157 σιται
909 3090 1073 3180 ἀνθρωπος
1097 3090 1293 3160 καταδιιύκων
1310 3120 1343 3160 σε
1358 3096 1411 3160 καί

157 3178 315 3258 ποιημὲνα,
346 3173 398 3236 καί
422 3175 508 3243 πέντε
532 3177 596 3256 οίφι
623 3171 764 3254 ἀλφίτου,
801 3176 896 3257 ζητῶν
909 3175 962 3260 την
974 3173 1072 3263 ῳυχην
1084 3203 1147 3254 σου,
1166 3179 1218 3242 καί
1231 3180 1314 3243 ἔσται
1328 3175 1410 3260 φυγὴ

156 3261 208 3324 καί
218 3253 313 3343 γόμσρ
328 3261 359 3321 ἓν
371 3256 531 3337 σταφίδος,
549 3258 601 3330 καί
612 3257 766 3332 διακοσίας
802 3264 903 3345 κυρίου
926 3287 986 3343 μου
1011 3262 1174 3346 ἐνδεδεμένη
1198 3263 1228 3325 ἐν
1244 3261 1340 3345 δεσμῷ
1357 3267 1410 3341 τῆς

155 3337 314 3417 παλάθας,
340 3343 391 3405 καί
401 3343 490 3405 ἔθετο
509 3341 560 3405 ἐπὶ
577 3339 649 3418 τούς
668 3339 763 3416 ἀνους.
801 3344 876 3428 ζωῆς
888 3342 976 3432 παρά
987 3352 1079 3432 κυρίῳ
1092 3349 1229 3448 τῷμθεῷ,
1248 3343 1391 3428 καὶψυχὴ

1220 327 1407 343 —----

1381 3432 1394 3444 N

156 3430 183 3468 ¹²
188 3429 239 3492 καί
251 3427 312 3492 είπε
322 3434 386 3500 τοίς
395 3424 564 3508 παιδαρίοις
575 3421 675 3509 αὐτῆς.
686 3449 764 3505 πρσ-
801 3429 918 3513 ἐχθρῶν
931 3454 987 3495 σου
1001 3430 1204 3512 σφενδονησεις
1217 3432 1248 3494 ἐν
1261 3433 1343 3513 μέσῳ
1357 3453 1409 3510 της

155 3506 319 3594 πορεύεσθε
341 3511 511 3594 ἔμπροσθέν
525 3532 600 3591 μου,
627 3510 678 3571 καί
697 3504 762 3571 ίδού
801 3508 969 3613 σφενδόνης.
1008 3513 1040 3556 ²⁰
1052 3512 1105 3577 καί
1126 3515 1210 3578 ἔσται
1230 3509 1281 3576 ὅτε
1298 3506 1409 3599 ποιηση

155 3596 214 3671 ε’γώ
227 3592 324 3660 ὐπίσιο
337 3589 420 3674 ὐμῶν
431 3595 644 3675 παραγίνομαι,
658 3591 711 3655 καὶ
719 3595 764 3673 τῷ
800 3620 900 3681 κυρισς
912 3599 959 3680 τῷ
970 3600 1062 3680 κυρίῳ
1074 3619 1133 3677 μου
1145 3591 1248 3658 πάντα
1260 3590 1320 3656 ὅσα
1336 3586 1406 3652 ἐλά-

155 3674 240 3760 ἀνδρί
265 3673 358 3757 αὐτῆς
384 3671 438 3738 οὐκ
465 3669 628 3756 ἀπήγγειλε.
669 3675 700 3721 ²⁰
713 3676 765 3739 καί
800 3676 885 3760 λησεν
897 3676 1003 3758 ἀγαθά
1016 3679 1065 3740 ἐπί
1078 3675 1120 3751 σὲ,
1133 3678 1185 3740 καί
1197 3673 1352 3740 ίντελείταί
1361 3696 1408 3735 σοι

155 3756 295 3843 ἐγενηθη,
320 3754 415 3840 αὐτῆς
429 3759 631 3861 ἕπιβεβηκυίης
648 3759 698 3823 ἐπὶ
711 3755 765 3842 την
799 3766 838 3836 εἷς
852 3759 1013 3846 ἡγούμενον
1025 3760 1075 3822 ἐπί
1091 3753 1223 3862 Ἰσραηλ.
1249 3757 1275 3796 ³¹
1288 3756 1338 3817 καί
1352 3750 1407 3815 οὐκ

155 3839 225 3905 ἀνον
254 3841 307 3905 καί
336 3842 575 3928 καταβαινουοης
606 3843 637 3906 ἐν
669 3844 763 3933 σκέπη
800 3847 883 3908 ε”σται
894 3870 942 3908 σοι
952 3845 1042 3906 τοῦτο
1050 3841 1212 3925 βδελυγμος
1222 3840 1272 3911 καὶ
1281 3831 1408 3901 σκάνδα·

155 3929 211 3988 τού
225 3922 330 4009 ὅρους,
350 3925 402 3988 καί
414 3923 480 3989 ίδού
493 3926 593 3990 Δαυὶδ
604 3925 655 3988 καί
666 3929 696 3989 σί
709 3924 763 3990 ἀν-
799 3926 853 3989 λον
866 3931 912 4008 τῳ
923 3929 1015 4010 κυρίῳ
1027 3948 1085 4005 μου
1101 3925 1196 4006 ἐκχέαι
1209 3921 1281 4002 αίμα
1297 3917 1407 3983 ἀθῶον

154 4009 219 4112 δρες
232 4005 328 4073 αὐτοῦ
345 4011 517 4093 κατέβαινον
535 4013 574 4083 είς
592 4003 764 4091 συνάντησιν
799 4007 930 4091 δωρεάν,
957 4009 1008 4071 καί
1025 4009 1122 4069 σῶσαι
1139 4017 1223 4091 χεῖρα
1239 4008 1332 4086 κυρίῳ
1351 4029 1408 4084 μου

155 4096 262 4174 αυτῆς,
286 4092 338 4155 καί
350 4088 516 4176 ἀπήντησεν
534 4090 647 4166 αὐτοῖς.
672 4093 700 4133 ²¹
711 4091 764 4154 καί
798 4086 891 4172 αὐτῷ.
905 4091 957 4155 καί
969 4083 1131 4167 ἀγαθούσαι
1145 4082 1245 4172 κύριος
1258 4091 1301 4167 τῷ
1314 4092 1406 4172 κυρίῳ

155 4177 253 4240 Δαυίδ
266 4173 336 4239 εἶπε.
352 4175 422 4249 ἴσως
434 4179 473 4251 είς
485 4174 592 4241 ἀδικον
604 4168 763 4255 πεφύλακα
797 4197 871 4256 μου,
896 4174 948 4237 καί
970 4165 1129 4261 μνησθηση
1155 4176 1207 4255 τῆς
1229 4166 1337 4254 δούλης
1355 4196 1407 4234 σου

154 4254 258 4323 πάντα
270 4253 309 4323 τά
321 4254 420 4322 αὐτοῦ
432 4260 463 4323 ἐν
472 4263 511 4345 τῆ
520 4252 631 4344 ίρημῳ,
643 4257 696 4321 καί
708 4254 763 4322 οὐκ
798 4254 960 4332 ἀγαθῶσαι
972 4253 1060 4347 αὐτῇ.
1079 4253 1108 4296 ³²
1120 4257 1171 4327 καί
1184 4253 1246 4320 είπε
1259 4254 1357 4319 Λαυίδ
1369 4258 1408 4338 τῇ

154 4336 359 4426 ἒνετειλάμεθα
383 4330 538 4426 λαβεῖν’ίκ
554 4338 678 4405 πάντων
703 4345 764 4405 τῶν
792 4337 938 4422 Ἀβιγαία.
976 4335 1137 4420 εὐλογητὸς
1163 4336 1266 4424 κύριος
1291 4334 1309 4402 ὁ
1335 4336 1407 4410 θεὸς

154 4422 252 4490 αὐτού
277 4423 384 4501 οὐθὲν,
411 4425 464 4488 καί
488 4421 686 4488 ἀνταπέδακί
709 4448 761 4504 μοι
795 4421 934 4524 Ἰσραὴλ,
963 4418 997 4498 ὃς
1016 4419 1173 4488 ἀπέστειλέ
1189 4448 1220 4488 σε
1240 4418 1365 4508 σήμερον
1377 4425 1407 4485 ἐν

155 4506 271 4599 πονηρὰ
284 4506 351 4578 ἀντὶ
364 4507 501 4588 ἀγαθῶν.
519 4508 549 4548 ²²
554 4499 624 4570 τάδε
636 4497 762 4586 ποιησαι
797 4530 894 4596 ταυτη
908 4511 948 4584 είς
959 4503 1128 4591 ἀπάντησίν
1140 4532 1199 4591 μοι.
1219 4508 1248 4549 ³³
1258 4508 1310 4570 καί
1322 4503 1406 4604 εὐλη-

1314 4611 1406 4674 γητος
