2924 4972
352 174 792 239 κστσσνουσυτιον
830 166 1091 252 mamm.
1280 174 1344 242 183

104 299 158 377 γύς
170 301 254 365 οἴκου
267 297 392 379 Φογιύρ,
418 302 450 363 ίν
465 300 504 396 γῆ
516 295 608 378 Σηών
615 299 707 399 μασι-
741 294 838 379 ύνομα
851 295 946 361 αύτού
959 299 1008 363 ἐπὶ
1020 305 1150 381 ματαίῳ.
1176 303 1203 342 ¹²
1215 298 1345 403 ρύλαξαι

104 384 178 457 λίως
190 386 255 447 τῶν
266 378 466 464 Ἀμορραίων,
492 374 525 452 dc
542 402 666 461 κατῳκει
679 381 709 441 ἓν
741 375 796 482 τῆν
820 375 931 485 ῆμίραν
955 384 1014 444 τῶν
1039 378 1195 466 σαββάτων
1219 380 1344 465 αγιύζειν

104 464 245 567 Ἑσερών,
271 459 307 528 δν
324 458 453 536 ε’πύταξε
466 465 603 544 Μωυσῆς
617 462 667 525 καί
677 463 709 525 ολ
740 458 848 545 αυτῆν,
873 485 909 527 ον
926 460 1041 547 τρόπον
1059 461 1219 531 ἐνετείλατό
1232 492 1276 531 σοι
1290 462 1344 531 κύ-

106 550 165 612 υἶσί
182 543 304 631 Ισραῆλ,
317 540 496 621 ἐξελθόντων
506 540 648 609 αύτῶνίκ
657 547 710 627 γῆς
740 569 803 627 ριος
820 538 838 609 ὁ
855 538 924 619 θεός
944 569 1010 610 σου.
1048 547 1075 588 ¹³
1088 549 1125 623 ἒξ
1144 543 1254 632 ῆμέρας
1270 552 1343 672 ι’ργᾷ

105 626 276 706 Αἰγύπτου.
298 626 330 671 ⁴²
342 629 393 691 καί
405 621 643 710 ἐκληρονόμησαν
655 624 709 709 τῆν
740 629 792 690 καί
803 621 931 710 ποιῆσεις
942 624 1041 693 πύντα
1053 628 1093 694 τὰ
1105 632 1179 713 ἔργα
1193 654 1259 705 σου,
1272 635 1281 672 ¹
1307 634 1343 722 τῆ

105 717 159 797 γῆν
170 710 277 786 αὐτοῦ,
302 712 353 776 καί
364 708 417 793 τῆν
428 714 484 793 γῆν
493 707 554 786 Ὢγ
565 708 710 795 βασιλέως
740 704 771 771 δὲ
800 703 892 793 ῆμίρη
913 712 953 803 τῆ
971 707 1077 813 ἑβδόμη
1096 711 1156 797 σιίβ
1174 738 1234 779 ατα
1251 719 1344 799 κυρίῳ

107 801 159 879 τῆς
169 790 291 870 Βασύν,
304 788 357 858 δύο
369 793 515 878 βασιλέων
529 795 590 856 τῶν
603 787 710 874 Ἀμοῤ·
741 793 784 872 τῷ
797 794 936 873 θεῷσου.
953 817 1132 877 συποιησεις
1161 794 1267 889 ναύτῆ
1279 800 1344 861 πᾶν

107 881 214 963 ραίων,
241 883 273 941 οἳ
293 864 364 941 1’σαν
381 877 476 959 πέραν
489 879 543 940 τοῦ
557 868 709 958 Ἰορδάνου
741 874 830 957 ἔργον
847 869 884 938 σύ
902 874 953 974 καί
970 871 988 940 ὅ
1005 870 1068 952 υλύς
1080 902 1133 943 σου
1150 880 1200 944 καὶ
1212 874 1230 964 ῆ
1243 874 1343 957 θυγά-

107 958 184 1024 κατὰ
197 904 346 1034 ἀνατολὰς
358 954 443 1043 ῆλίου
468 957 501 999 ⁴⁸
513 953 576 1022 ἀπὸ
591 953 709 1042 ἶίροῆρ,
740 978 797 1038 τηρ
814 979 884 1030 σου,
907 980 926 1020 ο
941 969 1012 1032 παῖς
1029 984 1085 1025 σου
1101 962 1152 1024 καὶ
1171 956 1189 1045 ῆ
1202 962 1343 1045 παιδίσκη

108 1038 127 1127 ῆ
139 1047 217 1106 ἐστιν
226 1043 275 1106 ἐπί
284 1046 340 1106 τοῦ
352 1040 463 1124 χείλους
473 1035 627 1124 χειμύῷου
639 1037 710 1121 Ἀρ-
742 1062 809 1109 σου,
823 1031 923 1136 δηλούς
936 1064 989 1103 σου
1000 1043 1051 1107 καί
1062 1040 1099 1107 τὸ
1111 1037 1267 1121 ὑποζύγιον
1277 1070 1343 1119 σου,

106 1129 179 1201 νῶν,
201 1127 251 1188 καὶ
264 1125 313 1190 ἐπὶ
325 1129 382 1186 τού
395 1121 482 1208 ὅρους
495 1126 550 1187 τοῦ
562 1118 666 1202 Σηών,
691 1113 709 1182 ὅ
741 1119 794 1182 καλ
811 1142 873 1184 παν
887 1114 992 1204 κτῆνύς
1005 1146 1074 1198 σου,
1099 1125 1149 1187 καὶ
1163 1120 1344 1227 προςῆλυτος

106 1211 184 1272 ἐστιν
200 1202 339 1290 Ἀερμῶν.
371 1206 404 1247 ⁴⁹
416 1209 517 1268 πᾶσαν
529 1201 583 1286 τῆν
595 1200 711 1287 Ἄραβα
743 1196 927 1285 δπαροικῶν
942 1205 972 1267 ἐν
990 1203 1053 1280 σοί,
1077 1208 1125 1269 ἵνα
1139 1201 1345 1290 ἆναπαυσηται

107 1292 203 1372 πέραν
223 1291 279 1351 τοῦ
293 1281 446 1369 Ἰορδάνου
466 1281 544 1349 κατὰ
564 1280 712 1359 ἇνατολᾶς
742 1278 845 1358 ὀπαῖς
858 1309 927 1361 σου,
950 1284 1001 1351 καί
1019 1280 1192 1391 ῆπαιδίοκη
1202 1312 1271 1362 σου,
1295 1289 1346 1355 καλ

110 1366 197 1453 ῆλίσυ
211 1365 272 1434 ὑπὸ
283 1365 425 1449 Ἀσηδώθ
437 1365 490 1450 τῆν
502 1361 650 1448 λαξευτῆν.
742 1362 778 1429 τὸ
791 1361 949 1444 ύποζύγιύν
961 1393 1026 1444 σου,
1037 1364 1133 1455 ὥςπερ
1141 1395 1193 1434 και
1205 1363 1251 1437 σύ.
1265 1370 1347 1436 11καί

303 1454 337 1515 1(
348 1455 378 1512 E
389 1453 427 1513 (ί).
469 1443 519 1513 Ε’.
739 1448 897 1543 μνησθῆση
911 1442 1345 1546 ὅτιοίκίτηςῆσθαίνγῆλλ-

108 1502 192 1600 Καὶ
201 1527 315 1599 ίκύλεσε
324 1537 460 1616 Μωυσῆς
468 1527 569 1598 πάντα
580 1526 710 1615 Ἰσραῆλ,
738 1526 858 1615 γύπτῳ,
883 1533 934 1597 καί
946 1527 1072 1618 ἐξῆγαγέ
1083 1559 1112 1601 σε
1128 1530 1227 1621 κύριος
1239 1533 1257 1601 ὁ
1270 1531 1345 1611 θεύς

109 1615 234 1683 καίιῖπε
249 1613 324 1700 πρὸς
337 1611 456 1691 αύτούς.
486 1614 573 1681 ἄκουε
587 1611 710 1701 Ἰσραῆλ
739 1638 794 1679 σου
811 1617 921 1680 ἐκεῖθεν
940 1617 970 1681 ἰν
987 1619 1060 1702 χειρί
1077 1621 1221 1702 κραταιῆ,
1246 1619 1297 1684 καὶ
1313 1620 1345 1683 ίν

109 1698 146 1767 τὰ
165 1694 349 1780 δικαιώματα
366 1699 418 1762 καί
434 1695 473 1763 τύ
485 1703 627 1802 κρίματα,
653 1693 711 1765 ύσα
737 1699 870 1783 βραχίονι
884 1692 999 1799 ύρηλρλ.
1038 1695 1087 1769 διὰ
1104 1703 1194 1765 τοῦτο
1207 1700 1347 1777 συνίταξί

105 1780 164 1862 ἐγω
188 1781 272 1847 λαλῶ
297 1783 328 1845 ἐν
351 1790 415 1855 τοῖς
433 1779 507 1848 ὦσλν
525 1783 607 1865 υμῶν
624 1780 655 1849 ἕν
671 1783 710 1884 τῆ
739 1804 786 1845 σοι
799 1776 1095 1865 κύριοςοθεύςσου,
1114 1777 1344 1885 υίςτερυλιίσσε.

107 1863 200 1952 ῆμέρρ
225 1859 336 1956 ταύτῃ,
362 1866 412 1928 καί
430 1861 606 1951 μαθῆσεσθε
630 1859 710 1928 αύτα
739 1870 813 1927 σθαι
837 1859 890 1947 τῆν
915 1859 1025 1949 ῆμίραν
1040 1868 1102 1931 τῶν
1117 1869 1276 1971 σαρρλατων
1293 1866 1344 1931 καί

104 1952 156 2013 καὶ
168 1943 335 2031 φυλάξεσθε
350 1959 446 2012 ποιεῖν
459 1943 545 2015 αύτύ.
583 1942 646 2013 2κύ
666 1971 710 2022 ιος
739 1939 864 2023 ύγιύζειν
879 1942 988 2030 ,αύτῆκ
1024 1950 1053 1991 ¹⁰
1066 1955 1138 2032 τίμα
1154 1974 1207 2014 τον
1225 1952 1344 2035 πατίρα

105 2029 207 2106 ὁθεὸς
226 2026 306 2113 ύμῶν
323 2031 439 2097 διέθετο
456 2030 532 2118 πρὸς
550 2026 626 2114 ύμᾶς
644 1971 710 2093 δια·
738 2052 793 2091 σου
803 2031 854 2092 καλ
863 2024 916 2112 τῆν
924 2032 1038 2135 μητέρα
1046 2056 1110 2106 σου,
1120 2026 1154 2096 ὃν
1162 2027 1276 2115 τρόπον
1284 2035 1344 2097 ἐνε-

107 2110 202 2218 θῆκην
214 2117 245 2181 ἐν
260 2108 384 2199 Χωρῆβ.
407 2115 422 2155 ³
436 2110 502 2199 ούχί
515 2124 579 2187 τοῖς
591 2107 711 2195 πατριί-
738 2104 857 2175 τείλατύ
871 2136 916 2176 σοι
929 2139 1027 2199 κυριος
1040 2109 1058 2177 ὅ
1071 2108 1143 2189 θεύς
1156 2141 1225 2188 σου,
1249 2119 1299 2179 ἵνα
1311 2102 1343 2179 εδ

106 2224 150 2265 σιν
164 2200 246 2282 υμῶν
259 2197 377 2260 διέθετο
388 2190 489 2282 κύριος
498 2193 550 2280 τῆν
562 2190 675 2276 διαθῆκ
696 2216 711 2255 ν
740 2215 788 2256 σοι
799 2195 1046 2278 γένηται,καλλνα
1053 2192 1310 2300 μακροχρόνιοςγ’

106 2276 234 2364 ταύτην,
254 2274 318 2343 ἀλλ’
336 2275 355 2360 ῆ
369 2274 444 2365 πρὸς
457 2273 537 2361 ὑμᾶς.
564 2272 642 2359 ύμεῖς
655 2220 711 2340 ὦδε
741 2274 791 2336 ἐπὶ
803 2278 856 2358 τῆς
867 2279 934 2360 γῆς,
952 2269 987 2362 ῆς
1000 2274 1098 2363 κύριος
1109 2304 1127 2343 ο
1142 2274 1215 2354 θεός
1227 2303 1284 2343 σου
1297 2280 1317 2344 δ
1327 2319 1344 2330 -

106 2363 214 2436 πάντες
231 2364 334 2436 ζῶντες
352 2354 488 2443 σῆμερον.
526 2354 713 2442 4πρόςωπσν
742 2355 817 2420 δωσί
829 2382 884 2420 σοι.
908 2358 986 2425 17ού
1005 2355 1158 2436 φονεύσεις.
1183 2360 1262 2426 18ού
1278 2389 1344 2444 μοι·

109 2438 364 2544 κατὰπρόςψν
380 2439 503 2544 ἐλάλησε
520 2436 620 2538 κύριος
637 2437 714 2537 πρὸς
741 2431 859 2521 χεύσεις.
871 2513 879 2535 Ι
891 2440 919 2480 ¹⁰
933 2437 969 2503 ού
987 2439 1117 2540 κλίσειςὲ
1138 2444 1169 2485 ²⁰
1181 2440 1218 2505 ού
1236 2445 1345 2523 ψευδο·

109 2523 715 2686 ἴλλὶύίλιλῖἶλῖύίίίλλὶἷζίίῗλ
742 2523 1346 2708 ,λῖἓῖλῖίίίῆύίξῗεἷλείὲλλλῆςλλ

110 2669 192 2777 ύμιύν
208 2693 241 2754 ἐν
257 2690 303 2751 τῶ
320 2690 415 2773 καιρῷ
429 2689 528 2771 ἐκείνῳ
541 2683 712 2763 διαγγεῖλαι
743 2678 795 2768 τῆν
805 2695 931 2762 γυναῖκα
943 2690 999 2751 τοῦ
1009 2685 1134 2772 πλησίον
1143 2713 1207 2753 σου.
1221 2715 1275 2753 ουκ
1284 2691 1346 2753 ε’πι·

110 2771 176 2858 ὑμῖν
192 2770 232 2839 τὰ
252 2752 372 2858 ῥύματα
396 2775 514 2855 κυρίου,
539 2765 586 2834 ὅτι
602 2765 712 2855 ἐφοβή-
741 2762 881 2851 θυμῆοεις
894 2766 949 2855 τῆν
962 2772 1058 2836 ολκίαν
1070 2776 1126 2836 τοῦ
1138 2771 1265 2855 πλησίον
1277 2798 1343 2847 σου,

106 2868 180 2942 θητε
196 2854 260 2923 α’πὸ
276 2849 437 2940 προςιύπου
455 2857 510 2918 τοῦ
525 2851 635 2940 πυρὸς,
661 2855 712 2917 καί
739 2849 808 2916 οὕτε
822 2849 873 2916 τὸν
885 2848 977 2939 ἇγρδν
989 2851 1097 2931 αὐτοῦ,
1109 2854 1178 2920 οὔτε
1186 2853 1240 2919 τὸν
1249 2857 1345 2922 παῖδα

106 2939 161 3007 ούκ
174 2939 293 3025 ἆνέβητε
305 2942 345 3013 είς
356 2936 393 3001 τὸ
407 2935 488 3023 ὅρος,
502 2936 604 3014 λέγων.
627 2931 709 3014 ⁶370}
739 2932 849 3011 αὐτοῦ,
883 2936 952 3001 ούτε
976 2935 1031 3040 τῆν
1054 2938 1214 3021 παιδίσκην
1239 2936 1344 3015 αὐτοῦ,

107 3029 161 3106 εἰμι
177 3025 275 3110 κύριος
293 3016 395 3096 ὃθεός
413 3046 467 3085 σου
483 3015 666 3098 ύίξαγαγαίν
679 3044 710 3084 σε
739 3015 807 3082 οὔτε
825 3024 880 3083 τοῦ
891 3018 969 3125 fode
981 3024 1093 3097 αυτοῦ,
1118 3019 1187 3087 ούτε
1200 3026 1254 3086 τοῦ
1269 3019 1344 3087 ύπο-

106 3111 138 3172 ἔκ
162 3112 216 3192 γῆς
234 3100 394 3183 Αἰγύπτου
412 3106 442 3181 ἐξ
459 3102 546 3167 οἴκου
567 3102 708 3178 δουλείας.
739 3104 838 3179 ζυγίου
863 3107 973 3180 αυτοῦ,
999 3101 1069 3167 ούτε
1093 3104 1207 3183 παντὸς
1224 3099 1344 3188 κτῆνους

106 3190 186 3255 7ούει
216 3192 336 3255 ἔσονταί
365 3212 413 3251 σοι
437 3187 505 3251 θεολ
529 3190 622 3270 ἕτεροι
647 3184 709 3270 πρὸ
739 3183 849 3259 αὐτοῦ,
875 3184 944 3252 ούτε
960 3182 1060 3250 πάντα
1078 3183 1137 3252 ὅσα
1155 3193 1200 3270 τῷ
1217 3188 1344 3291 πλησίον

105 3268 267 3353 προςιύπου
279 3296 345 3354 μου.
377 3271 393 3311 ⁸
406 3266 442 3332 ού
453 3264 583 3353 ποιῆσεις
595 3273 710 3353 σεαυτῷ
741 3293 794 3332 σου
808 3271 879 3331 ἐστί.
893 3271 1025 3331 22ταῦτα
1038 3265 1076 3335 τὰ
1089 3267 1207 3354 ῥῆματα
1219 3272 1343 3355 ἐλαλησε

106 3357 245 3426 εἴδωλον,
266 3350 336 3416 οὐδὲ
348 3348 461 3424 παντὸς
474 3346 625 3434 ὁμοίωμα,
651 3346 710 3415 ὅσα
740 3344 840 3433 κύριος
864 3347 940 3433 πρὸς
960 3353 1058 3413 πᾶσαν
1075 3350 1247 3435 συναγωγῆν
1264 3349 1344 3434 ὑμῶν

108 3440 195 3520 ἐντῷ
210 3433 329 3518 οὐρανῷ
344 3429 421 3505 ἄνω,
444 3434 494 3495 καί
508 3428 660 3525 ὅσαίντῆ
671 3438 711 3532 γῆ
741 3433 772 3494 ἐν
787 3434 832 3511 τῷ
849 3429 954 3534 ὅρειέκ
968 3432 1059 3511 μέσου
1071 3437 1127 3496 τοῦ
1138 3429 1241 3516 πυρός.
1272 3433 1343 3498 σκό-

108 3514 207 3592 κιίτω,
229 3517 279 3580 καί
293 3511 352 3578 ὅσα
364 3515 395 3576 ἔν
406 3524 468 3586 τοῖς
480 3509 583 3579 ύδασιν
596 3512 710 3580 ύποκα-
741 3540 805 3589 τος,
830 3538 956 3595 γνοφος,
978 3510 1106 3588 θύελλα,
1126 3513 1210 3597 σιονῆ
1223 3512 1343 3599 μεγάλη,

106 3629 151 3668 τω
163 3605 215 3685 τῆς
225 3603 288 3684 γῆς.
307 3593 369 3660 οοὐ
381 3591 586 3680 προςκυνῆσεις
598 3595 710 3672 αὐτοῖς,
740 3599 790 3660 καί
802 3596 837 3660 ού
851 3599 1023 3684 προςέθηκε.
1059 3597 1109 3663 καὶ
1122 3597 1251 3682 ἔγραψεν
1264 3596 1343 3664 αὐτὰ

106 3684 174 3750 οὐδὲ
199 3683 239 3767 μῆ
263 3674 426 3772 λατρεύσης
443 3675 560 3776 αύτοῖς,
585 3674 632 3741 ὅτι
651 3678 709 3755 ἐγώ
741 3679 791 3744 ἐπί
814 3675 869 3743 δύο
894 3674 1011 3754 πλύκας
1028 3679 1157 3757 λιθίνας,
1181 3683 1232 3746 καλ
1252 3683 1342 3748 ἔδωκε

107 3774 162 3833 ελυι
176 3763 276 3851 κύριος
289 3761 306 3829 ὁ
319 3758 389 3837 θεός
402 3788 472 3837 σου,
490 3770 561 3834 θεος
573 3759 712 3845 ζηλωτῆς,
740 3785 797 3841 μοι.
835 3764 864 3805 ²⁸
876 3765 927 3828 καί
944 3766 1055 3841 ἐγίνετο
1073 3760 1113 3839 ὥς
1130 3761 1275 3844 ἠκούσατε
1289 3764 1343 3849 τῆν

107 3838 269 3924 ἀποδιδούς
286 3843 431 3931 ἁμαρτίας
449 3847 589 3929 πατέρων
602 3844 652 3908 ἐπί
664 3847 712 3908 τί·
741 3840 842 3926 φωνῆν
866 3847 897 3909 ἐκ
919 3850 1011 3931 μέσου
1036 3851 1092 3911 τοῦ
1107 3846 1214 3936 πυρὸς,
1239 3854 1290 3916 καί
1306 3845 1342 3916 ιδ

105 3959 162 3999 κνα
187 3934 235 3997 ἐπί
260 3935 362 4015 τρίτην
386 3931 437 3993 καὶ
453 3923 597 4013 τετιίρτην
613 3927 711 4006 γενεὰν
739 3924 809 4011 ὅρος
833 3930 947 3994 ἐκαίετο
972 3931 1058 4013 πυρί,
1088 3933 1138 3996 καί
1162 3932 1342 4019 προςῆλθετε

107 4027 169 4092 τοῖς
211 4018 310 4079 ισοῦσί
325 4037 373 4095 με,
397 4014 490 4076 10καί
513 4015 610 4076 ποιῶν
627 4011 711 4086 ἔλεος
738 4010 815 4096 πρὸς
826 4009 863 4096 μὲ
876 4009 981 4088 πάντες
998 4017 1030 4077 οἶ
1048 4009 1199 4099 ῆγούμενοι
1212 4023 1272 4084 τῶν
1285 4043 1341 4098 ηυ-

108 4105 146 4176 εἶς
174 4044 286 4172 ιλλύδας
299 4106 362 4170 τοῖς
375 4095 518 4172 ἆγαπῶσί
528 4119 571 4179 με,
585 4095 710 4169 καὶτοῖς
739 4096 799 4159 λῶν
812 4091 901 4178 ύμῶν,
914 4099 965 4160 καὶ
976 4092 994 4181 ῆ
1005 4105 1142 4182 γερουσία
1152 4097 1242 4183 ὑμῶν,
1256 4098 1341 4166 24καὶ

107 4127 295 4264 φυλάσσουσι
330 4178 370 4241 τὰ
400 4172 613 4261 προςτύγματύ
643 4203 709 4260 μου.
739 4178 857 4254 ἐλέγετε.
897 4176 961 4244 λδού
988 4181 1088 4258 ἔδειξεν
1113 4179 1181 4284 ῆμῖν
1207 4179 1340 4266 κύριοςύ

105 4269 129 4306 11
144 4263 181 4330 οὐ
194 4261 277 4355 λῆψη
294 4260 331 4325 τὸ
344 4259 439 4341 ὄνομα
452 4265 553 4344 κυρίου
565 4264 622 4324 τοῦ
635 4264 710 4324 θεοῦ
738 4258 809 4335 θεὸς
826 4258 909 4344 ἡμῶν
920 4261 974 4344 τῆν
986 4261 1076 4366 δόξαν
1089 4269 1199 4335 αυτοῦ,
1225 4267 1274 4328 καί
1287 4264 1341 4346 τῆν

107 4374 161 4413 σου
174 4348 223 4412 ἐπὶ
233 4349 352 4427 ματαίῳ
358 4392 367 4419 ,
385 4340 422 4407 σύ
433 4338 542 4426 γὰρμὴ
557 4347 710 4448 καθαρίση
738 4339 837 4445 φωνῆν
854 4341 951 4408 αύτοῦ
966 4341 1127 4426 ῆκουσαμεν
1139 4347 1170 4405 ἐκ
1182 4348 1273 4422 μέσου
1286 4349 1342 4408 τοῦ

105 4428 204 4517 κύριος
217 4425 234 4495 ὅ
247 4423 318 4503 θεός
330 4451 385 4490 σου
402 4421 456 4490 τὸν
467 4420 659 4509 λαμβάνοντα
673 4449 708 4488 το
736 4451 842 4512 πυρος.
856 4429 887 4490 ἓν
899 4431 938 4515 τῆ
948 4422 1042 4508 ῆμέρρ
1056 4419 1150 4504 ταύτῃ
1160 4425 1280 4500 εἴδομεν,
1294 4422 1341 4487 ὅτι

1222 4498 1342 4578 λαλῆσει
