2924 4972
272 227 573 294 οΑΣιΛΕιοΝ
596 235 826 295 amm
868 227 1134 310 xaev·;'-t'.6.7.
1259 235 1324 300 ³13

73 356 119 439 ἐφ’
135 355 253 441 ἅμαξαν
264 356 377 439 καινήν,
388 359 439 421 καί
452 347 530 452 βραν
544 356 683 440 αῦτήνίξ
714 353 841 441 Μεληόλ
865 351 884 439 ἦ
909 354 1049 441 θυγάτηρ
1067 360 1172 423 Σαοὺλ
1188 365 1324 427 διέκυπτε

73 442 156 505 οἴκου
164 436 328 587 Ἀμιναδάβ
338 444 393 504 τοῦ
407 442 437 503 ἐν
449 445 494 523 τῷ
503 444 612 540 βουνῷ.
632 440 684 505 καί
714 437 764 505 διά
775 442 829 514 τ”ς
840 440 983 525 θυρίδος,
1000 443 1052 505 καί
1064 438 1120 505 εἶδε
1134 439 1186 506 τόν
1196 443 1323 529 βασιλέα

71 520 144 599 ’0ζά
160 525 212 587 καί
230 526 262 587 οί
280 519 300 585 ἀ
319 521 404 603 ελφοὶ
421 519 516 587 αάτου
530 520 683 604 αῖοίἈμι-
714 523 793 587 Δαυ“
825 518 1074 608 ὀρχοῦμενον,καὶ
1087 520 1323 610 ἀνακρουόμενον

73 603 169 692 ναδάβ
181 594 258 712 ήγαν
267 604 322 686 τήν
333 601 449 688 άμαξαν
462 603 538 670 4σὺν
546 609 585 699 τῇ
594 608 683 690 κιβω-
714 599 840 669 λνάπιον
852 610 972 689 κυρίου,
997 609 1051 673 καί
1062 608 1253 685 ίξουδένωοεν
1265 608 1321 674 αῦ-

73 695 132 773 τῷ,
144 715 197 752 και
213 692 244 752 οί
257 687 381 769 ἀδελφοί
393 686 490 753 αὐτοῦ
504 685 682 774 ἐπορεύοντο
713 684 767 751 τόν
780 688 811 750 ἐν
823 690 862 780 τῇ
870 689 980 772 καρδίη
989 687 1089 774 αότής.
1103 692 1187 756 11καὶ
1195 695 1321 778 φέρουσι

72 774 240 858 ἔμπροσθεν
257 774 309 855 τῆς
327 774 463 856 κιβωτοῦ.
489 772 569 837 6καὶ
585 770 683 836 Δαυὶδ
712 768 769 853 τήν
787 767 914 870 κιβωτὸν
931 775 989 835 τοῦ
1001 780 1119 858 κυρίου,
1144 777 1196 840 καί
1208 772 1321 860 ἀνέθη-

73 856 124 919 καί
132 856 195 920 υίοί
203 852 326 939 Ἰσραήλ
334 857 486 932 παίζοντες
496 850 622 920 ἐνώπιον
629 879 682 918 κυ-
712 876 768 916 κοιν
780 848 876 933 αυτὴν
888 855 927 925 εἷς
938 850 993 917 τὸν
1004 851 1099 921 κόπον
1111 855 1205 943 αάτής
1217 863 1256 935 είς
1267 861 1321 943 μί-

72 943 139 1022 ρίου
154 940 185 1003 ἐν
198 932 333 1022 ὀργάνοις
346 934 538 1022 ἡρμοσμένους
552 941 582 1003 ἐν
596 933 680 1022 ἲοχῦῖ,
713 957 766 1000 σον
779 936 833 1017 τῆς
852 939 971 1036 σκηηής,
996 927 1031 1019 ἧς
1048 939 1151 1043 ἔπηξεν
1163 940 1240 1035 αὐτῇ
1255 948 1321 1008 Δα-

71 1022 122 1084 καί
135 1017 283 1102 ἐνῴδαῖς,
308 1023 401 1086 καὶέν
414 1016 559 1107 κινῦραις,
586 1022 681 1085 καὶέν
712 1018 768 1083 υίδ.
793 1017 846 1080 καὶ
869 1040 1004 1099 ανηνεγκε
1026 1021 1124 1084 Δαυιδ
1144 1017 1321 1090 ὁλοκαυτώ-

71 1098 203 1204 νάβλαις,
215 1104 267 1167 καὶ
279 1105 310 1168 ἐν
322 1101 493 1206 τυμπάνοις,
507 1107 559 1168 καί
569 1106 599 1167 ἐν
608 1129 680 1185 κυμ-
711 1124 793 1183 ματα
806 1093 930 1165 ἐνώπιον
941 1105 1054 1182 κυρίου,
1068 1101 1219 1186 είρηναιάς.
1233 1108 1322 1174 1’καί

70 1186 189 1270 βαλοις,
214 1188 266 1251 καὶ
284 1189 315 1250 ἐν
332 1187 453 1261 αυλοῖς,
483 1186 564 1249 θκαί
579 1209 682 1269 παρα-
713 1181 875 1248 συνετελισε
904 1181 1003 1247 Δαυίδ
1030 1187 1240 1270 συναναφέρων
1267 1187 1322 1265 τάς

70 1274 201 1345 γίνονται
214 1274 269 1342 ἕως
281 1263 348 1332 άλω
360 1263 487 1370 Ναηώρ.
514 1268 566 1331 καί
578 1267 683 1341 ἑξέτει·
713 1262 928 1339 ὁλοκαυτώσεις
951 1266 1002 1329 καί
1018 1262 1072 1340 τάς
1092 1267 1249 1349 είρηνικάς,
1271 1273 1322 1335 καί

70 1374 117 1414 νεν
131 1350 206 1427 ’0ζά
223 1349 278 1432 τήν
295 1360 378 1433 χεῖρα
396 1352 492 1413 αυτοῦ
510 1350 560 1412 ἐπὶ
574 1345 627 1430 τὴν
638 1374 683 1412 κι·
714 1344 856 1430 εῦλόγησε
873 1346 927 1411 τὸν
943 1345 1019 1411 λαὸν
1036 1348 1068 1410 ἐν
1079 1343 1204 1430 ὀνόματι
1217 1357 1322 1435 κυρίου

69 1433 171 1519 βωτὸν
183 1436 241 1495 τοῦ
252 1436 327 1494 θεοῦ
340 1440 497 1514 κατασχεῖν
510 1427 619 1513 αῦτήν,
632 1431 684 1495 καί
714 1433 775 1494 τιῦν
792 1425 948 1512 δυνάμεων.
973 1430 1002 1472 ¹⁹
1015 1431 1066 1494 καί
1082 1431 1219 1517 διεμέρισε
1230 1437 1324 1499 παντί

71 1510 232 1599 ἐκράτησεν
245 1510 348 1596 αῦτήν,
362 1508 408 1577 ὅτι
421 1515 616 1596 περιέσπασεν
626 1511 680 1577 αῦ-
714 1516 759 1596 τῷ
767 1512 835 1577 λαιῦ
843 1517 882 1588 εἰς
891 1517 995 1578 πᾶσαν
1003 1510 1058 1597 τήν
1067 1509 1189 1596 δῦναμιν
1197 1519 1253 1580 τοῦ
1259 1512 1323 1581 Ἰσ-

71 1597 129 1695 τήν
156 1590 308 1698 ὁμόσρος.
346 1597 423 1660 7καί
440 1591 588 1680 ἐθυμώθη
606 1594 682 1688 ὀργῇ
713 1576 867 1698 ρα’λάπό
879 1594 945 1661 Δάν
954 1599 1010 1670 ἕως
1018 1595 1185 1696 Βηρσαβεά,
1195 1599 1246 1663 καί
1256 1594 1322 1663 ἀπὸ

74 1702 176 1760 κυριος
193 1681 237 1759 τῷ
265 1679 342 1759 Οζηῖ,
371 1679 422 1742 καί
446 1681 566 1744 ἔπαισεν
589 1675 681 1744 αότόν
713 1706 734 1743 α
768 1677 820 1764 ρὸς
838 1683 894 1754 ἕως
915 1676 1053 1756 γιααικός
1075 1681 1193 1764 ἱκαοτῳ
1210 1680 1321 1745 κολλυ-

71 1756 161 1823 ἐκεῖό
173 1761 257 1834 θεὸς,
283 1763 334 1824 καὶ
351 1758 505 1827 ἀπέθανεν
521 1766 582 1827 ἐκεῖ
594 1757 680 1847 παρά
712 1761 781 1846 ρίδα
799 1760 910 1867 ἀρτου,
934 1763 986 1826 καί
1002 1763 1174 1865 ἐσχαρίτην,
1200 1765 1251 1828 καί
1263 1759 1321 1828 λά-

72 1840 126 1923 τήν
143 1841 271 1929 κιβωτὸν
292 1847 350 1908 τοῦ
367 1850 469 1928 κυρίου
485 1841 612 1908 ίνιόπιον
622 1848 679 1907 τοῦ
711 1867 803 1921 γανον
818 1843 883 1908 απδ
896 1840 1037 1926 τηγάνου.
1063 1847 1116 1909 καί
1128 1844 1247 1929 απῆλθε
1259 1851 1320 1923 πῦς

71 1929 154 1989 θεοῦ.
182 1926 263 1989 θκαί
280 1920 417 2010 ἠθύμησε
434 1926 533 1990 Δαυὶδ
549 1923 623 2010 ὑπὲρ
641 1917 677 1989 οῦ
711 1923 815 2002 ὀλοὸς
834 1932 961 2001 ἕκαστος
980 1931 1020 2002 εἲς
1037 1925 1091 1992 τὸν
1108 1927 1194 1994 οἷκον
1212 1926 1318 1995 αὐτοῦ.

71 2007 189 2088 διέκοψε
207 2004 307 2093 κύριος
322 2007 471 2092 διακοπήν
487 2011 517 2071 ἐν
529 2013 574 2092 τῷ
592 2009 677 2091 Ὀζᾷ.
710 2011 802 2074 20καί
812 2012 976 2093 ἐπέστρεφε
986 2011 1085 2075 Δαυίδ
1095 2008 1253 2095 εῦλογήσαι
1266 2009 1320 2077 τὸν

70 2092 123 2152 καί
137 2088 252 2174 ἐκλήθη
268 2087 286 2155 ὁ
304 2087 398 2165 τόπος
415 2093 521 2165 ἐκεῖνος
539 2088 678 2174 Διακοπὴ
711 2090 794 2156 οἶκον
820 2089 930 2168 αὐτοῦ,
957 2093 1009 2156 καὶ
1031 2094 1135 2175 ἐξῆλθε
1152 2093 1277 2179 Μελχδλ
1298 2091 1317 2179 ἢ

68 2170 144 2248 Ὀζᾶ
169 2178 224 2248 ἕως
248 2177 301 2257 τῆς
318 2171 427 2260 ἡμέρας
442 2175 560 2257 ταύτης.
599 2175 680 2238 9καὶ
710 2170 848 2278 θυγάτηρ
861 2173 967 2239 Σαοῦλ
983 2179 1022 2249 εἰς
1035 2171 1200 2259 ἀπάντησιν
1212 2179 1319 2254 Δαυὶδ,

70 2251 190 2342 ίφοβήθ
218 2255 317 2320 Δαυίδ
323 2254 377 2320 τὸν
386 2253 486 2342 κῦριον
495 2261 525 2321 ἐν
534 2261 572 2350 τῇ
581 2252 678 2342 ἡμέρα
712 2259 763 2322 καί
775 2254 931 2339 εῦλογησεν
944 2255 1050 2332 αὐτὸν,
1068 2261 1120 2323 καὶ
1132 2260 1202 2325 είπε.
1228 2266 1259 2324 τί
1271 2262 1319 2324 δε-

72 2340 181 2430 ἒκείνη,
191 2282 298 2418 λίνων.
325 2344 391 2414 πῶς
403 2335 587 2415 εῖςελεῦοεται
598 2339 678 2427 πρὸς
711 2339 855 2415 δόξασται
868 2335 990 2425 σήμερον
1003 2335 1021 2403 ὁ
1033 2339 1170 2426 βασιλεῦς
1179 2339 1318 2427 Ἰοραήλ,·

69 2417 138 2503 μὲη
150 2422 274 2507 κιβωτὸς
286 2429 393 2507 κυρίου
396 2451 408 2500 ,·
427 2424 512 2486 10καί
524 2427 580 2488 οῦκ
592 2418 678 2527 ἐβού-
712 2418 746 2497 ὀς
756 2418 958 2504 ἀπεκαλύφθη
969 2417 1095 2525 σήμερον
1104 2428 1135 2487 ἐν
1144 2422 1318 2507 ὀφθαλμοῖς

70 2503 139 2566 λετο
154 2503 252 2568 Δαυίδ
269 2509 325 2568 τοῦ
344 2505 475 2570 ἐκκλῖναι
490 2505 568 2591 πρὸς
584 2502 678 2570 αυτὸν
710 2505 874 2570 παιδισκῶν
886 2508 946 2567 τῶν
957 2504 1075 2569 δουλων
1085 2505 1318 2581 ἒαυτοῦ,καθώς

69 2583 125 2667 τήν
140 2583 268 2670 κιβωτὸν
288 2583 432 2672 διαθήκης
448 2594 552 2673 κυρίου
572 2593 611 2662 εἰς
623 2584 678 2670 τήν
711 2583 954 2653 ἀποκαλύπτεται
968 2584 1195 2668 άποκαλυφθείς
1207 2588 1245 2663 είς
1258 2592 1318 2652 τιῦν

69 2663 160 2734 πόλιν
169 2670 273 2733 Δαυίδ.
284 2672 333 2733 καὶ
344 2667 496 2735 ἀπέκλινεν
505 2669 602 2754 αὐτήν
612 2676 678 2734 Δα-
710 2670 900 2756 ὀρχουμένων.
939 2672 965 2710 ²¹
979 2669 1031 2733 καὶ
1048 2667 1109 2734 είπε
1127 2671 1228 2735 Δαυίδ
1242 2669 1318 2754 πρὸς

69 2752 119 2816 υἱδ
135 2755 175 2826 εἷς
191 2749 273 2815 οἶκον
284 2747 447 2839 Ἀβεδδαρά
459 2756 518 2819 τοῦ
529 2757 677 2830 Γεθαίσυ,
711 2752 842 2839 Μελχόλ.
875 2748 999 2818 ἐνώπιον
1022 2758 1125 2837 κυρίου
1143 2751 1180 2838 ὀρ
1199 2749 1315 2857 ήσομαι.

68 2838 93 2876 ¹¹
106 2835 157 2898 καί
175 2833 313 2901 ἐκάθισεν
328 2833 347 2919 ἡ
361 2833 487 2923 κιβωτὸς
503 2841 561 2902 τοῦ
572 2842 675 2922 κυρίου
711 2835 865 2920 εὐλογητὸς
876 2832 977 2922 κῦριος
990 2830 1023 2910 ἀς
1035 2779 1230 2920 ἐξελεξατάμε
1242 2836 1316 2924 υπὲρ

68 2921 107 2993 είς
121 2916 206 2982 οἷκον
218 2916 381 3023 Ἀβεδδαρά
393 2925 449 2984 τοῦ
460 2924 598 2985 Γεθαίου
618 2923 675 3002 μῆ·
710 2917 763 2984 τὸν
778 2923 897 3005 πατέρα
910 2945 963 2984 σου
980 2920 1031 2983 καὶ
1049 2915 1124 3006 ῦπὲρ
1143 2917 1245 2985 πάντα
1263 2920 1316 2984 τὸν

67 3025 121 3077 νας
146 3025 164 3063 τ
183 3011 231 3076 εῖς.
261 3003 313 3065 καὶ
330 2999 466 3087 ευλόγησε
481 2998 581 3088 κύριος
606 3000 677 3067 ὅλον
710 3000 793 3067 οἷκον
809 3001 921 3080 αὐτοῦ,
946 3005 1001 3067 τοῦ
1023 3007 1212 3086 καταστῆσαί
1227 3029 1260 3085 με
1278 3007 1316 3077 εἷς

68 3081 122 3147 τὸν
140 3026 224 3149 οίίιον
245 3082 424 3171 Ἀβεδδαρά,
450 3088 501 3149 καί
519 3081 621 3151 πάντα
636 3081 676 3148 τά
710 3081 869 3169 ήγοῦμενον
880 3089 931 3151 ἐπὶ
941 3084 994 3150 τὸν
1006 3083 1082 3149 λαὸν
1093 3084 1189 3150 αὐτοῦ
1203 3089 1252 3151 ἐπὶ
1262 3084 1316 3150 τὸν

68 3165 173 3230 αὐτοῦ.
211 3170 240 3209 ¹²
252 3170 303 3231 καὶ
327 3167 479 3252 ἀπηγγελη
502 3173 548 3252 τῷ
562 3168 679 3255 βασιλεῖ
705 3167 840 3252 Ἰσραήλ,
865 3170 916 3234 καὶ
931 3169 1075 3252 παίξομαι
1087 3172 1138 3233 καὶ
1151 3167 1188 3254 ὀρ
1207 3165 1315 3253 ήσομαι

67 3251 175 3325 Λαυὶδ,
188 3250 332 3327 λέγοντες.
357 3248 498 3335 εῦλόγησε
509 3247 610 3355 κῦριος
622 3248 676 3316 τὸν
709 3251 835 3317 ἐνώπιον
846 3259 960 3337 κυρίου,
978 3253 1009 3293 ²²
1026 3254 1078 3316 καί
1090 3196 1315 3337 ἀποκαλυφθή-

67 3331 150 3396 οίκον
163 3331 328 3418 Ἀβεδδαρά
345 3337 396 3400 καὶ
408 3330 511 3399 πάντα
527 3360 567 3399 τα
579 3334 676 3400 αὐτοῦ
709 3361 798 3417 σομαι
816 3337 858 3397 ἔτι
874 3332 987 3409 οὕτως,
1011 3335 1063 3396 καὶ
1080 3335 1182 3414 ἔσομαι
1200 3332 1315 3417 ἀχρεῖος

66 3420 151 3477 ἕνεκα
164 3420 216 3496 τῆς
227 3421 356 3500 κιβωτοῦ
367 3422 424 3482 τοῦ
437 3421 520 3480 θεοῦ.
539 3420 590 3482 καὶ
601 3420 675 3482 ἐπο-
710 3420 741 3481 ἒν
760 3415 932 3522 ὀφθαλμοῖς
949 3442 1003 3481 σου
1021 3417 1072 3480 καί
1082 3414 1156 3498 μετά
1170 3418 1230 3478 τῶν
1242 3443 1315 3480 παι-

65 3491 162 3582 ρεῦθη
175 3500 286 3574 Δαυὶδ,
311 3502 363 3564 καί
379 3499 507 3582 ἀνήγαγε
518 3499 573 3582 τὴν
585 3504 675 3585 κιβω-
708 3501 817 3565 δισκῶν
843 3522 886 3562 ων
909 3495 995 3574 εἶπάς
1012 3524 1045 3580 με
1060 3497 1101 3582 μή
1120 3498 1313 3580 δοξαοθῆναι.

65 3577 119 3644 τὸν
131 3583 185 3643 τοῦ
199 3586 301 3665 κυρίου
315 3585 348 3647 ἐκ
356 3589 411 3648 τοῦ
422 3585 504 3648 οἴκου
512 3579 675 3668 Ἀβεδδαρά
708 3584 795 3646 23καί
807 3586 848 3675 τῇ
857 3580 983 3664 Μελχόλ
995 3582 1128 3667 θυγατρί
1137 3578 1245 3644 Σαοὺλ
1258 3579 1314 3644 οῦκ

66 3668 106 3738 εἰς
129 3661 185 3745 τήν
209 3663 296 3728 πολιν
320 3668 417 3731 Δαυὶδ
441 3669 472 3728 ἒν
497 3661 673 3751 εῦφροσῦνη.
708 3668 819 3742 ἐγενετο
844 3666 966 3729 παιδίον
984 3669 1039 3738 ἕως
1057 3670 1110 3749 τῆς
1129 3660 1239 3750 ἡμέρας
1258 3667 1315 3730 τοῦ

65 3747 93 3786 ¹³
105 3750 156 3811 καί
180 3737 257 3829 ἦσαν
273 3746 330 3829 μετ’
352 3748 450 3814 αὐτοῦ
471 3749 604 3849 αἴροντες
622 3733 676 3832 τήν
708 3746 873 3813 ἀποθανεῖν
885 3742 987 3830 αῦτήν.

65 3827 192 3914 κιβωτὸν
206 3831 283 3894 ἑπτά
296 3836 392 3916 χοροί,
406 3836 554 3914 καὶθυμα
563 3829 675 3915 μόσχος
902 3836 935 3894 Κ
947 3836 976 3892 Ε
987 3833 1026 3891 (1).
1069 3825 1118 3891 Z‘.

65 3914 116 3975 καί
128 3912 221 3997 ἀρνες.
248 3912 338 3977 14καὶ
350 3917 448 3979 Δαυὶδ
459 3910 630 3999 ἀνεκρούετο
644 3918 675 3979 ἐν
709 3878 790 3978 Καὶ
803 3915 917 3988 ἐγένετο
937 3907 986 3975 ὅτε
1003 3905 1137 3974 ἐκάθισεν
1149 3909 1167 3976 ὀ
1179 3911 1313 3997 βασιλεῦς

65 3992 204 4079 ὀργάνοις
217 3992 409 4080 ήρμοσμένοις
421 3992 547 4062 ἐνώπιον
559 4025 595 4062 κυ
616 4004 674 4075 ίου,
707 4001 738 4063 ἐν
755 4000 800 4079 τοῦ
818 3997 891 4077 οἴκῳ
910 3993 1020 4068 αὑτοῦ,
1044 3995 1095 4057 καὶ
1112 3990 1211 4080 κῦριος
1228 4022 1313 4061 κατε-

64 4075 146 4141 καὶό
161 4080 261 4143 Δαυίδ
279 4080 435 4154 ἐνδεδυκὼς
454 4078 563 4165 στολήν
582 4025 673 4156 ἐόἑαλ-
707 4075 922 4167 κληρονόμησεν
939 4075 1032 4142 αῦτόν
1049 4071 1145 4160 κάκλιρ
1159 4075 1223 4142 ἀπὸ
1235 4075 1312 4142 πάν·-

64 4158 126 4226 λον.
145 4164 172 4204 ¹⁵
182 4164 233 4226 καὶ
246 4163 344 4227 Δαυίδ
354 4165 405 4227 καί
419 4168 479 4237 πᾶς
492 4161 509 4226 ὁ
524 4163 604 4239 οἶκος
614 4162 673 4228 ’1ο-
707 4189 766 4228 των
789 4168 849 4227 τῶν
874 4166 992 4247 ἐχθρῶν
1011 4157 1108 4225 αῦτοῦ
1123 4165 1184 4225 τῶν
1201 4157 1310 4242 κύκλῳ.

65 4240 144 4324 ραήλ
169 4240 319 4329 ἀνήγαγον
344 4244 398 4329 τήν
424 4245 550 4330 κιβωτὸν
568 4251 672 4330 κυρίου
706 4249 778 4311 2καὶ
786 4241 1035 4332 εἶπενὸβασιλεῦς
1044 4239 1120 4327 πρὸς
1132 4241 1249 4309 Νάθαν
1259 4244 1311 4307 τὸν

65 4323 137 4386 ιιετά
149 4334 279 4412 κραυγῆς
288 4332 340 4393 καὶ
348 4327 423 4411 μετά
435 4334 534 4412 φωνῆς
545 4328 673 4406 σάλπιγ-
705 4325 869 4413 προφήτην.
905 4326 971 4394 ίδοῦ
997 4328 1033 4410 δή
1052 4327 1110 4404 ἐγὼ
1128 4330 1257 4390 κατοικῶ
1282 4330 1312 4388 ἐν

64 4431 125 4481 γος.
141 4408 169 4449 ¹⁶
175 4410 227 4473 καὶ
239 4413 351 4487 ἐγένετο
366 4415 416 4494 τῆς
429 4415 558 4498 κιβωτοῦ
570 4438 672 4497 παρα·
687 4462 689 4498 ;
705 4415 777 4494 οἴκῳ
790 4414 921 4496 κεδρίνῳ,
936 4413 987 4475 καὶ
1001 4408 1017 4493 ή
1032 4408 1155 4493 κιβωτὸς
1167 4412 1225 4471 τοῦ
1236 4412 1310 4470 θεοῦ

64 4491 215 4573 ίίίθμὲίηῖ
246 4497 301 4568 ἕως
331 4491 445 4570 πόλεως
476 4497 585 4573 Δαυίδ,
622 4497 673 4562 καί
705 4491 837 4578 κάθηται
850 4497 971 4577 ἐνμέσῳ
987 4498 1039 4576 τῆς
1052 4494 1164 4572 σκηνῆς·
1183 4486 1309 4551 ³8¹3&-

198 4613 202 4619 .
799 4594 802 4600 <
1259 4589 1309 4630 πει
