<?xml version="1.0" encoding="UTF-8"?>
<!DOCTYPE html PUBLIC "-//W3C//DTD XHTML 1.0 Transitional//EN"
    "http://www.w3.org/TR/xhtml1/DTD/xhtml1-transitional.dtd">
<html xmlns="http://www.w3.org/1999/xhtml" xml:lang="en" lang="en">
 <head>
  <title>
</title>
<meta http-equiv="Content-Type" content="text/html;charset=utf-8" />
  <meta name='ocr-system' content='tesseract 3.04.00' />
  <meta name='ocr-capabilities' content='ocr_page ocr_carea ocr_par ocr_line ocrx_word'/>
</head>
<body>
  <div class='ocr_page' id='page_1' title='image "./vetustestamentu00essgoog_0552.png"; bbox 0 0 2924 4972; ppageno 0'>
   <div class='ocr_carea' id='block_1_1' title="bbox 326 195 1323 306">
    <p class='ocr_par' dir='ltr' id='par_1_1' title="bbox 326 195 1323 306">
     <span class='ocr_line' id='line_1_1' title="bbox 326 195 1323 306; baseline 0.001 -40"><span class='ocrx_word' id='word_1_1' title='bbox 326 203 522 268; x_wconf 72' lang='grc' dir='ltr'><em>ΕΣΔΡΑΣ</em></span> <span class='ocrx_word' id='word_1_2' title='bbox 542 202 780 306; x_wconf 28' lang='grc' dir='ltr'><em>ΠΡΩΤΟΝ.</em></span> <span class='ocrx_word' id='word_1_3' title='bbox 798 203 875 279; x_wconf 75' lang='grc' dir='ltr'><strong><em>Κεφ.</em></strong></span> <span class='ocrx_word' id='word_1_4' title='bbox 889 204 924 274; x_wconf 64' lang='grc' dir='ltr'><strong><em>ι’.</em></strong></span> <span class='ocrx_word' id='word_1_5' title='bbox 939 195 977 275; x_wconf 76' lang='grc' dir='ltr'><strong><em>ζ’.</em></strong></span> <span class='ocrx_word' id='word_1_6' title='bbox 990 199 1056 265; x_wconf 72' lang='lat'><strong><em>027</em></strong></span> <span class='ocrx_word' id='word_1_7' title='bbox 1256 199 1323 267; x_wconf 79' lang='lat'><strong><em>483</em></strong></span> 
     </span>
    </p>
   </div>
   <div class='ocr_carea' id='block_1_2' title="bbox 67 298 1329 4660">
    <p class='ocr_par' dir='ltr' id='par_1_2' title="bbox 67 298 1329 4660">
     <span class='ocr_line' id='line_1_2' title="bbox 115 298 764 318; baseline 0.003 -12"><span class='ocrx_word' id='word_1_8' title='bbox 115 298 764 318; x_wconf 78' lang='lat'><em>.........-.-------</em></span> 
     </span>
     <span class='ocr_line' id='line_1_3' title="bbox 78 324 1325 413; baseline -0.002 -16"><span class='ocrx_word' id='word_1_9' title='bbox 78 358 156 412; x_wconf 92' lang='grc' dir='ltr'><strong><em>νεγκε</em></strong></span> <span class='ocrx_word' id='word_1_10' title='bbox 167 327 270 398; x_wconf 83' lang='grc' dir='ltr'><strong><em>πάντα</em></strong></span> <span class='ocrx_word' id='word_1_11' title='bbox 286 328 325 395; x_wconf 84' lang='grc' dir='ltr'><strong><em>τά</em></strong></span> <span class='ocrx_word' id='word_1_12' title='bbox 340 326 428 413; x_wconf 91' lang='grc' dir='ltr'><strong><em>σκεύη</em></strong></span> <span class='ocrx_word' id='word_1_13' title='bbox 444 333 543 393; x_wconf 88' lang='grc' dir='ltr'><strong><em>ταῦτα</em></strong></span> <span class='ocrx_word' id='word_1_14' title='bbox 555 326 683 392; x_wconf 80' lang='grc' dir='ltr'><strong><em>ῦποθεί-</em></strong></span> <span class='ocrx_word' id='word_1_15' title='bbox 717 333 829 411; x_wconf 80' lang='grc' dir='ltr'><strong>κυρίου.</strong></span> <span class='ocrx_word' id='word_1_16' title='bbox 865 328 898 370; x_wconf 82' lang='lat'><strong><em>²⁸</em></strong></span> <span class='ocrx_word' id='word_1_17' title='bbox 910 332 961 394; x_wconf 85' lang='grc' dir='ltr'><strong><em>καί</em></strong></span> <span class='ocrx_word' id='word_1_18' title='bbox 987 324 1050 392; x_wconf 82' lang='grc' dir='ltr'><strong><em>άπὸ</em></strong></span> <span class='ocrx_word' id='word_1_19' title='bbox 1069 333 1123 411; x_wconf 88' lang='grc' dir='ltr'><strong><em>τῆς</em></strong></span> <span class='ocrx_word' id='word_1_20' title='bbox 1140 328 1325 412; x_wconf 76' lang='grc' dir='ltr'><strong><em>φορολογίας</em></strong></span> 
     </span>
     <span class='ocr_line' id='line_1_4' title="bbox 76 409 1324 499; baseline -0.003 -17"><span class='ocrx_word' id='word_1_21' title='bbox 76 445 123 483; x_wconf 92' lang='grc' dir='ltr'><strong><em>ναι</em></strong></span> <span class='ocrx_word' id='word_1_22' title='bbox 136 420 166 481; x_wconf 91' lang='grc' dir='ltr'><strong><em>ἐν</em></strong></span> <span class='ocrx_word' id='word_1_23' title='bbox 178 419 224 499; x_wconf 75' lang='grc' dir='ltr'><strong><em>τῷ</em></strong></span> <span class='ocrx_word' id='word_1_24' title='bbox 236 419 298 498; x_wconf 79' lang='grc' dir='ltr'><strong><em>ναῷ</em></strong></span> <span class='ocrx_word' id='word_1_25' title='bbox 313 419 357 499; x_wconf 79' lang='grc' dir='ltr'><strong><em>τῷ</em></strong></span> <span class='ocrx_word' id='word_1_26' title='bbox 370 409 684 498; x_wconf 75' lang='grc' dir='ltr'><strong><em>ἒν“1ερουσαλῆμ,καί</em></strong></span> <span class='ocrx_word' id='word_1_27' title='bbox 716 410 816 493; x_wconf 95' lang='grc' dir='ltr'><strong><em>κοίλης</em></strong></span> <span class='ocrx_word' id='word_1_28' title='bbox 832 416 944 492; x_wconf 86' lang='grc' dir='ltr'><strong><em>Συρίας</em></strong></span> <span class='ocrx_word' id='word_1_29' title='bbox 958 413 1010 477; x_wconf 86' lang='grc' dir='ltr'><strong><em>καί</em></strong></span> <span class='ocrx_word' id='word_1_30' title='bbox 1027 417 1165 492; x_wconf 73' lang='grc' dir='ltr'><strong><em>Φοινίκης</em></strong></span> <span class='ocrx_word' id='word_1_31' title='bbox 1182 413 1324 496; x_wconf 73' lang='grc' dir='ltr'><strong><em>ἐπιμελῶς</em></strong></span> 
     </span>
     <span class='ocr_line' id='line_1_5' title="bbox 74 490 1324 581; baseline -0.006 -14"><span class='ocrx_word' id='word_1_32' title='bbox 74 500 127 567; x_wconf 88' lang='grc' dir='ltr'><strong><em>τόν</em></strong></span> <span class='ocrx_word' id='word_1_33' title='bbox 150 498 223 566; x_wconf 82' lang='grc' dir='ltr'><strong><em>ναὸν</em></strong></span> <span class='ocrx_word' id='word_1_34' title='bbox 243 503 300 563; x_wconf 86' lang='grc' dir='ltr'><strong><em>τοῦ</em></strong></span> <span class='ocrx_word' id='word_1_35' title='bbox 320 503 425 581; x_wconf 81' lang='grc' dir='ltr'><strong><em>κυρίου</em></strong></span> <span class='ocrx_word' id='word_1_36' title='bbox 447 496 682 578; x_wconf 74' lang='grc' dir='ltr'><strong><em>οἰκοδομηθῆναι</em></strong></span> <span class='ocrx_word' id='word_1_37' title='bbox 716 490 852 570; x_wconf 81' lang='grc' dir='ltr'><strong><em>σύνταξιν</em></strong></span> <span class='ocrx_word' id='word_1_38' title='bbox 860 493 998 561; x_wconf 85' lang='grc' dir='ltr'><strong><em>δίδοσθαι</em></strong></span> <span class='ocrx_word' id='word_1_39' title='bbox 1006 492 1126 570; x_wconf 89' lang='grc' dir='ltr'><strong><em>τούτοις</em></strong></span> <span class='ocrx_word' id='word_1_40' title='bbox 1135 492 1324 578; x_wconf 85' lang='grc' dir='ltr'><strong><em>τοῖςάνθριύ-</em></strong></span> 
     </span>
     <span class='ocr_line' id='line_1_6' title="bbox 75 574 1324 666; baseline -0.007 -15"><span class='ocrx_word' id='word_1_41' title='bbox 75 588 124 651; x_wconf 84' lang='grc' dir='ltr'><strong><em>ἐπὶ</em></strong></span> <span class='ocrx_word' id='word_1_42' title='bbox 136 588 193 649; x_wconf 86' lang='grc' dir='ltr'><strong><em>τοῦ</em></strong></span> <span class='ocrx_word' id='word_1_43' title='bbox 209 578 316 648; x_wconf 85' lang='grc' dir='ltr'><strong><em>τόπου.</em></strong></span> <span class='ocrx_word' id='word_1_44' title='bbox 354 583 382 623; x_wconf 84' lang='lat'><strong><em>¹⁹</em></strong></span> <span class='ocrx_word' id='word_1_45' title='bbox 396 574 463 645; x_wconf 91' lang='grc' dir='ltr'><strong><em>τότε</em></strong></span> <span class='ocrx_word' id='word_1_46' title='bbox 482 576 500 644; x_wconf 83' lang='grc' dir='ltr'><strong>ὁ</strong></span> <span class='ocrx_word' id='word_1_47' title='bbox 518 574 683 665; x_wconf 82' lang='grc' dir='ltr'><strong><em>Σαβανύσ-</em></strong></span> <span class='ocrx_word' id='word_1_48' title='bbox 715 603 784 652; x_wconf 83' lang='grc' dir='ltr'><strong><em>ποις</em></strong></span> <span class='ocrx_word' id='word_1_49' title='bbox 797 581 836 652; x_wconf 87' lang='grc' dir='ltr'><strong><em>εἰς</em></strong></span> <span class='ocrx_word' id='word_1_50' title='bbox 846 583 956 642; x_wconf 88' lang='grc' dir='ltr'><strong><em>θυσίαν</em></strong></span> <span class='ocrx_word' id='word_1_51' title='bbox 968 584 1013 662; x_wconf 80' lang='grc' dir='ltr'><strong><em>τῳ</em></strong></span> <span class='ocrx_word' id='word_1_52' title='bbox 1024 586 1135 665; x_wconf 83' lang='grc' dir='ltr'><strong><em>κυρίῳ,</em></strong></span> <span class='ocrx_word' id='word_1_53' title='bbox 1148 576 1324 666; x_wconf 83' lang='grc' dir='ltr'><strong><em>Ζοροβάβελ</em></strong></span> 
     </span>
     <span class='ocr_line' id='line_1_7' title="bbox 74 657 1323 754; baseline -0.005 -21"><span class='ocrx_word' id='word_1_54' title='bbox 74 694 164 754; x_wconf 88' lang='grc' dir='ltr'><strong><em>σαρος</em></strong></span> <span class='ocrx_word' id='word_1_55' title='bbox 184 660 420 752; x_wconf 86' lang='grc' dir='ltr'><strong><em>παραγενόμενος</em></strong></span> <span class='ocrx_word' id='word_1_56' title='bbox 441 659 592 749; x_wconf 71' lang='grc' dir='ltr'><strong><em>ἐνεβάλετο</em></strong></span> <span class='ocrx_word' id='word_1_57' title='bbox 613 660 683 737; x_wconf 84' lang='grc' dir='ltr'><strong><em>τοὺς</em></strong></span> <span class='ocrx_word' id='word_1_58' title='bbox 716 657 837 746; x_wconf 81' lang='grc' dir='ltr'><strong><em>ἐπάρχῳ</em></strong></span> <span class='ocrx_word' id='word_1_59' title='bbox 850 665 889 736; x_wconf 87' lang='grc' dir='ltr'><strong><em>εἰς</em></strong></span> <span class='ocrx_word' id='word_1_60' title='bbox 900 657 1045 745; x_wconf 89' lang='grc' dir='ltr'><strong><em>ταύρους,</em></strong></span> <span class='ocrx_word' id='word_1_61' title='bbox 1069 664 1121 728; x_wconf 81' lang='grc' dir='ltr'><strong><em>καί</em></strong></span> <span class='ocrx_word' id='word_1_62' title='bbox 1133 660 1249 747; x_wconf 85' lang='grc' dir='ltr'><strong><em>κριούς,</em></strong></span> <span class='ocrx_word' id='word_1_63' title='bbox 1272 688 1323 727; x_wconf 89' lang='grc' dir='ltr'><strong><em>και</em></strong></span> 
     </span>
     <span class='ocr_line' id='line_1_8' title="bbox 71 739 1325 836; baseline -0.005 -19"><span class='ocrx_word' id='word_1_64' title='bbox 71 751 226 836; x_wconf 75' lang='grc' dir='ltr'><strong><em>θεμελίους</em></strong></span> <span class='ocrx_word' id='word_1_65' title='bbox 239 754 294 814; x_wconf 85' lang='grc' dir='ltr'><strong><em>τοῦ</em></strong></span> <span class='ocrx_word' id='word_1_66' title='bbox 308 750 392 814; x_wconf 83' lang='grc' dir='ltr'><strong><em>οἴκου</em></strong></span> <span class='ocrx_word' id='word_1_67' title='bbox 401 753 505 833; x_wconf 91' lang='grc' dir='ltr'><strong><em>κυρίου</em></strong></span> <span class='ocrx_word' id='word_1_68' title='bbox 518 749 574 811; x_wconf 82' lang='grc' dir='ltr'><strong><em>τοῦ</em></strong></span> <span class='ocrx_word' id='word_1_69' title='bbox 587 748 618 810; x_wconf 89' lang='grc' dir='ltr'><strong><em>ἐν</em></strong></span> <span class='ocrx_word' id='word_1_70' title='bbox 625 743 682 810; x_wconf 85' lang='grc' dir='ltr'><strong><em>Ἰε-</em></strong></span> <span class='ocrx_word' id='word_1_71' title='bbox 714 743 738 810; x_wconf 79' lang='grc' dir='ltr'><strong><em>εἰ</em></strong></span> <span class='ocrx_word' id='word_1_72' title='bbox 758 770 823 820; x_wconf 90' lang='grc' dir='ltr'><strong><em>νας,</em></strong></span> <span class='ocrx_word' id='word_1_73' title='bbox 848 745 878 787; x_wconf 79' lang='lat'><strong><em>²⁹</em></strong></span> <span class='ocrx_word' id='word_1_74' title='bbox 892 739 1004 827; x_wconf 83' lang='grc' dir='ltr'><strong><em>ὁμοίως</em></strong></span> <span class='ocrx_word' id='word_1_75' title='bbox 1019 743 1051 809; x_wconf 79' lang='grc' dir='ltr'><strong><em>δέ</em></strong></span> <span class='ocrx_word' id='word_1_76' title='bbox 1064 749 1114 812; x_wconf 85' lang='grc' dir='ltr'><strong><em>καί</em></strong></span> <span class='ocrx_word' id='word_1_77' title='bbox 1132 743 1246 833; x_wconf 83' lang='grc' dir='ltr'><strong><em>πυρόν,</em></strong></span> <span class='ocrx_word' id='word_1_78' title='bbox 1271 749 1325 812; x_wconf 84' lang='grc' dir='ltr'><strong><em>καιΙ</em></strong></span> 
     </span>
     <span class='ocr_line' id='line_1_9' title="bbox 72 771 1323 920; baseline -0.002 -21"><span class='ocrx_word' id='word_1_79' title='bbox 72 832 246 920; x_wconf 86' lang='grc' dir='ltr'><strong><em>ρουσαλῆμ,</em></strong></span> <span class='ocrx_word' id='word_1_80' title='bbox 270 833 322 896; x_wconf 87' lang='grc' dir='ltr'><strong><em>καί</em></strong></span> <span class='ocrx_word' id='word_1_81' title='bbox 335 829 385 897; x_wconf 74' lang='grc' dir='ltr'><strong><em>ἀπ’</em></strong></span> <span class='ocrx_word' id='word_1_82' title='bbox 405 834 517 895; x_wconf 77' lang='grc' dir='ltr'><strong><em>ἐκείνου</em></strong></span> <span class='ocrx_word' id='word_1_83' title='bbox 530 834 613 916; x_wconf 90' lang='grc' dir='ltr'><strong><em>μέχρι</em></strong></span> <span class='ocrx_word' id='word_1_84' title='bbox 626 833 681 894; x_wconf 90' lang='grc' dir='ltr'><strong><em>τοῦ</em></strong></span> <span class='ocrx_word' id='word_1_85' title='bbox 715 771 785 903; x_wconf 76' lang='grc' dir='ltr'><strong><em>ἅλα,</em></strong></span> <span class='ocrx_word' id='word_1_86' title='bbox 811 828 862 891; x_wconf 85' lang='grc' dir='ltr'><strong><em>καί</em></strong></span> <span class='ocrx_word' id='word_1_87' title='bbox 875 825 966 903; x_wconf 86' lang='grc' dir='ltr'><strong><em>οίνον,</em></strong></span> <span class='ocrx_word' id='word_1_88' title='bbox 990 829 1042 892; x_wconf 85' lang='grc' dir='ltr'><strong><em>καί</em></strong></span> <span class='ocrx_word' id='word_1_89' title='bbox 1054 829 1158 896; x_wconf 76' lang='grc' dir='ltr'><strong><em>ἔλαιον</em></strong></span> <span class='ocrx_word' id='word_1_90' title='bbox 1170 829 1323 916; x_wconf 70' lang='grc' dir='ltr'><strong><em>ἐνδελεχῶς</em></strong></span> 
     </span>
     <span class='ocr_line' id='line_1_10' title="bbox 72 908 1323 1017; baseline -0.004 -34"><span class='ocrx_word' id='word_1_91' title='bbox 72 924 127 983; x_wconf 84' lang='grc' dir='ltr'><strong><em>νῦν</em></strong></span> <span class='ocrx_word' id='word_1_92' title='bbox 144 911 387 998; x_wconf 78' lang='grc' dir='ltr'><strong><em>οἰκοδομούμενος</em></strong></span> <span class='ocrx_word' id='word_1_93' title='bbox 407 913 463 978; x_wconf 79' lang='grc' dir='ltr'><strong><em>οὐκ</em></strong></span> <span class='ocrx_word' id='word_1_94' title='bbox 476 913 567 1000; x_wconf 78' lang='grc' dir='ltr'><strong><em>ἔλαβε</em></strong></span> <span class='ocrx_word' id='word_1_95' title='bbox 580 915 681 978; x_wconf 87' lang='grc' dir='ltr'><strong><em>συντέ-</em></strong></span> <span class='ocrx_word' id='word_1_96' title='bbox 714 910 778 976; x_wconf 83' lang='grc' dir='ltr'><strong><em>κατ’</em></strong></span> <span class='ocrx_word' id='word_1_97' title='bbox 795 908 943 986; x_wconf 87' lang='grc' dir='ltr'><strong><em>ἐνιαυτὸν,</em></strong></span> <span class='ocrx_word' id='word_1_98' title='bbox 969 909 1075 987; x_wconf 74' lang='grc' dir='ltr'><strong><em>καθὼς</em></strong></span> <span class='ocrx_word' id='word_1_99' title='bbox 1090 911 1129 978; x_wconf 77' lang='grc' dir='ltr'><strong><em>ἄν</em></strong></span> <span class='ocrx_word' id='word_1_100' title='bbox 1146 918 1177 977; x_wconf 86' lang='grc' dir='ltr'><strong><em>οἰ</em></strong></span> <span class='ocrx_word' id='word_1_101' title='bbox 1190 917 1274 1017; x_wconf 73' lang='grc' dir='ltr'><strong><em>ἱερεῖς</em></strong></span> <span class='ocrx_word' id='word_1_102' title='bbox 1291 917 1323 979; x_wconf 87' lang='grc' dir='ltr'><strong><em>σί</em></strong></span> 
     </span>
     <span class='ocr_line' id='line_1_11' title="bbox 74 989 1324 1084; baseline -0.002 -20"><span class='ocrx_word' id='word_1_103' title='bbox 74 1001 162 1065; x_wconf 90' lang='grc' dir='ltr'><strong><em>λειαν.</em></strong></span> <span class='ocrx_word' id='word_1_104' title='bbox 187 1003 219 1044; x_wconf 87' lang='lat'><strong><em>²⁰</em></strong></span> <span class='ocrx_word' id='word_1_105' title='bbox 232 1004 283 1064; x_wconf 87' lang='grc' dir='ltr'><strong><em>νῦν</em></strong></span> <span class='ocrx_word' id='word_1_106' title='bbox 295 989 350 1064; x_wconf 84' lang='grc' dir='ltr'><strong><em>σύν</em></strong></span> <span class='ocrx_word' id='word_1_107' title='bbox 362 1003 386 1062; x_wconf 88' lang='grc' dir='ltr'><strong><em>εἰ</em></strong></span> <span class='ocrx_word' id='word_1_108' title='bbox 398 1003 536 1082; x_wconf 73' lang='grc' dir='ltr'><strong><em>κρίνεται,</em></strong></span> <span class='ocrx_word' id='word_1_109' title='bbox 549 995 681 1084; x_wconf 86' lang='grc' dir='ltr'><strong><em>βασιλεῦ,</em></strong></span> <span class='ocrx_word' id='word_1_110' title='bbox 715 998 747 1060; x_wconf 89' lang='grc' dir='ltr'><strong><em>ἐν</em></strong></span> <span class='ocrx_word' id='word_1_111' title='bbox 755 990 950 1080; x_wconf 81' lang='grc' dir='ltr'><strong><em>Ἰερουσαλῆμ</em></strong></span> <span class='ocrx_word' id='word_1_112' title='bbox 963 991 1206 1078; x_wconf 73' lang='grc' dir='ltr'><strong><em>ὑπαγορεύσωσιν</em></strong></span> <span class='ocrx_word' id='word_1_113' title='bbox 1218 996 1324 1061; x_wconf 58' lang='grc' dir='ltr'><strong><em>αναλί.</em></strong></span> 
     </span>
     <span class='ocr_line' id='line_1_12' title="bbox 76 1075 1323 1184; baseline -0.002 -39"><span class='ocrx_word' id='word_1_114' title='bbox 76 1079 263 1166; x_wconf 81' lang='grc' dir='ltr'><strong><em>ἐπισκειτῆτω</em></strong></span> <span class='ocrx_word' id='word_1_115' title='bbox 275 1086 307 1147; x_wconf 82' lang='grc' dir='ltr'><strong><em>ἐν</em></strong></span> <span class='ocrx_word' id='word_1_116' title='bbox 320 1093 383 1156; x_wconf 87' lang='grc' dir='ltr'><strong><em>τοῖς</em></strong></span> <span class='ocrx_word' id='word_1_117' title='bbox 395 1081 556 1168; x_wconf 80' lang='grc' dir='ltr'><strong><em>βασιλικοῖς</em></strong></span> <span class='ocrx_word' id='word_1_118' title='bbox 567 1078 682 1166; x_wconf 82' lang='grc' dir='ltr'><strong><em>βιβλισ·</em></strong></span> <span class='ocrx_word' id='word_1_119' title='bbox 714 1087 838 1143; x_wconf 90' lang='grc' dir='ltr'><strong><em>σκεσθαι</em></strong></span> <span class='ocrx_word' id='word_1_120' title='bbox 846 1075 917 1142; x_wconf 80' lang='grc' dir='ltr'><strong><em>καθ’</em></strong></span> <span class='ocrx_word' id='word_1_121' title='bbox 929 1075 1041 1163; x_wconf 78' lang='grc' dir='ltr'><strong><em>ἡμέραν</em></strong></span> <span class='ocrx_word' id='word_1_122' title='bbox 1050 1076 1200 1164; x_wconf 84' lang='grc' dir='ltr'><strong><em>ἆναμφισβ</em></strong></span> <span class='ocrx_word' id='word_1_123' title='bbox 1236 1075 1323 1184; x_wconf 86' lang='grc' dir='ltr'><strong><em>ῆτως,</em></strong></span> 
     </span>
     <span class='ocr_line' id='line_1_13' title="bbox 77 1103 1323 1251; baseline -0.004 -21"><span class='ocrx_word' id='word_1_124' title='bbox 77 1165 230 1245; x_wconf 84' lang='grc' dir='ltr'><strong><em>φυλακίοις</em></strong></span> <span class='ocrx_word' id='word_1_125' title='bbox 248 1170 304 1228; x_wconf 85' lang='grc' dir='ltr'><strong><em>τοῦ</em></strong></span> <span class='ocrx_word' id='word_1_126' title='bbox 318 1160 439 1251; x_wconf 81' lang='grc' dir='ltr'><strong><em>Κύρου,</em></strong></span> <span class='ocrx_word' id='word_1_127' title='bbox 463 1166 555 1228; x_wconf 80' lang='grc' dir='ltr'><strong><em>21καί</em></strong></span> <span class='ocrx_word' id='word_1_128' title='bbox 567 1163 620 1228; x_wconf 83' lang='grc' dir='ltr'><strong><em>ἰὰν</em></strong></span> <span class='ocrx_word' id='word_1_129' title='bbox 633 1158 682 1226; x_wconf 86' lang='grc' dir='ltr'><strong><em>εῦ·</em></strong></span> <span class='ocrx_word' id='word_1_130' title='bbox 714 1157 842 1238; x_wconf 73' lang='grc' dir='ltr'><strong><em>20ὅπως</em></strong></span> <span class='ocrx_word' id='word_1_131' title='bbox 870 1163 1097 1246; x_wconf 85' lang='grc' dir='ltr'><strong><em>προςφέρωνται</em></strong></span> <span class='ocrx_word' id='word_1_132' title='bbox 1123 1103 1255 1226; x_wconf 64' lang='grc' dir='ltr'><strong><em>σπονδῦι</em></strong></span> <span class='ocrx_word' id='word_1_133' title='bbox 1279 1166 1323 1245; x_wconf 78' lang='grc' dir='ltr'><strong><em>τῷ</em></strong></span> 
     </span>
     <span class='ocr_line' id='line_1_14' title="bbox 76 1240 1325 1351; baseline -0.002 -40"><span class='ocrx_word' id='word_1_134' title='bbox 76 1254 144 1331; x_wconf 91' lang='grc' dir='ltr'><strong><em>ρίσκ</em></strong></span> <span class='ocrx_word' id='word_1_135' title='bbox 165 1273 194 1312; x_wconf 89' lang='grc' dir='ltr'><strong><em>τε</em></strong></span> <span class='ocrx_word' id='word_1_136' title='bbox 210 1245 282 1329; x_wconf 81' lang='grc' dir='ltr'><strong><em>μετὰ</em></strong></span> <span class='ocrx_word' id='word_1_137' title='bbox 300 1252 353 1351; x_wconf 88' lang='grc' dir='ltr'><strong><em>τῆς</em></strong></span> <span class='ocrx_word' id='word_1_138' title='bbox 368 1245 485 1330; x_wconf 80' lang='grc' dir='ltr'><strong><em>γνώμης</em></strong></span> <span class='ocrx_word' id='word_1_139' title='bbox 497 1241 606 1332; x_wconf 86' lang='grc' dir='ltr'><strong><em>Κύρου</em></strong></span> <span class='ocrx_word' id='word_1_140' title='bbox 623 1249 680 1311; x_wconf 88' lang='grc' dir='ltr'><strong><em>τσῦ</em></strong></span> <span class='ocrx_word' id='word_1_141' title='bbox 714 1249 777 1329; x_wconf 81' lang='grc' dir='ltr'><strong><em>θεῷ</em></strong></span> <span class='ocrx_word' id='word_1_142' title='bbox 803 1249 848 1329; x_wconf 81' lang='grc' dir='ltr'><strong><em>τῷ</em></strong></span> <span class='ocrx_word' id='word_1_143' title='bbox 868 1240 990 1328; x_wconf 78' lang='grc' dir='ltr'><strong><em>ῦῳίστῳ</em></strong></span> <span class='ocrx_word' id='word_1_144' title='bbox 1010 1240 1086 1329; x_wconf 77' lang='grc' dir='ltr'><strong><em>ὑπὲρ</em></strong></span> <span class='ocrx_word' id='word_1_145' title='bbox 1105 1248 1163 1308; x_wconf 87' lang='grc' dir='ltr'><strong><em>τοῦ</em></strong></span> <span class='ocrx_word' id='word_1_146' title='bbox 1180 1243 1325 1329; x_wconf 83' lang='grc' dir='ltr'><strong><em>βασιλέως</em></strong></span> 
     </span>
     <span class='ocr_line' id='line_1_15' title="bbox 74 1322 1326 1418; baseline -0.002 -24"><span class='ocrx_word' id='word_1_147' title='bbox 74 1337 136 1418; x_wconf 90' lang='grc' dir='ltr'><strong><em>βασ</em></strong></span> <span class='ocrx_word' id='word_1_148' title='bbox 176 1326 613 1414; x_wconf 78' lang='grc' dir='ltr'><strong><em>’ςγενομενηντῆνοίκοδαμῆν</em></strong></span> <span class='ocrx_word' id='word_1_149' title='bbox 626 1332 681 1394; x_wconf 91' lang='grc' dir='ltr'><strong><em>τοῦ</em></strong></span> <span class='ocrx_word' id='word_1_150' title='bbox 714 1333 834 1394; x_wconf 81' lang='grc' dir='ltr'><strong><em>καὶτῶν</em></strong></span> <span class='ocrx_word' id='word_1_151' title='bbox 844 1322 1326 1415; x_wconf 84' lang='grc' dir='ltr'><strong><em>παίδων,καίπροςεύχωνταιπερί</em></strong></span> 
     </span>
     <span class='ocr_line' id='line_1_16' title="bbox 75 1406 1324 1499; baseline -0.002 -20"><span class='ocrx_word' id='word_1_152' title='bbox 75 1418 160 1479; x_wconf 85' lang='grc' dir='ltr'><strong><em>οἴκου</em></strong></span> <span class='ocrx_word' id='word_1_153' title='bbox 173 1421 275 1499; x_wconf 89' lang='grc' dir='ltr'><strong><em>κυρίου</em></strong></span> <span class='ocrx_word' id='word_1_154' title='bbox 289 1418 343 1478; x_wconf 86' lang='grc' dir='ltr'><strong><em>τοῦ</em></strong></span> <span class='ocrx_word' id='word_1_155' title='bbox 356 1408 603 1497; x_wconf 82' lang='grc' dir='ltr'><strong><em>ἕνἾερσυσαλῆμ,</em></strong></span> <span class='ocrx_word' id='word_1_156' title='bbox 628 1412 681 1478; x_wconf 81' lang='grc' dir='ltr'><strong><em>καὶ</em></strong></span> <span class='ocrx_word' id='word_1_157' title='bbox 715 1417 767 1496; x_wconf 90' lang='grc' dir='ltr'><strong><em>τῆς</em></strong></span> <span class='ocrx_word' id='word_1_158' title='bbox 779 1411 883 1477; x_wconf 77' lang='grc' dir='ltr'><strong><em>αὐτῶν</em></strong></span> <span class='ocrx_word' id='word_1_159' title='bbox 895 1415 980 1496; x_wconf 82' lang='grc' dir='ltr'><strong><em>ζωῆς,</em></strong></span> <span class='ocrx_word' id='word_1_160' title='bbox 998 1413 1024 1455; x_wconf 84' lang='lat'><strong><em>³¹</em></strong></span> <span class='ocrx_word' id='word_1_161' title='bbox 1037 1414 1090 1478; x_wconf 87' lang='grc' dir='ltr'><strong><em>καί</em></strong></span> <span class='ocrx_word' id='word_1_162' title='bbox 1101 1406 1263 1494; x_wconf 83' lang='grc' dir='ltr'><strong><em>προςτάξαι</em></strong></span> <span class='ocrx_word' id='word_1_163' title='bbox 1274 1415 1324 1476; x_wconf 83' lang='grc' dir='ltr'><strong><em>ἵνα</em></strong></span> 
     </span>
     <span class='ocr_line' id='line_1_17' title="bbox 73 1492 1324 1600; baseline -0.003 -37"><span class='ocrx_word' id='word_1_164' title='bbox 73 1505 207 1582; x_wconf 91' lang='grc' dir='ltr'><strong><em>κρίνηται</em></strong></span> <span class='ocrx_word' id='word_1_165' title='bbox 217 1500 262 1580; x_wconf 77' lang='grc' dir='ltr'><strong><em>τῷ</em></strong></span> <span class='ocrx_word' id='word_1_166' title='bbox 270 1503 363 1582; x_wconf 93' lang='grc' dir='ltr'><strong><em>κυρίῳ</em></strong></span> <span class='ocrx_word' id='word_1_167' title='bbox 370 1494 584 1583; x_wconf 83' lang='grc' dir='ltr'><strong><em>βασιλεῖῆμῶν,</em></strong></span> <span class='ocrx_word' id='word_1_168' title='bbox 591 1520 680 1583; x_wconf 85' lang='grc' dir='ltr'><strong><em>προς·</em></strong></span> <span class='ocrx_word' id='word_1_169' title='bbox 715 1492 782 1561; x_wconf 78' lang='grc' dir='ltr'><strong><em>ὅσοι</em></strong></span> <span class='ocrx_word' id='word_1_170' title='bbox 799 1494 852 1561; x_wconf 85' lang='grc' dir='ltr'><strong><em>έάν</em></strong></span> <span class='ocrx_word' id='word_1_171' title='bbox 863 1498 1026 1600; x_wconf 82' lang='grc' dir='ltr'><strong><em>παραβῶσί</em></strong></span> <span class='ocrx_word' id='word_1_172' title='bbox 1041 1520 1071 1559; x_wconf 90' lang='grc' dir='ltr'><strong><em>τι</em></strong></span> <span class='ocrx_word' id='word_1_173' title='bbox 1084 1499 1145 1559; x_wconf 87' lang='grc' dir='ltr'><strong><em>τῶν</em></strong></span> <span class='ocrx_word' id='word_1_174' title='bbox 1160 1497 1324 1578; x_wconf 89' lang='grc' dir='ltr'><strong><em>γεγραμμέ-</em></strong></span> 
     </span>
     <span class='ocr_line' id='line_1_18' title="bbox 74 1574 1322 1665; baseline -0.002 -21"><span class='ocrx_word' id='word_1_175' title='bbox 74 1577 243 1663; x_wconf 77' lang='grc' dir='ltr'><strong><em>φωνησάτω</em></strong></span> <span class='ocrx_word' id='word_1_176' title='bbox 257 1578 323 1662; x_wconf 78' lang='grc' dir='ltr'><strong><em>ἡμῖν</em></strong></span> <span class='ocrx_word' id='word_1_177' title='bbox 334 1582 401 1665; x_wconf 87' lang='grc' dir='ltr'><strong><em>περί</em></strong></span> <span class='ocrx_word' id='word_1_178' title='bbox 417 1577 544 1645; x_wconf 87' lang='grc' dir='ltr'><strong><em>τούτων.</em></strong></span> <span class='ocrx_word' id='word_1_179' title='bbox 572 1574 681 1645; x_wconf 87' lang='grc' dir='ltr'><strong><em>22τότε</em></strong></span> <span class='ocrx_word' id='word_1_180' title='bbox 715 1604 772 1644; x_wconf 89' lang='grc' dir='ltr'><strong><em>νων</em></strong></span> <span class='ocrx_word' id='word_1_181' title='bbox 789 1583 841 1644; x_wconf 85' lang='grc' dir='ltr'><strong><em>καί</em></strong></span> <span class='ocrx_word' id='word_1_182' title='bbox 853 1578 1044 1665; x_wconf 84' lang='grc' dir='ltr'><strong><em>σἰκυριοσωσι,</em></strong></span> <span class='ocrx_word' id='word_1_183' title='bbox 1070 1578 1221 1662; x_wconf 73' lang='grc' dir='ltr'><strong><em>ληφθῆναι</em></strong></span> <span class='ocrx_word' id='word_1_184' title='bbox 1234 1575 1322 1655; x_wconf 79' lang='grc' dir='ltr'><strong><em>ξύλον</em></strong></span> 
     </span>
     <span class='ocr_line' id='line_1_19' title="bbox 74 1659 1323 1750; baseline 0 -23"><span class='ocrx_word' id='word_1_185' title='bbox 74 1663 91 1727; x_wconf 85' lang='grc' dir='ltr'><strong>ὁ</strong></span> <span class='ocrx_word' id='word_1_186' title='bbox 117 1661 253 1750; x_wconf 83' lang='grc' dir='ltr'><strong><em>βασιλεὺς</em></strong></span> <span class='ocrx_word' id='word_1_187' title='bbox 271 1669 396 1750; x_wconf 86' lang='grc' dir='ltr'><strong><em>Δαρεῖος</em></strong></span> <span class='ocrx_word' id='word_1_188' title='bbox 413 1666 589 1747; x_wconf 87' lang='grc' dir='ltr'><strong><em>πρσςέταξεν</em></strong></span> <span class='ocrx_word' id='word_1_189' title='bbox 614 1666 681 1749; x_wconf 80' lang='grc' dir='ltr'><strong><em>ἐπι·</em></strong></span> <span class='ocrx_word' id='word_1_190' title='bbox 714 1666 746 1727; x_wconf 87' lang='grc' dir='ltr'><strong><em>ἐκ</em></strong></span> <span class='ocrx_word' id='word_1_191' title='bbox 771 1667 831 1728; x_wconf 80' lang='grc' dir='ltr'><strong><em>τῶν</em></strong></span> <span class='ocrx_word' id='word_1_192' title='bbox 853 1664 935 1729; x_wconf 90' lang='grc' dir='ltr'><strong><em>ἰδίων</em></strong></span> <span class='ocrx_word' id='word_1_193' title='bbox 953 1659 1065 1737; x_wconf 77' lang='grc' dir='ltr'><strong><em>αὐτοῦ,</em></strong></span> <span class='ocrx_word' id='word_1_194' title='bbox 1090 1664 1142 1726; x_wconf 87' lang='grc' dir='ltr'><strong><em>καί</em></strong></span> <span class='ocrx_word' id='word_1_195' title='bbox 1159 1659 1204 1726; x_wconf 79' lang='grc' dir='ltr'><strong><em>ἐπ’</em></strong></span> <span class='ocrx_word' id='word_1_196' title='bbox 1226 1659 1323 1727; x_wconf 87' lang='grc' dir='ltr'><strong><em>αῦτσῦ</em></strong></span> 
     </span>
     <span class='ocr_line' id='line_1_20' title="bbox 75 1741 1321 1895; baseline -0.001 -84"><span class='ocrx_word' id='word_1_197' title='bbox 75 1749 250 1831; x_wconf 80' lang='grc' dir='ltr'><strong><em>σκέψασθαι</em></strong></span> <span class='ocrx_word' id='word_1_198' title='bbox 282 1750 312 1810; x_wconf 84' lang='grc' dir='ltr'><strong><em>έν</em></strong></span> <span class='ocrx_word' id='word_1_199' title='bbox 335 1760 397 1823; x_wconf 87' lang='grc' dir='ltr'><strong><em>τοῖς</em></strong></span> <span class='ocrx_word' id='word_1_200' title='bbox 426 1747 680 1895; x_wconf 66' lang='grc' dir='ltr'><strong><em>βχβλιοφυλακίοις</em></strong></span> <span class='ocrx_word' id='word_1_201' title='bbox 714 1751 934 1832; x_wconf 78' lang='grc' dir='ltr'><strong><em>κρεμασθῆναι,</em></strong></span> <span class='ocrx_word' id='word_1_202' title='bbox 960 1750 1011 1812; x_wconf 84' lang='grc' dir='ltr'><strong><em>καί</em></strong></span> <span class='ocrx_word' id='word_1_203' title='bbox 1025 1742 1065 1810; x_wconf 81' lang='grc' dir='ltr'><strong><em>τά</em></strong></span> <span class='ocrx_word' id='word_1_204' title='bbox 1078 1741 1252 1830; x_wconf 72' lang='grc' dir='ltr'><strong><em>ὑπάρχοντα</em></strong></span> <span class='ocrx_word' id='word_1_205' title='bbox 1264 1742 1321 1810; x_wconf 87' lang='grc' dir='ltr'><strong><em>αύ-</em></strong></span> 
     </span>
     <span class='ocr_line' id='line_1_21' title="bbox 72 1825 1321 1915; baseline 0 -21"><span class='ocrx_word' id='word_1_206' title='bbox 72 1833 282 1912; x_wconf 80' lang='grc' dir='ltr'><strong><em>τοῖςκειμένοις</em></strong></span> <span class='ocrx_word' id='word_1_207' title='bbox 295 1833 426 1895; x_wconf 83' lang='grc' dir='ltr'><strong><em>ε’νΒαυ</em></strong></span> <span class='ocrx_word' id='word_1_208' title='bbox 455 1836 507 1907; x_wconf 73' lang='grc' dir='ltr'><strong><em>’νι,</em></strong></span> <span class='ocrx_word' id='word_1_209' title='bbox 533 1833 584 1896; x_wconf 86' lang='grc' dir='ltr'><strong><em>καί</em></strong></span> <span class='ocrx_word' id='word_1_210' title='bbox 596 1827 680 1915; x_wconf 86' lang='grc' dir='ltr'><strong><em>εύρέ-</em></strong></span> <span class='ocrx_word' id='word_1_211' title='bbox 714 1837 768 1896; x_wconf 88' lang='grc' dir='ltr'><strong><em>τοῦ</em></strong></span> <span class='ocrx_word' id='word_1_212' title='bbox 786 1827 860 1896; x_wconf 83' lang='grc' dir='ltr'><strong><em>εἰναι</em></strong></span> <span class='ocrx_word' id='word_1_213' title='bbox 918 1829 1025 1896; x_wconf 85' lang='grc' dir='ltr'><strong><em>οιλικά.</em></strong></span> <span class='ocrx_word' id='word_1_214' title='bbox 1050 1830 1081 1872; x_wconf 84' lang='lat'><strong><em>³²</em></strong></span> <span class='ocrx_word' id='word_1_215' title='bbox 1092 1825 1141 1895; x_wconf 82' lang='grc' dir='ltr'><strong><em>διά</em></strong></span> <span class='ocrx_word' id='word_1_216' title='bbox 1158 1833 1257 1894; x_wconf 90' lang='grc' dir='ltr'><strong><em>ταῦτα</em></strong></span> <span class='ocrx_word' id='word_1_217' title='bbox 1269 1830 1321 1894; x_wconf 87' lang='grc' dir='ltr'><strong><em>καί</em></strong></span> 
     </span>
     <span class='ocr_line' id='line_1_22' title="bbox 71 1905 1321 2018; baseline 0 -40"><span class='ocrx_word' id='word_1_218' title='bbox 71 1925 114 1997; x_wconf 89' lang='grc' dir='ltr'><strong><em>θη</em></strong></span> <span class='ocrx_word' id='word_1_219' title='bbox 127 1917 157 1979; x_wconf 82' lang='grc' dir='ltr'><strong><em>ἐν</em></strong></span> <span class='ocrx_word' id='word_1_220' title='bbox 167 1910 357 2001; x_wconf 78' lang='grc' dir='ltr'><strong><em>Ἐκβατάνοις</em></strong></span> <span class='ocrx_word' id='word_1_221' title='bbox 367 1919 405 1998; x_wconf 84' lang='grc' dir='ltr'><strong><em>τῆ</em></strong></span> <span class='ocrx_word' id='word_1_222' title='bbox 413 1910 496 2001; x_wconf 82' lang='grc' dir='ltr'><strong><em>βάρει</em></strong></span> <span class='ocrx_word' id='word_1_223' title='bbox 510 1919 546 2008; x_wconf 85' lang='grc' dir='ltr'><strong><em>τῆ</em></strong></span> <span class='ocrx_word' id='word_1_224' title='bbox 559 1918 592 1981; x_wconf 88' lang='grc' dir='ltr'><strong><em>ἰν</em></strong></span> <span class='ocrx_word' id='word_1_225' title='bbox 602 1921 679 2018; x_wconf 82' lang='grc' dir='ltr'><strong><em>Μη-</em></strong></span> <span class='ocrx_word' id='word_1_226' title='bbox 715 1910 861 1997; x_wconf 84' lang='grc' dir='ltr'><strong><em>ὃκύριος,</em></strong></span> <span class='ocrx_word' id='word_1_227' title='bbox 887 1905 924 1979; x_wconf 85' lang='grc' dir='ltr'><strong><em>ού</em></strong></span> <span class='ocrx_word' id='word_1_228' title='bbox 942 1911 978 1978; x_wconf 86' lang='grc' dir='ltr'><strong><em>τό</em></strong></span> <span class='ocrx_word' id='word_1_229' title='bbox 997 1912 1091 1995; x_wconf 79' lang='grc' dir='ltr'><strong><em>ὄνομα</em></strong></span> <span class='ocrx_word' id='word_1_230' title='bbox 1111 1910 1207 1979; x_wconf 81' lang='grc' dir='ltr'><strong><em>αὐτοῦ</em></strong></span> <span class='ocrx_word' id='word_1_231' title='bbox 1223 1915 1321 1978; x_wconf 84' lang='grc' dir='ltr'><strong><em>ἐπικέ-</em></strong></span> 
     </span>
     <span class='ocr_line' id='line_1_23' title="bbox 73 1989 1321 2084; baseline -0.001 -22"><span class='ocrx_word' id='word_1_232' title='bbox 73 1999 137 2081; x_wconf 77' lang='grc' dir='ltr'><strong><em>δείᾳ</em></strong></span> <span class='ocrx_word' id='word_1_233' title='bbox 148 1996 232 2082; x_wconf 76' lang='grc' dir='ltr'><strong><em>χώρᾳ</em></strong></span> <span class='ocrx_word' id='word_1_234' title='bbox 246 1995 339 2072; x_wconf 85' lang='grc' dir='ltr'><strong><em>τύπος</em></strong></span> <span class='ocrx_word' id='word_1_235' title='bbox 350 1989 399 2074; x_wconf 73' lang='grc' dir='ltr'><strong><em>εἰς’,</em></strong></span> <span class='ocrx_word' id='word_1_236' title='bbox 416 2002 448 2062; x_wconf 84' lang='grc' dir='ltr'><strong><em>έν</em></strong></span> <span class='ocrx_word' id='word_1_237' title='bbox 459 1990 486 2062; x_wconf 78' lang='grc' dir='ltr'><em>ὦ</em></span> <span class='ocrx_word' id='word_1_238' title='bbox 499 1993 678 2082; x_wconf 85' lang='grc' dir='ltr'><strong><em>ύπομνημα-</em></strong></span> <span class='ocrx_word' id='word_1_239' title='bbox 714 1998 819 2081; x_wconf 88' lang='grc' dir='ltr'><strong><em>κληται</em></strong></span> <span class='ocrx_word' id='word_1_240' title='bbox 831 2002 904 2074; x_wconf 85' lang='grc' dir='ltr'><strong><em>έκεῖ,</em></strong></span> <span class='ocrx_word' id='word_1_241' title='bbox 927 1998 1070 2078; x_wconf 73' lang='grc' dir='ltr'><strong><em>ἀφανίσαι</em></strong></span> <span class='ocrx_word' id='word_1_242' title='bbox 1082 1994 1184 2062; x_wconf 86' lang='grc' dir='ltr'><strong><em>πάντα</em></strong></span> <span class='ocrx_word' id='word_1_243' title='bbox 1194 1997 1321 2084; x_wconf 77' lang='grc' dir='ltr'><strong><em>βασιλέα</em></strong></span> 
     </span>
     <span class='ocr_line' id='line_1_24' title="bbox 73 2064 1321 2186; baseline 0.002 -42"><span class='ocrx_word' id='word_1_244' title='bbox 73 2106 158 2145; x_wconf 88' lang='grc' dir='ltr'><strong><em>τιστο</em></strong></span> <span class='ocrx_word' id='word_1_245' title='bbox 172 2081 250 2146; x_wconf 85' lang='grc' dir='ltr'><strong><em>τάδε.</em></strong></span> <span class='ocrx_word' id='word_1_246' title='bbox 275 2083 390 2156; x_wconf 79' lang='grc' dir='ltr'><strong><em>23έτους</em></strong></span> <span class='ocrx_word' id='word_1_247' title='bbox 402 2064 527 2169; x_wconf 80' lang='grc' dir='ltr'><strong><em>πραύτσυ</em></strong></span> <span class='ocrx_word' id='word_1_248' title='bbox 539 2077 691 2169; x_wconf 74' lang='grc' dir='ltr'><strong><em>βασιλεύ.</em></strong></span> <span class='ocrx_word' id='word_1_249' title='bbox 713 2085 765 2147; x_wconf 87' lang='grc' dir='ltr'><strong><em>καί</em></strong></span> <span class='ocrx_word' id='word_1_250' title='bbox 777 2085 881 2156; x_wconf 78' lang='grc' dir='ltr'><strong><em>ἔθνος,</em></strong></span> <span class='ocrx_word' id='word_1_251' title='bbox 900 2077 933 2156; x_wconf 81' lang='grc' dir='ltr'><strong><em>ὃς</em></strong></span> <span class='ocrx_word' id='word_1_252' title='bbox 945 2085 1053 2146; x_wconf 85' lang='grc' dir='ltr'><strong><em>ἐκτενεί</em></strong></span> <span class='ocrx_word' id='word_1_253' title='bbox 1063 2079 1116 2163; x_wconf 89' lang='grc' dir='ltr'><strong><em>τῆν</em></strong></span> <span class='ocrx_word' id='word_1_254' title='bbox 1129 2091 1212 2186; x_wconf 84' lang='grc' dir='ltr'><strong><em>χεῖρα</em></strong></span> <span class='ocrx_word' id='word_1_255' title='bbox 1224 2080 1321 2146; x_wconf 88' lang='grc' dir='ltr'><strong><em>αῦτσῦ</em></strong></span> 
     </span>
     <span class='ocr_line' id='line_1_25' title="bbox 75 2161 1321 2252; baseline 0 -23"><span class='ocrx_word' id='word_1_256' title='bbox 75 2190 158 2239; x_wconf 79' lang='grc' dir='ltr'><strong><em>ουτος</em></strong></span> <span class='ocrx_word' id='word_1_257' title='bbox 171 2162 276 2250; x_wconf 84' lang='grc' dir='ltr'><strong><em>Κύρου</em></strong></span> <span class='ocrx_word' id='word_1_258' title='bbox 294 2161 429 2252; x_wconf 76' lang='grc' dir='ltr'><strong><em>βασιλεὺς</em></strong></span> <span class='ocrx_word' id='word_1_259' title='bbox 448 2172 551 2251; x_wconf 80' lang='grc' dir='ltr'><strong><em>Κῦρος</em></strong></span> <span class='ocrx_word' id='word_1_260' title='bbox 568 2167 678 2249; x_wconf 83' lang='grc' dir='ltr'><strong><em>πρσςέ-</em></strong></span> <span class='ocrx_word' id='word_1_261' title='bbox 713 2166 843 2230; x_wconf 86' lang='grc' dir='ltr'><strong><em>κωλῦσαι</em></strong></span> <span class='ocrx_word' id='word_1_262' title='bbox 862 2164 1091 2249; x_wconf 84' lang='grc' dir='ltr'><strong><em>ἢκακοπσιῆσαι</em></strong></span> <span class='ocrx_word' id='word_1_263' title='bbox 1105 2189 1159 2229; x_wconf 88' lang='grc' dir='ltr'><strong><em>τον</em></strong></span> <span class='ocrx_word' id='word_1_264' title='bbox 1171 2163 1255 2229; x_wconf 86' lang='grc' dir='ltr'><strong><em>οἰκον</em></strong></span> <span class='ocrx_word' id='word_1_265' title='bbox 1267 2191 1321 2229; x_wconf 86' lang='grc' dir='ltr'><strong><em>κυ-</em></strong></span> 
     </span>
     <span class='ocr_line' id='line_1_26' title="bbox 73 2243 1320 2336; baseline -0.001 -25"><span class='ocrx_word' id='word_1_266' title='bbox 73 2250 143 2323; x_wconf 88' lang='grc' dir='ltr'><strong><em>ταξε</em></strong></span> <span class='ocrx_word' id='word_1_267' title='bbox 156 2248 210 2313; x_wconf 86' lang='grc' dir='ltr'><strong><em>τὸν</em></strong></span> <span class='ocrx_word' id='word_1_268' title='bbox 222 2248 306 2314; x_wconf 77' lang='grc' dir='ltr'><strong><em>οἰκον</em></strong></span> <span class='ocrx_word' id='word_1_269' title='bbox 325 2253 381 2313; x_wconf 86' lang='grc' dir='ltr'><strong><em>τοῦ</em></strong></span> <span class='ocrx_word' id='word_1_270' title='bbox 399 2256 503 2336; x_wconf 89' lang='grc' dir='ltr'><strong><em>κυρίου</em></strong></span> <span class='ocrx_word' id='word_1_271' title='bbox 517 2249 569 2314; x_wconf 89' lang='grc' dir='ltr'><strong><em>τὸν</em></strong></span> <span class='ocrx_word' id='word_1_272' title='bbox 582 2244 677 2314; x_wconf 80' lang='grc' dir='ltr'><strong><em>ένἾε-</em></strong></span> <span class='ocrx_word' id='word_1_273' title='bbox 713 2255 780 2333; x_wconf 91' lang='grc' dir='ltr'><strong><em>ρίου</em></strong></span> <span class='ocrx_word' id='word_1_274' title='bbox 790 2251 899 2314; x_wconf 83' lang='grc' dir='ltr'><strong><em>ἐκεῖνον</em></strong></span> <span class='ocrx_word' id='word_1_275' title='bbox 909 2243 1212 2330; x_wconf 81' lang='grc' dir='ltr'><strong><em>τδνένἹερουσαλῆμ.</em></strong></span> <span class='ocrx_word' id='word_1_276' title='bbox 1227 2243 1320 2324; x_wconf 70' lang='grc' dir='ltr'><strong><em>23ἐγώ</em></strong></span> 
     </span>
     <span class='ocr_line' id='line_1_27' title="bbox 75 2328 1321 2480; baseline -0.002 -84"><span class='ocrx_word' id='word_1_277' title='bbox 75 2331 229 2416; x_wconf 82' lang='grc' dir='ltr'><strong><em>ρσυσαλῆμ</em></strong></span> <span class='ocrx_word' id='word_1_278' title='bbox 241 2333 453 2415; x_wconf 88' lang='grc' dir='ltr'><strong><em>οἰκοδομῆσαι,</em></strong></span> <span class='ocrx_word' id='word_1_279' title='bbox 478 2328 555 2397; x_wconf 77' lang='grc' dir='ltr'><strong><em>ὅπου</em></strong></span> <span class='ocrx_word' id='word_1_280' title='bbox 567 2329 674 2396; x_wconf 83' lang='grc' dir='ltr'><strong><em>ἐπιθύ-</em></strong></span> <span class='ocrx_word' id='word_1_281' title='bbox 713 2330 848 2480; x_wconf 80' lang='grc' dir='ltr'><strong><em>βασιλεὺς</em></strong></span> <span class='ocrx_word' id='word_1_282' title='bbox 865 2338 990 2417; x_wconf 83' lang='grc' dir='ltr'><strong><em>Δαρεῖος</em></strong></span> <span class='ocrx_word' id='word_1_283' title='bbox 1008 2330 1204 2414; x_wconf 85' lang='grc' dir='ltr'><strong><em>δεδογμάτικα</em></strong></span> <span class='ocrx_word' id='word_1_284' title='bbox 1222 2333 1321 2413; x_wconf 87' lang='grc' dir='ltr'><strong><em>ἐπιμε-</em></strong></span> 
     </span>
     <span class='ocr_line' id='line_1_28' title="bbox 75 2407 1130 2499; baseline 0.001 -22"><span class='ocrx_word' id='word_1_285' title='bbox 75 2440 142 2477; x_wconf 91' lang='grc' dir='ltr'><strong><em>ουσι</em></strong></span> <span class='ocrx_word' id='word_1_286' title='bbox 159 2414 208 2477; x_wconf 81' lang='grc' dir='ltr'><strong><em>διὰ</em></strong></span> <span class='ocrx_word' id='word_1_287' title='bbox 224 2413 318 2499; x_wconf 86' lang='grc' dir='ltr'><strong><em>πυρὸς</em></strong></span> <span class='ocrx_word' id='word_1_288' title='bbox 335 2415 508 2499; x_wconf 81' lang='grc' dir='ltr'><strong><em>ἐνδελεχοῦς,</em></strong></span> <span class='ocrx_word' id='word_1_289' title='bbox 534 2416 565 2457; x_wconf 75' lang='lat'><strong><em>²⁴</em></strong></span> <span class='ocrx_word' id='word_1_290' title='bbox 584 2407 622 2479; x_wconf 86' lang='grc' dir='ltr'><strong><em>ού</em></strong></span> <span class='ocrx_word' id='word_1_291' title='bbox 640 2410 677 2479; x_wconf 89' lang='grc' dir='ltr'><strong><em>τό</em></strong></span> <span class='ocrx_word' id='word_1_292' title='bbox 734 2421 774 2492; x_wconf 79' lang='grc' dir='ltr'><strong><em>ὥς</em></strong></span> <span class='ocrx_word' id='word_1_293' title='bbox 787 2415 865 2482; x_wconf 83' lang='grc' dir='ltr'><strong><em>κατά</em></strong></span> <span class='ocrx_word' id='word_1_294' title='bbox 878 2422 975 2482; x_wconf 85' lang='grc' dir='ltr'><strong><em>ταῦτα</em></strong></span> <span class='ocrx_word' id='word_1_295' title='bbox 986 2424 1130 2495; x_wconf 88' lang='grc' dir='ltr'><strong><em>γίνεσθαι.</em></strong></span> 
     </span>
     <span class='ocr_line' id='line_1_29' title="bbox 77 2492 1127 2583; baseline 0.004 -26"><span class='ocrx_word' id='word_1_296' title='bbox 77 2492 269 2580; x_wconf 80' lang='grc' dir='ltr'><strong><em>ύηιοςπηχιῦν</em></strong></span> <span class='ocrx_word' id='word_1_297' title='bbox 282 2493 437 2578; x_wconf 84' lang='grc' dir='ltr'><strong><em>έξῆκοντα,</em></strong></span> <span class='ocrx_word' id='word_1_298' title='bbox 450 2492 678 2583; x_wconf 74' lang='grc' dir='ltr'><strong><em>πλάτοςηιηχῶν</em></strong></span> <span class='ocrx_word' id='word_1_299' title='bbox 907 2507 941 2564; x_wconf 92' lang='grc' dir='ltr'><strong><em>Κ</em></strong></span> <span class='ocrx_word' id='word_1_300' title='bbox 952 2508 981 2564; x_wconf 88' lang='lat' dir='ltr'><em>E</em></span> <span class='ocrx_word' id='word_1_301' title='bbox 995 2507 1033 2563; x_wconf 92' lang='grc' dir='ltr'><strong><em>Φ.</em></strong></span> <span class='ocrx_word' id='word_1_302' title='bbox 1077 2496 1127 2562; x_wconf 84' lang='lat' dir='ltr'><strong><em>Z‘.</em></strong></span> 
     </span>
     <span class='ocr_line' id='line_1_30' title="bbox 76 2550 1320 2667; baseline 0.002 -25"><span class='ocrx_word' id='word_1_303' title='bbox 76 2576 217 2660; x_wconf 82' lang='grc' dir='ltr'><strong><em>έξῆκοντα</em></strong></span> <span class='ocrx_word' id='word_1_304' title='bbox 238 2579 287 2645; x_wconf 83' lang='grc' dir='ltr'><strong><em>διά</em></strong></span> <span class='ocrx_word' id='word_1_305' title='bbox 304 2574 401 2662; x_wconf 83' lang='grc' dir='ltr'><strong><em>δόμων</em></strong></span> <span class='ocrx_word' id='word_1_306' title='bbox 422 2582 548 2646; x_wconf 85' lang='grc' dir='ltr'><strong><em>λιθίνων</em></strong></span> <span class='ocrx_word' id='word_1_307' title='bbox 565 2581 678 2656; x_wconf 78' lang='grc' dir='ltr'><strong><em>ξυστῶν</em></strong></span> <span class='ocrx_word' id='word_1_308' title='bbox 721 2550 815 2648; x_wconf 83' lang='grc' dir='ltr'><strong><em>Τότε</em></strong></span> <span class='ocrx_word' id='word_1_309' title='bbox 830 2591 967 2667; x_wconf 86' lang='grc' dir='ltr'><strong><em>Σισίννης</em></strong></span> <span class='ocrx_word' id='word_1_310' title='bbox 986 2587 1114 2666; x_wconf 80' lang='grc' dir='ltr'><strong><em>ἔπαρχος</em></strong></span> <span class='ocrx_word' id='word_1_311' title='bbox 1140 2580 1240 2663; x_wconf 89' lang='grc' dir='ltr'><strong><em>κοίλης</em></strong></span> <span class='ocrx_word' id='word_1_312' title='bbox 1259 2587 1320 2645; x_wconf 90' lang='grc' dir='ltr'><strong><em>Συ-</em></strong></span> 
     </span>
     <span class='ocr_line' id='line_1_31' title="bbox 75 2659 1319 2753; baseline 0.002 -27"><span class='ocrx_word' id='word_1_313' title='bbox 75 2667 175 2742; x_wconf 82' lang='grc' dir='ltr'><strong><em>τριῶν,</em></strong></span> <span class='ocrx_word' id='word_1_314' title='bbox 200 2666 250 2727; x_wconf 84' lang='grc' dir='ltr'><strong><em>καί</em></strong></span> <span class='ocrx_word' id='word_1_315' title='bbox 276 2659 369 2748; x_wconf 87' lang='grc' dir='ltr'><strong><em>δόμου</em></strong></span> <span class='ocrx_word' id='word_1_316' title='bbox 394 2665 512 2741; x_wconf 82' lang='grc' dir='ltr'><strong><em>ξυλίνου</em></strong></span> <span class='ocrx_word' id='word_1_317' title='bbox 536 2668 676 2751; x_wconf 73' lang='grc' dir='ltr'><strong><em>ἐγχωρίου</em></strong></span> <span class='ocrx_word' id='word_1_318' title='bbox 712 2674 779 2753; x_wconf 89' lang='grc' dir='ltr'><strong><em>ρίας</em></strong></span> <span class='ocrx_word' id='word_1_319' title='bbox 806 2670 856 2732; x_wconf 82' lang='grc' dir='ltr'><strong><em>καί</em></strong></span> <span class='ocrx_word' id='word_1_320' title='bbox 880 2665 1035 2750; x_wconf 78' lang='grc' dir='ltr'><strong><em>Φοινίκης,</em></strong></span> <span class='ocrx_word' id='word_1_321' title='bbox 1061 2666 1111 2729; x_wconf 85' lang='grc' dir='ltr'><strong><em>καί</em></strong></span> <span class='ocrx_word' id='word_1_322' title='bbox 1133 2669 1319 2750; x_wconf 84' lang='grc' dir='ltr'><strong><em>Σαθραβου-</em></strong></span> 
     </span>
     <span class='ocr_line' id='line_1_32' title="bbox 75 2743 1320 2836; baseline 0.002 -25"><span class='ocrx_word' id='word_1_323' title='bbox 75 2776 93 2811; x_wconf 87' lang='grc' dir='ltr'><strong><em>κ</em></strong></span> <span class='ocrx_word' id='word_1_324' title='bbox 101 2751 178 2810; x_wconf 84' lang='grc' dir='ltr'><strong><em>,ιινοῦ</em></strong></span> <span class='ocrx_word' id='word_1_325' title='bbox 190 2744 266 2823; x_wconf 79' lang='grc' dir='ltr'><strong><em>ἑνὸς,</em></strong></span> <span class='ocrx_word' id='word_1_326' title='bbox 291 2751 343 2812; x_wconf 88' lang='grc' dir='ltr'><strong><em>καί</em></strong></span> <span class='ocrx_word' id='word_1_327' title='bbox 355 2746 389 2813; x_wconf 82' lang='grc' dir='ltr'><strong><em>τό</em></strong></span> <span class='ocrx_word' id='word_1_328' title='bbox 404 2743 566 2831; x_wconf 76' lang='grc' dir='ltr'><strong><em>δαπάνημα</em></strong></span> <span class='ocrx_word' id='word_1_329' title='bbox 579 2748 676 2834; x_wconf 89' lang='grc' dir='ltr'><strong><em>δοθῆ-</em></strong></span> <span class='ocrx_word' id='word_1_330' title='bbox 713 2749 799 2835; x_wconf 84' lang='grc' dir='ltr'><strong><em>ζάνης</em></strong></span> <span class='ocrx_word' id='word_1_331' title='bbox 811 2753 861 2815; x_wconf 86' lang='grc' dir='ltr'><strong><em>καὶ</em></strong></span> <span class='ocrx_word' id='word_1_332' title='bbox 874 2754 905 2815; x_wconf 87' lang='grc' dir='ltr'><strong><em>οἰ</em></strong></span> <span class='ocrx_word' id='word_1_333' title='bbox 917 2761 1080 2836; x_wconf 85' lang='grc' dir='ltr'><strong><em>συνεταῖροι</em></strong></span> <span class='ocrx_word' id='word_1_334' title='bbox 1093 2745 1320 2833; x_wconf 90' lang='grc' dir='ltr'><strong><em>κατακολουθῆ-</em></strong></span> 
     </span>
     <span class='ocr_line' id='line_1_33' title="bbox 72 2828 1320 2921; baseline 0.004 -27"><span class='ocrx_word' id='word_1_335' title='bbox 72 2857 121 2894; x_wconf 83' lang='grc' dir='ltr'><strong><em>ναι</em></strong></span> <span class='ocrx_word' id='word_1_336' title='bbox 133 2834 165 2894; x_wconf 85' lang='grc' dir='ltr'><strong><em>ἐκ</em></strong></span> <span class='ocrx_word' id='word_1_337' title='bbox 179 2835 234 2895; x_wconf 89' lang='grc' dir='ltr'><strong><em>τοῦ</em></strong></span> <span class='ocrx_word' id='word_1_338' title='bbox 243 2832 325 2896; x_wconf 84' lang='grc' dir='ltr'><strong><em>οἴκου</em></strong></span> <span class='ocrx_word' id='word_1_339' title='bbox 335 2828 439 2917; x_wconf 91' lang='grc' dir='ltr'><strong><em>Κύρου</em></strong></span> <span class='ocrx_word' id='word_1_340' title='bbox 453 2836 509 2895; x_wconf 86' lang='grc' dir='ltr'><strong><em>τοῦ</em></strong></span> <span class='ocrx_word' id='word_1_341' title='bbox 520 2831 675 2918; x_wconf 86' lang='grc' dir='ltr'><strong><em>βασιλέως,</em></strong></span> <span class='ocrx_word' id='word_1_342' title='bbox 713 2861 815 2910; x_wconf 90' lang='grc' dir='ltr'><strong><em>σαντες</em></strong></span> <span class='ocrx_word' id='word_1_343' title='bbox 840 2846 904 2910; x_wconf 86' lang='grc' dir='ltr'><strong><em>τοῖς</em></strong></span> <span class='ocrx_word' id='word_1_344' title='bbox 930 2833 993 2900; x_wconf 80' lang='grc' dir='ltr'><strong><em>ὑπὸ</em></strong></span> <span class='ocrx_word' id='word_1_345' title='bbox 1019 2838 1074 2899; x_wconf 86' lang='grc' dir='ltr'><strong><em>τοῦ</em></strong></span> <span class='ocrx_word' id='word_1_346' title='bbox 1093 2834 1237 2921; x_wconf 89' lang='grc' dir='ltr'><strong><em>βασιλέως</em></strong></span> <span class='ocrx_word' id='word_1_347' title='bbox 1254 2839 1320 2899; x_wconf 83' lang='grc' dir='ltr'><strong><em>Λα-</em></strong></span> 
     </span>
     <span class='ocr_line' id='line_1_34' title="bbox 71 2910 1321 3004; baseline 0.002 -28"><span class='ocrx_word' id='word_1_348' title='bbox 71 2913 102 2956; x_wconf 82' lang='lat'><strong><em>²⁵</em></strong></span> <span class='ocrx_word' id='word_1_349' title='bbox 116 2913 167 2976; x_wconf 84' lang='grc' dir='ltr'><strong><em>καί</em></strong></span> <span class='ocrx_word' id='word_1_350' title='bbox 180 2910 218 2978; x_wconf 82' lang='grc' dir='ltr'><strong><em>τά</em></strong></span> <span class='ocrx_word' id='word_1_351' title='bbox 232 2914 296 2997; x_wconf 81' lang='grc' dir='ltr'><strong><em>ἱερά</em></strong></span> <span class='ocrx_word' id='word_1_352' title='bbox 309 2911 393 3001; x_wconf 91' lang='grc' dir='ltr'><strong><em>σκεύη</em></strong></span> <span class='ocrx_word' id='word_1_353' title='bbox 411 2919 468 2981; x_wconf 89' lang='grc' dir='ltr'><strong><em>τοῦ</em></strong></span> <span class='ocrx_word' id='word_1_354' title='bbox 479 2916 562 2982; x_wconf 78' lang='grc' dir='ltr'><strong><em>οἴκου</em></strong></span> <span class='ocrx_word' id='word_1_355' title='bbox 574 2924 676 3003; x_wconf 91' lang='grc' dir='ltr'><strong><em>κυρίου</em></strong></span> <span class='ocrx_word' id='word_1_356' title='bbox 714 2925 793 3001; x_wconf 91' lang='grc' dir='ltr'><strong><em>ρείου</em></strong></span> <span class='ocrx_word' id='word_1_357' title='bbox 805 2931 1021 3004; x_wconf 82' lang='grc' dir='ltr'><strong><em>προςταγεῖσιν,</em></strong></span> <span class='ocrx_word' id='word_1_358' title='bbox 1043 2921 1058 2960; x_wconf 91' lang='grc'><strong>2</strong></span> <span class='ocrx_word' id='word_1_359' title='bbox 1071 2913 1250 2984; x_wconf 75' lang='grc' dir='ltr'><strong><em>ἐπεστάτουν</em></strong></span> <span class='ocrx_word' id='word_1_360' title='bbox 1260 2920 1321 2983; x_wconf 72' lang='grc' dir='ltr'><strong><em>τοῖν</em></strong></span> 
     </span>
     <span class='ocr_line' id='line_1_35' title="bbox 71 2990 1320 3089; baseline 0.005 -30"><span class='ocrx_word' id='word_1_361' title='bbox 71 2990 112 3060; x_wconf 85' lang='grc' dir='ltr'><strong><em>τά</em></strong></span> <span class='ocrx_word' id='word_1_362' title='bbox 132 3021 163 3060; x_wconf 92' lang='grc' dir='ltr'><strong><em>τε</em></strong></span> <span class='ocrx_word' id='word_1_363' title='bbox 180 3004 274 3081; x_wconf 82' lang='grc' dir='ltr'><strong><em>χρυσᾶ</em></strong></span> <span class='ocrx_word' id='word_1_364' title='bbox 291 3003 343 3063; x_wconf 83' lang='grc' dir='ltr'><strong><em>καί</em></strong></span> <span class='ocrx_word' id='word_1_365' title='bbox 359 2997 488 3086; x_wconf 75' lang='grc' dir='ltr'><strong><em>ἀργυροῖ,</em></strong></span> <span class='ocrx_word' id='word_1_366' title='bbox 514 2995 677 3086; x_wconf 78' lang='grc' dir='ltr'><strong><em>άέξῆνεγκε</em></strong></span> <span class='ocrx_word' id='word_1_367' title='bbox 715 3007 799 3088; x_wconf 82' lang='grc' dir='ltr'><strong><em>ἱεροῦν</em></strong></span> <span class='ocrx_word' id='word_1_368' title='bbox 811 3005 906 3087; x_wconf 81' lang='grc' dir='ltr'><strong><em>ἐργων</em></strong></span> <span class='ocrx_word' id='word_1_369' title='bbox 917 3004 1135 3089; x_wconf 83' lang='grc' dir='ltr'><strong><em>ἐπιμελέστερον</em></strong></span> <span class='ocrx_word' id='word_1_370' title='bbox 1145 3006 1320 3088; x_wconf 86' lang='grc' dir='ltr'><strong><em>συνεργοῦν-</em></strong></span> 
     </span>
     <span class='ocr_line' id='line_1_36' title="bbox 71 3078 1320 3174; baseline 0.007 -32"><span class='ocrx_word' id='word_1_371' title='bbox 71 3078 341 3169; x_wconf 88' lang='grc' dir='ltr'><strong><em>Ναβουχοδονόσορ</em></strong></span> <span class='ocrx_word' id='word_1_372' title='bbox 360 3086 392 3147; x_wconf 88' lang='grc' dir='ltr'><strong><em>ἐκ</em></strong></span> <span class='ocrx_word' id='word_1_373' title='bbox 408 3088 467 3147; x_wconf 86' lang='grc' dir='ltr'><strong><em>τοῦ</em></strong></span> <span class='ocrx_word' id='word_1_374' title='bbox 481 3084 563 3149; x_wconf 80' lang='grc' dir='ltr'><strong><em>οἴκου</em></strong></span> <span class='ocrx_word' id='word_1_375' title='bbox 577 3089 633 3149; x_wconf 91' lang='grc' dir='ltr'><strong><em>τοῦ</em></strong></span> <span class='ocrx_word' id='word_1_376' title='bbox 646 3086 677 3148; x_wconf 79' lang='grc' dir='ltr'><strong><em>ἐν</em></strong></span> <span class='ocrx_word' id='word_1_377' title='bbox 713 3111 759 3160; x_wconf 91' lang='grc' dir='ltr'><strong><em>τες</em></strong></span> <span class='ocrx_word' id='word_1_378' title='bbox 776 3098 839 3160; x_wconf 84' lang='grc' dir='ltr'><strong><em>τοῖς</em></strong></span> <span class='ocrx_word' id='word_1_379' title='bbox 861 3091 1067 3174; x_wconf 83' lang='grc' dir='ltr'><strong><em>πρεσβυτέροις</em></strong></span> <span class='ocrx_word' id='word_1_380' title='bbox 1085 3092 1145 3151; x_wconf 86' lang='grc' dir='ltr'><strong><em>τῶν</em></strong></span> <span class='ocrx_word' id='word_1_381' title='bbox 1164 3084 1320 3151; x_wconf 87' lang='grc' dir='ltr'><strong><em>Ἰουδαίων</em></strong></span> 
     </span>
     <span class='ocr_line' id='line_1_37' title="bbox 67 3160 1320 3314; baseline 0.005 -89"><span class='ocrx_word' id='word_1_382' title='bbox 67 3160 262 3249; x_wconf 74' lang='grc' dir='ltr'><strong><em>Ἰερουσαλὴμ</em></strong></span> <span class='ocrx_word' id='word_1_383' title='bbox 273 3169 324 3231; x_wconf 86' lang='grc' dir='ltr'><strong><em>καί</em></strong></span> <span class='ocrx_word' id='word_1_384' title='bbox 341 3161 500 3249; x_wconf 78' lang='grc' dir='ltr'><strong><em>ἆπῆνεγκεν</em></strong></span> <span class='ocrx_word' id='word_1_385' title='bbox 518 3173 558 3241; x_wconf 87' lang='grc' dir='ltr'><strong><em>εἰς</em></strong></span> <span class='ocrx_word' id='word_1_386' title='bbox 570 3170 675 3314; x_wconf 71' lang='grc' dir='ltr'><strong><em>Βῳβυ·</em></strong></span> <span class='ocrx_word' id='word_1_387' title='bbox 714 3171 766 3234; x_wconf 84' lang='grc' dir='ltr'><strong><em>καί</em></strong></span> <span class='ocrx_word' id='word_1_388' title='bbox 784 3168 975 3272; x_wconf 82' lang='grc' dir='ltr'><strong><em>ίεροστάταις.</em></strong></span> <span class='ocrx_word' id='word_1_389' title='bbox 1005 3173 1083 3235; x_wconf 72' lang='grc' dir='ltr'><strong><em>2καί</em></strong></span> <span class='ocrx_word' id='word_1_390' title='bbox 1101 3170 1192 3234; x_wconf 89' lang='grc' dir='ltr'><strong><em>εύοδα</em></strong></span> <span class='ocrx_word' id='word_1_391' title='bbox 1210 3172 1320 3246; x_wconf 86' lang='grc' dir='ltr'><strong><em>ἐγίνετο</em></strong></span> 
     </span>
     <span class='ocr_line' id='line_1_38' title="bbox 69 3245 1319 3353; baseline 0.005 -45"><span class='ocrx_word' id='word_1_392' title='bbox 69 3245 163 3318; x_wconf 83' lang='grc' dir='ltr'><strong><em>λώνα,</em></strong></span> <span class='ocrx_word' id='word_1_393' title='bbox 172 3245 464 3332; x_wconf 80' lang='grc' dir='ltr'><strong><em>άποκατασταθῆναι</em></strong></span> <span class='ocrx_word' id='word_1_394' title='bbox 474 3255 515 3353; x_wconf 58' lang='grc' dir='ltr'><strong><em>εἰς</em></strong></span> <span class='ocrx_word' id='word_1_395' title='bbox 525 3250 579 3316; x_wconf 89' lang='grc' dir='ltr'><strong><em>τὸν</em></strong></span> <span class='ocrx_word' id='word_1_396' title='bbox 593 3276 610 3313; x_wconf 94' lang='grc' dir='ltr'><strong><em>ο</em></strong></span> <span class='ocrx_word' id='word_1_397' title='bbox 623 3275 677 3314; x_wconf 93' lang='grc' dir='ltr'><strong><em>κον</em></strong></span> <span class='ocrx_word' id='word_1_398' title='bbox 714 3249 753 3316; x_wconf 83' lang='grc' dir='ltr'><strong><em>τά</em></strong></span> <span class='ocrx_word' id='word_1_399' title='bbox 768 3256 831 3335; x_wconf 87' lang='grc' dir='ltr'><strong><em>ίερα</em></strong></span> <span class='ocrx_word' id='word_1_400' title='bbox 846 3257 929 3335; x_wconf 79' lang='grc' dir='ltr'><strong><em>ἔργα,</em></strong></span> <span class='ocrx_word' id='word_1_401' title='bbox 940 3249 1191 3339; x_wconf 81' lang='grc' dir='ltr'><strong><em>προφητευόντων</em></strong></span> <span class='ocrx_word' id='word_1_402' title='bbox 1197 3250 1319 3329; x_wconf 87' lang='grc' dir='ltr'><strong><em>Ἀγγαί-</em></strong></span> 
     </span>
     <span class='ocr_line' id='line_1_39' title="bbox 68 3325 1323 3422; baseline 0.002 -30"><span class='ocrx_word' id='word_1_403' title='bbox 68 3326 123 3392; x_wconf 87' lang='grc' dir='ltr'><strong><em>τὸν</em></strong></span> <span class='ocrx_word' id='word_1_404' title='bbox 147 3332 179 3392; x_wconf 83' lang='grc' dir='ltr'><strong><em>ἐν</em></strong></span> <span class='ocrx_word' id='word_1_405' title='bbox 197 3327 407 3415; x_wconf 75' lang='grc' dir='ltr'><strong><em>Ἰερουσαλὴμ,</em></strong></span> <span class='ocrx_word' id='word_1_406' title='bbox 432 3325 470 3394; x_wconf 83' lang='grc' dir='ltr'><strong><em>σύ</em></strong></span> <span class='ocrx_word' id='word_1_407' title='bbox 495 3358 532 3415; x_wconf 89' lang='grc' dir='ltr'><strong><em>ην</em></strong></span> <span class='ocrx_word' id='word_1_408' title='bbox 555 3339 677 3412; x_wconf 88' lang='grc' dir='ltr'><strong><em>κείμενα,</em></strong></span> <span class='ocrx_word' id='word_1_409' title='bbox 716 3360 753 3398; x_wconf 90' lang='grc' dir='ltr'><strong><em>ου</em></strong></span> <span class='ocrx_word' id='word_1_410' title='bbox 766 3337 816 3397; x_wconf 87' lang='grc' dir='ltr'><strong><em>καί</em></strong></span> <span class='ocrx_word' id='word_1_411' title='bbox 829 3340 982 3422; x_wconf 88' lang='grc' dir='ltr'><strong><em>Ζαχαρίου</em></strong></span> <span class='ocrx_word' id='word_1_412' title='bbox 996 3340 1056 3399; x_wconf 82' lang='grc' dir='ltr'><strong><em>τῶν</em></strong></span> <span class='ocrx_word' id='word_1_413' title='bbox 1068 3337 1240 3417; x_wconf 76' lang='grc' dir='ltr'><strong><em>προφητῶν.</em></strong></span> <span class='ocrx_word' id='word_1_414' title='bbox 1253 3334 1323 3396; x_wconf 73' lang='grc' dir='ltr'><strong><em>4καί</em></strong></span> 
     </span>
     <span class='ocr_line' id='line_1_40' title="bbox 70 3407 1321 3512; baseline 0.005 -40"><span class='ocrx_word' id='word_1_415' title='bbox 70 3407 156 3484; x_wconf 78' lang='grc' dir='ltr'><strong><em>ὅπως</em></strong></span> <span class='ocrx_word' id='word_1_416' title='bbox 174 3418 247 3502; x_wconf 82' lang='grc' dir='ltr'><strong><em>τεθῆ</em></strong></span> <span class='ocrx_word' id='word_1_417' title='bbox 266 3418 331 3475; x_wconf 72' lang='grc' dir='ltr'><strong><em>ἐκεῖ.</em></strong></span> <span class='ocrx_word' id='word_1_418' title='bbox 357 3414 388 3454; x_wconf 85' lang='lat'><strong><em>²⁰</em></strong></span> <span class='ocrx_word' id='word_1_419' title='bbox 401 3417 558 3512; x_wconf 82' lang='grc' dir='ltr'><strong><em>προςίταξε</em></strong></span> <span class='ocrx_word' id='word_1_420' title='bbox 570 3416 602 3478; x_wconf 86' lang='grc' dir='ltr'><strong><em>δὲ</em></strong></span> <span class='ocrx_word' id='word_1_421' title='bbox 615 3418 678 3478; x_wconf 84' lang='grc' dir='ltr'><strong><em>ἐπι·</em></strong></span> <span class='ocrx_word' id='word_1_422' title='bbox 717 3416 906 3483; x_wconf 74' lang='grc' dir='ltr'><strong><em>συνετέλεσαν</em></strong></span> <span class='ocrx_word' id='word_1_423' title='bbox 918 3423 1016 3482; x_wconf 88' lang='grc' dir='ltr'><strong><em>ταῦτα</em></strong></span> <span class='ocrx_word' id='word_1_424' title='bbox 1034 3414 1082 3481; x_wconf 84' lang='grc' dir='ltr'><strong><em>διὰ</em></strong></span> <span class='ocrx_word' id='word_1_425' title='bbox 1095 3410 1321 3499; x_wconf 86' lang='grc' dir='ltr'><strong><em>προςτάγματσς</em></strong></span> 
     </span>
     <span class='ocr_line' id='line_1_41' title="bbox 69 3494 1321 3584; baseline 0.002 -27"><span class='ocrx_word' id='word_1_426' title='bbox 69 3494 236 3577; x_wconf 86' lang='grc' dir='ltr'><strong><em>μεληθῆναι</em></strong></span> <span class='ocrx_word' id='word_1_427' title='bbox 245 3501 365 3582; x_wconf 79' lang='grc' dir='ltr'><strong><em>Σισίννῃ</em></strong></span> <span class='ocrx_word' id='word_1_428' title='bbox 377 3498 495 3577; x_wconf 79' lang='grc' dir='ltr'><strong><em>ἐπαρχῳ</em></strong></span> <span class='ocrx_word' id='word_1_429' title='bbox 505 3503 618 3580; x_wconf 84' lang='grc' dir='ltr'><strong><em>Συρίας</em></strong></span> <span class='ocrx_word' id='word_1_430' title='bbox 628 3499 679 3561; x_wconf 82' lang='grc' dir='ltr'><strong><em>καί</em></strong></span> <span class='ocrx_word' id='word_1_431' title='bbox 716 3503 821 3582; x_wconf 87' lang='grc' dir='ltr'><strong><em>κυρίου</em></strong></span> <span class='ocrx_word' id='word_1_432' title='bbox 845 3505 922 3564; x_wconf 84' lang='grc' dir='ltr'><strong><em>θεοῦ</em></strong></span> <span class='ocrx_word' id='word_1_433' title='bbox 944 3496 1075 3584; x_wconf 87' lang='grc' dir='ltr'><strong><em>Ἰσραῆλ.</em></strong></span> <span class='ocrx_word' id='word_1_434' title='bbox 1101 3500 1151 3560; x_wconf 90' lang='grc' dir='ltr'><strong><em>καὶ</em></strong></span> <span class='ocrx_word' id='word_1_435' title='bbox 1172 3497 1244 3576; x_wconf 85' lang='grc' dir='ltr'><strong><em>μετὰ</em></strong></span> <span class='ocrx_word' id='word_1_436' title='bbox 1269 3499 1321 3577; x_wconf 87' lang='grc' dir='ltr'><strong><em>τῆς</em></strong></span> 
     </span>
     <span class='ocr_line' id='line_1_42' title="bbox 74 3574 1322 3669; baseline 0.002 -28"><span class='ocrx_word' id='word_1_437' title='bbox 74 3581 225 3658; x_wconf 77' lang='grc' dir='ltr'><strong><em>Φοινίκης,</em></strong></span> <span class='ocrx_word' id='word_1_438' title='bbox 239 3574 547 3669; x_wconf 80' lang='grc' dir='ltr'><strong><em>καίΣαθραβουζάνη,</em></strong></span> <span class='ocrx_word' id='word_1_439' title='bbox 556 3582 679 3653; x_wconf 78' lang='grc' dir='ltr'><strong><em>καὶτοῖς</em></strong></span> <span class='ocrx_word' id='word_1_440' title='bbox 716 3575 830 3661; x_wconf 78' lang='grc' dir='ltr'><strong><em>γνώμης</em></strong></span> <span class='ocrx_word' id='word_1_441' title='bbox 850 3587 905 3647; x_wconf 87' lang='grc' dir='ltr'><strong><em>τοῦ</em></strong></span> <span class='ocrx_word' id='word_1_442' title='bbox 921 3581 1029 3667; x_wconf 92' lang='grc' dir='ltr'><strong><em>Κύρου</em></strong></span> <span class='ocrx_word' id='word_1_443' title='bbox 1051 3582 1101 3646; x_wconf 81' lang='grc' dir='ltr'><strong><em>καί</em></strong></span> <span class='ocrx_word' id='word_1_444' title='bbox 1120 3585 1248 3664; x_wconf 89' lang='grc' dir='ltr'><strong><em>Δαρείου</em></strong></span> <span class='ocrx_word' id='word_1_445' title='bbox 1270 3582 1322 3644; x_wconf 83' lang='grc' dir='ltr'><strong><em>καί</em></strong></span> 
     </span>
     <span class='ocr_line' id='line_1_43' title="bbox 73 3657 1320 3763; baseline 0.004 -37"><span class='ocrx_word' id='word_1_446' title='bbox 73 3665 277 3741; x_wconf 88' lang='grc' dir='ltr'><strong><em>συνεταίροις,“</em></strong></span> <span class='ocrx_word' id='word_1_447' title='bbox 296 3663 421 3733; x_wconf 82' lang='grc' dir='ltr'><strong><em>καὶτοῖς</em></strong></span> <span class='ocrx_word' id='word_1_448' title='bbox 434 3657 680 3763; x_wconf 85' lang='grc' dir='ltr'><strong><em>άπστεταγμένοις</em></strong></span> <span class='ocrx_word' id='word_1_449' title='bbox 713 3664 908 3748; x_wconf 82' lang='grc' dir='ltr'><strong><em>Ἀρταξέρξου</em></strong></span> <span class='ocrx_word' id='word_1_450' title='bbox 920 3666 1069 3752; x_wconf 89' lang='grc' dir='ltr'><strong><em>βασιλέων</em></strong></span> <span class='ocrx_word' id='word_1_451' title='bbox 1082 3668 1217 3751; x_wconf 82' lang='grc' dir='ltr'><strong><em>Περσῶν,</em></strong></span> <span class='ocrx_word' id='word_1_452' title='bbox 1229 3666 1320 3731; x_wconf 73' lang='grc' dir='ltr'><strong><em>2ουν·</em></strong></span> 
     </span>
     <span class='ocr_line' id='line_1_44' title="bbox 72 3738 1320 3836; baseline 0.004 -28"><span class='ocrx_word' id='word_1_453' title='bbox 72 3748 104 3808; x_wconf 79' lang='grc' dir='ltr'><strong><em>ἐν</em></strong></span> <span class='ocrx_word' id='word_1_454' title='bbox 116 3750 214 3828; x_wconf 83' lang='grc' dir='ltr'><strong><em>Συρίᾳ</em></strong></span> <span class='ocrx_word' id='word_1_455' title='bbox 228 3747 279 3807; x_wconf 87' lang='grc' dir='ltr'><strong><em>καί</em></strong></span> <span class='ocrx_word' id='word_1_456' title='bbox 292 3746 413 3834; x_wconf 81' lang='grc' dir='ltr'><strong><em>Φοινίκη</em></strong></span> <span class='ocrx_word' id='word_1_457' title='bbox 429 3738 562 3825; x_wconf 87' lang='grc' dir='ltr'><strong><em>ῆγεμόσιν</em></strong></span> <span class='ocrx_word' id='word_1_458' title='bbox 574 3745 677 3827; x_wconf 87' lang='grc' dir='ltr'><strong><em>απέχε-</em></strong></span> <span class='ocrx_word' id='word_1_459' title='bbox 718 3747 857 3830; x_wconf 87' lang='grc' dir='ltr'><strong><em>ετελέσθη</em></strong></span> <span class='ocrx_word' id='word_1_460' title='bbox 878 3746 896 3812; x_wconf 87' lang='grc' dir='ltr'>ὁ</span> <span class='ocrx_word' id='word_1_461' title='bbox 916 3749 998 3824; x_wconf 81' lang='grc' dir='ltr'><strong><em>οἰκος</em></strong></span> <span class='ocrx_word' id='word_1_462' title='bbox 1016 3745 1033 3814; x_wconf 83' lang='grc' dir='ltr'><strong><em>ό</em></strong></span> <span class='ocrx_word' id='word_1_463' title='bbox 1052 3744 1137 3827; x_wconf 73' lang='grc' dir='ltr'><strong><em>ἅγιος</em></strong></span> <span class='ocrx_word' id='word_1_464' title='bbox 1153 3754 1209 3825; x_wconf 81' lang='grc' dir='ltr'><strong><em>ἕως</em></strong></span> <span class='ocrx_word' id='word_1_465' title='bbox 1221 3755 1320 3836; x_wconf 88' lang='grc' dir='ltr'><strong><em>τρίτης</em></strong></span> 
     </span>
     <span class='ocr_line' id='line_1_45' title="bbox 73 3823 1319 3918; baseline 0.006 -26"><span class='ocrx_word' id='word_1_466' title='bbox 73 3836 147 3892; x_wconf 90' lang='grc' dir='ltr'><strong><em>σθαι</em></strong></span> <span class='ocrx_word' id='word_1_467' title='bbox 160 3832 216 3891; x_wconf 86' lang='grc' dir='ltr'><strong><em>τοῦ</em></strong></span> <span class='ocrx_word' id='word_1_468' title='bbox 230 3823 343 3903; x_wconf 87' lang='grc' dir='ltr'><strong><em>τόπου,</em></strong></span> <span class='ocrx_word' id='word_1_469' title='bbox 356 3829 443 3890; x_wconf 77' lang='grc' dir='ltr'><strong><em>ἐᾶσαι</em></strong></span> <span class='ocrx_word' id='word_1_470' title='bbox 461 3825 493 3889; x_wconf 86' lang='grc' dir='ltr'><strong><em>δὲ</em></strong></span> <span class='ocrx_word' id='word_1_471' title='bbox 518 3825 570 3892; x_wconf 86' lang='grc' dir='ltr'><strong><em>τόν</em></strong></span> <span class='ocrx_word' id='word_1_472' title='bbox 583 3828 680 3893; x_wconf 87' lang='grc' dir='ltr'><strong><em>παῖδα</em></strong></span> <span class='ocrx_word' id='word_1_473' title='bbox 718 3832 769 3894; x_wconf 85' lang='grc' dir='ltr'><strong><em>καλ</em></strong></span> <span class='ocrx_word' id='word_1_474' title='bbox 790 3832 903 3907; x_wconf 83' lang='grc' dir='ltr'><strong><em>εἰκάδος</em></strong></span> <span class='ocrx_word' id='word_1_475' title='bbox 926 3831 1016 3916; x_wconf 86' lang='grc' dir='ltr'><strong><em>μηνός</em></strong></span> <span class='ocrx_word' id='word_1_476' title='bbox 1037 3831 1129 3918; x_wconf 81' lang='grc' dir='ltr'><strong><em>Ἄδαρ</em></strong></span> <span class='ocrx_word' id='word_1_477' title='bbox 1154 3839 1209 3898; x_wconf 88' lang='grc' dir='ltr'><strong><em>τοῦ</em></strong></span> <span class='ocrx_word' id='word_1_478' title='bbox 1234 3839 1319 3899; x_wconf 80' lang='grc' dir='ltr'><strong><em>ἕκτου</em></strong></span> 
     </span>
     <span class='ocr_line' id='line_1_46' title="bbox 73 3907 1320 4003; baseline 0.009 -30"><span class='ocrx_word' id='word_1_479' title='bbox 73 3915 176 3992; x_wconf 91' lang='grc' dir='ltr'><strong><em>κυρίου</em></strong></span> <span class='ocrx_word' id='word_1_480' title='bbox 202 3907 390 3997; x_wconf 84' lang='grc' dir='ltr'><strong><em>Ζοροβάβελ,</em></strong></span> <span class='ocrx_word' id='word_1_481' title='bbox 415 3911 546 3996; x_wconf 75' lang='grc' dir='ltr'><strong><em>ἔπαρχον</em></strong></span> <span class='ocrx_word' id='word_1_482' title='bbox 571 3910 604 3976; x_wconf 78' lang='grc' dir='ltr'><strong><em>δέ</em></strong></span> <span class='ocrx_word' id='word_1_483' title='bbox 629 3917 680 3996; x_wconf 84' lang='grc' dir='ltr'><strong><em>τῆς</em></strong></span> <span class='ocrx_word' id='word_1_484' title='bbox 718 3918 802 3989; x_wconf 78' lang='grc' dir='ltr'><strong><em>ἔτους</em></strong></span> <span class='ocrx_word' id='word_1_485' title='bbox 813 3915 957 4002; x_wconf 85' lang='grc' dir='ltr'><strong><em>βασιλέως</em></strong></span> <span class='ocrx_word' id='word_1_486' title='bbox 969 3922 1105 4003; x_wconf 83' lang='grc' dir='ltr'><strong><em>Δαρείου.</em></strong></span> <span class='ocrx_word' id='word_1_487' title='bbox 1127 3918 1205 3983; x_wconf 77' lang='grc' dir='ltr'><strong><em>6καί</em></strong></span> <span class='ocrx_word' id='word_1_488' title='bbox 1215 3920 1320 4002; x_wconf 82' lang='grc' dir='ltr'><strong><em>ἐποίη-</em></strong></span> 
     </span>
     <span class='ocr_line' id='line_1_47' title="bbox 70 3991 1320 4087; baseline 0.009 -31"><span class='ocrx_word' id='word_1_489' title='bbox 70 3992 228 4070; x_wconf 87' lang='grc' dir='ltr'><strong><em>Ἰουδαίας,</em></strong></span> <span class='ocrx_word' id='word_1_490' title='bbox 245 4001 296 4060; x_wconf 87' lang='grc' dir='ltr'><strong><em>καί</em></strong></span> <span class='ocrx_word' id='word_1_491' title='bbox 309 3991 378 4069; x_wconf 85' lang='grc' dir='ltr'><strong><em>τούς</em></strong></span> <span class='ocrx_word' id='word_1_492' title='bbox 390 3999 607 4082; x_wconf 88' lang='grc' dir='ltr'><strong><em>πρεσβυτέρους</em></strong></span> <span class='ocrx_word' id='word_1_493' title='bbox 621 4001 680 4061; x_wconf 80' lang='grc' dir='ltr'><strong><em>τῶν</em></strong></span> <span class='ocrx_word' id='word_1_494' title='bbox 717 4024 772 4064; x_wconf 92' lang='grc' dir='ltr'><strong><em>σαν</em></strong></span> <span class='ocrx_word' id='word_1_495' title='bbox 784 4004 814 4064; x_wconf 85' lang='grc' dir='ltr'><strong><em>οἰ</em></strong></span> <span class='ocrx_word' id='word_1_496' title='bbox 831 4002 891 4065; x_wconf 76' lang='grc' dir='ltr'><strong><em>υἱοὶ</em></strong></span> <span class='ocrx_word' id='word_1_497' title='bbox 905 3999 1037 4086; x_wconf 84' lang='grc' dir='ltr'><strong><em>Ἰσραῆλ,</em></strong></span> <span class='ocrx_word' id='word_1_498' title='bbox 1062 4004 1113 4067; x_wconf 82' lang='grc' dir='ltr'><strong><em>καὶ</em></strong></span> <span class='ocrx_word' id='word_1_499' title='bbox 1130 4006 1161 4065; x_wconf 85' lang='grc' dir='ltr'><strong><em>οἰ</em></strong></span> <span class='ocrx_word' id='word_1_500' title='bbox 1174 4005 1256 4087; x_wconf 84' lang='grc' dir='ltr'><strong><em>ἱερεῖς</em></strong></span> <span class='ocrx_word' id='word_1_501' title='bbox 1269 4005 1320 4067; x_wconf 87' lang='grc' dir='ltr'><strong><em>καί</em></strong></span> 
     </span>
     <span class='ocr_line' id='line_1_48' title="bbox 70 4075 1319 4170; baseline 0.01 -31"><span class='ocrx_word' id='word_1_502' title='bbox 70 4075 239 4152; x_wconf 85' lang='grc' dir='ltr'><strong><em>Ἰουδαίων,</em></strong></span> <span class='ocrx_word' id='word_1_503' title='bbox 261 4075 315 4144; x_wconf 82' lang='grc' dir='ltr'><strong><em>τόν</em></strong></span> <span class='ocrx_word' id='word_1_504' title='bbox 328 4077 410 4143; x_wconf 80' lang='grc' dir='ltr'><strong><em>οἰκον</em></strong></span> <span class='ocrx_word' id='word_1_505' title='bbox 423 4085 479 4145; x_wconf 86' lang='grc' dir='ltr'><strong><em>τοῦ</em></strong></span> <span class='ocrx_word' id='word_1_506' title='bbox 491 4087 591 4165; x_wconf 84' lang='grc' dir='ltr'><strong><em>κυρίου</em></strong></span> <span class='ocrx_word' id='word_1_507' title='bbox 605 4084 678 4144; x_wconf 78' lang='grc' dir='ltr'><strong><em>ἐκεῖ·</em></strong></span> <span class='ocrx_word' id='word_1_508' title='bbox 718 4087 878 4148; x_wconf 83' lang='grc' dir='ltr'><strong><em>οίΛευῖται</em></strong></span> <span class='ocrx_word' id='word_1_509' title='bbox 891 4089 942 4150; x_wconf 83' lang='grc' dir='ltr'><strong><em>καί</em></strong></span> <span class='ocrx_word' id='word_1_510' title='bbox 956 4091 987 4150; x_wconf 80' lang='grc' dir='ltr'><strong><em>οἱ</em></strong></span> <span class='ocrx_word' id='word_1_511' title='bbox 998 4086 1100 4151; x_wconf 81' lang='grc' dir='ltr'><strong><em>λοιποὶ</em></strong></span> <span class='ocrx_word' id='word_1_512' title='bbox 1112 4089 1143 4150; x_wconf 79' lang='grc' dir='ltr'><strong><em>οἰ</em></strong></span> <span class='ocrx_word' id='word_1_513' title='bbox 1152 4088 1184 4150; x_wconf 87' lang='grc' dir='ltr'><strong><em>έκ</em></strong></span> <span class='ocrx_word' id='word_1_514' title='bbox 1194 4093 1245 4169; x_wconf 88' lang='grc' dir='ltr'><strong><em>τῆς</em></strong></span> <span class='ocrx_word' id='word_1_515' title='bbox 1255 4091 1319 4170; x_wconf 88' lang='grc' dir='ltr'><strong><em>αἰχ-</em></strong></span> 
     </span>
     <span class='ocr_line' id='line_1_49' title="bbox 72 4158 1320 4253; baseline 0.008 -30"><span class='ocrx_word' id='word_1_516' title='bbox 72 4183 124 4223; x_wconf 92' lang='grc' dir='ltr'><strong><em>νον</em></strong></span> <span class='ocrx_word' id='word_1_517' title='bbox 142 4162 304 4244; x_wconf 81' lang='grc' dir='ltr'><strong><em>οἰκοδομεῖν</em></strong></span> <span class='ocrx_word' id='word_1_518' title='bbox 322 4163 372 4226; x_wconf 77' lang='grc' dir='ltr'><strong><em>ἐπὶ</em></strong></span> <span class='ocrx_word' id='word_1_519' title='bbox 388 4165 441 4227; x_wconf 89' lang='grc' dir='ltr'><strong><em>τοῦ</em></strong></span> <span class='ocrx_word' id='word_1_520' title='bbox 454 4158 560 4228; x_wconf 87' lang='grc' dir='ltr'><strong><em>τόπου.</em></strong></span> <span class='ocrx_word' id='word_1_521' title='bbox 587 4165 616 4206; x_wconf 83' lang='lat'><strong><em>²⁷</em></strong></span> <span class='ocrx_word' id='word_1_522' title='bbox 628 4168 677 4229; x_wconf 83' lang='grc' dir='ltr'><strong><em>καὶ</em></strong></span> <span class='ocrx_word' id='word_1_523' title='bbox 715 4167 869 4249; x_wconf 87' lang='grc' dir='ltr'><strong><em>μαλωσίας</em></strong></span> <span class='ocrx_word' id='word_1_524' title='bbox 895 4172 926 4233; x_wconf 83' lang='grc' dir='ltr'><strong><em>οἰ</em></strong></span> <span class='ocrx_word' id='word_1_525' title='bbox 950 4174 1158 4253; x_wconf 87' lang='grc' dir='ltr'><strong><em>προςτεθέντες</em></strong></span> <span class='ocrx_word' id='word_1_526' title='bbox 1187 4168 1320 4233; x_wconf 79' lang='grc' dir='ltr'><strong><em>ἀκολου-</em></strong></span> 
     </span>
     <span class='ocr_line' id='line_1_50' title="bbox 74 4239 1320 4347; baseline 0.012 -45"><span class='ocrx_word' id='word_1_527' title='bbox 74 4239 133 4319; x_wconf 84' lang='grc' dir='ltr'><strong><em>έγώ</em></strong></span> <span class='ocrx_word' id='word_1_528' title='bbox 153 4242 184 4306; x_wconf 83' lang='grc' dir='ltr'><strong><em>δέ·</em></strong></span> <span class='ocrx_word' id='word_1_529' title='bbox 200 4246 329 4347; x_wconf 66' lang='grc' dir='ltr'><strong><em>ἐπέταξα</em></strong></span> <span class='ocrx_word' id='word_1_530' title='bbox 348 4244 510 4330; x_wconf 82' lang='grc' dir='ltr'><strong><em>ὁλοσχερῶς</em></strong></span> <span class='ocrx_word' id='word_1_531' title='bbox 522 4247 679 4331; x_wconf 89' lang='grc' dir='ltr'><strong><em>οἰκοδομῆ-</em></strong></span> <span class='ocrx_word' id='word_1_532' title='bbox 715 4260 780 4324; x_wconf 85' lang='grc' dir='ltr'><strong><em>θως</em></strong></span> <span class='ocrx_word' id='word_1_533' title='bbox 793 4264 857 4328; x_wconf 90' lang='grc' dir='ltr'><strong><em>τοῖς</em></strong></span> <span class='ocrx_word' id='word_1_534' title='bbox 869 4257 899 4319; x_wconf 83' lang='grc' dir='ltr'><strong><em>ἐν</em></strong></span> <span class='ocrx_word' id='word_1_535' title='bbox 911 4257 949 4345; x_wconf 83' lang='grc' dir='ltr'><strong><em>τῆ</em></strong></span> <span class='ocrx_word' id='word_1_536' title='bbox 961 4257 1118 4329; x_wconf 86' lang='grc' dir='ltr'><strong><em>Μωυσέως</em></strong></span> <span class='ocrx_word' id='word_1_537' title='bbox 1129 4252 1232 4340; x_wconf 89' lang='grc' dir='ltr'><strong><em>βίβλῳ.</em></strong></span> <span class='ocrx_word' id='word_1_538' title='bbox 1252 4256 1320 4317; x_wconf 84' lang='grc' dir='ltr'><strong><em>7καί</em></strong></span> 
     </span>
     <span class='ocr_line' id='line_1_51' title="bbox 74 4329 1319 4418; baseline 0.008 -29"><span class='ocrx_word' id='word_1_539' title='bbox 74 4352 125 4389; x_wconf 87' lang='grc' dir='ltr'><strong><em>σαι</em></strong></span> <span class='ocrx_word' id='word_1_540' title='bbox 138 4329 188 4388; x_wconf 87' lang='grc' dir='ltr'><strong><em>καί</em></strong></span> <span class='ocrx_word' id='word_1_541' title='bbox 201 4335 345 4405; x_wconf 87' lang='grc' dir='ltr'><strong><em>ατενίσαι,</em></strong></span> <span class='ocrx_word' id='word_1_542' title='bbox 371 4335 420 4393; x_wconf 85' lang='grc' dir='ltr'><strong><em>ἰ’να</em></strong></span> <span class='ocrx_word' id='word_1_543' title='bbox 438 4336 602 4411; x_wconf 84' lang='grc' dir='ltr'><strong><em>συμποιῶσι</em></strong></span> <span class='ocrx_word' id='word_1_544' title='bbox 617 4343 679 4405; x_wconf 84' lang='grc' dir='ltr'><strong><em>τοῖς</em></strong></span> <span class='ocrx_word' id='word_1_545' title='bbox 717 4331 916 4418; x_wconf 84' lang='grc' dir='ltr'><strong><em>προςῆνεγκαν</em></strong></span> <span class='ocrx_word' id='word_1_546' title='bbox 934 4342 972 4412; x_wconf 87' lang='grc' dir='ltr'><strong><em>εἰς</em></strong></span> <span class='ocrx_word' id='word_1_547' title='bbox 990 4338 1045 4403; x_wconf 86' lang='grc' dir='ltr'><strong><em>τὸν</em></strong></span> <span class='ocrx_word' id='word_1_548' title='bbox 1064 4335 1247 4414; x_wconf 84' lang='grc' dir='ltr'><strong><em>ἐγκαινισμὸν</em></strong></span> <span class='ocrx_word' id='word_1_549' title='bbox 1265 4339 1319 4399; x_wconf 86' lang='grc' dir='ltr'><strong><em>τοῦ</em></strong></span> 
     </span>
     <span class='ocr_line' id='line_1_52' title="bbox 72 4411 1321 4503; baseline 0.006 -31"><span class='ocrx_word' id='word_1_550' title='bbox 72 4413 105 4472; x_wconf 84' lang='grc' dir='ltr'><strong><em>ἐκ</em></strong></span> <span class='ocrx_word' id='word_1_551' title='bbox 120 4412 170 4491; x_wconf 86' lang='grc' dir='ltr'><strong><em>τῆς</em></strong></span> <span class='ocrx_word' id='word_1_552' title='bbox 183 4411 383 4491; x_wconf 86' lang='grc' dir='ltr'><strong><em>αἰχμαλωσίας</em></strong></span> <span class='ocrx_word' id='word_1_553' title='bbox 396 4416 446 4494; x_wconf 86' lang='grc' dir='ltr'><strong><em>τῆς</em></strong></span> <span class='ocrx_word' id='word_1_554' title='bbox 456 4412 614 4486; x_wconf 88' lang='grc' dir='ltr'><strong><em>Ἰουδαίας,</em></strong></span> <span class='ocrx_word' id='word_1_555' title='bbox 627 4415 678 4493; x_wconf 67' lang='grc' dir='ltr'><strong><em>μέ</em></strong></span> <span class='ocrx_word' id='word_1_556' title='bbox 718 4419 797 4499; x_wconf 78' lang='grc' dir='ltr'><strong><em>ἱεροῦ</em></strong></span> <span class='ocrx_word' id='word_1_557' title='bbox 810 4423 867 4483; x_wconf 87' lang='grc' dir='ltr'><strong><em>τοῦ</em></strong></span> <span class='ocrx_word' id='word_1_558' title='bbox 880 4426 983 4503; x_wconf 90' lang='grc' dir='ltr'><strong><em>κυρίου</em></strong></span> <span class='ocrx_word' id='word_1_559' title='bbox 996 4417 1123 4501; x_wconf 86' lang='grc' dir='ltr'><strong><em>ταύρους</em></strong></span> <span class='ocrx_word' id='word_1_560' title='bbox 1135 4412 1321 4501; x_wconf 81' lang='grc' dir='ltr'><strong><em>ἕκατὸν,κρι·</em></strong></span> 
     </span>
     <span class='ocr_line' id='line_1_53' title="bbox 72 4492 1320 4644; baseline 0.006 -90"><span class='ocrx_word' id='word_1_561' title='bbox 72 4519 118 4578; x_wconf 88' lang='grc' dir='ltr'><strong><em>χρι</em></strong></span> <span class='ocrx_word' id='word_1_562' title='bbox 138 4495 193 4556; x_wconf 88' lang='grc' dir='ltr'><strong><em>τοῦ</em></strong></span> <span class='ocrx_word' id='word_1_563' title='bbox 211 4495 430 4578; x_wconf 71' lang='grc' dir='ltr'><strong><em>ἐπιτελεσθῆναι</em></strong></span> <span class='ocrx_word' id='word_1_564' title='bbox 450 4492 504 4560; x_wconf 82' lang='grc' dir='ltr'><strong><em>τόν</em></strong></span> <span class='ocrx_word' id='word_1_565' title='bbox 520 4493 603 4560; x_wconf 82' lang='grc' dir='ltr'><strong><em>ολκον</em></strong></span> <span class='ocrx_word' id='word_1_566' title='bbox 622 4500 680 4560; x_wconf 87' lang='grc' dir='ltr'><strong><em>τοῦ</em></strong></span> <span class='ocrx_word' id='word_1_567' title='bbox 717 4499 769 4574; x_wconf 84' lang='grc' dir='ltr'><strong><em>οὺς</em></strong></span> <span class='ocrx_word' id='word_1_568' title='bbox 783 4500 970 4644; x_wconf 50' lang='grc' dir='ltr'><strong><em>διῳιΙοΙρίους,</em></strong></span> <span class='ocrx_word' id='word_1_569' title='bbox 996 4497 1086 4578; x_wconf 77' lang='grc' dir='ltr'><strong><em>ἄρνας</em></strong></span> <span class='ocrx_word' id='word_1_570' title='bbox 1102 4503 1320 4619; x_wconf 71' lang='grc' dir='ltr'><strong><em>τετρακοαίρυς,</em></strong></span> 
     </span>
     <span class='ocr_line' id='line_1_54' title="bbox 901 4602 1329 4660; baseline -0.007 -17"><span class='ocrx_word' id='word_1_571' title='bbox 901 4602 919 4643; x_wconf 79' lang='lat'><em>2</em></span> <span class='ocrx_word' id='word_1_572' title='bbox 1284 4604 1329 4660; x_wconf 67' lang='grc' dir='ltr'><strong><em>χι-</em></strong></span> 
     </span>
    </p>
   </div>
   <div class='ocr_carea' id='block_1_3' title="bbox 0 0 1466 4972">
    <p class='ocr_par' dir='ltr' id='par_1_3' title="bbox 0 0 1466 4972">
     <span class='ocr_line' id='line_1_55' title="bbox 0 0 1466 4972; baseline 0 1"><span class='ocrx_word' id='word_1_573' title='bbox 0 0 1466 4972; x_wconf 95' lang='lat' dir='ltr'><strong><em> </em></strong></span> 
     </span>
    </p>
   </div>
  </div>
 </body>
</html>
