2924 4972
110 283 116 293 .
170 235 234 304 258
498 235 729 300 ιινινΑι
767 189 1099 314 σιφ.ιγ.σ’.ἰι.ι4.

169 352 290 437 άρξεται
308 356 405 416 σῶσαι
424 347 476 416 τὸν
499 349 618 435 Ἰσραὴλ
636 354 668 414 ἐκ
687 349 781 436 χειρὸς
808 349 894 428 γελον
904 356 1017 433 κυρίου.
1030 355 1062 413 τί
1074 348 1110 414 τὸ
1124 345 1218 457 ὅνοηιά
1233 374 1292 425 σοι,
1307 346 1355 414 ὅτι
1373 349 1421 414 ίλ-

172 434 340 515 ίθυλιστιΐμ.
366 432 447 498 οκαί
462 434 594 516 είςηλθεν
612 428 716 518 ηγυνη
730 434 782 497 καί
809 443 862 497 θοι
881 430 917 498 τὸ
936 428 1015 516 ῥῆμά
1034 458 1104 508 σου,
1127 459 1179 497 και
1195 427 1358 514 δοξάσομέν
1371 459 1418 506 σει

169 517 286 601 είπετῴ
296 515 491 601 άνδρίαδτης,
502 517 640 594 λέγουσα.
655 515 780 600 άνθρον-
811 517 902 581 18καί
926 517 1005 582 εἶπεν
1023 514 1107 600 αὐτῷ
1129 511 1149 579 ὁ
1167 514 1291 593 άγγελος
1307 521 1418 601 κυρίου.

168 626 226 676 σος
238 605 315 666 θεοῦ
335 601 401 666 ’λθε
412 597 488 685 πρὸς
500 599 550 683 μὲ,
571 600 623 663 καὶ
636 598 711 674 εἶδος
723 598 780 662 αὐ·
808 603 848 675 είς
857 604 890 664 τί
901 605 994 664 τοῦτο
1007 600 1122 683 ἐρωτᾷς
1131 595 1168 663 τὸ
1177 592 1271 679 ὄνομά
1280 623 1338 680 μου
1342 628 1355 677 ,·
1368 597 1418 664 καὶ

168 688 226 748 τοῦ
244 681 285 758 ὡς
303 683 331 748 εί
373 680 628 761 ·άγγελουθεοῡ,
652 677 780 768 φοβεράν
809 677 887 746 αὐτά
911 684 973 748 ἐστι
994 681 1181 764 θαυμαστόν.
1219 682 1248 723 ¹⁹
1261 684 1311 744 καί
1329 682 1420 784 ἔλαβε

169 763 302 848 σφόδρα,
327 767 379 831 καί
391 765 446 831 οὐκ
459 761 600 851 ἠρώτησα
613 761 708 831 αὐτὸν
720 761 780 831 πά·
809 763 929 832 Μανωί
941 763 995 829 τόν
1012 768 1115 865 έριηον
1127 768 1187 828 τῶν
1198 767 1291 841 αίγοΞν
1303 765 1354 828 καί
1365 790 1420 849 την

167 861 223 916 θεν
248 852 326 927 ἐστί,
349 849 401 914 καί
424 847 462 914 τὸ
486 847 581 930 ὄνομα
606 845 703 914 αὐτοῦ
722 847 780 913 οὐκ
810 854 932 925 θυσίαν,
951 846 1002 914 καί
1013 846 1165 932 άνηνεγκεν
1177 848 1228 911 ἐπὶ
1240 844 1294 930 την
1306 851 1419 932 πέτραν

168 927 330 1015 άπηγγιιλέ
337 956 395 1016 μοι.
419 934 494 996 Ι’καί
506 930 572 996 εἶπέ
584 951 644 1013 μοι.
663 930 729 996 ίδσὺ
742 929 779 996 σίν
809 935 855 1014 τῷ
866 937 977 1017 κυρίῳ,
998 933 1050 995 καί
1062 929 1210 1032 διεηοίρισε
1221 934 1355 1014 ποιησαι,
1368 936 1419 996 καί

167 1021 200 1082 ἐν
211 1018 319 1101 γαστρί
337 1019 359 1080 ἐ
370 1040 408 1092 εις
420 1017 472 1080 καὶ
483 1018 551 1100 τεξη
565 1010 637 1080 υίάν.
663 1018 715 1079 καί
728 1019 779 1079 νῦν
809 1013 927 1078 Μανωὲ
944 1016 995 1079 καί
1018 1010 1037 1098 ἢ
1050 1039 1123 1098 γυνη
1141 1010 1238 1078 αὐτοῦ
1253 1013 1421 1099 βλέποντες.

166 1097 207 1183 μὴ
232 1104 303 1192 πίης
321 1040 404 1165 οίνον
420 1101 472 1164 καί
487 1088 643 1183 μέθυσμα,
669 1101 721 1163 καί
736 1094 777 1181 μὴ
809 1098 904 1160 2οκαί
928 1100 1042 1175 ἐγένετο
1067 1099 1168 1181 ἐντῷ
1194 1094 1340 1184 ἀναβῆναι
1364 1095 1420 1182 τὴν

167 1180 265 1264 φάγης
282 1186 345 1247 πᾶν
361 1178 557 1266 ἀκάθαρτον,
583 1179 631 1247 ὅτι
649 1185 723 1246 θεοῦ
740 1177 778 1245 ίί·
809 1175 910 1260 ηλάγα
934 1176 1038 1246 ἐπάνω
1058 1185 1114 1245 τοῦ
1130 1186 1346 1264 θυσιαστηρίου
1363 1186 1419 1255 ἕως

165 1257 237 1345 γιοέ
249 1269 332 1330 ἐσται
345 1263 381 1330 τὸ
393 1260 554 1350 παιδάριον
568 1262 631 1329 άπὸ
649 1260 779 1348 γαστρὸς
809 1265 866 1326 τοῦ
877 1259 1022 1350 οὐρανοῦ,
1035 1265 1086 1328 καί
1097 1261 1187 1349 ιἰνέβη
1199 1258 1217 1326 ὁ
1230 1261 1353 1340 ἄγγελος
1365 1288 1419 1326 xv·

167 1356 223 1424 ἕως
248 1343 358 1433 ἡμέρας
383 1344 522 1413 θανάτου
551 1344 656 1412 αὐτοῦ.
692 1346 779 1412 ’καί
809 1350 876 1430 ρίου
894 1348 926 1412 έν
942 1350 982 1440 τῇ
1002 1347 1101 1427 ςλογί.
1130 1348 1181 1411 καί
1197 1345 1314 1410 Μαιωέ
1331 1342 1417 1428 καὶῆ

166 1427 357 1515 προςηὺξατυ
369 1429 487 1495 Μανωὲ
499 1459 524 1496 π
549 1428 576 1505 ’ς
590 1426 691 1516 κύριον
696 1474 706 1506 ,
728 1430 779 1494 καί
808 1425 880 1529 γυνη
893 1427 989 1494 αιίιοῡ
1000 1428 1174 1515 βλέποντες,
1187 1430 1239 1493 καί
1252 1432 1357 1494 έπεσον
1369 1431 1419 1492 ἐπὶ

168 1513 254 1578 εἶπεν.
281 1515 312 1575 ἐν
325 1514 389 1594 ἐμοὶ
402 1508 525 1596 κίριεἈ
569 1513 643 1587 ναίέ,
655 1513 710 1578 τὸν
722 1510 779 1578 ίίν-
808 1534 971 1594 προςαπον
985 1510 1088 1577 αὐτῶν
1106 1515 1157 1578 ἐπί
1174 1512 1303 1598 τηνγην.
1329 1514 1354 1554 ²¹
1368 1513 1419 1576 καὶ

166 1606 295 1679 θραπον
308 1599 362 1660 τοῦ
374 1601 450 1661 θεοῦ
463 1591 500 1660 ίίν
513 1594 689 1672 ἀπέστειλας
695 1644 705 1672 ,
730 1595 778 1660 ἐλ
810 1595 847 1659 οίι
872 1599 1054 1680 πρσςίθηκεν
1073 1597 1116 1660 ἔτι
1135 1590 1153 1660 ὁ
1171 1593 1296 1673 ἄγγελος
1314 1601 1417 1682 κυρίου

167 1682 254 1744 θέτω
264 1676 302 1780 δη
316 1683 359 1742 ι”τι
371 1678 448 1763 πρὸς
461 1675 550 1763 ημάς,
573 1682 623 1743 καί
636 1683 778 1765 συμβιβα-
809 1672 944 1762 ὀφθῆναι
968 1678 1045 1764 πρὸς
1062 1678 1181 1743 Μανιυὲ
1203 1681 1254 1744 καί
1271 1675 1348 1764 πρὸς
1363 1678 1418 1762 την

167 1758 254 1828 σάτον
278 1765 355 1845 ημᾶς
375 1768 408 1826 τί
423 1761 592 1845 ποιήσωμεν
607 1767 653 1847 τῷ
665 1764 777 1845 παιδίῳ
807 1773 932 1838 γυναῖκα
945 1757 1050 1827 αὐτοῦ.
1063 1757 1131 1826 τάτε
1142 1764 1218 1839 ε”γνω
1227 1762 1355 1838 Μανωέ,
1368 1760 1417 1826 ὅτι

166 1851 212 1928 τῷ
224 1847 394 1926 τικτομένη).
411 1845 488 1909 9καί
500 1844 664 1929 εέςηκουσεν
675 1842 695 1909 ὁ
707 1844 778 1920 θεὸς
808 1842 933 1922 ι’ίγγελσς
942 1851 1046 1929 κυρίου
1056 1835 1155 1920 οὗτος.
1169 1849 1253 1910 22καὶ
1266 1845 1327 1910 είπε
1339 1851 1414 1909 Ma-

165 1933 220 2013 τῆς
231 1930 330 2009 ηωνης
343 1925 476 2003 Μανιοέ,
489 1931 541 1992 καὶ
554 1914 643 2009 ἦλθεν
656 1924 675 1993 ὁ
689 1925 776 2006 ίίγγε·
809 1927 865 1991 νοντ’
877 1924 954 2012 πρὸς
966 1925 1021 2009 τίην
1030 1938 1159 2006 γυναίκιι
1168 1926 1273 1994 αὐτοῦ.
1287 1925 1416 2012 θανάτῳ

165 2011 218 2085 λος
242 2014 298 2074 τοῦ
316 2014 390 2074 θεοῦ
411 2015 454 2074 ἔτι
470 2009 548 2095 πρὸς
571 2011 626 2094 την
640 2023 777 2090 γυναῖκα.
808 2007 1075 2095 άποθανοέμεθα,
1112 2009 1160 2075 ὅτι
1194 2009 1268 2077 θεὸν
1297 2012 1414 2096 εἴδομεν.

166 2095 218 2159 καί
231 2089 307 2175 αὕτη
321 2089 453 2178 ἐκάθητο
466 2096 497 2157 ἐν
509 2092 549 2171 άγ
568 2098 609 2177 ᾧ,
635 2097 685 2159 καί
699 2100 777 2160 Μα-
808 2095 838 2136 ²³
850 2096 900 2158 καί
925 2092 1005 2159 εἶπεν
1027 2092 1112 2178 αὐτῷ
1135 2093 1154 2179 ἢ
1172 2095 1244 2180 γυνη
1262 2092 1366 2160 αὐτοῦ.
1392 2098 1417 2159 εί

164 2174 222 2241 νωέ
240 2173 259 2242 ὁ
277 2173 353 2275 άνίηρ
367 2174 461 2279 αδτης
480 2175 536 2242 οὐκ
549 2120 587 2262 δν
598 2175 657 2260 μετ’
674 2175 775 2261 αὐτῆς.
808 2175 913 2280 η’θελεν
926 2173 944 2241 ὁ
958 2173 1059 2263 κύριος
1068 2184 1246 2244 θανατῶσαι
1258 2173 1345 2262 ἡμᾶς,
1360 2176 1416 2243 οὐκ

166 2265 195 2303 ¹⁰
208 2262 258 2325 καί
276 2261 411 2343 ἐταχυνεν
424 2286 441 2342 η
454 2258 529 2343 γυνὴ
543 2262 594 2326 καί
607 2262 714 2346 ἐθραμε
725 2263 776 2324 καί
806 2284 844 2324 αν
856 2260 965 2347 ἔλαβεν
974 2263 1008 2324 ἐκ
1020 2260 1114 2345 χειρὸς
1124 2256 1208 2365 ημῶν
1218 2258 1416 2342 ὃλοκαάτιυμα

165 2338 315 2444 ἀνηγγειλε
338 2346 382 2426 τῷ
407 2341 621 2427 άνδρίμίιτῆς,
646 2344 698 2407 καί
715 2342 775 2409 ελσε
806 2346 857 2407 καί
875 2349 1002 2418 θυσίαν,
1026 2346 1078 2409 καί
1103 2368 1158 2409 ουκ
1174 2342 1212 2408 eir
1227 2344 1328 2419 ἔδειξεν
1346 2339 1416 2426 ἡμῖν

163 2451 241 2512 προς
266 2421 367 2510 αιἰτάν.
393 2425 472 2491 ,ίδσὺ
492 2427 592 2490 ὦπται
608 2422 685 2511 πρὸς
701 2425 737 2506 μέ
754 2421 774 2491 ὁ
805 2430 903 2490 ταῦτα
920 2421 1037 2503 πάντα,
1059 2429 1110 2493 καί
1127 2424 1233 2503 καθώς
1245 2427 1347 2512 καιρὸς
1360 2424 1415 2491 οὐκ

163 2507 239 2593 ἀνὴρ
252 2505 286 2585 ὃς
298 2511 389 2595 ηλθιν
401 2513 433 2574 ἐν
446 2506 539 2594 νἠμίρᾳ
549 2508 627 2596 πρὸς
635 2513 680 2592 με’.
695 2512 775 2575 “nai
805 2507 842 2575 ἂν
854 2507 1007 2593 ἧκούτισεν
1025 2508 1102 2596 ἡμᾶς
1113 2515 1220 2577 ταῦτα.
1246 2510 1277 2553 ²⁴
1290 2513 1341 2575 καί
1353 2513 1414 2575 ε”τε-

163 2588 271 2676 άνέστη
295 2594 346 2657 καί
368 2591 518 2697 ἐπορεύθη
534 2592 653 2677 Margo&
675 2590 775 2657 ὀπίσω
804 2618 853 2657 κεν
866 2591 884 2677 η
896 2590 968 2678 γυνη
981 2591 1061 2670 υίόν,
1076 2597 1128 2660 καί
1141 2592 1260 2660 ἐκάλεσε
1272 2592 1309 2660 τὸ
1321 2593 1416 2674 ὄνομα

162 2681 217 2775 της
240 2674 380 2751 γυναικὸς
402 2678 511 2750 αυτοῦ,
536 2677 589 2740 καί
606 2676 681 2758 ἦλθε
697 2675 774 2760 πρὸς
805 2673 1070 2760 αιἰτοῦ,Σαμψω’ν.
1083 2680 1134 2741 καί
1148 2675 1282 2762 ηδρὺνθη
1294 2678 1333 2742 τὸ
1343 2703 1415 2742 παι-

162 2780 217 2820 τον
230 2756 338 2841 ἄνδρα,
357 2758 408 2819 καί
420 2755 498 2820 εἶπεν
509 2755 605 2840 αὐτῷ.
631 2764 657 2822 εί
669 2755 705 2824 σίν
717 2757 773 2825 εἷὸ
804 2756 926 2844 δάριον,
951 2760 1003 2824 καί
1027 2757 1184 2840 εὐλόγησεν
1202 2758 1280 2824 αὐτὸ
1305 2757 1413 2843 κυριος

164 2836 240 2924 ἀνὴρ
266 2835 284 2902 ὁ
307 2832 441 2922 λαλησας
460 2837 539 2924 πρὸς
560 2836 615 2924 τὴν
631 2854 757 2918 γυναῖκα
760 2872 773 2921 ,·
805 2845 833 2887 ²⁵
844 2845 895 2908 καί
907 2838 1020 2928 ἤρξατο
1032 2845 1146 2920 πνεῦμα
1159 2847 1262 2924 κυρίου
1272 2867 1413 2906 συνεκπυ·

163 2925 215 2988 καί
228 2919 478 2999 εἶπενὸάγγελοε.
505 2922 573 3000 ἐγω.
608 2927 635 2966 ¹²
648 2927 698 2990 καί
711 2922 773 2992 εἶπε
804 2925 943 3009 ρεύεσθιιι
973 2920 1059 3005 αὐτῷ
1087 2922 1118 2983 έν
1147 2920 1321 3015 παρεμβολῇ
1349 2924 1413 2987 Δάν

164 3008 290 3071 Μανιοί.
316 3009 370 3068 νῦν
390 3001 537 3070 ἐλεύσεται
561 3002 702 3086 ὁλάγος,
727 3016 773 3085 τίς
804 3009 857 3073 καί
880 3005 1027 3086 άναμέσον
1051 3001 1161 3090 Σαραά
1185 3007 1238 3070 καί
1261 3003 1413 3090 άναμέοον

164 3091 246 3153 ἔσται
260 3092 354 3169 κρίσις
370 3091 423 3151 τοῦ
433 3090 555 3153 παιδίου
568 3093 618 3154 καί
633 3090 671 3155 τά
683 3087 772 3177 ποιη’-
802 3085 947 3155 Ἐσθαάλ.

164 3195 245 3253 ματα
262 3166 374 3246 αὐτοῦς
413 3172 503 3235 1’καί
521 3171 600 3237 εἶπεν
617 3170 635 3238 ὁ
651 3175 772 3253 ἄγγελος
988 3178 1021 3236 1(
1034 3177 1113 3237 ΕΦ.
1157 3167 1224 3237 m'.

163 3258 268 3338 κυρίου
280 3251 358 3337 πρὸς
369 3258 497 3320 Μανωέ.
518 3252 585 3322 άπὸ
595 3253 717 3323 πάντων
728 3250 772 3323 ὧν
803 3220 886 3321 Καὶ
905 3257 1016 3342 κατέβη
1034 3253 1175 3340 Σαμψάν
1192 3259 1232 3329 είς
1251 3251 1413 3336 Θαμναθὰ,

162 3338 263 3422 εἴρηκα
287 3334 364 3423 πρὸς
385 3336 441 3441 την
456 3351 584 3418 γυναῖκα
600 3339 772 3421 φυλάξεται,
803 3341 855 3406 καὶ
879 3337 934 3404 είδε
959 3351 1087 3417 γυναῖκα
1112 3342 1144 3405 ἐν
1169 3336 1322 3421 Θαμναθὰ
1347 3335 1412 3402 άπὸ

162 3418 259 3486 1*άπὸ
272 3419 386 3497 παντὸς
396 3419 415 3486 ίν
427 3420 616 3526 ἐκπορεύεται
630 3428 662 3503 ἐξ
674 3423 772 3506 άμπέ-
805 3429 865 3489 τῶν
878 3426 1055 3505 θυγατέρων
1066 3427 1127 3488 τοῖν
1139 3418 1329 3501 ἀλλουάλων.
1343 3423 1414 3485 2καί

162 3503 216 3569 λου
228 3509 283 3570 τοῦ
296 3504 393 3579 οἴνου,
419 3504 458 3570 οίι
470 3531 612 3586 φανεται,
630 3509 680 3572 καί
692 3504 772 3572 οἶνον
805 3506 896 3592 ἀνέβη
912 3508 963 3570 καί
980 3502 1138 3590 ἀπήγγειλε
1154 3509 1198 3588 τῷ
1210 3507 1303 3587 πατρί
1316 3502 1412 3570 αὐτοῦ

161 3591 213 3652 καί
224 3592 361 3670 μέθυσμα
373 3588 414 3671 μη
426 3590 533 3662 πιίτω,
556 3589 607 3653 καί
619 3594 682 3653 πάν
694 3586 772 3654 άκά-
804 3592 855 3655 καί
868 3593 905 3673 τῆ
917 3591 1008 3673 μητρί
1020 3588 1128 3666 αὑτοῦ,
1140 3591 1191 3653 καί
1204 3586 1274 3652 εἶπε.
1288 3597 1413 3664 γυναῖκα

160 3681 279 3756 θαρτον
290 3671 331 3752 μὴ
341 3673 476 3748 φαγίτω,
487 3667 588 3737 πάντα
599 3668 658 3737 ὅσα
670 3675 772 3737 ἐνετει-
804 3660 924 3755 ἑώρακα
942 3676 973 3738 ἐν
990 3669 1143 3754 Θαμναθὰ
1157 3669 1222 3737 ἀπὸ
1239 3674 1299 3734 τῶν
1312 3678 1413 3745 θυγα-

162 3750 258 3838 λάμην
276 3750 370 3849 αὐτῇ,
396 3746 568 3830 φυλάξεται.
607 3754 772 3821 15καίείπε
804 3759 899 3840 τέρων
913 3755 1086 3836 (θυλιστιῒμ,
1111 3757 1163 3820 καὶ
1180 3759 1232 3820 νῦν
1243 3748 1344 3838 λάβετε
1357 3749 1414 3816 αιἰ-

163 3835 280 3904 Marwa
293 3859 369 3915 προς
383 3835 435 3898 τὸν
444 3833 569 3914 άγγελον
577 3838 690 3921 κυρίου.
717 3865 771 3903 κα-
804 3835 858 3922 την
870 3863 920 3919 μοι
938 3843 978 3913 είς
988 3851 1123 3915 γυναῖκα.
1148 3839 1163 3880 ³
1177 3839 1226 3901 καί
1238 3833 1315 3900 εἶπεν
1327 3832 1413 3918 αὐτῷ

161 3915 314 4002 τάσχωμιν
326 3907 387 3980 ὧδέ
398 3943 444 3994 σε,
461 3921 511 3983 καί
523 3917 688 4004 ποιήσωμεν
700 3917 773 3986 ἐνιά-
805 3917 823 3983 ὁ
842 3916 945 4004 πατὴρ
971 3919 1068 3986 αὐτοῦ
1089 3922 1141 3984 καί
1160 3917 1178 4005 ἡ
1194 3918 1289 4003 μητηρ
1307 3915 1413 3983 αὐτοῦ.

161 4023 230 4065 πιον
243 4024 299 4064 σου
313 4002 417 4085 ε”ριηον
429 4005 532 4078 αἰγῶν.
557 4005 585 4047 ¹⁰
597 4005 648 4066 καί
661 4001 771 4070 εἶπενὸ
803 4002 844 4086 μη
869 4001 925 4067 οὐκ
947 4004 1003 4067 είολ
1022 4007 1184 4087 θυγατέρες
1200 4007 1261 4067 τῶν
1279 3999 1414 4081 άδελοιῖιν

163 4080 287 4160 ἅγγελος
316 4087 420 4164 κυρίου
447 4083 525 4167 πρὸς
552 4089 681 4150 Μανωί.
720 4085 773 4152 ἐὰν
804 4111 874 4162 σου,
895 4089 946 4151 καί
959 4088 991 4150 ἐκ
1003 4083 1117 4161 παντὸς
1132 4091 1185 4150 τοῦ
1200 4085 1279 4150 λαοῦ
1290 4109 1349 4166 μου
1361 4109 1414 4162 γο-

164 4160 329 4256 κατάοχης,
355 4163 392 4227 οίν
410 4160 543 4246 ηάγομαι
561 4164 623 4233 ἀπὸ
641 4172 703 4233 τῶν
715 4168 771 4253 άρ-
804 4166 849 4254 νὴ,
863 4167 912 4234 ὅτι
926 4165 963 4235 σὺ
975 4165 1087 4257 πορεάη
1101 4170 1200 4254 λαβεῖν
1212 4178 1339 4246 γυναῖκα
1351 4165 1414 4232 άπὸ

162 4272 223 4314 των
236 4272 299 4314 σου.
325 4247 443 4312 καὶέἁν
459 4244 585 4343 ποιησης
600 4247 772 4317 ὁλοκαύτω-
803 4258 866 4317 τῶν
895 4247 1074 4331 άλλοηὺλων
1103 4257 1164 4317 τιόν
1189 4247 1413 4334 άπεριτμητιονς

160 4356 216 4412 μα,
242 4335 286 4414 τῷ
299 4333 393 4414 κυρίῳ
406 4329 531 4407 ἀνοίσεις
544 4329 630 4399 αὐτά.
654 4333 702 4401 ὅτι
715 4335 772 4401 οὐκ
804 4338 856 4399 καί
880 4334 943 4399 είπε
960 4331 1102 4418 Σαμψών
1126 4331 1202 4414 πρὸς
1221 4332 1274 4399 τὸν
1294 4336 1413 4437 antiqu

161 4416 237 4494 ἔγνω
251 4411 383 4489 Μανωὲ,
401 4411 448 4480 ὅτι
462 4411 586 4495 άγγελος
599 4425 702 4502 κυρίου
714 4417 771 4484 αὖ·
804 4416 911 4483 αὐτοῦ.
930 4413 1042 4500 ταύτην
1053 4416 1123 4503 λάβε
1135 4443 1196 4499 μοι,
1215 4414 1261 4481 ὅτι
1275 4414 1353 4500 αὕτη
1365 4442 1414 4482 ευ-

159 4494 219 4578 τάς.
253 4501 279 4543 ¹⁷
290 4499 341 4564 καί
354 4498 416 4566 εἶπε
429 4497 545 4571 Marwa*
557 4501 635 4590 πρὸς
645 4498 702 4568 τὸν
712 4501 771 4580 άγ·
804 4511 873 4566 θεία
886 4498 1101 4582 ε’νόηθαλςιοίς
1112 4528 1181 4584 μου.
1195 4496 1414 4600 *καίὸπατηρ

1316 4609 1413 4647 αυιοι
