2924 4972
111 225 177 291 618
440 231 476 287 Ψ
484 224 519 287 Α
532 233 566 288 Λ
580 230 695 289 MOI
734 218 853 306 ρ’-ρβ’.
870 222 957 287 100-
971 222 1040 286 102.

110 322 1351 343 ..ww-w

108 352 191 457 λὴθφ
202 379 252 435 μοι
266 354 374 436 καρδία
386 351 511 438 σκαμβὴ,
537 351 553 392 2
567 351 716 415 ἐκκλίνον·
755 374 811 412 σαν
824 352 854 412 οἱ
866 348 969 411 δοῦλοί
983 373 1035 411 σου
1047 349 1118 419 τούς
1131 346 1238 418 λίθους
1256 346 1360 427 αὐτῆς,

108 461 159 511 τος
171 435 221 500 απ’
239 438 312 518 ἐμοῦ
329 439 386 498 τοῦ
398 437 533 519 πονηροῦ
546 432 600 497 οῦκ
612 436 716 510 ἐγίνω-
751 432 801 494 καί
825 430 881 495 τὸν
909 435 982 513 χοῦν
1011 427 1103 511 αὐτῆς
1133 425 1358 512 οἶκτειρύσουσι.

109 542 186 584 οκον.
212 518 288 583 2τόν
300 516 529 582 καταλαλοῦντα
542 511 646 601 λάθρα
660 519 717 579 τοῦ
751 515 779 556 ¹⁶
792 515 842 578 καί
856 509 1085 598 φοβηθήσονται
1098 510 1137 576 τόι
1152 513 1226 593 έθνη
1240 509 1276 575 τὸ
1289 510 1362 576 ὀνο-

107 603 232 685 πλησίον
240 597 621 678 αύτοῦ,τοῦτονέξεδίωκον.
630 596 717 683 ὑπερ·
750 591 793 679 μό
806 621 860 661 σου
874 592 968 681 κύριε,
994 597 1046 660 καὶ
1064 592 1170 669 πάντες
1188 598 1220 658 οἱ
1230 593 1361 679 βασιλεῖς

128 681 213 768 φόνῳ
233 681 387 766 ὀφθαλμῷ
408 685 459 747 καί
477 677 624 764 ἀπλήστῳ
642 707 681 746 κα
700 722 716 733 -
751 676 805 763 τὴν
816 676 905 756 δόξαν
917 704 981 744 σου.
1005 681 1032 722 ¹⁷
1046 674 1093 741 ότι
1111 677 1363 778 οέκρδομῆσεικύ-

107 711 168 850 δίᾳ,
181 762 280 851 τούτῳ
295 764 332 832 οῦ
347 761 517 850 συνήσθιον.
531 765 583 829 2οῑ
593 707 716 844 ὀφθαλ-
770 789 814 838 ισς
831 763 885 847 τὴν
897 759 994 838 Σιυόν,
1018 763 1069 825 καί
1087 758 1252 845 ὀφθχσεται
1272 764 1304 826 ἐν
1322 767 1360 855 τῇ

105 857 160 934 μοί
171 875 230 932 μου
243 850 295 913 ἐπὶ
303 845 374 923 τούς
385 847 511 923 πιστούς
523 852 574 930 τῆς
582 852 647 932 γῆς,
659 852 714 913 τοῦ
750 787 823 938 δόξῃ
849 845 953 912 αὐτοῦ.
993 845 1021 888 22
1040 844 1198 929 ἐπέβλεψεν
1228 845 1279 908 ἐπί
1304 845 1360 928 τὴν

108 936 320 1015 συγκαθῆσθαι
339 929 451 1007 αύτούς
464 928 526 1034 μετ’
549 933 630 1012 ἐμοῦ.
656 956 716 995 πο-
750 927 910 1013 προςευχίχν
917 932 978 992 τῶν
986 931 1141 1000 ταπεινῶν,
1148 929 1199 990 καί
1209 923 1264 991 οῦκ
1276 929 1360 1003 ἐξου-

127 1011 259 1096 ευόμενος
275 1017 307 1080 ἐν
324 1012 386 1096 ὁδῷ
406 1015 536 1097 ὀμωμῳ,
563 1007 653 1089 οῦτός
664 1039 715 1096 μοι
751 1013 855 1077 δένωσε
868 1011 922 1096 τὴν
935 1011 1032 1095 δέησιν
1044 1007 1153 1075 αῦτιῦν.
1172 1012 1200 1053 ¹⁹
1212 1006 1358 1111 γραφῆτω

107 1041 290 1183 ἐλειτούργει.
312 1100 325 1141 7
338 1097 375 1162 ού
388 1095 514 1180 κατῴκει
529 1099 559 1159 ἐν
570 1099 650 1182 μέσῳ
662 1101 715 1182 τῆς
752 1092 828 1178 αῦτη
837 1099 876 1170 εἰς
884 1090 984 1173 γενεόιν
994 1096 1109 1178 ἑτέραν,
1123 1093 1257 1168 καίλαός
1268 1118 1286 1156 ο
1296 1119 1358 1157 κτι-

109 1185 205 1254 οίκίας
242 1206 277 1245 ου
299 1185 396 1246 πσιιῦν
418 1178 632 1265 ὑπερηφανίαν.
658 1179 712 1244 λα·
751 1173 865 1258 ζόμενος
878 1180 984 1243 αἰνέσει
998 1175 1053 1242 τόν
1066 1173 1174 1260 κύριον.
1192 1178 1223 1220 ²⁰
1236 1174 1283 1240 ότι
1296 1179 1357 1252 ἐξέ-

107 1262 168 1326 λιῦν
192 1208 281 1329 ὀίδόκα
305 1262 342 1328 οῦ
373 1263 552 1329 κατεύθυνεν
580 1267 713 1328 ἐναντίον
751 1281 844 1344 κυψεν
860 1263 891 1337 ἐξ
905 1256 1002 1344 ῦφσυς
1020 1255 1106 1337 όιγίου
1120 1257 1232 1335 αὐτοῦ,
1257 1257 1360 1344 κύριος

105 1350 168 1410 τοῖν
180 1343 351 1431 ὀφθαλμῶν
361 1372 429 1431 μου.
447 1349 463 1391 ⁸
478 1351 517 1422 είς
529 1345 584 1421 τὰς
596 1348 714 1432 πρωίας
751 1347 782 1422 ἐξ
806 1342 935 1430 ούρανοῦ
966 1346 1017 1408 ἐπὶ
1044 1343 1098 1426 τὴν
1123 1347 1178 1425 γῆν
1202 1344 1358 1428 ἐπέβλεφε,

106 1426 268 1495 ἀπέκτενον
293 1427 409 1504 πάντας
426 1428 498 1505 τούς
516 1426 714 1514 ἁμαρτωλούς
750 1431 777 1470 22
787 1431 842 1493 τοῦ
853 1425 977 1492 ὀκοῦσαι
990 1431 1044 1490 τσῦ
1057 1430 1219 1530 στεναγμοῦ
1232 1430 1293 1490 τιῦν
1304 1452 1358 1491 πε·

105 1516 158 1593 τῆς
169 1517 236 1593 γῆς,
255 1516 315 1575 τοῦ
326 1513 542 1595 ἐξολοθρεῦσαι
556 1515 588 1574 ἐκ
599 1508 713 1586 πόλεως
750 1511 929 1595 πεδιχμένων,
950 1514 1005 1574 τοῦ
1019 1509 1104 1574 λῦσαι
1116 1534 1187 1583 τους
1201 1507 1283 1583 υίούς
1295 1514 1359 1575 τιῦν

105 1600 207 1678 κυρίου
219 1589 336 1669 πόντας
353 1593 425 1670 τούς
438 1596 646 1682 ἐργαζομένους
660 1592 714 1678 τὴν
751 1595 1014 1696 τεθανατωμένων,
1030 1594 1062 1634 22
1075 1597 1130 1656 τοῦ
1143 1589 1313 1670 ἀναγγεῖλαι
1327 1596 1358 1657 ἐν

105 1675 232 1739 ἀδικίαν.
750 1673 832 1740 Σιεόν
845 1673 880 1740 τὸ
892 1676 989 1759 ὀνομα
1002 1682 1121 1760 κυρίου,
1147 1677 1198 1739 καὶ
1211 1675 1267 1755 τὴν
1280 1676 1357 1739 αἴνε-

368 1755 452 1826 ΡΑ’.
751 1785 797 1824 σιν
815 1757 910 1825 αῦτοῦ
929 1763 961 1824 ἐν
980 1755 1182 1843 Ἰερουσαλήμ.
1222 1760 1292 1822 23ἐν
1314 1765 1357 1842 τῷ

105 1838 257 1927 Προςευχίγ
272 1845 316 1924 τῷ
326 1845 449 1926 πτωχῷ,
467 1838 541 1907 όταν
554 1840 710 1927 ὀκηδιόσιγ,
751 1847 931 1926 συναχθῆναι
944 1841 1037 1915 λαοὺς
1050 1839 1222 1917 ἐπιτσαυτό,
1235 1844 1287 1905 καί
1298 1846 1358 1927 βα-

105 1927 156 1988 κοιὶ
168 1927 302 1989 ἐναντίον
319 1931 420 2009 κυρίου
440 1928 524 2015 ἐκχέῃ
541 1923 595 2010 τὴν
613 1917 711 2010 δέησίν
750 1925 836 2000 σιλεῖς
848 1931 903 1989 τοῦ
916 1920 1059 1990 δουλεύειν
1071 1927 1116 2006 τῷ
1127 1931 1228 2011 κυρίῳ.
1243 1925 1357 1990 22ἀπε-

353 2005 457 2073 αῦτοῦ.
749 2036 766 2071 κ
786 2015 840 2087 ίθη
854 2006 938 2093 αύτῷ
950 2011 980 2071 ἐν
991 2006 1053 2090 ὀδῷ
1067 2004 1166 2092 ἰσχύος
1179 2007 1284 2083 αὐτοῦ,
1302 2008 1357 2088 τὴν

104 2055 710 2196 2Κῦριεεόςόικουσοντῆςρτροςευχῆςμου,
749 2035 912 2197 ὀλιγότητα
921 2096 981 2194 τρῦν
995 2089 1106 2193 ἡμεροῦν
1115 2117 1173 2174 μου
1182 2087 1357 2194 ὀνόγγερλόν

104 2174 155 2237 καί
181 2201 200 2257 η
224 2170 336 2259 κραυγή
358 2199 416 2256 μου
440 2201 517 2261 προς
534 2174 568 2240 σὲ
584 2176 708 2240 ἐλθέτω.
747 2200 805 2257 μοι.
833 2177 861 2218 22
874 2202 916 2258 μη
929 2199 1079 2266 αναγαγῃς
1089 2199 1123 2256 με
1137 2177 1167 2239 ἐν
1180 2181 1275 2277 χρίσει
1288 2203 1355 2259 ημε

103 2252 169 2342 2μίχ
194 2253 391 2342 ὀποστρέψης
415 2256 452 2322 τὸ
477 2254 637 2344 πρόςωπόν
654 2284 710 2323 σου
749 2262 809 2339 ρων
820 2284 891 2339 μου,
918 2261 949 2322 ἐν
960 2262 1044 2340 γενεᾷ
1060 2262 1163 2334 γενεῶν
1175 2283 1215 2321 τα
1228 2262 1279 2342 ἐτη
1293 2285 1354 2324 σου.

104 2336 154 2402 ἀπ’
167 2342 248 2422 ἐμοῦ.
263 2343 294 2404 ἐν
303 2331 324 2435 ᾗ
334 2330 372 2405 ι’έν
384 2337 478 2427 ἡμέρᾳ
486 2341 710 2446 θλίρέομαιμλῐ-
747 2343 779 2382 ²⁶
792 2338 855 2405 κατ’
871 2336 964 2426 ἀρχόις
976 2337 1029 2425 τὴν
1040 2346 1095 2424 γῆν
1112 2341 1149 2406 σύ
1163 2340 1240 2425 κύριε
1254 2345 1353 2423 ἐθεμε-

103 2441 155 2486 νον
167 2418 244 2568 πρρς
255 2421 291 2506 με’·
303 2421 339 2487 τὸ
353 2412 406 2499 οῦς
418 2449 481 2489 σου.
495 2427 526 2490 ἐν
537 2453 557 2517 ῃ
568 2423 605 2526 ὀίφ
616 2423 708 2527 ἡμέρᾳ
748 2423 870 2526 λίονρας,
883 2425 935 2489 καί
948 2427 1022 2506 έργα
1034 2428 1094 2530 τῶν
1103 2429 1209 2528 χειριῦν
1220 2451 1274 2489 σου
1283 2429 1356 2491 εἰσὶν

504 2505 511 2529 ἱ

103 2507 192 2570 ἐπικα
228 2512 327 2591 σωμαί
355 2532 403 2584 σε,
442 2531 516 2610 ταχυ
542 2513 709 2582 εἰςακουσον
747 2509 931 2592 οῑσυρανσί.
949 2505 1297 2583 22αῦτσιαπολοῦνται,
1317 2508 1355 2573 σύ

102 2613 170 2670 μου.
209 2584 285 2653 2ὀτι
311 2591 443 2666 ἐξέλιπον
462 2591 526 2664 ωςεὶ
545 2587 658 2664 καπνός
677 2595 710 2653 αἱ
747 2589 779 2654 δὲ
805 2590 953 2671 διαμένεις.
979 2592 1031 2655 καὶ
1052 2587 1159 2664 πάντες
1176 2588 1216 2664 ὡς
1235 2587 1356 2672 ίμοίτιον

103 2667 206 2756 ἡμέραν
214 2697 283 2752 μου,
296 2675 347 2736 καὶ
359 2674 398 2737 τὰ
408 2671 483 2738 ὀστᾶ
491 2697 548 2754 μου
558 2670 622 2747 ὡςεὶ
632 2669 709 2758 φρύ-
747 2670 1028 2757 παλαιωθήσονται,
1035 2676 1086 2737 καί
1094 2671 1160 2747 ὦςεὶ
1169 2672 1357 2759 περιβόλαιον

102 2779 168 2830 γιον
177 2774 265 2833 συνεφ
287 2749 556 2856 ύγρσαν.2ἐπλη’γιχν
566 2753 632 2830 ὡςεί
642 2753 709 2841 χόρ·
748 2756 847 2834 ἑλίξεις
858 2755 970 2833 αύτούς
982 2758 1034 2820 καὶ
1042 2752 1267 2840 ἀλλαγήσονται.
1283 2756 1356 2821 22σύ

102 2861 169 2910 τος,
191 2838 240 2899 καί
254 2779 401 2920 ἐξηρανθχ
414 2835 432 2920 ἢ
445 2839 553 2922 καρδία
563 2863 635 2921 μου,
661 2834 708 2902 ότι
748 2837 780 2903 δὲ
792 2837 810 2903 ὁ
824 2836 916 2913 αῦτός
927 2836 966 2912 εί,
991 2841 1043 2902 καὶ
1056 2837 1095 2902 τὰ
1108 2842 1159 2920 ἔτη
1172 2863 1224 2902 σου
1238 2837 1293 2903 οῦκ
1306 2843 1356 2902 ἐκ-

102 2914 293 3001 ἐπελαθόμην
301 2924 356 2983 τοῦ
365 2931 468 3000 φαγεῖν
478 2917 531 2986 τόν
541 2921 632 3005 ὀίρτον
640 2948 707 3004 μου.
748 2923 906 3001 λείψοιισιν.
944 2922 1012 2984 22οί
1022 2923 1085 2983 υἱοί
1096 2925 1157 2983 τῶν
1168 2919 1284 2983 δούλων
1297 2947 1354 2984 σου

103 2999 188 3065 2όιπό
198 3005 296 3084 φωνῆς
310 3005 367 3066 τοῦ
380 3008 542 3084 στεναγμοῦ
550 3028 609 3086 μου
623 3004 708 3069 ἐκσλ-
749 2997 1023 3085 κατασκηνόσουσι,
1049 3002 1149 3065 καὶτὸ
1163 3005 1280 3082 σπέρμα
1292 3001 1351 3065 αῦ-

104 3079 185 3166 λήθη
211 3084 245 3148 τὸ
273 3082 382 3149 ὀστοῦν
402 3113 461 3169 μου
478 3091 516 3170 τῆ
533 3093 623 3172 σαρκί
638 3112 706 3169 μου.
748 3090 808 3151 τῶν
819 3089 857 3160 είς
868 3082 922 3149 τὸν
936 3088 1032 3148 αἲιῦνα
1048 3079 1331 3164 κατευθσιθὴσεται.

104 3168 117 3209 7
131 3162 292 3251 ὡμοιόθην
305 3168 439 3234 πελεκᾶνι
452 3158 588 3256 ἐρήμικῴ,
614 3168 706 3253 ε’γενή-
1011 3173 1071 3231 ΡΒ
1075 3162 1092 3228 ’.

103 3258 164 3330 θην
195 3246 260 3325 ὠςεὶ
291 3248 464 3338 νυκτικόροιξ
493 3256 525 3318 ἐν
551 3255 706 3337 οίκοπέδῳ.
966 3254 1019 3332 Τῷ
1032 3251 1137 3314 Δαυίδ.

103 3328 305 3419 2ἢγρῦπνιχιια,
314 3337 365 3399 καί
375 3334 517 3423 ἐγενήθην
525 3333 590 3411 ὡςεί
600 3361 708 3422 στρου-
749 3301 892 3410 Εύλόγει
904 3328 924 3416 ἢ
938 3330 1020 3418 ψυχή
1034 3359 1092 3414 μου
1105 3333 1159 3397 τὸν
1171 3336 1285 3419 κύριον,
1303 3340 1356 3399 καί

102 3421 174 3481 θίον
191 3416 314 3501 μονόζον
329 3420 380 3484 ἐπὶ
391 3419 516 3503 δώματι.
541 3421 558 3462 ⁰
573 3413 643 3503 όλην
654 3417 709 3504 τὴν
747 3414 848 3484 πάντα
858 3417 898 3481 τό
910 3411 994 3492 ἐντός
1003 3442 1061 3497 μου
1072 3413 1107 3481 τὸ
1118 3414 1215 3498 ὀνομα
1223 3413 1260 3480 τὸ
1269 3413 1355 3493 ἶν’γιον

103 3494 213 3587 ἡμέραν
226 3498 369 3579 ὠνείδιζόν
377 3528 412 3586 με
424 3508 454 3568 σί
465 3507 570 3589 ἐχθροί
581 3529 647 3586 μου,
659 3504 709 3567 καί
748 3501 853 3568 αότοῦ.
879 3504 894 3543 2
907 3496 1019 3578 εύλόγει
1038 3496 1055 3583 ἢ
1069 3494 1151 3602 ψυχή
1163 3524 1221 3583 μου
1234 3497 1288 3563 τόν
1300 3497 1354 3563 κύ-

105 3588 136 3647 oz
158 3588 344 3659 ἐπαινοῦντές
359 3611 393 3667 με
410 3585 474 3651 κατ’
495 3590 568 3668 ἐμοῦ
584 3585 708 3668 ὀίμνυον.
748 3611 827 3671 ριον,
851 3586 903 3648 καί
913 3581 953 3668 μὴ
968 3584 1172 3649 ἐπιλανθανου
1188 3578 1288 3656 πόσας
1300 3581 1354 3656 τὰς

104 3667 133 3709 ¹⁰
146 3662 193 3730 ὅτι
206 3665 321 3733 σποδὸν
332 3665 398 3743 ὡςεὶ
410 3667 505 3753 ὀρτον
516 3671 639 3750 ἔφαγον,
658 3668 710 3732 καὶ
748 3672 869 3743 αἰνέσεις
894 3666 998 3733 αὐτοῦ.
1036 3666 1122 3732 2τὸν
1146 3661 1353 3729 εόιλατεύσννα

104 3749 140 3810 τὸ
157 3745 244 3830 πόμα
255 3776 312 3834 μου
319 3750 398 3851 μετὰ
410 3750 567 3831 κλαυθμοῦ
581 3755 709 3836 ἐκίρνων,
748 3747 861 3826 πάσαις
873 3762 939 3826 ταῖς
951 3748 1083 3831 ὀνομίοιις
1093 3774 1158 3823 σου,
1170 3746 1223 3813 τόν
1233 3741 1355 3828 ἰώμενον

103 3833 129 3871 ¹¹
143 3827 205 3893 ὀιπὸ
229 3857 390 3914 προςωπου
408 3838 461 3917 τῆς
478 3832 568 3920 ὀργῆς
587 3860 642 3899 σου
658 3835 711 3896 καὶ
748 3831 849 3908 πόσας
860 3831 915 3909 τὰς
928 3829 1032 3908 νόσους
1046 3858 1110 3906 σου,
1131 3828 1216 3895 4τὸν
1228 3829 1354 3916 λυτρού-

104 3916 159 3975 τοῦ
172 3918 272 3992 θυμοῦ
284 3938 357 3988 σου,
379 3910 426 3978 ότι
439 3914 554 4001 ἐπάρας
566 3917 710 3998 κατέρῥα-
747 3941 834 3998 μενον
851 3920 883 3980 ἐκ
903 3920 1023 4003 φθορᾶς
1040 3913 1094 3997 τίγν
1111 3909 1187 3999 ζωόν
1204 3939 1277 3989 σου,
1301 3913 1356 3978 τὸν

104 3990 155 4070 ξός
181 4019 224 4074 με.
261 3998 289 4037 22
301 4000 335 4060 οιί
354 3993 461 4100 ίρμέραι
482 4025 540 4082 μου
558 3994 623 4072 ὦςεί
641 3996 709 4061 σκιόι
749 3997 953 4078 στεφανοῦνταί
979 4024 1011 4064 σε
1034 4002 1064 4062 ἐν
1085 3998 1155 4063 ἐλέει
1174 3998 1225 4061 καί
1242 4001 1355 4078 οἰκτιρ-

104 4075 276 4159 ἐκλίθησαν,
294 4075 378 4160 κᾷγω
391 4078 457 4155 ὡςεί
469 4078 577 4185 χόρτος
589 4075 709 4163 ἐξηρόν-
748 4092 821 4163 μοῖς,
835 4078 907 4147 2τόν
919 4081 1109 4164 ἐμπιπλῦντα
1121 4084 1151 4144 ἐν
1163 4079 1293 4157 ἀγαθοῖς
1303 4083 1357 4184 τίχν

104 4169 173 4243 θην.
199 4160 226 4201 ¹³
239 4159 275 4225 σὺ
290 4161 323 4224 δὲ
338 4156 417 4244 κύριε
435 4169 473 4238 είς
485 4188 540 4229 τον
551 4166 646 4227 αἲιῦνα
657 4166 709 4245 μέ-
748 4167 911 4246 ἐπιθυμίαν
931 4190 995 4230 σου.
1021 4159 1300 4247 ὀνακαινισθὴσεται
1315 4191 1356 4240 ως

104 4266 173 4320 νεις,
190 4244 240 4306 καί
251 4242 287 4307 τὸ
299 4240 485 4325 μνημόσυνόν
496 4270 550 4311 σου
563 4250 602 4320 εἰς
613 4245 710 4323 γενεόιν
748 4245 838 4312 ἀετοῦ
856 4244 875 4353 ᾗ
893 4244 991 4332 νεότης
1007 4273 1070 4313 σου.
1096 4249 1224 4312 6ιιοιιῖιν
1234 4246 1353 4330 ἐλεημο-

103 4329 154 4402 ιιαί
166 4320 271 4403 γενεάν.
293 4324 323 4368 ¹⁴
337 4323 373 4388 σὺ
387 4322 517 4404 ἆναοτόις
529 4329 710 4415 οἷκτειρὴσεις
748 4325 839 4406 σύκοις
854 4356 871 4395 ο
891 4328 1003 4413 κύριος,
1028 4331 1080 4395 καί
1096 4335 1188 4416 κρίμα
1202 4334 1277 4394 πᾶσι
1290 4340 1354 4406 τοῖς

102 4409 158 4515 τίρν
170 4408 265 4486 Σιιόν,
288 4402 335 4474 ότι
348 4406 449 4496 καιρὸς
461 4417 517 4477 τοῦ
531 4416 619 4478 σίκτει
639 4418 709 4516 ιχσαι
748 4411 954 4496 ἀδικουμένοις.
970 4408 1125 4498 7ι’·γνοόρισε
1134 4411 1189 4487 τός
1197 4409 1288 4489 ὁδούς
1299 4411 1356 4479 αῦ-

103 4491 206 4583 αυτὴν,
220 4491 267 4560 ὅτι
279 4489 340 4582 ἥκει
351 4492 464 4582 καιρός.
488 4498 516 4543 ¹⁶
529 4439 709 4584 ὀτιεῦόοκιχ-
748 4501 803 4561 τοῦ
815 4501 859 4581 τῷ
872 4500 1003 4594 Μωυσῇ,
1017 4507 1079 4571 τοῖς
1092 4500 1168 4572 υἱοῖς
1177 4494 1304 4584 Ἰσραὴλ
1315 4495 1355 4560 τό

1263 4577 1352 4655 θελιί·
