2924 4972
157 211 217 274 ιω
534 208 818 273 Ανισιιιοτ
855 207 1028 291 κατι.

1013 303 1169 317 tan-Q-

152 321 262 427 δήμους
280 321 400 400 αὐτῶν,
426 320 489 388 κατ’
511 324 611 398 οἴκους
632 329 771 410 πατριῶν
801 321 974 410 σαράκοντα
996 323 1122 412 χιλιάδες
1145 327 1195 393 καὶ
1214 335 1410 397 πεντακόσιοι.

152 411 273 482 αυτῶν,
298 405 377 472 κατά
391 402 525 493 άριθμὸν
540 403 700 491 ὀνομάτων
713 403 771 472 αδ·
800 407 901 484 34τοῖς
911 411 986 484 υἱοῖς
995 415 1152 496 Μανασσῆ
1161 408 1240 477 κατά
1250 421 1411 490 συγγενείας

155 496 225 567 τῶν,
238 487 317 556 κατά
329 488 460 573 κεφαλήν
473 487 585 568 αὐτῶν,
597 485 700 555 πάντα
713 488 770 576 άρ-
800 487 917 569 αὐτῶν,
942 491 1022 559 κατά
1034 489 1143 597 δήμους
1155 494 1194 560 αὖ
1199 498 1270 571 τῶν,
1283 493 1348 559 κατ’
1363 499 1410 561 οἴ-

154 571 252 641 σενικά
278 572 343 640 άπό
369 577 558 648 είκοσαετσιῖς
582 573 634 638 καί
654 570 769 649 ἐπάνω,
798 599 870 650 κους
889 580 1027 661 πατριῶν
1043 581 1153 655 αυτῶν,
1179 577 1258 643 κατὰ
1278 576 1411 682 ᾶριθμόν

152 664 213 734 πᾶς
239 655 257 723 5
284 653 511 743 ἐκπορευόμενος
536 658 567 720 ἐν
582 661 622 751 τῇ
639 652 767 742 δυνάμει,
799 652 957 741 ὀνομάτων
975 656 1091 737 αὐτῶν,
1116 658 1196 726 κατά
1208 662 1338 745 κεφαλήν
1352 660 1408 727 αό-

152 738 211 826 ’ἱή
237 743 393 826 ἐπίσκεψις
417 738 521 805 αὐτῶν
546 741 579 804 ἐκ
603 743 656 822 τῆς
673 738 769 824 φυλῆς
798 744 869 817 τῶν,
884 737 987 806 πάντα
999 739 1138 828 ἀρσενικὰ
1149 741 1410 820 ᾶπόεἱκοσαετοῡς

157 823 287 911 Ρουβήν,
300 826 334 900 ἐξ
345 824 397 888 καί
408 819 631 910 τεσσαράκοντα
642 818 768 908 χιλιάδες
797 824 850 887 καέ
871 820 988 900 ἐπάνω,
1013 828 1074 900 πᾶς
1091 821 1110 891 5
1129 823 1360 913 ἐκπορευόμενος
1377 832 1409 892 ἐν

151 910 204 973 καὶ
217 902 415 973 πεντακόσιοι.
433 909 463 949 ²²
477 917 540 982 τοῖς
553 908 631 981 υἱοῖς
642 905 767 1009 Συμεὼν
797 909 836 1004 τή
855 902 983 989 δυνάμει,
1008 906 1069 993 36ή
1090 912 1241 991 ἐπίσκεψις
1260 909 1360 975 αὐτῶν
1376 914 1408 975 ἐκ

151 988 232 1056 κατά
245 996 408 1069 συγγενείας
421 986 537 1066 αὐτῶν,
563 985 643 1054 κατά
655 989 766 1093 δήμους
797 1012 850 1071 τής
871 988 965 1069 ψυλ”ς
983 995 1154 1068 Μανασσ”,
1180 990 1236 1058 δάο
1255 994 1307 1058 καί
1323 988 1409 1080 τριά-

149 1073 267 1150 αότῶν,
293 1071 358 1138 κατ’
380 1075 481 1148 οἴνους
496 1076 635 1160 πατριῶν
653 1075 764 1145 αυτῶν,
796 1094 888 1136 κοντα
904 1015 1031 1157 χιλιάδες
1047 1076 1099 1141 καὶ
1117 1020 1274 1142 διακόσια.
1300 1078 1331 1119 ³⁰
1345 1087 1409 1151 τοῖς

150 1157 230 1224 κατά
245 1153 378 1261 ᾶριθμόν
390 1150 550 1241 ὀνομάτων
562 1153 673 1230 α’ὀτῶν,
686 1150 765 1219 κατά
796 1157 872 1229 υἱοῖς
881 1158 1025 1242 Βενιαμὶν
1037 1156 1116 1224 κατά
1125 1166 1287 1237 συγγενείας
1296 1157 1408 1236 αὐτῶν,

150 1240 281 1325 κεφαλήν
294 1245 407 1315 αυτῶν,
432 1234 534 1304 πάντα
547 1237 686 1325 ἀρσενικὰ
699 1235 764 1302 ᾶπό
796 1236 876 1302 κατὰ
888 1235 999 1324 δήμους
1011 1239 1128 1316 αὐτῶν,
1154 1241 1218 1307 κατ’
1234 1245 1333 1317 οἴκους
1345 1268 1408 1306 πα-

150 1327 338 1400 εἱκοσαετοᾶς
356 1324 408 1389 καί
422 1319 539 1396 ἐπάνω,
564 1325 626 1394 πᾶς
639 1317 658 1384 5
671 1324 765 1384 ἐκπο-
796 1323 888 1405 τριῶν
905 1320 1026 1400 αὐτῶν,
1053 1320 1133 1390 κατά
1150 1323 1281 1412 ὀριθμόν
1296 1322 1408 1407 ὀνομά·

148 1404 301 1496 ρευόμενος
310 1410 341 1470 ἐν
352 1409 391 1495 τή
403 1403 531 1483 δυνάμει,
544 1398 598 1484 23ή
611 1405 765 1480 ἐπίσκεψις
795 1422 857 1463 των
882 1401 985 1470 αὐτῶν
989 1457 1000 1485 ,
1031 1405 1111 1473 κατά
1136 1408 1267 1494 κεφαλήν
1292 1406 1406 1482 αὐτῶν,

148 1489 252 1557 αὐτῶν
264 1492 298 1550 ἐκ
307 1491 359 1571 τής
372 1484 466 1567 φυλῆς
474 1481 609 1567 Συμεὼν,
620 1483 704 1546 ἐννία
713 1483 765 1545 καί
795 1477 896 1548 πάντα
914 1485 1054 1572 ᾶρσενικά
1065 1488 1128 1555 ᾶπό
1147 1495 1337 1567 εἱκοσαετσῦς
1357 1492 1409 1555 καί

148 1567 333 1652 πεντήκοντα
360 1562 486 1653 χιλιάδες
511 1565 564 1630 καῖ
587 1559 763 1650 τριακόσιοι.
796 1559 908 1639 ἐπάνω,
920 1572 982 1644 πᾶς
995 1567 1013 1633 5
1027 1569 1256 1656 ἐκπορευόμενος
1267 1578 1299 1638 ἐν
1309 1579 1347 1666 τῇ
1356 1575 1408 1639 δυ-

148 1656 180 1698 ²⁰
193 1663 257 1726 τοῖς
280 1654 357 1726 υἱοῖς
380 1647 483 1716 Ἰοάδα
501 1643 581 1713 κατά
599 1651 764 1726 συγγενείας
795 1640 895 1729 νάμει,
920 1646 982 1735 81ή
1002 1654 1156 1735 ἐπίσκεψις
1179 1652 1280 1719 αὐτῶν
1306 1661 1339 1719 ἐκ
1356 1661 1408 1740 τῆς

149 1734 269 1809 αὐτῶν,
286 1733 366 1799 κατά
378 1731 488 1817 δήμους
501 1730 617 1806 αὐτῶν,
635 1729 700 1796 κατ’
717 1731 763 1794 οἴ-
795 1728 889 1830 φυλής
901 1734 1061 1818 Βενιαμὶν,
1079 1738 1167 1800 πέντε
1180 1740 1231 1802 καὶ
1244 1732 1408 1824 τριάκοντα

148 1845 220 1893 κους
237 1821 374 1904 πατριῶν
390 1815 508 1894 αὐτῶν,
535 1813 615 1881 κατά
631 1811 765 1917 ἀριθμὸν
793 1811 919 1896 χιλιαδες
930 1817 982 1879 καὶ
995 1814 1191 1904 τετρακόσιοι.
1208 1819 1240 1862 ²⁴
1252 1832 1318 1895 τοῖς
1331 1826 1407 1898 υἱοῖς

147 1895 306 1984 ὀνομάτων
323 1898 441 1976 αὐτῶν,
466 1898 545 1965 κατόν
562 1897 694 1980 κεφαλήν
706 1893 763 1961 αό-
794 1899 828 1957 Γ
824 1893 865 1959 άδ
887 1897 968 1963 κατά
994 1908 1156 1979 συγγενείας
1181 1900 1299 1980 αὐτῶν,
1325 1904 1405 1970 κατά

148 1991 219 2060 τῶν,
232 1979 335 2049 πάντα
349 1980 488 2067 ἀρσενικὰ
501 1979 566 2047 άπό
580 1982 764 2054 είκοσσετοᾶς
793 1974 903 2082 δήμους
919 1979 1036 2060 αὐτῶν,
1061 1983 1125 2049 κατ’
1151 1987 1252 2062 οἴκους
1269 1993 1405 2074 πατριῶν

148 2072 199 2134 καί
213 2063 325 2142 ἐπάνω,
337 2072 398 2141 πᾶς
411 2063 428 2131 5
442 2060 670 2152 ἐκπορευόμενος
684 2067 764 2163 ἐντή
793 2067 907 2140 συκῶν,
934 2063 1013 2131 κατά
1031 2065 1165 2154 άριδμόν
1178 2065 1336 2153 ὀνομάτων
1347 2069 1405 2137 αὐ-

147 2149 283 2235 δυνάμει,
306 2151 335 2191 ²⁷
349 2146 368 2234 ή
382 2152 537 2233 ἐπίσκεψις
550 2147 653 2213 αὐτῶν
665 2151 698 2212 ἐκ
711 2172 763 2248 τής
794 2150 862 2224 τῶν,
875 2145 954 2214 κατά
968 2150 1098 2234 κεφαλήν
1111 2150 1223 2230 αὐτῶν,
1235 2149 1338 2218 πάντα
1348 2154 1404 2240 ὀρ-

148 2236 243 2319 ιςυλής
265 2228 383 2310 Ἰοάδα,
409 2234 548 2318 τέσσαρες
566 2232 618 2296 καί
636 2231 762 2317 ἑβδομή·
795 2230 890 2296 σενικᾶ
917 2230 981 2298 άπό
1007 2239 1192 2311 εἱκοσαετοᾶς
1216 2239 1268 2301 καὶ
1292 2233 1403 2314 ἐπάνω,

148 2344 243 2384 κοντα
259 2312 384 2401 χιλιάδες
402 2318 452 2379 καὶ
467 2308 628 2391 ἑξακόσιοι.
654 2314 685 2355 ²⁸
698 2325 763 2388 τοῖς
793 2318 854 2387 πᾶς
878 2310 897 2379 5
921 2314 1150 2403 ἐκπορευόμενος
1174 2323 1205 2384 ἐν
1221 2325 1258 2413 τῇ
1276 2318 1403 2403 δυνάμει,

148 2395 376 2487 υἱοῖςἼπσάχαρ
386 2397 465 2464 κατά
476 2401 639 2478 συγγενείας
649 2392 762 2472 οὔτῶν,
794 2397 855 2481 25ή
880 2399 1033 2483 ἐπίσκεψις
1058 2400 1161 2467 αὐτῶν
1186 2408 1219 2467 ἐκ
1241 2407 1293 2487 τής
1310 2405 1404 2488 φυλῆς

147 2485 227 2551 κατά
242 2480 351 2570 δήμους
367 2480 482 2559 αὐτῶν,
506 2477 570 2547 κατ’
587 2481 688 2556 οἴκους
699 2507 763 2546 πα·
793 2478 873 2557 Γάδ,
882 2484 969 2547 πέντε
982 2485 1034 2548 καὶ
1042 2482 1267 2571 τεσσαράκοντα
1277 2483 1404 2572 χιλιάδες

148 2575 240 2656 τριῶν
257 2568 376 2646 αότῶν,
403 2565 482 2634 κατά
501 2563 577 2653 άριψ
599 2564 637 2630 ὀν
649 2557 762 2647 ὀνομά-
794 2566 845 2629 καὶ
858 2563 1008 2642 ἑξακόσιοι
1020 2570 1073 2634 καὶ
1083 2565 1275 2654 πεντήκοντα.
1297 2573 1328 2614 ³⁸
1339 2583 1403 2644 τοῖς

148 2680 211 2719 των
237 2652 354 2729 αὐτῶν,
389 2650 468 2715 κατά
494 2673 569 2729 κεψα
595 2647 624 2711 ’ν
651 2647 762 2722 αὐτῶν,
794 2652 870 2722 υἱοῖς
879 2649 946 2714 Δάν
959 2651 1037 2716 κατά
1048 2660 1212 2731 συγγενείας
1223 2650 1334 2731 αὐτῶν,
1347 2680 1403 2719 κα-

147 2733 250 2801 πάντα
268 2731 405 2819 άρσενικά
423 2730 488 2796 άπό
507 2734 694 2804 είκοσαετοῦς
711 2731 763 2793 καὶ
793 2727 833 2793 τά
858 2727 968 2816 δήμους
994 2733 1096 2800 αὐτῶν
1101 2785 1111 2813 ,
1137 2733 1201 2802 κατ’
1222 2738 1320 2813 οἴκους
1341 2764 1403 2803 πα-

148 2816 267 2894 ἐπάνω,
292 2822 353 2892 πᾶς
379 2813 397 2879 5
422 2808 651 2901 ἐκπορευόμενος
675 2817 707 2876 ἐν
723 2815 761 2904 τῇ
793 2819 883 2917 τριῶν
893 2813 1005 2893 αότῶν,
1019 2816 1098 2883 κατά
1108 2815 1238 2924 ἀριθμὸν
1246 2816 1403 2903 ὀνομάτων
1447 2827 1454 2836 “

147 2899 283 2986 δυνάμει,
326 2895 395 2984 ²⁹51
423 2901 576 2984 ἐπίσκεψις
600 2893 703 2962 αὐτῶν
727 2897 761 2959 ἐκ
793 2901 904 2975 αυτῶν,
924 2898 1003 2965 κατά
1016 2902 1147 2987 κεφαλήν
1159 2906 1273 2978 αυτῶν,
1298 2900 1402 2968 πάντα

146 2990 200 3082 τής
213 2986 306 3070 συλής
316 2979 467 3069 Ἰσσάχαρ,
480 2985 619 3068 τέσσαρες
630 2980 683 3045 καί
691 3003 760 3046 πεν-
792 2977 930 3067 άρσενικᾶ
946 2982 1008 3048 άπό
1029 2991 1213 3061 είκοσαετοᾶς
1224 2989 1276 3053 καί
1287 2983 1401 3064 ἐπάνω,

146 3094 279 3152 τήκοντα
315 3064 440 3151 χιλιάδες
475 3069 527 3131 καὶ
563 3061 759 3169 τετρακόσιοι.
790 3070 852 3140 πᾶς
876 3062 894 3130 5
920 3064 1148 3153 ἐκπορευόμενος
1170 3074 1202 3136 ἐν
1218 3075 1257 3164 τῇ
1274 3067 1401 3153 δυνάμει,

147 3153 178 3193 ³⁰
193 3163 257 3225 τοῖς
273 3152 350 3223 υἱοῖς
368 3147 538 3234 Ζαβουλὼν
555 3172 635 3212 κατα
656 3172 760 3226 συγγε-
790 3145 853 3231 ³⁹51
879 3149 1033 3233 ἐπίσκεψις
1058 3151 1161 3218 αὐτῶν
1185 3157 1218 3218 ἐκ
1236 3159 1289 3238 τῆς
1306 3154 1401 3238 ψυλής

146 3240 222 3307 νειά,Ι
236 3229 346 3308 αὐτῶν,
359 3231 440 3296 κατά
451 3227 559 3314 δήμους
569 3227 680 3307 αότῶν,
692 3228 756 3296 κατ’
790 3227 868 3306 Δάν,
894 3227 949 3295 δάο
974 3234 1026 3296 καί
1042 3233 1186 3318 ἐξήκοντα
1227 3232 1333 3312 ιλιάδες
1349 3240 1401 3301 καί

146 3319 246 3391 οἴκους
259 3320 395 3400 πατριῶν
408 3313 520 3392 αὐτῶν,
536 3312 616 3380 κατά
628 3310 760 3418 άριδμόν
790 3308 973 3378 ἐπτακόσιοι.
999 3316 1033 3359 ⁴⁰
1046 3330 1109 3394 τοῖς
1127 3323 1202 3396 υἱοῖς
1213 3318 1305 3405 Ασήρ
1318 3319 1398 3384 κατά

147 3398 305 3484 ὀνομάτων
324 3397 442 3474 αὐτῶν,
468 3394 548 3465 κατά
559 3397 690 3482 κεφαλήν
703 3395 760 3462 αι’ν-
791 3401 953 3473 συγγενείας
973 3396 1091 3478 αὐτῶν,
1115 3401 1195 3468 κατά
1212 3398 1322 3508 δήμους
1341 3401 1399 3468 αά-

145 3489 218 3559 τῶν,
231 3481 332 3551 πάντα
345 3481 486 3567 άρσενικά
498 3480 562 3548 άπό
576 3483 760 3553 εἱκοσαετοᾶς
790 3483 859 3554 τῶν,
873 3479 936 3545 κατ’
953 3482 1053 3559 οἴκους
1065 3491 1201 3570 πατριῶν
1212 3490 1325 3563 αυτῶν,
1342 3513 1398 3550 κα-

144 3571 196 3633 καί
210 3566 321 3642 ἐπάνω,
334 3573 395 3641 πᾶς
408 3564 426 3632 5
438 3561 666 3650 ἐκπορευόμενος
678 3564 709 3624 ἐν
721 3566 758 3654 τῇ
790 3561 828 3627 τᾶ
853 3561 984 3647 ἀριθμὸν
1005 3563 1161 3649 ὀνομάτων
1178 3566 1293 3644 αὐτῶν,
1318 3564 1397 3632 κατά

145 3651 274 3734 δυνάμει,
300 3654 325 3692 ³¹
343 3648 360 3733 ή
374 3654 529 3732 ἐπίσκεψις
546 3644 649 3710 αὐτῶν
663 3646 694 3708 ἐκ
706 3649 759 3729 τής
789 3647 917 3731 κεφαλήν
929 3645 1046 3726 αὐτῶν,
1067 3647 1168 3716 πάντα
1180 3647 1319 3736 ᾶρσενικά
1332 3647 1395 3718 ὀπό

145 3733 238 3815 σαλής
252 3731 425 3816 Ζαβουλὼν,
443 3727 521 3795 ἱπτά
535 3728 587 3794 καὶ
599 3724 757 3813 πεντήκον-
789 3735 975 3808 είκοσαετοῦς
992 3735 1043 3797 καὶ
1061 3728 1177 3810 ἐπάνω,
1201 3738 1262 3810 πᾶς
1275 3730 1293 3798 5
1306 3738 1398 3799 ἐκπο-

144 3840 185 3879 τα
209 3811 333 3898 χιλιάδες
354 3817 404 3879 καί
422 3807 615 3895 τετρακόσιοι.
653 3814 683 3856 ³²
695 3825 758 3889 τοῖς
788 3810 938 3898 ρευόμενος
950 3820 981 3879 ἐν
996 3822 1033 3901 τῇ
1051 3813 1183 3901 δυνάμει,
1207 3817 1236 3860 ⁴¹
1249 3815 1267 3902 ή
1281 3823 1396 3884 ἐπίσκε-

146 3901 223 3971 υἱοῖς
238 3895 352 3979 Ἰωσήφ
367 3901 441 3972 υἱοῖς
452 3894 584 3982 Ἐφραίμ
597 3895 675 3963 κατά
688 3922 758 3973 συγ·
789 3915 840 3976 ψις
858 3895 959 3962 αὐτῶν
977 3901 1009 3963 ἐκ
1026 3906 1079 3983 τής
1100 3902 1194 3986 φυλῆς
1217 3899 1321 3988 Ἀσήρ,
1343 3909 1397 3985 μία

145 3985 253 4058 γενείας
278 3978 394 4054 αὐτῶν,
420 3978 499 4044 κατά
520 3977 629 4082 δήμους
647 3975 757 4051 αὐτῶν,
788 3979 839 4042 καὶ
853 3977 1076 4062 τεσσαράκοντα
1086 3982 1211 4067 χιλιάδες
1223 3989 1274 4052 καὶ
1286 4011 1397 4052 πεντα·

146 4060 210 4127 κατ’
241 4062 344 4136 οἴκους
367 4066 503 4144 πατριῶν
525 4064 643 4134 αυτῶν,
679 4057 758 4124 κατά
789 4055 894 4126 κόσιοι.
921 4064 1029 4140 42τοῖς
1053 4070 1129 4142 υἱοῖς
1146 4069 1295 4150 Νεφθαλὶ
1318 4067 1397 4134 κατά

146 4144 279 4228 άριδμόν
292 4141 452 4225 ὀνομάτων
470 4141 585 4218 αὐτῶν,
610 4139 690 4206 κατά
708 4167 756 4207 κε-
789 4153 952 4223 συγγενείας
975 4146 1090 4226 αὐτῶν,
1115 4153 1195 4216 κατά
1213 4149 1323 4254 δήμους
1340 4149 1396 4215 αό-

147 4229 245 4314 ᾳαλήν
272 4224 388 4302 αὐτῶν,
413 4219 513 4290 πάντα
539 4221 675 4308 άρσενικά
692 4223 754 4291 άπὸ
787 4234 857 4305 τῶν,
876 4229 938 4294 κατ’
956 4231 1055 4306 οἴκους
1066 4239 1203 4319 πατριῶν
1215 4238 1325 4308 αυτῶν,
1339 4259 1395 4298 κα-

145 4315 335 4385 εἱκοσαετοᾶς
352 4309 404 4373 καὶ
416 4303 533 4384 ἐπάνω,
558 4311 618 4383 πᾶς
631 4304 649 4373 5
662 4310 755 4375 ἐκπο-
787 4311 826 4376 τὰ
843 4310 974 4395 ἀριθμὸν
992 4313 1152 4400 ὀνομάτων
1174 4313 1291 4392 αὐτῶν,
1317 4316 1396 4381 κατά

145 4393 295 4482 ρευόμενος
308 4396 339 4459 ἐν
351 4396 389 4486 τῇ
401 4386 528 4475 δυνάμει,
541 4387 594 4477 34’ή
606 4393 754 4477 ἐπίσκεψις
787 4395 916 4479 κεφαλήν
929 4395 1047 4475 αὐτῶν,
1065 4395 1167 4465 πάντα
1179 4397 1317 4483 άρσενικά
1331 4396 1397 4467 άπὸ

146 4479 260 4558 αότῶν,
284 4483 316 4547 ἐκ
335 4483 388 4563 τής
404 4476 497 4562 ψυλής
516 4473 662 4564 Ἐφραίμ,
687 4503 753 4545 τεσ-
785 4483 971 4558 είκοσαετοᾶς
988 4483 1039 4548 καί
1058 4478 1174 4563 ἐπάνω,
1200 4487 1261 4559 πᾶς
1273 4478 1291 4548 5
1304 4487 1394 4581 ἐκπο-

1245 4591 1394 4652 ρευσμενος
