2924 4972
157 217 220 280 σοι
413 209 829 274 πππΛπΣιΑΣνπΣ
867 202 1138 291 mmm.

157 328 288 429 ἀφρονος
306 329 346 400 είς
363 320 416 388 τόν
434 328 547 397 αίιῖινα,
572 318 683 386 καθότι
710 320 760 403 ’δη
800 324 857 384 τοῦ
883 316 1042 394 ἰάσασθαι,
1066 315 1167 402 καιρός
1188 320 1245 380 τοῦ
1271 318 1410 381 καθελεῖν

157 413 191 477 αί
205 412 310 494 ημέραι
329 403 531 493 ίρχόμεναιτά
543 400 643 469 πάντα
656 348 762 504 ἓπελη-
800 404 852 467 καί
866 399 970 485 καιρός
989 405 1049 466 τοῦ
1065 401 1235 503 οἰκοδομεῖν.
1275 397 1411 483 4καιρός

158 504 231 576 σθη.
261 492 393 566 καὶπῶς
412 486 612 554 ἀποθανεῖται
631 483 649 551 5
668 511 763 567 σοφος
801 490 857 551 τοῦ
873 485 1003 550 κλαῦσαι
1021 484 1074 548 καί
1090 509 1190 569 καιρος
1207 485 1263 546 τοῦ
1275 478 1411 559 γελάσαι,

156 575 231 659 μετὰ
245 579 300 639 τοῦ
313 571 462 676 ἄφρονος,
479 571 562 635 17καί
573 573 698 653 ἐμίσησα
711 566 764 633 σὺν
801 566 904 654 καιρός
920 572 976 632 τοῦ
993 563 1153 651 κόψαοθαι
1169 566 1222 630 καί
1238 564 1344 648 καιρὸς
1357 571 1412 631 τοῦ

157 660 211 746 τίην
232 657 317 740 ζαην.
348 680 395 720 οτι
420 651 553 737 πονηρόν
579 651 623 718 ἐπ’
652 650 701 734 ἐμὲ
725 649 763 714 τό
802 648 1413 738 ὀρχήσασθαι1καιρόςτοῦβαλεῖνλίθους

157 747 274 824 ποίημα
285 736 322 804 τό
331 739 525 820 πεποιημένον
535 732 597 800 ἀπὸ
605 731 658 800 τόν
670 731 764 820 ἥλιον,
801 736 853 799 καί
884 730 988 820 καιρός
1010 738 1067 798 τοῦ
1094 743 1268 810 συναγαγεῖν
1294 732 1412 809 λίθους,

160 822 207 890 ότι
225 817 326 889 πάντα
342 817 505 904 ματαιότης
525 820 577 882 καί
593 845 617 882 π
636 823 765 903 οαίρεοις
801 814 905 904 καιρός
921 821 977 882 τοῦ
993 815 1158 902 περιλαβεῖν
1174 816 1226 881 καί
1237 812 1341 902 καιρός
1355 819 1413 881 τοῦ

159 902 335 988 πνεύματος.
362 905 455 968 11καί
473 906 597 1004 ἐμίσησα
616 844 676 977 5703
690 894 764 982 σόμ-
801 904 1005 987 μακρυνθῐηναι
1017 897 1080 965 ἀπό
1094 894 1289 986 περιλῆφευος.
1314 900 1412 964 θκαι-

159 1014 261 1055 παντα
272 983 389 1072 μόχθον
401 1011 459 1090 μου
472 985 507 1049 ὃν
519 980 579 1062 ίγά
592 987 689 1049 κοπιῶ
702 979 764 1047 ὑπὸ
822 979 855 1060 ός
866 987 924 1048 τοῦ
935 986 1058 1089 ζητησαι
1075 985 1128 1047 καί
1142 981 1245 1068 καιρός
1260 985 1318 1048 τοῦ
1331 981 1412 1047 ἀπο-

158 1071 212 1139 τόν
224 1069 319 1156 ἥλιον,
334 1065 380 1133 ότι
392 1076 474 1150 αφίοο
489 1064 580 1133 αὐτόν
588 1071 633 1150 τῷ
642 1061 765 1150 ἀνθροό-
802 1009 902 1144 λίσαι,
919 1093 1021 1153 καιρος
1033 1070 1089 1131 τοῦ
1102 1062 1231 1148 φυλάξαι
1243 1069 1296 1131 καί
1308 1065 1413 1151 καιρὸς

158 1183 209 1221 πω
227 1157 273 1238 τιβ
289 1152 433 1236 γινομενῳ
449 1149 508 1235 μετ’
525 1151 583 1233 ἐμέ.
611 1152 639 1194 19
652 1152 706 1215 καί
721 1154 766 1224 τίς
802 1155 859 1217 τοῦ
872 1149 1010 1236 ἐκβαλεῖν.
1036 1147 1167 1236 1καιρός
1183 1153 1239 1214 τοῦ
1256 1151 1345 1235 βῆξαι
1361 1151 1413 1214 καὶ

158 1221 231 1304 εἶδεν
249 1241 274 1301 ελ
285 1234 381 1319 σοφός
398 1233 512 1317 ἔσταιῆ
528 1234 653 1320 ἀφρωνς
678 1233 766 1298 καλεῖ
802 1231 905 1320 καιρός
917 1237 974 1298 τοῦ
986 1228 1099 1320 ῥάψαι,
1124 1231 1229 1316 καιρός
1248 1237 1306 1298 τοῦ
1324 1237 1413 1316 σιγᾷν

159 1316 509 1398 δξσυσιάζεταιὲνπαντί
520 1314 627 1422 μόχθῳ
639 1342 714 1420 μου,
740 1307 765 1398 ᾧ
803 1318 855 1383 καί
872 1314 975 1402 καιρός
990 1321 1049 1382 τοῦ
1067 1314 1174 1382 λαλεῖν.
1207 1313 1340 1402 8καιρός
1358 1321 1412 1380 τοῦ

161 1400 314 1508 ἐμόχθησα
331 1403 383 1469 καί
399 1393 425 1485 ᾧ
439 1405 620 1485 ἕσσφισαμην
637 1397 698 1466 υπὸ
714 1397 767 1464 τὸν
804 1400 926 1484 φιλῆσαι
938 1399 989 1465 καί
1001 1396 1104 1508 καιρός
1114 1403 1171 1465 τοῦ
1183 1403 1321 1483 μισῆσαι,
1345 1425 1411 1464 και-

160 1488 261 1574 ἦλιον,
271 1493 325 1551 καί
335 1511 368 1563 γε
379 1488 471 1550 τοῦτο
484 1481 653 1568 ματαιότης.
672 1484 703 1528 ²⁰
716 1482 767 1547 καὶ
804 1480 855 1569 ρός
867 1482 1000 1568 πολέμου
1016 1510 1068 1549 και
1079 1480 1182 1569 καιρός
1195 1479 1315 1566 εἰρήνης.
1343 1483 1412 1557 1τίς

162 1573 334 1654 ίπέστρεψα
346 1567 405 1645 ἐγὼ
417 1571 472 1632 τοῦ
483 1565 702 1642 ἀποτάξασθαι
714 1563 768 1648 τὴν
803 1572 953 1653 περίσσεια
970 1570 1027 1631 τοῦ
1045 1571 1202 1642 ποιοῦντος
1219 1572 1251 1632 ἐν
1264 1567 1308 1642 οἷς
1321 1563 1411 1642 αὐτὸς

161 1652 285 1732 καρδίαν
305 1676 364 1733 μου
387 1655 419 1715 ἐν
435 1651 527 1714 παντὶ
541 1645 647 1733 μόχθοι
665 1675 723 1731 μου
740 1639 766 1730 ᾧ
803 1659 925 1736 μοχθεῖς
950 1651 980 1692 ¹⁰
993 1647 1071 1714 εἶδον
1083 1648 1137 1716 σὺν
1148 1646 1249 1716 πάντα
1260 1648 1317 1715 τόν
1328 1674 1411 1736 περι-

162 1735 317 1818 εμόχθησα
331 1729 392 1798 ὑπὸ
404 1730 457 1797 τὸν
469 1728 563 1816 ἥλιον,
589 1735 617 1774 11
630 1715 676 1796 δτι
689 1733 768 1798 ἐστὶν
805 1729 954 1815 σπασμὸν,
973 1727 1126 1799 ἀνέδωκεν
1139 1730 1158 1799 5
1170 1733 1244 1808 θεὸς
1260 1744 1323 1807 τοῖς
1336 1737 1412 1807 υίοῖς

162 1819 334 1904 ἄνθρωπος,
348 1811 395 1881 ότι
404 1813 518 1924 μόχθος
528 1812 767 1898 αάτοῠένσοφίᾳ
804 1821 864 1882 τῶν
881 1810 1055 1901 ἀνθρώπων
1071 1820 1131 1881 τοῦ
1147 1820 1356 1902 περισπᾶσθαι
1381 1820 1412 1880 ἐν

162 1903 214 1968 καὶ
230 1905 262 1967 ἐν
278 1893 383 1978 γνυόσει
400 1926 451 1965 και
466 1903 496 1964 ἐν
509 1897 624 1984 ἀνδρίᾳ.
650 1902 702 1963 καί
713 1897 768 1964 ἀν·
805 1898 897 1984 αὐτῷ.
910 1898 979 1964 11τά
993 1893 1151 1983 σύμπαντα
1164 1896 1186 1965 ἀ
1199 1903 1319 1984 ἐποίησε
1331 1898 1412 1964 καλά

161 1975 325 2071 θριαποςῷ
336 1981 391 2047 οὐκ
400 1977 563 2087 ἕμόχθησεν
572 1985 603 2047 ἐν
612 1979 698 2066 aba?
708 1977 768 2046 δοί-
805 1987 836 2049 ἐν
851 1987 946 2069 καιρῷ
959 1981 1062 2049 αὐτοῦ.
1081 1989 1134 2048 καί
1144 2009 1176 2061 γε
1188 1979 1346 2066 σύμπαντα
1360 1980 1413 2049 τόν

163 2093 205 2133 σει
217 2064 304 2149 αὐτῷ
314 2065 418 2150 μερίδα
431 2069 542 2141 αυτοῦ,
567 2069 621 2130 καί
631 2090 663 2143 γε
675 2069 766 2129 τοῦτο
805 2071 900 2132 αίῶνα
912 2066 1017 2131 ἔδακεν
1028 2068 1060 2130 ἐν
1071 2067 1179 2153 καρδίᾳ
1193 2067 1308 2145 αὐτῶν,
1328 2063 1413 2143 ὅπως

161 2145 323 2234 ματαιότης
334 2150 385 2214 καί
396 2155 524 2233 πονηοία
536 2144 662 2231 μεγάλη,
679 2142 768 2213 22ότι
804 2146 844 2234 μὴ
869 2145 942 2236 εδρη
968 2145 986 2215 5
1012 2147 1177 2236 ἀνθρωπος
1202 2149 1239 2216 τό
1259 2148 1413 2235 ποίημαά

161 2240 271 2312 γίνεται
283 2235 314 2297 ἐν
327 2235 370 2316 τῷ
383 2211 540 2319 ἀνθράπῳ
550 2235 581 2296 ἐν
593 2231 686 2297 παντί
696 2226 768 2317 μόχ-
805 2221 940 2318 ἐποίησεν
957 2229 977 2297 5
992 2230 1065 2309 θεὸς
1081 2232 1134 2299 ἀπ’
1154 2233 1244 2319 ἀρχῆς
1261 2236 1313 2301 καί
1327 2237 1412 2320 μέχρι

161 2329 214 2401 θῳ
233 2315 329 2383 αὐτοῦ
346 2317 396 2379 καί
413 2320 444 2381 ἐν
462 2317 634 2401 προαιρέσει
646 2315 768 2422 καρδίας
804 2315 917 2391 τελους.
931 2317 1057 2394 11ἔγνουν
1070 2312 1118 2382 ὅτι
1131 2317 1186 2385 οὐκ
1199 2320 1278 2383 ἔστιν
1291 2316 1412 2396 ἀγαθὸν

162 2401 260 2466 αὐτοῦ
273 2391 299 2483 ᾦ
312 2396 405 2473 αὐτὸς
419 2397 598 2484 μοχθεῖδπό
612 2395 664 2463 τόν
676 2398 766 2504 ηλιον.
804 2401 837 2464 ἐν
849 2398 966 2476 αὐτοῖς,
990 2404 1015 2464 εί
1022 2397 1066 2505 μὴ
1080 2405 1135 2467 τοῦ
1146 2398 1348 2489 εὐφρανθῆναι
1361 2404 1413 2467 καί

162 2483 251 2549 11ότι
272 2488 369 2548 πᾶσαι
386 2485 419 2546 αἱ
438 2478 543 2565 ἡμέραι
560 2480 656 2547 αὐτοῦ
675 2482 767 2566 αλγη·
804 2486 859 2548 τοῦ
888 2494 984 2549 ποιεῖν
1012 2481 1133 2560 αγαθόν
1162 2488 1192 2549 ἐν
1217 2486 1278 2578 ζωῇ
1304 2484 1409 2550 αὐτοῦ.

161 2563 264 2650 μάταν
275 2568 326 2630 καί
336 2569 436 2648 θυμοῦ
444 2565 647 2650 περισπασμός
660 2566 766 2641 αὐτοῦ,
802 2567 831 2608 ¹³
843 2572 896 2631 καί
906 2592 939 2645 γε
955 2569 1016 2642 πᾶς
1028 2564 1046 2631 5
1060 2565 1224 2653 ἀνθρονπος
1237 2565 1270 2642 ὃς
1283 2564 1413 2648 φάγεται

161 2657 213 2716 καί
228 2676 260 2728 γε
278 2653 308 2713 ἒν
325 2651 406 2714 νυκτὶ
424 2647 460 2713 οὗ
472 2653 609 2730 κοιμᾶται
629 2646 767 2731 ηκαρδία
803 2650 855 2713 καί
872 2655 970 2715 πίεται
995 2651 1046 2715 καί
1068 2651 1115 2736 ἴδη
1134 2649 1256 2730 ἀγαθόν
1272 2655 1303 2716 ἒν
1320 2653 1413 2716 παντί

162 2732 275 2808 αὐτοῦ,
294 2740 344 2796 καί
356 2757 387 2809 γε
399 2736 492 2795 τοῦτο
501 2727 666 2835 ματαιότης
679 2735 766 2797 ἐστίν.
802 2726 910 2816 μόχθῳ
923 2733 1029 2810 αὐτοῦ,
1046 2723 1124 2818 δόμα
1136 2741 1213 2800 θεοῦ
1226 2738 1310 2800 ἐστιν.
1335 2735 1366 2775 ¹⁴
1380 2736 1411 2798 ἔ-

161 2813 256 2879 21οάκ
269 2818 347 2879 ἔστιν
360 2813 480 2891 ἀγαθόν
493 2810 660 2898 ανθρώπῳ,
675 2811 694 2879 5
706 2808 767 2896 φά-
801 2839 879 2893 γνυον
897 2812 944 2882 ότι
961 2819 1064 2883 πάντα
1080 2814 1140 2883 όσα
1157 2823 1294 2902 ἐποίησεν
1306 2812 1324 2880 5
1336 2815 1411 2890 θεὸς

160 2921 242 2977 γεται
259 2898 310 2961 καὶ
323 2893 450 2961 ἀπίεται
462 2898 514 2961 καὶ
526 2893 545 2961 5
557 2897 639 2972 δείξει
652 2902 690 2991 τῇ
702 2917 767 2982 ψυ-
803 2895 882 2964 αάτά
900 2903 981 2966 ἔσται
998 2905 1037 2975 είς
1053 2899 1107 2964 τόν
1125 2905 1235 2976 αἰῶνα,
1261 2898 1306 2963 ἐπ’
1321 2899 1411 2981 αὐτῷ

161 2986 197 3072 χῇ
223 2978 320 3046 αὐτοῦ
345 2976 464 3057 ἀγαθόν
490 2984 521 3044 ἒν
536 2974 644 3065 μόχθῳ
662 2980 765 3046 αὐτοῦ.
802 2979 857 3046 οὖν
875 2985 938 3048 ἔστι
953 2993 1141 3068 προςθεῖναι,
1167 2983 1220 3046 καὶ
1236 2979 1287 3044 ἀπ’
1310 2979 1410 3044 αὐτοῦ

162 3071 215 3130 καί
225 3088 258 3142 γε
269 3068 364 3128 τοῦτο
377 3061 454 3128 εἶδον
467 3062 525 3140 ἐγὼ
537 3059 585 3129 ότι
598 3061 660 3129 ἀπό
672 3065 766 3150 χειρός
802 3062 858 3129 οάιι
871 3067 950 3131 ἔστιν
966 3063 1091 3146 ἀφελεῖν.
1119 3065 1170 3126 καὶ
1184 3060 1201 3126 5
1215 3060 1285 3135 θεός
1297 3065 1408 3146 ἐποίη-

160 3152 218 3212 τοῦ
229 3150 303 3210 θεοῦ
316 3149 403 3211 ἐστιν.
422 3143 509 3210 11ίίτι
521 3152 565 3222 τίς
578 3142 703 3226 φάγεται
716 3150 767 3212 καί
801 3172 864 3222 σεν,
889 3152 939 3212 ἵνα
964 3149 1139 3229 φοβηθῶσιν
1158 3142 1220 3209 ἀπὸ
1239 3140 1407 3228 προςοόπου

160 3237 206 3307 τίς
218 3235 316 3295 πίεται
329 3223 423 3314 πάρεξ
435 3228 548 3307 αὐτοῦ,
560 3226 642 3294 26ὅτι
655 3234 701 3315 τῷ
713 3230 766 3296 ἀν-
800 3227 905 3293 αάτοῦ.
930 3227 1005 3292 11τό
1021 3223 1172 3311 γενόμενον
1184 3226 1238 3311 ἤδη
1252 3229 1329 3304 ἐστί,
1355 3235 1409 3294 καί

160 3316 280 3400 θρώπῳ
305 3316 350 3395 τῷ
380 3312 491 3397 ἀγαθῷ
516 3313 577 3400 πρὸ
601 3310 765 3398 προςοίπου
799 3307 857 3376 ὅσα
875 3315 932 3374 τοῦ
946 3316 1085 3415 γίνεσθαι
1104 3311 1161 3396 ἤδη
1177 3314 1293 3389 γέγονε,
1320 3312 1409 3378 καὶὸ

162 3401 258 3464 αὐτοῦ
276 3398 382 3464 ἔδωκεν
400 3403 510 3478 σοφίαν
527 3402 579 3464 καί
589 3402 703 3501 γνῶσιν
715 3399 766 3463 καί
798 3392 869 3469 θεὸς
886 3396 1000 3497 ζητησει
1017 3391 1072 3460 τόν
1089 3392 1274 3479 διωκόμενον.
1312 3397 1409 3462 11καί

149 3477 356 3570 εὐφροσύνην,
365 3477 680 3566 καίτῴάμαρτανουτι
691 3481 766 3546 ἑδω-
798 3480 842 3543 &a
854 3476 930 3544 είδον
942 3478 1003 3544 υπὸ
1016 3477 1069 3544 τόν
1080 3475 1166 3562 ἥλιον
1175 3473 1271 3545 τόπον
1280 3484 1333 3564 τῆς
1342 3487 1408 3564 κρί-

161 3592 209 3631 κεν
225 3563 430 3650 περισπασμόν
451 3569 507 3630 τοῦ
525 3576 699 3650 προςθεῖναι
716 3566 768 3630 καί
800 3588 883 3640 σεσις,
895 3560 982 3628 ἐκεῖὸ
996 3559 1110 3650 ἀσεβής.
1123 3566 1175 3629 καὶ
1186 3556 1284 3629 τόπον
1293 3566 1349 3627 τοῦ
1362 3564 1407 3627 δι-

160 3651 218 3713 τοῡ
227 3659 408 3725 συναγαγεῖν,
421 3653 479 3712 τοῦ
490 3648 592 3712 δοῦναι
601 3651 646 3731 τῷ
655 3649 766 3732 ἀγαθῷ
800 3653 899 3723 καίου,
911 3649 970 3712 ἐκεῖ
981 3645 1000 3712 5
1012 3643 1138 3734 εὐσεβής.
1163 3649 1191 3690 11
1204 3649 1255 3711 καί
1266 3645 1335 3711 είιτα
1345 3645 1405 3723 ἐγώ

160 3726 222 3812 πρό
240 3727 402 3817 πρσςιόπου
419 3735 475 3796 τοῦ
487 3735 580 3807 θεοῦ,
607 3727 654 3796 ότι
671 3736 724 3796 καί
734 3756 767 3808 γε
801 3732 833 3796 ἐν
850 3731 959 3813 καρδίᾳ
975 3757 1043 3815 μου.
1074 3730 1129 3796 σόν
1150 3729 1204 3795 τόν
1223 3731 1336 3795 δίκαιον
1355 3733 1408 3795 καί

161 3815 256 3878 τοῦτο
264 3808 427 3895 ματαιότης
436 3814 488 3878 καί
497 3820 669 3900 προαίρεσις
678 3810 766 3880 πνεό-
800 3811 855 3878 σὺν
866 3812 921 3878 τόν
932 3813 1024 3901 ἀσεβῆ
1036 3824 1128 3899 κρινεῖ
1138 3810 1156 3879 5
1168 3811 1255 3889 θεός,
1278 3809 1327 3878 ότι
1339 3839 1409 3878 και-

160 3919 262 3978 ματσς.
800 3895 854 3980 ρός
865 3901 910 3980 τῷ
921 3898 1015 3963 παντὶ
1025 3894 1180 3980 πράγματι
1193 3898 1243 3960 καί
1255 3897 1306 3961 ἐπὶ
1316 3899 1409 3961 παντί

354 3983 428 4041 ΚΕ
439 3983 477 4041 Φ.
519 3974 572 4042 Γ.
799 3984 845 4061 τῷ
855 3975 999 4063 ποιήματι
1023 3981 1051 4022 ¹⁸
1061 3983 1124 4045 ἐκεῖ.
1138 3979 1208 4045 εἶπα
1220 3976 1278 4058 ε’γά
1291 3981 1406 4065 ἐκκαρ-

168 4027 258 4133 Τοῖς
275 4063 366 4124 πᾶσιν
380 4057 397 4123 ό
415 4055 520 4145 χρόνος
536 4063 587 4125 καί
603 4056 706 4142 καιρός
721 4065 767 4145 τῷ
799 4062 850 4143 δίᾳ
862 4087 930 4144 μου,
942 4064 1010 4147 περὶ
1022 4062 1126 4138 λαλιᾶς
1140 4068 1211 4128 υῖαῖν
1219 4067 1274 4128 τοῦ
1285 4060 1406 4148 ἀνθριό-

159 4143 252 4209 παντί
281 4138 432 4226 πράγματι
462 4140 523 4208 ὑπὸ
549 4141 602 4207 τόν
627 4142 763 4224 οὐρανόν.
799 4169 874 4220 που,
892 4141 938 4208 ότι
952 4147 1092 4228 διακρινεῖ
1102 4147 1214 4222 αὐτοὺς
1227 4143 1245 4211 5
1258 4145 1336 4220 θεὸς,
1354 4146 1406 4210 καί

160 4225 290 4310 2καιρός
315 4229 369 4288 τοῦ
395 4237 485 4289 τεκεῖν
510 4228 562 4289 καί
586 4222 688 4306 καιρός
709 4232 766 4292 τοῦ
799 4231 854 4291 τοῦ
868 4228 959 4304 δεΐςαι
971 4225 1018 4294 ότι
1032 4228 1120 4294 αὐτοί
1132 4225 1223 4314 κτηυη
1236 4235 1297 4295 εῖσί
1313 4228 1341 4269 11
1352 4229 1406 4292 καί

159 4308 343 4383 ἀποθανεῖν,
370 4306 472 4388 καιρός
488 4313 544 4371 τοῦ
559 4312 702 4388 φυτεῦσαι
714 4311 766 4375 καί
797 4335 829 4387 γε
839 4310 944 4387 αὐτοῖς
956 4308 1124 4397 ουνάντημα
1135 4318 1208 4378 υἱοῖν
1217 4316 1276 4378 τοῦ
1284 4305 1406 4397 ἀνθρώ·

157 4392 260 4474 καιρὸς
283 4395 339 4455 τοῦ
357 4389 469 4456 ἓκτίλαι
486 4387 521 4455 τό
538 4397 763 4476 πεφυτευμένον.
797 4419 867 4470 που,
881 4397 932 4460 καὶ
944 4392 1112 4479 ουνάντημα
1124 4401 1181 4461 τοῦ
1194 4392 1325 4480 κτήνους,
1338 4419 1406 4461 συν·-

157 4472 287 4564 1καιρός
312 4479 368 4540 τοῦ
393 4473 563 4541 ἀποκτεῖναι
586 4477 636 4541 καί
662 4474 764 4564 καιρὸς
797 4473 912 4562 άντημα
925 4485 957 4543 ἒν
969 4477 1079 4555 αὐτοῖς.
1098 4476 1140 4556 ὡς
1151 4477 1170 4542 ό
1183 4475 1320 4551 θάνατος
1333 4475 1407 4545 τοό-

1338 4587 1406 4635 του,
