2924 4972
314 171 318 177 ’
367 208 644 271 Ammo!
682 211 757 285 πη.
772 205 823 293 ρ’.
840 201 886 282 «γ’.
903 208 951 270 12.
974 209 1021 271 13.
1253 214 1317 276 ιιι

67 322 194 394 Μωδύδ
209 318 448 409 προφητεύουσιν
466 326 497 387 ίν
509 347 546 415 τη
564 348 680 407 παρεμ·
713 348 768 406 ραι.
782 323 800 364 ⁰
812 325 862 386 καί
875 321 936 386 εἶπε
948 324 1025 408 πρὸς
1039 322 1156 401 αὐτούς.
1171 323 1319 392 ἀκούσατε

64 410 151 503 βσλῆ.
173 409 207 451 ²⁸
218 409 270 471 καί
282 402 578 490 άποκριθείςἾησσῦς
591 402 609 470 ὁ
625 409 680 470 τοῦ
712 408 773 469 τῶν
785 400 883 483 λόγων
894 430 961 487 μου.
973 407 1026 470 ε’άν
1036 410 1153 490 γένηται
1165 406 1320 495 προφήτης

67 492 161 576 Ναυῆ
179 488 198 555 5
218 487 410 577 παρεστηκώς
422 493 545 585 Μωυσῆ
562 485 580 554 5
599 488 680 553 εἰιλε-
713 485 794 571 ύμῶν
806 494 916 573 κυρίῳ,
942 493 973 554 ἰν
991 486 1121 575 ὁράματι
1140 489 1224 576 αύτῷ
1240 519 1319 571 γνω-

67 576 155 654 κτὸς,
179 574 248 640 εἶπε.
281 570 359 659 κύριε
384 576 523 657 Μωυσῆ,
548 567 680 637 κάλκισον
712 567 871 675 σθήσσμμι,
885 573 979 636 καίίν
992 570 1075 656 ύπνῳ
1088 571 1212 660 λαλήσω
1224 575 1318 660 αιἰτηῖ.

67 655 188 734 αύτούς.
220 658 317 723 2οκαί
339 656 400 721 εἷπε
422 660 563 738 Μωυσῆς
584 653 676 721 αὐτοῦ.
713 656 775 719 7ου
805 651 1088 742 ουτωςὸθεράπων
1097 684 1156 739 μου
1170 664 1318 746 Μωυσῆς,

64 742 104 830 μῆ
118 743 216 828 ζηλοῖς
226 743 293 823 ίμὲς
318 741 369 805 καί
381 745 426 816 τίς
438 735 502 843 δῴη
513 735 615 804 πάντα
625 722 678 802 τόν
712 741 743 801 ίν
753 680 815 820 ὅλῳ
825 742 870 820 τῷ
879 740 952 823 οἴκῳ
960 765 1018 821 μου
1027 736 1132 817 πιστός
1142 744 1212 807 ἔστι.
1225 740 1319 808 ε’στό-

66 828 143 893 λαὸν
155 831 260 913 κυρίου
277 819 455 911 προφήτας,
479 823 555 888 ὁταν
565 824 611 907 δῳ
623 817 678 887 κύ·
711 848 754 903 μα
765 820 843 885 κατὰ
857 816 952 905 στόμα
969 820 1089 907 λαλήσω
1103 822 1189 909 αύτῷ
1201 830 1232 890 ίν
1243 828 1318 901 εἴδει,

67 936 130 992 ριος
155 908 193 976 τὸ
217 912 331 992 πνεῦμα
355 904 452 972 αὐτοῦ
476 905 522 973 ἔπ’
537 903 652 980 αύτούς
664 934 677 983 ,·
712 931 763 970 και
778 929 814 968 ου
829 906 856 968 δι
878 901 1075 989 αινιγμάτων,
1101 911 1152 973 καί
1163 907 1218 993 τήν
1230 907 1319 987 δόξαν

66 998 100 1039 ³¹¹
110 996 163 1059 καί
185 989 305 1078 ἀπῆλθε
322 995 461 1075 Μωυσῆς
474 994 512 1066 είς
524 990 579 1076 τῆν
595 1014 677 1075 παρ·
712 993 817 1074 κυρίου
829 986 901 1062 είδε,
926 993 977 1054 καί
989 991 1070 1055 διατί
1082 989 1139 1054 αύκ
1151 989 1320 1092 ίφυβήθητε

67 1077 194 1165 εμβσλῆν
223 1073 316 1151 αὐτὸς
345 1077 397 1139 καὶ
427 1078 459 1138 ολ
487 1070 676 1160 πρεςβύτεροι
711 1069 921 1154 καταλαλῆοαι
946 1072 1025 1137 κατά
1049 1076 1107 1138 τού
1129 1072 1319 1160 θεραποντός

62 1159 195 1249 Ἰσραήλ,
231 1160 260 1201 ³¹
270 1159 321 1222 καί
338 1160 453 1238 πνεῦμα
471 1156 574 1240 ἐξῆλθε
589 1156 676 1241 παρά
710 1179 769 1235 μου
781 1158 904 1237 Μωυσῆ
907 1183 919 1232 ,·
933 1157 1006 1220 9καὶ
1018 1152 1092 1241 ὀργῆ
1102 1164 1204 1240 θυμοῦ
1216 1167 1320 1244 κυρίου

66 1251 186 1331 κυρίου,
203 1243 255 1307 καὶ
268 1243 438 1340 ἐξεπέρασεν
451 1235 677 1325 ὄρτυγομῆτραν
711 1235 755 1302 ἐπ’
773 1234 886 1313 αὐτοῖς,
899 1241 950 1302 καί
963 1237 1109 1322 ἀπῆλθεν.
1139 1244 1168 1284 ¹⁰
1181 1244 1232 1306 καὶ
1243 1242 1262 1327 ῆ
1275 1267 1320 1307 νε·

67 1326 132 1393 άπὸ
146 1332 201 1409 τῆς
214 1323 397 1403 θαλασσηςς
414 1323 467 1386 καί
478 1321 618 1407 ἐπέβαλεν
629 1323 677 1387 ἐπί
712 1320 786 1404 φελη
804 1317 919 1404 ἀπέστη
936 1317 1000 1386 άπὸ
1019 1327 1073 1405 τῆς
1091 1328 1202 1408 σκηνῆς.
1228 1328 1320 1392 καὶδ-

66 1411 125 1494 τῆν
146 1401 337 1507 παρεμβολήν
359 1397 430 1468 ὁδόν
451 1398 560 1487 ἡμέρας
582 1405 677 1469 ίντεύ-
711 1403 767 1469 δού
779 1401 912 1490 Μαριάμ
925 1405 1063 1490 λεπρῶσα
1082 1401 1147 1482 ὦςεὶ
1163 1403 1242 1491 χιιύν.
1268 1412 1321 1476 καί

68 1504 136 1566 θεν,
149 1491 201 1554 καὶ
213 1486 284 1552 οδὸν
296 1483 405 1573 ἡμέρας
416 1488 564 1564 ἐντεῦθεν,
577 1483 676 1571 κύκλῳ
712 1487 872 1571 ἐπέβλεψεν
889 1488 1007 1575 Ἀαρών
1029 1491 1078 1554 ίπί
1100 1493 1243 1577 Μαριάμ,
1268 1495 1321 1558 καί

70 1580 125 1656 τῆς
137 1568 330 1658 παρεμβολῆς,
354 1565 535 1673 ὦςείδίπηηυ
548 1567 611 1636 άπὸ
625 1576 678 1674 τῆς
713 1570 780 1635 ίδοίι
805 1571 954 1655 λεπρῶσα.
992 1577 1016 1614 ¹¹
1030 1574 1081 1636 καί
1105 1572 1182 1638 εἶπεν
1203 1572 1321 1661 Ἀαρὼν

70 1661 132 1741 γῆς.
159 1656 188 1697 ³²
200 1655 251 1721 καί
269 1652 399 1729 ἀναστάς
416 1649 434 1719 5
451 1653 527 1730 λαος
540 1652 612 1737 ὅλην
624 1678 678 1739 την
711 1651 946 1738 πρὸςΜωυσῆν.
972 1657 1078 1736 δέσμαι
1098 1651 1177 1742 κύριε
1187 1656 1226 1740 μῆ
1239 1682 1319 1723 συνε*

68 1739 198 1827 ἡμέραν,
208 1740 259 1804 καί
270 1736 342 1822 ὅλην
354 1737 408 1821 τήν
419 1732 529 1813 νύκτα,
541 1737 593 1803 καί
605 1734 677 1824 ὅλην
712 1740 792 1841 πιθῆ
804 1735 871 1820 ῆμῖν
881 1733 1041 1823 άμαρτίαν,
1053 1734 1129 1803 διότι
1141 1734 1321 1825 ῆγνσήσαμεν

66 1827 123 1910 τήν
136 1816 678 1910 ῆ,ιιε’ραντήνίπαύριον,καίσυνήγα·
712 1828 777 1884 καθ
811 1819 859 1884 δτι
883 1816 1058 1905 ἡμάρτομεν.
1095 1825 1123 1864 ¹²
1135 1824 1176 1906 μή
1202 1827 1321 1908 γένηται

67 1934 122 1988 γον
137 1904 191 1987 τήν
207 1900 439 2005 ὀρτυγομήτραν.
475 1901 493 1969 5
511 1903 549 1971 τὸ
565 1901 677 1983 ὀλίγον,
713 1898 777 1977 άιςεί
795 1901 858 1969 Ῐυον
870 1902 1014 1990 θανάτῳ,
1040 1900 1105 1982 ὧςεί
1117 1908 1258 1993 ἔκτρωμα
1270 1911 1319 1972 ίκ-

69 1986 214 2076 συνήγαγε
227 1991 298 2055 δέκα
310 2014 427 2075 κόρους
453 1988 677 2074 καίέψυξανὲ-
711 1984 907 2072 πορευόμενον
931 1991 963 2052 ἐκ
986 1984 1100 2073 μήτρας
1123 1989 1321 2076 μητρός,καὶ

69 2088 172 2150 αυτοῖς
185 2071 323 2158 ψυγμσύς
340 2067 441 2155 κύκλῳ
459 2076 511 2156 τῆς
523 2074 678 2157 παρεμβσ-
713 2076 860 2135 κατεσθίει
879 2069 915 2135 τὸ
936 2067 1022 2171 ἥμισυ
1045 2078 1106 2136 τοῖν
1127 2079 1245 2159 σαρκῶν
1263 2071 1319 2139 αύ-

69 2158 129 2262 λῆς.
153 2158 183 2200 ³³
196 2155 236 2222 τά
248 2159 321 2243 κρέα
334 2158 378 2221 ἔτι
391 2146 427 2240 ῆν
438 2157 468 2219 ἐν
480 2167 543 2231 τοῖς
555 2153 679 2221 ὀδοῦσιν
712 2157 773 2236 τῆς.
799 2155 890 2219 13καὶ
906 2158 1010 2242 ἐβόησε
1022 2160 1159 2240 Μωυσῆς
1177 2154 1253 2243 πρὸς
1265 2151 1319 2221 κύ-

69 2246 170 2308 αυτῶν
183 2238 271 2326 πρινή
284 2239 433 2306 ἐκλείπειν.
470 2240 523 2304 καὶ
536 2235 635 2325 κύριος
647 2241 678 2303 ἒ·
712 2262 787 2322 ριον,
800 2236 902 2316 λέγων.
930 2235 948 2303 5
962 2233 1032 2315 θεὸς
1044 2240 1152 2323 δέομαί
1161 2265 1225 2318 σου,
1237 2240 1320 2307 ἴασαι

68 2321 202 2410 θυμεύθη
223 2329 262 2401 είς
284 2322 336 2389 τὸν
357 2319 448 2400 λαόν,
473 2323 525 2388 καί
547 2318 678 2399 ἐπάταξε
713 2316 813 2403 αὐτήν.
837 2318 1320 2410 14καίεῖπεκύρισςπρόςΜωυ·

67 2405 170 2495 κύριος
182 2406 237 2473 τὸν
247 2406 322 2472 λαὸν
334 2400 448 2506 πληγήν
461 2402 590 2491 μεγάλην
601 2404 675 2488 οφύ-
713 2409 775 2487 σῆν.
800 2409 824 2468 εί
837 2400 855 2469 5
868 2405 970 2490 πατήρ
983 2403 1075 2489 αὐτῆς
1085 2404 1188 2472 πτύων
1199 2410 1319 2473 ἐνέπτυ-

70 2493 139 2577 δρα.
165 2490 197 2532 ³⁴
209 2490 261 2555 καί
273 2485 385 2572 ἐκλήθη
398 2513 433 2553 τσ
448 2489 544 2572 ὄνομα
556 2494 611 2554 τού
623 2485 676 2554 τό-
714 2513 763 2553 σεν
778 2491 817 2561 είς
833 2483 869 2551 τὸ
890 2485 1053 2592 πρόςωπον
1071 2486 1179 2571 αὐτῆς,
1205 2488 1261 2554 ούκ
1274 2494 1320 2555 ἐν·

68 2601 131 2641 που
144 2575 268 2649 ἐκείνου,
292 2568 431 2654 μνήματα
443 2575 496 2656 τῆς
508 2575 675 2655 ἐπιθυμίας.
712 2569 896 2658 τραπήσεται
910 2568 988 2634 επτά
1000 2566 1110 2657 ἡμέρας
1113 2599 1125 2648 ,·
1149 2569 1320 2658 ἀφορισθή-

69 2657 117 2725 ὅτι
131 2659 190 2722 ἐκεῖ
201 2658 326 2736 ε”θαψαν
341 2654 395 2719 τὸν
411 2651 486 2719 λαόν
502 2654 556 2720 τόν
568 2658 675 2722 ἐπιθυ·
713 2682 757 2719 τω
770 2650 848 2719 ἑπτά
862 2649 971 2739 ήμέρας
984 2657 1044 2731 ἔξω
1057 2658 1111 2738 τῆς
1123 2656 1320 2742 παρεμβολῆς,

67 2742 170 2828 μητήν.
208 2741 237 2783 ³⁵
256 2737 319 2805 άπὸ
339 2734 497 2824 μνημάτων
518 2741 676 2822 ἐπιθυμίας
712 2742 763 2805 καί
784 2736 857 2822 μετὰ
880 2743 977 2804 ταῦτα
1001 2735 1193 2814 είςελεύσεται.
1228 2741 1319 2805 15καί

68 2830 168 2928 ἐξῆρεν
179 2820 197 2889 5
212 2822 286 2899 λαός
299 2819 494 2911 είςἈσηρυύθ.
519 2825 570 2891 καί
583 2826 675 2903 ἕγένε-
712 2821 876 2907 ἆφωρίσθη
887 2822 1020 2909 Μαριάμ
1033 2824 1091 2898 ἔξω
1105 2828 1157 2907 τῆς
1169 2828 1320 2911 παρεμβο-

68 2935 105 2975 τσ
118 2934 136 2974 ο
149 2905 222 2986 λαός
235 2903 422 2991 ἐνἈσηρώθ.
712 2906 764 2989 λῆς
777 2905 854 2970 ἑπτά
868 2903 984 2990 ήμέρας.
1004 2908 1055 2970 καί
1069 2903 1086 2970 5
1098 2904 1171 2981 λαός
1184 2906 1238 2970 οὐκ
1252 2910 1320 2990 ἐξῆ·

252 2996 326 3056 ΚΕ
338 2995 375 3054 Φ.
419 2984 487 3058 IB'.
712 3013 770 3075 ρεν,
784 2994 839 3064 ἕως
851 2994 1046 3074 ἐκαθαρίσθη
1060 2984 1201 3076 Μαριάμ.
1285 2979 1291 3000 ’

69 3041 155 3142 Καὶ
178 3070 301 3160 θάλησε
325 3072 459 3162 Μαριὰμ
484 3074 536 3139 ιω
557 3069 677 3158 Ἀαρὼν
890 3079 1014 3138 που.
1058 3070 1129 3138 στ’.

66 3158 145 3226 κατά
160 3164 282 3242 Μωυσῆ
301 3163 389 3223 ἕνεκεν
406 3163 459 3241 τῆς
476 3156 612 3235 γυναικὸς
625 3161 676 3237 τῆς
712 3122 797 3222 Καὶ
816 3154 889 3239 μετά
912 3163 1011 3223 ταῦτα
1034 3160 1132 3242 ἐξῆρεν
1152 3154 1170 3223 5
1193 3156 1267 3232 λαὸς
1288 3159 1319 3233 ἐξ

66 3249 273 3327 Αίθιοπίσσης
295 3238 329 3326 ῆν
353 3243 440 3328 ἔλαβε
457 3243 602 3323 Μωυσῆς,
629 3237 675 3305 ὅτι
708 3237 860 3325 Ἀσηρώθ,
884 3243 935 3304 καί
946 3230 1146 3364 παρενέβαλον
1159 3244 1189 3304 ίν
1200 3245 1239 3324 τῆ
1251 3236 1318 3326 ίρή·

65 3340 191 3407 γυναῖκα
204 3322 412 3390 Αίθιόπισσαν
424 3324 520 3411 ἔλαβε.
546 3326 561 3365 ²
572 3325 623 3387 καί
635 3322 676 3389 εἷ-
711 3349 759 3406 μῳ
771 3326 829 3387 τοῦ
842 3319 956 3406 Φαράν.
1022 3327 1074 3388 καί
1087 3322 1208 3406 ίλάλησε
1220 3314 1319 3409 ’κύριος

66 3434 139 3477 παν.
175 3404 217 3506 μή
234 3412 354 3508 Μωυσῆ
371 3400 451 3487 μόνω
467 3402 606 3491 λελάληκε
622 3403 675 3472 κύ-
713 3404 789 3491 πρὸς
802 3409 952 3486 Μωυσῆν,
970 3404 1073 3482 λέγων.
1111 3402 1320 3471 3οἰπόστειλον

69 3517 155 3577 ριοςς
183 3489 251 3572 ουχὶ
268 3487 319 3550 καί
337 3490 430 3571 ημῖνέ
459 3483 552 3572 ’λησες
577 3493 628 3557 καὶ
641 3489 675 3574 ή·
714 3492 829 3570 σεαυτῷ
842 3487 966 3570 ἄνδρας,
990 3485 1319 3572 καὶκατασκειμάσθω-

69 3599 157 3641 κουσε
169 3567 277 3655 κύριος.
292 3571 362 3634 3καί
373 3566 391 3633 5
405 3568 566 3655 ἅνθρωπος
577 3581 675 3639 Μωυ-
712 3596 766 3638 σαν
778 3573 833 3656 τήν
844 3576 898 3655 γῆν
911 3575 971 3634 τῶν
987 3577 1187 3648 Χαναναίων,
1214 3567 1249 3655 ῆν
1260 3572 1319 3649 ἐγώ

68 3663 119 3743 σῆςΙ
132 3651 230 3742 πραύς
249 3648 366 3739 σφόδρα
378 3650 464 3736 παρά
480 3649 595 3731 πάντας
607 3654 676 3731 τούς
711 3658 815 3741 δίδωμι
828 3668 890 3732 τοῖς
904 3658 978 3731 υἱοῖς
987 3651 1110 3740 Ἰσραήλ
1124 3660 1163 3733 εἰς
1176 3652 1253 3720 κατά
1290 3680 1319 3720 ε-

68 3736 252 3826 άνθριύπσυς
274 3737 345 3814 τούς
367 3735 457 3812 ὄντας
475 3736 525 3800 ίπί
543 3741 594 3819 τῆς
614 3742 674 3822 γῆς.
713 3765 767 3805 σιν.
793 3740 888 3825 άνδρα
902 3744 953 3804 ἕνα
966 3740 1044 3805 κατά
1058 3740 1161 3824 φυλήν,
1175 3682 1290 3806 κατάού

68 3828 85 3870 ⁴
108 3827 160 3890 καί
185 3823 246 3888 εἷπε
271 3817 371 3927 κύριος
394 3823 577 3909 παραχρῆμα
600 3822 676 3909 πρὸς
711 3850 783 3906 μους
795 3827 930 3908 πατριῶν
942 3823 1052 3902 αὐτῶν,
1077 3823 1250 3899 ἀποστελεῖς
1263 3850 1318 3887 αυ-

69 3913 216 3992 Μωοσῆν,
243 3906 295 3971 καί
313 3902 439 3993 Ααρών,
464 3908 516 3971 καί
532 3904 674 3994 Μαριάμ.
712 3905 791 3982 τοὺς,
804 3901 904 3970 πάντα
917 3904 1048 4009 ἆρρηγόν
1059 3908 1089 3983 ἐξ
1102 3905 1212 3973 αὐτῶν.
1238 3907 1320 3972 *καί

69 3994 202 4071 ἐξέλθετε
221 3985 298 4073 ύμεῐς
316 3993 347 4056 σί
362 4003 437 4076 τρεῖς
454 3994 493 4066 εἷς
504 3988 560 4074 τήν
573 3989 676 4074 σκηνήν
713 3990 912 4067 ἔξαπέστειλεν
930 3987 1043 4066 αυτούς
1060 3996 1197 4075 Μωυσῆς
1215 3993 1246 4056 ἔκ
1267 3997 1319 4075 τῆς

67 4081 124 4143 τοῦ
141 4079 315 4162 μαρτυρίου.
341 4076 393 4139 καί
409 4074 537 4159 ἐξῆλθον
553 4079 584 4140 σί
600 4086 676 4159 τρεῖς
713 4071 941 4160 ίρήμουψαράν
949 4073 1000 4139 διά
1009 4078 1109 4161 φωνῆς
1118 4082 1229 4164 κυρίου.
1241 4073 1319 4140 πάν-

68 4166 108 4237 είς
126 4158 182 4244 τῆν
198 4156 303 4242 σκηνήν
318 4161 375 4223 τοῦ
391 4164 561 4245 μαρτυρίου.
597 4160 611 4201 ⁵
625 4158 677 4221 καὶ
713 4182 758 4232 τες
770 4157 869 4244 ἄνδρες
880 4158 1004 4264 άρχῆγοί
1015 4158 1213 4248 υίῶνἸσραίηλ
1226 4149 1319 4226 οὗτοι.

68 4248 177 4330 κατέβη
190 4239 291 4328 κύριος
304 4243 334 4304 ἒν
351 4236 449 4324 στύλῳ
461 4241 599 4325 νεφελης,
625 4241 677 4305 καί
715 4241 786 4306 ὅκαί
800 4246 898 4314 ταῦτα
919 4268 957 4308 τυ
981 4239 1116 4328 ὀνόματα
1135 4241 1243 4307 αὐτῶν.
1266 4246 1318 4325 τῆς

68 4331 141 4411 ἔστη
159 4328 210 4392 ἐπὶ
226 4330 278 4409 τῆς
300 4319 400 4410 θύρας
422 4329 475 4408 τῆς
499 4327 603 4408 σκηνῆς
620 4327 677 4387 τοῦ
715 4323 809 4408 φυλῆς
827 4322 973 4413 Ῥουβὴν,
998 4326 1143 4410 Σαμουὴλ
1166 4324 1230 4400 υίὸς
1253 4330 1318 4390 Ζα-

67 4413 243 4495 μαρτυρίου.
293 4410 345 4472 καὶ
370 4401 540 4490 ἐκλήθησαν
559 4402 677 4484 Ἀαρὼν
714 4403 797 4494 χούρ.
812 4406 1319 4500 θτῆςᾳυλίςΣυμεών,Σαφάτυίδς

67 4499 120 4562 καί
133 4489 281 4581 Μαριάμ,
305 4491 356 4556 καί
369 4485 536 4575 ἔξήλθοσαν
548 4486 675 4574 ιἰμηιίτε-
715 4495 817 4578 Σουρί.
833 4494 900 4584 ⁷123
912 4457 1007 4573 φυλῆς
1019 4484 1244 4631 ἸούδωΧαλεΙβ
1255 4484 1319 4558 υίὸς

913 4593 931 4636 2
1232 4589 1319 4643 εφον-

1285 3738 1319 3845 ρ’.
