2924 4972
300 214 463 276 ΣΟΦΙΑ
495 212 689 275 ΣΕΙΡΑΧ
728 217 805 291 Κεφ.
820 209 870 289 ιγ’.
886 205 937 276 ιδ’.
954 213 1003 278 13.
1021 208 1069 278 14.
1228 219 1295 288 695

60 358 100 407 σε,
113 332 198 396 καίπ
217 329 402 408 οςγελάσεταί
419 356 483 408 σοι,
508 331 558 395 καί
576 325 664 394 δῶσει
696 334 767 406 τοῦ,
780 328 835 396 ἐὰν
853 333 893 405 είς
911 328 1019 408 ἀγαθά
1037 323 1089 394 ίάν
1106 354 1138 395 τε
1158 335 1197 406 είς
1213 328 1302 396 κακά.

60 442 108 482 σοι
131 355 245 479 ἐλπίδα.
273 412 393 497 λαλήσει
419 438 468 478 σοι
493 411 589 488 καλά,
614 414 666 477 καί
695 413 727 456 ²⁶
747 411 827 497 ἴχνος
844 413 966 500 καρδίας
987 416 1017 478 ἐν
1036 409 1168 491 ἀγαθοῖς
1184 410 1303 498 πρόςω-

60 504 131 580 ἒρεῖ,
156 502 201 572 τίς
219 493 237 579 ή
253 503 335 580 χρεία
348 521 401 561 σου
405 523 418 575 ,·
444 497 521 569 7καί
539 499 668 600 αίσχφνεί
696 519 756 560 πον
773 493 893 580 ἱλαρόν,
920 497 972 562 καί
995 492 1104 580 εῦρεσις
1119 498 1303 585 παραβολῶν

60 607 92 647 σε
105 585 136 646 ἐν
147 592 212 655 τοῖς
222 584 372 666 βρώμασιν
385 575 496 657 αῦτυῦ,
508 583 563 654 ἕως
577 604 615 644 ου
628 574 664 642 ἀ·
696 576 883 661 διαλογισμοί
894 577 967 662 μετά
980 579 1084 646 κόπου.

59 659 211 755 ποκενῶση
225 660 432 748 σεδίςῆτρίς,
457 661 562 731 καίίπ’
579 657 666 746 ίσχά-
883 667 957 726 ΚΕ
970 667 1009 725 Φ.
1053 657 1121 727 1A'.

61 773 104 831 τῳ
117 744 363 830 καταμωκήσεταί
380 770 444 810 σου.
484 742 558 830 μετά
569 750 666 810 ταῦτα
696 709 883 831 Μακάριος
904 742 981 830 ἀνήρ
1002 739 1035 818 ἀς
1057 743 1111 811 οῦκ
1134 741 1302 830 ῶλίσθησεν

62 829 175 913 ὄψεταί
186 854 226 904 σε,
240 830 291 895 καί
302 828 472 912 καταλείψει
485 854 531 904 σε,
551 829 602 893 καί
614 825 667 913 τήν
697 831 728 893 ἐν
742 821 869 911 στόματι
882 824 988 902 αὐτοῦ,
1002 826 1102 892 καλοῦ
1116 823 1259 933 κατενῦχη
1271 831 1301 892 ίν

61 909 193 994 κεφαλήν
203 910 296 977 αάτοῦ
306 909 415 993 κινήσει
425 914 474 976 ἐπί
483 910 665 995 σοίθπρός·
697 905 777 993 λῦπη
807 906 963 996 ἀμαρτίας.
1000 911 1015 950 ²
1021 907 1175 1013 μακάριος
1200 935 1238 976 συ
1264 909 1302 978 οῦ

61 1020 104 1080 εχε
115 994 154 1077 μή
168 993 398 1087 ἀποπλανηθῇς,
407 996 459 1058 καί
465 992 505 1078 μή
518 1017 666 1059 ταπεινω-
697 985 830 1072 κατίγνω
851 991 870 1097 ή
893 989 971 1078 ψυχή
994 996 1101 1067 αυτοῦ,
1114 996 1167 1059 καί
1188 991 1221 1070 δς
1245 993 1301 1061 οῦκ

62 1082 120 1159 θῆς
138 1081 170 1143 ἐν
185 1077 353 1162 εῦφροσάνη
371 1102 434 1143 σου.
472 1076 663 1163 9πρσςκαλε-
699 1079 800 1142 ἔσεισεν
813 1073 879 1168 ἀπο
895 1080 948 1158 τῆς
964 1074 1087 1150 ίλιπίδος
1099 1074 1202 1141 αὐτοῦ.
1226 1073 1301 1141 8ἀν-

62 1147 193 1242 σάμὲνου
206 1185 238 1224 σε
249 1150 414 1235 δυνάότου,
440 1155 605 1245 ὑποχωρῶν
618 1165 666 1237 γί-
697 1158 924 1245 δρίμικρολογῳ
947 1156 984 1224 οῦ
1005 1156 1097 1234 καλὸς
1120 1156 1138 1227 ό
1158 1157 1303 1237 πλοῦτος,

62 1268 129 1316 νου,
152 1244 203 1306 καί
213 1237 295 1325 τόσῳ
306 1240 423 1325 μᾶλλον
435 1243 668 1327 προςκαλίυεταί
697 1247 748 1310 καί
761 1237 919 1329 ἀνθρῶπῳ
936 1239 1076 1330 βασκάνῳ
1097 1246 1178 1308 ίνατί
1187 1240 1302 1326 χρήμα-

63 1350 102 1389 σε.
128 1325 157 1366 ¹⁰
168 1322 208 1408 μή
230 1328 354 1408 ε”μπιπτε
376 1330 427 1390 ’ίνα
447 1324 486 1409 μή
507 1323 665 1418 ἀπωσθῇς,
697 1351 754 1404 τας
780 1322 980 1404 4ὁσυνάγων
997 1322 1060 1390 ἀπό
1074 1330 1125 1431 τής
1137 1329 1233 1411 ψυχῆς
1246 1323 1301 1391 αῦ-

62 1407 114 1471 καλ
124 1403 164 1490 μή
177 1405 294 1492 μακράν
311 1405 428 1490 ἀφιστῶ
446 1413 497 1474 ἵνα
508 1406 547 1491 μή
562 1409 665 1494 ἐπιλη-
698 1414 751 1473 τοῦ
764 1405 880 1486 συνάγει
893 1407 1009 1484 ἀλλοις,
1027 1411 1078 1473 καὶ
1095 1433 1128 1475 εν
1144 1420 1210 1483 τοῖς
1222 1406 1301 1486 ἀγα-

62 1493 147 1582 σθῇς.
185 1495 210 1532 ¹¹
222 1489 262 1574 μή
275 1494 356 1577 ἔπεχε
374 1496 588 1577 είςηγορεῖσθαι
604 1489 662 1574 μετ’
696 1502 766 1568 θοῐς
788 1488 883 1556 αῦτοῦ
906 1488 1106 1592 τρυφήσουσιν
1123 1497 1227 1576 ἕτεροι.
1254 1486 1301 1556 ὅῦ

63 1570 174 1646 αὐτοῦ,
200 1572 307 1660 καὶμή
326 1581 443 1641 πίστευε
467 1586 532 1650 τοῖς
551 1574 666 1640 πλείοσι
696 1574 828 1680 πονηρὸς
845 1577 960 1661 ἕαυτῳ,
985 1580 1044 1640 τίνι
1060 1571 1180 1654 ἀγαθὸς
1199 1577 1301 1654 ἐίνταις

62 1654 163 1731 λόγοις
176 1655 281 1722 αὐτοῦ.
308 1661 340 1722 ἐν
356 1657 468 1735 πολλῆς
485 1657 544 1741 γάρ
559 1657 666 1732 λαλιᾶς
696 1659 746 1723 καί
760 1683 797 1723 ου
807 1655 848 1743 μή
861 1654 1096 1744 εὐφρανθήσεται
1112 1660 1144 1723 ἐν
1156 1666 1218 1733 τοῖς
1229 1652 1301 1764 χρή·

61 1738 193 1824 πειράσει
207 1765 249 1815 σε,
262 1744 312 1806 καί
326 1738 366 1817 ῶς
384 1741 552 1826 προςγελῶν
566 1739 666 1818 ἐξετά-
695 1766 783 1826 μασιν
804 1739 909 1808 αὐτοῦ.
933 1742 1015 1806 οτοῦ
1036 1745 1251 1828 βασκαίνοντας
1268 1766 1300 1806 τ-

62 1845 115 1886 σει.
140 1821 347 1908 1ἳάνελεήμων
366 1819 665 1931 όμήσυντηρῶνλό-
699 1823 789 1890 αυτὸν
821 1822 877 1890 οῦκ
902 1827 981 1889 ἔστιν
1012 1820 1225 1911 πονηρότερος,
1250 1822 1302 1890 καί

61 1928 146 1982 γους,
164 1907 216 1970 καί
229 1904 265 1972 οῦ
278 1907 318 1993 μή
337 1913 472 1989 φείσηται
484 1933 553 1993 περι
565 1903 665 1973 κακῶ-
697 1913 790 1974 τοῦτο
803 1905 1000 1989 ἀνταπόδομα
1012 1911 1066 1992 τῆς
1077 1914 1182 1982 κακίας
1194 1903 1300 1972 αὑτοῦ.

62 2012 136 2087 σειρς
159 1991 210 2054 καί
223 1990 341 2073 δεσμῶν.
380 1992 406 2034 ¹³
420 1990 601 2078 συντήρησον
612 1992 665 2055 καί
698 1988 906 2083 7κςίνεῦποιή,
932 1995 962 2056 ἐν
976 1990 1057 2086 λήθη
1070 2001 1165 2068 ποιεί,
1190 1988 1298 2055 καίίπ’

60 2096 177 2156 προςεχε
191 2076 344 2159 σφοδρῶς,
371 2070 417 2140 ότι
429 2073 502 2156 μετὰ
514 2079 567 2158 τῆς
578 2073 663 2141 πτῶ·
697 2070 829 2161 ἐσχάτων
846 2079 973 2156 ἐκφαίνει
994 2073 1049 2160 τήν
1070 2080 1176 2140 κακίαν
1193 2069 1300 2140 αῦτοῦ.

61 2151 134 2255 ρεῶς
153 2181 214 2258 φορ
233 2169 418 2259 (περιπατεῖς.
457 2158 563 2224 16πῶν
590 2160 664 2233 ζῶον
696 2158 712 2200 ⁸
736 2153 912 2260 πονηρόςὸ
941 2162 1111 2260 βασκαίνων
1136 2155 1300 2258 ὀφθαλμρλ,

59 2262 166 2321 αγαπῳ
180 2263 217 2302 το
231 2263 336 2321 ομοιον
350 2243 449 2322 αυτῷ,
474 2242 526 2303 καί
536 2243 595 2314 πῶς
608 2238 660 2304 ἀν·
696 2237 896 2324 ἀποστρεφων·
908 2264 1069 2325 προςωπον
1082 2244 1132 2304 καί
1145 2237 1301 2324 ὑπερορῶν

59 2329 188 2400 θρωπσς
200 2319 253 2383 τὸν
265 2320 390 2401 πλησίον
404 2318 509 2385 αὐτοῦ.
535 2321 663 2385 1οπάσα
721 2320 798 2404 υχάς.
824 2322 840 2363 ⁹
855 2320 1035 2387 πλεονέκτου
1058 2317 1219 2403 ὀφθαλμὸς
1244 2319 1300 2384 οῦκ

60 2402 136 2482 σὰρξ
159 2398 237 2464 κατά
257 2405 341 2477 γένος
362 2396 532 2478 συνάγεται,
545 2403 596 2466 καί
617 2406 662 2485 τῷ
693 2341 877 2483 λίιπίπλαται
887 2403 994 2488 μερίδι,
1007 2405 1059 2467 καὶ
1071 2401 1171 2468 ἀδικία
1183 2400 1299 2489 πονηρά

61 2480 154 2566 ὁμοίῳ
168 2479 263 2547 αὐτοῦ
272 2482 565 2568 προςκολληθήσεται
576 2481 660 2569 ἀνήρ.
694 2484 882 2570 ἀναξηραίνει
895 2481 1000 2570 ψυχήν.
1027 2487 1056 2528 ¹⁰
1067 2481 1227 2568 ὀφθαλμός
1238 2509 1299 2550 πο·

60 2567 86 2608 ¹⁷
99 2570 130 2629 τί
147 2561 314 2650 κοινωνήσει
331 2567 420 2642 λιίκος
439 2567 541 2652 ἀραιῶς
566 2562 661 2642 οῦτως
693 2566 781 2674 νηρὸς
791 2568 939 2653 φθονερὸς
951 2566 995 2632 ἐπ’
1011 2565 1105 2652 ἀρτῳ,
1118 2571 1169 2633 καί
1182 2565 1300 2652 ἐλλιπής

58 2644 238 2733 ἁμαρτωλὸς
256 2644 332 2731 πρός
345 2646 456 2737 εῦσεβή.
480 2651 511 2693 ¹⁸
525 2655 570 2725 τίς
583 2648 661 2734 είρή-
694 2653 744 2714 ἐπι
767 2655 821 2734 τῆς
844 2652 991 2736 τραπέζης
1017 2649 1121 2716 αῦτοῦ.
1156 2653 1182 2691 ¹¹
1194 2654 1299 2716 τέκνον

58 2755 94 2813 νη
108 2726 194 2824 ῦαίνη
215 2730 292 2816 πρὸς
311 2728 403 2810 κάνας
427 2735 479 2798 καί
500 2740 544 2809 τίς
563 2730 660 2818 εἰρήνη
694 2732 798 2809 καθῶς
810 2730 861 2799 ἐάν
880 2737 949 2819 ε”χεις
962 2733 1070 2799 εῦποίει
1084 2731 1222 2809 σεαυτὸν,
1246 2734 1299 2799 καί

56 2815 193 2898 πλουσίῳ
219 2812 296 2900 πρός
316 2818 431 2899 πένητα
436 2843 450 2894 ,·
479 2817 508 2860 ¹⁹
535 2811 661 2900 κυνήγια
694 2816 867 2901 προςφοράς
903 2823 997 2902 κυρίῳ
1034 2814 1123 2894 ἀξίως
1159 2811 1298 2902 πρόςαγε.

56 2892 183 2962 λεόντων
195 2897 316 2984 όναγροι
329 2901 359 2962 ἐν
371 2895 481 2984 ίρήμῳ,
503 2895 599 2975 σῦτως
610 2923 661 2965 νο-
696 2902 722 2942 ¹²
732 2896 883 2984 μνήσθητι
902 2897 949 2964 δτι
967 2895 1103 2976 θάνατος
1122 2897 1159 2965 οῦ
1176 2909 1298 2986 χρονιεῖ,

54 2982 110 3066 μαί
133 2980 287 3047 πλουσίων
310 2988 434 3085 πτωχοί.
470 2984 501 3026 ²⁰
512 2982 661 3071 βδελυγιια
695 2984 747 3047 καί
764 2980 895 3068 διαθήκη
908 2980 986 3048 άδου
999 2981 1054 3068 οῦχ
1067 2980 1226 3068 ἀπεδείχθη
1239 3011 1296 3050 σοι.

56 3060 237 3148 ὑπερηφάνῳ
263 3091 447 3149 ταπεινοτης,
473 3062 570 3142 οῦτως
587 3068 660 3170 βδέ-
696 3067 721 3108 ¹³
733 3072 804 3152 πρίν
826 3092 860 3132 σε
881 3047 1051 3171 τελευτήσαι
1075 3063 1185 3132 εῦποίει
1208 3067 1297 3152 φιλφ,

56 3144 152 3229 λυγμα
168 3149 304 3232 πλουσίῳ
323 3147 450 3235 πτωχός.
478 3151 505 3192 ²¹
517 3151 660 3225 πλουσιος
694 3149 745 3213 καί
762 3148 840 3215 κατά
857 3148 912 3234 τήν
929 3154 1012 3252 ίσχυν
1030 3174 1087 3215 σου
1103 3153 1229 3216 ὲίιτεινον
1247 3154 1296 3217 καὶ

56 3227 245 3334 οαλευόριενος
273 3236 438 3318 στηρίζεται
464 3230 526 3298 ῦπὸ
552 3233 660 3314 φίλων,
694 3229 744 3308 δὸς
767 3233 860 3299 αῦτῶ.
898 3232 984 3319 14μη
1006 3227 1211 3326 ἀφυστερήσης
1232 3231 1296 3303 ἀπό

57 3335 191 3388 ταπεινος
223 3314 255 3379 δὲ
285 3314 385 3382 πισῶν
413 3327 659 3401 προςαπωθεῖται
693 3313 812 3402 ἀγαθῆς
825 3298 950 3402 ήμίρας,
975 3319 1025 3382 καί
1042 3318 1123 3421 μερίς
1135 3320 1296 3400 ἐπιθυμίας

56 3391 116 3457 ῦπό
142 3397 247 3475 φίλων.
272 3400 303 3439 ²²
316 3397 465 3464 πλουσίου
491 3401 659 3481 σφαλέντος
693 3396 811 3486 ἀγαθής
834 3395 873 3485 μή
898 3425 929 3464 σι
951 3398 1146 3485 παρελθατω.
1184 3398 1295 3485 15οὐχί

54 3476 163 3541 πολλοὶ
175 3477 394 3566 ἀντιλήπτορες,
407 3480 548 3566 ἐλάλησεν
561 3481 659 3587 ἀπόβ-
692 3484 783 3567 ἑτέρῳ
803 3481 991 3567 καταλείψεις
1013 3481 1084 3558 τοῦς
1100 3476 1210 3555 πόνους
1232 3506 1295 3559 σου,

54 3562 131 3666 βητα
143 3562 194 3624 καί
205 3562 381 3626 ἐδικαίωσαν
393 3560 494 3628 αὐτόν.
522 3589 659 3640 ταπεινός
691 3567 743 3629 καί
755 3563 824 3641 τοῦς
836 3561 948 3642 κόπους
957 3591 1011 3632 σου
1021 3570 1059 3642 είς
1070 3567 1212 3648 διαίρεσιν
1224 3559 1296 3647 κλή-

53 3641 178 3720 εσφαλε,
210 3646 262 3708 καί
286 3651 536 3730 προςεπετίμησαν
561 3647 657 3723 αὐτῶ,
691 3673 762 3733 ρου,Ι
787 3645 880 3725 16δός
897 3651 949 3715 καί
967 3644 1049 3737 λάβε,
1067 3650 1117 3715 καί
1137 3645 1297 3731 ἀπάτησον

54 3726 224 3804 ἐφθέγξατο
238 3721 350 3791 σῦνεσιν
362 3730 413 3791 καί
425 3727 480 3794 οῦκ
493 3727 588 3815 ἐδόθη
602 3714 659 3799 αῦ-
690 3727 744 3812 τήν
757 3727 854 3815 ψυχήν
866 3757 937 3809 σου,
962 3729 1008 3800 ὅτι
1022 3732 1075 3798 οῦκ
1088 3735 1166 3797 ε’ίντιν
1178 3733 1208 3794 ἐν
1218 3730 1296 3814 ᾅδου

52 3812 96 3888 τῷ
111 3805 213 3884 τόπος.
249 3811 279 3852 ²³
291 3807 436 3886 πλοάσιος
454 3806 595 3894 ἐλάλησεν
607 3814 658 3879 καί
690 3813 813 3895 ζητήσαι
837 3811 960 3899 τρυφήν.
997 3818 1025 3860 ¹⁷
1043 3821 1129 3882 πάσα
1154 3814 1229 3901 σάρξ
1254 3810 1296 3892 ῶς

51 3887 158 3966 πάντες
177 3896 331 3976 ἐσίγησαν,
356 3890 477 3958 καὶτὸν
497 3891 589 3972 λόγον
600 3895 657 3961 αά·
690 3890 806 4000 ίμάτιον
824 3896 1024 3975 παλαιοῦται,
1049 3897 1068 3984 ἢ
1086 3896 1146 3983 γάρ
1164 3895 1294 3983 διαθήκη

50 3977 106 4036 τοῦ
135 3971 191 4039 ἀνῦ
222 4001 305 4042 ωσαν
339 3980 395 4052 ἕως
432 3982 492 4044 τῶν
520 3977 654 4060 νεφελῶν.
688 3977 739 4044 ἀπ’
756 3981 862 4054 αἰῶνος
874 3975 1002 4064 θανάτῳ
1021 3980 1176 4064 ἀποθαυῆ.
1212 3978 1293 4059 18ῶς

49 4053 167 4140 πτωχὸς
185 3995 340 4144 ίλάλησεν,
357 4061 410 4126 καί
424 4059 526 4139 εἶπαν,
544 4068 589 4140 τίς
601 4055 654 4129 οῦ-
688 4059 803 4145 φόλλον
819 4059 939 4128 θάλλον
961 4067 1012 4130 ἐπὶ
1035 4051 1158 4146 δίνδροῦ
1175 4066 1292 4141 δασίος,

49 4162 100 4212 τος
104 4167 116 4215 ,·
130 4138 186 4225 κηίν
197 4140 373 4229 προςκόφη,
386 4149 655 4230 προςανατρέψου-
690 4144 725 4211 τά
737 4144 790 4229 μὲν
801 4143 990 4231 καταβάλλει,
1003 4147 1083 4214 ἀλλα
1096 4145 1128 4213 δὲ
1142 4147 1226 4229 φάει,
1239 4144 1291 4215 οῦ-

49 4244 93 4284 σιν
110 4219 211 4286 αὐτόν.
239 4226 271 4267 ²⁴
284 4221 402 4305 ἀγαθός
427 4222 445 4290 ὃ
471 4226 602 4304 πλοῦτος
627 4222 652 4313 ᾧ
687 4253 746 4304 τως
756 4226 841 4308 γενεά
855 4226 1027 4315 σαρκόςκαὶ
1040 4235 1183 4314 αἵματος,
1208 4230 1293 4316 ἡμὲν

44 4303 86 4385 μή
101 4306 181 4368 ἔστιν
192 4303 392 4391 ἀμαρτία,καί
401 4312 523 4395 πονηρά
539 4307 652 4393 ήπτω-
687 4309 821 4396 τελευτᾷ,
849 4313 939 4399 ἑτέρα
962 4312 994 4379 δὲ
1019 4319 1162 4393 γεννᾶται.
1190 4316 1293 4383 19πᾶν

46 4389 109 4486 χεία
127 4387 158 4484 δή
175 4384 320 4488 στόμασιν
340 4387 474 4494 ἀσεβοῦς.
501 4394 530 4436 ²¹
544 4393 653 4478 καρδία
688 4391 778 4480 ίργον
799 4391 969 4499 σηπόμενσν
988 4399 1125 4474 ἐκλείπει,
1146 4399 1197 4463 καί
1210 4395 1228 4463 δ
1242 4400 1288 4481 ίρ-

47 4475 213 4552 ανθρωπου
226 4470 349 4537 ἀλλοιοῖ
363 4498 400 4539 το
419 4470 582 4560 πρόςωπον
595 4475 652 4542 αῦ-
685 4472 842 4563 γαζόμενος
854 4477 931 4545 αυτὸ
947 4479 1006 4563 μετ’
1024 4479 1119 4546 αῦτοῦ
1133 4478 1287 4551 ἀπελεάσε·

1224 4585 1285 4624 ται.
