2924 4972
165 239 230 304 432
264 240 758 303 ΠΑΡΑΛΕΙΠΟΜῈΝΩΝ
775 241 989 303 ΠΡΩΤΟΝ
1011 235 1344 320 Κεφ.κζ’.κη’.27.98.

162 366 267 432 Ἰωδαὲ
280 363 297 428 5
312 362 402 449 ίερεδς
415 359 432 426 5
447 362 562 447 άρχων,
587 365 639 426 καὶ
655 365 706 426 ἐπὶ
722 368 775 446 τῆς
807 363 896 436 λαάδ,
907 359 1031 426 Ἰαδαῒὸ
1044 369 1098 427 τοῦ
1109 366 1254 427 Ζαδαίου.
1268 376 1333 438 τοῖς
1345 369 1418 442 vioe<

167 450 333 530 διαιρέσεως
351 444 448 511 αὐτοῦ
467 447 557 509 είκοσι
575 447 626 509 καί
638 447 775 529 τέσσαρες
807 447 957 527 Βενιαμίν,
967 444 1172 529 Ἰασιῆλὸτοῦ
1181 443 1330 533 Ἀβεννῆρ.
1340 450 1418 532 22τῷ

166 528 299 618 χιλιάδες.
324 526 446 603 ὓαὐτὸς
458 531 599 602 Βαναίας
613 523 629 591 5
643 523 774 591 δυνατώ-
808 526 888 602 Δάν,
908 527 1047 614 Ἄζαριῆλ
1064 525 1082 592 5
1102 534 1157 594 τοῦ
1180 524 1298 614 ’Ῑρωάβ
1331 523 1418 597 οὗτοι

166 641 250 699 τερος
263 616 323 677 τῶν
332 607 493 697 τριάκοντα
503 613 612 675 καὶέπὶ
622 614 681 673 τῶν
690 606 773 694 τριά-
807 607 987 695 πατριάρχαι
999 615 1060 675 τῶν
1073 612 1176 690 φυλαῖν
1186 609 1315 714 Ἰσραῆλ.
1329 614 1359 655 23
1366 616 1419 678 καί

165 722 266 761 κοντα.
294 697 344 760 καὶ
363 697 412 758 ἐπὶ
429 698 482 777 τῆς
500 695 666 777 διαιρέσεως
678 692 774 758 αὐτοῦ
807 691 864 758 οὐκ
884 694 975 780 ἔλαβε
988 696 1084 759 Δαυίδ
1101 691 1154 758 τὸν
1172 692 1305 778 άριθμον
1317 693 1419 762 αὐτῶν

166 779 274 867 Ζαβάδ
287 776 304 843 5
319 774 383 852 υἱὸς
396 774 500 841 αὐτοῦ.
525 778 538 819 ⁷
552 775 569 840 5
583 779 724 879 τέταρτος
736 780 775 851 εἰς
808 775 870 840 άπὸ
889 782 1072 851 είκασαετοῦς
1094 780 1146 841 καὶ
1163 774 1261 850 κάτω,
1289 774 1338 842 δτι
1354 779 1418 847 εἶπε

164 862 218 929 τὸν
230 868 307 945 μῆνα
319 860 373 925 τὸν
385 862 528 945 τέταρτον
535 857 649 942 Ἀσαῆλ
659 885 677 923 ο
688 857 775 923 ἀδελ-
807 856 908 944 κίιριος
919 859 1074 942 πληῦῦναι
1087 858 1140 926 τὸν
1156 857 1278 944 Ἰσραῆλ
1292 858 1333 935 ὡς
1344 861 1417 939 τοὺς

167 944 222 1029 φὸς
232 944 339 1031 Ἰωάβ,
361 944 413 1008 καί
426 943 580 1029 Ζαβαδίας
594 940 655 1018 υῖδς
668 940 774 1018 αὐτοῦ,
807 941 938 1027 ἀστέρας
948 945 1006 1006 τοῦ
1020 941 1159 1027 οὐρανοῦ.
1186 945 1218 986 23
1231 945 1282 1007 καί
1294 942 1416 1031 ’Ῑωάβὸ

166 1032 217 1094 καί
230 1032 261 1093 σί
273 1026 405 1108 ἀδελφοί,
418 1028 469 1091 καί
483 1027 534 1090 ἐπὶ
546 1030 598 1109 τῆς
611 1027 775 1107 διαιρέσεως
806 1029 862 1090 τοῦ
878 1028 1019 1110 Σαρουΐα
1042 1027 1154 1112 ἤρξατο
1172 1023 1308 1111 ἀριθμεῖν
1324 1030 1355 1090 ἐν
1371 1034 1417 1113 τῷ

166 1111 261 1177 αὐτοῦ
274 1113 363 1175 εἴκοσι
377 1111 428 1173 καί
439 1111 577 1193 τέσσαρες
588 1107 720 1193 χιλιάδες.
734 1107 772 1172 ⁸5
806 1109 888 1191 λαῷ,
913 1110 963 1173 καί
980 1107 1016 1173 οὐ
1036 1109 1206 1174 συνετέλεσε.
1233 1112 1286 1173 καί
1301 1114 1415 1187 ἐγένετο

165 1198 300 1278 πέμπτος
312 1198 358 1277 τῷ
368 1195 436 1297 μηνὶ
448 1197 493 1275 τῷ
505 1195 631 1275 πέμπτῳ
649 1188 667 1256 5
681 1189 773 1275 ῆγσά-
807 1197 838 1256 έν
855 1187 971 1267 τούτοις
987 1189 1060 1277 ὀργῆ
1079 1194 1129 1257 έπὶ
1146 1190 1283 1277 Ἰσραῆλ,
1308 1198 1359 1259 καὶ
1375 1194 1414 1259 οὗ

164 1305 250 1360 μενος
262 1286 406 1360 Σαμαωθ
418 1272 572 1360 ὁἸεσραὲ,
595 1277 647 1338 καί
660 1278 710 1339 ἐπὶ
722 1279 775 1358 τῆς
807 1281 1012 1359 κατεχωρίσθη
1026 1274 1044 1340 5
1058 1271 1187 1361 ἀριθμὸς
1199 1280 1230 1339 έν
1241 1275 1347 1362 βιβλίῳ
1360 1275 1415 1342 λό-

165 1363 331 1448 διαιρέσεως
349 1358 445 1423 αὐτοῦ
463 1359 554 1423 εἴκοσι
572 1359 624 1421 καί
639 1360 775 1442 τέσσαρες
806 1383 867 1435 γων
879 1363 939 1421 τῶν
952 1355 1065 1444 ἡμερῶν
1077 1364 1131 1424 τοῦ
1149 1359 1294 1444 βασιλέως
1305 1364 1413 1426 Δαυίδ.

164 1447 297 1529 χιλιάδες.
325 1438 471 1516 2ὁέκτσς
487 1445 532 1522 τῷ
549 1442 617 1523 μηνί
633 1445 676 1521 τῷ
697 1445 773 1523 ἕκτῳ
806 1442 836 1484 23
849 1443 899 1504 καί
925 1443 976 1505 ἐπὶ
996 1449 1058 1506 τῶν
1073 1445 1238 1524 θησαυρῶν
1254 1447 1310 1506 τοῦ
1327 1447 1413 1529 βασι-

166 1529 305 1600 Ὁδουίας
318 1520 540 1603 ὃτοῦἘκκῆςὸ
556 1524 774 1604 Θεκωίτης,καί
806 1524 890 1599 λίως,
902 1519 1027 1607 Ἀσμάθ
1045 1522 1063 1591 5
1082 1529 1138 1588 τοῦ
1152 1523 1273 1607 Ὀδιῆλ,
1300 1527 1350 1589 καί
1363 1531 1414 1592 ἐπὶ

165 1612 217 1675 ἐπὶ
240 1613 293 1693 τῆς
317 1606 483 1711 διαιρέσεως
505 1603 603 1670 αὐτοῦ
619 1606 706 1669 είκοσι
724 1607 775 1670 καί
807 1612 867 1670 τῶν
891 1613 1055 1709 θησαυρῶν
1078 1612 1139 1670 τῶν
1162 1611 1192 1670 ἐν
1213 1607 1296 1693 άγρῷ
1315 1611 1366 1674 καί
1381 1614 1414 1674 έν

165 1697 303 1779 τέσσαρες
314 1690 447 1774 χιλιαδες.
462 1684 517 1752 ²⁰5
531 1690 654 1791 ἕβδομος
666 1693 711 1770 τῷ
722 1715 773 1772 μη·
806 1700 872 1764 ταῖς
890 1715 1001 1772 κωμαις
1018 1693 1069 1755 καὶ
1087 1695 1117 1754 έν
1129 1702 1193 1765 τοῖς
1206 1694 1349 1766 ε’ποικίοις
1362 1695 1414 1758 καί

165 1779 194 1842 νὶ
212 1780 255 1859 τῷ
273 1771 388 1861 ἑβδόμῳ
403 1768 522 1856 Χελλῆς
543 1798 561 1836 ο
580 1776 612 1836 ἐκ
633 1772 773 1847 Φαλλοῡς
807 1777 910 1847 ἐντοῖς
918 1769 1412 1858 πάργοιςἸωνάθανὃτοῦὈζιόυ.

166 1858 229 1926 άπὸ
248 1864 308 1923 τῶν
328 1861 400 1921 υἱῶν
415 1853 559 1940 Ἐφραίμ,
581 1856 633 1919 καὶ
650 1858 700 1920 ἐπὶ
722 1860 773 1938 τῆς
806 1857 836 1898 23
849 1858 900 1920 καί
922 1858 1050 1922 ἐπὶτῶν
1065 1854 1272 1938 γεωργούντων
1287 1856 1340 1938 τῆν
1355 1863 1413 1941 γῆν

165 1944 329 2025 διαιρέσεως
346 1937 441 2004 αὐτοῦ
461 1940 549 2003 εἴκοσι
567 1940 618 2002 καί
635 1941 774 2019 τέσσαρες
806 1944 866 2004 τῶν
885 1942 1084 2024 ἐργαζομένων
1090 1989 1098 2018 ,
1121 1939 1221 2025 Ἕσδρί
1237 1936 1254 2002 5
1274 1944 1328 2003 τοῦ
1346 1947 1410 2004 Xe-

166 2021 297 2111 χιλιάδες.
311 2021 360 2087 ¹¹5
372 2021 481 2099 ι’)’γδοος
490 2026 535 2106 τῷ
543 2022 665 2105 μηνὶτῷ
674 2019 773 2104 ὀγδόῳ
806 2018 890 2108 λοάβ.
915 2025 945 2065 27
959 2025 1009 2088 καί
1023 2026 1073 2087 ἐπὶ
1086 2029 1146 2088 τῶν
1164 2028 1278 2108 χωρίων
1289 2020 1410 2106 Σεμεῒδ

166 2107 317 2195 Σοβοχαῒ,
342 2102 360 2170 5
381 2103 503 2170 Οῧσαθὶ
519 2110 564 2189 τῷ
582 2105 697 2211 Ζαραῒ,
723 2107 773 2169 καί
806 2103 956 2188 ἒκῬαῆλ,
975 2108 1025 2170 καὶ
1038 2109 1088 2171 ἐπὶ
1101 2112 1161 2171 τῶν
1172 2112 1339 2191 θησαυρῶν
1350 2111 1412 2170 τῶν

167 2193 217 2255 ε’πί
241 2195 294 2274 τῆς
317 2190 483 2292 διαιρέσεως
499 2186 594 2254 αὐτοῦ
613 2213 705 2254 εικοσι
721 2189 774 2254 καὶ
806 2191 837 2251 έν
849 2200 912 2264 τοῖς
923 2195 1041 2274 χωρίοις
1053 2194 1109 2254 τοῦ
1119 2191 1210 2263 οἴνου,
1222 2186 1412 2278 Ζαβδίὸτοῦ

165 2279 300 2360 τέσσαρες
311 2273 442 2357 χιλεαδες.
455 2269 506 2337 ¹²5
520 2275 640 2348 έννατος
652 2277 697 2355 τῷ
704 2273 774 2357 μηνὶ
804 2277 906 2352 Σεφνί.
933 2273 964 2315 23
977 2274 1029 2337 καὶ
1043 2275 1092 2338 ἐπὶ
1104 2277 1165 2337 τῶν
1177 2270 1342 2347 ἐλαιῶνων.
1359 2278 1414 2340 καὶ

164 2361 211 2440 τῳ
228 2355 340 2440 έννάτιρ
361 2355 486 2464 Ἀβιεζερ
504 2352 522 2420 5
545 2359 576 2433 ἐξ
588 2355 738 2420 Ἀναθὼθ
755 2353 772 2418 5
806 2357 856 2419 ἐπὶ
868 2359 928 2419 ταῖν
946 2362 1112 2441 συκαμίνων
1124 2361 1184 2421 τῶν
1203 2361 1233 2421 έν
1244 2363 1282 2447 τῆ
1294 2361 1410 2449 πεδινῇ,

166 2444 197 2504 ἐκ
214 2450 267 2525 γῆς
280 2447 435 2525 Βενιαμιν,
460 2441 512 2505 καί
529 2441 579 2504 ἐπὶ
597 2445 650 2524 τῆς
662 2440 773 2525 διαιρέ-
805 2437 973 2503 Βαλλανάν
992 2437 1008 2504 5
1027 2445 1061 2503 Γ
1057 2442 1204 2525 εδωρίτης,
1235 2444 1286 2506 ἐπί
1301 2443 1333 2506 δὲ
1353 2446 1412 2504 των

167 2551 238 2600 σεως
251 2524 347 2590 αὐτοῦ
363 2529 503 2611 τέσσαρες
515 2525 566 2588 καί
578 2523 668 2587 εἴκοσι
679 2520 773 2608 χιλιά-
805 2527 970 2607 θησαυρῶν
988 2528 1044 2588 τοῦ
1062 2524 1175 2601 ἐλαίου,
1200 2522 1292 2599 Ἰωοίς.
1317 2527 1347 2567 23
1361 2527 1412 2588 καί

166 2610 218 2683 δες.
244 2610 271 2650 23
286 2605 303 2672 5
321 2609 444 2682 δέκατος
462 2613 506 2689 τῷ
518 2607 586 2690 μηνὶ
600 2611 644 2688 τῷ
657 2602 772 2689 δεκάτῳ
805 2607 855 2670 ἐπὶ
871 2610 928 2669 τῶν
939 2610 1020 2692 βοῶν
1032 2611 1092 2671 τῶν
1104 2603 1240 2689 νομάδων
1252 2612 1313 2672 τῶν
1325 2612 1357 2672 έν
1366 2611 1410 2690 τῷ

166 2690 276 2775 Μεηρά
289 2688 307 2755 5
320 2694 352 2754 ἐκ
362 2692 535 2769 Νετωιςαθὶ
546 2694 590 2771 τῷ
599 2689 708 2772 Ζαραῒ,
722 2691 773 2752 καί
804 2689 926 2770 Σαρών,
940 2690 1064 2774 Σατραῒ
1073 2686 1091 2754 5
1100 2696 1283 2775 Σαρωνίτης.
1296 2692 1348 2756 καὶ
1360 2693 1412 2756 ἐπὶ

165 2777 216 2837 ἐπὶ
240 2777 292 2856 τῆς
314 2774 481 2855 διαιρέσεως
498 2770 594 2834 αὐτοῦ
613 2772 704 2835 εἴκοσι
722 2773 772 2834 καὶ
806 2777 865 2835 τῶν
877 2775 957 2857 βοῶν
969 2777 1029 2837 τῶν
1041 2775 1072 2836 έν
1084 2786 1147 2849 τοῖς
1159 2772 1279 2852 αὖλῶσι,
1292 2773 1411 2855 Σωφάτ

165 2860 304 2938 τέσσαρες
319 2852 452 2960 χιλιάδες.
478 2849 539 2916 ¹⁴5
557 2854 711 2929 ἑνδέκατος
728 2859 773 2937 τῷ
804 2850 821 2918 5
835 2858 892 2918 τοῦ
903 2853 993 2920 Ἀδλί.
1033 2858 1064 2901 30
1077 2860 1126 2923 ἐπί
1144 2857 1176 2923 δὲ
1189 2861 1249 2921 τῶν
1261 2853 1410 2939 καμῆλων,

165 2941 234 3023 μηνὶ
251 2943 295 3021 τῷ
314 2932 456 3019 ενδεκάτῳ
469 2936 609 3011 Βαναίας
627 2934 688 3001 ὁέκ
705 2941 772 3000 Φα-
798 2936 899 3024 Ἀβίας
911 2936 1132 3024 ὁἸσμαηλίτης.
1147 2942 1197 3005 ἐπί
1210 2939 1241 3004 δὲ
1251 2945 1310 3005 τῶν
1321 2941 1409 3016 ὄνων,

166 3021 272 3107 ραθών
289 3023 320 3082 έκ
335 3025 393 3082 τῶν
405 3024 476 3083 υἱῶν
490 3017 633 3102 Ἐφραίμ,
659 3022 711 3085 καὶ
722 3023 772 3085 ἐπὶ
800 3019 912 3095 Ἰαδίας
925 3019 942 3086 ὁ
956 3025 987 3085 ἐκ
998 3024 1162 3108 Μεραθυίν.
1185 3025 1213 3065 32
1225 3027 1276 3088 καὶ
1288 3026 1410 3089 ἐπὶτῶν

165 3109 218 3187 τῆς
237 3104 404 3185 διαιρέσεως
422 3100 516 3166 αὐτοῦ
534 3105 622 3168 εἴκοσι
640 3105 692 3168 καὶ
703 3107 772 3168 τέσ-
802 3100 975 3212 προβάτων,
985 3104 1076 3183 ’lactc
1086 3103 1275 3186 ὃἈγαρίτης.
1301 3102 1409 3178 πάντες

165 3212 250 3270 σαρες
262 3183 394 3270 χιλιάδες.
418 3187 444 3229 ¹⁵
458 3182 476 3250 5
490 3186 656 3263 δωδέκατος
667 3192 706 3262 εἰς
719 3184 772 3252 τὸν
803 3212 886 3252 ουτοι
909 3216 934 3253 π
954 3185 1073 3264 οςτάται
1097 3181 1289 3267 ὑπαρχόντων
1309 3188 1408 3247 Δαυίδ

165 3275 244 3352 μῆνα
257 3267 310 3334 τὸν
318 3271 495 3346 δωδέκατον,
507 3267 653 3336 Χολδίαδ
665 3274 699 3334 ἐκ
709 3275 772 3335 Νε-
803 3276 859 3337 τοῦ
870 3215 1021 3356 βασίλίως.
1047 3272 1077 3313 32
1089 3269 1140 3331 καί
1151 3261 1301 3331 Ἰωνάθου
1312 3263 1330 3329 ὁ
1344 3291 1405 3329 πα-

165 3355 292 3434 τωῳαθί
316 3357 361 3436 τῷ
378 3352 546 3438 Γοθονιῆλ,
572 3357 622 3419 καὶ
646 3355 697 3419 ἐπὶ
721 3358 771 3436 τῆς
804 3351 1074 3441 τράδελφοςΔαυὶδ
1085 3347 1264 3438 σύμβουλος,
1284 3347 1406 3437 άνδρω-

165 3438 332 3518 διαιρέσεως
351 3435 446 3502 αὐτοῦ
462 3438 552 3502 εἴκοσι
566 3439 618 3501 καὶ
633 3440 772 3521 τέσσαρες
803 3464 861 3514 πος
881 3432 1004 3512 συνετός.
1029 3438 1080 3502 καί
1102 3434 1179 3522 Ἰεῆλ
1197 3430 1214 3499 5
1234 3438 1290 3499 τοῦ
1303 3433 1407 3517 Ἀχαμί

164 3518 296 3606 χιλιάδες.
323 3523 415 3585 13καὶ
440 3522 567 3585 ἐπὶτῶν
584 3521 688 3602 φυλῶν
710 3519 772 3584 Ἰσ-
802 3519 875 3604 μετά
888 3528 949 3587 τῶν
962 3526 1034 3587 υἱῶν
1046 3526 1102 3587 τοῦ
1114 3519 1265 3609 βασιλέως.
1292 3516 1408 3601 33Ἀχι-

167 3602 260 3690 ραῆλ,
285 3608 329 3687 τῷ
348 3599 475 3690 Ῥουβῆν
501 3599 655 3686 ῆγοάμενος
676 3601 772 3668 Ἐλιέ-
804 3602 896 3685 τόφελ
922 3601 1086 3691 σύμβουλος
1103 3609 1159 3669 τοῦ
1176 3602 1333 3689 βασιλέως,
1359 3602 1408 3664 καί

166 3689 212 3773 ζερ
225 3685 242 3751 5
255 3691 311 3751 τοῦ
324 3692 420 3771 Ζεχρί.
446 3691 492 3769 τῷ
504 3684 641 3768 Συμεών,
661 3693 770 3768 Σαφα-
804 3690 906 3754 Χουσὶ
922 3684 940 3751 5
953 3694 1076 3772 πρῶτος
1088 3688 1174 3769 φιλος
1186 3689 1242 3749 τοῦ
1253 3685 1405 3780 βασιλέως.

166 3777 232 3845 σίας
246 3769 263 3834 5
275 3774 332 3833 τοῦ
346 3765 476 3853 Μααχά.
495 3772 522 3811 ¹⁷
531 3775 576 3851 τῷ
586 3773 672 3845 Λευὶ,
680 3768 772 3835 Ἀσα-
804 3772 835 3813 ³⁴
848 3772 900 3835 καί
915 3769 988 3850 μετά
1005 3776 1115 3835 τοῦτον
1132 3761 1286 3849 Ἀχιτόῳελ
1307 3767 1405 3860 έχομη·

166 3857 233 3938 βίας
246 3850 263 3914 ὁ
277 3855 333 3914 τοῦ
344 3849 498 3935 Καμουῆλ.
514 3858 558 3935 τῳ
565 3851 692 3939 Ἀαρών,
704 3860 771 3918 Σα-
803 3878 851 3926 νος
860 3850 966 3916 Ἰωδαὲ
978 3847 995 3914 5
1009 3858 1064 3916 τοῦ
1077 3855 1227 3919 Βαναίου,
1246 3846 1296 3907 καὶ
1306 3840 1409 3927 Ἀβια-

167 3932 236 3999 δώκ.
262 3934 291 3975 ¹⁸
305 3937 349 4014 τῷ
364 3931 478 4015 Ἰούδᾳ,
497 3933 772 4023 Ἐλιάβτώνάδελ
803 3944 880 4019 θαρ,
906 3934 958 3996 καὶ
980 3931 1073 4019 Ἰωάβ
1093 3922 1327 4017 ἀρχιστράτηγος
1352 3932 1409 3991 τοῦ

167 4021 233 4098 φῶν
250 4017 356 4080 Δαυίδ.
387 4021 432 4100 τῷ
452 4014 609 4106 Ἰσσάχαρ,
630 4017 734 4104 Ἀμβρί
753 4015 771 4082 5
801 4015 952 4103 βασιλέως.

165 4103 221 4163 τοῦ
239 4097 371 4182 Μιχαῆλ.
398 4101 426 4142 ¹⁹
439 4106 483 4184 τῷ
505 4101 681 4188 Ζαβουλὼν,
705 4107 772 4163 Σα-
982 4100 1104 4161 ΚΕΦ.
1148 4087 1235 4156 KH'.

164 4183 257 4287 μαίας
275 4179 292 4244 5
310 4186 367 4246 τοῦ
386 4180 515 4268 Ἀβδίου.
546 4190 589 4268 τῷ
615 4183 772 4263 Νεσθαλί,
802 4147 888 4246 Καὶ
901 4171 1408 4261 έξεκκλησίασεΛαυὶδπάνταςτοδς

173 4261 304 4350 Ιεριμιδθ
316 4261 334 4329 5
347 4270 403 4330 τοῦ
413 4263 524 4351 Ὀζιῆλ.
542 4270 622 4350 23τῷ
631 4264 772 4351 Ἐφραίμ,
803 4263 950 4348 άρχοντας
966 4258 1089 4344 Ἰσραῆλ
1106 4260 1250 4365 άρχοντας
1270 4264 1330 4323 τῶν
1343 4286 1408 4344 κρι-

163 4344 243 4430 Ὠσῆ
263 4344 280 4412 5
297 4353 354 4414 τοῦ
367 4347 481 4426 Ὀζίου.
508 4353 554 4433 τῷ
570 4348 661 4432 ῆμίσει
679 4349 772 4434 φυλῆς
803 4351 876 4423 τῶν,
901 4346 953 4408 καί
970 4344 1086 4418 πάντας
1102 4370 1174 4417 τους
1192 4342 1336 4427 άρχοντας
1348 4347 1409 4405 τῶν

166 4437 335 4516 Μανασσῆ,
350 4430 439 4514 Ἶωῆλ
453 4432 516 4507 υίὸς
529 4435 661 4496 ψαδαΐα.
688 4435 716 4474 ²¹
727 4437 773 4514 τῷ
804 4432 964 4513 έρημεριῶν
980 4432 1040 4492 τῶν
1052 4429 1122 4512 περὶ
1140 4427 1176 4492 τὸ
1190 4432 1273 4506 σῶμα
1287 4430 1341 4488 τοῦ
1351 4429 1408 4508 βα-

165 4519 259 4600 ῆμίσει
276 4515 369 4601 φυλῆς
382 4519 535 4598 Μανασσῆ
552 4520 596 4598 τῷ
609 4519 641 4581 έν
651 4517 692 4612 γῆ
705 4516 773 4578 ra·
803 4513 921 4591 σιλὲως,
946 4514 998 4578 καί
1024 4510 1169 4597 ἄρχοντας
1194 4514 1255 4575 τῶν
1271 4504 1410 4651 χιλιάδωη

1358 4613 1397 4651 κα
