2924 4972
302 237 594 300 ΒΑΣΙΛΕΙΩΝ
622 235 802 301 mum
840 237 917 311 Κεφ.
931 234 966 294 ν’.
979 241 1037 297 ια’.
1056 234 1106 299 λθ.
1117 239 1169 308 21.
1300 232 1365 297 295

118 349 195 434 ὀργῆ
215 347 320 413 Σαοὺλ
343 349 395 412 ἐπὶ
417 344 570 414 Ἰωνάθαν
592 344 721 432 σφόδρα,
753 342 840 450 ρεάου
853 350 892 422 είς
904 342 1035 451 είρηνην,
1054 346 1105 408 ναί
1118 342 1160 419 ὡς
1171 341 1363 428 ὀμωμόκαμεν

116 423 361 514 ναίλίπεναύτῷ.
401 429 448 493 υἱὲ
467 436 617 516 ιιορασίων
630 427 723 495 αὖτο-
772 441 833 513 μείς
857 426 1023 514 ἆμςοτεροι
1049 429 1080 493 έν
1105 423 1229 510 ὀνόματι
1251 434 1363 514 κυρίου,

117 508 307 598 ρολοόντων,
332 510 440 618 οὐγὰρ
460 511 529 581 οἶδα
540 507 587 578 ότι
600 515 723 598 μέτοχος
780 517 788 538 ’
803 536 894 589 οντες,
919 507 1022 598 νόρως
1035 512 1119 577 ἔσται
1130 505 1242 596 μάρτυς
1253 509 1361 593 ἇναμέ-

116 597 146 672 ,εί
155 593 191 662 σά
204 600 249 679 τῷ
262 599 320 678 υἶῷ
328 593 437 661 Ἰεσσιιι
450 599 489 671 είς
502 591 645 680 αἰσχύνην
658 621 722 671 σου,
754 620 805 661 σον
823 598 894 676 ἐμοῦ
909 597 960 662 ναὶ
978 600 1051 671 σοῦ,
1077 597 1128 660 ναὶ
1142 591 1290 676 άνομέσον
1307 594 1362 659 τοῦ

117 682 217 755 καίείς
229 677 368 762 αἰσχύνην
379 675 601 784 άποιιαλόριεως
611 672 724 763 μητρός
755 671 922 761 σπέρματός
946 703 1020 761 μου,
1054 679 1105 745 ιιαὶ
1130 675 1281 760 άναμέσον
1307 678 1363 743 τοῦ

117 789 188 842 σονς
214 763 241 805 ³¹
255 757 302 826 ότι
322 757 424 838 πάσας
444 762 497 837 τάς
520 764 628 847 ημέρας
647 755 723 836 ἃςδ
755 755 922 842 σπέρματός
948 785 1002 825 σου
1026 764 1081 836 ἕως
1106 765 1222 836 αἰῶνος.
1261 761 1293 802 *3
1310 754 1363 824 ναί

115 844 178 921 υίὸς
187 844 299 912 Ἰεσσαὶ
311 846 344 948 (ij
357 845 407 910 έπί
421 849 471 920 τ”ς
482 850 550 928 γῆς,
578 842 633 929 οὐχ
645 845 723 908 ἕτοι-
755 840 866 924 ἀνέστη
879 844 978 908 Δανίδ
988 844 1039 907 καί
1049 840 1179 927 ἀπῆλθε,
1193 845 1245 912 ιιαί
1255 836 1361 912 Ἰωνά

468 934 475 954 Ι

115 922 343 1011 μασθηοεταιη
381 954 422 993 ασ
463 955 496 993 ια
513 955 577 994 σου,
604 913 724 993 νῦνοάν
754 936 819 992 θαν
831 923 962 1008 είςῆλθεν
972 930 1013 1000 είς
1024 921 1077 1008 τὴν
1088 922 1183 992 πόλιν.

116 1009 302 1115 ἀποστείλας
336 1007 444 1078 ἐτὸν
457 1018 582 1087 νεανίαν,
596 1006 644 1076 ότι
658 1006 724 1085 υίδς
934 1012 968 1072 K
979 1014 1009 1070 Β
1022 1013 1061 1070 Φ.
1104 1005 1191 1073 ΚΑ’.

115 1087 254 1159 θανάτου
265 1118 364 1170 ουτος.
390 1095 419 1135 ³²
431 1097 482 1158 ναί
494 1092 643 1195 ἀπεκρίθη
652 1091 722 1156 Ἰω·
756 1056 843 1157 Καὶ
861 1094 977 1176 ἔρχεται
989 1090 1090 1155 Δαυὶδ
1106 1094 1145 1164 είς
1158 1095 1268 1178 Νομβᾶ
1286 1090 1363 1177 πρὸς

117 1174 273 1259 νάθαντῷ
283 1171 398 1241 Σαοόλ.
426 1180 505 1241 ίνατί
516 1175 721 1257 ἀποθνηονει·
753 1171 762 1193 ’
806 1172 901 1258 ιμέλεχ
920 1170 974 1238 τὸν
992 1174 1081 1272 ίερέα.
1107 1174 1159 1236 καί
1173 1172 1364 1280 ίξέστηἈβι.

116 1265 147 1324 τί
157 1266 316 1341 πεποίηκεν
320 1287 332 1337 ,·
358 1259 388 1300 33
400 1261 452 1324 ναί
469 1263 558 1360 ἐπῇρε
569 1255 676 1323 Σαοὺλ
686 1222 722 1320 τδ
857 1260 894 1352 τῇ
909 1252 1070 1339 άπαντησει
1083 1249 1196 1330 αὐτοῦ,
1219 1280 1271 1323 ναι
1287 1255 1365 1322 εἶπεν

115 1337 188 1427 δόρυ
211 1339 427 1407 έπίἸωνάθαν
455 1365 509 1405 του
543 1342 723 1408 θανατῶσαι
757 1336 853 1424 αὐτῷ,
877 1344 908 1404 τί
929 1334 979 1405 ότι
1004 1333 1042 1404 σά
1088 1331 1171 1412 όνος,
1196 1348 1248 1401 καί
1265 1334 1367 1415 οὐθείς

116 1423 219 1498 αὐτὸν,
245 1424 297 1487 καί
309 1426 386 1501 ἔγνω
403 1418 556 1489 Ἰωνάθαν
566 1418 613 1487 ότι
627 1445 723 1487 συντε»
755 1419 831 1505 μετά
847 1425 920 1500 σοῦς
944 1421 1024 1486 2ιιαί
1041 1365 1103 1485 ελάιε
1115 1419 1212 1485 Δαυίδ
1230 1424 1276 1504 τῷ
1289 1423 1365 1507 ίερεϊ.

117 1507 254 1572 τελεσται
267 1501 284 1590 ἢ
297 1511 388 1569 ιιαιιία
406 1502 483 1587 αότη
496 1504 580 1592 παρά
593 1508 652 1570 τοῦ
663 1531 722 1571 παν
755 1500 922 1591 ὅβασιλεὺς
939 1502 1113 1570 έντέταλταί
1120 1527 1171 1585 μοι
1184 1505 1265 1588 ῥῆμα
1278 1501 1362 1589 σημε-

118 1585 191 1712 τρδς
217 1585 312 1651 αὐτοῦ
337 1594 514 1654 θανατῶσαι
539 1587 593 1654 τόν
616 1588 722 1654 Δαυίδ.
793 1612 823 1663 ν,
849 1589 902 1653 ναί
917 1584 1057 1733 εἷπέχιοι.
1085 1586 1182 1670 μηδείς
1204 1580 1310 1664 γνάτω
1327 1584 1364 1652 τό

119 1673 134 1711 ³
165 1666 402 1754 ιιαὶάνεπηδηοεν
417 1665 565 1737 Ἰωνάθου
590 1667 723 1754 ἀπάτης
754 1613 833 1773 δόμα
848 1672 915 1756 περί
932 1659 971 1735 οὗ
1002 1665 1047 1748 γά
1066 1666 1246 1735 ἀποστέλλω
1264 1695 1294 1736 σε
1312 1667 1362 1737 ναί

117 1754 263 1837 τραπέζης
273 1755 303 1817 έν
313 1751 388 1848 ὀργῇ
397 1760 507 1838 θυμοῦ,
517 1756 569 1820 ναί
582 1750 638 1819 οὖν
647 1757 723 1835 ἔφα-
755 1753 813 1818 υπὲ
844 1744 882 1818 οὗ
895 1750 954 1832 έγάν
971 1751 1147 1837 έντέταλμοί
1157 1777 1221 1829 σοι,
1234 1754 1287 1819 ναί
1299 1765 1363 1832 τοῖς

114 1861 164 1914 γεν
177 1838 208 1899 έν
219 1840 257 1937 τη”
268 1837 390 1943 δευτέρη
403 1841 461 1902 τοῦ
469 1836 559 1922 μηνὸς
570 1835 673 1942 ἄρτον,
687 1833 723 1901 δ’·
753 1778 926 1923 παιδαρίοις
955 1831 1225 1922 διαμεμαρτύρημαι
1257 1838 1289 1904 έν
1318 1841 1364 1920 τῷ

116 1946 144 1984 τι
157 1922 318 2002 έθραυσθη
331 1922 382 1985 έπι
395 1918 448 1986 τόν
457 1921 564 1996 Δαυὶδ,
578 1945 627 1985 οτι
641 1944 722 1985 ουνε-
755 1914 840 2004 τόπῳ
860 1924 904 2003 τῷ
916 1919 1064 2003 λεγομένῳ
1082 1923 1159 1984 θεοῦ
1172 1924 1270 1997 πίστις
1283 1920 1359 1987 Φιλ-

115 2002 225 2068 τελεοεν
249 1999 294 2067 ἐπ’
322 2003 417 2068 αὐτὸν
444 1999 462 2068 ὁ
485 2002 568 2087 πατίχ
612 2001 720 2069 αὐτοῦ.
754 2001 822 2068 λανί
835 2008 991 2087 Μαεμωνί.
1015 2002 1093 2068 3ιιαί
1108 2005 1159 2067 νῦν
1177 2005 1285 2069 είείσὶν
1298 1998 1359 2068 ὑπὸ

115 2086 143 2128 33
156 2087 206 2149 καί
218 2080 340 2188 ἐγενηθη
357 2086 442 2172 πρωῒ
455 2088 508 2151 καί
519 2030 643 2171 ἐξῆλθεν
653 2082 722 2149 ’Ico-
754 2086 808 2168 την
818 2081 900 2173 χεῖρά
913 2112 968 2152 σου
979 2087 1065 2150 πέντε
1077 2083 1174 2172 άρτοι,
1187 2084 1239 2162 δὸς
1251 2090 1290 2162 είς
1302 2098 1360 2171 χεί-

115 2163 213 2233 νάθαν
225 2172 264 2244 είς
282 2165 392 2255 αγρὸν,
416 2166 520 2246 καθώς
539 2166 668 2246 ἐτάξατο
682 2173 721 2244 είς
754 2166 794 2254 ρά
806 2196 863 2252 μου
877 2167 913 2235 τὸ
927 2166 1055 2255 εὑρεθέν.
1082 2167 1098 2211 ⁴
1110 2171 1162 2233 ναί
1174 2166 1328 2255 ἀπεκρίθη
1341 2167 1359 2232 ὁ

113 2249 151 2316 τὸ
171 2248 335 2355 μαρτύριον
353 2253 460 2328 Δανίδ,
485 2255 537 2317 ναί
555 2247 720 2338 παιδάριον
755 2249 843 2339 ἲερεὺς
854 2256 899 2335 τῷ
910 2252 1020 2329 Ααυὶδ,
1041 2255 1093 2317 ναί
1105 2251 1191 2318 εἶπεν.
1218 2250 1275 2317 οόιι
1290 2253 1361 2318 εἰσιν

113 2334 218 2420 μικρὸν
228 2358 281 2418 μετ
305 2332 410 2442 aare}
423 2336 505 2401 33ιιαί
516 2335 578 2402 εἷπε
591 2339 636 2418 τῷ
647 2361 718 2401 παι-
753 2334 775 2399 ά
796 2361 841 2401 τοι
852 2335 971 2423 βέβηλοι
985 2331 1046 2401 ὑπὸ
1060 2332 1113 2419 την
1125 2332 1206 2422 χεῖρά
1218 2361 1287 2420 μου,
1312 2330 1361 2401 ότι

113 2417 220 2499 δαρίῳ.
245 2411 346 2500 δράμε,
371 2421 438 2503 ενρέ
449 2444 500 2500 μοι
512 2417 567 2494 τάς
579 2421 677 2503 σχίζας
689 2421 721 2483 έν
752 2362 816 2484 ἀλλ’
830 2416 945 2506 ἢάρτοι
957 2415 1040 2497 όγιοί
1052 2422 1159 2485 είσιν.εί
1170 2419 1359 2500 πεφυλαγμέ-

113 2495 163 2571 αίς
176 2495 235 2574 ἐγὼ
253 2495 408 2575 ἀκοντίζω.
445 2503 497 2565 καί
511 2500 547 2566 τὸ
560 2496 719 2586 παιδάριον
752 2526 789 2567 να
800 2500 839 2567 τά
852 2498 996 2586 παιδάρια
1015 2502 1079 2565 ε’στί
1091 2497 1168 2581 πλὴν
1182 2498 1244 2564 άπὸ
1256 2525 1358 2576 γυναι-

114 2583 232 2664 ἑδραμε,
249 2582 300 2644 καὶ
316 2578 407 2657 αὐτὸς
426 2578 559 2684 ηνόντισε
574 2588 614 2689 τη
630 2586 719 2677 οχδζη,
751 2581 804 2661 νὸς
816 2587 868 2650 καὶ
878 2582 1011 2667 ιγάγεται.
1026 2585 1095 2647 3οιαὶ
1105 2582 1235 2667 άπειιρίθ
1264 2583 1362 2647 Λαυίδ

112 2664 165 2728 καί
178 2659 351 2747 παρήγαγεν
363 2661 464 2750 αὖτην.
491 2667 520 2709 37
533 2666 584 2732 ναί
595 2665 671 2749 ηλθε
685 2666 719 2733 τὸ
753 2674 795 2751 τῷ
810 2673 891 2755 ίερεῖ,
918 2670 968 2734 καί
985 2665 1064 2731 εἶπεν
1084 2664 1176 2750 αὐτῷ.
1203 2608 1282 2730 ἀλλά
1296 2663 1358 2730 άπὸ

112 2742 276 2828 παιδάριον
293 2751 348 2823 έως
367 2753 423 2812 τοῦ
439 2744 535 2814 τόπου
553 2753 605 2855 της
623 2752 720 2835 σχίζης
751 2752 889 2831 γυναικὸς
906 2747 1101 2838 άπεσχάμεθα
1121 2746 1206 2836 ἐχθές
1224 2751 1275 2817 καί
1296 2757 1359 2833 τρί-

110 2820 149 2894 οά
163 2824 309 2935 ηἰιόντιζεν
319 2826 476 2897 Ἰωνάθου.
503 2832 585 2897 33ναι
597 2830 718 2921 άνεβόη-
753 2862 805 2920 την
820 2833 937 2923 ἡμέραν.
955 2840 985 2900 έν
997 2840 1042 2919 τῷ
1054 2836 1181 2912 ἐξελθεῖν
1192 2859 1225 2916 ιιιε
1236 2839 1275 2910 είς
1287 2832 1360 2900 ὁδὸν

111 2938 157 2979 σεν
175 2908 320 2980 Ιωνάθαν
332 2911 431 2980 ὀπίσω
444 2921 499 2981 τοῦ
511 2921 642 2993 νεανίου,
667 2919 720 2982 ναὶ
751 2921 853 2997 γέγονε
879 2915 980 2984 πάντα
1005 2917 1044 2983 τά
1069 2921 1177 2983 παιδία
1197 2915 1358 3019 ἢγνισρένα,

110 2994 200 3061 εἶπεν.
225 2994 313 3080 ένεῒῆ
332 2999 414 3082 σχίζα
431 2996 496 3064 άπὸ
516 3003 571 3065 σοῦ
584 3001 636 3065 ναί
649 3002 718 3064 έπέ-
752 3003 804 3066 ιιαὶ
817 2998 894 3087 αὕτη
908 2999 926 3087 η
940 2999 1008 3077 ὁδὸς
1020 3002 1158 3090 βέβηλος,
1181 2997 1257 3065 διότι
1271 3026 1357 3078 αγια-

108 3105 198 3144 νεινοι.
223 3081 273 3145 καὶ
286 3075 444 3185 ἀνεβόησεν
453 3079 605 3148 Ἰωνάθαν
617 3080 718 3149 ὀπίσω
752 3080 895 3169 σθησιται
921 3081 1047 3192 σήμερον
1064 3083 1113 3152 διά
1130 3081 1169 3153 τά
1187 3081 1274 3169 ονεόη
1291 3110 1357 3169 μου.

110 3167 166 3228 τοῦ
179 3164 340 3249 παιδαρίου
352 3168 456 3241 αυτοῦ,
470 3165 573 3244 λέγων.
587 3163 718 3251 ταχύνας
751 3168 831 3233 3καί
848 3171 953 3236 έδωιιεν
971 3175 1055 3254 αυτῷ
1067 3169 1215 3257 Ἀβιμέλεχ
1235 3164 1252 3233 ὁ
1268 3166 1358 3255 ἱερεὺς

64 3261 67 3266 ’
111 3250 247 3321 σπεῦσον,
261 3245 365 3330 καὶμὴ
380 3253 459 3336 στῇς.
494 3250 544 3313 ναὶ
558 3247 668 3327 άντλεξε
681 3249 716 3314 τὸ
751 3249 821 3325 τοὺς
833 3251 945 3336 άρτους
957 3259 1009 3356 της
1022 3259 1212 3338 προθέσεως,
1238 3248 1287 3317 ότι
1300 3257 1361 3317 ἐκεῖ

109 3325 269 3413 παιδάριον
285 3322 437 3398 Ἰωνάθαν
456 3330 511 3406 τάς
529 3335 642 3417 σχίζας,
667 3335 717 3397 ναὶ
751 3331 805 3397 οὐκ
819 3321 854 3418 ἦν
868 3334 965 3418 άρτοι,
978 3335 1041 3401 αλλ’
1059 3334 1077 3418 ἢ
1095 3335 1181 3419 άρτοι
1199 3338 1253 3397 τοῦ
1266 3360 1356 3419 προς-

110 3411 227 3496 ἥνεγνεν
248 3409 302 3486 τάς
324 3418 420 3498 σχίζας
440 3411 516 3497 πρὸς
537 3415 592 3479 τὸν
614 3410 717 3501 νόριον
751 3412 836 3480 ιόπου
850 3421 880 3481 οῖ
894 3415 1073 3499 ἀφῃρημένοι
1087 3419 1119 3479 ἐκ
1131 3410 1292 3498 προςιόπου
1306 3442 1357 3480 νυ-

110 3491 219 3559 αὐτοῦ.
246 3495 276 3536 33
289 3495 387 3561 καὶτὸ
399 3494 559 3582 παιδάριον
572 3495 627 3564 οὖν
640 3503 716 3576 ἔγνω
750 3505 826 3604 ρίου,
849 3503 905 3563 τοῦ
918 3488 1127 3581 παρατεθῆναι
1139 3497 1234 3580 άρτον
1246 3496 1357 3580 θερμὸν

109 3573 204 3641 οάθέν
236 3572 328 3661 πάρεξ
349 3576 501 3647 Ἰωνάθαν
532 3583 584 3645 ναὶ
611 3580 715 3646 Δαυίδ.
750 3578 877 3668 χῆμέρρ
890 3580 996 3667 ἐλαβεν
1008 3575 1125 3655 αὐτούς.
1162 3579 1310 3644 7ιιαὶίιιεῖ
1323 3571 1358 3663 ἧν

109 3659 141 3703 ⁴⁰
152 3661 205 3725 οιαὶ
218 3657 366 3727 Ἰωνάθαν
386 3664 476 3729 ε”δωκε
494 3662 533 3726 τά
552 3661 642 3770 σιιεόη
660 3661 714 3728 ab·
750 3673 782 3730 ἓν
805 3671 865 3731 τῶν
890 3665 1058 3749 παιδαρίων
1078 3667 1134 3727 τοῦ
1150 3658 1254 3727 Σαοὺλ
1271 3666 1303 3729 έν
1320 3667 1357 3747 τῆ

109 3747 162 3808 τοῦ
176 3745 228 3808 ἐπὶ
241 3744 276 3808 τὸ
290 3740 449 3830 παιδάριον
462 3742 571 3821 αὐτοῦ,
590 3772 642 3810 ναι
655 3745 717 3811 εἶπε
754 3745 842 3834 ίμέρρι
862 3753 954 3833 ἐκείνη
973 3741 1160 3854 συνεχόμενος
1178 3737 1356 3836 Νεεσσαρόέν

109 3831 150 3909 τῷ
162 3826 315 3911 παιδαρίῳ
331 3825 435 3895 αὐτοῦ.
455 3823 596 3932 πορεύου,
611 3828 717 3906 εἴςελθε
749 3776 873 3897 ένώπιον
883 3821 997 3917 κυρίου,
1005 3859 1057 3898 ναι
1065 3831 1159 3913 ὄνομα
1170 3829 1254 3919 αὐτῷ
1263 3837 1316 3899 Λω
1325 3828 1355 3897 ἰι

108 3913 146 3985 είς
170 3906 224 4013 την
240 3904 336 3978 πόλιν,
375 3912 404 3951 ⁴¹
418 3913 470 3975 ναὶ
492 3937 532 3987 ως
549 3914 664 4015 είςηλθε
680 3910 716 3978 τὸ
749 3911 880 4000 ὁΣόρος
899 3918 992 3996 νέμων
1011 3913 1064 3991 τάς
1085 3911 1221 3999 ἡμιόνους
1240 3861 1354 3982 Σαοόλ.

106 3993 276 4090 παιδαριον,
290 3994 452 4059 ναίΔαυὶδ
463 3991 569 4080 ἀνέστη
583 3994 647 4063 απὸ
661 4003 715 4063 τοῦ
749 3999 829 4064 3ιιαὶ
846 3996 906 4064 εἶπε
919 3999 1017 4065 Λανίδ
1034 3998 1110 4104 πρὸς
1123 3996 1281 4102 Ἀχίιμέλεχ.
1316 4000 1356 4064 ἱδε

106 4073 224 4165 Αργάβ,
245 4076 296 4141 καί
309 4078 410 4142 έπεσεν
422 4079 472 4142 ἐπί
484 4073 646 4162 πρόςωπον
659 4079 716 4147 οὐ,
749 4087 773 4146 εί
796 4086 874 4149 ἔστιν
896 4086 1031 4149 ἐνταῦθα
1054 4078 1115 4149 υπδ
1134 4107 1186 4187 την
1198 4082 1279 4171 χεῖρά
1298 4109 1355 4147 σου

107 4163 162 4223 τοῦ
167 4208 177 4235 ,
190 4161 242 4225 ναί
253 4155 464 4245 προςειιόνησεν
478 4161 563 4227 αὐτῶ
576 4166 647 4249 τρὶς,
664 4166 716 4229 ναὶ
749 4160 835 4251 δόρυ,
862 4164 879 4248 ἢ
893 4170 1044 4271 ῥομφαία,
1071 4163 1117 4234 ότι
1135 4193 1188 4233 τιν
1202 4170 1355 4252 ῥομφαίαν

107 4243 300 4326 ιιατεφιλησεν
312 4248 437 4320 ἕκαστος
450 4240 504 4311 τόν
517 4273 541 4310 π
561 4253 646 4331 ησίον
659 4245 715 4313 αὖ·
748 4275 807 4331 μου
832 4252 883 4315 καὶ
908 4276 947 4317 τα
965 4248 1051 4337 σιιεόη
1074 4249 1128 4318 οὐκ
1146 4276 1171 4316 ει
1191 4276 1253 4333 ηςα
1270 4251 1301 4312 ἐν
1317 4252 1354 4326 τῇ
1433 4251 1434 4255 ’

107 4329 177 4399 τοῦ,
202 4328 256 4391 καὶ
276 4325 415 4394 έίιλανσεν
435 4332 560 4405 ἕκαστος
577 4334 621 4415 τῷ
639 4331 716 4414 πλη-
767 4338 822 4414 ειρί
833 4359 906 4414 μου,
930 4333 977 4400 ὅτι
998 4323 1033 4416 ἦν
1046 4333 1082 4401 τὸ
1096 4337 1179 4456 χίῆμα
1197 4332 1253 4394 τοῦ
1269 4333 1355 4415 βασι-

108 4412 174 4472 πέον
192 4405 304 4484 αὖτοῡ,
330 4414 385 4484 έως
403 4412 566 4487 συντελείας
582 4409 716 4493 μεγάλης.
748 4357 823 4489 λέως
836 4415 913 4479 κατά
928 4412 1070 4497 σπονδήν.
1124 4414 1176 4476 καί
1194 4409 1270 4476 εἶπεν
1284 4408 1301 4472 ὁ
1316 4413 1354 4472 ίε·

108 4489 137 4530 ⁴²
150 4492 201 4557 καὶ
213 4489 293 4558 εἶπεν
305 4488 457 4559 Ἰωνάθαν
470 4499 513 4580 τῷ
525 4498 640 4577 Λαυίδ..
658 4516 718 4556 πο·
750 4490 824 4578 ρεάς.
839 4493 904 4562 λδοά
920 4492 936 4578 ἢ
950 4500 1084 4582 ρομραία
1097 4491 1221 4556 Γολιὰθ
1233 4493 1289 4554 τοῦ
1300 4487 1355 4550 άλ-

1209 4562 1356 4644 λορόλου,
