2924 4972
378 190 681 296 [EPEMm
724 224 1081 313 Κιο.λη’.λο’.38.39.
1288 230 1354 304 853

108 361 204 446 θήκην
218 358 253 444 ἣν
264 362 401 441 διεθέμην
414 368 478 430 τοῖς
489 353 641 439 πατράσιν
654 355 712 419 αὑ·
752 379 808 439 σορ
821 354 937 440 βασιλεῖ
947 355 1140 441 Βαβυλῶνος.
1173 359 1253 420 2καί
1265 355 1357 421 δόνα-

108 448 185 519 τῷν,
209 443 241 510 ίν
255 442 348 527 ήμέρᾳ
364 439 577 525 ἔπιλιιβομένου
588 463 648 519 μου
659 442 713 520 τής
750 462 796 518 μις
807 435 955 540 βασιλέως
967 437 1153 522 Βαβυλῶνος
1174 435 1359 524 έχαρόκωοιν

108 527 202 613 χειρός
227 527 342 599 αὐτῶν,
369 521 521 599 ίξαγαγείν
545 518 655 595 αὐτοὺς
679 519 712 583 ίκ
752 522 803 583 έπί
820 519 1071 603 Ιερουσαλήμ,καί
1079 516 1216 604 Ἱερεμίας
1225 517 1359 603 έφυλόσ-

108 616 162 695 γης
175 608 352 686 Αἰγύπτου,
376 602 421 669 ὅτι
435 603 525 669 αὐτοὶ
536 602 590 668 οὐκ
605 601 713 706 ἔνέμει-
751 627 818 667 σετο
831 606 863 667 έν
874 600 954 694 αὐλῷ
972 607 1025 687 τῆς
1042 601 1184 686 φυλακῆς,
1204 600 1223 685 ἦ
1238 608 1315 670 ἐστιν
1327 609 1358 670 ἐκ

108 717 162 758 ναν
175 692 207 756 ἐν
219 695 256 770 τῆ
270 685 399 772 διαθήκη
412 713 481 772 μου,
503 689 555 753 καί
568 685 627 763 ἔγω
640 689 712 770 ημέ-
751 688 824 768 οἴκῳ
837 684 993 771 βασιλέως,
1007 686 1062 749 3ἐν
1074 676 1094 775 ᾗ
1106 684 1287 751 κατέκλεισεν
1301 688 1358 755 αὖ·

109 777 185 858 ληοα
198 760 307 849 αι’ίτῷν,
320 760 394 856 φησί
406 770 513 857 κύριος.
536 772 565 813 ³³
576 765 624 834 ότι
636 765 713 852 αότη
751 767 806 870 τήν
818 765 835 834 ὁ
846 767 982 856 βασιλεὺς
994 770 1147 844 Σεδεκίας,
1159 767 1264 845 λέγων,
1277 769 1359 835 διατί

111 857 128 939 ή
142 857 272 941 διαθήκη
285 881 355 939 μου,
369 854 405 960 ήν
417 851 598 937 διαθήσομαι
610 857 656 936 τῷ
667 854 714 916 σί-
752 877 790 917 συ
819 850 1022 938 προφητεόεις,
1039 853 1147 930 λέγων,Ι
1175 847 1272 926 οὕτως
1296 851 1358 917 είπε

109 967 153 1024 κῳ
163 938 291 1024 Ἰσραήλ
314 964 385 1020 μετα
404 934 579 1040 τάςήμέρας
593 934 714 1011 ἐκείνας,
752 930 861 1021 κόριος,
887 934 952 1001 ίδοδ
976 935 1036 1013 έγώ
1061 935 1165 1017 δίδωμι
1189 932 1245 1020 τήν
1269 930 1359 1001 πόλιν

110 1027 183 1107 φησί
193 1019 230 1087 κό
250 1049 302 1098 ιος,
319 1022 420 1096 διδοὺς
438 1022 527 1085 δωοω
541 1016 645 1101 νόμους
655 1043 715 1103 μου
751 1015 865 1102 ταύτην
878 1021 997 1104 ένχερσί
1009 1019 1154 1104 βασιλέως
1161 1019 1357 1165 Βῳβυλῷνος,

109 1113 148 1181 είς
161 1108 214 1190 τήν
225 1049 357 1171 διάνοιαν
369 1103 485 1179 αὐτῶν,
510 1105 562 1168 καί
574 1102 626 1170 ἐπὶ
638 1129 713 1187 καρ·
752 1104 802 1166 καί
814 1098 941 1186 λήψεται
954 1099 1058 1186 αὐτὴν,
1072 1100 1089 1143 ⁴
1103 1104 1154 1165 καί
1165 1108 1198 1165 Σ
1227 1107 1307 1178 εκίας
1319 1101 1356 1168 οὗ

109 1192 173 1264 δίας
185 1186 287 1254 αὐτῶν
303 1186 418 1273 γράφω
434 1185 557 1262 αὐτοὺς,
581 1188 715 1251 καλέσο-
751 1181 792 1267 μή
819 1191 908 1279 σωθῷ
930 1188 964 1250 έκ
985 1182 1077 1270 χειρός
1098 1189 1160 1249 τῷν
1180 1184 1358 1262 Χαλδαίων,

109 1299 162 1355 μαι
176 1269 280 1346 αὐτοῖς
299 1276 338 1344 είς
354 1270 437 1346 θεὸν,
455 1273 506 1334 καὶ
523 1267 612 1334 αὐτοὶ
628 1272 714 1333 ἔσον-
752 1263 1233 1354 ότιπαραδόσειπαραδοθήσεται
1247 1272 1286 1343 είς
1316 1280 1358 1335 τί·

111 1361 162 1419 ταί
171 1379 224 1438 μοι
237 1359 275 1429 είς
287 1352 370 1419 λαόν.
408 1355 440 1396 ³⁴
452 1354 502 1417 καί
516 1351 553 1417 οὐ
570 1351 610 1436 μή
629 1346 714 1416 διδά-
752 1377 808 1436 ρας
818 1351 963 1437 βασιλέως
975 1352 1174 1439 Βαβυλῶνος,
1199 1295 1358 1436 καίλαλή-

110 1441 200 1514 ξωσιν
211 1441 335 1513 έίιαστος
347 1436 400 1501 τόν
411 1435 538 1519 πολίτην
550 1433 714 1510 αὐτοῖςκαὶ
752 1458 793 1497 σει
814 1428 911 1537 οτόρια
928 1433 1023 1500 αὐτοῦ
1039 1434 1117 1520 πρὸς
1134 1429 1234 1518 στόμα
1244 1432 1358 1511 ,αὐτοῦς

109 1526 234 1594 ἕκαστος
253 1517 307 1585 τὸν
324 1517 455 1601 ἀδελφὸν
472 1517 566 1583 αὐτοῦ
572 1565 583 1594 ,
607 1518 712 1595 λέγων,
751 1518 802 1581 καί
815 1520 846 1581 σί
862 1518 1020 1620 οφθαλμοί
1037 1519 1133 1584 αὐτοῦ
1152 1517 1221 1593 τοὺς
1235 1516 1358 1597 ὀφθαλ-

108 1607 207 1682 γνῷθι
231 1599 284 1668 τὸν
306 1598 415 1688 κόριον.
442 1598 489 1668 ὅτι
507 1597 614 1677 πάντες
636 1596 714 1684 είδή-
750 1598 826 1684 μοδς
839 1597 936 1664 αὐτοῦ
949 1601 1093 1686 ὄψονται,
1119 1598 1357 1677 ὅκαίείςελεόσε·

109 1693 194 1751 σουσί
209 1711 244 1769 με
262 1684 326 1753 ἀπὸ
346 1690 452 1771 μικροῦ
470 1685 572 1751 αὐτῶν
591 1689 647 1759 ἕως
665 1707 714 1766 με-
750 1707 800 1748 ται
816 1684 955 1762 Σεδεκίας
973 1689 1012 1760 είς
1027 1685 1215 1771 Βαβυλῶνα,
1233 1687 1284 1751 καὶ
1301 1689 1361 1751 ἐκεῖ

108 1766 205 1850 γάλου
221 1768 333 1844 αὐτῶν,
359 1766 406 1835 ὅτι
423 1768 509 1843 ’θεας
527 1773 632 1849 ἔσομαι
648 1776 715 1841 ταῖς
751 1771 898 1833 καθίεται.
923 1769 1005 1832 θκαί
1023 1765 1041 1832 ὁ
1059 1765 1151 1846 λόγος
1171 1772 1272 1853 κυρίου
1293 1773 1356 1846 έγε-

109 1851 235 1927 ἀδικίαις
247 1851 356 1928 αὐτῶν,
365 1855 415 1917 καί
427 1850 646 1937 τῷνὰμαρτιῷν
658 1847 715 1914 αὖ·
750 1846 827 1934 νήθη
853 1847 930 1934 πρὸς
950 1847 1094 1936 Ἰερεμίαν
1118 1850 1222 1929 λέγων.
1263 1850 1357 1917 7ίδοὺ

108 1940 171 2001 τῷν
185 1934 221 2000 οὗ
236 1935 276 2020 μή
289 1939 416 2019 μνησθῷ
435 1939 487 1999 έτι.
518 1937 547 1978 ²⁷
561 1928 714 2017 έάνῦψω-
744 1931 890 2017 Ἀναμεήλ
899 1932 963 2010 υίὸς
971 1934 1088 2018 Σαλώμ
1099 1931 1231 2015 ἀδελφοῦ
1240 1929 1357 2019 πατρός

108 2017 182 2111 θῷό
197 2017 324 2105 οὐρανὸς
340 2025 378 2095 είς
397 2017 433 2083 τὸ
451 2021 618 2105 μετέωρον,
644 2018 716 2100 φησί
750 2042 804 2081 σου
823 2021 935 2102 έρχεται
951 2017 1029 2103 πρὸς
1046 2018 1096 2093 οὲ,
1119 2018 1223 2096 λέγων.
1249 2023 1357 2100 κτήσαι

108 2104 221 2186 κύριος,
234 2105 285 2166 καί
298 2101 349 2166 ἐὰν
362 2106 535 2205 ταπεινωθῷ
553 2098 591 2167 τό
604 2101 715 2180 ἔδαφος
749 2104 865 2183 σεαυτῷ
887 2100 943 2167 τὸν
964 2096 1058 2188 ἀγρόν
1078 2127 1134 2184 μου
1153 2099 1207 2166 τόν
1230 2099 1357 2167 ένἈνα-

107 2191 160 2268 τῆς
173 2190 228 2266 γής
244 2181 343 2259 κότον,
367 2189 417 2249 καὶ
430 2182 489 2261 ἐγώ
500 2211 554 2249 ουκ
570 2183 714 2248 ἀποδοκι-
748 2184 835 2259 θώθ,
854 2179 901 2248 ὅτι
924 2185 973 2248 σοί
995 2191 1088 2269 κρίσις
1109 2185 1294 2270 παραλαβεῖν
1317 2190 1357 2260 είς

108 2274 156 2351 μῷ
182 2267 218 2331 τὸ
243 2268 329 2344 γένος
348 2265 490 2350 Ἰσραήλ,
505 2268 579 2349 φησί
602 2262 713 2347 κύριος,
749 2270 858 2348 κτήσιν.
885 2268 964 2330 8καί
979 2258 1054 2347 ήλθε
1072 2265 1148 2350 πρὸς
1165 2262 1356 2349 μὲἈναμεήλ

109 2351 176 2433 περὶ
192 2346 315 2412 πάντων
331 2341 374 2412 ὧν
393 2353 548 2432 ἐποίησαν.
575 2347 603 2389 ³⁵
617 2343 714 2420 οἶίτως
750 2348 813 2422 υίὸς
824 2347 950 2431 Σαλῷμ,
963 2346 1096 2428 ἀδελφοῦ
1107 2346 1223 2456 πατρός
1234 2375 1303 2430 μου,
1317 2352 1356 2425 είς

110 2431 171 2496 εἶπε
183 2426 283 2512 κύριος
296 2480 306 2506 ,
324 2427 342 2495 ὁ
355 2429 427 2504 δοὺς
440 2430 492 2496 τὸν
504 2426 587 2514 ήλισν
599 2432 638 2504 είς
651 2433 714 2510 φῷς
748 2428 803 2512 τήν
815 2427 912 2514 αὐλήν
924 2435 976 2515 τής
985 2431 1129 2513 φυλακής,
1135 2457 1187 2496 και
1198 2430 1268 2496 είπε.
1282 2437 1356 2516 κτή-

108 2518 162 2597 τής
179 2510 297 2599 ἡμέρας,
323 2510 441 2598 σελήνην
459 2517 511 2579 καὶ
528 2512 657 2598 ἀστέρας
676 2516 714 2587 εἰς
749 2538 799 2577 σαι
813 2519 929 2597 σεαυτῷ
948 2511 1001 2580 τόν
1018 2511 1111 2599 ἀγρόν
1128 2541 1187 2597 μου
1206 2514 1262 2579 τὸν
1274 2519 1305 2579 έν
1315 2520 1355 2609 γῇ

110 2602 173 2679 φῷς
189 2602 242 2680 τής
260 2595 371 2671 νυκτός,
390 2599 440 2661 καί
456 2595 588 2683 κραυγήν
606 2601 636 2661 έν
651 2606 713 2660 θα·
748 2599 890 2678 Βενιαμίν
916 2593 969 2660 τόν
989 2601 1021 2662 έν
1043 2596 1206 2675 Ἀναθὼθ,
1232 2597 1280 2662 ότι
1306 2601 1357 2664 σοί

109 2676 223 2764 λάσση,
248 2681 299 2743 καί
311 2677 457 2766 έβόμβησε
470 2680 509 2746 τὰ
525 2677 644 2761 κόματα
657 2678 713 2744 αίι-
748 2682 839 2785 κρίμα
852 2677 1022 2763 κτήσασθαι
1035 2678 1143 2756 αὐτόν,
1167 2683 1219 2746 καί
1231 2680 1269 2745 σὺ
1282 2706 1355 2765 πρε-

108 2768 171 2847 τής,
185 2754 287 2848 ιἰόριος
303 2761 522 2848 παντοκράτωρ
542 2762 638 2846 όνομα
658 2760 712 2828 αὖ·
749 2767 896 2849 σβυτερος.
920 2768 972 2829 καὶ
985 2761 1140 2843 ἔγνων,ότι
1152 2759 1241 2842 λόγος
1252 2770 1355 2849 κυρίου

108 2851 161 2929 τῷ.
188 2847 219 2889 ³⁶
232 2843 283 2910 έάν
295 2844 471 2911 παύσωνται
489 2851 520 2912 οί
532 2842 615 2950 νόμοι
627 2836 712 2910 οὗτοι
748 2848 821 2922 ἐστί,
835 2848 907 2911 9καί
919 2851 971 2912 έκτ
991 2843 1088 2933 σάμην
1098 2847 1152 2913 τὸν
1164 2845 1354 2935 ἀγρὸνἏνα-

108 2928 170 2994 ἀπὸ
183 2926 346 3012 πρσςυόπου
359 2956 429 3032 μου,
447 2934 518 3014 φησί
531 2956 640 3016 κυριος,
663 2931 713 2995 καὶ
747 2929 819 3012 μεήλ
837 2933 904 2995 υἱοῦ
921 2875 1052 3013 ἀδελφοῦ
1070 2927 1185 3017 πατρός
1202 2959 1275 3015 μου,
1303 2935 1355 2997 καί

107 3010 143 3077 τὸ
161 3016 246 3090 γένος
270 3012 392 3095 Ἰσραήλ
408 3011 553 3081 παύσεται
570 3016 713 3091 γενέσθαι
749 3017 862 3097 ἔστησα
876 3012 959 3097 αὐτῷ
973 3014 1049 3080 ἑπτὰ
1062 3015 1190 3091 σίκλους,
1217 3018 1268 3080 καί
1279 3017 1353 3082 δέκα

108 3098 196 3173 ἔθνος
209 3094 287 3162 κατά
300 3093 461 3183 πρόςωπόν
473 3125 531 3183 μου
547 3094 645 3174 πόσας
658 3097 713 3172 τὰς
749 3094 907 3184 ἀργυρίου,
933 3102 962 3142 ¹⁰
974 3102 1025 3165 καὶ
1043 3101 1165 3185 ἔγραψα
1178 3105 1217 3174 εἰς
1228 3100 1353 3186 βιβλίον.

108 3178 225 3264 ἡμέρας.
250 3180 352 3246 38ἰδοὺ
365 3181 470 3268 ήμέραι
481 3187 663 3268 έρχονταςφ
683 3183 713 3246 σί
748 3184 797 3245 καί
810 3181 1042 3266 ἕοφραγισοίμην,
1053 3185 1104 3248 καί
1114 3184 1354 3275 διεμαρτυράμην

108 3260 218 3347 κόριος,
246 3268 296 3329 καί
326 3263 599 3351 οἰκοδομηθήσεται
625 3209 712 3340 πόλις
747 3261 907 3352 μάρτυρας,
931 3267 1154 3350 καίὲίττησατὸ
1168 3265 1354 3353 ἀργύρωνέν

106 3351 149 3429 τῷ
162 3353 254 3433 κυρίῳ
267 3347 330 3412 ἀπό
343 3345 631 3435 πόργουἈνοιμε“λ,
657 3356 712 3424 ἕως
748 3352 833 3431 ζυγῷ.
863 3352 887 3391 ¹¹
901 3351 952 3413 καί
973 3350 1084 3435 έλαβον
1105 3348 1141 3413 τὸ
1165 3347 1280 3434 βιβλίον
1301 3353 1354 3432 τής

107 3425 203 3512 πόλης
216 3435 268 3513 τής
279 3438 403 3508 γωνίας,
429 3434 459 3475 ³⁹
474 3436 525 3497 καί
537 3378 712 3508 ἐξελεύσεται
747 3429 875 3512 κτήσεως
893 3432 930 3495 τὸ
944 3433 1192 3514 έσφραγισμένον,
1219 3433 1246 3472 ¹²
1258 3434 1308 3495 καί
1321 3435 1352 3494 έ-

107 3511 325 3595 ήδιαμέτρησις
343 3511 438 3594 αὐτῆς
456 3512 598 3579 ἀπέναντι
612 3515 712 3579 αὐτῶν
747 3514 829 3577 δωκα
847 3510 923 3577 αὐτὸ
942 3516 987 3594 τῷ
1001 3510 1130 3596 Βαρσύχ
1154 3515 1213 3593 υἱῷ
1230 3514 1352 3597 Νηρίου

108 3599 163 3668 έως
184 3597 298 3679 βουνῷν
320 3599 354 3656 Γ
351 3593 408 3678 αρή
428 3645 437 3669 ,
459 3597 514 3678 καί,
531 3597 712 3678 περικυκλω-
747 3597 802 3659 υἱῷ
813 3600 993 3670 Μαασαίου,
1004 3595 1067 3660 κατ’
1080 3592 1353 3677 όφθαλμοὺςἈνα·

107 3673 235 3760 θήσεται
266 3671 365 3760 κύκλῳ
391 3599 429 3753 lg
437 3677 580 3742 ἐκλεκτῶν
603 3678 710 3752 λίθων,
746 3660 820 3760 μεήλ
835 3682 900 3743 υἱοῦ
919 3677 1049 3758 ἀδελφοῦ
1066 3674 1181 3765 πατρός
1197 3704 1256 3761 μου
1263 3729 1274 3757 ,
1301 3682 1353 3745 καί

107 3761 140 3804 ⁴⁰
153 3762 203 3825 καί
215 3754 321 3835 πόντες
333 3757 514 3845 Ἀσαρημώθ
532 3765 586 3836 ἕως
599 3756 711 3845 Νόχαλ
747 3756 811 3824 κατ’
847 3758 1028 3846 ὀφθαλμοὺς
1061 3767 1122 3827 τῷν
1146 3760 1263 3849 ἀνδρῷν
1292 3766 1354 3828 τῷν

108 3845 248 3931 Κέδρων,
277 3848 331 3919 ἕως
356 3850 467 3921 γωνίας
490 3839 585 3928 πύλης
609 3847 712 3908 ’ίππων
747 3869 792 3907 πα
812 3840 976 3927 εστηκότων
993 3846 1045 3910 καί
1061 3842 1239 3931 γραφόντων
1256 3849 1289 3913 έν
1306 3851 1352 3931 τῷ

107 3926 266 4012 ἀνατολῆς,
273 3924 406 4008 ἀγίασμα
414 3932 458 4010 τῷ
467 3931 568 4014 κυρίῳ,
581 3930 633 3993 καί
639 3925 711 3994 οὐκ·
746 3868 849 4013 βιβλίῳ
863 3933 914 4011 τής
926 3925 1070 4012 κτήσεως,
1087 3930 1139 3994 καί
1150 3927 1213 3994 κατ’
1230 3928 1351 4012 ὀφθαλ-

108 4014 150 4075 έτι
165 4011 201 4077 οὐ
213 4009 253 4096 μή
266 4013 381 4094 έκλίπη,
403 4015 453 4077 καί
465 4009 501 4077 οὗ
513 4014 554 4095 μή
568 4023 711 4099 καθαιρτ-
745 4011 820 4093 μοὺς
837 4015 899 4076 τῷν
912 4009 1070 4077 Ἰουδαίων
1087 4016 1148 4078 τῷν
1164 4017 1195 4078 έν
1213 4019 1251 4107 τή
1273 4012 1351 4106 αὐλῇ

105 4099 151 4182 θῇ
164 4100 220 4170 έιος
232 4100 288 4160 τοῦ
301 4081 418 4170 αίῷνος.
746 4098 800 4174 τῆς
827 4093 967 4179 φυλακῆς.
1007 4097 1034 4138 ¹³
1058 4100 1110 4163 καί
1136 4100 1280 4174 συνέταξα
1305 4105 1350 4182 τῷ

132 4184 145 4212 ‘
201 4184 310 4242 ΚΕΦ.
337 4177 424 4244 ΛΘ’.
449 4181 543 4255 (Hebr
562 4182 656 4256 032.)
746 4176 875 4305 Βαροέῳ
888 4178 951 4244 κατ’
969 4176 1147 4263 ὀφθαλμοὺς
1160 4179 1273 4258 αὐτῶν,
1299 4181 1351 4244 λέ-

107 4224 157 4325 O
175 4260 264 4338 λόγος
286 4258 304 4326 ὁ
328 4260 478 4345 γενόμενος
499 4262 585 4348 παρὰ
608 4267 709 4345 κυρίου
744 4285 814 4338 γων.
840 4267 853 4305 ¹
882 4257 1349 4350 οὕτωςείπεκόριοςπαντοκρά·

106 4340 333 4429 τιρόςἹερεμίαν
352 4348 383 4410 έν
402 4352 445 4430 τῷ
459 4350 583 4428 ἐνιαυτῷ
596 4341 709 4428 δεκάτῳ
746 4368 817 4428 τωρ.
849 4342 920 4431 λάβε
944 4344 981 4411 τό
1007 4348 1120 4434 βιβλίον
1144 4352 1197 4452 τής
1223 4343 1350 4432 κτήσεως

104 4427 360 4513 βασιλκῒΣεδεκίη,
370 4421 457 4504 οὗτος
466 4428 602 4504 ἐνιαυτὸς
612 4427 706 4492 ὀκτω-
746 4433 853 4504 τοῦτο,
880 4432 930 4494 καί
943 4429 978 4493 τὸ
990 4432 1104 4517 βιβλίον
1117 4429 1152 4494 τὸ
1165 4435 1347 4512 ανεγνανομέ·

106 4510 278 4586 καιδέκατος
292 4515 334 4593 τῷ
346 4511 463 4596 βασιλεῖ
474 4508 706 4599 Ναβουχοδονό·
747 4536 806 4590 νον,
819 4514 871 4578 καί
892 4508 995 4595 θήσεις
1017 4511 1092 4577 αὐτὸ
1114 4516 1153 4587 είς
1177 4509 1292 4590 ἀγγεῖον
1313 4511 1350 4619 ῷ-

1256 4622 1348 4679 στρα·
