2924 4972
111 218 172 286 116
375 220 724 283 Αονιπιιιου
759 213 1082 297 κομίσσειν.

107 327 283 415 ἀκάθαρτον
301 333 393 413 ἔσται.
431 333 519 394 ”nai
532 335 602 406 πᾶς,
621 327 655 406 ὃς
672 329 711 396 ἀν
740 355 842 413 ματος,
855 326 1233 420 άςτεμιανθὴναιίναῦτὴ.
1251 329 1344 391 32καὶ

106 409 226 497 ἅψηται
242 418 293 498 τὴς
310 419 410 497 κοίτης
426 409 534 495 αάτὴς,
558 414 661 478 πλυνεῖ
672 411 711 477 τά
742 416 781 505 τῇ
792 409 993 503 αἶμορροούσῃ
1004 413 1036 476 ἕν
1048 414 1086 502 τῇ
1102 406 1225 513 ἀρέόρρχ
1241 407 1343 508 αι’χτὴςΞ

108 491 212 578 ἶμάτια
225 493 337 572 αῦτοῦ,
362 497 413 558 καί
429 489 565 569 λούσεται
576 491 614 559 τὸ
626 499 711 578 σῶμα
742 496 793 559 καὶ
804 491 822 559 ό
834 491 992 593 γονορρυὴς
1008 496 1039 555 έν
1050 496 1089 586 τῇ
1100 495 1177 577 ρὐσει
1189 516 1284 555 αυτου
1297 515 1340 572 τῳ

108 574 205 642 αὐτοῦ
218 571 711 662 ύδατι,καίάκάθαρτοςέ’σταιέιος
742 575 841 662 άρσενι
863 575 938 668 ἢτῃ
954 574 1076 658 θῃλείρ,
1101 573 1157 639 καί
1180 576 1225 652 τῷ
1247 572 1341 658 ἀνδρί,

108 663 242 745 ἑσπέρας.
268 654 625 741 22καλπᾶςὸἆπτόμενος
634 684 711 723 παν·
743 655 824 734 ῦςάν
951 661 963 675 ”
977 658 1050 738 μετά
1063 653 1296 739 ἀποκαθῃμένὴς.

108 741 160 816 τὸς
173 737 305 816 σκεύους,
319 732 356 805 οῦ
367 740 420 805 ἐόν
436 746 547 834 καθίσῃ
565 739 609 806 ἐπ’
624 739 711 818 αὐτὸ,
971 746 1002 803 Ε
1012 744 1051 802 Φ.
1093 735 1154 813 [ς’.

107 823 212 889 πλυνεῖ
220 819 260 886 τά
273 819 376 926 ίμάτια
388 820 492 899 αῦτοῦ,
514 822 711 889 καὶλούσεται
742 790 826 888 Καί
848 817 969 905 ἕλάλῃσε
990 817 1089 907 κύριος
1100 818 1186 967 Ιπριὴς
1205 823 1342 918 Μιρνρῆι·

110 902 204 982 ῦδατι,
217 905 268 969 καί
277 905 453 991 ακάθαρτος
463 908 545 970 ἔσται
558 911 614 981 ἕως
624 909 711 972 ἓσπί-
740 905 814 988 μετὰ
830 903 866 969 τὸ
875 904 1042 987 τελευτῆσαι
1058 928 1126 977 τους
1153 927 1187 966 υο
1198 904 1278 975 υίοις
1290 906 1341 967 Α·

110 1013 174 1072 ρας.
201 989 231 1029 22
243 985 297 1052 ῦάν
309 986 341 1052 δὲ
360 989 391 1051 ἐν
403 991 440 1079 τῇ
455 993 541 1081 κοίτῃ
553 986 648 1072 αῦτὴς
657 986 711 1051 οῦ·
742 983 824 1090 αρών
838 989 869 1050 έν
877 991 923 1070 τῷ
932 982 1085 1072 προςάγειν
1092 983 1202 1058 αῦτοῦς
1214 987 1275 1069 πῦρ
1286 981 1340 1047 ἀλ

111 1069 199 1154 σῃς,ἡ
213 1070 263 1133 ἐπί
275 1073 331 1134 τοῦ
343 1066 471 1145 σκεύους,
484 1061 520 1134 οῦ
534 1070 588 1134 ἐάν
599 1076 710 1162 καθίσῃ
741 1069 861 1157 λοτριον
872 1070 967 1133 έναντι
984 1075 1100 1175 κυρίου,
1126 1067 1178 1132 καί
1194 1063 1341 1164 έτελεύτῃ-

109 1151 154 1219 ἐπ’
170 1151 254 1233 αὐτῷ
271 1154 303 1215 ἐν
319 1156 363 1235 τῷ
381 1147 530 1218 ἰάπτεσθαι
546 1150 639 1217 αῦτὸν
655 1149 712 1216 αῦ-
742 1175 805 1218 σαν.
831 1152 908 1217 2καί
919 1149 980 1216 εἷπε
997 1177 1094 1238 κυριος
1111 1145 1185 1236 πρὸς
1198 1155 1340 1247 Μωυσῃμ.

109 1240 171 1319 τῆς,
198 1230 373 1321 ἀκάθαρτος
393 1238 475 1301 έσται
498 1239 553 1311 ἕως
575 1236 709 1319 ἑσπέρας.
742 1231 870 1319 λάλῃσον
894 1231 969 1321 πρὸς
993 1231 1110 1320 ’Λαράν
1137 1231 1195 1331 τὸν
1215 1229 1342 1334 ἀδεὴρον

110 1317 142 1360 ²⁴
154 1316 206 1382 ἐὰν
223 1315 255 1383 δὲ
272 1322 357 1409 κοίτῃ
374 1323 502 1408 κοιμηθῇ
520 1341 564 1392 τις
580 1315 637 1399 μετ’
654 1315 712 1381 αῦ-
743 1343 807 1395 σου,
819 1317 1139 1404 καίμὴείςπορευέσθω
1149 1338 1248 1379 πασαν
1260 1337 1342 1398 ωραν

109 1403 176 1482 τὴς,
201 1401 253 1463 καί
263 1404 382 1482 γένηται
392 1396 418 1484 ἡ
432 1398 607 1484 ἀκαθαρσία
619 1398 711 1504 αῦτὴς
742 1406 781 1476 είς
792 1399 828 1465 τό
842 1396 925 1479 άγιον
942 1397 1083 1486 ἐσώτερον
1100 1402 1157 1462 τοῦ
1173 1390 1341 1462 καταπετά-

110 1481 153 1546 έτέ
170 1479 269 1563 αὐτῷ,
295 1475 471 1566 ἀκάθαρτος
488 1483 569 1545 ἔσται
587 1479 711 1567 ἕπτάῃ-
742 1488 901 1588 σματοςεῖς
918 1479 1075 1582 πρόςωπον
1092 1484 1148 1545 τοῦ
1164 1481 1342 1564 ῖλαστὴρίου,

108 1566 209 1648 μέρας.
234 1562 285 1627 καί
301 1567 387 1627 πάσα
398 1568 491 1668 κοίτῃ,
505 1561 548 1645 ἔφ’
568 1557 637 1657 ἡάν
648 1590 712 1630 κοι-
742 1566 760 1630 ὅ
774 1568 850 1629 ἐστιν
862 1566 913 1628 ἐπὶ
926 1589 978 1667 τρς
994 1567 1122 1650 κιβωτοῦ
1134 1566 1190 1626 τοῦ
1200 1566 1338 1662 μαρτυρί·

108 1650 192 1730 μὴθὴ
217 1643 260 1710 ἐπ’
290 1643 383 1739 αῦτὴ,
418 1643 594 1731 ἀκαθαρτος
617 1651 710 1714 ἔσται.
742 1674 793 1726 ου,
810 1645 862 1711 καί
877 1643 931 1711 οῦκ
945 1656 1150 1710 αποθανιΐται.
1176 1646 1205 1704 έν
1222 1668 1280 1728 γαρ
1298 1667 1344 1704 νε-

110 1718 197 1793 22κάί
208 1725 280 1812 γυνὴ
291 1724 343 1792 ἐὰν
355 1731 407 1874 ρἡ
416 1725 497 1814 ῥύσει
508 1735 632 1812 αἵματος
646 1728 712 1813 ιμέ-
743 1730 818 1812 φελη
833 1724 1004 1813 ὄᾳθὴσομαι
1022 1729 1072 1791 ἐπὶ
1089 1730 1144 1789 τοῦ
1161 1724 1340 1808 ἴλαστῃρίου.

111 1837 166 1896 ρας
175 1809 302 1885 πλείους,
315 1807 369 1874 οῦκ
391 1816 513 1897 νκαιριῦ
519 1819 569 1895 τῆς
578 1758 710 1898 ἀρέόρυυ
742 1814 757 1854 ³
770 1797 864 1886 οῦτονς
882 1807 1059 1886 είςελεύσετιιι
1073 1804 1189 1893 Ἀαρών
1204 1811 1243 1880 εἰς
1255 1805 1290 1869 τὸ
1304 1804 1342 1870 ά-

111 1891 218 1974 αῦτὴς,
234 1889 287 1955 ἐὰν
299 1893 350 1956 καί
361 1896 413 1977 ῥέῃ
424 1895 499 1977 μετά
516 1895 570 1998 τὴν
583 1896 712 1980 ἔφεδρον
741 1919 813 1972 γιον.
826 1896 857 1956 ίν
867 1888 966 1976 μόσχον
977 1896 1007 1956 ἐκ
1018 1894 1098 1977 βοῶν
1106 1890 1173 1975 περί
1186 1885 1341 1989 ἁμαρτίας,

110 1971 217 2058 αῦτὴς,
241 1978 336 2038 πᾶσαι
350 1978 384 2040 αί
396 1965 504 2063 ’ἡμέραι
516 1981 624 2062 ρυσεονς
635 1975 712 2042 ἀκα-
742 1980 793 2042 καί
803 1975 884 2060 κριόν
892 1981 931 2050 είς
942 1959 1146 2056 όλοκιιύτωμα.
1170 1972 1244 2035 2καὶ
1255 1998 1342 2057 χιτω-

111 2063 241 2142 θαρσίας
260 2054 370 2141 αῦτὴς,
395 2056 534 2146 καθάπερ
554 2063 589 2124 αί
609 2056 712 2145 ἡμέραι
741 2084 778 2125 να
802 2059 899 2123 λινοῦν
922 2055 1089 2141 εγιασμένον
1105 2051 1267 2132 ἐνδύσεται,
1291 2056 1343 2118 καί

110 2143 162 2221 τὴς
175 2137 306 2224 ἀρέδρου
318 2138 420 2226 αῦτὴς,
433 2144 515 2207 ίίνται
527 2137 710 2228 ἀκάθαρτος.
742 2140 903 2227 περισκελὶς
918 2085 1015 2206 λινοῦν
1031 2143 1112 2205 ε”σται
1131 2141 1253 2240 ἐπίιτοῦ
1264 2164 1342 2224 χρω-

111 2223 141 2264 ²⁶
154 2224 205 2287 καί
216 2227 301 2288 πάσα
317 2229 411 2308 κοίτῃ,
424 2222 468 2305 ἐφ’
483 2216 518 2310 ἡς
536 2224 573 2289 ἀν
583 2230 712 2316 κοιμηθῇ
741 2221 792 2302 τὸς
804 2222 907 2289 αῦτοῦ.
933 2226 983 2289 καὶ
994 2218 1068 2315 ζώνῃ
1080 2222 1144 2306 λινῇ
1155 2224 1342 2297 ζωσεται,καλ

111 2301 155 2368 ἐπ’
170 2303 262 2388 αῦτὴς
278 2301 377 2382 πάσας
393 2305 447 2381 τὰς
463 2302 572 2392 ἡμέρας
593 2312 645 2392 τὴς
656 2306 710 2394 ρύ-
741 2310 809 2374 κίιία
827 2332 854 2373 ιν
871 2308 950 2390 λινὴν
966 2301 1167 2392 περιθὴσεται,
1190 2300 1291 2387 ἱμάτια
1304 2301 1339 2367 ά-

110 2411 196 2463 ὕὲωθ»
220 2384 300 2453 κατὰ
317 2388 369 2472 τὴν
388 2394 489 2473 κοίτῃν
509 2395 561 2476 τὴς
579 2388 710 2498 ἀφέρρου
740 2387 793 2470 γιά
809 2334 879 2457 λστι.
906 2393 958 2455 καὶ
974 2387 1108 2455 λούσεται
1126 2385 1210 2452 ὕδατι
1227 2392 1288 2487 πᾶν
1305 2383 1341 2450 τό

109 2473 190 2536 ἔσται
204 2467 288 2555 αῦτῆ.
312 2473 364 2537 καί
380 2476 442 2538 πάν
461 2478 569 2552 σκεῦος,
583 2472 627 2558 ἐφ’
642 2502 659 2540 ο
673 2474 711 2540 ἀν
742 2478 828 2558 σῶμα
841 2473 943 2552 αὑτοῦ,
956 2477 1007 2539 καὶ
1015 2468 1159 2538 ἐνδύσεται
1172 2468 1258 2535 αῦτα.
1272 2471 1342 2534 6καί

108 2560 220 2648 καθίσῃ
246 2544 289 2619 ἐπ’
304 2553 402 2643 αὐτὸ,
428 2553 603 2646 ἀκάθαρτον
625 2561 709 2626 ἔσται
741 2586 787 2624 πα
805 2556 889 2644 ἀτὴς
902 2561 1071 2641 συναγωγῆς
1090 2559 1148 2618 τῶν
1160 2551 1341 2652 υῖιῦνἹορα-

108 2636 186 2701 κατὰ
208 2635 262 2719 τὴν
283 2634 475 2722 ἀκαθαρσίαν
495 2646 547 2726 τῆς
568 2640 707 2726 ἀφέδρου.
742 2640 779 2724 ἡλ
786 2586 917 2726 λὴψεται
928 2637 984 2705 δύο
993 2637 1133 2745 χιμάρους
1143 2639 1173 2714 ἐξ
1186 2641 1278 2714 αἰγων
1289 2662 1340 2700 πε·

107 2720 136 2758 22
148 2722 209 2789 πᾶς
221 2714 239 2780 ὁ
252 2711 414 2795 ἁπτόμενος
426 2719 517 2803 αὐτῆς
535 2719 710 2804 ἀκάθαρτος
741 2724 772 2806 ρί
784 2720 939 2806 ἁμαρτίας,
951 2747 1002 2784 και
1009 2720 1091 2802 κριὸν
1100 2727 1150 2784 ἕνα
1162 2725 1201 2794 εἰς
1214 2714 1343 2783 ὁλοκαύ-

107 2799 201 2871 έσται,
212 2799 263 2860 καὶ
274 2795 375 2860 πλυνεῖ
382 2795 422 2860 τά
433 2795 536 2880 ίμάτια
546 2802 598 2863 καί
608 2799 711 2866 λοῦσι-
741 2826 834 2883 τιομα.
860 2804 876 2845 ⁶
888 2804 939 2865 καί
950 2800 1083 2885 προςάξει
1095 2800 1212 2889 Ἀαρών
1223 2799 1276 2868 τόν
1286 2798 1342 2885 μό-

106 2902 157 2946 τοιι
170 2877 205 2942 τὸ
218 2882 302 2961 σῶμα
316 2872 410 2955 ύδατι,
427 2880 479 2944 καί
491 2876 666 2967 ἀκάθαρτος
678 2884 710 2948 λ’-
741 2907 809 2966 σχον
821 2880 873 2947 τὸν
884 2886 951 2968 περὶ
964 2889 1014 2967 τὴς
1023 2880 1169 2970 ἁμαρτίας
1182 2883 1342 2963 αὐτοῦκαὶ

108 2986 174 3026 σται
188 2966 243 3038 έιος
255 2963 388 3045 ἑσπέρας.
426 2962 458 3005 ²⁸
471 2959 523 3028 ἰάν
535 2963 566 3028 δέ
579 2975 709 3051 καθαρι-
741 2962 900 3040 έξιλάσεται
912 2969 978 3053 περὶ
997 2965 1092 3033 αὐτοῦ
1096 3019 1106 3046 ,
1127 2971 1246 3033 καὶτοῦ
1258 2970 1341 3033 οἴκου

107 3050 169 3136 σθῇ
182 3042 245 3108 ἀπὸ
258 3046 309 3128 τὴς
322 3039 444 3143 ῥῦρεονς,
456 3046 507 3109 καὶ
519 3043 708 3131 ἐξαριθμὴσε-
741 3044 844 3113 αῦτοῦ.
871 3051 947 3113 2καὶ
962 3047 1088 3133 λὴψεται
1103 3050 1173 3128 τοῦς
1190 3048 1244 3118 δύο
1256 3049 1341 3137 χιμά-

105 3149 156 3189 ται
169 3125 248 3208 αὐτῆ
260 3126 336 3188 ἑπτά
351 3128 474 3211 ἡμέρας,
487 3128 539 3192 καί
549 3126 623 3208 μετά
635 3135 709 3195 ταῦ-
740 3155 818 3215 ρους,
837 3132 889 3196 καί
901 3127 997 3214 στὴσει
1010 3132 1119 3210 αῦτσῦς
1130 3139 1225 3200 ε”ναντι
1239 3142 1340 3221 κυρίου

104 3232 144 3272 τα
156 3197 421 3292 καθάρισθὴσεται.
458 3211 488 3253 ²⁹
500 3213 552 3275 καί
564 3213 602 3304 τῇ
615 3207 708 3299 ἡμέρᾳ
738 3212 824 3297 παρά
836 3213 889 3298 τὴν
900 3209 998 3300 θύραν
1017 3222 1067 3300 τὴς
1081 3222 1185 3302 σκηνὴς
1196 3223 1252 3283 τοῦ
1264 3246 1340 3304 μαρ-

104 3295 143 3381 τῃ’
156 3285 247 3383 ὀγδόῃ
259 3285 385 3375 λὴψεται
403 3288 478 3377 αῦτη
490 3289 545 3359 δύο
557 3290 707 3382 τρυγόνας,
739 3301 849 3400 τυρίου.
887 3297 903 3340 ⁸
921 3299 972 3362 καί
996 3298 1130 3386 έπιθὴσει
1149 3300 1266 3387 Ἀαρὼν
1290 3305 1340 3366 έπί

105 3371 123 3456 ἡ
143 3369 198 3438 δύο
219 3373 340 3451 νοσσοὺς
355 3383 549 3463 περιστερῶν,
567 3380 619 3444 καί
636 3379 707 3444 οἴσει
740 3402 808 3453 τους
832 3375 886 3444 δύο
911 3377 1049 3469 χιμάρους
1074 3382 1206 3471 κλὴρους.
1232 3384 1340 3470 κλὴρον

104 3451 183 3521 αῦτόι
201 3454 278 3544 πρὸς
295 3458 350 3524 τόν
371 3462 450 3546 ἶερέα
472 3463 522 3526 ἐπὶ
539 3460 594 3547 τὴν
608 3464 708 3548 θύραν
739 3464 790 3524 ἕνα
802 3466 846 3546 τῷ
855 3469 956 3551 κυρίῳ,
966 3469 1017 3531 καί
1025 3468 1133 3554 κλὴρον
1142 3473 1193 3532 ἕνα
1202 3473 1247 3552 τῷ
1259 3467 1338 3533 ἀπο-

103 3544 156 3623 τὴς
181 3546 285 3626 σκὴνὴς
309 3546 368 3607 τοῦ
389 3549 561 3628 μαρτυρίου.
599 3545 631 3586 ³⁰
656 3545 707 3607 καὶ
738 3550 890 3629 πομπαίῳ.
918 3546 1141 3636 2καίπροςάξει
1155 3548 1339 3634 Ἀαρώντὸν

103 3619 247 3705 ποιὴσειὸ
268 3624 357 3704 ίερεῦς
372 3623 425 3706 τὴν
439 3631 510 3704 μίαν
527 3625 596 3710 περί
608 3618 705 3712 ἆμαρ·
737 3631 867 3714 χίμαρον,
881 3626 924 3712 ἀφ’
944 3627 979 3696 ὃν
999 3632 1127 3716 ίπὴλθεν
1142 3628 1187 3692 ἐπ’
1208 3629 1300 3693 αὐτὸν
1319 3629 1336 3693 ὁ

103 3708 184 3778 τίας,
210 3706 261 3770 καί
282 3704 335 3786 τὴν
346 3710 417 3786 μίαν
439 3710 478 3781 είς
499 3701 703 3793 ὅλοκαύτονμα.
737 3710 843 3798 κλὴρος
855 3717 899 3798 τῷ
915 3720 1020 3800 κυρίῳ,
1041 3712 1092 3776 καί
1107 3717 1251 3796 προςοίσει
1269 3717 1337 3817 περὶ

102 3779 327 3860 καίίξιλάσεται
344 3788 412 3873 περί
428 3785 520 3872 αῦτὴς
536 3785 554 3855 ὅ
568 3788 656 3877 ἶερεῦς
673 3791 703 3858 έ-
736 3789 890 3879 ἁμαρτίας.
926 3798 955 3839 ¹⁰
966 3792 1080 3860 καὶτὸν
1110 3800 1229 3881 ι’μαρσν,
1243 3793 1286 3876 ἐφ’
1302 3798 1337 3862 ὃν

103 3890 184 3930 ναυτι
197 3871 298 3949 κυρίου
311 3864 374 3934 ἀπὸ
392 3865 504 3956 ῥύσεως
516 3871 704 3978 άκαθοιρσίρς
734 3877 862 3958 έπὴλθεν
874 3876 919 3943 ἐπ’
936 3872 1027 3944 αῦτόν
1039 3874 1057 3944 ὁ
1071 3907 1100 3982 κι
1112 3883 1177 3982 ’ρος
1189 3884 1245 3946 τοῦ
1258 3879 1336 3948 ἀπο-

102 3946 202 4031 αῦτὴς.
228 3949 254 3990 ³¹
267 3953 318 4014 καί
337 3950 466 4041 εὐλαβεῖς
481 3952 616 4040 ποιὴσετε
634 3982 704 4033 τους
733 3966 901 4040 πομπαίου,
921 3957 1016 4028 στ’σει
1029 3961 1122 4028 αῦτον
1134 3966 1230 4041 ζωντα
1241 3966 1337 4029 έναντι

103 4027 183 4105 υίοός
200 4027 324 4116 Ἰσραὴλ
345 4032 408 4099 ἀπὸ
432 4040 492 4099 τοῖν
507 4036 702 4121 ἀκαθαρσιιῦν
734 4047 851 4126 κυρίου,
877 4047 931 4107 τοῦ
948 3990 1140 4122 ίὴιλάσασθαι
1159 4043 1203 4108 ἐπ’
1228 4043 1336 4123 αῦτοῦ,

102 4110 211 4176 αὐτῶν.
223 4116 274 4177 καὶ
285 4111 339 4178 οῦκ
351 4114 575 4182 ἀποθανοῦνται
588 4119 637 4182 διά
649 4118 702 4184 τάν
734 4149 759 4185 ιιι

102 4191 293 4300 ἀκαθαρσίαν
300 4192 448 4272 ,αῦτιῦῃέν
459 4202 504 4261 τιῦ
514 4205 635 4279 μιαίνειν
646 4227 702 4266 αυ-
732 4201 862 4326 πομπὴν,
874 4207 925 4268 καί
937 4203 1040 4288 ἀφὴσει
1053 4206 1145 4270 αὐτὸν
1153 4210 1192 4281 είς
1203 4232 1256 4309 τὴν
1267 4212 1335 4297 ἔρῃ.

744 4120 760 4144 t!

760 4148 805 4197 ςτε
822 4123 995 4190 ἀποστεῖλαι
1016 4126 1108 4191 αὐτὸν
1126 4131 1164 4199 είς
1185 4122 1239 4226 τὴχ
1257 4124 1336 4192 ἀπο-

100 4273 170 4351 τοῦς
192 4301 245 4362 την
265 4273 369 4360 σκῃνὴν
392 4303 448 4359 μου
469 4263 523 4361 τὴν
541 4283 572 4344 έν
589 4279 699 4359 αὐτοῖς.
732 4309 797 4367 μον,
835 4287 911 4347 1καὶ
928 4284 1062 4391 προςάξει
1076 4285 1193 4372 Ἀαρών
1209 4315 1262 4354 τον
1277 4294 1330 4377 μό-

101 4359 130 4402 22
142 4351 258 4436 οῦτοςὸ
272 4355 358 4441 νόμος
371 4363 426 4424 τοῦ
441 4363 625 4447 γονοῤῥυοῦς.
651 4370 702 4430 καὶ
734 4389 804 4448 σχον
824 4363 880 4426 τὸν
896 4367 965 4449 περι
986 4372 1037 4448 τὴς
1059 4365 1206 4454 ἁμαρτίας
1228 4373 1332 4453 αὐτοῦ,

99 4437 152 4507 έάν
165 4467 218 4508 τινι
232 4442 337 4531 ἐξελθῃ
355 4445 386 4520 ἐξ
404 4439 500 4506 αῦτοῦ
511 4449 595 4526 κοίτῃ
609 4448 700 4532 σπέρ-
732 4448 784 4508 καὶ
803 4441 961 4521 ίξιλύσεται
980 4453 1045 4537 περὶ
1065 4454 1186 4533 έαυτοῦ,
1212 4461 1333 4527 καὶτοῦ

1251 4543 1333 4609 οἴκου
