2924 4972
254 227 547 291 ΒΑΣιΛσιιιΝ
569 232 798 295 mmm
840 235 918 311 σοι.
931 233 969 318 η’.
982 234 1025 298 εν.
1039 233 1069 299 8.
1085 234 1115 302 9.
1246 241 1311 308 315

61 359 168 420 ταῦτα.
180 354 269 418 ²⁹ua5
282 356 334 416 νῦν
345 351 436 436 ἄρξαι
449 355 500 416 ιιαί
512 349 673 436 εύλὸνησον
708 352 859 420 ἀπέστειλε
883 355 965 421 Θοού
990 354 1165 444 Ἰεδδουράμ
1182 362 1236 426 τὸν
1252 364 1318 428 υἱὸν

62 438 116 503 τὸν
131 435 215 503 οἶκον
232 438 289 501 τοῦ
306 432 416 501 δούλου
434 460 506 511 σου,
531 440 588 501 τού
602 434 673 500 εἶναι
708 435 805 502 αὐτοῦ
821 435 899 525 πρὸς
914 439 1041 525 βασιλέα
1054 444 1153 506 Δαυίδ
1229 451 1318 529 τῆσαι

63 526 103 596 είς
113 520 168 586 τὸν
179 523 275 586 αίῶνα
288 512 416 583 ἐνώπιόν
428 544 495 594 σου,
510 513 557 582 ὅτι
570 516 606 584 σὺ
619 515 673 582 νύ·
708 517 801 584 αὐτὸν
817 522 857 587 τά
874 527 914 598 είς
930 518 1060 609 είρηνην,
1086 527 1137 590 καί
1155 525 1187 590 εύ
1208 533 1318 612 ογηοαι

63 607 109 690 ριὲ
117 628 176 686 μου
191 599 272 689 ιιύριε
289 598 450 684 ἐλάλησας,
474 602 525 665 ιιαί
544 598 608 667 άπὸ
621 604 674 685 της
708 599 805 668 αὐτὸν
816 601 893 711 ύπὲρ
904 598 941 669 ού
951 605 1110 711 ἐπολέμησε
1123 607 1317 716 τόνἈδραα·

64 688 199 763 εύλομίας
221 710 279 751 σου
304 680 535 768 εὖλονηθησεται
553 680 571 749 5
590 682 673 760 οἶκος
709 683 780 769 ζάρ,
806 689 857 751 ιιαί
875 682 1020 766 ιπάταξεν
1036 689 1145 766 αυτὸν,
1172 688 1219 758 ὅτι
1232 719 1319 759 αντι-

63 774 117 835 τού
124 766 234 836 δούλου
244 793 299 835 σου
308 772 363 833 τοῦ
373 766 446 832 εἶναι
455 777 495 844 εἰς
503 767 557 833 τὸν
567 773 671 833 αἰῶνα.
709 772 834 848 κείμενος
846 758 882 850 ἦν
895 774 938 852 τῷ
950 768 1129 858 Ἀδρααζάρ,
1145 777 1197 842 καί
1209 780 1240 842 ἐν
1250 786 1318 853 ταῖς

254 856 288 915 Κ
299 857 330 915 Ε
343 856 382 915 Φ.
426 847 483 916 H‘.
708 848 915 937 χερσίναύτού
927 840 1004 934 ἦσαν
1017 851 1104 938 σκεύη
1116 854 1242 946 ἀργυρᾶ,
1265 861 1317 926 καί

65 901 274 1013 Καλὲμίνετο
320 934 358 1000 τά
367 939 473 1012 ταῦτα,
483 936 534 1000 καί
543 930 672 1012 ἐπάταξε
710 928 796 1017 σκεύη
808 937 914 1034 χρυοά,
927 935 979 999 καί
991 933 1078 1019 σκεύη
1090 937 1193 1020 χαλκᾶ.
1228 948 1252 986 ¹¹
1265 944 1317 1009 καί

17 1014 22 1069 ί
66 1020 162 1083 Λαυίδ
170 1016 244 1094 τούς
257 960 458 1098 ἀλλοφύλους,
473 1020 524 1084 καί
537 1014 672 1101 ἒτροπαί-
709 1021 808 1081 ταῦτα
828 1021 950 1099 ημίασεν
967 1012 985 1117 5
1005 1017 1140 1103 βασιλεὺς
1158 1027 1255 1091 Δαυίδ
1271 1031 1316 1109 τῷ

64 1126 135 1166 σατο
161 1095 282 1176 αύτούς.
309 1105 360 1166 καὶ
384 1102 474 1186 ὲλαβε
500 1100 597 1165 Δαυὶδ
618 1097 673 1183 την
709 1103 804 1183 κυρίῳ
815 1097 1317 1186 μετάσοῡαρνυρίουιιαίμετὰωῦ

20 1166 24 1255 λ
63 1181 268 1269 ἆφαρισμίνην
294 1187 327 1248 ἐκ
348 1182 441 1268 χειρὸς
463 1188 525 1247 τῶν
543 1179 673 1260 ἆλλοφύ·
709 1173 882 1324 ρρυσίοιηού
894 1177 1057 1264 ἢνίασενίκ
1069 1188 1175 1248 πασῶν
1187 1184 1318 1253 τῶνπό-

63 1267 129 1330 λον.
147 1269 227 1331 2ιιαί
239 1263 369 1341 ἐπάταξε
381 1265 479 1329 Δαυίδ
490 1264 545 1347 τὴν
558 1261 673 1348 Μωάβ,
730 1287 787 1327 εων
812 1288 855 1328 ων
876 1258 1155 1340 ιιατεδυνάστευσεν,
1179 1269 1206 1307 ¹²
1219 1271 1251 1331 ἐκ
1267 1274 1320 1351 τῆς

62 1351 113 1412 ναί
138 1349 324 1450 διεμέτρησεν
350 1345 461 1421 αὐτοὺς
478 1349 508 1409 ἐν
526 1350 673 1429 σχοινίοις,
708 1342 891 1426 Ἰδουμαίας,
916 1347 969 1411 ιιαὶ
981 1349 1014 1410 ἐκ
1025 1351 1079 1429 τῆς
1092 1345 1207 1433 Μιαάβ,
1222 1352 1274 1414 καί
1285 1354 1318 1414 lx

60 1437 196 1514 κοιμίσας
210 1427 322 1501 αυτούς
334 1428 385 1491 ἐπὶ
396 1423 451 1510 τὴν
463 1432 528 1512 νην.
545 1429 598 1492 καί
609 1431 672 1504 ἐμέ·
711 1431 772 1492 τοῖν
784 1432 856 1492 υίοῦν
862 1426 990 1510 Ἀμμών,
1003 1431 1055 1494 καί
1067 1432 1100 1493 ἐν
1111 1435 1172 1495 τῶν
1182 1429 1319 1514 ἀλλοφύ-

60 1538 127 1578 νετο
141 1511 182 1576 τά
195 1507 251 1575 δύο
264 1513 454 1592 οχοινίσματα
464 1515 520 1576 τοῦ
529 1514 672 1575 θανατώ·
709 1509 780 1586 λων,
796 1513 848 1576 ιιαί
860 1513 890 1588 ἐξ
901 1509 1046 1595 Ἀμαλίμι,
1063 1513 1114 1575 ιιαί
1127 1515 1159 1576 ἐκ
1172 1518 1233 1578 τῶν
1244 1511 1315 1580 σαύ-

60 1622 132 1670 σαι,
151 1595 204 1656 καί
216 1591 257 1655 τά
270 1585 324 1655 δύο
338 1598 531 1677 σχοινίοματα
543 1589 672 1678 ε’ζώγρη-
708 1592 770 1657 λον
786 1591 956 1679 Ἀδρααζάρ
975 1599 1041 1659 υἱοῦ
1054 1591 1152 1682 Ῥαάβ
1169 1597 1316 1683 βασιλέως

60 1701 103 1740 σε.
132 1675 183 1738 καί
203 1676 317 1751 ἐγένετο
334 1673 440 1761 Μιοάβ
457 1680 503 1760 τῷ
519 1677 617 1742 Δαυίδ
631 1680 671 1751 εἰς
707 1673 821 1765 Σουβά.
846 1679 874 1720 ¹³
887 1679 938 1742 ιιαί
954 1678 1075 1761 ἐποίησε
1093 1680 1192 1743 Δαυίδ
1209 1678 1315 1765 ὄνομα.

60 1753 191 1832 δούλους
203 1761 348 1861 φέροντας
361 1759 448 1832 ξένια.
462 1761 532 1824 3ιιαί
544 1754 671 1836 ἐπάταξε
708 1760 759 1825 καί
772 1764 802 1826 ἐν
814 1765 858 1843 τῷ
871 1755 1071 1842 ἀνακάμπτων
1082 1757 1175 1827 αὐτὸν
1186 1759 1315 1840 ἐπάταξε

62 1841 162 1905 Δαυὶδ
178 1839 232 1904 τὸν
246 1838 413 1926 Αδρααζάρ
427 1841 495 1908 υίόν
506 1838 604 1928 Ῥαὰβ
611 1846 669 1948 βα-
706 1838 761 1925 την
781 1841 952 1925 Ἰδουμαίαν
968 1845 999 1907 ἐν
1014 1842 1142 1930 Γεβελέμ
1164 1850 1204 1921 είς
1220 1845 1315 1911 ὀκτω-

61 1924 142 1988 οιλέα
154 1923 272 2009 Σουβά,
286 1926 481 2008 πορευομένου
494 1923 590 1990 αὐτοῦ
604 1950 669 1989 επι-
706 1925 828 1991 καίδειια
845 1923 986 2011 χιλιάδας.
1024 1929 1054 1969 ¹⁴
1067 1929 1118 1991 καί
1130 1932 1219 1993 ἔθετο
1232 1932 1264 1993 δν
1276 1933 1316 2023 τῇ

62 2010 167 2090 στῆσαι
179 2003 234 2089 τὴν
246 2018 327 2093 χεῖρα
338 2006 434 2072 αὐτοῦ
443 2010 494 2073 ἐπί
506 2008 561 2073 τὸν
568 2033 668 2074 ποτα·
702 2005 856 2091 Ἰδουμαίᾳ
870 2034 892 2091 φ
913 2007 1007 2094 ουράν
1024 2013 1055 2075 ἰν
1067 2011 1153 2103 πάση
1164 2015 1204 2105 τῇ
1217 2009 1315 2076 Ἰδου-

60 2088 114 2155 ιιὸν
132 2087 305 2173 Εὐφράτην.
331 2088 413 2154 *καὶ
428 2087 668 2177 προκατελάβετο
704 2097 789 2174 μαίᾳ.
816 2093 868 2156 καί
891 2035 1028 2171 λμένοντο
1045 2088 1152 2169 πάντες
1169 2099 1200 2158 οἱ
1217 2090 1314 2160 Ἰδου·

61 2172 157 2237 Δαυίδ
172 2177 233 2239 τῶν
250 2171 348 2238 αὐτοῦ
362 2173 445 2277 μίλια
456 2169 592 2259 ἅρματα,
617 2176 670 2239 καί
705 2187 787 2256 μαῖοι
797 2174 901 2244 δοῦλοι
910 2179 954 2257 τῷ
952 2174 1086 2320 βασιλεῖ.
1096 2178 1148 2241 καί
1155 2179 1249 2241 ἔσωσε
1260 2174 1315 2241 κύ-

60 2253 138 2319 ἑπτά
148 2250 279 2339 χιλιάδας
292 2258 425 2333 ίππεων,
451 2259 503 2322 καὶ
514 2257 607 2324 εἴκοσι
623 2284 668 2342 χι-
706 2283 768 2340 ριος
780 2255 835 2322 τὸν
845 2258 944 2322 Δαυίδ
966 2255 1313 2343 νπᾶσινοίςίπορεύετο.

59 2334 165 2413 λιάδας
188 2335 306 2425 ἀνδρῶν
322 2341 426 2414 πεζῶν.
453 2342 505 2405 ιιαί
520 2341 669 2424 παριλυσε
705 2341 790 2403 16ιιαί
801 2339 968 2425 ἐβασίλευσε
977 2341 1074 2405 Δαυίδ
1085 2342 1135 2404 ίπί
1142 2335 1244 2406 πάντα
1253 2339 1315 2407 Ἰσ-

60 2421 160 2484 Δαυίδ
170 2415 271 2485 πάντα
282 2419 322 2485 τά
336 2417 465 2506 ἅρματα,
487 2424 541 2488 καί
554 2420 669 2488 ύπελεί-
726 2417 794 2505 αήλ.
817 2424 870 2486 καί
886 2412 922 2505 ἦν
936 2424 1034 2486 Δαυὶδ
1049 2428 1145 2486 ποιῶν
1160 2428 1250 2520 κρίμα
1264 2426 1315 2488 καί

56 2527 133 2568 πετο
159 2503 256 2587 ἑαυτῷ
281 2505 388 2570 ἑκατὸν
417 2501 547 2590 ἅρματα.
586 2506 669 2569 ὅιιαί
706 2449 891 2587 δικαιοσύνην
911 2506 962 2568 ἐπὶ
977 2500 1079 2568 πάντα
1099 2500 1151 2567 τὸν
1166 2502 1242 2567 λασν
1258 2504 1315 2568 αύ-

56 2590 256 2671 παρανίνεται
267 2592 362 2691 Συρία
376 2593 539 2668 Δαμασκοῦ
551 2591 669 2672 βοηθῇ·
706 2591 769 2652 τού.
796 2583 998 2670 16ιιαίἸωδιβ
1016 2581 1080 2658 υίὸς
1093 2587 1248 2669 Σαρουίας
1266 2589 1317 2650 ἐπί

58 2695 112 2735 οαι
123 2672 170 2750 τῷ
181 2664 348 2754 Ἀδρααζαρ
360 2669 478 2755 βασιλεῖ
488 2667 603 2755 Σουβά,
619 2671 669 2732 καί
707 2675 758 2751 τῆς
771 2673 923 2750 στρατιάς.
937 2671 987 2731 καί
998 2664 1152 2748 Ἰωσαφάτ
1165 2665 1316 2753 υίὸςἈχι-

57 2747 190 2827 ἐπάταξε
202 2752 301 2816 Λαυίδ
313 2754 344 2817 ἓν
360 2757 405 2836 τῷ
416 2749 509 2836 Σύρῳ
524 2747 668 2817 εἰκοσιδύο
705 2749 782 2815 λούδ
807 2752 936 2815 ἐπὶτῶν
955 2747 1184 2834 ὑπομνημάτων.
1223 2753 1250 2794 ¹⁷
1263 2753 1315 2817 καί

56 2834 192 2918 χιλιάδας
209 2832 333 2919 ἀνδρῶν.
371 2837 451 2900 fluat
470 2839 559 2899 ὲθετο
573 2835 670 2899 Δαυίδ
705 2831 816 2899 Σαδώιι
830 2831 1315 2939 υἱὸςἈχιτώβναίἈχιμελεχυὶὀς

57 2916 196 3002 φρουράν
209 2920 240 2982 ἒν
249 2924 348 3001 Συρίη
362 2922 398 3013 τῇ
411 2918 488 2982 κατὰ
499 2915 667 2999 Δαμασκὸν,
701 2914 860 3002 Ἀβιάθαρ,
875 2921 967 3000 ἱερεῖς.
981 2919 1032 2981 καί
1042 2917 1134 2982 Σαοὰ
1148 2942 1315 3002 ογραμμα·

56 3003 108 3066 ναί
120 3002 236 3079 ἐγένετο
247 2997 266 3064 5
278 2996 378 3086 Σύρος
390 3007 433 3084 τῷ
445 3002 542 3066 Λαυίδ
550 3005 588 3076 είς
596 2997 668 3065 δού-
706 2996 778 3076 τεύς.
798 3001 883 3066 18ιιαί
892 3005 1034 3074 Βαναίας
1048 2999 1111 3074 υίὸς
1120 2997 1225 3065 Ἰιοδαὲ
1239 2996 1314 3084 σύμ-

57 3082 129 3159 λους
142 3085 289 3168 φέροντας
300 3086 388 3160 ξένια.
403 3087 455 3148 καὶ
466 3088 555 3150 ἔσωσε
567 3081 667 3168 κύριος
705 3084 823 3169 βουλος.
849 3086 902 3148 καὶ
920 3081 938 3146 5
954 3083 1080 3158 Χελεθί,
1106 3080 1186 3166 ιιαίρ
1202 3083 1314 3161 Φελατί,

55 3165 108 3230 τὸν
134 3167 233 3231 Δαυὶδ
256 3170 289 3231 ἐν
313 3172 407 3232 πᾶσιν
432 3168 475 3241 οίς
500 3162 666 3254 ἐπορεύετο.
706 3167 984 3231 καὶοῑυίοίΔαυίδ
995 3165 1140 3273 αύλάρηαι
1155 3167 1238 3250 ἦσαν.

58 3250 127 3314 7ιιαί
140 3249 231 3336 ἔλαβε
245 3251 345 3315 Δαυὶδ
355 3247 428 3324 τούς
444 3249 587 3334 χλιδῶνας
598 3248 667 3326 τούς
895 3256 929 3312 Κ
941 3257 970 3313 E
982 3256 1020 3313 Φ.
1069 3252 1130 3331 Θ..

54 3338 183 3435 μρυσοῦς
203 3340 236 3398 οἳ
247 3323 322 3417 ἦσαν
342 3335 392 3398 ἐπὶ
404 3337 464 3397 τῶν
476 3334 594 3398 παίδων
606 3337 667 3399 τῶν
757 3334 789 3395 αὶ
802 3330 864 3395 εἶπε
878 3332 983 3396 Δαυίδ.
1010 3337 1035 3395 εί
1049 3335 1126 3395 ἔστιν
1144 3335 1187 3395 ἔτι
1206 3329 1315 3396 ὑπολε-

54 3412 222 3501 Αδρααζδιρ
235 3416 380 3499 βασιλέως
390 3416 505 3502 Σουβὰ,
519 3418 571 3479 καί
584 3413 667 3497 ἤνεμ-
707 3415 855 3498 λειμμένος
864 3418 894 3477 ἐν
902 3418 946 3495 τῷ
958 3415 1031 3495 οἴκῳ
1042 3410 1158 3487 Σαούλ,
1168 3415 1220 3476 καί
1226 3410 1316 3496 ποιη-

57 3522 104 3562 ιιεν
117 3495 200 3561 αὐτά
215 3502 254 3572 είς
265 3495 467 3583 Ἰερουσαλήμ.
493 3500 544 3562 ιιαὶ
562 3497 668 3583 ἐλαβεν
708 3525 753 3563 σω
764 3494 821 3580 μετ’
839 3493 935 3560 αὐτοῦ
949 3495 1032 3568 ἐλεος
1045 3500 1138 3577 ἕνεκεν
1146 3490 1316 3571 Ἰοινάθαν,Ι

58 3578 139 3646 αύτά
162 3584 316 3664 Σουσακίμ
339 3581 477 3669 βασιλεὺς
497 3578 667 3658 Αἰγύπτου,
707 3584 778 3646 2καί
790 3584 823 3645 ἐκ
835 3582 891 3643 τοῦ
904 3579 988 3642 οἴκου
1000 3576 1107 3641 Σαούλ
1122 3577 1158 3660 ἦν
1169 3587 1252 3651 παῖς,
1264 3577 1317 3643 καί

59 3668 144 3747 ἐντῷ
159 3662 304 3750 ἀναβῆναι
318 3666 414 3731 αὐτὸν
424 3670 462 3741 εἷς
470 3662 668 3747 Ἰερουσαλὴμ
709 3663 804 3745 ὄνομα
823 3661 907 3744 αύτῷ
920 3657 1008 3747 Σιβά.
1035 3662 1086 3724 καί
1101 3660 1242 3725 καλοῦσιν
1259 3658 1316 3727 αύ-

59 3750 87 3810 ε’ν
99 3745 221 3833 ἡμέραις
234 3745 366 3834 Ῥοβοάμ
379 3752 447 3814 υἱοῦ
462 3746 667 3828 Σολομῶντος.
708 3747 761 3812 τὸν
773 3744 848 3829 πρὸς
862 3747 966 3810 Δαυίδ.
981 3744 1033 3808 ιιαὶ
1045 3742 1123 3809 εἶπεν
1134 3740 1211 3827 πρὸς
1224 3742 1317 3808 αὐτὸν

58 3831 130 3897 8ναὶ
142 3836 174 3896 ἐκ
188 3837 241 3914 της
252 3832 393 3917 Μετεβὰκ
406 3834 456 3896 καί
469 3834 501 3895 ἐκ
514 3835 575 3894 τῶν
588 3829 668 3894 ἐκλε-
708 3828 726 3895 ὁ
739 3824 884 3915 βασιλεύς.
899 3827 936 3892 σὺ
947 3821 1079 3977 είΣιβά,Ι
1092 3830 1143 3892 καὶ
1156 3826 1241 3893 εἶπεν.
1255 3826 1314 3907 ἐγώ

57 3918 135 3979 ντῶν
161 3909 281 3979 πόλεων
299 3921 354 3979 τοῦ
372 3912 539 4000 Ἀδρααζάρ
559 3913 668 4000 ἐλαβεν
707 3912 814 3988 δοῦλος
828 3907 887 3986 σάς.
913 3911 1013 3976 3ιιαίε
1025 3935 1078 3974 πεν
1090 3907 1108 3974 5
1121 3908 1265 3997 βασιλεύς.
1291 3917 1317 3977 εί

58 3993 75 4059 5
94 3993 234 4084 βουλεύς
247 3998 345 4063 Δαυίδ
359 3997 469 4082 χαλκὸν
481 3998 577 4062 πολύν
590 3998 665 4078 σφό-
707 3995 923 4061 ύπολελειπται
936 3998 969 4059 ἐκ
981 3999 1038 4060 τοῦ
1054 3994 1139 4058 οἴνου
1152 3994 1258 4060 Σαοὺλ
1271 3998 1316 4061 ἔτι

57 4081 123 4164 δρα.
158 4085 190 4147 ἒν
209 4079 294 4165 αὐτῷ
312 4084 430 4164 ἐποίησε
447 4078 598 4165 Σαλομών
615 4079 668 4182 τίμ
707 4079 795 4165 άνίηρ,
826 4080 877 4143 καί
901 4074 1019 4163 ποιησαι
1035 4075 1093 4163 μετ’
1117 4075 1211 4142 αὐτοῦ
1229 4078 1316 4154 ἔλεος

57 4161 223 4230 θάλασσαν
236 4163 291 4249 τὴν
303 4164 428 4249 χαλκῆν,
453 4167 504 4228 καὶ
517 4164 586 4238 τοὺς
599 4190 665 4228 στυ-
706 4168 796 4241 δεού,
810 4164 861 4228 καί
872 4161 933 4226 είπε
943 4160 1023 4249 Σιβά
1032 4158 1109 4247 πρὸς
1119 4159 1171 4227 τὸν
1179 4161 1314 4249 βασιλέα.

58 4246 145 4324 λους,
168 4250 219 4312 καί
231 4250 301 4324 τοὺς
313 4247 477 4333 λουτῆρας,
504 4250 555 4312 καί
567 4244 668 4311 πάντα
707 4252 750 4310 ἔτι
763 4250 843 4312 ἐστίν
856 4245 919 4321 υίὸς
931 4252 976 4330 τῷ
990 4243 1142 4312 Ἰωνάθαν
1156 4245 1235 4310 πεπλ
1255 4241 1316 4322 μιδς

58 4329 97 4394 τά
110 4328 207 4415 σκεύη.
229 4333 246 4374 ¹³
260 4333 312 4396 καί
328 4330 437 4416 ἤκουσε
455 4328 537 4395 Θοού
551 4329 569 4395 5
563 4335 666 4478 νβαοι-
707 4328 778 4403 τοὺς
794 4325 899 4406 πόδας.
939 4331 1020 4395 4ναί
1037 4330 1114 4395 εἶπεν
1132 4326 1150 4392 5
1167 4274 1314 4412 βασιλεύς.

59 4413 122 4490 λεὺς
139 4411 264 4497 Ἣμάθ,
290 4411 336 4479 ὅτι
354 4415 481 4490 ἐπάταξε
496 4416 572 4480 Actu*
608 4418 667 4477 πᾶ·
706 4417 769 4476 ποῦ
789 4404 896 4490 οὗτος,
921 4417 972 4477 ναί
990 4414 1067 4477 εἶπεν
1080 4410 1158 4493 Σιβά
1172 4407 1248 4491 πρὸς
1261 4408 1317 4474 τὸν

59 4525 115 4565 σαν
142 4497 197 4580 την
219 4494 339 4580 δύναμιν
355 4496 539 4585 Ἀδρααζάρ,
577 4500 605 4540 ¹⁰
620 4496 670 4560 καί
706 4495 837 4562 βασιλέα.
877 4493 941 4560 wo.)
968 4499 998 4559 ἐν
1025 4495 1098 4576 οἴνῳ
1117 4493 1224 4591 Μαχίρ
1248 4493 1316 4554 υίού

1212 4565 1315 4647 Λμιίηλ
