2924 4972
173 222 240 290 920
455 217 758 277 ιστιιιιιεια
796 204 1129 293 ιιιφ.ιο’.μ’.39.4ο.
1327 300 1413 311 -

170 314 221 396 καί
237 323 495 430 καθαρισθησεται
513 324 532 409 ἡ
549 331 598 406 γη.
627 327 718 390 17καί
737 324 774 392 σὺ
806 328 928 409 στρέψαι
944 322 1042 390 οὐκέτι
1059 320 1096 387 τὸ
1107 317 1272 406 πρύςονπύν
1284 346 1349 403 μου
1368 319 1418 386 ἀπ’

170 413 216 481 un
235 411 403 496 άνθροιπου
422 403 513 472 ελπύν.
538 405 607 474 τάδε
629 407 705 485 λέγει
721 403 774 474 κύ-
806 406 918 480 αύτῶν,
932 404 1002 471 ἄνθ’
1017 397 1060 470 ῶν
1072 408 1168 489 λξέχεα
1179 402 1236 470 τὸν
1248 398 1359 486 θυμύν
1366 430 1422 486 μου

171 520 241 581 ριος.
266 491 349 559 εἶπάν
360 491 452 556 παντί
463 488 557 574 ὀρνέῳ
568 494 706 573 πετεινηῖ,
724 491 775 554 καί
806 491 857 590 ἐπὶ
875 487 929 554 τὸν
945 486 1030 554 ολκον
1049 485 1187 573 Ἰσραὴλ,
1214 486 1299 564 λέγει
1321 485 1423 574 κύριος

171 575 249 663 πρὸς
258 572 357 640 πάντα
366 572 405 639 τά
414 579 511 656 θηρία
520 578 576 638 τοῦ
585 574 694 638 πεδίου.
707 598 774 638 συν-
806 596 915 656 κυριος.

172 656 284 743 άχθητε
302 658 354 720 καί
370 658 504 740 ἔρχεσθε,
530 652 696 740 συνάχθητε
711 651 773 720 άπὸ
992 655 1114 718 m).
1155 645 1221 716 Μ’.

172 737 295 807 πάντων
312 742 373 802 τῶν
390 733 556 818 περικύκλῳ
580 739 631 802 ἐπὶ
645 737 700 820 τὴν
715 747 775 802 θυ-
805 702 891 800 Καλ
902 736 1015 812 ἐγένετο
1029 739 1060 799 έν
1071 737 1117 815 τῷ
1127 735 1260 816 πέμπτῳ
1275 736 1334 799 καλ
1343 740 1425 801 ελκο-

174 827 240 887 σιἀν
251 847 323 905 μου,
349 817 383 901 ἣν
394 821 509 885 τέθυκα
523 817 590 898 ύμῖν
601 825 713 885 θυσίαν
718 844 776 920 μι-
805 822 867 901 στῶ
884 821 942 882 ἔτει
959 821 1012 900 τῆς
1037 814 1239 899 αἰχμαλωσίας
1257 813 1367 898 ἡμῶν,
1394 823 1426 883 έν

172 902 268 988 γάλην
281 905 332 967 ἐπὶ
343 900 382 965 τά
395 899 451 986 ὅρη
460 898 598 984 Ἰσραὴλ,
622 902 674 966 καλ
684 925 775 980 φαγε-
805 905 850 982 τῴ
862 896 973 983 πρώτῳ
985 901 1064 982 μηνί,
1077 895 1186 989 δεκάτη
1199 902 1257 963 τοῦ
1269 896 1385 983 μηνὸς,
1394 906 1425 966 ἐν

174 996 228 1052 σθε
245 986 336 1067 κρέα,
361 985 414 1047 καὶ
429 987 535 1047 πίεσθε
552 983 635 1067 αίμα.
660 983 775 1065 18κρεόι
805 987 849 1047 τῶ
868 975 1165 1065 τεσσαρεςκαιδεκάτῳ
1182 984 1259 1056 ἔτει,
1286 983 1368 1064 μετά
1388 986 1424 1049 ιδ

173 1063 319 1147 γιγάντων
336 1061 483 1146 φάγισθι,
508 1066 561 1129 καί
578 1066 652 1167 αίμα
668 1059 776 1169 άρχύν-
805 1046 919 1129 ἁλῶναι
931 1064 986 1146 την
997 1060 1096 1136 πάλιν,
1113 1066 1144 1126 έν
1156 1066 1194 1153 τῇ
1209 1060 1312 1148 ἡμέρᾳ
1327 1069 1424 1159 ἐκείνη

172 1175 235 1215 των
251 1154 304 1233 τῆς
318 1152 371 1229 γῆς
390 1153 503 1212 πίεσθε.
532 1173 633 1232 κριους
653 1173 705 1212 και
719 1145 775 1229 μύ-
806 1149 918 1225 έγὲνετο
930 1146 975 1211 ἐπ’
990 1146 1039 1229 ε’μὲ
1053 1146 1114 1229 χεὶρ
1127 1150 1243 1227 κυρίου,
1256 1148 1315 1210 καὶ
1328 1147 1425 1231 ἤγαγέ

174 1256 262 1316 σχους
291 1232 343 1295 καλ
370 1224 512 1314 τράγους,
540 1231 592 1294 καὶ
615 1233 647 1295 σί
671 1224 775 1313 μόσχοι
806 1254 840 1311 με
864 1231 923 1295 λέν
940 1225 958 1292 ὁ
978 1223 1043 1293 άσει
1063 1230 1137 1291 θεοῦ
1157 1230 1196 1300 είς
1210 1225 1269 1310 την
1282 1232 1345 1312 γῆν
1360 1227 1422 1295 Ἰσ-

175 1315 385 1395 λστεατιομένοι
396 1308 515 1387 πάντες.
539 1308 776 1394 19καίφάγεσθε
806 1309 899 1398 ρσὴλ,
922 1337 973 1376 και
985 1312 1079 1393 ἔθηκέ
1093 1333 1129 1393 με
1143 1305 1189 1373 ἐπ’
1207 1307 1283 1393 ὅρος
1298 1309 1422 1394 ὑψηλὸν

175 1399 267 1481 στέαρ
279 1400 318 1471 ιίς
328 1393 510 1497 πλησμονὴν,
523 1394 575 1458 καί
586 1399 691 1460 πίεσθε
703 1393 777 1477 αίμα
808 1389 941 1479 σφόδρα,
965 1393 1017 1457 καί
1029 1389 1073 1457 ἐπ’
1089 1388 1175 1473 αὐτῷ
1186 1388 1254 1466 ῶςεὶ
1268 1393 1420 1478 οἰκοδομὴ

175 1483 213 1554 είς
236 1481 332 1561 μέθην
357 1476 419 1541 άπο
443 1481 496 1557 τῆς
521 1482 631 1551 θυσίας
647 1503 720 1559 μου,
743 1468 777 1560 ἧς
807 1472 921 1550 πόλεως
944 1474 1102 1547 ἀπέναντι,
1126 1473 1206 1538 3καί
1227 1472 1374 1558 εἰςὴγαγέ
1386 1503 1419 1560 με

174 1563 273 1625 ἔθυσα
285 1557 362 1642 ύμῖν.
374 1560 461 1622 20καλ
471 1556 718 1642 έμπλησθησεσθε
728 1561 778 1623 ἐπὶ
808 1561 873 1622 ἐκεῖ.
899 1562 950 1623 καί
962 1556 1028 1622 ίδοδ
1041 1552 1124 1641 ἀνὴρ,
1143 1557 1194 1620 καί
1207 1552 1225 1638 ἡ
1238 1554 1352 1642 δ’ρασις
1365 1559 1418 1625 αύ-

174 1646 227 1727 της
239 1644 385 1725 τραπεζης
395 1665 453 1722 μου
456 1687 468 1716 ,
492 1645 588 1704 ἵππον
600 1642 651 1704 καί
663 1635 776 1727 άναβά-
808 1644 863 1706 τοῦ
882 1628 917 1725 ἦν
934 1635 1001 1715 ῶςελ
1019 1635 1122 1721 ὅρασις
1144 1637 1259 1722 χαλκοῦ
1280 1642 1416 1729 στιλρον-

174 1748 228 1808 την
238 1726 288 1787 καί
298 1728 426 1801 γίγαντα
437 1723 489 1787 καλ
500 1720 601 1788 πάντα
613 1721 709 1808 άνδρα
717 1748 778 1788 πο-
808 1748 877 1800 τος,
901 1724 954 1787 καὶ
968 1726 1000 1787 ἐν
1011 1724 1050 1811 τῇ
1065 1721 1138 1805 χειρὶ
1154 1720 1254 1787 αὐτοῦ
1267 1712 1306 1808 ἦν
1319 1751 1415 1810 σπαρ-

176 1803 326 1890 λιμιστίην,
351 1804 427 1883 λέγει
447 1800 556 1889 κύριος.
581 1807 607 1848 ²¹
621 1807 673 1871 κοιλ
689 1799 778 1872 δώσω
808 1810 873 1871 τίον
884 1800 1050 1888 οἰκοδόμων
1053 1851 1065 1880 ,
1088 1805 1139 1868 καὶ
1147 1799 1287 1889 κάλαμος
1298 1810 1355 1892 μέτ
1373 1832 1412 1884 ον,

174 1884 330 1973 τηνδύξσν
346 1914 406 1971 μου
424 1890 456 1952 ἐν
470 1888 554 1990 ὑμῖν,
578 1889 629 1951 καί
647 1886 779 1971 ὄψονται
809 1890 860 1953 καί
885 1885 978 1962 αύτδς
1003 1880 1127 1972 ιίστὴκει
1151 1889 1203 1951 ἐπὶ
1228 1892 1284 1973 τῆς
1310 1834 1372 1955 πάλ
1401 1938 1412 1965 ,

174 1967 275 2035 πάντα
299 1970 339 2035 τά
364 1973 438 2052 ἔθνη
462 1993 517 2052 την
540 1975 635 2054 κρίσιν
658 1995 717 2053 μου
742 1966 778 2052 ἣν
808 1971 889 2036 *καί
902 1968 964 2035 εἷπε
980 1966 1058 2055 πρὸς
1073 1966 1109 2051 μὲ
1122 1966 1140 2033 ὁ
1153 1965 1241 2054 ἀνήρ.
1269 1969 1414 2059 ὃνέῶριι-

174 2056 313 2136 λποίησα,
328 2053 378 2116 καί
390 2049 441 2135 την
443 2048 535 2175 χεῖρά
545 2076 603 2134 μου
615 2046 652 2134 ἢν
665 2047 778 2134 ἐπηγα-
809 2079 863 2129 κας
875 2051 920 2118 υἱὲ
933 2047 1110 2137 ἀνθρώπου,
1122 2055 1156 2117 ἐν
1168 2065 1232 2128 τοῖς
1242 2051 1414 2139 ὀφθαλμοῖς

174 2159 230 2211 γον
242 2132 286 2198 ἐπ’
301 2129 422 2208 αύτούς.
487 2135 540 2197 καλ
552 2129 720 2211 γνώσονται
731 2133 778 2200 οί-
808 2161 865 2201 σου
878 2136 929 2212 ἴδι,
942 2137 992 2203 καί
1004 2138 1037 2200 ἐν
1045 2145 1109 2210 τοῖς
1117 2131 1177 2201 ῶσί
1185 2161 1243 2202 σου
1251 2136 1352 2212 άκουε,
1364 2141 1415 2204 καλ

174 2242 227 2291 κος
235 2214 366 2318 Ἰσραηλ,
379 2212 426 2279 δτι
435 2210 495 2292 ἐγώ
503 2220 558 2297 είμι
567 2214 669 2302 κύριος
679 2214 697 2283 ὁ
707 2213 779 2292 θεὸς
808 2215 899 2295 τάξον
915 2223 956 2294 είς
967 2216 1021 2301 τὴν
1033 2217 1159 2304 καρδίαν
1171 2244 1228 2285 σου
1239 2219 1340 2285 πάντα
1353 2218 1414 2285 ὅσα

176 2297 295 2373 αὐτῶν,
320 2297 384 2363 απὸ
403 2302 454 2381 της
470 2294 580 2384 ἡμέρας
597 2295 709 2385 ταύτης
727 2302 780 2365 καὶ
807 2300 865 2378 έγῶ
878 2296 1000 2367 δεικνύω
1015 2326 1078 2380 σοι,
1101 2298 1177 2367 διότι
1190 2306 1272 2367 ίνεκα
1284 2304 1340 2368 τοῦ
1353 2304 1413 2368 δεῖ-

175 2384 316 2446 ίπέκεινα.
342 2382 371 2423 2³
384 2385 434 2446 καί
444 2377 609 2459 γνώσονται
624 2379 726 2449 πάντα
737 2380 776 2449 τά
807 2386 857 2460 ξαί
875 2410 923 2450 σοι
940 2378 1131 2486 είςεληλυθας.
1148 2375 1219 2458 ώδε,
1244 2390 1297 2451 καί
1313 2385 1414 2462 δείξεις

175 2466 265 2545 ἔθνη,
291 2459 339 2527 ὅτι
363 2463 424 2529 διά,
435 2463 491 2539 τάς
511 2461 658 2550 άμαρτίας
675 2462 776 2531 αὐτῶν
807 2461 907 2532 πάντα
920 2462 979 2533 &aa
999 2493 1035 2531 συ
1048 2462 1121 2550 δρᾷς
1132 2469 1177 2546 τῶ
1187 2467 1259 2546 οίκιμ
1272 2473 1334 2531 τοῦ
1349 2467 1414 2534 Ἰσ-

173 2545 193 2637 ᾗ
232 2541 448 2629 αλιοτεύθησαν
459 2545 542 2621 οἶκος
556 2545 689 2650 Ἰσραὴλ,
706 2545 773 2612 ἄνθ’
807 2545 890 2634 ραηλ.
905 2551 977 2615 8καί
989 2547 1054 2615 ίδού
1063 2547 1212 2631 περίβολος
1221 2548 1339 2620 ἔξωθεν
1349 2556 1414 2615 τοῦ

174 2570 231 2693 ώλλ
233 2628 386 2711 ἠθέτησαν
397 2633 435 2704 είς
447 2628 497 2712 ἐμὲ
502 2677 513 2705 ,
538 2634 589 2694 καί
600 2634 776 2716 απέστρειμα
808 2633 892 2698 οἴκου
904 2629 1020 2717 κύκλῳ,
1045 2631 1094 2695 καί
1104 2631 1134 2691 έν
1147 2631 1183 2719 τῇ
1192 2629 1264 2712 χειρὶ
1276 2633 1336 2693 τοῦ
1350 2630 1411 2694 άν-

176 2711 212 2776 τὸ
237 2705 399 2792 πρύςωπόν
423 2737 479 2792 μου
504 2709 556 2777 ἀπ’
581 2713 700 2788 αὐτῶν,
725 2715 776 2779 καί
806 2714 876 2798 δρὸς
894 2712 1025 2799 κάλαμος
1042 2712 1077 2779 τὸ
1093 2714 1200 2798 μέτρον
1212 2714 1316 2795 πηχῶν
1330 2714 1367 2789 έξ
1381 2718 1414 2779 ἐν

176 2797 334 2875 παρέδωκα
351 2791 460 2867 αύτούς
482 2798 520 2869 είς
537 2807 632 2878 χεῖρας
649 2801 710 2860 τῶν
727 2800 774 2880 έχ-
806 2793 890 2882 πάχει
905 2802 956 2864 καλ
968 2799 1150 2873 παλαιστῆς,
1174 2795 1226 2858 καὶ
1241 2797 1414 2881 διεμέτρησε

173 2884 258 2961 θρῶν
271 2872 388 2948 αὐτῶν,
414 2877 465 2941 καί
478 2879 583 2941 ε”πεσαν
594 2877 705 2953 πάντες
715 2906 774 2962 μα-
806 2880 843 2946 τὸ
861 2886 1072 2967 προτείχισμα,
1096 2874 1210 2952 πλάτος
1220 2876 1286 2942 ἷοον
1297 2883 1342 2962 τῷ
1357 2906 1413 2945 κα-

171 2965 270 3044 χαίρη.
303 2958 334 3000 ²⁴
348 2956 426 3023 κατά
439 2957 493 3034 τάς
505 2956 698 3044 ἀκαθαρσίας
716 2960 773 3025 αύ-
805 2959 906 3045 λάμῳ,
932 2969 983 3028 καὶ
1005 2962 1042 3027 τά
1069 2958 1149 3040 δ’ψος
1170 2959 1264 3025 αὐτοῦ
1282 2961 1350 3027 ἴσον
1369 2968 1413 3046 τῶ

171 3057 249 3115 τῶν,
273 3041 324 3103 καὶ
341 3040 420 3107 κατά
431 3041 471 3105 τά
485 3040 661 3126 ἀνομήματα
673 3044 773 3111 αύτῶν
805 3045 938 3128 καλάμῳ.
964 3049 1043 3111 6καλ
1055 3043 1184 3128 είςηλθεν
1196 3049 1234 3117 είς
1248 3043 1305 3127 τὴν
1316 3039 1414 3128 πύλην

171 3123 301 3201 ἐποίησα
325 3120 444 3197 αὐτοῖς,
470 3126 521 3191 καί
541 3124 719 3210 άπέστρεψα
735 3126 772 3194 τὸ
805 3130 859 3211 τὴν
866 3130 1036 3214 βλέπουσαν
1044 3123 1123 3191 κατά
1133 3124 1324 3202 άνατολάςέν
1334 3128 1413 3193 ἑπτά

170 3197 330 3280 πράςιοπάν
339 3229 395 3284 μου
404 3204 456 3268 ἀπ’
465 3204 573 3270 αὐτῶν.
588 3206 671 3272 25διά
680 3214 772 3278 τοῦτο
805 3210 1006 3297 ἆναβαθμοῖς,
1025 3213 1077 3272 κατ’
1088 3211 1254 3292 διεμέτρησε
1269 3209 1306 3274 τὸ
1321 3209 1414 3293 αλλάμ

169 3285 241 3348 τάδε
264 3284 343 3363 λέγει
365 3282 466 3368 κύριος
487 3282 596 3372 κύριος.
623 3296 675 3356 νῦν
693 3289 772 3358 άπο-
804 3299 855 3376 τῆς
866 3288 960 3374 πύλης
977 3290 1043 3354 ἶσον
1054 3294 1100 3370 τῷ
1110 3288 1254 3372 καλάμῳ,
1285 3295 1366 3359 ’καί
1379 3292 1411 3359 τδ

170 3369 292 3452 στρέψαι
313 3370 515 3453 αἰχμαλωσίαν
527 3375 557 3436 ἐν
570 3370 697 3459 Ἰακώβ,
722 3379 773 3440 καὶ
803 3374 854 3439 θιὲ
879 3373 943 3438 ἴσον
965 3375 1011 3439 τῶ
1027 3369 1151 3453 καλάμῳ
1169 3371 1206 3434 τὸ
1223 3376 1338 3454 μῆκος,
1364 3379 1413 3442 καί

169 3447 278 3534 ἐλεησιο
290 3450 771 3541 τόνοίιιον’1σραηλ,καὶζηλώσιο
804 3457 868 3524 ἴσον
887 3460 930 3540 τῷ
949 3437 1074 3538 καλάμῳ
1092 3451 1128 3518 τὸ
1146 3449 1280 3530 πλάτος,
1306 3462 1361 3523 καί
1376 3460 1412 3524 τὸ

168 3533 219 3597 διά
231 3535 267 3599 τὸ
281 3533 374 3613 ὄνομα
386 3533 423 3601 τὸ
436 3532 522 3614 άγιόν
532 3564 597 3622 μου.
616 3541 646 3584 ²⁰
656 3538 772 3642 κοίλη.-
804 3541 897 3622 αἲλάμ
913 3538 1062 3620 άναμέσον
1083 3541 1139 3601 τοῦ
1161 3536 1285 3620 θεηλάθ
1310 3547 1414 3626 πηχῶν

168 3635 284 3693 ψονται
305 3617 359 3698 την
376 3615 494 3700 ἀτιμίαν
510 3620 625 3695 αὐτῶν,
650 3623 704 3692 καὶ
718 3648 772 3707 την
803 3626 845 3698 ἕξ.
869 3625 921 3687 καλ
938 3621 975 3686 τὸ
994 3621 1047 3686 θεὲ
1064 3617 1101 3686 τὸ
1120 3616 1255 3704 δεύτερον
1281 3620 1350 3687 λοον
1368 3631 1416 3708 τῷ

167 3697 284 3759 ἀδικίαν
308 3695 343 3802 ἣν
367 3698 509 3784 ἠδίκησαν
530 3707 562 3768 ἐν
577 3707 623 3786 τῷ
640 3729 770 3770 κατοικιε
803 3701 929 3790 καλάμῳ
942 3701 1071 3778 πλάτος,
1088 3705 1139 3767 καὶ
1151 3700 1215 3768 ἶσον
1226 3709 1273 3787 τῶ
1284 3703 1413 3792 καλάμῳ

168 3782 277 3876 σθηναι
290 3782 398 3856 αυτούς
417 3786 466 3849 ἐπὶ
478 3781 531 3867 την
542 3790 597 3869 γῆν
610 3783 711 3850 αὐτῶν
722 3784 766 3852 ἐπ’
802 3793 909 3872 μῆκος,
936 3788 987 3853 καὶ
1006 3786 1042 3851 τὸ
1062 3784 1153 3867 αίλάμ
1170 3790 1290 3870 πηχέων
1312 3793 1412 3856 πέντε.

166 3862 286 3942 ιλρηνης.
299 3865 350 3927 καὶ
361 3863 417 3928 ούκ
429 3870 513 3931 ἐσται
526 3867 543 3931 ὁ
558 3873 692 3954 έκρ-οβῶν
704 3872 770 3934 27εἶν
802 3875 853 3937 καί
865 3870 902 3935 τὸ
916 3868 969 3934 θεὲ
983 3866 1019 3933 τά
1033 3874 1135 3953 τρίτον
1148 3867 1211 3935 ἴσον
1224 3874 1270 3951 τῷ
1282 3869 1412 3957 καλάμῳ

165 3945 211 4022 τῷ
235 3941 427 4028 ἀποστρέψαι
457 3975 492 4032 με
518 3948 628 4026 αὐτούς
653 3955 684 4015 έκ
710 3957 770 4015 τῶν
801 3957 907 4036 μῆκος,
932 3954 984 4016 καί
1001 3950 1069 4017 ἶσον
1084 3956 1128 4034 τῷ
1142 3948 1266 4033 καλάμῳ
1280 3952 1412 4030 πλάτος,

165 4026 279 4099 ε’θνῶν,
305 4031 356 4091 καὶ
376 4045 550 4110 συναγαγεῖν
567 4059 601 4116 με
614 4031 723 4108 αύτούς
736 4038 769 4099 ἐκ
802 4038 854 4105 καί
869 4034 907 4098 τὸ
921 4032 1012 4116 αίλάμ
1029 4039 1086 4099 τοῦ
1102 4034 1252 4108 πυλῶνος,
1279 4035 1412 4119 πλησίον

163 4109 226 4170 τῶν
236 4113 343 4188 χωρῶν
355 4116 416 4175 τῶν
428 4118 538 4183 ἐθνῶν.
555 4119 606 4180 καί
618 4114 768 4202 άγιασθη-
802 4123 858 4185 τοτ’
877 4115 970 4199 αίλάμ
983 4122 1035 4198 τῆς
1048 4115 1144 4200 πύλης
1167 4117 1182 4158 ⁸
1196 4120 1302 4199 πηχῶν
1315 4117 1411 4196 ὀκτώ,

163 4214 253 4270 σομαι
271 4192 302 4253 ἐν
320 4189 422 4266 αὐτοῖς
437 4197 563 4261 ἑνιύπιον
584 4205 644 4262 τῶν
659 4205 767 4276 ἐθνῶν,
801 4204 816 4243 ⁹
830 4204 880 4267 καί
891 4198 931 4266 τά
944 4199 1025 4264 αἶλεΐι
1038 4206 1143 4285 πηχῶν
1155 4194 1219 4264 δύο.
1244 4202 1298 4264 καὶ
1308 4199 1349 4265 τά
1361 4209 1408 4267 αλ-

160 4272 191 4371 ἷθ
204 4274 256 4335 καλ
271 4269 437 4350 γνώσονται
454 4274 501 4345 ὅτι
519 4276 578 4355 ἐγώ
595 4285 650 4360 εἰμι
668 4277 768 4366 κύριος
800 4283 861 4368 λάμ
873 4288 925 4366 τῆς
938 4281 1034 4366 πύλης
1045 4287 1167 4356 ἔσωθεν,
1192 4285 1222 4327 ¹⁰
1235 4284 1287 4348 καλ
1299 4281 1342 4346 τά
1356 4285 1412 4351 θεὲ

159 4379 179 4418 ⁰
198 4353 272 4430 θεὸς
289 4354 406 4432 αὐτῶν,
432 4360 463 4423 ἔν
481 4365 526 4443 τῷ
545 4365 721 4449 ἐπιφανῆναί
730 4392 766 4448 με
798 4370 852 4450 τῆς
876 4363 972 4448 πύλης
990 4371 1047 4431 τοῦ
1063 4365 1115 4431 θεὲ
1135 4368 1306 4442 κατέναντι,
1332 4381 1412 4453 τρεῖς

157 4436 261 4512 αὐτοῖς
273 4445 305 4507 έν
318 4453 380 4517 τοῖς
391 4443 499 4509 ἔθνεσι.
513 4443 601 4515 29ναὶ
616 4445 672 4513 οάκ
685 4450 762 4515 άπο-
798 4453 883 4515 ε”νθεν
901 4452 952 4515 καὶ
971 4461 1046 4534 τρεῖς
1062 4452 1160 4527 ἔνθεν,
1188 4451 1239 4513 καί
1254 4454 1368 4535 μέτρον
1380 4460 1412 4517 ἓν

1347 4549 1411 4611 τοῖς
