2924 4972
152 230 218 297 454
260 219 756 291 ΠΑΡΑΑΕΙΠΟΜΕΝΩΝ
784 219 921 279 ΔΕΤΤ.
952 221 1029 294 Κεφ.
1043 215 1231 301 κα’.κχί.21.
1246 218 1299 284 29.

330 351 404 410 ΚΕ
418 351 457 407 Φ.
500 337 589 406 ΚΑ’.
774 342 823 404 ’ἐν
836 337 899 423 όδῷ
909 338 1063 420 Ἰωσαφάτ
1077 344 1130 403 τοῦ
1144 341 1258 422 πατρός
1271 364 1335 414 σου,
1348 341 1402 406 καί

154 399 237 499 Καὶ
262 425 405 513 ἐκοιμήθη
424 424 580 506 Ἰωσαφάτ
603 422 676 505 μετά
702 427 763 486 τῶν
791 427 823 488 ἕν
836 419 919 498 ὁδοῖς
930 420 1003 488 Ἀσά
1015 423 1156 508 βασιλέως
1169 419 1280 495 Ἰούδα,
1306 423 1402 488 13καί

153 518 293 599 πατέρων
311 510 424 585 αὐτοῦ,
449 511 500 573 καί
522 504 617 591 ἐτάφη
636 509 666 570 ἐν
678 501 762 572 πόλει
792 501 957 609 ἐπορεύθης
973 511 1004 571 ἐν
1015 502 1095 578 ὁδοῖς
1106 504 1252 592 βασιλέων
1267 502 1403 590 Ἰσραὴλ,

155 600 259 665 Δαυίδ.
290 597 341 660 καί
358 593 541 696 ίηίασίλευσεν
564 588 672 674 Ἰωρὰν
698 589 762 663 υίὸς
791 591 842 653 καί
855 591 1061 672 ἐξεπορνευσας
1073 586 1126 653 τόν
1136 584 1257 652 Ἰούδαν
1267 591 1319 653 καί
1329 595 1401 663 τοὺς

156 682 252 749 αὐτοῦ
270 675 333 743 ἀντ’
348 679 454 741 αυτοῦ.
479 675 558 737 2καί
577 671 661 755 αὐτῷ
676 671 761 736 ἀδελ-
792 675 1006 747 κατοικοῦντας
1018 667 1268 756 ένἹερουσαλημ,
1286 666 1327 745 ὡς
1340 672 1403 747 ἔξε-

157 768 209 845 φοί
222 762 281 827 υἱοί
295 753 450 839 Ἰωσαφάτ
462 759 511 834 ἐξ,
530 754 685 840 Ἀζαρίας,
711 757 762 819 καὶ
791 750 949 838 πόρνευσεν
959 751 1168 839 οἶκσςἈχαάβ,
1176 755 1227 817 καί
1235 750 1305 829 τούς
1314 751 1401 819 ἀδελ-

152 844 250 931 Ἰείίχλ,
261 845 312 907 καί
322 845 481 926 Ζαχαρίας,
494 841 545 903 καί
552 837 698 924 Ἀζαρίας,
711 839 761 902 καί
793 831 869 939 φούς
888 862 941 901 σου
959 835 1044 911 υίοίις
1060 841 1116 901 τοῦ
1126 832 1242 920 πατρός
1255 861 1311 901 σου
1329 835 1402 912 τούς

157 926 293 1011 Μιχαὴλ,
309 927 359 989 καί
372 928 538 1004 Ζαφατίας.
556 918 663 996 πάντες
676 911 761 985 οὗτοι
792 917 929 997 ἀγαθούς
941 917 1016 1004 ὑπὲρ
1030 917 1062 984 σὲ
1076 917 1262 993 ἀπέκτεινας,
1288 917 1318 960 ¹⁴
1333 917 1400 984 ἰδού

157 1006 384 1089 υίοίἸωσαφότ
391 1005 541 1114 βασιλέως
551 1002 661 1068 Ἰούδα.
682 1005 696 1045 ³
709 1004 762 1068 καί
792 998 892 1088 κύριος
909 999 1032 1078 πατάξει
1051 1028 1082 1066 σε
1098 999 1215 1086 πληγὴν
1227 997 1355 1086 μεγάλην
1367 1007 1400 1067 έν

157 1096 263 1159 ἔδωκεν
275 1089 376 1166 αὐτοῖς
388 1117 406 1155 ο
418 1088 519 1173 πατὴρ
529 1085 630 1153 αύτιῖιν
642 1083 761 1169 δόματα
792 1091 836 1168 τῷ
853 1086 919 1168 λαῷ
933 1111 987 1150 σου
1005 1089 1055 1150 καί
1067 1089 1098 1149 ἐν
1110 1097 1175 1160 τοῖς
1188 1088 1264 1160 υίσῖς
1277 1110 1332 1150 σου
1349 1088 1401 1150 καί

157 1173 274 1249 πολλὰ,
307 1169 449 1259 ἀργύριον
474 1173 524 1236 καί
548 1177 682 1255 χρυσίον,
712 1172 762 1234 καί
793 1172 823 1233 ἐν
838 1171 952 1247 γυναιξί
968 1194 1022 1233 σου
1045 1169 1096 1232 καί
1114 1172 1144 1232 ἐν
1161 1164 1246 1261 πάση
1264 1172 1302 1260 τῇ
1320 1167 1400 1234 ἀπο-

156 1255 237 1324 όπλα
287 1255 325 1322 τά
342 1261 403 1322 τῶν
423 1251 538 1320 πόλεων
553 1256 764 1337 τετειχισμένον
793 1256 881 1343 σκευῇ
893 1278 958 1318 σου.
971 1252 1056 1315 15καί
1071 1247 1107 1314 σύ
1123 1253 1153 1313 ἐν
1161 1251 1294 1354 μαλακίᾳ
1304 1278 1402 1335 πονη-

156 1340 305 1416 ένἸουδα,
319 1341 370 1404 καί
381 1337 437 1422 τὴν
446 1338 597 1424 βασιλείαν
611 1340 700 1402 ἔδωκε
717 1340 763 1418 τῷ
793 1339 848 1438 ρᾷ,
874 1338 905 1400 ἐν
921 1329 1000 1417 νόσῳ
1017 1332 1144 1409 κοιλίας,
1170 1337 1224 1409 ἕως
1236 1359 1273 1398 ου
1291 1336 1401 1418 ἔξελθη

152 1421 275 1508 Ἷισράμ,
288 1420 335 1487 ότι
347 1412 436 1495 οὗτος
449 1418 679 1503 όπρωτότοκος.
690 1419 764 1483 4καὶ
793 1445 811 1519 η
839 1417 937 1483 κοιλία
961 1442 1016 1483 σου
1038 1412 1110 1500 μετά
1127 1420 1180 1501 τῆς
1204 1417 1352 1514 μαλακίας
1370 1406 1402 1496 έξ

158 1504 265 1590 ἀνέστη
280 1502 392 1586 Ἰωράμ
410 1503 460 1565 ἐπί
471 1501 525 1584 τὴν
542 1503 693 1587 βασιλείαν
706 1500 763 1566 αύ-
793 1505 907 1586 ημερῶν
919 1506 957 1576 εἷς
970 1495 1087 1584 ἡμέρας.
1105 1500 1191 1563 16καὶ
1202 1504 1334 1603 ἐπηγειρε
1346 1499 1401 1566 κύ-

159 1592 228 1662 τσῦ,
253 1588 304 1649 καὶ
316 1581 520 1670 ἐκραταιιόθη,
546 1584 598 1648 καί
615 1580 764 1648 ἀπέκτεινε
793 1608 857 1669 ριος
870 1585 920 1646 ε’πί
929 1581 1043 1667 Ἰωράμ
1054 1579 1124 1657 τοὺς
1137 1580 1336 1663 ἀλλοφυλους,
1349 1587 1402 1650 καί

156 1667 273 1743 πάντας
283 1666 354 1742 τοὺς
374 1664 520 1748 ἀδελφοὺς
534 1665 630 1731 αὐτοῦ
648 1669 678 1729 ἐν
690 1669 764 1769 ῥομ-
792 1665 863 1741 τοὺς
875 1663 1019 1751 Ἄραβας,
1044 1669 1096 1731 καί
1113 1663 1182 1740 τοὺς
1199 1662 1327 1747 ὁμόρους
1339 1673 1403 1734 τῶν

158 1759 247 1836 φαίη,
259 1752 310 1815 καί
321 1748 384 1814 ἀπὸ
396 1754 458 1814 τῶν
471 1747 621 1836 ἀρχόντων
630 1747 762 1832 Ἰσραηλ.
793 1744 967 1814 Αἰθιόπων.
992 1751 1020 1791 ¹⁷
1033 1751 1084 1812 καί
1096 1746 1244 1835 ἀνέβησαν
1257 1753 1307 1814 ἐπὶ
1321 1747 1401 1816 Ἰού-

158 1834 263 1909 Ιὄντος
276 1831 372 1898 αὐτοῦ
381 1827 543 1917 τριάκοντα
553 1833 603 1895 καί
614 1829 668 1897 δύο
677 1834 762 1905 ἐτῶν,
794 1833 858 1908 δαν,
868 1834 918 1896 καί
928 1828 1180 1908 κατεδυνάστευσν,
1193 1834 1243 1896 καί
1256 1831 1403 1920 ἀπέστρε-

157 1920 285 2000 κατέστη
295 1913 406 2017 Ἰωράμ
419 1918 469 1980 ἐπὶ
479 1913 531 1996 τὴν
540 1916 693 2001 βασιλείαν
705 1914 763 1980 αύ-
793 1935 858 1999 ψαν
870 1920 973 1980 πᾶσαν
983 1914 1037 1997 τὴν
1049 1912 1214 1999 ἀποσκευὴν
1226 1912 1261 2000 ἢν
1274 1909 1358 2001 εὖρον
1371 1920 1405 1983 ἓν

158 2005 229 2075 τοῦ,
254 2000 305 2062 καί
318 1996 397 2062 ὀκτιο
411 2000 462 2080 ε”τη
474 1996 657 2084 ἐβασίλευσεν
669 1995 763 2062 ἐνἹε-
793 1999 865 2082 οἴκῳ
890 2001 948 2063 τοῦ
971 1999 1128 2085 βασιλέως,
1154 2000 1206 2064 καί
1228 1997 1297 2075 τοὺς
1319 1998 1403 2076 υἱούς

159 2077 320 2168 ρουσαλὴμ.
338 2084 354 2123 ⁶
367 2082 416 2145 καί
429 2077 579 2165 ἐπορεύθη
592 2082 622 2143 ἐν
634 2076 695 2164 ὁδῷ
707 2085 765 2167 βα·
793 2079 904 2159 αὐτοῦ,
921 2083 973 2145 καί
985 2081 1039 2156 τάς
1051 2085 1220 2167 θυγατέρας
1233 2080 1338 2160 αύτοῦ,
1351 2086 1403 2150 καί

159 2164 265 2231 σιλέιον
274 2162 411 2250 Ἰσραὴλ,
424 2159 464 2237 ὡς
477 2167 614 2246 ἐποίησεν
626 2163 706 2238 οἶκος
714 2163 764 2228 Ἀ-
793 2162 829 2229 οὗ
839 2164 1020 2248 κατελείφθη
1030 2163 1114 2249 αὐτῷ
1126 2162 1197 2240 υίός,
1209 2163 1273 2230 ἀλλ’
1286 2164 1305 2251 ἢ
1312 2163 1400 2253 Ὀχο-

156 2244 249 2352 χαάζί,
274 2242 321 2311 ότι
338 2245 477 2331 θυγάτηρ
489 2242 603 2332 Ἀχαάβ
618 2236 653 2348 ίχν
665 2246 764 2312 αὐτοῦ
793 2249 857 2323 ζίας
882 2244 900 2312 ό
926 2245 1102 2332 μικρότατος
1125 2252 1186 2313 τῶν
1204 2253 1276 2313 υἱῶν
1295 2247 1399 2316 αὐτοῦ.

156 2355 246 2415 γυνη,
272 2331 322 2395 καί
338 2335 460 2412 ἐποίησε
477 2328 513 2394 τὸ
530 2354 659 2414 πονηρον
676 2333 762 2396 ἐναν-
792 2331 821 2372 ¹⁸
836 2333 887 2396 καί
912 2330 987 2413 μετά
1010 2336 1108 2396 ταῦτα
1133 2327 1236 2397 πάντα
1255 2329 1400 2411 ἐπάταξεν

157 2419 221 2478 τίον
231 2418 344 2497 κυρίου.
363 2414 434 2477 7καὶ
445 2410 499 2476 οὐκ
512 2409 651 2497 ἐβούλετο
663 2408 763 2496 κύριος
793 2410 886 2479 αύτόν
898 2410 997 2501 κύριος
1008 2419 1047 2491 είς
1059 2412 1113 2497 την
1125 2416 1240 2481 κοιλίαν
1252 2417 1401 2498 μαλακίαν

157 2495 370 2582 ἐξολοθρεῦσαι
392 2494 446 2559 τόν
469 2493 553 2559 οίκσν
576 2496 688 2571 Δαυίδ,
714 2496 764 2560 διὰ
792 2488 889 2576 ἦούκ
912 2499 989 2562 ἔστιν
1014 2503 1143 2600 ἰατρεία,
1173 2500 1265 2564 19καί
1287 2503 1400 2578 ἐγένετο

156 2577 212 2662 τὴν
237 2575 383 2663 διαθήκην
406 2574 442 2662 ἣν
460 2578 574 2642 διέθετο
593 2583 637 2681 τηῖ
656 2579 762 2654 Δαυίδ,
794 2563 823 2654 ’ίξ
845 2576 959 2682 ἡμερῶν
984 2585 1022 2655 εἷς
1039 2586 1157 2667 ημέρας.
1183 2586 1234 2648 καί
1252 2581 1292 2658 ὡς
1309 2573 1401 2666 ἦλθεν

156 2663 208 2724 καί
220 2658 260 2735 ὡς
272 2660 351 2726 εἶπεν
363 2657 458 2735 αάτῶ,
478 2661 581 2725 δοῦναι
595 2665 681 2743 αυτῷ
693 2659 762 2765 λύχ-
792 2687 894 2748 καιρος
907 2667 967 2726 τῶν
979 2659 1092 2766 ἡμερρῑν
1106 2662 1214 2769 ημέρας
1227 2663 1293 2765 δύο,
1314 2669 1395 2753 ἐξηλ-

431 2726 437 2742 t
625 2738 632 2759 Ι
1327 2748 1334 2771 Ι

156 2767 209 2807 νον
234 2744 286 2806 καὶ
306 2754 369 2816 τοῖς
386 2747 460 2816 υίοῖς
476 2739 574 2806 αὐτοῦ
588 2768 690 2818 πασας
708 2769 763 2819 τας
792 2754 847 2808 θεν
874 2744 893 2830 ἦ
911 2745 1010 2811 κοιλία
1027 2772 1122 2812 αυτσυ
1139 2774 1213 2831 μετα
1231 2776 1283 2831 της
1301 2776 1399 2829 νοσου,

155 2821 276 2910 ἡμέρας.
295 2825 347 2886 8έν
358 2834 424 2897 ταῖς
437 2820 557 2906 ἡμέραις
570 2826 689 2900 ἐκείναις
701 2824 763 2892 ἀττ-
792 2828 843 2890 καί
855 2826 1006 2894 ἀπέθανεν
1019 2833 1049 2893 ἐν
1059 2829 1192 2910 μαλακία
1204 2838 1331 2917 πονηρᾷ.
1349 2837 1401 2901 καί

155 2903 335 2991 έστηἘδώμ
347 2903 410 2970 ἀπὸ
422 2904 605 2982 τοῦἸούδα,
630 2909 761 2994 καίέβα-
794 2908 849 2974 ούκ
865 2910 1034 2995 ἐποίησενό
1052 2911 1124 2985 λαός
1145 2912 1242 2978 αὐτοῦ
1258 2917 1399 3001 ἐκφοράν,

156 2989 290 3055 σίλευσαν
307 2985 351 3068 ἐφ’
372 2987 496 3064 ἑαυτούς
512 2990 644 3075 βασιλέα.
682 2993 762 3057 9καί
792 2990 1037 3077 καθώςέκφοράν
1048 2993 1305 3078 πατέρωναύτοῡ.
1326 2990 1401 3084 2θῆν

156 3069 249 3155 ᾤχετο
276 3066 390 3153 Ἰωράμ
415 3070 489 3154 μετά
512 3077 575 3137 τῶν
599 3071 760 3160 ἀρχόντων,
791 3073 950 3162 τριάκοντα
962 3076 1014 3138 καί
1025 3070 1081 3139 δύο
1094 3078 1170 3139 ἐτοῖν
1182 3073 1232 3140 ὅτε
1245 3081 1399 3162 ἐβασιλευ-

155 3155 208 3218 καί
219 3157 302 3218 πᾶσα
313 3149 332 3236 ἡ
342 3158 435 3229 ἵππος
444 3151 501 3236 μετ’
515 3152 619 3220 αὐτοῦ.
634 3161 686 3223 καί
695 3163 761 3236 ἐγέ-
792 3181 837 3230 σε,
862 3157 913 3219 καί
926 3153 1005 3218 ἀκτάν
1024 3158 1075 3239 έτη
1095 3156 1275 3241 ἐβασίλευσεν
1292 3161 1323 3220 ἐν
1338 3158 1396 3226 Ἱε-

154 3260 222 3300 νετο
236 3237 287 3301 καί
299 3233 413 3320 ἠγέρθη
425 3234 538 3313 νυκτὸς,
555 3241 606 3304 καί
619 3238 761 3319 ἐπάταξεν
790 3234 950 3325 ρουσαλήμ.
967 3239 1018 3301 καί
1029 3234 1179 3337 ἐπορεύθη
1195 3242 1251 3302 ούκ
1263 3240 1294 3302 ἐν
1305 3242 1394 3306 ἐπαί-

151 3316 251 3401 Ἐδώμ
264 3318 317 3385 τόν
328 3319 494 3386 κυκλοῦντα
508 3319 610 3400 αὐτόν,
627 3326 679 3391 καί
690 3323 761 3401 τούς
791 3348 849 3396 νω,
877 3323 928 3387 καί
945 3317 1040 3404 ἐτάφη
1057 3324 1088 3386 ἐν
1103 3321 1186 3387 πόλει
1205 3323 1317 3398 Ααυὶδ,
1343 3329 1395 3391 καί

154 3400 300 3489 ἀρχοντας
311 3408 373 3469 τῶν
385 3400 539 3491 ἁρμάτων,
562 3408 614 3470 καί
626 3409 729 3489 ἔφυγεν
742 3404 759 3473 ό
792 3390 848 3470 ούκ
860 3408 890 3471 ἐν
908 3400 1014 3488 τάφοις
1026 3410 1085 3471 τῶν
1095 3405 1246 3492 βασιλέων.

152 3486 228 3564 λαός
240 3493 278 3564 εἰς
289 3487 329 3552 τά
343 3485 523 3592 σκηνώματα
536 3485 643 3553 αὐτῶν.
668 3493 697 3534 ¹⁰
709 3492 761 3555 καί
967 3495 1041 3553 ΚΕ
1055 3495 1093 3554 Φ.
1136 3486 1224 3554 ΚΒ’.

152 3567 271 3656 ἀπέστη
295 3568 358 3637 ἀπό
380 3570 483 3636 Ἰουδα
505 3569 605 3654 Ἕδιόμ
627 3576 683 3647 ἑίσς
707 3577 760 3657 τῆς
791 3538 873 3635 Καὶ
891 3573 1081 3658 ἐβασίλευσαν
1095 3577 1127 3638 σί
1144 3577 1349 3650 κατοικοῦντες
1366 3580 1396 3640 ἐν

152 3650 261 3735 ἡμέρας
280 3650 400 3735 ταύτης.
431 3651 499 3718 τότε
516 3651 632 3737 ἀπέστη
649 3653 760 3739 Λομνά
786 3650 980 3738 Ἰερουσαλὴμ
997 3654 1051 3721 τόν
1066 3655 1201 3762 Ὀχοζίαν
1218 3654 1283 3722 υἱόν
1299 3657 1395 3724 αὐτοῦ

153 3737 186 3797 ἐν
199 3739 245 3815 τῷ
256 3738 351 3819 καιρῶ
364 3738 461 3818 ἐκείνῳ
474 3732 537 3800 ἀπὸ
549 3736 643 3821 χειρὸς
653 3736 759 3814 αὐτοῦ,
790 3734 844 3801 τόν
866 3737 970 3825 μικρὸν
995 3737 1055 3805 ἀντ’
1081 3745 1191 3818 αυτοῦ,
1217 3736 1264 3807 ότι
1280 3736 1397 3819 πάντας

153 3809 201 3879 ότι
226 3799 395 3891 ἐγκατέλιπε
420 3816 523 3902 κύριον
540 3815 681 3887 τὸνθεόν
697 3825 759 3886 τῶν
789 3818 861 3895 τούς
871 3825 1089 3927 πρεσχίυτέρους
1102 3822 1251 3889 ἀπέκτεινε
1262 3822 1299 3889 τό
1310 3825 1397 3890 ἐπελ-

153 3900 293 3981 πατέρων
317 3897 421 3965 αὐτοῦ.
459 3905 485 3944 ¹¹
502 3901 554 3964 καί
581 3904 640 3989 γάρ
666 3902 760 3979 αύτός
789 3902 850 3968 θὸν
863 3907 900 3968 ἐπ
923 3904 1032 3980 αυτούς
1044 3902 1210 3996 λῃστήριον,
1228 3913 1258 3972 οί
1273 3905 1397 3994 Ἄραβες

154 3982 290 4061 ἐποίησεν
308 3977 413 4064 ὑψηλά
426 3988 535 4058 ἐνταῖς
547 3981 669 4050 πόλεσιν
679 3982 759 4051 Ἰού·
789 3988 840 4050 καί
857 3991 888 4051 σί
908 3985 1109 4070 Ἀλιμαζονείς.
1146 3992 1198 4054 καί
1213 3992 1397 4075 ἐβασίλευσεν

152 4062 207 4139 δα,
230 4063 282 4124 καί
298 4060 482 4150 ἕξεπόρνευσε
498 4063 571 4140 τούς
584 4071 759 4132 κατοικοῡν-
786 4068 923 4153 Ὀχοζίας
942 4071 1007 4146 υἱός
1028 4068 1140 4157 Ἰωράμ
1155 4075 1300 4158 βασιλέως
1314 4071 1394 4140 Ἰού-

151 4169 208 4218 τας
226 4147 257 4206 ἐν
268 4139 476 4231 Ἰερουσαλὴμ,
500 4148 553 4213 καί
568 4145 759 4234 ἀπεπλάνησε
789 4152 837 4218 δα.
868 4152 939 4218 2σίν
952 4157 1027 4220 ἐτοῖν
1039 4154 1127 4220 εἴκοσι
1144 4154 1276 4241 Ὀχοζίας
1293 4162 1395 4242 ἐβασί-

151 4226 207 4292 τόν
216 4221 343 4295 Ἰούδαν.
355 4230 439 4294 12καί
446 4218 537 4314 ἦλθεν
549 4226 632 4313 αύτῷ
645 4236 759 4318 ἐγγρα-
789 4235 884 4313 λευσε,
909 4238 961 4300 καί
985 4234 1117 4302 ἐνιαυτόν
1142 4244 1195 4305 ένα
1212 4241 1396 4326 ἐβασιλευσεν

151 4313 195 4403 φῇ
212 4309 298 4393 παρά
312 4308 423 4376 ’mamb
439 4317 497 4378 τοῦ
511 4309 685 4397 προφήτου,
709 4317 760 4382 λέ-
789 4320 820 4382 ἐν
831 4316 1041 4402 Ἰερουσαλὴμ,
1067 4322 1120 4385 καί
1137 4319 1234 4403 όνομα
1254 4328 1292 4406 τῆ
1306 4325 1395 4410 μητρί

150 4416 220 4472 γαν.
234 4391 304 4460 τάδε
316 4393 391 4474 λέγει
403 4394 502 4482 κύριος
512 4394 584 4472 θεὸς
592 4399 691 4464 Δαυίδ
701 4406 759 4465 τοῦ
789 4397 883 4465 αὐτοῦ
892 4402 1036 4466 Γοθολία
1051 4398 1188 4490 θυγάτηρ
1201 4394 1313 4491 Ἀμίίρί.
1326 4408 1395 4472 3καί

149 4471 268 4567 πατρός
285 4503 348 4546 σου.
375 4477 442 4546 ἀνθ’
458 4472 502 4549 ὧν
520 4477 576 4546 οὐκ
590 4478 758 4571 ἐπορεύθης
788 4474 878 4559 οὗτος
889 4481 1042 4570 ἐπορεύθη
1055 4483 1162 4570 ίνὸδηῖ
1175 4487 1394 4593 οίκουἈχαάχί,

1347 4597 1394 4638 Οῐί
