2924 4972
458 245 709 307 οΑΛΜοι
747 240 1008 325 ἔν’·ξνοοοο.
1290 247 1356 312 σοι

109 363 163 445 λῆς
174 389 232 443 μου
245 354 611 444 οἶμισσῦντέςμεδωρεάν.
624 361 713 440 ἐκρο-
750 358 880 433 παγίδα,
918 362 971 423 καί
1000 366 1040 436 είς
1069 360 1275 428 ἀνταπόδοσιν
1306 363 1358 426 καί

107 443 286 530 ταιῶθησαν
304 448 335 509 οῖ
351 447 456 549 ἐχθροί
465 465 540 522 μου,
566 435 705 504 οίέκδιῶ
750 443 790 513 είς
808 435 979 506 σκάνδαλον.
1013 440 1308 529 3*σκοτισθήτωσαν
1326 449 1358 510 σί

108 534 208 603 κοντές
219 553 255 612 με
268 526 386 599 ἀδίκως.
400 553 420 589 α
434 524 489 608 οὐχ
501 519 635 608 ήρπασα,
644 546 715 586 τοτε
751 521 909 624 όηθαλμοί
920 520 1020 589 σῦτῶν
1032 532 1087 591 τοῦ
1098 525 1139 611 μή
1152 527 1283 613 βλέπειν,
1305 529 1357 593 καί

109 609 293 676 ἀπετίννυον.
332 607 379 672 ⁶5
402 605 474 682 θεὸς
496 608 533 671 σὺ
551 609 642 682 ἔγνως
660 602 715 687 τήν
751 628 803 669 τον
826 614 922 670 νῶτον
944 604 1045 672 αὐτῶν
1061 609 1224 686 διαπαντός
1242 606 1356 688 πάγκα-

107 689 281 780 ἀφροσῦνην
303 718 375 776 μου,
401 694 452 756 καί
473 694 506 755 αί
523 688 716 772 πλημμέλειαί
751 708 820 764 ψον.
856 688 885 730 ²⁸
899 691 995 771 ἔκχεον
1011 689 1054 755 ἐπ’
1071 691 1182 769 αὐτοῦς
1200 689 1253 776 τήν
1265 689 1357 778 ὀργήν

107 802 163 860 μου
177 774 242 842 ἀπὸ
254 781 312 841 σοῦ
325 774 382 840 οῦκ
395 771 570 860 έκριίβησαν.
588 768 653 855 3μή
667 774 714 834 σί-
751 794 816 843 οου,
828 771 879 834 καί
891 767 910 835 ὁ
921 769 1020 855 θυμὸς
1031 776 1084 856 τῆς
1095 772 1184 860 ὀργῆς
1194 801 1252 843 σου
1261 802 1356 841 ma.

109 866 304 962 οχυνθείησαν
315 856 360 923 ἐπ’
373 857 422 939 ἐμὲ
434 861 466 921 σί
477 854 671 939 ὑπομένοντες
682 877 714 918 σε
750 849 839 938 λάβοι
852 848 973 930 αὐτούς.
991 853 1023 896 33
1033 856 1187 940 γενηθήτω
1201 856 1220 943 ή
1234 859 1356 936 ἔπαυλις

107 968 186 1025 κυριε
196 947 259 1006 τῶν
271 937 431 1025 δυνάμεων,
448 939 488 1023 μή
502 941 715 1023 ἐντραπείησσν
750 933 851 1000 αῦτῶν
863 935 1046 1039 ήρημωμένη,
1058 940 1109 1002 καί
1122 941 1153 1004 ἐν
1165 953 1229 1016 τοῖς
1240 938 1353 1025 σκηνῶ-

108 1024 152 1090 ἐπ’
182 1024 233 1127 ἐμὲ
257 1029 288 1090 σί
310 1025 466 1107 ζητοῦντές
485 1047 516 1088 σε
533 1017 551 1084 ὁ
569 1019 642 1095 θεὸς
659 1022 714 1084 τοῦ
749 1042 840 1100 μασιν
863 1025 964 1084 αυτῶν
986 1019 1026 1101 μή
1054 1023 1130 1085 ἔστω
1156 1017 1174 1086 ό
1199 1029 1354 1089 κατοικῶν.

105 1103 234 1190 Ἰσραηλ
272 1104 350 1172 3ότι
374 1100 460 1170 ἕνεκά
484 1129 540 1168 σου
565 1099 715 1185 ὑπήνεγκα
751 1097 842 1164 33ίίτι
859 1098 894 1167 ὃν
912 1103 949 1168 σῦ
971 1099 1136 1180 ἓπάταξας,
1161 1101 1248 1169 αῦτοί
1270 1131 1357 1171 κατε-

110 1184 569 1271 ὀνειδισμὸν,ὲκάλυψινέντροπή
580 1184 616 1249 τό
626 1181 715 1267 πρός-
751 1184 875 1260 δίωξαν,
899 1188 951 1251 καί
967 1188 1017 1250 έπί
1037 1187 1071 1250 τό
1086 1185 1177 1265 ἀλγος
1189 1191 1250 1252 τῶν
1262 1213 1356 1290 τραυ-

111 1267 199 1336 ωπόν
211 1295 277 1352 μου.
299 1267 603 1354 3οἰπηλλοτριωμένος
616 1265 714 1352 έγινή-
749 1263 854 1350 μάτων
869 1293 928 1350 μου
945 1273 1144 1354 προςέθηκαν.
1184 1272 1216 1313 33
1227 1281 1355 1356 προςθις

109 1364 170 1437 θην
179 1364 244 1427 τοῖς
259 1352 399 1433 ἀδελφοῖς
410 1378 478 1434 μου,
495 1353 546 1416 καί
559 1352 640 1427 ξένος
652 1362 716 1425 τοῖς
751 1348 875 1432 ἀνομίαν
892 1354 943 1416 ἐπί
960 1353 1016 1434 τήν
1027 1350 1154 1435 ἀνομίαν
1166 1350 1282 1431 αῦτῶν,
1306 1357 1358 1419 καί

110 1442 184 1512 υἱοῖς
201 1440 253 1518 τής
263 1433 374 1521 μητρός
384 1462 453 1518 μου.
492 1438 521 1479 ¹⁰
534 1432 583 1499 ὅτι
599 1431 715 1519 ὁζῆλος
750 1433 791 1516 μή
817 1433 1028 1509 είςιλθέτωσαν
1045 1440 1077 1501 έν
1097 1435 1270 1541 δικαιοσύνη
1292 1461 1355 1504 σου.

109 1525 165 1584 τοῦ
190 1520 275 1585 οἴκου
300 1544 357 1584 σου
374 1520 526 1597 κατέφαγέ
539 1543 590 1602 με,
616 1520 667 1583 καί
684 1521 715 1580 σί
750 1515 1214 1607 33ἐξιιλειφθήτωσανέιιβίβλου
1227 1522 1356 1596 ζωντων,

109 1601 270 1706 ὀνειδισμοὶ
282 1607 342 1667 τῶν
353 1600 554 1678 ὀνειδιζόντων
564 1625 596 1666 σε
609 1601 714 1665 subm-
749 1599 801 1663 καί
823 1600 897 1681 μετά
928 1602 1050 1668 δικαίων
1074 1602 1115 1686 μή
1139 1600 1354 1688 γραφήτωσαν.

109 1712 164 1751 σον
177 1690 217 1749 ἐπ
239 1688 298 1768 ἐμέ.
323 1689 349 1727 ¹¹
361 1687 412 1750 καί
431 1687 605 1768 συνέκαμψα
621 1688 652 1749 έν
664 1706 714 1766 νη-
749 1682 781 1725 ³⁰
793 1681 912 1767 πτωχός
924 1686 976 1750 καὶ
990 1682 1093 1763 ἀλγῶν
1104 1691 1160 1770 είμι
1172 1685 1248 1764 έγῶ,
1272 1681 1355 1770 καὶῆ

109 1773 192 1850 στείᾳ
203 1766 258 1852 τήν
271 1763 368 1852 ψυχήν
379 1793 439 1852 μου
443 1816 454 1843 ,
473 1770 524 1831 καί
537 1762 663 1850 ἐγενήθη
675 1771 713 1840 είς
750 1773 884 1852 σωτηρία
905 1772 962 1832 τοῦ
979 1765 1140 1851 προςοίπου
1158 1795 1212 1835 σου
1230 1764 1355 1835 ἀντελά-

108 1848 289 1935 ὀνιιδισμοῦς
302 1854 377 1934 ε’μσί.
395 1852 484 1914 13καὶ
495 1852 605 1933 ἐθέμην
616 1848 652 1914 τό
667 1851 714 1913 έν-
748 1844 817 1934 βετό
842 1875 908 1934 μου.
947 1851 973 1892 ³¹
987 1854 1095 1917 αἰνέσω
1121 1850 1157 1916 τό
1181 1852 1277 1937 ὄνομα
1299 1855 1356 1918 τοῦ

108 1931 187 2018 δυμά
198 1961 257 2018 μου
271 1930 390 2009 σάκκον,
399 1935 449 1998 καί
462 1929 600 2016 ἐγενόμην
609 1930 713 2006 αὐτοῖς
749 1935 823 1996 θεοῦ
834 1959 893 2015 μου
905 1930 964 2016 μετ’
980 1931 1073 2018 ᾠδῆς,
1095 1935 1249 2020 μεγαλυνῶ
1260 1933 1356 2001 αῦτδν

108 2022 148 2092 είς
171 2014 356 2104 παραβολήν.
391 2019 419 2060 ¹³
432 2014 496 2082 κατ’
518 2019 594 2163 ίμοῦ
609 2014 712 2100 ήδολέ·
749 2017 908 2093 έναῖνέσει,
930 2018 1023 2081 33καί
1036 2017 1131 2104 άρέπιι
1144 2023 1189 2103 τῶ
1200 2023 1265 2104 θεῷ
1279 2015 1354 2104 ὑπὲρ

110 2126 197 2184 σχουν
214 2105 244 2164 σί
261 2096 422 2184 καθήμενοι
442 2095 527 2165 ἐνπό
545 2125 580 2191 η,
606 2103 657 2164 καὶ
675 2101 714 2173 είς
748 2093 861 2181 μόσχον
884 2102 951 2164 νέον
976 2103 1089 2184 κέρατα
1113 2105 1279 2188 ἐκφέροντα
1303 2107 1356 2168 καί

110 2183 159 2263 ἐμὲ
184 2183 321 2265 ἔψαλλον
345 2187 376 2246 οί
397 2188 531 2256 πίνοντες
548 2180 601 2245 τόν
620 2180 712 2246 οίνον.
749 2177 853 2255 ὁπλάς.
891 2183 921 2224 33
935 2182 1081 2248 ίδὲτωσαν
1103 2188 1220 2268 πτωχοί
1240 2189 1290 2250 καί
1305 2182 1354 2249 εὗ-

109 2267 138 2309 ¹⁴
143 2265 202 2343 ἐγὼ
212 2264 244 2329 δὲ
254 2269 291 2358 τῇ
301 2269 445 2356 προςευχῇ
457 2290 513 2344 μου
525 2259 602 2346 πρός
614 2263 648 2328 σὲ
661 2257 715 2327 κῦ-
750 2259 990 2344 φρανθήτωσαν,
1016 2263 1191 2348 έκζητήσατε
1203 2267 1257 2331 τὸν
1269 2265 1353 2342 θεόν,

108 2372 159 2432 ριε,
173 2345 275 2431 καιρὸς
287 2345 420 2419 εὐδοκίας
432 2342 450 2409 ό
460 2341 579 2418 θεός,ἐν
588 2348 632 2427 τῶ
640 2340 715 2426 πλή·
750 2347 801 2407 καί
812 2341 943 2426 ζήσεσθε.
961 2345 994 2387 3*
1006 2342 1052 2410 ότι
1066 2343 1214 2431 είςήκουσε
1226 2353 1289 2412 τῶν
1300 2373 1354 2413 πε-

108 2442 158 2494 θιι
170 2433 226 2493 τοῦ
238 2427 337 2502 έλέους
349 2452 403 2491 σου
416 2423 667 2550 ἐπάκουσόνμου,
685 2429 716 2491 ἐν
750 2421 845 2507 νήτων
856 2422 993 2511 ὁκόριος,
1001 2430 1052 2492 καὶ
1062 2428 1132 2503 τοῦς
1142 2431 1353 2513 πιπιδημένους

109 2512 238 2593 ἀληθείᾳ
258 2514 295 2574 τ’
327 2516 474 2594 σωτηρίας
493 2534 551 2573 σου
575 2511 587 2550 ¹
614 2504 716 2575 σῶσόν
751 2505 849 2572 αὐτοῦ
862 2507 917 2573 οὐκ
932 2511 1132 2585 ἐξουδένωοεν.
1150 2514 1179 2555 33
1192 2508 1354 2577 αίνιοάτω-

109 2619 143 2658 ιιε
158 2590 221 2674 ἀπὸ
240 2538 354 2674 πηλοῦ,
379 2596 430 2657 ίνα
447 2589 487 2675 μή
502 2594 634 2674 έμπαγῶ.
661 2595 715 2676 ῥυ·
751 2614 805 2656 σαν
816 2589 907 2656 αὐτὸν
919 2596 950 2657 οί
958 2591 1083 2677 οὐρανοί
1091 2596 1139 2658 καὶ
1150 2592 1168 2678 ή
1178 2592 1354 2679 γήθάλαο·

109 2682 214 2759 σθείην
231 2680 264 2740 ἐκ
281 2681 342 2740 τῶν
357 2670 521 2757 μισούντων
536 2700 589 2758 με,
614 2676 665 2739 καί
681 2677 715 2740 ίν
750 2700 789 2739 σα
801 2677 853 2739 καί
867 2670 970 2741 πάντα
986 2673 1025 2740 τά
1045 2681 1176 2761 ἔρποντα
1191 2682 1221 2742 έν
1240 2676 1351 2754 αὐτοῖς.

106 2765 166 2824 τοῦ
189 2755 307 2846 βάθους
330 2764 393 2824 τῶν
415 2753 543 2824 ὑδάτων.
582 2753 661 2844 13μή
680 2784 714 2842 με
749 2753 839 2822 33δτι
853 2754 871 2824 ὁ
885 2757 955 2835 θεὸς
968 2754 1052 2824 οῶσει
1064 2759 1118 2844 τήν
1129 2761 1220 2839 Σιιόν,
1242 2762 1352 2827 καλοί-

106 2838 498 2921 καταποντισάτωκαταιγίς
512 2839 630 2918 ίίδατος,
641 2841 713 2990 μηβὲ
748 2840 1008 2927 κοδομηθήσονται
1032 2848 1066 2908 σί
1082 2839 1182 2921 πόλεις
1203 2849 1254 2929 τής
1272 2843 1352 2911 Ἰου-

105 2930 277 2992 καταπιέτω
284 2951 318 3008 με
325 2925 433 3012 βυθός,
445 2924 518 3010 μηδὲ
528 2929 656 3009 συσχέτω
700 2927 709 2950 ’
747 2926 847 3001 δαίας,
877 2929 929 2992 καί
951 2925 1179 3009 κατοικήσουσιν
1205 2933 1276 3004 ἐκεῖ,
1302 2931 1353 2993 καί

106 3011 156 3091 ἐμὲ
169 3014 264 3096 φρέαρ
277 3006 312 3073 τό
323 3005 420 3114 στόμα
431 3008 534 3074 αὐτοῦ.
549 3002 712 3084 17ιίςυίκου-
747 3007 1012 3095 κληρονομήσουσιν
1020 3007 1121 3095 αὐτήν.
1129 3013 1209 3076 37καί
1218 3011 1252 3077 τό
1264 3015 1352 3097 οπέρ·

108 3089 162 3158 σόν
174 3120 233 3176 μου
250 3088 343 3178 κόριν,
369 3090 415 3158 ότι
430 3092 558 3178 χρηστὸν
577 3089 614 3156 τό
627 3091 712 3168 &Mc
745 3117 789 3175 μα
801 3097 863 3157 τῶν
870 3089 989 3159 δοάλων
999 3094 1095 3160 αὐτοῦ
1104 3099 1284 3172 καθέξουσιν
1294 3095 1351 3160 αῦ-

106 3202 177 3252 σου,
200 3173 279 3241 κατὰ
299 3176 335 3239 τὸ
348 3176 469 3260 πλῆθος
482 3180 542 3240 τῶν
554 3179 712 3279 οἰκτιρμῶν
746 3175 814 3259 τήν,
836 3179 887 3241 καί
900 3181 931 3243 οί
947 3175 1122 3256 ἀγαπῶντες
1135 3177 1281 3261 τὸόνομα
1294 3177 1351 3244 αό-

105 3285 159 3324 σου
172 3259 335 3346 έπίβλεψον
346 3257 391 3323 ἐπ’
406 3262 463 3342 έμέ.
480 3261 565 3323 13ιιαί
577 3258 617 3341 μή
632 3282 711 3324 απο-
745 3263 802 3324 τοῦ
813 3257 1089 3345 κατασκηνῶσουσιν
1104 3266 1135 3326 ἐν
1147 3260 1232 3354 αὐτῇ.

105 3345 239 3430 στρέψης
263 3340 300 3405 τό
324 3337 484 3425 πρόςωπόν
501 3368 555 3407 σου
577 3339 712 3406 ἀπὸτοῦ
1006 3340 1084 3411 w.

104 3424 214 3498 παιδός
228 3449 296 3498 σου,
315 3420 361 3486 ὅτι
373 3424 526 3508 θλίβομαι,
547 3422 621 3507 ταχὺ
635 3419 711 3487 ἐπά-
745 3429 799 3499 Εἰς
815 3421 850 3489 τό
863 3426 947 3498 τέλος
959 3428 1004 3505 τῶ
1015 3425 1113 3488 Δαυὶδ
1131 3429 1170 3498 εἷς
1184 3420 1349 3507 ἀνάμνησιν,

104 3504 297 3586 κουσόνμου.
321 3500 534 3597 13πρόσχεςτῇ
548 3507 711 3593 ψυχῇμου,
792 3509 805 3536 ‘
864 3504 950 3580 εἲςτδ
964 3509 1106 3586 σῶσαίμε
1121 3502 1231 3588 κόριον.

105 3592 158 3656 καὶ
167 3584 313 3672 λότρωσαι
324 3585 515 3669 αὐτήν,έ’νεκα
523 3591 585 3651 τῶν
594 3590 712 3669 ἐχθρῶν
745 3554 819 3653 30
834 3584 904 3662 θεὸς
921 3591 960 3661 είς
972 3586 1025 3671 τήν
1036 3584 1180 3673 βοήθειάν
1195 3613 1255 3670 μου
1271 3586 1349 3673 πρό-

104 3700 166 3758 μου
178 3675 269 3757 ῥῦσαί
279 3695 322 3753 με,
341 3671 372 3712 ²⁰
385 3666 422 3733 οῦ
435 3667 492 3754 γὰρ
504 3665 650 3744 γινώσκεις
659 3667 713 3732 τὸν
747 3694 818 3753 σχες,
843 3670 857 3711 3
870 3674 1099 3753 αἰσχυνθείησαν
1113 3673 1165 3735 καὶ
1176 3675 1348 3757 έντραπείη-

106 3754 265 3821 ὀνιιδισιιόν
277 3779 345 3836 μου,
363 3754 414 3816 καί
424 3750 479 3836 τήν
492 3746 629 3835 αίοχόνην
642 3775 711 3832 μου,
746 3776 800 3816 σαν
809 3756 840 3815 οῖ
852 3754 1001 3836 ζητοῦντες
1011 3751 1066 3836 τήν
1078 3748 1174 3837 ψυχήν
1186 3780 1255 3836 μου,
1268 3753 1348 3822 ἀπο-

106 3844 157 3905 καί
182 3818 235 3923 τήν
251 3831 398 3920 ἕντροπήν
414 3861 482 3917 μου.
508 3839 640 3899 ἐναντίον
656 3858 711 3899 σου
745 3842 942 3920 στραφείηοαν
955 3840 994 3910 είς
1006 3836 1045 3900 τά
1058 3833 1165 3914 ὀπίσω,
1180 3838 1347 3904 ναίκαται-

107 3920 215 3997 πάντες
228 3926 259 3986 οί
270 3920 425 4004 θλίβοντές
436 3945 480 4002 με.
512 3919 540 3960 ²¹
552 3915 712 3998 ὀνειδισμὸν
746 3924 941 4004 σχυνθιίησαν
958 3923 989 3983 οί
1006 3915 1178 4005 βουλόμενοι’
1192 3946 1242 4004 μοι
1260 3920 1347 3987 κακά.

107 4002 315 4091 προςεδόκησεν
332 4001 350 4088 ή
369 3999 450 4088 ψυχή
462 4027 519 4083 μου
539 4002 590 4065 καί
606 4000 711 4066 ταλαι-
744 4000 1038 4088 3ἀποοτραφείησαν
1056 4010 1228 4089 παραυτίκα
1246 4010 1279 4071 α’
1314 4033 1348 4070 υ-

106 4095 232 4176 πωρίαν.
249 4085 450 4168 καίῦπέμιινα
463 4080 711 4167 συλλυποιίμενον,
744 4080 860 4167 νόμενοι
893 4088 924 4148 οἱ
953 4084 1088 4162 λέγοντές
1111 4113 1161 4192 μοι
1185 4077 1249 4165 ιῦγε
1275 4114 1347 4166 ευγε.

106 4173 159 4237 καί
177 4171 231 4256 οῦχ
244 4168 367 4256 ὑπῆρξε,
393 4171 445 4234 καὶ
462 4167 709 4251 παρακαλοῦντα,
744 4163 1020 4245 3ἀγαλλιάσθωσαν
1032 4171 1083 4234 καί
1093 4167 1348 4256 ευφρανθήτωσαν

107 4256 161 4320 καὶ
178 4253 231 4338 οὐχ
248 4247 342 4339 εῦρον.
374 4255 403 4294 ²²
416 4253 468 4316 καί
486 4252 600 4316 ἔδωκαν
616 4256 655 4325 είς
673 4250 709 4314 τὸ
743 4253 793 4315 ἐπὶ
817 4254 865 4317 σοί
881 4246 988 4327 πάντες
1006 4257 1037 4318 οί
1054 4255 1207 4338 ζητοῦντές
1225 4280 1271 4330 σε,
1296 4255 1348 4317 καί

105 4333 213 4424 βρῶμά
223 4361 285 4439 μου
302 4334 406 4421 χολήν,
432 4337 483 4399 καί
503 4338 541 4407 εἰς
553 4332 607 4415 τήν
618 4334 712 4414 δίψαν
743 4330 909 4409 λεγέτωσαν
920 4334 1092 4411 διαπαντός,
1104 4333 1345 4418 μεγαλυνθήτωὸ

104 4446 164 4506 μου
178 4415 318 4484 έποτισάν
335 4443 369 4499 με
381 4416 417 4492 δξ
451 4465 457 4480 .
483 4418 512 4458 33
523 4411 679 4498 γενηθήτω
692 4411 709 4498 ή
742 4415 826 4492 θεὸς,
849 4422 880 4481 οί
891 4417 1063 4495 ἀγαπῶντες
1075 4417 1111 4482 τὸ
1125 4414 1270 4502 σωτήριόν
1283 4442 1344 4481 σου.

105 4498 238 4590 τράπεζα
267 4499 367 4565 αῦτῶν
392 4494 519 4565 ἐνῶπιον
544 4495 646 4564 αὐτῶν
670 4501 710 4573 είς
742 4499 828 4576 3ίγιιό
853 4498 885 4564 δὲ
909 4497 1029 4584 πτωχός
1044 4501 1095 4563 καί
1111 4501 1212 4582 πένης,
1239 4494 1346 4597 ὁθεής

1195 4575 1355 4662 βοήθησον
