2924 4972
166 226 231 291 984
357 227 656 290 ΒΑΣΙΛΕΙΩΝ
678 226 852 287 ΠΡΩΤΗ
890 222 1093 309 Κεφ.ιβ’.ιγ’.
1110 222 1159 286 12.
1176 222 1226 288 13.

165 349 267 408 πᾶσαν
278 337 465 423 δικαιοσύνην
477 345 588 423 κυρίου,
601 336 622 402 ἀ
635 343 773 422 ἐποίησεν
806 341 857 402 καὶ
875 336 1070 424 ἐηοβῆθησαν
1081 329 1172 412 πᾶςό
1192 335 1267 412 λαός
1288 336 1342 403 τόν
1364 337 1417 404 κύω

165 431 197 490 ἐν
223 421 292 508 ὑμῖν
312 427 362 488 καί
379 425 411 487 ἐν
428 434 493 497 τοῖς
513 418 663 508 πατράσιν
681 421 773 506 ὑμῶν,
807 446 871 506 ριον
884 421 1000 507 σφόδρα
1013 423 1065 484 καὶ
1077 417 1295 503 τδνΣαμουηλ.
1323 423 1417 488 19κυλ

165 507 235 584 11ῶς
251 509 382 592 είςῖχλθεν
395 502 507 591 Ἰακώβ
525 507 576 570 καὶ
594 509 625 568 ού
642 508 705 568 υἱοὶ
718 502 774 568 αύ-
807 503 893 569 εἶπαν
915 511 977 579 πῶς
1008 500 1026 568 ό
1051 499 1125 588 λαός
1158 499 1236 608 πρός
1259 503 1415 589 Σαμουύλ.

164 597 221 656 τοῦ
246 596 285 666 είς
303 591 478 667 Αἴγυπτον,
503 590 555 652 καλ
577 592 773 653 ἐταπείνωσεν
806 583 960 672 πρδςευξαι
980 583 1054 673 ὑπὲρ
1067 590 1128 650 τῶν
1141 585 1257 649 δουλων
1270 611 1327 651 σου
1339 588 1417 672 πρὸς

166 671 274 748 αύτούς
282 675 447 750 Αἴγυπτος.
461 673 513 737 καί
525 666 655 756 ἐβόησαν
668 676 699 735 οῖ
711 696 773 735 πα-
805 675 907 757 κύριον
917 666 990 736 θεόν
1003 694 1067 745 σου,
1080 670 1131 733 καὶ
1144 664 1180 732 ού
1192 667 1233 752 μη
1247 666 1416 735 ἀποθάνω-

165 760 244 842 τέρες
256 754 339 841 ἡμῶν
349 752 425 840 πρὸς
436 749 548 840 κύριον,
559 756 610 818 καί
620 753 774 819 ἀπέστειλε.
804 781 865 836 μεν,
890 749 937 818 δ’τι
953 757 1200 838 προςτεθείκαμεν
1218 749 1296 838 πρός
1314 749 1416 830 πάσας

164 837 199 903 κύ
219 866 262 914 ιος
283 839 336 903 τόν
352 841 490 920 Μωυσῆν
508 838 560 901 καὶ
576 834 629 901 τὸν
645 835 772 922 Ἀαρὼν,
804 834 859 912 τάς
871 832 1018 923 ἆμαρτίας
1031 832 1112 919 ἡμῶν
1124 841 1247 909 κακίαν,
1271 832 1414 919 αἰτήσαι·-

165 949 217 987 και
242 920 386 1006 ἐξήγαγον
402 915 472 995 τούς
488 923 622 1006 πατέρας
640 917 724 1004 ἡμῶν
742 922 773 997 ἐξ
804 945 849 995 τες
867 921 984 994 ἑαυτοῖς
999 917 1133 1006 βασιλέα.
1159 919 1191 961 ²⁰
1204 920 1255 983 καὶ
1274 917 1335 983 είπε
1347 928 1415 984 Σα-

163 1000 342 1085 Λίγύπτου,
368 1005 419 1068 καί
435 997 595 1086 κατῴκισεν
613 1001 726 1078 αύτούς
742 1005 772 1068 δν
803 998 898 1086 μουίηλ
914 999 992 1088 πρὸς
1011 999 1065 1066 τόν
1083 996 1167 1066 λαόν.
1200 1001 1239 1084 μη
1260 1007 1413 1088 ηοβεῖσθε,

163 1094 207 1173 τῷ
232 1086 319 1171 τόπῳ
341 1083 449 1170 τούτῳ.
488 1089 568 1151 11καί
586 1082 771 1151 ἐπελάθοντο
806 1083 884 1169 ύμείς
907 1080 1088 1190 πεποιηκατε
1113 1084 1168 1168 την
1189 1090 1293 1149 πᾶσαν
1308 1094 1415 1151 κακίαν

163 1178 265 1258 κυρίου
276 1175 333 1236 τοῦ
346 1175 421 1235 θεοῦ
436 1167 551 1245 αὐτῶν,
574 1171 625 1235 καί
637 1167 770 1234 ἀπέδοτο
806 1164 932 1252 ταύτην,
958 1166 1038 1252 πλην
1048 1164 1089 1252 μὴ
1103 1166 1249 1249 ίκκλίνητε
1265 1165 1330 1232 ἀπό
1344 1168 1414 1233 ὄπι-

164 1253 276 1330 αύτούς
300 1260 339 1330 είς
358 1265 456 1340 χεῖρας
472 1251 552 1318 Σισά
573 1278 593 1316 α
610 1252 772 1339 ἀρχιστρα-
807 1263 878 1318 σθεν
896 1256 1018 1357 κυρίου,
1044 1253 1096 1316 καλ
1114 1248 1293 1315 δουλεύσατε
1305 1255 1350 1334 τῶ
1363 1279 1414 1316 κο-

163 1335 245 1424 τὴγῳ
261 1336 354 1422 Ἰαβὶς
370 1337 514 1424 βασιλέως
526 1279 641 1421 ἰίοσῶρ,
667 1337 772 1410 καλεῖς
806 1342 861 1421 ρίσρ
888 1337 919 1400 ἐν
938 1334 993 1440 ολη
1009 1334 1117 1419 καρδίη
1136 1333 1225 1414 ὑμῶν.
1248 1326 1292 1377 ’11
1305 1337 1356 1398 καὶ
1374 1334 1414 1419 μη

163 1435 261 1507 χεῖρας
274 1415 467 1498 ἀλλοφύλων,
490 1420 542 1483 καλ
555 1423 593 1493 είς
604 1431 702 1504 χεῖρας
713 1424 771 1509 βα·
805 1422 961 1505 παραβητε
974 1423 1073 1483 σπίσω
1084 1420 1146 1480 τῶν
1157 1417 1253 1500 μηθὲν
1265 1415 1370 1492 όντων,
1385 1427 1416 1483 οἳ

164 1505 268 1578 σιλέως
280 1501 401 1590 Μωάβ,
417 1504 468 1566 καί
480 1501 660 1584 ἐπολέμησεν
672 1504 702 1565 ἐν
715 1500 772 1567 αύ-
806 1499 844 1567 ού
857 1507 1035 1588 περανούσιν
1047 1497 1154 1576 ούθὲν,
1180 1505 1232 1566 καὶ
1245 1508 1277 1565 οἳ
1287 1499 1342 1565 οὐκ
1355 1503 1414 1577 ε’ξε-

163 1599 235 1662 τοῒς.
262 1588 292 1630 ¹⁰
304 1587 355 1650 καί
367 1579 495 1672 ἐβόησαν
506 1584 583 1668 πρός
595 1581 703 1670 κύριον,
721 1587 772 1649 καλ
805 1585 946 1661 λοῦνται,
972 1580 1019 1650 ὅτι
1032 1582 1125 1649 ούθέν
1138 1584 1214 1648 εἰσιν.
1253 1587 1282 1632 ²²
1295 1579 1341 1648 ότι
1357 1583 1413 1649 ούκ

164 1671 276 1749 ἔλεγον.
295 1664 472 1754 ἡμάρτομεν,
486 1663 533 1733 ὅτι
547 1667 772 1753 ἕγκατελίπομεν
805 1665 958 1734 ἀπώσεται
976 1668 1076 1754 κύριος
1095 1664 1148 1731 τόν
1166 1665 1239 1733 λαόν
1252 1664 1347 1731 αὑτοῦ
1364 1666 1413 1733 διά

163 1750 218 1819 τόν
242 1752 360 1840 κ’ύριον,
397 1753 450 1816 καί
475 1747 683 1834 δδουλεύσαμεν
707 1763 772 1826 τοῖς
805 1749 842 1817 τό
855 1749 951 1834 ἀνομα
964 1749 1061 1817 αύτοῦ
1073 1746 1206 1850 τὸμέγα,
1220 1746 1267 1815 ὅτι
1281 1755 1413 1826 ἐπιεικῶς

168 1836 431 1918 Βααλίμκαλτοῖς
443 1833 564 1900 ἀλσεσιν.
583 1837 698 1900 καίνῡν
711 1837 769 1911 ἐξε
805 1831 907 1919 κύριος
929 1830 1125 1921 προςελάβετο
1151 1839 1224 1916 υμᾶς
1249 1835 1347 1915 ἑαυτῷ
1374 1840 1413 1909 εἷς

164 1920 220 1983 λοῦ
233 1914 307 2003 ἡμᾶς
320 1921 353 1982 ἐκ
363 1917 457 2004 χειρὸς
468 1921 586 2024 ἐχθρῶν
600 1914 695 2024 ημῶν,
718 1920 770 1983 καί
805 1915 888 1984 λαόν.
912 1919 941 1961 ²³
954 1919 1005 1982 καί
1017 1921 1082 2000 ἐμοὶ
1093 1917 1234 2002 μηδαμῶς
1245 1921 1300 1982 τοῦ
1313 1916 1413 2003 ἀμαρ-

164 1997 305 2066 δουλεύσο
327 2003 358 2066 έν
370 2025 427 2066 σοι.
450 2002 475 2041 11
488 2023 540 2063 και
552 1997 705 2066 ἀπεστειλε
717 2002 771 2066 τὸν
805 2012 864 2067 τείν
885 2006 929 2084 τῷ
950 2007 1042 2087 κυρίῳ
1061 1999 1171 2066 ἀνιέναι
1191 2000 1412 2085 τοῦπροςεύχε-

159 2030 332 2171 Ἰεροβάαλί,
357 2085 408 2148 καί
423 2080 478 2149 τόν
490 2081 622 2168 Βαράκ,
647 2084 771 2149 καὶτὸν
805 2095 879 2151 σθαι
903 2087 971 2172 περὶ
996 2081 1088 2168 ὑμῶν.
1122 2085 1174 2149 καί
1199 2081 1349 2149 δουλεύσω
1368 2090 1412 2168 τῷ

159 2163 295 2250 Ἰεφθάε,
320 2168 372 2232 καί
388 2163 609 2252 τύνΣαμουύχλ,
634 2170 685 2232 καί
698 2170 771 2245 ἑξεί-
804 2175 910 2255 κυρίιμ,
935 2171 986 2234 καὶ
1003 2169 1088 2244 δείξω
1114 2164 1182 2251 ύμῖν
1198 2165 1252 2250 τὴν
1271 2163 1342 2232 ὁδόν
1359 2167 1412 2252 τὴν

163 2252 239 2316 λατο
254 2248 329 2336 ημᾶς
341 2255 373 2316 ἐκ
384 2247 479 2338 χειρός
491 2253 607 2336 ἐχθρῶν
617 2247 700 2337 ἡμῶν
709 2256 769 2316 τῶν
806 2249 927 2337 ἀγαθὴν
940 2254 990 2317 καὶ
1002 2248 1056 2335 τὴν
1069 2248 1195 2317 εύθεῒοιν.
1219 2250 1250 2295 ²⁴
1262 2249 1340 2333 πλὴν
1353 2277 1413 2332 ρο-

163 2329 322 2416 κυκλόθεν,
348 2336 398 2399 καὶ
410 2343 568 2399 κατωκεῖτε
580 2332 767 2410 πεποιθότες.
804 2339 904 2421 βεῒσθε
915 2333 970 2400 τὸν
982 2331 1093 2421 κύριον,
1105 2338 1156 2400 καὶ
1167 2328 1344 2399 δουλεύσατε
1356 2333 1413 2398 αύ-

162 2420 253 2483 11καλ
274 2420 344 2484 ἴδετε
363 2412 410 2483 δτι
426 2399 518 2494 Νάας
541 2416 678 2505 βασιλεύς
697 2422 769 2484 υἱῶν
806 2424 849 2502 τῷ
860 2422 891 2484 δν
901 2416 1028 2524 ἀληθείᾳ
1041 2422 1129 2485 καὶέν
1137 2414 1193 2502 ὅλη
1202 2418 1310 2504 καρδίᾳ
1320 2415 1412 2502 ὑμῶν,

158 2500 276 2607 Ἀμμῶν
302 2491 394 2586 ἦλθεν
411 2500 454 2583 ἐφ’
477 2498 564 2587 ὑμᾶς,
590 2506 641 2570 καὶ
659 2504 767 2568 εἴπατε.
806 2498 852 2567 δτι
866 2503 939 2568 ἴδετε
951 2492 1208 2588 ἀίμεγάλυνεμίθ
1223 2497 1313 2585 ὑμῶν.
1327 2503 1414 2564 11καί

163 2589 243 2669 ουχὶ,
272 2584 336 2653 ἀλλ’
352 2584 371 2670 ἢ
391 2581 437 2651 ὅτι
454 2585 587 2669 βασιλεὺς
604 2582 767 2672 βασιλεύσει
806 2584 857 2652 ε’ἀν
870 2592 960 2668 κακίᾳ
973 2575 1199 2672 κακοποιύσητε,
1209 2582 1349 2669 καλύμείς
1361 2586 1412 2650 καλ

162 2670 204 2751 ἐφ’
223 2667 313 2752 ἡμῶν.
328 2672 379 2732 καί
392 2665 492 2754 κύριος
504 2664 522 2733 ό
534 2669 606 2743 θεὸς
618 2666 700 2776 ημῶν
710 2674 768 2757 βα-
805 2666 823 2734 ὁ
835 2670 969 2756 βασιλεὺς
986 2667 1068 2754 ἀμῶν
1079 2667 1327 2754 προςτεθίσεσθε.

161 2751 254 2825 σιλεύς
267 2748 359 2834 ἡμῶν.
398 2752 490 2816 11καλ
507 2755 558 2817 νῦν
573 2753 638 2815 ἰδου
653 2750 670 2817 ὁ
683 2757 768 2838 βασι·
992 2759 1026 2816 Κ
1038 2761 1067 2817 Ε
1079 2758 1117 2816 Φ.
1162 2760 1184 2816 Ι
1224 2801 1230 2814 .

160 2831 228 2908 λεύς
246 2829 282 2898 δν
299 2832 478 2910 ἐξελέξασθε.
508 2835 559 2897 καί
579 2834 642 2898 ἰδού
660 2835 767 2901 δέδωκε
805 2804 909 2903 1Καί
925 2836 1071 2914 ι’κλίγεται
1089 2836 1188 2916 ἑαυτῷ
1204 2830 1312 2897 Σαούλ
1335 2848 1413 2917 τρεῖς

160 2913 262 3003 κύριος
274 2913 318 2999 ἐφ’
335 2913 553 3003 ύμᾶςβασιλέα.
567 2914 660 2984 11ἒάν
673 2925 767 3006 φοβη-
803 2921 937 3005 χιλιάδας
958 2918 1074 3004 ἀνδρῶν
1091 2920 1124 2982 ἐκ
1141 2920 1202 2981 τῶν
1220 2912 1335 2999 ἀνδρῶν
1349 2915 1412 2983 Ἰσ-

160 3006 235 3084 θῆτε
248 2997 301 3066 τόν
313 2995 432 3084 κύριον,
457 3001 509 3065 καί
524 2998 698 3086 δουλεύσητε
712 3003 767 3068 αύ-
805 3002 892 3091 ραήλ.
918 3005 970 3067 καί
982 2990 1057 3086 ἦσαν
1066 2995 1140 3084 μετά
1153 2998 1260 3065 Σαούλ
1278 3001 1410 3086 διςχίλιοι

160 3087 221 3166 τῶ,
245 3085 296 3147 καὶ
313 3078 458 3166 ἀκούσητε
475 3087 529 3165 τῆς
547 3089 648 3168 φωνῆς
660 3084 766 3163 αύτοῦ,
805 3092 836 3152 ού
847 3092 879 3152 ἐν
888 3083 1032 3188 Μαχμδις,
1043 3085 1094 3148 καί
1105 3086 1135 3146 ἐν
1145 3088 1188 3169 τῷ
1199 3082 1261 3167 ὄρει
1271 3083 1410 3168 Βαιθηλ,

161 3166 212 3247 καί
222 3162 262 3247 μύχ
276 3168 390 3248 ἐρίσητε
403 3169 447 3247 τῷ
460 3162 585 3246 στόματι
595 3175 706 3255 κυρίου,
715 3172 768 3235 καί
803 3172 854 3234 καί
865 3168 952 3254 χίλιοι
965 3192 1042 3253 ησαν
1054 3162 1129 3252 μετά
1136 3164 1292 3233 Ἰωνάθου
1302 3172 1333 3234 ἐν
1344 3172 1376 3231 Γ
1373 3195 1411 3233 α-

161 3248 212 3331 ἡτε
228 3249 279 3311 καλ
297 3243 376 3330 ὑμεῖς
393 3249 445 3311 καί
463 3245 629 3334 ὁβασιλεύς
648 3249 665 3318 ὁ
679 3257 766 3342 βασι·
801 3249 863 3339 βαά
876 3255 931 3316 τοῦ
944 3255 1095 3336 Βενιαμίν.
1109 3253 1161 3319 καί
1174 3252 1214 3318 τό
1225 3248 1411 3318 κατάλοιπον

161 3325 254 3397 λεύων
266 3327 308 3410 ἐφ’
322 3328 406 3415 ὑμῶν
420 3329 517 3396 ὀπίσω
527 3339 629 3419 κυρίου
637 3333 766 3423 πορευό-
804 3340 858 3401 τοῦ
871 3335 949 3402 λαοῦ
961 3336 1162 3412 ἐξαπέστειλεν
1180 3343 1305 3403 ἕκαστον
1322 3341 1361 3411 είς
1372 3334 1409 3400 τό

159 3440 249 3497 μενοι.
271 3415 299 3458 ¹¹
313 3415 366 3481 ἐὰν
379 3414 412 3480 δὲ
423 3413 464 3499 μὴ
478 3413 623 3502 ἀκούσητε
634 3423 688 3502 τῆς
701 3445 766 3503 φω-
804 3417 944 3505 σκήνωμα
957 3420 1061 3486 αὐτοῦ.
1092 3423 1170 3486 3καὶ
1183 3417 1328 3498 ἐπάταξεν
1342 3419 1411 3484 ’lw-

159 3502 209 3583 νῆς
235 3505 352 3585 κυρίου,
375 3503 427 3564 καί
448 3503 562 3585 ἐρίσητε
581 3506 625 3587 τῷ
642 3501 765 3608 στόματι
804 3499 904 3572 νάθαν
920 3500 974 3571 τόν
985 3507 1093 3592 Νασλβ
1105 3505 1158 3570 τόν
1176 3500 1347 3586 ἀλλόφυλον
1359 3499 1412 3565 τόν

158 3589 272 3666 κυρίου,
285 3586 337 3647 καί
351 3585 435 3648 ἔσται
446 3588 506 3668 χεὶρ
516 3591 620 3672 κυρίου
632 3583 675 3667 ἐφ’
692 3590 766 3669 υμᾶς
804 3590 834 3653 ἐν
845 3593 890 3673 τῷ
902 3592 1009 3677 βουνῷ.
1036 3593 1088 3655 καὶ
1105 3586 1263 3654 ἀκούωσιν
1274 3590 1306 3651 ολ
1318 3580 1410 3648 ἄλλό

159 3667 210 3728 καί
222 3668 273 3728 ἐπὶ
285 3663 473 3750 τὸνβασιλέα
486 3667 575 3750 ὑμῶν.
610 3668 703 3736 16καὶ
715 3675 767 3736 νῦν
804 3673 909 3755 φυλοι,
934 3675 987 3739 καὶ
998 3672 1105 3738 Σαούλ
1123 3668 1264 3747 σάλπιγγι
1278 3665 1410 3740 σαλπίζει

159 3742 338 3830 κατάστητε,
355 3751 405 3813 καὶ
418 3751 490 3816 ἴδετε
502 3748 539 3815 τό
552 3755 632 3836 ῥῆμα
643 3750 678 3817 τό
690 3759 766 3838 μέγα
803 3760 842 3831 εἰς
854 3761 958 3822 πᾶσαν
968 3753 1023 3840 τὴν
1033 3760 1099 3837 γῆν,
1112 3753 1213 3830 λέγων.
1234 3744 1410 3852 ἢθετηκασιν

159 3833 267 3904 τοῦτο,
293 3827 312 3894 3
330 3827 347 3896 ὁ
359 3826 460 3918 κύριος
473 3831 587 3918 ποιησει
600 3840 631 3901 ἐν
643 3834 765 3920 ὀφθαλ-
803 3843 833 3902 οί
845 3838 958 3903 δοῦλοι.
997 3836 1078 3900 1καί
1090 3839 1151 3909 πάς
1164 3831 1208 3898 'Io
1227 3831 1287 3932 αηλ
1301 3854 1409 3911 ηκουσε

157 3924 223 3996 μοῖς
249 3909 338 3996 ύμῶν.
376 3914 483 4002 11ούχὶ
505 3918 645 4003 θερισμός
660 3924 765 4006 πυρῶν
803 3917 962 3997 λεγόντων,
981 3922 1107 3984 πέπαικε
1119 3858 1226 3981 Σαούλ
1238 3937 1291 3977 τον
1303 3915 1411 3999 Νασίβ

159 3993 304 4099 σάμερον,Ι
330 4000 540 4083 ίπικαλύσομαι
564 3999 684 4089 κύριον,
714 4004 766 4066 καί
802 3997 1055 4085 τὸνάλλόφυλκιν,
1080 4001 1130 4065 καί
1143 3995 1333 4083 ᾐσχύνθησαν
1350 3994 1410 4060 Ἰσ-

158 4081 246 4146 δωσει
258 4080 361 4163 φωνάς
373 4085 424 4148 καὶ
437 4082 529 4150 ὑετόν.
546 4087 598 4150 καί
609 4090 703 4164 γνῶτε
715 4088 766 4150 καὶ
802 4081 880 4171 ραύχλ
893 4088 925 4148 ἐν
942 4095 1006 4159 τοῖς
1023 4080 1214 4164 ἀλλοφύλοις.
1240 4082 1291 4147 καὶ
1304 4077 1410 4165 ἀνέβη-

159 4165 246 4242 ἴδετε,
272 4161 320 4231 ότι
344 4164 363 4251 ἢ
388 4173 477 4233 κακία
502 4165 584 4252 ύμῶν
599 4163 711 4253 μεγάλη
727 4165 765 4253 ἣν
803 4192 860 4234 σαν
872 4169 905 4230 οἱ
921 4169 984 4232 υἱοί
998 4165 1121 4272 Ἰσραληλ
1142 4164 1241 4230 ὀπίσω
1254 4162 1360 4229 Σαούλ
1379 4170 1409 4229 ἕν

157 4244 314 4335 ἐποιησατε
327 4244 452 4315 ἐντόπιον
463 4259 575 4338 κυρίου,
593 4247 765 4335 αλτησαντες
801 4247 983 4327 Γαλγάλοις.
1022 4249 1036 4292 ¹
1050 4274 1100 4313 και
1113 4252 1144 4313 οί
1156 4243 1323 4328 ἀλλόφυλοι
1338 4275 1407 4314 συν-

157 4332 275 4407 ἕαυτοῖς
293 4333 426 4411 βασιλέα.
452 4337 546 4401 11καδ
565 4333 764 4402 ίπικαλύτατο
801 4332 925 4413 ἀγονται
943 4338 983 4408 εἷς
994 4326 1122 4415 πόλεμον
1135 4333 1186 4397 ἐπὶ
1202 4328 1331 4416 Ἰσραήλ.
1358 4337 1409 4397 καὶ

158 4413 302 4503 Σαμουὴλ
313 4413 367 4479 τόν
378 4413 488 4504 κόρων,
501 4422 553 4484 καὶ
566 4418 655 4483 ίδωκε
662 4416 764 4505 κύριος
801 4419 1012 4504 ἀναβαίνουσιν
1033 4418 1084 4483 ἐπὶ
1106 4411 1227 4500 Ἰσραὴλ
1246 4412 1409 4501 τριάκοντα

157 4498 260 4578 ςωνάς
282 4502 332 4563 καὶ
349 4495 436 4567 ὑετόν
453 4505 485 4568 ἐν
500 4504 541 4594 τῇ
552 4497 648 4587 ἡμέρη
660 4504 761 4598 ἐκείνη.
800 4496 924 4590 χιλιάδες
937 4497 1090 4591 ἁρμάτων,
1114 4503 1165 4568 καὶ
1177 4502 1209 4577 ἓξ
1219 4497 1343 4586 χιλιάδες
1352 4501 1407 4604 βπ-

1317 4604 1409 4660 πεων,
