2924 4972
436 195 609 260 ΑΜαΣ
646 199 723 274 ιι...
737 187 779 258 ι’.
794 192 824 259 ι’.
837 188 867 260 4.
881 196 910 261 5.
1227 194 1292 262 733

57 298 133 394 τρεῖς
149 308 248 386 πόλεις
265 317 304 386 είς
319 308 408 375 πόλιν
428 315 496 391 μίαν
514 313 569 374 τοῦ
586 321 661 373 πιεῖν
693 313 775 373 ἐσται
792 304 809 373 6
824 312 937 394 οβέσων
948 312 993 391 τῷ
1006 311 1080 392 οίκῳ
1093 303 1225 393 Ἰσραήλ.
1252 304 1296 372 ⁷6

59 395 152 479 ὕδωρ,
177 396 227 459 καί
255 393 292 458 ού
315 392 355 477 μή
373 392 585 475 έμπλησθῶσι,
609 392 662 454 καί
691 396 788 455 ποιῶν
804 396 843 465 εἰς
856 387 938 474 ῦψος
950 388 1056 476 κρίμα,
1080 393 1131 455 καί
1144 385 1297 456 δικαιοσύ-

59 477 113 542 ούκ
131 473 333 561 ἐπεστράφητε
350 474 427 559 πρός
444 474 495 557 μὲ,
521 472 597 550 λέγει
609 469 662 536 κύ-
692 498 744 558 νην
762 478 801 546 είς
813 478 870 556 γήν
882 477 996 554 έθηκεν.
1023 469 1181 536 1όποιῦν
1194 469 1296 539 πάντα

59 586 127 642 ριος.
151 561 166 602 ⁰
180 560 315 632 ἐπάταξα
328 555 404 637 ῦμῦς
415 560 446 620 έν
459 550 598 640 πυριύσει,
612 557 663 619 καί
692 558 743 620 καί
759 553 996 637 μετασκευάζων,
1022 556 1074 619 καί
1091 557 1241 638 ίκτρέπων
1258 561 1297 631 είς

59 651 89 707 ἐν
102 645 215 727 ίκτέρῳ.
240 635 430 721 έπληθύνατε
443 637 558 722 κήπους
572 634 661 718 ῦμιῦν,
692 638 814 721 τοπρωί·
830 638 934 712 σκιάν,
959 638 1011 701 καί
1021 633 1132 722 ἡμέραν
1150 641 1189 710 είς
1205 635 1297 701 νύκτα

59 725 234 806 ἀμπελῶνας
248 719 399 803 ύμιῦν,καί
412 718 661 803 συκειῦναςύμιῦν,
692 719 896 796 συσκοτᾶζων,
932 712 1229 804 όπροςκαλούμενος
1259 719 1297 783 τὸ

58 811 108 870 καί
122 807 261 878 ἐλαιῶνας
275 802 356 886 ὑμῶν
372 806 539 884 κατέφαγεν
552 800 571 885 ἡ
585 798 663 884 κάμ-
692 800 773 887 ῦδωρ
787 807 839 884 τῆς
853 801 1021 885 θαλάσσης,
1042 803 1093 866 καί
1105 803 1210 884 έκχέων
1222 797 1298 865 αύτὸ

58 915 112 968 πη,
124 890 175 950 καί
187 885 252 950 οὐδ’
266 884 306 962 ιὸς
318 890 520 971 ἐπεστρέψατε
531 882 661 968 πρόςμί,
692 887 741 950 ἐπὶ
754 880 915 970 πρόςωπον
929 888 983 968 τῆς
995 887 1059 967 γής.
1084 881 1185 968 κύριος
1199 883 1298 967 ὄνομα

59 971 133 1045 λέγει
147 964 255 1054 κύριος.
281 972 309 1014 ¹⁰
323 968 516 1046 έξαπέστειλα
535 972 573 1041 είς
587 963 663 1049 ῦμᾶς
693 966 785 1050 αὐτῷ.
822 963 872 1030 1ό
898 967 1021 1052 διαιρῶν
1046 965 1223 1050 ουντριμμόν
1249 967 1299 1032 ἐπί

58 1048 194 1116 θάνατον
208 1056 238 1116 έν
250 1050 312 1134 ὁδῷ
324 1049 505 1128 Αἰγύπτου,
520 1051 571 1113 καί
584 1048 662 1113 άπέ-
693 1048 794 1134 ἰσχύν,
815 1051 867 1114 καί
878 1049 1084 1134 ταλαιπωρίαν
1095 1050 1146 1113 ἐπὶ
1158 1045 1298 1133 ὀχύρωμα

59 1159 154 1199 κτεινα
185 1138 217 1198 έν
243 1137 376 1219 ῥομφαίᾳ
402 1133 471 1208 τοὺς
495 1137 662 1206 νεανίσκους
692 1128 824 1211 ἐπάγων.
849 1135 878 1176 ¹⁰
891 1137 1034 1216 ἐμίσησαν
1052 1135 1082 1195 ἐν
1093 1127 1201 1205 πύλαις
1213 1131 1298 1208 ἐλέγ-

60 1214 153 1298 ὑμῶν,
177 1217 250 1295 μετὰ
269 1215 468 1299 αἰχμαλωσίας
480 1220 582 1280 ’ίππων
595 1240 661 1288 σου,
691 1240 802 1300 χοντα,
828 1216 879 1279 καί
889 1214 983 1292 λόγον
996 1211 1078 1280 ὅσιον
1092 1210 1296 1301 ἐβδελύξαντο.

59 1300 110 1361 καί
122 1296 270 1379 ἀνήγαγον
283 1300 314 1360 ἓν
325 1299 398 1384 πυρί
410 1296 465 1374 τύς
474 1296 663 1384 παρεμβολάς
693 1294 782 1364 11διέι
798 1303 890 1363 τοῦτο
907 1296 976 1361 ἀνθ’
997 1288 1040 1360 οῦν
1058 1293 1298 1372 κατεκονδύλιζον

60 1385 91 1444 ἐν
117 1384 154 1473 τῇ
171 1380 246 1471 ὀργή
264 1379 357 1461 ὑμῶν,
379 1383 430 1445 καί
446 1380 513 1446 οὐδ’
536 1378 576 1457 ῦς
595 1385 663 1445 έπε-
693 1380 842 1464 πτωχούς,
862 1382 914 1446 καί
926 1380 1010 1465 δῶρα
1023 1377 1144 1445 ἐκλεκτέα
1156 1380 1299 1454 ἐδέξασθε

60 1466 209 1547 στρέφατε
218 1462 293 1546 πρός
300 1461 347 1546 μὲ,
357 1463 433 1539 λέγει
444 1460 553 1549 κύριος.
563 1468 662 1528 11κοιτ·
692 1463 762 1550 παρ’
784 1462 901 1538 αύτιῦν,
926 1463 1029 1537 οἴκους
1045 1459 1165 1537 ξεστοὺς
1182 1461 1299 1545 ᾠκοδο-

59 1556 191 1631 έστρεψα
206 1543 292 1627 ῦμᾶς,
317 1546 422 1621 καθώς
435 1550 631 1631 κατέστρεψεν
643 1543 661 1610 6
692 1543 816 1631 μήσατε,
829 1548 881 1610 καὶ
892 1545 928 1609 ού
940 1545 980 1630 μή
995 1542 1188 1628 κατοικήσητε
1198 1549 1230 1610 ίν
1243 1542 1299 1608 αῦ-

58 1627 133 1702 θεός
145 1623 268 1708 Σόδομα
281 1631 332 1693 καί
341 1627 496 1714 Γόμορρα,
510 1631 561 1694 καί
569 1632 663 1706 ἐγένε-
692 1641 765 1705 τοῖς,
776 1628 952 1712 ἀμπελῶνας
964 1628 1167 1712 έπιθυμητούς
1176 1623 1299 1707 έφυτεύ·

59 1721 114 1775 σθε
131 1708 171 1785 ὡς
183 1710 273 1786 δαλὸς
284 1713 498 1793 ἐξεσπασμένος
514 1716 547 1777 ἐκ
558 1710 662 1797 πυρός,
694 1737 781 1788 σατε,
806 1713 858 1778 καί
875 1709 912 1775 οῦ
926 1709 966 1796 μή
978 1716 1064 1795 πίητε
1076 1710 1130 1776 τόν
1143 1709 1227 1776 οίνον
1240 1710 1298 1774 αύ·

61 1795 111 1858 καί
137 1791 206 1859 οὐδ’
227 1791 267 1869 ὣς
292 1798 494 1880 ἐπεστρέψατε
517 1792 593 1880 πρός
616 1795 662 1876 μέ,
694 1801 762 1858 τῶν.
801 1798 828 1838 ¹²
843 1789 890 1859 ότι
916 1798 1009 1872 ἔγνων
1033 1791 1148 1868 πολλάς
1166 1791 1298 1879 ἀσεβείας

61 1876 137 1953 λέγει
149 1873 255 1961 κύριος.
269 1878 350 1942 11διὰ
363 1883 454 1943 τοῦτο
468 1874 562 1952 οὕτως
574 1875 663 1980 ποιή-
695 1876 791 1963 ὑμῶν,
812 1880 862 1942 καί
876 1878 994 1963 ἰσχυραί
1006 1881 1039 1940 αἱ
1051 1875 1194 1960 ἁμαρτίαι
1208 1877 1298 1959 ὑμῶν,

62 1983 106 2022 σω
119 1984 167 2023 σοι
178 1959 306 2045 Ἰσραήλ,
318 1959 395 2046 πλήν
408 1957 455 2025 ότι
465 1956 561 2034 οὕτως
572 1986 662 2044 ποιη-
694 1964 936 2034 καταπατοῦντες
949 1961 1078 2034 δίκαιον,
1101 1954 1300 2046 λαμβάνοντες

60 2066 105 2104 σω
127 2067 182 2106 σοι.
208 2039 363 2124 ἑτοιμάζου
381 2048 438 2109 τοῦ
456 2044 663 2120 ἐπικαλεῖσθαι
694 2039 890 2128 άλλάγματα,
914 2045 967 2107 καί
990 2046 1118 2126 πένητας
1141 2047 1172 2107 έν
1191 2038 1299 2117 πύλαις

59 2121 112 2186 τὸν
128 2124 202 2189 θεόν
221 2151 276 2190 σου
292 2123 423 2211 Ἰσραήλ.
461 2127 488 2168 11
501 2126 576 2191 διότι
597 2127 663 2192 ἰδού
694 2128 880 2201 ἐκκλίνοντες.
906 2127 933 2168 11
946 2124 995 2191 διά
1010 2131 1103 2190 τοῦτο
1116 2124 1134 2190 6
1149 2124 1256 2192 συνιιύν
1268 2130 1299 2191 ἓν

59 2208 117 2282 ε’γώ
150 2212 273 2292 στερεῶν
303 2206 444 2293 βροντ“ν,
482 2212 532 2273 καί
558 2211 663 2284 κτίζων
695 2214 740 2291 τῷ
750 2213 845 2293 καιρῷ
859 2211 957 2292 ἐκείνῳ
971 2209 1158 2291 σιωπήσεται,
1173 2205 1221 2273 ότι
1233 2234 1298 2272 και-

59 2295 188 2372 πνεῦμα,
214 2291 265 2353 καί
281 2235 478 2368 ἀπαγγέλλων
490 2295 529 2364 είς
541 2287 663 2375 άνθρώ-
694 2292 746 2376 ρδς
764 2296 905 2375 πονηρῶν
920 2295 1006 2357 ἐστιν.
1033 2286 1298 2375 11ἒκζητήσατετό

59 2396 137 2445 πους
155 2370 208 2434 τὸν
218 2369 343 2472 χριστόν
361 2369 469 2447 αὐτοῦ,
495 2375 591 2437 ποιῶν
609 2372 664 2458 ὅρ-
695 2371 797 2450 καλόν,
814 2377 865 2439 καί
875 2373 915 2479 μή
927 2372 1067 2458 πονηρόν,
1087 2370 1170 2448 όπως
1182 2369 1297 2457 ζήσητε,

58 2464 139 2534 θρον
151 2455 202 2515 καί
214 2453 347 2536 ομίχλην,
373 2455 425 2519 καί
440 2457 598 2540 ἐπιβαίνων
614 2457 665 2520 ἐπὶ
695 2459 746 2521 καί
765 2460 849 2521 έίτται
867 2483 965 2532 ουτως
982 2456 1049 2542 μεθ’
1065 2455 1146 2560 ῦμιῦν
1164 2454 1296 2542 κύριοςό

59 2537 99 2600 τά
117 2533 224 2619 ὑψηλά
242 2541 294 2618 τῆς
309 2541 371 2621 γής.
397 2534 497 2621 κύριος
515 2534 532 2601 ὁ
554 2534 625 2613 θεός
645 2534 663 2602 6
693 2538 766 2614 θεὸς
783 2537 801 2603 6
818 2537 1045 2623 παντοκράτωρ.
1072 2541 1108 2603 ὃν
1122 2535 1238 2624 τρόπον
1256 2541 1297 2603 εί-

60 2615 278 2704 παντοκρύτωρ
294 2617 391 2700 ὄνομα
404 2616 497 2702 αύτῷ.
693 2647 785 2697 ποτε,
807 2624 834 2666 11
846 2625 1041 2706 μεμισήκαμεν
1053 2623 1093 2688 τά
1105 2620 1234 2705 πονηρά,
1247 2624 1299 2687 καί

94 2708 106 2734 ⁹
254 2706 329 2765 ΚΕ
341 2707 380 2764 Φ.
423 2698 472 2765 Ε’.
693 2700 887 2790 ἠγαπήσαμεν
900 2707 939 2771 τά
952 2703 1047 2780 καλά,
1076 2707 1126 2771 καί
1139 2703 1297 2772 ἀποκατα-

59 2750 247 2848 Ᾰκούσατε
260 2781 415 2862 τὸνλόγον
428 2791 531 2868 κυρίου
542 2789 662 2862 τοῦτον,
693 2783 822 2873 στήσατε
832 2794 863 2854 ἒν
871 2785 980 2864 πύλαις
990 2789 1090 2874 κρίμα,
1100 2784 1184 2863 ὅπως
1194 2787 1298 2882 έλεήση

59 2863 95 2931 ὃν
108 2864 167 2944 ἐγὼ
181 2861 320 2952 λαμβάνω
333 2866 377 2948 ἐφ’
392 2863 466 2951 ὑμᾶς
479 2873 602 2953 θρήνον.
616 2868 662 2934 σί-
692 2866 790 2956 κύριος
815 2869 833 2937 6
853 2870 927 2945 θεὸς
950 2868 968 2936 6
989 2867 1206 2957 παντοκράτωρ
1226 2870 1298 2947 τούς

57 2975 111 3023 κος
120 2947 244 3035 Ἰσραήλ
261 2952 276 2990 ²
287 2954 397 3025 ἔπεσεν,
410 2949 509 3016 οῦκέτι
520 2951 560 3035 μή
570 2979 662 3039 προς·
692 2953 884 3038 περιλοίπους
896 2959 952 3018 τοῦ
963 2952 1085 3039 Ἰωσήφ.
1102 2957 1131 2998 11
1141 2953 1190 3019 διὰ
1203 2960 1297 3020 τοῦτο

58 3029 146 3115 θήσει
162 3038 220 3097 τοῦ
237 3029 408 3118 ἆναστήνοιι.
434 3039 587 3121 παρθένος
606 3040 661 3102 τοῦ
693 3034 764 3101 τάδε
775 3036 852 3113 λέγει
864 3033 994 3120 κύριοςό
1008 3037 1081 3112 θεός
1092 3036 1110 3102 ό
1122 3034 1297 3124 παντοκρά-

54 3110 178 3199 Ἰσραήλ
203 3117 329 3196 ἔσφαλεν
352 3119 402 3181 ἐπὶ
417 3121 469 3202 τῆς
484 3123 539 3201 γής
556 3117 661 3194 αύτοῦ,
693 3145 764 3205 τωρ.
789 3123 821 3185 έν
833 3114 942 3193 πάσαις
958 3129 1025 3196 ταῖς
1043 3120 1195 3195 πλατείαις
1206 3145 1298 3186 κοπε-

57 3195 114 3261 ούκ
127 3200 206 3262 ἔστιν
226 3195 243 3262 6
261 3197 438 3300 ἀναστήσων
456 3196 559 3285 αύτήν.
585 3199 661 3267 1διύι
692 3200 761 3279 τός,
785 3205 837 3267 καί
855 3206 887 3268 έν
899 3198 1012 3278 πάσαις
1024 3215 1090 3280 ταῖς
1104 3201 1186 3279 ὁδοῖς
1199 3201 1298 3308 ῥηθή-

56 3282 151 3343 τοῦτο
165 3277 234 3345 τάδε
243 3280 320 3361 λέγει
331 3308 432 3367 κυριος
445 3280 552 3370 κύριος.
569 3280 660 3371 ήπό-
692 3311 774 3351 σεται
788 3283 858 3351 ούαί
869 3283 948 3350 ούαί.
973 3283 1156 3370 κληθήσεται
1166 3311 1296 3369 γεωργος

56 3361 101 3434 λις
113 3363 144 3436 ἐξ
157 3357 190 3446 ἧς
202 3359 412 3448 ἐξεπορεύοντο
424 3367 523 3450 χίλιοι,
540 3365 661 3433 ῦπολει-
692 3373 730 3443 είς
743 3373 859 3442 πένθος
871 3370 921 3433 καί
932 3368 1068 3445 κοπετὸν,
1076 3370 1127 3433 καὶ
1135 3374 1172 3441 εἷς
1182 3365 1297 3442 είδότας

56 3440 228 3526 φθήσονται
246 3442 360 3510 ἑκατόν.
384 3450 436 3510 καί
453 3451 483 3524 ἐξ
500 3442 534 3533 ἧς
557 3452 660 3525 ἐξεπο-
690 3456 812 3536 θρήνον.
837 3453 865 3494 ¹⁷
878 3452 929 3515 καί
945 3452 976 3514 έν
987 3446 1100 3525 πάσαις
1112 3448 1193 3523 ὁδοῖς
1205 3474 1296 3514 κοπε-

55 3525 179 3611 ρεύοντο
192 3527 309 3602 ἑκατὸν,
323 3523 598 3613 ύπολειφθήσονται
610 3534 660 3596 δέ·
691 3534 757 3608 τὸς,
784 3529 861 3599 διότι
880 3528 1031 3638 έλκύσομαι
1049 3533 1099 3597 διά
1116 3535 1210 3614 μέσου
1228 3556 1294 3608 σου,

55 3633 96 3672 κα
109 3611 153 3688 τῷ
165 3608 238 3689 οίκῳ
249 3608 378 3692 Ἰσραήλ.
392 3607 491 3674 1διότι
504 3609 574 3677 τάδε
585 3615 660 3692 λέγει
691 3615 751 3680 είπε
768 3613 878 3699 κύριος.
907 3618 935 3659 11
949 3618 1021 3681 ουαί
1036 3620 1066 3680 οἱ
1083 3616 1295 3697 ἐπιθυμοῦντες

54 3685 157 3791 κύριος
168 3691 246 3773 πρὸς
259 3691 311 3754 τὸν
324 3716 407 3756 οικον
422 3690 550 3776 Ἰσραήλ.
577 3699 658 3779 ἐκζη-
690 3696 743 3782 τήν
753 3696 864 3782 ἡμέραν
873 3705 987 3785 κυρίου.
1011 3703 1092 3764 ίνατί
1103 3695 1180 3783 αῦτη
1196 3696 1293 3783 ῦμῖνή

54 3774 168 3853 τησατέ
178 3797 222 3856 με,
244 3775 294 3838 καί
305 3770 442 3857 ζήσεσθε,
468 3777 546 3841 1καί
555 3777 595 3862 μή
610 3783 659 3842 έκ-
691 3778 785 3865 ήμέρα
796 3785 854 3845 τοῦ
866 3788 967 3866 κυρίου
972 3812 984 3863 ;
997 3784 1049 3848 καί
1061 3779 1136 3866 αῦτη
1149 3784 1214 3847 ἐστὶ
1223 3780 1295 3847 σκό-

54 3857 162 3937 ζητεῖτι
175 3854 315 3941 Βαιθήλ,
341 3858 392 3922 καί
404 3863 444 3932 είς
456 3855 605 3938 Γάλγαλα
617 3861 657 3945 μή
689 3888 741 3937 τος
752 3864 805 3927 καί
817 3859 855 3927 οῦ
867 3869 938 3945 φῶς.
957 3868 985 3908 11
995 3862 1031 3930 όν
1044 3860 1159 3950 τρόπον
1170 3862 1224 3930 έάν
1237 3864 1295 3944 φύ-

54 3936 269 4025 είςττορεύεσθε,
295 3941 346 4005 καί
363 3943 412 4004 ε’πί
429 3942 464 4006 τὸ
489 3945 584 4030 φρέαρ
602 3950 658 4010 τοῦ
688 3972 726 4029 γη
739 3944 903 4032 άνθρωπος
914 3952 947 4012 ἐκ
959 3945 1124 4032 προςιόπου
1136 3952 1194 4014 τοῦ
1206 3948 1295 4013 λέον-

53 4019 147 4103 όρκου
171 4021 210 4108 μή
236 4025 411 4109 διαβαίνετε,
438 4021 486 4089 ότι
507 4023 658 4107 Γάλγαλα
688 4019 757 4105 τός,
782 4033 833 4095 καί
850 4033 964 4121 ἐμπέσῃ
982 4031 1067 4113 αύτῷ
1080 4030 1099 4116 ή
1112 4030 1216 4117 άρκος,
1242 4033 1294 4097 καί

53 4105 656 4196 αἱχμαλωτευομένηαίχμαλωτευθήσεται,
689 4110 845 4205 είςιτηδήση
870 4117 909 4186 είς
931 4112 986 4178 τὸν
1004 4111 1086 4180 οίκον
1105 4114 1217 4190 αύτοῦ,
1242 4116 1294 4179 καί

51 4190 104 4251 καί
112 4188 240 4270 Βαιθήλ
253 4193 336 4253 ἔσται
347 4187 388 4264 ὥς
401 4189 455 4275 ούχ
468 4189 655 4278 ὑπάρχουσα.
689 4193 878 4281 ἀπερείσηται
889 4192 944 4269 τάς
955 4206 1053 4301 χεῖρας
1066 4195 1164 4263 αῦτοῦ
1177 4199 1227 4262 έπί
1238 4196 1293 4263 τόν

51 4269 67 4312 1
81 4268 254 4374 έκζητήσατε
265 4267 320 4336 τόν
333 4269 450 4359 κύριον,
477 4278 528 4339 καί
540 4273 655 4359 ζήσατε,
688 4289 806 4360 τοῖχον,
828 4277 879 4341 καί
890 4273 965 4361 δόκη
978 4279 1072 4346 αυτὸν
1082 4279 1160 4360 ὄφις.
1183 4282 1214 4323 ²⁰
1227 4279 1293 4365 οῦχί

50 4347 134 4451 ὅπως
150 4378 190 4434 μη
210 4349 377 4459 ἀναλάμιγη
395 4352 436 4429 ὥς
451 4361 514 4440 πῦρ
537 4356 555 4421 6
575 4356 656 4432 οίκος
688 4363 795 4434 σκότος
817 4356 835 4443 ἢ
854 4349 954 4464 ήμέρσί
967 4366 1023 4426 τοῦ
1040 4389 1079 4426 κυ
1099 4369 1159 4437 ίου,
1184 4363 1237 4426 καί
1254 4362 1291 4427 οῦ

49 4432 171 4513 Ἰωσήφ,
184 4435 409 4530 καίκαταφαγη
422 4437 527 4514 αῦτόν,
540 4437 655 4506 καίούκ
687 4445 766 4521 φῶςς
791 4444 843 4508 καί
865 4468 978 4529 γνοφος
1001 4443 1057 4509 οῦκ
1079 4387 1157 4527 λ’χων
1182 4448 1291 4547 φέγγος

1195 4549 1288 4604 amq,-
