2924 4972
286 224 578 291 ΒΑΣΙΛΕῙΩΝ
604 224 846 289 ΤΒΤΑΡΤΗ
883 227 960 302 Κεφ.
974 219 1023 287 κε’.
1036 224 1089 291 25·
1252 228 1317 294 40³

66 324 193 433 τιῙλαφ
204 348 255 430 τῆς
266 347 327 429 γῆς.
341 344 415 410 4καί
426 339 534 430 ὶβράγη
546 339 565 427 ἦ
578 338 677 421 πόλις,
710 351 824 447 κυρίου.
851 342 907 411 οὐκ
926 336 964 431 ἦν
980 345 1119 431 σταθμός
1131 353 1187 414 τοῦ
1203 350 1318 434 χαλκοῦ

67 435 120 497 καὶ
130 425 237 505 πάντες
253 433 284 493 σί
296 427 399 512 άνδρες
416 432 472 492 τοῦ
485 426 617 508 πολέμου
630 429 678 504 ἐξ·
710 451 832 495 παντων
850 433 913 494 τῶν
932 435 1050 496 σκευῶν.
1076 432 1104 474 ¹⁷
1116 429 1318 500 ὀκτωκαίδεκα

68 516 167 600 ἦλθον
183 509 289 588 νυκτός
309 507 381 576 ὁδὸν
394 506 489 594 πάλης
499 515 553 594 τῆς
565 509 678 592 άναμί-
709 506 825 596 πήχεων
837 507 915 596 ὕψος
926 519 983 579 τοῦ
996 510 1107 580 στόλου
1117 519 1172 580 τοῦ
1181 514 1256 592 ἰνὸς,
1266 520 1318 583 καί

70 621 124 664 σον
134 601 195 663 τῶν
206 599 321 680 τειχῶν,
347 589 424 678 αὕτη
436 596 501 660 ἐστὶ
511 598 567 659 τοῦ
578 588 677 678 κηπου
709 592 747 659 τὸ
759 592 866 701 ρονθάρ
879 592 922 660 ἐπ’
939 594 1035 663 αὐτοῦ
1050 596 1086 663 τὸ
1097 598 1239 698 ηαλκσῦν.
1265 601 1318 665 καί

69 685 126 747 τοῦ
147 680 307 768 βασιλέως,
334 679 387 743 καί
405 682 435 743 οῖ
454 677 607 742 Χαλδαῖοι
627 678 678 741 ἐπὶ
710 674 747 742 τό
761 683 905 762 υψοςτοῦ
917 679 1025 788 χιοθάρ
1037 679 1317 785 τρισσνπηχειονσα-

68 764 123 866 την
140 761 230 831 πόλιν
242 758 350 846 κόκλιρ.
374 764 426 827 καὶ
443 761 593 847 ἐπορεύθη
606 756 677 826 ὁδὸν
708 759 803 847 βαχά,
829 764 881 826 καὶ
891 763 961 847 ῥοαὶ
973 765 1023 829 lm
1038 770 1083 849 τῶ
1094 776 1203 852 χαθαρ
1216 761 1316 849 κύκλῳ

68 871 122 931 την
133 846 264 995 Ἄρυβδα,
291 846 305 889 ⁵
318 848 368 911 καί
388 846 504 921 ἐδίωξεν
522 841 540 927 ἢ
557 842 677 925 δύναμις
709 842 749 909 τά
761 841 862 910 πάντα
872 845 984 928 χαλκᾶ,
1007 848 1058 913 καί
1069 848 1147 914 κατά
1160 854 1258 916 ταῦτα
1270 852 1318 952 τιβ

67 936 129 997 τῶν
145 939 200 996 Χα
237 934 312 995 αίιον
330 927 428 995 ὀπίσω
446 933 503 994 τοῦ
520 927 676 1013 βασιλέως,
710 923 810 992 στόλον
835 931 880 1011 τῷ
904 927 1030 1012 δευτέρῳ
1051 932 1102 995 ἐπί
1124 936 1168 1015 τῷ
1186 937 1314 1020 σαβαχα.

66 1017 119 1079 καὶ
131 1013 296 1100 κατέλαβον
308 1010 403 1077 αὐτόν
418 1013 449 1078 ἐν
461 1009 606 1117 Ἀραβῶθ
619 1008 677 1075 ‘le-
709 1011 738 1053 ¹⁸
749 991 801 1074 καί
814 1009 922 1097 ἐλαβεν
936 1007 957 1074 5
971 1008 1170 1099 ἅρχιμάγειρος
1181 1014 1235 1080 τὸν
1248 1023 1313 1081 Σα-

67 1095 155 1181 ριχῶ,
177 1098 229 1161 καλ
240 1100 328 1161 πᾶσα
344 1090 497 1180 ἢδόναμις
510 1098 606 1160 αυτοῦ
619 1093 675 1156 διε-
708 1099 798 1179 ραίαν
809 1097 889 1179 ἱερέα
903 1093 958 1158 τὸν
971 1098 1107 1179 πρῶτον,
1126 1098 1177 1162 καί
1188 1095 1242 1161 τόν
1252 1106 1313 1163 Σο-

68 1178 170 1267 σπάρη
183 1175 338 1244 ἐπάνωθεν
350 1176 455 1242 αὑτοῦ.
470 1179 543 1242 flua&
556 1176 677 1242 συνίλα·
708 1182 816 1257 φονίαν
830 1176 894 1241 υῖὸν
906 1181 961 1260 τῆς
971 1172 1178 1262 δευτεριόσεως,
1186 1179 1237 1244 καί
1247 1177 1317 1256 τοῖς

68 1267 125 1348 βου
148 1261 202 1328 τόν
218 1262 357 1346 βασιλέα,
383 1262 435 1324 καὶ
453 1258 566 1343 ἤγαγον
585 1254 678 1324 αὐτόν
708 1270 787 1344 τρεῖς
800 1256 870 1334 τοὺς
883 1254 1094 1342 φυλάσσοντας
1106 1259 1159 1325 τόν
1170 1258 1316 1344 σταθμόν.

69 1341 147 1427 πρὸς
162 1344 286 1430 βασιλέα
303 1342 487 1429 Βαβυλῶνος
505 1348 544 1418 ελς
555 1338 678 1422 Ῥεβλα-
708 1339 1040 1428 10ιιιιλέκτῆςπόλεονς
1057 1342 1169 1430 ἔλαβον
1181 1340 1319 1428 εὐνοῦχον

69 1424 125 1495 θά.
157 1429 208 1492 καί
234 1422 356 1511 ἕλάλησε
380 1423 437 1507 μετ’
460 1422 557 1490 αὐτοῦ
577 1430 676 1509 κρίσιν.
710 1429 771 1501 ἕνα,
788 1421 822 1500 ὃς
834 1414 870 1510 ἦν
883 1423 1043 1510 ἐπιστάτης
1054 1432 1115 1492 τῶν
1129 1424 1246 1512 ἀνδρῶν
1256 1430 1318 1493 τῶν

69 1513 149 1573 7καί
161 1507 233 1585 τοὺς
250 1506 333 1584 υἱοὺς
345 1509 482 1573 Σεδεκίου
495 1510 600 1590 ἔσφαξε
611 1504 673 1572 κατ’
708 1508 907 1593 πολεμιστῶν,
933 1512 985 1575 καλ
1009 1512 1095 1575 πέντε
1121 1508 1179 1575 άνδ
1196 1536 1232 1585 ας
1256 1513 1318 1576 τῶν

69 1591 251 1675 ὀφθαλμοὺς
269 1591 381 1666 αὐτοῦ,
406 1594 457 1656 καί
470 1590 541 1667 τοὺς
554 1589 677 1672 ὀφθαλ-
708 1587 848 1677 ὁρῶντονν
863 1591 899 1658 τὸ
917 1589 1079 1679 πρόςωπον
1096 1596 1154 1658 τοῦ
1211 1593 1315 1670 σιλίισς

67 1675 142 1758 μοὺς
154 1676 293 1741 Σεδεκίου
306 1668 498 1756 ίξετόφλωσε,
515 1679 567 1741 καί
578 1675 676 1758 ἔδησεν
708 1671 778 1750 τοὺς
793 1671 968 1762 εὑρεθέντας
981 1678 1013 1740 ἐν
1023 1681 1063 1770 τῇ
1073 1671 1173 1757 πόλει,
1197 1678 1249 1741 καί
1260 1675 1316 1742 τὸν

68 1755 162 1824 αὐτόν
175 1763 207 1824 ἒν
217 1761 330 1834 πέδαις,
339 1758 392 1823 καλ
402 1757 510 1842 ἤγαγεν
519 1763 559 1833 ελς
568 1762 676 1844 Βαβυ-
704 1755 1316 1862 γραμματίατοῦάρχοντοςτῆςδυνάμεονς

66 1844 156 1907 λῶνα.
165 1844 232 1908 θκαί
240 1845 272 1908 ἐν
277 1847 323 1926 τῷ
329 1843 398 1926 μηνί
406 1845 451 1923 τῷ
459 1845 585 1925 πέμπτῳ
592 1837 675 1929 ε’βδό·
706 1867 760 1908 τον
773 1839 961 1909 ἐκτάσσοντα
972 1844 1026 1907 τὸν
1038 1841 1113 1908 λαόν
1124 1847 1177 1928 τῆς
1187 1847 1250 1929 γῆς,
1263 1845 1315 1908 καί

65 1953 107 2010 μη
118 1930 173 1990 τοῦ
185 1924 289 2010 μηνός,
316 1923 409 2000 αὐτὸς
426 1924 560 2000 ἐνιαυτός
577 1927 673 1991 ἐννεα-
706 1920 849 2028 ίξίρκοντα
874 1924 984 2013 ῶνδρας
1008 1929 1064 1992 τοῦ
1086 1926 1167 1991 λαοῦ
1188 1932 1242 2011 τῆς
1259 1931 1315 2011 γῆς

65 1998 295 2093 κάιδίκυτοςτῶ
304 2005 577 2094 Ναβουχοδονόσορ
586 2013 673 2095 βασι-
705 2034 775 2084 τους
793 2004 969 2096 εὑρεθέντας
989 2012 1021 2075 ἐν
1037 2013 1075 2102 τῇ
1092 2005 1187 2074 πόλει.
1219 2011 1250 2054 ²⁰
1263 2010 1316 2074 καλ

66 2092 112 2156 λεῖ
120 2092 312 2178 Βαβυλῶνος,
329 2082 405 2177 ἦλθε
416 2089 672 2179 Ναβουζαρδὰνὸ
706 2091 813 2178 ἔλαβιν
831 2089 941 2168 αὐτοὺς
953 2092 1176 2178 Ναβουζαρδᾶν
1192 2087 1210 2157 5
1228 2090 1314 2179 σίρχι-

67 2173 270 2263 άρχιριάγειρος
287 2174 381 2250 ἔστῶς
394 2171 520 2240 ἐνώπιον
551 2176 674 2250 ασιλέως
705 2171 842 2259 μάγειρος
859 2179 911 2240 καί
923 2174 1032 2258 ἤγαγεν
1043 2174 1158 2255 αὐτοὺς
1170 2171 1246 2261 πρός
1259 2174 1315 2240 τόν

66 2258 252 2344 Βαβυλῶνος
265 2253 514 2343 εἲςἹερουσαλίγμ.
549 2260 669 2323 καλδνὲ-
705 2258 829 2380 βασιλέα
856 2257 1043 2342 Βαβυλῶνος
1079 2262 1119 2332 είς
1151 2253 1312 2363 Ῥεβλαθά.

66 2366 160 2426 πρησε
171 2339 224 2406 τὸν
236 2339 319 2405 οἶκον
331 2345 447 2425 κυρίου,
460 2341 512 2404 καί
524 2339 578 2403 τὸν
590 2339 674 2404 οἷκον
746 2341 797 2404 καί
810 2343 928 2405 ὲίταισεν
939 2336 1052 2413 αὐτοὺς
1064 2336 1081 2405 5
1094 2341 1231 2426 βασιλευς
1242 2346 1314 2407 Βα-

66 2428 122 2488 τοῦ
135 2423 291 2507 βασιλέως,
302 2425 353 2486 καί
365 2418 480 2496 πάντας
491 2418 562 2496 τοὺς
574 2423 674 2496 οἴκους
701 2421 850 2524 βυλῶνος,
872 2423 924 2486 καλ
940 2418 1132 2486 ἐθανάτωσεν
1149 2420 1259 2498 αὖτοὺς
1275 2428 1314 2498 είς

62 2502 272 2588 Ἰερουσαλὴμ,
291 2505 343 2567 καί
352 2507 414 2567 πᾶν
427 2502 509 2567 οἶκον
520 2505 675 2605 ἐνέπρησεν
711 2503 853 2588 Ρεβλαθά
866 2505 897 2568 ίν
908 2506 948 2594 γῇ
954 2502 1075 2584 Αλμᾶθ,
1087 2504 1139 2569 καί
1151 2501 1315 2612 άπῳκίσθη

68 2584 88 2651 5
110 2584 324 2671 ἆρχιμάγειρος.
350 2587 379 2628 ¹⁰
392 2587 442 2649 καί
458 2583 493 2648 τὸ
512 2595 605 2668 τεῖχος
627 2592 675 2650 Ie-
703 2581 1220 2669 Ἰοόδαςδπάνονθεντηςγῆςαὐτοῦ.
1232 2589 1316 2652 22κατ

67 2669 221 2755 ρουσαλημ
239 2662 384 2733 κυκλόθεν
395 2670 579 2733 κατέσπασεν
591 2663 609 2752 ἦ
622 2664 675 2734 δύ·
707 2664 725 2734 5
738 2665 811 2745 λαὸς
823 2664 841 2734 5
854 2668 1062 2750 καταλειφθεὶς
1073 2670 1105 2733 ἐν
1114 2672 1153 2769 τη
1164 2665 1315 2763 γῇἸοόδα

64 2779 152 2835 ναμις
164 2757 225 2818 τῶν
235 2751 410 2817 Χαλδαίων.
426 2746 559 2816 11καὶτὸ
571 2777 675 2837 περισ-
706 2747 758 2827 οὓς
774 2751 914 2818 κατελιπε
932 2752 1203 2838 Ναβουχοδονσσορ
1227 2756 1314 2839 βασι-

65 2836 119 2903 σὸν
144 2841 198 2900 τοῦ
220 2836 300 2900 λαοῦ
319 2831 356 2901 τό
371 2833 572 2916 καταλειφθὲν
589 2838 621 2899 ἐν
636 2839 674 2920 τῇ
705 2835 771 2910 λεός
782 2835 985 2940 Βαβυλῶνος,
1011 2837 1062 2899 καί
1073 2837 1252 2920 κατέστησεν
1264 2835 1309 2902 ἐπ’

64 2917 166 2995 πόλει,
190 2918 325 2995 καὶτοὺς
338 2913 570 3002 ἐμπεπτωκότας
582 2923 616 2985 ολ
625 2920 674 2983 ἐν·
706 2915 806 2984 αὐτῶν
817 2942 869 2985 τον
875 2917 1032 2985 Γοδολίαν
1045 2917 1238 3003 υίόνἈχικάμ
1248 2919 1314 2985 υλὸν

64 3007 171 3070 έπεσον
186 3002 264 3089 πρὸς
276 3002 467 3103 τὸνβασιλέα
479 3002 672 3089 Βαβυλῶνος,
704 2999 822 3083 Σαφάν.
844 3004 874 3046 ²³
885 3004 938 3068 καλ
949 3000 1082 3107 βκσυσαν
1094 2997 1203 3079 πάντες
1215 3007 1245 3067 οί
1255 3002 1314 3089 άρ-

64 3090 117 3151 καί
129 3085 165 3151 τὸ
176 3083 284 3152 λοιπόν
295 3111 350 3151 του
363 3092 557 3172 στηρίγματος
567 3089 672 3179 μετῇρε
722 3110 803 3162 οντες
820 3088 873 3171 τῆς
886 3087 1033 3169 δυνάμεως
1050 3082 1139 3152 αὐτοὶ
1150 3089 1202 3151 καλ
1213 3089 1245 3152 οἱ
1256 3085 1312 3151 ῶν-

64 3169 287 3272 Ναβουζαρδόιν
305 3165 323 3234 5
343 3168 555 3255 άρχιμάγειρος.
580 3171 609 3215 ¹²
621 3169 672 3237 καί
703 3112 767 3254 δρες
793 3168 906 3247 αἰτῶν,
929 3165 977 3236 ότι
997 3172 1159 3254 κατέστησε
1176 3168 1314 3257 βασιλεὺς·

64 3251 130 3317 ἀπο
147 3258 207 3317 τῶν
222 3256 351 3335 πτωχῶν
369 3257 419 3335 τῆς
435 3257 489 3337 γης
503 3249 640 3317 όπελιπεν
653 3247 671 3315 5
703 3255 889 3338 Βαβυλῶνος
900 3252 955 3319 τόν
967 3252 1130 3330 Γοδολίαν,
1147 3256 1200 3318 καί
1212 3242 1312 3337 ἦλθον

65 3331 269 3421 ἀρχιμάγειρος
286 3339 325 3409 εἰς
338 3331 558 3419 άμπελουργούς
570 3337 621 3399 καί
633 3338 672 3408 εἰς
703 3335 779 3421 πρὸς
797 3335 953 3400 Γοδολίαν
978 3341 1017 3409 εἰς
1032 3334 1235 3419 Μασσηφάθ,
1260 3337 1313 3399 καλ

63 3424 161 3505 γαβίν.
186 3419 277 3481 13καὶ
293 3413 363 3489 τοὺς
380 3413 506 3491 στόλους
518 3415 588 3490 τοὺς
598 3417 673 3501 χαλ-
701 3416 822 3500 Ἰσμαηλ
832 3415 895 3491 υἱός
905 3421 1081 3492 Ναθανίσυ,
1091 3414 1238 3480 καὶἸιυνά
1248 3413 1313 3490 υίός

62 3506 140 3575 κοῦς
163 3496 233 3572 τοὺς
258 3501 289 3561 ἐν
307 3498 381 3580 οἴκῳ
404 3504 522 3580 κυρίου,
546 3500 598 3562 καί
619 3496 673 3572 τάς
705 3505 758 3565 Κα
779 3496 836 3582 νἠθ,
862 3501 1063 3582 καίΣαραίας
1079 3497 1143 3571 υίὸς
1160 3495 1313 3576 Θαναμάθ

62 3578 223 3669 μεχωνῶθ,
237 3581 288 3645 καί
300 3577 353 3663 την
365 3576 523 3646 θάλασσαν
534 3576 589 3661 τὴν
600 3580 672 3662 χαλ-
705 3577 723 3646 5
769 3577 1313 3664 εταφαθίτης,καί’1εζονίαςυίὸςτοῦ

61 3673 117 3751 κην
133 3662 187 3748 την
199 3667 229 3728 ἐν
242 3664 316 3746 οἴκῳ
334 3668 437 3748 κυρίου
451 3663 630 3764 συνίτριιραν
643 3666 674 3725 οἱ
705 3665 854 3748 Μαχαθί,
872 3660 964 3729 αὐτοὶ
976 3664 1029 3726 καί
1041 3666 1071 3728 οἱ
1083 3659 1186 3748 δίνδρες
1199 3659 1310 3728 αὐτῶν.

64 3751 234 3822 Χαλδαῖοι,
262 3749 314 3811 καί
330 3748 408 3839 η’ραν
425 3741 481 3810 τόν
495 3744 604 3828 χαλκον
616 3741 674 3808 αὒ-
705 3746 793 3812 24καλ
804 3744 902 3827 ῶμοσε
910 3744 1062 3819 Γοδολίας
1073 3742 1178 3822 αὐτοῖς
1186 3747 1237 3812 καί
1246 3758 1312 3823 τοῖς

64 3839 124 3899 τῶν
135 3839 173 3908 εἷς
185 3831 368 3917 Βαβυλῶνα.
394 3829 424 3871 ¹¹
437 3829 489 3893 καί
500 3824 572 3902 τοὺς
584 3827 620 3891 λε’
638 3854 673 3910 η-
705 3824 848 3914 άνδριίσιν
860 3827 969 3906 αὐτῶν,
984 3829 1034 3896 καί
1047 3827 1125 3893 εἶπεν
1137 3827 1249 3906 αὐτοῖς.
1268 3829 1310 3916 μὴ

62 3942 133 3994 τας,
158 3913 269 3981 καὶτὰ
288 3914 384 3996 ίαμίν,
409 3910 534 3986 καὶτὰς
553 3906 607 3993 φιά
648 3936 672 3988 ς,
704 3917 848 3999 φοβεῖσθε
877 3908 1014 3998 πάροδον
1042 3915 1104 3977 τῶν
1134 3913 1309 3994 Χαλδαίων,

62 4004 113 4066 καὶ
125 3998 179 4075 τάς
191 4000 337 4072 θυΐσκας,
354 3997 406 4062 καλ
416 3993 519 4061 πάντα
531 3995 571 4058 τά
584 3990 671 4078 σκεόη
702 4002 851 4062 καθίσατε
877 3998 908 4060 δν
929 4000 968 4089 τῇ
985 3999 1039 4078 γῆ,
1065 3995 1117 4060 καί
1132 3993 1309 4064 δουλεόοατε

61 4085 102 4149 τὰ
118 4083 215 4169 χαλκῶ
231 4085 262 4146 ἐν
279 4081 324 4156 οἷς
341 4079 557 4164 λειτουργοῦσιν
568 4080 600 4143 ἐν
612 4076 669 4149 αὖ·
701 4085 745 4163 τῶ
769 4078 886 4166 βασιλεῖ
909 4064 1108 4164 Βαβυλῶνος,
1134 4083 1185 4149 καί
1210 4083 1310 4157 καλῶς

61 4178 125 4241 τοῖς
137 4165 237 4251 ἔλαβε.
262 4165 289 4207 ¹⁵
302 4164 354 4228 καλ
366 4160 406 4230 τά
414 4175 535 4248 πυρεῖα,
552 4161 669 4237 καὶτὰς
701 4165 786 4228 ἔσται
799 4159 873 4245 ὑμῖν.
888 4164 918 4207 ²⁵
928 4164 979 4227 καὶ
992 4158 1114 4265 ἐγενηθη
1127 4167 1158 4230 ἐν
1169 4170 1212 4248 τῷ
1223 4159 1309 4251 ἕβδό·

61 4246 171 4331 φιάλας
192 4247 248 4322 τὰς
271 4250 382 4334 χρυσᾶς
398 4249 451 4313 καί
467 4245 522 4320 τὰς
539 4242 670 4330 ἀργυρᾶς
700 4273 747 4329 μορ
759 4248 828 4349 μηνὶ
837 4235 928 4331 ἦλθεν
937 4242 1059 4332 Ἰσραὴλ
1071 4251 1135 4323 υἷος
1144 4250 1310 4312 Ναθανίου

59 4333 169 4416 ἐλαβεν
182 4330 200 4393 ὁ
211 4328 249 4434 άρ
267 4325 423 4416 ιμάγειρος,
435 4325 595 4403 16στόλους
605 4324 669 4404 δύο,
702 4331 770 4393 υἱοῦ
791 4327 931 4414 Βλισαμά
948 4332 980 4395 ἐκ
996 4334 1053 4396 τοῦ
1068 4333 1237 4414 σπέρματος
1248 4330 1310 4393 τῶν

59 4413 182 4496 κοίτην
198 4355 361 4479 θαλασσαν
378 4418 460 4494 μίαν,
481 4413 534 4476 καί
545 4409 600 4485 τάς
617 4435 669 4514 ρει·
700 4411 856 4497 βασιλέων,
869 4414 921 4477 καὶ
933 4414 1004 4477 δέκα
1017 4411 1119 4492 ἄνδρες
1131 4407 1190 4490 μετ’
1203 4406 1309 4491 αὐτοῦ,

58 4496 174 4585 χαννῶθ
189 4492 225 4572 ἃς
238 4499 359 4582 ἐποίησε
371 4490 526 4581 Σαλαμῶν
537 4498 583 4589 τῶ
596 4517 669 4579 οικσρ
702 4495 753 4562 καὶ
765 4490 891 4572 ἐπάταξε
901 4493 956 4558 τὸν
965 4491 1119 4556 Γοδολίαν
1127 4491 1178 4553 καί
1188 4486 1310 4555 ausoa-

1270 4591 1315 4632 Vh
