2924 4972
146 216 209 279 ιεο
506 215 739 275 mm
778 208 1046 290 κυκνον

144 364 199 422 στη
209 338 325 421 Ἰησοῦς
339 339 464 421 τοπροιῒ,
478 339 529 401 καί
540 326 616 429 ᾖρον
629 339 660 400 οἱ
673 339 753 420 ἱερεῖς
766 340 772 351 ”
789 333 843 437 την
855 337 969 421 μητέρα
982 331 1091 418 αῦτης,
1103 343 1155 398 καί
1169 333 1238 410 τοὺς
1250 335 1399 418 άδεληοῦς

146 420 205 502 τὴν
229 417 356 508 κιβωτὸν
381 424 435 503 τῆς
468 417 615 503 διαθήκης
639 424 752 505 κυρίου.
791 422 898 501 αυτης,
916 419 967 483 καί
979 413 1034 500 τὴν
1047 420 1214 496 συγγένειαν
1226 417 1329 504 αὐτῆς,
1347 425 1398 485 καί

145 508 174 546 ²²
186 506 236 569 καί
256 508 288 569 οἱ
300 501 377 568 ἑπτά
394 506 478 578 ἱεοεῖς
496 507 528 568 οἱ
544 507 682 588 φέροντες
699 498 753 574 τὰς
789 497 891 565 πάντα
908 496 968 565 ὅσα
985 490 1023 585 ἦν
1037 498 1123 590 αὐτῇ.
1149 502 1201 565 καί
1212 504 1399 587 κατέστησαν

147 586 314 665 σάλπιγγας
337 584 392 660 τὰς
417 562 753 671 ἱπτᾶπροεπορεῦοντο
791 581 884 666 αῦτην
905 584 968 658 ἔξω
985 588 1040 669 τῆς
1056 584 1244 687 παρεμβολῆς
1265 583 1397 671 Ἰσραήλ.

147 674 280 735 ἐναντίον
298 675 410 753 κυρίου.
436 672 487 734 καί
502 666 577 752 μετὰ
588 673 686 733 ταῦτα
698 672 753 742 εἱς-
790 668 819 710 ²³
832 664 922 768 uelut}
938 662 1025 742 πόλις
1037 669 1250 838 ἐνεῳρησθηὴέν
1261 677 1399 771 ητυριομῴ

1149 302 1396 325 “-··-ι

146 748 325 839 επορεῦοντο
344 756 374 815 οἱ
387 749 520 836 μάχιμοι,
547 754 599 817 καὶ
617 748 754 825 ὁλοιπὸς
791 748 931 816 οῦνπασι
945 752 1151 846 τοῖςέναυτη.
1168 778 1192 815 π
1230 761 1399 838 ναργυρίου

146 836 235 921 ὄχλος
259 834 384 901 ὄπισθεν
401 841 453 943 της
470 839 599 922 κιβωτοῦ
616 836 669 910 τ”ς
687 834 751 898 δια·
790 836 841 898 καί
857 840 981 919 χρυσίου
998 835 1050 897 καί
1070 833 1184 918 χαλκοῦ
1200 837 1251 899 καί
1277 833 1399 922 σιδάρου

144 917 242 1002 θηκης
255 924 367 1004 κυρίου.
380 945 432 984 και
444 923 475 984 οἱ
489 922 573 1004 ἱερεῖς
586 863 754 983 ἐσάλπιοαν
790 917 905 980 ἐῦωκαν
930 920 970 990 είς
986 914 1145 1020 θησαυρόν
1162 924 1265 1003 κυρίου
1284 924 1397 1005 εἰςενεχ-

146 1014 212 1077 ταῖς
238 998 389 1080 σάλπιγξι,
418 1004 468 1066 καί
494 999 511 1066 5
536 999 643 1077 λοιπός
666 999 754 1085 ὄχλος
789 1004 890 1082 θῆναι.
917 1000 948 1041 ²⁴
962 1001 1014 1065 καὶ
1031 999 1121 1085 Ραάβ
1133 1000 1187 1083 τὴν
1198 996 1327 1087 πόρνην,
1349 1008 1400 1068 καί

146 1080 227 1161 άπας
251 1082 464 1169 περιεκῦκλεοσε
480 1082 536 1168 την
552 1080 641 1149 πόλιν
657 1079 754 1159 ἑξάκις
789 1080 891 1149 πάντα
909 1081 962 1148 τόν
979 1082 1063 1148 οίκον
1079 1081 1171 1167 αῦτης
1189 1083 1243 1149 τὸν
1254 1087 1401 1169 πατρικὸν

146 1166 280 1247 ἐγγῦθεν,
297 1170 324 1210 ¹³
334 1170 384 1232 καί
396 1166 537 1253 ἀπῆλθεν
549 1164 640 1235 πάλιν
650 1173 690 1242 εἱς
700 1165 755 1250 τὴν
789 1163 952 1252 ἐζώγρησεν
974 1163 1090 1248 Ἰησοῦς
1113 1168 1164 1231 καὶ
1189 1163 1352 1252 κατῴκισεν
1369 1174 1400 1234 ἐν

144 1246 345 1360 παρεμβολάν.
383 1247 480 1327 οῦτως
510 1256 605 1317 ἐποίει
635 1252 688 1317 ἐπὶ
718 1252 754 1325 ἐξ
788 1254 834 1333 τῷ
855 1247 977 1336 Ἰσραὴλ
995 1254 1050 1325 ἕως
1066 1254 1120 1334 τῆς
1138 1246 1262 1336 σάμερον
1279 1251 1399 1338 ἡμέρας,

146 1336 263 1442 ίημερας.
301 1334 397 1400 14καί
413 1340 451 1418 τῆ
480 1334 573 1421 ἡμέρῳ
590 1340 629 1418 τῆ
645 1327 753 1421 ἑβδόμη
789 1329 865 1398 διότι
877 1336 987 1419 ἔκρυψε
1000 1332 1071 1408 τοὺς
1083 1330 1398 1411 κατασκοπεῦσαντας,

145 1405 458 1504 ανέστησανόρθροῦ,
484 1409 754 1503 καίπερίηλθοσαν
789 1412 840 1492 οῦς
865 1415 1036 1482 ἀπέστειλεν
1056 1414 1174 1500 Ἰησοῦς
1191 1425 1399 1484 κατασκοπεῦ··

145 1502 201 1587 τίην
213 1502 302 1565 πολιν
315 1504 346 1565 ἒν
358 1505 395 1593 τῇ
411 1497 506 1586 ἡμέρη
519 1503 612 1583 ἐκείνη
623 1495 752 1572 ἑπτάκις.
790 1527 840 1564 σαι
852 1498 906 1583 την
914 1496 1037 1604 Ἱεριχοῦ.
1051 1502 1080 1543 ²⁵
1086 1502 1137 1564 καί
1149 1497 1273 1586 οἱρκιοεν
1282 1499 1397 1587 Ἰησοῦς

145 1588 172 1629 ¹⁵
186 1586 237 1649 καί
253 1584 368 1662 ἐγένετο
385 1587 423 1666 τῆ
440 1580 570 1670 περιόδῳ
587 1572 625 1664 ίῆ
644 1578 753 1671 ἑβδόμη
789 1587 821 1649 ἐν
846 1586 885 1676 τῇ
908 1580 1002 1668 ἧμερηι
1024 1587 1117 1677 ἐκείνη
1134 1587 1269 1649 ἐναντίον
1286 1593 1396 1673 κυρίου,

146 1662 311 1734 ίοάλπιοαν
324 1670 356 1733 οἱ
369 1655 459 1753 ἱερεῖς.
487 1669 539 1732 καί
551 1654 628 1732 εἱπίν
637 1663 754 1750 Ἰησοῦς
789 1665 891 1744 λέγων.
915 1662 1132 1752 ἐπικατάρατος
1144 1664 1162 1731 5
1176 1665 1351 1754 άνθρωπος,
1364 1666 1396 1745 ὃς

146 1763 210 1826 τοῖς
226 1755 299 1826 υἱοῖς
318 1746 451 1836 Ἰσραήλ.
478 1747 651 1835 κεκράξατε,
671 1774 754 1835 παρ·
789 1744 976 1853 οίκοδομηοει
992 1749 1047 1833 την
1063 1746 1152 1815 πόλιν
1165 1753 1283 1835 ἐκείνην.
1309 1756 1340 1816 ἒν
1352 1757 1397 1836 τῷ

146 1835 236 1899 ἔδωκε
265 1832 324 1919 γὰρ
353 1827 454 1919 κῦριος
485 1830 551 1937 ὑμῖν
576 1833 631 1916 την
655 1829 751 1898 πόλιν.
787 1858 972 1919 πρωτοτοκῳ
986 1831 1082 1899 αῦτοῦ
1099 1829 1270 1916 θεμελιώσει
1291 1833 1395 1920 αῦτίην,

147 1918 174 1959 ¹⁶
187 1918 238 1980 καί
255 1919 338 1981 ἔσται
357 1913 476 2000 ἡπόλις
494 1913 647 1999 ανάθεμα,
674 1913 752 1996 αῦτη
788 1918 839 1982 καί
857 1919 950 2000 ἐντῷ
968 1916 1115 2001 ἐλαχίστῳ
1134 1916 1229 1983 αῦτοῦ
1248 1916 1396 2003 ἐπιστήσει

145 2002 196 2066 καί
209 1994 310 2064 πάντα
321 1994 380 2064 όσα
398 2001 479 2065 ἐστίν
496 2003 526 2065 ἐν
543 1998 636 2083 αῦτῆ,
662 2003 752 2085 κυρίῳ
788 1996 842 2074 τὰς
853 1995 951 2074 πῦλας
964 1997 1065 2083 αὐτῆς.
1089 2003 1140 2065 καί
1152 1996 1250 2077 οῦτιος
1263 2005 1396 2087 ἐποίησεν

149 2082 295 2169 Σαβαιόθ.
333 2082 414 2168 πλην
438 2080 536 2170 Ῥαὰβ
560 2071 615 2168 τίηῦ
639 2076 753 2169 πόρνην
783 2079 875 2160 Ὁζᾶν
889 2080 906 2148 5
921 2086 952 2146 ἐκ
965 2081 1100 2166 Βαιθηλ.
1120 2087 1151 2149 ἐν
1163 2082 1396 2171 τῷἈβιράντῷ

145 2165 382 2252 περιποιησαοθε
395 2163 505 2251 αὐτὴν,
519 2169 570 2232 καί
581 2162 681 2231 πάντα
694 2161 753 2230 όοα
787 2164 972 2252 πριοτοτόκῳ
998 2167 1189 2250 ἐθεμελίωσεν
1210 2167 1320 2254 αὐτὴν,
1346 2172 1397 2235 καί

144 2253 224 2315 ἐστίν
237 2252 325 2333 ἐντῷ
338 2250 411 2333 οίκῳ
425 2247 526 2335 αὐτῆς.
543 2245 753 2332 17άλλόιῦμεῖς
787 2254 819 2315 ἐν
835 2255 880 2334 τῷ
897 2249 1042 2335 ἐλαχίστῳ
1060 2251 1239 2316 διασωθέντι
1254 2255 1397 2337 ἐπέστησε

145 2327 311 2415 φυλάξεσθε
324 2330 442 2416 σφόδρα
455 2332 516 2399 ἀπὸ
529 2331 752 2438 τοῦάναθέμα-
787 2330 841 2408 τὰς
860 2328 958 2408 πάλας
983 2331 1084 2419 αὐτῆς.
1123 2335 1217 2400 26καί
1242 2327 1277 2418 ἦν
1295 2330 1396 2421 κῦριος

107 2498 110 2503 Ι
143 2441 206 2491 τος,
218 2415 334 2499 μήποτε
347 2419 563 2502 ἐνθυμηθέντες
576 2415 655 2501 ὑμεῖς
664 2415 753 2483 αυτοὶ
786 2414 861 2499 μετὰ
876 2414 994 2500 Ἰησοῦ,
1018 2420 1070 2482 καί
1088 2407 1124 2501 ἦν
1139 2415 1177 2482 τὸ
1190 2417 1286 2506 ὄνομα
1299 2417 1394 2485 αὐτοῦ

143 2496 251 2585 λάβητε
260 2499 322 2566 ἀπὸ
333 2506 389 2566 τοῦ
399 2498 592 2585 άναθίματος
602 2502 654 2566 καί
662 2495 752 2583 ποιη-
787 2496 866 2566 κατὰ
877 2504 981 2566 πᾶσαν
994 2497 1049 2586 την
1061 2505 1123 2585 γῆν,

143 2608 213 2666 σητε
238 2582 292 2668 τὴν
309 2583 501 2672 παρεμβολὴν
519 2590 580 2650 τῶν
597 2589 669 2650 υἱῶν
690 2581 752 2647 Ἰο-
983 2589 1017 2648 Κ
1028 2592 1058 2648 E
1069 2589 1107 2647 Φ.
1151 2580 1201 2650 Ζ’.

143 2665 222 2749 ραίηλ
239 2664 394 2750 ἀνάθεμα,
419 2670 472 2731 καὶ
488 2671 648 2752 ἐκτρίῳητε
667 2663 751 2749 ἡμᾶς.
786 2634 873 2732 Καὶ
896 2668 1120 2752 ἐπλημμέλησαν
1145 2672 1177 2733 οἱ
1195 2672 1256 2735 υἱοί
1273 2668 1395 2757 Ἰσραὴλ

143 2750 230 2812 1*ἐκαὶ
242 2754 303 2813 πᾶν
315 2746 457 2835 ἀργύριον
470 2748 488 2833 ἧ
501 2756 633 2834 χρυσίον,
648 2749 666 2833 ἢ
679 2747 752 2832 χαλ-
786 2750 984 2855 πλημμελειαν
995 2748 1132 2836 μεγάλην,
1152 2754 1204 2816 καὶ
1215 2756 1394 2833 ἐνοσφίοαν-

142 2829 194 2904 κὸς
208 2828 226 2913 ἢ
241 2832 374 2917 σίδηρος,
399 2827 483 2907 άγιον
496 2837 581 2896 ἔσται
593 2836 636 2915 τῷ
650 2836 751 2915 κυρίῳ.
786 2859 822 2899 το
842 2832 904 2900 από
922 2839 977 2899 τοῦ
996 2834 1193 2917 άναθεματος.
1219 2838 1271 2900 καί
1287 2836 1395 2922 ἐλαβεν

142 2918 181 2988 είς
205 2912 364 3000 θησαυρὸν
389 2919 493 2999 κυρίου
518 2908 750 2999 εἰςενεχθηοεται.
780 2915 872 3023 Ἄχαρ
899 2918 963 2995 υἱὸς
981 2921 1088 3005 Χαρμὶ
1104 2921 1171 2983 υἱοῦ
1189 2919 1308 3006 Ζαμβρὶ
1327 2924 1395 2985 υἱοῦ

142 2999 169 3039 ¹⁹
182 3000 234 3061 καὶ
246 2994 411 3062 ἐοάλπιοαν
423 3008 488 3072 ταῖς
500 2992 654 3075 σάλπιγξιν
666 3002 698 3062 οἱ
710 3002 752 3063 ἱε-
786 3007 874 3087 Ζαρα
896 3005 928 3067 ἐκ
953 3006 1006 3087 τῆς
1023 3003 1117 3087 φυλῆς
1137 2995 1239 3067 Ἰοῦῦα
1257 3001 1320 3068 άπὸ
1338 3008 1396 3070 τοῦ

142 3088 210 3164 ρείς.
238 3075 279 3152 οῦς
297 3080 330 3144 a&
347 3077 473 3162 ἤκουσεν
486 3078 503 3145 5
517 3079 591 3156 λαός
604 3085 665 3146 τῶν
677 3077 751 3152 σάλ-
786 3083 987 3168 άναθίματος.
1004 3089 1057 3152 καί
1069 3080 1217 3170 ἐθυμιόθη
1229 3081 1330 3172 κῦριος
1339 3085 1394 3174 ὀρ-

141 3168 271 3237 πίγγων,
310 3157 439 3246 ἠλάλαξε
462 3168 522 3240 πάς
548 3163 566 3229 5
591 3160 665 3240 λαός
690 3161 751 3246 ἅμα
783 3172 822 3258 γῇ
835 3180 898 3243 τοῖς
911 3173 984 3244 υἱοῖς
993 3166 1126 3255 Ἰσραήλ.
1142 3171 1213 3234 2καίΙ
1225 3167 1395 3236 ἀπέστειλεν

142 3242 307 3328 ἀλαλαγμῷ
332 3244 449 3332 μεγάλῳ
472 3249 523 3313 καί
543 3253 660 3335 ἰσχυρῷ.
700 3251 751 3314 καί
781 3249 899 3334 Ἰησοῦς
925 3249 1034 3337 ἄνδρας
1059 3258 1097 3328 είς
1115 3254 1179 3318 Γαί
1197 3249 1218 3337 ἢ
1234 3256 1298 3319 ἐστι
1316 3251 1395 3320 κατὰ

141 3330 242 3393 ἐπεσεν
255 3323 337 3394 άπαν
350 3328 385 3395 τό
395 3344 489 3417 τεῖχος
498 3329 608 3419 κύκλῳ.
623 3333 672 3399 καί
683 3329 751 3397 55-
784 3331 926 3419 Βαιθηλ,
951 3334 1053 3415 λέγων.
1085 3339 1325 3440 κατασκέῳαοθε
1339 3335 1394 3422 την

139 3416 249 3497 βηπᾶς
266 3410 284 3478 5
302 3411 377 3490 λαός
395 3414 501 3520 είςτην
518 3414 617 3484 πόλιν.
655 3419 687 3462 ²⁰
700 3417 752 3480 καί
784 3422 855 3484 Γαί.
893 3419 972 3483 3καί
996 3417 1141 3524 ἀνέβησαν
1166 3425 1196 3484 οἱ
1221 3421 1322 3506 ανδρες
1343 3422 1394 3486 καί

140 3494 347 3582 ξενεθεμάτισεν
360 3496 456 3604 αῦτην
478 3506 602 3604 Ιησοῦς,
628 3501 680 3564 καὶ
692 3494 751 3564 ὅσα
783 3504 1006 3586 κατεσκέψαντο
1019 3529 1073 3588 την
1085 3505 1162 3578 Γαί,
1188 3506 1239 3568 καὶ
1258 3501 1391 3590 ἀνίοτρε

141 3581 177 3664 ην
202 3585 232 3644 ἐν
256 3587 295 3674 τῇ
316 3578 400 3649 πόλει
419 3581 482 3648 απὸ
501 3580 609 3669 ανδρός
627 3583 680 3646 καί
696 3586 752 3658 ἕως
784 3607 849 3671 ψαν
872 3583 948 3690 πρόη
970 3584 1103 3669 Ἰησοῦν,
1128 3588 1179 3650 καί
1205 3584 1291 3652 εἶπαν
1315 3583 1392 3670 πρός

139 3663 291 3740 γυναικὸς,
304 3664 368 3729 άπὸ
381 3672 535 3732 νεανίσκου
547 3668 599 3731 καί
611 3670 667 3740 ἕως
678 3691 749 3752 πρε-
783 3665 885 3735 αῦτόν.
910 3697 952 3754 μη
970 3666 1112 3758 ἀναβὴτον
1124 3673 1184 3744 πᾶς
1196 3666 1214 3733 5
1226 3666 1309 3746 λαός,
1327 3668 1391 3734 ἀλλ’

139 3744 260 3832 σβῦτου,
274 3748 325 3810 καί
337 3752 393 3823 ἐιος
401 3744 516 3835 μόσχου
525 3752 575 3815 καὶ
588 3745 749 3828 ὑποζυγίου
783 3750 848 3830 ὥςεὶ
861 3753 991 3838 διςχιλιοι
1006 3752 1023 3837 ἢ
1037 3752 1186 3838 τριςχίλιοι
1202 3750 1304 3836 ἄνδρες
1317 3750 1392 3819 ἂνα-

140 3832 171 3893 ἐν
184 3822 310 3908 στόματι
322 3833 481 3917 ῥομφαίας.
505 3836 531 3874 ²¹
544 3835 596 3899 καί
608 3844 671 3908 τοῖς
683 3835 750 3900 δυσί
781 3835 923 3922 βητωσαν
935 3839 987 3900 καί
1002 3831 1326 3921 ἐκπολιορκησάτωσαν
1339 3834 1393 3938 την

140 3916 301 3988 νεανίσκοις
315 3926 380 3989 τοῖς
392 3914 655 3983 καταοκοπεῦσαοι
670 3916 749 3983 εἶπεν
782 3915 880 3984 πόλιν.
917 3917 953 4002 μ’
984 3917 1137 4004 άναγάγης
1157 3924 1218 3984 ἐκεῖ
1239 3918 1293 3985 τόν
1318 3919 1395 3985 λαον

135 3990 262 4076 Ἰησοῦς.
288 3997 438 4070 εἱςελιθατε
456 4003 495 4074 είς
511 3997 566 4083 την
578 4004 677 4064 οἰκίαν
695 4005 752 4081 της
783 3998 912 4079 ἅπαντα,
925 3947 1022 4079 ὀὶίγοι
1034 4000 1093 4089 γάρ
1104 3993 1171 4068 εἱσι.
1193 4000 1273 4066 4καί
1286 4000 1393 4089 άνέβη-

139 4074 291 4154 γυναικὸς,
316 4082 368 4143 καί
383 4077 539 4159 ίξαγάγετε
561 4079 657 4164 αῦτην
675 4085 745 4145 ἐκεῖ-
783 4111 840 4150 σοιν
853 4083 919 4160 ὡςεὶ
931 4087 1079 4171 τριςχίλιοι
1092 4085 1205 4171 ἄνδρες,
1218 4087 1270 4151 καὶ
1282 4090 1394 4167 ἐίηυγον

138 4169 201 4236 θεν,
215 4162 266 4224 καί
279 4157 338 4226 ὅσα
350 4164 430 4226 ἐστίν
442 4162 527 4255 αὐτῇ.
549 4167 580 4211 ²²
591 4165 643 4228 καί
656 4165 744 4246 είςῖγλ-
781 4166 844 4234 σἰπό
870 4167 1033 4256 προςώπου
1059 4168 1178 4256 ἀνδρῶν
1202 4174 1273 4234 Γαί.
1313 4171 1328 4213 ⁶
1342 4171 1393 4234 καί

138 4253 199 4308 θον
217 4246 249 4308 οἱ
261 4240 316 4309 δύο
333 4251 482 4309 νεανίσκοι
496 4251 527 4310 οί
539 4243 745 4312 καταοκοπεῦ-
780 4249 953 4320 ἀπέκτειναν
966 4253 1016 4320 ἀπ’
1033 4252 1248 4338 αῦτοῦνίίιῦρες
1261 4255 1334 4327 Γαὶ,
1354 4259 1394 4328 είς
1442 4257 1445 4261 ’

139 4352 240 4403 ‘mue
264 4326 321 4413 1¹⁸7?
342 4323 431 4393 πόλιν
449 4333 488 4404 ἕλ’
504 4328 559 4412 τὴν
577 4334 676 4394 οίκίαν
693 4338 746 4416 τῆς
779 4336 971 4420 τριακονταὲξ
989 4337 1114 4422 ἄνδρας,
1140 4339 1192 4400 καί
1210 4336 1392 4413 κατεδίωξαν

135 4410 288 4514 γυχαικός,
313 4414 365 4477 καὶ
382 4407 567 4496 ἐξηγάγοσαν
581 4409 680 4503 Ῥαὰβ
691 4415 745 4500 την
779 4418 891 4495 αῦτοῦς
910 4418 973 4485 άπὸ
992 4426 1046 4505 τῆς
1058 4417 1170 4506 πάλης,
1197 4421 1248 4484 καὶ
1261 4422 1391 4506 ουνέτρι1

135 4521 265 4584 πορνην,
291 4498 343 4562 καὶ
360 4495 411 4564 τόν
427 4501 545 4587 πατέρα
563 4495 669 4585 αὐτῆς,
695 4502 745 4566 καί
779 4522 843 4590 ῳαν
856 4501 967 4580 αῦτοίνς
980 4501 1044 4569 ἀπὸ
1057 4509 1114 4569 τοῦ
1128 4507 1323 4588 καταηεροῦς,
1338 4505 1392 4605 χαί

1251 4589 1391 4671 ἐπτοηθη
