2924 4972
109 251 177 323 828
395 253 454 310 1ss
466 251 536 308 PE
546 251 590 309 Μ
599 246 701 309 ME
738 250 816 324 Κεφ.
831 239 877 320 ιγ’.
891 239 941 306 ιδ’.
957 243 1007 307 13.
1024 241 1074 307 14.

106 379 163 465 ὄρη
176 370 322 441 σκοτεινά.
345 373 398 435 καί
410 367 576 454 ἀναμενεῖτε
590 374 628 445 εἰς
641 372 716 450 φῶς,
751 368 797 450 ἐφ’
819 365 908 454 ύδωρ.
939 366 1082 452 ῆλθοσαν
1104 368 1156 431 ἐπὶ
1172 366 1211 430 τά
1230 371 1365 452 φρέατα,

105 463 158 527 καὶ
171 463 231 523 ἐκεῖ
242 453 310 522 σκιά
324 448 481 528 θανάτου,
504 456 556 517 καὶ
567 448 717 552 τεθῆσον-
750 455 802 517 καὶ
814 449 869 557 οὐχ
885 446 1014 537 εύροσαν
1028 446 1125 536 ὕδωρ,
1150 452 1202 515 καί
1214 447 1367 536 ἀπέστρε-

106 570 158 611 ται
171 546 210 616 είς
223 537 342 612 σκότος.
361 539 388 579 ¹⁷
398 536 451 601 ἐὰν
462 535 494 601 δὲ
506 533 548 619 μῆ
561 534 716 619 ἆκουσητε,
751 554 817 619 φαν
827 561 867 600 τα
886 533 990 613 σἰγγεῖα
1006 532 1109 598 αὐτῶν
1121 528 1198 598 κενά.
1224 532 1241 575 ⁴
1256 531 1365 598 καὶτὰ

106 625 310 710 κεκρυμμένως
329 614 486 684 κλαύσεται
504 618 524 702 ἡ
538 618 620 726 φυχῆ
635 619 718 700 ὑμῶν
751 621 825 702 ἔργα
839 622 893 704 τῆς
902 622 958 722 χῆς
970 617 1111 694 ἐξελιπεν,
1136 612 1183 682 ὅτι
1195 613 1249 681 ούκ
1263 606 1300 699 ῆν
1314 614 1366 681 ὗε-

109 708 174 776 ἆπὸ
185 700 349 792 προςάπου
363 699 487 810 ύηλρεως,
505 727 557 767 και
568 698 717 778 κατάξου-
750 706 811 777 τός.
837 699 1029 795 ῆσχυνθησαν
1042 706 1073 765 οῖ
1084 702 1225 784 γεωργοὶ,
1251 699 1367 766 ἐπεκά-

109 816 157 858 σιν
176 793 207 855 οἶ
228 786 385 869 ὀφθαλμοί
405 790 489 870 υμῶν
513 781 645 872 δάκρυα,
671 780 718 851 ὅτι
751 786 854 869 λυψαν
866 780 1061 865 τάςκεφαλόις
1074 783 1184 848 αὐτῶν.
1200 785 1273 849 2καί
1285 783 1367 848 ἔλσ-

110 876 261 957 συνετρίβη
272 867 310 935 τὸ
317 874 453 952 ποίμνιον
461 874 571 955 κυρίου.
583 869 613 912 ¹⁸
618 870 718 934 ε’ίπατε
751 894 803 948 φοι
817 872 848 934 έν
860 865 943 972 άηρῷ
957 871 1065 944 ἐτεκον,
1089 869 1141 931 καί
1153 867 1366 944 ἐγκατέλιπον,

109 961 155 1042 τῷ
166 955 285 1041 βασιλεῖ
295 954 347 1017 καὶ
356 963 421 1027 τοῖς
430 949 649 1028 δυναστεύουσι,
662 977 718 1016 ταό
752 949 800 1017 ότι
813 951 868 1017 ούκ
880 977 917 1036 ην
928 947 1051 1039 βοτάνη.
1064 948 1148 1015 θάνοι
1161 949 1262 1035 ἄγριοι
1273 953 1364 1037 ἔστη·

109 1033 279 1120 πεινιύθητε
297 1037 349 1100 καί
365 1040 525 1112 καθίσατε,
550 1032 597 1114 ότι
618 1045 719 1125 καθη-
752 1059 809 1103 σαν
825 1037 877 1101 ἐπί
888 1030 1000 1110 νάπας,
1026 1036 1077 1098 καί
1094 1032 1229 1098 είλκυσαν
1246 1031 1366 1117 ἄνεμον,

110 1129 187 1208 ρέθη
200 1118 266 1186 ἀπὸ
276 1118 403 1222 κεφαλῆς
417 1115 500 1204 ὑμῶν
509 1122 655 1223 στέφανος
665 1116 720 1184 δό-
752 1119 888 1196 ἐξέλιπον
901 1123 933 1183 οῖ
946 1117 1105 1200 ὀφθαλμοί
1117 1115 1227 1193 αὐτῶν,
1242 1113 1290 1181 ότι
1304 1117 1366 1185 οὐκ

111 1210 163 1293 ξης
186 1202 278 1287 ὑμῶν.
303 1202 444 1277 12πολεις
470 1205 505 1267 αῖ
520 1229 596 1288 προς
614 1200 720 1268 Νότον
753 1193 789 1289 ῆν
800 1198 917 1288 χόρτος.
944 1204 1006 1267 ἀῖ
1018 1198 1162 1286 ἁμαρτίαι
1175 1197 1259 1284 ἡμῶν
1273 1200 1366 1267 ἀντέ-

112 1288 363 1393 συνεκλείσθησαν,
376 1288 428 1350 καὶ
437 1283 491 1351 οὐκ
504 1274 540 1369 ῆν
553 1283 718 1366 ὁᾶνσίγων.
754 1311 868 1369 στησαν
881 1285 959 1369 ῆμῖν.
984 1282 1065 1371 κύριε
1076 1288 1204 1367 ποίησον
1217 1279 1288 1369 ῆμῖν
1301 1290 1373 1351 ἐνε-Δ

111 1369 276 1451 ἀποικισθη
291 1366 412 1445 Ιούδας,
427 1368 615 1435 συνετελεσαν
628 1367 718 1435 άποι-
752 1373 801 1435 κέν
813 1395 878 1446 σου,
892 1366 939 1434 ὅτι
951 1368 1063 1433 πολλαὶ
1076 1371 1110 1432 σί
1122 1365 1268 1452 ἁμαρτίαι
1280 1366 1366 1452 ἡμῶν

111 1465 180 1522 κὶαν
196 1454 317 1519 τελείαν.
344 1455 375 1496 ²⁰
388 1449 518 1539 ἆνάλαβε
541 1448 721 1536 ὀφθαλμούς
753 1456 884 1519 ἐναντίον
897 1478 965 1531 σου,
979 1447 1026 1517 ὅτι
1039 1452 1088 1516 σοί
1099 1447 1278 1537 ῆμάρτομεν.
1301 1448 1365 1516 ⁰¹5-

112 1565 166 1605 σου
174 1534 384 1619 Ἰερουσαλὴμ,
400 1539 452 1600 καί
463 1537 504 1600 ἴδε
516 1532 590 1611 τούς
601 1539 721 1621 ἐρχομέ-
752 1533 870 1620 πομσνῆ
885 1534 1011 1622 Ἰσρσιῆλ
1028 1529 1122 1617 κύριε,
1148 1536 1200 1600 καί
1217 1530 1321 1612 σώζεις
1334 1539 1365 1601 ἐν

111 1647 180 1696 νους
204 1617 268 1684 άπὸ
287 1620 407 1704 Βορρἆ
432 1623 496 1684 ποῦ
513 1620 576 1683 ἐστι
593 1619 630 1684 τό
648 1625 720 1684 ποί-
752 1624 962 1707 καιρῴκακων.
975 1613 1365 1705 ίνατίέγενῆθηςῶςεὶπάρ

111 1729 194 1791 μνιον
220 1698 239 1766 ὃ
260 1698 355 1784 ἐδόθη
383 1726 445 1778 σοι,
469 1697 611 1788 πρόβατα
633 1699 720 1787 δόξης
753 1727 834 1778 οικος
850 1706 901 1769 ἐπὶ
916 1707 970 1785 τῆς
985 1707 1054 1786 γῆς,
1079 1698 1186 1777 καλῶς
1199 1697 1365 1787 αὐτόχθων

113 1812 169 1855 σου
173 1815 186 1868 ,·
212 1788 239 1829 ²¹
251 1791 283 1851 τί
299 1789 372 1870 ἐρεῖς
391 1780 466 1852 όταν
482 1788 722 1851 ἐπισκέπτωνταί
753 1786 892 1852 ἐκκλίνων
909 1791 948 1861 εἰς
960 1782 1116 1869 κατάλυμα
1120 1814 1133 1865 ,·
1158 1785 1227 1870 9μῆ
1240 1788 1291 1890 ὲίτη
1302 1782 1360 1860 είς-

113 1897 162 1975 σεχ
175 1868 275 1936 καὶσὺ
288 1869 425 1945 ἐδίδαξας
437 1868 545 1945 αύτούς
558 1873 608 1935 ἐπὶ
620 1869 719 1953 σὲμα-
753 1896 809 1957 περ
828 1869 993 1956 ἄνθρωπος
1010 1866 1127 1945 ὑπνῶν,
1151 1866 1170 1953 ἢ
1184 1867 1225 1943 ὡς
1237 1866 1308 1952 άνηρ
1322 1865 1363 1934 οὐ

111 1966 239 2040 θηματα
255 1957 294 2028 εἰς
307 1947 406 2038 σἰρχῆν.
433 1951 489 2016 οὐκ
506 1952 606 2027 ὠδῖνες
624 1955 720 2018 καθέ-
753 1948 911 2037 δυνάμενος
929 1953 1043 2031 σώζειν,
1071 1954 1124 2016 καί
1144 1952 1182 2017 σύ
1201 1957 1232 2016 ἐν
1249 1950 1317 2037 ῆμῖν
1337 1950 1365 2018 εέ

112 2040 197 2116 ξουσί
219 2060 250 2100 οε
273 2035 380 2109 καθώς
399 2047 524 2112 γυναῖκα
541 2041 701 2102 τίκτουσαν
706 2064 718 2115 ,·
752 2032 845 2122 κύριε,
871 2039 923 2102 καί
940 2037 976 2102 τὸ
991 2032 1089 2140 ὄνομά
1106 2060 1161 2101 σου
1173 2036 1365 2143 ἐπικέκληται

112 2123 143 2164 22
154 2122 207 2184 καί
231 2115 284 2184 ἐὰν
309 2118 390 2209 εἴπης
416 2121 447 2182 ἐν
470 2123 509 2211 τῆ
530 2119 636 2205 καρδίᾳ
655 2145 719 2196 σου,
753 2122 797 2202 ἐφ’
814 2118 900 2204 ῆμᾶς,
912 2118 952 2206 μῆ
965 2119 1098 2214 ἐπιλαθη
1112 2116 1203 2204 ῆμῶν.
1223 2121 1255 2163 ¹⁰
1265 2146 1367 2196 ουτως

113 2205 195 2271 διατί
218 2197 373 2307 ἇπῆντησέ
395 2228 445 2284 μοι
470 2207 584 2283 ταύτας
610 2203 660 2268 διὰ
684 2203 720 2269 τὸ
754 2205 829 2283 λέγει
847 2200 947 2290 κύριος
959 2208 1002 2286 τῷ
1017 2203 1082 2285 λαῷ
1099 2197 1207 2285 τούτῳ.
1239 2199 1365 2289 ῆγάπη-

113 2287 234 2371 πλῆθος
249 2289 302 2370 τῆς
318 2286 434 2361 αδικίας
450 2311 505 2351 σου
526 2282 720 2373 άνεκαλύφθη
755 2314 813 2354 σαν
825 2300 910 2352 κινεῖν
922 2284 1020 2362 πόδας
1030 2285 1201 2361 αύτῶν,κυλ
1214 2285 1272 2351 οὐκ
1282 2291 1366 2370 ἐφεί·

113 2369 154 2436 τόν
168 2364 297 2436 ὀπίσθιά
311 2394 378 2446 σου,
390 2370 536 2454 παραδειγ
557 2375 720 2455 κτισθῆναι
755 2397 863 2446 σαντα,
888 2372 941 2436 καί
958 2367 976 2434 ὁ
994 2368 1066 2446 θεὸς
1087 2366 1145 2434 ούκ
1162 2365 1315 2436 εὖούδωσεν
1334 2375 1365 2436 ἐν

113 2454 169 2528 τὰς
181 2455 310 2535 πτίρνας
322 2479 383 2519 σου.
409 2454 439 2495 22
452 2457 476 2517 εί
488 2399 647 2530 άλλάξεται
658 2458 721 2519 Αἰ-
754 2453 870 2532 αὐτοῖς,
896 2458 949 2520 νῦν
965 2450 1164 2540 μνησθῆσεται
1177 2457 1230 2534 τῆς
1243 2451 1365 2530 ἀδικίας

113 2543 198 2620 θίσψ
214 2535 251 2603 τὸ
261 2538 356 2622 δέρμα
373 2533 485 2614 αὐτοῦ,
510 2541 561 2601 καί
572 2533 722 2622 πάρδαλις
755 2537 864 2604 αὐτῶν.
883 2542 909 2581 ¹¹
922 2540 973 2602 καί
986 2537 1047 2603 εἶπε
1058 2533 1095 2601 κύ
1112 2534 1244 2619 ιοςπρός
1254 2539 1301 2614 μέ.
1315 2537 1362 2620 μῆ

113 2617 154 2686 τά
166 2621 348 2704 ποικίλματα
361 2619 466 2703 αὐτῆς,
480 2624 531 2685 καὶ
542 2620 620 2703 ὑμεῖς
633 2617 721 2706 δυνῆ-
753 2619 915 2708 προςεύχου
940 2625 1008 2707 περὶ
1029 2622 1083 2686 τοῦ
1094 2561 1174 2682 λοοῦ
1191 2611 1303 2682 τούτου
1322 2622 1362 2694 εἰς

116 2714 204 2770 σεσθε
220 2703 375 2787 εύποιῆσαι
394 2701 596 2788 μεμαθηκότες
614 2702 653 2770 τὰ
664 2730 721 2769 κα-
754 2704 876 2783 ἀγαθά,
902 2707 930 2747 ¹²
942 2699 990 2769 ότι
1008 2703 1086 2769 ἕὰνν
1106 2695 1278 2776 οτεύσωσιν,
1304 2699 1364 2766 οὐκ

114 2782 163 2852 κά.
190 2786 577 2890 22καὶδιέσπειρααύτούς,
591 2784 721 2872 ὧςφρύ-
754 2787 958 2870 εῖςακυύσσμαι
997 2794 1051 2872 τῆς
1088 2729 1210 2890 δεῆσεως
1247 2783 1364 2863 αὐτῶν,

113 2892 193 2956 γανα
205 2864 352 2954 φερόμενα
362 2866 423 2934 ύπο
434 2870 543 2953 ἀνέμου
554 2876 593 2945 είς
603 2874 720 2958 ἔρημον.
754 2876 805 2937 καὶ
817 2871 870 2937 ἐὰν
883 2875 1114 2957 προςενέγκωσιν
1123 2865 1365 2974 ολοκαυτάματσ

114 2953 144 2996 ²⁵
158 2947 255 3027 οὕτως
267 2949 284 3017 ό
297 2947 404 3036 κλῆρός
418 2977 490 3028 σου,
511 2956 563 3017 καί
574 2958 653 3056 μερὶς
665 2961 722 3020 τοῦ
755 2960 806 3021 καί
817 2961 943 3032 θυσίας,
971 2953 1026 3020 σύκ
1042 2953 1191 3038 εύδοκῆσιο
1205 2956 1236 3018 ἐν
1249 2965 1364 3029 αυτοῖς,

115 3033 251 3100 ἀπειθεῖν
264 3034 337 3119 ὑμᾶς
351 3036 431 3119 ἐμοί,
457 3036 533 3114 λέγει
546 3063 584 3101 κυ
604 3063 654 3112 ιος.
682 3037 723 3114 ὡς
755 3037 800 3105 ότι
814 3043 845 3104 ἐν
856 3044 987 3125 μαχαίρᾳ
1000 3040 1052 3102 καί
1065 3042 1096 3102 ἐν
1106 3036 1181 3120 λιμῷ
1195 3038 1248 3102 καί
1262 3040 1364 3102 ἔνθα·

115 3115 270 3183 ἐπελάθου
281 3144 353 3201 μου,
378 3121 429 3182 καί
445 3118 572 3203 ἤλπισας
584 3063 635 3185 ἐπὶ
648 3117 723 3203 ψεύ-
754 3119 836 3207 νότῳ
856 3125 914 3200 ἐγὼ
933 3121 1095 3187 συντελέσω
1113 3120 1233 3194 αὐτούς.
1273 3121 1301 3163 ¹³
1314 3123 1365 3184 καί

114 3202 192 3276 δεσι,
217 3202 249 3243 ²⁶
261 3200 345 3284 κῆγιό
362 3198 558 3285 ἀποκαλύψω
570 3201 610 3269 τά
624 3201 722 3270 ὀπίσω
755 3205 833 3271 εἶπα.
861 3204 936 3272 &div
954 3201 1049 3287 κύριε,
1077 3202 1144 3268 ἰδού
1160 3207 1192 3267 οἱ
1208 3208 1364 3289 προφῆται

117 3310 172 3350 σου
185 3285 235 3349 ἐπί
247 3285 283 3350 τὸ
295 3279 457 3369 πρόςωπόν
471 3310 537 3360 σου,
554 3289 606 3352 καί
619 3283 722 3371 ὀφθῆ-
755 3287 854 3354 αὐτῶν
877 3285 1112 3372 προφητεύσασι,
1138 3287 1190 3348 καί
1213 3285 1364 3365 λέγουσιν,

115 3393 197 3434 σεται
216 3364 351 3453 ῆᾶτιμία
368 3393 439 3443 σου,
465 3371 495 3411 22
509 3372 559 3434 καί
577 3368 722 3456 ῆμσιχεία
755 3369 809 3437 οὐκ
840 3367 957 3455 ὄψεσθε
980 3363 1142 3453 μάχαιραν,
1175 3365 1248 3433 οὐδὲ
1282 3369 1364 3456 λιμὸς

115 3477 181 3530 σου,
195 3456 246 3518 καί
257 3448 441 3539 χρεμετισμός
453 3479 519 3529 σου,
532 3453 611 3539 καίῆ
621 3453 721 3519 άπαλ-
754 3459 838 3521 ἔσται
850 3456 882 3519 ἐν
892 3451 977 3535 ύμῖν,
1003 3448 1050 3518 ὅτι
1062 3447 1207 3528 ἀλήθειαν
1221 3455 1273 3517 καί
1286 3451 1364 3539 εέρῆ-

115 3533 272 3624 λοτρίωσις
287 3542 341 3620 τῆς
356 3541 493 3621 πορνείας
507 3563 571 3603 σου.
598 3539 648 3603 ἐπί
661 3543 722 3603 τῶν
754 3563 806 3624 νην
818 3535 907 3605 δεύσω
920 3538 971 3602 ἐπὶ
980 3541 1032 3621 τῆς
1040 3539 1102 3621 γῆς,
1114 3537 1166 3600 καί
1177 3539 1209 3600 ἐν
1221 3542 1266 3620 τῷ
1276 3534 1365 3620 τόπῳ

113 3622 249 3703 βουνῶν,
274 3621 326 3683 καί
343 3623 374 3683 ἐν
393 3630 457 3695 τοῖς
475 3618 580 3702 ἀγροῖς
601 3617 721 3706 ἐαίρακα
754 3619 862 3706 τούτῳ.
897 3620 992 3686 14καὶ
1017 3619 1078 3685 εἷπε
1102 3615 1202 3706 κύριος
1223 3617 1299 3702 πρὸς
1315 3624 1364 3700 μέ.

113 3700 154 3765 τὰ
166 3697 354 3784 βδελύγματοί
370 3728 435 3768 σου.
461 3701 533 3768 ούαί
544 3730 592 3769 σοι
607 3702 721 3792 Ἱερου-
753 3707 847 3791 ψευδῆ
858 3708 890 3771 οἶ
902 3708 1057 3790 προφῆται
1066 3699 1302 3788 προφητεύουσιν
1312 3706 1366 3767 ἐπί

115 3780 227 3867 “aa-Q
253 3781 298 3850 ὅτι
317 3783 373 3851 οὐκ
398 3790 606 3874 ἓκαθαρίσθης
624 3786 721 3854 ὀπίσω
753 3796 800 3873 τῷ
817 3786 942 3872 ὀνόματί
953 3812 1029 3871 μου,
1058 3785 1113 3851 οὐκ
1133 3783 1293 3852 ἀπέστειλα
1305 3783 1367 3850 αύ-

114 3891 171 3946 μου
183 3871 239 3941 ἕως
251 3875 331 3942 τίνος
344 3872 395 3934 ἔτι.
754 3871 840 3949 τούς,
855 3875 907 3937 καί
920 3870 977 3936 οὐκ
991 3867 1172 3954 ἐνετειλάμην
1184 3868 1296 3947 αὐτοῖς,
1312 3871 1367 3934 καί

296 3957 329 4016 K
341 3958 370 4014 E
382 3958 419 4016 Φ.
463 3950 531 4018 ΙΔ’.
754 3953 810 4020 οὐκ
828 3952 964 4037 ἐλάλησα
982 3955 1059 4042 πρὸς
1077 3950 1195 4029 αὐτούς.
1222 3949 1269 4017 ὅτι
1289 3951 1367 4036 ὁρά-

113 4031 180 4096 Καέ
192 4033 304 4108 ἐγένετο
323 4030 411 4112 λόγος
423 4042 529 4117 κυρίου
541 4036 619 4123 πρὸς
631 4036 721 4125 Ἱερε-
753 4064 809 4114 σεις
834 4040 969 4122 ψευδεῖς,
994 4042 1046 4103 καί
1067 4043 1204 4121 μαντείας
1222 4038 1275 4103 καί
1292 4042 1368 4102 οέω-

157 4122 170 4150 ⁹
227 4122 299 4198 μίαν
310 4120 379 4200 περὶ
391 4124 443 4201 τῆς
455 4120 604 4207 ἇβροχίας.
753 4128 891 4204 νίσμστα,
905 4124 957 4187 καί
968 4125 1157 4209 προαιρέσεις
1169 4122 1295 4207 καρδίας
1308 4119 1368 4186 αύ-

112 4167 179 4262 2Ε
179 4200 326 4281 πένθησεν
338 4199 357 4282 ῆ
368 4199 514 4279 Ἰουδαία,
526 4207 578 4268 καὶ
587 4208 619 4268 αί
627 4199 720 4269 πύλαι
752 4211 814 4271 τῶν
828 4205 918 4272 αὐτοὶ
929 4201 1168 4289 προφητεύουσιν
1181 4201 1256 4313 ὑμῖν.
1277 4207 1305 4249 ¹⁶
1316 4204 1368 4270 διὰ

112 4279 206 4367 αὐτῆς
218 4278 422 4367 ἐκενώθησαν,
444 4288 495 4350 καί
507 4282 720 4369 ἐσκοτώθησαν
752 4295 845 4355 τοῦτο
857 4287 929 4356 τάδε
940 4289 1017 4368 λέγει
1028 4284 1129 4373 κύριος
1139 4313 1207 4373 περι
1216 4292 1278 4353 τῶν
1285 4313 1368 4375 προ-

110 4367 161 4432 ἐπί
173 4370 226 4450 τῆς
237 4370 305 4452 γῆς,
324 4369 377 4432 καὶ
389 4366 407 4453 ῆ
420 4366 534 4451 κραυγῆ
547 4373 600 4453 τῆς
607 4367 719 4458 Ἱερου-
752 4378 856 4478 φητῶν
886 4379 947 4438 τῶν
971 4372 1219 4459 προφητευόντων
1244 4374 1297 4437 ἐπὶ
1320 4375 1369 4457 τῷ

110 4447 208 4539 πλὴν
221 4448 292 4538 ἇῖὲβ
314 4502 324 4528 ι
349 4448 429 4518 3καί
443 4454 474 4516 οί
485 4457 649 4535 μεγιστᾶνες
661 4454 719 4521 αύ-
752 4454 880 4542 ονόματί
889 4483 949 4541 μου
962 4458 1067 4541 ψευδῆ,
1080 4458 1132 4522 καὶ
1144 4454 1202 4534 ἐγώ
1217 4452 1274 4521 ούκ
1287 4452 1368 4521 σίπέ-

100 4540 156 4625 ῐῆτ
168 4535 284 4609 άπέστε
334 4533 436 4618 ντούς
445 4540 605 4630 νεωτέρους
617 4535 718 4606 αὐτῶν
752 4541 852 4608 στειλα
869 4536 994 4617 αὐτοὺς,
1020 4545 1053 4605 σῖ
1072 4539 1207 4619 λέγουσι,
1230 4533 1370 4646 μάχαιρα

1315 4648 1369 4690 και
