2924 4972
163 235 230 305 834
447 226 757 290 ΙΕΡΕΜΙΛΣ
795 217 1125 300 Κεφ.κ’.κα’.20.’ὶί.

158 373 232 433 ραις.
249 346 320 409 5καί
333 341 423 408 δώσω
436 341 606 441 τῆνπῆσαν
621 338 702 443 ἰσχύν
715 342 767 441 τῆς
799 335 896 436 πρωῒ,
927 337 988 438 3²⁰²,
1009 332 1186 436 ἀλαλαγμοῦ
1217 337 1415 433 μερημβρίας,

192 429 199 449 Ι
336 423 343 444 ί
476 426 483 448 t

158 429 273 504 πόλεως
286 451 413 509 ταυτης,
432 451 484 489 και
496 448 611 498 παντας
625 447 696 497 τους
708 448 769 487 πο-
799 422 826 462 ¹⁷
839 418 887 484 ὅτι
899 444 957 483 ουκ
969 421 1124 512 απέκτεινε
1136 442 1169 498 με
1182 419 1213 480 ἐν
1224 442 1339 517 μητρα,
1364 420 1416 482 καί

158 538 227 588 νσυς
239 509 350 592 αὐτῆς,
375 509 426 572 καί
440 507 556 583 πάντας
569 503 640 581 τοὺς
651 516 768 588 θησαυ-
799 499 913 580 ἐγένετό
930 527 983 585 μοι
1002 497 1020 584 ῆ
1062 525 1134 584 ητηρ
1151 526 1210 583 μου
1228 525 1328 581 ταφος
1345 528 1416 582 μου,

159 594 230 680 ροῦς
246 598 303 658 τοῦ
320 591 466 678 βασιλέως
488 587 591 655 Ἰούδα
612 594 651 664 είς
671 601 768 692 χεῖρας
799 583 1033 671 καίῆμήτρασυ
1072 580 1416 665 ήφεωςαίωνίας.”ίνα·

160 683 276 762 ἐχθρῶν
300 675 412 751 αὐτοῦ,
438 674 489 739 καί
515 673 637 750 ἀξουσιν
655 670 768 747 αυτούς
799 675 830 734 τί
841 675 933 736 τοῦτο
945 667 1072 754 ἐξῆλθον
1084 670 1115 731 ἐκ
1126 664 1250 754 μήτρας,
1271 672 1331 732 τοῦ
1344 669 1416 754 βλέ-

159 767 198 837 είς
214 759 397 845 Βαβυλῶνα.
438 759 518 822 οκαί
537 756 575 823 οῦ
593 759 644 822 καί
660 751 768 831 πάντες
799 778 865 819 πειν
876 747 988 828 κόπους
1006 753 1059 817 καί
1071 747 1198 826 πόνους,
1223 752 1417 818 καίδιετελε-

160 850 190 910 οῖ
202 846 408 916 κατοικοῦντες
426 845 458 906 ίν
471 845 515 924 τῷ
527 843 601 923 οίκῳ
615 865 685 914 σου,
709 865 766 904 πο·
801 863 857 901 σαν
870 842 902 903 ἐν
915 831 1034 929 αἰσχύνη
1048 839 1082 900 αἶ
1099 832 1203 917 ῆμέραι
1214 861 1293 937 μους

160 924 298 1011 ρεύσεσθε
316 930 346 991 ἐν
363 923 564 1009 αἰχμαλωσίᾳ,
590 925 769 988 καίένΒα-
826 925 839 952 ‘
978 926 1010 985 Κ
1023 924 1102 983 ΕΦ.
1146 921 1236 984 ΚΑ.

159 1011 268 1099 βνλῶνι
280 1007 444 1101 ἀποθανῆ,
465 1009 517 1071 καί
527 1011 587 1071 ἐκεῖ
595 1006 717 1099 ταφῆαη
730 1002 768 1070 σῦ
802 971 852 1072 0
876 1003 966 1081 λόγος
991 1000 1009 1068 ό
1028 999 1182 1104 γενόμενος
1197 1000 1284 1087 παρὰ
1304 1011 1418 1090 κυρίου

160 1097 212 1161 καὶ
224 1088 334 1166 πάντες
346 1095 377 1158 σί
389 1091 471 1172 φίλοι
484 1115 554 1165 σου,
578 1089 622 1174 oh
635 1085 771 1173 ἐπραφή-
799 1085 877 1192 πρὸς
895 1083 1055 1171 Ἱερεμίαν,
1079 1086 1128 1151 ὅτε
1153 1084 1309 1151 ἀπέστειλε
1336 1089 1417 1171 πρός

160 1202 267 1252 τενοας
284 1174 388 1250 αὐτοῖς
405 1175 509 1258 ψευδῆ.
536 1168 720 1256 7ῆπάτησάς
736 1197 771 1254 με
801 1167 894 1237 αυτὸν
919 1169 937 1235 ὁ
955 1168 1090 1257 βασιλεύς
1107 1170 1245 1245 Σεδεκίας
1265 1169 1321 1236 τόν
1342 1179 1418 1237 Πα-

161 1258 253 1346 κύριε,
270 1261 321 1324 καί
335 1254 507 1343 ῆπατήθην,
526 1252 703 1342 ἐκράτησας,
719 1259 770 1321 καί
802 1252 879 1340 σχόνρ
910 1253 975 1319 υίόν
999 1254 1150 1338 Μελχίου,
1179 1254 1231 1318 καί
1256 1261 1417 1337 Σοφονίαν

162 1339 340 1429 ῆδυνάαθης.
364 1339 502 1425 ἐγενόμην
514 1345 552 1417 εἰς
563 1339 693 1418 γελωτα,
706 1343 769 1405 πά·
801 1336 864 1404 υίὸν
875 1339 1021 1404 Βασα”ίου
1034 1334 1087 1403 τόν
1102 1339 1192 1421 ίερέα,
1204 1336 1310 1414 λέγων.
1325 1341 1417 1406 ἳέπε-

163 1452 220 1496 σαν
234 1423 345 1511 ῆμίραν
358 1425 504 1490 διετθεσα
514 1418 766 1507 μυκτηριζόμενος.
801 1419 934 1507 ρώτηοον
946 1423 1014 1506 περί
1027 1417 1110 1505 ῆμιῦν
1122 1419 1240 1501 κύριον,
1265 1418 1314 1486 ὅτι
1327 1427 1417 1526 ῥυσι-

161 1508 230 1577 *ίίτι
241 1513 338 1592 πικρῷ
352 1504 435 1592 λόγῳ
447 1534 504 1589 μου
512 1507 682 1587 γελάσομαι,
694 1504 769 1572 ἀθε-
801 1504 868 1581 λιῦς
882 1505 1072 1592 Βαβυλῶνος
1089 1506 1246 1588 ἐφέστηκεν
1263 1502 1308 1585 ἐφ’
1326 1513 1417 1590 ημᾶς,

162 1600 231 1660 σίαν
251 1595 304 1655 καί
320 1591 528 1675 ταλαιπωρίαν
544 1587 769 1672 ἐτιικαλέοομαι,
802 1594 826 1654 εί
837 1584 954 1674 ποιήσει
968 1583 1068 1673 κύριος
1078 1584 1156 1652 κατά
1168 1584 1272 1652 πάντα
1283 1585 1324 1653 τά
1334 1600 1416 1657 θαυ·

162 1672 211 1741 ότι
235 1670 360 1760 ίγενήθη
380 1670 469 1751 λόγος
487 1679 590 1758 κυρίου
610 1677 649 1748 είς
667 1672 771 1738 όνειδι-
801 1667 895 1756 μάαια
921 1670 1033 1748 αὐτοῦ,
1066 1674 1117 1737 καί
1141 1667 1336 1738 ἀπελεύσεται
1363 1672 1413 1755 ἀφ’

163 1758 237 1842 σμὸν
264 1758 330 1841 ἐμοί
353 1758 404 1821 καί
421 1761 460 1832 είς
484 1755 649 1842 χλευασμὸν
668 1761 771 1822 πᾶσαν
804 1756 893 1840 ῆμῶν.
924 1757 1004 1820 3καί
1021 1754 1083 1821 είπε
1100 1753 1177 1841 πρὸς
1195 1753 1308 1832 αὐτούς
1322 1754 1418 1840 Ἱερε-

162 1839 279 1928 ῆμέραν
297 1867 364 1923 μου.
391 1842 406 1884 ⁰
420 1843 471 1905 καί
487 1839 565 1906 είπα.
592 1838 629 1905 οῦ
646 1837 688 1923 μή
701 1837 772 1905 όνο-
801 1845 879 1924 μίας.
899 1836 996 1915 σῦτως
1008 1842 1098 1922 ἐρεῖτε
1110 1838 1188 1921 πρός
1201 1839 1339 1904 Σεδεκίαν
1352 1845 1415 1925 βα-

163 1922 252 2009 μάσω
265 1923 300 1990 τὸ
313 1922 409 2005 ὄνομα
422 1929 538 2007 κυρίου,
552 1924 603 1990 καί
616 1920 652 1989 οῦ
661 1923 702 2006 μή
716 1925 773 1989 λα-
803 1925 887 1990 σιλέα
896 1917 1007 1988 Ἰούδα.
1021 1919 1117 1987 4τάδε
1130 1922 1207 1999 λε’γει
1220 1917 1326 2025 κύριος.
1343 1925 1415 1988 ἰδοῦ

163 2004 246 2093 λήσω
265 2011 310 2072 ἔτι
328 2009 378 2071 ἐπί
390 2013 434 2090 τῷ
448 2003 574 2108 ὀνόματι
587 2004 694 2071 αὐτοῦ.
720 2008 772 2071 καί
803 2004 861 2086 ἐγὼ
872 2008 1068 2089 μεταστρέφειν
1086 2005 1126 2070 τὰ
1141 2002 1225 2070 ίίπλα
1237 2031 1276 2071 τα
1289 2007 1417 2091 πολεμι-

163 2094 278 2168 ἕγίνετο
304 2086 345 2164 ὡς
359 2095 421 2176 πῦρ
441 2114 597 2173 καιομενον
613 2090 724 2172 φλίγον
742 2093 772 2153 ἐν
803 2089 856 2167 κά,
881 2094 912 2155 δν
932 2089 975 2166 οίς
991 2087 1070 2173 ὑμεῖς
1087 2089 1241 2172 πολεμεῖτε
1256 2093 1289 2155 ἐν
1307 2090 1417 2167 αὐτοῖς

163 2186 227 2250 τοῖς
246 2173 349 2249 ὀστοῖς
360 2200 437 2257 μου,
462 2175 513 2238 καί
532 2185 674 2258 παρεῖμαι
692 2169 771 2239 πάν·
803 2173 880 2256 πρὸς
892 2172 963 2249 τοὺς
976 2173 1150 2248 Χαλδαίους
1162 2173 1235 2248 τοῦς
1247 2176 1416 2252 συγκεκλει-

163 2269 269 2333 τοθεν,
293 2261 343 2322 καί
356 2255 393 2322 οῦ
411 2257 539 2340 δύναμαι
553 2262 658 2343 φέρειν,
682 2259 712 2302 ¹⁰
725 2252 772 2322 ότι
804 2259 894 2332 κότας
913 2255 990 2341 ὑμᾶς
1009 2261 1124 2335 ἔξωθεν
1140 2261 1197 2321 τοῦ
1215 2263 1336 2341 τείχους.
1365 2263 1417 2325 καί

163 2341 283 2428 ἤκουσα
296 2336 397 2424 ψόγον
405 2339 528 2407 πολλῶν
537 2343 772 2425 συναθροιζομί-
804 2337 921 2418 συνάξω
940 2339 1050 2418 αύτούς
1069 2346 1109 2417 είς
1127 2339 1164 2406 τό
1176 2342 1266 2424 μέσον
1285 2346 1339 2426 τῆς
1352 2339 1416 2409 πό-

164 2450 223 2492 νων
240 2420 398 2490 κυκλόθεν.
424 2421 615 2507 ἐπισύστητε,
641 2426 693 2490 καί
706 2429 773 2490 ἐπι·
803 2427 876 2500 λαως
899 2420 1027 2509 ταύτης,
1065 2427 1144 2490 6ιιαί
1166 2419 1324 2509 πολεμήσω
1354 2424 1415 2505 ἐγώ

163 2513 317 2591 ουστοῦμεν
330 2508 375 2573 ἐπ’
392 2506 477 2592 αύτῷ
488 2503 595 2583 πάντες
608 2507 709 2594 ἀνδρες
721 2515 772 2589 φί-
803 2509 880 2592 ῦμᾶς
892 2512 924 2575 ἐν
936 2515 1008 2596 χειρί
1021 2509 1207 2599 ἐκτεταμένη,
1225 2512 1277 2571 καί
1289 2514 1322 2572 ἐν
1331 2515 1416 2593 βρα-

163 2591 213 2657 λοι
222 2590 326 2658 αύτοῡ.
340 2590 489 2676 τηρήσατε
501 2587 555 2676 τῆν
567 2595 702 2657 ἐπίνοιαν
715 2590 772 2656 αῦ-
802 2599 878 2678 χίονι
896 2599 1030 2678 κραταιῷ
1047 2590 1119 2677 μετά
1136 2594 1236 2672 θυμοῦ
1253 2593 1305 2654 καί
1317 2592 1415 2675 ὀργῆς

164 2682 234 2752 τοῦ,
260 2681 285 2740 εί
307 2673 553 2760 ἀπατηθήοεται,
579 2678 630 2741 καί
649 2671 772 2759 δυνησό-
802 2675 937 2760 μεγάλης.
966 2679 1046 2742 6καί
1065 2670 1189 2752 πατάξω
1205 2670 1321 2749 πάντας
1337 2676 1414 2751 τούς

162 2771 244 2840 μεθα
257 2757 355 2841 αύτῷ,
378 2760 431 2823 καὶ
449 2758 611 2842 ληψόμεθα
625 2759 661 2859 τῆ
694 2761 772 2825 ἐκδί-
803 2766 1019 2836 κατοικοῦντας
1032 2765 1063 2826 ἐν
1074 2766 1113 2862 τῆ
1124 2755 1209 2825 πόλει
1221 2754 1326 2851 ταύτῃ,
1340 2759 1415 2834 τοῦς

163 2867 248 2924 κησιν
268 2839 349 2924 ῆμιῦν
366 2844 397 2917 ἐξ
411 2840 516 2907 αὐτοῦ.
555 2846 578 2884 ¹¹
592 2841 610 2907 ό
626 2844 657 2907 δι
671 2838 772 2928 κύριος
804 2840 989 2927 ἀνθρώπους
1006 2846 1057 2909 καί
1074 2869 1114 2908 τα
1132 2839 1222 2926 κτήνη
1241 2846 1273 2906 ἒν
1283 2839 1414 2926 θανάτῳ

162 2923 221 3008 μετ’
240 2928 310 3007 ἐμοῦ
323 2923 428 2998 καθὼς
439 2924 571 3009 μαχητής
585 2922 704 3010 ἰσχύων.
721 2927 771 2991 διά
802 2928 931 3013 μεγάλην,
943 2929 994 2992 καί
1007 2925 1246 2990 ἀποθανοῦνται.
1271 2927 1284 2967 ⁷
1296 2928 1349 2989 καί
1355 2951 1415 3025 με·

163 3012 257 3073 τοῦτο
276 3010 414 3084 ἐδίωξαν,
441 3011 491 3073 καί
509 3014 615 3111 νοῆσαι
631 3007 685 3074 ούκ
700 3007 772 3092 ῆδύ·
803 3009 842 3078 τά
861 3015 956 3076 ταῦτα
974 3005 1070 3083 οὕτως
1085 3007 1161 3084 λέγει
1180 3002 1286 3090 κύριος.
1317 3009 1413 3072 δωσω

164 3115 263 3157 ναντο.
289 3087 487 3183 ᾐσχύνθησαν
500 3095 629 3177 σφοδρα,
656 3089 704 3159 ότι
717 3092 773 3158 οῦκ
803 3094 856 3160 τόν
867 3095 1003 3160 Σεδεκίαν
1015 3092 1138 3170 βασιλέα
1147 3087 1259 3167 Ἰούδα,
1271 3093 1325 3155 καί
1336 3090 1415 3168 τοῦς

163 3171 288 3257 ἐνόησαν
300 3171 419 3254 ἀτιμίας
431 3173 544 3250 αῦτιῦν,
567 3184 602 3240 αἳ
614 3174 648 3241 δι’
665 3181 773 3253 αίοῦνος
802 3179 914 3253 παῖδας
940 3175 1050 3252 αὐτοῦ,
1075 3177 1127 3242 καί
1151 3173 1203 3240 τόν
1221 3170 1295 3240 λαὸν
1314 3200 1415 3240 κατα-

163 3254 219 3321 οῦκ
232 3252 495 3340 ἐπιλησθήσονται.
515 3262 541 3300 ¹²
555 3255 636 3342 κύριε
647 3258 773 3343 δσκιμά-
802 3261 962 3341 λειφθέντα
974 3263 1005 3323 ἐν
1016 3265 1054 3344 τῆ
1065 3256 1151 3324 πόλει
1160 3251 1258 3348 ταύτῃ
1277 3256 1340 3323 ἀπὸ
1354 3264 1415 3324 τοῦ

163 3344 220 3416 ζων
231 3341 347 3416 δίκαια,
372 3346 478 3408 συνιών
495 3341 617 3428 νεφρούς
633 3346 686 3408 καί
697 3371 772 3428 καρ-
803 3341 937 3410 θανάτου
949 3343 1001 3406 καί
1013 3339 1077 3406 ἀπό
1093 3347 1152 3407 τοῦ
1169 3340 1258 3424 λιμοῦ
1276 3345 1331 3408 καί
1350 3340 1413 3408 άπὸ

163 3426 243 3501 δίας,
270 3426 358 3507 ἴδοιμι
375 3425 431 3510 τήν
447 3424 533 3511 παρά
555 3431 610 3493 οοῦ
627 3429 772 3510 ἐκδίκησιν
802 3432 854 3512 τῆς
872 3431 1033 3511 μαχαίρας,
1058 3428 1097 3500 είς
1113 3437 1211 3511 χεῖρας
1225 3427 1344 3510 ἐχθρῶν
1356 3425 1413 3491 αύ-

162 3511 195 3574 δν
209 3509 329 3585 αὐτοῖς,
342 3505 389 3574 ὅτι
401 3507 478 3594 πρός
491 3510 526 3576 σὲ
539 3506 719 3594 ἀπεκάλνεγα
732 3512 772 3578 τόν
803 3516 880 3587 των,
904 3513 967 3575 τῶν
985 3503 1154 3594 ζητούντων
1172 3504 1228 3584 τάς
1243 3507 1343 3593 ψυχάς
1355 3507 1412 3574 αῦ-

162 3588 384 3675 ἀπολυγήματά
399 3619 467 3675 μου.
502 3593 636 3676 13οῆοατε
653 3599 697 3676 τῷ
718 3622 771 3659 κυ-
803 3600 878 3672 τῶν,
908 3598 959 3660 καί
984 3591 1212 3678 κατακόφουσιν
1244 3590 1358 3668 αύτούς
1383 3595 1412 3655 ἰν

162 3678 230 3757 ρίῳ,
248 3678 385 3739 αἰνίσατε
398 3674 497 3759 αύτῷ,
516 3672 563 3741 ίίτι
576 3676 706 3754 ἐξείλατο
718 3675 772 3762 τῆν
803 3673 931 3761 στόματι
954 3684 1111 3762 μαχαίρας.
1137 3673 1175 3741 οῦ
1200 3681 1338 3758 φείσομαι
1363 3673 1407 3740 ἐπ’

161 3754 259 3838 ψυχήν
277 3760 403 3842 πένητος
420 3762 453 3823 ἐκ
469 3761 564 3844 χειρὸς
575 3764 772 3846 πονηρευομέ-
802 3761 917 3837 αὐτοῖς,
934 3763 985 3826 καί
999 3759 1037 3827 οῦ
1050 3761 1090 3844 μή
1104 3754 1274 3844 οἰκτειρήσω
1287 3756 1412 3833 αὐτούς.

162 3861 227 3902 νων.
255 3840 284 3883 ¹⁴
298 3839 517 3925 ἐπικατάρατος
535 3841 553 3927 ῆ
568 3841 681 3929 ῆμέρα,
706 3839 770 3930 ίνῆ
801 3846 875 3911 8καὶ
885 3841 961 3928 πρός
975 3843 1028 3909 τόν
1041 3844 1117 3909 λαόν
1128 3849 1237 3908 τοῦτον
1245 3845 1325 3926 ε’ρεῐς.
1340 3839 1415 3908 τάδε

161 3922 285 4021 ἐτύχθην
299 3927 331 3989 ἐν
343 3923 429 4016 αὐτῆ.
448 3923 584 4010 ῆῆμέρα,
597 3933 628 3994 ἐν
639 3920 659 4038 ῆ
672 3919 770 3995 ἔτεκίν
800 3927 879 4005 λέγει
903 3924 1013 4014 κύριος.
1040 3927 1104 3992 ἰδοῦ
1131 3925 1189 4009 ἐγιῦ
1215 3926 1329 3990 δίδωκα
1351 3927 1413 4010 πρό

159 4028 193 4084 με
214 4031 233 4085 η
259 4000 357 4090 μήτηρ
381 4033 455 4089 μου,
479 4010 519 4092 μή
537 4015 613 4076 ε’·’στω
633 4010 769 4096 επευκτή.
800 4008 968 4096 προςοίπου
991 4008 1075 4094 ῦμῶν
1101 4007 1153 4094 τήν
1171 4007 1240 4074 ὁδόν
1257 4014 1311 4110 τῆς
1327 4012 1414 4095 ζωῆς,

160 4088 187 4128 ¹⁶
201 4084 422 4172 ἓπικατάρατος
435 4090 453 4155 ό
470 4091 637 4177 ἀνθρωπος
650 4093 668 4160 ὁ
681 4098 770 4173 εῦαγ-
801 4096 852 4160 καί
864 4094 918 4179 τῆν
932 4093 1004 4159 ὁδόν
1015 4098 1075 4159 τοῦ
1086 4090 1234 4160 θανάτου.
1252 4093 1268 4135 ⁹
1281 4117 1300 4157 σ
1313 4089 1416 4176 καθή·

158 4165 343 4251 γελισάμενος
356 4177 400 4257 τῷ
413 4181 508 4260 πατρί
518 4201 576 4258 μου
589 4177 693 4257 λόγων,
705 4182 770 4244 ἐτέ-
799 4204 884 4261 μενος
902 4182 933 4243 ἐν
951 4184 990 4261 τῆ
1013 4174 1101 4243 πόλει
1121 4172 1218 4266 ταύτῃ
1244 4173 1415 4242 ἀποθανεῖ-

157 4262 220 4356 χθη
233 4278 282 4318 σοι
295 4251 397 4338 ἀρσην.
411 4255 639 4341 εὐφραινόμενος
657 4263 769 4327 16ἔστω
803 4288 851 4329 ται
863 4267 894 4328 ἒν
902 4251 1040 4364 μαχαίρᾳ
1053 4264 1105 4326 καί
1117 4266 1148 4327 ἰν
1161 4260 1248 4344 λιμῷ.
1268 4257 1351 4326 καλό
1364 4265 1415 4326 ε’κ-

158 4336 355 4425 οάνθρωπος
369 4341 489 4417 ἐκεῖνος,
516 4343 556 4413 ὡς
569 4345 604 4405 αί
615 4339 717 4420 πόλεις
732 4342 769 4422 ἀς
799 4373 997 4430 πορευομενσς
1018 4349 1230 4432 πρσςχωρῆοαι
1247 4343 1324 4428 πρὸς
1343 4343 1417 4421 τοῦς

158 4424 340 4506 κατέστρεψε
362 4417 464 4502 κύριος
480 4425 511 4486 ἕν
528 4428 633 4507 θυμῷ,
658 4431 711 4493 καί
729 4428 767 4494 οῦ
801 4430 981 4504 Χαλδαίους
993 4430 1065 4505 τούς
1079 4421 1321 4506 αυγκεκλεικότας
1338 4424 1417 4512 ὑμᾶς

157 4501 344 4593 μετεμελήθη.
381 4503 543 4575 ἀκουσάτω
567 4515 698 4596 κραυγῆς
722 4517 768 4597 τῷ
799 4511 917 4598 ζήσεται
921 4562 933 4592 ,
959 4515 1012 4579 καί
1030 4517 1115 4579 ε”σται
1133 4510 1152 4598 ῆ
1167 4508 1248 4597 φνχῆ
1266 4509 1367 4577 αιίτσῦ
1380 4519 1417 4590 εἰς

1307 4597 1416 4669 σκῦλα,
