2924 4972
219 230 520 297 mmmm
543 231 774 296 amm
812 231 888 305 νου.
901 224 942 290 ι’.
956 222 1002 302 ις’.
1019 228 1068 295 15.
1086 227 1133 296 ιο
1246 230 1311 295 σου

60 338 211 408 Ἰωνάθαν
228 341 321 419 ὁυὶὸς
333 341 483 430 Ἀβιάθαρ
497 348 528 407 οἱ
540 339 595 408 δύο
608 346 668 408 υἱοί
703 347 802 421 ζεᾶγος
825 340 904 407 ὄνων
920 345 1171 424 ίπισεσαγμίνων,
1195 343 1247 409 καὶ
1263 342 1308 410 ἀπ’

63 418 144 507 ᾶμών
168 424 225 511 μετ’
254 425 345 509 ὑμῶν.
372 428 404 470 ²⁸
417 427 503 501 ἴδετε,
529 421 588 503 ἐγσύ
612 431 669 509 εἱμε
703 423 807 500 αὐτοῖς
831 421 977 491 διακόσιοι
1002 423 1106 510 ᾶρτοι,
1130 427 1182 490 καί
1205 422 1314 493 ἑκατὸν

62 509 258 595 στρατεύομαι
276 512 308 574 ἐν
329 507 474 596 Ἀραβιάθ
491 513 544 590 τῆς
560 504 669 592 ἐρήμου
705 509 852 589 σταφίδες,
865 509 917 574 καί
929 505 1037 574 ἱκατδν
1050 516 1186 589 φοίνικες,
1200 512 1251 574 καί
1264 512 1313 576 νδ-

63 599 118 667 ἕως
140 598 194 657 τοῦ
213 592 311 656 ἐλθεῖν
328 595 408 675 ῥήμα
425 589 494 675 παρ’
517 588 598 674 ὑμῶν
613 596 670 657 τοῦ
704 591 755 678 βελ
767 592 858 656 οἴνου.
880 594 957 657 2καί
969 591 1048 659 εἶπεν
1061 589 1079 656 5
1091 587 1226 679 βασιλεὺς
1237 590 1313 677 πρὸς

62 674 242 754 ἀπαγγεῖλαί
251 701 310 758 μοι.
324 677 412 739 29καί
424 673 594 759 ἀπέστρεψε
602 681 670 738 Σα-
705 669 793 759 Σιβά.
807 680 838 738 τί
848 670 945 739 ταῦτά
958 701 1023 755 σοις
1037 677 1089 741 καί
1103 672 1261 762 εἱπεΣιβά.
1276 672 1314 741 τά

62 757 123 823 δάν
149 760 201 824 καί
220 756 372 844 Ἀβιάθαρ
396 755 451 842 τήν
470 756 598 866 κιβωτὸν
614 761 670 822 τοῦ
706 752 854 833 ὑποζύγια
871 761 909 850 τῇ
921 762 1002 840 ολκίρ
1020 763 1074 823 τοῦ
1095 759 1240 847 βασιλέως
1256 761 1313 823 τοῦ

62 847 138 906 θεοῦ
163 846 202 916 είς
223 839 431 926 Ἰερουσαλήμ,
457 867 509 907 και
530 837 671 907 ἐκάθισεν
706 842 924 922 ἐπικαθῆσθαι,
936 842 987 904 καί
998 844 1030 904 οἱ
1041 839 1126 926 ἀρτοι
1139 844 1191 908 καί
1201 845 1233 907 οί
1241 846 1314 924 φοί·

63 928 128 988 ἐκεῖ.
146 925 235 989 3θιιαί
247 925 343 989 Δαυὶδ
355 923 488 1010 ἀνέβαινε
500 929 532 990 ἐν
544 929 583 1007 τῆ
594 924 671 989 ἀνα·
706 948 780 996 νικες
797 926 837 996 είς
853 924 964 1007 βρῶσιν
975 935 1039 998 τοῖς
1055 926 1237 1010 παιδαρίοις,
1262 925 1315 991 καί

61 1002 145 1093 βάσει
157 1006 334 1074 τῶνέλαιιᾶν
348 997 671 1155 ἀναβρὶνωνκαὶκλαί-
706 1005 725 1071 5
743 1003 823 1079 οἶνος
838 1015 916 1068 πιεῖν
934 1015 996 1078 τοῖς
1013 1004 1206 1088 ἐκλελυμένοις
1228 1012 1259 1073 ίν
1276 1012 1313 1099 τῇ

64 1113 116 1164 ων,
129 1091 179 1153 καί
190 1088 244 1174 τήν
258 1090 387 1173 κεφαλήν
439 1088 671 1172 ικεκαλυμμένος,
707 1086 817 1173 ἐρήμῳ.
831 1087 902 1151 3καὶ
913 1084 992 1151 εἶπεν
1003 1081 1022 1150 5
1033 1086 1176 1172 βασιλεύς.
1190 1092 1241 1155 καί
1249 1094 1314 1156 πού

63 1174 114 1237 καί
127 1170 217 1247 αὐτὸς
229 1169 389 1258 ἐπορεύετο
407 1168 594 1247 ἀνυπάδετος.
621 1173 673 1236 καί
707 1168 726 1236 5
739 1168 803 1244 υἱὸς
820 1174 876 1235 τοᾶ
889 1173 990 1254 κυρίου
1003 1194 1056 1234 σου
1060 1196 1073 1245 ,-
1098 1172 1151 1235 καί
1163 1170 1225 1237 είπε
1236 1173 1314 1258 Σιβᾶ

61 1260 122 1329 πᾶς
141 1252 281 1330 ὁλαὸςὸ
318 1254 356 1319 ετ’
375 1252 471 1319 αύτοᾶ
488 1251 673 1336 ἐπεκάλυψεν
707 1250 785 1339 πρὸς
806 1250 1012 1339 τὸνβασιλέα.
1051 1249 1116 1317 ἰδού
1133 1248 1266 1336 κάθηται
1283 1258 1316 1319 ἐν

64 1337 139 1423 ἀνήρ
153 1337 206 1418 τήν
218 1362 272 1417 κειρ
313 1335 465 1419 ήναᾶτοῦ.
492 1336 672 1423 καίάνέβαι-
703 1334 913 1422 Ἶερονοαλδθ.
940 1330 988 1400 ὅτι
1004 1332 1075 1400 εἱπε.
1109 1332 1234 1421 σήμερον
1249 1339 1317 1401 ε’πι-

64 1444 118 1484 νον
131 1418 340 1504 ἀναβαίνοντες
352 1421 404 1484 καί
416 1419 573 1495 κλαίοντες.
592 1421 673 1485 31καί
708 1421 888 1504 στρέιμουαίν
899 1443 950 1502 μοι
962 1416 1044 1493 οἶκος
1058 1414 1182 1504 Ἰσραήλ
1194 1416 1249 1502 τήν
1259 1422 1318 1498 βα-

64 1500 212 1585 ἀνήγγελή
229 1502 340 1578 Δαυίδ,
365 1501 504 1580 λέγοντες.
531 1506 582 1568 καί
593 1500 672 1587 Ἀχι·
708 1502 817 1568 σιλείαν
834 1504 891 1566 τοῦ
906 1496 1023 1584 πατρός
1038 1525 1106 1584 μου.
1134 1501 1216 1568 *καί
1238 1498 1318 1567 εἶπεν

65 1581 159 1664 τάφελ
186 1586 218 1649 ίν
242 1595 305 1658 τοῖς
330 1587 574 1670 συστρεφομε’νοις
597 1585 670 1668 μετά
707 1581 878 1672 ὁβασιλεύς
895 1589 940 1667 τῷ
951 1587 1039 1669 Σιβᾷ.
1065 1578 1132 1650 ίδού
1149 1610 1196 1650 σοι
1212 1580 1316 1652 πάντα

60 1663 261 1751 Ἀβεσσαλύμ.
287 1669 338 1731 καί
350 1666 412 1732 εἷπε
425 1669 531 1733 Δαυίδ.
553 1669 672 1735 διασκέ-
707 1664 764 1734 ᾶσα
782 1670 843 1734 ίστί
856 1670 1068 1769 Μεμφιβοσθέ.
1094 1667 1146 1732 καί
1163 1666 1224 1733 εἶπε
1236 1665 1317 1754 Σιβά

64 1751 158 1815 δασον
170 1748 205 1834 δή
219 1749 274 1835 τήν
282 1747 394 1876 βουλήν
407 1748 573 1835 Ἀχιτόφελ,
590 1746 672 1836 κύριε
706 1747 913 1838 πρσςκυνήσας.
931 1749 1041 1836 εὕροιμι
1052 1745 1138 1835 χάριν
1149 1753 1181 1816 δν
1193 1748 1312 1830 ὀφθαλ-

62 1829 166 1908 ᾶθεός
176 1859 243 1914 μου.
297 1835 376 1897 2καί
394 1822 430 1916 ήν
443 1835 540 1900 Λαυὶδ
552 1834 671 1937 ίρχόμε-
705 1847 771 1918 μοίς
783 1861 841 1900 σου
853 1830 890 1898 κύ
921 1837 1005 1918 έμου
1015 1834 1146 1920 βασιλεῦ.
1173 1821 1315 1918 6καὶήλ-

62 1941 111 1992 νος
136 1918 191 1991 ἕως
211 1920 269 1980 τοῦ
290 1912 379 1993 Ῥιᾶς,
407 1908 445 1981 σᾶ
462 1942 671 2004 προςεκυνήσεν
704 1928 760 1985 θεν
784 1913 802 1981 ὁ
820 1860 957 2003 βασιλλύς
974 1917 1073 1983 Δαυὶδ
1088 1921 1144 1993 ἕως
1162 1921 1313 2003 Βαουρίμ.

63 2001 176 2082 ἐκείτῷ
183 2003 257 2082 θεῷ.
271 1999 323 2063 καί
337 1997 404 2065 ἰδού
416 1997 670 2085 είςάπαντήναά-
705 2003 757 2066 καί
775 1997 840 2066 ἰδοὺ
856 2003 967 2065 ἐκεῖθεν
983 1997 1060 2086 ἀνήρ
1077 1995 1263 2086 ἐξεπορεύετο
1281 2004 1315 2067 ίκ

62 2087 106 2165 τῷ
125 2084 225 2147 Χουσὶ
243 2080 262 2146 ὁ
279 2080 464 2168 ἀρχιεταῖρος
480 2085 580 2150 Δαυὶδ
594 2084 670 2169 διερ-
706 2088 872 2160 συγγενείας
896 2084 979 2148 οἴκου
1000 2079 1123 2158 Σαούλ,
1149 2086 1200 2148 καί
1220 2083 1314 2165 ὄνομα

19 2235 29 2247 ,
62 2163 158 2250 ρήχώς
175 2163 229 2229 τὸν
241 2170 351 2248 χιτῶνα
368 2165 479 2240 αὐτοῦ,
505 2169 558 2231 καί
568 2168 671 2251 γή-ἐπὶ
707 2164 791 2249 αύτῷ
805 2161 967 2247 Σεμεῒυὶὸς
978 2161 1077 2248 Γήρά.
1102 2166 1209 2251 ἔξήλθε
1223 2172 1313 2233 ε’κπο-

62 2254 115 2331 τῆς
127 2247 256 2332 κεφαλής
269 2245 372 2312 αὐτοῦ.
389 2248 419 2292 ³³
432 2249 484 2312 καὶ
495 2248 574 2314 εἶπεν
587 2247 671 2331 αύτῷ
707 2243 857 2333 ρευάμενος
875 2249 926 2312 καί
942 2244 1147 2334 καταρώμενος
1172 2249 1188 2293 ⁰
1199 2251 1251 2315 καί
1266 2249 1312 2315 λι-

64 2332 171 2395 Δαυίδ.
198 2329 251 2394 δᾶν
262 2329 313 2414 μὲν
326 2330 429 2422 διαβῇς
437 2329 498 2406 μετ’
515 2334 598 2415 ἐμοῦ,
620 2332 673 2396 καί
706 2326 809 2407 θάζων
823 2334 854 2395 ἐν
864 2330 964 2405 λίθοις
974 2330 1027 2396 τὸν
1039 2332 1151 2406 Δαυίδ,
1173 2335 1225 2398 καὶ
1235 2327 1312 2398 πάν-

63 2417 118 2495 ἔση
137 2410 182 2476 ἐπ’
199 2412 248 2493 ἐμὲ
261 2417 300 2486 εῑς
311 2408 478 2497 βάσταγμα.
512 2423 544 2466 ³⁴
557 2415 609 2479 καί
620 2411 673 2478 ἐάν
706 2437 761 2488 τας
773 2410 843 2487 τοὺς
855 2414 968 2487 παῖδας
984 2416 1040 2478 τοῦ
1051 2413 1195 2498 βασιλέως
1204 2415 1313 2479 Ἀαυίδ.

64 2486 246 2576 ἕπιστρέιμης
263 2497 314 2558 ἐπί
329 2491 384 2575 τήν
400 2491 506 2568 πόλιν,
531 2497 582 2559 καί
600 2499 673 2577 ἐρεῖς
707 2499 758 2560 καί
769 2500 831 2570 πᾶς
842 2493 860 2561 5
873 2490 946 2570 λαός
964 2485 1013 2578 ήν,
1037 2496 1088 2558 καί
1100 2492 1207 2570 πάντες1
1220 2500 1251 2560 οἱ
1262 2497 1314 2562 δυ-

64 2582 110 2661 τῷ
119 2564 320 2682 Ἀβεσάαλώμ.
332 2572 578 2659 διελήλύθασινοὶ
588 2576 675 2642 ἀδελ·
708 2582 794 2643 νατοὶ
810 2583 842 2643 ἐκ
855 2579 955 2653 δεξιῶν
971 2579 1022 2642 καί
1039 2579 1069 2653 ἐξ
1086 2573 1243 2662 εὐωνύμων
1259 2584 1314 2645 τοῦ

64 2666 123 2743 φοί
144 2685 208 2724 σου.
247 2683 299 2722 και
316 2654 334 2723 ὁ
349 2656 487 2745 βασιλεὺς
504 2658 676 2727 κατόπισθέ
707 2661 860 2750 βασιλέως.
888 2662 904 2722 ⁷.
914 2661 965 2724 καί
982 2656 1078 2736 ούτως
1091 2659 1172 2738 ἔλεγε
1184 2661 1276 2745 Σεμεῒ
1284 2665 1315 2728 δν

61 2770 121 2827 μου
138 2737 308 2823 διελήλυθεν
319 2738 337 2806 ὁ
350 2740 454 2829 πατήρ
467 2770 532 2810 σου.
559 2746 610 2811 καί
624 2749 675 2810 νᾶν
707 2751 752 2830 τῷ
764 2747 955 2833 καταρᾶσθαι
969 2741 1068 2809 αὐτόν.
1094 2745 1197 2821 ἔξελθε
1210 2745 1314 2823 ἔξελθε

62 2838 136 2901 παῖς
148 2852 205 2891 σου
217 2827 275 2909 είμὶ
283 2826 415 2912 βασιλεύ,
429 2824 520 2894 ἔασόν
531 2855 565 2912 με
578 2832 671 2915 ζήσαι.
706 2828 781 2914 ἀνήρ
795 2826 931 2913 αἱμάτων
943 2829 995 2894 καί
1007 2826 1082 2912 ἀνήρ
1097 2826 1115 2892 5
1128 2825 1312 2915 παράνομος.

62 2921 134 2985 παῖς
158 2913 217 2975 τοῦ
234 2905 349 2993 πατρός
370 2936 427 2975 σου
443 2909 519 2996 ήμην
535 2911 604 2978 τότε
621 2915 672 2978 καί
705 2915 913 2998 θέπέστρεψεν
931 2913 982 2978 ἐπὶ
1001 2912 1033 2978 σὲ
1047 2910 1149 2994 κύριος
1161 2909 1261 2978 πάντα
1274 2909 1313 2977 τᾶ

62 2991 187 3076 ἀρτίως,
213 2996 264 3058 καί
276 2998 327 3058 νῦν
340 2992 399 3071 ἐγώ
413 2995 522 3071 δοῦλος
535 2996 595 3072 σὸς,
620 2998 672 3062 καί
704 3002 818 3080 α’ίματα
836 3001 893 3062 τοῦ
907 2996 992 3061 οἴκου
1004 2995 1126 3073 Σαοὺλ,
1152 2992 1199 3060 ὅτι
1212 2998 1312 3081 ἐβασί-

61 3071 259 3152 διασκεδάσεις
283 3104 333 3159 μοι
352 3074 406 3160 τήν
422 3079 533 3166 βουλήν
553 3076 671 3166 'Alad-
704 3080 809 3157 λευσας
827 3077 889 3145 ἀντ’
907 3078 1010 3146 αὐτοῦ.
1037 3082 1089 3145 καί
1106 3081 1195 3146 ἔδωκε
1212 3075 1312 3165 κύριος

61 3162 124 3241 φελ.
150 3160 179 3204 ³⁵
191 3161 243 3226 καὶ
258 3158 322 3227 ἰδού
336 3165 396 3226 ἐκεῖ
405 3162 478 3245 μετά
491 3168 547 3229 σού
560 3161 670 3229 Σαδώκ
703 3164 756 3247 τήν
767 3163 918 3252 βασιλείαν
930 3167 961 3228 ἐν
972 3166 1043 3269 χειρί
1051 3162 1246 3251 Ἀβεσσαλάμ
1257 3167 1311 3228 τοῦ

60 3247 112 3309 καὶ
124 3241 274 3328 Ἀβιάθαρ
287 3249 318 3308 οἱ
331 3249 420 3328 ἱερεῖς.
447 3249 498 3310 καί
510 3250 596 3312 ἔσται
607 3252 670 3312 πᾶν
704 3253 772 3312 υἱοῦ
786 3273 851 3312 σου.
864 3248 916 3311 καί
927 3248 991 3310 ἶδου
1004 3247 1041 3312 σὺ
1052 3250 1083 3312 ἐν
1094 3252 1130 3332 τῇ
1143 3253 1233 3327 κακίᾳ
1245 3272 1310 3321 σου,

59 3330 141 3413 ρήμα
160 3324 178 3388 5
195 3325 247 3389 ε’άν
261 3323 390 3417 ἀκούσῃς
403 3329 434 3403 ἐξ
447 3330 532 3392 οἴκου
544 3334 600 3394 τυᾶ
612 3334 670 3415 βα-
704 3326 752 3394 δ’τι
764 3325 840 3410 ἀνήρ
855 3325 990 3410 αἱμάτων
1001 3324 1047 3391 σύ.
1074 3330 1089 3372 ⁹
1102 3331 1153 3393 καί
1166 3327 1246 3394 εἶπεν
1260 3326 1307 3392 Ἀ-

60 3411 175 3480 σιλέως,
189 3410 240 3469 καί
253 3404 427 3484 ἀπαγγελεῖς
439 3414 484 3490 τῷ
495 3411 607 3474 Σαδώκ
619 3414 670 3476 καί
702 3412 791 3498 βεσσά
800 3408 1023 3494 υἱδςΣαρουίας
1031 3408 1108 3492 πρὸς
1117 3408 1169 3474 τὸν
1178 3409 1309 3495 βασιλέα.

59 3496 107 3573 τῷ
128 3483 278 3573 Ἀβιάθαρ
304 3501 368 3562 τοῖς
393 3493 521 3573 ἱερεῦσιν.
560 3493 590 3536 ³⁶
605 3493 669 3559 ἰδού
704 3499 785 3559 ἱνατί
801 3496 970 3577 καταρᾶται
988 3488 1006 3555 5
1024 3492 1105 3555 κύων
1127 3488 1234 3556 ὁτεθν
1253 3492 1311 3566 κᾶς

59 3579 122 3639 ἐκεῖ
137 3569 197 3654 μετ’
215 3568 316 3634 αὐτῶν
329 3567 385 3636 δύο
400 3575 459 3636 υἱοί
478 3570 580 3638 αὐτῶν
592 3571 671 3660 Ἀχι.
703 3570 792 3651 οὗτος
818 3575 874 3641 τὸν
897 3569 1000 3657 κύριόν
1024 3600 1082 3658 μου
1099 3573 1151 3639 τὸν
1166 3578 1236 3660 βασι
1266 3576 1310 3653 ἀς

59 3653 138 3741 μάας
157 3652 222 3727 υἱὸς
240 3657 285 3736 τῷ
302 3654 428 3729 Σαδώκ,
453 3657 504 3719 καί
517 3651 671 3721 Ἰωνάθαν
703 3658 879 3744 διαβήσομαι
892 3656 927 3741 δή
941 3658 992 3721 καί
1004 3655 1108 3739 άφελῶ
1121 3656 1173 3741 τήν
1181 3656 1311 3743 κεφαλήν

59 3740 123 3814 υίὸς
148 3743 193 3821 τῷ
215 3733 373 3823 Ἀβιάθαρ.
408 3739 460 3802 καί
482 3734 670 3803 ἀποστελείτε
704 3738 806 3805 αύτοᾶ.
826 3738 1029 3806 10καλείπενὸ
1041 3739 1185 3828 βασιλεύς.
1199 3747 1231 3808 τί
1243 3745 1308 3825 ἐμοί

60 3826 92 3887 ἐν
106 3825 180 3908 χειρί
201 3819 301 3886 ahmiu
326 3818 402 3907 πρὸς
417 3819 453 3903 μὲ
470 3825 533 3887 πᾶν
550 3823 629 3906 ῥήμα
650 3819 670 3887 ὃ
702 3825 755 3888 καί
768 3819 1081 3909 ὖμίνυὶοὶΣαρουίαςς
1094 3824 1306 3908 καὶἀφετεαά-

61 3905 113 3971 ἐάν
138 3901 292 3989 ἀκούσητε.
325 3907 354 3948 ³⁷
368 3906 419 3970 καί
434 3905 548 3989 είςήλθε
567 3911 668 3972 Χουσὶ
702 3905 770 3983 τὸν,
795 3908 846 3971 καί
859 3902 955 3982 οὕτως
967 3903 1171 3995 καταράσθω,
1193 3904 1241 3974 ὅτι
1254 3908 1307 3977 κύ-

62 3985 80 4054 ὁ
105 3991 224 4074 ἑταῖρος
244 3990 340 4054 Δαυίδ
364 3993 403 4064 εἰς
421 3987 475 4073 τήν
491 3984 590 4066 πόλιν,
614 3994 667 4057 καί
701 4018 765 4079 ριος
778 3989 855 4056 εἶπεν
874 3988 960 4073 αὐτῷ
972 3997 1164 4077 καταρᾶσθαι
1177 3993 1229 4059 τὸν
1242 4001 1306 4061 Δα-

56 4069 247 4159 Ἀβεσσαλώμ
263 4071 332 4159 ἀρτι
349 4068 541 4163 εἰςεπσρεύετα
558 4079 596 4150 είς
609 4071 664 4141 ‘Ie-
700 4077 755 4142 υίδ.
781 4078 833 4141 καί
845 4080 889 4150 τίς
903 4077 974 4155 ἐρεῖ,
1000 4073 1040 4152 ὡς
1057 4081 1088 4140 τί
1099 4080 1241 4184 ἑποίρσας
1253 4075 1304 4144 σά·

61 4152 223 4240 ρουσαλήμ.
699 4185 757 4234 τως
761 4189 775 4238 ,·
799 4160 887 4225 11καί
904 4158 964 4225 είπε
978 4161 1076 4226 Λαυὶδ
1090 4161 1166 4247 πρὸς
1178 4161 1306 4247 Αβεσσά

253 4247 286 4304 Κ
299 4247 328 4303 Ε
339 4246 377 4304 (ί).
422 4249 481 4315 Ῑς.
699 4245 751 4306 καὶ
769 4242 845 4329 πρὸς
864 4241 979 4319 πάντας
996 4244 1065 4320 τοὺς
1077 4247 1188 4318 παῖδας
1202 4244 1304 4312 αὐτοῦ.

62 4288 145 4386 Καὶ
160 4325 256 4387 Δαυίδ
279 4323 418 4404 παρήλθε
440 4320 536 4409 βραχύ
554 4351 581 4389 τι
601 4323 664 4390 ἀπὸ
700 4322 764 4389 ἰδού
777 4324 795 4389 5
810 4321 873 4402 υἱός
884 4353 942 4409 μου
962 4326 1123 4404 ὁέξελθών
1135 4331 1167 4388 ἐκ
1181 4331 1231 4406 τῆς
1244 4352 1302 4390 κοι-
1384 4354 1388 4359 ·

62 4402 208 4490 τήςῬώς,
224 4408 275 4471 καί
288 4407 353 4471 ἰδοὺ
366 4406 442 4492 Σιβᾶ
456 4406 493 4471 τὸ
506 4406 665 4491 παιδάριον
698 4406 764 4483 λίας
788 4435 846 4489 μου
871 4412 950 4491 ζητεῖ
973 4405 1025 4489 τήν
1044 4401 1140 4507 ψυχήν
1156 4431 1231 4485 μου.
1255 4402 1305 4468 καὶ

59 4489 260 4574 Μεμφιβοσθὲ
278 4494 315 4563 είς
334 4487 470 4574 ἀπαντήν
483 4490 587 4557 αὐτοῦ.
614 4490 665 4555 καί
680 4514 684 4560 1
697 4495 815 4578 προςέτι
834 4495 885 4557 νῦν
903 4488 921 4554 ὁ
940 4487 1002 4567 υἱὸς
1015 4493 1069 4552 τοῦ
1095 4491 1188 4566 Ιεμινί.
1217 4485 1305 4584 ᾶρερε

1215 4590 1308 4626 Qum
