2924 4972
143 196 207 260 310
386 192 924 258 τιΑΣτΛσιΩινυυνυσΡΑ
965 190 1136 274 Κωμία.

144 287 1376 309 -.-..-----------.--..

140 324 196 384 σοῦ
219 321 396 401 ἐπιστρέψαι
416 315 493 400 πρὸς
517 313 550 378 σὲ
570 311 673 378 πάντα
697 313 750 379 τὸν
779 316 850 398 μελη
863 312 1019 401 τῷἸωάβ,
1036 313 1175 391 λέγοντες.
1214 314 1382 423 ήκειἈβεν·

140 401 222 466 οἶκον
232 395 364 486 Ἰσραήλ.
390 400 417 440 ¹³
430 401 481 463 καί
494 396 554 462 εἶπε
565 399 671 462 Δαυίδ.
693 424 749 462 κα-
779 395 832 482 νήρ
846 397 910 472 υίὸς
922 396 995 483 Νήρ
1013 395 1091 484 πρὸς
1104 400 1215 475 Δαυίδ,
1241 406 1292 466 καί
1307 407 1383 467 απί·

139 485 198 559 λῶς
216 481 274 562 ἐγώ
294 477 475 565 διαθήσομαι
492 479 569 566 πρὸς
587 479 620 545 σὲ
638 478 748 565 διαθή-
778 480 899 564 σταλκεν
911 479 1004 546 αὐτὸν
1018 485 1069 545 καί
1081 478 1218 566 ἀπῆλθεν
1231 486 1262 548 ἐν
1276 482 1385 570 εἰρήνη.

139 593 206 650 κην,
236 563 316 650 πλήν
337 560 430 642 λόγον
452 570 503 630 ἕνα
524 563 582 642 ἐμά
606 567 747 645 αἰτοῦμαι
777 564 809 606 ²⁴
822 568 874 629 καί
888 564 1020 649 είςήλθεν
1033 561 1126 651 Ἰωάβ
1141 564 1219 652 πρὸς
1231 565 1286 632 τὸν
1296 559 1386 654 βασί-

138 648 224 732 παρά
239 653 307 726 σοῦ,
319 649 420 726 λέγων.
453 646 509 713 ούκ
523 647 591 730 ὄψει
604 645 640 712 τὸ
652 643 746 732 πρός·
777 647 926 731 λεά,,καί
951 647 1021 713 εἶπε.
1055 653 1088 711 τί
1104 653 1197 713 τοῦτο
1221 653 1365 734 ἐποίησας
1370 682 1383 729 ,-

139 728 222 797 ωπάν
236 757 310 813 μου,
336 730 389 796 ἐάν
404 729 445 815 μή
465 728 579 824 ἀγάμης
591 728 647 813 τήν
660 730 746 794 Μελι-
778 729 843 795 ίδού
854 730 944 812 ήλθεν
952 729 1089 819 Ἀβεννήρ
1101 731 1181 818 πρὸς
1193 730 1235 806 σε’,
1246 737 1296 798 καί
1305 738 1386 798 ίνατί

137 813 193 900 χὸλ
211 819 368 902 θυγατέρα
384 811 492 878 Σαούλ
509 818 745 900 παραγινομένου
778 814 1000 890 ἐξαπέσταλκας
1020 812 1114 879 αὐτὸν
1132 819 1184 880 καί
1200 811 1383 898 ἀπελήλυθεν

138 924 192 964 σου
205 899 276 963 ἰδεῖν
289 896 325 963 τὸ
338 893 500 983 πρόςωπόν
510 924 576 980 μου.
601 897 686 962 11καί
698 899 745 973 ἐξ·
777 899 808 962 ἐν
821 893 934 1000 εἰρήνης
962 897 1021 982 11ἢ
1039 896 1095 963 οάκ
1108 896 1192 973 οἶδας
1208 896 1263 981 τήν
1276 906 1381 964 κακίαν

138 982 290 1046 απίστειλε
312 981 412 1046 Δαυίδ
432 978 509 1065 πρὸς
528 979 662 1066 Ἰεβοσθὲ
679 978 745 1044 υίόν
772 970 906 1066 Ἀβεννηρ
925 985 991 1045 υίοῦ
1003 980 1086 1066 Νήρ,
1112 977 1161 1044 ὅτι
1180 978 1338 1064 ἀπατῆσαί
1350 1008 1382 1047 σε

137 1063 244 1129 Σαούλ
263 1063 422 1142 ἀγγελους,
435 1063 537 1141 λέγων.
566 1061 682 1137 ἀπόδος
716 1087 745 1126 οι
776 1066 952 1150 παρεγένετο
977 1068 1029 1129 καὶ
1059 1067 1167 1141 γνῶναι
1191 1061 1247 1149 τήν
1274 1060 1382 1140 ἔξοδόν

137 1146 192 1233 τήν
203 1150 329 1224 γυναῖκά
340 1172 398 1229 μου
411 1143 466 1230 τήν
475 1145 610 1232 Μελχὸλ,
629 1143 660 1210 “v
673 1091 745 1210 ἀλα·
777 1171 832 1211 σου
851 1149 902 1212 καί
921 1146 974 1230 τήν
993 1142 1104 1222 είςοδόν
1127 1172 1181 1211 σου
1204 1150 1255 1212 καί
1271 1152 1382 1225 γνῶναι

136 1234 191 1377 {gv
203 1233 234 1295 ἐν
253 1229 362 1295 ἑκατὸν
380 1228 592 1316 ἀκροβυστίαις
610 1175 745 1309 ἀλλοφύ-
776 1224 897 1294 ἅπαντα
919 1224 979 1294 ὅσα
1000 1229 1037 1294 σύ
1058 1239 1167 1308 ποιεῖςς
1192 1231 1223 1274 ²⁰
1239 1234 1290 1294 καί
1314 1228 1382 1294 ἀνέ-

184 1340 207 1378 ν.
244 1317 270 1357 11
283 1318 335 1380 καί
347 1311 515 1378 ἀπέστειλεν
525 1312 669 1398 Ἰεβοσθὲ,
694 1314 745 1375 καί
777 1332 902 1396 στρεψεν
923 1309 1019 1398 Ἰωάβ
1044 1309 1107 1377 ἀπὸ
1134 1316 1188 1376 τοῦ
1214 1313 1318 1386 Δαυίδ,
1332 1318 1384 1379 καί

138 1397 244 1483 ἐλαβεν
256 1394 351 1479 αὐτήν
362 1394 448 1480 παρὰ
460 1401 516 1460 τοῦ
530 1393 638 1479 ἀνδρὸς
651 1392 745 1477 αύτής
777 1393 945 1461 ἀπέστειλεν
957 1393 1101 1473 ἀγγέλους
1112 1394 1189 1482 πρὸς
1195 1393 1333 1499 Ἀβεννήρ
1347 1394 1383 1461 ἀ-

136 1478 223 1563 παρά
249 1476 386 1561 Φαλτιήλ
411 1482 477 1542 υἱοῦ
504 1479 623 1559 Σελλής.
654 1479 682 1520 11
695 1481 746 1542 καί
775 1485 869 1554 πίσω,
895 1482 946 1542 καί
962 1482 1188 1563 ἐπιστρέφουσιν
1208 1478 1302 1544 αυτὸν
1319 1477 1382 1543 ἀπὸ

138 1557 294 1648 ἐπορεύετο
318 1556 336 1625 ὁ
358 1556 432 1644 ἀνήρ
456 1558 550 1644 αὐτῆς
568 1558 626 1644 μετ’
653 1557 745 1642 αύτής
775 1565 866 1666 τοῦφ
886 1565 972 1636 ίατος
985 1567 1042 1626 τοῦ
1053 1557 1195 1648 Σεειράμ,
1223 1566 1275 1627 καὶ
1288 1563 1384 1627 Δαυίδ

137 1645 251 1709 κλαίων
276 1642 376 1710 ὀπίσω
402 1641 494 1726 αύτής
518 1648 572 1719 ἕως
589 1648 742 1729 Βαρακίμ.
776 1642 831 1708 οάκ
845 1586 914 1729 η’δει.
939 1641 1383 1750 17καίάπέστρεφετὸνἈβεν·

136 1733 188 1794 καί
201 1728 263 1794 εἶπε
273 1723 350 1814 πρὸς
363 1724 455 1792 αὐτὸν
463 1723 611 1813 Ἀβεννήρ.
634 1722 744 1852 πορεύ-
774 1724 828 1813 νήρ
846 1716 884 1804 ἐἰς
903 1726 1044 1876 Χεβρὼν,
1066 1731 1118 1792 καί
1134 1726 1272 1804 ἐξέκλινεν
1289 1726 1382 1793 αυτὸν

137 1838 185 1888 ου,
199 1809 375 1913 ἀνάστρήφε.
403 1813 454 1911 καί
467 1807 635 1896 ἀνέστρεφε.
661 1815 673 1850 ¹
693 1813 744 1875 καί
771 1808 865 1897 Ἰωάβ
878 1814 910 1875 ἐκ
921 1837 945 1876 π
965 1816 1059 1888 αγίων
1071 1814 1124 1895 τῆς
1134 1806 1239 1891 πύλης,
1252 1811 1380 1892 λαλῆσαι

137 1893 355 1981 εἶπενἈβεννηρ
365 1918 440 1979 προς
449 1890 519 1968 τούς
526 1895 743 1978 πρεσβυτέρους
774 1891 850 1998 πρὸς
863 1891 956 1959 αὐτὸν
971 1890 1136 1979 ἐνεδρεύων.
1170 1897 1221 1957 καί
1234 1891 1381 1966 ἐπάταξεν

133 1975 267 2064 Ἰσραήλ,
280 1979 384 2054 λέγων.
410 1974 483 2059 χθὲς
501 1980 552 2041 καί
562 1982 665 2063 τρίτην
678 1979 743 2060 ἐζη-
774 1977 868 2043 αυτὸν
880 1980 940 2041 ἐκεῖ
953 1982 991 2052 είς
1003 1977 1059 2061 τήν
1070 1973 1168 2060 ψόαν,
1192 1978 1244 2040 καί
1257 1973 1380 2040 ἀπέθα-

135 2072 209 2125 τεῖτε
221 2058 276 2126 τὸν
298 2061 396 2125 Δαυίδ
413 2053 572 2146 βασιλεύειν
596 2058 640 2141 ἐφ’
659 2055 740 2142 ύμάς.
774 2064 918 2143 νενέντῷ
931 2065 1035 2142 αἵματι
1052 2057 1167 2143 Ἀσαήλ
1180 2063 1236 2123 τοῦ
1249 2056 1381 2139 ἀδελφοῦ

135 2144 229 2208 11καί
241 2148 292 2209 νῦν
310 2138 469 2250 ποιήσατε,
495 2138 543 2208 ὅτι
560 2139 660 2229 κύριος
673 2139 741 2207 ἐλά·
772 2139 870 2229 Ἰωάβ.
896 2144 979 2208 211καί
991 2141 1097 2227 ήκουσε
1110 2143 1210 2208 Δαυίδ
1219 2140 1293 2224 μετὰ
1305 2147 1380 2207 ταύ-

137 2227 206 2311 λησε
219 2231 286 2314 περὶ
298 2227 409 2303 Δαυιδ,
435 2226 536 2304 λέγων.
562 2230 592 2291 ἐν
603 2229 675 2311 χειρί
685 2230 742 2289 τοῦ
773 2251 822 2301 τα,
835 2230 887 2292 καί
905 2225 992 2291 εἶπεν.
1022 2222 1130 2301 ἀθῶός
1146 2230 1201 2308 εἶμι
1219 2223 1277 2303 ἐγώ
1296 2221 1379 2306 καίή

136 2306 248 2376 δούλου
261 2337 321 2392 μου
339 2311 437 2375 Δαυίδ
452 2305 543 2374 σοίσω
557 2309 611 2376 τὸν
620 2305 742 2410 Ἰσραήλ
772 2309 908 2397 βασιλεία
920 2335 978 2391 μου
996 2306 1059 2375 ἀπὸ
1079 2313 1181 2393 κυρίου
1199 2311 1250 2373 καί
1263 2313 1319 2382 ἕως
1331 2311 1380 2371 αῖ-

136 2397 179 2497 ἕκΙ
192 2392 285 2480 χειρὸς
302 2390 492 2474 ἀλλοφύλων,
518 2396 570 2458 καί
592 2395 625 2457 ἐκ
648 2416 742 2477 χειρος
773 2397 849 2469 οἶνος
862 2389 925 2458 ἀπὸ
939 2396 1002 2458 τῶν
1021 2387 1157 2494 αίμάμων
1163 2386 1298 2498 Ἀβεηνήρ
1312 2393 1379 2455 υίού

135 2501 256 2543 παντων
281 2483 343 2543 τῶν
368 2481 486 2564 ἐχθρῶν
510 2474 618 2541 αὐτῶν.
649 2477 677 2518 ¹⁹
691 2479 742 2539 καί
773 2471 854 2562 Νήρ.
880 2477 910 2519 11
930 2499 1205 2560 καταντησατωσαν
1222 2478 1272 2541 επὶ
1282 2500 1381 2554 ,κεφα-

136 2557 278 2645 ἐλάλησεν
292 2558 428 2647 Ἀβεννήρ
443 2563 473 2624 ἐν
485 2572 548 2634 τοῖς
561 2557 619 2625 ὠσί
631 2563 742 2622 Βενια-
774 2558 828 2642 λήν
848 2557 942 2646 Ἰωάβ
959 2562 1012 2626 καί
1030 2562 1080 2625 ἐπὶ
1100 2554 1201 2625 πάντα
1222 2555 1276 2624 τὸν
1299 2557 1382 2624 οίκον

134 2648 191 2725 μίν,
211 2649 262 2709 καί
274 2639 423 2726 ἐπορεύθη
432 2640 566 2728 Ἀβενν’ρ
578 2645 635 2706 τοῦ
649 2641 742 2744 λαλή-
775 2643 956 2729 τοῦπατρὸς
969 2641 1077 2719 αύτοιῖ,
1088 2648 1140 2711 καί
1152 2639 1192 2726 μή
1207 2642 1335 2707 ἐκλείποι
1349 2644 1381 2704 ἐκ

135 2752 185 2792 σαι
199 2732 237 2801 είς
251 2725 290 2790 τά
303 2717 369 2790 ὦτα
383 2731 439 2789 τοῦ
454 2670 550 2788 Δαυίίλ
563 2729 602 2798 εἶς
616 2728 744 2810 Χεβρων
773 2730 830 2790 τοῦ
840 2727 928 2791 οἴκου
937 2723 1032 2812 Ἰωάβ
1039 2725 1198 2812 νονορρυής
1211 2729 1262 2790 καί
1275 2721 1382 2808 λεπρὸς

134 2805 235 2874 πάντα
252 2805 312 2872 ὅσα
331 2807 432 2892 ἤρεσεν
450 2811 480 2870 ἐν
498 2805 669 2889 ὀφθαλμοῖς
682 2806 743 2872 Ἰσ
773 2812 826 2874 καὶ
838 2814 958 2896 κρατῶν
972 2806 1129 2892 σκυτάλης,
1155 2811 1206 2871 καί
1217 2813 1338 2871 πίπτων
1350 2809 1381 2869 ἐν

134 2892 214 2977 ραήλ
227 2893 320 2957 καὶέν
335 2890 514 2975 ρφθαλμοῖς
531 2891 616 2954 οίκου
632 2896 742 2955 Βενια-
774 2894 910 2977 ῥομφαίᾳ
942 2893 993 2958 καί
1021 2885 1232 2973 ἐλασσούμενος
1269 2887 1378 2970 ἀρτοις.

133 2981 191 3058 μίν.
217 2977 248 3019 ²⁰
263 2979 313 3039 καί
331 2975 423 3058 ήλθεν
437 2970 570 3060 Ἀβεννήρ
588 2973 663 3057 πρὸς
677 2981 742 3038 Aa·
774 2978 805 3020 ³⁰
815 2974 907 3062 Ἰωίιβ
917 2975 951 3040 δὲ
962 2978 1012 3039 καί
1018 2970 1172 3060 Ἀβεσσίιὸ
1184 2967 1310 3051 ἀδελφὸς
1323 2966 1379 3036 αύ-

133 3059 183 3122 υίδ
194 3063 232 3132 είς
246 3055 374 3142 Χεβρών
391 3061 442 3121 καί
458 3054 516 3138 μετ’
539 3055 635 3121 αὐτοῦ
650 3060 740 3123 είκοσι
772 3063 827 3124 τοῦ
859 3061 1128 3141 δεαπαρετηροῦντο
1160 3054 1214 3119 τὸν
1242 3053 1378 3156 Ἀβεννήρ

134 3139 245 3226 ἀνδρες.
271 3143 322 3203 καί
336 3143 455 3223 ἐποίησε
469 3140 565 3205 Λαυίδ
576 3145 622 3224 τῷ
641 3139 741 3245 Ἀβενν
772 3139 840 3205 ἀνθ’
858 3131 900 3205 ὧν
923 3136 1097 3204 ἐθανάτωσε
1119 3135 1171 3201 τὸν
1187 3136 1302 3222 Ἀσαήλ
1323 3163 1378 3201 τον

132 3220 187 3307 νήρ
202 3226 329 3296 καὶτοῖς
345 3219 469 3307 ἀνδράσι
486 3233 551 3298 τοῖς
567 3222 624 3305 μετ’
643 3228 741 3290 αυτοῦ
772 3222 902 3304 ἀδελφὸν
926 3218 1028 3288 αὐτῶν
1053 3223 1085 3285 ἓν
1110 3218 1254 3306 Γαβαὼν,
1279 3225 1310 3285 ἐν
1333 3224 1378 3302 τῷ

131 3303 240 3372 πάτον.
254 3309 281 3348 11
289 3308 340 3372 καί
352 3304 572 3412 εἶπενἈβεννήρ
584 3307 661 3394 πρὸς
675 3315 740 3373 Λα-
771 3305 900 3388 πολέμῳ.
914 3302 1077 3369 11καίεῖπε
1090 3304 1188 3369 Δαυίδ
1198 3303 1276 3390 πρὸς
1285 3301 1379 3389 Ἰωάβ

132 3392 187 3455 υίδ.
217 3387 424 3475 ἀναστήσομαι
444 3392 479 3476 δη
493 3395 544 3455 καί
555 3389 739 3477 πορεύσομαι
772 3392 823 3455 καί
846 3389 922 3474 πρὸς
947 3383 1051 3452 πάντα
1072 3384 1125 3453 τὸν
1143 3386 1218 3452 λαὸν
1238 3383 1293 3452 τὸν
1316 3384 1374 3470 μετ’

131 3479 183 3541 καί
196 3480 390 3559 συναθροίσω
404 3472 481 3559 πρὸς
500 3469 602 3558 κύριόν
612 3502 672 3559 μου
685 3472 739 3539 τὸν
773 3469 876 3538 αὐτοῦ.
904 3467 1076 3558 διαβρήξατε
1101 3470 1142 3536 τά
1160 3466 1265 3555 ίμάτια
1288 3467 1378 3553 ὑμῶν,

132 3560 257 3644 βασιλέα
268 3555 371 3624 πάντα
380 3555 513 3642 Ἰσραήλ,
527 3562 577 3623 καί
590 3557 740 3642 διαθήσο-
772 3559 822 3621 καί
833 3553 1039 3642 περιζώσασθε
1058 3551 1195 3629 σάκκους,
1209 3558 1260 3620 καί
1271 3550 1378 3620 κόπτε»

132 3669 185 3724 μαι
204 3641 263 3724 μετ’
285 3639 382 3705 αὐτοῦ
401 3637 558 3724 διαθήκην,
583 3646 635 3706 καί
652 3647 740 3728 βασι·
773 3650 830 3706 σθε
844 3635 1125 3725 ἐνάπιονἈβεννήρ.
1145 3639 1198 3701 καὶ
1212 3634 1230 3702 ὅ
1241 3633 1379 3723 βασιλεύς

133 3721 241 3798 λεύσεις
255 3728 305 3788 ἐπί
319 3728 408 3788 πᾶσιν
421 3724 464 3798 οίς
478 3721 646 3806 ἐπιθυμεῖή
660 3720 739 3808 ψυχή
774 3724 872 3788 Λαυίδ
896 3718 1051 3808 ἐπορεύετο
1076 3720 1176 3785 ὀπίσω
1194 3724 1247 3802 τῆς
1271 3719 1375 3799 κλίνης.

136 3833 200 3872 σου.
229 3811 280 3871 καί
297 3803 449 3871 ἀπέστειλε
466 3808 564 3872 Δαυίδ
574 3805 628 3872 τὸν
640 3805 741 3892 Ἀβεν-
773 3808 867 3871 11καί
883 3803 1037 3871 θάπτουσι
1055 3800 1300 3890 τὸνἈβεννήρέν
1314 3806 1377 3864 Χε-

134 3887 199 3974 νήρ,
221 3893 272 3954 καί
293 3887 442 3975 ἐπορεύθη
464 3893 494 3954 ἐν
517 3887 621 3997 εἰρήνη.
649 3894 679 3932 11
691 3893 741 3954 καί
773 3884 860 3991 βρών.
885 3892 937 3955 καί
948 3877 1045 3985 ήρενίι
1062 3886 1199 3974 βασιλεὺς
1210 3885 1265 3969 τήν
1277 3880 1378 3966 φωνήν

136 3972 201 4037 ἰδού
216 3977 247 4037 οί
258 3973 360 4048 παῖδες
374 3974 472 4039 Δαυὶδ
483 3979 533 4040 καί
552 3975 637 4060 Ιωάβ
647 3997 741 4057 παρε-
775 3977 870 4037 αυτού
897 3977 948 4038 καί
973 3971 1112 4036 ἔκλαυσεν
1124 3973 1175 4035 ἐπί
1199 3973 1256 4034 τοῦ
1278 3964 1378 4048 τάφου

134 4060 259 4135 γένοντο
286 4059 317 4121 ἐκ
343 4062 395 4143 τῆς
420 4058 542 4133 ἐξοδίας,
567 4062 619 4124 καί
646 4056 741 4121 σκῦλα
775 4053 884 4132 αὐτοῦ,
910 4057 962 4122 καί
979 4055 1102 4119 ἐκλουσε
1119 4059 1180 4128 πᾶς
1198 4049 1215 4116 ὁ
1236 4047 1309 4127 λαὸς
1328 4051 1379 4115 ἐπί

135 4139 236 4206 πολλὰ
249 4144 354 4246 ἔφερον
365 4139 430 4222 μεθ’
447 4143 569 4205 ἑαυτῶν.
583 4142 634 4205 καί
643 4136 741 4224 Ἀβεν-
769 4137 913 4226 Ἀβεννήρ.
940 4140 1026 4204 33καί
1037 4135 1201 4223 ἐθρήνησεν
1214 4134 1232 4202 ὁ
1243 4131 1380 4223 βασιλεύς

136 4222 190 4311 νήρ
216 4224 271 4289 οίικ
293 4249 329 4308 ην
345 4223 417 4306 μετά
437 4224 533 4288 Λαυίδ
548 4228 587 4297 εἷς
603 4220 741 4307 Χεβρών,
775 4220 985 4308 ἐπίἈβεννήρ,
1010 4226 1062 4286 καί
1079 4220 1164 4286 εἶπεν.
1192 4225 1219 4283 εἲ
1234 4217 1314 4285 κατά
1328 4215 1380 4282 τὸν

135 4304 182 4371 ὅτι
198 4305 375 4372 ἀπεστάλκει
395 4306 504 4384 αὐτὸν,
524 4309 575 4370 καί
592 4301 742 4387 ἀπεληλύ·
774 4301 910 4370 θάνατον
932 4301 1047 4391 Νάβαλ
1064 4303 1262 4369 ἀποθανεῖται
1281 4300 1379 4386 Ἀβεν-

87 4449 89 4452 ,
133 4387 347 4482 θειένεῖρήνη.
386 4386 742 4474 13καίἸωίιβκαίπᾶσα
774 4384 846 4475 νήρ,Ι
872 4387 951 4452 3’1αιῖ
967 4391 1057 4473 χεῖρές
1076 4413 1129 4452 σου
1151 4382 1206 4450 ούκ
1221 4386 1380 4466 ἐδέθησαν,

132 4469 150 4558 ή
165 4471 292 4560 στρατιὰ
310 4472 403 4538 αὐτοῦ
417 4473 567 4557 ἤλθοσαν,
578 4476 628 4538 καί
642 4469 740 4554 ἀπηγ·
773 4477 804 4536 οί
816 4469 906 4550 πόδες
919 4497 974 4537 σου
985 4471 1040 4536 ούκ
1051 4476 1081 4536 ἐν
1092 4470 1204 4544 πέδαις.
1216 4465 1252 4532 οὗ
1265 4469 1379 4554 προςή

1288 4572 1378 4628 μανι-ν
