2924 4972
100 314 271 330 ‘-
457 219 661 283 ΕΣΘΗΡ
700 213 966 302 Κεφ.ζ’.η’.7.8.
1273 226 1338 290 547

94 332 260 412 Βουγαθάν
276 334 315 409 είς
327 339 387 399 τῶν
402 328 546 437 εὑνοόχων
557 331 635 419 πρὸς
646 333 698 399 τὸν
731 339 867 409 θιοπίας,
877 332 985 398 ἑκατὸν
994 333 1162 400 εἰκοσιεπτά
1170 332 1339 421 σατράπαις

87 416 219 506 βασιλέα.
238 416 304 482 ίδοὺ
316 420 368 482 καὶ
376 416 465 494 ξόλον
479 413 697 500 ητοίμασενἈ-
731 412 810 480 κατὰ
821 411 921 500 χώραν
932 420 984 481 καὶ
998 412 1110 503 χώραν,
1123 416 1201 482 κατά
1214 416 1270 503 τῆν
1283 418 1339 486 αὑ-

87 498 147 583 μάν
163 501 354 584 Μαρδοχαίῳ
380 504 425 583 τῳ
448 495 611 581 λαλῆσαντι
628 500 698 583 περί
730 503 792 563 τῶν
804 497 889 575 λιξιν.
909 502 937 541 ¹⁰
951 495 1065 585 ἐγράφη
1078 499 1109 565 δὲ
1122 500 1171 567 διὰ
1184 507 1238 566 τοῦ
1249 505 1339 589 βασι-

88 588 144 648 τοῦ
165 583 325 670 βασιλέως,
350 584 402 647 καί
419 581 566 667 ὤρθωται
584 587 616 648 ἐν
635 592 697 657 τοῖς
730 581 819 657 λέως,
845 581 897 645 καί
920 584 1108 666 ἐσφραγίσθη
1126 588 1170 666 τῷ
1188 584 1337 670 δακτυλίῳ

85 665 177 749 Ἀμάν
194 661 282 744 δόλον
298 671 402 750 πηχῶν
419 667 610 769 πεντῆκοντα.
636 663 697 729 ελπε
731 661 837 728 αὑτοῦ.
850 667 901 728 καί
913 666 1119 740 ἔξαπέστειλαν
1130 667 1169 732 τά
1179 663 1339 753 γράμματα

88 749 121 816 δὲ
137 747 155 814 ὑ
172 745 314 837 βασιλεύς.
341 758 549 833 σταυρωθητω
572 745 617 814 ἐπ’
639 744 697 813 αὖ·
731 745 780 811 διὰ
797 742 1006 833 βιβλιοφόρων,
1030 754 1055 790 ¹¹
1068 747 1110 825 ὥς
1126 752 1264 828 ἐπέταξεν
1281 749 1339 816 αὑ-
1435 816 1446 839 ,

87 837 153 899 τοῦ.
178 834 271 898 10καί
286 828 454 916 έκρεμάσθη
465 828 560 914 ’Λμδιν
577 833 628 896 ἐπὶ
640 835 696 895 τοῦ
730 839 793 904 τοῖς
803 834 934 930 χρῆσθαι
948 842 1010 906 τοῖς
1020 827 1118 914 νόμοις
1126 833 1227 900 αὐτῶν
1236 838 1268 900 έν
1276 829 1338 901 πά-

89 911 217 992 ξὺλουὸ
236 910 404 1001 ῆτοιμάυθη
417 916 619 1000 Μαρδοχαίῳ.
645 915 698 979 καί
731 939 767 1005 οη
791 912 892 989 πολει,
915 916 1073 997 βοηθῆσαί
1096 941 1127 980 τε
1145 915 1262 993 αὐτοῖς,
1286 921 1339 983 καί

88 995 159 1065 τότε
179 995 348 1085 ὑβασιλεὺς
364 994 491 1065 ἐκόπασε
509 1000 567 1065 τοὺ
584 1001 695 1079 θυμοῦ.
729 999 862 1080 χρῆσθαι
888 1005 951 1069 τοῖς
973 995 1130 1073 ἀντιδίκοις
1155 997 1258 1065 αὐτῶν
1285 1001 1339 1065 καί

274 1087 349 1147 ΚΕ
363 1086 402 1148 Φ.
445 1076 502 1145 Η’.
730 1088 795 1152 τοῖς
806 1076 1010 1160 ἀντικειμένοις
1023 1076 1138 1155 αὑτοῖν,
1158 1077 1338 1168 ὑςβοόλον-

91 1131 174 1228 Καί
197 1166 228 1230 έν
253 1160 331 1229 αὑτ”
349 1168 387 1256 τῆ
405 1161 499 1249 ῆμέρῳ
522 1158 540 1229 ὑ
559 1161 696 1249 βασιλεὺς
731 1186 792 1235 ται,
807 1165 835 1203 ¹²
846 1165 876 1225 ἒν
890 1157 984 1245 ῆμέρῳ
995 1166 1048 1245 μιᾷ
1061 1164 1092 1225 έν
1102 1161 1187 1257 πόση
1199 1168 1238 1257 τῆ
1250 1169 1340 1250 βασι-

86 1245 279 1332 ’Λρταξέρξης
301 1190 474 1330 ἕδαρῆσατο
496 1243 612 1351 Ἐσθῆρ
638 1242 696 1311 ὑόα
730 1244 795 1325 λείῳ
815 1241 1027 1329 Ἀρταξέρξου,
1057 1249 1095 1339 τῆ
1118 1243 1338 1340 τριαιαιδεκάτη

90 1326 318 1412 ὑπῆρχενἈμὺν
329 1332 373 1411 τῷ
385 1325 527 1414 διαβόλῳ,
539 1355 590 1393 και
600 1336 695 1412 Μαρ-
730 1330 786 1391 τοῦ
799 1323 968 1392 δωδεκάτου
980 1326 1080 1411 μηνός,
1099 1322 1133 1404 ός
1146 1331 1224 1395 ἐστιν
1235 1327 1337 1413 Ἀδάρ.

90 1413 213 1495 δοχαῖος
237 1438 262 1476 π
326 1407 424 1513 κλῆθη
450 1408 510 1475 ὑπὸ
533 1414 590 1476 τοῦ
608 1415 695 1496 βασι·
730 1412 757 1452 ¹³
769 1399 813 1475 οὑν
826 1412 904 1475 ἐστιν
920 1407 1104 1495 ἀντίγραφον
1115 1417 1167 1494 τῆς
1179 1411 1339 1497 έπιστολῆς

88 1496 173 1569 λέως.
201 1491 261 1559 ὑπ’
315 1519 398 1576 εγαρ
416 1489 539 1576 Εσθῆρ,
559 1488 695 1559 ότιίνοι-
730 1490 769 1557 τά
795 1490 1051 1580 ὑπογεγραμμένα.
1088 1493 1224 1581 βασιλεὺς
1245 1498 1338 1580 μέγας

88 1584 210 1642 κείωται
226 1575 314 1670 αὐτῆ.
340 1575 460 1661 2ἔλαβε
476 1574 508 1640 δὲ
524 1572 695 1724 ὑλδαπλεὺς
724 1575 916 1661 Ἀρταξέρξης
928 1588 991 1651 τοῖς
1003 1574 1066 1642 άπὸ
1080 1582 1133 1661 τῆς
1146 1575 1270 1663 Ἰνδικῆς
1281 1584 1339 1656 έως

89 1658 144 1725 τὸν
157 1655 312 1741 δακτόλιον
323 1654 359 1725 ὃν
371 1654 513 1738 ἇφείλατο
528 1656 537 1679 ’
558 1659 628 1742 μάν,
644 1661 695 1724 καί
730 1664 782 1742 τῆς
790 1661 963 1734 Αἰθιοπίας
976 1657 1085 1725 έκατδν
1098 1661 1267 1727 εἰκοσιεπτά
1280 1687 1337 1730 σα-

88 1745 194 1808 έδωκεν
205 1741 301 1809 αὑτόν
313 1749 374 1809 Μα
445 1747 519 1827 αίῳ,
543 1744 595 1808 καί
604 1746 694 1808 κατέ·
729 1746 883 1827 τραπείαις
894 1746 1001 1827 χωριόν
1013 1742 1149 1827 ἄρχουσι,
1162 1745 1213 1810 καί
1225 1757 1289 1821 τοῖς
1297 1742 1338 1811 τά

87 1852 192 1909 στηοιν
206 1823 320 1910 Ἐοθῆρ
338 1832 382 1891 Μ
469 1838 536 1891 αῖον
553 1823 694 1891 ίπίπάν-
730 1820 855 1911 ῆμέτερα
867 1829 1021 1910 φρονοῦσι,
1032 1833 1150 1911 χαίρειν.
1173 1826 1338 1893 πολλοίτῐ

85 1934 146 1974 των
157 1912 217 1974 τῶν
230 1905 332 1992 Ἀμάν.
359 1910 611 1996 8ιιαίπροςθεῖσα
623 1905 692 1974 ἐλά-
729 1907 852 2002 πλείστη
878 1913 939 1973 τῶν
962 1906 1189 1994 εὑεργετοόντων
1208 1935 1300 1997 χρηστ

86 1992 154 2075 λησε
167 1991 245 2077 πρὸς
258 1992 457 2097 τὸνβασιλέα,
470 1993 693 2079 καὶπρσςέπεσε
729 2014 802 2091 τητικ
833 1986 1011 2077 πυκνότερον
1049 1989 1202 2094 τῳιόμενοι
1233 1996 1336 2098 μεῖζον

85 2074 164 2161 πρὸς
189 2073 259 2150 τοὺς
282 2077 379 2150 ποδας
403 2074 516 2151 αὑτοῦ,
539 2076 592 2141 καί
609 2072 693 2157 ῆξίου
729 2076 911 2157 έφρονησαν,
928 2077 980 2139 καί
992 2072 1028 2140 οίι
1041 2101 1134 2160 μονον
1147 2072 1216 2154 τοὺς
1230 2100 1333 2143 υποτε-

87 2155 204 2238 ὑφελεῖν
229 2156 282 2242 τῆν
302 2157 398 2241 Ἀμὺν
419 2163 543 2232 κακίαν,
566 2158 617 2221 καί
633 2152 693 2222 ὅσα
730 2159 888 2239 ταγμένους
915 2153 984 2240 ῆμΐν
1010 2161 1127 2242 ζητοῦσι
1152 2171 1334 2235 κακοποιεῖν,

86 2244 206 2323 ἐποίησε
222 2253 287 2315 τοῖς
305 2239 470 2314 Ἰουδαίοις.
494 2240 512 2281 ⁴
525 2240 642 2315 ἐξέτεινε
660 2238 692 2304 δέ
728 2235 782 2305 τόν
792 2264 824 2304 τε
836 2235 925 2326 κόρον
938 2237 974 2305 οὑ
988 2240 1141 2322 δυνάμενοι
1153 2238 1264 2328 φέρειν,
1283 2245 1336 2309 καί

86 2319 369 2426 ὁβασιλεὺςἘσθῆρ
379 2320 433 2405 τῆν
442 2317 553 2408 ῥάβδον
561 2319 616 2405 τῆν
622 2348 692 2407 χρυ-
728 2333 792 2398 τοῖς
804 2322 1089 2409 έαυτῶνεὺεργέταις
1098 2328 1270 2410 ἐπιχειροῦσι
1278 2353 1335 2427 μη-

88 2412 152 2487 σῆν.
177 2407 320 2489 ἐξηγέρθη
336 2408 368 2471 δι
383 2403 496 2487 Ἔσθῆρ
512 2407 691 2489 παρεστηνέ-
726 2410 885 2490 χανᾶσθαι.
903 2409 954 2471 καί
965 2407 1020 2510 τῆν
1032 2406 1218 2494 εὐχαριστίαν
1230 2407 1266 2474 οὐ
1278 2436 1334 2492 μο-

87 2513 135 2551 ναι
149 2486 326 2570 τῳβασιλεῖ,
344 2491 358 2532 ³
373 2489 423 2552 καί
435 2484 511 2551 ελπεν
522 2484 644 2574 Ἐσθῆρ.
667 2493 692 2554 εί
727 2513 778 2554 νον
789 2492 822 2553 έκ
833 2494 892 2555 τῶν
901 2488 1333 2578 άνθρωπωνάνταναιροὺντες,

88 2570 171 2632 δοκεῖ
181 2594 239 2646 σοι,
252 2574 302 2635 καί
314 2562 397 2657 εὗρον
408 2566 503 2655 χάριν,
521 2568 690 2655 πεμφθῆτω
728 2570 807 2637 ἀλλά
819 2576 869 2637 καὶ
882 2584 944 2648 τοῖς
957 2579 1016 2638 τῶν
1028 2572 1242 2659 άπειραγάθων
1258 2572 1334 2659 κόμ-

86 2649 318 2736 άποστραφῆναι
332 2654 370 2720 τὰ
381 2651 547 2759 γράμματα,
565 2654 603 2719 τά
617 2652 690 2721 ἀπε»
727 2681 795 2730 ποις
809 2652 1006 2740 ἐπαρθέντες,
1023 2665 1078 2723 τοῦ
1093 2658 1131 2723 τά
1145 2655 1246 2723 πάντα
1259 2684 1333 2723 κατ-

85 2735 234 2817 σταλμένα
260 2732 321 2801 ὑπὸ
341 2736 449 2819 Ἀμαν,
474 2735 513 2803 τά
537 2742 689 2818 γραφέντα
728 2734 906 2814 οπτεόοντος
938 2738 985 2805 άεί
1020 2746 1097 2806 θεοῦ
1130 2737 1333 2826 μισοπόνηρον

84 2817 258 2884 ἀπολέσθαι
270 2817 339 2897 τοὺς
348 2818 522 2896 Ἰουδαίους,
534 2826 568 2885 οἵ
577 2826 647 2886 είσιν
658 2826 689 2888 έν
727 2817 987 2907 ὑπολαμβάνουσιν
1021 2820 1210 2904 ἐκφεύξεσθαι
1240 2825 1331 2907 δίκην.

83 2907 122 2993 τῆ
137 2903 273 3007 βασιλείῳ
286 2930 350 2969 σου.
376 2907 470 2981 ὅπῶς
487 2904 547 2989 γάρ
561 2903 688 2990 δυνῆσο-
726 2903 870 2979 πολλάκις
880 2905 911 2969 δὲ
922 2910 972 2971 καί
981 2906 1115 2982 πολλοὺς
1128 2913 1186 2973 τῶν
1196 2905 1240 2972 ἐπ’
1252 2911 1331 2984 ἕξου-

82 3013 134 3066 μαι
153 2989 221 3052 ἰδεῖν
237 3012 291 3071 την
308 2984 437 3054 κάκωσιν
452 2992 508 3052 τοῦ
525 2988 602 3052 λαοῦ
618 3014 688 3071 μου,
726 2993 803 3062 σίαις
827 2986 1011 3069 τεταγμένων
1034 2996 1094 3054 τῶν
1113 2986 1332 3057 πιστευθέντων

81 3071 133 3133 καί
156 3075 224 3146 πῶς
248 3066 407 3155 δυνῆσομαι
432 3075 571 3155 σωθῆναι
597 3074 628 3135 έν
650 3076 688 3134 τ’
725 3073 849 3154 χειρίζειν
864 3072 959 3152 φίλων
971 3072 1010 3139 τά
1022 3070 1201 3158 πράγματα,
1227 3100 1329 3158 παρα-

83 3151 217 3236 άπωλείῳ
230 3159 283 3238 τῆς
295 3156 441 3240 πατρίδος
452 3179 511 3235 μου
515 3183 528 3232 ,·
553 3157 565 3197 ⁷
578 3155 629 3219 καί
641 3099 688 3217 εἰ
724 3159 821 3233 μυθία
828 3150 966 3239 μετόχους
976 3153 1230 3239 αίμάτωνάθοίιον
1239 3183 1330 3222 κατα·

82 3261 135 3299 πεν
147 3234 164 3302 ὁ
175 3237 311 3323 βασιλεὺς
323 3236 398 3322 πρὸς
408 3233 530 3321 Ἐσθῆρ.
551 3241 576 3301 εί
587 3232 688 3302 πάντα
726 3231 863 3317 στῆσασα
877 3235 1029 3325 περιέβαλε
1042 3251 1209 3326 συμφοραῖς
1222 3239 1330 3323 άνηκέ-

83 3315 122 3382 τὰ
135 3317 307 3403 ὑπάρχοντα
320 3318 413 3401 Ἀμάν
430 3320 529 3383 έδωκα
547 3322 599 3384 καί
618 3323 687 3403 έχα-
725 3341 820 3393 στοις,
844 3323 890 3401 τῳ
902 3326 953 3403 τῆς
965 3329 1145 3404 κακοηθείας
1158 3325 1259 3405 ψευδεῖ
1267 3349 1330 3386 πα-

82 3399 206 3484 ρισάμην
218 3428 280 3476 σοι,
306 3403 358 3466 καί
369 3398 463 3466 αὑτὸν
476 3404 625 3486 ἐκρέμασα
637 3404 687 3466 ἐπὶ
725 3399 897 3502 ραλογισμῳῖ
910 3400 1196 3503 παραλογισαμένων
1204 3406 1260 3485 τῆν
1268 3409 1329 3468 τῶν

82 3478 187 3557 ξόλου,
213 3479 260 3546 ότι
282 3481 335 3558 τάς
358 3495 455 3567 χεῖρας
473 3481 608 3565 έπῆνεγκε
624 3497 687 3561 τοῖς
723 3486 960 3568 έπικρατουντων
984 3483 1125 3568 άκεραιον
1142 3480 1328 3566 εὑγνωμοσό-

80 3561 249 3639 Ἰουδαίοις,
262 3571 293 3629 τί
305 3569 347 3629 ἔτι
359 3568 499 3648 ἐπιζητεῖς
501 3593 514 3643 ,·
527 3564 685 3652 8γρόφατε
723 3591 784 3649 νην.
810 3577 929 3631 σκοπεῖν
940 3565 971 3632 δὲ
984 3570 1111 3644 ἔξεστιν,
1133 3565 1169 3632 οὑ
1181 3571 1329 3633 τοσοῦτον

81 3648 134 3712 καί
148 3645 225 3730 ὑμεῖς
237 3651 270 3711 έκ
283 3651 340 3712 τοῦ
350 3642 495 3727 ὀνόματός
503 3673 570 3729 μου,
584 3647 624 3725 ὡς
634 3653 685 3717 δο-
724 3654 756 3714 ἓκ
768 3654 829 3715 τῶν
841 3647 1051 3736 παλαιοτέρων
1068 3648 1108 3727 ιὺς
1120 3646 1329 3736 παρεδώκαμεν

81 3743 127 3795 κεῖ
137 3727 219 3813 ὑμῖν,
245 3732 296 3794 καὶ
316 3735 499 3811 σφραγίσατε
515 3734 559 3813 τῷ
576 3733 685 3798 δακτυ-
723 3738 877 3819 ἱστοριῶν,
902 3729 963 3799 ὅσα
975 3736 1038 3799 ἐστί
1048 3731 1134 3821 παρὰ
1145 3729 1242 3810 πόδας
1255 3730 1329 3818 ὑμᾶς

81 3816 137 3897 λίῳ
150 3840 216 3899 μου.
236 3810 296 3878 ὅσα
307 3811 366 3899 γάρ
378 3808 522 3898 γράφεται
535 3818 590 3879 τοῦ
601 3818 686 3899 βασι-
722 3820 912 3900 ίκζητοῦντας
934 3815 1062 3894 ἀνοσίως
1085 3815 1327 3903 συντετελεσμένα

81 3898 155 3972 λέως
168 3893 375 3973 ἐπιτάξαντος,
391 3899 442 3962 καί
455 3902 628 4001 σφραγισθῆ
641 3903 686 3983 τῷ
720 3905 759 3994 τῆ
769 3905 830 3965 τῶν
843 3896 949 3977 ἀνάξια
968 3899 1204 3969 δυναστευόντων
1223 3898 1327 3984 λοιμό·

81 3980 229 4064 δακτυλίῳ
241 4006 309 4063 μου,
323 3977 378 4047 οὑκ
388 3983 467 4044 ἔστιν
475 3992 580 4055 αυτοῖς
589 3979 685 4047 άντει-
720 4009 795 4066 τητι,
809 3986 859 4050 καί
871 3979 1020 4070 προςέχειν
1033 3990 1072 4061 είς
1081 3984 1122 4050 τὰ
1133 3983 1206 4069 μετά
1216 3996 1325 4062 ταῦτα,

80 4074 153 4128 πεῖν.
170 4060 371 4147 9έκλῆθησαν
383 4062 414 4129 δέ
428 4067 458 4127 οἱ
464 4077 642 4147 γραμματεῖς
654 4071 685 4132 ἒν
720 4071 759 4142 είς
782 4067 818 4132 τὸ
843 4067 898 4152 τῆν
916 4068 1073 4170 βασιλείαν
1092 4066 1244 4155 άτάραχον
1261 4080 1326 4145 τοῖς

79 4151 124 4229 τῷ
138 4144 250 4230 πρώτῳ
262 4149 339 4230 μηνί,
357 4142 390 4224 ός
402 4152 463 4212 ἐστι
476 4146 585 4225 Νισάν,
599 4155 683 4234 τρίτη
720 4155 810 4216 πᾶσιν
822 4148 993 4235 άνθρωποις
1004 4150 1062 4234 μετ’
1075 4156 1153 4237 είρῆν
1172 4181 1186 4228 ς
1198 4147 1325 4236 παρεξό-

81 4232 132 4296 καὶ
144 4228 235 4295 είκάδι
249 4236 303 4295 τοὺ
317 4229 413 4295 αὑτοῦ
425 4234 518 4307 ἔτους,
532 4236 582 4296 καί
595 4223 683 4315 ἐγρά-
719 4244 800 4314 μεθα
810 4231 951 4318 χρώμενοι
965 4247 1031 4311 ταῖς
1042 4182 1229 4322 μεταβολαῖς,
1239 4232 1278 4299 τά
1292 4233 1323 4299 δέ

80 4339 123 4393 φη
133 4327 195 4388 τοῦς
205 4313 371 4389 Ἰουδαίοις,
383 4310 441 4379 ὅσα
450 4315 610 4380 ἐνετείλατο
620 4327 683 4391 τοῖς
722 4312 780 4379 ὑπὸ
805 4316 859 4400 τῆν
883 4317 956 4400 ὅφιν
973 4315 1113 4404 ἐρχόμενα
1130 4319 1324 4401 διακρίνοντες

80 4393 247 4478 οἰκονόμοις
264 4398 390 4471 καὶτοῖς
409 4396 532 4481 δι’ρχουσι
547 4403 609 4461 τῶν
627 4424 682 4462 σα-
721 4396 767 4462 ἀεὶ
776 4398 833 4479 μετ’
850 4399 1060 4484 ἐπιεικεστέρας
1070 4400 1269 4482 ἀπαντῆσεως.
1283 4395 1324 4472 ὡς

78 4482 214 4565 τραπιόν,
226 4477 290 4571 ἀπὸ
300 4485 349 4559 τῆς
363 4479 481 4563 Ἰνδικῆς
491 4484 545 4554 ἕως
557 4483 608 4563 τῆς
621 4482 681 4544 Αἰ·
718 4477 777 4567 γάρ
791 4479 904 4624 ἈμὺῆΜ
894 4481 1069 4561 Ἀμαδάθου
1087 4479 1238 4624 Μακεδβν
1259 4489 1324 4623 rete

912 4585 944 4623 m
969 4584 987 4623 α
1171 4563 1193 4625 «i
1211 4572 1268 4644 ηθε
1280 4587 1331 4636 αις
