2924 4972
161 237 227 305 878
392 238 669 296 ΕΠΙΣΤΟΛΗ
691 236 947 299 IEPEMIOY.
990 239 1067 310 Κεφ.
1081 240 1118 295 α’.
1139 243 1161 304 1.

270 515 773 626 ΕΠΙΣΤΟΛΗ
836 513 1311 624 ΙΕΡΕΜΙΟΥ.

201 703 214 729 ⁹
351 694 474 755 ΚΕΦ.
507 685 575 755 'Ast
808 714 874 775 ρας,
901 684 934 762 ὃς
956 687 1011 753 τόν
1031 691 1070 760 εἰς
1094 684 1187 751 αῦτόν
1205 685 1422 772 ἁμαρτάνοντα

167 745 385 857 Ᾰντίγραφον
407 773 563 858 ἐπιστολῆς
576 763 610 856 ἧς
636 773 771 839 ἀπίστει·
809 772 864 838 οῦκ
882 767 982 835 ἀνελεῖ
1012 769 1042 813 11
1055 773 1110 852 ἔχει
1129 769 1163 832 δὲ
1183 772 1356 855 ἐγχειρίδιον
1372 772 1422 836 δε-

166 860 213 926 λεν
222 855 361 962 Ἱερεμίας
372 857 448 939 πρὸς
461 855 532 931 τοὺς
545 855 772 941 άχθησομένους
809 858 867 936 ξιᾷ,
893 855 943 918 καί
954 854 1083 918 πέλεκυν.
1110 851 1219 918 ἑαυτὸν
1232 855 1264 918 δὲ
1277 857 1313 918 ἐκ
1325 855 1421 919 πολέ-

168 942 372 1027 αἰχιιαλωτους
389 943 428 1011 εἰς
440 937 615 1085 Βαβχιλῶνα
633 937 696 1003 ῦπό
714 946 772 1005 τοῦ
808 964 866 1021 μου
884 939 936 1000 καί
953 935 1071 1029 ληστῶν
1089 933 1144 999 οῦκ
1163 938 1313 1017 ἐξελεῖται.
1348 937 1422 1003 ὅθεν

167 1023 312 1172 βησιλέως
325 1027 385 1086 τῶν
397 1025 486 1107 Βαβυ
531 1028 610 1094 νίων,
634 1020 773 1099 ἀναγγεῖ-
808 1019 950 1103 γνώριμοί
963 1026 1032 1084 εἰσιν
1044 1017 1098 1094 οῦκ
1111 1017 1191 1093 όντες
1201 1025 1278 1085 θεοί.
1308 1020 1351 1104 μὴ
1366 1012 1422 1086 οῦν

209 1105 337 1181 ιαδτοῖς
355 1100 466 1169 καθότι
486 1098 618 1187 ἐπετάγη
635 1102 720 1188 αύτῷ
739 1102 772 1168 ύ-
810 1107 963 1189 φοβηθῆτε
976 1097 1093 1175 αύτούς.
1118 1100 1246 1188 11ῶςπερ
1259 1101 1323 1188 γάρ
1339 1109 1420 1169 σκεῦ·

168 1190 210 1255 πό
230 1193 285 1254 τοῦ
310 1193 394 1253 θεοῦ.
421 1186 470 1252 διὰ
492 1188 548 1263 τάς
560 1184 719 1271 ἁμαρτίας,
737 1184 773 1262 δίς
810 1211 842 1260 ος
855 1180 1024 1265 άνθρῶπου
1043 1186 1194 1268 συντριβέν
1206 1185 1330 1272 ἀχρεῖον
1343 1194 1419 1264 γίνε-

168 1267 356 1358 ἱημαρτηκατε
369 1274 504 1335 ἐναντίον
517 1274 572 1335 τοῦ
586 1269 773 1354 θεοῦάχθη-
809 1294 876 1343 ται,
900 1269 931 1311 11
944 1273 1077 1333 τοιοῦτοι
1099 1263 1284 1353 ὑπάρχουσιν
1302 1274 1335 1334 οἱ
1352 1271 1420 1336 θεοί

169 1367 255 1422 σεσθε
273 1360 311 1431 εἰς
325 1355 496 1457 Βαβυλῶνα
515 1351 698 1437 αἰχμάλωτοι
713 1351 770 1417 ὑπὸ
810 1351 925 1426 αὐτῶν,
950 1353 1174 1436 καθιδρυμένων
1193 1351 1297 1418 αὐτῶν
1312 1358 1346 1419 ἐν
1357 1365 1419 1429 τοῖς

168 1440 444 1526 Ναβουχοδονοσορ
457 1437 604 1523 βασιλέως
622 1440 684 1502 τῶν
702 1442 772 1501 Βα-
810 1437 913 1509 οἴκοις.
940 1438 972 1498 οἱ
1000 1434 1154 1516 ὀφθαλμοί
1174 1434 1276 1500 αὐτῶν
1300 1437 1418 1522 πλήρεις

84 1571 91 1581 .
167 1523 326 1610 βυλωνίων.
363 1515 565 1593 2εἰςελθόντες
585 1509 640 1584 οῦν
651 1525 690 1594 εἰς
703 1525 771 1585 Βα-
810 1520 863 1582 εἰσί
880 1523 1037 1602 κονιορτοῦ
1059 1515 1122 1582 ἀπό
1146 1523 1208 1583 τῶν
1232 1520 1343 1584 ποδῶν
1359 1525 1418 1585 τῶν

168 1606 287 1692 βυλιῦνα
315 1606 417 1667 ἔσεσθε
435 1605 495 1666 ἐκεῖ
510 1605 561 1686 ε”τη
584 1601 709 1666 πλείονα
722 1605 773 1667 καί
810 1604 1059 1685 εἰςπορευομένων.
1097 1600 1299 1688 11καίιὶίςπερ
1315 1601 1416 1686 τινίἦ-

169 1684 277 1792 χρόνον
288 1684 412 1788 μακρόν,
427 1689 481 1760 ἕως
492 1689 597 1762 γενεῶν
610 1682 695 1748 ἑπτά.
722 1710 773 1768 με-
810 1682 940 1767 δικηκότι
963 1684 1109 1771 βασιλέα,
1147 1691 1417 1772 περιπεφραγμένοι

170 1796 209 1836 τα
223 1775 313 1835 τοῦτο
331 1769 364 1833 δε
382 1767 477 1844 ἐξάξω
498 1765 571 1852 ὑμᾶς
588 1770 697 1832 ἐκεῖθεν
712 1767 770 1852 μετ’
810 1769 880 1832 εἰσίν
894 1771 928 1833 αἱ
940 1769 1040 1833 αῦλαί.
1056 1764 1097 1841 ιῦς
1110 1770 1160 1831 ἐπί
1174 1767 1308 1854 θανάτῳ
1319 1769 1416 1854 ἀπηγ·

171 1855 292 1937 εἰρέμης.
321 1853 412 1916 3νυνί
429 1850 461 1914 δὲ
481 1849 595 1933 όφιεσθε
615 1855 647 1916 ἐν
665 1856 773 1937 Βαβυ-
810 1853 896 1934 μένῳ.
939 1852 1010 1926 τοὺς
1028 1852 1126 1924 οἴκους
1143 1851 1245 1918 αὐτῶν
1259 1851 1416 1937 όχυροῦσιν

170 1937 243 2000 λῶνι
257 1931 345 2008 θεούς
358 1935 506 2020 ἀργυροῦς
519 1936 571 1998 καί
581 1939 708 2018 χρυσοῦς
722 1937 773 1999 καί
812 1937 842 1998 οἱ
863 1940 945 2018 ἱερεῖς
963 1930 1126 2035 θυρῶμασί
1148 1960 1179 1998 τε
1197 1940 1249 2001 καί
1267 1938 1417 2024 κλείθροις

170 2018 303 2094 ξυλίνους
320 2018 364 2082 ἔπ’
391 2016 480 2097 ὤμοις
507 2019 692 2099 αἰρομένους,
716 2018 773 2081 δει-
813 2019 862 2080 καί
873 2015 1009 2100 μοχλοῖς,
1035 2015 1117 2091 ὅπως
1137 2015 1197 2081 ῦπό
1215 2024 1279 2083 τῶν
1299 2020 1418 2115 ληστιῦν

170 2095 293 2174 κνύντας
312 2096 406 2185 φόβον
423 2110 488 2173 τοῖς
505 2103 630 2164 ἔθνεσιν.
655 2098 773 2164 1εάλα-
809 2099 849 2183 μη
877 2100 1057 2181 συληθῶσιν.
1097 2100 1125 2142 11
1138 2096 1262 2185 λύχνους
1286 2109 1417 2177 καίουσι,

169 2179 280 2270 βηθητε
293 2174 346 2248 οῦν
358 2182 396 2267 μίχ
412 2183 461 2246 καί
473 2180 549 2265 ὑμεῖς
562 2180 774 2264 ἀφομοιωθὲν-
811 2186 861 2247 καί
872 2182 992 2258 πλείους
1007 2181 1025 2267 ἢ
1038 2185 1170 2259 ἑαυτοῖς,
1184 2175 1228 2250 ῶν
1242 2184 1353 2253 οῦδένα
1365 2184 1417 2252 δῦ·

170 2291 216 2340 τες
229 2279 290 2340 τοῖς
299 2263 480 2346 ἀλλοφύλοις
493 2263 774 2369 ἀφομοιωθητε,καί
812 2288 913 2330 νανται
928 2267 1003 2331 ἰδεῖν.
1036 2269 1064 2308 ¹⁹
1078 2269 1140 2330 ἐστι
1152 2267 1205 2348 μὲν
1217 2267 1313 2354 ῶςπερ
1328 2267 1418 2345 δοκὸς

170 2345 263 2435 φόβος
284 2346 357 2432 ῦμᾶς
370 2348 449 2441 λάβη
462 2346 505 2412 ἐπ’
524 2361 643 2423 αυτοῖς,
669 2345 774 2414 1ἰδόν-
810 2353 871 2411 τῶν
884 2353 915 2413 ἐκ
928 2354 980 2433 τῆς
992 2353 1096 2424 οἰκίας,
1109 2349 1165 2426 τάς
1176 2349 1208 2416 δέ
1220 2354 1348 2438 καρδίας
1360 2351 1418 2418 αῦ-

170 2457 223 2506 τας
236 2431 327 2516 ὄχλον
338 2436 510 2514 ἔμπροσθεν
519 2434 569 2495 καί
578 2430 706 2496 όπισθεν
720 2430 772 2496 αῦ-
811 2435 872 2495 τῶν
893 2457 982 2511 φασιν
1001 2433 1183 2517 ἐκλείχεσθαι
1200 2439 1261 2499 τῶν
1278 2435 1342 2500 ἀπὸ
1362 2445 1418 2519 τῆς

169 2520 229 2579 τῶν
252 2521 486 2597 προςκυνοῦντας
504 2510 591 2578 αὐτά.
619 2517 718 2579 είπατε
740 2515 772 2580 δὲ
809 2519 862 2597 γης
875 2515 1023 2617 ἑρπετῶν,
1037 2517 1242 2580 κατεσθόντων
1254 2516 1370 2590 αὐτούς
1383 2544 1418 2582 τε

169 2603 206 2690 τῇ
221 2599 345 2680 διανοίᾳ.
366 2599 416 2662 σοί
428 2599 472 2662 δεῖ
482 2610 653 2680 προςκυνεῖν
665 2598 772 2664 δέσπο-
810 2599 860 2661 καί
871 2598 1090 2682 τονὶματισμόν
1106 2597 1206 2663 αὐτῶν
1221 2596 1276 2662 οῦκ
1293 2597 1416 2662 αἰσθά-

169 2706 218 2745 τα.
251 2678 369 2761 6όγιίιρ
389 2679 510 2758 άγγελός
528 2707 588 2763 μου
604 2679 669 2762 μεθ’
693 2679 772 2763 ῦμῶν
810 2705 918 2745 νονται.
945 2684 975 2725 ²⁰
987 2683 1213 2764 μεμελανωμένοι
1235 2679 1270 2744 τό
1287 2678 1416 2764 πρόςω·

171 2767 262 2835 ἐστιν,
296 2761 386 2837 αάτός
404 2789 434 2827 τε
453 2767 580 2845 ἐκζητῶν
598 2763 652 2839 τάς
672 2765 772 2848 ψυχάς
808 2789 869 2829 πον
888 2763 988 2828 αὐτῶν
1010 2765 1074 2831 ἀπὸ
1096 2771 1149 2830 τοῦ
1170 2768 1284 2830 καπνοῦ
1308 2768 1366 2828 τοῦ
1382 2768 1416 2829 ἐκ

170 2841 259 2925 ῦμῶν.
275 2846 415 2922 1γλῶσσα
426 2845 485 2930 γάρ
500 2844 602 2909 αὐτῶν
616 2850 678 2910 ἐστι
690 2873 770 2910 κατε·
809 2851 861 2929 της
886 2853 988 2922 οἰκίας.
1021 2852 1112 2913 11ἐπί
1136 2847 1172 2914 τό
1199 2852 1285 2929 σῶμα
1313 2845 1415 2913 αῦτῶν

168 2929 288 3010 ξυσμένη
303 2925 362 2992 ῦπό
376 2931 526 3002 τέκτονος,
554 2925 633 2993 αῦτά
648 2954 678 2993 τε
690 2935 769 3014 περί-
808 2930 976 3013 καίέπίτην
985 2929 1113 3013 κεφαλὴν
1124 2931 1226 2996 αὐτῶν
1235 2934 1414 3012 ἐφίπτανται

165 3035 260 3094 χρυσα
273 3013 324 3074 καί
340 3009 534 3095 περιάργυρα,
554 3013 649 3095 ψευδῆ
663 3010 692 3076 δ’
709 3016 771 3078 ἐστί
808 3014 983 3096 νυκτερίδες,
1008 3012 1163 3098 χελιδόνες,
1192 3011 1296 3079 καὶτὰ
1312 3013 1414 3097 ὄρνεα,

167 3094 218 3153 καί
230 3092 267 3156 οῦ
283 3091 421 3156 δύνανται
440 3095 547 3159 λαλεῖν.
582 3093 770 3179 Βκαίῶςιτερ
808 3091 947 3171 ὡςαύτως
966 3097 997 3162 δὲ
1015 3100 1065 3160 καὶ
1080 3102 1111 3160 οἱ
1129 3097 1280 3182 αἴλουροι,
1308 3093 1414 3161 22ὅθεν

166 3178 310 3257 παρθένῳ
318 3172 767 3263 φιλοκόσμῳλαμβάνοντεςχρυ-
804 3175 955 3255 γνῶσεσθε
977 3177 1023 3243 ότι
1047 3178 1101 3242 οἰκ
1123 3183 1179 3245 εἰσί
1200 3187 1279 3244 θεοί.
1306 3176 1346 3262 μὴ
1360 3170 1413 3244 οῦν

166 3261 242 3331 σίον,
266 3256 535 3333 1’κατασκευάζουσι
547 3255 711 3339 στεφάνους
721 3265 770 3327 ἐπὶ
805 3266 946 3346 φοβεῖσθε
958 3258 1044 3324 αὐτά.
1085 3264 1115 3303 ²³
1129 3259 1162 3324 τό
1174 3261 1234 3344 γάρ
1245 3269 1374 3345 χρυσίον
1395 3257 1413 3327 ῦ

163 3336 217 3414 τός
229 3339 358 3421 κεφαλὰς
371 3346 432 3405 τῶν
444 3347 524 3406 θεῶν
538 3340 648 3407 αὐτῶν.
662 3349 724 3409 ἐστι
737 3347 768 3410 δέ
803 3350 973 3424 περίκεινται
986 3347 1024 3416 εἰς
1036 3337 1156 3417 κάλλος,
1183 3342 1237 3407 ἐὰν
1249 3342 1291 3427 μή
1306 3371 1353 3420 τις
1364 3349 1412 3410 ἐν·

165 3426 216 3487 καί
240 3421 290 3488 ὅτε
313 3421 524 3510 ῦφαιρούμενοι
547 3430 577 3490 οἱ
600 3430 679 3511 ἱερεῖς
705 3425 767 3493 ἀπὸ
802 3423 880 3518 μάξη
892 3424 945 3489 τόν
959 3424 1015 3500 ἰόν,
1033 3422 1070 3490 οῦ
1083 3422 1124 3509 μη
1138 3425 1327 3506 στίλφωσιν,
1343 3425 1413 3493 οῦδὲ

164 3510 225 3569 τῶν
243 3514 325 3571 θεῶν
342 3507 441 3573 αὐτῶν
460 3515 581 3594 χρυσίον
605 3512 656 3573 καί
675 3507 768 3593 ἀργύ-
802 3508 871 3595 γάρ,
882 3505 931 3574 ότε
944 3504 1326 3601 ἐχωνεύοντο,βσθάνοντο.
1343 3509 1412 3574 11έκ

164 3611 229 3668 ριον
241 3593 279 3660 εἰς
293 3587 419 3663 ἑαυτούς
433 3592 646 3666 καταναλοῦσι,
672 3593 765 3657 ¹⁰6&-
801 3589 900 3677 πάσης
914 3597 995 3677 τιμῆς
1006 3590 1198 3678 ἧγορασμένα
1212 3595 1306 3667 ἐστίν,
1319 3597 1352 3656 ἐν
1364 3595 1414 3667 οἱς

163 3691 248 3731 σουσι
260 3669 291 3732 δέ
305 3668 357 3734 ἀπ’
379 3671 479 3738 αὐτῶν
497 3676 548 3737 καί
566 3686 631 3749 ταῖς
650 3677 699 3739 ἐπὶ
712 3682 767 3742 τοῦ
802 3674 858 3739 οῦκ
873 3681 936 3740 ἔστι
950 3680 1074 3756 πνεῦμα.
1120 3678 1149 3718 ²⁵
1165 3673 1232 3740 ἀνευ
1245 3675 1346 3738 ποδῶν
1358 3675 1408 3738 ἐπ’

161 3752 280 3847 στέγους
293 3750 426 3834 πόρναις.
440 3761 589 3835 κοσμοῦσί
600 3782 630 3820 τε
644 3757 765 3835 αὐτούς,
802 3756 893 3840 ῶμοις
906 3762 1046 3841 φέρονται
1060 3759 1260 3839 ἐνδεικνύμενοι
1272 3753 1325 3841 τὴν
1337 3759 1412 3821 ἐαυ-

161 3854 202 3930 ιρς
224 3830 410 3916 ἀνθρώπους
434 3849 497 3911 τοῖς
515 3836 653 3919 ἐνδύμασι
675 3841 765 3916 θεοὺς
801 3845 864 3905 τῶν
877 3840 997 3923 ἀτιμίαν
1010 3855 1073 3917 τοῖς
1091 3839 1278 3926 ἀνθρώποις,
1306 3838 1412 3924 αἰσχύ·

160 3920 318 3995 αργυροῦς,
333 3920 383 3980 καὶ
396 3918 483 3993 θεοὺς
497 3928 636 4002 χρυσοῦς,
650 3927 699 3987 καί
712 3926 763 3998 ξυ-
800 3930 905 3988 νονταί
921 3950 952 3989 τε
971 3927 1022 3988 καί
1042 3930 1072 3989 οἱ
1084 3922 1295 4009 θεραπεύοντες
1318 3922 1412 3999 αὐτόν,

159 3991 283 4093 λίνρνςη
294 4001 318 4036 ¹¹
358 3991 371 4020 ²
446 4001 479 4065 δὲ
506 4002 541 4067 ού
568 4003 762 4081 διασώζονται
799 4004 948 4081 26διόιτό,
964 4005 1411 4112 εἰποτεέπίτηνγηνπέσχ,μι“η

158 4101 221 4139 απο
235 4081 288 4179 ἰου,
297 4081 347 4142 καί
360 4078 543 4166 βρωμάτων,
556 4090 763 4175 περιβεβλημέ-
799 4089 834 4154 δι’
852 4088 953 4153 αὐτῶν
971 4089 1165 4156 ἀνίστασθαι.
1204 4088 1275 4172 μήτε
1301 4093 1354 4155 ίαν
1367 4116 1412 4165 τις

156 4182 216 4264 νων
252 4166 353 4259 αυτιῦν
385 4167 543 4249 ἱματισμόν
577 4179 762 4256 πορφυροῦν.
799 4173 875 4238 αὐτὸ
891 4171 987 4260 όρθόν
1005 4172 1115 4270 στηση,
1140 4173 1174 4240 δι’
1198 4177 1310 4240 ἑαυτοῦ
1328 4200 1411 4257 κινη·

155 4241 391 4342 11εκμρισσονται
416 4246 453 4313 τὸ
475 4251 637 4334 πρόςωπον
663 4255 763 4320 αὐτῶν
797 4255 936 4340 θήσεται,
960 4254 1030 4361 μητε
1050 4261 1103 4324 ἐὰν
1117 4258 1222 4340 κλιθῆ,
1249 4256 1285 4323 ού
1298 4255 1333 4340 μ’
1353 4254 1411 4342 ὀρ-

154 4322 204 4386 δια
222 4349 277 4389 τον
297 4328 329 4390 ἐκ
348 4333 400 4413 τῆς
420 4336 514 4406 οἰκίας
534 4335 702 4419 κονιορτόν,
729 4337 762 4416 ὅς
795 4347 909 4424 θωθῆ,
936 4341 994 4405 ἀλλ
1022 4339 1117 4427 ῶςπερ
1137 4330 1248 4427 νεκροῖς
1266 4338 1304 4404 τόν
1321 4285 1410 4427 δῶρα

153 4408 219 4472 ἐστι
244 4409 397 4515 πλείωέίπ
416 4411 526 4489 αὐτοῖς.
554 4417 581 4457 ¹³
594 4421 645 4483 καί
664 4426 760 4507 σκῆπ-
795 4413 902 4500 αύτόῖς
914 4432 1129 4509 παρατίθεται,
1142 4428 1172 4468 ²⁷
1186 4423 1241 4499 τιίς
1253 4423 1284 4488 δέ
1298 4431 1410 4500 θυσίας

151 4511 225 4575 ¹9⁰⁹
247 4495 303 4578 ‘'l“
322 4523 363 4574 ως
387 4497 556 4586 ἅνθρωπος
574 4499 673 4590 νριτίγς
697 4502 758 4591 χού-
777 4538 779 4546 ·
795 4508 899 4575 αὐτῶν
923 4504 1105 4591 ἀποδόμενοι
1136 4512 1168 4574 οἱ
1198 4511 1281 4594 ἱερεῖς
1308 4507 1409 4574 αἰτῶν

1312 4613 1406 4658 κατα
