2924 4972
157 209 222 277 328
390 212 678 277 ΒΛΣΙΛΕΙΩΝ
703 211 933 276 AEYTEPA
974 214 1050 290 Κεφ.
1065 204 1111 291 ιη’.
1128 208 1177 274 18.

157 329 193 395 τὸ
207 327 294 414 ήμισυ
308 328 400 412 ήμῶν,
419 325 455 392 οὗ
468 325 618 430 θήσουσιν
630 327 673 408 ἐφ’
690 327 765 410 ἡμᾶς
798 333 853 392 τοῦ
866 327 985 401 άδικον,
1008 328 1058 390 καί
1070 330 1129 400 πᾶς
1141 321 1158 389 5
1171 325 1258 402 λόγος
1270 325 1306 390 οὐ
1319 324 1408 411 λήσε-

157 415 296 498 καρδίαν,
320 409 366 475 ὅτι
385 409 422 476 σὺ
436 406 477 486 ὥς
494 423 575 492 ημεῖς
587 412 658 475 δέκα
669 407 765 495 χιλιά-
797 435 848 475 ται
863 408 926 476 άπὸ
941 412 995 473 τοῦ
1007 407 1165 494 βασιλέως,
1191 413 1242 473 καί
1259 410 1296 474 σὺ
1310 405 1407 494 στήση

158 499 211 570 δες.
237 497 288 558 καί
305 498 356 558 νῦν
369 491 502 570 ἀγαθὸν,
528 490 575 557 ότι
589 497 643 576 ἔση
656 491 722 578 ήμῖν
736 495 766 555 ἐν
799 495 970 569 ἐξεναντίας.
996 488 1291 578 14καίείπενΊωάβ.
1312 483 1405 557 τοῦτό

157 584 195 660 τῆ
213 572 299 642 πόλει
315 571 441 662 βοήθεια
458 581 515 640 τοῦ
530 566 659 662 βοηθείν.
685 576 766 638 4καὶ
797 573 856 652 ἐγώ
870 574 1006 660 ἄρξομαι,
1020 571 1075 657 οὐχ
1086 570 1183 648 οὕτως
1191 580 1268 656 μενῶ
1277 571 1404 640 ἐνώπιόν

157 651 233 727 εἶπεν
249 657 325 745 πρὸς
344 656 454 732 αὐτοὺς
471 655 489 721 5
506 654 649 744 βασιλεύς.
676 654 765 722 &edm
797 683 861 722 σου.
889 659 939 722 καί
959 657 1065 743 ἐλαβεν
1087 655 1180 742 Ἰωάβ
1195 663 1265 742 τρία
1281 659 1354 743 βέλη
1372 663 1404 723 ἐν

157 740 251 850 ἆρέση
275 746 306 807 ἐν
331 738 502 822 ὀφθαλμοῖς
520 740 613 824 ὑμῶν,
637 736 763 823 ποιήσω.
796 745 834 834 τῇ
845 743 918 828 χειρὶ
930 737 1042 816 αὐτοῦ,
1067 741 1119 803 καί
1135 741 1268 822 ἐνέπηξεν
1281 738 1360 804 αὐτὰ
1373 745 1404 805 ἐν

155 829 207 891 καί
220 830 289 908 ὲστη
303 820 467 909 &eamq
477 821 535 888 ἀνά
546 834 629 908 χεῖρα
641 828 693 905 τῆς
704 819 765 888 πό·
796 829 835 907 τῆ
848 824 957 910 καρδίᾳ
964 819 1154 908 Ἀβεσσαλώμ
1166 825 1209 887 ἔτι
1220 820 1318 888 αὐτοῦ
1329 825 1403 899 ζῶν-

157 910 216 992 λης.
247 908 298 971 καί
314 909 376 980 πάς
392 902 410 969 5
428 905 501 981 λαὸς
520 900 706 993 ἔξεπορεάετο
727 910 765 981 είς
796 896 848 980 τος
873 909 904 972 ἐν
927 910 965 998 τῇ
980 905 1089 989 καρδίᾳ
1105 909 1158 978 τ”ς
1175 903 1274 990 δρυός.
1311 908 1402 970 16ιιοιί

156 985 354 1063 ἑκατοντάδας
379 990 430 1053 καί
455 994 493 1061 εἷς
509 986 649 1075 χιλιάδας.
685 988 766 1053 ὄκαί
796 986 966 1053 ἐκύκλωσαν
982 988 1054 1051 δέκα
1065 931 1212 1070 παιόάρια
1225 990 1350 1092 αἴροντα
1362 988 1402 1053 τά

156 1073 319 1140 ἐνετείλατο
345 1068 519 1157 ὃβασιλείις
536 1078 580 1156 τῷ
602 1069 696 1158 Ἰωάβ
712 1072 765 1136 καί
796 1067 884 1154 σκεύη
893 1069 924 1135 ’1
955 1068 960 1089 '
991 1071 1065 1145 ,καί
1077 1064 1228 1144 ἐπάταξαν
1240 1069 1338 1134 τονἈ

107 1187 112 1197 ·
155 1163 199 1242 τῷ
208 1154 335 1242 Ἀβεσσὰ
348 1156 400 1219 καὶ
411 1153 550 1238 τῷἘθί,
569 1155 673 1233 λέγων.
700 1159 764 1234 φεί-
795 1154 911 1239 σαλὼμ,
923 1179 976 1220 και
987 1145 1187 1217 ἐθανάτωσαν
1199 1149 1328 1216 αὐτόν.1
1350 1155 1402 1216 καί

156 1243 257 1306 σασθέ
272 1265 322 1322 μοι
340 1241 396 1304 τοῦ
412 1239 577 1324 παιδαρίου
593 1242 650 1302 τοῦ
661 1235 764 1322 Ἀβεσ-
796 1235 952 1303 ἐσάλπισεν
960 1234 1053 1321 Ἰωάβ
1062 1237 1093 1300 ἐν
1104 1231 1250 1326 κερατίνη,
1263 1237 1314 1298 καί
1324 1232 1401 1298 άπέ-

156 1318 269 1406 σαλιόμ.
282 1323 333 1386 καί
345 1325 406 1395 πᾶς
419 1317 437 1384 5
448 1319 520 1396 λαὸς
532 1319 655 1405 ήκουσεν
668 1318 761 1384 ἒντελ-
796 1340 920 1406 στρεψεν
931 1316 949 1384 5
962 1318 1034 1394 λαὸς
1046 1321 1110 1383 τοῦ-
1120 1318 1158 1400 μή
1173 1318 1283 1381 διώκειν
1301 1314 1401 1382 ὀπίσω

154 1406 283 1489 λομένου
300 1407 356 1468 τοῦ
374 1403 518 1487 βασιλέως
535 1408 611 1467 πᾶσι
629 1414 692 1476 τοῖς
706 1401 763 1487 άρ-
792 1400 927 1489 Ἰσραήλ,
945 1397 991 1466 ότι
1004 1402 1131 1481 ἐφείδετο
1141 1397 1233 1546 Ἰωξήί
1245 1404 1300 1464 τοῦ
1313 1401 1400 1464 λαοῦ.

154 1510 258 1572 χονσιν
270 1484 345 1568 ὑπὲρ
353 1481 550 1570 Ἀβεσσαλάμ.
569 1486 645 1548 6καί
657 1485 763 1568 ίξήλθε
794 1488 822 1530 ¹²
835 1487 888 1551 καί
900 1487 1007 1589 ἐλαβεν
1018 1481 1183 1569 τὸνἈβεοσ
1223 1483 1278 1565 ὠμ,
1291 1486 1342 1547 καὶ
1354 1485 1402 1567 ἔρ-

154 1575 214 1644 πᾶς
233 1565 250 1632 5
264 1563 338 1642 λαὸς
356 1571 395 1645 εὶς
407 1566 461 1630 τὸν
480 1566 590 1652 δρυμὸν
602 1569 763 1644 ἐξεναντίας
795 1571 880 1654 ριιμεν
889 1567 982 1634 αὐτον
992 1571 1031 1640 εἰς
1042 1563 1143 1651 χάσμα
1151 1568 1227 1647 μέγα
1236 1571 1320 1649 ἐντῷ
1331 1567 1400 1651 δρυ-

152 1649 280 1736 Ἰσραήλ
307 1651 359 1714 καί
375 1651 489 1727 ἐγένετο
503 1648 662 1733 ὁπόλεμος
675 1652 705 1713 ἐν
717 1654 763 1713 τῶ
794 1655 843 1735 μρῖ
867 1657 908 1726 είς
928 1648 984 1715 τὸν
1002 1646 1132 1755 (bomon
1147 1647 1202 1712 τὸν
1217 1652 1324 1731 μέγαν,
1349 1649 1401 1711 καί

155 1736 256 1818 δρυμῷ
266 1732 402 1816 Ἐφραίμ
430 1736 443 1775 ⁷
457 1736 508 1798 καί
524 1735 661 1798 ἔπταισεν
674 1716 761 1796 ίκείδ
794 1731 958 1817 ἐπήλασεν
970 1736 1009 1798 ἐπ
1026 1730 1119 1798 αὐτὸν
1131 1730 1227 1817 σωρὸν
1239 1733 1336 1797 λίθων
1348 1733 1401 1813 με’-

154 1813 279 1892 λαὸςἸσ
298 1816 357 1900 αήλ
369 1809 494 1881 ἐντόπιον
503 1820 564 1881 τῶν
572 1817 689 1882 παίδων
697 1821 763 1880 Λα·
792 1841 849 1895 γαν
862 1812 989 1902 σφόδρα.
1014 1818 1065 1880 καί
1081 1819 1142 1890 πάς
1156 1812 1280 1901 Ἰσραήλ
1296 1816 1400 1894 ἔφυγεν

154 1899 216 1974 vio,
242 1925 291 1962 και
311 1901 424 1976 ἐγένετο
439 1895 457 1982 ή
471 1903 598 1985 θραῦσις
609 1895 720 1982 μεγάλη
733 1900 763 1962 ίν
793 1897 868 1986 ἀνήρ
893 1905 933 1975 εἰς
955 1898 991 1963 τὸ
1010 1895 1148 1981 σκήνωμα
1164 1894 1270 1962 αὑτοῦ.
1307 1897 1400 1961 18καί

153 1986 193 2073 τῇ
218 1977 314 2066 ήμέρᾳ
339 1983 432 2075 ἐκείνη
455 1983 544 2047 είκοοι
568 1979 691 2066 χιλιάδες
708 1979 762 2045 άνν
787 1979 978 2068 Ἀβεσσαλώμ
989 1984 1033 2045 ἔτι
1046 1984 1103 2056 ζῶν
1115 1982 1207 2087 ἔλαήε
1218 1982 1270 2045 καί
1280 1983 1399 2063 ἔστησεν

153 2064 240 2149 δρῶν.
255 2066 327 2130 θκαί
340 2067 454 2142 ἐγένετο
468 2062 554 2130 ἐκεῖὸ
566 2062 692 2149 πόλεμος
704 2065 761 2129 διε-
793 2067 893 2147 ἑαυτῷ
917 2063 974 2148 τήν
996 2061 1106 2148 στήλην
1125 2068 1156 2128 ἐν
1173 2091 1192 2146 η
1212 2060 1330 2147 ἐλήφθη
1347 2065 1399 2128 καί

155 2150 323 2233 σπαρμένος
345 2149 395 2211 ἐπί
412 2144 574 2232 πρόςωπον
589 2145 688 2233 πάσης
706 2151 760 2231 τής
793 2142 958 2232 ἐπήλασεν
984 2145 1076 2230 αὐτήν
1099 2137 1196 2247 λαήείν
1215 2145 1271 2211 τ’ν
1288 2142 1398 2230 στήλην

153 2235 215 2314 γής.
235 2232 288 2294 καὶ
298 2225 470 2296 ἐπλεόνασεν
483 2227 500 2296 5
515 2232 623 2336 δρυμὸς
635 2236 691 2298 τοῦ
704 2256 761 2294 κα-
791 2230 847 2312 τήν
865 2234 896 2294 ἐν
908 2236 945 2314 τῆ
963 2227 1078 2295 κοιλάδι
1095 2255 1150 2294 του
1167 2233 1227 2315 βασ
1266 2232 1325 2304 ἰός,
1351 2225 1399 2293 ότι

151 2324 298 2394 ταφαγείν
314 2318 348 2378 ἐκ
364 2317 420 2378 τοῦ
437 2313 513 2380 λαοῦ
534 2314 607 2402 νπὲρ
621 2311 674 2389 οὓς
686 2338 760 2378 κατ·
790 2312 881 2390 είσεν,
908 2303 955 2379 ότι
973 2311 1027 2378 οὐκ
1041 2317 1120 2378 ἔστιν
1133 2313 1218 2396 αὐτῷ
1237 2311 1301 2387 υίὸς
1315 2317 1398 2377 ἕνεκα

152 2398 260 2477 ἑφαγεν
272 2399 304 2461 ίν
316 2397 437 2480 τῴλαῷ
447 2395 465 2482 ή
475 2394 607 2505 μάχαιρα
617 2403 655 2482 τῆ
664 2395 759 2482 ἡμέρᾳ
789 2400 847 2461 τοῦ
871 2394 1031 2481 ἀναμνῆσαι
1049 2394 1086 2461 τὸ
1104 2394 1200 2478 ὄνομα
1217 2392 1321 2461 αὐτοῦ.
1347 2398 1398 2460 καί

151 2483 252 2575 ἐκείνη.
283 2481 363 2544 9καί
379 2478 551 2566 συνήντησεν
568 2470 760 2570 Αβείτσαλώμ
791 2474 906 2546 ἐκάλεσε
923 2476 977 2563 τήν
995 2475 1104 2563 στήλην
1118 2481 1193 2564 Χεὶρ
1207 2477 1396 2564 Ἀβεσοαλώμ

151 2559 278 2629 ἕνάπιον
287 2568 349 2629 τῶν
358 2565 475 2629 παίδων
483 2567 590 2644 Δαυίδ,
601 2569 652 2631 καὶ
659 2563 758 2650 Ἀβεσ-
791 2569 846 2639 ἕως
865 2560 1040 2666 τήςὶήμέρας
1059 2558 1176 2646 ταύτης.
1215 2565 1243 2604 ¹⁹
1255 2564 1305 2626 καί
1317 2560 1397 2646 Ἀχι-

151 2645 257 2729 σαλωμ
269 2635 306 2728 ἦν
318 2647 496 2791 ίπιβεηδηκώς
507 2651 557 2712 ἐπὶ
566 2654 623 2714 τοῦ
637 2645 758 2749 ήμιόνου
788 2643 866 2726 μάας
883 2651 947 2720 υἷος
959 2645 1069 2710 Σαδώκ
1082 2644 1150 2710 εἷπε.
1178 2642 1282 2730 δράμω
1295 2642 1332 2727 δή
1345 2648 1396 2709 καί

150 2731 260 2802 αὐτοῦ,
273 2729 324 2790 καί
336 2733 392 2809 εἰςή
412 2739 467 2792 θεν
482 2726 499 2792 5
514 2726 634 2810 ήμίονος
647 2727 708 2793 υπὸ
720 2726 756 2793 τὸ
788 2727 946 2807 εὖαγγελιιό
956 2733 1001 2811 τῷ
1013 2729 1139 2815 βασιλεῖ,
1163 2725 1210 2792 ὅτι
1223 2732 1331 2813 ἔκρινεν
1342 2725 1396 2792 κό-

149 2805 240 2897 δήσος
253 2812 305 2891 τῆς
318 2808 469 2893 δρυόςτής
481 2809 620 2892 μεγάλης,
640 2813 756 2874 καὶπε,
789 2837 851 2894 ριος
878 2814 911 2874 ἐκ
939 2810 1032 2895 χειρὸς
1057 2816 1117 2876 τῶν
1145 2813 1261 2894 ἐχθρῶν
1286 2807 1394 2875 αὐτοῦ.

149 2887 290 2977 ριεπλόκη
308 2887 327 2992 ή
346 2891 457 2975 κεφαλή
471 2889 566 2956 αὐτοῦ
579 2897 610 2958 ἐν
624 2897 663 2997 τῇ
678 2892 756 2977 δρυί,
788 2896 819 2941 ²⁰
831 2895 884 2960 καί
900 2893 976 2958 εἶπεν
992 2892 1077 2977 αὐτῷ
1100 2892 1197 2998 Ἰωάηλ
1238 2888 1294 2956 οὐκ
1318 2890 1393 2978 ἀνήρ

147 2977 379 3058 καίέκρεμασθη
393 2973 540 3055 όιναμέσον
558 2981 614 3040 τοῦ
627 2981 755 3061 ουρανοῡ
788 2975 957 3055 εὐαγγελίας
983 2976 1019 3042 σὺ
1045 2981 1077 3043 ἐν
1100 2981 1138 3060 τῆ
1163 2978 1259 3062 ημίᾳ
1284 2971 1390 3058 ταύτῃ,

148 3057 200 3119 καί
217 3054 365 3157 άηαμέσον
382 3060 435 3137 τῆς
445 3062 514 3140 γῆς,
541 3055 621 3124 καὶὸ
636 3056 754 3144 ήμίονος
787 3062 839 3125 καί
855 3058 1025 3164 (εὐαγγελιῇμ
1035 3064 1066 3124 ίν
1088 3050 1185 3163 ήμέρᾳ
1203 3002 1289 3152 άλλη.
1315 3063 1346 3125 ἓν
1362 3046 1395 3125 δὲ

899 3147 905 3165 Ι

147 3136 294 3203 ὑποκατω
308 3135 404 3201 αὐτοῦ
416 3140 565 3223 παρῆλθε.
582 3141 755 3207 10καίεῖδεν
786 3146 824 3224 τή
849 3169 944 3246 ημερᾳ
967 3169 1064 3225 ταυτη
1087 3169 1144 3208 ουκ
1168 3144 1334 3226 εὖαγγελιῆ,
1357 3135 1394 3210 οὗ

147 3217 222 3304 σίνήρ
240 3219 278 3295 εἷς
290 3221 340 3283 καὶ
353 3215 501 3302 ἀνήγγειλε
513 3229 556 3307 τῷ
572 3221 678 3311 Ἰωάβ,
704 3228 755 3290 καί
786 3211 889 3292 είνεκεν
906 3252 923 3289 ο
943 3225 1006 3301 υίὸς
1023 3215 1080 3291 τοῦ
1092 3228 1237 3313 βασιλέως
1249 3217 1394 3293 ἀπόθανε.

147 3302 231 3368 εἶπεν.
271 3299 336 3369 ἰδοὺ
362 3301 481 3390 ἑώρακα
497 3305 550 3372 τὸν
565 3305 753 3395 Ἀβεσσαλώμ
786 3312 876 3374 Ἀκαί
889 3309 966 3375 εἶπεν
974 3308 1068 3395 Ἰωάβ
1079 3315 1123 3392 τῷ
1138 3318 1245 3377 Χουσί.
1264 3311 1394 3461 ήλαδίσας

146 3383 322 3478 κρεμάμενον
348 3390 378 3452 ἐν
400 3393 437 3482 τῇ
456 3390 533 3494 δρυίὶ
570 3395 596 3434 ¹¹
608 3394 660 3460 καί
676 3391 754 3457 εἶπεν
786 3391 960 3470 ἀνάγγειλον
976 3398 1021 3476 τῷ
1038 3393 1154 3479 βασιλεῖ
1167 3392 1228 3462 ὅσα
1239 3394 1267 3461 εἴ
1282 3420 1318 3469 ες.
1343 3398 1394 3459 καί

143 3468 236 3558 Ἰωόιβ
252 3477 296 3555 τῷ
310 3469 396 3556 ἀνδρί
412 3478 458 3555 τῷ
474 3475 684 3553 αναγγελλοντι
698 3474 754 3541 αὖ·
784 3474 979 3562 προςεκόνησε
1006 3479 1107 3541 Χουσὶ
1134 3483 1179 3561 τῷ
1206 3478 1314 3564 Ἰωὰβ,
1344 3480 1395 3544 καὶ

145 3559 198 3637 τῷ.
230 3558 282 3620 καί
306 3554 373 3620 ἰδοὺ
400 3552 548 3640 ἑώρακας,
572 3563 604 3621 τί
627 3553 674 3622 ότι
698 3557 753 3622 οὐκ
785 3560 900 3640 ἐξῆλθε.
920 3561 1190 3645 22καίπροςόθετο
1204 3562 1395 3641 ὲτιἈχιμοίας

146 3635 297 3714 ε’πάταξας
308 3634 402 3703 αὐτὸν
419 3642 480 3705 ἐκεῖ
490 3645 529 3716 εἰς
541 3637 595 3725 τήν
606 3644 678 3725 γήνς
702 3643 754 3709 καὶ
784 3638 848 3718 υίὸς
859 3641 978 3719 Σαδὼκ,
992 3645 1044 3709 καὶ
1055 3642 1117 3708 εἷπε
1127 3640 1205 3728 πρὸς
1216 3640 1313 3721 Ἰωάηλ
1341 3643 1392 3701 καὶ

145 3717 204 3792 ἐγὼ
230 3718 269 3784 ’ἂν
294 3716 426 3786 δεδάκειν
451 3748 501 3787 σοι
519 3723 591 3787 δέκα
607 3721 752 3810 ἀργυρίου
784 3728 876 3800 ἔστω,
903 3722 951 3791 ὅτι
975 3721 1080 3812 δράμω
1099 3732 1152 3788 καί
1168 3749 1201 3800 γε
1218 3718 1276 3798 ἐγὼ
1294 3725 1391 3782 οπίσω

146 3802 197 3863 καί
208 3795 385 3886 παραζιόνην
396 3810 476 3885 μίαν.
489 3805 586 3870 12εἷπε
598 3805 630 3872 δὲ
643 3804 662 3872 ὁ
676 3807 752 3892 ἀνήρ
783 3814 840 3873 τοῦ
854 3816 962 3875 Χουσί.
988 3810 1040 3874 καί
1052 3806 1128 3871 εἶπεν
1138 3801 1239 3888 Ἰωάβ.
1262 3805 1340 3864 ἶνατί
1352 3799 1389 3864 σὺ

144 3882 221 3964 πρὸς
236 3881 338 3984 Ἰωάβ.
372 3888 422 3950 καί
439 3884 498 3964 ἐγώ
515 3893 571 3971 εἶμι
586 3894 687 3974 ’ίστημι
703 3894 753 3956 ἐπὶ
783 3897 876 3958 τοῦτο
890 3895 998 3978 τρέχεις
1010 3893 1056 3955 υἱέ
1065 3914 1141 3970 μους
1154 3888 1251 3970 δεῦρο»
1262 3880 1317 3946 θῦκ
1327 3885 1390 3946 ἔστι

144 3964 199 4037 τᾶί
210 3979 307 4069 λὲἶθας
321 3994 377 4049 μου
395 3969 506 4052 ίίλῖθυς
525 3971 643 4046 σίκλους
659 3970 752 4057 ἆργυ·
783 4001 830 4042 σοι
848 3973 1003 4052 εὐαγγέλια
1019 3976 1058 4047 είς
1070 3968 1213 4049 ὠφελειαν
1226 3971 1390 4050 πορευομέ-

144 4050 220 4130 ρίου,
236 4074 273 4112 ου
282 4046 322 4133 μή
336 4047 468 4137 ἐπιβάλω
481 4052 535 4135 τήν
545 4048 628 4136 χεῖρά
637 4079 694 4136 μου
702 4059 753 4121 ίπὶ
782 4082 833 4142 νῳ.
872 4059 902 4101 ²³
914 4060 966 4120 καί
977 4054 1061 4120 εἶπεν.
1087 4057 1120 4115 τί
1136 4048 1194 4151 γάρ
1207 4047 1259 4112 ἐάν
1271 4045 1373 4132 δράμω
1378 4081 1390 4129 ;

143 4127 198 4195 τὸν
223 4129 289 4194 υίὸν
313 4138 367 4196 τοῦ
389 4135 547 4219 βασιλέως,
571 4132 618 4199 ότι
640 4141 671 4201 ἐν
687 4152 751 4215 τοῖς
782 4142 834 4205 καί
843 4138 920 4208 εἶπεν
928 4134 1013 4218 αὐτῷ
1022 4129 1120 4213 Ἰωάβ.
1135 4136 1234 4219 δραμε.
1244 4135 1297 4198 καὶ
1305 4136 1390 4217 ἔδρα·

146 4210 220 4280 ὠσὶν
236 4211 319 4296 ήμῶν
336 4216 497 4280 ἓνετειλατο
514 4214 532 4282 5
549 4217 685 4305 βασιλεύς
703 4251 751 4290 σοι
780 4215 977 4306 μενἈχιμάας
990 4217 1044 4295 τήν
1056 4214 1128 4282 ὁδὸν
1141 4213 1196 4303 τήν
1207 4221 1263 4282 τοῦ
1277 4219 1388 4302 Κεχίιρ,

144 4298 197 4362 καὶ
221 4301 266 4380 τῷ
285 4295 410 4384 Ἀβεσσά
427 4301 480 4363 καὶ
494 4305 539 4384 τῷ
560 4299 631 4368 ’an
648 4306 750 4385 λέγων,
780 4308 831 4370 καί
844 4299 969 4387 ὑπερέβη
982 4300 1035 4366 τὸν
1049 4308 1156 4367 Χουσί.
1183 4302 1214 4343 ²⁴
1226 4303 1278 4366 καὶ
1292 4304 1391 4368 Δαυίδ

145 4376 300 4460 φυλάξατέ
310 4409 359 4465 μοι
369 4380 405 4447 τὸ
418 4380 577 4470 παιδάριον
587 4387 749 4475 τὸνἈβεσ-
781 4380 912 4466 ἐκάθητο
938 4382 1089 4467 άναμὲσον
1113 4390 1175 4451 τῶν
1201 4382 1254 4452 δύο
1276 4387 1387 4450 πυλῶν.

144 4461 259 4548 σαλάμ,
279 4466 306 4506 ¹³
316 4466 354 4550 μή
370 4471 491 4541 ποιῆσαι
505 4471 536 4533 ἐν
548 4476 585 4564 τῇ
599 4476 681 4562 ψυχῇ
693 4469 749 4535 αὐ-
780 4470 833 4537 καί
856 4463 1006 4554 ἐπορεύθη
1024 4468 1042 4534 5
1061 4468 1173 4546 σκοπὸς
1192 4476 1230 4547 εἷς
1250 4468 1285 4534 τὸ
1305 4471 1391 4550 δῶμα

1338 4577 1390 4630 Πίίί
