2924 4972
400 223 704 287 ισΡαΜιΑΣ
741 217 1069 306 Κιφ.μ’.μι’.4ο.4ι.
1287 221 1355 293 85⁵

107 342 239 423 βηδήναί
249 363 283 420 με
299 335 401 412 πάσας
417 339 473 414 τὰς
485 334 596 424 ήμέρας
615 343 665 405 καί
677 346 714 417 είς
745 338 879 425 Ἰσραήλ,
896 342 948 405 καί
970 338 1154 425 οἰκοδομήσω
1172 342 1282 420 αύτούς
1298 369 1354 409 κα-

109 419 231 497 ἀγαθὸν
247 424 351 496 αὐτοῖς
374 423 507 495 καὶτοῖς
528 425 640 497 τέκνοις
659 422 715 489 αά-
747 421 813 498 θῶς
825 425 877 487 καί
889 417 1088 507 τοπρύτερον,
1119 426 1199 491 8καί
1210 432 1354 511 καθαριῶ

110 508 170 570 τῶν
189 503 247 586 μετ’
268 499 385 578 αὐτούς.
419 503 453 547 ⁴⁰
462 505 514 568 καί
532 502 715 590 διαθήσομαι
747 502 1352 588 αύτούςάπὸπασῶντῶνἀδικιῶναύτῶν,

110 585 214 662 αὐτοῖς
233 582 380 670 διαθήκην
401 589 533 663 αἰωνίαν,
555 584 592 672 ἣν
615 587 653 654 ού
674 587 715 673 μή
747 582 791 655 ῶν
804 585 977 673 ήμάρτοσοίν
984 614 1047 673 μοι,
1056 591 1107 654 καί
1116 587 1153 654 ού
1165 591 1204 694 μή
1217 590 1352 695 μνησθή-

111 669 297 754 ἀποστρίιμω
313 667 441 736 ὄπισθεν
457 667 565 735 αιἰτῶν.
592 673 644 736 καί
662 671 716 739 τὸν
748 696 836 754 σομαι
860 671 1014 755 ἁμαρτιῶν
1035 670 1137 737 αὐτῶν
1158 697 1200 738 ων
1217 672 1351 760 ἥμαρτον

109 751 205 839 φόβον
216 776 274 833 μου
291 748 381 819 δεύσω
399 757 438 828 είς
456 750 509 839 τήν
521 754 646 840 καρδίαν
657 754 713 820 αὖ·
745 779 813 837 μοι,
832 756 885 819 καί
901 752 1075 837 ἀπέστησαν
1092 752 1143 820 ἀπ’
1165 758 1245 837 ἐμοῦ.
1272 758 1354 822 ”nal

108 841 184 909 τῶν,
209 832 287 918 πρὸς
303 835 340 900 τὸ
357 835 399 921 μή
418 836 589 921 ἀποστῆναι
602 835 715 915 αύτούς
745 840 830 902 ἔσται
842 841 881 912 είς
892 834 1075 940 εὖρροσύνην
1091 839 1143 904 καί
1154 840 1275 915 αίνεσιν,
1299 841 1353 905 καί

109 915 160 984 ἀπ’
186 920 266 1000 ἐμοῦ.
313 918 342 961 ⁴¹
361 921 413 985 καί
435 925 636 1005 ἐπισκέψομαι
657 926 714 987 τοῦ
745 925 784 995 είς
805 920 1015 1002 μεγαλανοτητα
1035 922 1129 987 παντί
1148 927 1194 1004 τῷ
1211 921 1276 1007 λαῷ
1298 927 1351 1002 τής

109 999 273 1078 ἀγαθῶσαι
290 1000 412 1079 αὐτοὺς,
432 1006 484 1068 καί
502 999 639 1084 φυτεύσω
657 1002 714 1069 αιἰ-
743 1007 806 1089 γής,
832 1009 936 1078 οἵτινες
948 999 1132 1070 ἀκούσονται
1144 1001 1245 1071 πάντα
1260 1004 1300 1071 τὰ
1313 1004 1353 1070 ἀ·

109 1083 180 1159 τοὺς
193 1088 224 1149 ἐν
236 1089 275 1176 τῇ
285 1090 325 1177 γῇ
336 1082 433 1179 ταύτῃ
446 1088 476 1150 ἐν
487 1091 597 1164 πίστει,
620 1090 672 1154 καί
683 1090 714 1152 ἐν
743 1085 830 1166 γαθά
842 1083 865 1152 ἀ
877 1085 935 1165 ἐγὼ
945 1083 1073 1170 ποιήσω,
1094 1089 1147 1152 καὶ
1158 1082 1352 1186 φοβηθήσον-

108 1163 192 1256 πάση
204 1168 312 1267 καρδία
330 1194 403 1247 μου,
415 1172 466 1234 καί
478 1173 509 1234 ἒν
520 1166 603 1262 ποίοῇ
615 1176 712 1264 ψυχῇ.
744 1196 795 1236 ται
806 1171 860 1235 καί
876 1167 1132 1256 πικρανθήσονται
1150 1172 1218 1256 περί
1229 1195 1351 1237 παντων

109 1251 140 1291 ⁴²
154 1248 201 1315 ὃτι
214 1249 311 1325 οὕτως
322 1250 383 1316 είπε
403 1248 513 1336 κύριος.
539 1253 625 1319 καθὰ
642 1253 713 1338 ἐπή·
744 1256 805 1318 τῶν
817 1251 961 1330 ἀγαθῶν,
987 1258 1039 1320 καί
1054 1254 1123 1340 περὶ
1133 1249 1233 1338 πάσης
1244 1258 1297 1338 τῇς
1309 1258 1350 1319 εί-

108 1357 202 1409 γαγον
214 1333 265 1397 ἐπί
276 1332 329 1398 τὸν
344 1332 420 1399 λαὸν
437 1340 547 1402 τοῦτον
559 1332 661 1402 πάντα
674 1335 714 1403 τά
745 1331 834 1422 ρήνης
849 1326 884 1420 ἧς
901 1335 961 1414 ἐγὼ
978 1333 1097 1422 ποιήσω
1114 1335 1226 1411 αὐτοῖς.
1252 1341 1281 1380 ¹⁰
1295 1333 1348 1401 ού-

109 1414 186 1480 κακά
209 1412 248 1480 τά
266 1413 381 1495 μεγάλα
403 1423 511 1495 ταῦτα,
536 1415 633 1494 οὕτως
654 1419 714 1497 ἐγὼ
745 1443 804 1494 τως
821 1416 882 1483 είπε
898 1415 1005 1504 κύρως.
1019 1422 1062 1485 ἔτι
1079 1414 1300 1503 ἀκουσθήσεται
1317 1422 1350 1485 ἐν

108 1493 210 1573 ἐπάξω
227 1497 271 1564 ἐπ’
295 1496 404 1574 αύτούς
421 1499 521 1567 πάντα
537 1499 577 1566 τά
595 1499 713 1580 ἀγαθοί,
745 1506 790 1583 τῷ
803 1497 890 1584 τόπῳ
902 1501 1013 1581 τούτω,
1026 1493 1052 1585 ᾦ
1066 1498 1145 1606 ὑμεῖς
1157 1502 1264 1580 λέγετε,
1280 1505 1350 1588 ἕρη-

109 1578 131 1648 ἀ
142 1576 272 1665 ἐλάλησα
286 1581 331 1648 ἐπ’
346 1579 464 1660 αύτούς.
491 1584 522 1626 ⁴³
534 1586 586 1649 καί
598 1583 714 1669 κτηθή·
744 1582 801 1668 μός
814 1588 891 1650 ἔστιν
903 1583 966 1651 ἀπὸ
979 1566 1152 1671 ἀνθρωπων
1161 1587 1213 1652 καί
1223 1589 1351 1670 κτηνῶν,

109 1688 211 1729 σονται
223 1668 266 1730 ἔτι
279 1663 368 1751 ἀγροὶ
377 1669 407 1730 ἐν
417 1672 455 1759 τῇ
464 1672 515 1750 γῆ,
527 1659 547 1760 ᾖ
561 1668 599 1733 σύ
612 1668 713 1747 λέγεις,
745 1671 777 1733 ίν
788 1663 910 1733 πόλεσιν
920 1666 1037 1743 Ἰούδα,
1054 1671 1105 1733 καὶ
1116 1669 1230 1744 ἔξωθεν
1237 1667 1268 1732 ‘1

109 1747 221 1835 ἀβατος
233 1751 315 1814 ε’ίνται
324 1747 388 1816 ἀπὸ
397 1739 571 1836 ἀνθρῶπων
579 1753 631 1817 καί
642 1747 695 1817 ια’
746 1749 845 1835 σαλήμ
858 1761 924 1826 ταῖς
935 1750 1149 1837 ἦρημωμίναις,
1162 1749 1246 1837 παρὰ
1258 1693 1349 1854 ἀδομίῇ

109 1779 714 1919 νους,καίπαρεδόθησανείςχεῖραςΧαῖ
746 1831 818 1898 εἶναι
841 1831 1008 1920 ἄνθρωπον
1030 1836 1083 1900 καί
1093 1832 1193 1920 κτήνη.
1217 1837 1243 1878 ¹¹
1264 1858 1352 1918 φωνη,

109 1916 210 1991 δαίων,
250 1914 284 1957 ⁴⁴
297 1920 348 1981 καί
368 1911 529 1999 κτήσονται
550 1914 662 2002 ἀγρούς
683 1921 714 1983 ἐν
745 1914 942 2003 εὐφροσύνης,
967 1919 1019 1983 καὶ
1043 1915 1128 2002 φωνή
1154 1912 1348 2021 χαρμοσύνης,

109 1998 249 2083 ἀργυρίῳ.
287 2000 340 2064 καί
367 1995 636 2087 γράψεις-βιβλίον
661 2004 714 2067 καί
745 1999 829 2085 φωνή
842 2002 1031 2084 νυμφίου,καί
1039 1998 1123 2087 φωνή
1135 1998 1349 2086 νυμφης,φωνή

109 2085 250 2167 σφραγι”,
276 2084 328 2146 καί
351 2081 535 2176 διαμαρτύρη
560 2079 713 2170 μάρτυρας
744 2082 908 2162 λεγόντων,
927 2083 1153 2168 ἐξομολογεῖσθε
1165 2090 1257 2170 κυρίῳ
1269 2107 1349 2150 παν-

109 2170 140 2230 ἒν
151 2167 190 2244 γῆ
236 2166 355 2244 ενιαμίν,
366 2168 418 2230 καὶ
428 2164 526 2249 κύκλῳ
539 2166 712 2249 τῆςἸτρου-
742 2163 914 2252 τοκράτορι,
928 2164 975 2232 ὅτι
1004 2168 1111 2252 ρηστὸς
1123 2166 1234 2254 κύριος,
1249 2164 1295 2232 ὅτι
1309 2171 1349 2241 είς

109 2234 217 2328 σαλήμ,
241 2248 292 2311 καί
304 2250 336 2310 ἐν
348 2243 469 2312 πόλεσιν
479 2243 592 2322 Ἰούδα,
617 2252 668 2312 καί
680 2253 712 2313 ἕν
743 2249 796 2315 τὸν
809 2252 906 2313 αίῶνα
917 2248 954 2313 τὸ
966 2194 1049 2323 ἔλεος
1066 2248 1168 2315 αὖτόῦ.
1195 2250 1247 2314 καί
1259 2255 1348 2322 είςοί-

109 2328 227 2394 πόλεσιν
238 2331 294 2392 τοῦ
307 2324 411 2410 ὅρους,
436 2331 487 2393 καί
501 2331 532 2394 ἒν
542 2327 647 2395 πόλεσι
659 2334 712 2412 τῆς
743 2356 825 2395 σουσι
836 2331 920 2416 δῶρα
932 2334 971 2405 είς
983 2330 1065 2396 οἷκον
1077 2336 1194 2416 κυρίου,
1207 2326 1254 2397 δτι
1265 2328 1347 2395 ἀπο-

109 2411 232 2494 σεφηλά,
251 2411 302 2473 καί
313 2413 344 2473 ἰν
355 2405 460 2475 πόλεσι
473 2413 526 2494 τῇς
537 2410 638 2499 ναγὲρ,
663 2407 711 2476 ὅτι
743 2415 865 2495 οτρέιμω
883 2417 985 2478 πᾶσαν
1001 2412 1055 2495 τήν
1072 2411 1214 2478 ἀποικίαν
1230 2417 1282 2498 τῇς
1293 2417 1346 2498 γῇς

108 2492 293 2577 ἀποστρέψω
305 2488 360 2567 τάς
373 2490 514 2568 ἀποικίας
525 2493 637 2559 αὐτῶν.
743 2499 849 2577 ἐκείνης
861 2493 941 2561 κατὰ
952 2492 1151 2599 τοπρύτερον,
1162 2495 1224 2561 εἶπε
1236 2492 1344 2581 κύριος.

201 2582 273 2641 ΚΕ
283 2580 321 2640 Φ.
336 2572 398 2640 M'.
413 2577 710 2660 (Hebr.c.33.1·13.)
742 2581 769 2620 ¹²
786 2575 883 2652 οὕτως
906 2576 969 2643 εἷπε
988 2603 1089 2682 κυριος
1102 2583 1163 2644 τῶν
1186 2574 1344 2661 δυνάμεων.

108 2625 192 2726 Καί
204 2663 315 2738 ἐγένετο
327 2655 416 2736 λόγος
425 2665 528 2744 κυρίου
539 2661 615 2745 πρὸς
623 2658 663 2724 Ἰε
682 2685 709 2724 ε-
741 2662 786 2726 ἔτι
797 2663 882 2726 ἔσται
893 2661 925 2725 ἐν
942 2665 987 2744 τῶ
998 2686 1085 2744 τοπῳ
1104 2656 1205 2744 τούτῳ
1218 2666 1262 2742 τῷ
1276 2656 1345 2745 ἐρή-

106 2749 176 2825 μίαν
188 2740 339 2826 δεύτερον,
357 2746 409 2808 καί
422 2739 515 2817 αὐτὸς
526 2734 564 2826 ήν
576 2745 620 2808 ἔτι
632 2744 651 2809 δ
681 2769 710 2809 ε-
740 2770 798 2826 μῳ,
822 2739 908 2850 παρά
922 2739 958 2808 τὸ
970 2742 1011 2827 μή
1026 2743 1100 2809 εἶναι
1112 2741 1281 2829 ἀνθρωπον
1293 2744 1345 2807 καὶ

106 2830 194 2909 μένος
207 2828 238 2891 ἐν
251 2829 289 2909 τῇ
301 2824 379 2920 αὐλῇ
391 2829 442 2909 τῇς
454 2824 596 2910 φυλακῆς,
606 2825 708 2906 λέγων.
741 2831 855 2909 τιτήνας,
868 2851 901 2891 εν
911 2821 1024 2902 πάσαις
1036 2837 1101 2902 ταῖς
1114 2823 1235 2893 πόλεσιν
1247 2825 1347 2893 αὐτοῦ

107 2900 303 2986 2οίίτωςείὶτε
320 2905 431 2994 κύριος,
455 2914 552 2974 ποιῶν
567 2914 634 2993 γῆν,
659 2913 709 2976 καί
742 2905 939 2991 καταλύματα
970 2913 1121 2994 ποιμένων
1147 2906 1346 2986 κοιταζόντων

106 2988 252 3059 πλάσσων
264 2991 374 3075 αὐτήν,
390 2996 447 3058 τοῦ
460 2990 640 3079 ἀνορδῶσαι
653 2991 709 3059 αιἰ-
741 2988 893 3078 πρόβατα,
916 2994 989 3058 13ἔν
1012 2990 1135 3058 πόλεσιν
1147 2998 1201 3077 τής
1222 2993 1351 3077 ὀρεινῆς,

106 3076 170 3161 τήν,
183 3071 283 3160 κύριος
297 3074 393 3157 δ’νομα
405 3073 499 3157 αὐτῷ.
538 3078 552 3118 ³
566 3079 709 3164 κίκραξον
741 3079 791 3141 καί
804 3080 834 3140 ἐν
846 3073 950 3141 πόλεσι
969 3080 1021 3159 τῇς
1032 3076 1159 3160 σεφηλά,
1180 3079 1232 3142 καί
1244 3079 1274 3140 ἐν
1286 3075 1346 3142 πό-

106 3156 182 3245 πρὸς
194 3159 239 3240 μὲ,
252 3162 305 3224 καὶ
318 3155 567 3242 ἀποκριθήσομαί
579 3185 636 3236 σοι,
658 3162 711 3227 καί
740 3160 802 3225 λεσι
819 3163 875 3242 τής
887 3159 994 3262 ναγὲῇ,
1024 3162 1078 3225 καί
1092 3165 1124 3226 ἐν
1139 3165 1180 3251 γῇ
1191 3161 1346 3244 Βενιαμίν,

107 3242 267 3321 ἀπαγγελῶ
287 3268 335 3328 σοι
346 3239 467 3347 μεγάλα
481 3245 532 3308 καί
546 3241 662 3329 ἰσχυρὰ,
687 3240 709 3310 ἀ
741 3244 792 3310 καί
804 3247 836 3309 ίν
847 3253 912 3319 ταῖς
925 3239 1231 3330 κυκλῳἾερουσαλήμ,
1253 3244 1304 3307 καί
1317 3246 1348 3306 ἐν

107 3324 162 3392 οάκ
175 3329 264 3405 ἔγνως
277 3327 366 3393 αὐτα.
392 3321 461 3392 *ὅτι
474 3321 571 3402 ούτως
580 3327 643 3394 εἷπε
655 3324 708 3393 κύ·
740 3323 862 3394 πόλεσιν
870 3321 980 3391 Ἰούδα.
995 3330 1039 3390 ἔτι
1051 3322 1259 3410 παρελεύσεται
1271 3321 1346 3409 πρό-

105 3435 170 3495 ριος
187 3413 254 3516 περί
275 3413 363 3475 οίκων
382 3413 434 3492 τῆς
454 3405 570 3485 πόλεως
588 3409 708 3494 ταύτης,
740 3414 821 3495 βατα
833 3411 883 3473 ἐπὶ
893 3421 978 3493 χεῖρα
991 3405 1205 3492 ἀριθμοῦντος,
1218 3405 1280 3472 εἶπε
1292 3405 1346 3471 κύ·

105 3494 156 3558 καί
171 3515 238 3574 περι
254 3493 345 3557 οἴκων
368 3491 514 3577 βασιλέως
528 3489 632 3557 Ἰούδα
648 3497 710 3557 τῶν
741 3516 813 3575 ριος,

107 3577 372 3656 καθηρημένωνείς
383 3569 710 3658 χάρακαςκαίπρομα-
767 3576 779 3603 ‘
834 3575 953 3635 ΚΕΦ.
979 3567 1075 3636 ΜΑ’.
1095 3571 1302 3655 (Hebr.c.34.)

105 3644 216 3741 χῶνάς,
255 3655 340 3719 5τοῦ
363 3653 512 3738 μάχεσθαι
536 3655 613 3739 πρὸς
638 3655 709 3730 τούς
743 3617 792 3719 O
806 3649 894 3732 λόγος
912 3651 930 3720 ὁ
949 3649 1098 3736 γενόμενος
1113 3649 1192 3737 πρὸς
1204 3650 1345 3738 Ἰερεμίαν

107 3737 293 3814 Χαλδαίους,
304 3739 355 3803 καί
372 3738 528 3822 πληρῶσαι
545 3736 637 3823 αὐτήν
649 3743 709 3802 τῶν
741 3734 826 3823 παρά
852 3741 969 3822 κυρίου,
996 3739 1048 3802 καί
1071 3733 1345 3843 Ναβουχοδονόαορ

105 3828 213 3929 νεκρῶν
225 3827 286 3888 τῶν
299 3817 484 3909 ἀνθρώπων,
510 3814 561 3895 οὓς
573 3817 709 3897 ἐπάταξα
740 3817 875 3907 βασιλεὺς
908 3820 1106 3908 Βαβυλῶνος,
1131 3820 1182 3885 καί
1214 3823 1277 3886 πᾶν
1308 3847 1345 3889 το

105 3910 135 3972 ἐν
154 3911 229 3992 οργῇ
245 3932 315 3989 μου,
343 3905 394 3970 καί
411 3907 441 3968 ἰν
457 3909 545 3988 θυμῷ
562 3930 631 3989 μου.
658 3909 709 3972 καί
742 3900 945 3988 στρατόπεδον
961 3901 1075 3978 αιἰτοῦ,
1101 3904 1153 3967 καί
1167 3906 1254 3969 πᾶσα
1271 3903 1291 3988 ή
1307 3911 1345 3986 γῆ

105 3977 281 4078 ἀπέοτρεψα
293 3983 329 4055 τὸ
342 3983 501 4072 πρόςωπύν
512 4012 570 4070 μου
583 3985 633 4052 ἀπ’
651 3986 709 4054 αύν
741 3985 830 4072 ἀρχῆς
842 3984 937 4053 αὐτοῦ
959 3989 1123 4069 ίπολέμτουν
1135 3988 1185 4050 ἐπὶ
1193 3983 1343 4070 Ἰερουσα-

105 4079 176 4148 τῶν,
200 4077 267 4160 περί
284 4077 391 4139 πασῶν
407 4074 468 4136 τῶν
484 4074 637 4155 πονηριῶν
649 4068 708 4136 αύ-
739 4070 808 4155 λήμ,
822 4073 873 4135 καί
884 4073 933 4135 ἐπὶ
946 4066 1110 4146 πάσαςτάς
1122 4065 1223 4145 πόλεις
1234 4066 1345 4149 Ἰούδα,

106 4161 175 4222 τῶν.
214 4153 310 4223 6ἰδού
323 4154 383 4234 ε’γῶ
395 4150 498 4232 ἀνάγω
511 4151 708 4237 αύτῆσυνού-
741 4153 844 4232 λέγων,
869 4149 993 4228 2οὕτως
1011 4152 1075 4219 εἷπε
1087 4149 1194 4238 κύριος.
1215 4149 1344 4302 ῇάδισον

105 4239 195 4306 λωαιν
205 4241 257 4305 καί
266 4241 349 4322 ἴαμα,
357 4241 409 4306 καί
418 4226 579 4323 φανερῶσῶ
592 4235 707 4312 αὐτοῖς,
738 4235 817 4323 πρὸς
841 4237 980 4303 Σεδεκίαν
1006 4238 1130 4324 βασιλέα
1151 4234 1214 4302 Ἰού
1232 4264 1269 4316 α,
1294 4238 1344 4302 καί

105 4324 156 4386 καὶ
169 4319 314 4409 ίατρεύσω
327 4320 440 4407 αάτήν,
465 4322 516 4385 καί
528 4315 644 4404 ποιήσω
657 4322 710 4385 καί
739 4323 812 4402 ἐρεῖς
825 4317 920 4404 αὐτῷ,
935 4315 1031 4396 ούτως
1042 4318 1103 4385 ελτε
1116 4317 1223 4404 κύριος.
1242 4345 1344 4425 παρα-

105 4402 220 4508 είρήνην
234 4407 284 4470 καί
295 4409 405 4480 πίστιν,
432 4401 707 4487 7καίάποστρὲιμω
739 4399 819 4468 δόσει
843 4401 1093 4489 παραδοθήσεται
1110 4402 1128 4484 ή
1154 4398 1242 4477 πόλις
1267 4399 1344 4484 αύτη

105 4486 160 4570 τήν
185 4493 326 4554 αποικίαν
347 4483 459 4563 Ἰούδα,
489 4489 539 4553 καί
566 4484 708 4554 ἀποικίαν
738 4490 778 4562 είς
789 4496 886 4573 χεῖρας
902 4486 1048 4571 βασιλέως
1066 4482 1266 4569 Βαβυλῶνος,
1269 4486 1345 4629 iffa

1232 4591 1268 4629 συ
1308 4595 1341 4648 η·
