2924 4972
395 197 593 262 mm
619 201 832 266 11P52TON
868 207 945 284 Κεφ.
961 201 1000 269 ε’.
1016 205 1045 269 1.
1278 205 1344 275 473

413 409 1025 519 ΕΣΔΡΑΣ

562 579 600 643 Π
621 578 648 641 Ρ
670 576 701 642 Ω
723 579 756 643 Τ
779 580 811 646 0
832 581 878 644 N.

285 736 318 795 K
329 736 360 794 Ε
372 733 410 793 Φ.
453 724 511 796 Λ’.
739 725 778 792 τά
789 735 974 816 γεγραμμένα
985 733 1016 796 ίν
1025 735 1277 858 βηῖλίῳιίίνῖωυσή,
1292 737 1344 802 καί

93 777 178 879 Καί
190 810 426 897 ἡγογενἿωσίας
438 811 476 878 τό
488 805 592 897 πάσχα
605 807 700 877 ἐνἸε-
738 808 1035 900 οδτωςτόπριοῖνόν.
1065 821 1341 903 ιιεαιωπτησαντὸ

93 897 247 981 ρουσαλὴμ
258 899 304 980 τῷ
315 901 407 980 κυρίῳ
420 893 525 969 αάτοῡ,
547 897 600 960 καί
612 897 700 960 ἔθυσε
737 889 840 980 πάσχα
851 899 925 982 πυρὶ
937 893 978 971 ὡς
990 894 1129 983 καθήκει,
1154 903 1205 966 καί
1215 900 1268 977 τάς
1280 913 1341 969 θυ-

92 977 129 1042 τὸ
141 977 243 1065 πάσχα
254 984 293 1070 κη’
302 973 593 1070 τεσσαρεςκαιδεκάτη
606 974 699 1062 ἡμέρη
738 983 804 1053 σίας
816 975 940 1063 ἡφησαν
952 981 984 1044 ἑν
996 991 1058 1055 τοῖς
1072 982 1218 1088 χαλκείοις
1229 988 1280 1049 καί
1291 986 1341 1051 λί-

93 1067 148 1124 τοῦ
159 1060 248 1146 μηνός
260 1066 315 1127 τοῦ
327 1058 463 1146 πρώτου,
480 1065 496 1104 ²
507 1056 619 1145 στήσας
631 1059 701 1135 τοὺς
736 1064 805 1146 βησι
814 1059 873 1144 μετ’
885 1060 1017 1138 εὐωδίας,
1029 1088 1081 1126 και
1090 1060 1255 1146 ἀπήνεγκαν
1265 1073 1342 1133 πᾶσι

97 1143 250 1224 ἱερεῖςκαό
267 1149 424 1228 ἐφημερίας
436 1144 656 1226 ἐστολισμένους
669 1145 701 1208 ίν
737 1153 801 1218 τοῖς
816 1146 851 1208 ἑκ
868 1149 925 1210 τοῦ
943 1144 1029 1210 λαοῦ.
1066 1146 1181 1227 12μετάε
1198 1145 1229 1210 δὲ
1246 1153 1344 1214 ταῦτα

95 1228 139 1305 τῷ
160 1229 229 1310 ἱερῷ
242 1230 298 1291 τοῦ
315 1232 429 1310 κυρίου.
468 1226 547 1290 3καί
565 1225 626 1292 είπε
638 1236 701 1301 τοῖς
736 1222 901 1328 ἡτοίμασαν
913 1229 1030 1302 ἑαυτοῖς
1042 1251 1074 1291 τε
1085 1230 1136 1292 καί
1148 1239 1212 1303 τοῖς
1224 1231 1344 1314 ἱερεῦσιν

94 1312 235 1382 Λευίταις
271 1305 448 1392 ἱεροδούλοις
477 1312 534 1373 τοῦ
567 1307 700 1395 Ἰσραήλ,
737 1309 875 1391 ἀδελφοῖς
896 1308 999 1376 αὐτῶν
1015 1313 1092 1384 υἱοῖς
1107 1306 1234 1394 Ἀαρών.
1272 1311 1345 1379 ¹⁸03

95 1385 218 1466 ἁγιάσαι
231 1389 356 1466 ἑαυτοὺς
367 1395 412 1474 τῷ
424 1398 516 1492 κυρίῳ
529 1393 607 1482 ἑντῇ
619 1394 700 1458 θέσει
735 1392 796 1478 γάρ
822 1397 906 1480 ἱερεῖς
930 1391 1072 1478 ἀνέφερον
1095 1391 1136 1458 τά
1156 1396 1268 1459 στεάτα
1289 1399 1344 1472 ἕως

93 1478 146 1555 τής
163 1470 251 1551 ἀνίας
265 1479 395 1561 κιβωτοῦ
412 1499 467 1539 του
486 1481 588 1561 κυρίου
607 1477 639 1542 ἑν
655 1481 700 1559 τῷ
736 1473 858 1561 ἀωρίας.
892 1479 944 1540 καί
970 1479 1001 1540 οἱ
1024 1481 1151 1540 Λευῖται
1176 1472 1343 1559 ἡτοίμασαν

94 1556 169 1640 οἴκῳ
195 1548 222 1640 ῷ
246 1555 415 1640 ᾠκοδόμησε
430 1557 587 1640 Σαλωμών
608 1555 626 1622 ό
644 1563 700 1623 τοῦ
735 1561 853 1634 ἑαυτοῖς
865 1559 917 1623 καί
928 1569 992 1632 τοῖς
1005 1562 1124 1643 ἱερεῦσιν
1133 1556 1274 1639 ἀδελφοῖς
1284 1558 1341 1625 αό-

94 1640 194 1705 Λαυίδ
215 1636 390 1726 όβασιλεός.
429 1638 514 1705 4οιίετ
529 1637 650 1706 ἔσταιό
671 1652 699 1706 ’ν
734 1645 882 1716 τῷνυίοῖς
895 1637 1020 1727 Ἀαρών.
1046 1640 1077 1682 ¹⁴
1089 1643 1141 1704 καὶ
1153 1645 1185 1705 οἱ
1197 1638 1338 1722 ἱεροψάλ·

93 1713 165 1807 ἀραι
190 1721 235 1789 ἐπ’
264 1723 353 1805 υόμων
375 1720 481 1806 αάτήν,
507 1725 558 1788 καί
574 1727 627 1789 νῦν
682 1765 698 1776 -
734 1750 784 1790 ται
803 1728 864 1790 υἱοί
882 1722 982 1802 Ἀσάφ
999 1713 1077 1827 ᾖσαν
1093 1726 1144 1789 ἒπὶ
1161 1728 1213 1807 τῆς
1229 1720 1339 1803 τάξεως

90 1802 204 1890 τρεόετε
219 1811 265 1888 τῷ
277 1812 369 1890 κυρίῳ
381 1810 445 1888 θεῷ
460 1802 557 1889 ὑμῶν,
582 1809 633 1871 καὶ
643 1817 698 1872 θε-
734 1806 845 1883 αάτῷν,
857 1804 936 1872 κατά
945 1806 984 1872 τά
995 1806 1158 1873 υπόΔαυίδ
1166 1811 1336 1892 τεταγμένα.

90 1888 233 1970 ραπεόετε
246 1885 283 1953 τό
296 1891 386 1964 ἔθνος
398 1890 494 1954 αὐτοῦ
504 1887 635 1976 Ἰσραήλ,
647 1893 698 1956 καί
733 1893 785 1954 καί
795 1888 911 1971 Ἀσάφ,
928 1892 979 1954 καὶ
990 1895 1156 1975 Ζαχαρίας,
1178 1893 1230 1957 καί
1242 1889 1336 1958 Ἐδδι-

90 1968 266 2055 ἑτοιμάσατε
279 1969 359 2038 κατά
371 1969 426 2047 τάς
436 1971 566 2059 πατριάς
580 1975 632 2037 καί
643 1971 697 2048 τάς
733 1975 803 2048 νοὺς
821 1969 938 2058 όπαρὰ
950 1978 1007 2039 τοῦ
1019 1972 1173 2060 βασιλέως.
1198 1973 1225 2018 ¹⁸
1239 1977 1290 2040 καί
1307 1979 1339 2040 οἱ

90 2055 185 2135 φυλὰς
200 2053 284 2139 ἀμῶν
300 2054 379 2121 κατὰ
396 2053 451 2140 τήν
465 2053 586 2143 γραφήν
601 2057 699 2122 Λαυίδ
732 2058 871 2144 θυρωροί
895 2053 939 2137 ἐφ’
956 2052 1084 2122 ἑκάστου
1105 2056 1250 2134 πυλῶνος.
1281 2055 1337 2123 οάκ

88 2141 233 2285 ρασιλὲως
241 2136 374 2222 Ἰσραήλ,
387 2141 438 2204 καί
449 2139 528 2204 κατά
540 2136 596 2215 τήν
607 2165 698 2221 μεγα-
732 2143 795 2205 ἔστι
819 2144 989 2226 παραβῆναι
1012 2145 1137 2207 ἕκαστον
1153 2137 1208 2224 τήν
1224 2143 1338 2207 ἑαυτοῦ

108 2219 226 2306 ειότητα
242 2220 401 2305 Σαλωμυόν
423 2226 478 2286 τοῦ
500 2225 568 2286 υἱοῦ
593 2221 696 2288 αὐτοῦ.
732 2225 896 2308 ἐφημερίσιν.
923 2228 954 2288 οἱ
968 2219 1029 2307 γάρ
1046 2221 1169 2306 ἀδελφοί
1186 2220 1288 2289 αὐτῶν
1305 2228 1337 2289 οἱ

89 2305 168 2370 6καί
179 2328 183 2336 ·
194 2300 314 2380 στάντες
340 2306 372 2368 ἐν
392 2307 437 2386 τῷ
454 2301 532 2388 ἀχίῳ
548 2301 627 2370 κατά
643 2306 699 2388 τήν
731 2313 855 2371 Λευῖται
868 2303 1033 2389 ἡτοίμασαν
1046 2306 1157 2382 αὐτοῖς.
1172 2308 1256 2371 16καί
1268 2332 1337 2372 συν-

90 2389 277 2472 μεριδαρχίαν
300 2384 354 2469 τήν
370 2387 519 2471 πατρικήν
541 2384 622 2470 ὑμῶν
637 2393 699 2454 τῷν
732 2391 872 2473 ετελέσθη
885 2386 924 2453 τά
937 2395 989 2474 τής
1001 2397 1110 2466 θυσίας
1121 2394 1178 2454 τοῦ
1192 2397 1295 2473 κυρίου
1305 2392 1337 2454 ἑν

90 2473 305 2544 Λευιτῷν,των
318 2468 699 2553 ἐμπροσθεντῶνάδελφῶν
732 2476 826 2558 ἐκείνη
851 2478 889 2566 τῇ
907 2468 1002 2559 ἡμέρᾳ
1021 2472 1151 2575 ἀχθὴναι
1170 2470 1207 2534 τὸ
1223 2465 1336 2554 πάσχα,

93 2549 175 2633 ὑμῶν
189 2557 261 2617 υἱῶν
271 2549 405 2639 Ἰσραήλ,
423 2553 482 2617 θέν
494 2549 573 2630 τάξει
585 2549 698 2620 θύσατε
731 2559 782 2621 καί
803 2546 1010 2641 ἀτροςαχθὴναι
1027 2582 1082 2630 τας
1104 2559 1213 2626 θυσίας
1232 2555 1283 2616 ε’πὶ
1299 2552 1336 2617 τό
1440 2564 1442 2568 ’

91 2635 127 2700 τό
141 2633 255 2719 πάσχα,
269 2637 321 2700 καί
331 2636 386 2711 τάς
398 2642 510 2711 θυσίας
522 2633 698 2718 ἑτοιμάσατε
730 2644 786 2705 τοῦ
811 2645 914 2725 κυρίου
932 2633 1159 2721 θυσιαστήριον,
1185 2633 1264 2699 κατά
1281 2635 1336 2719 τήν

90 2729 156 2794 τοῖς
168 2717 307 2799 ἀδελφοῖς
320 2714 415 2802 ὑμῶν,
440 2723 493 2785 καὶ
505 2716 648 2803 ποιήσατε
660 2721 697 2787 τό
731 2724 872 2808 ἐπιταγήν
884 2727 939 2788 τοῦ
949 2722 1095 2809 βασιλέως
1106 2719 1232 2785 Ἰωσίου.
1250 2720 1277 2761 ¹⁷
1286 2723 1337 2784 καί

88 2799 193 2886 πάσχα
206 2801 284 2866 κατά
296 2802 333 2867 τό
344 2798 519 2887 πρόςταγμα
528 2808 584 2869 τοῦ
594 2812 696 2890 κυρίου
731 2804 886 2891 ἡχάγοσαν
902 2811 933 2872 οἱ
949 2808 1011 2871 υὲοἱ
1026 2803 1147 2888 Ἰσραήλ
1160 2807 1191 2868 οἱ
1203 2799 1337 2889 εὑρεθέν-

88 2885 125 2950 τό
139 2884 231 2951 δοθὲν
241 2889 286 2970 τῷ
295 2890 430 2978 Μωυσῇ.
444 2887 512 2950 7καί
523 2884 696 2992 ἐδωρήσατο
730 2917 776 2965 τες
788 2894 818 2954 ἐν
835 2895 879 2973 τῷ
893 2895 988 2975 καιρῷ
1006 2885 1103 2972 τούτῳ
1122 2885 1159 2952 τό
1171 2884 1272 2971 πάσχα
1286 2889 1337 2952 καὶ
1437 2910 1440 2914 ’

86 2965 204 3044 Ἰωσίας
221 2974 266 3053 τῷ
282 2969 348 3053 λαῷ
371 2983 417 3052 τῷ
433 2965 583 3055 εὑρεθέντι
599 2978 696 3057 αρνῶν
730 2973 784 3058 τήν
801 2972 908 3058 ἑορτήν
921 2980 981 3038 τών
999 2969 1116 3055 ἀζόμων
1128 2970 1237 3055 ἡμέρας
1249 2967 1335 3035 ἑπτά.

88 3056 138 3117 καὶ
154 3056 266 3138 ε’ρίφων
287 3047 449 3135 τριάκοντα
464 3049 614 3138 χιλιάδας,
638 3052 695 3138 μό-
730 3059 817 3121 18ιιαὶ
830 3055 885 3122 οὐκ
899 3055 978 3160 ήχθη
990 3057 1025 3120 τὸ
1039 3053 1141 3159 πάσχα
1154 3060 1294 3121 τοιοῦτον
1307 3056 1337 3117 ἰν

89 3162 175 3220 σχους
192 3135 372 3221 τριςχιλίους.
400 3142 498 3202 ταῦτα
515 3139 546 3201 ἐκ
564 3142 626 3202 τῷν
636 3143 694 3225 βα·
732 3145 776 3223 τῷ
786 3138 907 3224 Ἰσραήλ
921 3167 984 3206 απο
997 3145 1057 3204 τών
1067 3135 1337 3225 χρονωνΣαμουήλ

88 3220 206 3285 σιλικῶν
231 3215 326 3302 ἐδόθη
350 3218 414 3285 κατ’
442 3220 620 3298 ἐπαγγελίαν
648 3227 692 3305 τῷ
730 3228 788 3287 τοῦ
805 3220 973 3325 προφήτου.
999 3226 1091 3287 1οκαί
1106 3220 1214 3295 πάντες
1232 3226 1263 3284 οἱ
1280 3225 1337 3305 βα-

86 3302 166 3385 λαῷ,
192 3305 244 3367 καὶ
255 3313 319 3377 τοῖς
331 3306 449 3390 ἱερεῦσι,
477 3306 529 3368 καὶ
541 3310 691 3381 Λευίταις.
731 3307 816 3381 οιλεῖς
829 3309 883 3369 τοῦ
905 3303 1020 3390 Ισραήλ
1035 3303 1089 3368 οὐκ
1108 3301 1259 3385 ήγάγοσαν
1275 3299 1336 3365 πά-

87 3388 168 3449 8καί
185 3387 275 3450 ἔδωκε
293 3387 438 3461 Χελκίας,
464 3388 516 3451 καί
532 3393 692 3472 Ζαχαρίας,
731 3415 789 3474 σχα
813 3392 965 3461 τοιοῦτον,
991 3387 1057 3450 οἷον
1078 3385 1186 3468 ἤγαγεν
1208 3382 1336 3457 Ἰωσίας,

87 3473 139 3533 καί
156 3468 277 3550 Συὴλος
301 3472 332 3532 οἱ
357 3465 513 3535 ἐπιστάται
538 3477 593 3534 τοῦ
612 3476 636 3535 ἱε
656 3477 693 3536 οῦ
731 3473 783 3536 καί
800 3475 830 3533 οἱ
844 3474 940 3553 ἱερεῖς,
965 3470 1017 3531 καὶ
1033 3471 1064 3530 οἱ
1077 3473 1216 3538 Λευῖται,
1230 3465 1293 3562 ικαί
1306 3468 1337 3528 οἱ

87 3562 151 3625 τοῖς
168 3554 287 3636 ἱερεῦσιν
304 3556 343 3628 εἱς
359 3549 459 3637 πάσχα
476 3551 617 3638 πρόβατα
634 3498 693 3628 ἀις-
727 3553 885 3627 Ἰουδαῖοι,
909 3552 960 3614 καί
972 3553 1032 3623 πᾶς
1045 3545 1169 3631 Ἰσραήλ
1182 3543 1199 3609 ὁ
1211 3550 1337 3629 ευρεθεὶς

87 3636 168 3719 χίλια
179 3630 333 3712 ἑξακόσια,
354 3638 482 3721 μόσχους
495 3642 692 3720 τριακοσίους.
732 3640 763 3699 ἐν
788 3639 827 3720 τῇ
852 3628 1020 3716 κατοικήσει
1046 3629 1147 3695 αὐτῶν
1176 3633 1206 3693 ἐν
1226 3626 1336 3714 Ἰερου-

87 3719 168 3783 9καί.
178 3718 323 3823 Ἰεχονίας,
335 3722 386 3783 καὶ
395 3725 544 3802 Σαμαίας,
558 3720 609 3781 καί
621 3722 693 3782 Να-
733 3713 839 3800 σαλήμ.
876 3721 907 3759 ²⁰
921 3711 1164 3796 ὀκτωκαιδεκάτῳ
1184 3715 1239 3777 ἔτει
1251 3719 1337 3800 βασι-

87 3801 208 3886 θαναήλ
221 3828 238 3866 ο
253 3801 391 3884 ἀδελφός,
410 3805 461 3866 καὶ
472 3801 628 3887 Ἀσαβίας,
643 3804 694 3866 καὶ
732 3797 867 3874 λεάοντος
876 3798 995 3865 Ἰωσίου
1009 3797 1086 3882 ήχθη
1099 3796 1135 3861 τό
1148 3797 1249 3902 πάσχα
1265 3803 1337 3864 τοῦ·

83 3883 229 3970 Ὀχιήλος,
242 3887 294 3949 καί
302 3883 415 3970 Ἰωράμ
428 3884 570 3987 χιλίαρχοι
580 3887 694 3950 ἔδωκαν
732 3911 777 3950 το.
808 3888 835 3925 ²¹
848 3885 899 3948 καὶ
915 3879 1053 3967 ὦρθώθη
1071 3881 1110 3946 τά
1129 3885 1202 3967 ἔργα
1226 3888 1337 3948 Ιωσίου

86 3980 150 4043 τοῖς
158 3974 299 4043 Λευίταις
311 3974 350 4043 εἰς
361 3964 463 4052 πάσχα
475 3973 615 4053 πρόβατα
625 3994 692 4034 πεν-
732 3963 856 4034 ἐντόπιον
873 3972 927 4031 τοῦ
947 3973 1050 4051 κυρίου
1068 3962 1166 4029 αὖτοῦ
1184 3968 1215 4029 ἒν
1228 3968 1337 4051 καρδίᾳ

85 4051 256 4135 τακιςχιλια,
263 4048 390 4136 μόσχους
399 4054 600 4128 ἑπτακοσίους.
610 4055 694 4119 10καὶ
730 4051 834 4137 πλήρει
851 4049 1002 4136 εὐσεβείας.
1029 4052 1059 4091 ²²
1072 4050 1124 4112 καὶ
1141 4047 1180 4113 τά
1197 4048 1259 4114 κατ’
1281 4048 1337 4113 αὖ·

85 4139 184 4200 ταῦτα
197 4133 236 4200 τά
248 4132 386 4219 γενόμενα
400 4134 552 4219 εὐπρεπῶς
565 4139 693 4220 ἑίττηοαν
731 4135 785 4201 τόν
809 4134 842 4201 δὲ
859 4133 1081 4219 ἀναγέγραπται
1098 4135 1129 4198 ἒν
1145 4143 1208 4207 τοῖς
1226 4135 1338 4216 ἐμπρο-

87 4221 119 4282 οἱ
138 4222 221 4303 ἱερεῖς
239 4220 292 4283 καί
312 4223 344 4284 οἱ
359 4224 500 4293 Λευῖται,
526 4223 637 4304 ἔχοντες
655 4219 694 4284 τά
732 4231 805 4286 σθεν
817 4217 946 4304 χρόνοις,
972 4219 1112 4302 περὶτῶν
1125 4212 1337 4301 ἡμαρτηκότων

84 4300 182 4384 ἀζυμα
199 4302 277 4367 κατὰ
294 4301 349 4377 τάς
368 4300 462 4384 φυλάς
479 4304 530 4366 καί
548 4303 627 4368 κατὰ
640 4300 693 4376 τάς
731 4305 783 4367 καὶ
799 4300 986 4389 ἠσεβηκότων
1004 4306 1043 4376 εἰς
1060 4299 1113 4365 τόν
1131 4298 1235 4381 κύριον
1252 4296 1337 4398 παρὰ

82 4385 274 4470 μεριδαρχίας
290 4390 351 4451 τῶν
368 4388 510 4469 πατέρων
523 4387 693 4471 ἔμπροσθεν
731 4388 792 4448 πάν
809 4390 900 4460 ἔθνος
918 4389 969 4450 καὶ
980 4385 1145 4471 βασιλείαν,
1171 4381 1222 4479 καὶ
1234 4376 1256 4442 οἳ
1268 4381 1338 4475 ἑλυ;

83 4473 138 4532 τοῦ
153 4468 242 4545 λαοῦ,
255 4481 449 4551 προςενεγκεῖν
461 4473 503 4554 τῷ
511 4474 603 4557 κυρίῳ
614 4464 692 4534 κατά
731 4494 832 4553 πησαν
851 4464 942 4533 αὐτόν
963 4470 1042 4542 ἐστι,
1066 4465 1117 4527 καὶ
1129 4466 1160 4525 οῖ
1181 4461 1265 4537 λονοι
1283 4484 1338 4604 τίον

1234 4566 1288 4624 κυρ
1302 4567 1339 4606 ου
