2924 4972
172 235 239 301 534
563 237 776 301 ΙΟΤΔΙΘ
817 235 1020 313 Κεφ.ια’.11.

169 350 331 455 γοδονύσορ
343 348 438 436 πάσης
451 358 502 436 τής
513 357 575 434 γής.
597 354 675 415 2καί
693 347 773 414 νύνὸ
808 355 884 424 τῶν,
901 345 1029 430 ὁπηνίκα
1041 348 1080 411 ἀν
1091 345 1258 428 ποιήσωσιν
1272 343 1412 415 ἀτοπίαν.

170 432 241 511 λαός
254 460 334 500 σουο
348 440 493 500 κατοικῶν
505 435 557 516 τήν
569 432 688 517 ὀρεινήν,
701 437 726 496 εί
733 432 773 516 μή
807 435 902 496 12επεν
912 456 971 513 γαρ
984 430 1110 506 εξελιπεν
1123 426 1231 502 αύτούς
1241 426 1280 492 τά
1289 429 1414 515 βρώμα-

171 513 334 598 ἰραύλισάν
343 517 452 600 με,ούκ
463 517 500 579 ἀν
512 507 571 608 ᾖρα
584 515 618 580 τὸ
632 516 705 601 δόρυ
717 542 774 597 μου
809 540 864 587 τα,
889 515 941 577 καὶ
953 516 1119 595 ἐσπανίοθη
1132 516 1193 576 πᾶν
1205 509 1299 596 ύδωρ,
1325 517 1414 599 ἐβου-

170 599 213 665 ἐπ’
231 598 349 674 αύτούς,
363 599 425 664 ἀλλ’
443 597 531 663 αύτοί
544 601 659 673 ἑαυτοῖς
671 603 774 682 ἐποίη-
809 595 952 662 λεύσαντο
969 594 1115 696 ἐπιβαλεῖν
1132 606 1195 667 τοῖς
1213 591 1344 676 κτήνεσιν
1357 599 1416 664 ιιύ-

171 708 226 746 σαν
235 687 340 747 ταῦτα.
355 684 426 746 3καί
435 686 485 747 νῦν
494 681 558 757 λε’γε
565 707 616 764 μοι
627 687 704 755 τίνος
717 687 775 744 ἕνε-
809 682 883 755 τῶν,
908 679 960 742 καὶ
976 703 1078 742 παντα
1091 674 1151 741 ὅσα
1162 677 1341 742 διεστειλατο
1357 680 1414 743 αύ-

169 791 217 830 κεν
225 763 358 847 ἀπίδρας
367 761 418 828 ἀπ’
431 762 531 828 αύτῶν
541 765 593 827 καί
601 752 691 846 ἦλθες
699 759 775 849 πρὸς
809 773 871 836 τοῖς
896 758 914 825 ὁ
931 758 1002 835 θεὸς
1018 763 1049 823 ἐν
1065 770 1129 834 τοῖς
1146 757 1245 842 νόμοις
1261 758 1355 824 ιιύτοῦ
1372 761 1414 845 μή

169 845 264 930 ήμᾶς,·
280 844 353 929 ήκεις
363 844 422 931 γάρ
437 851 475 920 είς
488 851 643 930 σωτηρίαν.
657 841 774 927 θάρσει,
810 856 928 925 φαγεῖν,
947 844 1107 919 διέγνωσαν
1119 843 1297 927 δαπανῆσαι.
1322 845 1350 884 ¹³
1362 848 1415 908 καί

169 934 200 994 ἐν
222 934 259 1031 τη
283 932 365 994 νυκτὶ
386 924 461 993 ταύτ
498 925 552 1010 ζήσ
577 979 586 1004 ,
612 930 664 992 καί
681 934 721 1003 εἶς
736 927 774 993 τὸ
809 926 863 1001 τάς
873 923 1008 1010 ἀπαρχάς
1020 929 1076 990 τοῦ
1089 930 1187 1000 σίτου,
1197 929 1248 990 καί
1261 925 1314 1000 τάς
1327 923 1416 991 δεκά-

168 1003 282 1077 λοιπόν.
304 1012 320 1052 ⁴
334 1009 369 1075 ού
382 1007 441 1096 γάρ
450 956 532 1076 ἔστιν
544 956 577 1085 άς
591 1006 721 1095 ἀδικήσει
734 1036 773 1086 σε,
809 1034 862 1083 τας
881 1015 935 1074 τοῦ
952 1012 1034 1073 οίνου
1048 1010 1165 1072 καὶτοῦ
1178 1008 1294 1081 ἐλαίου,
1320 1005 1341 1072 ἀ
1353 1010 1414 1073 διε-

168 1092 232 1158 ἀλλ’
250 1082 281 1158 a}
298 1119 330 1158 σε
345 1091 461 1176 ποιήσει
479 1093 562 1158 καθά
580 1098 690 1170 γίνεται
707 1105 771 1167 τοῖς
809 1089 945 1172 φύλαξαν
961 1087 1131 1168 ἀγιάσαντες
1149 1103 1211 1164 τοῖς
1229 1094 1333 1174 ἱερεῦσι
1350 1105 1414 1166 τοῖς

167 1174 288 1250 δούλοις
300 1180 354 1240 τοῦ
367 1183 471 1262 κυρίου
478 1202 538 1259 μου
547 1177 771 1263 βασιλέωςΝα·
808 1170 1024 1259 παρεστηκόσιν
1033 1177 1065 1238 ἕν
1073 1169 1262 1258 Ἰερουσαλήμ
1271 1171 1414 1239 ἀπέναντι

186 1255 393 1344 ουγοδονύσορ.
419 1260 433 1303 ⁶
447 1261 498 1324 καί
515 1258 577 1323 εἷπε
588 1258 665 1344 πρὸς
678 1255 772 1323 αὐτὸν
809 1262 863 1320 τοῦ
873 1255 1035 1342 προςοίπου
1048 1260 1103 1320 τού
1115 1260 1190 1320 θεοῦ
1203 1253 1298 1336 ήμῶν,
1318 1263 1412 1341 κεκρί-

174 1343 291 1407 Ιουδίθ.
318 1343 399 1418 διξαι
416 1339 455 1405 τά
473 1341 589 1427 ῥήματα
601 1346 653 1425 τής
664 1337 771 1423 δούλης
807 1363 893 1404 κασιν
904 1340 1096 1416 ἐξαναλῶσαι,
1108 1330 1150 1403 ὦν
1162 1337 1230 1404 οὐδὲ
1240 1349 1306 1412 ταῖς
1318 1343 1415 1424 χερσίν

170 1448 239 1499 οου,
265 1425 316 1488 καί
333 1419 493 1527 λαλησάτω
511 1421 530 1508 ή
550 1425 690 1509 παιδίσκη
715 1449 770 1488 σου
807 1427 936 1504 καθῆκεν
955 1418 1101 1505 ἅψασθαι
1115 1421 1223 1487 ούδίνα
1240 1427 1301 1484 τῶν
1312 1427 1345 1486 ἐκ
1359 1428 1413 1486 τοῦ

164 1505 245 1570 κατὰ
261 1502 423 1590 πρόςωπον
443 1532 511 1579 σου,
536 1508 587 1569 καί
605 1505 660 1570 ούκ
678 1506 769 1583 ἀναγ-
807 1504 893 1569 λαοῦ.
917 1505 945 1546 ¹⁴
958 1508 1009 1570 καὶ
1021 1501 1241 1569 ἀπεστάλκασιν
1255 1502 1414 1590 είςἹερου-

164 1586 241 1666 γελιὸ
253 1589 361 1669 ψεῦδος
373 1593 418 1670 τῷ
429 1594 522 1673 κυρίῳ
531 1614 587 1669 μου
600 1590 631 1652 ἐν
643 1592 681 1681 τῇ
690 1591 771 1653 νυκτί
807 1583 921 1670 σαλήμ,
946 1582 993 1652 ὅτι
1017 1589 1068 1651 καί
1084 1591 1115 1650 οἱ
1135 1590 1196 1651 ἐκεῖ
1210 1593 1413 1664 κατοικοῦντες

164 1664 270 1762 ταύτῃ.
283 1671 359 1734 θκαὶ
369 1669 423 1735 ἐάν
435 1665 698 1763 κατακολουθήσας
708 1681 770 1745 τοῖς
807 1671 949 1753 ἐποίησαν
964 1675 1077 1745 ταῦτα,
1101 1667 1171 1745 τούς
1192 1677 1413 1750 μετοικίσαντας

165 1748 264 1830 λύγοις
293 1756 347 1835 τής
370 1753 526 1837 παιδίσκης
551 1778 620 1830 σου,
656 1753 770 1828 τελείως
808 1751 912 1826 αὐτοῖς
936 1751 991 1836 τήν
1012 1750 1117 1833 ἀφεσιν
1132 1752 1219 1839 παρὰ
1240 1758 1293 1855 τής
1308 1778 1412 1836 γερου-

164 1838 290 1940 πράγμα
301 1830 415 1917 ποιήσει
427 1836 500 1918 μετὰ
512 1839 567 1900 σού
580 1834 597 1900 ὁ
611 1832 697 1911 θεὸς,
720 1839 770 1901 καί
808 1840 882 1909 σίας.
920 1837 947 1878 ¹⁵
960 1837 1011 1900 καί
1035 1839 1119 1900 ἔσται
1142 1833 1183 1909 ὡς
1201 1833 1239 1900 ἂν
1256 1837 1413 1930 αναγγειλη

167 1943 223 1981 ουκ
233 1915 452 1982 ἀποπεσεῑταιὸ
463 1915 562 2003 κύριός
569 1946 626 2001 μου
635 1924 696 1984 τοῖν
705 1922 770 1983 ἐπι·
808 1916 910 1994 αὐτοῖς
921 1921 972 1983 καὶ
983 1915 1143 2000 ποιήσωσι,
1165 1913 1350 2001 δοθήσονταί
1362 1944 1414 1984 σοι

164 1996 353 2083 τηδευμάτων
365 1999 469 2065 αύτοῦ.
493 2003 507 2043 ⁷
520 2004 554 2095 ζή
565 1999 623 2086 γάρ
635 2001 770 2088 βασιλεύς
807 2005 846 2074 είς
859 2000 933 2065 ὄλεθ
952 2027 988 2066 ον
1000 2005 1030 2065 ἐν
1042 2006 1078 2094 τῇ
1089 1998 1182 2086 ήμίρρ
1193 2006 1292 2084 ἐκείνη.
1305 1997 1415 2067 1(λάθεν

164 2080 440 2169 Ναβουχοδονόοορ
452 2079 551 2167 πάσης
563 2088 616 2167 τής
626 2089 694 2167 γῆς,
719 2086 770 2149 καί
808 2082 865 2161 ἐγὼ
893 2027 1023 2169 ήάούλη
1046 2110 1100 2148 σου
1127 2074 1289 2161 ἐπιγνοῦσα
1313 2089 1413 2150 ταῦτα

165 2169 199 2258 ζῇ
210 2165 245 2230 τὸ
254 2162 362 2252 κράτος
371 2165 475 2242 αὐτοῦ,
485 2163 518 2241 ὃς
527 2166 683 2233 ἀπέστειλέ
690 2192 721 2232 σε
731 2173 770 2242 είς
807 2162 908 2231 πάντα
932 2165 1072 2246 ἀπίδρων
1095 2157 1157 2230 ἀπὸ
1174 2162 1336 2250 προςάπου
1354 2165 1413 2232 αύ-

165 2244 356 2355 κατόρθωσιν
368 2246 505 2350 πάσηςιγ
541 2255 587 2330 ής,
604 2245 651 2314 δ’τι
665 2248 769 2334 ούμύ-
808 2251 879 2313 τοῖν.
898 2252 950 2314 καί
962 2247 1159 2331 ἀπίοτειλίμε
1172 2247 1190 2312 ὁ
1203 2249 1276 2324 θεὸς
1287 2255 1414 2335 ποιήσαι

164 2357 217 2397 νον
229 2343 390 2417 ανθρωποι
406 2333 455 2398 δια
471 2332 504 2398 οὲ
569 2331 701 2399 λεύουσιν
714 2331 769 2399 αύ-
807 2330 880 2413 μετά
893 2337 950 2397 σού
962 2328 1140 2417 πράγματα,
1160 2330 1203 2414 ἐφ’
1219 2332 1262 2408 οίς
1276 2329 1413 2417 ἐκστήσε-

164 2418 223 2498 τῷ,
249 2413 327 2482 ἀλλά
353 2417 405 2481 καί
430 2413 470 2482 τά
486 2423 581 2502 θηρία
600 2421 654 2481 τού
671 2415 770 2503 ἀγροῦ
808 2438 858 2478 ται
882 2419 969 2480 πᾶσα
993 2411 1012 2495 ή
1036 2421 1074 2498 γή
1091 2411 1157 2480 ὅσοι
1177 2414 1228 2479 ἐὰν
1244 2412 1414 2481 ἀκούσωσιν

164 2497 215 2562 καλ
232 2499 271 2564 τά
291 2496 379 2582 κτήνη
396 2502 447 2565 καί
463 2497 501 2564 τά
513 2499 631 2564 πετεινά
647 2505 702 2564 τοῦ
717 2496 769 2563 ού-
808 2493 896 2562 αύτά.
935 2495 1022 2563 1’ὅτι
1048 2496 1180 2581 ήδούλη
1198 2524 1253 2563 σου
1270 2497 1413 2584 θεοσεβής

164 2588 259 2661 ρανού
272 2582 320 2648 διά
334 2588 385 2666 τής
397 2578 496 2668 ἰσχύος
504 2609 560 2647 σου
573 2577 709 2667 ζήσανται
720 2584 769 2647 ἐπί
808 2584 879 2657 ἔστι,
885 2582 936 2645 καί
947 2577 1156 2665 θεραπεύουσα
1166 2580 1269 2657 νυκτὸς
1281 2585 1332 2647 καί
1342 2580 1413 2665 ήμέ-

163 2662 453 2751 Ναβουχοδονόσορ,
479 2667 530 2729 καλ
547 2663 646 2731 πάντα
659 2664 711 2729 τὸν
722 2664 768 2731 οἷ-
808 2689 863 2749 ρας
888 2661 940 2728 τὸν
959 2662 1032 2729 θεὸν
1050 2669 1105 2729 τοῦ
1123 2663 1262 2750 ούρανοῦ.
1293 2667 1344 2728 καί
1361 2669 1414 2728 νῦν

163 2770 216 2812 κον
228 2747 332 2812 αὐτοῦ.
360 2750 376 2790 ⁸
390 2743 555 2830 ἠκούσαμεν
570 2745 628 2851 γάρ
646 2746 702 2830 τήν
715 2774 768 2813 σο-
806 2749 882 2829 μενῶ
894 2743 979 2829 παρά
991 2774 1036 2813 σοι
1049 2745 1133 2834 κύριέ
1142 2774 1217 2832 μου,
1242 2750 1292 2812 καί
1304 2741 1413 2822 ἐξελεύ-

164 2835 237 2911 φίαν
250 2855 316 2903 σου,
341 2826 443 2899 καὶτὰ
455 2853 704 2914 πανουργευματα
716 2835 768 2915 τῆς
808 2854 887 2894 σεται
903 2829 922 2913 ή
935 2829 1028 2915 δούλη
1041 2858 1096 2897 σου
1113 2830 1191 2895 κατά
1205 2827 1297 2900 νύκτα
1309 2834 1347 2904 εἰς
1359 2826 1414 2910 τήν

162 2917 259 2996 ψυχῆς
273 2937 336 2986 σου,
351 2912 403 2975 καί
415 2909 560 2995 ἀνηγγέλη
572 2909 656 3005 παύση
670 2917 708 2995 τῆ
719 2917 768 2991 γά,
808 2909 966 2994 φάραγγα,
991 2918 1044 2979 καὶ
1060 2910 1253 2997 προςεύξομαι
1267 2908 1344 2996 πρὸς
1356 2910 1413 2977 τὸν

163 2992 211 3058 ὅτι
230 2991 267 3059 σύ
284 2991 373 3077 μόνος
389 2992 508 3071 ἀγαθὸς
531 2998 563 3061 ἐν
579 2992 664 3080 πάση
680 2986 766 3084 βασι·
807 2993 886 3060 θεάν.
912 3000 963 3060 καί
980 3001 1040 3082 ἐρεῖ
1053 3023 1104 3079 μοι
1120 2991 1193 3060 πότε
1211 2996 1280 3057 ἐποί
1297 3018 1354 3057 σαν
1371 2991 1413 3059 τά

162 3078 243 3161 λείᾳ,
266 3079 317 3142 καί
340 3073 464 3152 δυνατὸς
482 3081 514 3142 ἐν
532 3069 693 3165 ἐπιστήμη,
716 3080 769 3147 καί
807 3076 1007 3163 ἁμαρτήματα
1031 3076 1138 3144 αύτοῦν.
1170 3076 1199 3117 ¹⁸
1210 3076 1261 3137 καί
1276 3022 1413 3141 ύλθούσα

161 3158 340 3242 θαυμαστὸς
363 3163 394 3224 ἐν
412 3156 608 3244 στρατεύμασι
625 3152 766 3245 πύλέμου.
806 3168 994 3244 προςανοίσω
1019 3185 1080 3233 σοι,
1106 3152 1238 3249 ἐξελεύση
1258 3154 1311 3222 σύν
1328 3154 1413 3244 πάση

162 3246 178 3286 ⁰
191 3246 241 3309 καί
258 3248 308 3308 νύν
327 3239 344 3307 ὁ
358 3239 446 3320 λύγος
463 3239 497 3308 ὃν
509 3241 651 3328 ἐλάλησεν
662 3243 767 3347 Ἀχιάρ
807 3250 844 3328 τῆ
858 3243 972 3326 δυνάμει
984 3267 1046 3317 σου,
1057 3242 1109 3304 καί
1122 3238 1178 3305 ούκ
1191 3242 1270 3305 ἔστιν
1283 3237 1316 3316 ὃς
1330 3233 1415 3308 ἀντί-

162 3331 193 3392 ἒν
216 3335 255 3421 τῇ
281 3328 426 3413 συνεδρείσρ
451 3354 517 3407 σου,
544 3324 708 3412 ἠκούσαμεν
728 3355 767 3392 τα
807 3317 945 3413 σ’τήσεταί
957 3327 1047 3403 σοιέξ
1064 3321 1175 3388 αὐτῶν.
1200 3324 1229 3366 ¹⁹
1242 3328 1293 3391 καί
1305 3323 1369 3402 άξοο
1382 3351 1414 3390 σε

163 3407 281 3519 ῥήματα
307 3408 416 3487 αύτού,
453 3407 499 3476 ὅτι
524 3417 767 3497 περιεποιήσαντο
806 3410 1019 3494 διάμέσουτής
1033 3407 1197 3484 Ἰουδαίας,
1224 3412 1280 3483 ἕως
1295 3413 1350 3473 τοῦ
1364 3408 1413 3474 ἔλ-

163 3494 255 3561 αυτὸν
266 3498 297 3560 οῖ
309 3494 410 3582 ἀνδρες
422 3491 589 3571 Βετυλούα,
612 3497 664 3559 καί
675 3491 767 3580 ἀνήγ-
805 3505 872 3560 θεῖν
886 3493 1029 3559 ἀπέναντι
1038 3489 1079 3558 Ἱε
1099 3486 1241 3574 ουοαλήμ.
1260 3494 1310 3555 καί
1322 3487 1412 3575 θήσω

161 3579 253 3656 γειλκν
276 3575 381 3655 αὐτοῖς
403 3576 504 3642 πάντα
529 3574 587 3652 ὅσα
604 3574 769 3662 ἐξελάλησεν
807 3576 859 3643 τὸν
884 3578 991 3661 δίφρον
1012 3601 1065 3645 σου
1083 3599 1114 3640 εν
1128 3577 1211 3658 μεόῳ
1229 3571 1334 3658 αύτής,
1360 3574 1412 3637 καί

162 3660 248 3747 παρὰ
275 3666 331 3726 σοί
370 3663 399 3707 ¹⁰
410 3660 457 3727 διὸ
482 3663 616 3727 δέσποτα
633 3659 711 3747 κύριε
726 3661 767 3745 μή
807 3659 882 3737 ἀξεις
894 3658 1006 3734 αύτούς
1022 3657 1063 3735 ὡς
1074 3658 1214 3744 πρόβατα
1226 3656 1268 3730 οίς
1280 3652 1412 3751 ούκρέστι

162 3742 319 3830 παρέλθῃς
329 3740 383 3807 τὸν
395 3741 487 3823 λόγον
500 3742 606 3820 αύτού,
620 3742 700 3819 ἀλλὰ
712 3772 766 3810 κα-
807 3739 925 3828 ποιμήν.
939 3744 991 3807 καί
1001 3740 1037 3806 ού
1049 3739 1145 3826 γρύξει
1155 3736 1232 3805 κύων
1241 3742 1278 3830 τῇ
1289 3737 1412 3832 γλωσση

163 3823 263 3891 τάθου
285 3822 380 3890 αύτὸν
397 3830 427 3892 ἐν
445 3831 483 3910 τῆ
500 3829 608 3913 καρδίᾳ
626 3854 695 3906 σου,
721 3825 768 3892 ὅτι
809 3826 905 3894 αὐτοῦ
923 3824 1067 3890 ἀπέναντί
1080 3851 1149 3898 σου,
1175 3819 1221 3889 ὅτι
1231 3825 1328 3885 ταῦτα
1342 3821 1414 3885 ἔλα-

165 3902 281 3990 ἀληθής
299 3909 383 3979 ἐστιν.
423 3900 471 3974 ού’
484 3908 542 4016 γάρ
562 3912 713 3976 ἐκδικάται
732 3910 768 3974 τὸ
808 3908 888 3995 λήθη
906 3934 956 3990 μοι
974 3905 1053 3974 κατὰ
1071 3904 1240 3992 πρόγνωσίν
1258 3930 1332 3989 μου,
1362 3909 1416 3970 καὶ

164 3993 247 4068 γένος
260 3986 353 4072 ήμῶν,
366 3990 403 4055 ού
417 4017 561 4098 κατισρυει
572 3997 708 4079 ῥομφαία
721 3991 766 4058 ἐπ’
808 3991 960 4075 ἀπηγγέλη
968 4017 1027 4072 μοι,
1035 3993 1088 4055 καί
1097 3988 1268 4072 ἀπεστάλην
1277 3985 1415 4064 ἀναγγεῖ-

165 4068 287 4145 αύτούς,
314 4071 366 4135 ἐὰν
389 4072 429 4157 μή
456 4073 629 4161 ἁμάρτωσιν
652 4079 691 4150 είς
715 4073 770 4140 τὸν
806 4075 861 4140 λαί
873 4101 929 4140 σοι.
953 4078 984 4118 ²⁰
997 4077 1048 4140 καί
1061 4073 1170 4160 ἤρεσαν
1182 4077 1212 4139 οί
1225 4069 1310 4149 λόγοι
1323 4070 1416 4154 αύτής

163 4153 238 4219 θεὸν
250 4153 358 4218 αύτῶν.
376 4160 401 4197 ¹¹
414 4159 464 4220 καί
477 4163 527 4222 νῦν
539 4163 588 4222 ἵνα
600 4157 639 4240 μή
651 4160 769 4240 γένηται
807 4163 941 4224 ἐναντίον
967 4153 1169 4243 ’ολοφε’ρνου,
1206 4158 1258 4221 καί
1281 4159 1414 4220 ἐναντίον

166 4235 184 4303 ὁ
205 4233 303 4322 κύριός
318 4263 375 4318 μου
394 4239 515 4323 δ’κβολος
537 4242 588 4305 καί
605 4239 769 4326 ἀπρακτος,
809 4238 929 4308 πάντων
945 4245 1006 4308 τῶν
1022 4236 1216 4325 θεραπόντων
1228 4237 1339 4312 αύτού,
1364 4239 1416 4303 καί

164 4323 214 4386 καί
224 4323 403 4386 ἐπιπεσεῖται
413 4319 547 4400 θάνατος
553 4324 603 4388 ε’πλ
612 4319 771 4408 πρόςωπον
808 4323 987 4410 ἐθαύμασαν
1005 4328 1056 4390 ἐπὶ
1070 4329 1108 4410 τῇ
1123 4329 1216 4406 σοφίᾳ
1230 4319 1340 4403 αύτής,
1364 4323 1416 4384 καί

165 4402 280 4482 αύτιόν,
298 4407 350 4470 καὶ
361 4400 537 4490 κατελάβετο
551 4404 660 4483 αύτούς
673 4406 770 4493 ἆμάο-
808 4407 900 4474 εἶπαν.
940 4407 1037 4473 21ούκ
1056 4410 1118 4472 ἔστι
1138 4402 1261 4489 τοιαύτη
1276 4400 1349 4486 γυνή
1362 4399 1413 4468 ἀπ’

164 4515 243 4574 τημα
262 4491 292 4554 ἰν
309 4482 335 4575 ᾧ
347 4494 545 4577 παροργιούσι
562 4490 615 4557 τὸν
629 4490 701 4558 θεὸν
713 4472 768 4557 αύ-
809 4491 904 4580 ἄκρου
917 4496 972 4566 ἕως
984 4489 1078 4572 ἀκρου
1094 4494 1146 4573 τής
1156 4493 1210 4572 γης
1226 4487 1310 4571 καλῷ
1322 4510 1419 4590 προς-

1339 4593 1418 4634 απω
