2924 4972
162 213 230 287 976
286 206 665 279 ΜΑΚΚΑΒΛῙΩΝ
688 209 897 269 ΠΡΩΤΟΣ
947 201 1067 284 Καβί.
1082 198 1132 266 ια’.
1149 205 1269 269 10.1ί.

159 343 260 414 θησαν
273 333 304 393 οί
315 331 396 393 πατ’
413 352 441 401 ες
451 351 505 390 σου
517 329 548 389 ὲν
557 329 595 404 τῆ
604 327 643 416 γῆ
652 322 763 388 αὐτῶν.
799 323 829 365 87
842 323 893 386 καί
901 323 1082 405 ἐπέστρεψεν
1088 315 1242 384 Ἰωνάθαν
1250 324 1295 393 είς
1303 316 1420 406 Ἰερου-

160 415 251 477 78καί
269 416 321 478 νῦν
340 353 505 492 σίνεδυνήση
525 394 693 490 ὑπόστῆναι
710 404 765 490 τήν
800 403 898 487 σαλήμ
920 402 974 469 σύν
995 415 1058 479 τοῖς
1080 401 1150 486 παρ’
1175 400 1278 466 αὐτοῦ
1306 405 1422 505 ἔχοντες

159 501 253 561 ίππον
265 496 316 558 καὶ
326 489 449 575 δύναμιν
458 480 600 574 τόιαύτην
608 493 640 554 ἐν
653 493 698 553 τω
711 513 762 553 πε·
800 488 896 554 σκῦλα
917 482 1029 551 πολλά.
1055 486 1087 529 88
1101 489 1152 551 καί
1173 488 1296 564 ἐγένετο
1319 514 1366 564 ως
1391 487 1406 509 '‘

160 581 225 653 δίω,
239 574 319 642 ὅπου
332 574 386 639 οὐκ
400 579 462 639 ε”στι
475 574 562 649 λίθος
576 571 646 638 ούδέ
658 554 766 655 κόχλαξ
800 596 904 636 κουσεν
925 569 1118 654 Ἀλέξανδρος
1139 565 1158 633 ό
1181 569 1328 655 βασιλεὺς
1350 598 1422 647 τους

161 645 231 727 οὐδὲ
255 654 350 733 τόπος
371 662 428 722 τοῦ
451 669 560 739 φυγεῖν.
587 657 618 698 ⁷⁴
632 655 717 731 ὡςδὲ
735 654 766 705 ”-
801 651 905 731 λόγους
917 650 1057 727 τούτους,
1082 655 1134 716 καί
1145 656 1321 738 προςέθετο
1334 651 1421 732 δοξά-

161 768 265 808 κουσεν
284 736 438 806 Ἰωνύθαν
455 745 516 805 τῶν
538 738 637 817 λόγων
654 682 766 803 Ἀπολ-
801 763 852 803 σαι
865 736 921 802 τόν
938 735 1098 802 Ἰωνάθαν.
1125 737 1157 779 88
1170 738 1224 801 καί
1241 735 1422 804 ἀπέστειλεν

161 827 281 899 λωνίου,
295 820 420 907 ἐκινήθη
433 829 470 906 τῆ
483 823 615 905 διανοίᾳ,
634 826 686 887 καί
697 823 767 885 ἐπέ·
802 819 886 904 αὐτῷ
908 815 1027 904 πόρπην
1047 823 1170 904 χρυσῆν,
1188 815 1232 895 ὡς
1256 823 1338 898 ἔθος
1362 827 1423 888 ἐστί

161 910 221 985 λεξε
234 910 307 973 δέκα
319 900 457 992 χιλιάδαςΙ
465 905 594 992 ἀνδρῶν,
620 909 672 970 καὶ
684 904 768 988 ἐξῆλ-
802 904 943 969 δίδοσθαι
956 915 1018 978 τοῖς
1029 905 1173 981 συγγενέα
1183 906 1248 966 τῶν
1255 905 1422 990 βασιλέων.

163 1004 217 1057 θεν
239 987 497 1094 ίξἾερουσαλήμ,
519 990 570 1053 καί
593 985 768 1071 συνήντησεν
803 989 854 1052 καί
875 987 983 1051 ἔδωκεν
1008 984 1091 1090 αύτοῆ
1114 983 1170 1067 τήν
1184 982 1351 1072 Ἀκκαριύν
1373 991 1424 1055 καί

163 1074 248 1157 αὐτῷ
272 1080 376 1155 Σίμων
403 1069 570 1152 όαδελσὸς
595 1069 690 1136 αὐτοῦ
716 1072 767 1134 ἐπί
803 1066 903 1135 πάντα
915 1068 955 1134 τδι
968 1066 1036 1153 ὅρια
1046 1073 1140 1152 αυτῆς
1150 1073 1188 1144 εἰς
1201 1069 1422 1154 κληροδοσίαν.

162 1154 305 1244 βοήθειαν
321 1154 424 1221 αύτού.
457 1157 485 1198 78
500 1157 551 1220 καὶ
569 1153 767 1240 παρενέβαλεν
981 1159 1055 1217 ΚΕ
1069 1157 1108 1216 Φ.
1152 1149 1232 1217 1A'.

163 1242 213 1305 ἐπί
223 1237 358 1322 Ἰόππην,
374 1240 425 1303 καί
437 1236 615 1303 ἀπέκλεισαν
628 1235 721 1302 αὐτὸν
734 1239 767 1300 ἐκ
803 1202 890 1301 Καὶ
907 1232 926 1301 ό
943 1235 1081 1321 βασιλεύς
1101 1233 1270 1313 Αίγύπτου
1291 1236 1422 1325 ἤθροισε

163 1328 216 1407 τῆς
227 1319 355 1398 πόλεως,
379 1320 426 1386 ὅτι
439 1321 557 1406 φρουρὰ
565 1320 768 1387 Ἀπολλωνίου
804 1320 937 1403 δυνάμεις
957 1317 1072 1394 πολλὰς
1094 1316 1135 1393 ὡς
1159 1317 1214 1403 τήν
1236 1319 1344 1405 ἅμμον
1370 1324 1421 1408 τήν

163 1409 193 1470 ἐν
216 1403 338 1487 Ἰόππη,
376 1407 428 1469 καί
452 1405 638 1488 ἐπολέμησαν
665 1403 768 1487 αὐτήν.
804 1405 873 1487 περὶ
897 1402 934 1468 τό
973 1403 1048 1477 εῒλσς
1075 1407 1128 1484 τῆς
1153 1402 1339 1490 θαλάσσης,
1372 1410 1421 1472 καί

164 1492 193 1533 78
207 1491 257 1552 καί
274 1477 458 1574 φοβηθέντες
475 1486 596 1572 ήνοιξαν
619 1492 649 1551 σί
666 1491 699 1552 ἐκ
717 1492 769 1571 τῆς
806 1487 901 1551 πλοῖα
912 1429 1020 1552 πολλά.
1056 1488 1107 1552 καί
1125 1481 1245 1570 ἐζήτησε
1262 1515 1420 1576 κατακρα-

163 1567 344 1645 πόλεως,καί
353 1576 516 1656 ἐκυρίευσεν
525 1566 678 1635 Ἰωνάθαν
685 1568 769 1634 Ἰόπ-
807 1575 895 1653 τῆσαι
912 1574 963 1654 τῆς
980 1568 1130 1651 βασιλείας
1143 1566 1351 1657 Ἀλεξάνδρου
1371 1570 1421 1640 δό-

163 1677 228 1736 πης.
256 1656 285 1697 77
298 1656 348 1717 καί
361 1652 483 1736 ήκουσεν
492 1648 705 1728 Ἀπολλώνιος,
719 1657 770 1718 καί
807 1653 861 1729 λω,
872 1654 925 1718 καί
935 1662 1113 1735 προςθεῖναι
1121 1649 1217 1736 αὐτήν
1228 1659 1268 1718 τί
1279 1658 1420 1741 βασιλείᾳ

164 1737 343 1824 παρενέβαλε
360 1736 518 1822 τριςχιλίαν
535 1741 631 1802 ’ίππον
648 1739 700 1801 καί
716 1732 769 1802 δύ·
808 1719 913 1801 αύτσῦ.
952 1736 1031 1800 8κσί
1043 1735 1167 1818 ἐξῆλθεν
1179 1741 1219 1811 είς
1231 1684 1354 1823 ἐυρίαν
1367 1739 1419 1807 λό-

165 1845 253 1905 ναμιν
265 1820 391 1904 πολλήν,
404 1821 456 1884 καί
465 1816 617 1905 ἐπορεύθη
629 1818 769 1897 είςἍζω-
806 1846 869 1897 γοις
882 1824 1048 1904 εἰρηνικοῖς,
1073 1821 1125 1883 καί
1143 1816 1268 1903 ήνοιγον
1284 1821 1376 1905 αὐτῷ
1389 1827 1419 1888 οί

165 1929 218 1968 τον
231 1901 272 1977 ὡς
284 1898 433 1979 διοδεύων,
453 1907 503 1968 καί
515 1903 578 1985 ἅμα
590 1907 718 1989 προῆγεν
730 1907 769 1977 εἰς
807 1901 871 1967 ἀπὸ
884 1908 945 1966 τῶν
956 1900 1085 1977 πόλεων,
1098 1904 1150 1968 καί
1157 1900 1304 1987 συνήντων
1315 1906 1415 1986 αὐτῷ,

164 1985 200 2050 τὸ
213 1986 326 2060 πεδίον,
340 1984 438 2049 διὰτὸ
455 1989 529 2068 ἔχειν
542 1984 638 2050 αὐτὸν
650 1987 769 2069 πλῆθος
808 1982 858 2050 ότι
874 1983 978 2067 ἐντολή
996 1975 1033 2067 ῆν
1047 1982 1232 2090 Ἀλεξάνδρου
1249 1990 1309 2050 τοῦ
1320 1989 1414 2072 βασι-

163 2070 259 2132 ’ίππου
272 2070 322 2131 καί
335 2070 511 2131 πεποιθέναι
525 2066 569 2132 ἐπ’
585 2066 672 2149 αὐτῆ.
687 2071 769 2132 78καὶ
807 2067 881 2143 λέως
893 2074 1039 2151 συναντᾷν
1056 2068 1138 2151 αὐτῷ
1149 2069 1198 2133 δια
1209 2066 1248 2133 τὸ
1262 2072 1417 2157 πενθερὸν

163 2152 335 2225 κατεδίωξεν
345 2145 496 2214 Ἰωνάθαν
508 2148 607 2216 ὀπίσω
621 2140 719 2216 αύτοῦ
730 2156 769 2226 είς
807 2150 903 2220 αὐτοῦ
916 2151 997 2216 εἶναι.
1038 2154 1052 2194 ³
1066 2150 1107 2229 ὡς
1123 2151 1154 2218 δέ
1166 2152 1365 2260 εἰςεπορεύετο
1379 2162 1416 2232 εἶς

160 2232 303 2310 Ἄζωτον,
317 2236 369 2299 καί
386 2238 523 2316 συνῆψαν
541 2237 575 2298 αί
586 2233 770 2320 παρεμβολαί
808 2232 861 2311 τὰς
879 2234 980 2311 πόλεις
998 2233 1015 2300 ὁ
1036 2237 1240 2320 Πτολεμαῖος,
1260 2243 1416 2304 απέτασσε

163 2322 202 2392 είς
219 2313 358 2400 πόλεμον.
386 2318 415 2359 78
429 2319 479 2381 καί
497 2316 643 2383 άπελιπεν
659 2317 769 2383 Ἀπολ·
807 2315 861 2394 τάς
880 2314 1010 2402 δυνάμεις
1027 2320 1162 2406 φρουράν
1183 2325 1214 2386 ἐν
1232 2319 1347 2404 ἑκάστη
1359 2319 1414 2387 πό·

164 2395 270 2475 λιόνιος
280 2401 378 2484 χιλίαν
387 2405 483 2465 ἵππον
495 2403 527 2465 ἐν
538 2407 661 2486 κρυπτῷ
676 2398 767 2465 κατό-
807 2403 856 2466 λει.
884 2402 901 2445 ⁴
914 2399 955 2477 ὡς
966 2404 1000 2466 δέ
1011 2403 1124 2507 ήγγισεν
1132 2401 1278 2483 Ἀζώτου,
1304 2394 1414 2484 ἔδειξαν

163 2493 272 2548 πισθεν
285 2484 394 2547 αὐτων.
426 2485 459 2526 88
473 2486 524 2549 καί
537 2481 769 2561 ε”γνωἸωνύθαν
807 2485 892 2569 αὐτῷ
908 2487 943 2550 τὸ
968 2490 1046 2570 ἱερου
1064 2488 1176 2566 Λαγών
1196 2493 1415 2574 ἐμπεπυρισμέ·

165 2566 211 2631 ότι
229 2570 306 2632 ἐστιν
327 2569 443 2652 ἕνεδρον
460 2564 640 2632 κατόπισθεν
660 2566 766 2642 αὐτοῦ,
806 2593 867 2643 νον,
879 2568 1171 2647 καίἌζσιτονκαίτά
1180 2568 1341 2656 περιπόλια
1354 2571 1414 2636 αύ-

164 2653 215 2715 καί
233 2648 404 2716 ἐκύκλωσαν
426 2648 522 2715 αὐτοῦ
544 2649 598 2734 τήν
615 2657 766 2736 παρεμβο-
806 2657 856 2736 τῆς
869 2657 1077 2739 καθηρημένα,
1103 2653 1204 2721 καὶτὰ
1222 2653 1347 2738 σάματα
1361 2657 1409 2738 ἐρί-

164 2734 226 2817 λῆν,
240 2737 290 2798 καί
304 2734 469 2810 ἐξετίναξαν
486 2731 539 2808 τὰς
553 2737 650 2816 σχίζας
663 2741 702 2809 είς
714 2734 767 2800 τὸν
805 2726 942 2821 ῥιμμέναζ
968 2740 1019 2802 καί
1044 2739 1118 2815 τούς
1142 2743 1413 2824 ἕμπεπυρισμίνσυς

161 2816 238 2880 λαόν
255 2822 288 2881 ἐκ
307 2819 443 2901 πρωίθεν
466 2821 521 2891 ἕως
539 2819 675 2901 ἑσπέρας.
703 2819 731 2861 ⁸¹
746 2816 763 2883 ὁ
806 2817 859 2894 οὓς
871 2816 1039 2906 ἐνεπύρισεν
1051 2828 1082 2887 ἐν
1102 2828 1147 2905 τῷ
1160 2823 1293 2908 πολέμῳ,
1308 2827 1411 2904 ἐποίη-

161 2900 191 2963 δί
207 2898 280 2977 λαός
293 2898 414 2983 εἱστήκει
427 2898 533 2974 καθώς
546 2903 687 2977 ἐπέταξεν
698 2901 765 2965 Ἰω-
804 2928 859 2968 σαν
871 2902 929 2988 γάρ
948 2912 1103 2988 θημωνίας
1122 2907 1225 2970 αὐτῶν
1244 2911 1277 2969 ἐν
1295 2912 1338 2990 τῆ
1353 2907 1414 2989 ὁδῳ

160 2979 277 3059 νόθαν,
302 2987 351 3048 καί
370 2989 534 3049 ἐκοπίασαν
551 2987 581 3047 ολ
598 2989 689 3049 ἵπποι
708 2985 764 3049 αιἰ-
804 2985 911 3052 αὐτοῦ.
925 2989 995 3052 8καί
1008 2987 1185 3071 διηγήσαντο
1198 2992 1243 3087 τορῖ
1254 2978 1417 3070 βασιλεΐᾶ

160 3072 229 3129 τῶν.
255 3070 286 3109 88
299 3069 349 3131 καί
363 3066 480 3132 ε’ίλκυσε
493 3074 596 3147 Σίμων
610 3067 665 3150 τήν
676 3066 764 3133 δύνα-
804 3076 941 3153 ἐποίησεν
965 3069 1124 3144 Ἰωνύθαν,
1142 3073 1181 3140 είς
1204 3091 1239 3129 το
1266 3076 1416 3154 ψογῆσαι

157 3172 203 3229 μιν
216 3148 330 3222 αὐτοῦ,
357 3153 408 3212 καί
421 3156 533 3231 συνῆψε
546 3151 623 3234 πρός
636 3151 690 3234 τήν
703 3147 763 3233 σά-
804 3150 905 3218 αύτόν.
932 3156 982 3218 καὶ
999 3157 1127 3233 ἐσίγησεν
1139 3152 1156 3215 ὁ
1169 3149 1316 3235 βασιλεύς.
1332 3156 1349 3197 8
1363 3160 1415 3220 καί

157 3256 264 3313 ραγγα.
277 3227 294 3315 ή
307 3229 365 3314 γάρ
375 3236 468 3305 ’ίππος
478 3228 602 3315 ἐξελύθη
615 3237 667 3297 καί
679 3261 764 3300 συνε·
804 3232 975 3320 συνήντησεν
995 3233 1145 3299 Ἰωνάθαν
1167 3239 1212 3316 τῷ
1229 3236 1355 3339 βασιλεῖ
1374 3244 1413 3315 εἷς

156 3319 301 3401 τρίβησαν
327 3310 377 3379 ὑπ’
407 3312 524 3391 αὐτοῦ,
569 3318 620 3380 καί
645 3320 762 3399 ἔφυγον.
800 3316 924 3401 Ἰόππην
941 3316 1013 3399 μετὰ
1028 3315 1132 3401 δόξης,
1159 3320 1210 3383 καί
1227 3316 1410 3402 ησπάσαντο

157 3398 187 3438 88
200 3401 252 3463 καί
263 3394 281 3481 ῆ
294 3403 387 3473 ’ίππος
405 3401 590 3483 ἕσκορπίσθη
607 3403 639 3465 ἐν
652 3408 696 3486 τῷ
710 3428 763 3467 πε-
803 3400 958 3485 ἀλλήλους,
969 3401 1019 3464 καί
1032 3397 1234 3487 ἐκοιμήθησαν·
1249 3407 1318 3469 ἐκεῖ.
1334 3408 1347 3448 7
1360 3407 1411 3468 καί

155 3481 221 3563 δίῳ,
236 3484 287 3545 καί
301 3485 412 3559 ὲίηυγον
426 3484 616 3559 είςἍζωτον,
644 3488 763 3560 καλεῖς·
802 3480 951 3572 ἐπορεύθη
972 3480 1125 3550 Ἰωνάθου
1147 3483 1221 3568 μετὰ
1240 3493 1300 3552 τοῦ
1323 3493 1408 3574 βασι-

155 3562 251 3645 ῆλθον
264 3562 483 3645 είςΒηθδαγών
495 3565 533 3630 τὸ
546 3567 692 3632 είδωλεῖον
705 3567 761 3633 αύ-
802 3569 875 3645 λέως
889 3575 944 3645 ἕως
962 3573 1020 3633 τοῦ
1031 3577 1172 3653 ποταμοῦ
1187 3575 1243 3634 τοῦ
1262 3566 1408 3656 καλουμέ-

154 3650 215 3707 τεόν
234 3650 289 3708 τοῦ
308 3653 454 3727 σωθῆναι.
480 3648 513 3691 88
526 3652 576 3714 καί
598 3648 760 3729 ἐνεπύρισεν
801 3677 853 3717 νου
874 3647 1066 3737 Ἐλευθέρου,
1087 3656 1139 3718 καὶ
1163 3648 1344 3738 ἐπέστρεψεν
1367 3659 1410 3728 είς

150 3721 303 3791 Ἰωνάθαν
315 3729 369 3810 τήν
383 3729 512 3806 Ἄζωτον
528 3735 578 3796 καί
594 3733 648 3807 τὰς
660 3730 759 3809 πόλεις
796 3731 1000 3819 Ἰερουσαλήμ.
1028 3736 1043 3779 8
1056 3735 1074 3800 ὁ
1087 3735 1120 3801 δὲ
1136 3733 1273 3823 βασιλεύς
1289 3737 1410 3803 Πτολε-

152 3805 207 3880 τὰς
219 3804 317 3893 κύκλῳ
331 3812 430 3895 αὐτῆς,
444 3816 494 3877 καί
507 3815 597 3899 ἔλαβε
611 3815 649 3879 τά
664 3819 758 3881 σκῦλα
799 3832 889 3900 μαῖος
906 3823 1051 3904 ἐκυρίευσε
1068 3824 1130 3885 τῶν
1147 3818 1265 3884 πόλεων
1280 3825 1336 3904 τῆς
1347 3848 1412 3886 πα-

153 3888 264 3965 αύτῶν,
279 3896 341 3991 ’καί
354 3894 389 3958 τὸ
409 3895 487 3980 ἱερὸν
500 3897 610 3976 Λαγών
622 3902 673 3963 καί
690 3900 759 3976 τοὺς
800 3903 906 3981 ραλίας
924 3909 980 3978 ἕως
997 3902 1166 3978 Σελευκείας
1189 3909 1242 3987 τῆς
1257 3916 1413 3987 παραθα-

152 3998 359 4054 συμφυγοντας
373 3983 411 4051 εἰς
424 3977 500 4044 αύτό
514 3979 663 4066 ἐνεπύρισε
675 3991 756 4069 πυρί..
798 3986 932 4063 λασσίας,
944 3988 997 4051 καί
1008 3987 1181 4065 διελογίζετο
1193 3988 1260 4070 περί
1270 3983 1414 4064 Ἀλεξάν-

150 4055 180 4098 88
194 4058 244 4120 καὶ
257 4061 394 4134 ἐγένοντο
408 4065 437 4124 οῖ
448 4062 636 4141 πεπτωκότες
647 4075 758 4152 μαχαί-
797 4071 872 4153 δρου
887 4069 1049 4150 λογισμούς
1061 4068 1216 4156 πονηρούς.
1242 4070 1318 4134 8καί
1330 4069 1414 4138 ἇπέ-

149 4163 189 4223 oq(
203 4140 257 4205 σύν
274 4152 338 4214 τοῖς
351 4144 574 4225 ἐμπυρισθεῖσιν
592 4155 631 4224 εἷς
648 4151 757 4235 ἄνδρας
797 4153 889 4218 στειλε
908 4150 1047 4301 πρέσβεις
1070 4153 1149 4240 πρὸς
1166 4147 1339 4238 Δημήτριον
1356 4157 1414 4221 τὸν

150 4220 387 4309 ὀκτακιςχιλίους.
411 4228 442 4268 88
456 4232 506 4292 καὶ
519 4229 632 4322 ἀπῆρεν
645 4236 757 4300 ἐκεῖθεν
793 4238 944 4324 βασιλέα,
1002 4236 1086 4315 ε’γων.
1116 4239 1202 4323 δεῦρο
1218 4234 1415 4323 συνθώμεθα

146 4303 307 4385 Ἰωνάθου,
321 4312 371 4372 καί
384 4314 579 4396 παρενέβαλεν
588 4316 756 4383 ἐπίἈσκιί-
794 4320 871 4404 πρὸς
884 4320 1012 4395 ἑαυτούς
1024 4318 1242 4406 διαθήκην,καί
1253 4322 1346 4386 δώσω
1364 4350 1414 4390 σοι

147 4385 245 4464 ύωθίῑ,
264 4397 323 4492 [καὶ
337 4393 465 4477 ἐξῆλθον
485 4398 514 4457 οῖ
528 4399 561 4457 ἐκ
573 4401 625 4479 τῆς
638 4397 754 4479 πόλεως
793 4407 847 4489 τήν
871 4402 1031 4488 θυγατέρα
1050 4430 1110 4486 μου
1130 4403 1167 4489 ῆν
1191 4409 1247 4489 ἔχει
1262 4400 1416 4482 Ἀλέξαν-

143 4473 184 4547 ‘33
197 4492 375 4563 61¹7thth
389 4474 474 4564 aba?
493 4481 524 4542 ἓν
542 4476 615 4573 δόξῃ
627 4483 751 4583 μεγάλη.
792 4489 877 4575 δρος,
901 4493 953 4556 καί
974 4483 1159 4576 βασιλεύσεις
1180 4493 1234 4575 τῆς
1254 4492 1415 4576 βασιλείας

1350 4602 1412 4642 του
