<?xml version="1.0" encoding="UTF-8"?>
<!DOCTYPE html PUBLIC "-//W3C//DTD XHTML 1.0 Transitional//EN"
    "http://www.w3.org/TR/xhtml1/DTD/xhtml1-transitional.dtd">
<html xmlns="http://www.w3.org/1999/xhtml" xml:lang="en" lang="en">
 <head>
  <title>
</title>
<meta http-equiv="Content-Type" content="text/html;charset=utf-8" />
  <meta name='ocr-system' content='tesseract 3.04.00' />
  <meta name='ocr-capabilities' content='ocr_page ocr_carea ocr_par ocr_line ocrx_word'/>
</head>
<body>
  <div class='ocr_page' id='page_1' title='image "./vetustestamentu00essgoog_0720.png"; bbox 0 0 2924 4972; ppageno 0'>
   <div class='ocr_carea' id='block_1_1' title="bbox 444 234 1353 310">
    <p class='ocr_par' dir='ltr' id='par_1_1' title="bbox 444 234 1353 310">
     <span class='ocr_line' id='line_1_1' title="bbox 444 234 1353 310; baseline 0.003 -14"><span class='ocrx_word' id='word_1_1' title='bbox 444 235 797 298; x_wconf 85' lang='grc' dir='ltr'><em>ΠΑΡΟΙΜΙΑΙ</em></span> <span class='ocrx_word' id='word_1_2' title='bbox 836 234 1009 310; x_wconf 84' lang='grc' dir='ltr'><strong><em>Κεφ.α’.1.</em></strong></span> <span class='ocrx_word' id='word_1_3' title='bbox 1287 235 1353 299; x_wconf 85' lang='grc'><strong><em>639</em></strong></span> 
     </span>
    </p>
   </div>
   <div class='ocr_carea' id='block_1_2' title="bbox 103 351 1357 1354">
    <p class='ocr_par' dir='ltr' id='par_1_2' title="bbox 103 351 1357 1354">
     <span class='ocr_line' id='line_1_2' title="bbox 110 351 1353 443; baseline 0.001 -20"><span class='ocrx_word' id='word_1_4' title='bbox 110 351 206 434; x_wconf 74' lang='grc' dir='ltr'><strong><em>Οὗτος</em></strong></span> <span class='ocrx_word' id='word_1_5' title='bbox 217 353 235 423; x_wconf 82' lang='grc' dir='ltr'><strong>ὅ</strong></span> <span class='ocrx_word' id='word_1_6' title='bbox 251 358 370 442; x_wconf 81' lang='grc' dir='ltr'><strong><em>ψαλμδς</em></strong></span> <span class='ocrx_word' id='word_1_7' title='bbox 383 356 553 443; x_wconf 79' lang='grc' dir='ltr'><strong><em>ίδιόγραφος</em></strong></span> <span class='ocrx_word' id='word_1_8' title='bbox 564 362 604 433; x_wconf 83' lang='grc' dir='ltr'><strong><em>είς</em></strong></span> <span class='ocrx_word' id='word_1_9' title='bbox 615 359 712 422; x_wconf 85' lang='grc' dir='ltr'><strong><em>Δαυὶδ</em></strong></span> <span class='ocrx_word' id='word_1_10' title='bbox 750 362 804 421; x_wconf 83' lang='grc' dir='ltr'><strong><em>τοῦ</em></strong></span> <span class='ocrx_word' id='word_1_11' title='bbox 817 352 933 440; x_wconf 87' lang='grc' dir='ltr'><strong><em>πατρός</em></strong></span> <span class='ocrx_word' id='word_1_12' title='bbox 951 383 1025 439; x_wconf 91' lang='grc' dir='ltr'><strong><em>μου,</em></strong></span> <span class='ocrx_word' id='word_1_13' title='bbox 1050 358 1101 419; x_wconf 82' lang='grc' dir='ltr'><strong><em>καί</em></strong></span> <span class='ocrx_word' id='word_1_14' title='bbox 1114 361 1210 441; x_wconf 80' lang='grc' dir='ltr'><strong><em>ε”χρισέ</em></strong></span> <span class='ocrx_word' id='word_1_15' title='bbox 1220 384 1254 438; x_wconf 91' lang='grc' dir='ltr'><strong><em>με</em></strong></span> <span class='ocrx_word' id='word_1_16' title='bbox 1267 363 1297 424; x_wconf 82' lang='grc' dir='ltr'><strong><em>ἐν</em></strong></span> <span class='ocrx_word' id='word_1_17' title='bbox 1310 365 1353 443; x_wconf 80' lang='grc' dir='ltr'><strong><em>τῷ</em></strong></span> 
     </span>
     <span class='ocr_line' id='line_1_3' title="bbox 105 437 1357 526; baseline 0.001 -20"><span class='ocrx_word' id='word_1_18' title='bbox 105 444 158 506; x_wconf 79' lang='grc' dir='ltr'><strong><em>καί</em></strong></span> <span class='ocrx_word' id='word_1_19' title='bbox 173 446 289 520; x_wconf 79' lang='grc' dir='ltr'><strong><em>ε”ξωθεν</em></strong></span> <span class='ocrx_word' id='word_1_20' title='bbox 301 446 357 507; x_wconf 81' lang='grc' dir='ltr'><strong><em>τοῦ</em></strong></span> <span class='ocrx_word' id='word_1_21' title='bbox 369 440 518 526; x_wconf 80' lang='grc' dir='ltr'><strong><em>ἀριθμοῦ,</em></strong></span> <span class='ocrx_word' id='word_1_22' title='bbox 544 437 595 506; x_wconf 74' lang='grc' dir='ltr'><strong><em>ὅτε</em></strong></span> <span class='ocrx_word' id='word_1_23' title='bbox 606 445 711 522; x_wconf 82' lang='grc' dir='ltr'><strong><em>ἐμονο-</em></strong></span> <span class='ocrx_word' id='word_1_24' title='bbox 749 440 840 520; x_wconf 98' lang='grc' dir='ltr'><strong><em>ἐλαίῳ</em></strong></span> <span class='ocrx_word' id='word_1_25' title='bbox 853 445 906 521; x_wconf 79' lang='grc' dir='ltr'><strong><em>της</em></strong></span> <span class='ocrx_word' id='word_1_26' title='bbox 921 444 1042 523; x_wconf 87' lang='grc' dir='ltr'><strong><em>χρίσεως</em></strong></span> <span class='ocrx_word' id='word_1_27' title='bbox 1055 438 1159 503; x_wconf 77' lang='grc' dir='ltr'><strong><em>αὐτοι).</em></strong></span> <span class='ocrx_word' id='word_1_28' title='bbox 1186 443 1217 504; x_wconf 82' lang='grc' dir='ltr'><strong><em>σί</em></strong></span> <span class='ocrx_word' id='word_1_29' title='bbox 1231 441 1357 521; x_wconf 85' lang='grc' dir='ltr'><strong><em>ἀδελφοί</em></strong></span> 
     </span>
     <span class='ocr_line' id='line_1_4' title="bbox 250 518 1354 608; baseline 0.001 -20"><span class='ocrx_word' id='word_1_30' title='bbox 250 521 361 608; x_wconf 86' lang='grc' dir='ltr'><strong><em>μάχησε</em></strong></span> <span class='ocrx_word' id='word_1_31' title='bbox 378 529 422 608; x_wconf 82' lang='grc' dir='ltr'><strong><em>τῷ</em></strong></span> <span class='ocrx_word' id='word_1_32' title='bbox 439 529 487 590; x_wconf 92' lang='grc' dir='ltr'><strong><em>Γο</em></strong></span> <span class='ocrx_word' id='word_1_33' title='bbox 507 519 564 589; x_wconf 86' lang='grc' dir='ltr'><strong><em>ιάδ.</em></strong></span> <span class='ocrx_word' id='word_1_34' title='bbox 748 547 807 603; x_wconf 92' lang='grc' dir='ltr'><strong><em>μου</em></strong></span> <span class='ocrx_word' id='word_1_35' title='bbox 820 520 910 586; x_wconf 81' lang='grc' dir='ltr'><strong><em>καλοί</em></strong></span> <span class='ocrx_word' id='word_1_36' title='bbox 922 524 972 584; x_wconf 85' lang='grc' dir='ltr'><strong><em>καί</em></strong></span> <span class='ocrx_word' id='word_1_37' title='bbox 983 518 1120 602; x_wconf 78' lang='grc' dir='ltr'><strong><em>μεγάλοι,</em></strong></span> <span class='ocrx_word' id='word_1_38' title='bbox 1139 525 1189 586; x_wconf 86' lang='grc' dir='ltr'><strong><em>καί</em></strong></span> <span class='ocrx_word' id='word_1_39' title='bbox 1201 523 1254 587; x_wconf 86' lang='grc' dir='ltr'><strong><em>ούκ</em></strong></span> <span class='ocrx_word' id='word_1_40' title='bbox 1268 521 1354 590; x_wconf 85' lang='grc' dir='ltr'><strong><em>εύδό-</em></strong></span> 
     </span>
     <span class='ocr_line' id='line_1_5' title="bbox 167 600 1354 694; baseline 0.001 -24"><span class='ocrx_word' id='word_1_41' title='bbox 167 605 248 694; x_wconf 83' lang='grc' dir='ltr'><strong><em>αιρὸς</em></strong></span> <span class='ocrx_word' id='word_1_42' title='bbox 266 606 341 691; x_wconf 80' lang='grc' dir='ltr'><strong><em>ήμην</em></strong></span> <span class='ocrx_word' id='word_1_43' title='bbox 356 610 387 671; x_wconf 80' lang='grc' dir='ltr'><strong><em>ἐν</em></strong></span> <span class='ocrx_word' id='word_1_44' title='bbox 405 619 469 682; x_wconf 83' lang='grc' dir='ltr'><strong><em>τοῖς</em></strong></span> <span class='ocrx_word' id='word_1_45' title='bbox 488 606 625 687; x_wconf 73' lang='grc' dir='ltr'><strong><em>ἀδελφοῖς</em></strong></span> <span class='ocrx_word' id='word_1_46' title='bbox 641 630 710 688; x_wconf 88' lang='grc' dir='ltr'><strong><em>μου,</em></strong></span> <span class='ocrx_word' id='word_1_47' title='bbox 749 628 836 687; x_wconf 90' lang='grc' dir='ltr'><strong><em>κησεν</em></strong></span> <span class='ocrx_word' id='word_1_48' title='bbox 858 608 889 668; x_wconf 84' lang='grc' dir='ltr'><strong><em>ἐν</em></strong></span> <span class='ocrx_word' id='word_1_49' title='bbox 905 604 1010 677; x_wconf 83' lang='grc' dir='ltr'><strong><em>αὐτοῖς</em></strong></span> <span class='ocrx_word' id='word_1_50' title='bbox 1025 600 1133 684; x_wconf 89' lang='grc' dir='ltr'><strong><em>κύριος.</em></strong></span> <span class='ocrx_word' id='word_1_51' title='bbox 1172 606 1297 688; x_wconf 69' lang='grc' dir='ltr'><strong><em>ἐξῆλθον</em></strong></span> <span class='ocrx_word' id='word_1_52' title='bbox 1315 613 1354 683; x_wconf 87' lang='grc' dir='ltr'><strong><em>είς</em></strong></span> 
     </span>
     <span class='ocr_line' id='line_1_6' title="bbox 103 682 1354 774; baseline -0.002 -18"><span class='ocrx_word' id='word_1_53' title='bbox 103 691 157 756; x_wconf 80' lang='grc' dir='ltr'><strong><em>καί</em></strong></span> <span class='ocrx_word' id='word_1_54' title='bbox 172 687 312 774; x_wconf 79' lang='grc' dir='ltr'><strong><em>νεώτερος</em></strong></span> <span class='ocrx_word' id='word_1_55' title='bbox 328 693 359 754; x_wconf 87' lang='grc' dir='ltr'><strong><em>ἐν</em></strong></span> <span class='ocrx_word' id='word_1_56' title='bbox 370 694 415 773; x_wconf 77' lang='grc' dir='ltr'><strong><em>τῳ</em></strong></span> <span class='ocrx_word' id='word_1_57' title='bbox 433 691 507 772; x_wconf 86' lang='grc' dir='ltr'><strong><em>οίκῳ</em></strong></span> <span class='ocrx_word' id='word_1_58' title='bbox 529 692 585 754; x_wconf 79' lang='grc' dir='ltr'><strong><em>τοῦ</em></strong></span> <span class='ocrx_word' id='word_1_59' title='bbox 596 684 712 773; x_wconf 86' lang='grc' dir='ltr'><strong><em>πατρός</em></strong></span> <span class='ocrx_word' id='word_1_60' title='bbox 750 682 921 768; x_wconf 74' lang='grc' dir='ltr'><strong><em>συνάντησιν</em></strong></span> <span class='ocrx_word' id='word_1_61' title='bbox 934 691 977 767; x_wconf 78' lang='grc' dir='ltr'><strong><em>τῳ</em></strong></span> <span class='ocrx_word' id='word_1_62' title='bbox 991 682 1163 768; x_wconf 76' lang='grc' dir='ltr'><strong><em>ἀλλοφύλῳ,</em></strong></span> <span class='ocrx_word' id='word_1_63' title='bbox 1173 692 1223 752; x_wconf 85' lang='grc' dir='ltr'><strong><em>καί</em></strong></span> <span class='ocrx_word' id='word_1_64' title='bbox 1232 694 1354 754; x_wconf 82' lang='grc' dir='ltr'><strong><em>ἐπικατ-</em></strong></span> 
     </span>
     <span class='ocr_line' id='line_1_7' title="bbox 105 765 1352 859; baseline -0.003 -22"><span class='ocrx_word' id='word_1_65' title='bbox 105 798 177 855; x_wconf 84' lang='grc' dir='ltr'><strong><em>μου,</em></strong></span> <span class='ocrx_word' id='word_1_66' title='bbox 192 778 365 856; x_wconf 81' lang='grc' dir='ltr'><strong><em>έποίμαινσν</em></strong></span> <span class='ocrx_word' id='word_1_67' title='bbox 376 773 416 837; x_wconf 83' lang='grc' dir='ltr'><strong><em>τὰ</em></strong></span> <span class='ocrx_word' id='word_1_68' title='bbox 428 768 568 859; x_wconf 81' lang='grc' dir='ltr'><strong><em>πρόβατα</em></strong></span> <span class='ocrx_word' id='word_1_69' title='bbox 581 775 638 836; x_wconf 84' lang='grc' dir='ltr'><strong><em>τοῦ</em></strong></span> <span class='ocrx_word' id='word_1_70' title='bbox 650 796 712 835; x_wconf 91' lang='grc' dir='ltr'><strong><em>πα-</em></strong></span> <span class='ocrx_word' id='word_1_71' title='bbox 750 765 883 852; x_wconf 85' lang='grc' dir='ltr'><strong><em>ηράσατό</em></strong></span> <span class='ocrx_word' id='word_1_72' title='bbox 906 792 940 849; x_wconf 86' lang='grc' dir='ltr'><strong><em>με</em></strong></span> <span class='ocrx_word' id='word_1_73' title='bbox 963 772 1074 842; x_wconf 84' lang='grc' dir='ltr'><strong><em>ἐντοῖς</em></strong></span> <span class='ocrx_word' id='word_1_74' title='bbox 1096 770 1226 845; x_wconf 72' lang='grc' dir='ltr'><strong><em>εἰδώλοις</em></strong></span> <span class='ocrx_word' id='word_1_75' title='bbox 1249 770 1352 840; x_wconf 76' lang='grc' dir='ltr'><strong><em>αὐτοῦ.</em></strong></span> 
     </span>
     <span class='ocr_line' id='line_1_8' title="bbox 106 845 1354 956; baseline -0.002 -35"><span class='ocrx_word' id='word_1_76' title='bbox 106 851 177 941; x_wconf 88' lang='grc' dir='ltr'><strong><em>τρός</em></strong></span> <span class='ocrx_word' id='word_1_77' title='bbox 187 880 254 938; x_wconf 93' lang='grc' dir='ltr'><strong><em>μου.</em></strong></span> <span class='ocrx_word' id='word_1_78' title='bbox 280 859 314 919; x_wconf 85' lang='grc' dir='ltr'><strong><em>αί</em></strong></span> <span class='ocrx_word' id='word_1_79' title='bbox 325 858 414 939; x_wconf 75' lang='grc' dir='ltr'><strong><em>χεῖρές</em></strong></span> <span class='ocrx_word' id='word_1_80' title='bbox 426 881 486 938; x_wconf 93' lang='grc' dir='ltr'><strong><em>μου</em></strong></span> <span class='ocrx_word' id='word_1_81' title='bbox 499 859 645 956; x_wconf 74' lang='grc' dir='ltr'><strong><em>ἐποίησαν</em></strong></span> <span class='ocrx_word' id='word_1_82' title='bbox 656 852 711 937; x_wconf 81' lang='grc' dir='ltr'><strong><em>ἀρ-</em></strong></span> <span class='ocrx_word' id='word_1_83' title='bbox 749 850 809 928; x_wconf 81' lang='grc' dir='ltr'><strong><em>ἐγά</em></strong></span> <span class='ocrx_word' id='word_1_84' title='bbox 829 848 861 915; x_wconf 82' lang='grc' dir='ltr'><strong><em>δὲ</em></strong></span> <span class='ocrx_word' id='word_1_85' title='bbox 887 845 1073 932; x_wconf 75' lang='grc' dir='ltr'><strong><em>σπασάμενος</em></strong></span> <span class='ocrx_word' id='word_1_86' title='bbox 1095 849 1149 934; x_wconf 87' lang='grc' dir='ltr'><strong><em>τήν</em></strong></span> <span class='ocrx_word' id='word_1_87' title='bbox 1166 852 1235 937; x_wconf 80' lang='grc' dir='ltr'><strong><em>παρ’</em></strong></span> <span class='ocrx_word' id='word_1_88' title='bbox 1257 854 1354 920; x_wconf 79' lang='grc' dir='ltr'><strong><em>αὐτοῦ</em></strong></span> 
     </span>
     <span class='ocr_line' id='line_1_9' title="bbox 108 928 1354 1036; baseline -0.001 -34"><span class='ocrx_word' id='word_1_89' title='bbox 108 961 216 1016; x_wconf 80' lang='grc' dir='ltr'><strong><em>γανον,</em></strong></span> <span class='ocrx_word' id='word_1_90' title='bbox 240 940 292 1002; x_wconf 83' lang='grc' dir='ltr'><strong><em>καί</em></strong></span> <span class='ocrx_word' id='word_1_91' title='bbox 303 941 335 1001; x_wconf 83' lang='grc' dir='ltr'><strong><em>σί</em></strong></span> <span class='ocrx_word' id='word_1_92' title='bbox 351 935 493 1003; x_wconf 72' lang='grc' dir='ltr'><strong><em>δάκτυλοί</em></strong></span> <span class='ocrx_word' id='word_1_93' title='bbox 502 962 562 1020; x_wconf 92' lang='grc' dir='ltr'><strong><em>μου</em></strong></span> <span class='ocrx_word' id='word_1_94' title='bbox 574 931 711 1020; x_wconf 85' lang='grc' dir='ltr'><strong><em>η’ρμοσυν</em></strong></span> <span class='ocrx_word' id='word_1_95' title='bbox 748 928 911 1036; x_wconf 73' lang='grc' dir='ltr'><strong><em>ράχαιραν,</em></strong></span> <span class='ocrx_word' id='word_1_96' title='bbox 942 930 1141 1012; x_wconf 67' lang='grc' dir='ltr'><strong><em>ἀπεκεφάλισα</em></strong></span> <span class='ocrx_word' id='word_1_97' title='bbox 1166 934 1272 1010; x_wconf 77' lang='grc' dir='ltr'><strong><em>αὐτὸν,</em></strong></span> <span class='ocrx_word' id='word_1_98' title='bbox 1302 938 1354 1001; x_wconf 84' lang='grc' dir='ltr'><strong><em>καί</em></strong></span> 
     </span>
     <span class='ocr_line' id='line_1_10' title="bbox 109 1014 1206 1111; baseline -0.004 -27"><span class='ocrx_word' id='word_1_99' title='bbox 109 1016 284 1106; x_wconf 82' lang='grc' dir='ltr'><strong><em>φάλτήριον.</em></strong></span> <span class='ocrx_word' id='word_1_100' title='bbox 308 1020 360 1085; x_wconf 82' lang='grc' dir='ltr'><strong><em>καί</em></strong></span> <span class='ocrx_word' id='word_1_101' title='bbox 375 1025 420 1094; x_wconf 90' lang='grc' dir='ltr'><strong><em>τίς</em></strong></span> <span class='ocrx_word' id='word_1_102' title='bbox 437 1017 592 1096; x_wconf 69' lang='grc' dir='ltr'><strong><em>ἀναγγελεῖ</em></strong></span> <span class='ocrx_word' id='word_1_103' title='bbox 602 1022 647 1100; x_wconf 82' lang='grc' dir='ltr'><strong><em>τῷ</em></strong></span> <span class='ocrx_word' id='word_1_104' title='bbox 660 1043 712 1081; x_wconf 87' lang='grc' dir='ltr'><strong><em>κυ-</em></strong></span> <span class='ocrx_word' id='word_1_105' title='bbox 748 1041 810 1111; x_wconf 77' lang='grc' dir='ltr'><strong><em>ηρα</em></strong></span> <span class='ocrx_word' id='word_1_106' title='bbox 823 1015 931 1089; x_wconf 80' lang='grc' dir='ltr'><strong><em>ὄνειδος</em></strong></span> <span class='ocrx_word' id='word_1_107' title='bbox 947 1017 977 1091; x_wconf 78' lang='grc' dir='ltr'><strong><em>ἐξ</em></strong></span> <span class='ocrx_word' id='word_1_108' title='bbox 992 1019 1064 1080; x_wconf 80' lang='grc' dir='ltr'><strong><em>υίῶν</em></strong></span> <span class='ocrx_word' id='word_1_109' title='bbox 1078 1014 1206 1101; x_wconf 85' lang='grc' dir='ltr'><strong><em>Ἰσραήλ</em></strong></span> 
     </span>
     <span class='ocr_line' id='line_1_11' title="bbox 108 1097 712 1204; baseline -0.003 -37"><span class='ocrx_word' id='word_1_110' title='bbox 108 1108 164 1186; x_wconf 90' lang='grc' dir='ltr'><strong><em>ρίῳ</em></strong></span> <span class='ocrx_word' id='word_1_111' title='bbox 174 1127 241 1204; x_wconf 85' lang='grc' dir='ltr'><strong><em>μου</em></strong></span> <span class='ocrx_word' id='word_1_112' title='bbox 247 1131 260 1178; x_wconf 86' lang='grc'><strong><em>,-</em></strong></span> <span class='ocrx_word' id='word_1_113' title='bbox 287 1099 380 1176; x_wconf 76' lang='grc' dir='ltr'><strong><em>αὐτὸς</em></strong></span> <span class='ocrx_word' id='word_1_114' title='bbox 406 1098 523 1186; x_wconf 88' lang='grc' dir='ltr'><strong><em>κύριος,</em></strong></span> <span class='ocrx_word' id='word_1_115' title='bbox 549 1097 641 1174; x_wconf 76' lang='grc' dir='ltr'><strong><em>αὐτὸς</em></strong></span> <span class='ocrx_word' id='word_1_116' title='bbox 657 1103 712 1174; x_wconf 81' lang='grc' dir='ltr'><strong><em>είς-</em></strong></span> 
     </span>
     <span class='ocr_line' id='line_1_12' title="bbox 109 1178 1306 1259; baseline 0 -12"><span class='ocrx_word' id='word_1_117' title='bbox 109 1209 217 1247; x_wconf 89' lang='grc' dir='ltr'><strong><em>ακουει.</em></strong></span> <span class='ocrx_word' id='word_1_118' title='bbox 231 1181 322 1256; x_wconf 79' lang='grc' dir='ltr'><strong><em>αὐτὸς</em></strong></span> <span class='ocrx_word' id='word_1_119' title='bbox 333 1183 515 1259; x_wconf 71' lang='grc' dir='ltr'><strong><em>ἐξαπέστειλε</em></strong></span> <span class='ocrx_word' id='word_1_120' title='bbox 527 1180 580 1248; x_wconf 89' lang='grc' dir='ltr'><strong><em>τὸν</em></strong></span> <span class='ocrx_word' id='word_1_121' title='bbox 589 1179 712 1258; x_wconf 77' lang='grc' dir='ltr'><strong><em>ἄγγελον</em></strong></span> <span class='ocrx_word' id='word_1_122' title='bbox 796 1183 971 1257; x_wconf 82' lang='grc' dir='ltr'><em>ΒΙΒΑΟΣ</em></span> <span class='ocrx_word' id='word_1_123' title='bbox 991 1181 1200 1245; x_wconf 81' lang='grc' dir='ltr'><em>ΨΑΛΜΩΝ</em></span> <span class='ocrx_word' id='word_1_124' title='bbox 1223 1178 1306 1247; x_wconf 82' lang='lat' dir='ltr'><strong><em>PN‘.</em></strong></span> 
     </span>
     <span class='ocr_line' id='line_1_13' title="bbox 112 1252 713 1354; baseline -0.003 -25"><span class='ocrx_word' id='word_1_125' title='bbox 112 1263 224 1337; x_wconf 78' lang='grc' dir='ltr'><strong><em>αὐτοῦ,</em></strong></span> <span class='ocrx_word' id='word_1_126' title='bbox 249 1267 300 1329; x_wconf 82' lang='grc' dir='ltr'><strong><em>καί</em></strong></span> <span class='ocrx_word' id='word_1_127' title='bbox 314 1252 371 1354; x_wconf 76' lang='grc' dir='ltr'><strong><em>ᾗρέ</em></strong></span> <span class='ocrx_word' id='word_1_128' title='bbox 381 1289 415 1345; x_wconf 85' lang='grc' dir='ltr'><strong><em>με</em></strong></span> <span class='ocrx_word' id='word_1_129' title='bbox 429 1269 462 1332; x_wconf 79' lang='grc' dir='ltr'><strong><em>έν</em></strong></span> <span class='ocrx_word' id='word_1_130' title='bbox 479 1268 540 1331; x_wconf 78' lang='grc' dir='ltr'><strong><em>τῶν</em></strong></span> <span class='ocrx_word' id='word_1_131' title='bbox 552 1259 713 1347; x_wconf 74' lang='grc' dir='ltr'><strong><em>προβάτων</em></strong></span> 
     </span>
    </p>
   </div>
   <div class='ocr_carea' id='block_1_3' title="bbox 1023 1442 1340 1459">
    <p class='ocr_par' dir='ltr' id='par_1_3' title="bbox 1023 1442 1340 1459">
     <span class='ocr_line' id='line_1_14' title="bbox 1023 1442 1340 1459; baseline 0.016 -8"><span class='ocrx_word' id='word_1_132' title='bbox 1023 1442 1340 1459; x_wconf 43' lang='grc' dir='ltr'><strong><em>ᾑ--ιη--η</em></strong></span> 
     </span>
    </p>
   </div>
   <div class='ocr_carea' id='block_1_4' title="bbox 409 1543 1057 1657">
    <p class='ocr_par' dir='ltr' id='par_1_4' title="bbox 409 1543 1057 1657">
     <span class='ocr_line' id='line_1_15' title="bbox 409 1543 1057 1657; baseline -0.002 -2"><span class='ocrx_word' id='word_1_133' title='bbox 409 1543 1057 1657; x_wconf 83' lang='grc' dir='ltr'>ΠΑΡΟΙΜΙΑΙ</span> 
     </span>
    </p>
   </div>
   <div class='ocr_carea' id='block_1_5' title="bbox 507 1700 964 1768">
    <p class='ocr_par' dir='ltr' id='par_1_5' title="bbox 507 1700 964 1768">
     <span class='ocr_line' id='line_1_16' title="bbox 507 1700 964 1768; baseline 0 0"><span class='ocrx_word' id='word_1_134' title='bbox 507 1700 964 1768; x_wconf 78' lang='grc' dir='ltr'><strong><em>ΣΑΛΩΜΩΝΤΟΣ.</em></strong></span> 
     </span>
    </p>
   </div>
   <div class='ocr_carea' id='block_1_6' title="bbox 52 1827 1355 4619">
    <p class='ocr_par' dir='ltr' id='par_1_6' title="bbox 52 1827 1355 3648">
     <span class='ocr_line' id='line_1_17' title="bbox 304 1827 1353 1920; baseline 0.002 -22"><span class='ocrx_word' id='word_1_135' title='bbox 304 1839 378 1898; x_wconf 84' lang='grc' dir='ltr'><strong><em>ΚΕ</em></strong></span> <span class='ocrx_word' id='word_1_136' title='bbox 392 1838 429 1898; x_wconf 81' lang='grc' dir='ltr'><strong><em>Φ.</em></strong></span> <span class='ocrx_word' id='word_1_137' title='bbox 471 1829 529 1900; x_wconf 83' lang='lat' dir='ltr'><strong><em>A&#39;.</em></strong></span> <span class='ocrx_word' id='word_1_138' title='bbox 682 1842 684 1846; x_wconf 82' lang='grc'><strong>’</strong></span> <span class='ocrx_word' id='word_1_139' title='bbox 751 1827 960 1918; x_wconf 79' lang='grc' dir='ltr'><strong><em>νηθήτωήμῖν.</em></strong></span> <span class='ocrx_word' id='word_1_140' title='bbox 987 1833 1014 1877; x_wconf 80' lang='lat'><strong><em>¹⁵</em></strong></span> <span class='ocrx_word' id='word_1_141' title='bbox 1025 1829 1065 1916; x_wconf 86' lang='grc' dir='ltr'><strong><em>μή</em></strong></span> <span class='ocrx_word' id='word_1_142' title='bbox 1078 1840 1229 1918; x_wconf 77' lang='grc' dir='ltr'><strong><em>πορευθῆς</em></strong></span> <span class='ocrx_word' id='word_1_143' title='bbox 1246 1838 1276 1899; x_wconf 83' lang='grc' dir='ltr'><strong><em>έν</em></strong></span> <span class='ocrx_word' id='word_1_144' title='bbox 1289 1831 1353 1920; x_wconf 76' lang='grc' dir='ltr'><strong><em>ὁδῳ</em></strong></span> 
     </span>
     <span class='ocr_line' id='line_1_18' title="bbox 108 1885 1354 2004; baseline 0.002 -23"><span class='ocrx_word' id='word_1_145' title='bbox 108 1885 300 2004; x_wconf 75' lang='grc' dir='ltr'><strong><em>Παροιμίαι</em></strong></span> <span class='ocrx_word' id='word_1_146' title='bbox 309 1916 518 2000; x_wconf 73' lang='grc' dir='ltr'><strong><em>Σαλωμοῖντος</em></strong></span> <span class='ocrx_word' id='word_1_147' title='bbox 527 1919 595 1983; x_wconf 81' lang='grc' dir='ltr'><strong><em>υίοῦ</em></strong></span> <span class='ocrx_word' id='word_1_148' title='bbox 605 1915 713 1990; x_wconf 81' lang='grc' dir='ltr'><strong><em>Δαυίδ,</em></strong></span> <span class='ocrx_word' id='word_1_149' title='bbox 750 1915 809 1998; x_wconf 81' lang='grc' dir='ltr'><strong><em>μετ’</em></strong></span> <span class='ocrx_word' id='word_1_150' title='bbox 824 1913 935 1988; x_wconf 78' lang='grc' dir='ltr'><strong><em>αὐτῶν,</em></strong></span> <span class='ocrx_word' id='word_1_151' title='bbox 953 1913 1082 1980; x_wconf 79' lang='grc' dir='ltr'><strong><em>έιικλινον</em></strong></span> <span class='ocrx_word' id='word_1_152' title='bbox 1094 1917 1124 1981; x_wconf 75' lang='grc' dir='ltr'><strong><em>δι’</em></strong></span> <span class='ocrx_word' id='word_1_153' title='bbox 1138 1914 1190 1983; x_wconf 86' lang='grc' dir='ltr'><strong><em>τὸν</em></strong></span> <span class='ocrx_word' id='word_1_154' title='bbox 1196 1908 1284 1984; x_wconf 83' lang='grc' dir='ltr'><strong><em>’πόδα</em></strong></span> <span class='ocrx_word' id='word_1_155' title='bbox 1297 1944 1354 1983; x_wconf 93' lang='grc' dir='ltr'><strong><em>σου</em></strong></span> 
     </span>
     <span class='ocr_line' id='line_1_19' title="bbox 111 1997 1354 2088; baseline 0 -22"><span class='ocrx_word' id='word_1_156' title='bbox 111 1997 145 2075; x_wconf 80' lang='grc' dir='ltr'><strong><em>ὃς</em></strong></span> <span class='ocrx_word' id='word_1_157' title='bbox 161 2003 345 2088; x_wconf 75' lang='grc' dir='ltr'><strong><em>ἐβασίλευσεν</em></strong></span> <span class='ocrx_word' id='word_1_158' title='bbox 364 2002 395 2064; x_wconf 84' lang='grc' dir='ltr'><strong><em>ἐν</em></strong></span> <span class='ocrx_word' id='word_1_159' title='bbox 417 1998 553 2086; x_wconf 83' lang='grc' dir='ltr'><strong><em>Ἰσραήλ,</em></strong></span> <span class='ocrx_word' id='word_1_160' title='bbox 579 2001 595 2041; x_wconf 98' lang='grc'><strong>2</strong></span> <span class='ocrx_word' id='word_1_161' title='bbox 604 2003 714 2076; x_wconf 79' lang='grc' dir='ltr'><strong><em>γνῶναι</em></strong></span> <span class='ocrx_word' id='word_1_162' title='bbox 751 2001 784 2063; x_wconf 79' lang='grc' dir='ltr'><strong><em>ἐκ</em></strong></span> <span class='ocrx_word' id='word_1_163' title='bbox 801 2003 862 2061; x_wconf 76' lang='grc' dir='ltr'><strong><em>τῶν</em></strong></span> <span class='ocrx_word' id='word_1_164' title='bbox 874 2000 981 2083; x_wconf 88' lang='grc' dir='ltr'><strong><em>τρίβων</em></strong></span> <span class='ocrx_word' id='word_1_165' title='bbox 994 1997 1102 2063; x_wconf 80' lang='grc' dir='ltr'><strong><em>αὐτῶν.</em></strong></span> <span class='ocrx_word' id='word_1_166' title='bbox 1128 2001 1154 2042; x_wconf 81' lang='lat'><strong><em>¹²</em></strong></span> <span class='ocrx_word' id='word_1_167' title='bbox 1167 1999 1203 2065; x_wconf 84' lang='grc' dir='ltr'><strong><em>οὐ</em></strong></span> <span class='ocrx_word' id='word_1_168' title='bbox 1216 1998 1274 2085; x_wconf 87' lang='grc' dir='ltr'><strong><em>γάρ</em></strong></span> <span class='ocrx_word' id='word_1_169' title='bbox 1287 1999 1354 2066; x_wconf 87' lang='grc' dir='ltr'><strong><em>ἀδί-</em></strong></span> 
     </span>
     <span class='ocr_line' id='line_1_20' title="bbox 111 2076 1354 2167; baseline 0 -18"><span class='ocrx_word' id='word_1_170' title='bbox 111 2091 219 2164; x_wconf 85' lang='grc' dir='ltr'><strong><em>σοφίυν</em></strong></span> <span class='ocrx_word' id='word_1_171' title='bbox 230 2086 281 2150; x_wconf 82' lang='grc' dir='ltr'><strong><em>καί</em></strong></span> <span class='ocrx_word' id='word_1_172' title='bbox 292 2083 438 2158; x_wconf 88' lang='grc' dir='ltr'><strong><em>παιδείαν,</em></strong></span> <span class='ocrx_word' id='word_1_173' title='bbox 451 2087 558 2167; x_wconf 78' lang='grc' dir='ltr'><strong><em>νοῆσαί</em></strong></span> <span class='ocrx_word' id='word_1_174' title='bbox 566 2106 597 2146; x_wconf 90' lang='grc' dir='ltr'><strong><em>τε</em></strong></span> <span class='ocrx_word' id='word_1_175' title='bbox 609 2076 715 2160; x_wconf 88' lang='grc' dir='ltr'><strong><em>λύγους</em></strong></span> <span class='ocrx_word' id='word_1_176' title='bbox 750 2106 809 2157; x_wconf 95' lang='grc' dir='ltr'><strong><em>κως</em></strong></span> <span class='ocrx_word' id='word_1_177' title='bbox 818 2082 971 2145; x_wconf 83' lang='grc' dir='ltr'><strong><em>ἐκτείνεται</em></strong></span> <span class='ocrx_word' id='word_1_178' title='bbox 980 2081 1083 2146; x_wconf 83' lang='grc' dir='ltr'><strong><em>δίκτυα</em></strong></span> <span class='ocrx_word' id='word_1_179' title='bbox 1092 2095 1262 2167; x_wconf 80' lang='grc' dir='ltr'><strong><em>πτερωτοῖς.</em></strong></span> <span class='ocrx_word' id='word_1_180' title='bbox 1271 2083 1354 2149; x_wconf 73' lang='grc' dir='ltr'><strong>22αά</strong></span> 
     </span>
     <span class='ocr_line' id='line_1_21' title="bbox 111 2158 1354 2272; baseline -0.001 -41"><span class='ocrx_word' id='word_1_181' title='bbox 111 2163 291 2272; x_wconf 85' lang='grc' dir='ltr'><strong><em>φρονήσεως,</em></strong></span> <span class='ocrx_word' id='word_1_182' title='bbox 328 2165 502 2241; x_wconf 77' lang='grc' dir='ltr'><strong><em>2δίξασθαί</em></strong></span> <span class='ocrx_word' id='word_1_183' title='bbox 525 2189 557 2229; x_wconf 93' lang='grc' dir='ltr'><strong><em>τε</em></strong></span> <span class='ocrx_word' id='word_1_184' title='bbox 581 2187 617 2230; x_wconf 91' lang='grc' dir='ltr'><strong><em>στ</em></strong></span> <span class='ocrx_word' id='word_1_185' title='bbox 637 2159 715 2245; x_wconf 88' lang='grc' dir='ltr'><strong><em>οφάς</em></strong></span> <span class='ocrx_word' id='word_1_186' title='bbox 751 2165 799 2229; x_wconf 81' lang='grc' dir='ltr'><strong><em>τοί</em></strong></span> <span class='ocrx_word' id='word_1_187' title='bbox 819 2162 877 2247; x_wconf 85' lang='grc' dir='ltr'><strong><em>γὰρ</em></strong></span> <span class='ocrx_word' id='word_1_188' title='bbox 897 2165 929 2226; x_wconf 83' lang='grc' dir='ltr'><strong><em>σί</em></strong></span> <span class='ocrx_word' id='word_1_189' title='bbox 947 2158 1043 2242; x_wconf 87' lang='grc' dir='ltr'><strong><em>φόνου</em></strong></span> <span class='ocrx_word' id='word_1_190' title='bbox 1059 2168 1222 2266; x_wconf 82' lang='grc' dir='ltr'><strong><em>μετέχοντες</em></strong></span> <span class='ocrx_word' id='word_1_191' title='bbox 1237 2177 1354 2248; x_wconf 82' lang='grc' dir='ltr'><strong><em>θησαυ-</em></strong></span> 
     </span>
     <span class='ocr_line' id='line_1_22' title="bbox 52 2189 1353 2351; baseline 0.001 -38"><span class='ocrx_word' id='word_1_192' title='bbox 52 2262 58 2272; x_wconf 87' lang='grc'><strong>’</strong></span> <span class='ocrx_word' id='word_1_193' title='bbox 111 2247 225 2326; x_wconf 92' lang='grc' dir='ltr'><strong><em>λογων,</em></strong></span> <span class='ocrx_word' id='word_1_194' title='bbox 244 2252 351 2332; x_wconf 82' lang='grc' dir='ltr'><strong><em>νοήσαί</em></strong></span> <span class='ocrx_word' id='word_1_195' title='bbox 361 2271 392 2310; x_wconf 90' lang='grc' dir='ltr'><strong><em>τε</em></strong></span> <span class='ocrx_word' id='word_1_196' title='bbox 405 2243 591 2330; x_wconf 83' lang='grc' dir='ltr'><strong><em>δικαιοσύνην</em></strong></span> <span class='ocrx_word' id='word_1_197' title='bbox 602 2189 715 2349; x_wconf 66' lang='grc' dir='ltr'><strong><em>ἀληβή,</em></strong></span> <span class='ocrx_word' id='word_1_198' title='bbox 752 2245 879 2329; x_wconf 74' lang='grc' dir='ltr'><strong><em>ρίζουσιν</em></strong></span> <span class='ocrx_word' id='word_1_199' title='bbox 888 2246 1005 2320; x_wconf 80' lang='grc' dir='ltr'><strong><em>ἑαυτοῖς</em></strong></span> <span class='ocrx_word' id='word_1_200' title='bbox 1013 2241 1099 2311; x_wconf 89' lang='grc' dir='ltr'><strong><em>κακά.</em></strong></span> <span class='ocrx_word' id='word_1_201' title='bbox 1114 2247 1173 2329; x_wconf 83' lang='grc' dir='ltr'><strong><em>ηδὲ</em></strong></span> <span class='ocrx_word' id='word_1_202' title='bbox 1186 2272 1353 2351; x_wconf 65' lang='grc' dir='ltr'><strong><em>καταστρο·</em></strong></span> 
     </span>
     <span class='ocr_line' id='line_1_23' title="bbox 111 2323 1354 2417; baseline -0.002 -20"><span class='ocrx_word' id='word_1_203' title='bbox 111 2335 163 2398; x_wconf 75' lang='grc' dir='ltr'><strong><em>καί</em></strong></span> <span class='ocrx_word' id='word_1_204' title='bbox 175 2332 263 2417; x_wconf 88' lang='grc' dir='ltr'><strong><em>κρίμα</em></strong></span> <span class='ocrx_word' id='word_1_205' title='bbox 275 2323 474 2394; x_wconf 75' lang='grc' dir='ltr'><strong><em>κατευθύνειν.</em></strong></span> <span class='ocrx_word' id='word_1_206' title='bbox 490 2328 507 2370; x_wconf 83' lang='lat'><strong>⁴</strong></span> <span class='ocrx_word' id='word_1_207' title='bbox 520 2333 570 2394; x_wconf 78' lang='grc' dir='ltr'><strong><em>ἵνα</em></strong></span> <span class='ocrx_word' id='word_1_208' title='bbox 582 2329 626 2410; x_wconf 76' lang='grc' dir='ltr'><strong><em>δῷ</em></strong></span> <span class='ocrx_word' id='word_1_209' title='bbox 638 2353 716 2392; x_wconf 91' lang='grc' dir='ltr'><strong><em>ακα-</em></strong></span> <span class='ocrx_word' id='word_1_210' title='bbox 752 2326 795 2413; x_wconf 82' lang='grc' dir='ltr'><strong><em>φή</em></strong></span> <span class='ocrx_word' id='word_1_211' title='bbox 807 2326 922 2413; x_wconf 81' lang='grc' dir='ltr'><strong><em>ἀνδρῶν</em></strong></span> <span class='ocrx_word' id='word_1_212' title='bbox 933 2324 1115 2412; x_wconf 87' lang='grc' dir='ltr'><strong><em>παρανόμων</em></strong></span> <span class='ocrx_word' id='word_1_213' title='bbox 1128 2324 1211 2410; x_wconf 90' lang='grc' dir='ltr'><strong><em>κακή.</em></strong></span> <span class='ocrx_word' id='word_1_214' title='bbox 1229 2331 1257 2371; x_wconf 80' lang='lat'><strong><em>¹⁹</em></strong></span> <span class='ocrx_word' id='word_1_215' title='bbox 1265 2354 1354 2394; x_wconf 90' lang='grc' dir='ltr'><strong><em>αυται</em></strong></span> 
     </span>
     <span class='ocr_line' id='line_1_24' title="bbox 113 2407 1354 2513; baseline -0.001 -35"><span class='ocrx_word' id='word_1_216' title='bbox 113 2440 174 2488; x_wconf 90' lang='grc' dir='ltr'><strong><em>κοις</em></strong></span> <span class='ocrx_word' id='word_1_217' title='bbox 185 2415 382 2495; x_wconf 76' lang='grc' dir='ltr'><strong><em>πανουργίαν,</em></strong></span> <span class='ocrx_word' id='word_1_218' title='bbox 393 2412 478 2475; x_wconf 78' lang='grc' dir='ltr'><strong><em>παιδί</em></strong></span> <span class='ocrx_word' id='word_1_219' title='bbox 490 2408 522 2475; x_wconf 78' lang='grc' dir='ltr'><strong><em>δὲ</em></strong></span> <span class='ocrx_word' id='word_1_220' title='bbox 536 2412 592 2475; x_wconf 86' lang='grc' dir='ltr'><strong><em>νέω</em></strong></span> <span class='ocrx_word' id='word_1_221' title='bbox 606 2413 716 2513; x_wconf 75' lang='grc' dir='ltr'><strong><em>αι’σθη-</em></strong></span> <span class='ocrx_word' id='word_1_222' title='bbox 753 2414 787 2475; x_wconf 83' lang='grc' dir='ltr'><strong><em>αί</em></strong></span> <span class='ocrx_word' id='word_1_223' title='bbox 807 2408 875 2476; x_wconf 86' lang='grc' dir='ltr'><strong><em>ὁδοί</em></strong></span> <span class='ocrx_word' id='word_1_224' title='bbox 892 2415 947 2476; x_wconf 81' lang='grc' dir='ltr'><strong><em>εἶσι</em></strong></span> <span class='ocrx_word' id='word_1_225' title='bbox 964 2407 1085 2478; x_wconf 80' lang='grc' dir='ltr'><strong><em>πάντων</em></strong></span> <span class='ocrx_word' id='word_1_226' title='bbox 1103 2416 1163 2475; x_wconf 81' lang='grc' dir='ltr'><strong><em>τῶν</em></strong></span> <span class='ocrx_word' id='word_1_227' title='bbox 1180 2407 1354 2477; x_wconf 87' lang='grc' dir='ltr'><strong><em>συντελούν-</em></strong></span> 
     </span>
     <span class='ocr_line' id='line_1_25' title="bbox 116 2477 1355 2596; baseline -0.001 -36"><span class='ocrx_word' id='word_1_228' title='bbox 116 2502 162 2561; x_wconf 90' lang='grc' dir='ltr'><strong><em>σίν</em></strong></span> <span class='ocrx_word' id='word_1_229' title='bbox 173 2519 205 2559; x_wconf 92' lang='grc' dir='ltr'><strong><em>τε</em></strong></span> <span class='ocrx_word' id='word_1_230' title='bbox 217 2497 269 2558; x_wconf 82' lang='grc' dir='ltr'><strong><em>καί</em></strong></span> <span class='ocrx_word' id='word_1_231' title='bbox 280 2496 400 2557; x_wconf 84' lang='grc' dir='ltr'><strong><em>έννοιαν.</em></strong></span> <span class='ocrx_word' id='word_1_232' title='bbox 416 2495 497 2558; x_wconf 74' lang='grc' dir='ltr'><strong><em>2τῶν</em></strong></span> <span class='ocrx_word' id='word_1_233' title='bbox 510 2491 541 2557; x_wconf 82' lang='grc' dir='ltr'><strong><em>δέ</em></strong></span> <span class='ocrx_word' id='word_1_234' title='bbox 552 2477 611 2578; x_wconf 85' lang='grc' dir='ltr'><strong><em>γάρ</em></strong></span> <span class='ocrx_word' id='word_1_235' title='bbox 625 2492 716 2558; x_wconf 89' lang='grc' dir='ltr'><strong><em>ἀκσυ-</em></strong></span> <span class='ocrx_word' id='word_1_236' title='bbox 752 2517 813 2558; x_wconf 90' lang='grc' dir='ltr'><strong><em>των</em></strong></span> <span class='ocrx_word' id='word_1_237' title='bbox 838 2494 877 2559; x_wconf 86' lang='grc' dir='ltr'><strong><em>τά</em></strong></span> <span class='ocrx_word' id='word_1_238' title='bbox 899 2493 1004 2596; x_wconf 86' lang='grc' dir='ltr'><strong><em>ἀνομα.</em></strong></span> <span class='ocrx_word' id='word_1_239' title='bbox 1032 2499 1070 2576; x_wconf 68' lang='grc' dir='ltr'><strong><em>τι]</em></strong></span> <span class='ocrx_word' id='word_1_240' title='bbox 1087 2491 1146 2578; x_wconf 88' lang='grc' dir='ltr'><strong><em>γάρ</em></strong></span> <span class='ocrx_word' id='word_1_241' title='bbox 1165 2493 1283 2580; x_wconf 76' lang='grc' dir='ltr'><strong><em>ἀσεβείᾳ</em></strong></span> <span class='ocrx_word' id='word_1_242' title='bbox 1300 2493 1355 2578; x_wconf 84' lang='grc' dir='ltr'><strong><em>τήν</em></strong></span> 
     </span>
     <span class='ocr_line' id='line_1_26' title="bbox 116 2570 1353 2663; baseline 0.001 -22"><span class='ocrx_word' id='word_1_243' title='bbox 116 2603 170 2652; x_wconf 92' lang='grc' dir='ltr'><strong><em>σας</em></strong></span> <span class='ocrx_word' id='word_1_244' title='bbox 183 2575 274 2658; x_wconf 87' lang='grc' dir='ltr'><strong><em>σοφὸς</em></strong></span> <span class='ocrx_word' id='word_1_245' title='bbox 287 2570 455 2660; x_wconf 75' lang='grc' dir='ltr'><strong><em>σοφώτερος</em></strong></span> <span class='ocrx_word' id='word_1_246' title='bbox 465 2579 557 2649; x_wconf 77' lang='grc' dir='ltr'><strong><em>ἔσται,</em></strong></span> <span class='ocrx_word' id='word_1_247' title='bbox 575 2570 716 2657; x_wconf 78' lang='grc' dir='ltr'><strong><em>ὁδὲνοή-</em></strong></span> <span class='ocrx_word' id='word_1_248' title='bbox 752 2577 865 2642; x_wconf 81' lang='grc' dir='ltr'><strong><em>ἑαυτῶν</em></strong></span> <span class='ocrx_word' id='word_1_249' title='bbox 886 2597 933 2660; x_wconf 82' lang='grc' dir='ltr'><strong><em>ιρυ</em></strong></span> <span class='ocrx_word' id='word_1_250' title='bbox 951 2602 984 2663; x_wconf 83' lang='grc' dir='ltr'><strong><em>ην</em></strong></span> <span class='ocrx_word' id='word_1_251' title='bbox 1006 2575 1213 2661; x_wconf 77' lang='grc' dir='ltr'><strong><em>ἀφαιροῦνται.</em></strong></span> <span class='ocrx_word' id='word_1_252' title='bbox 1253 2580 1284 2621; x_wconf 88' lang='lat'><strong><em>²⁰</em></strong></span> <span class='ocrx_word' id='word_1_253' title='bbox 1302 2603 1353 2642; x_wconf 78' lang='lat' dir='ltr'><strong><em>uo-</em></strong></span> 
     </span>
     <span class='ocr_line' id='line_1_27' title="bbox 113 2603 1354 2745; baseline 0 -20"><span class='ocrx_word' id='word_1_254' title='bbox 113 2686 177 2742; x_wconf 87' lang='grc' dir='ltr'><strong><em>μων</em></strong></span> <span class='ocrx_word' id='word_1_255' title='bbox 195 2662 365 2745; x_wconf 86' lang='grc' dir='ltr'><strong><em>κυβέρνησιν</em></strong></span> <span class='ocrx_word' id='word_1_256' title='bbox 376 2653 520 2742; x_wconf 89' lang='grc' dir='ltr'><strong><em>κτήσεται.</em></strong></span> <span class='ocrx_word' id='word_1_257' title='bbox 547 2659 562 2701; x_wconf 80' lang='lat'><strong><em>⁶</em></strong></span> <span class='ocrx_word' id='word_1_258' title='bbox 576 2653 673 2742; x_wconf 88' lang='grc' dir='ltr'><strong><em>νοήσει</em></strong></span> <span class='ocrx_word' id='word_1_259' title='bbox 684 2681 715 2722; x_wconf 89' lang='grc' dir='ltr'><strong><em>τε</em></strong></span> <span class='ocrx_word' id='word_1_260' title='bbox 751 2664 816 2740; x_wconf 89' lang='grc' dir='ltr'><strong><em>φία·</em></strong></span> <span class='ocrx_word' id='word_1_261' title='bbox 832 2663 862 2724; x_wconf 82' lang='grc' dir='ltr'><strong><em>ἐν</em></strong></span> <span class='ocrx_word' id='word_1_262' title='bbox 878 2603 988 2736; x_wconf 77' lang='grc' dir='ltr'><strong><em>ἐξόδοις</em></strong></span> <span class='ocrx_word' id='word_1_263' title='bbox 1005 2657 1150 2743; x_wconf 80' lang='grc' dir='ltr'><strong><em>ὑμνεῖται,</em></strong></span> <span class='ocrx_word' id='word_1_264' title='bbox 1177 2663 1208 2724; x_wconf 87' lang='grc' dir='ltr'><strong><em>ἐν</em></strong></span> <span class='ocrx_word' id='word_1_265' title='bbox 1225 2657 1257 2724; x_wconf 80' lang='grc' dir='ltr'><strong><em>δὲ</em></strong></span> <span class='ocrx_word' id='word_1_266' title='bbox 1273 2660 1354 2725; x_wconf 87' lang='grc' dir='ltr'><strong><em>πλα-</em></strong></span> 
     </span>
     <span class='ocr_line' id='line_1_28' title="bbox 113 2736 1354 2829; baseline 0.001 -21"><span class='ocrx_word' id='word_1_267' title='bbox 113 2741 290 2828; x_wconf 83' lang='grc' dir='ltr'><strong><em>παραβσλήν</em></strong></span> <span class='ocrx_word' id='word_1_268' title='bbox 307 2743 358 2806; x_wconf 82' lang='grc' dir='ltr'><strong><em>καί</em></strong></span> <span class='ocrx_word' id='word_1_269' title='bbox 371 2740 521 2807; x_wconf 87' lang='grc' dir='ltr'><strong><em>σκοτεινὸν</em></strong></span> <span class='ocrx_word' id='word_1_270' title='bbox 532 2736 637 2820; x_wconf 87' lang='grc' dir='ltr'><strong><em>λόγον,</em></strong></span> <span class='ocrx_word' id='word_1_271' title='bbox 660 2736 714 2826; x_wconf 79' lang='grc' dir='ltr'><strong><em>βή-</em></strong></span> <span class='ocrx_word' id='word_1_272' title='bbox 751 2747 839 2818; x_wconf 90' lang='grc' dir='ltr'><strong><em>τείαις</em></strong></span> <span class='ocrx_word' id='word_1_273' title='bbox 851 2746 1019 2829; x_wconf 80' lang='grc' dir='ltr'><strong><em>παῤῥησίαν</em></strong></span> <span class='ocrx_word' id='word_1_274' title='bbox 1032 2741 1103 2820; x_wconf 86' lang='grc' dir='ltr'><strong><em>ἀγει.</em></strong></span> <span class='ocrx_word' id='word_1_275' title='bbox 1117 2741 1193 2807; x_wconf 84' lang='grc' dir='ltr'><strong><em>22ίπ’</em></strong></span> <span class='ocrx_word' id='word_1_276' title='bbox 1208 2741 1309 2829; x_wconf 87' lang='grc' dir='ltr'><strong><em>ἀκρων</em></strong></span> <span class='ocrx_word' id='word_1_277' title='bbox 1321 2742 1354 2809; x_wconf 80' lang='grc' dir='ltr'><strong><em>δέ</em></strong></span> 
     </span>
     <span class='ocr_line' id='line_1_29' title="bbox 114 2823 1354 2927; baseline 0.001 -36"><span class='ocrx_word' id='word_1_278' title='bbox 114 2851 172 2901; x_wconf 86' lang='grc' dir='ltr'><strong><em>σεις</em></strong></span> <span class='ocrx_word' id='word_1_279' title='bbox 187 2851 219 2890; x_wconf 89' lang='grc' dir='ltr'><strong><em>τε</em></strong></span> <span class='ocrx_word' id='word_1_280' title='bbox 237 2829 339 2904; x_wconf 80' lang='grc' dir='ltr'><strong><em>σοφῶν</em></strong></span> <span class='ocrx_word' id='word_1_281' title='bbox 351 2827 402 2890; x_wconf 85' lang='grc' dir='ltr'><strong><em>καί</em></strong></span> <span class='ocrx_word' id='word_1_282' title='bbox 420 2829 584 2905; x_wconf 79' lang='grc' dir='ltr'><strong><em>αἰνίγματα.</em></strong></span> <span class='ocrx_word' id='word_1_283' title='bbox 613 2823 714 2927; x_wconf 79' lang='grc' dir='ltr'><strong><em>2ἀρχή</em></strong></span> <span class='ocrx_word' id='word_1_284' title='bbox 751 2829 866 2910; x_wconf 83' lang='grc' dir='ltr'><strong><em>τειχέων</em></strong></span> <span class='ocrx_word' id='word_1_285' title='bbox 878 2825 1063 2911; x_wconf 78' lang='grc' dir='ltr'><strong><em>κηρύσσεται,</em></strong></span> <span class='ocrx_word' id='word_1_286' title='bbox 1077 2828 1126 2892; x_wconf 83' lang='grc' dir='ltr'><strong><em>ἐπὶ</em></strong></span> <span class='ocrx_word' id='word_1_287' title='bbox 1138 2825 1170 2891; x_wconf 83' lang='grc' dir='ltr'><strong><em>δέ</em></strong></span> <span class='ocrx_word' id='word_1_288' title='bbox 1182 2823 1290 2902; x_wconf 87' lang='grc' dir='ltr'><strong><em>πύλαις</em></strong></span> <span class='ocrx_word' id='word_1_289' title='bbox 1302 2826 1354 2892; x_wconf 88' lang='grc' dir='ltr'><strong><em>δυ-</em></strong></span> 
     </span>
     <span class='ocr_line' id='line_1_30' title="bbox 113 2903 1353 3008; baseline 0.002 -35"><span class='ocrx_word' id='word_1_290' title='bbox 113 2915 221 2988; x_wconf 88' lang='grc' dir='ltr'><strong><em>σοφίας</em></strong></span> <span class='ocrx_word' id='word_1_291' title='bbox 230 2903 323 2993; x_wconf 85' lang='grc' dir='ltr'><strong><em>φόβος</em></strong></span> <span class='ocrx_word' id='word_1_292' title='bbox 331 2915 442 2994; x_wconf 83' lang='grc' dir='ltr'><strong><em>κυρίου,</em></strong></span> <span class='ocrx_word' id='word_1_293' title='bbox 447 2904 559 2984; x_wconf 87' lang='grc' dir='ltr'><strong><em>σύνεσις</em></strong></span> <span class='ocrx_word' id='word_1_294' title='bbox 568 2905 601 2974; x_wconf 85' lang='grc' dir='ltr'><strong><em>δέ</em></strong></span> <span class='ocrx_word' id='word_1_295' title='bbox 610 2906 714 3008; x_wconf 83' lang='grc' dir='ltr'><strong><em>ἀγαθη</em></strong></span> <span class='ocrx_word' id='word_1_296' title='bbox 752 2914 867 2974; x_wconf 81' lang='grc' dir='ltr'><strong><em>ναστῶν</em></strong></span> <span class='ocrx_word' id='word_1_297' title='bbox 879 2905 1059 2996; x_wconf 89' lang='grc' dir='ltr'><strong><em>παρεδρεύει,</em></strong></span> <span class='ocrx_word' id='word_1_298' title='bbox 1071 2911 1121 2975; x_wconf 80' lang='grc' dir='ltr'><strong><em>ἐπί</em></strong></span> <span class='ocrx_word' id='word_1_299' title='bbox 1130 2909 1160 2975; x_wconf 81' lang='grc' dir='ltr'><strong><em>δὲ</em></strong></span> <span class='ocrx_word' id='word_1_300' title='bbox 1174 2905 1282 2985; x_wconf 89' lang='grc' dir='ltr'><strong><em>πύλαις</em></strong></span> <span class='ocrx_word' id='word_1_301' title='bbox 1294 2909 1353 2975; x_wconf 88' lang='grc' dir='ltr'><strong><em>πό-</em></strong></span> 
     </span>
     <span class='ocr_line' id='line_1_31' title="bbox 110 2987 1353 3096; baseline 0.002 -40"><span class='ocrx_word' id='word_1_302' title='bbox 110 2997 185 3058; x_wconf 85' lang='grc' dir='ltr'><strong><em>πᾶσι</em></strong></span> <span class='ocrx_word' id='word_1_303' title='bbox 195 3004 260 3066; x_wconf 82' lang='grc' dir='ltr'><strong><em>τοῖς</em></strong></span> <span class='ocrx_word' id='word_1_304' title='bbox 272 2997 410 3057; x_wconf 78' lang='grc' dir='ltr'><strong><em>ποιοῦσιν</em></strong></span> <span class='ocrx_word' id='word_1_305' title='bbox 424 2987 525 3076; x_wconf 80' lang='grc' dir='ltr'><strong><em>αὐτήν.</em></strong></span> <span class='ocrx_word' id='word_1_306' title='bbox 540 2990 670 3077; x_wconf 81' lang='grc' dir='ltr'><strong><em>εὐσέβεια</em></strong></span> <span class='ocrx_word' id='word_1_307' title='bbox 683 2991 714 3054; x_wconf 82' lang='grc' dir='ltr'><strong><em>δε</em></strong></span> <span class='ocrx_word' id='word_1_308' title='bbox 751 2991 822 3067; x_wconf 61' lang='grc' dir='ltr'><strong><em>λαως</em></strong></span> <span class='ocrx_word' id='word_1_309' title='bbox 833 2994 994 3077; x_wconf 79' lang='grc' dir='ltr'><strong><em>θαβροὐσα</em></strong></span> <span class='ocrx_word' id='word_1_310' title='bbox 1007 2994 1092 3070; x_wconf 85' lang='grc' dir='ltr'><strong><em>λέγει.</em></strong></span> <span class='ocrx_word' id='word_1_311' title='bbox 1110 2996 1139 3034; x_wconf 86' lang='grc'><strong><em>22</em></strong></span> <span class='ocrx_word' id='word_1_312' title='bbox 1152 2987 1221 3058; x_wconf 76' lang='grc' dir='ltr'><strong><em>ὅσον</em></strong></span> <span class='ocrx_word' id='word_1_313' title='bbox 1233 2992 1271 3056; x_wconf 89' lang='grc' dir='ltr'><strong><em>ἀν</em></strong></span> <span class='ocrx_word' id='word_1_314' title='bbox 1282 3019 1353 3096; x_wconf 86' lang='grc' dir='ltr'><strong><em>χρο-</em></strong></span> 
     </span>
     <span class='ocr_line' id='line_1_32' title="bbox 111 3071 1343 3181; baseline 0.002 -42"><span class='ocrx_word' id='word_1_315' title='bbox 111 3079 151 3149; x_wconf 83' lang='grc' dir='ltr'><strong><em>είς</em></strong></span> <span class='ocrx_word' id='word_1_316' title='bbox 170 3071 243 3140; x_wconf 74' lang='grc' dir='ltr'><strong><em>θεὸν</em></strong></span> <span class='ocrx_word' id='word_1_317' title='bbox 260 3072 333 3160; x_wconf 83' lang='grc' dir='ltr'><strong><em>ἀρχή</em></strong></span> <span class='ocrx_word' id='word_1_318' title='bbox 352 3071 533 3160; x_wconf 75' lang='grc' dir='ltr'><strong><em>αίσθήσεως,</em></strong></span> <span class='ocrx_word' id='word_1_319' title='bbox 559 3081 670 3153; x_wconf 86' lang='grc' dir='ltr'><strong><em>σοφίαν</em></strong></span> <span class='ocrx_word' id='word_1_320' title='bbox 683 3071 714 3137; x_wconf 77' lang='grc' dir='ltr'><strong><em>δὲ</em></strong></span> <span class='ocrx_word' id='word_1_321' title='bbox 751 3099 801 3138; x_wconf 91' lang='grc' dir='ltr'><strong><em>νον</em></strong></span> <span class='ocrx_word' id='word_1_322' title='bbox 826 3072 932 3139; x_wconf 86' lang='grc' dir='ltr'><strong><em>ἀκακοι</em></strong></span> <span class='ocrx_word' id='word_1_323' title='bbox 959 3081 1075 3181; x_wconf 78' lang='grc' dir='ltr'><strong><em>ἔχονται</em></strong></span> <span class='ocrx_word' id='word_1_324' title='bbox 1093 3080 1144 3158; x_wconf 78' lang='grc' dir='ltr'><strong><em>τής</em></strong></span> <span class='ocrx_word' id='word_1_325' title='bbox 1160 3077 1343 3160; x_wconf 90' lang='grc' dir='ltr'><strong><em>δικαιοσυνης</em></strong></span> 
     </span>
     <span class='ocr_line' id='line_1_33' title="bbox 110 3153 1353 3244; baseline 0.003 -24"><span class='ocrx_word' id='word_1_326' title='bbox 110 3160 161 3221; x_wconf 82' lang='grc' dir='ltr'><strong><em>καί</em></strong></span> <span class='ocrx_word' id='word_1_327' title='bbox 179 3159 313 3223; x_wconf 84' lang='grc' dir='ltr'><strong><em>παιδείαν</em></strong></span> <span class='ocrx_word' id='word_1_328' title='bbox 330 3158 442 3244; x_wconf 81' lang='grc' dir='ltr'><strong><em>ἀσεβεῖς</em></strong></span> <span class='ocrx_word' id='word_1_329' title='bbox 465 3153 713 3238; x_wconf 77' lang='grc' dir='ltr'><strong><em>ἐξουθενήσουσιν.</em></strong></span> <span class='ocrx_word' id='word_1_330' title='bbox 751 3155 807 3222; x_wconf 80' lang='grc' dir='ltr'><strong><em>οὐκ</em></strong></span> <span class='ocrx_word' id='word_1_331' title='bbox 834 3161 1091 3243; x_wconf 77' lang='grc' dir='ltr'><strong><em>αίοχυνθησσνται.</em></strong></span> <span class='ocrx_word' id='word_1_332' title='bbox 1123 3162 1155 3224; x_wconf 82' lang='grc' dir='ltr'><strong><em>οί</em></strong></span> <span class='ocrx_word' id='word_1_333' title='bbox 1179 3158 1211 3224; x_wconf 84' lang='grc' dir='ltr'><strong><em>δὲ</em></strong></span> <span class='ocrx_word' id='word_1_334' title='bbox 1229 3159 1353 3243; x_wconf 89' lang='grc' dir='ltr'><strong><em>ἀφρονες</em></strong></span> 
     </span>
     <span class='ocr_line' id='line_1_34' title="bbox 111 3234 1353 3327; baseline 0.002 -24"><span class='ocrx_word' id='word_1_335' title='bbox 111 3238 225 3306; x_wconf 66' lang='grc' dir='ltr'><strong><em>2’ἀκσυε</em></strong></span> <span class='ocrx_word' id='word_1_336' title='bbox 238 3239 281 3305; x_wconf 80' lang='grc' dir='ltr'><strong><em>υίὲ</em></strong></span> <span class='ocrx_word' id='word_1_337' title='bbox 293 3242 429 3306; x_wconf 87' lang='grc' dir='ltr'><strong><em>παιδείαν</em></strong></span> <span class='ocrx_word' id='word_1_338' title='bbox 439 3236 554 3322; x_wconf 85' lang='grc' dir='ltr'><strong><em>πατρός</em></strong></span> <span class='ocrx_word' id='word_1_339' title='bbox 572 3264 640 3313; x_wconf 89' lang='grc' dir='ltr'><strong><em>σου,</em></strong></span> <span class='ocrx_word' id='word_1_340' title='bbox 664 3239 715 3303; x_wconf 85' lang='grc' dir='ltr'><strong><em>καὶ</em></strong></span> <span class='ocrx_word' id='word_1_341' title='bbox 749 3243 801 3322; x_wconf 74' lang='grc' dir='ltr'><strong><em>τῆς</em></strong></span> <span class='ocrx_word' id='word_1_342' title='bbox 813 3234 922 3325; x_wconf 80' lang='grc' dir='ltr'><strong><em>ύβρεως</em></strong></span> <span class='ocrx_word' id='word_1_343' title='bbox 935 3240 1012 3316; x_wconf 80' lang='grc' dir='ltr'><strong><em>ὄντες</em></strong></span> <span class='ocrx_word' id='word_1_344' title='bbox 1025 3244 1218 3324; x_wconf 75' lang='grc' dir='ltr'><strong><em>ἐπιθυμηταί,</em></strong></span> <span class='ocrx_word' id='word_1_345' title='bbox 1244 3241 1353 3327; x_wconf 71' lang='grc' dir='ltr'><strong><em>ἀσεβεῖς</em></strong></span> 
     </span>
     <span class='ocr_line' id='line_1_35' title="bbox 110 3318 1354 3408; baseline -0.001 -20"><span class='ocrx_word' id='word_1_346' title='bbox 110 3320 150 3405; x_wconf 88' lang='grc' dir='ltr'><strong><em>μή</em></strong></span> <span class='ocrx_word' id='word_1_347' title='bbox 164 3321 273 3408; x_wconf 86' lang='grc' dir='ltr'><strong><em>ἀπιύση</em></strong></span> <span class='ocrx_word' id='word_1_348' title='bbox 285 3322 416 3404; x_wconf 80' lang='grc' dir='ltr'><strong><em>θεσμοὺς</em></strong></span> <span class='ocrx_word' id='word_1_349' title='bbox 427 3318 538 3406; x_wconf 85' lang='grc' dir='ltr'><strong><em>μητρός</em></strong></span> <span class='ocrx_word' id='word_1_350' title='bbox 551 3347 612 3385; x_wconf 92' lang='grc' dir='ltr'><strong><em>σου.</em></strong></span> <span class='ocrx_word' id='word_1_351' title='bbox 626 3322 713 3383; x_wconf 60' lang='lat'><strong>⁹⁰15-</strong></span> <span class='ocrx_word' id='word_1_352' title='bbox 749 3318 894 3401; x_wconf 86' lang='grc' dir='ltr'><strong><em>γενόμενοι</em></strong></span> <span class='ocrx_word' id='word_1_353' title='bbox 919 3326 1059 3405; x_wconf 76' lang='grc' dir='ltr'><strong><em>ἐμίσησαν</em></strong></span> <span class='ocrx_word' id='word_1_354' title='bbox 1080 3323 1236 3402; x_wconf 78' lang='grc' dir='ltr'><strong><em>αἴσθησιν,</em></strong></span> <span class='ocrx_word' id='word_1_355' title='bbox 1261 3325 1290 3364; x_wconf 74' lang='grc'><strong>23</strong></span> <span class='ocrx_word' id='word_1_356' title='bbox 1304 3328 1354 3387; x_wconf 85' lang='grc' dir='ltr'><strong><em>καὶ</em></strong></span> 
     </span>
     <span class='ocr_line' id='line_1_36' title="bbox 110 3397 1353 3506; baseline -0.001 -37"><span class='ocrx_word' id='word_1_357' title='bbox 110 3430 204 3486; x_wconf 93' lang='grc' dir='ltr'><strong><em>φανον</em></strong></span> <span class='ocrx_word' id='word_1_358' title='bbox 220 3397 279 3487; x_wconf 85' lang='grc' dir='ltr'><strong><em>γάρ</em></strong></span> <span class='ocrx_word' id='word_1_359' title='bbox 300 3410 431 3506; x_wconf 77' lang='grc' dir='ltr'><strong><em>χαρίτων</em></strong></span> <span class='ocrx_word' id='word_1_360' title='bbox 448 3405 516 3492; x_wconf 81' lang='grc' dir='ltr'><strong><em>δέξῃ</em></strong></span> <span class='ocrx_word' id='word_1_361' title='bbox 534 3407 573 3491; x_wconf 79' lang='grc' dir='ltr'><strong><em>σῇ</em></strong></span> <span class='ocrx_word' id='word_1_362' title='bbox 590 3406 714 3492; x_wconf 75' lang='grc' dir='ltr'><strong><em>κορυφῇ,</em></strong></span> <span class='ocrx_word' id='word_1_363' title='bbox 749 3400 913 3467; x_wconf 73' lang='grc' dir='ltr'><strong><em>ὑπεύθυνοι</em></strong></span> <span class='ocrx_word' id='word_1_364' title='bbox 945 3407 1080 3480; x_wconf 81' lang='grc' dir='ltr'><strong><em>ἐγένοντο</em></strong></span> <span class='ocrx_word' id='word_1_365' title='bbox 1111 3403 1247 3483; x_wconf 72' lang='grc' dir='ltr'><strong><em>ἐλέγχοις.</em></strong></span> <span class='ocrx_word' id='word_1_366' title='bbox 1287 3403 1353 3468; x_wconf 77' lang='grc' dir='ltr'><strong><em>ἰδού</em></strong></span> 
     </span>
     <span class='ocr_line' id='line_1_37' title="bbox 109 3478 1352 3584; baseline -0.004 -32"><span class='ocrx_word' id='word_1_367' title='bbox 109 3491 163 3552; x_wconf 89' lang='grc' dir='ltr'><strong><em>καὶ</em></strong></span> <span class='ocrx_word' id='word_1_368' title='bbox 184 3486 284 3550; x_wconf 87' lang='grc' dir='ltr'><strong><em>κλοιὸν</em></strong></span> <span class='ocrx_word' id='word_1_369' title='bbox 295 3509 418 3569; x_wconf 91' lang='grc' dir='ltr'><strong><em>χρυσεον</em></strong></span> <span class='ocrx_word' id='word_1_370' title='bbox 429 3487 496 3567; x_wconf 85' lang='grc' dir='ltr'><strong><em>περί</em></strong></span> <span class='ocrx_word' id='word_1_371' title='bbox 509 3488 553 3562; x_wconf 79' lang='grc' dir='ltr'><strong><em>σῳ</em></strong></span> <span class='ocrx_word' id='word_1_372' title='bbox 568 3478 714 3566; x_wconf 88' lang='grc' dir='ltr'><strong><em>τραχήλῳ.</em></strong></span> <span class='ocrx_word' id='word_1_373' title='bbox 749 3479 918 3584; x_wconf 82' lang='grc' dir='ltr'><strong><em>προήσσμαι</em></strong></span> <span class='ocrx_word' id='word_1_374' title='bbox 932 3480 998 3566; x_wconf 81' lang='grc' dir='ltr'><strong><em>ύμῖν</em></strong></span> <span class='ocrx_word' id='word_1_375' title='bbox 1011 3487 1078 3565; x_wconf 76' lang='grc' dir='ltr'><strong><em>ἐμῆς</em></strong></span> <span class='ocrx_word' id='word_1_376' title='bbox 1089 3486 1182 3564; x_wconf 83' lang='grc' dir='ltr'><strong><em>πνσής</em></strong></span> <span class='ocrx_word' id='word_1_377' title='bbox 1199 3487 1291 3566; x_wconf 82' lang='grc' dir='ltr'><strong><em>ῥήσει,</em></strong></span> <span class='ocrx_word' id='word_1_378' title='bbox 1309 3484 1352 3547; x_wconf 87' lang='grc' dir='ltr'><strong><em>δι-</em></strong></span> 
     </span>
     <span class='ocr_line' id='line_1_38' title="bbox 110 3560 1353 3648; baseline -0.001 -17"><span class='ocrx_word' id='word_1_379' title='bbox 110 3573 140 3614; x_wconf 89' lang='lat'><strong><em>¹⁰</em></strong></span> <span class='ocrx_word' id='word_1_380' title='bbox 156 3567 197 3631; x_wconf 68' lang='grc' dir='ltr'><strong><em>υίιῖ</em></strong></span> <span class='ocrx_word' id='word_1_381' title='bbox 213 3563 253 3648; x_wconf 90' lang='grc' dir='ltr'><strong><em>μή</em></strong></span> <span class='ocrx_word' id='word_1_382' title='bbox 271 3592 302 3631; x_wconf 91' lang='grc' dir='ltr'><strong><em>σε</em></strong></span> <span class='ocrx_word' id='word_1_383' title='bbox 319 3562 510 3646; x_wconf 89' lang='grc' dir='ltr'><strong><em>πλανήσωσιν</em></strong></span> <span class='ocrx_word' id='word_1_384' title='bbox 527 3563 627 3646; x_wconf 86' lang='grc' dir='ltr'><strong><em>ἀνδρες</em></strong></span> <span class='ocrx_word' id='word_1_385' title='bbox 647 3563 717 3628; x_wconf 88' lang='grc' dir='ltr'><strong><em>ἀσε-</em></strong></span> <span class='ocrx_word' id='word_1_386' title='bbox 750 3566 831 3639; x_wconf 82' lang='grc' dir='ltr'><strong><em>δαξω</em></strong></span> <span class='ocrx_word' id='word_1_387' title='bbox 844 3565 875 3628; x_wconf 85' lang='grc' dir='ltr'><strong><em>δὲ</em></strong></span> <span class='ocrx_word' id='word_1_388' title='bbox 887 3562 963 3648; x_wconf 79' lang='grc' dir='ltr'><strong><em>ὑμᾶς</em></strong></span> <span class='ocrx_word' id='word_1_389' title='bbox 976 3565 1029 3629; x_wconf 89' lang='grc' dir='ltr'><strong><em>τὸν</em></strong></span> <span class='ocrx_word' id='word_1_390' title='bbox 1041 3561 1110 3645; x_wconf 84' lang='grc' dir='ltr'><strong><em>ἐμὸν</em></strong></span> <span class='ocrx_word' id='word_1_391' title='bbox 1121 3560 1217 3641; x_wconf 86' lang='grc' dir='ltr'><strong><em>λόγον.</em></strong></span> <span class='ocrx_word' id='word_1_392' title='bbox 1238 3563 1353 3631; x_wconf 80' lang='grc' dir='ltr'><strong><em>22ἐιτει-</em></strong></span> 
     </span>
    </p>

    <p class='ocr_par' dir='ltr' id='par_1_7' title="bbox 109 3641 1353 4619">
     <span class='ocr_line' id='line_1_39' title="bbox 131 3641 1353 3738; baseline 0.001 -23"><span class='ocrx_word' id='word_1_393' title='bbox 131 3661 186 3725; x_wconf 84' lang='grc' dir='ltr'><strong><em>είς,</em></strong></span> <span class='ocrx_word' id='word_1_394' title='bbox 204 3648 278 3734; x_wconf 78' lang='grc' dir='ltr'><strong><em>μηδὲ</em></strong></span> <span class='ocrx_word' id='word_1_395' title='bbox 289 3649 450 3738; x_wconf 70' lang='grc' dir='ltr'><strong><em>βουληθῇς.</em></strong></span> <span class='ocrx_word' id='word_1_396' title='bbox 476 3648 499 3686; x_wconf 88' lang='lat'><strong><em>¹¹</em></strong></span> <span class='ocrx_word' id='word_1_397' title='bbox 513 3643 564 3709; x_wconf 84' lang='grc' dir='ltr'><strong><em>ἐὰν</em></strong></span> <span class='ocrx_word' id='word_1_398' title='bbox 576 3670 715 3728; x_wconf 86' lang='grc' dir='ltr'><strong><em>παρακα-</em></strong></span> <span class='ocrx_word' id='word_1_399' title='bbox 750 3644 785 3728; x_wconf 88' lang='grc' dir='ltr'><strong><em>δή</em></strong></span> <span class='ocrx_word' id='word_1_400' title='bbox 799 3641 932 3723; x_wconf 84' lang='grc' dir='ltr'><strong><em>έκάλουν,</em></strong></span> <span class='ocrx_word' id='word_1_401' title='bbox 947 3649 998 3713; x_wconf 81' lang='grc' dir='ltr'><strong><em>καὶ</em></strong></span> <span class='ocrx_word' id='word_1_402' title='bbox 1010 3645 1064 3730; x_wconf 83' lang='grc' dir='ltr'><strong><em>οὐχ</em></strong></span> <span class='ocrx_word' id='word_1_403' title='bbox 1076 3643 1275 3730; x_wconf 73' lang='grc' dir='ltr'><strong><em>ὑπηκούσατε.</em></strong></span> <span class='ocrx_word' id='word_1_404' title='bbox 1302 3651 1353 3716; x_wconf 79' lang='grc' dir='ltr'><strong><em>καί</em></strong></span> 
     </span>
     <span class='ocr_line' id='line_1_40' title="bbox 109 3657 1351 3814; baseline 0 -15"><span class='ocrx_word' id='word_1_405' title='bbox 109 3657 224 3800; x_wconf 53' lang='grc' dir='ltr'><strong><em>λάέσωσί</em></strong></span> <span class='ocrx_word' id='word_1_406' title='bbox 236 3758 282 3807; x_wconf 92' lang='grc' dir='ltr'><strong><em>σε,</em></strong></span> <span class='ocrx_word' id='word_1_407' title='bbox 308 3730 453 3807; x_wconf 87' lang='grc' dir='ltr'><strong><em>λέγοντες,</em></strong></span> <span class='ocrx_word' id='word_1_408' title='bbox 472 3725 542 3791; x_wconf 76' lang='grc' dir='ltr'><strong><em>ἐλθὲ</em></strong></span> <span class='ocrx_word' id='word_1_409' title='bbox 557 3726 621 3809; x_wconf 81' lang='grc' dir='ltr'><strong><em>μεθ’</em></strong></span> <span class='ocrx_word' id='word_1_410' title='bbox 637 3724 716 3811; x_wconf 78' lang='grc' dir='ltr'><strong><em>ήμῶν</em></strong></span> <span class='ocrx_word' id='word_1_411' title='bbox 750 3733 887 3807; x_wconf 80' lang='grc' dir='ltr'><strong><em>ἐξέτειναν</em></strong></span> <span class='ocrx_word' id='word_1_412' title='bbox 911 3727 1034 3807; x_wconf 87' lang='grc' dir='ltr'><strong><em>λόγους,</em></strong></span> <span class='ocrx_word' id='word_1_413' title='bbox 1060 3731 1110 3794; x_wconf 83' lang='grc' dir='ltr'><strong><em>καί</em></strong></span> <span class='ocrx_word' id='word_1_414' title='bbox 1130 3729 1166 3796; x_wconf 82' lang='grc' dir='ltr'><strong><em>οὐ</em></strong></span> <span class='ocrx_word' id='word_1_415' title='bbox 1183 3740 1284 3814; x_wconf 87' lang='grc' dir='ltr'><strong><em>προςεί</em></strong></span> <span class='ocrx_word' id='word_1_416' title='bbox 1299 3759 1351 3799; x_wconf 88' lang='grc' dir='ltr'><strong><em>ετε.</em></strong></span> 
     </span>
     <span class='ocr_line' id='line_1_41' title="bbox 112 3760 1351 3903; baseline 0 -21"><span class='ocrx_word' id='word_1_417' title='bbox 112 3812 292 3900; x_wconf 84' lang='grc' dir='ltr'><strong><em>κσινιύνησον</em></strong></span> <span class='ocrx_word' id='word_1_418' title='bbox 305 3819 444 3896; x_wconf 85' lang='grc' dir='ltr'><strong><em>αἵματος,</em></strong></span> <span class='ocrx_word' id='word_1_419' title='bbox 466 3806 623 3895; x_wconf 88' lang='grc' dir='ltr'><strong><em>κρύψωμεν</em></strong></span> <span class='ocrx_word' id='word_1_420' title='bbox 633 3811 665 3875; x_wconf 87' lang='grc' dir='ltr'><strong><em>δὲ</em></strong></span> <span class='ocrx_word' id='word_1_421' title='bbox 678 3815 716 3886; x_wconf 79' lang='grc' dir='ltr'><strong><em>εἰς</em></strong></span> <span class='ocrx_word' id='word_1_422' title='bbox 751 3809 865 3878; x_wconf 53' lang='lat' dir='ltr'><strong><em>um&amp;</em></strong></span> <span class='ocrx_word' id='word_1_423' title='bbox 878 3809 1003 3899; x_wconf 88' lang='grc' dir='ltr'><strong><em>ἀκύρους</em></strong></span> <span class='ocrx_word' id='word_1_424' title='bbox 1015 3819 1137 3879; x_wconf 85' lang='grc' dir='ltr'><strong><em>ἐποιεῖτε</em></strong></span> <span class='ocrx_word' id='word_1_425' title='bbox 1150 3812 1220 3898; x_wconf 83' lang='grc' dir='ltr'><strong><em>ε’μάς</em></strong></span> <span class='ocrx_word' id='word_1_426' title='bbox 1228 3760 1351 3903; x_wconf 75' lang='grc' dir='ltr'><strong><em>βουλὰς,</em></strong></span> 
     </span>
     <span class='ocr_line' id='line_1_42' title="bbox 111 3895 1349 3984; baseline -0.002 -17"><span class='ocrx_word' id='word_1_427' title='bbox 111 3905 169 3984; x_wconf 77' lang='grc' dir='ltr'><strong><em>γῆν</em></strong></span> <span class='ocrx_word' id='word_1_428' title='bbox 187 3899 282 3984; x_wconf 87' lang='grc' dir='ltr'><strong><em>ἀνδρα</em></strong></span> <span class='ocrx_word' id='word_1_429' title='bbox 303 3899 416 3964; x_wconf 88' lang='grc' dir='ltr'><strong><em>δίκαιον</em></strong></span> <span class='ocrx_word' id='word_1_430' title='bbox 433 3895 555 3969; x_wconf 88' lang='grc' dir='ltr'><strong><em>ἀδίκως,</em></strong></span> <span class='ocrx_word' id='word_1_431' title='bbox 581 3896 608 3937; x_wconf 87' lang='grc'><strong><em>22</em></strong></span> <span class='ocrx_word' id='word_1_432' title='bbox 622 3920 716 3960; x_wconf 82' lang='grc' dir='ltr'><strong><em>κατα·</em></strong></span> <span class='ocrx_word' id='word_1_433' title='bbox 750 3908 812 3972; x_wconf 85' lang='grc' dir='ltr'><strong><em>τοῖς</em></strong></span> <span class='ocrx_word' id='word_1_434' title='bbox 837 3896 869 3962; x_wconf 83' lang='grc' dir='ltr'><strong><em>δέ</em></strong></span> <span class='ocrx_word' id='word_1_435' title='bbox 895 3900 975 3979; x_wconf 81' lang='grc' dir='ltr'><strong><em>ἐμοῖς</em></strong></span> <span class='ocrx_word' id='word_1_436' title='bbox 1007 3896 1134 3981; x_wconf 72' lang='grc' dir='ltr'><strong><em>ἐλέγχοις</em></strong></span> <span class='ocrx_word' id='word_1_437' title='bbox 1160 3895 1349 3983; x_wconf 76' lang='grc' dir='ltr'><strong><em>ἠπειθήσατε.</em></strong></span> 
     </span>
     <span class='ocr_line' id='line_1_43' title="bbox 112 3975 1351 4083; baseline 0 -34"><span class='ocrx_word' id='word_1_438' title='bbox 112 3990 226 4064; x_wconf 84' lang='grc' dir='ltr'><strong><em>πίωμεν</em></strong></span> <span class='ocrx_word' id='word_1_439' title='bbox 244 3983 276 4048; x_wconf 80' lang='grc' dir='ltr'><strong><em>δὲ</em></strong></span> <span class='ocrx_word' id='word_1_440' title='bbox 294 3979 389 4049; x_wconf 77' lang='grc' dir='ltr'><strong><em>αὐτὸν</em></strong></span> <span class='ocrx_word' id='word_1_441' title='bbox 408 3975 502 4064; x_wconf 80' lang='grc' dir='ltr'><strong><em>ιύςπερ</em></strong></span> <span class='ocrx_word' id='word_1_442' title='bbox 522 3976 595 4083; x_wconf 62' lang='grc' dir='ltr'><strong><em>ᾅδης</em></strong></span> <span class='ocrx_word' id='word_1_443' title='bbox 610 3981 715 4055; x_wconf 81' lang='grc' dir='ltr'><strong><em>ζῶντα,</em></strong></span> <span class='ocrx_word' id='word_1_444' title='bbox 748 3983 779 4024; x_wconf 79' lang='lat'><strong><em>²¹</em></strong></span> <span class='ocrx_word' id='word_1_445' title='bbox 792 3986 950 4066; x_wconf 78' lang='grc' dir='ltr'><strong><em>τοιγαροῦν</em></strong></span> <span class='ocrx_word' id='word_1_446' title='bbox 968 3978 1106 4074; x_wconf 72' lang='grc' dir='ltr'><strong><em>κάγώ-τῇ</em></strong></span> <span class='ocrx_word' id='word_1_447' title='bbox 1126 3979 1250 4069; x_wconf 76' lang='grc' dir='ltr'><strong><em>ὑμετέρᾳ</em></strong></span> <span class='ocrx_word' id='word_1_448' title='bbox 1264 3980 1351 4049; x_wconf 87' lang='grc' dir='ltr'><strong><em>ἀπω-</em></strong></span> 
     </span>
     <span class='ocr_line' id='line_1_44' title="bbox 112 4059 1350 4167; baseline 0.001 -35"><span class='ocrx_word' id='word_1_449' title='bbox 112 4069 165 4132; x_wconf 83' lang='grc' dir='ltr'><strong><em>καί</em></strong></span> <span class='ocrx_word' id='word_1_450' title='bbox 176 4064 289 4151; x_wconf 85' lang='grc' dir='ltr'><strong><em>ἀρωμεν</em></strong></span> <span class='ocrx_word' id='word_1_451' title='bbox 302 4065 398 4131; x_wconf 78' lang='grc' dir='ltr'><strong><em>αὐτοῦ</em></strong></span> <span class='ocrx_word' id='word_1_452' title='bbox 417 4063 469 4148; x_wconf 80' lang='grc' dir='ltr'><strong><em>τήν</em></strong></span> <span class='ocrx_word' id='word_1_453' title='bbox 479 4088 593 4146; x_wconf 90' lang='grc' dir='ltr'><strong><em>μνημην</em></strong></span> <span class='ocrx_word' id='word_1_454' title='bbox 606 4066 638 4127; x_wconf 85' lang='grc' dir='ltr'><strong><em>ἐκ</em></strong></span> <span class='ocrx_word' id='word_1_455' title='bbox 650 4068 715 4147; x_wconf 76' lang='grc' dir='ltr'><strong><em>γης,</em></strong></span> <span class='ocrx_word' id='word_1_456' title='bbox 748 4063 812 4147; x_wconf 79' lang='grc' dir='ltr'><strong><em>λείῳ</em></strong></span> <span class='ocrx_word' id='word_1_457' title='bbox 830 4059 1056 4167; x_wconf 82' lang='grc' dir='ltr'><strong><em>ἐπιγελάοομαι,</em></strong></span> <span class='ocrx_word' id='word_1_458' title='bbox 1078 4072 1302 4152; x_wconf 83' lang='grc' dir='ltr'><strong><em>καταχαροῦμαι</em></strong></span> <span class='ocrx_word' id='word_1_459' title='bbox 1319 4066 1350 4133; x_wconf 73' lang='grc' dir='ltr'><strong><em>δι’</em></strong></span> 
     </span>
     <span class='ocr_line' id='line_1_45' title="bbox 112 4143 1350 4235; baseline 0.002 -21"><span class='ocrx_word' id='word_1_460' title='bbox 112 4152 141 4193; x_wconf 84' lang='lat'><strong><em>¹³</em></strong></span> <span class='ocrx_word' id='word_1_461' title='bbox 154 4150 208 4233; x_wconf 85' lang='grc' dir='ltr'><strong><em>τήν</em></strong></span> <span class='ocrx_word' id='word_1_462' title='bbox 220 4154 318 4235; x_wconf 75' lang='grc' dir='ltr'><strong><em>κτῆσιν</em></strong></span> <span class='ocrx_word' id='word_1_463' title='bbox 331 4145 426 4214; x_wconf 76' lang='grc' dir='ltr'><strong><em>αὐτοῦ</em></strong></span> <span class='ocrx_word' id='word_1_464' title='bbox 438 4144 491 4228; x_wconf 85' lang='grc' dir='ltr'><strong><em>τήν</em></strong></span> <span class='ocrx_word' id='word_1_465' title='bbox 503 4146 648 4229; x_wconf 78' lang='grc' dir='ltr'><strong><em>πολυτελῆ</em></strong></span> <span class='ocrx_word' id='word_1_466' title='bbox 660 4173 705 4210; x_wconf 84' lang='grc' dir='ltr'><strong><em>κα</em></strong></span> <span class='ocrx_word' id='word_1_467' title='bbox 749 4143 835 4228; x_wconf 79' lang='grc' dir='ltr'><strong><em>ήνίκα</em></strong></span> <span class='ocrx_word' id='word_1_468' title='bbox 849 4152 967 4232; x_wconf 76' lang='grc' dir='ltr'><strong><em>ἔρχηται</em></strong></span> <span class='ocrx_word' id='word_1_469' title='bbox 980 4159 1048 4228; x_wconf 86' lang='grc' dir='ltr'><strong><em>υμῖν</em></strong></span> <span class='ocrx_word' id='word_1_470' title='bbox 1061 4145 1196 4231; x_wconf 75' lang='grc' dir='ltr'><strong><em>ὄλεθρος.</em></strong></span> <span class='ocrx_word' id='word_1_471' title='bbox 1215 4153 1298 4216; x_wconf 80' lang='grc' dir='ltr'><strong><em>27καί</em></strong></span> <span class='ocrx_word' id='word_1_472' title='bbox 1312 4149 1350 4226; x_wconf 80' lang='grc' dir='ltr'><strong><em>ὡς</em></strong></span> 
     </span>
     <span class='ocr_line' id='line_1_46' title="bbox 112 4225 1351 4318; baseline -0.001 -20"><span class='ocrx_word' id='word_1_473' title='bbox 112 4227 325 4318; x_wconf 81' lang='grc' dir='ltr'><strong><em>ταλαβιύμεθα,</em></strong></span> <span class='ocrx_word' id='word_1_474' title='bbox 334 4225 490 4314; x_wconf 87' lang='grc' dir='ltr'><strong><em>πλήοωμεν</em></strong></span> <span class='ocrx_word' id='word_1_475' title='bbox 500 4229 531 4293; x_wconf 80' lang='grc' dir='ltr'><strong><em>δέ</em></strong></span> <span class='ocrx_word' id='word_1_476' title='bbox 542 4231 639 4304; x_wconf 80' lang='grc' dir='ltr'><strong><em>οἴκους</em></strong></span> <span class='ocrx_word' id='word_1_477' title='bbox 651 4227 714 4312; x_wconf 85' lang='grc' dir='ltr'><strong><em>ήμε·</em></strong></span> <span class='ocrx_word' id='word_1_478' title='bbox 749 4229 785 4293; x_wconf 86' lang='grc' dir='ltr'><strong><em>ἀν</em></strong></span> <span class='ocrx_word' id='word_1_479' title='bbox 798 4231 940 4316; x_wconf 89' lang='grc' dir='ltr'><strong><em>ἀφίκηται</em></strong></span> <span class='ocrx_word' id='word_1_480' title='bbox 951 4229 1020 4311; x_wconf 80' lang='grc' dir='ltr'><strong><em>ὑμῖν</em></strong></span> <span class='ocrx_word' id='word_1_481' title='bbox 1033 4229 1118 4312; x_wconf 83' lang='grc' dir='ltr'><strong><em>ἀφνω</em></strong></span> <span class='ocrx_word' id='word_1_482' title='bbox 1131 4230 1274 4318; x_wconf 72' lang='grc' dir='ltr'><strong><em>θόρυβος,</em></strong></span> <span class='ocrx_word' id='word_1_483' title='bbox 1289 4231 1306 4317; x_wconf 82' lang='grc' dir='ltr'><strong><em>ή</em></strong></span> <span class='ocrx_word' id='word_1_484' title='bbox 1319 4233 1351 4298; x_wconf 84' lang='grc' dir='ltr'><strong><em>δὲ</em></strong></span> 
     </span>
     <span class='ocr_line' id='line_1_47' title="bbox 111 4311 1350 4406; baseline -0.001 -26"><span class='ocrx_word' id='word_1_485' title='bbox 111 4320 216 4394; x_wconf 86' lang='grc' dir='ltr'><strong><em>τέρους</em></strong></span> <span class='ocrx_word' id='word_1_486' title='bbox 233 4311 354 4380; x_wconf 87' lang='grc' dir='ltr'><strong><em>σκύλων.</em></strong></span> <span class='ocrx_word' id='word_1_487' title='bbox 380 4313 409 4355; x_wconf 79' lang='grc'><strong><em>22</em></strong></span> <span class='ocrx_word' id='word_1_488' title='bbox 422 4314 475 4377; x_wconf 88' lang='grc' dir='ltr'><strong><em>τὸν</em></strong></span> <span class='ocrx_word' id='word_1_489' title='bbox 491 4312 523 4377; x_wconf 81' lang='grc' dir='ltr'><strong><em>δὲ</em></strong></span> <span class='ocrx_word' id='word_1_490' title='bbox 542 4311 594 4378; x_wconf 87' lang='grc' dir='ltr'><strong><em>σὸν</em></strong></span> <span class='ocrx_word' id='word_1_491' title='bbox 607 4313 714 4396; x_wconf 81' lang='grc' dir='ltr'><strong><em>κλήρου</em></strong></span> <span class='ocrx_word' id='word_1_492' title='bbox 749 4312 941 4400; x_wconf 84' lang='grc' dir='ltr'><strong><em>καταστροφή</em></strong></span> <span class='ocrx_word' id='word_1_493' title='bbox 966 4312 1075 4397; x_wconf 81' lang='grc' dir='ltr'><strong><em>ὁμοίως</em></strong></span> <span class='ocrx_word' id='word_1_494' title='bbox 1093 4318 1238 4392; x_wconf 91' lang='grc' dir='ltr'><strong><em>καταιγίδι</em></strong></span> <span class='ocrx_word' id='word_1_495' title='bbox 1256 4321 1350 4406; x_wconf 75' lang='grc' dir='ltr'><strong><em>παρῇ,</em></strong></span> 
     </span>
     <span class='ocr_line' id='line_1_48' title="bbox 109 4390 1350 4486; baseline -0.005 -23"><span class='ocrx_word' id='word_1_496' title='bbox 109 4395 183 4486; x_wconf 76' lang='grc' dir='ltr'><strong><em>βάλε</em></strong></span> <span class='ocrx_word' id='word_1_497' title='bbox 194 4401 225 4461; x_wconf 80' lang='grc' dir='ltr'><strong><em>ἐν</em></strong></span> <span class='ocrx_word' id='word_1_498' title='bbox 238 4396 313 4481; x_wconf 83' lang='grc' dir='ltr'><strong><em>ήμίν,</em></strong></span> <span class='ocrx_word' id='word_1_499' title='bbox 325 4392 422 4462; x_wconf 83' lang='grc' dir='ltr'><strong><em>κοινὸν</em></strong></span> <span class='ocrx_word' id='word_1_500' title='bbox 430 4396 461 4460; x_wconf 84' lang='grc' dir='ltr'><strong><em>δέ</em></strong></span> <span class='ocrx_word' id='word_1_501' title='bbox 473 4390 632 4481; x_wconf 75' lang='grc' dir='ltr'><strong><em>βαλάντιον</em></strong></span> <span class='ocrx_word' id='word_1_502' title='bbox 644 4420 715 4477; x_wconf 85' lang='grc' dir='ltr'><strong><em>κτη-</em></strong></span> <span class='ocrx_word' id='word_1_503' title='bbox 749 4400 800 4461; x_wconf 83' lang='grc' dir='ltr'><strong><em>καί</em></strong></span> <span class='ocrx_word' id='word_1_504' title='bbox 811 4393 885 4462; x_wconf 76' lang='grc' dir='ltr'><strong><em>ὅταν</em></strong></span> <span class='ocrx_word' id='word_1_505' title='bbox 898 4403 1013 4480; x_wconf 82' lang='grc' dir='ltr'><strong><em>ε”ρχηται</em></strong></span> <span class='ocrx_word' id='word_1_506' title='bbox 1029 4396 1094 4477; x_wconf 78' lang='grc' dir='ltr'><strong><em>ὑμῖν</em></strong></span> <span class='ocrx_word' id='word_1_507' title='bbox 1107 4397 1212 4474; x_wconf 72' lang='grc' dir='ltr'><strong><em>θλίψις</em></strong></span> <span class='ocrx_word' id='word_1_508' title='bbox 1229 4399 1278 4460; x_wconf 88' lang='grc' dir='ltr'><strong><em>καί</em></strong></span> <span class='ocrx_word' id='word_1_509' title='bbox 1289 4419 1350 4458; x_wconf 83' lang='grc' dir='ltr'><strong><em>πο-</em></strong></span> 
     </span>
     <span class='ocr_line' id='line_1_49' title="bbox 111 4474 1349 4616; baseline -0.011 -67"><span class='ocrx_word' id='word_1_510' title='bbox 111 4478 236 4566; x_wconf 78' lang='grc' dir='ltr'><strong><em>σώμεθα</em></strong></span> <span class='ocrx_word' id='word_1_511' title='bbox 247 4476 355 4556; x_wconf 76' lang='grc' dir='ltr'><strong><em>πάντες</em></strong></span> <span class='ocrx_word' id='word_1_512' title='bbox 367 4483 418 4544; x_wconf 88' lang='grc' dir='ltr'><strong><em>καὶ</em></strong></span> <span class='ocrx_word' id='word_1_513' title='bbox 428 4483 612 4566; x_wconf 86' lang='grc' dir='ltr'><strong><em>μαρσίππιον</em></strong></span> <span class='ocrx_word' id='word_1_514' title='bbox 624 4484 655 4543; x_wconf 80' lang='grc' dir='ltr'><strong><em>ἓν</em></strong></span> <span class='ocrx_word' id='word_1_515' title='bbox 666 4502 713 4557; x_wconf 49' lang='grc' dir='ltr'><strong><em>γε,</em></strong></span> <span class='ocrx_word' id='word_1_516' title='bbox 749 4477 874 4564; x_wconf 85' lang='grc' dir='ltr'><strong><em>λιορκία,</em></strong></span> <span class='ocrx_word' id='word_1_517' title='bbox 887 4479 905 4564; x_wconf 77' lang='grc' dir='ltr'><em>ἢ</em></span> <span class='ocrx_word' id='word_1_518' title='bbox 919 4478 993 4544; x_wconf 79' lang='grc' dir='ltr'><strong><em>ὅταν</em></strong></span> <span class='ocrx_word' id='word_1_519' title='bbox 1006 4482 1122 4562; x_wconf 78' lang='grc' dir='ltr'><strong><em>ἔρχηται</em></strong></span> <span class='ocrx_word' id='word_1_520' title='bbox 1137 4474 1203 4555; x_wconf 81' lang='grc' dir='ltr'><strong><em>ὑμῖν</em></strong></span> <span class='ocrx_word' id='word_1_521' title='bbox 1217 4477 1349 4616; x_wconf 48' lang='grc' dir='ltr'><strong><em>ὸέεῳρος.</em></strong></span> 
     </span>
     <span class='ocr_line' id='line_1_50' title="bbox 1285 4578 1349 4619; baseline 0.016 -2"><span class='ocrx_word' id='word_1_522' title='bbox 1285 4578 1349 4619; x_wconf 87' lang='grc' dir='ltr'><strong><em>σται</em></strong></span> 
     </span>
    </p>
   </div>
   <div class='ocr_carea' id='block_1_7' title="bbox 0 0 1468 4972">
    <p class='ocr_par' dir='ltr' id='par_1_8' title="bbox 0 0 1468 4972">
     <span class='ocr_line' id='line_1_51' title="bbox 0 0 1468 4972; baseline 0 0"><span class='ocrx_word' id='word_1_523' title='bbox 0 0 1468 4972; x_wconf 95' lang='lat' dir='ltr'><strong><em> </em></strong></span> 
     </span>
    </p>
   </div>
  </div>
 </body>
</html>
