2924 4972
403 244 654 307 ΨΛΛΜΟΙ
693 237 971 317 ξδ’-ξζ’.64-67.
1239 241 1305 310 601

64 369 223 456 θήσονται,
236 373 267 434 σί
278 375 488 444 κατοικοῦντες
497 370 536 435 τά
548 370 667 451 πέρατα
699 360 763 449 χήν.
791 361 1140 447 13είςθεόσομαιείςτόν
1153 361 1238 432 οἶκόν
1251 395 1309 434 σου

64 452 128 518 ἀπὸ
137 458 197 519 τών
206 458 334 537 σημείων
344 478 406 518 σου.
424 449 544 527 ἐξόδους
551 450 668 531 πρωίας
701 452 733 512 ἐν
746 443 1010 528 ὁλοκαυτώμασιν,
1024 445 1179 514 ἀποδώσω
1192 473 1241 515 σοι
1252 451 1309 528 τὰς

63 540 114 600 καὶ
125 539 252 621 ἑσπέρας
263 539 388 621 τέρψεις.
404 537 433 578 ¹⁰
445 537 603 615 ἐπεσκέψω
616 529 669 615 τήν
701 524 786 613 εῦχάς
809 555 882 613 μου,
908 526 986 605 14ἀς
1011 530 1144 596 διέστειλε
1165 530 1204 597 τά
1227 533 1307 634 χεδη

63 623 117 702 γήν
135 621 186 684 καί
205 622 351 700 ἐμέθυσας
367 613 474 720 αῦτήν,
499 610 669 698 ἐπλήθυνας
699 638 772 695 μου,
797 614 847 678 καί
860 608 983 695 ε’λάλησε
995 612 1032 676 τὸ
1047 609 1146 696 στόμα
1157 641 1214 696 μου
1226 621 1257 680 ίν
1268 641 1306 710 τη

63 706 120 767 τοῦ
132 701 293 768 πλουτίσαι
306 696 406 766 αὖτ’ν.
432 724 451 763 ο
463 696 602 782 ποταμός
613 700 669 762 τοῦ
699 694 804 777 θλίψει
815 720 882 779 μου.
908 696 935 737 ¹⁵
946 692 1184 778 ὁλοκαυτώματα
1195 722 1306 781 μεμυα-

63 789 140 849 θεοῦ
166 784 329 869 ἐπληρώθη
347 727 472 849 ῦόάτων.
504 779 669 884 ήτοηαασας
700 776 820 884 λινρίνα
838 775 1013 879 ἀνοίσουΙσοι
1029 778 1103 859 μετὰ
1115 777 1306 880 θυμιάματος

62 869 115 949 τήν
127 865 243 952 τροφήν
256 867 371 942 αὐτῶν,
389 862 437 931 ότι
450 860 547 940 οῦτως
558 891 577 948 η
590 865 669 928 ίτοι-
699 887 752 925 και
763 864 869 946 κριῶν,
895 885 1014 944 ποιησαι
1028 886 1073 925 σοι
1085 865 1160 947 βοας
1171 863 1246 947 μετά
1259 891 1306 948 χι-

63 955 165 1032 μασία.
190 948 301 1026 11τοὺς
319 949 454 1024 αῦλακας
466 946 559 1031 αῦτής
572 949 670 1031 μέθυ-
699 939 814 1029 μάριον.
828 941 995 1026 διάψαλμα.
1013 944 1042 986 ¹⁶
1052 943 1132 1009 δεῦτε
1145 942 1305 1023 ἀκούσατε,

65 1056 135 1108 σον,
160 1027 315 1114 πλήθυνον
332 1030 371 1097 τό
389 1027 553 1115 γεννήματα
566 1026 668 1111 αῦτής,
700 1031 751 1091 καί
763 1025 938 1130 διηγήσομαι
956 1021 1063 1100 πάντες
1081 1030 1111 1090 ολ
1128 1026 1305 1114 ψοβοόμενοι

64 1117 96 1178 ἐν
112 1124 179 1189 ταῖς
197 1111 337 1191 σταγόσιν
353 1112 445 1197 αὐτῆς
461 1106 667 1196 εῦφρανθήσε-
701 1106 756 1176 τόν
768 1107 857 1183 θεὸν,
883 1135 940 1174 οσα
952 1111 1074 1193 ἐποίησε
1091 1114 1130 1200 τῇ
1142 1115 1224 1203 ψυχῇ
1236 1136 1303 1193 μου.

64 1221 115 1260 ται
139 1193 355 1261 ἀνατέλλουσα.
390 1192 593 1277 12εῦλογήσεις
615 1192 669 1259 τόν
700 1193 727 1234 ¹⁷
739 1189 815 1276 πρὸς
840 1187 935 1256 αὐτόν
961 1195 1006 1274 τῷ
1024 1186 1151 1274 στόματί
1167 1219 1223 1274 μου
1240 1197 1304 1258 ίκί-

67 1279 216 1357 οτίφανον
229 1283 283 1343 τοῦ
294 1282 432 1343 ἐνιαυτοῦ
442 1283 494 1362 τῆς
523 1270 669 1364 ρηστότη-
700 1276 813 1357 κραξα,
832 1274 882 1338 καί
895 1270 1007 1357 ίίψονσα
1020 1271 1081 1338 ῦπὸ
1095 1274 1150 1359 τήν
1161 1273 1304 1353 γλώσσάν

65 1359 117 1435 τός
129 1385 196 1436 σου,
209 1362 260 1424 καί
271 1358 310 1425 τὰ
320 1361 407 1426 πεδία
417 1303 669 1445 σουπλησθήσον-
699 1383 766 1439 μου.
787 1358 816 1401 ¹⁸
829 1355 942 1422 ἀδικίαν
953 1360 978 1420 ελ
990 1352 1140 1443 ἐθεώρουν
1152 1363 1184 1424 ἐν
1195 1359 1305 1443 καρδία

65 1468 117 1508 ται
129 1437 280 1527 πιότητος.
306 1445 333 1485 ¹³
345 1441 543 1527 πιανθήσεται
559 1441 598 1508 τὰ
611 1440 668 1528 ὅρη
700 1463 775 1520 μου,
798 1438 840 1523 μή
862 1435 1061 1514 είςακουσάτω
1080 1437 1188 1527 κόριος.
1214 1423 1305 1507 19διά

64 1529 119 1610 της
130 1521 252 1608 ἐρήμου,
276 1529 328 1591 καί
340 1524 558 1605 ἀγαλλίασινοί
607 1527 670 1590 υνοί
701 1526 792 1588 τοῦτο
805 1517 952 1608 είςήκουσί
960 1546 1018 1604 μου
1030 1518 1048 1586 ὁ
1061 1523 1147 1601 θεὸς,
1164 1526 1305 1651 προςέοχε

64 1605 287 1692 περιζώσονται.
314 1606 562 1675 14ἐνεδόσαντιιο
628 1608 670 1673 ιολ
702 1609 742 1699 τῇ
754 1609 841 1710 ρωνῇ
853 1609 905 1692 τῆς
918 1609 1073 1708 προςευηής
1085 1633 1151 1690 μου.
1177 1609 1191 1649 ²
1221 1605 1304 1673 εῦλο-

64 1696 128 1756 τῶν
139 1688 319 1778 προβάτων,
340 1695 391 1758 καί
404 1698 437 1758 αἱ
448 1687 579 1767 κοιλάδες
591 1633 670 1774 ἀτλη-
699 1688 824 1772 νητοςὸ
847 1684 933 1764 θεὸς,
959 1684 993 1762 ὃς
1010 1712 1065 1751 ουκ
1084 1687 1234 1776 ἆπίστησε
1251 1691 1305 1777 τήν

64 1778 189 1839 θανοῦσι
202 1787 296 1854 σῖτον,
314 1772 522 1865 κεκρόξονται,
547 1775 599 1840 καί
609 1773 669 1859 γὰρ
699 1766 862 1873 πρρςευχήν
883 1796 957 1853 μου,
982 1772 1032 1834 καὶ
1048 1770 1085 1836 τὸ
1104 1773 1188 1850 ἔλεος
1205 1772 1304 1839 αὐτοῦ

66 1853 248 1942 ὑμνήσουσιν.
338 1937 395 2006 “Er
701 1880 746 1919 απ
767 1858 847 1936 ἐμοῦ.
977 1935 1026 1962 Η

64 2023 118 2140 Ειος
141 2023 178 2090 τό
203 2025 289 2102 τέλος
311 2022 373 2111 ᾠδή
390 2027 516 2110 ψαλμοῦ
534 2020 669 2092 ἀναστό-
700 2024 759 2138 Είςο
778 2019 815 2086 τό
835 2021 921 2098 τελος
939 2025 976 2170 e}
991 2018 1094 2170 ῦρροις
1113 2023 1234 2110 ψαλμός
1257 2030 1303 2111 τῷ

321 2133 403 2174 σεω.
975 2131 1014 2170 αυ
1045 2154 1052 2168 .

65 2156 265 2268 Ᾰλαλόξατε
276 2195 321 2273 τῷ
330 2134 395 2274 θεώ
404 2197 489 2259 πᾶσα
501 2189 520 2275 ή
530 2196 578 2276 γή,
587 2194 668 2277 2ψά·
699 2154 772 2255 ²0
782 2187 854 2264 θεός
867 2183 1044 2273 οἰκτειρήσαι
1058 2185 1142 2272 ήμῦς,
1154 2192 1207 2256 καί
1218 2188 1301 2256 εῦλο-

64 2272 134 2336 λατε
152 2269 188 2356 δή
205 2277 251 2356 τῷ
262 2271 384 2354 ὀνόματι
400 2271 506 2338 αὐτοῦ.
535 2271 603 2339 δότε
614 2274 668 2339 δό-
698 2265 787 2373 γήσαι
812 2270 903 2357 ἡμᾶς,
927 2267 1070 2352 ίπιφάναι
1088 2269 1124 2336 τό
1141 2272 1303 2357 πρόςωπον

64 2357 118 2431 ξαν
130 2356 236 2418 αἰνέσει
254 2352 365 2429 αὐτοῦ,
387 2354 514 2420 ἐἴπατε
531 2360 575 2438 τῷ
592 2361 667 2438 θεῷ,
700 2357 798 2417 αυτοῦ
807 2353 851 2436 ἐφ’
863 2351 948 2440 ήμοῖς.
961 2352 1214 2437 διάψαλμα.3τοῦ
1226 2359 1302 2432 γνώ-

65 2437 107 2510 ὡς
120 2434 231 2519 φοβερὰ
244 2432 283 2499 τά
297 2438 370 2520 ἔργα
382 2459 439 2499 σου
444 2463 456 2513 ,·
467 2439 497 2500 ἐν
508 2441 550 2520 τῷ
559 2431 668 2520 πλήθει
701 2458 748 2499 ναι
760 2437 792 2500 ίν
808 2440 846 2529 τῇ
861 2442 901 2533 γῇ
921 2436 975 2542 τήν
988 2432 1060 2503 ὁδόν
1072 2462 1142 2512 σου,
1166 2440 1198 2501 ἐν
1209 2441 1303 2503 πᾶσιν

66 2523 118 2600 τής
144 2511 295 2599 δυνάμεώς
320 2543 377 2582 σου
403 2512 570 2600 ψεῦσονταί
585 2543 618 2583 σε
638 2522 669 2583 σί
702 2518 802 2580 ἔθνεσι
819 2517 854 2581 τὸ
874 2516 1024 2607 σωτηριόν
1041 2546 1105 2586 σου.
1131 2518 1303 2603 *ἐξομολο-

66 2602 176 2682 ἐχθροί
193 2625 257 2664 σου.
290 2597 403 2664 4πᾶσα
420 2597 489 2704 ήγή
500 2624 669 2687 προςκυνη-
700 2592 902 2680 γησόσθιυσάν
915 2627 962 2667 σοι
978 2603 1049 2668 λαοὶ
1061 2602 1078 2669 ὁ
1092 2599 1176 2679 θεὸς,
1200 2604 1304 2685 ἐξομο-

67 2676 213 2747 σάτωσάν
238 2707 301 2757 σοι,
327 2683 377 2748 καί
399 2677 590 2762 ψαλατωσάν
609 2708 668 2759 σοι,
702 2675 943 2762 λογησάσθονσόν
956 2708 1002 2748 σοι
1014 2683 1213 2762 λασίπάντες.
1231 2683 1304 2751 ἐῦ-

65 2758 523 2868 ψαλάτωσαντῷάνιηνατίσου.
536 2758 670 2849 διόψαλ-
702 2757 927 2849 ψρανθήτασαν
963 2766 1014 2828 καί
1051 2765 1305 2844 ἀγαλλιάσθωσαν

64 2874 116 2931 μα.
157 2847 266 2912 6δεῦτε
290 2849 341 2912 καὶ
366 2848 440 2912 ιδετε
464 2847 504 2913 τό
523 2851 597 2933 ἔργα
613 2852 671 2915 τοῦ
702 2849 794 2930 ἐθνη,
820 2840 868 2910 ότι
884 2856 987 2930 κρινεῖς
1005 2844 1096 2921 λαοὺς
1108 2853 1141 2915 ἐν
1154 2847 1305 2937 εῦθῦτητι,

65 2933 159 3005 θεοῦ,
185 2929 313 3016 φοβερός
325 2936 359 2997 ἐν
370 2930 496 3017 βουλαῖς
509 2928 583 3018 ὑπὲρ
597 2930 670 3007 τοῦς
702 2931 752 2995 καί
763 2931 837 3013 ἔθνη
851 2932 883 2993 ἐν
895 2932 933 2992 τ’
945 2932 983 3021 γῇ
998 2924 1158 3013 ὃδηγήσεις.
1171 2931 1305 3017 διάψαλ-

66 3012 147 3087 υἱοὺς
160 3018 223 3078 τών
236 3009 422 3101 ἀνθρώπων.
448 3011 670 3102 θόμεταστρέ-
701 3039 751 3096 μα.
788 2954 1151 3096 θέξοωίογησόσθωάν
1169 3040 1217 3080 σοι
1234 3015 1307 3081 λαοί

66 3121 134 3176 φων
146 3094 201 3161 τ“ν
213 3096 376 3163 θάλασσαν
389 3102 427 3172 εἰς
440 3096 545 3182 ξηράν,
565 3103 598 3164 ἐν
610 3124 669 3164 πο-
702 3093 719 3161 ὁ
732 3094 813 3173 θεός,
832 3091 1161 3179 ἐξομολογησόσθωσάν
1175 3123 1223 3163 σοι
1235 3097 1306 3164 λαοί

66 3182 151 3261 ταμηῖ
163 3124 362 3246 όιελεόσονται
373 3180 454 3245 ποδί.
467 3185 527 3246 ἐκεῖ
538 3178 669 3285 εῦιρραν-
701 3175 816 3256 πιόντες.
835 3181 848 3222 ⁷
851 3182 892 3282 γή
903 3180 994 3244 ἔδωκε
1006 3174 1060 3244 τόν
1072 3179 1191 3264 καρπὸν
1204 3179 1304 3266 αῦτής.

65 3257 230 3344 θησόμεθα
242 3261 285 3327 ἐπ’
302 3262 398 3346 αὐτῷ,
416 3265 480 3346 7τῴ
494 3265 669 3340 δεσποζοντι
702 3260 861 3349 εῦλογήσαι
873 3268 949 3346 ημᾶς
961 3259 978 3327 ὁ
992 3261 1076 3339 θεὸς,
1100 3259 1200 3339 ὁθεός
1212 3261 1306 3347 ήμῶν,

65 3347 98 3408 ἕν
111 3348 150 3434 τῇ
162 3345 320 3427 δυναστείᾳ
330 3345 426 3410 αὐτοῦ
437 3351 494 3410 τοῦ
506 3351 624 3421 αίώνος.
639 3351 670 3410 οί
701 3343 884 3430 ιἐιίλογήσαι
901 3344 977 3430 ήμάς
995 3342 1012 3410 ό
1030 3342 1116 3421 θεὸς,
1141 3350 1191 3410 καὶ
1209 3350 1304 3430 φοβη-

67 3424 227 3507 ὀψθαλμοί
240 3425 337 3491 αῦτοῦ
349 3431 398 3491 ἐπὶ
411 3427 449 3493 τά
463 3431 538 3511 ἔθνη
551 3429 670 3529 ἐπιβλή-
701 3425 847 3513 θήτωσαν
875 3425 968 3497 αὐτὸν
993 3423 1095 3495 πάντα
1121 3425 1159 3491 τά
1186 3431 1306 3510 πέρατα

65 3531 186 3581 πουσιν,
194 3511 224 3570 οί
232 3515 518 3592 παραπικραίνοντες
525 3509 564 3593 μή
575 3509 669 3589 ῦψου·
702 3517 753 3592 τής
765 3515 827 3593 γῆς.

66 3586 548 3673 σθωσανὲνέαυτοῒς.διόψαλμα.
562 3590 670 3655 8εῦλο-
853 3637 855 3640 >
967 3641 990 3662 ..
1033 3643 1040 3657 .

66 3685 143 3752 γεῖτε
156 3674 232 3755 ἔθνη
244 3670 385 3737 τὸνθεόν
403 3667 496 3753 (μών,
515 3674 566 3737 καί
578 3668 671 3737 ἀκοό-
745 3674 798 3750 Εἰς
814 3668 850 3738 τό
867 3674 952 3753 τέλος
968 3680 1014 3739 τώ
1030 3677 1128 3743 Δαυίδ
1143 3674 1265 3763 ψαλμός

70 3760 168 3820 τίσατε
180 3753 234 3839 τήν
245 3752 348 3860 φωνήν
358 3758 409 3839 τῆς
419 3758 556 3830 αἰνέσεως
566 3753 670 3819 αὐτοῦ.
757 3763 770 3790 ⁰
961 3755 1049 3860 ᾠής.

69 3837 284 3922 οτοῦθεμένου
295 3863 350 3922 την
363 3832 463 3943 ψυηήν
471 3864 530 3921 μου
539 3843 576 3914 εἰς
585 3835 671 3922 ζωήν,
703 3806 920 3920 2Αναστήτω
938 3834 956 3902 ὁ
972 3849 1044 3913 θεας
1061 3843 1113 3905 καί
1131 3842 1307 3926 διασκορπι·

67 3924 119 3986 καί
135 3921 175 4007 μή
200 3916 305 3995 δόντος
324 3927 363 3996 εἷς
380 3920 472 3987 σαλον
490 3921 561 3998 τοὺς
577 3916 672 3996 πόδας
706 3916 869 4005 σθήτωσαν
886 3925 916 3985 οῦ
932 3923 1037 4004 ἐχθροί
1050 3921 1159 4000 αῦτοῦ,
1185 3925 1236 3989 καί
1248 3951 1307 4028 ψυ-

68 4031 135 4088 μου.
161 4008 190 4048 ¹⁰
204 4000 251 4070 ότι
269 4006 445 4088 ἐδοκίμασας
462 4002 536 4088 ἡμᾶς
553 4002 570 4069 ό
587 4001 671 4080 θεός,
705 4008 844 4085 γε’τωσαν
882 4006 912 4067 οῦ
939 4007 1090 4086 μισοῦντες
1121 4005 1214 4070 αὐτόν
1244 4007 1306 4073 απὸ

68 4082 226 4174 ἰπῦρωσας
238 4085 313 4172 ήμάς
324 4087 521 4173 ώςπυροῦται
531 4087 567 4153 τό
577 4083 669 4174 ἀργό-
706 4082 871 4174 προςώπου
890 4084 992 4151 αὐτοῦ.
1027 4087 1042 4128 ³
1056 4085 1096 4162 ὡς
1113 4087 1235 4154 ἐκλείπει
1251 4119 1308 4157 κα-

68 4195 145 4254 ριον.
157 4166 331 4254 Πείςήγαγες
344 4170 419 4256 ήμάς
432 4175 469 4245 εἷς
482 4169 537 4253 τήν
546 4172 671 4248 παγίδα,
703 4169 778 4246 πνός
791 4169 1008 4244 ἐκλιπέτωσαν,
1034 4165 1073 4246 ώς
1090 4166 1206 4256 τήκεται
1219 4173 1308 4260 κηρὸς

68 4256 145 4318 ἔθου
170 4252 292 4336 θλίψεις
316 4256 366 4319 ἐπὶ
390 4250 443 4319 τόν
461 4258 561 4319 νώτου
579 4254 671 4336 ήμών,
703 4251 765 4320 ἀπό
782 4249 944 4340 προςώπου
963 4250 1071 4338 πυρὸς,
1104 4250 1200 4332 οῦτιος
1225 4253 1308 4322 ἀπό-

67 4339 94 4378 ¹²
108 4339 282 4439 ἕπεβίηλασας
300 4331 485 4420 ἀνθρώπους
497 4338 547 4402 ἐπὶ
559 4337 613 4410 τὰς
625 4360 673 4400 κε-
703 4334 805 4402 λοιντο
823 4341 855 4402 οῦ
871 4334 1047 4421 ἁμαρτωλοὶ
1065 4335 1127 4402 ἀπὸ
1146 4335 1308 4423 προςώπου

68 4414 167 4500 φαλίις
181 4421 273 4500 ημῶν.
287 4415 447 4503 διήλθομεν
456 4416 505 4483 διά
518 4415 613 4499 πυρός
623 4421 673 4484 καὶ
704 4423 759 4485 τοῦ
771 4424 862 4494 θεοῦ,
880 4421 961 4484 ’καλ
972 4424 1002 4482 οῖ
1014 4422 1120 4486 δίκαιοι
1134 4417 1308 4503 εὐφρανθή-

70 4498 195 4576 ῦδατος,
207 4503 257 4565 καὶ
268 4496 405 4586 ἐξήγαγες
418 4497 490 4586 ήμᾶς
502 4506 539 4577 είς
552 4499 672 4588 ἀναψυ-
706 4526 815 4568 τιοσαν.
841 4497 1098 4581 ἀγαλλιόσθωσαν
1111 4498 1239 4566 ἐνώπιον
1252 4504 1309 4564 τοῦ
1352 4547 1354 4551 -

1228 4585 1325 4659 θεοῦ,
