2924 4972
167 233 233 307 546
496 242 526 299 E
536 243 568 299 Σ
583 236 658 299 ΘΗ
669 240 700 298 P
739 239 815 314 Κεφ.
829 231 858 296 ε’.
874 226 908 310 ς’,
922 236 959 311 ζ’.
974 234 1002 301 5.
1017 233 1046 299 6.
1061 236 1089 299 7.

167 353 245 437 πρὸς
271 348 364 415 αὐτὸν
383 345 517 432 Ζωσάρα
534 346 552 431 ἡ
571 346 643 430 γυνὴ
667 344 773 421 αὐτοῦ,
806 347 907 430 λησας.
934 350 958 387 ¹¹
972 347 1063 433 ἔλαβε
1081 345 1111 410 δὲ
1126 345 1219 430 Ἀμάν
1236 344 1291 429 τὴν
1306 349 1423 433 στολὴν

167 437 218 497 καί
236 438 266 497 οἵ
285 434 377 515 φίλοι.
404 429 528 533 κοπὴτω
547 455 594 494 σοι
613 427 703 505 ξύλον
714 456 773 512 πη·
807 431 858 493 καί
871 428 924 494 τὸν
933 435 1038 506 ἵππον,
1051 433 1102 494 καὶ
1113 427 1246 495 ἐστόλισε
1256 431 1309 495 τὸν
1320 439 1423 536 Μαρ-

165 523 226 601 χῶν
239 513 437 599 πεντὴκοντα,
457 515 575 598 ὄρθρου
588 511 620 576 δὲ
633 512 717 577 εἶπον
730 516 774 594 τῷ
807 514 936 596 δοχαῖον,
951 515 1002 576 καί
1016 514 1187 660 ἀνεβίβασεν
1199 510 1292 579 αὐτὸν
1304 517 1354 578 ε’πὶ
1364 543 1421 582 τον

165 601 288 686 βασιλεῖ,
302 602 353 664 καί
364 592 564 685 κρεμασθὴτω
575 598 776 682 Μαρδοχαῖος
806 601 915 669 ἵππον,
942 598 994 660 καὶ
1015 598 1063 680 διὴ
1084 608 1120 660 θε
1138 595 1188 661 διά
1204 602 1257 680 τὴς
1274 596 1421 675 πλατείας

167 687 216 747 &nt
235 688 291 748 τοῦ
307 679 407 759 ξύλου.
438 679 473 746 σύ
490 679 522 744 δὲ
539 681 646 756 εἴςελθε
663 683 702 754 είς
720 677 775 762 τὴν
807 685 858 762 τὴς
871 677 996 754 πόλεως,
1017 676 1221 764 καίέκὴρυσσε
1234 681 1336 757 λέγων.
1364 681 1417 748 οῧ.

166 766 255 850 δοχὴν
268 767 321 831 σύν
334 771 377 849 τῷ
389 764 519 851 βασιλεῖ,
537 765 589 828 καὶ
602 762 772 848 εὐφραίνου.
807 788 865 837 τως
878 766 962 827 ἔσται
975 767 1067 827 παντί
1080 760 1236 847 ἀνθρώπῳ
1249 760 1283 828 ὃν
1297 760 1315 826 5
1327 768 1418 849 βασι-

164 852 216 912 καί
229 848 312 934 ἡρεσε
322 849 358 913 τὸ
371 853 451 933 ῥὴμα
464 851 508 930 τῷ
518 844 619 930 Ἀμάν,
629 848 679 911 καί
691 846 772 927 ἢτοι·
806 845 871 920 λεύς
884 845 964 910 θέλει
976 847 1112 922 δοξάσαι.
1138 850 1165 889 ¹²
1178 850 1340 930 ἐπέστρεψε
1353 848 1386 912 δέ
1399 847 1418 913 5

163 928 269 1016 μάσθη
281 928 316 996 τὸ
329 929 425 1007 ξύλον.
805 930 1004 1015 Μαρδοχαῖος
1021 935 1060 1004 είς
1078 929 1133 1033 τὴν
1147 926 1250 1014 αὐλὴν.
1277 927 1372 1011 Ἀμάν
1384 931 1418 997 δὲ

189 1020 202 1047 ¹
363 1020 396 1078 Κ
407 1021 437 1076 Ε
450 1017 489 1076 Φ.
534 1011 570 1087 ς’.
806 1009 988 1096 ὑπέστρεψεν
1012 1017 1051 1087 είς
1077 1037 1116 1076 τα
1143 1013 1203 1076 ἴδια
1232 1012 1416 1096 λυπούμενος

164 1061 214 1162 O
224 1095 256 1162 δὲ
266 1093 303 1162 κύ
323 1123 366 1172 ιος
379 1096 526 1179 ἀπέστησε
538 1095 593 1160 τὸν
605 1091 697 1161 ύπνον
707 1093 770 1160 ἀπὸ
804 1095 882 1161 κατά
894 1095 1031 1180 κεῳαλὴς.
1052 1097 1079 1138 ¹³
1092 1098 1142 1160 καί
1154 1092 1416 1180 διηγὴσατσἈμάν

162 1186 219 1246 τοῦ
234 1123 381 1267 βασιλέως
397 1179 451 1264 τὴν
468 1175 561 1244 νύκτα
578 1183 694 1261 ἐκείνην.
721 1181 772 1243 καί
806 1178 843 1242 τά
857 1177 1058 1266 συμβεβηκότα
1071 1178 1155 1262 αὐτῷ
1166 1178 1301 1264 Ζαισάρῳ
1313 1186 1352 1272 τι]
1360 1208 1414 1259 γυ-

86 1280 96 1343 ]
163 1263 223 1329 είπε
236 1269 281 1348 τῳ
289 1260 417 1346 διακόνῳ
428 1261 524 1327 αὐτοῦ
534 1258 770 1348 εἶςῳέρεινγράμ-
806 1265 882 1327 ναικί
894 1263 1001 1339 αὐτοῦ,
1015 1265 1136 1338 καὶτοῖς
1145 1263 1253 1344 φίλοις.
1267 1266 1319 1327 καὶ
1328 1263 1416 1328 εἶπαν

161 1374 244 1430 ματα
261 1343 431 1431 μνημόσυνα
450 1351 511 1409 τῶν
534 1343 650 1430 ἡμερῶν
668 1345 771 1423 ἀναγι-
802 1342 879 1451 πρὸς
893 1345 987 1411 αὐτὸν
1000 1351 1031 1411 οῖ
1043 1347 1135 1427 φίλοι,
1149 1350 1199 1410 καί
1213 1342 1230 1430 ἡ
1244 1343 1369 1431 γυνὴ.,εί
1381 1353 1413 1412 ἐκ

162 1427 279 1495 νώσκειν
292 1429 385 1513 αὐτῷ.
408 1422 500 1512 2εύρε
513 1429 545 1493 δὲ
557 1428 596 1493 τά
608 1424 771 1514 γράμματα
801 1452 901 1506 γενους
911 1428 1069 1513 Ἰουδαίων
1084 1432 1297 1533 Μαρδοχαῖος,
1325 1433 1412 1516 ἡρξαι

161 1510 200 1578 τά
222 1515 375 1596 γραφέντα
400 1514 469 1595 περί
486 1513 703 1595 Μαρδοχαίου,
729 1510 770 1588 ὡς
803 1517 1018 1578 ταπεινοῦσθαι
1036 1509 1161 1578 ἐνώπιον
1175 1518 1285 1590 αυτοῦ,
1311 1512 1412 1578 πεσών

162 1592 320 1674 ἀπήγγειλε
346 1598 391 1677 τῷ
416 1595 533 1679 βασιλεῖ
554 1597 698 1678 περὶτῶν
715 1595 769 1660 δύο
802 1601 891 1688 πεσὴ,
916 1599 967 1661 καί
983 1594 1020 1660 οὐ
1037 1593 1076 1678 μὴ
1096 1591 1167 1688 δύνη
1185 1593 1280 1662 αὐτὸν
1297 1592 1412 1677 ἀμύνα-

162 1675 307 1761 εὐνσύχων
321 1682 377 1741 τοῦ
389 1677 533 1762 βασιλέως
552 1679 582 1740 ἰν
594 1681 639 1760 τῷ
652 1676 769 1758 φυλάσ-
803 1689 891 1756 σθαι,
910 1677 956 1744 ὅτι
968 1678 1039 1753 θεὸς
1051 1683 1108 1756 ζῶν
1119 1678 1176 1761 μετ’
1195 1677 1300 1744 αὐτοῦ.
1325 1680 1356 1722 ¹⁴
1369 1684 1411 1744 ἔτι

162 1784 222 1825 σειν
248 1758 376 1834 αὐτούς,
402 1760 453 1823 καῖ
479 1763 603 1844 ζητὴσαι
623 1762 769 1846 ἐπιβαλεῖν
803 1760 902 1825 αὐτῶν
927 1757 1114 1840 λαλούντων,
1139 1769 1356 1845 παραγίνονται
1378 1768 1410 1828 οἵ

161 1840 214 1917 τάς
225 1855 322 1946 χεῖρας
334 1842 521 1931 Ἀρταξέρξῃ.
540 1841 625 1907 3είπε
638 1843 669 1906 δέ
682 1843 700 1907 5
712 1849 769 1930 βα·
803 1843 944 1929 εὐνοῦχοι,
958 1847 1179 1920 ἐπισπεύδοντες
1193 1845 1244 1909 τὸν
1255 1843 1347 1927 Ἀμάν
1359 1849 1412 1910 ἐπὶ

162 1925 265 2000 σελευς.
280 1931 345 1990 τίνα
359 1921 447 2003 δόξαν
461 1925 480 2009 ἢ
492 1921 576 2010 χάριν
589 1925 768 2011 ἐποιήσαμεν
803 1925 854 1991 τὸν
866 1925 964 1994 πότον
978 1925 1014 1993 ὃν
1027 1928 1185 2014 ἡτοίμασεν
1199 1928 1323 2015 Ἕσθὴρ.

161 2013 207 2091 τῷ
217 2010 425 2095 Μαρδοχαίῳ,
439 2012 488 2072 καί
503 2005 767 2076 είπανοίδιάκσνοι
992 2017 1025 2074 Κ
1036 2018 1066 2074 E
1079 2019 1117 2075 ψ.
1162 2009 1213 2075 Ζ’.

160 2096 216 2155 τοῦ
229 2091 384 2177 βασιλέως.
398 2091 453 2155 οὐκ
463 2093 607 2175 ἐποίησας
616 2090 702 2176 αὐτῷ
714 2091 766 2157 οὐ·
803 2062 948 2179 Είςὴλθε
974 2093 1007 2158 δὲ
1031 2092 1049 2157 5
1067 2095 1208 2242 βασιλεὺς
1232 2096 1283 2159 καί
1304 2092 1408 2178 Ἀμάν,

160 2174 216 2237 δέν.
243 2175 260 2216 ⁴
274 2179 305 2239 ἐν
318 2174 350 2239 δέ
362 2179 407 2256 τῳ
419 2175 626 2240 πυνθάνεσθαι
644 2174 698 2240 τὸν
709 2181 767 2262 βα-
801 2204 838 2242 συ
860 2191 934 2244 πιεῖν
948 2181 985 2265 τῇ
995 2182 1065 2264 βασι
1087 2185 1161 2263 ίσση.
1179 2177 1264 2243 2είπε
1276 2177 1308 2243 δέ·
1321 2176 1339 2242 5
1351 2184 1409 2266 βα-

161 2257 246 2321 σιλέα
270 2260 337 2340 περὶ
354 2262 406 2341 τῆς
424 2256 538 2334 εὐνοίας
556 2259 766 2362 Μαρδοχαίου,
801 2206 1023 2345 σιλῖὐςἜσθὴρ
1034 2268 1071 2353 τῇ
1085 2254 1311 2347 δευτέρῳὴμέρῳ
1324 2265 1409 2344 ἐντῷ

161 2338 226 2404 ίδού
237 2338 329 2424 Ἆμάν
348 2344 427 2432 ἕκτῇ
446 2339 531 2433 αὐλῇ.
558 2340 620 2405 εἶπε
633 2342 665 2406 δὲ
679 2369 696 2406 ο
709 2347 766 2429 βα·
799 2339 893 2426 πότῳ.
912 2349 943 2407 τί
955 2346 1034 2409 ἐστιν
1043 2343 1158 2430 Ἔσθὴρ
1171 2346 1344 2453 βασίλισσα,
1358 2349 1410 2409 καί

160 2420 259 2498 σιλεύς.
274 2430 320 2498 τίς
332 2425 362 2488 έν
374 2430 412 2510 τῇ
425 2424 503 2516 αὐλῇ
507 2455 519 2505 ,·
533 2423 550 2488 5
564 2423 596 2488 δέ
605 2422 699 2508 Ἀμάν
713 2430 767 2501 εἵς-
800 2432 831 2490 τί
852 2424 889 2491 τὸ
906 2426 1016 2510 αἵτημαί
1035 2454 1104 2505 σου,
1129 2455 1180 2493 και
1192 2435 1224 2493 τί
1239 2428 1274 2492 τὸ
1293 2425 1408 2510 ἀξίωμά

160 2511 251 2590 ἢλθεν
264 2511 352 2570 εἰπεῖν
364 2512 407 2589 τῷ
420 2509 543 2592 βασιλεῖ,
562 2506 703 2591 κρεμάσαι
714 2508 767 2574 τὸν
800 2535 873 2588 σσυς
900 2513 951 2574 καὶ
974 2514 1052 2576 ἔσται
1070 2537 1119 2576 σοι
1138 2517 1194 2587 ἕως
1214 2510 1337 2595 ἡμίσους
1356 2517 1408 2587 fc

158 2590 362 2674 Μαρδοχαῖον
371 2593 422 2654 ε’πὶ
432 2595 476 2673 τῳ
485 2584 605 2673 ξύλῳ,ᾦ
616 2589 765 2675 ἡτοίμασε.
798 2593 948 2679 βασιλείας
960 2621 1027 2676 μου.
1051 2596 1066 2637 ³
1079 2597 1130 2659 καί
1148 2594 1349 2679 ἀποκριθεῖσα
1367 2541 1407 2659 ελ-

158 2674 172 2714 ⁶
186 2675 235 2736 καί
247 2672 334 2738 εἶπαν
352 2678 382 2736 οἱ
394 2670 525 2739 διάκονσι
544 2679 600 2737 τού
612 2676 764 2760 βασιλέως.
798 2702 861 2741 πει.
885 2681 909 2741 ελ
922 2670 1008 2763 εὖρον
1019 2673 1104 2781 χάριν
1116 2675 1241 2744 ἐνώπιον
1254 2683 1310 2743 τοῦ
1321 2684 1404 2764 βασι-

158 2752 223 2818 ἵδσύ
237 2753 326 2833 Ἀμάν
339 2761 457 2838 ἕστηκεν
470 2759 499 2817 έν
512 2761 550 2848 τῇ
561 2756 647 2839 αὐλῇ.
662 2761 712 2822 καί
725 2760 765 2825 εί·
800 2759 887 2837 λέως,
913 2757 1037 2842 δσθὴτω
1060 2788 1077 2844 η
1098 2758 1179 2846 ψυχὴ
1204 2768 1249 2845 τῷ
1267 2760 1408 2845 αἰτὴματί

158 2862 212 2900 πεν
226 2833 396 2921 ὁβασιλεύς.
412 2839 556 2902 καλέσατε
566 2830 667 2905 αὐέύν.
681 2841 765 2907 6είπε
797 2867 865 2922 μου,
876 2845 927 2907 καί
940 2841 958 2905 5
971 2839 1043 2917 λαός
1054 2869 1113 2925 μου
1127 2851 1170 2926 τῳ
1183 2842 1329 2926 ἀξιώματί
1340 2871 1405 2926 μου.

158 2918 190 2982 δέ
204 2917 221 2982 5
234 2920 369 3004 βασιλεύς
383 2926 426 3003 τῷ
437 2916 534 3001 Ἀμύν.
550 2930 581 2987 τί
591 2921 707 3009 πσιὴσω
722 2932 765 3009 τῷ
798 2922 997 3010 4έπράθημεν
1020 2926 1078 3009 γάρ
1097 2927 1156 3000 ἐγώ
1180 2951 1211 2990 τε
1228 2929 1279 2989 καί
1296 2923 1315 2988 5
1332 2924 1405 2999 λαός

159 2998 324 3085 ἀνθρώπῳ,
337 3000 371 3067 ὃν
384 3003 441 3079 ἐγώ
451 3005 534 3068 θέλω
547 3004 690 3085 δοξάσαι;
705 3009 766 3074 εἷπε
796 3031 854 3089 μου
878 3012 916 3081 εἷς
934 3002 1084 3071 ἀπώλειαν
1100 3010 1151 3069 καὶ
1167 3006 1335 3090 διαρπαγὴν
1353 3011 1405 3070 καί

159 3085 189 3148 δὲ
204 3089 234 3148 ἐν
247 3088 346 3169 ἑαυτῷ
358 3083 458 3166 Ἀμάν.
473 3094 539 3152 τίνα
551 3091 631 3154 θελει
646 3088 662 3155 5
676 3096 763 3178 βασι·
798 3089 942 3165 δουλείαν,
960 3085 1039 3173 ἡμεῖς
1051 3088 1102 3151 καί
1117 3087 1153 3153 τά
1167 3091 1253 3152 τέκνα
1268 3086 1351 3171 ἡμῶν
1365 3096 1405 3164 εἷς

157 3165 222 3243 λεύς
235 3164 357 3244 δοξάσαι
371 3174 396 3234 εἰ
407 3169 447 3252 μὴ
461 3174 526 3253 ε’μές
544 3175 557 3215 ⁷
570 3172 631 3237 είπε
644 3174 676 3238 δὲ
688 3173 766 3259 πρὸς
797 3172 908 3245 παῖδας
917 3173 967 3235 καί
975 3171 1142 3245 παιδίσκας,
1154 3173 1204 3235 καὶ
1213 3167 1404 3255 παρὴκουσα.

158 3249 211 3314 τὸν
222 3252 358 3338 βασιλέα.
371 3251 537 3340 ἄνθρωπον
551 3251 585 3320 ἀν
598 3253 615 3320 5
628 3255 766 3343 βασιλεὺς
797 3252 833 3319 οὐ
844 3251 903 3336 γάρ
917 3254 999 3330 ἀξιος
1008 3251 1025 3317 5
1035 3250 1174 3334 διάβολος
1184 3257 1235 3337 τὴς
1247 3253 1339 3338 αὐλὴς
1350 3262 1405 3319 τού

158 3335 239 3401 θέλει
251 3333 391 3413 δοξάσαι,
410 3335 637 3417 8εἷνεγκύτιυσαν
651 3346 682 3403 οἵ
691 3352 765 3405 παῖ-
796 3336 946 3424 βασιλέως.
961 3336 1045 3402 5είπε
1058 3335 1089 3401 δὲ
1101 3333 1118 3401 5
1133 3333 1274 3425 βασιλεύς.
1293 3345 1337 3412 τίς
1350 3332 1402 3401 ού-

158 3420 202 3493 δες
219 3425 275 3484 τοῦ
292 3421 436 3506 βασιλέως
454 3422 563 3506 στσλὴν
580 3428 718 3508 βυσσίνην
731 3420 766 3507 ἡν
800 3447 860 3496 τος,
875 3417 908 3496 εἵς
921 3448 964 3497 τις
975 3416 1115 3504 ἐτόλμησε
1126 3425 1249 3504 ποιὴσαι
1260 3419 1297 3485 τὸ
1306 3427 1404 3506 πρᾶγ-

158 3499 174 3565 5
192 3504 328 3609 βασιλεὺς
353 3503 577 3590 περιβάλλεται,
603 3508 654 3569 καὶ
671 3512 765 3570 ἵππον
796 3532 838 3586 μα
851 3509 959 3584 τοῦτσς
986 3504 1075 3569 θείπε
1088 3504 1119 3569 δὲ
1132 3500 1255 3591 Ἐσθὴρ.
1282 3505 1403 3590 ἀνθρω-

157 3587 194 3666 ἕφ
214 3583 248 3651 ὃν
261 3583 278 3650 5
291 3586 586 3674 βασιλεύςέπιβαίνει,
599 3590 671 3652 9καί
684 3586 764 3653 δότω
796 3615 854 3663 πος
879 3589 988 3674 ἐχθρὸς
1008 3585 1100 3671 Ἀμάν
1122 3587 1140 3652 5
1159 3588 1288 3673 πονηρὸς
1308 3582 1403 3661 οὗτος.

157 3670 200 3733 ἑνί
220 3673 280 3732 τῶν
298 3670 394 3749 φίλων
412 3675 468 3734 τοῦ
485 3673 631 3756 βασιλέως
644 3676 704 3736 τοῖν
718 3675 764 3735 ε’ν-
791 3671 886 3753 Ἀμάν
899 3672 930 3736 δὲ
944 3668 1099 3758 ἐταράχθη
1114 3669 1177 3736 ἀπὸ
1191 3677 1245 3736 τοῦ
1257 3671 1403 3756 βασιλέως

157 3749 264 3824 δόξων,
288 3754 340 3814 καὶ
353 3752 519 3817 στολισάτω
533 3754 586 3818 τὸν
600 3752 766 3838 ἄνθρωπον
798 3757 847 3818 καί
872 3761 924 3840 τὴς
940 3757 1120 3843 βασιλίσσης.
1163 3758 1176 3798 ⁷
1191 3753 1208 3820 5
1224 3754 1253 3819 δὲ
1272 3751 1404 3840 βασιλεύς

157 3829 192 3894 ὃν
205 3829 222 3894 5
236 3831 371 3917 βασιλεύς
383 3834 498 3918 ἀγαπᾷ.
517 3840 568 3901 καί
581 3835 762 3922 ἀναβιβασά-
797 3839 939 3941 ἐξανέστη
958 3837 1020 3903 ἀπὸ
1039 3844 1096 3903 τοῦ
1112 3844 1280 3922 συμποσίου
1298 3842 1336 3912 εἰς
1352 3837 1405 3900 τὸν

158 3939 201 3977 τω
215 3913 308 3978 αὐτὸν
325 3918 376 3979 ἐπὶ
389 3918 441 3982 τὸν
454 3924 562 3995 ἵππον,
587 3922 638 3983 καὶ
654 3944 763 4001 κηρυσ-
797 3925 900 4003 κὴπον.
923 3946 941 3985 ο
954 3922 986 3987 δὲ
1001 3919 1094 4004 Ἀμάν
1106 3933 1270 4006 παρητεῖτο
1283 3919 1337 4004 τὴν
1348 3926 1406 4008 βα-

158 3998 235 4059 σέτω
260 3997 309 4060 διά
335 4003 386 4082 τὴς
408 4001 552 4076 πλατείας
569 4005 620 4085 τὴς
638 3997 763 4076 πόλεως,
797 4003 937 4067 σίλισσαν.
965 4002 1045 4088 ἑώρα
1062 4002 1122 4090 γάρ
1142 3996 1250 4068 ἑαυτὸν
1262 4008 1406 4076 ε’νκακοῖς

159 4077 260 4154 λέγων.
287 4077 383 4155 ούτως
397 4084 479 4148 ἔσται
492 4086 582 4148 παντί
600 4083 763 4167 ἀνθρώπῳ,
797 4084 879 4147 ὄντα.
914 4087 1118 4172 θέπέστρεεμεν
1135 4087 1167 4150 δέ
1186 4086 1203 4151 5
1220 4088 1356 4173 βασιλεύς
1375 4090 1405 4148 ἐκ

157 4156 192 4225 ὃν
205 4157 222 4224 5
234 4164 368 4247 βασιλεὺς
380 4161 499 4242 δσξάζει.
517 4164 662 4231 10είπεδὲ
677 4163 694 4229 5
706 4172 763 4252 βα-
798 4172 850 4231 τοῦ
863 4164 969 4250 κὴπου.
991 4168 1083 4249 Ἀμάν
1100 4170 1131 4234 δὲ
1145 4166 1341 4235 ἔπιπεπτώκει
1356 4171 1404 4233 ε’πί

158 4243 252 4319 σιλεύς
277 4252 319 4329 τῷ
342 4243 444 4328 Ἀμών.
482 4249 580 4323 καλῶς
607 4246 761 4333 ἐλύλησας.
798 4250 850 4334 τὴν
860 4251 968 4335 κλίνην,
982 4252 1073 4329 ἀξιῶν
1083 4251 1136 4338 τὴν
1146 4253 1331 4339 βασίλισσαν.
1344 4251 1405 4316 είπε

157 4322 252 4404 οἵτως
277 4336 403 4412 ποίησον
429 4336 474 4414 τῷ
501 4333 692 4418 Μαρδοχαίῳ
718 4339 764 4418 τῷ
795 4334 825 4397 δέ
844 4332 861 4398 5
879 4333 1025 4419 βασιλεύς.
1052 4333 1123 4410 ώςιε
1142 4340 1192 4401 καί
1210 4334 1263 4419 τὴν
1279 4347 1404 4412 γυναῖκα

156 4408 302 4497 Ἰουδαίῳ,
317 4418 361 4498 τῴ
372 4412 569 4493 θεραπεύοντι
581 4420 612 4482 ἐν
623 4421 662 4500 τῆ
673 4415 761 4521 αὐλὴ,
793 4415 879 4510 βιάζη
889 4421 920 4480 ἐν
931 4426 966 4500 τῆ
981 4424 1061 4501 οἵκίῳ
1074 4445 1133 4499 μου
1138 4415 1252 4501 ,Ἀμάν
1266 4420 1299 4482 δέ
1312 4414 1403 4482 ἀκού-

154 4497 207 4558 καί
211 4493 254 4582 μὴ
265 4493 473 4587 παραπεσάτω
483 4525 538 4565 σου
548 4490 760 4581 λόγος’ώνὲλύι-
794 4525 847 4574 σας
869 4491 1010 4588 διετράπη
1027 4506 1072 4586 τῷ
1084 4502 1247 4588 προςώπῳ.
1270 4501 1360 4567 ”dm
1373 4500 1405 4565 δὲ

1316 4590 1405 4650 Bou·-
