2924 4972
112 242 179 313 886
386 244 692 306 IEZEKIHA
732 236 1100 321 νειφ.ς’.η’.ο’.τ.8.9.

111 366 145 428 αἱ
162 373 250 445 χεῖρες
268 362 325 422 τοῦ
341 354 419 420 λαοῦ
437 357 491 438 τῆς
507 358 561 435 γης
580 350 720 437 παραλυ-
758 355 879 416 κοιτεῦνι
900 355 945 434 τῷ
962 355 1086 453 κρυπτῷ
1099 347 1206 414 αότιῦυ.
1234 345 1316 414 διότι
1330 350 1372 415 εἷ-

110 440 272 528 θησονται.
310 434 390 504 κατά
419 435 474 511 τάς
504 434 593 511 ὁδούς
619 433 720 500 αὐτῶν
757 459 831 510 παν,
845 428 1120 521 οόχόρᾷοκύριος,
1133 432 1373 511 ἐγκαταλελοεπε

110 521 230 611 ποιίησω
249 519 369 598 αὐτοῖς,
392 521 442 584 καί
459 523 489 584 ἐν
507 530 570 595 τοῖς
587 523 721 604 κρίμασιν
758 514 861 604 κύριος
878 518 931 604 την
947 521 1012 601 γῆν.
1037 518 1128 583 13καί
1146 515 1207 581 εἷπε
1224 515 1304 601 πρὸς
1308 521 1367 621 με’.

112 608 215 676 αὐτῶν
227 603 368 689 ἐκδικήσω
382 600 508 678 αύτούς,
526 600 720 682 καλμνυίσον-
758 604 801 667 ἔτι
826 600 896 686 ὀψει
920 598 1047 685 ἀνομίας
1070 602 1203 684 μείζονας
1222 596 1258 674 ἀς
1282 627 1372 666 ουτοι

111 717 162 759 ται
180 689 229 757 ότι
242 688 302 769 ἐγὼ
317 684 427 772 κύριος.
758 690 887 753 ποιοῦσι.
922 686 1015 751 14καί
1039 680 1173 769 εἲςηγαμέ
1196 709 1232 768 με
1257 687 1309 750 ἐπί
1328 683 1371 750 τά

305 777 380 838 ΚΕ
393 775 432 834 Φ.
475 763 532 834 H'.
757 768 904 854 πρόθυρα
921 772 974 852 τῆς
985 766 1081 851 πύλης
1099 770 1184 833 οἴκου
1197 774 1303 851 κυρίου
1316 774 1371 851 τῆς

112 825 197 926 Καί
213 857 328 936 ἐγένετο
345 857 377 919 ἐν
394 857 438 938 τῷ
457 857 534 938 ἕκτῳ
553 854 609 917 ἔτει
629 855 662 919 ἐν
675 856 719 916 τοῦ
757 849 922 940 βλεπούσης
930 851 1006 937 πρὸς
1013 854 1145 938 Βορρᾶν.
1159 854 1211 918 καί
1220 850 1298 927 ἰδού,
1312 857 1375 918 εἰιεῐ

112 947 275 1025 πίμπτῳμ
295 939 333 1016 νί,
348 940 470 1030 πέμπτη
481 941 537 1001 τοῦ
548 934 647 1021 μηνὸς,
660 917 720 1014 ἐγά
757 948 891 1015 γυναῖκες
915 932 1082 1021 καθήμεναι
1110 939 1280 1020 θρηνοῦσαι
1313 933 1372 1002 τόν

112 1018 266 1129 ἐκαθήμην
323 1025 371 1105 tq?
382 1021 467 1103 οἴκῳ,
483 1022 534 1084 καί
547 1023 578 1085 σί
589 1013 720 1105 πρεσβύ-
762 1017 912 1104 Θαμμούζ.
931 1016 1179 1103 15κοιίείπεπρόη
1190 1022 1237 1104 με’.
1257 1017 1365 1085 υίὲάν·

112 1133 193 1193 τερσι
216 1106 311 1172 Ιούδα
328 1098 479 1187 ὀκάθηντο
505 1097 632 1169 ἐνώπιόν
649 1128 718 1187 μου.
758 1103 886 1190 θροόπου
900 1099 1045 1186 ἑώρακας,
1060 1106 1110 1169 καί
1122 1107 1164 1169 ἔτι
1178 1103 1249 1184 ὀψει
1263 1108 1372 1205 ἐπιτη-

113 1195 164 1257 καί
176 1193 288 1269 ἐγένετο
301 1185 344 1254 ἐπ’
361 1185 410 1268 ἐμὲ
421 1188 481 1272 χείρ
495 1192 614 1271 κυρίου,
640 1188 655 1228 ²
668 1187 720 1250 καί
759 1188 890 1270 δεύματα
906 1183 1160 1269 μείζονατοότων.
1186 1187 1280 1253 16καὶ
1294 1192 1371 1272 είςη-

115 1275 194 1347 ἴδον,
217 1275 268 1339 καί
281 1269 346 1337 ἰδού
360 1266 496 1353 ὁμοίωμα
508 1267 630 1356 ἀνδρὸς,
655 1266 719 1334 ἀπὸ
758 1274 834 1348 μαμὲ
840 1295 875 1353 με
887 1275 926 1345 είς
935 1269 989 1353 τὴν
999 1268 1092 1355 αῦλίηκ
1104 1271 1185 1335 οἴκου
1197 1275 1304 1353 κυρίου
1315 1275 1371 1358 την

112 1361 167 1442 τῆς
181 1351 294 1438 ὀσφύος
307 1352 404 1420 αῦτοῦ
419 1356 470 1418 καί
483 1358 539 1429 θος
552 1352 635 1418 κάτω
647 1356 720 1438 πῦρ,
759 1357 917 1438 ἐσωτέραν,
931 1355 983 1418 καί
992 1355 1042 1418 ἰπί
1054 1357 1115 1418 τῶν
1127 1349 1299 1437 προθύρων
1313 1361 1371 1420 τοῦ

113 1441 165 1506 καί
184 1435 247 1505 ἀπό
266 1441 318 1541 της
335 1432 448 1518 ὀσφύος
467 1435 564 1502 αότσῦ
584 1431 720 1522 ὑπεράνω
759 1441 832 1502 ναοῦ
846 1442 949 1521 κυρίου
965 1433 1304 1519 ἀναμέσονταῦναῖλάμ,
1317 1441 1370 1503 καί

114 1520 211 1589 αῦτοῦ
223 1519 265 1596 ἀς
277 1520 381 1606 ὅρασις
394 1517 537 1605 ιἠλέκτρου
570 1520 644 1584 ’καί
656 1520 720 1595 ἐξέ-
759 1519 908 1605 ἀναμέσον
921 1523 975 1585 τοῦ
986 1525 1214 1604 θυσιαστηρίου,
1222 1517 1263 1594 ὡς
1276 1523 1371 1586 εἴκοσι

111 1628 200 1669 τεινεν
213 1600 352 1686 ὁμοίωμα
362 1603 468 1688 χειρὸς,
484 1604 536 1666 καί
548 1599 675 1689 ἀνελαβέ
685 1626 720 1686 με
760 1601 863 1689 ἀνδρες
888 1600 927 1667 τά
951 1601 1080 1668 ὀπίσθια
1097 1602 1198 1667 αὐτῶν
1216 1601 1296 1685 πρὸς
1316 1605 1370 1670 τὸν

112 1692 165 1772 τῆς
175 1689 308 1773 κορυφῆς
315 1710 385 1769 μου,
393 1687 444 1750 καί
452 1684 582 1772 ἀνελαβό
587 1710 622 1768 με
631 1690 719 1752 πνεῦ·
759 1684 831 1753 ναόν
845 1690 899 1751 τοῦ
912 1691 1027 1771 κυρίου,
1039 1686 1137 1752 καίτά
1150 1681 1301 1771 πρόςωπα
1313 1687 1369 1753 αά-

110 1796 156 1855 μα
179 1766 330 1854 ἀναμέσον
354 1771 407 1853 τῆς
427 1772 481 1853 γῆς
498 1770 549 1833 καί
569 1767 720 1853 ἀναμίσον
760 1773 820 1837 τῶν
833 1767 988 1846 ἀπέναντι,
1008 1770 1059 1835 καί
1071 1760 1157 1834 οῦτοι
1169 1776 1369 1854 προςκυνοῦσι

112 1857 169 1919 τοῦ
181 1851 328 1939 ούρανοῦ,
342 1856 393 1917 καί
405 1849 499 1937 ἤγαγέ
509 1879 545 1960 ρε
557 1857 596 1928 είς
607 1853 720 1937 ’Ῑερου-
760 1857 802 1936 τῳ
817 1849 900 1938 ηλίῳ.
925 1855 953 1896 ¹⁷
965 1854 1017 1918 καί
1033 1850 1094 1918 εἶπε
1106 1850 1185 1939 πρὸς
1195 1858 1241 1934 μέ.
1269 1854 1366 1936 εἐόρα.

114 1933 213 2020 σαλημ
225 1941 256 2001 ἐν
268 1933 369 2022 δράσει
382 1938 457 2000 θεοῦ
469 1939 519 2001 ἔπι
527 1933 567 2000 τά
575 1931 720 2019 πρόθυρα
759 1962 814 2012 κας
828 1934 872 2001 vis}
885 1931 1066 2020 ἀνθρώπου,
1078 1934 1119 2019 μη
1131 1935 1224 2039 ρικρά
1236 1941 1282 2020 τῷ
1294 1939 1365 2021 οἴκῳ

111 2022 165 2124 τῖρς
177 2015 273 2101 πύλης
285 2022 338 2091 τ”ς
349 2014 519 2104 βλεπσύσης
532 2021 571 2094 είς
584 2020 720 2101 Βοβρἀ,
757 2015 857 2085 Ἰούδα
875 2023 930 2083 τοῦ
947 2029 1043 2083 ποιεῖν
1057 2019 1111 2094 τάς
1124 2024 1250 2101 ανομίας
1264 2019 1301 2096 ἀς
1312 2047 1368 2087 πε-

112 2127 150 2167 συ
171 2089 206 2185 ἦν
224 2046 348 2186 ηστηλη
364 2103 422 2165 τοῦ
439 2102 599 2183 κτωμένου.
638 2100 720 2165 4καὶ
759 2098 918 2184 ποιηκασιυ
930 2092 1002 2178 ὦδε,·
1015 2097 1090 2167 διότι
1103 2101 1238 2187 ἔπλησαν
1249 2101 1305 2188 τὴν
1312 2110 1368 2187 γῆν

113 2182 191 2259 ίδού,
203 2171 387 2268 ἦνλκεῒδόξα
396 2188 498 2268 κυρίου
508 2187 586 2247 θεοῦ
596 2181 720 2269 Ἰσραηλ
760 2185 892 2268 ἀνομίας.
904 2185 955 2249 καί
972 2184 1052 2262 ἰδού,
1066 2185 1156 2251 αῦτοί
1170 2181 1211 2262 ὡς
1222 2199 1367 2273 μυκτηρῖ·

112 2265 192 2334 κατὰ
206 2266 259 2334 τ’ν
272 2263 379 2352 ὅρασιν
391 2259 426 2349 ἣν
439 2267 504 2332 ἴδον
515 2268 546 2330 ἐν
559 2270 603 2351 τῳ
615 2268 719 2352 πεδίῳ.
758 2272 860 2345 ζοντες.
878 2268 906 2311 ¹⁸
914 2270 966 2332 καί
978 2264 1038 2345 ἐγὼ
1050 2265 1166 2354 ποιήσω
1176 2267 1280 2346 αὐτοῖς
1291 2269 1368 2354 μετὰ

114 2351 194 2431 ’,καί
217 2293 279 2417 ἀπε
295 2350 372 2436 πρὸς
387 2353 432 2454 μέ.
470 2349 516 2414 υίὲ
540 2345 720 2435 ἀνθρύσκου,
758 2357 867 2434 θυμοῦ.
891 2349 927 2416 ού
946 2356 1076 2432 φείσεται
1089 2352 1108 2418 ὀ
1121 2351 1282 2436 ὀφθαλμός
1295 2380 1368 2438 μου,

115 2429 172 2498 ἀνά
191 2434 286 2518 λεψον
302 2444 365 2510 τοῖς
382 2432 554 2516 οφθαλμοῖς
573 2459 629 2499 σου
641 2431 719 2518 πρὸς
758 2433 825 2500 οῦδὲ
838 2433 878 2520 μη
892 2430 1009 2518 ίλεησω.

113 2521 166 2581 Bo
183 2520 249 2603 ῥάν.
279 2518 330 2582 καί
347 2515 500 2603 ἀνέβλεψα
517 2529 579 2592 τοῖς
597 2515 718 2596 ὀσθαλ-
759 2568 870 2668 ΚΗ
902 2604 909 2622 ‚
944 2524 1019 2582 ΚΕ
1033 2525 1072 2602 Φ.
1117 2514 1165 2583 Θ’.

808 2630 840 2667 αι
854 2628 942 2686 ανεκρ

113 2612 180 2684 μοῖς
192 2627 251 2683 μου
264 2599 341 2686 πρὸς
354 2605 404 2666 Βο
414 2602 490 2686 ’ράκ
502 2601 554 2665 καί
565 2598 642 2677 ίδσῦ,
655 2597 719 2665 ἀπὸ
944 2628 1012 2680 αμεν
1025 2609 1063 2678 είς
1075 2601 1112 2666 τά
1124 2591 1255 2683 ἀτόμου
1269 2607 1361 2692 ᾳ-ωνῇ

35 2724 38 2731 =
113 2686 225 2787 Βορρᾶ
238 2686 288 2750 ἐπὶ
302 2682 355 2766 την
367 2624 463 2766 πύλην
482 2682 537 2768 την
550 2682 627 2769 πρὸς
646 2682 719 2748 ἀνα-
757 2682 885 2788 μεγάλη,
911 2686 1016 2764 λέγων.
1044 2683 1153 2771 ἤγγικεν
1178 2681 1194 2765 ίη
1212 2682 1362 2766 ἐκδίκησις

113 2767 214 2841 τολας,
235 2768 306 2831 οιιαί
319 2765 381 2831 εἶπε
392 2766 468 2850 πρὸς
479 2769 524 2848 μὲ.
539 2769 583 2831 υίὲ
596 2762 719 2850 ἀνθρώ·
757 2775 810 2853 τῆς
826 2757 949 2844 πὀλεως.
963 2772 1014 2835 καί
1024 2775 1147 2845 ἕκαστος
1158 2765 1211 2853 εἶχε
1223 2765 1260 2832 τὰ
1272 2764 1365 2853 σκεύη

112 2875 183 2926 που,
196 2844 331 2935 ἕιόρακας
341 2855 373 2914 τί
380 2841 466 2914 οῦτοι
476 2854 631 2927 ποιοῦσιν,
645 2851 717 2916 ἀνο-
759 2857 809 2937 της
839 2848 1069 2935 ε’ξολοθρεύσεως
1098 2855 1129 2919 ἒν
1157 2853 1228 2938 χειρὶ
1255 2848 1365 2916 αὐτοῦ.

112 2937 182 3016 μίας
198 2929 326 3015 μεγάλας
344 2936 485 2997 ποιοῦσιν
504 2923 561 2997 ὦδε
574 2938 628 3008 τοῦ
642 2931 718 2998 ἀπέ-
758 2940 771 2980 ²
786 2936 836 3001 καί
849 2935 925 3011 ἰδού,
937 2940 969 3012 ἕξ
982 2936 1084 3020 ἀνδρες
1097 2935 1223 3037 η’ρχοντο
1237 2931 1300 2999 ἀπὸ
1315 2939 1368 3020 της

111 3026 216 3099 χεσθαι
236 3013 300 3083 ἀπό
319 3019 380 3081 τῶν
399 3011 492 3093 ἀνίων
508 3041 583 3096 μου,
608 3020 659 3081 καί
676 3018 719 3080 ἔτι
759 3015 833 3085 ὁδοῦ
849 3023 902 3104 της
914 3015 1009 3102 πύλης
1026 3024 1079 3124 της
1097 3018 1215 3102 υψηλης
1232 3021 1286 3102 τῆς
1297 3019 1368 3104 βλε-

114 3099 182 3182 ὀψει
195 3096 317 3180 ἀνομίας
332 3101 473 3199 μείζονας.
499 3099 577 3164 7καί
589 3093 721 3181 είςηγαγί
757 3099 875 3189 πούσης
900 3099 976 3186 πρὸς
994 3104 1133 3205 Βορρᾶν,
1159 3103 1210 3167 καί
1233 3098 1366 3166 ἑκάστου

112 3205 147 3264 με
161 3183 212 3247 ίπί
228 3179 267 3250 τά
280 3191 423 3286 προθυρα
438 3184 491 3263 τῆς
504 3179 613 3264 αὐλῆς,
639 3182 655 3223 ⁸
668 3183 720 3246 καί
757 3184 849 3260 πέλυξ
861 3188 892 3250 ἐν
910 3188 947 3266 τῇ
957 3185 1030 3267 χειρί
1042 3193 1146 3250 αυτοῦ.
1168 3186 1219 3249 καί
1232 3183 1272 3258 είς
1287 3181 1366 3268 ἀνὴρ

113 3261 174 3329 εἶπε
186 3262 262 3345 πρὸς
273 3289 320 3348 με.
346 3261 390 3328 υίὲ
404 3259 586 3346 ἀνθρώπου,
602 3261 718 3347 ὀρυξον.
757 3272 788 3332 ἐκ
799 3271 878 3349 μέσῳ
889 3255 990 3330 αάτων
1001 3266 1161 3341 ἐνδεδυκώς
1170 3263 1302 3352 ποδήρη,
1314 3270 1368 3334 καί

111 3348 164 3412 καί
176 3345 287 3434 ἀρυξα,
303 3348 354 3413 καί
367 3343 430 3412 ίδού
444 3341 543 3432 θύρα,
568 3345 720 3413 0καὶείπε
758 3346 833 3433 ζιόνη
851 3353 1017 3429 οαπεμείρου
1033 3349 1085 3412 ε’πὶ
1101 3351 1154 3431 τῆς
1169 3346 1291 3429 ὀσφύος
1309 3350 1367 3417 αῦ-

33 3444 36 3448 ’
111 3431 189 3518 πρὸς
189 3433 246 3539 με’,
272 3431 389 3508 είςελθε,
402 3432 452 3496 καί
465 3431 507 3495 ἴδε
520 3429 573 3509 τὰς
585 3429 719 3512 ἀνομίας,
757 3437 823 3508 τοῦ,
842 3433 892 3501 καί
903 3428 1079 3516 είςηλθοσαν
1091 3437 1142 3497 καί
1154 3433 1286 3515 ἔστησαν
1300 3430 1365 3517 ἐχό-

111 3511 148 3590 ἀς
165 3542 252 3582 ουτοι
265 3521 406 3581 ποιοῦσιν
424 3506 490 3579 ὦδε.
516 3517 544 3556 ¹⁰
557 3516 608 3580 καί
625 3515 719 3615 είςηλ-
756 3542 835 3601 μενοι
852 3520 907 3582 τοῦ
923 3519 1141 3600 θυσιαστηρίου
1160 3519 1218 3581 τοῦ
1257 3517 1365 3580 αλκοῦ.

110 3608 181 3671 θον,
192 3601 244 3662 καί
256 3599 386 3673 ίδον,καί
398 3595 719 3701 ίδοῦμάταιαβδελυγ-
756 3602 835 3665 3καί
860 3595 934 3676 δόξα
957 3603 1033 3664 θεοῦ
1053 3604 1108 3665 τοῦ
1130 3542 1255 3685 Ἰσραὴλ
1271 3598 1365 3684 ἀνεβη

109 3705 201 3760 ματα,
215 3684 266 3746 καί
277 3677 379 3747 πάντα
392 3678 431 3746 τά
444 3681 551 3749 εἴδωλα
564 3706 647 3746 οικου
658 3680 719 3750 Ἰσ·
756 3680 819 3751 ἀπὸ
833 3687 894 3747 τῶν
904 3684 1068 3770 Χερουβὶμ,
1081 3678 1100 3766 ἢ
1114 3670 1192 3747 σῦσα
1203 3680 1246 3746 ἐπ’
1260 3680 1365 3747 αὐτῶν

109 3759 187 3844 ραίηλ
197 3763 431 3848 διαγεγραμμίυα
441 3762 485 3828 ἐπ’
494 3760 718 3848 αύτούςκύκλῳ,
756 3770 795 3841 είς
808 3763 845 3831 τό
859 3767 979 3850 αἴθριον
994 3770 1049 3831 τοῦ
1063 3767 1155 3832 οἴκου.
1180 3767 1232 3830 καί
1243 3760 1367 3830 ἐκάλεσε

109 3845 193 3907 11καί
206 3845 410 3931 ἑβδομήκοντα
420 3844 520 3930 ἀνδρες
532 3851 564 3912 ίκ
578 3851 639 3914 τῶν
651 3873 719 3932 πρε·
756 3846 809 3914 τόν
820 3847 914 3933 ἀνδρα
923 3846 977 3914 τόν
987 3844 1161 3915 ἐνδεδυκότα
1170 3845 1222 3914 τὸν
1230 3844 1364 3932 ποδήρη,

110 3929 259 4010 οβυτέρων
272 3931 356 3994 οἴκου
366 3929 499 4014 Ἰσραηλ,
522 3933 574 3996 καὶ
584 3929 719 4015 Ἰεχονίας
756 3929 790 4007 ἀς
815 3930 887 4016 εἶχεν
913 3935 964 3997 ἐπὶ
989 3935 1041 4018 της
1058 3927 1174 4011 ὀσφύος
1192 3928 1290 3996 αῦτοῦ
1308 3932 1364 4017 την

110 4005 129 4072 ό
141 4013 197 4074 τοῦ
209 4010 320 4090 Σαῳάν
338 4013 459 4094 ἐνμέσῳ
479 4012 579 4078 αάτῶν
595 4009 718 4097 είστηκει
754 4011 856 4099 ζώνην,
878 4014 895 4055 ⁴
908 4018 960 4080 καί
970 4015 1033 4080 εἶπε
1045 4014 1121 4101 πρὸς
1133 4005 1234 4079 αὐτόν.
1261 4015 1364 4081 δίελθε

109 4091 171 4175 πρό
195 4088 359 4177 προςεύπου
382 4093 499 4170 αὐτῶν,
522 4098 575 4160 καί
591 4102 718 4175 ἕκαστος
752 4101 844 4184 με’σην
862 4093 1076 4183 Ἰερουσαλὴμ,
1102 4099 1153 4162 καί
1170 4097 1222 4173 δὸς
1238 4109 1364 4182 σημεῖον

108 4171 306 4260 θυμιατήριον
328 4173 427 4240 αὐτοῦ
443 4176 515 4261 εἶχεν
531 4183 561 4244 ἐν
579 4183 619 4270 τῇ
634 4185 716 4265 χειρί,
753 4183 802 4248 ι’πί
812 4180 852 4247 τά
861 4185 989 4265 μέτωπα
1000 4187 1060 4246 τῶν
1069 4180 1185 4265 ἀνδρῶν
1193 4184 1255 4246 τῶν
1264 4207 1362 4246 κατα-

107 4261 159 4323 καί
172 4257 190 4342 ἢ
204 4257 289 4343 ἀτμίς
298 4263 354 4324 τοῦ
366 4254 556 4340 θυμιάματος
569 4258 714 4346 ἀνέβαινε.
752 4265 953 4342 στεναζόντωκ
966 4268 1016 4330 καί
1028 4270 1090 4330 τῶν
1102 4264 1362 4345 κατωδυνωμένων

107 4343 134 4383 ¹²
147 4344 198 4407 καί
210 4340 272 4410 είπε
289 4341 366 4429 πρὸς
377 4343 422 4424 με’.
450 4338 585 4426 ἑώρακας
601 4344 646 4408 υίὲ
660 4344 715 4411 ἀν·
750 4350 801 4415 ε’πί
813 4344 927 4425 πόσαις
939 4360 1005 4425 ταῖς
1018 4345 1157 4433 ἀνομίαις
1169 4359 1234 4422 ταῖς
1242 4349 1359 4429 γινομέ·

104 4423 248 4509 θρόπου,
270 4422 335 4494 ἀοί
346 4418 538 4514 πρεσβύτεροι
552 4426 637 4492 οἴκου
654 4426 713 4495 Ἰσ-
749 4455 812 4508 ναις
825 4435 951 4517 ἐνμέσῳ
964 4430 1075 4498 αὐτῶν.
1099 4432 1175 4496 5καί
1186 4426 1307 4504 τούτοις
1320 4429 1365 4496 εί-

100 4504 181 4595 ραηλ
193 4516 348 4591 ποιοῦσιν,
363 4515 490 4588 λύεαστος
503 4506 605 4579 αάῐεόν
622 4513 654 4580 ἐν
668 4517 712 4600 τῷ
748 4541 803 4584 πεν
815 4512 981 4593 ἀκούοντός
994 4540 1054 4600 μου
1058 4561 1070 4591 ,
1083 4507 1248 4601 πορεύεσθε
1262 4510 1364 4618 ὀπίσω

1264 4622 1362 4662 αυτου
