2924 4972
1262 226 1328 298 493

82 325 1328 347 ......--.--.-.-..-.....-,,,.--,

76 355 143 415 θέτε
155 345 281 432 γνώμην,
294 352 481 433 καταργῆσαι
495 347 565 423 τούς
575 346 685 433 ἄνδρας
703 355 707 411 ί
737 346 819 436 ώραν
839 354 878 426 είς
896 351 980 418 οἶκον
996 357 1055 418 τοῦ
1072 358 1149 420 θεοῦ
1165 359 1221 420 τοῦ
1260 381 1329 435 εγα-

73 437 210 508 ἐκείνους,
228 432 279 496 καὶ
294 427 311 514 ῆ
325 427 411 506 πόλις
425 436 519 513 ἐκείνη
532 430 586 496 οῦκ
600 437 685 496 οέκο-
719 376 786 508 λου,
811 437 865 499 καί
890 434 983 513 αὐτὸς
1008 439 1205 520 οἰκοδομεῖται
1229 383 1328 516 λλθοις

74 512 280 602 δομηθῆσεται
308 518 359 579 έτι.
398 511 525 618 ”jum
547 512 611 580 ἆπδ
632 520 685 599 τῆς
720 516 883 592 ἐκλεκτοῖς,
909 523 960 584 καί
971 517 1047 596 ξύλα
1059 525 1208 587 ἐντίθεται
1222 525 1253 586 ἐν
1265 536 1328 598 τοῖς

72 597 186 684 γνώμης
197 598 414 682 πεφυλαγμένοι
429 623 478 682 ητε
492 598 586 665 ίίνεσιν
595 603 684 682 ποιῆ-
720 606 839 684 τοίχοις,
852 601 906 665 καί
922 598 959 666 τῦ
976 607 1064 689 ἔργον
1077 609 1170 671 έκεῖνο
1184 606 1328 680 ἐπιδέξιον

75 713 125 752 σαι
143 685 212 771 περὶ
224 680 349 758 τούτου,
374 676 416 766 μῆ
428 707 502 747 ποτε
518 682 684 775 πληθυνθῆ
717 689 837 761 γίνεται,
856 685 909 749 καί
925 685 1083 754 εῦοδοῦται
1101 693 1132 754 ἐν
1152 701 1217 764 ταῖς
1233 690 1328 773 χερσίν

75 765 242 851 ἀφανιομὸς
259 770 298 842 είς
310 771 506 849 κακοποίησιν
522 765 683 853 βασιλεῦσι.
719 765 831 832 αὐτῶν.
857 761 948 832 9τότε
963 765 1153 854 ῆρωτῆοαμεν
1166 771 1237 849 τούς
1254 797 1326 857 πρε-

74 854 104 895 ²³
119 848 184 917 τότε
198 847 215 917 ὁ
230 847 400 933 φορολόγος
414 854 467 915 τοῦ
479 847 686 935 Ἀρθασασθῦ
719 853 880 936 σβυτέρους
891 853 1026 926 ἐκείνους,
1035 856 1085 919 καί
1098 851 1193 931 οῦτως
1207 858 1327 938 εἴπαμεν

75 935 220 1020 βασιλέως
231 933 344 1012 ἀνέγνω
354 930 590 1015 ἐνώπιονῬεοῦμ
597 933 686 997 Βαλ-
719 931 832 1008 αὐτοῖς.
866 939 911 1007 τίς
929 937 1034 1015 έθηκεν
1053 932 1121 1020 ύμῖν
1138 936 1256 1023 γνώμην
1273 939 1327 1006 τὸν

78 1018 138 1098 τὰμ
151 1020 202 1082 καὶ
213 1018 330 1100 Σαμιμὰ
343 1021 537 1103 γραμματέως
549 1018 601 1080 καί
617 1040 687 1080 συν-
721 1015 806 1082 οίκον
830 1021 942 1082 τοῦτον
967 1018 1173 1100 οἰκοδομῆσαι,
1198 1024 1250 1085 καί
1273 1024 1327 1106 τῆν

78 1099 193 1164 δούλων
202 1099 305 1165 αῦτοῦ.
316 1103 368 1164 καί
376 1096 585 1186 ἐπορεύθησαν
596 1123 686 1164 σπου-
719 1105 861 1185 χορηγίαν
911 1094 1025 1183 ταύτην
1068 1108 1327 1186 καταρτίοαοθαις

79 1184 117 1275 δῆ
131 1188 169 1256 εἰς
179 1179 372 1269 Ἰερουσαλῆμ
385 1185 436 1247 καί
449 1188 480 1247 ἐν
495 1177 612 1257 Ἰούδα,
638 1186 687 1247 καί
720 1188 749 1227 ¹⁰
762 1185 813 1247 καί
830 1182 869 1246 τὰ
889 1181 1025 1266 ὀνόματα
1049 1181 1149 1249 αῦτιῦν
1168 1182 1327 1286 ῆρωτῆσα·

79 1261 269 1351 κατῆργησαν
288 1262 397 1341 αύτούς
410 1269 441 1330 ἐν
456 1263 556 1340 ἵπποις
569 1266 620 1330 καί
634 1265 688 1329 δυ-
719 1291 772 1350 μεν
785 1262 895 1341 αύτούς
912 1271 1056 1352 γνωρίσαι
1073 1293 1137 1343 σοι,
1156 1266 1229 1342 ὡςτε
1252 1264 1329 1348 γρῦ-

79 1346 168 1432 νύμει.
195 1348 227 1391 ²⁴
241 1343 307 1413 τότε
326 1346 433 1452 ῆργησε
451 1347 487 1414 τὸ
501 1351 590 1433 ἔργον
602 1347 688 1415 οἴκου
722 1371 780 1455 ῳαι
792 1375 838 1414 σοι
857 1349 896 1415 τὰ
910 1344 1046 1432 ὀνόματα
1064 1354 1124 1416 τῶν
1137 1348 1251 1436 ἀνδρῶν
1267 1355 1329 1418 τών

79 1439 135 1499 τοῦ
154 1437 230 1497 θεοῦ
250 1429 284 1496 τὸ
301 1435 332 1496 ἐν
359 1427 553 1518 Ιερουσαλῆμ.
583 1434 635 1497 καί
652 1421 688 1516 ῆν
721 1429 873 1517 αρχόντων
891 1431 1001 1499 αῦτιῦν.
1041 1435 1272 1500 11καίτοιοῦτο
1289 1430 1327 1500 τῦ

78 1516 193 1602 ἀργοῦν
212 1521 267 1591 ἕως
283 1515 420 1602 δευτέρου
437 1518 522 1590 ἔτους
538 1520 589 1598 τῆς
600 1519 687 1602 βασι·
719 1521 800 1603 ῥῆμα
812 1515 888 1582 ῦπειι
908 1525 944 1582 ίθ
963 1541 1018 1581 σαν
1031 1513 1110 1602 ῆμῖν,
1123 1516 1265 1596 λέγοντες.
1291 1516 1328 1601 ῆ-

79 1600 158 1676 λείας
171 1603 300 1685 Δαρείου
311 1598 457 1684 βασιλέως
472 1604 608 1683 Περσῶν.
718 1600 877 1685 μεῖςέσμέν
927 1605 946 1664 ῦ
1005 1606 1061 1666 τοῦ
1073 1604 1151 1666 θεοῦ
1162 1604 1219 1667 τοῦ
1231 1600 1326 1688 ούρα-

270 1688 302 1747 Κ
314 1690 344 1746 E
355 1688 392 1746 (ί).
436 1681 487 1745 Ε’.
719 1691 773 1749 νοῦ
785 1686 899 1790 καὶτῆς
910 1688 973 1768 γῆς,
989 1685 1039 1748 καί
1051 1685 1263 1768 οἰκοδομοῦμεν
1274 1682 1327 1751 τὸν

79 1732 164 1831 Καί
187 1762 401 1852 προεφῆτευσεν
410 1764 547 1844 Ἀγγαῖος
568 1760 586 1830 δ
608 1790 684 1851 προ-
720 1765 802 1834 οίκον
815 1763 848 1842 ὃς
861 1791 896 1868 ην
907 1766 1134 1853 ᾠκοδομημένος
1142 1768 1204 1855 πρὸ
1215 1764 1326 1834 τούτου

78 1847 173 1935 φῆτης
184 1852 236 1915 καί
245 1855 397 1952 Ζαχαρίας
410 1847 427 1913 ὁ
439 1844 595 1915 τοῦἈδδώ
607 1875 686 1935 προ·
719 1854 770 1934 ἔτη
782 1850 898 1926 πολλα,
922 1853 974 1917 καί
984 1851 1122 1937 βασιλεὺς
1135 1856 1192 1917 τοῦ
1201 1849 1325 1938 Ἰσραῆλ

79 1940 200 2019 φηιείαν
222 1935 273 1999 ἐπὶ
295 1931 542 2009 τουςἸουδαίους
563 1929 633 2006 τοῦς
655 1935 686 1996 ἐν
717 1938 807 2018 μέγας
821 1929 1009 2019 ᾠκοδόμησεν
1021 1933 1127 2011 αῦτὸν,
1152 1937 1203 2001 καί
1215 1961 1326 2021 κατηρ-

80 2013 177 2083 Ἰούδα
201 2019 253 2082 καὶ
277 2014 474 2118 Ἰερουσαλὴμ
504 2021 536 2083 έν
561 2011 685 2097 ὀνόματι
719 2023 825 2083 τίσατο
839 2015 1055 2093 αῦτὸναῦτοῖς.
1068 2014 1327 2124 12ιἰφότεδὲπαρ-

80 2105 154 2167 θεοῦ
164 2098 285 2186 Ἰσραῆλ
299 2099 342 2165 ἐπ’
360 2099 478 2175 αύτους.
506 2096 602 2164 2τότε
616 2098 685 2163 ῦνέ·
719 2096 850 2185 ώργισαν
876 2104 907 2166 οἱ
933 2104 1057 2188 πατέρες
1083 2097 1164 2185 ῆμιῦν
1181 2100 1236 2168 τὸν
1252 2112 1327 2168 θεον

81 2208 190 2268 στηοαν
211 2182 383 2289 Ζοροβάβελ
396 2181 418 2249 o‘
447 2189 502 2249 τοῦ
522 2179 686 2266 Σαλαθιῆλ
719 2189 773 2249 τοῦ
786 2182 926 2269 ούρανοῦ,
939 2185 1044 2250 έδωκεν
1057 2183 1166 2260 αύτούς
1179 2190 1218 2260 είς
1229 2197 1326 2270 χεῖρας

80 2271 132 2334 καὶ
141 2266 256 2351 Ἰησοῦς
269 2265 330 2342 υἱὸς
349 2264 481 2344 Ιιοσεδέκ,
495 2271 546 2332 καί
559 2265 686 2350 ῆρξαντο
719 2261 989 2353 Ναβουχοδονόσορ
1014 2268 1157 2354 βασιλέως
1174 2269 1325 2353 Βαβυλώ-

81 2351 269 2434 οίκοδομῆσαι
292 2348 344 2414 τὸν
360 2348 441 2415 οἶκον
465 2355 521 2415 τοῦ
538 2356 614 2416 θεοῦ
634 2346 686 2413 τὸν
720 2375 767 2424 νος
782 2349 1015 2425 τοῦΧαλδαίου,
1028 2354 1079 2415 καί
1093 2346 1145 2414 τὸν
1157 2349 1239 2415 οἷκον
1252 2355 1326 2416 τοῦ-

82 2436 112 2496 έν
131 2428 332 2516 Ἰερουσαλῆμ.
368 2435 419 2497 καί
441 2433 502 2517 μετ’Ι
528 2431 629 2499 αῦτιῦν
655 2436 686 2496 οἱ
721 2458 773 2498 τον
787 2433 942 2506 κατέλυσε,
959 2435 1011 2497 καί
1024 2430 1077 2498 τδν
1088 2430 1165 2498 λαὸν
1179 2429 1326 2515 ἀπῴκισεν

82 2520 234 2601 προφῆται
258 2520 314 2579 τοῦ
331 2520 406 2580 θεοῦ
430 2521 612 2603 βοηθοῦντες
630 2514 687 2581 αῦ-
720 2521 759 2590 είς
771 2515 952 2600 Βαβυλῶνα.
979 2517 1005 2558 ¹⁸
1019 2514 1081 2581 ἀλλ’
1098 2519 1129 2579 ἐν
1141 2520 1197 2580 έτει
1211 2511 1326 2598 πρώτῳ

82 2611 155 2674 τοῖς.
181 2599 238 2662 ἐέν
255 2596 340 2682 αὐτῷ
358 2603 401 2682 τῳ
420 2605 513 2684 καιρῷ
532 2589 622 2685 ῆλθεν
639 2596 682 2663 ἐπ’
720 2596 824 2684 Κύρου
844 2604 897 2663 τοῦ
917 2599 1061 2685 βασιλέως
1089 2604 1192 2683 Κῦρος
1209 2594 1327 2683 ῦβασι-

82 2679 194 2756 αύτούς
211 2681 375 2747 Θανθαναῒ
381 2686 509 2766 ἔπαρχος
521 2688 616 2768 πέραν
631 2686 686 2748 τοῦ
720 2680 785 2759 λεύς
798 2686 886 2748 ε”θετο
898 2680 1013 2766 γνώμην
1027 2681 1079 2747 τὸν
1092 2681 1175 2747 οἷκον
1184 2686 1239 2747 τοῦ
1249 2686 1326 2748 θεοῦ

80 2771 234 2848 ποταμοῦ,
248 2767 298 2830 καί
310 2768 579 2852 Σαθαρβουζαναῒ,
592 2768 643 2833 καί
656 2769 686 2831 οῖ
721 2771 828 2833 τοῦτον
842 2767 1082 2851 οἰκοδομηθῆναι.
1096 2765 1180 2830 14καί
1191 2765 1229 2830 τὰ
1239 2760 1326 2871 σκεύη

82 2847 239 2915 σύνδουλοι
264 2847 373 2926 αὐτῶν,
399 2853 450 2915 καί
475 2846 576 2915 τοιάδε
602 2849 688 2916 εἶπαν
722 2856 774 2916 τοῦ
793 2852 875 2916 οἴκου
895 2856 950 2914 τοῦ
967 2855 1043 2916 θεοῦ
1061 2845 1099 2914 τύ
1118 2854 1211 2935 χρυσᾶ
1224 2853 1275 2915 καί
1288 2876 1327 2915 τα

81 2934 194 3010 αὐτοῖς.
221 2939 266 3009 τίς
285 2936 390 3016 ἔθηκεν
413 2930 478 3018 ύμῖν
494 2929 613 3019 γνώμην
631 2937 687 2998 τοῦ
721 2933 847 3022 ἀργυρᾶ,
860 2931 1165 3020 ῦΝαβουχοδονύσσρ
1179 2931 1326 3017 ἐξήνεγκεν

81 3018 272 3102 οἰκοδομῆσαι
287 3016 339 3081 τὸν
347 3016 432 3083 οἷκον
444 3022 560 3093 τοῦτον,
573 3019 625 3082 καὶ
635 3016 688 3100 τῆν
721 3017 784 3084 ἀπὸ
798 3023 854 3083 τοῦ
867 3019 949 3083 οίκου
963 3025 1016 3084 τοῦ
1030 3023 1061 3084 ἐν
1070 3015 1262 3103 Ἰερουσαλὴμ
1274 3019 1327 3082 καί

81 3108 223 3202 χορηγίαν
273 3096 384 3184 ταύτην
427 3107 687 3186 καταρτίσασθαι,·
721 3097 877 3186 ἆπῆυεγκεν
895 3099 972 3166 αῦτίι
991 3107 1029 3177 εἷς
1047 3100 1099 3165 τὸν
1115 3101 1186 3165 ναὸν
1198 3107 1253 3167 τοῦ
1268 3105 1326 3187 βα-

81 3186 180 3250 4τοτε
193 3189 291 3249 ταῦτα
303 3185 428 3249 εἴποσαν
441 3181 552 3260 αῦτοῖς.
578 3189 644 3248 τίνα
657 3185 687 3246 ἐ·
722 3185 837 3261 σιλέιυς,
864 3180 1006 3268 ἐξῆνεγιιεν
1023 3182 1102 3249 αῦτύ
1117 3189 1220 3270 Κῦρος
1238 3180 1256 3249 ὃ
1268 3189 1326 3271 βα-

82 3270 131 3333 στί
147 3266 184 3333 τῦ
202 3264 338 3351 ὀνόματα
356 3271 417 3332 τῶν
435 3266 551 3350 ἀνδρῶν
568 3273 629 3331 τῶν
641 3270 688 3330 σί·
722 3268 816 3342 σιλεύς
828 3268 890 3333 ἀπὸ
906 3274 962 3332 τοῦ
972 3272 1046 3332 ναοῦ
1060 3272 1113 3331 τοῦ
1122 3268 1266 3350 βασιλέως
1275 3269 1326 3332 καί

80 3347 289 3433 κοδομούντων
302 3349 355 3433 τῆν
367 3346 455 3415 πόλιν
467 3346 577 3434 ταύτην
582 3384 594 3433 ;
608 3352 621 3394 ⁵
636 3350 687 3414 καὶ
722 3353 810 3416 ἐδιοκε
824 3356 867 3434 τῷ
878 3349 1060 3435 Σαβανασύρ
1073 3354 1117 3431 τῷ
1127 3347 1326 3432 θησαυροφύ-

80 3439 113 3499 οί
127 3432 284 3514 ὀφθαλμοί
297 3438 351 3498 τοῦ
363 3439 438 3498 θεοῦ
452 3435 502 3498 ἐπὶ
514 3432 569 3517 τῆν
581 3438 688 3518 αἰχμα-
720 3435 802 3509 λακι,
827 3439 872 3516 τῳ
897 3436 947 3498 ἐπί
963 3437 1017 3496 τοῦ
1034 3436 1207 3535 θησαυροῦ,
1235 3432 1262 3472 ¹⁶
1275 3433 1326 3495 καί

81 3519 196 3581 λιυσίαν
216 3514 330 3592 Ἰούδα,
356 3519 407 3582 καὶ
433 3514 469 3582 οῦ
496 3511 687 3599 κατῆργησαν
721 3517 798 3582 εἶπεν
810 3514 901 3599 αῦτῷ.
928 3510 1028 3581 πάντα
1042 3541 1080 3579 τα
1092 3508 1178 3595 σκεύη
1191 3508 1262 3599 λάβε
1275 3516 1326 3578 καὶ

81 3598 193 3675 αύτούς
206 3604 261 3675 ἕως
272 3595 372 3684 γνώμη
385 3604 429 3683 τῷ
444 3605 562 3682 Δαρείῳ
577 3597 687 3682 ῦπηνέ·
720 3595 865 3684 πορεύου,
891 3597 945 3673 θὲς
959 3593 1038 3663 αῦτύ
1050 3601 1082 3661 ἐν
1094 3599 1137 3678 τῷ
1152 3597 1225 3679 οἴκῳ
1238 3599 1282 3679 τῷ
1294 3599 1326 3659 ἐν

82 3695 152 3789 χθη.
165 3685 216 3749 καὶ
228 3682 295 3748 τότε
308 3683 459 3765 ἀπεστάλη
472 3688 515 3764 τῷ
529 3680 687 3766 φορολόγῳ
716 3681 908 3768 Ἰερουσαλῆμ
938 3686 977 3757 είς
1007 3678 1059 3745 τὸν
1089 3681 1186 3744 τόπον
1215 3676 1324 3745 αύτών.

84 3795 158 3853 υπερ
172 3763 284 3832 τούτου
303 3764 506 3848 ὃδιασύφησις
519 3766 687 3848 ἐπιπολῆς,
720 3769 748 3809 ¹⁶
762 3761 828 3830 τότε
845 3763 1031 3852 Σαβανασύρ
1057 3767 1161 3837 ἐκεῖνος
1182 3755 1258 3847 ἦλθε
1275 3766 1326 3828 καὶ

83 3841 117 3935 ῆς
129 3850 281 3918 ιἰπέστειλε
295 3846 480 3916 Θανθαναῒῦ
491 3853 620 3933 ἔπαρχος
633 3853 688 3913 τοῦ
722 3851 811 3916 ἔδωκε
836 3848 988 3931 θεμελίους
1005 3853 1059 3912 τοῦ
1076 3850 1159 3914 οίκου
1178 3851 1233 3913 τοῦ
1250 3850 1325 3912 θεοῦ

81 3940 177 4022 πέραν
191 3939 245 4000 τοῦ
262 3938 416 4017 ποταμοῦ,
441 3935 492 3997 καί
501 3937 687 4019 Σαθαρβου-
721 3929 967 4035 ἐνἸερουσαλῆμ,
987 3934 1037 3996 καί
1050 3928 1112 3997 ἀπὸ
1125 3926 1192 3995 τότε
1204 3935 1259 4006 έιυς
1272 3935 1326 3995 τοῦ

84 4019 179 4097 ζαναῒ,
194 4020 245 4083 καί
257 4022 288 4083 οί
301 4011 457 4083 σύνδουλοι
468 4014 687 4102 αύτώνἈφαρ-
722 4021 772 4082 νῦν
797 4016 992 4100 ᾠκοδομηθη,
1019 4019 1071 4081 καί
1096 4012 1151 4079 οῦκ
1174 4014 1325 4098 ἐτελέσθη.

83 4113 201 4187 σαχαῖοι
216 4107 247 4166 οἶ
259 4104 291 4166 ἐν
303 4106 347 4183 τῳ“
358 4104 454 4186 πέραν
467 4104 523 4166 τοῦ
536 4105 687 4184 ποταμοῦ,
721 4103 748 4143 ¹⁷
760 4103 810 4165 καί
824 4105 875 4165 νῦν
890 4105 915 4164 εἰ
928 4101 977 4164 ἐπὶ
991 4096 1041 4164 τὸν
1058 4098 1183 4186 βασιλέα
1196 4095 1326 4176 ἀγαθὸν,

82 4191 204 4271 Δαρείῳ
229 4189 273 4269 τῷ
298 4184 415 4271 βασιλεῖ
438 4179 589 4268 7ῥῆμασιν
612 4182 688 4249 ἀπέ-
721 4178 907 4267 ἐπισκεπῆτιο
936 4187 966 4248 ἐν
990 4187 1034 4266 τῷ
1061 4185 1134 4266 οἴκῳ
1161 4187 1213 4266 τῆς
1236 4177 1327 4264 γύζης

83 4270 202 4336 στειλαν
215 4267 292 4377 πρὸς
307 4265 409 4334 αῦτὸν.
436 4272 487 4335 καὶ
499 4262 567 4332 τάδε
579 4271 688 4352 γέγρα-
721 4273 777 4332 τοῦ
789 4267 933 4374 βασιλέως
946 4267 1138 4354 Βαβυλῶνος,
1154 4262 1237 4340 ὅπως
1249 4270 1326 4348 γνῷς

81 4380 157 4420 πται
171 4355 202 4416 ἐν
216 4357 309 4435 αυτῷ.
337 4357 455 4439 Δαρείῳ
469 4355 513 4434 τῷ
524 4350 639 4437 βασιλεῖ
648 4354 689 4413 εέ-
721 4347 768 4415 ὅτι
781 4350 843 4416 απὸ
856 4352 1001 4436 βασιλέως
1012 4349 1115 4438 Κύρου
1125 4354 1213 4432 ἐτέθη
1226 4347 1324 4432 γνώμη

101 4433 261 4540 ῆνηαπᾶσα.
287 4435 442 4537 8χνισστύν
458 4439 535 4501 ἔσται
550 4441 592 4518 τῷ
625 4460 688 4498 ασι-
722 4435 912 4535 οἷκοδρμῆσαι
931 4436 983 4501 τὸν
1003 4434 1086 4499 οἷκον
1099 4438 1152 4498 τοῦ
1166 4435 1241 4497 θεοῦ
1253 4433 1325 4494 ἐκεῖ·

80 4466 131 4602 δεῖ,
148 4543 194 4585 οτι
209 4520 411 4606 ἐπορευθημεν
424 4525 462 4595 εἰς
475 4517 527 4602 τῆν
536 4437 688 4584 Ἰουδαίαν
703 4550 707 4592 1
723 4543 773 4585 νον
790 4541 844 4582 τον
861 4521 892 4582 ἐν
904 4513 1105 4605 Ἰερουσαλῆμ.
1136 4517 1186 4578 καὶ
1195 4509 1292 4676 χνοέχς
1300 4511 1324 4615 Χδ

1218 4621 1272 4658 um
1290 4619 1345 4668 ευς
