2924 4972
115 195 183 267 808
429 192 467 250 Η
474 187 542 249 EA
555 187 613 249 IA
624 192 657 248 Σ
695 191 772 264 Κεφ.
788 182 839 258 νζ.
855 187 908 264 κη’.
923 185 974 249 57.
987 182 1037 247 58.

113 313 130 353 ⁰
141 311 233 388 ἐκείνη
246 330 301 369 σου
315 300 334 386 ή
346 295 532 386 μερίς,οῦτός
545 326 600 365 σου
613 296 630 364 ὃ
643 300 717 382 κλή-
749 310 811 373 τοῖς
821 294 938 400 μρκράν
955 298 1007 360 καί
1018 306 1083 370 τοῖς
1100 290 1187 371 ἔγγὺς
1200 319 1279 358 ουσι.
1305 296 1359 359 καί

115 415 181 476 ρος,
205 385 347 470 κάκείνοις
365 387 475 468 ἐξέχεας
496 381 643 458 σπονδὰς,
666 382 719 446 καί
750 380 811 457 εἰπε
823 405 932 465 κυριος,
956 374 1075 459 ἰάσομαι
1089 373 1208 452 αὐτούς,
1235 378 1268 420 ²⁰
1281 381 1313 441 οἰ
1326 376 1360 442 δὲ

114 468 233 572 τούτοις
255 463 412 551 ἀνήνεγκας
432 469 550 540 θυσίας.
576 466 627 528 έπί
648 459 719 528 τού-
750 461 847 529 άδικοι
868 456 1176 545 κλυδωνισθήσονται,
1200 459 1254 522 καί
1281 458 1357 524 ἀνα-

116 581 180 628 τοις
192 576 246 618 ουν
263 548 317 613 οῦκ
334 550 569 633 ὀργισθήοομαις
596 549 609 589 ⁷
622 544 666 611 ἐπ’
682 544 718 612 ἀ·
749 541 931 611 παύσασθαι
943 542 981 609 οῦ
995 539 1178 626 δυνήσονται.
1191 541 1280 606 21οῦκ
1293 546 1358 608 ἔστι

116 663 168 724 ρος
182 632 301 717 ῦψηλδν
315 635 366 697 καί
382 635 544 715 μετέωρον,
560 634 621 694 ε’κεί
629 654 685 695 σου
698 624 716 712 ή
749 634 858 715 χαίρειν
870 638 932 704 τοῖς
945 625 1087 713 ἀσεβέσιν,
1099 623 1176 690 εἶπεν
1189 620 1206 689 ὁ
1218 621 1297 700 θεός.

115 716 267 799 κοίτη,καί
280 712 518 800 ίκείἀνεβίβασας
529 718 640 787 θυσίας
652 737 718 788 σου,
779 721 793 748 ⁰
932 718 966 772 K
973 718 1002 775 Ε
1014 714 1052 772 Φ.
1095 704 1188 773 NH'.

116 802 196 864 οιιαί
209 797 306 862 ἀπίσω
319 801 379 862 τῶν
392 799 536 898 σταθμῶν
553 798 605 879 τής
616 790 716 880 θύρας
750 761 955 941 Ᾰναβύησον
974 797 1004 857 ἐν
1021 788 1111 876 ἰσχύϊ,
1136 793 1189 854 καί
1198 787 1240 874 μή
1255 796 1355 883 φείσρ,

117 908 171 949 σου
183 885 295 963 ε”θηκας
306 874 480 962 μνημόσυνα
493 903 558 943 σου.
582 876 657 962 ᾤου,
671 872 718 941 ὅτι
750 875 790 953 ῶς
805 873 844 942 σά
862 903 944 956 πιγγι
965 871 1090 959 ύψωσον
1103 871 1155 957 τήν
1168 867 1272 958 φωνήν
1286 900 1358 952 σου,

117 964 171 1033 ἐὰν
184 963 233 1029 ἀπ’
247 966 318 1043 ἐμοῦ
327 960 470 1043 ἀποστῇς,
478 957 580 1027 πλεῖόν
591 986 620 1025 τι
634 962 717 1038 ἕξεις·
750 963 801 1025 καί
814 955 987 1038 ἀνάγγειλον
998 963 1042 1041 τῷ
1056 958 1120 1040 λαῷ
1129 983 1188 1040 μου
1201 954 1241 1021 τὰ
1256 953 1357 1041 ἆμαρ-

117 1044 272 1131 ήγάπησας
282 1043 351 1118 τοῦς
363 1034 561 1129 κοιμωμένους
570 1041 717 1126 μετάσοῦ,
751 1033 868 1147 τήματα
885 1042 999 1115 αὐτῶν,
1023 1043 1135 1122 καὶτῷ
1154 1041 1227 1122 οἴκῳ
1244 1037 1359 1127 Ἰακὼβ

114 1131 204 1195 9καί
221 1123 394 1211 ἐπλήθυνας
423 1125 477 1211 τήν
496 1133 637 1211 πορνείαν
661 1150 717 1190 σου
749 1152 803 1202 τας
820 1125 947 1209 ἀνομίας
963 1122 1071 1189 αὐτῶν.
1104 1121 1179 1204 ἰέμί
1193 1119 1358 1207 ήμέρανίξ

114 1211 173 1298 μετ’
203 1208 315 1286 αὐτῶν,
342 1214 394 1275 καί
420 1207 553 1285 πολλοὺς
575 1212 718 1292 ἐποίησας
749 1206 858 1312 ήμέρας
870 1211 1013 1291 ζητοῦσιν,
1039 1206 1090 1270 καί
1101 1210 1215 1284 γνῶναί
1226 1231 1287 1288 μου
1299 1205 1356 1281 τοίς

115 1294 185 1369 τοῦς
197 1289 314 1378 μακράν
326 1291 388 1358 ἀπὸ
402 1297 466 1368 σοῦ,
479 1294 530 1358 καί
543 1289 718 1364 ἀπέστειλας
749 1294 835 1368 οδους
847 1294 1051 1371 ἐπιθυμοῦσιν,
1064 1289 1104 1368 ῶς
1115 1287 1189 1364 λαὸς
1201 1285 1357 1356 δικαιοσύ·

115 1380 250 1463 πρέσβεις
268 1370 342 1460 ὑπὲρ
361 1374 401 1440 τδι
420 1371 489 1456 ὅριά
506 1401 572 1451 σου,
585 1377 636 1439 καί
648 1377 718 1438 ἒτα-
750 1399 801 1480 νην
813 1370 991 1457 πεποιηκῶς,
999 1374 1051 1436 καί
1062 1378 1158 1458 κρίσιν
1169 1376 1246 1436 θεοῦ
1260 1371 1357 1438 αῦτοῦ

115 1455 264 1542 πεινῶθης
278 1463 332 1533 ἕως
344 1455 419 1541 ήίδου
431 1461 532 1533 10ταῖς
543 1456 719 1531 πολυοδίαις
749 1486 789 1542 μη
811 1451 1075 1536 ἕγκαταλελοιττῶς.
1103 1459 1225 1520 αἰτοῦσί
1247 1480 1282 1539 με
1305 1461 1358 1521 νῦν

115 1568 181 1611 σου.
207 1545 380 1617 ἔκοπίασας,
392 1542 444 1604 καί
456 1540 510 1605 οῦκ
524 1539 618 1615 εἶπας,
637 1536 719 1604 παύ-
750 1547 845 1626 κρίσιν
863 1541 990 1615 δικαίαν,
1007 1541 1059 1605 καί
1075 1541 1194 1617 ἐγγίζειν
1205 1543 1273 1622 θεῷ
1293 1545 1357 1604 ἐπι-

116 1650 206 1705 αομαι
223 1618 405 1706 ἐνισχύουσα,
428 1617 476 1688 δτι
496 1625 533 1686 έπ
553 1627 626 1699 αξας
643 1627 718 1687 ταῦ·
749 1628 889 1707 θυμοῦσι,
918 1623 1085 1700 3λέγοντες.
1107 1628 1139 1686 τί
1155 1618 1201 1686 ὅτι
1218 1619 1356 1725 ίνηστεύ-

115 1734 166 1782 τα,
212 1703 262 1769 διὰ
285 1708 376 1770 τοῦτο
404 1703 442 1769 οῦ
465 1730 523 1770 κατ
551 1701 642 1790 τήθης
662 1730 719 1787 μου
750 1731 849 1790 σαμεν,
868 1707 919 1770 καί
935 1702 991 1770 οῦκ
1009 1703 1078 1781 εἶδες
1084 1734 1097 1784 ,·
1124 1709 1357 1787 ἐταπεινωσαμεν

117 1786 165 1855 σύ.
212 1786 718 1874 11τίναειίλαβηθείσαέφοβήθης,
750 1788 804 1864 τὰς
824 1788 923 1874 ψυχὰς
944 1785 1036 1872 ήμῶν,
1054 1790 1105 1852 καί
1128 1787 1184 1852 οῦκ
1204 1791 1310 1866 ε”γνωςς
1323 1793 1355 1853 ἐν

116 1875 168 1938 καί
189 1865 304 1954 ἐψεύσω
324 1896 375 1954 με,
404 1874 456 1936 καί
484 1869 538 1937 οῦκ
561 1867 717 1954 ἐμνήσθης,
748 1870 807 1956 γάρ
819 1883 885 1947 ταῖς
901 1868 1020 1956 ἡμέραις
1038 1877 1100 1936 τῶν
1119 1875 1256 1954 νηστειῶν
1269 1867 1355 1952 ῦμῶν

116 1953 186 2021 οὐδὲ
203 1952 311 2038 ἔλαβές
325 1979 359 2037 με
371 1958 409 2030 εἰς
421 1953 475 2037 τήν
485 1951 626 2027 διάνοιαν,
650 1951 719 2018 οὐδὲ
750 1951 895 2040 εῦρίσκετε
903 1952 943 2019 τά
951 1948 1108 2038 θελήματα
1120 1950 1266 2037 ὑμῶν,καί
1274 1950 1356 2018 πάν-

115 2042 154 2111 εἰς
179 2034 234 2119 τήν
263 2037 389 2120 καρδίαν
415 2063 469 2102 σου
474 2064 486 2115 ,·
526 2041 580 2102 καί
604 2033 662 2115 ἐγώ
689 2061 719 2100 σε
749 2033 887 2112 ταςτούς
900 2033 1085 2122 ὑποχειρίους
1098 2033 1356 2119 ῦμῶνῦπονύσσε·

115 2116 189 2194 ἰδῶν
201 2122 345 2220 παρορῶ,
363 2123 414 2183 καί
427 2120 476 2200 έμέ
489 2116 543 2185 οῦκ
556 2115 717 2205 ἐφοβήθης.
749 2145 789 2185 τε.
814 2122 832 2162 ⁴
844 2124 869 2184 εἰ
881 2125 920 2194 εἰς
931 2124 1037 2205 κρίσεις
1049 2121 1101 2185 καί
1111 2114 1208 2205 μάχας
1222 2120 1355 2204 νηστεύε-

115 2204 199 2269 12καί
212 2200 270 2281 ἐγὼ
285 2201 445 2280 απαγγελῶ
457 2204 511 2286 τήν
530 2199 718 2305 δικαιοσύνην
749 2228 790 2279 τε,
799 2205 849 2269 καί
858 2198 982 2269 τύπτετε
988 2214 1117 2287 πυγμαίς
1126 2200 1275 2279 ταπεινὸν,
1290 2208 1357 2269 ἰκα-

115 2311 182 2363 σομ,
194 2287 245 2351 καί
260 2281 300 2353 τά
317 2278 395 2351 κακά
412 2310 477 2362 σου,
498 2281 587 2352 &aim
601 2283 718 2369 ῶφελη-
749 2291 781 2351 τί
799 2311 848 2368 μοι
872 2281 1022 2370 νηστεύετε
1046 2285 1087 2362 ῶς
1107 2283 1240 2371 σήμερον,
1260 2285 1356 2352 ἀκου-

114 2394 213 2445 Ισεισε,
238 2363 718 2473 13ὅτανἀναβοήσης,έχξελίσθιρ-
749 2374 860 2472 σθήναι
873 2373 910 2472 ’ἐν
925 2375 1042 2472 κρσρυγή
1057 2370 1112 2453 τήν
1128 2367 1229 2453 φωνήν
1251 2365 1338 2451 ὑμῶν
1342 2420 1352 2449 ,

116 2447 170 2516 σάν
184 2477 214 2517 σε
227 2453 258 2516 ἕν
268 2455 307 2536 τῇ
317 2451 422 2598 θλίψει
435 2477 498 2517 σου.
523 2476 647 2526 τουτους
658 2478 716 2536 γαρ
749 2454 763 2496 ⁶
777 2477 813 2518 ov
825 2477 936 2535 ταυτην
949 2479 1005 2534 την
1024 2459 1158 2536 νηστείαν
1169 2448 1353 2536 ἐξελεξάμην,

115 2529 229 2610 πάντας
249 2532 354 2617 ἀνεμος
394 2531 512 2618 ήψεται,
527 2538 578 2599 καί
597 2533 717 2600 ἀποίσει
749 2537 799 2600 καί
811 2533 924 2622 ἡμέραν
941 2539 1095 2602 ταπεινοῦν
1111 2533 1278 2616 ἀνθρωπον
1296 2537 1354 2635 τήν

114 2623 256 2696 καταιγίς.
285 2623 315 2683 οἰ
333 2616 364 2684 δί
378 2613 632 2721 ἀντεχόμενοίμου
645 2613 717 2720 κτήῖ
748 2618 846 2703 ψυχήν
867 2617 965 2718 αὐτοῦ
976 2670 987 2696 ,
1023 2614 1087 2684 οὐδ’
1107 2613 1145 2680 ἀν
1165 2609 1289 2722 κάμψης
1307 2643 1353 2690 ως

262 2706 277 2719 Ν

115 2726 219 2767 σονται
238 2726 307 2802 γην,
340 2703 391 2765 καί
411 2702 661 2787 κληρονομήσουσι
679 2725 716 2765 το
748 2709 849 2787 κρίκον
861 2727 914 2766 τον
932 2695 1075 2787 τρύχηλύν
1093 2725 1158 2775 σου,
1174 2724 1226 2762 και
1238 2723 1353 2765 σακκον

115 2782 187 2866 ὅρος
199 2782 236 2847 τὸ
249 2781 332 2859 ἆγιύν
343 2808 410 2864 μου.
435 2785 716 2868 14καίέροῦσι,κα-
748 2787 798 2849 καί
816 2785 928 2851 σποδὸν
948 2785 1045 2851 ῦπσστ
1063 2780 1126 2866 ῶση
1139 2832 1148 2858 ,
1177 2779 1245 2846 οὐδ’
1268 2779 1354 2847 σῦτω

113 2870 260 2948 θαρίσατε
271 2863 331 2933 ἀπὸ
342 2860 502 2949 προςῶπου
513 2863 607 2931 αῦτοῦ
619 2864 716 2943 ὁδούς,
747 2869 884 2933 καλέσετε
896 2876 1027 2952 νηστείαν
1044 2811 1152 2951 δεκτήν.
1178 2865 1193 2910 ⁶
1206 2862 1274 2951 οῦχί
1287 2891 1352 2932 τοι·

112 2948 164 3016 καί
181 2944 272 3031 ἀρατε
293 2946 395 3012 σκῶλα
414 2944 477 3013 ἀπὸ
493 2953 546 3050 της
564 2948 640 3013 ὁδοῦ
660 2953 716 3014 τοῦ
747 2948 841 3034 αύτην
858 2955 989 3035 νηστείαν
1003 2949 1183 3032 ἐξελεξάμην,
1201 2949 1279 3028 λέγει
1297 2950 1350 3016 κύ-

113 3031 191 3096 λαοῦ
202 3057 270 3112 μου.
295 3034 322 3072 ¹⁵
336 3026 407 3096 τάδε
427 3031 502 3108 λέγει
516 3059 533 3096 ο
547 3027 674 3114 ὕψιστος
685 3037 715 3097 ἐν
746 3059 818 3119 ριος,
832 3032 909 3103 ἀλλά
927 3033 976 3097 λύε
988 3029 1089 3099 πάντα
1109 3029 1272 3116 σύνδεσμον
1284 3032 1350 3099 ἀδι-

113 3112 242 3195 ύψηλοῖς
264 3119 411 3179 κατοικῶν
430 3112 484 3179 τὸν
505 3119 609 3189 αἰῶνα,
631 3111 715 3192 ἀγιος
746 3124 820 3192 κίας,
833 3117 934 3184 διάλυε
950 3114 1149 3196 στραγγαλιάς
1161 3121 1270 3202 βιαίων
1282 3141 1350 3183 συν-

112 3200 144 3261 ἐν
156 3195 263 3271 ἁγίοις,
276 3192 371 3298 ὄνομα
384 3194 482 3278 αὐτῷ,
496 3193 621 3279 ὕψιστος
634 3200 664 3262 ἐν
677 3194 714 3261 ῦ-
746 3197 953 3280 αλλαγμάτων,
979 3196 1143 3265 ἀπέστελλε
1162 3202 1349 3285 τεθραυσμέ-

111 3284 186 3354 γίοις
199 3275 433 3359 ἀναπαυομενος,
456 3281 507 3344 καί
520 3276 713 3364 ὀλιγοψύχοις
744 3308 811 3356 νους
824 3285 855 3345 ἐν
871 3279 1042 3382 ἇψέσει,καί
1054 3287 1158 3347 πᾶσαν
1173 3281 1349 3368 συγγραφήν

110 3360 208 3451 διδούς
224 3367 446 3446 μακροθυμίαν,
459 3365 510 3427 καί
521 3363 621 3438 διδούς
638 3362 713 3448 ζωήν
745 3363 846 3431 ἀδικον
857 3364 977 3429 διασπα.
1008 3366 1021 3407 ⁷
1035 3360 1201 3448 διάθρυπτε
1214 3371 1351 3433 πεινῶντι

110 3457 174 3523 τοῖς
209 3448 454 3530 συντετριμμένοις
490 3447 545 3530 τήν
578 3449 711 3533 καρδίαν.
744 3447 796 3514 τὸν
808 3445 899 3533 ἄρτον
913 3472 975 3524 σου,
988 3449 1039 3511 καί
1054 3447 1193 3532 πτωχοὺς
1207 3447 1350 3526 ἀστέγοιις

110 3528 206 3597 16ούκ
223 3535 261 3602 εἰς
278 3529 332 3595 τὸν
352 3533 450 3599 αἰῶνα
466 3525 610 3615 ἐκδικήσω
629 3528 711 3610 ὑμᾶς,
745 3534 835 3608 είςαγε
847 3535 886 3605 εἰς
897 3528 950 3595 τὸν
963 3529 1047 3595 οἶκόν
1060 3558 1124 3596 σου.
1151 3532 1205 3596 ἐὰν
1219 3532 1283 3617 ίδης
1294 3557 1349 3609 γυ-

111 3610 180 3677 οῦδὲ
211 3611 373 3686 διαπαντὸς
396 3610 610 3698 ὀργιοθήσομαι
634 3612 710 3696 ὑμῖν.
743 3613 824 3698 μνὸν,
841 3614 988 3701 περίβαλε,
1006 3617 1058 3678 καί
1077 3612 1139 3678 ἀπὸ
1158 3619 1218 3679 τῶν
1237 3619 1352 3679 οἰκείων

109 3698 223 3775 πνεῦμα
248 3692 306 3779 γάρ
330 3694 400 3779 παρ’
429 3700 501 3777 ἐμοῦ
527 3692 711 3773 ἐξελεύσεται,
744 3701 800 3762 τοῦ
828 3693 995 3781 σπέρματός
1025 3723 1081 3762 σου
1116 3696 1170 3782 οὐχ
1192 3692 1346 3781 ῦπερόψει.

109 3777 160 3849 καί
173 3774 268 3858 πνοήν
279 3783 380 3842 πᾶσαν
399 3776 458 3855 ἐγώ
471 3784 607 3863 ἐποίησα.
633 3776 708 3844 17δι’
743 3781 759 3823 ⁸
781 3776 848 3846 τότε
874 3777 1031 3868 ῥαγήσεται
1059 3775 1194 3867 πρῶϊμον
1219 3778 1255 3843 τὸ
1281 3782 1348 3858 φῶς

109 3855 256 3939 ἁμαρτίαν
278 3854 371 3945 βραχύ
398 3887 427 3925 τι
447 3858 579 3945 ἐλύπησα
607 3860 710 3938 αὐτὸν,
744 3889 810 3940 σου,
823 3867 874 3928 καὶ
891 3863 930 3928 τὰ
951 3861 1063 3943 ἰάματύ
1082 3890 1135 3929 σου
1151 3861 1226 3946 ταχῦ
1240 3860 1350 3927 ἀνατε,

107 3940 157 4001 καί
175 3937 312 4039 ἐπάταξα
332 3941 439 4018 αὐτὸν,
464 3946 516 4008 καί
533 3944 710 4029 ἀπέστρεψα
742 3945 792 4011 λεί.
832 3948 883 4010 καί
914 3943 1149 4033 προπορεύσεται
1173 3948 1351 4025 ε”μπροσθέν

106 4018 146 4121 τίη
157 4018 318 4104 προςωπύν
327 4050 383 4104 μου
394 4023 443 4090 ἀπ’
460 4025 565 4100 αὐτοῦ,
580 4030 630 4092 καί
642 4026 710 4090 ίλυ-
743 4055 798 4095 σου
814 4026 832 4112 ή
845 4025 1019 4113 δικαιοσύνη
1033 4057 1096 4106 σου,
1109 4028 1158 4094 καί
1170 4024 1188 4109 ἡ
1202 4026 1277 4103 δόξα
1290 4034 1350 4094 τοῦ

105 4114 205 4204 ρτηθη,
222 4107 272 4167 καί
286 4104 436 4192 ἐπορεύθη
457 4109 578 4186 στυγνὸς
597 4114 627 4174 ἐν
643 4123 709 4186 ταῖς
741 4117 817 4176 θεοῦ
828 4113 991 4195 περιστελεί
1001 4139 1038 4178 σε.
1065 4112 1159 4179 9τύτε
1171 4107 1279 4202 βσήση,
1294 4107 1348 4176 καί

104 4188 188 4261 ὀδοῖς
201 4185 303 4251 αὐτοῦ.
330 4189 637 4265 18τοίςὸδοιίςαύτοῦ
651 4189 707 4256 έιύ-
741 4193 758 4261 ὁ
772 4190 844 4271 θεὸς
865 4192 1066 4271 εἰςακούσεταί
1082 4223 1145 4271 σου,
1165 4197 1206 4258 ἔτι
1220 4193 1351 4261 λαλοῦν·

106 4293 194 4350 ρακα,
215 4272 265 4334 καί
287 4268 413 4353 ἰασάμην
431 4269 532 4347 αῦτόν,
550 4276 601 4337 καί
612 4302 707 4359 παρε-
738 4274 790 4355 τύς
803 4306 858 4345 σου
872 4280 1005 4363 ἐρεῐ,ἰδοὺ
1019 4276 1146 4364 πάρειμι.
1169 4278 1222 4343 ἐὰν
1234 4276 1353 4363 ἀφελής

103 4348 213 4418 adama
227 4350 329 4426 αὐτὸν,
339 4354 390 4417 καί
400 4354 498 4416 ἔδωκα
507 4353 591 4438 αὐτῷ
604 4355 706 4440 παρά·
737 4361 800 4427 ἀπὸ
814 4368 871 4427 σοῦ
894 4358 1055 4446 σύνδεσμον
1070 4366 1120 4427 καί
1145 4355 1352 4445 χειροτονίάν,

100 4433 202 4521 κλησιν
215 4435 367 4523 ἀληθινήν,
389 4437 417 4477 ¹⁹
423 4431 536 4524 εἰρήνην
547 4439 591 4504 ἐπ’
608 4438 704 4539 εἰρήνη
735 4450 785 4510 καί
797 4448 875 4532 ῥῆμα
892 4449 1061 4529 γογγυσμοῦ
1071 4486 1094 4522 ,ι
1106 4449 1135 4490 ¹⁰
1147 4449 1199 4510 καί
1212 4447 1274 4530 δῷς
1286 4474 1355 4512 πει-

1264 4556 1357 4597 νωντι
