2924 4972
159 219 223 286 ενι
389 220 583 284 ΕΣΛΡΑΣ
607 218 873 282 Λυευπυοιν
911 219 987 294 xm».
1000 209 1035 290 γ’.
1049 207 1088 279 ν’.
1102 215 1133 279 3.
1147 212 1178 277 4.

160 310 1399 332 --......-------..-----—-

159 349 209 412 καί
222 347 359 432 άρχοντες
373 350 431 409 τῶν
443 368 506 408 πατ
527 347 578 406 ιιῦν
589 347 620 406 οἱ
631 338 763 426 πρεσβύ-
794 339 930 418 ᾳαλαῖοι,
948 336 1137 423 Ἀψαρσαῖοι,
1151 335 1316 419 Ἀρχυαῖοι,
1331 341 1403 399 Ba-

160 455 237 513 τεροι
251 436 282 493 οἳ
294 429 411 493 εἴδοσαν
421 426 474 491 τὸν
484 370 567 491 οἷκον
578 423 631 488 τὸν
639 428 763 507 πρῶτον
792 417 930 508 βυλάνιοι
942 471 952 498 ,
990 428 1133 486 Σουσανα
1151 429 1228 494 αίοι,
1262 424 1404 495 Δαυαῑοι,

159 519 191 578 ἐν
204 508 370 594 θεμελιώσει
389 508 502 584 αὐτοῦ,
528 509 579 571 καὶ
591 511 699 570 τοῦτον
710 502 764 570 τόν
793 509 822 548 ¹⁰
828 507 880 568 καὶ
892 509 922 569 οί
935 502 1112 568 κατάλοιποι
1126 447 1224 567 όθνοῦν
1232 491 1275 563 ὦν
1284 496 1405 584 ἀπῴκι-

160 594 242 660 οἶκον
264 597 295 657 έν
316 592 487 674 ὀφθαλμοῖς
503 588 621 665 αὐτῶν,
646 589 765 652 ε”κλαιον
795 613 844 654 σεν
855 585 1040 672 Ἀσσεναψάρ
1059 584 1179 668 δμέγας
1196 585 1247 649 καί
1265 582 1403 666 ὁτίμιος,

159 681 244 772 φωνῇ
260 673 370 779 μεγάλη
388 677 439 739 καί
456 670 574 757 ὁύχλος
590 675 621 736 έν
634 677 762 754 σημασίᾳ
794 673 845 735 καί
861 667 1023 754 κατῴκισεν
1041 667 1154 743 αὐτούς
1176 671 1209 733 ἐν
1225 663 1332 732 πόλεσι
1350 673 1404 751 της

157 759 215 843 μετ’
241 746 423 843 ευηροσύνς
447 760 501 819 τοῦ
528 751 648 836 ὑψῶσαι
674 750 762 837 ᾠδήν.
794 750 940 840 Σομόρων
949 750 1042 817 καὶτὸ
1053 748 1339 835 κατάλοιπονπέραν
1349 757 1404 816 τοῦ

157 844 240 906 13καί
252 839 306 904 οῦκ
319 831 356 923 ἧν
367 784 471 912 ῦλαὸς
483 832 684 915 ἐπιγινώσκων
696 862 763 917 ῳω-
794 840 942 919 ποταμοῦ.
969 840 992 878 ¹¹
1005 833 1082 918 αῦτη
1098 831 1116 919 ἢ
1129 831 1256 916 διαταγη
1269 838 1323 917 της
1337 838 1404 898 ε’πι-

157 925 208 1007 νην
222 930 366 1007 σημασίας
379 917 620 1005 τηςεύηροσύνης
632 917 696 983 σἰπὸ
711 924 763 1002 τῆς
794 920 918 1001 στολῆς,
942 909 977 1001 ἧς
1002 917 1180 983 ἀπέστειλαν
1202 917 1279 1002 πρὸς
1296 914 1401 982 αὐτόν.

158 1010 257 1111 ῳοννης
274 1010 330 1069 τοῦ
348 1006 506 1086 κλαυθμοῦ
522 1007 577 1068 τοῦ
596 1002 688 1076 λαοῦ,
715 998 762 1066 ότι
792 1000 869 1087 πρὸς
883 1000 1086 1084 Ἆρθαοασθὰ
1097 1002 1222 1087 βασιλέα
1236 999 1334 1073 παῖδές
1346 1024 1402 1063 σου

157 1089 261 1164 ολαὸς
281 1084 442 1171 ίκραύγασε
459 1091 542 1168 φωνῆ
559 1081 686 1176 μεγάλη,
711 1086 764 1149 καί
794 1083 895 1170 άνδρες
903 1087 998 1170 πέραν
1011 1089 1065 1148 τοῦ
1073 1087 1222 1165 ποταμοῦ.
1235 1079 1402 1160 12γνωστὸν

157 1169 275 1256 ν’χφωνίη
291 1168 414 1255 ι’χκούετο
428 1174 482 1245 ἕως
495 1158 556 1234 άπὸ
568 1167 730 1253 μακρόθεν.
794 1169 872 1232 ἔστω
891 1172 935 1250 τῷ
952 1168 1079 1253 βασιλεῖ,
1106 1164 1153 1231 ὅτι
1172 1170 1202 1232 οῖ
1212 1165 1352 1231 Ἰουδαῖοι
1371 1169 1404 1230 οἱ

351 1259 383 1318 Κ
395 1261 424 1316 E
437 1259 475 1315 Φ.
519 1247 569 1316 Δ’.
794 1247 954 1338 ἀναβάντες
972 1248 1035 1315 άπὸ
1053 1254 1109 1315 σοῦ
1124 1245 1200 1333 πρὸς
1218 1245 1294 1332 ἡμᾶς
1307 1247 1402 1332 ἤλθο-

157 1303 241 1402 Καὶ
251 1335 383 1418 ἤκουσαν
396 1341 427 1399 οἱ
435 1334 589 1422 θλίβοντες
597 1330 701 1399 Ἰούδα
711 1334 762 1397 καί
794 1354 851 1398 σαν
876 1338 915 1408 εἷς
939 1330 1130 1419 Ἰερουσαλὴμ
1157 1329 1210 1415 την
1233 1327 1324 1396 πόλιν
1348 1331 1403 1415 την

157 1422 310 1500 Βενιαμίν,
329 1416 375 1482 ότι
389 1420 449 1483 υἱοί
464 1425 516 1502 τῆς
528 1415 667 1492 ἀποικίας
679 1421 762 1481 οἰκο-
794 1410 962 1482 άποοτάτιν
981 1419 1032 1482 καί
1049 1415 1198 1501 πονηρὰν,
1223 1411 1261 1498 ἣν
1282 1416 1401 1480 οἰκοδο-

157 1506 297 1586 δομοῦσιν
309 1499 393 1565 οἶκον
404 1505 447 1583 τῷ
458 1506 549 1585 κυρίῳ
558 1497 762 1583 θεῷἸσραηλ,
793 1504 891 1582 μοῦσι.
917 1501 970 1564 καί
988 1499 1027 1564 τά
1045 1505 1123 1582 τείχη
1145 1497 1237 1581 αὐτῆς
1260 1522 1399 1584 κατηρτι-

156 1587 240 1650 2καί
263 1582 387 1666 ἤγγισαν
413 1582 490 1669 πρὸς
515 1578 686 1668 Ζοροβάβελ
712 1584 763 1646 καὶ
795 1587 885 1665 σμένα
900 1584 967 1657 είσί,
991 1585 1043 1648 καί
1054 1581 1206 1663 θεμελίους
1219 1581 1314 1664 αὐτῆς
1325 1576 1400 1646 άνύ-

157 1666 235 1753 πρὸς
247 1666 316 1741 τοῦς
328 1665 475 1750 άρχοντας
487 1671 547 1730 τῶν
558 1669 702 1750 πατριῶν,
712 1667 763 1730 καί
795 1685 909 1748 ψωσαν.
935 1668 962 1709 ¹³
975 1670 1027 1733 νῦν
1044 1654 1099 1730 οῦν
1114 1663 1246 1744 γνωστὸν
1264 1668 1344 1729 έστω
1356 1669 1400 1748 τῷ

157 1751 242 1816 εἶπον
278 1748 391 1824 αὐτοῖς.
433 1743 659 1833 σίκοδομησομεν
694 1746 758 1832 μεθ’
793 1750 920 1834 βασιλεῖ,
943 1745 995 1815 ,ότι
1012 1745 1064 1814 ἐάν
1081 1745 1199 1832 ἡπόλις
1211 1752 1305 1831 ε’κείνη
1318 1746 1399 1814 άνοι-

157 1831 247 1915 ὑμῶν,
261 1829 307 1897 ότι
321 1829 361 1906 ὡς
375 1830 452 1913 ῦμεῖς
465 1835 637 1916 έκζητοῦμεν
646 1835 690 1915 τῷ
698 1835 762 1913 θεῷ
794 1833 959 1926 κοδομηθῇ,
978 1834 1030 1897 καί
1041 1829 1080 1896 τά
1094 1837 1170 1916 τείχη
1184 1830 1276 1915 αὐτῆς
1288 1856 1400 1915 καταρ-

156 1915 249 2019 ημιῦν,
261 1917 313 1980 καί
323 1912 406 1998 αὐτῷ
420 1913 500 2017 ίχμεῖς
514 1911 688 2020 θυσιάζομεν
699 1913 761 1980 άπό
795 1920 930 1991 τισθιῦσι,
951 1913 1039 2001 φόροι
1052 1913 1108 1981 ούκ
1121 1919 1241 1981 ἔσονταί
1252 1940 1311 1989 σοι,
1331 1913 1401 1980 οὐδὲ

155 2005 269 2085 ημεριῦν
288 1997 455 2084 Ἀσαραδαν
471 1997 616 2085 βασιλέως
635 1997 761 2082 Ασσοῦρ
793 1995 930 2064 δώσουσι.
943 2001 994 2064 καί
1004 2003 1095 2064 τοῦτο
1103 1999 1229 2085 βασιλεῖς
1241 2009 1401 2074 κακοποιεῐ,

155 2088 210 2148 τοῦ
229 2085 395 2160 ἐνέγκαντος
410 2077 486 2166 ἡμᾶς
504 2073 568 2147 ὧδε.
606 2084 685 2146 3καί
702 2081 762 2146 εἶπε
794 2081 822 2123 ¹⁴
836 2084 888 2146 καί
900 2081 1108 2167 ἀσχημοσύνην
1122 2083 1266 2168 βασιλέως
1279 2079 1335 2145 οὐκ
1349 2085 1401 2159 ἔξ-

155 2163 231 2252 πρὸς
256 2162 365 2241 αὐτούς
381 2162 554 2253 Ζοροβάβελ
576 2166 628 2229 καὶ
650 2163 762 2248 Ἰησοῦς
793 2189 869 2229 εστιν
882 2161 947 2249 ἡμῖν
961 2168 1039 2231 ίδεῒν.
1063 2166 1112 2230 διά
1124 2170 1214 2231 τοῦτο
1228 2168 1401 2248 ἐπέμψαμεν

156 2252 207 2314 καί
224 2252 255 2314 οί
267 2244 445 2314 κατάλοιποι
457 2255 517 2314 τῶν
534 2245 685 2333 άρχόντων
700 2252 762 2313 τῶν
793 2250 844 2313 καὶ
868 2251 1063 2335 ἐγνωρίσαμεν
1084 2255 1128 2313 τεῦ
1147 2249 1275 2336 βασιλεῖ,
1312 2253 1339 2293 ¹⁵
1352 2255 1402 2314 ἵνα

154 2337 290 2418 πατριῶν
307 2335 364 2396 τοῦ
385 2329 515 2418 Ἰσραήλ.
555 2332 609 2418 οὐχ
624 2328 694 2416 ἡμῖν
711 2333 763 2397 καὶ
793 2334 988 2416 έπιοκέψηται
1013 2338 1044 2398 ἐν
1060 2316 1155 2419 βίβλῳ
1176 2331 1400 2416 ὑπομνηματισ-

156 2412 224 2498 ῦμίν
247 2420 304 2482 τοῦ
322 2416 516 2520 οἰκοδομῆσαι
535 2415 619 2480 οίκον
634 2420 678 2499 τῷ
696 2419 762 2498 θεῷ
792 2419 852 2498 μοῦ
870 2420 931 2481 των
946 2418 1086 2503 πατέρων
1102 2442 1172 2493 σου,
1197 2419 1249 2482 καὶ
1267 2412 1400 2504 εὑρήσεις,

154 2499 249 2584 ἡμῶν,
277 2497 323 2564 ὅτι
336 2494 415 2582 ἡμεῖς
428 2504 518 2565 αυτοὶ
531 2502 580 2564 ίπί
592 2497 703 2564 τοαυτὸ
717 2503 761 2564 σί-
794 2500 846 2563 καλ
857 2496 972 2594 γνώση,
998 2496 1044 2564 ότι
1063 2497 1081 2583 ἢ
1099 2499 1186 2576 πόλις
1204 2504 1295 2585 ἐκείνη
1313 2498 1400 2575 πόλις

153 2579 350 2666 κοδομησομεν
362 2588 405 2665 τῷ
418 2590 510 2668 κυρίῳ
523 2588 587 2666 θεῷ
599 2579 696 2667 ἡμῶν,
722 2578 762 2656 ὡς
794 2579 967 2659 άποστάτις,
988 2586 1039 2648 καὶ
1051 2588 1259 2651 κακοποιοῦσα
1272 2584 1400 2689 βασιλεῖς

154 2665 316 2731 ἐνετείλατο
327 2665 394 2748 ἡμῖν
400 2672 501 2751 Κῦρος
509 2664 527 2731 ὃ
536 2665 672 2752 βασιλεῦς
681 2672 762 2750 Περ·
794 2668 844 2729 καί
856 2665 968 2752 χώρας,
993 2668 1046 2732 καί
1058 2670 1209 2751 φυγαδείαι
1223 2668 1343 2734 δουλων
1354 2674 1401 2746 γί-

156 2754 225 2813 σῶν.
249 2749 331 2812 4καὶ
348 2738 383 2831 ἦν
400 2746 504 2823 ὁλαός
522 2755 573 2831 τῆς
585 2755 638 2831 γῆς
651 2745 763 2813 ἐκλύων
795 2773 894 2815 νονται
919 2754 950 2814 ἕν
975 2752 1057 2834 μέσῳ
1084 2751 1175 2837 αὐτῆς
1200 2749 1261 2817 άπὸ
1287 2748 1401 2836 ἡμεροῦν

154 2831 208 2905 τὰς
220 2842 315 2915 χεῖρας
326 2836 380 2895 τοῦ
391 2831 471 2895 λαοῦ
479 2827 591 2907 Ἰούδα,
602 2834 651 2896 καί
662 2826 763 2896 ἐνειτό-
795 2837 914 2909 αίιῦνος,
933 2834 983 2899 διά
996 2840 1093 2899 ταῦτα
1110 2834 1128 2919 ίχ
1141 2831 1226 2918 πόλις
1240 2833 1316 2917 αῦτη
1329 2838 1399 2920 ἡρη-

154 2916 232 2989 διζον
244 2911 355 2987 αύτούς
366 2915 538 2996 οἰκοδομεῖν,
551 2916 623 2979 ὅκαὶ
633 2911 762 2995 μισθοῦ·
794 2912 892 3001 μάθη.
907 2919 935 2961 ¹⁶
940 2922 1114 3019 γνωρίζομεν
1127 2917 1182 2985 ούν
1194 2916 1271 3000 ἧμεῖς
1281 2923 1325 2999 τῷ
1342 2923 1399 3002 βα-

153 3021 235 3079 μενοι
264 2994 309 3059 ἐπ’
340 2993 453 3070 αὐτούς
476 2995 682 3084 βουλευόμενοι
707 3003 761 3063 τοῦ
796 3001 882 3076 σιλεῖ,
898 2997 943 3066 ὅτι
958 3000 1125 3086 άνηπόλις
1136 3004 1227 3083 ἐκείνη
1238 3001 1398 3082 οἰκοδομη-

154 3074 339 3144 διασκεδάσαι
357 3078 465 3164 βουλίην
478 3078 579 3146 αὐτῶν
597 3077 695 3156 πάσας
708 3080 761 3158 τὰς
793 3090 855 3166 θη,
880 3086 931 3149 καὶ
949 3084 989 3151 τά
1001 3092 1079 3191 τείχη
1094 3081 1183 3164 αῦτῆς
1194 3085 1396 3172 καταρτισθῇ,

154 3159 263 3247 ἡμέρας
275 3159 382 3247 Κύρου
394 3162 537 3248 βασιλέως
549 3169 686 3248 Περσῶν,
711 3170 762 3231 καὶ
794 3150 848 3236 ούκ
861 3171 923 3234 ἔστι
941 3195 986 3233 σοι
999 3173 1100 3272 είρηνη.
1124 3166 1213 3229 17καί
1227 3162 1397 3227 ἀπέστειλεν

154 3251 210 3319 ἕως
220 3244 369 3330 βασιλείας
383 3250 511 3328 Δαρείου
522 3249 667 3333 βασιλέως
681 3256 761 3335 Περ-
793 3250 810 3318 ὁ
830 3249 965 3337 βασιλεύς
984 3277 1058 3338 προς
1070 3247 1178 3329 Ῥεοῦμ
1195 3246 1328 3330 Βαλτὰμ
1347 3250 1399 3311 καί

154 3333 223 3392 σών.
236 3329 309 3394 6καί
321 3331 496 3479 ἒνβασιλείᾳ
505 3327 697 3417 Ἀοσουήρου,
711 3335 760 3398 καί
793 3336 911 3420 Σαμψά
923 3337 1098 3420 γραμματέα
1112 3329 1243 3406 καὶτοὺς
1254 3331 1398 3396 καταλοί-

153 3417 184 3478 3⁹
196 3409 272 3519 ἆθβῇ
283 3418 354 3500 βασι
387 3422 433 3490 ἰαί
445 3414 539 3482 αὗῐοῧ
552 3420 689 3502 ἔγραψαν
697 3420 760 3481 έπι-
793 3446 868 3494 πους
887 3416 1066 3495 συνδούλους
1086 3414 1186 3482 αύτιῦν
1201 3415 1271 3491 τοῦς
1284 3420 1400 3481 οἰκοῦν-

154 3497 266 3581 στολην
284 3500 334 3563 ἐπὶ
353 3503 511 3575 οἰκοῦντας
524 3498 627 3565 Ἰούδα
642 3503 693 3574 καί
706 3498 761 3564 ‘It-
794 3529 846 3578 τας
869 3505 899 3566 έν
918 3509 1079 3589 Σαμαρείᾳ
1098 3499 1236 3575 καὶτοὺς
1254 3499 1399 3565 καταλοί-

153 3578 314 3664 ρουσαλήμ.
343 3586 356 3627 7
369 3584 420 3648 καί
432 3585 463 3647 ἐν
475 3580 594 3667 ἡμέραις
606 3582 762 3669 Ἀρθασα-
793 3613 868 3662 πους
881 3589 977 3666 πέραν
989 3591 1046 3651 τοῦ
1059 3589 1200 3666 ποταμοῦ
1212 3580 1332 3668 εἰρήνην.
1350 3582 1400 3647 καί

155 3661 219 3727 σθόι
245 3669 374 3749 ἔγραψεν
398 3669 430 3729 έν
455 3663 552 3758 εἰρήνη
571 3665 761 3760 Μιθραδάτη
793 3676 893 3754 φησίν.
912 3672 941 3712 ¹⁸
956 3666 974 3734 ὁ
988 3665 1154 3754 φορολόγος
1167 3663 1201 3733 δν
1214 3665 1400 3733 ἀπεστείλατε

158 3745 274 3890 Ταβεηλ
299 3750 430 3823 καὶτοῖς
447 3748 562 3824 λοιποῖς
580 3749 759 3826 συνδούλοις.
791 3754 867 3838 πρὸς
891 3750 967 3837 ἡμᾶς
985 3749 1100 3836 ε’κληθη
1125 3755 1294 3837 ἔμπροσθεν
1319 3752 1400 3833 ἐμοῦ,

153 3855 195 3911 πρ
217 3854 231 3902 ς
259 3826 460 3911 Ἀρθασασθά
484 3832 608 3919 βασιλέα
634 3840 761 3919 Περσῶν
793 3839 884 3901 19κοιλ
906 3834 976 3921 παρ’
1000 3839 1075 3920 ἐμοῦ
1091 3839 1184 3919 ἐτέθη
1208 3831 1325 3918 γνιύμη,
1350 3837 1401 3898 καὶ

155 3914 284 4012 ἔγραψεν
295 3910 312 3974 ὁ
326 3910 494 3997 φορολόγος
506 3915 625 3998 γραφὴν
635 3919 761 3999 Συριστί
792 3917 1018 4002 ἐπεσκεψάμεθα
1031 3921 1083 3984 καί
1096 3916 1232 4003 εὕραμεν,
1250 3915 1296 3983 ότι
1310 3914 1329 4001 ἢ
1342 3916 1396 3982 πό-

154 3995 205 4057 καλ
222 3999 439 4078 ηρμηνευμένην.
478 3996 612 4081 8Ῥεοῦμ
628 3997 760 4081 Βαλτάμ
792 4001 835 4077 λις
852 4007 944 4086 ἐκείνη
962 4000 1013 4083 ἀφ’
1028 4001 1143 4089 ἡμερῶν
1162 4005 1270 4077 αἰῶνος
1282 4004 1333 4068 ἐπί
1343 4005 1401 4087 βα-

154 4077 205 4140 καὶ
227 4078 345 4160 Σαμψά
371 4076 389 4142 ὁ
412 4078 597 4164 γραμματεὺς
621 4083 760 4165 ἔγραψαν
793 4085 877 4160 σιλεῖς
890 4088 1059 4171 ἐπαίρεται,
1086 4090 1137 4151 καί
1156 4082 1338 4159 ἀποστάσεις
1351 4087 1402 4149 καί

151 4158 311 4262 ἐπιστολὴν
327 4167 397 4242 μίαν
414 4162 492 4229 κατὰ
506 4163 698 4249 Ἰερουσαλὴμ
715 4171 760 4249 τῷ
792 4170 947 4250 ηιυγαδείαι
959 4177 1089 4247 γίνονται
1103 4173 1134 4234 έν
1146 4168 1232 4245 αῦτη.
1247 4171 1334 4234 20καί
1344 4172 1402 4254 βα-

146 4241 369 4347 ιΑρθμσασθόιι
383 4247 503 4329 βασιλεῖ.
542 4249 557 4290 ⁹
576 4243 645 4312 τάδε
671 4254 759 4333 έκρινε
792 4253 880 4330 σιλεῖς
905 4255 1019 4360 ἰσχυροί
1038 4257 1173 4332 ἐγένοντο
1196 4237 1227 4318 έν
1247 4249 1401 4338 Ἰερουσα-

158 4332 253 4409 Ρεσυμ
263 4327 392 4392 Βαλταν
404 4328 579 4414 καὶΣαμψά
595 4327 759 4415 ὁγραμμα-
791 4332 848 4420 λίχμ
855 4385 865 4412 ,
890 4364 941 4401 και
958 4341 1182 4422 ἐπικρατοῦντες
1201 4333 1271 4418 ὅλης
1283 4340 1336 4410 τ”ς
1347 4336 1400 4399 πέ-

152 4409 216 4510 ρεὺς
247 4414 296 4475 καί
332 4414 362 4475 οῖ
396 4409 571 4479 κατάλοιποι
607 4412 759 4483 σύνδουλοι
791 4443 846 4503 ραν
860 4425 916 4484 τοῦ
933 4426 1091 4501 ποταμοῦ,
1117 4423 1168 4485 καί
1181 4416 1269 4502 ψόροι
1283 4449 1306 4485 π
1335 4414 1401 4506 ’ρεις

150 4494 667 4586 ημῶν,Λὲεναῖὸε,Ἀῳαρσαθαχαῖοι,
677 4508 758 4587 Ταρ-
792 4504 841 4568 καὶ
851 4507 942 4588 μέρος
961 4503 1094 4568 δίδονται
1109 4502 1220 4577 αύτοῖς.
1246 4506 1271 4544 ²¹
1285 4507 1337 4568 καί
1350 4507 1401 4566 νῦν

1330 4589 1402 4651 θέτε
