2924 4972
157 214 223 284 896
502 211 804 274 ισνσιεινεκ
847 197 1062 283 μέμψιν.
1219 200 1255 273 ⁸,

496 331 504 352 ‘
537 330 557 393 ἀ
599 327 759 413 ρτάνουσα,
793 327 982 411 πλεονασμὸν
1005 323 1062 389 ούκ
1075 324 1185 409 ἔλαβε,
1209 320 1412 407 δικαιοσύνην

154 345 210 424 μοι’
234 342 314 402 εἰσιν.
342 331 359 417 ή
386 330 468 418 ψυχή
491 359 509 456 η
1225 403 1232 424 ,

156 419 232 504 αάτη
246 417 456 485 ἀποθανεῖται.
521 408 539 476 5
570 413 761 495 εάνθραιπος
793 415 925 493 ἐποίησε,
938 409 1028 473 καίέν
1042 419 1108 482 τοῖς
1117 413 1333 490 προςταγμασί
1353 432 1413 489 μου

158 504 192 580 ὃς
204 509 289 569 ἔσται
308 501 435 572 δίκαιος,
461 494 588 561 ὁποιῶν
606 492 696 581 κρίμα
710 495 762 558 καί
793 489 957 578 ἐπορεύθη,
983 489 1022 556 ού
1040 486 1204 573 τελευτήσει
1227 491 1260 554 ίν
1273 488 1413 566 ἀδικίαις

160 579 354 667 δικαιοσύνην,
379 583 395 624 ⁰
408 583 531 645 ἐπὶτῶν
544 578 639 682 ὀρέων
652 575 688 642 οὗ
702 574 762 658 φά-
793 576 910 681 πατρὸς
924 574 1036 650 αὐτοῦ,
1062 576 1125 664 ζωῇ
1141 569 1271 656 ζήσεται.
1300 574 1332 616 ¹⁸
1346 573 1365 639 5
1378 575 1414 640 δὲ

159 695 250 750 μεται,
265 663 399 738 καὶτοὺς
418 661 598 746 ὀφθαλμούς
616 657 760 727 αίιτούοά
794 683 895 744 πατηρ
913 656 1010 723 αὐτοῦ
1031 653 1083 722 ίάν
1102 654 1209 735 θλίψει
1227 656 1337 750 θλίψη
1359 663 1415 724 καί

184 746 311 839 ήίπάρη
324 746 401 832 πρὸς
413 746 452 810 τά
471 745 666 830 ἐνθυμήματα
678 744 763 807 οἴκου
796 740 920 835 ἀρπάση
942 738 1098 827 ἅρπαγμα,
1117 743 1239 805 ἐναντία
1262 741 1415 826 ἐποίησεν

165 822 353 921 Ισραήλ,’καί
367 828 420 915 τήν
431 840 558 906 γυναῖκα
570 833 624 894 τοῦ
636 828 764 909 πλησίον
795 829 826 891 ἐν
838 829 919 908 μέσῳ
931 828 988 888 τοῦ
1000 822 1078 888 λαοῦ
1089 848 1160 905 μου,
1173 823 1224 887 καί
1234 819 1417 892 ἀποθανεῖ-

162 917 258 985 αύτοῡ
273 914 309 981 ού
321 909 473 1018 μήμιάνη,
487 914 537 976 καὶ
549 910 626 996 πρὸς
637 920 765 988 γυναῖκα
796 934 845 973 ται
856 912 888 973 ἐν
898 911 938 999 τῇ
951 906 1053 988 ἀδικίᾳ
1066 907 1173 971 αὐτοῦ.
1199 906 1295 970 19καί
1309 910 1416 994 ίρεῖτε.

161 1006 192 1067 έν
206 999 326 1085 ἀψέδρῳ
341 1021 435 1062 ουσαν
445 983 485 1060 ὀὐ
498 1004 671 1080 προςεγγιεῒ,
694 993 766 1058 ’καί
797 998 828 1056 τί
835 986 883 1056 ὅτι
896 994 951 1054 οὐκ
970 991 1077 1076 ἐλαβεν
1094 988 1149 1074 τήν
1166 987 1287 1053 ἀδικίαν
1308 990 1328 1056 5
1350 991 1417 1070 υίὸς

162 1072 766 1170 ἀνθρωποιοίιμήκαταδυναστεύση,ένε-
798 1079 853 1141 τού
869 1069 1002 1160 πατρός,·
1030 1069 1079 1137 ὅτι
1098 1071 1116 1138 5
1136 1070 1201 1148 υίὸς
1218 1072 1418 1161 δικαιοσύνην

181 1163 314 1252 υρασμὸν
333 1163 505 1268 ὀῳείλοντος
527 1157 689 1235 ἀποδώσει,
716 1160 767 1224 καὶ
799 1158 851 1222 καί
863 1157 947 1232 ἕλεος
963 1162 1115 1241 πεποίηκε.
1141 1151 1245 1221 πάντα
1263 1157 1308 1220 τὰ
1327 1157 1418 1242 νόμι-

163 1250 307 1356 ιίρπαμμα
333 1272 387 1332 ουχ
413 1244 557 1330 ἀρπάται.
594 1242 647 1309 τὸν
672 1241 768 1328 ἀρτον
799 1237 842 1324 μά
854 1266 912 1324 μου
925 1235 1112 1324 συνετήρησε,
1137 1241 1418 1323 καίίποίησεναά-

164 1337 262 1401 αυτοῦ
276 1334 320 1414 τῷ
333 1334 471 1395 πεινῶντι
484 1325 581 1404 δῶσει,
595 1327 647 1392 καί
658 1323 768 1408 γυμνὸν
801 1321 849 1388 τά.
877 1319 1077 1416 ζωήζήσεται.
1115 1320 1179 1406 ²⁰51
1197 1321 1231 1386 δὲ
1244 1324 1331 1409 ψυχή
1346 1323 1365 1411 ἢ
1380 1325 1419 1391 ἀ.

164 1444 202 1484 πε
222 1415 325 1503 ιβαλεί,
349 1414 429 1476 8καί
450 1409 487 1476 τὸ
509 1406 649 1496 ἀργύριον
672 1408 768 1474 αὐτοῦ
799 1403 997 1492 μαρτάνουσα
1019 1404 1230 1471 ἀποθανεῖται.
1268 1403 1341 1473 ὅδὲ
1353 1409 1417 1486 υίὸς

164 1505 217 1566 ἐπι
230 1494 309 1580 τόκῳ
329 1494 366 1561 ού
386 1491 491 1570 δῶσιν,
517 1496 568 1558 καί
580 1490 768 1573 πλεονασμὸν
803 1489 840 1556 οίι
861 1487 986 1572 λήψεται
1003 1485 1057 1574 τήν
1073 1487 1190 1554 ἀδικίαν
1207 1492 1267 1554 τού
1284 1490 1416 1579 πατρὸς,

164 1582 200 1649 ού
215 1578 349 1666 λήψεται.
373 1578 425 1641 καί
442 1579 472 1653 ἐξ
490 1574 604 1650 ἀδικίας
618 1573 768 1659 ἀποστρέ-
802 1572 872 1640 οὐδὲ
893 1572 910 1637 5
934 1571 1037 1659 πατήρ
1064 1567 1192 1655 λήψεται
1214 1570 1271 1657 τήν
1294 1573 1416 1643 ἀδικίαν

165 1685 215 1750 ψει
240 1662 294 1746 τήν
315 1673 396 1746 χεῖρα
421 1657 528 1734 αὐτοῦ,
541 1661 630 1746 κρίμα
654 1659 770 1723 δίκαιον
803 1662 860 1722 τοῦ
874 1659 950 1720 υίοῑι.
976 1651 1146 1739 δικαιοσύνη
1168 1655 1276 1740 δικαίῳ
1294 1659 1343 1725 ἐπ’
1359 1659 1416 1726 αὖ.

165 1743 282 1832 ποιήσει
301 1745 448 1826 ἀναμέσον
466 1741 574 1830 ἀνδρὸς
592 1743 643 1808 καί
656 1740 769 1824 ἀναμέ-
803 1737 856 1806 τὸν
869 1742 963 1815 ἔσται,
977 1741 1029 1805 καί
1049 1737 1161 1819 ἀνομία
1175 1734 1281 1825 ἀνόμῳ
1295 1740 1344 1809 ἐπ’
1360 1742 1415 1808 αὖ·

165 1857 219 1898 σον
243 1833 298 1895 τοῦ
323 1829 450 1911 πλησίον
475 1825 581 1902 αὐτοῦ,
605 1826 686 1889 9καί
707 1834 770 1897 τοῖς
803 1822 857 1889 τὸν
870 1826 961 1888 ἔσται.
986 1824 1076 1887 21καί
1094 1820 1112 1885 5
1130 1820 1247 1905 ἀνομος
1261 1821 1316 1890 ἐάν
1333 1823 1412 1892 ἀπο·

165 1911 380 2000 προστάμμασί
391 1935 449 1991 μου
462 1904 653 1994 πεπόρευται,
667 1908 718 1972 καί
731 1906 769 1970 τά
804 1909 919 1993 στρέψη
932 1910 964 1970 ἐκ
976 1909 1085 1970 πασῶν
1094 1909 1156 1970 τῶν
1169 1904 1306 1990 ἀνομιῶν
1316 1906 1410 1974 αύτοῦ

167 1989 351 2076 δικαιώματά
359 2017 419 2074 μου
430 1987 691 2071 πεψύλακται,τοι”ι
699 2015 769 2054 ποι·
804 1982 846 2054 ῶν
858 1995 989 2073 ἐποίησε,
999 1989 1051 2053 καὶ
1062 1988 1231 2073 φυλάξηται
1243 1989 1349 2070 πείσας
1360 1992 1414 2070 τὰς

166 2084 239 2164 ἧσαι
253 2075 340 2142 αάτυί.
367 2074 480 2148 δίκαιος
499 2065 592 2148 οὗτός
605 2076 682 2148 ἐστι,
708 2074 770 2166 ζωῇ
804 2073 924 2147 ίντολάς
934 2098 1009 2154 μου,
1034 2073 1087 2136 καί
1097 2070 1209 2166 ποιήση
1223 2075 1414 2182 δικαιοσύνην

166 2158 300 2264 ζήσεται,
326 2157 399 2234 λέγει
413 2151 521 2242 κύριος.
535 2158 564 2201 ¹⁰
577 2156 628 2220 καί
640 2153 693 2221 ἐὰν
705 2178 770 2233 μιν·
803 2161 854 2222 καί
866 2155 961 2230 ἔλεος,
975 2157 1037 2248 ζωή
1048 2151 1181 2239 ζήσεται,
1205 2161 1259 2224 καί
1270 2157 1307 2224 οὗ
1320 2157 1361 2244 μή
1375 2187 1413 2224 α-

167 2269 240 2329 νηση
255 2237 448 2321 υίὸνλοιμὸν,
484 2242 621 2325 ἐκχέοντα
634 2239 707 2323 αάια
720 2239 772 2303 καί
803 2235 939 2346 ποθάνη.
962 2234 1106 2304 22πάντα
1123 2246 1163 2306 τὰ
1175 2241 1412 2328 παραπτώματα

167 2315 317 2394 ποῶῦντα
334 2318 544 2408 ἁμαρτήματα,
569 2326 593 2364 ¹¹
608 2326 639 2387 ἐν
657 2326 695 2416 τῇ
709 2320 771 2405 ὁδῷ
805 2321 899 2388 αὐτοῦ
912 2347 972 2388 οσα
985 2326 1116 2408 ἐποίησε,
1131 2323 1168 2389 οὐ
1181 2323 1411 2410 μνησθήσονται.

167 2416 223 2476 τοῦ
246 2406 361 2494 πατρὸς
382 2404 477 2471 αὐτοῦ
499 2409 556 2471 τοῦ
578 2406 695 2472 δικαίου
717 2402 772 2470 οὐκ
804 2410 835 2472 lv
858 2410 897 2503 τῇ
924 2402 1076 2473 δικαιοσύν
1121 2401 1256 2500 away}
1281 2414 1412 2495 ἐποίησε,

167 2488 331 2578 ἐπορεύθη,
346 2489 426 2554 ἀλλά
454 2491 505 2554 καί
518 2491 567 2554 ἐπί
591 2493 653 2553 τῶν
677 2487 772 2573 ὀρέων
805 2485 930 2574 ζήσεται
964 2491 993 2531 ²¹
1007 2487 1047 2594 μή
1070 2433 1185 2576 ἀελήσει
1206 2487 1333 2593 θελήσω
1357 2493 1415 2558 τὸν

168 2581 274 2661 ἔφαγε,
301 2576 352 2639 καί
365 2573 418 2657 τήν
428 2584 557 2651 γυναῖκα
574 2577 630 2638 τοῦ
644 2573 772 2681 πλησίον
804 2572 942 2639 θάνατον
954 2577 1011 2638 τοῦ
1024 2571 1227 2658 ανόμου,λένει
1239 2597 1352 2655 κυριος,
1367 2573 1412 2649 ῶς

169 2661 265 2727 αὐτοῦ
278 2661 391 2740 ἐμίανε,
418 2660 444 2698 ¹²
458 2660 508 2722 καί
519 2653 641 2742 πτωχὸν
654 2683 705 2721 και
716 2659 772 2721 πέ-
805 2653 840 2722 τὸ
854 2655 1048 2742 ἀποστρέψαι
1059 2653 1149 2723 αύτὸν
1161 2658 1192 2719 ἐκ
1201 2657 1253 2730 τῆς
1265 2653 1341 2720 ὁδοῦ
1355 2661 1413 2742 τῆς

167 2770 242 2829 νητα
265 2736 525 2816 κατεδυνάστευσε,
550 2742 601 2804 καί
627 2735 772 2844 ἅρπαγμα
806 2745 949 2826 πονηρᾶς,
962 2744 1013 2806 καί
1027 2734 1196 2835 ζήναύτάνς
1227 2738 1259 2780 ²¹
1274 2741 1304 2803 ἐν
1318 2740 1353 2805 δὲ
1367 2746 1414 2826 τῷ

167 2826 301 2913 ήρπασε,
314 2825 366 2909 καί
378 2819 572 2908 ένεχυρασμὸν
585 2822 640 2888 οάιι
652 2824 773 2888 απέδοι-
806 2822 1004 2910 ἀποστρέψαι
1022 2827 1136 2892 δίκαιον
1150 2827 1181 2888 ίκ
1195 2827 1247 2907 τῆς
1259 2823 1414 2891 δικαιοσύ·

167 2935 215 2988 κε,
227 2910 280 2974 καί
297 2911 337 2982 είς
354 2906 393 2971 τὰ
413 2907 522 2971 εἴδωλα
540 2909 630 2971 έθετο
648 2904 719 2981 τοὺς
737 2903 773 2970 ‹²›-
806 2934 856 2992 νης
871 2906 979 2984 αὐτοῦ,
1002 2911 1053 2974 καί
1065 2912 1188 2994 ποιήσαι
1202 2904 1321 2972 ἀδικίαν
1335 2907 1412 2974 κατὰ

168 2990 328 3075 ψθαλμούς
341 2990 456 3066 αὐτοῦ,
482 2989 609 3071 ἀνομίαν
620 2995 772 3073 πεποίηκε,
805 2987 907 3066 πάσας
919 2990 973 3066 τὰς
994 2990 1117 3074 ἀνομίας
1137 2988 1173 3065 ἀς
1190 2994 1333 3075 ἐποίησεν
1346 2989 1364 3057 5
1376 2991 1413 3056 ἀ-

167 3079 195 3118 ¹³
206 3073 281 3157 μετὰ
293 3074 384 3139 τόκου
403 3075 508 3149 ἔδωκε,
521 3075 572 3139 καί
585 3070 772 3155 πλεονασμὸν
807 3099 911 3159 νομος,
937 3079 1031 3140 πᾶσαι
1053 3080 1086 3140 αἱ
1110 3070 1297 3140 δικαιοσύναι
1319 3073 1414 3140 αὐτοῦ

168 3158 286 3242 ἔλαβεν.
313 3147 402 3229 οὗτος
421 3159 482 3246 ζωῇ
499 3155 536 3221 οὗ
554 3152 684 3238 ζήσεται,
710 3153 773 3221 πά-
807 3155 842 3233 ἀς
854 3161 998 3241 ἐποίησεν,
1013 3157 1050 3221 οὐ
1062 3157 1104 3242 μή
1114 3161 1302 3262 μνησθῶσιν.
1329 3161 1414 3241 &uqi

169 3265 224 3315 σας
235 3237 289 3313 τὰς
302 3234 427 3320 ἀνομίας
439 3237 552 3313 ταύτας
565 3243 695 3323 ἐποίησε,
708 3249 773 3304 θα-
805 3236 1027 3326 παραπτώματι
1040 3240 1139 3305 αὐτοῦ
1151 3268 1176 3322 ῳ
1190 3266 1238 3305 πα
1258 3244 1416 3320 ε’πεσε,καί

167 3323 250 3408 νάτῳ
264 3317 526 3408 θανατωθήσεται.
541 3321 576 3388 τὸ
590 3322 663 3404 αίμα
676 3321 773 3389 αύτοά
806 3329 835 3389 έν
848 3333 913 3396 ταῖς
926 3319 1084 3405 ἁμαρτίαις
1097 3319 1195 3386 αὐτοῦ
1209 3266 1258 3396 af}
1273 3322 1415 3412 ἥμαρτεν,

168 3406 214 3473 ἐπ’
242 3404 337 3472 αὐτὸν
364 3408 458 3471 ἔσται.
483 3406 513 3448 ¹⁴
526 3402 577 3471 ίάν
590 3406 622 3470 δὲ
646 3404 774 3508 γεννήση
806 3412 835 3473 ἰν
848 3404 951 3481 αὐταῖς
963 3403 1174 3471 ἀποθανεῖται.
1202 3408 1292 3474 δίκαι*
1306 3410 1415 3475 εἴπατε.

168 3489 243 3567 υίόν,
256 3491 307 3555 καί
319 3490 366 3581 ἴδη
379 3488 543 3565 πάοαςτάς
556 3486 704 3576 ἀμαρτίας
715 3514 772 3554 του
807 3489 843 3557 οίι
858 3484 1026 3556 κατευθύνει
1039 3488 1057 3593 ή
1078 3486 1150 3564 ὁδὸς
1163 3494 1279 3574 κυρίου.
1321 3490 1417 3559 ἀκού·

168 3572 284 3658 πατρὸς
298 3572 397 3636 αὐτοῦ
410 3572 445 3647 ἃς
459 3576 599 3656 ἐποίησε,
613 3575 664 3637 καί
677 3576 772 3659 ψοβη-
807 3598 878 3640 σατε
899 3574 937 3657 δή
958 3577 1018 3648 πᾶς
1041 3598 1059 3637 ο
1082 3572 1166 3647 οίκος
1181 3571 1317 3659 Ἰσραήλ.
1342 3575 1384 3658 μή
1399 3573 1417 3659 ή

167 3660 222 3745 θῇ,
236 3656 287 3717 καί
298 3654 337 3736 μή
350 3652 460 3738 ποιήση
473 3653 536 3720 κατ’
553 3654 657 3732 αύτάς,
682 3659 709 3699 ¹⁶
724 3659 773 3721 ἐπί
807 3654 877 3730 ὁδός
887 3682 947 3740 μου
961 3655 998 3722 οίι
1011 3665 1201 3735 κατευθυνεῖ,·
1229 3655 1327 3761 οάηίή
1341 3656 1418 3734 ὁδὸς

166 3740 228 3799 τῶν
242 3732 338 3820 ὀρέων
356 3738 391 3800 οὐ
412 3727 555 3825 βέβρωκε,
582 3740 633 3803 καὶ
651 3739 723 3815 τούς
737 3737 772 3804 ὀ·
806 3737 889 3825 ὑμῶν
901 3736 1091 3818 κατευθύνει,·
1117 3741 1148 3782 ²⁶
1160 3745 1252 3805 ἐντῶ
1264 3745 1420 3826 ἀποστρέ-

168 3817 327 3899 ῳθαλμούς
340 3819 437 3885 αὐτοῦ
451 3821 505 3886 οὐκ
519 3826 608 3888 ἔθετο
621 3827 660 3898 είς
674 3823 713 3887 τά
726 3826 772 3887 έν·
806 3845 866 3908 ψαι
890 3823 943 3890 τὸν
967 3825 1080 3889 δίκαιον
1092 3825 1124 3887 ἔκ
1150 3827 1203 3907 τῆς
1227 3806 1421 3907 δικαιοσύνης

167 3897 334 3984 θυμήματα
346 3903 430 3967 οἴκου
439 3903 574 3990 Ἰσραήλ,
588 3910 639 3970 καί
651 3904 706 3990 τήν
717 3932 771 3983 γυ·
805 3907 914 3981 αὐτοῦ,
937 3909 988 3972 καί
1001 3905 1120 3993 ποιήσει
1132 3904 1340 3992 παράπτωμα,
1366 3909 1423 3974 καί

166 3994 256 4046 ναῖκα
268 3987 325 4049 τοῦ
337 3985 465 4068 πλησιόν
484 3986 582 4053 αὐτοῦ
596 3989 651 4054 οὐκ
665 3993 771 4072 ἐμίανε,
805 3987 951 4073 ἀποθάνη
965 3995 1052 4077 ίντῶ
1060 3987 1282 4077 παραπτώματι
1293 3983 1421 4057 ῶίποί·

166 4064 438 4151 16καίάνθριοπον
457 4068 495 4135 ού
514 4067 770 4147 κατεδυνάστευσε,
804 4098 883 4160 ησεν,
896 4060 1025 4161 ένάἀτῷ
1039 4074 1248 4142 ἀποθανεῖται.
1275 4054 1310 4116 ²¹
1320 4077 1377 4140 καί
1390 4079 1422 4141 ἐν

165 4151 216 4214 καί
239 4149 438 4250 ἔνεχυρῳομόν
459 4150 514 4217 ούκ
536 4151 695 4238 ένεχύρασε,
722 4160 771 4221 καί
806 4162 849 4241 τῴ
862 4155 1060 4245 ἀποστρέψαι
1074 4158 1185 4244 ἀνομον
1197 4154 1259 4222 ἀπὸ
1274 4161 1328 4241 τής
1339 4155 1421 4224 ἀνο·

165 4228 311 4317 ἀρπανμα
324 4254 378 4313 ουχ
390 4229 518 4313 ἥρπασε,
544 4235 597 4301 τὸν
610 4237 702 4318 ἀρτον
715 4240 771 4303 αά-
803 4247 872 4324 μίας
894 4238 992 4306 αὐτοῦ
1009 4234 1050 4327 ’ἧς
1072 4245 1202 4326 ἐποίησε,
1223 4242 1274 4306 καί
1295 4239 1422 4324 ποιήσει

162 4319 220 4380 τοῦ
240 4319 285 4398 τῶ
308 4319 445 4378 πεινῶντι
468 4319 569 4390 ἔδωκε,
590 4322 641 4381 καί
661 4323 771 4402 γυμνὸν
803 4322 895 4408 κρίμα
909 4327 962 4390 καί
975 4324 1172 4410 δικαιοσύνην,
1184 4317 1339 4407 ούτοςτὴν
1351 4347 1422 4410 ψυ-

162 4399 350 4486 περιέβαλεν,
377 4398 404 4439 ¹⁷
419 4400 469 4462 καί
487 4398 549 4463 ἀπὸ
565 4399 680 4477 ἀδικίας
693 4403 770 4470 ἀπέ-
802 4410 855 4493 χήν
868 4407 967 4474 αὐτοῦ
986 4405 1123 4490 ἐφύλαξε.
1161 4409 1192 4452 ²⁸
1205 4409 1256 4474 καί
1268 4406 1421 4496 ἀπέστρε-

162 4480 339 4570 στρεψετήν
355 4492 438 4568 χεῖρα
455 4481 566 4558 αὐτοῦ,
592 4480 684 4551 τόκον
697 4489 769 4555 οὐδὲ
803 4510 858 4574 ψεν
883 4495 918 4557 ἐκ
940 4497 1048 4560 πασῶν
1079 4491 1221 4582 ἀσεβειῶν
1248 4489 1348 4559 αὐτοῦ
1376 4487 1422 4560 ῶν

1313 4580 1419 4661 5105,-
