2924 4972
183 246 248 315 ὅσα
379 241 439 300 ιτ
451 234 686 299 ΡΕΜΙΑΣ
724 227 802 313 Κεφ.
815 229 945 316 μίτρη.
957 230 1021 314 μα’.
1033 227 1085 298 47.
1100 228 1151 299 48.
1164 229 1215 300 49.

176 356 264 419 14καί
276 352 358 417 είπαν
369 348 462 433 αὐτῷ.
476 354 501 412 εί
509 344 613 426 γνώσει
622 345 781 426 γινώσκεις,
813 342 900 412 ώπου
909 344 1024 412 Βαασά
1030 346 1174 433 βασιλέως
1184 345 1318 431 Ἰσραὴλ,
1327 352 1422 414 τοῦτο

177 434 224 504 ὅτι
249 432 395 502 Βελεισσά
417 427 554 517 βασιλεὺς
579 429 643 506 υίὸς
663 428 782 514 Ἀμμών
814 428 968 513 ἐνέπλησεν
976 427 1103 514 Ἰσμαὴλ
1115 433 1318 533 τραυματιῶν.
1338 433 1424 496 10καί

178 517 330 587 ἀπέστειλε
342 512 418 601 πρός
431 515 465 580 σὲ
476 513 529 579 τὸν
543 512 668 598 Ἰσμαηλ
681 509 781 579 πατά-
813 512 997 598 ἀπέστρεψεν
1010 509 1133 597 Ἰσμαηλ
1152 537 1253 578 παντα
1270 508 1325 577 τόν
1346 513 1424 580 λαόν

178 607 226 681 ξαι
252 626 307 666 σου
334 620 379 682 ψυ
397 594 448 682 η’νς
472 600 523 662 καί
546 595 600 663 οάκ
618 600 782 663 ἐπίστευσεν
812 596 866 661 τὸν
878 595 1119 678 καταλειφθέντα
1131 600 1169 671 εἰς
1182 596 1357 680 Μασοηφά,
1372 602 1425 662 καί

179 685 281 758 αὐτοῖς
292 625 452 756 Γαδαλίας.
477 683 505 723 ¹⁵
518 684 569 745 καί
580 679 640 746 εἶπε
656 675 781 746 Ἰισάναν
813 677 867 755 τάς
878 683 1047 765 θυγατέρας
1059 684 1114 744 τοῦ
1126 677 1288 765 βασιλέως,
1312 676 1350 755 ἃς
1362 707 1426 746 πα-

178 773 224 851 τῴ
239 764 374 848 Γαδαλίᾳ
396 769 547 849 κρυφαίως
562 768 594 829 ἐν
610 768 780 848 Μασαηφᾷ.
813 767 999 847 ρακατέθετο
1013 764 1031 826 ὁ
1046 759 1249 848 ἀρχιμάγειρος
1261 768 1308 846 τῷ
1319 764 1425 830 Γοδο-

177 845 363 954 πορεάσομαι
385 848 491 930 δὴιιαλ
507 842 634 924 πατάξω
651 846 706 932 τόν
722 847 782 913 Ἰσ-
813 848 865 928 λίηι
888 850 945 930 υἱῷ
964 844 1113 931 Ἆχεικάμ,
1139 848 1192 911 καὶ
1216 845 1313 930 ᾤχετο
1330 852 1373 923 εἰς
1389 849 1425 914 τό

177 933 275 1018 μαηλ,
300 931 459 1014 καίμηδιίς
471 936 588 1008 γνιίιτω,
606 930 647 1015 μὴ
661 926 782 1023 πατάξῃ
813 933 908 1015 πέραν
928 933 1002 995 υἱοῖν
1023 926 1150 1013 Ἀμμών.
1190 933 1215 972 ¹¹
1227 931 1280 993 καί
1297 930 1425 1014 ἤκουσεν

180 1043 234 1083 σου
247 1014 362 1100 ψυχὴν,
384 1015 436 1078 καί
448 1013 601 1106 διασπαρῇ
612 1019 672 1090 πᾶς
680 1009 784 1079 Ἰοόδα
810 1008 937 1078 Ἰωάναν
961 1010 1026 1088 υίὸς
1040 1009 1158 1116 Κάρηε,
1182 1014 1234 1077 καί
1257 1008 1371 1089 πάντες
1396 1019 1426 1080 αί

179 1105 209 1165 αἱ
221 1100 391 1181 συνηγμένοι
407 1097 485 1182 πρὸς
498 1097 545 1172 σὲ,
569 1100 620 1162 καί
632 1096 781 1163 ἀπολαῦν-
814 1092 947 1180 ἡγεμόνες
963 1098 1016 1179 τῆς
1035 1096 1183 1177 δυναμεως
1195 1099 1225 1160 οἱ
1236 1098 1298 1179 μετ’
1314 1097 1425 1174 αὐτοῦ,

179 1208 230 1247 ται
245 1187 277 1245 αί
290 1177 469 1245 κατάλοιποι
483 1177 592 1245 Ἰούδα.
617 1179 784 1246 16καὶεῖπε
813 1175 914 1243 πάντα
936 1178 975 1242 τά
996 1177 1073 1243 κακά
1090 1175 1111 1244 ἀ
1128 1183 1264 1262 ἐποίησεν
1285 1177 1424 1284 Ἰσμαὴλ,

178 1264 331 1339 Γαδαλίας
346 1259 423 1349 πρὸς
438 1258 572 1330 Ἰωάναν.
597 1262 637 1347 μη
658 1260 784 1347 παιησης
814 1265 842 1304 ¹²
854 1262 907 1327 καί
930 1259 1043 1345 ἤγαγον
1065 1259 1147 1327 άπαν
1163 1259 1199 1326 τό
1218 1265 1425 1347 στρατοπεδον

178 1346 215 1412 τό
227 1351 366 1433 πρᾶγμα,
389 1342 438 1412 ὅτι
450 1346 545 1432 ψευδῆ
559 1346 597 1412 σὺ
609 1347 698 1426 λέγεις
707 1333 782 1432 ὑπέρ
815 1343 929 1423 αὐτῶν,
954 1347 1005 1409 καί
1030 1343 1145 1450 η’ίηαντα
1161 1345 1298 1427 πολεμεῖν
1316 1345 1422 1422 αὐτὸν,

177 1427 308 1514 Ἰσμαηλ.
813 1430 865 1493 καί
887 1418 974 1513 εὗραν
991 1426 1086 1494 αάταν
1103 1430 1153 1494 ἐπί
1169 1425 1280 1505 ὕδατος
1299 1429 1423 1496 πολλοῦ

261 1518 368 1577 ΚΕΦ.
389 1510 484 1577 ΜΗ’.
511 1515 738 1595 (Hebr.c.41.)
815 1514 845 1576 έν
863 1505 1005 1597 Γαβαών.
1030 1511 1121 1576 13καί
1143 1513 1271 1589 ἐγένετο,
1299 1512 1352 1578 ὅτε
1370 1513 1422 1580 είδε

178 1563 260 1661 Καὶ
272 1599 386 1672 ἐγένετο
400 1600 446 1679 τῷ
456 1597 523 1679 μηνί
533 1601 576 1678 τῷ
587 1592 713 1683 έβδόμω,
728 1585 781 1678 ἧλ-
813 1599 873 1670 παῖς
887 1591 905 1657 ό
917 1592 992 1669 λαός
1005 1591 1023 1658 ὁ
1035 1593 1109 1676 μετά
1125 1592 1247 1679 Ἰσμαηλ
1259 1592 1318 1661 τόν
1333 1595 1421 1662 Ἰωά-

178 1661 781 1761 θενἸαμαηλυίόςΝαθανίουυὶοὖίΕλεα·
814 1702 867 1742 ναν
883 1681 934 1742 καὶ
951 1677 1020 1751 τοὺς
1038 1672 1179 1761 ἡγεμόνας
1201 1682 1254 1762 τῆς
1272 1679 1421 1764 δυνάμεως

178 1760 234 1840 σά,
259 1759 322 1826 ἀπὸ
348 1764 448 1839 γένους
471 1764 527 1825 τοῦ
548 1760 707 1846 βασιλέως,
733 1765 784 1827 καὶ
813 1765 866 1843 τῆς
873 1757 932 1863 μετ’
940 1759 1049 1834 αὑτοῦ,
1059 1761 1140 1824 14καί
1149 1758 1337 1845 ἀνέστρεψαν
1345 1762 1420 1850 πρὸς

180 1847 251 1911 δέκα
269 1843 373 1928 ἀνδρες
390 1843 449 1926 μετ’
470 1843 568 1909 αὐτοῦ
585 1843 662 1929 πρός
680 1849 714 1907 Γ
711 1844 783 1909 οδο-
810 1842 946 1908 Ἰωαναν.
977 1844 1070 1907 15καί
1089 1843 1214 1945 Ἰσμαηλ
1234 1841 1337 1928 ἐσώθη
1364 1843 1420 1911 σόν

180 1930 246 1992 λίαν
270 1931 309 2001 είς
326 1927 504 2010 Μασσηφά,
531 1929 582 1990 καί
598 1932 710 2007 έίραγαν
726 1930 786 1991 ἐκεῖ
813 1924 893 1992 ὀκτώ
906 1920 1090 2008 ἀνθρώποις,
1099 1928 1150 1990 καί
1160 1926 1255 2010 ᾠχετο
1266 1926 1340 2013 πρὸς
1349 1926 1420 2004 τοὺς

180 2010 271 2093 ἀρτον
284 2006 353 2089 ἅμα.
380 2011 394 2050 ²
406 2010 457 2072 καί
470 2007 575 2092 ἀνέστη
585 2007 716 2094 Ἰσμαηλ,
733 2012 783 2074 καί
814 2006 895 2083 υἱοὺς
910 2003 1037 2091 Ἀμμών.
1062 2005 1419 2095 16καλέλαβενἿωάναν,

179 2097 209 2157 αἱ
220 2092 291 2156 δέκα
303 2090 403 2193 ἀνδρες
415 2097 447 2154 οἳ
458 2080 534 2175 ἦσαν
544 2089 601 2174 μετ’
614 2091 719 2167 αὐτοῦ,
731 2096 781 2157 καὶ
813 2094 865 2157 καὶ
881 2087 988 2167 πάντες
1006 2094 1036 2156 οἱ
1047 2086 1184 2173 ἡγεμόνες
1202 2099 1254 2176 τῆς
1274 2089 1420 2176 δυνάμεως

179 2169 331 2251 ἐπάταξαν
343 2199 395 2239 τον
405 2173 564 2250 Γαδαλίαν,
579 2170 612 2238 ὃν
621 2177 782 2259 κατέστησε
814 2179 846 2240 αἶ
856 2173 912 2257 μετ’
929 2172 1039 2251 αὐτοῦ,
1061 2176 1177 2252 πάντας
1191 2173 1261 2252 τοὺς
1274 2177 1420 2242 καταλοί-

177 2255 312 2347 βασιλεὺς
323 2256 505 2344 Βαβυλῶνος
515 2260 564 2321 ε’πὶ
575 2262 626 2340 τῆς
637 2261 699 2342 γῆς,
712 2259 783 2323 3ιιαλ
813 2283 888 2332 παυς
901 2262 956 2322 τοῦ
969 2256 1062 2334 λαοῦ,
1088 2253 1139 2331 οὓς
1158 2256 1346 2345 ἀπέστρεψεν
1358 2258 1418 2326 ἀπὸ

178 2336 293 2415 πάντας
318 2338 388 2416 τοὺς
412 2339 575 2414 Ἰουδαίους
602 2340 672 2416 τοὺς
693 2338 783 2415 ὄντας
810 2338 945 2424 Ἰσμαηλ,
958 2337 1101 2416 δυνατοὺς
1113 2340 1269 2427 άνδραςέν
1282 2343 1419 2427 πολέμῳ,

178 2422 236 2505 μετ’
253 2422 349 2488 αὐτοῦ
362 2426 392 2487 έν
404 2422 581 2506 Μασσησά,
605 2425 655 2487 καλ
666 2419 782 2498 πάντας
813 2427 865 2488 καὶ
876 2423 930 2497 τὰς
941 2433 1092 2503 γυναῖκας,
1117 2425 1167 2488 καί
1179 2423 1218 2488 τά
1230 2424 1343 2501 λοιπά,
1369 2427 1420 2491 κατ’

178 2504 248 2580 τοὺς
262 2505 438 2580 Χαλδαίους
451 2503 519 2579 τοὺς
532 2502 704 2589 εὑρεθέντας
714 2509 780 2570 ἐκεῖ.
812 2503 882 2580 τοὺς
893 2500 1064 2589 εὐνούχους,
1086 2503 1135 2580 οὓς
1147 2503 1241 2570 ἀπέστ
1259 2527 1340 2587 εψαν
1352 2506 1419 2572 ἀπό

178 2589 260 2653 4καὶ
287 2592 400 2665 ἐγένετο
426 2592 463 2672 τῆ
487 2586 581 2673 ἡμέρᾳ
600 2594 638 2680 τῇ
660 2589 781 2672 δευτέρη
812 2587 956 2674 Γαβαών,
974 2591 999 2631 ¹⁷
1011 2593 1063 2654 καί
1074 2588 1193 2674 ᾤχοντο,
1203 2613 1253 2651 και
1264 2584 1419 2653 ἐκάθισαν

178 2667 366 2747 πατάξαντος
378 2659 475 2737 αὗτόῡ
487 2670 540 2737 τόν
553 2671 717 2746 Γαδαλίαν,
730 2674 780 2736 καὶ
813 2676 843 2737 ἒν
853 2672 1103 2758 Γαβηρωχαμάα,
1125 2675 1160 2765 τῇ
1172 2669 1246 2757 πρὸς
1257 2668 1419 2755 Βηθλεὲμ,

178 2754 343 2839 ἀνθρωπος
361 2752 415 2820 οάιι
431 2758 514 2831 ἔγνω.
547 2756 626 2818 6καὶ
643 2754 781 2838 ἢλθοσαν
813 2760 870 2822 τοῦ
882 2760 1067 2840 πορευθῆναι
1080 2761 1119 2830 τίς
1130 2757 1284 2833 Αἴγυπτον
1307 2755 1336 2797 ¹⁸
1351 2752 1418 2819 ἀπὸ

177 2836 278 2919 ἀνδρες
295 2834 358 2901 ἀπό
375 2837 487 2920 Συχὲμ,
513 2838 564 2900 καί
583 2836 644 2901 ἀπὸ
663 2836 780 2920 Σαλὴμ,
812 2834 973 2925 πραςώιτου
986 2844 1048 2904 τῶν
1059 2841 1234 2914 Χαλδαίων,
1248 2835 1295 2902 ὅτι
1308 2834 1418 2925 ἐσαβη-

177 2917 304 2983 καλάπό
318 2926 504 3004 Σαμαρείας,
528 2915 714 3002 ὀγδοήκοντα
726 2922 778 2987 ἀν·
812 2933 913 3006 θησαν
939 2919 1000 2986 ἀπὸ
1031 2921 1194 3008 προςώπαυ
1220 2920 1332 2988 αὐτῶν.
1371 2919 1418 2986 ὅτι

177 3004 254 3086 δρες,
276 3004 442 3086 ἐξυρημένοι
456 2997 617 3079 πώγωνας,
642 3005 693 3069 καί
705 3004 781 3090 διεβ-
812 3000 954 3081 ἐπάταξεν
975 3003 1100 3107 Ἰσμαηλ
1119 3004 1173 3070 τόν
1189 3004 1360 3080 Γαδαλίαν,
1384 2999 1419 3068 ὃν

177 3089 312 3169 ῥηγμένοι
326 3087 365 3149 τὰ
379 3082 498 3167 ἱμάτια,
525 3088 577 3151 καὶ
592 3085 780 3169 κοπτόμεναι,
811 3090 989 3171 κατέστησεν
1008 3112 1026 3152 ο
1039 3086 1174 3173 βασιλεὺς
1185 3087 1377 3174 Βαβυλῶνος
1389 3091 1420 3152 ἐν

176 3169 227 3229 καί
237 3162 347 3248 μάννα,
374 3170 423 3231 καί
437 3168 557 3251 λίβανος
570 3172 602 3233 ἐν
614 3173 712 3252 χερσίν
725 3168 781 3235 αά-
812 3176 849 3253 τῆ
865 3175 913 3251 γῆ.

176 3253 254 3324 τών,
280 3253 336 3313 τοῦ
348 3254 505 3327 ιλςενεγκεῖν
522 3254 560 3323 είς
572 3249 655 3315 οἷκον
667 3259 779 3336 κυρίου.
831 3242 836 3264 ’
845 3301 866 3332 r
886 3241 999 3315 'sz
1025 3258 1069 3315 M
1071 3252 1119 3314 6'.
1138 3253 1254 3352 (Hebr.
1270 3278 1298 3316 c.
1313 3257 1379 3337 42.)

176 3333 255 3398 6καὶ
278 3331 403 3417 ἐξῆλθεν
427 3337 466 3409 εἲς
491 3331 655 3417 ἀπάντησιν
676 3335 780 3410 αὐτοῖς
810 3303 894 3398 Ila&
911 3332 1084 3416 προςῆλθον
1109 3356 1216 3407 παντες
1235 3339 1268 3396 αἱ
1284 3333 1418 3418 ἡγεμόνες

173 3413 395 3498 Ἰσμα“λ,αιίταί
405 3415 777 3503 ἐπαρεόοντοααίέκλαιαν.
811 3421 861 3502 της
871 3416 1027 3499 δυνάμεως,
1045 3409 1316 3491 καλ’1ωάναν,καί
1333 3420 1418 3496 Ἀζα·

174 3504 225 3563 καί
238 3445 316 3565 εόπεν
333 3499 444 3576 αὐτοῖς.
468 3502 608 3576 είςέλθετε
625 3501 700 3586 πρὸς
713 3507 778 3565 Γο-
809 3508 875 3605 ρίας
887 3497 950 3576 υίὸς
962 3505 1147 3573 Μαασαίου,
1173 3500 1224 3562 καλ
1236 3503 1300 3576 πᾶς
1313 3497 1331 3564 ό
1344 3502 1418 3576 λαός

174 3582 289 3646 δολίαν.
326 3585 339 3625 ⁷
357 3586 407 3648 καί
432 3587 561 3662 ἐγένετο,
587 3580 778 3657 εἰσελθόντων
809 3583 872 3651 από
885 3587 991 3668 μικροῦ
1003 3585 1055 3647 καὶ
1074 3587 1129 3657 ἕως
1141 3577 1288 3664 μεγάλου,
1315 3585 1418 3668 2πρὸς

173 3660 274 3726 α’ἀτῶν
286 3667 326 3738 εἷς
338 3664 374 3729 τὸ
384 3668 475 3748 μέσον
488 3671 539 3750 τῆς
547 3662 672 3745 πόλεως,
683 3671 778 3746 ἔσφα-
805 3664 948 3753 ’Ῑερεμίαν
960 3665 1015 3732 τὸν
1024 3661 1147 3750 προσιητ
1167 3691 1192 3741 ν,
1205 3666 1258 3730 καί
1267 3663 1353 3729 εἶπαν
1361 3665 1416 3729 αά-

173 3744 219 3817 ξεν
239 3742 350 3820 αὐτοὺς
367 3753 406 3823 εἷς
424 3746 460 3813 τό
478 3752 583 3836 φρέαρ.
610 3750 690 3815 Βκαί
706 3751 777 3814 δέκα
808 3755 862 3833 τῷ.
889 3751 1004 3816 πεσέτω
1027 3750 1063 3831 δη
1082 3745 1118 3814 τό
1136 3693 1219 3822 έλτος
1236 3743 1316 3831 ἡμῶν
1332 3748 1417 3814 κατὰ

173 3824 276 3909 ἀνδρες
294 3825 461 3914 εὑρέθησαν
474 3835 547 3909 ἐκεῖ,
572 3834 622 3896 καί
639 3831 721 3897 εἷπον
733 3837 777 3914 τῷ
807 3828 970 3937 πρόςωπόν
992 3858 1063 3906 σου,
1090 3832 1142 3896 καὶ
1166 3826 1322 3916 πρόςευξαι
1339 3830 1416 3917 πρὸς

170 3902 300 3993 Ἰσμαηλ.
331 3909 372 3994 μὴ
395 3912 501 3996 ἀνέλης
518 3915 608 3999 ἡμᾶς,
634 3912 681 3979 ὅτι
708 3918 777 3979 εἰσίν
807 3938 912 4000 κυριον
924 3915 978 3980 τόν
990 3913 1063 3981 θεόν
1082 3915 1223 3998 σουπερὶ
1242 3917 1304 3978 τῶν
1321 3939 1417 3979 κατα-

172 3985 239 4071 ἦμίν
264 4000 417 4078 θησαυροί
442 3986 473 4059 ἐν’
491 3994 591 4083 ἀγρῷ,
617 3999 706 4082 πυροί
724 3999 777 4061 καί
806 3997 922 4062 λαίποτν
947 3995 1071 4063 τούτων.
1112 3995 1159 4062 ότι
1185 3994 1417 4079 κατελιίφθημεν

172 4074 288 4174 κριθαί,
299 4073 365 4156 μελι
374 4079 426 4140 καί
436 4079 551 4145 ἔλαιον.
564 4083 615 4144 καί
625 4079 775 4165 παρῆλθε,
806 4077 903 4157 ὀλίγοι
916 4076 980 4144 ἀπό
988 4081 1122 4156 πολλῶν,
1133 4077 1236 4152 καθώς
1247 4080 1279 4141 οἶ
1292 4075 1416 4159 ὀφθαλ-

171 4158 223 4220 ιιαὶ
240 4181 295 4220 ουκ
314 4154 424 4222 ἀνεῖλεν
442 4160 554 4238 αὐτοὺς
572 4167 696 4246 ἐνμέσῳ
715 4168 776 4229 τών
805 4169 860 4246 μοί
871 4188 924 4229 σου
937 4163 1091 4249 βλέπουσι.
1118 4164 1196 4227 ’καί
1213 4159 1416 4238 ἀναγγειλάτω

169 4235 305 4318 ἀδελφῶν
322 4236 432 4303 αὐτῶν.
458 4245 474 4285 ⁰
488 4247 539 4308 καί
551 4245 586 4309 τό
600 4250 710 4328 φρέαρ,
736 4251 775 4322 εἰς
806 4245 873 4330 ἡμῖν
885 4246 987 4330 κύριος
1001 4242 1098 4321 όθεός
1107 4271 1165 4310 σου
1178 4242 1232 4327 τὴν
1242 4241 1315 4310 ὁδόν
1326 4237 1418 4327 ἦπο-

169 4316 187 4383 ό
211 4324 331 4407 έρῥιιγεν
356 4324 416 4386 ἐκεῖ
435 4321 558 4410 Ἰσμαὴλ
583 4325 698 4400 πάντας
720 4326 773 4404 οὓς
804 4325 973 4415 ρευσόμεθα
982 4333 1012 4395 ἐν
1023 4328 1110 4411 αὐτῇ,
1120 4332 1172 4394 καί
1183 4325 1276 4406 λόγον
1285 4316 1417 4412 ἀν’ποιή·

166 4400 303 4483 ἐπάταξε,
329 4408 424 4492 φρέαρ
437 4410 514 4491 μέγα
526 4405 618 4472 τοῦτό
632 4411 728 4486 ἐστιν,
754 4409 774 4475 ὃ
804 4437 900 4496 σομεν.
940 4412 1022 4477 4καί
1045 4400 1126 4478 εἶτ’τεν
1142 4410 1245 4484 αὐτοῖς
1266 4408 1415 4496 Ἱερεμίας

166 4487 302 4574 ἐποίησεν
318 4487 336 4555 ὃ
353 4488 488 4577 βασιλεὺς
508 4489 583 4557 Ἀσά
600 4489 663 4558 ἀπὸ
680 4518 772 4579 προς«
804 4494 934 4579 ἥκουσα,
961 4494 1027 4560 ίδοά
1046 4494 1105 4573 ἐγώ
1123 4491 1321 4582 προσεύξομαι
1339 4494 1415 4596 βττξρ

1334 4602 1416 4661 υμων
