2924 4972
302 229 670 296 ΜΑΚΚΑΒΑΙΩΝ
697 233 957 294 ΔΕΥΤΕΡΟΣ
988 229 1114 312 Κεφ.γ’.
1130 235 1161 300 3.
1291 234 1353 301 991

111 350 231 435 πλῆθος
256 356 318 415 τῶν
340 345 493 433 διαφόρων
518 345 717 434 ἐναρίθμητον
751 345 899 431 στόματος,
909 349 942 414 δι’
960 343 1002 412 ῶν
1010 348 1161 434 πρόδηλον
1172 355 1284 430 ἐγένετο
1295 363 1357 428 τοῖς

111 431 193 509 εἶναι,
206 431 309 515 καίμή
322 427 567 535 προςήκειναῦτά
580 429 717 515 πρὸςτὸν
749 436 901 517 θεωροῦσι
923 431 960 497 τὸ
987 434 1066 496 κατά
1089 436 1217 516 καρδίαν
1242 433 1358 511 ε’νεστὸς

111 521 173 581 τῶν
185 520 303 582 θυσιῶν
320 514 431 591 λογον,
456 512 528 579 ελναι
542 513 574 580 δὲ
593 510 718 580 δυνατὸν
751 514 851 593 ἀλγος.
877 516 907 559 ¹⁸
917 520 948 580 σῖ
961 516 993 580 δὲ
1011 518 1042 579 ἐκ
1055 520 1116 580 τῶν
1134 522 1236 582 οἰκιῶν
1248 517 1356 601 ἀγελη-

112 596 174 664 ῦπό
187 598 241 682 τήν
254 601 312 662 τοῦ
319 597 465 682 βασιλέως
474 599 611 671 ἐξουσίαν
618 609 717 663 πεσεῖν
751 597 805 665 δὸν
816 594 963 683 ἐξεπήδων
982 601 1034 664 ἐπί
1053 594 1209 682 πάνδημον
1222 605 1356 681 ίκετείαν,

112 679 235 746 ἅπαντα
257 685 366 744 ταῦτα.
393 681 406 722 2
421 683 561 762 συμμίξας
580 679 612 745 δὲ
630 677 648 744 ὁ
666 680 718 745 ’A-
751 679 800 748 διά
812 681 848 746 τὸ
861 682 977 764 μέλλειν
991 687 1029 757 είς
1041 678 1263 767 καταφρόνησιν
1275 687 1355 769 ὲρχε-

111 758 281 837 πολλῶνιος
294 769 337 847 τῷ
347 763 471 851 βασιλεῖ,
480 765 547 849 περί
558 769 618 828 τῶν
622 789 717 866 μηνυ-
752 776 828 830 σθαι
852 764 906 829 τὸν
929 761 1032 831 τόπον.
1057 767 1085 808 22
1101 762 1297 847 ὑπεζωσμέναι
1324 765 1357 830 δὲ

110 850 229 912 θέντων
254 845 338 929 αὐτῷ
357 845 516 948 χρημάτων
542 850 718 927 ἐνεφανιοεν.
753 847 813 913 ὑπὸ
832 847 904 922 τοὺς
920 848 1056 931 μαστοὺς
1074 852 1108 913 αῖ
1126 860 1262 927 γυναῖκες
1282 848 1356 913 σάκ-

113 928 131 997 ὂ
146 930 178 995 δὲ
190 956 447 1015 προχειρισαμενος
460 924 719 1013 Ἡλιόδωρον,τὸν
751 957 820 1006 κους
832 931 909 996 κατά
922 934 976 1007 τὰς
990 928 1079 1007 ὁδοὺς
1092 928 1255 1014 ἐπλήθυον.
1277 932 1357 996 αἰδὲ

113 1016 236 1080 ἐπὶτῶν
254 1010 454 1098 πραγμάτων,
481 1011 633 1077 ἀπέστειλε
646 1011 718 1088 δοὺς
751 1009 954 1080 κατάκλειστοι
972 1017 1033 1080 τῶν
1053 1019 1230 1099 παρθένων,
1255 1020 1288 1081 αι’
1302 1013 1355 1096 μὶν

113 1098 251 1174 ἐντολὰς,
278 1095 331 1181 τήν
342 1102 404 1161 τῶν
419 1098 635 1181 προειρημένων
639 1122 718 1225 χρη-
751 1100 922 1183 συνέτρεχον
939 1102 990 1164 ἐπί
1011 1097 1082 1173 τοῦς
1098 1099 1250 1173 πυλῶνας,
1276 1102 1310 1165 αί
1323 1099 1356 1164 δὲ

111 1178 215 1264 μάτων
236 1179 389 1283 ἐκκομιδὴν
410 1175 612 1263 ποιήσασθαι.
668 1205 717 1244 ευ-
750 1181 850 1247 έπίτά
869 1187 963 1265 τείχη,
988 1181 1061 1256 τινὲς
1080 1181 1112 1248 δὲ
1125 1180 1173 1247 διά
1189 1186 1252 1247 τῶν
1263 1187 1355 1267 θυρί-

112 1269 193 1338 θέας
215 1264 246 1328 δὲ
261 1260 287 1337 Ιὁ
314 1259 490 1347 Ηλιόδωρος
512 1264 639 1328 ἐποιεῖτο
661 1260 718 1347 τήν
750 1265 1017 1340 δωνδιεξέκυπτον.
1043 1267 1176 1331 2οπῦσαι
1189 1264 1354 1351 δὲπροτεί-

112 1351 245 1428 πορείαν,
259 1352 296 1440 τῇ
308 1348 360 1429 μὲν
380 1343 503 1431 ἔμφάσει
518 1342 621 1421 ῶςτάς
638 1345 717 1412 κατά
749 1373 854 1412 νουσαι
880 1346 934 1422 τὰς
955 1360 1052 1432 χεῖρας
1074 1352 1114 1423 εἰς
1136 1347 1191 1413 τόν
1212 1345 1354 1431 οὐρανὸν,

113 1432 216 1513 κοίλην
238 1436 352 1513 Συρίαν
376 1431 428 1496 καί
452 1435 594 1512 Φοινίκην
617 1428 717 1505 πόλεις
749 1435 907 1497 ἐποιοῦντο
925 1431 981 1515 τήν
998 1432 1154 1496 λιτανείαν.
1181 1433 1208 1473 22
1221 1432 1309 1496 ἐλεεῖν
1322 1432 1351 1496 δ’

114 1508 297 1593 ἐφοδεῦσων,
323 1518 367 1596 τῷ
379 1510 533 1600 πράγματι
551 1512 584 1579 δὲ
597 1513 650 1599 τήν
662 1518 717 1579 τοῦ
750 1504 785 1597 ήν
806 1513 861 1598 τήν
882 1517 939 1578 τοῦ
959 1512 1098 1597 πλήθους
1117 1518 1254 1599 παμμιγῆ
1275 1512 1355 1598 πρό-

76 1659 80 1666 ,
113 1597 255 1683 βασιλέως
266 1596 412 1682 πρόθεσιν
425 1595 610 1663 ἐπιτελέσων.
633 1598 717 1661 2πα-
748 1622 873 1672 πτωσιν,
886 1592 939 1683 τήν
951 1623 982 1664 τε
994 1603 1051 1664 τοῦ
1068 1595 1201 1680 μεγάλως
1214 1600 1353 1676 διαγωνι-

114 1684 283 1762 ραγενηθείς
296 1680 328 1746 δὲ
341 1675 591 1763 είςἹεροσόλυμα,
604 1682 656 1745 καὶ
668 1705 718 1761 φι-
749 1685 843 1755 ῶντος
866 1679 1023 1768 ἀρχιερέως
1045 1683 1235 1766 προςδοκίαν.
1275 1684 1304 1723 22
1325 1685 1355 1746 σί

114 1761 269 1850 λοφρόνως
282 1761 344 1828 ῦπὸ
360 1769 415 1829 τοῦ
429 1762 584 1848 ἀρχιερέως
596 1767 648 1847 τής
659 1759 716 1828 πό-
745 1764 798 1845 μέν
815 1755 871 1829 σῦν
889 1765 1091 1830 ἐπεκαλοῦντο
1112 1765 1166 1829 τὸν
1179 1760 1354 1847 παντοκρά-

113 1847 186 1922 λεως
210 1845 394 1932 ἀποδεχθεὶς,
420 1846 546 1912 ἀνέθετο
569 1849 718 1932 περὶτοῦ
747 1872 824 1931 τορα
837 1844 912 1912 θεόν
931 1847 970 1912 τά
987 1851 1201 1930 πεπιστευμένα
1219 1859 1282 1922 τοῖς
1299 1872 1353 1912 πε-

113 1929 272 2009 γεγονότος
286 1934 479 2015 ε’μφανισμοῦ,
503 1929 555 1994 καλ
568 1935 646 2005 τίνος
659 1935 718 1995 ἕνε-
746 1930 913 1996 πιστευκόσι
947 1935 1012 1996 σῶα
1038 1928 1251 2011 διαφυλάσσειν
1280 1927 1354 2012 μετά

114 2039 161 2079 κεν
177 2011 302 2100 πάρεστι
321 2010 502 2098 διεσάφησεν.
528 2009 717 2079 ἐπυνθάνετο
747 2009 847 2099 πάσης
858 2013 1032 2095 ἀσφαλείας.
1058 2012 1111 2079 22ὁ
1125 2013 1157 2079 δὲ
1165 2010 1354 2097 Ἡλιόδωρος

114 2097 156 2169 δὲ,
184 2101 210 2161 εί
234 2108 300 2170 ταῖς
325 2096 479 2179 ἀληθείαις
498 2100 596 2162 ταῦτα
622 2092 719 2171 οῦτιος
749 2096 784 2162 τό
805 2099 1012 2181 διεγνωσμένον
1028 2096 1165 2162 ἐπετέλει.
1189 2097 1221 2140 22
1242 2094 1354 2162 αὐτόθι

113 2183 217 2262 ἔχοντα
230 2173 370 2261 τυγχάνει.
408 2182 438 2223 ¹⁰
450 2183 506 2242 τοῦ
520 2176 552 2241 δὲ
565 2178 719 2262 ἀρχιερέως
749 2178 781 2243 δὲ
801 2179 896 2246 αὐτοῦ
920 2179 974 2245 σῦν
995 2194 1059 2254 τοῖς
1082 2176 1257 2264 δορυφόροις
1275 2176 1354 2243 κατὰ

114 2261 319 2335 ἀποδείξαντος
339 2255 521 2346 παραθήκας
535 2258 607 2324 εἶναι
619 2265 718 2364 χηρῶν
748 2260 784 2324 τὸ
796 2259 1015 2340 γαζοφυλάκιον
1025 2262 1080 2345 ήδη
1092 2258 1252 2343 παρόντος,
1266 2259 1353 2325 ὁτῶν

111 2371 144 2411 τε
162 2345 214 2408 καί
232 2340 389 2426 ὀρφανῶν,
413 2346 439 2384 22
451 2337 518 2407 τινὰ
531 2341 563 2407 δέ
581 2343 633 2407 καί
658 2347 718 2425 Tp—
747 2340 888 2428 πατέρων
905 2338 1004 2426 κῦριος
1025 2346 1077 2407 καί
1097 2342 1197 2428 πάσης
1218 2345 1353 2419 ἐξουσίας

112 2430 207 2492 κανοῦ
226 2430 281 2490 τοῦ
295 2430 415 2511 Τωβίου
433 2421 549 2529 σφόδρα
568 2420 675 2510 ἀνδρὸς
687 2429 718 2490 έν
748 2421 893 2510 δυνάστης
913 2423 1084 2506 ἐπιφάνειαν
1099 2422 1226 2510 μεγάλην
1248 2431 1352 2511 ἐποίη·

112 2507 243 2602 ὑπεροχῇ
254 2512 403 2589 κειμένου,
427 2507 482 2594 σῦχ
495 2508 591 2591 ὥςπερ
606 2498 640 2592 ήν
652 2510 718 2575 δια·
749 2533 807 2585 σεν,
820 2505 892 2584 ῶςτε
903 2505 1018 2585 πάντας
1030 2506 1352 2594 τοῦςκατατολμήσαν-

110 2589 406 2681 βάλλωνὸδυςσερής
420 2592 583 2676 Σίμων,τά
594 2592 626 2657 δέ
638 2587 717 2659 πάν·
748 2617 802 2667 τας
827 2592 992 2668 συνελθεῖν,
1028 2592 1273 2671 καταπλαγέντας
1297 2589 1352 2676 τήν

111 2704 151 2742 τα
163 2675 304 2760 ἀργυρίου
315 2670 489 2762 τετρακόσια
496 2671 718 2759 τάλαντα,χρυ-
748 2679 804 2740 τοῦ
817 2680 895 2742 θεοῦ
907 2674 1040 2757 δύναμιν,
1053 2681 1092 2752 είς
1104 2676 1219 2741 ἔκλυσιν
1231 2679 1281 2741 καί
1293 2677 1353 2742 δει-

112 2766 179 2825 σίου
206 2757 238 2825 δὲ
264 2756 411 2826 διακόσια.
441 2763 469 2802 22
482 2757 660 2862 ἀδικηθήναι
683 2757 716 2824 δέ
746 2758 815 2823 λίαν
831 2765 989 2845 τραπῆναι.
1015 2762 1045 2803 ²⁶
1058 2758 1151 2843 ῶφθη
1169 2754 1227 2844 γάρ
1240 2784 1283 2833 τις
1295 2763 1351 2824 ’ίπ-

110 2838 182 2916 τοὺς
195 2839 426 2916 πεπιστευκότας
440 2847 480 2926 τῆ
497 2844 552 2907 τοῦ
569 2866 667 2908 τοπου
680 2838 716 2909 ἀ·
746 2868 804 2918 πος
817 2840 922 2918 αὐτοῖς
940 2842 1070 2930 φοβερὸν
1085 2846 1159 2928 έχων
1178 2841 1233 2909 τόν
1244 2838 1352 2927 ἐπιβά-

110 2925 242 3018 γιωσιίνη
255 2929 306 2991 καὶ
318 2930 356 3010 τή
368 2927 422 2990 τοῦ
440 2927 625 3009 τετιμημένου
637 2922 716 2990 κατά
747 2950 811 3008 την,
831 2927 883 2990 καί
900 2926 1042 3012 καλλίστῃ
1061 2931 1140 3018 σαγή
1159 2928 1352 3009 διακεκοσμη-

110 3008 163 3075 τὸν
178 2998 405 3093 σῦμπαντάκόσ
426 3034 461 3075 ον
472 3013 551 3095 ἶεροῦ
562 3004 716 3092 σεμνότητι
742 3011 842 3115 μένος,
854 3008 1012 3095 φερόμενος
1024 3008 1056 3074 δὲ
1068 3007 1159 3096 ῥύδην
1171 3012 1295 3075 ἐνέσεισε
1307 3014 1351 3092 τῷ

111 3094 162 3158 καί
175 3090 295 3176 ἀσυλίᾳ,
306 3036 461 3169 παντελοῦς
473 3089 621 3178 ἀμήχανον
633 3091 715 3158 εἶναι.
753 3090 921 3180 Ηλιοδῶρῳ
946 3091 1002 3169 τάς
1019 3096 1219 3180 ἐμπροσθίους
1245 3088 1351 3167 ὁπλάς.

111 3177 137 3218 ¹³
151 3172 169 3240 ὁ
181 3175 214 3240 δὲ
226 3173 425 3260 Ἡλιόδωρος,
438 3175 472 3242 δι’
488 3173 716 3264 ἀςείχεβασιλι-
747 3175 765 3243 ὁ
789 3176 822 3242 δὲ
847 3174 1062 3261 ἐπικαθήμενος
1087 3181 1223 3260 ε’·φαίνετο
1245 3180 1335 3280 χρυοή

111 3260 165 3334 κάς
178 3260 310 3336 ἐντολάς,
319 3257 440 3337 πάντως
453 3261 550 3340 ἔλεγεν
562 3258 648 3341 είςτό
660 3263 717 3347 βα·
746 3261 916 3328 πανοπλίαν
940 3264 1023 3347 έχων.
1065 3263 1097 3306 22
1122 3267 1214 3346 έτεροι
1239 3259 1270 3324 δὲ
1297 3261 1351 3325 δυο

110 3343 222 3410 σιλικόν
235 3342 411 3428 ἀναληπτέα
419 3350 517 3410 ταῦτα
531 3344 613 3410 εἶναι.
627 3344 717 3409 22τα-
746 3342 962 3430 προεφάνησαν
974 3344 1059 3409 αάτιῦ
1078 3349 1190 3408 νεανίαι
1204 3346 1243 3433 τῇ
1272 3342 1351 3427 ’κόμη

110 3424 232 3506 ξάμενος
244 3429 276 3490 δὲ
284 3426 394 3510 ήμέραν
405 3424 489 3508 είςήει
498 3431 553 3510 τήν
565 3429 631 3511 περί
643 3423 716 3490 τοῦ·
744 3428 798 3510 μὲν
810 3431 972 3511 ἐκπρεπεῖς,
1004 3410 1158 3489 κάλλιστοι
1171 3423 1203 3487 δὲ
1215 3428 1254 3515 τῇ
1264 3367 1349 3506 δόξῃ,

109 3531 170 3571 των
195 3511 350 3588 ἐπίσκεψιν
375 3497 585 3588 σῖκοίομήσων.
624 3498 660 3588 ἦν
682 3506 714 3572 δέ
745 3510 914 3592 διαπρεπεῖς
930 3507 963 3571 δὲ
983 3506 1037 3590 τήν
1053 3501 1222 3593 περιβολήν.
1257 3510 1350 3571 οἳκαί

109 3586 146 3653 οῦ
158 3588 248 3671 μικρά
260 3587 330 3654 καθ’
345 3586 418 3693 ὅλην
428 3589 483 3673 τήν
492 3586 581 3654 πόλιν
591 3588 713 3667 ἀγωνία.
744 3589 950 3675 παραστάντες
960 3591 991 3666 ἐξ
1001 3592 1143 3673 ἐκατέρου
1151 3591 1267 3675 μέρους,
1281 3590 1348 3670 ἐμα-

108 3673 135 3716 ¹⁵
149 3675 180 3737 σῖ
196 3672 228 3737 δὲ
245 3678 327 3756 ἱερεῖς
343 3698 404 3756 προ
421 3676 476 3736 τοῦ
494 3678 713 3755 θυσιαστηρίου
746 3680 867 3751 στίγουν
886 3670 981 3738 αῦτὸν
999 3670 1206 3748 ἀδιαλείπτως,
1232 3670 1349 3748 πολλάς

109 3761 139 3822 έν
162 3769 228 3831 ταῖς
252 3760 410 3839 ίερατικαῖς
431 3754 551 3829 στολαῖς
573 3758 713 3839 ῥίψαντες
744 3759 984 3841 έπεῤῥιπτσῦντες
993 3754 1079 3837 αὐτῷ
1088 3752 1212 3841 πληγάς.
1222 3757 1251 3799 22
1260 3754 1349 3835 ἀφνω

108 3837 240 3916 ἑαυτοὺς,
254 3838 452 3904 ἐπεκαλοῦντο
471 3841 511 3912 είς
522 3835 650 3921 οὐρανόν
660 3835 712 3903 τόν
744 3838 777 3903 δὲ
795 3835 926 3905 πεσόντα
945 3839 1024 3924 πρὸς
1040 3839 1093 3924 τήν
1109 3844 1163 3923 γήν
1179 3843 1229 3905 καί
1240 3839 1348 3924 πολλῷ

107 3928 175 4010 περί
192 3919 373 4011 παραθήκης
389 3917 632 4004 νομοθετήσαντα
649 3933 713 3998 τοῖς
744 3919 844 3988 σκότει
869 3926 1080 4009 περιχυθέντα,
1105 3918 1349 4003 συναρπάσαντες

107 4009 407 4090 παρακαταθεμένοις
415 4008 513 4070 ταῦτα
526 4011 592 4070 σῶα
605 4006 712 4108 διαφυ-
742 4009 793 4072 καί
805 4012 844 4084 είς
856 4018 977 4089 φορεῖον
989 4009 1131 4083 ἐνθέντες,
1168 4007 1199 4049 22
1212 4005 1265 4072 τόν
1279 4005 1349 4090 ἀρτι

107 4087 203 4163 λάξαι.
229 4095 257 4137 22
269 4081 305 4176 ἦν
322 4088 354 4155 δὲ
372 4086 490 4175 ὁρῶντα
507 4087 564 4170 τήν
576 4093 632 4154 τοῦ
654 4115 711 4173 αρ-
741 4088 816 4174 μετά
834 4089 949 4174 πολλῆς
968 4090 1163 4174 παραδρομῆς
1180 4092 1232 4154 καί
1247 4085 1348 4172 πάσης

105 4175 222 4256 χιερέως
234 4176 326 4251 ἰδέαν,
351 4170 566 4259 τιτρώσκεσθαι
578 4171 632 4253 τήν
644 4169 709 4237 διά·
741 4174 925 4260 δορυφορίας
947 4177 985 4248 είς
1005 4171 1041 4237 τό
1059 4176 1268 4261 προειρημένον
1292 4176 1348 4246 είς·

106 4277 196 4319 νσιαν.
226 4251 245 4338 ή
261 4256 320 4341 γὰρ
340 4256 411 4341 ἀφις
429 4258 479 4321 καί
496 4254 533 4319 τὸ
550 4259 603 4336 τῆς
620 4249 711 4339 χρόας
741 4254 873 4324 ελθόντα
885 4253 1119 4339 γαζοφυλάκιον,
1131 4261 1236 4341 έφερον
1247 4248 1346 4342 ἀβοή·

105 4336 352 4422 παρηλλαγμένον
381 4343 510 4421 ἐνέφαινε
545 4336 600 4422 τήν
633 4336 711 4405 κατά
740 4351 836 4424 θητον
862 4343 960 4424 ἑαυτῷ
989 4346 1186 4414 καθεστῶτα,
1212 4341 1347 4422 φανερῶς

106 4418 203 4505 ψυχήν
226 4417 363 4497 ἀγωνίαν.
404 4426 431 4467 22
444 4425 627 4508 περιεκέχυτο
648 4420 708 4506 γὰρ
741 4423 795 4507 τήν
815 4430 872 4490 τοῦ
888 4429 966 4490 θεοῦ
985 4426 1160 4491 δυναστείαν
1179 4417 1345 4498 ἐπεγνωκό·

105 4508 172 4589 περὶ
183 4500 235 4570 τὸν
248 4501 344 4591 ἀνδρα
360 4505 427 4581 δέος
440 4532 470 4571 τι
483 4511 534 4573 καί
546 4506 709 4594 φρικασμὸς
741 4531 793 4583 τες.
821 4510 852 4552 ²⁹
865 4510 914 4574 καί
929 4505 947 4573 ὁ
963 4509 1017 4591 μὲν
1033 4505 1081 4573 διὰ
1100 4503 1155 4591 τήν
1167 4511 1254 4571 θείαν
1265 4505 1345 4602 ἐνέρ-

1265 4611 1339 4662 γειαν
