2924 4972
473 266 704 326 ΙΗΣΟΥΣ
743 259 966 348 mmm.
981 264 1010 330 3.

119 393 200 452 ἔσται
211 391 272 460 πᾶς
282 383 316 459 ὃς
328 382 365 447 ἂν
377 381 484 467 ἱξελθη
497 378 552 485 τήν
564 374 663 464 θύραν
671 383 723 461 τής
757 382 864 456 γνοῦσιν
873 378 932 454 ὁτι,
941 375 1053 443 καθότι
1066 379 1140 461 ήμην
1150 380 1223 460 μετά
1231 386 1364 467 Μωυσή.

119 475 212 544 οίκίας
225 493 282 534 σου
299 469 375 543 ἔξω,
401 467 500 569 ἔνοηος
514 465 612 545 εαυτῴ
628 465 722 534 ἐσται,
758 459 854 537 οῦτως
866 464 970 546 έοομαι
981 464 1034 527 καί
1045 459 1119 544 μετά
1132 472 1198 528 σοῦ.
1222 465 1238 507 ⁸
1250 466 1301 528 καί
1313 470 1365 531 νῦν

119 551 194 637 ήμεῖς
212 550 245 616 δὲ
262 547 362 616 ἀθῶον
379 551 424 630 τῷ
442 571 523 631 ορκιρ
540 570 595 609 σου
612 540 722 626 τούτῳ.
759 545 882 609 έντεελαι
899 556 963 620 τοῖς
982 548 1086 631 ἱερεῦσι
1108 557 1171 621 τοῖς
1183 546 1299 629 αἴρουσι
1311 548 1367 651 τήν

118 638 167 699 καὶ
179 632 246 700 ὅσοι
265 632 318 696 έάν
334 634 473 707 γένωνται
485 625 559 713 μετὰ
573 630 630 692 σοῦ
643 631 674 691 έν
685 630 722 719 τῇ
759 626 886 707 κιβωτὸν
902 632 954 703 τ”ς
965 624 1128 714 διαθήκης,
1148 630 1251 705 λίνων.
1276 628 1316 704 ὡς
1328 656 1367 697 αν

116 724 196 799 οἰκίᾳ
210 743 274 791 σου,
288 712 367 798 ήμεῑς
378 717 470 796 ἔνοχοι
480 706 621 794 ἐσόμεθα.
636 708 724 774 20ἰάν
761 709 906 793 είςελθητε
919 655 971 775 άπί
985 715 1090 797 με’ρους
1106 716 1163 778 τοῦ
1183 710 1292 787 ὕδατος
1312 716 1366 779 τοῦ

116 802 150 866 δέ
161 826 204 875 τις
216 797 293 901 ήμάς
306 793 430 879 ἀδικήση
444 794 524 880 ἢκαὶ
537 789 723 885 ἀποκαλύψῃ
757 788 927 875 Ἰορδάνου,
952 796 1003 859 καί
1015 799 1046 860 ἐν
1059 800 1101 879 τῷ
1112 792 1248 890 Ἰορδάνη
1262 792 1365 899 πτήσε.

116 883 185 957 τούς
198 882 306 959 λονους
325 870 567 966 ήμῶντούτους,
592 872 724 959 ἐσόμεθα
761 885 824 941 σθε.
842 877 858 917 ⁰
871 877 922 939 καί
934 874 1013 941 είπεν
1020 874 1133 960 Ἰησοῦς
1145 890 1207 955 τοῖς
1220 884 1294 955 υἱοῖς
1314 888 1366 945 Ισ-

116 965 217 1032 ἀθῶον
229 970 273 1048 τῷ
286 960 367 1049 ὅρκῳ
380 988 435 1028 σου
447 957 556 1043 τούτῳ.
579 962 606 1003 ²¹
618 962 669 1025 καί
681 957 722 1022 εἱ-
761 955 848 1044 ραήλ.
866 956 1062 1041 προςανάμετε
1073 954 1141 1031 ὦδε.
1154 965 1205 1028 καί
1217 958 1366 1029 ἀκούσατε

116 1073 169 1113 πεν
181 1045 291 1123 αὐτοῖς.
308 1043 388 1111 κατά
400 1044 436 1109 τὸ
450 1048 529 1147 ρήμα
542 1040 622 1124 ὑμῶν
633 1046 722 1107 δ’στον.
762 1041 799 1106 τὸ
812 1045 892 1125 ήήμα
905 1046 1010 1124 κυρίου
1022 1046 1078 1105 τοῦ
1090 1048 1164 1107 θεοῦ
1176 1042 1266 1127 ήμῶν.
1296 1050 1325 1089 ¹⁰
1334 1052 1366 1113 έν

116 1134 167 1196 καί
179 1129 378 1208 ἐξαπέστειλεν
390 1126 510 1202 κύτους,
545 1129 574 1167 ²²
587 1127 637 1189 καί
649 1126 724 1189 ἐπο-
762 1121 861 1206 τούτῳ
886 1118 1053 1201 γνώσεσθε,
1091 1122 1137 1189 ὅτι
1162 1124 1233 1199 θεὸς
1255 1131 1312 1204 ζῶν
1336 1132 1366 1193 έν

116 1215 274 1300 ρεύθησαν.
301 1214 353 1278 καί
369 1209 508 1294 ήλθοσαν
524 1212 562 1282 εἱς
581 1204 635 1291 τήν
647 1204 726 1292 ὄρει·
764 1206 845 1291 ύμῖν,
872 1207 924 1271 καὶ
936 1201 1108 1290 ὀλοθρεύων
1120 1204 1292 1291 ἀλοθρεύσει
1305 1208 1367 1277 ἀπὸ

118 1297 183 1380 νήν,
202 1299 254 1360 καί
266 1297 437 1375 κατέμειναν
450 1295 510 1355 ἐκεῖ
520 1300 596 1393 τρεῖς
608 1285 724 1375 ἡμέρας.
762 1285 925 1374 προςούπου
940 1284 1024 1375 ήμῶν
1036 1287 1089 1353 τὸν
1102 1294 1293 1365 Χαναναῖον,
1318 1296 1369 1359 καί

119 1381 171 1443 καί
183 1374 355 1459 ἐξεζήτησαν
374 1379 405 1438 οἱ
417 1374 648 1446 καταδιωκσντες
665 1369 726 1436 πά-
763 1374 816 1438 τὸν
830 1378 993 1447 Χετταῖον,
1010 1373 1060 1436 καί
1073 1370 1126 1437 τὸν
1139 1376 1171 1435 Φ
1202 1374 1305 1449 ecaton,
1319 1376 1369 1441 καί

121 1487 176 1535 σας
188 1458 242 1533 τάς
254 1454 351 1531 ὁδούς,
364 1459 414 1521 καί
427 1453 480 1542 ούχ
492 1451 624 1542 εῦροσαν.
639 1455 726 1520 23καί
763 1456 817 1521 τὸν
828 1454 953 1531 Εάαῖον,
976 1456 1028 1518 καί
1039 1451 1093 1519 τόν
1104 1453 1159 1522 Mu
1215 1468 1296 1535 αῖον,
1318 1460 1370 1525 καὶ

120 1542 310 1628 ὑπέστρεψαν
320 1544 351 1604 οἱ
362 1535 416 1605 δύο
428 1545 581 1612 νεανίσκοι,
593 1540 643 1603 καί
651 1562 723 1602 κεντ-
761 1540 814 1604 τὸν
825 1543 1016 1642 Γεργεοαῖσν,
1042 1539 1092 1601 καί
1111 1520 1164 1602 τόν
1178 1538 1367 1628 Ἰεβουσαῖον,

118 1629 228 1711 ἔβησαν
252 1629 284 1690 ἐκ
307 1629 361 1686 τοῦ
379 1621 473 1708 ὅρους.
511 1623 563 1686 καί
587 1622 725 1769 διεβησαν
760 1619 856 1687 11ίδού
870 1648 888 1705 η
902 1617 1148 1723 κιβωτὸςδιαθήκ
1170 1620 1366 1710 ςκυρίουπά-

116 1709 193 1795 πρὸς
207 1707 325 1792 Ἰησοῦν
340 1703 405 1771 υἱόν
420 1704 529 1787 Ναυή,
555 1705 607 1769 καί
640 1699 723 1790 ιηγή-
761 1731 812 1789 σης
833 1708 886 1788 τής
901 1731 955 1791 γης
972 1705 1113 1791 διαβαίνει
1131 1649 1186 1772 τόν
1206 1705 1365 1795 Ἰορδάνην.

115 1816 208 1857 σαντο
233 1790 318 1873 αύτῷ
340 1785 440 1854 πάντα
461 1782 722 1874 τὰσυμβεβηκότα
758 1792 786 1832 ¹²
797 1792 1027 1874 προηειρίσασθε
1047 1786 1112 1872 ύμῖν
1128 1784 1242 1855 δοίδεκα
1257 1790 1366 1878 ἀνδρας

113 1874 224 1949 αὐτοῖς.
267 1874 361 1938 24καί
385 1871 471 1937 εἱπαν
494 1870 572 1956 πρὸς
593 1868 721 1977 Ἰησοῦν,
759 1868 822 1938 ἀπὸ
833 1875 895 1936 τῶν
912 1874 984 1936 υἱῶν
999 1868 1045 1935 Ἰσ
1087 1868 1136 1955 ήλ,
1163 1876 1215 1938 ένα
1228 1870 1278 1955 ἀφ’
1294 1871 1364 1942 ἱκά-

113 1954 160 2022 ὅτι
172 1958 362 2042 παραδέδωκε
374 1951 473 2040 κύριος
484 1960 589 2019 πᾶσαν
601 1979 655 2038 την
666 1957 722 2038 μήν
759 1980 829 2039 οτης
841 1954 943 2039 ψυλής.
969 1955 996 1997 ¹³
1008 1979 1047 2018 κα
1071 1958 1154 2021 ἔσται
1167 1952 1207 2032 ἀς
1219 1954 1257 2022 ἀν
1270 1984 1365 2025 κατα-

114 2044 145 2104 ἔν
165 2043 236 2126 χειρὶ
253 2037 352 2124 ήμῶν,
377 2043 428 2103 καὶ
444 2040 608 2142 κατέπτηχε
622 2041 685 2113 πᾶς
702 2034 720 2102 ὁ
758 2034 915 2104 παύσωσιν
940 2041 971 2103 οἱ
994 2032 1083 2113 πόδες
1107 2042 1169 2106 τῶν
1186 2043 1286 2125 ἱερέων
1304 2048 1365 2107 τῶν

114 2128 260 2188 κατοικῶν
272 2122 326 2207 τήν
337 2126 392 2204 μήν
404 2125 512 2205 ἐκείνην
526 2118 571 2202 ἀφ
594 2119 685 2205 ήμῶν.
759 2118 905 2208 αῖρόντων
929 2120 983 2205 τήν
1006 2119 1134 2208 κιβωτόν
1151 2128 1205 2207 τής
1221 2123 1364 2210 διαθήκης

304 2211 339 2270 Κ
349 2211 379 2268 Ε
391 2211 430 2268 Φ.
472 2202 525 2269 Γ’.
759 2210 861 2291 κυρίου
873 2200 970 2288 πάσης
983 2207 1035 2287 τής
1046 2208 1099 2289 γής
1113 2208 1143 2270 ίν
1155 2210 1200 2291 τῷ
1214 2204 1298 2273 ίίδατι
1308 2213 1365 2275 τοῦ

115 2255 199 2354 Καὶ
215 2288 366 2373 ἀίρθρισεν
378 2285 495 2371 Ἰησοῦς
516 2285 647 2372 τοπρωῒ,
670 2289 721 2352 καί
755 2285 923 2373 Ἰορδάνου,
960 2283 996 2352 τό
1022 2285 1102 2374 ίίδωρ
1127 2294 1182 2355 τοῦ
1208 2287 1363 2377 Ἰορδάνου

115 2370 226 2459 ἀπῆρεν
243 2377 275 2437 ἐκ
287 2371 416 2446 Σαττὶν,
440 2372 492 2436 καὶ
509 2369 649 2454 ήλθσσαν
665 2375 720 2444 ἕως
758 2372 899 2454 ἐκλείψει,
924 2370 961 2435 τὸ
980 2369 1012 2435 δὲ
1034 2368 1112 2456 ῦδωρ
1129 2372 1165 2437 τό
1182 2380 1364 2462 καταβαῖνον

115 2443 171 2519 τοῦ
192 2449 363 2540 Ἰορδάνου,
398 2456 448 2519 καί
471 2451 640 2518 κατέλυσαν
664 2456 724 2517 ἐκεῖ
758 2451 903 2538 στήσεται.
918 2454 1003 2517 14καί
1016 2453 1078 2537 ἀπή
1097 2479 1127 2518 εν
1140 2454 1157 2517 ὁ
1170 2456 1245 2531 λαδς
1258 2462 1290 2521 έκ
1303 2464 1364 2521 τῶν

116 2537 179 2622 πρὸ
193 2542 248 2600 τοῦ
262 2537 405 2621 διαβῆναι.
429 2539 445 2577 ²
457 2538 508 2599 καί
521 2537 636 2611 ἐγένετο
649 2535 719 2616 μετά
759 2535 956 2621 σκηνωμάτων
966 2526 1067 2601 αύτιῦύ
1077 2480 1210 2623 διαβήναι
1220 2538 1274 2603 τὸν
1284 2538 1364 2643 Ἰορ-

116 2631 193 2705 τρεῒς
216 2614 329 2703 ἡμέρας
352 2617 475 2702 διῆλθον
497 2621 528 2680 οἱ
545 2629 722 2701 γραμματεῖς
759 2617 856 2704 δάνην,
869 2625 899 2686 οἱ
912 2620 943 2685 δὲ
958 2624 1040 2704 ἱερεῖς
1050 2619 1166 2712 ήροσαν
1175 2620 1229 2704 τήν
1239 2626 1363 2708 κιβωτον

116 2702 167 2767 διὰ
180 2700 429 2788 τήςπαρεμβολής
457 2701 535 2764 3καί
546 2699 720 2765 ἐνετείλαντο
759 2709 812 2787 τής
836 2701 983 2789 διαθήκης
1013 2710 1115 2789 κυρίου
1141 2699 1281 2791 πρότερον
1307 2710 1363 2770 τοῦ

114 2790 160 2869 τῷ
172 2787 252 2868 λαῷ,
264 2785 407 2861 λέγοντες.
433 2778 507 2849 ὅταν
520 2783 597 2867 ίδητε
610 2782 665 2870 τήν
675 2811 719 2848 κι-
758 2786 844 2852 λαοῦ.
874 2790 901 2831 ¹⁵
915 2785 997 2863 ὡςδὲ
1010 2785 1224 2871 εἱςεπσρεύοντο
1238 2793 1268 2854 οἱ
1282 2794 1363 2873 ἱερεῖς

112 2866 211 2957 βωτόν
227 2873 278 2952 τής
291 2865 436 2953 διαθήκης
453 2873 555 2971 κυρίου
571 2871 627 2931 τοῦ
642 2872 720 2934 θεοῦ
756 2875 787 2935 οἱ
800 2872 933 2956 αἴροντες
949 2871 1004 2954 τήν
1016 2870 1143 2958 κιβωτὸν
1155 2878 1208 2956 τής
1220 2874 1363 2958 διαθήκης

113 2952 195 3036 ήμῶν
217 2956 268 3017 καί
286 2949 358 3026 τούς
377 2956 459 3037 ἱερεῖς
481 2954 564 3034 ημῶν
581 2953 632 3014 καὶ
648 2950 718 3026 τούς
757 2957 807 3018 ἐπὶ
823 2953 877 3020 τὸν
891 2951 1057 3039 Ἰορδάνην,
1083 2958 1134 3018 καί
1152 2960 1182 3019 οἱ
1198 2952 1286 3030 πόδες
1303 2963 1364 3021 τών

112 3040 243 3108 Λευίτας
268 3035 407 3119 αἴροντας
431 3033 538 3119 αὐτήν,
576 3031 718 3120 ἀπορεῖτε
757 3039 858 3121 ἱερέων
870 3042 929 3103 τῶν
946 3037 1093 3123 αἱρόννων
1108 3034 1162 3122 τήν
1174 3038 1300 3125 κιβωτὸν
1312 3044 1363 3122 τής

111 3117 175 3184 ἀπὸ
194 3122 254 3183 τῦν
265 3114 367 3184 τόπων
384 3115 481 3202 ἀμῶν,
508 3119 559 3182 καί
575 3115 717 3203 πορεύσε-
756 3112 900 3225 διαθήκης
917 3127 1020 3207 κυρίου
1042 3115 1195 3208 έβάψησαν
1221 3127 1259 3198 εἱς
1274 3125 1362 3209 μέρος

111 3213 167 3268 σθε
179 3200 277 3267 ὀπίσω
288 3199 388 3285 αὐτῆς.
402 3197 503 3266 *ἀλλά
511 3228 571 3284 μακ
591 3199 629 3267 ἀν
638 3204 716 3266 ἔστω
755 3208 811 3269 τσῦ
824 3205 933 3280 ῦδατσς
945 3210 1002 3270 τοῦ
1015 3202 1183 3289 Ἰορδάνου,
1208 3203 1226 3271 ὁ
1240 3206 1271 3271 δι’
1281 3206 1361 3291 Ἰορ-

110 3283 258 3368 ἀναμέσσν
272 3282 353 3369 ὑμῶν
365 3285 416 3349 καί
429 3288 548 3369 ἐκείνης,
570 3226 644 3350 δσον
656 3286 716 3360 δις-
755 3283 843 3370 δάνης
861 3290 1028 3386 ἐπληροῦτο
1046 3287 1115 3352 καθ’
1134 3284 1206 3372 ὅλην
1224 3288 1278 3374 τήν
1289 3317 1361 3375 κρη-

108 3370 222 3454 χελὶους
237 3364 335 3452 πήχεις
348 3363 501 3450 στήσεσθε.
539 3367 579 3452 μή
593 3393 714 3453 προςεγ-
755 3370 830 3433 πίδα
843 3368 937 3433 αύτου
951 3366 1015 3442 ὡςεὶ
1031 3366 1133 3451 ήμίραι
1147 3378 1289 3454 θερισμοῦ
1302 3399 1361 3437 πυ-

108 3458 211 3534 γίσητε
225 3447 382 3531 αύτή,ἱνα
394 3454 554 3535 ἐπίστησθε
567 3448 621 3535 τήν
634 3448 715 3526 ὁδὸν,
755 3456 825 3536 ριόν.
864 3452 1040 3532 16καὶέστη
1054 3449 1092 3515 τά
1107 3448 1361 3519 ύδατατάκατα-

110 3531 149 3618 ήν
167 3521 348 3618 πορεύσέσθε
365 3529 465 3636 αῦτήν.
492 3532 529 3598 οῦ
547 3533 606 3618 μάρ
619 3531 714 3599 πεπό-
754 3539 896 3620 βαίνοντα
910 3532 1038 3608 ἀνωθεν,
1053 3538 1124 3616 έστη
1136 3539 1279 3616 πήνμαὶν
1289 3534 1359 3615 ἀψε-

108 3627 218 3724 ρευσθε
234 3614 288 3697 τήν
299 3610 370 3679 ὁδόν
384 3613 429 3680 ἀπ
450 3619 533 3701 έχθίς
546 3620 598 3682 καὶ
615 3624 715 3702 τρίτης
755 3617 863 3702 στηκὸς
880 3614 997 3704 μακράν
1016 3613 1136 3702 σφόδρα
1154 3618 1289 3701 σςοδριῦς
1306 3623 1361 3697 έισς

108 3703 227 3806 ημίρας.
265 3698 433 3765 6καὶεἱπεν
449 3697 565 3783 Ἰησοῦς
581 3704 627 3783 τῷ
639 3702 713 3782 λαῷ.
753 3705 858 3786 μέρους
870 3706 1089 3786 Καρεαθιαρίμ.
1114 3698 1149 3764 τό
1169 3701 1199 3766 δι’
1213 3706 1359 3790 καταβαῖ-

108 3790 273 3862 αγνίσαοθε
302 3786 341 3857 είς
370 3782 491 3868 αῦριον,
530 3779 578 3846 δτι
610 3781 715 3866 αῦριον
754 3808 804 3848 νον
819 3788 929 3870 κατέβη
946 3789 984 3860 εἱς
1002 3782 1055 3868 τήν
1071 3778 1280 3853 θάλασσανύέ
1299 3792 1360 3937 αβα

108 3862 338 3951 ποιήσεικύριος
346 3868 376 3928 έν
385 3863 451 3948 ὑμῖν
459 3867 631 3949 θαυμαστά.
646 3867 715 3930 “nal
753 3862 911 3932 θάλασσαν
924 3864 996 3942 ἀλός
1010 3872 1065 3942 έως
1078 3872 1116 3943 εἱς
1128 3867 1164 3932 τό
1175 3870 1258 3946 τέλος
1269 3812 1315 3948 έήί
1333 3900 1356 3936 ι-

109 3952 188 4017 εἶπεν
197 3949 315 4034 Ἰησοῦς
327 3959 391 4023 τοῖς
405 3953 535 4035 ἱερεῦσιν.
554 3946 646 4032 ἀρατε
660 3947 715 4034 τήν
752 3975 797 4016 πε.
823 3950 875 4015 καὶ
887 3946 904 4014 ό
918 3949 991 4025 λαὸς
1007 3946 1129 4035 εἱστήκει
1147 3950 1290 4019 ἀπέναντι
1303 3951 1359 4019 Ἰε-

108 4033 295 4119 κεβωτόντής
304 4029 448 4116 διαθήκης
460 4038 572 4118 κυρίου,
581 4036 632 4098 καὶ
641 4058 714 4118 προ·
753 4030 833 4121 ριχιό.
873 4034 900 4077 ¹⁷
912 4035 963 4098 καί
982 4036 1107 4117 έίττησαν
1126 4038 1157 4098 οἱ
1170 4039 1252 4121 ἱερεῖς
1265 4042 1297 4102 οἱ
1310 4040 1358 4104 αἱ·

108 4113 272 4202 πορεύεσθε
285 4119 340 4181 τοῦ
355 4116 443 4181 λαοῦ.
469 4119 520 4180 καί
538 4105 615 4208 ήραν
628 4121 660 4181 οἱ
673 4121 714 4182 ἱε-
752 4143 853 4202 ροντες
865 4115 918 4200 τήν
930 4115 1057 4217 κιβωτόν
1074 4122 1126 4201 τής
1143 4115 1255 4204 διαθήκ
1275 4146 1294 4195 ς,
1306 4148 1358 4185 κυ-

107 4214 167 4283 ρεῖς
178 4198 233 4286 τήν
243 4194 369 4282 κιβωτόν
381 4204 433 4284 τής
443 4194 588 4283 διαθήκης
601 4206 714 4289 κυρίου,
752 4208 820 4285 ρίου
833 4202 883 4266 ἐπὶ
895 4203 985 4284 ξηρας
998 4202 1117 4285 ἐνμέσῳ
1128 4208 1185 4266 τοῦ
1195 4201 1239 4267 'Io
1275 4198 1357 4269 άνσυ.

108 4286 160 4348 καὶ
176 4280 355 4368 ἐπορεύοντο
367 4285 535 4367 ἔμπροσθεν
551 4286 609 4346 τοῦ
626 4283 713 4347 λαοῦ.
751 4286 802 4347 καί
825 4279 933 4359 πάντες
949 4287 979 4348 οἱ
997 4288 1058 4348 υἱοί
1075 4282 1196 4368 Ἰσραήλ
1215 4284 1360 4387 διέβαινον

107 4369 120 4408 ⁷
133 4369 184 4431 καί
201 4366 261 4431 εἱπε
280 4361 382 4450 κύριος
394 4363 469 4448 πρὸς
482 4363 608 4447 Ἰησοῦν.
634 4370 665 4430 έν
677 4369 715 4456 τῇ
751 4363 799 4430 διά
810 4365 915 4450 ξηρᾶς,
938 4372 992 4441 έιος
1006 4367 1168 4432 συνετέλεσε
1181 4371 1241 4439 πᾶς
1254 4390 1272 4429 o
1286 4368 1360 4443 λαός

106 4448 202 4536 ήμέρομ
215 4444 311 4538 ταύτῃ
324 4448 450 4531 ἀρχομαε
465 4444 591 4531 ύψιῦσαί
600 4474 632 4512 σε
641 4472 714 4512 κατ·
752 4449 910 4533 διαβαίνων
923 4448 976 4515 τὸν
987 4443 1149 4531 Ἰορδάνην.

103 4532 235 4601 ενάπιον
259 4537 381 4595 πάντων
407 4535 480 4594 υίιῦν
502 4527 640 4614 Ἰσραήλ,
665 4535 714 4595 ’ίνα
1282 4614 1314 4670 Κ

1314 4632 1358 4689 εη.
