2924 4972
164 244 652 305 ΠΑΡΑΑΕΙΠΟΜΕΝΩΝ
670 247 881 309 ΠΡΩΤΟΝ
906 253 983 325 Κεφ.
998 243 1027 310 ι’.
1042 246 1090 311 ια’.
1111 251 1218 315 ίθ.ί·ί.
1258 250 1320 315 -ίίλ

69 367 123 449 τίην
148 368 276 450 κεφαλὴν
300 368 395 433 αὐτοῦ
421 375 536 450 ἔθηκαν
553 374 582 433 ἐν
601 370 675 449 οἴκῳ
718 374 775 432 τῶν
787 372 934 445 δυνατῶν,
962 377 995 433 οἳ
1008 360 1084 451 ἦσαν
1098 374 1139 451 τῶ
1154 370 1265 444 Δαυίδ,
1291 370 1322 433 οί

69 447 187 529 Δαγῶν.
202 455 225 491 ¹¹
236 454 287 515 καί
302 451 432 533 ἥκουσαν
443 448 550 526 πάντες
562 455 593 516 οῖ
604 475 676 515 κατ·
714 451 917 537 κατισχύοντες
932 449 991 535 μετ’
1013 450 1111 516 αὐτοῦ
1129 456 1159 515 ἐν
1176 458 1214 542 τῇ
1234 457 1320 539 βασι-

69 538 213 609 οικούντες
221 534 353 599 Γαλαὰδ
364 530 484 599 όίπαντα
497 531 519 598 ίί
531 538 677 617 ἐποίησαν
714 532 777 616 λείη
796 534 890 600 αὑτοῦ
903 532 977 617 μετὰ
992 532 1104 609 παντὸς
1120 532 1162 600 'Ia
1182 537 1250 617 αηλ,
1266 537 1321 599 τοῦ

69 622 101 681 οἶ
118 613 280 696 ἀλλόφυλοι
301 622 347 699 τῷ
364 618 470 682 Σαοὺλ
488 618 539 682 καί
557 623 600 699 τῶ
617 615 677 682 Ἰσ-
713 616 884 700 βασιλεῦσαι
897 615 992 683 αὐτόν
1007 616 1085 684 κατὰ
1100 561 1257 695 τὸνλόγον
1267 645 1320 683 κυ-

69 697 154 786 ραηλ.
193 704 222 742 ¹²
233 704 285 765 καὶ
304 699 475 786 ηγίρθησαν
497 706 529 766 ἐκ
546 699 677 765 Γαλαὰδ
714 706 780 784 ρίου
793 696 982 784 ἐπίἿσραήλ.
1001 705 1082 768 11καί
1096 695 1187 779 οὗτος
1200 698 1217 767 ὁ
1231 700 1321 786 ἀριθ-

67 788 129 860 πιῐς
142 782 218 868 ἀνὴρ
232 780 363 859 δυνατὸς,
378 787 429 849 καί
442 785 553 872 ὲλαβον
564 784 599 848 τὸ
614 787 675 857 σῶ-
712 782 768 863 μός
780 786 840 847 τῶν
851 783 986 847 δυνατῶν
999 790 1054 849 τοῦ
1069 787 1172 851 Δαυίδ.
1195 784 1320 872 Ἰεσεβα-

68 894 108 951 μα
121 867 229 932 Σαούλ
242 870 293 932 καί
306 864 341 932 τό
355 873 441 950 σῶμα
459 874 520 934 τῶν
533 872 605 932 υίῶν
618 864 672 931 αύ-
714 862 752 929 δύ
772 864 836 941 υίὸς
858 863 988 950 Ἀχαμίιν
1013 873 1133 951 πρῶτος
1156 872 1217 934 τῶν
1236 865 1319 955 τρισί-

65 955 138 1025 τοῦ,
157 953 208 1015 καί
220 951 341 1052 η’νεγκαν
354 949 432 1015 αὐτὰ
446 957 485 1027 εἷς
500 950 601 1039 Ἰαβὶς,
624 952 675 1014 καί
714 974 814 1013 κοντα
831 939 921 1024 οὗτος
934 944 1089 1015 ἐσπάσατο
1102 951 1155 1035 την
1166 956 1319 1037 ῥομφαίαν

65 1036 193 1114 ε”θαιμαν
205 1060 243 1097 τα
257 1033 332 1098 ὀστᾶ
345 1032 446 1098 αὐτῶν
460 1031 522 1099 ύπὸ
534 1036 589 1119 τὴν
604 1036 675 1119 δρῦν
714 1030 811 1096 αὐτοῦ
827 1027 910 1109 ίίπαξ
924 1035 974 1097 ἐπὶ
987 1040 1173 1118 τριακοσίους
1187 1060 1320 1138 τραυμα-

66 1119 99 1180 ἐν
108 1114 209 1201 ’ίαβίς
223 1120 273 1181 καί
283 1114 459 1199 ἐνηυτευσαν
468 1117 546 1182 ἐπτδι
557 1119 674 1202 ἡμέρας.
714 1121 778 1189 τίας
797 1118 828 1179 ἐν
844 1120 939 1198 καιρῷ
957 1117 1008 1179 ἐνί.
1047 1119 1074 1157 ¹²
1086 1117 1138 1178 καί
1153 1114 1211 1199 μετ’
1228 1115 1321 1183 αυτὸν

65 1200 151 1262 13καί
161 1198 296 1264 ἀπέθανε
306 1196 411 1263 Σαούλ
424 1204 455 1264 ἐν
464 1211 530 1274 ταῖς
540 1198 675 1302 ἇνομίαις
712 1195 854 1283 Ἐλεάζαρ
869 1195 932 1272 υίὸς
945 1194 1080 1263 Δωδαῒό
1092 1196 1211 1283 Ἀχωχί,
1234 1193 1322 1273 οὗτος

68 1278 176 1355 αὐτοῦ,
189 1281 235 1356 αίς
248 1277 389 1365 ηνόμησιν
400 1287 445 1364 τῶ
458 1288 520 1363 θεῷ
532 1307 610 1348 κατα
623 1279 676 1347 τόν
716 1270 751 1362 ἦν
765 1285 796 1345 ἐν
806 1292 869 1356 τοῖς
884 1284 963 1366 τρισί
974 1282 1120 1355 δυνατοῖς.
1146 1282 1173 1322 ¹³
1186 1271 1276 1356 ούτος
1288 1272 1323 1364 ἦν

66 1357 159 1439 λόγον
171 1370 282 1449 κυρίου.
308 1359 382 1429 διότι
393 1364 449 1429 σύιι
461 1363 610 1445 ἐφύλαξεν,
627 1362 674 1430 ὅτι
712 1363 786 1446 μετὰ
802 1365 899 1430 Δαυίδ
909 1368 940 1428 ἐν
956 1365 1143 1445 (θασοδαμίν,
1158 1364 1210 1428 καί
1222 1367 1253 1428 οί
1266 1362 1322 1429 ἆλ-

65 1441 256 1531 ἐπηρῶτησεν
265 1445 372 1511 Σαούλ
384 1451 414 1511 ἐν
427 1453 470 1530 τῶ
479 1443 674 1553 ἐγγαστριμύ-
713 1444 838 1528 λόσυλοι
856 1443 1046 1551 συνήχθησαν
1063 1451 1123 1511 ἐκεῖ
1132 1452 1171 1521 είς
1183 1444 1321 1528 πόλεμον,

64 1540 118 1612 θιμ
134 1533 188 1593 τοῦ
197 1536 326 1614 ζητῆσαι,
337 1533 388 1595 καί
397 1530 578 1617 ἀπεκρίνατο
589 1537 673 1615 αυτῷ
711 1530 762 1595 καί
771 1529 806 1631 ην
835 1533 892 1633 ερίς
900 1535 957 1594 τοῦ
967 1536 1063 1632 αγροῡ
1073 1528 1187 1613 πληρης
1195 1536 1319 1614 κριθῶν,

64 1610 213 1695 Σαμουὴλ
226 1612 243 1679 ὁ
256 1612 421 1699 προφήτης,
438 1615 467 1656 ¹⁴
476 1618 528 1680 καί
540 1613 594 1680 ούιι
606 1615 672 1700 ἐζή-
711 1613 762 1678 καί
775 1638 793 1675 ο
806 1559 881 1688 λλιος
893 1617 995 1693 ε”φυγεν
1008 1610 1073 1678 απὸ
1087 1607 1250 1698 προςῶπου
1263 1610 1283 1678 ἆ

63 1721 136 1779 τησε
149 1694 257 1780 κύριον.
271 1700 322 1762 καί
332 1697 496 1765 ἀπέκτεινεν
507 1695 611 1774 αὐτόν,
620 1702 673 1765 καί
711 1693 860 1777 λοφύλων.
880 1696 909 1739 ¹⁴
917 1699 970 1761 καί
982 1701 1053 1780 ἐστη
1067 1700 1099 1761 ἐν
1111 1699 1192 1778 με’σῳ
1205 1701 1257 1780 της
1268 1722 1319 1779 μι-

62 1781 225 1864 ἐπέστρεψι
255 1781 308 1864 τὴν
330 1783 482 1868 βασιλείαν
506 1788 551 1867 τῷ
574 1783 673 1848 Δαυίδ
710 1780 799 1866 ρίδος,
813 1783 865 1845 καί
877 1783 987 1845 ἐσωσεν
999 1777 1102 1864 αύτίην,
1112 1781 1163 1843 καί
1173 1777 1319 1857 ἐπάταξεν

62 1867 120 1946 υίῶ
138 1861 252 1928 Ἰεσσαί.
710 1861 781 1938 τούς
794 1859 997 1945 ἀλλοφύλους,
1023 1866 1074 1928 καί
1086 1867 1207 1946 ἐποίησε
1219 1859 1319 1949 κύριος

244 1954 320 2013 ΚΕ
332 1954 368 2013 (ί).
412 1944 487 2016 IA'.
710 1953 859 2031 σωτηρίαν
876 1942 1010 2030 μεγόλην.
1048 1948 1076 1988 ¹⁵
1089 1950 1140 2010 καί
1152 1949 1319 2032 κατέβησαν

62 1995 147 2094 Καὶ
165 2020 239 2113 ἦλθε
256 2037 317 2108 πῶς
337 2030 458 2118 Ἰσραὴλ
477 2032 554 2120 πρὸς
573 2035 671 2100 Δαυὶδ
710 2042 784 2111 τρεῖς
803 2035 836 2095 ἐκ
854 2036 916 2096 τῶν
934 2026 1093 2116 τριάκοντα
1111 2026 1262 2113 ἀρχόντων
1278 2035 1317 2106 είς

62 2115 94 2176 ἐν
112 2113 237 2216 Χιβρῶν
259 2117 399 2193 λέγοντες.
433 2117 498 2182 ἰδού
517 2115 595 2183 ὀστᾶ
614 2144 670 2183 σου
709 2115 762 2196 τὴν
786 2118 900 2195 πέτραν
918 2115 994 2198 πρὸς
1011 2114 1108 2178 Δαυίδ
1130 2117 1168 2188 είς
1185 2111 1222 2177 τὸ
1239 2109 1318 2196 σπή-

60 2199 114 2260 καὶ
127 2223 228 2282 σαρκες
247 2224 301 2263 σου
313 2194 406 2282 ἡμεῖς,
432 2203 447 2241 ²
460 2203 510 2265 καί
522 2200 607 2285 ἐχθὲς
619 2203 671 2265 καί
709 2197 794 2262 λαιον
809 2195 978 2280 Ὀδολλὰμ,
1002 2200 1053 2261 καί
1070 2195 1243 2280 παρεμβολὴ
1256 2201 1317 2262 τῶν

61 2286 165 2380 τρίτην
175 2279 371 2356 όντοςΣαούλ
380 2284 535 2367 βασιλέως,
542 2284 578 2348 σύ
588 2285 671 2367 ησθα
709 2278 887 2360 ἀλλοφύλων
902 2282 933 2344 ἐν
949 2285 988 2362 τῇ
1001 2277 1117 2344 κοιλάδι
1135 2284 1197 2343 τῶν
1213 2275 1317 2357 γιγύν-

64 2360 81 2424 ὁ
98 2365 207 2439 ἐξαγων
217 2366 270 2428 καί
283 2360 402 2441 είςοίγιυν
411 2363 464 2430 τὸν
473 2363 605 2469 Ἰσραήλ.
619 2368 672 2431 καὶ
709 2387 778 2427 των.
797 2365 825 2465 {⁶
837 2364 888 2463 καί
902 2365 999 2428 Δαυίδ
1010 2357 1078 2428 τόεὲ
1091 2366 1122 2428 ἐν
1133 2367 1172 2452 τῇ
1184 2368 1316 2465 περιοηῇ,

313 2443 319 2466 ί

64 2442 274 2528 εἷπενἸσραηλ
285 2443 384 2529 κυρτός
397 2473 454 2510 σοι.
474 2475 509 2511 συ
522 2461 672 2530 ποιμανεῖς
710 2447 761 2509 καί
778 2471 815 2511 το
830 2472 956 2529 συστεμα
974 2450 1034 2510 τῶν
1052 2444 1233 2526 ἀλλοφύλων
1250 2471 1316 2510 τοτε

62 2527 120 2590 τὸν
133 2522 207 2591 λαόν
219 2552 279 2609 μου
292 2527 344 2593 τὸν
354 2527 487 2630 Ἰσραηλ,
503 2533 554 2595 καὶ
568 2529 605 2595 σύ
618 2535 672 2625 ἔση
711 2532 743 2592 ἐν
756 2529 908 2611 Βηθλεέμ.
927 2531 954 2573 ¹⁷
964 2533 1014 2594 καί
1026 2524 1193 2611 ἐπεθύμησε
1209 2529 1316 2605 Δαυίδ,

62 2615 103 2684 είς
119 2607 277 2694 ἡγούμενον
290 2613 340 2675 ἐπὶ
350 2608 482 2694 Ἰσραηλ.
496 2614 565 2677 3καί
576 2605 672 2716 ηλθον
710 2613 760 2676 καί
770 2613 839 2676 εἶπε.
853 2619 885 2676 τί
894 2625 991 2677 ποτιεῖ
999 2639 1032 2695 με
1048 2610 1127 2697 ὕδωρ
1138 2616 1168 2674 ἐκ
1179 2618 1232 2676 τοῦ
1242 2609 1317 2675 λύκ-

59 2689 171 2768 ποίντες
187 2689 380 2778 πρεσβύτεροι
396 2695 519 2780 Ἰσραὴλ
530 2723 608 2781 προς
619 2694 671 2763 τόν
710 2721 764 2760 κου
778 2695 918 2780 Βηθλεέμ
937 2701 994 2762 τοῦ
1007 2702 1038 2761 ἐν
1051 2702 1087 2779 τῇ
1100 2693 1181 2775 πύλη
1186 2724 1198 2771 ,’
1224 2697 1252 2737 ¹⁸
1266 2699 1317 2759 καί

58 2778 186 2864 βασιλέα
199 2782 239 2850 είς
251 2775 387 2863 Χεβρών.
414 2780 465 2843 καί
482 2781 601 2846 διέθετο
615 2778 669 2845 αύ-
708 2779 859 2866 διέρρηξαν
868 2783 900 2844 οί
909 2792 984 2866 τρεῖς
992 2779 1048 2863 την
1057 2768 1247 2867 παρεμβολὴν
1258 2784 1316 2843 τῶν

58 2859 151 2936 τοῖςό
161 2859 297 2948 βασιλεύς
308 2863 406 2927 Λαυίδ
413 2859 558 2947 διαθήκην
568 2867 598 2928 ἐν
606 2871 667 2928 Χε-
708 2859 895 2944 ἀλλοφύλων.
922 2866 974 2928 καί
990 2860 1167 2944 ύδρεύσαντο
1188 2862 1265 2967 ὕδωρ
1283 2868 1316 2927 ἐκ

58 2944 140 3031 βρῶν
157 2951 254 3009 ἔναντι
271 2950 387 3026 κυρίου,
413 2948 464 3010 καί
482 2950 597 3032 ἔχρισαν
615 2945 668 3013 τὸν
706 2953 760 3012 τοῦ
772 2943 884 3011 λάκκου
897 2950 954 3011 τοῦ
967 2951 998 3010 ἐν
1011 2946 1168 3050 Βηθλεέμ,
1189 2943 1222 3020 ὃς
1237 2973 1272 3029 ην
1285 2950 1315 3010 ἐν

57 3028 158 3092 Λαυίδ
181 3033 221 3101 είς
237 3029 363 3113 βασιλέα
381 3032 430 3095 ἐπί
445 3027 569 3116 Ἰσραὴλ
588 3029 667 3097 κατὰ
705 3036 743 3121 τῇ
754 3029 851 3120 πύλη,
877 3033 927 3094 καί
940 3029 1052 3116 ἔλαβον
1069 3032 1120 3094 καί
1133 3031 1229 3114 ηλθον
1241 3028 1315 3114 πρὸς

58 3106 218 3189 τὸνλόγον
231 3118 333 3192 κυρίου
346 3111 665 3198 διὰχειρόςΣαμουηλ
707 3116 809 3179 Δαυίδ.
850 3116 900 3178 καί
917 3112 971 3179 ούκ
997 3112 1127 3197 ἠθέλησε
1144 3114 1241 3180 Δαυίδ
1257 3120 1315 3179 τοῦ

58 3195 75 3236 ⁴
90 3196 141 3258 καὶ
154 3191 306 3298 ἐπορεύθη
324 3191 488 3282 ὃβασιλεύς
502 3199 554 3262 καὶ
567 3197 667 3301 ἄνδρες
703 3210 779 3263 πιεῖν
792 3196 886 3271 αύτὸ,
910 3198 962 3262 καὶ
975 3200 1105 3263 ἔσπεισεν
1117 3196 1192 3263 αύτό
1207 3202 1250 3280 τῶ
1263 3225 1314 3262 κυ-

59 3276 156 3342 αύτοῦ
168 3282 206 3352 είς
230 3280 430 3363 Ιερουσαλίημ,
457 3276 533 3364 αύτη
547 3280 666 3368 Ἰεβους,
705 3288 771 3364 ρίῳ,
782 3282 811 3322 ¹⁹
822 3281 874 3342 καί
886 3279 971 3342 ἒῖπέί·
985 3276 1069 3353 ἳλέώς
1080 3305 1132 3362 μοι
1146 3279 1163 3342 ὃ
1176 3281 1246 3353 {hbe
1260 3285 1315 3343 τοῦ

57 3362 112 3426 καί
124 3365 183 3425 ἐκεῖ
193 3365 223 3424 οί
235 3360 406 3449 Ἰεβουσαίοι
419 3368 449 3427 σί
462 3371 667 3439 κατοικοῦντες
704 3366 830 3443 ποιῆσαι
849 3359 887 3423 τὸ
905 3364 984 3443 ρημα
997 3367 1090 3424 τοῦτο
1097 3411 1107 3437 ,
1134 3366 1160 3424 εί
1173 3362 1246 3442 αἷμα
1261 3360 1315 3427 ἆν-

56 3444 116 3527 τίην
132 3447 186 3526 γῆν
211 3443 320 3510 5εἶπον
338 3451 382 3530 τῷ
395 3448 501 3511 Δαυίδ.
528 3445 583 3510 οὐκ
600 3453 668 3520 εἰςι-
705 3447 785 3528 δρῶν
794 3437 910 3507 τούτων
919 3448 1027 3523 πίομαι
1041 3446 1070 3506 ἐν
1080 3455 1192 3524 ψυχαῖς
1202 3439 1314 3518 αὐτῶν,

58 3521 151 3608 λεύση
178 3516 242 3591 ῶδε.
280 3532 330 3593 καί
356 3524 595 3614 προκατελόβιτο
613 3527 668 3610 την
706 3525 753 3591 ὅτι
767 3528 797 3587 ἐν
809 3535 918 3608 ψυχαῖς
932 3521 1032 3588 αύτῶν
1047 3523 1179 3607 ἤνεγκαν.
1193 3525 1244 3586 καὶ
1258 3521 1314 3588 οὐκ

57 3600 198 3696 περιόχίγν
213 3607 301 3676 Σιῶν.
329 3608 407 3695 αύτη
429 3605 549 3694 ἡπόλις
563 3613 667 3675 Δαυίδ.
705 3604 843 3694 ἐβούλετο
856 3618 932 3670 πιεῖν
945 3603 1030 3670 αὐτό.
1058 3611 1156 3670 ταῦτα
1170 3609 1314 3688 ἐποίησαν

59 3696 140 3758 θκαί
153 3691 214 3758 εἶπε
225 3696 329 3760 Δαυίδ.
356 3702 416 3769 πᾶς
430 3691 549 3758 τύπτων
559 3691 666 3778 Ἰεβου-
706 3696 736 3757 οἱ
745 3703 821 3773 τρεῖς
833 3693 962 3754 δυνατοί.
973 3692 1004 3732 ²⁰
1011 3691 1061 3755 καί
1068 3689 1173 3775 Ἀβισίι
1187 3688 1314 3773 ἀδελφός

61 3787 149 3841 σαῖον
161 3779 193 3842 ἐν
204 3774 345 3864 πρώτοις,
355 3781 404 3843 καί
417 3781 501 3842 ἔσται
511 3781 550 3850 εἷς
560 3775 669 3860 ίίρχον-
704 3775 807 3858 Ἰωὰβ,
822 3765 912 3848 οὗτος
925 3762 959 3856 ἦν
968 3772 1068 3859 ι’ίρχων
1077 3779 1137 3840 τῶν
1148 3781 1247 3862 τριῶν,
1260 3769 1313 3841 ού-

60 3884 100 3924 τα
117 3862 168 3924 καί
186 3866 225 3936 εἷς
245 3859 420 3947 στρατηγόν.
447 3862 498 3924 καί
515 3858 604 3947 ἆνίβη
622 3858 666 3925 ἐπ’
707 3885 757 3935 τος
766 3854 919 3923 ἐσπάσατο
933 3855 985 3941 τὴν
995 3864 1145 3943 ῥομφαίαν
1157 3860 1251 3926 αὐτοῦ
1263 3864 1313 3926 ἐπί

60 3940 155 4027 αύτην
168 3942 338 4031 ἐνπρῶτοις
347 3945 441 4031 Ἰωὰβ
452 3944 669 4031 υίὸςΣαρουΐα,
705 3948 891 4030 τριακοσίους
908 3949 1091 4027 τραυματίας
1109 3948 1140 4008 ἐν
1151 3951 1246 4029 καιρῶ
1259 3949 1312 4022 ἐνὶ,

59 4029 113 4090 καί
126 4031 240 4105 ἐγένετο
253 4034 292 4104 είς
305 4027 446 4113 ἄρχοντα.
467 4031 536 4093 7καί
549 4024 668 4096 ἐκάθισε
706 4031 757 4095 καί
769 4019 857 4101 οὗτος
868 4026 902 4110 ἦν
913 4024 1075 4107 ὀνομαστὸς
1088 4032 1118 4093 ἐν
1131 4041 1193 4104 τοῖς
1207 4036 1310 4116 τρισίν.

59 4113 159 4175 Δαυίδ
177 4115 208 4178 ἐν
221 4118 258 4195 τῆ
272 4117 402 4197 περιοχῆ.
429 4111 478 4176 διὰ
494 4118 586 4179 τοῦτο
599 4110 668 4178 ἐκοί-
706 4111 804 4178 21οἰπὸ
818 4115 877 4175 τῶν
889 4115 979 4196 τριῶν
994 4107 1067 4196 ύπέρ
1080 4109 1149 4189 τούς
1162 4111 1216 4178 δύο
1230 4115 1310 4178 ἐνδο-

60 4192 142 4259 λεσεν
156 4187 261 4277 αύτίηύ,
275 4193 363 4260 πόλιν
375 4187 480 4260 ’Δαυίδ.
502 4199 579 4260 8καὶ
592 4196 668 4279 ᾠκο-
706 4199 768 4271 ξος,
793 4196 844 4261 καί
863 4182 899 4277 ἦν
917 4193 1018 4271 αὐτοῖς
1036 4202 1074 4272 είς
1094 4195 1238 4283 ἄρχοντα,
1263 4199 1314 4260 καί

61 4275 169 4361 δόμησε
186 4279 240 4362 τὴν
258 4277 346 4344 πόλιν
363 4275 472 4362 κύκλῳ.
498 4280 579 4345 9’καί
597 4285 670 4346 ἐπο-
707 4285 761 4353 ἕως
773 4284 833 4344 τῶν
843 4285 933 4361 τριῶν
946 4279 1000 4344 ούκ
1014 4279 1125 4367 ἤρχετο.
1141 4283 1171 4321 ²²
1179 4282 1230 4344 καὶ
1242 4284 1312 4343 Βα-

61 4358 164 4443 ρεύιτο
181 4365 282 4428 Δαυίδ
305 4359 499 4449 πορευόμενος
515 4366 565 4427 καί
580 4389 671 4445 μεγα-
708 4368 777 4427 ναία
792 4362 854 4437 υίὸς
863 4363 969 4428 Ἰωδαὲ
982 4366 1045 4438 υίὸς
1057 4361 1312 4444 ἀνδρὸςδυνατοῦ,

59 4441 234 4528 λυνόμενος,
261 4449 312 4511 καί
337 4443 438 4531 κύριος
454 4455 670 4533 παντοκράτωρ
707 4444 806 4510 πολλὰ
833 4449 906 4530 ἔργα
923 4445 1020 4510 αὐτοῦ
1041 4443 1114 4525 ὑπὲρ
1132 4440 1311 4539 Καβασαηλ.

58 4526 118 4610 μετ’
136 4526 242 4594 αὐτοῦ.
270 4531 364 4593 10καί
383 4520 468 4593 οὗτοι
486 4535 517 4593 oz
534 4528 671 4614 ίίρχοντες
709 4521 797 4601 οὗτος
807 4528 934 4602 ἐπάταξε
948 4526 1020 4598 τούς
1032 4520 1087 4595 δύο
1101 4522 1189 4604 ἀριίγλ
1197 4524 1316 4623 Μιυαβἐ

853 4611 886 4672 D
898 4610 920 4670 d
1270 4625 1325 4662 καί
