2924 4972
159 204 227 273 348
427 205 722 270 ΒΑΣΙΛΕΙΩΝ
760 209 920 269 πειτα
959 207 1088 284 Κεφςε
1101 207 1131 271 7.

159 327 220 407 τῆς.
245 325 298 388 καί
310 320 444 406 ἧνοίχετο
463 319 514 384 ἐπὶ
532 315 586 392 τάς
604 316 643 402 ἀρ
662 315 697 392 ῦς
709 321 771 381 τῶν
800 317 1007 401 Σαλωμώντά
1019 317 1104 404 σκεύη
1117 319 1323 405 άέποίηοενέν
1336 325 1412 405 οἴκῳ

160 411 263 496 χειρῶν
277 404 377 488 αὐτῆς.
403 405 434 447 ³⁶
447 403 499 467 καί
518 397 558 467 τά
577 427 651 478 συγκ
684 406 771 482 ίομα-
800 408 921 508 κυρίου,
947 399 984 467 τό
997 401 1209 509 θυσιαστηριον
1220 404 1256 469 τὸ
1269 411 1412 491 χρυσοῦν,

160 517 201 556 τα
227 489 319 573 αὐτῆς
334 488 486 574 Χερουβὶμ
510 487 562 549 καὶ
587 484 702 558 λέοντες
720 485 772 548 καὶ
801 510 853 548 και
864 483 920 570 τὴν
931 482 1082 572 τράπεζαν
1100 491 1136 569 ἐφ
1166 479 1343 575 ἧςοίάρτοι
1357 495 1412 573 τῆς

161 580 287 656 φοίνικες
312 575 445 646 ἑστῶτα,
484 565 620 653 ἐχόρευον
645 571 772 631 ἕκαστον
800 574 976 654 προςφοράς
987 575 1104 655 χρυσῆν.
1130 569 1214 636 49καὶ
1226 570 1280 648 τάς
1292 575 1411 656 λυχνίας

161 656 240 724 κατά
252 653 416 743 πρόςωπον
429 657 489 718 ἔσω
501 650 604 715 καὶτὰ
617 646 770 714 κυκλόθεν.
801 652 889 716 πέντε
902 655 933 727 ἐξ
946 651 1124 739 ἀριστερῶν,
1149 658 1202 720 καί
1217 653 1305 722 πέντε
1318 661 1351 721 έκ
1364 657 1410 721 δε-

161 744 191 784 ³⁷
204 738 268 806 κατ’
285 737 379 821 αὐτὴν
392 742 512 819 ἐποίησε
524 729 623 809 πάσας
635 731 690 808 τάς
702 735 773 798 δέκα
801 735 871 810 ξιῶν
887 734 967 800 κατά
983 734 1144 822 πρόςωπον
1160 743 1216 803 τοῦ
1234 741 1321 826 δαβίρ
1340 765 1409 823 χρυ-

161 824 307 926 μεχωνῶθ
331 818 414 899 τάξιν
438 826 510 903 μίαν
531 821 582 883 καί
606 819 714 904 μέτρον
740 824 772 882 ἓν
802 821 858 892 σάς
872 815 1105 902 συχκλεισμένας,
1127 825 1179 886 καί
1192 821 1231 886 τά
1244 823 1410 904 λαμπάδια,

161 932 281 982 παοαις.
308 906 338 948 ³⁸
352 907 404 970 καὶ
429 907 547 986 ἐποίησε
566 903 637 966 δέιια
661 925 772 984 χυτρο-
801 901 853 964 καί
865 898 936 976 τοῦς
950 897 1087 986 λύχνους,
1102 900 1410 991 καὶτάςέπαρύστρεις

163 991 293 1064 καύλους
310 988 436 1073 χαλκοῦς
454 981 678 1071 τεσσαράκοντα
694 995 771 1068 χοεῖς
801 989 919 1092 χνοῦς.
945 986 977 1029 ⁵⁰
989 989 1040 1050 καὶ
1062 985 1102 1050 τὰ
1122 986 1279 1073 πρόθυρα,
1304 996 1358 1054 καί
1379 993 1410 1055 οῖ

162 1079 321 1178 χωροῦντα
345 1071 401 1136 τόν
423 1076 474 1135 ἕνα
496 1063 700 1154 χυτρόκαυλον
719 1091 771 1149 με-
804 1009 887 1151 ηλοι,
905 1069 1002 1133 καίαῖ
1014 1064 1136 1148 σιάλων,
1157 1071 1260 1134 καὶτά
1272 1073 1410 1160 τρυβλία,

162 1182 260 1244 τρησει
273 1150 427 1240 τεσσάρων
438 1157 548 1236 πηχῶν.
567 1145 772 1236 χυτρόκαυλος
802 1152 854 1216 καί
875 1155 909 1215 αί
929 1152 1056 1215 θυΐσκαι
1079 1163 1197 1237 χρυσαῖ,
1221 1152 1409 1231 συμκλειστά.

166 1240 184 1306 ὁ
197 1243 237 1316 εἷς
250 1241 300 1304 ἐπί
311 1243 349 1331 τῇ
362 1236 506 1363 μεχωνῶθ
523 1239 560 1323 τῇ
577 1238 631 1318 μιᾷ
643 1245 710 1308 ταῖς
723 1233 772 1297 δέ·
803 1235 855 1300 καί
865 1231 906 1299 τόν
916 1230 1087 1320 θυρώματα
1100 1240 1161 1299 τῶν
1172 1242 1279 1320 θυρῶν
1291 1243 1348 1301 τοῦ
1362 1241 1411 1302 σι’-

163 1349 203 1389 κα
214 1317 370 1409 μεχωνώθ..
409 1320 490 1384 οκαὶ
507 1320 596 1382 δ’θετο
612 1313 668 1391 τάς
685 1320 772 1381 πέντε
802 1321 929 1383 κοντοῦ
947 1314 1103 1383 ἐσωτάτου
1123 1315 1210 1395 ἁγίου
1228 1324 1289 1383 τῶν
1306 1318 1410 1398 ἁγίων,

162 1433 198 1491 με
215 1402 307 1472 ιονώθ
320 1401 384 1467 άπό
398 1407 450 1485 τῆς
463 1399 557 1481 ῶμίας
570 1402 628 1465 τοῦ
641 1399 727 1463 οἴκου
740 1403 772 1464 ἐκ
803 1403 855 1466 καὶ
867 1397 921 1476 τάς
934 1397 1032 1488 θύρας
1044 1406 1101 1466 τοῦ
1113 1407 1188 1466 ναοῦ
1196 1428 1214 1487 χ
1234 1408 1316 1479 υσῦς.
1331 1406 1411 1469 51καί

163 1433 274 1566 δεξιῶν,
288 1488 340 1550 καὶ
356 1488 443 1549 πέντε
462 1481 526 1547 άπὸ
544 1488 596 1566 τῆς
610 1479 705 1565 ῶμίιις
718 1487 772 1546 τοῦ
803 1480 1003 1569 ἀνεπληρώθη
1019 1483 1056 1549 τό
1072 1487 1159 1569 ἔργον
1177 1482 1197 1550 ὃ
1214 1429 1332 1570 ίποίησι
1344 1495 1410 1552 Σα-

164 1574 249 1638 οίκου
267 1572 298 1646 ἐξ
315 1567 486 1653 ἇριοτερῶν.
514 1567 565 1630 καί
588 1561 772 1648 ηθάλασοα
803 1565 911 1649 λωμῶν
937 1568 1023 1633 οἴκου
1049 1576 1158 1654 κυρίου.
1196 1573 1249 1635 καί
1273 1569 1410 1655 εἰςηνεχκε

164 1653 228 1721 ἀπὸ
246 1657 300 1737 τῆς
317 1651 413 1736 ῶμίας
435 1653 492 1715 τοῦ
510 1649 597 1714 οἴκου
622 1651 655 1712 ἐκ
675 1648 773 1725 δεξιῶν
802 1648 959 1734 Σαλωμῶν
970 1648 1011 1714 τά
1029 1647 1100 1729 άγια
1114 1654 1213 1718 Δαυίδ
1225 1659 1281 1719 τοῦ
1294 1655 1410 1739 πατρὸς

164 1737 229 1805 κατ’
250 1734 402 1809 ἀνατολὰς
420 1729 485 1798 άπὸ
503 1737 558 1797 τοῦ
578 1731 695 1810 κλίτους
713 1738 770 1797 τοῦ
802 1731 911 1811 οῦτοῦ,
924 1734 977 1799 καί
988 1732 1090 1801 πάντα
1103 1732 1142 1801 τά
1156 1733 1227 1815 άχια
1240 1737 1408 1821 Σαλωμῶν,

163 1818 261 1886 νότου.
298 1820 332 1864 ⁴⁰
344 1819 396 1883 καί
422 1820 545 1898 ἐποίησε
572 1814 677 1899 Χιρὰμ
701 1815 772 1890 τοὺς
802 1813 839 1881 τό
858 1815 1000 1903 ἀργύριον
1026 1822 1076 1883 καί
1101 1818 1138 1884 τό
1162 1829 1282 1905 χρυσίον
1306 1821 1409 1885 καὶτὰ

162 1904 216 1989 λέβ
236 1928 288 1977 τας
304 1903 357 1967 καί
371 1897 465 1975 τάςθ
496 1911 633 1983 μαστρεῒς
650 1897 772 1973 καὶτὰς
803 1897 888 1984 σκεύη
906 1902 1013 1965 ἔδωκεν
1027 1907 1067 1977 είς
1082 1903 1154 1980 τοὺς
1169 1901 1344 1990 θησαυρούς
1361 1905 1408 1968 οἴ-

163 1984 219 2069 φιά
259 2011 281 2060 ς.
308 1987 359 2050 καί
377 1924 541 2048 συνετέλεσε
555 1980 660 2067 Χιράμ
677 1987 773 2048 ποιῶν
801 2010 855 2049 κου
881 1991 995 2069 κυρίου.
1022 1989 1099 2050 ικαί
1123 1988 1177 2052 τὸν
1201 1987 1283 2053 οίκου
1308 1990 1408 2072 έαυτῶ

162 2066 263 2136 πάντα
275 2066 315 2135 τὰ
332 2073 406 2156 ἔργα
424 2064 578 2150 άίποίησε
595 2070 639 2148 τῷ
656 2066 775 2151 βασιλεῖ
801 2064 974 2153 ᾠκοδόμησε
985 2068 1144 2151 Σαλωμῶν
1154 2072 1337 2155 τριςκαίδεκα
1349 2075 1408 2137 ἔτε·

162 2152 319 2236 Σαλωμῶν
332 2155 364 2216 έν
377 2152 451 2236 οἴκῳ
464 2156 578 2235 κυρίου.
604 2148 770 2225 41στύλους
801 2178 838 2218 σι.
863 2154 878 2194 ²
891 2153 942 2217 καί
955 2150 1128 2236 ᾠκοδόμησε
1141 2155 1195 2220 τόν
1208 2155 1293 2221 οἶκον
1305 2157 1407 2240 δρυμῷ

163 2234 218 2303 δύο
230 2239 282 2302 καί
294 2234 334 2300 τά
354 2236 487 2322 στρεπτὰ
504 2239 565 2301 τῶν
584 2232 702 2300 στόλων
719 2236 769 2299 ἰπὶ
800 2240 856 2302 τοῦ
877 2233 1022 2322 Λιβάνου.
1063 2236 1171 2303 ἑκατόν
1195 2236 1295 2322 πήχεις
1315 2244 1408 2338 μηκας

160 2326 223 2394 τῶν
239 2319 383 2402 ,κεφαλῶν
402 2323 464 2383 τῶν
487 2313 605 2383 στύλων
625 2313 690 2382 δύο.
717 2320 769 2382 καὶ
800 2317 905 2394 αὐτοῦ,
919 2323 970 2384 καί
981 2317 1164 2404 πεντήκοντα
1179 2318 1278 2407 πηχεις
1290 2320 1407 2399 πλατος

161 2405 201 2471 τά
218 2406 324 2471 δίκτυα
341 2399 395 2469 δύο
413 2404 470 2468 τοῦ
491 2397 650 2467 καλύπτειν
669 2396 769 2483 άμσό-
800 2401 912 2479 αὐτοῦ,
938 2405 990 2469 καί
1013 2404 1175 2489 τριάκοντα
1200 2410 1303 2491 πηχῶν
1330 2404 1407 2490 ὕψος

161 2514 232 2576 τερα
245 2487 284 2555 τά
302 2484 434 2575 στρεπτὰ
450 2491 511 2551 τῶν
529 2486 652 2565 χλυφῶν
664 2484 704 2549 τά
717 2483 768 2550 όν-
800 2485 905 2552 αὐτοῦ.
944 2489 996 2553 καί
1009 2493 1098 2573 τριῶν
1111 2496 1219 2574 στίχων
1230 2486 1350 2556 στύλιον
1360 2516 1408 2555 κε·

160 2599 201 2639 τα
214 2575 264 2638 ἐπί
282 2577 343 2636 τῶν
359 2567 483 2637 στύλων.
509 2568 609 2644 *λτάς
627 2569 701 2655 ρούς
720 2594 768 2634 τε·
799 2573 923 2657 δρίνων,
949 2576 1001 2637 καί
1014 2574 1103 2655 ῶμίαι
1121 2577 1247 2655 κέδρινον
1261 2587 1323 2649 τοῖς
1336 2570 1405 2639 στύ·

159 2662 324 2739 τρακοσίας
346 2653 527 2738 ἇμφοτέροις
548 2664 611 2727 τοῖς
631 2647 766 2727 δικτύοις.
799 2654 870 2730 λοις.
898 2656 977 2719 3καί
994 2654 1146 2739 ἒᾳάτυωσε
1163 2657 1216 2721 τὸυ
1230 2658 1313 2722 οἶκον
1325 2658 1405 2723 άνω·

159 2738 215 2805 δύο
237 2745 332 2836 στίχοι
350 2740 430 2821 ῥοῶν
448 2741 494 2817 τῶ
512 2733 623 2816 δικτύῳ
647 2740 691 2818 τῷ
715 2739 766 2810 ένί,
799 2749 852 2802 θεν
876 2740 926 2802 ἐπί
948 2745 1010 2803 τῶν
1026 2741 1165 2824 πλευρῶν
1189 2747 1249 2806 τῶν
1276 2739 1404 2807 στόλων.

159 2821 388 2907 περικαλυπτειν
404 2814 559 2901 ἀμφότερα
576 2816 615 2880 τά
634 2816 710 2881 ὄντα
726 2815 766 2882 τά
797 2823 847 2885 καί
860 2818 990 2905 άριθμός
1002 2827 1064 2888 τῶν
1076 2821 1192 2889 στόλων
1205 2821 1405 2906 τεσσαράκον-

159 2901 292 2988 στρεπτίι
303 2906 356 2985 τῆς
367 2900 513 3027 μεχωνῶθ
526 2897 570 2965 ἐπ’
587 2898 765 2986 ἀμφοτέροις
797 2928 836 2969 τα
850 2906 901 2970 καί
914 2909 999 2970 πέντε
1011 2904 1029 2970 ό
1044 2915 1154 2992 στίχος,
1179 2909 1251 2972 4κοιὶ
1263 2907 1406 2992 μελαθρα

158 3001 224 3064 τοῖς
237 2983 363 3060 στύλοις.
411 2985 491 3048 3καί
505 2984 543 3046 τά
561 2981 765 3069 μεχωνῶθδέ-
797 2995 881 3072 τρία,
907 2991 958 3054 καί
976 2996 1060 3076 χῶρα
1079 2995 1128 3056 ἐπί
1150 2997 1251 3078 χῶραν
1268 2996 1403 3079 τρισσῶς.

158 3099 217 3147 κιιι,Ι
237 3071 290 3134 καί
306 3064 378 3166 τοὺς
392 3063 611 3151 χυτροκαύλους
628 3069 700 3132 δέκα
712 3071 765 3134 ἐπὶ
797 3074 875 3136 ὅκαί
899 3070 1002 3138 πάντα
1028 3074 1067 3140 τά
1091 3073 1271 3160 θυρώματα,
1293 3080 1346 3141 καὶ
1370 3080 1404 3139 αῖ

157 3160 219 3220 τῶν
231 3160 384 3237 μεχωνεοθ.
414 3148 448 3190 ⁴⁴
461 3150 514 3215 καί
529 3149 584 3233 τὴν
600 3147 764 3219 θάλασσαν
795 3160 889 3241 χῶραι
919 3153 1100 3241 τετράγωνοι
1132 3161 1402 3245 μεμελαθρωμέναι.

155 3243 240 3319 μίαν,
263 3236 314 3301 καί
326 3228 396 3310 τοῦς
407 3228 481 3321 βόας
493 3228 607 3300 δώδεκα
621 3231 764 3301 ὑποκάτω
796 3241 847 3304 καί
864 3237 928 3305 άπό
947 3247 1004 3306 τοῦ
1025 3239 1209 3327 θυρώμαῐος
1232 3247 1285 3309 ε’πί
1301 3240 1403 3328 θύραν

155 3326 209 3407 τῆς
229 3314 396 3404 θαλάσσης.
424 3316 457 3362 ⁴⁶
470 3319 522 3383 καὶ
544 3319 616 3396 τοῦς
639 3319 764 3425 λέβητας
796 3327 931 3408 τρισοῶς.
958 3327 1035 3391 6καί
1048 3328 1084 3392 τὸ
1097 3326 1190 3411 αίλάμ
1201 3334 1262 3394 τῶν
1274 3325 1402 3405 στύλωυ,

154 3410 206 3471 καί
223 3402 277 3481 τὰς
295 3413 491 3489 θερμαστρεῐς
513 3406 564 3470 καί
580 3402 635 3482 τὰς
653 3407 763 3486 φιαλας
796 3404 980 3493 πεντήκοντα
991 3415 1097 3494 μῆκος,
1111 3413 1162 3476 καί
1175 3408 1360 3497 πεντήκοντα
1372 3415 1403 3476 ἰν

155 3491 207 3557 καὶ
218 3485 319 3556 πάντα
332 3487 372 3552 τά
382 3486 480 3590 σκεύη,
491 3482 513 3552 ά
525 3491 643 3572 ἐποίησε
657 3488 764 3575 Χιράμ
795 3489 901 3557 πλάτει
919 3495 1082 3576 λζυχωμένα
1101 3492 1194 3578 αίλάμ
1216 3500 1268 3561 ἐπὶ
1284 3492 1402 3579 πρόςω-

153 3579 199 3659 tq}
210 3574 326 3662 βασιλεῖ
334 3571 492 3658 Σολωμων
503 3576 548 3655 τῷ
562 3573 635 3656 οἴκῳ
647 3577 761 3655 κυρίου.
795 3600 856 3640 πον
869 3574 979 3642 αὐτῶν.
1002 3582 1052 3642 καὶ
1065 3575 1168 3644 στύλοι
1181 3581 1232 3643 καί
1244 3575 1340 3659 πάχος
1351 3578 1401 3637 ἐπὶ

152 3660 206 3722 καὶ
217 3661 249 3721 ολ
261 3652 365 3722 στύλοι
378 3650 604 3738 τεσσαράκοντα
617 3658 668 3719 καί
680 3654 762 3722 όκτῶ
794 3656 954 3745 πρόςωπον
970 3657 1062 3743 αὐτῆς
1080 3674 1143 3736 τοῖς
1166 3662 1296 3742 αἰλαμίν.
1323 3658 1337 3699 ⁷
1349 3658 1401 3719 καὶ

152 3744 209 3805 τοῦ
222 3741 308 3802 οἴκου
320 3743 377 3802 τοῦ
390 3733 536 3823 βασιλέως
548 3740 666 3804 καὶτοῦ
677 3741 761 3805 οἴκου
793 3742 832 3808 τὸ
844 3741 937 3826 αίλάμ
955 3748 1016 3808 τῶν
1032 3740 1153 3827 θρόνων
1171 3735 1209 3808 ού
1228 3750 1319 3822 κρινεῖ
1332 3740 1400 3813 ἐκεῖ,

152 3828 266 3904 κυρίου.
292 3816 394 3885 πάντα
408 3819 533 3904 τόνέργα
548 3827 605 3887 τοῦ
616 3821 763 3909 βασιλέως
794 3821 886 3905 αῑλᾶμ
906 3828 963 3889 τοῦ
984 3833 1147 3910 κριτηρίου.
1173 3824 1253 3888 8καὶ
1275 3818 1293 3885 ὁ
1317 3818 1399 3896 οἶκος

152 3902 176 3989 δι’
188 3908 308 3985 ἐποίησε
323 3903 429 3989 Χιράμ
440 3905 537 3990 χαλκᾶ
550 3904 653 4011 άρδηυ.
669 3903 761 3968 47οῦκ
792 3902 894 3968 αὐτῶν
906 3907 937 3969 ἐν
950 3898 977 3989 ᾧ
990 3906 1157 4006 καθησεται
1170 3910 1238 3979 ἐκεῖ,
1252 3902 1330 3984 αῦλύχ
1345 3911 1400 3986 μία

152 3989 189 4071 ἦν
213 3983 349 4069 σταθμός
372 3992 428 4051 τοῦ
449 3988 563 4073 χαλκοῦ
583 4012 622 4052 ου
641 3991 760 4065 ἐποίησε
791 3985 996 4071 έξελιοσομὲνη
1011 4014 1130 4064 τουτοις
1153 3988 1231 4052 κατὰ
1252 3984 1290 4051 τό
1312 3991 1400 4071 έρνσν

152 4065 254 4134 πάντα
278 4070 318 4132 τά
343 4071 416 4151 ἔργα
440 4075 539 4136 ταῦτα
564 4072 596 4134 ἰκ
619 4063 759 4150 πλήθους
791 4072 894 4134 τοῦτο.
921 4073 972 4136 καί
987 4070 1267 4157 οἷκουτῆθυγατρί
1281 4074 1398 4152 Φαραὼ

153 4149 282 4235 σφόδρα.
318 4149 373 4216 οῦκ
386 4142 422 4235 ἦν
433 4149 528 4237 τέρμα
541 4155 602 4216 τῶν
615 4154 759 4233 σταθμῶν
791 4148 828 4236 ἣν
848 4151 940 4240 ἔλαβε
960 4148 1119 4238 Σαλωμῶν
1142 4155 1221 4221 κατὰ
1244 4155 1281 4219 τό
1305 4153 1397 4238 αι’λάμ

153 4241 208 4302 τοῦ
226 4233 347 4320 χαλκοῦ.
387 4234 420 4277 ⁴⁰
433 4239 465 4300 έν
483 4237 526 4337 tt}
544 4239 686 4319 περιοίκῳ
703 4240 759 4301 τοῦ
790 4241 892 4303 τοῦτο.
930 4234 1059 4304 9πάντα
1071 4244 1170 4305 ταῦτα
1183 4244 1215 4304 ἐκ
1234 4240 1333 4303 λίθων
1351 4265 1397 4304 τι-

152 4318 305 4405 Ἰσρδάυου
316 4309 471 4402 ἕχώυευσεν
482 4311 561 4381 αυτά
572 4319 604 4381 ἐν
615 4323 660 4402 τῶ
673 4315 759 4404 πάχει
789 4326 866 4404 μίων
881 4322 1082 4407 κεκαλυμμένα
1099 4327 1130 4388 έκ
1148 4321 1349 4408 διαστήματος
1367 4326 1398 4387 έ-

149 4409 203 4508 της
222 4409 275 4488 γῆς
294 4396 443 4485 άναμέσον
463 4395 596 4484 Σοκχῶθ
615 4404 667 4468 καί
684 4399 758 4468 άνα-
791 4415 890 4472 σωθεν
909 4408 960 4471 καί
976 4410 1009 4471 ἐκ
1028 4413 1083 4474 τοῦ
1106 4407 1244 4491 θεμελίου
1263 4412 1318 4484 ἕως
1335 4411 1397 4472 τῶν

150 4516 239 4573 μεσον
252 4482 351 4576 Σειρά.
371 4488 458 4554 48καὶ
470 4485 578 4573 ἐλαβεν
592 4483 609 4553 ό
621 4486 757 4576 βασιλεὺς
789 4494 900 4575 χεισῶν.
920 4493 970 4557 καί
984 4493 1103 4577 ἔξωθεν
1115 4499 1154 4570 είς
1166 4492 1219 4578 τὴν
1233 4490 1398 4638 αῦληυχίχν

1274 4597 1398 4654 utra-qv
