2924 4972
171 224 214 287 94
489 222 718 282 ΕΞΟΛΟΣ
754 210 1095 294 Κεφ.λς’.λζ.36.37.

171 340 407 422 συμπεπλεγμένα
419 340 488 404 καθ’
505 336 602 403 ἑαυτά.
623 337 778 415 ὅίξαῦτοῦ
807 340 959 419 ἐπέθηκαν
983 337 1034 400 ἐπί
1058 335 1097 400 τά
1123 332 1178 401 δύο
1203 332 1345 421 πτερύγια
1371 339 1416 400 ἐπ’

170 425 314 506 ἐποίησαν
331 422 407 488 αῦτὸ
425 418 503 485 κατά
515 417 569 503 τὴν
580 419 676 485 αὐτοῦ
687 425 777 503 ποίη·
808 418 902 502 άκρου
914 422 969 483 τοῦ
986 418 1116 497 λογείου,
1141 420 1192 482 καί
1211 421 1262 483 ἐπὶ
1276 414 1311 482 τά
1325 418 1417 500 άκρον

171 531 225 581 σιν,
239 506 466 592 ἐκχρυσίσυ,καί
479 500 777 589 ῦακίνθσυ,καίπορ-
808 508 864 567 τοῦ
888 500 1030 567 ὄπισθίου
1053 505 1106 585 τῆς
1129 501 1275 584 ἐπωμίδος
1294 504 1414 565 ὲίτωθεν.

172 584 276 673 φύρας,
289 589 340 651 καί
350 590 484 650 κοκκίνου
492 584 718 669 διανενησμένου,
728 588 778 650 καί
809 589 840 631 ²⁰
853 586 905 650 καλ
921 587 1064 668 ἐποίησαν
1084 583 1138 649 δύο
1157 584 1329 657 δακτυλίους
1346 610 1415 667 χρυ-

170 669 283 756 βύσσου
308 668 514 751 κεκλωσμένης,
538 669 623 740 καθά
642 672 778 747 συνέταξε
810 674 892 746 σοῦς,
917 669 970 732 καί
993 671 1152 752 ἐπέθηκαν·
1165 666 1209 732 ἐπ’
1231 664 1417 771 άμφοτέρορς

170 748 268 835 κύριος
279 754 325 831 τῷ
333 756 463 841 Μωυσῇ.
478 753 551 816 6καί
562 755 707 835 ἐποίησαν
719 751 777 835 άμ-
809 752 880 828 τούς
892 749 989 833 ὤμους
997 756 1050 834 τῆς
1059 751 1204 833 ἐπωμίδος
1216 758 1347 813 κατωθεν
1360 762 1414 812 αυ-

171 836 314 916 ηοτέρους
332 830 401 909 τοῦς
417 834 523 909 λίθους
539 840 592 919 τῆς
605 830 777 920 σμαράγδου
810 838 874 912 τοῦ,
887 830 966 899 κατά
978 829 1138 919 πρόςωπον
1149 832 1227 899 κατά
1240 831 1293 916 την
1307 836 1413 916 συμβο-

171 919 527 1002 συμπεπορπημένουςκαί
536 919 777 1005 περισεσιαλωμέ-
809 917 862 1001 λίην
874 915 990 981 ἄνωθέν
1001 922 1053 1001 τῆς
1066 922 1192 1001 συίυφῆς
1201 920 1252 998 ῐῆῖ
1262 919 1413 995 ἶπωθωθς·

170 1023 237 1074 νους
248 1005 367 1084 χρυσίῳ,
380 1001 587 1083 γεγλυμμένους
599 1005 651 1067 καί
663 1006 777 1073 ἐκκεκο-
808 1002 901 1065 21καί
919 1002 1088 1081 συνέσφιγξε
1104 997 1141 1064 τδ
1153 1000 1266 1078 λογεῖον
1279 995 1342 1063 άπὸ
1357 1002 1415 1060 τιῦν

170 1081 331 1166 λαμμένους
359 1080 529 1167 ίγκόλαμμα
558 1088 719 1171 σφραγίδος
744 1087 777 1148 ἐκ
808 1083 973 1149 δακτυλίων
983 1086 1044 1148 τοῖν
1056 1081 1100 1148 ἐπ’
1117 1081 1213 1148 αῦτοῦ
1224 1087 1264 1157 είς
1279 1079 1349 1156 τοῦς
1361 1082 1416 1145 δα-

170 1171 231 1231 τῶν
244 1161 397 1249 ὀνομάτων
408 1172 468 1232 τῶν
480 1165 688 1255 υῖιῦνἿσραῦλ.
707 1169 777 1233 7καί
808 1167 943 1243 κτυλίους
960 1172 1014 1252 τῆς
1031 1169 1192 1250 ἐπωμίδος,
1217 1168 1417 1250 συνεχομένους

170 1252 313 1334 ἐπέθηκεν
332 1249 441 1326 αὐτούς
458 1254 508 1315 ἐπὶ
524 1252 594 1327 τοὺς
610 1252 707 1336 α’ίμους
725 1256 777 1336 τῆς
808 1255 840 1315 ἐκ
852 1255 904 1333 τῆς
917 1247 1076 1328 ὑακίνθου,
1100 1248 1366 1332 συμπεπλεγμένους
1378 1252 1416 1321 είς

170 1335 325 1417 ἐπωμίδος,
336 1335 441 1409 λίθους
448 1330 629 1417 μνημοσῦνου
639 1340 698 1399 τῶν
706 1339 778 1399 υίιῦν
808 1334 844 1399 τὸ
858 1330 982 1417 ῦφασμα
994 1338 1046 1418 τῆς
1062 1335 1226 1417 ἐπωμίδος,
1248 1338 1298 1395 ἵνα
1310 1327 1348 1414 μὴ
1360 1357 1415 1416 χα-

170 1414 304 1497 Ἰσραηλ,
341 1414 427 1479 καθά
452 1419 585 1492 συνέταξε
609 1414 707 1502 κύριος
732 1422 778 1499 τῷ
809 1418 899 1482 λῦσαι
921 1415 958 1482 τὸ
974 1417 1088 1496 λογεῖον
1106 1416 1168 1482 ἀπὸ
1191 1421 1244 1500 τῆς
1262 1417 1415 1495 ἐπωμίδος,

172 1502 299 1577 Μωυσῆ.
316 1499 393 1560 8καί
404 1501 545 1580 ἐποίησαν
557 1497 680 1576 λογεῖον,
693 1501 779 1583 ἔργον
810 1497 894 1565 καθά
923 1504 1057 1577 συνέταξε
1085 1495 1184 1584 κύριος
1213 1525 1261 1581 τῳ
1285 1501 1413 1579 Μωυσῆ.

171 1575 304 1660 ῦφαντὸν
318 1578 465 1662 ποικιλίᾳ,
490 1576 568 1643 κατά
580 1580 616 1644 τὸ
630 1584 716 1666 ἔργον
727 1587 779 1664 τῆς
810 1586 840 1625 ²²
848 1584 899 1646 καί
911 1585 1054 1665 ἐποίησαν
1065 1578 1119 1645 τὸν
1133 1578 1247 1646 ῦποδύτ
1295 1577 1353 1644 ῦπδ
1364 1571 1417 1663 τέχν

171 1664 331 1745 ἐπωμίδος,
357 1666 389 1727 ἐκ
400 1668 536 1748 χρυσίου,
559 1665 611 1728 καὶ
623 1660 778 1742 ῦακίνθου,
810 1665 953 1748 ἐπωμίδα,
970 1668 1056 1767 ἔργον
1067 1660 1208 1745 ῦφαντδν,
1231 1661 1250 1727 ά
1287 1661 1416 1728 νῦακίν-

172 1747 223 1810 καὶ
235 1741 410 1829 πορφύρας,
436 1749 487 1810 καὶ
502 1753 637 1812 κοκκίνου
650 1750 778 1832 διανενη-
809 1759 903 1813 θινον.
928 1749 957 1789 ²³
969 1772 1005 1811 το
1025 1746 1056 1812 δὲ
1075 1742 1261 1832 περιστάμιον
1272 1751 1327 1810 τοῦ
1341 1744 1416 1811 ῦπο-

173 1830 345 1910 σμε’νου,καί
355 1824 464 1914 βύσσου
476 1829 675 1915 κεκλωσμένης.
704 1835 776 1896 θτε-
810 1827 900 1896 δίνου
924 1832 956 1894 ἐν
971 1835 1016 1913 τῷ
1032 1832 1112 1913 μέσῳ
1130 1832 1324 1912 διυφασμένον
1344 1856 1416 1911 συμὸ

172 1906 324 1995 τράγωνον
332 1911 455 1976 δὲπλοῦν
463 1914 604 1996 ἐποίησαν
611 1915 648 1979 τὸ
656 1915 777 1993 λογεῖον.
811 1912 946 1989 πλεκτὸν,
964 1911 1028 1978 δίαν
1040 1917 1106 1998 ἔχον
1117 1909 1216 1996 κύκλῳ
1228 1913 1265 1977 τὸ
1278 1908 1416 1996 mmmd-

173 1999 327 2078 σπιθαμῆς
338 1992 375 2059 τὸ
387 2001 492 2079 μῆκος,
518 1999 569 2061 καί
581 2003 732 2083 σπιθαμῆς
744 1995 779 2063 τὸ
810 2022 876 2080 μων
893 1993 1060 2063 ἀδιάλυτον.
1097 1998 1129 2039 ²⁴
1142 2000 1192 2061 καί
1210 2000 1354 2081 ἐποίησαν
1366 1998 1416 2060 ἐπὶ

173 2065 255 2162 εῦρος
280 2077 409 2143 διπλοῦν.
446 2081 475 2123 ¹⁰
487 2081 540 2144 καὶ
562 2079 733 2165 συνυφάνθη
750 2084 781 2146 ἐν
810 2085 866 2145 τοῦ
884 2076 1019 2162 λωίματος
1037 2082 1094 2144 τοῦ
1113 2076 1262 2145 ῦποδύτου
1281 2075 1417 2144 κάτωθεν

173 2160 256 2245 αὐτῷ
275 2157 295 2225 δι’
318 2187 398 2244 ασμα
409 2158 575 2228 κατάλιθον
584 2162 778 2252 τετράστιχον.
811 2160 852 2239 ιῦς
864 2160 1043 2247 ίξανθοῦσης
1055 2157 1128 2250 ῥόας
1140 2166 1291 2249 (ίοίσκους,
1317 2166 1348 2239 ἐξ
1361 2159 1416 2226 ῦα-

174 2250 272 2329 στίχος
295 2186 406 2322 λίθων,
432 2241 553 2334 σάρδιον
570 2252 622 2313 καὶ
637 2245 780 2325 τοπάζιον
810 2254 929 2324 κίνθσυ,
953 2249 1005 2312 καὶ
1021 2242 1192 2332 πορφύρας,
1217 2249 1269 2311 καὶ
1281 2252 1416 2312 κοκκίνου

172 2329 223 2391 καί
240 2327 421 2415 σμάραγδος,
446 2326 573 2438 ῦστίχος
590 2329 667 2407 ῦείς.
692 2336 717 2375 ¹¹
730 2335 780 2397 καί
811 2332 993 2415 νενησμένου,
1018 2332 1070 2395 καὶ
1085 2326 1196 2416 βύσσου
1211 2330 1413 2411 κεκλασμένης.

172 2407 190 2475 ὁ
205 2417 303 2497 στίχος
315 2409 333 2477 ὁ
346 2409 486 2500 δεύτερος,
508 2418 625 2503 ανθραξ
635 2417 687 2480 καί
700 2412 780 2482 σάπ-
809 2416 839 2458 ²¹
851 2417 901 2478 καί
914 2417 1055 2499 ἐποίησαν
1066 2409 1205 2488 κιάδωνας
1216 2417 1352 2498 χρυσοῦς,
1364 2415 1415 2476 καί

172 2521 270 2582 ςειρος
293 2498 345 2562 καί
365 2499 472 2574 ἴασπις.
498 2503 526 2543 ¹²
538 2502 590 2566 καί
609 2497 627 2566 ὃ
647 2497 778 2586 οτίχοςῦ
811 2501 962 2583 ἐπέθηκαν
978 2495 1047 2573 τοῦς
1065 2493 1203 2571 κώδωνας
1221 2498 1271 2559 ἐπὶ
1282 2495 1318 2560 τὸ
1331 2495 1414 2579 λῶμιι

170 2587 280 2664 τρίτος,
290 2577 417 2666 λιγύριον
426 2586 477 2646 καί
485 2579 596 2683 άχάτης
605 2587 657 2649 καὶ
665 2584 779 2666 άμέθυ-
810 2589 866 2648 τοῦ
883 2577 1034 2649 ῦποδύτου
1060 2576 1157 2664 κύκλῳ
1176 2576 1233 2644 άνά
1252 2582 1341 2662 μέσον
1356 2584 1415 2644 τῶν

172 2687 248 2735 στος.
271 2660 392 2727 18καίδ
406 2671 454 2727 στί
469 2691 501 2738 ος
514 2690 532 2727 ο
545 2671 696 2749 τέταρτος,
708 2692 780 2750 χρυ·
811 2669 947 2748 ῥοίσκων.
973 2668 1004 2708 ²⁶
1017 2660 1120 2728 κάδων
1141 2667 1265 2748 χρυσοῦς
1283 2665 1333 2727 καί
1350 2664 1415 2769 βοί-

171 2739 292 2814 σόλιθος
308 2747 359 2805 καὶ
369 2740 445 2827 βηρῦ
492 2768 526 2808 ον
537 2749 589 2808 καί
601 2742 716 2828 ὀνύχων
726 2773 779 2810 πε-
810 2771 878 2818 σκος
898 2748 949 2809 ἐπὶ
963 2751 1020 2809 τοῦ
1039 2741 1175 2826 λάματος
1191 2751 1246 2811 τοῦ
1266 2742 1415 2811 ῦποδυτου

171 2823 398 2907 ρικεκυκλωμθα
409 2830 526 2908 χρυσίῳ,
551 2828 603 2890 καί
617 2828 779 2911 συνδεδεμέ-
809 2823 917 2909 κύκλῳ,
943 2833 982 2902 εἷς
994 2826 1029 2891 τὸ
1043 2828 1224 2914 λειτουργεῖν,
1249 2828 1334 2894 καθά
1347 2853 1415 2896 συν-

170 2932 207 2973 να
230 2912 348 3014 χρυσίῳ.
386 2907 480 2970 14καί
504 2912 535 2972 ol
553 2908 636 2974 λίθοι
654 2899 729 2993 ἦσαν
745 2913 778 2975 έκ
809 2911 892 2986 έταξε
903 2905 1002 2997 κύριος
1013 2915 1060 2994 τοῦ
1072 2918 1203 2997 Μωυσῆ.
1215 2914 1300 2978 27καί
1312 2915 1415 2996 ἐποίη-

170 2996 231 3056 τοῖν
249 2985 403 3071 ονομάτων
419 2995 480 3054 τῶν
499 2995 571 3055 υῖιῦν
584 2990 706 3078 Ἰσραὴλ
718 2988 778 3059 διά-
809 3016 864 3058 σαν
874 2999 997 3078 χιτῶνας
1009 2986 1414 3082 βυσσίνους,’ὲργ”ονῦφαντὸν,

170 3076 253 3149 δεκα,
278 3075 312 3134 ἐκ
332 3077 393 3136 τιῦν
410 3069 564 3153 ὀνομάτων
581 3073 681 3140 αῦτοῦν
698 3080 778 3155 ἐγγε-
803 3073 920 3161 Ἀαροῦν
931 3080 1052 3154 καὶτοῖς
1063 3082 1137 3155 υίοῖς
1147 3077 1253 3157 αῦτοῦ,
1265 3083 1353 3144 ἳῧκαλ
1362 3077 1415 3155 τάς

168 3157 315 3238 γλυμμίνα
340 3159 379 3229 είς
405 3158 581 3242 σφραγῖδας,
608 3163 730 3235 ἕκαστος
745 3165 778 3226 ἐκ
808 3160 932 3247 κιδάρεις
945 3158 1112 3248 ἐκβύσοου,
1137 3164 1188 3228 καί
1199 3162 1254 3246 τὴν
1262 3169 1370 3245 μίτραν
1383 3166 1414 3227 ἐκ

169 3245 224 3304 τοῦ
246 3240 356 3302 ἑαυτοῦ
374 3235 519 3322 ὀνόματος
537 3247 576 3318 είς
592 3239 647 3318 τάς
665 3240 778 3309 δώδεκα
807 3241 934 3330 βύσσου,
959 3246 1011 3309 καί
1027 3245 1066 3311 τά
1084 3272 1120 3312 πε
1140 3245 1239 3330 ισκέλη
1253 3248 1284 3309 ἐκ
1301 3242 1414 3333 βύσσου

169 3317 273 3404 φυλάς.
295 3321 386 3388 16καί
399 3325 541 3407 ἐποίησαν
553 3326 605 3391 ἐπὶ
615 3323 652 3391 τά
664 3327 778 3406 λογεῖον
808 3327 1011 3414 κεκλωσμένης,
1036 3331 1067 3372 ²⁹
1081 3357 1133 3395 και
1144 3327 1199 3404 τάς
1210 3325 1303 3406 ζάνας
1315 3326 1416 3394 αῦτιῦν

169 3402 317 3491 κρωσσοὺς
330 3408 606 3492 συμπαελτγμένους,
628 3413 715 3497 ἔργον
727 3415 777 3494 ἐμ
808 3413 840 3475 ἐκ
851 3407 976 3498 βύσσου,
993 3415 1045 3478 καί
1058 3410 1216 3492 ῦακίνθου,
1234 3415 1285 3479 καί
1297 3407 1414 3496 πορφύ-

168 3491 309 3568 πλοκίσυ,
335 3495 498 3598 έκχρυσίου
511 3499 659 3580 καθαροῦ.
685 3496 778 3561 16καί
807 3520 875 3581 ρας,
899 3498 951 3561 καί
974 3503 1108 3563 κοκκίνου
1124 3503 1303 3582 νενησμένου,
1330 3501 1415 3576 ἔργον

168 3579 239 3639 ἐποί
257 3598 313 3640 σαν
326 3569 380 3638 δύο
392 3575 566 3652 ασπιδίοκας
576 3580 701 3660 χρυσοῖς,
726 3581 778 3644 καί
806 3580 962 3645 ποικιλτοῦ
967 3633 977 3658 ,
999 3577 1035 3646 ὃν
1046 3577 1160 3667 τρόπον
1171 3584 1304 3656 συνέταξε
1317 3576 1414 3663 κύριος

168 3654 224 3720 δύο
236 3603 409 3731 δακτυλίους
433 3662 547 3740 ρυσοῦς.
564 3660 616 3722 καὶ
625 3663 777 3746 ἐπέθηκαν
808 3667 851 3748 τῷ
865 3670 995 3749 Μωυσῆ.
1013 3665 1102 3727 δοκοί
1114 3665 1258 3743 ἐποίησαν
1268 3662 1305 3724 τὸ
1318 3665 1414 3725 πέτα-

168 3738 239 3812 τοὺς
257 3733 311 3802 δύο
327 3683 498 3814 δακτυλίους
511 3739 581 3817 τούς
592 3749 716 3827 χρυσοῦς
727 3745 772 3812 ἐπ’
807 3747 860 3812 λον
872 3748 908 3813 τὸ
920 3738 1059 3833 χρύσοῦν,
1083 3738 1236 3829 άφόρισμα
1247 3747 1302 3807 τοῦ
1315 3740 1412 3818 άγίου,

170 3819 341 3905 ἀμφοτέρας
369 3820 423 3897 τάς
448 3819 542 3907 άρχάς
571 3832 629 3891 τοῦ
652 3829 775 3907 λογείου.
806 3837 926 3914 χρυσίου
936 3830 1084 3912 καθαροῦ.
1096 3828 1148 3889 καί
1159 3828 1288 3911 ἔγραφεν
1300 3821 1344 3887 ἐπ’
1357 3820 1413 3884 αῦ-

169 3906 260 3968 17καί
278 3907 431 3988 ἐπέθηκαν
447 3906 487 3972 τά
507 3905 650 3990 ἐμπλόκια
662 3915 694 3976 ἐκ
706 3938 776 3998 χρυ-
806 3917 861 3975 τοῦ
872 3907 1031 4014 γράμματα
1050 3911 1270 3990 ἐκτετυπωμένα
1284 3911 1412 3991 σφραῖῖ·

169 3993 234 4052 σίου
247 3989 297 4052 ἐπὶ
309 3985 379 4064 τοῦς
396 3990 568 4068 δακτυλίους
585 3993 629 4058 ἐπ’
645 3992 776 4077 άμφοτέ-
807 3993 867 4068 δος,
883 3998 1016 4073 αγίασμα
1027 3997 1126 4077 κυρίῳ.
1158 3993 1184 4033 ³¹
1197 3993 1248 4054 καί
1261 3993 1413 4072 ἐπέθηκαν

169 4095 229 4155 ρων
241 4074 301 4149 τῶν
314 4075 408 4156 μερῶν
419 4078 474 4138 τοῦ
485 4075 607 4154 λογείου.
633 4079 662 4120 ¹⁸
674 4078 725 4140 καί
737 4081 776 4152 είς
806 4077 857 4140 ἐπί
868 4075 903 4147 τὸ
918 4074 1003 4156 λῶμα
1015 4069 1198 4149 ῦακίνθινον,
1223 4070 1293 4148 άίςτε
1306 4075 1411 4137 ἐπικεῖ-

167 4150 222 4228 τάς
247 4149 302 4218 δύο
327 4156 473 4237 συμβολάς
494 4157 533 4223 τά
551 4155 604 4225 δύο
621 4156 774 4242 ἐμπλάκια.
807 4167 881 4224 σθαι
894 4159 945 4222 ἐπὶ
956 4153 1009 4240 τὴν
1020 4163 1126 4242 μίτραν
1143 4156 1271 4233 άνιοθεν,
1295 4152 1330 4221 ὃν
1341 4152 1412 4241 τρό·

166 4239 218 4301 καί
231 4239 383 4321 ἐπέθηκαν
398 4241 447 4304 ἐπί
459 4240 514 4316 τάς
526 4237 579 4306 δύο
593 4240 774 4318 άσπιδίσκας.
805 4263 864 4305 πον
875 4242 1010 4316 συνέταξε
1027 4235 1126 4324 κύριος
1138 4245 1182 4324 τῷ
1195 4246 1328 4333 Μωυσῇ.

165 4321 218 4385 καὶ
231 4324 381 4406 ἐπέθηκαν
389 4325 440 4388 ἐπὶ
452 4320 519 4400 τούς
528 4323 625 4407 ιάμους
633 4329 686 4408 τῆς
694 4329 776 4390 ἐπω-
1069 4328 1179 4388 XM).
1208 4320 1291 4388 AZ'.

164 4405 248 4480 μίδος
257 4408 418 4482 ἐξεναντίας
427 4404 679 4491 κατάπράςωπον.
690 4408 776 4473 19καί
807 4408 878 4489 cap.
886 4409 936 4482 36,
944 4374 1060 4472 &Kaz
1085 4409 1227 4491 ἐποίησαν
1257 4412 1294 4501 τῇ
1322 4409 1411 4497 σκηνῇ

166 4491 308 4574 ἐποίησαν
319 4484 374 4556 δύο
387 4489 559 4566 δακτυλίους
570 4493 702 4578 χρυσοῦς.
724 4491 775 4554 καί
806 4490 877 4556 δέκα
889 4488 1024 4570 αῦλαίας.
1062 4488 1171 4557 θόκτώ
1184 4493 1234 4557 καί
1246 4493 1336 4558 εἴκοσι
1353 4484 1412 4570 πή-

1339 4597 1410 4658 χεων
