2924 4972
105 199 169 266 666
337 197 748 259 ΕΚΚΑΗΣΙΑΣΤΗΣ
787 192 1124 277 περιαίρεειον.

100 317 275 406 ματαιότης.
313 318 504 403 θεόφραίνου
529 322 655 381 νεανίσκε
679 320 711 380 ἐν
745 315 846 403 ἀκρίς,
870 319 921 380 καί
938 318 1138 410 διασκεδασθῇ
1155 316 1175 401 ἢ
1192 293 1356 403 κόπτε-αῖς,

103 399 219 487 νεότητί
231 427 297 475 σου,
310 396 556 479 καὺἀγαθυνάτω
567 423 598 464 σε
608 396 626 483 η
637 422 711 480 καρ-
746 395 794 464 ότι
818 395 969 484 ἐπορεύθη
994 395 1198 484 ὀάνθρωπος
1214 405 1254 476 είς
1273 401 1358 467 οἶκον

104 486 154 550 δία
168 511 224 551 σου
237 487 268 548 ἐν
281 482 401 568 ἡμέραις
413 478 552 565 νεότητός
566 506 636 557 σου,
662 482 713 545 καί
747 486 854 557 αίιόνος
867 480 974 559 αὑτοῦ,
986 484 1038 547 καί
1049 480 1224 548 ἐκύκλωσαν
1233 487 1266 549 ἐν
1279 483 1358 564 ἀγο·

105 563 258 655 περιπάτει
275 570 307 632 ἐν
325 565 405 641 ὁδοῖς
418 567 542 651 καρδίας
560 590 615 630 σου
628 561 711 648 ἀμω-
746 569 785 649 ρᾷ
802 568 833 629 οί
846 560 1031 648 κοπτόμενοι.
1052 565 1129 641 θὲως
1141 562 1213 630 ὑτου
1225 565 1268 652 μὴ
1281 566 1358 635 ἀνα-

105 677 171 736 μος,
190 652 242 715 καὶ
254 651 294 734 μη
308 653 339 715 ἒν
352 645 452 736 ὁράσει
465 646 635 748 ὀφθαλμῶν
648 672 712 711 σου.
746 652 848 737 τραπῇ
865 645 902 713 τό
923 654 1055 753 σηοινίον
1071 653 1128 714 τοὺ
1140 646 1289 734 ἀργυρίου
1305 656 1358 717 καί

106 738 156 800 καί
172 738 268 811 γνῶθι
285 731 333 797 ὀτι
352 734 402 798 ἐπί
418 737 492 797 πᾶσι
517 755 635 804 τουτοις
652 729 713 806 ἀξει
748 735 888 823 συντριβῇ
898 729 934 795 τό
946 733 1089 814 ανθέμιον
1097 735 1155 796 τοῦ
1163 738 1300 817 χρυσίου,
1307 737 1359 801 καί

106 843 138 884 σε
151 815 169 882 ὁ
183 813 253 892 θεὸς
265 818 295 879 ἰν
307 822 407 901 κρίσει.
429 819 458 858 ¹⁰
471 815 522 879 καί
539 809 713 897 ἀπόοτησον
748 818 887 900 συντριβῇ
896 813 984 900 ὑδρία
995 815 1046 878 ἐπὶ
1058 819 1096 908 τῇ
1108 820 1205 910 πηγῇ,
1221 817 1276 881 καί
1288 844 1359 885 ουν-

105 900 205 985 θυμὸν
220 897 282 964 ἀπὸ
295 898 418 983 καρδίας
431 923 503 974 σου,
528 899 579 962 καὶ
595 892 713 981 πάραγε
748 889 879 992 τροχάση
905 893 923 961 ὁ
948 894 1054 1000 τροηός
1085 900 1135 963 ἐπὶ
1155 900 1212 964 τὸν
1234 896 1357 980 λάκκον,

104 989 252 1070 πονηρίαν
264 981 328 1047 ἀπὸ
341 975 451 1068 σαρκός
464 1005 537 1059 σου,
557 976 605 1044 ότι
618 977 636 1063 η
648 975 711 1044 νεό·
748 981 817 1043 7καί
828 983 997 1082 ίπιστρέφη
1010 1005 1028 1044 ο
1042 984 1112 1065 χοὺς
1124 983 1175 1047 ἐπί
1184 979 1242 1066 την
1251 983 1358 1067 γηνὸς

104 1093 158 1151 της
170 1067 222 1131 καί
237 1063 255 1151 η
270 1064 360 1130 ἀνοια
371 1059 544 1146 ματαιότης.
748 1053 792 1145 ἦν,
805 1064 856 1128 καί
868 1061 904 1129 τὸ
914 1088 1030 1144 πνευμα
1042 1067 1209 1159 ε’πιοτρέφη
1217 1065 1298 1150 πρὸς
1307 1066 1359 1133 τόν

291 1154 325 1213 1(
336 1153 366 1211 E
379 1153 418 1212 Φ.
463 1144 536 1212 1Β’.
747 1145 823 1211 θεὸν
834 1143 868 1222 ὃς
881 1148 987 1211 ἔδωκεν
999 1142 1115 1212 αὑτό.8
1141 1145 1286 1233 αταιότης
1297 1178 1358 1235 μα-

105 1199 191 1297 Καὶ
215 1231 367 1318 μνήσθητι
387 1235 443 1296 τοῦ
460 1228 615 1306 κτίσαντός
633 1255 664 1296 σε
681 1235 713 1296 ἒν
747 1225 915 1313 ταιοτητων
932 1227 1012 1294 εἶπεν
1029 1226 1047 1294 ὁ
1067 1175 1294 1315 ἐκκλησιαστὴς,
1319 1233 1358 1301 τά

106 1314 227 1401 ἡμέραις
253 1310 393 1418 νεότητός
409 1340 480 1391 σου,
506 1319 561 1390 ἕως
580 1311 655 1380 ότου
672 1311 712 1398 μη
748 1309 849 1378 πάντα
860 1309 1034 1398 ματαιότης.
1059 1313 1139 1378 9ιιοί
1151 1314 1295 1398 περισσόν
1308 1315 1357 1383 ὅτι

106 1400 243 1465 ἔλθωσιν
268 1404 300 1464 αἱ
326 1403 429 1484 ημέραι
453 1400 507 1482 τῆς
522 1404 635 1472 κακίας.
663 1400 714 1462 καὶ
748 1399 861 1473 ἐγένετο
873 1390 1081 1497 ἐκκλησιαστὴς
1099 1394 1208 1476 σοφός,
1235 1394 1357 1466 ὀτιέδί-

107 1479 283 1560 φθάσουσιν
300 1484 352 1565 ἔτη
371 1485 401 1545 ἐν
413 1480 456 1556 οἷς
468 1483 557 1565 ἐρεῖς,
582 1479 637 1546 οὑκ
650 1483 713 1546 ἔστι
749 1479 817 1556 δαξε
832 1483 940 1557 γνῶσιν
959 1478 1014 1544 οὑν
1030 1502 1084 1543 τον
1096 1478 1282 1565 ἄνθρωπον,
1307 1485 1357 1548 καί

105 1589 156 1648 μοι
178 1567 210 1629 ἐν
228 1561 333 1638 αὑτοῖς
350 1563 478 1647 θέλημα.
517 1567 601 1648 2ἕσις
618 1555 654 1627 οὑ
672 1566 712 1666 μη
750 1551 859 1638 οὑςίξι
893 1558 1005 1628 ιάσεται
1022 1559 1146 1645 κόσμιον
1161 1565 1356 1666 παραβολῶν.

107 1651 256 1738 σκοτισθῇ
274 1644 292 1710 ὁ
312 1644 394 1730 ἥλιος
410 1647 461 1709 καί
476 1643 513 1710 τὸ
526 1651 607 1726 φώς,
632 1649 713 1730 καὶη
749 1647 778 1688 ¹⁰
789 1587 893 1710 πολλά
919 1641 1053 1730 ίζητησεν
1071 1645 1282 1733 ἕκκλησιαστης
1299 1654 1357 1714 τοῦ

107 1725 213 1814 σεληνη
231 1731 331 1794 καλοί
349 1726 482 1813 ἀστέρες,
507 1732 557 1794 καί
576 1731 712 1812 ε’πιστρέ-
749 1724 840 1812 εὑρεῖν
852 1725 960 1806 λόγους
972 1725 1152 1814 θελήματος,
1165 1731 1216 1795 καί
1227 1757 1354 1817 γεγραμ-

106 1809 252 1917 ηγουσιτά
265 1816 341 1897 νέφη
358 1810 455 1877 ὀπίσω
468 1815 524 1880 τοῦ
539 1810 634 1878 ὑετοῦ.
659 1813 714 1876 3ἐν
749 1815 837 1893 μένον
867 1807 1032 1895 εὑθότητος
1063 1807 1172 1890 λόγους
1196 1810 1356 1899 ἀληθείας.

105 1900 199 1981 ημέρᾳ
215 1888 236 1989 ᾗ
253 1894 306 1960 ἐὰν
323 1895 491 1961 σαλευθῶσι
516 1894 644 1975 φύλακες
659 1899 713 1977 τῆς
749 1899 774 1936 ¹¹
786 1891 872 2000 λόμοι
885 1898 990 1977 σοφῶν
1001 1891 1042 1970 ὡς
1057 1893 1096 1960 τά
1106 1892 1281 1982 βοόκεντρα,
1302 1902 1357 1963 καί

105 1984 215 2053 οίκίας,
241 1980 293 2043 καί
306 1981 531 2064 διαστραφοὺσιν
544 1977 649 2059 ἀνδρες
661 1982 712 2062 της
750 1976 792 2053 ὡς
810 1977 879 2062 ηλοι
894 1981 1121 2061 πεφυτευμένοι,
1146 1986 1179 2045 οἳ
1192 1980 1277 2067 παρὰ
1295 1985 1358 2046 τῶν

105 2057 269 2145 δυνάμεως,
288 2064 338 2128 καί
351 2059 485 2146 ἤργησαν
497 2059 711 2145 αίάληθουσαι
749 2056 946 2144 συνθεμάτων
975 2057 1126 2146 ἐδόθησαν
1157 2065 1190 2127 ἔκ
1215 2067 1356 2148 ποιμένος

106 2143 155 2212 ότι
168 2140 385 2229 ἀλιγιόθησαν,
403 2147 454 2209 καί
467 2142 666 2210 σκοτάοουσιν
680 2148 712 2209 αί
749 2142 820 2220 ἑνός.
836 2146 919 2209 12καί
930 2144 1070 2230 περισσὸν
1082 2146 1113 2221 ἐξ
1126 2142 1227 2214 αὑτῶν
1240 2152 1290 2213 υίέ
1298 2174 1357 2231 μου

103 2229 271 2317 βλέπουσαι
283 2231 315 2292 ἕν
327 2238 393 2303 ταῖς
409 2226 509 2302 ὀπαῖς.
534 2228 614 2292 ίκαί
635 2227 711 2292 κλεί-
749 2223 894 2308 φύλαξαι,
920 2232 977 2294 τοῦ
995 2233 1118 2314 ποιησαι
1130 2230 1232 2315 βιβλία
1243 2231 1357 2306 πολλὰ,

106 2336 208 2379 σουσιν
220 2307 318 2396 θὺρας
330 2314 363 2376 ἐν
383 2310 496 2396 ἀγορᾷ,
521 2313 553 2376 έν
571 2310 712 2395 ἀσθενείᾳ
750 2307 807 2376 οὑκ
820 2315 884 2377 ἔστι
895 2310 1063 2398 περασμὸς,
1075 2313 1127 2377 καί
1139 2313 1244 2398 μελίτη
1256 2315 1357 2398 πολλὴ

107 2400 208 2480 φωνῆς
219 2398 272 2477 τῆς
284 2391 465 2494 ἀληθοὺσης.
485 2395 536 2459 καί
549 2391 711 2480 ἀναστησε-
749 2389 880 2498 κόπωμις
892 2392 1012 2496 σαρκός.
1050 2396 1077 2438 ¹³
1090 2396 1174 2471 τέλος
1185 2394 1294 2476 λόγου,
1319 2403 1357 2463 τὸ

105 2505 156 2544 ται
168 2484 206 2554 είς
218 2502 321 2562 φωνην
334 2481 391 2542 τοὺ
404 2482 580 2562 στρουθίου,
593 2480 644 2542 καί
656 2504 710 2543 τα-
748 2482 809 2542 πᾶν
823 2502 920 2543 ακουε.
945 2503 1001 2543 τον
1015 2475 1088 2543 θεὸν
1100 2483 1215 2586 φοβοῦ,
1239 2484 1291 2547 καί
1302 2478 1359 2558 τάς

104 2559 349 2645 πεινωθησονται
373 2566 469 2628 πᾶσαι
494 2565 527 2627 αί
549 2565 712 2645 θυγατέρες
749 2559 976 2637 ἐντολάςαὺτοὺ
985 2557 1125 2640 φὺλασσε.
1136 2564 1183 2628 σ’τι
1192 2569 1288 2630 τοῦτο
1297 2570 1360 2642 πάς

106 2650 161 2710 τοῦ
173 2644 315 2730 ᾄσματος.
335 2646 407 2710 6καί
421 2649 460 2720 είς
471 2642 508 2708 τὸ
522 2642 600 2726 ὑψος
613 2643 711 2728 ὀψον-
749 2639 953 2731 ὁάνθροσπος.
967 2643 1359 2731 14ὀτισὺμπαντόποιήμα

105 2754 171 2801 ται,
196 2731 248 2793 καί
263 2724 377 2812 θάμβοι
391 2731 421 2793 ἐν
433 2732 470 2814 τῇ
490 2725 567 2810 ὀδῷ,
593 2731 644 2792 καὶ
658 2726 711 2792 ἀν-
749 2723 766 2792 ὁ
779 2725 850 2803 θεὸς
862 2727 923 2805 ἀξει
936 2731 967 2794 ἐν
979 2733 1077 2810 κρίσει,
1090 2732 1120 2794 έν
1132 2733 1224 2795 παντὶ
1236 2756 1359 2817 παρεω-

106 2808 189 2896 θηση
206 2810 242 2875 τὸ
261 2808 449 2893 ἀμύγδαλον,
474 2812 524 2876 καί
537 2814 678 2901 παχυνθῇ
693 2807 711 2894 η
749 2815 864 2898 ραμένιρ
878 2810 933 2877 edu
945 2808 1068 2889 ἀγαθὸν
1080 2813 1132 2877 καί
1147 2811 1200 2878 ἕάν
1214 2809 1357 2900 πονηρόν.

1172 2999 1349 3012 -σ--ι-....

517 3127 935 3231 ΑΣΜΑ.

138 3314 164 3346 ’'
303 3312 426 3370 ΚΕΦ.
470 3307 527 3373 Α’.
749 3310 806 3391 ῥεις
822 3300 984 3389 Σαλωμοὺν.
1020 3303 1089 3391 θμη
1107 3304 1240 3393 βλέυιητέ
1257 3331 1292 3389 με
1309 3304 1359 3374 ὑτι

109 3360 226 3474 Ᾰσμα
246 3388 403 3476 ᾀσμάτων,
430 3389 448 3454 ὅ
469 3394 530 3457 ε’στι
546 3392 713 3475 Σαλωμιόν.
750 3385 809 3468 ίγοό
825 3393 881 3473 είμι
896 3390 1128 3474 μεμελανωμένη,
1151 3387 1197 3454 ὑτι
1210 3392 1359 3500 παρέβλε-

108 3471 282 3561 2φιλησοίτω
295 3501 328 3556 με
341 3473 405 3541 ἀπὸ
415 3474 591 3558 φιλημάτων
601 3473 715 3557 στόμα-
752 3476 811 3557 ιρέν
824 3499 859 3558 με
871 3471 888 3538 ὁ
902 3473 998 3559 ἣλιος,
1019 3475 1080 3538 υἱοί
1092 3468 1203 3558 μητρός
1214 3500 1272 3556 μου
1285 3501 1359 3557 εμα-

108 3586 159 3636 τος
186 3558 290 3625 αὑτοῦ.
316 3558 362 3625 ὅτι
387 3557 503 3636 ἀγαθοί
525 3567 639 3642 μαστοί
661 3585 716 3625 σου
750 3561 876 3642 χέσαντο
893 3561 924 3623 ἐν
940 3562 1014 3640 ἐμοί.
1040 3553 1148 3624 έθεντό
1161 3583 1195 3641 με
1214 3554 1358 3637 φυλόκισ·

110 3641 184 3727 ὑπὲρ
194 3641 283 3716 οἶνον,
297 3643 366 3707 3καί
376 3640 454 3725 ὀσμίη
463 3640 566 3724 μύρων
575 3669 629 3709 σου
641 3640 716 3726 ὑπὲρ
753 3665 810 3705 σαν
820 3645 852 3707 ἐν
863 3639 1040 3724 ἀμπελῶσιν,
1054 3640 1212 3721 ἀμπελῶνα
1222 3640 1292 3718 ἐμόν
1301 3641 1358 3704 οὑκ

108 3725 210 3791 πάντα
222 3725 262 3791 τὰ
276 3722 432 3806 ἀρώματα.
447 3730 541 3807 μῦρον
553 3725 716 3790 ἐκκενωθέν
753 3720 895 3802 ἐφύλαξα.
914 3728 928 3768 ⁷
939 3720 1120 3802 ἀπάγγειλόν
1132 3749 1182 3808 μοι
1195 3720 1230 3789 ὃν
1241 3719 1357 3808 ιἠγοίπη-

110 3808 208 3890 όνομσί
221 3834 284 3873 σου.
299 3809 349 3872 διὰ
362 3812 453 3872 τοῦτο
465 3805 587 3884 νεάνιδες
600 3805 716 3892 ἀγάπη·
754 3833 801 3871 σεν
815 3805 832 3892 ᾗ
846 3804 926 3892 φυχη
937 3834 1007 3891 μου,
1032 3812 1095 3873 ποὺ
1108 3813 1281 3889 ποιμαίνεις,
1298 3810 1360 3870 ποῦ

111 3887 167 3955 σάν
181 3914 226 3965 σε,
253 3890 269 3931 ⁴
284 3887 421 3954 εἵλκυσάν
438 3914 477 3955 σε.
504 3885 602 3955 ὀπίσω
615 3917 668 3956 σου
679 3895 717 3964 είς
754 3888 895 3968 κοιτάζεις
907 3895 939 3957 ἐν
949 3917 1002 3974 μεσ
1021 3896 1126 3977 μβρίᾳ,
1144 3888 1257 3974 μηποτε
1269 3893 1358 3967 γένω·

110 3965 315 4074 ὀσμηνμόρων
326 3998 381 4038 σου
391 3974 565 4058 δραμοὺμεν.
577 3971 718 4055 είςηνεγκέ
754 3999 807 4053 μαι
838 3972 878 4048 ὡς
902 3918 1137 4062 περιβαλλομένη
1168 3972 1211 4038 ἐπ’
1240 3970 1362 4049 ἀγέλαις

110 4080 143 4136 με
167 4081 185 4120 ο
203 4051 339 4140 βασιλεὺς
357 4061 395 4130 είς
417 4057 454 4121 τὸ
472 4068 593 4136 ταμεῖον
610 4055 716 4120 αὑτοῦ.
755 4058 883 4136 ἑταίρων
895 4083 961 4121 σου.
994 4056 1075 4123 θέἀν
1090 4058 1132 4140 μη
1143 4061 1221 4141 γνῷς
1234 4057 1362 4135 σεαυτὴν

111 4131 364 4232 ἀγαλλιασώμεθα
381 4142 431 4203 καί
454 4137 668 4232 εὑφρμνθώμεν
685 4143 717 4204 εἰ)
755 4134 859 4223 ηκαλίη
872 4143 903 4203 ἐν
915 4144 1053 4218 γυναιξίν,
1066 4141 1169 4217 ἔξελθε
1182 4137 1220 4205 σὺ
1228 4143 1259 4204 ἓν
1268 4143 1362 4220 πτέρ-

111 4226 169 4286 σοί.
203 4218 395 4300 ἀγαπησομεν
419 4245 552 4304 μαστοιις
569 4247 623 4284 σου
642 4216 716 4304 ὑπὲρ
755 4246 817 4296 ναις
835 4226 897 4287 τιόν
909 4232 1069 4306 ποιμνίων,
1095 4226 1146 4289 καί
1159 4227 1296 4306 ποίμαινε
1309 4221 1363 4299 τὰς

110 4301 199 4368 οἶνον.
217 4300 345 4384 εὑθὺτης
361 4299 496 4385 ηγάπησέ
509 4327 548 4365 σε.
570 4303 717 4383 5μελαινοί
754 4307 873 4391 ἐρίφους
891 4333 946 4371 σου
963 4311 1014 4373 ἐπὶ
1027 4304 1195 4391 σκηνώμασι
1214 4310 1276 4370 τῶν
1290 4331 1362 4370 ποι-

112 4393 165 4469 εἶμι
185 4384 244 4465 ἐγὼ
262 4386 313 4449 καὶ
331 4384 408 4468 καλὴ
425 4389 588 4465 θυγατέρες
603 4385 717 4471 Ἱερου-
753 4393 855 4470 μένων.
877 4391 944 4474 9τῆ
956 4396 1041 4475 ἰ’ππῳ
1054 4417 1111 4473 μου
1124 4394 1154 4454 ἐν
1167 4390 1278 4473 ἅρμασι
1295 4394 1361 4453 Φα-

113 4471 219 4557 σαλίημ,
232 4467 273 4547 ὡς
285 4464 462 4553 σκηνώματα
470 4474 501 4533 Κ
503 4469 586 4559 ηδάρ,
600 4467 641 4548 ὡς
650 4473 716 4557 659*-
755 4472 821 4561 ραώ
835 4461 979 4555 ὡμοίάοά
992 4498 1024 4539 σε
1037 4471 1056 4559 η
1067 4473 1194 4557 πλησίον
1206 4498 1276 4573 μου.
1295 4474 1324 4515 ¹⁰
1333 4475 1365 4535 τί

1241 4581 1361 4636 ωραιω-
