2924 4972
292 209 581 273 ΒΛΣιΛπεαΝ
606 211 841 273 Τππκενεε
879 213 955 287 ατη.
967 212 1006 287 7‘.
1020 205 1060 275 ν.
1073 210 1103 277 3.
1115 205 1147 276 4.
1276 212 1338 280 377

97 329 292 398 ἑπτακοσίους
304 322 413 408 ἄνδρας
421 326 622 407 ἐσπασμένους
632 326 704 404 ρὀμ-
735 328 839 401 πεζαν,
865 326 1051 412 καίδίρρον,
1076 328 1128 391 καὶ
1138 327 1266 412 λυχνίαν.
1292 329 1344 395 καί

97 415 189 492 φαίαν
209 402 353 485 διακόψαι
366 404 444 489 πρὸς
450 404 581 529 βασιλέα
595 402 703 508 Ἐδώμ,
736 409 819 473 ἔσται
833 408 920 491 ἐντῷ
933 404 1150 495 εῖςπορεύεσθαι
1166 408 1242 495 πρὸς
1255 405 1342 495 ἡμᾶς,

99 495 148 557 καί
160 490 214 558 οῦκ
227 484 429 594 ήδυνήθησαν.
466 490 535 553 7καὶ
548 488 638 573 ἔλαβε
652 514 705 554 τον
735 492 785 553 καί
798 490 921 556 ἐκκλινεῖ
931 495 995 557 ἐκεῖ.
1013 496 1037 534 ¹¹
1047 493 1098 559 καὶ
1112 495 1224 570 ἐγένετο
1238 491 1343 580 ήμέρα,

98 575 163 641 υἶὸν
176 572 271 641 αῦτοῦ
284 598 337 637 τον
349 569 543 657 πρωτότοκον
556 566 591 634 δν
603 575 704 657 ἐβασί-
736 574 787 636 καί
799 573 929 657 είςήλθεν
942 578 1015 652 ἐκεῖ,
1038 579 1090 641 καί
1107 576 1246 652 ἐξέκλινεν
1258 580 1297 651 είς
1306 575 1343 642 τδ

98 660 194 724 λευσεν
207 653 269 723 ἀντ’
286 654 396 731 αὐτοῦ,
418 656 469 719 καί
481 652 635 740 ἀνήνεγκεν
649 653 704 719 αύ-
738 652 882 740 ὑπερῷον,
894 660 944 722 καί
957 656 1100 761 ἐκοιμήθη
1110 664 1176 725 ἐκεῖ.
1189 660 1272 724 12καὶ
1281 657 1344 725 εἶπε

97 740 150 808 τὸν
163 735 363 808 ὁλοκαύτωιια
376 739 427 804 ἐπὶ
439 742 496 802 τοῦ
507 745 631 823 τείχους,
655 739 706 802 καὶ
737 735 813 823 πρὸς
823 741 904 815 Γιεζί
916 738 952 803 τὸ
964 742 1121 827 παιδαριον
1133 742 1240 809 αῦτοῦ.
1256 739 1342 809 κάλε-

97 828 208 904 ἐγένετο
226 819 386 906 μετάμελος
402 824 493 903 μένας
511 824 561 886 ἐπὶ
575 819 704 908 Ἰσραήλ
738 846 792 886 σον
816 846 868 904 μοι
892 820 946 903 τήν
962 830 1128 906 Σωμανίτιν
1145 822 1265 910 ταύτην.
1292 827 1344 891 καί

95 910 147 973 καὶ
160 906 282 1000 ἇπήραν
299 904 349 972 ἀπ’
366 904 480 983 αὐτοῦ,
504 906 555 970 καὶ
567 907 705 991 ἐπέστρε-
738 899 873 969 ἐκάλεσεν
885 902 990 979 αύτ“ν,
1004 908 1054 970 καί
1066 911 1137 991 ἔστη
1150 903 1274 975 ἐνιῦιτιον
1286 905 1343 975 αῦ-

96 1012 161 1076 ψαν
174 996 213 1067 εἰς
224 986 277 1074 τήν
287 994 354 1072 γῆν.
739 991 804 1051 τοῦ.
824 987 851 1028 ¹³
864 988 916 1051 καὶ
927 932 1005 1053 εέπεν
1017 986 1110 1072 αύτῷ.
1123 988 1208 1055 ελπον
1219 990 1255 1076 δή
1266 991 1343 1078 πρὸς

295 1077 369 1137 ΚΕ
382 1076 421 1135 Φ.
465 1066 516 1136 A‘.
739 1067 843 1153 αύτήν,
856 1066 924 1136 ίδού
937 1072 1093 1154 έξέστησας
1104 1068 1169 1155 ήμΐν
1179 1077 1280 1138 πᾶσαν
1289 1073 1343 1157 τήν

96 1124 183 1221 Καὶ
191 1151 399 1254 νυνιήμίαᾶπὸ
410 1158 469 1218 τῶν
479 1155 552 1217 υίιῦν
560 1156 621 1219 τοῖν
629 1178 707 1239 προ-
739 1155 875 1217 ἔκστασιν
893 1147 1021 1237 ταύτην,
1045 1159 1077 1217 τί
1088 1154 1133 1218 δεῖ
1142 1159 1267 1237 ποιηταί
1278 1180 1342 1235 σοις

99 1245 203 1322 φητών
216 1241 289 1322 ἐβοα
301 1235 377 1320 πρὸς
390 1231 442 1298 τὸν
450 1230 589 1311 Ἔλισαιὲ,
602 1234 706 1313 λένου-
739 1240 764 1299 εἶ
782 1237 845 1300 ε”στι
862 1228 951 1313 λύγος
968 1262 1016 1301 σοι
1033 1234 1110 1321 πρὸς
1126 1235 1179 1300 τὸν
1190 1235 1311 1321 βασιλέα
1326 1234 1344 1338 ή

101 1347 148 1386 σα.
176 1317 192 1382 ὁ
206 1313 312 1392 δοῦλός
331 1343 385 1382 σου
404 1313 478 1400 ἀνήρ
490 1344 549 1400 μου
561 1314 706 1394 ἀπέθανε,
739 1316 816 1403 πρὸς
829 1315 880 1383 τὸν
892 1315 1026 1404 ι’ίρχοντα
1039 1324 1091 1393 τ”ς
1103 1314 1250 1401 δυνάμεως
1254 1348 1266 1395 ,·
1283 1316 1346 1402 ήδε

101 1406 153 1468 καὶ
170 1398 323 1479 ούέννως,
352 1395 398 1464 ὅτι
416 1395 521 1476 δοῦλός
534 1426 588 1467 σου
601 1389 636 1487 ήν
650 1427 706 1483 ῳο-
739 1400 825 1466 εἶπεν.
852 1404 976 1484 ἐνμέσῳ
994 1347 1140 1467 τοῦλοοῦ
1159 1398 1219 1481 ἐμοί
1233 1406 1346 1485 εέμιοέ-

98 1483 243 1571 βούμενος
255 1483 307 1549 τὸν
320 1478 428 1566 κύριον.
454 1486 505 1548 καί
522 1479 539 1548 δ
557 1480 706 1565 δανειστὴς
739 1488 791 1549 κιῦ.
805 1482 889 1549 14καί
902 1482 963 1549 εἶπε
973 1485 1051 1569 πρὸς
1059 1487 1147 1562 Γιεζί.
1158 1492 1191 1550 τί
1200 1485 1247 1550 δεῖ
1254 1490 1345 1570 ποιή-

99 1569 180 1654 ἡλθε
198 1569 296 1654 λαβεῖν
314 1568 386 1641 τούς
405 1560 459 1630 δύο
474 1562 554 1641 υἱούς
565 1594 622 1649 μου
635 1569 702 1631 έαυ-
738 1593 785 1631 σαι
798 1564 877 1656 αὐτῇ
881 1597 894 1646 ,·
909 1569 960 1632 καὶ
972 1565 1032 1632 εἶπε
1045 1571 1124 1645 Γιεζί
1137 1566 1172 1633 τὸ
1185 1564 1345 1673 παιδάριον

99 1657 145 1735 τῷ
159 1658 196 1726 είς
208 1646 341 1724 δούλους.
355 1649 425 1723 2καί
436 1645 660 1717 ελπενἜλεσαιέ.
674 1656 706 1715 τί
736 1648 841 1715 αὐτοῦ.
861 1653 912 1715 καὶ
924 1646 1007 1733 μύλα
1020 1648 1083 1726 υίὸς
1096 1650 1151 1717 οῦκ
1163 1653 1241 1717 ἐστιν
1253 1656 1342 1745 αυτή,

98 1730 215 1818 ποιήσω
229 1759 278 1799 σοι
282 1762 295 1812 ,·
321 1726 490 1834 ἇνοίνμειλόν
508 1759 557 1816 μοι
577 1740 609 1798 τί
625 1737 704 1800 ἐστιν
736 1735 788 1798 καὶ
806 1729 824 1797 δ
844 1729 920 1837 ἀνήρ
942 1731 1035 1818 αῦτής
1049 1734 1222 1821 πρεσβύτης.
1253 1737 1280 1778 ¹³
1293 1738 1344 1802 καί

97 1844 145 1887 σοι
158 1823 190 1883 ἐν
208 1821 253 1898 τῳ
267 1817 357 1898 οἴκῳ,Ι
383 1815 447 1917 ηδὲ
460 1815 544 1881 εἶπεν.
571 1815 627 1881 ούκ
640 1820 703 1882 ἔστι
736 1812 869 1882 ἐκοίλεσεν
882 1811 992 1900 αυτήν,
1018 1820 1070 1883 καί
1095 1822 1167 1901 ἔστη
1184 1813 1270 1905 παρὰ
1287 1816 1343 1924 τήν

96 1908 136 1967 τί
153 1898 245 1983 δούλη
263 1925 315 1965 σου
333 1896 418 1965 οῦδεν
438 1901 468 1964 ἐν
481 1904 526 1983 τῳ”
539 1900 631 1983 οἴκῳ,
657 1894 703 1964 ὅτι
735 1895 844 1986 θύραν.
866 1896 1272 1988 16καίελττενἹίλισαιέπρὸς
1285 1928 1344 1968 αυ-

99 1932 161 2052 list
178 1982 196 2069 ἢ
211 1974 233 2049 δ’
242 1981 401 2066 ῦλείῳομαε
415 1981 529 2048 ἔλαιον.
551 1983 565 2024 ³
579 1984 630 2047 καὶ
641 1980 704 2047 εἷπε
736 1979 798 2068 τήν.
812 1988 850 2057 είς
862 1982 916 2048 τὸν
929 2009 978 2047 και
999 1982 1035 2048 ὸν
1048 1988 1166 2059 τοῦτον,
1180 1981 1249 2068 ὠςή
1265 1980 1292 2051 (δ’
1311 2012 1342 2059 α,

98 2065 175 2154 πρὸς
200 2060 301 2145 αἰπήν.
341 2065 426 2151 δεῦρο
453 2066 571 2148 αἴτησαι
593 2068 705 2153 σεαυτῇ
736 2066 817 2141 ζῶσα
831 2064 877 2140 σύ,
890 2009 1093 2150 περιειληφυῖα
1106 2067 1176 2132 υίόν.
1192 2065 1211 2152 ή
1226 2068 1257 2133 δέ
1270 2012 1341 2132 εέύτε.

99 2146 185 2233 σκεύη
204 2153 318 2227 ἔξωθεν
335 2148 420 2233 παρὰ
438 2144 559 2212 πάντων
574 2153 635 2212 τῶν
646 2172 705 2224 νει·
736 2147 773 2229 μή
800 2143 893 2270 κύριε,
919 2145 959 2230 μή
985 2145 1134 2232 διαηιεύση
1160 2147 1215 2232 τήν
1232 2148 1342 2253 δούλην

98 2230 194 2301 τύνων
206 2228 291 2315 σκεύη
304 2230 380 2305 κενὰ,
392 2226 427 2312 μ’
446 2228 599 2312 δλιγιύσης.
624 2229 706 2293 4καὶ
738 2254 803 2293 σου.
828 2232 840 2269 ¹
869 2229 921 2292 καὶ
938 2231 968 2291 ἐν
984 2233 1092 2331 γαστρὶ
1109 2220 1244 2316 ἐλαβενή
1260 2256 1342 2317 γυνη,

99 2310 238 2406 εἷςελεύοη
264 2313 317 2378 καί
339 2258 517 2385 εἐποκλείοεις
535 2310 588 2393 τήν
606 2307 707 2396 θύραν
737 2312 788 2375 καί
800 2312 895 2375 ἔτεκεν
913 2312 978 2375 υίὸν
996 2315 1034 2386 εἰς
1048 2338 1100 2377 τον
1111 2313 1216 2398 καιρὸν
1233 2320 1343 2379 τοῦτον

99 2395 178 2464 κατὰ
191 2401 247 2462 σοῦ
260 2390 401 2458 καὶκατὰ
414 2398 474 2458 τῶν
488 2398 559 2457 υίιῦν
572 2418 636 2469 σου,
656 2395 706 2456 καί
738 2389 808 2475 ὡςή
822 2389 897 2474 δύρα,
911 2394 1003 2466 ζῶσα,
1013 2390 1053 2467 ὡς
1066 2390 1188 2494 ἐλάλησε
1199 2393 1275 2478 πρὸς
1287 2394 1344 2459 αῦ-

101 2483 233 2561 ἰιποχεεῖς
250 2481 289 2548 εἰς
304 2472 343 2537 τὰ
361 2470 449 2555 σκεύη
466 2478 577 2548 ταῦτα,
603 2476 655 2539 καί
671 2471 707 2539 τὸ
738 2473 793 2556 τήν
805 2471 943 2537 Ἒλισαιέ.
970 2475 998 2516 ¹⁸
1011 2476 1061 2537 καί
1074 2470 1209 2559 ήδρυνθη
1222 2476 1259 2540 τὸ
1272 2502 1344 2540 παι-

100 2557 263 2644 πληρωθὲν
281 2555 368 2637 ἀρεῖς.
395 2557 472 2619 5καί
490 2554 610 2639 ἀπῆλθε
633 2554 704 2640 παρ’
740 2555 849 2641 δύριον.
864 2558 914 2620 καί
928 2556 1041 2633 ἐγένετο
1056 2552 1142 2640 ήνίκα
1153 2558 1258 2641 ἐξῆλθε
1267 2558 1345 2645 πρὸς

102 2645 209 2712 αῦτοῦ.
234 2642 284 2704 καὶ
297 2637 444 2703 ἀπέκλεισε
458 2635 511 2722 τήν
523 2633 622 2724 θύραν
635 2639 703 2703 καθ’
739 2635 791 2704 τὸν
802 2642 921 2726 πατέρα
935 2636 1031 2704 αῦτοῦ
1041 2640 1118 2725 πρὸς
1128 2637 1199 2715 τούς
1209 2645 1345 2727 θερίζον-

100 2732 208 2811 ἑαυτής
220 2725 271 2790 καί
284 2723 361 2787 κατὰ
374 2726 434 2785 τῶν
446 2725 518 2786 υἴιῦν
531 2720 631 2807 αύτής.
649 2720 706 2787 αύ-
737 2748 805 2797 τας,
825 2724 915 2787 19καὶ
928 2721 989 2787 εἶπε
1001 2722 1078 2809 πρὸς
1090 2724 1143 2790 τὸν
1155 2728 1274 2811 πατέρα
1287 2721 1343 2790 αύ-

97 2814 149 2877 τοὶ
160 2803 352 2895 προςήννιζον
363 2802 438 2889 πρὸς
451 2800 554 2888 αὐτήν,
567 2803 704 2890 καδαῦτή
736 2808 799 2871 τοῦ.
825 2805 878 2892 τήν
901 2802 1032 2890 κεφαλήν
1047 2833 1118 2889 μου,
1144 2805 1326 2912 τήνκεῳαλή

96 2897 210 2979 ἐπέχεεν
237 2896 291 2965 ἕως
318 2885 513 2974 ἐπλήσθησαν
543 2890 582 2954 τὰ
608 2885 702 2973 σκεύη.
735 2915 802 2972 μου.
828 2888 1006 2974 καίεῖπετῴ
1018 2893 1176 2977 παιδαρίῳ.
1195 2893 1271 2978 ἆρον
1285 2918 1344 2956 αυ-

97 2970 419 3058 6καὶελπεπρύςτούς
434 2969 636 3059 υίούςαῦτης.
655 2977 702 3050 ἐν·
737 2970 790 3036 τὸν
811 2973 886 3060 πρὸς
904 2973 957 3058 τήν
973 2978 1086 3078 μητέρα
1103 2974 1207 3041 αῦτοῦ.
1246 2976 1343 3041 20καί

95 3069 196 3141 νίσατε
213 3063 257 3124 ἔτι
273 3056 350 3163 πρὸς
366 3056 400 3138 με’
414 3053 449 3120 τὸ
464 3060 571 3130 σκεῦος.
597 3058 648 3121 καὶ
662 3056 702 3122 εί·
735 3046 801 3148 Ιήρεν
827 3055 919 3123 αὐτὸν
936 3057 1011 3145 πρὸς
1029 3083 1084 3144 την
1101 3065 1216 3146 μητέρα
1232 3056 1341 3135 αὐτοῦ,

96 3169 156 3211 πον
169 3142 253 3226 αὐτῇ.
280 3167 333 3205 ουκ
351 3143 427 3205 ἐστιν
444 3142 487 3203 ἔτι
506 3144 624 3215 σκεῦος,
650 3142 701 3206 καὶ
735 3143 783 3206 καί
803 3138 946 3227 ἐκοιμήθη
964 3145 1014 3207 ἐπὶ
1026 3148 1086 3208 τῶν
1098 3140 1235 3221 γονάτων
1248 3141 1342 3226 αὐτῆς

98 3230 169 3311 έστη
182 3225 218 3292 τὸ
228 3218 341 3291 ’ἔλαιον
357 3225 428 3287 7καί
441 3210 525 3306 ήλθε,
538 3225 589 3288 καί
602 3221 700 3308 ῦπήν-
734 3230 787 3298 ἕως
800 3231 994 3327 μεσημβρίας,
1017 3228 1068 3289 καί
1081 3225 1224 3290 ἀπέθανε.
1250 3230 1276 3267 ²¹
1290 3227 1341 3289 καί

95 3312 168 3389 γειλε
186 3313 231 3392 τῳ
247 3302 402 3395 ἀνθρώπῳ
420 3311 474 3371 τοῦ
486 3312 569 3371 θεοῦ.
597 3307 699 3372 καλεῖ·
734 3304 883 3389 ἀνήνεγκεν
896 3307 1003 3383 αυτὸν,
1026 3309 1234 3390 καίέκοίμεσεν
1248 3304 1341 3370 αῦτόν

94 3419 150 3458 πεν
171 3390 309 3456 Ἐλιοαιέ.
348 3392 434 3475 δεῦρο
460 3391 510 3453 καὶ
529 3387 646 3454 σἰπόδου
664 3386 700 3454 τὸ
734 3390 784 3453 ἐπὶ
807 3387 861 3471 τήν
884 3388 983 3470 κλίνην
1009 3393 1066 3452 τοῦ
1091 3385 1258 3473 ἀνθρώπου
1283 3392 1341 3451 τοῦ

96 3479 212 3549 ἔλαιον,
221 3475 271 3538 καί
280 3471 430 3547 ἀποτίσεις
441 3474 510 3545 τούς
519 3470 626 3546 τόκους
636 3470 700 3546 σου,
733 3475 818 3534 θεοῦ.
851 3473 902 3534 καί
921 3467 1072 3534 ἀπέκλεισε
1090 3469 1152 3533 κατ’
1176 3468 1272 3533 αῦτοῦ
1290 3470 1340 3533 καί

94 3561 147 3625 καί
165 3556 201 3623 σύ
218 3559 269 3622 καί
284 3562 314 3623 οἶ
331 3561 394 3621 υἱοί
407 3582 462 3620 σου
479 3551 602 3634 ζήσεσθε
615 3558 701 3637 ἐντῷ
734 3554 847 3635 ἐξῆλθε,
873 3555 901 3595 ²²
914 3553 966 3616 καὶ
983 3547 1098 3618 ἐκάλεσε
1111 3552 1163 3616 τὸν
1176 3551 1270 3636 ιίνδρα
1284 3549 1342 3615 αύ-

96 3643 244 3725 ἐπιλοίπῳ
258 3642 358 3722 ἐλαίῳ.
377 3640 392 3682 ⁸
405 3638 456 3701 καὶ
469 3639 583 3713 ἐγένετο
598 3635 701 3722 ήμέρα,
733 3639 801 3718 τῆς,
826 3637 877 3701 καί
893 3633 978 3700 εἶπεν.
1005 3631 1179 3701 ἀπόστειλον
1196 3631 1232 3718 δή
1243 3661 1294 3718 μοι
1308 3641 1342 3701 ἓν

95 3728 145 3790 καί
158 3727 238 3810 διέβη
246 3721 377 3788 Ἓλιοαιὲ
391 3725 430 3796 είς
443 3719 566 3823 Σιομδιν,
581 3722 631 3784 καί
644 3723 705 3784 ἐκεῖ
734 3722 796 3783 τῶν
805 3719 971 3804 παιδαρίων
983 3720 1033 3782 καλ
1044 3725 1113 3801 μίαν
1124 3723 1183 3786 τιῦν
1193 3718 1277 3796 ὄνων,
1289 3721 1342 3784 καί

94 3806 166 3892 γυνή
191 3804 318 3889 μενύλη,
353 3806 405 3870 καὶ
430 3807 586 3888 ἐκρατησεν
611 3799 703 3867 αὐτὸν
734 3803 900 3886 δραμοῦμαι
928 3807 983 3876 έως
1012 3806 1067 3866 τοῦ
1093 3801 1259 3888 ἀνθρώπου
1285 3807 1340 3869 τοῦ

96 3903 199 3973 φανεῖν
212 3890 316 3976 ἄρτον.
340 3890 392 3953 καὶ
406 3889 517 3966 ἐγένετο
531 3884 581 3967 ἀφ’
598 3891 703 3953 ἱκανοῦ
733 3889 818 3962 θεοῦ,
838 3889 888 3950 καὶ
901 3887 1079 3970 ἐπιστρέψω.
1105 3888 1134 3928 ²³
1148 3889 1197 3951 καὶ
1211 3886 1283 3951 εἷπε.
1310 3889 1342 3950 τί

95 3980 152 4039 τοῦ
166 3968 387 4058 είςπορεύεσθαι
401 3969 502 4046 αὐτὸν,
516 3968 635 4047 ἐξέκλινε
647 3974 704 4036 τοῦ
735 3965 782 4035 ὅτι
809 3964 846 4034 σὺ
871 3963 982 4076 πορεύη
1000 3964 1077 4055 πρὸς
1095 3966 1187 4034 αὐτὸν
1205 3970 1339 4074 σήμερον,

96 4063 155 4122 ἐκεῖ
167 4069 278 4138 ῳανεῖν.
316 4056 397 4120 ιἐκαὶ
414 4052 489 4119 εἶπεν
507 4052 524 4155 η
541 4054 614 4139 γυνή
627 4052 703 4161 πρὸς
736 4051 773 4118 οῦ
791 4058 926 4137 νεομηνία
944 4052 1015 4117 ουδὲ
1033 4050 1197 4140 σύββατονς
1224 4053 1287 4138 ηδέΙ
1300 4049 1346 4127 ελ-Ι

96 4140 148 4207 τὸν
168 4140 263 4225 ἄνδρα
281 4135 381 4220 αὐτῆς.
408 4137 474 4202 ίδού
492 4137 528 4220 δη
547 4139 638 4241 ε”μνων
656 4164 702 4203 οτι
734 4161 796 4201 πεν.
819 4132 926 4223 εἰρήνη.
953 4137 984 4178 ²⁴
996 4136 1047 4201 καί
1059 4139 1182 4214 ἐπέσαξε
1194 4137 1247 4218 τήν
1260 4135 1340 4210 ὄνον,

96 4224 261 4309 ἄνθρωπος
279 4226 335 4287 τοῦ
347 4226 422 4286 θεοῦ
441 4216 524 4298 ἅγιος
537 4245 626 4297 ουτος
638 4221 702 4285 δια-
736 4221 787 4283 καὶ
798 4219 860 4285 εἷπε
871 4217 945 4303 πρὸς
957 4217 992 4286 τὸ
1002 4218 1163 4309 παιδάριον
1172 4219 1272 4303 αὐτῆς.
1287 4216 1340 4295 ε’ίγε

95 4302 252 4393 πορεύεται
264 4303 306 4386 ἐφ’
320 4303 393 4388 ἡμᾶς
403 4298 573 4378 διαπαντός.
583 4299 703 4385 10ποιή-
736 4300 873 4385 πορεύου,
890 4303 930 4386 μή
944 4307 1063 4394 ἐπίσχης
1074 4332 1124 4387 μοι
1138 4305 1193 4366 τοῦ
1206 4303 1340 4385 ἐπιβῆναι

96 4389 234 4475 σωμενδή
246 4388 330 4470 αύτῷ
341 4387 475 4472 ῦπερῳον
485 4383 702 4472 τόπσνμικρδν,
736 4380 782 4448 ὅτε
795 4383 847 4449 ἐὰν
859 4384 932 4448 εἴπω
946 4412 1002 4451 σοι.
1016 4388 1138 4461 26δεῦρο
1153 4377 1341 4479 καὶπορεύση

96 4478 147 4550 καὶ
159 4479 260 4557 θῶμεν
274 4470 358 4556 αύτῷ
368 4475 427 4537 ἐκεῖ
437 4470 549 4554 κλίνην,
566 4471 617 4534 καὶ
629 4463 700 4557 τροί-
736 4470 787 4532 καί
811 4465 914 4557 ἐλεύοη
937 4464 1013 4553 πρὸς
1035 4468 1088 4530 τὸν
1102 4466 1269 4547 ἄνθρωπον
1277 4484 1358 4605 ἣτουῖδ

1303 4564 1336 4603 εο
