2924 4972
146 218 210 286 σιν
308 249 310 254 -
349 189 640 278 mmmm
662 210 889 275 ΔοννοΡΑ
930 215 1007 290 τοο..
1022 205 1051 274 ε’.
1066 207 1100 286 ς’.
1114 215 1143 277 5.
1157 211 1188 277 6.

144 329 334 436 πρεσβύτεροι
346 327 468 411 Ἰσραίηλ
480 324 556 412 πρὸς
568 326 621 391 τὸν
632 327 755 411 βασιλέα
787 324 953 408 Ἐλφαλάτ,
972 332 1007 391 Ν
1008 328 1088 405 αγὲδ,
1106 332 1145 392 N
1142 329 1227 409 αφίκ,
1242 327 1399 409 Ἰανάθαυ,

143 421 183 490 είς
196 419 338 500 Χεβρων,
356 414 407 476 καὶ
418 411 534 474 διέθετο
549 406 653 484 αὐτοῖς
666 405 683 474 ὃ
697 413 755 496 βω
789 409 1398 492 Λιασαμύς,Βααλιμὶιθ,Ἐλιφαάθᾛκαὶ

146 496 239 572 σιλεύς
254 496 350 560 Δαυὶά
367 488 511 576 διαθήκην
524 494 556 556 ἐν
568 491 695 596 Χεβρὼν
706 495 755 558 ἐν-
789 492 920 577 ἤκουσαν
945 499 975 558 οὶ
1001 491 1165 574 ἀλλόφυλοι
1183 489 1230 558 ὅτι
1247 498 1399 581 κίχρισται

146 578 243 645 ιόπιον
259 605 295 642 κυ
314 585 376 654 ίου,
403 578 455 641 καὶ
465 580 580 661 χρίουσι
592 590 647 640 τον
659 576 756 641 Δαυὶδ
789 576 888 641 Λαυὶά
902 573 1035 663 βασιλεύς
1054 579 1103 641 ἐπὶ
1116 573 1253 661 Ἰσραὴλ,
1280 581 1332 642 καὶ
1344 578 1399 643 ἀν-

145 669 185 738 εὶς
197 605 323 749 βασιλίὶι
336 663 388 725 ἐπὶ
399 655 501 724 πάντα
511 654 639 744 Ἰσραήλ.
658 657 675 700 ⁴
689 656 755 733 υἱὸς
788 661 895 745 έβησαν
907 655 1016 735 πάντες
1028 663 1059 724 οὶ
1069 654 1233 740 ἀλλόφυλοι
1242 662 1335 743 ζητεῖν
1346 659 1399 725 τὸν

144 745 307 832 τριάκοντα
321 746 397 807 ἐτῶν
411 741 508 806 Auula
519 745 606 825 ἐντῷ
618 741 755 828 βασιλεῦ-
788 742 894 807 Δαυίδ.
918 743 970 806 καὶ
982 741 1088 825 ἤκουσε
1099 742 1207 817 Δαυὶιὶ,
1223 745 1275 808 καὶ
1287 748 1397 890 κατεβη

145 853 194 893 σαι
208 825 311 901 αὐτὸν,
325 827 378 889 καὶ
386 820 611 910 τεσσαράκοντα
619 824 673 907 ἐτη
684 827 755 910 ἔβα·
788 830 828 900 εὶς
840 823 896 906 τὴν
908 821 1055 911 περισχὴν.
1081 825 1110 867 ¹⁸
1122 826 1173 888 καὶ
1186 828 1217 888 οὶ
1230 822 1348 907 ἀλλόφυ
1360 855 1396 891 ,οι

146 912 279 976 σιλευσεν.
297 907 394 972 ίὲπτά
407 911 458 990 ἐτη
471 909 522 971 καὶ
533 911 626 990 μῆνας
639 909 673 982 ἐξ
686 911 756 1055 {ffr-
788 932 835 973 πα
853 912 1023 983 αγίνονται,
1048 909 1100 970 καὶ
1118 911 1278 972 συνέπεσον
1291 914 1329 983 εὶς
1342 909 1396 992 τὶγν

146 994 274 1060 σίλευσεν
294 994 325 1056 ἐν
344 989 470 1077 Χεβρὼν
489 991 540 1054 ἐπὶ
557 988 610 1054 τὸν
628 986 691 1054 Ἰού
746 1040 755 1066 ,
788 1015 825 1056 κο
866 986 986 1054 ἀτων
1002 990 1145 1054 Τιτάνων.
1165 992 1250 1055 1λκαὶ
1264 990 1397 1077 ἠρώτησε

145 1079 196 1142 καὶ
220 1070 382 1158 τριάκοντα
407 1098 427 1137 τ
446 1078 478 1137 ία
502 1075 553 1155 ε”τη
572 1073 756 1158 ἐβασίλευσεν
789 1074 887 1139 Ααυὶιὶ
903 1069 953 1138 διά
969 1079 1087 1159 κυρίου,
1112 1073 1215 1150 λέγων.
1255 1079 1280 1138 εὶ
1293 1073 1397 1160 ἀναβῶ

145 1160 197 1224 ἐπὶ
208 1160 311 1224 πάντα
322 1098 446 1242 Ἰσραὴλ
457 1157 509 1219 καὶ
522 1152 642 1220 Ἰούδαν
655 1157 686 1220 ἐν
698 1152 755 1220 Ἱε-
788 1154 866 1242 πρὸς
887 1154 960 1231 τούς
977 1153 1164 1238 ἀλλοφύλους
1181 1158 1232 1220 καὶ
1248 1154 1395 1243 παραδώ-

184 1239 308 1323 υσαλημ.
326 1241 405 1304 θκαὶ
418 1237 538 1320 ἀπῆλθε
552 1238 650 1304 Δαυὶδ
660 1241 712 1303 καὶ
725 1242 756 1303 οὶ
790 1265 848 1314 σεις
870 1236 982 1314 αύτούς
1006 1243 1045 1313 εὶς
1063 1238 1116 1313 τὰς
1133 1237 1229 1322 χεῖράς
1246 1266 1304 1320 μου
1309 1269 1320 1318 ,·
1346 1243 1398 1305 καὶ

145 1326 247 1410 ανδρες
260 1322 356 1389 αὐτοῦ
366 1328 405 1397 εἷς
413 1318 610 1406 Ἰερουσαλὴμ
617 1322 695 1406 πρὸς
703 1318 756 1386 τὸν
788 1321 850 1386 εἷπε
862 1319 898 1386 κύ
919 1347 962 1396 ισς
974 1320 1051 1407 πρὸς
1064 1322 1169 1386 Δαυίδ.
1187 1318 1337 1407 ἀνάβαινε,
1350 1320 1397 1387 ότι

141 1406 325 1495 Ἰεβουσαῖον
338 1405 392 1470 τὸν
403 1408 602 1469 κατοικοῦντα
616 1405 672 1487 τὴν
690 1408 754 1486 γῆν,
787 1405 902 1492 παραδι
939 1402 971 1480 ἀς
988 1399 1164 1490 παραδώσω
1176 1403 1249 1480 τοὺς
1262 1403 1397 1492 ἀλλρφύ-

144 1494 197 1556 καὶ
214 1491 324 1594 ἐρ’χὶέθη
345 1490 390 1569 τῷ
409 1488 512 1573 Ιιίαυίιὶ.
539 1485 594 1552 οῦκ
615 1484 755 1570 ελςελεύση
788 1488 861 1564 λους
881 1492 920 1563 εὶς
937 1486 993 1564 τάς
1005 1483 1102 1574 χεῖράς
1119 1511 1180 1553 σου.
1206 1490 1238 1532 ²⁰
1252 1490 1397 1574 καὶήλθε

146 1564 218 1646 ὦδε,
236 1596 284 1635 οτι
297 1568 484 1654 ἀντέστησαν
498 1573 528 1634 οὶ
540 1570 652 1651 τυφλοὶ
662 1572 714 1635 καὶ
725 1559 756 1635 όὶ
788 1571 889 1636 Δαυὶιὶ
905 1574 937 1634 ἐκ
953 1575 1015 1636 τιῦν
1033 1566 1136 1635 ἐπάνω
1153 1571 1321 1648 διακοποῦν,
1346 1574 1396 1637 καὶ

144 1655 239 1741 χωλοὶ
257 1654 405 1732 λέγοντες,
431 1649 478 1716 ὅτι
495 1650 551 1717 οῦκ
570 1651 755 1728 εὶςελεύσεται
788 1657 880 1737 ἔκοψε
891 1652 963 1728 τούς
975 1650 1166 1735 ἀλλοφύλους
1179 1657 1244 1718 ἐκεῖ.
1272 1656 1323 1719 καὶ
1335 1655 1396 1720 είπε

146 1738 243 1804 Δαυὶδ
255 1728 320 1802 ὦδε.
347 1734 675 1823 7καὶπροκατελάβετο
689 1742 755 1802 Λα·
789 1737 895 1802 Δαυίδ.
927 1736 1046 1820 διέκοψε
1063 1732 1164 1822 κύριος
1181 1735 1253 1813 τούς
1270 1736 1396 1823 ἐχθρούς

144 1822 195 1886 υὶδ
207 1820 260 1904 την
272 1814 411 1905 περιοχὴν
425 1813 514 1882 Σιάν.
542 1814 620 1903 αῦτη
634 1817 653 1902 ἡ
668 1815 755 1895 πόλις
789 1815 978 1900 ἀλλοφύλους
991 1815 1118 1884 ἐνεόντων
1131 1823 1213 1904 ἐμοῦ,
1239 1816 1280 1893 ὡς
1292 1817 1395 1884 διακό·

144 1909 202 1969 τοῦ
215 1904 321 1968 Δαυίδ.
335 1904 406 1966 οκαὶ
420 1900 482 1966 είπε
495 1901 595 1965 Δαυὶδ
605 1906 644 1994 τῇ
656 1900 754 2004 ὶημέρηι
787 1927 893 1967 πτεται
916 1899 1023 1968 ὕδατα.
1048 1901 1099 1967 διὰ
1116 1907 1207 1967 τοῦτο
1226 1899 1338 1986 ἐκλήθη
1358 1903 1394 1966 τὸ

145 1990 247 2082 ἐκείνη.
259 1991 320 2060 πάς
332 1980 455 2049 τύπτων
465 1982 647 2070 Ἰεβουσαῖον
660 1988 754 2049 απτί-
788 1983 883 2068 ὄνομα
895 1990 952 2050 τοῦ
962 1981 1060 2050 τόπου
1069 1989 1189 2061 ἐκείνου,
1197 1981 1319 2050 Ἐπάνω
1329 1987 1396 2051 δια-

145 2080 212 2134 σθω
240 2073 270 2133 ἐν
285 2067 462 2154 παραξιφίδι
481 2062 622 2141 καὶτοὺς
638 2067 754 2150 χωλούς
788 2073 898 2132 κοπιῦν.
937 2070 1029 2132 21καὶ
1047 2063 1321 2151 καταλιμπάνουσιν
1339 2073 1399 2134 ἐκεῖ

144 2156 197 2218 καὶ
213 2152 283 2228 τοὺς
299 2150 431 2233 τυφλούς
449 2151 500 2214 καὶ
513 2147 584 2225 τούς
593 2154 754 2235 μισοῦντας
787 2149 858 2226 τούς
870 2149 960 2226 θεούς
973 2149 1090 2226 αὐτῶν,
1112 2153 1163 2215 καὶ
1177 2147 1327 2237 ἐλόβοσαν
1339 2152 1396 2216 αύ-

144 2231 312 2319 τὶηνφυχην
329 2233 433 2298 Δαυίιὶ.
464 2231 513 2298 διά
533 2238 626 2298 τοῦτο
644 2236 752 2320 ἐροῦσι.
787 2232 961 2308 τούςΔαυὶδ
968 2235 1020 2298 καὶ
1028 2239 1058 2298 οἱ
1067 2233 1168 2320 ἀνδρες
1178 2238 1210 2298 οὶ
1217 2232 1274 2316 μετ’
1287 2233 1394 2300 αὐτοῦ.

144 2319 255 2398 τυφλοὶ
266 2318 319 2381 καὶ
330 2315 423 2400 χωλοὶ
435 2313 489 2378 οῦκ
499 2311 705 2389 εὶςελεύσονται
715 2321 754 2392 είς
787 2318 817 2358 ²²
828 2318 881 2381 καὶ
896 2319 1076 2401 προςέθεντο
1095 2320 1138 2381 ἐτι
1157 2313 1323 2397 ἀλλόφυλοι
1337 2322 1396 2381 τοῦ

145 2399 228 2466 οἶκον
243 2404 356 2485 κυρίου.
381 2398 397 2440 ⁹
410 2398 462 2462 καὶ
479 2393 601 2464 ἐκάθισε
612 2399 711 2464 Λαυὶδ
723 2403 754 2464 ἐν
787 2396 941 2485 ἀναβῆναι,
954 2401 1005 2463 καὶ
1018 2401 1178 2467 συνέπεσον
1190 2402 1220 2464 ἐν
1228 2402 1267 2482 τῆ
1278 2396 1395 2466 κοιλάδι

143 2490 183 2577 τῇ
195 2487 330 2577 περιοχῇ,
353 2482 405 2547 καὶ
417 2477 531 2565 ἐκλήθη
545 2477 624 2586 αῦτη
635 2478 654 2566 ἦ
666 2478 754 2558 πόλις
786 2486 848 2548 τῶν
861 2477 1002 2547 Τιτάνων.
1015 2483 1102 2547 23καὶ
1114 2473 1286 2568 ἐπηρώτησε
1298 2486 1395 2549 Δαυὶδ

145 2570 252 2633 Δαυίιὶ.
278 2568 329 2632 καὶ
345 2562 534 2649 ᾠκοδόμησεν
552 2563 646 2648 αῦτην
664 2561 754 2630 πόλιν
786 2565 836 2631 διὶι
848 2572 962 2651 κυρίου.
987 2567 1039 2630 καὶ
1050 2565 1112 2630 εἶπε
1125 2561 1233 2651 κύριος.
1252 2564 1307 2631 οῦκ
1319 2565 1394 2632 ἀνα-

143 2646 242 2734 κύκλῳ
261 2647 325 2714 ἀπὸ
343 2654 396 2731 τῆς
408 2647 518 2732 ἀκρας,
542 2650 595 2712 καὶ
606 2645 660 2712 τὸν
671 2648 754 2714 οἷκον
785 2645 860 2743 βηση
874 2654 912 2724 είς
925 2646 1096 2732 συνάντησιν
1108 2646 1225 2724 αῦταῐν,
1245 2647 1394 2735 ἀποστρέ-

145 2732 250 2799 αάτοῦ.
282 2733 312 2775 ¹⁰
325 2735 377 2795 καὶ
389 2724 573 2813 διεπορεύετο
585 2731 683 2795 Auula
692 2756 752 2796 πο-
786 2757 845 2812 φου
871 2729 921 2796 ἀπ’
944 2730 1061 2807 αὐτῶν,
1087 2733 1139 2796 καὶ
1154 2736 1273 2817 παρέση
1291 2731 1394 2807 αὐτοῖς

143 2811 298 2902 ρευόμενος
310 2813 362 2876 καὶ
372 2806 616 2893 μεγαλυνόμενος,
636 2813 688 2875 καὶ
699 2809 754 2877 κύ-
785 2814 913 2898 πλησίον
925 2820 982 2879 τοῦ
995 2815 1200 2897 κλαυθμῦνος.
1214 2804 1303 2879 2λιίαὶ
1311 2819 1395 2880 ἐσται

164 2924 208 2973 ιος
225 2892 446 2980 παντοκράτωρ
458 2891 517 2974 μετ’
533 2891 639 2959 αὐτοῦ.
665 2898 690 2936 ¹¹
702 2896 754 2960 καὶ
786 2898 817 2960 ἐν
828 2902 874 2982 τῷ
885 2895 1018 2963 ἀκοῦσαί
1030 2923 1063 2964 σε
1075 2898 1128 3002 την
1140 2895 1242 2981 φωνην
1253 2901 1309 2962 τοῦ
1323 2924 1394 2975 συγ-

143 2979 298 3046 απέστειλε
310 2972 428 3063 Χειράμ
436 2974 573 3061 βασιλεὺς
586 2973 686 3061 Ίύρου
697 2977 753 3057 ἀγ·
786 2980 925 3064 κλεισμοῦ
938 2979 1001 3045 ἀπὸ
1016 2985 1072 3047 τοῦ
1083 2981 1193 3056 αλοους
1206 2985 1261 3046 τοῦ
1275 2981 1394 3046 κλαυθ-

142 3065 249 3142 γέλους
265 3061 343 3145 πρὸς
356 3059 454 3124 Δαυὶδ
468 3062 520 3123 καὶ
538 3055 614 3135 ξύλα
626 3061 752 3146 κέδρινα,
785 3069 893 3145 μοῦνος,
919 3059 988 3129 τότε
1005 3060 1160 3151 καταβηση
1178 3062 1255 3150 πρὸς
1273 3063 1393 3141 αύτούς,

141 3148 193 3211 καὶ
211 3147 353 3217 τέκτονας
370 3137 465 3218 ξύλων
483 3144 535 3207 καὶ
552 3146 694 3219 τέκτονας
706 3145 753 3209 λί-
785 3143 832 3212 ὅτι
844 3143 912 3211 τότε
925 3144 1101 3224 ἐξελεύσεται
1114 3130 1213 3231 κύριος
1222 3151 1393 3234 ἔμπροσθέν

141 3239 219 3302 θων,
228 3227 282 3296 καὶ
291 3219 486 3308 ᾠκοδόμησαν
497 3224 581 3290 alnov
591 3230 636 3311 τῷ
646 3228 750 3293 Δαυίδ.
785 3257 839 3296 σου
852 3226 970 3295 κόπτειν
982 3235 1013 3295 ἐν
1030 3236 1075 3314 τῷ
1086 3229 1210 3313 πολέμῳ
1225 3234 1285 3294 τῶν
1298 3229 1390 3295 ἀλλο-

140 3314 169 3353 ¹²
181 3312 233 3375 καὶ
245 3312 321 3387 έγνω
335 3309 444 3384 Δαυὶδ,
464 3304 512 3373 ὅτι
525 3306 681 3393 ἡτοίμασεν
694 3310 751 3378 αῦ-
785 3309 894 3394 φύλων.
933 3315 962 3358 ²⁵
975 3316 1026 3379 καὶ
1042 3317 1160 3397 ἐποίησε
1172 3314 1270 3380 aaut&
1286 3312 1391 3387 καθώς

107 3437 109 3442 -
141 3394 195 3460 τὸν
207 3390 307 3501 κύριος
319 3399 358 3469 εἷς
367 3391 491 3480 βασιλέα
500 3394 549 3458 ἐπὶ
559 3392 690 3495 Ἰσραὴλ,
701 3398 752 3461 καὶ
785 3396 946 3462 ἐνετείλατο
965 3397 1049 3480 αύτῷ
1061 3391 1177 3502 κύριος,
1201 3398 1252 3463 καὶ
1265 3393 1392 3472 ἐπάταξε

142 3475 190 3545 ὅτι
203 3481 323 3572 ἐπηρθη
341 3476 509 3563 ἦβασιλεία
522 3474 620 3543 αύτου
637 3477 686 3542 διὰ
699 3478 752 3542 τὸν
783 3477 855 3555 τούς
881 3478 1069 3561 ἀλλοφύλους
1094 3477 1158 3545 απὸ
1175 3479 1309 3568 Γαβαών
1336 3486 1392 3554 ἕως

141 3561 215 3628 λαὸν
228 3562 325 3627 αύτσῦ
333 3555 464 3646 Ἰσραήλ.
482 3561 569 3624 13καὶ
583 3559 673 3644 ἔλαβε
686 3567 751 3627 Λα·
783 3566 836 3645 της
847 3567 901 3647 γης
912 3559 1046 3648 Γαζηρά.

142 3648 190 3712 vid
201 3648 244 3710 ἔτι
253 3656 398 3724 γυναῖκας
416 3644 468 3706 καὶ
480 3640 750 3718 παλλακάςέξἾε-
983 3652 1058 3711 ΚΒ
1070 3650 1108 3710 Φ.
1152 3641 1189 3721 ς’.

141 3728 297 3810 ρσυσαλημ
321 3721 395 3806 μετά
420 3724 457 3788 τὸ
482 3725 580 3789 ἐλθεῖν
606 3722 700 3791 αὐτὸν
717 3729 750 3791 ἐκ
783 3693 869 3794 Καὶ
883 3725 1042 3812 συνήγαγεν
1053 3731 1097 3793 ἐτι
1107 3729 1205 3792 Δαυίδ
1214 3727 1313 3790 πάντα
1325 3748 1390 3787 νεα-

143 3807 280 3895 Χεβριόν.
307 3809 358 3873 καὶ
376 3808 509 3883 ἐγένοντο
530 3811 575 3891 τῷ
593 3810 691 3874 Δαυὶεὶ
707 3812 750 3874 ἐτι
782 3817 848 3876 νίαν
862 3815 893 3889 ἐξ
906 3811 1044 3898 Ἰσραηλ,
1070 3807 1110 3884 ὡς
1129 3805 1328 3895 ἑβδομήκοντα
1346 3833 1390 3889 χι-

142 3896 202 3958 υἱοὶ
214 3894 265 3955 καὶ
280 3892 457 3974 θυγατέρες,
494 3890 524 3933 ¹⁴
536 3892 588 3956 καὶ
600 3897 698 3958 ταῦτα
710 3891 749 3957 τά
783 3889 894 3969 λιάδας.
932 3897 1011 3960 2καὶ
1038 3890 1145 3973 ἀνέστη
1168 3893 1221 3955 καὶ
1241 3885 1390 3973 ἐπορεύθη

143 3972 276 4056 ὀνόματα
301 3979 362 4039 των
385 3976 586 4056 γεννηθέντων
610 3973 695 4059 αὐτῷ
720 3979 750 4039 ἐν
783 3977 882 4041 Δαυὶδ
904 3978 956 4041 καὶ
972 3982 1032 4051 πᾶς
1049 3972 1066 4040 ὃ
1084 3973 1157 4048 λαὸς
1174 3971 1192 4036 ὁ
1211 3970 1269 4075 μετ’
1292 3969 1389 4037 αὐτοῦ

139 4052 338 4140 Ἰερουσαλήμ.
374 4056 531 4139 Σαμμούς,
558 4059 609 4123 καὶ
625 4058 748 4144 Σωβάβ,
781 4060 833 4122 καὶ
845 4055 909 4123 ἀπὸ
922 4062 983 4123 τῶν
996 4055 1147 4144 ἀρχόντων
1156 4054 1259 4120 Ἰουδα
1272 4059 1302 4120 ἓν
1315 4052 1389 4120 ἀνα-

142 4146 193 4206 καὶ
209 4137 344 4214 Νάθαν,
371 4140 422 4202 καὶ
446 4140 617 4222 Σαλωμών,
653 4142 749 4206 15καί
781 4137 864 4229 βάσει
876 4146 933 4206 τοῦ
942 4137 1101 4218 ἀναγαγεῖν
1113 4142 1224 4204 ἐκεῖθεν
1234 4137 1289 4221 τὴν
1298 4143 1389 4224 κιβω-

138 4223 256 4311 Ἓβεάρ,
269 4224 321 4288 καὶ
335 4221 476 4298 Ἐλισουὲ,
494 4226 546 4288 καὶ
557 4222 679 4328 Ναφὲκ,
697 4226 749 4288 καὶ
782 4223 835 4290 τὸν
859 4227 916 4289 τοῦ
940 4227 1030 4298 θεοῦ,
1055 4222 1099 4305 ἐφ’
1119 4219 1156 4304 ἣν
1181 4218 1330 4306 ἐπεκλήθη
1352 4222 1387 4286 τὸ

138 4307 253 4387 Ἰεφιὲς,
277 4303 541 4389 16καὶἿὶλισαμὶι,
558 4309 610 4373 καὶ
629 4305 748 4385 Ελιὶαὲ,
782 4305 877 4389 ὄνομα
884 4309 943 4371 τοῦ
951 4312 1055 4391 κυρίου
1064 4311 1125 4371 τῶν
1134 4304 1284 4389 δυνάμεων
1293 4317 1387 4389 καθη·

141 4394 192 4458 καὶ
215 4387 404 4469 Ἐλιφαλάθ,
435 4389 556 4473 Σαμαέ,
585 4388 748 4475 Ἰεσσιβάθ,
780 4392 870 4473 μένου
895 4389 946 4453 ἐπὶ
969 4394 1030 4453 τῶν
1048 4391 1197 4474 Χερουβὶν
1216 4388 1259 4454 ἐπ’
1286 4388 1386 4473 αὐτῆς.

144 4472 268 4552 Νάθαν,
278 4472 456 4556 Γαλαμαὰν,
465 4469 593 4559 Ἰεβαὶιρ,
606 4472 748 4555 Θεησσῦς,
763 4509 767 4550 ι
781 4475 795 4517 ³
807 4474 858 4539 καὶ
874 4474 1051 4558 ἐπεβίβασαν
1070 4474 1121 4560 την
1144 4470 1269 4558 κιβωτὸν
1286 4480 1387 4619 κυρχορ
