2924 4972
213 215 506 275 ΒΑΣΙΛΕΙΩΝ
531 208 760 273 ΔΕΥΤΕΡΑ
800 209 1148 296 Κεφ.ιβ’.κγ’.22.93ι
1242 211 1307 279 335

61 361 124 422 ψεις
137 336 206 413 τοὺς
222 335 469 419 ἐπιστανομένσνς
482 363 533 418 μοι
548 330 667 398 ὑπσκά-
702 331 811 408 καύσει,
824 334 876 399 καλ
887 331 1091 418 καυθήσονται
1104 334 1241 422 αἰσχύνην
1252 338 1309 405 αιἰ·

60 448 103 487 τω
114 447 179 504 μου.
198 421 226 463 ⁴¹
237 423 288 484 καὶ
301 421 372 494 τοὺς
383 415 511 504 ἐχθρούς
522 443 579 499 μου
591 419 666 480 ἑδω-
702 421 769 481 τῶν.
796 417 813 460 ⁸
825 421 922 483 ταῦτα
939 416 978 483 τά
997 413 1133 520 ὀνόματα
1146 425 1207 484 τῶν
1219 422 1310 487 δυνα·

60 501 114 579 κάς
126 530 175 588 μοι
189 507 294 578 νῶτον,
307 502 379 577 τοὺς
388 498 550 585 μισσῦντάς
561 525 606 583 με,
616 501 666 563 καί
701 503 764 563 τῶν
782 501 888 564 Ααυίδ.
924 501 1059 588 Ἰεβοσθι
1085 499 1103 568 5
1123 509 1309 580 Χαναναῖος,

61 585 255 661 ἔθανάτωσας
268 583 387 672 αὐτούς.
401 580 602 670 42βοήσονται
615 583 667 646 καὶ
703 579 802 664 ἀρχαι
827 587 883 646 τοῦ
906 609 925 647 τ
944 591 1008 649 ίτσυ
1024 587 1111 650 ἐστίν.
1145 583 1309 652 Ἀδινῶνὸ

61 669 115 735 σῦκ
127 673 189 735 ἔστι
201 668 326 755 βοηθὸς,
339 668 416 754 πρός
427 663 537 752 κύριον,
547 669 597 731 καί
610 663 666 730 οῦκ
698 660 878 741 Ἀσωναῖσς,
900 692 989 742 ουτος
1001 664 1157 736 ἐσπάσατο
1169 667 1226 753 τήν
1237 673 1311 755 ροχι-

60 750 217 837 ἐπήκουσεν
230 749 339 817 αὐτῶν.
379 752 474 815 43καὶ
490 750 597 814 ἐλέανα
609 746 666 812 αύ-
704 751 798 826 φαίαν
822 744 917 812 αῦτοῦ
940 751 991 814 ῖπλ
1006 747 1200 828 ὀκτακοσίους
1217 778 1311 838 στρα-

60 837 129 912 τοὺς
145 831 186 910 ῶς
203 840 275 918 χοῦν
289 839 358 916 γῆς,
385 830 426 909 ῶς
442 832 539 916 πηλὸν
556 828 666 908 ἐξόδων
704 823 813 902 τιῶτας
822 823 950 908 είςάπσξ.
960 833 1033 896 ”nai
1041 833 1098 915 μετ’
1108 832 1202 901 αύτδν
1209 833 1311 902 ’Eho-

60 919 205 983 ἐλίπτυνα
222 914 340 992 αύτούς.
378 916 412 958 ⁴⁴
425 918 477 981 καί
493 912 613 1004 ῥύσημε
632 916 665 977 ἐκ
703 909 758 973 νάν
788 908 853 985 υίὸς
877 913 1094 997 πατραδελφου
1124 914 1221 983 αάτοῦ
1246 919 1309 997 υίὸς

59 997 154 1085 μάχης
165 1001 259 1076 λαῶν,
285 996 422 1078 φυλάξεις
433 1024 467 1081 με
487 1005 525 1072 είς
538 996 666 1096 κεφαλήν
704 993 799 1058 Δουδί
811 998 868 1057 τοῦ
880 996 911 1057 έν
922 1007 986 1070 τοῖς
995 999 1087 1100 τρισίν
1094 998 1228 1075 δυνατοῖς
1235 1000 1309 1084 μετά

60 1089 165 1146 ἐθνῶν.
191 1081 265 1157 λαὸς
282 1079 317 1147 ὃν
331 1081 387 1147 οῦκ
403 1086 478 1159 ἔγνω
492 1076 667 1145 ίδούλιυσαν
704 1077 810 1140 Δαυίδ.
836 1079 888 1141 καί
904 1080 935 1143 ἓν
951 1082 996 1161 τῷ
1014 1080 1154 1145 σνειδίσαι
1171 1079 1262 1147 αῦτὸν
1279 1088 1311 1149 ίν

58 1192 119 1248 μοι,
145 1165 177 1210 ⁴⁶
189 1168 250 1230 υἱοὶ
261 1161 415 1249 ἀλλότριοι
428 1157 595 1244 ε’ψεύσαντό
607 1186 667 1243 μοι,
706 1170 769 1234 τοῖς
781 1155 980 1240 ἀλλοφύλοις,
1006 1156 1195 1245 συνήχθησαν
1206 1166 1264 1228 ἐκεῖ
1273 1170 1312 1240 είς

59 1257 99 1321 ιῖς
111 1246 205 1331 ἀκοήν
218 1246 309 1310 ὠτίου
326 1240 457 1329 ήκουσάν
468 1271 535 1326 μου.
561 1244 594 1287 ⁴⁶
608 1245 669 1308 υῖοί
705 1237 851 1345 πόλεμον,
870 1243 922 1306 καί
939 1242 1080 1329 ἀνέβησεν
1093 1241 1168 1327 ἀνήρ
1183 1241 1312 1329 Ἰσραήλ

61 1325 217 1413 ἀλλότριοι
230 1324 499 1413 ἀπσρριφήσσνται,
524 1328 575 1391 καὶ
588 1351 668 1407 σφα-
706 1326 735 1367 ¹⁰
748 1326 841 1399 αυτὸς
858 1323 965 1410 ἀνέστη
980 1329 1031 1390 καί
1048 1322 1191 1402 ἐπάταξεν
1209 1331 1241 1393 έν
1253 1339 1315 1403 τοῖς

59 1415 163 1478 λοῦσιν
194 1414 226 1475 ἐκ
252 1415 313 1474 τῶν
337 1411 534 1493 συγκλεισμῶν
559 1407 666 1474 αὐτῶν.
706 1403 902 1488 ἀλλοφύλοις,
927 1402 1033 1485 έωςοῦ
1052 1407 1240 1495 ἐκοπίασινή
1252 1412 1314 1497 χείρ

60 1495 89 1538 ⁴¹
105 1499 140 1577 ζῆ
158 1490 274 1601 κύριος,
300 1495 351 1559 καί
364 1488 550 1575 εῦλογητόςὸ
569 1488 667 1575 φύλαξ
706 1488 815 1567 αὐτοῦ,
840 1494 891 1556 καί
907 1489 1134 1578 πρσςικολλήθη
1150 1491 1242 1578 ήχείρ
1255 1495 1315 1560 αῦ-

59 1568 133 1663 μον’,
160 1603 211 1642 και
236 1573 437 1661 ὑψωθήσεται
454 1575 472 1641 ὁ
488 1573 560 1651 θεός
571 1601 630 1659 μου
647 1573 665 1640 ὁ
704 1578 761 1638 τοῦ
776 1573 855 1660 πρὸς
871 1573 927 1661 τήν
943 1573 1098 1662 μάχαιραν.
1123 1579 1175 1641 καί
1192 1579 1313 1662 ὸτσίησε

61 1658 159 1742 φύλαξ
177 1664 229 1744 τής
246 1667 392 1745 σωτηρίας
404 1685 473 1765 μον.
503 1659 536 1704 ⁴⁸
549 1657 667 1745 ἰσχυρὸς
705 1652 804 1743 κύριος
820 1666 968 1766 σωτηρίαν
983 1655 1113 1744 μεγάλην
1123 1663 1205 1753 έντῇ
1217 1658 1313 1743 ἡμέρα

59 1740 159 1849 κύριος
175 1740 194 1808 5
207 1739 304 1818 διδούς
315 1745 473 1828 ἕκδικησεις
487 1745 568 1826 ἐμοὶ,
593 1768 665 1807 παι·
704 1743 805 1834 ἐκείνη.
820 1744 871 1806 καὶ
883 1767 901 1807 ο
914 1741 988 1819 λαός
1000 1740 1134 1826 ἐκάθητο
1146 1740 1246 1807 ὀπίσω
1255 1742 1314 1809 αύ-

60 1829 152 1892 δευων
176 1823 271 1901 λαούς
296 1822 438 1892 ὑποκάτω
462 1851 529 1909 μου.
568 1824 666 1890 40καλ
705 1827 760 1888 τοῦ
776 1823 854 1908 πλήν
870 1822 1054 1892 ἐκδιδάσκειν.
1080 1831 1105 1869 ²¹
1118 1827 1169 1891 καί
1180 1823 1238 1908 μετ’
1254 1824 1313 1892 αύ-

59 1907 170 1988 ἕξύγων
182 1935 217 1993 με
230 1911 260 1985 ἐξ
272 1912 388 1995 ἐχθρῶν
399 1936 474 1993 μου,
497 1911 548 1974 καί
560 1911 592 1972 ἐκ
605 1913 666 1972 τῶν
704 1906 758 1970 τόν
775 1911 903 1990 Σαμαία
928 1908 990 1986 υίὸς
1004 1909 1081 1975 ”Aac
1098 1906 1116 1973 5
1130 1907 1312 1996 Ἀρουχαίος.

59 1996 280 2078 ἓπεγειρομένων
291 2020 341 2075 μοι
354 1989 481 2077 ῦφῶοεις
492 2017 544 2075 με,
567 1994 599 2067 ἐξ
612 1990 664 2054 ἀν-
704 1991 756 2054 καί
768 1989 955 2078 συνήχθησαν
969 1996 1001 2058 σί
1014 1988 1177 2073 ἀλλόφυλοι
1191 1997 1230 2068 εἰς
1247 1994 1312 2095 θη·-

59 2074 127 2162 δρός
138 2070 326 2180 ἀδικημάτων
337 2072 410 2163 ῥύση
420 2100 462 2158 με.
476 2072 563 2139 60διδι
572 2079 665 2139 τοῦτο
705 2078 764 2154 ρία.
790 2077 842 2139 καὶ
854 2063 890 2158 ἦν
901 2079 962 2141 ἐκεῖ
970 2079 1048 2160 μερὶς
1060 2080 1115 2140 τοῦ
1127 2074 1222 2161 ἀγροῦ
1234 2075 1311 2159 πλη-

59 2159 314 2243 ἕξσμσλογησομαί
326 2184 370 2223 σοι
379 2156 459 2243 κύριε
468 2161 572 2232 ἐντοῖς
581 2159 667 2220 έθνε-
706 2179 758 2237 ρης
768 2161 880 2236 φακοῦ.
893 2161 944 2222 καί
955 2157 973 2222 5
986 2158 1059 2232 λαὸς
1069 2161 1171 2237 ἔφυγεν
1178 2162 1211 2222 ἐκ
1219 2184 1311 2243 προς-

60 2269 99 2318 σι,
108 2245 160 2306 καί
172 2246 202 2306 ἐν
212 2245 256 2323 τῷ
268 2235 393 2323 ὀνόματί
402 2266 457 2306 σου
467 2239 571 2320 ψαλῶ,
585 2241 668 2321 81με·
706 2235 793 2301 ῶπου
807 2234 995 2320 ἀλλοφύλων,
1012 2243 1040 2283 ¹²
1048 2242 1100 2304 καί
1112 2237 1269 2325 ἐπηλάθη
1281 2245 1312 2306 έν

60 2319 194 2404 γαλύνων
210 2324 264 2397 τὰς
280 2330 427 2406 σωτηρίας
447 2321 592 2408 βασιλέως
611 2319 667 2384 αῦ-
705 2322 787 2400 μέσῳ
800 2325 853 2402 τῆς
864 2323 990 2406 μερίδος.
1003 2325 1054 2385 καί
1064 2323 1196 2398 ἐξείλατο
1209 2323 1312 2408 αῦτήν,

60 2414 135 2479 τοῦ,
160 2407 213 2467 καί
224 2410 320 2468 ποιῶν
333 2406 416 2479 έλεος
428 2409 474 2485 τῷ
486 2407 597 2486 χριστῷ
612 2401 668 2465 αύ-
706 2403 758 2465 καὶ
783 2399 911 2478 ἐπάταξε
935 2404 1007 2477 τοὺς
1031 2402 1226 2482 ἀλλοφύλους.
1263 2408 1314 2469 καί

60 2493 117 2553 τοῦ
131 2490 176 2567 τῷ
185 2487 281 2549 Δαυίδ
293 2488 344 2548 καί
357 2491 399 2570 τῷ
415 2487 563 2568 σπέρματι
574 2481 669 2547 αὐτοῦ
708 2486 826 2564 ἐποίησε
862 2484 964 2570 κύριος
1001 2491 1148 2566 σωτηρίαν
1177 2481 1312 2569 μεγάλην.

61 2578 118 2645 ἕως
131 2573 245 2642 αἰῶνος.
707 2565 734 2605 ¹³
746 2568 797 2629 καί
809 2571 976 2653 κατέβησαν
994 2578 1070 2651 τρεῖς
1083 2565 1145 2631 ἀπὸ
1158 2573 1218 2632 τῶν
1229 2565 1314 2654 τριά-

241 2656 275 2714 Κ
285 2656 316 2713 E
329 2656 367 2714 Φ.
410 2643 493 2714 ΚΓ.
706 2671 800 2713 κοντα
813 2653 864 2714 καὶ
877 2653 1046 2756 κατέβησαν
1058 2655 1097 2726 είς
1109 2652 1225 2717 Κασῶν
1237 2650 1314 2737 πρὸς

59 2702 147 2801 Καὶ
160 2727 242 2799 οῦτοι
254 2738 285 2799 οῖ
294 2730 378 2812 λόγοι
388 2733 490 2799 Δαυίδ
497 2735 529 2797 σί
538 2734 667 2817 ἔσχατοι.
705 2733 805 2798 Δαυίδ
815 2738 856 2809 εἰς
867 2733 902 2799 τό
917 2736 1066 2818 σπηλαιον
1076 2732 1238 2820 Ὀδολλάμ,
1261 2738 1313 2802 καί

58 2815 164 2892 πιστός
175 2819 274 2884 Δαυίδ
284 2817 347 2893 υἱός
357 2816 480 2893 Ἰεσσαί,
500 2819 551 2881 καί
562 2816 667 2890 πιστὸς
704 2811 806 2899 τάγμα
827 2822 888 2882 τῶν
905 2815 1094 2922 ἀλλοφύλων.
1120 2820 1173 2883 καὶ
1188 2824 1310 2944 παρενέ·

59 2901 136 2987 ἀνήρ
154 2899 190 2967 ὃν
208 2901 344 2986 ἀνέστησε
363 2900 462 2986 κύριος
480 2902 531 2965 ε’πί
550 2897 668 2987 χριστόν
703 2898 798 2984 βαλον
813 2907 895 2985 ἐντῇ
912 2903 1027 2968 κοιλαδι
1049 2904 1180 2983 Ραφαίν.
1219 2907 1231 2945 ¹
1262 2903 1313 2967 καί

58 2992 134 3051 θεοῦ
156 2983 281 3071 Ἰακὼβ,
306 2988 358 3049 καὶ
380 2985 531 3070 εὐπρεπεῖς
548 2985 666 3066 ψαλμοί
704 2985 803 3049 Δαυὶδ
814 2976 884 3050 τότί
895 2990 926 3050 ἐν
939 2991 974 3070 τῆ
984 2990 1116 3078 περιοχή,
1127 2985 1224 3050 καὶτὸ
1235 2980 1312 3050 {mb-

54 3063 187 3154 Ἰσραήλ.
213 3071 351 3151 2πνεῦμα
367 3075 469 3154 κυρίου
482 3065 623 3152 ἐλάλησεν
635 3072 665 3133 ἐν
703 3092 795 3148 στεμα
811 3074 873 3134 τῶν
890 3063 1070 3148 ἀλλόφύλων
1088 3066 1157 3134 τότε
1172 3072 1204 3136 ἒν
1216 3075 1249 3136 Β
1269 3080 1311 3134 θ-

58 3156 139 3235 ἒμσί,
160 3153 211 3217 καί
222 3150 240 3216 ὁ
253 3148 344 3229 λόγος
356 3151 453 3217 αὐτοῦ
467 3155 516 3217 ἐπὶ
528 3150 664 3255 γλώσσης
702 3151 777 3233 λεέμ.
791 3153 1165 3237 15καίέαεθύμησεΛαυὶδ,
1178 3155 1229 3219 καί
1238 3097 1310 3237 είιτε.

56 3260 124 3317 μου.
142 3238 156 3278 ³
169 3235 243 3312 λέγει
256 3231 274 3298 5
287 3232 356 3308 θεός
367 3231 496 3318 Ἰσραήλ.
513 3238 577 3315 ε’μσί
591 3235 663 3299 ἐλα-
702 3240 745 3307 τίς
762 3247 860 3299 ποτιεῖ
870 3261 903 3316 με
920 3234 1001 3320 ὕδωρ
1016 3240 1048 3300 ἐκ
1059 3242 1114 3300 τοῦ
1128 3233 1241 3300 λάκκου
1254 3239 1311 3300 τοῦ

56 3319 127 3400 λησε
142 3314 239 3397 φύλαξ
253 3314 414 3398 ἔξἸσραήλ
427 3318 612 3400 παραβολήν,
622 3317 664 3381 εί-
702 3319 733 3379 ἐν
744 3316 886 3398 Βηθλεὲμ
895 3323 951 3380 τοῦ
961 3323 991 3380 ἐν
1004 3323 1039 3396 τῇ
1053 3315 1151 3406 πύλης
1164 3318 1199 3380 τὸ
1210 3316 1243 3381 δὲ
1257 3315 1310 3381 σύ-

55 3425 118 3467 πον
137 3402 169 3463 ἐν
188 3397 351 3480 ἀνθρώπῳ.
382 3401 447 3471 πῶς
464 3396 665 3480 κραταιῶοητε
703 3424 794 3479 στεμα
811 3401 872 3463 τῶν
890 3394 1073 3478 ἀλλοφύλων
1090 3400 1159 3461 τότε
1177 3401 1207 3461 ἐν
1218 3404 1309 3480 Βηθ-

56 3477 158 3568 φόβον
181 3481 318 3563 χριστοῦ,
349 3477 430 3542 4καί
447 3481 477 3542 ἐν
495 3482 574 3557 φωτί
589 3485 666 3544 θεοῦ
702 3482 779 3560 λιέμ.
798 3482 882 3545 16καί
894 3481 1045 3565 διέρρηξαν
1056 3483 1088 3544 οἱ
1101 3489 1177 3564 τρεῖς
1189 3481 1312 3544 δυνατοί

55 3566 192 3647 πρωίας,·
218 3558 368 3625 ἀνατεῖλαι
388 3558 474 3641 ἥλιος
491 3562 665 3647 τοπρωῒ,οθ
703 3565 734 3627 ἐν
748 3571 783 3645 τῇ
795 3563 966 3654 παρεμβολῇ
980 3567 1039 3626 τῶν
1052 3559 1241 3642 ἀλλοφύλων,
1258 3565 1310 3628 καί

58 3650 159 3730 κύριος
176 3645 335 3748 παρήλθεν
351 3646 383 3707 ἐκ
395 3647 536 3725 φέγγους,
552 3644 612 3706 καὶ
625 3641 667 3716 ὡς
700 3638 882 3729 ύὸρεύσαντο
905 3642 985 3752 ύδωρ
1004 3649 1035 3710 ἐκ
1052 3650 1110 3710 τοῦ
1126 3646 1236 3712 λάκκου
1254 3652 1309 3713 τοῦ

60 3729 189 3810 ῖξῦετοῦ
200 3731 291 3816 χλοης
303 3724 365 3793 ἀπὸ
376 3732 438 3810 γῆς.
464 3728 479 3770 ⁵
492 3724 528 3791 οῦ
539 3723 598 3810 γάρ
611 3721 667 3790 σύ·
705 3730 737 3791 ἐν
748 3726 891 3809 Βηθλεὲμ
902 3734 956 3792 τοῦ
968 3753 998 3792 εν
1010 3734 1049 3812 τῆ
1060 3728 1148 3823 πύλη.
1171 3735 1222 3797 καί
1235 3732 1309 3797 ἔλα-

60 3842 118 3891 τως
129 3814 147 3881 ὁ
160 3811 240 3889 σίκός
251 3839 309 3894 μου
321 3812 394 3895 μετὰ
409 3815 542 3896 ἰσχυροῦ.
555 3806 666 3891 διαθή-
703 3813 761 3896 βαι
773 3813 825 3874 καὶ
836 3802 1035 3896 παρεγίνοντό
1047 3813 1126 3915 πρός
1137 3816 1244 3892 Αανίδ,
1258 3820 1308 3883 καὶ

59 3925 112 3983 κην
127 3899 185 3985 γάρ
205 3893 324 3964 αίῶνιον
337 3891 424 3960 ἔθετό
435 3921 485 3976 μοι
499 3896 623 3978 ,ἑτοίμην
635 3897 666 3957 ἐν
703 3891 758 3960 σῦκ
776 3891 905 3977 ἠθέλησε
917 3907 995 3959 πιεῖν
1007 3893 1093 3960 αῦτσ.
1118 3900 1170 3962 καὶ
1181 3901 1309 3966 ἔσπεισεν

58 3987 151 4048 παντί
162 3987 257 4066 καιρῷ
270 3980 498 4062 πεφυλαγμένην.
518 3973 565 4042 ότι
577 3982 664 4042 πᾶσα
703 3975 780 4043 αὐτὸ
795 3982 840 4061 τῴ
851 3984 952 4063 κυρίῳ,
971 3981 1060 4045 17καὶ
1073 3979 1142 4045 εἶπε.
1162 3980 1246 4059 ἰλειός
1256 4013 1309 4067 μοι

59 4074 193 4151 σωτηρία
205 4091 262 4149 μου
274 4066 325 4128 καί
337 4069 398 4129 πάν
411 4064 543 4144 θέλημα,
566 4057 613 4125 ὅτι
626 4058 663 4125 σύ
702 4058 782 4145 κύριε
797 4066 852 4126 τοῦ
864 4068 989 4147 ποιήσαι
1002 4069 1109 4141 τοῦτο,
1127 4069 1152 4130 εἶ
1164 4067 1237 4151 αἷμα
1249 4074 1309 4134 τῶν

58 4150 98 4234 μή
117 4146 271 4240 βλαστήση
289 4143 306 4212 5
319 4141 499 4233 παράνομος.
540 4147 555 4188 ⁰
569 4141 664 4230 ῶςπερ
703 4144 819 4229 ἀνδρῶν
831 4150 893 4210 τῶν
905 4152 1114 4232 πορευθέντων
1126 4153 1156 4214 ἐν
1168 4164 1234 4224 ταῖς
1247 4172 1309 4234 φυ-

60 4233 183 4298 ἀκανθα
200 4234 343 4315 ἐξωσμὲνη
358 4226 465 4303 πάντες
483 4219 585 4305 οὗτοι,
616 4224 664 4293 ὅτι
701 4241 766 4313 χαῖς
783 4227 884 4294 αὐτῶν
902 4238 1017 4315 πίομαι.
1043 4236 1094 4299 καί
1107 4233 1161 4299 σῦκ
1178 4233 1309 4317 ιἠθελησε

59 4316 94 4380 οὗ
106 4318 180 4401 χειρὶ
191 4312 412 4399 ληφθήσονται,
448 4315 526 4377 7καὶ
539 4311 613 4397 ἀνήρ
627 4309 663 4376 ού
701 4322 777 4376 πιεῖν
796 4309 881 4378 αῦτό.
907 4321 1004 4380 ταῦτα
1022 4321 1166 4417 ἐποίησαν
1184 4319 1213 4376 οῖ
1232 4328 1309 4399 τρεῖς

57 4394 193 4463 κοπιάσει
213 4404 244 4463 ἐν
258 4396 367 4471 αὐτοῖς.
394 4397 445 4461 καί
458 4398 567 4501 πλῆρες
581 4393 663 4477 σιδή-
701 4396 829 4460 δυνατοί.
870 4398 967 4461 18καί
986 4397 1113 4482 Ἀβεσσα
1138 4393 1156 4456 5
1181 4392 1308 4476 ἀδελφός

56 4507 125 4569 ρον,
150 4484 204 4548 καὶ
217 4479 305 4557 ξύλον
320 4477 462 4567 δόρατος,
485 4505 537 4544 και
549 4482 578 4541 έν
590 4479 663 4562 πυρὶ
697 4474 790 4546 Ἰωάβ
807 4478 870 4553 υίὸς
880 4481 1033 4566 Σαρουίας
1050 4474 1142 4546 αὐτὸς
1158 4472 1258 4555 ἀρχων
1276 4479 1308 4618 ίχ

1252 4579 1294 4620 τυ
1304 4573 1324 4626 ’τ
