2924 4972
168 241 235 308 σεε
298 320 303 329 ¹
456 244 812 306 HAPOIMIAJ
851 238 1126 324 κιφ.η’.ο’.8.9.

169 358 246 445 ᾅδου
259 354 476 441 ὁοίκοςαύτής,
487 355 673 435 κατάγουσαι
685 362 723 432 εἰς
734 357 773 421 τά
809 353 888 422 ὁδῶν
905 355 1003 421 αὐτοῦ
1022 361 1060 431 εἰς
1079 358 1153 440 ἔργα
1171 355 1284 432 αὐτοῦ,
1310 359 1340 399 ²³
1353 357 1416 442 πρὸ

168 453 286 526 τομαῖα
295 446 352 507 τοῦ
360 439 509 506 θανάτου.
807 443 864 503 τοῦ
889 443 997 513 αίῶνος
1022 438 1197 522 ἐθεμελίωσέ
1220 465 1264 522 με,
1281 442 1314 505 ἐν
1338 439 1417 545 ἀρχή

355 529 431 588 ΚΕ
445 529 483 587 Φ.
530 522 585 588 H‘.
807 518 869 608 πρὸ
880 521 1071 604 τοῦτ’νγήν
1081 526 1217 607 ποιήσαι,
1242 515 1416 608 24καίπρίι

170 575 239 673 Σύ
259 606 315 692 τήν
333 614 443 686 σοφίαν
463 607 603 693 κηρύξεις,
623 611 672 671 ’ίνα
696 603 772 691 φρό-
807 609 865 670 τοῦ
877 601 968 680 τάςά
998 600 1098 680 ’σσους
1114 611 1256 689 ποιήσαι,
1281 605 1343 689 πρὸ
1356 613 1418 674 τοῦ

169 697 251 775 νησίς
269 716 317 756 σοι
334 685 505 783 ὑπακούσῃ.
542 691 621 754 ἐέπί
637 688 697 776 γὰρ
713 694 775 754 τῶν
807 687 964 774 προελθεῖν
988 687 1043 763 τὰς
1070 714 1095 753 π
1113 687 1168 766 γάς
1192 692 1254 752 τῶν
1283 685 1418 757 ῦδάτων.

169 772 297 858 ὑψηλῶν
327 771 430 856 ἀκρων
453 773 541 846 ἐστίν,
572 771 717 854 ἀναμέσον
741 772 773 838 δέ
807 773 836 814 ²⁵
856 768 916 857 πρὸ
935 775 990 836 τοῦ
1008 769 1065 855 ὅρη
1081 715 1280 857 ἑδρασθῆναι,
1305 772 1367 858 πρὸ
1382 774 1418 839 δέ

167 863 230 924 τῶν
242 860 351 944 τρίβων
364 861 473 938 έστηκε.
515 853 630 941 3παρὰ
642 854 702 940 γδιρ
713 851 773 921 πύ-
807 851 931 920 πάντων
942 858 1069 940 βουνῶν,
1095 860 1183 939 γεννᾷ
1191 880 1235 961 με.
1262 856 1294 898 ²⁶
1309 853 1417 942 κύριος

168 942 234 1015 λαις
246 939 402 1006 δυναστῶν
413 932 600 1043 παρεδρεύεη
614 937 689 1004 ἐκδὲ
701 934 774 1014 είςύ-
806 939 927 1020 ἐποίησε
938 931 1036 1023 χῶρας
1049 939 1101 1002 καί
1113 936 1286 1023 ἀοικητους,
1311 943 1364 1005 καί
1376 940 1413 1004 ἀ-

168 1027 230 1098 δοις
253 1017 394 1106 ῦμνεῖται.
433 1017 540 1104 4ῦμῦς
563 1047 589 1085 ω
611 1019 774 1106 ἀνθρωττοι
806 1045 864 1105 κρα
877 1016 1034 1101 οἰκούμενα
1046 1025 1098 1103 τῆς
1112 1017 1163 1085 ὑπ’
1180 1022 1327 1108 οὐρανῶν.
1341 1020 1415 1126 ίίίη.

168 1106 348 1192 παρακαλῶ,
374 1104 425 1169 καί
437 1105 576 1190 προίεμαι
588 1104 660 1187 ἐμήν
673 1102 774 1187 φωνήν
806 1109 874 1168 νίκα
886 1099 1024 1186 ήτοίμαζε
1035 1101 1089 1168 τὸν
1102 1101 1240 1183 οὐρανὸν,
1254 1130 1416 1192 συμπαρη-

168 1196 243 1263 υἱοῖς
265 1184 448 1276 ἀνθρῶπων.
487 1189 501 1231 ⁶
519 1182 645 1270 νοήσατε
666 1187 772 1252 ἐίκακοι
805 1211 864 1270 μην
876 1183 975 1268 αύτῷ,
1000 1189 1052 1251 καί
1064 1183 1114 1252 ύτε
1130 1184 1261 1274 ἀφοίριζε
1274 1187 1327 1251 τὸν
1340 1191 1415 1255 ἐαυ-

166 1278 361 1359 πανουργίαν,
374 1276 404 1336 σί
417 1270 450 1336 δὲ
462 1270 636 1336 ἀπαίδευτοι
650 1274 774 1336 ἐνθεσθε
806 1275 861 1334 τοῦ
885 1269 1002 1355 θρόνον
1026 1267 1070 1334 ἐπ’
1097 1270 1221 1355 ἀνέμων.
1247 1271 1279 1313 ²⁸
1291 1273 1345 1336 καί
1371 1269 1414 1348 ῶς

165 1357 300 1443 καρδίαν.
337 1355 354 1398 ⁶
379 1350 573 1429 είςακούσατέ
594 1380 661 1437 μου,
687 1349 774 1435 σεμνὰ
806 1350 913 1437 ἰσχυρά
936 1356 1029 1418 ἐποίει
1055 1351 1095 1418 τά
1113 1351 1177 1419 ἀνω
1194 1356 1279 1458 νέφη,
1291 1357 1345 1419 καί
1371 1352 1414 1431 ῶς

164 1439 224 1524 γάρ
236 1441 307 1564 ἐρῶ,
320 1438 372 1503 καί
390 1436 500 1503 ἀνοίσω
515 1437 579 1502 ἀπὸ
593 1437 708 1540 ηειλέων
719 1436 773 1522 ὀρ-
805 1434 946 1516 ἀσφαλεῖς
958 1439 1051 1500 ἐτίθει
1067 1433 1165 1518 πηγάς
1181 1440 1233 1519 τής
1247 1437 1296 1501 υπ’
1313 1437 1415 1525 ούρα-

164 1519 220 1588 θά.
274 1516 322 1585 ὅτι
344 1518 490 1602 ἀλήθειαν
507 1516 689 1603 μιλετηοειὸ
711 1518 772 1602 φοί-
805 1515 867 1595 νὸν,
892 1520 981 1584 29καί
993 1517 1034 1594 ῶς
1047 1519 1152 1606 ίοχυρά
1165 1522 1257 1584 ἐποίει
1269 1519 1309 1586 τὰ
1320 1525 1413 1625 θεμτὲ

165 1605 235 1684 ρυγξ
246 1627 306 1686 μου
313 1651 324 1679 ,
348 1601 540 1688 ἐβδελυγμένα
552 1600 585 1667 δὲ
597 1607 729 1668 ἐναντίον
741 1608 771 1669 ἐ·
804 1600 854 1665 λια
867 1605 918 1686 τῆς
930 1607 1000 1687 γῆς,
1037 1603 1068 1645 ³⁰
1082 1601 1157 1686 ήμην
1166 1601 1237 1689 παρ’
1253 1603 1339 1688 αὐτῷ
1354 1630 1412 1690 αρ-

163 1691 222 1772 μού
235 1686 314 1790 χείλη
327 1685 433 1770 ψευδῆ.
471 1681 572 1768 ε’μετδι
586 1682 771 1772 δικαιοσύνης
801 1681 942 1766 μόζουσα.
973 1682 1033 1763 ἐγῶ
1056 1681 1141 1770 ήμην,
1166 1679 1186 1768 ἢ
1210 1690 1409 1775 προςέχαιρεν.

163 1767 266 1837 πάντα
279 1792 318 1834 τα
333 1763 452 1853 ῥήματα
469 1772 526 1834 τοῦ
544 1765 690 1873 στόματός
702 1796 769 1852 μου,
803 1766 874 1832 καθ’
888 1763 1001 1854 ἡμέραν
1017 1767 1048 1834 δὲ
1062 1757 1260 1856 εῦφραίνόμην
1271 1774 1302 1836 ἐν
1313 1796 1410 1855 προς·

165 1850 252 1919 ούδέν
263 1853 382 1926 ἑαυτοῖς
395 1850 516 1917 σκολιὸν
534 1850 605 1918 οὐδε
618 1876 770 1939 στραγγα-
802 1847 878 1935 ῶπῳ
903 1849 1001 1918 αῦτοῦ
1023 1855 1054 1918 ἐν
1074 1855 1166 1918 παντί
1188 1858 1289 1939 καιρῷ.
1314 1854 1342 1895 ³¹
1357 1849 1409 1919 ὅτε

163 1937 272 2010 λιῶδες.
309 1930 439 2000 9πάντα
452 1929 565 2000 ἐνῶπια
578 1946 640 2011 τοῖς
653 1941 769 2001 συνιοῦ-
802 1936 1004 2019 ἐνευφραίνετο
1015 1934 1070 2020 τήν
1087 1939 1257 2020 οἰκουμένην
1269 1936 1408 2002 συντελέ-

163 2046 209 2093 σι,
221 2022 272 2084 καί
288 2015 372 2103 ὀρθά
385 2029 449 2093 τοῖς
466 2013 635 2104 εῦρίσκουσι
647 2025 768 2096 γνῶσιν,
802 2042 866 2093 σας,
872 2020 923 2082 καί
935 2022 1137 2125 ἐνευφραίνετο
1151 2023 1183 2084 ἐν
1196 2025 1270 2094 υἱοῖς
1282 2016 1409 2108 ἀνθρά-

163 2105 191 2148 ¹⁰
204 2098 306 2189 λάβετε
322 2102 460 2168 παιδείαν
484 2103 535 2166 καί
553 2100 594 2187 μή
615 2099 768 2189 ἀργύριον,
799 2124 874 2164 πων.
900 2102 989 2168 32νῦν
1005 2128 1063 2168 ουν
1074 2102 1119 2167 υίέ
1131 2101 1225 2168 ἀκουέ
1234 2104 1409 2188 μου,3*μα-

162 2188 215 2255 καί
237 2188 347 2264 γνῶσιν
370 2183 448 2271 ὑπὲρ
466 2192 590 2271 χρυσίον
614 2186 768 2269 δεδοκιμα-
800 2180 903 2270 καίριος
916 2182 992 2290 ἀνήρ
1005 2183 1039 2262 ὃς
1052 2182 1254 2262 είςακούσεταί
1262 2211 1337 2270 μου,
1356 2189 1408 2252 καί

162 2272 278 2354 σμένον.
303 2271 328 2310 ¹¹
341 2274 482 2355 κρείσσων
490 2266 550 2354 γάρ
564 2275 657 2352 σοφία
669 2270 768 2336 λίθων
800 2265 966 2354 ἀνθρωπος
978 2266 1012 2345 δς
1024 2269 1078 2345 τὰς
1091 2266 1163 2353 ἐμάς
1176 2265 1263 2345 ὁδούς
1275 2266 1408 2351 φυλάξει.

160 2351 347 2428 πολυτελῶν,
371 2356 434 2417 πᾶν
451 2348 484 2418 δὲ
501 2358 596 2436 τίμιον
614 2352 669 2419 οῦκ
685 2353 769 2431 ἀέξων
800 2348 959 2438 ἀγρυπνῶν
970 2351 1015 2419 ἐπ’
1030 2356 1115 2436 ἐμαῖς
1126 2348 1237 2440 θύραις
1246 2351 1315 2418 καθ
1337 2352 1406 2435 ‘pe‘-

161 2435 255 2520 αὐτῆς
269 2439 355 2500 ἐστιν.
381 2430 767 2522 1,ἐέγῶίγσοφίακατεσκή-
800 2460 866 2516 ραν,
887 2441 986 2540 τηρῶν
1005 2435 1161 2520 σταθμούς
1180 2440 1258 2521 ἐμῶν
1276 2381 1405 2512 είςύδων.

161 2544 246 2584 νωσα
263 2517 373 2605 βουλήν
389 2521 441 2583 καί
457 2523 572 2597 γνῶσιν,
590 2521 641 2584 καί
653 2523 768 2598 ἔννοιαν
799 2519 829 2561 ³⁵
843 2521 877 2582 αλ
898 2545 958 2602 γαρ
982 2521 1085 2597 ἔξοδοί
1108 2547 1166 2603 μου
1194 2520 1297 2597 έξοδοι
1319 2522 1405 2605 ζωῆς,

161 2602 221 2681 ἐγῶ
241 2597 465 2687 ἐπεκαλεσάμην.
505 2598 766 2690 13φύβοςκυρίου
799 2603 851 2666 καί
863 2598 1046 2686 ἓτοιμάζεται
1056 2604 1179 2688 θελησις
1191 2602 1277 2689 παρὰ
1289 2610 1405 2689 κυρίου.

159 2697 240 2769 μισεῖ
249 2684 382 2761 ἀδικίαν,
406 2683 492 2772 ύβριν
506 2711 536 2750 τε
547 2688 599 2752 καί
611 2683 766 2774 ῦπερηφα·
799 2686 869 2750 ³⁶02
880 2683 912 2750 δὲ
923 2683 1142 2773 ἁμαρτάνοντες
1158 2691 1197 2762 είς
1209 2687 1260 2771 ἐμὲ
1279 2685 1407 2773 ἀσεβοῦ-

160 2774 226 2833 νίαν
239 2771 290 2832 καί
303 2766 391 2844 ὁδούς
403 2774 551 2852 πονηρῶν.
578 2777 722 2854 μεμίσηκα
733 2768 766 2836 δὲ
800 2792 845 2833 σιν
857 2773 896 2844 εἰς
907 2767 963 2845 τάς
979 2773 1093 2837 ἑαυτῶν
1111 2769 1219 2856 ψυχάς,
1245 2775 1296 2836 καί
1315 2775 1345 2836 οί
1357 2796 1406 2850 μι-

159 2850 218 2928 ἐγῶ
232 2852 456 2937 διεοτραμμένας
469 2850 561 2927 ὁδούς
573 2857 680 2918 κακῶν.
700 2854 766 2918 ’ἐέ
799 2856 921 2927 σοῦντές
932 2879 966 2937 με
984 2851 1122 2933 ἀγαπῶσι
1134 2849 1276 2919 θάνατον.

158 2931 197 3018 μή
209 2933 303 3021 βουλή
317 2935 368 2999 καὶ
380 2929 536 3016 ἀσφάλεια,
549 2934 637 3020 έμήφ
666 2933 765 3024 ’νησις,
831 2937 844 2966 ‘
997 2943 1032 3001 K
1042 2943 1072 2999 Ε
1084 2941 1121 2999 Φ.
1169 2931 1218 2998 (δ’.

159 3017 211 3100 έμή
224 3018 257 3082 δὲ
271 3012 357 3100 ἰσχύς.
388 3017 416 3060 ¹⁵
430 3019 465 3082 δι’
482 3022 555 3100 ἐμοῦ
566 2962 695 3106 βασιλεῖς
707 3025 766 3107 βα·
798 2984 860 3080 Η
875 3025 968 3124 σοφία
989 3015 1174 3102 ᾠκοδόμησεν
1190 3018 1284 3106 ἑαυτῇ
1306 3013 1403 3090 οἷκον,

159 3096 321 3174 σιλεύουσι,
347 3102 398 3165 καί
416 3104 447 3165 οί
460 3095 600 3167 δυνάσται
616 3100 765 3190 γράφουσι
798 3104 850 3166 καί
863 3099 996 3185 ύπηρεισε
1008 3096 1133 3174 στύλους
1145 3094 1232 3163 ἑπτά.
1267 3099 1405 3178 ίέσφαξε

159 3177 355 3267 δικαιοσύνην.
394 3183 471 3249 16δι’
499 3189 574 3287 ἐμοῦ
597 3192 766 3270 μεγιστᾶνες
798 3183 837 3250 τά
849 3187 956 3266 ἑαυτῆς
967 3178 1108 3267 θύματα,
1127 3183 1264 3268 ἐκέρασεν
1276 3185 1315 3257 εἰς
1328 3209 1406 3269 κρα-

159 3262 389 3352 μεγαλύνονται,
415 3270 467 3334 καί
485 3292 622 3355 τυραννοι
640 3269 675 3337 δι’
691 3275 765 3354 ἐμοῦ
797 3271 874 3354 τήρα
887 3263 940 3331 τὸν
951 3267 1059 3350 ἑαυτῆς
1072 3264 1227 3342 σίνον,καί
1238 3261 1406 3350 ήτοιμάσα-

160 3355 303 3438 κρατοῦσι
328 3355 391 3435 γής.
417 3350 516 3431 1’ἐγὼ
540 3349 613 3430 τοῦς
641 3353 689 3437 ἐμὲ
715 3379 765 3436 φι-
798 3374 834 3415 το
849 3345 903 3434 τήν
916 3351 1055 3433 ἕαυτήςτ
1074 3346 1194 3427 ύπεζαν.
1221 3348 1406 3416 3ἀπέστειλε

160 3437 288 3512 λοῦντας
304 3433 430 3515 ἀγαπῶ,
449 3440 481 3501 οῖ
493 3434 525 3502 δὲ
542 3434 593 3520 ἐμὲ
611 3439 764 3522 ζητοῦντες
798 3432 870 3510 τοὺς
882 3436 988 3519 έαυτής
1001 3376 1141 3510 δούλους,
1154 3433 1343 3511 συγκαλοῦοα
1354 3458 1404 3516 μι-

160 3515 326 3623 εὖρήοουσι.
365 3521 394 3563 ¹⁸
407 3519 540 3596 πλοῦτος
550 3524 601 3585 καί
613 3517 689 3596 δόξα
699 3521 765 3604 ἐμοί
798 3518 837 3582 τά
857 3514 975 3603 ὑψηλοῦ
992 3515 1177 3622 κηρύγματος
1195 3519 1245 3582 ἐπί
1259 3520 1402 3602 κρατῆρα,

158 3601 291 3688 ῦπαρχει,
302 3603 353 3668 καί
367 3608 465 3687 κτῆσις
476 3603 599 3668 πολλῶν
610 3608 662 3669 καί
673 3604 765 3668 δικαι-
799 3601 949 3681 λέγουσα,
974 3602 991 3644 ⁴
1006 3603 1039 3677 ὃς
1052 3607 1129 3669 ἐστιν
1141 3601 1258 3684 ἄφρων,
1271 3598 1403 3665 ἐκκλινα-

159 3681 258 3770 οούνη.
285 3688 313 3728 ¹⁹
326 3687 443 3772 βέλτιον
459 3686 508 3769 ἐμὲ
519 3690 717 3772 καρπίζεσθαι
729 3683 765 3752 ὖ·
799 3710 843 3749 τω
855 3684 932 3772 πρὸς
947 3688 994 3769 μέ
1020 3689 1071 3752 καί
1088 3696 1152 3758 τοῖς
1172 3685 1275 3750 ἐνδεέσι
1291 3685 1403 3765 φρενῶν

158 3767 216 3851 πὲρ
234 3777 354 3854 χρυσίον
370 3772 421 3835 καί
438 3768 528 3836 λίθον
543 3776 656 3854 τίμιον,
680 3769 764 3834 τὰδὲ
799 3766 885 3846 εἶπεν,
908 3769 1050 3834 ίέλθατε
1068 3765 1175 3850 φάγετε
1186 3773 1246 3833 τῶν
1257 3768 1332 3849 ἐμῶν
1344 3762 1403 3848 ἀρ·

159 3850 214 3932 ἐμά
224 3848 389 3934 γεννήματα
399 3858 524 3936 κρείσσω
534 3851 676 3939 ἀργυρίου
686 3851 764 3914 ἐκλε-
799 3876 869 3930 των,
883 3854 935 3916 καί
946 3859 1026 3917 πίετε
1044 3851 1124 3917 οἶνοι
1141 3844 1173 3916 ὃν
1186 3852 1312 3931 ἐκέροσα
1326 3844 1401 3931 ὑμῖν.

159 3943 241 4000 κτοῦ.
275 3936 306 3978 ²⁰
325 3938 356 3999 ἐν
374 3933 456 4010 ὁδοῖς
478 3932 665 4018 δικαιοσύνης
681 3959 764 4018 περι-
798 3932 999 4000 θάπολείπετε
1019 3931 1205 4021 ἀφροσύνην,
1230 3938 1281 3997 ἰ’να
1298 3934 1337 4006 εἲς
1349 3930 1405 3996 τὸν

158 4021 259 4091 πατῶ,
285 4019 336 4081 καί
354 4016 502 4101 ἀναμέοον
520 4022 632 4104 τρίβων
644 4014 765 4081 δικαιῶ-
798 4020 893 4080 αἰῶνα
929 4015 1130 4104 βασιλεύσητε.
1172 4018 1223 4080 καί
1260 4011 1404 4098 ζητήσατε

158 4125 252 4182 ματος
276 4097 508 4185 ἀναστρέφομαι.
541 4104 568 4144 ²¹
580 4106 631 4165 ’ίνα
655 4105 764 4184 μερίσω
797 4093 1012 4202 φρύνησιν,καί
1024 4094 1241 4185 κατορθῶσατε
1253 4103 1285 4163 ἐν
1298 4095 1405 4177 γνῶσει

158 4194 222 4264 τοῖς
235 4181 284 4266 ἐμὲ
297 4180 457 4260 ἀγαπῶσιν
469 4180 607 4268 ῦπαρξιν,
630 4183 765 4259 καὶτοὺς
798 4206 917 4248 ουνεσιν.
944 4185 957 4226 ⁷
971 4181 989 4248 ὁ
1002 4179 1152 4249 παιδεύων
1168 4179 1283 4258 ’κακούς
1308 4177 1405 4266 λήφε-

158 4263 334 4352 θησαυρούς
347 4261 450 4329 αῦτῶν
466 4263 607 4349 ἐμπλήσω
624 4265 763 4344 ἀγαθῶν.
797 4292 848 4331 ται
870 4268 970 4349 ἑαυτῷ
989 4266 1120 4352 ἀτιμίαν.
1146 4265 1273 4351 ἐλέγχων
1295 4264 1327 4330 δὲ
1350 4264 1405 4330 τὸν

157 4348 211 4417 ἐὰν
228 4347 394 4428 ἀναγγείλω
412 4343 481 4429 ύμῖν
504 4345 543 4414 τά
564 4349 634 4414 καθ’
654 4345 765 4434 ἡμέραν
797 4349 890 4437 ἀσεβή
900 4347 1072 4436 μωμήσεται
1089 4349 1204 4415 ἑαυτόν.
1236 4347 1304 4433 8μή
1318 4347 1404 4427 ἐλεγ-

157 4432 303 4516 γινιίμενα,
328 4429 514 4515 μνημονεύσω
538 4429 578 4497 τά
601 4435 631 4509 ἐξ
654 4439 764 4510 αἰῶνος
796 4459 826 4518 χε
838 4435 957 4508 κακούς,
970 4440 1019 4499 ἵνα
1030 4431 1070 4516 μή
1074 4428 1228 4538 μισήσωσί
1239 4457 1279 4499 σε.
1305 4430 1406 4518 ἐλεηε

153 4518 337 4607 ἀριθμήσαι.
363 4517 393 4556 ²²
406 4510 507 4599 κύριος
522 4519 618 4584 ἐίιτιοέ
624 4544 658 4603 με
671 4517 765 4605 ἀρχήν
798 4514 903 4600 σοφὸν,
915 4516 967 4581 καί
979 4514 1128 4600 ἀγαπησει
1143 4542 1180 4582 σε.
1219 4519 1236 4559 ⁰
1249 4516 1336 4583 δίδου
1349 4541 1405 4620 ao:

1352 4626 1402 4676 σω
