2924 4972
146 225 210 292 εει
349 192 639 284 mmmm
662 215 889 281 ΔοννοΡΛ
930 210 1188 295 νεμέσει.

144 333 334 442 πρεσβύτεροι
346 334 468 418 Ἰσραήλ
481 329 556 418 πρὸς
568 332 755 418 τὸνβασιλέα
787 330 953 414 Ἐλφαλάτ,
972 337 1006 396 Ν
1008 333 1088 410 αγὲδ,
1106 337 1144 397 Ν
1142 333 1229 415 αφέκ,
1242 318 1399 413 Ἰανάθαι·,

143 427 184 495 εἰς
196 424 339 506 Χεβρων,
356 420 409 483 καὶ
419 419 535 482 διέθετο
549 412 653 490 αὐτοῖς
666 410 684 480 ὅ
698 420 755 501 βα·
789 413 1398 520 Λεασαμύς,Βααλιμάθ,Ἐλιφαάθ.11καὶ

146 502 239 578 σιλεύς
254 503 351 567 Δαυίδ
367 494 512 583 διαθήκην
525 499 556 562 ἐν
568 497 755 583 Χεβρώνέν-
789 497 919 581 ἤκουσαν
944 503 975 562 οῖ
1000 496 1166 579 ἀλλοφυλοι
1183 494 1230 563 ὅτι
1248 503 1399 587 κέχρισται

146 583 243 651 ιύπιον
260 611 295 650 κυ
315 592 377 660 ίου,
403 585 456 647 καί
466 587 580 668 χρίουσι
593 581 647 646 τὸν
659 582 756 646 Δαυίδ
789 581 888 645 Δαυὶδ
901 578 1035 667 βασιλεὺς
1053 583 1103 646 ἐπί
1116 578 1253 668 Ἰσραήλ,
1280 586 1332 647 καὶ
1344 583 1399 648 ἀυ-

146 675 185 744 είς
198 612 324 755 βασιλέα
337 670 389 745 ἐπὶ
400 661 502 729 πάντα
511 660 639 749 Ἰσραήλ.
659 663 675 705 ⁴
690 661 755 738 υίὸς
789 666 895 749 ε’βησαν
907 660 1016 740 πάντες
1028 668 1059 729 οἱ
1069 660 1233 744 ἀλλόφυλοι
1243 667 1336 747 ζητεῖν
1346 664 1399 730 τὸν

145 751 308 838 τριάκοντα
322 753 398 814 ἐτῶν
411 747 508 812 Δαυίδ
519 751 551 811 ἐν
562 751 607 830 τῷ
618 745 755 833 βασιλεῦ-
789 747 894 811 Δαυίδ.
919 747 970 811 καί
983 746 1088 829 ἤκουσε
1099 747 1208 823 Δαυὶδ,
1223 752 1276 812 καὶ
1287 754 1397 895 κατεβη

146 859 195 899 σαι
209 831 312 906 αὐτὸν,
326 832 378 896 καί
387 825 611 916 τεσσαράκοντα
619 831 673 912 έτη
683 832 755 914 ἐβα-
788 835 829 905 είς
840 827 896 912 τήν
908 826 1055 916 περιοχήν.
1081 831 1109 873 ¹⁸
1123 831 1174 894 καί
1187 833 1218 893 ολ
1230 827 1348 911 ἀλλόφυ
1360 859 1396 896 ,οι

146 912 700 996 σιλευοεν.1ἐπτάέτηκαὶμήναςέξέ
720 938 756 975 α-
788 940 814 978 π
853 917 1023 988 αγίνονται,
1049 914 1100 976 καί
1118 915 1278 977 συνέπεσαν
1291 919 1330 988 είς
1343 914 1396 996 τήν

147 1000 275 1065 σίλευσεν
295 1000 325 1062 ἐν
344 995 470 1083 Χεβρὼν
489 998 539 1060 ἐπί
556 993 609 1059 τὸν
628 991 692 1059 Ἰού
731 1017 755 1070 ν,
789 937 987 1061 κοσιλάδατῶν
1003 996 1145 1059 Τιτάνων.
1165 997 1250 1060 ssuaa
1264 994 1397 1081 ἠρώτησε

146 1085 197 1148 καί
221 1076 383 1163 τριάκοντα
407 1104 426 1142 τ
446 1085 478 1143 ία
502 1081 553 1160 ἔτη
572 1078 756 1164 ἐβασίλευσεν
789 1078 887 1143 Δαυίδ
903 1074 954 1142 διά
969 1084 1087 1164 κυρίου,
1113 1077 1215 1155 λέγων.
1255 1078 1398 1165 είάναβῶ

145 1167 197 1230 ἐπί
209 1166 310 1229 πάντα
322 1104 446 1249 Ἰσραήλ
457 1162 509 1225 καί
522 1157 642 1225 Ἰούδαν
655 1162 686 1225 ἐν
697 1157 755 1225 Ἶε-
788 1159 866 1248 πρὸς
887 1159 960 1236 τούς
977 1158 1164 1243 ἀλλοφύλους
1181 1163 1232 1226 καί
1248 1158 1396 1248 παραδοί-

183 1245 308 1328 υσαλήμ.
326 1247 405 1310 οκαί
417 1243 538 1326 ἀπῆλθε
552 1243 650 1309 Δαυίδ
661 1245 712 1308 καί
725 1247 756 1308 οῖ
789 1270 848 1318 σεις
870 1241 982 1319 αύτούς
1006 1248 1046 1318 είς
1062 1243 1117 1318 τάς
1133 1241 1229 1330 χεῖράς
1246 1271 1321 1325 μους
1346 1249 1398 1310 καί

145 1332 246 1416 ανδρες
259 1327 355 1394 αὐτοῦ
365 1333 404 1402 είς
412 1323 610 1412 Ἰερουσαλήμ
617 1326 694 1412 πρὸς
703 1322 756 1391 τόν
788 1326 850 1392 εἷπε
861 1323 898 1391 κύ
918 1352 962 1401 ισς
974 1325 1050 1411 πρὸς
1065 1326 1169 1392 Δαυίδ.
1188 1323 1337 1412 ἀνάβαινε,
1351 1325 1397 1392 ὅτι

141 1412 325 1499 Ἰεβουσαῖον
337 1411 391 1476 τὸν
403 1414 602 1474 κατοικοῦντα
616 1410 672 1492 τήν
691 1413 754 1491 γῆν,
787 1410 901 1497 παραδι
939 1407 971 1485 ῦς
987 1404 1164 1494 παραδώσω
1176 1410 1248 1486 τούς
1261 1408 1398 1497 ἀλλοφύ-

145 1499 197 1561 καί
214 1497 324 1599 ἐρρέθη
345 1497 390 1575 τῷ
409 1493 512 1578 Δαυίδ.
539 1491 594 1557 οὐκ
616 1489 755 1587 εἰςελεύση
788 1493 861 1568 λους
881 1497 920 1568 εἰς
937 1491 993 1569 τάς
1005 1488 1103 1579 χεῖράς
1119 1517 1180 1558 σου.
1206 1495 1238 1538 ²⁰
1252 1495 1311 1557 καί
1321 1495 1398 1578 ἦλθε

146 1569 218 1652 ὦδε,
236 1601 283 1642 οτι
296 1573 485 1658 ἀντέστησαν
497 1578 528 1639 οῖ
540 1575 652 1655 τυφλοὶ
662 1577 714 1639 καί
725 1581 756 1640 οἱ
789 1576 889 1642 Δαυίδ
905 1579 937 1639 ἐκ
953 1581 1016 1640 τιῦν
1033 1572 1136 1641 ἐπάνω
1152 1577 1321 1653 διακονιῶν,
1346 1581 1397 1642 καί

144 1660 240 1746 χωλοὶ
258 1658 405 1737 λέγοντες,
431 1654 478 1721 ὅτι
495 1654 552 1721 οῦκ
571 1655 755 1732 είςελεύσεται
788 1662 880 1743 ἔκοψε
891 1656 963 1733 τοὺς
975 1655 1166 1740 ἀλλοφύλους
1178 1662 1244 1723 ἐκεῖ.
1273 1662 1323 1723 καὶ
1335 1659 1397 1725 εἶπε

146 1744 243 1810 Δαυίδ
254 1733 319 1807 ὧδε.
348 1738 675 1827 1καὶπροκατελάβιτο
689 1746 755 1807 Aa·
789 1742 895 1808 Δαυίδ.
926 1743 1046 1824 διέκοψε
1063 1737 1165 1828 κύριος
1181 1740 1253 1817 τούς
1270 1741 1397 1829 ἐχθρούς

144 1826 196 1890 υίδ
207 1825 260 1907 τήν
272 1819 411 1908 περιοχήν
426 1818 515 1886 Σιιόν.
543 1819 620 1909 αῦτη
635 1821 654 1907 ή
668 1820 755 1900 πόλις
789 1819 978 1906 ἀλλοφύλους
991 1820 1118 1890 ἐνώπιον
1131 1827 1214 1908 ἐμοῦ,
1239 1821 1396 1899 ὦςδιακό-

144 1913 203 1973 τοῦ
215 1908 321 1973 Δαυίδ.
335 1907 407 1970 11ιιαί
420 1904 483 1970 εἶπε
495 1906 595 1970 Δαυίδ
605 1911 644 1989 τή
657 1905 754 2010 ήμέρα
787 1932 894 1973 πτεται
916 1904 1022 1972 ῦδατα.
1048 1906 1099 1973 διά
1115 1912 1208 1972 τοῦτο
1226 1904 1338 1992 ἐκλήθη
1358 1908 1395 1972 τὸ

145 1995 248 2086 ἐκείνη.
259 1995 321 2064 πάς
332 1984 456 2053 τύπτων
465 1976 647 2073 Ἰεβουσαῖόν
661 1994 754 2055 απτέ-
788 1989 883 2074 ὄνομα
894 1995 951 2056 τοῦ
962 1986 1060 2055 τόπου
1069 1995 1190 2067 ἐκείνου,
1198 1985 1319 2054 Ἐπάνιο
1329 1993 1396 2056 δια-

145 2084 213 2139 σθω
241 2076 271 2136 ἐν
286 2071 462 2157 παραξιφίδι
482 2072 534 2134 καὶ
549 2068 622 2146 τούς
637 2072 754 2156 χωλούς
788 2077 898 2138 κοποῖν.
937 2076 1029 2138 21καί
1047 2075 1154 2139 καταλι
1177 2069 1321 2140 πάνονσιν
1339 2079 1399 2139 ἐκεῖ

144 2159 197 2222 καί
213 2155 283 2230 τοῦς
299 2154 432 2235 τυφλούς
449 2155 500 2218 καί
513 2152 583 2230 τούς
593 2159 754 2239 μισοῦντας
787 2155 858 2231 τοῦς
870 2155 961 2232 θεοὺς
973 2153 1091 2233 αὐτῶν,
1113 2183 1164 2221 και
1177 2152 1327 2242 έλάβοσαν
1339 2157 1397 2222 αύ-

144 2236 312 2324 τήν·εμυχήν
329 2238 433 2303 Δαυίδ.
463 2235 513 2301 διά
532 2242 625 2303 τοῦτο
644 2241 752 2324 ἐροῦσι.
787 2237 960 2313 τούςΔαυίδ
967 2240 1020 2303 καί
1028 2244 1058 2304 οῖ
1067 2238 1168 2324 ἀνδρες
1178 2244 1210 2303 οἶ
1217 2237 1275 2321 μετ’
1287 2238 1394 2304 αὐτοῦ.

144 2323 255 2403 τυφλοί
267 2322 319 2387 καί
330 2320 423 2406 χωλοὶ
434 2317 488 2384 οῦκ
499 2316 704 2394 εἰςελεύσονται
715 2326 754 2397 είς
787 2323 817 2363 ²²
828 2323 881 2386 καί
896 2325 1077 2407 προςέθεντο
1095 2325 1138 2386 ἔτι
1157 2319 1324 2403 ἀλλόφυλοι
1337 2328 1396 2386 τοῦ

145 2404 228 2473 οἶκον
243 2410 356 2490 κυρίου.
381 2405 397 2446 ⁹
409 2403 461 2466 καί
479 2398 600 2468 ἐκάθισε
612 2404 712 2469 Δαυίδ
723 2408 753 2470 ἐν
787 2401 941 2490 ἀναβῆναι,
954 2406 1006 2469 καί
1018 2407 1178 2471 συνέπεοαν
1189 2407 1221 2469 ἐν
1229 2407 1267 2488 τῆ
1278 2402 1395 2471 κοιλάδι

143 2492 330 2581 τῇπεριοχῇ,
353 2487 404 2552 καί
416 2481 531 2569 ἐκλήθη
545 2481 624 2590 αῦτη
635 2482 653 2570 ἦ
666 2483 753 2562 πόλις
785 2492 848 2553 τῶν
860 2484 1002 2554 Τιτάνων.
1015 2489 1102 2553 23καί
1114 2478 1286 2574 ἐπηρώτησε
1298 2490 1395 2554 Δαυίδ

145 2574 251 2638 Δαυίδ.
277 2573 329 2635 καί
345 2566 534 2653 ᾠκοδόμησεν
551 2567 645 2652 αῦτην
664 2565 754 2634 πόλιν
786 2570 836 2635 διὰ
848 2578 963 2657 κυρίου.
987 2574 1039 2636 καί
1051 2570 1113 2636 εἶπε
1125 2566 1234 2658 κύριος.
1253 2570 1307 2637 οὐκ
1320 2571 1394 2637 ἀνα-

144 2651 242 2739 κύκλῳ
261 2652 324 2718 ἀπὸ
343 2657 395 2735 τῆς
408 2650 521 2751 ἀκρας,
542 2654 595 2716 καί
606 2650 659 2716 τὸν
670 2652 754 2719 οἷκον
784 2651 860 2749 βήση
873 2660 912 2730 είς
926 2652 1097 2740 συνάντησιν
1109 2653 1226 2731 αύτιῦν,
1245 2653 1395 2740 ἀποστρέ-

144 2736 250 2802 αῦτοῦ.
282 2737 311 2780 1⁰
325 2735 683 2817 καίδιεπορευετοΔαυίδ
692 2762 752 2801 πο-
786 2762 845 2818 φου
871 2734 922 2802 ἀπ’
945 2736 1062 2814 αύτοῦν,
1087 2739 1140 2803 καί
1155 2741 1274 2824 παρέση
1292 2737 1394 2812 αὐτοῖς

144 2816 298 2906 ρευόμενος
310 2818 362 2880 καί
373 2811 616 2899 μεγαλυνόμενος,
636 2819 687 2883 καί
699 2815 753 2883 κύ-
785 2820 913 2904 πλησίον
925 2826 983 2886 τοῦ
995 2821 1201 2903 κλαυθμοῦιος.
1214 2811 1303 2885 21ιἰαί
1312 2824 1395 2884 ἔσται

143 2928 208 3007 ριος
225 2897 446 2985 παντοκράτωρ
458 2896 517 2980 μετ’
533 2897 638 2966 αὐτοῦ.
664 2905 689 2943 11
702 2904 753 2967 καί
786 2906 817 2967 έν
828 2907 874 2988 τῷ
886 2901 1019 2969 ἀκοῦσαί
1030 2929 1063 2968 σε
1074 2903 1128 3005 τήν
1140 2901 1242 2986 φωνήν
1253 2906 1310 2966 τοῦ
1324 2927 1393 2978 συγ-

144 2984 298 3050 απέστειλε
309 2978 572 3129 Χειράμβάσιλύς
585 2980 686 3069 Τύρου
697 2984 753 3062 ἀγ·
786 2986 926 3071 κλεισμοῦ
938 2985 1001 3051 ἀπὸ
1015 2989 1071 3050 τοῦ
1083 2985 1192 3058 ἀλσυυς
1205 2988 1261 3048 τοῦ
1275 2986 1393 3049 κλαυθ-

142 3070 250 3147 γέλους
266 3067 433 3151 πρδςΔαυ“
469 3068 520 3130 καί
538 3062 613 3142 ξύλα
626 3067 752 3153 κέδρινα,
784 3073 894 3151 μιῦνος,
918 3064 988 3133 τότε
1004 3062 1159 3169 καταβήσῃ
1176 3064 1254 3150 πρὸς
1272 3065 1392 3143 αὐτούς,

141 3154 194 3215 καί
211 3153 353 3223 τέκτονας
370 3143 465 3224 ξύλων
482 3151 534 3215 καί
551 3154 694 3225 τέκτονας
705 3151 752 3215 λί-
785 3148 832 3218 ὅτι
843 3147 912 3216 τότε
955 3145 1100 3214 ελεύοεται
1112 3172 1211 3232 κυριος
1221 3151 1393 3236 ἔμπροσθέν

141 3245 220 3309 θων,
229 3233 282 3303 καί
291 3226 410 3316 ᾠκοδόμ
429 3257 486 3296 σαν
496 3231 581 3298 οἶκον
590 3237 635 3316 τῷ
645 3235 750 3299 Δαυίδ.
785 3260 839 3301 σου
851 3229 969 3297 κόπτειν
980 3235 1011 3296 ἐν
1027 3235 1073 3314 τοῦ
1084 3229 1209 3314 πολέμῳ
1224 3236 1285 3296 τιῦν
1297 3230 1389 3297 ἀλλο-

140 3319 321 3394 12καὶέγνω
335 3257 444 3390 Δαυίδ,
464 3311 511 3380 ότι
525 3312 681 3399 ἡτοίμασεν
694 3315 751 3382 αύ-
784 3312 893 3397 φύλων.
932 3316 961 3358 ²⁵
974 3316 1025 3379 καί
1041 3318 1159 3398 ἐποίησε
1171 3315 1270 3380 Δαυίδ
1285 3314 1391 3389 καθώς

107 3444 109 3448 -
141 3400 195 3466 τὸν
208 3395 307 3485 κύριος
319 3405 358 3475 είς
366 3398 490 3485 βασιλέα
500 3401 549 3463 ἐπὶ
558 3397 690 3500 Ἰσραήλ,
701 3402 752 3466 καὶ
784 3398 945 3465 ἐνετείλατο
965 3398 1048 3482 αύτῷ
1061 3392 1177 3503 κύριος,
1201 3400 1251 3463 καί
1264 3393 1391 3475 ἐπάταξε

142 3481 189 3550 ότι
203 3483 322 3577 ἐπήρθη
341 3481 509 3568 ήβασιλεία
522 3480 620 3547 αὐτου
636 3483 686 3546 διά
698 3483 752 3548 τὸν
783 3480 854 3558 τοῦς
881 3479 1069 3564 ἀλλοφύλους
1094 3479 1158 3549 απὸ
1174 3479 1308 3570 Γαβαὼν
1336 3487 1392 3557 ἕως

141 3567 215 3633 λαὸν
228 3567 325 3632 αὐτοῦ
333 3561 464 3651 Ἰσραήλ.
482 3567 509 3608 ¹³
519 3566 569 3629 καί
583 3565 673 3651 ἔλαβε
686 3573 752 3632 Λα·
783 3569 836 3649 τῆς
847 3570 901 3651 γής
912 3570 948 3631 Γ
944 3562 1046 3651 αζηρά.

142 3653 190 3718 vlo
202 3654 244 3714 ἔτι
255 3661 398 3729 γυναῖκας
417 3649 468 3712 καί
479 3646 638 3723 παλλακάς
650 3651 681 3725 ἐξ
695 3648 750 3713 Ἱε-
984 3655 1059 3714 ΚΕ
1070 3654 1109 3713 Φ.
1153 3644 1190 3725 ς’.

142 3733 298 3815 ρουσαλήμ
322 3727 395 3812 μετά
421 3731 457 3795 τὸ
482 3731 580 3796 ἐλθεῖν
606 3728 700 3797 αὐτὸν
718 3735 751 3796 ἐκ
783 3695 871 3798 Καὶ
884 3730 1043 3817 συνήγαγεν
1054 3734 1098 3796 ἔτι
1109 3732 1206 3796 Δαυὶδ
1215 3731 1314 3797 πάντα
1326 3754 1391 3795 νεα-

144 3813 280 3901 Χεβρών.
307 3816 358 3880 καί
376 3816 510 3891 ἐγένοντο
530 3818 575 3898 τῷ
593 3815 692 3879 Δαυίδ
707 3817 751 3878 ἐτι
783 3821 849 3882 νέαν
863 3819 894 3893 ἐξ
908 3815 1045 3901 Ἰσραήλ,
1071 3810 1111 3888 ὡς
1130 3811 1329 3900 ἑβδομήκοντα
1348 3842 1391 3899 χι-

142 3900 265 3964 υίσὶκαί
281 3899 457 3982 θυγατέρες,
494 3896 525 3939 ¹⁴
537 3899 588 3962 καί
600 3902 698 3964 ταῦτα
710 3897 750 3961 τά
784 3893 895 3974 λιάδας.
933 3901 1012 3963 2καί
1040 3894 1146 3980 ἀνέστη
1170 3900 1222 3962 καί
1242 3894 1391 3984 ἐπορεύθη

143 3979 276 4064 ὀνόματα
300 3986 362 4046 τῶν
385 3983 587 4064 γεννηθέντων
610 3979 695 4064 αύτῷ
720 3984 751 4044 ἐν
785 3981 883 4046 Δαυίδ
905 3983 957 4046 καὶ
973 3985 1033 4055 πᾶς
1051 3976 1068 4043 ὃ
1086 3980 1159 4056 λαός
1176 3979 1194 4045 ὁ
1213 3980 1271 4084 μετ’
1294 3979 1391 4047 αὐτοῦ

139 4061 338 4149 Ἰερουσαλήμ.
374 4064 532 4147 Σαμμοῦς,
559 4065 610 4128 καί
626 4064 749 4149 Σωβάβ,
783 4065 835 4128 καί
847 4060 911 4127 ἀπὸ
924 4067 985 4128 τῶν
998 4060 1149 4148 ἀρχόντων
1158 4062 1261 4128 Ἰουδα
1273 4067 1303 4128 ἐν
1316 4060 1390 4127 ἀνα-

142 4154 193 4215 καί
209 4146 344 4224 Νάθαν,
372 4149 423 4212 καί
447 4146 617 4228 Σαλωμών,
654 4149 681 4190 ¹⁵
698 4149 750 4212 καί
782 4143 866 4233 βάσει
878 4151 935 4212 τοῦ
944 4143 1103 4225 ἀναγαγεῖν
1115 4150 1224 4212 ἐκεῖθεν
1235 4145 1290 4228 τήν
1299 4150 1390 4230 κιβω-

139 4232 255 4320 Ἕβεάρ,
269 4233 321 4297 καί
336 4229 478 4304 Ἐλισουὲ,
495 4228 680 4310 καὶΝαφὲκ,
698 4232 750 4294 καί
783 4230 836 4295 τὸν
861 4234 918 4295 τοῦ
943 4235 1032 4306 θεοῦ,
1058 4230 1102 4312 ἐφ’
1121 4226 1157 4313 ἢν
1181 4223 1332 4311 ἐπεκλήθη
1353 4228 1390 4293 τὸ

138 4316 253 4397 Ἰεφιές,
277 4311 542 4394 11καίἘλισαμά,
559 4315 610 4378 καί
624 4312 749 4390 Ἐλιδαέ,
784 4311 878 4395 ὄνομα
886 4317 945 4378 τοῦ
954 4320 1057 4400 κυρίου
1067 4319 1127 4378 τῶν
1136 4310 1286 4396 δυνάμεων
1295 4322 1390 4395 καθη-

142 4403 193 4465 καί
215 4395 406 4477 Ἐλιφαλάθ,
436 4393 557 4476 Σαμαὲ,
587 4395 749 4482 Ἰεσσιβάθ,
782 4398 872 4480 μένου
898 4399 948 4461 ἐπὶ
972 4403 1033 4462 τῶν
1050 4398 1198 4484 Χερουβίν
1217 4394 1262 4461 ἐπ)
1288 4393 1389 4480 αὐτῆς.

144 4479 269 4557 Νάθαν,
278 4479 457 4562 Γαλαμαάν,
467 4474 594 4566 Ἰεβαάρ,
608 4480 750 4562 Θεησοῦς,
765 4515 769 4556 ς
784 4481 861 4546 3καὶ
877 4482 1054 4567 ἐπεβίβασαν
1071 4482 1124 4566 τήν
1145 4474 1271 4566 κιβωτόν
1288 4485 1390 4625 κυρέορ
