2924 4972
141 230 207 298 708
291 220 453 284 ΣΟΦῙΑ
484 218 680 282 ΣΕΙΡΑΧ
718 211 1011 300 Κεφ.λβ’.λγ’.λδ’.
1037 209 1222 283 3ί.33.34.

142 372 228 429 μενος
240 349 291 410 καί
303 344 342 418 είς
352 339 567 427 καταρώμενος,
592 351 670 419 τίνος
683 370 749 425 φω-
781 342 906 449 θυμήσει
926 344 970 410 ἐπ’
993 342 1098 419 αῦτοῖς
1110 349 1166 417 ἕως
1182 340 1222 408 ἀν
1242 348 1392 435 συντρίψη

143 434 193 513 νής
207 426 405 504 είςακούσεται
426 424 443 490 ὑ
456 427 601 509 δεσπότης
612 456 625 505 ,·
651 429 683 472 ³⁰
694 432 751 514 βα-
783 426 880 508 όσφυν
892 423 1103 511 ἀνελεημόνων.
1128 427 1216 490 23καί
1227 438 1291 499 τοῖς
1304 428 1391 490 ἐθνε·

143 508 313 594 στιζόμενος
327 508 390 574 ἀπὸ
410 523 513 593 νεκροῦ
534 514 584 573 καί
600 507 691 575 πόλιν
713 509 748 575 ἀ·
783 536 831 576 σιν
845 507 1051 576 ἀνταποδῶσει
1065 509 1221 591 ἐκδίκησιν,
1234 512 1291 582 ἕως
1306 507 1398 601 ἐξάρῃ

145 592 288 675 πτόμενος
299 593 407 668 αὑτοῦ,
417 598 448 655 τί
461 592 612 677 ὠφέλησεν
624 598 669 677 τῷ
679 593 751 658 λου-
782 593 900 677 πλήθος
923 591 1070 680 ὑβριστῶν
1092 593 1145 656 καί
1157 595 1297 675 σκῆπτρα
1320 590 1390 656 ἀδί-

145 681 208 762 τρῷ
222 674 334 752 αύτοῦς
358 676 386 717 ³¹
398 673 495 747 οὑτως
513 673 677 759 ἀνθρωπος
699 701 750 760 νη-
783 701 843 740 κων
856 683 1014 769 συντρίψη,
1037 677 1070 717 ²⁴
1083 680 1140 750 ἕως
1156 673 1319 757 ἀνταποδῷ
1333 672 1392 740 ἀν·

147 755 257 826 στεύων
270 761 392 823 ἐπὶτῶν
405 755 558 840 ἁμαρτιῶν
570 758 676 836 αὑτοῦ,
700 759 751 822 καί
782 755 901 842 θριόπῳ
913 759 991 823 κατὰ
1000 754 1053 833 τάς
1063 756 1184 842 πράξεις
1196 754 1307 833 αὐτοῦ,
1336 762 1390 821 καί

145 840 238 909 πόλιν
253 834 447 928 πορευόμενος
465 841 516 902 καί
533 842 572 906 τὰ
585 841 664 907 αύτόι
682 867 751 906 ποι·
782 841 822 906 τὰ
835 843 907 943 ἔργα
924 845 984 905 τῶν
1000 838 1177 926 ἀνθρώπων
1192 840 1271 904 κατὰ
1289 839 1329 904 τὰ
1343 845 1392 904 ἐν·

146 931 198 991 ῶν.
222 930 275 1009 τῆς
283 928 440 1029 προςευχής
454 920 551 987 αὐτοῦ
563 932 607 1000 τίς
620 922 751 998 είςακού·
782 933 946 1007 θυμηματα
965 922 1083 998 αὐτῶν,
1115 924 1144 967 ²¹
1158 927 1214 997 ἕως
1232 927 1316 1014 κρινῇ
1335 922 1392 1006 τήν

148 1033 230 1075 σεται
233 1036 245 1085 ,·
270 1033 321 1071 και
334 1012 365 1070 τί
381 1005 533 1088 ωφέλησεν
546 1010 579 1075 ἐν
592 1012 635 1090 τῷ
649 1031 751 1072 ταπει-
782 1012 874 1090 κρίσιν
886 1013 941 1072 τοῦ
955 1007 1033 1072 λαοῦ
1053 1004 1163 1080 αὑτοῦ,
1189 1008 1239 1070 καί
1253 1004 1395 1089 εύφρανεῖ

147 1095 282 1174 νωθήναι
295 1086 405 1167 αῦτόνς
783 1088 894 1164 αύτούς
908 1091 939 1153 ἐν
952 1090 1075 1172 τῷέλέει
1089 1088 1192 1154 αὑτοῦ.
1231 1090 1263 1131 ²⁰
1276 1087 1393 1172 ὡραῖον

172 1177 185 1205 ⁰
282 1177 401 1237 ΚΕΦ.
423 1168 513 1238 AB‘.
536 1172 586 1260 (C.
598 1175 660 1254 3⁵.)
783 1170 868 1247 ὲλεος
890 1175 922 1236 ἐν
943 1176 1040 1257 καιρῷ
1055 1170 1191 1254 θλίψεως
1213 1168 1321 1247 αὑτοῦ,
1350 1170 1392 1249 ῶς

148 1223 198 1323 0
212 1260 362 1339 συντηρῶυ
381 1250 471 1336 νόμον
488 1255 641 1332 πλεονάζει
659 1279 751 1338 προς·
782 1254 900 1335 νεφέλαι
914 1251 1003 1319 ὑετοῦ
1021 1259 1052 1320 ἐν
1065 1259 1160 1336 καιρῷ
1172 1253 1323 1399 ἀβροχίας.

147 1334 253 1425 φοράς.
279 1334 752 1422 2θυσισίζωνοωτηρίουὑπρος-
809 1342 822 1370 ⁰
919 1344 992 1402 ΚΕ
1004 1342 1042 1401 Φ.
1063 1333 1137 1400 ΛΓ
1142 1343 1184 1416 .(
1211 1341 1298 1413 .36.).

148 1426 223 1506 έχων
240 1421 380 1494 ἐντολαῖς.
406 1423 420 1463 ³
433 1420 648 1496 ἀνταποδιδοὺς
665 1416 752 1505 χάριν
784 1389 835 1485 Ε
835 1419 943 1504 λεήσον
957 1418 1032 1504 ήμῦς
1043 1421 1177 1486 δέσποτα
1191 1419 1209 1485 ὑ
1221 1420 1295 1496 θεὸς
1309 1421 1393 1487 πόν-

146 1508 322 1589 προςφέρων
338 1502 501 1585 σεμίδαλιν,
527 1504 608 1568 4καί
625 1503 752 1569 ὑποιῶν
783 1528 859 1578 των,
883 1505 963 1567 2καί
988 1505 1159 1611 ἐπίβλεψον.
1194 1505 1244 1568 καί
1268 1505 1394 1590 ἐπίβαλε

148 1584 340 1669 ἐλεημοσύνην
352 1583 501 1663 θυσιύζων
514 1590 657 1662 αἰνέσεως.
685 1583 753 1650 ἐύ-
784 1585 837 1651 τὸν
859 1585 955 1672 φόβον
976 1613 1034 1652 σου
1055 1590 1105 1652 ἐστι
1127 1581 1229 1652 πάντα
1248 1585 1288 1650 τά
1303 1590 1393 1670 ἔθνη,

148 1670 236 1735 δοκία
254 1674 359 1776 κυρίου
383 1667 553 1753 ἀποστῆναι
573 1668 637 1735 ἀπὸ
655 1693 753 1752 πονη-
783 1670 925 1755 3ὲίταρον
943 1668 998 1754 τήν
1014 1666 1096 1755 χεῖρά
1115 1695 1169 1736 σου
1186 1671 1236 1734 ἐπί
1248 1672 1322 1752 ἔθνη
1334 1667 1392 1735 ἀλ-

148 1758 230 1858 ρίας,
256 1776 307 1816 και
325 1751 480 1835 ἐξιλασμύς
497 1749 669 1837 ἀποστῆναι
687 1749 751 1816 ἀπό
784 1748 907 1837 λότρια,
930 1756 983 1818 καί
995 1756 1141 1819 ίδέτωσαν
1153 1752 1207 1837 τήν
1220 1754 1391 1818 δυναστείαν

148 1834 272 1910 αδικίας.
299 1832 362 1918 6μή
376 1832 476 1928 ὀφθῇς
488 1838 519 1900 ἐν
532 1832 685 1922 προςῶπῳ
698 1861 752 1899 κυ·
785 1861 851 1901 σου.
878 1831 1005 1921 *ῶςπερ
1030 1830 1158 1901 ἐντόπιον
1179 1835 1280 1901 αὐτῶν
1300 1832 1392 1938 ήγιά-

147 1924 215 2026 ρίου
229 1917 320 1993 κενός,
352 1915 479 1984 7πάντα
490 1917 549 2004 γὰρ
558 1923 656 1984 ταῦτα
667 1916 752 2003 χάριν
785 1928 861 2002 σθης
885 1922 916 1983 ἐν
940 1916 1020 2003 ἡμῖν,
1033 1917 1131 1993 οὑτως
1155 1916 1283 1985 ἐνιόπιον
1306 1922 1392 2002 ημῶν

39 2001 42 2007 ’
147 2000 278 2082 εντολής.
306 2001 485 2087 8προςφορά
498 2003 613 2066 δικαίου
626 2001 751 2066 λιπαίνει
783 2002 993 2086 μεγαλυνθείης
1007 2005 1038 2067 ἐν
1051 2001 1165 2079 αὐτοῖς.
1179 2000 1393 2080 ὅκαίέπιγνοί-

146 2078 376 2167 θυσιαστήριον,
402 2087 452 2151 καὶ
477 2083 496 2168 ή
524 2082 634 2150 εὐωδία
660 2083 752 2169 αῦτής
783 2081 886 2151 τωσάν
899 2110 931 2150 σε
943 2085 1086 2172 καθάπερ
1105 2091 1156 2151 καί
1167 2083 1246 2170 ήμεις
1257 2089 1393 2163 ἐπίγνω-

147 2170 245 2233 ἐναντι
266 2164 405 2248 ὑψίστου.
430 2169 447 2211 ⁹
460 2174 555 2234 θυσία
577 2167 684 2255 ἀνδρὸς
706 2169 752 2233 δι·
782 2192 841 2251 μεν,
855 2165 902 2233 ότι
915 2166 970 2234 οῦκ
983 2171 1046 2235 ἐστι
1058 2168 1128 2245 θεὸς
1138 2167 1219 2253 πλήν
1230 2194 1287 2234 σου
1299 2165 1390 2254 κύριε.

147 2255 233 2316 νοτίου
245 2249 342 2333 δεκτή,
348 2253 399 2316 καί
411 2249 448 2316 τὸ
461 2246 645 2336 μνημόσυνον
658 2250 752 2356 αύτῷς
783 2253 799 2295 ⁶
812 2255 978 2330 ἐγκαίνισον
1002 2265 1118 2355 σημεῖα,
1143 2257 1194 2318 καί
1219 2249 1392 2319 ἀλλοίωσον

148 2334 205 2399 οῦκ
223 2331 291 2399 ἐπιλ
311 2331 466 2419 σθήσεται.
493 2339 522 2379 ¹⁰
536 2338 567 2399 ἐν
588 2333 701 2419 ἀγαθῷ
715 2360 748 2400 ο-
782 2332 949 2416 θαυμάσια.
973 2337 1128 2414 7δοξασον
1147 2347 1231 2421 χεῖρα
1249 2338 1301 2400 καί
1313 2340 1391 2422 βρα-

147 2417 281 2500 φθαλμῷ
292 2359 423 2493 δόξασαν
439 2414 493 2484 τόν
505 2413 621 2504 κύριον,
648 2420 699 2483 καί
709 2414 750 2501 μή
781 2425 868 2502 χίονα
880 2418 983 2495 δεξιόν,
1008 2420 1146 2505 8ι”γειρον
1158 2416 1265 2502 θυμόν,
1279 2422 1330 2483 καί
1342 2417 1393 2482 ἕκ-

148 2497 249 2585 σμικρύ
288 2499 451 2586 ςάπαρχήν
462 2505 565 2587 χειρῶν
578 2526 643 2566 σου.
683 2504 708 2543 ¹¹
721 2505 751 2566 ἐν
782 2526 849 2585 χιον
865 2500 965 2588 ὀργήν.
990 2504 1131 2588 θέξαρον
1149 2503 1313 2578 ἀντίδικον,
1339 2505 1393 2567 καί

147 2580 229 2666 πόση
281 2582 333 2649 ἐι
358 2584 508 2670 ίλοίρωσον
529 2583 565 2648 τὸ
590 2581 751 2668 πρόςωπόν
783 2589 926 2671 ὲίιτριψον
943 2583 1062 2672 ἐχθρόν.
1097 2589 1126 2630 ¹⁰
1140 2591 1269 2652 σπεῦσον
1287 2585 1392 2670 καιρὸν

147 2693 200 2732 σου
205 2657 217 2742 ,’
238 2670 287 2732 καί
300 2673 331 2732 ἐν
343 2665 510 2754 εὐφροσύνη
523 2664 651 2745 ἁγίασον
663 2664 748 2732 δεκύ-
782 2670 834 2731 καί
845 2664 993 2752 μνήσθητι
1012 2665 1157 2756 όρκισμοῦ
1163 2717 1173 2745 ,
1192 2671 1244 2734 καὶ
1255 2669 1392 2752 ἐκδιηγη·

149 2775 205 2852 την.
235 2750 323 2824 12δός
349 2746 466 2833 ὑψίστῳ
488 2740 566 2814 ιἰατά
590 2747 644 2833 τήν
666 2747 750 2816 δόσιν
783 2746 1000 2817 σάσθωσαντά
1012 2749 1150 2834 μεγαλεῖύ
1164 2778 1226 2818 σου.
1252 2751 1392 2835 11ε’νιίρ-

146 2837 253 2904 αυτοῦ,
278 2835 329 2895 καί
342 2837 373 2897 ἐν
383 2833 494 2914 ἀγαθῷ
505 2831 658 2915 ὀφθαλμῷ
670 2835 743 2897 καθ’
779 2837 819 2914 γῆ
833 2833 928 2918 πυρός
940 2836 1171 2923 καταβρωθήτω
1188 2833 1206 2899 ὃ
1218 2832 1390 2917 σωζόμενος,

145 2908 252 2998 εῦρεμα
264 2911 367 2999 χειρός.
394 2918 420 2958 ¹³
433 2913 480 2978 ὅτι
494 2914 594 3018 κύριος
608 2915 746 2980 ἀνταπο-
781 2903 832 2979 καί
843 2921 875 2980 ot
886 2922 1046 2996 κακοῦντες
1063 2917 1120 2984 τόν
1135 2917 1209 2982 λαόν
1223 2942 1279 2981 σου
1291 2916 1388 2997 εῦροι-

144 2993 241 3071 διδούς
254 3001 325 3074 ἐστι,
343 3001 394 3063 καί
407 2998 599 3063 ἕπταπλασια
612 2995 749 3064 ἀνταπο-
781 3023 837 3064 σαν
848 2995 1007 3065 ἀπιόίειαν.
1046 3005 1075 3043 ¹²
1088 2997 1246 3083 σύντριψον
1256 2995 1389 3076 κεφαλὰς

145 3076 232 3144 δῶσει
247 3106 302 3145 σοι.
337 3079 418 3166 14μή
432 3078 612 3166 δωροκόπιι,
638 3080 675 3146 ού
688 3080 748 3167 γάρ
781 3077 936 3187 ἀχόντωκ
949 3089 1065 3169 ἐχθρῶν
1075 3079 1227 3160 λεγόντων,
1252 3078 1389 3144 οῦκέίττι

144 3163 341 3243 προςδεξεται.
380 3166 472 3228 15καί
493 3165 532 3249 μή
551 3168 631 3249 ἔπεχε
653 3173 748 3249 θυσίᾳ
780 3108 859 3250 πλην
872 3163 966 3249 ἡμῶν.
1004 3167 1032 3208 ¹³
1045 3160 1152 3240 σύναγε
1167 3159 1269 3238 πόσας
1287 3161 1389 3242 φυλὰς

144 3245 249 3330 ἀδίκῳ,
263 3242 310 3310 ότι
324 3241 424 3333 κύριος
436 3245 534 3332 κριτής
547 3253 617 3325 ἐστι,
627 3249 678 3313 καί
692 3248 748 3312 οῦκ
779 3243 894 3396 Ἰακσόβὲ
923 3245 1047 3333 λαμπρὰ
1072 3248 1181 3330 καρδία
1204 3250 1257 3311 καί
1282 3243 1389 3333 ἀγαθή

144 3331 206 3394 ἔστι
220 3328 291 3414 παρ’
309 3328 394 3414 αύτῷ
408 3328 482 3408 δόξα
493 3327 666 3416 προςιόπου.
680 3330 748 3397 16οιί
781 3333 829 3397 ἐπὶ
847 3335 862 3396 ε’
889 3334 1001 3414 ’σμασιν
1020 3334 1082 3395 τῶν
1100 3326 1270 3417 βρωμάτων
1294 3328 1392 3413 αύτής

144 3410 278 3496 λήψεται
290 3410 454 3500 πρόςωπον
465 3419 515 3481 ἐπὶ
530 3419 669 3500 πτωχοῦ,
696 3417 749 3480 καί
783 3409 993 3497 ἐπιμελήσεται.

143 3498 243 3580 δέησιν
255 3497 430 3582 ἠδικημένου
445 3496 651 3574 ιίςακούσεται.
676 3498 747 3562 17ού
813 3506 827 3536 ⁹
923 3503 994 3564 ΚΕ
1007 3503 1045 3562 Φ.
1068 3492 1152 3563 ΛΔ’.
1176 3498 1293 3581 ((3.3ι.)

143 3576 182 3665 μή
196 3581 319 3665 ὑπερίδη
334 3587 456 3647 ἱκετείαν
469 3581 618 3667 ὀρφανοῦ,
631 3582 683 3645 καί
695 3578 748 3666 χή-
781 3550 970 3688 Ᾰγρυπνία
988 3577 1127 3648 πλούτου
1144 3577 1255 3665 ἐκτήκει
1268 3577 1388 3665 σάρκας,

143 3687 199 3746 ραν
210 3662 265 3727 ἐὰν
277 3654 360 3748 ἐκχέη
378 3662 494 3730 λαλιάν.
520 3663 621 3749 18ούχί
633 3663 748 3750 δάκρυα
779 3669 832 3729 καὶ
856 3669 1010 3751 ημέριμνα
1022 3664 1118 3731 αύτοῦ
1144 3663 1261 3747 ἀφιστᾷ
1286 3660 1385 3726 ῦπνον.

142 3741 234 3849 χήρας
247 3747 297 3811 ἐπὶ
309 3736 433 3826 σιόνγόνα
446 3751 631 3834 καταβαίνει,
656 3749 684 3790 ¹⁹
697 3749 749 3812 καί
781 3751 796 3790 ²
816 3752 941 3852 μέριμνα
964 3749 1130 3834 ἀγρυπνίας
1155 3740 1309 3830 ἀπαιτήσει
1332 3766 1387 3807 νυ-

143 3854 161 3909 η
171 3824 353 3926 καταβόησις
362 3832 411 3894 ἐπί
420 3835 464 3913 τῷ
476 3827 675 3909 καταγαγόντι
691 3832 747 3896 αὑ·
781 3857 927 3915 σταγμον,
953 3827 1199 3918 καίάῥριύστημα
1230 3827 1287 3930 αρὺ
1301 3822 1388 3908 ἐκνή-

144 3934 180 3971 τα
186 3938 198 3986 ,·
225 3912 256 3952 ²⁰
268 3909 448 3991 θεραπεύων
461 3912 623 3995 ἐνεύδοκίᾳ
638 3911 746 3998 δεχθή-
780 3934 829 3997 ψει
853 3912 954 3991 ὑπνος.
990 3916 1163 3980 3ἐκοπίασε
1186 3940 1211 3978 π
1230 3934 1330 3983 ουσιος
1357 3913 1390 3975 ἐν

142 4015 233 4066 σεται,
246 3995 297 4057 καί
309 3995 328 4074 ή
339 3995 435 4076 δέησις
447 3993 546 4061 αὑτοῦ
557 4002 612 4070 ἕως
621 3995 748 4076 νεφελῶν
780 4003 941 4082 συναγωγῇ
953 3994 1127 4084 χρημάτων,
1153 3997 1203 4061 καί
1215 3999 1246 4059 ἐν
1260 3997 1298 4076 τῆ
1313 3991 1391 4057 ἀνα-

143 4072 278 4159 συνοίψει.
311 4079 338 4117 ²¹
350 4078 492 4162 προςευχή
507 4083 649 4144 ταπεινοῦ
662 4083 748 4159 νεφέ-
780 4075 887 4145 παύσει
906 4082 1091 4206 ἐψπίπλαται
1109 4083 1173 4146 τῶν
1186 4064 1391 4164 τρυφήμάτων

141 4155 194 4232 λιες
206 4157 323 4244 διῆλθε,
340 4161 391 4222 καὶ
403 4164 459 4234 ἕως
471 4167 638 4253 συνεγγίση,
657 4160 694 4225 οῦ
706 4159 746 4244 μή
781 4162 887 4228 αὐτοῦ.
947 4169 1088 4229 ἐκοπίασε
1108 4162 1263 4248 πτωχὸςέ
1299 4160 1390 4227 ἐλατ-

140 4242 341 4333 παραιιληθῇ,
367 4243 418 4304 καί
435 4240 471 4306 ού
487 4242 528 4327 μή
548 4243 670 4325 ἀποστῆ
692 4249 747 4321 ἕως
780 4245 865 4312 τῶσει
879 4250 957 4332 βίου,
983 4250 1078 4311 καὶέν
1092 4252 1129 4330 τῆ
1143 4241 1310 4312 ἀναπαύσει
1323 4247 1389 4308 ἐπι-

140 4325 336 4408 ἐπιοκέψηται
354 4321 371 4389 ὁ
387 4320 525 4407 ῦψιστος.
549 4328 580 4369 ²²
592 4327 643 4390 καί
652 4313 749 4412 ’κρινεῖ
779 4330 845 4414 δεής
856 4337 975 4407 γίνεται.
1014 4319 1201 4407 ὅιἰἀγίιπῶν
1217 4333 1339 4415 χρυσίον
1351 4326 1389 4392 οῦ

139 4407 268 4484 δικαίως,
280 4410 332 4474 καί
343 4404 462 4512 ποιήσει
475 4415 580 4493 κρίσιν,
594 4410 645 4473 καί
658 4413 676 4475 ό
690 4411 745 4477 κ-ύ-
778 4411 1022 4496 δικαιωθήσεται,
1030 4416 1081 4477 καί
1093 4411 1111 4477 ὁ
1125 4409 1243 4479 διώκων
1254 4414 1390 4493 διαφθο-

137 4517 202 4574 ριος
217 4491 255 4559 οῦ
267 4491 307 4580 μή
320 4494 470 4582 βραδυνῃ,
496 4490 564 4558 οῦδὲ
577 4491 616 4580 μή
628 4522 741 4584 μακρο-
778 4495 835 4584 ράν
863 4495 955 4571 αὐτὸς
978 4492 1198 4580 πλησθήσεται.
1238 4497 1254 4540 ⁰
1279 4492 1390 4643 ποβῷψί

664 4606 668 4613 ·
850 4643 852 4648 ,
1351 4605 1383 4644 ο-
