<?xml version="1.0" encoding="UTF-8"?>
<!DOCTYPE html PUBLIC "-//W3C//DTD XHTML 1.0 Transitional//EN"
    "http://www.w3.org/TR/xhtml1/DTD/xhtml1-transitional.dtd">
<html xmlns="http://www.w3.org/1999/xhtml" xml:lang="en" lang="en">
 <head>
  <title>
</title>
<meta http-equiv="Content-Type" content="text/html;charset=utf-8" />
  <meta name='ocr-system' content='tesseract 3.04.00' />
  <meta name='ocr-capabilities' content='ocr_page ocr_carea ocr_par ocr_line ocrx_word'/>
</head>
<body>
  <div class='ocr_page' id='page_1' title='image "./lta-11000/vetustestamentu00essgoog/vetustestamentu00essgoog_0316.png"; bbox 0 0 2924 4972; ppageno 0'>
   <div class='ocr_carea' id='block_1_1' title="bbox 270 237 1324 322">
    <p class='ocr_par' dir='ltr' id='par_1_1' title="bbox 270 237 1324 322">
     <span class='ocr_line' id='line_1_1' title="bbox 270 237 1324 322; baseline -0.001 -14"><span class='ocrx_word' id='word_1_1' title='bbox 270 243 562 317; x_wconf 72' lang='grc' dir='ltr'><strong><em>ΒΑΣικαιαπ</em></strong></span> <span class='ocrx_word' id='word_1_2' title='bbox 583 244 760 308; x_wconf 66' lang='grc' dir='ltr'><strong><em>πνέοντι</em></strong></span> <span class='ocrx_word' id='word_1_3' title='bbox 801 247 876 322; x_wconf 66' lang='grc' dir='ltr'><strong><em>περ.</em></strong></span> <span class='ocrx_word' id='word_1_4' title='bbox 890 239 943 305; x_wconf 69' lang='grc' dir='ltr'><strong><em>ια’.</em></strong></span> <span class='ocrx_word' id='word_1_5' title='bbox 958 237 992 303; x_wconf 71' lang='grc' dir='ltr'><strong><em>κ’.</em></strong></span> <span class='ocrx_word' id='word_1_6' title='bbox 1010 240 1059 306; x_wconf 79' lang='lat'><strong><em>19.</em></strong></span> <span class='ocrx_word' id='word_1_7' title='bbox 1072 242 1123 306; x_wconf 76' lang='grc' dir='ltr'><strong><em>νο.</em></strong></span> <span class='ocrx_word' id='word_1_8' title='bbox 1261 243 1324 307; x_wconf 76' lang='lat'><strong><em>29³</em></strong></span> 
     </span>
    </p>
   </div>
   <div class='ocr_carea' id='block_1_2' title="bbox 75 350 1388 4660">
    <p class='ocr_par' dir='ltr' id='par_1_2' title="bbox 75 350 1388 4660">
     <span class='ocr_line' id='line_1_2' title="bbox 78 350 1324 440; baseline -0.002 -17"><span class='ocrx_word' id='word_1_9' title='bbox 78 354 172 434; x_wconf 75' lang='grc' dir='ltr'><strong><em>τάκεις</em></strong></span> <span class='ocrx_word' id='word_1_10' title='bbox 183 364 223 434; x_wconf 85' lang='grc' dir='ltr'><strong><em>είς</em></strong></span> <span class='ocrx_word' id='word_1_11' title='bbox 235 357 307 440; x_wconf 78' lang='grc' dir='ltr'><strong><em>αέμιι</em></strong></span> <span class='ocrx_word' id='word_1_12' title='bbox 320 357 427 423; x_wconf 77' lang='grc' dir='ltr'><strong><em>ἀθῶον</em></strong></span> <span class='ocrx_word' id='word_1_13' title='bbox 438 363 617 424; x_wconf 75' lang='grc' dir='ltr'><strong><em>θανατῶσαι</em></strong></span> <span class='ocrx_word' id='word_1_14' title='bbox 630 354 683 422; x_wconf 83' lang='grc' dir='ltr'><strong><em>τὸν</em></strong></span> <span class='ocrx_word' id='word_1_15' title='bbox 712 359 801 440; x_wconf 85' lang='grc' dir='ltr'><strong><em>θαίμ,</em></strong></span> <span class='ocrx_word' id='word_1_16' title='bbox 807 360 858 422; x_wconf 86' lang='grc' dir='ltr'><strong><em>καί</em></strong></span> <span class='ocrx_word' id='word_1_17' title='bbox 867 353 1045 433; x_wconf 73' lang='grc' dir='ltr'><strong><em>ἀπαγγέλλει</em></strong></span> <span class='ocrx_word' id='word_1_18' title='bbox 1056 352 1140 438; x_wconf 81' lang='grc' dir='ltr'><strong><em>αῦτῷ</em></strong></span> <span class='ocrx_word' id='word_1_19' title='bbox 1152 350 1253 419; x_wconf 86' lang='grc' dir='ltr'><strong><em>πάντα</em></strong></span> <span class='ocrx_word' id='word_1_20' title='bbox 1264 351 1324 420; x_wconf 79' lang='grc' dir='ltr'><strong><em>ὅσα</em></strong></span> 
     </span>
     <span class='ocr_line' id='line_1_3' title="bbox 80 432 1322 545; baseline -0.004 -38"><span class='ocrx_word' id='word_1_21' title='bbox 80 442 178 507; x_wconf 81' lang='grc' dir='ltr'><strong><em>Λαυίδ</em></strong></span> <span class='ocrx_word' id='word_1_22' title='bbox 194 439 326 545; x_wconf 71' lang='grc' dir='ltr'><strong><em>δαρεάνς</em></strong></span> <span class='ocrx_word' id='word_1_23' title='bbox 352 442 437 506; x_wconf 73' lang='grc' dir='ltr'><strong><em>0καί</em></strong></span> <span class='ocrx_word' id='word_1_24' title='bbox 454 439 560 525; x_wconf 78' lang='grc' dir='ltr'><strong><em>ἤκουσε</em></strong></span> <span class='ocrx_word' id='word_1_25' title='bbox 576 439 683 506; x_wconf 87' lang='grc' dir='ltr'><strong><em>Σαούλ</em></strong></span> <span class='ocrx_word' id='word_1_26' title='bbox 714 443 850 524; x_wconf 84' lang='grc' dir='ltr'><strong><em>ἐποίησεν</em></strong></span> <span class='ocrx_word' id='word_1_27' title='bbox 861 435 947 522; x_wconf 85' lang='grc' dir='ltr'><strong><em>αῦτῷ</em></strong></span> <span class='ocrx_word' id='word_1_28' title='bbox 958 435 1072 502; x_wconf 88' lang='grc' dir='ltr'><strong><em>Σαούλ.</em></strong></span> <span class='ocrx_word' id='word_1_29' title='bbox 1108 439 1159 500; x_wconf 89' lang='grc' dir='ltr'><strong><em>καί</em></strong></span> <span class='ocrx_word' id='word_1_30' title='bbox 1172 432 1322 522; x_wconf 82' lang='grc' dir='ltr'><strong><em>έπορεύθη</em></strong></span> 
     </span>
     <span class='ocr_line' id='line_1_4' title="bbox 80 516 1322 609; baseline -0.001 -21"><span class='ocrx_word' id='word_1_31' title='bbox 80 528 236 609; x_wconf 75' lang='grc' dir='ltr'><strong><em>τῆςφωνῆς</em></strong></span> <span class='ocrx_word' id='word_1_32' title='bbox 250 517 401 599; x_wconf 85' lang='grc' dir='ltr'><strong><em>Ισονάθαν,</em></strong></span> <span class='ocrx_word' id='word_1_33' title='bbox 407 525 458 590; x_wconf 85' lang='grc' dir='ltr'><strong><em>καί</em></strong></span> <span class='ocrx_word' id='word_1_34' title='bbox 467 522 683 608; x_wconf 82' lang='grc' dir='ltr'><strong><em>ώμοσεΣαούλ,</em></strong></span> <span class='ocrx_word' id='word_1_35' title='bbox 713 521 863 606; x_wconf 86' lang='grc' dir='ltr'><strong><em>Σαμουὴλ</em></strong></span> <span class='ocrx_word' id='word_1_36' title='bbox 874 524 925 586; x_wconf 86' lang='grc' dir='ltr'><strong><em>καί</em></strong></span> <span class='ocrx_word' id='word_1_37' title='bbox 937 522 1045 595; x_wconf 83' lang='grc' dir='ltr'><strong><em>Δαυίδ,</em></strong></span> <span class='ocrx_word' id='word_1_38' title='bbox 1066 522 1117 584; x_wconf 82' lang='grc' dir='ltr'><strong><em>καί</em></strong></span> <span class='ocrx_word' id='word_1_39' title='bbox 1130 516 1278 585; x_wconf 76' lang='grc' dir='ltr'><strong><em>ἐκάθισαν</em></strong></span> <span class='ocrx_word' id='word_1_40' title='bbox 1290 525 1322 587; x_wconf 85' lang='grc' dir='ltr'><strong><em>ἐν</em></strong></span> 
     </span>
     <span class='ocr_line' id='line_1_5' title="bbox 80 598 1321 714; baseline -0.004 -42"><span class='ocrx_word' id='word_1_41' title='bbox 80 608 183 690; x_wconf 81' lang='grc' dir='ltr'><strong><em>λέγων.</em></strong></span> <span class='ocrx_word' id='word_1_42' title='bbox 221 609 257 682; x_wconf 73' lang='grc' dir='ltr'><strong><em>ζ’</em></strong></span> <span class='ocrx_word' id='word_1_43' title='bbox 286 601 398 714; x_wconf 90' lang='grc' dir='ltr'><strong><em>κύριος,</em></strong></span> <span class='ocrx_word' id='word_1_44' title='bbox 425 611 450 671; x_wconf 86' lang='grc' dir='ltr'><strong><em>εί</em></strong></span> <span class='ocrx_word' id='word_1_45' title='bbox 476 606 682 671; x_wconf 78' lang='grc' dir='ltr'><strong><em>ἀποθανείται.</em></strong></span> <span class='ocrx_word' id='word_1_46' title='bbox 716 604 836 671; x_wconf 82' lang='grc' dir='ltr'><strong><em>Ναυάθ</em></strong></span> <span class='ocrx_word' id='word_1_47' title='bbox 861 610 891 670; x_wconf 82' lang='grc' dir='ltr'><strong><em>έν</em></strong></span> <span class='ocrx_word' id='word_1_48' title='bbox 910 598 1017 688; x_wconf 69' lang='grc' dir='ltr'><strong><em>Ῥαμιξ.</em></strong></span> <span class='ocrx_word' id='word_1_49' title='bbox 1054 604 1082 646; x_wconf 80' lang='lat'><strong><em>¹⁹</em></strong></span> <span class='ocrx_word' id='word_1_50' title='bbox 1094 607 1146 668; x_wconf 85' lang='grc' dir='ltr'><strong><em>καί</em></strong></span> <span class='ocrx_word' id='word_1_51' title='bbox 1171 601 1321 687; x_wconf 80' lang='grc' dir='ltr'><strong><em>ἀπηγγέλη</em></strong></span> 
     </span>
     <span class='ocr_line' id='line_1_6' title="bbox 81 684 1322 772; baseline -0.003 -16"><span class='ocrx_word' id='word_1_52' title='bbox 81 690 157 756; x_wconf 65' lang='grc' dir='ltr'><strong><em>’καί</em></strong></span> <span class='ocrx_word' id='word_1_53' title='bbox 174 686 229 760; x_wconf 78' lang='grc' dir='ltr'><strong><em>ἐκά</em></strong></span> <span class='ocrx_word' id='word_1_54' title='bbox 279 714 309 755; x_wconf 89' lang='grc' dir='ltr'><strong><em>εν</em></strong></span> <span class='ocrx_word' id='word_1_55' title='bbox 338 686 483 755; x_wconf 85' lang='grc' dir='ltr'><strong><em>Ιωνάθαν</em></strong></span> <span class='ocrx_word' id='word_1_56' title='bbox 506 688 560 755; x_wconf 86' lang='grc' dir='ltr'><strong><em>τὸν</em></strong></span> <span class='ocrx_word' id='word_1_57' title='bbox 575 690 683 766; x_wconf 84' lang='grc' dir='ltr'><strong><em>Δαυίδ,</em></strong></span> <span class='ocrx_word' id='word_1_58' title='bbox 716 694 758 772; x_wconf 83' lang='grc' dir='ltr'><strong><em>τῷ</em></strong></span> <span class='ocrx_word' id='word_1_59' title='bbox 772 686 893 762; x_wconf 82' lang='grc' dir='ltr'><strong><em>Σαούλ,</em></strong></span> <span class='ocrx_word' id='word_1_60' title='bbox 920 686 1060 764; x_wconf 72' lang='grc' dir='ltr'><strong><em>λέγοντες.</em></strong></span> <span class='ocrx_word' id='word_1_61' title='bbox 1088 684 1153 751; x_wconf 85' lang='grc' dir='ltr'><strong><em>ίδού</em></strong></span> <span class='ocrx_word' id='word_1_62' title='bbox 1172 689 1272 753; x_wconf 83' lang='grc' dir='ltr'><strong><em>Δαυίδ</em></strong></span> <span class='ocrx_word' id='word_1_63' title='bbox 1290 690 1322 752; x_wconf 80' lang='grc' dir='ltr'><strong><em>ἐν</em></strong></span> 
     </span>
     <span class='ocr_line' id='line_1_7' title="bbox 79 767 1321 859; baseline -0.004 -20"><span class='ocrx_word' id='word_1_64' title='bbox 79 774 131 840; x_wconf 82' lang='grc' dir='ltr'><strong><em>καί</em></strong></span> <span class='ocrx_word' id='word_1_65' title='bbox 143 767 315 856; x_wconf 86' lang='grc' dir='ltr'><strong><em>ἀπὴγγειλεν</em></strong></span> <span class='ocrx_word' id='word_1_66' title='bbox 329 771 414 855; x_wconf 78' lang='grc' dir='ltr'><strong><em>αὐτῷ</em></strong></span> <span class='ocrx_word' id='word_1_67' title='bbox 425 771 528 838; x_wconf 88' lang='grc' dir='ltr'><strong><em>πάντα</em></strong></span> <span class='ocrx_word' id='word_1_68' title='bbox 539 773 579 838; x_wconf 83' lang='grc' dir='ltr'><strong><em>τά</em></strong></span> <span class='ocrx_word' id='word_1_69' title='bbox 587 767 683 859; x_wconf 77' lang='grc' dir='ltr'><strong><em>ρὴμα·</em></strong></span> <span class='ocrx_word' id='word_1_70' title='bbox 715 769 835 836; x_wconf 84' lang='grc' dir='ltr'><strong><em>Ναυάθ</em></strong></span> <span class='ocrx_word' id='word_1_71' title='bbox 855 773 887 835; x_wconf 90' lang='grc' dir='ltr'><strong><em>ἐν</em></strong></span> <span class='ocrx_word' id='word_1_72' title='bbox 903 767 1012 854; x_wconf 78' lang='grc' dir='ltr'><strong><em>Ῥαμᾷ.</em></strong></span> <span class='ocrx_word' id='word_1_73' title='bbox 1051 770 1082 812; x_wconf 87' lang='lat'><strong><em>²⁰</em></strong></span> <span class='ocrx_word' id='word_1_74' title='bbox 1095 770 1146 834; x_wconf 85' lang='grc' dir='ltr'><strong><em>καί</em></strong></span> <span class='ocrx_word' id='word_1_75' title='bbox 1167 767 1321 834; x_wconf 85' lang='grc' dir='ltr'><strong><em>ἀπέστειλε</em></strong></span> 
     </span>
     <span class='ocr_line' id='line_1_8' title="bbox 79 851 1320 940; baseline -0.003 -19"><span class='ocrx_word' id='word_1_76' title='bbox 79 882 119 921; x_wconf 89' lang='grc' dir='ltr'><strong><em>τα</em></strong></span> <span class='ocrx_word' id='word_1_77' title='bbox 130 860 237 932; x_wconf 86' lang='grc' dir='ltr'><strong><em>ταῦτα,</em></strong></span> <span class='ocrx_word' id='word_1_78' title='bbox 251 856 302 923; x_wconf 83' lang='grc' dir='ltr'><strong><em>καί</em></strong></span> <span class='ocrx_word' id='word_1_79' title='bbox 314 853 459 940; x_wconf 79' lang='grc' dir='ltr'><strong><em>εέςὴγαγεν</em></strong></span> <span class='ocrx_word' id='word_1_80' title='bbox 468 851 618 922; x_wconf 78' lang='grc' dir='ltr'><strong><em>Ἰανάθαν</em></strong></span> <span class='ocrx_word' id='word_1_81' title='bbox 631 852 684 920; x_wconf 85' lang='grc' dir='ltr'><strong><em>τὸν</em></strong></span> <span class='ocrx_word' id='word_1_82' title='bbox 715 852 820 920; x_wconf 89' lang='grc' dir='ltr'><strong><em>Σαούλ</em></strong></span> <span class='ocrx_word' id='word_1_83' title='bbox 844 852 987 932; x_wconf 84' lang='grc' dir='ltr'><strong><em>ἀγγελους</em></strong></span> <span class='ocrx_word' id='word_1_84' title='bbox 1013 854 1110 938; x_wconf 78' lang='grc' dir='ltr'><strong><em>λαβεῖν</em></strong></span> <span class='ocrx_word' id='word_1_85' title='bbox 1134 851 1186 917; x_wconf 86' lang='grc' dir='ltr'><strong><em>τὸν</em></strong></span> <span class='ocrx_word' id='word_1_86' title='bbox 1211 853 1320 927; x_wconf 84' lang='grc' dir='ltr'><strong><em>Δαυίδ,</em></strong></span> 
     </span>
     <span class='ocr_line' id='line_1_9' title="bbox 79 926 1321 1024; baseline -0.002 -21"><span class='ocrx_word' id='word_1_87' title='bbox 79 941 178 1004; x_wconf 89' lang='grc' dir='ltr'><strong><em>Δαυίδ</em></strong></span> <span class='ocrx_word' id='word_1_88' title='bbox 198 936 272 1024; x_wconf 83' lang='grc' dir='ltr'><strong><em>πρὸς</em></strong></span> <span class='ocrx_word' id='word_1_89' title='bbox 293 935 407 1014; x_wconf 85' lang='grc' dir='ltr'><strong><em>Σαούλ,</em></strong></span> <span class='ocrx_word' id='word_1_90' title='bbox 425 941 478 1005; x_wconf 83' lang='grc' dir='ltr'><strong><em>καί</em></strong></span> <span class='ocrx_word' id='word_1_91' title='bbox 498 926 536 1022; x_wconf 84' lang='grc' dir='ltr'><strong><em>ὴν</em></strong></span> <span class='ocrx_word' id='word_1_92' title='bbox 558 934 684 1005; x_wconf 82' lang='grc' dir='ltr'><strong><em>ἐνώπιον</em></strong></span> <span class='ocrx_word' id='word_1_93' title='bbox 714 940 764 1005; x_wconf 82' lang='grc' dir='ltr'><strong><em>καί</em></strong></span> <span class='ocrx_word' id='word_1_94' title='bbox 782 936 859 1003; x_wconf 82' lang='grc' dir='ltr'><strong><em>είδον</em></strong></span> <span class='ocrx_word' id='word_1_95' title='bbox 875 935 930 1020; x_wconf 82' lang='grc' dir='ltr'><strong><em>τὴν</em></strong></span> <span class='ocrx_word' id='word_1_96' title='bbox 948 935 1103 1019; x_wconf 89' lang='grc' dir='ltr'><strong><em>ἐκκλησίαν</em></strong></span> <span class='ocrx_word' id='word_1_97' title='bbox 1119 940 1181 1000; x_wconf 83' lang='grc' dir='ltr'><strong><em>τῶν</em></strong></span> <span class='ocrx_word' id='word_1_98' title='bbox 1200 961 1321 1020; x_wconf 86' lang='grc' dir='ltr'><strong><em>προφη-</em></strong></span> 
     </span>
     <span class='ocr_line' id='line_1_10' title="bbox 81 1012 1320 1121; baseline -0.002 -35"><span class='ocrx_word' id='word_1_99' title='bbox 81 1019 177 1087; x_wconf 87' lang='grc' dir='ltr'><strong><em>αῦτοῦ</em></strong></span> <span class='ocrx_word' id='word_1_100' title='bbox 199 1017 239 1097; x_wconf 84' lang='grc' dir='ltr'><strong><em>οῦς</em></strong></span> <span class='ocrx_word' id='word_1_101' title='bbox 261 1021 346 1107; x_wconf 79' lang='grc' dir='ltr'><strong><em>ἐχθὲς</em></strong></span> <span class='ocrx_word' id='word_1_102' title='bbox 361 1024 412 1087; x_wconf 88' lang='grc' dir='ltr'><strong><em>καί</em></strong></span> <span class='ocrx_word' id='word_1_103' title='bbox 434 1027 538 1108; x_wconf 89' lang='grc' dir='ltr'><strong><em>τρίτην</em></strong></span> <span class='ocrx_word' id='word_1_104' title='bbox 559 1019 682 1106; x_wconf 87' lang='grc' dir='ltr'><strong><em>ὴμέραν.</em></strong></span> <span class='ocrx_word' id='word_1_105' title='bbox 713 1023 788 1098; x_wconf 76' lang='grc' dir='ltr'><strong><em>ταῖν,</em></strong></span> <span class='ocrx_word' id='word_1_106' title='bbox 800 1022 852 1085; x_wconf 86' lang='grc' dir='ltr'><strong><em>καί</em></strong></span> <span class='ocrx_word' id='word_1_107' title='bbox 864 1018 1011 1102; x_wconf 76' lang='grc' dir='ltr'><strong><em>Σαμουὴλ</em></strong></span> <span class='ocrx_word' id='word_1_108' title='bbox 1028 1012 1151 1102; x_wconf 77' lang='grc' dir='ltr'><strong><em>εἶστὴκει</em></strong></span> <span class='ocrx_word' id='word_1_109' title='bbox 1170 1028 1320 1121; x_wconf 88' lang='grc' dir='ltr'><strong><em>καθεστη-</em></strong></span> 
     </span>
     <span class='ocr_line' id='line_1_11' title="bbox 80 1097 1322 1190; baseline -0.003 -21"><span class='ocrx_word' id='word_1_110' title='bbox 80 1105 160 1170; x_wconf 72' lang='grc' dir='ltr'><strong><em>Ι’καί</em></strong></span> <span class='ocrx_word' id='word_1_111' title='bbox 175 1108 339 1190; x_wconf 85' lang='grc' dir='ltr'><strong><em>προςίθετο</em></strong></span> <span class='ocrx_word' id='word_1_112' title='bbox 358 1101 377 1169; x_wconf 81' lang='grc' dir='ltr'>ὁ</span> <span class='ocrx_word' id='word_1_113' title='bbox 398 1100 529 1189; x_wconf 84' lang='grc' dir='ltr'><strong><em>πόλεμος</em></strong></span> <span class='ocrx_word' id='word_1_114' title='bbox 548 1107 685 1183; x_wconf 86' lang='grc' dir='ltr'><strong><em>γενέσθαι</em></strong></span> <span class='ocrx_word' id='word_1_115' title='bbox 714 1100 772 1180; x_wconf 79' lang='grc' dir='ltr'><strong><em>κάς</em></strong></span> <span class='ocrx_word' id='word_1_116' title='bbox 784 1101 829 1169; x_wconf 84' lang='grc' dir='ltr'><strong><em>ἐπ’</em></strong></span> <span class='ocrx_word' id='word_1_117' title='bbox 845 1101 954 1168; x_wconf 80' lang='grc' dir='ltr'><strong><em>αὐτῶν.</em></strong></span> <span class='ocrx_word' id='word_1_118' title='bbox 989 1105 1039 1166; x_wconf 87' lang='grc' dir='ltr'><strong><em>καί</em></strong></span> <span class='ocrx_word' id='word_1_119' title='bbox 1051 1097 1176 1184; x_wconf 84' lang='grc' dir='ltr'><strong><em>ἐγενὴθη</em></strong></span> <span class='ocrx_word' id='word_1_120' title='bbox 1189 1103 1239 1166; x_wconf 82' lang='grc' dir='ltr'><strong><em>ἐπί</em></strong></span> <span class='ocrx_word' id='word_1_121' title='bbox 1252 1128 1322 1176; x_wconf 87' lang='grc' dir='ltr'><strong><em>τους</em></strong></span> 
     </span>
     <span class='ocr_line' id='line_1_12' title="bbox 79 1183 1321 1274; baseline -0.002 -21"><span class='ocrx_word' id='word_1_122' title='bbox 79 1185 155 1274; x_wconf 78' lang='grc' dir='ltr'><strong><em>πρὸς</em></strong></span> <span class='ocrx_word' id='word_1_123' title='bbox 178 1185 297 1263; x_wconf 85' lang='grc' dir='ltr'><strong><em>Σαούλ,</em></strong></span> <span class='ocrx_word' id='word_1_124' title='bbox 323 1189 376 1251; x_wconf 88' lang='grc' dir='ltr'><strong><em>καί</em></strong></span> <span class='ocrx_word' id='word_1_125' title='bbox 398 1193 554 1271; x_wconf 75' lang='grc' dir='ltr'><strong><em>κατίσχυσε</em></strong></span> <span class='ocrx_word' id='word_1_126' title='bbox 578 1186 686 1264; x_wconf 85' lang='grc' dir='ltr'><strong><em>Δαυίδ,</em></strong></span> <span class='ocrx_word' id='word_1_127' title='bbox 716 1184 859 1264; x_wconf 74' lang='grc' dir='ltr'><strong><em>ἀγγέλους</em></strong></span> <span class='ocrx_word' id='word_1_128' title='bbox 883 1189 942 1250; x_wconf 87' lang='grc' dir='ltr'><strong><em>τοῦ</em></strong></span> <span class='ocrx_word' id='word_1_129' title='bbox 966 1183 1072 1251; x_wconf 85' lang='grc' dir='ltr'><strong><em>Σαούλ</em></strong></span> <span class='ocrx_word' id='word_1_130' title='bbox 1095 1188 1209 1264; x_wconf 87' lang='grc' dir='ltr'><strong><em>πνεῦμα</em></strong></span> <span class='ocrx_word' id='word_1_131' title='bbox 1233 1189 1321 1260; x_wconf 90' lang='grc' dir='ltr'><strong><em>θεοῦ,</em></strong></span> 
     </span>
     <span class='ocr_line' id='line_1_13' title="bbox 78 1264 1321 1372; baseline -0.005 -36"><span class='ocrx_word' id='word_1_132' title='bbox 78 1273 129 1336; x_wconf 86' lang='grc' dir='ltr'><strong><em>καί</em></strong></span> <span class='ocrx_word' id='word_1_133' title='bbox 144 1269 306 1353; x_wconf 78' lang='grc' dir='ltr'><strong><em>ἐπολέμησε</em></strong></span> <span class='ocrx_word' id='word_1_134' title='bbox 325 1267 398 1344; x_wconf 80' lang='grc' dir='ltr'><strong><em>τοὺς</em></strong></span> <span class='ocrx_word' id='word_1_135' title='bbox 414 1265 611 1348; x_wconf 74' lang='grc' dir='ltr'><strong><em>ἀλλοφύλους,</em></strong></span> <span class='ocrx_word' id='word_1_136' title='bbox 636 1268 688 1332; x_wconf 84' lang='grc' dir='ltr'><strong><em>καί</em></strong></span> <span class='ocrx_word' id='word_1_137' title='bbox 716 1269 768 1333; x_wconf 77' lang='grc' dir='ltr'><strong><em>καί</em></strong></span> <span class='ocrx_word' id='word_1_138' title='bbox 778 1293 864 1372; x_wconf 86' lang='grc' dir='ltr'><strong><em>προφ</em></strong></span> <span class='ocrx_word' id='word_1_139' title='bbox 886 1264 1026 1335; x_wconf 86' lang='grc' dir='ltr'><strong><em>τεύουσιν.</em></strong></span> <span class='ocrx_word' id='word_1_140' title='bbox 1066 1269 1092 1310; x_wconf 89' lang='lat'><strong><em>²¹</em></strong></span> <span class='ocrx_word' id='word_1_141' title='bbox 1106 1269 1156 1331; x_wconf 84' lang='grc' dir='ltr'><strong><em>καί</em></strong></span> <span class='ocrx_word' id='word_1_142' title='bbox 1168 1264 1321 1351; x_wconf 72' lang='grc' dir='ltr'><strong><em>ἀπηγγέλη</em></strong></span> 
     </span>
     <span class='ocr_line' id='line_1_14' title="bbox 78 1296 1321 1456; baseline -0.005 -36"><span class='ocrx_word' id='word_1_143' title='bbox 78 1347 225 1429; x_wconf 76' lang='grc' dir='ltr'><strong><em>ἐπάταξεν</em></strong></span> <span class='ocrx_word' id='word_1_144' title='bbox 246 1356 279 1417; x_wconf 84' lang='grc' dir='ltr'><strong><em>ἐν</em></strong></span> <span class='ocrx_word' id='word_1_145' title='bbox 299 1347 404 1430; x_wconf 80' lang='grc' dir='ltr'><strong><em>αῦτοίς</em></strong></span> <span class='ocrx_word' id='word_1_146' title='bbox 424 1347 542 1435; x_wconf 86' lang='grc' dir='ltr'><strong><em>πληγὴν</em></strong></span> <span class='ocrx_word' id='word_1_147' title='bbox 561 1347 688 1456; x_wconf 88' lang='grc' dir='ltr'><strong><em>μεγάλην</em></strong></span> <span class='ocrx_word' id='word_1_148' title='bbox 716 1354 761 1434; x_wconf 75' lang='grc' dir='ltr'><strong><em>τῷ</em></strong></span> <span class='ocrx_word' id='word_1_149' title='bbox 777 1296 898 1428; x_wconf 51' lang='lat' dir='ltr'><strong><em>mg,</em></strong></span> <span class='ocrx_word' id='word_1_150' title='bbox 922 1353 973 1416; x_wconf 82' lang='grc' dir='ltr'><strong><em>καί</em></strong></span> <span class='ocrx_word' id='word_1_151' title='bbox 989 1350 1161 1415; x_wconf 85' lang='grc' dir='ltr'><strong><em>ἀπέστειλεν</em></strong></span> <span class='ocrx_word' id='word_1_152' title='bbox 1178 1347 1321 1427; x_wconf 65' lang='grc' dir='ltr'><strong><em>ἀγγᾶους</em></strong></span> 
     </span>
     <span class='ocr_line' id='line_1_15' title="bbox 79 1429 1319 1540; baseline -0.002 -40"><span class='ocrx_word' id='word_1_153' title='bbox 79 1432 216 1519; x_wconf 82' lang='grc' dir='ltr'><strong><em>σφόδρα,</em></strong></span> <span class='ocrx_word' id='word_1_154' title='bbox 231 1435 283 1502; x_wconf 84' lang='grc' dir='ltr'><strong><em>καί</em></strong></span> <span class='ocrx_word' id='word_1_155' title='bbox 295 1435 403 1512; x_wconf 80' lang='grc' dir='ltr'><strong><em>ἔφυγον</em></strong></span> <span class='ocrx_word' id='word_1_156' title='bbox 415 1435 447 1497; x_wconf 80' lang='grc' dir='ltr'><strong><em>ἐκ</em></strong></span> <span class='ocrx_word' id='word_1_157' title='bbox 458 1430 619 1520; x_wconf 84' lang='grc' dir='ltr'><strong><em>προςώπου</em></strong></span> <span class='ocrx_word' id='word_1_158' title='bbox 631 1460 687 1500; x_wconf 92' lang='grc' dir='ltr'><strong><em>αυ-</em></strong></span> <span class='ocrx_word' id='word_1_159' title='bbox 717 1436 842 1521; x_wconf 80' lang='grc' dir='ltr'><strong><em>ἕτέρους,</em></strong></span> <span class='ocrx_word' id='word_1_160' title='bbox 856 1437 907 1501; x_wconf 81' lang='grc' dir='ltr'><strong><em>καί</em></strong></span> <span class='ocrx_word' id='word_1_161' title='bbox 919 1429 1147 1540; x_wconf 87' lang='grc' dir='ltr'><strong><em>ἐπροφὴτευσαν</em></strong></span> <span class='ocrx_word' id='word_1_162' title='bbox 1159 1434 1210 1497; x_wconf 85' lang='grc' dir='ltr'><strong><em>καί</em></strong></span> <span class='ocrx_word' id='word_1_163' title='bbox 1223 1430 1319 1498; x_wconf 84' lang='grc' dir='ltr'><strong><em>αύτοί.</em></strong></span> 
     </span>
     <span class='ocr_line' id='line_1_16' title="bbox 80 1515 1321 1604; baseline -0.002 -21"><span class='ocrx_word' id='word_1_164' title='bbox 80 1521 147 1584; x_wconf 85' lang='grc' dir='ltr'><strong><em>τοῦ.</em></strong></span> <span class='ocrx_word' id='word_1_165' title='bbox 173 1517 253 1581; x_wconf 71' lang='grc' dir='ltr'><strong><em>9ιιαί</em></strong></span> <span class='ocrx_word' id='word_1_166' title='bbox 269 1518 382 1594; x_wconf 81' lang='grc' dir='ltr'><strong><em>ἐγένετο</em></strong></span> <span class='ocrx_word' id='word_1_167' title='bbox 399 1520 514 1600; x_wconf 86' lang='grc' dir='ltr'><strong><em>πνεῦμα</em></strong></span> <span class='ocrx_word' id='word_1_168' title='bbox 530 1522 607 1582; x_wconf 94' lang='grc' dir='ltr'><strong><em>θεοῦ</em></strong></span> <span class='ocrx_word' id='word_1_169' title='bbox 627 1542 686 1582; x_wconf 86' lang='grc' dir='ltr'><strong><em>πο-</em></strong></span> <span class='ocrx_word' id='word_1_170' title='bbox 716 1520 940 1604; x_wconf 85' lang='grc' dir='ltr'><strong><em>καίπροςέθετο</em></strong></span> <span class='ocrx_word' id='word_1_171' title='bbox 951 1517 1059 1583; x_wconf 83' lang='grc' dir='ltr'><strong><em>Σαουλ</em></strong></span> <span class='ocrx_word' id='word_1_172' title='bbox 1076 1515 1250 1583; x_wconf 78' lang='grc' dir='ltr'><strong><em>ἀποστεῖλαι</em></strong></span> <span class='ocrx_word' id='word_1_173' title='bbox 1265 1515 1321 1595; x_wconf 89' lang='grc' dir='ltr'><strong><em>ἀγ-</em></strong></span> 
     </span>
     <span class='ocr_line' id='line_1_17' title="bbox 81 1594 1322 1726; baseline 0 -63"><span class='ocrx_word' id='word_1_174' title='bbox 81 1595 170 1685; x_wconf 87' lang='grc' dir='ltr'><strong><em>νηρὸν</em></strong></span> <span class='ocrx_word' id='word_1_175' title='bbox 180 1601 231 1665; x_wconf 80' lang='grc' dir='ltr'><strong><em>ἐπί</em></strong></span> <span class='ocrx_word' id='word_1_176' title='bbox 246 1596 367 1673; x_wconf 86' lang='grc' dir='ltr'><strong><em>Σαούλ,</em></strong></span> <span class='ocrx_word' id='word_1_177' title='bbox 392 1601 444 1666; x_wconf 82' lang='grc' dir='ltr'><strong><em>καί</em></strong></span> <span class='ocrx_word' id='word_1_178' title='bbox 460 1596 554 1675; x_wconf 82' lang='grc' dir='ltr'><strong><em>αῦτδς·</em></strong></span> <span class='ocrx_word' id='word_1_179' title='bbox 567 1603 599 1667; x_wconf 82' lang='grc' dir='ltr'><strong><em>ἐν</em></strong></span> <span class='ocrx_word' id='word_1_180' title='bbox 611 1601 685 1684; x_wconf 81' lang='grc' dir='ltr'><strong><em>οἴκῳ</em></strong></span> <span class='ocrx_word' id='word_1_181' title='bbox 714 1601 817 1680; x_wconf 57' lang='lat' dir='ltr'><strong><em>roam</em></strong></span> <span class='ocrx_word' id='word_1_182' title='bbox 830 1607 958 1726; x_wconf 59' lang='grc' dir='ltr'><strong><em>τρίτους,</em></strong></span> <span class='ocrx_word' id='word_1_183' title='bbox 969 1603 1020 1672; x_wconf 80' lang='grc' dir='ltr'><strong><em>καί</em></strong></span> <span class='ocrx_word' id='word_1_184' title='bbox 1032 1594 1258 1685; x_wconf 69' lang='grc' dir='ltr'><strong><em>ἐπροφήτευσαν</em></strong></span> <span class='ocrx_word' id='word_1_185' title='bbox 1270 1602 1322 1664; x_wconf 91' lang='grc' dir='ltr'><strong><em>καί</em></strong></span> 
     </span>
     <span class='ocr_line' id='line_1_18' title="bbox 81 1677 1321 1789; baseline 0 -43"><span class='ocrx_word' id='word_1_186' title='bbox 81 1679 248 1759; x_wconf 80' lang='grc' dir='ltr'><strong><em>καθεύδων,</em></strong></span> <span class='ocrx_word' id='word_1_187' title='bbox 261 1684 312 1748; x_wconf 82' lang='grc' dir='ltr'><strong><em>καί</em></strong></span> <span class='ocrx_word' id='word_1_188' title='bbox 324 1677 485 1778; x_wconf 76' lang='grc' dir='ltr'><strong><em>δάρυέντὴ</em></strong></span> <span class='ocrx_word' id='word_1_189' title='bbox 494 1685 566 1789; x_wconf 84' lang='grc' dir='ltr'><strong><em>χειρί</em></strong></span> <span class='ocrx_word' id='word_1_190' title='bbox 578 1680 683 1760; x_wconf 89' lang='grc' dir='ltr'><strong><em>αῦτοῦ,</em></strong></span> <span class='ocrx_word' id='word_1_191' title='bbox 717 1682 813 1749; x_wconf 81' lang='grc' dir='ltr'><strong><em>αύτοί</em></strong></span> <span class='ocrx_word' id='word_1_192' title='bbox 881 1686 933 1749; x_wconf 84' lang='grc' dir='ltr'><strong><em>καί</em></strong></span> <span class='ocrx_word' id='word_1_193' title='bbox 950 1683 1099 1767; x_wconf 85' lang='grc' dir='ltr'><strong><em>ἐθυμώθη</em></strong></span> <span class='ocrx_word' id='word_1_194' title='bbox 1116 1680 1190 1774; x_wconf 76' lang='grc' dir='ltr'><strong><em>ὀργῇ</em></strong></span> <span class='ocrx_word' id='word_1_195' title='bbox 1203 1679 1321 1759; x_wconf 84' lang='grc' dir='ltr'><strong><em>Σαούλ,</em></strong></span> 
     </span>
     <span class='ocr_line' id='line_1_19' title="bbox 80 1761 1321 1853; baseline 0 -23"><span class='ocrx_word' id='word_1_196' title='bbox 80 1767 133 1830; x_wconf 85' lang='grc' dir='ltr'><strong><em>καί</em></strong></span> <span class='ocrx_word' id='word_1_197' title='bbox 144 1768 242 1832; x_wconf 84' lang='grc' dir='ltr'><strong><em>Λαυίδ</em></strong></span> <span class='ocrx_word' id='word_1_198' title='bbox 252 1765 381 1850; x_wconf 73' lang='grc' dir='ltr'><strong><em>ἔφαλλεν</em></strong></span> <span class='ocrx_word' id='word_1_199' title='bbox 392 1776 458 1842; x_wconf 79' lang='grc' dir='ltr'><strong><em>ταῖς</em></strong></span> <span class='ocrx_word' id='word_1_200' title='bbox 467 1791 566 1852; x_wconf 82' lang='grc' dir='ltr'><strong><em>χερσιν</em></strong></span> <span class='ocrx_word' id='word_1_201' title='bbox 578 1764 684 1831; x_wconf 88' lang='grc' dir='ltr'><strong><em>αῦτοῦ.</em></strong></span> <span class='ocrx_word' id='word_1_202' title='bbox 715 1769 766 1833; x_wconf 87' lang='grc' dir='ltr'><strong><em>καί</em></strong></span> <span class='ocrx_word' id='word_1_203' title='bbox 790 1763 941 1853; x_wconf 81' lang='grc' dir='ltr'><strong><em>ἐπορεύθη</em></strong></span> <span class='ocrx_word' id='word_1_204' title='bbox 965 1770 1016 1833; x_wconf 83' lang='grc' dir='ltr'><strong><em>καί</em></strong></span> <span class='ocrx_word' id='word_1_205' title='bbox 1041 1762 1132 1840; x_wconf 77' lang='grc' dir='ltr'><strong><em>αὐτὸς</em></strong></span> <span class='ocrx_word' id='word_1_206' title='bbox 1149 1769 1188 1841; x_wconf 80' lang='grc' dir='ltr'><strong><em>είς</em></strong></span> <span class='ocrx_word' id='word_1_207' title='bbox 1208 1761 1321 1851; x_wconf 85' lang='grc' dir='ltr'><strong><em>Ἀρμα-</em></strong></span> 
     </span>
     <span class='ocr_line' id='line_1_20' title="bbox 79 1843 1322 1937; baseline -0.002 -22"><span class='ocrx_word' id='word_1_208' title='bbox 79 1852 108 1894; x_wconf 93' lang='lat'><strong><em>¹⁰</em></strong></span> <span class='ocrx_word' id='word_1_209' title='bbox 119 1850 172 1915; x_wconf 83' lang='grc' dir='ltr'><strong><em>καί</em></strong></span> <span class='ocrx_word' id='word_1_210' title='bbox 184 1845 274 1934; x_wconf 71' lang='grc' dir='ltr'><strong><em>ἐζήτει</em></strong></span> <span class='ocrx_word' id='word_1_211' title='bbox 285 1845 391 1914; x_wconf 83' lang='grc' dir='ltr'><strong><em>Σαούλ</em></strong></span> <span class='ocrx_word' id='word_1_212' title='bbox 407 1843 540 1926; x_wconf 77' lang='grc' dir='ltr'><strong><em>πατάξαι</em></strong></span> <span class='ocrx_word' id='word_1_213' title='bbox 555 1848 592 1915; x_wconf 87' lang='grc' dir='ltr'><strong><em>τὸ</em></strong></span> <span class='ocrx_word' id='word_1_214' title='bbox 612 1845 685 1936; x_wconf 82' lang='grc' dir='ltr'><strong><em>δόρυ</em></strong></span> <span class='ocrx_word' id='word_1_215' title='bbox 714 1853 803 1935; x_wconf 87' lang='grc' dir='ltr'><strong><em>θαίμ,</em></strong></span> <span class='ocrx_word' id='word_1_216' title='bbox 828 1853 880 1915; x_wconf 88' lang='grc' dir='ltr'><strong><em>καί</em></strong></span> <span class='ocrx_word' id='word_1_217' title='bbox 899 1852 1013 1937; x_wconf 77' lang='grc' dir='ltr'><strong><em>ἔρχεται</em></strong></span> <span class='ocrx_word' id='word_1_218' title='bbox 1035 1855 1091 1926; x_wconf 76' lang='grc' dir='ltr'><strong><em>ἕως</em></strong></span> <span class='ocrx_word' id='word_1_219' title='bbox 1113 1853 1168 1915; x_wconf 92' lang='grc' dir='ltr'><strong><em>τοῦ</em></strong></span> <span class='ocrx_word' id='word_1_220' title='bbox 1191 1851 1322 1934; x_wconf 76' lang='grc' dir='ltr'><strong><em>φρέατος</em></strong></span> 
     </span>
     <span class='ocr_line' id='line_1_21' title="bbox 79 1929 1321 2017; baseline -0.002 -19"><span class='ocrx_word' id='word_1_221' title='bbox 79 1937 118 2008; x_wconf 82' lang='grc' dir='ltr'><strong><em>είς</em></strong></span> <span class='ocrx_word' id='word_1_222' title='bbox 131 1933 234 2002; x_wconf 83' lang='grc' dir='ltr'><strong><em>Δαυίδ.</em></strong></span> <span class='ocrx_word' id='word_1_223' title='bbox 247 1934 300 2000; x_wconf 89' lang='grc' dir='ltr'><strong><em>καί</em></strong></span> <span class='ocrx_word' id='word_1_224' title='bbox 310 1930 424 2017; x_wconf 89' lang='grc' dir='ltr'><strong><em>ἀπέστη</em></strong></span> <span class='ocrx_word' id='word_1_225' title='bbox 435 1933 536 1998; x_wconf 86' lang='grc' dir='ltr'><strong><em>Δαυίδ</em></strong></span> <span class='ocrx_word' id='word_1_226' title='bbox 546 1935 579 1997; x_wconf 89' lang='grc' dir='ltr'><strong><em>ἐκ</em></strong></span> <span class='ocrx_word' id='word_1_227' title='bbox 591 1960 616 1998; x_wconf 90' lang='grc' dir='ltr'><strong><em>π</em></strong></span> <span class='ocrx_word' id='word_1_228' title='bbox 635 1958 683 2007; x_wconf 83' lang='grc' dir='ltr'><strong><em>ος·</em></strong></span> <span class='ocrx_word' id='word_1_229' title='bbox 714 1938 770 1998; x_wconf 90' lang='grc' dir='ltr'><strong><em>τοῦ</em></strong></span> <span class='ocrx_word' id='word_1_230' title='bbox 782 1932 848 1998; x_wconf 75' lang='grc' dir='ltr'><strong><em>ἅλω</em></strong></span> <span class='ocrx_word' id='word_1_231' title='bbox 861 1938 917 1997; x_wconf 87' lang='grc' dir='ltr'><strong><em>τοῦ</em></strong></span> <span class='ocrx_word' id='word_1_232' title='bbox 931 1936 963 1998; x_wconf 89' lang='grc' dir='ltr'><strong><em>ἐν</em></strong></span> <span class='ocrx_word' id='word_1_233' title='bbox 980 1938 1024 2016; x_wconf 79' lang='grc' dir='ltr'><strong><em>τῷ</em></strong></span> <span class='ocrx_word' id='word_1_234' title='bbox 1037 1933 1122 2014; x_wconf 87' lang='grc' dir='ltr'><strong><em>Σεφί,</em></strong></span> <span class='ocrx_word' id='word_1_235' title='bbox 1141 1933 1191 1996; x_wconf 81' lang='grc' dir='ltr'><strong><em>καί</em></strong></span> <span class='ocrx_word' id='word_1_236' title='bbox 1203 1929 1321 2017; x_wconf 80' lang='grc' dir='ltr'><strong><em>ἠρώτη-</em></strong></span> 
     </span>
     <span class='ocr_line' id='line_1_22' title="bbox 79 2012 1319 2103; baseline 0 -22"><span class='ocrx_word' id='word_1_237' title='bbox 79 2012 166 2081; x_wconf 88' lang='grc' dir='ltr'><strong><em>ώπου</em></strong></span> <span class='ocrx_word' id='word_1_238' title='bbox 186 2015 299 2082; x_wconf 81' lang='grc' dir='ltr'><strong><em>Σαούλ.</em></strong></span> <span class='ocrx_word' id='word_1_239' title='bbox 329 2017 382 2082; x_wconf 88' lang='grc' dir='ltr'><strong><em>καί</em></strong></span> <span class='ocrx_word' id='word_1_240' title='bbox 404 2013 533 2094; x_wconf 84' lang='grc' dir='ltr'><strong><em>ἐπάταξε</em></strong></span> <span class='ocrx_word' id='word_1_241' title='bbox 555 2014 592 2080; x_wconf 84' lang='grc' dir='ltr'><strong><em>τὸ</em></strong></span> <span class='ocrx_word' id='word_1_242' title='bbox 639 2013 686 2103; x_wconf 82' lang='grc' dir='ltr'><strong><em>’ρυ</em></strong></span> <span class='ocrx_word' id='word_1_243' title='bbox 716 2042 748 2080; x_wconf 89' lang='grc' dir='ltr'><strong><em>σε</em></strong></span> <span class='ocrx_word' id='word_1_244' title='bbox 760 2017 812 2080; x_wconf 85' lang='grc' dir='ltr'><strong><em>καί</em></strong></span> <span class='ocrx_word' id='word_1_245' title='bbox 823 2013 894 2079; x_wconf 85' lang='grc' dir='ltr'><strong><em>είπε.</em></strong></span> <span class='ocrx_word' id='word_1_246' title='bbox 911 2019 973 2080; x_wconf 91' lang='grc' dir='ltr'><strong><em>ποῦ</em></strong></span> <span class='ocrx_word' id='word_1_247' title='bbox 984 2013 1129 2100; x_wconf 84' lang='grc' dir='ltr'><strong><em>Σαμουὴλ</em></strong></span> <span class='ocrx_word' id='word_1_248' title='bbox 1141 2016 1192 2080; x_wconf 82' lang='grc' dir='ltr'><strong><em>καί</em></strong></span> <span class='ocrx_word' id='word_1_249' title='bbox 1204 2017 1304 2081; x_wconf 83' lang='grc' dir='ltr'><strong><em>Δαυίδ</em></strong></span> <span class='ocrx_word' id='word_1_250' title='bbox 1307 2045 1319 2092; x_wconf 87' lang='grc'><strong><em>,·</em></strong></span> 
     </span>
     <span class='ocr_line' id='line_1_23' title="bbox 79 2094 1319 2185; baseline -0.002 -22"><span class='ocrx_word' id='word_1_251' title='bbox 79 2103 118 2173; x_wconf 82' lang='grc' dir='ltr'><strong><em>είς</em></strong></span> <span class='ocrx_word' id='word_1_252' title='bbox 129 2098 182 2164; x_wconf 90' lang='grc' dir='ltr'><strong><em>τὸν</em></strong></span> <span class='ocrx_word' id='word_1_253' title='bbox 197 2111 316 2185; x_wconf 75' lang='grc' dir='ltr'><strong><em>τοῖχον,</em></strong></span> <span class='ocrx_word' id='word_1_254' title='bbox 341 2101 392 2164; x_wconf 86' lang='grc' dir='ltr'><strong><em>καί</em></strong></span> <span class='ocrx_word' id='word_1_255' title='bbox 410 2101 508 2165; x_wconf 89' lang='grc' dir='ltr'><strong><em>Δαυίδ</em></strong></span> <span class='ocrx_word' id='word_1_256' title='bbox 523 2094 686 2184; x_wconf 81' lang='grc' dir='ltr'><strong><em>ἀνεχώρησε</em></strong></span> <span class='ocrx_word' id='word_1_257' title='bbox 716 2100 767 2162; x_wconf 85' lang='grc' dir='ltr'><strong><em>καί</em></strong></span> <span class='ocrx_word' id='word_1_258' title='bbox 779 2096 872 2162; x_wconf 76' lang='grc' dir='ltr'><strong><em>εἶπαν.</em></strong></span> <span class='ocrx_word' id='word_1_259' title='bbox 899 2095 965 2162; x_wconf 79' lang='grc' dir='ltr'><strong><em>ἰδού</em></strong></span> <span class='ocrx_word' id='word_1_260' title='bbox 985 2101 1015 2162; x_wconf 81' lang='grc' dir='ltr'><strong><em>ἐν</em></strong></span> <span class='ocrx_word' id='word_1_261' title='bbox 1032 2094 1152 2164; x_wconf 83' lang='grc' dir='ltr'><strong><em>Ναυάθ</em></strong></span> <span class='ocrx_word' id='word_1_262' title='bbox 1168 2101 1199 2165; x_wconf 90' lang='grc' dir='ltr'><strong><em>ἐν</em></strong></span> <span class='ocrx_word' id='word_1_263' title='bbox 1212 2097 1319 2182; x_wconf 78' lang='grc' dir='ltr'><strong><em>Ῥαμᾷ.</em></strong></span> 
     </span>
     <span class='ocr_line' id='line_1_24' title="bbox 79 2176 1321 2277; baseline -0.001 -31"><span class='ocrx_word' id='word_1_264' title='bbox 79 2184 130 2246; x_wconf 85' lang='grc' dir='ltr'><strong><em>καί</em></strong></span> <span class='ocrx_word' id='word_1_265' title='bbox 141 2180 279 2268; x_wconf 84' lang='grc' dir='ltr'><strong><em>διεσώθη.</em></strong></span> <span class='ocrx_word' id='word_1_266' title='bbox 306 2185 331 2227; x_wconf 81' lang='lat'><strong><em>¹¹</em></strong></span> <span class='ocrx_word' id='word_1_267' title='bbox 343 2184 394 2248; x_wconf 86' lang='grc' dir='ltr'><strong><em>καί</em></strong></span> <span class='ocrx_word' id='word_1_268' title='bbox 406 2178 530 2266; x_wconf 82' lang='grc' dir='ltr'><strong><em>ἐγενὴθη</em></strong></span> <span class='ocrx_word' id='word_1_269' title='bbox 544 2186 575 2247; x_wconf 86' lang='grc' dir='ltr'><strong><em>ἐν</em></strong></span> <span class='ocrx_word' id='word_1_270' title='bbox 587 2189 625 2277; x_wconf 77' lang='grc' dir='ltr'><strong><em>τῇ</em></strong></span> <span class='ocrx_word' id='word_1_271' title='bbox 635 2206 684 2246; x_wconf 90' lang='grc' dir='ltr'><strong><em>νυ-</em></strong></span> <span class='ocrx_word' id='word_1_272' title='bbox 717 2183 747 2224; x_wconf 84' lang='lat'><strong><em>²³</em></strong></span> <span class='ocrx_word' id='word_1_273' title='bbox 760 2183 811 2245; x_wconf 89' lang='grc' dir='ltr'><strong><em>καί</em></strong></span> <span class='ocrx_word' id='word_1_274' title='bbox 823 2176 973 2266; x_wconf 71' lang='grc' dir='ltr'><strong><em>ἐπορεύθη</em></strong></span> <span class='ocrx_word' id='word_1_275' title='bbox 986 2185 1095 2246; x_wconf 73' lang='grc' dir='ltr'><strong><em>ἐκεῖθεν</em></strong></span> <span class='ocrx_word' id='word_1_276' title='bbox 1106 2186 1146 2256; x_wconf 85' lang='grc' dir='ltr'><strong><em>είς</em></strong></span> <span class='ocrx_word' id='word_1_277' title='bbox 1158 2181 1278 2246; x_wconf 86' lang='grc' dir='ltr'><strong><em>Ναυάθ</em></strong></span> <span class='ocrx_word' id='word_1_278' title='bbox 1290 2185 1321 2246; x_wconf 85' lang='grc' dir='ltr'><strong><em>ἐν</em></strong></span> 
     </span>
     <span class='ocr_line' id='line_1_25' title="bbox 79 2260 1322 2359; baseline 0.001 -31"><span class='ocrx_word' id='word_1_279' title='bbox 79 2267 128 2329; x_wconf 88' lang='grc' dir='ltr'><strong><em>κτί</em></strong></span> <span class='ocrx_word' id='word_1_280' title='bbox 153 2269 261 2359; x_wconf 83' lang='grc' dir='ltr'><strong><em>ἐκείνη,</em></strong></span> <span class='ocrx_word' id='word_1_281' title='bbox 274 2267 325 2331; x_wconf 87' lang='grc' dir='ltr'><strong><em>καί</em></strong></span> <span class='ocrx_word' id='word_1_282' title='bbox 341 2263 495 2331; x_wconf 89' lang='grc' dir='ltr'><strong><em>ἀπέστειλε</em></strong></span> <span class='ocrx_word' id='word_1_283' title='bbox 506 2263 614 2330; x_wconf 83' lang='grc' dir='ltr'><strong><em>Σαούλ</em></strong></span> <span class='ocrx_word' id='word_1_284' title='bbox 627 2263 682 2345; x_wconf 86' lang='grc' dir='ltr'><strong><em>ἀγ-</em></strong></span> <span class='ocrx_word' id='word_1_285' title='bbox 710 2260 826 2347; x_wconf 76' lang='grc' dir='ltr'><strong><em>Ῥαμᾷ,</em></strong></span> <span class='ocrx_word' id='word_1_286' title='bbox 862 2266 914 2329; x_wconf 86' lang='grc' dir='ltr'><strong><em>καί</em></strong></span> <span class='ocrx_word' id='word_1_287' title='bbox 938 2260 1064 2350; x_wconf 85' lang='grc' dir='ltr'><strong><em>ἐγενὴθη</em></strong></span> <span class='ocrx_word' id='word_1_288' title='bbox 1087 2267 1139 2329; x_wconf 85' lang='grc' dir='ltr'><strong><em>καί</em></strong></span> <span class='ocrx_word' id='word_1_289' title='bbox 1163 2263 1207 2330; x_wconf 76' lang='grc' dir='ltr'><strong><em>ἐπ’</em></strong></span> <span class='ocrx_word' id='word_1_290' title='bbox 1237 2263 1322 2348; x_wconf 75' lang='grc' dir='ltr'><strong><em>αύτῷ</em></strong></span> 
     </span>
     <span class='ocr_line' id='line_1_26' title="bbox 79 2344 1322 2431; baseline 0.001 -20"><span class='ocrx_word' id='word_1_291' title='bbox 79 2348 185 2426; x_wconf 75' lang='grc' dir='ltr'><strong><em>μέλους</em></strong></span> <span class='ocrx_word' id='word_1_292' title='bbox 197 2352 236 2422; x_wconf 83' lang='grc' dir='ltr'><strong><em>είς</em></strong></span> <span class='ocrx_word' id='word_1_293' title='bbox 249 2348 332 2414; x_wconf 81' lang='grc' dir='ltr'><strong><em>οἶκον</em></strong></span> <span class='ocrx_word' id='word_1_294' title='bbox 342 2348 442 2413; x_wconf 88' lang='grc' dir='ltr'><strong><em>Δαυίδ</em></strong></span> <span class='ocrx_word' id='word_1_295' title='bbox 452 2344 579 2431; x_wconf 82' lang='grc' dir='ltr'><strong><em>φυλάξαι</em></strong></span> <span class='ocrx_word' id='word_1_296' title='bbox 592 2346 684 2415; x_wconf 87' lang='grc' dir='ltr'><strong><em>αύτδν</em></strong></span> <span class='ocrx_word' id='word_1_297' title='bbox 714 2352 828 2431; x_wconf 88' lang='grc' dir='ltr'><strong><em>πνεῦμα</em></strong></span> <span class='ocrx_word' id='word_1_298' title='bbox 844 2352 930 2423; x_wconf 85' lang='grc' dir='ltr'><strong><em>θεοῦ,</em></strong></span> <span class='ocrx_word' id='word_1_299' title='bbox 956 2350 1008 2413; x_wconf 84' lang='grc' dir='ltr'><strong><em>καί</em></strong></span> <span class='ocrx_word' id='word_1_300' title='bbox 1024 2344 1183 2431; x_wconf 84' lang='grc' dir='ltr'><strong><em>ἐπορεύετο</em></strong></span> <span class='ocrx_word' id='word_1_301' title='bbox 1201 2373 1322 2431; x_wconf 91' lang='grc' dir='ltr'><strong><em>προφη-</em></strong></span> 
     </span>
     <span class='ocr_line' id='line_1_27' title="bbox 80 2426 1320 2505; baseline 0 -13"><span class='ocrx_word' id='word_1_302' title='bbox 80 2433 138 2493; x_wconf 86' lang='grc' dir='ltr'><strong><em>τοῦ</em></strong></span> <span class='ocrx_word' id='word_1_303' title='bbox 153 2433 332 2495; x_wconf 73' lang='grc' dir='ltr'><strong><em>θανατῶσαι</em></strong></span> <span class='ocrx_word' id='word_1_304' title='bbox 345 2428 438 2503; x_wconf 80' lang='grc' dir='ltr'><strong><em>αὐτὸν</em></strong></span> <span class='ocrx_word' id='word_1_305' title='bbox 448 2458 473 2495; x_wconf 91' lang='grc' dir='ltr'><strong><em>π</em></strong></span> <span class='ocrx_word' id='word_1_306' title='bbox 492 2430 540 2505; x_wconf 77' lang='grc' dir='ltr'><strong><em>ιοῒ,</em></strong></span> <span class='ocrx_word' id='word_1_307' title='bbox 561 2434 611 2495; x_wconf 90' lang='grc' dir='ltr'><strong><em>καί</em></strong></span> <span class='ocrx_word' id='word_1_308' title='bbox 623 2429 685 2496; x_wconf 87' lang='grc' dir='ltr'><strong><em>ἀπ-</em></strong></span> <span class='ocrx_word' id='word_1_309' title='bbox 714 2427 807 2496; x_wconf 85' lang='grc' dir='ltr'><strong><em>τεύων</em></strong></span> <span class='ocrx_word' id='word_1_310' title='bbox 819 2435 875 2505; x_wconf 84' lang='grc' dir='ltr'><strong><em>έισς</em></strong></span> <span class='ocrx_word' id='word_1_311' title='bbox 887 2435 943 2494; x_wconf 91' lang='grc' dir='ltr'><strong><em>τοῦ</em></strong></span> <span class='ocrx_word' id='word_1_312' title='bbox 958 2430 1056 2494; x_wconf 77' lang='grc' dir='ltr'><strong><em>ἐλθεῖν</em></strong></span> <span class='ocrx_word' id='word_1_313' title='bbox 1070 2426 1164 2493; x_wconf 84' lang='grc' dir='ltr'><strong><em>αὐτὸν</em></strong></span> <span class='ocrx_word' id='word_1_314' title='bbox 1177 2435 1216 2502; x_wconf 84' lang='grc' dir='ltr'><strong><em>είς</em></strong></span> <span class='ocrx_word' id='word_1_315' title='bbox 1228 2434 1320 2492; x_wconf 84' lang='grc' dir='ltr'><strong><em>Ναυ-</em></strong></span> 
     </span>
     <span class='ocr_line' id='line_1_28' title="bbox 82 2456 1321 2596; baseline -0.001 -20"><span class='ocrx_word' id='word_1_316' title='bbox 82 2510 194 2596; x_wconf 80' lang='grc' dir='ltr'><strong><em>ὴγγειλε</em></strong></span> <span class='ocrx_word' id='word_1_317' title='bbox 207 2515 252 2594; x_wconf 82' lang='grc' dir='ltr'><strong><em>τῷ</em></strong></span> <span class='ocrx_word' id='word_1_318' title='bbox 265 2512 363 2575; x_wconf 86' lang='grc' dir='ltr'><strong><em>Δαυίδ</em></strong></span> <span class='ocrx_word' id='word_1_319' title='bbox 375 2456 528 2595; x_wconf 78' lang='grc' dir='ltr'><strong><em>Μελχὸλὴ</em></strong></span> <span class='ocrx_word' id='word_1_320' title='bbox 542 2509 614 2589; x_wconf 79' lang='grc' dir='ltr'><strong><em>γυνὴ</em></strong></span> <span class='ocrx_word' id='word_1_321' title='bbox 627 2512 685 2577; x_wconf 83' lang='grc' dir='ltr'><strong><em>σύ·</em></strong></span> <span class='ocrx_word' id='word_1_322' title='bbox 714 2512 762 2580; x_wconf 82' lang='grc' dir='ltr'><strong><em>ἁθ</em></strong></span> <span class='ocrx_word' id='word_1_323' title='bbox 784 2519 815 2580; x_wconf 81' lang='grc' dir='ltr'><strong><em>ἐν</em></strong></span> <span class='ocrx_word' id='word_1_324' title='bbox 835 2512 943 2595; x_wconf 79' lang='grc' dir='ltr'><strong><em>Ῥαμᾷ.</em></strong></span> <span class='ocrx_word' id='word_1_325' title='bbox 982 2510 1013 2552; x_wconf 81' lang='lat'><strong><em>²⁴</em></strong></span> <span class='ocrx_word' id='word_1_326' title='bbox 1026 2513 1077 2575; x_wconf 84' lang='grc' dir='ltr'><strong><em>καί</em></strong></span> <span class='ocrx_word' id='word_1_327' title='bbox 1101 2504 1257 2585; x_wconf 79' lang='grc' dir='ltr'><strong><em>έξεδύσατο</em></strong></span> <span class='ocrx_word' id='word_1_328' title='bbox 1282 2509 1321 2575; x_wconf 84' lang='grc' dir='ltr'><strong><em>τά</em></strong></span> 
     </span>
     <span class='ocr_line' id='line_1_29' title="bbox 80 2587 1322 2702; baseline -0.001 -43"><span class='ocrx_word' id='word_1_329' title='bbox 80 2599 148 2672; x_wconf 86' lang='grc' dir='ltr'><strong><em>τοῦ,</em></strong></span> <span class='ocrx_word' id='word_1_330' title='bbox 168 2594 305 2673; x_wconf 79' lang='grc' dir='ltr'><strong><em>λέγουσα.</em></strong></span> <span class='ocrx_word' id='word_1_331' title='bbox 337 2591 390 2658; x_wconf 85' lang='grc' dir='ltr'><strong><em>ἐάν</em></strong></span> <span class='ocrx_word' id='word_1_332' title='bbox 406 2591 446 2678; x_wconf 86' lang='grc' dir='ltr'><strong><em>μὴ</em></strong></span> <span class='ocrx_word' id='word_1_333' title='bbox 464 2592 502 2660; x_wconf 87' lang='grc' dir='ltr'><strong><em>σύ</em></strong></span> <span class='ocrx_word' id='word_1_334' title='bbox 520 2589 616 2688; x_wconf 84' lang='grc' dir='ltr'><strong><em>σώσης</em></strong></span> <span class='ocrx_word' id='word_1_335' title='bbox 632 2594 685 2702; x_wconf 85' lang='grc' dir='ltr'><strong><em>τὴν</em></strong></span> <span class='ocrx_word' id='word_1_336' title='bbox 717 2595 817 2679; x_wconf 79' lang='grc' dir='ltr'><strong><em>ἱμάτια</em></strong></span> <span class='ocrx_word' id='word_1_337' title='bbox 832 2595 937 2671; x_wconf 78' lang='grc' dir='ltr'><strong><em>αὐτοῦ,</em></strong></span> <span class='ocrx_word' id='word_1_338' title='bbox 951 2597 1003 2659; x_wconf 87' lang='grc' dir='ltr'><strong><em>καί</em></strong></span> <span class='ocrx_word' id='word_1_339' title='bbox 1015 2587 1236 2679; x_wconf 70' lang='grc' dir='ltr'><strong><em>ἐπροφήτευσεν</em></strong></span> <span class='ocrx_word' id='word_1_340' title='bbox 1248 2589 1322 2658; x_wconf 81' lang='grc' dir='ltr'><strong><em>ἐνώ-</em></strong></span> 
     </span>
     <span class='ocr_line' id='line_1_30' title="bbox 82 2672 1323 2785; baseline 0.001 -44"><span class='ocrx_word' id='word_1_341' title='bbox 82 2675 181 2763; x_wconf 84' lang='grc' dir='ltr'><strong><em>φυχὴν</em></strong></span> <span class='ocrx_word' id='word_1_342' title='bbox 193 2681 308 2744; x_wconf 78' lang='grc' dir='ltr'><strong><em>σαυτοῦ</em></strong></span> <span class='ocrx_word' id='word_1_343' title='bbox 321 2673 374 2762; x_wconf 86' lang='grc' dir='ltr'><strong><em>τὴν</em></strong></span> <span class='ocrx_word' id='word_1_344' title='bbox 386 2672 479 2744; x_wconf 86' lang='grc' dir='ltr'><strong><em>νύκτα</em></strong></span> <span class='ocrx_word' id='word_1_345' title='bbox 489 2672 611 2783; x_wconf 55' lang='grc' dir='ltr'><strong><em>ταύτηνη</em></strong></span> <span class='ocrx_word' id='word_1_346' title='bbox 628 2704 686 2744; x_wconf 89' lang='grc' dir='ltr'><strong><em>αυ-</em></strong></span> <span class='ocrx_word' id='word_1_347' title='bbox 717 2707 786 2748; x_wconf 91' lang='grc' dir='ltr'><strong><em>πιον</em></strong></span> <span class='ocrx_word' id='word_1_348' title='bbox 803 2680 914 2747; x_wconf 74' lang='grc' dir='ltr'><strong><em>αύταῑν.</em></strong></span> <span class='ocrx_word' id='word_1_349' title='bbox 941 2681 991 2744; x_wconf 83' lang='grc' dir='ltr'><strong><em>καὶ</em></strong></span> <span class='ocrx_word' id='word_1_350' title='bbox 1014 2682 1098 2744; x_wconf 78' lang='grc' dir='ltr'><strong><em>ἔπεσε</em></strong></span> <span class='ocrx_word' id='word_1_351' title='bbox 1119 2676 1228 2759; x_wconf 82' lang='grc' dir='ltr'><strong><em>γυμνὸς</em></strong></span> <span class='ocrx_word' id='word_1_352' title='bbox 1251 2674 1323 2785; x_wconf 80' lang='grc' dir='ltr'><strong><em>ὅλην</em></strong></span> 
     </span>
     <span class='ocr_line' id='line_1_31' title="bbox 80 2757 1322 2855; baseline -0.001 -29"><span class='ocrx_word' id='word_1_353' title='bbox 80 2786 145 2845; x_wconf 88' lang='grc' dir='ltr'><strong><em>ριον</em></strong></span> <span class='ocrx_word' id='word_1_354' title='bbox 161 2759 384 2855; x_wconf 74' lang='grc' dir='ltr'><strong><em>θανατονθὴση.</em></strong></span> <span class='ocrx_word' id='word_1_355' title='bbox 424 2764 451 2804; x_wconf 87' lang='lat'><strong><em>¹²</em></strong></span> <span class='ocrx_word' id='word_1_356' title='bbox 463 2763 516 2827; x_wconf 87' lang='grc' dir='ltr'><strong><em>καί</em></strong></span> <span class='ocrx_word' id='word_1_357' title='bbox 532 2760 684 2849; x_wconf 82' lang='grc' dir='ltr'><strong><em>καταγειὴ</em></strong></span> <span class='ocrx_word' id='word_1_358' title='bbox 715 2763 769 2850; x_wconf 86' lang='grc' dir='ltr'><strong><em>τὴν</em></strong></span> <span class='ocrx_word' id='word_1_359' title='bbox 788 2762 897 2851; x_wconf 82' lang='grc' dir='ltr'><strong><em>ὴμέραν</em></strong></span> <span class='ocrx_word' id='word_1_360' title='bbox 913 2769 986 2830; x_wconf 85' lang='grc' dir='ltr'><strong><em>ἐκείν</em></strong></span> <span class='ocrx_word' id='word_1_361' title='bbox 1006 2788 1022 2828; x_wconf 95' lang='grc' dir='ltr'><strong><em>ν</em></strong></span> <span class='ocrx_word' id='word_1_362' title='bbox 1038 2765 1089 2828; x_wconf 81' lang='grc' dir='ltr'><strong><em>καί</em></strong></span> <span class='ocrx_word' id='word_1_363' title='bbox 1108 2757 1182 2845; x_wconf 78' lang='grc' dir='ltr'><strong><em>ὅλην</em></strong></span> <span class='ocrx_word' id='word_1_364' title='bbox 1198 2759 1252 2847; x_wconf 89' lang='grc' dir='ltr'><strong><em>τὴν</em></strong></span> <span class='ocrx_word' id='word_1_365' title='bbox 1271 2788 1322 2826; x_wconf 91' lang='grc' dir='ltr'><strong><em>νυ-</em></strong></span> 
     </span>
     <span class='ocr_line' id='line_1_32' title="bbox 80 2792 1323 2950; baseline -0.001 -39"><span class='ocrx_word' id='word_1_366' title='bbox 80 2843 203 2950; x_wconf 83' lang='grc' dir='ltr'><strong><em>Μελχόλ</em></strong></span> <span class='ocrx_word' id='word_1_367' title='bbox 224 2843 278 2910; x_wconf 86' lang='grc' dir='ltr'><strong><em>τὸν</em></strong></span> <span class='ocrx_word' id='word_1_368' title='bbox 294 2846 392 2912; x_wconf 84' lang='grc' dir='ltr'><strong><em>Δαυίδ</em></strong></span> <span class='ocrx_word' id='word_1_369' title='bbox 409 2845 459 2912; x_wconf 81' lang='grc' dir='ltr'><strong><em>διά</em></strong></span> <span class='ocrx_word' id='word_1_370' title='bbox 482 2849 534 2931; x_wconf 78' lang='grc' dir='ltr'><strong><em>της</em></strong></span> <span class='ocrx_word' id='word_1_371' title='bbox 550 2857 592 2913; x_wconf 89' lang='grc' dir='ltr'><strong><em>θυ</em></strong></span> <span class='ocrx_word' id='word_1_372' title='bbox 612 2848 683 2925; x_wconf 87' lang='grc' dir='ltr'><strong><em>ίδος,</em></strong></span> <span class='ocrx_word' id='word_1_373' title='bbox 714 2875 779 2915; x_wconf 89' lang='grc' dir='ltr'><strong><em>κτα.</em></strong></span> <span class='ocrx_word' id='word_1_374' title='bbox 806 2849 855 2916; x_wconf 80' lang='grc' dir='ltr'><strong><em>διὰ</em></strong></span> <span class='ocrx_word' id='word_1_375' title='bbox 868 2853 957 2914; x_wconf 91' lang='grc' dir='ltr'><strong><em>τοῦτο</em></strong></span> <span class='ocrx_word' id='word_1_376' title='bbox 971 2792 1092 2926; x_wconf 75' lang='grc' dir='ltr'><strong><em>ἔλεγον,</em></strong></span> <span class='ocrx_word' id='word_1_377' title='bbox 1118 2843 1323 2910; x_wconf 78' lang='grc' dir='ltr'><strong><em>είκαίΣαούλ</em></strong></span> 
     </span>
     <span class='ocr_line' id='line_1_33' title="bbox 79 2873 945 3026; baseline 0.005 -33"><span class='ocrx_word' id='word_1_378' title='bbox 79 2930 130 2993; x_wconf 80' lang='grc' dir='ltr'><strong><em>καὶ</em></strong></span> <span class='ocrx_word' id='word_1_379' title='bbox 152 2929 274 2995; x_wconf 84' lang='grc' dir='ltr'><strong><em>απ”λθε</em></strong></span> <span class='ocrx_word' id='word_1_380' title='bbox 296 2931 347 2994; x_wconf 82' lang='grc' dir='ltr'><strong><em>καί</em></strong></span> <span class='ocrx_word' id='word_1_381' title='bbox 369 2932 458 3013; x_wconf 77' lang='grc' dir='ltr'><strong><em>ἔφυγε</em></strong></span> <span class='ocrx_word' id='word_1_382' title='bbox 480 2933 532 2994; x_wconf 88' lang='grc' dir='ltr'><strong><em>καί</em></strong></span> <span class='ocrx_word' id='word_1_383' title='bbox 554 2873 683 3008; x_wconf 59' lang='grc' dir='ltr'><strong><em>σώίεται.</em></strong></span> <span class='ocrx_word' id='word_1_384' title='bbox 716 2935 747 2998; x_wconf 87' lang='grc' dir='ltr'><strong><em>ἐν</em></strong></span> <span class='ocrx_word' id='word_1_385' title='bbox 760 2928 945 3026; x_wconf 78' lang='grc' dir='ltr'><strong><em>προφὴτσιςς</em></strong></span> 
     </span>
     <span class='ocr_line' id='line_1_34' title="bbox 80 2957 1133 3098; baseline 0.003 -23"><span class='ocrx_word' id='word_1_386' title='bbox 80 3013 106 3053; x_wconf 82' lang='lat'><strong><em>¹³</em></strong></span> <span class='ocrx_word' id='word_1_387' title='bbox 118 3014 169 3076; x_wconf 83' lang='grc' dir='ltr'><strong><em>καὶ</em></strong></span> <span class='ocrx_word' id='word_1_388' title='bbox 181 2957 454 3098; x_wconf 69' lang='grc' dir='ltr'><strong><em>ἐλσβενὴΜελχὸλ</em></strong></span> <span class='ocrx_word' id='word_1_389' title='bbox 463 3011 503 3078; x_wconf 87' lang='grc' dir='ltr'><strong><em>τά</em></strong></span> <span class='ocrx_word' id='word_1_390' title='bbox 515 3009 685 3096; x_wconf 83' lang='grc' dir='ltr'><strong><em>κενοτάφια,</em></strong></span> <span class='ocrx_word' id='word_1_391' title='bbox 906 3022 981 3083; x_wconf 85' lang='grc' dir='ltr'><strong><em>ΚΕ</em></strong></span> <span class='ocrx_word' id='word_1_392' title='bbox 993 3020 1031 3080; x_wconf 70' lang='grc' dir='ltr'><strong><em>(ί).</em></strong></span> <span class='ocrx_word' id='word_1_393' title='bbox 1079 3008 1133 3079; x_wconf 82' lang='grc' dir='ltr'><strong><em>Κ’.</em></strong></span> 
     </span>
     <span class='ocr_line' id='line_1_35' title="bbox 79 3066 1323 3185; baseline 0.003 -27"><span class='ocrx_word' id='word_1_394' title='bbox 79 3096 129 3159; x_wconf 85' lang='grc' dir='ltr'><strong><em>καὶ</em></strong></span> <span class='ocrx_word' id='word_1_395' title='bbox 150 3096 237 3160; x_wconf 86' lang='grc' dir='ltr'><strong><em>έθετο</em></strong></span> <span class='ocrx_word' id='word_1_396' title='bbox 255 3099 305 3161; x_wconf 83' lang='grc' dir='ltr'><strong><em>ἐπί</em></strong></span> <span class='ocrx_word' id='word_1_397' title='bbox 325 3094 381 3182; x_wconf 90' lang='grc' dir='ltr'><strong><em>τὴν</em></strong></span> <span class='ocrx_word' id='word_1_398' title='bbox 402 3096 510 3182; x_wconf 82' lang='grc' dir='ltr'><strong><em>κλίνην,</em></strong></span> <span class='ocrx_word' id='word_1_399' title='bbox 529 3099 580 3164; x_wconf 84' lang='grc' dir='ltr'><strong><em>καί</em></strong></span> <span class='ocrx_word' id='word_1_400' title='bbox 601 3091 685 3184; x_wconf 85' lang='grc' dir='ltr'><strong><em>ὴπαρ</em></strong></span> <span class='ocrx_word' id='word_1_401' title='bbox 715 3066 801 3164; x_wconf 78' lang='grc' dir='ltr'><strong><em>Καί</em></strong></span> <span class='ocrx_word' id='word_1_402' title='bbox 824 3096 942 3185; x_wconf 78' lang='grc' dir='ltr'><strong><em>ἀπέδρα</em></strong></span> <span class='ocrx_word' id='word_1_403' title='bbox 967 3101 1064 3165; x_wconf 82' lang='grc' dir='ltr'><strong><em>Λαυὶδ</em></strong></span> <span class='ocrx_word' id='word_1_404' title='bbox 1088 3103 1120 3163; x_wconf 81' lang='grc' dir='ltr'><strong><em>ἐκ</em></strong></span> <span class='ocrx_word' id='word_1_405' title='bbox 1147 3095 1267 3164; x_wconf 86' lang='grc' dir='ltr'><strong><em>Ναυάθ</em></strong></span> <span class='ocrx_word' id='word_1_406' title='bbox 1292 3101 1323 3162; x_wconf 89' lang='grc' dir='ltr'><strong><em>ἐν</em></strong></span> 
     </span>
     <span class='ocr_line' id='line_1_36' title="bbox 79 3179 1319 3268; baseline 0.004 -27"><span class='ocrx_word' id='word_1_407' title='bbox 79 3182 139 3242; x_wconf 80' lang='grc' dir='ltr'><strong><em>τῶν</em></strong></span> <span class='ocrx_word' id='word_1_408' title='bbox 151 3182 243 3257; x_wconf 82' lang='grc' dir='ltr'><strong><em>αίγοῦν</em></strong></span> <span class='ocrx_word' id='word_1_409' title='bbox 253 3182 341 3246; x_wconf 74' lang='grc' dir='ltr'><strong><em>ἔθετο</em></strong></span> <span class='ocrx_word' id='word_1_410' title='bbox 352 3179 429 3265; x_wconf 84' lang='grc' dir='ltr'><strong><em>πρὸς</em></strong></span> <span class='ocrx_word' id='word_1_411' title='bbox 439 3180 567 3264; x_wconf 76' lang='grc' dir='ltr'><strong><em>κεφαλῆς</em></strong></span> <span class='ocrx_word' id='word_1_412' title='bbox 576 3180 684 3256; x_wconf 83' lang='grc' dir='ltr'><strong><em>αύτοῦ,</em></strong></span> <span class='ocrx_word' id='word_1_413' title='bbox 711 3179 820 3264; x_wconf 78' lang='grc' dir='ltr'><strong><em>Ῥαμᾷ,</em></strong></span> <span class='ocrx_word' id='word_1_414' title='bbox 833 3185 883 3247; x_wconf 87' lang='grc' dir='ltr'><strong><em>καί</em></strong></span> <span class='ocrx_word' id='word_1_415' title='bbox 897 3188 1011 3268; x_wconf 78' lang='grc' dir='ltr'><strong><em>ἔρχεται</em></strong></span> <span class='ocrx_word' id='word_1_416' title='bbox 1021 3179 1150 3248; x_wconf 83' lang='grc' dir='ltr'><strong><em>ἐνώπιον</em></strong></span> <span class='ocrx_word' id='word_1_417' title='bbox 1160 3181 1319 3255; x_wconf 82' lang='grc' dir='ltr'><strong><em>Ἰωνάθατ,</em></strong></span> 
     </span>
     <span class='ocr_line' id='line_1_37' title="bbox 80 3257 1321 3346; baseline 0.002 -23"><span class='ocrx_word' id='word_1_418' title='bbox 80 3263 130 3326; x_wconf 85' lang='grc' dir='ltr'><strong><em>καί</em></strong></span> <span class='ocrx_word' id='word_1_419' title='bbox 155 3257 303 3345; x_wconf 75' lang='grc' dir='ltr'><strong><em>ἐκάλυψεν</em></strong></span> <span class='ocrx_word' id='word_1_420' title='bbox 329 3260 409 3328; x_wconf 85' lang='grc' dir='ltr'><strong><em>αῦτά</em></strong></span> <span class='ocrx_word' id='word_1_421' title='bbox 437 3267 555 3346; x_wconf 83' lang='grc' dir='ltr'><strong><em>ίματίῳ.</em></strong></span> <span class='ocrx_word' id='word_1_422' title='bbox 590 3264 620 3318; x_wconf 70' lang='lat'><strong><em>¹⁴</em></strong></span> <span class='ocrx_word' id='word_1_423' title='bbox 634 3267 685 3330; x_wconf 84' lang='grc' dir='ltr'><strong><em>καί</em></strong></span> <span class='ocrx_word' id='word_1_424' title='bbox 715 3268 766 3330; x_wconf 82' lang='grc' dir='ltr'><strong><em>καί</em></strong></span> <span class='ocrx_word' id='word_1_425' title='bbox 779 3265 848 3333; x_wconf 81' lang='grc' dir='ltr'><strong><em>εἶπε.</em></strong></span> <span class='ocrx_word' id='word_1_426' title='bbox 873 3271 906 3337; x_wconf 82' lang='grc' dir='ltr'><strong><em>τί</em></strong></span> <span class='ocrx_word' id='word_1_427' title='bbox 916 3271 1082 3345; x_wconf 87' lang='grc' dir='ltr'><strong><em>πεποίηκα,</em></strong></span> <span class='ocrx_word' id='word_1_428' title='bbox 1100 3267 1151 3328; x_wconf 85' lang='grc' dir='ltr'><strong><em>καὶ</em></strong></span> <span class='ocrx_word' id='word_1_429' title='bbox 1164 3271 1195 3328; x_wconf 89' lang='grc' dir='ltr'><strong><em>τί</em></strong></span> <span class='ocrx_word' id='word_1_430' title='bbox 1206 3264 1241 3329; x_wconf 85' lang='grc' dir='ltr'><strong><em>τὸ</em></strong></span> <span class='ocrx_word' id='word_1_431' title='bbox 1255 3264 1321 3328; x_wconf 76' lang='grc' dir='ltr'><strong><em>ἀδὶ·</em></strong></span> 
     </span>
     <span class='ocr_line' id='line_1_38' title="bbox 80 3341 1323 3432; baseline 0.002 -24"><span class='ocrx_word' id='word_1_432' title='bbox 80 3342 234 3408; x_wconf 83' lang='grc' dir='ltr'><strong><em>ἀπέστειλε</em></strong></span> <span class='ocrx_word' id='word_1_433' title='bbox 245 3342 350 3411; x_wconf 82' lang='grc' dir='ltr'><strong><em>Σαούλ</em></strong></span> <span class='ocrx_word' id='word_1_434' title='bbox 364 3344 508 3424; x_wconf 83' lang='grc' dir='ltr'><strong><em>ἀγγελους</em></strong></span> <span class='ocrx_word' id='word_1_435' title='bbox 520 3346 620 3432; x_wconf 78' lang='grc' dir='ltr'><strong><em>λαβεῖν</em></strong></span> <span class='ocrx_word' id='word_1_436' title='bbox 631 3345 685 3413; x_wconf 89' lang='grc' dir='ltr'><strong><em>τδν</em></strong></span> <span class='ocrx_word' id='word_1_437' title='bbox 716 3342 794 3431; x_wconf 88' lang='grc' dir='ltr'><strong><em>κημά</em></strong></span> <span class='ocrx_word' id='word_1_438' title='bbox 810 3370 881 3429; x_wconf 90' lang='grc' dir='ltr'><strong><em>μου,</em></strong></span> <span class='ocrx_word' id='word_1_439' title='bbox 906 3347 958 3410; x_wconf 81' lang='grc' dir='ltr'><strong><em>καί</em></strong></span> <span class='ocrx_word' id='word_1_440' title='bbox 974 3352 1005 3408; x_wconf 86' lang='grc' dir='ltr'><strong><em>τί</em></strong></span> <span class='ocrx_word' id='word_1_441' title='bbox 1022 3341 1179 3430; x_wconf 68' lang='grc' dir='ltr'><strong><em>ἡμάρτηκα</em></strong></span> <span class='ocrx_word' id='word_1_442' title='bbox 1197 3343 1323 3410; x_wconf 84' lang='grc' dir='ltr'><strong><em>ἐνώπιον</em></strong></span> 
     </span>
     <span class='ocr_line' id='line_1_39' title="bbox 81 3422 1323 3515; baseline -0.002 -25"><span class='ocrx_word' id='word_1_443' title='bbox 81 3426 187 3502; x_wconf 84' lang='grc' dir='ltr'><strong><em>Δαυίδ,</em></strong></span> <span class='ocrx_word' id='word_1_444' title='bbox 211 3429 262 3491; x_wconf 76' lang='grc' dir='ltr'><strong><em>καὶ</em></strong></span> <span class='ocrx_word' id='word_1_445' title='bbox 278 3428 409 3507; x_wconf 75' lang='grc' dir='ltr'><strong><em>λέγουσιν</em></strong></span> <span class='ocrx_word' id='word_1_446' title='bbox 428 3429 608 3515; x_wconf 75' lang='grc' dir='ltr'><strong><em>ἐνοχλεῖσθαι</em></strong></span> <span class='ocrx_word' id='word_1_447' title='bbox 627 3428 685 3496; x_wconf 85' lang='grc' dir='ltr'><strong><em>αῦ-</em></strong></span> <span class='ocrx_word' id='word_1_448' title='bbox 716 3434 773 3496; x_wconf 88' lang='grc' dir='ltr'><strong><em>τσῦ</em></strong></span> <span class='ocrx_word' id='word_1_449' title='bbox 785 3422 900 3511; x_wconf 81' lang='grc' dir='ltr'><strong><em>πατρός</em></strong></span> <span class='ocrx_word' id='word_1_450' title='bbox 913 3451 981 3503; x_wconf 92' lang='grc' dir='ltr'><strong><em>σου,</em></strong></span> <span class='ocrx_word' id='word_1_451' title='bbox 994 3423 1040 3491; x_wconf 81' lang='grc' dir='ltr'><strong><em>ὅτι</em></strong></span> <span class='ocrx_word' id='word_1_452' title='bbox 1058 3430 1186 3508; x_wconf 79' lang='grc' dir='ltr'><strong><em>ἐπιζητεῖ</em></strong></span> <span class='ocrx_word' id='word_1_453' title='bbox 1196 3426 1249 3506; x_wconf 87' lang='grc' dir='ltr'><strong><em>τὴν</em></strong></span> <span class='ocrx_word' id='word_1_454' title='bbox 1261 3446 1323 3507; x_wconf 80' lang='grc' dir='ltr'><strong><em>φο·</em></strong></span> 
     </span>
     <span class='ocr_line' id='line_1_40' title="bbox 79 3503 1314 3598; baseline 0 -25"><span class='ocrx_word' id='word_1_455' title='bbox 79 3504 141 3584; x_wconf 77' lang='grc' dir='ltr'><strong><em>τόν.</em></strong></span> <span class='ocrx_word' id='word_1_456' title='bbox 167 3509 194 3553; x_wconf 82' lang='lat'><strong><em>¹⁵</em></strong></span> <span class='ocrx_word' id='word_1_457' title='bbox 206 3511 258 3574; x_wconf 88' lang='grc' dir='ltr'><strong><em>καί</em></strong></span> <span class='ocrx_word' id='word_1_458' title='bbox 279 3508 456 3578; x_wconf 87' lang='grc' dir='ltr'><strong><em>ἀποστέλλει</em></strong></span> <span class='ocrx_word' id='word_1_459' title='bbox 480 3514 531 3578; x_wconf 82' lang='grc' dir='ltr'><strong><em>ἐπί</em></strong></span> <span class='ocrx_word' id='word_1_460' title='bbox 550 3511 604 3578; x_wconf 87' lang='grc' dir='ltr'><strong><em>τὸν</em></strong></span> <span class='ocrx_word' id='word_1_461' title='bbox 620 3519 686 3579; x_wconf 87' lang='grc' dir='ltr'><strong><em>Λα-</em></strong></span> <span class='ocrx_word' id='word_1_462' title='bbox 716 3509 769 3598; x_wconf 84' lang='grc' dir='ltr'><strong><em>χὴν</em></strong></span> <span class='ocrx_word' id='word_1_463' title='bbox 779 3538 837 3596; x_wconf 92' lang='grc' dir='ltr'><strong><em>μου</em></strong></span> <span class='ocrx_word' id='word_1_464' title='bbox 843 3540 854 3590; x_wconf 94' lang='grc'><strong><em>,·</em></strong></span> <span class='ocrx_word' id='word_1_465' title='bbox 880 3511 958 3575; x_wconf 75' lang='grc' dir='ltr'><strong><em>2καί</em></strong></span> <span class='ocrx_word' id='word_1_466' title='bbox 971 3507 1050 3575; x_wconf 78' lang='grc' dir='ltr'><strong><em>εἶπεν</em></strong></span> <span class='ocrx_word' id='word_1_467' title='bbox 1068 3506 1153 3590; x_wconf 76' lang='grc' dir='ltr'><strong><em>αύτῷ</em></strong></span> <span class='ocrx_word' id='word_1_468' title='bbox 1163 3503 1314 3573; x_wconf 82' lang='grc' dir='ltr'><strong><em>Ἰωνάθου</em></strong></span> 
     </span>
     <span class='ocr_line' id='line_1_41' title="bbox 79 3587 1322 3702; baseline 0 -45"><span class='ocrx_word' id='word_1_469' title='bbox 79 3592 134 3669; x_wconf 84' lang='grc' dir='ltr'><strong><em>υἱδ,</em></strong></span> <span class='ocrx_word' id='word_1_470' title='bbox 159 3592 261 3671; x_wconf 82' lang='grc' dir='ltr'><strong><em>λέγων.</em></strong></span> <span class='ocrx_word' id='word_1_471' title='bbox 290 3591 415 3673; x_wconf 82' lang='grc' dir='ltr'><strong><em>ἀγάγετε</em></strong></span> <span class='ocrx_word' id='word_1_472' title='bbox 440 3592 536 3660; x_wconf 88' lang='grc' dir='ltr'><strong><em>αύτδν</em></strong></span> <span class='ocrx_word' id='word_1_473' title='bbox 560 3598 608 3661; x_wconf 85' lang='grc' dir='ltr'><strong><em>ἐπί</em></strong></span> <span class='ocrx_word' id='word_1_474' title='bbox 633 3601 687 3681; x_wconf 77' lang='grc' dir='ltr'><strong><em>τῆς</em></strong></span> <span class='ocrx_word' id='word_1_475' title='bbox 715 3599 856 3702; x_wconf 79' lang='grc' dir='ltr'><strong><em>μηδαμῶς</em></strong></span> <span class='ocrx_word' id='word_1_476' title='bbox 868 3619 932 3670; x_wconf 86' lang='grc' dir='ltr'><strong><em>σοι,</em></strong></span> <span class='ocrx_word' id='word_1_477' title='bbox 958 3590 994 3658; x_wconf 88' lang='grc' dir='ltr'><strong><em>οῦ</em></strong></span> <span class='ocrx_word' id='word_1_478' title='bbox 1008 3592 1047 3677; x_wconf 88' lang='grc' dir='ltr'><strong><em>μὴ</em></strong></span> <span class='ocrx_word' id='word_1_479' title='bbox 1061 3587 1230 3683; x_wconf 73' lang='grc' dir='ltr'><strong><em>ἀποθάνῃς.</em></strong></span> <span class='ocrx_word' id='word_1_480' title='bbox 1258 3592 1322 3658; x_wconf 85' lang='grc' dir='ltr'><strong><em>ίδου</em></strong></span> 
     </span>
     <span class='ocr_line' id='line_1_42' title="bbox 79 3672 1323 3763; baseline 0 -22"><span class='ocrx_word' id='word_1_481' title='bbox 79 3676 174 3761; x_wconf 83' lang='grc' dir='ltr'><strong><em>κλίνης</em></strong></span> <span class='ocrx_word' id='word_1_482' title='bbox 185 3677 261 3762; x_wconf 88' lang='grc' dir='ltr'><strong><em>πρὸς</em></strong></span> <span class='ocrx_word' id='word_1_483' title='bbox 273 3677 309 3760; x_wconf 80' lang='grc' dir='ltr'><strong><em>μὲ</em></strong></span> <span class='ocrx_word' id='word_1_484' title='bbox 321 3683 379 3742; x_wconf 91' lang='grc' dir='ltr'><strong><em>τοῦ</em></strong></span> <span class='ocrx_word' id='word_1_485' title='bbox 390 3681 570 3742; x_wconf 80' lang='grc' dir='ltr'><strong><em>θανατῶσαι</em></strong></span> <span class='ocrx_word' id='word_1_486' title='bbox 584 3675 684 3742; x_wconf 76' lang='grc' dir='ltr'><strong><em>αὐτόν.</em></strong></span> <span class='ocrx_word' id='word_1_487' title='bbox 717 3705 753 3743; x_wconf 93' lang='grc' dir='ltr'><strong><em>ου</em></strong></span> <span class='ocrx_word' id='word_1_488' title='bbox 766 3707 805 3761; x_wconf 92' lang='grc' dir='ltr'><strong><em>μη</em></strong></span> <span class='ocrx_word' id='word_1_489' title='bbox 819 3674 929 3763; x_wconf 84' lang='grc' dir='ltr'><strong><em>ποιὴση</em></strong></span> <span class='ocrx_word' id='word_1_490' title='bbox 942 3672 1070 3761; x_wconf 84' lang='grc' dir='ltr'><strong><em>ὅπατὴρ</em></strong></span> <span class='ocrx_word' id='word_1_491' title='bbox 1079 3701 1135 3759; x_wconf 90' lang='grc' dir='ltr'><strong><em>μου</em></strong></span> <span class='ocrx_word' id='word_1_492' title='bbox 1146 3679 1226 3761; x_wconf 78' lang='grc' dir='ltr'><strong><em>ῥῆμα</em></strong></span> <span class='ocrx_word' id='word_1_493' title='bbox 1237 3680 1323 3760; x_wconf 84' lang='grc' dir='ltr'><strong><em>μέγα,</em></strong></span> 
     </span>
     <span class='ocr_line' id='line_1_43' title="bbox 78 3750 1388 3847; baseline 0 -22"><span class='ocrx_word' id='word_1_494' title='bbox 78 3760 106 3801; x_wconf 78' lang='lat'><strong><em>¹⁶</em></strong></span> <span class='ocrx_word' id='word_1_495' title='bbox 119 3761 172 3825; x_wconf 88' lang='grc' dir='ltr'><strong><em>καί</em></strong></span> <span class='ocrx_word' id='word_1_496' title='bbox 188 3763 323 3846; x_wconf 84' lang='grc' dir='ltr'><strong><em>έρχονται</em></strong></span> <span class='ocrx_word' id='word_1_497' title='bbox 340 3763 372 3826; x_wconf 83' lang='grc' dir='ltr'><strong><em>σί</em></strong></span> <span class='ocrx_word' id='word_1_498' title='bbox 388 3759 522 3839; x_wconf 84' lang='grc' dir='ltr'><strong><em>ἀγγελοι,</em></strong></span> <span class='ocrx_word' id='word_1_499' title='bbox 547 3763 598 3825; x_wconf 82' lang='grc' dir='ltr'><strong><em>καί</em></strong></span> <span class='ocrx_word' id='word_1_500' title='bbox 621 3758 686 3826; x_wconf 81' lang='grc' dir='ltr'><strong><em>ἰδού</em></strong></span> <span class='ocrx_word' id='word_1_501' title='bbox 718 3760 869 3847; x_wconf 79' lang='grc' dir='ltr'><strong><em>ὴμικρδν,</em></strong></span> <span class='ocrx_word' id='word_1_502' title='bbox 893 3750 944 3826; x_wconf 74' lang='grc' dir='ltr'><strong><em>κἀλ</em></strong></span> <span class='ocrx_word' id='word_1_503' title='bbox 957 3758 1013 3825; x_wconf 86' lang='grc' dir='ltr'><strong><em>οῦκ</em></strong></span> <span class='ocrx_word' id='word_1_504' title='bbox 1027 3758 1217 3843; x_wconf 84' lang='grc' dir='ltr'><strong><em>ἀποκαλύψει</em></strong></span> <span class='ocrx_word' id='word_1_505' title='bbox 1233 3760 1267 3826; x_wconf 88' lang='grc' dir='ltr'><strong><em>τὸ</em></strong></span> <span class='ocrx_word' id='word_1_506' title='bbox 1281 3759 1323 3825; x_wconf 87' lang='grc' dir='ltr'><strong><em>ώ-</em></strong></span> <span class='ocrx_word' id='word_1_507' title='bbox 1382 3826 1388 3838; x_wconf 67' lang='grc'><strong><em>,</em></strong></span> 
     </span>
     <span class='ocr_line' id='line_1_44' title="bbox 78 3835 1303 3946; baseline 0.003 -40"><span class='ocrx_word' id='word_1_508' title='bbox 78 3843 116 3908; x_wconf 84' lang='grc' dir='ltr'><strong><em>τά</em></strong></span> <span class='ocrx_word' id='word_1_509' title='bbox 127 3844 287 3924; x_wconf 83' lang='grc' dir='ltr'><strong><em>κενοτάφια</em></strong></span> <span class='ocrx_word' id='word_1_510' title='bbox 299 3845 348 3908; x_wconf 76' lang='grc' dir='ltr'><strong><em>ἐπὶ</em></strong></span> <span class='ocrx_word' id='word_1_511' title='bbox 357 3849 410 3928; x_wconf 76' lang='grc' dir='ltr'><strong><em>τῆς</em></strong></span> <span class='ocrx_word' id='word_1_512' title='bbox 420 3844 526 3929; x_wconf 78' lang='grc' dir='ltr'><strong><em>κλίνης,</em></strong></span> <span class='ocrx_word' id='word_1_513' title='bbox 537 3845 589 3909; x_wconf 85' lang='grc' dir='ltr'><strong><em>καί</em></strong></span> <span class='ocrx_word' id='word_1_514' title='bbox 601 3835 684 3929; x_wconf 80' lang='grc' dir='ltr'><strong><em>ἧπαρ</em></strong></span> <span class='ocrx_word' id='word_1_515' title='bbox 716 3852 781 3910; x_wconf 91' lang='grc' dir='ltr'><strong><em>τίον</em></strong></span> <span class='ocrx_word' id='word_1_516' title='bbox 793 3871 859 3928; x_wconf 91' lang='grc' dir='ltr'><strong><em>μου.</em></strong></span> <span class='ocrx_word' id='word_1_517' title='bbox 885 3846 936 3909; x_wconf 86' lang='grc' dir='ltr'><strong><em>καί</em></strong></span> <span class='ocrx_word' id='word_1_518' title='bbox 953 3850 984 3908; x_wconf 87' lang='grc' dir='ltr'><strong><em>τί</em></strong></span> <span class='ocrx_word' id='word_1_519' title='bbox 1002 3840 1048 3909; x_wconf 79' lang='grc' dir='ltr'><strong><em>ὅτι</em></strong></span> <span class='ocrx_word' id='word_1_520' title='bbox 1067 3839 1172 3927; x_wconf 76' lang='grc' dir='ltr'><strong><em>κρύψει</em></strong></span> <span class='ocrx_word' id='word_1_521' title='bbox 1191 3840 1303 3946; x_wconf 83' lang='grc' dir='ltr'><strong><em>ὁπατὴ</em></strong></span> 
     </span>
     <span class='ocr_line' id='line_1_45' title="bbox 78 3925 1323 4013; baseline 0.001 -23"><span class='ocrx_word' id='word_1_522' title='bbox 78 3931 136 3991; x_wconf 82' lang='grc' dir='ltr'><strong><em>τών</em></strong></span> <span class='ocrx_word' id='word_1_523' title='bbox 149 3931 244 4004; x_wconf 82' lang='grc' dir='ltr'><strong><em>αίγών</em></strong></span> <span class='ocrx_word' id='word_1_524' title='bbox 256 3926 334 4012; x_wconf 86' lang='grc' dir='ltr'><strong><em>πρὸς</em></strong></span> <span class='ocrx_word' id='word_1_525' title='bbox 343 3927 472 4011; x_wconf 74' lang='grc' dir='ltr'><strong><em>κεφαλῆς</em></strong></span> <span class='ocrx_word' id='word_1_526' title='bbox 482 3925 586 3993; x_wconf 80' lang='grc' dir='ltr'><strong><em>αὐτοῦ.</em></strong></span> <span class='ocrx_word' id='word_1_527' title='bbox 600 3930 686 4004; x_wconf 75' lang='grc' dir='ltr'><strong><em>17καί</em></strong></span> <span class='ocrx_word' id='word_1_528' title='bbox 715 3955 774 4011; x_wconf 91' lang='grc' dir='ltr'><strong><em>μου</em></strong></span> <span class='ocrx_word' id='word_1_529' title='bbox 797 3927 847 3993; x_wconf 81' lang='grc' dir='ltr'><strong><em>ἀπ’</em></strong></span> <span class='ocrx_word' id='word_1_530' title='bbox 875 3932 951 4013; x_wconf 84' lang='grc' dir='ltr'><strong><em>ἐμοῦ</em></strong></span> <span class='ocrx_word' id='word_1_531' title='bbox 972 3925 1007 3993; x_wconf 85' lang='grc' dir='ltr'><strong><em>τὸ</em></strong></span> <span class='ocrx_word' id='word_1_532' title='bbox 1030 3953 1108 4012; x_wconf 85' lang='grc' dir='ltr'><strong><em>ρημα</em></strong></span> <span class='ocrx_word' id='word_1_533' title='bbox 1129 3930 1222 3992; x_wconf 84' lang='grc' dir='ltr'><strong><em>τοῦτο</em></strong></span> <span class='ocrx_word' id='word_1_534' title='bbox 1228 3957 1240 4006; x_wconf 92' lang='grc'><strong><em>,·</em></strong></span> <span class='ocrx_word' id='word_1_535' title='bbox 1268 3954 1323 3993; x_wconf 90' lang='grc' dir='ltr'><strong><em>ουκ</em></strong></span> 
     </span>
     <span class='ocr_line' id='line_1_46' title="bbox 79 4005 1323 4102; baseline 0.003 -31"><span class='ocrx_word' id='word_1_536' title='bbox 79 4007 139 4076; x_wconf 78' lang='grc' dir='ltr'><strong><em>εἶπε</em></strong></span> <span class='ocrx_word' id='word_1_537' title='bbox 150 4009 260 4074; x_wconf 87' lang='grc' dir='ltr'><strong><em>Σαούλ</em></strong></span> <span class='ocrx_word' id='word_1_538' title='bbox 273 4015 309 4102; x_wconf 77' lang='grc' dir='ltr'><strong><em>τῇ</em></strong></span> <span class='ocrx_word' id='word_1_539' title='bbox 322 4005 453 4094; x_wconf 89' lang='grc' dir='ltr'><strong><em>Μελχόλ.</em></strong></span> <span class='ocrx_word' id='word_1_540' title='bbox 494 4014 575 4078; x_wconf 81' lang='grc' dir='ltr'><strong><em>ίνατί</em></strong></span> <span class='ocrx_word' id='word_1_541' title='bbox 586 4008 684 4086; x_wconf 72' lang='grc' dir='ltr'><strong><em>οὕτως</em></strong></span> <span class='ocrx_word' id='word_1_542' title='bbox 716 4018 779 4079; x_wconf 67' lang='grc' dir='ltr'><strong><em>ε”στι</em></strong></span> <span class='ocrx_word' id='word_1_543' title='bbox 793 4016 895 4084; x_wconf 83' lang='grc' dir='ltr'><strong><em>τοῦτο.Ι</em></strong></span> <span class='ocrx_word' id='word_1_544' title='bbox 924 4013 995 4076; x_wconf 72' lang='grc' dir='ltr'><strong><em>3καί</em></strong></span> <span class='ocrx_word' id='word_1_545' title='bbox 1009 4009 1157 4096; x_wconf 84' lang='grc' dir='ltr'><strong><em>ἀπεκρίθη</em></strong></span> <span class='ocrx_word' id='word_1_546' title='bbox 1171 4013 1267 4077; x_wconf 80' lang='grc' dir='ltr'><strong><em>Δαυίδ</em></strong></span> <span class='ocrx_word' id='word_1_547' title='bbox 1280 4016 1323 4092; x_wconf 79' lang='grc' dir='ltr'><strong><em>τῷ</em></strong></span> 
     </span>
     <span class='ocr_line' id='line_1_47' title="bbox 77 4089 1323 4177; baseline -0.001 -20"><span class='ocrx_word' id='word_1_548' title='bbox 77 4092 263 4177; x_wconf 89' lang='grc' dir='ltr'><strong><em>παρελογίσω</em></strong></span> <span class='ocrx_word' id='word_1_549' title='bbox 274 4118 319 4176; x_wconf 89' lang='grc' dir='ltr'><strong><em>με,</em></strong></span> <span class='ocrx_word' id='word_1_550' title='bbox 332 4097 383 4158; x_wconf 88' lang='grc' dir='ltr'><strong><em>καί</em></strong></span> <span class='ocrx_word' id='word_1_551' title='bbox 405 4096 611 4171; x_wconf 76' lang='grc' dir='ltr'><strong><em>ἐξαπέστειλας</em></strong></span> <span class='ocrx_word' id='word_1_552' title='bbox 628 4092 683 4160; x_wconf 84' lang='grc' dir='ltr'><strong><em>τδν</em></strong></span> <span class='ocrx_word' id='word_1_553' title='bbox 713 4093 873 4173; x_wconf 86' lang='grc' dir='ltr'><strong><em>Ἰωνάθαν,</em></strong></span> <span class='ocrx_word' id='word_1_554' title='bbox 887 4097 939 4159; x_wconf 85' lang='grc' dir='ltr'><strong><em>καί</em></strong></span> <span class='ocrx_word' id='word_1_555' title='bbox 956 4094 1026 4161; x_wconf 83' lang='grc' dir='ltr'><strong><em>είπε.</em></strong></span> <span class='ocrx_word' id='word_1_556' title='bbox 1052 4089 1201 4173; x_wconf 78' lang='grc' dir='ltr'><strong><em>γινώσκων</em></strong></span> <span class='ocrx_word' id='word_1_557' title='bbox 1214 4094 1292 4159; x_wconf 79' lang='grc' dir='ltr'><strong><em>οἶδεν</em></strong></span> <span class='ocrx_word' id='word_1_558' title='bbox 1305 4089 1323 4156; x_wconf 85' lang='grc' dir='ltr'>ὁ</span> 
     </span>
     <span class='ocr_line' id='line_1_48' title="bbox 78 4173 1322 4266; baseline 0 -27"><span class='ocrx_word' id='word_1_559' title='bbox 78 4173 187 4263; x_wconf 78' lang='grc' dir='ltr'><strong><em>ε’χθρύν</em></strong></span> <span class='ocrx_word' id='word_1_560' title='bbox 205 4202 281 4261; x_wconf 84' lang='grc' dir='ltr'><strong><em>μου,</em></strong></span> <span class='ocrx_word' id='word_1_561' title='bbox 306 4178 359 4242; x_wconf 84' lang='grc' dir='ltr'><strong><em>καὶ</em></strong></span> <span class='ocrx_word' id='word_1_562' title='bbox 381 4173 528 4260; x_wconf 61' lang='grc' dir='ltr'><strong><em>διεσώθη·</em></strong></span> <span class='ocrx_word' id='word_1_563' title='bbox 553 4182 605 4244; x_wconf 86' lang='grc' dir='ltr'><strong><em>καί</em></strong></span> <span class='ocrx_word' id='word_1_564' title='bbox 622 4176 683 4242; x_wconf 80' lang='grc' dir='ltr'><strong><em>εἷπε</em></strong></span> <span class='ocrx_word' id='word_1_565' title='bbox 714 4175 816 4264; x_wconf 75' lang='grc' dir='ltr'><strong><em>πατ’ρ</em></strong></span> <span class='ocrx_word' id='word_1_566' title='bbox 841 4205 905 4253; x_wconf 87' lang='grc' dir='ltr'><strong><em>σου,</em></strong></span> <span class='ocrx_word' id='word_1_567' title='bbox 932 4174 978 4243; x_wconf 77' lang='grc' dir='ltr'><strong><em>ὅτι</em></strong></span> <span class='ocrx_word' id='word_1_568' title='bbox 999 4175 1107 4266; x_wconf 86' lang='grc' dir='ltr'><strong><em>εῦρηνα</em></strong></span> <span class='ocrx_word' id='word_1_569' title='bbox 1127 4175 1212 4263; x_wconf 84' lang='grc' dir='ltr'><strong><em>χάριν</em></strong></span> <span class='ocrx_word' id='word_1_570' title='bbox 1236 4180 1266 4240; x_wconf 87' lang='grc' dir='ltr'><strong><em>ἐν</em></strong></span> <span class='ocrx_word' id='word_1_571' title='bbox 1288 4174 1322 4240; x_wconf 86' lang='grc' dir='ltr'><strong><em>ὀ·</em></strong></span> 
     </span>
     <span class='ocr_line' id='line_1_49' title="bbox 78 4208 1324 4344; baseline -0.001 -21"><span class='ocrx_word' id='word_1_572' title='bbox 78 4260 262 4344; x_wconf 79' lang='grc' dir='ltr'><strong><em>Μελχδλτῷ</em></strong></span> <span class='ocrx_word' id='word_1_573' title='bbox 273 4256 389 4324; x_wconf 87' lang='grc' dir='ltr'><strong><em>Σαούλ.</em></strong></span> <span class='ocrx_word' id='word_1_574' title='bbox 416 4257 612 4338; x_wconf 79' lang='grc' dir='ltr'><strong><em>αῦτὸςείπεν,</em></strong></span> <span class='ocrx_word' id='word_1_575' title='bbox 637 4263 682 4336; x_wconf 76' lang='grc' dir='ltr'><strong><em>ἐξ·</em></strong></span> <span class='ocrx_word' id='word_1_576' title='bbox 714 4208 867 4343; x_wconf 79' lang='grc' dir='ltr'><strong><em>φθαλμοῖς</em></strong></span> <span class='ocrx_word' id='word_1_577' title='bbox 890 4288 956 4337; x_wconf 92' lang='grc' dir='ltr'><strong><em>σου,</em></strong></span> <span class='ocrx_word' id='word_1_578' title='bbox 981 4264 1034 4328; x_wconf 82' lang='grc' dir='ltr'><strong><em>καί</em></strong></span> <span class='ocrx_word' id='word_1_579' title='bbox 1055 4261 1126 4326; x_wconf 79' lang='grc' dir='ltr'><strong><em>εἶπε.</em></strong></span> <span class='ocrx_word' id='word_1_580' title='bbox 1152 4261 1191 4341; x_wconf 84' lang='grc' dir='ltr'><strong><em>μὴ</em></strong></span> <span class='ocrx_word' id='word_1_581' title='bbox 1213 4263 1324 4335; x_wconf 79' lang='grc' dir='ltr'><strong><em>γνῶναι</em></strong></span> 
     </span>
     <span class='ocr_line' id='line_1_50' title="bbox 77 4337 1325 4427; baseline -0.002 -20"><span class='ocrx_word' id='word_1_582' title='bbox 77 4338 254 4408; x_wconf 88' lang='grc' dir='ltr'><strong><em>απάστειλόν</em></strong></span> <span class='ocrx_word' id='word_1_583' title='bbox 264 4369 308 4425; x_wconf 89' lang='grc' dir='ltr'><strong><em>με,</em></strong></span> <span class='ocrx_word' id='word_1_584' title='bbox 321 4347 345 4407; x_wconf 88' lang='grc' dir='ltr'><strong><em>εί</em></strong></span> <span class='ocrx_word' id='word_1_585' title='bbox 358 4342 390 4408; x_wconf 84' lang='grc' dir='ltr'><strong><em>δὲ</em></strong></span> <span class='ocrx_word' id='word_1_586' title='bbox 400 4341 451 4427; x_wconf 89' lang='grc' dir='ltr'><strong><em>μὴ,</em></strong></span> <span class='ocrx_word' id='word_1_587' title='bbox 458 4342 630 4410; x_wconf 88' lang='grc' dir='ltr'><strong><em>θανατώσισ</em></strong></span> <span class='ocrx_word' id='word_1_588' title='bbox 643 4366 681 4406; x_wconf 90' lang='grc' dir='ltr'><strong><em>σε.</em></strong></span> <span class='ocrx_word' id='word_1_589' title='bbox 713 4348 805 4408; x_wconf 87' lang='grc' dir='ltr'><strong><em>τοῦτο</em></strong></span> <span class='ocrx_word' id='word_1_590' title='bbox 816 4343 977 4417; x_wconf 87' lang='grc' dir='ltr'><strong><em>Ἰωνάθαν,</em></strong></span> <span class='ocrx_word' id='word_1_591' title='bbox 983 4344 1023 4426; x_wconf 91' lang='grc' dir='ltr'><strong><em>μὴ</em></strong></span> <span class='ocrx_word' id='word_1_592' title='bbox 1035 4343 1071 4407; x_wconf 84' lang='grc' dir='ltr'><strong><em>ού</em></strong></span> <span class='ocrx_word' id='word_1_593' title='bbox 1080 4338 1232 4427; x_wconf 75' lang='grc' dir='ltr'><strong><em>βούληται.</em></strong></span> <span class='ocrx_word' id='word_1_594' title='bbox 1247 4337 1325 4404; x_wconf 77' lang='grc' dir='ltr'><strong><em>ἀλλὰ</em></strong></span> 
     </span>
     <span class='ocr_line' id='line_1_51' title="bbox 76 4418 1326 4516; baseline -0.003 -28"><span class='ocrx_word' id='word_1_595' title='bbox 76 4431 101 4472; x_wconf 81' lang='lat'><strong><em>¹⁸</em></strong></span> <span class='ocrx_word' id='word_1_596' title='bbox 115 4429 167 4492; x_wconf 82' lang='grc' dir='ltr'><strong><em>καὶ</em></strong></span> <span class='ocrx_word' id='word_1_597' title='bbox 187 4428 284 4490; x_wconf 84' lang='grc' dir='ltr'><strong><em>Λαυίδ</em></strong></span> <span class='ocrx_word' id='word_1_598' title='bbox 303 4428 388 4506; x_wconf 81' lang='grc' dir='ltr'><strong><em>ἔφυγε</em></strong></span> <span class='ocrx_word' id='word_1_599' title='bbox 406 4430 458 4492; x_wconf 85' lang='grc' dir='ltr'><strong><em>καί</em></strong></span> <span class='ocrx_word' id='word_1_600' title='bbox 469 4422 608 4509; x_wconf 86' lang='grc' dir='ltr'><strong><em>διεσώθη,</em></strong></span> <span class='ocrx_word' id='word_1_601' title='bbox 633 4429 684 4490; x_wconf 87' lang='grc' dir='ltr'><strong><em>καί</em></strong></span> <span class='ocrx_word' id='word_1_602' title='bbox 714 4428 748 4508; x_wconf 84' lang='grc' dir='ltr'><strong><em>ζῆ</em></strong></span> <span class='ocrx_word' id='word_1_603' title='bbox 759 4422 859 4509; x_wconf 78' lang='grc' dir='ltr'><strong><em>κύριος</em></strong></span> <span class='ocrx_word' id='word_1_604' title='bbox 871 4428 923 4490; x_wconf 84' lang='grc' dir='ltr'><strong><em>καί</em></strong></span> <span class='ocrx_word' id='word_1_605' title='bbox 936 4429 971 4516; x_wconf 76' lang='grc' dir='ltr'><strong><em>ζῇ</em></strong></span> <span class='ocrx_word' id='word_1_606' title='bbox 984 4423 1001 4505; x_wconf 83' lang='grc' dir='ltr'><strong><em>ὴ</em></strong></span> <span class='ocrx_word' id='word_1_607' title='bbox 1017 4418 1096 4504; x_wconf 85' lang='grc' dir='ltr'><strong><em>ψυχὴ</em></strong></span> <span class='ocrx_word' id='word_1_608' title='bbox 1110 4447 1166 4485; x_wconf 92' lang='grc' dir='ltr'><strong><em>σου</em></strong></span> <span class='ocrx_word' id='word_1_609' title='bbox 1176 4469 1186 4495; x_wconf 92' lang='grc'><strong><em>,</em></strong></span> <span class='ocrx_word' id='word_1_610' title='bbox 1211 4418 1259 4482; x_wconf 79' lang='grc' dir='ltr'><strong><em>ὅτι</em></strong></span> <span class='ocrx_word' id='word_1_611' title='bbox 1271 4447 1326 4484; x_wconf 86' lang='grc' dir='ltr'><strong><em>κα-</em></strong></span> 
     </span>
     <span class='ocr_line' id='line_1_52' title="bbox 75 4497 1341 4599; baseline -0.006 -26"><span class='ocrx_word' id='word_1_612' title='bbox 75 4515 267 4595; x_wconf 85' lang='grc' dir='ltr'><strong><em>παραγίνεται</em></strong></span> <span class='ocrx_word' id='word_1_613' title='bbox 280 4505 357 4592; x_wconf 84' lang='grc' dir='ltr'><strong><em>πρὸς</em></strong></span> <span class='ocrx_word' id='word_1_614' title='bbox 368 4505 511 4589; x_wconf 78' lang='grc' dir='ltr'><strong><em>Σαμουὴλ</em></strong></span> <span class='ocrx_word' id='word_1_615' title='bbox 526 4513 564 4584; x_wconf 81' lang='grc' dir='ltr'><strong><em>είς</em></strong></span> <span class='ocrx_word' id='word_1_616' title='bbox 572 4506 680 4592; x_wconf 82' lang='grc' dir='ltr'><strong><em>Ἅρμα·</em></strong></span> <span class='ocrx_word' id='word_1_617' title='bbox 714 4497 780 4583; x_wconf 74' lang='grc' dir='ltr'><strong><em>θ’ώς</em></strong></span> <span class='ocrx_word' id='word_1_618' title='bbox 793 4507 892 4580; x_wconf 74' lang='grc' dir='ltr'><strong><em>εἷπον,</em></strong></span> <span class='ocrx_word' id='word_1_619' title='bbox 917 4505 1123 4587; x_wconf 79' lang='grc' dir='ltr'><strong><em>ἐμπέπλησται</em></strong></span> <span class='ocrx_word' id='word_1_620' title='bbox 1135 4500 1281 4578; x_wconf 83' lang='grc' dir='ltr'><strong><em>ἀναμέσσν</em></strong></span> <span class='ocrx_word' id='word_1_621' title='bbox 1294 4505 1341 4599; x_wconf 38' lang='grc' dir='ltr'><strong><em>ἐζ</em></strong></span> 
     </span>
     <span class='ocr_line' id='line_1_53' title="bbox 1288 4602 1350 4660; baseline -0.048 -17"><span class='ocrx_word' id='word_1_622' title='bbox 1288 4602 1350 4660; x_wconf 64' lang='grc' dir='ltr'><strong><em>μου</em></strong></span> 
     </span>
    </p>
   </div>
   <div class='ocr_carea' id='block_1_3' title="bbox 0 0 1466 4972">
    <p class='ocr_par' dir='ltr' id='par_1_3' title="bbox 0 0 1466 4972">
     <span class='ocr_line' id='line_1_54' title="bbox 0 0 1466 4972; baseline 0 1"><span class='ocrx_word' id='word_1_623' title='bbox 0 0 1466 4972; x_wconf 95' lang='lat' dir='ltr'><strong><em> </em></strong></span> 
     </span>
    </p>
   </div>
  </div>
 </body>
</html>
