2924 4972
394 212 687 280 ΒΑτιΛσιαΝ
707 214 863 274 ννινει
901 214 977 288 περ.
990 210 1026 286 γ’.
1040 211 1069 274 3.

108 335 203 412 ἄκραν
215 334 335 408 ίπαλξιν
346 328 389 396 ἐπ’
405 327 510 409 αὐτῆς,
528 327 646 407 διέκοψε
658 322 713 408 τὴν
745 324 849 409 ἀνέστη
860 327 948 408 Σεμεῒ
957 329 1008 390 καί
1017 329 1141 402 ἐπέσαξε
1154 324 1207 408 την
1216 325 1288 390 ὅνον
1299 326 1353 392 αύ-

106 414 197 483 πόλιν
209 416 313 479 Δαυίδ.
334 410 429 484 οὕτως
440 404 578 490 θυγάτηρ
594 407 711 492 Φαραὼ
744 404 1353 494 τοῦ,καίἐπορεύθηεὶςΓίθπρόςἈνχούς

108 500 257 584 ἀνέβαινεν
268 501 299 561 ἐκ
313 500 364 578 της
375 489 490 563 πόλεως
499 490 598 554 Λαυίδ
609 494 648 563 εἷς
660 489 712 553 τὸν
744 496 799 555 τοῦ
825 494 980 576 ἕκζητηοαι
1005 490 1074 566 τοὺς
1099 487 1225 566 δούλους
1245 491 1352 558 αὑτοῦ.

109 581 194 648 οίκον
220 579 327 676 αὐτης,
352 572 387 638 δν
412 569 600 657 ᾠκοδόμησεν
623 570 710 664 αὐτῇ.
743 575 794 637 καί
812 572 962 660 ἐπορεύθη
976 575 1077 658 Σεμεῒ,
1104 577 1155 639 καὶ
1173 573 1265 658 ἤγαγε
1281 574 1353 652 τούς

108 661 176 730 τότε
193 662 357 747 ᾠκοδομησε
377 654 430 738 την
448 654 557 740 άκραν,
583 658 634 720 καὶ
645 661 712 718 Σα-
743 650 870 730 δούλους
891 654 987 722 αιἰτοῦ
1001 663 1032 723 ἐκ
1044 663 1078 720 Γ
1075 661 1122 722 ε’θ.
1149 656 1352 742 41καὶοίιεηγ-

109 744 215 826 λωμιύν
239 741 357 823 ἀνέφερε
381 750 458 822 τρεῖς
476 741 507 803 έν
525 743 568 822 τῷ
586 741 712 820 ἐνιαυτῷ
743 740 817 822 γε’λη
829 745 874 822 τῷ
885 740 1051 820 Σαλωμών,
1063 741 1204 818 λέγοντες.
1218 738 1265 806 δ’τι
1278 747 1352 807 ἐπο-

107 818 317 896 ὁλοκαυτώσεις
329 824 380 886 καί
392 820 535 906 εἰρηνικὰς
548 825 598 886 ἐπὶ
607 819 644 884 τό
654 831 712 884 θυ-
745 818 838 908 ρεύθη
851 823 943 904 Σεμεῒ
958 826 988 899 ἐξ
1001 821 1169 928 Ἶερουσαλ“
1174 853 1195 905 μ
1215 830 1255 900 είς
1270 831 1303 888 Γ
1301 825 1351 900 ε’θ,

103 900 488 989 ’σιαστηριονόῴκοδόμησε
498 909 543 988 τῴ
551 909 652 989 κυρίῳ,
663 904 713 968 καὶ
744 906 795 970 καὶ
823 904 984 989 ἀνέστρεψε
1008 932 1079 980 τους
1104 851 1229 982 δούλους
1246 906 1349 972 αὐτοῦ.

107 994 216 1072 ε’θυμία
228 984 355 1053 ἐνώπιον
367 994 479 1093 κυρίου,
492 992 542 1052 καί
552 986 712 1053 συνετελεσε
744 988 776 1030 ⁴²
789 990 840 1052 καί
857 985 1026 1052 ἀπέστειλεν
1042 985 1059 1052 5
1071 985 1208 1072 βασιλεὺς
1220 993 1271 1055 καί
1283 987 1350 1055 ε’κά-

103 1070 158 1138 τόν
174 1069 263 1136 οἷκον.
303 1073 355 1134 καί
372 1096 457 1136 ουτοι
476 1075 508 1137 οῖ
527 1069 665 1154 άρχοντες
683 1073 713 1133 οί
744 1071 807 1135 λεσε
824 1067 877 1135 τόν
888 1072 988 1172 Σεμεῒ,
1013 1071 1065 1134 καὶ
1081 1069 1143 1135 εἷπε
1159 1071 1236 1152 πρὸς
1248 1070 1350 1137 αὐτόν.

104 1156 317 1235 καθισταμένοι
335 1157 385 1219 ἐπὶ
397 1151 436 1219 τά
449 1157 522 1238 ε”ρμα
534 1158 589 1217 τοῦ
602 1152 712 1218 Σαλω-
745 1151 811 1237 οὐχί
827 1149 940 1239 άίρκισα
952 1179 982 1218 σε
994 1150 1073 1217 κατὰ
1088 1157 1144 1216 τοῦ
1156 1160 1276 1238 κυρίου,
1299 1158 1352 1219 καὶ

104 1237 182 1322 μιίιν,
195 1249 272 1324 τρεῖς
288 1234 411 1322 χιλιάδες
423 1241 474 1301 καί
485 1233 632 1314 ἑξακόσιοι
648 1239 713 1299 ε’πι-
744 1235 986 1322 ἐπεμαρτυράμην
1004 1262 1066 1310 σοι,
1092 1235 1194 1313 λέγων.
1228 1239 1258 1299 ίν
1276 1229 1295 1321 ᾗ
1315 1236 1351 1300 οίν

105 1317 212 1386 στάται
236 1326 293 1386 τοῦ
311 1321 388 1385 λαοῦ
410 1325 470 1385 τῶν
486 1315 655 1386 ποιούντων
673 1313 712 1382 τά
745 1316 838 1405 ἡμέρη
850 1321 972 1402 ἐξέλθης
982 1316 1223 1402 έξἾερουσαλίημ,
1232 1321 1284 1383 καί
1293 1346 1351 1384 πο-

105 1407 188 1506 ἔργα.
204 1405 255 1468 καὶ
267 1399 434 1486 ᾠκοδόμησε
447 1399 649 1487 τηνἈσσούρ,
662 1403 713 1466 καί
744 1408 854 1495 ρευθῇς
866 1409 905 1478 είς
916 1392 996 1480 δι’ξιά
1009 1400 1026 1487 ἢ
1039 1407 1078 1476 εἰς
1088 1399 1244 1505 ἀριστερά,
1262 1399 1348 1479 γινώ-

104 1511 159 1569 την
170 1485 307 1563 Μαγδιό,
326 1491 376 1550 καί
388 1486 441 1568 την
453 1489 487 1549 Γ
484 1485 552 1567 αζέρ
558 1536 568 1563 ,
594 1488 645 1549 καί
657 1482 713 1566 την
745 1511 822 1550 οκων
847 1484 948 1577 γνιόση
973 1483 1020 1550 ὅτι
1042 1495 1168 1566 θανατῳ
1187 1492 1333 1578 αποθανῇ
1339 1516 1348 1564 ,·

105 1566 283 1652 Βαιθωριόν
301 1564 418 1642 ἐπάνω,
443 1571 550 1633 καὶτὰ
568 1561 710 1631 Βαλλάθ.
744 1569 776 1611 ⁴³
788 1570 838 1632 καί
855 1576 887 1633 τί
903 1567 951 1633 ὅτι
968 1566 1023 1633 ούκ
1037 1563 1184 1648 ε’φύλαξας
1196 1567 1249 1632 τὸν
1261 1565 1351 1654 ὅρκον

104 1650 184 1737 πλην
199 1651 273 1735 μετὰ
290 1649 327 1715 τό
346 1651 540 1734 οἰκοδομῆσαι
554 1647 647 1716 αὐτόν
659 1645 712 1713 τόν
744 1657 861 1737 κυρίου,
885 1654 936 1717 καί
955 1651 1009 1735 τὴν
1023 1649 1143 1732 ἐντολὴν
1163 1647 1198 1733 ἣν
1209 1648 1347 1716 ἐνετειλά-

105 1735 188 1801 οίκον
213 1739 269 1799 τοῦ
286 1760 322 1798 κυ
342 1740 403 1808 ίου,
429 1733 532 1799 καὶτὸ
549 1745 642 1818 τεῖχος
654 1731 710 1796 Ἶε-
742 1759 799 1820 μην
809 1731 888 1799 κατά
900 1740 955 1800 σού
960 1765 973 1814 ,-
994 1733 1083 1797 4’λκαί
1096 1732 1173 1798 εἶπεν
1187 1731 1204 1797 5
1216 1732 1346 1820 βασιλεὺς

105 1816 260 1904 ρουσαλημ
274 1759 382 1899 κύκλῳ,
400 1815 474 1899 μετὰ
486 1821 584 1881 ταῦτα
596 1811 712 1900 ᾠκοδό-
742 1817 929 1902 πρόςΣεμεΐ.
957 1814 992 1883 ού
1011 1815 1094 1891 οἶδας
1112 1814 1345 1899 πάσαντηνκα-

104 1925 178 1985 μησε
190 1898 243 1972 τὰς
256 1893 354 1974 πόλεις
367 1895 487 1975 ταύτας.
502 1901 552 1964 καί
565 1904 597 1964 ἒν
611 1903 655 1981 τῷ
668 1902 710 1962 ἔτι
742 1906 809 1965 κίαν
834 1926 890 1965 σου
917 1895 952 1983 ἣν
975 1898 1052 1964 οἶδεν
1072 1897 1091 1983 ἡ
1109 1899 1217 1982 καρδία
1234 1924 1301 1976 σου,
1328 1894 1348 1959 ἃ

106 1983 204 2049 Δαυίδ
220 1984 285 2070 ζῇν,
311 1984 474 2048 ἐνετείλατο
488 1988 530 2065 τῷ
544 1977 709 2065 Σαλωμών,
743 1987 885 2066 ἐποίησας
901 1983 999 2049 Δαυίδ
1020 1989 1064 2067 τῷ
1083 1989 1177 2065 πατρί
1194 2008 1272 2063 μου,
1298 1986 1347 2049 καί

104 2065 208 2141 λέγων.
223 2063 288 2130 ἰδού
300 2062 374 2149 μετά
386 2071 441 2131 σοῦ
450 2067 540 2148 Σεμεῒ
549 2063 612 2140 υἱός
621 2062 709 2148 Γηρά
742 2064 929 2132 ἇνταπέδωκε
947 2062 1047 2150 κύριος
1062 2062 1115 2148 την
1127 2071 1232 2130 κακίαν
1244 2093 1297 2132 σου
1310 2071 1346 2142 είς

106 2147 172 2222 υἱός
184 2153 241 2213 τοῦ
254 2153 421 2235 σπέρματος
431 2155 487 2214 τοῦ
498 2149 636 2234 Ἰεμενίίκ
647 2154 709 2212 Χε-
742 2148 875 2233 κεφαλήν
888 2177 950 2215 σου.
989 2150 1020 2192 ⁴⁵
1033 2151 1085 2213 καί
1103 2145 1121 2212 5
1133 2146 1269 2233 βασιλεὺς
1281 2158 1348 2214 Σα-

105 2227 195 2318 βρών.
223 2224 312 2307 οὗτος
324 2228 517 2319 κατηράσατό
528 2259 563 2316 με
575 2227 710 2317 κατάραν
742 2231 849 2317 λωμών
861 2231 1063 2317 εὐλογημένος,
1073 2233 1124 2296 καί
1135 2228 1153 2296 5
1163 2228 1273 2316 θρόνος
1282 2238 1346 2297 Δα-

106 2312 253 2399 όδυνηράν
275 2319 307 2381 ἐν
322 2308 342 2404 ᾗ
360 2314 455 2400 ἡμέρη
474 2311 653 2402 ἐπορευόμην
671 2319 710 2388 εἰς
742 2318 789 2381 υὶδ
810 2321 892 2382 ἔσται
909 2321 1027 2397 ἕτοιμος
1042 2309 1168 2381 ἐνώπιον
1185 2321 1290 2398 κυρίου
1308 2320 1347 2390 είς

106 2396 308 2484 παρεμβολάς,
327 2404 378 2464 καί
390 2400 481 2475 αὐτὸς
493 2403 659 2505 κατέβαινεν
671 2402 711 2472 εἰς
742 2396 795 2464 τόν
809 2404 912 2465 αἰῶνα.
944 2401 977 2442 ⁴⁶
991 2401 1043 2464 καί
1055 2396 1215 2463 ἐνετείλατο
1230 2394 1246 2461 5
1260 2402 1348 2484 βασι-

105 2479 242 2566 άπαντην
265 2510 315 2565 μοι
334 2484 386 2548 ἐπὶ
402 2481 454 2550 τόν
468 2481 635 2568 Ἰορδάνην,
660 2483 710 2547 καὶ
742 2483 971 2567 λεδςΣαλωμών
980 2488 1023 2564 τῷ
1033 2487 1157 2564 Βαναίᾳ
1170 2484 1225 2563 υἱῷ
1233 2480 1347 2564 Ἰωδοιὲ,

105 2564 211 2647 ὤμοσα
228 2565 314 2650 αὐτῷ
331 2564 409 2631 κατά
422 2572 479 2633 τοῦ
492 2574 594 2652 κυρίου
606 2567 709 2644 λέγων,
739 2570 792 2632 καί
811 2568 916 2651 ἐξῆλθε
929 2569 981 2633 καί
992 2566 1100 2632 ἀνεῖλεν
1119 2562 1221 2629 αὐτόν.
1249 2570 1299 2630 καί
1312 2565 1348 2650 ἦν

105 2652 130 2711 εἰ
154 2645 405 2731 θανατωθησεται
431 2653 624 2750 ἓν,ρόμφαίη.
660 2651 710 2713 καί
743 2647 906 2737 όβασιλεύς
914 2648 1072 2733 Σαλωμιόν
1082 2647 1221 2733 φρόνιμος
1230 2647 1348 2733 σφόδρα

106 2735 164 2827 νῦν
182 2730 222 2810 μὴ
248 2727 400 2822 ἀθωεύσης
426 2729 533 2807 αὐτον,
559 2730 606 2796 ὅτι
632 2730 708 2816 ἀνὴρ
741 2736 792 2799 καί
802 2731 903 2816 σοφός.
914 2730 1073 2800 καὶἸούδα
1083 2734 1133 2796 καί
1141 2731 1262 2817 Ἰσραὴλ
1271 2735 1348 2800 πολ-

105 2835 243 2895 φρονιμος
256 2807 301 2876 σύ.
315 2816 366 2875 καί
376 2809 475 2904 μνιόση
487 2811 647 2898 ἃποιησεις
657 2813 707 2878 αὖ·
741 2815 791 2882 λοί
804 2814 931 2901 σφόδρα,
945 2817 985 2894 ὡς
997 2815 1015 2902 ἦ
1029 2816 1125 2902 άμμος
1139 2814 1216 2899 ἡίπὶ
1225 2823 1347 2900 τηςθα-

105 2896 159 2975 τῷ,
176 2894 227 2957 καί
239 2890 371 2970 κατάξας
382 2892 437 2979 την
449 2895 558 2961 πολιὰν
570 2895 667 2962 αὐτοῦ
679 2899 710 2961 ἐν
741 2895 854 2984 λάσσης
866 2907 905 2976 είς
917 2901 1046 2985 πλῆθος,
1072 2903 1222 2973 ἐσθίοντες
1233 2901 1284 2964 καί
1295 2907 1348 2965 πί-

105 2981 207 3057 αἵματι
220 2982 258 3052 είς
272 2974 356 3060 ᾅδου.
375 2979 405 3021 ³⁶
415 2982 466 3042 καί
479 2975 609 3046 ἐκάλεσεν
623 2977 640 3045 5
652 2984 709 3060 βα·
742 3008 838 3065 νοντες
863 2988 913 3048 καί
938 2991 1093 3070 χαίροντες.
1122 2984 1173 3048 καί
1190 2981 1347 3067 Σαλωμιύν

105 3059 199 3135 σιλεύς
212 3057 617 3149 τόνΣεμεὶζκαὶείπεναύτῴ.
632 3066 709 3128 οίκο-
742 3065 778 3149 ἦν
797 3067 895 3151 άρχων
920 3072 951 3134 ἐν
968 3064 1079 3143 πάσαις
1095 3079 1159 3142 ταῖς
1176 3068 1345 3153 βασιλείαις.

104 3141 234 3227 δόμησον
251 3151 365 3227 σεαυτῷ
383 3142 710 3229 οίκονένἹερουσαλημ
741 3151 791 3213 καὶ
816 3151 893 3234 ἦσαν
917 3155 1132 3237 προςφίροντες
1158 3152 1257 3234 δῶρα,
1297 3153 1348 3217 καί

104 3229 155 3291 καί
167 3228 268 3292 κάθου
282 3231 349 3301 έκεῖ,
363 3230 414 3292 καί
426 3224 481 3294 ούκ
494 3226 623 3322 ἰξελεύση
637 3233 709 3294 ἐκεῖ·
741 3230 895 3318 ἐδούλευον
920 3241 964 3318 τῷ
989 3234 1147 3316 Σαλωμών
1171 3233 1272 3310 πάσας
1294 3235 1348 3310 τὰς

104 3320 159 3375 θεν
172 3309 313 3393 οὐδαμοῦ.
329 3312 414 3377 37καί
428 3315 509 3378 ἔσται
523 3317 554 3380 ἒν
564 3317 603 3407 τῇ
615 3310 709 3399 ἡμέρᾳ
743 3313 852 3403 ἡμέρας
864 3324 915 3402 της
925 3322 1000 3402 ζωης
1010 3318 1115 3384 αὐτοῦ.
1130 3315 1347 3402 καίΣαλωμιόν

103 3398 158 3477 της
175 3393 278 3470 ἐξόδου
295 3421 351 3460 σου
368 3399 419 3461 καὶ
436 3394 563 3485 διαβήσῃ
581 3398 635 3462 τὸν
651 3404 707 3482 χεί-
742 3399 853 3485 ἤρξατο
866 3400 994 3480 άνοίγειν
1008 3401 1047 3467 τό
1059 3402 1283 3505 δυναστεύματα
1294 3407 1348 3468 τοῦ

103 3479 217 3561 μαβρον
231 3479 367 3564 Κέδρων,
379 3476 531 3556 γινώσκων
541 3476 642 3574 μνιύση
661 3477 710 3546 ότι
741 3481 884 3571 Λιβάνου.
915 3487 967 3550 καί
992 3484 1083 3561 αὐτὸς
1107 3483 1277 3569 ᾠκοδομησε
1294 3483 1348 3566 την

101 3558 230 3644 ,θανάτῳ
244 3560 398 3656 ἀποθανῇ.
423 3561 457 3629 τό
471 3560 544 3645 αίμά
558 3571 709 3631 συνέσται
747 3571 858 3654 Θερμαί
867 3574 898 3634 ἐν
909 3574 948 3654 τῇ
959 3564 1067 3654 ἐρήμῳ.
1078 3571 1129 3631 καί
1139 3573 1231 3634 τοῦτο
1240 3568 1275 3631 τό
1284 3567 1347 3647 άρι-

104 3645 153 3707 ἐπὶ
169 3641 221 3724 την
233 3641 362 3747 κεφαλην
376 3673 439 3712 σου.
457 3651 507 3713 καὶ
520 3643 640 3732 ὥρκισεν
653 3645 707 3713 αύ-
742 3678 814 3717 στον
831 3658 875 3736 τῷ
890 3643 1056 3737 Σόιλωμοίν.
1083 3646 1243 3736 τριάκοντα
1261 3643 1346 3726 x59⁰t

104 3723 156 3788 τὸν
181 3723 198 3788 5
225 3727 361 3810 βασιλευς
387 3733 419 3795 ἐν
439 3734 478 3824 τῇ
496 3727 589 3817 ἡμέρη
606 3733 707 3822 ἐκείνῃ.
741 3732 930 3819 σεμιδάλεως,
943 3739 994 3801 καί
1006 3730 1147 3817 ἑξήκοντα
1160 3726 1244 3815 κόροι
1259 3724 1344 3792 ἀλεύ-

103 3806 135 3908 ἶθ
148 3810 204 3905 καὶι
221 3807 281 3873 εἶπε
297 3811 388 3894 Σεμεῒ
407 3810 482 3898 πρὸς
504 3811 556 3878 τόν
572 3815 707 3900 βασιλέα.
740 3821 1060 3904 ρουκεκοπαιίσμίνου.
1070 3817 1140 3881 δέκα
1150 3809 1255 3896 μόσχοι
1267 3811 1344 3875 ἐκλε-

100 3901 226 3964 αγαθον
238 3888 274 3954 τὸ
287 3894 368 3975 ῥῆμα
378 3891 397 3960 ὃ
407 3891 553 3998 ἔλάλησας
562 3894 645 3979 κύριί
652 3925 708 3979 μου
740 3904 815 3977 κτοί,
827 3903 879 3966 καί
891 3903 979 3966 εἴκοσι
992 3895 1059 3985 βόες
1071 3893 1201 3977 νομάδες,
1214 3897 1265 3956 καὶ
1276 3897 1345 3958 ἕκα-

102 3972 231 4056 βασιλεῦ.
257 3971 340 4040 ούτω
355 3974 467 4061 ποιησει
486 4005 504 4044 ο
522 3981 628 4057 δοῦλός
645 4007 706 4047 σου.
739 3982 793 4048 τὸν
805 3979 960 4069 πρόβατα,
982 3979 1066 4056 ἐκτός
1079 3975 1198 4058 ἐλάφων
1210 3978 1261 4042 καί
1274 3978 1344 4062 δορ-

102 4058 152 4119 καί
166 4052 286 4121 ἐκάθισε
298 4061 426 4140 Σεμεῒίν
434 4057 627 4148 Ἰερουσαλὴμ
638 4069 708 4146 τρία
739 4061 837 4130 κάδων
849 4067 900 4130 καί
910 4065 1042 4150 ὀρνίθων
1052 4063 1194 4128 ἐκλεκτῶν
1205 4056 1345 4142 νομάδων.

102 4138 162 4221 ἔτη.
186 4140 216 4182 ³⁹
230 4144 279 4204 καί
292 4140 414 4226 ἐγενηθη
426 4143 499 4225 μετὰ
512 4144 551 4211 τὰ
565 4155 634 4232 τρία
647 4150 707 4231 ἔτη,
739 4143 786 4213 δτι
802 4135 838 4230 ἦν
849 4147 947 4231 ίίρχων
958 4150 989 4210 ἐν
1002 4148 1092 4212 παντί
1103 4148 1201 4226 πέραν
1216 4150 1271 4210 του
1285 4171 1345 4210 πο-

104 4225 157 4319 καὶ1
172 4219 347 4308 ἀπέδρασαν
364 4221 419 4290 δύο
433 4227 533 4293 δοῦλοι
553 4237 608 4295 τοῦ
622 4231 712 4313 Σεμεῒ
739 4234 836 4313 ταμοῦ
854 4227 917 4295 άπὸ
930 4227 1023 4311 Ῥαφὶ
1040 4235 1095 4303 ἕως
1106 4228 1207 4313 Γάζης
1224 4232 1254 4293 ίν
1271 4234 1344 4294 πᾶσι

102 4329 178 4404 περς
197 4303 319 4390 Ἀγχούς
345 4307 411 4373 υἱόν
436 4311 556 4397 Μααχό
582 4314 707 4401 βασιλέα
737 4324 800 4388 τοῖς
822 4313 975 4399 βασιλεῦσι
999 4315 1096 4398 πέραν
1120 4319 1175 4378 τοῦ
1194 4317 1343 4396 ποταμοῦ.

101 4389 144 4450 n
150 4398 181 4452 θ.
207 4395 256 4489 καί
269 4388 421 4476 άπημμελη
434 4398 477 4476 τῷ
490 4397 587 4478 Σεμεῒ,
604 4396 707 4473 λέγον·
738 4399 788 4463 καί
801 4384 835 4481 ἦν
848 4393 934 4480 αύτῷ
944 4393 1038 4482 εἰρήνη
1049 4401 1081 4461 ἐκ
1091 4395 1215 4463 πάντων
1225 4402 1286 4462 τῶν
1295 4423 1345 4480 με-

100 4496 154 4547 τες.
169 4473 236 4540 ίδου
250 4479 279 4539 οἱ
290 4475 399 4542 δοῦλοί
411 4502 466 4544 σου
477 4479 509 4545 ἐν
519 4483 596 4545 Γέθ.
617 4477 707 4546 4οκαί
738 4484 800 4567 ρων
825 4477 922 4547 αὐτοῦ
949 4479 1102 4548 κυκλόθεν.
1141 4483 1193 4547 καὶ
1221 4479 1345 4585 κριτηίκει

1252 4566 1346 4630 [ουδα
