2924 4972
451 206 723 268 mmm
760 203 1027 291 καρκίνε.
1341 213 1365 280 3

107 352 197 413 μησεν
214 321 234 392 ὅ
249 327 321 402 θεὸς
332 326 385 412 τήν
396 327 540 413 πλευρὰν,
564 325 600 412 ἣν
614 329 721 415 ἔλαβεν
753 329 823 411 μνός
835 327 870 405 εί,
883 333 908 393 ελ
915 325 955 412 μή
965 326 1029 393 ἀπὸ
1042 334 1098 393 τοῦ
1106 327 1204 407 ξύλου,
1215 322 1251 395 οῦ
1263 333 1364 394 ίνετει-

107 409 175 477 ἀπὸ
187 414 244 475 τοῦ
251 407 360 517 Ἀδὰμ,
375 414 415 486 εἰς
425 422 558 488 γισαῖνα.
583 414 634 476 καί
646 411 721 495 ήγα-
755 408 850 496 λύμην
863 437 909 477 σοι
922 408 1031 477 τούτου
1041 407 1132 495 μόνου
1164 412 1294 493 φαγεῖν,
1308 410 1359 478 ὄπ’

108 519 158 571 m
169 491 265 576 αὐτήν
276 519 353 579 προς
364 490 526 577 τὸνἈδιίμ.
545 496 633 559 23καί
644 494 721 560 εἶπεν
756 493 849 560 αὐτοῦ
862 498 984 576 ἔφαγεςς
1008 496 1098 560 12ιιαί
1109 441 1187 561 είιλίν
1198 491 1363 580 ὁἎδίιμή

104 572 209 659 Ἀδάμ.
224 580 314 641 τοῦτο
326 575 529 643 νῦνόστοῦνέιι
540 583 600 642 τῶν
609 576 721 644 ὀστέων
755 577 843 661 γυνή,
862 576 898 660 ἢν
911 579 1023 653 ἔδωκας
1034 576 1092 660 μετ’
1108 582 1194 662 ἐμοῦ,
1220 576 1296 662 αῦτη
1313 605 1364 661 μοι

109 687 178 743 μου,
189 660 243 724 καί
253 658 327 746 σὰρξ
340 663 372 725 ἐν
386 657 624 748 τήςσαρκόςμου.
644 659 720 746 αῦτη
756 663 861 727 ἔδωκεν
885 660 948 727 ἀπὸ
970 666 1026 726 τοῦ
1042 658 1148 741 ξύλου,
1173 663 1226 727 καί
1242 665 1362 743 ἔφαγον.

109 738 289 827 κληθήσεται
306 743 394 828 γυνή,
417 740 466 809 ὄτι
489 748 521 810 ἐκ
539 749 595 809 τοῦ
613 743 720 831 ἀνδρὸς
756 747 783 787 ¹³
793 747 846 810 καί
857 743 919 811 εἷσε
930 741 1030 831 κύριος
1041 742 1059 811 ὁ
1072 746 1142 822 θεὸς
1153 751 1192 839 τῇ
1200 752 1321 824 γυναικί
1334 751 1365 810 τί

111 826 204 911 αὐτῆς
216 822 342 911 ἐλήφθη.
365 827 494 893 2*ἕνεκεν
505 824 615 894 τούτου
624 854 719 893 κατα-
757 832 846 893 τοῦτο
865 832 1006 912 ἐποίησας
1010 857 1023 907 ,·
1046 832 1098 895 καί
1115 829 1193 895 είπεν
1208 825 1318 913 ήνυνή.
1344 825 1362 895 ὅ

111 910 205 993 λείψει
225 909 388 996 ἅνθρωπος
405 911 458 976 τὸν
480 914 562 977 πατί
624 911 721 976 αὐτοῦ
757 909 824 991 ὄφις
840 908 1034 995 ήπότηοίμε,
1055 915 1107 977 καί
1119 917 1238 994 ἔφαγον.
1270 914 1364 978 14καί

111 996 164 1059 καί
176 992 230 1077 τήν
240 997 362 1079 μητέρα,
370 996 422 1059 καί
430 1021 542 1077 προςκο
631 992 720 1060 ’σεται
756 989 1097 1080 είπεκύριοςὸθεόςτῷ
1109 995 1182 1077 ὄφει.
1201 993 1364 1081 ὄτιίσοίη-

112 1075 189 1156 πρὸς
200 1076 254 1162 τήν
264 1089 388 1155 γυναῖκα
397 1076 500 1145 αὐτοῦ.
512 1081 720 1146 καίίσονταιοί
758 1104 811 1153 σας
823 1083 922 1154 τοῦτο,
935 1075 1152 1164 ἐττικατοίρατος
1162 1079 1198 1146 σὺ
1211 1077 1274 1144 ἀπὸ
1285 1075 1364 1145 ποίν-

111 1161 167 1225 δύο
178 1165 218 1237 είς
230 1157 327 1247 σάρκα
337 1167 415 1244 μίαν.
757 1186 818 1226 των
830 1165 891 1225 ταῖν
901 1165 1022 1245 κτηνῶν,
1034 1166 1084 1228 καί
1096 1161 1159 1228 ἀπὸ
1170 1159 1291 1228 πάντων
1303 1167 1364 1228 τοῖν

311 1250 386 1308 ΚΕ
399 1249 438 1307 Φ.
480 1241 533 1309 Γ’.
756 1250 873 1329 θηρίων
890 1246 1074 1327 τῶνέιιίτής
1085 1250 1145 1328 γῆς.
1172 1248 1279 1328 ίπίτῷ
1291 1241 1362 1327 στή-

112 1328 142 1371 ²⁵
153 1293 239 1392 K&
250 1313 325 1408 ἦσαν
337 1330 368 1390 οῖ
377 1320 431 1390 δύο
439 1330 550 1409 γυμνοί,
559 1325 577 1391 δ’
585 1352 616 1391 τε
627 1325 720 1410 Ἀδὰμ
756 1338 804 1392 θει
817 1353 871 1393 σου
883 1328 935 1392 καί
945 1330 983 1419 τῇ
992 1327 1090 1410 κοιλίᾳ
1099 1325 1236 1420 πορεύοη.
1254 1329 1364 1413 καὶγήν

110 1411 166 1511 καί
181 1407 280 1510 ϊνψή
294 1404 403 1510 αιήτοῦ,
425 1411 477 1473 καί
487 1407 541 1512 ρῦκ
553 1406 717 1513 ᾐσχύνοντο.
756 1414 840 1516 φυγή
850 1406 950 1515 τρώσας
961 1409 1017 1513 τὰς
1029 1407 1138 1515 ήμερας
1150 1415 1202 1515 τής
1213 1415 1362 1510 ζωήςῆοου.

111 1497 157 1556 ¹⁰
230 1515 298 1570 οφις
315 1515 351 1573 ην
368 1516 588 1599 φρονιμωτατομ
597 1518 719 1559 παντων
755 1497 841 1558 15και
853 1504 965 1578 ιχθραν
976 1503 1062 1579 θησω
1074 1519 1133 1560 ανα
1145 1520 1234 1577 μισον
1245 1520 1299 1560 σου
1310 1495 1364 1560 καλ

110 1578 174 1639 ταῖν
183 1580 301 1678 θηρίων
309 1577 546 1679 τῶνέπλτήςγής,
554 1601 596 1642 ων
601 1581 718 1661 ἐποίησε
757 1574 815 1641 ἀνὰ
827 1581 915 1659 μέσον
926 1582 978 1660 τής
989 1577 1134 1656 γυναικὸς,
1145 1580 1197 1642 καὶ
1207 1575 1265 1643 ῦνό
1274 1579 1363 1659 μέσον

109 1653 209 1744 κύριος
220 1684 239 1723 ο
251 1652 329 1732 θεός.
354 1661 406 1722 καί
418 1658 495 1725 εἶπεν
507 1687 525 1725 ο
538 1659 606 1742 ὄφις
615 1664 654 1761 ιη’
664 1686 719 1738 γυ-
756 1664 811 1724 τοῦ
824 1656 990 1745 σπέρματός
1001 1687 1064 1738 σου,
1076 1664 1128 1732 καί
1140 1658 1198 1725 ἀνὰ
1210 1665 1299 1742 με’σον
1307 1664 1364 1726 τοῦ

110 1747 196 1806 ναικί.
209 1749 241 1807 τί
247 1736 298 1806 ’ὄτι
307 1739 499 1821 ελπενὸθεδς,
510 1741 718 1828 οῦμήφαγητε
757 1745 923 1827 οσίρματος
941 1741 1040 1827 αὐτῆς.
1064 1740 1155 1820 αὐτός
1177 1770 1230 1810 σου
1248 1739 1364 1829 τηρήσω

110 1823 174 1891 ἀπὸ
199 1823 312 1902 παντὸς
336 1820 425 1902 ξύλου
446 1831 504 1892 τοῦ
520 1828 718 1912 παραδείσους
756 1825 893 1910 κεφαλήν,
911 1828 964 1891 καί
976 1826 1012 1892 ού
1024 1824 1153 1914 τηρήσεις
1166 1825 1363 1914 αύτοῦπτίρ-

109 1909 188 1973 2καί
203 1908 282 1974 εἶπεν
293 1905 312 1993 ή
325 1907 396 1991 γυνή
410 1914 455 1993 τῷ
466 1909 540 1992 ὄφει.
567 1908 631 1975 ἀπὸ
643 1936 718 1993 καρ-
756 1934 818 1974 ναν.
843 1912 871 1953 ¹⁶
883 1911 934 1974 καί
945 1913 984 2002 τῇ
994 1913 1109 1988 γυναικί
1120 1906 1189 1976 ελσε.
1201 1906 1363 2014 πληθύνων

108 1995 171 2057 ποῦ
182 1996 238 2057 τοῦ
247 1987 336 2069 ξύλου
346 1997 401 2057 τοῦ
410 1996 591 2080 παραδείσου
602 1990 718 2097 φαμού-
756 1993 902 2078 πληθυνιό
920 1993 975 2068 τὰς
987 1989 1084 2070 λύπας
1103 2019 1156 2060 σου
1169 1995 1220 2060 καί
1231 2017 1285 2060 τον
1297 2018 1361 2060 στε-

108 2085 197 2158 μεθα.
221 2073 305 2140 3οἰτιό
318 2074 351 2140 δὲ
362 2080 418 2141 τοῦ
426 2082 545 2163 καρποῦ
552 2081 609 2143 τοῦ
617 2078 717 2155 ξυλοο,
755 2072 865 2159 νανμόν
877 2103 938 2143 σου.
962 2080 993 2141 ἐν
1004 2074 1111 2153 λύσαις
1122 2082 1190 2172 τεξη
1202 2080 1298 2154 τέκνα,
1310 2078 1363 2142 καί

109 2155 128 2224 ὄ
142 2161 220 2225 ἐστιν
231 2161 263 2223 ἐν
273 2161 353 2263 μεὀω
365 2164 421 2224 τοῦ
431 2162 622 2266 παραδείσου,
640 2159 718 2226 εἶπεν
754 2159 831 2246 πρὸς
843 2158 895 2225 τὸν
906 2159 1000 2246 ὄνδρα
1013 2186 1066 2227 σου
1079 2157 1098 2246 ή
1109 2156 1287 2262 ἀποστροφή
1298 2184 1360 2226 σου.

109 2237 225 2319 ὅθεδς,
249 2267 286 2306 ου
299 2225 429 2323 φαίνεσθε
440 2241 486 2309 ἆπ
508 2241 618 2322 αὐτοῦ,
636 2242 716 2309 οῦδὲ
754 2245 805 2308 καί
817 2239 908 2320 αῦτός
919 2269 973 2310 σου
983 2241 1128 2330 κυριεύσει.
1141 2248 1218 2327 17τοῦ
1230 2240 1362 2326 dem«

109 2324 148 2409 μή
160 2321 282 2409 ὄψησθε
294 2323 404 2402 αῦτοῦ,
420 2332 470 2391 ἰ’να
480 2327 520 2412 μή
532 2323 716 2412 ἀποθάνητε.
755 2325 839 2391 εἶπεν.
864 2323 912 2392 ὄτι
931 2327 1057 2410 ήκουοας
1071 2333 1123 2412 τῆς
1135 2332 1233 2412 φωνής
1244 2332 1296 2410 τῆς
1307 2353 1361 2405 γυ-

110 2408 190 2473 4καί
209 2409 286 2474 εἶπεν
298 2405 315 2472 ὅ
328 2409 396 2488 ὄφις
408 2414 445 2500 τῇ
457 2417 579 2488 γυναικί
608 2409 717 2476 οῦθα-
755 2405 853 2483 ναικός
865 2436 928 2485 σου,
939 2412 992 2474 καί
1003 2413 1108 2492 ἔφαγες
1120 2409 1183 2476 ἀπὸ
1196 2410 1252 2477 τοῦ
1263 2407 1361 2488 ξύλου,

110 2487 190 2557 νύτω
205 2490 417 2591 ἀποθανεῖσθε.
443 2492 525 2593 ⁶5¹¹}
536 2492 595 2592 γόιρ
608 2489 625 2556 ὁ
638 2491 718 2565 θεὸς,
757 2482 793 2555 οὗ
805 2485 982 2590 ἐνεξερλύμην
988 2519 1040 2588 „⁰⁰¹
1049 2489 1361 2591 τούτουμύνουμήφα-

109 2572 159 2640 ὄτι
172 2559 236 2664 ήόιν
245 2569 338 2655 ήμίρη
350 2596 461 2654 φαγητε
472 2573 517 2636 ἀπ
533 2577 635 2645 αυτοῦ,
641 2574 721 2635 διαν-
757 2582 826 2648 νεῖν,
841 2598 885 2634 απ
908 2596 1002 2635 αυτου
1014 2575 1128 2654 ἔφαγες,
1146 2576 1362 2657 ἐπικαταρατος

109 2651 302 2756 οιχθήοοηται
328 2649 408 2735 ῦμοῦν
428 2656 459 2755 ρί
475 2652 644 2736 ὀφθαλμοί,
669 2656 720 2719 καί
757 2650 828 2757 ήμη
838 2656 868 2718 ἐν
880 2666 943 2755 τρῖς
956 2656 1121 2759 ἔρψοιξσου.
1135 2651 1363 2756 ίνλῦσαιςφσγή

1084 2743 1091 2761 Ι

109 2744 212 2806 ἔσεσθε
224 2765 266 2814 ως
276 2739 354 2814 θεοί,
366 2763 552 2815 γινωσκοντες
563 2737 656 2803 καλὸν
667 2741 718 2803 καὶ
755 2763 849 2821 αυτην
859 2764 958 2814 πασας
967 2764 1022 2816 τας
1033 2766 1086 2824 ημε
1107 2767 1142 2816 ας
1153 2744 1206 2824 τής
1215 2743 1289 2823 ζωης
1298 2765 1361 2806 σου.

110 2818 249 2906 πονηρόν.
275 2823 346 2886 6καὶ
358 2821 429 2888 εἶδεν
441 2819 459 2906 ή
471 2822 553 2907 γυνή,
567 2819 613 2887 ὅτι
626 2822 718 2887 καλὸν
755 2822 784 2864 ¹⁸
794 2818 931 2899 ἀκάνθας
942 2825 994 2888 καί
1006 2766 1158 2910 τριβόλους
1163 2823 1298 2889 ύνατελεῖ
1305 2849 1360 2901 σοι,

109 2907 145 2972 τὸ
161 2902 248 2984 ξύλον
264 2910 303 2982 εἷς
320 2909 444 2992 βρῶσιν,
469 2909 519 2971 καὶ
536 2904 581 2971 ὄτι
595 2905 718 3010 ἀρεστὸν
755 2906 806 2970 καὶ
818 2911 900 3000 φανῇ
912 2906 965 2972 τὸν
975 2902 1083 2992 χόρτον
1095 2912 1151 2993 τοῦ
1162 2907 1266 2992 ὄγροῦ.
1291 2909 1361 2971 19λν

110 3002 173 3066 τοῖς
185 2987 355 3071 ὀφθαλμοῖς
366 2991 449 3066 ἰδεῖν,
469 2992 521 3054 καί
533 2987 644 3075 ὡραῖον
657 2993 716 3054 ἐστι
756 2990 858 3073 ἱδρῶτι
882 2995 937 3055 τοῦ
955 2987 1115 3076 προςώπου
1137 3017 1190 3056 σου
1209 2993 1292 3082 φανῇ
1307 2994 1361 3055 τὸν

109 3079 166 3139 τοῦ
177 3077 365 3157 κατανοῆσαι.
379 3075 430 3138 καί
441 3073 575 3159 λαβοῦσα
588 3071 717 3138 ἀπὸτοῦ
755 3071 848 3156 ὄρτον
859 3098 922 3149 σου,
941 3079 996 3148 ἕως
1008 3072 1064 3140 τοῦ
1076 3073 1267 3160 ἀποστρέψαι
1280 3097 1309 3137 σε
1321 3077 1360 3148 εῖς

109 3160 228 3241 καρποῦ
244 3154 354 3234 αὐτοῦ,
372 3160 471 3239 ἔφαγε.
496 3159 547 3222 καί
565 3158 654 3221 ἐδωκε
666 3158 717 3222 καὶ
753 3157 806 3239 τήν
817 3160 913 3237 μήνίξ
928 3147 958 3232 ’ς
970 3153 1110 3242 ἐλήφθης.
1135 3154 1182 3223 ὄτι
1193 3160 1233 3239 μή
1245 3153 1284 3259 εζ,
1309 3158 1360 3221 καί

109 3245 154 3323 τῴ
167 3238 715 3325 ἀνδρὶαῦτήςμετάῦτής,καίέ’φανον.
753 3237 926 3323 εἶςνήνᾶπε
958 3236 1361 3333 ῦση.’οκαίὲκιίλεσενΑδᾶμ

110 3325 190 3388 7καί
211 3326 418 3408 διηνοίχθησαν
434 3326 466 3389 οί
483 3322 638 3407 ὀφθαλμοί
657 3327 717 3387 τών
753 3320 791 3386 τὸ
801 3321 894 3404 ὄνομα
906 3326 959 3405 τής
970 3324 1104 3399 γυναικὸς
1116 3321 1299 3406 αῦτοῦΖωή,
1312 3319 1359 3387 ὄτι

109 3403 175 3481 δύο,
187 3409 239 3470 καὶ
250 3410 378 3483 ἔγνωσαν
389 3402 435 3471 ὄτι
446 3408 550 3489 γυμνοί
563 3407 644 3490 ἦσαν.
665 3408 718 3471 καὶ
752 3398 847 3490 μήτηρ
871 3401 993 3469 πάντων
1016 3408 1077 3470 τών
1100 3402 1225 3483 ζώντων.
1268 3407 1359 3471 21καί

109 3493 248 3575 ἔρραψαν
265 3484 364 3568 φύλλα
383 3493 485 3571 συκῆς,
507 3492 558 3554 καί
576 3494 717 3575 ἐποίησαν
754 3490 871 3570 ἐποίησε
880 3482 978 3573 κύριος
992 3483 1091 3564 ὁθεός
1102 3486 1146 3572 τοῦ
1154 3487 1247 3571 Ἀδὰμ
1259 3489 1310 3553 καί
1322 3492 1359 3552 τ’

109 3575 229 3648 ἑαυτοῖς
242 3566 437 3657 περιζώματα.
450 3573 521 3636 θιιαί
530 3572 657 3655 ήκουσαν
665 3578 717 3657 τῆς
752 3571 866 3649 γυναικί
872 3569 968 3636 αῦτοῦ
974 3576 1098 3655 χιτῶνας
1103 3574 1296 3680 δερματίνους,
1308 3517 1359 3637 καλ

109 3661 209 3740 φωνῆς
219 3662 322 3742 κυρίου
334 3659 390 3720 τοῦ
400 3658 476 3720 θεοῦ
486 3662 717 3758 περιπατοῦντος
753 3657 879 3720 ἐνέδυσεν
896 3653 1013 3732 αύτούς.
1046 3658 1076 3698 ²²
1086 3682 1138 3720 και
1156 3649 1233 3720 είπεν
1249 3648 1357 3731 ὁθιός.

109 3743 141 3805 ἐν
155 3746 196 3823 τῷ
209 3741 379 3825 παραδείσῳ
388 3738 423 3804 τὸ
436 3737 563 3803 δειλινον.
576 3741 627 3803 καί
632 3735 716 3825 ἐνρῦ-
754 3737 919 3823 ἰδούἏδᾶμ
931 3744 1045 3819 γέγονεν
1058 3735 1098 3815 ὡς
1110 3740 1148 3816 είς
1160 3741 1190 3816 ἐξ
1202 3735 1291 3823 ήμῶν,
1303 3744 1362 3825 τοῦ

110 3820 269 3912 βησανότε
277 3821 370 3906 Ἀδὰμ
380 3817 458 3904 καλή
466 3821 537 3906 γυνή
549 3820 643 3888 αῦτοῦ
652 3822 715 3889 ἀπὸ
751 3817 897 3900 γινώσκειν
913 3822 1006 3889 καλὸν
1023 3824 1074 3888 καί
1084 3819 1219 3908 πονηρόν.
1246 3824 1297 3887 καὶ
1309 3826 1359 3886 νῦν

109 3901 271 4011 προςώπου
281 3912 381 3993 κυρίου
395 3911 450 3972 τοῦ
458 3910 533 3972 θεοῦ
542 3909 654 3991 ἐνμέσῳ
661 3912 716 3973 τοῦ
752 3901 790 4008 μή
806 3932 880 3971 ποτε
892 3909 1001 3999 ἐκτείνη
1014 3907 1067 3991 τήν
1078 3918 1159 3993 χεῖρα
1172 3904 1282 3983 αῦτοῦ,
1307 3905 1359 3969 καλ

109 3992 199 4069 ξυλου
211 3995 267 4055 τοῦ
278 3992 467 4075 παραδείσου.
497 3993 574 4056 9καλ
586 3988 717 4058 ἐκάλεσεν
752 3991 829 4086 λαβη
842 3987 973 4055 ἀπὸτοῦ
985 3987 1072 4069 ξύλου
1086 3982 1358 4074 τήςζωήςκαὶφύ-

108 4072 208 4161 κύριος
220 4070 237 4139 ὁ
249 4074 319 4149 θεὸς
331 4073 491 4157 τὸνἈδύιμ,
507 4077 560 4139 καὶ
571 4074 648 4140 εἶπεν
660 4074 716 4140 αῦ-
750 4101 770 4153 7
796 4126 805 4151 ,
824 4076 875 4139 καί
887 4070 1001 4157 ζήσεται
1013 4079 1051 4150 εἷς
1063 4073 1115 4140 τὸν
1128 4077 1229 4139 αίιῦνα.
1267 4072 1296 4115 ²³
1307 4074 1359 4137 καί

108 4165 162 4243 τῷ.
182 4158 277 4241 Ἀδὰμ
292 4162 355 4223 ποῦ
372 4156 413 4236 εἶ,-
430 4161 462 4202 ¹⁰
470 4160 521 4223 καλ
533 4155 610 4224 εἶπεν
622 4157 715 4242 αύτῷ.
782 4159 947 4224 απίοτειλεν
959 4158 1052 4224 αῦτόν
1062 4154 1297 4245 κύριοςὸθεὸςίκ
1304 4161 1359 4222 τοῦ

108 4248 163 4328 τής
180 4247 278 4326 φωνής
295 4268 347 4307 σου
360 4241 472 4325 ἤκουσα
484 4245 716 4329 περιπατοῦντος
750 4243 931 4328 παραδείσου
943 4247 995 4328 τής
1007 4246 1117 4328 τρυφῆς
1128 4238 1300 4327 ἐργάζεσθαι
1305 4239 1358 4344 τήν

109 4329 140 4392 ίν
157 4331 203 4412 τῷ
220 4327 405 4412 παραδείσῳ,
430 4327 482 4391 καὶ
499 4321 652 4413 ἐφοβήθην
669 4322 716 4390 ὄτι
750 4317 892 4411 γήνίξής
905 4323 1030 4412 ἐλήφθη.
1066 4327 1099 4368 ²⁴
1111 4330 1163 4390 καὶ
1177 4325 1292 4429 ίξίζίαλε
1304 4346 1358 4388 τον

107 4408 213 4493 γυμνός
225 4416 296 4494 εἶμι,
321 4413 373 4475 καί
384 4409 513 4497 ἐκρύβην.
541 4415 566 4454 ¹¹
576 4413 628 4475 καὶ
640 4409 716 4475 εἶπεν
747 4407 856 4493 Ἀδὰμ,
881 4412 932 4475 καί
944 4408 1101 4495 κατῴκισεν
1113 4407 1205 4474 αῦτὸν
1217 4411 1358 4473 απέναντι

109 4491 194 4579 αύτῷ
206 4490 223 4559 ὁ
239 4493 315 4571 θεὸς.
333 4499 378 4569 τίς
387 4489 538 4578 ἆνήνγειλί
549 4521 594 4561 σοι
606 4490 653 4559 ὄτι
662 4520 717 4574 νυ-
751 4498 807 4560 τοῦ
817 4497 996 4581 παραδείσου
1009 4498 1060 4578 τής
1071 4493 1190 4576 τρυφής.
1213 4491 1265 4553 καὶ
1276 4489 1359 4583 ἔταξε

897 4590 931 4640 Α
955 4598 973 4643 2
1318 4586 1357 4625 τα
