2924 4972
282 242 582 305 οΑτιΛιιτου
603 240 778 303 mm
816 235 1090 322 κπαρελν.
1249 242 1316 309 27³

62 371 114 430 καί
127 370 261 458 μνησθῇς
276 391 350 447 μου,
375 370 426 430 καί
444 367 503 448 δῷς
521 369 558 463 τῇ
576 361 670 459 δούλη
703 363 885 431 23κινίιὶπεν
898 363 978 469 αὐτή
993 364 1124 431 Ἑλκανα
1138 393 1156 431 ο
1170 392 1226 452 ανη
1259 364 1317 432 αδ-

62 474 115 514 σου
128 451 244 535 σπέρμα
257 446 393 534 ἀνδρῶν,
412 444 565 512 καίδώοω
577 444 671 512 αὐτὸν
703 452 765 532 τής.
800 453 880 514 ποίει
897 447 934 515 τὸ
954 448 1077 527 αγαθδν
1096 452 1127 513 έν
1145 449 1212 532 ὀρθ
1289 460 1316 527 ῐς

61 527 186 598 ένοόπιόν
198 557 253 596 σου
270 530 362 597 δοτὸν
381 528 559 616 ι’έωςήμέρος
571 526 672 595 θανά-
705 557 774 607 οου,
800 528 902 598 κάθου
927 537 983 608 έυσς
1007 531 1045 598 ἂν
1070 530 1317 639 άπογαλακτίσης

61 640 115 679 του
129 613 239 692 αὐτοῦ,
264 617 315 680 καί
327 613 410 679 οἶνον
420 618 471 679 καί
481 617 623 717 μέθυσμα
634 611 671 681 οδ
705 611 794 688 αὐτὸ,
813 613 894 679 ἀλλὰ
908 610 1015 700 στήσαι
1027 612 1130 703 κάριος
1142 615 1179 682 τό
1193 615 1318 692 ἔξιλθον

64 706 174 775 πίεται,
199 699 253 763 καί
276 699 393 783 σίδηρος
416 695 472 763 οὐκ
491 696 672 784 άναβησεται
706 699 738 760 ἐκ
750 700 808 761 τοῦ
820 693 969 780 στόματός
987 724 1052 765 σου.
1076 704 1129 766 καί
1145 694 1317 783 ίκάθισενή

61 784 111 847 ἐπί
122 779 176 867 τήν
188 781 317 864 κεφαλήν
330 779 436 846 αὐτοῦ.
448 784 532 846 12καί
543 777 672 866 δγενήθη
704 778 776 882 γυνή
788 782 840 844 καί
852 778 980 866 ίθήλαοε
992 779 1046 847 τὸν
1057 781 1122 849 υίδν
1134 782 1240 889 αιἰτής,
1261 788 1317 859 ἕως

61 863 111 933 ὅτε
136 865 285 950 ἐπλήθυνε
309 868 521 971 προςευχομέυη
544 859 672 931 ἐνώπιον
705 861 744 928 ἂν
756 864 987 945 απογαλακτίοη
999 862 1103 932 αὐτόν.
1120 867 1152 911 ²⁴
1159 893 1210 933 και
1223 863 1316 952 άνέβη

60 954 181 1034 κυρίου,
206 950 259 1012 καὶ
272 944 378 1014 Ἡλιδ
393 949 483 1052 ίερεὺς
496 948 621 1028 ἐφύλαξε
633 948 669 1014 τό
703 944 764 1030 μετ’
780 942 879 1010 αὐτοῦ
896 951 935 1021 είς
946 935 1058 1031 Σηλάμ
1076 951 1106 1012 ἐν
1123 947 1226 1034 μόσχῳ
1239 974 1316 1034 τριε-

62 1036 160 1113 οτόμα
174 1028 273 1115 αὐτῆς
291 1033 448 1097 13κοιίαίιτ
482 1028 577 1097 ἐλάλει
590 1035 670 1125 ἐντή
706 1033 826 1108 σίζοντι,
852 1030 903 1092 καί
916 1028 1035 1114 άρτοις,
1057 1033 1109 1095 καί
1120 1035 1186 1112 ολῳί
1198 1029 1316 1114 σεμιδά-

61 1116 171 1201 καρδίᾳ
184 1112 285 1221 αίρτής,
299 1114 402 1217 καίτά
415 1061 476 1200 χείλ
508 1113 672 1217 αὐὶτήςΙίκι-
705 1114 787 1188 λεονς,
800 1113 852 1176 καί
864 1111 946 1198 νέβελ
958 1112 1050 1176 οἴνου.
1067 1114 1120 1177 καί
1131 1114 1317 1219 είςήλθενεής

61 1212 153 1272 νεῖτο,
178 1224 230 1262 και
253 1221 336 1298 σιονη
355 1204 447 1281 αυτής
464 1142 520 1261 αλκ
538 1222 672 1279 ηκουετο.
707 1194 791 1261 οἶκον
804 1201 908 1281 κυρίου
921 1193 1087 1279 ἐνΣηλώμ,
1100 1221 1152 1260 και
1160 1222 1197 1261 το
1206 1197 1318 1262 παιδο-

60 1284 112 1346 καί
124 1282 283 1357 ἐλογίσατο
301 1275 393 1362 αυτήν
405 1277 452 1344 ‘H
453 1281 483 1343 λί
495 1285 534 1353 είς
546 1279 674 1361 μεθάου·
706 1303 772 1363 ριον
788 1277 847 1361 μετ’
864 1276 978 1344 αὐτῶν.
1002 1279 1054 1342 καί
1069 1280 1259 1362 προςήγαγον
1271 1282 1319 1345 lr-

62 1387 126 1428 σαν.
164 1362 194 1404 ¹⁴
207 1365 258 1425 καί
275 1360 353 1426 εἶπεν
371 1360 450 1454 αὐτῇ
467 1361 504 1427 τό
517 1359 612 1426 παιδά
631 1387 675 1427 ιον
707 1357 802 1426 ιόπιον
820 1369 941 1450 κυρίου,
965 1363 1017 1426 καί
1039 1363 1165 1442 ἔσφαξεν
1181 1357 1199 1426 ό
1217 1358 1319 1448 πατήρ

57 1446 146 1511 Ἡλί.
174 1448 230 1519 ἕως
243 1439 315 1508 πότε
327 1439 521 1548 μεθυσθήρης
538 1389 673 1531 περιελυδ
707 1443 804 1547 αὐτρῦ
812 1443 869 1551 τήν
882 1450 991 1544 θυσίαν
1004 1438 1041 1528 ήν
1051 1446 1145 1510 ἐποίει
1158 1445 1190 1521 ἐξ
1203 1440 1319 1547 ήμερῶν

62 1528 115 1596 τόν
133 1522 215 1593 οἶνόν
234 1552 306 1601 σου,
332 1530 383 1592 καί
394 1553 522 1614 πορευου
534 1531 567 1592 ἐκ
580 1555 672 1615 προς·
706 1533 745 1602 είς
762 1554 815 1612 ημι
835 1555 872 1605 ας
889 1553 933 1613 τῳ
951 1533 1053 1613 κυρίῳ.
1079 1530 1132 1595 καί
1148 1552 1318 1614 προςηγογε

62 1610 152 1679 ι’νπου
165 1616 280 1696 κυρίου.
309 1610 336 1655 ¹⁵
348 1613 401 1677 καί
411 1609 561 1699 ἀπεκρίθη
572 1610 670 1689 Ἄννα,
704 1610 799 1678 τόποι
828 1608 930 1720 άριον,
956 1612 985 1654 ²⁸
998 1612 1051 1676 καί
1067 1612 1174 1692 ἔσφαξε
1192 1607 1317 1715 τδνμό-

67 1697 120 1760 καί
132 1693 218 1759 εἶπεν.
245 1691 310 1777 οὐχὶ
326 1691 414 1781 κόριε.
439 1695 512 1781 γυνή
526 1693 544 1778 ή
558 1695 671 1782 σκληρά
705 1718 784 1779 σχον.
809 1722 863 1761 και
878 1690 1063 1781 προςήγαγεν
1074 1692 1164 1759 Ἄννα
1181 1690 1200 1820 ή
1218 1718 1279 1778 μητ
1297 1720 1316 1780 ρ

61 1776 159 1864 ἡμέρα
175 1774 235 1853 ἐγώ
253 1781 321 1859 εἰμι,
347 1780 400 1843 καί
416 1778 498 1845 οἶνον
511 1781 563 1845 καί
574 1783 671 1862 μέθυ-
704 1782 757 1843 τοῦ
775 1779 941 1886 παιδαρίου
957 1776 1036 1862 πρὸς
1049 1773 1140 1855 Ἧλί,
1154 1780 1180 1861 ,2
1208 1721 1316 1844 καίελ-

63 1889 123 1945 σμα
135 1859 171 1926 οὐ
184 1862 323 1937 πέπονα,
340 1865 392 1927 καί
404 1864 493 1947 ἐκχέοι
507 1862 561 1947 τήν
571 1860 670 1950 ψυχήν
702 1887 764 1928 πιν.
779 1865 811 1928 έν
822 1866 887 1968 ἔμοι
897 1858 988 1949 κάριε,
1000 1862 1034 1954 ζῇ
1047 1857 1066 1945 ή
1079 1867 1162 1964 ψυχή
1175 1886 1239 1927 σου.
1253 1860 1315 1940 ίγώ

62 1972 117 2027 μου
144 1941 271 2009 ε’νιόπιον
288 1951 402 2032 κυρίου.
441 1943 522 2030 16μή
540 1948 599 2030 δῷς
614 1947 670 2031 τήν
703 1941 806 2031 ήγυνή
826 1949 1037 2031 ηκαταστῖιοα
1050 1939 1179 2010 ἐνώπιον
1191 1969 1247 2009 σου
1264 1970 1315 2028 μι-

62 2025 171 2112 δοόλην
183 2053 238 2093 σου
249 2032 288 2102 είς
303 2032 462 2115 θυγατέρα
473 2027 595 2115 λοιμήν,
622 2027 670 2096 ότι
703 2028 742 2093 τά
755 2033 814 2094 σου
825 2033 858 2094 έν
869 2034 916 2115 τῷ
931 2023 1154 2115 προςεάξασθαι
1171 2025 1249 2112 πρὸς
1261 2023 1314 2093 κά-

61 2115 93 2175 ἐκ
106 2108 242 2196 πλήθους
255 2110 428 2198 ἀδολεσχίας
447 2139 507 2197 μου
525 2116 671 2180 έκτέτακα
704 2136 784 2197 ριον,
821 2114 849 2156 ²⁷
863 2110 939 2195 ὑπὲρ
953 2116 1011 2177 τοῦ
1023 2112 1188 2197 παιδαρίου
1201 2107 1315 2177 τοότου

62 2199 119 2269 ἕως
130 2201 189 2260 νῦν.
208 2197 234 2237 ¹²
247 2196 299 2258 καί
311 2193 461 2281 ἀπεκρίθη
468 2193 555 2273 ‘mag
565 2201 617 2261 καί
630 2196 670 2261 εἰ·
704 2190 923 2279 προςηυξάμην.
935 2196 987 2260 καί
999 2194 1093 2259 έδῳκέ
1102 2219 1154 2276 μοι
1166 2189 1267 2279 κάριος
1277 2192 1314 2259 τό

62 2276 211 2373 πεναίιτῇ.
237 2274 420 2364 πορεάουείς
432 2275 556 2363 είρήνην,
569 2278 588 2344 δ
599 2276 672 2355 θεὸς
705 2272 818 2380 αίτημά
837 2303 897 2359 μου
914 2273 933 2343 ὃ
951 2272 1104 2370 ήτησάμηι
1117 2274 1188 2360 παρ’
1206 2273 1313 2343 αὐτοῦ.

58 2361 178 2445 Ἰσραήλ
198 2356 260 2443 δῴη
278 2388 325 2426 σοι
343 2367 405 2427 πᾶν
423 2359 536 2445 αἴτημά
553 2388 611 2428 σου
610 2412 627 2466 3
652 2360 672 2426 ό
705 2357 827 2441 28κιηγιό
839 2365 930 2446 κιχρῶ
943 2358 1038 2425 αὐτόν
1050 2365 1094 2460 τῳ
1108 2365 1202 2443 κυρίῳ
1213 2355 1315 2435 πάσας

61 2441 166 2547 ήτήσω
177 2441 247 2527 παρ’
266 2441 371 2508 αὐτοῦ.
392 2445 483 2509 18καί
495 2445 580 2509 εἶπεν.
594 2469 674 2527 ευρεν
705 2439 759 2516 τάς
777 2439 889 2524 ἡμέρας
905 2441 942 2517 ἃς
959 2445 994 2534 ζῇ
1019 2438 1125 2515 οὗτος,
1150 2445 1253 2524 χρῆσιν
1270 2445 1315 2523 τῷ

61 2555 80 2610 η
94 2521 189 2608 δούλη
208 2550 263 2588 σου
280 2521 366 2609 χάριν
383 2531 413 2589 ἐν
426 2524 597 2608 ὀφθαλμοῖς
610 2552 673 2591 σου.
705 2528 811 2610 κυρίῳ.
836 2526 913 2587 1καί
926 2523 1011 2589 εἶπεν.

60 2612 114 2676 καὶ
133 2601 399 2691 ἒπορεάθηήγυνή
414 2613 454 2683 είς
466 2606 519 2691 τήν
531 2606 604 2674 όδὸν
617 2608 673 2673 αὖ·
736 2612 748 2639 ⁹
906 2613 937 2670 K
947 2614 976 2671 Ε
989 2611 1028 2671 Φ.
1071 2602 1127 2670 B'.

60 2698 123 2775 τής.
142 2693 193 2755 καί
205 2691 334 2773 ιῖςήλθεν
346 2696 385 2766 είς
395 2690 431 2755 τό
446 2689 604 2776 κατάλυμα
617 2691 672 2757 αὖ·
707 2656 913 2777 Εστερευίθη
929 2688 948 2776 ή
966 2689 1075 2775 καρδία
1093 2714 1153 2774 μου
1165 2690 1197 2754 έν
1210 2694 1315 2775 κυρίῳ,

59 2781 124 2861 τῆς,
137 2776 188 2838 καί
201 2777 293 2853 ἔφαγε
304 2774 378 2856 μετὰ
390 2780 448 2841 τοῦ
458 2774 568 2862 άνδρός
580 2774 673 2861 αιἰτής
706 2770 821 2879 όῳυλθη
834 2778 921 2861 κέρας
932 2801 990 2859 μου
1003 2778 1034 2840 ἐν
1045 2777 1112 2858 θεῷ
1123 2799 1198 2857 μου,
1218 2773 1313 2841 ἐπλα-

58 2862 113 2926 καί
129 2861 192 2922 ἔπιε
196 2908 207 2936 ,
230 2861 284 2923 καί
300 2857 335 2924 τό
349 2855 511 2944 πρόςωπον
528 2859 621 2945 αὐτῆς
633 2860 670 2926 οδ
705 2870 800 2962 τυνθη
818 2856 861 2924 ἐπ’
878 2854 1006 2947 ἐχθρούς
1017 2884 1074 2942 μου
1087 2855 1123 2922 τό
1138 2856 1235 2940 στόμα
1246 2884 1313 2938 μου,

60 2945 213 3009 ουνελτεσεν
232 2945 284 3007 ἔτι.
315 2944 343 2985 ¹⁹
356 2946 407 3008 καί
425 2942 601 3031 ὀρθρίζουσι
618 2971 671 3010 το-
704 2941 876 3029 είιῳρανθην
890 2946 921 3007 ἐν
932 2948 1066 3027 σωτηρίᾳ
1080 2966 1145 3007 σου.
1171 2938 1245 3004 2ὅτι
1258 2937 1314 3005 οίικ

59 3026 146 3111 πρωῒ
160 3027 210 3090 καί
222 3031 416 3111 προςκυνοῡσι
428 3033 473 3111 τῴ
486 3034 595 3115 κυρίῳ,
619 3031 671 3093 καί
704 3029 782 3092 ὲοτιν
799 3021 883 3104 δι’γιος
904 3024 944 3102 ὡς
961 3022 1077 3111 κόριος,
1102 3025 1154 3090 καί
1176 3020 1233 3091 οὐκ
1249 3025 1314 3088 ε”οτι

59 3105 239 3194 πορεύονται
255 3108 309 3194 τήν
322 3107 394 3177 ὁδὸν
411 3109 522 3178 αὐτοῖν.
551 3116 601 3178 καί
614 3118 669 3188 είς-
703 3112 815 3186 δίιιαιος
840 3106 881 3185 ὥς
906 3108 926 3176 ὁ
949 3108 1021 3185 θεός
1038 3104 1134 3193 ήμῶν,
1161 3106 1216 3174 οὐκ
1235 3110 1314 3174 ἔστιν

59 3193 152 3276 ἢλθεν
171 3189 301 3259 Ἑλκανά
328 3199 367 3268 είς
391 3192 444 3259 τὸν
471 3195 554 3262 οίκον
573 3195 669 3262 αὐτοῦ
703 3192 788 3272 άγιος
801 3190 879 3278 πλήν
892 3221 953 3260 σου.
986 3193 1052 3294 3μή
1067 3198 1236 3278 καυχᾶσθε,
1262 3195 1313 3257 καί

55 3274 240 3361 Ἀρμαθαὶμ,
268 3279 321 3340 καί
339 3280 414 3353 έγνω
432 3276 486 3360 τήν
498 3279 605 3345 Ἅνναν
616 3300 670 3358 γυ-
701 3275 742 3362 μή·
754 3277 868 3342 λαλεῖτε
883 3273 994 3358 ὑψηλά.
1012 3302 1051 3357 μη
1063 3276 1211 3349 ἐξελθέτω
1222 3301 1311 3355 μεγα-

59 3371 148 3424 ναίκα
161 3357 274 3432 αὐτοῦ,
299 3360 350 3421 καί
363 3357 497 3442 ἐμνήσθη
511 3363 604 3445 αὐτῆς
616 3358 669 3427 κό-
702 3355 905 3444 λοῤῥημοοόυη
925 3363 958 3421 ἐκ
976 3363 1034 3421 τοῦ
1054 3353 1201 3437 πόματος
1220 3354 1312 3437 ὑμῶν,

58 3469 136 3530 ριος,
154 3444 184 3483 ²⁰
199 3442 249 3502 καί
263 3439 411 3518 συνέλαβε.
425 3444 475 3504 καί
488 3443 613 3526 ἐγεννήθη
626 3449 669 3528 τῷ
703 3440 750 3508 ότι
774 3438 846 3515 θεὸς
869 3435 1004 3517 γνιόσειυν
1029 3434 1142 3522 κόριος,
1168 3439 1220 3501 καί
1243 3435 1313 3512 θεὸς

57 3526 155 3609 καιρῷ
175 3525 233 3584 τῶν
246 3517 372 3604 ήμερῶυ,
411 3525 463 3587 καί
481 3528 575 3590 ἔτεκεν
594 3526 670 3603 υἱὸν,
703 3520 868 3607 ἑτοιμάζων
880 3516 1098 3605 ἐπιτηδεύματα
1112 3517 1217 3584 αὐτοῦ.
1234 3516 1314 3586 *τό-

58 3612 112 3673 καί
124 3599 241 3671 ἐκάλεσε
257 3603 293 3668 τό
305 3603 401 3686 ὄνομα
412 3603 508 3670 αὐτοῦ
517 3606 670 3690 Σαμουήλ,
703 3610 755 3682 ξον
767 3609 901 3672 δυνατῶν
914 3605 1065 3688 ήσθένησε,
1087 3605 1139 3669 καί
1151 3601 1313 3668 ἀσθενοῦν-

59 3696 111 3756 καί
123 3689 210 3754 εἶπεν.
237 3684 284 3753 ότι
303 3688 390 3771 παρὰ
403 3694 508 3773 κυρίου
520 3694 595 3754 θεοῦ
606 3698 671 3752 Σα-
704 3714 749 3762 τες
767 3687 981 3773 περιεζώσαντο
998 3688 1128 3771 δύναμιν.
1168 3684 1312 3774 ὅπλήρεις

58 3773 150 3862 ῥαώθ
167 3767 317 3856 ήτησάμην
336 3768 438 3836 αὐτόν.
478 3776 569 3837 21καί
582 3770 671 3858 άυέβη
705 3769 805 3856 ἄρτων
818 3769 1056 3856 ἠλαττώθησαν,
1080 3775 1131 3836 καί
1147 3777 1177 3837 σί
1190 3778 1311 3838 πεινών-

60 3847 257 3943 ὁάνθριοπος
272 3853 404 3920 Ἑλκανά
416 3857 468 3921 καὶ
479 3861 540 3934 πᾶς
555 3855 572 3922 ὁ
587 3856 671 3931 οἶκος
704 3879 749 3930 τες
773 3858 913 3939 παρῆκαν
931 3861 995 3939 γῆν.
1033 3851 1081 3919 ότι
1100 3867 1202 3942 στεῖρα
1220 3858 1311 3923 ἔτεκεν

58 3939 156 4006 αὐτοῦ
182 3945 276 4004 θῦσαι
303 3944 335 4004 ἒν
351 3939 463 4024 Σηλώμ
488 3941 543 4026 τήν
559 3949 670 4007 θυσίαν
704 3937 797 4015 ἑπτά,
824 3940 874 4002 καί
892 3933 912 4021 ή
930 3937 1028 4022 πολλή
1042 3942 1073 4002 έν
1087 3943 1196 4015 τέκνοις
1215 3938 1313 4025 ήσθέ-

57 4029 122 4090 τῶν
136 4021 258 4110 ήμερῶν,
272 4025 323 4088 καί
335 4022 389 4099 τάς
403 4022 488 4109 εὐχάς
500 4025 605 4100 αὐτοῦ,
619 4028 670 4091 καὶ
704 4048 776 4107 νηοε.
805 4025 820 4066 ⁶
833 4018 932 4108 κύριος
949 4032 1085 4089 θανατοῖ
1099 4026 1150 4089 καί
1162 4025 1311 4104 ζωογονεί,

58 4106 158 4184 πάσας
183 4107 236 4183 τάς
260 4105 385 4183 δεκάτας
410 4114 462 4192 τῆς
484 4116 538 4195 γῆς
563 4109 668 4175 αὐτοῦ.
703 4104 823 4186 κατάγει
837 4112 876 4184 εἰς
888 4105 963 4190 ᾅδου
975 4109 1026 4173 καί
1043 4104 1151 4187 ἀνάγει.
1185 4108 1311 4194 Ἰκάριος

60 4193 146 4258 22καί
156 4189 244 4257 Ἄννα
258 4190 312 4257 οὐκ
326 4190 414 4277 ἀνέβη
426 4192 484 4274 μετ’
501 4193 609 4270 αὐτοῦ,
623 4190 670 4258 ὅτι
703 4194 838 4277 πτωχίζει
857 4196 908 4257 καί
926 4192 1089 4270 πλουτίζει,
1114 4207 1252 4260 ταπεινοῖ
1262 4193 1312 4259 καί

60 4275 122 4342 εἶπε
134 4281 179 4359 τῷ
194 4274 278 4359 άνδρί
290 4274 395 4360 αὐτῆς,
421 4281 476 4352 ἕως
489 4283 543 4342 τοῦ
556 4275 668 4363 άναβή-
704 4273 824 4358 άνυψοῖ.
838 4274 968 4360 8άνιστᾷ
981 4276 1044 4344 άπὸ
1056 4283 1109 4363 γῆς
1121 4282 1247 4358 πένητα,
1261 4280 1312 4341 καί

59 4387 107 4425 ναι
120 4358 156 4424 τό
169 4356 343 4443 παιδάριον,
367 4358 421 4424 ἐάν
434 4358 670 4438 άπογαλακτίσω
704 4357 767 4424 άπὸ
780 4367 906 4445 κοπρίας
919 4365 1019 4446 ἐγείρει
1031 4359 1164 4440 πτωχὸν,
1185 4365 1312 4422 καθίσαι

57 4441 151 4519 αὐτό,
177 4444 229 4506 καί
254 4441 418 4526 ὀφθήσεται
445 4448 489 4527 τῷ
515 4439 669 4528 προςοόπῳ
703 4439 774 4522 μετά
788 4443 941 4508 δυναστῶν
954 4443 1046 4514 λαοῦ,
1067 4443 1119 4500 καί
1132 4433 1308 4520 θρόνονδό

57 4534 177 4618 κυρίου,
186 4522 411 4610 καίκαθήσεται
420 4529 476 4602 ἕως
485 4532 593 4602 αίιὶινος
603 4529 667 4590 ἐκεῖ.
679 4578 685 4607 ,
703 4527 752 4610 ξης
765 4525 1034 4609 κατακληρονυμῶν
1047 4516 1161 4588 αὗῐοῖν»
1187 4515 1313 4615 9διιξοίξσ

1237 4616 1326 4677 Qun,
