2924 4972
282 245 578 308 υΑΣιΛειαΝ
609 243 835 307 mmm
876 239 1091 323 mum.
1254 242 1318 308 ειν

72 360 158 441 αυτῷ
175 364 207 422 ἑν
227 359 259 432 ἐξ
276 355 379 422 αὐτῶν
402 359 454 421 καί
477 351 597 440 ποιήσω
619 361 675 421 σοί.
711 360 762 438 τῷ.
788 351 934 459 ἀνάβηθι,
960 357 1011 419 καί
1035 359 1145 456 σρήσον
1161 360 1205 439 τῷ
1225 360 1318 457 ρυρίῳ

72 444 99 485 ¹³
111 443 163 507 καί
180 440 294 523 είςήλθε
310 438 381 503 Γὰδ
396 437 472 524 πρὸς
489 439 600 513 Ααυίδ,
626 440 676 504 καί
710 449 925 524 θυσιαστήριον
938 441 969 504 ἐν
982 442 1027 503 τῷ
1039 436 1132 503 ἆλῳνι
1146 435 1241 524 Ὀρνα
1260 463 1317 503 του

72 521 238 609 άνήγγειλε,
259 524 313 588 καὶ
333 521 413 587 εἶπεν
434 519 527 606 αὒτῷ.
565 521 676 598 ε”κλεξαι
707 520 897 608 Ἰεβουσαίου.
922 523 951 565 ¹⁹
964 505 1016 588 καί
1028 519 1116 608 ἀνέβη
1128 521 1228 586 Δαυίδ
1238 519 1317 586 κατὰ

73 611 186 690 σεαυτῷ
195 609 354 685 γενέσθαι,
372 610 397 669 εί
408 605 485 696 ἐλθή
499 630 549 670 σοι
562 610 632 691 τρία
645 608 674 669 ἐ·
711 602 765 669 τόν
777 603 867 683 λόγον
878 604 965 680 Γὰδ,
990 603 1061 672 καθ’
1082 601 1118 669 δν
1132 600 1246 691 τρόπον
1257 608 1317 669 ίνε·

72 715 109 775 τη
120 689 204 772 λιμός
221 693 254 755 ἐν
270 693 309 773 τῆ
320 692 359 782 γῇ
374 714 442 766 σου,
465 687 485 774 ἢ
499 697 574 774 τρεῖς
585 693 678 770 μῆνας
712 686 829 752 τείλατο
842 685 925 770 αὐτῷ
939 683 1047 775 κόριος.
1072 691 1105 733 22
1118 689 1170 753 καί
1182 688 1318 771 διίκυεγεν

72 768 184 854 ῳεάγειν
210 798 243 837 σε
267 761 438 858 ἔμπροσθεν
468 775 530 837 τῷν
561 773 678 876 ίήθρῷν
708 766 816 853 Ὀρνά,
843 768 961 835 καίείδε
980 770 1170 859 τὸνβασιίκα
1182 769 1318 848 καὶτοὺς

71 882 136 933 σου,
147 857 199 920 καί
211 857 331 921 ἐσονται
344 849 499 930 διώκοντές
512 880 554 932 σε,
568 856 676 938 ήγενί-
710 852 822 927 παῖδας
835 850 929 918 αὐτοῦ
947 880 992 918 πα
1012 858 1246 960 πορευομένους
1260 857 1316 921 ἐπ-

71 949 149 1005 σθαι
168 947 244 1023 τρεῖς
253 935 370 1045 ήμέρας
381 934 518 1004 θάνατον
530 940 561 1003 ἐν
572 942 612 1021 τῆ
635 943 675 1031 γῇ
711 930 774 1000 άνιο
788 933 895 1000 αὐτοῦ.
930 938 983 1000 καί
993 879 1117 1020 ἐξῆλθεν
1148 936 1239 1024 Ορνδι,
1264 939 1317 1004 καί

70 1047 135 1087 σου.
162 1025 215 1085 νῦν
233 1047 287 1087 ουν
302 1026 399 1101 γνῷθι
417 1024 468 1087 καί
485 1023 527 1086 ἴδε
546 1026 578 1085 τί
593 1008 676 1085 ’άπο-
710 1014 908 1104 προςεκόνησε
930 1022 973 1099 τῷ
997 1019 1112 1120 βασιλεῖ
1131 1024 1183 1085 ἐπί
1197 1017 1317 1108 πρόςω-

70 1131 89 1168 κ
109 1108 170 1168 ιθῷ
179 1108 222 1186 τῷ
232 1102 484 1186 ἆποστείλαντίμε
494 1107 582 1206 ρήμα.
594 1102 677 1166 14καί
710 1125 770 1166 πον
789 1098 883 1165 ὰύτοῦ
905 1102 956 1165 ἐπί
972 1125 1025 1183 τήν
1041 1106 1105 1201 γήν.
1131 1104 1159 1143 ²¹
1172 1106 1224 1167 καί
1239 1103 1316 1169 εἶπεν

70 1129 134 1252 είίτε
146 1187 244 1252 Δαυίδ
253 1185 331 1272 πρὸς
342 1182 417 1251 Γάδ.
438 1212 525 1251 στενα
536 1212 587 1269 μοι
598 1181 676 1249 πάν-
708 1178 813 1268 Ὀρνά.
838 1188 870 1247 τί
885 1177 933 1247 ότι
957 1170 1050 1265 ἦλθεν
1068 1208 1086 1246 ο
1108 1177 1207 1268 κόριός
1220 1212 1280 1285 μου
1297 1183 1316 1250 5

70 1279 162 1335 τοθεν
174 1265 294 1353 σφόδρα
307 1272 379 1333 ἐστί.
399 1272 414 1333 ἐ
435 1273 579 1349 πεσοῦμαι
589 1266 625 1349 δή
639 1271 677 1342 είς
711 1262 850 1352 βασιλεὺς
861 1263 938 1352 πρὸς
951 1264 1007 1330 τὸν
1020 1264 1130 1330 δοῦλον
1143 1263 1236 1330 αιἰτου
1244 1295 1254 1341 ,·
1269 1269 1320 1332 καί

71 1363 170 1434 χεῖρας
181 1356 294 1433 κυρίου,
308 1347 355 1415 ότι
367 1297 477 1414 πολλοὶ
490 1354 520 1414 oz
532 1351 677 1434 οἰκτιρμοί
712 1348 774 1413 εἶπε
785 1349 890 1414 Δαυίδ.
913 1343 1086 1432 κτήσασθαι
1099 1344 1186 1433 παρὰ
1200 1352 1254 1413 σοῦ
1266 1347 1320 1413 τὸν

72 1430 171 1497 αὐτοῦ
184 1427 316 1517 σφόδρα,
342 1437 381 1507 είς
398 1432 430 1497 δὲ
445 1444 542 1517 χεῖρας
554 1427 675 1518 άνθρῷ-
713 1428 818 1496 ἅλωνα
829 1437 882 1497 τοῦ
896 1431 1093 1514 οἰκοδομῆσαι
1102 1425 1319 1517 θυσιαστήριον

70 1541 134 1580 που
153 1511 189 1578 σά
206 1511 248 1597 μή
265 1516 391 1596 ἐμπέσω.
417 1516 508 1579 1ίκαί
524 1515 674 1592 ἐξελέξατο
711 1517 757 1601 τῷ
767 1520 869 1602 κυρίῳ,
883 1518 935 1580 καὶ
947 1518 1076 1599 συσχεθῆ
1088 1512 1107 1598 ή
1119 1524 1146 1579 θ
1164 1518 1250 1588 αῦσις
1262 1519 1318 1580 ε’π·

71 1601 173 1680 ἑαυτῷ
184 1598 281 1662 Δαυίδ
296 1595 350 1663 τόν
365 1593 509 1664 θάνατον.
535 1601 586 1664 καί
602 1594 675 1682 ήμέ-
711 1593 774 1664 άνοι
803 1603 859 1663 τοῦ
884 1599 971 1663 λαοῦ.
1009 1600 1039 1640 22
1055 1584 1109 1662 ’καί
1125 1540 1203 1662 είίτεν
1219 1592 1317 1682 Ὀρνά

71 1708 124 1764 ραι
136 1685 278 1765 θερισμοῦ
288 1686 398 1764 πυρῶν,
410 1684 463 1747 καί
473 1682 562 1746 ἐδονκε
574 1677 675 1767 κάριος
710 1678 786 1767 πρὸς
800 1683 906 1747 Δαυίδ.
932 1680 971 1746 λα
990 1684 1049 1746 ε’τιο
1067 1681 1119 1745 καί
1136 1678 1317 1759 ἀνενεγκᾶτῳ

70 1759 208 1828 θάνατον
219 1768 251 1829 ἐν
259 1761 381 1851 Ἰσραήλ
393 1762 457 1830 άπὸ
470 1767 607 1850 πρῳίθεν
619 1771 675 1840 ἕως
711 1762 729 1830 5
741 1760 842 1852 κόριός
853 1791 911 1847 μου
928 1761 946 1829 ό
979 1761 1096 1838 ασιλεδς
1114 1769 1160 1847 τῷ
1173 1771 1265 1848 κυρίῳ
1277 1761 1314 1827 τό

69 1843 151 1932 ὥρας
162 1844 301 1930 ἀρίστου,
321 1849 372 1912 καί
385 1847 498 1935 ἤρξατο
511 1845 530 1931 ή
543 1853 674 1933 θραῦσις
710 1844 829 1926 ἀγαθόν
842 1852 873 1913 ἐν
886 1845 1059 1931 ὀφθαλμοῖς
1076 1844 1181 1913 αὖτοῦ.
1206 1845 1270 1913 ίδοδ
1285 1850 1316 1911 οί

69 1933 101 1994 ἐν
112 1933 155 2011 τῷ
167 1929 241 2012 λαῷ.
254 1933 306 1995 καί
318 1929 471 1998 ἀπέθανεν
480 1934 513 1996 ἐκ
526 1937 582 1996 τοῦ
595 1931 673 1996 λαοῦ
709 1927 776 2017 βόες
793 1936 833 2007 είς
852 1927 1069 2013 ὁλοκαότωμα,
1095 1934 1146 1997 καί
1165 1936 1196 1997 οἱ
1212 1930 1317 2017 τροχοί

69 2011 134 2076 ἀπὸ
147 2008 211 2076 Δάν
222 2016 274 2077 καὶ
286 2017 341 2088 ἕως
353 2013 521 2101 Βήρσαβεὲ,
546 2012 674 2101 ἑβδομή·
710 2017 761 2080 καί
773 2015 812 2080 τά
824 2009 912 2097 σκεόη
924 2019 985 2079 τῷν
997 2019 1078 2101 βοῶν
1089 2018 1128 2090 είς
1140 2010 1227 2091 ξόλα.
1239 2011 1315 2077 22τὰ

69 2119 159 2159 κοντα
170 2093 294 2177 χιλιάδες
311 2095 437 2183 ἀνδρῶν.
463 2099 556 2162 16καί
570 2101 674 2175 ίξέτει-
709 2094 812 2162 πάντα
827 2094 1038 2184 ἐδωκενὌρνά
1055 2102 1099 2180 τῷ
1116 2098 1238 2184 βασιλεῖ.
1263 2096 1316 2162 καί

69 2202 116 2242 νεν
128 2175 145 2242 ὁ
159 2178 282 2256 οίγγελος
294 2184 350 2244 τοῦ
365 2184 441 2245 θεοῦ
454 2178 509 2264 τήν
521 2192 605 2265 χεῖρα
617 2179 674 2244 αδ·
710 2178 788 2245 εἶπεν
797 2176 892 2263 Ὀρνά
903 2207 927 2246 π
951 2178 979 2254 ’ς
991 2177 1045 2244 τὸν
1057 2179 1190 2265 βασιλέα.
1216 2176 1252 2245 κό
1272 2204 1317 2255 ιος

68 2265 124 2324 τοῦ
148 2264 187 2337 είς
207 2259 374 2346 Ἰερουσαλί
379 2290 400 2344 μ
424 2267 481 2328 τοῦ
503 2262 674 2348 διαφθεῖραι
712 2259 729 2326 5
742 2258 814 2335 θεός
826 2286 881 2325 σου
893 2205 1050 2344 εὗίόγήσαι
1063 2287 1104 2327 σε.
1129 2262 1161 2304 ²⁴
1173 2265 1225 2328 καί
1237 2205 1316 2327 είπεν

68 2341 163 2428 αὐτήν
167 2392 178 2420 ,
204 2347 256 2408 καί
266 2291 444 2430 παρεκίήθή
461 2340 561 2430 κόριος
574 2347 625 2410 ἐπὶ
637 2350 673 2440 τῇ
713 2341 731 2409 5
738 2339 878 2448 βασιλεὺς
889 2343 965 2429 πρὸς
975 2339 1075 2431 Ὀρνά.
1102 2342 1181 2429 οὖχί,
1197 2341 1245 2411 ότι
1258 2342 1316 2410 ιἰλ-

68 2432 170 2506 κακίῳ,
192 2429 242 2489 καί
264 2425 326 2490 εἶπε
343 2433 387 2509 τῷ
406 2425 525 2504 ἆγγελω
543 2431 588 2508 τῷ
608 2429 674 2491 δια-
711 2428 751 2490 λα
776 2423 919 2507 κτώμενος
941 2421 1086 2508 κτήσομαι
1102 2423 1188 2510 παρὰ
1205 2432 1262 2492 σοῦ
1287 2429 1318 2490 ἐν

70 2513 227 2591 φθείροντι
240 2510 271 2571 ἐν
285 2512 328 2591 τῷ
339 2507 413 2591 λαῷ.
439 2490 521 2570 πολδ
533 2512 595 2582 νῦν,
610 2507 675 2584 άνες
712 2504 935 2589 δναλλάγματι,
951 2509 1004 2570 καί
1016 2505 1070 2570 οὒκ
1084 2504 1194 2571 άνσίσῳ
1206 2512 1252 2590 τῷ
1265 2534 1317 2572 κυ-

68 2587 126 2672 τήν
139 2586 222 2691 χεῖρά
240 2614 303 2653 σου.
328 2592 379 2652 καί
396 2584 414 2652 5
433 2587 555 2666 ἅγγελος
572 2596 675 2675 κυρίου
712 2597 768 2676 ρίῳ
792 2616 849 2671 μου
876 2593 940 2672 θεῷ
969 2583 1170 2671 δλοκαάτωμα
1196 2587 1316 2675 δωρεάν.

67 2661 107 2755 ἦν
119 2697 207 2756 παρα
218 2675 256 2754 τῆ
269 2667 334 2755 άλῳ
344 2666 439 2758 Ὀρνά
448 2676 506 2735 τοῦ
514 2669 675 2774 Ἰεβουσαί-
711 2675 762 2737 καί
780 2668 925 2757 ἐκτήσατο
943 2672 1042 2736 Δαυίδ
1058 2671 1113 2736 τὸν
1134 2669 1236 2737 ἅλωνα
1266 2676 1317 2738 καί

68 2779 117 2818 ου.
142 2744 306 2818 17καίέἶπε
319 2755 418 2821 Δαυίδ
430 2751 506 2840 πρὸς
519 2781 628 2842 κυριον,
642 2760 674 2822 ἓν
711 2754 781 2831 τοὺς
793 2751 867 2842 βόας
884 2759 916 2820 ἐν
933 2752 1068 2841 ἆργυρίῳ
1087 2755 1195 2820 σίκλων
1210 2752 1311 2839 πεντή

67 2841 115 2920 τῷ
128 2837 196 2901 ἰδεῖν
218 2837 312 2902 αὐτόν
332 2836 386 2903 τόν
408 2836 533 2916 δι’γγελον
556 2835 609 2904 τὸν
622 2835 674 2904 τό-
710 2864 809 2906 κοντα.
837 2841 866 2882 ²⁵
879 2841 932 2904 καί
951 2836 1137 2924 ᾠκοδόμησεν
1149 2841 1316 2907 ε’κεῖΔαυίδ

65 2945 186 2986 πτοντα
198 2923 228 2984 ἐν
240 2925 286 3003 τῷ
296 2920 373 3006 λαῷ,
388 2924 438 2986 καί
450 2921 535 2987 εἶπεν.
564 2921 628 2987 ίδοδ
643 2928 673 2988 ἐ-
709 2919 926 3009 θυσιαστήριον
950 2930 1059 3010 κυρίῳ,
1085 2928 1138 2988 καί
1163 2921 1315 3006 ἀνήνεγκεν

65 2999 111 3082 γαί
131 3009 185 3085 είμι
205 3002 338 3089 ἠδίκησα.
369 3007 422 3070 καί
438 2996 521 3071 οὗτοι
538 3003 578 3071 τά
595 3003 673 3093 πρό·
709 3003 923 3081 ὁλοκαυτώσεις
935 3009 986 3071 καί
998 3001 1147 3116 εἰρηνικάς.
1161 3010 1212 3072 καί
1223 3033 1315 3094 προς-

64 3090 147 3173 βατα
160 3093 191 3150 τί
204 3089 348 3171 ἐποίησαν
351 3118 364 3168 ;
385 3092 517 3167 γενέσθω
529 3086 567 3175 δή
580 3088 599 3174 ἢ
611 3088 672 3176 χείρ
708 3095 799 3175 ἔθηκε
812 3089 971 3173 Σαλιομιδν
987 3093 1038 3156 ἐπι
1051 3089 1087 3155 τό
1099 3089 1315 3194 θυσιαστήριον

66 3195 121 3234 σου
135 3174 166 3234 ἐν
179 3173 257 3252 ἐμοὶ,
282 3174 334 3237 καί
348 3175 378 3235 ἐν
396 3176 440 3256 τῷ
454 3175 527 3257 οἴκῳ
540 3179 595 3239 τοῦ
609 3201 670 3240 πα·
707 3173 751 3239 ἐπ’
769 3171 894 3260 ἐσχάτῳ,
907 3168 1070 3278 ὅτιμικρόν
1082 3162 1119 3258 ήν
1131 3179 1163 3239 ἐν
1172 3200 1313 3282 πρωτοις.

65 3248 137 3336 τρός
148 3279 213 3335 μου.
238 3255 268 3296 ¹⁸
280 3256 332 3317 καί
345 3245 420 3335 ήλθε
435 3253 506 3321 Γάδ
516 3284 540 3321 π
560 3254 593 3332 ὸς
607 3263 672 3322 Λα-
707 3259 758 3322 καί
770 3257 917 3358 ἐπήκουσε
933 3283 1033 3343 κυριος
1046 3262 1085 3350 τῇ
1096 3261 1151 3348 γῇ,
1163 3284 1215 3322 και
1228 3283 1314 3322 συνε-

64 3337 114 3400 υίδ
126 3337 157 3399 ἐν
170 3339 206 3425 τῇ
221 3332 315 3418 ἡμέρᾳ
328 3339 436 3428 ἐκείνῃ,
459 3340 511 3402 καί
522 3282 601 3405 εἷότεν
615 3338 672 3404 αὗ-
708 3343 801 3424 σχὲθή
816 3367 834 3422 η
848 3343 976 3424 θραῦσις
995 3335 1151 3404 ἐπάναθεν
1160 3335 1292 3424 Ἰσραήλ.

366 3639 1019 3752 ΒΑΣΙΛΕΙΩΝ

570 3791 811 3856 ΤΡΙΤΗ.

258 3928 333 3985 ΚΕ
344 3927 382 3986 (ί).
424 3924 482 3990 A'.
710 3951 793 3992 σεται
806 3924 864 4009 μετ’
880 3922 992 4001 αὐτοῦ,
1010 3927 1061 3990 καί
1073 3923 1313 4012 θερμανθήσεται

66 3969 154 4067 Καὶ
170 4000 187 4068 5
204 4005 340 4090 βασιλεὺς
363 4009 463 4072 Δαυὶδ
479 4005 621 4095 πρεσβότε
640 4036 674 4085 ος
709 4008 726 4074 5
740 4006 841 4096 κόριός
852 4035 909 4093 μου
922 4009 940 4074 5
951 4007 1094 4096 βασιλεύς.
1124 4012 1198 4077 3καί
1211 4008 1313 4097 ἐζήτη-

66 4088 257 4193 προβεβήκώς
270 4087 405 4175 ἡμέραις,
418 4036 674 4179 καίπεριίβαλίον
708 4120 763 4159 συν
785 4091 901 4159 νεάνιδα
915 4093 1009 4178 καλήν
1036 4096 1067 4158 ἐκ
1089 4098 1201 4171 παντὸς
1223 4094 1311 4181 ὁρίου

68 4170 163 4235 αυτὸν
175 4176 316 4253 ἱματίοις,
342 4176 393 4238 καί
405 4173 460 4239 οὐκ
473 4179 672 4260 ἐθερμαίνετο.
705 4175 836 4262 Ἰσραήλ.
863 4178 914 4242 καί
938 4170 1023 4263 εὖρον
1043 4175 1098 4263 τήν
1114 4176 1237 4286 Ἀβισάγ
1259 4177 1312 4280 τήν

68 4255 85 4296 2
98 4255 150 4317 καί
162 4253 246 4319 εἶπον
259 4261 289 4319 oz
301 4257 403 4331 παῖδες
416 4256 520 4322 αὐτοῦ.
546 4263 674 4342 ζήτησα-
708 4266 889 4343 Σῳμανίτιν,
914 4261 966 4326 καί
982 4260 1104 4345 ἤνεγκαν
1120 4263 1215 4345 αυτὴν
1234 4285 1312 4345 προς

67 4361 171 4401 τιοσαν
181 4342 225 4419 τῷ
245 4338 363 4422 βασιλεῖ
376 4344 532 4425 παρθένον
549 4343 674 4417 νεάνιδα,
709 4341 912 4488 τὸνβασιλέα.
938 4343 1019 4409 4καὶ
1032 4341 1050 4426 ή
1064 4350 1156 4416 νεᾶνις
1169 4338 1244 4423 καλή
1259 4346 1313 4412 ἕως

66 4420 119 4482 καί
131 4417 356 4523 παραστήσεται
369 4427 412 4504 τῷ
425 4424 554 4508 βασιλεῖ,
580 4427 631 4488 καί
643 4426 676 4486 ἔ·
709 4419 767 4503 σφό
786 4451 833 4509 ρα.
861 4429 912 4490 καί
932 4415 967 4505 ήν
979 4422 1144 4488 θάλπουσα
1162 4420 1214 4484 τὸν
1226 4427 1314 4506 βασι-

67 4525 138 4565 σται
154 4499 249 4566 αυτὸν
260 4497 436 4582 θάλπουσα,
461 4507 512 4570 καί
527 4500 675 4587 κοιμηθή-
708 4505 772 4583 λεἀ,
785 4508 837 4571 καί
854 4501 1027 4648 ἐήιιτοόργει
1045 4501 1137 4582 αὐτῷ.
1164 4503 1215 4562 καί
1227 4499 1315 4638 ὄβρ-

1227 4603 1257 4640 m
1285 4601 1327 4649 υτ,
