2924 4972
147 221 216 288 306
330 217 629 281 ΒΑΣΙΛΕῙΩΝ
652 215 833 278 ΠΡΩΊἮ
872 214 1208 294 Κεφ.λ’.λα’.30.31.

151 333 208 397 εἶπε
224 330 330 396 Δαυίδ.
359 326 395 393 ού
404 325 541 410 ποιήσετε
554 325 662 402 οὕτως,
684 328 758 411 μετὰ
795 327 899 392 αὐτοῦ.
926 328 1040 395 σπάσαι
1051 329 1105 414 τὴν
1120 336 1273 434 ῥομφαίαν
1286 362 1341 401 σου
1354 341 1406 403 καί

148 414 186 481 τὸ
207 414 398 500 παραδοῦναι
420 408 474 476 τὸν
494 405 596 495 κύριον
616 406 685 494 ἡμῖν
708 412 759 475 καί
795 407 999 496 ἀποκέντησόν
1011 439 1047 497 με
1059 416 1091 479 ἐν
1104 420 1192 509 αυτῇ,
1217 415 1257 520 μη
1270 418 1407 485 ἔλθωσιν

149 494 277 580 φυλάξαι
300 493 386 579 ἡμᾶς,
412 496 465 558 καί
485 493 640 579 παρέδωκε
659 489 760 579 κύριος
796 493 1033 581 οἶάπερίτμητοι
1057 489 1141 561 οὗτοι
1166 501 1219 562 καὶ
1237 506 1406 606 αποκεντη-

152 579 205 645 τὸν
222 578 357 663 Γεδδούρ
376 577 430 642 τὸν
447 573 638 662 ἐπερχόμενον
658 574 702 658 ἐφ’
725 575 760 660 ἡ·
796 584 874 642 σωοί
884 603 918 660 με
930 583 981 644 καί
994 581 1174 661 ἕμπαίξωοιν
1186 585 1259 664 ἐμοί.
1285 587 1337 648 καί
1350 612 1405 650 ουκ

151 669 207 738 ιιᾶς
226 669 265 738 εἰς
282 675 380 748 χεῖρας
393 656 484 744 ἡμῶν.
509 660 540 701 ²⁴
552 661 604 724 καὶ
619 664 665 734 τίς
684 662 760 724 ἕπα-
796 661 937 747 ἐβούλετο
951 661 969 725 ὁ
984 664 1078 747 αἴρων
1090 663 1130 727 τὰ
1143 664 1231 746 σκεύη
1244 663 1405 743 αὐτοῦ,δτι

151 745 290 811 καύσεται
315 742 396 826 όμῶν
419 748 479 807 τῶν
501 739 600 820 λόγων
621 738 740 808 τούτων
745 770 758 820 ,’
798 741 936 831 ἐφοβήθη
959 742 1088 832 σφόδρα.
1114 748 1166 811 καὶ
1189 747 1279 834 ἔλαβε
1299 749 1404 815 Σαούλ

151 826 199 893 ὅτι
210 821 364 913 ούχῆττον
374 823 456 910 ἡμῶν
466 822 695 900 εἶσι,διότικατδι
706 825 760 908 τὴν
796 826 851 930 την
868 832 1027 914 ῥομφαίαν,
1052 831 1104 892 καί
1121 831 1263 895 ἐπέπεσεν
1279 830 1323 895 ἐπ’
1346 835 1402 897 αύ-

148 913 252 997 μερίδα
263 913 600 994 τούκαταβαίνοντοςείς
609 906 761 973 τδνπύλε-
795 933 856 991 την.
882 911 897 953 ⁵
910 910 962 974 καί
973 909 1045 976 εἶδεν
1056 908 1074 975 ὁ
1088 911 1182 995 αἴρων
1193 913 1234 977 τὰ
1248 911 1335 998 σκεύη
1348 914 1402 980 αύ-

149 1019 217 1079 μον,
225 990 322 1069 ούτως
335 996 419 1058 ἔσται
431 987 450 1073 ἢ
464 993 543 1076 μερίς
557 995 614 1055 τοῦ
627 995 760 1074 καθημέ-
797 997 852 1058 τού
869 987 917 1056 ότι
934 996 1059 1077 τέθνηκε
1070 992 1189 1071 Σαοὺλ,
1215 999 1268 1061 καί
1280 1001 1404 1064 ἐπέπεσε

149 1104 204 1143 νου
217 1078 268 1143 ἐπί
279 1076 320 1141 τδι
334 1071 433 1157 σκεύη,
450 1071 579 1139 κατὰτὸ
592 1071 760 1159 αύτδμερι-
798 1076 849 1140 καλ
868 1072 960 1150 αὐτὸς
978 1079 1028 1141 ἐπὶ
1052 1076 1105 1160 τὴν
1122 1079 1274 1161 ῥομφαίαν
1297 1079 1403 1158 αὐτοῦ,

151 1165 266 1227 οῦνται.
291 1158 320 1202 ²⁶
333 1160 384 1223 καί
402 1155 527 1240 ἐγενήθη
541 1154 605 1222 ἀπὸ
620 1161 672 1242 τῆς
686 1157 760 1243 ἢμέ-
796 1159 848 1222 καὶ
865 1158 1000 1224 ἀπέθανε
1017 1158 1076 1243 μετ’
1093 1159 1199 1225 αὐτοῦ.
1232 1165 1311 1227 θκαί
1327 1162 1400 1229 ἀπέ-

150 1271 205 1331 ρας
218 1249 323 1326 ἐκείνης
340 1243 392 1305 καί
411 1236 514 1306 ἐπάνω
527 1240 579 1305 καί
595 1242 707 1318 ἐγένετο
720 1245 760 1316 εἰς
796 1251 871 1307 δανε
883 1239 989 1308 Σαούλ
1007 1246 1059 1308 καί
1076 1248 1108 1307 οἱ
1125 1255 1203 1328 τρεῖς
1221 1248 1282 1310 υἱοὶ
1294 1246 1403 1322 αὐτοῦ,

149 1324 325 1410 πρόςταγμα
336 1326 388 1389 καί
397 1328 436 1398 είς
444 1324 592 1407 δικαίωμα
603 1328 648 1405 τῷ
657 1321 759 1408 Ἰορα-
796 1326 848 1389 καί
861 1321 879 1389 ὁ
893 1325 986 1410 αἴρων
997 1324 1037 1391 τά
1051 1321 1140 1410 σκεύη
1159 1327 1256 1393 αὐτοῦ
1273 1333 1305 1394 ἓν
1317 1336 1354 1406 τῆ
1368 1327 1404 1413 ἡ-

150 1408 190 1490 ὴλ
203 1416 258 1485 ἕως
269 1413 322 1492 τῆς
340 1403 473 1493 σήμερον.
498 1408 528 1450 ²⁰
541 1408 592 1471 καί
605 1396 681 1489 ἦλθε
693 1412 760 1471 Δα-
796 1410 872 1492 μέρᾳ
886 1410 980 1500 ἐκείνη
992 1406 1121 1474 κατὰτὸ
1134 1407 1220 1474 αύτό.
1247 1413 1317 1476 7καὶ
1329 1400 1405 1478 ε’ίδον

150 1494 200 1558 υίδ
224 1497 263 1567 είς
288 1490 428 1564 Σικελία,
444 1491 494 1554 καί
519 1487 672 1555 ἀπέστειλε
695 1501 759 1566 τοῖς
797 1494 828 1555 οἶ
840 1490 941 1575 ἄνδρες
949 1489 1073 1577 Ἰσραὴλ
1091 1498 1122 1558 οί
1135 1497 1166 1557 ἐν
1181 1499 1225 1576 τῷ
1243 1498 1340 1580 πέραν
1352 1501 1404 1578 τῆς

150 1577 359 1662 πρεσβυτέροις
381 1577 442 1639 τῶν
455 1569 572 1639 σκύλων
582 1569 685 1638 Ἰούδα
707 1575 759 1637 καί
797 1569 935 1648 κοιλάδος
948 1577 1000 1638 καί
1013 1579 1045 1639 οἱ
1053 1580 1085 1640 ἐν
1094 1580 1139 1659 τῷ
1148 1582 1245 1659 πέραν
1258 1583 1316 1643 τού
1325 1577 1403 1661 Ἰορ-

150 1671 214 1735 τοῖς
230 1657 359 1740 πλησίον
372 1653 479 1735 αὐτοῦ,
492 1657 594 1733 λέγων.
616 1656 681 1721 ἰδού
694 1654 757 1723 άπὸ
797 1653 900 1733 δάνου,
913 1653 961 1721 ὅτι
974 1659 1086 1739 ἔφυγον
1105 1663 1136 1722 οἱ
1155 1657 1259 1745 άνδρες
1269 1659 1403 1746 Ἰσραὴλ,

149 1747 213 1807 τῶν
226 1739 343 1807 σκύλων
355 1744 415 1804 τῶν
425 1741 542 1824 ἐχθρῶν
550 1744 661 1822 κυρίου,
667 1741 759 1814 27τοῖς
796 1741 848 1804 καὶ
861 1735 907 1804 ὅτι
921 1743 1045 1824 τέθνηκε
1053 1737 1160 1806 Σαούλ
1168 1744 1220 1806 καί
1233 1748 1263 1807 σί
1273 1746 1334 1807 υἱοὶ
1346 1744 1403 1808 αύ-

151 1829 183 1892 ίν
194 1821 377 1906 Βαιθοοδρ,
402 1824 454 1886 καί
467 1831 530 1895 τοῖς
543 1817 758 1904 Ῥαμᾷνότου,
796 1825 864 1898 τού,
876 1825 928 1888 καὶ
940 1823 1150 1889 καταλείπουσι
1168 1824 1222 1900 τάς
1233 1821 1332 1899 πόλεις
1346 1825 1403 1891 αύ-

150 1912 278 1983 καὶτοῖς
290 1910 321 1972 ἐν
335 1903 451 1991 Γεθδρ,
484 1904 516 1946 ²⁸
527 1905 579 1967 καὶ
591 1902 758 1981 τοῖςένἈ-
797 1909 858 1969 τῶν
882 1907 935 1970 καί
959 1903 1106 1987 φεύγουσι.
1133 1909 1186 1972 καὶ
1209 1910 1345 1992 ἔρχονται
1372 1913 1404 1973 οἷ

150 1992 243 2079 ροηρ,
256 1992 381 2064 καὶτοῖς
393 1991 423 2051 ἒν
434 1985 575 2069 Ἀμμαδλ,
588 1989 640 2052 καί
652 1999 716 2062 τοῖς
728 1991 758 2052 ἐν
797 1983 962 2068 ἀλλόφυλοι
974 1991 1026 2054 καὶ
1043 1994 1232 2056 κατοικοῦσιν
1245 1995 1275 2055 ἒν
1287 1988 1403 2067 αὐταῖς.

150 2078 246 2156 Σαφί,
259 2077 311 2139 καί
321 2082 386 2148 τοῖς
404 2074 434 2135 ἐν
448 2068 562 2146 Ἐσθιό,
587 2072 618 2114 29
630 2073 683 2136 καί
695 2083 759 2147 τοῖς
797 2071 813 2113 ⁸
826 2074 877 2135 καί
889 2067 1014 2158 ἐγενηθη
1026 2078 1064 2165 τῇ
1074 2070 1215 2160 ἐπαύριον
1227 2075 1361 2159 ἔρχονται
1372 2079 1403 2139 οῖ

151 2161 183 2225 ἐν
196 2157 274 2234 Γὲθ,
300 2158 352 2221 καλ
365 2167 429 2230 τοῖς
442 2158 474 2220 ἓν
485 2150 603 2235 Κιμδιθ,
630 2157 683 2221 καί
696 2166 759 2230 τοῖς
798 2151 965 2238 ἀλλόφυλοι
986 2152 1161 2222 ἐκδιδάσκειν
1177 2154 1248 2231 τούς
1271 2155 1403 2243 νεκρούς,

151 2245 182 2306 ἐν
193 2239 307 2320 Σαφὲκ,
317 2240 442 2312 καὶτοῖς
454 2241 486 2301 ἓν
499 2234 619 2320 Θημάθ,
631 2239 682 2304 καὶ
694 2248 759 2312 τοῖς
798 2238 850 2301 καί
870 2237 1039 2322 εὑρίσκουσι
1061 2239 1114 2305 τὸν
1135 2237 1241 2304 Σαοὺλ
1259 2242 1310 2304 καί
1332 2266 1403 2313 τους

153 2329 185 2389 ἐν
198 2320 368 2408 Καρμήλῳ,
390 2323 518 2395 καὶτοῖς
531 2324 562 2385 ἐν
574 2332 641 2395 ταῖς
653 2321 758 2386 πόλεσι
799 2331 875 2405 τρεῖς
888 2318 972 2394 υίούς
985 2319 1080 2386 αὐτοῦ
1092 2320 1288 2396 πεπτωκότας
1299 2325 1349 2386 ἐπὶ
1361 2321 1401 2386 τά

151 2403 376 2493 τοῦἸερεμεηλ,
394 2406 520 2478 καὶτοῖς
533 2407 642 2479 ἒνταίς
654 2401 758 2469 πόλεσι
798 2401 854 2505 όρη
877 2401 1016 2488 Γελβουέ.
1057 2406 1136 2470 9καί
1161 2402 1403 2491 άποοτρὲφουοιν

151 2496 207 2555 τοῦ
221 2492 333 2568 Κενεζί,
360 2489 392 2531 ³⁰
404 2489 456 2553 καί
472 2498 535 2561 τοῖς
553 2490 583 2551 ἐν
594 2484 757 2574 Ἰεριμούθ,
798 2486 902 2562 αυτὸν,
927 2488 978 2550 καί
991 2488 1128 2563 ἐξέδυσαν
1139 2486 1180 2553 τά
1193 2485 1282 2571 σκεύη
1295 2487 1402 2565 αὐτοῦ,

151 2576 204 2639 καί
229 2587 292 2650 τοῖς
318 2575 351 2638 ἐν
372 2569 540 2657 Βηρσαβεί,
565 2573 617 2636 καί
641 2582 704 2646 τοῖς
728 2574 759 2636 ίν
798 2571 848 2634 καί
860 2567 1091 2637 ἀποστέλλουσιν
1100 2570 1180 2636 αὐτὰ
1193 2575 1232 2645 είς
1244 2577 1298 2656 γῆν
1311 2569 1404 2636 ἄλλο·

152 2657 269 2742 Νομβὲ,
296 2656 473 2727 31καλτοίς
491 2656 521 2716 ἐν
540 2651 681 2740 Χεβρὼν,
707 2655 759 2718 καί
798 2648 900 2734 φύλων
916 2650 1015 2736 κύκλῳ
1035 2652 1266 2734 εύαγγελίζουτες
1283 2664 1346 2728 τοῖς
1363 2657 1403 2717 εί-

151 2736 267 2813 πάντας
283 2735 355 2810 τοὺς
372 2731 485 2810 τόπους
504 2732 556 2810 οὓς
574 2736 678 2819 διῆλθε
692 2741 758 2801 Δα-
798 2731 905 2810 διόλοις
918 2734 1017 2801 αὐτῶν
1029 2740 1080 2802 καί
1091 2743 1135 2821 τῷ
1148 2738 1224 2819 λαῷ.
1237 2738 1322 2801 10καὶ
1333 2733 1404 2802 άνέ-

151 2823 201 2887 υίδ
211 2825 271 2886 ἐκεῖ
280 2816 371 2894 αὐτὸς
384 2819 435 2882 καί
447 2821 478 2881 oz
490 2815 592 2901 άνδρες
602 2816 705 2883 αὐτοῦ.
797 2829 898 2900 θηκαν
909 2816 948 2883 τὰ
962 2817 1047 2903 σκεύη
1065 2817 1161 2885 αὐτοῦ
1175 2824 1213 2892 εἰς
1225 2818 1263 2882 τὸ
1271 2817 1403 2902 Ἀστυρ-

330 2908 404 2968 ΚΕ
418 2905 456 2965 Φ.
498 2897 588 2965 AA'.
798 2912 885 2977 τεῖον,
899 2900 999 2967 καὶτὸ
1018 2906 1105 2987 σῶμα
1123 2898 1219 2967 αὐτοῦ
1232 2901 1402 3004 κατέπηξαν

151 2955 238 3054 Καὶ
266 2992 297 3052 οί
321 2981 491 3064 ἀλλόφυλοι
521 2984 683 3068 ἐπολέμουν
707 2987 759 3050 ἐπί
797 2990 828 3050 ἒν
840 2990 883 3069 τῷ
896 2992 980 3070 τείχει
992 2982 1148 3089 Βαιθοάμ.
1173 2981 1402 3050 11καίσίκουου·

147 3068 280 3157 Ἰσραὴλ,
297 3071 349 3134 καί
361 3070 471 3149 ἔφυγον
482 3071 513 3131 σί
526 3065 628 3154 δίνδρες
636 3065 759 3177 Ἰσραὴλ
798 3095 843 3135 σιν
856 3073 886 3133 οῖ
898 3074 1103 3144 κατοικοῦντες
1128 3070 1214 3154 Ιαβίς
1230 3072 1282 3150 τῆς
1294 3072 1329 3131 Γ
1326 3066 1403 3132 αλιι-

151 3158 184 3220 ἓκ
195 3147 361 3238 προςοόπου
373 3154 433 3215 τῶν
443 3146 633 3232 άλλοφύλων,
642 3177 694 3217 και
705 3158 757 3216 πί-
797 3153 927 3228 αδίτιδος
939 3149 961 3216 ἃ
977 3157 1120 3234 ἐποίησαν
1131 3155 1161 3215 οί
1178 3147 1344 3229 ἀλλόφυλοι
1357 3155 1401 3231 τῷ

150 3262 260 3302 πτουοι
272 3239 452 3321 τραυματίαι
461 3234 491 3296 ἐν
500 3238 545 3319 τῷ
556 3233 616 3318 ὄρει
626 3240 670 3318 τῷ
678 3235 757 3300 Γελ-
796 3232 910 3301 Σαούλ
949 3239 977 3279 ¹²
989 3236 1040 3300 καί
1062 3232 1231 3316 άνέοτηοαν
1242 3235 1302 3306 πᾶς
1325 3229 1401 3336 άνηρ

149 3323 228 3409 βουέ.
252 3321 324 3385 2καί
335 3313 536 3385 συνάπτουσιν
548 3322 579 3383 οδ
591 3316 757 3401 ἀλλόφυλοι
796 3314 956 3402 δυνάμεως,
981 3320 1033 3383 καί
1044 3314 1253 3403 ἐπορεύθησαν
1264 3311 1335 3398 δλην
1346 3341 1401 3399 την

150 3409 195 3488 τῷ
213 3403 319 3470 Σαοὺλ
336 3405 388 3468 καί
406 3412 468 3477 τοῖς
486 3405 563 3478 υἱοῖς
575 3400 680 3479 αὐτοῦ,
706 3404 758 3467 καί
798 3398 899 3477 νύκτα,
925 3404 976 3466 καὶ
994 3401 1104 3488 ἔλαβον
1126 3396 1162 3465 τό
1185 3403 1273 3483 σῶμα
1295 3399 1402 3465 Σαούλ

150 3492 315 3555 τύπτουσιν
340 3481 508 3565 ἀλλόφυλοι
533 3483 587 3550 τὸν
609 3481 758 3550 Ἰωνάθαν
795 3482 899 3548 καὶτὸ
918 3489 1004 3567 σῶμα
1016 3481 1169 3550 Ἰωνάθου
1186 3488 1242 3550 τοῦ
1260 3487 1327 3548 υἱοῦ
1345 3481 1402 3546 αύ-

150 3576 203 3638 καί
224 3573 280 3639 τὸν
296 3568 460 3655 Ἀμιναδάβ
480 3569 532 3633 καί
552 3566 608 3633 τὸν
620 3569 758 3672 Μεληιοᾶ
795 3570 852 3632 τοῦ
874 3563 936 3632 ἀπὸ
958 3571 1015 3632 τοῦ
1031 3575 1143 3653 τείχους
1164 3564 1326 3645 Βαιθσάμ,
1350 3565 1401 3625 καὶ

152 3654 218 3722 υἱὸν
230 3651 347 3719 Σαούλ.
373 3655 388 3696 ⁸
401 3654 452 3716 καί
464 3646 622 3737 βαρύνεται
635 3648 653 3715 ὁ
666 3651 756 3717 πολι-
796 3653 933 3736 φέρουσιν
945 3647 1056 3726 αὐτούς
1067 3657 1107 3724 εἰς
1116 3649 1217 3734 Ἰαβὶς,
1243 3647 1294 3710 καί
1305 3669 1401 3741 κατα·

150 3765 206 3823 μσς
219 3740 269 3801 ἐπὶ
281 3731 456 3808 Σαοὺλ,καί
469 3733 654 3820 εὑρίσκουσιν
667 3731 759 3801 αὐτόν
795 3741 929 3800 καίουσιν
951 3731 1062 3808 αὐτούς
1071 3737 1136 3797 ἐκεῖ.
1174 3732 1201 3772 ¹³
1212 3729 1270 3826 καίΙ
1284 3726 1400 3808 λαμβα-

152 3826 183 3886 οί
201 3818 375 3884 ἀκοντισταί
392 3815 492 3902 άνδρες
509 3811 640 3894 τοξόται,
665 3821 717 3883 καί
729 3822 759 3882 ε’-
795 3843 877 3883 νουσι
889 3813 929 3881 τά
943 3815 1022 3882 ὀστᾶ
1034 3812 1145 3886 αὐτῶν,
1163 3812 1215 3876 καί
1226 3820 1400 3873 θάπτουσιν

151 3909 363 3985 τραυματίοθη
377 3904 415 3976 εἰς
432 3899 471 3964 τά
484 3897 675 3988 ὑποχόνδρια.
686 3901 759 3965 4καί
797 3899 858 3966 ὑπὸ
876 3900 930 3983 τὴν
948 3897 1083 3982 ἄρουραν
1101 3893 1155 3976 την
1172 3899 1204 3958 ἐν
1222 3889 1324 3975 Ἰαβὶς,
1349 3892 1400 3953 καί

152 3984 325 4052 ελπεΣαούλ
336 3979 411 4066 πρὸς
421 3980 475 4047 τὸν
484 3984 607 4069 αἴροντα
620 3981 659 4048 τά
672 3980 758 4068 σκεύη
796 3979 983 4067 νηστεύουσιν
999 3974 1077 4043 ἑπτά
1090 3973 1208 4062 ἡμέρας.
