2924 4972
174 230 241 306 ρος
384 217 748 286 Μκκιικυκιοπ
779 217 987 279 νεοσσοὶ
1024 211 1154 293 κατ’.
1170 216 1201 280 7.

174 357 206 418 ἐν
218 360 284 424 ταῖς
297 345 447 430 δυνάμεσι,
468 346 519 408 καὶ
530 340 586 407 ούκ
598 341 730 425 ύδικήσει
745 341 779 444 ή-
811 344 843 387 22
854 342 895 427 μή
913 345 992 407 έστω
1009 336 1087 444 μάχη
1103 338 1261 424 άναμέσον
1281 344 1366 423 ἐμοῦ
1383 346 1425 408 καί

175 439 240 518 μᾶς.
280 434 307 474 ¹⁶
320 432 371 494 καί
388 427 512 510 ἔλάλησε
528 424 588 508 μετ’
609 424 710 491 αύτοῖν
727 424 780 489 λο-
812 423 903 508 ύμῶν.
936 420 1000 508 ἥξω
1017 429 1047 489 ἐν
1065 422 1206 508 ανδράοιν
1225 421 1363 500 ὀλίγως,
1385 432 1426 491 ’ίνυ

176 541 246 593 γους
268 509 439 597 είρηνικούς,
457 510 508 574 καί
529 506 644 591 ιύμοσεν
665 505 780 583 αύτοῐς,
812 507 896 591 ὑμῶν
912 507 968 572 ἴδω
985 504 1025 571 τά
1048 503 1198 592 πρόςωπα
1216 503 1279 588 μετ’
1304 506 1426 594 είρήνης.

177 598 280 675 λέγων.
307 592 364 659 ούκ
383 587 578 677 ίαζητήσομεν
598 587 665 673 ύμῖν
676 588 781 666 κακὸν,
812 592 843 634 ²⁹
855 591 906 655 καί
917 577 993 675 ἦλθε
1005 588 1082 675 πρὸς
1090 587 1230 664 Ἰούδαν,
1258 591 1317 655 καί
1329 589 1428 674 ἠσπά-

176 682 228 745 κυί
250 688 315 752 τοῖς
337 675 433 778 ηιλσις
455 672 546 756 ὑμῶν.
573 674 781 738 10καίίνεπί-
813 698 904 740 σαντο
932 667 1083 777 ἀλλήλους
1114 675 1280 757 εἰρηνικῶς.
1322 678 1379 740 καί
1401 679 1428 742 σί

177 785 302 828 στευσαν
320 763 420 841 αυτῷ,
443 758 495 821 καί
506 756 660 842 συνέλαβεν
675 757 706 831 ἐξ
723 752 782 820 αύ-
812 756 953 839 πολέμιοι
965 781 1045 838 ησαν
1064 760 1176 837 έτοιμοι
1188 754 1369 840 ἐξαρπάσω
1381 759 1428 823 τὸν

178 850 242 909 τοῖν
254 840 397 924 ἑξήκοντα
410 837 529 924 ἄνδρας,
554 841 604 904 καί
617 838 783 904 ἀπέκτανεν
811 836 936 904 Ἰούδαν.
961 839 992 882 ³⁰
1005 839 1056 904 καί
1071 834 1214 944 ίγνάσθη
1230 835 1252 903 ὁ
1271 834 1369 917 λόγος
1389 848 1427 925 τῷ

180 924 293 1001 αύτούς
304 927 336 989 ἐν
354 921 446 1007 ήμέρρ
458 927 512 1024 μιᾷ
533 919 611 987 κατὰ
624 922 678 986 τὸν
691 917 782 1000 λόγον
811 917 1068 1006 ’1ούδρ,άτιμετύ
1088 916 1181 986 δόλου
1193 920 1294 1025 ηλθεν
1312 922 1363 990 ἐπ’
1378 925 1428 991 αύ-

180 1006 347 1092 ὃνέγραψε.
387 1007 413 1048 22
427 1030 539 1110 σαρκας
560 1001 651 1069 ὁσίων
664 1028 720 1069 σου
732 1005 783 1069 καί
814 1000 877 1070 τόν.
895 1005 947 1070 καί
958 1004 1095 1089 ἐπτοήθη
1108 1002 1161 1069 ἀπ’
1177 1009 1294 1080 αυτοῦ,
1308 1008 1429 1073 καίούκ

181 1096 294 1173 αἵματα
313 1087 415 1154 αὐτῶν
434 1091 546 1192 ἐξέχεαν
565 1083 664 1170 κύκλῳ
671 1085 783 1173 Ἱερου-
815 1083 966 1212 ἐβουλήθη
981 1089 1025 1152 ἔτι
1038 1089 1108 1154 ἰδεῖν
1125 1083 1162 1151 τὸ
1180 1083 1359 1172 πρόςωπον
1376 1089 1425 1155 αύ-

181 1172 291 1256 σαλήμ,
303 1172 354 1237 καί
372 1168 426 1236 ούκ
437 1196 475 1254 ην
488 1168 592 1244 αύτοῒς
612 1165 782 1234 ὃθάπτωυ.
815 1175 880 1236 τοῦ.
922 1173 997 1235 1καί
1015 1174 1090 1248 ίγνω
1107 1166 1272 1255 Νικάνωρ,
1290 1168 1345 1238 ὅτι
1359 1173 1426 1239 άπε-

180 1256 422 1320 1’καίίπέντεσεν
439 1251 541 1319 αὐτῶν
559 1250 577 1318 ὁ
595 1252 688 1359 φόβος
701 1250 784 1317 καὶὸ
815 1248 957 1338 καλύςθη
970 1251 987 1338 η
999 1252 1091 1340 βουλή
1110 1253 1222 1328 αὐτού,
1235 1256 1291 1318 καί
1305 1257 1428 1333 ἐξ”λθεν

180 1336 292 1441 τρόμος
302 1338 352 1402 ἐπί
360 1337 462 1403 πάντα
471 1336 526 1401 τὸν
535 1334 621 1411 λαὸν,
632 1360 678 1400 οτι
689 1334 783 1400 εἶπαν.
816 1342 854 1412 είς
873 1333 1046 1420 συνάντησιν
1066 1341 1111 1419 τῷ
1127 1333 1233 1420 Ἰούδη
1251 1341 1285 1402 ἐν
1301 1284 1427 1424 πολέμῳ

182 1446 237 1485 ουκ
250 1424 329 1485 ἐστιν
346 1424 377 1484 ἐν
394 1419 498 1494 αὐτοῖς
517 1416 644 1494 ἀλήθεια
657 1420 784 1504 καίκρί-
817 1419 896 1485 κατὰ
916 1414 1163 1504 Χαφαρσαλαμά.
1201 1421 1234 1462 32
1248 1423 1304 1485 καί
1321 1425 1427 1489 ἐύτεσσν

182 1529 233 1577 σις.
264 1507 437 1606 παρέβησαν
456 1500 514 1586 γὰρ
538 1502 590 1586 τήν
612 1499 714 1567 στάσιν
732 1503 784 1566 καί
817 1507 877 1567 τῶν
896 1501 981 1587 παρὰ
1002 1499 1174 1610 Νικάνορος
1192 1501 1262 1578 ὡςεί
1274 1530 1426 1580 πεντακις-

181 1585 236 1649 τὸν
257 1580 345 1666 ὅρκον
366 1583 400 1649 δν
420 1584 549 1667 άμοσαν.
575 1587 603 1628 ¹⁹
616 1587 666 1650 καί
688 1583 785 1668 ἀπῆρε
835 1586 904 1650 ίλιοι
927 1587 1039 1673 άνδρες,
1058 1589 1109 1651 καί
1120 1591 1233 1666 έφυγον
1246 1591 1287 1662 είς
1299 1590 1361 1672 τήν
1373 1589 1426 1654 σό-

181 1668 334 1756 Βακχίδης
348 1664 630 1751 άπὸἾερουσαλήμ,
643 1654 781 1752 καίπίτρ-
817 1613 864 1734 λιν
881 1671 985 1735 Δαυίδ.
1020 1671 1114 1734 23καί
1129 1667 1206 1753 μετὰ
1224 1667 1300 1746 τούς
1317 1669 1426 1750 λάγους

182 1749 314 1841 ενέβολιν
325 1754 358 1819 ἐν
369 1749 492 1836 Βηζὲθ,
505 1755 555 1817 καί
567 1749 724 1817 ἀπέστειλε
735 1751 786 1816 καί
817 1753 942 1828 τούτους
959 1751 1050 1840 ύνίβη
1071 1750 1219 1837 Νικάνωρ
1239 1758 1281 1828 είς
1297 1750 1338 1819 τὸ
1357 1755 1426 1839 ὅρος

182 1836 319 1922 συνελαβε
330 1831 461 1911 πολλούς
473 1831 538 1901 άπὸ
551 1835 611 1899 τῶν
622 1832 674 1900 ἀπ’
691 1831 785 1900 αύτοῦ
818 1831 906 1900 Σιοίν.
945 1839 996 1901 καί
1011 1834 1142 1919 ἐξῆλθον
1160 1833 1224 1901 ἀπὸ
1243 1841 1305 1901 τῶν
1320 1841 1426 1919 ίερέων

182 1918 260 1986 αύτο
282 1916 456 2002 ολησάντων
484 1915 601 2004 ἀνδρῶν
629 1924 682 1982 καί
703 1942 785 1991 τινας
818 1914 1242 1997 ε’κτῶνᾶγίωνκαὶάπδτυύν
1253 1923 1425 2005 πρεσβυτέ-

181 2007 237 2067 τού
252 1947 342 2076 faofi,
366 2003 417 2066 καί
436 2003 542 2065 ἔθυσεν
558 1997 672 2075 αύτούς
690 2004 729 2075 είς
747 1999 784 2064 τὸ
817 2027 880 2087 ρων
892 2007 948 2068 τού
961 2004 1038 2069 λαοῦ
1055 1997 1249 2068 ἀσπάσασθαι
1268 1998 1367 2065 αὐτὸν
1381 2007 1425 2067 ελ

181 2087 279 2169 φρέαρ
290 2081 327 2148 τὸ
338 2084 422 2164 μέγα.
446 2084 478 2126 ²⁰
490 2084 541 2147 καί
553 2086 715 2165 κατέστησε
733 2079 786 2166 τήν
817 2089 951 2170 ρηνικῶς,
962 2091 1015 2152 καί
1026 2086 1116 2161 δείξαι
1125 2082 1274 2167 αὐτῷτὴν
1285 2080 1424 2150 ὁλοκαύ-

181 2162 281 2252 χάραν
304 2171 349 2248 τῷ
368 2163 508 2248 Ἀλκίμῳ,
532 2168 584 2231 καί
605 2165 700 2268 ύφήκε
722 2165 782 2251 μετ’
818 2193 908 2233 τωσιν
925 2166 980 2251 τήν
1002 2170 1238 2256 προςφερομένην
1268 2165 1348 2252 ὑπὲρ
1366 2173 1423 2234 τού

182 2248 279 2315 αὐτοῦ
292 2243 415 2331 δύναμιν
425 2252 483 2313 τού
493 2253 615 2335 βοηθεῖν
628 2254 721 2333 αυτῷ.
734 2251 786 2315 καί
817 2250 970 2336 βασιλέως.
996 2253 1027 2295 ³⁴
1039 2255 1090 2318 καί
1102 2248 1287 2338 ἕμυκτήρισεν
1298 2249 1422 2326 αύτούς,

181 2331 304 2415 ἀπῆλθε
319 2332 472 2416 Βακχίδης
488 2360 513 2398 π
536 2336 565 2408 “c
584 2331 784 2418 τὸνβασιλέα.
817 2336 868 2398 καί
884 2336 1080 2415 κατεγέλασεν
1098 2334 1215 2421 αύτῶν,
1239 2337 1293 2401 καί
1311 2339 1424 2419 ἐμίανεν

180 2417 271 2508 {nai
296 2412 465 2499 ήγωνίσατο
484 2413 499 2436 ”
603 2418 710 2502 ςπερί
733 2421 786 2522 τής
818 2414 938 2494 αύτούς,
969 2420 1020 2484 καί
1043 2419 1184 2503 ἐλάλησεν
1214 2416 1420 2503 ύπερηφάνως.

182 2495 400 2599 αρχιερωσύνης.
414 2500 499 2564 22καί
508 2495 698 2583 συνήχθησαν
709 2523 785 2586 προς
818 2501 847 2543 ⁸⁵
860 2503 911 2565 καί
924 2499 1022 2584 άμοσε
1034 2501 1109 2586 μετὰ
1123 2505 1230 2585 θυμοῦ,
1242 2503 1350 2578 λέγων.
1371 2502 1420 2567 ε’ύν

180 2578 277 2646 αυτὸν
288 2576 397 2658 πάντες
409 2585 440 2646 οἱ
451 2581 651 2667 ταράσσοντες
663 2579 717 2646 τὸν
729 2584 785 2648 λα-
817 2585 857 2666 μή
870 2587 1038 2680 παραδοθῇ
1046 2582 1163 2661 Ἰούδας
1173 2585 1223 2649 καί
1232 2580 1254 2685 ή
1264 2591 1422 2670 παρεμβο-

181 2663 217 2729 ύν
230 2664 399 2740 αύτῶν,καί
410 2663 631 2752 κατεκράτησαν
639 2670 694 2748 γῆν
704 2663 782 2732 Ἰού·
818 2665 853 2751 λή
868 2665 964 2733 αύτού
983 2674 1022 2744 εἰς
1038 2668 1136 2756 χεῖράς
1152 2695 1209 2753 μου
1223 2690 1261 2732 το
1279 2670 1344 2742 νῦν,
1368 2668 1422 2731 καί

180 2749 234 2831 δα,
259 2750 467 2832 καίίποίησαν
483 2748 599 2833 πληγήν
646 2746 741 2833 γάλην
754 2752 785 2813 ἐν
817 2754 900 2816 ἐσται
914 2746 1316 2841 ἐὰνέπιστράμωένείρήνῃ,
1329 2755 1422 2833 ἔμπυ-

178 2828 309 2916 Ἰσραήλ
335 2833 364 2873 ²³
377 2834 429 2897 καί
450 2831 523 2897 είδεν
542 2773 661 2906 Ἰούάάς
682 2836 784 2898 πᾶσαν
817 2839 872 2918 ριῶ
884 2832 938 2900 τὸν
949 2833 1035 2901 οἶκον
1046 2841 1161 2902 τοῦτον.
1185 2839 1238 2901 καί
1251 2833 1362 2918 ἐξῆλθε
1373 2859 1421 2918 με-

180 2912 233 2997 τήν
247 2919 352 2981 κακίαν
372 2911 407 2997 ἢν
419 2919 557 2998 ἐποίησεν
576 2913 714 2996 Ἄλκιμος
732 2917 783 2980 καί
817 2919 855 2982 τὰ
874 2922 976 3000 θυμοῦ
992 2915 1130 3003 μεγάλου.
1167 2920 1197 2962 ³⁰
1214 2919 1268 2982 καί
1285 2918 1422 3000 είςήλθον

179 3000 210 3062 οἱ
229 2996 287 3081 μετ’
309 2996 404 3065 αύτού
421 3000 453 3063 ἐν
476 3003 550 3074 υἱοῖς
564 2997 687 3085 Ἰσραήλ
706 2994 782 3103 ὑπὲρ
817 3004 847 3064 οί
861 3004 953 3086 ἱερεῖς,
965 3003 1017 3066 καί
1028 2998 1242 3084 ἕίντησανκατά
1253 2997 1422 3081 πρόςωπον

178 3078 217 3143 τά
231 3084 311 3158 ἔθνη.
344 3080 432 3145 22καί
445 3083 568 3165 ε’ξήλθευ
581 3087 619 3157 είς
630 3077 731 3147 πάντα
743 3107 782 3147 τα
816 3088 872 3148 τοῦ
888 3089 1106 3169 θυσιαστηρίου
1120 3084 1236 3146 καίτού
1252 3083 1344 3156 ναοῦ,
1373 3083 1423 3147 καί

178 3157 248 3243 ὅρια
257 3160 464 3243 τήςἿουδαίας
473 3162 628 3240 κυκλόθεν,
638 3167 690 3229 καί
698 3168 781 3229 ἑποί-
816 3167 962 3232 ε’ίιλαυσαν
979 3168 1030 3232 καί
1045 3164 1131 3231 είπον.
1157 3163 1185 3206 ³²
1201 3160 1239 3229 σὺ
1258 3162 1344 3247 κύριε
1362 3168 1419 3242 ἐξι-

176 3267 243 3325 ησεν
267 3244 415 3325 ἐκδίκησιν
440 3249 471 3308 ἰν
492 3257 554 3321 τοῖς
571 3244 695 3328 ἀνδράσι
719 3260 783 3324 τοῖς
816 3249 890 3325 λέξω
911 3247 962 3313 τὸν
983 3247 1066 3313 οἷκον
1085 3251 1195 3312 τοῦτον
1218 3247 1421 3397 έπικληθήραι

177 3322 420 3411 αὐτομολήσασι,
446 3328 497 3393 καί
509 3327 713 3412 ἀνεστάλησαν
725 3337 781 3397 τού
815 3337 849 3398 τὸ
869 3327 964 3412 ὄνομά
986 3354 1042 3394 σου
1060 3327 1106 3394 ἐπ’
1127 3327 1225 3413 αύτῷ,
1237 3328 1316 3394 εἶναι
1337 3357 1357 3396 ο
1387 3354 1420 3394 ον

178 3406 360 3495 πορεύεσθαι
379 3415 418 3486 είς
435 3411 489 3496 τήν
522 3409 610 3498 ιάραν.
648 3415 677 3457 ²⁵
691 3411 733 3489 ὡς
749 3414 782 3479 δέ
814 3418 969 3500 προςευχής
985 3413 1038 3477 καί
1059 3410 1185 3496 δεήσεως
1203 3418 1249 3496 τῷ
1269 3413 1338 3497 λαῷ
1356 3439 1417 3479 σου.

177 3489 248 3558 εἶδεν
268 3492 403 3596 Ἄλκιμος
426 3490 475 3558 δ’τι
497 3439 643 3580 ίνίσχυσεν
664 3493 782 3571 Ἰούδας
815 3499 845 3541 ³⁸
857 3503 983 3582 ποίησον
995 3496 1141 3582 ἐκδίκησιν
1158 3500 1190 3560 ἐν
1201 3501 1246 3580 τῷ
1259 3493 1416 3582 άνθράπῳ

177 3577 228 3639 καί
246 3579 278 3639 οί
295 3602 348 3656 μετ
376 3574 487 3652 αὐτοῦ,
513 3583 565 3644 καί
581 3584 657 3657 ἔγνω
676 3576 724 3644 δτι
743 3577 780 3644 ού
814 3577 915 3665 τούτῳ
937 3584 990 3648 καί
1012 3583 1043 3645 ἐν
1064 3585 1103 3672 τῇ
1119 3580 1292 3672 παρεμβολῇ
1311 3578 1417 3651 αὐτοῦ,

177 3653 303 3720 δύναται
316 3655 483 3742 ὑποστήναι
496 3661 623 3737 αύτούς,
648 3665 699 3727 καί
712 3665 779 3727 έπέ-
814 3665 866 3728 καί
875 3668 1049 3730 πεσέτωσαν
1061 3667 1093 3728 ίν
1105 3666 1251 3748 ῥομφαίᾳ.
1270 3658 1419 3745 μνήσθητι

177 3757 284 3819 στρεψε
297 3738 373 3823 πρὸς
383 3742 438 3805 τὸν
449 3743 577 3826 βασιλέα
586 3746 638 3808 καί
648 3742 781 3828 κατηγό·
814 3751 875 3810 τῶν
899 3747 1067 3830 δυςφημιιύν
1098 3744 1334 3828 affluam>
1358 3745 1419 3826 δῷς

175 3843 262 3900 ρησεν
274 3823 375 3887 αὐτῶν
386 3820 511 3910 πονηρά.
538 3828 568 3869 ²⁶
581 3829 631 3891 καί
644 3827 780 3906 άπέστει-
814 3826 920 3905 αύτοῖς
931 3827 1032 3915 μονήν.
1054 3830 1141 3893 32καί
1153 3829 1260 3910 ἐξῆλθε
1270 3823 1420 3908 Νικάνωρ

175 3899 221 4000 λεΙν
234 3898 400 4006 ὁβασιλεύς
416 3904 574 3990 Νικάνορα
587 3915 639 3974 ένα
650 3916 711 3975 τῶν
722 3909 779 3996 άρ-
813 3914 844 3987 ἐξ
863 3910 1071 3999 Ἰερουσαλήμ,
1087 3914 1138 3977 καί
1163 3910 1364 3995 παρενέβαλεν
1389 3915 1421 3974 έν

173 4006 288 4064 χοντων
308 3993 406 4052 αυτοῦ
424 3994 486 4056 τῶν
505 3989 640 4068 ἐνδόξων,
667 3995 718 4060 καί
728 4023 778 4076 μι-
811 3994 1000 4079 Βαιθωρων,
1012 3998 1064 4061 καί
1079 3992 1256 4080 συνήντησεν
1268 3991 1358 4077 αύτῷ
1371 3991 1421 4058 δύ·

173 4067 286 4130 σούντα
303 4073 354 4132 καί
372 4074 569 4154 ἐχθραίνοντα
585 4081 630 4159 τῷ
646 4076 777 4161 Ἰσραήλ,
812 4103 895 4159 ναμις
907 4083 1028 4160 Συρίας.
1056 4077 1089 4120 ⁴⁰
1101 4084 1152 4143 καί
1160 4072 1279 4149 Ἰούδας
1290 4083 1424 4158 παρενέ-

171 4150 223 4212 καί
235 4152 396 4255 ε’νετςείλατο
409 4155 493 4239 αύτῷ
507 4160 609 4243 ἐξᾶραι
623 4160 677 4223 τὸν
691 4158 775 4227 λαόν.
809 4161 900 4248 βαλεν
913 4164 944 4226 ἐν
960 4158 1072 4226 Ἀδασά
1087 4164 1117 4225 ἐν
1132 4158 1295 4262 τριςηιλίῡῑς
1308 4157 1423 4243 ἄνδρά

173 4232 201 4274 ²⁷
214 4235 264 4332 καί
278 4235 354 4318 ηλθε
374 4235 517 4323 Νικάνωρ
536 4246 575 4315 είς
582 4241 777 4329 Ἰερουσαλήμ
812 4273 850 4311 σι.
876 4246 929 4310 καί
940 4242 1424 4332 προςηύξατοἸουὸᾱςΝίὲίπθ·

169 4310 288 4415 δυνομει
314 4319 422 4409 πολλῇ,
447 4325 499 4384 καί
523 4321 675 4389 ἀπέστειλε
700 4327 777 4412 πρὸς
810 4328 839 4371 ⁴¹
853 4333 883 4393 οί
905 4329 992 4415 παρὰ
1015 4332 1071 4393 τοῦ
1088 4327 1233 4415 βασιλέως
1249 4325 1424 4411 Ἀσσυρίων

177 4398 287 4498 Ιρυδαν
300 4399 435 4500 καὶτοὺς
454 4400 775 4493 άδελοούςαύτούμε-
810 4410 860 4478 ὅτε
892 4408 1110 4497 ἰδυςφήμησαν,
1148 4410 1270 4494 {Etim
1293 4407 1425 4489 ἅνῖῑδός

170 4500 209 4539 τα
235 4479 327 4545 δολου
354 4483 454 4562 λογοις
479 4490 643 4572 εἰρηνικοῖς,
668 4492 772 4570 λέγων.
809 4523 867 4562 σου
880 4489 1340 4580 κύριε,καίέπάταξενδναύτοῖς
1353 4497 1425 4598 ἑκα-

1369 4603 1424 4643 τον
