2924 4972
157 226 218 286 εει
305 218 798 281 πΑΡΑΛειποΜοινιιΝ
818 219 956 277 mr.
1000 210 1264 295 κατάντει.

162 301 1415 323 ,...,,-.-.--.-..-..-.-.--α-.--.-..-...-..

156 358 229 398 σωοι
243 330 279 395 τὸ
292 323 454 434 πρόςωπόν
465 352 532 406 μου,
549 330 601 390 καί
612 324 763 411 ἀποοτρέ-
794 323 851 411 μὸρ
865 327 896 390 ἐν
911 329 946 418 τή
960 321 1058 410 ἐρήμῳ
1064 372 1075 399 ,
1099 327 1152 388 καί
1166 322 1266 399 πάσας
1280 326 1334 397 τὰς
1347 325 1408 389 πό-

157 434 256 495 ῳωσιν
273 410 336 477 ἀπο
350 415 410 475 τῶν
424 405 503 474 ὁδῶν
516 404 616 472 αὐτῶν
633 412 693 471 τῶν
704 434 763 473 πο·
797 408 854 482 λεις
866 404 921 483 τάς
939 404 1048 512 όηυράς
1060 403 1096 482 ἀς
1109 402 1295 491 ᾠκοδόμησεν
1308 412 1341 472 ἐν
1353 409 1409 473 ‘H-

156 501 265 601 νηριόν,
289 499 341 560 καί
356 491 414 570 ἐγὼ
433 485 637 573 είςακούοομαι
658 493 689 554 ἐκ
707 495 762 555 τοῦ
796 487 871 574 μάθ.
891 492 964 555 6και
976 489 1150 574 ᾠκοδόμησε
1163 486 1217 573 τήν
1232 490 1409 575 Βαιθωρών

157 584 299 664 ουρανού,
312 579 364 643 καὶ
375 574 461 648 ’ίλεως
474 578 580 656 ἔσομαι
594 584 659 648 ταῖς
669 570 765 678 ἀμαρ-
798 574 850 656 τήν
862 571 925 638 ἀνω
935 575 986 637 καί
996 571 1050 657 τήν
1060 570 1236 657 Βαιθωράν
1249 574 1301 658 τήν
1311 570 1408 652 κάτω,

157 670 234 738 τίαις
247 660 362 733 αὐτῶν,
380 658 431 721 καί
444 651 565 739 ἰάσομαι
576 654 631 740 τήν
641 662 695 740 γήν
708 682 763 721 av·
797 653 896 731 πόλεις
907 651 1025 740 ὀχυράς.
1051 662 1144 740 τείχη,
1160 653 1269 732 πύλαι,
1285 659 1409 757 καὶμα-

158 751 227 811 τῶν.
241 745 325 807 15καί
336 746 388 806 νῦν
401 744 432 806 οδ
445 738 602 843 ὀφθαλμοί
611 766 668 821 μου
680 741 765 805 ἔσον-
796 740 869 825 χλοί.
897 741 976 804 6καί
993 734 1046 822 τήν
1057 738 1212 814 Βαλαάθ,
1238 742 1289 803 καὶ
1304 767 1407 816 πασας

158 854 208 893 ται
221 825 408 909 ἀνεῳγμένοι,
427 825 479 886 καί
491 822 529 887 τά
543 818 608 888 ωτά
620 849 677 904 μου
690 819 763 907 έπή-
798 822 851 898 τάς
875 818 977 898 πόλεις
1002 819 1056 897 τάς
1081 818 1191 924 ὀχυράς
1208 829 1243 885 αἳ
1267 813 1343 925 ήσαν
1363 830 1407 907 τῳ

159 936 217 975 κοα
240 915 277 992 τῆ
295 910 439 997 προςενχή
455 912 511 969 τοῦ
531 903 626 971 τόπου
645 902 763 970 τούτου.
797 903 961 988 Σαλωμυίν.
986 909 1038 970 καί
1056 931 1155 980 πασας
1167 905 1222 980 τάς
1234 906 1335 981 πολεις
1347 912 1407 972 τών

157 994 248 1057 16καὶ
259 982 319 1057 ’νῦν
336 986 503 1074 ἐξελεξάμην
521 994 571 1054 καί
584 987 693 1072 ήγίακα
712 989 764 1053 τὸν
797 986 948 1075 ἁρμάτων,
960 991 1012 1053 καὶ
1024 987 1078 1065 τάς
1088 987 1191 1063 πόλεις
1204 993 1264 1053 τῶν
1277 994 1401 1054 ἱππέων.

158 1076 241 1142 οἶκον
266 1080 374 1141 τοῦτον
378 1124 389 1151 ,
414 1078 470 1138 τοῦ
497 1072 567 1138 εἶναι
592 1067 688 1155 όνομά
705 1098 764 1153 μου
796 1075 848 1137 καί
872 1067 929 1138 Soa
956 1067 1125 1156 ἐπεθύμησε
1141 1071 1299 1155 Σαλωμών
1324 1071 1404 1137 κατά

156 1165 276 1234 ε’κεῖέως
287 1163 403 1232 αἰῶνος,
414 1159 464 1220 καί
475 1159 591 1222 ἔσονται
603 1159 634 1220 οδ
643 1154 764 1237 ὀφθαλ-
797 1153 851 1241 τήν
863 1159 1023 1236 ἐπιθυμίαν
1035 1160 1091 1220 τοῦ
1105 1157 1296 1238 οἰκοδομῆσαι
1309 1158 1341 1220 έν
1349 1153 1406 1221 Ἱε-

156 1251 207 1326 μοί
217 1270 275 1325 μου
291 1244 343 1308 καί
360 1238 378 1324 ή
391 1241 498 1325 καρδία
511 1265 569 1321 μου
588 1243 647 1304 ἐκεῖ
661 1235 764 1313 πάσας
797 1236 963 1324 ρουσαλήμ,
987 1241 1037 1303 καὶ
1050 1242 1081 1302 ἐν
1093 1243 1137 1300 τῶ
1149 1236 1288 1324 Λιβάνῳ,
1311 1240 1365 1303 καί
1376 1245 1407 1304 ἐν

155 1328 210 1401 τάς
223 1326 340 1413 ήμέρας.
377 1326 469 1387 17καί
486 1324 523 1387 ού
542 1322 594 1386 ἐάν
611 1326 764 1414 πορευθης
797 1318 881 1416 πάοη
895 1328 933 1414 τη
944 1322 1079 1408 βασιλείᾳ
1094 1303 1198 1387 αάτοῦ.
1214 1324 1291 1397 7πάς
1304 1317 1322 1386 δ
1334 1322 1407 1397 λαὸς

157 1416 288 1476 ἐναντίον
306 1433 362 1489 μου
376 1402 416 1480 ὥς
429 1407 527 1469 Δαυίδ
543 1402 561 1468 ό
579 1407 679 1489 πατήρ
700 1431 762 1481 σου,
797 1401 1107 1487 όκαταλειφθείςάπὸ
1121 1409 1345 1478 τοῡΧετταίου,
1356 1409 1406 1470 καί

156 1485 431 1582 καίποιήσηςκατά
441 1483 763 1569 πάνταάἐνετειλάμην
797 1494 852 1553 τοῦ
871 1487 1066 1573 Ἀμορραίου,
1093 1491 1215 1553 καὶτοῦ
1236 1490 1405 1573 Φερεζαίον,

157 1599 221 1648 σοι,
244 1577 296 1637 καί
307 1569 347 1635 τά
358 1564 575 1653 προςτάγματά
588 1595 646 1652 μου
661 1572 712 1634 καί
726 1568 763 1634 τά
797 1574 848 1636 καί
861 1579 915 1637 τοῦ
928 1574 1060 1649 Εὐαίου,
1087 1574 1137 1636 καί
1151 1576 1206 1635 τοῦ
1222 1568 1405 1660 Ἰεβουσαίου

157 1650 286 1743 κρίματά
299 1680 358 1736 μου
373 1648 500 1741 φυλάξῃ,
525 1654 554 1694 ¹⁸
567 1654 618 1717 καί
630 1648 764 1754 ἀναστή-
797 1661 830 1719 οἳ
851 1653 906 1719 οὐκ
932 1659 1004 1721 εἰσίν
1021 1659 1053 1718 ἐκ
1072 1659 1126 1719 τοῦ
1141 1651 1276 1739 Ἰσραήλ,
1306 1652 1402 1720 8ἀλλ’

157 1767 202 1807 σω
221 1737 273 1806 τὸν
290 1735 405 1822 θρόνον
422 1740 474 1818 τής
489 1735 637 1820 βασιλείας
651 1759 706 1801 σου
722 1763 762 1811 ως
796 1727 872 1819 ήσαν
888 1744 920 1803 ἐκ
937 1744 998 1803 τῶν
1018 1742 1089 1802 υἱῶν
1108 1736 1208 1803 αύτών
1226 1743 1287 1802 τῶν
1309 1764 1405 1803 κατα-

156 1824 293 1904 διεθίμην
304 1820 403 1885 Δαυὶδ
420 1824 464 1902 τῷ
480 1825 576 1904 πατρί
589 1845 641 1883 σου
659 1819 761 1897 λέγων,
796 1821 978 1902 λειφθέντων
990 1818 1047 1902 μετ’
1065 1819 1176 1895 αύτούς
1189 1826 1220 1887 έν
1237 1826 1275 1906 τη
1286 1827 1335 1912 γῇ,
1352 1819 1405 1897 οὓς

155 1904 210 1972 οάκ
231 1899 431 1988 ίξαρθήσεταί
448 1927 496 1967 σοι
512 1899 671 1986 ἡγούμενος
687 1901 761 1989 ἀνήρ
796 1903 850 1969 οάκ
860 1902 1086 1987 ίξωλόθρευσαν
1096 1909 1126 1970 οἱ
1138 1895 1340 1990 υἱοὶἸσραήλ,
1353 1907 1406 1970 καί

157 1993 187 2053 ἐν
202 1983 332 2072 Ἰσραήλ.
372 1987 464 2050 19καὶ
480 1984 533 2050 ἐάν
551 1983 763 2072 ἀποστρέφητε
796 1983 941 2070 ἀνήγαγεν
958 1987 1070 2062 αύτούς
1082 1987 1239 2072 Σαλωμών
1257 1994 1297 2064 είς
1309 1985 1405 2075 φόρον

156 2070 252 2155 ὑμεῖς,
280 2072 332 2137 καί
356 2067 583 2152 ίγκαταλείπητε
607 2067 646 2133 τά
671 2095 761 2155 προς·
796 2069 983 2156 έωςτήςήμέ
1002 2098 1037 2145 ας
1050 2070 1168 2154 ταύτης.
1205 2073 1284 2137 9καὶ
1297 2076 1329 2137 ἐκ
1344 2077 1405 2136 τῶν

155 2150 295 2238 τάγματά
311 2179 369 2235 μου
386 2156 438 2220 καὶ
453 2150 507 2229 τάς
519 2145 643 2229 ἐντολάς
655 2179 713 2234 μου
726 2150 762 2228 ἀς
796 2158 868 2219 υἱοῖν
882 2097 1004 2240 Ἰσραήλ
1021 2152 1077 2220 ούκ
1095 2157 1183 2220 ἔδωκε
1195 2153 1352 2259 Σαλωμών
1365 2161 1405 2231 είς

156 2241 254 2304 ἔδωκα
266 2243 399 2304 ἐναντίον
413 2233 506 2318 ὑμῶν,
532 2239 584 2303 καί
595 2241 762 2321 πορευθῆτε
795 2240 906 2313 παῖδας
925 2243 963 2330 τῇ
982 2238 1115 2325 βασιλείᾳ
1135 2237 1239 2303 αὐτοῦ.
1272 2236 1318 2304 ὅτι
1337 2236 1403 2305 ἰδού

155 2325 207 2387 καί
217 2320 394 2407 λατρεύσητε
403 2332 487 2395 θεοῖς
497 2321 608 2405 ἑτέροις
614 2324 666 2395 καὶ
674 2345 762 2405 προς·
795 2320 895 2404 ἀνδρες
913 2322 1088 2405 πολεμισταί
1104 2323 1155 2386 καί
1174 2320 1324 2407 ἄρχοντες,
1350 2329 1404 2388 καί

154 2401 295 2491 κονήσητε
312 2403 424 2480 αὐτοῖς.
460 2407 491 2448 ²⁰
503 2407 554 2469 καί
571 2405 669 2491 ἐξαριά
688 2401 762 2487 ὑμᾶς
795 2409 826 2470 oz
838 2406 962 2471 δυνατοί
980 2409 1031 2470 καὶ
1048 2404 1184 2510 ἀρχφντες
1198 2402 1338 2491 ἁρμάτων
1350 2410 1403 2470 καί

154 2488 218 2556 ἀπὸ
230 2495 282 2575 τῆς
293 2494 347 2574 γῆς
360 2482 393 2574 ής
404 2490 504 2555 έδιοκα
515 2485 626 2562 αύτοῖς.
645 2487 762 2554 καὶτὸν
796 2491 921 2553 ἱππέων.
959 2491 1051 2553 10καί
1078 2515 1163 2553 ουτοι
1183 2487 1324 2575 ἀρχοντες
1340 2494 1403 2554 των

154 2573 238 2640 οἶκον
264 2580 374 2639 τοῦτον
392 2569 428 2638 δν
446 2569 556 2655 ήγίασα
574 2578 618 2674 τιβ
636 2566 763 2656 ὀνόματί
793 2576 970 2677 προςτατῶν
981 2573 1129 2681 βασιλέως
1141 2571 1309 2658 Σαλωμεάν,
1332 2598 1401 2639 πεν-

153 2684 212 2740 μου
236 2655 422 2738 ἀποστρέφω
448 2659 479 2720 ἐκ
504 2682 666 2743 προςωπου
690 2680 759 2738 μου,
793 2680 922 2741 τηκοντα
940 2682 990 2721 και
1008 2651 1153 2721 διακόσιοι
1169 2659 1400 2741 ἐργοδιωκτοῦν-

153 2743 205 2804 καί
217 2738 305 2804 δώσω
318 2738 410 2804 αὐτόν
423 2742 461 2811 είς
472 2738 651 2822 παραβολήν
662 2741 713 2801 καί
723 2743 760 2813 είς
792 2763 838 2812 τες
856 2744 942 2822 ἐντῷ
960 2738 1037 2823 λαῷ.
1075 2743 1100 2781 ¹¹
1113 2741 1165 2804 καί
1177 2738 1230 2823 τήν
1244 2746 1400 2828 θυγατέρα

152 2819 278 2904 διήγημα
295 2824 326 2883 ἐν
337 2827 412 2886 πᾶσι
428 2830 493 2893 τοῖς
506 2822 612 2884 έθνεσι.
638 2824 665 2862 ²²
678 2819 759 2884 καὶὸ
793 2817 910 2907 Φαραά
929 2819 1055 2905 ἀνήγαγε
1067 2821 1222 2904 Σαλωμών
1240 2827 1273 2888 ἐκ
1285 2822 1399 2902 πόλεως

150 2905 235 2980 οἶκος
259 2895 349 2979 οὗτος
371 2901 389 2967 ὁ
410 2899 525 2986 ὑψηλὸς
541 2908 600 2980 πᾶς
617 2901 634 2967 ὁ
652 2905 760 2969 διαπο-
792 2907 890 2971 Λαυίδ
915 2911 954 2982 εἰς
976 2904 1029 2973 τόν
1055 2905 1139 2972 οἶκον
1160 2902 1194 2973 ὃν
1211 2905 1400 2992 ᾠκοδόμησεν

152 2984 304 3074 ρευόμενος
325 2984 417 3051 αὐτόν
436 2982 607 3068 ε’·κστήοεται
625 2990 677 3052 καὶ
692 2990 758 3094 ε’ρεῖ,
792 2987 879 3071 αὐτῆ,
892 2986 939 3055 ότι
952 2990 1038 3056 εἶπεν.
1065 2990 1100 3056 ού
1114 2987 1282 3074 κατοικήσει
1296 2988 1314 3075 ή
1326 2987 1398 3075 γυνή

152 3068 236 3155 χάριν
246 3075 324 3143 τίνος
335 3072 453 3152 ἐποίησε
461 3065 560 3154 κύριος
569 3076 606 3155 τῆ
617 3075 656 3155 γή
664 3097 758 3166 ταυτη
790 3064 893 3155 μούέν
904 3072 988 3139 πόλει
1001 3075 1098 3139 Δαυίδ
1113 3079 1167 3137 τοῦ
1170 3073 1326 3177 βασιλέως
1337 3074 1398 3138 Ἰσ-

152 3157 204 3218 καί
228 3158 271 3236 τῷ
292 3153 367 3234 οἴκῳ
383 3148 501 3234 τούτῳς
536 3155 567 3194 ²²
579 3144 757 3236 άαὶέροῦσι.
790 3156 883 3243 ραήλ,
901 3154 948 3222 ὅτι
960 3153 1044 3235 άγιός
1056 3159 1135 3218 ἐστιν
1147 3179 1183 3217 ου
1197 3154 1325 3233 είςηλθεν
1338 3160 1400 3219 ἐκεῖ

152 3233 226 3301 διότι
237 3237 430 3314 ἐγκατέλιπον
443 3233 546 3321 κύριον
557 3235 689 3303 τὸνθεόν
698 3243 759 3304 τῶν
791 3242 915 3327 κιβωτὸς
928 3245 1039 3325 κυρίου.
1059 3239 1087 3278 ¹²
1100 3230 1166 3300 τότε
1179 3230 1316 3315 ἀνήνεγκε
1328 3241 1393 3298 Σα-

150 3324 291 3406 πατέρων
303 3317 419 3396 αύτών,
441 3320 495 3385 τὸν
508 3320 690 3400 ἐξαγαγόντα
704 3321 758 3389 αύ-
791 3325 897 3409 λωμεάν
914 3314 1149 3403 ὁλοκαυτώματα
1174 3323 1218 3402 τῷ
1235 3322 1326 3403 κυρίῳ
1344 3320 1394 3381 έπί

152 3403 222 3481 τούς
244 3409 277 3471 ἐκ
294 3410 347 3490 γής
363 3401 539 3483 Αἰγύπτου,
564 3410 616 3473 καὶ
634 3403 758 3474 άντελά-
790 3408 825 3474 τὸ
839 3397 1062 3494 θυσιαστήριον,
1087 3399 1288 3488 δῴκοδόμηοε
1302 3406 1394 3487 κυρίῳ

149 3494 239 3576 βοντο
250 3497 332 3555 θεῶν
344 3491 463 3570 ἑτέρων,
476 3491 527 3553 καί
538 3487 757 3578 προςεκύνησαν
790 3491 931 3558 ἀπέναντι
943 3505 999 3558 τοῦ
1011 3493 1086 3558 ναοῦ
1109 3492 1137 3532 ¹³
1150 3488 1228 3556 κατά
1241 3482 1396 3564 τὸνλόγον

152 3571 269 3650 αὐτοῖς,
296 3574 346 3638 καί
369 3569 546 3641 ἐδούλευσαν
564 3574 682 3652 αὐτοῖς,
707 3577 758 3640 καί
791 3574 901 3661 ἡμέρας
914 3579 944 3642 ἐν
957 3573 1062 3660 ήμέρᾳ,
1080 3579 1138 3641 τοῦ
1150 3572 1306 3657 ἀναφέρειν
1319 3567 1396 3636 κατά

151 3656 199 3720 διὰ
213 3661 306 3721 τοῦτο
319 3653 463 3740 ἐπήγαγεν
475 3656 518 3722 ἐπ’
532 3657 643 3736 αύτούς
654 3664 757 3726 πᾶσαν
789 3656 844 3736 τὰς
860 3658 984 3733 ἐντολάς
1001 3663 1128 3736 Μωυσῆ
1154 3661 1186 3722 ε’ν
1203 3668 1267 3728 τοῖς
1282 3650 1397 3755 σαββά-

149 3735 204 3821 τήν
216 3744 323 3804 κακίαν
335 3735 455 3823 ταύτην.
788 3766 859 3817 τοις,
871 3742 923 3806 καὶ
934 3742 965 3805 ἒν
977 3754 1042 3814 τοῖς
1053 3741 1134 3820 μησὶ,
1145 3739 1196 3801 καί
1210 3741 1241 3800 ἐν
1252 3747 1317 3807 ταῖς
1327 3759 1396 3816 ευρ-

237 3861 242 3867 ·
338 3829 465 3888 ΚΕΦ.
509 3823 564 3888 H'.
787 3836 869 3896 ταῖς,
894 3832 970 3902 τρεῖς
982 3821 1106 3901 καιρούς
1119 3823 1175 3883 τοῦ
1187 3821 1340 3885 ε’νιαυτοῠ,
1364 3823 1396 3882 ἐν

150 3870 233 3971 Καὶ
249 3908 361 3982 ἐγένετο
378 3907 451 3990 μετὰ
469 3909 576 3973 εἴκοσιν
596 3913 647 3992 ἔτη
664 3914 695 3974 ἐν
713 3907 757 3980 οίς
786 3905 929 4002 τήὲορτῇ
942 3906 1004 3966 τῶν
1018 3895 1146 3980 ἀζύμων,
1166 3900 1216 3961 καὶ
1230 3902 1260 3963 ἕν
1274 3903 1310 3991 τῇ
1326 3902 1396 3985 ἔορ-

150 3984 756 4075 ᾠκοδόμησεΣαλωμώντόνοίκονκυρίου,
787 4009 823 4074 τη
840 3987 900 4046 τῶν
921 3978 1107 4067 ἑβδομάδων,
1133 3983 1185 4045 καὶ
1203 3982 1234 4045 έν
1249 3986 1288 4074 τῇ
1307 3985 1396 4076 ἑορτή

149 4071 267 4140 καὶτὸν
280 4074 363 4141 οίκον
379 4073 475 4143 αύτού
501 4074 579 4135 2καί
590 4069 645 4144 τάς
656 4064 755 4143 πόλεις
786 4070 847 4132 τῶν
865 4069 988 4146 σκηνῶν.
1014 4064 1107 4129 14καί
1124 4066 1227 4148 ἔστησε
1243 4067 1322 4131 κατὰ
1340 4066 1396 4169 τήν

149 4156 185 4232 ἀς
198 4161 302 4224 ἔδωκεν
316 4159 420 4245 Χιράμ
435 4163 477 4239 τῷ
488 4151 655 4233 Σαλωμάν,
676 4147 754 4232 ᾧκο-
787 4154 881 4235 κρίσιν
897 4152 993 4214 Δαυίδ
1018 4153 1073 4213 τού
1091 4151 1209 4233 πατρὸς
1227 4147 1321 4214 αὐτοῦ
1340 4177 1394 4227 τας

149 4239 272 4325 δόμησιν
285 4234 553 4318 αάτὰςΣαλωμών,
566 4230 755 4315 καίκατῴκι-
786 4235 938 4319 διαιρέσεις
956 4238 1018 4298 τών
1037 4236 1151 4314 ἱερέων,
1178 4235 1229 4297 καί
1248 4233 1326 4298 κατά
1340 4232 1394 4310 τάς

149 4351 196 4391 σεν
209 4330 268 4391 ἐκεῖ
277 4325 348 4398 τούς
358 4321 442 4394 υίούς
451 4313 579 4421 Ἰσραήλ
595 4318 665 4381 3καί
678 4317 755 4403 ἦλθε
786 4318 967 4401 λειτουργίας
980 4316 1089 4381 αὐτῶν.
1104 4319 1154 4382 καὶ
1167 4323 1197 4383 οἱ
1206 4325 1330 4384 Λευῖται
1344 4320 1393 4383 ἐπί

147 4409 304 4490 Σαλωμάν
316 4410 355 4478 είς
367 4406 529 4488 Βαισωβα,
552 4402 752 4488 καὶκατίσχν-
786 4400 839 4479 τάς
865 4400 998 4483 φυλακάς
1020 4399 1134 4479 αύτιδν,
1160 4409 1215 4468 τοῦ
1233 4408 1324 4468 αἰνεῖν
1342 4405 1393 4466 καί

145 4518 194 4557 υεν
207 4488 309 4571 αὐτήν.
324 4487 399 4552 4καί
410 4482 579 4572 ᾠκοδόμησε
593 4486 649 4573 τήν
661 4489 751 4557 Θοεδ-
786 4489 957 4568 λειτουργεῖν
969 4490 1123 4577 κατέναντι
1133 4493 1193 4553 τῶν
1204 4491 1304 4575 ἱερέων
1313 4485 1393 4584 κατά

1338 4590 1391 4632 τον
