2924 4972
408 226 694 293 ΝοοΜιΑΣ
734 216 1001 311 σημηίου,
1267 227 1331 293 501

82 354 126 434 τῷ
142 356 223 435 τείχει
239 345 395 435 χειμάρρου
415 345 526 424 νυκτός.
552 350 604 413 καὶ
616 347 690 431 ἤμην
727 347 839 414 Σαδώκ
857 347 920 425 υἱὸς
937 346 1060 415 Βαανύ.
1087 351 1166 415 5καί
1185 354 1235 417 ἐπὶ
1251 365 1336 437 χεῖρα

82 439 245 521 συντρίβων
267 436 297 497 ἐν
313 438 359 517 τῷ
376 439 474 518 τείχει,
499 435 550 498 καὶ
569 431 643 515 ἥμην
659 435 691 496 έν
727 429 829 498 αὐτῶν
845 435 1029 518 κατίσχυσαν
1044 438 1077 498 οἱ
1093 433 1209 517 Θεκωὶμ
1220 434 1333 501 καίἈ-

81 515 159 607 πύλη
177 522 230 602 τῆς
248 511 417 600 φάραγγος,
442 518 494 582 καί
510 519 689 602 ἐπέστρεψα.
726 515 830 601 διυρὶμ,
840 514 896 580 οῦκ
905 512 1064 601 εῖςηνεγκαν
1072 513 1223 624 τράχηλον
1233 519 1336 584 αύτῶν

82 604 109 644 ¹⁰
123 604 173 666 καὶ
186 604 217 666 οἱ
229 597 432 682 φυλάσσοντες
444 596 500 664 οῦκ
518 603 648 678 ἔγνωσαν
660 605 692 664 τί
726 603 765 673 είς
781 597 917 664 δουλείαν
934 598 1041 666 αὐτῶν.
1068 604 1083 645 ⁶
1097 628 1150 666 και
1168 601 1222 684 τὴν
1237 601 1336 686 πύλην

82 689 137 750 ἕπο
158 681 261 769 εύθην,
278 686 330 749 καί
341 689 374 748 τί
384 681 443 761 ἐγὼ
456 689 545 748 ποιῶ.
564 683 615 747 καί
627 690 691 756 τοῖς
723 681 863 747 Ἰαοαναῒ
930 679 1335 766 ’τηοανἸαῖδὰυἱύςΦασίκ,

79 711 249 844 Ἰουδαίοις,
271 769 323 834 καί
341 778 404 842 τοῖς
421 770 539 851 ἱερεῦσι,
564 767 616 831 καί
627 774 690 840 τοῖς
727 766 778 831 καί
796 771 901 831 Μεοου
930 761 962 847 ’μ
982 767 1044 844 υἱὸς
1061 768 1217 835 Βαοιοδία.
1243 768 1335 836 αύτοὶ

83 857 216 933 έντίμοις,
236 852 288 916 καί
300 861 363 927 τοῖς
375 863 553 938 στρατηγοῖς
564 850 616 914 καί
628 859 691 923 τοῖς
728 850 889 926 έστέγαυαν
902 847 1010 933 αὐτὴν,
1032 853 1083 915 καί
1094 855 1223 935 ἔστησαν
1233 850 1336 940 θύρας

86 936 279 1010 καταλοίποις
304 946 368 1010 τοῖς
393 940 517 1001 ποιοῦσι
543 930 583 998 τδι
608 935 690 1016 ἔργα,
727 930 821 1013 αὐτῆς
833 932 885 997 καί
897 930 1023 1018 κλεῖθρα
1036 931 1127 1017 αὐτῆς
1143 938 1194 1000 καί
1206 935 1335 1021 μοχλούς

87 1023 141 1091 ἕως
158 1014 226 1083 τότε
242 1016 297 1083 οῦκ
314 1014 487 1102 ἀπηγγειλα.
512 1016 604 1080 17καί
622 1014 692 1080 aaa
728 1013 831 1096 αὐτῆς.
852 1017 929 1079 7καί
942 1019 992 1080 ἐπὶ
1003 1027 1087 1101 χεῖρα
1099 1014 1197 1082 αῦτιῦν
1209 1019 1336 1120 ἐκράτη-

85 1098 162 1181 πρύς
175 1097 292 1177 αύτούς.
311 1100 389 1183 ῦμεῖς
400 1102 521 1186 βλέπετε
533 1096 587 1184 την
598 1122 692 1182 πονη-
728 1125 784 1165 σαν
792 1097 937 1173 Μαλτίας
948 1096 1181 1185 ὁΓαβαωνίτης,
1190 1102 1242 1165 καί
1251 1101 1337 1167 Εύα-

87 1189 156 1266 ρίαν
166 1178 286 1266 ταύτην,
303 1188 334 1248 έν
345 1177 365 1276 ᾗ
378 1183 462 1267 ἐσμέν
474 1188 506 1249 έν
519 1181 606 1256 αὖτ’,
627 1184 693 1256 πῶς
728 1205 789 1267 ρων
801 1177 819 1247 ὁ
833 1188 1076 1267 Μηριονωθίτης,
1089 1181 1192 1269 ἄνδρες
1204 1188 1257 1265 τῆς
1268 1188 1337 1250 Γα·

81 1264 276 1353 Ἰερουσαλὴμ
288 1269 406 1353 έρημος,
422 1267 473 1331 καὶ
485 1269 519 1331 αἱ
530 1209 624 1331 πύίιυ
636 1262 694 1329 αύ-
728 1264 811 1352 βαών
822 1266 874 1329 καί
886 1268 938 1350 τῆς
949 1263 1074 1346 Μασφὰ
1087 1271 1143 1341 έιος
1155 1262 1269 1350 θρόνου
1282 1268 1339 1332 τοῦ

85 1356 137 1433 τῆς
150 1348 300 1432 ἐδόθησαν
311 1355 393 1435 πυρί.
418 1350 507 1423 δεῦτε,
520 1349 693 1414 καὶδιοικο-
729 1347 873 1433 ἄρχοντος
898 1354 955 1413 τοῦ
982 1352 1078 1434 πέραν
1103 1353 1162 1414 τοῦ
1187 1354 1336 1433 ποταμοῦ.

85 1431 258 1535 δομήοωμεν
271 1432 306 1497 τὸ
319 1444 413 1536 τεῖχος
423 1429 629 1518 Ἰερουσαλὴμ,
641 1430 694 1495 καὶ
729 1433 744 1474 ⁸
758 1433 809 1497 καί
821 1429 891 1516 παρ’
908 1429 1001 1497 αὐτὸν
1012 1433 1269 1518 παρησφαλίσατο
1282 1430 1338 1500 ‘0-

85 1516 139 1582 ούκ
157 1520 288 1599 ἓσομεθα
305 1519 350 1582 ἔτι
368 1517 485 1591 ονειδος.
522 1516 551 1558 ¹⁸
564 1518 616 1580 καί
631 1511 693 1578 ἀπ·
729 1512 793 1598 ζιίχλ
809 1511 871 1590 υἱὸς
882 1511 1022 1600 Ἀραχίου
1040 1519 1196 1602 πυρωτεῦι.
1223 1520 1274 1582 καί
1286 1518 1338 1584 έπί

84 1599 204 1683 ἡγγειλα
228 1597 333 1675 αὐτοῖς
357 1597 410 1682 τὴν
433 1609 515 1685 χεῖρα
539 1602 595 1663 τοῦ
618 1600 694 1663 θεοῦ
727 1610 809 1684 χεῖρα
828 1596 927 1663 αὐτῶν
945 1594 1106 1685 ἐκράτησεν
1117 1597 1255 1676 Ἀνανίας
1271 1600 1336 1677 υίὸς

84 1684 104 1766 ἢ
117 1689 194 1749 ἐστιν
206 1681 310 1767 ἀγαθὴ
324 1682 369 1747 ἐπ’
385 1682 449 1766 ἐμὲ,
471 1682 523 1747 καί
534 1680 611 1766 πρὸς
622 1677 693 1755 τούς
729 1687 781 1747 τοῦ
794 1678 932 1764 Ῥυνκεὶμ,
951 1686 1001 1747 κατ’
1013 1681 1335 1771 κατελιπονἹερουσα-

86 1764 193 1845 λόγους
206 1772 263 1833 τοῦ
272 1766 418 1852 βασιλέως
431 1762 485 1841 οῦς
498 1763 564 1830 εἶπέ
570 1791 628 1850 μοι.
640 1763 692 1829 καί
728 1764 785 1851 λημ
795 1770 850 1841 ἕως
860 1770 915 1831 τοῦ
924 1772 1036 1851 τείχους
1048 1770 1104 1832 τοῦ
1112 1766 1251 1844 πλατέος.
1264 1770 1337 1835 9κυί

85 1851 164 1916 εἱπα.
183 1848 365 1932 ἀναστῶμεν,
381 1851 434 1915 καί
445 1844 690 1934 οἰκοδομήσομεν.
727 1853 777 1915 ε’πὶ
782 1861 866 1954 χεῖρα
876 1847 977 1916 αὐτῶν
986 1847 1336 1936 ἔνρυίτησεῬαφαῖαυῖδς

85 1936 135 1998 καί
171 1930 421 2018 ἕκραταιυύθησαν
437 1937 471 1999 αἱ
488 1945 578 2019 χεῖρες
591 1931 692 1999 αὐτῶν
728 1941 828 2018 Σουρ,
855 1932 955 2018 ἄρχων
968 1931 1089 2041 ημίσους
1100 1932 1265 2039 περιχώρου
1278 1933 1332 2000 ‘14-

86 2023 123 2092 εἰς
141 2015 176 2082 τὸ
195 2015 321 2095 ἀγαθόν.
352 2019 446 2083 19καί
460 2015 569 2103 ἤκουσε
588 2024 692 2080 Σανα-
727 2013 889 2103 ρουσαλημ.
901 2019 982 2083 ιθκαι
991 2019 1042 2082 ἐπὶ
1050 2029 1131 2103 χεῖρα
1140 2024 1240 2084 αυτιῦν
1250 2016 1334 2103 ίκρσί·

85 2100 202 2187 βαλλίιτ
214 2099 357 2188 ὁἈριονλ,
369 2102 422 2164 καί
436 2104 541 2187 Τωβία
553 2095 571 2164 ὃ
586 2099 692 2172 δοῦλος
728 2126 814 2183 τησεν
823 2096 936 2165 Ἰιδαῖα
949 2100 1013 2175 υἱὸς
1023 2099 1177 2186 Ἐρωμύφ,
1198 2104 1249 2167 καί
1261 2127 1336 2167 κατ-

86 2183 103 2249 ὁ
119 2183 257 2267 Ἀμμωνὶ,
276 2185 329 2249 καί
340 2182 450 2266 Γηοδιμ
464 2177 482 2245 ὁ
495 2180 616 2268 Ἀραβὶ,
642 2183 694 2246 καί
729 2186 823 2248 ε’ναντι
837 2187 932 2256 οἰκίας
944 2181 1049 2247 αύτοῦ.
1065 2186 1116 2248 καὶ
1125 2187 1175 2249 ε’πί
1187 2198 1269 2270 χεῖρα
1278 2183 1331 2250 αύ-

86 2267 259 2343 ίξεγέλαοαν
271 2265 357 2350 ἡμᾶς,
373 2267 425 2329 καί
438 2252 535 2347 ἦλθον
547 2263 591 2346 ἐφ’
607 2260 693 2366 ἡμᾶς,
730 2271 785 2330 τοῦ
802 2261 958 2350 ἐκράτησεν
973 2263 1108 2331 Ἀττούθ
1127 2265 1191 2343 υἱὸς
1203 2267 1336 2353 Ἀσαβυ·

88 2350 140 2413 καὶ
152 2347 242 2411 εἷπον.
268 2355 299 2412 τί
316 2347 354 2411 τὸ
373 2350 452 2432 ῥῆμα
468 2350 560 2410 τοῦτο
579 2340 598 2409 δ
616 2356 694 2428 υμεῖς
730 2354 787 2411 νία.
806 2350 828 2388 ¹¹
840 2351 890 2411 καί
902 2344 1036 2430 δεύτερος
1048 2343 1187 2432 ἐκράτησε
1199 2349 1334 2433 Μελχίας

88 2439 196 2495 ποιεῖτε
201 2458 212 2505 ,·
228 2428 246 2511 ἢ
260 2431 310 2494 ἐπὶ
322 2425 375 2492 τὸν
386 2427 512 2513 βασιλέα
525 2424 604 2510 ῦμεῖς
616 2425 694 2492 ἀπο-
732 2425 793 2503 υἱδς
813 2425 931 2512 Ἠρύμ,
956 2431 1008 2494 καὶ
1027 2426 1139 2515 Ἀσούβ
1162 2430 1227 2505 υἱὸς
1246 2431 1345 2496 Φαίιτ·

89 2521 238 2586 στατεῖτε,
269 2510 301 2552 ²⁰
321 2508 372 2571 καὶ
397 2509 565 2590 ἐπέστρεψα
591 2504 695 2580 αὐτοῖς
731 2510 852 2598 Μωύβ,
876 2513 927 2574 καὶ
946 2516 1001 2586 ἕως
1011 2507 1129 2595 πύργου
1146 2518 1209 2576 τῶν
1222 2524 1336 2578 θανου-

88 2595 196 2671 λόγον,
225 2593 276 2656 καί
292 2589 362 2654 εἶπα
381 2586 491 2662 αὐτοῖς·
515 2587 532 2652 ὅ
553 2584 695 2664 θέὄςῐοῦ
731 2601 787 2681 ρίμ.
815 2597 842 2636 ¹²
854 2594 905 2658 καί
919 2598 969 2660 ἐπὶ
986 2607 1070 2743 χεχρχα
1083 2593 1179 2660 αὐτοῦ
1195 2592 1337 2698 έηρύτησε

90 2685 221 2767 ούρανοῦ
246 2679 338 2755 αὐτὸς
363 2676 500 2744 εύσδυίοει
525 2675 609 2764 ἡμῖν,
644 2678 697 2743 καί
730 2676 992 2762 ΣαλλούμυὶὸςἈ
1055 2704 1098 2783 ης,
1107 2677 1207 2766 ἅρχων
1216 2686 1337 2764 ημίσους

87 2764 167 2850 ἡμεῖς
180 2765 284 2829 δοῦλοι
304 2762 399 2828 αὐτοῦ
413 2768 560 2869 καθαροί,
585 2762 636 2828 καί
649 2765 695 2825 υἱ-
730 2758 1111 2848 περιχώρουἹερουσαλημ,
1135 2761 1228 2840 αὐτὸς
1240 2765 1292 2830 καί
1304 2769 1338 2829 αἱ

88 2844 297 2932 κοδομήσομεν.
327 2850 378 2912 καί
397 2845 463 2929 ύμῖν
474 2872 530 2911 ουκ
543 2848 604 2912 έστι
616 2845 695 2931 μερίς
728 2850 889 2932 θυγατέρες
914 2845 1020 2911 αὐτοῦ.
1059 2849 1086 2889 ¹³
1100 2845 1154 2932 τὴν
1169 2848 1268 2932 πύλην
1284 2853 1337 2933 τῆς

88 2936 139 2998 καὶ
155 2929 324 3016 δικαιοσύνη
337 2934 387 2997 καί
399 2925 625 3015 μνημόσυνονέν
637 2926 694 2995 Ἱε-
729 2928 889 3016 φάραγγος·
908 2927 1075 3016 ἐκράτησαν
1099 2929 1206 2997 Ἀνούν
1230 2935 1280 2998 καί
1306 2938 1337 2998 οἱ

87 3014 249 3103 ρουσαλήμ.
728 3019 932 3091 κατοικοῦντες
944 3015 1051 3091 Ζανυλ,
1077 3015 1165 3081 αὐτοὶ
1181 3011 1335 3102 ᾠκοδόμη-
1428 3070 1431 3076 .

281 3105 357 3165 ΚΕ
368 3103 405 3163 Φ.
449 3093 501 3163 Γ.
729 3125 786 3165 σαν
798 3097 907 3183 αὐτὴν,
929 3101 981 3165 καί
993 3103 1118 3184 ε’ίντηουν
1129 3097 1228 3186 θύρας
1241 3097 1336 3185 αὐτῆς

88 3152 170 3249 Καὶ
182 3184 292 3268 ἀνέστη
303 3182 465 3270 Ἐλιασούβ
477 3180 494 3246 ὁ
509 3178 598 3268 ἱερεύς
610 3178 628 3247 ὁ
640 3184 691 3266 μέ·
729 3185 779 3249 καί
792 3183 916 3269 κλεῖθρα
929 3182 1022 3268 αὐτῆς
1032 3186 1083 3250 καὶ
1093 3182 1221 3267 μοχλούς
1232 3183 1335 3265 αὐτῆς,

88 3295 156 3343 γας,
182 3270 234 3333 καὶ
251 3272 282 3332 οἱ
300 3265 424 3348 ἀδελφοί
441 3264 537 3331 αὐτοῦ
556 3271 588 3331 οἱ
601 3271 693 3352 ἱερεῖς,
729 3268 780 3331 καί
791 3267 901 3352 χιλίους
913 3263 1010 3351 πήχεις
1023 3271 1054 3330 ἐν
1066 3272 1110 3349 τῷ
1123 3273 1205 3350 τείχει
1217 3273 1272 3342 έως
1284 3271 1337 3349 τῆς

88 3355 138 3417 καί
156 3350 354 3434 ᾠκοδόμησαν
369 3347 423 3432 τὴν
439 3346 535 3433 πύλην
551 3346 605 3452 την
616 3374 694 3433 προ-
729 3346 824 3435 πύλης
843 3355 894 3432 τῆς
907 3356 1040 3434 κοπρίας.
1070 3350 1100 3392 1⁴
1113 3351 1164 3412 καί
1176 3347 1230 3431 την
1241 3347 1336 3431 πύλην

86 3429 218 3521 βατικύν.
245 3432 334 3497 αὐτοὶ
358 3428 485 3534 ύχγίαοαν
511 3429 619 3515 αύτην,
644 3432 696 3496 καί
730 3427 1336 3534 τηςκοπρίαςίκρύτησεΜελχίυυἱόςῬη·

87 3522 218 3600 ε”στησαν
229 3512 327 3595 θύρας
336 3519 437 3595 αυτῆς,
450 3514 501 3579 καί
514 3519 568 3588 ἕως
577 3510 695 3598 πύργου
729 3518 801 3598 χαβ,
827 3514 925 3596 ι’έρχοον
940 3508 1103 3599 περιχώρου
1121 3515 1336 3597 Βηθακχαρὶμ,

87 3606 149 3667 τῶν
159 3597 266 3663 ἑκατὸν
274 3596 403 3681 ἱγγίυσαν
415 3602 470 3671 ἕως
482 3591 599 3676 πύργου
606 3594 692 3659 ’Ava-
731 3594 823 3670 αὐτὸς
835 3598 886 3660 καί
898 3598 958 3659 υἱοί
970 3595 1076 3660 αὐτοῦ.
1103 3597 1154 3659 καί
1166 3598 1337 3662 ἐσκέπασαν

86 3685 168 3770 μεήλ.
183 3685 256 3749 2καί
269 3683 320 3747 ἐπὶ
330 3691 426 3765 χεῖρας
437 3677 553 3762 ἀνδρῶν
563 3673 696 3742 υἱῶνἽε-
731 3675 838 3762 αὐτὴν,
864 3680 916 3744 καί
929 3681 1056 3763 έστησαν
1068 3675 1168 3764 θύρας
1181 3678 1273 3766 αὐτῆς
1285 3683 1337 3747 καί

90 3769 176 3856 ριχώ,
204 3771 255 3832 καί
275 3767 325 3830 ἐπί
341 3775 438 3848 χεῖρας
456 3766 529 3827 υἱῶν
547 3757 696 3846 Ζακχούρ,
731 3761 857 3845 κλεῖθρα
881 3758 973 3845 αὐτῆς
1005 3764 1055 3827 καί
1079 3762 1205 3848 μοχλούς
1232 3764 1334 3850 αὐτῆς.

91 3858 157 3919 υἱοῦ
169 3850 285 3936 Ἀμαρί.
313 3851 327 3891 ³
340 3849 390 3912 καὶ
407 3845 459 3932 τὴν
471 3841 568 3928 πύλην
585 3844 638 3928 την
654 3849 697 3948 λχ-
730 3842 816 3929 15τίχν
827 3842 859 3909 δέ
871 3841 968 3929 πύλην
980 3849 1031 3930 της
1040 3852 1137 3932 πηγῆς
1149 3846 1335 3932 ἠσφαλίσατο

89 3935 209 4021 θυηρὰν
223 3928 414 4020 ᾠκοδόμησαν
426 3932 487 3997 υἱοὶ
499 3927 619 3997 Ἀσανά.
640 3955 697 3993 αυ-
729 3926 886 4010 Σαλωμών
900 3928 964 4005 υἱὸς
978 3930 1099 4009 Χολεζὲ,
1118 3931 1218 4036 ἅρχων
1229 3938 1336 4022 μέρους

92 4024 141 4087 τοὶ
154 4023 314 4098 ἐστέγασαν
331 4013 440 4093 αὐτὴν,
466 4016 517 4080 καί
534 4017 697 4091 έστέγασαν
729 4018 781 4094 τῆς
794 4012 929 4093 Μυσοῦ,
945 4011 1035 4090 αὐτὸς
1048 4017 1266 4102 ίξῳκοδομηοεν
1279 4016 1335 4083 αύ-

89 4103 187 4189 θύρας
213 4102 376 4186 αὐτῆςκαὶ
392 4100 519 4185 κλεῖθρα
538 4096 630 4181 αὐτῆς
646 4101 697 4162 καὶ
729 4097 782 4199 την
799 4099 849 4161 καί
867 4100 1021 4175 έστέγασεν
1033 4096 1142 4185 αὐτὴν,
1170 4105 1220 4166 καί
1233 4106 1336 4184 ι”στησε

87 4186 214 4274 μοχλούς
228 4184 328 4291 αύτης.
348 4183 364 4226 ⁴
377 4186 429 4249 καί
441 4185 490 4249 ἐπὶ
502 4193 584 4268 χεῖρα
596 4180 697 4246 αὐτῶν
729 4207 783 4256 τας
795 4177 894 4267 θύρας
912 4182 1005 4266 αὐτῆς
1022 4185 1073 4247 καὶ
1090 4183 1216 4288 μοχλούς
1233 4184 1335 4270 αὐτῆς.

89 4276 224 4374 κατέσχεν
233 4272 283 4335 ἐπὶ
299 4265 419 4351 Ραμώθ
430 4271 497 4333 υἱοῦ
511 4266 618 4353 Οὐρία,
628 4269 695 4329 υἱοῦ
729 4267 781 4330 καί
805 4262 841 4329 τὸ
858 4276 952 4351 τεῖχος
970 4266 1179 4355 κολυμβηθρας
1195 4273 1258 4334 τοῖν
1275 4297 1336 4335 κω-

87 4358 204 4429 Ἁκκοις.
230 4354 281 4419 καί
293 4353 344 4418 ἐπὶ
360 4363 442 4438 χεῖρα
459 4348 559 4415 αὐτῶν
575 4351 697 4433 κατέσχε
729 4347 799 4412 δίων
811 4352 850 4441 τ’
862 4353 958 4434 κουρᾷ
972 4356 1028 4416 τοῦ
1039 4352 1192 4435 βασιλέως,
1215 4353 1268 4417 καί
1279 4358 1336 4429 ἕως

90 4437 263 4518 Μοσολλίιμ
277 4432 340 4510 υἱὸς
353 4440 520 4521 Βαραχίου,
539 4436 606 4497 υἱοῦ
620 4438 696 4496 Μα-
729 4434 789 4496 τῶν
820 4376 971 4516 κλιμάκων
1003 4438 1064 4498 τῶν
1090 4438 1335 4518 καταβαινουσῶν

90 4522 182 4614 ζεβηλ.
222 4523 274 4586 καὶ
289 4521 339 4584 ἐστι’
356 4528 438 4605 χεῖρα
460 4515 560 4582 αὐτῶν
576 4519 695 4604 κατέσχε
729 4511 792 4582 ἀπὸ
815 4510 929 4594 πόλεως
947 4516 1051 4581 Δαυίδ.
1078 4513 1217 4581 16ὀπίσω
1240 4514 1336 4659 υχύτρῦ

1265 4624 1343 4669 κου.-
