2924 4972
105 204 149 269 84
492 202 637 266 ΕΞΟΔ
653 200 722 260 ΟΣ
760 197 836 271 Κεφ.
849 190 903 275 κη’.
918 193 968 260 98.

104 318 250 399 ἐπωμίδα,
267 319 319 381 καὶ
330 313 384 382 τόν
395 312 522 402 ποδήρη,
540 318 590 379 καί
603 318 712 399 χιτιῦνα
744 310 878 395 ἄνθραξ,
902 314 953 375 καί
973 308 1148 399 σάπφειρος,
1175 316 1227 377 καί
1246 317 1352 391 ἴασπις.

105 398 307 486 κοσυμβωτὸν,
331 402 382 464 καί
394 401 521 484 κίδαριν,
548 401 599 462 καὶ
611 393 711 480 ζώνην.
743 395 827 457 22καί
840 391 858 457 ὁ
869 401 966 478 στίχος
976 391 994 458 ὁ
1005 401 1114 479 τρίτος,
1126 392 1268 482 λιγύριον,
1279 395 1353 482 άχά-

106 485 157 547 καὶ
181 478 334 565 ποιήσουσι
357 481 465 556 στολάς
489 478 577 560 ἁγίας
593 479 713 565 Ἀαρὼν
743 502 805 559 της,
818 474 997 558 ἀμέθυστος.
1022 480 1053 520 ²⁰
1066 476 1148 542 καίὸ
1163 487 1262 564 στίχος
1275 478 1293 546 ὃ
1306 486 1357 546 τί·

105 567 157 630 καί
186 577 249 641 τοῖς
279 569 354 640 υἱοῖς
385 563 480 629 αῦτοῦ
505 569 545 639 εἰς
564 563 605 628 «τὸ
633 567 714 649 ἱερα-
744 585 782 624 τα
803 585 863 635 τος,
887 555 1077 645 χρυσόλιθος,
1111 564 1162 626 καί
1186 561 1355 649 βηρύλλιον,

104 644 195 713 τεύειν
213 675 272 731 μοι.
311 650 390 713 2καί
407 645 497 712 αῦτσί
515 643 663 730 λήψονται
677 644 712 710 τὸ
744 585 935 728 καίόνύχισν,
955 644 1221 728 περικεκαλωμμίνα
1233 654 1355 731 χρυσίῳ,

104 737 239 817 χρυσίον,
264 733 316 796 καί
339 728 393 797 τόν
409 727 567 806 ῦάκινθον,
592 732 644 795 καί
660 729 714 834 τήν
745 727 931 810 συνδεδεμένα
943 729 974 791 ἐν
986 734 1106 812 χρυσίῳ.
1127 731 1353 793 ε”στωσανκατὰ

104 811 279 899 πορφύραν,
304 812 406 879 καὶτὸ
426 809 574 890 κόκκινον,
599 815 649 878 καί
660 836 715 895 την
746 815 846 894 στίχον
859 806 968 875 αῦτῶν.
985 812 1071 874 22καὶ
1083 815 1113 875 οἱ
1123 809 1205 874 λίθοι
1218 815 1355 877 ε”στωσαν

104 893 224 1004 βύσσον.
250 899 330 962 ‘nal
344 893 497 981 ποιήσουσι
514 892 568 981 τήν
580 898 715 979 ἐπωμίδα
746 897 777 958 ἐκ
803 897 866 958 τῶν
884 889 1039 975 ὀνομάτων
1057 898 1117 958 τοῖν
1139 898 1212 960 υίιῦν
1231 892 1355 980 Ἰσραήλ

105 1005 137 1044 εκ
148 974 263 1065 βύσσου
280 980 495 1064 κεκλωσμένδς,
520 982 605 1065 ἔργον
618 977 714 1062 ῦφαν-
746 972 868 1041 δεκαδύο
879 976 958 1040 κατά
968 975 1008 1040 τά
1017 973 1153 1059 ὀνόματα
1163 974 1270 1042 αῦτῶν.
1283 978 1355 1055 γλυ-

104 1061 159 1128 τόν
171 1064 336 1128 ποικιλτοῦ.
349 1059 421 1129 7δύο
432 1065 572 1147 ἕπωμίδες
580 1066 715 1148 συνέχου-
746 1060 802 1139 φοί
815 1061 987 1145 σφραγίδων
999 1065 1124 1136 ἕκαστος
1141 1060 1220 1124 κατά
1233 1057 1270 1126 τό
1283 1061 1355 1126 ὅνο-

105 1172 156 1210 σαι
181 1147 299 1212 ἔσονται
324 1144 409 1231 αῦτῴ
426 1149 514 1232 ἑτέρα
529 1149 583 1230 τήν
601 1149 714 1232 ἑτέραν,
743 1169 786 1227 μα
797 1145 934 1208 ἔστωσαν
943 1148 982 1217 είς
995 1141 1118 1208 δεκαδύο
1131 1139 1236 1226 φυλάς,
1259 1147 1289 1186 ²²
1303 1147 1355 1210 καί

105 1231 156 1294 ἐπί
184 1241 248 1304 τοῖς
276 1230 344 1296 δυσί
374 1235 488 1317 μέρεσιν
514 1233 714 1316 ἐξηρτημένοι.
744 1219 1135 1305 ποι’σειςίπίτόλογεῖονκ
1155 1223 1354 1311 ωσσοῦςσυμ-

105 1308 716 1397 2καίτδὕφασματοῦνέττωμίδων,όὲοτιν
744 1334 805 1375 πεπ
835 1311 966 1392 γμίνους,
995 1311 1084 1395 ε”ργον
1113 1252 1296 1377 άλυσιδωτόι
1322 1316 1354 1377 ἐκ

104 1393 149 1460 ἐπ’
166 1393 267 1477 αὐτῷ,
288 1394 368 1461 κατά
380 1393 434 1478 τήν
446 1394 716 1478 ποίησινίξαῦτοῦ
744 1399 864 1477 χρυσίου
877 1397 1027 1478 καθαροῦ.
1040 1395 1128 1457 22καί
1141 1391 1267 1498 λήψεται
1280 1392 1354 1459 Ἀα-

104 1479 190 1542 ἔσται
202 1480 235 1540 ἐκ
247 1484 366 1562 χρυσίου
378 1481 530 1562 καθαροῦ,
549 1478 600 1541 καί
612 1474 716 1543 ῦακίν-
746 1473 807 1560 ρών
817 1475 856 1539 τά
870 1472 1003 1558 ὀνόματα
1015 1480 1077 1541 τῶν
1089 1481 1162 1541 υίιῦν
1179 1477 1294 1563 Ισραήλ
1304 1479 1354 1542 ι’πί

104 1570 177 1636 θσυ,
189 1559 241 1623 καί
251 1554 421 1668 πορφύρας,
439 1561 491 1623 καί
501 1565 637 1625 κοκκίνου
649 1561 716 1625 δια·
745 1561 800 1622 τοῦ
819 1557 933 1634 λογείου
951 1561 1003 1642 τῆς
1015 1565 1135 1645 κρίσεως
1153 1561 1203 1624 ἐπί
1213 1565 1267 1624 τοῦ
1281 1557 1354 1643 στή-

105 1646 293 1726 νενησμίνου,
317 1670 368 1708 και
385 1637 497 1731 βύσσου
509 1644 716 1728 κεκλωσμενης.
746 1650 829 1716 θους,
847 1634 959 1717 είςιόντι
972 1646 1011 1717 είς
1023 1639 1059 1707 τὸ
1073 1638 1158 1720 άγιον
1169 1637 1353 1724 μνημόσυνον

105 1728 187 1791 9κσιί
208 1721 291 1810 λήιμη
307 1723 378 1802 τοῦς
394 1721 449 1792 δύο
467 1725 586 1804 λίθους,
612 1728 716 1803 λίθους
745 1728 875 1789 ἐναντίον
893 1729 948 1790 τοῦ
964 1729 1046 1790 θεοῦ.
1070 1728 1121 1790 καὶ
1138 1723 1240 1810 θήσεις
1252 1726 1303 1790 ἐπὶ
1314 1725 1351 1790 τὸ

106 1797 291 1894 σμαράγδού,
316 1810 368 1874 καί
381 1805 502 1892 γλύφεις
518 1814 550 1875 ἒν
563 1808 716 1887 αῦτοῖςτά
745 1807 859 1886 λογεῖον
881 1813 934 1893 τῆς
959 1816 1080 1893 κρίσεως
1103 1808 1173 1884 τοῦς
1190 1805 1352 1894 κρωσσούς.

107 1888 243 1973 ὀνόματα
254 1895 316 1956 τῶν
329 1897 402 1957 υίιῦν
411 1888 544 1979 Ἰσραήλ.
559 1897 588 1937 ¹⁰
597 1897 631 1972 ἔξ
643 1890 715 1960 ὀνό-
744 1890 783 1956 τά
797 1888 965 1957 ἆλυσιδωτά
975 1890 1019 1957 ἐπ’
1036 1889 1212 1979 ἀμφοτέρων
1221 1893 1354 1975 τῶνκλι-

106 2000 187 2058 ματα
205 1976 255 2039 ἐπί
272 1970 325 2040 τόν
342 1975 432 2041 λίθον
448 1971 502 2041 τόν
515 1981 583 2054 ἕνα,
607 1980 659 2042 καί
673 1977 714 2044 τά
744 1978 804 2038 τιῦν
814 1980 869 2039 τοῦ
881 1977 996 2054 λογείου
1008 1970 1163 2060 ἐπιθήσεις.
1175 1978 1225 2041 καί
1235 1973 1289 2052 τάς
1298 1975 1352 2042 δύο

107 2061 141 2134 ἕξ
166 2053 302 2140 ὀνόματα
319 2057 359 2123 τά
377 2054 469 2124 λοιπά
487 2062 538 2124 ἐπὶ
555 2059 610 2126 τόν
626 2061 716 2127 λίθον
744 2055 921 2135 ἆσπιδίσκας
937 2054 1088 2144 ἐπιθήσεις
1103 2060 1146 2124 ἐπ’
1168 2058 1353 2145 ἀμφοτέρους

107 2140 163 2205 τὸν
175 2139 310 2225 δεύτερον
321 2141 399 2208 κατά
412 2141 467 2218 τάς
474 2147 595 2220 γενέσεις
605 2142 715 2222 αὐτῶν,
745 2141 814 2218 τοῦς
827 2142 923 2226 σ’ῦμους
940 2147 993 2228 τῆς
1010 2144 1157 2226 ἐπωμίδος
1169 2139 1248 2208 κατά
1260 2140 1353 2229 πρός-

107 2228 132 2265 ¹¹
147 2226 233 2310 ἔργον
251 2226 440 2312 λιθουργικής
456 2230 566 2311 τέχνης.
598 2224 717 2310 γλύμμα
746 2249 837 2289 ωπον.
859 2229 890 2270 ³⁰
902 2228 953 2291 καί
965 2222 1115 2309 ἐπιθήσεις
1128 2230 1178 2292 ἐπί
1190 2227 1225 2292 τὸ
1239 2226 1352 2304 λογεῖον

108 2309 271 2392 σφραγίδος
284 2305 454 2393 διαγλύψεις
465 2307 535 2385 τοῦς
547 2306 602 2377 δύο
611 2311 717 2388 λίθους
745 2311 798 2392 τῆς
809 2315 931 2394 κρίσεως
942 2309 997 2393 τήν
1009 2305 1139 2393 δήλωσιν
1149 2312 1201 2375 καί
1211 2309 1267 2395 τήν
1277 2307 1352 2395 ἀλή-

108 2393 160 2454 ἐπί
184 2403 247 2466 τοῖς
272 2388 394 2476 ὀνόμασι
411 2399 473 2458 τιῦν
489 2397 562 2460 υίοῦν
584 2391 715 2504 Ἰσραήλ.
745 2401 839 2458 θειαν.
850 2395 904 2456 καί
915 2395 999 2457 ε”σται
1012 2394 1062 2458 ε’πί
1074 2398 1128 2457 τοῦ
1142 2389 1273 2478 στήθους
1279 2391 1353 2459 Ἀα-

109 2476 136 2515 ¹²
149 2478 200 2538 καί
212 2471 313 2560 θήσεις
327 2473 400 2552 τοῦς
409 2472 464 2543 δύο
477 2477 582 2554 λίθους
594 2480 644 2544 ἐπι
655 2481 716 2543 τῶν
746 2471 824 2582 ριῦν,
848 2471 922 2541 όταν
940 2471 1137 2562 είςποριύηται
1156 2483 1195 2551 είς
1212 2473 1249 2540 τό
1267 2474 1352 2555 άγιον

109 2555 197 2639 ὤμων
210 2565 261 2643 τῆς
273 2562 429 2642 ἐπωμίδος.
440 2560 523 2627 λίθοι
531 2556 716 2646 μνημοσῦνου
746 2563 841 2625 εῦαντι
866 2567 975 2646 κυρίου.
1001 2562 1052 2625 καί
1074 2561 1145 2625 οἴσει
1166 2557 1282 2646 Ἀαρών
1299 2561 1353 2636 τὰς

109 2644 164 2705 εἶσί
177 2654 239 2717 τοῖς
252 2647 327 2717 υίοῖς
341 2640 475 2746 Ἰσραήλ.
499 2648 550 2708 καί
562 2641 716 2729 ἇναλήφε-
745 2649 850 2728 κρίσεις
863 2649 923 2709 τῶν
935 2646 1007 2708 υίιῦν
1016 2641 1139 2727 Ἰσραήλ
1151 2645 1202 2708 ἐπί
1213 2649 1268 2709 τοῦ
1281 2641 1352 2728 στή-

109 2747 158 2786 ται
171 2721 288 2805 Ἀαρών
300 2722 340 2788 τά
352 2723 487 2807 ὄνοματα
498 2730 561 2790 τῶν
572 2730 645 2790 υίιῦν
655 2725 716 2792 ’Ῑσ-
745 2734 820 2800 θονς
837 2729 931 2790 ε”ναντι
950 2731 1051 2811 κυρίου
1066 2723 1236 2803 διαπαντός.
1263 2729 1290 2769 ³¹
1301 2730 1353 2792 καί

109 2805 187 2888 ραήλ
199 2809 294 2870 ἔναντι
308 2813 410 2891 κυρίου
422 2809 473 2871 ἐπί
485 2811 547 2873 τῶν
559 2804 613 2872 δύο
627 2807 716 2890 ὤμων
744 2807 871 2892 ποιήσεις
885 2804 1033 2894 ὑποδύτην
1045 2807 1161 2895 ποδήρη
1171 2807 1242 2876 ὅλον
1251 2805 1351 2876 ῦακίν-

109 2886 215 2965 αῦτοῦ,
227 2883 411 2972 μνημόσυνον
423 2891 491 2974 περί
503 2887 615 2955 αὐτῶν.
631 2892 716 2957 22καί
745 2901 839 2958 θινον.
865 2893 894 2933 ³²
907 2893 958 2956 καί
974 2894 1056 2957 ἔσται
1073 2891 1108 2957 τὸ
1121 2890 1352 2978 περιοτόμιονίξ

107 2966 237 3056 ποιήσεις
255 2970 427 3047 ἇσπεδίσκας
438 2976 471 3037 ἐκ
475 2978 604 3074 χρυσίου
615 2985 716 3039 κωθα-
745 2971 840 3040 αῦτοῦ
850 2977 949 3057 μέσον,
966 2973 1030 3040 α’ίαν
1042 2978 1109 3059 ε”χον
1121 2973 1218 3062 κύκλῳ
1231 2981 1286 3042 τοῦ
1298 3002 1352 3043 πε-

108 3059 173 3136 ροῦ.
199 3055 228 3098 ¹⁴
241 3057 294 3120 καί
308 3050 436 3138 ποιήσεις
448 3055 503 3119 δυσ
515 3055 670 3140 κροσσωτδι
682 3061 714 3122 ἐκ
745 3064 905 3142 ριστομίου.
930 3060 1017 3144 ἔργον
1037 3054 1185 3139 ῦφάντου,
1210 3060 1266 3146 τήν
1279 3088 1351 3144 συμ-

105 3143 227 3220 χρυσίου
252 3142 407 3224 καθαροῦ,
432 3141 664 3220 καταμεμιγμένα
682 3143 713 3205 ἐν
743 3138 835 3228 βολήν
847 3144 1066 3225 συνυφασμένην
1078 3145 1108 3220 ἐξ
1121 3141 1226 3221 αὐτοῦ,
1249 3149 1299 3208 ’ίνιι
1310 3144 1350 3228 μή

106 3219 240 3298 ιίνθεσιν,
257 3222 345 3306 ἔργον
357 3219 478 3303 πλοκῆς.
504 3223 554 3284 καὶ
567 3218 714 3307 ἐπιθήσεις
743 3228 831 3310 ῥαγῆ.
867 3225 896 3266 22
909 3227 961 3288 καί
978 3222 1108 3310 ποιήσεις
1134 3219 1194 3292 ῦπό
1210 3222 1248 3290 τό
1264 3225 1350 3309 λώμα

105 3302 146 3366 τὰ
165 3330 183 3366 κ
202 3301 325 3373 οσσωτά
340 3302 381 3375 ,τά
397 3303 580 3387 πεπλεγμένα
598 3306 648 3370 ἐπὶ
660 3302 713 3383 τάς
743 3296 959 3374 ποῦ’ῦποδύτου
972 3305 1119 3386 κάτωθεν,
1131 3305 1350 3387 ὡςείέξανθού-

106 3328 295 3463 ἇοπιδίσκας,
311 3387 389 3452 κατά
402 3384 456 3462 τάς
469 3389 644 3474 πυραμίδας
656 3389 712 3456 αῦ-
743 3416 794 3474 σης
818 3386 891 3476 ῥόας
908 3394 1043 3479 ῥοΐσκους
1060 3397 1090 3470 ἐξ
1116 3389 1275 3472 ῦακίνθου,
1299 3395 1350 3458 καί

105 3473 168 3535 τῶν
180 3473 213 3535 ἐκ
226 3475 287 3536 τιῦν
300 3473 500 3558 ἐμπροσθίων.
523 3472 550 3515 ¹¹
562 3475 615 3538 καί
624 3469 713 3558 ποιή·
741 3468 908 3578 πορφύρας,
918 3479 969 3541 καί
977 3481 1111 3543 κοκκίνου
1120 3478 1350 3583 διρνεχησμίνοην,

1234 294 1354 308 ---.-

332 3559 347 3572 a

106 3577 160 3628 σεις
172 3552 287 3631 λογεῖον
303 3580 364 3619 των
380 3561 519 3642 κρίσεων,
544 3557 631 3641 ἔργον
642 3583 712 3623 ποι·
741 3559 792 3624 καί
804 3562 914 3646 βυσσου
927 3560 1133 3644 κεκλωσμίνης,
1149 3586 1209 3625 υπο
1222 3566 1278 3626 τοῦ
1289 3561 1349 3622 λω-

104 3636 214 3701 κιλτσῦ.
240 3637 318 3702 κατὰ
337 3637 392 3703 τὸν
409 3637 523 3725 ῥυθμόν
535 3644 588 3722 τῆς
599 3645 712 3746 ἔπωμί-
740 3667 833 3724 ματος
852 3648 906 3709 τοῦ
926 3639 1076 3711 ῦποδύτου
1089 3638 1196 3722 κύκλῳ.
1222 3640 1259 3704 τὸ
1272 3638 1347 3703 αὐτὸ

104 3719 155 3792 δος
166 3715 295 3802 ποιήσεις
308 3718 383 3784 αῦτὸ
396 3725 428 3785 ἐκ
439 3727 570 3806 χρυσίου,
586 3725 644 3792 ,καί
656 3751 712 3790 υα-
742 3724 817 3802 εἶδος
829 3731 967 3812 ῥσίσκους
977 3729 1116 3811 χρυσοῦς,
1141 3724 1193 3784 καί
1208 3716 1349 3795 κώδωνας

104 3807 227 3878 κίνθου,
253 3803 304 3867 καί
316 3799 489 3890 πορφύρας,
513 3806 563 3870 καί
574 3814 711 3889 κοκκίνου
742 3806 888 3890 άναμίσον
900 3805 1016 3872 τούτων
1026 3799 1198 3888 περικύκλῳ.
1221 3802 1349 3888 34παρδι

104 3884 310 3989 κεκλασμένου,
323 3888 374 3950 καί
384 3882 494 3973 βύσσου
505 3889 709 3977 κεκλωσμένης.
740 3893 861 4035 &fauor
889 3891 997 3972 ρυσοῦν
1008 3883 1143 3961 κώδωνα,
1163 3887 1214 3949 καί
1227 3883 1349 3950 άνθινον

103 3968 132 4009 ¹⁶
144 3993 274 4052 ποιησεις
297 3966 372 4035 αῦτὸ
398 3968 592 4058 τετράγωνον.
626 3977 710 4039 ἔσται
780 3972 858 4034 ίτοῦ
869 3914 1070 4050 λιίματοςτοῦ
1082 3963 1347 4051 ῦποδύτουκύκλῳ.

104 4049 242 4129 διπλοῦν,
268 4059 422 4160 σπιθαμήη
437 4054 474 4120 τὸ
496 4080 586 4138 μηκας
605 4052 709 4131 αῦτοῦ,
740 4052 769 4094 ³⁵
782 4053 833 4114 καί
848 4052 932 4116 ἔσται
942 4048 1062 4136 Ἀαρών
1077 4054 1108 4114 ἐν
1119 4055 1162 4133 τῷ
1175 4050 1348 4133 λειτουργεῖν

103 4136 155 4197 καί
174 4141 324 4221 σπιθαμῆς
339 4163 377 4202 το
390 4163 484 4224 ευρσς.
510 4139 537 4180 ¹¹
550 4139 600 4201 καί
612 4145 710 4200 καθυ·
740 4127 871 4215 σἰκουοτή
883 4128 903 4215 ἡ
916 4132 999 4218 φωνή
1012 4130 1116 4210 αὐτοῦ,
1137 4129 1249 4208 εἰςιόντι
1262 4141 1300 4209 εἰς
1312 4131 1347 4199 τό

103 4230 204 4296 φανείς
217 4224 248 4285 ἐν
261 4218 345 4306 αύτῷ
355 4216 478 4302 ῦφασμα
487 4214 709 4282 κατάλιθοντι-
739 4210 825 4292 άγιον
838 4218 932 4279 ἔναντι
949 4222 1066 4342 κυρίου,
1090 4218 1141 4281 καί
1154 4213 1273 4294 ἐξιόντι,
1296 4223 1347 4283 ἵνα

102 4297 269 4387 τράστιχον.
296 4310 394 4388 στίχος
407 4302 505 4366 λίθων
517 4302 614 4375 ἔσται,
634 4294 709 4383 σάρ-
738 4294 947 4393 μήάποθάνη.
971 4301 986 4340 ³
1012 4301 1064 4364 καί
1075 4296 1205 4384 ποιήσεις
1215 4302 1347 4367 πέταλον

102 4385 174 4453 διον.
187 4384 339 4462 τοπάζιον,
356 4386 407 4447 καί
419 4376 594 4465 ομοράγδος,
612 4377 629 4443 ὃ
644 4387 708 4446 στί-
738 4385 863 4484 χρυσοῦν
884 4379 1030 4469 καθαρόν.
1056 4385 1107 4448 καί
1125 4381 1298 4460 ἐκτυπώσεις
1315 4390 1346 4450 ἕν

102 4491 151 4549 χος
165 4466 184 4532 ὁ
197 4469 242 4545 είς.
268 4468 360 4532 1θκαί
378 4461 395 4527 ό
414 4468 511 4547 στίχος
529 4459 546 4526 δ
566 4458 707 4552 δεύτερος,
740 4467 823 4548 αυτῷ
839 4463 999 4551 ἕκτύπωμα
1016 4469 1190 4553 σφραγίδος,
1215 4464 1346 4553 άγίασμα

1234 4579 1345 4639 κυριου.
