2924 4972
119 227 186 298 778
445 222 481 281 H
490 219 563 281 ΣΑ
575 224 597 279 1
599 218 635 280 A
646 222 678 278 Σ
718 222 795 299 Κεφ.
809 215 854 294 ις’.
870 216 918 295 ιζ’.
935 220 983 287 16.
1000 223 1048 285 17.

114 427 319 509 ἀνισταμένου
339 427 447 500 νοσσός
469 427 657 519 αφηρημένσς
672 427 727 515 έση
759 474 838 573 Ida
847 422 892 488 Τό
904 427 984 510 ρήμα
998 422 1033 525 τό
1047 423 1303 527 κατάΔαμασηιοῦ.

115 507 253 595 θυγάτηρ
279 507 399 595 Μωάβ,
431 512 532 573 ἔπειτα
558 509 591 575 δέ
610 507 727 593 Ἀρνῶν
838 507 1035 591 ἀΔαμασκος
1050 505 1218 591 ἀρθήσεται
1231 507 1295 573 απὸ
1308 504 1368 573 πό·

114 595 239 660 πλείονα
266 593 281 634 3
297 587 456 678 βουλεύου,
469 599 548 657 ποίει
571 617 603 657 τε
616 595 726 674 σκέπην
759 591 846 666 λεων,
869 595 921 657 καί
938 589 1024 656 ἕσται
1041 594 1081 667 είς
1098 596 1213 657 πτῶσιν
1241 595 1367 656 3καται

113 680 252 753 πένθους.
287 671 364 761 αὕτη
383 674 546 750 διαπαντὸς
563 678 594 742 ίν
610 698 719 760 μεσημ-
759 675 920 759 λελειμμένη
937 678 976 750 είς
993 673 1050 739 τὸν
1068 678 1179 751 αἰῶνα,
1205 680 1244 750 είς
1260 681 1366 760 κοίτην

111 764 194 851 βρινή
208 763 316 841 σκοτίη
326 754 492 840 φεύγουσιν,
498 761 666 844 ἐξέστησαν.
679 753 721 843 μή
758 764 903 840 ποιμνίων
918 759 969 821 καί
986 753 1171 834 ἀνάπαυσιν,
1188 760 1240 823 καί
1257 758 1314 824 οδκ
1333 759 1367 822 ι’·

113 843 232 929 ἀχθῆς,
258 842 276 883 ⁴
288 836 507 928 παροικήσουσί
521 868 569 907 σοι
583 846 614 907 οἱ
626 837 724 921 φυγό-
759 866 829 907 σται
840 839 859 906 δ
871 835 993 906 δισύκων.
1017 842 1033 883 3
1047 844 1097 905 καί
1115 839 1216 906 οὐκέτι
1233 838 1317 907 ἔσται
1330 842 1367 905 ὀ·

113 929 159 1001 δες
174 915 288 1011 Μωάβ.
315 928 439 991 ἔσονται
460 928 554 1010 σκέπη
571 923 639 1008 ὑμίν
659 922 723 990 ἀπὸ
756 923 832 1011 χυρίι
856 929 912 990 τοῦ
935 936 1115 1005 καταφυγεῖν
1138 923 1275 1010 Ἐφραίμ.
1315 928 1369 990 καί

112 1005 276 1095 προςῶπου
287 1004 509 1084 διοόκοντος,ότι
520 1007 605 1103 ήρθη
620 1004 630 1026 ‘
648 1033 724 1090 συμ-
758 1006 858 1073 οδκέτι
868 1007 1007 1094 βασιλεία
1019 1011 1051 1074 ἐν
1064 1012 1239 1092 Δαμασκῷ,
1266 1010 1320 1073 καί
1328 1007 1368 1073 τό

111 1099 204 1177 μυχία
225 1118 293 1166 σου,
319 1088 405 1157 καὶὸ
426 1091 526 1178 ἄρχων
545 1087 616 1157 ἀποό
649 1087 723 1156 τοὸ
758 1088 865 1157 λοιπόν
873 1097 936 1156 τῶν
946 1085 1067 1176 Σύρων.
1080 1090 1117 1156 ού
1127 1090 1187 1174 γάρ
1196 1089 1231 1156 σίν
1241 1092 1370 1178 βελτίων

112 1180 301 1241 καταπατεῖν
314 1172 377 1240 ἀπὸ
391 1180 446 1250 τ”ς
456 1179 517 1261 γης.
548 1177 562 1218 ⁶
575 1178 627 1241 καί
640 1174 723 1260 διορ-
758 1174 786 1239 εί
795 1179 855 1238 τῶν
870 1172 1082 1261 υίῶνἸσραήλ,
1093 1178 1145 1258 της
1157 1172 1243 1258 δόξης
1252 1173 1368 1241 αὐτῶν.

112 1255 292 1343 θωθήσεται
309 1256 371 1363 μετ’
398 1203 499 1334 ἐλέους
521 1256 645 1343 θρόνος,
671 1259 723 1322 καί
759 1255 830 1323 τάδε
852 1257 929 1336 λέγει
948 1257 1048 1342 κύριος
1079 1254 1219 1344 σαβαιόθ.
1252 1256 1370 1325 4έστιιι

113 1353 262 1408 καθιεῖται
275 1347 314 1407 έπ
336 1340 435 1407 αὐτοῦ
450 1340 523 1423 μετά
536 1342 680 1425 ἀληθείας
692 1344 722 1406 έν
758 1344 840 1426 ἔντη
855 1341 948 1427 ήμέρη
961 1343 1053 1424 ίκείνη
1068 1340 1194 1424 έκλειφις
1205 1339 1294 1425 δόξης
1304 1341 1370 1406 ’ία-

114 1431 203 1519 οκηνή
217 1425 323 1498 Δαυίδ,
337 1431 446 1510 κρίνων
457 1428 507 1489 καί
519 1429 647 1510 ἐκζητῶν
659 1428 723 1508 κρί-
758 1413 838 1511 κιόβ,
865 1427 916 1489 καί
932 1421 973 1489 τά
987 1414 1080 1489 πίόνα
1097 1429 1150 1506 τής
1166 1421 1254 1510 δόξης
1271 1423 1371 1491 αὐτοῦ

112 1513 218 1591 μοικαί
231 1503 365 1574 σπεύδων
377 1505 572 1593 δικαιοσύνην.
607 1504 724 1591 3ήκσύ·
759 1501 956 1591 σεισθήσεται.
992 1509 1071 1573 3καί
1088 1505 1173 1572 έσται
1191 1504 1227 1573 ὃν
1250 1506 1368 1594 τρόπον

114 1587 484 1677 σαμεντήνίίβρινΜωάβ,
498 1585 722 1678 ὑβριστήςσφό-
759 1587 812 1656 έάν
834 1614 879 1667 τις
904 1586 1057 1674 συναγάγη
1078 1589 1193 1674 ἀμητόν
1217 1589 1369 1675 ἑστηκότα

113 1675 170 1761 δρα
183 1673 236 1763 τήν
249 1673 454 1759 ὑπερηφανίαν
467 1677 565 1762 έξῇρα.
599 1670 654 1799 οὐχ
667 1668 721 1738 σίί-
758 1676 810 1739 καί
821 1678 939 1761 σπέρμα
949 1664 1084 1760 σταχύων
1095 1672 1206 1764 ἀμήση,
1217 1680 1268 1740 καί
1281 1675 1369 1741 ἔσται

113 1782 173 1834 τως
185 1755 204 1844 ἢ
216 1761 339 1842 μαντεία
352 1781 419 1834 σου,
432 1755 486 1843 οὐχ
499 1757 605 1835 οὕτως.
650 1754 722 1821 ὀλο-
758 1753 793 1823 ὃν
809 1753 926 1843 τρόπον
944 1754 997 1823 διίν
1020 1781 1065 1833 τις
1077 1756 1236 1842 Ισυναγιίγη
1255 1755 1369 1843 στόχον

114 1836 189 1919 λύξει
215 1839 331 1988 Μαάβ,
346 1843 378 1906 έν
401 1838 461 1928 γάρ
486 1846 524 1925 τῆ
543 1840 720 1926 Μωαβίτιδι
758 1843 790 1906 ἰν
803 1839 934 1928 φάραγγι
951 1846 1068 1928 στερεᾷ,
1094 1832 1368 1946 3καίκαόαλειφθῇ

112 1923 221 2001 πάντες
243 1922 298 1989 ὀλο
320 1919 428 2000 ύξουσι.
458 1913 522 2000 τοίς
545 1928 720 1990 κατοικοῦσι
759 1922 874 2020 έναάτή
887 1920 1296 2030 καλήμη,ήῶςρῶγεςέλαίας
1309 1926 1368 1990 δυο

113 2007 146 2072 δὲ
158 2001 403 2090 Σέθμελετήσεις,
415 2009 467 2072 καί
479 2006 534 2072 οὐκ
548 2002 720 2094 δντραπήση
758 2005 779 2092 ή
792 2021 870 2089 τρεῖς
882 2007 927 2074 ἐπ’
943 2034 1039 2093 ακρου
1051 2005 1211 2093 μετεώρου,
1226 2009 1369 2094 ήτέσσα-

112 2091 181 2157 3τδι
194 2091 280 2156 πεδία
290 2087 426 2177 Ἐσεβών.
464 2086 605 2175 πενθήσει
624 2088 720 2172 ἀμπε·
758 2115 807 2176 ρες
831 2090 847 2113 “
893 2094 956 2158 έντε
977 2093 1028 2156 ἐπὶ
1048 2096 1109 2155 τῶν
1122 2090 1242 2158 κλάδων
1264 2093 1369 2158 αὐτῶν

113 2174 165 2249 λος
184 2170 317 2261 Σεβαμά.
344 2178 555 2250 καταπίνοντες
579 2171 617 2238 τόν
634 2176 719 2256 έθνη,
757 2118 954 2303 καταλειφθχη.
979 2171 1051 2239 τάδε
1063 2174 1139 2253 λέγει
1152 2171 1251 2259 κύριος
1262 2176 1281 2240 ὁ
1294 2174 1368 2253 θεὸς

113 2257 346 2342 καταπατήσατε
366 2253 422 2332 τὰς
440 2254 594 2340 ἀμπέλους
616 2254 720 2340 αάτής,
753 2255 885 2342 Ἰσραήλ.
938 2262 977 2351 τῇ
991 2255 1085 2344 ήμέρᾳ
1103 2260 1195 2344 ίκείνη
1208 2258 1367 2336 πεποιθώς

113 2338 290 2428 έωςἸαζήρ.
317 2338 353 2405 οὐ
366 2336 408 2425 μή
422 2339 584 2427 συνάψητε,
602 2335 720 2424 πλανή-
758 2339 840 2406 έσται
859 2340 877 2407 ὁ
897 2340 1062 2427 ἄνθρωπος
1078 2345 1128 2408 έπί
1151 2333 1196 2407 τῶ
1206 2340 1367 2428 ποιήσαντι

112 2434 188 2508 θητε
200 2423 255 2509 τήν
268 2429 383 2509 έρημον,
398 2427 427 2488 σί
440 2422 656 2508 ἀπεσταλμένοι
670 2427 719 2500 ίγ·
757 2423 864 2501 αὐτὸν,
883 2428 915 2489 σί
929 2424 961 2490 δὲ
978 2423 1138 2508 ὀφθαλμοί
1149 2410 1245 2493 αδτοῦ
1259 2432 1299 2502 εἰς
1311 2425 1366 2491 τὸν

113 2508 364 2592 κατελείφθησαν,
394 2508 534 2595 διέβησαν
557 2507 615 2590 γάρ
640 2500 719 2591 πρός
756 2503 846 2584 ἅγιον
858 2514 912 2572 τοῦ
923 2506 1048 2592 Ἰσραήλ
1061 2510 1264 2613 ἐμβλέψονται,
1291 2512 1367 2575 θκαί

113 2591 167 2672 τήν
178 2587 346 2657 θάλασσαν.
361 2591 431 2656 3διά
444 2596 536 2657 τοῦτο
549 2587 718 2672 κλαύσομαι
756 2589 794 2654 ού
806 2588 848 2675 μή
865 2587 1047 2667 πεποιθότες
1067 2620 1141 2659 ωσιν
1158 2598 1207 2658 έπί
1222 2604 1287 2667 τοῖς
1298 2597 1365 2676 βω·

114 2671 155 2749 ῶς
167 2674 222 2740 τὸν
234 2675 334 2741 κλαυθ
355 2671 391 2739 όν
405 2672 504 2761 Ἰαζήρ
518 2674 649 2758 ἀμπελον
660 2680 718 2737 Συ»
750 2685 833 2755 μοῖς,
847 2674 917 2740 οὐδὲ
934 2679 985 2742 ἐπὶ
997 2687 1060 2752 τοῖς
1078 2675 1174 2761 έργοις
1186 2680 1246 2741 τῶν
1258 2680 1363 2760 χειρῶν

111 2753 202 2843 βαμύ.
228 2757 267 2821 τὰ
278 2703 384 2840 δένδρα
395 2783 452 2822 σου
465 2759 625 2846 κατέβαλεν
635 2755 718 2822 ’Eos-
756 2754 896 2835 αύτῶν,ἀ
905 2762 1049 2843 ἐποίησαν
1058 2764 1089 2826 ot
1099 2756 1241 2826 δάκτυλοι
1250 2759 1363 2836 αὐτῶν,

110 2837 173 2925 βὼν
185 2841 236 2902 καί
247 2837 380 2925 Ἐλεαλη,
398 2837 446 2904 ὅτι
465 2844 515 2906 ἐπί
527 2847 573 2924 τῷ
584 2845 719 2926 θερισμιᾷ
756 2843 807 2905 καί
818 2840 873 2905 οὐκ
888 2841 1021 2929 ὄψονται
1037 2841 1079 2909 τό
1094 2844 1213 2948 δένδρα,
1240 2842 1312 2910 οὐδὲ
1324 2841 1364 2907 τά

111 2923 164 2986 καὶ
177 2923 226 2985 ίπί
238 2926 283 3006 τῷ
291 2927 427 3009 τρυγητῷ
438 2948 492 2988 σου
502 2920 717 3008 καταπατήοω,
754 2920 942 3029 βδελύγματα
955 2925 1063 2991 αὐτῶν.
1089 2927 1147 3007 3τή
1160 2929 1256 3012 ημέρᾳ
1269 2931 1364 3008 ἐκείνη

111 3008 163 3071 καί
174 3003 277 3071 πάντα
289 3011 458 3073 πεσοῦνται.
484 3009 513 3052 ¹⁰
523 3012 571 3073 καί
586 3004 717 3093 ἀρθήσε-
758 3030 880 3073 εσυνται
898 3014 931 3074 σί
945 3005 1048 3082 πόλεις
1064 2996 1361 3086 σου’έγκαταλελειμ’-

111 3113 161 3152 ται
174 3086 338 3173 εὐφροσύνη
356 3091 408 3155 καί
424 3089 597 3176 ἀγαλλίαμα
611 3096 644 3156 ἐκ
656 3095 718 3155 τῶν
753 3093 848 3173 μέναι,
862 3088 896 3157 όν
908 3086 1020 3176 τρόπον
1032 3089 1190 3154 κατέλιπον
1200 3094 1233 3154 σί
1248 3088 1361 3174 Ἀμορλ

111 3169 304 3252 ἀμπελώνων,
311 3175 363 3237 καί
375 3176 405 3236 έν
418 3184 481 3252 τοῖς
494 3173 651 3258 ἀμπελῶσί
662 3200 718 3240 σου
755 3178 835 3261 ῥαῒοι
859 3176 910 3238 καί
934 3178 966 3238 οί
978 3171 1087 3237 Εύαῖοι
1103 3170 1166 3237 ἀπὸ
1192 3171 1364 3259 προςιόποα

112 3252 149 3318 οδ
174 3254 215 3341 μή
242 3252 521 3343 εὐφρανθήσονται,
538 3260 589 3323 καί
615 3258 653 3324 οά
677 3255 716 3343 μή
755 3261 815 3321 τῶν
827 3261 897 3320 υίῶν
913 3252 1043 3340 Ἰσραήλ
1077 3257 1131 3319 καί
1148 3254 1272 3322 ἐ’σονται
1291 3258 1361 3344 έρη·

109 3335 300 3426 πατήσουσιν
325 3338 406 3405 οίνον
427 3344 467 3416 είς
488 3340 527 3407 τά
554 3339 715 3426 ύπολήνια,
753 3365 816 3424 μοι,
841 3342 869 3382 ¹¹¹
881 3333 956 3404 διότι
972 3337 1127 3416 κατέλιπες
1145 3340 1201 3406 τὸν
1218 3339 1291 3408 θεὸν
1308 3344 1364 3406 τὸν

110 3424 263 3490 πέπαυται
279 3421 347 3510 γοίρ.
374 3428 399 3466 ¹¹
412 3423 461 3492 διά
471 3429 562 3492 τοῦτο
581 3422 600 3530 ή
618 3426 716 3490 κοιλία
755 3417 957 3508 σωτηρίων,
975 3424 1026 3487 καί
1042 3428 1145 3507 κυρίου
1163 3430 1220 3491 τοῦ
1239 3431 1361 3513 βοηθοῦ

108 3533 167 3588 μου
180 3508 231 3573 ίπί
242 3509 350 3596 Μωάβ
361 3504 402 3584 ὡς
414 3506 529 3596 κιθάρα
541 3506 647 3596 ήχησει,
665 3513 716 3573 καὶ
755 3532 811 3572 σου
829 3504 885 3572 οὐκ
899 3504 1058 3591 ἐμνήσθης.
1083 3505 1133 3572 διὰ
1144 3513 1239 3574 τοῦτο
1252 3506 1360 3591 φυτεύ·

109 3588 150 3653 τά
173 3586 254 3665 ἐντός
275 3617 332 3672 μου
354 3588 395 3667 ῶς
418 3603 512 3678 τεῖχος
529 3596 714 3666 ἔνεκαίνισας,
755 3616 812 3667 σεις
825 3584 957 3673 φύτευμα
969 3588 1109 3667 ἀπιστον,
1129 3595 1180 3656 καί
1191 3597 1308 3676 σπέρμα
1320 3591 1360 3656 ἀ·

109 3674 137 3714 ¹²
149 3675 200 3737 καί
213 3676 299 3738 ἔσται
313 3679 351 3749 είς
363 3673 399 3740 τό
412 3680 597 3761 έντραπήναί
609 3702 654 3753 σε,
669 3673 714 3740 ὅτι
753 3699 868 3739 πιστον.
901 3678 977 3758 33τῆ
994 3670 1089 3759 ήμέρᾳ
1108 3672 1127 3765 ᾖ
1146 3673 1186 3740 ἀν
1202 3676 1359 3760 φυτεύσῃς,

109 3757 248 3822 ἐκοπίασε
262 3756 369 3846 Μωάβ
380 3762 430 3826 ἐπὶ
442 3769 506 3835 τοῖς
517 3764 640 3846 βωμοῖς,
665 3759 717 3824 καὶ
754 3753 943 3843 πλανηθήση.
958 3745 1005 3822 Ιτό
1017 3758 1049 3823 δὲ
1061 3757 1147 3864 πρωῒ
1158 3757 1211 3822 έάν
1227 3763 1358 3848 σπείρης,

109 3835 295 3937 εέςελεύσεται
309 3846 348 3917 είς
360 3840 400 3907 τά
410 3849 601 3948 χειροποίητα
614 3843 715 3927 αὐτῆς,
754 3837 876 3923 ἀνθήσει
894 3831 934 3917 είς
952 3839 1068 3925 ἀμητόν
1086 3869 1106 3936 η
1119 3840 1157 3906 ἀν
1173 3836 1264 3941 ήμέρᾳ
1284 3840 1360 3923 κλη-

110 3942 186 3982 ωστε
202 3926 437 4007 προςευξασθαι,
459 3929 510 3992 καὶ
524 3952 561 3991 ου
576 3927 616 4012 μή
629 3922 716 4008 δύνη-
755 3921 849 4007 ρῶση,
863 3922 970 4000 καλῶς
985 3924 1089 4011 πατήρ
1107 3923 1273 4006 ἀνθρωπου
1285 3923 1361 4007 κλη-

109 4024 159 4065 ται
172 4003 326 4080 ἐξελέσθαι
340 4005 441 4073 αὐτόν.
467 4012 494 4052 ¹³
506 4015 601 4074 τοῦτο
615 4007 650 4073 τὸ
663 4011 714 4111 ῥη-
754 3994 838 4091 ρῶσίη
849 4019 913 4083 τοῖς
926 4013 1002 4083 υίοῒς
1018 4035 1081 4074 σου.
1119 4011 1147 4050 ¹²
1158 4005 1227 4072 ούαί
1238 4007 1362 4093 πλῆθος

107 4111 150 4167 μα
162 4080 183 4151 ό
194 4083 316 4172 ίλύλησε
327 4087 427 4175 κύριος
441 4096 491 4157 ἐπὶ
503 4089 619 4177 Μωάβ,
637 4088 715 4156 όπσ-
755 4078 853 4155 ἐθνῶν
870 4091 1006 4157 πολλῶν.
1030 4090 1071 4167 ῶς
1088 4087 1234 4157 θάλασσα
1251 4099 1362 4172 κυμαί-

109 4193 141 4234 τε
154 4167 286 4255 ἐλέλησε.
312 4172 341 4214 ¹⁴
352 4176 402 4236 καί
414 4179 465 4238 νῦν
476 4174 565 4250 λέγω,
578 4180 610 4240 έν
620 4180 714 4261 τρισίν
754 4199 861 4250 νουσα,
881 4171 963 4240 οὕτω
981 4172 1214 4281 ταραχθήσεσθε.
1241 4178 1292 4240 καί
1305 4180 1362 4239 νῶ·

109 4250 201 4317 ἔτεσιν
213 4260 288 4320 ε’·τῶν
303 4262 461 4357 μισθωτοῦ
475 4256 713 4342 ἀτιμασθήσεται
754 4285 806 4334 τος
823 4260 919 4322 έθνῶν
939 4258 1067 4324 πολλῶν
1095 4284 1135 4334 ως
1156 4255 1234 4341 ύδωρ
1251 4256 1360 4363 ήχήσει.

107 4332 212 4422 ήδόξα
230 4342 336 4426 Μωαβ
353 4340 445 4402 παντὶ
463 4343 508 4420 τῷ
525 4336 649 4405 πλούτω
670 4349 712 4426 τῷ
754 4338 837 4418 13ῶς
852 4337 913 4406 ύδω
948 4341 1031 4406 πολὺ
1052 4341 1125 4425 ίθνη
1142 4339 1257 4417 πολλὰ,
1271 4370 1312 4419 ως
1326 4341 1360 4408 δ’·

105 4421 228 4509 πολλῷ,
254 4427 305 4489 καί
322 4417 592 4507 καταλειφθήσεται
612 4409 712 4505 ὀλιγο-
755 4427 846 4499 δατος
870 4448 913 4487 πο
952 4429 1065 4510 οὔβίᾳ
1090 4428 1263 4509 φερομένου.
1310 4430 1362 4492 καί

100 4508 183 4588 στδς,
200 4507 254 4576 καί
265 4506 322 4576 οὐκ
336 4510 460 4594 έντιμος.
754 4508 970 4588 ἀποσκορακιεῖ
985 4508 1088 4587 αυτὸν,
1112 4511 1162 4574 καί
1184 4504 1291 4595 πύβρω
1307 4509 1362 4616 ιη’».

1307 4620 1363 4661 τον
