2924 4972
160 228 225 300 966
368 216 750 283 ΜΑΚΚΑΒΑῙΩΝ
771 217 981 281 ΠΡΩΤΟΣ
1019 202 1214 322 1<qu

157 372 211 412 του
241 347 293 407 καί
323 339 558 424 ἀλλοτριοῦνται
591 334 640 416 ἀφ’
672 333 766 419 ήμῶν.
800 359 847 400 νοι
860 333 903 416 ἐφ’
920 336 1048 399 ἑκάστου
1067 340 1179 419 θηρίου
1192 338 1371 437 ἐζωσμέναι
1385 340 1426 406 ἐπ’

157 427 236 513 πλήν
249 425 317 491 ὅσοι
330 418 502 507 εὑρίσκοντο
521 419 573 500 ἀφ’
593 417 678 502 ήμῶν
691 424 768 484 ἐθα-
803 418 899 484 αάτοῦ
911 428 1067 523 μηηαναῖς,
1092 420 1144 482 καί
1155 416 1200 499 ἐφ’
1216 421 1362 502 ἕκαστον
1375 423 1427 488 ἀι·-

158 515 325 581 νατούντο,
352 506 404 569 καί
422 509 456 569 αί
472 503 668 589 κληρονομίαι
685 500 768 587 ήμῶν
801 504 866 588 δρες
884 502 1034 585 δυνάμεως
1052 497 1108 567 δύο
1128 504 1182 567 καί
1199 502 1382 589 τριάκοντα
1401 512 1428 573 ολ

159 588 365 677 διηοπάζοντο.
391 590 480 652 26καί
494 585 608 668 ούκέφ’
625 584 770 670 ήμᾶςμό-
801 585 998 668 πολεμοῦντες
1016 584 1061 650 ἐπ’
1085 583 1207 662 αὐτοῖς,
1234 590 1292 652 καί
1305 586 1429 667 ἀἸνδύς

160 657 218 744 νοά
226 678 371 751 ἐξέτειναν
381 667 623 757 χείρα,άλλάκαί
632 670 683 735 ἐπί
691 669 771 734 πάν·
803 668 910 735 αὐτοῦ.
935 670 967 713 ³⁸
979 670 1033 733 καί
1055 667 1111 752 τήν
1132 669 1306 737 ἐπίλοιπον
1329 677 1428 741 ἵππον

160 785 200 825 τα
213 760 253 823 τὰ
271 754 342 841 ὅρια
358 755 470 821 αὐτῶν.
495 756 527 797 ²⁶
539 757 592 819 καί
611 753 677 818 ίδοὺ
689 778 772 839 παρ·
804 756 889 818 ἔνθεν
908 753 961 816 καί
976 755 1066 817 ἔνθεν
1083 757 1214 835 ἔστησαν
1235 759 1291 820 ἐπί
1311 757 1357 822 τά
1373 755 1427 824 δύο

161 838 351 929 εμβεβλήκασι
376 836 502 925 σήμερον
525 840 577 903 ἐπί
597 834 654 903 τ“ν
675 835 772 922 ἀκρον
803 840 879 922 μέρη
889 841 944 920 τῆς
951 836 1141 923 παρεμβολῆς
1153 845 1373 918 κατασείοντες
1380 845 1427 907 καί

164 930 195 991 ἐν
214 919 427 1010 Ἰερουσαλήμ,
463 926 520 987 τού
544 865 772 1007 καταλαβέσθαι
804 919 1090 1004 καταφρασσόμενοι
1115 923 1146 984 ἐν
1167 931 1239 996 ταῖς
1263 918 1426 1005 φάραγξιν.

164 1009 259 1093 αύτήν
272 1006 372 1072 καὶτὸ
385 1005 587 1088 ἀγίασμα,καί
599 1006 655 1088 τήν
667 1009 773 1069 Βαιθ-
804 1005 835 1047 ³⁹
849 1003 891 1080 ὡς
903 1003 936 1069 δὲ
948 1001 1107 1081 ἔστιλβενὸ
1120 1000 1204 1087 ήλιος
1216 1005 1274 1069 ἐπί
1286 1007 1348 1084 τὰς
1359 1036 1427 1095 χρο-
1455 988 1458 1105 ή

166 1090 280 1179 σούραν
314 1086 490 1193 ὠχύρωσαν.
542 1092 571 1132 ²⁷
584 1090 635 1152 καί
657 1085 710 1152 ἐάν
732 1085 772 1170 μή
806 1091 862 1161 σᾶς
883 1090 935 1154 καὶ
951 1087 1064 1172 ηαλκάς
1081 1085 1224 1164 ἀσπίδας,
1252 1091 1379 1179 ἔστιλβε
1389 1094 1427 1159 τά

163 1173 383 1264 προκαταλαβη
402 1172 517 1248 αὐτούς
529 1167 698 1257 διατάχους,
710 1176 771 1253 μεί-
806 1168 862 1254 ἀρη
884 1169 935 1235 ἀπ’
962 1169 1074 1244 αὐτῶν,
1095 1173 1147 1234 καί
1168 1168 1366 1255 κατηύγαζεν
1388 1175 1424 1253 ὥς

164 1263 235 1337 ζονα
249 1253 365 1324 τούτων
378 1251 555 1341 ποιήσουσι,
567 1257 619 1320 καὶ
632 1253 668 1320 ού
683 1251 773 1339 δυνή·
806 1250 956 1337 λαμπάδες
976 1251 1078 1339 πυρός.
1105 1254 1139 1297 ⁴⁰
1152 1255 1206 1320 καί
1223 1255 1365 1345 ἐξετάθη
1376 1264 1426 1343 με’-

165 1368 204 1433 ση
218 1347 276 1408 τοῦ
295 1351 450 1424 κατασχεῖν
468 1339 578 1405 αὐτῶν.
604 1339 636 1381 ²⁸
650 1340 701 1403 καί
713 1338 775 1424 ὠρ-
806 1364 858 1421 ρσς
876 1363 906 1402 τι
922 1344 976 1422 τής
993 1337 1182 1424 παρεμβολῆς
1198 1343 1260 1403 τοῦ
1275 1344 1426 1427 βασιλέως

164 1435 258 1510 γίσθη
274 1424 291 1488 ὁ
305 1423 444 1528 βασιλεὺς
455 1422 504 1489 ὅτε
515 1422 636 1507 ήκουσε,
642 1425 694 1488 καί
706 1447 775 1487 ουν·
806 1425 856 1487 ἐπί
869 1419 909 1486 τά
923 1420 1027 1506 ὑψηλά
1041 1421 1112 1507 ὅρη,
1138 1425 1192 1486 καί
1207 1446 1285 1500 τινες
1298 1429 1357 1492 ἐπὶ
1372 1453 1425 1493 το-

164 1508 257 1593 ήγαγε
270 1532 387 1582 πάντας
400 1505 471 1582 τοὺς
483 1509 588 1588 φίλους
600 1504 711 1580 αὐτοῦ,
724 1506 775 1570 καί
807 1501 902 1571 πεινά.
937 1508 989 1571 καί
1001 1505 1130 1591 ἤρχοντο
1143 1503 1296 1584 ἀσφαλῶς
1309 1512 1424 1575 καίτε-

165 1592 237 1666 τούς
260 1590 407 1676 ἀρχοντας
424 1595 476 1674 τῆς
495 1586 644 1673 δυνάμεως
667 1586 773 1661 αὐτοῦ,
807 1591 966 1695 ταγμίνας.
991 1589 1021 1631 ⁴¹
1034 1590 1086 1653 καί
1109 1584 1291 1655 ἐσαλιύοντο
1313 1591 1424 1670 πάντες

165 1678 217 1741 καί
235 1673 306 1748 τοὺς
324 1674 376 1737 ἐπὶ
394 1677 456 1736 τῶν
476 1673 573 1756 ήνιάν.
600 1675 630 1715 ²⁰
645 1675 697 1737 καὶ
708 1668 774 1738 ἀπὸ
808 1677 840 1737 σί
857 1669 1016 1748 ακούοντες
1038 1676 1140 1755 φωνῆς
1158 1669 1302 1756 πλήθους
1320 1676 1423 1744 αὐτῶν

165 1757 322 1843 βασιλειῶν
335 1758 445 1843 ἑτέραν
458 1759 509 1822 καὶ
528 1755 591 1823 ἀπὸ
604 1755 702 1842 νήσων
713 1766 774 1821 θα·
807 1758 860 1822 καί
872 1752 1050 1844 ὁδοιπορίας
1063 1760 1117 1820 τού
1126 1752 1269 1834 πλήθους
1281 1762 1337 1825 καί
1352 1787 1421 1839 συγ-

167 1844 290 1908 λασσῶν
306 1831 405 1926 ήλθον
429 1837 506 1926 πρὸς
524 1840 621 1905 αύτὸν
643 1835 776 1923 δυνάμεις
808 1843 962 1945 κρουσμοῦ
974 1844 1034 1905 τῶν
1048 1835 1163 1904 ὅπλων.
1182 1835 1289 1928 ήνγάρ
1303 1840 1325 1924 r}
1339 1870 1422 1927 παρ-

165 1930 327 2009 μισθωταί.
353 1926 450 1988 30καὶ
473 1915 507 2008 ήν
526 1922 545 1990 ὁ
562 1922 693 2008 ἀριθμὸς
714 1928 775 1987 τῶν
808 1923 917 2010 εμβολη
940 1921 1054 2008 μεγάλη
1080 1920 1201 2010 σφόδρα
1227 1928 1280 1989 καί
1299 1924 1416 2009 ἰσχυρά.

165 2006 316 2087 δυνάμεων
333 2003 431 2071 αὐτοῦ
449 2005 558 2072 ἑκατὸν
571 2006 696 2090 χιλιάδες
713 2011 775 2070 τῶν
807 2009 839 2049 ⁴²
854 2009 905 2072 καί
917 2007 1016 2094 ήγγισε
1030 2003 1150 2082 Ἰούδας
1168 2008 1218 2073 καί
1229 2004 1249 2091 ἡ
1259 2012 1418 2096 παρεμβο-

163 2094 279 2167 πεζάν,
291 2092 342 2153 καί
354 2091 443 2153 εἴκοσι
457 2088 581 2197 ηιλιάδες
593 2094 712 2163 ἵππων,
724 2091 776 2152 καὶ
808 2090 845 2174 λή
856 2089 953 2157 αὐτοῦ
974 2096 1014 2166 είς
1030 2088 1217 2174 παράταξιν,
1240 2094 1295 2156 καὶ
1310 2094 1419 2160 ἔπεσον

166 2175 320 2254 ἐλέφαντες
339 2168 395 2236 δύο
414 2200 467 2238 και
486 2168 648 2260 τριάκοντα
668 2168 775 2248 είδάτες
808 2173 872 2239 ἀπὸ
895 2179 948 2259 τῆς
973 2174 1162 2302 παρεμβσλης
1189 2178 1245 2241 τού
1269 2177 1418 2261 βασιλέως

165 2255 304 2340 πόλεμον.
330 2257 422 2321 81καί
438 2256 580 2342 ήλθοσαν
595 2257 645 2322 διά
663 2260 717 2339 τῆς
731 2254 774 2321 ’1-
807 2255 959 2334 ἑξακόσιοι
973 2257 1085 2345 ἀνδρες.
1115 2259 1133 2300 ⁴
1161 2261 1214 2324 καί
1226 2256 1304 2325 εἶδεν
1312 2257 1416 2326 Ἐλεά-

165 2344 334 2425 δουμαίας,
374 2344 425 2405 καί
455 2337 699 2427 παρενεβάλοσαν
725 2342 775 2405 ἐπί
806 2344 860 2428 ζαρ
875 2340 894 2407 ὃ
907 2345 1052 2429 Σαυαράν
1069 2348 1101 2407 ἓν
1117 2348 1180 2407 τῶν
1191 2349 1309 2428 θηρίων
1320 2355 1417 2411 τεθα-

164 2423 384 2510 Βαιθσούραν,
398 2426 450 2490 καί
463 2424 651 2508 ἐπολέμησαν
663 2423 773 2510 ήμέρας
806 2430 984 2530 ρακισμένον
995 2425 1118 2510 θάρακι
1134 2426 1290 2513 βασιλικῷ,
1316 2423 1416 2515 καλήν

164 2507 297 2582 πολλάς,
324 2509 375 2572 καί
389 2510 535 2592 ἐποίησαν
547 2507 695 2593 μηχανὰς,
721 2511 772 2573 καί
807 2535 959 2597 υπεραγον
970 2507 1072 2577 πάντα
1085 2510 1124 2576 τά
1136 2514 1242 2593 θηρία,
1254 2513 1309 2572 καί
1320 2512 1416 2597 ὤφθη

164 2593 311 2676 ἐξῆλθον,
344 2594 395 2656 καί
421 2591 596 2676 ἐνεπύρισαν
622 2590 718 2666 αάτάς
742 2595 772 2656 ἐν
807 2593 854 2659 ὅτι
867 2599 899 2661 ἐν
912 2593 997 2679 αὐτῷ
1014 2586 1279 2680 ίστινάβασιλεύς.
1318 2592 1417 2659 “nal

164 2679 260 2762 πυρὶ,
294 2678 345 2739 καί
379 2678 568 2760 ἐπολέμησαν
603 2674 770 2760 ἀνδρωδῶς.
805 2680 914 2745 έδωκεν
938 2677 1047 2744 ἑαυτὸν
1071 2682 1125 2745 τού
1147 2680 1240 2743 σῶσαι
1260 2671 1315 2740 τὸν
1337 2674 1415 2743 λαὸν

162 2763 192 2803 ³²
205 2763 256 2825 καί
268 2759 380 2841 ἀπῆρεν
389 2757 509 2834 Ἰούδας
522 2759 584 2824 ἀπὸ
600 2766 652 2842 τής
666 2758 770 2844 άκρας,
805 2760 915 2837 αὐτοῦ,
930 2764 982 2828 καλ
997 2767 1195 2847 περιποιῆσαι
1207 2762 1306 2844 ἐαυτῷ
1320 2759 1417 2844 ὄνομα

162 2847 213 2908 καί
222 2830 422 2930 παρενέβαλεν
433 2849 471 2918 είς
480 2845 676 2928 Βαιθζαχαρί
677 2870 697 2906 α
708 2842 771 2907 ἀπ·
804 2844 937 2912 αἰώνιον.
958 2847 989 2889 ⁴⁵
994 2848 1047 2911 καί
1059 2847 1224 2929 ἐπέδραμεν
1235 2842 1322 2927 αάτῷ
1335 2845 1416 2931 θρά-

162 2930 262 2993 ἔναντι
275 2932 328 3010 τής
340 2926 530 3014 παρεμβολῆς
547 2933 604 2993 τοῦ
615 2926 769 3014 βασιλέως.
805 2956 847 2994 σει
859 2935 899 3006 είς
911 2932 1002 3014 μέσον
1014 2935 1066 3013 τῆς
1078 2925 1244 3005 φάλαγγος,
1270 2929 1326 2991 καὶ
1339 2932 1418 2995 ἐθα-

161 3012 191 3053 ³³
203 3013 255 3075 καί
277 3013 423 3097 ὤρθρισεν
447 3007 465 3075 ὁ
483 3009 621 3096 βασιλεύς
643 3009 769 3094 τοπριοῒ,
803 3009 898 3079 νάτου
911 3014 989 3089 δεξιὰ
1000 3005 1200 3091 καίεύάνυμα,
1213 3010 1266 3070 καί
1279 3012 1418 3133 ἕοηίζον-

160 3096 211 3156 καί
229 3093 327 3177 ἀπῆρε
346 3095 401 3175 τήν
418 3096 612 3240 παρεμβολήν
629 3099 660 3159 ἐν
677 3089 769 3178 ὁρμή·
802 3122 839 3161 το
853 3095 904 3163 ἀπ’
922 3097 1019 3162 αὐτοῦ
1030 3098 1105 3159 ἔνθα
1116 3095 1166 3154 καί
1180 3092 1270 3153 ἔνθα.
1329 3093 1416 3161 θκαὶ

156 3200 229 3258 ματι
240 3162 335 3257 αύτής
348 3177 427 3239 κατά
440 3178 493 3258 τήν
526 3180 579 3243 δὸν
588 3181 769 3262 Βαιθζαχα·
803 3183 892 3256 είςέδυ
906 3177 966 3245 ἀπὸ
979 3176 1033 3243 τὸν
1046 3174 1204 3252 emam,
1223 3173 1277 3237 καί
1291 3171 1415 3263 ἀπέθη

158 3264 220 3343 ρία,
249 3259 299 3323 καί
315 3256 566 3341 διεσκευάσθηοαν
585 3264 619 3325 αί
636 3260 769 3342 δυνάμεις
802 3290 850 3330 κεν
862 3262 955 3346 αὐτῷ,
966 3263 1018 3324 καί
1029 3256 1139 3325 ἀνεῖλεν
1154 3253 1263 3333 αὐτὸν,
1277 3263 1331 3324 καί
1346 3265 1414 3327 ἔπε-

157 3347 196 3415 είς
215 3339 270 3408 τὸν
287 3338 435 3426 πόλεμον,
461 3348 513 3409 καί
526 3340 768 3420 ἐσάλπισανταῖτ
803 3373 850 3414 σιν
873 3347 922 3410 ἐπὶ
945 3344 1000 3425 τήν
1011 3347 1067 3427 γήν
1092 3338 1198 3405 ἐπάνω
1224 3338 1342 3419 αὐτοῦ,
1364 3344 1412 3409 καί

159 3422 308 3504 σάλπιγξι.
328 3428 415 3491 ’ἐκαὶ
430 3440 494 3506 τοῖς
507 3429 646 3509 ἐλέφασιν
658 3431 767 3506 ἔδειξαν
801 3431 953 3498 ἀπέθανεν
972 3430 1038 3492 ἐκεῖ.
1062 3425 1093 3468 ⁴⁷
1107 3427 1157 3488 καί
1177 3424 1240 3489 ίδον
1259 3424 1316 3510 τήν
1330 3426 1412 3510 ἰσχύν

158 3509 232 3591 αἷμα
244 3510 399 3593 σταφυλῆς
410 3515 461 3576 καὶ
472 3509 584 3599 μόρων,
596 3518 652 3578 τοῦ
664 3539 767 3599 παρα·
800 3520 855 3616 της
866 3512 1017 3602 βασιλείας
1030 3510 1080 3575 καὶ
1097 3510 1135 3574 τὸ
1151 3505 1272 3595 ὅρμημα
1283 3514 1347 3575 τῶν
1356 3512 1407 3573 δυ-

157 3596 264 3670 στήσαι
277 3591 392 3668 αύτούς
405 3599 443 3670 εἷς
455 3594 508 3660 τὸν
519 3593 657 3679 πόλεμον.
681 3600 766 3662 36καί
800 3624 930 3681 ναμεων,
967 3598 1018 3661 καί
1042 3593 1189 3671 ἐξέκλιναν
1215 3589 1267 3656 ἀπ’
1295 3591 1407 3657 αὐτῶν.

157 3672 266 3737 διεῖλον
288 3676 328 3739 τά
347 3683 445 3761 θηρία
464 3685 502 3756 είς
519 3676 574 3755 τάς
596 3677 764 3761 φάλαγγας,
799 3681 832 3725 ⁴⁸
846 3685 880 3746 σί
892 3678 926 3746 δὲ
937 3684 970 3745 ἐκ
983 3681 1035 3762 τής
1048 3675 1239 3763 παρεμβολῆς
1250 3679 1408 3762 ῐθῦίίθσί·

155 3755 206 3817 καί
219 3760 413 3842 παρέστησαν
432 3761 549 3844 ἑκάστῳ
570 3763 707 3843 ἐλέφαντι
720 3791 765 3850 χι·
798 3765 874 3840 λίως
887 3761 1042 3850 ἀνέβαινον
1061 3766 1100 3836 είς
1118 3754 1292 3842 συνάντησιν
1303 3755 1409 3822 αὐτοῖν

158 3842 239 3911 ἐίους
255 3842 368 3925 ἀνδρας
393 3851 663 3931 τεθωρακισμένους
676 3852 708 3913 ἒν
726 3846 764 3911 ἆ·
797 3853 837 3924 εἰς
857 3840 1060 3951 Ἰερουσαλήμ.
1087 3846 1139 3909 καί
1162 3840 1365 3929 παρενέβαλεν
1390 3841 1408 3906 ὁ

157 3920 339 4000 λυσιδιοτοῖς,
353 3929 404 3990 καὶ
415 3932 641 4013 περικεφαλαῖαι
654 3930 766 4016 χαλκαῖ
794 3932 934 4018 βασιλευς
951 3935 990 4004 είς
1006 3930 1060 3993 τήν
1073 3928 1226 3993 Ἰουδαίαν
1243 3927 1296 3989 καί
1314 3930 1356 4000 είς
1373 3926 1409 3993 τὸ

153 4005 276 4070 ἐπὶτῶν
289 4009 427 4087 κεφαλῶν
444 4011 560 4088 αὐτῶν,
587 4016 761 4080 καίπεντα-
796 4013 868 4099 ὅρος
892 4011 985 4085 Σιών,
1009 3980 1107 4076 ⁴3an
1131 4013 1266 4091 ἐποίησεν
1288 4005 1411 4093 εέρήνην

151 4082 248 4153 κύσιοι
274 4096 364 4155 ἵπποι
393 4094 615 4178 διατεταγμένοι
642 4094 760 4183 ἑκάστῳ
792 4097 943 4181 μετάτιάν
961 4099 993 4159 ἐκ
1007 4092 1223 4177 Βαιθσούρων.
1252 4093 1306 4155 καί
1322 4094 1412 4177 ἐξήλ-

149 4178 251 4255 θηρίῳ
264 4174 469 4258 ίκλελεγμένοι.
483 4172 604 4245 36σύτοι
617 4180 678 4265 πρὸ
691 4208 760 4246 και·
793 4195 855 4249 θον
868 4185 900 4247 ἐκ
913 4184 966 4267 τῆς
977 4177 1096 4254 πόλεως
1100 4228 1110 4254 ,
1125 4175 1172 4243 ὅτι
1182 4172 1237 4239 οάκ
1251 4162 1290 4258 ἦν
1303 4176 1412 4253 αὐτοῖς

149 4249 256 4329 001),οὗ
269 4257 321 4322 ἐὰν
333 4259 370 4340 ήν
383 4256 419 4321 τὸ
433 4254 644 4345 θηρίονήσαν,
657 4267 708 4328 καί
721 4260 758 4331 ού
793 4270 855 4332 ἐκεῖ
875 4262 1026 4367 διατροφὴ
1047 4268 1104 4328 τοῦ
1124 4261 1352 4339 συγκεκλεῖσθαι
1377 4265 1413 4325 ἐν

147 4332 201 4435 {cir
214 4338 384 4423 ἐπορεύετο,
407 4343 589 4425 ἐπορεύοντο
602 4343 675 4427 ἅμα,
701 4349 758 4414 οὐκ
793 4350 882 4443 αὐτῇ,
896 4347 945 4415 ὅτι
960 4374 997 4414 σα
1036 4371 1113 4412 ατον
1132 4336 1280 4436 ήντῇγῇ
1307 4344 1340 4386 ⁶⁰
1356 4346 1411 4408 καί

145 4426 315 4493 ἀφίσταντο
333 4421 386 4489 ἀπ’
406 4422 511 4491 αάτοῦ.
538 4431 568 4471 ³⁷
580 4432 630 4493 καί
647 4430 757 4513 πύργοι
791 4434 974 4519 κατελάβετο
1004 4421 1410 4512 ασιλεύςτήνΒαιθσούρον,

138 4498 252 4579 ξύλινοι
268 4504 315 4575 ἐπ’
331 4504 445 4590 αὐτούς
463 4509 565 4601 ὀχυροὶ
578 4516 757 4600 σκεπαζόμε-
772 4546 775 4581 ι
790 4522 841 4583 καί
854 4517 1005 4592 ἀπέταξεν
1017 4519 1077 4580 ἐκεῖ
1087 4509 1228 4600 φρουράν
1236 4522 1339 4598 τηρεῖν
1352 4511 1410 4613 αὖ·

1343 4622 1410 4672 την.
