2924 4972
314 206 684 273 MAKKABAmN
705 206 910 269 nmroz
949 203 1153 287 mmo.
1287 210 1350 280 σοι

105 307 173 412 ίην,
189 329 241 392 καί
253 325 330 393 εἶπεν
348 323 460 398 αὐτοῖς.
487 324 548 400 ἐγὼ
565 327 617 389 καί
629 328 659 388 οί
671 322 710 387 ά·
750 327 805 386 τοῦ
818 313 890 408 ἆραι
904 319 1023 397 αύτούς.
1037 324 1066 366 ¹⁴
1077 332 1180 407 Σίμων
1191 325 1223 392 δὲ
1237 315 1272 430 η’ν
1285 328 1356 408 έφο·

105 410 211 493 δελφοί
225 435 284 493 μου
304 410 358 471 καί
376 402 394 471 ό
413 405 493 480 οἶκος
518 411 575 469 τοῦ
593 401 711 490 πατρός
750 399 842 470 δεόων
854 402 908 481 τὰς
925 402 1026 480 πόλεις
1043 404 1098 481 τός
1117 411 1148 472 ίν
1159 414 1198 502 τῇ
1210 437 1293 496 χωρη
1307 412 1357 475 καί

104 520 165 578 μου
180 487 397 573 ἐπολεμήσαμεν
407 491 477 564 τοὺς
489 489 647 574 πολεμίους
655 488 712 554 Ἰσ·
751 490 915 575 φροντίζων
927 492 978 573 τῆς
990 488 1151 573 ἐπιμελείας
1164 492 1281 568 αὐτῶν,
1306 495 1356 561 καί

105 574 182 659 ραήλ
200 574 263 639 ἀπὸ
281 568 417 656 νεότητος
437 576 493 646 έως
512 577 564 655 τής
584 571 713 658 σήμερον
749 575 858 658 κατεβη
875 568 1032 657 είςἹεριχὼ
1046 570 1139 647 αὐτὸς
1158 576 1209 638 καὶ
1221 582 1357 642 Ματτα-

106 659 231 762 ήμέρας,
248 657 300 720 καί
321 650 464 740 εύοδιόθη
482 658 514 719 έν
532 668 598 732 ταῖς
633 658 713 742 ερσίν
749 659 822 730 θίας
833 657 884 720 καί
898 653 1016 729 Ἰούδας
1032 661 1062 721 οῖ
1081 658 1142 721 υἱοί
1160 655 1257 721 αὐτοῦ
1271 662 1358 736 ε”τους

106 745 191 827 ημῶν
204 736 359 824 ῥύσασθαι
376 737 431 804 τόν
440 737 564 824 Ἰσραήλ
584 683 712 804 πίεσνά-
751 736 880 823 ἑβδόμου
903 741 954 803 καὶ
972 740 1195 824 ἑβδομηκοστοῦ
1218 742 1270 804 καὶ
1286 742 1358 806 ἑκα-

105 850 157 900 κις.
195 824 210 866 ³
224 827 276 888 νῦν
288 822 320 889 δὲ
332 820 500 908 γεγήρακα,
524 824 575 887 καὶ
590 819 668 905 ὑμεῖς
680 822 713 889 δὲ
751 825 864 887 τοστοῦ
877 825 907 887 ἐν
918 825 986 906 μηνί
998 814 1255 906 ἑνδεκάτῳ,οότος
1268 820 1285 887 ὁ
1298 824 1358 908 μήν

106 913 138 974 ἐν
150 911 196 992 τῷ
207 906 280 972 έλέει
302 910 400 972 ἱκανοί
418 910 483 971 έστε
501 909 533 972 ἒν
549 919 614 982 τοῖς
627 910 712 972 ἔτεσι.
751 901 868 991 Σαβάτ.
894 909 921 949 ¹⁵
934 906 987 969 καί
1013 904 1172 982 ὑπεδέξατο
1198 904 1311 984 αύτούς
1338 903 1356 972 ό

109 999 222 1074 γίνεσθε
243 989 305 1056 ἀντ’
333 992 408 1071 ἐμοῦ
428 991 481 1054 καί
502 994 558 1055 τοῦ
580 988 714 1071 ἀδελφοῦ
750 993 806 1053 τοῦ
818 987 965 1076 Ἀβούβου
986 994 1024 1065 είς
1036 987 1072 1054 τὸ
1092 985 1300 1094 ὀχυρωμάτων
1318 988 1357 1054 τό

106 1101 177 1157 μου,
190 1075 243 1138 καί
255 1068 423 1149 ἐξελθόντες
433 1068 623 1158 ὖπερμαχεϊτε
635 1072 711 1160 ὑπὲρ
752 1067 935 1153 καλούμενον
955 1072 1026 1137 Δώκ
1039 1098 1119 1158 Ιμετα
1138 1068 1232 1138 δόλου
1245 1068 1264 1138 ό
1277 1071 1355 1156 ᾠκο-

106 1162 163 1223 τοῦ
175 1160 283 1231 ἔθνους
295 1152 394 1240 ήμῶν,
423 1155 489 1240 ήδὲ
503 1160 535 1221 έκ
548 1162 605 1222 τοῦ
618 1156 712 1240 οὖρα·
752 1148 927 1239 δόμησε,καὶ
938 1159 1073 1243 ἐποίησεν
1081 1153 1184 1229 αὐτοῖς
1196 1155 1293 1222 πότον
1304 1159 1357 1240 μέ-

105 1245 160 1306 ναῦ
177 1234 305 1326 βοήθεια
318 1241 396 1305 ἔστω
412 1238 478 1321 μεθ’
497 1237 592 1323 ὑμῶν.
629 1241 713 1305 4καί
751 1262 820 1316 γαν,
833 1240 884 1302 καὶ
896 1241 1054 1326 ἐνέκρυψεν
1067 1244 1127 1305 ἐκεῖ
1137 1237 1253 1324 ἄνδρας.
1273 1241 1357 1306 16καί

107 1322 238 1398 ἐπέλεξεν
251 1326 283 1386 ἐκ
301 1327 353 1406 τής
365 1320 465 1407 χώρας
476 1324 568 1388 εἴκοσι
580 1320 712 1408 χιλιάδας
752 1319 803 1386 ότε
815 1317 968 1406 ἐμεθύσθη
988 1329 1092 1405 Σίμων
1109 1325 1161 1386 καί
1179 1326 1209 1386 οῖ
1228 1325 1287 1387 υἱοὶ
1301 1322 1357 1389 αύ-

106 1404 223 1491 άνδρῶν
245 1405 430 1489 πολεμιστῶν
451 1408 503 1471 καί
528 1410 637 1483 ἱππεῖς,
661 1408 713 1472 καί
752 1407 963 1488 τοῦ,ἐξανέστη
974 1406 1166 1490 Πτολεμαῖος
1178 1406 1229 1470 καί
1241 1409 1272 1470 οἴ
1283 1405 1353 1493 παρ’

108 1484 318 1574 ἐπορεύθησαν
330 1491 380 1554 ἐπὶ
391 1488 446 1554 τὸν
457 1490 649 1576 Κενδεβαῖον,
661 1493 713 1556 καί
753 1485 860 1564 αὐτοῦ,
873 1491 924 1553 καί
936 1485 1085 1576 έλάβοσαν
1097 1488 1136 1553 τὰ
1149 1485 1232 1554 όπλα
1244 1487 1356 1565 αὐτῶν,

107 1568 310 1656 ἐκοιμήθησαν
329 1578 359 1638 ἐν
372 1573 506 1638 Μωδεΐν.
545 1572 710 1640 ὅκαίοίνιι·
752 1572 803 1636 καί
821 1570 1035 1657 ἐπειςήλθσσαν
1060 1575 1105 1656 τῷ
1124 1578 1239 1656 Σίμωνι
1260 1577 1299 1649 είς
1320 1571 1358 1638 τό

108 1652 228 1730 στάντες
240 1656 362 1741 τοπρωῒ
368 1651 548 1742 ἐπορεύοντο
557 1662 595 1730 εἷς
609 1657 646 1721 τὸ
659 1682 712 1722 πι-
753 1651 925 1737 συμπόσων,
950 1658 1001 1721 καί
1014 1654 1188 1723 ἀπέκτειναν
1201 1654 1296 1724 αὐτόν
1306 1659 1358 1722 καί

107 1739 182 1814 δίον,
196 1741 248 1804 καί
265 1739 330 1804 ίδού
349 1735 467 1822 δύναμις
483 1738 581 1826 πολλή
594 1745 631 1816 είς
644 1763 713 1806 σαν-
752 1737 824 1812 τοὺς
836 1733 892 1803 δύο
908 1739 993 1814 υίοὺς
1005 1737 1120 1816 αὐτοῦ,
1143 1747 1195 1805 καί
1203 1764 1286 1816 τινας
1297 1745 1357 1805 τῶν

109 1820 230 1908 άντησιν
242 1820 345 1898 αὐτοῖς
356 1824 456 1909 πεζική
469 1824 521 1887 καί
534 1828 641 1900 ῖππεῖς,
661 1824 713 1888 καί
752 1822 922 1907 παιδαρίων
948 1823 1053 1887 αὐτοῦ.
1093 1824 1120 1865 ¹⁷
1145 1825 1197 1887 καὶ
1222 1829 1356 1907 ἐποίησεν

109 1907 147 1988 ήν
159 1904 331 1992 χειμάῤῥσυς
342 1906 494 1991 ἅναμέσον
506 1907 616 1972 αὐτῶν.
641 1908 713 1972 θκαί
753 1901 880 1970 ἀθεσίαν
892 1902 1032 1989 μεγάλην,
1057 1906 1108 1970 καί
1125 1902 1261 1971 σίπὲδωκε
1279 1902 1356 1972 κακό

108 1991 288 2075 παρινέβοιλε
314 1990 393 2056 κατὰ
422 1989 586 2076 πρόςωπον
612 1987 714 2056 αὐτῶν
754 1985 822 2052 ἀντὶ
845 1986 982 2066 ιἰγαθῶν.
1008 1990 1101 2054 18καί
1122 1990 1235 2073 ἔγραψε
1258 1993 1356 2054 ταῦτα

109 2070 201 2146 αὐτὸς
214 2076 265 2136 καί
279 2069 298 2137 ὁ
311 2073 385 2149 λαὸς
397 2072 503 2140 αὐτοῦ.
530 2076 581 2139 καί
593 2073 647 2140 εἶδε
659 2073 714 2141 τόν
756 2071 1010 2156 Πτολεμαῖος,ιιαλ
1023 2070 1172 2138 ἀπέστειλε
1178 2077 1221 2157 τῷ
1234 2071 1357 2159 βασιλεῖ,

109 2153 185 2219 λαὸν
197 2149 384 2235 δειλσύμενον
397 2156 577 2241 διαπερᾶσαι
591 2160 645 2222 τὸν
656 2183 713 2241 χει-
754 2152 836 2229 όπως
858 2155 1021 2248 ἀποστείλῃ
1052 2154 1135 2238 αὐτῷ
1160 2154 1293 2239 δυνάμεις
1319 2161 1357 2232 εἰς

107 2235 249 2324 μάβρουν,
273 2238 324 2300 καί
342 2237 493 2321 διεπέρασε
505 2242 638 2322 πρῶτος,
663 2241 714 2302 καί
751 2233 896 2321 βοήθειαν
914 2240 966 2302 καὶ
981 2239 1112 2322 παραδῷ
1131 2236 1215 2320 αὐτῷ
1230 2239 1284 2320 τήν
1296 2236 1358 2321 χιό·

108 2320 171 2385 ίδον
184 2317 282 2385 αότόν
294 2323 325 2384 σί
341 2317 454 2402 ἄνδρες,
472 2323 523 2384 καὶ
535 2322 714 2404 διεπέρασαν
753 2343 808 2420 ραν
832 2316 943 2394 αὐτῶν,
967 2321 1020 2385 καί
1046 2319 1100 2393 τὰς
1124 2316 1231 2394 πόλεις.
1266 2323 1295 2362 ¹⁹
1306 2325 1357 2386 καί

108 2400 294 2469 κατόπισθεν
318 2399 421 2468 αὐτοῦ.
449 2405 526 2468 ’καί
552 2402 638 2467 διεῖλε
660 2401 714 2469 τὸν
753 2400 923 2466 απέστειλεν
944 2404 1062 2487 ἑτέρους
1083 2406 1121 2477 είς
1135 2399 1261 2488 Γάζαρα
1283 2393 1357 2490 δραι

108 2486 183 2552 λαὸν
195 2489 246 2550 καί
259 2486 329 2561 τούς
340 2496 438 2562 ἱππεῖς
451 2488 574 2570 ἐνμέσῳ
587 2491 649 2551 τοῖν
660 2511 712 2552 πε-
754 2482 806 2549 τδν
815 2480 966 2569 Ἰωάννην,
972 2487 1023 2550 καί
1035 2495 1099 2559 τοῖς
1106 2482 1266 2570 χιλιάρχοις
1279 2487 1355 2552 ἀπέ-

108 2573 173 2647 ζῶν.
186 2567 248 2650 ήδὲ
260 2576 353 2646 ἵππος
365 2574 426 2635 τῶν
439 2569 621 2635 ὑπεναντίων
634 2571 713 2636 πολ-
753 2567 859 2633 στειλεν
870 2567 1031 2644 ἐπιστολὰς
1041 2573 1267 2654 παραγενέσθαι
1279 2571 1356 2656 πρὸς

108 2653 145 2738 λή
159 2649 287 2739 σφόδρα.
314 2655 330 2697 ⁸
343 2655 393 2718 καί
407 2650 573 2719 ἒσάλπωαν
591 2666 657 2730 ταῖς
672 2658 713 2718 ίε-
752 2649 857 2726 αὐτόν,
879 2648 962 2728 όπως
976 2653 1021 2736 δῷ
1034 2650 1137 2726 αὐτοῖς
1149 2648 1293 2738 ἀργύριον
1305 2655 1355 2718 καί

107 2749 173 2820 ραῖς
190 2732 343 2815 σάλπιγξι,
369 2740 419 2802 καί
431 2732 713 2821 ὲτροπιόθηΚενδε-
750 2740 869 2839 χρυσίον
890 2736 943 2799 καί
962 2733 1088 2817 δόματα.
1114 2737 1146 2780 ²⁰
1160 2737 1212 2800 καί
1236 2738 1355 2821 ἑτέρους

106 2825 195 2906 βαίος
218 2822 269 2885 καί
293 2818 312 2905 ἢ
338 2819 511 2906 παρεμβολή
536 2820 642 2896 αύτοῦ,
661 2821 713 2885 καί
752 2817 903 2883 απέστειλε
923 2819 1151 2906 καταλαβέσθαι
1175 2818 1228 2902 τήν
1244 2817 1355 2905 Ἰερου-

107 2907 215 2969 έπεσσν
232 2905 264 2980 ἐξ
281 2901 383 2968 αὐτῶν
401 2908 579 2988 τραυματίαι
591 2903 710 2970 πολλοί.
752 2899 849 2984 σαλ“μ
867 2903 973 2968 καὶτὸ
993 2901 1063 2987 όρσς
1080 2907 1137 2967 τού
1150 2907 1239 2984 ἱεροῦ.
1264 2906 1292 2946 ²¹
1304 2905 1356 2968 καί

106 2989 138 3051 οί
158 2986 191 3052 δὲ
212 2985 457 3068 καταλειφθέντες
478 2990 589 3068 ἔφυγον
611 2991 649 3062 είς
674 2986 711 3052 τὸ
750 2930 933 3073 προδραμόν
944 3011 989 3062 τις
997 2981 1169 3070 ἀπήγγειλεν
1180 2980 1304 3068 Ἰωάννη
1316 2989 1355 3061 είς

107 3067 257 3155 ὀχύρωμα.
283 3071 298 3113 ⁹
312 3067 378 3136 τότε
396 3075 623 3157 ἐτραυματίσθη
632 3067 712 3136 Ἰού·
750 3066 887 3151 Γάζαρα,
901 3065 950 3134 ότι
961 3067 1101 3135 σίποέλετο
1114 3066 1132 3134 ὁ
1144 3071 1244 3177 πατήρ
1258 3056 1355 3135 αύτοῠ

106 3153 159 3228 δας
172 3153 190 3218 ὁ
205 3152 334 3235 ἀδελφός
347 3149 503 3220 Ἰωάννου.
526 3151 668 3240 Ἰωάννης
680 3153 713 3220 δὲ
752 3155 802 3220 καί
819 3157 852 3217 οί
868 3152 992 3235 ἀδελφοί
1009 3151 1121 3231 αὐτοῦ,
1145 3155 1199 3221 καί
1216 3179 1265 3220 οτι
1278 3151 1354 3218 ἀπέ-

106 3238 277 3314 κατιδίωξεν
294 3236 405 3317 αὐτούς
422 3243 477 3315 έως
493 3226 585 3323 ήλθεν
599 3244 638 3316 είς
650 3244 713 3305 Κε-
751 3237 858 3303 σταλκε
874 3239 926 3303 καί
948 3236 983 3304 σὲ
1003 3235 1185 3304 ἀποκτείνω.
1213 3239 1301 3302 22καί
1317 3236 1354 3300 ἆ-

106 3322 186 3406 δρὼν
199 3318 235 3407 ἣν
247 3318 429 3426 ᾠκοδόμησε.
454 3325 484 3368 ¹⁰
496 3325 548 3389 καί
560 3326 669 3405 έφυγον
681 3328 713 3388 έ-
750 3318 858 3396 κούσας
874 3323 976 3403 ἐξέστη
996 3319 1126 3403 σφόδρα,
1145 3321 1196 3385 καί
1214 3320 1354 3405 συνελαβε

107 3431 148 3478 ως
165 3409 205 3478 είς
223 3403 295 3480 τούς
311 3432 444 3489 πυργους
460 3406 532 3480 τοὺς
548 3411 580 3472 έν
597 3418 661 3481 τοῖς
676 3404 713 3469 ἆ-
751 3402 943 3486 τούςόνδρας
955 3400 1028 3476 τούς
1041 3402 1189 3476 ἐλθόντας
1201 3400 1352 3466 ἀπολέσαι

106 3483 391 3570 γρσῒςἈζάτου,καί
401 3485 564 3572 ἐνεπύρισεν
575 3485 671 3570 αὐτήν
681 3491 713 3552 έν
751 3483 843 3550 αὐτὸν
855 3487 907 3551 καί
924 3484 1092 3550 ἀπέκτεινεν
1106 3482 1226 3559 αὐτοὺς,
1237 3487 1352 3562 ἐπέγνω

106 3570 187 3652 πυρί,
213 3570 590 3646 καίέύτεσονέξαῦτῶνιίς
602 3569 714 3655 ἄνδρας
749 3568 808 3653 γάρ
839 3563 886 3634 ὅτι
917 3564 1038 3650 ἐζήτουν
1062 3564 1155 3633 αὐτὸν
1189 3564 1351 3633 ἀπολέσαι.

106 3650 273 3756 διςχιλίους,
308 3653 359 3716 καί
383 3649 570 3737 άπέστρειμεν
594 3657 634 3728 είς
657 3656 713 3738 γήν
750 3653 843 3715 23καὶ
854 3649 894 3717 τά
911 3649 1004 3717 λοιπὰ
1022 3655 1083 3715 τοῖν
1103 3646 1201 3728 λόγων
1212 3646 1352 3717 Ἰωάννου

105 3733 209 3802 Ἰοαδα
220 3733 277 3816 μετ’
294 3730 415 3819 εἰρήνης.
429 3737 510 3799 11καί
524 3735 714 3818 Πτολεμαῖος
750 3737 871 3799 καὶτῶν
886 3734 1024 3817 πολέμων
1038 3732 1136 3798 αὐτοῦ
1153 3736 1204 3800 καί
1222 3739 1284 3800 των
1297 3733 1352 3800 ιἰν·

109 3807 712 3906 ὁτοῦἈβούβουήνκαθεσταμένοςστρα-
750 3819 923 3903 δραγαθιῶν
946 3816 1041 3884 αὐτοῦ
1066 3808 1108 3881 ὧν
1132 3813 1351 3903 ἠνδραγάθησε,

108 3903 198 3988 τηγός
210 3909 250 3980 εἰς
261 3901 298 3969 τὸ
309 3903 411 3967 πεδίον
418 3899 546 3987 Ἱεριχώ,
572 3905 624 3968 καί
635 3905 713 3989 ἔσχεν
749 3904 866 3986 καὶτῆς
879 3902 1036 3986 ολκοδομής
1049 3906 1111 3966 τῶν
1122 3905 1240 3985 τειχέων
1253 3894 1296 3967 ὧν
1308 3903 1352 3987 ᾠ-

109 3986 252 4073 ἇργύρων
264 3989 315 4053 καί
325 3993 448 4091 χρυσίον
456 3986 546 4052 πολύ.
572 3989 600 4030 ¹²
611 3976 648 4070 ήν
658 3984 719 4074 γάρ
748 3981 910 4069 κσδόμησε,
933 3987 985 4051 καί
1005 3988 1068 4050 τῶν
1088 3983 1226 4069 πράξεων
1247 3983 1352 4062 αύτοῦ,

107 4069 240 4155 γαμβρὸς
252 4076 307 4137 τοῦ
320 4071 484 4157 αρχιερέως.
498 4071 526 4112 ¹³
532 4072 584 4136 καί
596 4066 711 4155 ὑψώθη
748 4069 780 4120 ²⁴
796 4069 860 4135 ἰδοὺ
879 4074 978 4135 ταῦτα
994 4071 1163 4153 γέγραπται
1181 4071 1231 4134 έπί
1246 4068 1351 4172 βιβλίω

110 4149 250 4236 ήκαρδία
263 4154 372 4232 αὐτοῦ,
385 4150 711 4240 καίήβουλήθηκατα-
748 4149 863 4238 ήμερῶν
880 4147 1093 4238 ἀρχιερωσύνης
1111 4149 1216 4229 αὐτοῦ,
1242 4151 1290 4231 αφ’
1315 4135 1351 4215 οδ

109 4238 255 4337 κρατήσαι
272 4241 326 4320 τῆς
337 4233 450 4323 χώρας,
472 4237 524 4302 καί
540 4233 710 4324 ἐβουλεύετο
747 4233 873 4322 ἐγενήθη
898 4234 1043 4323 ἀρχιερεύς
1063 4233 1135 4318 μετὰ
1159 4233 1212 4300 τόν
1232 4236 1351 4319 πατέρα

108 4317 188 4402 δολῳ
200 4315 279 4382 κατὰ
288 4325 425 4402 Σίμωνος
437 4321 558 4388 καὶτῶν
567 4325 640 4386 υἱῶν
652 4318 710 4387 αὐ·
747 4320 852 4386 αὐτοῦ.

1227 4584 1347 4648 MAK·
