2924 4972
151 220 215 286 376
390 212 684 276 ΒΛΣῙΛΕΙΩΝ
707 215 767 274 ΤΕ
776 215 945 274 ΊἈΡΤΗ
983 213 1060 288 Κεφ.
1072 213 1110 287 7'.
1125 209 1155 275 3.

149 337 230 404 λευσε
248 334 363 400 δώδεκα
386 333 446 413 ἔτη.
485 331 564 392 2καί
582 332 702 412 ἐποίησε
719 328 755 393 τὸ
793 327 904 403 αύτούς
917 333 956 402 είς
967 338 1066 412 χεῖρας
1079 326 1200 412 Μωάβς
1217 328 1246 368 ¹¹
1260 331 1312 393 καί
1325 328 1404 394 είπεν

149 415 280 501 πονηρὸν
298 420 329 480 ἐν
347 412 520 517 ὀφθαλμοῖς
538 418 650 496 κυρίου.
678 408 757 495 πλὴν
787 409 927 476 Ἐλισαιέ.
954 413 988 518 ζή
1014 404 1115 495 κύριος
1130 415 1191 474 τῶν
1208 408 1358 493 δυνάμεων
1376 405 1403 496 ᾦ

150 501 205 585 σύχ
219 501 260 576 ὡς
272 496 289 563 5
303 522 404 582 πατηρ
418 495 534 568 αύτού,
554 498 605 559 καί
617 492 671 578 οὐχ
685 490 724 568 ὡς
740 522 757 577 η
793 497 946 599 παρέστην
969 488 1097 559 ενιύπιον
1115 490 1226 569 αὐτοῦ,
1251 492 1298 559 ὅτι
1319 501 1344 560 εί
1361 498 1404 580 μή

149 582 245 736 ρκἰίῐηθ
259 581 366 648 αῧῑθῧ·
386 581 606 679 καίημὲῑὲσῑησὲ
617 574 670 678 ἷᾶῖ
685 573 757 660 Wi-
793 601 953 661 προςωπον
968 573 1123 658 Ἰωσαφὰτ
1139 577 1284 662 βασιλέως
1298 576 1405 644 Ἰούδα

190 693 272 743 ςτου
286 661 395 737 Βάαλ,
421 662 457 736 ἃς
475 665 611 744 ἐποίησεν
627 660 757 744 οπατήρ
795 660 853 739 ἐγὼ
873 656 1032 746 λαμβάνω,
1059 664 1084 723 εί
1099 660 1251 746 ἐπέβλεψα
1267 659 1345 746 πρὸς
1360 663 1404 738 σὲ,

150 749 254 816 αὐτοῦ.
290 750 304 790 ³
317 746 396 828 πλὴν
414 748 444 809 έν
462 749 499 837 τῇ
518 740 652 826 ἁμαρτίᾳ
665 739 760 827 Ἶερο-
794 744 845 809 καὶ
858 743 937 810 εἶδόν
950 769 990 809 σε.
1008 743 1034 785 ¹⁵
1047 744 1097 806 καί
1110 746 1160 807 νύν
1173 739 1244 830 λάβε
1256 771 1307 827 μοι
1321 742 1404 827 ψάλ-

149 833 227 920 βοάμ
240 835 308 896 υἱοῦ
317 826 431 914 Ναβάτ
443 824 475 902 ὃς
487 823 629 912 ἐξήμαρτε
638 824 691 890 τὸν
701 823 761 890 Ἰσ-
795 828 894 893 λοντα.
907 828 958 891 καὶ
971 828 1083 903 ἐγένετο
1096 821 1137 900 ὡς
1148 827 1281 910 ἔψαλλεν
1292 826 1310 892 5
1321 824 1404 912 ιμάλ-

148 914 227 1001 ραήλ
240 907 408 995 ἐκολλήθη,
434 911 488 975 ούκ
507 908 622 993 ἀπέστη
635 906 685 973 ἀπ’
703 905 760 972 αύ-
795 910 871 986 λων,
897 911 949 973 καὶ
967 912 1077 986 ἐγένετο
1095 906 1139 974 ἐπ’
1162 908 1257 976 αὐτὸν
1272 913 1330 996 χείρ
1347 938 1403 976 κυ-

148 1005 210 1084 τής.
237 997 317 1061 ’λκαὶ
329 990 433 1058 Μωσά
451 991 587 1081 βασιλεὺς
599 988 707 1077 Μιοάβ
724 979 759 1074 ήν
795 998 877 1079 ρίου,
907 993 1001 1057 16καί
1019 991 1088 1056 εἶπε.
1114 987 1185 1057 τύδε
1200 994 1277 1072 λέγει
1294 992 1402 1080 κύριος.

147 1079 281 1166 Νωκήδ,
313 1078 365 1141 καί
391 1080 550 1160 ἐπέστρεφε
575 1081 621 1157 τῴ
644 1074 760 1161 βασιλεῖ
794 1072 939 1160 ποιήσατε
960 1072 1198 1160 τὸνχειμάρῤουν
1212 1083 1321 1142 τοῦτον
1347 1083 1403 1164 βο-

146 1162 269 1248 Ἰσραήλ
286 1164 317 1227 έν
328 1163 367 1260 τῇ
384 1155 580 1225 ἐπαναστάσει
594 1157 701 1222 ἑκατὸν
703 1184 755 1305 (ηε
793 1154 904 1234 θύνους
916 1154 1072 1244 βοθύνους.
1085 1156 1164 1222 17ὅτι
1176 1156 1246 1224 τάδε
1257 1160 1332 1236 λέγει
1346 1157 1401 1225 κύ-

146 1246 251 1322 λιάδας
277 1242 389 1330 ἀρνίον,
416 1245 468 1308 καί
492 1239 599 1307 ἑκατὸν
623 1236 701 1325 χιλιά
721 1268 757 1314 ας
795 1269 864 1328 ριος.
876 1240 931 1307 σύκ
942 1240 1055 1326 ὄψεσθε
1065 1248 1188 1325 πνεῦμα,
1201 1240 1314 1308 καίούκ
1326 1241 1403 1324 ὄψε-

185 1336 237 1396 ιῶν
254 1330 304 1394 ἐπὶ
319 1321 430 1392 πόκονν.
457 1326 535 1389 ὅκαί
554 1327 665 1401 ἐγένετο
684 1322 757 1405 μετὰ
796 1337 853 1391 σθε
879 1321 976 1400 ύετὸν,
1002 1326 1054 1389 καί
1078 1321 1095 1388 5
1120 1323 1291 1413 χειμάρρους
1313 1318 1403 1403 οὗτος

147 1442 185 1481 το
211 1412 377 1478 ἀποθανεῖν
396 1407 525 1493 Ἀχαδιβ,
551 1409 603 1471 καί
627 1405 758 1491 ἢθέτησε
794 1406 1002 1492 πλησθήσεται
1016 1403 1136 1485 ύδατος,
1148 1412 1199 1474 καὶ
1211 1418 1314 1476 πίεσθε
1324 1408 1402 1492 ὑμεῖς

146 1493 285 1585 βασιλεύς
303 1490 411 1575 Μωάβ
435 1496 466 1553 έν
489 1489 606 1574 βασιλεῖ
626 1487 756 1573 Ἰσραήλ.
795 1492 846 1556 καὶ
870 1497 902 1555 αῖ
927 1487 1040 1574 κτήσεις
1069 1488 1150 1572 ὑμῶν
1174 1495 1225 1557 καλ
1249 1493 1288 1558 τά
1312 1490 1402 1576 κτήνη

148 1583 164 1625 ⁶
177 1581 229 1643 καὶ
242 1574 362 1658 ἐξῆλθεν
375 1572 392 1637 ὁ
405 1569 539 1657 βασιλεὺς
552 1568 664 1657 Ἰωράμ
676 1575 707 1637 ἐν
719 1576 757 1666 τῇ
795 1571 885 1656 ὑμῶν.
899 1575 984 1638 18καί
997 1568 1095 1656 κούφη
1106 1571 1182 1658 aba}
1194 1580 1224 1641 ἐν
1233 1574 1402 1658 ὀφθαλμοῖς

147 1663 245 1747 ἡμέρη
258 1662 350 1749 ἐκείνη
363 1660 396 1720 ἐκ
408 1661 593 1741 Σαμαρείας,
621 1657 672 1719 καλ
688 1658 754 1720 έπε-
794 1662 908 1741 κυρίου.
934 1660 986 1722 καί
997 1658 1171 1738 παραδώσω
1185 1659 1239 1761 τήν
1251 1657 1359 1745 Μωάβ
1371 1664 1402 1724 έν

148 1748 288 1827 σκέψατο
301 1742 354 1805 τὸν
362 1735 495 1842 Ἰσραήλ.
518 1739 593 1803 7καί
605 1734 755 1825 ἐπορεύθη
795 1742 865 1824 χειρί
892 1736 982 1823 ὑμῶν.
1022 1741 1115 1804 19καὶ
1136 1745 1282 1817 παταξετε
1299 1748 1403 1807 πᾶσαν

147 1832 200 1893 καὶ
217 1823 398 1901 ἐξαπέστειλε
409 1847 486 1906 προς
501 1818 658 1902 Ἰωσαφὰτ
669 1826 756 1908 βασι·
795 1820 882 1890 πόλιν
895 1821 912 1887 ὀ
932 1820 1020 1909 υράν,
1042 1824 1095 1888 καί
1107 1827 1168 1888 πᾶν
1181 1824 1268 1899 ξύλον
1281 1823 1402 1901 ἀγαθὸν

147 1911 202 1976 λέα
215 1906 334 1982 Ἰούδα,
361 1905 463 1983 λέγων.
495 1904 631 1992 βασιλεὺς
649 1905 757 1991 Μυνάβ
794 1850 995 1992 καταβαλεῖτε,
1011 1908 1062 1970 καὶ
1073 1902 1170 1981 πάσας
1182 1904 1278 1990 πηνύις
1292 1905 1402 1984 ύδατος

147 1992 294 2080 ἦθέτησεν
307 1993 338 2054 έν
351 1992 426 2070 ἐμοὶ,
439 1994 464 2053 ελ
473 1984 604 2074 πορεύσῃ
613 1986 672 2071 μετ’
684 1992 756 2070 ἐμοῦ
795 1987 993 2075 ε’μφράξεπθε,
1020 1991 1071 2054 καί
1088 1993 1189 2054 πᾶσαν
1206 1992 1310 2074 μερίδα
1323 1988 1400 2069 ἀνα-

148 2083 189 2152 είς
198 2073 305 2159 Μυνάβ
316 2078 355 2148 εἷς
363 2068 493 2154 πόλεμον
497 2101 510 2150 ,·
523 2071 573 2136 καλ
582 2071 667 2137 εἶπεν.
682 2069 754 2138 ἀνα·
794 2074 856 2156 θήν
871 2071 1041 2159 ἀχρειιύσετε
1053 2077 1083 2138 ἐν
1095 2073 1202 2149 λίθοις.
1229 2079 1259 2117 ²⁰
1273 2076 1324 2139 καί
1337 2077 1401 2152 ε’γέ-

147 2156 283 2248 βήσομαι.
310 2150 411 2239 ὅμοιός
422 2181 486 2237 μοι,
514 2151 615 2237 ὅμοιός
628 2182 686 2222 σοι.
714 2151 755 2230 ὡς
795 2183 858 2223 νετο
876 2157 961 2259 πρωῒ
979 2153 1193 2242 ἀναβαινούσης
1210 2156 1262 2241 τής
1279 2166 1401 2235 θυσίας,

149 2242 167 2309 5
182 2237 254 2316 λαός
266 2267 341 2323 μου,
364 2235 381 2303 5
395 2236 469 2314 λαός
483 2264 546 2303 σου.
571 2234 612 2313 ὡς
624 2243 655 2304 οῖ
665 2246 754 2305 ἵπποι
794 2242 845 2306 καὶ
857 2241 920 2306 ἶδου
933 2236 1028 2305 ύδατα
1038 2237 1162 2324 ἤρχοντο
1173 2245 1204 2318 ἐξ
1214 2238 1400 2323 ὁδούἘδώμ,

148 2351 223 2410 μου,
250 2327 280 2388 oz
299 2328 387 2388 ἵπποι
402 2348 465 2387 σου.
491 2323 570 2385 8καί
581 2321 651 2387 εἷπε.
677 2329 754 2404 ποίᾳ
794 2326 845 2388 καί
857 2321 993 2406 ἐπλήσθη
1007 2322 1025 2406 ἦ
1037 2327 1074 2427 μή
1090 2319 1204 2399 ῧδατος.
1218 2326 1303 2390 21καί
1315 2329 1400 2390 πᾶσα

150 2407 211 2491 ὁδῷ
231 2405 352 2493 ἀι·αβῶ,’
375 2408 426 2470 καὶ
445 2405 532 2471 εἶπεν.
557 2401 629 2470 ὁδὸν
647 2408 755 2493 ἔρημον
794 2403 900 2492 Μωάβ
913 2406 1044 2488 ἥκουσαν
1060 2403 1107 2470 σ’τι
1124 2404 1268 2493 ἀνέβησαν
1281 2413 1311 2472 οῖ
1324 2420 1399 2490 τρεῖς

144 2487 253 2576 Ἐδσύμ
271 2492 347 2554 θκαί
360 2485 510 2573 ἐπορεύθη
523 2485 540 2552 5
544 2487 684 2590 βασιλεὺς
694 2488 755 2555 >Ῑσ-
793 2489 922 2577 βασιλεῖς
934 2490 1067 2592 πολεμεῖν
1079 2488 1199 2567 αύτούς.
1213 2493 1263 2556 καί
1278 2488 1400 2575 ἀνεβόη-

148 2574 227 2663 ραήλ
244 2570 325 2639 καὶὸ
343 2573 476 2661 βασιλεὺς
491 2570 591 2636 Ἰουδα
604 2575 655 2637 καί
667 2570 684 2637 ὁ
697 2577 754 2659 βα-
795 2600 851 2639 σαν
869 2577 900 2638 ἐκ
922 2599 1034 2648 παντος
1058 2576 1279 2656 περιεζωσμένοι
1297 2575 1400 2659 ζώνην.

149 2656 244 2734 σιλεύς
265 2654 380 2738 Ἐδιίιμ,
409 2658 460 2720 καί
485 2649 657 2720 ἐκύκλωσαν
683 2652 753 2720 ὁδὸν
794 2659 845 2722 καί
864 2655 962 2734 εἷπον,
989 2655 1022 2720 ἀν’.
1058 2661 1110 2722 καί
1128 2660 1256 2740 ἔστησαν
1276 2661 1326 2723 ἐπὶ
1343 2664 1401 2724 τού

147 2742 225 2808 ἑπτὰ
252 2737 376 2823 ἡμερῶν.
402 2740 453 2801 καί
480 2734 535 2799 ούκ
560 2726 596 2819 ήν
615 2734 696 2823 ὕδωρ
715 2742 753 2826 τῇ
794 2736 894 2825 ὁρίου,
920 2743 949 2782 ²²
962 2741 1014 2803 καὶ
1027 2738 1183 2826 ἀν’ρθρισαν
1196 2742 1327 2827 τοπρωῒ,
1349 2745 1401 2806 καλ

146 2821 318 2912 παρεμβολῇ
329 2821 452 2892 καὶτοῖς
462 2811 753 2898 κτήνεσιτοῖςέντοῖς
794 2820 810 2887 5
830 2817 913 2906 ήλιος
931 2819 1075 2887 ἀνέτειλεν
1093 2826 1142 2887 ε’πί
1160 2824 1198 2889 τὰ
1220 2821 1321 2888 ύδατα.
1348 2829 1401 2891 καί

148 2910 236 2973 ποσίν
246 2902 353 2970 αύτιύν.
391 2902 420 2944 ¹⁰
433 2903 484 2965 καὶ
497 2898 574 2967 εἶπεν
585 2899 602 2966 5
614 2901 753 2989 βασιλεὺς
793 2904 847 2970 εἶδε
860 2906 968 2992 Μωὰβ
980 2907 1141 2982 ἐξεναντίας
1154 2905 1192 2972 τὰ
1212 2904 1310 2972 ύδατα
1322 2911 1399 2992 πυρ-

141 2985 275 3074 Ἰσραήλ
302 2987 341 3060 ἀν’,
369 2981 416 3049 ὅτι
433 2982 551 3065 κέκληκε
567 2983 668 3072 κύριος
679 2985 752 3062 τούς
792 2989 831 3074 ῥὰ
846 2987 886 3064 ὡς
898 2990 980 3071 αίμα.
1007 2992 1035 3031 ²³
1049 2992 1099 3055 καί
1111 2990 1202 3057 εἶπον.
1222 2991 1293 3074 αίμα
1306 2996 1400 3058 τούτο

144 3082 223 3176 τρεῖς
246 3069 375 3156 βασιλεῖς
393 3071 626 3170 παρερχομένους
647 3072 751 3135 δούναι
792 3077 844 3156 τής
857 3076 1016 3157 ῥομφαίας.
1044 3077 1094 3138 καὶ
1107 3076 1286 3180 ἐμαηέσαντο
1300 3080 1399 3161 οίβα-

145 3154 255 3228 αυτούς
272 3157 303 3216 ἐν
326 3153 398 3236 χειρί
416 3155 530 3237 Μωαβ.
568 3154 592 3191 ¹¹
606 3155 656 3217 καὶ
674 3151 751 3218 εἶπεν
791 3155 888 3230 σιλεῖς,
902 3157 953 3219 καὶ
966 3155 1110 3233 έπάταξεν
1121 3156 1194 3242 ἀνηρ
1207 3159 1260 3225 τὸν
1270 3159 1398 3243 πλησίον

141 3231 305 3318 Ἰωσαφάτ.
346 3234 401 3300 οὐκ
426 3237 506 3301 ἔστιν
523 3225 579 3300 ὧδε
597 3231 751 3343 προφήτης
791 3236 895 3304 αύτού.
922 3241 973 3303 καί
990 3243 1041 3304 νῦν
1054 3243 1104 3306 ἐπί
1120 3238 1159 3306 τύ
1173 3243 1267 3308 σκῦλα
1281 3241 1396 3348 Μωάβ.

143 3326 200 3387 τού
217 3324 319 3405 κυρίου
336 3323 387 3386 καί
404 3315 615 3405 ἐπιζητήσωμεν
631 3322 684 3403 τὸν
696 3348 751 3386 κυ-
789 3323 821 3364 ²⁴
834 3324 884 3387 καί
910 3323 1047 3408 είςήλθον
1071 3329 1109 3400 είς
1135 3325 1191 3410 τήν
1208 3328 1398 3412 παρεμβολην

143 3432 208 3492 ριον
230 3402 300 3487 παρ’
322 3402 436 3482 αὐτούς
460 3408 512 3470 καί
536 3402 685 3491 ἀπεκρίθη
712 3406 750 3480 είς
787 3403 916 3492 Ἰσραήλ.
954 3409 1006 3472 καὶ
1021 3405 1144 3494 Ἰσραήλ
1165 3407 1330 3492 ἀνέστησαν
1346 3412 1398 3474 καί

142 3495 203 3554 ταῖν
211 3490 330 3555 παίδων
339 3490 396 3554 τού
405 3488 547 3575 βασιλέως
557 3488 689 3574 Ἰσραήλ,
700 3491 751 3553 καί
789 3485 943 3566 έπάταξαν
955 3489 1010 3575 τήν
1021 3489 1135 3577 Μονάβ,
1148 3495 1198 3557 καί
1210 3496 1319 3573 ἔφυγον
1331 3491 1394 3556 ἀπὸ

142 3574 227 3640 εἶπεν.
254 3565 311 3637 ὦδε
324 3569 457 3637 Ἔλισαιὲ
478 3567 542 3646 υίὸς
562 3570 690 3651 Σαφάτ,
717 3568 750 3646 ὃς
788 3568 950 3659 προςιύπου
963 3572 1072 3641 αὐτῶν.
1086 3578 1136 3640 καί
1150 3575 1285 3658 εῖςήλθον
1297 3578 1394 3643 εῖςπο-

142 3663 255 3738 ἐπέχεεν
269 3652 348 3739 ὕδωρ
362 3656 412 3720 έπί
422 3650 652 3759 ηεῖραςἨλιού.
666 3656 751 3721 12καί
788 3656 936 3741 ρευόμενοι
961 3660 1012 3722 καί
1031 3655 1189 3732 τύπτοντες
1209 3651 1261 3737 τήν
1278 3647 1393 3737 Μωάβ,

142 3739 220 3803 εἶπεν
229 3733 393 3817 Ἰωσαφάτ.
417 3741 497 3802 έστιν
510 3733 595 3801 αύτιύ
606 3740 686 3823 ῥῆμα
697 3765 750 3804 κυ-
788 3739 876 3805 26καί
887 3739 941 3815 τὰς
954 3738 1055 3818 πόλεις
1067 3741 1216 3807 καθεῖλον.
1230 3734 1281 3797 καὶ
1292 3738 1394 3799 πᾶσαν

141 3827 216 3904 ρίου.
234 3822 285 3882 καὶ
296 3823 406 3905 κατέβη
419 3816 496 3905 πρὸς
508 3802 603 3885 αάτδν
612 3821 750 3906 βασιλεὺς
786 3823 891 3907 μερίδα
909 3820 1032 3907 ἀγαθήν
1048 3828 1173 3910 ἐβριψαν
1189 3816 1262 3901 ἀνήρ
1277 3816 1331 3881 τὸν
1347 3819 1394 3883 λί-

137 3897 262 3986 Ἰσραήλ
272 3905 323 3964 καὶ
332 3898 488 3982 Ἰωσαφὰτ
519 3903 635 3978 ασιλεύς
643 3900 748 3968 Ἰούδα
787 3912 846 3966 θον
858 3905 910 3967 καί
921 3905 1084 3990 ἐνέπλησαν
1097 3902 1204 3984 αύτήν,
1227 3901 1278 3962 καί
1290 3904 1393 3968 πάσαν

140 3988 192 4050 καί
198 3981 337 4086 βασιλεὺς
347 3981 453 4065 Ἐδιύμ.
480 3989 491 4027 ¹
520 3987 571 4050 καί
582 3980 749 4051 είπενἘλκ-
786 3983 884 4086 πηγήν
896 3987 1067 4069 ἐνέφραξαν,
1079 3990 1131 4051 καί
1142 3988 1205 4048 πᾶν
1217 3979 1304 4060 ξύλον
1317 3984 1394 4064 ἀγα,

142 4092 208 4134 σακε
219 4066 295 4148 πρὸς
306 4066 433 4152 βασιλέα
441 4063 571 4151 Ἰσραήλ.
583 4073 616 4131 τί
624 4066 689 4147 ἐμοὶ
698 4067 748 4129 καί
785 4075 845 4132 θον
870 4068 1035 4153 κατέβαλον
1059 4074 1115 4144 ἕως
1139 4071 1196 4131 τοῦ
1219 4069 1393 4136 καταλιπεῖν

142 4157 194 4217 σοί
197 4179 209 4228 ,·
237 4152 322 4233 δεῦρο
340 4146 418 4234 πρὸς
436 4147 507 4224 τοὺς
519 4145 677 4233 προφήτας
691 4153 747 4215 τού
785 4145 856 4227 τούς
867 4150 972 4224 λίθους
984 4156 1040 4217 τού
1050 4159 1150 4237 τοίχου
1159 4156 1392 4244 καθῃρημένους.

140 4229 257 4320 πατρός
282 4257 335 4297 σου
357 4232 410 4294 καί
434 4228 504 4306 τοὺς
521 4227 678 4335 προφήτας
696 4237 748 4317 τῆς
786 4235 838 4299 καί
861 4231 1032 4300 ἐκύκλωσαν
1057 4241 1087 4300 σί
1113 4237 1316 4318 σφενδονῆται,
1342 4242 1393 4303 καί

162 4313 251 4404 ητρός
269 4341 332 4381 σου.
359 4314 410 4378 καί
426 4312 504 4378 εἶπεν
522 4318 606 4398 αυτῷ
624 4311 642 4380 5
659 4318 747 4396 βασι·
785 4312 939 4395 ἐπάταξαν
951 4315 1055 4403 αὐτήν.
1082 4322 1113 4363 ²⁰
1125 4322 1177 4384 καί
1190 4317 1262 4384 είδεν
1276 4317 1293 4384 5
1305 4327 1392 4406 βασι-

171 4398 204 4478 ύς
222 4394 354 4486 Ἰσραήλ.
380 4393 419 4483 μή
444 4390 491 4463 ὅτι
509 4396 627 4482 κέκληκε
647 4396 748 4486 κύριος
785 4398 967 4486 λεύςΜιυάβ
978 4397 1025 4468 ὅτι
1040 4406 1239 4490 έκραταίωσεν
1251 4400 1390 4491 ύπέραύ·

137 4484 208 4564 τούς
233 4496 308 4575 τρεῖς
331 4483 460 4573 βασιλεῖς
485 4486 539 4550 τού
557 4485 746 4575 παραδοῦναι
785 4481 837 4553 τὸν
850 4481 868 4552 5
881 4481 1022 4571 πόλεμος,
1035 4491 1085 4555 καί
1098 4489 1189 4577 ἐλοβε
1201 4487 1266 4573 μεθ’
1283 4489 1392 4591 ἑαυτοῦ

1300 4596 1392 4636 ιπτα-
