2924 4972
471 220 683 282 ΙΟΤΔΙΘ
727 226 801 299 Κεφ.
817 228 853 304 η’.
867 220 897 286 8.
1245 229 1307 293 531

58 348 114 408 τοὺ
125 342 205 406 λαοῦ
213 345 243 405 ἐν
253 347 288 434 τῇ
299 339 393 427 ήμέρᾳ
403 337 509 425 ταότη,
519 345 570 406 καὶ
580 337 667 422 ἐστή-
699 338 797 423 φαλήν
817 339 899 424 ήμῶν
917 345 949 407 ἐν
968 351 1031 416 τοῖς
1046 343 1177 415 ἔθνεσιν,
1204 335 1240 406 οὑ
1254 343 1308 408 ἐὰν

59 451 128 492 σατε
145 426 199 490 τόν
215 422 308 510 ὅρκον
324 422 360 491 όν
372 414 535 508 ἐλαλήσατε
552 421 665 517 ἀναμέ·
697 419 898 506 δουλεόσωμεν
926 427 1000 498 ἐκεῖ,
1038 427 1089 488 καί
1114 419 1243 507 ἐσόμεθα
1269 430 1309 502 εές

60 535 113 575 σον
125 515 181 574 τοὺ
194 514 271 574 θεοῦ
283 511 335 573 καί
348 507 437 591 ὑμῶν,
447 511 498 573 καὶ
508 510 607 571 εἴπατε
617 510 667 571 ἐκ-
697 501 872 591 πρόςκομμα
897 511 948 572 καί
971 512 1010 584 εἷς
1035 505 1147 583 ὄνειδος
1172 511 1307 576 ἐναντίον

59 588 160 658 δώσειν
177 590 231 677 τήν
247 588 337 657 πόλιν
355 602 418 666 τοῖς
435 595 554 676 ἐχθροῖς
574 587 665 673 ήμῶν,
698 594 758 654 τῶν
770 591 926 671 κτωμένων
944 586 1023 672 ’μοῖς
1047 592 1077 633 22
1089 587 1136 656 ότι
1152 590 1189 656 οὑ
1201 618 1308 658 κατευ-

57 674 109 740 ἐάν
125 675 167 760 μή
185 679 216 740 ἐν
229 674 334 751 αὑταῖς
351 678 517 760 ἐπιστρέψη
537 671 667 758 όκόριος
697 668 925 757 θυνθήσεταιή
975 675 1056 739 uma
1069 671 1151 757 ήμῶν
1163 679 1202 750 είς
1212 672 1307 760 χάριν,

55 764 207 862 (ἐσηθήσαι
224 755 302 842 ήμῖν.
332 763 359 801 ¹²
371 761 421 824 καί
439 764 490 823 νῦν
500 749 582 832 ’τίνες
598 756 666 823 ἐστὲ
697 754 760 821 ἀλλ’
781 762 820 831 εἷς
832 754 952 838 ἀτιμίαν
964 752 1052 840 θήσει
1068 754 1305 844 αὑτήνκὺριοςὸ

56 855 135 924 υμεῖς
159 849 192 907 οῖ
212 841 384 927 ἐπειράσατε
408 839 464 908 τόν
488 838 563 907 θεόν
580 843 611 904 ἐν
627 845 665 934 τῇ
696 839 767 915 θεός
782 838 872 923 ήμῶν.
892 839 982 903 22καί
995 843 1047 903 νῦν
1059 840 1186 923 ἀδελφοί
1199 843 1307 909 ἐπιδει-

56 922 152 1011 ήμέρᾳ
165 931 202 1018 τῇ
216 925 341 1012 σήμερον
347 955 359 1004 ;
384 931 437 991 καί
448 930 577 991 ἵστασθε
590 921 664 1009 ὑπὲρ
696 920 817 1005 ξῶμεθα
842 935 907 997 τοῖς
926 920 1066 1003 ἀδελφοῖς
1084 920 1183 1007 ήμῶν,
1208 923 1255 992 ότι
1273 927 1306 1003 ἐξ

55 1013 113 1073 τοῦ
138 1013 214 1073 θεοῦ
231 1012 263 1073 ἐν
280 1012 359 1092 μέσῳ
379 1012 452 1074 υἱῶν
473 1006 664 1092 ἀνθρώποις
696 1003 778 1091 ήμῶν
801 1009 946 1091 κρέμαται
971 1001 991 1089 ή
1011 1007 1093 1089 ψυχή
1110 1005 1212 1073 αὑτῶν
1218 1055 1229 1083 ,
1254 1013 1307 1076 καί

56 1092 84 1132 ¹³
98 1093 150 1154 καί
166 1096 217 1156 νὺν
234 1088 336 1176 κόριον
352 1088 587 1173 παντοκράτορα
605 1091 665 1166 ἐξε-
695 1090 735 1154 τά
748 1086 818 1166 όίγια
833 1093 885 1154 καί
900 1084 918 1153 ό
931 1086 1013 1163 οἶκος
1024 1093 1077 1153 καί
1088 1086 1125 1153 τό
1136 1087 1307 1174 θυσιαστή-

56 1168 170 1247 τόζετε,
198 1177 250 1238 καί
273 1172 365 1238 οὑθὲν
388 1169 585 1251 ἐπιγνώσεσθε
609 1177 664 1247 ἕως
696 1196 760 1258 ριον
778 1168 983 1256 ἐπεστήρικται
1001 1169 1046 1251 ἐφ’
1065 1166 1141 1254 ήμῖν.
1178 1169 1308 1257 22παρά

59 1260 114 1318 τοῦ
127 1257 243 1329 αἰῶνος,
259 1255 289 1298 ¹⁴
302 1253 349 1321 ότι
360 1254 460 1343 βάθος
472 1257 596 1336 καρδίας
610 1253 664 1320 ἀν-
696 1259 795 1320 ταῦτα
819 1251 921 1320 πάντα
943 1252 1198 1340 εὑχαριστήσωμεν
1214 1260 1306 1360 κυρίιρ

56 1332 186 1420 θριόπου
200 1335 255 1443 οὑχ
267 1336 416 1424 εὑρήσετε,
430 1340 480 1403 καί
493 1335 600 1416 λόγους
612 1342 664 1424 τής
696 1343 740 1420 τῷ
752 1342 817 1422 θεῷ
829 1335 926 1422 ήμῶν,
947 1335 980 1413 ὃς
992 1333 1119 1420 πειράζει
1131 1334 1208 1421 ήμάς
1220 1347 1307 1402 καθα

56 1421 189 1495 διανοίας
209 1426 304 1486 αυτοῦ
318 1420 354 1485 οὑ
367 1416 515 1505 λήψεσθε,
537 1424 663 1496 καὶπῶς
695 1423 747 1486 καί
764 1420 833 1496 τοὺς
849 1425 982 1506 πατέρας
995 1419 1085 1523 ήμῶν.
1111 1421 1143 1462 22
1154 1417 1307 1520 μνήσθητε

54 1502 109 1567 τόν
127 1502 202 1567 θεόν
215 1500 248 1580 ὃς
260 1508 382 1587 ἐποίησε
400 1505 439 1569 τό
453 1501 552 1569 πάντα
567 1510 663 1569 ταῦτα
697 1500 755 1569 όσα
772 1507 890 1587 ἐποίησε
905 1504 980 1586 μετὰ
999 1503 1150 1590 Αβραάμ,
1176 1506 1228 1568 καὶ
1245 1502 1306 1569 όσα

55 1581 236 1670 ἐρευνήσετε,
262 1589 313 1651 καί
332 1586 385 1652 τόν
399 1592 468 1652 νοῦν
481 1586 580 1652 αὑτοῦ
598 1591 660 1651 ἐπι·
695 1589 827 1669 ἐπείρασε
839 1587 896 1652 τόν
910 1585 1029 1661 Ἰσαάκ,
1052 1589 1105 1652 καί
1117 1582 1177 1651 όσα
1189 1589 1304 1664 ἐγένετο

54 1664 219 1747 γνώσεσθε,
250 1673 301 1735 καὶ
325 1667 380 1735 τόν
405 1670 545 1748 λογισμόν
568 1668 662 1735 αὑτοῦ
695 1673 739 1753 τῷ
753 1667 865 1757 Ἰακὼβ
882 1674 912 1734 ἐν
928 1675 1158 1752 Μεσοποταμία
1175 1674 1228 1752 τής
1240 1674 1304 1734 Συ-

54 1750 251 1836 κατανοήσετε
255 1782 267 1831 ;
291 1755 432 1837 μηδαμῶς
457 1751 596 1834 ἀδελφοί,
620 1751 660 1838 μή
694 1758 760 1839 ρίας
776 1760 960 1835 ποιμαίνοντι
981 1750 1021 1818 τό
1038 1751 1180 1839 πρόβατα
1192 1750 1246 1816 Λό
1266 1776 1303 1816 αν

53 1839 246 1921 παροργίζετε
271 1834 372 1920 κόριον
395 1834 450 1901 τόν
471 1835 545 1901 θεόν
570 1832 661 1918 ήμῶν,
694 1840 752 1901 τοὺ
763 1835 895 1917 ἀδελφοῦ
909 1842 959 1918 τής
970 1835 1082 1921 μητρός
1097 1833 1202 1900 αὑτοῦ.
1220 1839 1234 1878 2
1256 1831 1304 1901 ότι

54 1921 82 1962 ¹⁵
96 1917 143 1983 ὅτι
163 1919 215 1982 ἐὰν
231 1917 272 2002 μή
288 1915 432 2005 βούληται
448 1920 478 1983 ἐν
495 1932 560 1996 ταῖς
576 1923 662 1985 πέντε
694 1917 730 1983 οὑ
747 1917 852 1994 καθώς
868 1923 996 1995 ἐκείνους
1012 1914 1161 2004 ἐπείρασεν
1177 1922 1216 1993 είς
1233 1922 1303 1983 ἐτα-

54 1997 174 2087 ήμέραις
184 2006 336 2089 βοηθῆσαι
350 2001 425 2087 ήμῖν,
439 2000 532 2077 αὑτός
544 2006 598 2088 ἔχει
609 2001 662 2079 τήν
694 2001 768 2085 σμὸν
780 2008 831 2086 τής
843 2004 966 2108 καρδίας
979 2000 1090 2078 αὑτῶν,
1099 2004 1152 2067 καί
1159 1998 1237 2084 ἡμᾶς
1245 1999 1303 2066 οὑκ

55 2088 189 2161 ἐξουσίαν
199 2090 228 2151 ἐν
235 2085 367 2161 αίςθέλει
377 2083 522 2152 σκεπόσαι
531 2085 661 2170 ἡμέραις,
695 2087 862 2169 ἐξεδίκησεν,
879 2085 943 2151 αλλ’
959 2091 999 2161 εἰς
1011 2089 1186 2169 νουθέτησιν
1195 2109 1302 2168 μαστι-

54 2166 75 2252 ἢ
88 2169 138 2232 καὶ
151 2165 331 2255 όλοθρεῦσαι
342 2166 417 2253 ήμᾶς
425 2166 486 2253 πρό
494 2169 662 2253 πρσςυίπου
693 2166 852 2253 γοῖκὺριος
860 2169 1107 2246 τοὺςέγγίζυντας
1116 2166 1210 2251 αὑτῷ.
1221 2167 1303 2233 22καέ

54 2257 115 2316 τῶν
127 2253 243 2335 ἐχθρῶν
257 2249 347 2335 ήμῶν.
373 2253 402 2295 ¹⁶
416 2248 494 2333 ὑμεῖς
507 2251 539 2317 δέ
549 2251 589 2335 μή
603 2255 662 2316 ἐνε-
695 2249 772 2314 εἶπεν
788 2251 865 2335 πρὸς
882 2249 978 2335 αὑτήν
991 2249 1099 2326 Ὀζίας.
1124 2247 1227 2316 πόντα
1243 2246 1304 2316 ὅσα

54 2330 188 2437 χυρόζετε
206 2331 258 2408 τός
269 2331 382 2435 χῖουλάς
400 2339 503 2416 κυρίου
520 2340 575 2398 τοῦ
587 2337 662 2396 θεοῦ
695 2331 794 2407 εἶπας,
821 2330 926 2424 ἀγαθῇ
943 2333 1051 2415 καρδίη
1064 2328 1225 2415 ἐλόλησας,
1251 2333 1305 2396 καὶ

54 2421 153 2517 ήμῶν,
181 2410 228 2478 ότι
247 2440 303 2499 ουχ
319 2412 360 2488 ῶς
375 2413 541 2496 ἀνθρωπος
557 2411 575 2480 ὑ
594 2413 664 2490 θεὸς
697 2411 752 2478 οὑκ
769 2417 847 2479 ἐστιν
863 2410 897 2489 ὃς
913 2410 1117 2497 ἀπιστήσεται
1129 2425 1193 2488 τοῖς
1204 2410 1304 2490 λόγως

56 2499 271 2579 απειληθήναι,
288 2493 359 2560 οὑδὲ
371 2494 411 2571 ῶς
424 2495 487 2570 υίὸς
498 2492 664 2580 ἀνθρώπου
697 2521 761 2562 σου.
798 2498 829 2539 ²⁹
843 2492 889 2561 ότι
906 2494 960 2561 οὑκ
979 2501 1010 2561 ἐν
1025 2500 1062 2582 τῇ
1075 2492 1199 2580 σήμερον
1216 2494 1234 2579 ή
1249 2520 1304 2560 σο-

55 2582 253 2661 διαιτηθήναα
267 2574 399 2663 17διόπερ
412 2576 602 2660 ἀναμένοντες
612 2578 665 2661 τήν
697 2584 753 2662 φία
777 2604 832 2644 σου
856 2575 1007 2664 πρόδηλός
1032 2581 1123 2652 ἐστιν,
1150 2578 1228 2642 ἀλλά
1250 2575 1300 2641 ἀπ’

54 2660 126 2745 παρ’
143 2659 239 2727 αὑτοῦ
256 2668 404 2746 σωτηρίαν
422 2658 664 2739 ἐπικαλεσιόμεθα
697 2662 788 2747 ἀρχῆς
812 2659 926 2747 ήμερῶν
946 2688 1001 2727 σου
1019 2665 1095 2737 έγνω
1113 2666 1173 2736 πᾶς
1195 2658 1305 2734 όλαὸς

55 2742 149 2810 αὑτὸν
162 2749 201 2820 εἰς
212 2741 355 2831 βοήθειαν
366 2740 458 2828 ήμῶν,
471 2749 521 2810 καὶ
533 2742 664 2850 εήςακοό-
697 2748 751 2849 τήν
765 2741 878 2810 σύνεσίν
890 2770 960 2820 σου,
986 2739 1096 2809 καθότι
1109 2742 1229 2821 ἀγαθόν
1242 2746 1305 2807 ἐστι

54 2855 135 2894 σεται
161 2833 214 2910 τής
232 2833 331 2911 φωνής
350 2826 444 2910 ήμῶν,
471 2828 525 2892 ἐὰν
542 2858 561 2921 η
580 2825 664 2911 αὐτῷ
697 2854 733 2893 το
750 2825 875 2908 πλόσμα
889 2833 941 2912 τῆς
960 2828 1084 2908 καρδίας
1098 2854 1162 2892 σου.
1193 2822 1301 2891 30ἀλλ’

55 2909 190 2995 ἀρεστόν.
207 2907 291 2975 12ότι
305 2909 359 2975 οὑκ
373 2909 481 2992 ἀνέστη
495 2915 526 2975 ἐν
539 2922 605 2986 ταῖς
616 2937 666 2989 γε-
697 2908 714 2976 ό
728 2909 800 2987 λαός
813 2913 936 2995 ἐδίψησε
949 2910 1081 2994 σφόδρα,
1107 2913 1159 2975 καί
1174 2906 1305 2994 ήνόγκα-

53 3006 133 3070 νεαῖς
146 2993 237 3078 ήμῶν,
250 2992 319 3060 οὑδὲ
333 2996 411 3060 ἐστίν
424 2998 454 3059 ἐν
468 2998 506 3087 τῇ
517 2991 613 3080 ήμέρᾳ
626 2999 665 3085 τῇ
698 3021 753 3059 σαν
778 3000 902 3079 ποιήσαι
921 2991 995 3079 ήμᾶς
1014 2991 1098 3058 καθά
1121 2991 1306 3079 ἐλαλήσαμεν

56 3075 181 3163 σήμερον
193 3076 262 3142 οότε
275 3076 365 3160 φυλή,
379 3075 447 3154 οότε
459 3078 583 3162 πατριδι,
597 3075 665 3142 οότε
698 3076 872 3155 αὐτοῖςκαὶ
885 3075 1049 3156 ἀπαγαγεῖν
1061 3075 1151 3157 ὅρκον
1161 3076 1205 3156 ἐφ’
1218 3075 1304 3161 ήμᾶς,

56 3162 159 3245 δῆμος,
184 3160 253 3226 οότε
266 3157 351 3235 πόλις
364 3165 395 3238 ἐξ
410 3157 506 3244 ήμῶν,
532 3168 564 3228 οἳ
574 3186 666 3243 προς-
698 3157 733 3226 όν
746 3159 782 3225 οὑ
799 3159 1048 3247 παραβησόμεθα.
1074 3163 1100 3203 ³¹
1114 3162 1165 3225 καί
1177 3165 1228 3226 νῦν
1239 3154 1306 3244 δεή·

56 3249 178 3309 κυνοὺσι
191 3256 273 3318 θεοῖς
285 3241 510 3329 χειροποιήτοις,
524 3244 664 3330 καθάπερ
697 3255 770 3327 θητι
785 3247 854 3329 περί
870 3242 967 3328 ήμῶν,
994 3241 1040 3310 ότι
1052 3242 1125 3326 γυνή
1139 3243 1259 3329 εὐσεβής
1270 3241 1306 3318 εἴ,

57 3329 170 3405 ἐγένετο
202 3332 233 3391 ἐν
263 3339 329 3401 ταῖς
358 3322 506 3410 πρότερον
535 3324 665 3414 ήμέραις,
697 3331 749 3391 καί
773 3325 933 3393 ἀποστελεῖ
957 3323 1054 3411 κόριος
1080 3324 1132 3391 τόν
1159 3323 1243 3390 ὑετὸν
1267 3328 1307 3400 εἰς

56 3403 133 3473 19ῶν
145 3406 229 3493 χάριν
242 3405 393 3490 ἐδόθησαν
402 3414 441 3482 εἰς
451 3414 603 3490 ῥομφαίαν
617 3412 667 3473 καὶ
698 3407 849 3493 πλήρωσιν
862 3414 922 3473 τῶν
935 3407 1052 3473 λόκκων
1066 3406 1160 3490 ήμῶν,
1186 3409 1237 3471 καί
1252 3403 1307 3470 οὑκ

59 3498 99 3565 εἷς
108 3489 274 3573 διαρπαγήν
283 3494 313 3553 οί
323 3489 667 3575 πατέρεςήμῶν,καὶέ’πε·
699 3493 869 3573 ἐκλείψομεν
886 3495 938 3555 ἐτι.
964 3492 994 3532 ³²
1007 3494 1056 3554 καί
1077 3488 1138 3553 εἶπε
1155 3485 1232 3571 πρός
1251 3485 1307 3550 αὑ-

59 3599 114 3640 σσν
127 3577 237 3652 πτῶμα
248 3575 323 3652 μέγα
340 3570 465 3636 ἐνιόπιον
482 3577 541 3636 τῶν
553 3578 669 3658 ἐχθρῶν
699 3572 903 3647 τοὺςΊουδίθ.
916 3569 1070 3636 ἀκοόσατέ
1077 3596 1148 3654 μου,
1157 3563 1308 3653 καίποιή-

57 3656 150 3742 ήμῶν.
189 3659 219 3699 ²⁰
234 3653 311 3738 ήμεῖς
336 3654 369 3718 δὲ
395 3660 492 3734 ἕτερον
516 3656 590 3719 θεὸν
614 3655 669 3720 οὐκ
702 3681 746 3720 σω
762 3659 886 3739 πρᾶγμα
902 3651 921 3719 ό
933 3653 1068 3735 ἀφίξεται
1089 3657 1128 3727 εἰς
1145 3648 1242 3730 γενεὰς
1258 3676 1308 3729 γε·

60 3744 224 3821 ἐπέγνωμεν
234 3738 311 3816 πλήν
321 3735 425 3801 αὑτοῦ.
441 3735 511 3802 ὅθεν
521 3737 671 3818 ἐλπίζομεν
701 3741 770 3802 νεῶν
789 3741 863 3812 υίοῖς
879 3743 933 3802 τοῦ
950 3742 1051 3814 γένους
1067 3734 1156 3819 ήμῶν.
1188 3737 1216 3778 ³³
1231 3733 1308 3838 ὑμεῖς

60 3820 108 3888 ὅτι
128 3822 184 3909 οὑχ
203 3817 384 3905 ὑπερόψεται
403 3818 493 3905 ήμᾶς,
519 3819 583 3886 οὐδ’
606 3820 668 3885 ἀπὸ
701 3817 841 3905 στήσεσθε
867 3823 918 3885 ἐπί
942 3825 994 3904 τής
1017 3817 1112 3903 πόλης
1136 3817 1189 3905 τήν
1215 3845 1307 3885 νυκτα

59 3911 230 3984 τοῦγένους
243 3903 333 3988 ήμῶν.
353 3901 433 3969 21ότι
444 3908 475 3970 ἐν
488 3909 532 3988 τῷ
546 3905 669 3988 ληφθή-
700 3900 821 3988 ταύτην,
839 3907 890 3968 καί
903 3900 1085 3987 ἐξελεόσομαι
1098 3904 1157 3981 ἐγὼ
1170 3902 1242 3987 μετὰ
1255 3907 1307 3985 τῆς

59 4016 108 4055 ναι
134 3987 224 4073 ήμᾶς,
250 3985 347 4064 οὑτως
363 3989 529 4073 καθήσεται
545 3994 632 4055 πᾶσα
649 3987 667 4074 ἡ
701 3984 796 4076 ἅβρας
807 4014 881 4071 μου,
908 3990 959 4052 καί
976 3991 1007 4053 ἐν
1024 3999 1091 4063 ταῖς
1108 3984 1227 4072 ἡμέραις
1239 3983 1304 4069 μεθ’

55 4069 203 4138 Ἰουδαία.
212 4069 536 4156 καίπρονομευθήσεται
547 4071 585 4136 τά
596 4070 669 4150 ὑγια
701 4069 737 4148 ἀς
757 4073 857 4137 εἴπατε
874 4067 1063 4157 παραδώσειν
1077 4069 1131 4157 τήν
1144 4068 1232 4136 πόλιν
1245 4079 1308 4143 τοῖς

58 4153 151 4238 ήμῶν,
157 4160 206 4221 καί
215 4152 328 4239 ζητήσει
339 4154 393 4240 τήν
398 4152 560 4242 βεβήλωσιν
568 4154 669 4222 αὑτῶν
700 4159 819 4242 ἐχθροῖς
832 4153 923 4239 ήμῶν,
935 4159 1130 4240 ἐπισκέψεται
1143 4150 1242 4239 κόριος
1255 4152 1308 4216 τὸν

57 4241 92 4302 ἐκ
105 4244 159 4303 τοὺ
173 4238 322 4320 στόματος
335 4236 425 4342 ήμῶν,
441 4243 471 4282 22
481 4241 533 4303 καί
545 4238 599 4304 τόν
611 4236 668 4318 φό-
698 4237 821 4324 Ἰσραήλ
837 4243 869 4306 ἐν
885 4246 958 4323 χειρί
973 4264 1040 4322 μου.
1066 4240 1097 4282 ³⁴
1112 4235 1189 4320 ὑμεῖς
1207 4236 1238 4301 δὲ
1251 4233 1307 4299 οὑκ

56 4347 110 4386 νον
120 4326 180 4386 τῶν
191 4321 326 4402 ἀδελφῶν
336 4325 427 4406 ημῶν,
437 4324 489 4386 καί
497 4319 551 4404 τήν
561 4327 666 4404 αἰχμα-
701 4320 897 4406 ἐξερευνήσετε
914 4320 968 4407 τήν
980 4325 1088 4408 πρᾶξιν
1099 4346 1172 4404 μου,
1198 4317 1234 4383 οὑ
1248 4317 1308 4419 γὰρ

56 4404 169 4469 λιοσίαν
181 4410 233 4488 τίης
243 4411 308 4505 γής,
326 4407 379 4470 καὶ
390 4402 443 4489 τήν
456 4401 602 4489 ἐρήμωσιν
614 4408 668 4487 τῆς
701 4408 760 4490 ἐρῶ
774 4401 857 4489 ὑμῖν,
883 4411 938 4479 ἕως
955 4411 1012 4470 τοῦ
1025 4405 1198 4483 τελεσθῆναι
1212 4396 1234 4464 ἀ
1249 4402 1307 4475 ἐγω

54 4487 252 4574 κληρονομίας
270 4492 354 4570 ημῶν
378 4489 549 4574 ἐπιστρέψει
562 4491 601 4560 εἰς
619 4511 667 4550 κε-
700 4492 790 4554 ποιῶ.
815 4489 909 4633 22Ιιχρί
926 4486 1004 4551 εἶπεν
1017 4485 1119 4561 Ὀζίας
1135 4485 1187 4547 καί
1204 4486 1235 4546 οῖ
1252 4479 1307 4561 ἀρ-

916 4590 934 4632 2
1211 4585 1320 4644 χοντες
