2924 4972
151 223 315 332 ειν-8..-
353 219 651 286 ΒΑΣιΛπιιειν
673 217 835 317 ννινιι
870 205 1060 291 νέμεσίν.
1077 209 1196 274 19.21.

1159 304 1394 318 w

150 347 203 411 καί
215 349 321 429 χρίσεις
335 339 389 405 τὸν
400 338 511 422 Ἀζαίηλ
522 344 562 413 είς
573 338 696 423 βασιλέα
706 341 759 419 τῆς
795 335 904 421 ἀρτονς
917 336 989 400 θιιαί
1002 334 1064 399 είπε
1073 332 1150 419 πρὸς
1160 330 1261 419 αὐτην.
1274 331 1320 400 ὅτι
1330 333 1405 400 έλά-

152 433 275 513 Συρίας.
298 427 327 468 ¹¹
339 425 389 488 καί
401 420 456 488 τὸν
464 421 527 487 Ἰού
542 422 609 485 υἱὸν
621 422 759 504 Ναμεσσί
794 419 869 503 λησα
886 415 961 504 πρὸς
979 421 1152 504 Ναβουθαί
1168 418 1223 482 τὸν
1243 415 1404 504 Ἰεζραηλί-

150 515 254 614 χρίσεις
278 513 318 583 είς
334 507 460 593 βασιλέα
477 507 528 568 ε’πί
549 499 678 590 Ἰσραήλ.
710 504 759 566 καί
793 526 856 587 την,
869 501 971 579 λέγων.
985 497 1037 576 δός
1048 526 1098 583 μοι
1110 499 1165 565 τὸν
1177 496 1336 584 ἀμπελώνά
1348 528 1405 567 σου

152 619 205 659 τον
217 589 351 657 Ἐλισαιί·
375 587 438 653 υίὸν
456 585 568 667 Σαφάτ
592 595 694 672 χρίσεις
719 590 758 660 είς
793 584 945 672 ἀργυρίου.
974 589 1000 648 εί
1012 585 1044 649 δὲ
1049 581 1162 687 βούλη,
1179 582 1269 648 δώσω
1282 612 1332 651 σοι
1346 583 1405 667 ἀμ-

152 671 309 760 ποσφητην
327 672 396 739 ἀντί
411 675 476 736 σοῦ.
501 672 528 712 ¹⁷
542 672 593 734 καί
609 675 693 735 ὲίτται
704 666 758 732 τὸν
793 669 914 733 πελώνα
932 665 1027 732 ἀλλον
1041 664 1103 732 ανέ
1119 671 1225 730 αυτοῦ.
1251 670 1302 732 καί
1315 667 1403 733 εἶπεν.

153 735 319 841 σωζόμενον
334 751 646 862 έκρομψαίαςᾌζαηλ
659 762 758 816 θανα-
795 750 832 817 ού
858 746 946 816 δώσω
971 775 1020 816 σοι
1043 751 1245 834 κληρονομίαν
1261 755 1405 833 πατέρων

151 839 237 906 τώσει
246 836 317 904 Ἰού.
337 864 387 902 και
399 835 452 900 τὸν
464 831 627 917 σωζόμενον
639 839 671 899 έκ
685 836 759 958 {oy—
792 860 861 937 μου.
888 835 965 934 7ιιριί
982 830 1063 936 εἶπεν
1077 830 1154 917 πρὸς
1167 829 1260 936 ράτὸν
1275 831 1403 919 Ἰεζάβελ

153 931 245 1006 φαίας
257 920 320 987 Ἰού
332 914 500 986 θανατώσει
515 918 655 983 Ἕλισαιέ.
674 923 686 958 ¹
708 919 758 980 καί
794 915 896 1000 ηγυνη
909 919 1013 979 αυτοῦ.
1031 941 1069 980 συ
1082 920 1134 979 νῦν
1145 939 1228 981 ουτω
1242 928 1334 992 ποιεῖς
1345 921 1403 1003 βα-

151 1006 338 1090 καταλείψεις
351 1007 382 1069 ἐκ
396 1001 519 1087 ’Ῑσραίηλ
532 999 610 1066 ἓπτά
626 994 758 1085 χιλιάδας
794 1001 878 1065 σιλέα
891 1000 941 1063 ε’πί
955 994 1077 1106 Ἰσραήλ
1081 1027 1094 1077 ,·
1117 994 1265 1081 ἀνάστηθι
1278 1001 1328 1064 καί
1341 997 1403 1080 φά-

151 1089 282 1174 ἀνδρών,
307 1083 409 1152 πάντα
425 1081 540 1162 γόνατα
553 1081 575 1148 ἀ
588 1082 644 1147 οῦκ
658 1080 755 1148 ώκλα·
793 1108 825 1160 γε
850 1081 945 1167 ἀρτον
962 1106 1014 1146 και
1031 1087 1143 1146 σαυτοῦ
1161 1087 1264 1159 γενοῦ,
1291 1081 1351 1160 ἐγώ
1369 1080 1403 1147 δὲ

151 1199 208 1239 σαν
218 1171 291 1249 γόνυ
302 1175 346 1234 τώ
360 1163 468 1244 Βάαλ,
491 1169 543 1233 καί
554 1172 616 1232 πᾶν
629 1159 758 1247 στόμαὸ
793 1161 881 1231 δώσω
905 1189 953 1230 σοι
978 1161 1032 1228 τὸν
1054 1162 1213 1246 ἀμπελῶνα
1233 1167 1404 1250 Ναβουθαὶ

150 1253 187 1322 ού
199 1282 223 1320 π
242 1236 411 1337 οςεκύύησεν
429 1250 521 1334 αύτῷ.
548 1251 576 1293 ¹⁹
590 1251 641 1314 καί
659 1246 755 1331 ἀπῆλ-
793 1253 849 1313 τοῦ
858 1245 1063 1350 Ἰεζραηλίτου.
1077 1249 1153 1312 Θκαί
1165 1250 1276 1332 έγραψε
1287 1248 1403 1334 βιβλίον

149 1349 204 1405 θεν
223 1281 332 1402 ἀνείθεν
349 1338 400 1401 καί
418 1333 539 1420 εὑρίσκει
557 1332 610 1398 τὸν
628 1327 757 1395 Ἑλιοαιὲ
794 1333 845 1396 ἐπί
857 1335 901 1414 τῷ
914 1355 1038 1412 ονοματι
1051 1327 1178 1416 Ἀχαάβ,
1193 1332 1245 1395 καί
1258 1334 1403 1416 ἐσφραγί-

149 1419 214 1486 υίάν
238 1419 366 1501 Σαφάτ,
392 1419 443 1480 καί
468 1414 560 1489 αὐτὸς
578 1413 705 1500 ἢροτρία
725 1417 757 1476 έν
794 1439 868 1479 οατο
881 1416 920 1496 τῆ
930 1411 1186 1499 ’σφραγίδιαῦτοῦ
1200 1415 1251 1478 καί
1264 1410 1403 1479 ἀπέστει-

148 1507 248 1590 βουοί.
275 1496 388 1564 δώδεκα
401 1494 484 1581 ζεύγη
505 1492 631 1561 ἐνώπιον
648 1495 757 1571 αύτοῦ,
794 1496 827 1561 λε
838 1493 875 1561 τὸ
887 1484 1000 1582 βιβλίον
1011 1494 1088 1582 πρὸς
1102 1497 1173 1571 τοῦς
1184 1500 1403 1583 πρεσβυτέρους

150 1585 202 1649 καί
213 1581 305 1657 αύτὸς
322 1585 352 1645 ίν
363 1591 427 1655 τοῖς
445 1577 567 1645 δώδεκα.
593 1580 644 1644 καί
659 1576 757 1661 ἀπηλ-
795 1583 846 1645 καί
862 1577 933 1653 τούς
951 1580 1124 1664 ἐλευθέρους
1142 1577 1213 1653 τούς
1226 1585 1403 1645 κατοικοῦν-

149 1679 205 1733 θεν
218 1662 262 1731 ἐπ’
279 1664 389 1740 αὐτὸν,
416 1666 467 1728 καί
478 1663 619 1748 ἐπέρριψε
631 1657 685 1768 τίην
700 1686 757 1744 μη-
794 1687 849 1738 τας
859 1660 933 1746 μιτά
946 1664 1122 1748 Ναβουθαί.
1142 1663 1157 1704 ⁹
1169 1664 1221 1726 καί
1233 1666 1402 1749 ἐγέγραπτο

149 1747 248 1833 λωτίγν
266 1746 361 1814 αὐτοῦ
381 1743 425 1811 ἐπ’
442 1740 544 1811 αὐτόν.
570 1747 602 1787 ²⁰
615 1770 666 1808 και
684 1767 756 1807 κατ-
794 1749 825 1810 ίν
843 1757 907 1821 τοῖς
923 1745 1063 1832 βιβλίοις,
1092 1746 1194 1822 λέγων.
1226 1742 1403 1828 νηστεύοατε

130 1827 380 1901 ,ελιπενἜλισυιί
389 1827 445 1904 τάς
452 1827 537 1914 βόας,
549 1828 600 1893 καί
610 1828 757 1912 κατέδρα-
794 1835 941 1911 νηστείαν,
950 1830 1001 1893 καί
1013 1833 1157 1894 καθίσατε
1166 1826 1220 1892 τὸν
1229 1831 1402 1914 Ναβουθαί

149 1939 200 1999 μεν
212 1913 310 1979 ὀπίσω
321 1910 448 1985 Ἠλιοῦ,
469 1911 521 1976 καί
533 1911 603 1976 είπε.
628 1935 755 1991 καταφι-
796 1909 915 2019 ἐνάρχῆ
928 1915 986 1978 τοῦ
998 1912 1085 1977 λαοῦ.
1116 1914 1145 1954 ¹⁰
1158 1912 1401 1988 καίέγκαθίσατε

151 1993 234 2081 λύσω
252 1995 306 2062 τὸν
323 1997 443 2080 πατέρα
460 2020 533 2078 μου,
558 1996 609 2059 καί
627 1993 756 2079 ἀκολου-
795 1991 850 2060 δύο
863 1985 972 2081 ον’δρας
988 1992 1071 2069 υίοίνς
1086 1989 1271 2079 παρανόμων
1287 1995 1403 2069 ἐξεναν-

150 2076 239 2164 θήσω
256 2077 354 2144 ὀπίσω
373 2102 438 2145 σου.
463 2079 516 2143 καί
533 2077 611 2143 είπεν
633 2071 755 2142 Ἠλιοῦ.
795 2084 861 2153 τίας
871 2077 977 2154 αὐτοῦ,
986 2081 1038 2143 καί
1047 2073 1403 2182 καταμαρτυρησάτωοαν

151 2159 326 2249 ἀνάστρεφε,
351 2157 397 2226 ὅτι
409 2158 560 2246 πεποίηκά
573 2187 631 2226 σοι.
665 2161 758 2225 21καί
795 2159 904 2237 αὐτοῦ,
930 2161 1072 2238 λέγοντες.
1104 2157 1240 2244 ευλόγησε
1257 2161 1332 2226 θεὸν
1349 2162 1404 2226 καί

151 2245 327 2331 ἀνέστρεψεν
353 2246 384 2321 ἐξ
409 2242 537 2311 ἀπισθεν
563 2242 667 2309 αὐτοῦ.
706 2247 757 2308 καί
794 2245 926 2392 βασιλέα.
940 2247 990 2308 καί
1002 2245 1226 2322 ἐξαγαγέτωσαν
1238 2240 1339 2320 αὐτὸν,
1351 2247 1403 2309 καί

151 2329 242 2416 ἔλαβε
262 2326 302 2393 τά
313 2323 397 2412 ζεύγη
409 2334 471 2393 τών
482 2332 576 2416 βοοῖν,
601 2329 654 2391 καί
665 2328 756 2391 ἔθυσε
815 2323 1082 2434 ιθοβολησάτωσαν
1106 2324 1215 2403 αάτόν,
1245 2330 1296 2392 καί
1320 2326 1402 2393 ἀπο-

150 2415 202 2476 καί
218 2408 329 2498 ἥψησεν
345 2409 423 2476 αῦτά
440 2415 471 2477 έν
487 2422 550 2488 τοῖς
568 2404 678 2478 σκεύεσι
695 2414 756 2475 τών
794 2422 924 2476 θανετω.
941 2414 966 2452 ¹¹
976 2416 1026 2476 καί
1040 2414 1184 2493 ἐποίησαν
1194 2414 1225 2475 οί
1238 2409 1337 2495 ἀνδρες
1349 2414 1403 2493 της

150 2498 245 2582 βσών,
266 2497 318 2560 καί
330 2496 418 2560 ἔδωκε
432 2499 477 2579 τώ
489 2495 555 2579 λαῷ
568 2499 620 2560 καί
632 2498 755 2576 ἔφαγον.
794 2491 910 2569 πόλεως
935 2491 1031 2559 αὐτοῦ
1048 2499 1078 2558 οί
1093 2491 1284 2579 πρεσβύτεροι
1302 2495 1353 2559 καί
1372 2499 1403 2559 σί

150 2581 200 2643 καί
218 2577 324 2663 ἀνέστη
342 2581 393 2643 καί
412 2575 563 2665 ἐπορεύθη
581 2575 677 2643 ὀπίσω
699 2575 757 2641 'H-
795 2573 955 2663 ἐλεύθεροι,
967 2581 997 2642 σί
1009 2579 1213 2651 κατοικοῦντες
1227 2581 1304 2672 ἐντῇ
1317 2572 1401 2643 πόλει

150 2659 227 2737 λκού,
245 2665 296 2728 καί
309 2656 479 2746 ἐλειτούργει
493 2660 586 2743 αύτῷ.
795 2659 905 2735 αῦτοῦ,
922 2658 1025 2735 καθώς
1038 2658 1190 2724 ἀπέστειλε
1201 2660 1278 2747 πρὸς
1291 2658 1401 2737 αὐτούς

283 2748 398 2806 ΚΕΦ.
419 2738 473 2805 Κ’.
510 2746 555 2823 (C.
570 2743 630 2821 αι.)
792 2742 929 2831 Ἰεζάβώ,
947 2748 998 2808 καί
1010 2742 1096 2808 καθά
1113 2746 1280 2829 ἐγέγραπτο
1294 2747 1325 2809 ἐν
1337 2756 1402 2819 τοῖς

149 2793 231 2890 Καί
257 2821 396 2907 ἀμπελών
418 2822 457 2897 είς
472 2815 510 2928 ἦν
525 2828 571 2906 τῷ
587 2826 756 2928 Ναβουθαί
793 2827 915 2913 βιβλίοις
939 2827 983 2901 οίς
1008 2823 1161 2890 ἀπέστειλε
1185 2824 1261 2912 πρὸς
1280 2823 1399 2902 αύτούς.

149 2912 194 2992 τῷ
209 2907 388 2999 Ἰεζραηλίτη
406 2931 493 2992 παρα
512 2910 550 2998 τῇ
564 2901 629 2989 ἀλῳ
642 2909 678 2970 A
694 2905 756 2993 αάβ
794 2912 878 2975 12καί
893 2905 1032 2975 ἐκάλεσαν
1042 2915 1183 2995 νηστείαν,
1196 2911 1248 2974 καί
1256 2904 1400 2975 ἐκάθισαν

169 2990 289 3064 ασιλέως
301 2994 481 3074 Σαμαρείας.
519 2991 596 3053 2καί
617 2933 756 3074 ἐλάλησεν
793 2993 1023 3079 τὸνΝαβουθαί
1033 2997 1064 3057 ἐν
1073 2991 1149 3078 ἀρχή
1158 2999 1215 3058 τοῦ
1224 2993 1400 3059 λαοῦίίκαί

149 3072 260 3174 Αχαάβ
277 3068 353 3156 πρὸς
367 3072 549 3156 Ναβουθαί,
574 3072 677 3150 λέγων.
703 3070 754 3150 δός
793 3076 928 3161 είςηλθον
944 3072 998 3142 δύο
1015 3075 1116 3161 ἀνδρες
1131 3065 1193 3141 ὐἱοί
1205 3072 1398 3165 παρανόμων,

147 3182 197 3240 μοι
211 3179 264 3218 τον
277 3149 438 3236 ἀμπελώνά
451 3179 521 3231 σου,
543 3155 594 3218 καί
607 3159 753 3261 έῦταιμοι
792 3163 843 3224 καί
867 3156 1012 3225 ἐκάθισαν
1038 3163 1197 3236 ἐξεναντίας
1215 3160 1324 3239 αὐτοῦ,
1348 3162 1399 3226 καί

148 3244 188 3313 είς
200 3241 296 3322 κῆπον
308 3232 452 3323 λαχάνων,
471 3234 518 3302 ὅτι
532 3239 653 3316 έγγίζων
664 3264 753 3316 ουτος
791 3240 1054 3332 κατεμαρτύρησαν
1066 3241 1172 3319 αὐτοῦ,
1184 3243 1325 3322 λέγοντες.
1348 3244 1399 3309 εά-

148 3327 192 3387 τώ
206 3323 279 3386 οίκω
288 3346 355 3405 μου,
367 3324 418 3387 καί
430 3317 520 3388 δώσω
533 3349 580 3389 σοι
594 3320 753 3408 ἀμπελῶνα
791 3323 919 3412 λόγηκας
931 3326 1004 3393 θεὸν
1016 3328 1068 3394 καί
1079 3328 1210 3412 βασιλέα.
1228 3332 1281 3396 καί
1292 3327 1400 3412 ἐξηγα-

148 3390 242 3472 ἀλλον
255 3388 376 3484 ἀγαθὸν
388 3402 464 3492 ῦπὲρ
477 3403 577 3471 αὐτόν.
600 3413 626 3473 εί
638 3407 669 3472 δὲ
682 3406 753 3494 ἀρέ-
789 3437 844 3488 γον
862 3409 954 3478 αὐτὸν
973 3415 1033 3489 ἔξω
1052 3416 1105 3496 τῆς
1118 3407 1249 3489 πόλεως,
1274 3415 1326 3479 καί
1338 3411 1398 3476 ε’λι-

147 3515 206 3556 σκει
220 3486 347 3556 ἐνώπιόν
359 3516 429 3566 σου,
450 3486 538 3555 δώσω
550 3516 597 3556 σοι
611 3487 752 3579 ἀργύριον
791 3493 966 3582 θοβόλησαν
978 3494 1072 3561 αὐτὸν
1083 3498 1114 3558 ἐν
1125 3495 1233 3571 λίθοις,
1256 3499 1307 3560 καί
1321 3495 1398 3559 ἀπέ-

146 3571 285 3658 ἀλλαγμα
298 3569 472 3656 ἀμπελώνός
485 3599 539 3639 σου
551 3569 676 3651 τούτου,
700 3575 753 3640 καί
789 3587 872 3644 θανε.
889 3579 980 3643 14καί
992 3577 1167 3644 ἀπέστειλαν
1177 3576 1253 3662 πρὸς
1264 3572 1395 3657 Ἰεζάβελ,

146 3657 230 3719 ἔσται
241 3683 291 3737 μοι
302 3661 341 3730 είς
353 3660 449 3738 κῆπον
461 3651 605 3740 λαχάνων.
623 3658 700 3723 3ιιυί
711 3657 752 3724 εί·
790 3661 928 3740 λέγοντες.
959 3658 1190 3749 λελιθοβὸληται
1215 3655 1394 3742 Ναβουθαίι

145 3761 200 3801 πεν
211 3741 378 3823 Ναβσυθαί
387 3735 465 3825 πρὸς
471 3735 593 3826 Ἀχαάβ.
606 3740 647 3825 μέγ
656 3745 752 3820 γένοι-
789 3748 841 3810 καί
852 3751 984 3828 τέθνηκε.
1009 3745 1036 3787 ¹⁵
1049 3746 1101 3807 καί
1112 3747 1233 3821 ἐγένετο,
1250 3738 1290 3812 ὡς
1303 3734 1395 3818 ἥκου-

146 3814 183 3882 τό
195 3844 246 3900 μοι
265 3819 351 3904 παρά
369 3825 445 3885 θεοῦ
455 3846 515 3904 μου
526 3822 630 3887 δοῦναι
642 3825 751 3909 κληρο-
789 3849 838 3890 σιν
851 3824 988 3909 Ἰεζάβελ,
1014 3827 1066 3889 καί
1082 3826 1160 3890 εἶπεν
1176 3822 1253 3910 πρὸς
1271 3815 1394 3906 Ἀχαάβ.

145 3906 250 3984 νομίαν
262 3905 402 3985 πατέρων
412 3929 471 3985 μου
481 3911 538 3969 σοί.
551 3904 628 3970 4καί
640 3909 750 3984 ἐγένετο
787 3902 906 3970 ἀνάστα
915 3901 1083 4009 κληρονόμει
1092 3905 1146 3971 τὸν
1156 3904 1317 3987 ἀμπελῶνα
1325 3907 1362 3966 Ν
1360 3930 1395 3966 α-

145 3981 182 4047 τὸ
194 3985 308 4065 πνεῦμα
320 3982 435 4092 Ἀχαάβ
446 3991 675 4071 τεταραγμένον,
699 3987 751 4049 καί
787 3989 901 4072 βουθαί
911 3992 967 4052 τοῦ
983 3989 1182 4070 Ῑεζραηλίτου,
1195 3982 1229 4061 ὃς
1241 3984 1294 4050 οῦκ
1304 3988 1397 4051 έδωκέ

145 4060 291 4147 ἐκοιμήθη
313 4069 364 4130 έπι
380 4073 434 4148 τῆς
450 4069 549 4152 κλίνης
565 4066 675 4142 αῦτοῦ,
700 4070 752 4133 καί
788 4093 836 4135 σοι
849 4067 1008 4156 ἀργυρίου,
1024 4066 1072 4134 ὅτι
1084 4067 1139 4134 οῦκ
1152 4072 1214 4133 ἔστι
1226 4073 1396 4157 Ναβουθαί

146 4142 330 4230 συνεκάλυψε
342 4147 378 4212 τὸ
390 4146 552 4236 πρόςωπον
565 4148 675 4224 αῦτοῦ,
700 4153 751 4216 καί
787 4154 858 4230 ζῶν,
884 4148 931 4217 δ’τι
947 4155 1081 4236 τέθνηκε.
1118 4153 1211 4217 16καί
1228 4156 1341 4232 ἐγένετο
1355 4151 1396 4229 ὡς

146 4228 202 4296 οῦκ
215 4233 322 4311 ἔφαγεν
334 4227 435 4316 ἀρτον.
462 4233 541 4297 εκαί
552 4232 682 4314 είςηλθεν
695 4231 751 4299 Ἰε-
787 4234 911 4320 ἤκουσεν
929 4233 1044 4385 Ἀχαάηί
1060 4232 1108 4303 ὅτι
1126 4240 1248 4321 τέθνηκε
1266 4242 1395 4324 Ναβου-

144 4310 229 4399 ζάβελ
250 4309 354 4398 ἧγυνίγ
367 4311 464 4378 αὐτοῦ
477 4313 554 4401 πρὸς
566 4312 675 4393 αὐτὸν,
699 4320 750 4384 καί
788 4321 845 4386 θαί
862 4317 880 4383 ὁ
903 4320 1017 4407 Ἰεζραη
1037 4325 1115 4405 ίτης,
1142 4323 1193 4384 καί
1210 4324 1337 4409 διέρῥηξε
1354 4319 1396 4386 τά

144 4394 265 4481 ἓλάλησε
276 4394 353 4483 πρὸς
366 4393 466 4463 αάτόν.
479 4403 512 4464 τί
522 4394 557 4464 τὸ
567 4396 682 4486 πνεῦμά
692 4427 749 4467 σου
788 4397 891 4488 ἱμάτια
908 4401 1019 4481 αὐτοῦ,
1044 4406 1096 4469 καί
1112 4403 1300 4491 περιεβάλετο
1320 4401 1395 4472 σάκ-

144 4485 372 4572 τεταραγμένον,
396 4484 448 4549 καί
468 4480 524 4550 οάκ
541 4482 570 4552 εί
584 4484 619 4552 σὺ
638 4489 750 4554 ἐσθίων
786 4511 848 4556 κον.
862 4491 913 4558 καί
925 4490 1038 4569 ἐγένετο
1050 4485 1125 4575 μετά
1138 4493 1248 4570 ταῦτα,
1262 4493 1314 4559 καί
1326 4488 1395 4556 ἀνέ-

1338 4596 1395 4653 στι
