2924 4972
107 204 165 270 142
424 199 704 265 ΛΡΙΘΜΟῙ
741 190 867 277 Κεφ.ζῖ
883 195 918 278 η’.
931 196 1004 262 ἰ’.8.
1227 291 1344 299 *m

100 322 163 394 γάν
176 321 227 379 ένα
238 317 305 399 περί
318 311 474 397 ἁμαρτίας.
494 315 524 354 ⁵⁰
534 313 586 376 καί
598 315 636 384 είς
648 321 709 375 θυ-
741 315 809 384 σίας
825 312 920 374 πέντε.
947 314 1037 376 τοῦτο
1054 310 1091 374 τό
1112 310 1210 394 δῶρον
1229 307 1348 394 (δαγεήλ

101 405 169 464 σίαν
191 402 339 482 σωτηρίου
356 390 496 479 δαμάλεις
512 391 586 469 δίο,
610 391 709 478 κριοὺς
741 394 810 456 υἱοῦ
817 386 933 478 Ἐχράν.
952 392 1027 472 777τῆ
1038 387 1132 478 ήμέρα
1144 396 1185 484 τῇ
1196 389 1347 483 δωδεκάτη

100 484 202 555 πέντε,
218 477 345 564 τράγους
356 480 453 552 πέντε,
471 472 603 558 ἀμνάδας
615 478 710 539 ένιαυ·
798 498 842 539 ων
854 478 915 540 τοῖν
927 460 1163 554 υίιάνΝεςθαλί,
1174 473 1270 560 Ἀχιρέ
1282 476 1347 553 υίὸς

103 570 169 639 σίας
181 565 276 627 πέντε.
291 566 382 626 τοῦτο
395 559 430 624 τό
443 560 541 664 δῶρον
553 563 587 621 Γ
583 554 691 660 αμαλεή
741 500 849 622 mciv.
874 557 904 600 ⁷⁹
916 540 953 622 τό
964 557 1062 643 δῶρον
1074 555 1170 624 αὐτοῦ
1171 604 1183 633 ,
1208 558 1346 644 τρυβλίον

103 651 170 711 υἱοῦ
183 639 372 727 Φαδασσοάρ.
391 644 471 734 770τῇ
484 645 578 726 ημέρρ
590 645 629 733 κη’
641 643 708 704 ἕνα·
742 637 763 703 ἀ
781 643 891 725 γυροῦν
915 644 960 715 έν,
984 635 1143 726 τριάκοντα
1167 640 1218 705 καί
1238 641 1348 706 ἑκατόν

102 727 251 876 1τίήὸάρχων
265 730 326 791 τιόν
339 726 573 807 υίοῖνΒενιαμὶν,
590 721 711 809 Ἀβιδάν
742 718 760 788 ὃ
798 721 815 805 ή
840 720 944 825 μάτοῦ.
979 718 1088 806 φιάλην
1109 729 1183 824 μίμν
1205 719 1347 810 ἀργυρᾶν,

154 810 319 885 ςΓαδεωνί.
332 806 401 871 77τό
414 808 512 891 δωρον
522 803 626 882 αὐτοῦ,
639 829 711 891 τρυ-
741 806 944 891 έβδσμηκσντα
959 804 1066 869 σίκλων
1078 802 1160 869 κατα
1175 804 1232 870 τὸν
1249 807 1348 872 σίκλον

102 895 185 979 βλίον
199 890 346 997 ἀργυροῦν
357 897 399 966 έν,
412 886 710 975 τριάκοντακαίέιια-
741 883 796 952 τόν
811 882 904 990 ἀχιον.
935 881 1090 974 ἀμφότερα
1114 882 1213 973 πλήρη
1232 885 1346 971 σεμιδά-

103 975 158 1040 τόν
166 971 239 1058 όλκη
250 976 355 1038 αυτοῦ.
369 969 556 1056 φιάληνμίαν
565 969 709 1057 ἀργυρᾶν,
740 970 812 1044 λεως
823 973 1072 1056 αναπεπσιημένης
1089 973 1121 1036 έν
1134 969 1224 1055 ἐλαίῳ
1237 977 1276 1048 είς
1288 982 1347 1037 θυ·

102 1053 304 1144 ἑβδομήκοντα
321 1056 429 1122 σίκλων
444 1052 523 1121 κατά
542 1051 594 1118 τόν
611 1054 710 1119 σίκλον
741 1058 819 1119 σίαν.
856 1052 1029 1137 770θυΐσκην
1043 1059 1113 1138 μίαν
1131 1053 1202 1119 δόια
1221 1059 1348 1141 χρυσοῖν,

102 1139 271 1217 τόνάγων.
301 1133 455 1222 ἀμφότερα
474 1133 575 1223 πλήρη
592 1132 710 1219 σεμιδά-
740 1132 838 1220 πλήρη
853 1132 1051 1220 θυμιάματος.
1077 1139 1105 1180 ⁸¹
1118 1132 1226 1223 μόσχον
1244 1143 1297 1212 έναι
1315 1143 1348 1204 ἐκ

102 1225 175 1298 λεως
191 1222 441 1304 ἀναπεποιημένης
453 1223 485 1285 ἐν
496 1220 588 1303 ἐλαίῳ
600 1225 639 1295 είς
651 1230 709 1285 θυ-
740 1222 836 1304 βοῶν,
855 1217 939 1305 κριόν
951 1224 1016 1297 ένα,
1035 1218 1127 1305 ἀμνόν
1139 1225 1192 1286 ἕνα
1203 1214 1349 1287 ένιαόσιον

102 1314 176 1373 σιάν.
214 1307 245 1349 ⁶²
256 1307 385 1386 θυΐσκην
401 1309 471 1386 μίαν
487 1303 560 1368 δέκα
584 1306 709 1388 χρυσοῖν,
742 1305 782 1376 είς
793 1297 1001 1385 όλσκαάτωμα.
1020 1304 1112 1368 777καί
1122 1309 1246 1390 χίμαρον
1259 1306 1349 1381 έξαίι

102 1386 200 1473 πλήρη
216 1383 411 1469 θυμιάματος.
441 1380 594 1470 67μόσχον
609 1390 662 1449 θνα
678 1386 710 1449 έν
741 1387 867 1462 γῶνένα
878 1383 1113 1472 περίάμαρτίας.
1136 1388 1279 1462 83καίείς
1289 1396 1349 1469 θυ-

102 1476 200 1558 βοῶν,
218 1469 302 1554 κριόν
314 1474 380 1544 ἕνα,
397 1466 489 1549 ἀμνὸν
500 1473 552 1534 ἕνα
564 1463 711 1535 ίνιαάσων
743 1472 810 1543 σίαν
834 1473 982 1569 σωτηρίου
999 1465 1137 1553 δαμάλεις
1153 1467 1226 1546 δίο,
1249 1465 1353 1555 κριοὺς

103 1559 142 1628 είς
155 1546 361 1633 ὁλωκαάτωμα.
379 1549 412 1593 ⁶⁴
422 1552 474 1615 καί
482 1555 607 1636 χίμαρον
618 1552 650 1629 ἐξ
661 1554 710 1614 αλ-
741 1551 837 1627 πέντε,
849 1572 979 1634 τραγους
990 1553 1087 1628 πέντε,
1104 1547 1240 1632 ἀμνάδας
1250 1556 1347 1617 ἐνιαυ-

103 1641 164 1715 γῶν
176 1641 229 1702 ένα
239 1636 307 1720 περί
318 1632 474 1717 ἀμαρτίας.
497 1634 527 1676 ⁶⁵
536 1635 588 1700 καί
599 1637 708 1708 είςθυ-
742 1636 810 1707 σίας
830 1634 925 1697 πέντε.
964 1636 1055 1697 τοῦτο
1078 1630 1114 1698 τό
1135 1634 1234 1717 δῶρον
1252 1632 1350 1719 Ἀχιρὲ

104 1724 172 1785 σίαν
196 1723 342 1821 σωτηρίου
363 1712 501 1798 δαμάλεις
517 1715 587 1793 δίο,
611 1711 712 1801 κριοὺς
743 1717 809 1778 υίοῖι
824 1709 934 1780 Αίνάν.
972 1712 1005 1757 ⁸⁴
1018 1707 1107 1793 οὗτος
1131 1711 1351 1800 όέγιιαινισμός

103 1806 197 1877 πέντε,
210 1825 339 1886 τραγους
351 1803 453 1874 πέντε,
470 1797 603 1880 ἀμνάδας
614 1801 711 1862 ένιαυ-
743 1800 798 1865 τοῦ
809 1801 1025 1882 θυσιαστηρίου
1037 1790 1057 1892 ᾗ
1070 1795 1164 1885 ήμέρη
1174 1802 1283 1884 ἔχρισεν
1293 1800 1350 1866 αιί-

104 1892 168 1960 σίας
192 1886 287 1949 πέντε.
315 1887 409 1948 τοῦτο
426 1880 462 1947 τό
481 1883 578 1969 δῶρον
593 1879 712 1968 Ἀβιδάν
743 1876 779 1945 τό
790 1875 876 1965 παρὰ
887 1886 948 1945 των
960 1877 1112 1986 ἀρχόντων
1129 1885 1189 1946 τῶν
1200 1886 1274 1946 υίιόν
1287 1882 1351 1951 Ἰσ-

103 1971 172 2033 υίοῦ
182 1968 326 2032 Γαδεωνί.
348 1966 380 2009 ⁶⁶
389 1969 428 2058 τῇ
439 1961 534 2050 ἢμέρηι
547 1970 585 2058 τῇ
603 1959 711 2058 δεκάτη
742 1958 830 2068 ραήλ,
841 1963 967 2111 τριχθλία
979 1969 1096 2049 αργυρά
1108 1960 1233 2043 δυόδεκα,
1244 1963 1350 2048 φιάλαι

104 2051 203 2134 ἅρχων
224 2055 284 2114 τῶν
307 2051 380 2113 υίῶν
403 2048 483 2125 Δάν,
503 2048 628 2136 Ἀχιέζερ
646 2046 711 2125 υίός
742 2057 873 2132 αργυραϊ
901 2042 1010 2123 ω’δεκα,
1035 2047 1351 2135 θυΐσκαιχρυσαίδσίγ

105 2131 264 2214 Ἀμισαδαί.
290 2133 321 2175 ⁰⁷
332 2129 370 2196 τό
388 2133 486 2218 δωρον
503 2131 615 2210 αὐτοῦ,
640 2156 712 2217 τρυ-
742 2130 819 2195 δεκα.
845 2128 875 2171 ⁸⁵
888 2128 1048 2216 τριάκοντα
1060 2134 1112 2196 καί
1124 2132 1230 2199 ἑκατὸν
1242 2133 1350 2200 σίκλων

104 2219 187 2303 βλίον
199 2214 347 2319 ἀργυροῦν
358 2221 399 2291 έν,
412 2210 572 2299 τριάκοντα
581 2216 713 2281 καίέκα-
743 2212 780 2278 τό
799 2212 938 2299 τρυβλίον
954 2211 992 2279 τό
1008 2221 1055 2290 ἓν,
1080 2218 1132 2282 καί
1150 2211 1349 2302 ἑβδομήκοντα

105 2298 158 2362 τὸν
170 2294 243 2381 όλκη
257 2292 360 2361 αυτοῦ.
373 2293 481 2381 φιάλην
489 2306 560 2381 μίαν
570 2297 712 2386 ἀργυρᾶν,
743 2294 852 2361 σίκλων
869 2290 888 2378 ἦ
900 2291 993 2380 φιάλη
1011 2293 1029 2380 ή
1041 2304 1106 2380 μία.
1131 2298 1241 2364 πάντά
1254 2297 1348 2386 ἀργό-

105 2376 305 2467 ἑβδομήκσντα
324 2379 430 2463 σίκλων
448 2378 527 2446 κατά
538 2381 593 2448 τόν
611 2382 712 2448 σίκλον
743 2381 877 2465 ρισντάν
890 2385 1016 2456 σκευῶν,
1037 2383 1165 2467 διςχιλιοι
1181 2384 1233 2447 καί
1245 2407 1349 2470 verpa«

106 2465 158 2529 τὸν
167 2460 260 2542 ἀγιον.
273 2457 427 2547 ἀμφότερα
434 2461 533 2551 πλήρη
542 2461 712 2549 σεμιδάλεως
742 2457 839 2530 κόσισι
852 2462 957 2529 οίιιλοι.
981 2463 1085 2540 σίκλοι,
1098 2468 1130 2529 ἐν
1141 2469 1187 2531 τω
1200 2465 1292 2550 σίκλῳ
1306 2473 1349 2550 τῷ

105 2547 354 2630 ἀναπεπσιημένης
375 2549 407 2611 ἐν
426 2547 516 2632 έλαίιρ
535 2554 575 2625 είς
589 2553 710 2615 θυσίαν.
743 2543 829 2631 ἀγίῳ.
845 2546 1009 2612 777θυίσκαι
1019 2559 1128 2633 χρυσαῖ
1136 2530 1260 2624 δυόδεκα,
1272 2549 1350 2636 πλή-

105 2634 137 2676 ⁶⁸
150 2633 277 2713 θυΐσκην
288 2634 358 2711 μίαν
370 2631 441 2693 δέκα
452 2637 586 2714 χρυσοῖν,
611 2629 710 2717 πλήρη
742 2656 799 2716 ρεις
811 2625 1005 2714 θυμιάματος.
1030 2635 1093 2696 πάν
1105 2631 1140 2696 τό
1158 2639 1279 2740 χρυσίον
1291 2641 1351 2698 τῶν

104 2709 299 2795 θυμιάματος.
336 2714 368 2755 ⁶⁹
380 2708 490 2796 μόσχον
506 2718 558 2778 ένα
573 2717 606 2779 ἐκ
620 2719 711 2801 βοῶν,
742 2717 892 2789 θυϊσκῶν,
920 2715 1009 2780 εἴκοσι
1033 2717 1085 2780 καί
1109 2717 1217 2782 ἕκατον
1238 2727 1349 2802 χρυσοῖ.

104 2795 189 2880 κριὸν
201 2800 262 2870 ένα,
275 2791 366 2875 ἀμνόν
378 2798 429 2859 ἕνα
437 2792 711 2873 ένιαίισωνείςόλο-
742 2797 773 2840 ⁸⁷
784 2799 881 2860 πᾶσαι
898 2800 932 2860 σί
948 2792 1015 2882 βόες
1032 2801 1066 2862 αί
1083 2803 1122 2875 είς
1135 2795 1350 2877 ὁλοκαύτωσιν,

104 2876 255 2961 καάτωμα.
277 2879 307 2923 ⁷⁰
317 2879 368 2942 καί
380 2883 501 2964 χίμαρον
511 2882 542 2957 ἕξ
553 2885 647 2959 αίγῶν
659 2887 711 2947 ένα
742 2876 848 2964 μόσχοι
861 2875 991 2956 δώδεκα,
1016 2882 1094 2967 κριοί
1111 2878 1223 2949 δυόδεκα
1227 2930 1241 2960 ,
1264 2881 1351 2966 ἀμνοὶ

103 2964 171 3049 περὶ
183 2958 337 3047 ἁμαρτίας.
365 2963 390 3004 ²¹
402 2963 454 3027 καί
466 2967 505 3039 είς
522 2970 632 3030 θυσίαν
650 2992 711 3032 σω·
743 2959 883 3029 ένιαάαωι
902 2958 1030 3039 δώδεκα,
1055 2966 1107 3030 καὶ
1124 2968 1158 3031 αί
1173 2971 1278 3033 θυσίαι
1294 2966 1351 3033 αιἰ-

52 3095 55 3099 .
104 3051 207 3127 τηρίου
231 3041 368 3127 δαμάλεις
392 3039 462 3122 δάο,
490 3047 590 3132 κριοὺς
613 3051 711 3125 πέντε,
743 3052 817 3123 τῶν,
828 3047 879 3110 καί
890 3050 923 3111 αἱ
935 3047 1063 3113 σπονδαί
1075 3046 1186 3113 αὐτοῖν..
1200 3053 1252 3117 καί
1263 3057 1350 3136 χίαα-

105 3122 234 3210 τράγους
242 3129 336 3199 πέντε,
344 3123 475 3208 ἀμνάδας
484 3132 631 3206 ἐνιαυσίας
640 3138 710 3197 πέν-
742 3153 792 3257 ραι
818 3131 849 3204 ἐξ
867 3134 959 3206 αίγῶν
976 3125 1090 3196 δυόδεκα
1106 3132 1175 3216 περί
1192 3129 1349 3219 ἀμαρτίας.

104 3232 145 3271 τε.
159 3212 252 3272 τοῦτο
264 3207 300 3272 τό
309 3208 406 3292 δωρον
416 3208 541 3298 Ἀχιέζερ
551 3216 617 3278 υίοῦ
628 3213 711 3295 Ἀμι-
759 3214 775 3255 ⁸
787 3216 884 3277 πάσαι
897 3215 932 3277 αί
941 3208 1007 3292 βόες
1019 3218 1057 3290 είς
1068 3220 1178 3279 θυσίαν
1189 3224 1352 3299 σωτηρίου,

106 3291 204 3355 σαδαί
242 3292 272 3335 77
283 3289 434 3396 τῆηήμέριρ
452 3299 490 3388 τή
505 3293 641 3389 ἑνδεκάτη
655 3298 712 3402 ἀρ-
742 3289 878 3379 δαμάλεις
891 3300 1129 3382 εἰκοσιτέσσαρες,
1141 3298 1218 3401 κριοί
1230 3297 1347 3384 ἐξήκοι·

103 3398 165 3478 χων
190 3378 251 3439 τῶν
276 3378 349 3439 υίων
368 3374 472 3461 Ἀσηρ,
503 3379 623 3464 Φαγεήλ
647 3387 711 3457 υίος
743 3407 798 3454 τα,
820 3375 926 3484 τράγοι
939 3375 1347 3468 ἑξήκονταένιαυσιοι,ἀμνά·

110 3451 220 3557 βχράν.
246 3459 275 3501 77
288 3453 325 3523 τό
337 3459 436 3559 δάραν
447 3458 555 3539 αὐτοῦ,
573 3464 712 3550 τρυβλίον
742 3465 787 3539 δες
801 3464 941 3545 έξηκοντα
958 3462 1095 3531 ἐνιαύσιοι
1112 3462 1239 3548 ἀμωμοι.
1271 3462 1350 3548 αίίτη

105 3545 255 3626 αργυροῦν
279 3547 327 3616 ἓν,
352 3565 512 3625 τριακοντα
537 3548 589 3608 καί
606 3546 712 3612 ἑκατὸν
743 3544 1015 3633 ήέγκαίυωσιςτσῦ
1027 3554 1254 3632 θυσιαστηρίου,
1275 3549 1348 3631 μετὰ

107 3617 180 3704 ὁλκή
205 3620 310 3685 αὐτοῦ.
342 3618 450 3705 φιάλην
474 3631 544 3706 μίαν
570 3624 713 3714 ἀργυρᾶν,
742 3629 780 3697 τὸ
797 3629 956 3715 πληρῶσαι
972 3629 1026 3704 τάς
1048 3638 1146 3715 χεῖρας
1163 3628 1260 3694 αὐτοῦ
1261 3679 1273 3706 ,
1295 3635 1349 3699 καί

107 3703 308 3804 ἑβδομήκοντα
321 3704 434 3806 ,σίκλων
450 3705 528 3771 κατά
546 3707 600 3774 τόν
612 3714 711 3778 σίκλου
742 3710 814 3797 μετά
832 3712 868 3778 τό
884 3719 983 3799 χρίσαι
1002 3709 1111 3788 αάτὸν,
1137 3713 1169 3756 79
1182 3714 1214 3777 έν
1231 3719 1278 3797 τῷ
1293 3717 1347 3790 εἴς-

107 3807 162 3847 1⁰⁷
180 3806 273 3885 αἶνον·
312 3811 465 3871 “worked
482 3785 579 3878 πλήρη
596 3793 712 3878 σεμιδά·
742 3794 924 3879 πορεύεσθαι
942 3800 1081 3863 Μωυσ”ν
1105 3801 1144 3872 είς
1169 3795 1223 3878 τὴν
1240 3800 1348 3883 σκηνήν

107 3864 179 3939 λέων
192 3872 441 3953 Μπδῐῠεημὲῒης
456 3873 639 3959 ίνὲλαίῳεῖς
653 3889 710 3943 θυ-
742 3884 799 3943 τοῦ
820 3885 984 3965 μαρτυρίου
1013 3879 1052 3945 λα
1075 3884 1141 3947 ’σαι
1167 3880 1260 3946 αὐτῶ.
1297 3885 1349 3948 καί

107 3952 181 4050 clay·
219 3947 389 4053 77θυβσνην
410 3961 481 4036 μίαν
497 3956 569 4022 δέκα
585 3964 711 4043 χρυσῶν,
742 3960 846 4045 ἤκουσε
869 3959 921 4046 τήν
945 3960 1047 4048 φωνήν
1064 3970 1167 4050 κυρίου
1188 3949 1349 4042 λαλοῦντος

106 4030 206 4132 πληρη
219 4040 414 4132 θυμιάματος.
453 4038 481 4081 77
493 4036 602 4123 μόσχον
615 4047 666 4105 ἕνα
679 4046 711 4108 ίκ
741 4042 818 4128 πρὸς
835 4042 930 4110 αὐτόν
948 4045 1066 4112 ἀνωθεν
1090 4053 1148 4114 τοῦ
1164 4048 1348 4135 ίλαστηρίου,

103 4117 198 4218 βοωμ,
215 4136 296 4216 κριμν
308 4120 375 4192 ἕνα,
400 4115 647 4199 ἀμνόνένιαόσων
659 4130 710 4191 ἕνα
742 4121 762 4192 ό
779 4131 859 4193 ἐστιν
878 4130 929 4193 ἐπί
946 4134 998 4213 τῆς
1014 4135 1147 4217 κιβωτοῦ
1164 4137 1221 4198 τοῦ
1236 4157 1349 4219 μαρτυ-

105 4201 150 4297 εἷς*
156 4198 362 4305 νλοννυῐερμμ.
380 4201 410 4244 ²⁰
419 4202 472 4265 ναί
481 4208 606 4289 χίμαρον
618 4209 648 4284 ἐξ
662 4210 710 4273 ai-
741 4215 818 4292 ρίου,
830 4209 974 4293 ἀναμέσσν
986 4218 1046 4277 τῶν
1057 4208 1111 4279 δόυ
1126 4218 1290 4303 Χερουβὶμ,
1297 4217 1349 4281 καί

103 4306 166 4359 7⁰1!
178 4287 231 4347 ἕνα
242 4305 309 4367 περί
321 4287 476 4367 αμαρῐίας.
497 4287 525 4328 77
537 4289 587 4351 καί
600 4293 638 4364 εἷς
650 4301 709 4355 θεν·
741 4290 836 4359 ἐλάλει
848 4293 925 4381 πρὸς
942 4293 1046 4362 αὐτόν,

105 4369 173 4431 σίαν
197 4370 347 4450 σωτηρίου
364 4361 500 4447 δαμάλεις
517 4365 587 4445 δύο,
612 4374 710 4459 κρωὺς
930 4385 964 4443 Κ
975 4385 1005 4444 E
1019 4385 1058 4444 ‹1›.
1100 4375 1158 4445 H‘.

102 4452 200 4528 πέντε,
212 4444 339 4531 τράγους
351 4452 451 4528 πέντε,
469 4447 602 4536 ἀμνάδας
613 4458 708 4523 ένιαυ-
742 4424 823 4525 Καὶ
844 4457 969 4546 ἐλάλησε
987 4455 1087 4548 κόριος
1102 4462 1180 4550 πρὸς
1198 4468 1349 4613 Μοίρσήν,

1274 4573 1345 4623 γων.
