2924 4972
114 247 178 318 892
289 315 293 323 ‚
468 229 769 296 ιαΡσΜιΑΣ
814 224 974 307 mm

105 347 292 443 {famil-utor
312 357 364 418 καί
391 351 526 438 ὀρφανόν
548 356 600 418 καὶ
618 349 717 459 ηόραν
748 355 798 438 ἐμὲ
810 352 900 420 αὐτοὶ
912 355 1135 457 παροργίζουσι,
1148 350 1225 428 λέγει
1239 351 1364 437 κύριος,ο

106 473 127 530 μ
159 432 598 521 καταδυναστεύσητε,καίαίμα
610 441 718 500 αθώον
748 437 815 523 οὐχί
836 437 974 513 ἑαυτούς,
987 437 1070 511 ὁπως
1086 440 1295 530 καταισχυνθῇ
1321 435 1364 501 τά

107 556 147 612 μη
170 529 283 609 ἐκχέητε
300 523 331 584 ἐν
347 525 392 603 τῷ
414 517 502 604 τόπῳ
528 515 640 604 τούτῳ,
665 522 717 600 καὶ
747 519 895 630 πρόςωπα
909 520 1027 598 αύτιόνς
1053 521 1085 563 ²⁰
1103 519 1153 585 διὰ
1166 523 1261 584 τοῦτο
1287 516 1363 586 τάδε

108 611 208 676 ὀπίσω
220 609 299 670 θεῶν
311 600 480 689 άλλοτρίων
492 601 533 687 μη
545 599 717 690 πορεύησθε
748 607 823 684 λεγει
847 601 956 692 κύριος.
989 601 1054 668 ἰδού
1081 599 1157 689 ὀργὴ
1183 606 1235 669 καί
1259 601 1362 687 θυμός

108 699 148 768 εἰς
161 688 254 755 κακὸν
270 685 352 770 ύμῖν,
379 689 393 730 ⁷
409 691 460 752 καί
477 690 622 751 κατοικιεῖ
642 689 716 769 ύμάς
747 716 806 774 μου
817 700 910 774 χεῖται
920 690 970 753 ἐπὶ
980 685 1035 752 τὸν
1048 682 1146 751 τόπον
1158 690 1282 762 τοῦτον,
1307 689 1364 753 καί

108 781 140 840 ἐν
152 779 196 858 τῷ
208 768 294 855 τόπῳ
304 767 405 853 τούτῳ
415 773 447 835 ἐν
458 775 498 864 γῇ
508 765 529 860 ᾗ
541 771 640 835 ἔδωκα
651 781 716 846 τοῖς
747 775 799 840 ἐπὶ
809 773 880 849 τοὺς
891 768 1091 856 ἀνθρώπους,
1104 773 1156 834 καί
1168 770 1220 834 ἐπὶ
1229 767 1272 833 τά
1285 767 1363 876 κτη’-

107 855 257 943 πατράσιν
269 856 350 935 ύμῶν
362 855 393 931 ἐξ
410 857 517 928 αἰῶνος
530 856 581 918 καί
595 858 649 929 ἕως
666 857 716 918 αλ-
747 882 793 942 νη,
817 857 870 921 καί
881 857 932 921 ἐπί
943 859 1005 920 πᾶν
1017 850 1106 932 ξύλον
1117 855 1172 918 τοῦ
1184 850 1285 938 ἀγροῦ
1300 880 1361 920 αυ-

107 947 195 1015 ιῦνος.
222 941 275 1002 ἐἰ
287 935 320 1002 δὲ
334 934 412 1019 ύμεῖς
422 942 590 1002 πεποίθατε
603 939 654 1002 ἐπί
665 933 715 1000 λό-
747 946 820 1016 τοῑν,
842 937 896 1006 καὶ
912 941 963 1004 ἐπί
982 935 1022 1004 τά
1038 932 1203 1041 γεννηματα
1221 940 1277 1019 τῆς
1294 943 1362 1023 γῆς,

107 1050 173 1105 γοις
190 1022 340 1106 ψευδέσιν,
365 1017 437 1085 ὁθεν
455 1018 511 1085 ούκ
525 1016 714 1104 ὥῳεληθήσε-
748 1027 798 1090 καί
816 1019 998 1105 καυθήσεται
1015 1024 1068 1087 καί
1088 1046 1125 1085 ου
1146 1046 1165 1086 σ
1185 1015 1363 1104 εσθησεται,

108 1120 180 1183 σθε,
203 1107 286 1169 2καί
310 1101 456 1186 φονεύετε,
482 1104 534 1169 καί
557 1108 715 1208 μοιηᾶσθε,
748 1111 775 1150 22
788 1104 858 1172 τάδε
870 1105 945 1184 λέγει
958 1102 1067 1211 κύριος.
1089 1099 1156 1169 τὰὸ
1196 1102 1363 1189 καυτιόμα-

107 1195 160 1258 καὶ
177 1188 327 1264 κλέπτετε,
344 1190 395 1253 καί
412 1182 528 1270 ὀμνύετε
545 1186 589 1253 ἐπ’
612 1189 715 1270 αδίκῳ,
749 1217 787 1257 τα
801 1190 881 1274 ύμοῦν
894 1213 1073 1267 συναγαγετε
1083 1186 1157 1270 μετὰ
1169 1189 1231 1250 τῶν
1242 1194 1364 1256 θυσιῶν

108 1275 161 1341 καί
172 1277 298 1355 θυμιᾶτε
309 1276 348 1380 τη
360 1268 459 1337 Βάαλ
470 1273 522 1337 καί
535 1267 718 1354 ἐπορεύεσθε
749 1271 768 1340 ύ
789 1278 841 1350 ὧν,
863 1276 915 1339 καί
929 1271 1045 1379 ’ῳάγετε
1066 1273 1149 1358 κρέα.
1186 1271 1218 1311 22
1232 1265 1282 1336 ότι
1305 1270 1363 1338 οῦκ

109 1357 209 1424 ὀπίσω
221 1360 305 1421 θεῶν
317 1356 496 1439 αλλοτρίιον,
508 1347 551 1426 ὧν
562 1353 619 1420 οὐκ
632 1355 718 1420 οἴδα·
749 1303 881 1442 ἐλάλησα
892 1382 970 1441 προς
979 1354 1051 1432 τούς
1061 1355 1194 1439 πατέρας
1207 1350 1364 1438 ὖμοῖν,καί

108 1467 150 1519 τε,
178 1443 207 1484 ¹⁰
219 1445 275 1504 τοῦ
293 1443 392 1514 κακῶς
409 1438 483 1504 εἶναι
500 1435 578 1522 ύμῖν,
594 1439 647 1503 καί
662 1437 718 1521 ἤλ·
750 1441 806 1508 ούκ
828 1437 1010 1544 ἐνετειλάμην
1030 1437 1133 1512 αὐτοῖς
1155 1439 1185 1501 έν
1207 1433 1319 1544 ἡμέρῳ,
1341 1432 1362 1534 ᾗ

107 1537 177 1590 θετε
195 1525 248 1587 καί
265 1525 368 1605 έστητε
386 1518 515 1587 ἐνιύπιοιι
533 1526 605 1602 ἐμοῦ
622 1524 655 1586 ἐν
671 1526 717 1604 τῷ
750 1522 900 1610 ἀνήγαγον
927 1522 1039 1599 αυτούς
1065 1525 1098 1586 ἐκ
1118 1524 1173 1605 γῆς
1192 1526 1361 1600 Αἰγύπτου

109 1609 186 1690 οἴνῳ
210 1597 248 1670 ού
271 1604 458 1688 ἐπικέκληται
481 1603 518 1668 τὸ
539 1601 636 1687 όνομά
658 1631 716 1687 μου
749 1612 818 1694 περὶ
851 1606 1116 1690 ὁλοκαυτωμάτων
1159 1606 1213 1670 καί
1235 1613 1360 1683 θυσίας.

108 1688 153 1757 ἐπ’
171 1685 264 1772 αύτῳ,
278 1685 718 1773 καὶεῖπατε,άπεσχη’μεθατοῦ
750 1695 780 1736 ²³
793 1689 856 1758 ἀλλ’
877 1691 892 1716 ’”
912 1688 949 1756 τὸ
961 1693 1042 1774 ῥῆμα
1058 1693 1153 1753 τοῦτο
1173 1689 1361 1775 ἐνετειλάμην

107 1773 150 1861 μη
162 1783 259 1839 ποιεῖν
271 1769 372 1838 πάντα
384 1771 424 1838 τὰ
440 1768 628 1860 βδελύγματα
639 1777 716 1836 ταῦ·
752 1718 984 1853 αὐτοῖςλίγων.
1010 1768 1161 1838 ἀκούσατε
1181 1777 1236 1878 της
1257 1779 1360 1875 φωνης

108 1883 158 1923 τα.
183 1860 209 1899 ¹¹
214 1851 260 1962 μὴ
283 1855 434 1940 σπη’λαιον
454 1855 573 1948 ληστῶν
595 1853 613 1919 ὁ
636 1850 718 1929 οἶκός
750 1884 819 1944 μου,
831 1861 882 1924 καί
897 1862 1003 1942 ἔσομαι
1021 1854 1090 1941 ύμῖν
1109 1860 1149 1931 είς
1160 1865 1243 1933 θεον,
1254 1857 1307 1921 καί
1320 1882 1359 1920 υ-

107 1965 178 2026 μου,
191 1966 228 2005 ου
242 1940 430 2022 ἐπικέκληται
443 1940 480 2005 τὸ
494 1935 588 2023 ὄνομά
599 1965 658 2020 μου
670 1935 714 2003 ἐπ’
748 1954 809 2027 μεῖς
820 1944 928 2008 ἔσεσθέ
941 1966 993 2024 μοι
1013 1945 1052 2015 είς
1068 1935 1154 2016 λαόν,
1171 1943 1226 2005 καί
1236 1935 1361 2021 πορεύε-

109 2021 196 2106 αῦτῳ
216 2026 276 2086 ἐκεῖ
297 2019 423 2087 ἐντόπιον
443 2020 543 2107 ύμῶνς
575 2024 627 2086 καί
649 2019 716 2086 ίδού
750 2036 807 2093 πθε
820 2021 974 2100 ἕνπάσαις
984 2035 1051 2098 ταῖς
1070 2020 1153 2098 ὁδοῖς
1164 2050 1236 2108 μου,
1261 2023 1362 2100 αίςδν

109 2105 169 2184 ἐγὼ
182 2103 313 2191 έοόρακα,
325 2105 402 2183 λέγει
414 2102 533 2192 κύριος,
559 2107 586 2147 ¹²
598 2100 646 2170 ὁτι
658 2129 718 2169 πο·
750 2110 917 2192 ἐντείλωμαι
936 2105 1011 2190 ύμῖν,
1032 2103 1117 2183 ὁπως
1132 2105 1169 2172 όν
1189 2098 1222 2172 εὖ
1240 2096 1260 2190 ἦ
1282 2104 1359 2192 ύμῖν.

109 2186 236 2274 pamm
247 2192 287 2264 εἷς
299 2186 352 2253 τόν
364 2187 461 2256 τόπον
471 2214 530 2272 μου
542 2186 597 2255 τόν
609 2191 640 2252 ἐν
652 2194 717 2270 Ση-
750 2193 781 2235 22
794 2194 846 2262 καί
857 2190 913 2259 οὐκ
926 2188 1057 2275 ἤκουσάν
1068 2217 1138 2273 μου,
1150 2193 1201 2255 καί
1213 2191 1252 2256 ού
1263 2217 1361 2276 προς-

109 2272 171 2348 ί-ὠ»
194 2265 233 2338 Οὖ
253 2269 463 2356 Μῐέσκῆῖωσα
485 2271 521 2336 ’τὸ
543 2265 638 2355 ὄνομά
658 2297 717 2353 μου
750 2273 862 2362 έσχετὸ
876 2267 927 2352 οῦς
940 2273 1050 2352 αύτοόν,
1064 2273 1128 2340 ἀλλ’
1143 2272 1360 2360 ἐπορεύθησαν

110 2360 171 2429 ἒκεῖ
187 2358 356 2440 ἔμπροσθεν
361 2406 371 2432 ,
395 2357 446 2420 καί
464 2356 538 2420 ἴδετε
551 2350 717 2438 ἃίποίησα
749 2364 781 2425 ἐν
789 2371 852 2435 τοῖς
861 2354 1046 2442 ἐνθυμήμασι
1057 2362 1110 2442 τῆς
1120 2357 1244 2444 καρδίας
1253 2357 1359 2424 αὐτῶν

109 2437 196 2523 αύτῳ
206 2438 269 2504 ἆπὸ
279 2437 441 2525 προςάπου
451 2443 558 2512 κακίας
568 2437 644 2503 λαοῦ
648 2462 716 2541 μου
748 2447 801 2526 τῆς
813 2447 914 2526 κακῆς,
928 2445 979 2507 καί
992 2441 1170 2546 ἐγρνηθησα,
1178 2445 1218 2514 dc
1231 2440 1272 2506 ,ἃ
1285 2436 1361 2508 Bm:

104 2519 238 2625 Ἰσραήλ.
263 2525 291 2565 ¹³
303 2523 355 2587 καί
367 2527 419 2589 νῦν
431 2520 500 2587 ἀνθ’
517 2517 560 2586 ὧν
572 2526 717 2669 {ww-
750 2536 833 2602 σθεν,
840 2524 950 2591 καίούκ
961 2527 1216 2609 εἰςταέμπροσθεν,
1223 2521 1311 2624 ²⁵53?
1319 2519 1359 2605 ἧς

108 2632 140 2674 τε
152 2631 252 2671 παντα
265 2606 305 2671 τὰ
317 2608 391 2691 ἔργα
403 2611 511 2680 ταῦτα,
523 2606 576 2670 καί
661 2628 717 2688 ησα
749 2607 860 2695 ἡμέρας
876 2608 1045 2692 ἔξηλθοσαν
1060 2611 1090 2672 οῖ
1104 2608 1229 2689 πατέρες
1246 2610 1359 2671 αυτῶν

109 2689 187 2777 πρὸς
201 2688 275 2771 ὑμᾶς
287 2692 338 2753 καί
349 2688 406 2754 οῦκ
418 2688 570 2775 ἠκούσατέ
578 2714 653 2771 μου,
665 2688 717 2751 καὶ
749 2695 781 2758 ἐκ
793 2698 848 2776 γῆς
860 2688 1035 2771 Αἰγύπτου,
1048 2690 1097 2756 καί
1109 2693 1163 2764 ἕως
1175 2692 1227 2771 τῆς
1239 2684 1360 2776 ἡμέρας

110 2769 236 2836 ἐκάλεσα
267 2770 342 2856 ὑμᾶς
366 2776 417 2837 καί
442 2771 500 2836 οῦκ
525 2769 716 2876 άπεκρίθητε,
750 2772 868 2861 ταύτης.
894 2777 946 2841 καί
974 2773 1163 2852 ἕξαπέστειλα
1178 2767 1256 2857 πρὸς
1280 2770 1360 2858 ύμάς

109 2855 139 2898 ²⁴
153 2860 252 2919 τοίνυν
278 2851 361 2938 κᾷγιὸ
383 2850 504 2938 ποιήσω
526 2861 571 2938 τῷ
595 2857 668 2936 οἴκῳ
689 2882 715 2938 ῳ
748 2856 864 2935 πάντας
876 2856 946 2935 τούς
963 2855 1088 2934 δούλους
1098 2883 1170 2942 μου,
1194 2854 1267 2931 τοὺς
1279 2883 1357 2941 προ-

109 2938 299 3024 ἐπικέκληται
317 2937 353 3003 τὸ
371 2935 469 3020 όνομά
481 2964 540 3021 μου
554 2938 598 3002 ἐπ’
616 2937 714 3021 αὐτῷ,
748 2939 854 3024 ῳὴτας,
875 2939 1188 3028 ἡμέραςκαίόρθρου,
1213 2941 1268 3005 καὶ
1281 2938 1357 3006 ἀπέ-

109 3019 156 3103 ἒῳ’
171 3015 197 3103 ᾧ
210 3021 288 3107 ὑμεῖς
300 3027 469 3087 πεποίθατε
482 3019 527 3087 ἐπ’
543 3020 639 3104 αὐτῷ,
665 3023 714 3086 καί
749 3025 864 3101 στειλα,
890 3028 921 3069 ²⁶
934 3029 986 3090 καί
1010 3024 1068 3090 οὐκ
1092 3019 1265 3107 είςηκουσάν
1288 3049 1355 3107 μου,

109 3108 156 3187 τῳ
166 3101 254 3169 τόπω
272 3099 297 3187 ᾧ
316 3106 415 3169 ἔδωκα
432 3102 499 3187 ύμῖν
511 3107 565 3170 καί
576 3117 641 3179 τοῖς
652 3131 713 3169 πα·
748 3111 800 3174 καί
822 3107 859 3174 οὗ
881 3111 1019 3194 προςέσχε
1040 3107 1077 3173 τὸ
1100 3097 1154 3183 οῦς
1175 3105 1293 3183 αὐτῶν,
1306 3108 1356 3172 καί

108 3183 213 3268 τράσιν
230 3171 326 3269 ύμεῦν,
344 3186 448 3262 καθώς
461 3190 588 3272 ἐποίησα
599 3192 640 3282 τῇ
650 3195 715 3271 Ση-
748 3189 927 3278 έσκλόρυναν
938 3189 992 3256 τόν
1004 3186 1153 3275 τράχηλον
1166 3188 1271 3255 αύτοόν
1283 3185 1356 3276 ὑπὲρ

108 3266 165 3335 λώ.
191 3271 270 3336 26καί
282 3271 445 3356 ἀπορρίψω
458 3271 533 3353 ὑμᾶς
545 3270 608 3336 άπὸ
621 3297 715 3357 προς
748 3272 816 3350 τούς
827 3276 961 3358 πατέρας
973 3271 1082 3337 αὐτῶν.
1104 3274 1137 3314 ²⁸
1147 3277 1201 3338 καί
1214 3276 1291 3359 ἐρεῖς
1302 3271 1353 3338 αύ-

110 3350 197 3420 ούπου
208 3380 278 3438 μου,
296 3355 403 3430 καθώς
421 3351 576 3440 άπέρῥιῳα
593 3353 664 3431 τούς
677 3352 714 3418 ά·
747 3368 811 3432 τοῖς
823 3361 931 3421 τοῦτον
940 3354 992 3422 τὸν
1002 3351 1099 3434 λόγον.
1113 3359 1208 3420 τοῦτο
1218 3360 1257 3423 τὸ
1270 3361 1356 3432 ἔθνος

109 3439 236 3520 δελῳούς
250 3437 342 3523 ύμιῦν,
354 3442 415 3504 πάν
427 3436 462 3503 τό
476 3443 592 3526 σπέρμα
600 3436 715 3522 Ἐφρα-
747 3437 766 3507 ὁ
779 3440 834 3506 ούκ
847 3437 955 3525 ἤκουσε
967 3444 1020 3524 τῆς
1033 3441 1133 3521 φωνῆς
1145 3446 1264 3525 κυρίου,
1287 3438 1354 3506 ούδὶ

111 3528 150 3604 ίμ.
176 3526 205 3565 ¹⁶
217 3525 269 3587 καὶ
289 3523 326 3587 σύ
342 3520 383 3607 μὴ
400 3519 561 3607 προςεύχου
578 3525 714 3606 περὶτοῦ
748 3525 868 3602 ἐδέξατο
890 3524 1043 3600 παιδείαν,
1065 3523 1195 3598 ἐξέλιπεν
1214 3520 1233 3607 ἡ
1257 3531 1355 3599 πίστις

110 3605 189 3668 λαοῦ
200 3600 321 3681 τούτου,
340 3608 392 3670 καὶ
407 3606 447 3689 μίη
467 3604 555 3681 άξιοῦ
566 3610 622 3670 τοῦ
634 3604 715 3687 ἐλεη-
747 3613 780 3674 ἒκ
797 3605 946 3691 πόματος
962 3606 1072 3673 αὐτῶν.
1097 3607 1127 3648 ²⁹
1140 3617 1215 3691 κεῖρε
1231 3604 1290 3691 τὴν
1309 3633 1356 3672 κε-

109 3692 200 3768 θηναι
214 3685 337 3765 αύτούς,
363 3690 414 3753 καί
430 3686 470 3773 μη
491 3686 587 3773 εύχου,
612 3685 715 3771 καὶμὴ
748 3692 846 3775 φαλην
864 3717 927 3768 σου,
948 3693 1000 3758 καί
1016 3687 1190 3775 άπόρῤιπτε,
1208 3691 1262 3754 καί
1279 3689 1356 3756 όνα·

109 3770 278 3864 προςελθης
298 3795 351 3855 μοι
368 3776 436 3855 περί
457 3769 570 3850 αὐτῶν,
588 3769 635 3838 ὁτι
658 3770 715 3836 οῦκ
748 3776 820 3863 λαβε
834 3777 885 3841 ἐπί
892 3775 1013 3881 ηειλέων
1029 3779 1156 3877 θρηνον,
1174 3769 1223 3837 ὁτι
1242 3772 1355 3839 ἀπεδο-

111 3851 329 3937 είςακούσομαι.
356 3857 415 3940 2Ὶῆ
434 3853 489 3939 ούχ
508 3852 594 3942 ὁρᾶς,
611 3862 642 3921 τί
658 3853 715 3921 αῦ-
747 3866 852 3942 κίμασε
864 3884 979 3945 κυριος,
1004 3862 1056 3923 καὶ
1071 3853 1223 3922 απεύσατο
1241 3856 1297 3944 την
1308 3883 1357 3936 γε-

109 3936 158 3998 τοί
176 3942 315 4001 ποιοῦσιν
335 3940 367 4002 ἐν
387 3950 453 4014 ταῖς
467 3934 588 4006 πόλεσιν
600 3938 714 4015 Ἰούδα,
748 3944 813 4007 νεὰν
825 3940 880 4025 την
892 3947 1039 4008 ποιοῦσαν
1053 3945 1160 4006 ταῦτα.
1173 3940 1258 4004 30ότι
1271 3945 1358 4006 ἐποί-

109 4019 161 4082 καὶ
177 4020 208 4080 ἐν
225 4030 292 4093 ταῖς
309 4018 391 4097 ὁδοῖς
408 4020 614 4107 Ἱερουσαλήμς
642 4025 671 4066 ²⁸
684 4028 716 4089 οῖ
748 4051 825 4112 ησαν
838 4028 870 4091 οῖ
882 4030 943 4092 υἱοὶ
955 4023 1059 4092 Ἰούδα
1070 4023 1107 4090 τὸ
1119 4021 1255 4109 πονηρόν
1271 4027 1359 4090 ἔναν-

110 4103 173 4167 υἱοὶ
192 4100 294 4166 αὐτῶν
314 4103 489 4183 συλλέγουσι
506 4102 597 4182 ξύλα,
617 4109 669 4172 καὶ
685 4113 716 4172 οῖ
748 4116 814 4175 τίον
837 4113 925 4194 ἐμοῦ,
943 4110 1021 4189 λέγει
1045 4105 1154 4191 κύριος.
1181 4109 1291 4184 ἔταξαν
1317 4107 1359 4172 τά

108 4187 235 4270 πατέρες
250 4183 352 4250 αὐτῶν
368 4195 486 4253 καίουσι
508 4193 586 4273 πῦρ,
611 4193 663 4254 καί
681 4196 715 4256 αῖ
747 4188 855 4280 βδελύγ
876 4219 937 4258 ατα
958 4194 1060 4259 αὐτῶν
1081 4196 1112 4257 έν
1132 4196 1177 4276 τῷ
1198 4191 1288 4270 οἴκῳ,
1316 4185 1358 4256 Οὖ

108 4281 240 4345 γυναῖκες
258 4266 360 4332 αὐτῶν
378 4275 513 4371 τρηίουσι
532 4283 617 4347 σταῖς
622 4322 632 4356 ,
656 4279 715 4340 τοῦ
747 4221 937 4363 ἐπικέκληται
948 4277 986 4343 τὸ
1006 4272 1100 4359 όνομά
1118 4302 1176 4359 μου
1188 4269 1230 4338 ἐπ’
1247 4270 1358 4354 αὐτὸν,

107 4357 233 4435 ποιῆσαι
244 4355 381 4427 καυιῦνας
398 4379 435 4448 τη
450 4358 580 4438 στρατιᾷ
592 4360 648 4420 τοῦ
661 4356 714 4423 ού·
745 4366 805 4428 τοῦ
815 4357 916 4443 μιάναι
930 4358 1033 4428 αὐτόν.
1061 4363 1147 4425 31καί
1158 4351 1360 4443 ᾠκοδόμησαν

127 4441 210 4516 ανοῦ,
220 4439 271 4503 καί
280 4439 417 4504 ἔσπεισαν
427 4435 556 4512 σπονδὰς
565 4449 649 4514 θεοῖς
658 4440 714 4507 ἆλ-
746 4440 799 4510 τὸν
822 4443 926 4532 βωμὸν
934 4450 991 4510 τοῦ
1020 4443 1140 4524 Ταφὲθ,
1167 4438 1202 4518 ὁς
1218 4444 1301 4508 ἐστιν
1328 4446 1360 4509 ἐν

100 4461 250 4607 λὸτρίοις,
268 4525 321 4594 ἵνα
337 4526 548 4619 παροργίσωσί
563 4548 605 4610 με.
631 4526 660 4568 ¹⁹
671 4523 725 4612 μὴ,
747 4524 879 4613 φάραγγι
893 4532 959 4593 υίοῦ
969 4525 1094 4610 Ἐννὸμ,
1120 4530 1175 4591 τοῦ
1188 4532 1361 4631 κατακαίειν

1288 4636 1360 4687 τους
