2924 4972
104 212 170 282 774
421 215 467 309 Ἠ
476 213 508 269 Σ
514 210 544 271 Α
557 211 617 272 ΙΑ
630 214 678 270 Σ·
700 212 778 286 Κεφ.
793 204 822 269 ι’.
837 205 887 270 ια’.
904 210 954 272 10.
970 209 1019 271 11.
1101 202 1104 207 ’

101 333 174 412 ε’ρεῖ,
192 322 248 389 οὐκ
262 324 373 409 ἔλαβον
386 325 441 406 τήν
452 318 496 407 χιό
516 348 553 387 αν
566 321 622 405 τήν
634 317 711 387 ἐπά-
748 349 802 405 μος
815 325 869 405 τής
880 319 1046 404 θαλάσσης,
1059 318 1096 384 τὸ
1106 315 1291 404 κατάλειμμα
1302 321 1360 386 αά-

100 435 145 476 νον
163 408 349 495 Βαβυλῶνος
375 409 426 470 καί
445 349 608 491 Χαλάνης,
635 399 711 470 ούδ
749 411 811 471 τῶν
828 402 1010 488 σωθήσεται.
1037 399 1130 481 λόγον
1149 404 1296 470 συντελῶν
1308 401 1361 470 καὶ

102 489 214 578 πύργος
227 485 420 575 ᾠκοδομήθη,
433 492 483 554 καὶ
495 490 609 576 ἔλαβον
620 484 712 574 Ἀρα-
750 491 918 571 συντέμνοον
935 493 968 554 ἐν
986 483 1173 570 δικαιοσύνη,
1199 489 1230 531 ²³
1243 483 1291 552 ὅτι
1302 484 1361 553 λό-

103 581 173 664 βίαν
198 577 250 639 καί
268 573 433 677 Λαμαρκὸν
449 575 507 639 καί
529 571 709 675 Σαμάρειαμ
749 596 802 651 γον
827 575 1056 656 συντετμημίνον
1075 559 1177 719 κύχίος
1191 568 1307 655 ποιήσει
1327 576 1361 637 ἐν

104 662 133 704 ¹⁰
145 654 180 723 όν
191 653 307 744 τρόπον
318 681 430 732 ταυτας
443 657 570 745 ἔλαβον,
586 661 638 721 καί
649 683 712 722 πα-
750 661 788 750 τῇ
804 660 959 749 οἰκουμένη
978 653 1043 747 ὅλη.
1069 654 1102 699 ²⁴
1133 653 1165 719 ιά
1183 660 1274 720 τοῦτο
1287 653 1360 721 τάδε

103 767 159 817 σας
177 742 232 818 τὰς
248 739 342 827 ἀρχὰς
364 737 511 825 λήψομαι.
545 734 712 817 ὀλολύξατε
750 740 825 818 λέγει
834 734 936 826 κύριος
946 735 1087 825 σαβαάθ.
1099 736 1139 823 μή
1149 737 1360 826 φοβοῡὸλαός

60 873 66 885 .
102 822 143 891 τά
153 823 273 903 γλυπτοὶ
287 830 319 890 ἐν
328 821 531 908 Ἰερουσαλήμ,
540 826 593 889 καί
605 826 636 888 ἓν
644 830 711 889 Σα-
749 848 806 907 μου
819 828 850 888 οῖ
861 827 1069 898 κατοικοῦντες
1081 826 1114 887 ἐν
1123 820 1205 888 Σιὼν
1215 821 1361 888 ἀπὸἈσ-

102 913 217 994 μαρείρ.
230 905 295 972 11δν
306 904 424 995 τρόπον
432 907 491 994 γάρ
502 910 631 993 ἐποίησα
643 914 711 971 Σα-
750 913 877 991 συρίιον,
911 903 959 972 ότι
982 911 1016 972 ἐν
1040 901 1143 992 ῥάβδῳ
1167 905 1293 982 πατάξει
1318 934 1361 973 σε.

101 999 226 1080 μαρείηι,
243 995 293 1058 καί
306 1003 370 1068 τοῖς
380 989 595 1097 χειροποιήτοις
608 988 710 1074 αὐτῆς,
750 988 867 1075 πληγήν
885 989 944 1078 γάρ
963 989 1068 1068 ἐπάγω
1084 992 1138 1055 ἐπί
1149 989 1197 1068 σὲ,
1220 995 1277 1056 τού
1292 991 1363 1057 ἰδεῖν

103 1073 186 1142 ούτιυ
211 1071 331 1156 ποιήσω
353 1077 405 1141 καί
434 1074 634 1159 Ιερουσαλήμ,
661 1075 712 1137 καὶ
751 1072 1002 1152 ὁδόνΑίγύπτου.
1016 1076 1096 1138 26ἔτι
1107 1073 1363 1158 γάρμιιιρόν,καί

104 1172 170 1235 τοῖς
182 1157 314 1233 εἶδιόλοις
326 1158 426 1244 αὐτῆς.
444 1162 472 1201 ¹²
478 1163 528 1224 καὶ
540 1162 624 1225 ἔσται
637 1153 712 1221 όταν
750 1154 896 1222 παύσεται
910 1155 928 1240 ή
942 1157 1031 1243 ὀργή,
1055 1154 1075 1221 ὁ
1088 1157 1120 1222 δὲ
1130 1157 1229 1240 θυμός
1240 1183 1299 1241 μου
1311 1162 1364 1225 ἐπὶ

105 1244 260 1326 συντελέσῃ
281 1239 379 1330 κύριος
396 1237 498 1307 πάντα
514 1245 655 1308 ποιῶνέν
668 1245 711 1325 τῷ
750 1238 806 1326 τήν
829 1241 941 1329 βουλήν
965 1241 1076 1308 αὐτῶν.
1111 1241 1145 1283 ²⁰
1156 1245 1207 1306 καὶ
1229 1246 1322 1327 ἐγερεῖ
1344 1241 1364 1308 ὅ

106 1325 167 1412 όρει
191 1316 273 1393 Σιάν
289 1332 339 1394 καὶ
356 1323 570 1411 Ἰερουσαλήμ,
595 1326 713 1390 δπισκέ-
750 1323 822 1400 θεὸς
839 1325 885 1390 ἐπ’
912 1323 1036 1402 αὐτούς,
1061 1324 1141 1389 κατὰ
1165 1324 1221 1410 τήν
1243 1326 1364 1411 πληγήν

105 1431 201 1492 ψομαι
215 1414 265 1478 ἐπὶ
276 1409 330 1476 τόν
343 1416 415 1477 νοῦν
426 1409 480 1474 τὸν
492 1413 584 1493 μέγαν
597 1411 648 1475 δπλ
659 1403 713 1472 τόν
752 1408 885 1492 Μαδιάμ
897 1412 928 1472 ἐν
940 1405 1025 1492 τόπῳ
1036 1408 1179 1492 θλίψεως.
1206 1407 1287 1474 καὶὸ
1300 1422 1365 1476 θυ-

106 1495 239 1579 ἀρχοντα
257 1498 319 1558 τοῖν
335 1491 516 1599 Ἀσσυρίων,
540 1493 593 1558 καί
608 1494 658 1557 ἐπί
674 1490 712 1555 τό
751 1490 807 1575 μὸς
819 1492 915 1559 αὐτοῦ
925 1499 961 1588 τῇ
971 1489 1033 1577 ὁδῷ
1044 1497 1083 1587 τῇ
1093 1492 1171 1557 κατὰ
1184 1491 1363 1572 θάλασσαν,

106 1575 186 1657 ὕφος
199 1582 250 1662 τής
261 1573 348 1660 δόξης
356 1581 418 1642 τῶν
427 1575 598 1658 οφθαλμιύν
607 1575 712 1641 αὐτοῦ.
753 1581 792 1651 εἰς
804 1575 859 1660 τήν
871 1574 943 1643 ὁδόν
956 1575 1010 1661 τήν
1019 1578 1082 1641 κατ’
1094 1579 1261 1654 Αἴγυπτον.
1275 1579 1364 1645 27ιιαί

106 1659 206 1725 13εἷπε
218 1659 286 1746 γάρ.
313 1664 395 1752 ἐντῇ
457 1655 490 1724 ύί
501 1655 638 1745 ποιήσω,
662 1660 714 1722 καί
753 1662 837 1725 ι”σται
850 1664 883 1726 ἐκ
895 1666 933 1745 τή
948 1657 1042 1746 ήμέρᾳ
1056 1663 1161 1742 ἐκείνη,
1189 1659 1363 1748 ἀφαιρεθή-

106 1749 138 1810 &r
149 1749 187 1837 τῇ
201 1750 293 1827 σοφίᾳ
309 1749 361 1850 τίης
374 1768 427 1809 συν
443 1768 517 1818 σεας
529 1742 631 1826 ἀφελῶ
644 1739 715 1828 όρια
754 1767 835 1808 σεται
853 1742 873 1809 ὁ
889 1734 975 1823 ζύγὸς
993 1745 1089 1811 αὐτοῦ
1106 1735 1171 1809 ἀπὸ
1196 1750 1252 1809 τοῦ
1276 1743 1363 1828 ἀμαυ

107 1831 218 1908 ἐθνῶν,
243 1830 295 1893 καί
311 1852 366 1912 την
384 1825 466 1913 ἰσχύν
483 1823 585 1893 αύτοίν
600 1851 712 1913 προνο-
754 1851 822 1904 σου,
833 1832 885 1893 καὶ
897 1826 916 1894 ό
927 1829 1024 1933 φόβος
1036 1825 1130 1894 αὐτοῦ
1143 1824 1206 1894 ἀπό
1220 1833 1286 1904 σού,
1306 1831 1364 1892 καί

105 1909 214 1997 μεύσεο.
233 1910 263 1953 ¹⁴
276 1914 327 1977 καί
339 1916 429 1977 σείσω
442 1904 541 1985 πόλεις
553 1934 714 1976 κατοικου-
753 1923 1022 1997 καταφθαρησεται
1050 1908 1069 1977 ὃ
1094 1912 1181 1990 ζυγὸς
1211 1910 1273 1977 ἀπὸ
1298 1917 1365 1977 τῶν

40 2022 48 2037 ·
105 1999 205 2081 μένας,
222 1996 274 2058 καὶ
285 1994 340 2079 τήν
353 1997 522 2078 οἰκουμένην
536 1991 608 2078 ὅλην
620 2018 715 2059 κατα-
753 1993 844 2060 ἀισν
858 1992 948 2079 ὑμῶν.
968 1997 999 2039 ²⁸
1012 1992 1071 2081 ἥξει
1082 1996 1141 2081 γάρ
1155 2001 1194 2072 εὶς
1204 1993 1259 2080 τήν
1269 1991 1365 2064 πόλιν

107 2077 191 2164 λήφο
233 2083 294 2170 ιτηή
305 2079 376 2162 χειρί
389 2074 430 2153 ὡς
441 2075 581 2153 νοσσιὰν,
605 2078 657 2142 καί
674 2074 715 2151 ὡς
746 2023 866 2156 ὶύγλιγαδ,
882 2081 913 2125 ²⁹
925 2080 976 2144 καί
988 2078 1200 2164 παρελεύσεται
1213 2085 1253 2155 εἰς
1264 2087 1364 2158 Μαγ-

107 2104 354 2245 καταλιλκιμμένα
366 2158 413 2226 α’)όι
424 2160 497 2248 ἀρῶ.
510 2164 560 2225 καὶ
568 2159 624 2225 οὐκ
634 2163 715 2226 λ’στιν
751 2161 843 2240 γεδολ,
865 2166 917 2229 καί
929 2166 959 2228 ἐν
971 2162 1106 2248 Μαχμάς
1116 2160 1205 2248 θήσει
1218 2162 1258 2229 τά
1272 2159 1365 2250 σκεύη

108 2244 141 2322 ἀς
166 2246 353 2328 διαφεύξεταί
375 2270 424 2329 με,
463 2242 630 2350 ήάντείπη
655 2270 714 2324 μοι.
753 2244 858 2313 αύτοῡ.
897 2251 950 2313 καὶ
973 2245 1181 2333 παρελεύσεται
1206 2243 1362 2330 φάραγγα,

106 2332 134 2374 ¹⁵
147 2328 188 2416 μή
214 2328 436 2416 δοξασθήσεται
462 2332 545 2413 αξίνη
570 2327 639 2395 ἀνευ
660 2331 715 2393 τού
752 2332 803 2394 καί
827 2325 888 2413 ἥξει
913 2336 953 2406 εἰς
972 2330 1091 2410 Ἀγγαὶ,
1119 2327 1215 2418 φόβος
1232 2329 1365 2416 λήψεται

108 2414 273 2490 κόπτοντος
299 2417 330 2479 ἐν
351 2413 446 2506 αὐτῇς
473 2414 491 2497 ή
519 2411 715 2497 ὑψωθήσεται
747 2410 863 2497 Ῥαμιί,
889 2411 978 2480 πόλιν
994 2416 1102 2482 Σαούλ
1127 2410 1270 2497 φεύξεται.
1297 2413 1360 2501 3οή

107 2496 205 2584 πριὼν
223 2497 291 2564 ἀνευ
307 2502 362 2562 τού
376 2497 516 2572 ἕλκοντος
536 2493 647 2573 αύτόνς
675 2491 715 2571 ὡς
751 2492 891 2584 θυγάτηρ
902 2499 1047 2583 Γαλλεὶμ,
1067 2495 1264 2564 ἐπακούσεται
1276 2505 1361 2563 Λαΐ-

108 2580 146 2647 ἀν
163 2609 207 2661 τις
226 2581 286 2674 ἀρῃ
306 2577 410 2667 ιόβδον
428 2579 447 2665 ή
464 2576 561 2657 ξύλον.
588 2582 640 2645 καί
660 2578 714 2665 ούχ
753 2579 807 2656 σά,
832 2580 1031 2649 ἐπακούσεται
1044 2587 1075 2648 ἐκ
1086 2578 1239 2650 Ἀκαθάθ.
1265 2583 1362 2646 31ιιαδ

109 2662 214 2742 ούτοις,
239 2669 268 2710 ¹⁶
281 2606 360 2730 ἀλλὰ
373 2663 533 2730 ἀποστελεῖ
545 2659 643 2748 κύριος
656 2690 715 2729 σα·
752 2665 853 2747 ἐξέστη
865 2667 1048 2754 Μαδεβηνά,
1073 2669 1124 2732 καὶ
1139 2671 1171 2731 οἱ
1182 2668 1361 2730 κατοικούν-

107 2748 199 2835 βαώθ
219 2754 257 2823 εἷς
270 2748 325 2832 τήν
339 2747 393 2830 σήν
406 2747 490 2832 τιμήν
504 2748 638 2830 ἀτιμίαν,
664 2750 715 2811 καὶ
752 2773 798 2824 τες
814 2753 947 2837 Γιββείρ.
973 2753 1005 2794 ³²
1015 2749 1216 2838 παρακαλεῖτε
1234 2745 1362 2836 σήμερον

109 2838 148 2907 εἰς
165 2831 220 2916 τήν
233 2831 287 2914 σήν
300 2828 389 2908 δόξαν
401 2836 462 2916 πῦρ
475 2828 629 2912 καιόμενον
640 2857 715 2895 καυ-
752 2834 784 2897 ἐν
796 2829 858 2918 ὁδῷ
876 2840 932 2899 τοῦ
947 2848 1041 2919 μεῖναι
1059 2840 1097 2918 τῆ
1112 2839 1191 2919 χειρί.
1219 2859 1359 2916 παρακατ

108 2911 245 3000 θήσεται.
261 2917 289 2957 ²⁷
302 2917 353 2979 καὶ
366 2918 449 2980 ἔσται
462 2913 498 2980 τό
514 2919 576 2995 φῶς
588 2919 646 2979 τού
656 2914 714 2981 ’[σ-
752 2915 827 2981 λεῒτε
839 2915 876 2983 τὸ
890 2917 959 3004 ὅρος
972 2920 1026 3001 τήν
1035 2907 1193 2999 θυγατέρα
1201 2915 1293 2988 Σιιόν,
1307 2920 1360 2980 καί

108 2999 187 3086 ραήλ
212 3005 250 3076 εἰς
268 3004 344 3085 πῦρ,
369 3000 421 3064 καί
438 2994 549 3078 ἁγιάσει
570 2998 664 3064 αὑτὸν
683 3002 715 3063 ἐκ
752 3003 784 3064 ολ
795 3004 902 3151 βουνοί
918 3007 950 3067 οἱ
963 3005 996 3066 ἐν
1008 2997 1212 3099 Ἰερουσαλήμ.
1235 3001 1264 3042 ³³
1278 2996 1358 3078 ἰδού,

107 3086 181 3169 πυρί
194 3087 351 3165 καιομένῳ,
364 3085 416 3147 καὶ
428 3084 555 3164 φάγεται
566 3080 630 3160 ὦςεί
641 3078 714 3167 χόρ-
752 3080 770 3147 ὁ
814 3083 942 3169 εσπότης
968 3079 1067 3188 κύριος
1089 3084 1220 3166 σαβαονθ
1246 3105 1361 3146 συντα-

108 3188 161 3231 τον
185 3165 240 3250 τήν
264 3166 343 3248 ύλην.
386 3167 473 3261 18τῇ
499 3166 594 3252 ήμέρᾳ
618 3170 714 3248 ἐκείνη
752 3161 1163 3252 ράσσειτοάςιῗτδοξουςμετδι
1176 3159 1289 3248 ἰσχύος,
1306 3170 1362 3232 καί

108 3246 368 3337 ἀποσβεσθήσεται
382 3248 421 3313 τά
434 3249 505 3337 όρη,
532 3252 584 3316 καί
601 3238 714 3337 οῖβού-
752 3247 908 3334 οίύφηλοδ
931 3254 969 3340 τῇ
993 3246 1074 3336 ύβρει
1099 3246 1360 3335 συντριβήσονται,

106 3336 168 3410 νολ,
193 3337 245 3399 καί
257 3338 288 3400 οῖ
300 3335 419 3420 δρυμοὶ,
446 3338 497 3400 καί
509 3332 713 3416 καταφάγεται
750 3334 800 3399 καί
809 3338 840 3398 οί
847 3329 1258 3418 ύφηλοίταπεινινθήσονται,
1270 3333 1360 3400 34καί

106 3417 172 3484 ἀπὸ
189 3425 285 3505 ψυχῆς
302 3424 357 3494 ἕως
375 3424 502 3504 σαρκῶν.
529 3421 580 3483 καί
599 3416 712 3484 ἐσταιό
735 3421 908 3484 ’πεσοῦνται
920 3413 1034 3502 ὑψηλοί
1045 3423 1196 3503 μαχαίρᾳ,
1223 3415 1287 3483 ὅδὲ
1299 3424 1359 3481 Λί-

107 3499 239 3585 φεύγονν,
264 3503 306 3578 ὥς
331 3499 349 3567 ὁ
377 3502 495 3584 φεύγων
519 3501 583 3570 ἀπό
600 3501 714 3585 φλογὸς
749 3506 840 3588 βανος
857 3498 911 3568 σύν
922 3515 986 3579 τοῖς
997 3499 1128 3585 ὑψηλοῖς
1140 3513 1283 3567 πεσεῖται.

106 3591 267 3669 καιομένης.
306 3588 398 3652 19καί
421 3591 453 3652 οῖ
469 3586 714 3667 καταλειφθέντες
931 3593 1004 3652 ΚΕ
1017 3592 1056 3651 Φ.
1100 3584 1174 3650 1A‘.

107 3666 158 3732 ἀπ’
174 3667 275 3734 αὐτῶν
289 3667 417 3754 ἀριθμός
430 3674 563 3744 ἔσονται,
577 3671 628 3735 καὶ
640 3696 713 3733 παι·
751 3635 832 3735 Καὶ
852 3667 1027 3748 ἐξελεύσεται
1043 3669 1152 3758 ῥάβδος
1168 3673 1201 3734 ἀι
1213 3673 1265 3752 τής
1276 3671 1358 3752 ῥίζης

105 3751 169 3815 δίον
186 3751 297 3838 γράψει
316 3751 432 3830 αύτούς.
470 3757 501 3800 ²⁰
512 3756 562 3818 καί
579 3758 664 3819 ἔσται
683 3756 713 3816 ἒν
747 3751 871 3832 Ἰεσσαί,
896 3759 948 3820 καί
965 3754 1060 3830 ἀνθος
1077 3759 1109 3820 ἐκ
1127 3749 1358 3837 τῆςρίζηςᾶνα--

106 3838 144 3924 τῇ
157 3831 252 3920 ήμέριη
264 3840 370 3928 ἐκείνη,
398 3836 499 3905 οὐκέτι
512 3835 713 3922 προςτεθήσε-
748 3837 886 3923 βήσεται,
913 3842 964 3903 καί
981 3836 1184 3905 ἀναπαύσεται
1199 3833 1243 3899 ἐπ’
1259 3832 1358 3903 αὐτὸν

106 3941 158 3981 ται
174 3919 212 3983 τό
231 3920 434 4000 καταλειφθὲν
448 3920 586 4006 Ἰσραήλ,
611 3923 662 3986 καί
682 3923 714 3984 σί
748 3928 865 4005 πνεῦμα
875 3928 933 3987 τοῦ
946 3927 1039 3999 θεοῦ,
1061 3925 1175 4002 πνεῦμα
1187 3923 1293 4000 σοφίας
1305 3924 1360 3986 καὶ

106 4004 253 4077 σωθέντες
264 4008 320 4066 τοῦ
330 4002 441 4089 Ἰακώβ
448 4004 546 4069 οάκέτι
554 4005 595 4087 μή
604 4028 713 4068 πεποι-
750 4009 909 4082 συνέσεως,
931 4012 1048 4088 πνεῦμα
1060 4005 1168 4092 βουλῆς
1179 4006 1230 4068 καί
1244 4000 1358 4088 ἰσχύος,

105 4083 195 4161 θότες
212 4074 283 4151 οἷσιν
296 4089 347 4150 ἐπὶ
358 4088 431 4162 τούς
444 4084 643 4171 ἀδικήσαντας
657 4087 713 4153 αύ-
749 4093 862 4172 πνεῦμα
874 4086 1009 4167 γνιόσειας
1031 4093 1082 4154 καὶ
1099 4087 1252 4175 εύσεβείας.
1278 4090 1359 4171 3ἐμω

104 4168 191 4246 τούς,
216 4168 297 4236 ἀλλά
322 4172 441 4236 ἔσονται
466 4166 646 4244 πεποιθότες
662 4175 712 4237 ἐπὶ
748 4168 851 4256 πλήσει
864 4174 961 4240 αὐτόν
972 4178 1086 4255 πνεῦμα
1099 4168 1294 4260 φόβουθεού.
1319 4172 1359 4240 ού

104 4251 159 4317 τόν
183 4251 256 4319 θεὸν
280 4249 333 4318 τόν
350 4249 437 4328 ἅγιον
460 4258 517 4318 τοῦ
539 4253 657 4338 Ἰσραήλ
673 4262 712 4338 τῆ
748 4256 826 4321 κατά
839 4255 893 4342 τήν
904 4255 995 4336 δόξαν
1008 4267 1110 4343 κρινεῖ,
1128 4254 1200 4321 οάδὲ
1212 4253 1290 4321 κατὰ
1304 4255 1359 4342 τήν

105 4335 242 4425 ἀληθείη.
264 4338 350 4401 21καὶ
363 4339 447 4401 ἔσται
459 4333 496 4400 τό
508 4328 712 4418 καταλειφθὲγ
748 4338 853 4407 λαλιάν
866 4340 981 4420 ἐλέγξει,
1003 4342 1020 4384 ⁴
1034 4338 1113 4406 ἀλλὰ
1126 4349 1219 4425 κρινεῖ
1228 4347 1358 4425 ταπεινῷ

105 4426 158 4486 τού
169 4421 280 4509 Ἰακὼβ
291 4424 341 4487 ἐπὶ
353 4418 427 4486 θεὸν
442 4415 591 4505 ἰσχύοντα.
618 4425 648 4466 ²2
661 4426 711 4488 καί
747 4423 851 4507 κρίσιν,
866 4427 917 4488 καί
929 4426 1037 4502 ἐλέγξει
1050 4424 1124 4499 τούς
1135 4420 1294 4499 ταπεινούς
1306 4428 1359 4509 τῆς

98 4503 152 4571 δάν
165 4511 288 4598 γίνηται
305 4505 323 4574 ὁ
338 4505 409 4583 λαός
422 4502 545 4591 Ἰσραήλ
566 4504 606 4582 ὡς
621 4505 638 4593 ή
653 4508 711 4592 ἀμ·
746 4514 813 4593 χής,
838 4510 890 4573 καί
912 4505 1037 4586 πατάξει
1061 4513 1120 4591 γῆν
1135 4510 1181 4592 τῷ
1199 4504 1359 4609 λόγῳθτού

1240 4616 1356 4675 στομα·
