2924 4972
142 250 208 317 994
404 244 704 312 ΒΑΣΙΛΕΙΩΝ
726 211 904 303 mm
940 233 1137 317 Κεφιὶκο.

141 369 199 447 μοῦ
213 365 264 427 καί
277 366 332 426 τοῦ
345 354 490 425 θανάτου.
503 352 746 424 2καλείπενἸυι-
780 357 867 435 τησαι
899 347 1001 437 κύριος
1037 351 1166 455 ,ἀχθρῳδς
1199 357 1254 416 τοῦ
1281 357 1389 420 Δαυίδ.

141 443 241 512 νάθαν
253 440 328 530 πρός
341 443 444 508 Δαυίδ.
462 446 494 505 τί
505 433 671 544 ἐπιθυμεῖῖχ
684 456 747 519 ψυ-
779 437 807 477 ¹⁷
821 435 872 499 καί
883 439 1050 542 προςέθετο
1064 438 1108 498 ἔτι
1125 428 1267 503 Ιωνάθαν
1280 431 1390 517 ὀμόσαι

141 524 177 614 χή
191 555 261 603 σου,
278 528 328 593 καί
341 532 373 593 τί
382 520 499 615 ποιήσω
512 548 561 588 σοι
567 551 579 598 ,·
593 519 607 564 ⁸
620 546 672 584 και
685 517 747 584 εἶπε
781 521 826 599 τῷ
844 518 954 594 Δαυιδ,
979 513 1027 583 ότι
1045 512 1178 601 ήγάπησε
1196 513 1293 603 ψυχήν
1312 517 1389 596 ἀγα-

141 611 239 677 Δαυίδ
249 604 494 697 πρόςἸωνάθαν,
520 601 584 669 ἰδού
597 600 636 705 δή
647 626 748 684 νεομη-
782 605 901 678 πεῦγτος
914 594 1018 673 αὐτόν.
1045 602 1130 665 22καὶ
1141 599 1389 668 είπενἸωνοίθαν.

141 701 190 759 νία
204 693 377 779 αῦριον,καί
389 688 448 767 ἐγιό
458 693 588 762 καθίσας
602 712 639 751 ου
652 679 747 767 καθή-
783 681 891 768 αῦριον
906 689 1040 768 νεομηνία
1055 685 1108 748 καὶ
1124 678 1316 780 ἐπισκεπήσῃ,
1342 682 1362 750 5'
1366 712 1391 751 τι

143 803 232 859 σομαι
246 787 359 857 φαγεῖν,
372 770 747 850 καίέξαποστελεῖςμεκαί
783 763 1005 851 ἐτεισκειτήσεται
1029 767 1166 854 καθέδρα
1191 793 1257 835 σου,
1298 771 1391 836 12καὶ

142 857 325 946 κρυβήσομαι
343 861 374 921 ἓν
394 860 438 938 τῳ
455 854 548 937 πεδίῳ
571 857 627 927 ἕως
644 851 745 934 δείλης.
783 845 960 954 τρισσεύσεις
971 851 1024 917 καὶ
1035 852 1184 954 ἔῃισκέφῃ
1201 853 1253 916 καὶ
1265 847 1340 934 ήξεις
1353 858 1392 928 είς

142 945 158 986 ⁰
171 945 221 1007 καί
235 940 286 1007 ἐὰν
297 931 537 1020 ἐπισκεπτόμενος
549 937 749 1020 ἐπισκέφηταί
783 956 836 996 τον
849 926 944 998 τόπον
957 958 1015 999 σου
1027 958 1063 997 ου
1082 937 1190 1027 κρυβῃς
1203 937 1233 998 ἓν
1245 940 1282 1016 τῆ
1296 932 1392 1020 ἡμέρῳ

141 1051 174 1110 με
188 1021 205 1090 5
217 1019 318 1109 πατήρ
331 1048 395 1098 σου,
408 1021 459 1085 καὶ
471 1023 552 1105 ἐρεῖς.
578 1013 748 1105 παραιτοῦ·
783 1018 822 1118 τῃ
831 1017 980 1111 ἕργασίμῃ,
990 1017 1042 1081 καὶ
1050 1013 1170 1120 καθήσῃ
1179 1006 1312 1103 παράτὸ
1322 1017 1392 1104 Ἔχ).

141 1132 224 1192 μενος
247 1099 445 1191 παρῃτήσατο
470 1100 521 1167 ἀπ’
552 1103 626 1184 ἐμοῦ
650 1099 749 1168 Δαυλδ
782 1101 842 1184 γαρ]
854 1101 953 1165 ἐκεῖνο.
979 1101 1138 1178 22καὶέγω
1151 1095 1312 1184 τρισσεύσω
1325 1115 1392 1177 ταῖς

142 1193 262 1294 δραμεῖν
286 1176 342 1264 ἕάς
360 1184 563 1271 είςΒηθλεὲμ
586 1181 638 1269 τήν
661 1178 749 1249 πόλιν
787 1183 896 1265 σχίζαις
912 1179 1084 1260 ἀκοντίζων,
1110 1185 1269 1264 ἐκπέμπων
1286 1190 1325 1259 εἰς
1338 1184 1392 1270 τήν

142 1277 250 1348 αυτοῦ,
255 1266 302 1337 ῦτι
313 1276 411 1337 θυσία
422 1274 484 1334 τεῦν
497 1265 611 1354 ήμεριῦν
623 1269 682 1332 ἐκεῖ
693 1262 749 1349 ὅλη
780 1261 953 1350 Ἀματταρί,
975 1267 1003 1312 22
1015 1267 1067 1330 καί
1085 1262 1150 1332 ἰδοῦ
1163 1264 1343 1331 ἀποστελλω
1356 1266 1392 1332 τό

143 1362 183 1421 r*
200 1355 288 1449 φυλῇ.
315 1356 329 1397 ⁷
346 1352 400 1418 ἐὰν
417 1348 487 1421 τάδε
505 1354 586 1442 εἴπῃ,
612 1338 749 1428 ἀγαθοῦξ,
785 1344 961 1434 παιδάριον,
973 1348 1077 1426 λόγων.
1102 1349 1187 1435 δεῦρο
1199 1340 1267 1435 εῦρέ
1275 1377 1325 1432 μοι
1338 1352 1394 1436 τήν

142 1382 240 1521 εήήνη
252 1441 297 1519 τῷ
310 1431 410 1518 δούλῳ
430 1460 493 1499 σου.
532 1435 583 1498 καί
596 1432 648 1497 ίάν
660 1432 749 1515 σκλη-
786 1433 896 1537 σχίζαν.
916 1429 969 1502 ἐὰν
979 1431 1055 1496 εἴπω
1068 1431 1162 1511 λέγων
1173 1436 1218 1516 τῳ
1230 1435 1391 1519 παιδαρίῳ,

142 1526 202 1608 ρυῖς
214 1517 370 1621 ἀποκριθῇ
390 1541 452 1591 σοι,
477 1520 572 1594 γνῶθι
586 1511 634 1586 ὅτι
647 1540 749 1581 συντε-
786 1510 872 1596 ωδεή
891 1516 977 1599 σχίζα
993 1512 1058 1580 ἀπὸ
1077 1520 1133 1581 σοῦ
1150 1518 1202 1582 καί
1219 1506 1293 1592 ὦδε,
1319 1513 1393 1604 λάβε

143 1605 278 1670 τέλεσται
295 1629 315 1685 η
335 1604 425 1666 κακία
442 1595 512 1685 παρ’
537 1595 643 1665 αὐτοῦ.
668 1598 749 1663 22καὶ
786 1594 889 1681 αῦτήν,
900 1603 1077 1682 παραγίνου,
1096 1593 1143 1665 ότι
1154 1596 1253 1685 εἰρήνη
1266 1626 1324 1677 σοι,
1341 1605 1393 1668 καί

141 1682 273 1770 ποιήσεις
289 1685 369 1759 ἔλεος
386 1677 460 1766 μετά
477 1685 534 1747 τοῦ
552 1675 661 1748 δούλου
681 1707 748 1756 σου,
787 1677 843 1746 οῦκ
857 1683 918 1747 ἔστι
930 1676 1027 1759 λόγος.
1045 1682 1080 1774 ζῇ
1092 1676 1201 1768 κύρως.
1227 1685 1257 1724 22
1270 1684 1323 1750 ἐὰν
1335 1681 1392 1750 τά·

142 1767 189 1835 ὅτι
202 1765 346 1852 είςήγαγες
364 1771 403 1840 είς
420 1760 567 1850 διαθήκην
582 1768 682 1849 κυρίου
695 1760 750 1829 τὸν
786 1765 816 1829 δε
828 1764 902 1831 εἴπω
914 1769 958 1847 τῷ
972 1770 1118 1849 νεανίσκῳ,
1155 1758 1211 1830 ιῦδε
1225 1760 1244 1869 ή
1258 1769 1342 1852 σχίζα
1354 1766 1393 1833 ἀ-

141 1852 251 1918 δοῦλον
264 1876 320 1920 σου
332 1846 406 1931 μετὰ
419 1852 551 1917 σεαυτοῦ.
571 1849 623 1912 καί
635 1853 659 1911 εί
671 1850 748 1912 ἐστιν
786 1843 828 1914 πό
842 1850 898 1912 σοῦ
910 1848 961 1912 καί
973 1849 1118 1924 ἐπέκεινα,
1142 1874 1273 1934 πορευου
1286 1847 1392 1927 3115}-

142 1932 242 2000 ἀδικία
254 1934 284 1996 ἐν
296 1935 341 2016 τῷ
353 1929 451 2015 δούλῳ
470 1956 541 2006 σου,
566 1925 749 1996 θανάτωσόν
787 1929 958 1996 απέσταλκέ
968 1955 999 1996 σε
1011 1926 1117 2017 κύριος.
1132 1933 1218 1998 ”nai
1234 1931 1270 1997 τὸ
1282 1936 1359 2018 ῥῆμα
1373 1931 1391 1999 5

142 2043 177 2098 με
190 2013 239 2093 σύ,
263 2016 315 2079 καί
332 2019 386 2090 ἕως
403 2017 460 2079 τοῦ
476 2008 591 2100 πατρός
604 2039 659 2080 σου
672 2017 750 2078 ίνατί
787 2008 968 2096 ἐλαλήσαμεν
980 2013 1039 2092 ἐγὼ
1059 2017 1111 2080 καί
1131 2012 1184 2091 σύ,
1211 2015 1276 2080 ίδσῦ
1293 2013 1393 2104 κύριος

142 2096 239 2175 οῦτως
252 2093 368 2176 είςάγεις
379 2123 412 2180 με
415 2125 428 2176 ,·
468 2091 749 2168 9καὶεῖπενἿωνά·
786 2091 900 2196 μάρτυς
922 2094 1069 2180 ἀναμέσον
1090 2100 1162 2202 ἐμοῦ
1184 2099 1237 2163 καί
1257 2104 1314 2166 σοῦ
1338 2106 1393 2176 &wc

141 2193 214 2255 θαν,
239 2181 379 2266 μηδαμεῦς
392 2205 456 2256 σοι,
474 2173 521 2244 ότι
534 2179 587 2246 ἒάν
597 2177 750 2261 γινώσκων
789 2184 904 2256 αίοινος.
935 2179 1030 2246 2*καί
1055 2205 1217 2266 κρυπτεται
1240 2184 1339 2248 Δαυίδ
1361 2186 1393 2249 ἐν

142 2271 205 2344 m}
218 2261 266 2336 ὅτι
285 2263 500 2333 συντετελκσται
517 2260 536 2346 ἢ
554 2270 645 2330 κακία
663 2263 749 2350 παρὰ
787 2261 882 2349 ἀγρῷ,
899 2265 950 2328 καί
962 2272 1156 2368 παραγίνεται
1170 2261 1188 2331 5
1200 2265 1266 2370 μήν,
1278 2269 1329 2331 καὶ
1341 2268 1392 2352 ἔρ-

143 2354 201 2414 τοῦ
214 2342 328 2434 πατρός
339 2372 397 2431 μου
409 2351 464 2411 τοῦ
477 2344 573 2412 ἐλθεῖν
585 2349 634 2414 ἐπὶ
647 2345 690 2423 σὲ,
699 2349 750 2418 καί
785 2369 865 2433 χεται
879 2343 1042 2436 ὁβασιλευς
1055 2349 1106 2414 ἐπὶ
1115 2347 1168 2433 τήν
1178 2351 1323 2434 τραπεζαν
1334 2353 1393 2414 τοῦ

143 2428 195 2499 ἔάν
206 2428 246 2515 μή
259 2420 278 2524 ᾖ
292 2435 330 2508 είς
342 2430 397 2507 τὰς
408 2425 508 2504 πόλεις
522 2456 588 2506 σου,
614 2428 672 2508 ἒγά
687 2427 749 2495 ἀπ-
787 2439 898 2510 φαγεῐν.
921 2426 1006 2494 28uoti
1018 2427 1155 2502 ἐκάθισεν
1168 2435 1218 2498 ε’πί
1229 2431 1284 2536 τήν
1296 2437 1392 2498 καθέ·

143 2515 258 2594 αγγελῶ
270 2541 326 2581 σοι.
363 2515 457 2586 10καί
477 2511 539 2577 εἶπε
557 2513 657 2578 Ααυλδ
672 2511 748 2598 πρὸς
787 2513 863 2598 δραν
883 2511 980 2578 αὐτοῦ
1003 2510 1043 2591 ὡς
1060 2511 1144 2592 ἅπαξ
1167 2521 1217 2583 καί
1240 2518 1322 2594 &aaz
1343 2518 1393 2583 ἐπὶ

140 2594 301 2671 Ἰωνάθαν,
328 2604 372 2673 τίς
385 2594 551 2690 ἀπαγγείλῃ
562 2623 621 2678 μοι,
647 2595 698 2661 ε’ἀν
711 2594 748 2661 ἀ·
787 2601 839 2680 τῆς
850 2598 1001 2683 καθέδρας
1012 2595 1098 2684 παρά
1115 2611 1223 2685 τοῖχον,
1236 2605 1287 2668 καί
1299 2603 1393 2686 προέ-

142 2686 280 2772 ποκριθῇ
293 2677 311 2744 5
323 2675 425 2764 πατήρ
439 2704 493 2744 σου
506 2679 560 2744 σκλ
579 2684 655 2764 ριῦςς
668 2680 750 2751 11καί
788 2689 886 2760 φθασε
898 2680 950 2745 τὸν
960 2676 1119 2757 Ἰωνάθαν,
1131 2686 1183 2748 καὶ
1194 2681 1334 2750 ἐκάθισεν
1341 2682 1393 2750 Ἀ-

143 2706 586 2846 εἷπενἸωνάθανπρὸςΔαυίό,
605 2755 747 2869 πορεύου,
785 2759 886 2850 βεννήρ
909 2765 941 2826 ἔκ
962 2763 1097 2840 πλαγίων
1112 2763 1228 2840 Σαούλ,
1250 2768 1302 2833 καί
1325 2771 1393 2832 ἕπε·

142 2847 195 2911 καί
206 2847 272 2928 μένε
283 2849 323 2920 είς
335 2838 436 2929 ἀγρόν.
466 2844 517 2908 καί
537 2846 748 2930 ἐκπορευονται
787 2848 881 2927 σκέπη
894 2840 912 2909 5
925 2839 1136 2920 τόποςΔαυίδ.
1150 2847 1308 2912 2θκαίσύκ
1321 2841 1392 2912 ἐλά·

143 2924 305 3013 ἀμφότεροι
314 2933 352 3003 εἰς
362 2922 463 3013 ἀγρόν.
475 2928 555 2992 12καί
564 2925 748 3017 εἴπενἸωνά-
787 2927 857 3011 λησε
873 2924 980 2993 Σαούλ
996 2930 1026 2991 ἐν
1044 2932 1083 3010 τῆ
1102 2926 1197 3014 ἡμέρᾳ
1215 2931 1317 3014 ἐκείνη,
1343 2926 1392 2996 ὅτι

143 3022 205 3075 θαν
222 3039 246 3075 π
266 3010 299 3086 ὸς
317 3012 421 3076 Ααυίδ.
447 3006 547 3092 κύριος
565 3007 582 3076 5
601 3010 672 3088 θεὸς
686 3010 747 3077 Ἰσ-
785 3012 878 3095 εἴρηκε
890 3007 1054 3093 σύμπτωμα
1063 2995 1211 3092 φαίνεται,
1237 3002 1392 3100 μήλιαθα-

142 3090 221 3179 ραήλ
234 3038 318 3170 ολδεν,
341 3089 387 3157 ὅτι
401 3091 552 3180 ἀνακρινῶ
564 3092 617 3160 τόν
628 3097 747 3179 πατέρα
804 3093 838 3170 ὸς
851 3093 933 3170 εἶναι,
946 3089 993 3159 ὅτι
1007 3093 1043 3158 οῦ
1057 3091 1283 3181 κεκαθάρισται.
1296 3101 1326 3141 ²⁷
1338 3100 1391 3166 καί

141 3202 198 3260 μου
212 3172 253 3251 ὥς
266 3174 304 3251 ἀν
317 3171 335 3241 5
348 3171 449 3260 καιρός
461 3182 597 3262 τρισσιῦς,
615 3180 668 3243 καί
680 3173 745 3243 ἰδοῦ
784 3120 908 3260 λγενήθη
920 3181 957 3270 τῇ
974 3172 1119 3263 ἐπαύριον
1134 3186 1189 3246 τοῦ
1202 3180 1291 3266 μηνὸς
1303 3187 1343 3266 τῆ
1355 3179 1390 3284 ή

142 3257 264 3337 ἀγαθὸν
276 3246 295 3342 ἦ
308 3259 551 3346 περίΔαυλδ,καί
564 3258 600 3327 οῦ
612 3259 647 3344 μ’
667 3260 747 3326 ἀπο·
783 3263 859 3346 μόρῳ
872 3264 909 3353 τῇ
922 3262 1053 3346 δευτέρῳ,
1079 3265 1131 3329 καὶ
1142 3267 1291 3350 ἐπεσκέπη
1305 3254 1390 3332 5⁴10-

143 3343 248 3408 στείλω
259 3328 335 3430 πρὸς
348 3341 382 3409 σὲ
394 3347 433 3419 είς
446 3339 547 3430 ἀγρόν,
561 3345 588 3386 ¹³
595 3289 665 3410 τάδε
675 3369 747 3410 ποι·
784 3369 845 3420 πος
858 3348 915 3410 τοῦ
926 3346 1031 3416 Δαυίδ.
1057 3350 1108 3413 καί
1120 3348 1182 3415 είπε
1193 3349 1301 3421 Σαούλ
1313 3347 1390 3435 πρὸς

140 3421 209 3510 ήσαι
234 3424 252 3492 ὁ
273 3426 346 3502 θεὸς
368 3430 414 3511 τῷ
434 3422 585 3492 Ἰωνάθαν
606 3429 657 3493 καί
677 3423 747 3503 τάδε
781 3424 935 3496 Ἰωνάθαν
954 3427 1008 3496 τὸν
1024 3427 1089 3497 υίὸν
1106 3429 1209 3504 αῦτσῦ,
1240 3441 1272 3500 τί
1288 3429 1335 3498 ὅτι
1352 3433 1389 3497 οῦ

140 3517 293 3595 πρσςθείη,
307 3504 355 3575 ότι
371 3507 482 3575 ἀνοίσω
499 3506 539 3576 τά
550 3509 629 3574 κακά
643 3511 694 3575 ἐπί
704 3509 746 3586 σὲ,
784 3516 985 3595 παραγέγονεν
1000 3510 1017 3579 5
1032 3513 1095 3590 υίὸς
1110 3513 1217 3584 Ἰεσσαί
1231 3518 1283 3581 καί
1304 3514 1390 3598 ἐχθὲς

140 3595 192 3658 καλ
203 3587 396 3677 ἀποκαλύψω
408 3588 444 3657 τὸ
457 3590 548 3665 ὠτίον
560 3618 623 3667 σου,
636 3595 687 3657 καί
699 3595 747 3669 ἐξ·
785 3597 835 3660 καί
848 3591 974 3684 σήμερον
986 3598 1037 3664 ἐπὶ
1049 3597 1102 3679 τήν
1113 3594 1260 3680 τράπεζαν
1262 3626 1276 3674 ,·
1302 3597 1389 3663 22καί

141 3675 301 3740 αποστελιῦ
311 3700 343 3740 σε
352 3677 403 3740 καί
411 3670 558 3770 ἀπελεύσῃ
569 3680 609 3752 είς
621 3671 747 3780 είρήνην,
784 3674 935 3764 ἀπεκρίθη
944 3676 1096 3748 Ἰωνυίθαν
1108 3677 1270 3760 τῷΣαοδλ,
1284 3679 1335 3742 καί
1347 3677 1389 3741 εῖ-

141 3758 193 3822 καί
205 3760 290 3823 ἔσται
307 3754 407 3843 κύριος
423 3757 499 3842 μετὰ
517 3762 572 3826 σοῦ
591 3769 695 3836 καθως
712 3751 748 3864 ήν
784 3786 838 3826 πεν
851 3760 944 3846 αὐτῷ,
969 3784 1032 3842 παρ
1044 3755 1140 3841 ’τηται
1151 3756 1221 3844 παρ’
1237 3761 1309 3842 ἐμοῦ
1323 3765 1389 3824 Δα-

141 3837 215 3925 μετά
227 3845 283 3906 τοῦ
295 3837 411 3927 πατρός
422 3867 489 3924 μου.
525 3840 555 3884 ¹⁴
568 3844 619 3908 καί
632 3842 685 3910 ἒάν
696 3868 747 3910 ιιεν
785 3844 834 3908 υίδ
845 3846 951 3918 ίωςείς
962 3847 1038 3924 Βηθ
1074 3839 1103 3923 ’μ
1122 3838 1175 3926 τήν
1191 3838 1279 3909 πόλιν
1291 3840 1388 3908 αὐτοῦ

141 3926 185 3989 ἔτι
197 3951 255 4007 μου
268 3926 379 4002 ζῶντος
388 3927 440 3990 καί
448 3923 581 4010 ποιήσεις
591 3925 672 4003 ἔλεος
683 3923 742 4007 μετ’
783 3928 975 4010 πυρωθῆναι.
1001 3925 1031 3967 ²⁹
1044 3927 1096 3991 καί
1106 3925 1194 4003 εἶπεν,
1216 3922 1388 4004 ἐξαπόστει-

141 4009 223 4091 ἐμοῦ,
250 4009 302 4073 καί
337 4006 390 4074 ἐὰν
421 4003 550 4093 θανάτῳ
585 4004 746 4084 ἀποθάνω,
783 4005 837 4072 λον
846 4002 882 4093 δή
895 4032 944 4088 με,
968 4003 1016 4073 ότι
1035 4015 1129 4078 θυσία
1147 4015 1199 4096 τῆς
1217 4012 1309 4096 φυλῆς
1323 4007 1390 4096 ήμῖν

141 4092 167 4135 ¹⁶
181 4090 235 4158 οῦκ
254 4095 365 4178 ἒξαρεῐς
383 4086 463 4167 ἔλεός
480 4117 535 4158 σου
553 4088 687 4157 ἀπὸτοῦ
700 4091 746 4160 οῦ
783 4091 815 4156 ἐν
828 4095 865 4156 t*
878 4086 979 4169 πόλει,
1005 4096 1058 4160 καί
1071 4096 1250 4162 ἐνετείλαντο
1263 4094 1340 4178 πρὸς
1352 4093 1389 4176 μὲ

140 4200 195 4240 κου
206 4202 265 4258 μου
280 4180 335 4252 ἕως
348 4178 405 4240 τοῦ
417 4179 532 4250 αἰῶνος.
550 4176 601 4240 καί
613 4179 639 4240 εί
649 4173 701 4260 μή,
714 4178 746 4241 ἐν
783 4178 815 4241 σί
826 4119 953 4260 ἀδελφοί
962 4205 1028 4260 μου.
1053 4181 1106 4245 καὶ
1117 4184 1168 4245 νῦν
1181 4184 1205 4242 εί
1217 4173 1325 4260 εῦρηκα
1334 4176 1389 4261 χά-

140 4260 186 4339 τῳῦ
197 4261 319 4344 ἐξαίρειν
335 4252 438 4342 κύριον
450 4254 521 4334 τοὺς
539 4257 666 4362 ἐχθρούς
679 4263 746 4325 Λα·
783 4284 829 4344 ριν
840 4263 872 4329 ἐν
885 4258 1056 4346 ὀφθαλμοῖς
1068 4287 1121 4327 σου
1124 4307 1135 4335 ,
1160 4254 1338 4358 διαβήσομαι
1350 4261 1387 4339 δή

139 4339 189 4404 υλδ
211 4345 338 4407 ἕκαστον
354 4336 488 4406 ἀπὸτοῦ
505 4366 670 4425 προςαπου
692 4346 746 4445 τής
783 4346 835 4410 καί
855 4343 972 4426 ὄψομαι
992 4339 1062 4415 τούς
1080 4340 1227 4420 ἀδελφους
1244 4368 1310 4422 μου.
1337 4344 1387 4408 διὰ

138 4427 205 4506 γῆς,
231 4419 386 4506 εὑρεθῆναι
406 4419 441 4487 τὸ
459 4421 552 4505 ὄνομα
565 4428 622 4489 τοῦ
637 4424 743 4490 Ἰωνα-
781 4429 874 4491 τοῦτο
885 4422 923 4489 οῦ
935 4424 1136 4506 παραγέγονεν
1148 4425 1199 4489 ἐπὶ
1213 4422 1264 4508 τήν
1277 4423 1389 4511 τράπε-

138 4516 198 4571 θαν
211 4503 275 4572 ἀπὸ
295 4511 349 4570 τοῦ
367 4507 450 4572 οἴκου
466 4505 574 4582 Δαυίδ,
592 4508 644 4572 καί
661 4507 744 4591 ίκζη-
784 4508 837 4584 ζαν
860 4507 919 4570 τοῦ
940 4503 1093 4591 βασιλέως.
1120 4507 1151 4553 ³⁰
1163 4510 1215 4575 καί
1240 4506 1388 4613 ἔθυμξύθη

1311 4598 1387 4680 οωῦ
