2924 4972
174 217 239 285 478
476 219 672 279 mm
691 216 902 279 πεππου
943 213 1117 295 mm.

176 339 245 408 οῦτε
264 338 317 405 τόν
333 342 451 442 πατέρα
462 340 619 420 μέμνηται,
645 336 716 401 οὕτε
728 333 782 420 την
812 334 893 410 κοςὸ
907 334 996 409 οἶνος,
1011 333 1111 408 άδικος
1124 331 1141 398 5
1153 334 1303 419 βασιλεῦς,
1326 335 1424 402 ἀδικοι

174 425 297 510 μητέρα,
311 421 380 486 οὕτε
394 446 447 504 την
458 401 566 506 χιόραν.
580 420 668 483 22καί
680 421 779 483 έντεῦ-
812 422 846 483 αἰ
857 428 1000 496 γυναῖκες,
1015 416 1110 482 άδικοι
1124 413 1232 492 πάντες
1244 422 1277 481 οῖ
1290 421 1351 482 υίοί
1364 425 1426 485 τιῦν

175 519 228 571 θεν
241 507 285 569 δεῖ
301 501 375 588 ῦμᾶς
386 509 510 581 γνιῦναι,
537 498 585 566 δτι
603 505 636 565 αἶ
649 513 782 578 γυναῖκες
812 497 997 586 ἀνθρώπων,
1015 502 1068 565 καὶ
1080 498 1168 563 ἀδικα
1180 498 1281 565 πάντα
1294 499 1334 565 τά
1349 505 1424 587 ἔργα

176 585 358 676 κυριεύουσιν
377 584 464 668 ὑμῶν.
496 583 561 668 οῦχί
577 596 703 658 πονεῖτε,
731 586 782 649 καί
812 582 913 648 αῦτιῦν
932 583 971 648 τά
989 586 1133 656 τοιαῦτα,
1159 585 1211 647 καί
1228 582 1284 648 οῦκ
1298 587 1380 648 ἐστιν
1393 590 1425 649 ἐν

173 682 324 755 μοχθεῖτε,
349 672 400 734 καί
415 665 516 735 πάντα
532 679 598 741 ταῖς
610 669 723 744 γυναιξί
736 669 781 731 δί-
812 665 915 741 αὐτοῖς
928 664 1071 747 ἀλήθεια,
1093 668 1144 728 καὶ
1156 669 1187 729 ἒν
1199 671 1236 760 τῇ
1249 664 1350 750 ἀδικίᾳ
1365 668 1425 732 αῦ-

174 756 241 820 δοτε
255 755 306 818 καὶ
318 755 416 836 φέρετε
420 779 432 829 ,·
445 753 531 815 23καὶ
543 746 683 836 λαμβάνει
696 749 714 813 5
728 749 780 814 άν-
811 753 872 814 τῶν
886 749 1078 816 ἀπολοῦνται.
1093 745 1211 826 ”mlh
1227 746 1356 832 ἀλήθεια
1368 754 1425 834 με’-

172 847 300 919 θρωπος
313 836 368 920 την
380 838 531 919 ῥομφαίαν
544 833 649 909 αὐτοῦ,
668 835 718 898 καί
732 837 781 898 έκ-
811 856 849 896 νει
862 836 913 897 καί
926 829 1014 917 ἰσχύει
1028 837 1068 906 εἰς
1080 829 1134 896 τὸν
1146 836 1252 908 αἰιῦνα,
1262 835 1313 896 καί
1324 835 1360 914 ζῆ
1370 838 1425 899 καί

172 916 331 1002 πορεύεται
350 914 486 994 ἐξοδεύειν
504 917 555 981 καί
568 914 717 999 ληστεῦειν
729 918 779 982 καί
811 927 916 1020 κρατεῖ
922 920 961 990 εἰς
972 915 1025 980 τὸν
1036 918 1132 978 αἰώνα
1142 919 1196 977 τοῦ
1207 920 1325 992 αἰιῦνος,
1334 905 1424 981 79καί

172 1002 319 1076 κλέπτειν,
341 1003 391 1065 καί
405 1005 444 1076 εἰς
457 998 511 1083 τίην
523 989 685 1064 θάλασσαν
697 1000 781 1064 πλεῖν
812 1025 865 1064 ουκ
883 1001 944 1063 έοτι
961 995 1033 1081 παρ’
1050 994 1144 1079 αῦτην
1163 994 1317 1085 λαμβάνειν
1328 996 1423 1085 πρός-

171 1086 223 1149 καί
235 1083 398 1167 ποταμούς,
414 1086 502 1147 27καί
515 1078 568 1147 τόν
579 1083 688 1148 λέοντα
699 1093 779 1147 θεω-
811 1109 895 1158 ωπα,
921 1079 988 1146 οῦδὲ
1002 1075 1147 1165 διάφορα,
1172 1080 1251 1145 ἀλλά
1263 1081 1303 1145 τά
1316 1083 1422 1148 δίκαια

172 1179 230 1253 ρεῖ,
255 1170 307 1232 καί
326 1171 356 1231 ἐν
375 1162 472 1231 σκότει
489 1166 607 1252 βαδίζει.
634 1168 686 1231 καί
704 1161 779 1230 όταν
809 1175 893 1231 ποιεῖ
903 1162 967 1230 ἀπὸ
977 1159 1099 1229 πάντων
1108 1166 1168 1227 τῶν
1177 1162 1289 1230 ἀδίκων
1299 1167 1351 1230 καί
1361 1192 1421 1230 πο-

171 1251 270 1335 κλέφη
291 1253 343 1314 καί
359 1244 483 1353 ἆρπάση
504 1250 556 1312 καί
572 1247 779 1333 λωποδυτᾷση,
810 1252 915 1334 νηριῦν.
940 1250 992 1312 καί
1003 1242 1112 1321 πάντες
1125 1245 1278 1311 εῦδοκοῦσι
1291 1260 1355 1323 τοῖς
1369 1252 1420 1332 ἔρ-

171 1338 209 1416 m}
231 1336 358 1419 ἐρωμένη
378 1336 530 1417 αποφέρει.
570 1332 599 1375 ²⁵
613 1334 664 1397 καί
677 1323 780 1397 πλεῖόν
809 1358 871 1410 γοις
883 1328 985 1415 αῦτᾷς,
998 1330 1088 1394 40καί
1102 1326 1156 1393 οῦκ
1170 1333 1247 1395 ἔστιν
1259 1333 1291 1396 ἐν
1302 1336 1341 1423 τῇ
1356 1337 1420 1418 κρί-

173 1406 278 1497 ἀγαπᾷ
304 1406 467 1500 ἀν’θρωπος
490 1412 544 1497 τὴν
562 1415 638 1478 ἰδίαν
655 1426 779 1492 γυναῖκα
811 1440 852 1478 σει
873 1412 965 1497 αῦτᾷς
979 1411 1065 1478 οῦδὲν
1077 1411 1185 1478 άδικον.
1210 1416 1262 1477 καὶ
1280 1411 1371 1495 αῦτη,
1397 1411 1417 1497 ἦ

171 1497 285 1581 μᾶλλον
299 1496 317 1580 ἢ
330 1497 383 1561 τὸν
394 1499 512 1581 πατέρα
525 1500 576 1562 καί
591 1495 646 1579 τὴν
657 1501 777 1582 μητέρα.
811 1495 900 1582 ἰσχῦς,
914 1500 964 1561 καί
977 1492 1013 1560 τὸ
1022 1494 1179 1582 βασίλειον,
1192 1499 1243 1559 καί
1257 1493 1274 1579 ἦ
1289 1499 1416 1575 ἐξουσία,

171 1579 377 1643 26καὶπολλσὶ
389 1576 600 1663 ἀπενοᾷθησαν
611 1591 677 1654 ταῖς
692 1581 779 1654 ἰδίαις
808 1584 859 1644 καὶ
884 1577 903 1664 ἢ
922 1575 1108 1684 μεγαλειότης
1125 1584 1187 1642 τιῦν
1201 1574 1326 1643 πάντων
1342 1577 1417 1644 αἰά-

172 1662 314 1737 διανοίαις
327 1661 375 1726 διά
390 1661 443 1737 τάς
454 1673 603 1738 γυναῖκας,
613 1664 664 1727 καί
676 1663 778 1728 δοῦλοι
809 1688 875 1728 νων.
903 1659 1063 1748 ευλσγητός
1082 1659 1183 1737 ὁθεός
1196 1666 1248 1745 τῆς
1261 1662 1416 1746 ἀληθείας.

172 1747 308 1822 ἐγένοντο
335 1743 369 1809 δι’
398 1742 508 1819 αῦτάς,
546 1748 576 1787 ²⁷
593 1747 645 1810 καὶ
669 1744 779 1810 πολλοὶ
808 1747 838 1788 ⁴¹
850 1749 901 1810 καὶ
914 1742 1055 1828 ίσιιύπησε
1067 1749 1123 1809 τοῦ
1136 1745 1243 1809 λαλεῖν.
1264 1749 1315 1809 καὶ
1326 1743 1416 1819 πάςὸ

171 1823 332 1891 ἀπώλοντο
356 1831 408 1892 καί
426 1823 598 1912 ἐσφάλησαν
615 1830 666 1891 καί
683 1824 778 1914 ἦμάρ-
808 1828 881 1902 λαὸς
906 1825 974 1893 τότε
999 1823 1139 1910 ε’φάνησε.
1168 1830 1219 1893 καί
1235 1825 1303 1891 τότε
1319 1827 1415 1892 εἶπον.

169 1935 263 1975 τοσαν
275 1908 326 1974 διά
339 1907 549 1988 τάςγυναῖκας.
567 1913 599 1954 ²⁸
610 1914 661 1976 καί
674 1917 725 1977 νῦν
740 1909 777 1976 οῦ
807 1906 919 1994 μεγάλη
946 1908 963 1994 ἦ
990 1907 1133 1994 ἀλήθεια,
1166 1913 1217 1975 καί
1241 1907 1415 1995 ὑπερισχύει.

170 1988 324 2058 πιστεύετέ
330 2019 382 2076 μοι
387 2019 399 2069 ,·
425 1992 490 2077 οῦχί
508 1997 597 2097 μέγας
613 1991 778 2079 ὃβασιλεύς
808 1995 839 2036 ⁴²
852 1989 919 2057 τότε
937 1990 1104 2080 όβασιλεὺς
1121 1992 1199 2057 εἶπεν
1211 1990 1303 2076 αῦτᾷ.
1330 1997 1417 2077 αἴτη-

169 2080 207 2168 τῇ
221 2077 342 2157 ἐξουσίᾳ
356 2072 468 2154 αῦτοῦς
484 2078 550 2160 ουχὶ
562 2081 659 2141 πῦσαι
673 2081 705 2141 αἰ
717 2080 778 2161 χώ-
809 2103 859 2142 σαι
873 2072 892 2140 ὃ
905 2077 999 2150 θέλεις
1015 2076 1108 2140 πλείω
1125 2081 1186 2139 τῶν
1196 2078 1415 2178 γεγραμμένων,

169 2185 221 2243 ραι
259 2155 452 2244 εὐλαβοῦνται
485 2155 631 2242 ἀφασθαι
663 2156 777 2236 αὐτοῦ,Ι
808 2161 860 2224 καί
883 2155 1018 2241 διάσομέν
1037 2185 1084 2224 σοι
1108 2154 1143 2222 δν
1159 2155 1274 2262 τρόπον
1292 2167 1416 2244 ευρέθης

169 2243 200 2284 ²⁰
214 2238 365 2326 ἐθεώρουν
389 2238 482 2307 αὐτὸν
501 2245 553 2306 καί
571 2237 707 2325 Ἀπάμην
724 2237 777 2325 τὴν
808 2238 989 2327 σοφώτερος,
1007 2243 1059 2306 καί
1071 2235 1203 2325 ἐχόμενος
1214 2268 1272 2322 μου
1284 2240 1415 2327 καθᾷση,

168 2324 326 2407 θυγατέρα
338 2319 504 2410 Βαρτάκου
521 2328 575 2389 τοῦ
587 2330 776 2408 θαυμαστοῦ,
807 2327 860 2388 καί
885 2320 1021 2409 συγγενᾷς
1038 2350 1095 2406 μου
1113 2320 1260 2411 κληθᾷση.
1300 2327 1332 2368 ⁴³
1346 2315 1415 2390 τότε

168 2407 223 2489 τὴν
246 2405 404 2492 παλλακὴν
423 2412 478 2474 τοῦ
495 2407 653 2493 βασιλέως,
679 2417 776 2490 καθη-
806 2406 870 2472 εἰπε
888 2413 932 2509 τᾷ
945 2408 1067 2495 βασιλεῖ.
1092 2404 1238 2509 μνᾷσθηφι
1250 2404 1305 2511 τῂν
1318 2406 1413 2493 εὐχὴν,

1261 313 1423 324 -..---

168 2494 255 2574 μένην
277 2493 309 2554 ἐν
326 2492 406 2573 δεξιᾷ
421 2494 478 2555 τοῦ
496 2490 643 2575 βασιλέως
681 2491 713 2533 ³⁰
725 2491 776 2554 καί
806 2486 842 2573 ἢν
858 2489 952 2573 ηῦξω,
979 2492 1172 2596 οἰκοδομησαι
1190 2516 1244 2574 την
1270 2499 1413 2576 Ιερουσα·

169 2572 361 2658 ἀφαιροῦσαν
377 2572 414 2636 τό
433 2572 560 2655 διάδημα
577 2571 641 2638 ἀπὸ
660 2577 712 2656 τᾷς
728 2598 775 2637 κε-
806 2570 865 2657 λημ
877 2577 909 2637 ἐν
934 2578 971 2666 τῇ
989 2571 1084 2658 ἡμέρᾳ
1103 2600 1123 2667 η
1141 2571 1177 2639 τό
1194 2572 1343 2661 βασίλειόν
1358 2601 1414 2639 σου

168 2656 265 2739 φαλης
277 2661 331 2720 τοῦ
342 2656 502 2742 βασιλέως,
515 2659 565 2721 καί
578 2660 775 2720 ἐπιτιθοῦσαν
806 2655 979 2742 παρέλαβες,
998 2657 1031 2699 ⁴⁴
1044 2658 1095 2720 καί
1106 2653 1207 2722 πάντα
1219 2655 1259 2722 τά
1272 2654 1361 2740 σκεύη
1375 2659 1423 2723 τά,

168 2740 267 2827 ἑαυτῇ.
305 2741 358 2801 καὶ
375 2736 507 2840 ἐρ’ῥάπιζη
526 2738 720 2839 τὸνβασιλέα
737 2743 774 2825 τῇ
806 2738 963 2841 ληφθέντα
980 2741 1011 2816 ἐξ
1025 2737 1218 2846 Ἶερουσαλημ
1235 2742 1286 2804 καί
1305 2745 1415 2822 ἐκπέμ.

1272 2822 1278 2841 Ι

168 2817 320 2905 ἀριστερᾷ,
347 2821 373 2860 ³¹
386 2823 437 2884 καί
453 2846 529 2906 προς
546 2845 664 2895 τουτοις
683 2845 701 2883 ο
718 2825 774 2906 βα-
806 2841 863 2905 φαι
876 2849 897 2886 α
910 2825 1027 2906 ἐχωρισε
1040 2829 1159 2909 Κῦρος,
1178 2849 1227 2888 οτε
1240 2822 1351 2906 ηῦξατο
1364 2828 1413 2888 ἕκ-

169 2900 263 2976 σιλεῦς
279 2896 398 2986 χάσκων
416 2901 453 2965 τὸ
471 2900 567 3006 στόμα
584 2899 703 2987 ἕθειύρει
718 2901 774 2967 αῦ-
806 2900 902 2986 κόψαι
914 2905 1097 2990 Βαβυλῶνα,
1115 2909 1165 2970 καί
1178 2905 1289 2990 ηῦξατο
1303 2909 1414 2982 ἐξαπο-

167 2981 229 3065 την.
257 2986 309 3049 καί
321 2982 374 3046 ἰάν
385 2985 571 3068 προςγελαοη
585 2983 680 3067 αῦτῷ,
692 2985 772 3068 γελᾷ.
806 2986 916 3051 στεῖλαι
939 2992 1002 3051 ἐκεῖ.
1029 2987 1061 3031 4⁵
1074 2991 1126 3052 καί
1142 2986 1177 3053 σὺ
1195 2988 1276 3072 ηῦξω
1294 2991 1414 3055 οἰκοδο-

167 3064 263 3130 ἐὰνδὲ
275 3072 428 3149 πικρανθῆ
442 3065 486 3130 ἐπ’
502 3059 606 3144 αῦίὸν,
625 3065 774 3133 κολακεύει
805 3075 897 3152 μησαι
906 3069 959 3134 τὸν
969 3067 1039 3136 ναόν
1048 3067 1083 3133 ὃν
1091 3067 1264 3153 ἐνεπύρισαν
1272 3075 1304 3133 οἱ
1314 3070 1414 3135 Ἰδου-

167 3147 276 3223 αῦτὴν,
303 3144 387 3222 ὅπως
410 3141 556 3242 ’διαλλαγῇ
576 3149 667 3231 αὐτᾷ.
705 3140 773 3214 77υἰ
805 3165 903 3236 μαῖοι,
928 3149 977 3217 δτε
994 3146 1138 3235 ἢρημιύθη
1155 3148 1174 3232 ἢ
1194 3147 1332 3214 Ἰουδαία
1351 3150 1413 3216 ύπό

167 3228 280 3317 ἀνδρες,
297 3235 363 3306 πῶς
381 3229 447 3316 οὐχί
460 3233 577 3316 ἰσχυραὶ
589 3237 622 3298 αἱ
632 3244 773 3310 γυναῖκες,
806 3240 865 3299 τιῦν
877 3236 1048 3300 Χαλδαίων.
1061 3232 1150 3295 46καί
1162 3234 1212 3295 νῦν
1223 3229 1316 3295 τοῦτό
1329 3237 1414 3298 ἐστιν

166 3311 212 3378 ότι
232 3311 328 3390 οὕτως
345 3309 514 3400 πράσσουσι
518 3344 531 3393 ,·
556 3317 585 3357 ³³
598 3319 648 3381 καί
668 3312 737 3381 τότε
756 3315 773 3382 5
806 3314 866 3382 όσε
880 3318 953 3395 ἀξιῶ
967 3313 1045 3404 κύριε
1057 3313 1187 3402 βασιλεῦ,
1210 3308 1290 3377 καίδ
1303 3317 1411 3378 αἰτοῦ-

165 3398 300 3484 βασιλεύς
313 3401 365 3463 καί
380 3402 411 3463 οἰ
421 3402 586 3481 μεγιστᾶνες
599 3398 723 3485 ἔβλεπον
736 3400 774 3476 είς
805 3408 860 3483 μαί
871 3427 919 3475 σε,
942 3402 994 3464 καί
1007 3396 1083 3482 αῦτη
1096 3399 1173 3464 ἐστίν
1185 3391 1204 3480 ἡ
1218 3393 1411 3481 μεγαλωσύνη

165 3481 219 3546 τόν
244 3488 353 3568 ἕτερον.
383 3485 435 3548 καί
459 3480 571 3584 η’ρξατο
589 3481 690 3547 λαλεῖν
707 3486 774 3569 περὶ
807 3482 928 3567 ηπαρά
945 3488 1007 3548 σοῦ.
1033 3483 1134 3562 δέομαι
1152 3467 1206 3545 οῦν
1222 3483 1272 3544 ἵνα
1284 3475 1411 3572 ποιησης

165 3570 217 3648 τῆς
231 3564 381 3649 ἀληθείας.
407 3563 440 3607 ³⁴
453 3565 566 3649 ἀνδρες,
579 3562 644 3648 οῦχὶ
658 3570 774 3650 ἰσχυραί
807 3566 860 3669 την
884 3562 982 3649 εῦχην,
1007 3561 1044 3649 ἣν
1063 3563 1141 3648 ηῦξοο
1158 3567 1201 3647 τᾷ
1219 3561 1335 3648 βασιλεῖ
1355 3567 1411 3628 τοῦ

167 3651 200 3710 αἱ
211 3659 357 3727 γυναῖκες,
374 3643 484 3731 μεγάλη
499 3645 516 3732 ἢ
529 3651 578 3731 γᾷ,
591 3649 642 3710 καὶ
656 3644 773 3731 ῦφηλός
806 3653 955 3736 ουρανοῦ,
981 3652 1106 3750 ποιησαι
1129 3649 1161 3710 ἐκ
1179 3641 1326 3727 στόματός
1348 3671 1412 3712 σου.

167 3726 185 3791 5
212 3728 351 3813 οὐρανός,
377 3732 428 3793 καὶ
450 3729 539 3815 ταχύς
564 3734 608 3814 τᾷ
629 3727 730 3814 δρόμῳ
754 3729 771 3794 ὁ
806 3732 837 3775 ⁴⁷
850 3728 917 3796 τότε
942 3729 1076 3804 άναοτας
1093 3736 1220 3817 Δαρεῖος
1242 3727 1415 3815 ὁβασιλεὺς

168 3806 264 3889 ἥλιος,
277 3807 322 3875 ότι
336 3813 490 3895 στρέφεται
503 3818 535 3878 ἐν
548 3817 592 3894 τῷ
605 3808 703 3895 κύκλῳ
715 3819 771 3880 τοῦ
806 3815 993 3896 κατεφίλησεν
1007 3813 1108 3889 αὐτὸν,
1121 3814 1173 3877 καί
1185 3815 1315 3898 ἔγραψεν
1328 3811 1415 3895 αίτᾷ

167 3891 314 3973 ούρανοῦ,
332 3897 383 3957 καί
394 3890 485 3958 πάλιν
498 3896 653 3980 ἀποτρέχει
669 3901 708 3969 εἰς
720 3891 773 3958 τόν
806 3897 860 3971 τὰς
877 3894 1037 3972 ἐπιστολάς
1053 3895 1131 3982 πρὸς
1147 3892 1263 3970 πάντας
1279 3894 1350 3970 τοὺς
1368 3900 1415 3960 σί-

167 3979 278 4038 εαυτοῦ
295 3972 391 4039 τόπον
408 3979 439 4039 ἒν
449 3981 504 4059 μιᾷ
521 3974 626 4060 ἡμέρᾳ.
663 3977 693 4020 ³⁵
706 3979 772 4060 οῦχί
806 3975 958 4064 κονάμους,
971 3981 1023 4045 καί
1035 3975 1201 4065 τοπάρχας,
1220 3980 1271 4042 καί
1284 4003 1415 4064 στρατη-

165 4057 255 4134 μέγας
268 4052 301 4131 ὃς
314 4061 410 4121 ταῦτα
427 4068 522 4136 ποιεῖ,Ι
548 4060 599 4122 καί
612 4055 630 4141 ἦ
644 4056 771 4141 ἀλήθεια
805 4059 889 4139 γοὺς,
911 4065 964 4127 καί
978 4056 1146 4147 σατράπας,
1163 4067 1213 4126 ἵνα
1224 4062 1416 4145 προπέμψω-

165 4135 277 4222 μεγάλη
296 4141 347 4203 καί
366 4143 541 4241 ἰσχυροτέρα
557 4138 642 4225 παρά
659 4139 770 4206 πάντα.
806 4168 850 4209 σιν
862 4143 955 4211 αῦτὸν
971 4149 1022 4210 καί
1034 4143 1104 4219 τοῦς
1115 4142 1174 4227 μετ’
1191 4141 1287 4208 αὐτοῦ
1298 4140 1416 4216 πάντας

166 4220 198 4264 ³⁶
209 4225 295 4286 πάσα
308 4249 326 4305 η
338 4246 376 4304 γη
389 4246 442 4324 την
454 4223 597 4305 αληθειαν
609 4223 703 4304 καλεῖ,
721 4228 772 4290 καὶ
805 4227 1020 4315 ἀναβαίνοντας
1032 4228 1223 4310 οἰκοδομῆσαι
1236 4224 1290 4310 την
1302 4223 1414 4312 Ἰερου-

166 4299 184 4367 ὁ
202 4301 329 4389 οὐρανὸς
347 4301 443 4387 αῦτην
456 4303 581 4382 εῦλογεῖ,
608 4309 659 4370 καί
670 4307 772 4374 πάντα
805 4309 913 4396 σαλημ.
936 4313 969 4355 ⁴⁸
980 4313 1032 4375 καί
1043 4316 1119 4376 πάσι
1132 4321 1197 4385 τοῖς
1208 4305 1372 4396 τοπάρχαις
1384 4311 1415 4372 έν

164 4385 205 4452 τά
230 4390 303 4474 ἔργα
322 4393 426 4453 σείεται
444 4389 495 4453 καί
514 4391 623 4494 τρέμει,
650 4394 700 4456 καί
717 4393 772 4457 οῦκ
805 4395 890 4477 κοίλη
908 4400 1024 4479 Συρίᾳ,
1049 4397 1100 4458 καί
1117 4398 1260 4475 Φοινίκη,
1287 4396 1416 4466 καὶτοῖς

164 4472 228 4537 έστι
246 4470 304 4559 μετ’
321 4469 637 4558 αῦτᾷςοίδικονουδέν.
664 4477 693 4519 37
707 4476 772 4543 ἀδι-
805 4481 836 4543 ἐν
860 4468 905 4565 ίᾷ
929 4473 1056 4566 Λιβάνῳ
1087 4465 1417 4563 ἐγραφεν’ἒπιστολο“ις,

1326 4582 1419 4642 μετα·
