<?xml version="1.0" encoding="UTF-8"?>
<!DOCTYPE html PUBLIC "-//W3C//DTD XHTML 1.0 Transitional//EN"
    "http://www.w3.org/TR/xhtml1/DTD/xhtml1-transitional.dtd">
<html xmlns="http://www.w3.org/1999/xhtml" xml:lang="en" lang="en">
 <head>
  <title>
</title>
<meta http-equiv="Content-Type" content="text/html;charset=utf-8" />
  <meta name='ocr-system' content='tesseract 3.04.00' />
  <meta name='ocr-capabilities' content='ocr_page ocr_carea ocr_par ocr_line ocrx_word'/>
</head>
<body>
  <div class='ocr_page' id='page_1' title='image "./vetustestamentu00essgoog_0439.png"; bbox 0 0 2924 4972; ppageno 0'>
   <div class='ocr_carea' id='block_1_1' title="bbox 103 205 1115 284">
    <p class='ocr_par' dir='ltr' id='par_1_1' title="bbox 103 205 1115 284">
     <span class='ocr_line' id='line_1_1' title="bbox 103 205 1115 284; baseline -0.009 -4"><span class='ocrx_word' id='word_1_1' title='bbox 103 209 170 280; x_wconf 71' lang='lat'><strong><em>384</em></strong></span> <span class='ocrx_word' id='word_1_2' title='bbox 338 211 635 274; x_wconf 70' lang='grc' dir='ltr'><strong><em>ΒΑΣΙΑΕιαιν</em></strong></span> <span class='ocrx_word' id='word_1_3' title='bbox 659 209 897 270; x_wconf 75' lang='grc' dir='ltr'><strong><em>υσυΑΡτἮ</em></strong></span> <span class='ocrx_word' id='word_1_4' title='bbox 936 210 1013 284; x_wconf 64' lang='grc' dir='ltr'><strong><em>Κεφ.</em></strong></span> <span class='ocrx_word' id='word_1_5' title='bbox 1027 205 1071 269; x_wconf 77' lang='grc' dir='ltr'><strong><em>ε’.</em></strong></span> <span class='ocrx_word' id='word_1_6' title='bbox 1085 210 1115 271; x_wconf 86' lang='grc'><strong><em>9.</em></strong></span> 
     </span>
    </p>
   </div>
   <div class='ocr_carea' id='block_1_2' title="bbox 102 314 1349 2315">
    <p class='ocr_par' dir='ltr' id='par_1_2' title="bbox 102 314 1349 2315">
     <span class='ocr_line' id='line_1_2' title="bbox 102 314 1348 411; baseline 0.002 -21"><span class='ocrx_word' id='word_1_7' title='bbox 102 334 177 411; x_wconf 82' lang='grc' dir='ltr'><strong><em>χειρί</em></strong></span> <span class='ocrx_word' id='word_1_8' title='bbox 187 352 258 401; x_wconf 93' lang='grc' dir='ltr'><strong><em>σου,</em></strong></span> <span class='ocrx_word' id='word_1_9' title='bbox 277 327 328 390; x_wconf 81' lang='grc' dir='ltr'><strong><em>καλ</em></strong></span> <span class='ocrx_word' id='word_1_10' title='bbox 340 327 425 409; x_wconf 81' lang='grc' dir='ltr'><strong><em>δεῦρο</em></strong></span> <span class='ocrx_word' id='word_1_11' title='bbox 439 326 477 394; x_wconf 81' lang='grc' dir='ltr'><strong><em>είς</em></strong></span> <span class='ocrx_word' id='word_1_12' title='bbox 485 318 625 401; x_wconf 79' lang='grc' dir='ltr'><strong><em>Ῥεμμώθ</em></strong></span> <span class='ocrx_word' id='word_1_13' title='bbox 642 324 709 383; x_wconf 91' lang='grc' dir='ltr'><strong><em>Γα·</em></strong></span> <span class='ocrx_word' id='word_1_14' title='bbox 742 324 803 383; x_wconf 78' lang='grc' dir='ltr'><strong><em>τῶν</em></strong></span> <span class='ocrx_word' id='word_1_15' title='bbox 828 314 1021 402; x_wconf 80' lang='grc' dir='ltr'><strong><em>ἀναβύθμων.</em></strong></span> <span class='ocrx_word' id='word_1_16' title='bbox 1047 323 1098 383; x_wconf 83' lang='grc' dir='ltr'><strong><em>καὶ</em></strong></span> <span class='ocrx_word' id='word_1_17' title='bbox 1123 319 1291 390; x_wconf 80' lang='grc' dir='ltr'><strong><em>έσύλπισαν</em></strong></span> <span class='ocrx_word' id='word_1_18' title='bbox 1317 328 1348 392; x_wconf 78' lang='grc' dir='ltr'><strong><em>ἒν</em></strong></span> 
     </span>
     <span class='ocr_line' id='line_1_3' title="bbox 102 399 1344 504; baseline -0.001 -31"><span class='ocrx_word' id='word_1_19' title='bbox 102 405 189 474; x_wconf 81' lang='grc' dir='ltr'><strong><em>λαύδ.</em></strong></span> <span class='ocrx_word' id='word_1_20' title='bbox 215 411 295 473; x_wconf 76' lang='grc' dir='ltr'><strong><em>2καὶ</em></strong></span> <span class='ocrx_word' id='word_1_21' title='bbox 311 407 450 504; x_wconf 79' lang='grc' dir='ltr'><strong><em>είςελεύση</em></strong></span> <span class='ocrx_word' id='word_1_22' title='bbox 470 407 544 476; x_wconf 75' lang='grc' dir='ltr'><strong><em>ἐκεῖ,</em></strong></span> <span class='ocrx_word' id='word_1_23' title='bbox 570 399 709 482; x_wconf 77' lang='grc' dir='ltr'><strong><em>καλύψει</em></strong></span> <span class='ocrx_word' id='word_1_24' title='bbox 740 406 888 493; x_wconf 79' lang='grc' dir='ltr'><strong><em>κερατίνη,</em></strong></span> <span class='ocrx_word' id='word_1_25' title='bbox 902 403 952 463; x_wconf 79' lang='grc' dir='ltr'><strong><em>καὶ</em></strong></span> <span class='ocrx_word' id='word_1_26' title='bbox 965 400 1058 465; x_wconf 75' lang='grc' dir='ltr'><strong><em>εἶπαν.</em></strong></span> <span class='ocrx_word' id='word_1_27' title='bbox 1084 404 1264 487; x_wconf 71' lang='grc' dir='ltr'><strong><em>ἐβασίλευσεν</em></strong></span> <span class='ocrx_word' id='word_1_28' title='bbox 1272 402 1344 472; x_wconf 84' lang='grc' dir='ltr'>Ἰού.</span> 
     </span>
     <span class='ocr_line' id='line_1_4' title="bbox 103 480 1349 591; baseline 0 -35"><span class='ocrx_word' id='word_1_29' title='bbox 103 495 162 557; x_wconf 80' lang='grc' dir='ltr'><strong><em>ἐκεῖ</em></strong></span> <span class='ocrx_word' id='word_1_30' title='bbox 169 487 232 557; x_wconf 84' lang='grc' dir='ltr'><strong><em>Ἰού</em></strong></span> <span class='ocrx_word' id='word_1_31' title='bbox 245 490 310 555; x_wconf 75' lang='grc' dir='ltr'><strong><em>υἱόν</em></strong></span> <span class='ocrx_word' id='word_1_32' title='bbox 319 489 472 565; x_wconf 86' lang='grc' dir='ltr'><strong><em>Ἰωσαφατ</em></strong></span> <span class='ocrx_word' id='word_1_33' title='bbox 486 488 551 548; x_wconf 79' lang='grc' dir='ltr'>υἱοῦ</span> <span class='ocrx_word' id='word_1_34' title='bbox 563 486 709 566; x_wconf 81' lang='grc' dir='ltr'><strong><em>Ναμεοσλ,</em></strong></span> <span class='ocrx_word' id='word_1_35' title='bbox 740 483 769 525; x_wconf 87' lang='lat'><strong><em>¹⁴</em></strong></span> <span class='ocrx_word' id='word_1_36' title='bbox 783 486 834 546; x_wconf 79' lang='grc' dir='ltr'><strong><em>καὶ</em></strong></span> <span class='ocrx_word' id='word_1_37' title='bbox 847 480 1030 591; x_wconf 82' lang='grc' dir='ltr'><strong><em>συνεστρύφη</em></strong></span> <span class='ocrx_word' id='word_1_38' title='bbox 1040 482 1101 549; x_wconf 86' lang='grc' dir='ltr'><strong><em>Ἰού</em></strong></span> <span class='ocrx_word' id='word_1_39' title='bbox 1116 484 1178 560; x_wconf 81' lang='grc' dir='ltr'><strong><em>υἱός</em></strong></span> <span class='ocrx_word' id='word_1_40' title='bbox 1188 485 1349 571; x_wconf 84' lang='grc' dir='ltr'><strong><em>Ἰωσαφὰτ</em></strong></span> 
     </span>
     <span class='ocr_line' id='line_1_5' title="bbox 104 561 1349 675; baseline -0.004 -34"><span class='ocrx_word' id='word_1_41' title='bbox 104 577 156 641; x_wconf 85' lang='grc' dir='ltr'><strong><em>καὶ</em></strong></span> <span class='ocrx_word' id='word_1_42' title='bbox 168 573 304 675; x_wconf 83' lang='grc' dir='ltr'><strong><em>εἰςελεύση</em></strong></span> <span class='ocrx_word' id='word_1_43' title='bbox 317 572 367 635; x_wconf 82' lang='grc' dir='ltr'><strong><em>καὶ</em></strong></span> <span class='ocrx_word' id='word_1_44' title='bbox 385 561 558 649; x_wconf 64' lang='grc' dir='ltr'><strong><em>ἀναστήσεις</em></strong></span> <span class='ocrx_word' id='word_1_45' title='bbox 571 565 666 630; x_wconf 82' lang='grc' dir='ltr'><strong><em>αὐτὸν</em></strong></span> <span class='ocrx_word' id='word_1_46' title='bbox 677 569 709 629; x_wconf 80' lang='grc' dir='ltr'><strong><em>ἐκ</em></strong></span> <span class='ocrx_word' id='word_1_47' title='bbox 742 570 809 630; x_wconf 86' lang='grc' dir='ltr'>υῖοῦ</span> <span class='ocrx_word' id='word_1_48' title='bbox 823 568 962 670; x_wconf 81' lang='grc' dir='ltr'><strong><em>Ναμεσσι</em></strong></span> <span class='ocrx_word' id='word_1_49' title='bbox 981 565 1057 653; x_wconf 88' lang='grc' dir='ltr'><strong><em>πρὸς</em></strong></span> <span class='ocrx_word' id='word_1_50' title='bbox 1067 564 1188 652; x_wconf 77' lang='grc' dir='ltr'><strong><em>Ἰωράμ.</em></strong></span> <span class='ocrx_word' id='word_1_51' title='bbox 1215 575 1266 635; x_wconf 83' lang='grc' dir='ltr'><strong><em>καὶ</em></strong></span> <span class='ocrx_word' id='word_1_52' title='bbox 1276 571 1349 637; x_wconf 90' lang='grc' dir='ltr'><strong><em>Ἰω-</em></strong></span> 
     </span>
     <span class='ocr_line' id='line_1_6' title="bbox 104 644 1349 742; baseline -0.003 -20"><span class='ocrx_word' id='word_1_53' title='bbox 104 662 197 742; x_wconf 86' lang='grc' dir='ltr'><strong><em>μέσου</em></strong></span> <span class='ocrx_word' id='word_1_54' title='bbox 209 661 271 721; x_wconf 71' lang='grc' dir='ltr'><strong><em>τοῖν</em></strong></span> <span class='ocrx_word' id='word_1_55' title='bbox 283 644 417 731; x_wconf 72' lang='grc' dir='ltr'><strong><em>αδελφῶν</em></strong></span> <span class='ocrx_word' id='word_1_56' title='bbox 431 648 542 725; x_wconf 80' lang='grc' dir='ltr'><strong><em>αὐτοῦ,</em></strong></span> <span class='ocrx_word' id='word_1_57' title='bbox 568 651 620 713; x_wconf 80' lang='grc' dir='ltr'><strong><em>καί</em></strong></span> <span class='ocrx_word' id='word_1_58' title='bbox 632 645 709 723; x_wconf 82' lang='grc' dir='ltr'><strong><em>εἶςύ-</em></strong></span> <span class='ocrx_word' id='word_1_59' title='bbox 741 648 801 730; x_wconf 82' lang='grc' dir='ltr'><strong><em>ρὰμ</em></strong></span> <span class='ocrx_word' id='word_1_60' title='bbox 813 647 904 725; x_wconf 83' lang='grc' dir='ltr'><strong><em>αὐτος</em></strong></span> <span class='ocrx_word' id='word_1_61' title='bbox 917 646 1080 728; x_wconf 73' lang='grc' dir='ltr'><em>ἐφύλασσεν</em></span> <span class='ocrx_word' id='word_1_62' title='bbox 1093 654 1123 715; x_wconf 80' lang='grc' dir='ltr'><strong><em>ἕν</em></strong></span> <span class='ocrx_word' id='word_1_63' title='bbox 1130 650 1270 736; x_wconf 78' lang='grc' dir='ltr'><strong><em>Ῥεμμώθ</em></strong></span> <span class='ocrx_word' id='word_1_64' title='bbox 1279 661 1304 716; x_wconf 94' lang='grc' dir='ltr'><em>Ι</em></span> <span class='ocrx_word' id='word_1_65' title='bbox 1307 661 1349 719; x_wconf 87' lang='grc' dir='ltr'><strong><em>ἀ-</em></strong></span> 
     </span>
     <span class='ocr_line' id='line_1_7' title="bbox 104 731 1348 821; baseline -0.002 -17"><span class='ocrx_word' id='word_1_66' title='bbox 104 746 159 818; x_wconf 79' lang='grc' dir='ltr'><strong><em>ξεις</em></strong></span> <span class='ocrx_word' id='word_1_67' title='bbox 181 736 274 802; x_wconf 80' lang='grc' dir='ltr'><strong><em>αὐτὸν</em></strong></span> <span class='ocrx_word' id='word_1_68' title='bbox 291 739 330 808; x_wconf 83' lang='grc' dir='ltr'><strong><em>είς</em></strong></span> <span class='ocrx_word' id='word_1_69' title='bbox 347 733 383 798; x_wconf 90' lang='grc' dir='ltr'><strong><em>τὸ</em></strong></span> <span class='ocrx_word' id='word_1_70' title='bbox 403 745 520 815; x_wconf 84' lang='grc' dir='ltr'><strong><em>ταμεῖον</em></strong></span> <span class='ocrx_word' id='word_1_71' title='bbox 537 737 568 798; x_wconf 79' lang='grc' dir='ltr'><strong><em>ἐν</em></strong></span> <span class='ocrx_word' id='word_1_72' title='bbox 589 739 708 815; x_wconf 88' lang='grc' dir='ltr'><strong><em>ταμείῳ.</em></strong></span> <span class='ocrx_word' id='word_1_73' title='bbox 742 732 829 805; x_wconf 79' lang='grc' dir='ltr'><strong><em>λαίιδ,</em></strong></span> <span class='ocrx_word' id='word_1_74' title='bbox 843 735 894 796; x_wconf 85' lang='grc' dir='ltr'><strong><em>καί</em></strong></span> <span class='ocrx_word' id='word_1_75' title='bbox 906 737 967 807; x_wconf 83' lang='grc' dir='ltr'><strong><em>πᾶς</em></strong></span> <span class='ocrx_word' id='word_1_76' title='bbox 974 731 1097 819; x_wconf 80' lang='grc' dir='ltr'><strong><em>Ἰοραηλ</em></strong></span> <span class='ocrx_word' id='word_1_77' title='bbox 1111 733 1172 799; x_wconf 78' lang='grc' dir='ltr'><strong><em>ἀπὸ</em></strong></span> <span class='ocrx_word' id='word_1_78' title='bbox 1183 734 1348 821; x_wconf 82' lang='grc' dir='ltr'><strong><em>προςώπου</em></strong></span> 
     </span>
     <span class='ocr_line' id='line_1_8' title="bbox 104 813 1348 901; baseline 0 -16"><span class='ocrx_word' id='word_1_79' title='bbox 104 826 118 864; x_wconf 86' lang='lat'>³</span> <span class='ocrx_word' id='word_1_80' title='bbox 132 824 183 885; x_wconf 82' lang='grc' dir='ltr'><strong><em>καὶ</em></strong></span> <span class='ocrx_word' id='word_1_81' title='bbox 195 815 279 901; x_wconf 74' lang='grc' dir='ltr'><strong><em>λύηιη</em></strong></span> <span class='ocrx_word' id='word_1_82' title='bbox 291 816 345 882; x_wconf 86' lang='grc' dir='ltr'><strong><em>τὸν</em></strong></span> <span class='ocrx_word' id='word_1_83' title='bbox 357 813 454 898; x_wconf 87' lang='grc' dir='ltr'><strong><em>φακόν</em></strong></span> <span class='ocrx_word' id='word_1_84' title='bbox 466 820 522 880; x_wconf 83' lang='grc' dir='ltr'><strong><em>τοῦ</em></strong></span> <span class='ocrx_word' id='word_1_85' title='bbox 537 816 648 892; x_wconf 81' lang='grc' dir='ltr'><strong><em>ἐλαίου,</em></strong></span> <span class='ocrx_word' id='word_1_86' title='bbox 659 817 710 879; x_wconf 81' lang='grc' dir='ltr'><strong><em>καὶ</em></strong></span> <span class='ocrx_word' id='word_1_87' title='bbox 738 813 844 897; x_wconf 76' lang='grc' dir='ltr'><strong><em>Ἀζαηλ</em></strong></span> <span class='ocrx_word' id='word_1_88' title='bbox 857 815 1001 900; x_wconf 83' lang='grc' dir='ltr'><strong><em>βασιλέως</em></strong></span> <span class='ocrx_word' id='word_1_89' title='bbox 1019 823 1141 901; x_wconf 85' lang='grc' dir='ltr'><strong><em>Συρίας.</em></strong></span> <span class='ocrx_word' id='word_1_90' title='bbox 1167 823 1194 862; x_wconf 83' lang='lat'><strong><em>¹⁵</em></strong></span> <span class='ocrx_word' id='word_1_91' title='bbox 1209 823 1260 884; x_wconf 86' lang='grc' dir='ltr'><strong><em>καὶ</em></strong></span> <span class='ocrx_word' id='word_1_92' title='bbox 1272 820 1348 885; x_wconf 82' lang='grc' dir='ltr'><strong><em>ἀπέ-</em></strong></span> 
     </span>
     <span class='ocr_line' id='line_1_9' title="bbox 105 892 1348 1010; baseline -0.001 -41"><span class='ocrx_word' id='word_1_93' title='bbox 105 909 223 987; x_wconf 80' lang='grc' dir='ltr'><strong><em>έπιχεεῒς</em></strong></span> <span class='ocrx_word' id='word_1_94' title='bbox 241 892 290 964; x_wconf 74' lang='grc' dir='ltr'><strong><em>ἐπὶ</em></strong></span> <span class='ocrx_word' id='word_1_95' title='bbox 310 899 363 984; x_wconf 77' lang='grc' dir='ltr'><strong><em>την</em></strong></span> <span class='ocrx_word' id='word_1_96' title='bbox 381 898 512 983; x_wconf 69' lang='grc' dir='ltr'><strong><em>κεφαλὴν</em></strong></span> <span class='ocrx_word' id='word_1_97' title='bbox 529 897 634 974; x_wconf 80' lang='grc' dir='ltr'><strong><em>αὐτοῦ,</em></strong></span> <span class='ocrx_word' id='word_1_98' title='bbox 659 900 711 962; x_wconf 82' lang='grc' dir='ltr'><strong><em>καὶ</em></strong></span> <span class='ocrx_word' id='word_1_99' title='bbox 742 918 864 982; x_wconf 81' lang='grc' dir='ltr'><strong><em>στρεφεν</em></strong></span> <span class='ocrx_word' id='word_1_100' title='bbox 873 896 985 982; x_wconf 85' lang='grc' dir='ltr'><strong><em>Ἰωρὰμ</em></strong></span> <span class='ocrx_word' id='word_1_101' title='bbox 1003 895 1173 984; x_wconf 86' lang='grc' dir='ltr'><strong><em>ὁβασιλεὺς</em></strong></span> <span class='ocrx_word' id='word_1_102' title='bbox 1187 908 1348 1010; x_wconf 73' lang='grc' dir='ltr'><strong><em>ἰατρευθη-</em></strong></span> 
     </span>
     <span class='ocr_line' id='line_1_10' title="bbox 104 976 1348 1087; baseline 0.001 -36"><span class='ocrx_word' id='word_1_103' title='bbox 104 987 193 1051; x_wconf 74' lang='grc' dir='ltr'><strong><em>εἶπον.</em></strong></span> <span class='ocrx_word' id='word_1_104' title='bbox 209 979 277 1049; x_wconf 84' lang='grc' dir='ltr'><strong><em>τάδε</em></strong></span> <span class='ocrx_word' id='word_1_105' title='bbox 289 984 364 1060; x_wconf 91' lang='grc' dir='ltr'><strong><em>λέγει</em></strong></span> <span class='ocrx_word' id='word_1_106' title='bbox 377 979 485 1068; x_wconf 87' lang='grc' dir='ltr'><strong><em>κύριος,</em></strong></span> <span class='ocrx_word' id='word_1_107' title='bbox 498 976 615 1087; x_wconf 72' lang='grc' dir='ltr'><strong><em>κέηρικύ</em></strong></span> <span class='ocrx_word' id='word_1_108' title='bbox 627 1006 659 1046; x_wconf 91' lang='grc' dir='ltr'><strong><em>σε</em></strong></span> <span class='ocrx_word' id='word_1_109' title='bbox 672 980 710 1055; x_wconf 84' lang='grc' dir='ltr'><strong><em>εἲς</em></strong></span> <span class='ocrx_word' id='word_1_110' title='bbox 743 1007 790 1045; x_wconf 92' lang='grc' dir='ltr'><strong><em>ναι</em></strong></span> <span class='ocrx_word' id='word_1_111' title='bbox 803 983 833 1042; x_wconf 79' lang='grc' dir='ltr'><strong><em>ἐν</em></strong></span> <span class='ocrx_word' id='word_1_112' title='bbox 855 978 978 1064; x_wconf 83' lang='grc' dir='ltr'><strong><em>Ἰεζρύελ</em></strong></span> <span class='ocrx_word' id='word_1_113' title='bbox 1000 980 1065 1046; x_wconf 80' lang='grc' dir='ltr'><strong><em>ἀπὸ</em></strong></span> <span class='ocrx_word' id='word_1_114' title='bbox 1078 988 1148 1048; x_wconf 44' lang='grc' dir='ltr'><strong><em>’τῶν</em></strong></span> <span class='ocrx_word' id='word_1_115' title='bbox 1171 985 1293 1068; x_wconf 76' lang='grc' dir='ltr'><strong><em>πληγῶν</em></strong></span> <span class='ocrx_word' id='word_1_116' title='bbox 1306 1014 1348 1052; x_wconf 94' lang='grc' dir='ltr'><strong><em>ων</em></strong></span> 
     </span>
     <span class='ocr_line' id='line_1_11' title="bbox 103 1062 1349 1157; baseline 0.002 -25"><span class='ocrx_word' id='word_1_117' title='bbox 103 1069 229 1157; x_wconf 75' lang='grc' dir='ltr'><strong><em>βασιλέα</em></strong></span> <span class='ocrx_word' id='word_1_118' title='bbox 241 1069 290 1132; x_wconf 82' lang='grc' dir='ltr'><strong><em>ἐπὶ</em></strong></span> <span class='ocrx_word' id='word_1_119' title='bbox 299 1062 430 1150; x_wconf 72' lang='grc' dir='ltr'><strong><em>Ἰσραήλ.</em></strong></span> <span class='ocrx_word' id='word_1_120' title='bbox 456 1066 507 1128; x_wconf 79' lang='grc' dir='ltr'><strong><em>καί</em></strong></span> <span class='ocrx_word' id='word_1_121' title='bbox 519 1067 641 1140; x_wconf 75' lang='grc' dir='ltr'><strong><em>ανοίξεις</em></strong></span> <span class='ocrx_word' id='word_1_122' title='bbox 654 1062 709 1148; x_wconf 75' lang='grc' dir='ltr'><strong><em>τὴν</em></strong></span> <span class='ocrx_word' id='word_1_123' title='bbox 741 1067 869 1128; x_wconf 84' lang='grc' dir='ltr'><strong><em>έπαισαν</em></strong></span> <span class='ocrx_word' id='word_1_124' title='bbox 879 1064 973 1128; x_wconf 82' lang='grc' dir='ltr'><strong><em>αὐτὸν</em></strong></span> <span class='ocrx_word' id='word_1_125' title='bbox 993 1069 1024 1129; x_wconf 76' lang='grc' dir='ltr'><strong><em>οἶ</em></strong></span> <span class='ocrx_word' id='word_1_126' title='bbox 1041 1062 1136 1149; x_wconf 80' lang='grc' dir='ltr'><em>Σύροι</em></span> <span class='ocrx_word' id='word_1_127' title='bbox 1154 1071 1187 1132; x_wconf 80' lang='grc' dir='ltr'><strong><em>έν</em></strong></span> <span class='ocrx_word' id='word_1_128' title='bbox 1201 1075 1244 1151; x_wconf 78' lang='grc' dir='ltr'><strong><em>τῷ</em></strong></span> <span class='ocrx_word' id='word_1_129' title='bbox 1258 1072 1349 1137; x_wconf 82' lang='grc' dir='ltr'><strong><em>πολε-</em></strong></span> 
     </span>
     <span class='ocr_line' id='line_1_12' title="bbox 104 1145 1345 1243; baseline -0.001 -25"><span class='ocrx_word' id='word_1_130' title='bbox 104 1153 213 1238; x_wconf 83' lang='grc' dir='ltr'><strong><em>θύραν,</em></strong></span> <span class='ocrx_word' id='word_1_131' title='bbox 226 1152 277 1216; x_wconf 78' lang='grc' dir='ltr'><strong><em>καὶ</em></strong></span> <span class='ocrx_word' id='word_1_132' title='bbox 288 1146 379 1243; x_wconf 72' lang='grc' dir='ltr'><strong><em>φεύξῃ</em></strong></span> <span class='ocrx_word' id='word_1_133' title='bbox 397 1150 449 1213; x_wconf 81' lang='grc' dir='ltr'><strong><em>καὶ</em></strong></span> <span class='ocrx_word' id='word_1_134' title='bbox 460 1146 496 1212; x_wconf 85' lang='grc' dir='ltr'><strong><em>ού</em></strong></span> <span class='ocrx_word' id='word_1_135' title='bbox 508 1159 603 1228; x_wconf 79' lang='grc' dir='ltr'><strong><em>μενεῖς.</em></strong></span> <span class='ocrx_word' id='word_1_136' title='bbox 629 1146 646 1189; x_wconf 81' lang='lat'>⁴</span> <span class='ocrx_word' id='word_1_137' title='bbox 659 1149 710 1210; x_wconf 80' lang='grc' dir='ltr'><strong><em>καλ</em></strong></span> <span class='ocrx_word' id='word_1_138' title='bbox 740 1158 801 1228; x_wconf 84' lang='grc' dir='ltr'><strong><em>μεῖν</em></strong></span> <span class='ocrx_word' id='word_1_139' title='bbox 814 1145 909 1211; x_wconf 79' lang='grc' dir='ltr'><strong><em>αὐτὸν</em></strong></span> <span class='ocrx_word' id='word_1_140' title='bbox 921 1147 994 1226; x_wconf 85' lang='grc' dir='ltr'><strong><em>μετὰ</em></strong></span> <span class='ocrx_word' id='word_1_141' title='bbox 1002 1145 1112 1231; x_wconf 74' lang='grc' dir='ltr'><strong><em>Ἀζαηλ</em></strong></span> <span class='ocrx_word' id='word_1_142' title='bbox 1123 1151 1270 1235; x_wconf 81' lang='grc' dir='ltr'><strong><em>βασιλέως</em></strong></span> <span class='ocrx_word' id='word_1_143' title='bbox 1281 1161 1345 1218; x_wconf 86' lang='grc' dir='ltr'><strong><em>Συ-</em></strong></span> 
     </span>
     <span class='ocr_line' id='line_1_13' title="bbox 105 1228 1346 1321; baseline 0 -20"><span class='ocrx_word' id='word_1_144' title='bbox 105 1231 258 1321; x_wconf 78' lang='grc' dir='ltr'><strong><em>ἔπορεύθη</em></strong></span> <span class='ocrx_word' id='word_1_145' title='bbox 280 1232 316 1297; x_wconf 88' lang='grc' dir='ltr'><strong><em>τὸ</em></strong></span> <span class='ocrx_word' id='word_1_146' title='bbox 334 1229 495 1314; x_wconf 76' lang='grc' dir='ltr'><strong><em>παιδάριον</em></strong></span> <span class='ocrx_word' id='word_1_147' title='bbox 512 1229 529 1293; x_wconf 91' lang='lat'>5</span> <span class='ocrx_word' id='word_1_148' title='bbox 552 1256 637 1316; x_wconf 93' lang='grc' dir='ltr'><strong><em>προφ</em></strong></span> <span class='ocrx_word' id='word_1_149' title='bbox 648 1228 709 1312; x_wconf 81' lang='grc' dir='ltr'><strong><em>’της</em></strong></span> <span class='ocrx_word' id='word_1_150' title='bbox 741 1236 814 1315; x_wconf 92' lang='grc' dir='ltr'><strong><em>ριάς.</em></strong></span> <span class='ocrx_word' id='word_1_151' title='bbox 843 1232 894 1294; x_wconf 82' lang='grc' dir='ltr'><strong><em>καὶ</em></strong></span> <span class='ocrx_word' id='word_1_152' title='bbox 905 1231 983 1295; x_wconf 78' lang='grc' dir='ltr'><strong><em>εἶπεν</em></strong></span> <span class='ocrx_word' id='word_1_153' title='bbox 998 1228 1068 1295; x_wconf 86' lang='grc' dir='ltr'>Ἰού.</span> <span class='ocrx_word' id='word_1_154' title='bbox 1095 1237 1119 1295; x_wconf 77' lang='grc' dir='ltr'><strong><em>εἰ</em></strong></span> <span class='ocrx_word' id='word_1_155' title='bbox 1139 1236 1200 1298; x_wconf 82' lang='grc' dir='ltr'><strong><em>ἔστι</em></strong></span> <span class='ocrx_word' id='word_1_156' title='bbox 1216 1237 1296 1320; x_wconf 79' lang='grc' dir='ltr'><strong><em>φυχη</em></strong></span> <span class='ocrx_word' id='word_1_157' title='bbox 1312 1234 1346 1301; x_wconf 84' lang='grc' dir='ltr'><strong><em>ύ-</em></strong></span> 
     </span>
     <span class='ocr_line' id='line_1_14' title="bbox 105 1258 1346 1403; baseline -0.001 -18"><span class='ocrx_word' id='word_1_158' title='bbox 105 1316 300 1402; x_wconf 78' lang='grc' dir='ltr'><strong><em>εἰςῬεμμώθ</em></strong></span> <span class='ocrx_word' id='word_1_159' title='bbox 318 1311 457 1388; x_wconf 77' lang='grc' dir='ltr'><strong><em>Γαλαὰδ,</em></strong></span> <span class='ocrx_word' id='word_1_160' title='bbox 493 1315 568 1377; x_wconf 71' lang='grc' dir='ltr'><strong><em>1καὶ</em></strong></span> <span class='ocrx_word' id='word_1_161' title='bbox 587 1258 708 1396; x_wconf 75' lang='grc' dir='ltr'><strong><em>ελςηλθε.</em></strong></span> <span class='ocrx_word' id='word_1_162' title='bbox 740 1319 803 1393; x_wconf 79' lang='grc' dir='ltr'><strong><em>μῶν</em></strong></span> <span class='ocrx_word' id='word_1_163' title='bbox 813 1311 873 1396; x_wconf 77' lang='grc' dir='ltr'><strong><em>μετ’</em></strong></span> <span class='ocrx_word' id='word_1_164' title='bbox 886 1318 969 1397; x_wconf 80' lang='grc' dir='ltr'><strong><em>ἐμοῦ,</em></strong></span> <span class='ocrx_word' id='word_1_165' title='bbox 978 1313 1017 1397; x_wconf 74' lang='grc' dir='ltr'><strong><em>μὴ</em></strong></span> <span class='ocrx_word' id='word_1_166' title='bbox 1029 1315 1172 1391; x_wconf 72' lang='grc' dir='ltr'><strong><em>ἐξελθέτω</em></strong></span> <span class='ocrx_word' id='word_1_167' title='bbox 1182 1320 1213 1381; x_wconf 78' lang='grc' dir='ltr'><strong><em>ἐκ</em></strong></span> <span class='ocrx_word' id='word_1_168' title='bbox 1223 1323 1275 1403; x_wconf 77' lang='grc' dir='ltr'><strong><em>τῆς</em></strong></span> <span class='ocrx_word' id='word_1_169' title='bbox 1287 1316 1346 1384; x_wconf 91' lang='grc' dir='ltr'><strong><em>πό-</em></strong></span> 
     </span>
     <span class='ocr_line' id='line_1_15' title="bbox 106 1392 1348 1484; baseline -0.001 -16"><span class='ocrx_word' id='word_1_170' title='bbox 106 1405 157 1468; x_wconf 85' lang='grc' dir='ltr'><strong><em>καὶ</em></strong></span> <span class='ocrx_word' id='word_1_171' title='bbox 171 1401 234 1467; x_wconf 75' lang='grc' dir='ltr'><strong><em>ἰδού</em></strong></span> <span class='ocrx_word' id='word_1_172' title='bbox 253 1403 284 1465; x_wconf 78' lang='grc' dir='ltr'><strong><em>ολ</em></strong></span> <span class='ocrx_word' id='word_1_173' title='bbox 302 1398 341 1483; x_wconf 77' lang='grc' dir='ltr'><strong><em>δέρ</em></strong></span> <span class='ocrx_word' id='word_1_174' title='bbox 359 1422 439 1472; x_wconf 91' lang='grc' dir='ltr'><strong><em>οντες</em></strong></span> <span class='ocrx_word' id='word_1_175' title='bbox 456 1399 507 1479; x_wconf 78' lang='grc' dir='ltr'><strong><em>τῆς</em></strong></span> <span class='ocrx_word' id='word_1_176' title='bbox 519 1392 665 1479; x_wconf 83' lang='grc' dir='ltr'><strong><em>δυνάμεως</em></strong></span> <span class='ocrx_word' id='word_1_177' title='bbox 678 1399 709 1459; x_wconf 85' lang='grc' dir='ltr'><strong><em>ἒ-</em></strong></span> <span class='ocrx_word' id='word_1_178' title='bbox 742 1397 812 1470; x_wconf 86' lang='grc' dir='ltr'><strong><em>λιως</em></strong></span> <span class='ocrx_word' id='word_1_179' title='bbox 824 1397 1025 1477; x_wconf 81' lang='grc' dir='ltr'><strong><em>διαπεφευγὼς</em></strong></span> <span class='ocrx_word' id='word_1_180' title='bbox 1034 1403 1090 1462; x_wconf 84' lang='grc' dir='ltr'><strong><em>τοῦ</em></strong></span> <span class='ocrx_word' id='word_1_181' title='bbox 1102 1407 1283 1484; x_wconf 76' lang='grc' dir='ltr'><strong><em>πορευθῆναι</em></strong></span> <span class='ocrx_word' id='word_1_182' title='bbox 1296 1405 1348 1468; x_wconf 79' lang='grc' dir='ltr'><strong><em>καί</em></strong></span> 
     </span>
     <span class='ocr_line' id='line_1_16' title="bbox 106 1423 1347 1567; baseline 0 -17"><span class='ocrx_word' id='word_1_183' title='bbox 106 1483 249 1567; x_wconf 73' lang='grc' dir='ltr'><strong><em>κάθηντο,</em></strong></span> <span class='ocrx_word' id='word_1_184' title='bbox 263 1484 314 1545; x_wconf 79' lang='grc' dir='ltr'><strong><em>καί</em></strong></span> <span class='ocrx_word' id='word_1_185' title='bbox 327 1423 398 1546; x_wconf 68' lang='grc' dir='ltr'><strong><em>ελσε.</em></strong></span> <span class='ocrx_word' id='word_1_186' title='bbox 425 1474 514 1556; x_wconf 89' lang='grc' dir='ltr'><strong><em>λόγος</em></strong></span> <span class='ocrx_word' id='word_1_187' title='bbox 524 1504 573 1560; x_wconf 87' lang='grc' dir='ltr'><strong><em>μοι</em></strong></span> <span class='ocrx_word' id='word_1_188' title='bbox 588 1478 664 1561; x_wconf 87' lang='grc' dir='ltr'><strong><em>πρὸς</em></strong></span> <span class='ocrx_word' id='word_1_189' title='bbox 676 1477 709 1542; x_wconf 81' lang='grc' dir='ltr'><strong><em>σὲ</em></strong></span> <span class='ocrx_word' id='word_1_190' title='bbox 742 1479 920 1556; x_wconf 83' lang='grc' dir='ltr'><strong><em>ἀπαγγεῖλαι</em></strong></span> <span class='ocrx_word' id='word_1_191' title='bbox 934 1483 965 1543; x_wconf 86' lang='grc' dir='ltr'><strong><em>έν</em></strong></span> <span class='ocrx_word' id='word_1_192' title='bbox 974 1478 1108 1566; x_wconf 83' lang='grc' dir='ltr'><strong><em>Ἰεζρύελ.</em></strong></span> <span class='ocrx_word' id='word_1_193' title='bbox 1135 1485 1227 1548; x_wconf 73' lang='grc' dir='ltr'><strong><em>16ιιαί</em></strong></span> <span class='ocrx_word' id='word_1_194' title='bbox 1240 1491 1347 1550; x_wconf 81' lang='grc' dir='ltr'><strong><em>ἵππευ-</em></strong></span> 
     </span>
     <span class='ocr_line' id='line_1_17' title="bbox 107 1558 1345 1665; baseline 0.002 -33"><span class='ocrx_word' id='word_1_195' title='bbox 107 1566 125 1632; x_wconf 83' lang='grc' dir='ltr'><strong><em>ό</em></strong></span> <span class='ocrx_word' id='word_1_196' title='bbox 139 1566 245 1651; x_wconf 74' lang='grc' dir='ltr'><strong><em>ιλρχων.</em></strong></span> <span class='ocrx_word' id='word_1_197' title='bbox 264 1566 314 1629; x_wconf 76' lang='grc' dir='ltr'><strong><em>καί</em></strong></span> <span class='ocrx_word' id='word_1_198' title='bbox 325 1564 402 1629; x_wconf 77' lang='grc' dir='ltr'><strong><em>εἶπεν</em></strong></span> <span class='ocrx_word' id='word_1_199' title='bbox 408 1558 481 1627; x_wconf 87' lang='grc' dir='ltr'>Ἰού.</span> <span class='ocrx_word' id='word_1_200' title='bbox 506 1559 584 1647; x_wconf 86' lang='grc' dir='ltr'><strong><em>πρὸς</em></strong></span> <span class='ocrx_word' id='word_1_201' title='bbox 597 1567 663 1625; x_wconf 88' lang='grc' dir='ltr'><strong><em>τίνα</em></strong></span> <span class='ocrx_word' id='word_1_202' title='bbox 678 1564 709 1624; x_wconf 77' lang='grc' dir='ltr'><strong><em>ἐκ</em></strong></span> <span class='ocrx_word' id='word_1_203' title='bbox 743 1587 775 1626; x_wconf 90' lang='grc' dir='ltr'><strong><em>σε</em></strong></span> <span class='ocrx_word' id='word_1_204' title='bbox 787 1564 838 1625; x_wconf 82' lang='grc' dir='ltr'><strong><em>καὶ</em></strong></span> <span class='ocrx_word' id='word_1_205' title='bbox 850 1559 999 1665; x_wconf 76' lang='grc' dir='ltr'><strong><em>ἐπορεύθη</em></strong></span> <span class='ocrx_word' id='word_1_206' title='bbox 1012 1562 1094 1639; x_wconf 78' lang='grc' dir='ltr'><strong><em>Ἰού,</em></strong></span> <span class='ocrx_word' id='word_1_207' title='bbox 1120 1569 1171 1629; x_wconf 82' lang='grc' dir='ltr'><strong><em>καὶ</em></strong></span> <span class='ocrx_word' id='word_1_208' title='bbox 1184 1573 1293 1655; x_wconf 88' lang='grc' dir='ltr'><strong><em>κατέβη</em></strong></span> <span class='ocrx_word' id='word_1_209' title='bbox 1307 1575 1345 1645; x_wconf 80' lang='grc' dir='ltr'><strong><em>εἷς</em></strong></span> 
     </span>
     <span class='ocr_line' id='line_1_18' title="bbox 106 1640 1345 1737; baseline 0.002 -22"><span class='ocrx_word' id='word_1_210' title='bbox 106 1645 227 1716; x_wconf 78' lang='grc' dir='ltr'><strong><em>πάντων</em></strong></span> <span class='ocrx_word' id='word_1_211' title='bbox 248 1646 331 1730; x_wconf 78' lang='grc' dir='ltr'><strong><em>ἡμῶν</em></strong></span> <span class='ocrx_word' id='word_1_212' title='bbox 335 1675 348 1726; x_wconf 78' lang='grc' dir='ltr'><strong><em>ς</em></strong></span> <span class='ocrx_word' id='word_1_213' title='bbox 370 1648 421 1711; x_wconf 76' lang='grc' dir='ltr'><strong><em>καί</em></strong></span> <span class='ocrx_word' id='word_1_214' title='bbox 444 1645 514 1709; x_wconf 83' lang='grc' dir='ltr'><strong><em>εἷπε.</em></strong></span> <span class='ocrx_word' id='word_1_215' title='bbox 540 1641 616 1729; x_wconf 87' lang='grc' dir='ltr'><strong><em>πρὸς</em></strong></span> <span class='ocrx_word' id='word_1_216' title='bbox 637 1641 671 1708; x_wconf 85' lang='grc' dir='ltr'><strong><em>σὲ</em></strong></span> <span class='ocrx_word' id='word_1_217' title='bbox 692 1640 709 1708; x_wconf 91' lang='lat'>5</span> <span class='ocrx_word' id='word_1_218' title='bbox 739 1641 879 1731; x_wconf 80' lang='grc' dir='ltr'><strong><em>Ἰεζρύελ,</em></strong></span> <span class='ocrx_word' id='word_1_219' title='bbox 899 1647 946 1711; x_wconf 83' lang='grc' dir='ltr'><strong><em>ὃτι</em></strong></span> <span class='ocrx_word' id='word_1_220' title='bbox 955 1646 1068 1732; x_wconf 81' lang='grc' dir='ltr'><strong><em>Ἰωρὰμ</em></strong></span> <span class='ocrx_word' id='word_1_221' title='bbox 1078 1649 1215 1732; x_wconf 80' lang='grc' dir='ltr'><strong><em>βασιλεὺς</em></strong></span> <span class='ocrx_word' id='word_1_222' title='bbox 1224 1649 1345 1737; x_wconf 72' lang='grc' dir='ltr'><strong><em>Ἰσραὴλ</em></strong></span> 
     </span>
     <span class='ocr_line' id='line_1_19' title="bbox 107 1726 1346 1819; baseline 0 -20"><span class='ocrx_word' id='word_1_223' title='bbox 107 1732 213 1819; x_wconf 76' lang='grc' dir='ltr'><strong><em>ἅρχων.</em></strong></span> <span class='ocrx_word' id='word_1_224' title='bbox 242 1733 319 1794; x_wconf 73' lang='grc' dir='ltr'><strong><em>θκαί</em></strong></span> <span class='ocrx_word' id='word_1_225' title='bbox 338 1727 446 1812; x_wconf 82' lang='grc' dir='ltr'><strong><em>ἆνέστη</em></strong></span> <span class='ocrx_word' id='word_1_226' title='bbox 463 1731 513 1793; x_wconf 79' lang='grc' dir='ltr'><strong><em>καί</em></strong></span> <span class='ocrx_word' id='word_1_227' title='bbox 530 1728 659 1810; x_wconf 78' lang='grc' dir='ltr'><strong><em>ελςηλθεν</em></strong></span> <span class='ocrx_word' id='word_1_228' title='bbox 671 1732 710 1802; x_wconf 79' lang='grc' dir='ltr'><strong><em>εἷς</em></strong></span> <span class='ocrx_word' id='word_1_229' title='bbox 743 1726 938 1814; x_wconf 75' lang='grc' dir='ltr'><strong><em>ἐθεραπεύετο</em></strong></span> <span class='ocrx_word' id='word_1_230' title='bbox 956 1733 987 1793; x_wconf 85' lang='grc' dir='ltr'><strong><em>ἒν</em></strong></span> <span class='ocrx_word' id='word_1_231' title='bbox 1004 1735 1047 1813; x_wconf 82' lang='grc' dir='ltr'><strong><em>τῷ</em></strong></span> <span class='ocrx_word' id='word_1_232' title='bbox 1063 1729 1188 1815; x_wconf 86' lang='grc' dir='ltr'><strong><em>Ἰεζραελ</em></strong></span> <span class='ocrx_word' id='word_1_233' title='bbox 1208 1732 1271 1798; x_wconf 83' lang='grc' dir='ltr'><strong><em>ἀπὸ</em></strong></span> <span class='ocrx_word' id='word_1_234' title='bbox 1285 1741 1346 1799; x_wconf 77' lang='grc' dir='ltr'><strong><em>τῶν</em></strong></span> 
     </span>
     <span class='ocr_line' id='line_1_20' title="bbox 105 1805 1345 1896; baseline -0.002 -14"><span class='ocrx_word' id='word_1_235' title='bbox 105 1819 160 1882; x_wconf 89' lang='grc' dir='ltr'><strong><em>τὸν</em></strong></span> <span class='ocrx_word' id='word_1_236' title='bbox 174 1814 270 1889; x_wconf 75' lang='grc' dir='ltr'><strong><em>οἶκον,</em></strong></span> <span class='ocrx_word' id='word_1_237' title='bbox 296 1814 348 1877; x_wconf 75' lang='grc' dir='ltr'><strong><em>καὶ</em></strong></span> <span class='ocrx_word' id='word_1_238' title='bbox 364 1815 475 1896; x_wconf 75' lang='grc' dir='ltr'><strong><em>ἐπέχεεν</em></strong></span> <span class='ocrx_word' id='word_1_239' title='bbox 487 1807 523 1875; x_wconf 86' lang='grc' dir='ltr'><strong><em>τό</em></strong></span> <span class='ocrx_word' id='word_1_240' title='bbox 540 1809 647 1875; x_wconf 76' lang='grc' dir='ltr'><strong><em>ἔλαιον</em></strong></span> <span class='ocrx_word' id='word_1_241' title='bbox 660 1813 710 1874; x_wconf 76' lang='grc' dir='ltr'><strong><em>ἐπὶ</em></strong></span> <span class='ocrx_word' id='word_1_242' title='bbox 742 1809 927 1894; x_wconf 73' lang='grc' dir='ltr'>τοξευμάτων</span> <span class='ocrx_word' id='word_1_243' title='bbox 952 1805 995 1876; x_wconf 83' lang='grc' dir='ltr'><strong><em>ὧν</em></strong></span> <span class='ocrx_word' id='word_1_244' title='bbox 1019 1812 1228 1890; x_wconf 81' lang='grc' dir='ltr'><strong><em>κατετόξευσαν</em></strong></span> <span class='ocrx_word' id='word_1_245' title='bbox 1252 1816 1345 1881; x_wconf 79' lang='grc' dir='ltr'><strong><em>αὐτόν</em></strong></span> 
     </span>
     <span class='ocr_line' id='line_1_21' title="bbox 106 1891 1344 1983; baseline 0.001 -20"><span class='ocrx_word' id='word_1_246' title='bbox 106 1899 160 1983; x_wconf 80' lang='grc' dir='ltr'><strong><em>την</em></strong></span> <span class='ocrx_word' id='word_1_247' title='bbox 173 1892 303 1979; x_wconf 75' lang='grc' dir='ltr'><strong><em>κεφαλὴν</em></strong></span> <span class='ocrx_word' id='word_1_248' title='bbox 320 1893 428 1970; x_wconf 79' lang='grc' dir='ltr'><strong><em>αὐτοῦ,</em></strong></span> <span class='ocrx_word' id='word_1_249' title='bbox 454 1896 505 1957; x_wconf 79' lang='grc' dir='ltr'><strong><em>καί</em></strong></span> <span class='ocrx_word' id='word_1_250' title='bbox 521 1892 597 1958; x_wconf 79' lang='grc' dir='ltr'><strong><em>εἶπεν</em></strong></span> <span class='ocrx_word' id='word_1_251' title='bbox 616 1891 709 1976; x_wconf 81' lang='grc' dir='ltr'><strong><em>αύτῷ.</em></strong></span> <span class='ocrx_word' id='word_1_252' title='bbox 742 1893 902 1978; x_wconf 79' lang='grc' dir='ltr'><strong><em>οἱἈραμὶν</em></strong></span> <span class='ocrx_word' id='word_1_253' title='bbox 914 1900 945 1960; x_wconf 82' lang='grc' dir='ltr'><strong><em>ἕν</em></strong></span> <span class='ocrx_word' id='word_1_254' title='bbox 957 1894 1146 1981; x_wconf 77' lang='grc' dir='ltr'><strong><em>τ”Ραμμὰθ</em></strong></span> <span class='ocrx_word' id='word_1_255' title='bbox 1156 1903 1187 1962; x_wconf 83' lang='grc' dir='ltr'><strong><em>ἐν</em></strong></span> <span class='ocrx_word' id='word_1_256' title='bbox 1198 1903 1242 1979; x_wconf 80' lang='grc' dir='ltr'><strong><em>τῴ</em></strong></span> <span class='ocrx_word' id='word_1_257' title='bbox 1252 1899 1344 1964; x_wconf 87' lang='grc' dir='ltr'><strong><em>πολέ·</em></strong></span> 
     </span>
     <span class='ocr_line' id='line_1_22' title="bbox 107 1922 1344 2065; baseline 0.002 -19"><span class='ocrx_word' id='word_1_258' title='bbox 107 1978 177 2048; x_wconf 79' lang='grc' dir='ltr'><strong><em>τάδε</em></strong></span> <span class='ocrx_word' id='word_1_259' title='bbox 188 1979 265 2057; x_wconf 89' lang='grc' dir='ltr'><strong><em>λέγει</em></strong></span> <span class='ocrx_word' id='word_1_260' title='bbox 277 1973 377 2062; x_wconf 90' lang='grc' dir='ltr'><strong><em>κύριος</em></strong></span> <span class='ocrx_word' id='word_1_261' title='bbox 390 1975 406 2041; x_wconf 90' lang='lat'>5</span> <span class='ocrx_word' id='word_1_262' title='bbox 425 1974 496 2050; x_wconf 78' lang='grc' dir='ltr'><strong><em>θεός</em></strong></span> <span class='ocrx_word' id='word_1_263' title='bbox 505 1974 637 2060; x_wconf 71' lang='grc' dir='ltr'><strong><em>Ἰσραὴλ,</em></strong></span> <span class='ocrx_word' id='word_1_264' title='bbox 663 1980 711 2039; x_wconf 90' lang='grc' dir='ltr'><strong><em>κέ·</em></strong></span> <span class='ocrx_word' id='word_1_265' title='bbox 740 2003 787 2061; x_wconf 86' lang='grc' dir='ltr'><strong><em>μῳ</em></strong></span> <span class='ocrx_word' id='word_1_266' title='bbox 799 1976 874 2060; x_wconf 80' lang='grc' dir='ltr'><strong><em>μετὰ</em></strong></span> <span class='ocrx_word' id='word_1_267' title='bbox 881 1922 995 2061; x_wconf 54' lang='grc' dir='ltr'><strong><em>Ἀζαηλ]</em></strong></span> <span class='ocrx_word' id='word_1_268' title='bbox 1001 1983 1145 2065; x_wconf 85' lang='grc' dir='ltr'><strong><em>βασιλέως</em></strong></span> <span class='ocrx_word' id='word_1_269' title='bbox 1156 1987 1282 2064; x_wconf 80' lang='grc' dir='ltr'><strong><em>Συρίας,</em></strong></span> <span class='ocrx_word' id='word_1_270' title='bbox 1296 1980 1344 2048; x_wconf 79' lang='grc' dir='ltr'><strong><em>ὅτι</em></strong></span> 
     </span>
     <span class='ocr_line' id='line_1_23' title="bbox 107 2059 1343 2163; baseline 0.002 -36"><span class='ocrx_word' id='word_1_271' title='bbox 107 2059 192 2150; x_wconf 80' lang='grc' dir='ltr'><strong><em>χρικό</em></strong></span> <span class='ocrx_word' id='word_1_272' title='bbox 206 2088 237 2129; x_wconf 89' lang='grc' dir='ltr'><strong><em>σε</em></strong></span> <span class='ocrx_word' id='word_1_273' title='bbox 250 2067 289 2136; x_wconf 83' lang='grc' dir='ltr'><strong><em>είς</em></strong></span> <span class='ocrx_word' id='word_1_274' title='bbox 310 2060 435 2147; x_wconf 79' lang='grc' dir='ltr'><strong><em>βασιλέα</em></strong></span> <span class='ocrx_word' id='word_1_275' title='bbox 452 2062 501 2124; x_wconf 76' lang='grc' dir='ltr'><strong><em>ἐπὶ</em></strong></span> <span class='ocrx_word' id='word_1_276' title='bbox 520 2059 596 2125; x_wconf 91' lang='grc' dir='ltr'><strong><em>λαὸν</em></strong></span> <span class='ocrx_word' id='word_1_277' title='bbox 608 2065 710 2163; x_wconf 86' lang='grc' dir='ltr'><strong><em>κυρίου</em></strong></span> <span class='ocrx_word' id='word_1_278' title='bbox 742 2060 832 2134; x_wconf 79' lang='grc' dir='ltr'><strong><em>αὐτὸς</em></strong></span> <span class='ocrx_word' id='word_1_279' title='bbox 857 2061 982 2137; x_wconf 89' lang='grc' dir='ltr'><strong><em>δυνατὸς</em></strong></span> <span class='ocrx_word' id='word_1_280' title='bbox 1008 2066 1060 2128; x_wconf 88' lang='grc' dir='ltr'><strong><em>καὶ</em></strong></span> <span class='ocrx_word' id='word_1_281' title='bbox 1089 2061 1164 2148; x_wconf 73' lang='grc' dir='ltr'><strong><em>ἀνὴρ</em></strong></span> <span class='ocrx_word' id='word_1_282' title='bbox 1190 2061 1343 2148; x_wconf 77' lang='grc' dir='ltr'><strong><em>δυνάμεως.</em></strong></span> 
     </span>
     <span class='ocr_line' id='line_1_24' title="bbox 107 2141 1344 2250; baseline 0 -38"><span class='ocrx_word' id='word_1_283' title='bbox 107 2150 156 2212; x_wconf 76' lang='grc' dir='ltr'><strong><em>ἐπὶ</em></strong></span> <span class='ocrx_word' id='word_1_284' title='bbox 174 2145 226 2211; x_wconf 89' lang='grc' dir='ltr'><strong><em>τὸν</em></strong></span> <span class='ocrx_word' id='word_1_285' title='bbox 238 2141 365 2229; x_wconf 75' lang='grc' dir='ltr'><strong><em>Ἰσραήλ.</em></strong></span> <span class='ocrx_word' id='word_1_286' title='bbox 402 2144 480 2209; x_wconf 76' lang='grc' dir='ltr'><strong><em>7καί</em></strong></span> <span class='ocrx_word' id='word_1_287' title='bbox 496 2143 710 2229; x_wconf 77' lang='grc' dir='ltr'><strong><em>ἐξολοθρευσεις</em></strong></span> <span class='ocrx_word' id='word_1_288' title='bbox 741 2147 792 2210; x_wconf 81' lang='grc' dir='ltr'><strong><em>καί</em></strong></span> <span class='ocrx_word' id='word_1_289' title='bbox 805 2142 942 2250; x_wconf 71' lang='grc' dir='ltr'><strong><em>Ὀηοζίας</em></strong></span> <span class='ocrx_word' id='word_1_290' title='bbox 960 2145 1097 2231; x_wconf 86' lang='grc' dir='ltr'><strong><em>βασιλεύς</em></strong></span> <span class='ocrx_word' id='word_1_291' title='bbox 1112 2143 1216 2212; x_wconf 93' lang='grc' dir='ltr'><strong><em>Ἰούδα</em></strong></span> <span class='ocrx_word' id='word_1_292' title='bbox 1233 2154 1344 2237; x_wconf 86' lang='grc' dir='ltr'><strong><em>κατέβη</em></strong></span> 
     </span>
     <span class='ocr_line' id='line_1_25' title="bbox 106 2225 1343 2315; baseline 0.001 -20"><span class='ocrx_word' id='word_1_293' title='bbox 106 2230 161 2296; x_wconf 89' lang='grc' dir='ltr'><strong><em>τόν</em></strong></span> <span class='ocrx_word' id='word_1_294' title='bbox 180 2225 264 2294; x_wconf 77' lang='grc' dir='ltr'><strong><em>οἶκον</em></strong></span> <span class='ocrx_word' id='word_1_295' title='bbox 281 2225 396 2315; x_wconf 78' lang='grc' dir='ltr'><strong><em>Ἀχαδιβ</em></strong></span> <span class='ocrx_word' id='word_1_296' title='bbox 416 2231 471 2291; x_wconf 83' lang='grc' dir='ltr'><strong><em>τοῦ</em></strong></span> <span class='ocrx_word' id='word_1_297' title='bbox 489 2233 590 2307; x_wconf 83' lang='grc' dir='ltr'>κυρίου</span> <span class='ocrx_word' id='word_1_298' title='bbox 607 2253 662 2292; x_wconf 95' lang='grc' dir='ltr'><strong><em>σου</em></strong></span> <span class='ocrx_word' id='word_1_299' title='bbox 679 2229 710 2291; x_wconf 85' lang='grc' dir='ltr'><strong><em>εἰι</em></strong></span> <span class='ocrx_word' id='word_1_300' title='bbox 742 2228 810 2292; x_wconf 79' lang='grc' dir='ltr'><strong><em>ἰδεῖν</em></strong></span> <span class='ocrx_word' id='word_1_301' title='bbox 823 2253 874 2292; x_wconf 90' lang='grc' dir='ltr'><strong><em>τον</em></strong></span> <span class='ocrx_word' id='word_1_302' title='bbox 884 2226 1004 2314; x_wconf 79' lang='grc' dir='ltr'><strong><em>Ἰωράμ.</em></strong></span> <span class='ocrx_word' id='word_1_303' title='bbox 1022 2232 1106 2294; x_wconf 74' lang='grc' dir='ltr'><strong><em>17καλ</em></strong></span> <span class='ocrx_word' id='word_1_304' title='bbox 1119 2227 1136 2294; x_wconf 91' lang='lat'>5</span> <span class='ocrx_word' id='word_1_305' title='bbox 1149 2232 1262 2307; x_wconf 89' lang='grc' dir='ltr'><strong><em>σκοπὸς</em></strong></span> <span class='ocrx_word' id='word_1_306' title='bbox 1275 2231 1343 2298; x_wconf 81' lang='grc' dir='ltr'><strong><em>αἰνέ-</em></strong></span> 
     </span>
    </p>
   </div>
   <div class='ocr_carea' id='block_1_3' title="bbox 832 2313 838 2336">
    <p class='ocr_par' dir='ltr' id='par_1_3' title="bbox 832 2313 838 2336">
     <span class='ocr_line' id='line_1_26' title="bbox 832 2313 838 2336; baseline 0 0"><span class='ocrx_word' id='word_1_307' title='bbox 832 2313 838 2336; x_wconf 72' lang='grc' dir='ltr'><strong><em>ί</em></strong></span> 
     </span>
    </p>
   </div>
   <div class='ocr_carea' id='block_1_4' title="bbox 105 2309 1343 2496">
    <p class='ocr_par' dir='ltr' id='par_1_4' title="bbox 105 2309 1343 2496">
     <span class='ocr_line' id='line_1_27' title="bbox 105 2309 1343 2415; baseline 0.003 -37"><span class='ocrx_word' id='word_1_308' title='bbox 105 2309 269 2398; x_wconf 85' lang='grc' dir='ltr'><strong><em>’προςεόπου</em></strong></span> <span class='ocrx_word' id='word_1_309' title='bbox 281 2337 352 2394; x_wconf 87' lang='grc' dir='ltr'><strong><em>μου,</em></strong></span> <span class='ocrx_word' id='word_1_310' title='bbox 370 2313 422 2376; x_wconf 80' lang='grc' dir='ltr'><strong><em>καὶ</em></strong></span> <span class='ocrx_word' id='word_1_311' title='bbox 440 2310 596 2395; x_wconf 73' lang='grc' dir='ltr'><strong><em>έκδικησεις</em></strong></span> <span class='ocrx_word' id='word_1_312' title='bbox 609 2309 648 2374; x_wconf 90' lang='grc' dir='ltr'><strong><em>τδι</em></strong></span> <span class='ocrx_word' id='word_1_313' title='bbox 662 2315 711 2373; x_wconf 86' lang='grc' dir='ltr'><strong><em>α’ί·</em></strong></span> <span class='ocrx_word' id='word_1_314' title='bbox 739 2315 777 2415; x_wconf 87' lang='grc' dir='ltr'><strong><em>βη</em></strong></span> <span class='ocrx_word' id='word_1_315' title='bbox 790 2314 838 2375; x_wconf 73' lang='grc' dir='ltr'><strong><em>ἔπι</em></strong></span> <span class='ocrx_word' id='word_1_316' title='bbox 856 2309 909 2376; x_wconf 87' lang='grc' dir='ltr'><strong><em>τόν</em></strong></span> <span class='ocrx_word' id='word_1_317' title='bbox 927 2311 1044 2396; x_wconf 91' lang='grc' dir='ltr'><strong><em>πύργον</em></strong></span> <span class='ocrx_word' id='word_1_318' title='bbox 1058 2310 1199 2399; x_wconf 79' lang='grc' dir='ltr'><strong><em>Ἰεζρύελ,</em></strong></span> <span class='ocrx_word' id='word_1_319' title='bbox 1224 2318 1275 2380; x_wconf 76' lang='grc' dir='ltr'><strong><em>καί</em></strong></span> <span class='ocrx_word' id='word_1_320' title='bbox 1287 2317 1343 2382; x_wconf 79' lang='grc' dir='ltr'><strong><em>εἶδε</em></strong></span> 
     </span>
     <span class='ocr_line' id='line_1_28' title="bbox 106 2390 1342 2496; baseline 0.002 -36"><span class='ocrx_word' id='word_1_321' title='bbox 106 2421 187 2480; x_wconf 86' lang='grc' dir='ltr'><strong><em>ματα</em></strong></span> <span class='ocrx_word' id='word_1_322' title='bbox 199 2400 258 2462; x_wconf 77' lang='grc' dir='ltr'><strong><em>τῶν</em></strong></span> <span class='ocrx_word' id='word_1_323' title='bbox 270 2390 386 2461; x_wconf 89' lang='grc' dir='ltr'><strong><em>δούλων</em></strong></span> <span class='ocrx_word' id='word_1_324' title='bbox 396 2420 454 2478; x_wconf 92' lang='grc' dir='ltr'><strong><em>μου</em></strong></span> <span class='ocrx_word' id='word_1_325' title='bbox 465 2397 524 2458; x_wconf 82' lang='grc' dir='ltr'><strong><em>τῶν</em></strong></span> <span class='ocrx_word' id='word_1_326' title='bbox 535 2397 709 2480; x_wconf 78' lang='grc' dir='ltr'><strong><em>προφητῶν,</em></strong></span> <span class='ocrx_word' id='word_1_327' title='bbox 740 2417 792 2459; x_wconf 88' lang='grc' dir='ltr'><strong><em>τον</em></strong></span> <span class='ocrx_word' id='word_1_328' title='bbox 819 2392 972 2496; x_wconf 68' lang='grc' dir='ltr'><strong><em>κονιορτόν</em></strong></span> <span class='ocrx_word' id='word_1_329' title='bbox 987 2393 1050 2459; x_wconf 85' lang='grc' dir='ltr'><strong><em>Ἰού</em></strong></span> <span class='ocrx_word' id='word_1_330' title='bbox 1073 2399 1105 2460; x_wconf 78' lang='grc' dir='ltr'><strong><em>ἐν</em></strong></span> <span class='ocrx_word' id='word_1_331' title='bbox 1122 2401 1167 2479; x_wconf 77' lang='grc' dir='ltr'><strong><em>τῷ</em></strong></span> <span class='ocrx_word' id='word_1_332' title='bbox 1183 2407 1342 2482; x_wconf 81' lang='grc' dir='ltr'><strong><em>παραγίνε-</em></strong></span> 
     </span>
    </p>
   </div>
   <div class='ocr_carea' id='block_1_5' title="bbox 98 2471 1343 4613">
    <p class='ocr_par' dir='ltr' id='par_1_5' title="bbox 98 2471 1343 4558">
     <span class='ocr_line' id='line_1_29' title="bbox 106 2471 1342 2565; baseline 0.003 -21"><span class='ocrx_word' id='word_1_333' title='bbox 106 2483 157 2545; x_wconf 85' lang='grc' dir='ltr'><strong><em>καὶ</em></strong></span> <span class='ocrx_word' id='word_1_334' title='bbox 180 2475 220 2544; x_wconf 81' lang='grc' dir='ltr'><strong><em>τολ</em></strong></span> <span class='ocrx_word' id='word_1_335' title='bbox 244 2484 355 2562; x_wconf 83' lang='grc' dir='ltr'><strong><em>αἵματα</em></strong></span> <span class='ocrx_word' id='word_1_336' title='bbox 368 2473 490 2543; x_wconf 83' lang='grc' dir='ltr'><strong><em>πόντων</em></strong></span> <span class='ocrx_word' id='word_1_337' title='bbox 511 2482 571 2542; x_wconf 76' lang='grc' dir='ltr'><strong><em>τῶν</em></strong></span> <span class='ocrx_word' id='word_1_338' title='bbox 593 2471 709 2541; x_wconf 89' lang='grc' dir='ltr'><strong><em>δούλων</em></strong></span> <span class='ocrx_word' id='word_1_339' title='bbox 741 2488 815 2543; x_wconf 84' lang='grc' dir='ltr'><strong><em>σθαι</em></strong></span> <span class='ocrx_word' id='word_1_340' title='bbox 828 2476 933 2554; x_wconf 88' lang='grc' dir='ltr'><strong><em>αυτὸν,</em></strong></span> <span class='ocrx_word' id='word_1_341' title='bbox 960 2481 1010 2543; x_wconf 81' lang='grc' dir='ltr'><strong><em>καὶ</em></strong></span> <span class='ocrx_word' id='word_1_342' title='bbox 1023 2478 1092 2542; x_wconf 84' lang='grc' dir='ltr'><strong><em>εἷπε.</em></strong></span> <span class='ocrx_word' id='word_1_343' title='bbox 1119 2483 1271 2565; x_wconf 86' lang='grc' dir='ltr'><strong><em>κονιορτὸν</em></strong></span> <span class='ocrx_word' id='word_1_344' title='bbox 1284 2482 1342 2562; x_wconf 83' lang='grc' dir='ltr'><strong><em>ε’γιό</em></strong></span> 
     </span>
     <span class='ocr_line' id='line_1_30' title="bbox 106 2558 1343 2707; baseline 0.004 -81"><span class='ocrx_word' id='word_1_345' title='bbox 106 2569 209 2648; x_wconf 84' lang='grc' dir='ltr'>κυρίου</span> <span class='ocrx_word' id='word_1_346' title='bbox 222 2566 254 2626; x_wconf 74' lang='grc' dir='ltr'><strong><em>ἐκ</em></strong></span> <span class='ocrx_word' id='word_1_347' title='bbox 266 2559 503 2707; x_wconf 46' lang='grc' dir='ltr'><strong><em>χειρὸς’1εῗιῖλελ,</em></strong></span> <span class='ocrx_word' id='word_1_348' title='bbox 532 2563 641 2625; x_wconf 69' lang='grc' dir='ltr'><strong><em>11καὶέκ</em></strong></span> <span class='ocrx_word' id='word_1_349' title='bbox 671 2586 710 2623; x_wconf 94' lang='grc' dir='ltr'><strong><em>ει-</em></strong></span> <span class='ocrx_word' id='word_1_350' title='bbox 739 2561 847 2646; x_wconf 84' lang='grc' dir='ltr'><strong><em>βλέπω.</em></strong></span> <span class='ocrx_word' id='word_1_351' title='bbox 873 2563 923 2625; x_wconf 79' lang='grc' dir='ltr'><strong><em>καὶ</em></strong></span> <span class='ocrx_word' id='word_1_352' title='bbox 936 2560 1013 2627; x_wconf 75' lang='grc' dir='ltr'><strong><em>εἶπεν</em></strong></span> <span class='ocrx_word' id='word_1_353' title='bbox 1023 2558 1141 2645; x_wconf 76' lang='grc' dir='ltr'><strong><em>Ἰωράμ.</em></strong></span> <span class='ocrx_word' id='word_1_354' title='bbox 1155 2563 1225 2650; x_wconf 82' lang='grc' dir='ltr'><strong><em>λύβε</em></strong></span> <span class='ocrx_word' id='word_1_355' title='bbox 1238 2563 1343 2653; x_wconf 78' lang='grc' dir='ltr'><strong><em>ἐπιβύ-</em></strong></span> 
     </span>
     <span class='ocr_line' id='line_1_31' title="bbox 107 2639 1343 2746; baseline 0.005 -37"><span class='ocrx_word' id='word_1_356' title='bbox 107 2647 159 2732; x_wconf 86' lang='grc' dir='ltr'><strong><em>ρός</em></strong></span> <span class='ocrx_word' id='word_1_357' title='bbox 171 2642 244 2709; x_wconf 80' lang='grc' dir='ltr'><strong><em>ὅλου</em></strong></span> <span class='ocrx_word' id='word_1_358' title='bbox 257 2651 312 2710; x_wconf 79' lang='grc' dir='ltr'><strong><em>τοῦ</em></strong></span> <span class='ocrx_word' id='word_1_359' title='bbox 326 2642 425 2708; x_wconf 78' lang='grc' dir='ltr'><strong><em>οἴκου’</em></strong></span> <span class='ocrx_word' id='word_1_360' title='bbox 448 2642 535 2746; x_wconf 83' lang='grc' dir='ltr'><strong><em>χαδιβ,</em></strong></span> <span class='ocrx_word' id='word_1_361' title='bbox 545 2645 596 2707; x_wconf 81' lang='grc' dir='ltr'><strong><em>καὶ</em></strong></span> <span class='ocrx_word' id='word_1_362' title='bbox 608 2645 657 2718; x_wconf 78' lang='grc' dir='ltr'><strong><em>ἐξο</em></strong></span> <span class='ocrx_word' id='word_1_363' title='bbox 740 2668 803 2727; x_wconf 92' lang='grc' dir='ltr'><strong><em>την,</em></strong></span> <span class='ocrx_word' id='word_1_364' title='bbox 813 2645 864 2706; x_wconf 80' lang='grc' dir='ltr'><strong><em>καὶ</em></strong></span> <span class='ocrx_word' id='word_1_365' title='bbox 877 2639 1053 2708; x_wconf 76' lang='grc' dir='ltr'><strong><em>ἀπόστειλον</em></strong></span> <span class='ocrx_word' id='word_1_366' title='bbox 1066 2649 1232 2728; x_wconf 72' lang='grc' dir='ltr'><strong><em>ἔμπροσθεν</em></strong></span> <span class='ocrx_word' id='word_1_367' title='bbox 1242 2647 1343 2716; x_wconf 81' lang='grc' dir='ltr'><strong><em>αὐτῶν</em></strong></span> 
     </span>
     <span class='ocr_line' id='line_1_32' title="bbox 104 2723 1343 2824; baseline 0.006 -34"><span class='ocrx_word' id='word_1_368' title='bbox 104 2725 237 2810; x_wconf 80' lang='grc' dir='ltr'><strong><em>θρεύσεις</em></strong></span> <span class='ocrx_word' id='word_1_369' title='bbox 261 2732 305 2810; x_wconf 80' lang='grc' dir='ltr'><strong><em>τῷ</em></strong></span> <span class='ocrx_word' id='word_1_370' title='bbox 332 2727 405 2806; x_wconf 82' lang='grc' dir='ltr'><strong><em>οἴκῳ</em></strong></span> <span class='ocrx_word' id='word_1_371' title='bbox 426 2725 539 2824; x_wconf 69' lang='grc' dir='ltr'><strong><em>Ἀηααβ</em></strong></span> <span class='ocrx_word' id='word_1_372' title='bbox 562 2723 710 2806; x_wconf 82' lang='grc' dir='ltr'><strong><em>ούροῡντα</em></strong></span> <span class='ocrx_word' id='word_1_373' title='bbox 739 2728 789 2790; x_wconf 80' lang='grc' dir='ltr'><strong><em>καὶ</em></strong></span> <span class='ocrx_word' id='word_1_374' title='bbox 802 2723 923 2801; x_wconf 80' lang='grc' dir='ltr'><strong><em>εἰπάτω,</em></strong></span> <span class='ocrx_word' id='word_1_375' title='bbox 951 2724 1087 2813; x_wconf 76' lang='grc' dir='ltr'><strong><em>ηείρηνη.</em></strong></span> <span class='ocrx_word' id='word_1_376' title='bbox 1113 2729 1141 2771; x_wconf 84' lang='lat'><strong><em>¹⁸</em></strong></span> <span class='ocrx_word' id='word_1_377' title='bbox 1153 2734 1204 2794; x_wconf 88' lang='grc' dir='ltr'><strong><em>καὶ</em></strong></span> <span class='ocrx_word' id='word_1_378' title='bbox 1216 2732 1343 2819; x_wconf 78' lang='grc' dir='ltr'><strong><em>ἐπορεύ-</em></strong></span> 
     </span>
     <span class='ocr_line' id='line_1_33' title="bbox 105 2806 1342 2897; baseline 0.007 -24"><span class='ocrx_word' id='word_1_379' title='bbox 105 2809 181 2891; x_wconf 85' lang='grc' dir='ltr'><strong><em>πρὸς</em></strong></span> <span class='ocrx_word' id='word_1_380' title='bbox 192 2808 550 2890; x_wconf 82' lang='grc' dir='ltr'><strong><em>τοῖχον,καὶσυνεχομευον</em></strong></span> <span class='ocrx_word' id='word_1_381' title='bbox 561 2809 709 2881; x_wconf 78' lang='grc' dir='ltr'><strong><em>καίέγκα-</em></strong></span> <span class='ocrx_word' id='word_1_382' title='bbox 738 2819 781 2888; x_wconf 82' lang='grc' dir='ltr'><strong><em>θη</em></strong></span> <span class='ocrx_word' id='word_1_383' title='bbox 795 2806 936 2892; x_wconf 73' lang='grc' dir='ltr'><strong><em>ἐπιβάτης</em></strong></span> <span class='ocrx_word' id='word_1_384' title='bbox 957 2815 1056 2874; x_wconf 85' lang='grc' dir='ltr'><strong><em>ἰ’ππου</em></strong></span> <span class='ocrx_word' id='word_1_385' title='bbox 1078 2817 1116 2886; x_wconf 80' lang='grc' dir='ltr'><strong><em>εἷς</em></strong></span> <span class='ocrx_word' id='word_1_386' title='bbox 1134 2811 1269 2897; x_wconf 78' lang='grc' dir='ltr'><strong><em>ἆπαντην</em></strong></span> <span class='ocrx_word' id='word_1_387' title='bbox 1286 2816 1342 2881; x_wconf 89' lang='grc' dir='ltr'><strong><em>αύ-</em></strong></span> 
     </span>
     <span class='ocr_line' id='line_1_34' title="bbox 105 2883 1340 2981; baseline 0.006 -26"><span class='ocrx_word' id='word_1_388' title='bbox 105 2891 324 2972; x_wconf 86' lang='grc' dir='ltr'><strong><em>ταλελειμμένον</em></strong></span> <span class='ocrx_word' id='word_1_389' title='bbox 336 2891 366 2950; x_wconf 84' lang='grc' dir='ltr'><strong><em>έν</em></strong></span> <span class='ocrx_word' id='word_1_390' title='bbox 375 2884 506 2972; x_wconf 69' lang='grc' dir='ltr'><strong><em>Ἰσραήλ.</em></strong></span> <span class='ocrx_word' id='word_1_391' title='bbox 533 2889 610 2950; x_wconf 79' lang='grc' dir='ltr'><strong><em>9καὶ</em></strong></span> <span class='ocrx_word' id='word_1_392' title='bbox 622 2883 707 2953; x_wconf 85' lang='grc' dir='ltr'><strong><em>διύσω</em></strong></span> <span class='ocrx_word' id='word_1_393' title='bbox 738 2895 808 2965; x_wconf 81' lang='grc' dir='ltr'><strong><em>τῶν,</em></strong></span> <span class='ocrx_word' id='word_1_394' title='bbox 821 2893 872 2954; x_wconf 80' lang='grc' dir='ltr'><strong><em>καὶ</em></strong></span> <span class='ocrx_word' id='word_1_395' title='bbox 883 2890 967 2956; x_wconf 79' lang='grc' dir='ltr'><strong><em>εἶπεν.</em></strong></span> <span class='ocrx_word' id='word_1_396' title='bbox 994 2890 1063 2958; x_wconf 83' lang='grc' dir='ltr'><strong><em>τάδε</em></strong></span> <span class='ocrx_word' id='word_1_397' title='bbox 1077 2895 1153 2971; x_wconf 84' lang='grc' dir='ltr'><strong><em>λέγει</em></strong></span> <span class='ocrx_word' id='word_1_398' title='bbox 1167 2891 1182 2961; x_wconf 91' lang='lat'>5</span> <span class='ocrx_word' id='word_1_399' title='bbox 1194 2896 1340 2981; x_wconf 84' lang='grc' dir='ltr'><strong><em>βασιλεύς,</em></strong></span> 
     </span>
     <span class='ocr_line' id='line_1_35' title="bbox 105 2965 1340 3072; baseline 0.008 -35"><span class='ocrx_word' id='word_1_400' title='bbox 105 2971 158 3038; x_wconf 90' lang='grc' dir='ltr'><strong><em>τὸν</em></strong></span> <span class='ocrx_word' id='word_1_401' title='bbox 170 2972 253 3036; x_wconf 85' lang='grc' dir='ltr'><strong><em>οἶκον</em></strong></span> <span class='ocrx_word' id='word_1_402' title='bbox 267 2966 380 3072; x_wconf 84' lang='grc' dir='ltr'><strong><em>Ἀχαόιβ</em></strong></span> <span class='ocrx_word' id='word_1_403' title='bbox 399 2965 439 3044; x_wconf 79' lang='grc' dir='ltr'><strong><em>ὥς</em></strong></span> <span class='ocrx_word' id='word_1_404' title='bbox 458 2967 510 3034; x_wconf 91' lang='grc' dir='ltr'><strong><em>τόν</em></strong></span> <span class='ocrx_word' id='word_1_405' title='bbox 523 2968 708 3055; x_wconf 84' lang='grc' dir='ltr'><strong><em>οἷκονἸερο·</em></strong></span> <span class='ocrx_word' id='word_1_406' title='bbox 739 2971 756 3056; x_wconf 78' lang='grc' dir='ltr'><strong><em>η</em></strong></span> <span class='ocrx_word' id='word_1_407' title='bbox 775 2969 878 3057; x_wconf 70' lang='grc' dir='ltr'><strong><em>εἰρήνη.</em></strong></span> <span class='ocrx_word' id='word_1_408' title='bbox 905 2976 956 3037; x_wconf 80' lang='grc' dir='ltr'><strong><em>καλ</em></strong></span> <span class='ocrx_word' id='word_1_409' title='bbox 977 2975 1054 3041; x_wconf 78' lang='grc' dir='ltr'><strong><em>εἶπεν</em></strong></span> <span class='ocrx_word' id='word_1_410' title='bbox 1072 2976 1142 3042; x_wconf 87' lang='grc' dir='ltr'>Ἰού.</span> <span class='ocrx_word' id='word_1_411' title='bbox 1169 2986 1200 3043; x_wconf 88' lang='grc' dir='ltr'><strong><em>τί</em></strong></span> <span class='ocrx_word' id='word_1_412' title='bbox 1222 3007 1271 3045; x_wconf 92' lang='grc' dir='ltr'><strong><em>σοι</em></strong></span> <span class='ocrx_word' id='word_1_413' title='bbox 1288 2986 1340 3047; x_wconf 77' lang='grc' dir='ltr'><strong><em>καί</em></strong></span> 
     </span>
     <span class='ocr_line' id='line_1_36' title="bbox 104 3050 1337 3149; baseline 0.01 -32"><span class='ocrx_word' id='word_1_414' title='bbox 104 3053 185 3141; x_wconf 80' lang='grc' dir='ltr'><strong><em>βούμ</em></strong></span> <span class='ocrx_word' id='word_1_415' title='bbox 203 3057 269 3117; x_wconf 79' lang='grc' dir='ltr'>υἱοῦ</span> <span class='ocrx_word' id='word_1_416' title='bbox 280 3057 404 3137; x_wconf 90' lang='grc' dir='ltr'><strong><em>Ναβατ,</em></strong></span> <span class='ocrx_word' id='word_1_417' title='bbox 431 3054 482 3114; x_wconf 82' lang='grc' dir='ltr'><strong><em>καί</em></strong></span> <span class='ocrx_word' id='word_1_418' title='bbox 501 3050 542 3127; x_wconf 79' lang='grc' dir='ltr'><strong><em>ὡς</em></strong></span> <span class='ocrx_word' id='word_1_419' title='bbox 560 3053 612 3117; x_wconf 89' lang='grc' dir='ltr'><strong><em>τὸν</em></strong></span> <span class='ocrx_word' id='word_1_420' title='bbox 626 3053 708 3117; x_wconf 73' lang='grc' dir='ltr'><strong><em>οἶκον</em></strong></span> <span class='ocrx_word' id='word_1_421' title='bbox 737 3052 849 3140; x_wconf 59' lang='grc' dir='ltr'><strong><em>εἰρήνη·</em></strong></span> <span class='ocrx_word' id='word_1_422' title='bbox 876 3059 1030 3142; x_wconf 75' lang='grc' dir='ltr'><strong><em>ἐπίστρεφε</em></strong></span> <span class='ocrx_word' id='word_1_423' title='bbox 1049 3065 1088 3135; x_wconf 79' lang='grc' dir='ltr'><strong><em>εἷς</em></strong></span> <span class='ocrx_word' id='word_1_424' title='bbox 1107 3060 1146 3127; x_wconf 80' lang='grc' dir='ltr'><strong><em>τὰ</em></strong></span> <span class='ocrx_word' id='word_1_425' title='bbox 1158 3061 1258 3128; x_wconf 84' lang='grc' dir='ltr'><strong><em>ὀπίσω</em></strong></span> <span class='ocrx_word' id='word_1_426' title='bbox 1270 3090 1337 3149; x_wconf 90' lang='grc' dir='ltr'><strong><em>μου.</em></strong></span> 
     </span>
     <span class='ocr_line' id='line_1_37' title="bbox 104 3127 1337 3240; baseline 0.01 -39"><span class='ocrx_word' id='word_1_427' title='bbox 104 3133 220 3202; x_wconf 85' lang='grc' dir='ltr'><strong><em>Βαασδι</em></strong></span> <span class='ocrx_word' id='word_1_428' title='bbox 232 3127 398 3218; x_wconf 76' lang='grc' dir='ltr'><strong><em>υἶοῠἈχιόι.</em></strong></span> <span class='ocrx_word' id='word_1_429' title='bbox 424 3136 509 3198; x_wconf 69' lang='grc' dir='ltr'><strong><em>111καλ</em></strong></span> <span class='ocrx_word' id='word_1_430' title='bbox 521 3133 574 3218; x_wconf 80' lang='grc' dir='ltr'><strong><em>την</em></strong></span> <span class='ocrx_word' id='word_1_431' title='bbox 583 3132 707 3220; x_wconf 79' lang='grc' dir='ltr'><strong><em>Ἰεζάβελ</em></strong></span> <span class='ocrx_word' id='word_1_432' title='bbox 737 3140 788 3202; x_wconf 86' lang='grc' dir='ltr'><strong><em>καὶ</em></strong></span> <span class='ocrx_word' id='word_1_433' title='bbox 800 3129 973 3240; x_wconf 77' lang='grc' dir='ltr'><strong><em>ἆπηγγειλιν</em></strong></span> <span class='ocrx_word' id='word_1_434' title='bbox 986 3140 1003 3205; x_wconf 91' lang='lat'>5</span> <span class='ocrx_word' id='word_1_435' title='bbox 1018 3143 1139 3220; x_wconf 85' lang='grc' dir='ltr'><strong><em>σκοπός,</em></strong></span> <span class='ocrx_word' id='word_1_436' title='bbox 1155 3146 1257 3224; x_wconf 87' lang='grc' dir='ltr'><strong><em>λέγων.</em></strong></span> <span class='ocrx_word' id='word_1_437' title='bbox 1283 3149 1337 3231; x_wconf 80' lang='grc' dir='ltr'><strong><em>ἡλ-</em></strong></span> 
     </span>
     <span class='ocr_line' id='line_1_38' title="bbox 106 3211 1338 3308; baseline 0.011 -25"><span class='ocrx_word' id='word_1_438' title='bbox 106 3213 331 3297; x_wconf 83' lang='grc' dir='ltr'><strong><em>καταφόγονται</em></strong></span> <span class='ocrx_word' id='word_1_439' title='bbox 353 3219 384 3280; x_wconf 74' lang='grc' dir='ltr'><strong><em>οἱ</em></strong></span> <span class='ocrx_word' id='word_1_440' title='bbox 400 3211 482 3292; x_wconf 81' lang='grc' dir='ltr'><strong><em>κύνες</em></strong></span> <span class='ocrx_word' id='word_1_441' title='bbox 502 3220 533 3281; x_wconf 78' lang='grc' dir='ltr'><strong><em>ἕν</em></strong></span> <span class='ocrx_word' id='word_1_442' title='bbox 555 3221 593 3308; x_wconf 77' lang='grc' dir='ltr'><strong><em>τῇ</em></strong></span> <span class='ocrx_word' id='word_1_443' title='bbox 613 3221 705 3303; x_wconf 78' lang='grc' dir='ltr'><strong><em>μερίδι</em></strong></span> <span class='ocrx_word' id='word_1_444' title='bbox 736 3217 819 3285; x_wconf 76' lang='grc' dir='ltr'><strong><em>θενό</em></strong></span> <span class='ocrx_word' id='word_1_445' title='bbox 833 3222 956 3298; x_wconf 78' lang='grc' dir='ltr'><strong><em>ἅγγελος</em></strong></span> <span class='ocrx_word' id='word_1_446' title='bbox 969 3229 1024 3299; x_wconf 72' lang='grc' dir='ltr'><strong><em>ἕως</em></strong></span> <span class='ocrx_word' id='word_1_447' title='bbox 1037 3225 1146 3302; x_wconf 75' lang='grc' dir='ltr'><strong><em>αὐτῶν,</em></strong></span> <span class='ocrx_word' id='word_1_448' title='bbox 1156 3232 1207 3293; x_wconf 86' lang='grc' dir='ltr'><strong><em>καί</em></strong></span> <span class='ocrx_word' id='word_1_449' title='bbox 1220 3231 1338 3297; x_wconf 85' lang='grc' dir='ltr'><strong><em>ούκύιν-</em></strong></span> 
     </span>
     <span class='ocr_line' id='line_1_39' title="bbox 98 3296 1337 3417; baseline 0.009 -52"><span class='ocrx_word' id='word_1_450' title='bbox 98 3301 107 3324; x_wconf 87' lang='lat'><em>&#39;</em></span> <span class='ocrx_word' id='word_1_451' title='bbox 127 3297 235 3388; x_wconf 82' lang='grc' dir='ltr'><strong><em>εζρύελ,</em></strong></span> <span class='ocrx_word' id='word_1_452' title='bbox 249 3301 300 3365; x_wconf 80' lang='grc' dir='ltr'><strong><em>καὶ</em></strong></span> <span class='ocrx_word' id='word_1_453' title='bbox 312 3298 366 3364; x_wconf 80' lang='grc' dir='ltr'><strong><em>οὐκ</em></strong></span> <span class='ocrx_word' id='word_1_454' title='bbox 378 3301 455 3365; x_wconf 84' lang='grc' dir='ltr'><strong><em>έστιν</em></strong></span> <span class='ocrx_word' id='word_1_455' title='bbox 468 3296 485 3365; x_wconf 91' lang='lat'>5</span> <span class='ocrx_word' id='word_1_456' title='bbox 498 3299 636 3366; x_wconf 79' lang='grc' dir='ltr'><strong><em>θόπτων.</em></strong></span> <span class='ocrx_word' id='word_1_457' title='bbox 655 3305 707 3367; x_wconf 82' lang='grc' dir='ltr'><strong><em>καὶ</em></strong></span> <span class='ocrx_word' id='word_1_458' title='bbox 737 3306 883 3390; x_wconf 80' lang='grc' dir='ltr'><strong><em>ἔστρεφεν.</em></strong></span> <span class='ocrx_word' id='word_1_459' title='bbox 913 3308 941 3347; x_wconf 81' lang='lat'><strong><em>¹⁹</em></strong></span> <span class='ocrx_word' id='word_1_460' title='bbox 955 3311 1005 3371; x_wconf 88' lang='grc' dir='ltr'><strong><em>καὶ</em></strong></span> <span class='ocrx_word' id='word_1_461' title='bbox 1017 3307 1183 3378; x_wconf 71' lang='grc' dir='ltr'><strong><em>ἀπέστειλεν</em></strong></span> <span class='ocrx_word' id='word_1_462' title='bbox 1195 3309 1337 3417; x_wconf 78' lang='grc' dir='ltr'><strong><em>έπιβότην</em></strong></span> 
     </span>
     <span class='ocr_line' id='line_1_40' title="bbox 104 3379 1337 3478; baseline 0.005 -26"><span class='ocrx_word' id='word_1_463' title='bbox 104 3385 198 3470; x_wconf 72' lang='grc' dir='ltr'><strong><em>ἤνοιξε</em></strong></span> <span class='ocrx_word' id='word_1_464' title='bbox 213 3383 266 3468; x_wconf 73' lang='grc' dir='ltr'><strong><em>την</em></strong></span> <span class='ocrx_word' id='word_1_465' title='bbox 291 3379 387 3468; x_wconf 74' lang='grc' dir='ltr'><strong><em>θύραν</em></strong></span> <span class='ocrx_word' id='word_1_466' title='bbox 408 3386 460 3449; x_wconf 78' lang='grc' dir='ltr'><strong><em>καὶ</em></strong></span> <span class='ocrx_word' id='word_1_467' title='bbox 480 3388 592 3467; x_wconf 78' lang='grc' dir='ltr'><strong><em>ἔφυγεν.</em></strong></span> <span class='ocrx_word' id='word_1_468' title='bbox 618 3389 644 3427; x_wconf 90' lang='lat'><strong><em>¹¹</em></strong></span> <span class='ocrx_word' id='word_1_469' title='bbox 656 3389 706 3451; x_wconf 80' lang='grc' dir='ltr'><strong><em>καί</em></strong></span> <span class='ocrx_word' id='word_1_470' title='bbox 736 3391 832 3453; x_wconf 82' lang='grc' dir='ltr'><strong><em>ἵππου</em></strong></span> <span class='ocrx_word' id='word_1_471' title='bbox 846 3385 988 3475; x_wconf 87' lang='grc' dir='ltr'><strong><em>δεύτερον,</em></strong></span> <span class='ocrx_word' id='word_1_472' title='bbox 1006 3396 1056 3457; x_wconf 82' lang='grc' dir='ltr'><strong><em>καὶ</em></strong></span> <span class='ocrx_word' id='word_1_473' title='bbox 1068 3383 1142 3478; x_wconf 72' lang='grc' dir='ltr'><strong><em>ἦλθε</em></strong></span> <span class='ocrx_word' id='word_1_474' title='bbox 1155 3393 1231 3478; x_wconf 85' lang='grc' dir='ltr'><strong><em>πρὸς</em></strong></span> <span class='ocrx_word' id='word_1_475' title='bbox 1244 3394 1337 3460; x_wconf 84' lang='grc' dir='ltr'><strong><em>αύτον</em></strong></span> 
     </span>
     <span class='ocr_line' id='line_1_41' title="bbox 100 3465 1337 3564; baseline 0.008 -31"><span class='ocrx_word' id='word_1_476' title='bbox 100 3467 164 3534; x_wconf 83' lang='grc' dir='ltr'><strong><em>Ἰού</em></strong></span> <span class='ocrx_word' id='word_1_477' title='bbox 180 3469 284 3552; x_wconf 77' lang='grc' dir='ltr'><strong><em>ἐξῆλθε</em></strong></span> <span class='ocrx_word' id='word_1_478' title='bbox 297 3465 374 3553; x_wconf 85' lang='grc' dir='ltr'><strong><em>πρὸς</em></strong></span> <span class='ocrx_word' id='word_1_479' title='bbox 383 3466 452 3542; x_wconf 82' lang='grc' dir='ltr'><strong><em>τοὺς</em></strong></span> <span class='ocrx_word' id='word_1_480' title='bbox 463 3470 575 3544; x_wconf 86' lang='grc' dir='ltr'><strong><em>παῖδας</em></strong></span> <span class='ocrx_word' id='word_1_481' title='bbox 585 3472 640 3535; x_wconf 83' lang='grc' dir='ltr'><strong><em>τού</em></strong></span> <span class='ocrx_word' id='word_1_482' title='bbox 652 3496 705 3533; x_wconf 88' lang='grc' dir='ltr'><strong><em>κυ-</em></strong></span> <span class='ocrx_word' id='word_1_483' title='bbox 736 3474 787 3536; x_wconf 81' lang='grc' dir='ltr'><strong><em>καί</em></strong></span> <span class='ocrx_word' id='word_1_484' title='bbox 798 3472 883 3539; x_wconf 76' lang='grc' dir='ltr'><strong><em>εἶπεν.</em></strong></span> <span class='ocrx_word' id='word_1_485' title='bbox 908 3472 977 3539; x_wconf 85' lang='grc' dir='ltr'><strong><em>τάδε</em></strong></span> <span class='ocrx_word' id='word_1_486' title='bbox 989 3475 1063 3555; x_wconf 85' lang='grc' dir='ltr'><strong><em>λέγει</em></strong></span> <span class='ocrx_word' id='word_1_487' title='bbox 1077 3473 1095 3541; x_wconf 90' lang='lat'>5</span> <span class='ocrx_word' id='word_1_488' title='bbox 1107 3477 1249 3564; x_wconf 88' lang='grc' dir='ltr'><strong><em>βασιλεύς.</em></strong></span> <span class='ocrx_word' id='word_1_489' title='bbox 1265 3477 1283 3560; x_wconf 75' lang='grc' dir='ltr'><em>ἢ</em></span> <span class='ocrx_word' id='word_1_490' title='bbox 1296 3485 1337 3542; x_wconf 78' lang='grc' dir='ltr'><strong><em>εί-</em></strong></span> 
     </span>
     <span class='ocr_line' id='line_1_42' title="bbox 103 3549 1331 3659; baseline 0.004 -43"><span class='ocrx_word' id='word_1_491' title='bbox 103 3560 170 3638; x_wconf 90' lang='grc' dir='ltr'><strong><em>ρίου</em></strong></span> <span class='ocrx_word' id='word_1_492' title='bbox 184 3551 286 3628; x_wconf 82' lang='grc' dir='ltr'><strong><em>αὐτοῦ,</em></strong></span> <span class='ocrx_word' id='word_1_493' title='bbox 304 3552 355 3616; x_wconf 82' lang='grc' dir='ltr'><strong><em>καὶ</em></strong></span> <span class='ocrx_word' id='word_1_494' title='bbox 371 3551 457 3616; x_wconf 75' lang='grc' dir='ltr'><strong><em>εἶπαν</em></strong></span> <span class='ocrx_word' id='word_1_495' title='bbox 472 3550 562 3634; x_wconf 81' lang='grc' dir='ltr'><strong><em>αύτῷ.</em></strong></span> <span class='ocrx_word' id='word_1_496' title='bbox 589 3549 704 3659; x_wconf 72' lang='grc' dir='ltr'><strong><em>εἰρηνης</em></strong></span> <span class='ocrx_word' id='word_1_497' title='bbox 735 3550 814 3640; x_wconf 76' lang='grc' dir='ltr'><strong><em>ρήνη.</em></strong></span> <span class='ocrx_word' id='word_1_498' title='bbox 840 3559 891 3622; x_wconf 80' lang='grc' dir='ltr'><strong><em>καὶ</em></strong></span> <span class='ocrx_word' id='word_1_499' title='bbox 909 3557 985 3624; x_wconf 81' lang='grc' dir='ltr'><strong><em>εἶπεν</em></strong></span> <span class='ocrx_word' id='word_1_500' title='bbox 994 3557 1065 3624; x_wconf 92' lang='grc' dir='ltr'>Ἰού.</span> <span class='ocrx_word' id='word_1_501' title='bbox 1092 3567 1124 3624; x_wconf 89' lang='grc' dir='ltr'><strong><em>τί</em></strong></span> <span class='ocrx_word' id='word_1_502' title='bbox 1134 3587 1179 3625; x_wconf 91' lang='grc' dir='ltr'><strong><em>σοι</em></strong></span> <span class='ocrx_word' id='word_1_503' title='bbox 1197 3563 1249 3623; x_wconf 83' lang='grc' dir='ltr'><strong><em>καί</em></strong></span> <span class='ocrx_word' id='word_1_504' title='bbox 1258 3557 1331 3639; x_wconf 77' lang='grc' dir='ltr'><strong><em>είρη-</em></strong></span> 
     </span>
     <span class='ocr_line' id='line_1_43' title="bbox 103 3631 1331 3744; baseline 0.002 -48"><span class='ocrx_word' id='word_1_505' title='bbox 103 3642 134 3698; x_wconf 89' lang='grc' dir='ltr'><strong><em>τί</em></strong></span> <span class='ocrx_word' id='word_1_506' title='bbox 158 3632 205 3699; x_wconf 81' lang='grc' dir='ltr'><strong><em>ὅτι</em></strong></span> <span class='ocrx_word' id='word_1_507' title='bbox 228 3637 356 3718; x_wconf 76' lang='grc' dir='ltr'><strong><em>εῑςῆλθεν</em></strong></span> <span class='ocrx_word' id='word_1_508' title='bbox 384 3631 401 3697; x_wconf 90' lang='lat'>5</span> <span class='ocrx_word' id='word_1_509' title='bbox 431 3635 593 3718; x_wconf 74' lang='grc' dir='ltr'><strong><em>ἐπίληπτος</em></strong></span> <span class='ocrx_word' id='word_1_510' title='bbox 616 3661 704 3712; x_wconf 80' lang='grc' dir='ltr'><strong><em>ουτος</em></strong></span> <span class='ocrx_word' id='word_1_511' title='bbox 735 3663 786 3720; x_wconf 82' lang='grc' dir='ltr'><strong><em>νη,·</em></strong></span> <span class='ocrx_word' id='word_1_512' title='bbox 818 3645 996 3744; x_wconf 78' lang='grc' dir='ltr'><strong><em>ἐπιστρέφου</em></strong></span> <span class='ocrx_word' id='word_1_513' title='bbox 1021 3648 1059 3718; x_wconf 81' lang='grc' dir='ltr'><strong><em>εἷς</em></strong></span> <span class='ocrx_word' id='word_1_514' title='bbox 1083 3641 1123 3706; x_wconf 79' lang='grc' dir='ltr'><strong><em>τὰ</em></strong></span> <span class='ocrx_word' id='word_1_515' title='bbox 1149 3639 1244 3703; x_wconf 85' lang='grc' dir='ltr'><strong><em>ὀπίσω</em></strong></span> <span class='ocrx_word' id='word_1_516' title='bbox 1267 3662 1331 3714; x_wconf 88' lang='grc' dir='ltr'><strong><em>μου.</em></strong></span> 
     </span>
     <span class='ocr_line' id='line_1_44' title="bbox 101 3709 1331 3807; baseline 0.013 -29"><span class='ocrx_word' id='word_1_517' title='bbox 101 3714 179 3797; x_wconf 87' lang='grc' dir='ltr'><strong><em>πρὸς</em></strong></span> <span class='ocrx_word' id='word_1_518' title='bbox 192 3721 241 3793; x_wconf 84' lang='grc' dir='ltr'><strong><em>σί,·</em></strong></span> <span class='ocrx_word' id='word_1_519' title='bbox 268 3718 319 3779; x_wconf 78' lang='grc' dir='ltr'><strong><em>καί</em></strong></span> <span class='ocrx_word' id='word_1_520' title='bbox 335 3716 412 3781; x_wconf 81' lang='grc' dir='ltr'><strong><em>εἶπεν</em></strong></span> <span class='ocrx_word' id='word_1_521' title='bbox 427 3714 538 3792; x_wconf 77' lang='grc' dir='ltr'><strong><em>αὐτοῖς.</em></strong></span> <span class='ocrx_word' id='word_1_522' title='bbox 566 3716 642 3802; x_wconf 76' lang='grc' dir='ltr'><strong><em>ὑμεῖς</em></strong></span> <span class='ocrx_word' id='word_1_523' title='bbox 659 3723 702 3784; x_wconf 80' lang='grc' dir='ltr'><strong><em>οῖ-</em></strong></span> <span class='ocrx_word' id='word_1_524' title='bbox 735 3709 829 3786; x_wconf 60' lang='grc' dir='ltr'><strong><em>21ίιιαὶ</em></strong></span> <span class='ocrx_word' id='word_1_525' title='bbox 854 3725 1024 3807; x_wconf 80' lang='grc' dir='ltr'><strong><em>ἀπηγγειλεν</em></strong></span> <span class='ocrx_word' id='word_1_526' title='bbox 1048 3722 1065 3788; x_wconf 90' lang='lat'>5</span> <span class='ocrx_word' id='word_1_527' title='bbox 1085 3719 1202 3793; x_wconf 62' lang='lat' dir='ltr'><strong><em>ambe,</em></strong></span> <span class='ocrx_word' id='word_1_528' title='bbox 1228 3717 1331 3793; x_wconf 63' lang='lat' dir='ltr'><strong><em>¹⁶&#39;7w12</em></strong></span> 
     </span>
     <span class='ocr_line' id='line_1_45' title="bbox 103 3793 1332 3887; baseline 0.005 -28"><span class='ocrx_word' id='word_1_529' title='bbox 103 3798 173 3860; x_wconf 89' lang='grc' dir='ltr'><strong><em>δατε</em></strong></span> <span class='ocrx_word' id='word_1_530' title='bbox 199 3795 250 3862; x_wconf 88' lang='grc' dir='ltr'><strong><em>τόν</em></strong></span> <span class='ocrx_word' id='word_1_531' title='bbox 271 3796 365 3882; x_wconf 80' lang='grc' dir='ltr'><strong><em>ἄνδρα</em></strong></span> <span class='ocrx_word' id='word_1_532' title='bbox 386 3801 436 3862; x_wconf 80' lang='grc' dir='ltr'><strong><em>καί</em></strong></span> <span class='ocrx_word' id='word_1_533' title='bbox 457 3798 510 3883; x_wconf 74' lang='grc' dir='ltr'><strong><em>την</em></strong></span> <span class='ocrx_word' id='word_1_534' title='bbox 531 3800 705 3887; x_wconf 80' lang='grc' dir='ltr'><strong><em>ἀδολεσχίαν</em></strong></span> <span class='ocrx_word' id='word_1_535' title='bbox 735 3793 826 3885; x_wconf 69' lang='grc' dir='ltr'><strong><em>ἦλθεν</em></strong></span> <span class='ocrx_word' id='word_1_536' title='bbox 838 3811 892 3879; x_wconf 76' lang='grc' dir='ltr'><strong><em>ἕως</em></strong></span> <span class='ocrx_word' id='word_1_537' title='bbox 905 3806 1004 3869; x_wconf 79' lang='grc' dir='ltr'><strong><em>αὐτῶν</em></strong></span> <span class='ocrx_word' id='word_1_538' title='bbox 1017 3803 1133 3869; x_wconf 78' lang='grc' dir='ltr'><strong><em>καὶούκ</em></strong></span> <span class='ocrx_word' id='word_1_539' title='bbox 1146 3800 1332 3881; x_wconf 80' lang='grc' dir='ltr'><strong><em>ἀνέστρεφεν,</em></strong></span> 
     </span>
     <span class='ocr_line' id='line_1_46' title="bbox 104 3877 1334 3967; baseline 0.005 -25"><span class='ocrx_word' id='word_1_540' title='bbox 104 3877 207 3942; x_wconf 79' lang='grc' dir='ltr'><strong><em>αὐτοῦ.</em></strong></span> <span class='ocrx_word' id='word_1_541' title='bbox 234 3883 261 3921; x_wconf 87' lang='lat'><strong><em>¹²</em></strong></span> <span class='ocrx_word' id='word_1_542' title='bbox 272 3884 322 3942; x_wconf 82' lang='grc' dir='ltr'><strong><em>καί</em></strong></span> <span class='ocrx_word' id='word_1_543' title='bbox 345 3880 436 3946; x_wconf 76' lang='grc' dir='ltr'><strong><em>εἶπον.</em></strong></span> <span class='ocrx_word' id='word_1_544' title='bbox 463 3881 580 3958; x_wconf 73' lang='grc' dir='ltr'><strong><em>ἄδικον,</em></strong></span> <span class='ocrx_word' id='word_1_545' title='bbox 602 3881 704 3959; x_wconf 74' lang='grc' dir='ltr'><strong><em>ιἰπύγ·</em></strong></span> <span class='ocrx_word' id='word_1_546' title='bbox 733 3887 784 3946; x_wconf 79' lang='grc' dir='ltr'><strong><em>καί</em></strong></span> <span class='ocrx_word' id='word_1_547' title='bbox 796 3884 814 3946; x_wconf 88' lang='grc' dir='ltr'>ὁ</span> <span class='ocrx_word' id='word_1_548' title='bbox 826 3885 909 3960; x_wconf 78' lang='grc' dir='ltr'><strong><em>ύγων</em></strong></span> <span class='ocrx_word' id='word_1_549' title='bbox 920 3879 987 3967; x_wconf 77' lang='grc' dir='ltr'><strong><em>ἦγεν</em></strong></span> <span class='ocrx_word' id='word_1_550' title='bbox 997 3887 1050 3951; x_wconf 83' lang='grc' dir='ltr'><strong><em>τὸν</em></strong></span> <span class='ocrx_word' id='word_1_551' title='bbox 1060 3884 1121 3949; x_wconf 86' lang='grc' dir='ltr'><strong><em>Ἰού</em></strong></span> <span class='ocrx_word' id='word_1_552' title='bbox 1135 3883 1199 3945; x_wconf 79' lang='grc' dir='ltr'><strong><em>υἱὸν</em></strong></span> <span class='ocrx_word' id='word_1_553' title='bbox 1207 3887 1334 3963; x_wconf 86' lang='grc' dir='ltr'><strong><em>Ναμεσ-</em></strong></span> 
     </span>
     <span class='ocr_line' id='line_1_47' title="bbox 102 3958 1334 4050; baseline 0.006 -26"><span class='ocrx_word' id='word_1_554' title='bbox 102 3961 198 4039; x_wconf 90' lang='grc' dir='ltr'><strong><em>γειλον</em></strong></span> <span class='ocrx_word' id='word_1_555' title='bbox 220 3959 256 4043; x_wconf 78' lang='grc' dir='ltr'><strong><em>δη</em></strong></span> <span class='ocrx_word' id='word_1_556' title='bbox 281 3958 357 4044; x_wconf 73' lang='grc' dir='ltr'><strong><em>ἡμῖν.</em></strong></span> <span class='ocrx_word' id='word_1_557' title='bbox 383 3965 434 4026; x_wconf 81' lang='grc' dir='ltr'><strong><em>καὶ</em></strong></span> <span class='ocrx_word' id='word_1_558' title='bbox 451 3964 529 4028; x_wconf 81' lang='grc' dir='ltr'><strong><em>εἶπεν</em></strong></span> <span class='ocrx_word' id='word_1_559' title='bbox 541 3963 603 4028; x_wconf 87' lang='grc' dir='ltr'><strong><em>Ἰού</em></strong></span> <span class='ocrx_word' id='word_1_560' title='bbox 628 3962 703 4046; x_wconf 84' lang='grc' dir='ltr'><strong><em>πρὸς</em></strong></span> <span class='ocrx_word' id='word_1_561' title='bbox 733 3966 771 4035; x_wconf 81' lang='grc' dir='ltr'><strong><em>σὶ,</em></strong></span> <span class='ocrx_word' id='word_1_562' title='bbox 785 3961 831 4026; x_wconf 77' lang='grc' dir='ltr'><strong><em>ὅτι</em></strong></span> <span class='ocrx_word' id='word_1_563' title='bbox 845 3969 876 4030; x_wconf 82' lang='grc' dir='ltr'><strong><em>ἐν</em></strong></span> <span class='ocrx_word' id='word_1_564' title='bbox 888 3968 1069 4050; x_wconf 76' lang='grc' dir='ltr'><strong><em>παραλλαγῆ</em></strong></span> <span class='ocrx_word' id='word_1_565' title='bbox 1083 3967 1203 4042; x_wconf 82' lang='grc' dir='ltr'><strong><em>ἐγένετο.</em></strong></span> <span class='ocrx_word' id='word_1_566' title='bbox 1242 3970 1269 4007; x_wconf 83' lang='lat'><strong><em>²¹</em></strong></span> <span class='ocrx_word' id='word_1_567' title='bbox 1283 3971 1334 4032; x_wconf 78' lang='grc' dir='ltr'><strong><em>καί</em></strong></span> 
     </span>
     <span class='ocr_line' id='line_1_48' title="bbox 103 4039 1333 4136; baseline 0.006 -29"><span class='ocrx_word' id='word_1_568' title='bbox 103 4039 223 4116; x_wconf 88' lang='grc' dir='ltr'><strong><em>αύτούς.</em></strong></span> <span class='ocrx_word' id='word_1_569' title='bbox 250 4040 330 4106; x_wconf 82' lang='grc' dir='ltr'><strong><em>ούτω</em></strong></span> <span class='ocrx_word' id='word_1_570' title='bbox 343 4040 482 4109; x_wconf 81' lang='grc' dir='ltr'><strong><em>καλούτω</em></strong></span> <span class='ocrx_word' id='word_1_571' title='bbox 494 4042 616 4126; x_wconf 76' lang='grc' dir='ltr'><strong><em>ἐλύλησε</em></strong></span> <span class='ocrx_word' id='word_1_572' title='bbox 627 4042 702 4126; x_wconf 86' lang='grc' dir='ltr'><strong><em>πρὸς</em></strong></span> <span class='ocrx_word' id='word_1_573' title='bbox 732 4042 939 4128; x_wconf 77' lang='grc' dir='ltr'><strong><em>εἷπενἸωρύμ.</em></strong></span> <span class='ocrx_word' id='word_1_574' title='bbox 965 4039 1069 4123; x_wconf 78' lang='grc' dir='ltr'><strong><em>ζεῦξού.</em></strong></span> <span class='ocrx_word' id='word_1_575' title='bbox 1088 4049 1139 4111; x_wconf 84' lang='grc' dir='ltr'><strong><em>καὶ</em></strong></span> <span class='ocrx_word' id='word_1_576' title='bbox 1151 4051 1258 4125; x_wconf 67' lang='grc' dir='ltr'><strong><em>ἔζευξεν</em></strong></span> <span class='ocrx_word' id='word_1_577' title='bbox 1277 4048 1333 4136; x_wconf 68' lang='grc' dir='ltr'><strong><em>ἱέρ-</em></strong></span> 
     </span>
     <span class='ocr_line' id='line_1_49' title="bbox 101 4122 1333 4217; baseline 0.008 -29"><span class='ocrx_word' id='word_1_578' title='bbox 101 4125 137 4208; x_wconf 81' lang='grc' dir='ltr'><strong><em>μὲ</em></strong></span> <span class='ocrx_word' id='word_1_579' title='bbox 149 4125 253 4203; x_wconf 87' lang='grc' dir='ltr'><strong><em>λέγων,</em></strong></span> <span class='ocrx_word' id='word_1_580' title='bbox 267 4127 317 4188; x_wconf 81' lang='grc' dir='ltr'><strong><em>καί</em></strong></span> <span class='ocrx_word' id='word_1_581' title='bbox 329 4125 399 4190; x_wconf 75' lang='grc' dir='ltr'><strong><em>εἷπε.</em></strong></span> <span class='ocrx_word' id='word_1_582' title='bbox 424 4123 494 4191; x_wconf 80' lang='grc' dir='ltr'><strong><em>τόδε</em></strong></span> <span class='ocrx_word' id='word_1_583' title='bbox 506 4127 580 4202; x_wconf 83' lang='grc' dir='ltr'><strong><em>λέγει</em></strong></span> <span class='ocrx_word' id='word_1_584' title='bbox 594 4122 701 4209; x_wconf 87' lang='grc' dir='ltr'><strong><em>κύριος,</em></strong></span> <span class='ocrx_word' id='word_1_585' title='bbox 730 4152 781 4210; x_wconf 85' lang='grc' dir='ltr'><strong><em>μα.</em></strong></span> <span class='ocrx_word' id='word_1_586' title='bbox 807 4130 858 4192; x_wconf 79' lang='grc' dir='ltr'><strong><em>καὶ</em></strong></span> <span class='ocrx_word' id='word_1_587' title='bbox 870 4130 991 4212; x_wconf 72' lang='grc' dir='ltr'><strong><em>ἐξῆλθεν</em></strong></span> <span class='ocrx_word' id='word_1_588' title='bbox 1004 4128 1116 4216; x_wconf 78' lang='grc' dir='ltr'><strong><em>Ἰωρὰμ</em></strong></span> <span class='ocrx_word' id='word_1_589' title='bbox 1127 4132 1262 4217; x_wconf 88' lang='grc' dir='ltr'><strong><em>βασιλεύς</em></strong></span> <span class='ocrx_word' id='word_1_590' title='bbox 1271 4132 1333 4198; x_wconf 88' lang='grc' dir='ltr'><strong><em>Ἰσ-</em></strong></span> 
     </span>
     <span class='ocr_line' id='line_1_50' title="bbox 101 4205 1332 4314; baseline 0.006 -42"><span class='ocrx_word' id='word_1_591' title='bbox 101 4205 219 4294; x_wconf 84' lang='grc' dir='ltr'><strong><em>κέχρικύ</em></strong></span> <span class='ocrx_word' id='word_1_592' title='bbox 243 4231 275 4270; x_wconf 87' lang='grc' dir='ltr'><strong><em>σε</em></strong></span> <span class='ocrx_word' id='word_1_593' title='bbox 297 4211 335 4281; x_wconf 78' lang='grc' dir='ltr'><strong><em>είς</em></strong></span> <span class='ocrx_word' id='word_1_594' title='bbox 355 4207 480 4292; x_wconf 72' lang='grc' dir='ltr'><strong><em>βασιλέα</em></strong></span> <span class='ocrx_word' id='word_1_595' title='bbox 502 4210 554 4271; x_wconf 76' lang='grc' dir='ltr'><strong><em>ἐπὶ</em></strong></span> <span class='ocrx_word' id='word_1_596' title='bbox 571 4205 701 4292; x_wconf 80' lang='grc' dir='ltr'><strong><em>Ἰσραηλ.</em></strong></span> <span class='ocrx_word' id='word_1_597' title='bbox 732 4209 825 4314; x_wconf 77' lang='grc' dir='ltr'><strong><em>ραηλ,</em></strong></span> <span class='ocrx_word' id='word_1_598' title='bbox 851 4217 902 4276; x_wconf 84' lang='grc' dir='ltr'><strong><em>καί</em></strong></span> <span class='ocrx_word' id='word_1_599' title='bbox 916 4210 1052 4297; x_wconf 79' lang='grc' dir='ltr'><strong><em>Ὀχοζίας</em></strong></span> <span class='ocrx_word' id='word_1_600' title='bbox 1070 4215 1204 4299; x_wconf 82' lang='grc' dir='ltr'><strong><em>βασιλεὺς</em></strong></span> <span class='ocrx_word' id='word_1_601' title='bbox 1221 4214 1332 4295; x_wconf 87' lang='grc' dir='ltr'><strong><em>Ἰούδα,</em></strong></span> 
     </span>
     <span class='ocr_line' id='line_1_51' title="bbox 100 4283 1332 4384; baseline 0.007 -30"><span class='ocrx_word' id='word_1_602' title='bbox 100 4292 128 4334; x_wconf 84' lang='lat'><strong><em>¹³</em></strong></span> <span class='ocrx_word' id='word_1_603' title='bbox 142 4293 192 4355; x_wconf 80' lang='grc' dir='ltr'><strong><em>καί</em></strong></span> <span class='ocrx_word' id='word_1_604' title='bbox 205 4283 381 4363; x_wconf 80' lang='grc' dir='ltr'><strong><em>ἀκούσαντες</em></strong></span> <span class='ocrx_word' id='word_1_605' title='bbox 393 4291 550 4365; x_wconf 75' lang='grc' dir='ltr'><strong><em>ἔσπευσαν,</em></strong></span> <span class='ocrx_word' id='word_1_606' title='bbox 566 4294 617 4354; x_wconf 82' lang='grc' dir='ltr'><strong><em>καὶ</em></strong></span> <span class='ocrx_word' id='word_1_607' title='bbox 628 4292 703 4357; x_wconf 84' lang='grc' dir='ltr'><strong><em>ἔλα·</em></strong></span> <span class='ocrx_word' id='word_1_608' title='bbox 732 4293 804 4380; x_wconf 77' lang='grc' dir='ltr'><strong><em>ανὴρ</em></strong></span> <span class='ocrx_word' id='word_1_609' title='bbox 818 4297 848 4358; x_wconf 82' lang='grc' dir='ltr'><strong><em>ἐν</em></strong></span> <span class='ocrx_word' id='word_1_610' title='bbox 861 4300 905 4379; x_wconf 78' lang='grc' dir='ltr'><strong><em>τῷ</em></strong></span> <span class='ocrx_word' id='word_1_611' title='bbox 919 4293 1028 4381; x_wconf 74' lang='grc' dir='ltr'><strong><em>ἅρματι</em></strong></span> <span class='ocrx_word' id='word_1_612' title='bbox 1046 4298 1157 4375; x_wconf 78' lang='grc' dir='ltr'><strong><em>αὐτοῦ,</em></strong></span> <span class='ocrx_word' id='word_1_613' title='bbox 1183 4303 1233 4365; x_wconf 80' lang='grc' dir='ltr'><strong><em>καί</em></strong></span> <span class='ocrx_word' id='word_1_614' title='bbox 1246 4301 1332 4384; x_wconf 77' lang='grc' dir='ltr'><strong><em>ἐξηλ-</em></strong></span> 
     </span>
     <span class='ocr_line' id='line_1_52' title="bbox 98 4365 1333 4463; baseline 0.008 -26"><span class='ocrx_word' id='word_1_615' title='bbox 98 4377 146 4461; x_wconf 90' lang='grc' dir='ltr'><strong><em>βεν</em></strong></span> <span class='ocrx_word' id='word_1_616' title='bbox 158 4380 281 4448; x_wconf 80' lang='grc' dir='ltr'><strong><em>ἕκαστος</em></strong></span> <span class='ocrx_word' id='word_1_617' title='bbox 292 4371 328 4436; x_wconf 86' lang='grc' dir='ltr'><strong><em>τό</em></strong></span> <span class='ocrx_word' id='word_1_618' title='bbox 342 4365 459 4456; x_wconf 74' lang='grc' dir='ltr'><strong><em>ἱμάτιον</em></strong></span> <span class='ocrx_word' id='word_1_619' title='bbox 471 4369 583 4449; x_wconf 85' lang='grc' dir='ltr'><strong><em>αύτού,</em></strong></span> <span class='ocrx_word' id='word_1_620' title='bbox 609 4378 659 4439; x_wconf 80' lang='grc' dir='ltr'><strong><em>καὶ</em></strong></span> <span class='ocrx_word' id='word_1_621' title='bbox 672 4380 703 4439; x_wconf 87' lang='grc' dir='ltr'><strong><em>έ-</em></strong></span> <span class='ocrx_word' id='word_1_622' title='bbox 731 4387 788 4442; x_wconf 80' lang='grc' dir='ltr'><strong><em>θον</em></strong></span> <span class='ocrx_word' id='word_1_623' title='bbox 801 4382 839 4452; x_wconf 84' lang='grc' dir='ltr'><strong><em>εἷς</em></strong></span> <span class='ocrx_word' id='word_1_624' title='bbox 854 4377 988 4463; x_wconf 79' lang='grc' dir='ltr'><strong><em>ἇπαντην</em></strong></span> <span class='ocrx_word' id='word_1_625' title='bbox 999 4379 1070 4455; x_wconf 85' lang='grc' dir='ltr'><strong><em>Ἰού,</em></strong></span> <span class='ocrx_word' id='word_1_626' title='bbox 1078 4384 1129 4446; x_wconf 77' lang='grc' dir='ltr'><strong><em>καὶ</em></strong></span> <span class='ocrx_word' id='word_1_627' title='bbox 1142 4373 1228 4463; x_wconf 79' lang='grc' dir='ltr'><strong><em>εὗρον</em></strong></span> <span class='ocrx_word' id='word_1_628' title='bbox 1242 4382 1333 4447; x_wconf 81' lang='grc' dir='ltr'><strong><em>αὐτὸν</em></strong></span> 
     </span>
     <span class='ocr_line' id='line_1_53' title="bbox 99 4452 1332 4558; baseline 0.003 -34"><span class='ocrx_word' id='word_1_629' title='bbox 99 4469 197 4544; x_wconf 78' lang='grc' dir='ltr'><strong><em>θηκαν</em></strong></span> <span class='ocrx_word' id='word_1_630' title='bbox 217 4452 359 4525; x_wconf 57' lang='lat' dir='ltr'><strong><em>§nondun</em></strong></span> <span class='ocrx_word' id='word_1_631' title='bbox 380 4452 479 4522; x_wconf 78' lang='grc' dir='ltr'><strong><em>αὐτοῦ</em></strong></span> <span class='ocrx_word' id='word_1_632' title='bbox 497 4458 545 4521; x_wconf 78' lang='grc' dir='ltr'><strong><em>ἐπὶ</em></strong></span> <span class='ocrx_word' id='word_1_633' title='bbox 558 4456 594 4522; x_wconf 86' lang='grc' dir='ltr'><strong><em>τό</em></strong></span> <span class='ocrx_word' id='word_1_634' title='bbox 607 4459 702 4544; x_wconf 76' lang='grc' dir='ltr'><strong><em>γαρὲμ</em></strong></span> <span class='ocrx_word' id='word_1_635' title='bbox 731 4466 761 4526; x_wconf 78' lang='grc' dir='ltr'><strong><em>ἐν</em></strong></span> <span class='ocrx_word' id='word_1_636' title='bbox 773 4466 812 4558; x_wconf 74' lang='grc' dir='ltr'><strong><em>τῇ</em></strong></span> <span class='ocrx_word' id='word_1_637' title='bbox 823 4464 913 4549; x_wconf 82' lang='grc' dir='ltr'><strong><em>μερίδι</em></strong></span> <span class='ocrx_word' id='word_1_638' title='bbox 930 4467 1099 4551; x_wconf 80' lang='grc' dir='ltr'><strong><em>Ναβουθαὶ</em></strong></span> <span class='ocrx_word' id='word_1_639' title='bbox 1111 4471 1167 4529; x_wconf 85' lang='grc' dir='ltr'><strong><em>τοῦ</em></strong></span> <span class='ocrx_word' id='word_1_640' title='bbox 1177 4467 1332 4551; x_wconf 83' lang='grc' dir='ltr'><strong><em>Ἰεζραηλί-</em></strong></span> 
     </span>
    </p>

    <p class='ocr_par' dir='ltr' id='par_1_6' title="bbox 1269 4574 1330 4613">
     <span class='ocr_line' id='line_1_54' title="bbox 1269 4574 1330 4613; baseline -0.066 0"><span class='ocrx_word' id='word_1_641' title='bbox 1269 4574 1330 4613; x_wconf 94' lang='grc' dir='ltr'><strong><em>του.</em></strong></span> 
     </span>
    </p>
   </div>
   <div class='ocr_carea' id='block_1_6' title="bbox 0 0 1466 4972">
    <p class='ocr_par' dir='ltr' id='par_1_7' title="bbox 0 0 1466 4972">
     <span class='ocr_line' id='line_1_55' title="bbox 0 0 1466 4972; baseline 0 0"><span class='ocrx_word' id='word_1_642' title='bbox 0 0 1466 4972; x_wconf 95' lang='lat' dir='ltr'><strong><em> </em></strong></span> 
     </span>
    </p>
   </div>
  </div>
 </body>
</html>
