2924 4972
370 175 407 236 A
419 176 481 235 ΡΙ
492 171 575 236 ΘΜ
587 174 649 235 01
685 174 762 249 Κεφ.
776 162 804 232 ι’.
818 164 931 235 ια’.10.
948 169 998 257 ss.
1242 176 1306 240 145

60 277 164 357 λ’δυσαι
174 286 253 374 πρὸς
268 290 388 375 βορρᾶν.
415 291 544 369 σημασίη
561 285 668 351 οαλπι-
699 284 794 367 φυλῆς
820 287 892 346 υἱῶν
908 288 1082 369 Μανασσῆ,
1106 283 1306 370 Γαμαλιῆλὸ

60 378 144 440 ούσιν
156 376 188 436 ἐν
200 376 238 463 τῆ
251 366 362 454 ίξάρσει
374 366 484 433 αὐτῶν.
513 370 581 432 2καὶ
595 366 668 432 ὅταν
699 370 754 430 τοῦ
770 362 959 450 (θαδασσούρ.
984 365 1015 407 22
1027 370 1078 431 καὶ
1091 370 1140 433 ε’πὶ
1153 373 1204 452 τῆς
1216 365 1307 433 δυνά-

61 450 245 559 συναγάγητε
259 453 313 537 τῆν
325 450 510 536 συναγωγῆν,
537 451 666 517 σαλπιιῖ-
697 475 773 531 μεως
787 448 878 532 φυλῆς
892 452 965 513 υἱῶν
977 451 1135 534 Βενιαμίν,
1156 446 1306 540 Ἀβιδάνὸ

61 565 102 615 τε,
115 540 216 603 καλου
230 541 368 620 σημασίρ.
394 535 409 576 ⁸
422 537 473 598 καί
486 534 517 598 οἱ
529 531 669 599 υἱοὶἈα·
700 535 755 596 τού
772 534 917 596 Γαδεωνὶ.
944 532 972 575 22
986 535 1038 597 καὶ
1055 537 1189 621 ε’ξαροῦσι
1207 531 1308 617 τάγμα

60 621 123 707 ρῶν
136 624 169 686 οἱ
182 623 264 705 ἱερεῖς
276 618 452 683 σαλπιοῦσιν
463 628 529 692 ταῖς
542 614 668 693 σάλπιγ-
698 614 884 700 παρεμβολῆς
898 616 971 678 υἱῶν
984 615 1051 680 Δάν
1065 620 1186 700 ἔσχατοι
1198 621 1307 684 πασῶν

59 711 96 783 ξι.
122 705 174 769 καί
186 707 268 768 ε’ίνται
281 698 348 785 ύμῖν
365 696 484 783 νόμιμον
497 696 618 764 αἱῶνιον
629 703 668 773 εἱς
699 701 759 760 τῶν
776 697 971 784 παρεμβολῶν
989 696 1042 763 σὺν
1061 696 1177 782 δυνάμει
1196 699 1303 765 αὐτῶν.

60 787 114 864 τάς
137 783 233 866 γενεάς
260 780 348 868 ύμῶν.
375 784 455 847 ww
472 782 504 847 δὲ
529 778 668 865 ἐξέλθητε
699 781 750 842 καί
763 781 812 843 ίπὶ
825 785 875 864 τῆς
888 777 1036 863 δυνάμεως
1047 779 1164 858 αὐτῶν,
1182 780 1306 870 Ἀχιεῒερ

61 877 100 947 εἱς
112 866 242 952 πόλεμον
260 871 290 931 ἐν
305 872 343 961 τῆ
360 870 398 959 γῆ
418 863 499 950 ὑμῶν
509 862 587 951 πρὸς
599 864 669 940 τούς
700 857 718 926 ὁ
734 859 831 926 τοῦἈ
850 864 960 926 ισαδαί.
986 864 1016 907 22
1029 866 1080 928 καὶ
1093 868 1142 930 ἐπί
1155 869 1206 951 τῆς
1218 860 1307 931 δυνά·

63 952 251 1028 ὑπεναντίους
267 948 337 1025 τούς
356 943 575 1033 ἀνθεστηκότας
593 944 667 1050 ῆμὶν,
697 971 773 1049 μεως
786 891 878 1027 φυλῆς
891 949 963 1009 υἱῶν
973 944 1083 1031 Ἀσῆρ,
1110 949 1229 1051 Φαμεῆλ
1242 949 1307 1026 υἱὸς

64 1040 113 1103 καί
128 1047 275 1120 σημανεῖτε
288 1045 353 1108 ταῖς
367 1028 517 1110 σάλπιγξι,
528 1031 579 1097 καί
592 1057 668 1096 ανα-
704 1024 814 1113 Εχράν.
840 1029 869 1070 22
882 1030 933 1091 καί
949 1031 999 1092 ίπὶ
1021 1036 1072 1112 τῆς
1090 1030 1235 1114 δυναμεως
1248 1058 1307 1115 φυ-

61 1116 266 1205 μνησθῆσεσθε
284 1119 379 1181 ἔναντι
398 1122 516 1221 κυρίου,
539 1114 590 1178 καί
601 1115 668 1179 δια·
700 1111 751 1192 λῆς
765 1112 837 1173 υἱῶν
848 1107 1107 1218 Νεφθαλί,Ἀηιρὲ
1120 1116 1185 1191 υἱὸς
1196 1111 1305 1180 Αἱνάν.

63 1200 240 1288 σωθῆσεσθε
265 1198 329 1265 άπὸ
354 1198 414 1262 τῶν
439 1196 554 1283 εχθρῶν
579 1193 666 1278 ύμῶν.
700 1194 730 1235 22
753 1185 843 1256 αύται
867 1197 901 1256 αἱ
924 1219 1064 1278 στρατιαι
1081 1198 1154 1260 υἱῶν
1172 1195 1305 1281 Ἰσραῆλ

64 1291 92 1329 ¹¹¹
104 1288 156 1350 καὶ
168 1290 199 1350 ἐν
211 1294 277 1355 ταῖς
295 1277 413 1364 ῆμὲραις
431 1283 482 1361 τῆς
494 1274 670 1362 εὐφροσύνης
699 1276 750 1339 καί
763 1278 868 1367 ἐξῆραν
881 1272 933 1339 σύν
950 1271 1065 1359 δυνάμει
1078 1275 1185 1343 αύτῶν.
1213 1282 1243 1321 22
1256 1282 1307 1344 καί

65 1366 159 1451 ὑμῶν,
185 1366 237 1429 καί
250 1368 280 1428 ἐν
292 1375 359 1434 ταῖς
377 1363 492 1446 ἑορταῖς
506 1357 596 1443 ὑμῶν,
619 1361 671 1425 καί
699 1354 759 1424 εἱπε
771 1362 907 1442 Μωυσῆς
924 1363 969 1442 τῶ
978 1356 1074 1446 Ὀβάβ
1091 1356 1305 1446 υἱῶῬαγουῆλ

64 1457 96 1516 ιῖν
122 1459 189 1521 ταῖς
215 1449 378 1527 νουμηνίαις
402 1441 499 1525 ὑμῶν,
525 1442 670 1507 σαλπιεῖτε
699 1445 744 1524 τῷ
766 1443 941 1534 Μαδιανίτη
962 1446 1008 1526 τῶ
1027 1447 1155 1547 γαμβρῷ
1176 1448 1305 1530 Μωυσῆ.

66 1543 136 1604 ταῖς
149 1524 302 1605 σάλπιγξιν
320 1527 368 1590 ἐπὶ
383 1538 445 1600 τοῖς
456 1519 670 1607 δλοκαυτῶμα-
700 1522 849 1611 ίξαίρομεν
865 1522 943 1608 ῆμεῖς
959 1529 998 1601 εἱς
1016 1526 1070 1590 τὸν
1087 1552 1181 1593 τοπον
1198 1524 1233 1593 δν
1245 1524 1307 1595 εἱπε

69 1640 107 1689 σι,
119 1611 171 1676 καί
182 1613 232 1676 εἰτὶ
242 1619 306 1684 ταῖς
317 1616 433 1686 θυσίαις
446 1614 505 1674 τῶν
516 1614 669 1696 σωτηρίων
700 1600 810 1692 κύριος,
822 1610 929 1711 τοῦτρν
941 1603 1030 1672 δῶσω
1044 1606 1118 1691 ύμῖν.
1137 1614 1223 1695 δεῦρο
1234 1611 1302 1714 μεθ’

68 1694 156 1779 ὑμῶν.
171 1696 221 1759 καί
233 1696 313 1759 ἔσται
325 1688 390 1777 ύμῖν
402 1687 559 1776 ἀνάμνησις
571 1695 668 1756 ἔναντι
701 1686 718 1774 ῆ
753 1693 798 1764 ”ν,
810 1690 861 1754 καί
873 1716 904 1754 ευ
919 1715 948 1757 σε
960 1687 1134 1776 ποιῆσομεν,
1148 1690 1195 1757 ὅτι
1207 1720 1307 1778 κυριος

64 1785 121 1846 τού
133 1781 209 1844 θεοῦ
222 1774 308 1860 ὑμῶν.
335 1776 394 1854 ίγῶ
407 1771 505 1862 κάρτος
518 1771 536 1840 δ
549 1774 619 1850 θεὸς
633 1770 668 1838 ύ-
700 1717 821 1856 ίλάλησε
833 1771 911 1837 καλά
924 1776 992 1859 περὶ
1001 1770 1130 1877 Ἰσραῆλ.
1157 1777 1188 1820 22
1200 1778 1252 1840 καί
1263 1774 1306 1841 εἱ

63 1867 135 1946 μῶν.
162 1862 250 1926 22καὶ
263 1862 374 1937 ἐγένετο
386 1863 416 1924 ἰν
427 1864 474 1944 τῴ
485 1862 610 1942 ἐνιαυτῷ
622 1862 668 1941 τῷ
699 1880 737 1921 πε
748 1853 825 1960 πρὸς
837 1851 935 1920 αύτάν.
963 1855 999 1922 ού
1012 1885 1210 1944 πορεύσομαι,
1226 1857 1305 1924 ἄλλά

64 1948 187 2030 δευτέρῳ
201 1949 231 2010 ἕν
243 1947 288 2027 τῷ
300 1945 368 2027 μηνί
381 1947 425 2027 τῷ
437 1943 564 2028 δευτέρω
576 1937 668 2007 είκάδι
700 1943 738 2014 εἱς
750 1964 805 2022 την
815 1944 869 2022 γῆν
880 1965 947 2021 μου,
957 1942 1008 2003 καὶ
1020 1946 1059 2016 εἷς
1068 1940 1121 2024 τῆν
1131 1938 1229 2021 γενεάν
1239 1969 1305 2027 μου.

65 2034 119 2093 τοῦ
136 2026 241 2113 μηνὸς,
267 2024 357 2114 ἀνέβη
375 2022 393 2110 ῆ
414 2026 518 2110 νεφέλη
535 2008 598 2090 άπὸ
616 2030 668 2109 τῆς
700 2024 726 2064 22
739 2023 791 2086 καί
807 2019 875 2126 εἶπε.
900 2020 940 2106 μῆ
958 2025 1156 2121 ἔγκαταλίπης
1174 2023 1249 2129 ῆμοῖφ
1267 2016 1306 2092 ού

65 2117 169 2196 σκηνῆς
181 2117 236 2176 τοῦ
248 2116 420 2197 μαρτυρίου.
455 2111 484 2151 22
496 2110 548 2173 καί
560 2111 668 2213 ἐξῆραν
701 2110 789 2171 ἕνεκεν
806 2116 891 2188 ησθα
908 2104 972 2189 μεθ’
992 2103 1075 2191 ῆμῶν
1091 2111 1122 2173 ἕν
1139 2114 1177 2191 τῆ
1194 2112 1303 2194 ἒρημω,

66 2198 97 2259 οἱ
110 2192 303 2280 υἱοίἸσραῆλ
321 2194 375 2259 σύν
387 2191 550 2277 άπαρτίαις
567 2192 669 2256 αυτῶν
699 2191 751 2253 καὶ
768 2192 819 2295 δίνη
837 2191 869 2252 ἓν
883 2183 950 2272 ῆμΐν
965 2187 1134 2276 πρεσβύτης.
1158 2184 1193 2235 ’22
1206 2190 1257 2256 καί
1274 2177 1306 2256 λ’-

64 2280 145 2379 ἒντῆ
157 2273 254 2363 ἐρῆιιῳ
265 2280 350 2340 Σινά.
375 2277 426 2340 καί
448 2279 494 2340 ”στ
530 2272 667 2358 ῆνεφελη
700 2297 768 2337 σται
786 2275 840 2336 εἀν
856 2277 1005 2357 πορευθῆς
1021 2273 1085 2356 μεθ’
1105 2272 1196 2359 ῆμῶν,
1209 2276 1261 2340 καί
1274 2278 1305 2340 ἔ-

63 2363 95 2424 ἐν
107 2385 144 2451 τη
162 2342 259 2445 ἱρῆμῳ
276 2362 331 2424 τού
352 2353 467 2442 Φαράν.
534 2358 586 2423 καὶ
602 2360 666 2448 ἐξῆ·
700 2382 766 2422 σται
778 2357 818 2420 τά
833 2353 939 2433 άγαθά
959 2346 1051 2421 [κεῖνα
1064 2354 1121 2425 ύσα
1134 2357 1171 2423 άν
1184 2356 1305 2437 ἇγαθο·

63 2466 122 2528 ραν
134 2447 249 2526 πρῶτοι
262 2440 312 2505 διά
330 2447 428 2524 φωνῆς
440 2446 542 2541 κυρίου
554 2440 585 2503 ἔν
596 2443 667 2525 χειρί
698 2434 809 2523 ποιῆση
822 2436 922 2546 κύριος
935 2434 1081 2522 ἡμᾶςκαὶ
1093 2433 1123 2506 εύ
1138 2468 1168 2507 σε
1179 2437 1305 2526 ποιῆσο·

61 2529 195 2607 Μωυσῆ.
221 2523 249 2565 ¹⁴
260 2525 311 2586 καὶ
327 2526 432 2612 ἐξῆραν
444 2547 543 2604 ταγμα
555 2548 668 2608 παρεμ·
698 2547 756 2603 μιν.
780 2510 810 2566 22
822 2550 873 2588 και
886 2525 991 2606 ἔξῆοαν
1004 2526 1035 2585 ἐκ
1052 2529 1107 2588 τοῦ
1120 2523 1208 2607 ὅρους
1222 2530 1305 2610 κυρί-

61 2607 156 2694 βολῆς
175 2608 246 2670 υἱῶν
263 2601 366 2670 Ἰούδα
382 2609 496 2689 πρῶτοι
514 2600 667 2669 σύνδυνά-
698 2633 734 2670 ου
747 2602 817 2671 ὁδὸν
828 2598 1051 2692 τριῶνήμερῶν.
1083 2605 1304 2694 καὶῆκιβωτὸς

60 2716 106 2774 μει
120 2688 226 2754 αύτῶν.
253 2690 304 2753 καὶ
322 2691 372 2754 ἐπὶ
385 2693 436 2775 τῆς
453 2685 598 2792 δυνάμεως
611 2688 665 2753 αύ-
697 2694 749 2773 τῆς
782 2687 926 2796 διαθῆκης
957 2696 1058 2774 κυρίου
1089 2687 1303 2777 προεπορεύετο

62 2779 133 2851 τῶν,
146 2769 305 2839 Ναασσῶν
318 2770 555 2860 υἱὸςἈμιναδαβ.
581 2774 664 2838 22καὶ
695 2776 829 2861 προτέρα
838 2780 939 2839 αυτῶν
949 2770 1021 2840 ὁδὸν
1029 2781 1118 2862 τριῶν
1128 2774 1240 2863 ῆμερῶν
1249 2803 1304 2840 κα-

62 2860 112 2922 ἐπὶ
129 2863 180 2942 τῆς
198 2854 344 2940 δυνάμεως
362 2858 454 2942 φυλῆς
475 2861 548 2922 υἱῶν
563 2853 664 2923 Ἰσσά-
695 2861 905 2939 τασκέφασθαι
917 2857 1020 2934 αὐτοῖς
1031 2856 1204 2926 άνάπαυσιν.
1218 2862 1304 2925 22καὶ

60 2967 127 3026 χαρ,
140 2941 316 3025 Ναθαναῆλ
335 2940 397 3016 υἱὸς
411 2936 533 3025 Σωγάρ.
571 2942 600 2983 ¹⁰
613 2944 663 3006 καὶ
695 2945 808 3017 ἐγένετο
831 2944 861 3004 ἐν
881 2948 926 3024 τῶ
948 2946 1070 3029 ε’ξαίρειτ
1092 2943 1146 3028 τῆν
1167 2941 1302 3030 κιβωτὸν,

61 3027 112 3088 ἐπὶ
125 3028 177 3106 τῆς
194 3019 337 3107 δυνάμεως
354 3025 446 3129 φυλῆς
459 3029 531 3089 υἱῶν
542 3028 662 3111 Ζαβου-
693 3025 744 3089 καί
775 3022 835 3088 είπε
865 3031 1011 3110 Μωυσῆς.
1056 3030 1223 3113 ἰξεγὲρθητι
1248 3023 1301 3090 κύ-

60 3107 133 3181 λῶν,
144 3105 246 3194 Ἐλιάβ
257 3105 320 3183 υἱὸς
332 3109 464 3174 Χαιλων.
479 3111 568 3173 22καὶ
582 3118 661 3173 καθ·
693 3133 745 3193 ριε,
759 3109 810 3173 καί
823 3109 1140 3196 διασκορπισθητωσαν
1153 3116 1183 3176 οἱ
1196 3115 1302 3197 ε’χθροί

60 3189 154 3256 ελούσι
176 3190 228 3274 τῆν
245 3191 365 3274 σκηνῆν,
390 3195 441 3256 καί
454 3195 605 3278 ἐξαρούσιν
630 3195 661 3255 οἱ
694 3219 748 3257 σου
753 3243 763 3270 ,
790 3194 967 3273 φυγίτωσαν
979 3192 1088 3269 πάντες
1101 3196 1132 3259 οἱ
1148 3198 1300 3277 μισοῦντές

60 3276 120 3338 υἱοὶ
132 3276 166 3337 Γ
163 3270 268 3347 εδσῶν,
291 3277 342 3338 καί
355 3275 384 3336 οἱ
396 3276 455 3338 υἱοί
468 3277 605 3360 Μεραρὶ,
630 3278 661 3339 οἱ
693 3300 732 3339 σε.
768 3276 863 3338 22καὶ
888 3278 918 3337 ἐν
943 3280 979 3366 τῆ
1005 3279 1186 3341 καταπαύσει
1213 3273 1295 3344 εἶπεν.

59 3358 192 3457 αἴροντες
215 3354 268 3435 τῆν
294 3354 407 3454 σκηνῆν.
437 3357 466 3398 ¹⁸
480 3360 530 3421 καί
555 3361 662 3448 ἐξῆραν
692 3362 846 3439 ἐπίστρεφε
862 3352 940 3440 κύριε
961 3353 1093 3439 χιλιάδας
1108 3355 1249 3442 μυριάδας
1268 3366 1299 3425 ἐν

58 3462 161 3516 ταγμα
173 3434 358 3517 παρεμβολῆς
380 3436 495 3520 Ρουβῆν
508 3433 660 3503 σύνδυνά-
692 3444 737 3525 τῶ
750 3434 882 3523 Ἰσραῆλ.
913 3437 944 3479 22
957 3437 1008 3501 καί
1027 3436 1045 3522 ῆ
1066 3441 1169 3522 νεφέλη
1187 3444 1299 3517 ἐγένετο

56 3546 104 3607 μει
120 3515 230 3582 αὐτῶν.
263 3515 313 3577 καί
326 3516 375 3577 ἐπὶ
387 3519 437 3598 τῆς
450 3515 593 3600 δυνάμεως
606 3518 662 3585 αύ-
692 3514 853 3599 σκιάζουσα
874 3518 918 3586 ἐπ’
944 3518 1046 3598 αὐτοῖς
1067 3519 1186 3607 ἡμέρας,
1210 3526 1240 3586 ἐν
1255 3531 1300 3609 τῷ

59 3608 132 3675 τῶν,
155 3596 292 3684 Ἐλισούρ
319 3595 383 3669 υἱὸς
408 3596 540 3683 Σεδιούρ.
571 3604 599 3643 ¹⁹
613 3605 663 3664 καί
694 3606 814 3690 ἐξαίρειν
826 3604 936 3681 αύτούς
955 3607 987 3669 ἐκ
1000 3609 1051 3689 τῆς
1062 3605 1256 3692 παρεμβολῆς.

60 3689 109 3751 ἐπὶ
122 3687 175 3767 τῆς
188 3677 333 3762 δυνάμεως
346 3679 440 3762 φυλῆς
452 3681 525 3744 υἱῶν
533 3680 663 3761 Συμεῶν,
877 3690 952 3752 ΚΕ
965 3693 1002 3752 φ,
1046 3684 1120 3755 Μ’,

60 3763 218 3865 Σαλαμιῆλ
230 3762 293 3840 υἱδς
304 3765 489 3848 Σουρισεδαί.
516 3764 603 3827 22καὶ
616 3764 665 3826 ἰπὶ
695 3734 782 3828 Καί
794 3758 828 3848 ῆν
841 3767 859 3832 ὁ
876 3768 948 3846 λαὸς
966 3771 1119 3851 γογγύζωγ
1134 3773 1253 3862 πονηρὰ
1266 3779 1297 3841 ζ’.

59 3856 110 3953 τῆς
124 3853 270 3930 δυνάμεως
284 3847 375 3930 φυλῆς
393 3851 465 3911 υἱῶν
477 3852 512 3911 Γ
508 3847 549 3912 άδ
552 3900 561 3924 ,
582 3842 664 3911 Ἕλι-
694 3873 774 3913 ναντι
788 3856 899 3933 κυρίου.
932 3855 983 3917 καὶ
996 3856 1099 3940 ῆκουσε
1112 3857 1219 3941 κύριος,
1246 3864 1297 3926 καὶ

60 3960 123 4015 σαφ
138 3929 155 3997 ὁ
170 3936 224 3995 τοῦ
239 3927 393 4015 Ῥαγουῆλ
432 3934 521 3996 22καὶ
539 3935 662 4013 ε’ξαροῦ-
693 3927 841 4017 ἐθυμώθη
853 3931 944 4036 ὀργῆ,
969 3939 1021 4000 καί
1037 3936 1181 4027 ἐξεκαύθη
1195 3946 1226 4007 ἐν
1238 3942 1295 4008 αύ-

58 4041 102 4082 σιν
120 4019 151 4080 οἱ
171 4017 230 4079 υἱοὶ
248 4014 348 4079 Καάθ
370 4009 498 4098 αἴροντες
521 4015 560 4080 τά
579 4016 659 4095 ι’ίγια.
693 4026 756 4092 τοῖς
770 4021 829 4102 πῦρ
842 4010 927 4104 παρα
945 4017 1060 4105 κυρίου,
1086 4025 1137 4089 καί
1148 4032 1296 4110 κατέφαγε

56 4103 107 4165 καί
121 4095 261 4184 στῆσουσι
274 4098 327 4181 τῆν
341 4100 445 4183 σκηνῆν
458 4106 512 4174 ἕως
525 4103 660 4187 παραγέ-
690 4106 779 4188 μέρος
796 4128 824 4167 τι
841 4107 893 4188 τῆς
908 4107 1099 4192 παρεμβολῆς.
1138 4112 1216 4175 2καὶ
1233 4115 1296 4175 ἰκέ-

56 4207 171 4248 νωνται.
204 4185 233 4223 22
247 4184 441 4266 καὶἐξαροῦσι
464 4180 563 4268 τάγμα
579 4212 660 4270 παρ·
692 4183 912 4272 κραξενὸλαός
923 4189 1000 4277 πρὸς
1012 4197 1157 4276 Μωυσῆν.
1175 4195 1226 4258 καί
1240 4194 1295 4278 ηύ-

55 4267 178 4353 εμβολῆς
200 4261 332 4349 Ἐφραίμ
351 4265 404 4330 σύν
415 4261 530 4349 δυνάμει
549 4266 656 4332 αὐτῶν.
691 4271 763 4344 ξατο
780 4277 919 4358 Μωυσῆς
937 4270 1012 4360 πρὸς
1030 4271 1145 4360 κύριον,
1167 4274 1295 4341 καὶέκά·

52 4353 103 4412 καί
116 4350 167 4411 ἐπί
180 4352 230 4430 τῆς
243 4345 386 4431 δυνάμεως
399 4347 658 4433 αύτῶν,Ἐλισαμά
689 4378 764 4417 πασε
776 4354 812 4417 τὸ
825 4361 895 4442 πῦρ.
933 4359 948 4399 2
961 4359 1013 4420 καὶ
1025 4354 1136 4439 ἐκλῆθη
1149 4356 1185 4418 τὸ
1199 4356 1296 4464 ὄνομα

52 4432 116 4508 υἱὸς
128 4426 261 4513 Σεμιούδ.
281 4433 308 4472 22
322 4435 373 4496 καί
385 4434 435 4496 ἐπὶ
448 4438 499 4517 τῆς
512 4429 658 4518 δυνάμεως
690 4438 744 4499 τοῦ
768 4433 864 4503 τύπου
889 4443 1010 4510 ἐκείνου,
1035 4433 1220 4520 ἕμπυρισμάς.
1247 4463 1295 4503 οτι

1235 4521 1293 4590 ἐξι-
