2924 4972
371 251 726 317 ΛΕΤΙΤΙΚΟΝ
762 248 952 327 Κεφ.ιθ’.κ’.
967 246 1083 311 1990.
1284 246 1344 309 1‘21

107 373 168 441 τόν.
193 374 240 439 ὅτι
257 368 434 461 προςῆλυτοι
454 366 608 456 ἐγενήθητε
625 377 655 436 ίν
672 376 712 465 γῆ
742 375 800 437 τοῦ
816 371 955 456 πλησίον,
979 366 1107 434 θανάτω
1124 364 1350 433 θανοτούοθω-

112 455 265 537 Αἰγύπτῳ.
305 451 364 534 ἐγω
392 459 447 538 είμι
476 449 575 541 κύριος
598 450 616 518 ὃ
641 454 712 530 θεὸς
744 478 814 532 σαν,
838 449 857 519 ὁ
875 448 1023 555 μοιχεύων
1047 434 1099 517 καί
1121 448 1348 536 ῆμοιχευομὲνη.

108 540 196 624 ὑμῶν.
219 522 297 604 ⁸305
310 533 444 623 ποιῆσετε
456 536 558 602 ἄδικον
569 540 601 602 ἐν
612 543 712 624 κρίσει,
741 542 767 581 ¹¹
777 538 830 603 καί
849 540 903 602 ίαν
918 560 962 612 τις
984 540 1114 639 κοιμηθῆ
1130 531 1203 615 μετά
1215 533 1351 611 γυναικὸς

106 629 139 689 ἐν
152 627 270 706 μέτροις
286 623 338 685 καί
349 624 379 684 ἐν
390 627 546 703 σταθμίοις
558 622 609 685 καί
621 622 652 685 ἐν
664 622 713 697 ζυ-
742 624 797 685 τοῦ
808 616 923 706 πατρὸς
941 616 1051 695 αύτοῦ,
1077 612 1279 704 ἀσχημοσύνην
1295 622 1351 681 τοῦ

105 718 178 785 γοῖς.
203 699 319 782 36ζυγά
337 705 437 768 δίκαια
453 704 505 768 καί
521 709 654 785 σταθμία
669 704 714 767 ‹51-
744 702 859 789 πατρὸς
883 700 978 768 αύτού
1002 697 1190 784 ἀπεκάλυψε,
1224 694 1352 781 θανάτῳ

106 815 179 853 καια
203 790 255 852 καὶ
271 791 346 892 χούς
362 789 472 862 δίκαιος
490 787 575 851 ἔσται
591 789 622 849 ἐν
639 781 713 869 ύμῖν.
745 779 1017 861 θανατούσθωσαν,
1029 782 1190 871 ἀμφότεροι
1203 786 1300 867 ἔνοχοί
1311 788 1352 847 εί-

107 867 167 950 ἒγσύ
180 876 234 954 είμι
246 896 344 956 κυριος
356 866 374 933 ύ
387 869 459 946 θεὸς
472 865 560 952 ύμιύν,
574 867 592 933 ὁ
606 871 715 947 ἐξαγα-
747 894 785 933 σκ
801 869 829 908 ¹²
837 869 888 932 καί
899 863 951 932 ίάν
961 892 1005 942 τις
1016 866 1228 967 κσιμηθῆμετά
1240 865 1352 968 νύμηης

107 951 169 1033 γάιν
182 950 254 1036 ὑμᾶς
266 957 298 1018 ἐκ
310 958 364 1037 γῆς
372 948 541 1031 Αἰγύπτου.
560 952 646 1016 37καί
657 977 715 1033 φυ-
747 948 861 1025 αύτοῦ,
884 946 1009 1032 θανάτῳ
1020 960 1282 1015 θανατουσθωσαν
1293 974 1352 1029 αμ-

108 1032 231 1113 λύξεσθε
238 1032 338 1101 πάντα
346 1033 400 1101 τὸν
410 1032 499 1118 νόμον
505 1036 628 1119 μου,καί
638 1029 716 1100 πάν-
747 1029 883 1138 φύτεροι,
902 1029 1057 1117 ῆσεθῆιιασι
1069 1032 1143 1119 γάρ,
1167 1036 1264 1117 ἔνοχοί
1274 1037 1351 1097 είσιν.

111 1145 148 1183 τα
161 1116 200 1183 τά
211 1113 425 1205 προςτάγματά
435 1146 502 1203 μου,
519 1120 570 1183 καί
581 1113 715 1203 ποιήσετε
747 1116 832 1179 1’και
844 1110 878 1190 ὃς
890 1112 928 1178 ἀν
939 1119 1068 1207 κοιμηθῆ
1078 1114 1151 1198 μετὰ
1161 1114 1280 1200 ἀρσενος
1288 1120 1352 1181 κοί-

108 1198 197 1267 αύτά.
223 1198 282 1281 ίγά
294 1207 349 1285 εἶμι
360 1197 396 1266 κύ
417 1227 460 1277 ιος
470 1197 488 1265 ὅ
500 1199 572 1303 θεὸς
582 1196 673 1283 ύμῶν.
748 1223 801 1300 την
813 1193 964 1274 γυναικὸς,
983 1196 1128 1297 ἤδᾶυγμο
1141 1200 1284 1297 ἐποίησαν
1295 1195 1353 1273 ἀμ-

302 1290 376 1347 ΚΕ
422 1331 429 1345 .
471 1289 527 1346 K.
749 1304 888 1365 φοτεροι,
925 1287 1051 1361 θανατῳ
1081 1289 1354 1353 θονατουσθωσαν,

108 1335 194 1432 Καὶ
212 1360 334 1447 ίλάλησε
358 1365 459 1450 κύριος
479 1363 555 1448 πρὸς
570 1369 719 1448 Μωυσῆν,
750 1366 847 1447 ἔνοχοί
857 1366 932 1427 είοιν.
948 1357 1017 1437 1*ὃς
1030 1358 1068 1426 ἀν
1078 1357 1157 1455 λάβη
1169 1371 1293 1437 γυναῖκα
1304 1362 1357 1426 καί

110 1451 213 1526 λέγων.
240 1450 256 1488 ²
268 1447 395 1527 καὶτοῖς
409 1449 483 1521 υἱοῖς
496 1442 615 1531 Ἰσραῆλ
627 1442 719 1531 λαλῆ-
749 1444 804 1530 τῆν
812 1447 926 1551 μητέρα
937 1442 1043 1529 αὐτῆς,
1058 1440 1194 1549 ἀνύμημά
1206 1446 1300 1520 ἔστιν,
1326 1446 1358 1508 ίν

111 1556 177 1604 σεις.
201 1524 256 1592 ἐάν
266 1553 310 1604 τις
322 1524 385 1593 ἀπὸ
397 1533 457 1593 τῶν
469 1532 541 1594 υἱοῖν
550 1526 678 1613 Ἰσραῆλ,
698 1528 716 1615 ῆ
748 1555 820 1615 πυρι
836 1522 1068 1594 κατακαύσουσιν
1083 1551 1176 1593 αυτον
1187 1528 1239 1592 καιΙ
1250 1524 1354 1602 αύτάς,

112 1609 177 1679 ἀπὸ
194 1616 254 1675 τῶν
272 1615 461 1695 γεγενημένων
482 1610 672 1697 προςηλύτων
687 1615 718 1677 ἐν
747 1614 799 1676 καί
816 1610 872 1677 ούκ
889 1614 969 1677 ἔσται
987 1608 1096 1693 ἀνομία
1115 1614 1146 1675 ἰν
1164 1606 1238 1692 ύμῖν.
1262 1612 1291 1654 ¹⁸
1303 1612 1356 1675 καί

111 1691 243 1799 Ἰσραῆλ,
263 1689 299 1770 ἀς
311 1693 349 1758 ἀν
360 1697 403 1781 δῷ
414 1698 470 1760 τοῦ
482 1699 648 1782 σπέρματος
661 1694 715 1762 αύ-
748 1691 782 1771 ἀς
800 1693 838 1759 ἀν
853 1695 898 1779 δῷ
916 1700 1072 1759 κοιτασίαν
1088 1692 1184 1759 αύτοιῖ
1202 1697 1234 1758 ἐν
1249 1689 1355 1778 τετρά-

112 1784 167 1844 τοῦ
192 1802 326 1863 αρχοντι,
351 1775 478 1861 θανάτῳ
499 1777 715 1845 θανατούσθω.
747 1779 831 1855 ποθι,
855 1774 982 1862 θανάτῳ
1005 1772 1225 1853 θανατούσθω,
1250 1774 1354 1841 καὶτὸ

112 1859 148 1927 τὸ
163 1864 250 1936 ε”θνος
261 1856 298 1925 τὸ
311 1862 361 1925 ἐπὶ
371 1866 423 1945 τῆς
435 1864 489 1946 γῆς
501 1857 718 1966 λθσῆίολῆσσυ-
748 1856 911 1949 τετράπουν
935 1858 1128 1927 ἀποκτενεῖτε.
1164 1860 1193 1903 ¹⁶
1206 1860 1258 1924 καί
1272 1856 1354 1942 γυνῆ,

112 1940 425 2020 σιναύτόκένλίθοις.
442 1946 585 2023 3καίέγω
598 1942 718 2030 ίπιστῆ-
748 1941 810 2029 ῆτις
830 1943 1049 2029 προςείεύσεται
1072 1941 1150 2031 πρὸς
1170 1947 1233 2008 πᾶν
1250 1946 1355 2029 κτῆνος

113 2054 155 2093 σιυ
167 2025 204 2091 τὸ
223 2019 385 2112 πρύςωπύν
394 2054 451 2109 μου
469 2030 520 2092 ἐπὶ
530 2025 584 2093 τὸν
595 2028 719 2115 ἀνθρω-
747 2031 926 2115 (ίιβαοθῆναι
939 2024 1032 2111 αύτῆν
1044 2023 1093 2091 ἀπ’
1107 2024 1213 2102 αύτού,
1226 2024 1355 2091 ἀποκτε-

111 2135 169 2175 πον
180 2114 302 2187 ἐκεῖνον,
327 2112 378 2174 καί
395 2109 503 2176 ἀπολῶ
515 2108 607 2176 αύτύν
618 2115 650 2177 ἐκ
663 2116 718 2177 τοῦ
749 2122 819 2175 νείτε
835 2107 889 2196 τῆν
900 2122 1026 2187 γυναῖκα
1037 2111 1089 2174 καί
1101 2107 1137 2174 τὸ
1149 2114 1268 2195 κτῆνος,
1292 2119 1356 2173 θα-

112 2193 190 2258 λαού
201 2190 304 2270 αύτού,
317 2188 365 2257 ὅτι
376 2197 434 2259 τού
443 2196 611 2277 σπέρματος
624 2192 719 2259 αύτοῦ
748 2190 829 2275 νάτῳ
852 2188 1130 2270 θανατούοθωσον,
1155 2195 1253 2278 ἔνοχοί
1277 2196 1354 2256 είσιν.

112 2277 216 2341 ἔδωκεν
229 2275 357 2360 ἀρχοντι,
369 2271 514 2370 ἰ’ναμιάνη
524 2273 563 2341 τά
573 2272 644 2354 ἀγιά
651 2303 719 2361 μου,
749 2277 776 2318 ¹²
790 2272 824 2350 ὃς
839 2273 877 2340 ἀν
894 2272 972 2361 λάβη
996 2271 1049 2358 τῆν
1066 2272 1193 2359 ἀύελοῆν
1209 2272 1307 2339 αύτοῦ
1323 2277 1356 2339 ίιι

111 2361 163 2424 καί
179 2354 330 2463 βεβηλιύση
345 2357 382 2422 τὸ
402 2357 496 2441 ὄνομα
507 2362 568 2422 τοῖιν
580 2358 721 2461 ῆγιασμί-
749 2354 864 2443 πατρὸς
877 2348 970 2423 αιἰτού
983 2356 1002 2441 ῆ
1015 2360 1046 2420 ἐκ
1057 2356 1166 2464 μητρὸς
1178 2355 1282 2436 αύτού,
1305 2358 1357 2423 καί

112 2466 171 2506 νων
182 2467 241 2522 μοι.
265 2441 348 2504 4ίαν
364 2439 396 2504 δὲ
415 2436 558 2524 ύπερύψει
576 2442 721 2525 υττερίθοι-
752 2440 799 2522 ἴδη
811 2441 866 2522 τῆν
879 2436 1082 2524 ἀσχημοσύνην
1093 2446 1198 2523 αυτῆς,
1215 2443 1266 2505 καί
1280 2437 1356 2523 αύτη

114 2547 159 2588 σιν
171 2525 203 2586 οἶ
215 2517 394 2604 αύτάχθονες
406 2526 459 2598 τῆς
468 2525 521 2604 γῆς
529 2533 593 2597 τοῖς
601 2520 722 2601 ἀφθαλ.
753 2512 800 2602 ἴδη
824 2520 880 2603 τῆν
897 2519 918 2584 ἀ
955 2517 1096 2603 ημοσύνην
1114 2520 1224 2597 αὐτοῦ,
1249 2518 1357 2596 ὄνειδός

113 2617 182 2689 μοῖς
200 2602 300 2668 α’ίιτῶν
318 2600 381 2665 ἀπὸ
399 2606 454 2666 τοῦ
473 2599 639 2685 ἀνθρώπου
652 2606 723 2666 ἐκεί-
753 2592 852 2677 ίάτιν,
895 2604 943 2677 ἐξο
1003 2599 1196 2686 ρευθῆσονται
1234 2600 1357 2668 ἐνώπιον

114 2714 179 2763 νου,
200 2688 231 2749 ἒν
244 2689 289 2768 τῷ
299 2687 402 2751 §aaran
416 2680 510 2749 αύτόν
520 2689 575 2749 τού
589 2688 723 2770 σπέρμα·
753 2688 826 2749 υἱοῖν
832 2686 934 2762 γε’νους
944 2681 1053 2760 αὐτῶν,
1065 2680 1264 2772 ἀσχημοσύνην
1272 2684 1357 2751 ἀδελ-

115 2795 167 2844 τος
179 2766 273 2834 αύτού
285 2768 413 2853 άρχοντι,
432 2772 488 2833 τού
498 2763 539 2870 μῆ
551 2765 720 2834 ἀποκτεῖναι
751 2773 808 2853 φῆς
821 2765 918 2833 αὐτοῦ
929 2763 1126 2851 ἀπεκάλυψεν,
1144 2766 1293 2857 ἁμαρτίαν
1304 2796 1356 2836 κο-

114 2849 215 2918 αύτόν.
240 2852 317 2918 ίκαί
341 2847 490 2935 ἐπιστῆσω
508 2878 543 2916 το
560 2848 721 2937 πρόςωπόν
748 2857 889 2935 μιούνται.
914 2852 1108 2940 18καίάνῆρ,
1129 2850 1163 2930 ὃς
1175 2852 1213 2919 ἀν
1225 2857 1357 2948 κοιμηθῇ

111 2963 168 3021 μου
181 2938 231 3001 ἐπί
244 2935 297 3001 τὸν
306 2935 470 3020 ἀνθρωπον
481 2938 597 3012 ἐκεῖνον,
605 2938 657 3001 καί
666 2936 720 3021 τῆν
748 2935 821 3018 μετὰ
829 2934 964 3015 γυναικὸς
972 2934 1267 3023 ἀποκαθημὲνης,καὶ
1275 2936 1356 3003 ἀπο-

112 3023 277 3120 συγγίνηιαν
293 3017 402 3095 αὐτοῦ,
427 3021 479 3083 καὶ
498 3017 605 3084 ἀπολῶ
618 3018 718 3098 αὐτὸν,
748 3015 871 3116 καλύῳη
886 3016 939 3104 τῆν
956 3017 1155 3125 ἀσχημοσύνην
1172 3019 1277 3105 αύτῆς,
1303 3019 1357 3104 τῆν

112 3106 163 3168 καὶ
184 3129 298 3182 παντας
315 3102 384 3181 τούς
410 3098 607 3185 ὁμονοοῦντας
624 3102 718 3188 αὐτῷ,
748 3102 845 3188 πηγῆν
868 3101 961 3189 αὐτῆς
985 3104 1171 3188 απεκάλυψε,
1200 3106 1253 3169 καὶ
1278 3100 1356 3188 αὕτη

109 3183 181 3265 ὥςτε
190 3183 369 3271 ἐκπορνεύειν
378 3183 471 3251 αύτόν
481 3191 520 3263 είς
529 3185 600 3263 τούς
610 3186 718 3274 ἀρχον-
749 3184 923 3269 άπεκάλυῳε
934 3189 988 3272 τῆν
999 3185 1080 3273 ῥύσιν
1090 3192 1148 3253 τοῦ
1161 3193 1285 3270 αἵματος
1298 3185 1356 3251 αύ-

110 3295 164 3351 τας
183 3273 216 3334 ἐκ
234 3276 290 3336 τοῦ
308 3271 385 3334 λαοῦ
403 3267 511 3334 αὐτῶν.
538 3272 619 3335 6καί
637 3271 716 3357 ῳυχῆ
748 3275 812 3355 τῆς,
835 3269 1134 3374 ίξολοθρευθῆσονται
1148 3266 1309 3357 ἀμσότεροι
1323 3274 1355 3335 ἐκ

108 3349 179 3434 ἢάν
197 3348 428 3460 ἕπακολουθῆση
441 3350 717 3438 ἐγγαστριμύθοιςῆ
748 3357 799 3434 τῆς
810 3358 907 3430 γενεάς
920 3357 1031 3416 αυτῶν.
1049 3355 1139 3416 19καί
1152 3350 1209 3436 ἀσχ
1227 3350 1356 3437 μοσύνην

108 3436 277 3513 ἐπαοιδαῖς,
313 3431 383 3507 &a
407 3439 595 3519 εκπσρνεύσαι
617 3435 717 3501 ὀπίσω
749 3433 876 3516 ἀδελφῆς
888 3429 1003 3518 πατρός
1016 3460 1083 3508 σου,
1099 3436 1151 3498 καί
1163 3381 1289 3518 ἀδείφῆς
1299 3464 1355 3518 μη-

109 3517 227 3591 αύτῶν,
253 3509 400 3597 ίπιστῆσω
424 3511 460 3578 τὸ
484 3513 645 3602 πρύςωπόν
661 3544 717 3600 μου
749 3512 818 3602 τρός
827 3542 882 3582 σου
890 3513 945 3580 οὐκ
955 3514 1167 3601 ἀποκαλύψεις.
1180 3516 1234 3599 τῆν
1242 3517 1300 3601 γάρ
1310 3523 1356 3581 ol-

108 3601 162 3664 ε’πὶ
174 3594 228 3682 τῆν
239 3593 335 3682 ψυχ’ν
347 3599 461 3700 ἐκείνην,
479 3602 530 3662 καί
542 3598 650 3664 ἀπολῶ
662 3599 719 3664 αύ-
748 3597 884 3685 κειότητα
896 3594 1094 3683 ἀπεκάλυψεν,
1107 3596 1256 3682 ἁμαρτίαν
1265 3597 1356 3664 ἀποί-

110 3680 163 3766 τῆν
182 3685 215 3746 ἐκ
232 3686 288 3746 τοῦ
345 3684 381 3744 οῦ
400 3683 500 3762 αυτῆς.
526 3682 603 3745 7καί
621 3686 720 3747 ἔσεσθε
749 3708 857 3748 σονται.
870 3679 940 3760 2(ἰῖς
953 3682 990 3749 ἀν
1000 3687 1130 3767 κοιμηθῆ
1140 3678 1213 3766 μετά
1224 3687 1276 3767 τῆς
1287 3709 1355 3761 συγ-

109 3765 205 3844 ἅγιοι,
232 3762 280 3830 ὅτι
306 3759 389 3842 ἀγιος
413 3761 473 3842 ἐγώ
498 3758 596 3847 κύριος
614 3759 632 3827 ὁ
649 3760 721 3841 θεὸς
749 3770 847 3840 γενούς
863 3765 974 3843 αύτού,
1001 3756 1204 3852 ἀσχημοσύνην
1218 3772 1271 3873 τῆς
1284 3794 1355 3847 συγ-

112 3846 201 3932 ύμών.
216 3850 289 3913 θκαὶ
300 3843 465 3930 φυλάξεσθε
477 3843 517 3910 τά
529 3842 720 3930 προςτάγμα-
749 3853 857 3924 γενείας
882 3846 978 3913 αὐτοῦ
1004 3847 1207 3928 ἀπεκάλυψεν,
1240 3878 1354 3917 ατεκνοι

110 3930 151 3997 τά
160 3959 228 4014 μου,
241 3935 292 3996 καὶ
301 3926 434 4014 ποιῆοετε
446 3926 534 3995 αύτά.
549 3929 608 4007 ἐγώ
618 3928 719 4016 κύριος
749 3929 983 3995 ἀποθανοῦνται.
1000 3930 1129 4008 21ὂςέάν
1141 3932 1218 4021 λάβη
1229 3948 1355 4014 γυναῖκα

110 4013 130 4080 ὁ
144 4011 272 4094 ἁγιάζων
286 4012 368 4095 ύμάς.
391 4016 407 4057 ⁹
421 4011 583 4099 ἀνθρωπος
596 4014 718 4100 ἀνθρω-
747 4019 804 4079 τοῦ
816 4012 946 4116 ἀδελῳοῡ
957 4011 1061 4092 αὐτοῦ,
1079 4012 1253 4105 ἀκαθαρσία
1264 4025 1352 4086 ἐστίν.

110 4127 182 4176 πος,
209 4093 242 4176 ὃς
267 4096 304 4162 ἀν
326 4101 423 4172 κακῶς
445 4098 511 4191 εἴπη
529 4097 583 4164 τὸν
600 4103 718 4184 πατέρα
747 4097 951 4183 ἀσχημοσυνην
964 4104 1020 4164 τού
1031 4097 1161 4184 ἀδελφοῦ
1173 4103 1267 4170 αύτού
1279 4102 1354 4167 ἀπε-

109 4182 207 4249 οιύτοῡ
225 4181 311 4266 ῆτῆν
328 4184 439 4265 μητέρα
458 4181 567 4255 αὐτοῦ,
591 4179 717 4265 θανάτῳ
747 4181 886 4266 κάλυψεν,
898 4182 1011 4250 ἀτεκνοι
1022 4182 1257 4253 ἀποθανοῦνται.
1268 4188 1355 4251 22καί

109 4262 324 4331 θανατούσθω.
341 4268 459 4346 πατέρα
473 4261 569 4329 αὐτοῦ
579 4264 597 4349 ῆ
607 4271 718 4350 μητέρα
748 4263 921 4346 φυλάξασθε
949 4265 1049 4335 πάντα
1074 4268 1114 4335 τά
1137 4266 1354 4356 προςτάγματά

108 4348 205 4414 αὐτοῦ
214 4352 313 4424 κακῶς
321 4346 398 4412 εἷπεν
402 4377 413 4427 ,·
424 4351 521 4432 ἔνοχος
530 4350 620 4417 ἔσται.
631 4352 660 4393 ¹⁰
665 4349 719 4413 άν-
747 4376 812 4430 μου,
824 4353 877 4416 καὶ
886 4351 925 4417 τά
937 4349 1065 4457 κρίματά
1075 4379 1142 4434 μου,
1156 4355 1207 4416 καὶ
1219 4348 1353 4434 ποιῆσετε

107 4443 236 4518 θρωπος
262 4428 296 4507 ὃς
320 4429 358 4496 ἀν
381 4432 570 4517 μοιχεύσηται
594 4445 719 4509 γυναῖκα
748 4431 843 4509 αύτά,
868 4437 920 4499 καὶ
937 4461 973 4500 ου
992 4435 1030 4518 μῆ
1050 4439 1233 4516 προςοχθίση
1250 4431 1354 4513 ύμῖνῆ

107 4515 216 4603 ἀνδρὸς
221 4565 231 4593 ,
257 4515 275 4598 ῆ
294 4510 327 4590 ὃς
346 4514 383 4580 άν
393 4511 580 4601 μοιχεύσηται
593 4529 719 4594 γυναῖκα
746 4519 799 4602 γῆ,
812 4522 850 4594 είς
864 4509 898 4597 ῆν
909 4516 967 4595 ἐγὼ
980 4511 1084 4592 είςάγω
1097 4505 1354 4658 &pasinicua10;-

1296 4617 1354 4657 κεν
