2924 4972
151 234 216 300 568
445 231 518 292 ιο
539 234 573 294 B
615 218 1100 311 κρηπινινοιῳωοι.

152 357 219 425 ἰδού
233 357 288 422 ούκ
300 347 336 438 ἦν
346 360 389 419 τῶ
400 353 472 438 Ἰῶβ
484 353 610 436 ἐλέγχων
620 350 757 415 ἀνταπο-
788 373 866 423 πων,
880 353 911 412 ἐν
922 350 1006 415 εἴδεσι
1019 347 1115 451 φόβου
1127 348 1273 422 τοιούτοις
1286 345 1398 422 αύτούς

151 435 317 526 κρινόμενος
344 419 463 523 ῥήματα
488 434 583 500 αὐτοῦ
608 435 638 508 ἐξ
666 430 755 514 ὑμῶν.
790 428 968 534 ἐξεφόβησεν.
986 429 1399 534 22απορτρέμμαιάνθρωποη

151 526 179 567 ¹³
191 529 241 587 ’ίνα
251 520 291 604 μή
305 520 415 602 εἴπητε,
443 513 560 620 εύρομεν
577 521 688 596 σοφίαν
705 540 756 578 κυ-
789 538 852 578 απο
866 516 993 590 ἀδικίας,
1017 516 1100 580 τοδε
1117 539 1204 595 σῶμα
1219 537 1316 577 αυτου
1330 538 1397 575 απο

152 612 210 691 ρίω
220 605 421 688 προςθίμενοι.
440 601 469 642 ¹⁴
477 594 632 683 ανθρῶπῳ
645 596 678 662 δὲ
690 599 757 661 ἐπι-
789 593 953 680 πτιύματος
973 594 1128 700 ἐρρύσατο.
1153 597 1183 638 ¹⁸
1200 598 1341 674 ἐφείσατο
1362 594 1398 658 δὲ

152 671 284 771 τρίψατε
314 685 442 768 λαλήσω
472 687 600 746 τοιαῦτα
630 678 755 765 ῥήματα.
788 683 951 783 τήςφυχής
970 684 1066 744 αυτοῦ
1083 677 1147 743 ἀπὸ
1165 673 1318 752 θανάτου,
1345 680 1398 742 καί

151 773 179 814 ¹⁶
192 763 398 852 ἐπτοήθησαν,
417 762 471 830 ούκ
485 761 690 848 ἀπεκρίθησαν
702 765 755 839 ἔτι,
788 788 828 844 μη
845 774 942 828 πεσεῖν
959 759 1052 827 αὐτόν
1064 765 1095 826 ἒν
1106 761 1236 842 πολέμῳ.
1262 762 1290 802 ¹⁹
1303 755 1397 824 πάλιν

152 853 348 917 ἐπαλαίωσαν
360 851 391 924 ἐξ
405 845 506 912 αύτῶν
518 843 635 924 λόγους.
649 841 755 909 22ἀπέ
789 844 822 908 δὲ
834 845 950 929 ήλεγξεν
959 840 1051 909 αύτόν
1063 845 1114 909 ἐπί
1125 843 1258 926 μαλακίᾳ
1271 845 1323 907 ἐπί
1331 848 1397 907 κοί-

151 960 246 1019 μεινα,
271 930 307 997 ού
320 929 379 1016 γάρ
392 925 533 1012 ἐλάλησα,
559 925 606 993 ότι
618 930 756 1010 ίίντησαν,
788 952 854 1010 της,
878 931 930 993 καί
944 929 1064 1011 πλῆθος
1081 924 1179 991 ἀστῶν
1195 923 1290 991 αὐτοῦ
1306 921 1393 1010 ἐνάρ-

152 1014 208 1081 ούκ
233 1015 446 1099 ἀπεκρίθησαν.
486 1013 512 1054 22
532 1008 696 1096 ιἰπολαβῶν
724 1008 756 1074 δὲ
789 1036 866 1076 κσε.
892 1013 998 1076 22πάν
1011 1009 1044 1074 δὲ
1061 1007 1178 1095 βρωτὸν
1195 1016 1281 1073 σίτου
1300 1005 1337 1072 ού
1354 1009 1396 1112 μή

146 1096 265 1173 Ἕλιούς
277 1097 360 1175 λέγει.
386 1096 414 1138 ¹⁸
425 1089 517 1160 πάλιν
529 1090 660 1177 λαλήσω.
678 1087 757 1176 πλή-
788 1094 907 1178 δυνηται
931 1094 1165 1178 προςδέξασθαι,
1191 1093 1280 1178 καλή
1312 1112 1397 1174 ψυχή

189 1209 203 1257 ς
214 1177 273 1265 γάρ
285 1185 339 1263 είμι
352 1173 507 1265 ῥημάτων,
533 1176 635 1240 ῶλέκει
651 1171 709 1262 γάρ
721 1200 756 1259 με
788 1177 884 1243 αύτού
902 1182 1011 1264 βρῶσιν
1029 1171 1212 1258 ἐπιθυμήσει.
1242 1177 1339 1249 22ἕως
1357 1174 1398 1239 ἀν

150 1209 188 1331 ἀί
212 1267 327 1345 πνεῦμα
344 1267 397 1346 τής
413 1255 548 1345 γαστρός.
575 1262 603 1303 ¹⁹
617 1255 640 1342 ή
651 1259 684 1324 δὲ
699 1284 757 1336 γα·
789 1265 926 1326 σαπῶσιν
943 1257 1041 1324 αὐτού
1060 1262 1094 1322 αί
1107 1256 1226 1342 σάρκες,
1253 1258 1304 1321 καί
1316 1254 1399 1322 ἀπο-

150 1343 225 1432 στήρ
243 1372 302 1430 μου
316 1341 410 1427 ῶςπερ
423 1341 514 1418 ἀσκός
530 1339 672 1420 γλεύκους
683 1343 756 1417 ζέων
789 1345 868 1438 δείξη
883 1342 924 1409 τά
940 1341 1020 1408 ἀστά
1032 1339 1128 1406 αύτού
1148 1338 1227 1405 κενά.
1253 1342 1283 1382 22
1297 1338 1398 1424 ήγγισε

149 1431 312 1512 δεδεμένος,
337 1424 464 1511 ἢάίςπερ
478 1423 611 1528 φυσητήρ
627 1424 756 1509 χαλκέως
788 1427 821 1493 δὲ
846 1432 885 1502 εἰς
901 1422 1038 1491 θάνατον
1056 1421 1120 1508 ήιμ
1155 1421 1302 1508 ήαύτοῦ,
1327 1421 1397 1506 ήδὲ

149 1507 288 1599 ἐβρηγῶς.
315 1511 346 1553 ²⁰
359 1506 492 1591 λαλήσω,
511 1514 562 1573 ’ίνα
576 1503 757 1572 ἀναπαύσω-
788 1507 848 1593 ζωή
867 1509 963 1574 αύτού
977 1510 1008 1572 ἒν
1024 1505 1091 1591 ήδη
1161 1503 1214 1573 ἐάν
1232 1496 1288 1571 ῶσι
1309 1506 1398 1590 χίλιοι

149 1621 204 1679 μαι
229 1591 347 1668 ἀνοίξας
365 1588 405 1655 τά
430 1590 523 1676 χειλη,
551 1593 578 1632 22
592 1589 757 1674 ἀνθρωπον
788 1592 908 1671 ἀγγελοι
928 1581 1155 1674 θανατηφόροι,
1181 1591 1221 1664 είς
1238 1587 1342 1656 αὐτῶν
1358 1591 1397 1657 ού

149 1676 208 1761 γάρ
222 1673 258 1740 ού
272 1674 312 1758 μή
325 1678 495 1759 αίσχυνθῶ,
520 1671 599 1738 ἀλλά
616 1671 674 1775 μήν
686 1670 756 1737 οὐδὲ
788 1674 828 1759 μή
841 1671 941 1760 τρύση
955 1671 1057 1740 αύτόν.
1071 1673 1123 1739 ἐάν
1132 1669 1223 1757 νοήση
1235 1678 1274 1765 τῇ
1286 1675 1398 1760 καρδίᾳ

149 1758 259 1848 βροτὸν
271 1755 307 1822 ού
320 1756 360 1841 μή
373 1759 520 1842 ἐντραπῶ.
534 1753 606 1820 22ού
618 1780 676 1837 γαρ
690 1758 756 1820 ἐπί·
790 1761 1007 1845 ἐπιστραφῆναι
1020 1757 1096 1843 πρὸς
1108 1745 1218 1842 κύριοί,
1238 1755 1398 1840 ἀναγγεὶλη

151 1867 260 1923 σταμαι
272 1836 428 1922 θαυμάσαι
440 1841 597 1924 πρόςωπα.
623 1843 649 1902 εί
660 1833 692 1902 δὲ
703 1837 756 1922 μή,
789 1840 821 1906 δὲ
834 1837 989 1924 ἀνθρώπῳ
1000 1838 1055 1924 τήν
1067 1843 1179 1905 ἑαυτοῦ
1191 1843 1315 1924 μέμψιν,
1340 1830 1398 1924 τήν

149 1926 202 1990 καί
215 1923 267 2008 ἐμὲ
284 1928 368 2007 σήτες
386 1923 512 1987 ἐδσνται.
789 1922 822 1989 δὲ
834 1923 940 1990 ἀνοιαν
958 1920 1054 1989 αύτοῡ
1073 1925 1166 2015 δείξη,
1192 1922 1223 1964 22
1237 1921 1399 1999 ἀνθέξεται

323 2011 397 2069 ΚΕ
411 2010 449 2069 Φ.
492 2000 579 2069 ΛΓ’.
788 2012 843 2072 τοῦ
855 2006 895 2090 μή
908 2015 1008 2072 πεσεῖν
1020 2013 1059 2083 είς
1072 2003 1215 2072 θάνατον.
1237 2001 1398 2073 ἀνανεώσει

149 2053 286 2192 Ούμήν
298 2088 331 2154 δὲ
344 2086 425 2153 ἀλλά
433 2085 564 2154 ἀκουσον
573 2083 644 2174 Ἰῶβ
652 2086 691 2151 τά
701 2084 757 2173 ῥή·
789 2090 821 2155 δὲ
833 2089 930 2155 αύτού
947 2089 983 2156 τὸ
995 2095 1083 2173 σῶμα
1095 2086 1192 2173 ῶςπερ
1206 2087 1335 2175 ἀλοιφήν
1346 2093 1397 2155 ἐπὶ

148 2199 232 2257 ματα
249 2198 319 2256 μου,
344 2173 395 2236 καί
411 2171 519 2236 λαλιὰν
536 2175 674 2246 ἐνωτίζου
690 2196 755 2254 μου.
789 2179 905 2250 τοίου,
928 2171 969 2238 τά
993 2173 1026 2238 δὲ
1043 2171 1121 2243 ἀστά
1142 2173 1240 2239 αύτού
1257 2169 1398 2257 ἐμπλήσει

151 2255 245 2323 2ίδού
263 2253 322 2336 γάρ
336 2254 436 2339 ήνοιξα
453 2254 488 2319 τὸ
502 2250 598 2335 στόμα
608 2280 667 2338 μου
671 2303 680 2331 ,
706 2256 757 2318 καὶ
789 2199 906 2341 μυελοῦ.
920 2253 1142 2323 22ἀπαλυνιῖδὲ
1152 2255 1248 2322 αὐτοῦ
1258 2254 1311 2332 τάς
1320 2254 1360 2323 σά

151 2337 292 2423 ἐλάλησεν
306 2333 453 2422 ήγλῶσσά
465 2363 530 2420 μου.
544 2333 690 2423 2καθαρά
699 2362 756 2418 μου
789 2367 843 2416 νας
855 2337 951 2426 ἀίςπερ
964 2346 1086 2424 νηπίου,
1109 2283 1399 2425 ἀποκαταστήσειλέ

150 2423 291 2510 ἦκαρδία
304 2427 444 2525 ῥήμασιν,
471 2417 581 2495 σίῖὲσις
594 2419 625 2484 δὲ
638 2419 756 2504 χειλέων
789 2423 883 2490 αὐτὸν
920 2423 1113 2508 ἀνδρωθέντα
1151 2428 1183 2490 ἐν
1212 2422 1395 2510 ἀνθρώποις.

150 2535 207 2593 μου
219 2517 344 2591 καθαρα
357 2503 462 2590 νοήσει.
477 2505 610 2587 2πνεύμα
622 2515 707 2570 θεῖον
720 2499 756 2569 τό
788 2509 819 2551 ²¹
831 2505 983 2591 εὐξάμενος
1001 2508 1033 2572 δὲ
1044 2506 1122 2593 πρὸς
1134 2503 1235 2596 κύριον
1246 2511 1297 2572 καί
1308 2505 1397 2572 δικτά

150 2586 281 2676 ποιήοάν
298 2616 347 2672 με,
373 2589 452 2674 πνοή
466 2589 498 2654 δὲ
510 2584 756 2675 παντοκράτορος
788 2591 872 2677 αύτῷ
884 2588 1321 2677 ἐσται,είςελεύσεταιπροςῶπῳ
1333 2592 1396 2656 ίλα·

148 2670 361 2780 ήδιδάσκουσά
370 2700 416 2776 με.
444 2671 619 2757 2ἐάνδύνη,
644 2669 694 2748 δός
706 2699 756 2756 μοι
788 2676 1054 2782 ρῷσύνέξηγορίρ.
1069 2672 1398 2754 ἀποδῶσειδὲάνθρῶ·

149 2753 398 2847 απόκρισιν,προς
407 2759 503 2819 ταῦτα
513 2747 677 2837 ὑπόμεινον,
687 2760 754 2838 στῆ·
787 2785 857 2834 ποις
875 2761 1072 2844 δικαιοσυνην.
1104 2761 1134 2803 ²⁷
1148 2757 1211 2823 εἶτα
1226 2753 1296 2823 τότε
1315 2756 1397 2821 ἀπο-

148 2850 183 2905 δι
197 2836 260 2903 κατ’
274 2837 332 2920 ἐμὲ,
346 2840 396 2904 καί
408 2835 466 2915 ἐγῶ
480 2836 559 2902 κατά
572 2842 612 2903 σε’.
631 2840 685 2902 2ἐκ
697 2865 756 2921 πη-
786 2845 933 2925 μέμψεται
946 2839 1210 2928 ἀνθρωποςαύτός
1222 2843 1331 2923 ἑαυτῷ,
1344 2840 1396 2903 λε’-

149 2923 206 2989 λοῦ
223 2916 367 3004 διήρτισαι
381 2917 418 2984 σὺ
437 2916 479 2995 ῶς
490 2922 542 2984 καί
556 2919 629 2999 ὲγῶ,
654 2926 687 2986 ἐκ
700 2926 754 2986 τοῦ
787 2951 858 3002 γων.
886 2926 937 2991 οία
963 2924 1149 3000 συνετελουνς
1173 2925 1224 2986 καί
1249 2920 1303 2986 ούκ
1321 2921 1395 2995 ἀξια

150 3006 246 3072 αὐτοῦ
259 3006 462 3089 διηρτίσμεθα.
477 3001 687 3090 7ούχάφόβος
698 3030 754 3085 μου
788 3008 928 3092 ήτασέμε
944 3002 988 3073 ῶν
1000 3004 1039 3108 ήμ
1080 3029 1139 3070 τον.
1166 3006 1197 3048 ²⁸
1210 3007 1308 3067 σῶσον
1327 3023 1395 3085 ψυ-

149 3088 185 3154 σὲ
197 3084 366 3234 στριηβήσει,
392 3083 461 3151 ούδί
477 3083 495 3169 ή
507 3093 568 3170 χείρ
580 3113 637 3168 μου
649 3091 754 3173 βαρεῖα
785 3086 840 3176 χήν
850 3117 907 3171 μου
925 3094 983 3155 τοῦ
993 3116 1033 3172 μη
1046 3093 1061 3153 ἐ
1079 3098 1143 3151 θεῖν
1154 3089 1193 3160 είς
1205 3086 1394 3168 διαφθορὰν,

148 3173 233 3235 ἔσται
299 3171 383 3234 ίσοί.
422 3168 529 3254 2πλήν
546 3169 631 3245 εἶπας
647 3174 678 3234 ἐν
697 3170 755 3236 ὠσί
786 3175 837 3238 καί
858 3171 876 3253 ἦ
894 3167 953 3255 ζωή
968 3197 1025 3252 μου
1042 3175 1107 3252 φῶς
1125 3166 1241 3247 ὄψεται.
1279 3171 1309 3211 22
1325 3171 1396 3236 ἰδοὺ

147 3279 212 3338 μου.
223 3252 322 3337 φωνήν
331 3247 470 3338 ῥημάτων
479 3278 531 3319 σου
540 3248 663 3336 ἀκήκοα.
675 3250 754 3319 9διό·
786 3259 882 3321 ταῦτα
893 3250 993 3318 πάντα
1007 3256 1130 3338 ἐργάται
1144 3252 1161 3317 ὁ
1174 3249 1292 3355 ἰσχυρὸς
1305 3251 1396 3330 ὁδούς

146 3363 175 3428 τι
189 3339 292 3416 λέγεις,
318 3331 454 3420 καθαρός
467 3341 521 3419 είμι
535 3333 588 3420 ούχ
601 3336 752 3420 ἀμαρτῶν,
785 3347 860 3423 τρεῖς
872 3332 945 3421 μετά
957 3332 1073 3421 ἀνδρός.
1088 3337 1119 3380 ³⁰
1124 3337 1176 3401 καί
1187 3338 1331 3420 ἐρ’ῥυσατο
1340 3336 1396 3422 τήν

146 3419 298 3505 ἀμεμπτός
307 3425 373 3503 είμι,
383 3421 419 3485 οὐ
429 3419 487 3505 γάρ
497 3415 639 3504 ήνόμησα.
653 3422 753 3501 22μίμ·
785 3416 883 3506 ψυχήν
894 3446 953 3504 μου
967 3423 999 3485 ἐκ
1011 3419 1161 3493 θανάτου,
1174 3423 1223 3482 ἵνα
1236 3418 1254 3502 ή
1265 3418 1324 3503 ζωή
1334 3447 1393 3502 μου

145 3525 200 3587 ψιν
213 3504 246 3571 δὲ
258 3501 321 3569 κατ’
340 3506 414 3588 ἐμοῦ
426 3493 513 3584 εὗρεν.
539 3500 648 3586 ήγηται
665 3503 699 3567 δέ
709 3528 753 3586 με,
784 3508 816 3569 ἐν
828 3507 908 3584 φωτί
920 3507 990 3597 αλνή
1004 3499 1105 3569 αὐτόν.
1133 3504 1160 3545 22
1175 3504 1310 3579 ἐνωτίζου
1323 3500 1394 3589 Ἰῶβ

146 3584 242 3673 ῶςπερ
256 3585 434 3652 ὑπεναντίον.
452 3588 572 3650 11ἔθετο
585 3585 618 3651 δὲ
629 3589 660 3650 ἐν
671 3582 752 3668 ξύλῳ
784 3589 835 3651 καί
852 3585 948 3653 ἀκουί
964 3613 1031 3669 μου.
1063 3582 1231 3668 κῶφευσον,
1257 3586 1307 3649 καί
1331 3583 1391 3662 ἐγῶ

144 3668 198 3735 τὸν
210 3667 292 3735 πόδα
303 3695 377 3753 μου,
400 3664 526 3750 ἐφύλαξε
539 3669 575 3733 δέ
583 3695 640 3750 μου
651 3664 752 3742 πάσας
785 3674 840 3752 εἰμι
853 3669 984 3754 λαλήσω.
1001 3671 1063 3734 22εῖ
1074 3675 1131 3734 εἶσί
1143 3696 1191 3734 σοι
1204 3664 1296 3745 λόγοι,
1309 3664 1390 3731 ἀπο-

144 3751 200 3826 τάς
213 3749 310 3827 ὁδούς.
336 3756 364 3794 22
376 3756 440 3825 πῶς
451 3748 509 3836 γάρ
522 3750 622 3830 λέγεις,
639 3746 752 3824 δίκαιός
785 3759 909 3838 κρίθητί
920 3779 979 3835 μοι.
1007 3749 1151 3835 λάλησον,
1176 3751 1260 3816 θέλω
1272 3747 1330 3832 γάρ
1343 3749 1390 3813 δι-

145 3839 216 3916 είμι,
242 3835 293 3897 καί
305 3833 361 3899 ούκ
375 3830 526 3917 ἐπακήκοί
536 3861 592 3916 μου
596 3863 608 3912 ,·
634 3833 752 3908 αἰώνιος
784 3840 955 3919 καιωθήναί
972 3861 1012 3900 σε.
1043 3837 1072 3878 ³³
1085 3841 1110 3899 εί
1126 3834 1181 3937 μή,
1208 3830 1243 3901 σίι
1259 3829 1391 3899 ἀκουσόν

145 3913 205 4000 γάρ
225 3919 305 3980 ἐστιν
322 3913 340 3980 ὁ
353 3911 455 3980 ἐπάνω
471 3921 597 4002 βροτῶν.
623 3918 650 3958 ¹³
662 3916 752 3993 λέγεις
783 3944 852 4002 μου,
866 3913 1017 3999 κιόφευσον
1035 3920 1087 3984 καί
1100 3919 1210 3992 διδαξω
1222 3941 1263 3981 σε.

145 3997 193 4075 δὲ,
216 3999 298 4063 διατί
309 4002 361 4080 τῆς
374 4000 455 4081 δίκης
466 4025 524 4081 μου
536 3998 591 4064 ούκ
605 3993 755 4082 ἐπακήκοέ
815 4003 828 4032 ¹
967 4006 1092 4064 ΚΕΦ.
1135 3996 1219 4064 ΛΔ’.

144 4107 203 4164 μου
214 4086 276 4144 πᾶν
287 4083 367 4165 ῥήμα
373 4109 388 4158 ,·
399 4082 465 4146 22ἔν
476 4080 536 4165 γάρ
549 4086 593 4162 τῷ
601 4076 684 4156 ἀπαξ
695 4081 750 4145 λα-
785 4048 987 4169 Ῡπολαβῶν
998 4083 1030 4149 δὲ
1039 4081 1157 4158 Ἐλιούς
1170 4083 1254 4160 λέγει
1273 4080 1394 4149 2ἀκού-

144 4165 232 4248 λήσαι
259 4160 278 4228 ό
304 4159 418 4244 κύριος,
444 4168 475 4229 ἐν
498 4165 531 4228 δὲ
551 4167 597 4245 τῷ
615 4164 750 4248 δευτέρῳ,
785 4168 860 4232 σατέ
873 4192 930 4249 μου
949 4168 1055 4248 σοφοί,
1082 4162 1269 4248 ἐπιστάμενοι
1287 4170 1393 4232 ἐνωτί-

144 4248 172 4291 ¹¹
185 4243 320 4311 ἐνύπνιον
332 4244 350 4328 ἢ
364 4247 395 4308 ἐν
405 4246 511 4335 μελέτη
524 4250 688 4351 νυκτερινή,
710 4248 751 4326 ῶς
784 4252 878 4326 ζεσθε.
904 4250 918 4292 ³
932 4245 979 4315 ὅτι
993 4237 1046 4324 ούς
1057 4246 1163 4327 λόγους
1176 4245 1331 4330 δοκιμάζει,
1341 4252 1394 4312 καί

144 4326 218 4411 ὅταν
245 4334 390 4411 ἐπιπίπτη
414 4326 505 4402 δεινὸς
522 4324 616 4413 φόβος
632 4331 669 4394 ἐπ
698 4329 750 4396 ἀν-
783 4331 893 4418 λύρυγξ
908 4331 1022 4411 γεύεται
1034 4336 1153 4418 βρῶσιν.
1178 4333 1303 4417 2κρίσιν
1316 4327 1393 4397 ἑλῶ-

143 4411 306 4502 θριόπους,
332 4398 381 4476 ἐπί
400 4407 612 4494 νυσταγμάτων
624 4415 750 4481 ἐπίνοι’·
783 4426 862 4500 μεθα
879 4417 1011 4490 ἑαυτοῖς,
1037 4421 1149 4497 γνῶμεν
1160 4414 1309 4496 ἀναμέσον
1321 4416 1390 4479 ἐαυ-

142 4524 202 4584 της.
217 4499 245 4542 ¹¹
252 4493 320 4573 τότε
330 4492 532 4575 ἀνακαλύπτει
545 4500 614 4564 νούν
626 4493 750 4588 ἀνθροί-
783 4503 854 4574 τῶν,
867 4493 1027 4564 ότικαλόν.
1046 4498 1060 4541 ¹
1072 4493 1118 4562 ὅτι
1132 4498 1242 4582 εἴρηκεν
1251 4494 1333 4584 Ἰὼβ,
1346 4498 1393 4599 δή·

1305 4605 1392 4655 καιος
