2924 4972
259 240 548 303 σΑΣιΛπιοιυ
575 242 808 302 mmm
845 233 1124 317 κρούσω.
1251 242 1315 305 38³

72 379 135 416 του.
173 355 203 394 22
215 354 266 417 καί
282 356 395 429 ἐγένετο
417 348 458 426 ὥς
475 351 548 416 εἶδεν
565 350 676 436 Ἰωράμ
715 366 813 456 τοῖηον
825 353 964 438 καὶπρὸς
978 352 1316 429 τοῦςίππους,καὶσυν·

70 434 126 500 τόν
136 433 207 511 Ἰοῦ,
220 438 269 499 καί
282 435 369 500 εἶπεν.
389 432 409 518 ἢ
422 431 520 520 είρὴνη
528 429 610 512 Ἰοῦς
624 437 676 499 καί
713 461 866 520 επατησαν
879 432 982 520 αότη’ν.
1022 436 1054 477 33
1073 438 1124 501 καί
1137 436 1251 522 εἲςηλθε
1262 436 1315 501 καί

72 518 149 584 εἶπεν
157 514 261 583 Ἰσάτί
273 515 388 605 είρήνης
401 515 675 602 έτιαίπορνεῖαιἸε-
713 522 802 596 έσαγε
814 522 866 584 καί
877 517 1098 594 &tamazem
1110 522 1316 601 ἐπισκέψασθε

72 599 158 688 ζάβελ
175 607 227 685 της
243 598 354 687 μητρός
367 628 421 666 σου
439 603 491 665 καί
502 601 541 666 τά
554 596 675 686 φάρμα-
712 598 1315 707 δὴτηνκατηραμάηνταάτηνμαίθάψα·

71 712 111 750 κα
127 682 217 766 αὐτῆς
235 684 274 750 τὰ
290 682 400 749 πολλά.
426 685 456 725 23
468 686 521 749 καί
532 686 673 770 ἐπέστρε·
712 707 743 747 τε
757 685 860 767 αυτὴν,
874 710 922 751 οτι
932 683 1069 772 θυγάτηρ
1081 686 1227 774 βασιλέως
1240 690 1313 751 ἔστί.

70 788 125 850 ριεν
134 765 246 876 Ἰωράμ
259 765 313 843 τάς
324 780 420 855 χεῖρας
430 765 527 832 αὐτοῦ
537 769 589 832 καί
601 770 673 846 ἔφυ-
711 767 740 809 33
753 770 804 830 καί
816 763 1020 870 δπορεάθησαν
1031 770 1134 853 θάψαι
1147 767 1252 854 αῦτην,
1262 771 1315 834 καί

67 877 108 931 γε.
146 878 199 916 και
223 850 284 916 εἶπε
308 851 383 937 πρὸς
404 849 549 956 Ὀροζίαν.
585 846 673 925 δόλος
711 840 866 935 οῦχεῦρον
883 854 914 915 ίν
930 856 1007 942 αυτῇ
1022 850 1167 938 άλλοτιῆ
1183 852 1219 919 τό
1237 878 1314 939 κρο-

64 933 195 1019 Ὀχοζία
222 935 305 1000 “nai
315 936 439 1018 ἔπλησεν
456 932 512 1000 Ιοῦ
523 931 579 1017 τὴν
590 944 673 1018 χεῖρα
711 938 772 997 κίον
784 936 880 997 καλοί
892 928 980 1009 πόδες
992 936 1044 998 καί
1054 933 1094 998 τὰ
1107 936 1151 1018 tp
1181 940 1243 1001 τυῦν
1255 962 1314 1021 χει-

68 1018 163 1084 αῦτοῦ
182 1021 213 1082 ἐν
229 1022 273 1101 τῷ
290 1014 385 1103 τόξῳ,
409 1020 462 1083 καί
480 1013 608 1093 ἐπάταξε
620 1016 674 1081 τόν
729 1021 781 1081 ὧν.
807 1017 838 1059 33
851 1018 903 1080 καί
914 1018 1099 1101 ἐπέστρεψαν
1115 963 1312 1101 καλάνὴγγει·

63 1097 178 1188 Ἰωράμ
196 1097 344 1182 άναμέσον
360 1106 421 1165 τῶν
438 1095 603 1188 βραχιόνων
615 1097 673 1164 αῦ-
711 1042 872 1182 λαναῦτῷ.
898 1101 951 1164 καί
966 1098 1036 1164 εἶπε.
1061 1095 1149 1175 λόγος
1162 1107 1264 1185 κυρίου
1277 1098 1313 1169 δν

67 1190 137 1261 τοῦ,
162 1185 216 1249 καί
231 1184 336 1266 ἐξῆλθε
355 1184 392 1248 τό
406 1185 492 1269 βέλος
510 1182 606 1246 αὐτοῦ
622 1182 672 1245 διὰ
711 1181 785 1246 ἐλάλ
820 1206 850 1246 εν
865 1186 897 1247 έν
912 1184 986 1268 χειρί
1001 1179 1112 1246 Ἠλιοῦ
1131 1186 1187 1246 τοῦ
1208 1185 1314 1270 Θεσβί·

68 1273 121 1348 τῆς
138 1267 262 1352 καρδίας
279 1264 389 1342 αὐτοῦ,
414 1268 466 1331 καί
478 1270 511 1329 &a
553 1267 672 1347 ψενόπί
711 1291 776 1341 του,
785 1208 888 1343 zm.
921 1269 954 1331 ἐν
966 1269 1004 1369 τη
1020 1266 1113 1349 μερίδι
1122 1261 1316 1348 Ἰεζράελκα·

68 1349 109 1413 τά
129 1345 243 1425 γόνατα
264 1347 369 1413 αὐτοῦ.
394 1348 424 1391 23
440 1349 492 1413 καί
513 1372 577 1413 επε
595 1347 672 1433 πρὸς
710 1344 898 1429 ταφάγονται
916 1353 947 1413 σί
962 1372 1042 1424 κυνες
1058 1345 1113 1422 τάς
1131 1344 1245 1433 σάρκας
1259 1346 1316 1414 Ἰε-

67 1430 212 1516 Βαδεκόιρ
230 1427 284 1494 τὸν
301 1427 460 1515 τριστάτην
477 1428 584 1496 αὐτοῦ.
624 1434 673 1517 ρί·
711 1426 806 1517 ζάβελ.
825 1432 1008 1497 32καίέσται
1022 1429 1059 1497 τό
1072 1428 1316 1516 θνησιμαῖονἸε·

65 1535 130 1595 ψον
143 1511 237 1579 αὐτόν
250 1516 280 1577 ἐν
292 1519 329 1608 τῇ
340 1516 431 1601 μερίδι
442 1513 672 1600 άγροῦΝαβου·
710 1511 795 1601 ζάβελ
813 1510 854 1590 ὧς
872 1520 985 1600 κοπρία
1008 1517 1058 1580 ἐπί
1073 1510 1237 1599 προςάπου
1256 1516 1313 1580 τοῦ

65 1600 126 1662 θαί
138 1602 194 1663 τοῦ
204 1595 416 1682 Ἰεζραηλίτου,
442 1595 489 1662 ὅτι
500 1593 669 1681 μνημονεύω
709 1596 806 1682 ἀγροῦ
824 1601 855 1661 ἐν
870 1603 909 1681 τῆ
924 1599 1016 1683 μερίδι
1027 1595 1164 1683 Ἰεζράελ,
1183 1594 1259 1664 ιῦστε
1269 1595 1312 1682 μη

67 1679 128 1758 ἐγὼ
141 1680 242 1746 καὶσὺ
256 1678 454 1768 ἐπιβεβηκότες
471 1684 521 1746 ἐπί
537 1677 621 1766 ζεύγη
634 1681 669 1746 ὀ-
708 1686 797 1747 είυιεῖν
808 1672 928 1758 αὐτοῦς,
938 1679 1073 1769 Ἰεζάβελ.

65 1771 145 1830 πίσω
159 1763 195 1829 'A
211 1763 274 1851 αάβ
289 1763 474 1851 τοῦπατρὸς
487 1763 593 1839 αὐτοῦ,
618 1765 670 1828 καί
904 1770 980 1829 ΚΕ
992 1771 1030 1830 Φ.
1073 1765 1114 1830 1‘.

64 1843 163 1933 κάριος
188 1790 291 1935 ἔλαβεν
315 1846 361 1913 ἐπ’
388 1847 481 1914 αὐτὸν
504 1847 542 1913 τό
567 1847 669 1932 λῆμμα
707 1815 789 1914 Καί
802 1854 846 1932 τῷ
858 1845 974 1935 Ἀχαάβ
985 1845 1188 1936 ἑβδομήκοντα
1207 1849 1312 1915 υίοίίν

66 1940 166 1996 τοῦτο.
184 1933 216 1973 23
229 1938 253 1996 εί
263 1932 304 2018 μὴ
317 1932 357 1997 τά
372 1938 485 2016 αἵματα
497 1933 668 2020 Ναβουθαί
705 1939 867 2020 Σαμαρείᾳ.
893 1934 944 1998 καί
963 1935 1093 2017 ἔγραψεν
1108 1931 1170 1999 Ἰοῦ
1186 1932 1312 2020 βιβλίον,

66 2016 116 2078 καί
128 2014 167 2080 τά
183 2019 298 2097 αἵματα
311 2021 372 2081 τῶν
390 2020 462 2082 υίιῦν
482 2014 578 2081 αὐτοῦ
589 2014 668 2080 εἶδον
705 2019 757 2081 καί
768 2015 937 2082 ἀπέστειλεν
950 2020 981 2081 έν
988 2022 1143 2103 Σαμαρείᾳ
1151 2015 1229 2122 πρός
1241 2015 1312 2092 τοῦς

67 2099 161 2201 ‘'ff‘’
184 2124 256 2180 φησι
270 2095 379 2185 κῦριος,
395 2101 447 2164 καί
460 2097 668 2165 ἀνταποδώσω
706 2099 851 2185 ἄρχοντας
873 2105 1045 2184 Σαμαρείας
1064 2104 1115 2165 καί
1138 2126 1214 2187 προς
1238 2098 1312 2175 τοῦς

67 2186 150 2266 αυτῷ
161 2186 192 2246 έν
203 2187 242 2247 τ’
255 2185 348 2269 μερίδι
357 2178 462 2267 ταῦτη,
475 2185 547 2266 φησί
558 2182 667 2267 κάριος.
705 2185 925 2285 πρεσβυτέρους,
935 2182 1073 2269 καὶπρὸς
1085 2181 1156 2258 τοὺς
1170 2180 1312 2268 τιθηνοὺς

65 2267 118 2329 καί
139 2270 192 2329 νῦν
213 2270 289 2371 άρας
303 2263 338 2350 δὴ
356 2256 447 2352 ρίψοῦ
459 2263 554 2329 αὐτὸν
577 2269 608 2328 ἐν
628 2268 668 2356 τῇ
703 2262 794 2348 Ἀχαα
816 2265 939 2343 ,λέγωκ
964 2267 1044 2330 2καί
1061 2270 1112 2332 νῦν
1125 2263 1167 2341 ὡς
1180 2266 1218 2332 ἂν
1230 2267 1310 2371 ἔλθη

60 2350 156 2452 μερίδι
174 2374 253 2414 κατα
269 2348 307 2413 τό
325 2352 404 2452 ῥημα
421 2355 535 2433 κυρίου.
575 2349 604 2389 23
618 2349 670 2411 καί
705 2346 773 2433 τδβ
802 2347 1061 2434 λίοντοῦτοπρός
1074 2345 1158 2431 ὑμᾶς,
1179 2351 1302 2433 καίμεθ

74 2434 198 2512 Οχοζίας
210 2428 345 2516 βασιλεὺς
361 2426 456 2495 Ιοάδα
466 2429 521 2494 εἶδε
532 2431 584 2493 καί
596 2432 669 2508 ὲίρυ-
707 2427 788 2512 ῦμιῦν
808 2434 840 2493 οἶ
856 2432 920 2494 υἱοί
936 2433 992 2492 τοῦ
1010 2437 1114 2515 κυρίου
1134 2427 1231 2511 ῦμῶν,
1257 2432 1310 2495 καί

64 2535 114 2591 γεν
127 2508 197 2576 ὁδὸν
210 2508 364 2588 Βαιθγάν.
377 2514 429 2576 καί
442 2512 558 2587 ἐδίωξεν
570 2509 670 2575 ὀπίσω
705 2509 770 2596 μεθ’
788 2508 870 2595 ὑμῶν
886 2511 922 2576 τό
940 2509 1025 2595 άρμα
1043 2514 1095 2576 καί
1111 2517 1142 2575 οί
1157 2518 1248 2577 ’ίππσι
1260 2514 1311 2577 καί

66 2594 165 2659 αὐτοῦ
185 2592 260 2668 Ἰοῦ,
273 2595 325 2657 καί
350 2593 422 2670 είπε,
444 2598 496 2657 καί
513 2618 546 2671 γε
568 2587 668 2657 αῦτόν.
705 2589 807 2670 πόλεις
819 2592 924 2680 ὀχυραὶ
934 2597 986 2658 καί
999 2592 1038 2658 τά
1051 2591 1140 2658 ὅπλα.
1153 2595 1224 2658 3καί
1235 2592 1311 2675 ὀψε-

64 2681 117 2742 καί
130 2673 277 2754 ἐπάταξεν
294 2674 386 2742 αὐτὸν
403 2673 480 2763 πρὸς
496 2680 542 2760 τῷ
559 2671 669 2761 ῦρματι
708 2689 764 2744 σθε
775 2675 830 2743 τόν
841 2676 963 2756 άγαθόν
978 2680 1029 2742 καί
1046 2677 1099 2742 τὸν
1117 2674 1193 2761 εῦθῦ
1207 2681 1238 2741 έν
1248 2689 1312 2751 τοῖς

63 2767 96 2826 έν
108 2765 153 2844 τῷ
166 2761 332 2849 ἀναβαίνειν
343 2760 420 2838 Γαῒ,
434 2755 547 2844 ἥέστιν
557 2756 671 2845 Ἰεβλα-
707 2767 783 2836 υίοῖς
795 2766 851 2828 τοῦ
863 2767 966 2848 κυρίου
979 2759 1069 2843 ὑμῶν,
1095 2761 1147 2825 καί
1158 2755 1312 2845 καταστη-

62 2843 116 2929 άμ,
129 2847 180 2909 καί
193 2849 298 2927 ἐίρυγεν
310 2849 349 2920 εἰς
361 2842 582 2923 Μαγεδδώ,καί
593 2842 669 2908 σἰπέ-
707 2871 770 2911 σετε
786 2844 879 2911 αὐτόν
896 2848 947 2912 ἐπί
964 2842 1017 2910 τόν
1035 2841 1150 2932 θρόνον
1172 2850 1229 2910 τοῦ
1246 2869 1311 2909 πα-

62 2939 153 2993 θανεν
166 2933 231 2993 ἐκεῖ.
270 2930 301 2972 23
319 2929 369 2992 καί
382 2931 563 3036 ε’πεβηλασαν
575 2925 669 2994 αῦτὸν
705 2929 775 3035 τρός
788 2927 900 3007 αῦτοῦ,
924 2931 976 2995 καί
993 2929 1145 3012 πολεμεῖτε
1161 2925 1238 3013 ὑπὲρ
1255 2930 1311 2991 τοῦ

61 3017 92 3075 οῦ
103 3013 206 3088 παῖδες
219 3011 316 3077 αῦτοῦ
332 3013 382 3076 ἐπὶ
394 3011 430 3076 τὸ
449 3037 544 3094 αρμα,
569 3013 620 3075 καί
632 3009 668 3096 η’-
706 3038 793 3078 οικου
807 3019 864 3079 τοῦ
876 3019 980 3099 κυρίου
993 3009 1081 3095 ὑμῶν.
1106 3010 1187 3077 4καί
1199 3005 1310 3113 ἐφυβρ-

60 3119 154 3172 γαγον
163 3093 256 3162 αὐτὸν
269 3101 308 3171 είς
314 3092 517 3200 Ἱερουσαλίρμ,
524 3096 576 3159 καί
588 3097 666 3161 έθα-
703 3108 803 3181 θησαν
815 3092 944 3183 σφόδρα,
956 3098 1008 3163 καί
1019 3096 1108 3161 είπσν.
1136 3094 1200 3162 ἰδοῦ
1214 3099 1245 3161 οἶ
1256 3097 1309 3160 δυσ

61 3200 128 3259 ιγαν
140 3178 233 3244 αῦτὸν
245 3184 277 3245 ἒν
289 3183 334 3261 τῷ
350 3176 439 3263 τάφῳ
453 3183 549 3245 αυτοῦ
562 3181 595 3244 ἒν
606 3176 666 3243 πό-
702 3181 828 3267 βασιλεῖς
842 3179 897 3245 οὐκ
918 3184 1045 3264 ἔστησαν
1057 3176 1136 3246 κατά
1148 3179 1310 3266 πρόςωπον

61 3261 104 3325 λει
130 3265 235 3328 Δαυίδ.
261 3265 293 3305 23
306 3265 356 3325 καὶ
380 3266 413 3326 ἐν
439 3268 496 3328 ἔτει
521 3258 664 3346 ἑνδεκάτῳ
704 3263 810 3338 αῦτοῦ,
848 3265 900 3326 καί
925 3269 991 3338 πῶς
1017 3260 1188 3345 στησόμεθα
1213 3261 1309 3344 ἡμεῖςς

57 3341 170 3425 Ἰωράμ
187 3345 331 3430 βασιλέως
345 3342 466 3429 Ἰσραηλ
483 3345 666 3430 ἐβασίλευσεν
704 3349 784 3410 3καὶ
796 3343 974 3410 ἀπέστειλαν
987 3348 1017 3407 οῖ
1030 3347 1080 3408 ἐπὶ
1092 3348 1149 3408 τοῦ
1161 3345 1244 3407 οἴκου
1258 3344 1308 3407 καί
1341 3380 1349 3393 ·

56 3425 194 3510 Ὀχοζίας
220 3429 270 3490 ἐπὶ
291 3422 418 3490 Ἰοάδαν.
454 3428 484 3469 ³⁰
498 3429 549 3488 καὶ
574 3418 665 3509 ἦλθεν
704 3433 736 3494 oz
748 3431 798 3493 ἐπί
809 3431 862 3510 τῆς
878 3422 997 3499 πόλεως
1006 3428 1057 3488 καί
1074 3430 1105 3488 σί
1115 3421 1308 3510 πρεσβύτεροι

56 3507 122 3574 Ἰοῦ
137 3505 329 3592 ίπίἸεᾷιάελ.
354 3510 407 3570 καί
419 3506 544 3591 Ἰεζάβελ
557 3508 667 3613 η’κουσε
703 3513 755 3577 καί
780 3514 810 3575 οἱ
834 3510 953 3613 τιθηνοί
977 3506 1054 3593 πρὸς
1074 3504 1146 3582 Ἰοὺ,
1168 3507 1307 3583 λέγοντες.

60 3593 112 3659 καί
125 3594 317 3695 ἑστιμμίσατο
335 3587 404 3664 τοὺς
417 3587 598 3692 ὀφθαλμους
610 3589 667 3655 αῦ-
703 3594 808 3668 παῖδές
820 3618 877 3658 σου
892 3603 986 3676 ημεῖς,
1025 3592 1077 3654 καί
1089 3586 1148 3654 ὅσα
1162 3591 1214 3654 έδιν
1227 3591 1309 3683 εἴπης

61 3682 124 3760 τῆς,
137 3678 189 3739 καὶ
202 3670 332 3758 ηγάθυνε
349 3669 403 3756 τὴν
421 3671 552 3753 κεφαλην
565 3670 667 3756 αὐτῆς,
704 3673 779 3758 πρὸς
790 3673 867 3757 ἡμᾶς
883 3675 1058 3758 ποιήσομεν,
1086 3671 1122 3739 οῦ
1134 3669 1308 3760 βασιλεῦσα-

62 3762 114 3823 καί
131 3760 252 3840 διέκυψε
270 3755 320 3821 διὰ
340 3759 391 3839 τῆς
408 3754 543 3840 θυρίδος.
576 3757 603 3796 33
616 3755 668 3819 καί
704 3780 755 3839 μεν
767 3755 876 3841 ἄνδρα,
900 3756 937 3823 τό
955 3756 1074 3837 άγαθόν
1092 3762 1122 3823 ἒν
1136 3756 1308 3841 ὀφθαλμοῖς

59 3839 122 3908 Ἰοῦ
141 3839 336 3926 εἰςεπορεῦετο
356 3842 387 3903 έν
404 3844 442 3942 τίη
456 3833 551 3913 πόλει,
564 3840 615 3903 καί
626 3836 666 3901 εί·
705 3865 760 3905 σου
772 3837 938 3923 ποιήσομεν.
964 3844 1031 3906 θκαί
1039 3845 1151 3928 ἔγραψε
1162 3840 1238 3928 πρός
1251 3840 1307 3906 αὖ.

62 3949 122 3991 πεν.
148 3923 167 4010 ἡ
182 3923 278 4010 εἰρήνη
290 3924 408 4009 Ζαμβρὶ
424 3910 598 4007 ὀφονευτης
610 3926 666 3986 τοῦ
703 3921 775 3998 τοῦς
785 3921 847 3987 'Iob
860 3924 974 4010 βιβλίον
987 3921 1134 4011 δεύτερον,
1153 3927 1255 4004 λέγων.
1282 3930 1307 3989 εί

62 4016 164 4095 κυρίου
180 4010 290 4087 αὐτοῦς
303 4009 333 4050 32
344 4009 395 4071 καί
407 4010 513 4099 ἐπῇρεν
526 4007 561 4071 τὸ
575 4003 666 4092 πρός·
703 4010 769 4090 ἐμοί
782 4003 876 4090 ὑμεῖς,
903 4010 953 4071 καί
970 4012 1022 4091 τῆς
1039 4013 1138 4090 φωνῆς
1152 4035 1209 4090 μου
1227 4006 1306 4094 ῦμεῖς

62 4115 148 4157 ωπον
161 4091 256 4157 αὐτοῦ
269 4097 308 4165 είς
321 4089 375 4175 την
386 4091 507 4176 θυρίδα,
534 4093 584 4155 καί
596 4090 666 4156 είδεν
703 4088 876 4169 εῑςακοάετε,
903 4086 1006 4177 λάβετε
1027 4088 1082 4175 τὴν
1102 4093 1231 4196 κεραίην
1253 4092 1306 4158 άν-

62 4172 172 4258 αῦτην,
185 4178 235 4241 καί
248 4175 316 4240 εἶπε.
341 4180 386 4249 τίς
398 4173 426 4238 εί
436 4170 490 4250 σῦς
516 4176 665 4260 κατάβηθι
703 4177 781 4260 δρῶν
792 4180 854 4239 τῶν
865 4180 937 4240 υἱῶν
950 4180 1005 4240 τοῦ
1019 4181 1119 4282 κυρίου
1132 4183 1229 4260 υμιῦν,
1255 4175 1307 4239 καί

61 4258 119 4341 μετ’
136 4263 214 4341 ἐμοῦ.
235 4260 288 4323 καί
300 4261 475 4341 κατέκοψαν
485 4261 560 4343 πρὸς
573 4256 667 4323 αὐτὸν
703 4262 838 4335 ἐνέγκατε
850 4260 926 4344 πρὸς
938 4258 983 4342 με’,
994 4256 1035 4335 ὡς
1048 4288 1066 4344 η
1079 4256 1146 4343 ιῦρα
1159 4259 1262 4342 αῦριον
1274 4261 1307 4320 ἐν

63 4339 119 4408 δύο
138 4340 279 4427 εὐνοῦχοι.
318 4343 347 4384 33
366 4343 417 4406 καί
434 4339 503 4403 εἶπε.
528 4341 667 4405 κυλίσατε
700 4339 832 4426 Ἰεζράελ.
856 4348 907 4408 καί
919 4347 950 4408 οἱ
962 4347 1022 4409 υίοί
1034 4349 1091 4409 τοῦ
1105 4342 1249 4429 βασιλέως
1269 4327 1306 4424 ἦ*

63 4423 223 4510 αῦτην,καί
236 4422 371 4490 ίκῦλισαν
384 4421 486 4507 αὐτὴν,
497 4427 547 4488 καί
561 4427 667 4511 ἕβραν·
704 4449 760 4489 σαν
773 4423 972 4513 ἑβδομήκοντα
985 4425 1098 4511 άνδρες,
1121 4413 1207 4486 οῦτοι
1220 4421 1306 4506 ἁδροί

62 4515 154 4594 τίαθη
177 4513 233 4572 τοῦ
259 4512 382 4590 αἵματος
407 4504 499 4588 αὐτῆς
513 4505 589 4594 πρός
614 4504 668 4573 τόν
702 4512 755 4591 τῆς
770 4505 1059 4652 πόλευρρξξέτρεφον
1083 4502 1203 4576 αὐτοῦς.
1231 4506 1244 4544 ⁷
1252 4503 1309 4642 ηιαβ

1270 4605 1325 4655 ίὲ·
