2924 4972
385 213 829 279 AEYTEPONOMION
865 207 1131 314 Κιφιὶἳαὸ-ῇ

106 334 156 398 καί
170 336 202 396 αἱ
216 333 374 414 θυγατέρες
392 354 447 393 σου
466 328 615 409 διδομέναι
628 331 706 392 ἔθνει

1278 211 1341 277 207

747 329 799 391 καί
821 325 930 420 ἀγαθῇ
956 328 1073 407 διανοίᾳ
1098 323 1147 389 διὰ
1168 324 1204 390 τὸ
1223 305 1343 406 πλῆθος

106 418 210 499 ἑτέρῳ,
236 416 287 478 καὶ
299 416 329 476 οἶ
341 410 497 511 ὀφθαλμοί
509 435 566 512 σου
578 409 707 512 βλέψοχ-
742 404 872 474 πάντων.
898 411 934 452 ⁴⁸
952 411 1004 507 καί
1025 405 1191 488 λατρεύοιις
1213 419 1274 481 τοῖς
1296 411 1344 490 ίχ-

107 524 158 564 ται
170 496 391 577 σφακελίζοντες
404 497 442 566 εἷς
455 517 544 567 αυτα,
557 516 613 557 ουκ

110 605 152 646 σει
167 576 184 662 ἦ
197 582 255 662 χείρ
271 602 336 641 σου.
360 572 433 639 33τά
446 571 574 659 ἔκφύρια
588 578 641 657 τῆς
653 579 708 676 γης

109 689 172 739 σου,
185 663 236 725 καί
247 653 363 732 πάντας
373 655 445 732 τούς
457 654 568 732 πόνους
578 682 633 721 σου
647 682 709 737 φα-

109 771 189 821 γιται
202 747 300 817 ἔθνος,
313 737 332 806 3
345 739 401 805 οὖν
416 744 586 805 ἐπίστασαι.
613 740 664 803 καί
677 743 708 804 ἔ·

111 857 148 912 οη
157 822 345 907 ἀδικούμενος
355 827 406 889 καί
413 824 634 910 τεθραυσμένος
646 819 708 887 πύ-

110 903 166 986 σἀς
190 910 245 983 τὰς
269 906 386 1010 ἡμέρας.
412 906 444 949 ³⁴
457 907 508 971 καί
531 910 583 997 ι”ση
605 903 709 990 παρά-

109 996 241 1076 πληκτος
252 993 300 1056 δια
313 988 351 1055 τὰ
364 986 504 1076 ὁράματα
514 995 574 1053 τῶν
587 986 710 1070 ὀφθαλ-

107 1083 172 1162 μῶν
185 1102 248 1149 σου,
262 1071 282 1139 ἀ
294 1075 403 1163 βλέψῃ.
430 1074 458 1115 ³⁵
465 1068 596 1148 πατάξαι
610 1096 641 1136 οε
655 1067 710 1135 κύ-

627 496 707 575 ῑοχυ-
742 502 840 590 θροῖς1
854 517 926 570 σου,
949 491 1005 567 ούς
1030 489 1227 558 ἱπαποστελεῖ
1245 485 1344 595 κύριος

744 575 795 637 ἐπὶ
812 598 857 650 σε,
874 579 905 641 ἐν
922 575 1007 658 λιμῷ,
1020 578 1071 639 καὶ
1088 577 1120 637 ἰν
1136 574 1229 656 δίψει,
1246 597 1297 636 και
1314 575 1345 636 ἐν

744 651 910 739 γυμνότητι,
936 660 988 722 καί
1011 660 1041 721 ἔν
1065 657 1190 739 ἐκλείψει
1215 650 1345 719 πάντων.

745 739 796 801 καί
808 736 938 832 ίπιθηση
953 739 1054 805 κλοιὸν
1072 741 1137 822 σαλη
1175 743 1210 802 ῶν
1226 740 1276 802 ίπί
1293 733 1346 801 τὸν

746 815 891 903 τράχηλον
905 847 970 898 σου,
980 827 1034 896 ἔω
1047 821 1084 887 ἀν
1093 765 1291 915 ίξσλῶθριύση
1304 844 1344 884 σε.

745 905 778 944 ⁴¹³
792 898 891 978 ἐπάξει
905 907 956 968 ἐπὶ
973 905 1005 968 σὲ
1024 901 1122 986 κύριος
1134 909 1220 978 ἔθνος
1230 899 1346 989 μακρό-

746 995 799 1049 θεν
811 981 861 1048 ἀπ’
878 982 1004 1069 ἐσχάτου
1018 991 1070 1068 τῆς
1082 992 1136 1068 γῆς
1147 983 1216 1051 ῶοιί
1229 985 1346 1071 ὅρμημα

747 1065 847 1141 ἀετοῦ,
860 1070 947 1141 ἔθνος
960 1063 978 1131 ὃ
991 1068 1045 1132 ούκ
1059 1067 1171 1158 ἀκούση
1184 1074 1236 1165 της
1248 1073 1347 1172 φωνχης

108 1186 172 1244 ριος
191 1163 221 1223 ἐν
240 1159 315 1222 ἑλκει
329 1180 453 1239 πονηρῳ
472 1156 523 1218 ἐπὶ
539 1152 578 1218 τά
596 1149 711 1231 γόνατα
748 1147 856 1224 αὐτοῦ,
867 1153 991 1223 ὅθέθνος
1002 1148 1118 1224 ἀναιδὲς
1129 1175 1287 1234 προςωπῳ,
1299 1176 1348 1224 ος·

109 1245 161 1308 καί
178 1243 229 1304 ἐπὶ
245 1238 299 1314 τὰς
321 1234 447 1320 κνήμας,
472 1233 543 1309 ῶςτε
561 1235 601 1317 μη
621 1231 713 1301 δύνα-
748 1259 792 1307 τις
815 1230 851 1297 ού
881 1229 1031 1313 θαυμάσει
1049 1227 1208 1316 πρόςωπον
1225 1228 1350 1318 πρεσβύ-

111 1336 187 1390 σθαι
202 1323 329 1402 ίαθηναί
346 1343 378 1384 σε
390 1315 453 1382 ἀπὸ
472 1316 567 1401 ἴχνους
580 1322 640 1382 τῶν
656 1343 714 1381 πο·
748 1340 813 1392 του,
825 1317 877 1380 καὶ
888 1320 953 1381 νίον
965 1314 1020 1382 ούκ
1033 1315 1150 1397 ἰλεησει.
1165 1318 1191 1358 ⁵¹
1202 1317 1252 1378 καί
1264 1315 1351 1379 κατί-

112 1409 174 1471 θῶυ
188 1429 244 1468 σου
257 1408 312 1475 ἕως
325 1405 377 1484 τῆς
389 1404 522 1482 κορυφῆς
535 1424 598 1464 σου.
613 1402 643 1444 ³⁰
652 1398 714 1464 ἀπ·
748 1398 830 1463 δεται
843 1399 882 1464 τὰ
895 1402 1003 1476 ἔκγονα
1015 1401 1076 1463 τῶν
1087 1402 1200 1481 κτηνῶν
1211 1422 1276 1473 σου,
1300 1397 1351 1461 καί

112 1511 223 1563 αγαγοι
240 1479 341 1568 κύριός
358 1508 391 1548 σε
414 1483 466 1546 καί
482 1478 552 1556 τούς
568 1478 712 1567 ἀρχοντάς
747 1479 786 1546 τά
804 1477 970 1566 γεννήματα
986 1487 1040 1566 τῆς
1058 1487 1112 1565 γῆς
1129 1508 1197 1559 σου,
1222 1507 1294 1556 ωςτε
1309 1479 1349 1565 μὴ

114 1595 172 1634 σου
190 1564 241 1642 ούς
257 1565 295 1632 ἀν
311 1561 499 1658 καταστησχς
520 1567 571 1630 ίπί
587 1590 711 1632 σεαυτον
746 1567 918 1630 καταλιπεῖν
930 1592 977 1632 σοι
994 1577 1092 1639 σῖτον,
1117 1563 1200 1630 οἶνον
1203 1613 1214 1641 ,
1239 1565 1349 1640 ἔλαιον,

112 1649 157 1716 ἐπ’
174 1654 263 1724 ἔθνος
281 1644 301 1713 ἀ
318 1647 373 1714 οὐκ
391 1651 552 1714 ἐπίστασαι
569 1646 605 1714 σύ
617 1650 669 1714 καί
681 1652 712 1713 οἱ
745 1647 785 1712 τὰ
802 1646 947 1734 βουκόλια
968 1652 1030 1713 τῶν
1047 1652 1127 1734 βοῶν
1149 1674 1220 1723 σου,
1243 1649 1295 1712 καί
1311 1645 1350 1712 τύ

109 1739 236 1818 πατέρες
249 1759 317 1809 σου,
343 1732 394 1797 καί
406 1729 574 1816 λατρεύσεις
586 1735 711 1797 ἐκεῖθι·
745 1738 867 1812 ποίμνια
887 1736 948 1797 τῶν
969 1727 1131 1816 προβύτων
1153 1756 1220 1806 σου,
1234 1736 1290 1803 ἔως
1311 1729 1350 1794 ἀν

111 1830 156 1892 οῖς
169 1821 289 1903 ἑτέροις,
313 1811 410 1892 ξύλοις
422 1818 473 1879 καί
484 1815 591 1890 λίθοις.
618 1816 647 1858 ³⁷
659 1817 712 1879 καί
746 1812 880 1906 ἀπολέσῃ
897 1840 937 1891 σε,
957 1817 1043 1878 ὖῗκαὶ
1055 1816 1182 1907 ίκτρίφη
1197 1840 1227 1879 οε
1240 1817 1272 1880 ἰν
1283 1823 1350 1888 ταῖς

112 1904 162 1983 ἔση
183 1905 242 1967 ἐκεῖ
256 1903 287 1964 ἐν
309 1904 458 1982 αἰνίγματι
480 1900 531 1963 καί
548 1898 710 1992 παραβολῇ
745 1894 851 1963 πόλεσί
863 1924 926 1962 σου.
965 1902 1021 1973 ἔως
1038 1896 1075 1963 ἀν
1088 1901 1296 1983 καθαιρεθῶσι
1308 1896 1347 1960 τὰ

111 1975 162 2050 καί
183 1980 336 2067 διηγήματι
359 1985 390 2046 ίν
407 1986 482 2046 πᾶσι
496 1992 561 2056 τοῖς
582 1986 710 2054 ἔθνισιυ,
746 1987 823 2065 τείχη
842 1977 881 2044 τά
895 1978 998 2065 ύψηλά
1009 1983 1060 2045 καί
1072 1978 1111 2046 τὰ
1124 1979 1226 2066 ὀχυρὰ,
1245 1976 1289 2060 ἐφ’
1306 1980 1350 2054 οίς

112 2072 151 2140 εἰς
172 2064 224 2141 οὓς
246 2065 285 2132 ἀν
302 2060 448 2155 ἀπαγάγῃ
464 2089 497 2129 σε
519 2061 619 2150 κύριος
643 2067 710 2128 ἐκεῖ.
747 2061 782 2128 σύ
793 2066 947 2139 πέποιθας
968 2063 1010 2127 ἔπ’
1033 2064 1147 2139 αὐτοῖς,
1177 2059 1284 2130 ἔνπάσ
1312 2068 1350 2155 τῇ

112 2151 142 2192 ³⁸
156 2152 272 2235 σπέρμα
295 2144 376 2212 πολὺ
400 2149 519 2222 ἐξοίσεις
542 2153 582 2222 εἷς
603 2144 640 2212 τὸ
657 2173 712 2211 πε·
747 2150 861 2238 γῇοου.
887 2149 938 2210 καί
953 2146 1059 2229 θλίψει
1077 2173 1108 2213 σι
1120 2150 1152 2211 ἔν
1165 2158 1234 2221 ταῖς
1245 2089 1352 2210 πόλισί

113 2234 188 2306 δίον,
214 2232 266 2296 καί
279 2228 367 2307 ὀλίγα
380 2233 516 2304 είςοίσεις,
534 2227 579 2295 ὅτι
592 2230 713 2294 κατέθε-
749 2253 820 2304 σου,
844 2228 892 2303 αἷς
908 2229 1001 2293 ἔδωκε’
1017 2256 1072 2294 σοι.
1108 2230 1138 2272 ⁶³
1151 2230 1202 2294 καί
1215 2232 1297 2321 φυγῇ
1310 2225 1350 2292 τά

112 2343 162 2381 ται
182 2312 262 2379 αὐτὰ
275 2310 294 2394 ἦ
313 2311 407 2396 ἀκρίς.
433 2312 464 2354 ³⁹
478 2309 638 2394 ἀμπελῶνα
655 2336 714 2391 φυ-
749 2313 856 2388 ἔκγονα
867 2315 920 2393 τῆς
933 2312 1045 2387 κοιλίας
1053 2339 1115 2390 σου,
1125 2316 1197 2398 κρέα
1209 2316 1281 2377 υἱῶν
1295 2336 1350 2375 σου

113 2395 218 2469 τεύσεις
230 2399 281 2460 καί
293 2398 431 2477 κατεργᾷ,
444 2395 496 2457 καὶ
508 2392 588 2458 οἶνον
601 2393 638 2458 ού
649 2399 715 2457 πίε-
749 2395 801 2456 καὶ
816 2397 994 2477 θυγατέρων
1012 2419 1084 2468 σου,
1109 2391 1168 2459 ὅσα
1186 2395 1279 2456 ἔδωκέ
1295 2418 1351 2468 σοι,

116 2506 177 2554 σαι,
191 2475 258 2542 ούιλὲ
277 2471 471 2564 εὖφρανθύση
488 2476 519 2547 ἐξ
534 2473 640 2547 αὐτοῦ,
669 2470 716 2538 ὅτι
751 2479 781 2538 ἔν
793 2479 830 2566 τῇ
850 2481 1026 2557 στενοχωρία
1046 2501 1102 2539 σου
1120 2475 1171 2537 καὶ
1188 2478 1218 2537 ίν
1232 2479 1267 2575 τῇ
1281 2475 1352 2537 θλί-

115 2554 324 2639 καταφάγεται
338 2553 415 2619 αὐτὰ
429 2550 447 2618 ὁ
461 2552 583 2639 σκώληξ.
595 2555 717 2620 4θέλαΐ-
752 2576 801 2635 ψει
818 2581 883 2631 σου,
904 2549 924 2648 ᾗ
947 2556 1051 2638 θλίψει
1076 2581 1107 2621 σε
1129 2553 1147 2619 ὁ
1171 2559 1277 2659 ἐχθρος
1290 2581 1352 2621 σου.

115 2671 147 2708 αι
174 2646 295 2708 ἔσονταί
320 2665 369 2703 σοι
387 2642 417 2703 ίν
438 2642 516 2703 πᾶσι
534 2651 599 2715 τοῖς
624 2636 718 2724 ὁρίοις
752 2639 783 2684 ³⁴
797 2638 815 2704 ὁ
828 2636 944 2714 ἁπαλὸς
962 2636 979 2704 ὁ
997 2643 1027 2703 ἐν
1044 2641 1092 2706 σοί
1109 2641 1160 2704 καί
1177 2666 1194 2703 ο
1212 2636 1353 2725 τρυφερὸς

115 2753 184 2804 σου,
198 2728 249 2790 καὶ
261 2725 363 2788 ἔλαιον
376 2720 413 2786 ού
423 2727 525 2814 χρίση,
550 2718 596 2788 ὅτι
610 2719 715 2809 ε’κρυὴ-
751 2721 869 2807 σφόδρα
895 2727 1039 2829 βασκανεῖ
1062 2729 1106 2806 τῷ
1126 2722 1277 2807 ὀφθαλμώ
1296 2720 1353 2788 αὖ·

114 2837 196 2875 σεται
211 2805 228 2893 ᾗ
242 2809 329 2873 ἐλαία
348 2831 412 2870 σου.
453 2807 481 2847 ⁴¹
496 2804 579 2883 υίούς
592 2809 642 2873 καί
656 2817 715 2870 θυ-
749 2813 805 2872 τοῦ
818 2804 872 2872 τὸν
885 2806 1012 2890 αδελφόν
1030 2805 1143 2884 αὐτοῦ,
1171 2811 1221 2872 καὶ
1234 2791 1287 2890 τίχν
1298 2834 1353 2885 γυ-

112 2898 240 2979 γατέρας
256 2885 400 2972 γεννήσεις
425 2890 477 2954 καί
503 2887 558 2955 ούκ
583 2895 714 2964 ἔσονται,
750 2903 839 2957 ναῖκα
856 2890 911 2958 τ“ν
928 2896 958 2957 ἰν
975 2896 1021 2976 τῶ
1037 2888 1142 2974 κόλπῳ
1166 2889 1278 2966 αύτοῦ,
1303 2893 1353 2954 καί

113 2973 325 3043 ἀπελεύσονται
362 2971 420 3059 γὰρ
452 2976 483 3038 ἐν
517 2974 713 3059 αἰχμαλωσίᾳ.
749 2972 788 3039 τά
801 3001 879 3040 κατα
909 2976 1043 3060 λιιμμένα
1056 2977 1157 3050 τέκνα,
1174 2971 1196 3039 ἀ
1208 2973 1245 3038 ἀν
1257 2998 1352 3038 κατα-

113 3062 145 3103 ⁴²
158 3056 258 3125 πάυτα
271 3055 309 3122 τὰ
328 3053 430 3134 ξύλινά
451 3082 516 3131 σου,
533 3059 585 3122 καί
598 3056 636 3121 τά
649 3082 715 3135 γεν·
749 3058 856 3151 λειφθῇ
875 3058 959 3142 αύτῷ
985 3061 1013 3103 ⁶⁶
1027 3053 1099 3134 ῶςτι
1116 3061 1219 3124 δοῦναι
1238 3059 1281 3122 ἑνὶ
1293 3054 1351 3121 αύ-

111 3141 228 3224 νῄματα
240 3148 293 3223 τῆς
311 3145 364 3222 γῆς
381 3167 436 3205 σου
454 3137 632 3216 ἔξαναλούοει
651 3138 669 3223 ἢ
683 3144 714 3203 ἐ·
748 3147 809 3207 τῶν
821 3141 882 3208 ἀπὸ
895 3148 956 3209 τῶν
969 3147 1088 3225 σαρκῶν
1101 3147 1161 3207 τῶν
1173 3147 1282 3206 τέκνων
1295 3139 1351 3204 αύ-

112 3223 226 3312 ρισύβη.
252 3222 311 3288 *3ο
325 3221 520 3306 προςηλυτος,
538 3221 571 3298 ὅς
590 3228 671 3289 ἔστιν
683 3228 715 3288 ἐν
748 3230 820 3298 τοῦ,
843 3217 884 3290 ῶν
897 3227 933 3290 ἂν
945 3230 1079 3306 κατέσθη
1095 3224 1145 3292 διὰ
1157 3223 1192 3289 τὸ
1203 3223 1244 3308 μη
1257 3248 1352 3288 κατα·

114 3312 174 3382 σοί,
188 3303 368 3391 ἀναβήσεται
382 3305 445 3367 ἀνω
458 3304 536 3378 ἀνω,
564 3305 715 3371 σὺδὲκα·
750 3308 907 3387 λειφθῆναι
921 3305 1003 3387 αύτῷ
1023 3297 1292 3389 ούδὲνέντῆστενο
1310 3333 1352 3369 ω-

61 3452 64 3457 ,
111 3388 232 3476 ταβήση
251 3384 334 3450 κάτω
347 3382 439 3449 κάτω.
465 3386 499 3427 ⁴⁴
512 3380 600 3463 οὗτος
611 3390 719 3453 ὅανειεῖ
751 3397 801 3471 ρίιμ
816 3414 883 3462 σου,
908 3390 960 3452 καί
972 3392 1002 3451 ἐν
1021 3392 1059 3478 τῇ
1072 3377 1259 3468 θλίφείσου,
1282 3387 1352 3478 χᾶν

114 3498 165 3538 σοι
195 3470 232 3534 σὺ
253 3468 285 3532 δὲ
303 3463 402 3549 τούτῳ
419 3465 456 3530 ού
475 3468 601 3543 δανειιῖς.
628 3461 716 3544 οὗτος
749 3473 891 3552 θλίφωσί
902 3497 934 3536 σε
952 3474 983 3534 02
1000 3474 1108 3554 ἐχθροί
1123 3496 1179 3535 σου
1197 3472 1228 3533 ἐν
1241 3472 1353 3546 πάσαις

114 3561 200 3620 ἔσται
213 3547 337 3632 κεφαλὴ,
351 3548 387 3613 σύ
402 3548 433 3612 δὲ
446 3552 499 3640 ἔσῃ
516 3549 602 3632 ούρά.
621 3554 652 3594 ⁴⁵
666 3554 717 3614 καί
750 3567 816 3629 ταῖς
832 3551 939 3619 πύλεσί
957 3579 1019 3618 σου.
1059 3554 1089 3596 ⁵⁰
1103 3551 1183 3637 καίίχ
1200 3547 1304 3637 ἀπαλίχ
1322 3557 1353 3618 ἔν

113 3634 285 3704 ἐλεύσονται
304 3635 353 3697 ἐπί
373 3631 406 3697 σὲ
423 3636 520 3696 πᾶσαι
540 3636 572 3695 αἱ
589 3630 718 3714 κατάραι
752 3634 819 3717 ὑμῖν
837 3639 887 3701 καί
904 3633 923 3720 ἡ
941 3632 1086 3722 τρυφερὰ,
1111 3627 1145 3720 ἧς
1166 3634 1231 3722 ούχὶ
1246 3650 1352 3725 πεῖραν

115 3713 215 3795 αὗται,
230 3720 280 3783 καὶ
294 3712 532 3791 καταδιῶξονταί
543 3740 585 3787 σε,
601 3717 651 3778 καὶ
664 3741 719 3778 κα·
752 3718 859 3802 ἔλαβεν
872 3717 890 3782 ὁ
907 3718 985 3794 πούς
1003 3718 1095 3822 αύτης
1111 3725 1220 3807 βαίνειν
1237 3724 1287 3786 ἐπὶ
1298 3727 1351 3802 της

117 3800 308 3887 ταλήψονταί
319 3824 365 3873 σε,
392 3803 447 3872 ἔως
460 3796 498 3862 ἀν
511 3795 715 3902 ε’ξολοθρεύσχ,
750 3804 804 3884 γῆς
817 3797 865 3900 διβι
877 3802 931 3885 τὴν
947 3826 1150 3888 τρυφεροτητα
1169 3807 1220 3870 καί
1236 3803 1286 3869 διὰ
1298 3805 1351 3888 τὴν

117 3913 162 3963 σε,
189 3888 241 3951 καί
254 3890 309 3958 ἕως
322 3881 360 3948 ἀν
378 3880 515 3974 ἀπολέσῃ
532 3906 572 3947 σε.
601 3908 647 3946 οτι
662 3908 717 3948 ουκ
750 3881 944 3989 ἆπαλοτητα,
958 3891 1110 4035 βασκανεῖ
1130 3893 1174 3953 τῶ
1198 3887 1350 3974 ὀφθαλμῷ

115 3966 283 4054 εἲςήκουσας
295 3971 348 4048 τῆς
362 3971 461 4069 φωνης
478 3971 582 4051 κυρίου
593 3972 650 4030 τοῦ
662 3977 715 4032 θε-
750 3967 843 4051 αὐτῆς
856 3993 909 4034 τον
920 3967 958 4034 ἀν
975 3996 1015 4055 ρα
1034 3968 1126 4054 αὐτῆς
1139 3955 1192 4037 τῶν
1204 3977 1234 4038 ἔν
1246 3970 1349 4057 κόλπῳ

116 4059 153 4116 οῦ
169 4079 240 4127 σου,
267 4045 394 4131 φυλάξαι
406 4074 461 4123 τας
474 4048 596 4124 ἐντολὰς
609 4048 715 4127 αὐτοῦ,
750 4050 852 4134 αὐτῆς,
866 4051 981 4119 καὶτὸν
994 4052 1057 4120 υἱὸν
1069 4058 1117 4120 καὶ
1130 4055 1185 4142 τὴν
1196 4060 1351 4138 θυγατέρα

115 4138 166 4200 καί
190 4133 230 4199 τά
256 4129 442 4215 δικαιώματα
471 4128 529 4197 ὅσα
554 4131 715 4199 ἐνετείλατό
749 4133 851 4219 αὐτῆς.
877 4140 907 4180 ⁶⁷
920 4141 971 4204 καί
984 4135 1019 4202 τὸ
1032 4135 1134 4225 χόριον
1148 4139 1240 4224 αὐτῆς
1255 4136 1289 4202 τὸ
1303 4141 1351 4214 {t-

116 4244 173 4283 σοι.
204 4218 237 4260 ⁴⁶
251 4218 301 4281 καί
320 4218 404 4280 ἔσται
425 4218 456 4279 ἔν
474 4217 522 4279 σοὶ
541 4228 646 4299 σημεῖα
665 4219 717 4282 καί
749 4218 839 4285 ελθὸν
851 4218 900 4285 διὰ
912 4225 974 4288 τῶν
996 4229 1097 4307 μηρῶν
1116 4222 1225 4305 αὐτῆς,
1251 4223 1301 4284 καὶ
1313 4218 1349 4285 τὸ

113 4305 227 4387 τέρατα
246 4302 276 4363 ἐν
293 4303 336 4361 τῶ
356 4300 508 4404 σπέρματί
525 4323 578 4362 σου
591 4306 645 4374 ἔως
659 4304 716 4363 τοῦ
750 4305 851 4367 τέκνον
864 4301 955 4389 αὐτῆς
967 4302 986 4370 ὃ
998 4308 1050 4371 ἐὰν
1062 4308 1145 4381 τίκη.
1180 4299 1349 4378 καταφάγε-

487 4378 495 4398 )

113 4387 233 4456 αἰῶνος,
269 4381 299 4423 ⁴⁷
313 4365 379 4445 ἀνθ’
402 4407 444 4444 ων
461 4406 516 4445 ουκ
536 4380 717 4463 ίλοίτρευσας
751 4408 798 4447 ται
811 4383 868 4470 γὰρ
883 4385 961 4450 αὐτὰ
980 4386 1028 4450 διὰ
1042 4386 1096 4465 τὴν
1109 4372 1218 4446 ίνθειαν
1231 4380 1350 4445 πάντων

107 4471 202 4553 κυρίῳ
240 4464 284 4542 τῷ
313 4465 376 4543 θεῷ
406 4484 464 4524 σου
493 4466 524 4527 ἒν
548 4458 713 4553 εὐφροσύνη
749 4471 848 4564 κρυφῇ
861 4471 891 4531 ἓν
908 4474 945 4560 τῇ
966 4467 1144 4547 στενοχωρίᾳ
1164 4488 1232 4535 σου,
1258 4461 1352 4559 καίέχ

1313 4565 1349 4629 τι·
