2924 4972
166 214 232 279 346
439 214 736 276 ΒΑΣῙΛσιειΝ
767 215 921 272 rma
960 211 1128 288 νομέα.
1164 229 1165 232 ¹

358 343 432 402 ΚΕ
445 342 483 399 Φ.
528 331 570 410 ς’.
802 330 907 408 αὐτοῦ,
931 335 981 395 καὶ
1000 335 1114 416 συνέσχε
1132 329 1185 394 τὸν
1202 326 1363 412 σύνδεσμον
1376 337 1408 398 έν

164 390 246 490 Καὶ
272 417 395 503 ἐγενήθη
413 422 445 483 ἐν
468 422 512 501 τῷ
535 419 766 501 τεσσαρακοστῷ
800 411 897 491 ξύλοις
924 415 1070 499 κεδρίνοις.
1108 416 1136 457 ¹⁵
1161 415 1213 478 καὶ
1236 412 1408 497 ᾠκοδόμησε

164 510 215 573 καὶ
239 504 477 589 τετρακοσιοστῷ
506 505 562 564 ἔτει
586 503 639 583 τῆς
664 493 767 573 ἐξόδου
801 498 871 572 τοὺς
896 502 1011 582 τοίχους
1033 501 1091 561 τοῦ
1113 497 1195 560 οἴκου
1217 499 1331 562 ἔσωθεν
1357 501 1407 562 διὰ

165 595 235 654 υὶῷν
244 585 367 672 Ἰσραήλ
381 586 411 659 ἐξ
422 577 583 660 Αἰγύπτου
596 588 640 664 τῷ
653 584 709 645 ἔτει
722 585 766 662 τῷ
802 577 898 656 ξύλων
911 581 1047 664 κεδρίνων
1065 577 1128 645 άπὸ
1141 583 1198 643 τοῦ
1210 575 1337 657 έδάςους
1350 587 1406 645 τοῦ

163 667 296 753 τετάρτῳ
310 672 341 733 έν
352 671 420 751 μηνὶ
436 670 480 748 τῷ
492 665 618 749 δευτέρῳ
631 660 767 748 βασιλεύ·
803 664 886 729 οἴκου
900 664 951 726 καὶ
964 668 1018 736 ἔως
1028 666 1089 727 τῷν
1097 669 1204 746 τοίχων
1214 664 1266 727 καὶ
1277 669 1332 738 ἔως
1344 669 1406 729 τῷν

164 779 250 826 οντος
262 756 316 815 τοῦ
329 751 472 837 βασιλέως
480 745 637 829 Σαλωμών
649 747 702 809 ἐπὶ
713 744 767 809 τὸν
803 747 908 810 δοκῶν.
946 740 1197 828 έκοιλοστάθμησε
1235 743 1406 829 συνεχόμενα

165 832 293 922 Ἰσραήλ,
320 837 456 911 c.5,17.
482 833 534 894 καῖ
559 830 722 893 ἐνετείλατο
747 825 765 891 ό
802 825 898 904 ξύλοις
915 830 1036 892 ἔσωθεν.
1074 832 1124 892 καὶ
1141 830 1270 912 περιέσχε
1289 827 1324 892 τό
1344 834 1405 895 ἔσω

164 915 298 1007 βασιλεύς
314 921 362 980 ’ἴνα
379 915 484 999 αἴρωσι
503 913 609 986 λίθους
625 907 766 994 μεγάλους
802 914 858 974 τοῦ
870 910 954 973 οἴκου
964 914 994 974 έν
1005 909 1145 994 πλευραῖς
1155 916 1312 986 πευκίναις.
1325 914 1405 976 22καὶ

165 1008 277 1082 τιμίους
289 1004 327 1073 εὶς
339 995 537 1079 τόνθεμιλιον
549 1000 604 1059 τοῦ
619 997 703 1058 οἴκου
716 996 767 1058 καί
803 989 971 1077 ᾠκοδόμησε
989 993 1059 1066 τοὺς
1075 994 1164 1056 εἴκοσι
1178 989 1277 1093 πήχεις
1295 993 1345 1058 ἀπ’
1367 994 1405 1058 όί-

165 1085 270 1158 λίθους
283 1077 485 1164 άπελεκήτους.
500 1103 525 1140 c.
539 1083 567 1153 5,
582 1083 627 1139 18.
638 1080 689 1142 καὶ
700 1080 766 1141 έπε-
804 1101 877 1158 κρον
889 1080 943 1139 τοῦ
958 1081 1059 1159 τοίχου
1076 1073 1113 1137 τό
1132 1072 1259 1158 πλευρον
1271 1077 1306 1139 τὸ
1322 1083 1355 1140 ἔν
1367 1075 1406 1142 ά-

165 1168 292 1247 λέκησαν
305 1168 336 1229 οὶ
348 1165 411 1227 υὶοὶ
422 1158 588 1243 Σαλωμῴν,
601 1162 652 1224 καὶ
664 1164 694 1223 οὶ
709 1160 767 1224 υἱοὶ
803 1159 845 1222 πὸ
858 1162 913 1221 τοῦ
932 1155 1060 1239 ἐδάφους
1078 1161 1133 1231 ἕως
1151 1161 1212 1219 τῶν
1224 1159 1328 1243 δοκῶν.
1354 1164 1406 1224 καὶ

167 1246 285 1333 Χιράμ,
309 1249 361 1312 καὶ
372 1244 482 1330 ἔβαλαν
495 1238 613 1317 αύτούς.
640 1244 668 1286 ³²
682 1245 712 1305 έν
723 1248 767 1325 τῷ
804 1244 937 1324 ἐποίησεν
947 1245 978 1305 έκ
990 1245 1044 1304 τοῦ
1055 1241 1141 1325 δαβὶρ
1153 1244 1192 1313 εἰς
1201 1239 1235 1303 τὸ
1249 1237 1333 1316 ἅγιον
1344 1246 1406 1304 τῶν

164 1335 223 1396 ἔτει
235 1335 279 1413 τῷ
291 1324 423 1412 τετάρτῳ
437 1326 610 1410 ἐθεμελίωσε
619 1323 674 1389 τὸν
686 1324 768 1390 οἶκον
804 1320 905 1402 διγίων.
931 1326 957 1367 ¹⁷
970 1325 1022 1389 καὶ
1046 1319 1267 1407 τεσσαράκοντα
1291 1323 1407 1407 πήχεων

164 1421 264 1498 κυρίου
284 1415 315 1475 έν
331 1412 399 1495 μηνὶ
411 1415 494 1486 Ζιού,
520 1411 629 1492 καὶτῷ
641 1408 766 1493 δευτέρῳ
804 1396 840 1491 ἦν
852 1404 869 1472 ό
882 1407 952 1483 ναός
975 1410 1004 1450 22
1016 1404 1095 1471 κατὰ
1111 1401 1271 1490 πρόςωπον
1283 1411 1339 1471 τοῦ
1351 1409 1406 1472 δοι-

163 1502 238 1580 μηνί.
265 1495 296 1537 ³⁸
309 1497 341 1558 έν
354 1489 496 1575 ἑνδεκάτῳ
510 1495 644 1573 ἐνιαυτῷ,
658 1495 690 1556 ἔν
701 1494 768 1574 μηνὶ
803 1494 851 1575 βὶρ
864 1493 985 1574 ἐνμέσῳ
998 1494 1053 1554 τοῦ
1070 1490 1154 1554 οἴκου
1174 1492 1289 1553 ἔσωθεν
1301 1491 1405 1555 δοῦναι

164 1575 267 1654 Βαάλ,
294 1569 413 1650 ούτοςό
425 1575 483 1658 μήν
496 1572 513 1640 ό
528 1574 642 1653 ὄγδοος,
656 1598 768 1639 συνετε-
804 1577 863 1637 ἐκεῖ
885 1574 940 1658 τήν
965 1570 1091 1658 κιβωτόν
1119 1568 1263 1655 διαθήκης
1295 1579 1404 1656 κυρίου.

166 1662 260 1743 λέσθη
273 1655 290 1723 ὁ
304 1658 386 1733 οἶκος
398 1663 436 1733 είς
449 1653 548 1723 πάντα
561 1652 649 1740 λόγον
662 1655 766 1730 αὐτοῦ,
804 1659 834 1699 ²⁰
847 1655 939 1721 εἴκοσι
950 1653 1050 1740 πήχεις
1061 1658 1169 1738 μῆκος,
1183 1659 1234 1720 καὶ
1246 1657 1336 1720 εἴκοσι
1347 1652 1407 1740 πή·

164 1746 215 1809 καὶ
227 1748 265 1818 είς
277 1747 378 1807 πᾶσαν
391 1739 521 1816 διάταξιν
532 1738 635 1805 αὐτοῦ.
659 1744 675 1783 2
686 1744 737 1805 καὶ
748 1736 766 1805 ό
803 1765 859 1824 χεις
871 1734 995 1814 πλάτος,
1008 1742 1058 1804 καὶ
1066 1740 1156 1801 εἴιιοσι
1165 1736 1264 1821 πήχεις
1276 1736 1312 1803 τδ
1327 1739 1407 1820 ύψος

164 1827 246 1902 οἶκος
269 1822 302 1888 δν
321 1819 505 1926 ᾠκοδόμησεν
526 1819 696 1908 όβασιλεδς
722 1828 765 1906 τῷ
804 1821 909 1886 αὑτοῦ.
949 1825 1000 1886 καὶ
1022 1823 1169 1906 περιέσχεν
1194 1820 1270 1885 αύτδ
1294 1827 1405 1905 χρυσίῳ

164 1915 273 1993 κυρίῳ,
298 1929 517 1992 τεσσαράκοντα
534 1907 564 1968 έν
575 1900 659 1988 πήχει
674 1911 766 1989 μῆκος
804 1904 1055 1986 συγκεκλεισμένῳ.
1080 1909 1131 1969 καὶ
1151 1906 1271 1988 ἐποίησε
1292 1914 1404 1968 θυσια-

167 1992 272 2066 αύτοῦ,
294 1993 345 2054 καὶ
367 1991 476 2054 εἴκοσιν
497 1991 528 2052 ἰν
547 1984 630 2070 πήχει
651 1988 766 2063 πλάτος
804 1991 924 2073 στήριον
948 1987 1026 2051 κατὰ
1047 1983 1208 2071 πρόςωπον
1229 1993 1283 2052 τοῦ
1306 1989 1404 2072 δαβὶρ,

165 2073 277 2151 αὐτοῦ,
294 2074 345 2136 καὶ
362 2075 448 2136 πέντε
460 2075 510 2137 καὶ
522 2066 765 2157 εἴκοσινένπήχει
803 2074 854 2136 καί
865 2074 1009 2155 περιέσχεν
1022 2067 1098 2134 αὐτὸ
1111 2075 1229 2154 χρυσίῳ.
1265 2074 1292 2113 ²¹
1305 2073 1356 2135 καὶ
1371 2071 1406 2137 ὅ·

164 2155 201 2221 τό
215 2153 293 2241 δίγος
305 2154 408 2220 αὐτοῦ.
447 2156 524 2219 8καῖ
536 2155 571 2218 τὸ
586 2153 676 2237 αὶλύμ
690 2155 766 2220 κατά
803 2155 855 2218 λον
879 2153 934 2219 τόν
956 2154 1039 2219 οἶκον
1062 2156 1191 2239 περιέσχε
1212 2161 1330 2237 χρυσίῳ,
1352 2159 1406 2229 ἔως

164 2235 323 2323 πρόςωπον
340 2243 396 2303 τοῦ
415 2243 490 2303 ναοῦ
514 2238 621 2302 εἴκοσιν
637 2241 667 2302 ἔν
683 2234 766 2323 πήχει
804 2237 967 2312 συντελείας
987 2235 1100 2312 παντὸς
1121 2240 1176 2300 τοῦ
1195 2239 1287 2300 οἴκου.
1312 2239 1342 2278 ²³
1354 2240 1407 2301 καῖ

163 2328 254 2406 μῆκος
266 2320 359 2385 αὐτοῦ
376 2325 415 2395 είς
431 2320 467 2385 τὸ
480 2317 597 2395 πλάτος
613 2326 668 2385 τοῦ
683 2323 766 2386 οἴκου
803 2323 937 2404 ἐποίησεν
955 2324 986 2386 ίν
1007 2325 1053 2404 τῷ
1074 2322 1160 2405 δαβὶρ
1185 2316 1239 2384 δύο
1253 2325 1405 2406 Χερουβὶμ

164 2403 242 2468 κατὰ
254 2399 414 2488 πρόςωπον
429 2410 484 2468 τοῦ
505 2407 597 2469 οἴκου.
624 2407 674 2468 καὶ
687 2402 766 2487 ᾠκο-
803 2406 874 2467 δέκα
889 2400 1003 2488 πήχεων
1025 2407 1149 2487 μέγεθος
1167 2406 1404 2485 ἐσταθμωμένον.

164 2485 272 2570 δόμησε
286 2486 338 2552 τὸν
349 2487 440 2563 οἶκον,
454 2488 506 2552 καί
519 2487 697 2552 συνετέλεσεν
710 2486 765 2553 αύ-
802 2487 834 2531 ²⁴
857 2490 908 2552 καὶ
930 2493 1015 2552 πέντε
1037 2486 1152 2571 πήχεων
1171 2484 1328 2570 πτερύγιον
1349 2492 1405 2551 τοῦ

163 2567 224 2637 τόν.
249 2573 331 2636 ’2καῖ
351 2575 471 2654 ἐποίησε
488 2575 533 2654 τῷ
548 2572 621 2653 οἴκῳ
638 2573 765 2656 θυρίδας
804 2574 954 2658 Χερουβὶμ
966 2576 1023 2636 τοῦ
1036 2571 1111 2647 ένός,
1129 2573 1181 2635 καὶ
1193 2575 1278 2635 πέντε
1291 2567 1406 2655 πήχεων

163 2657 429 2738 παρακαπτομένας
441 2650 581 2736 κρυπτάς.
608 2654 678 2719 6καὶ
690 2656 765 2720 ἔδω·
802 2651 959 2740 πτερύγιον
971 2652 1067 2719 αὐτοῦ
1083 2652 1119 2719 τὸ
1131 2651 1265 2738 δεύτερον
1278 2659 1309 2718 έν
1321 2651 1405 2737 πήχει

162 2763 208 2801 κεν
221 2740 269 2799 ἐπὶ
281 2736 334 2799 τδν
346 2747 448 2818 τοῖχον
460 2741 514 2799 τοῦ
529 2738 613 2799 οἴκου
625 2737 765 2820 μέλαθρα
802 2738 873 2805 δέκα
887 2737 950 2804 άπό
963 2741 1069 2822 μέρους
1087 2745 1244 2816 πτερυγίου
1258 2736 1354 2801 οιιίτοῦ
1367 2743 1405 2812 εὶς

162 2813 308 2883 κυκλόθεν
323 2823 368 2901 τῷ
385 2822 449 2900 ναῷ
466 2819 579 2901 καὶτῷ
595 2819 691 2906 δαβὶρ.
716 2819 763 2906 δή
800 2824 887 2903 μέρος
899 2827 1059 2904 πτερυγίου
1077 2820 1182 2885 αὐτοῦ.
1207 2822 1237 2863 ²⁵
1252 2817 1347 2894 ούτως
1360 2826 1404 2903 τῷ

161 2901 271 2986 πλευριὶ
290 2897 307 2984 ή
328 2895 471 2966 ὑποκάτω
494 2903 579 2966 πέντε
602 2902 717 2987 πήχεων
734 2907 765 2968 ἐν
802 2905 954 2989 Χερουβὶμ
977 2908 1021 2985 τῷ
1045 2905 1170 2988 δευτέρῳ
1195 2907 1226 2969 ἔν
1242 2907 1337 2986 μέτρῳ
1360 2905 1403 2966 ένὶ

160 2980 243 3068 πήχει
256 2984 292 3050 τό
304 2980 418 3059 πλάτος
430 2986 537 3070 αύτής,
563 2987 662 3050 καὶτὸ
676 2989 764 3070 μέσον
801 2987 950 3051 συντέλεια
966 2992 1019 3067 μία
1037 2984 1223 3074 ἀμφοτέροις.
1260 2988 1290 3029 ²⁰
1304 2985 1403 3050 καὶτὸ

160 3071 201 3142 ἐξ,
215 3071 264 3131 καί
277 3064 294 3151 ή
308 3075 392 3155 τρίτη
404 3069 482 3133 έπτόι
494 3074 525 3133 έν
536 3065 620 3154 πήχει
633 3068 670 3135 τό
682 3065 763 3133 πλά·
802 3064 878 3151 δ’ψος
890 3074 946 3133 τοῦ
965 3073 1116 3156 Χερουβὶμ
1132 3075 1190 3135 τοῦ
1207 3073 1272 3145 ἐνὸς
1288 3071 1359 3134 δέκα
1372 3075 1402 3136 έν

159 3176 211 3224 τος
236 3148 334 3233 αὐτῆς.
362 3147 408 3216 ότι
433 3150 579 3234 διάστημα
602 3152 692 3215 ἔδωκε
717 3157 762 3235 τῷ
798 3149 891 3236 πήχει.
930 3153 982 3215 καὶ
1006 3147 1086 3217 ούτω
1111 3158 1155 3236 τῷ
1182 3156 1333 3239 Χερουβὶμ
1357 3158 1402 3236 τῷ

159 3234 231 3316 οἴκῳ
244 3230 388 3300 κυκλόθεν
400 3237 514 3311 ἔξωθεν
527 3237 584 3298 τοῦ
597 3236 699 3311 οἴκου,
725 3231 761 3301 δ’-
799 3236 935 3319 δευτέρῳ.
960 3237 1054 3300 27καῖ
1078 3232 1232 3322 άμῳότερα
1250 3242 1403 3323 Χερουβὶμ

157 3343 222 3391 πως
238 3313 278 3401 μή
297 3313 552 3405 ἐπιλαμβάνωνται
576 3322 637 3381 τῷν
652 3324 760 3402 τοίχων
799 3322 829 3382 ἔν
840 3323 918 3403 μέσῳ
932 3324 987 3385 τοῦ
999 3323 1085 3386 οἴκου
1098 3325 1154 3385 τοῦ
1165 3318 1324 3387 έσωτάτου.
1350 3323 1403 3385 καὶ

157 3405 215 3465 τοῦ
227 3403 320 3465 οἴκου.
359 3404 437 3466 2καῖ
453 3398 564 3476 όοίκος
577 3403 665 3485 ἐντῷ
677 3405 760 3467 σίκο-
798 3403 951 3470 διεπέτασε
972 3403 1026 3479 τὰς
1047 3408 1195 3490 πτέρυγας
1216 3405 1326 3480 αὐτῶν,
1352 3407 1402 3469 καῖ

157 3485 309 3568 δομεῖσθαι
336 3483 430 3550 αὐτόν
460 3484 559 3558 λίθοις
584 3481 760 3570 ἄκροτόμοις
799 3482 908 3569 ήπτετο
929 3490 1040 3574 πτέρυξ
1060 3495 1115 3572 μία
1137 3494 1190 3552 τοῦ
1212 3497 1324 3572 τοίχου,
1350 3489 1400 3551 καὶ

155 3565 259 3651 άργοῖς
283 3563 475 3652 ᾠκοδομήθη.
507 3568 559 3632 καὶ
584 3563 684 3651 σφύρα
708 3571 759 3632 καὶ
797 3574 906 3656 πτέρυξ
920 3576 1070 3658 Χερουβὶμ
1088 3576 1144 3636 τοῦ
1160 3571 1297 3656 δευτέρου
1311 3567 1401 3648 ήπτε·

154 3652 274 3724 πέλεκυς
287 3655 338 3715 καὶ
354 3656 416 3715 πᾶν
430 3654 530 3725 σκεῦος
549 3651 687 3733 σιδηροῦν
701 3649 757 3717 ούκ
796 3679 833 3718 το
850 3659 907 3719 τοῦ
923 3661 1027 3738 τοίχου
1047 3659 1104 3718 τοῦ
1120 3655 1266 3736 δευτέρου.
1298 3650 1347 3711 καὶ
1365 3653 1399 3712 αὶ

154 3727 291 3813 ἠκούσθη
305 3736 335 3794 έν
347 3737 391 3812 τῷ
403 3734 475 3813 οἴκῳ
495 3736 526 3797 έν
537 3736 583 3814 τῷ
594 3735 758 3817 οἰκοδομεῖ·
795 3742 936 3821 πτέρυγες
948 3738 1049 3801 αύτῷν
1061 3740 1093 3799 έν
1107 3738 1188 3816 μέσῳ
1199 3738 1254 3797 τοῦ
1268 3731 1351 3795 οἴκου
1364 3727 1400 3808 ή-

155 3823 229 3875 σθαι
243 3809 343 3876 αὐτόν.
370 3816 442 3879 2καὶ
455 3812 473 3879 δ
487 3815 590 3880 πυλών
603 3822 656 3902 τῆς
667 3820 757 3883 πλευ-
795 3845 907 3883 πτοντο
919 3821 1028 3901 πτέρυξ
1039 3820 1193 3899 πτέρυγος.
1219 3813 1306 3876 22καῖ
1317 3834 1400 3894 περι-

153 3899 208 3976 ρᾶς
227 3899 279 3976 της
293 3892 492 3962 ὑποκάτωθεν
509 3895 571 3963 ύπδ
588 3899 643 3982 τήν
661 3899 756 3980 ᾠμίαν
795 3903 860 4002 ἔσχε
873 3897 912 3962 τά
926 3902 1076 3983 Χερουβὶμ
1089 3903 1208 3980 χρυσίῳ.
1242 3897 1272 3937 ²⁰
1285 3889 1399 3970 πάντας

152 3980 208 4039 τοῦ
220 3977 306 4041 οἴκου
318 3975 372 4061 τήν
384 3979 494 4056 δεξιάν,
507 3983 559 4044 καὶ
570 3980 668 4061 ἑλικτὴ
681 3977 754 4043 ἀνά·
794 4005 864 4054 τους
876 3985 992 4062 τοίχους
1004 3985 1058 4044 τοῦ
1073 3983 1156 4043 οἴκου
1172 3974 1287 4058 κύκλῳ,
1313 3980 1398 4054 ἔγκο-

152 4063 237 4143 βασις
249 4064 287 4133 εἰς
301 4059 336 4124 τὸ
354 4063 460 4140 μέσον,
486 4063 538 4125 καὶ
553 4064 585 4123 ἐκ
603 4066 654 4142 τῆς
665 4064 755 4144 μέσης
793 4059 897 4125 λοιπτά
909 4064 1020 4146 ἔγραψε
1032 4063 1155 4147 γραῳίδι
1169 4063 1334 4146 Χερουβὶμ,
1348 4067 1398 4129 καὶ

152 4142 202 4206 ἐπὶ
226 4137 266 4203 τά
289 4138 446 4223 τριόροφα.
481 4144 560 4206 2καῖ
583 4139 755 4227 ᾠκοδόμησε
793 4150 986 4228 φοίνικαςτῷ
1004 4147 1142 4230 ἐσωτέρῳ
1161 4147 1271 4227 καὶτῷ
1291 4149 1398 4221 ἐξωτέ-

151 4221 205 4288 τδν
217 4222 302 4288 οἶκον
322 4227 372 4287 καὶ
386 4223 565 4288 συνετέλεσεν
576 4222 677 4291 αὐτόν.
703 4231 755 4292 καὶ
792 4254 844 4312 ρῳ.
871 4229 902 4271 ³⁰
914 4230 965 4292 καὶ
977 4227 1013 4292 τό
1028 4230 1138 4310 ἔδαφος
1151 4231 1208 4292 τοῦ
1220 4231 1301 4293 οἴκου
1314 4256 1398 4313 περι-

151 4301 399 4388 έκοιλοστάθμησε
436 4304 489 4370 τόν
513 4306 596 4371 οἶκον
633 4310 752 4395 κέδροις.
792 4315 856 4397 έσχε
880 4318 990 4396 χρυσίῳ
1012 4318 1068 4377 τοῦ
1086 4305 1240 4377 έσωτιὶτου
1266 4315 1397 4376 καὶτοῦ

151 4393 179 4436 ¹⁰
192 4392 243 4455 καὶ
259 4389 432 4474 ᾠκοδόμησε
453 4386 523 4465 τούς
546 4391 699 4474 ένδέσμους
715 4394 750 4459 δι’
791 4396 952 4472 ἔξωτοίτου.
979 4396 1070 4460 31καὶ
1091 4401 1136 4478 τῷ
1157 4393 1316 4480 θυρώματι
1342 4402 1397 4459 τοῦ

149 4471 223 4559 δλοιι
235 4480 289 4541 τοῦ
298 4476 382 4541 οἴκου
391 4476 478 4542 πέντε
487 4475 518 4538 ἐν
529 4470 610 4560 πήχει
622 4473 660 4541 τό
674 4472 751 4564 ύῳος
791 4480 878 4566 δαβὶρ
893 4482 1010 4562 ἐποίησε
1029 4479 1129 4564 θύρας
1144 4476 1240 4556 ξύλων
1253 4481 1396 4566 ἀρκευθί-

1328 4587 1395 4634 νων,

1209 301 1404 320 Ἥ
