2924 4972
153 226 212 295 154
446 224 483 289 Α
495 230 525 290 Ρ
535 231 557 287 I
569 224 596 286 Θ
608 229 652 287 Μ
664 228 726 287 ΟΙ
763 227 841 302 Κεφ.
856 220 903 298 ιζ’.
918 218 964 303 ιη’.
980 220 1029 285 17.
1045 217 1095 284 18.

149 341 202 415 τάς
213 339 341 426 ῥάβδους
354 344 452 404 ε”ναντι
462 343 565 423 κυρίου
575 342 607 402 ἐν
617 341 654 431 τῆ
664 342 755 429 σκηνῆ
787 334 866 420 ραῆλ
878 331 958 418 δόμα
968 336 1121 416 δεδομένον
1133 341 1235 419 κυρίῳ,
1260 334 1392 417 λειτουρ-

148 428 203 488 τοῦ
215 426 387 510 μαρτυρίου.
401 421 645 512 11καίίγίνετοτῇ
659 416 757 484 ἐπαί-
785 428 847 496 γεῖν
870 415 925 494 τάς
949 417 1128 502 λειτουργίας
1145 420 1197 500 τῆς
1216 419 1322 500 σκηνῆς
1338 419 1395 479 τοῦ

148 531 221 592 ριον,
238 507 288 572 καί
301 505 414 589 είςῆλθε
427 506 564 586 Μωυσῆς
575 505 626 566 καί
639 498 758 587 Ἀαροδν
785 505 959 587 μαρτυρίου.
991 501 1069 564 7καί
1087 497 1124 564 σὺ
1142 500 1194 564 καί
1211 500 1243 562 οἱ
1259 502 1323 561 υἱοί
1338 523 1394 562 σου

148 593 179 654 ίν
196 594 234 673 τῆ
251 593 343 683 σκηνῇ
355 593 412 652 τοῦ
424 592 601 672 μαρτυρίου.
627 588 678 649 καί
693 583 756 649 ἲδοό
787 582 860 668 μετά
885 587 941 651 σοῦ
964 576 1152 667 διατηρῆσετε
1174 578 1229 666 τῆν
1249 584 1395 666 ἱερατείαν

149 673 327 759 ἐβλάστησεν
343 666 482 771 ῆράβδος
495 667 612 753 Ἀαρὼν
623 666 758 743 εἱς-οἶκον
788 663 887 751 ὑμῶν,
913 664 992 732 κατά
1009 661 1112 731 πάντα
1130 659 1246 747 τρόπον
1261 669 1318 727 τοῦ
1334 673 1395 727 θυ-

148 759 235 829 Λευὶ,
249 755 301 818 καί
313 754 440 836 ε’ξηνεγκε
452 753 591 840 βλαστὸν,
609 752 662 816 καί
675 746 757 835 ἐξῆν·
788 755 972 836 σιαστηρίσυ,
982 747 1034 812 καί
1046 744 1084 812 τὸ
1097 747 1217 811 ἔνδοθεν
1230 750 1285 810 τοῦ
1297 771 1395 810 κατα·

149 850 241 922 θησεν
263 834 358 919 ἀνθη,
389 838 442 902 καί
465 831 627 922 ε’βλάστησε
650 830 757 920 κάρυα.
786 828 981 918 πετάσματος.
1020 831 1073 899 καί
1096 825 1313 915 λειτουργῆσαι
1339 826 1394 904 τάς

149 923 235 986 9καί
260 919 388 1003 ἐξήνεγκε
412 923 551 1003 Μωυσῆς
574 917 676 993 πάσας
703 916 758 992 τάς
788 917 969 1002 λειτουργίας
986 909 1065 996 δόμα
1082 917 1135 998 τῆς
1147 916 1290 998 ἱερατιίας
1303 908 1392 995 ὑμῶν.

151 1000 279 1108 ῥάβδους
301 1001 364 1067 ἀπὸ
381 996 546 1089 προςάπου
563 1028 598 1066 κυ
618 1007 666 1065 ίου
680 999 758 1086 πρὸς
788 1001 839 1066 καί
860 995 879 1063 δ
903 993 1061 1081 ἀλλογενῆς
1083 992 1101 1060 ό
1124 991 1395 1081 προςπορευόμενος

150 1113 265 1161 παντας
278 1085 361 1162 υἱοὺς
370 1081 502 1188 Ἰσραῆλ.
528 1086 580 1150 καί
592 1026 684 1160 ερίδον,
706 1084 758 1149 καί
789 1081 999 1149 ἀποθανεῖται.
1037 1081 1121 1144 11καὶ
1150 1074 1270 1162 ἰλάλησε
1295 1077 1395 1163 κύριος

150 1171 262 1257 ἔλαβον
287 1175 411 1244 ἕκαστος
436 1195 491 1254 τῆν
515 1164 625 1256 ῥάβδον
650 1165 756 1233 αὐτοῦ.
786 1162 932 1252 πρόςἈα
952 1160 1003 1232 τόν.
1042 1164 1093 1230 καί
1118 1161 1184 1229 ἰδοὺ
1202 1163 1261 1241 ἔχω’
1280 1164 1396 1228 δέδωκα

149 1251 305 1319 11καίεὶπε
315 1248 416 1336 κάριος
427 1251 504 1338 πρὸς
517 1255 664 1336 Μωυσῆν.
678 1247 759 1316 ἀπό-
789 1245 857 1332 ὑμῖν
864 1247 919 1334 τῆν
928 1191 1100 1333 διατῆρησιν
1108 1251 1169 1311 τῶν
1179 1244 1322 1331 ἀπαρχῶν
1331 1243 1395 1310 ἀπὸ

150 1347 201 1413 θες
217 1334 271 1420 τῆν
287 1333 400 1422 ῥάβδον
419 1331 537 1420 ’Λαράν
554 1331 680 1399 ἐνώπιον
697 1337 759 1398 τῶν
787 1328 911 1398 πάντων
941 1335 1004 1397 τῶν
1028 1328 1210 1416 ῆγιασμένων
1234 1356 1285 1414 μοι
1309 1327 1395 1413 παρά

149 1424 319 1505 μαρτυρίων
329 1423 367 1492 εἱς
377 1415 557 1503 διατῆρησιν,
568 1429 685 1500 σημεῖον
695 1425 758 1490 τοῖς
789 1421 849 1481 τῶν
868 1419 942 1480 υἱῶν
955 1411 1089 1500 Ἰσραῆλ.
1116 1415 1165 1478 σοί
1182 1414 1297 1481 δέδωκα
1317 1410 1397 1481 αὐτὰ

150 1507 228 1576 υἱοῖς
246 1504 306 1563 τῶν
319 1497 461 1583 ἀνηκόων.
488 1501 540 1564 καί
551 1495 725 1565 παυσάσθω
739 1495 757 1563 ό
789 1503 828 1576 εἱς
843 1502 948 1585 γέρας,
973 1499 1026 1562 καί
1041 1509 1104 1572 τοῖς
1118 1500 1192 1571 υἱοῖς
1205 1522 1261 1562 σου
1277 1493 1349 1578 μετὰ
1362 1493 1396 1560 σὲ

149 1581 314 1685 γογγυσμὸς
326 1579 427 1648 αὐτῶν
439 1579 490 1646 ἀπ’
506 1584 588 1664 ἐμοῦ,
605 1584 657 1647 καί
670 1578 705 1646 οὗ
717 1580 756 1666 μῆ
790 1577 913 1666 νόμιμον
938 1576 1067 1647 αἱιόνιον.
1105 1582 1185 1644 1’καί
1203 1585 1294 1645 τοῦτο
1317 1582 1396 1643 ἔστω

151 1667 344 1733 ἀποθανωσι.
383 1670 408 1708 11
421 1668 473 1730 καί
488 1669 609 1750 ἐποίησε
621 1669 758 1749 Μωυσῆς
789 1662 857 1750 ὑμῖν
876 1662 939 1731 ἀπό
958 1668 1019 1730 τῶν
1033 1660 1217 1768 ῆγιασμένων
1229 1659 1323 1741 ἀγίων
1335 1667 1396 1725 τῶν

151 1753 203 1816 καί
217 1746 335 1837 Ἀαρών
352 1748 437 1814 καθὰ
451 1751 589 1826 συνέταξε
600 1745 702 1835 κάριος
714 1752 758 1831 τῷ
788 1745 998 1835 καρπωμάτων
1010 1745 1073 1812 ἀπὸ
1086 1771 1207 1813 παντων
1219 1751 1279 1811 τῶν
1290 1739 1396 1831 διόριον

150 1838 284 1925 Μωυσῆ,
295 1828 392 1907 οίίτως
404 1835 557 1915 ἐποίησαν.
572 1837 600 1875 ¹²
610 1835 660 1897 καί
673 1831 759 1897 είπαν
790 1830 893 1899 αάτῶν
916 1832 968 1896 καί
985 1828 1049 1897 ἀπὸ
1066 1825 1190 1896 πάντων
1207 1833 1268 1894 τῶν
1284 1840 1396 1894 θυσια-

151 1919 182 1982 οἱ
195 1919 257 1981 υἱοί
266 1914 388 2000 Ἰσραῆλ
400 1914 478 1994 πρὸς
490 1920 640 2001 Μωυσῆν,
654 1915 759 1993 λέγον·
790 1911 912 2001 σμάτων
924 1912 1033 1990 αὐτῶν,
1052 1915 1103 1978 καί
1112 1911 1175 1979 ἀπὸ
1188 1911 1285 1998 πάσης
1297 1912 1395 1995 πλημ-

151 2024 205 2075 τες.
233 1999 298 2064 ίδσδ
313 1992 531 2082 ἔξανηλοόμεθα,
550 1994 758 2082 ἀπολώλαμεν,
788 1998 901 2082 μελείας
924 1994 1025 2063 αὐτῶν
1049 1999 1101 2062 καί
1127 1994 1190 2062 ἀπό
1215 2000 1320 2062 πασῶν
1336 2000 1397 2059 τῶν

150 2077 401 2167 παρανηλώμεθα.
437 2083 464 2123 ¹³
477 2087 538 2158 πᾶς
559 2078 576 2146 ὁ
595 2075 759 2164 ἁπτόμενος
790 2080 945 2168 ἁμαρτιῶν
957 2079 1068 2160 αὐτῶν,
1082 2076 1141 2145 ὅσα
1154 2075 1336 2146 ἀποδιδόασί
1346 2105 1397 2162 μοι

150 2170 203 2250 τῆς
216 2171 322 2271 σκηνῆς
334 2169 435 2250 κυρίου
447 2162 639 2251 ἀποθνῆσκει.
652 2170 708 2241 ἕως
720 2169 759 2241 είς
790 2163 852 2233 ἀπὸ
865 2161 987 2231 πάντων
997 2170 1059 2230 τῶν
1071 2160 1175 2242 ἁγίων,
1188 2163 1237 2229 σοί
1249 2164 1332 2229 ἔσται
1345 2164 1397 2227 καί

151 2249 238 2325 τελος
252 2243 465 2331 ἀποθάνωμεν.
789 2261 851 2324 τοῖς
875 2251 951 2322 υἱοῖς
977 2273 1040 2312 σου.
1077 2250 1106 2291 ¹⁰
1120 2250 1151 2312 ἕν
1175 2251 1219 2330 τῷ
1241 2240 1317 2330 ἀγίῳ
1335 2250 1395 2310 τῶν

336 2337 370 2395 Κ
382 2337 411 2393 E
422 2337 460 2395 Φ.
505 2327 578 2396 ΗΓ.
789 2328 883 2410 ἀγίων
898 2326 1030 2412 φάγεσθε
1043 2325 1129 2395 αιἰτά.
1168 2334 1230 2395 πᾶν
1244 2325 1396 2415 ἀρσενικὸν

150 2378 207 2478 K
204 2417 236 2479 αί
248 2414 309 2479 είπε
322 2410 421 2499 κάρτος
432 2411 642 2501 πρδςἎαράιν,
653 2415 756 2494 λέγων.
789 2410 914 2497 φάγεται
924 2411 1013 2479 αιίτά.
1028 2412 1065 2478 σὺ
1077 2415 1128 2478 καί
1137 2416 1168 2477 οἱ
1178 2416 1240 2479 υἱοί
1247 2438 1312 2478 σου.
1325 2408 1396 2491 ἀγια

151 2495 186 2562 σὺ
199 2501 250 2563 καί
267 2503 299 2563 οἱ
315 2503 379 2564 υἱοί
397 2524 467 2576 σου,
492 2500 543 2564 καί
562 2495 580 2564 ὁ
600 2498 683 2574 οίκος
700 2504 759 2564 τοῦ
789 2502 872 2563 ίίιται
898 2523 953 2563 σοι.
991 2500 1016 2538 ¹¹
1030 2497 1081 2561 καί
1107 2500 1198 2563 τοῦτο
1223 2499 1306 2562 ἔσται
1328 2491 1396 2581 ὑμῖν

149 2579 264 2668 πατρός
290 2609 347 2649 σου
370 2577 507 2666 λῆιγεσθε
531 2577 585 2658 τάς
610 2578 758 2668 ἁμαρτίας
789 2580 932 2668 ἀπαρχῶν
948 2576 1085 2663 δομάτων
1101 2578 1218 2657 αὐτῶν,
1243 2576 1397 2645 ἀπόπάν-

150 2669 211 2729 τῶν
224 2662 324 2743 ἁγίων,
337 2667 390 2729 καί
403 2662 440 2729 σίν
453 2665 505 2729 καί
518 2669 550 2728 οἱ
560 2669 623 2730 υἱοί
635 2691 690 2730 σου
704 2664 757 2751 λῆ-
788 2691 849 2730 των
874 2670 936 2729 τῶν
954 2657 1142 2747 ίπιθεμάτων
1158 2668 1220 2729 τῶν
1242 2667 1315 2728 υἱῶν
1336 2661 1393 2729 Ἰσ-

150 2757 247 2824 ψεσθε
277 2746 331 2822 τάς
361 2744 509 2831 ἁμαρτίας
538 2751 592 2847 τῆς
616 2751 758 2833 ἱερατείας
788 2744 874 2834 ραῆλ.
900 2748 950 2813 σοί
961 2748 1077 2813 δέδωκα
1090 2744 1170 2813 αὐτά
1182 2746 1234 2811 καί
1244 2758 1308 2821 τοῖς
1321 2750 1398 2821 υἱοῖς

151 2825 242 2910 ὑμῶν.
266 2829 345 2893 2καί
357 2827 426 2903 τοὺς
439 2825 584 2906 ἀδελφους
596 2853 652 2894 σου
665 2829 758 2932 φυλῆν
789 2857 845 2896 σου
869 2831 921 2895 καί
949 2841 1016 2906 ταῖς
1039 2825 1210 2916 θυγατράσι
1240 2854 1296 2895 σου
1321 2828 1397 2911 μετά

150 2914 226 2976 Λευί
239 2912 330 2994 δῆμον
341 2914 398 2975 τοῦ
409 2903 524 2997 πατρός
537 2937 593 2976 σου
604 2938 757 2998 προςαγα-
789 2918 844 2979 σοῦ
858 2909 980 2998 νόμιμον
992 2909 1120 2979 αίάνιον.
1145 2917 1205 2988 πᾶς
1215 2912 1354 2996 καθαρὸς
1366 2917 1397 2977 ἐν

150 3021 204 3072 γου
222 2996 298 3080 πρὸς
316 2990 459 3070 σεαυτόν,
485 2995 537 3057 καί
548 2991 757 3082 προςτεθῆτω-
787 3001 832 3080 τῷ
859 2998 931 3081 οἴκῳ
958 3022 1012 3062 σου
1035 2997 1130 3062 ἔδεται
1147 2991 1234 3063 αάτά.
1271 2996 1396 3061 fluam

151 3073 209 3142 σάν
222 3102 287 3153 σοι,
309 3078 362 3139 καί
372 3075 633 3160 λειτουργείτωσάν
646 3105 693 3144 σοι
706 3081 759 3146 καί
788 3076 910 3166 ἀπαρχῆ
923 3079 1035 3156 ε’λαίου,
1053 3081 1104 3144 καί
1116 3084 1203 3146 πάσα
1215 3079 1336 3163 ἀπαρχῆ
1350 3079 1396 3144 οί-

151 3157 188 3223 σὺ
201 3159 253 3222 καί
271 3161 303 3222 οἱ
316 3161 378 3223 υἱοί
388 3182 442 3222 σου
457 3157 532 3241 μετὰ
545 3165 600 3226 σοῦ
616 3159 757 3228 ἀπέναντι
786 3189 850 3239 νου,
860 3169 944 3230 σίτου
954 3160 1073 3248 ἀπαρχῆ
1084 3162 1196 3239 αὐτῶν,
1206 3159 1266 3228 Soa
1276 3161 1313 3227 ἂν
1322 3163 1396 3227 δῶσι

151 3245 202 3323 τῆς
215 3244 320 3325 σκηνῆς
332 3244 388 3306 τοῦ
399 3249 571 3346 μαρτυρίου.
608 3246 686 3311 3καί
699 3272 757 3329 φυ-
787 3252 831 3332 τῷ
857 3253 969 3333 κυρίῳ,
994 3249 1043 3312 σοί
1059 3248 1174 3312 δέδωκα
1191 3240 1278 3311 αιἰτά.
1316 3243 1396 3308 11τά

150 3321 289 3399 λάξονται
311 3324 366 3400 τάς
385 3325 518 3406 φυλακας
537 3353 607 3407 σου,
632 3332 685 3395 καί
703 3330 757 3409 τάς
787 3327 1058 3436 πρωτογεννῆματα
1073 3327 1175 3396 πάντα
1192 3325 1252 3393 όσα
1264 3329 1397 3422 ἕντῆγῆ

151 3407 285 3512 φυδβκᾶς
309 3412 362 3511 ξῆν
380 3414 492 3494 σκηνῆς.
529 3407 608 3496 πλὴν
624 3413 702 3500 πρὸς
718 3411 757 3479 τά
789 3418 904 3491 αυτῶν,
931 3409 991 3479 όσα
1009 3411 1046 3478 ἂν
1062 3416 1198 3491 ἐνέγκωσι
1212 3417 1319 3499 κυρίῳ,
1346 3411 1396 3474 σοί

150 3517 235 3575 σκευη
248 3491 288 3557 τά
301 3490 373 3571 ἅγια
385 3493 526 3580 καὶπρὸς
538 3494 574 3560 τὸ
587 3495 757 3581 θυσιαστῆ-
787 3500 880 3562 ἔσται.
903 3501 964 3571 πᾶς
980 3494 1119 3583 καθαρός
1137 3501 1169 3561 ἐν
1185 3500 1230 3578 τῷ
1248 3495 1321 3578 οἴκῳ
1341 3518 1396 3558 σου

149 3600 211 3658 ριον
224 3574 261 3641 οὐ
273 3574 528 3662 προςελεάσονται,
542 3581 595 3642 καί
607 3576 662 3643 οάκ
675 3576 754 3644 ἀπο-
786 3580 881 3645 ἐδεται
895 3576 983 3644 αὐτά.
1009 3579 1038 3621 ¹⁴
1051 3583 1112 3645 πάν
1124 3576 1395 3658 ἀνατεθεματισμί-

148 3664 312 3724 θανοῦνται
329 3661 379 3722 καί
391 3650 476 3723 οὗτοι
488 3660 539 3724 καί
553 3654 639 3741 ὑμεῖς.
677 3659 757 3727 1καί
786 3688 835 3729 νον
848 3667 879 3728 ίν
893 3666 969 3738 υἱοῖς
984 3659 1169 3749 Ἰσραῆλσοί
1184 3662 1277 3723 ίίτται.
1307 3658 1334 3699 11
1344 3659 1395 3721 καί

149 3736 404 3835 προίῖέθόρθῖῐαι
421 3741 499 3843 πρὸς
517 3740 565 3817 σὲ,
588 3744 640 3808 καί
658 3742 755 3826 φυλά-
786 3752 848 3812 πᾶν
860 3748 1009 3824 διανοῖγον
1017 3741 1131 3832 μῆτραν
1141 3739 1204 3809 ἀπὸ
1214 3735 1311 3824 πάσης
1321 3765 1389 3826 σαρ

149 3824 248 3897 ξθῖῐᾱί
270 3846 324 3895 wc
349 3821 487 3924 φυλακᾶς,
505 3828 557 3908 τῆς
575 3832 678 3909 σκηνῆς
701 3833 756 3892 τοῦ
787 3829 849 3903 κός,
873 3824 931 3894 όσα
943 3832 1144 3915 προςφέρουσι
1157 3829 1249 3911 κυρίῳ
1263 3820 1327 3891 ἀπό
1341 3822 1395 3888 ἀν-

149 3908 326 3986 μαρτυρίου,
351 3904 430 3968 κατὰ
443 3933 545 3983 πασας
557 3908 612 3983 τάς
624 3910 756 3995 λειτουρ-
786 3906 915 3997 θριάπου
927 3917 982 3988 ἕως
994 3911 1130 3997 κτῆνους,
1146 3911 1196 3993 σοί
1209 3912 1302 3975 ἔσται.
1327 3904 1391 3973 ἀλλ’

150 3991 215 4063 γίας
232 3989 284 4068 τῆς
302 3992 415 4070 σκηνῆς.
440 3991 492 4053 καί
508 3984 527 4052 ό
546 3988 705 4074 ἀλλογενὴς
718 3991 754 4058 οὗ
788 3993 806 4077 ῆ
832 3988 949 4080 λύτροις
970 3991 1197 4081 λυτρωθῆσεται
1215 3991 1254 4058 τά
1270 3985 1396 4079 πρωτό-

149 4067 367 4171 πθθςὲῆίῦσέῐαί
382 4069 458 4171 Ἶρός
470 4073 512 4136 σε’.
539 4074 553 4149 ¹
566 4075 618 4137 καί
630 4070 755 4155 φυλάξε-
787 4102 863 4143 τοκα
875 4083 936 4143 τῶν
949 4074 1132 4164 ἀνθρώπων,
1158 4077 1208 4141 καί
1221 4073 1261 4141 τὰ
1272 4069 1395 4163 πρωτό-

149 4160 208 4215 ⁰⁰⁶
220 4177 275 4225 ταί·
287 4150 421 4231 φυλακᾶς
433 4158 494 4219 τῶν
506 4150 615 4234 ἆγίων,
638 4157 690 4220 καί
702 4158 756 4234 τὰς
787 4185 865 4227 τοκα
877 4165 938 4226 τῶν
950 4164 1065 4247 κτηνῶν
1074 4166 1137 4226 τῶν
1146 4155 1332 4244 ἀκαθάρτων
1340 4156 1396 4222 λυ-

149 4232 287 4315 φυλακάς
304 4237 360 4328 τρῦ
376 4243 600 4320 θυσιαστηρίου.
632 4241 684 4302 καί
700 4240 755 4306 οὐκ
787 4240 897 4336 τροίση.
924 4245 953 4288 ¹⁶
966 4245 1017 4308 καί
1031 4239 1048 4326 ῆ
1062 4239 1208 4329 λύτρωσις
1221 4240 1317 4307 αὐτοῦ
1330 4236 1394 4319 ἀπό

149 4318 234 4383 δίῖῐαῑ
258 4327 354 4420 OQ
379 4318 410 4379 ἶί
432 4329 497 4393 τοῖς
522 4322 598 4395 υἷθῖς
624 4319 753 4407 Ἰσραῆλ.
785 4333 933 4411 μηνιαίου.
958 4323 1162 4429 ῆσυντίμησις
1175 4329 1262 4391 πέντε
1276 4323 1395 4401 σίκλων,

149 4401 225 4466 1καί
238 4403 297 4479 ἐγω
310 4400 417 4484 εἴληφα
430 4400 501 4478 τοὺς
514 4399 661 4485 ἀδελφοὺς
674 4401 755 4511 ὑμῶν
785 4408 864 4475 κατὰ
872 4406 927 4477 τόν
938 4410 1039 4475 σίκλον
1049 4434 1103 4474 τον
1113 4404 1206 4487 άγιον,
1220 4409 1312 4474 εἴκοσι
1324 4404 1396 4492 ὀβο-

150 4485 221 4563 νοδς
233 4489 361 4560 Λευίτας
373 4487 405 4548 ἐκ
417 4488 510 4570 μέσου
527 4491 589 4554 των
607 4493 680 4555 υἱῶν
701 4499 754 4559 Ισ·
785 4493 837 4558 λοί
853 4496 916 4557 εἱσι.
943 4495 969 4536 ¹⁷
982 4490 1061 4577 πλῆν
1076 4487 1260 4579 πρωτότοκα
1277 4488 1397 4574 ιιόσχων

1341 4600 1393 4638 και
