2924 4972
161 205 224 269 ιω
424 201 717 265 mmmm
742 202 922 263 πνοτιι
960 203 1145 281 κείατο.

182 301 187 306 v
198 299 344 307 ..--·-—-.
354 298 418 305 .-.--
426 297 516 304 η...-

158 318 211 383 καὶ
235 322 286 382 ἕνα
312 319 439 402 αἴροντα
458 314 550 381 ἀσκὸν
567 316 662 380 οἴνου·
685 314 765 379 *καί
804 319 911 380 οἰκεῖον
929 312 1031 381 αάτού.
1067 311 1240 400 ἀπήγγειλεν
1257 317 1413 397 ἀπαγγελ·

157 396 338 487 ἐρωτήσουσί
350 424 381 465 σε
393 399 433 466 τά
446 404 485 476 εἰς
496 391 625 503 είρήνην,
642 400 693 462 καί
705 392 764 463 ἀτύ-
803 397 865 464 λων
875 424 944 480 μοι,
969 394 1016 464 ὅτι
1035 396 1169 486 εὕρηνται
1182 403 1217 464 αί
1229 398 1302 464 ὄνοι.
1330 401 1366 466 τὸ
1380 401 1413 467 δὲ

158 491 248 551 σουσί
273 510 323 550 σοι
345 477 399 549 δύο
418 481 557 586 ἀπαρςας
574 482 689 568 ἀρτων,
714 481 766 546 καί
803 483 883 583 ῥήμα
906 485 959 566 τῆς
981 483 1132 568 βασιλείας
1157 479 1212 548 οὐκ
1238 479 1413 583 ἀπήγγειλεν

157 564 243 653 λήιμη
256 572 289 633 ἐκ
301 572 353 651 τῆς
363 565 457 672 ηειρὸς
470 569 579 631 αυτῶν.
606 566 682 628 6καί
692 563 765 646 μετὰ
803 571 897 648 αυτῷ.
911 566 994 631 17καί
1002 562 1179 652 παρήγγειλε
1187 568 1329 650 Σαμουηλ
1337 595 1412 634 παν-

157 639 257 717 ταύία
282 650 422 745 είςελευση
447 653 485 724 εἰς
510 647 564 713 τὸν
579 644 688 734 βουνὸν
709 650 766 712 τοῦ
803 649 834 711 τί
844 649 962 731 τῷλαῷ
975 646 1051 735 πρὸς
1061 649 1163 734 κύριον
1171 653 1209 725 είς
1217 647 1411 733 Μασσηφάθ.

157 739 247 812 θεοῦ,
272 726 309 800 ού
322 736 401 798 ἐστιν
418 736 480 798 ἐκεῖ
491 729 526 797 τὸ
538 728 693 814 ἀνάστημα
705 735 766 794 τῶν
802 731 832 773 ¹⁸
845 733 896 796 καὶ
912 729 974 798 εἷπε
990 732 1067 836 πρὸς
1082 731 1164 809 υἱούς
1178 730 1307 818 Ἰσραήλ.
1341 730 1412 799 τάδε

158 815 347 899 ἀλλοφύλων.
366 820 425 881 ἐκεῖ
435 817 543 901 Νασίβ
554 810 571 879 ὅ
584 813 764 895 ἀλλόφυλος.
802 810 865 879 εἶπε
889 811 989 898 κύριος
1013 841 1031 878 ο
1049 811 1120 892 θεὸς
1143 811 1281 919 Ἰσραήλ,
1307 818 1411 894 λέγων.

158 904 209 966 καί
221 903 305 966 ὲίτται
324 896 364 977 ὡς
381 899 418 965 ἀν
430 899 575 982 είςέλθητε
588 901 699 972 ίκεῖείς
710 894 765 981 τήν
803 894 861 973 ἐγὼ
879 894 1030 980 ἀνήγαγον
1047 896 1118 973 τούς
1137 899 1219 974 υἱοὺς
1247 899 1361 985 Ισραήλ
1382 903 1412 978 ἔξ

157 982 259 1061 πάλιν,
285 984 336 1049 καί
353 978 530 1066 ἀπαντήσεις
548 985 630 1067 χορῷ
645 1005 765 1065 προφη-
803 974 982 1056 Αἰγύπτου,
996 983 1047 1045 καὶ
1060 978 1209 1066 ἐξειλάμην
1223 977 1296 1064 ὑμᾶς
1311 986 1342 1047 ἐκ
1354 1010 1410 1068 χει-

156 1072 218 1132 τοῐν
230 1063 472 1154 καταβαινόντων
484 1068 516 1128 ἐκ
529 1069 581 1150 τῆς
593 1068 699 1148 Βαμᾶ,
715 1064 766 1128 καί
802 1060 855 1147 ρὸς
871 1061 986 1148 Φαραάι
999 1065 1143 1164 βασιλέως
1156 1062 1334 1144 Αἰγύπτου,
1360 1071 1411 1132 καί

157 1153 328 1235 ἔμπροσθεν
341 1149 442 1215 αὐτῶν
456 1144 565 1235 νάβλα,
583 1149 636 1213 καὶ
646 1144 765 1229 τύμπα-
804 1149 835 1210 ἐκ
846 1153 952 1211 πασῶν
969 1172 1029 1212 των
1046 1148 1203 1233 βασιλειῶν
1213 1153 1274 1213 τῶν
1286 1148 1409 1235 θλιβού-

156 1258 217 1310 νον,
230 1236 281 1298 καί
293 1230 394 1309 αιίλάς,
406 1234 458 1298 καί
470 1227 588 1316 κινύρα,
612 1233 663 1295 καί
676 1228 766 1296 αύτοί
805 1232 866 1293 σῶν
879 1225 962 1313 ὑμᾶς.
993 1232 1021 1272 ¹⁹
1034 1233 1086 1295 καί
1099 1227 1177 1314 ύμεῖς
1189 1227 1315 1318 σήμερον
1328 1237 1407 1309 ἐξου.

156 1311 401 1402 προφητεύοντες.
442 1318 520 1381 6καί
545 1315 695 1397 ἐφαλεῖται
715 1315 766 1379 ἐπὶ
805 1308 943 1395 δενήκατε
967 1312 1020 1378 τὸν
1043 1312 1131 1389 θεὸν,
1171 1311 1310 1391 ὃςαύτύς
1335 1321 1413 1381 ἐστιν

158 1400 192 1465 σὲ
207 1405 320 1482 πνεῦμα
337 1405 453 1486 κυρίου,
478 1401 530 1465 καί
553 1395 766 1483 προφητεύσεις
806 1391 887 1477 ὑμῶν
912 1394 993 1479 σωτή
1038 1400 1070 1462 ἐκ
1094 1397 1218 1463 πάντων
1236 1402 1296 1463 τῶν
1314 1404 1412 1465 κακιῐιν

65 1550 75 1573 η
156 1481 214 1564 μετ’
231 1481 344 1558 αὐτῶν,
369 1483 422 1547 καί
438 1479 596 1586 στραφήση
614 1486 653 1555 εἰς
670 1480 766 1566 ἀνδρα
806 1473 888 1562 ὑμῶν
903 1481 955 1545 καί
972 1423 1109 1585 θλίφεων
1122 1479 1211 1565 ὑμῶν.
1238 1483 1290 1546 καί
1303 1485 1411 1550 εἴπατε.

156 1565 259 1634 ἄλλον.
273 1566 346 1630 ’ίκαί
358 1569 440 1630 ἔσται
452 1560 526 1628 ὅταν
540 1563 598 1648 η’ξει
610 1562 650 1628 τά
663 1574 766 1647 σημεῖα
805 1560 888 1666 ούηί,
911 1561 974 1629 ἀλλ’
990 1562 1009 1647 ἢ
1023 1565 1070 1628 ὁτι
1080 1565 1205 1651 βασιλέα
1218 1567 1412 1650 καταστήσεις

156 1653 255 1715 ταῦτα
279 1649 331 1714 ἐπὶ
352 1647 400 1725 σὲ,
424 1652 502 1714 ποίει
518 1643 619 1714 πάντα
634 1643 694 1713 ὅσα
713 1645 766 1711 ἐάν
805 1647 841 1726 ίφ
864 1643 955 1728 ἡμῶν.
978 1650 1030 1713 καί
1041 1652 1093 1714 νύν
1105 1644 1274 1731 κατάστητε
1287 1646 1412 1714 ἐνώπιον

157 1729 226 1814 εύρη
244 1728 263 1817 ή
280 1737 342 1818 χείρ
360 1756 431 1808 σου,
455 1725 592 1806 ὅτιθεὸς
612 1727 763 1816 μετάσού.
804 1735 908 1815 κυρίου
933 1729 1013 1796 κατά
1038 1730 1077 1797 τά
1102 1736 1241 1818 σκῆπτρα
1265 1728 1344 1816 ὑμῶν
1361 1735 1411 1797 καί

157 1806 247 1891 θκάί,
257 1810 414 1901 καταβήση
431 1817 599 1900 ἔμπροσθεν
614 1818 666 1898 τῆς
678 1814 764 1879 Γαλ
805 1811 884 1878 κατά
896 1812 952 1889 τάς
969 1813 1066 1897 φυλάς
1083 1811 1173 1899 ύμών.
1212 1818 1243 1859 ²⁰
1255 1817 1307 1879 καί
1319 1840 1410 1900 προς-

156 1898 229 1978 γάλ,
255 1899 307 1962 καί
331 1886 402 1962 ἰδού
424 1902 601 1984 καταβαίνω
625 1895 704 1984 πρὸς
730 1895 764 1962 σὲ
804 1888 894 1977 ήγαγε
917 1897 1063 1983 Σαμουήλ
1086 1895 1187 1964 πάντα
1209 1898 1249 1963 τά
1274 1902 1411 1983 σκῆπτρα

157 1981 315 2059 ἀνενεγκεῖν
329 1976 532 2047 ὁλοκαύτωσιν
544 1983 596 2048 καί
604 1987 712 2057 θυσίας
724 1985 765 2045 εί-
800 1975 934 2066 Ἰσραήλ
946 1985 999 2047 καί
1010 1983 1250 2069 κατακληρούται
1262 1984 1411 2067 σκῆπτρον

156 2060 281 2152 ρηνικάς.
307 2063 384 2130 ἑπτά
405 2060 514 2150 ἡμέρας
532 2064 691 2149 διαλείψεις
710 2069 765 2141 ἕως
804 2066 961 2148 Βενιαμίν,
997 2069 1024 2107 ²¹
1037 2067 1089 2131 καί
1104 2064 1243 2152 προςάγει
1262 2069 1412 2151 σκ”πτρον

156 2152 214 2215 τοῦ
230 2149 330 2214 ἐλθεῖν
346 2174 382 2231 με
397 2145 475 2236 πρὸς
491 2148 539 2225 σί,
564 2151 615 2215 καί
627 2155 763 2235 γνωρίσω
803 2149 945 2230 Βενιαμίν
958 2153 996 2227 εἰς
1009 2147 1120 2231 φυλάς,
1144 2153 1196 2217 καί
1207 2092 1410 2235 κατακληροῡ-

158 2258 205 2299 σοι
228 2228 249 2296 ἀ
272 2228 410 2315 ποιήσεις.
447 2233 525 2299 9καί
545 2229 669 2317 ἐγενήθη
693 2228 766 2316 ιύςτε
804 2256 854 2295 ται
876 2231 954 2314 φυλή
976 2238 1133 2320 Ματταρί.
1162 2236 1214 2299 καί
1231 2227 1411 2317 προςάγουσι

158 2320 375 2398 ἐπιστραφῆναι
400 2321 444 2399 τῷ
465 2314 537 2400 ἀίμιρ
556 2315 651 2382 αὐτοῦ
673 2314 765 2381 άπελ-
803 2310 857 2398 τήν
874 2311 970 2399 φυλήν
986 2320 1135 2402 Ματταρί
1151 2321 1190 2392 εἰς
1207 2315 1334 2400 ἀνδρας,
1359 2318 1412 2381 καί

156 2410 224 2465 θεῖν
243 2398 306 2465 ἀπὸ
319 2400 479 2483 Σαμουήλ,
504 2403 696 2503 μετέστρεφεν
709 2396 765 2464 αἰι-
803 2398 1042 2483 κατακληρούται
1060 2396 1165 2466 Σαούλ
1184 2399 1248 2475 υίὸς
1264 2405 1329 2474 Κίς.
1360 2399 1411 2465 καί

157 2488 202 2566 τῷ
226 2477 244 2548 ὁ
261 2479 333 2560 θεὸς
349 2486 472 2569 καρδίαν
488 2484 591 2569 ἀλλην.
617 2485 672 2550 καί
690 2471 764 2568 ήλθε
804 2477 895 2566 ἐζήτει
907 2479 1010 2562 αὐτὸν,
1021 2487 1072 2549 καί
1083 2483 1118 2550 ού
1133 2483 1141 2504 ’
1155 2481 1311 2571 εὑρίσκετο.
1326 2485 1410 2548 ἳῖκαί

157 2564 259 2632 πάντα
277 2564 315 2631 τά
334 2580 438 2651 σημεῖα
457 2571 489 2634 ἀν
501 2573 540 2650 τῆ
553 2567 648 2653 ἡμέρᾳ
662 2571 762 2663 ἐκείνη.
803 2561 975 2652 ἐπηρώτησε
990 2512 1136 2655 Σαμουὴλ
1154 2570 1198 2633 ε”τι
1215 2571 1246 2634 ἐν
1261 2596 1279 2633 κ
1316 2575 1361 2653 ίῳ.
1387 2572 1412 2631 εί

156 2651 248 2715 10ιιιιί
265 2653 378 2736 ἔρχεται
394 2654 505 2717 ἐκεῖθεν
520 2639 561 2728 ἐίς
578 2652 632 2716 τὸν
642 2650 763 2738 βουνὸν,
803 2652 917 2735 ἔρχεται
930 2651 947 2716 ὁ
962 2650 1036 2758 ἀνήρ
1050 2657 1201 2732 ἐνταῦθας
1223 2593 1345 2718 καίλλπε
1357 2646 1411 2714 κύ-

156 2736 207 2798 καὶ
223 2732 290 2797 ἰδού
309 2730 398 2817 χορὸς
418 2739 583 2837 προφητῶν
602 2737 764 2811 ἐξεναντίας
802 2759 874 2818 ριος.
904 2735 968 2800 ἰδού
995 2735 1089 2810 αυτὸς
1114 2739 1275 2821 κέκρυπται
1299 2740 1329 2801 ίν
1348 2747 1411 2810 τοῖς

156 2814 260 2880 αὐτοῦ.
297 2817 349 2889 καί
365 2812 461 2891 ἥλατο
479 2819 519 2880 ίπ
541 2814 635 2880 αὐτὸν
651 2823 763 2899 πυεύμα
803 2815 921 2883 σκεύεσι.
960 2819 990 2861 ²³
1003 2821 1055 2884 καί
1076 2819 1181 2903 έδραμε
1203 2820 1254 2880 καί
1272 2814 1411 2903 λαμβάνει

158 2902 247 2974 θεοῦ,
272 2899 324 2963 καὶ
339 2894 554 2983 προεφήτευσεν
571 2901 694 2984 ἐνμέσῳ
707 2899 763 2966 αά-
803 2898 897 2967 αὐτὸν
910 2904 1027 2979 ἐκεῖθεν,
1037 2903 1089 2967 καί
1099 2904 1276 2982 κατέστησεν
1289 2903 1410 2985 ἐνμέσῳ

155 2987 225 3046 τῶν.
263 2981 352 3046 11καί
370 2981 551 3066 ἐγενήθησαν
562 2976 669 3059 πάντες
681 2988 711 3049 οῖ
723 2989 764 3050 εί-
801 2989 857 3049 τοῦ
870 2984 955 3062 λαοῦ,
966 2987 1020 3051 καί
1032 2979 1147 3068 ύψιύθη
1159 2978 1234 3067 ὑπὲρ
1247 2979 1347 3050 πάντα
1357 2983 1411 3049 τὸν

157 3060 237 3138 ἀάτες
249 3061 342 3129 αὐτὸν
352 3064 436 3165 ἐχθὲς
446 3067 498 3129 καί
507 3072 606 3152 τρίτης
615 3069 667 3132 καί
676 3066 762 3145 εἶδον,
800 3066 875 3134 λαὸν
900 3064 1068 3153 ὑπερωμίαν
1091 3068 1144 3132 καὶ
1163 3062 1273 3133 ἐπάνω.
1314 3069 1345 3112 ²⁴
1358 3072 1409 3135 καί

155 3149 207 3213 καὶ
227 3146 292 3211 ίιίού
314 3143 405 3222 αάτος
422 3151 548 3232 ἐνμέσῳ
565 3154 625 3215 των
642 3177 760 3258 προφη-
801 3149 865 3216 εἷπε
876 3148 1022 3235 Σαμουήλ
1039 3147 1115 3236 πρὸς
1132 3145 1235 3218 πάντα
1250 3149 1304 3218 τὸν
1323 3149 1407 3220 λαόν.

156 3235 224 3295 τῶν.
255 3231 308 3294 καὶ
324 3228 400 3295 εἶπεν
417 3227 434 3297 ὁ
451 3229 524 3308 λαὸς
542 3237 668 3311 ἕκαστος
685 3262 762 3322 προς
799 3237 825 3297 εί
836 3230 989 3319 ἑωράκατε
1005 3230 1040 3302 ὃν
1058 3236 1224 3302 ἐκλίλεκται
1243 3238 1339 3322 ἐαυτῷ
1353 3235 1407 3300 κύ-

154 3312 209 3380 τὸν
220 3313 346 3399 πλησίον
358 3313 464 3381 αὐτοῦ.
482 3321 512 3380 τί
523 3321 615 3383 τοῦτο
628 3317 664 3385 τὸ
677 3344 762 3398 γεγο-
798 3343 875 3402 ριος,
900 3314 947 3385 ὅτι
971 3316 1026 3386 ούκ
1051 3322 1129 3388 ἔστιν
1155 3316 1257 3405 ὅμοιος
1274 3319 1358 3405 αύτῷ
1376 3323 1407 3386 ἐν

155 3397 204 3473 νὸς
215 3402 258 3482 τῷ
272 3402 330 3483 υἱῷ
339 3404 415 3478 Κίςς
427 3397 445 3482 ἢ
458 3402 509 3465 καί
521 3401 629 3467 Σαούλ
640 3406 672 3468 ἐν
683 3428 761 3490 προ·
798 3405 888 3468 πᾶσιν
901 3401 985 3485 ύιιῖνς
1010 3407 1062 3470 καί
1074 3407 1206 3486 ε’·’γνωσαν
1219 3410 1280 3485 πᾶς
1293 3403 1311 3471 ὁ
1324 3401 1406 3480 λαὸς,

155 3477 278 3566 φήταιςς
314 3484 406 3548 12καί
422 3482 572 3570 ἀπεκρίθη
590 3488 634 3563 τίς
647 3483 760 3563 αὐτῶν,
798 3488 849 3551 καὶ
866 3485 962 3556 εἶπαν.
998 3486 1077 3574 ζήτω
1097 3485 1276 3574 ὁβασιλεύς.
1314 3493 1343 3533 ²⁵
1357 3490 1408 3554 καὶ

153 3568 205 3631 καί
221 3565 291 3631 εἶπε.
317 3568 369 3633 καί
386 3573 431 3643 τίς
447 3564 549 3654 πατήρ
569 3567 683 3648 αύτούς
709 3572 761 3635 καί
799 3568 860 3635 εἶπε
878 3572 1025 3658 Σαμουήλ
1047 3575 1125 3659 πρὸς
1147 3575 1200 3640 τὸν
1215 3573 1291 3638 λαὸν
1306 3571 1343 3636 τὸ
1361 3573 1407 3635 δι-

155 3647 204 3715 ύιά
218 3655 312 3715 τοῦτο
325 3647 449 3736 ἐγενήθη
466 3655 506 3726 είς
522 3652 715 3779 παραβολήν,
740 3652 760 3740 ἢ
799 3660 918 3741 καίωμα
929 3662 984 3724 τοῦ
995 3660 1148 3744 βασιλέως.
1169 3659 1221 3721 καί
1232 3658 1363 3740 ἔγραφεν
1375 3656 1407 3716 ἐν

154 3731 562 3819 καίΣαούλὲνπροφήταιςς
587 3741 599 3817 ξ
626 3738 679 3802 καί
691 3763 761 3804 συν-
796 3739 917 3826 βιβλίῳ,
942 3743 994 3806 καί
1018 3744 1125 3825 ἔθηκεν
1149 3734 1274 3805 ἐνώπιον
1292 3741 1403 3819 κυρίου.

155 3815 262 3880 ετελεσε
286 3815 494 3941 προφητεύων,
521 3821 572 3884 καί
591 3821 704 3906 ἔρχεται
721 3826 761 3899 είς
797 3825 848 3887 καί
872 3823 1054 3900 ἐξαπτίττειλε
1071 3818 1216 3906 Σαμουήλ
1232 3815 1333 3886 πάντα
1351 3815 1405 3880 τὸν

155 3898 209 3965 τὸν
220 3895 335 3985 βουνόν.
360 3904 373 3942 ¹
400 3901 541 3969 καὶεῖπεν
554 3897 572 3967 ὁ
587 3909 693 3978 οἰκεῖος
705 3901 761 3969 αὖ·
790 3902 888 3979 -λαόν,
913 3907 965 3970 καί
991 3903 1129 3986 ἀπῆλθεν
1148 3909 1273 3977 ἕκαστος
1295 3905 1333 3975 είς
1350 3898 1405 3965 τὸν

155 3987 211 4048 τοῦ
219 4009 296 4069 προς
306 4010 398 4049 αυτον
408 4011 459 4050 και
468 4012 544 4069 προς
555 4011 590 4052 το
601 3981 761 4070 παιδάριον
796 3982 892 4052 τύπω
904 3984 1010 4053 αὐτοῦ.
1044 3989 1076 4030 ²⁶
1088 3989 1139 4052 καί
1150 3982 1256 4050 Σαούλ
1269 3981 1405 4069 ἀπῆλθεν

156 4064 260 4132 αὐτοῦ.
295 4072 357 4133 πού
375 4066 574 4155 ἐπορεύθητες
599 4071 649 4134 καί
667 4066 759 4132 εἶπαν.
797 4073 835 4146 είς
852 4064 904 4135 τὸν
923 4067 1004 4134 ούιον
1022 4067 1119 4137 αὐτοῦ
1139 4074 1178 4146 εἷς
1194 4062 1315 4156 Γαβαά.
1354 4070 1406 4132 καί

155 4155 247 4236 ζητεῖν
264 4149 318 4227 τὰς
332 4149 434 4228 ὅνους,
458 4153 511 4218 καί
521 4151 634 4234 εἴδαμεν
646 4148 693 4216 ὅτι
706 4148 761 4216 ούκ
796 4148 1003 4239 ἐπορεύθησαν
1014 4155 1074 4217 υἱοί
1082 4149 1239 4235 δυνάμεων,
1249 4143 1292 4221 οἷυ
1301 4148 1405 4237 ἥψατο

155 4237 225 4313 εἶσί,
249 4237 301 4300 καί
325 4231 494 4319 εῖςήλθομεν
513 4232 591 4322 πρὸς
608 4229 759 4339 Σαμουήλ.
796 4230 895 4323 κύριος
919 4237 1042 4322 καρδίας
1067 4235 1168 4302 αὐτῶν
1191 4233 1264 4319 μετὰ
1287 4234 1403 4302 Σαούλ.

154 4320 180 4362 ¹⁵
194 4321 246 4383 καί
273 4313 390 4384 είπενὸ
418 4320 524 4392 ολκεῖος
547 4315 623 4402 πρὸς
646 4320 759 4385 Σαουλ
795 4321 826 4362 ²⁷
839 4323 891 4386 καί
915 4323 976 4385 υίοί
1000 4320 1097 4403 λοιμοὶ
1119 4320 1214 4387 εἶπαν.
1255 4329 1298 4399 τίς
1317 4318 1404 4387 σώσει

154 4396 333 4478 ἀπάγγειλον
357 4397 394 4507 δή
419 4426 469 4483 μοι
492 4405 525 4465 τί
546 4399 612 4466 εἶπέ
628 4427 675 4468 σοι
694 4408 762 4469 Σα-
796 4398 872 4488 ύμάς
885 4394 989 4484 οὗτος,Ι
1015 4407 1065 4470 καὶ
1078 4403 1226 4488 ἠτίμασαν
1240 4403 1341 4483 αὐτὸν,
1354 4407 1404 4470 καί

153 4480 265 4568 μουήλς
302 4486 331 4528 ¹⁶
343 4511 394 4551 και
411 4483 472 4550 είπε
490 4483 597 4551 Σαούλ
615 4481 692 4575 πρὸς
709 4484 761 4567 τάν
797 4486 854 4554 ούκ
868 4486 1088 4576 ήνεγκαναύτῴ
1100 4492 1193 4577 δωρα.

1326 4581 1401 4655 Κεφ.
