2924 4972
226 244 516 310 ΒΑΣΙΛΒΙΩΝ
541 244 765 308 ΔΕΤΤΕΡΑ
806 238 987 324 Κεφ.ι’.εα’.
1004 244 1053 310 10.
1069 245 1118 310 11.
1235 246 1300 311 317

10 384 12 389 ’
53 363 136 466 ήμῶν
154 363 207 426 καί
218 360 285 444 περί
303 363 364 423 τῶν
381 355 498 422 πόλεων
516 361 571 421 τοῦ
583 363 658 421 θεοῦ
694 355 941 445 αὐτηΒηρσαβεὶ
957 355 1095 485 θυγάτηρ
1110 357 1213 446 Ἐλιάβ
1227 357 1301 445 γυνή

52 450 148 530 ημῶν,
174 440 336 528 καίκύριος
351 435 468 525 ποιήσει
485 437 522 504 τὸ
541 436 660 516 ἀγαθὸν
697 438 808 527 Οὐρίου
818 445 872 506 τοῦ
886 448 1038 508 Χετταίου
1043 471 1056 520 ,·
1101 442 1152 505 καί
1164 440 1302 509 ἀπίστει·

54 533 86 593 ἐν
101 525 272 609 ὀφθαλμοῖς
290 521 395 589 αὐτοῦ.
421 524 511 586 13καί
528 522 661 606 προςήλ·
695 522 743 587 λεν
757 525 854 589 Λαυίδ
871 523 1029 602 ἀγγιλσυς,
1056 526 1108 589 καί
1127 525 1234 611 ἐλαβεν
1246 523 1302 590 αὐ·

54 605 209 696 θενἸαὰβ
224 609 277 672 καί
294 603 400 706 ὁλρὸς
416 603 510 669 αὐτοῦ
527 601 586 686 μετ’
602 601 661 668 αὐ·
695 605 759 707 τήν,
772 608 823 670 καί
835 607 947 689 είςήλθε
959 604 1035 692 πρὸς
1047 605 1152 692 αὐτήν,
1165 609 1303 673 καὶίνοι-

53 696 111 759 τοῦ
123 696 163 767 είς
170 687 299 774 πόλεμον
306 714 383 775 προς
391 693 516 774 Συρίαν,
529 689 579 751 καί
588 691 661 766 ἔφυ-
694 697 779 770 μηΟη
789 686 847 770 μετ’
864 688 965 773 αὐτῆς.
976 692 1028 754 καὶ
1039 687 1114 775 αὐτη
1127 686 1303 774 ἀμιαζομίνη

53 800 110 855 γαν
120 772 185 840 ἀπὸ
204 767 367 858 προςιάπου
380 768 485 835 αὐτοῦ.
523 768 661 835 14καίοί
696 767 760 835 ἀπὸ
773 769 963 856 ἀκαθαρσίας
975 770 1075 856 αὐτῆς,
1092 774 1144 840 καί
1156 773 1302 858 ἀπίστρι·

56 860 115 924 υίοί
132 854 254 941 Ἀμμάν
278 855 360 920 είδαν
379 850 426 919 ὅτι
445 857 534 934 ἔφυγε
550 858 660 937 Συρία,
696 873 753 936 ψεν
766 857 806 927 είς
822 849 876 916 τὸν
888 852 970 918 οίκον
988 850 1087 937 αὐτῆς.
1114 860 1192 922 8καί
1203 859 1234 922 ίν
1245 882 1302 935 να·

56 944 105 1008 καί
122 942 238 1021 ἔφυναν
255 936 322 1004 ἀπδ
340 933 502 1023 πρσςάπου
520 934 660 1022 Ἀβεσσά,
697 939 765 1022 στρὶ
776 934 884 1019 ἐλαβεν
896 932 915 1018 ή
926 932 1008 1019 γυνή.
1034 937 1086 1000 καί
1097 934 1302 1005 ἀπουτείλασα

10 1032 13 1049 ’
55 1026 105 1089 καί
120 1022 256 1106 είςήλθον
274 1027 313 1096 είς
332 1018 387 1101 τήν
403 1014 499 1085 πάλιν.
526 1014 661 1084 καίάνί-
697 1014 852 1101 ἀπήγγειλε
871 1022 914 1101 τῷ
929 1017 1040 1096 Δαυίδ,
1064 1021 1115 1082 καί
1131 1018 1218 1085 είπεν.
1243 1018 1302 1099 ίνά

55 1131 91 1171 στ
110 1102 281 1192 εψενἸαάβ
293 1102 357 1168 ἀπὸ
370 1107 431 1167 τῶν
445 1106 518 1166 υἱῶν
531 1095 660 1182 Ἀμμὼν,
696 1105 752 1183 είμι
776 1102 808 1164 ίν
825 1101 934 1184 γαστρί
951 1101 1018 1183 ἔχον.
1056 1101 1134 1164 οκαί
1151 1099 1303 1169 ἀπέστειλε

53 1215 104 1253 και
114 1190 291 1273 παρεγίνετο
305 1179 556 1268 είςἾερουσαλήμ.
575 1182 661 1243 15καί
697 1182 797 1247 Δαυίδ
809 1181 886 1268 πρὸς
894 1179 997 1287 Ἰωάβ,
1009 1180 1111 1257 λέγων.
1128 1178 1303 1249 ἀπόστειλον

52 1271 106 1337 είδε
133 1276 232 1356 Συρία
257 1265 306 1332 ὅτι
330 1271 466 1330 ἔπταισεν
494 1268 662 1346 ἔμπροσθεν
698 1261 884 1349 πρδςμὲτόν
897 1263 1009 1348 Οὐριαν
1021 1263 1073 1328 τὸν
1083 1268 1307 1330 Χετταῖον.κσί

10 1376 12 1395 .
50 1349 186 1440 Ἰσραήλ,
200 1353 252 1417 καί
265 1345 452 1451 συνήηθησαν
464 1349 516 1411 ίπί
527 1343 564 1410 τὸ
576 1339 661 1409 αὐτά.
699 1345 864 1413 ἀπέστειλεν
870 1345 963 1433 Ἰαάβ
970 1346 1023 1411 τὸν
1035 1344 1148 1432 Οὐρίαν
1155 1342 1232 1432 πρὸς
1239 1351 1306 1412 Aa·

51 1439 143 1501 1οκαί
156 1431 327 1499 ἀπέστειλεν
339 1427 514 1508 Αδρααζάρ,
532 1429 583 1491 καί
595 1449 662 1492 συν-
699 1432 755 1495 υίδ.
770 1433 842 1496 7καί
853 1435 1048 1517 παραγίνεται
1063 1428 1175 1517 Οὐρίας
1187 1431 1239 1494 καί
1250 1435 1306 1506 είς-

51 1517 145 1600 ήμαγε
169 1517 224 1598 τήν
242 1517 355 1597 Συρίαν
374 1515 427 1616 τήν
446 1517 479 1575 ἐκ
495 1514 551 1575 τοῦ
565 1511 661 1596 πέραν
698 1513 772 1595 ήλθε
796 1510 873 1600 πρὸς
898 1511 1005 1588 αὐτὸν,
1040 1514 1091 1579 καί
1115 1509 1307 1599 ίπηρεάτησεν

50 1605 110 1665 τοῦ
122 1600 264 1678 ποταμοῦ
276 1595 444 1679 Χαλαμακ,
470 1595 522 1659 καί
533 1595 660 1679 παρενί<
697 1597 795 1661 Δαυίδ
805 1602 845 1671 είς
857 1591 971 1682 είρήνην
984 1593 1086 1676 Ἰωάβ,
1111 1598 1163 1661 καί
1174 1600 1214 1670 είς
1225 1591 1305 1682 είρή-

51 1705 144 1747 νοντο
166 1684 205 1755 είς
223 1676 336 1761 Αίλάμ.
362 1679 415 1744 καί
430 1675 542 1763 Σωβάκ
561 1675 660 1763 άρχων
696 1703 746 1763 νην
758 1683 814 1744 τοῦ
826 1680 921 1757 λαοῦ,
934 1680 986 1745 καί
997 1683 1036 1753 είς
1049 1683 1092 1765 είρ
1103 1676 1163 1763 ’νην
1176 1684 1231 1742 τοῦ
1243 1703 1304 1744 πσ-

50 1768 106 1866 τής
133 1758 281 1844 δυνάμεως
299 1759 467 1848 Ἀδρααζάρ
492 1762 660 1844 ἔμπροσθεν
697 1763 794 1846 λέμου.
832 1764 911 1827 οκαί
935 1760 997 1827 εἶπε
1015 1707 1114 1828 Δαυὶδ
1133 1766 1177 1845 τῷ
1196 1759 1303 1847 Οὐρία.

53 1850 162 1911 αυταῖν.
202 1847 229 1888 ¹⁷
240 1846 291 1910 καί
315 1844 468 1928 ἀπημγελη
485 1847 531 1926 τῷ
549 1842 657 1916 Δαυίδ,
696 1843 847 1933 κατάβηθι
858 1850 897 1922 είς
908 1843 962 1911 τδν
974 1843 1057 1911 οίκόν
1069 1871 1138 1922 σου,
1154 1847 1205 1910 καί
1217 1850 1304 1926 νίψαι

51 1931 103 1994 καί
114 1924 257 2032 συνήγαγε
270 1925 323 1993 τὸν
335 1926 438 1994 πάντα
450 1925 583 2012 Ἰσραήλ,
607 1926 659 1990 καί
696 1928 765 2005 τούς
784 1927 881 2005 πόδας
900 1954 963 1995 σου.
990 1931 1042 1993 καί
1054 1929 1178 2013 ἐξῆλθεν
1192 1924 1304 2015 Οὐρίας

52 2012 132 2098 διέβη
148 2035 200 2075 τον
219 2009 388 2098 Ἰορδάνην,
414 2012 466 2076 καί
480 2011 657 2095 παρεγένετο
696 2016 727 2088 ἐξ
752 2012 836 2078 οἴκου
857 2017 915 2078 τοῦ
925 2012 1088 2113 βασιλέως,
1113 2013 1163 2076 καί
1182 2010 1303 2095 ἐξῆλθεν

51 2099 91 2169 είς
115 2092 229 2177 Αἶλάμ.
267 2097 318 2158 καὶ
344 2090 534 2181 παρετάξατο
558 2097 658 2176 Συρία
697 2092 793 2159 ὀπίσω
804 2092 899 2159 αὐτοῦ
910 2094 994 2179 ἀρσις
1003 2099 1061 2158 τοῦ
1068 2094 1221 2180 βασιλέως.
1231 2095 1304 2160 οκαί

51 2174 193 2243 ἀπέναντι
206 2178 317 2252 Λαυὶδ,
337 2181 388 2243 καί
401 2176 585 2257 ἐπολέμησαν
596 2170 654 2255 μετ’
697 2173 842 2260 ἐκοιμήθη
856 2175 966 2259 Οὐρίας
983 2173 1068 2260 παρά
1087 2181 1126 2268 τῇ
1143 2176 1228 2262 δείρᾳ
1246 2180 1303 2241 τοῦ

51 2258 153 2326 αὐτοῦ.
175 2262 204 2304 ¹⁸
217 2262 270 2325 καί
280 2263 368 2340 ἔφυγε
379 2264 478 2343 Συρία
491 2253 553 2322 ἀπὸ
565 2282 658 2341 προς-
697 2258 842 2346 βασιλέως
853 2258 998 2339 μετὰτῶν
1010 2254 1234 2324 δούλιοντοῦκυ
1254 2264 1302 2323 ίου

51 2343 137 2408 άπου
146 2341 279 2428 Ἰσραήλ,
292 2344 343 2407 καί
356 2340 449 2406 ἀνεῖλε
459 2340 556 2404 Δαυὶδ
564 2342 597 2403 ἐκ
606 2343 659 2421 τής
697 2339 807 2415 αὐτοῦ,
831 2341 885 2405 καί
907 2338 944 2405 οὐ
961 2343 1071 2426 κατέβη
1089 2346 1128 2416 είς
1145 2339 1199 2406 τὸν
1218 2283 1302 2406 αὐτον

48 2431 164 2509 Συρίας
177 2420 342 2488 ἑπτακόσια
358 2419 479 2506 ἅρματα
490 2423 542 2485 καί
553 2445 659 2486 τεσοα-
699 2419 800 2487 αὐτοῦ.
834 2425 863 2465 ¹⁰
876 2423 928 2486 καί
946 2418 1119 2507 ἀνήγγειλαν
1135 2427 1180 2505 τῷ
1198 2424 1302 2498 Δαυίδ,

49 2505 186 2592 ράκοντα
209 2501 340 2588 χιλιάδας
367 2505 497 2577 ἱππέων,
530 2505 582 2565 καί
605 2499 660 2564 τὸν
698 2505 836 2580 λέγοντες.
850 2499 897 2568 ἀτι
909 2501 946 2567 οὐ
957 2507 1066 2588 κατέβη
1078 2502 1122 2567 Οὐ
1143 2510 1189 2578 ίας
1202 2507 1304 2578 είςτόν

10 2651 14 2676 η
49 2589 165 2676 Σωβάκ
177 2587 231 2652 τὸν
242 2585 374 2672 ἀρχοντα
386 2591 439 2668 τῆς
447 2579 594 2665 δυνάμεως
603 2580 659 2646 αὐ·
699 2585 782 2652 οίκον
795 2584 897 2651 αὐτοῦ.
911 2588 962 2649 καί
974 2585 1036 2651 εἷπε
1047 2529 1144 2651 Δαυίδ
1154 2585 1231 2669 πρὸς
1242 2583 1304 2650 Οὐ-

49 2678 108 2740 τοῦ
121 2667 258 2746 ἐπάταξε,
271 2672 322 2734 καί
334 2668 484 2735 ἀπέθανεν
496 2671 560 2732 ἐκεῖ.
577 2666 660 2731 19καὶ
699 2674 775 2752 ρίαν.
803 2666 870 2753 οὐχὶ
881 2670 913 2745 ἐξ
925 2665 999 2734 ὁδοῦ
1011 2668 1048 2733 σὺ
1061 2673 1146 2763 ε”ρχης
1164 2674 1197 2733 τί
1206 2665 1254 2733 δ’τι
1266 2666 1303 2733 οὐ

49 2757 133 2822 είδαν
157 2750 265 2828 πάντες
290 2757 322 2818 σί
344 2750 473 2838 βασιλεῖς
498 2755 529 2815 οί
554 2748 658 2815 δοῦλοι
698 2754 822 2838 κατίβης
835 2757 873 2826 είς
886 2750 939 2817 τὸν
953 2747 1036 2819 οἶκόν
1049 2779 1104 2819 σου
1107 2781 1120 2831 ,·
1133 2754 1213 2818 11καί
1224 2750 1303 2818 είπεν

45 2836 216 2924 Ἀδρααζάρ
243 2832 291 2901 ίίτι
316 2840 462 2901 ἔπταισαν
487 2837 658 2918 ἔμπροσθεν
700 2834 811 2922 Οὐρίας
825 2834 902 2921 πρὸς
921 2836 1025 2901 Δαυίδ.
1050 2833 1226 2922 ήκιβατδς,
1251 2836 1303 2901 καί

46 2920 182 3027 Ἰσραήλ,
208 2923 259 2985 καί
296 2915 480 3003 ὐτομόλησαν
498 2914 573 3000 μετά
593 2915 657 2982 Ἰσ·
693 2917 814 3005 Ἰσραήλ
843 2921 895 2983 καί
920 2915 1035 2994 Ἰούδας
1059 2924 1246 2985 κατοικοῦσιν
1270 2922 1301 2984 ἐν

50 3005 138 3089 ραηλ,
151 3006 203 3068 καὶ
211 2948 386 3069 ἐδούλωσαν
398 3000 508 3078 αὐτοῖς.
522 3003 573 3066 καί
582 3002 657 3083 ἔφο-
697 3015 825 3087 σκηναῖς,
846 2999 928 3067 καὶὸ
942 2998 1040 3088 κύριός
1051 3030 1110 3088 μου
1119 3000 1226 3089 Ἰιοάβ,
1251 3003 1303 3066 καί

47 3087 132 3193 βήθη
146 3093 241 3173 Συρία
253 3092 309 3153 τοῦ
322 3092 417 3153 σῶσαι
429 3088 472 3150 ἔτι
488 3084 557 3159 τούς
570 3080 656 3158 υἶούς
695 3091 725 3151 οἱ
740 3088 844 3152 δοῦλοι
863 3090 919 3151 τοῦ
932 3092 1034 3172 κυρίου
1046 3112 1104 3170 μου
1120 3087 1170 3152 ἐπί
1181 3080 1300 3172 πρόςω-

47 3167 170 3255 Αμμούν.
693 3197 751 3236 πον
776 3175 832 3235 τοῦ
850 3168 947 3256 ἀγροῦ
963 3166 1204 3257 παρεμβάλλουσι
1212 3219 1223 3245 ,
1249 3171 1301 3234 καί

231 3261 265 3319 K
276 3262 305 3318 E
318 3258 356 3316 Φ.
401 3253 454 3317 1A
467 3301 474 3315 .
694 3255 752 3331 ἐγὼ
766 3250 958 3336 είςελεύσομαι
969 3259 1009 3329 είς
1020 3254 1074 3319 τὸν
1085 3249 1169 3319 οἶκόν
1178 3278 1235 3333 μου
1245 3256 1300 3316 τοῦ

49 3305 133 3404 Καὶ
149 3339 262 3414 ἐγένετο
278 3338 515 3418 ἐπιστρέψαντος
527 3341 582 3401 τοῦ
596 3341 655 3400 ἐνι-
694 3347 806 3415 φαγεῖν,
824 3337 875 3398 καί
885 3347 961 3399 πιεῖν
974 3339 1026 3401 καί
1037 3339 1216 3416 κοιμηθῆναι
1228 3329 1300 3414 μετά

49 3425 145 3487 αυτοῦ
163 3424 201 3491 εἰς
219 3417 272 3481 τὸν
291 3416 393 3500 καιρὸν
406 3421 458 3497 τῆς
471 3419 584 3492 ἔξοδίας
596 3423 656 3482 τῶν
694 3421 748 3500 τῆς
769 3413 904 3494 γυναικός
919 3442 978 3500 μου
984 3446 996 3493 ,·
1021 3422 1101 3495 πῶς,·
1129 3420 1163 3507 ζῇ
1180 3412 1198 3497 ή
1218 3410 1299 3497 ψυχή

46 3502 212 3611 βασιλέων,
238 3499 289 3562 καί
313 3496 465 3562 ἀπέστειλε
482 3501 578 3564 Δαυίδ
601 3496 656 3563 τὸν
695 3525 760 3574 σου,
774 3503 798 3562 εί
809 3494 928 3582 ποιήσω
942 3496 977 3562 τὸ
990 3502 1070 3583 ῥῆμα
1082 3502 1183 3562 τοῦτο.
1208 3499 1235 3536 ¹²
1249 3498 1301 3560 καί

54 3585 148 3672 Ιαάβ,
162 3583 214 3648 καὶ
226 3580 297 3654 τούς
306 3582 418 3653 παῖδας
428 3578 522 3644 αὐτοῦ
531 3579 588 3663 μετ’
602 3578 658 3645 αὐ-
694 3580 756 3646 εἶπε
768 3582 865 3646 Λαυὶδ
880 3578 956 3667 πρὸς
971 3580 1091 3665 Οὐρίαν.
1116 3576 1242 3643 κάθισον
1255 3580 1270 3641 ί
1284 3618 1300 3628 -

51 3674 107 3736 τοῦ
123 3663 241 3733 καὶτὸν
259 3661 359 3729 πάντα
374 3660 511 3748 Ἰσραήλ,
534 3665 585 3728 καί
597 3664 658 3727 διέ-
695 3667 799 3728 ταῡθα
812 3670 863 3729 καί
872 3690 905 3741 γε
915 3660 1047 3748 σήμερον,
1057 3662 1109 3727 καί
1118 3660 1223 3745 αὐριον
1233 3662 1300 3738 ἔξω

53 3763 179 3838 φθειραν
189 3748 260 3823 τοὺς
274 3744 355 3821 υῖούς
362 3742 488 3829 Ἀμμαίν.
501 3747 553 3809 καί
561 3739 659 3810 διεκά-
695 3745 832 3809 ποστελῶ
852 3772 892 3811 σε.
919 3747 970 3811 καί
991 3741 1126 3812 ἐκάθισεν
1147 3743 1258 3832 Οὐρίας
1270 3747 1300 3809 ίν

51 3847 142 3902 Οισαν
160 3837 210 3900 ἐπί
229 3826 377 3916 Ῥαββάθ.
403 3832 454 3895 καί
471 3830 569 3894 Δαυὶδ
587 3823 657 3894 ἑκά·
691 3825 885 3914 Ἰερουσαλήμ
898 3832 929 3892 ἒν
941 3833 978 3908 τῆ
991 3825 1087 3929 ήμέρρ
1098 3834 1190 3912 ἐκείνη
1202 3831 1300 3921 καύτή

50 3930 133 3984 θιοεν
158 3922 190 3982 ἐν
206 3910 408 4018 Ἰερουσαλήμ
446 3917 461 3955 ²
474 3917 525 3978 καί
544 3915 656 3991 ἐγένετο
695 3907 849 3995 ἐπαύριον.
862 3913 944 3976 13καί
956 3897 1089 3979 ίκαλεσεν
1100 3900 1192 3979 αὐτάν
1202 3915 1301 3979 Δαυὶδ

50 4002 127 4085 πρὸς
139 4002 283 4085 ἑσπέραν,
301 4000 352 4063 καί
364 4000 472 4080 ανέστη
485 3998 582 4062 Δαυὶδ
592 3994 655 4062 ἀπὸ
694 3997 745 4061 καί
761 3999 867 4076 ὲίραγιν
884 3991 1009 4061 ἐνώπιον
1026 3994 1121 4062 αὐτοῦ
1127 4047 1137 4073 ,
1163 3998 1215 4063 καί
1227 4000 1298 4073 ἔπιε,

49 4091 102 4169 τῆς
115 4089 215 4165 κοίτης
231 4079 342 4158 αὐτοῦ,
366 4082 418 4146 καί
429 4079 594 4162 περιεπάτει
606 4082 657 4145 ἐπὶ
693 4082 744 4145 καί
754 4083 895 4163 ε’μέθυσεν
905 4078 1006 4155 αὐτὸν,
1018 4082 1069 4145 καί
1077 4080 1200 4166 ίξήλθεν
1209 4082 1299 4148 ἕσπέ-

50 4173 106 4233 τοῦ
119 4161 254 4246 δώματος
265 4170 322 4228 τοῦ
335 4166 419 4229 οίκου
431 4169 487 4230 τοῦ
498 4165 654 4250 βασιλέως,
694 4190 748 4249 ρας
773 4168 828 4228 τοῦ
854 4167 1031 4248 κοιμηθῆναι
1057 4167 1107 4231 ἐπί
1131 4168 1182 4249 τής
1199 4171 1299 4247 κοίτης

50 4255 102 4316 καί
121 4248 177 4313 είδε
192 4259 316 4326 γυναῖκα
342 4248 502 4330 λουομένην
519 4247 581 4312 ἀπὸ
601 4251 655 4312 τοῦ
694 4243 790 4310 αὐτοῦ
812 4243 883 4328 μετά
907 4252 968 4311 τοῖν
987 4243 1103 4315 δούλων
1121 4253 1178 4315 τοῦ
1195 4254 1298 4331 κυρίου

50 4330 202 4413 δώματος,
227 4332 278 4394 καί
300 4328 320 4436 v}
343 4331 416 4415 γυνή
436 4328 512 4414 καλή
530 4333 575 4414 τῷ
592 4331 655 4394 είδει
694 4328 799 4403 αὐτοῦ,
812 4332 863 4394 καί
873 4336 911 4406 είς
920 4329 971 4396 τὸν
981 4331 1063 4397 οἶκον
1072 4330 1167 4398 αὐτοῦ
1179 4327 1215 4392 οὐ
1224 4353 1299 4392 κατ-

49 4413 178 4498 σφόδρα.
204 4416 218 4458 ³
232 4416 283 4478 καὶ
302 4415 453 4481 ἀπέστειλε
466 4415 578 4490 Δαυὶδ,
605 4415 657 4476 καί
694 4414 753 4497 ἒβη.
779 4411 809 4453 ¹⁴
822 4416 872 4478 καί
884 4415 995 4490 ἐγενετο
1007 4416 1098 4494 πρωῒ,
1123 4411 1174 4473 καί
1186 4412 1298 4509 ἔγραψε

48 4495 170 4583 ἐζήτησε
181 4495 235 4580 τήν
248 4509 388 4576 γυναῖκα,
413 4500 465 4563 καί
476 4496 563 4563 εἶπεν.
590 4495 656 4581 οὐχί
694 4497 790 4561 Δαυίδ
805 4497 919 4582 βιβλίον
937 4492 1013 4582 πρὸς
1026 4492 1134 4575 Ἰωάβ,
1158 4493 1209 4552 καί
1222 4492 1299 4631 σπέ-

1193 4591 1254 4631 στει
1283 4591 1297 4630 ι
