2924 4972
338 246 398 302 ΙΕ
409 245 478 302 PE
488 246 531 303 M
541 243 599 302 JA
612 245 644 300 Σ
684 245 760 316 Κεφ.
774 232 830 301 κα’.
845 237 904 322 κβ.
917 240 969 303 21.
983 240 1035 302 29.
1239 236 1304 303 835

65 342 175 434 ῦνῦλα,
201 360 252 422 καὶ
276 356 401 441 ζήσεται.
439 358 468 398 ¹⁰
480 350 557 418 διότι
583 349 671 435 ε’στή-
703 355 754 416 καί
771 352 947 437 ἐμβαλοῦσιν
960 357 999 426 εἰς
1014 352 1050 416 τὸ
1062 357 1133 433 πῦρ.
1160 351 1240 416 8καὶ
1252 351 1311 416 διε-

62 468 130 592 ήμα
156 438 191 542 τό
208 434 369 526 πρόςωπόν
385 463 444 535 μμυ
459 438 509 502 ἐπὶ
532 432 586 537 τήν
611 435 672 500 πό·
703 430 859 500 λεύσονται
878 439 959 529 ε”θνη
970 431 1019 499 διά
1038 439 1090 516 τῆς
1101 431 1218 512 πόλεως
1237 428 1311 500 ταῦ-

92 548 244 607 νταυτην
276 527 314 596 εἰς
342 546 437 596 κακα,
475 523 527 584 καὶ
551 544 605 583 ουκ
631 523 670 594 εἰς
703 543 772 601 της,
797 520 849 581 καὶ
862 520 920 602 ἐρεῖ
933 521 1060 590 ἕκαστος
1077 517 1153 603 πρὸς
1166 517 1312 624 τὸνπλη·

62 607 178 686 ἀγαθά.
205 611 244 679 εἰς
268 616 366 687 χεῖρας
392 601 537 688 βασιλέως
560 606 670 687 Βαβυ-
703 607 769 665 σίου
783 599 889 666 αῦτσῦ.
912 601 993 665 διατί
1008 604 1126 682 ἐποίησε
1142 596 1242 685 κύριος
1256 626 1309 665 συ-

62 692 157 764 λοῦνσς
170 684 431 772 παραδοθήσεται,
449 689 501 750 καὶ
515 679 670 750 κατακαύ-
703 709 762 759 τως
773 688 810 776 τῇ
823 681 909 748 πόλει
924 680 1019 774 ταύτῃ
1032 688 1070 768 τῇ
1104 683 1193 774 εγυίλη
1199 712 1211 760 ,·
1232 684 1312 748 9καί

63 799 105 839 σει
131 769 224 853 αὐτήν
249 775 279 835 ἒν
304 777 386 855 πυρί.
425 767 481 833 ¹¹5
507 767 589 842 οἶκος
613 772 671 854 βα-
702 770 831 850 ἐροῦσιν,
842 765 909 832 ἀνθ’
924 757 966 831 ὧν
975 712 1169 843 ἐγκατελιπον
1179 765 1233 851 τήν
1245 765 1312 831 δια-

62 857 166 930 σιλέως
190 849 307 930 Ἰούδα,
333 849 479 918 ἀκούσατε
503 847 595 928 λόγον
617 877 671 914 κυ-
701 846 797 933 θήκην
810 856 912 933 κυρίου
925 855 1002 915 θεοῦ
1015 847 1133 926 αῦτιῦν,
1155 851 1311 933 καὶπρος-

61 945 142 1023 ρίου,
167 941 195 980 ¹²
208 937 290 1012 οἶκος
305 939 416 1015 Δαυὶδ,
440 933 510 1001 τάδε
529 935 604 1011 λέγει
617 929 669 1000 κῦ-
701 929 842 1017 εκύνησαν
855 944 939 1008 θεοῖς
953 931 1136 1018 ἀλλοτρίοις,
1158 935 1210 999 καὶ
1223 926 1312 997 ἐδού-

62 1049 135 1106 ριος.
161 1027 278 1106 κρίνατε
290 1021 375 1103 πρωῒ
382 1017 483 1102 κρίμα,
501 1019 553 1083 καὶ
565 1043 670 1082 κατευ-
701 1018 806 1082 λευσαν
819 1015 932 1092 αὐτοῖς.
964 1017 993 1058 ¹⁰
1005 1015 1046 1100 μή
1060 1018 1172 1082 κλαίετε
1191 1014 1245 1082 τόν
1263 1040 1312 1082 τε-

62 1102 186 1183 θῦνατε,
200 1107 252 1169 καὶ
265 1106 399 1180 ἐξέλεσθε
408 1103 626 1204 διήρπασμέτον
636 1104 670 1165 ἐκ
701 1097 846 1184 θνηκότα,
858 1099 930 1184 μηδὲ
940 1111 1074 1184 θρηνεῖτε
1087 1096 1191 1167 αὐτόν.
1218 1097 1312 1164 κλαύ-

59 1189 156 1291 ηειρὸς
181 1186 352 1261 ἀδικοῦντος
379 1183 487 1261 αῦτσν,
521 1184 604 1260 ὅπως
629 1181 670 1268 μή
702 1209 773 1249 σατε
785 1184 931 1268 κλαυθμῷ
945 1183 998 1250 τόν
1011 1180 1249 1288 ἐκπορευόμενον,
1264 1179 1314 1248 ὅτι

62 1275 190 1361 αναφθῇ
202 1269 243 1345 ὡς
255 1275 316 1356 πῦρ
330 1266 349 1372 ή
363 1266 437 1355 ὀργή
450 1294 517 1350 μου,
533 1271 585 1333 καί
597 1294 671 1332 καυ-
701 1267 756 1332 οῦκ
773 1271 944 1352 ἐπιστρέψει
961 1271 1005 1333 ἔτι
1012 1316 1022 1343 ,
1048 1265 1117 1334 οῦδὲ
1135 1267 1247 1352 ῦιμεται
1259 1265 1313 1352 τήν

63 1354 203 1436 θήσεται,
235 1355 286 1417 καί
311 1380 365 1418 ουκ
390 1357 476 1418 ε”σται
500 1348 519 1416 ὁ
546 1354 669 1437 σβέσων.
700 1352 912 1437 γήνπατρίδσς
925 1349 1032 1416 αῦτοῦ.
1059 1355 1080 1392 ¹¹
1094 1347 1169 1417 διότι
1181 1347 1312 1416 τάδελέ-

62 1439 89 1480 ¹³
103 1434 168 1502 ῖδοῦ
186 1433 245 1513 ἐγὼ
261 1435 339 1519 πρὸς
352 1436 385 1500 σὲ
398 1431 454 1500 τόν
472 1439 671 1501 κατοικοῦντα
700 1459 743 1512 γει
756 1430 856 1521 κύριος
869 1436 919 1499 eni
930 1432 1050 1517 Σελλήμ
1063 1437 1127 1500 υἱὸν
1140 1433 1244 1499 Ἰωσία
1256 1432 1312 1499 τὸν

61 1517 114 1604 τήν
126 1515 251 1585 κοιλάδα
262 1519 344 1604 Σὸρ,
370 1519 423 1602 τήν
435 1516 576 1603 πεδεινήν,
601 1515 671 1593 τοῦς
701 1515 896 1603 βασιλεύοντα
908 1515 975 1583 άντὶ
992 1516 1114 1584 ’Ἰωσίου
1126 1522 1185 1584 τοῦ
1196 1515 1313 1604 πατρὸς

62 1602 219 1682 λέγοντας,
243 1608 287 1677 τίς
307 1601 434 1688 πτοήσει
456 1599 549 1686 ἡμᾶς,
581 1598 600 1683 ἢ
626 1607 671 1675 τίς
702 1599 814 1676 αῦτσῦ,
837 1597 1119 1679 ὃςέξήλθενέκτοῦ
1131 1596 1313 1667 τόπουτού-

63 1684 246 1762 εῖςελεύσεται
274 1686 350 1788 πρὸς
377 1683 414 1750 τό
444 1686 671 1769 κατοικητήριον
701 1709 764 1748 του.
791 1683 846 1750 οῦκ
859 1683 1040 1770 ἀναστρέψω
1052 1689 1112 1750 ἐκεῖ
1122 1689 1177 1760 έτι,
1203 1687 1231 1727 ¹²
1243 1679 1308 1748 ἀλλ’

64 1767 164 1852 ήμσῦν,Ι
190 1765 408 1850 14καὶανάιμω
423 1773 485 1852 πῦρ
499 1771 531 1833 ἐν
542 1772 588 1851 τῷ
600 1769 671 1854 δρυ-
702 1765 767 1852 ήέν
779 1772 823 1850 τῷ
836 1764 922 1852 τόπῳ
937 1764 1037 1852 τούτῳ
1047 1759 1241 1852 σῦμετῴκισα
1253 1764 1312 1832 αῦ-

63 1859 111 1938 μῷ
128 1854 237 1936 αύτής,
261 1855 312 1917 καῖ
331 1854 428 1918 ἔδεται
445 1848 546 1918 πάντα
563 1851 603 1917 τά
617 1846 670 1918 κύ-
701 1847 769 1927 τόν,
795 1854 854 1915 ἐκεῖ
871 1848 1073 1917 ἀποθανεῖται
1077 1900 1088 1929 ,
1113 1856 1165 1919 καί
1181 1851 1235 1937 τήν
1257 1855 1313 1935 γῆν

63 1937 124 2021 κλῳ
140 1935 239 2020 αῦτής.
700 1930 813 2018 ταύτην
831 1933 885 2000 οῦκ
905 1934 1016 2017 ὄψεται
1033 1939 1086 2001 έτι.
1112 1932 1173 2000 13ῦ
1192 1935 1313 2001 οἰκοδο-

239 2024 365 2085 ΚΕΦ.
407 2014 495 2083 KB'.
699 2022 765 2102 μιῦν
783 2024 881 2083 οῖκίαν
899 2018 994 2083 αὐτοῦ
1014 2018 1050 2084 ού
1068 2016 1143 2103 μετά
1160 2013 1313 2085 δικαιοσύ-

71 2070 166 2169 Τάδε
183 2103 259 2181 λέγει
274 2099 381 2186 κύριος.
406 2097 537 2186 πορεύου
550 2103 603 2166 καὶ
614 2129 670 2167 κα-
700 2125 760 2185 νης,
772 2101 824 2166 καί
837 2099 876 2166 τά
890 2098 1013 2188 ῦπεριῦα
1024 2101 1121 2168 αῦτοῦ
1135 2101 1190 2168 οῦκ
1202 2105 1233 2166 έν
1245 2107 1312 2187 κρί-

62 2185 176 2272 τάβηθι
201 2191 240 2260 εῖς
265 2183 317 2249 τὸν
341 2184 424 2250 οἶκον
449 2190 506 2248 τοῦ
526 2186 670 2286 βασιλέως
700 2210 780 2263 ματι,
793 2183 880 2270 παρά
891 2190 936 2267 τῷ
945 2167 1073 2269 πλησίον
1083 2184 1178 2251 αῦτσῦ
1187 2190 1313 2269 ἐργάται

60 2267 180 2346 Ἰούδα,
205 2269 256 2332 καί
277 2262 415 2348 λαλήσεις
432 2270 491 2330 έκεῖ
506 2291 562 2331 τον
578 2263 671 2345 λόγον
702 2264 827 2352 δωρεάν,
853 2271 905 2331 καί
917 2266 971 2333 τόν
983 2268 1097 2348 μισθὸν
1112 2267 1208 2333 αῦτοῦ
1222 2266 1259 2331 οῦ
1270 2267 1311 2352 μή

63 2355 192 2424 τοῦτον,
216 2354 231 2391 ²
243 2351 295 2413 καὶ
307 2353 387 2431 ἐρεῖς.
414 2346 503 2413 ῦκουι
515 2347 604 2424 λόγον
615 2376 669 2413 κυ-
702 2348 852 2414 ἀποδώσει
862 2349 956 2432 αὐτῷ.
975 2350 1004 2393 ¹⁴
1016 2347 1212 2435 ᾠκοδόμησας
1222 2375 1312 2416 σεαυ-

63 2441 129 2517 ρίου
141 2432 259 2518 βασιλεῦ
269 2429 385 2507 Ἰούδα,
410 2427 427 2494 ὁ
441 2440 608 2533 καθήμενος
620 2435 670 2498 ε’πῖ
701 2436 745 2516 τῷ
760 2432 844 2498 οἷκον
855 2428 1031 2517 σύμμετρον,
1053 2430 1174 2518 ῦπερῷα
1187 2431 1312 2520 ῥιπιστά

63 2513 177 2598 θρόνου
190 2516 295 2594 Δαυὶδ,
310 2512 347 2581 σύ
358 2515 412 2579 ’καὶ
424 2512 441 2578 ὁ
455 2513 538 2589 οἶκος
551 2540 607 2580 σου
620 2517 670 2580 καὶ
701 2515 890 2599 διεσταλμένα
902 2522 1016 2601 θυρίσι,
1040 2520 1092 2581 καὶ
1105 2517 1269 2600 ε’ξυλωμενα
1281 2522 1313 2582 έν

63 2598 81 2666 ό
95 2596 168 2675 λαός
178 2626 243 2676 σου,
255 2601 307 2664 καὶ
320 2603 350 2664 σί
362 2596 593 2682 εἰσπορευόμενοι
604 2609 671 2674 ταῖς
701 2600 796 2684 κέδρῳ
807 2601 858 2663 καί
875 2603 1045 2706 κεὲρισμένα
1058 2604 1088 2664 ἐν
1099 2601 1204 2683 μίλτῳ.
1231 2599 1311 2684 16μή

63 2680 171 2758 πύλαις
187 2679 320 2757 ταύταις.
357 2683 371 2723 ³
385 2675 455 2746 τάδε
470 2681 546 2758 λέγει
558 2677 669 2767 κύριος.
699 2678 884 2768 βασιλεύσης,
898 2707 945 2747 οτι
960 2683 996 2748 σὺ
1009 2687 1165 2777 παροξυνῇ
1178 2685 1210 2749 έν
1221 2681 1313 2767 Ἄχαζ

63 2778 172 2833 ποιεῖτε
197 2772 291 2851 κρίσιν
312 2767 364 2830 καί
384 2759 592 2848 δικαιοσύνην,
619 2767 670 2830 καὶ
700 2770 745 2849 τῷ
758 2755 854 2852 πατρί
866 2793 920 2832 σου
927 2794 938 2844 ,·
966 2763 1003 2832 οῦ
1015 2763 1180 2849 φάγονται,
1206 2770 1259 2832 καὶ
1272 2764 1310 2832 οῦ

63 2845 668 2935 έξαιρεῖσθεδιηρπασμένονε’κχειρὸςῦδι-
699 2855 829 2915 πίσνται.
852 2842 970 2937 βέλτιόν
991 2875 1023 2916 σε
1040 2861 1136 2917 ποιεῖν
1152 2849 1242 2936 κρίμα
1259 2851 1312 2916 καί

61 2939 186 3009 κοῦντος
211 2932 321 3009 αὐτὸν,
347 2933 399 2997 καὶ
415 2931 601 3080 προςήλυτον
618 2934 669 2997 καῖ
700 2929 893 3018 δικαιοσύνην.
906 2931 996 3000 18οῦκ
1010 2938 1154 3012 ἔγνωσαν,
1165 2933 1220 3000 οῦκ
1231 2937 1311 3019 ἔκρι-

62 3016 198 3102 ὀρφανὸν
207 3019 258 3082 καὶ
266 3012 405 3101 χήρανμή
416 3040 495 3080 κατα
514 3015 668 3083 υναστεύε-
701 3042 755 3082 ναν
768 3022 861 3103 κρίσιν
873 3022 1013 3101 ταπεινῷ,
1028 3015 1099 3084 οῦδὲ
1111 3022 1206 3103 κρίσιν
1218 3021 1311 3103 πένη-

61 3127 107 3175 τι,
133 3103 183 3165 καῖ
195 3100 236 3184 μή
249 3100 385 3187 ἀσεβεῖτε,
411 3100 464 3165 καὶ
474 3099 548 3184 αἷμα
561 3097 669 3166 ἀθῶον
700 3125 762 3175 τος.
788 3098 827 3166 οῦ
846 3098 938 3167 τοῦτό
955 3105 1036 3166 ἐστιν
1051 3101 1088 3166 τὸ
1097 3100 1141 3207 μή
1153 3105 1267 3180 γνῶναί
1279 3125 1311 3167 σε

60 3183 100 3267 μή
114 3186 229 3269 ε’κχέητε
242 3188 329 3268 ἐντῷ
342 3180 430 3267 τόπῳ
443 3179 553 3266 τούτῳ.
570 3179 668 3249 4διότι
700 3183 760 3268 ἐμὲ,
773 3183 848 3262 λέγει
860 3181 962 3271 κύριος
965 3212 978 3265 ,·
1004 3187 1031 3228 ¹⁷
1044 3185 1109 3251 Ιδου
1123 3183 1181 3251 οῦκ
1194 3187 1266 3251 εἰσίν
1279 3187 1312 3251 ολ

61 3268 113 3332 ἐὰν
143 3273 297 3342 ποιοῦντες
328 3262 470 3352 ποιήσητε
497 3266 552 3331 τὸν
576 3262 669 3347 λόγον
700 3266 859 3350 ὀφθαλμοί
882 3296 951 3346 σου,
977 3266 1048 3335 οῦδὲ
1073 3265 1092 3351 ή
1118 3270 1228 3355 καρδία
1254 3294 1311 3335 σου

60 3355 182 3427 τοῦτον,
207 3353 259 3416 καὶ
271 3347 475 3426 εἶςελεύσονται
487 3354 518 3414 ἐν
529 3360 596 3426 ταῖς
607 3347 668 3417 πῦ-
699 3349 775 3436 καλή
786 3351 866 3417 ἀλλά
880 3358 920 3428 εἷς
932 3349 986 3455 τήν
998 3351 1170 3428 πλεονεξίαν
1180 3377 1245 3426 σου,
1258 3352 1310 3415 καί

61 3434 126 3508 λαις
138 3438 193 3498 τοῦ
206 3436 289 3498 οἴκου
302 3433 555 3580 τώτουβασιὴθ
568 3430 666 3516 καθή-
699 3439 738 3507 εἷς
750 3433 787 3499 τό
801 3435 875 3515 αίμα
892 3433 928 3499 τὸ
948 3439 1057 3498 αθιῦσν
1073 3438 1131 3497 τοῦ
1143 3437 1238 3517 ἐκχέαι
1251 3431 1309 3497 αῦ-

59 3541 139 3599 μενοι
154 3516 205 3580 ἐπὶ
215 3512 330 3600 θρόνου
344 3517 423 3580 Δαυ“
441 3562 450 3592 ,
467 3517 520 3579 καὶ
533 3519 667 3601 ε’πιβιβη-
698 3514 750 3590 τὸ,
775 3520 827 3581 καί
843 3521 882 3592 εἰς
899 3512 1069 3601 ἀδικήματα
1086 3517 1139 3581 καί
1155 3521 1194 3590 εῖς
1207 3510 1307 3598 φόνον,

59 3595 197 3678 κότεςέφ’
212 3593 354 3681 ἁρμάτων
372 3599 551 3671 καῖ’ίππων,
577 3596 668 3663 αῦτοί
698 3602 755 3663 τοῦ
780 3612 874 3664 ποιεῖν
891 3595 981 3665 αῦτά.
1020 3598 1112 3665 18δεδι
1129 3604 1222 3666 τοῦτο
1238 3595 1309 3665 τάδε

59 3684 111 3747 καὶ
123 3684 154 3746 οῖ
165 3682 268 3756 παῖδες
284 3677 400 3755 αῦτῶν,
426 3675 509 3745 καλό
524 3677 598 3754 λαὸς
611 3679 666 3746 αῦ-
698 3681 774 3757 λέγει
791 3680 893 3768 κύριος
905 3685 955 3748 ἐπὶ
968 3680 1105 3767 Ἰωακείμ
1119 3680 1186 3748 υἱόν
1204 3680 1308 3750 Ἰωσία

59 3771 131 3831 τῶν.
146 3761 217 3829 ὄέάν
229 3764 262 3829 δὲ
273 3761 313 3848 μή
324 3759 470 3846 ποιήσητε
480 3760 550 3837 τούς
559 3759 667 3841 λόγους
696 3765 823 3849 βασιλέα
846 3763 961 3832 Ἰούδα.
987 3767 1038 3830 καλ
1063 3768 1113 3832 ἐπὶ
1137 3765 1189 3832 τὸν
1209 3765 1268 3833 άνδ
1287 3792 1308 3832 α

59 3845 205 3924 τούτους,
231 3846 294 3913 κατ’
310 3851 440 3930 ἐμαυτοῦ
455 3845 570 3931 ῦμοσα,
589 3847 666 3925 λέγει
698 3851 818 3926 τοῦτον,
843 3848 880 3914 οῦ
894 3845 1047 3934 κόψονται
1059 3847 1162 3926 αῦτὸν,
1180 3839 1260 3916 ῦάδ

58 3929 169 4018 κύριος,
187 3928 234 3996 ότι
247 3937 284 4008 εἰς
296 3927 441 4013 ἐρήμωσιν
453 3932 537 3997 έσται
551 3926 570 3996 ὁ
584 3931 667 4006 οἶκος
698 3929 745 4013 εμὲ,
771 3930 841 3999 οῦδὲ
853 3931 892 4018 μή
906 3929 1088 4000 κλαύσονται
1101 3931 1205 4014 αῦτὸν,
1225 3936 1308 4018 οἴμοι

60 4014 158 4092 οῦτος.
194 4011 270 4081 θὸτι
289 4013 359 4081 τάδε
375 4015 452 4091 λέγει
470 4009 569 4100 κύριος
586 4015 665 4081 κατὰ
697 4011 784 4101 κύριε.
797 4014 932 4121 19ταφήν
945 4015 1015 4084 ῦνου
1026 4016 1306 4103 ταφήσονται,συμ-

58 4105 114 4165 τοῦ
133 4101 217 4165 οἴκου
232 4100 377 4205 βασιλέως
394 4092 510 4165 Ἰούδα..
535 4099 668 4164 Γαλαάδ
697 4102 826 4183 ιγησθεὶς
839 4103 992 4185 ριφησεται
1005 4097 1306 4187 θιεκεινατήςπύλης

58 4179 95 4248 σύ
106 4209 156 4267 μοι
169 4180 244 4268 άρχη
257 4189 313 4250 τοῦ
325 4176 472 4270 Λιβάνου,
495 4177 548 4248 ἐάν
559 4182 601 4266 μή
614 4188 666 4248 θιῦ
692 4180 895 4270 Ἰερουσαλήμ.
921 4187 952 4229 ²⁰
965 4183 1099 4273 ἀνάβηθι
1118 4190 1158 4262 εῖς
1175 4185 1228 4251 τὸν
1242 4190 1305 4250 Λί-

57 4292 89 4332 σε
100 4272 139 4341 εἰς
151 4270 268 4353 ἔρημον,
280 4262 379 4343 πόλεις
390 4265 431 4350 μή
444 4276 666 4349 κατοικηθησο-
694 4269 789 4352 βανον
801 4268 853 4333 καί
865 4265 991 4354 κράξον,
1012 4271 1064 4335 καί
1076 4275 1115 4346 εἰς
1127 4267 1181 4355 τήν
1192 4268 1305 4335 Βασάν

56 4353 158 4434 μένας,
177 4351 248 4415 7καί
261 4349 363 4426 ἐπάξω
376 4353 426 4416 ἐπὶ
439 4349 470 4415 σὲ
483 4345 664 4435 όλοθρεύον-
695 4348 746 4426 δὸς
770 4348 826 4437 τήν
851 4348 953 4437 φωνήν
970 4380 1041 4430 σου,
1068 4357 1119 4420 καὶ
1134 4350 1247 4440 βόησον
1266 4358 1305 4428 είς

56 4459 96 4498 τα
108 4432 214 4517 άνδρα,
226 4433 278 4498 καί
290 4432 345 4498 τὸν
356 4434 482 4499 πέλεκυν
493 4430 601 4511 αὐτοῦ,
613 4435 666 4497 καί
694 4431 730 4500 τό
742 4438 837 4522 πέρας
849 4441 902 4522 της
915 4433 1090 4520 θαλάσσης,
1113 4434 1160 4501 ὅτι
1173 4441 1305 4520 συνετρί-

55 4511 219 4602 έκκόιμουσι
236 4513 291 4591 τάς
310 4515 446 4603 έκλεκτάς
464 4517 585 4604 κέδρους
598 4543 664 4599 σου,
693 4520 787 4604 βησαν
798 4515 909 4594 πάντες
921 4523 952 4584 οῖ
963 4524 1091 4606 ἐρασταί
1101 4543 1166 4584 σου.
1193 4515 1304 4586 21ἐλά-

762 4600 846 4688 Ggg
865 4628 882 4669 α
1225 4602 1303 4689 λησα
