2924 4972
319 205 761 267 AETTEPONOMION
798 208 875 283 Κεφ.
888 200 946 269 κδ’.
960 201 1010 269 κε’.
1023 202 1075 273 24.
1088 208 1141 273 25.
1294 213 1359 278 203

108 315 160 378 σοί
183 309 324 396 ἁμαρτία.
363 311 462 378 11σῦκ
486 311 716 380 ἀποθανοῦνται
754 316 805 381 καὶ
819 313 980 400 συνοικήσει
998 316 1085 408 αὐτῇ.
1124 319 1203 382 1’καί
1220 320 1304 383 ἔσται
1321 318 1358 385 τῦ

109 399 232 481 πατέρες
245 394 320 483 ὑπὲρ
333 398 459 472 τέκνων,
481 399 532 460 καί
545 400 575 460 οἶ
589 399 649 461 υἶσὶ
660 394 715 462 σῦκ
752 399 873 465 παιδίον
885 396 904 465 ὃ
916 399 969 467 ίάν
988 405 1070 495 νίκη,
1096 397 1357 486 κατασταθήσεται

109 478 339 547 ἀποθανοῦνται
361 474 438 565 ῦπὲρ
457 483 605 564 πατέρων.
645 485 716 544 ἕνα·
754 483 785 544 ἐκ
798 489 853 548 τσῦ
873 480 1022 568 ὀνόματος
1039 489 1094 550 τοῦ
1111 481 1358 568 τετελευτηκότος,

109 589 178 637 στος
191 565 222 627 ἐν
243 568 281 690 τη
303 565 417 626 ἑαυτοῦ
436 560 568 649 ἁμαρτίᾳ
587 562 714 628 ἀποθσ-
753 568 805 629 καὶ
817 565 872 630 σῦκ
885 564 1128 649 ἐξαλειφθήσεται
1142 565 1178 632 τὸ
1192 566 1288 648 ὄνομα
1302 567 1356 633 αῦ·

109 659 207 711 νεῖται.
243 652 256 689 1
286 644 341 711 σῦκ
360 645 495 722 ἐκκλινεῖς
513 654 607 733 κρίσιν
624 672 716 732 προς·
755 653 808 711 τοῦ
822 646 993 736 ἐξἸσραήλ.
1021 649 1100 717 7ἐῦιν
1113 651 1145 716 δὲ
1158 647 1200 734 μή
1212 647 1361 737 βσῦληται

109 726 218 815 ηλῦτου
240 732 291 795 καί
310 728 447 815 ὀρφανοῦ
466 732 517 794 καί
532 726 634 815 χήρας.
659 727 715 793 σῦκ
754 726 772 794 ὁ
791 730 952 816 ἅνθρωπος
974 734 1073 820 λαβεῖν
1089 731 1144 819 τήν
1160 748 1285 813 γυναῖκα
1303 740 1359 800 τοῦ

107 808 286 916 ε’νεηυράσεις
298 817 415 896 ῖματιον
426 808 527 898 χήρας.
545 815 633 878 11καί
642 840 715 897 μνη·
755 811 888 894 ἀδελφοῦ
915 815 1029 893 αὐτοῦ,
1059 819 1111 881 καὶ
1135 814 1312 904 ἀναβήσεται
1340 815 1358 903 ή

106 908 206 989 σθηση
219 895 265 962 ὅτι
279 899 393 1000 οἰκέτης
405 885 491 979 ήσθα
508 901 539 962 ἐν
559 903 599 984 γῇ
614 896 715 974 Αίγῦ-
753 894 827 981 γυνή
840 899 890 960 ἰπὶ
901 897 956 981 τήν
968 896 1065 982 πῦλην
1077 903 1127 963 ἐπὶ
1139 899 1192 984 τήν
1204 909 1360 987 γερουσίαν

105 1007 184 1062 πτῳ,
198 983 249 1045 καί
261 976 449 1066 ἐλυτρωσατό
464 1005 493 1045 σε
506 976 606 1066 κῦρως
616 976 633 1046 ὁ
644 977 715 1055 θεός
753 982 805 1044 καὶ
819 982 885 1063 ἐρεῖ.
912 978 949 1044 οῦ
963 983 1044 1046 θιλιι
1062 979 1080 1047 ὃ
1093 979 1219 1062 ἀδελφὸς
1235 990 1290 1050 τοῦ
1305 984 1358 1049 ἀν·

106 1089 162 1128 σου
176 1066 294 1130 ἐκεῖθεν.
316 1060 366 1129 ῦιά
379 1069 471 1128 τοῦτο
484 1059 542 1142 ἐγώ
556 1089 603 1129 σοι
616 1063 715 1130 ἐντελ-
754 1058 824 1147 δρῦς
847 1088 907 1144 μου
933 1061 1102 1147 ἀναστῆσαι
1124 1061 1161 1129 τὸ
1185 1064 1280 1169 ὄνομα
1305 1071 1360 1133 τοῦ

105 1148 195 1229 λομαι
207 1159 302 1213 ποιεῖν
314 1147 351 1212 τὸ
370 1150 444 1229 ίν’γμσι
457 1150 558 1210 τοῦτο.
576 1144 670 1211 11ἐάν
683 1145 715 1210 δὲ
754 1144 886 1227 ἀδελφοῦ
900 1143 996 1211 αὐτοῦ
1008 1151 1039 1212 ἐν
1052 1143 1191 1248 Ἰσραήλ,
1217 1174 1273 1213 ουκ
1292 1148 1301 1171 '
1329 1153 1360 1215 ε’-

106 1227 220 1313 ἀμήσης
233 1227 350 1314 ἀμητὸν
363 1172 399 1292 λυ
412 1233 456 1310 τῷ
470 1227 553 1312 ἀγρῷ
568 1254 639 1304 σου,
664 1230 717 1293 καί
754 1225 1277 1333 λησενόἀδὰηὸςτοῦανδρόςμσυ.
1311 1234 1362 1296 καί

107 1300 242 1404 ἐπελάθη
256 1310 376 1417 δράγμα
389 1314 421 1374 ἐν
429 1316 473 1394 τῷ
485 1310 568 1395 ἀγρεῦ
580 1336 646 1387 σου,
661 1308 717 1375 οῦκ
754 1313 928 1378 καλέσουσιν
940 1311 1035 1378 αυτὸν
1054 1310 1073 1396 ἢ
1085 1318 1225 1395 γερουσία
1238 1316 1289 1394 τής
1302 1311 1362 1378 πό-

108 1393 329 1487 ἀναστραφηση
343 1395 443 1498 λαβεῖν
456 1393 541 1458 αῦτό.
566 1399 613 1478 τῷ
624 1420 717 1478 προς-
754 1396 827 1471 λεως
844 1393 955 1474 αῦτσῦ,
982 1397 1034 1461 καί
1050 1399 1170 1481 ἐροῦσιν
1186 1392 1278 1477 αὐτῷ.
1310 1399 1363 1462 καί

108 1472 208 1561 ηλῦτῳ
233 1482 286 1543 καί
310 1481 354 1542 τῶ
372 1485 497 1561 σρφανῷ
514 1479 566 1541 καί
583 1483 621 1571 τῇ
637 1472 715 1562 χήρη
754 1478 826 1554 στάς
838 1481 919 1572 εἴπη,
937 1476 974 1545 οῦ
985 1475 1133 1582 βούλομαι
1146 1477 1244 1565 λαβεῖν
1256 1475 1360 1563 αῦτήν.

107 1564 206 1635 ἔσται,
231 1565 280 1627 ἵνα
294 1543 439 1655 εῦλογήση
452 1587 484 1628 σε
500 1556 600 1648 κῦριος
613 1556 631 1625 ὁ
642 1556 715 1638 θεός
752 1563 833 1627 1καὶ
847 1563 1052 1649 προσελθοῦσα
1070 1589 1089 1644 η
1107 1558 1181 1646 γυνή
1200 1567 1254 1628 τσῦ
1272 1560 1360 1629 ἀδά-

108 1670 163 1710 σου
187 1648 218 1710 ἐν
241 1649 316 1711 πᾶσι
333 1657 398 1720 τοῖς
424 1650 520 1733 ε”ργσις
537 1649 598 1711 τῶν
612 1648 715 1730 χειρῶν
775 1651 812 1710 οῦ
826 1645 923 1711 αὐτοῦ
936 1650 1035 1712 ἔναντι
1051 1651 1104 1731 τής
1115 1651 1283 1746 γερουσίας,
1308 1648 1360 1711 καί

928 1724 1011 1748 §tl

107 1754 169 1792 σου,
188 1727 276 1793 2οἐὰν
288 1724 319 1794 δὲ
331 1729 516 1823 ι’·λυισλσγῇς,
530 1725 587 1792 σῦκ
600 1731 715 1793 ἐπανα-
753 1725 891 1794 υπσλῦσει
903 1756 940 1796 το
952 1730 1093 1814 υποδημα
1103 1732 1199 1793 αυτοῦ
1210 1725 1247 1793 τὸ
1255 1724 1359 1794 ἑνάπά

106 1815 239 1896 στρέψας
247 1807 482 1896 καλαμήσασθαι
492 1811 532 1878 τά
542 1809 642 1877 ὀπίσω
647 1837 712 1878 σου.
751 1817 805 1879 τοῦ
817 1810 910 1888 ποδὸς
923 1810 1030 1891 αῦτσῦ,
1048 1814 1101 1878 καί
1113 1806 1290 1895 ίμπτῦσεται
1303 1839 1360 1877 κα-

107 1899 152 1977 τῷ
177 1891 354 1981 προςηλάτῳ
379 1899 432 1962 καὶ
455 1901 500 1981 τῷ
518 1893 643 1998 ὀρφανῷ
661 1898 714 1961 καὶ
751 1895 790 1962 τά
801 1892 963 1983 πρόςωπον
975 1894 1081 1975 αῦτσῦ,
1094 1897 1146 1961 καί
1157 1892 1359 1981 ἀποκριθεῖσα

106 1983 144 2070 τῇ
156 1975 234 2083 χήρη
247 1983 348 2055 ἐσται,
369 1981 420 2044 καί
432 1990 592 2073 μνησθηση
605 1975 652 2044 ὅτι
666 1983 713 2043 σί-
751 1983 816 2065 ἓρεῖ.
852 1978 934 2047 οῦτω
951 1979 1111 2064 ποιήσουσι
1128 1983 1173 2061 τῷ
1191 1976 1358 2064 ἀνθρώπω,

106 2064 191 2146 κὲνης
204 2072 288 2144 ησθα
302 2066 333 2128 ἐν
344 2066 385 2140 γ’
396 2060 559 2148 Αίγῦπτῳ.
580 2059 630 2127 ῦιά
641 2067 713 2127 τοῦ·
750 2060 783 2138 ὃς
796 2062 853 2129 σῦκ
863 2070 909 2129 οίκ
962 2047 1047 2146 μήσει
1056 2061 1110 2129 τὸν
1119 2061 1201 2127 οἷκον
1211 2068 1266 2127 τοῦ
1276 2043 1359 2127 ἀδελ·

107 2169 144 2208 τσ
158 2142 215 2223 ἐγώ
229 2171 277 2210 σοι
291 2149 359 2211 ι’ντέ
411 2173 464 2229 μαι
477 2159 572 2212 ποιεῖν
584 2141 621 2210 τὸ
632 2147 714 2229 ῥῆμα
752 2152 812 2228 φοῦ
825 2145 921 2212 αῦτοῦ
935 2150 966 2212 ἐν
976 2144 1115 2232 Ἰσραήλ,
1140 2149 1169 2189 ¹⁰
1180 2149 1231 2209 καί
1243 2141 1358 2227 κληθ’-

107 2234 208 2292 τοῦτο.
243 2231 272 2269 ²¹
284 2226 337 2293 ίάν
351 2227 382 2292 δὲ
395 2225 543 2320 τρυγήσης
556 2228 609 2294 τὸν
621 2225 715 2308 ἀμπε-
753 2254 833 2294 σεται
846 2227 883 2294 τὸ
899 2229 996 2312 ὄνομα
1009 2228 1107 2294 αὐτοῦ
1120 2232 1151 2293 ἐν
1160 2224 1292 2330 Ἰσραήλ,
1312 2173 1358 2292 σλ-

108 2308 189 2376 λῶνά
202 2337 272 2386 σου,
294 2308 608 2415 σῦκέπανατρυγήσης
622 2307 715 2375 αῦτὸν
753 2338 805 2386 κος
833 2318 889 2376 τοῦ
916 2308 1120 2387 ῦπσλυθέντος
1145 2309 1182 2375 τὸ
1208 2307 1357 2415 υπόδημα.

108 2391 147 2492 τὰ
161 2392 258 2457 ὀπίσω
273 2419 339 2458 σου.
362 2396 595 2496 τῷπροςηλυτῳ
608 2394 715 2475 καὶτῷ
753 2392 845 2457 11ίάν
861 2394 892 2458 δὲ
910 2388 1062 2476 μάχωνται
1080 2393 1238 2495 ἅνθρωποι
1256 2397 1306 2456 ἕπε
1322 2392 1359 2457 τὸ

781 2473 791 2495 ²

108 2480 235 2557 σρφανῴ
261 2478 313 2575 καί
333 2481 370 2564 τῇ
389 2480 584 2576 χηρηςὲσταε,
622 2475 652 2514 ²²
666 2477 717 2539 καί
756 2475 847 2549 αυτὸ,
873 2474 1038 2560 ἀνθρωπσς
1060 2500 1134 2557 μετα
1159 2478 1212 2537 τοῦ
1230 2473 1359 2575 ἀβελφσῦ

398 2560 404 2579 ,

107 2554 267 2705 μνησθήση
280 2556 328 2659 {m
341 2562 454 2640 σίκστης
463 2567 553 2659 Ιησθα
566 2561 598 2622 ἐν
609 2559 647 2635 γῆ
656 2559 718 2621 Αἰ·
756 2557 864 2635 αῦτοῦ,
878 2560 929 2622 καὶ
941 2557 1095 2648 προςελθη
1110 2551 1127 2639 ή
1140 2555 1215 2657 γυνή
1228 2559 1293 2630 ε’νος
1304 2582 1361 2620 αυ-

107 2667 223 2724 γυπτῳ.
264 2667 295 2704 ια
308 2645 399 2704 τοῦτο
414 2643 472 2719 ἐγω
485 2666 531 2706 σοι
543 2624 718 2724 ἐντέλλομαι
755 2647 817 2708 τῶν
828 2642 979 2719 ἐξελέσθαι
991 2639 1043 2706 τὸν
1052 2640 1146 2724 ἀνδρα
1160 2641 1361 2723 αυτήςίκχει-

107 2737 206 2790 ποιεῖν
218 2722 254 2789 τὸ
266 2728 348 2812 ῥῆμα
365 2729 466 2790 τοῦτο.
755 2726 808 2813 ρὸς
820 2731 875 2790 τοῦ
893 2719 1056 2801 τῦπτσντσς
1073 2720 1181 2799 αὐτὸν,
1205 2725 1256 2788 καὶ
1270 2726 1361 2788 ἐκτεί-

139 2816 151 2842 ⁰
283 2814 319 2873 K
328 2815 359 2872 E
372 2813 410 2872 Φ.
453 2803 536 2874 ΚΕ.
755 2838 834 2877 νασα
851 2810 907 2894 τήν
923 2820 1006 2894 χεῖρα
1018 2805 1192 2911 ἐπιλάβηται
1206 2811 1266 2874 τῶν
1279 2802 1360 2872 ἀιδῦ·

107 2859 244 2959 Εάνάὶ
261 2895 381 2978 γένηται
398 2890 554 2971 ἀντιλογία
567 2890 715 2976 ἀναμέσον
754 2920 817 2978 μων
830 2891 939 2969 αὐτοῦ,
975 2896 1002 2934 ¹²
1016 2890 1183 2975 ἀπσκοφεις
1203 2887 1257 2972 τήν
1268 2904 1358 2976 χεῖρα.

107 2974 295 3063 ἀνθρώπων,
313 2979 364 3042 καὶ
375 2978 586 3064 προςελθωσιν
599 2981 637 3052 είς
650 2981 716 3063 κρί-
755 2975 791 3042 οῦ
805 2978 933 3059 φείσεται
947 2973 965 3044 ῦ
980 2971 1137 3058 ὀφθαλμός
1150 2999 1204 3039 σου
1217 2971 1260 3038 ἐπ’
1273 2972 1358 3065 αὐτῇ.

108 3089 168 3138 σιν,
195 3063 246 3126 καί
261 3067 392 3148 κρίνωσι,
418 3057 664 3127 καίδικαιῶσωσι
678 3057 714 3127 τὸ
753 3060 848 3127 13σῦκ
874 3064 958 3127 ἔσται
984 3063 1015 3125 ἐν
1041 3065 1085 3144 τῷ
1109 3061 1275 3144 μαρσίππῳ
1304 3083 1358 3122 σου

107 3146 235 3221 δίκαιον,
260 3148 311 3210 καί
327 3151 497 3223 καταγνῶσε
510 3150 567 3211 τοῦ
581 3142 715 3232 ἀσεβοῦς,
754 3139 902 3229 στάθμιον
920 3146 972 3210 καὶ
989 3140 1153 3226 στάθμιον,
1178 3144 1255 3224 μέγα
1274 3139 1359 3226 ἢμι-

107 3231 181 3293 2καὶ
193 3235 276 3294 ἔσται
290 3227 341 3292 ε’ἀν
355 3229 435 3305 ἀξιος
446 3217 465 3321 ᾗ
477 3229 601 3312 πληγῶν
614 3226 632 3294 ὁ
645 3227 715 3294 ἀοε-
752 3226 832 3314 κρόν.
870 3230 900 3271 ¹⁴
914 3227 972 3293 σῦκ
996 3231 1080 3292 ἔσται
1102 3230 1132 3291 ἐν
1149 3231 1186 3315 τῇ
1206 3230 1285 3307 οἰκίᾳ
1304 3250 1359 3289 σου

106 3317 185 3398 βῶν,
210 3323 325 3384 καθιεὶς
344 3309 437 3376 αὐτὸν
455 3317 550 3376 ἔναντι
568 3315 629 3377 τῶν
650 3337 714 3396 κρι-
753 3316 861 3394 μέτρον
885 3313 938 3374 καί
961 3312 1082 3395 μέτρον,
1107 3313 1182 3390 μέγα
1207 3305 1226 3389 ἢ
1246 3301 1358 3389 μικρόν.

107 3401 184 3469 τῶν,
210 3397 262 3457 καί
279 3391 510 3474 μαστιγώσουσιν
524 3391 618 3457 αῦτὸν
631 3398 714 3458 ἐναν-
754 3389 934 3475 11στάθμισν
943 3388 1086 3473 ἀληθινὸν
1095 3393 1145 3453 καὶ
1153 3389 1266 3451 δίκαιον
1276 3392 1361 3453 ἔσται

110 3484 178 3541 τίον
191 3471 292 3539 αῦτῶν
305 3472 383 3538 κατὰ
395 3473 449 3557 τήν
463 3474 597 3558 ἀσέβειαν
610 3474 715 3550 αὐτοῦ,
755 3503 815 3552 σοι,
840 3477 893 3540 καί
907 3477 1014 3558 μέτρον
1027 3468 1170 3554 ἀληθινὸν
1182 3469 1233 3532 καὶ
1246 3471 1361 3536 δίκαιον

109 3561 182 3625 3καί
195 3558 316 3644 ἀριθμῷ
330 3552 551 3641 τεσσαράκοντα
564 3554 715 3638 μαστιγῶ·
756 3563 839 3627 ἔσται
863 3584 928 3631 σοι,
954 3562 1003 3623 ἵνα
1020 3550 1204 3655 πολυήμερος
1220 3555 1288 3643 γεύη
1311 3554 1361 3618 ἐπὶ

110 3669 212 3710 σουσιν
228 3639 330 3712 αὐτόν,
356 3638 393 3706 οῦ
410 3635 642 3740 προςθήσουσεν.
669 3637 718 3704 ἐὰν
756 3646 809 3724 τῆς
819 3646 886 3725 γῆς,
913 3631 945 3741 ής
962 3635 1061 3724 κῦριος
1074 3634 1091 3702 ὁ
1104 3647 1175 3711 θεας
1188 3659 1242 3699 σου
1254 3636 1361 3703 δίδωσί

111 3728 142 3793 δὲ
160 3730 294 3813 πρσςθής
310 3729 497 3808 μαστιγῶσαι
512 3723 587 3808 νπὲρ
607 3717 719 3796 ταῦτας
759 3750 806 3789 σοι
826 3728 856 3788 ἐν
869 3725 978 3807 κλήρῳ.
1004 3723 1033 3764 ¹⁶
1047 3717 1093 3786 ὅτι
1105 3719 1252 3807 βδέλυγμα
1266 3728 1357 3807 κυρίῳ

112 3810 165 3887 τάς
190 3801 307 3896 πληγὰς
329 3811 464 3884 πλείους,
490 3800 718 3891 ἀσχημονήσειῦ
754 3811 801 3890 ’τῷ
823 3810 887 3887 θεοῦ
906 3832 959 3870 σου
977 3809 1037 3880 πῶς
1053 3809 1147 3869 ποιῶν
1163 3806 1273 3880 ταῦτα,
1298 3809 1359 3881 πᾶς

112 3892 238 3975 ἀδελφός
251 3922 306 3960 σου
320 3897 451 3958 ἐναντίον
465 3917 528 3956 σου.
546 3893 562 3932 ⁴
573 3889 610 3956 οῦ
623 3885 719 3972 φιμῶ-
757 3894 853 3955 ποιῶν
866 3888 974 3953 ἀδικον.
992 3891 1017 3931 ¹⁷
1026 3884 1171 3990 μνήσθητι
1184 3882 1243 3952 ὅσα
1256 3893 1355 3973 ἐποίη-

114 4006 170 4055 σεες
181 3984 255 4084 βοῦν
269 3975 417 4043 ἀλοῶντα.
441 3971 517 4040 1ἰάν
527 3974 557 4039 δὲ
571 3977 718 4039 κατοικῶ·
758 3978 792 4040 σε’
809 4001 856 4040 σοι
870 3969 1002 4057 Ἀμαλήκ
1019 3974 1049 4036 ἐν
1067 3974 1105 4062 τῇ
1121 3973 1183 4056 σδῷ
1198 3972 1354 4059 ἕκπορευσ-

115 4090 159 4129 σιν
172 4065 298 4143 αδελφοί
308 4063 358 4127 ἐπί
368 4061 403 4126 τὸ
414 4056 499 4132 αῦτὸ,
511 4061 562 4124 καὶ
574 4055 717 4149 ἀπσθάνη
756 4064 842 4143 μένου
862 4084 916 4124 σου
934 4059 965 4122 ἐκ
975 4061 1028 4142 γής
1040 4053 1216 4134 Αἱγῦπτσυ,
1254 4060 1282 4100 ¹⁸
1293 4062 1358 4130 πῶς

114 4148 152 4221 εἷς
169 4152 200 4225 ἐξ
217 4146 331 4220 αὐτῶν,
358 4148 476 4229 σπέρμα
490 4141 521 4207 δὲ
537 4139 577 4226 μή
591 4129 610 4228 ᾗ
624 4140 717 4224 αὐτῷ,
756 4141 884 4226 ἀντέστη
898 4167 944 4206 σοι
958 4145 989 4206 ἐν
1000 4144 1038 4234 τῇ
1050 4135 1122 4225 ὁδῷ,
1135 4144 1186 4206 καὶ
1198 4142 1292 4221 ε’ίιοψέ
1304 4165 1358 4204 σου

116 4228 169 4295 σῦκ
183 4235 266 4296 ἔσται
281 4226 298 4314 ή
311 4226 385 4311 γυνή
399 4231 454 4292 τοῦ
466 4222 643 4308 τεθνηκότος
656 4228 718 4300 ἔξω
755 4226 809 4309 τήν
826 4224 971 4312 οῦραγίαν
989 4222 1058 4301 τοῦς
1075 4230 1242 4294 κοπιῶντας
1258 4220 1357 4286 ὀπίσω

115 4312 200 4399 ἀνδρί
211 4314 251 4398 μή
265 4316 415 4390 ἐγγίζοντι,
429 4305 582 4390 ῦάδελφὸς
594 4314 650 4374 τοῦ
664 4306 718 4372 ἀν-
757 4333 811 4373 σου
815 4358 826 4386 ,
853 4305 889 4375 σῦ
904 4308 936 4373 δὲ
953 4312 1066 4381 ἐπείνας
1084 4309 1134 4370 καὶ
1146 4309 1283 4378 ἐκοπίας,
1309 4305 1358 4365 καί

116 4395 185 4481 δρὸς
209 4396 301 4478 αῦτής
321 4390 504 4468 εἰςελεῦσεται
520 4390 595 4475 πρὸς
614 4388 718 4471 αῦτήν,
757 4388 809 4455 σῦκ
826 4387 962 4474 ἐφοβήθη
979 4387 1031 4455 τὸν
1047 4386 1128 4452 θεόν.
1166 4386 1359 4485 119καὶιέσται

115 4482 166 4545 καί
192 4476 319 4566 λήψεται
345 4476 439 4561 αὐτήν
466 4477 565 4557 ἑαυτῷ
583 4487 718 4554 γυναῖκα,
758 4470 842 4558 ήνίκα
854 4473 905 4539 ἐὰν
917 4467 1095 4562 καταπαῦση
1108 4490 1137 4530 σε
1149 4489 1247 4548 κυριος
1260 4488 1277 4524 ο
1289 4471 1360 4534 θεας

616 4574 620 4580 ·
1312 4566 1368 4602 σου
