2924 4972
167 208 224 273 ιεσ·
411 205 858 275 σσννπεοινσισιοιυ
884 200 1146 285 σεσιτηὶπσ

159 316 282 395 σσῦντάς
292 344 331 383 σε.
342 319 426 380 16καί
435 320 518 406 φανῇ
526 312 626 379 πάντα
637 315 675 378 τά
690 318 761 383 σκῦ-
794 320 844 381 ’ίνα
866 318 931 398 ζῆτε
949 317 1000 381 καὶ
1022 300 1321 397 πολυπλασιασθῆτε,
1345 319 1396 380 καί

159 404 198 467 λα
211 406 271 467 τῶν
290 403 401 476 ἐθνῶν,
425 397 447 463 ἀ
463 399 561 482 κύριος
579 394 598 462 5
617 392 689 472 θεός
706 422 761 461 σου
795 397 940 480 είςελιθητε
951 398 1003 461 καί
1018 393 1249 502 κλῳρονομιρσητε
1268 397 1320 479 τὴν
1331 404 1395 480 γῆν,

159 488 262 551 δίδωσί
275 509 330 549 σοι.
370 480 407 546 οῦ
425 486 554 563 φείσεται
572 475 762 582 ὁῦσθαλιιὸς
794 475 830 563 ἣν
843 478 937 561 ώμσσε
948 479 1047 564 κύριος
1060 480 1158 555 σθεὸς
1170 484 1248 560 υμῶν
1258 492 1321 555 τοῖς
1333 507 1395 545 πα-

161 595 215 635 σσυ
228 565 270 633 ἐπ’
287 565 405 640 αὐτοῖς,
430 566 482 628 καί
497 561 533 628 οὐ
549 559 589 646 μὴ
605 562 762 654 λατρευσρς
794 558 897 666 τράσιν
910 558 999 646 ῦμῶν.
1036 564 1115 629 2καί
1125 557 1282 655 μνησθῆσρ
1294 567 1394 627 πᾶσαν

160 664 224 726 τοῖς
236 659 318 724 θεοῖς
335 646 446 713 αὐτῶν.
485 642 532 710 ὅτι
545 647 661 711 σκῦλον
672 649 762 711 τοῦτο
795 669 849 728 την
861 641 946 721 ὁδὸν,
972 640 1121 728 ἣνῆγανέ
1136 668 1168 710 σε
1183 640 1281 729 κῦριος
1294 641 1311 708 5
1324 644 1395 721 θεός

160 736 222 800 δ’στι
235 758 291 798 σοι.
317 730 401 794 17ίδιν
413 728 444 793 δὲ
456 729 542 822 λέγῃς
553 733 584 793 ἐν
595 733 633 820 τῇ
646 729 761 810 διανοίᾳ
795 754 850 794 σου
863 733 893 794 ἐν
905 732 943 828 τῳ
955 724 1064 813 ἐρήμῳ,
1088 725 1170 802 ὅπως
1180 725 1217 792 ἀν
1227 721 1350 819 κακώσῃ
1363 755 1394 794 σε

161 842 231 891 σου,
257 812 304 879 ὅτι
318 812 397 879 πολὺ
409 808 445 876 τά
457 814 544 887 ἔθνος
556 809 679 893 τοῦτοῆ
691 810 761 889 ἐγώ,
794 813 845 876 καί
856 837 892 876 πε
943 837 981 903 σρ
998 834 1046 885 σε,
1063 811 1114 876 καί
1130 810 1237 887 διαννισ
1289 813 1349 872 ’τὰ
1364 815 1395 875 ἐν

160 903 226 973 ποῦς
238 893 397 981 δυνήσομαι
409 894 619 979 ἐξολοθρεῦσαι
631 890 743 967 αὐτούς
748 921 760 971 ,·
795 898 833 997 τῇ
844 919 883 958 κα
920 899 1027 976 ίασσυ,
1040 896 1065 956 εί
1077 888 1191 986 φυλάξῳ
1204 891 1259 967 τάς
1305 893 1395 972 τολάς

160 982 189 1024 ¹⁸
211 979 248 1046 οῦ
270 974 431 1073 ῳσβηθὴσρ
448 972 565 1051 αῦτσῦς.
589 982 671 1059 μνείᾳ
690 1001 762 1059 μνη·
795 981 889 1041 αυτοῦ
901 974 921 1077 ἢ
933 971 978 1039 οῦ.
1003 974 1081 1039 3καί
1097 971 1231 1040 eadm&
1244 1000 1288 1048 σε,
1302 980 1352 1040 καί
1364 981 1394 1040 ε’-

162 1057 273 1146 σθήσῃ,
287 1059 344 1127 ὅσα
353 1065 474 1143 ἐποίησε
485 1055 611 1145 κῦρισςῦ
624 1054 694 1135 θεός
707 1084 762 1125 σου
794 1058 986 1142 λιμανχονιρσί
1006 1082 1053 1132 σε,
1077 1058 1128 1121 καί
1149 1053 1286 1141 ίῳώμισί
1308 1085 1337 1124 σε
1359 1057 1395 1124 τὸ

159 1151 204 1230 τῳ
217 1143 333 1231 Φαραώ
346 1145 398 1209 καί
408 1147 484 1208 πᾶσι
496 1154 559 1217 τοῖς
570 1144 760 1245 Αίμυπτίσις.
792 1136 897 1228 μα’ννα,
911 1135 930 1205 5
946 1136 1001 1204 οῦκ
1017 1138 1134 1235 ᾔδεισαν
1152 1144 1183 1204 σί
1194 1143 1319 1223 πατέρες
1331 1166 1393 1207 σου.

159 1228 263 1303 κενεοὺς
275 1226 452 1313 πειρασμοῦς
463 1225 535 1300 τοῦς
545 1224 698 1308 μεναλους,
708 1220 762 1300 οῦς
793 1228 842 1291 ίνα
855 1221 1011 1326 ἀναρνείλῃ
1024 1248 1088 1297 σοι,
1114 1218 1162 1287 ὅτι
1179 1221 1234 1287 οῦκ
1251 1222 1294 1287 ἐπ’
1310 1223 1394 1308 ἀρτῳ

159 1313 265 1376 ἴδοσαν
280 1315 312 1375 ολ
328 1309 487 1391 ὀφθαλμοί
507 1334 561 1373 σου
565 1358 576 1387 ,
600 1306 640 1372 τά
658 1318 760 1391 σημεῖα
792 1304 874 1391 μόνῳ
890 1300 1038 1390 ζησεταιῦ
1057 1303 1232 1390 ἀνθρωπος,
1259 1303 1323 1372 ἀλλ’
1346 1310 1396 1372 ἐπί

158 1396 210 1459 καί
222 1392 261 1458 τά
275 1395 388 1477 τέρατα
399 1390 438 1456 τά
450 1386 564 1473 μεμάλα
576 1393 682 1465 ἐκεῖνα,
706 1388 761 1474 τὴν
793 1391 884 1457 παντί
906 1384 1014 1475 ῥήματι
1036 1392 1080 1470 τῷ
1102 1391 1319 1491 ἐκπορευομένῳ
1346 1387 1395 1456 διά

158 1488 240 1560 χεῖρα
252 1472 305 1557 τὴν
317 1471 474 1559 κραταιάν,
491 1474 543 1537 καί
555 1471 608 1538 τὸν
618 1477 761 1558 βραχίονα
794 1469 944 1577 στόματος
960 1475 1035 1536 θεοῦ
1055 1466 1170 1556 ζήσεται
1188 1467 1205 1535 5
1224 1473 1393 1557 ἄνθρωπος.

158 1558 213 1624 τὸν
228 1552 351 1641 ῦψιρλόν.
395 1554 436 1633 ὥς
453 1550 576 1640 ἐξήγαγέ
587 1581 618 1621 σε
631 1551 760 1639 κῦριοςὸ
792 1554 862 1619 4τα
882 1548 984 1637 Mu&
1001 1578 1055 1618 σου
1072 1552 1126 1617 οῦκ
1145 1550 1320 1638 ίπαλαιώθρ
1332 1553 1394 1619 ἀπὸ

159 1635 231 1716 θεός
243 1666 306 1715 σου,
319 1633 401 1705 οῦτοι
418 1636 533 1722 ποιήσει
546 1634 646 1743 κῦριος
658 1635 676 1702 5
690 1634 761 1713 θεὸς
794 1641 865 1713 σοῦ,
885 1633 924 1702 τά
937 1631 1114 1719 ῦποδήματά
1126 1663 1179 1701 σου
1191 1634 1227 1701 οῦ
1240 1642 1395 1723 κατετρίβη

159 1721 240 1807 ῦμοῦν
251 1727 328 1788 πᾶσι
339 1734 402 1798 τοῖς
415 1725 529 1787 ἔθνεσιν
533 1772 544 1800 ,
569 1718 622 1797 οῦς
633 1717 669 1786 σῦ
681 1725 760 1812 φοβῇ
793 1718 858 1787 ἀπὸ
871 1723 937 1786 σοῦ.
963 1723 994 1785 σί
1005 1716 1093 1794 πόδες
1105 1745 1160 1787 σου
1173 1717 1228 1786 οῦκ
1241 1717 1394 1804 ἐτυλώθη-

159 1803 223 1871 ἀπὸ
248 1800 414 1891 προσώπου
439 1802 548 1869 αὐτῶν.
583 1807 615 1849 ²⁰
630 1805 683 1869 καί
707 1804 761 1876 τὰς
794 1828 861 1879 σαν,
887 1800 951 1869 ἰδοῦ
976 1797 1197 1887 τεσσαράκοντα
1222 1806 1283 1888 ἔτη.
1315 1804 1394 1868 6καί

160 1894 287 1971 σφηκίας
304 1885 464 1953 ἀποστελεῖ
478 1882 580 1972 κῦριος
596 1883 615 1952 5
627 1881 693 1963 θεός
706 1913 760 1953 σου
792 1882 891 1980 γνώσῃ
903 1891 940 1980 τῇ
953 1886 1061 1969 καρδίᾳ
1073 1910 1136 1959 σου,
1150 1880 1197 1950 ὁέι
1210 1881 1251 1962 ὡς
1260 1888 1327 1961 εἴτις
1339 1884 1394 1951 σίν-

159 1975 199 2047 ελς
210 1969 339 2046 αὐτοῦς,
358 1972 413 2046 ἕως
432 1968 469 2035 ἀν
480 1973 650 2057 ἐκεριβεῦσιν
662 1973 693 2034 ολ
706 1997 761 2036 κα-
793 1979 918 2055 θρισπος
929 1963 1073 2061 παιδεῦσρ
1085 1964 1138 2032 τὸν
1146 1968 1213 2033 υἱὸν
1224 1966 1328 2046 αιίτσῦ,
1341 1965 1395 2035 οῦ·

159 2053 371 2137 ταλελειμμένοι
388 2055 440 2120 καὶ
454 2056 486 2118 οἱ
502 2055 685 2138 κεκρυμμένα
698 2051 760 2117 ἀπὸ
792 2077 837 2118 τοι
859 2048 958 2138 κύριος
978 2046 996 2115 5
1018 2047 1090 2126 θεός
1112 2078 1168 2117 σου
1183 2047 1330 2118 παιδεύσει
1353 2077 1393 2118 σε.

161 2143 225 2203 σοῦ.
259 2135 335 2203 21οῦ
352 2131 498 2241 τρσθῆσρ
515 2133 580 2202 ἀπὸ
598 2131 761 2221 προςώπου
793 2136 873 2200 οκαί
885 2128 1001 2229 φυλάξρ
1018 2132 1073 2210 τάς
1091 2129 1213 2210 ίντολάς
1226 2140 1327 2217 κυρίου
1339 2139 1395 2200 τοῦ

160 2218 278 2296 αὐτῶν,
302 2217 350 2286 ὅτι
361 2215 465 2305 κύριος
481 2244 499 2284 ο
512 2214 582 2294 θεός
594 2245 647 2284 σου
659 2220 690 2283 ἐν
702 2221 760 2295 σοί,
792 2222 867 2293 θεοῦ
880 2243 934 2284 σου
944 2213 1120 2303 πορεύεσθαι
1131 2219 1160 2281 ἐν
1171 2229 1236 2293 ταῖς
1245 2215 1326 2293 ὁδοῖς
1338 2215 1393 2282 αῦ·

160 2302 230 2377 θεὸς
232 2306 330 2406 μίμας
342 2303 393 2366 καί
405 2296 555 2405 κραταιός.
571 2304 655 2367 22καί
665 2326 761 2367 κατα·
793 2304 858 2376 τοῦ,
882 2302 935 2365 καί
959 2304 1118 2387 φοβεῖσθαι
1143 2297 1244 2367 αῦτόν.
1270 2297 1314 2365 7ῦ
1334 2298 1393 2386 γάρ

159 2385 283 2452 ναλονσει
305 2384 404 2470 κύριος
426 2410 444 2450 ο
465 2380 536 2461 θεός
548 2410 604 2450 σου
624 2380 665 2450 τά
687 2387 761 2468 ἔθνη
793 2379 892 2468 κῦριος
905 2379 923 2448 5
936 2380 1007 2458 θεός
1019 2408 1071 2448 σου
1084 2379 1184 2488 είςάἑει
1195 2409 1227 2450 σε
1238 2387 1278 2461 είς
1289 2388 1344 2468 νῦν
1355 2381 1395 2448 ἀ-

160 2473 258 2535 ταῦτα
278 2466 341 2536 ἀπὸ
361 2463 522 2555 προςώπου
546 2493 599 2532 σου
619 2466 695 2534 κατὰ
714 2495 761 2550 μι-
791 2464 890 2550 γαθίρν
902 2463 1088 2549 καίπσλλὴν,
1113 2491 1149 2531 ου
1161 2470 1308 2555 χείμαῤῥοι
1322 2461 1392 2532 ῦδά-

159 2552 232 2656 κρὸν
248 2548 361 2640 μικρόν.
397 2550 434 2619 οῦ
453 2546 562 2636 δυνιξση
579 2550 760 2629 ἐξαναλῶσαι
793 2550 1033 2633 των,καίπηγαί
1049 2546 1187 2636 ἀβύσσων
1201 2547 1395 2656 ἐκπορευόμε-

160 2636 270 2711 αυτοῦς
282 2631 424 2719 τοτάχσς,
442 2640 491 2700 ίνα
507 2623 550 2717 μὴ’
559 2637 678 2717 γίνηται
690 2632 709 2717 ἢ
722 2637 761 2717 γῆ
794 2657 840 2698 ναι
851 2632 901 2698 διά
911 2635 971 2697 τιῦν
981 2633 1089 2698 πεδίων
1098 2635 1149 2698 καί
1157 2630 1207 2699 διά
1218 2639 1279 2699 τῶν
1292 2632 1393 2721 ἀρτων.

160 2721 279 2801 ἔρημος,
297 2718 351 2781 καί
361 2717 525 2808 πληθυνθῇ
538 2717 588 2780 ίπί
601 2717 634 2780 σὲ
645 2715 685 2781 τά
700 2726 757 2821 θιρ-
793 2718 860 2800 θμῆ
877 2718 975 2823 πυροῦ
992 2717 1043 2780 καί
1059 2719 1178 2800 κριο”ς,
1192 2715 1332 2802 ἀμπελοι,
1344 2742 1395 2783 συ-

159 2806 212 2884 ρία
229 2797 268 2863 τὰ
286 2797 386 2882 ἄγρια.
407 2800 437 2840 ²³
447 2801 498 2863 καί
514 2795 687 2879 παραδώσει
704 2825 760 2863 αυ-
793 2811 854 2873 καῖ,
867 2802 946 2884 ρσαι,
958 2803 998 2882 γῆ
1015 2800 1117 2875 ε’λαίας
1131 2744 1235 2866 λλαίου
1252 2802 1302 2863 καί
1312 2801 1394 2881 μελι-

159 2881 231 2957 τοῦς
241 2876 343 2963 κύριος
360 2878 378 2944 5
391 2877 464 2955 θεός
477 2905 532 2945 σου
548 2885 588 2953 εἰς
600 2880 654 2961 τᾲς
664 2878 761 2968 χεῖράς
793 2906 851 2957 τος.
873 2883 932 2987 ⁹⁷5
944 2880 987 2962 ἐφ’
1002 2872 1036 2967 ἧς
1047 2880 1084 2948 οῦ
1095 2881 1168 2965 μετά
1177 2888 1322 2966 πτωχείας
1334 2907 1394 2961 φα-

161 2992 226 3040 σου,
239 2966 291 3030 καί
303 2962 425 3038 ἀπολεῖς
442 2961 552 3037 αὐτοῦς
564 2959 698 3048 ἀπωλείᾳ
710 2992 761 3047 με·
792 2969 830 3047 μῆ
842 2961 894 3029 τὸν
906 2989 998 3049 αρτον
1011 2990 1077 3040 σου,
1103 2968 1154 3031 καὶ
1167 2962 1222 3030 οῦκ
1235 2961 1394 3059 ίνδερθήσῳ

159 3044 253 3137 γάλῃ,
273 3052 328 3121 ἕως
345 3044 383 3109 ἀν
399 3043 623 3130 ἐξολσθρεῦσητε
642 3044 759 3124 ἀυτοῦς.
793 3038 837 3113 ἐπ’
854 3046 946 3133 αὐτῆς
958 3046 1053 3113 οὐδέν.
1077 3053 1117 3132 μῆ
1129 3039 1163 3132 ἧς
1175 3052 1206 3113 σί
1217 3048 1300 3115 λίθοι
1314 3049 1393 3131 σι’δσ-

159 3130 191 3171 24
202 3130 253 3192 καὶ
264 3123 432 3210 παραδώσει
445 3129 514 3204 τοῦς
522 3128 650 3214 βασιλεῖς
661 3129 760 3196 αῦτιῦν
793 3156 860 3215 ρος,
885 3134 936 3196 καὶ
949 3134 981 3195 ίκ
999 3136 1060 3196 τῶν
1071 3128 1165 3216 ὀρέων
1181 3129 1271 3212 αὐτῆς
1282 3131 1392 3213 μεταλ·

161 3216 200 3285 είς
211 3209 265 3287 τὰς
276 3222 373 3296 χεῖρας
391 3206 483 3294 ῦμοῦν,
507 3213 558 3276 καὶ
575 3209 712 3278 ἀπολεῖτε
724 3214 759 3280 τὸ
793 3208 898 3289 λεῦσεις
915 3209 1033 3299 χαλκόν.
1070 3215 1099 3257 ¹⁰
1111 3213 1162 3276 καί
1179 3218 1262 3304 φανῇ
1278 3215 1329 3276 καί
1341 3214 1393 3294 ε’μ·

159 3291 252 3374 ὄνομα
276 3290 377 3359 αὐτῶν
398 3297 429 3359 ἐκ
451 3300 505 3360 τοῦ
526 3291 623 3361 τόπου
643 3299 759 3363 ἐκείνου.
791 3293 966 3400 πλρσθῆσῳ,
992 3299 1043 3363 καί
1054 3289 1213 3379 εῦλσνήσεις
1229 3289 1328 3380 κῦριον
1341 3294 1393 3359 τόν

159 3374 213 3441 σῦκ
226 3373 429 3461 ἀντιστήσεται
441 3377 542 3454 οὐθείς
555 3377 632 3445 κατά
643 3375 760 3463 πρῦςισ-
791 3391 864 3445 θεον
876 3406 929 3446 σου
948 3383 998 3444 ἐπί
1014 3384 1065 3462 τῆς
1074 3381 1133 3482 μῦς
1144 3382 1196 3463 τῆς
1212 3375 1342 3482 ἀναθῇς,
1359 3370 1393 3462 ἧς

158 3458 216 3525 πόν
228 3488 290 3538 σου,
304 3467 358 3537 ἕως
371 3462 408 3527 ἀν
416 3459 628 3573 ἕξολοθρεῦσρς
640 3459 758 3538 αὐτοῦς.
791 3465 902 3529 δέδοικέ
913 3489 968 3530 σοι.
990 3466 1014 3506 ²¹
1023 3487 1140 3548 προςεχε
1151 3465 1264 3545 σεαυτῷ
1275 3490 1315 3546 μη
1328 3465 1392 3529 ἀπι-

158 3545 187 3587 ²⁵
204 3545 243 3609 τά
260 3543 378 3623 γλυπεά
394 3549 454 3610 τῶν
469 3550 549 3610 θεῶν
566 3550 667 3611 πατῶν
684 3542 760 3611 καῦ-
792 3544 874 3652 λάθῳ
892 3553 996 3632 κυρίου
1014 3550 1070 3611 τοῦ
1086 3549 1164 3610 θεοῦ
1181 3572 1253 3622 σου,
1275 3550 1333 3610 τοῦ
1351 3542 1390 3649 μίρ

159 3650 221 3691 σετε
232 3634 313 3711 πυρί.
350 3625 403 3692 οῦκ
416 3623 604 3710 ἐπιθυμήσεις
619 3625 760 3733 ἀργύριον
791 3623 919 3712 φυλάξαι
936 3629 991 3704 τὰς
1008 3626 1131 3707 ίντσλάς
1147 3625 1256 3703 αῦτοῦ,
1284 3630 1335 3693 καί
1352 3652 1392 3693 τα

159 3707 229 3772 οῦδὲ
240 3714 359 3793 χρυσίον
376 3708 427 3776 ἀπ’
447 3709 546 3775 αῦτοῦν
566 3710 603 3776 οῦ
615 3711 699 3815 λρψη
712 3738 758 3778 σε-
791 3721 919 3801 κρίματα
940 3714 991 3777 καί
1013 3709 1053 3777 τά
1079 3707 1263 3794 δικαιώματα
1284 3707 1390 3788 αῦτοῦ,

160 3788 259 3872 αὐτῷ,
280 3790 320 3873 μὴ
333 3799 458 3883 πτοίσῃς
470 3791 503 3857 δι’
520 3792 605 3871 αὐτὸ,
630 3788 758 3922 ὅσι’ρίδέ-
790 3793 847 3863 ὅσα
860 3796 919 3875 ἐγὼ
931 3794 1102 3877 ἐντελλομαί
1117 3821 1164 3860 σοι
1178 3792 1307 3880 σήμερον.
1320 3796 1391 3879 12μὴ

159 3871 254 3974 λῳγμα
265 3879 356 3958 κυρίῳ
374 3880 417 3959 τῴ
431 3880 494 3959 θεῷ
507 3902 562 3942 σου
576 3882 645 3945 ίστί.
671 3883 686 3923 ²
707 3882 757 3944 καί
789 3879 894 3961 φαγών
905 3883 956 3944 καί
974 3877 1150 3962 ἐμπλησθεὶς
1165 3881 1216 3944 καὶ
1229 3881 1325 3954 οἰκίας
1337 3905 1393 3943 κα·

159 3981 214 4021 ουκ
233 3961 360 4032 εῖςοίσεις
379 3959 526 4044 βδελυγμα
549 3965 588 4037 είς
604 3962 657 4027 τὸν
673 3957 757 4027 οἶκόν
788 3961 843 4039 λᾶς
868 3957 1061 4046 οἰκοδομήσας
1088 3963 1140 4025 καί
1161 3958 1339 4045 κατοικήσας
1362 3964 1392 4026 ίν

159 4064 232 4113 σου,
249 4042 299 4103 καί
318 4037 454 4125 ἀνάθεμα
471 4047 524 4126 ε”ση
542 4039 636 4130 ιῦςπερ
654 4047 755 4108 τοῦτο.
788 4041 910 4121 αῦταῖς,
931 4046 1094 4109 13καίτοῦν
1111 4048 1192 4129 βοοῖν
1204 4070 1257 4108 σου
1270 4046 1392 4109 καὶτῶν

158 4127 392 4206 πρσςσχθίσματι
409 4117 605 4230 προςορθιεῖς,
622 4128 674 4197 καὶ
689 4126 755 4212 βδε-
787 4124 946 4214 προβάτων
958 4152 1013 4192 σου
1023 4129 1259 4210 πληθυνθένεονν
1273 4124 1392 4213 σοι,ἀρ-

158 4203 280 4288 λυμματι
291 4201 426 4298 βδελῦξῃ,
438 4204 484 4272 δ’τι
497 4205 633 4292 ανάθεμά
644 4212 713 4275 ἔστι.
785 4217 890 4317 γυρίου
903 4212 953 4275 καί
964 4215 1084 4314 χρυσίου
1095 4209 1321 4294 πληθυνθέντσς
1334 4236 1392 4285 σοι,

355 4295 388 4356 1(
399 4296 429 4354 Ε
443 4297 480 4356 Φ.
524 4288 580 4357 H'.
786 4289 1394 4377 καιπάντανὁσιονσοιὲσταιπληθυνθίν-

155 4337 222 4437 Π
214 4367 288 4450 ἀσας
300 4370 354 4448 τὰς
366 4373 485 4449 ἐντολὰς
502 4370 538 4448 ἀς
551 4370 609 4451 ἐμοῦ
621 4373 755 4439 ἐντέλλο-
785 4401 846 4440 των
856 4403 912 4453 σοι,
922 4373 1081 4457 14ῦῳιυθῆς
1091 4381 1129 4467 τῇ
1138 4376 1257 4461 καρδίᾳ,
1266 4379 1317 4441 καί
1327 4380 1392 4442 ἒπε-

152 4482 205 4537 μαι
228 4452 294 4537 ῦμῖν
315 4460 436 4542 σήμερον
462 4451 627 4535 φυλάξεσθε
649 4469 754 4536 ποιεῖν,
786 4454 868 4551 Moy
878 4462 981 4540 κυρίου
991 4444 1055 4522 τοῦ
1056 4463 1130 4524 θεοῦ
1139 4463 1271 4531 σου.τοῦ
1283 4460 1393 4563 ἐξανα-

1321 4568 1391 4622 μον-
