2924 4972
316 199 764 266 Δσννσνοινονιιου
800 197 1005 281 κηποι
1027 191 1072 260 ιε.
1090 192 1136 262 ιο.
1290 195 1352 262 197

110 346 179 401 ματι
197 317 306 394 αὐτοῦ,
333 317 425 421 αῦτὸρ
437 323 489 383 καί
504 323 536 383 οί
549 321 606 384 vid
618 317 713 384 αῦτοῦ
745 326 777 384 τί
785 346 846 403 μου
857 323 936 427 ρήμα
949 315 969 383 3
982 317 1018 384 οῦ
1031 319 1201 401 προςίταξα
1213 319 1352 403 λαλῆσαι,

109 408 139 469 ἐν
153 414 212 477 τοῖς
230 406 301 476 υίοίς
317 399 447 487 Ἶσραηλ.
474 401 713 487 6ἐῦινδὲπαρο-
745 399 889 479 καίῦςαν
905 397 981 486 λαλή
1036 405 1067 465 ἐν
1084 396 1209 484 ὀνόματι
1226 406 1306 467 θεῶν
1319 404 1352 467 ί·

108 490 226 570 γίνηται
239 481 257 549 3
269 491 396 568 Λευίτης
407 488 439 548 ἐκ
449 490 517 567 μιᾶς
527 489 586 550 τῶν
599 480 713 549 πόλεων
746 489 848 573 τέρων,
861 428 1062 551 άποθανσείται
1077 480 1096 548 3
1109 480 1266 568 προφήτης
1278 488 1350 550 ent-

109 573 140 633 ἐκ
152 563 275 634 πάντων
300 573 361 632 τῶν
373 571 445 633 υἱῶν
455 566 585 655 Ἰσραήλ,
611 559 645 632 οῦ
659 566 713 632 αῦ-
746 593 804 644 νος.
830 573 856 611 ²¹
870 568 922 634 ίάν
934 568 966 634 δι’
979 569 1062 662 εἴπης
1073 571 1103 630 ἓν
1114 572 1151 661 τῇ
1164 569 1272 654 καρδίᾳ
1285 594 1351 644 σου,

111 651 160 727 τὸς
171 663 313 736 παρακεῖ,
327 649 395 715 καθ’
411 648 458 716 ὅτι
471 649 633 758 ε’πιθιηιιείί
654 671 715 732 φιυ·
746 656 812 726 πῶς
829 651 1005 735 γνωσόμεθα
1022 653 1059 717 τὸ
1077 655 1157 736 ρήμα
1174 648 1193 717 3
1211 649 1268 716 οῦκ
1281 646 1352 715 ἐλά-

108 735 143 821 χή
156 733 258 808 αῦτοῦ,
272 740 310 810 είς
323 732 376 800 τὸν
393 730 486 800 τόπον
499 732 533 798 ὃν
546 737 612 800 ανί
657 736 715 818 ’ξη-
747 734 816 818 λησε
839 731 957 821 κῦριος,·
984 731 1090 800 21ὅσα
1114 732 1166 799 ἐάν
1190 730 1307 827 λαλήση
1331 730 1350 799 3

111 846 167 894 ται,
193 814 406 902 7λειτουργήοει
420 823 464 902 τῶ
474 813 599 900 ὀνόματι
612 844 647 881 κυ
668 823 714 881 ίου
747 814 903 902 προφήτης
915 821 1021 895 ἐκεῖνος
1040 822 1085 902 τῷ
1102 813 1225 900 ὀνόματι
1237 824 1351 902 κυρίου,

109 907 165 967 τοῦ
181 905 256 966 θεοῦ
274 899 381 976 αῦτοῦ,
392 897 487 988 ῶςπερ
506 897 613 978 πάντες
631 844 665 964 ολ
676 899 713 966 ἆ-
747 901 798 965 καί
809 899 848 982 μή
860 902 989 985 γίνηται,
1013 898 1116 984 καίμή
1130 905 1234 1004 συμβῇ,
1257 905 1350 965 τοῦτο

109 985 212 1064 δελφοί
228 981 323 1049 αὐτοῦ
336 988 368 1049 σί
379 991 505 1051 Λευῖται
520 989 550 1049 οἱ
562 1009 712 1071 παρεστη-
747 983 784 1050 τὸ
797 987 877 1068 ῥήμα
894 979 913 1046 3
935 981 989 1048 οῦκ
1002 981 1126 1066 ἐλάλησε
1138 1010 1244 1070 κυριος.
1270 987 1300 1048 ἐν
1313 981 1347 1048 ά-

109 1061 193 1142 κότες
210 1069 270 1132 ἐκεῖ
285 1071 419 1132 ἐναντίον
442 1073 545 1152 κυρίου
564 1073 618 1133 τοῦ
637 1071 713 1132 θεοῦ
749 1071 848 1169 σερίείη
868 1064 1009 1150 ἐλάλησεν
1025 1062 1043 1129 3
1063 1062 1218 1151 προφήτης
1235 1071 1349 1142 ἐκεῖνος.

110 1177 174 1216 σου.
202 1152 332 1238 Βμερίδα
356 1153 555 1236 μεμερισμένην
578 1145 714 1231 φάγεται,
748 1176 803 1215 ουκ
816 1147 961 1231 ἀφέξεσθε
975 1145 1081 1215 αῦτοῦ.

110 1233 189 1336 πλήν
205 1238 290 1335 τήςπ
311 1230 562 1316 άσεωςτήςκατά
574 1228 714 1334 πατριάν.
777 1239 791 1267 '
941 1235 1065 1298 Hm.
1109 1225 1176 1295 10¹.

109 1320 126 1359 ⁹
141 1320 192 1380 ίαν
205 1317 236 1380 δι
249 1261 380 1395 είοίλθης
392 1320 430 1390 είς
441 1312 493 1398 τήν
502 1319 558 1398 γῆν
572 1311 606 1399 ήν
618 1340 717 1399 κυριος

112 1396 131 1463 3
153 1392 223 1473 θεάς
246 1423 302 1462 σου
324 1383 428 1462 δίδωσί
451 1422 510 1473 σοι,
532 1395 569 1462 οῦ
593 1394 716 1493 μαθήση
749 1397 788 1465 τά
800 1404 882 1484 ἔθνη,
895 1393 918 1464 ά
931 1423 949 1463 ο
963 1395 1033 1476 θεὸς
1044 1398 1152 1464 δίδωσί
1162 1423 1211 1462 σοι
1225 1392 1278 1481 τήν
1288 1401 1355 1482 μήν.

110 1493 207 1545 ποιεῖν
218 1476 298 1545 κατά
307 1478 346 1545 τά
353 1476 538 1566 βδελῦνματα
547 1485 607 1546 τῶν
619 1483 716 1546 ἐθνῶν
747 1485 799 1548 καί
816 1477 1134 1566 κατακληρονομήσητε
1150 1478 1276 1558 αῦτοῦς,
1301 1480 1354 1545 καί

111 1568 236 1628 ἐκείνων.
263 1562 352 1667 1θοίνη
362 1560 548 1648 εὑρεθήσεται
562 1566 592 1628 ἐν
605 1567 652 1630 σοί
663 1589 716 1630 πε·
748 1563 942 1651 κατοικήσητε
965 1568 995 1630 ἐν
1012 1576 1079 1640 ταῖς
1099 1560 1220 1629 πόλεσιν
1241 1561 1352 1637 αῦτῶν,

112 1652 298 1733 ρικαθαίρων
321 1672 374 1712 τον
392 1645 458 1712 υίὸν
474 1645 570 1712 αῦτοῦ
594 1650 646 1712 καί
664 1644 716 1731 τήν
747 1652 798 1714 καί
810 1652 840 1715 ίν
852 1660 917 1724 τοῖς
929 1650 1023 1724 οἴκοις
1035 1646 1150 1723 αῦτῶν,
1175 1649 1191 1692 ²
1206 1659 1280 1733 τρεῖς
1293 1642 1352 1712 πά-

111 1729 265 1816 θυνανίρα
282 1727 378 1795 αῦτοῦ
398 1734 429 1795 ἐν
445 1732 528 1835 πυρί,
539 1727 712 1816 μαντευόμε-
747 1734 803 1809 λεις
815 1733 970 1809 διαοτελείς
978 1736 1093 1798 σεαυτοῦ
1101 1733 1132 1796 ἐν
1142 1733 1224 1813 μίσῳ
1238 1733 1289 1813 τῆς
1303 1733 1353 1815 ηής

111 1841 158 1890 νος
169 1819 325 1895 μαντείαν,
347 1813 591 1897 κληδονιζομενος,
604 1818 655 1880 καί
668 1821 714 1880 οί-
747 1844 812 1894 σου,
828 1807 861 1901 ής
878 1812 977 1902 κῦριος
989 1811 1007 1880 3
1019 1798 1091 1892 θεάς
1109 1840 1166 1880 σου
1177 1814 1281 1880 δίδωσί
1292 1838 1342 1879 σον

110 1894 286 1980 ωνιζὸμενος,
299 1895 454 1982 φαρμακὸν
466 1902 491 1940 ¹¹
504 1899 647 1965 ἐπαείδων
659 1903 715 1966 ίπ·
747 1901 761 1943 ³
775 1896 925 1985 στόχασαί
936 1926 986 1967 σοι
999 1896 1051 1982 τήν
1064 1895 1149 1973 ὁδὸν,
1162 1898 1212 1963 καί
1225 1923 1351 1984 τριμερι·

110 1982 220 2066 αοιδήν,
247 1984 498 2067 ίγναστρίμυθος,
525 1983 577 2048 καί
590 2008 715 2068 τερατο-
746 1995 786 2059 είς
798 1982 837 2048 τά
850 1979 919 2069 ὅρια
932 1987 984 2068 τής
994 1986 1048 2066 γῆς
1061 2008 1127 2060 σου,
1147 1977 1182 2068 ήν
1193 1986 1351 2066 καταμερί-

109 2061 229 2143 σκάπος,
242 2068 292 2129 ἐπε
312 2069 399 2129 ωτῶν
412 2063 482 2140 τοῦς
495 2061 619 2150 νεκρούς.
644 2069 673 2109 ¹²
683 2069 714 2130 ἔ·
747 2069 785 2142 ζει
798 2092 846 2133 σοι
858 2062 959 2153 κῦριος
978 2063 997 2131 3
1015 2062 1086 2143 θεός
1103 2091 1160 2131 σου
1165 2113 1176 2141 ,
1202 2067 1254 2131 καί
1267 2069 1351 2129 ἔσται

110 2174 156 2213 στι
168 2145 227 2234 γὰρ
245 2091 395 2236 βδελυγμα
412 2153 504 2233 κυρίῳ
521 2153 565 2231 τῷ
582 2150 645 2231 θεῷ
658 2173 714 2214 σου
748 2154 806 2214 ἐκεῖ
815 2148 972 2232 καταφυγή
982 2151 1074 2214 παντί
1085 2149 1222 2241 φονευτή.
1235 2146 1351 2227 4τοῦτο

109 2237 168 2307 πῶς
192 2237 290 2296 ποιῶν
314 2236 419 2295 ταῦτα.
453 2235 542 2295 ἕνεκεν
566 2231 625 2315 γάρ
656 2234 716 2295 τῶν
747 2226 1113 2317 δὲέσταιτὸπρόςταγμα
1127 2235 1183 2295 τοῦ
1195 2234 1351 2311 φονευτοῦ,

106 2310 316 2400 βδελυγμάτων
348 2308 465 2379 τοῦτων
485 2309 586 2397 κῦριος
612 2313 716 2390 ἐξολο-
749 2311 783 2390 ῦς
799 2312 838 2379 ἂν
856 2311 936 2398 φάνη
953 2317 1025 2390 ε’κεῖ,
1050 2317 1101 2380 καί
1113 2311 1242 2398 ζήσεται,
1266 2310 1352 2388 δςάν

109 2393 226 2480 θρεῦσει
248 2394 362 2471 αῦτοῦς
385 2394 449 2460 ἀπὸ
462 2393 626 2480 προςῶττου
650 2421 715 2460 σου.
747 2392 866 2501 πακάήη
879 2386 931 2461 τὸλ
942 2397 1067 2478 πλησίον
1080 2395 1177 2461 αὐτοῦ
1189 2393 1245 2459 οῦκ
1259 2396 1351 2468 είδῶς,

111 2482 137 2520 ¹³
152 2479 324 2581 τελειοτάτη
338 2480 583 2561 ἔναντίονκυρίου
597 2481 717 2541 τοῦθε·
749 2480 902 2553 καίοντος
927 2475 965 2543 οῦ
983 2482 1074 2560 μισῶν
1099 2475 1193 2541 αὐτὸν
1216 2474 1277 2560 πρὸ
1303 2481 1353 2561 της

110 2566 150 2626 οῦ
163 2587 227 2625 σου.
253 2557 326 2622 14τει
338 2556 396 2643 γάρ
408 2561 481 2642 ἔθνη
495 2562 602 2632 ταῦτα,
615 2553 666 2635 οῦς
680 2557 716 2624 σῦ
747 2560 820 2646 χθὲς
832 2560 883 2624 καί
899 2567 1008 2646 τρίτης.
1035 2560 1112 2624 5καί
1129 2554 1162 2632 ῦς
1174 2556 1226 2622 ίῦιν
1238 2557 1353 2650 είςίλθη

109 2641 378 2728 κατακληρονομείς
390 2637 519 2717 αῦτοῦς,
548 2632 633 2707 οῦτοι
646 2641 716 2726 κλη-
747 2644 820 2729 μετά
836 2648 892 2709 τοῦ
903 2643 1032 2727 πλησίον
1049 2648 1088 2719 εἷς
1101 2638 1353 2729 τὸνδρομῦνσυν·

109 2723 206 2793 δάνων
221 2728 272 2791 καί
276 2729 432 2832 μαντειῶν
450 2724 639 2791 ἆκοῦσονται.
664 2732 717 2790 καί
748 2739 867 2808 αγαμεῖν
884 2723 978 2806 ξάλα,
1005 2730 1055 2792 καί
1071 2731 1240 2813 ἐκκρουσθῆ
1256 2723 1274 2811 ή
1309 2727 1352 2812 είρ

108 2838 156 2877 σοι
177 2809 230 2939 bb}
254 2836 351 2886 ουτως
372 2811 461 2876 ἔδωκε
482 2803 583 2897 κάριος
607 2805 624 2874 3
643 2805 714 2886 θεός
747 2811 843 2879 αὐτοῦ
861 2817 898 2906 τῇ
916 2809 1001 2895 άξίνη
1013 2807 1180 2886 κόπτοντος
1199 2799 1235 2875 τά
1248 2752 1350 2888 ξάάον,

108 2922 173 2960 σου.
200 2899 209 2936 ¹
250 2890 408 2980 προφήτην
434 2896 466 2959 ἐκ
494 2899 554 2959 τῶν
578 2891 714 2977 άδελφῶν
745 2900 797 2962 καί
809 2893 930 2962 ἐκπεσὸν
944 2885 989 2959 τίν’
1000 2891 1132 2981 σιδήριον
1146 2893 1210 2960 άπὸ
1223 2900 1278 2959 τοῦ
1299 2889 1351 2970 ξῦ-

107 3004 177 3054 σου,
203 2974 243 3053 ῶς
256 2978 319 3061 ἐμὲ,
345 2974 504 3063 ἀναστήσει
519 3004 567 3043 σοι
581 2973 681 3063 κάριος
694 2974 711 3042 3
746 2980 802 3047 λου
822 2974 894 3066 τάχη
911 2984 968 3045 τοῦ
979 2979 1117 3064 πλησίον,
1130 2979 1182 3043 καί
1194 2972 1350 3084 άποθάνή,

107 3057 251 3137 θεόςσου.
277 3060 375 3128 αὐτοῦ
386 3057 560 3130 ἀκούσεσθε.
591 3062 711 3126 16κατά
746 3057 837 3142 οῦτος
853 3054 1065 3145 καταφεύξεται
1082 3068 1121 3138 είς
1138 3067 1209 3144 μίαν
1220 3065 1279 3126 τῶν
1290 3087 1351 3127 πο-

105 3142 206 3211 πάντα
223 3142 283 3211 ὅσα
300 3144 404 3236 Ιήτήσω
420 3143 506 3228 παρά
529 3152 632 3233 κυρίου
655 3149 712 3211 τοῦ
744 3149 816 3213 λεων
842 3144 967 3223 τούτων,
987 3150 1039 3213 καί
1060 3143 1185 3233 ζήσεται.
1211 3147 1289 3211 θ’ίνα
1310 3141 1350 3227 μή

106 3233 181 3294 θεοῦ
193 3256 247 3295 σου
260 3233 290 3295 ἐν
303 3226 421 3316 Χωρήβ
436 3235 475 3332 σή
493 3226 586 3316 ήμίρφ
600 3234 649 3314 τής
661 3233 711 3295 ίκ·
744 3228 850 3310 διῶξας
867 3227 884 3296 3
902 3226 1081 3316 ῦγχιοτεῦων
1099 3235 1155 3296 τοῦ
1172 3234 1297 3312 α’ίματος
1314 3226 1352 3290 3-

105 3312 241 3395 κλησίας,
267 3313 415 3390 λέγοντες,
441 3338 478 3376 ου
502 3309 712 3398 προςθήσομεν
744 3321 827 3380 πίσω
844 3317 902 3378 τοῦ
919 3309 1130 3394 φονεύσαντος,
1156 3309 1349 3393 ῦτιπαρατε·

104 3395 238 3462 ἀκοῦσαι
260 3394 313 3475 τήν
331 3392 429 3476 φωνήν
444 3399 547 3477 κυρίου
561 3399 619 3460 τοῦ
635 3398 712 3459 θεοῦ
744 3401 912 3482 θίρμανται
929 3398 967 3478 τῆ
981 3396 1103 3478 καρδίη,
1128 3394 1179 3457 καί
1192 3391 1350 3482 καταλάβῃ

106 3502 179 3548 σου,
205 3475 256 3538 καί
273 3473 308 3539 τὸ
326 3479 388 3577 πῦρ
406 3478 497 3540 τοῦτο
515 3475 550 3541 τὸ
568 3479 644 3558 μέγα
657 3473 712 3542 οῦκ
745 3477 854 3553 αὐτὸν,
879 3476 932 3541 ἐάν
942 3465 1112 3563 μακροτέρα
1126 3465 1145 3567 ᾖ
1160 3471 1177 3556 ή
1191 3471 1276 3548 3339,
1300 3477 1351 3539 καὶ

105 3553 253 3641 ὀψόμεθα
270 3559 328 3634 ἔτι,
355 3555 425 3627 ουδὲ
441 3556 481 3641 μή
503 3554 711 3641 ἀποθάνωμεν.
743 3561 863 3645 πατάξη
877 3558 976 3628 αῦτοῦ
989 3556 1098 3645 ψυχήν.
1117 3559 1170 3621 καί
1182 3550 1282 3639 τοῦτῳ
1295 3555 1350 3640 οήκ

106 3643 198 3706 17καί
222 3640 284 3707 εἶπε
309 3635 346 3706 κά
366 3668 411 3718 ιος
435 3639 513 3725 πρὸς
537 3643 583 3723 με’.
611 3638 714 3726 ὀρθῶς
746 3649 806 3710 ἔστι
818 3638 910 3731 κρίσις
923 3642 1081 3719 θανάτου,
1103 3637 1150 3706 ὅτι
1163 3638 1201 3707 οῦ
1211 3646 1303 3723 μισῶν
1315 3641 1350 3726 ήν

105 3721 207 3791 πάντα
220 3721 278 3791 ὅσα
290 3668 440 3809 ἐλάλησαν
452 3722 528 3808 πρὸς
541 3727 582 3789 σέ.
601 3724 714 3807 Ῑθπρο-
748 3725 842 3792 αὐτὸν
862 3725 991 3812 πρὸτῆς
1010 3725 1095 3812 χθὲς,
1121 3722 1191 3791 οῦδὲ
1209 3723 1271 3812 πρὸ
1297 3730 1349 3811 τήν

106 3804 202 3894 φήτην
214 3805 379 3894 ἀναστήσω
392 3807 496 3884 αὐτοῖς
509 3811 541 3872 ἐκ
554 3811 614 3871 τῶν
628 3804 715 3872 άδελ-
748 3814 855 3896 τρίτης.
882 3813 896 3854 ¹
909 3808 958 3874 διὰ
971 3816 1063 3876 τοῦτο
1081 3805 1139 3886 ίνῶ
1157 3835 1205 3874 σοι
1215 3809 1349 3875 ἐντέλλο-

107 3897 174 3973 φῶν
185 3891 300 3969 αὐτῶν,
326 3886 420 3978 ῶσπερ
439 3893 481 3956 σε’.
506 3893 558 3957 καί
571 3887 661 3956 δῶσω
674 3888 713 3955 τά
745 3920 798 3976 μαι
811 3893 847 3959 τὸ
860 3895 940 3979 ρημα
952 3898 1056 3970 τοῦτο,
1069 3892 1170 3970 λέγων.
1200 3905 1276 3978 τρεῖς
1289 3889 1347 3960 πό-

106 3972 224 4124 ρήματα
237 3980 269 4042 ἐν
282 3981 326 4060 τῶ
339 3972 462 4081 στόματι
475 3973 581 4052 αὐτοῦ,
595 3977 645 4040 καί
658 3974 713 4039 λα-
745 3978 802 4054 λεις
826 3976 983 4054 διαστελεῖς
1009 3981 1130 4044 σεαυτῶ.
1157 3976 1238 4043 θέάν
1253 3978 1313 4043 δὲί
1332 4014 1347 4024 -

127 4086 185 4164 ηοει
204 4058 309 4135 αὐτοῖς
327 4071 390 4124 καθ
424 4056 470 4125 ὅτι
490 4057 527 4123 ἂν
544 4060 711 4142 ι’ντειλωμαι
745 4057 879 4145 πλατῦνη
898 4056 997 4168 κῦριος
1016 4057 1034 4127 3
1056 4042 1128 4138 θεάς
1148 4089 1202 4129 σου
1216 4062 1254 4128 τά
1279 4058 1349 4142 ὅριά

108 4148 200 4208 αυτῶ.
240 4145 268 4187 ¹⁹
279 4146 331 4208 καί
347 4141 365 4208 3
379 4143 543 4226 άνθρωπος
561 4138 595 4219 ῦς
607 4139 660 4208 ἐάν
671 4142 710 4226 μή
746 4173 814 4223 σου,
838 4137 874 4212 ὃν
893 4171 1006 4230 τροπον
1022 4143 1118 4229 ῶμοσε
1134 4158 1198 4223 τοῖς
1213 4143 1348 4231 πατράσι

107 4209 224 4322 άκοῦση
247 4223 304 4293 ὅσα
324 4226 361 4292 ἂν
382 4225 496 4319 λαλήση
517 4223 534 4290 3
556 4222 711 4312 προφήτης
746 4257 810 4304 σου,
824 4231 874 4295 καί
887 4231 930 4315 δῷ
944 4258 992 4298 σοι
1002 4226 1101 4317 κῦριος
1110 4235 1210 4295 πᾶσαν
1218 4226 1272 4311 τήν
1283 4234 1348 4312 μήν,

107 4312 212 4386 ἔκείνος
230 4313 279 4376 ἐπί
291 4315 335 4395 τῶ
348 4308 473 4393 ὀνόματί
483 4336 551 4414 μου,
565 4309 622 4388 ε’νῶ
636 4310 712 4374 ἐκδι·
746 4309 780 4416 ήν
793 4312 853 4379 εἶπε
863 4314 967 4380 δοῦναι
978 4326 1042 4389 τοῖς
1053 4308 1187 4397 πατράσι
1196 4336 1259 4375 σου.
1274 4310 1350 4374 0ἐάν

106 4388 235 4477 κήσωέξ
248 4392 353 4459 αῦτοῦ.
391 4397 423 4437 ²⁰
435 4388 711 4478 πληνῦπροφήτης
745 4393 874 4482 ακοάσης
900 4409 993 4462 ποιεῖν
1023 4391 1122 4466 πάσας
1147 4390 1201 4466 τὰς
1226 4388 1349 4463 ἐντολὰς

106 4472 140 4555 ῦς
152 4475 191 4543 άν
203 4475 333 4571 άοεβήση
342 4476 465 4562 λαλήσαι
480 4476 531 4543 ἐπί
545 4483 586 4561 τῷ
599 4473 710 4560 ὀνόμα-
745 4472 866 4558 ταῦτα’ς,
880 4475 916 4556 ῦς
929 4479 989 4558 ε’νῶ
1007 4472 1182 4552 ἐντέλλομαί
1199 4498 1247 4537 σοι
1261 4469 1345 4553 σήμε·

1283 4573 1349 4636 ιον,

751 1281 844 1381 Εάν
861 1314 895 1382 δὲ
912 1311 1044 1418 άφανίση
1061 1307 1164 1400 κῦριος
1176 1309 1194 1378 3
1208 1308 1280 1388 θεδς
1296 1338 1354 1380 που
