2924 4972
570 28 607 97 2³⁵?

146 248 211 314 380
343 245 634 310 ΒΑΣιΛπιιιιν
660 241 898 305 mmm
936 196 1198 315 τάσεεεε.

150 336 1390 356 ........-------------.-

147 368 199 429 καὶ
223 363 278 429 δύο
304 362 527 442 άλλασσομένας
551 356 676 433 στολάς,
705 363 756 423 καὶ
787 383 841 422 πεν
867 357 950 440 αύτῷ
972 354 1117 429 Ἑλισαιὲ,
1150 360 1202 421 καὶ
1225 356 1398 437 ἐφυλάξατο

150 448 257 531 ἔδωκεν
269 446 319 511 ε’πί
331 442 384 509 δύο
398 444 544 526 παιδάρια
564 439 683 524 αὐτοῦ,
706 443 755 506 καί
789 445 898 505 ἐκεῖθεν
916 437 953 504 ού
971 445 1040 520 μίαν
1057 437 1128 503 οὐδὲ
1145 435 1209 506 δύο.
1235 443 1260 482 ¹¹
1273 447 1324 508 καί
1338 448 1401 521 ἕξε-

148 535 224 615 ήραν
237 533 407 614 ἔμπροσθεν
427 525 531 590 αὐτοῦ.
557 525 589 566 22
602 527 653 589 καί
665 523 756 606 ἦλθεν
788 520 926 607 κινηθηῆ
941 519 1022 607 ψυχὴ
1038 523 1182 607 βασιλέως
1200 530 1315 606 Συρίας
1332 533 1402 611 περί

149 602 188 689 ἐἰς
210 610 246 677 τό
264 609 425 683 σκοτεινόν,
451 610 503 672 καὶ
519 607 625 693 ἐλαβεν
644 611 756 672 ἐκτῶν
789 612 845 671 τού
863 602 956 684 λόγου
973 604 1094 669 τούτου.
1119 609 1172 670 καὶ
1190 606 1308 672 ἐκάλεσε
1327 613 1401 686 τοὺς

148 701 250 782 χειρῶν
268 693 369 759 αὐτῶν
387 694 438 757 καί
453 695 607 777 παρέθετο
628 693 659 754 ἐν
671 690 755 774 οἴκῳ,
788 690 900 764 παῖδας
913 687 1024 764 αὐτοῦ,
1050 690 1102 752 καὶ
1114 688 1175 752 εἶπε
1186 689 1264 775 πρὸς
1277 689 1398 768 αύτούς.

149 783 200 845 καί
227 775 410 853 ἐξαπέστειλε
428 774 499 848 τοὺς
518 773 636 857 ἄνδρας.
662 774 691 817 ²⁵
705 774 757 837 καὶ
788 771 844 837 οὐκ
862 771 1047 849 άναγγελεῖτέ
1063 797 1113 852 μοι
1129 778 1175 846 τίς
1186 774 1355 856 προδίδωσί
1365 802 1400 857 με

149 857 240 935 αὐτὸς
257 860 385 943 εἲςηλθε,
412 859 464 923 καὶ
478 853 661 941 παρειστήκει
679 854 757 942 πρὸς
788 855 905 942 βασιλεῖ
916 850 1052 938 Ἰσραηλ,·
1076 858 1105 895 ¹²
1118 856 1172 919 καί
1187 854 1267 921 εἶπεν
1287 858 1325 932 είς
1337 865 1399 922 τῶν

147 946 202 1010 τὸν
218 939 319 1027 κύριον
338 940 442 1006 αύτοῦ.
468 941 518 1004 καί
538 938 599 1003 εἶπε
611 937 689 1025 πρὸς
701 936 757 1003 αύ-
788 938 906 1004 παίδων
924 936 1029 1001 αὐτοῦ.
1056 935 1123 1022 οὐχὶ
1139 934 1223 1021 κύριὲ
1238 965 1296 1023 μου
1313 945 1399 1025 βασι-

149 1025 204 1094 τόν
224 1023 364 1091 (Ελισαιέ.
393 1019 490 1089 πόθεν
507 1026 604 1100 Γιεζί,·
629 1024 680 1087 καί
696 1020 757 1087 εἶπε
790 1022 849 1097 λεύ,
864 1017 1050 1087 ότιἜλισαιὲ
1063 1017 1080 1083 ὁ
1095 1018 1250 1105 προφήτης
1263 1021 1280 1086 ὁ
1295 1027 1326 1088 ἒν
1336 1022 1398 1088 Ἰσ-

149 1114 239 1187 Γιεζί.
253 1106 289 1173 ού
302 1103 481 1192 πεπόρευται
495 1103 513 1169 5
526 1101 633 1180 δοῦλός
646 1131 701 1171 σου
711 1108 756 1169 έν-
790 1102 868 1191 ραηλ
888 1103 1056 1182 ἀναγγέλλει
1074 1108 1119 1185 τῷ
1137 1106 1254 1189 βασιλεῖ
1273 1103 1398 1189 Ἰσραὴλ

149 1206 195 1259 θα
208 1193 259 1257 καί
271 1195 357 1256 ἔνθα.
384 1192 415 1233 ²⁶
427 1190 480 1253 καί
496 1187 558 1254 εἶπε
573 1187 650 1273 πρὸς
665 1184 758 1252 αὐτόν
789 1184 905 1262 πάντας
923 1187 994 1262 τούς
1011 1182 1121 1262 λόγους
1138 1182 1190 1262 ούς
1202 1184 1253 1251 ἐὰν
1265 1187 1398 1271 λαλησης

146 1275 285 1341 Ἕλισαιέ.
302 1271 369 1358 οὐχί
382 1269 401 1356 ἦ
415 1272 523 1357 καρδία
535 1298 593 1355 μου
607 1267 758 1373 ἐπορεύθη
791 1275 822 1335 ἐν
832 1276 874 1355 τῷ
887 1277 997 1353 ταμείῳ
1010 1273 1065 1332 τοῦ
1079 1265 1221 1345 κοιτῶνός
1235 1263 1399 1337 σου.13ιιἀί

148 1357 222 1445 μετά
239 1361 295 1423 σοῦ
312 1353 362 1420 ὅτε
378 1359 559 1440 ἐπέστρεψεν
575 1351 681 1439 ὁάνηρ
695 1352 757 1419 άπο
791 1352 860 1418 εἷπε.
888 1354 969 1418 δεῦτε
985 1353 1056 1416 ἴδετε
1068 1357 1129 1416 πού
1142 1344 1240 1429 οὗτος,
1253 1356 1305 1417 καὶ
1316 1352 1398 1419 άπα-

149 1446 206 1508 τοῦ
217 1437 353 1524 άρματος
365 1443 404 1511 εἰς
414 1433 557 1519 συναντην
567 1463 614 1501 σοι
620 1465 632 1514 ,·
645 1439 696 1502 καί
709 1441 759 1502 νῦν
791 1437 906 1511 στείλας
918 1433 1055 1520 λήψομαι
1069 1431 1169 1499 αύτόν.
1194 1439 1246 1501 καί
1258 1434 1396 1520 ἀπηγγει-

150 1525 255 1607 ἒλαβες
268 1520 305 1584 τὸ
316 1516 469 1604 ἀργύριον,
478 1522 530 1583 καὶ
539 1524 590 1583 νῦν
602 1519 709 1666 &staff
719 1518 758 1583 τά
791 1520 847 1584 λαν
859 1519 954 1601 αὐτῷ,
971 1518 1112 1596 λέγοντες.
1131 1520 1197 1583 ἰδού
1210 1522 1241 1584 ἐν
1255 1522 1396 1602 Δωθαίζα.

151 1603 269 1689 ἱμάτια,
294 1605 346 1667 καί
362 1601 508 1676 ἕλαιῶνας
525 1599 662 1683 καίάμπε
692 1607 758 1676 ’νας
791 1605 819 1643 ¹⁴
832 1604 884 1667 καί
897 1601 1066 1666 ἀπέστειλεν
1078 1605 1241 1667 ἔκεῖίππον
1254 1606 1305 1667 καί
1317 1600 1397 1689 άρμα

152 1691 203 1756 καί
215 1684 359 1774 πρόβατα
373 1687 425 1750 καί
432 1682 510 1790 βόας
522 1687 574 1749 καί
584 1685 696 1759 παῖδας
708 1687 759 1750 καὶ
790 1687 840 1749 καὶ
852 1682 971 1767 δύναμιν
982 1689 1113 1771 βαρεῖαν,
1127 1688 1179 1749 καὶ
1188 1675 1287 1768 ἦλθον
1297 1685 1399 1760 νυκτός

151 1773 320 1845 παιδίσκας,
331 1771 416 1833 22καὶ
426 1796 445 1852 η
455 1767 550 1854 λέπρα
559 1767 683 1849 Ναιμὰν
691 1768 758 1833 κολ-
791 1770 841 1832 καί
858 1764 1093 1854 περιεκύκλωσαν
1109 1768 1163 1849 την
1180 1766 1275 1833 πόλιν.
1306 1771 1398 1833 15καί

151 1851 313 1939 ληθήσεται
331 1856 362 1917 έν
374 1853 423 1917 σοί
441 1851 492 1915 καί
508 1854 540 1915 ἐν
555 1855 600 1935 τῷ
614 1854 761 1936 σπέρματί
793 1851 940 1937 ὤρθρισεν
956 1848 974 1915 5
992 1850 1159 1937 λειτουργὸς
1177 1849 1308 1915 Ἔλισαιὲ
1321 1848 1397 1915 σἰνα-

151 1965 207 2004 σου
216 1942 255 2011 εἰς
264 1933 317 2000 τόν
325 1939 429 1999 αἰῶνα.
441 1937 492 1998 καί
501 1934 621 2016 ἐξῆλθεν
630 1937 662 1998 ἐκ
671 1959 759 2019 προς-
794 1939 911 2018 στῆναι,
936 1937 986 2000 καὶ
1000 1936 1112 2018 ἐξῆλθε.
1139 1937 1189 1999 καί
1202 1933 1265 1998 ίδοίι
1278 1929 1398 2016 δύναμις

153 2017 242 2086 τύπου
259 2016 354 2084 αὐτοῦ
367 2016 583 2102 λελεπρωμένος
596 2012 662 2092 ὡςεί
678 2014 759 2101 χιών.
793 2019 944 2085 κυκλοῦσα
961 2015 1014 2102 την
1030 2016 1137 2093 πόλιν,
1162 2019 1213 2082 καί
1234 2022 1329 2092 ἵππος
1349 2021 1398 2081 καί

188 2112 190 2116 ’
354 2108 386 2166 Κ
399 2108 429 2164 E
441 2106 478 2165 Φ.
522 2096 559 2176 ς’.
794 2098 883 2206 άρμα.
898 2105 948 2167 καί
961 2100 1021 2166 εἶπε
1032 2099 1069 2165 τό
1083 2098 1241 2187 παιδάριον
1252 2101 1330 2187 πρὸς
1343 2100 1398 2165 αύ-

152 2154 235 2254 Καί
252 2184 336 2250 εἷπον
356 2187 416 2249 υἱοί
427 2188 489 2248 τῶν
505 2188 669 2270 προφητῶν
685 2183 760 2270 πρὸς
794 2208 853 2249 τον.
880 2179 1010 2271 ὦκύριε,
1023 2190 1089 2262 πῶς
1104 2182 1264 2267 ποιήσομεν
1268 2214 1280 2263 ,·
1307 2186 1399 2248 16καί

147 2269 287 2336 Ἐλισαιέ.
314 2267 379 2332 ἰδού
398 2267 434 2353 δι’]
454 2265 471 2332 5
486 2265 582 2344 τόπος
595 2272 625 2332 ἐν
642 2260 668 2349 ᾦ
683 2265 761 2352 ἡμεῖς
793 2267 1016 2335 εἴπενἙλισσιιέ.
1034 2270 1081 2370 μὴ
1096 2273 1204 2355 φοβοῦ,
1221 2264 1267 2331 δτι
1281 2267 1398 2342 πλείους

152 2356 287 2435 οἰκοῦμεν
297 2350 423 2416 ἐνώπιόν
432 2377 486 2416 σου
496 2350 595 2427 στενὸς
604 2349 654 2431 ἄρ’
668 2347 758 2434 ἡμῶν.
794 2357 825 2416 οἱ
843 2351 908 2435 μεθ’
930 2349 1011 2435 ἡμῶν
1030 2353 1104 2437 νπὲρ
1123 2351 1194 2426 τούς
1209 2349 1267 2433 μετ’
1290 2349 1398 2416 αὐτῶν.

152 2443 222 2503 2πο
243 2441 373 2516 ευθῶμεν
391 2435 428 2518 δη
447 2440 502 2510 ἕως
519 2441 575 2500 τοῦ
594 2431 760 2519 Ἰορδάνου,
793 2438 820 2478 ¹⁷
833 2437 884 2501 καὶ
895 2431 1084 2520 προςηύξατὸ
1099 2433 1245 2510 Ἕλισαιὲ,
1265 2437 1316 2498 καὶ
1328 2432 1398 2498 είπε.

151 2523 205 2586 καί
224 2461 363 2606 λάβωμεν
389 2524 500 2583 ἐκεῖθεν
523 2516 597 2602 άνηρ
616 2543 654 2591 ες
672 2514 761 2582 δοκόν
793 2515 885 2602 κύριε,
908 2517 1054 2596 διάνοιξον
1071 2516 1107 2603 δη
1125 2517 1197 2593 τοὺς
1219 2517 1400 2600 ὀφθαλμούς

151 2611 234 2687 μίαν,
260 2606 311 2666 καί
323 2601 491 2686 ποιήσωμεν
502 2603 619 2675 ἑαυτοῖς
632 2604 694 2665 ἐκεῖ
705 2605 759 2664 τοῦ
793 2607 850 2667 τού
861 2604 1024 2687 παιδαρίου
1036 2605 1086 2665 καὶ
1100 2602 1194 2666 ἰδέτω.
1213 2603 1265 2666 καὶ
1276 2599 1400 2684 διηνοιξε

151 2693 241 2752 οἰκεῖν
254 2688 319 2748 ἐκεῖ.
332 2688 384 2749 καί
395 2684 465 2748 εἷπε.
479 2685 566 2748 δεῦτε.
593 2686 607 2725 ³
620 2685 671 2746 καί
682 2682 761 2747 εἶπεν
793 2684 892 2770 κύριος
903 2685 975 2759 τούς
985 2682 1163 2767 ὀφθαλμούς
1173 2683 1266 2750 αύτού
1277 2687 1328 2749 καί
1336 2682 1398 2747 εἶδε.

152 2768 171 2833 5
186 2770 223 2842 είς
236 2771 376 2841 ἐπιεικῶς.
390 2767 475 2847 δεύρο
488 2766 632 2848 μετὰτῶν
645 2761 761 2828 δούλων
793 2771 844 2832 καὶ
861 2766 927 2832 ίδού
944 2765 980 2832 τό
1000 2768 1071 2850 ὄρος
1083 2769 1193 2852 πλῆρες
1205 2772 1323 2840 ἵππων,
1350 2769 1402 2831 καὶ

152 2877 216 2917 σου.
235 2851 287 2913 καί
300 2847 386 2913 εἶπεν.
405 2847 464 2924 ἐγώ
476 2843 669 2932 πορεύσομαι.
687 2845 761 2912 4καί
793 2847 874 2935 ἅρμα
883 2851 977 2934 πυρὸς
985 2847 1150 2934 περικύκλῳ
1159 2847 1300 2922 Ἕλισαιὲ,
1313 2851 1400 2914 18καί

152 2929 303 3017 ἐπορεύθη
322 2929 380 3014 μετ’
401 2930 515 3006 αὐτῶν,
540 2933 591 2996 καί
608 2932 704 3013 ἦλθον
722 2936 760 3006 εἷς
793 2938 959 3020 κατέβησαν
975 2935 1052 3018 πρὸς
1070 2932 1171 2999 αύτόν.
1200 2935 1252 2998 καὶ
1267 2928 1401 3018 προςηύ-

152 3017 207 3081 τόν
221 3011 389 3097 Ἰορδάνην,
412 3015 463 3078 καὶ
479 3017 596 3096 ἔτεμνον
618 3015 656 3079 τά
675 3010 759 3091 ξύλα.
792 3021 866 3094 ξατο
886 3014 963 3102 πρὸς
983 3013 1086 3104 κύριον
1105 3021 1155 3083 καὶ
1168 3016 1238 3082 εἶπε.
1264 3015 1401 3092 πάταξον

153 3099 232 3162 ὅκαί
249 3094 314 3161 ίδού
333 3095 351 3161 5
370 3096 408 3171 εἷς
425 3095 622 3183 καταβάλλων
638 3093 692 3180 την
707 3098 761 3162 δο-
793 3100 829 3186 δὴ
842 3097 878 3163 τὸ
891 3102 980 3175 έθνος
991 3104 1085 3166 τοῦτο
1099 3099 1239 3187 ἆορασίη.
1263 3104 1314 3166 καί
1324 3097 1400 3165 ἐπά-

151 3179 221 3256 κδν,
247 3180 299 3243 καὶ
319 3179 355 3244 τό
375 3175 501 3266 σιδήριον
518 3182 649 3257 ἐξέπεσεν
666 3185 705 3255 είς
722 3177 759 3245 τό
793 3185 877 3260 ταξεν
895 3181 1006 3259 αὐτούς
1026 3182 1158 3270 άσρασίᾳ
1178 3183 1256 3248 κατά
1269 3183 1307 3251 τό
1320 3187 1401 3267 ῥῆμα

152 3260 248 3349 ὕδωρ,
266 3265 318 3328 καί
331 3258 451 3350 ἐβόησεν
463 3253 489 3328 ιύ
502 3261 597 3351 κύριε,
620 3266 671 3329 καί
684 3260 760 3329 αύτό
789 3263 929 3334 Ἕλισαιέ.
944 3269 1029 3332 19καί
1040 3268 1102 3333 εἶπε
1113 3264 1189 3354 πρός
1202 3267 1398 3342 αύτούςἙλι-

152 3351 354 3434 κεκρυμμένον.
380 3350 460 3413 6καί
472 3345 578 3414 εἷπενὸ
594 3347 760 3434 άνθρωπος
794 3354 866 3416 σαιέ.
894 3348 962 3437 ιιύχλΙ
980 3348 1093 3437 αύτηῆ
1114 3349 1201 3428 πόλις
1219 3355 1271 3417 καί
1287 3346 1363 3432 αύτη
1382 3345 1400 3432 ἢ

152 3437 210 3498 τοῦ
222 3437 307 3497 θεοῦ.
333 3435 397 3497 ποῦ
410 3434 507 3511 έπεσες
524 3433 577 3497 καὶ
588 3434 690 3508 ἔδειξεν
703 3429 761 3496 αύ-
793 3432 870 3510 ὁδός.
896 3436 979 3500 δεῦτε
990 3432 1090 3502 ὀπίσω
1102 3462 1169 3518 μου,
1186 3439 1237 3501 καὶ
1249 3434 1312 3511 άξω
1327 3433 1402 3514 ὑμᾶς

152 3521 197 3601 τῷ
209 3515 264 3582 τὸν
276 3517 381 3581 τόπον.
395 3517 447 3580 καί
459 3514 598 3582 άπέκνισε
610 3513 700 3593 ξύλον
709 3517 761 3578 καί
792 3518 869 3604 πρὸς
881 3514 935 3583 τόν
951 3517 1048 3607 ἄνδρα
1061 3515 1096 3584 δν
1109 3523 1227 3604 ζητεῖτε.
1254 3520 1305 3580 καὶ
1318 3511 1400 3592 ἄπη-

152 3603 270 3685 ἐβριψεν
283 3603 358 3674 ἰκεῖ,
386 3601 437 3663 καί
449 3595 615 3666 ἐπεπόλασε
629 3598 664 3664 τὸ
678 3595 760 3681 σιδη-
792 3627 881 3681 γαγεν
895 3600 1007 3677 αύτούς
1018 3601 1096 3685 πρὸς
1107 3598 1286 3685 Σαμάρειαν.
1308 3598 1338 3635 ²⁰
1347 3593 1398 3652 καί

152 3708 228 3770 ριον.
255 3684 333 3746 7καὶ
350 3684 468 3766 εἴρηκεν.
495 3678 623 3766 ὕψωσαν
636 3687 759 3763 σεαυτῷ.
794 3690 908 3765 ἐγένετο
935 3681 976 3761 ὡς
1001 3685 1137 3767 είςῆλθον
1159 3687 1199 3754 είς
1218 3671 1398 3756 Σαμάρειαν,

152 3767 204 3830 καί
217 3766 333 3840 ἐξέτεινε
345 3763 400 3848 την
431 3779 504 3849 εἴρα,
521 3767 572 3829 καί
586 3766 692 3852 ἔλαβεν
705 3766 761 3830 αύ-
793 3774 844 3835 καί
862 3767 938 3834 εἶπεν
955 3765 1092 3832 Ἔλισαιέ.
1125 3763 1242 3836 ἄνοιξον
1264 3755 1300 3838 δίη
1318 3752 1398 3841 κύριε

153 3843 199 3912 τό.
226 3849 241 3890 ⁸
255 3849 306 3911 καί
317 3844 335 3911 ὁ
347 3791 484 3934 βασιλεὺς
494 3856 541 3913 Συ
562 3856 608 3924 ίας
626 3841 661 3933 ἦν
672 3851 761 3916 πσλι-
793 3850 864 3927 τούς
876 3846 1056 3930 ὀφθαλμούς
1068 3844 1168 3910 αὐτῶν
1180 3845 1231 3907 καί
1245 3842 1398 3904 ίδέιωσαν.

153 3936 217 4015 μων
230 3928 401 4016 ἕν’Ῑσραηλ
415 3935 465 3997 καί
477 3875 671 4018 ἐβουλεύσατο
684 3930 762 4016 πρὸς
793 3935 844 3999 καί
868 3930 989 4014 διηνοιξε
1014 3929 1112 4016 κύριος
1129 3926 1201 4001 τούς
1218 3922 1400 4006 ὀφθαλμούς

153 4011 224 4089 τούς
249 4015 360 4090 παῖδας
378 4013 492 4092 αὐτοῦ,
518 4017 618 4095 λέγων.
651 4019 690 4089 εἷς
706 4013 762 4079 τὸν
794 4013 894 4082 αὐτῶν
905 4012 1053 4077 καίείδον.
1072 4012 1123 4075 καί
1137 4009 1201 4074 ἰδοὺ
1216 3999 1293 4093 ἦσαν
1307 4011 1337 4071 ἕν
1348 4012 1399 4091 μεί

153 4093 252 4163 τόπον
264 4094 348 4162 τόνδε
365 4098 431 4165 τινά
449 4101 555 4182 ἕλμωνί
570 4095 760 4183 παρεμβαλῶ.
794 4124 838 4181 σῳ
850 4099 1027 4181 Σαμαρείας.
1046 4098 1072 4136 ²¹
1079 4096 1130 4157 καὶ
1142 4093 1220 4158 εἶπεν
1233 4090 1250 4157 ὁ
1264 4088 1399 4180 βασιλεύς

153 4183 225 4246 ”naz
238 4179 407 4247 ἀπέστειλεν
413 4182 545 4249 Ἕλισαιὲ
555 4182 633 4267 πρὸς
641 4182 694 4246 τδν
704 4183 762 4268 βσ-
790 4177 910 4269 Ἰσραὴλ
918 4174 1139 4264 πρὸςἛλισαιέ,
1149 4174 1189 4252 ὡς
1198 4177 1268 4242 εἶδεν
1279 4172 1399 4248 αύτούς.

156 4264 241 4331 σιλέα
262 4264 401 4351 Ἰσραὴλ,
427 4267 528 4343 λέγων.
568 4261 700 4343 φύλαξαι
721 4261 762 4350 μη
792 4269 817 4330 εί
828 4259 966 4340 πατάξας
977 4258 1103 4338 πατάξω
1117 4257 1212 4347 πάτερ
1217 4291 1229 4340 ,·
1255 4263 1284 4302 22
1298 4257 1398 4323 καὶεῖ-

154 4348 316 4433 παρελθεῖν
328 4351 358 4411 ἰν
368 4353 413 4432 τῷ
426 4346 512 4434 τόπῳ
526 4346 635 4431 τούτῳ,
646 4344 692 4413 ότι
706 4351 766 4413 ἐκεῖ
792 4372 853 4417 πει.
879 4344 916 4412 ού
928 4340 1080 4421 πατάξας,
1106 4351 1131 4410 εἰ
1145 4347 1184 4431 μη
1198 4342 1250 4419 ούς
1264 4338 1401 4437 ᾐχμαλώ-

154 4436 253 4517 Σιιρία
266 4432 434 4515 κέκρυπται.
454 4435 484 4476 ¹⁰
496 4433 546 4497 καί
560 4429 731 4495 ἀπέστειλεν
743 4428 761 4496 ὃ
794 4454 905 4508 τευσας,
924 4432 955 4496 ἓν
967 4433 1101 4517 ῥομφαίᾳ
1115 4457 1170 4496 σου
1183 4431 1234 4495 καὶ
1246 4424 1326 4510 τόξῳ
1346 4450 1402 4490 σου

150 4512 292 4604 βασιλεὺς
307 4511 430 4602 ’Ῑσραηλ
448 4519 487 4592 εἷς
499 4513 553 4582 τὸν
563 4508 661 4580 τόπον
674 4507 710 4578 δν
721 4511 761 4579 εἴ·
794 4513 829 4580 σύ
843 4511 969 4593 τύπτεις.
983 4511 1122 4603 παράθες
1135 4513 1246 4603 άρτους
1259 4514 1310 4619 καὶ
1323 4507 1402 4612 βδωρ

1277 4616 1404 4660 ενωπιον
