2924 4972
151 222 216 298 ηις
551 213 797 275 ΔΑΝιιιΛ
838 209 1008 289 ειτηερ.

154 327 314 418 πρόφασιν,
336 336 361 396 εί
372 327 413 414 μὴ
426 332 457 393 ἐν
470 331 603 410 νομίμοις
613 328 692 391 θεοῦ
705 323 763 389 αῦ-
795 323 917 427 Μήδοις
940 327 992 390 καί
1011 327 1159 429 Πέρσαις,
1183 327 1243 387 τοῦ
1261 327 1334 389 πᾶν
1352 320 1417 411 δρι-

155 420 220 481 τοῦ.
243 410 340 480 6τότε
355 419 386 477 οί
398 411 532 477 τακτικοί
545 410 595 474 καί
607 418 638 473 σί
650 404 764 493 οατρά-
795 407 934 491 σμονκαὶ
946 408 1050 473 στάσιν
1082 405 1146 474 τάν
1159 402 1418 494 ὁβασιλεῦςστή-

156 527 213 564 παι
225 500 418 582 παρέστησαν
429 499 472 576 τῷ
480 493 603 579 βασιλεῖ,
617 493 669 556 καί
677 489 764 556 εἶπαν
795 517 844 577 σή,
857 489 893 556 οῦ
907 491 952 556 δεῖ
962 435 1164 575 παραλλάξαι.
1191 491 1221 532 ¹⁰
1234 485 1311 555 τότε
1324 488 1345 555 ὃ
1357 496 1417 580 βα-

1057 575 1064 596 ὶ
1087 571 1102 593 Ν
1239 571 1246 593 ἱ

89 610 92 617 ·
158 582 251 664 αὐτῷ.
277 584 383 662 Δαρεῖε
394 577 531 659 βασιλεῦ,
555 580 594 650 εἰς
605 572 676 648 τοὺς
688 578 764 638 αέεῦ-
796 571 891 650 σιλεῦς
909 571 987 651 ελσε,
1013 600 1065 639 και
1081 597 1196 656 ηγαγον
1212 598 1269 638 τον
1281 573 1417 660 Δανιὴλ,

159 691 210 739 νας
222 668 299 747 ζὴθι.
314 656 605 747 7συνεβουλεύσαντο
617 654 725 732 πάντες
734 661 765 722 οἱ
795 660 846 723 καί
857 657 997 745 ἐνέβαλον
1009 654 1105 723 αὐτὸν
1113 660 1152 731 είς
1162 653 1215 720 τὸν
1225 651 1346 724 λάκκον
1355 664 1418 725 τῶν

157 749 208 813 ἐπὶ
226 750 279 848 τὴς
296 742 446 832 βασιλείας
463 768 518 808 σου
535 742 699 826 στρατηγοί
713 741 765 805 καὶ
795 737 933 817 λεόντων,
946 742 996 805 καί
1008 739 1088 806 εἶπεν
1101 737 1119 805 5
1131 737 1271 825 βασιλεὺς
1284 745 1336 824 τῷ
1349 749 1418 808 Δα-

159 855 324 915 σατραπαι,
344 824 454 892 ῦπατοτ
466 826 519 890 καί
529 819 689 908 τοπάρχαι,
708 828 764 889 τοῦ
796 825 868 910 νιήλ.
881 819 982 899 δθεός
996 849 1060 901 σου,
1074 813 1101 906 ᾦ
1114 821 1153 888 σὺ
1164 820 1321 906 λατρεῦεις
1334 827 1417 892 ἐνδε-

157 916 263 1015 ρτήσαι
277 906 378 1015 στάσει
390 908 539 1014 βαριλχκή,
552 909 604 1008 καί
616 902 763 1014 ἐνισχῦσαι
795 908 894 991 λεχοῦς,
909 905 1001 982 αὐτὸς
1014 907 1152 984 ἐξελείταί
1162 930 1204 971 σε.
1224 909 1315 973 17καὶ
1328 908 1417 993 ήνεγ-

157 1021 295 1080 ορισμον,
321 1020 404 1068 οπως
422 1019 456 1068 ος
473 1015 510 1057 αν
527 996 634 1084 αέτηση
653 1014 764 1074 αιτημα
796 1016 851 1055 καν
864 991 961 1063 λίθον,
975 991 1027 1056 καὶ
1036 993 1188 1073 ἐπέθηκαν
1198 991 1250 1054 ἐπὶ
1258 988 1300 1055 τό
1311 991 1417 1078 στόμα

156 1077 242 1163 παρά
266 1074 380 1152 παντὸς
405 1079 482 1140 θεοῦ
508 1076 560 1138 καί
584 1070 764 1182 ἀνθρώπου,
795 1079 850 1138 τοῦ
867 1069 992 1150 λάκκου,
1009 1076 1062 1139 καὶ
1072 1071 1311 1158 ἐσφραγίσατοὸ
1323 1080 1416 1162 βασι-

158 1167 213 1237 έως
231 1159 346 1246 ήμεριῦν
364 1153 538 1245 τριάκοντα,
564 1154 628 1222 ἀλλ’
644 1184 663 1240 η
679 1155 764 1240 παρά
796 1156 860 1232 λεῦς
882 1160 914 1221 ἐν
930 1162 976 1239 τοῦ
992 1155 1142 1239 δακτυλίῳ
1159 1155 1275 1233 αὑτοῦ,
1304 1162 1361 1224 καί
1381 1165 1414 1228 ἐν

158 1249 216 1311 σοῦ
240 1242 377 1331 βασιλεῦ,
403 1237 625 1329 ἐμβληθήσηται
649 1245 688 1315 είς
712 1238 766 1303 τόν
796 1245 839 1325 τῷ
858 1240 1005 1323 δακτυλίῳ
1023 1244 1084 1306 τοῦν
1098 1235 1285 1321 μεγιστάνων
1300 1241 1414 1320 αὐτοῦ,

159 1323 269 1394 λάκκον
280 1331 341 1392 τῶν
353 1323 485 1391 λεόντων.
512 1325 596 1390 ε’νῦν
611 1312 667 1388 οάν
679 1327 764 1410 βασι·
797 1320 880 1398 ὅπως
903 1322 945 1407 μὴ
972 1322 1058 1389 ἄλλοι
1113 1328 1128 1341 ”
1152 1326 1282 1407 πρᾶγμα
1310 1328 1346 1391 ἐν
1368 1332 1416 1412 τῷ

158 1411 208 1476 λεῦ
222 1414 334 1514 στήσον
344 1408 395 1474 τὸν
404 1406 524 1493 ὁρισμόν
533 1409 585 1472 καί
596 1409 766 1491 ἐκθεςγρα-
797 1412 873 1473 Δανι
881 1403 919 1471 ’λ
938 1404 1107 1492 18καίάπὴ
1125 1416 1179 1472 θεν
1190 1403 1209 1470 5
1219 1406 1363 1492 βασιλεὺς
1375 1416 1415 1487 είς

158 1490 233 1576 φὴν,
258 1517 342 1566 οπως
362 1490 402 1578 μὴ
429 1489 589 1581 ἀλλοιωθῇ
611 1488 648 1555 τό
667 1485 766 1573 δόγμα
797 1487 882 1556 τὸνο
929 1489 1070 1566 ναῦτοῦ,
1094 1490 1147 1555 καί
1163 1487 1313 1592 ἐκοιμήθη
1332 1494 1413 1560 ἀδει-

160 1578 288 1660 Περσοῦν
306 1576 357 1638 καί
376 1570 504 1659 Μήδων.
531 1567 628 1638 9τότε
644 1569 663 1637 5
679 1577 766 1660 βασι·
796 1598 881 1650 πνος,
894 1574 946 1640 καί
955 1575 1102 1656 ἐδέσματα
1112 1572 1170 1639 οῦκ
1177 1578 1346 1658 είςηνεγκαν
1357 1576 1413 1645 αἰν-

159 1656 225 1733 λεῦς
251 1662 377 1740 Δαρεῖος
401 1658 524 1732 ἐπέταξε
551 1661 704 1740 γραφῆναι
729 1654 765 1721 τὸ
799 1662 852 1740 τῷ.
878 1659 929 1722 καί
945 1654 964 1721 5
979 1653 1069 1733 ὕπνος
1089 1654 1206 1742 ἀπέστη
1223 1657 1277 1723 ἀπ’
1301 1659 1410 1727 αὐτοῦ.

159 1738 266 1824 δόγμα.
293 1744 322 1784 ¹⁰
335 1742 388 1805 καί
399 1736 516 1823 Δανιὴλ
533 1735 619 1823 ήνίκα
631 1742 706 1819 ἔγνω
720 1736 767 1804 ότι
799 1743 850 1805 καί
869 1740 990 1807 έιτλεισεν
1005 1737 1023 1805 5
1042 1736 1116 1816 θεός
1132 1737 1172 1806 τά
1190 1737 1330 1824 στόματα
1350 1750 1411 1809 ταῖν

160 1821 282 1908 ἐνετάγη
294 1820 331 1890 τό
343 1821 450 1909 δόγμα,
463 1822 595 1906 είςὴλθεν
607 1826 646 1898 είς
660 1819 768 1888 τόνολ-
799 1819 945 1901 λεόντων,
969 1826 1020 1890 καί
1043 1822 1080 1888 οῦ
1105 1821 1343 1928 παρηνάχλησαν
1362 1832 1409 1910 τῷ

160 1933 215 1973 κον
228 1908 334 1973 αὐτοῦ.
348 1911 399 1973 καί
412 1910 445 1971 ai
456 1907 576 1991 θυρίδες
588 1903 768 1990 ἀνεῳγμέναι
800 1905 923 1991 Δανιήλ.
940 1909 969 1951 ¹⁹
979 1907 1047 1973 τότε
1061 1903 1079 1973 5
1091 1904 1222 1995 βασιλεὺς
1231 1911 1339 1989 ονέστη
1348 1932 1403 1972 το-

159 1990 242 2074 αῦτῷ
256 1995 288 2055 ἐν
300 2002 364 2064 τοῖς
374 1984 516 2074 ῦπερῴοις
526 1989 621 2053 αὐτοῦ
630 1991 767 2054 κατέναν-
798 1990 884 2077 πρωῒ
891 1995 924 2055 έν
935 1995 980 2076 τῷ
993 1992 1088 2094 φωτὶ)
1110 1994 1159 2056 καί
1169 1992 1200 2055 ἐν
1212 1989 1330 2092 σπουδή
1346 1978 1408 2074 ὴλ-

159 2097 187 2139 τι
196 2070 405 2158 Ἰερουσαλήμ,
429 2074 479 2136 καί
492 2072 614 2157 καιροὺς
626 2083 702 2157 τρεῖς
715 2078 767 2156 τῆς
798 2084 854 2139 θεν
884 2075 935 2140 ἐπὶ
963 2072 1018 2140 τὸν
1047 2075 1154 2140 λακκον
1177 2076 1238 2138 τῶν
1263 2073 1406 2141 λεοντων.

159 2153 270 2241 ὴμέρας
294 2145 330 2239 ὴν
354 2154 497 2239 κάμπτων
522 2157 573 2221 ἐπί
595 2154 634 2220 τὰ
650 2152 767 2235 γόνατα
798 2159 829 2201 ²⁰
841 2160 892 2223 καί
904 2160 935 2223 ἐν
948 2163 993 2241 τῷ
1005 2161 1124 2237 ἐγγίζειν
1134 2154 1226 2224 αὐτὸν
1239 2161 1284 2242 τῷ
1302 2154 1407 2243 λάκκῳ

160 2237 273 2314 αὐτοῦ,
298 2238 350 2303 καί
362 2234 586 2323 προςευχόμενος
598 2241 649 2304 καί
662 2242 767 2323 ἐξομο-
799 2244 905 2328 ίβοησε
919 2247 1004 2337 φωνὴ
1017 2245 1134 2327 ἐσχυρᾷ,
1152 2237 1280 2346 Δανιὴλ,
1304 2236 1409 2309 ὁδοῦ-

160 2317 341 2405 λογοόμενος
351 2325 485 2389 ἐναντίον
496 2326 552 2388 τοῦ
570 2327 645 2388 θεοῦ
658 2322 766 2400 αὐτοῦ,
798 2323 852 2400 λος
863 2330 919 2391 τοῦ
930 2331 1006 2391 θεοῦ
1019 2330 1075 2391 τοῦ
1087 2329 1212 2403 ζῶντος,
1225 2352 1243 2392 ο
1255 2320 1329 2401 θεός
1342 2352 1407 2404 σου,

160 2402 265 2480 καθάς
282 2393 317 2490 ήν
335 2409 431 2471 ποιοῦν
449 2408 630 2491 ἔμπροσθεν.
663 2410 689 2448 ¹¹
700 2403 767 2472 τότε
798 2400 877 2491 ᾦσῦ
888 2408 1037 2494 λατρεῦεις
1050 2407 1213 2495 ένδὼχῶς,
1234 2406 1408 2494 είήδυνήθη

161 2493 192 2554 οί
216 2487 319 2572 ἀνδρες
344 2491 446 2554 ἐκείνοι
465 2485 690 2574 παρετήρηοαν,
716 2493 767 2555 καί
798 2491 949 2567 ἐξελέσθαι
975 2518 1006 2558 σε
1027 2495 1060 2557 ἐκ
1080 2488 1227 2574 στόματος
1244 2497 1308 2557 των
1323 2490 1408 2559 λεόν-

161 2564 248 2657 εῦρον
260 2572 313 2637 τὸν
324 2569 443 2656 Δανιὴλ
455 2568 596 2648 ἀξιοῦντα
609 2574 659 2638 καὶ
670 2568 767 2655 δεόμε-
798 2599 859 2639 των
863 2604 875 2652 ,·
901 2578 929 2617 ²¹
942 2578 994 2640 καί
1009 2575 1075 2641 εἶπε
1087 2573 1199 2659 Δανιὴλ
1215 2577 1260 2656 τῷ
1279 2578 1407 2659 βασιλεῖ.

160 2681 212 2722 νον
236 2661 289 2721 τοῦ
307 2660 385 2721 θεοῦ
403 2652 507 2720 αὐτοῦ.
533 2656 559 2696 ¹²
574 2658 626 2720 καὶ
643 2656 767 2741 προςελ-
797 2658 934 2744 βασιλεῦ,
959 2664 998 2735 είς
1017 2655 1088 2735 τοῦς
1105 2663 1213 2734 αἰῶνας
1228 2660 1308 2741 ζήθι.
1342 2659 1407 2723 ²²5

159 2735 268 2815 δόντες
289 2739 408 2818 λέγουσι
426 2744 470 2822 τῷ
488 2738 609 2822 βασιλεῖ.
635 2740 765 2826 βασιλεῦ,
797 2736 868 2816 θεός
883 2767 942 2824 μου
960 2741 1128 2809 ἀπέστειλεν
1144 2739 1195 2808 τόν
1211 2741 1336 2820 άγγελον
1348 2740 1409 2807 αά-

162 2821 217 2907 οῦχ
241 2820 361 2907 ὁρισμὸν
384 2824 506 2897 ἔταξας,
532 2818 615 2897 ὅπως
633 2827 693 2897 πᾶς
713 2821 765 2886 άν-
798 2827 856 2889 τοῦ
860 2875 869 2900 ,
896 2830 947 2891 καί
962 2829 1121 2912 ἐνέφραξεν
1136 2826 1176 2891 τά
1194 2823 1331 2909 στόματα
1345 2830 1410 2893 τῶν

159 2916 288 2990 θρωπος
305 2903 337 2981 ὃς
355 2903 393 2970 ἀν
416 2905 524 2996 αἰτήσῃ
546 2903 631 2989 παρά
653 2903 766 2981 παντὸς
798 2904 938 2986 λεόντων,
963 2909 1081 2975 καὶοῦκ
1094 2905 1277 3011 ἐλυμήναντό
1289 2934 1336 2991 με,
1361 2906 1408 2976 ὅτι

159 2993 236 3054 θεοῦ
253 2991 304 3054 καὶ
317 2986 481 3074 ἀνθρώπου
495 2991 615 3073 αἴτημα,
629 2995 684 3065 ἕως
696 2987 762 3073 ὴμε-
798 2993 956 3057 κατέναντι
965 2992 1063 3058 αὖτοῦ
1072 2989 1166 3057 εῦθυτ
1186 2988 1320 3074 ςεῦρέθη
1331 2995 1411 3075 ἐμοὶ,

158 3078 220 3155 ρῶν
232 3069 403 3157 τριάκοντα,
431 3070 494 3136 ἀλλ’
510 3070 626 3158 ήπαρά
639 3077 698 3139 σοῦ
708 3078 765 3159 βα·
798 3077 849 3139 καί
858 3072 984 3141 ἐνώπιον
994 3077 1029 3141 δέ
1036 3099 1092 3140 σου
1101 3019 1221 3158 βασιλιῦ
1231 3072 1412 3155 παράπτω·

159 3154 256 3227 σιλεῦ,
283 3151 497 3240 ἐμβληθήοεται
522 3160 561 3229 εἰς
585 3153 638 3221 τόν
655 3151 766 3221 λάκκον
797 3184 839 3241 μα
860 3156 915 3223 οῦκ
932 3161 1066 3241 ἐποίησα.
1104 3155 1133 3197 ²³
1146 3149 1411 3240 τότεόβασιλεῦς

158 3239 219 3300 τῶν
243 3232 387 3338 λεόντωνχ
414 3239 465 3301 καί
489 3236 566 3302 εἶπεν
585 3234 603 3302 5
620 3237 764 3322 βασιλεύς.
797 3240 876 3306 πολὺ
903 3236 1064 3323 ήγαθόνθη
1087 3236 1130 3302 ἐπ’
1151 3234 1257 3322 αὐτῷ,
1281 3241 1337 3303 καί
1355 3242 1410 3306 τὸν

158 3316 301 3404 ἀληθινὸς
315 3318 333 3385 ὁ
346 3320 446 3398 λογος,
466 3319 566 3387 καὶτὸ
580 3321 677 3404 δόγμα
690 3319 764 3406 Μή·
798 3318 909 3406 Δανιὴλ
920 3321 999 3387 εἶπεν
1008 3319 1158 3399 ἀνενέγκαι
1167 3325 1200 3386 ἐκ
1209 3325 1267 3385 τοῦ
1282 3318 1407 3390 λάκκου

157 3404 218 3468 δων
246 3407 298 3471 καί
322 3408 449 3490 Περσῶν
480 3402 516 3470 οῦ
546 3402 764 3488 παρελεύσεται.
798 3409 848 3473 καί
860 3404 950 3491 ἀνηνέ
991 3404 1137 3488 ηΔανιὴλ
1155 3408 1188 3470 ἐκ
1206 3408 1263 3469 τοῦ
1281 3402 1407 3484 λάκκου,

158 3488 185 3529 ¹³
198 3482 265 3554 τότε
278 3486 494 3572 ἀπεκρίθησαν,
507 3489 558 3553 καὶ
571 3488 707 3567 λέγουσιν
718 3492 764 3553 ἐν-
798 3493 850 3556 καὶ
858 3495 942 3556 πάσα
973 3487 1111 3576 ιαφθορά
1123 3486 1177 3574 οὐχ
1186 3484 1297 3574 εῦρέθη
1306 3493 1338 3554 ἐν
1350 3489 1406 3555 αῦ-

157 3565 253 3635 άπιον
274 3576 329 3635 τοῦ
352 3571 506 3657 βασιλέως.
533 3572 644 3657 Δανιὴλ
664 3570 681 3637 ὁ
701 3572 763 3638 ἀπὸ
798 3579 857 3658 τῷ,
881 3571 929 3640 ὅτι
941 3578 1108 3639 ἐπίστευσεν
1120 3575 1152 3650 ἐν
1163 3577 1207 3655 τῷ
1219 3576 1285 3655 θεῷ
1297 3571 1406 3638 αῦτοῦ.

156 3659 218 3714 τῶν
235 3657 306 3715 υίῶν
324 3659 376 3737 τής
395 3655 595 3736 αἰχμαλωσίας
612 3660 664 3738 τὴς
685 3653 763 3721 Ἰου-
797 3658 829 3699 ²⁴
842 3658 893 3722 καί
905 3656 983 3723 εἶπεν
994 3653 1012 3721 5
1024 3655 1173 3743 βασιλεὺς,
1187 3657 1239 3719 καί
1250 3652 1407 3738 ήγάγοσαν

156 3733 259 3809 δαίας,
286 3733 341 3839 οὐχ
360 3733 491 3820 ὑπετάγη
503 3743 547 3821 τῷ
560 3734 687 3819 δόγματί
698 3766 763 3815 σου,
796 3738 870 3817 τοὺς
895 3741 1005 3825 ἀνδρας
1029 3739 1101 3813 τοὺς
1126 3734 1327 3825 διαβαλόντας
1353 3736 1408 3806 τὸν

157 3817 209 3878 καὶ
232 3843 354 3903 καιρους
380 3829 456 3903 τρεῖς
479 3826 532 3903 τὴς
554 3817 663 3907 ὴμέρας
688 3827 766 3887 αίτεῖ
796 3823 922 3907 Δανιὴλ,
945 3819 1112 3898 καὶείςτόν
1125 3819 1236 3887 λάκκον
1249 3817 1408 3886 τῶνλεόν-

156 3894 240 3980 παρά
266 3905 321 3964 τοῦ
339 3909 416 3966 θεοῦ
433 3900 531 3968 αὐτοῦ
551 3905 590 3970 τά
611 3902 762 3988 αἰτήματα
794 3931 857 3971 των
876 3903 1078 3994 ένεβλήθησαν
1096 3902 1200 3980 αὐτοὶ,
1226 3906 1279 3969 καὶ
1296 3907 1330 3968 σί
1348 3906 1408 3970 viai

156 3977 262 4044 αὐτοῦ.
281 3981 383 4048 14τότε
396 3983 413 4049 ὁ
426 3986 570 4071 βασιλεὺς,
583 3984 624 4062 ὡς
636 3990 671 4053 τὸ
684 3993 762 4074 ῥήμα
795 3987 898 4054 αὐτῶν
903 4040 914 4067 ,
939 3993 991 4054 καί
1009 3996 1043 4055 αί
1065 4000 1198 4068 γυναῖκες
1215 3985 1329 4050 αῦτιῦν.
1355 3990 1408 4052 καί

155 4060 274 4145 ἤκουσε,
291 4064 373 4130 πολὺ
387 4068 523 4154 ἐλυπήθη
537 4069 580 4135 ἐπ’
597 4071 691 4155 αάτῷ,
710 4076 761 4139 καί
794 4068 847 4137 οῦκ
866 4074 1010 4154 ἔφθασαν
1027 4078 1067 4146 εές
1083 4070 1120 4137 τὸ
1137 4072 1247 4150 ἔδαφος
1258 4075 1318 4134 τοῦ
1332 4067 1406 4136 λάκ-

154 4148 222 4230 περί
239 4150 295 4210 τοῦ
308 4148 423 4230 Δανιὴλ
444 4151 611 4234 ὴγωνίσατο
625 4160 679 4220 τοῦ
699 4159 761 4239 ἐξε-
793 4182 856 4230 κου,
871 4159 926 4231 ἕως
937 4146 974 4222 οῦ
983 4159 1152 4241 ἐκυρίευσαν
1165 4151 1308 4218 αὐτῶνοῖ
1318 4153 1407 4220 λέον-

154 4228 264 4295 λέσθαι
289 4227 397 4303 αὐτὸν,
425 4237 477 4298 καὶ
494 4240 549 4310 έως
575 4238 699 4317 ἑσπέρας
726 4241 761 4322 ήν
792 4266 854 4316 τες,
878 4244 931 4306 καὶ
947 4236 1051 4305 πάντα
1070 4237 1109 4303 τά
1126 4236 1203 4302 ὄστά
1220 4233 1324 4302 αὐτῶν
1338 4237 1403 4302 ἕλε’·

153 4308 366 4396 ἀγωνιζόμενος
395 4320 451 4378 τοῦ
476 4320 629 4390 ἐξελέσθαι
654 4320 758 4388 αὐτόν.
792 4348 914 4389 πτυναν.
950 4326 979 4368 ²⁵
993 4321 1062 4389 τότε
1078 4327 1207 4406 Δαρεῖος
1231 4317 1406 4406 ὁβασιλεὺς

153 4398 177 4437 '⁵
192 4393 259 4462 τότε
277 4402 309 4462 οῖ
327 4396 427 4482 ἀνδρες
448 4403 552 4464 ἐκείνοι
570 4400 691 4478 λέγουσι
714 4412 760 4489 τῷ
793 4411 908 4492 ἔγραψε
919 4411 995 4473 πᾶσι
1006 4406 1172 4482 τοῖςλαοίς,
1181 4401 1405 4507 φυλαῖςτίλώσ·

147 4480 271 4562 βασιλεῖ.
294 4487 390 4560 γνιῦθι
402 4482 535 4570 βασιλεῦ,
550 4480 598 4552 ότι
611 4481 648 4553 τό
661 4485 759 4572 δόγμα
795 4517 869 4567 σαις,
882 4502 947 4566 τοῖς
959 4495 1092 4558 οίκοῦοιν
1104 4493 1137 4554 ἐν
1147 4491 1275 4584 πασητή
1286 4493 1337 4576 γῇ.
1357 4493 1406 4593 ἐί-

1328 4598 1404 4658 W?
