2924 4972
142 229 206 296 ειν
345 196 635 288 mmmm
658 218 885 284 Δοννοεν
926 213 1184 298 Κιτιεῖςέο.

140 338 331 446 πρεσβύτεροι
342 337 464 421 Ἰσραὴλ
477 333 552 421 πρὸς
563 335 617 399 τὸν
627 336 751 421 βασιλέα
783 332 949 417 Ἔλφαλάτ,
968 336 1084 412 Ναγὲδ,
1102 337 1224 418 Ναφέκ,
1238 321 1395 418 Ἰανάθαν,

139 431 180 499 εἰς
192 427 335 509 Χεβρων,
352 423 404 485 καί
415 422 531 485 διέθετο
545 415 649 494 αὐτοῖς
662 414 680 483 ὃ
693 422 751 504 βα·
785 416 1394 502 Λεαοαμύς,Βααλιμάθ,ἘλιφαάθᾹῚκαὶ

142 505 236 581 σιλεύς
250 506 347 571 Δαυίδ
363 498 508 586 διαθηκην
521 502 552 565 ἐν
564 499 751 586 Χιβριὸνέν-
785 501 915 585 ἥκουσαν
941 506 971 565 οί
997 499 1161 582 ἀλλόφυλοι
1179 497 1226 566 ότι
1244 506 1395 589 κέχρισται

143 587 240 655 ὥπιον
256 615 291 653 κυ
311 595 373 663 ίου,
400 587 452 650 καὶ
462 590 576 670 χρίουσι
588 585 643 649 τὸν
655 585 752 649 Δαυίδ
785 583 884 648 Δαυίδ
898 581 1031 671 βασιλεύς
1049 587 1099 649 ἐπὶ
1112 582 1249 670 Ἰσραὴλ,
1276 590 1328 650 καὶ
1340 586 1396 651 ἀν-

142 679 181 747 εῑς
194 616 320 759 βασιλύύι
333 674 385 750 ἐπὶ
395 665 498 733 πάντα
507 664 635 752 Ἰσραηλ.
655 667 671 709 ⁴
685 664 751 741 υίὸς
785 670 891 752 ε’βησαν
903 663 1012 743 πάντες
1024 671 1056 732 οῖ
1065 663 1229 748 ἀλλόφυλοι
1239 671 1332 752 ζητεῖν
1342 667 1395 733 τὸν

141 755 304 841 τριάκοντα
318 756 394 817 ἐτῶν
408 751 504 816 Λαυίδ
515 754 547 815 ἒν
558 754 603 833 τῴ
614 749 751 836 βασιλεῦ-
785 750 890 814 Δαυίδ.
915 751 967 814 καὶ
978 749 1084 834 ἤκουσε
1095 750 1203 826 Δαυὶδ,
1219 754 1272 817 καὶ
1283 757 1393 898 κατεβη

143 863 192 902 σαι
205 835 308 911 αὐτὸν,
322 837 375 899 καί
383 829 607 918 τεσσαράκοντα
615 835 669 915 ἔτη
680 836 751 918 ἔβα·
784 838 824 908 είς
836 831 892 915 την
904 829 1052 919 περιοχην.
1077 834 1106 876 ¹⁸
1119 834 1170 897 καὶ
1183 836 1215 897 οἱ
1227 831 1344 915 ἀλλόφυ
1356 863 1392 899 ,οι

143 922 276 986 σιλευοεν.
294 916 390 982 ὄὲπτά
403 920 454 1000 ἔτη
467 918 518 981 καὶ
528 921 622 1000 μῆνας
635 917 668 990 ἔξ
682 920 752 1063 ἐβα-
784 942 809 980 π
849 921 1019 992 αγίνονται,
1045 917 1097 980 καί
1114 919 1275 981 συνέπεσον
1288 922 1326 992 εἰς
1339 917 1392 1000 τὴν

143 1004 271 1068 οίλευοεν
291 1004 322 1065 ἐν
340 998 467 1086 Χεβρὼν
485 1001 535 1063 ἐπὶ
552 997 605 1062 τὸν
624 995 687 1062 Ἰού
705 1021 751 1074 αν,
785 941 910 1064 κάλόδα
921 1002 983 1062 τῶν
999 1000 1141 1062 Τιτάνων.
1161 1000 1246 1064 19καὶ
1260 998 1393 1085 ἠρώτησε

142 1088 193 1151 καί
216 1080 379 1168 τριάκοντα
403 1107 422 1146 τ
442 1087 474 1146 ία
498 1085 549 1164 ε”τη
568 1081 752 1166 ἐβασίλευσεν
785 1082 884 1147 Δαυὶδ
899 1077 950 1146 διά
965 1088 1084 1167 κυρίου,
1109 1082 1211 1158 λέγων.
1251 1082 1394 1168 εῖάναβοῦ

141 1170 193 1233 ἐπὶ
205 1169 307 1233 πάντα
319 1108 442 1251 Ἰσραὴλ
453 1165 505 1227 καί
518 1160 638 1228 Ἰούδαν
651 1165 681 1228 ἓν
693 1161 751 1229 Ἰε-
783 1163 862 1252 πρὸς
883 1163 956 1239 τούς
973 1163 1161 1245 ἀλλοφύλους
1177 1167 1228 1230 καὶ
1245 1163 1392 1253 παραδώ-

180 1249 304 1332 υσαλήμ.
323 1250 401 1313 1’καί
414 1246 534 1329 ἀπῆλθε
548 1247 645 1312 Δαυὶδ
657 1249 709 1311 καὶ
721 1251 752 1311 οί
786 1273 844 1322 οεις
866 1245 978 1321 αύτούς
1003 1252 1042 1322 εἷς
1059 1247 1113 1322 τὰς
1129 1245 1225 1333 χεῖράς
1242 1274 1300 1329 μου
1305 1278 1317 1326 ,·
1343 1251 1394 1313 καὶ

141 1335 243 1418 ανδρες
256 1331 352 1399 αύτοῦ
362 1336 401 1405 εἰς
409 1327 606 1416 Ἰερουσαλὴμ
613 1330 691 1416 πρὸς
699 1327 752 1394 τὸν
784 1329 846 1395 εἷπε
857 1327 894 1394 κύ
915 1355 958 1404 ιος
970 1328 1046 1414 πρὸς
1061 1331 1165 1395 Δαυίδ.
1184 1326 1333 1416 ἀνάβαινε,
1347 1329 1392 1396 ὅτι

138 1414 321 1503 Ἰεβουσαῖον
333 1414 388 1479 τὸν
400 1417 599 1477 κατοικοῦντα
613 1414 668 1496 τὴν
687 1418 750 1495 γῆν,
783 1355 967 1500 παραδιλούς
983 1408 1160 1514 παραδώσω
1173 1413 1245 1489 τούς
1258 1412 1394 1494 ἀλλοφύ-

141 1504 193 1565 καὶ
210 1500 320 1602 ἐρρέθη
341 1500 386 1578 τῷ
405 1496 508 1582 Δαυίδ.
536 1494 590 1562 οὐκ
612 1493 751 1590 εἰςελεύση
784 1496 857 1571 λους
877 1500 916 1571 εἰς
934 1493 989 1572 τάς
1001 1507 1098 1582 χεῖρας
1115 1520 1177 1561 σου.
1203 1499 1234 1540 ²⁰
1248 1489 1394 1596 καίῆλθε

142 1572 215 1655 ὧδε,
232 1604 280 1644 οτι
293 1577 481 1662 ἀντέστησαν
493 1581 525 1642 οἶ
536 1578 649 1659 τυφλοί
659 1580 710 1643 καί
722 1585 752 1644 οἱ
785 1579 885 1644 Δαυίδ
901 1582 933 1642 ἐκ
950 1584 1013 1643 τῶν
1030 1575 1132 1644 ἐπάνω
1149 1580 1318 1656 διακοπων,
1342 1584 1393 1646 καὶ

141 1664 236 1749 χωλοὶ
254 1663 402 1740 λέγοντες,
427 1657 474 1724 ότι
492 1658 548 1725 ούκ
567 1658 750 1736 ελςελεύσεται
784 1665 876 1747 ὲύιοψε
887 1659 958 1736 τοὺς
971 1659 1162 1743 ἀλλοφύλους
1175 1665 1240 1726 ἐκεῖ.
1269 1665 1320 1727 καὶ
1332 1662 1393 1728 εἷπε

142 1747 239 1813 Δαυίδ
251 1738 316 1810 ὦδε.
344 1742 671 1829 7καίπροιιατελάβετο
686 1749 751 1810 Δα-
785 1746 891 1811 Δαυίδ.
922 1745 1043 1828 διέκοψε
1059 1740 1161 1830 κύριος
1177 1743 1249 1820 τοὺς
1266 1745 1393 1832 ἐχθρούς

141 1829 192 1893 υὶδ
204 1829 257 1911 την
269 1821 407 1912 περιοχὴν
422 1821 511 1890 Σιών.
539 1823 616 1912 αῦτη
631 1825 650 1911 ἡ
664 1823 751 1903 πόλις
785 1823 974 1909 ἀλλοφύλους
987 1823 1114 1893 ἕνόνπιον
1127 1831 1210 1912 ἐμοῦ,
1235 1824 1276 1902 ιύς
1289 1826 1392 1894 διακό-

141 1916 199 1977 τοῦ
212 1911 318 1975 Δαυίδ.
332 1910 404 1973 11καὶ
417 1907 479 1973 εἶπε
492 1910 592 1973 Δαυίδ
602 1915 640 2003 τῇ
653 1908 750 2012 ημέρη
783 1935 889 1976 πτεται
912 1908 1018 1976 ύδατα.
1045 1909 1096 1976 διά
1112 1916 1204 1975 τοῦτο
1222 1907 1335 1995 ἐκλήθη
1354 1911 1391 1974 τὸ

141 1998 244 2077 ἐκείνη.
256 1997 318 2067 πᾶς
329 1987 452 2056 τύπτων
462 1989 644 2076 Ἰεβουσαῖον
657 1997 751 2058 απτέ-
784 1992 880 2078 ὄνομα
891 1999 947 2060 τοῦ
959 1990 1056 2059 τόπου
1065 1998 1185 2070 ἐκείνου,
1194 1989 1315 2057 Ἐπάνω
1325 1996 1392 2059 δια-

142 2067 224 2142 σθω’
237 2079 267 2140 ἐν
282 2075 459 2161 παραξιφίδι
478 2075 530 2138 καί
545 2071 618 2150 τούς
634 2075 751 2159 χωλούς
784 2080 895 2142 κοπιῦν.
933 2079 1026 2141 21καὶ
1043 2078 1151 2142 καταλι
1172 2072 1317 2142 πάνουσιν
1335 2081 1395 2143 ἐκεῖ

140 2162 194 2225 καί
209 2158 280 2233 τούς
296 2157 428 2239 τυφλούς
446 2159 497 2221 καί
509 2155 580 2234 τούς
590 2162 751 2242 μισοῦντας
783 2158 855 2234 τούς
866 2158 957 2235 θεούς
969 2157 1087 2235 αὐτῶν,
1109 2186 1160 2224 και
1173 2155 1323 2246 ἐλάβοοαν
1336 2160 1393 2226 αύ-

141 2238 308 2326 τίγν·ιγυχι“ην
326 2241 429 2306 Δαυίδ.
459 2239 510 2305 διά
528 2246 622 2307 τοῦτο
640 2245 748 2328 ἐροῦσι.
783 2240 957 2316 τούςΛαυίδ
964 2243 1016 2306 καί
1024 2247 1055 2307 οί
1064 2241 1165 2328 ἀνδρες
1174 2241 1271 2324 οἴματ’
1284 2241 1390 2308 αὐτοῦ.

141 2328 252 2406 τυφλοὶ
263 2326 316 2390 καὶ
326 2323 419 2409 χωλοὶ
431 2321 485 2386 οῦκ
496 2320 701 2397 εἶςελεύσονται
712 2330 750 2400 είς
783 2327 814 2367 ²²
825 2327 877 2389 καί
892 2327 1073 2410 προςέθεντο
1092 2329 1135 2390 ἔτι
1153 2322 1320 2406 ἀλλόφυλοι
1333 2331 1392 2390 τοῦ

141 2407 224 2475 οἶκον
240 2413 352 2495 κυρίου.
377 2408 393 2449 ⁹
406 2407 458 2470 καί
475 2401 596 2472 ἐκάθισε
609 2407 708 2473 Δαυίδ
718 2411 749 2473 ἐν
783 2405 937 2493 ἀναβῆναι,
950 2409 1002 2472 καί
1014 2411 1174 2474 συνέπεσον
1186 2411 1217 2472 ἒν
1225 2411 1263 2492 τῆ
1275 2405 1392 2474 κοιλάδι

139 2498 179 2584 τῇ
190 2495 326 2584 περιοχῇ,
349 2491 401 2554 καὶ
412 2484 527 2572 ἐκλήθη
541 2484 620 2593 αῦτη
632 2486 650 2573 ἦ
662 2488 750 2566 πόλις
782 2495 843 2556 τῶν
857 2486 998 2557 Τιτάνων.
1011 2493 1099 2558 13καὶ
1111 2482 1283 2577 ἐπηρώτησε
1295 2493 1392 2557 Δαυὶδ

142 2578 248 2641 Δαυίδ.
273 2576 325 2638 καί
341 2570 530 2656 ᾠκοδόμησεν
548 2570 642 2656 αύτην
660 2568 750 2638 πόλιν
782 2573 832 2640 διὰ
844 2581 959 2660 κυρίου.
984 2577 1035 2640 καί
1047 2574 1110 2640 εἶπε
1122 2570 1230 2660 κύριος.
1249 2573 1304 2641 οὐκ
1317 2574 1391 2640 ἀνα-

140 2654 239 2742 κύκλῳ
257 2655 321 2721 ἀπὸ
340 2661 391 2738 τῆς
404 2653 514 2740 ἀκρας,
539 2657 591 2719 καὶ
602 2653 656 2720 τὸν
667 2655 750 2721 οἶκον
781 2653 856 2752 βηση
870 2663 909 2734 εἰς
922 2655 1093 2743 συνάντησιν
1105 2656 1222 2734 αύτιῦν,
1242 2656 1391 2744 ἀποστρέ-

141 2739 247 2806 αύτοῦ.
278 2741 308 2783 ¹⁰
321 2743 373 2803 καὶ
386 2732 569 2822 διεπορεύετο
582 2739 679 2803 Δαυὶδ
689 2766 749 2805 πο·
782 2765 841 2821 φου
867 2739 918 2806 ἀπ’
941 2739 1058 2816 αὐτῶν,
1083 2742 1136 2806 καί
1151 2744 1270 2826 παρέση
1288 2741 1391 2816 αὐτοῖς

140 2820 294 2909 ρευόμενος
307 2821 359 2884 καὶ
369 2814 613 2902 μεγαλυνόμενος,
632 2823 683 2886 καί
695 2819 750 2887 κύ-
781 2823 910 2906 πλησίον
921 2829 979 2888 τοῦ
991 2824 1197 2906 κλαυθμῶνος.
1211 2814 1300 2888 2*ιἰαί
1308 2828 1392 2889 ἔσται

139 2932 205 3010 ριος
221 2900 442 2989 παντοκράτωρ
455 2899 514 2984 μετ’
529 2900 635 2969 αύτοῦ.
661 2908 686 2946 ¹¹
698 2906 750 2970 καί
782 2908 813 2970 ἐν
824 2910 870 2991 τῷ
882 2904 1015 2971 ἀκοῦσαί
1026 2931 1059 2970 σε
1070 2905 1125 3007 την
1136 2903 1238 2988 φωνην
1250 2910 1306 2969 τοῦ
1320 2931 1390 2982 συγ-

140 2987 294 3054 απέστειλε
306 2981 569 3132 Χειράμβάοιλύς
582 2983 682 3072 Τύρου
693 2987 749 3066 ἀγ-
781 2989 922 3073 κλεισμοῦ
934 2987 997 3053 ἀπὸ
1012 2992 1067 3053 τοῦ
1079 2987 1189 3061 ἀλσους
1202 2991 1257 3051 τοῦ
1272 2989 1390 3053 κλαυθ-

138 3073 246 3150 γὲλους
262 3069 340 3155 πρὸς
353 3070 430 3134 Δαυ’
465 3073 516 3133 καὶ
534 3066 610 3145 ξύλα
622 3071 749 3156 κέδρινα,
781 3076 890 3155 μοῦνος,
915 3066 983 3136 τότε
1000 3065 1156 3155 καταβηση
1173 3067 1250 3154 πρὸς
1269 3069 1389 3147 αύτούς,

138 3156 190 3219 καί
208 3156 349 3227 τέκτονας
367 3146 462 3227 ξύλων
479 3154 531 3218 καὶ
547 3157 690 3229 τέκτονας
702 3156 749 3219 λί·
781 3151 829 3220 ότι
840 3150 908 3218 τότε
920 3149 1096 3229 ἐξελεύσεται
1109 3134 1208 3235 κύριος
1217 3155 1390 3238 ἔμπροσθέν

138 3248 217 3312 θων,
226 3237 278 3306 καί
288 3229 406 3319 ᾠκοδόμ
426 3259 483 3300 σαν
493 3234 578 3301 οἷκον
587 3241 631 3320 τῷ
642 3238 746 3303 Δαυίδ.
781 3263 835 3302 σου
847 3231 966 3301 κόπτειν
977 3239 1008 3300 ἐν
1025 3240 1070 3319 τῷ
1081 3233 1206 3318 πολέμῳ
1221 3239 1281 3299 τῶν
1294 3234 1387 3301 ἀλλο-

138 3321 318 3397 11καὶόγνω
332 3260 441 3394 Λαυίλ,
461 3315 508 3382 ότι
521 3316 678 3403 ἡτοίμασεν
691 3318 748 3385 αύ-
781 3315 890 3400 φύλων.
929 3320 958 3362 ²⁵
971 3321 1022 3383 καί
1038 3322 1156 3402 ἐποίησε
1168 3319 1267 3384 Δαυὶδ
1282 3318 1388 3393 καθὼς

103 3447 107 3450 -
138 3404 192 3469 τὸν
204 3398 303 3488 κύριος
316 3408 354 3478 εἷς
363 3401 487 3488 βασιλέα
497 3405 545 3466 ἐπὶ
555 3401 687 3487 Ἰσραὴλ,
697 3405 749 3469 καὶ
781 3402 942 3468 ἐνετείλατο
962 3402 1045 3486 αύτῷ
1058 3396 1174 3507 κύριος,
1198 3404 1247 3467 καὶ
1261 3398 1389 3479 ἐπάταξε

139 3484 186 3552 ότι
200 3485 319 3581 ἐπῄρθη
338 3484 506 3573 ἡβασιλεία
519 3484 617 3551 αὐτοῦ
633 3486 749 3550 διάτὸν
780 3484 851 3562 τοὺς
878 3483 1066 3568 ἀλλοφύλους
1091 3482 1155 3553 απὸ
1171 3483 1305 3573 Γαβαὼν
1333 3492 1389 3561 ἕως

138 3570 212 3636 λαὸν
225 3570 322 3634 αὐτοῦ
331 3565 461 3656 Ἰσραήλ.
479 3570 565 3634 13καί
579 3568 669 3654 ἔλαβε
683 3575 748 3634 Aa·
780 3573 833 3653 τῆς
844 3575 897 3654 γῆς
909 3566 1043 3655 Γαζηρά.

139 3655 187 3719 υἰδ
198 3657 241 3717 ἔτι
252 3664 395 3731 γυναῖκας
413 3652 465 3715 καὶ
476 3649 635 3726 παλλακάς
647 3654 678 3728 ἐξ
691 3651 747 3716 ‘It-
981 3659 1015 3718 Κ
1026 3661 1056 3719 Ε
1067 3658 1106 3717 Φ.
1150 3649 1187 3729 ς’.

139 3736 295 3818 ρουοαλίημ
318 3730 392 3816 μετά
417 3734 454 3798 τὸ
478 3735 577 3798 ἐλθεῖν
603 3732 697 3799 αὐτὸν
715 3738 747 3799 ἔκ
780 3698 867 3801 Καὶ
880 3733 1039 3821 συνάγαγεν
1051 3739 1095 3800 ἔτι
1105 3736 1203 3802 Δαυίδ
1212 3736 1311 3801 πάντα
1323 3759 1388 3800 νεα-

140 3816 277 3904 Χεβρών.
303 3819 356 3882 καὶ
373 3818 507 3894 ἐγένοντο
527 3821 572 3901 τῷ
590 3819 688 3883 Δαυίδ
704 3820 748 3882 ἔτι
780 3824 846 3884 νίαν
860 3822 891 3895 ἐξ
904 3818 1042 3904 Ἰσραὴλ,
1068 3815 1109 3893 ὡς
1127 3816 1326 3905 ἑβδομήκοντα
1345 3846 1388 3903 χικ

139 3903 263 3967 υἱοίκαί
278 3902 454 3985 θυγατέρες,
491 3900 521 3942 ¹⁴
534 3902 585 3965 καί
597 3905 695 3967 ταῦτα
707 3901 747 3965 τά
781 3897 892 3976 λιάδας.
930 3905 1009 3966 1καὶ
1037 3898 1143 3985 ἀνέστη
1167 3904 1218 3967 καί
1240 3900 1389 3990 ἐπορεύθη

140 3981 273 4068 ὀνόματα
297 3989 359 4048 τῶν
382 3986 583 4067 γεννηθέντων
608 3983 692 4068 αύτῷ
717 3988 748 4048 ἐν
782 3985 880 4049 Δαυίδ
902 3987 953 4048 καὶ
969 3989 1030 4060 πᾶς
1047 3981 1065 4048 ὁ
1083 3985 1156 4061 λαὸς
1173 3984 1191 4049 ὁ
1210 3985 1269 4067 μετ’
1291 3984 1389 4051 αὐτοῦ

136 4062 336 4152 Ἰερουσαλήμ.
372 4066 529 4150 Σαμμούς,
556 4068 607 4132 καί
623 4068 746 4153 Σωβάβ,
780 4069 832 4131 καί
844 4063 908 4131 ἀπὸ
921 4071 982 4131 τῶν
995 4064 1147 4153 ἀρχόντων
1155 4067 1258 4132 Ἰούδα
1270 4071 1301 4132 ἐν
1313 4065 1387 4130 ἀνα-

139 4157 190 4218 καὶ
206 4149 342 4226 Νάθαν,
369 4151 420 4214 καὶ
443 4149 615 4231 Σαλωμὼν,
651 4152 678 4193 ¹⁵
695 4153 747 4216 καί
779 4146 862 4237 βάσει
875 4155 932 4215 τοῦ
941 4147 1100 4230 ἀναγαγεῖν
1112 4155 1222 4216 ἐκεῖθεν
1232 4148 1287 4231 τὴν
1296 4152 1387 4233 κιβω-

136 4235 253 4323 Ἕβεάρ,
266 4237 318 4300 καί
332 4231 475 4307 Ἔλισουὲ,
492 4231 677 4312 καδΝαφὲκ,
696 4236 747 4298 καί
780 4233 833 4299 τὸν
857 4237 914 4298 τοῦ
940 4239 1029 4310 θεοῦ,
1055 4234 1098 4317 ἐφ’
1119 4231 1155 4316 ἣν
1179 4226 1328 4314 ἐπεκλήθη
1350 4231 1386 4296 τὸ

135 4320 250 4400 Ἰεφιὲς,
274 4320 303 4362 ¹⁶
315 4319 368 4381 καὶ
379 4314 539 4397 Ἐλισαμά,
556 4317 608 4380 καί
621 4314 746 4394 Ἐλιδαὲ,
781 4315 874 4399 ὄνομα
883 4321 942 4382 τοῦ
951 4324 1054 4404 κυρίου
1063 4322 1124 4380 τών
1132 4313 1282 4397 δυνάμεων
1291 4325 1386 4398 καθη·

139 4406 190 4465 καὶ
213 4397 403 4481 Ἐλιφαλάθ,
433 4397 554 4480 Σαμαὲ,
584 4397 746 4484 Ἰεοσιβάθ,
779 4403 869 4484 με’νου
894 4403 946 4465 ἐπὶ
969 4405 1029 4465 τῶν
1046 4399 1194 4483 Χερουβίν
1214 4396 1258 4462 ἐπ’
1285 4397 1385 4483 αὐτῆς.

142 4482 267 4561 Νάθαν,
275 4481 454 4565 Γαλαμαάν,
464 4477 591 4570 Ἰεβαάρ,
605 4483 747 4566 Θεησοῦς,
762 4519 766 4561 ι
781 4485 857 4550 3καί
873 4486 1050 4572 ἐπεβίβασαν
1067 4483 1120 4569 την
1142 4477 1268 4569 κιβωτὸν
1285 4489 1386 4577 κυρίοη

1338 4569 1376 4644 ἓν
