2924 4972
107 249 174 317 848
389 243 690 310 ιΕΡΕΜιΑΣ
728 247 805 317 Κεφ.
819 236 874 314 ιγ’.
888 231 1011 300 ιδ’.33.
1025 229 1077 298 34.

106 372 209 434 κακῶν
223 361 265 429 ῶν
277 363 336 440 ἐγὼ
349 362 506 442 λογίζομαι
524 364 581 423 τοῦ
592 383 644 423 ποι
650 363 715 423 ’σαι
748 383 803 433 τας
812 356 940 448 ίναύτῆ.
951 354 1035 420 ὅτιίν
1044 354 1173 438 ἀληθείᾳ
1185 352 1362 420 ἀπέσταλκά

109 449 212 523 αὐτοῖς
230 452 321 512 ἕνεκεν
338 448 399 508 τῶν
412 446 553 527 πονηρῶν
564 388 716 525 λπιτηδευ-
747 465 782 524 με
807 439 907 526 κύριος
925 438 1002 525 πρὸς
1019 436 1094 522 ὑμᾶς
1111 439 1240 522 λαλῆσαι
1263 442 1305 513 είς
1322 437 1361 503 τά

109 530 213 620 μάτων
227 530 339 603 αὐτῶν,
355 527 431 591 *καί
443 530 525 609 ἐρεῖς.
546 521 643 600 οὕτως
655 523 716 588 εἶπε
748 512 814 589 ῶτα
833 521 916 605 ἀμῶν
932 521 1048 598 πάντας
1067 522 1139 597 τοὺς
1155 518 1265 600 λόγους
1289 517 1360 587 τού-

110 614 218 700 ιιύριος.
247 609 299 676 ἒάν
323 608 363 693 μῆ
390 605 540 691 ἀκούσητέ
560 632 635 690 μου,
659 611 716 671 τοῦ
748 633 827 682 τους.
845 608 930 671 16καί
941 603 1026 670 εἷπον
1039 610 1069 670 οῖ
1081 603 1222 690 ἀρχοντες
1234 608 1288 671 καί
1299 609 1361 679 πᾶς

109 691 294 782 πορεύεσθαι
313 697 345 758 ἐν
369 704 432 766 τοῖς
454 695 584 775 νομίμοις
599 715 655 773 μου
673 689 717 765 οίς
749 686 767 755 ό
781 689 856 764 λαὸς
867 686 943 774 πρός
955 686 1027 764 τούς
1040 693 1123 773 ἱερεῖς
1135 689 1187 753 καί
1199 687 1279 773 πρὸς
1290 685 1362 763 τούς

110 783 209 847 ἔδωκα
222 774 301 842 κατά
313 770 475 860 πρόςωπον
488 771 586 857 ὑμῶν,
612 774 626 817 ⁵
641 777 717 847 είςα-
749 771 1010 856 ψευδοπροφήτας.
1037 770 1092 838 οίικ
1105 775 1224 876 ἔστιτῷ
1237 767 1362 857 ἀνθρῶ-

111 861 206 929 κούειν
215 864 277 924 τῶν
287 855 384 936 λόγων
394 862 455 922 τῶν
463 858 579 922 παίδων
610 881 647 920 ου
656 860 717 921 τῶν
748 883 799 939 πῳ
812 850 913 939 τούτῳ
925 861 1017 941 κρίσις
1027 851 1179 929 θανάτου,
1193 879 1242 918 οτι
1253 856 1307 919 ἐπί
1316 859 1362 939 τῷ

110 947 292 1030 προφητῶν,
315 938 366 1016 οὓς
378 939 435 1019 ἐγὼ
448 883 628 1005 ἀποστέλλω
640 937 718 1024 πρὸς
750 936 876 1022 ὀνόματι
886 943 986 1024 κυρίου
996 944 1052 1004 τοῦ
1057 943 1133 1003 θεοῦ
1141 934 1224 1021 ἡμῶν
1234 934 1363 1023 ἐλάληοε

110 1030 186 1112 ὑμᾶς
199 1027 331 1112 ὄρθρου,
348 1027 400 1090 καί
412 1022 582 1099 ἀπέστειλα,
599 1024 650 1086 καί
661 1018 717 1086 οὐκ
749 1022 827 1106 πρὸς
839 1020 924 1106 ἡμᾶς.
963 1023 1055 1086 17καί
1072 1019 1242 1104 ἀνέστησαν
1257 1020 1364 1106 ἀνδρες

111 1108 261 1196 ἠκούσατέ
270 1133 344 1191 μου,
368 1109 449 1172 6καί
461 1103 549 1171 διόσιο
567 1105 621 1171 τὸν
634 1104 717 1171 οἶκον
748 1109 812 1171 τῶν
823 1107 1032 1191 πρεσβυτέρων
1048 1109 1100 1190 τῆς
1116 1109 1183 1188 γῆς,
1208 1105 1263 1169 καί
1276 1103 1363 1170 εἶπαν

111 1201 221 1260 τοῦτον
241 1188 336 1276 ῶςπερ
353 1187 461 1275 Σηλῶ,
486 1192 538 1255 καί
556 1189 611 1273 τῆν
627 1183 717 1253 πόλιν
749 1184 833 1278 πόση
847 1194 884 1280 τῆ
898 1193 1055 1281 συναγωγῇ
1069 1192 1124 1253 τοῦ
1135 1189 1222 1253 λαοῦ.
1249 1189 1362 1254 18Μι-

113 1273 202 1343 δῶσω
225 1280 264 1350 εἰς
288 1269 424 1401 κατάραν
442 1277 517 1337 πᾶσι
535 1285 599 1347 τοῖς
618 1275 717 1338 ἔθνεσι
748 1277 834 1356 χαίας
852 1268 869 1335 ό
888 1277 1081 1357 Μωραθίτης
1099 1259 1136 1356 ῆν
1153 1274 1183 1334 ἒν
1199 1280 1270 1345 ταῖς
1290 1269 1362 1355 ἡμέ-

111 1356 211 1444 πάσης
224 1364 276 1441 τῆς
288 1361 349 1441 γῆς.
385 1358 436 1421 καί
448 1355 579 1439 ἤκουσαν
592 1360 623 1421 σί
637 1360 718 1439 ἱερεῖς
751 1380 816 1441 ραις
824 1353 955 1431 Ἐζεκίου
965 1356 1110 1441 βασιλέως
1117 1349 1232 1431 Ἰούδα,
1238 1356 1294 1420 καί
1303 1355 1362 1420 εἶπε

113 1445 165 1508 καί
178 1442 334 1523 οῖψευδοπ
354 1443 604 1523 οφῆται,καίπᾶς
616 1435 633 1503 ὁ
645 1437 719 1510 λαός
750 1440 843 1504 παντί
854 1441 899 1520 τῷ
911 1438 977 1522 λαῷ
986 1433 1097 1505 Ἰούδα.
1120 1433 1219 1513 οίίτιος
1232 1436 1298 1503 εἶπε
1311 1435 1362 1504 κύ-

113 1530 170 1591 τοῦ
186 1522 323 1608 Ἱερεμίου
380 1523 502 1598 λοῦντος
521 1522 592 1597 τοὺς
611 1518 719 1600 λόγους
751 1548 822 1607 ριος.
840 1517 922 1585 Σιιόν
935 1519 977 1597 ὡς
989 1519 1080 1608 ἀγρός
1092 1518 1361 1607 ἀροτριαθῆσεται,

113 1603 239 1682 τούτους
252 1611 282 1672 ίν
295 1608 366 1689 οἴκῳ
379 1610 488 1691 κυρίου.
515 1607 531 1649 ⁸
544 1607 595 1670 καί
608 1608 719 1683 ἐγένετο
751 1606 804 1670 καί
817 1600 1010 1691 Ἰερουσαλὴμ
1023 1610 1062 1680 είς
1074 1605 1190 1691 ἀβατον
1204 1608 1302 1682 ἔσται,
1314 1608 1361 1671 καί

112 1692 251 1775 Ἱερεμίου
261 1691 455 1772 παυσαμένου
465 1686 631 1763 λαλοῦντος
641 1687 720 1753 πάν-
750 1684 789 1752 τά
806 1686 878 1772 ὅρος
893 1692 949 1752 τοῦ
970 1691 1056 1755 οἴκου
1069 1693 1108 1764 είς
1126 1687 1223 1764 ἀλσος
1235 1689 1360 1773 δρυμοῦ.

113 1799 153 1840 τα
172 1770 193 1839 ἀ
210 1774 348 1849 συνέταξε
366 1767 464 1859 κύριος
483 1770 567 1853 αὐτῷ
590 1771 720 1856 λαλῆσαι
751 1772 780 1814 ¹⁹
791 1769 831 1855 μῆ
854 1769 967 1838 ἀνελὼν
987 1772 1097 1837 ἀνεῖλεν
1114 1768 1210 1836 αὐτὸν
1232 1771 1360 1850 Ἐζεκίας

114 1857 206 1923 παντί
217 1861 262 1940 τῷ
274 1856 354 1940 λαῷ,
378 1857 430 1920 καί
449 1851 650 1940 συνελάβοσαν
663 1851 719 1921 αά-
752 1856 804 1919 καί
815 1858 876 1928 πῶς
890 1851 1009 1935 Ἰούδας
1033 1857 1087 1959 οῆχ
1100 1852 1147 1920 ὅτι
1160 1854 1361 1956 ἒφοβῆθησαν

114 1940 168 2005 τὸν
185 1943 324 2043 οῖίερεῖς,
349 1941 399 2003 καί
416 1943 446 2001 οῖ
464 1940 720 2041 ψευδοπροφῆται,
751 1937 807 2002 τὸν
831 1932 946 2042 κβριον,
971 1942 1022 2004 καί
1047 1964 1096 2003 οτι
1119 1938 1286 2024 ε’δεῆθησαν
1306 1966 1362 2042 τρυ

114 2025 165 2087 καί
177 2027 237 2096 πᾶς
250 2047 268 2084 ο
281 2020 353 2096 λαός
366 2022 473 2098 λέγων,
499 2019 628 2104 θανάτῳ
642 2046 720 2085 απο-
752 2046 914 2105 προςωπου
929 2028 1031 2109 κυρίου
1035 2050 1047 2099 ,·
1072 2025 1125 2087 καί
1137 2021 1298 2089 ἐπαύσατο
1310 2051 1362 2089 κυ-

114 2109 206 2190 θανῆ,
221 2101 293 2168 θὸτι
305 2100 527 2189 ἐπροφητεύσας
539 2111 584 2207 τῷ
599 2099 721 2186 ὀνόματι
752 2131 816 2191 ριος
832 2102 894 2169 ἀπὸ
911 2113 972 2171 τῶν
988 2111 1088 2171 κακῶν
1105 2100 1147 2170 ὧν
1159 2104 1303 2192 ἐλάλησεν
1316 2103 1359 2172 ἐπ’

115 2193 218 2272 κυρίου
236 2187 349 2266 λέγων,
376 2186 471 2268 ῶςπερ
489 2187 582 2272 Σηλω
601 2185 720 2255 ἔσταιὸ
753 2183 880 2269 αύτούς,Ι
906 2192 958 2253 καί
982 2187 1063 2276 ἡμεῖς
1085 2186 1265 2274 ἐποιήσαμεν
1284 2190 1362 2256 κακά

116 2271 198 2347 οίκος
212 2262 310 2346 οὗτος,
325 2271 376 2335 καί
389 2267 406 2355 ῆ
418 2266 505 2347 πόλις
518 2267 593 2356 αὕτη
608 2277 721 2358 ἐρημω-
751 2268 864 2355 μεγάλα
882 2274 934 2337 ἐπὶ
950 2272 1050 2359 ψυχάς
1069 2271 1161 2358 ἡμῶν.
1189 2277 1222 2319 ²⁰
1235 2278 1289 2339 καί
1308 2275 1362 2339 ἀν-

113 2351 240 2432 θῆσεται
254 2353 316 2419 ἀπὸ
330 2351 557 2421 κατοικούντων.
579 2359 631 2421 καί
644 2359 721 2432 ἐξεκ-
751 2366 880 2442 θρωπος
901 2344 938 2460 ῆν
955 2354 1152 2443 προφητεύων
1168 2362 1215 2440 τῷ
1233 2355 1361 2441 ὀνόματι

114 2435 286 2522 κλησιάσθη
305 2442 365 2512 πᾶς
382 2436 399 2502 ὁ
419 2437 492 2513 λαός
511 2442 561 2503 ἐπί
581 2438 722 2524 Ἱερεμίαν
751 2444 856 2524 κυρίου
879 2444 990 2526 Ουρίας
1008 2440 1070 2516 υἱός
1084 2447 1222 2521 Σαμαίου
1240 2446 1276 2506 ἐκ
1290 2449 1362 2506 Κα-

115 2527 145 2588 gy
157 2525 231 2605 οἴκῳ
245 2526 358 2604 κυρίου.
375 2525 403 2565 ¹⁰
413 2524 465 2586 καί
478 2521 608 2607 ῆκουσαν
621 2528 652 2587 οἱ
665 2521 721 2607 δύρ-
752 2524 909 2629 ρταθιαρίμ
915 2575 924 2600 ‚
951 2529 1003 2590 καὶ
1017 2520 1208 2607 ε’προφῆτευσε
1221 2528 1295 2605 περὶ
1308 2531 1362 2608 τῆς

114 2632 212 2710 ηοντες
225 2601 327 2669 Ἰούδα
346 2602 505 2683 τὸνλόγον
520 2612 644 2682 τοῦτον,
670 2608 721 2673 καί
751 2610 803 2690 γῆς
816 2631 925 2690 ταυτης
942 2611 1020 2673 κατά
1030 2603 1140 2680 πάντας
1157 2603 1229 2678 τοὺς
1242 2604 1362 2681 λόγους

115 2695 263 2775 ανέβησαν
287 2690 317 2763 ἐξ
345 2691 430 2753 οἴκου
449 2693 505 2753 τοῦ
521 2690 666 2775 βασιλέως
683 2695 721 2764 εῖς
748 2687 895 2775 Ἱερεμίου.
925 2694 952 2733 ²¹
966 2695 1017 2756 καί
1038 2688 1155 2775 ῆκουσεν
1182 2684 1199 2753 ὁ
1218 2689 1362 2775 βασιλεὺς

116 2773 199 2836 οἶκον
218 2778 337 2853 κυρίου,
363 2774 414 2835 καί
431 2771 577 2837 ἐκάθισαν
596 2777 627 2837 ἐν
643 2799 719 2857 προ-
747 2771 884 2855 Ἰωακείμ
897 2777 948 2838 καί
960 2773 1068 2849 πάντες
1087 2778 1119 2838 οῖ
1130 2771 1268 2858 ἀρχοντες
1280 2770 1362 2838 πάν-

113 2850 221 2936 θύροις
233 2849 328 2934 πύλης
340 2859 391 2937 τῆς
403 2859 511 2937 καινῆς.
535 2859 557 2896 ¹¹
571 2859 621 2919 καὶ
634 2856 720 2921 εἶπαν
750 2881 805 2931 τας
824 2856 893 2932 τοὺς
906 2854 1015 2936 λόγους
1034 2856 1143 2934 αὐτοῦ,
1169 2857 1221 2921 καί
1237 2854 1362 2941 ἔζῆτουν

114 2942 145 3001 οῖ
158 2941 254 3022 ἱερεῖς,
277 2937 327 3000 καί
340 2940 371 3000 οῖ
384 2938 631 3023 ψευδοπροφῆται
644 2939 720 3024 πρὸς
751 2937 921 3005 ἀποκτεῖναι
944 2940 1054 3017 αὐτόν,
1083 2943 1135 3005 καί
1159 2939 1281 3026 ῆκουσεν
1302 2940 1360 3007 Οά-

112 3019 184 3093 τοὺς
209 3019 370 3104 ἄρχοντας,
395 3022 447 3085 καί
470 3024 562 3086 παντί
580 3027 625 3104 τῷ
644 3023 718 3106 λαῷ.
750 3028 827 3105 ρίας,
840 3027 891 3089 καί
903 3025 1031 3108 είςῆλθεν
1044 3024 1261 3101 είςΑίγυπτον.
1274 3027 1361 3089 22καί

112 3108 204 3184 κρίσις
218 3099 359 3200 θανάτου
377 3108 421 3185 τῷ
438 3100 593 3189 ἀνθρώπῳ
608 3107 718 3189 τούτῳ,
750 3108 951 3182 ἐξαπέστειλεν
976 3105 993 3172 ὁ
1020 3107 1157 3194 βασιλεὺς
1184 3107 1298 3195 ἀνδρας
1321 3113 1361 3184 είς

112 3179 160 3247 ότι
190 3187 392 3267 ἒπροφητευσε
423 3184 502 3250 κατά
527 3194 579 3272 τῆς
604 3186 719 3264 πόλεως
749 3193 919 3267 Αἴγυπτον,
951 3193 980 3232 ²³
993 3193 1044 3255 καί
1062 3189 1250 3274 ἔξηγάγοσαν
1268 3189 1360 3257 αὐτόν

110 3262 236 3349 ταύτης,
250 3266 355 3341 καθώς
368 3263 514 3347 ῆκοόσατε
526 3274 557 3335 ἐν
573 3283 633 3347 τοῖς
646 3271 718 3338 ῶσίν
748 3278 873 3349 ἐκεῖθεν,
898 3275 949 3336 καί
968 3271 1159 3355 εῖςηγάγοσαν
1172 3273 1273 3342 αὐτόν
1284 3274 1360 3362 πρὸς

112 3347 201 3431 ὑμῶν.
219 3352 247 3391 ¹²
258 3352 310 3415 καί
321 3349 397 3416 εἶπεν
405 3349 545 3437 Ἱερεμίας
557 3356 633 3439 πρὸς
645 3355 718 3430 τοὺς
748 3354 952 3441 τὸνβασιλέα,
977 3359 1028 3419 καί
1045 3350 1194 3431 ἐπάταξεν
1212 3357 1313 3425 αύτδν
1329 3364 1360 3424 ἐν

112 3434 274 3539 ἀρχοντας,
301 3436 351 3499 καί
363 3440 455 3502 παντὶ
468 3443 511 3520 τῷ
526 3438 601 3521 λαῷ,
615 3439 716 3517 λέγων.
747 3444 893 3526 μαχαίρᾳ,
918 3439 970 3503 καί
996 3441 1114 3525 ἔρριψεν
1142 3438 1240 3506 αὐτὸν
1264 3448 1305 3518 είς
1323 3439 1358 3506 τό

111 3545 210 3603 κυριος
229 3518 382 3584 ἀπέστειλέ
399 3546 434 3602 με
451 3527 653 3606 προφητεῦσαι
667 3526 718 3588 ἐπὶ
747 3529 844 3608 μνῆμα
857 3528 930 3588 υἱῶν
943 3522 1020 3587 λαοῦ
1033 3521 1140 3587 αὐτοῦ.
1164 3523 1196 3566 ²⁴
1207 3524 1286 3609 πλὴν
1297 3527 1358 3610 χείρ

110 3600 166 3698 τὸν]
178 3599 260 3664 οἶκον
273 3607 397 3678 τοῦτον,
423 3606 474 3668 καί
491 3607 541 3669 ἐπί
558 3603 611 3708 τῆν
627 3602 717 3671 πόλιν
741 3604 876 3690 Ἀχεικάμ
901 3610 969 3671 υἱοῦ
986 3605 1097 3688 Σαφάν
1122 3594 1160 3691 ῆν
1175 3607 1250 3689 μετά
1269 3604 1360 3692 Ἱερε-

109 3705 223 3766 ταυτην
233 3679 349 3759 πάντας
361 3686 433 3760 τοὺς
442 3683 549 3764 λόγους
562 3713 615 3763 ους
628 3685 716 3774 ῆκού-
746 3697 834 3773 μίσυ,
860 3696 917 3756 τοῦ
938 3689 978 3775 μῆ
996 3692 1185 3775 παραδοῦναι
1202 3687 1299 3752 αὐτόν
1317 3696 1359 3764 εἰς

109 3786 185 3862 ρατε.
204 3767 230 3807 ¹³
236 3768 287 3829 καί
300 3772 352 3833 νῦν
362 3770 493 3854 βελτίους
505 3767 650 3856 ποιῆσατε
661 3771 715 3847 τάς
745 3785 843 3860 χεῖρας
855 3779 910 3838 τοῦ
924 3774 1002 3839 λαοό
1013 3774 1053 3858 μῆ
1067 3773 1173 3840 ἀνελεῖν
1186 3767 1291 3836 αὐτόν.

108 3844 196 3946 ρδοίης
214 3845 311 3930 ὑμῶν,
338 3854 389 3915 καί
406 3851 445 3916 τά
462 3857 534 3938 ἔργα
548 3857 641 3936 ὑμῶν,
665 3859 715 3920 καί
799 3863 875 3922 KE
891 3864 929 3921 (ί).
955 3854 1040 3922 ΛΔ’.
1080 3860 1301 3938 (Hebr.c.27,

108 3952 255 4031 ακουσαηε
268 3937 319 4015 τῆς
331 3939 431 4019 φωνῆς
444 3943 559 4022 κυρίου,
572 3942 623 4002 καί
634 3938 715 4003 παύ-
972 3964 992 4003 2
1005 3980 1043 3990 -
1059 3947 1126 4023 22.)

108 4034 189 4073 σεται
201 4037 302 4114 κυριηος
321 4013 385 4080 ἀπὸ
400 4023 459 4083 τῶν
474 4025 576 4084 κακῶν
589 4015 632 4086 ὧν
645 4017 713 4085 ε’λά-
743 3988 894 4100 2Οίύτως
906 4024 968 4089 εἶπε
980 4023 1090 4111 κύριος.
1103 4030 1230 4109 ποίησον
1242 4024 1358 4107 σεαυτῷ

107 4093 192 4194 λησεβ
204 4097 241 4192 ἐφ
261 4101 343 4175 υμᾶς.
358 4099 442 4164 14καί
455 4100 521 4167 ίδοό
533 4101 590 4180 ἐγώ
604 4107 635 4168 ἒν
647 4131 714 4191 χερ-
743 4106 865 4189 δεσμοὺς
879 4111 931 4171 καί
941 4109 1069 4185 κλοισύς,
1083 4111 1134 4173 καί
1146 4114 1281 4174 πεοίθου
1291 4112 1359 4192 περί

106 4181 261 4282 σὶνὶυμων,
283 4179 433 4280 ποιήσατέ
443 4213 494 4266 μοι
509 4182 550 4258 ὡς
563 4193 712 4270 συμφέρει,
743 4189 799 4255 τόν
817 4189 968 4276 τράχηλόν
987 4219 1060 4268 σου,
1086 4195 1165 4255 3καί
1184 4170 1360 4267 ἀποστελεῖς

105 4283 156 4324 και
169 4259 434 4362 ωςΙβιλτιονΙομῖν.
473 4269 500 4310 ¹⁵
514 4265 577 4330 ἀλλ’
594 4269 613 4353 ἢ
625 4270 713 4347 γνόν-
744 4273 853 4350 αὐτοὺς
865 4273 942 4362 πρός
954 4278 1080 4361 βασιλέα
1092 4273 1285 4356 Ἰδουμαίας,
1308 4281 1360 4342 καί

103 4367 149 4446 ξίῖ
161 4354 319 4420 firmamve,
331 4345 377 4408 ὅτι
390 4352 414 4411 εἰ
427 4347 574 4433 ἀναιρεῖτέ
582 4378 625 4432 με,
641 4357 713 4438 αίμα
742 4355 818 4441 πρὸς
831 4361 959 4444 βασιλέα
971 4359 1093 4447 Μωάβ,
1114 4361 1166 4424 καί
1178 4358 1258 4444 πρὸς
1270 4363 1360 4446 βασι-

103 4431 209 4530 αθῶον
227 4429 322 4494 δίδοτε
340 4427 383 4512 ἐφ’
407 4428 497 4514 ὑμᾶς,
524 4435 575 4496 καί
595 4439 645 4500 ἐπί
658 4438 713 4523 τῆν
741 4441 797 4505 λέα
810 4447 882 4506 υἱῶν
895 4441 1032 4528 Ἄμμων,
1050 4440 1190 4527 καὶπρὸς
1203 4441 1357 4531 τὸνβασι·

101 4511 190 4575 πολιν
199 4509 321 4600 ταύτην,
335 4517 386 4582 καὶ
396 4519 446 4583 ἐπί
454 4514 525 4593 τούς
535 4526 710 4589 κατοικούν-
740 4524 795 4589 λία
811 4522 932 4614 Τύρου,
958 4529 1010 4592 καί
1026 4527 1104 4616 πρὸς
1113 4524 1244 4615 βασιλέα
1258 4529 1360 4595 Σιδῶ-

1298 4639 1359 4690 ⁹06.
