2924 4972
444 256 511 321 ΖΑ
524 257 752 325 ΧΑνιΑΣ
795 253 944 342 xm&
967 261 1016 330 14.
1279 275 1345 346 νας

105 380 187 456 τούς,
200 378 240 456 ῶς
251 378 436 464 δοκιμάζεται
450 380 488 446 τὸ
499 386 631 486 χρυσίον.
655 378 712 446 αὖ·
744 407 805 446 που
822 395 915 464 μενεῖ,
939 381 1002 448 άπό
1021 388 1073 467 τής
1093 383 1191 470 πύλης
1209 370 1352 471 Ῐλῶῶμίν

105 461 156 540 τὸς
168 464 369 531 ἐπικαλέσεται
382 461 419 527 τὸ
432 461 529 546 ὄνομα
547 490 616 546 μου,
628 463 713 546 κᾷγῶ
745 469 801 540 ἕως
817 468 876 530 τοῦ
894 458 992 530 τόπου
1009 469 1062 550 τῆς
1081 462 1178 548 πύλης
1196 474 1248 554 τῆς
1265 466 1350 557 πρῶ-

105 546 310 630 ἐπακούσομαι
334 545 433 628 αύτῷ,
461 548 513 611 καί
536 551 612 633 ἐρῶ,
638 542 713 622 λαός
745 573 807 632 της,
833 552 889 623 ἕως
900 551 953 632 τῆς
964 543 1059 655 πύλης
1075 553 1138 615 τῶν
1149 557 1274 628 γωνιῶν,
1299 557 1352 621 καὶ

105 659 163 714 μου
178 622 268 706 οὗτός
280 633 352 709 ἔστι,
361 632 412 694 καί
425 628 518 706 αὐτὸς
531 635 600 719 ἐρεῖ,
610 630 713 717 κύριος
746 635 802 706 ἕως
818 635 876 696 τοῦ
898 629 1016 718 πύργου
1031 628 1185 719 Λναμεήλ.
1214 639 1270 710 ἕως
1287 642 1350 703 τῶν

105 711 209 790 ὁθεός
219 739 286 795 μου.
747 712 919 798 άποληνίαιν
936 718 994 780 τοῦ
1003 715 1148 801 βασιλέως
1172 715 1351 803 11κατοική-

286 802 415 868 xm.
465 792 534 863 Μ’.
748 794 1000 888 σουσινέναύτῇ,
1024 800 1077 862 καὶ
1096 793 1232 882 ἀνάθεμα
1250 800 1351 865 ούκέ·

1090 876 1098 901 t

106 849 145 946 Ι
148 879 203 945 όοὺ
227 876 332 964 ήμέραι
356 884 491 966 ἔρχονται
515 885 634 969 κυρίου,
661 881 713 946 καί
746 906 814 946 σται
831 882 889 956 θ’τι,
907 882 959 946 καί
975 906 1142 989 κατοικησιι
1156 881 1351 970 Ἰερουσαλήμ

104 958 381 1049 διαμερισθήσονται
390 963 430 1029 τὰ
442 959 538 1030 σκῦλά
546 990 603 1030 σου
614 968 646 1030 ἰν
655 971 711 1031 σοι’.
745 960 949 1040 πεποιθότως.
992 966 1019 1006 ¹²
1045 989 1096 1030 και
1120 960 1197 1071 αύτη
1221 969 1305 1049 ἔσται
1330 963 1350 1052 ή

105 1049 185 1112 2καὶ
208 1044 372 1124 ίπισυνάξω
391 1045 492 1113 πάντα
509 1046 549 1112 τά
567 1051 643 1132 ἔθνη
662 1050 714 1114 ἐπὶ
745 1050 859 1122 πτῶσις
872 1043 908 1124 ἣν
924 1043 1012 1131 κόψει
1029 1045 1129 1132 κύριος
1150 1073 1266 1124 πάντας
1277 1047 1352 1127 τούς

100 1127 305 1288 Ἶερορσαλρρρ
314 1136 352 1205 είς
364 1126 509 1212 πόλεμον,
533 1131 584 1196 καί
596 1125 713 1197 άλῶσε-
746 1126 921 1231 λαοής,όσα
933 1126 1169 1233 ἐπεστράτευσαν
1181 1131 1351 1217 ἐπίἼερσυ·

106 1241 157 1280 ται
178 1242 197 1296 η
217 1210 260 1279 πό
303 1215 386 1288 ,καί
408 1209 663 1298 διαρπαγ’σονται
680 1219 713 1280 αί
746 1212 851 1297 συλημ.
877 1238 1058 1298 τακησσνται
1074 1218 1109 1279 αῖ
1122 1210 1160 1281 σά
1179 1239 1225 1290 κες
1238 1213 1349 1290 αὐτῶν,

105 1302 208 1371 οἰκίαι,
230 1297 282 1361 καί
304 1299 338 1360 αἱ
358 1310 490 1374 γυναῖκες
501 1242 713 1399 μολυνθήσον-
745 1290 914 1380 ἑστηκότων
939 1298 989 1362 ἐπὶ
1013 1293 1084 1372 τοὺς
1112 1240 1213 1374 πόόσς
1238 1295 1349 1374 αὐτῶν,

105 1405 166 1456 ται,
180 1381 231 1444 καί
246 1376 422 1456 ἐξελεύσεται
438 1379 476 1445 τό
491 1379 501 1401 ‘
506 1405 575 1462 μισυ
587 1385 624 1444 σι’
626 1407 640 1455 ς
651 1377 712 1446 πό·
744 1381 795 1444 καὶ
808 1382 840 1443 ot
853 1378 1013 1463 ὀφθαλμοὶ
1030 1377 1306 1468 αιἰτῶνρυήσονται
1317 1385 1349 1446 ἐκ

107 1463 179 1539 λειος
191 1466 222 1528 ἐν
234 1463 432 1547 αι’γμαλυοσίη,
446 1467 476 1527 οἶ
488 1408 520 1528 όὲ
531 1409 713 1529 κατάλοιποι
744 1466 806 1527 τῶν
819 1462 905 1528 ὀπῶν
917 1458 1032 1539 αὐτῶν,
1055 1465 1107 1529 καί
1123 1461 1142 1548 ή
1154 1464 1280 1543 γλῶσσα
1292 1461 1350 1529 αό-

107 1551 166 1611 τοῦ
178 1545 256 1611 λαοῦ
268 1571 326 1628 μου
344 1542 381 1610 οὐ
394 1545 436 1629 μή
454 1546 714 1630 ἐξολοθρευθῶσιν
745 1550 805 1610 τῶν
817 1543 977 1629 τακήσεται
995 1549 1028 1613 ἐν
1040 1550 1084 1631 τῷ
1100 1543 1225 1631 στόματι
1239 1546 1349 1612 αὐτῶν.

107 1633 141 1695 ἐκ
152 1633 205 1714 τῆς
223 1625 347 1704 πόλεως.
375 1630 453 1695 3καὶ
470 1625 644 1706 ἐξελεύσεται
661 1627 714 1695 κύ-
744 1629 771 1670 ¹³
784 1630 836 1693 καὶ
848 1632 934 1695 ἔσται
945 1633 1021 1732 ivry}
1032 1627 1128 1735 ήμέρυχ
1139 1633 1233 1725 ἐκείνη
1243 1633 1351 1697 suum·

108 1738 181 1796 ριος,
193 1715 246 1778 καί
255 1707 459 1797 παρατάξεται
478 1716 509 1778 ἐν
522 1725 586 1788 τοῖς
597 1715 714 1780 ἔθνεσιν
746 1737 791 1786 σις
816 1718 922 1798 κυρίου
946 1713 1058 1796 μεγαλη
1083 1717 1122 1779 ἐπ
1156 1711 1275 1789 αύτούς.
1301 1717 1360 1780 καί

107 1800 240 1872 ἐκείνοις,
269 1794 375 1870 καθῶς
400 1795 494 1881 ήμέρα
518 1792 714 1881 παρατάξεως
745 1790 947 1878 ἐπιλήψονται
965 1801 1090 1872 ἕκαστος
1106 1801 1160 1881 τῆς
1182 1796 1277 1900 χειρὸς
1292 1802 1349 1864 τοῦ

108 1877 206 1946 αὗτοῦ
217 1882 248 1944 ἒν
265 1877 361 1964 ήμέρηι
375 1879 525 1963 πολέμου.
551 1879 631 1944 4καί
643 1876 712 1965 στή-
745 1877 872 1963 πλησίον
884 1875 997 1955 αὐτοῦ,
1011 1883 1063 1944 καὶ
1074 1877 1348 1965 συμπλακησεταιή

107 1988 212 2029 σονται
230 1966 262 2029 σί
282 1960 372 2037 πόδες
391 1960 488 2029 αύτού
511 1964 542 2028 ἐν
560 1968 597 2056 τῇ
616 1957 712 2051 ήμέρη
744 1958 914 2047 χείραῦτοῦ
931 1961 1009 2048 πρὸς
1025 1961 1079 2069 τήν
1096 1975 1141 2047 χι”
1195 1968 1252 2029 τού
1269 1964 1348 2048 πλη-

107 2051 198 2128 ἐκείνη
219 2050 269 2113 ἐπὶ
290 2045 327 2111 τό
352 2045 425 2133 όρος
446 2051 509 2111 τῶν
531 2045 651 2123 ἐλαιῶν,
673 2049 708 2113 τὸ
746 2050 809 2110 σιόν
827 2043 934 2110 αὐτοῦ.
966 2044 1060 2110 14ιιαι
1073 1990 1191 2122 Ἰοόόῶς
1207 2047 1350 2132 παρατά·

107 2117 261 2196 κατεναντι
278 2125 474 2216 Ἰερουσαλήμ
492 2130 523 2205 ἕξ
545 2128 712 2198 ἀνατολῶν.
744 2131 824 2204 ξεται
837 2126 1085 2215 ἔνἸερουσαλήμ,
1106 2133 1158 2195 καί
1168 2132 1285 2207 συνάξει
1296 2128 1351 2216 τήν

107 2216 159 2280 καὶ
171 2207 363 2298 σχισθήσεται
381 2212 419 2278 τό
439 2213 511 2298 όρος
523 2218 584 2277 τῶν
595 2213 714 2290 ἐλαιῶν,
745 2209 829 2296 ίσχύν
853 2207 975 2278 πάντων
998 2216 1061 2278 τῶν
1085 2212 1167 2278 λαῶν
1191 2210 1349 2288 κυκλόθεν,

108 2296 144 2364 τὸ
165 2294 250 2381 ήμισυ
272 2295 370 2362 αὐτού
389 2293 467 2379 πρός
491 2293 641 2370 ἀνατολάς
663 2298 715 2361 καὶ
743 2299 863 2377 χρυσίον
885 2296 938 2358 καί
960 2289 1103 2379 ἀργύριον
1119 2296 1171 2360 καί
1193 2296 1350 2400 ἱματισμὸν

109 2377 281 2454 θάλασσαν,
306 2375 378 2461 χάος
401 2379 479 2460 μίγα
505 2373 634 2462 σφόδρα.
660 2381 712 2444 καί
745 2381 783 2451 είς
794 2375 915 2460 πλῆθος
927 2375 1056 2460 σφόδρα.
1079 2377 1163 2443 15καί
1174 2375 1252 2462 αύτη
1266 2380 1350 2444 ἔσται

108 2463 202 2529 κλινεῖ
216 2458 253 2525 τό
271 2453 360 2544 ήμισυ
381 2462 439 2523 τοῦ
457 2457 547 2544 όρους
562 2457 640 2547 πρός
660 2459 714 2527 τόν
746 2457 891 2542 ήπτῶσις
903 2463 964 2524 τῶν
981 2464 1100 2536 ἵππων,
1123 2462 1176 2526 καὶ
1189 2465 1251 2527 τῶν
1263 2456 1350 2544 ήμιό-

109 2545 253 2629 Βορρᾶν,
277 2542 330 2607 καί
350 2537 386 2606 τό
408 2538 495 2627 ἥμισυ
519 2541 617 2608 αὐτοῦ
638 2542 714 2626 πρὸς
745 2565 812 2615 νων,
823 2544 875 2606 καί
887 2546 948 2606 τῶν
959 2539 1109 2626 καμήλων,
1121 2545 1173 2607 καὶ
1185 2548 1245 2608 τῶν
1259 2543 1349 2621 όνσυν,

109 2623 227 2702 Νότον,
254 2626 333 2690 Ι*καί
345 2621 551 2712 πραχθήσεται
564 2621 582 2710 ή
596 2621 715 2712 φάραγξ
744 2626 795 2691 καί
811 2620 937 2690 πάντων
953 2629 1015 2689 τῶν
1040 2630 1154 2710 κτηνῶν
1173 2632 1235 2692 τῶν
1253 2625 1350 2692 όντων

108 2716 170 2778 τῶν
189 2708 206 2775 ό
237 2713 244 2731 ’
268 2734 371 2791 νμου,
395 2710 447 2774 καί
464 2708 714 2796 ἐγκολληθήσεται
744 2712 775 2774 ἐν
801 2720 866 2784 ταῖς
889 2707 1091 2795 παρεμβολαῖς
1115 2714 1245 2786 ἐκείναις,
1269 2710 1349 2776 κατὰ

108 2790 213 2880 φάραγ
248 2793 358 2881 ὀρέων,
385 2791 573 2868 όαςἸασὸό,
598 2793 650 2859 καί
663 2798 714 2876 ἐμ·
744 2791 799 2877 τήν
822 2796 941 2859 πτῶσιν
965 2789 1089 2876 ταύτην.
1129 2793 1230 2859 16καί
1254 2796 1349 2871 ἐσται,

108 2872 317 2982 ρραχθήσεται
330 2875 437 2952 καθῶς
449 2876 594 2962 ίνεφράγη
607 2880 639 2942 ἐν
649 2890 714 2954 ταῖς
745 2872 812 2941 ὅσοι
833 2873 886 2941 ἐὰν
911 2873 1151 2956 καταλειφθεῖσιν
1174 2879 1207 2941 ἐκ
1227 2871 1350 2942 πάντων

108 2964 229 3047 ημέραις
248 2964 304 3027 τοῦ
323 2963 517 3042 συσσεισμοῦ,
543 2964 575 3027 ἐν
589 2956 714 3067 ήμόραις
745 2963 807 3024 τῶν
819 2961 916 3024 ἐθνῶν
932 2962 992 3024 τῶν
1008 2954 1162 3024 ἐλθόντων
1178 2956 1348 3045 ἔπὶἾερου-

105 3044 204 3123 Ὀζίου
220 3043 363 3132 βασιλέως
379 3039 489 3110 Ἰούδα.
515 3047 568 3111 καί
585 3047 644 3130 ηξει
662 3041 714 3111 κύ-
745 3041 858 3127 σαλήμ,
883 3043 936 3108 καί
948 3038 1150 3130 ἀναβήσονται
1170 3039 1233 3108 κατ’
1249 3046 1349 3109 ε’νιαυ-

109 3155 171 3215 ριος
185 3128 203 3194 ό
215 3126 289 3203 θεός
298 3153 373 3211 μου,
397 3129 448 3193 καί
459 3124 569 3205 πάντες
586 3133 616 3195 οἱ
634 3124 715 3206 άγιοι
744 3124 810 3201 τὸν,
823 3130 880 3192 τοῦ
892 3130 1093 3212 προςκυνήσαι
1111 3130 1157 3210 τῶ
1167 3126 1286 3214 βασιλεῖ
1294 3152 1348 3192 κυ-

108 3210 166 3296 μετ’
189 3210 292 3278 αὐτοῦ.
319 3212 399 3276 θκαί
416 3215 502 3277 ἔσται
520 3214 551 3278 ἐν
567 3216 659 3305 ἐκείνη
677 3217 714 3296 τή
745 3215 801 3294 ρίῳ
813 3205 1047 3295 παντοκράτορι,
1074 3211 1192 3276 καὶτοῦ
1205 3207 1349 3296 ἑορτάσαι

110 3295 207 3381 ήμόρηι
222 3295 278 3362 οὐκ
296 3299 381 3360 ἔσται
393 3299 474 3376 φῶς,
499 3297 552 3361 καί
570 3291 651 3381 ψύχη
664 3289 715 3362 κάὶ
744 3293 798 3377 τήν
815 3289 924 3379 ἑορτήν
943 3297 995 3377 τῆς
1014 3299 1222 3379 σκηνοπηγίας.
1254 3296 1281 3336 ¹⁷
1298 3297 1349 3360 καί

104 3375 208 3457 ’πάγος
233 3381 247 3422 ⁷
261 3381 345 3445 ἔσται
358 3382 428 3460 μίαν
440 3376 563 3462 ἡμέραν,
584 3384 636 3445 καί
647 3380 666 3462 ή
678 3377 714 3463 ἦ·
745 3379 844 3453 ἔσται,
869 3375 937 3442 όσοι
953 3376 1007 3441 ἐὰν
1018 3379 1059 3458 μή
1076 3374 1229 3460 ἀναβῶσιν
1241 3379 1274 3439 ἐκ
1286 3403 1349 3440 πα·

107 3466 185 3547 με’ρα
209 3465 301 3544 ἐκείνη
326 3459 443 3541 γνωστή
469 3466 513 3543 τῷ
538 3469 648 3544 κυρίῳ,
664 3466 716 3527 καί
746 3464 808 3526 σῶν
820 3464 882 3525 τῶν
894 3457 998 3539 φυλῶν
1013 3463 1065 3543 τῆς
1080 3463 1135 3540 γής
1147 3453 1347 3538 εἰςἹερουσα-

109 3544 164 3626 οὐχ
179 3540 283 3627 ήμέρα,
297 3544 349 3604 καί
361 3541 397 3605 οὐ
408 3541 525 3617 νύξ,καὶ
537 3540 612 3625 πρὸς
625 3545 714 3608 ἐσπί-
745 3541 814 3622 λήμ,
827 3545 886 3607 τοῦ
903 3545 1100 3624 προςκυνήσαι
1112 3543 1157 3621 τῷ
1157 3539 1286 3644 βασιλεῖ
1294 3565 1347 3604 κυ-

108 3651 164 3713 ραν
176 3628 258 3690 ἔσται
279 3628 352 3726 ηῶς.
379 3623 459 3686 8καί
476 3628 507 3687 ἐν
526 3630 561 3706 τῆ
577 3623 670 3707 ήμίρη
683 3628 712 3689 ἒ·
745 3628 801 3707 ρίῳ
813 3619 1053 3708 παντοκράτορι,
1066 3622 1119 3686 καί
1132 3647 1217 3687 ουτοι
1229 3626 1348 3700 ἐκείνοις

108 3716 188 3792 κείνη
200 3708 380 3786 ἐξελευσεται
400 3700 478 3787 ὕδωρ
491 3695 550 3784 ζῶύ
562 3709 593 3782 ἐξ
602 3706 715 3789 Ἶερου-
745 3701 1012 3810 προςτεθήσονται.
1040 3704 1179 3770 1δέόινθὲ
1193 3704 1271 3789 φυλή
1284 3710 1348 3773 Αί-

110 3783 217 3878 σαλήμ,
226 3789 264 3857 τό
277 3786 365 3874 ήμισυ
375 3787 471 3854 αύτοῦ
483 3794 522 3866 εἰς
531 3788 585 3874 τήν
594 3787 713 3855 θόλασ-
744 3813 863 3869 γυπτου
874 3787 914 3875 μή
926 3787 1036 3875 ἇναβῆ,
1047 3787 1121 3873 μηδὲ
1133 3789 1223 3877 ἐλθη,
1235 3791 1288 3854 καί
1298 3792 1349 3856 ἐπί

110 3903 167 3944 σαν
180 3875 235 3961 τήν
247 3871 387 3959 πρώτην,
401 3874 453 3938 καί
464 3873 501 3939 τὸ
517 3868 603 3975 ήμισυ
616 3869 713 3939 αιἰτοῦ
747 3870 874 3948 τούτους
886 3875 968 3937 ἔσται
983 3860 1009 3958 ή
1019 3877 1149 3950 πτῶσις,
1175 3869 1211 3957 ἣν
1222 3870 1347 3950 πατάξει

110 3965 150 4036 είς
160 3958 215 4043 τήν
225 3955 386 4025 θάλασσαν
403 3954 456 4041 τήν
467 3959 608 4042 ἓσχατην,
619 3961 670 4024 καὶ
683 3961 714 4024 ἐν
745 3953 846 4040 κύριος
858 3953 1010 4021 πάντατά
1022 3959 1113 4039 ἔθνη,
1136 3951 1196 4021 όσα
1208 3954 1246 4022 όν
1256 3957 1296 4042 μή
1309 3957 1347 4023 σἰ-

109 4046 191 4128 θέρει
207 4045 260 4109 καί
275 4045 306 4106 ἐν
322 4044 388 4125 ἔαρι
407 4044 493 4106 ἔσται
505 4037 609 4117 ούτως.
635 4043 715 4108 9καὶ
745 4044 832 4135 ναβῇ,
853 4043 908 4105 τοῦ
932 4035 1074 4123 ἑορτάσαι
1095 4035 1149 4124 τήν
1166 4039 1273 4126 ἑορτήν
1295 4045 1348 4124 τῆς

108 4132 193 4193 ἔσται
214 4125 313 4212 κύριος
334 4129 373 4200 είς
394 4123 519 4210 βασιλέα
537 4129 590 4191 ἐπὶ
609 4128 713 4192 πᾶσαν
745 4127 953 4209 σκηνοπηγίας.
992 4124 1020 4166 ¹⁰
1033 4119 1110 4206 αύτη
1121 4125 1204 4189 ἔσται
1217 4121 1235 4208 ή
1249 4119 1346 4206 άμαρ-

106 4209 161 4312 τήν
186 4216 251 4296 γήν.
278 4213 309 4274 ἐν
331 4213 369 4303 τῇ
393 4204 487 4292 ἡμέρη
511 4210 606 4293 ἐκείνη
630 4213 712 4274 ἐίιται
742 4214 794 4274 τία
805 4207 978 4285 Αἰγύπτου,
991 4205 1215 4313 καίήάμαρτία
1226 4205 1347 4272 πάντων

107 4320 208 4379 κυριος
229 4293 340 4372 εἴηκαὶ
365 4289 401 4358 τό
428 4290 524 4375 όνομα
549 4281 645 4358 αύτοῖι
669 4296 711 4368 ἒν,
742 4295 803 4357 τῶν
813 4296 929 4367 ἐθνῶν,
947 4285 981 4367 ὃς
992 4290 1031 4356 ἂν
1042 4288 1082 4373 μή
1094 4295 1190 4382 αναβη
1204 4289 1347 4373 ἑορτάσαι

106 4379 134 4421 ¹⁰
148 4376 265 4442 κυκλῶν
285 4380 386 4440 πᾶσαν
398 4372 453 4458 τήν
464 4379 531 4458 γῆν,
552 4378 603 4442 καί
615 4372 668 4460 τήν
680 4377 711 4440 ό-
742 4372 795 4458 τήν
808 4374 916 4462 ἑορτήν
929 4379 980 4457 τῆς
993 4382 1203 4459 σκηνοπηγίας.
1229 4376 1297 4438 20ἐν
1308 4378 1347 4465 ιη’

104 4484 199 4541 ρημον
215 4457 279 4524 άπὸ
296 4457 383 4543 Γαβὲ
409 4463 466 4533 ἕως
478 4458 612 4561 Ῥεμμῶν
632 4458 711 4523 κατά
742 4456 836 4545 ήμέρηι
850 4463 940 4542 ἐκείνη
953 4461 1036 4524 ἔσται
1053 4455 1089 4522 τό
1102 4461 1152 4522 ἐπὶ
1165 4453 1218 4522 τόν
1228 4457 1346 4541 χαλινόν

108 4539 215 4609 Νότον
223 4533 424 4625 Ἰερουσαλήμ.
437 4537 536 4625 Ῥαμα
548 4540 581 4608 δὲ
594 4543 645 4607 ἐπὶ
657 4537 711 4607 τό·
741 4546 797 4607 τοῦ
809 4547 905 4608 ἰ’ππου
919 4538 1007 4620 όγιον
1015 4544 1061 4628 τῷ
1072 4544 1166 4626 κυρίῳ
1175 4533 1347 4625 παντοκρά-

602 4670 605 4674 1
1270 4648 1351 4701 παρα
