2924 4972
330 246 619 307 ΒΑΣιΛττιειν
662 243 896 306 AEYTEPA
937 239 1076 324 mas.
1092 247 1140 313 1ο
1287 250 1347 316 ³21

1009 339 1139 349 .---½

311 362 327 374 Q

108 360 238 444 κεφαλὴν
249 354 409 458 αύτης,καὶ
420 352 573 442 ἐπορεύθη
585 382 713 442 πορευο·
746 357 821 421 λατο
833 355 937 434 αὐτοῖς
944 355 1141 444 Ἀβεσσαλῶμ.
1167 365 1218 427 καί
1230 346 1352 447 ἀνέστη·

108 448 179 528 με’νη
191 445 242 508 καί
259 446 419 526 κραζουσα.
445 441 476 482 ²⁰
490 440 541 503 καί
558 439 619 504 εἶπε
636 435 714 525 πρός
747 465 802 504 σαν
813 437 920 518 πάντες
932 445 963 506 οί
975 443 1037 507 υίοί
1050 447 1107 507 τοῦ
1117 446 1277 546 βασιλέως,
1302 450 1353 511 καί

111 525 203 611 αὐτην
221 521 415 612 Ἀβεσσαλὼμ
435 520 453 585 ὁ
468 519 594 604 ἀδελφός
612 519 712 604 αὐτῆς.
746 521 928 591 ἐπεκύθισαν
941 522 1016 612 ἀνὴρ
1030 529 1081 592 ἐπί
1095 552 1152 610 την
1164 523 1283 610 ἡμίονον
1296 527 1353 591 αύ-

108 609 148 714 μη
155 608 269 693 Ἀμνὼν
288 603 306 672 ό
325 602 452 686 ἀδελφός
467 630 521 669 σου
539 609 652 683 ἐγένετο
663 630 714 688 με·
746 611 812 680 τοῦ,
824 611 875 671 καί
887 611 1005 689 ἔφυγον.
1032 611 1116 675 22καὶ
1130 613 1241 712 ἐγένετο
1255 608 1354 675 αὐτῶν

111 721 149 759 τα
162 697 234 795 σούη·
260 691 312 755 καί
329 693 380 754 νῦν
399 683 511 771 ἀδελφή
528 714 588 772 μου
600 683 713 768 κώφευ-
747 686 843 753 ὄντων
869 692 899 753 έν
924 694 962 785 τῇ
980 688 1041 773 ὁδῷ
1056 696 1106 759 καί
1132 721 1151 795 η
1175 691 1253 777 ιἰκοη
1279 679 1355 777 ἦλθε

111 802 177 852 σον,
202 773 251 840 ότι
268 769 397 854 ἁδελφός
414 797 469 836 σου
487 775 560 836 ἐστί.
597 766 715 863 μηθῇς
746 768 824 855 πρὸς
836 773 942 847 Δαυὶδ,
960 772 1064 851 λέγων.
1089 779 1233 854 ἐπαταξιν
1252 775 1354 863 Ἀβεσ·

109 857 162 943 τὴν
173 859 298 943 καρδίαν
316 881 371 921 σου
393 859 449 919 τοῦ
465 853 597 938 λαλῆσαι
610 853 647 918 τό
660 857 715 956 ῥη-
748 851 852 936 σαλώμ
868 850 985 930 πάντας
1005 855 1074 932 τούς
1096 859 1177 937 υίούς
1199 865 1257 925 τοῦ
1267 863 1353 947 βασι·

108 971 151 1026 μα
163 946 265 1008 τοῦτο.
293 940 344 1004 καί
356 933 477 1003 ἐκάθισε
494 938 599 1024 Θημάρ
611 962 715 1024 χηρευ-
746 934 831 1010 λέως,
845 936 896 1000 καί
909 935 945 1002 ού
958 939 1136 1025 κατελείφθη
1149 941 1288 1020 ἐξαύτῶν
1300 943 1353 1009 οὐ·

110 1052 190 1091 ουσα
202 1027 288 1106 ἐντῷ
308 1024 383 1104 οἴκῳ
403 1017 597 1107 Ἀβεσσαλὼμ
610 1026 665 1084 τοῦ
677 1022 716 1083 ά·
747 1015 780 1083 δὲ
792 1016 841 1093 είς.
868 1020 895 1060 ³¹
907 1020 958 1082 καὶ
980 1017 1086 1105 ἀνέστη
1109 1021 1277 1122 όβασιλεὺς
1301 1028 1353 1091 καί

109 1108 221 1188 δελφού
239 1106 339 1181 αὐτ”ς.
365 1107 392 1145 ²¹
409 1107 460 1168 καί
478 1101 603 1204 η’κουσεν
623 1099 641 1166 ό
659 1106 717 1187 βα·
749 1101 877 1208 διίβρηξε
889 1101 928 1166 τά
942 1097 1044 1182 ίμάτια
1062 1101 1156 1169 αύτου
1171 1109 1223 1173 καί
1235 1104 1352 1192 ἐκοιμή-

111 1190 207 1266 σιλεύς
217 1135 315 1256 Δαυὶό
325 1184 439 1260 πάντας
449 1211 518 1259 τους
527 1181 634 1261 λόγους
643 1178 718 1248 τού·
747 1193 792 1264 θη
807 1188 858 1249 επὶ
868 1181 923 1266 τὴν
936 1188 1001 1266 γῆν,
1026 1187 1077 1248 καί
1089 1180 1195 1262 πάντες
1208 1193 1240 1253 οί
1251 1192 1353 1265 παῖδες

109 1300 178 1348 τους
191 1278 243 1337 καί
256 1264 404 1352 ἐθυμώθη
418 1264 606 1368 σιρόδρα,καί
618 1263 673 1330 οὐκ
687 1267 718 1328 ἐ-
749 1264 848 1331 αύτοῦ
860 1270 892 1330 οἱ
903 1270 1090 1352 περιεστῶτες
1103 1268 1187 1352 αὐτῷ
1204 1270 1356 1354 διέρρηξαν

110 1348 226 1437 λύπησε
248 1351 284 1418 τὸ
307 1354 420 1431 πνεῦμα
443 1348 557 1431 Αμνὼν
575 1351 631 1413 τού
651 1350 718 1412 υίοῡ
749 1344 789 1413 τά
815 1343 917 1432 ίμάτια
943 1347 1052 1414 αὐτῶν.
1086 1351 1116 1392 22
1128 1353 1180 1415 καί
1206 1348 1355 1437 ἀπεκρίθη

111 1437 208 1504 αὐτοῦ
223 1431 270 1499 ὅτι
282 1427 388 1515 ἠγάπα
407 1427 512 1505 αύτὸν,
538 1425 584 1496 ὅτι
597 1430 718 1533 πρωτό·
746 1428 891 1519 Ἰαναδάβ
903 1431 967 1509 υίός
976 1429 1092 1504 Σαμαά
1103 1431 1237 1515 ’ἀδελφοῦ
1249 1437 1354 1511 Δαυίδ,

111 1545 203 1593 τοκος
215 1514 309 1582 αύτού
320 1503 364 1600 ἦν.
403 1516 433 1555 22
446 1515 497 1579 καί
510 1509 564 1578 ούκ
577 1510 717 1597 ἐλάλησεν
748 1516 799 1578 καί
817 1514 886 1581 εύπε.
895 1543 951 1620 μη
969 1513 1084 1581 εἰπάτω
1105 1513 1123 1581 ό
1141 1512 1177 1581 κύ
1196 1512 1240 1594 ιός
1256 1544 1315 1599 μου
1334 1514 1353 1587 ό

109 1596 300 1689 Ἀβεσσαλὼμ
307 1593 379 1682 μετά
386 1594 498 1679 Ἀμνὼν
506 1594 568 1662 άτιό
582 1600 717 1682 πονηροῦ
745 1596 879 1685 βασιλεύς
891 1623 940 1664 οτι
953 1595 1055 1664 πάντα
1072 1595 1112 1664 τά
1123 1543 1272 1686 παιδάρια
1284 1601 1353 1680 τούς

114 1691 171 1759 ἕως
192 1682 324 1761 ἀγαθοῦ,
349 1678 395 1745 ὅτι
419 1683 506 1763 ἐμίσει
524 1678 717 1766 Ἀβεσσαλὼμ
749 1680 830 1756 υἱούς
847 1687 904 1747 τοῦ
920 1681 1064 1769 βασιλέως
1080 1680 1280 1761 ἐθανάτωσεν,
1306 1680 1353 1750 ότι

113 1756 166 1831 τόν
184 1764 298 1850 Ἀμνὼν
314 1765 363 1829 ἐπὶ
375 1760 469 1841 λόγου
486 1754 522 1829 ού
541 1766 717 1829 ἐταπείνωσε
741 1762 855 1849 Ἀμνὼν
865 1763 1041 1849 μονώτατος
1054 1763 1221 1841 ἀπέθανεν,
1244 1763 1291 1831 ότι
1304 1769 1354 1833 ἐπὶ

116 1849 223 1936 Θημάρ
237 1846 291 1932 την
304 1845 432 1932 ἀδελφὴν
449 1844 553 1912 αὐτοῦ.
578 1849 608 1891 22
620 1849 672 1912 καὶ
684 1849 715 1911 ἒ-
747 1841 1094 1954 στόματοςἈβεσσαλὼμ
1104 1837 1139 1934 ἦν
1151 1856 1274 1934 κείμενος
1287 1849 1351 1917 άπό

111 1937 210 2011 γένετο
228 1938 266 2007 είς
280 1932 427 2015 διετηρίδα
445 1929 560 2017 ἡμερῶν
572 1931 624 1995 καί
636 1918 715 2015 ἦσαν
745 1935 798 2006 τ”ς
811 1930 919 2018 ἡμέρας
935 1960 970 2016 ης
983 1935 1157 1999 ἐταπείνωσε
1173 1933 1281 2036 Θημάρ
1298 1930 1352 2018 τίην

111 2023 251 2102 κείροντες
264 2021 309 2099 τῷ
317 2013 508 2104 Ἀβεσσαλὼμ
522 2018 552 2078 έν
564 2011 715 2098 Βελασὼρ
746 1959 876 2098 ἀδελφὴν
887 2012 991 2081 αύτοῦ.
1017 2017 1046 2058 22
1063 2019 1115 2082 καὶ
1126 2020 1177 2081 νῦν
1187 2045 1227 2102 μη
1241 2020 1351 2082 θέσθω

111 2105 147 2191 τῇ
162 2095 283 2184 ἐχόμενα
298 2096 436 2184 Ἐφραίμ,
450 2098 501 2162 καί
513 2097 649 2162 ἐκάλεσεν
664 2093 716 2159 Ἀ·
746 2092 764 2158 ό
777 2091 878 2181 κύριός
890 2124 948 2178 μου
960 2095 978 2163 ὁ
994 2098 1131 2184 βασιλεύς
1149 2102 1198 2166 έπί
1211 2097 1264 2203 την
1276 2126 1347 2186 καρ-

111 2179 267 2263 όεσσαλιύμ
278 2176 392 2255 πάντας
409 2179 479 2254 τούς
496 2175 578 2254 υἶούς
591 2183 647 2243 τοῦ
658 2181 716 2264 βα·
746 2178 813 2243 δίαν
825 2178 923 2243 αὐτοῦ
941 2183 1021 2264 ῥημα
1028 2231 1038 2257 ,
1064 2182 1164 2259 λέγων.
1202 2207 1309 2257 παντες
1322 2187 1352 2246 οί

112 2265 224 2340 σιλέως.
238 2264 324 2328 2’2καί
335 2254 629 2348 ἧλθενἈβεσσαλὼμ
640 2257 717 2345 πρός
747 2264 806 2325 υἱοί
819 2265 875 2324 τοῦ
884 2262 1028 2346 βασιλέως
1041 2260 1208 2339 ἇπέθανον,
1223 2261 1270 2330 ότι
1284 2262 1348 2330 ἄλλ’

112 2346 164 2412 τὸν
182 2346 322 2434 βασιλέα,
347 2348 399 2411 καί
418 2343 503 2409 εἶπεν.
531 2343 596 2409 ἰδού
609 2341 645 2426 δὴ
658 2348 718 2407 κεί-
746 2340 887 2446 ίηἈμνὼν
898 2341 1068 2424 μονώτατος
1086 2342 1228 2412 ἀπέθανε.
1254 2347 1287 2390 22
1300 2349 1352 2412 καί

112 2456 196 2533 ρουσι
209 2434 252 2510 τῷ
269 2425 369 2509 δούλῳ
388 2453 460 2502 σου,
484 2421 664 2511 πορευθητοο
680 2424 716 2527 δίη
748 2426 864 2509 απέδρα
872 2423 1068 2511 Ἀβεσσαλούμ.
1104 2413 1189 2520 καίηῗ
1205 2428 1266 2492 ετὸ
1279 2456 1352 2493 παι-

114 2540 132 2578 ο
145 2509 280 2598 βασιλεὺς
297 2511 349 2573 καὶ
365 2514 396 2573 οἱ
414 2509 517 2582 παῖδες
538 2505 631 2571 αύτού
644 2531 718 2588 μετα
750 2505 853 2589 δάριον
866 2505 883 2571 ὁ
897 2505 1010 2581 σκοπός
1022 2506 1091 2581 τοὺς
1106 2455 1283 2589 ὀφθαλμούς
1295 2508 1352 2573 αὐ-

112 2601 170 2661 τοῦ
182 2589 296 2658 δούλου
312 2617 375 2655 σου.
401 2591 429 2632 ²⁶
449 2591 499 2654 καὶ
511 2587 589 2652 εἶπεν
601 2588 618 2653 ό
630 2593 716 2675 βασι·
750 2593 818 2663 τοῦ,
843 2592 894 2653 καί
916 2588 977 2653 εἶδε.
1005 2592 1055 2654 καί
1078 2589 1144 2653 ἰδού
1165 2589 1239 2665 λαός
1259 2591 1353 2667 πολύς

114 2678 179 2752 λεύς
191 2669 475 2761 πρὸςἈβεσσαλὼιι.
493 2667 532 2756 μη
545 2668 581 2755 δὴ
594 2675 640 2737 υἱέ
650 2697 718 2752 μου,
749 2667 942 2758 πορευόμενος
955 2676 1031 2754 έντῆ
1045 2669 1106 2756 ὁδῷ
1120 2671 1246 2738 ὄπισθεν
1257 2672 1353 2739 αὐτού

113 2760 153 2844 μὴ
168 2763 359 2844 πορευθὼμεν
376 2751 482 2830 πάντες
498 2751 591 2840 ἡμεῖς,
616 2756 668 2819 καὶ
681 2752 718 2819 ού
750 2759 781 2820 ἐκ
798 2754 927 2842 πλευρᾶς
944 2760 999 2820 τοῦ
1010 2742 1098 2841 όρους
1114 2759 1145 2822 ἐν
1160 2760 1200 2846 τῇ
1215 2755 1349 2844 καταβά-

111 2846 150 2928 w>
163 2845 435 2928 καταβαρυνθώμεν
446 2834 496 2903 ἐπὶ
508 2837 546 2903 σέ.
572 2840 624 2905 καί
636 2833 718 2925 ε’βιά-
750 2865 801 2904 σει.
815 2843 866 2905 καί
877 2844 1052 2926 παρεγένετο
1066 2836 1084 2906 ό
1096 2844 1207 2918 σκοπὸς
1226 2843 1277 2905 καί
1290 2840 1351 2906 άπ-

113 2954 189 2994 σατο
204 2925 307 3001 αύτόν,
320 2926 371 2989 καὶ
384 2922 438 2988 ούκ
451 2920 580 3024 ἦθελησε
593 2926 648 2987 τοῦ
658 2947 717 2987 πο-
749 2917 860 3027 η’γγειλε
872 2928 916 3007 τῷ
928 2924 1057 3010 βασιλνΐ,
1079 2925 1131 2988 καί
1143 2923 1227 2988 εἶπεν.
1242 2923 1351 3009 άνδρας

111 3014 264 3114 ρευθηναι,
277 3010 328 3073 καί
339 3002 496 3092 εὐλόγησεν
508 3001 609 3071 αυτόν.
629 3006 716 3069 2θκαί
748 3003 868 3092 ειόραιια
886 3010 988 3090 ἕκτης
1011 3004 1087 3072 ὁδοῦ
1104 3011 1156 3091 τῆς
1179 3006 1300 3094 ὼρωνῆν
1318 3010 1349 3070 ἐκ

112 3093 387 3179 εἶπενΑβεσσαλὼμ
405 3088 482 3176 πρὸς
501 3087 600 3155 αὐτόν.
628 3089 679 3153 καί
692 3093 716 3152 εἰ
745 3093 850 3174 μέρους
864 3093 921 3155 τοῦ
933 3089 1028 3177 όρους.
1055 3090 1084 3134 ³⁵
1097 3088 1348 3155 καίεῖπενἸωνα-

111 3178 162 3262 μὴ,
175 3171 355 3262 πορευθητω
372 3170 409 3257 δη
423 3170 487 3256 μεθ’
509 3169 592 3256 ἡμῶν
599 3172 715 3276 Ἀμνὼν
745 3172 804 3260 δάβ
821 3173 897 3261 πρὸς
915 3171 968 3239 τόν
984 3173 1117 3260 βασιλέα.
1155 3175 1219 3239 ἰδού
1239 3177 1271 3238 οί
1289 3176 1349 3238 υίοὶ

112 3256 269 3340 ὁάδελφός
281 3285 345 3339 μου.
372 3256 512 3321 καὶεῖπεν
529 3254 614 3321 αύτῶ
627 3281 644 3319 ο
657 3259 714 3341 βα·
745 3262 799 3322 τοῦ
813 3257 958 3342 βασιλέως
975 3253 1106 3342 πάρεισι,
1134 3255 1212 3321 κατά
1228 3255 1283 3321 τόν
1296 3256 1348 3320 λό-

111 3341 215 3416 σιλεύς.
255 3346 334 3405 ίνατί
365 3343 500 3423 πορευθῇ
533 3321 605 3419 μετά
621 3342 713 3414 ’σούς
745 3362 798 3415 γον
820 3342 876 3402 τοῦ
899 3334 1008 3402 δούλου
1029 3364 1084 3403 σου
1107 3334 1202 3411 ούτιος
1225 3341 1346 3414 ἐγένετο.

112 3429 140 3469 ²⁷
158 3428 209 3487 καὶ
235 3418 374 3506 ἐβιάσατο
402 3410 495 3483 αὐτὸύ
514 3416 714 3523 Ἀβεσσαλὼμ,
745 3422 775 3464 22
788 3421 839 3483 καὶ
852 3422 964 3495 ἐγένετο
977 3417 1063 3502 ἡνίκα
1074 3419 1238 3485 συνετελεσι
1249 3418 1348 3483 λαλῶν

111 3509 164 3571 καὶ
175 3502 327 3569 ἀπέστειλε
345 3499 400 3582 μετ’
413 3499 508 3565 αὐτοῦ
523 3525 577 3566 τον
601 3498 638 3563 Ἀ
658 3525 715 3566 νων
744 3503 796 3566 καί
809 3499 873 3567 ἰδού
895 3505 926 3565 oz
938 3505 998 3566 υίοὶ
1011 3505 1065 3566 τοῦ
1077 3500 1220 3587 βασιλέως
1241 3488 1348 3585 ἦλθον,

111 3590 163 3655 καὶ
175 3587 291 3661 πάντας
309 3582 380 3658 τούς
399 3579 483 3657 υίούς
497 3529 714 3686 τούβαοεέέως.
745 3586 796 3649 καί
812 3587 927 3678 έπῇραν
945 3580 1000 3668 τὴν
1016 3581 1117 3667 φωνὴν
1134 3580 1301 3647 αὐτῶνκαὶ
1318 3585 1348 3646 έ-

110 3677 160 3739 καὶ
174 3677 312 3753 ἐποίησεν
320 3662 514 3753 Ἀβεσσαλὼμ
526 3688 620 3730 ποτον
638 3662 716 3727 κατά
745 3667 887 3744 κλαυσαν,
913 3673 966 3731 καί
974 3692 1007 3744 γε
1024 3662 1189 3752 ὁβασιλεύς
1207 3667 1259 3730 καί
1270 3660 1347 3731 πάν-

111 3756 162 3823 τόν
174 3752 270 3822 πότον
287 3757 341 3817 τοῦ
359 3747 510 3837 βασιλέως.
550 3748 581 3790 22
594 3747 645 3811 καί
657 3750 716 3810 ἐνε-
747 3774 792 3823 τες
804 3753 834 3814 ολ
846 3750 947 3823 παῖδες
960 3746 1054 3814 αύτοῦ
1070 3748 1220 3814 ἐίιλαυσαν
1229 3748 1347 3815 κλαυθ-

112 3840 230 3906 τειλατο
247 3830 440 3918 Ἀβεσσαλιύμ
462 3843 525 3907 τοῖς
547 3830 716 3915 παιδαρίοις
745 3828 802 3915 μὸν
812 3833 904 3913 μέγαν
917 3827 1039 3915 σφόδρα.
1065 3831 1194 3898 22καὶἈ
1212 3832 1347 3918 εσοαλὼμ

112 3923 217 3999 αὐτοῦ,
230 3923 332 3998 λέγων.
359 3919 431 3983 ἴδετε
444 3913 485 3992 ὼς
502 3915 539 3980 ἄν
551 3913 714 4007 ἆγαθυνθῇ
745 3918 831 3995 ἔφυγε
844 3916 895 3979 καί
912 3911 1060 3999 ἐπορεύθη
1078 3915 1153 4001 πρὸς
1202 3917 1268 3999 ολμί
1282 3918 1347 3983 υίόν

111 4005 129 4090 ᾗ
141 4009 249 4092 καρδία
257 3999 372 4087 Ἀμνὼν
386 4006 416 4066 έν
429 4004 473 4084 τῴ
485 4000 566 4083 οἴνῳ,
579 3999 629 4063 καί
641 3997 713 4062 είπω
744 3997 863 4082 Ἑμιούδ
873 3997 995 4086 βασιλέα
1011 3998 1143 4086 Γεδσούρ
1158 4003 1196 4076 εἷς
1206 4006 1260 4085 γῆν
1275 4009 1346 4066 Χα-

110 4090 186 4176 πρὸς
199 4087 281 4171 ὑμᾶς,
294 4080 639 4164 πατάξατετὸνἈμνὼν,
662 4083 713 4146 καί
742 4081 869 4168 μααχοίδ.
911 4082 962 4145 καὶ
988 4084 1147 4167 ἐπένθησεν
1172 4079 1189 4148 ό
1210 4085 1346 4171 βασιλεὺς

110 4170 305 4237 θανατὼσατε
319 4165 420 4234 αότόν.
434 4166 473 4268 μη
488 4170 652 4253 φοβηθῆτε,
666 4161 712 4229 ὅτι
745 4167 841 4231 Δαυίδ
853 4167 902 4232 ἐπὶ
920 4163 972 4230 τὸν
985 4164 1049 4230 υἱόν
1066 4166 1164 4234 αὐτοῦ
1180 4170 1280 4242 πάσας
1293 4165 1346 4243 τάς

111 4254 176 4340 ούχί
189 4249 644 4338 ἐγὼεἰμιὸ,έντελλομενοςύμῖν,·
658 4247 712 4312 ἇν-
745 4247 861 4335 ἢμέρας,
889 4251 919 4292 22
938 4252 988 4315 καὶ
1003 4246 1197 4337 Ἀβεσσαλὼμ
1220 4249 1346 4332 ἀπέδρα,

111 4341 241 4423 δρίζεσθε
264 4342 314 4402 καί
330 4341 446 4414 γίνεσθε
470 4340 508 4407 εἰς
528 4333 610 4407 υἱούς
623 4327 712 4396 δυνά·
743 4336 793 4397 καὶ
805 4329 953 4418 ἐπορεύθη
966 4339 1004 4408 εἰς
1016 4337 1164 4418 Γεδοούρ,
1179 4333 1228 4394 καὶ
1243 4318 1278 4409 ἦν
1291 4335 1349 4395 ἐκεῖ

108 4448 190 4503 μεως.
229 4422 321 4483 22καὶ
346 4422 487 4500 ἐποίησαν
505 4416 544 4480 τὰ
566 4412 712 4497 παιδάρια
744 4418 794 4499 έτη
807 4424 885 4498 τρία.
912 4418 1007 4478 29καὶ
1025 4409 1347 4491 ἐκόπασενὸβασιλεύς

104 4502 290 4592 Ἀβεσσαλὼμ
303 4508 345 4586 τῷ
366 4500 487 4583 Ἀμνὼν,
512 4496 596 4564 καθά
609 4502 711 4562 ἐνετεί·
743 4502 840 4564 Δαυίδ
852 4503 911 4587 τοῦ.
921 4499 1046 4571 ἐξελθεῖν
1058 4495 1132 4577 πρὸς
1148 4488 1347 4587 Ἀβεσσαλοζιμ,

880 4580 912 4640 Χ
1301 4591 1348 4629 οτι
