2924 4972
254 229 757 297 ΠΑΡΑΛΕΙΠΟΜΕΝΩΝ
778 236 913 300 Am.
958 236 1088 314 Κνψ.ς’.
1102 234 1131 299 6.
1259 239 1324 310 439

75 351 150 420 μίων
164 347 202 418 είς
218 341 379 426 πρόςωπον
395 349 449 408 τοῦ
466 346 564 431 δαβλρ,
583 347 638 411 οὐκ
653 349 683 409 έ-
714 342 873 471 ήνούμενον
890 351 938 413 ἐπί
956 345 1009 412 τόν
1027 346 1102 411 λαόν
1117 374 1175 431 μου
1186 347 1320 436 Ἰσραήλ.

76 427 222 530 ρῖλέποντο
236 428 313 503 ἔξω,
338 429 390 491 καί
404 416 480 530 ήσαν
492 431 553 492 ἐκεῖ
562 432 618 505 ἕως
630 433 683 513 τῆς
740 455 791 494 και
809 430 979 516 ἐξελεξάμην
998 427 1051 515 τήν
1063 428 1255 515 Ἰερουσαλήμ
1271 458 1321 510 με-

77 512 184 593 ημέρας
196 504 314 593 ταύτης.
342 512 369 553 ¹⁰
384 536 439 574 ουκ
451 499 487 595 ἦν
499 514 529 577 ἐν
542 514 579 604 τῇ
593 514 681 597 κιβω-
714 515 819 577 νέσθαι
836 512 873 578 τό
893 512 947 581 ὅνο
969 510 989 578 ά
1006 541 1064 598 μου
1087 520 1147 579 ἐκεῖ
1160 518 1213 578 καί
1229 516 1320 593 ίξιλι-

78 597 121 676 τῳ·
133 588 210 676 πλήν
227 589 284 657 δύο
296 589 406 668 πλάκες
423 588 459 669 ἃς
476 597 566 698 ἔθηκε
578 597 682 660 Μωϋ-
713 590 806 697 ξόμην
819 597 851 660 έν
861 598 940 661 Δαυ“
968 602 1022 663 τοῦ
1033 597 1107 662 εἶναι
1118 600 1168 662 ἐπὶ
1179 594 1319 664 τόνλιιόν

77 680 129 758 σής
141 677 172 740 έν
185 674 313 763 Χωρήβ,
332 672 482 744 άδιέθετο
496 702 597 762 κυριος
607 675 681 759 μετά
712 704 771 760 μου
793 674 915 762 Ισραήλ.
948 680 1158 783 1καίέμένετσ
1177 682 1320 766 ίπίκαρ-

76 764 136 825 τῶν
148 757 369 844 νίῶνἸσραήλ,
387 764 419 825 ἐν
431 765 476 844 τῳ
488 761 614 839 ἐξελθεῖν
626 756 682 825 αιί-
713 761 780 825 δίαν
792 762 891 826 Δαυίδ
899 765 955 826 τοῦ
963 788 1078 848 πατρος
1086 790 1155 848 μου,
1168 766 1223 828 τοῦ
1234 768 1321 829 οίνιο·

75 839 145 916 τούς
160 846 192 907 ἐκ
203 846 256 925 γῆς
267 839 441 923 Αἰγύπτου.
467 849 492 886 11
506 846 557 910 καί
569 845 681 922 ἐγένετο
713 843 841 927 δομήσαι
855 842 938 909 οἶκον
947 848 990 929 τῷ
1001 842 1122 931 ὀνόματι
1132 853 1233 933 κυρίου
1244 850 1320 912 θεοῦ

73 929 105 989 έν
119 930 163 1008 τῶ
179 925 306 1002 ἐξελθεῖν
323 926 393 1002 τοὺς
412 931 496 1009 ίερεῖς
514 931 546 993 ἐκ
565 930 627 992 τῶν
643 923 681 991 ἆ·
709 922 841 1010 Ἰσραήλ
879 928 960 994 11ναί
971 927 1033 993 εἷπε
1051 927 1150 1014 κύριος
1161 930 1237 1015 πρὸς
1252 936 1318 995 Λα-

72 1015 159 1085 μίων,
182 1005 229 1073 ὅτι
243 1005 351 1087 πάντες
363 1014 394 1075 οί
407 1014 489 1097 ίερεῖς
501 1016 533 1076 οί
545 1006 681 1095 εὑρεθέν-
713 1010 762 1073 υίδ
789 1011 909 1096 πατέρα
932 1036 998 1092 μου.
1024 1011 1101 1075 διότι
1125 1016 1239 1089 ἐγένετο
1267 1014 1319 1077 έπί

74 1116 119 1164 τες
131 1087 327 1177 ήγιάσθησαν,
337 1091 391 1158 ούκ
405 1083 479 1175 ἦσαν
490 1094 681 1175 διατεταγμέ-
711 1091 837 1175 καρδίαν
860 1118 916 1158 σου
939 1098 996 1159 τοῦ
1021 1095 1213 1177 οἰκοδομῆσαι
1236 1094 1318 1159 οἶκον

73 1199 117 1238 νοι
130 1173 193 1238 κατ’
215 1180 382 1261 έῳημερίαν.
407 1180 436 1217 ¹²
449 1179 501 1242 καί
513 1180 544 1243 ολ
555 1182 679 1241 Λευῖται
712 1179 756 1259 τῶ
768 1171 895 1258 ὀνόματί
904 1202 962 1260 μου
968 1226 978 1253 ,
992 1175 1090 1251 καλῶς
1102 1179 1259 1259 ἐποίησας,
1271 1174 1319 1241 ότι

71 1262 102 1322 οί
117 1259 276 1339 ψαλτῳδοί
292 1255 398 1333 πάντες
415 1271 477 1333 τοῖς
496 1264 570 1334 υίοῖς
582 1255 679 1339 Ἀοόιψ
712 1261 824 1337 ἐγένετο
838 1261 888 1324 ἐπὶ
902 1256 956 1345 τήν
968 1259 1094 1345 καρδίαν
1110 1283 1176 1324 σου.
1211 1256 1319 1343 1’πλήν

74 1345 117 1442 τῳ
131 1342 236 1421 Αίμὰν
253 1345 297 1424 τῷ
311 1337 444 1406 Ἰδιθοόν
460 1343 511 1407 καί
527 1354 591 1417 τοῖς
604 1344 680 1417 υίοῖς
712 1340 750 1407 σίν
763 1339 819 1406 οὐκ
831 1338 1031 1426 οἰκοδομήσας
1049 1342 1102 1407 τὸν
1115 1339 1211 1418 οίκσν,
1239 1338 1316 1406 ὅτιὸ

72 1427 184 1497 αυτοῦ,
210 1426 336 1500 καὶτοῖς
354 1422 491 1505 ἀδελφοῖς
509 1422 606 1489 αὐτοῦ
620 1428 680 1489 τῶν
711 1419 775 1500 υίός
787 1451 840 1491 σου
854 1422 886 1501 ὃς
899 1424 1077 1503 ἐξελεύσεται
1094 1428 1127 1491 ἐκ
1140 1428 1193 1508 τής
1206 1420 1318 1505 ὀσφύος

71 1505 265 1586 ἐνδεδυμένον
282 1506 393 1584 στολὰς
407 1511 543 1594 βυσσίνας
559 1511 591 1573 έν
603 1534 676 1592 κυμ-
710 1533 779 1585 σου,
805 1500 894 1586 οὗτος
907 1506 1092 1593 οίκοδομήοει
1111 1504 1164 1573 τόν
1177 1507 1260 1573 οἷκον
1272 1510 1318 1591 τῶ

74 1586 175 1663 θάλοις
186 1591 237 1654 καί
254 1593 285 1654 ἐν
298 1586 417 1677 νάβλαις
430 1594 480 1656 καί
493 1595 523 1657 ἐν
535 1588 675 1677 κινύραις,
708 1587 834 1675 ὀνόματί
844 1618 912 1676 μου.
951 1595 980 1637 ¹⁰
993 1596 1044 1658 καί
1061 1586 1199 1675 ἆνέστησε
1215 1586 1316 1677 κύριος

71 1668 225 1756 ἑστηκότες
241 1676 395 1740 κατέναντι
413 1680 467 1740 τοῦ
478 1679 677 1760 θυοιαστηρί-
707 1670 861 1752 τὸνλόγον
878 1680 997 1754 τοῦτον,
1018 1672 1052 1741 όν
1069 1669 1202 1759 ίλόλησε,
1220 1677 1271 1739 καί
1283 1678 1315 1740 ί-

71 1782 117 1833 ου,
130 1759 180 1820 καί
191 1755 249 1839 μετ’
266 1755 367 1823 αὐτῶν
381 1762 464 1844 ίερεῖς
478 1759 587 1825 ἑκατόν
599 1761 676 1824 είκο-
706 1758 836 1844 νενήθην
848 1755 918 1824 ἀντὶ
928 1760 1027 1825 Δαυίδ
1038 1758 1154 1845 πατρός
1165 1785 1238 1842 μου,
1264 1760 1315 1824 καί

69 1866 98 1905 σι
117 1840 305 1918 σαλπίζοντες
322 1854 387 1919 ταῖς
405 1837 551 1922 σάλπιγξι.
584 1844 612 1884 ¹³
624 1842 675 1905 καί
707 1838 837 1906 ἐκάθισα
849 1844 900 1908 ε’πλ
911 1844 966 1910 τόν
978 1839 1092 1930 θρόνον
1100 1840 1238 1926 Ἰσραήλ,
1258 1867 1314 1905 κα·

69 1925 181 2001 ἐγένετο
192 1931 247 2009 μία
258 1922 342 2010 φωνή
364 1930 396 1990 ὲν
407 1931 452 2011 τῴ
464 1927 612 2004 σαλπίζειν
624 1927 675 1989 καί
708 1924 771 2000 θῶς
784 1921 910 2010 ἔλάλησε
928 1923 1036 2010 κύριος.
1064 1930 1115 1992 καί
1132 1922 1313 2011 ᾠκοδόμησα

69 2011 153 2090 ι’ντῳ
166 2007 332 2092 ψαλτῳδτῑν
345 2011 396 2074 καί
408 2013 439 2073 έν
452 2015 495 2094 τῷ
509 2009 675 2091 όινιιᾳωνεῖν
705 2006 759 2073 τόν
785 2007 934 2095 οίκοντῴ
956 2007 1082 2092 ὀνόματι
1103 2016 1209 2095 κυρίου
1234 2012 1314 2074 θεοῦ

68 2096 153 2183 φωνῇ
167 2097 220 2175 μιᾷ
235 2097 290 2157 τοῦ
302 2091 550 2176 ἐξομολογεῖσθαι
562 2095 613 2158 καί
626 2096 676 2156 αί·
702 2087 835 2175 Ἰσραήλ,
873 2097 899 2134 11
914 2098 965 2159 καὶ
977 2096 1075 2177 έθηκα
1087 2095 1147 2159 έκεῖ
1155 2092 1210 2177 τήν
1221 2096 1314 2178 κήδεα

68 2185 125 2237 νεῖν
137 2180 180 2257 τῷ
192 2181 295 2260 κυρίῳ.
316 2173 419 2249 καλῶς
434 2174 561 2257 ύψιοοαν
573 2174 676 2257 φωνήν
706 2173 759 2239 τόν
772 2177 803 2238 έν
816 2167 836 2265 ᾗ
849 2178 910 2239 ἐκεῖ
924 2173 1054 2301 διαθήῳη
1071 2185 1185 2261 κυρίου,
1206 2172 1241 2260 ἢν
1253 2176 1312 2240 διέ-

68 2259 100 2319 έν
114 2253 265 2333 σάλπιγξι,
285 2259 337 2321 καί
349 2261 380 2320 έν
393 2284 428 2320 κυ
450 2255 569 2335 δόλοις,
581 2260 633 2322 καί
645 2261 675 2320 ἐν
705 2267 782 2320 θετο
795 2260 840 2340 τῴ
855 2254 986 2342 Ἰσραήλ.
1066 2263 1116 2323 καί
1134 2264 1206 2342 ἔστη
1224 2262 1313 2322 κατέ·

69 2334 207 2420 ὀργάνοις
219 2345 279 2403 τῶν
291 2336 387 2420 ᾠδῶν,
404 2366 455 2404 και
467 2341 583 2418 ἔλεγον.
610 2343 675 2416 ἔξο-
706 2360 788 2404 ναντι
802 2344 857 2402 τοῦ
870 2346 1088 2425 θυσιαστηρίου
1097 2348 1201 2428 κυρίου
1214 2345 1313 2405 ἔναντι

69 2420 246 2499 μολσνεῖσθε
269 2424 315 2501 τῶ
336 2427 441 2503 κυρίῳ,
468 2418 513 2487 ότι
541 2419 675 2500 ἀγαθόν,
706 2420 805 2502 πάσης
825 2421 981 2502 ἐκκλησίας
990 2418 1122 2505 Ἰσραήλ,
1148 2425 1199 2486 καί
1217 2424 1313 2486 διεπέ-

69 2500 117 2564 ότι
131 2506 169 2576 είς
182 2499 233 2566 τόν
245 2506 340 2567 αἰῶνα
353 2505 389 2567 τὸ
403 2504 483 2580 ἔλεος
495 2502 601 2569 αὐτοῦ.
625 2506 677 2567 καί
707 2526 777 2566 τασε
789 2499 844 2575 τός
855 2513 953 2585 χεῖρας
966 2501 1072 2578 αὐτοῦ,
1097 2506 1124 2545 ¹³
1135 2501 1181 2568 ότι
1195 2506 1314 2585 ἐποίησε

65 2582 182 2660 όοίκος
199 2579 370 2670 ἐνεπλήσθη
390 2587 509 2669 νεφελης
523 2583 611 2669 δόξης
623 2612 675 2650 κυ·
706 2582 863 2666 Σαλωμιόν
883 2582 972 2670 βάσιν
993 2586 1115 2669 χαλκν,
1133 2588 1184 2649 καί
1209 2590 1313 2668 έθηκεν

64 2667 141 2753 ρίου.
168 2670 262 2734 11καὶ
288 2666 343 2733 οὐκ
369 2668 515 2754 ἠδύναντο
539 2674 570 2736 οί
594 2673 675 2754 ίερεῖς
706 2662 802 2751 αὐτήν
819 2669 849 2730 ἐν
866 2670 946 2752 μέσῳ
964 2673 1017 2752 τῆς
1036 2612 1129 2751 αὐλῆς
1146 2672 1202 2733 τοῦ
1221 2673 1312 2755 ἱεροῦ,

63 2756 121 2817 τοῦ
135 2758 239 2837 στήναι
252 2753 428 2838 λειτουργεῖν
438 2752 500 2820 ἀπὸ
513 2748 674 2840 προςιύπον
705 2752 790 2815 πέντε
814 2751 934 2854 πήχεων
958 2749 995 2817 τό
1020 2756 1112 2857 μήκος
1136 2750 1237 2836 αύτής,
1263 2752 1316 2816 καί

63 2839 116 2916 τῆς
129 2837 258 2922 νεφελης,
272 2833 318 2902 ὅτι
331 2836 469 2922 ἐνέπλησε
483 2834 557 2916 δόξα
569 2842 673 2922 κυρίου
704 2835 792 2900 πέντε
816 2860 934 2939 πηχεων
957 2836 993 2901 τό
1019 2862 1103 2922 ευρος
1127 2834 1230 2920 αὐτῆς,
1262 2834 1314 2900 καί

62 2919 118 2985 τόν
130 2919 211 2986 οἶκον
222 2926 280 2988 τοῦ
294 2927 375 2986 θεοῦ.
703 2923 794 3004 τριῶν
809 2944 925 3024 πηηεων
941 2920 977 2985 τὸ
998 2917 1076 3004 ύψος
1088 2918 1189 3005 αύτής.
1211 2921 1263 2986 καί
1281 2922 1312 2982 έ-

260 3010 334 3069 ΚΕ
348 3010 386 3067 Φ.
430 3030 472 3080 ς.
704 3001 814 3086 στηέπ’
831 3008 938 3088 αυτής,
964 3007 1015 3069 καί
1029 3001 1245 3069 ε”πεσενὲπλτόι
1257 2999 1311 3081 γό-

71 3054 165 3152 Τότε
177 3088 238 3155 εἷπε
247 3086 416 3172 Σαλωμιόν.
430 3085 529 3177 κύριος
542 3087 603 3154 εἶπε
614 3093 670 3155 τοῦ
702 3111 778 3151 νατα
791 3089 887 3153 έναντι
901 3083 999 3174 πόσης
1013 3087 1170 3172 ἐκκλησίας
1179 3084 1311 3172 Ἰσραήλ,

61 3178 292 3253 κατασκηνῶσαι
314 3177 345 3238 ἒν
366 3170 480 3275 γνόῳῳ,
507 3173 587 3238 2καί
610 3171 668 3251 ἐμάν
702 3173 752 3236 καὶ
764 3172 916 3237 διεπέτασε
925 3171 980 3248 τάς
988 3183 1085 3258 χεῖρας
1095 3170 1193 3238 αὐτοῦ
1206 3177 1245 3247 εἲς
1257 3167 1312 3236 τόν

61 3254 239 3340 ᾠκοδόμηκα
262 3255 345 3321 οἶκον
362 3260 407 3339 τῷ
426 3252 554 3342 ονόματί
566 3282 618 3322 σου
631 3253 666 3321 δι’·
702 3253 849 3341 οὐρανὸν,
885 3255 917 3297 1⁴
931 3257 981 3319 καί
1004 3255 1073 3320 εἷπε.
1099 3253 1178 3341 κύριε
1199 3252 1217 3317 ό
1239 3253 1311 3328 θεός

59 3334 126 3418 μιόν
139 3364 185 3403 σοι
206 3340 256 3402 καί
273 3344 390 3421 έτοιμον
406 3343 462 3403 τοῦ
475 3343 669 3421 κατασκηνῶ-
699 3336 840 3423 Ἰσραήλ,
863 3336 919 3402 οὐκ
931 3341 1011 3402 έστιν
1025 3333 1126 3421 ὅμοιός
1139 3363 1184 3400 σοι
1197 3335 1267 3411 θεὸς
1280 3341 1311 3398 ἐν

61 3448 115 3489 σαι
128 3425 167 3494 είς
180 3420 251 3494 τοὺς
264 3425 381 3494 αἰῶνας.
409 3423 478 3485 1καί
490 3423 671 3507 ἐπέστρεψεν
703 3419 825 3503 οὐρανῷ
845 3423 896 3485 καί
915 3422 964 3484 ἐπί
982 3423 1036 3502 τής
1051 3424 1122 3500 γῆς,
1148 3414 1312 3498 φυλάσσων

62 3503 81 3569 ό
96 3502 236 3653 μασιλεὺς
254 3501 289 3566 τό
308 3500 469 3585 πρόςωπον
491 3501 597 3578 αὐτοῦ,
622 3506 672 3568 καὶ
702 3499 756 3586 τήν
768 3497 916 3585 διαθήκην
934 3498 1036 3566 καὶτὸ
1049 3501 1134 3574 έλεος
1147 3511 1208 3572 τοῖς
1225 3504 1314 3563 παισί

61 3588 93 3655 εύ
115 3581 204 3669 όμησε
217 3583 271 3669 τήν
284 3591 387 3650 πᾶσαν
406 3586 562 3668 ἐκκλησίαν
571 3582 670 3669 Ἰσριι-
704 3609 758 3649 σου
787 3595 849 3659 τοῖς
870 3585 1081 3670 πορευομένοις
1100 3584 1232 3645 ἐναντίον
1257 3606 1311 3646 σου

63 3671 111 3757 ήλ,
123 3674 174 3736 καὶ
186 3673 273 3735 πᾶσα
286 3665 304 3751 ή
315 3667 451 3751 ἐκκλησία
459 3665 582 3752 Ἰσραήλ
592 3693 672 3771 παρ·
704 3670 735 3730 ἐν
749 3664 804 3759 ὅλη
818 3667 938 3749 καρδίᾳ,
951 3661 1008 3730 1⁵3
1021 3662 1170 3747 έφύλαξεις
1183 3670 1226 3749 τῷ
1239 3688 1312 3731 παι.

61 3751 193 3840 ειστήκει.
220 3754 302 3817 4καί
324 3751 411 3816 εἶπεν.
438 3747 594 3831 εὐλογητὸς
617 3776 672 3815 κυ-
704 3750 735 3813 δί
746 3775 803 3814 σου
818 3751 914 3814 Δαυὶδ
926 3754 971 3832 τῶ
981 3755 1078 3831 πατρί
1084 3774 1153 3853 μου,
1167 3745 1189 3814 ά
1201 3744 1310 3832 ἐλάλη-

63 3837 160 3927 ριοςό
178 3833 249 3912 θεὸς
264 3834 404 3940 Ἰσραήλ,
429 3833 469 3910 ὡς
488 3834 626 3916 ἐλάλησεν
640 3839 671 3900 έν
704 3858 759 3907 σας
772 3830 856 3916 αύτῷ
864 3833 968 3912 λέγων,
978 3836 1029 3898 καὶ
1039 3834 1183 3919 έλαλησας
1196 3835 1226 3898 ἕν
1239 3832 1310 3899 στό-

62 3920 188 4007 στόματι
201 3920 298 3987 αὐτοῦ
311 3947 387 4002 προς
400 3919 499 3983 Δαυίδ
509 3917 563 3984 τόν
575 3922 670 3984 πατέ-
700 3922 775 4000 ματί
788 3943 852 3994 σου,
865 3920 916 3983 καί
929 3921 960 3981 έν
975 3923 1057 4003 χερσί
1069 3944 1121 3982 σου
1135 3913 1310 4004 ἐπλήρωσας

62 4034 103 4094 ρα
113 4033 182 4091 μου,
208 4001 520 4109 καὶένηεροίναύτοῦ
533 3999 669 4088 ε’πλήριο-
702 3999 742 4077 ῶς
757 3997 774 4086 ή
789 3997 886 4089 ήμέρα
900 3997 984 4106 αὕτη.
1024 3996 1309 4088 11καίνῦνκύριεό

62 4117 104 4167 σε,
118 4092 219 4169 λέγων.
247 4086 338 4153 1άπσ
358 4092 408 4172 τής
427 4085 535 4172 ήμέροις
549 4078 581 4170 ής
594 4082 665 4171 άνή-
701 4083 773 4161 θεός
788 4083 913 4170 Ἰσραήλ
933 4085 1065 4166 φυλαξον
1090 4091 1133 4171 τῷ
1152 4087 1238 4151 παιδί
1254 4112 1309 4151 σου

61 4201 155 4254 μανον
167 4174 219 4238 τὸν
232 4168 306 4237 λαόν
314 4199 372 4256 μου
388 4175 419 4235 έκ
431 4176 485 4255 γῆς
497 4167 668 4249 Αἰγύπτου,
700 4175 745 4234 τῶ
765 4171 864 4236 Δανίδ
881 4174 927 4252 τῷ
944 4176 1039 4255 πατρί
1056 4197 1114 4254 μου
1128 4168 1149 4235 ά
1162 4168 1309 4252 ἐλάλησας

63 4257 119 4325 οὐκ
137 4254 306 4341 ἐξελεξάμην
329 4261 359 4321 έν
383 4251 464 4319 πόλει
483 4254 546 4320 ἀπὸ
564 4258 670 4320 πασῶν
701 4236 785 4338 αύτῷ
797 4256 901 4332 λέγων,
915 4251 970 4319 σύκ
984 4255 1109 4334 ἐκλείψει
1123 4280 1169 4319 σοι
1184 4251 1257 4336 ἀνήρ
1271 4251 1309 4316 ά-

63 4342 169 4423 ψυλῶν
179 4339 317 4426 Ἰσραήλ,
343 4347 398 4404 τοῦ
416 4340 609 4425 οἰκοδομῆσαι
623 4336 670 4402 οῖ·
700 4335 742 4402 πὸ
756 4335 918 4423 προςιόπου
925 4365 982 4421 μου
996 4337 1160 4421 καθήμενος
1169 4336 1219 4397 ἐπὶ
1232 4335 1309 4420 θρό-

61 4429 183 4490 κοντοῦ
199 4424 270 4488 εἶναι
290 4423 325 4489 τὸ
345 4419 437 4504 όνομά
455 4448 512 4504 μου
530 4426 595 4496 ἐκεῖ,
619 4419 670 4483 καί
702 4447 753 4487 νου
761 4419 901 4508 Ἰσραήλ,
927 4418 1005 4505 πλήν
1026 4418 1078 4483 έάν
1097 4412 1265 4498 φυλάξασιν
1279 4419 1310 4478 σί

61 4509 118 4577 οὐκ
137 4505 302 4593 ἐξελεξάμην
319 4510 349 4571 έν
367 4505 450 4593 ἀνδρὶ
468 4511 524 4572 τοῦ
542 4504 612 4571 εἶναι
631 4509 670 4582 εἰς
684 4502 687 4527 ¹
701 4510 763 4571 υἶοί
776 4531 832 4570 σου
845 4509 899 4587 τήν
920 4500 991 4568 ὁδὸν
1010 4498 1111 4563 αὐτῶν
1124 4503 1177 4560 τοῦ
1190 4493 1311 4638 πορῳλε-

1237 4602 1255 4639 σ
1282 4603 1319 4639 ιο.
