2924 4972
159 224 225 286 538
492 222 661 282 IOYAI
677 219 704 280 Θ
746 223 822 296 Κεφ.
839 214 878 278 ιε’.
892 212 940 290 ις’.
955 215 1003 279 15.
1020 216 1068 280 16.

156 345 256 405 πᾶσαν
272 335 346 404 ὁδὸν
363 341 417 402 τοῦ
435 339 540 402 πεδίου
557 340 674 420 καὶτῆς
687 334 762 421 ὀρει-
798 334 895 409 ὅλκια,
913 334 965 398 καί
975 332 1077 398 πάντα
1089 331 1128 398 τὰ
1142 332 1334 417 σκευάσματα
1350 335 1407 401 αύ-

156 427 216 527 χῆς.
243 423 321 486 3ιιαί
346 424 378 484 οἶ
394 415 663 506 παρεμβεβληκότες
679 421 711 483 ἐν
729 423 764 510 τῆ
797 421 864 481 τού.
889 417 940 480 καί
959 415 1094 517 λαβοῦρα
1107 413 1184 500 αὕτη
1198 420 1345 501 ἐπέθηκεν
1358 422 1409 484 ἐπί

157 529 253 596 ορεινη
272 500 371 586 κύκλῳ
382 499 544 567 Βετυλούα
562 503 614 566 καί
631 496 764 584 ἐτράπη·
797 497 851 582 τῆν
876 495 998 582 ῆμίονον
1023 504 1131 582 αυτῆς,
1156 503 1207 564 καὶ
1228 504 1326 578 ὲζευξε
1352 503 1410 577 τὰς

158 614 216 655 σαν
227 595 265 663 είς
275 583 379 671 φυγῆν.
392 587 444 651 καί
455 582 523 649 τότε
535 589 565 649 οῖ
575 588 633 648 υἱοὶ
642 583 765 687 Ἰσραῆλ
798 579 913 665 άμάξας
924 579 1026 665 αὐτῆς,
1037 583 1090 646 καί
1099 578 1255 669 ἐσώρευσεν
1268 582 1348 650 αύτά
1359 585 1405 651 ἐπ’

157 676 218 747 πᾶς
230 670 304 754 ἆνῆρ
317 667 495 753 πολεμιστῆς
510 670 541 743 ἐξ
554 665 657 731 αὐτῶν
670 669 764 814 ίξιχυ-
798 662 906 729 αύτῶν.
942 665 1034 730 12καί
1050 667 1211 750 συνέδραμε
1228 671 1316 732 πᾶσα
1332 667 1408 752 γυνῆ

157 766 260 837 θησαν
277 749 320 816 ἐπ’
343 747 461 825 αύτούς.
496 751 579 814 *καί
596 746 707 815 ἆπίστε
737 774 765 815 εν
793 745 983 833 Ἰσραῆλτού
1001 745 1192 833 ίδεῑναύτῆν,
1218 748 1410 834 καλεύλύγη-

155 834 259 914 Ὀζίας
269 841 308 910 εἰς
319 834 570 916 Βαιτομασθαίμ,
580 834 631 896 καὶ
642 834 764 919 Χωβαί,
798 855 851 896 σαν
863 826 966 915 αύτῆν.
991 833 1042 896 καί
1059 832 1204 914 ἐποίησαν
1222 831 1300 925 αύτῆ
1316 834 1408 919 χορὸν

158 922 210 985 καὶ
220 919 329 994 Χωλὰ,
351 919 402 981 καί
413 922 453 991 εἶς
463 922 525 982 πᾶν
539 915 622 1001 ὃριον
631 913 764 1001 Ἰσραῆλ,
798 916 828 990 ἐξ
842 911 957 988 αύτῶν,
983 916 1035 979 καὶ
1047 913 1138 1000 ἔλαβε
1149 913 1284 1001 θύρσους
1298 919 1328 980 ἐν
1341 930 1408 992 ταῖς

159 1000 230 1077 τούς
247 997 493 1079 ἀπαγγέλλοντας
506 997 581 1084 ύπὲρ
594 1003 656 1062 τῶν
668 1023 765 1064 συντε-
797 998 892 1082 χερσίν
904 995 1011 1078 αὐτῆς,
1035 1000 1086 1060 καί
1104 999 1194 1064 ἔδωκε
1212 1011 1277 1073 ταῖς
1293 1002 1408 1077 γυναιξί

158 1080 349 1169 τελεομένων,
375 1084 428 1148 καί
451 1087 502 1147 ’ίνα
519 1079 627 1158 πάντες
645 1083 765 1167 ἐπεκχυ-
797 1093 863 1156 ταῖς
874 1077 932 1161 μετ’
948 1079 1050 1182 αὐτῆς,
1061 1081 1145 1145 13καί
1158 1081 1407 1161 ἐστεφανῶσαντο

159 1173 239 1234 θῶσι
252 1177 317 1241 τοῖς
330 1165 481 1246 πολεμίοις
500 1169 539 1241 είς
551 1165 605 1249 τῆν
617 1163 766 1250 ἀναίρεσιν
799 1160 851 1247 τῆν
865 1164 968 1228 ἐλαίαν
981 1163 1164 1245 αύτηκαὶαῖ
1208 1162 1231 1230 τ’
1244 1162 1342 1248 αὐτῆς.
1356 1169 1408 1231 καί

160 1249 270 1316 αὐτῶν.
296 1245 365 1323 ὃῶς
383 1249 415 1313 δὲ
435 1246 566 1331 ἥκουσαν
583 1254 614 1314 ol
630 1251 689 1313 υἱοί
704 1248 766 1314 Ἰσ-
798 1247 952 1333 προῆλθεν
968 1245 1081 1322 παντὸς
1098 1250 1154 1311 τοῦ
1168 1190 1245 1313 λάοῦ
1257 1250 1288 1312 ἐν
1304 1255 1409 1334 χορείᾳ

179 1332 250 1416 αῆλ,
274 1326 383 1406 πάντες
400 1330 596 1412 ὁμοθυμαδὸν
620 1328 768 1398 ἐπέπεσον
799 1326 945 1432 ῆγουμίνη
966 1334 1074 1394 πασῶν
1091 1334 1151 1393 τῶν
1167 1334 1329 1408 γυναικῶν,
1355 1334 1408 1397 καί

160 1360 204 1482 ἐπ’
224 1411 348 1491 αύτούς,
374 1417 425 1479 καί
437 1417 565 1480 ἐκοπτον
581 1412 694 1490 αύτούς
712 1419 767 1488 ἕως
799 1410 960 1494 ηκολούθει
977 1416 1038 1487 πᾶς
1055 1410 1130 1498 άνῆρ
1145 1409 1269 1500 Ἰσραῆλ
1281 1415 1408 1480 ἐνωπλι-

161 1494 271 1578 Χωβά.
297 1494 438 1572 ῶςαύτως
454 1495 486 1560 δὲ
506 1501 556 1562 καί
570 1502 601 1562 οί
613 1500 644 1573 ἐξ
656 1495 767 1580 Ἱερου-
800 1498 900 1578 σμένον
925 1494 1000 1578 μετά
1020 1493 1175 1577 στεφάνων
1191 1500 1242 1562 καί
1262 1493 1361 1579 ύμνων
1377 1502 1408 1563 ἐν

161 1579 257 1665 σαλῆμ
281 1577 523 1682 παρεγενῆθησαν
547 1580 599 1644 καί
621 1583 653 1644 ἐκ
669 1577 767 1663 πάσης
799 1583 843 1661 τῷ
871 1573 995 1661 στύματι
1021 1576 1129 1643 αὐτῶν.
1169 1579 1266 1644 14ιιαί
1291 1583 1408 1666 ἐξῆρχεν

160 1668 212 1748 τῆς
225 1663 346 1748 ὀρεινῆς.
359 1660 534 1746 άνηγγειλαν
544 1660 602 1748 γάρ
615 1660 718 1740 αὐτοῖς
728 1662 766 1728 τά
796 1658 912 1726 Ἰουύίθ
936 1660 992 1745 τῆν
1015 1657 1221 1744 ἐξομολόγησιν
1246 1659 1360 1749 ταύτην
1377 1667 1409 1728 ἐν

159 1741 306 1825 γεγονότα
322 1749 360 1827 τῆ
376 1745 548 1831 παρεμβολῆ
567 1749 628 1811 τῶν
649 1750 766 1854 ἐχθρῶν
799 1747 889 1809 παντί
911 1741 1049 1830 Ἰσραῆλ,
1075 1748 1127 1810 καί
1144 1742 1286 1828 ύπεφῶνει
1308 1744 1408 1822 πᾶςῖι

161 1827 270 1894 αὐτῶν.
284 1819 380 1892 καὶόί
392 1832 423 1893 ἐν
435 1832 469 1892 Γ
466 1817 567 1894 αλαάδ
578 1832 630 1895 καί
641 1856 672 1894 οι
684 1833 716 1895 ἐν
728 1834 767 1922 τῆ
799 1824 873 1902 λαὸς
890 1825 945 1908 τῆν
958 1829 1066 1893 αίνεσιν
1078 1825 1198 1912 ταύτην.

160 1907 768 1998 Γαλιλαίαὑπερεκίρασαναύτούςπληγῆ
994 1917 1067 1975 ΚΕ
1079 1917 1117 1975 Φ.
1161 1909 1217 1987 Ις’.

160 1991 287 2102 μεγάλη,
305 1999 360 2070 ἐως
373 1985 411 2058 ού
424 1995 583 2080 παρῆλθον
595 1996 767 2078 Δαμασκὸν,
798 1958 856 2056 K
851 1995 883 2057 αι’
896 1991 974 2059 εἶπεν
987 1991 1114 2060 Ἰουδίθ.
1140 1993 1272 2081 ἐξάρχετε
1284 1999 1328 2079 τῶ
1341 1998 1407 2080 θεῷ

162 2080 213 2143 καί
230 2102 269 2142 τα
283 2072 353 2163 ὅρια
367 2075 468 2162 αὐτῆς.
507 2079 566 2142 θοί
579 2076 610 2143 δέ
623 2077 768 2146 λοιποίοί
797 2101 855 2158 μου
868 2079 900 2142 ἐν
909 2074 1081 2159 τυμπάνοις,
1092 2076 1185 2159 ᾄσατε
1195 2085 1238 2161 τῷ
1248 2085 1340 2164 κυρίῳ
1348 2106 1407 2162 μου

162 2165 365 2235 κατοικοῦντες
380 2156 542 2226 Βετυλούα
559 2157 706 2227 ἐπέπεσαν
729 2167 768 2256 τῆ
799 2161 830 2223 ἐν
838 2157 1006 2246 κυμβάλοις,
1015 2158 1318 2246 ἐναρμόσασθεαύτῶ
1328 2163 1407 2246 ψαλ

162 2244 333 2336 παρεμβολῇ
350 2241 496 2330 Ἀσσούρ,
521 2246 574 2308 καί
590 2243 768 2331 ἐπρονόμευ-
798 2239 855 2324 μὸν
868 2244 979 2319 καινὸν,
997 2241 1111 2328 ύψούτε
1122 2249 1174 2310 καί
1186 2246 1408 2312 ἐπικαλέσασθε

162 2352 220 2394 σαν
238 2325 358 2402 αύτούς,
371 2329 422 2391 καί
434 2323 626 2411 ἐπλούτησαν
639 2326 766 2416 σφόδρα.
799 2324 836 2389 τὸ
856 2324 951 2408 ὄνομα
968 2324 1074 2392 αύτοῖι.
1104 2325 1178 2394 2ὅτι
1195 2327 1269 2405 θεὸς
1286 2336 1405 2415 συντρί-

162 2411 220 2475 7οί
244 2409 277 2476 δὲ
301 2413 361 2476 υἱοί
385 2407 508 2496 Ἰσραῆλ
526 2408 768 2497 άναστρίιγαντες
797 2412 859 2495 βων
874 2410 1024 2492 πολέμους
1041 2413 1156 2496 κύριος,
1182 2407 1230 2477 ὅτι
1242 2418 1281 2488 είς
1293 2438 1406 2498 παρεμ-

162 2491 224 2560 άπὸ
243 2498 296 2577 τῆς
313 2497 407 2576 κοπῆς
431 2497 600 2581 ἐκυρίευσαν
620 2500 682 2560 τῶν
703 2495 767 2561 λοι-
797 2489 889 2578 βολάς
902 2490 998 2558 αὐτοῦ
1011 2496 1043 2557 ἐν
1055 2498 1137 2579 μέσῳ
1147 2496 1224 2560 λαοῦ
1234 2491 1408 2579 ἐξείλατῆμε

161 2581 242 2652 πῶν,
257 2579 308 2641 καί
321 2579 356 2641 αἱ
368 2581 464 2658 κῶμαι
477 2579 528 2642 καί
539 2575 676 2656 ἐπαύλεις
688 2583 719 2645 ἐν
731 2583 768 2672 τῆ
799 2579 832 2639 ἐκ
843 2575 936 2662 χειρὸς
946 2581 1007 2641 τῶν
1015 2575 1264 2645 καταδιωκόντων
1275 2605 1320 2663 με.
1332 2581 1404 2645 3ν’λ-

162 2657 257 2752 ὄρεινῆ
273 2662 325 2725 καί
347 2660 449 2742 πεύινῆ
466 2657 631 2745 ἐκράτησαν
646 2662 768 2728 πολλῶν
799 2670 853 2724 θεν
865 2658 993 2745 Ἀσσούρ
1007 2662 1039 2736 ἐξ
1053 2658 1149 2745 ὀρέων
1161 2660 1223 2727 άπὸ
1235 2666 1340 2749 βορρᾶ,
1351 2664 1400 2745 ηλ

161 2739 319 2824 λαφύρων,
343 2732 381 2825 ῆν
392 2742 450 2826 γάρ
464 2743 583 2826 πλῆθος
595 2746 675 2809 πολύ
690 2743 769 2826 σφό-
798 2753 852 2807 θεν
865 2745 895 2806 ἐν
906 2741 1023 2828 μυριάσι
1035 2740 1182 2827 δυνάμεως
1194 2744 1297 2824 αὐτοῦ,Ι
1312 2738 1354 2809 ῶν
1367 2745 1405 2811 τὸ

160 2826 227 2909 δρα.
240 2821 442 2906 8καίἸωακίμ
454 2821 472 2888 ὁ
483 2824 572 2909 ἱερεύς
584 2824 601 2890 ὁ
614 2823 707 2909 με’γας
718 2831 769 2894 καὶ
798 2827 920 2909 πλῆθος
944 2824 1046 2891 αὐτῶν
1071 2830 1209 2914 ἐνέφραξε
1224 2825 1404 2914 χειμάρρους,

160 2904 179 2991 ῆ
192 2913 329 2992 γερουσία
341 2909 402 2970 τῶν
411 2910 484 2970 υἱῶν
492 2905 615 3011 Ἰσραὴλ
626 2915 657 2974 οἱ
665 2936 768 2976 κατοι-
798 2913 846 2972 καί
867 2904 885 2992 ῆ
898 2914 992 2985 ἵππος
1011 2908 1112 2976 αὐτῶν
1129 2909 1259 3015 ἐκάλυφε
1270 2910 1403 2998 βουνούς.

161 2994 280 3064 κοῦντες
290 2985 514 3073 ἐνἸερουσαλῆμ
525 2990 622 3072 ηλθον
630 2997 685 3057 τοῦ
694 2992 767 3060 θεά·
797 2991 905 3056 4εἶπεν
930 2990 1088 3079 ἐμπρῆσειν
1111 2993 1151 3058 τά
1170 2990 1239 3080 ὅρια
1254 3021 1327 3078 μου,
1352 3000 1405 3060 καί

161 3083 276 3138 σασθαι
300 3069 339 3137 τά
357 3070 464 3149 ἀγαθά
487 3070 509 3136 οἳ
528 3077 649 3158 ἐποίησε
664 3072 701 3141 κύ
722 3104 767 3154 ιος
797 3073 867 3148 τοὺς
891 3082 1053 3152 νεανίσκους
1076 3101 1136 3159 μου
1154 3078 1262 3143 ἀνελεῖν
1280 3081 1313 3143 ἐν
1330 3081 1405 3179 ραγ-

159 3153 410 3239 ιῴ’1σραηλ,ιαὶ
422 3159 479 3218 τοῦ
493 3157 563 3223 ἰδεῖν
575 3158 631 3262 τῆν
640 3103 765 3236 Ἰουύίθ,
797 3164 891 3240 φαίη,
917 3161 968 3225 καί
987 3159 1025 3225 τά
1037 3156 1208 3242 θηλάζοντά
1222 3186 1282 3242 μου
1299 3171 1404 3262 θησειν

160 3240 211 3304 καί
223 3237 353 3322 λαλῆσαι
370 3234 428 3319 μετ’
444 3235 536 3322 αὐτῆς
550 3244 628 3326 είρην
647 3266 670 3306 ν.
696 3243 766 3320 9ῶς
796 3246 834 3316 είς
850 3243 974 3323 ὲὸαφος,
998 3243 1048 3306 καί
1063 3241 1102 3304 τά
1119 3235 1210 3322 νῆπιά
1228 3267 1286 3324 μου
1298 3241 1404 3308 δωσειν

159 3320 193 3386 δὲ
217 3322 351 3407 είςῆλθον
374 3318 449 3406 πρὸς
467 3321 575 3407 αύτῆν,
601 3325 632 3390 εὐ
662 3323 691 3404 ’γ
710 3353 766 3393 σαν
796 3323 1010 3410 εῑςπρονομῆν,
1028 3319 1145 3396 καὶτὰς
1157 3327 1330 3404 παρθένους
1342 3354 1403 3409 μου

159 3402 255 3491 αύτῆν
266 3401 374 3481 πάντες
386 3401 594 3510 ὁμοθυμαδὸν,
616 3412 668 3476 καί
681 3354 766 3476 είπαν
796 3401 1025 3476 σκυλεύσαιὸνύ
1045 3432 1088 3482 ως
1096 3402 1316 3496 παντοκράτωρ
1327 3410 1404 3495 ἐχθέ-

158 3488 236 3576 πρὸς
248 3485 350 3573 αύτῆν.
376 3516 413 3554 συ
431 3485 544 3572 ύψωμα
559 3488 700 3580 Ἰσραῆλ,
727 3493 764 3560 σύ
797 3514 881 3596 τησεν
897 3490 1008 3567 αύτούς
1026 3433 1056 3556 ἐν
1077 3492 1149 3576 χειρὶ
1164 3491 1297 3575 θηλείας.
1335 3494 1404 3558 θού

157 3579 311 3659 γαυρίαμα
322 3569 399 3655 μίγα
412 3578 468 3637 τοῦ
481 3571 615 3660 Ἰσραῆλ,
641 3577 678 3642 σύ
693 3574 765 3644 καύ-
795 3600 865 3660 γαρ
881 3573 1025 3641 ὑπέπεσεν
1041 3573 1059 3641 ὁ
1077 3572 1201 3650 δυνατὸς
1221 3602 1323 3641 αυτων
1340 3603 1402 3641 υπο

157 3680 236 3738 χημα
247 3653 324 3736 με’γα
336 3661 390 3720 τού
402 3653 505 3735 γε’νους
519 3656 609 3742 ῆμῶν.
628 3663 765 3746 ιοἐποίη-
797 3665 967 3734 νεανίσκων,
983 3656 1054 3723 οὐδὲ
1066 3661 1127 3723 υἱοί
1142 3654 1275 3728 Τιτάνων
1287 3654 1403 3723 ἐπάτα-

160 3762 216 3811 σας
228 3735 331 3804 πάντα
343 3744 440 3804 ταῦτα
452 3742 484 3805 ἐν
493 3748 569 3846 χειρί
578 3770 644 3821 σου,
662 3748 738 3809 ἐποί
750 3786 765 3798 -
796 3744 850 3817 ξαν
862 3739 966 3816 αὐτὸν,
980 3740 1052 3808 οὐδὲ
1065 3740 1176 3827 ύφηλοί
1183 3746 1323 3820 Γίγαντες
1333 3744 1403 3806 ἐπέ-

160 3845 213 3894 σας
225 3820 264 3884 τά
285 3820 392 3899 ἀγαθά
404 3821 478 3906 μετὰ
500 3832 539 3890 Ισ
558 3822 625 3910 αῆλ.
652 3829 703 3892 καί
715 3852 765 3891 ευ-
794 3836 885 3890 θεντο
904 3827 1004 3907 αύτῷ,
1031 3824 1112 3893 ἀλλά
1134 3825 1251 3891 Ἰουδίθ
1265 3823 1403 3911 θυγάτηρ

159 3899 335 3987 δοκῆσαιέτύ
350 3902 573 3984 αύτοῖςὸθεος.
588 3908 763 3995 εὐλογημένη
795 3913 916 3994 Μεραρὶ
942 3912 972 3972 ἒν
997 3906 1098 3976 κάλλει
1123 3937 1148 3974 π
1167 3906 1285 3985 οςῶπου
1310 3909 1404 3993 αὐτῆς

158 3992 241 4064 γίνου
266 3987 352 4073 παρά
371 3994 416 4073 τῶ
431 3987 654 4077 παντοκράτορι
671 4000 763 4076 κυρίῳ
793 3992 957 4075 παρέλυσεν
967 3990 1070 4058 αὐτόν.
1081 3937 1326 4080 Ίέξεύύσατογάρ
1336 4019 1405 4059 στο-

158 4075 198 4144 εἲς
215 4070 269 4135 τὸν
285 4077 381 4136 αἰῶνα
399 4069 512 4156 χρόνον.
538 4074 762 4151 καίείπεπάςὸ
794 4073 850 4157 λῆν
873 4072 1034 4180 χηρεύσεως
1060 4075 1154 4160 αὐτῆς
1176 4082 1215 4152 εἷς
1241 4072 1321 4161 ύψος
1343 4080 1405 4141 τῶν

159 4151 239 4229 λαός.
259 4150 385 4231 γίνοιτο.
403 4157 484 4220 11καί
496 4151 693 4241 ἐλαφύρευσεν
704 4165 764 4236 πᾶς
793 4182 967 4225 πονούντων
989 4164 1020 4224 ἐν
1034 4157 1171 4246 Ἰσραῆλ,
1197 4157 1347 4244 ῆλείφατο
1365 4159 1404 4224 τὸ

159 4235 177 4301 ὁ
202 4235 277 4313 λαὸς
300 4235 354 4322 τῆν
376 4237 565 4384 πρρεμβολῆν
588 4238 631 4320 ἐφ’
653 4237 764 4327 ῆμίρας
793 4238 957 4325 πρόςωπον
981 4241 1074 4326 αὐτῆς
1099 4247 1130 4308 ἰν
1146 4247 1297 4329 μυρισμῶ,
1324 4244 1405 4308 8ιιαί

158 4317 330 4405 τριάκοντα,
344 4322 395 4383 καί
412 4322 420 4344 ’
440 4345 520 4385 ωκαν
532 4327 569 4415 τῆ
579 4319 697 4389 Ἰουδίθ
708 4325 763 4411 τῆν
793 4322 921 4432 ἐδῆσατο
946 4324 1000 4402 τάς
1021 4333 1122 4412 τρίχας
1140 4324 1233 4410 αύτῆς
1250 4331 1282 4392 ἐν
1300 4332 1403 4412 μίτρᾳ,

158 4401 268 4486 σκηνῆν
289 4400 492 4488 Ὀλοφέρνου,
521 4408 573 4470 καὶ
596 4403 699 4474 πάντα
720 4409 760 4475 τά
792 4435 843 4473 και
865 4411 954 4474 ἐλαι
976 4408 1088 4493 στολῆν
1113 4409 1195 4494 λινῆν
1219 4414 1259 4485 είς
1284 4409 1405 4492 ἀπάτην

156 4482 372 4571 ύργυριιίματα,
396 4487 449 4550 καί
460 4485 513 4565 τάς
522 4489 633 4570 κλίνας,
658 4492 760 4567 καίτά
792 4490 896 4559 αἰτοῦ.
942 4490 978 4559 τὸ
991 4490 1152 4560 σανδάλιον
1165 4491 1260 4578 αὐτῆς
1273 4490 1406 4598 ῆρπασεν

1279 4575 1406 4659 σφεα.
