2924 4972
296 212 708 278 ΕΚΚΑΗΣΙΑΣΤΗΣ
753 217 824 290 ειη.
838 205 880 274 θ’.
894 206 923 275 ι’.
937 207 986 275 «α’.
1000 211 1030 277 9.
1046 213 1095 277 10.
1113 213 1161 277 11.
1290 211 1354 278 667

109 335 220 412 σοφίαν
235 326 294 394 ύπδ
308 330 362 394 τὸν
380 328 477 414 ήλιον,
497 323 654 410 καίμεγοίλ
685 327 716 388 ε’·
749 329 881 410 ριφέρεια
903 325 1035 412 πονηρά,
1074 329 1104 368 ¹⁴
1130 329 1181 391 καί
1207 324 1225 392 ὁ
1248 325 1356 413 ἀφρων

109 416 158 479 στί
169 412 247 498 πρὸς
258 416 305 498 μέ
318 409 445 486 14πόλις
453 409 542 496 μικρά
554 411 607 474 καί
618 352 718 494 ἀνάρες
748 405 898 491 πληθύνει
914 405 1029 487 λόγους.
1065 406 1121 474 ούκ
1140 413 1215 488 ἔγνω
1233 410 1356 514 ἀνθρω-

109 500 141 560 ἐν
159 496 239 600 αὐτή
265 495 362 574 ὀλίγοι
384 496 435 560 καί
451 494 532 586 ἔλθη
558 490 603 557 ἐπ’
624 489 718 575 αύτήν
748 516 807 566 πος
823 497 855 556 τί
867 489 903 556 τὸ
915 490 1077 574 γενόμενον,
1090 493 1142 557 καί
1155 500 1186 558 τί
1198 492 1236 558 τὸ
1250 498 1354 579 ἒσσμε-

108 580 244 666 βασιλευς
267 582 358 662 μέγας
379 580 430 643 καί
451 575 587 669 κυκλιύση
609 573 716 658 αύτήν,
749 598 816 652 νον,
837 570 884 638 ὅτι
903 572 1002 640 ὀπίσω
1024 575 1123 640 αὐτού
1138 581 1184 651 τίς
1201 574 1355 655 ἀναγγελεῖ

108 665 158 728 καί
182 658 364 745 οἰκοδομήση
393 659 438 726 ἐπ’
467 658 562 743 αύτήν
585 654 716 763 χάρακας
750 655 852 741 αύτῴς
876 657 903 700 ¹⁵
916 653 1029 741 μόχθος
1050 663 1111 723 ταῖν
1131 654 1274 745 ἀφρόνων
1298 686 1354 725 κα-

108 742 262 832 μεγύλους.
301 747 328 788 ¹¹
341 734 393 809 ίιαί
404 740 474 830 εύρη
487 748 519 808 ἐν
531 739 609 843 αύτή
623 741 716 845 ἀνδρα
749 737 834 807 κτίσει
847 737 967 815 αύτούς,
976 736 1009 815 ὃς
1020 738 1075 807 οὐκ
1086 745 1162 820 έγνω
1174 747 1230 808 τοῦ
1244 767 1354 826 πορευ-

108 833 222 914 πένητα
236 825 340 910 σοφὸν,
346 832 397 893 καί
409 815 543 919 διασαίση
557 825 650 900 αυτὸς
662 847 717 908 την
748 827 841 907 θῆναι
854 828 892 899 είς
903 822 1000 888 πόλιν.
1036 824 1065 867 ¹⁶
1078 823 1149 890 ούαί
1160 850 1207 890 σοι
1219 821 1306 901 πόλις
1318 817 1354 911 ἧς

109 909 200 979 πόλιν
213 917 245 978 ἐν
256 916 295 1005 τῇ
309 917 401 993 σοφίᾳ
415 909 521 983 αύτού,
529 909 580 973 καί
594 905 717 993 ἀνθρω-
749 902 766 970 ὃ
779 906 916 992 βασιλεύς
936 932 992 971 σου
1010 901 1160 992 νειύτερος,
1179 912 1231 975 καὶ
1248 913 1280 974 σί
1296 907 1353 994 ἀρ-

111 1021 166 1070 πος
180 992 236 1060 οὐκ
249 992 384 1079 ἐμνήσθη
397 990 451 1058 σύν
469 995 525 1057 τού
539 988 597 1056 ἀνδ
615 991 648 1067 ὸς
660 995 718 1057 τού
747 994 848 1075 χοντές
862 1016 918 1056 σου
928 990 1014 1095 πρωῒ
1022 992 1184 1055 ἐσθίουσιν.
1214 992 1242 1032 ¹¹
1254 1019 1353 1074 μακα-

108 1081 234 1160 πένητος
248 1081 367 1142 ἐκείνου.
406 1077 434 1117 ¹⁰
447 1076 499 1140 καί
510 1073 582 1139 εἶπα
596 1017 664 1153 ἐγὼ,
678 1073 717 1138 ἀ·
768 1080 800 1138 ία
813 1070 849 1139 σύ
862 1078 917 1158 γῆ,
936 1099 973 1156 ης
991 1071 1009 1138 ὁ
1026 1068 1161 1160 βασιλεύς
1178 1097 1232 1138 σου
1246 1073 1310 1151 υίὸς
1323 1079 1354 1140 ἐ·

107 1158 194 1243 γαθή
207 1165 301 1239 σοφία
315 1156 390 1244 ὑπὲρ
403 1157 532 1240 δύναμιν.
558 1159 611 1220 καί
623 1164 716 1237 σοφία
747 1099 915 1244 ἐευθέρων,
940 1157 992 1220 καί
1008 1161 1039 1222 σί
1056 1154 1095 1237 ἀρ
1114 1159 1198 1230 οντές
1211 1180 1265 1220 σου
1277 1156 1353 1242 πρὸς

108 1247 165 1307 τοῦ
178 1244 304 1325 πένητος
316 1241 544 1324 ἕξουδενωμένη,
556 1241 607 1305 καί
619 1246 649 1306 οί
662 1237 717 1305 λό-
748 1237 853 1326 καιρὸν
872 1234 1020 1320 φάγονται
1036 1243 1067 1304 ἐν
1085 1182 1211 1323 ἀννύμει,
1235 1241 1286 1303 καί
1298 1238 1353 1304 ούκ

110 1350 160 1397 γοι
173 1323 269 1390 αύτού
282 1322 338 1390 ούκ
351 1320 568 1407 είςακουόμενοι.
591 1319 716 1402 17λύγοι
748 1320 1005 1408 αἰσχυνθήσονται.
1037 1323 1112 1388 18ἐν
1128 1319 1279 1408 ἀκνηρίαις
1296 1347 1353 1388 τα-

111 1413 215 1490 σσφῶν
233 1412 264 1472 ἐν
283 1405 447 1474 ἀναπαύσει
465 1402 626 1473 ἀκούονται
639 1403 715 1494 ύπίρ
746 1402 961 1490 πεινωθήσεται
975 1401 994 1489 ἢ
1007 1400 1143 1482 δύκωσις,
1155 1408 1206 1470 καί
1218 1410 1249 1471 ἐν
1261 1405 1353 1491 ἀργίᾳ

107 1488 237 1576 κραυγήν
245 1492 474 1567 ἐξουσιαζόντων
483 1495 515 1556 ἐν
525 1488 713 1575 ἀφροσύναις.
745 1493 850 1576 χειρῶν
867 1486 963 1566 στύξει
982 1485 1104 1572 ήοίκία.
1142 1490 1171 1532 ¹⁹
1184 1494 1224 1565 είς
1235 1489 1359 1567 γέλωτα

108 1576 137 1618 ¹⁸
151 1571 255 1658 ἀγαθή
269 1581 362 1656 σοφία
381 1570 457 1657 ύπίρ
470 1571 556 1655 σκεύη
568 1573 712 1658 πολέμου.
746 1576 886 1637 ποιοῦσιν
903 1570 996 1656 ἀρτον
1011 1573 1063 1636 καί
1081 1570 1164 1638 οἶνον
1182 1574 1234 1638 καί
1246 1573 1352 1639 έλαιον

107 1660 161 1722 καί
177 1653 355 1742 ἀμαρτάνων
372 1658 411 1733 είς
428 1656 568 1723 ἀπολέσει
585 1654 713 1734 ἀγαθω-
746 1659 803 1720 τού
815 1655 1020 1740 εὐφρανθῆναι
1032 1655 1152 1731 ζῶντας,
1165 1656 1217 1719 καί
1230 1659 1285 1719 τού
1296 1654 1352 1743 ἀρ-

107 1739 196 1824 σύνην
207 1736 331 1823 πολλήν.
745 1744 849 1841 γυρίου
878 1733 1050 1803 ταπεινώσει
1079 1734 1281 1805 ἐπακούσεται
1311 1738 1353 1806 τά

304 1831 340 1886 K
347 1831 377 1888 E
389 1828 426 1888 Φ.
471 1818 510 1888 Γ.
745 1845 856 1887 παντα.
882 1822 914 1864 ²⁰
926 1827 979 1886 καί
1001 1846 1034 1899 γε
1058 1822 1090 1887 έν
1116 1819 1270 1907 συνειδήσει
1296 1849 1352 1888 σου

107 1871 176 1970 Μ
170 1917 230 1973 υῖαι
250 1911 441 1973 θανατούσαι
455 1911 617 1992 σαπριούσι
630 1931 713 1972 σκευ-
744 1904 872 1992 βασιλέα
883 1899 923 2007 μή
936 1899 1104 2001 καταράση,
1130 1908 1182 1971 καί
1194 1909 1226 1971 ἐν
1238 1912 1351 1991 ταμιεί-

107 1998 197 2058 ασίαν
208 1991 310 2057 ἐλαίου
323 1986 500 2074 ἡδύσματος.
540 1996 637 2072 τίμιον
648 1988 714 2055 ὀλί-
745 2015 789 2065 οις
801 2011 952 2053 κοιτωνων
964 2011 1021 2053 σου
1031 1985 1071 2072 μή
1084 1985 1242 2082 καταράση
1254 1985 1350 2055 πλού-

106 2099 162 2155 γον
174 2080 282 2156 σοφίας
296 2073 370 2160 ὑπὲρ
380 2073 471 2152 δόξαν
483 2071 652 2161 ἀφροσύνης
663 2099 713 2156 με·
745 2097 816 2138 σιον.
843 2067 891 2136 ὅτι
901 2070 1033 2137 πετεινὸν
1050 2076 1105 2137 τοῦ
1117 2070 1247 2160 ούρανοῦ
1259 2070 1351 2140 ἀποί-

105 2155 208 2240 γάλην.
233 2158 370 2244 2καρδία
383 2162 482 2239 σοφοῦ
496 2162 536 2234 εἷς
551 2153 643 2234 δεξιὸν
656 2154 714 2221 αύ-
745 2181 786 2221 σει
799 2153 853 2240 τήν
876 2150 978 2239 φωνήν
1000 2181 1065 2230 σου,
1093 2157 1145 2221 καί
1166 2154 1184 2220 ὁ
1210 2158 1283 2240 ἔχων
1295 2154 1351 2233 τάς

106 2246 174 2316 τοῦ,
199 2242 251 2305 καί
267 2241 376 2325 καρδία
395 2239 528 2325 ἄφρονος
546 2245 585 2315 είς
597 2237 714 2324 ἀριστε·
744 2240 894 2325 πτέρυγας
906 2235 1068 2317 ἀπαγγελεῖ
1077 2234 1167 2315 λόγον
1179 2263 1243 2303 σου.

106 2321 278 2412 ρόναύτσύ.
317 2323 401 2386 3καί
415 2347 448 2399 γε
466 2324 497 2385 ἐν
513 2320 576 2406 ὁδῷ
589 2318 664 2387 ὅταν
676 2321 714 2386 σίό
776 2328 790 2358 ·
927 2325 1054 2386 KH».
1097 2320 1171 2386 1A'.
1197 2396 1200 2401 Ι

106 2429 193 2511 φρων
204 2400 377 2489 πορεύηται,
398 2405 506 2489 καρδία
519 2402 617 2469 αύτού
627 2401 713 2470 ύστε·
746 2370 958 2471 Ᾰπύστειλσν
966 2405 1019 2469 τὸν
1029 2403 1121 2510 ἀρτον
1133 2429 1186 2470 σου
1195 2405 1246 2469 ἐπί
1257 2402 1351 2508 πρός-

107 2513 202 2574 ρησει,
215 2489 266 2551 καί
278 2483 299 2552 ἀ
311 2486 450 2564 λογιεῖται
463 2484 565 2553 πάντα
578 2484 714 2575 ἀφροσύ-
745 2512 830 2555 ωπον
840 2491 897 2554 τού
910 2484 1034 2563 ύδατος,
1053 2485 1100 2552 σ’τι
1115 2491 1147 2553 ἐν
1158 2485 1268 2572 πλήθει
1282 2514 1350 2572 ημε-

108 2597 145 2653 νη
157 2574 244 2635 ἐστίν.
282 2567 365 2635 4ἐάν
376 2574 492 2654 πνεύμα
509 2574 565 2635 τοῦ
579 2569 714 2648 ἐξουσιά·
746 2576 807 2679 ρῶν
819 2567 947 2657 εὑρήσεις
959 2567 1061 2637 αὐτόν.
1087 2570 1159 2647 2δὸς
1170 2574 1275 2656 μερίδα
1287 2583 1350 2647 τοῖς

107 2656 209 2731 ζοντος
221 2648 317 2757 ἀνάβη
331 2655 383 2718 ἐπί
394 2653 434 2732 σε’,
447 2650 545 2719 τόπον
557 2679 613 2720 σου
624 2653 663 2738 μη
676 2653 714 2720 ἀ·
745 2656 833 2732 επτά,
846 2661 898 2720 καί
908 2680 940 2733 γε
953 2666 1017 2730 τοῖς
1030 2652 1125 2728 δκτιύ,
1152 2651 1197 2719 ὅτι
1212 2653 1249 2718 ού
1261 2652 1349 2731 γιναί·

107 2740 181 2831 φῇς,
210 2731 256 2801 ὅτι
275 2763 348 2819 ιαμα
365 2733 550 2803 καταπαύσει
569 2734 714 2823 ἁμαρτίας
746 2765 821 2814 σκεις
838 2745 869 2804 τί
888 2741 972 2803 έίτται
992 2735 1122 2823 πονηρὸν
1141 2740 1192 2802 ἐπί
1208 2736 1264 2820 τήν
1284 2743 1347 2823 γῆν.

105 2815 243 2906 μεγσίλας.
269 2821 359 2884 ὅέστι
371 2827 501 2906 πονηρία
512 2817 549 2904 ἣν
561 2820 638 2886 εἶδον
652 2819 711 2887 ύπό
745 2822 827 2887 3ίύιν
845 2822 1008 2905 πλησθῶσι
1024 2821 1064 2886 τά
1081 2825 1154 2905 νέφη
1171 2817 1274 2898 ύετοῦ,
1299 2825 1351 2888 ἐπί

105 2903 160 2969 τὸν
172 2900 264 2986 ήλιον,
291 2900 331 2978 ὡς
348 2901 491 2969 ἀκούσιον
510 2904 631 2988 ἐξῆλθεν
651 2902 712 2969 ἀπὸ
744 2902 798 2989 τήν
810 2910 866 2989 γήν
878 2909 1040 2990 ἐκχέουσιν.
1067 2908 1117 2969 καί
1135 2905 1187 2970 ἐάν
1203 2908 1281 2989 πέση
1298 2903 1348 2983 ξύ-

106 2983 270 3071 πρσςοίπου
290 2983 517 3064 ἑξουσιάζοντσς
550 2985 711 3072 ὅέδύθηὸ
744 2988 800 3054 λον
812 2992 899 3073 ἐντῷ
913 2984 1021 3071 Νότῳ,
1035 2990 1086 3053 καί
1099 2987 1150 3053 ἐύν
1163 2992 1250 3072 ἐντῷ
1263 2980 1349 3073 ’Βοῤ-

106 3069 214 3155 ἀφρων
227 3074 258 3135 ἐν
273 3066 360 3152 ύφεσι
372 3069 526 3154 μεγάλοις,
552 3075 602 3136 καί
614 3067 712 3136 πλού·
744 3075 798 3154 ρ’ᾇ,
819 3068 905 3155 τόπῳ
919 3061 956 3138 ού
969 3081 1101 3136 πεσεῖται
1112 3068 1149 3134 τὸ
1163 3068 1265 3148 ξύλον,
1291 3077 1352 3136 ἐκεῖ

107 3180 166 3218 σιοι
181 3157 212 3218 ἐν
227 3159 357 3235 ταπεινῷ
374 3152 570 3238 καθήσονται.
609 3156 623 3199 ⁷
636 3155 713 3221 εἶδον
743 3154 833 3219 ίσται.
859 3153 985 3240 4τηριύν
997 3153 1104 3237 ἀνεμον
1116 3151 1152 3218 ού
1165 3161 1285 3238 σπείρει,
1298 3158 1350 3221 καί

106 3233 231 3311 δούλους
257 3235 300 3318 ἐφ’
329 3243 451 3313 ἵππους,
491 3242 541 3303 καί
567 3236 712 3323 ἀρχοντας
742 3238 861 3324 βλέπων
879 3240 911 3303 ἐν
931 3248 997 3312 ταῖς
1019 3238 1151 3319 νεφέλαις
1172 3236 1210 3302 ού
1229 3245 1347 3318 θερίσει.

105 3323 320 3425 πορευομένους
332 3318 373 3395 ὡς
384 3319 510 3397 δούλους
522 3323 574 3387 ἐπί
585 3328 637 3409 τῆς
649 3326 711 3408 γήο
742 3322 757 3366 ¹
771 3326 802 3387 ἐν
815 3320 859 3396 οίς
871 3319 927 3384 οάκ
945 3322 1008 3385 έστι
1026 3315 1175 3400 γινώσκων
1191 3319 1263 3404 τίςή
1278 3318 1349 3397 ὁδὸς

106 3399 439 3489 θὸύρυσσωνβύθρον,
466 3409 506 3478 είς
519 3404 711 3488 αύτὸνέμπε-
744 3408 798 3469 τού
821 3400 993 3507 πνεύματος.
1028 3402 1070 3479 ὡς
1087 3402 1166 3469 ὄστᾶ
1187 3407 1219 3467 ἐν
1239 3407 1349 3491 γαστρί

106 3498 210 3559 σεῖται,
223 3486 275 3548 καί
291 3492 498 3569 καθαιροῦντα
515 3485 649 3572 φραγμὸν
658 3486 708 3570 δή-
743 3511 963 3571 κυσφορουσης,
997 3484 1093 3564 οίίτως
1119 3485 1155 3552 ού
1182 3483 1284 3580 γναίση
1308 3488 1348 3553 τά

106 3571 187 3646 ξεται
204 3565 300 3631 αι’πδν
319 3564 394 3648 ὄφις.
434 3568 587 3654 9ἐξαίρων
606 3569 712 3645 λίθους
743 3567 900 3651 ποιήματα
913 3573 969 3635 τού
984 3574 1077 3646 θεοῦ,
1103 3566 1163 3635 ὅσα
1180 3566 1295 3654 ποιήσει
1308 3567 1349 3636 τά

106 3646 359 3734 διαπονηθήσεται
372 3653 403 3714 ἐν
415 3647 526 3725 αύτσῖς.
545 3654 650 3735 σχίζων
661 3651 711 3728 ξύ·
745 3646 913 3733 σύμπαντα.
940 3652 1000 3718 θέν
1017 3657 1062 3737 τῷ
1078 3653 1164 3739 πρωῒ
1176 3665 1300 3758 σπεῖρον
1310 3654 1348 3719 τὸ

106 3735 146 3801 λα
169 3730 341 3800 κινδυνεύσει
358 3736 389 3798 ἐν
406 3730 516 3809 αύτσῖς.
551 3737 579 3778 ¹⁰
592 3731 645 3800 ἐάν
663 3738 709 3799 ἐκ·
745 3735 864 3818 σπέρμα
878 3760 942 3812 σου,
956 3738 1006 3802 καί
1024 3738 1055 3802 ἐν
1067 3740 1179 3820 ἑσπέρᾳ
1191 3737 1231 3822 μή
1245 3741 1349 3819 αφέτω

105 3821 183 3914 πίση
201 3816 239 3883 τὸ
259 3812 401 3904 σιδήριον,
418 3820 470 3884 καί
487 3814 579 3892 αύτάς
594 3812 712 3904 πρύςω-
744 3812 763 3901 ή
780 3822 840 3903 χείρ
865 3842 929 3891 σου,
954 3813 1002 3883 ὅτι
1028 3817 1066 3885 οά
1089 3817 1237 3898 γινοίσκεις
1260 3833 1350 3887 ποῖον

106 3927 165 3968 πον
177 3897 307 3989 ἐτάραξε.
333 3902 385 3966 καί
396 3896 528 3984 δυνάμεις
541 3897 711 3986 δυναμιύσει,
745 3895 888 3986 στοιχήσει
901 3898 920 3985 ἢ
932 3904 1023 3967 τούτο
1036 3900 1056 3986 ἢ
1068 3908 1172 3980 τούτο,
1184 3907 1236 3970 καί
1247 3903 1298 3971 ἐάν
1311 3902 1352 3970 τά

106 3987 158 4051 καί
180 3990 335 4070 περίσσεια
363 3989 408 4070 τῷ
438 3983 523 4071 ἀνδρί
548 3984 584 4051 ού
610 3992 711 4069 σοφία.
744 3981 800 4051 δύο
813 3984 984 4059 ἐπιτοαυτὸ,
1009 3982 1125 4062 ἀγαθά.
1164 3989 1242 4054 7καί
1255 3984 1349 4066 γλυκύ

107 4073 132 4112 ¹¹
147 4066 200 4134 ἐὰν
220 4068 296 4162 διίκη
318 4065 386 4152 ὄφις
408 4073 440 4134 ἐν
463 4068 500 4134 ού
522 4074 711 4158 ψιθυρισμῴ,
743 4070 780 4136 τὸ
794 4072 872 4150 φῶς,
889 4069 941 4133 καί
962 4065 1083 4147 ἀγαθὸν
1098 4080 1161 4146 τοῖς
1178 4069 1350 4154 ὀφθαλμοῖς·

108 4155 159 4218 καὶ
175 4152 229 4217 ούκ
248 4157 310 4218 ε”στι
331 4159 481 4241 περίσσεια
498 4157 541 4236 τῷ
563 4152 711 4238 ἕπηίδοντι.
744 4158 801 4218 τού
813 4153 931 4240 βλέπειν
948 4150 1003 4218 σύν
1021 4148 1074 4219 τὸν
1090 4149 1184 4239 ήλιον.
1210 4150 1286 4220 8ὅτι
1299 4155 1350 4219 καί

106 4233 233 4315 12λόγοι
251 4232 401 4318 στόματος
426 4243 527 4319 σοφού
543 4234 635 4323 χάρις,
661 4238 713 4303 καί
745 4234 798 4302 ε’ἀν
814 4242 866 4322 ε”τη
883 4235 984 4303 πολλὰ
1003 4231 1117 4322 ζήσεται
1136 4237 1153 4305 ὁ
1171 4236 1348 4326 ἀνθρωπσς,

104 4319 185 4403 χείλη
197 4318 331 4404 ἀφρονος
343 4325 595 4388 καταποντιούσιν
608 4315 710 4387 αύτύν.
745 4322 776 4384 ἐν
789 4325 881 4386 πᾶσιν
899 4318 1003 4398 αύτοῖς
1020 4318 1271 4409 εὐφρανθήσεται,
1297 4323 1349 4387 καί

105 4403 132 4444 ¹³
145 4399 219 4486 ἀρχή
233 4398 330 4480 λόγων
344 4401 493 4486 στόματος
505 4402 603 4470 αὐτού
614 4403 712 4487 ἀφρο-
743 4414 843 4488 μνησθ
852 4401 940 4470 ’σεται
954 4405 1008 4488 τᾲς
1021 4403 1129 4490 ἡμέρας
1141 4409 1197 4471 τού
1210 4401 1348 4492 σκότους,

106 4479 189 4562 σύνη,
204 4486 256 4549 καί
267 4480 374 4570 ἐσχιίτη
386 4483 538 4572 στόματος
549 4485 646 4553 αύτού
658 4511 712 4554 πε·
744 4483 792 4553 ὅτι
805 4513 847 4555 πο
906 4490 917 4554 ί
928 4492 1057 4554 ἔσονται.
1069 4494 1132 4555 πᾶν
1145 4486 1179 4554 τὸ
1192 4482 1347 4573 ἐρχόμενον

1284 4594 1344 4649 με·
