2924 4972
318 214 619 279 ΒΑΣιΛτιεευ·
644 214 825 279 πνουν
863 211 1067 296 κλωνία
1254 220 1316 287 287

70 346 107 412 τὸ
121 346 160 418 είς
171 343 207 406 τό
219 348 321 426 κηρίον
334 344 388 404 τοῦ
400 340 531 422 μέλιτος,
545 340 596 402 καί
607 339 677 401 ίπί-
709 340 759 401 καί
774 343 871 416 γνιῦτε
887 343 939 405 καί
955 342 1027 404 ίδετε
1045 344 1076 404 ἐν
1092 346 1148 405 τίνι
1165 344 1283 420 γέγονεν
1302 340 1320 427 ή

70 445 175 514 στρεῳε
191 420 245 511 τήν
260 435 343 509 χεῖρα
356 420 451 488 αὐτοῦ
467 427 507 497 είς
524 418 562 486 τό
580 415 678 503 στόμα
709 415 845 509 άμαρτία
861 420 940 507 αῦτη
952 419 1086 527 σήμερον.
1116 424 1147 466 ³⁹
1160 421 1207 489 ότι
1220 428 1255 519 ζῇ
1268 427 1321 490 κῦ-

71 511 180 584 αῦτοῦ,
205 510 258 573 καί
282 506 450 593 άνέβλεψαν
471 508 502 570 σί
520 502 678 586 ὀφθαλμοί
709 528 773 608 ρισς
797 502 816 571 5
842 502 942 583 σάοας
965 532 1018 571 τον
1041 503 1179 589 Ἰσραήλ,
1206 507 1253 572 ὅτι
1271 507 1323 573 ίάν

71 596 173 660 αὐτοῦ.
213 593 245 635 ²⁸
258 592 310 656 καί
334 590 485 672 ἀπεκρίθη
509 586 548 663 είς
570 591 603 652 ἐκ
621 589 678 651 τοῦ
710 595 867 683 απσνρεθῇ
892 587 971 656 κατά
996 585 1148 655 Ἰωνάθαν
1172 595 1229 656 τοῦ
1254 594 1323 657 υίοῦ

69 678 162 753 λαοῦ,
187 678 239 740 καί
257 672 342 740 εἶπεν.
369 668 534 759 ὁρκίσαςῦ
571 696 612 736 εσε
625 667 679 735 τὸν
710 697 786 778 μου,
811 671 941 757 θανάτῳ
960 671 1175 738 ἀποθανεῖται.
1200 676 1252 739 καί
1268 673 1322 742 οῦκ

68 755 173 826 λαὸνδ
192 755 293 844 πατήρ
307 783 378 835 σου,
403 757 506 835 λέγων.
534 697 678 820 λόεικατά-
733 780 748 819 ν
773 752 791 821 5
816 753 1047 843 ἀποκρινόμενος
1071 759 1102 820 ἐκ
1127 756 1243 832 παντός
1266 763 1321 826 τοῦ

69 868 162 931 ρατος
178 838 196 907 5
214 841 379 925 άνθρωπος
395 835 429 916 ῦς
446 835 573 943 ῳάγεται
585 837 680 923 άρτσν
711 785 799 904 λαοῦ.
816 839 906 906 *θκαί
918 838 980 905 είπε
991 841 1084 906 παντί
1096 836 1320 928 ἇνδρίἸοραήλ.

69 924 213 1012 σήμερον,
238 928 288 990 καί
306 920 431 1007 ίξελῦθη
444 949 463 988 ο
476 919 556 998 λαός.
582 924 613 964 ²⁹
627 921 680 985 καί
714 919 791 1006 ὑμεῖς
804 926 906 989 ἔσεσθε
919 928 959 998 είς
971 924 1120 996 δουλείαν,
1136 926 1186 988 καί
1199 924 1258 1002 ero)
1270 928 1322 992 καί

67 1013 146 1088 ἔγνω
156 1003 316 1083 Ἰωνάθαν,
329 1010 381 1073 καί
393 1006 481 1073 εἶπεν.
508 1001 680 1090 ἀπήλλαχεν
709 1001 860 1072 Ἰωνάθαν
876 1003 894 1072 5
908 1005 973 1083 υίός
983 1032 1042 1089 μου
1056 1003 1186 1089 ἐσόμεθα
1199 1013 1238 1084 είς
1250 1009 1317 1075 δου·

67 1085 201 1177 ὁπατήρ
218 1117 276 1175 μου
295 1091 349 1175 τήν
362 1095 425 1175 γήν.
455 1091 494 1154 ἴδε
513 1086 589 1155 διότι
603 1086 680 1152 εἶδον
711 1089 802 1154 λείαν.
828 1093 880 1154 καί
896 1089 975 1156 εἶπεν
991 1086 1009 1155 5
1031 1087 1104 1165 λαός
1116 1088 1193 1175 πρὸς
1204 1091 1318 1157 Σασῦλ.

68 1180 100 1242 οἱ
114 1174 272 1258 ὀφθαλμοί
282 1200 341 1256 μου
354 1171 402 1238 ὅτι
414 1169 574 1256 ἐγευσάμην
583 1165 680 1277 βρσηό
712 1170 748 1238 τό
761 1170 882 1251 ἀγαθόν
898 1167 1027 1239 ίνιόπεόν
1040 1198 1095 1238 σου
1114 1180 1201 1239 ποίεε.
1227 1174 1256 1216 ⁴¹
1270 1179 1321 1241 καί

67 1285 97 1325 τι
121 1264 179 1324 τοῦ
204 1258 321 1340 μέλιτος
338 1252 465 1333 τοῦτου,
501 1257 533 1299 ³⁰
547 1252 611 1319 ἀλλ’
633 1277 680 1320 στι
713 1253 901 1322 είπεΣασάλ
926 1252 1124 1342 κάριεῦθεὸς
1133 1254 1269 1342 Ἰσραήλ,
1292 1265 1322 1324 τί

67 1346 178 1424 ἔφαγεν
204 1345 308 1404 ἔσθων
331 1336 456 1423 σήμερον
481 1334 499 1402 5
524 1335 598 1413 λαὸς
619 1341 680 1404 τῶν
714 1335 760 1405 ῦτι
774 1337 831 1405 οὐκ
844 1338 1009 1446 ἀπεκρίθης
1027 1343 1071 1422 τῷ
1085 1337 1186 1422 δούλῳ
1200 1366 1253 1405 σου
1267 1338 1322 1427 σή-

69 1421 189 1491 σκῦλων
206 1426 268 1486 τῶν
286 1423 404 1507 ἐχθρῶν
416 1418 517 1486 αὐτῶν
535 1412 578 1485 εῦν
589 1413 678 1507 εῦρεν,
710 1447 814 1511 μερονς
827 1428 890 1490 είέν
899 1427 966 1509 ίμσί
977 1453 995 1509 η
1005 1419 1197 1488 ίνἸωνάθαν
1210 1429 1254 1506 τῷ
1266 1430 1321 1509 υίῳ

70 1505 120 1572 ὅτι
133 1511 185 1572 νῦν
198 1505 235 1569 ἄν
243 1508 346 1588 μείζων
357 1492 393 1589 ήν
405 1501 423 1589 ή
436 1503 533 1589 πληγή
547 1502 606 1588 ήίν
615 1514 678 1578 τοῖς
709 1532 766 1588 μου
778 1503 795 1592 ή
807 1505 923 1587 ἆδικία,
934 1503 1015 1593 κῦριε
1028 1503 1125 1583 όθεὸς
1136 1505 1260 1612 Ἰσραήλ
1269 1508 1320 1586 δδς

72 1584 264 1671 ἆλλοῳῦλοις.
304 1589 392 1654 31καί
416 1584 559 1666 ἐπάταξεν
583 1591 615 1654 ἐν
637 1592 676 1653 τ’
710 1586 826 1675 δήλους.
854 1595 905 1658 καί
916 1589 970 1658 ἐάν
984 1586 1053 1655 τάδε
1064 1592 1141 1684 είπη,
1160 1593 1212 1666 δος
1225 1593 1262 1675 δή
1276 1598 1319 1676 τῷ

72 1671 169 1758 ἡμέρῳ
187 1675 285 1766 ’ἐκείνη
307 1674 339 1737 ἐκ
363 1675 426 1737 τεῦν
450 1614 677 1752 άλλοῳῦλωνάι
709 1673 777 1759 λαῷ
793 1700 850 1740 σου
874 1674 1017 1761 Ἰσραήλ,
1043 1672 1093 1748 δὸς
1114 1673 1149 1757 δή
1167 1671 1318 1758 ὁσιότητα.

68 1752 214 1841 Μαχμάς.
239 1759 289 1820 καί
305 1757 462 1821 ἐκοπίασεν
480 1752 584 1832 ὁλαός
598 1751 676 1837 σφό-
710 1761 760 1823 καί
777 1758 944 1845 κληροῦται
963 1753 1115 1823 Ἰωνάθαν
1134 1761 1185 1822 καί
1202 1756 1319 1835 Σαοὺλ,

69 1843 136 1927 δρα.
151 1839 236 1903 32καί
248 1840 352 1922 ἐκλίθη
362 1837 380 1904 5
392 1837 467 1914 λαός
477 1843 515 1914 είς
523 1837 562 1904 τά
572 1839 674 1904 σκῦλα.
710 1844 762 1907 καί
773 1837 791 1906 5
805 1839 880 1917 λαός
892 1841 1010 1926 ἔξήλθε.
1027 1843 1118 1906 ”ml
1130 1838 1191 1906 είπε
1203 1838 1320 1908 Σαούλ.

68 1925 120 1989 καί
132 1922 238 2008 ἔλαβεν
249 1919 268 1987 5
278 1920 351 1999 λαός
361 1928 495 2006 ποίμνια,
508 1917 675 2010 καίβουκό-
708 1922 829 2029 βάλλετε
847 1923 998 2008 ἀναμίσον
1014 1927 1087 2006 ἐμοῦ
1103 1926 1155 1990 καί
1171 1924 1320 2009 α’ναμέσον

69 2007 131 2081 λια,
156 2008 206 2071 καί
219 2009 305 2072 τέκνα
320 2009 411 2092 βοῶν,
425 2007 477 2071 καί
489 2011 613 2088 ἔσφαξεν
626 2006 678 2070 ἐπί
715 2005 859 2073 Ιωνάθαν
877 2013 935 2073 τοῦ
951 2011 1020 2073 υίοῦ
1032 2034 1101 2090 μου.
1128 2006 1164 2072 ὃν
1177 2009 1215 2074 ἄν
1226 2035 1318 2075 κατα-

67 2089 123 2174 τήν
146 2094 213 2174 γήν,
237 2092 288 2155 καί
314 2091 416 2173 ήσθιεν
433 2087 451 2154 5
469 2089 543 2164 λαός
562 2085 616 2154 σῦν
633 2092 677 2171 τῷ
712 2087 831 2174 κληρώσ
853 2115 901 2155 ται
914 2087 1031 2175 κύριος,
1049 2091 1243 2158 άποθανίτω.
1269 2091 1320 2158 καὶ

68 2177 181 2256 αἵματι.
210 2173 240 2216 ³³
253 2175 304 2239 καὶ
316 2173 471 2257 ἀπηγγέλη
483 2169 603 2247 Σαοὺλ,
628 2169 680 2234 λε’·
713 2171 790 2236 εἶπεν
803 2169 821 2235 5
833 2118 907 2246 λαὸς
919 2171 994 2257 πρὸς
1006 2169 1119 2238 Σαοῦλ.
1138 2174 1194 2239 οῦκ
1209 2181 1271 2240 ἔστι
1283 2173 1320 2242 τό

67 2280 178 2335 γοντες.
202 2251 368 2360 ήμάρτηκεν
388 2251 406 2320 5
427 2254 499 2329 λαὸς
519 2258 563 2336 τῷ
577 2258 679 2338 κυρὶω,
713 2258 792 2341 ρήμα
807 2257 907 2319 τοῦτο.
932 2257 984 2319 καί
1002 2250 1200 2339 κατεκράτησε
1213 2258 1321 2323 Σαοὺλ

68 2337 175 2420 φαγὼν
188 2363 242 2403 συν
253 2344 296 2422 τῷ
307 2344 420 2422 α’ίματι.
434 2338 484 2400 καί
493 2336 556 2401 εἷπε
564 2331 651 2399 Σαοά
673 2382 680 2397 .
715 2342 770 2402 τοῦ
795 2336 891 2410 λαοῦ,
917 2339 968 2401 καί
991 2337 1150 2424 βάλλουσιν
1174 2337 1320 2423 άναμίσσν

68 2427 105 2487 ἐκ
123 2421 266 2500 Γεθθαίμ
287 2420 429 2484 κυλίσατὲ
443 2443 493 2499 μοι
518 2418 609 2482 λίθον
635 2419 679 2480 ἐν·
715 2417 811 2483 αὐτοῦ
842 2419 893 2481 καί
918 2417 1066 2500 άναμέσον
1091 2416 1244 2484 Ἰωνάθου
1266 2426 1322 2487 τοῦ

68 2506 179 2569 ταῦθα
194 2504 294 2583 μέγαν.
311 2500 400 2563 34καί
412 2499 475 2563 εἶπε
486 2497 604 2563 Σαούλ.
617 2499 682 2562 δια·
717 2504 785 2566 υἱοῦ
799 2496 910 2573 αὐτοῦ,
934 2504 986 2564 καί
998 2501 1190 2585 κατακληροῦ
1194 2527 1241 2566 ται
1254 2502 1322 2567 Ἰω·

69 2581 208 2671 σπάρητε
224 2586 255 2649 ἐν
273 2587 317 2667 τῳ
333 2581 415 2666 λαῷ,
440 2583 491 2645 καί
508 2582 609 2645 εἴπατε
626 2579 683 2645 αῦ-
716 2579 823 2648 υάθαν.
840 2582 873 2624 ⁴³
882 2583 933 2645 καί
946 2580 1006 2646 εἷπε
1018 2578 1123 2647 Σαοὺλ
1135 2581 1210 2667 πρὸς
1220 2583 1322 2651 Ἰωνά·

67 2684 137 2745 τοῖς
168 2677 365 2752 προςαγαγεῖν
394 2667 529 2731 ἐνταῦθα
559 2667 683 2738 ἕκαστος
715 2677 784 2730 θαν.
817 2660 998 2744 ἀπάγγειλόν
1022 2693 1074 2750 μοι
1100 2672 1131 2731 τί
1151 2675 1320 2753 πεποίηκας.

66 2754 127 2820 τὸν
151 2748 262 2836 μόσχον
286 2747 395 2827 αὑτοῦ,
420 2749 473 2813 καί
497 2754 621 2823 ἕκαστος
646 2745 682 2814 τὸ
715 2752 767 2815 καὶ
784 2745 957 2833 ἀπήγγειλεν
976 2749 1059 2836 αὐτῷ
1078 2748 1245 2829 Ἰωνάθαν,
1270 2756 1321 2818 καὶ

67 2832 226 2925 πρόβατον
252 2831 358 2900 αῦτοῦ.
392 2835 444 2897 καί
468 2834 605 2914 σῳαζέτω
630 2834 681 2897 ἐπὶ
714 2832 782 2898 εἷπε.
802 2829 955 2918 γευόμενος
967 2831 1125 2919 ἐγευσάμην
1138 2840 1169 2900 ἓν
1181 2835 1264 2922 άκρῳ
1276 2842 1319 2921 τῷ

67 2917 192 2996 τοῦτου,
206 2920 258 2984 καί
268 2915 305 2983 οῦ
316 2915 356 3000 μή
370 2912 519 3001 ἁμάρτητε
531 2919 575 2999 τῷ
587 2921 678 3000 κυρίῳ
713 2918 855 3004 σκήπτρῳ
869 2923 912 2983 τεῦ
927 2922 957 2982 ἐν
966 2926 1003 3012 τή
1015 2926 1088 3006 χειρί
1095 2945 1153 3003 μου
1162 2923 1257 3046 βραηίι
1266 2923 1319 3005 με’-

67 3009 125 3070 τοῦ
140 3007 248 3069 ἐσθίειν
262 2998 375 3083 σδντῷ
387 3005 498 3081 αἵματι.
521 3000 572 3063 καί
584 3025 678 3084 προς·
712 3001 756 3077 λε,
779 2984 982 3077 καίίδοόίγώ
996 3000 1195 3087 ἀποθνήσκω.
1239 3006 1320 3070 4καί

68 3092 138 3172 ἦγεν
149 3082 167 3152 5
177 3085 250 3161 λαός
262 3091 385 3158 ίίιαοτος
397 3082 434 3149 τό
447 3086 477 3146 ἓν
488 3087 527 3176 τῇ
537 3085 610 3166 χειρί
622 3081 676 3146 αὖ·
711 3084 788 3150 εἶπεν
804 3083 889 3170 αὐτῷ
901 3083 1015 3153 Σαοῦλ.
1042 3086 1112 3153 τάδε
1129 3083 1252 3174 ποιήσαι
1264 3116 1317 3193 μοι

68 3175 142 3246 τοῦ,
159 3172 210 3236 καί
222 3171 350 3248 ἔσφαζον
363 3171 427 3231 ίκεί.
454 3168 482 3211 ³⁵
496 3171 546 3232 καί
560 3164 677 3251 ᾠκοδό-
709 3165 808 3245 ὁθεός
820 3172 872 3234 καί
884 3165 954 3236 τάδε
966 3179 1121 3258 προςθείη,
1135 3168 1181 3236 ὅτι
1191 3183 1318 3256 θανατῳ

67 3280 154 3337 μησεν
179 3257 239 3317 ἐκεῖ
262 3250 370 3316 Σαοὺλ
395 3247 607 3337 θυσιαστ’ριον
631 3253 676 3334 τῷ
709 3250 857 3343 ἀποθανῇ
870 3250 1001 3337 σήμερον.
1021 3255 1108 3319 46καί
1122 3254 1200 3319 εἶπεν
1213 3253 1231 3320 5
1246 3256 1318 3331 λαὸς

66 3343 173 3421 κυρίῳ.
198 3340 291 3400 τοῦτο
310 3333 423 3437 ήρξατο
437 3279 546 3397 Σαοὺλ
559 3334 676 3398 οἰκοδο·
709 3333 785 3419 πρὸς
797 3332 912 3398 Σαούλ.
926 3340 951 3398 εἰ
964 3334 1089 3420 σήμερον
1101 3335 1316 3421 θανατωθήσε-

67 3427 164 3503 μήσαι
175 3427 387 3503 θυσιαστηριον
399 3423 443 3500 τῷ
456 3422 557 3501 κυρίῳ.
582 3417 614 3459 ³⁶
627 3416 677 3479 καί
711 3443 761 3480 ται
778 3415 795 3480 ὁ
809 3412 937 3516 ποιήσας
954 3416 1007 3501 τήν
1031 3443 1092 3482 σωτ
1112 3424 1179 3502 ρίαν
1196 3417 1251 3502 τήν
1267 3446 1317 3503 με-

68 3502 134 3568 εἶπε
151 3497 264 3566 Σαοόλ.
301 3505 476 3586 καταβῶμεν
500 3498 600 3564 ὀπίσω
619 3503 679 3562 τεῦν
710 3495 803 3583 γάλην
816 3523 927 3580 ταυτην
947 3501 976 3561 ἐν
991 3445 1114 3585 Ἰσραήλ
1119 3526 1131 3577 ,·
1157 3502 1191 3582 ζῆ
1209 3500 1317 3579 κύριος,

69 3584 251 3667 άλλσῳῦλων
266 3580 321 3668 τήν
340 3581 447 3657 υῦκτα,
473 3584 526 3645 καί
548 3578 678 3665 διαρπά-
711 3587 736 3646 εί
747 3593 877 3648 πεσεῖται
895 3581 993 3667 τριχὸς
1011 3588 1063 3688 της
1083 3573 1209 3666 κεφαλῆς
1223 3584 1318 3651 αὐτοῦ
1424 3631 1426 3637 ·

70 3695 165 3753 σωμεν
178 3672 208 3733 ἐν
222 3666 325 3743 αὐτοῖς
339 3672 393 3741 ἕως
411 3660 561 3747 διαφαόση
574 3662 678 3768 ήμέρα,
712 3669 762 3729 ἐπί
786 3662 841 3748 τήν
865 3669 936 3748 γήν,
961 3663 1008 3730 ὅτε
1034 3693 1051 3732 ο
1071 3664 1145 3742 λαὸς
1169 3673 1223 3732 τοῦ
1241 3672 1318 3735 θεοῦ

69 3757 119 3818 καί
136 3750 177 3838 μή
196 3749 403 3834 ὑπσλείπωμεν
416 3752 446 3814 ἐν
459 3735 564 3822 αῦτοίς
577 3747 677 3829 άνδρα.
711 3745 1156 3835 ἐποίησεντ“νήμε’ρανταότην.
1166 3755 1216 3817 καί
1225 3781 1317 3840 προς-

70 3840 120 3902 καί
138 3837 235 3903 είπαν.
272 3838 335 3899 πάν
359 3832 394 3898 τὸ
413 3828 534 3909 ἀγαθὸν
553 3824 678 3895 ἐνώπιόν
712 3827 859 3935 ηῦξατοό
921 3834 955 3908 ὸς
973 3837 1040 3920 περί
1060 3830 1212 3902 Ἰωνάθαν
1231 3841 1262 3902 ἐν
1280 3845 1317 3932 τῇ

70 3947 124 3986 σου
135 3926 224 3987 ποίει.
243 3919 294 3981 καί
306 3915 383 3982 είπεν
396 3912 413 3982 5
429 3911 527 4002 ίερεῦς.
552 3913 677 4000 προςέλε
711 3916 805 4021 ημέρᾳ
819 3917 921 4004 ἐκείνη,
934 3921 984 3982 καί
998 3915 1052 3983 οῦκ
1066 3916 1207 3986 ἀπέθανε.
1225 3921 1258 3966 ⁴⁶
1266 3925 1317 3987 καί

68 4014 170 4087 θωμεν
184 4005 320 4068 ἐνταῦθα
337 3999 415 4086 πρὸς
428 3993 572 4065 τὸνθεόν.
592 4000 621 4041 ³⁷
628 4000 678 4062 καί
711 4004 799 4087 ανέβη
812 4000 919 4065 Σαοὺλ
938 3999 1000 4066 άπὸ
1021 4001 1129 4068 ὄπισθε
1146 4011 1206 4070 τῶν
1222 4002 1317 4071 άλλο-

69 4085 241 4173 ἐπηρώτησε
250 4082 356 4149 Σαοὺλ
365 4081 416 4148 τόν
425 4079 506 4149 θεόν.
521 4088 545 4147 εί
556 4087 677 4170 κατεηδώ
711 4081 821 4165 φύλων.
839 4087 890 4149 καί
904 4089 934 4150 οἱ
947 4085 1112 4167 ἀλλόφυλοι
1125 4087 1268 4193 άπήλθον
1278 4094 1317 4165 είς

68 4169 169 4237 ὀπίσω
183 4174 242 4234 τιῦν
255 4165 444 4251 άλλοῳῦλων,
458 4171 482 4232 εί
491 4164 677 4252 παραδώσεις
711 4167 764 4233 τὸν
777 4165 873 4233 τόπον
886 4167 994 4235 αῦτιῦν.
1009 4171 1095 4238 47καί
1108 4173 1214 4239 ,Σαουλ
1227 4173 1317 4257 ἔλαχε

69 4254 183 4331 αὐτοὺς
208 4259 246 4330 είς
271 4265 367 4358 ηεῖρας
388 4248 525 4337 Ἰσραήλ,·
552 4253 603 4315 καί
621 4249 676 4315 οῦκ
710 4256 767 4316 τοῦ
770 4248 951 4356 7βασιλεύειν,
976 4258 1215 4341 κατακληρσῦται
1231 4259 1317 4338 ἔργον

67 4337 219 4425 ἀπεκρίθη
245 4343 328 4420 αυτῷ
354 4340 385 4402 ἐν
406 4340 445 4428 τῇ
464 4332 556 4418 ήμέρῳ
575 4339 676 4424 ἐκείνη.
712 4336 761 4399 ίπί
779 4332 901 4423 Ῑσραήλ.
917 4341 967 4402 καί
980 4341 1114 4419 ἐπολέμει
1127 4334 1225 4417 κῦκλῳ
1238 4334 1316 4401 πάν·

67 4423 96 4465 ³⁸
111 4424 164 4487 καί
183 4420 245 4487 εἷπε
264 4416 380 4486 Σαούλ.
412 4420 612 4504 προςαγάγετε
630 4421 677 4481 ίν-
711 4417 1316 4523 ταςτοῦςέηθροῦςαῦτοῦείςτὸνΜωάρί,

68 4510 173 4571 ταῦθα
187 4500 288 4580 πάσας
297 4503 350 4580 τὰς
359 4508 469 4582 γωνίας
480 4505 533 4567 τοῦ
542 4499 677 4589 Ἰσραήλ,
711 4504 761 4567 καί
773 4506 811 4578 είς
826 4527 896 4576 τους
905 4497 1124 4579 υίοὺςἈμμιόν,
1137 4499 1188 4562 καί
1198 4501 1237 4567 είς
1247 4521 1317 4640 τρῳς

1241 4602 1260 4638 υ
1293 4602 1329 4639 σε
