2924 4972
516 104 519 111 .
546 82 555 103 Ψ
638 42 679 109 ’.Ι

510 90 654 217 «ψ’,

325 257 521 323 mm
544 258 758 321 ΠΡΩΤΟΝ
796 259 871 334 Κεφ.
884 251 925 318 ν’.
938 261 968 319 ε’.
982 260 1012 319 ι.
1026 257 1056 321 5.
1247 253 1312 323 479

78 383 247 466 μεταφέρειν
263 375 337 456 ξύλα
349 379 467 462 κέδρινα
479 376 542 441 άπὸ
555 383 609 442 τοῦ
621 382 681 440 Λι-
713 374 866 461 ρουσαλῆμ
882 381 933 442 καί
948 384 984 443 τὸ
1004 377 1082 464 ἱερὸν
1099 371 1136 443 ού
1149 375 1313 464 αἰνομάοδη

78 462 170 550 βάνου
181 458 431 546 είςἸερουσαλῆμ,
442 463 492 524 καί
504 458 587 533 ὅπως
600 463 682 523 οἰκο-
712 457 748 523 τό
763 456 855 540 ὄνομα
866 464 1005 526 αυτουίπ
1023 487 1117 544 αυτῳ.
1129 465 1313 529 καίέκωδω-

80 543 227 629 δομῆσωσι
240 569 293 626 μετ
312 568 406 610 αυτου
419 567 470 625 την
483 537 577 607 πόλιν.
591 541 681 605 49καὶ
714 542 826 616 νίζοντο
838 539 910 621 μετά
920 549 1064 625 μουσικῶν
1076 544 1128 608 καί
1138 549 1232 628 χαρᾶς
1246 542 1313 627 ῆμέμ

79 633 191 714 ἔγραφε
202 631 277 691 πᾶσι
291 636 354 700 τοῖς
364 623 519 699 Ἰουδαίοις
531 635 593 698 τοῖς
605 620 681 687 άνα-
713 647 766 706 ρας
778 618 863 688 ἑπτά.

76 715 225 815 βαίνουσιν
249 704 310 773 άπὸ
335 712 387 790 τῆς
407 706 556 852 βασιλείας
573 711 611 780 εἰς
630 703 681 787 τῆν
910 711 985 770 ΚΒ
995 713 1032 770 Φ.
1074 706 1125 773 E'.

83 794 225 858 Ιουδαίαν
239 787 313 874 ὑπὲρ
327 795 379 873 τῆς
392 792 407 851 ε’
439 795 568 873 υθερίας,
579 783 680 853 πάντα
712 750 826 850 Μετὰ
837 784 868 851 δέ
880 791 977 854 ταῦτα
989 789 1157 874 δξελέγησαν
1169 789 1312 876 ἀναβῆναι

78 872 216 950 δυνατόν,
242 875 292 937 καί
308 868 473 956 ταπάρχην,
498 874 548 934 καί
566 864 679 950 σατρά-
713 868 839 972 ἀρχηγοὶ
864 869 949 934 οἴκου
967 877 1100 954 πατριῶν
1117 872 1194 938 κατά
1215 873 1312 953 φυλδς

79 982 151 1039 πην,
176 956 228 1021 καί
248 950 405 1035 οἰκονόμον
419 953 459 1037 μῆ
477 948 681 1017 ἐπελεύσεσθαι
713 955 823 1025 αυτοῖν,
842 952 893 1014 καί
906 955 939 1014 αἰ
949 964 1080 1029 γυναῖκες
1092 952 1201 1030 αὐτῶν,
1220 958 1271 1021 καί
1282 959 1315 1021 οἰ

81 1043 130 1103 ἐπὶ
145 1036 199 1112 τάς
216 1033 314 1120 θύρας
328 1035 444 1110 αύτῶν,
471 1036 502 1078 ⁵⁰
515 1038 566 1100 καί
581 1038 681 1099 πᾶσαν
713 1035 774 1098 υἰοί
786 1031 901 1106 αὐτῶν,
926 1034 978 1096 καί
995 1038 1027 1096 αἰ
1044 1036 1204 1117 θυγατέρες
1222 1039 1273 1101 καί
1282 1040 1314 1101 ολ

82 1119 134 1201 τῆν
146 1115 258 1202 χώραν,
284 1115 319 1201 ῆν
331 1122 504 1202 κρατοῦσιν,
526 1112 680 1200 ἆφορολό-
713 1115 814 1188 παῖδες
830 1112 946 1191 αύτῶν,
971 1117 1022 1179 καί
1044 1119 1079 1180 αἰ
1094 1117 1249 1181 παιδίσκαι
1265 1121 1316 1181 καί

83 1225 173 1280 γητον
196 1198 298 1274 αὐτοῖς
321 1196 466 1300 ὑπάρχειν.
503 1200 554 1262 καί
577 1203 626 1261 ίνα
651 1200 683 1260 οἰ
714 1189 856 1280 τὰκτῆνη
869 1194 977 1261 αὐτῶν.
1004 1198 1074 1261 2καί
1088 1200 1212 1282 Δαρεῖος
1224 1222 1316 1263 συνα-

82 1283 240 1360 Ἰδουμαῖοι
252 1280 362 1360 ἀφίωσι
376 1305 428 1354 τας
439 1275 553 1361 κιόμας,
570 1275 606 1353 δίς
618 1280 684 1344 δια-
713 1278 844 1344 πέστειλε
855 1276 913 1359 μετ’
925 1276 1025 1343 αὐτῶν
1034 1282 1132 1354 ἰππείς
1142 1279 1251 1364 χιλίους
1263 1284 1317 1353 ίως

84 1368 227 1446 κρατοῦσι
240 1368 298 1427 τῶν
306 1362 468 1426 Ἰουδαίων.
486 1362 569 1426 51καί
580 1366 619 1437 εἰς
630 1359 684 1445 τῆν
714 1365 769 1425 τοῦ
780 1359 1029 1444 ἀποκαταστῆσαι
1039 1362 1150 1437 αύτούς
1159 1366 1198 1436 εἰς
1206 1358 1317 1446 Ἰερου-

85 1443 246 1548 οἰκοδομὴν
275 1449 331 1510 τοῦ
361 1448 440 1528 ίερού
464 1443 590 1528 δοθῆναι
617 1441 681 1507 κατ’
716 1440 816 1526 σαλῆμ
826 1439 885 1524 μετ’
899 1439 1158 1527 εἰρῆνης,καίμετά
1169 1447 1317 1527 μουσικῶν

84 1532 217 1591 ε’νιαυτον
229 1522 361 1591 τάλαντα
373 1529 463 1592 εἴκοσι
474 1529 554 1610 μέχρι
567 1530 624 1590 τού
638 1529 682 1589 οἰ-
715 1523 887 1607 τυμπάνων,
911 1527 962 1589 καί
975 1523 1083 1590 αὐλῶν.
1121 1527 1136 1568 ³
1147 1527 1200 1591 καί
1211 1521 1317 1601 πάντες

83 1612 297 1694 κοδσμηθῆναι.
312 1612 397 1675 52καί
410 1611 461 1673 έπί
473 1609 508 1673 τὸ
520 1608 684 1691 θυσιαστῆ-
715 1610 746 1672 οἰ
757 1606 877 1687 ιἰδελφοί
889 1606 989 1672 αύτοίν
1001 1610 1161 1686 παίζοντες,
1166 1611 1216 1673 καί
1229 1609 1314 1672 ἐποί-

83 1719 148 1797 ριον
159 1689 395 1775 ὁλοκαυτώματα
407 1695 600 1775 καρποῦσθαι
611 1687 679 1755 καθ’
715 1715 780 1773 ησεν
793 1688 899 1763 αὐτοῖς
911 1693 1107 1792 συναναβῆναι
1117 1687 1175 1773 μετ’
1191 1694 1313 1754 ἰκείνων.

84 1779 138 1858 ημέ
156 1799 200 1849 αν,
218 1775 302 1838 καθά
315 1778 429 1858 έχουοιν
440 1771 567 1854 έντολῆν,
590 1775 682 1838 ἑπτα-
715 1773 795 1837 4καί
807 1776 904 1836 ταῦτα
922 1769 961 1836 τά
974 1772 1109 1855 ὀνοματα
1126 1777 1186 1837 τῶν
1198 1769 1314 1857 άνδρῶν

82 1801 202 1923 καίόεκα
210 1859 381 1940 προςφέρειν
390 1854 468 1920 άλλα
481 1852 622 1930 τάλαντα,
635 1855 682 1919 δέ·
715 1859 774 1919 τῶν
786 1851 1006 1940 ἀναβαινόντων
1022 1853 1100 1920 κατά
1116 1853 1245 1940 πατριάς
1257 1851 1314 1918 αύ-

81 1966 119 2005 κα
146 1937 208 2004 κατ’
228 1935 369 2003 ἐνιαυτόν.
406 1940 436 1981 ⁶³
449 1941 500 2002 καί
524 1942 598 2003 πᾶσι
619 1948 682 2011 τοῖς
715 1942 775 2001 τῶν
786 1941 824 2010 εἰς
834 1934 885 2011 τδις
896 1935 998 2016 φυλάς,
1008 1939 1058 2002 έπί
1068 1935 1119 2022 τῆν
1129 1938 1314 2022 μεριδαρχίαν

81 2026 306 2108 προςβαίνουσιν
330 2019 392 2085 ἀπὸ
417 2024 469 2123 τῆς
486 2020 683 2107 Βαβυλωνίας
716 2017 824 2085 αὐτῶν.
860 2020 919 2083 ὅοἰ
938 2022 1018 2105 ίερεϊς
1036 2023 1096 2084 υίοί
1116 2019 1229 2095 Φινεές,
1254 2021 1313 2104 υίοί

83 2110 180 2169 κτίσαι
192 2103 244 2186 τῆν
256 2100 360 2182 πόλιν,
387 2099 526 2186 ύπαρχειν
537 2101 591 2185 τῆν
603 2102 683 2166 ἐλευ-
710 2098 839 2187 Ἀαρών,
861 2098 976 2184 Ἰησούς
994 2099 1011 2166 ὁ
1031 2106 1085 2166 τοῦ
1107 2101 1241 2167 Ἰωσεδὲκ
1258 2104 1314 2164 τού

83 2193 185 2272 θερίαν
198 2186 300 2261 αύτοῒς
312 2210 343 2249 τε
355 2188 406 2250 καί
416 2196 479 2259 τοῖς
491 2181 619 2262 ἐκγόνοις
627 2184 683 2248 αύ-
716 2189 853 2265 Σαραίου
866 2187 917 2249 καί
931 2181 1053 2268 Ἰωακίμ
1071 2181 1089 2248 ό
1107 2188 1162 2249 τοῦ
1173 2179 1314 2270 Ζοροβά·

83 2274 157 2342 τῶν,
176 2270 228 2332 καί
239 2273 315 2333 πᾶσι
328 2280 391 2340 τοῖς
404 2270 505 2351 ίερεῦοι
518 2277 581 2342 τοῖς
592 2292 683 2352 προς-
715 2266 765 2352 βελ
782 2271 837 2331 τοῦ
853 2264 1014 2349 Σαλαθιῆλ
1034 2271 1066 2332 έκ
1083 2271 1138 2331 τοῦ
1157 2269 1240 2332 οίκου
1257 2271 1310 2330 τοῦ

82 2355 240 2436 βαίνουσιν.
267 2349 298 2393 ⁵⁴
312 2352 426 2433 ἔγραφε
442 2348 474 2412 δέ
491 2352 540 2414 καί
557 2347 612 2413 τ“ν
629 2375 682 2434 χο-
716 2349 822 2421 Λαυίδ,
847 2351 879 2413 ἐκ
896 2354 948 2431 τῆς
964 2354 1062 2426 γενεᾶς
1080 2349 1193 2430 Φαρές,
1219 2347 1313 2431 φυλῆς

85 2439 189 2515 ρηγίαν
212 2434 264 2495 καί
289 2430 342 2512 τῆν
361 2426 506 2514 ἰερατικῆν
524 2377 635 2513 στολῆν
653 2434 684 2495 έν
715 2430 747 2496 δὲ
756 2427 872 2506 Ἰούδα,
898 2428 958 2506 6ὃς
971 2429 1109 2515 ἐλάλησεν
1124 2434 1174 2494 ἕπί
1187 2436 1313 2514 Δαρείου

86 2519 141 2577 τίνι
160 2507 346 2598 λατρεύουσιν
361 2514 391 2574 έν
403 2509 488 2602 αύτῆ.
514 2512 543 2555 ⁸⁶
557 2517 684 2587 καὶτοῖς
716 2518 771 2577 τοῦ
782 2513 928 2598 βασιλέως
943 2519 1069 2598 Περσῶν
1085 2510 1190 2589 λόγους
1203 2509 1314 2591 σοφούς

86 2599 224 2667 Λευίταις
236 2597 347 2677 ἔγραψε
359 2595 460 2658 δοῦναι
470 2592 524 2677 τῆν
535 2601 682 2700 χορηγίαν,
716 2598 746 2659 έν
757 2600 801 2678 τῷ
813 2597 935 2676 δευτέρῳ
953 2599 1008 2659 ε’·’τει
1025 2601 1076 2679 τῆς
1092 2594 1241 2681 βασιλείας
1258 2591 1313 2657 αύ-

86 2682 140 2750 έυνς
152 2680 204 2760 τῆς
221 2672 277 2760 ῆμ’
293 2702 328 2750 ας
340 2667 374 2760 ῆς
386 2675 587 2767 ε’πιτελεσδῆο
602 2676 683 2753 οίκος
716 2682 771 2742 τοῦ
792 2681 860 2781 μηνὶ
880 2678 981 2742 Νισάν
1000 2683 1055 2743 τοῦ
1076 2674 1198 2762 πρώτου
1214 2670 1311 2779 μηνός.

83 2761 135 2823 καί
143 2702 333 2843 Ἰερουσόλῆμ
344 2759 583 2842 οἰκοδομηθῆναι.
598 2761 683 2825 66καί
717 2763 790 2825 7εἰσί
799 2761 832 2825 δε
842 2752 926 2826 οὗτοι
939 2766 969 2825 οἰ
979 2765 1010 2824 έκ
1022 2765 1074 2843 τῆς
1083 2758 1229 2834 Ἰουδαίας
1240 2785 1313 2824 ανα-

82 2846 154 2905 πᾶσι
164 2852 226 2915 τοίς
238 2845 403 2928 φρουροῦσι
412 2839 466 2925 τῆν
474 2840 560 2907 πόλιν
569 2848 681 2928 ἔγραφε
715 2840 815 2928 βάντες
832 2845 863 2907 ίκ
881 2848 932 2926 τῆς
949 2843 1147 2946 αἰχμαλωσίας
1164 2848 1214 2927 τῆς
1231 2868 1312 2925 παρ-

81 2926 182 2988 δοῦναι
208 2922 308 2999 αύτοῖς
332 2919 457 3009 νλῆρους
474 2927 524 2989 καί
548 2922 680 3011 ὀψώνια.
716 2932 818 3000 οικίας,
841 2923 892 3000 ούς
909 2951 1063 3009 μετῳκισεν
1080 2921 1312 3012 ΝαβουχοδονόἈ

81 3007 110 3049 ⁵⁷
122 3008 173 3070 καί
188 3007 365 3081 ἔξαπέστειλε
381 3001 481 3071 πάντα
498 3006 537 3071 τά
555 3005 643 3090 σκεύη
660 3005 681 3072 ά
717 3033 770 3094 σορ
792 3008 928 3094 βασιλεύς
950 3010 1133 3094 Βαβυλῶνος
1156 3014 1194 3083 εἰς
1206 3011 1312 3093 Βαβυ-

80 3086 198 3173 έχιύρισε
215 3094 316 3172 Κῦρος
334 3088 395 3152 άπὸ
412 3090 603 3174 Βαβυλῶνος.
630 3094 681 3154 καί
715 3090 805 3163 λῶνα,
831 3091 903 3153 8καί
916 3094 1101 3175 ἐπέστρεψαν
1113 3089 1310 3174 εἰςἾερουσα-

79 3167 178 3234 πάντα
194 3165 250 3234 ὅσα
266 3169 327 3235 εἶπε
345 3177 448 3255 Κῦρος
466 3177 604 3255 ποιῆσαι,
630 3175 681 3235 καί
715 3170 770 3258 λῆμ
782 3173 833 3236 καί
844 3171 898 3254 τῆν
910 3171 1015 3258 λσιπῆν
1028 3172 1177 3239 Ἰουδαίαν
1189 3179 1309 3246 ἕκαστος

80 3251 169 3327 αύτός
195 3255 316 3326 ἐπέταξε
340 3258 476 3335 ποιῆσαι,
501 3256 552 3316 καί
571 3259 678 3330 έξαπο-
714 3258 752 3327 εἰς
764 3251 818 3335 τῆν
833 3255 908 3317 ἰδίαν
919 3254 1020 3327 πόλιν,
1046 3260 1077 3317 οἰ
1093 3252 1226 3327 ἐλθόντες
1237 3250 1309 3334 μετά

79 3336 190 3398 στεῖλαι
215 3339 253 3406 εἰς
272 3331 473 3414 Ἰερουσαλήμ.
513 3337 543 3377 ⁵⁸
556 3340 606 3401 καί
631 3332 680 3399 ὅτε
714 3332 896 3420 Ζοροβάβελ,
910 3338 960 3398 καί
972 3332 1080 3415 Ἰησού,
1092 3339 1231 3416 Νεεμίου,
1245 3339 1310 3395 Ζα-

79 3417 202 3497 ἐξῆλθεν
216 3411 234 3477 ὁ
247 3421 407 3487 νεανίσκος,
429 3417 504 3496 άρας
516 3413 552 3479 τό
564 3412 680 3499 πρόςω-
713 3423 810 3499 ραίου,
819 3412 969 3498 Ῥησαίου,
978 3415 1121 3496 Ἐνηνέος,
1132 3417 1309 3497 Μαρδοχαί-

76 3523 137 3562 πον
157 3500 195 3570 εἰς
212 3492 263 3557 τόν
282 3492 408 3575 οὐρανὸν
425 3498 558 3559 ἐναντίον
570 3496 679 3582 Ἶερου-
712 3523 758 3569 ου,
771 3491 1160 3579 Βεελσάρου,Ἀσφαράσου,
1173 3493 1309 3568 Ῥεελίου,

78 3574 178 3661 σαλῆμ
201 3569 338 3654 εύλόγησε
360 3579 403 3655 τῷ
426 3576 541 3661 βασιλεῖ
556 3582 611 3641 τοῦ
628 3576 679 3641 ού·
707 3577 838 3656 Ῥοίμου,
858 3574 981 3650 Βαανά,
1006 3582 1067 3639 τῶν
1082 3578 1311 3658 προηγουμένων

78 3664 188 3744 ρανσύ,
210 3657 313 3732 λέγων.
340 3657 369 3697 ⁵⁹
381 3654 465 3741 παρὰ
478 3663 533 3721 σοῦ
545 3663 618 3742 νίκη,
631 3663 680 3723 καί
713 3656 821 3723 αὐτῶν.
846 3656 1001 3744 θᾶριθμὸς
1018 3661 1078 3722 τῶν
1096 3655 1158 3722 άπὸ
1177 3662 1233 3723 τού
1255 3659 1309 3720 έδ-

78 3739 163 3826 παρά
177 3745 232 3806 σού
246 3737 264 3820 ῆ
277 3742 382 3818 σοφία,
396 3742 446 3802 καί
458 3737 493 3821 σῆ
507 3736 619 3822 ῆδόξα,
631 3744 680 3803 καί
713 3765 779 3814 νους
792 3743 842 3804 καὶ
854 3745 885 3804 οἰ
896 3739 1108 3825 προηγούμενοι
1122 3738 1228 3804 αὐτῶν.
1250 3743 1309 3806 υίοί

78 3825 138 3900 έγώ
153 3821 206 3898 σός
222 3823 341 3903 οἰκέτης.
368 3823 400 3863 ⁶⁰
411 3818 567 3904 εὐλογητὸς
583 3821 622 3898 εί,
648 3818 680 3895 ὃς
714 3817 821 3906 Φάρος,
845 3817 900 3887 δύο
911 3820 1033 3905 χιλιάδες
1046 3825 1096 3887 καί
1108 3821 1212 3887 έκατόν
1223 3823 1309 3909 ἕβδο-

79 3901 189 3980 ἐδωκάς
205 3930 256 3989 μοι
274 3909 393 3983 σοφίαν,
417 3907 468 3968 καί
486 3907 531 3968 σοί
545 3903 680 3985 ὁμολογῶ
711 3906 905 3987 μηκονταδύο.
948 3908 1014 3970 υίοί
1026 3904 1153 3985 Σαφάτ,
1170 3905 1309 3988 τετρακό-

79 3989 212 4054 δέσποτα
231 3992 292 4051 τῶν
309 3989 454 4070 πατέρων.
481 3988 508 4028 ⁶¹
521 3989 572 4051 καί
589 3988 678 4073 ἔλαβε
712 4013 771 4052 σιοι
795 3986 1059 4072 ἑβδομηκονταδύο.
1096 3990 1126 4033 ¹⁰
1138 3991 1198 4053 υἱοὶ
1216 3988 1308 4073 Ἀρές,

78 4070 134 4144 τὰς
146 4067 311 4144 ἐπιστολάς,
333 4072 383 4133 καί
396 4068 507 4151 ἐξῆλθε,
526 4073 576 4134 καί
588 4061 678 4153 ἦλθεν
711 4066 882 4134 ἑπτακόσιοι
895 4071 1116 4152 πεντηκονταέξ.
1139 4075 1163 4114 ¹¹
1176 4075 1308 4136 υἰοίΦα-

79 4157 118 4226 εἰς
142 4152 325 4238 Βαβυλῶνα,
364 4155 415 4214 καί
439 4148 592 4234 ἆπῆγγειλε
617 4165 678 4228 τοῖς
711 4152 757 4216 διδ
769 4150 874 4238 Μωάβ
894 4157 932 4226 εἰς
950 4150 1019 4228 τούς
1042 4151 1234 4236 υἰσύςἸησσύ
1258 4157 1309 4217 καί

79 4233 220 4314 ἀδελφοῖς
238 4231 333 4297 αὐτοῦ
345 4236 427 4296 πᾶσι.
452 4234 483 4275 ⁶²
495 4232 677 4317 καίεύλόγη-
708 4233 809 4320 Ἰωὰβ,
834 4235 962 4317 διςχίλιοι
983 4230 1151 4301 ὀκτακόσιοι
1175 4231 1307 4299 δεκαδύο.

78 4342 133 4381 σαν
157 4313 210 4378 τόν
232 4313 305 4378 θεὸν
328 4319 390 4378 τῶν
410 4318 548 4400 πατέρων
569 4315 676 4392 αὐτῶν,
710 4314 932 4399 12υἰοίἨλδιμ,
951 4319 1037 4402 χίλιοι
1050 4314 1191 4383 διακόσιοι
1205 4341 1308 4397 πεντη-

76 4397 125 4463 ὅτι
145 4398 249 4460 ἰδωκεν
268 4397 369 4470 αὐτοῖς
386 4394 480 4461 άνεσιν
497 4401 547 4463 καί
564 4398 677 4479 άφεσιν,
711 4402 944 4483 κοντατέσσαρες.
972 4398 1173 4469 υίοίΖαθουί,
1187 4401 1307 4460 ἐννακο-

75 4482 106 4525 ⁶³
120 4478 265 4562 ἀναβῆναι
281 4482 331 4542 καί
348 4479 539 4561 οἰκοδομῆσαι
557 4481 609 4563 τῆν
621 4479 677 4545 ‘Iz-
711 4504 767 4544 σιοι
792 4480 1083 4564 ἑβδομηκονταπέντε.
1113 4478 1172 4540 υίοί
1196 4477 1308 4579 ζορβέ,

1216 4580 1308 4618 επτα-
