2924 4972
361 254 611 318 ΨΑΛΜΟΙ
648 250 1019 336 ρλη’-ρμα’.138-141.
1138 249 1146 257 ’
1246 257 1312 324 635

64 376 197 460 φοβερῶς
224 365 472 452 ἐθαυμαστῶθης.
510 364 666 450 θαυμάσια
707 371 782 435 λέων
807 369 908 436 αὐτῶν
925 371 1050 457 καλύψει
1070 374 1188 450 αῦτους.
1222 379 1302 441 11πε

64 456 103 521 τά
116 460 188 538 έργα
201 480 267 530 σου,
279 456 330 518 καί
343 450 360 535 ἢ
373 449 452 554 μνυχή
464 478 523 535 μου
535 448 668 529 γινώσκει
708 459 829 518 σοῦνται
854 452 898 519 ἐπ’
919 453 1026 531 αάτοῦς
1049 455 1194 543 ἀνθρακες
1216 455 1313 544 πυράς

63 539 189 624 σφόδρα.
207 537 235 581 ¹⁸
248 535 303 601 οῦκ
316 539 424 620 ἐκρυβη
438 535 473 599 τὸ
489 533 599 600 ὀστοῦν
610 561 667 617 μου
706 539 757 601 ἐπί
768 540 821 620 τῆς
832 540 896 617 γής,
908 540 959 602 καί
970 541 1146 625 καταβαλεῖς
1159 537 1270 616 αῦτοῦς
1280 546 1312 607 ἐν

64 619 126 685 ἀπὸ
141 625 194 685 σοῦ
211 615 231 682 ὃ
243 623 384 700 ἐποίησας
403 621 434 681 ἐν
446 621 559 700 τρυφή,
586 615 667 701 aab}
706 618 934 704 ταλαιπωρίαις,
948 618 984 685 οῦ
997 621 1037 706 μή
1050 622 1229 688 ὑποστῶσιν.
1243 620 1311 688 ¹²&-

63 700 228 776 ῦπόστασίς
243 728 299 782 μου
313 704 417 775 ἐντοῖς
435 688 602 764 κατωίάτω
615 705 668 782 τῆς
707 699 760 785 νήρ
782 698 959 805 γλωσσῶδης
982 702 1019 768 οῦ
1037 700 1312 786 κατευθυνθήσετιιι

62 791 122 870 γής.
162 779 425 868 16ἀκατέργαστόν
447 808 505 866 μου
530 781 609 846 εἶδον
636 785 668 846 οῦ
707 785 757 849 ἐπί
770 789 821 867 τῆς
840 789 901 866 γῆς.
929 785 1024 869 ανδρα
1041 787 1141 854 ἀδικον
1158 785 1235 853 κακά
1252 798 1312 871 θη-

63 867 223 949 ἀφθαλμοί
235 893 300 942 σου,
314 868 365 931 καί
378 869 427 931 ἐπί
439 865 475 930 τὸ
489 865 603 951 βιβλίον
616 889 668 929 σου
707 862 799 952 ρεῦσει
821 872 858 941 είς
874 868 1083 952 καταφθοράν.
1113 872 1140 912 ¹³
1156 876 1247 950 ε”γνων
1263 866 1312 936 ῦτι

63 947 169 1026 πάντες
180 944 395 1035 γραφήσονται.
407 945 517 1052 ἡμέρας
527 946 633 1012 πλασθ
644 941 668 998 '-
706 947 821 1032 ποιήσει
834 946 933 1032 κῦριος
945 948 1000 1032 τήν
1012 955 1104 1029 κρίσιν
1114 958 1168 1016 τοῦ
1178 957 1311 1038 πτωχοῦ,

64 1058 165 1097 σονται
177 1034 226 1096 καί
240 1031 340 1108 οῦθείς
354 1034 385 1097 ἐν
399 1041 507 1105 αυτοῖς.
523 1032 550 1073 ¹⁷
560 1033 624 1110 ἐμοί
634 975 668 1094 δὲ
707 1033 759 1096 καί
779 1035 832 1116 τήν
850 1033 933 1114 δίκην
949 1038 1009 1097 τῶν
1025 1030 1166 1117 πενήτων.
1192 1035 1312 1118 14πλήν

63 1115 129 1180 λίαν
147 1110 327 1197 ἐτιμήθησαν
344 1117 376 1177 οἶ
388 1113 470 1194 φίλοι
483 1137 540 1178 σου
557 1110 668 1187 ὁθεὸς,
708 1116 815 1180 δίκαιοι
841 1111 1106 1197 ἐξομολογήσονται
1125 1119 1168 1199 τῷ
1187 1112 1313 1198 ὀνόματί

64 1198 130 1261 λίαν
147 1194 396 1280 ἐκραταιῶθηοαν
412 1193 665 1279 αίάρχαὶαῦτῶν.
709 1223 780 1272 σου,
817 1193 1042 1281 κατοικήσουσιν
1067 1196 1163 1273 εῦθεῑς
1188 1196 1244 1264 οῦν
1267 1202 1311 1281 τῷ

64 1274 330 1364 18έξαριθμήσομαι
340 1277 449 1354 αὐτοὺς
461 1281 511 1342 καί
525 1274 597 1361 ῦπέρ
612 1277 667 1361 δίμ-
706 1276 858 1364 προςῶπῳ
875 1306 937 1345 σου.
989 1344 991 1349 ,

62 1389 121 1446 μον
134 1357 406 1446 πληθυνθήσονται.
433 1362 606 1446 ἐξηγέρθην,
618 1361 669 1426 καί
966 1359 1056 1427 ΡΜ’.

63 1450 108 1510 ε”τι
127 1447 181 1528 είμί
195 1445 268 1526 μετὰ
283 1449 349 1510 σοῦ.
387 1447 415 1487 ¹⁹
430 1444 483 1510 ἐάν
496 1442 670 1526 ἀποκτείνης
859 1444 985 1528 Ψαλμὸς
997 1450 1042 1529 τῷ
1055 1448 1161 1511 Δαυίδ.

63 1528 260 1612 ἁμαρτωλοὺς
278 1523 391 1603 δ’θεῦς.
418 1525 519 1632 ἀνδρες
536 1516 671 1608 αἱμάτων
707 1493 763 1591 K
761 1523 820 1614 ῦριε
832 1530 975 1612 ἐκέκραξα
984 1529 1061 1615 πρὸς
1074 1528 1107 1594 σὲ
1111 1577 1122 1605 ,
1144 1524 1312 1604 είςάκουοόν

63 1613 214 1677 ἐκκλίνασι
240 1609 291 1676 ἀπ’
312 1615 400 1692 ἐμοῦ,
425 1611 456 1653 ²⁰
470 1635 516 1675 οτι
543 1613 615 1695 ἐρεῖς
631 1612 670 1684 είς
705 1637 777 1694 μου,
802 1606 927 1696 πρόσχες
951 1616 988 1695 τή
1014 1615 1100 1704 φωνή
1121 1616 1174 1696 τῆς
1190 1608 1313 1694 δεήσεῶς

64 1690 262 1777 διὰλογισμάν.
276 1691 423 1777 λήψονται
434 1697 472 1769 είς
483 1692 670 1775 ματαιότητα
705 1720 777 1778 μου,
803 1698 833 1758 ἐν
857 1697 902 1776 τῷ
926 1683 1095 1779 κειίραγέναι
1119 1721 1154 1777 με
1170 1694 1247 1781 πρὸς
1267 1697 1310 1760 σέ.

63 1776 116 1853 τάς
133 1773 231 1852 πόλεις
252 1803 315 1843 σου.
341 1781 368 1819 ²¹
383 1777 450 1860 οῦχί
467 1774 538 1851 τοί-ς
548 1779 671 1858 μισοῦν-
706 1771 967 1860 2κατευθυνθήτω
992 1773 1012 1858 ἡ
1034 1774 1177 1863 προςευχή
1193 1802 1253 1861 μου
1271 1775 1313 1853 ῶς

63 1863 117 1936 τάς
143 1885 174 1925 σε
192 1857 272 1947 κῦριε
290 1862 432 1943 ἐμίσησα,
458 1862 509 1925 καί
530 1861 581 1923 ἐπί
598 1857 670 1932 τοῦς
706 1865 847 1941 θυμίαμα
870 1855 996 1924 ἐνώπιόν
1021 1883 1085 1924 σου.
1111 1863 1232 1945 ἔπαρσις
1252 1867 1313 1926 τῶν

63 1939 189 2029 ἐχθρούς
201 1970 254 2010 σου
268 1940 437 2026 ἐξετηκόμην
443 1970 455 2020 ,·
469 1941 612 2006 22τέλειον
620 1951 667 2023 μί-
706 1945 808 2026 χειρῶν
818 1966 875 2024 μου
886 1947 981 2006 θυσία
993 1938 1136 2027 ἐσπερινή.
1154 1945 1245 2009 8θοῦ
1259 1969 1313 2008 κυ-

64 2039 113 2102 σὸς
131 2030 251 2130 ἐμίσουν.
266 2025 389 2101 αὐτοὺς,
414 2030 453 2099 είς
465 2025 592 2110 ἐχθροὺς
604 2024 669 2101 ἐγέ-
706 2050 748 2111 ριε
761 2021 894 2108 φυλακήν
906 2027 950 2106 τῶ
963 2019 1091 2108 στόματί
1101 2052 1170 2108 μου,
1188 2028 1240 2092 καί
1251 2027 1312 2092 θῦ-

64 2135 150 2176 νοντο
163 2137 222 2194 μοι.
240 2112 268 2153 ²³
281 2104 482 2191 δοκίμασόνμε
495 2105 512 2174 ὃ
524 2105 604 2184 θεὸς,
618 2108 669 2171 καί
707 2132 762 2194 ραν
779 2113 914 2192 περιοχής
926 2109 993 2192 περί
1005 2108 1043 2172 τά
1060 2109 1139 2193 χείλη
1150 2136 1216 2192 μου.
1241 2109 1258 2150 ⁴
1270 2109 1312 2194 μή

63 2199 158 2272 γνῶθι
171 2192 222 2277 τήν
232 2194 356 2277 καρδίαν
365 2217 432 2275 μου.
446 2187 553 2256 έτασόν
563 2217 607 2273 με,
618 2191 669 2254 καί
706 2191 835 2272 ἐκκλίνης
857 2189 911 2273 τήν
934 2191 1058 2273 καρδίαν
1071 2216 1128 2272 μου
1149 2199 1186 2267 είς
1203 2188 1313 2269 λόγους

63 2283 158 2354 γνῶθι
179 2277 232 2351 τὰς
248 2280 368 2361 τρίβους
383 2300 450 2358 μου.
478 2273 509 2315 ²⁴
523 2275 574 2338 καὶ
592 2274 631 2338 ἴδε
646 2277 669 2336 εί
706 2262 861 2358 πονηρίας,
873 2278 929 2337 τοῦ
940 2277 1179 2359 προφασίζεσθαι
1191 2271 1313 2360 προφά-

63 2357 134 2433 ὁδός
147 2359 271 2439 ἀνομίας
284 2362 315 2423 ἐν
327 2359 401 2439 ἐμοὶ,
414 2357 465 2421 καί
478 2351 668 2443 ὁδήγησῦνμε
707 2382 762 2434 σεις
773 2361 804 2424 ἐν
816 2354 984 2446 ἀμαρτίαις,
1011 2353 1064 2424 σῦν
1077 2355 1249 2443 ἀνθρώποις
1264 2363 1312 2444 ἐρ-

63 2447 95 2508 ἐν
113 2439 176 2525 ὁδῶ
192 2445 305 2521 αἰωνίρ.
544 2447 548 2455 ’
706 2447 872 2521 γαζομένοις
880 2442 934 2525 τήν
943 2440 1075 2523 ἀνομίαν,
1087 2443 1139 2507 καί
1147 2441 1183 2506 οῦ
1193 2441 1232 2525 μή
1243 2467 1313 2508 συν-

314 2517 427 2586 ΡΛΘ’.
707 2523 820 2592 δοιάσω
844 2527 917 2609 μετὰ
946 2531 1007 2590 τῶν
1032 2525 1175 2589 ἐκλεκτῶν
1202 2523 1311 2589 αῦτῶν.

108 2614 121 2641 ⁰
147 2610 203 2680 Εἰς
214 2603 247 2670 τὸ
263 2606 344 2681 τέλος
355 2610 398 2688 τῷ
408 2606 506 2670 Δαυίδ
517 2606 646 2690 ψαλμος.
708 2607 1039 2692 ὅπαιδεῦσειμεδίκαιος
1048 2612 1078 2672 ἐν
1086 2609 1157 2673 ἐλέει
1167 2609 1218 2671 καί
1230 2608 1312 2685 ἐλέγ-

64 2658 219 2767 2Εξελυῦ
227 2715 261 2792 με
270 2684 349 2772 κάριε
359 2691 389 2765 ἐξ
399 2685 565 2771 ἀνθρώπου
576 2715 670 2772 πονη-
708 2695 746 2769 ξει
760 2718 804 2776 με,
818 2694 924 2759 ἔλαιον
937 2692 968 2758 δὲ
982 2689 1161 2776 ἀμαρτωλοῦ
1171 2688 1210 2775 μή
1223 2691 1313 2755 λιπα-

61 2781 129 2860 ροῦ,
144 2772 207 2838 ἀπὸ
221 2771 326 2857 ἀνδρὸς
336 2772 442 2837 ἀδίκου
452 2775 542 2858 ῥῦσαί
548 2796 590 2854 με.
605 2773 670 2837 3σ’ί-
708 2770 789 2841 νάτω
806 2776 859 2859 τήν
877 2771 1005 2859 κεφαλήν
1016 2803 1081 2857 μου.
1109 2770 1156 2839 ὅτι
1169 2779 1211 2839 ἐτι
1230 2770 1312 2857 καλή

61 2885 134 2934 τινες
159 2857 333 2934 ἐλογίσαντο
359 2855 474 2931 ἀδικίας
499 2858 529 2920 ἐν
551 2856 669 2940 καρδίᾳ,
707 2856 849 2944 προςευχή
861 2886 918 2942 μου
932 2864 964 2926 ἐν
976 2870 1041 2934 ταῖς
1050 2857 1192 2933 εῦδοκίαις
1203 2855 1309 2923 αῦτῶν.

61 2939 133 3025 ὅλην
145 2939 201 3024 τήν
215 2938 326 3025 ἡμέραν
338 2934 563 3024 παρετάσσοντο
575 2938 669 3004 πολέ-
708 2939 943 3026 6κατεπόθησαν
951 2937 1071 3026 ἐχόμενα
1082 2945 1194 3027 πέτρας
1204 2947 1234 3006 οί
1243 2965 1312 3024 κρα·

62 3051 141 3104 μους.
155 3019 326 3107 4ήκάνησαν
338 3025 478 3102 γλῶσσαν
491 3019 593 3087 αὐτῶν
602 3019 669 3097 ῶςεί
709 3027 790 3090 ταιοὶ
808 3024 918 3091 αὐτῶν.
945 3021 1123 3090 ἀκούσονται
1142 3023 1180 3090 τά
1194 3021 1311 3108 ῥήματά

63 3108 167 3189 ὄφεως,
189 3104 232 3183 ίὸς
245 3106 381 3172 ἀσπίδων
394 3103 454 3170 ὑπὸ
468 3103 507 3170 τὰ
518 3105 597 3188 χείλη
611 3103 668 3169 αά·
706 3133 766 3189 μου
782 3104 828 3173 ὅτι
842 3106 1022 3191 ήδῦνθησαν.
1050 3111 1063 3150 ⁷
1077 3105 1141 3182 ῶςιί
1153 3103 1247 3192 πάχος
1258 3110 1312 3210 γήρ

61 3190 130 3257 τῶν.
143 3189 308 3273 διάψαλμα.
328 3184 485 3272 6ιμῦλαξόν
497 3213 531 3269 με
544 3183 622 3271 κῦριι
631 3192 667 3254 ἐκ
706 3187 843 3275 διεῤῥάγη
855 3194 906 3257 ἐπὶ
914 3196 966 3275 τής
975 3197 1038 3274 γής,
1049 3192 1262 3275 διεσκορπίσθη
1273 3216 1311 3254 τα

59 3272 152 3379 ηειρὸς
177 3271 358 3357 ἀμαρτωλοῦ
367 3324 377 3349 ,
403 3270 467 3337 ἀπὸ
494 3267 667 3356 ἀνθρώπων
706 3270 784 3338 ἀστᾶ
797 3272 879 3356 ήμῶν
889 3274 974 3358 παρὰ
987 3275 1041 3339 τὸν
1056 3270 1140 3356 ἀίδην.
1153 3269 1222 3336 8ὅτι
1234 3269 1312 3354 πρὸς

59 3359 169 3424 αδίκων
182 3358 280 3432 ἐξελοῦ
297 3381 339 3437 με.
366 3359 471 3429 οἵτινες
488 3354 665 3432 ἐλσγίσαντο
707 3355 740 3421 σὲ
757 3353 836 3443 κῦριε
855 3353 934 3439 κύριε
951 3361 981 3420 οῖ
999 3356 1159 3437 ὀφθαλμοί
1170 3381 1245 3455 μου,
1261 3358 1311 3420 ἐπί

15 3484 19 3492 -
60 3442 117 3506 τοῦ
143 3436 334 3509 ῦποσκελίσαι
352 3434 391 3502 τά
410 3432 580 3523 διαβήματά
597 3463 664 3521 μου,
706 3441 754 3503 σοί
767 3437 895 3521 ήλπισα,
921 3435 960 3521 μή
974 3437 1132 3528 ἀντανελης
1146 3460 1200 3518 την
1213 3430 1311 3542 ψυχήν

41 3526 214 3606 ,ὓὲκρυψαν
228 3515 409 3603 ὑπερήφανοι
420 3521 533 3596 παγίδα
543 3547 601 3601 μοι.
614 3522 665 3584 καί
704 3546 769 3602 μου.
801 3515 962 3622 9φῦλαξόν
986 3544 1019 3602 με
1044 3516 1106 3583 ἀπὸ
1133 3518 1259 3595 παγίδος
1276 3542 1328 3603 ηςο

57 3611 171 3692 σχοινία
196 3603 332 3681 διέτειναν
356 3602 484 3678 παγίδας
506 3615 569 3677 τοῖς
592 3609 667 3668 ποσί
706 3599 924 3687 συνεστήσαντο
936 3628 996 3686 μοι,
1005 3603 1056 3667 καί
1066 3599 1129 3666 ἀπὸ
1140 3595 1311 3664 σκανδάλων

58 3716 126 3774 μου,
140 3682 259 3773 ἐχόμενα
272 3687 376 3810 τρίήλου
389 3679 552 3749 σκάνδαλον
563 3684 666 3750 ἐθεντὸ
704 3691 765 3751 τῶν
777 3687 977 3771 ἐργαζομένων
991 3684 1044 3768 τήν
1057 3683 1189 3787 ἀνομίαν.
1214 3684 1243 3784 {⁰
1256 3708 1310 3748 ιτε-

54 3800 118 3858 μοι.
132 3767 305 3869 διάψαλμαη
342 3764 412 3830 εἶπα
423 3771 469 3867 τῷ
480 3773 581 3870 κυρίῳ,
593 3762 665 3870 θεάς
705 3773 826 3834 σοῦνται
839 3773 870 3833 ἐν
879 3763 1090 3869 ἀμεριβλήστρῳ
1104 3771 1200 3871 αρτοῦ
1212 3792 1310 3874 αμμρ-

57 3882 116 3939 μον
133 3853 161 3919 εί
172 3853 222 3929 οδ,
249 3856 388 3917 ἐνωτισαι
407 3874 486 3936 κυριε
499 3873 553 3932 την
565 3873 665 3932 φωνην
704 3852 812 3926 τωλοί,
830 3876 1001 3935 καταμονας
1014 3854 1070 3933 εἶμί
1082 3855 1142 3928 ἐγω
1155 3854 1210 3926 ἕως
1223 3876 1258 3917 ου
1273 3873 1310 3916 αν

58 3933 322 4023 τήςδεήσεῶςμου.
337 3926 664 4019 8κῦριεκῦριεδῦναμις
703 3934 860 4021 παρελθω.
1202 3965 1204 3969 ·

59 4027 112 4106 τής
125 4027 273 4106 σωτηρίας
284 4045 351 4101 μου,
364 4021 539 4092 ἐπεσκίασας
551 4018 601 4083 ἐπὶ
614 4015 665 4102 τήν
945 4014 1070 4084 PMA'.
1096 4082 1100 4090 ¹

57 4101 187 4189 κεφαλήν
194 4129 257 4188 μου
269 4106 305 4182 Ιἐν
319 4098 413 4186 ήμέρᾳ
427 4100 569 4185 πολέμου.
597 4102 663 4186 9μή
703 4104 853 4178 Συνέοεως
865 4103 910 4184 τῶ
920 4103 1018 4166 Δαυὶδ
1028 4106 1060 4168 ἐν
1073 4105 1116 4185 τῷ
1129 4099 1203 4166 εἶναι
1217 4096 1309 4165 αὐτὸν

60 4190 201 4273 παραδῷς
214 4213 248 4270 με
265 4181 345 4269 κῦριε
361 4183 425 4249 ἀπὸ
439 4188 491 4267 τής
508 4187 665 4266 ἐπιθυμίας
808 4190 839 4251 ἐν
851 4190 897 4269 τῷ
910 4184 1048 4269 σπηλαίῳ
1060 4178 1211 4267 προςευχή.

56 4298 115 4355 μου
148 4268 324 4354 ἁμαρτωλῷ.
368 4268 568 4346 διελογίσαντο
598 4264 661 4332 κατ’
703 4270 717 4309 ²
766 4273 831 4350 ωνῆ
855 4293 914 4352 μου
938 4264 1014 4353 πρὸς
1034 4264 1135 4350 κῦριον
1155 4266 1308 4350 ἐκέκραξα,

56 4350 184 4437 ἐμοῦ,μή
194 4351 392 4442 ἐγκαταλίπης
399 4377 443 4432 με,
452 4345 566 4434 μήποτε
578 4347 664 4431 ῦεμω-
703 4356 788 4443 φωνή
794 4343 854 4433 μὀυ
863 4348 940 4434 πρὸς
949 4348 1050 4454 κύριον
1059 4346 1190 4433 ἐδεήθην.
1201 4349 1309 4432 3ἐκχεῶ

58 4441 161 4503 θῶσιν.
188 4430 353 4516 διάψαλμα.
385 4432 448 4516 ’οή
470 4431 583 4517 κεφαλή
609 4437 663 4496 τοῦ
703 4437 834 4499 ἐναντίον
859 4433 956 4498 αὐτοῦ
972 4458 1025 4515 την
1041 4433 1139 4514 δέησίν
1155 4456 1231 4514 μου,
1257 4429 1309 4512 τήν

57 4512 252 4598 κυκλώματος
268 4516 386 4591 αὐτῶν,
418 4511 512 4591 κὸττυς
526 4520 586 4582 τῶν
604 4540 663 4602 χει·
703 4514 812 4600 θλίψιν
821 4541 878 4599 μου
891 4513 1018 4581 ἰνῶπιον
1031 4511 1129 4579 αὐτοῦ
1138 4511 1307 4654 ἀπαγγελῶ.

1302 4617 1318 4653 ι
