2924 4972
101 203 170 276 854
444 203 748 264 ΙΕΡΕΜΙΛΣ
791 193 1016 274 Κεφ.’λδ’.39.

103 327 269 417 στράκινον,
287 333 336 392 ’ίνα
355 329 482 420 διαμείνῃ
500 323 609 410 ἡμέρας
626 326 710 392 πλεί-
744 322 789 389 'lo
809 319 878 406 αήλ.
917 323 1044 390 δοθεῖσα
1066 321 1316 411 παραδοθήσεται
1341 324 1359 407 ή

103 441 162 490 ους.
201 407 290 476 16ὅτι
314 405 411 484 οίίτως
436 408 497 474 ελπε
522 405 629 492 κύριος.
667 412 709 473 ἔτι
747 350 835 481 πόλις
853 402 931 490 αὕτη
948 411 988 482 εἰς
1005 418 1103 509 ηεῖρας
1119 408 1267 494 βασιλέως
1285 415 1359 476 Βα-

103 490 321 580 κτισθήσονται
341 490 439 576 άγροί,
464 493 516 558 καὶ
533 496 634 567 οίκίαι,
659 493 711 557 καί
746 490 892 576 βυλῶνος,
914 491 966 554 καί
982 489 1110 575 λήψεται
1126 487 1236 575 αὐτήν,
1261 493 1292 536 ²³
1305 495 1360 559 καὶ

104 579 273 664 ἀμπελῶνες
299 579 331 642 ἐν
355 581 394 668 τῇ
417 580 457 668 γῇ
481 569 588 678 ταύτη.
619 574 711 640 1ὃκαί
750 571 867 657 ἥξουσιν
882 577 913 639 οί
924 574 1076 640 Χαλδαῖοι
1093 574 1288 656 πολεμοῦντες
1303 578 1358 642 ἐπί

103 658 304 763 προςευξάμην
313 655 391 744 πρός
400 655 503 743 κόριον
510 683 583 740 μετα
596 656 711 725 τὸδοῦ-
749 657 803 741 τήν
815 655 906 723 πόλιν
923 652 1048 740 ταύτην,
1074 660 1125 723 καί
1144 653 1289 725 καόυουσι
1301 658 1357 743 τήν

103 754 154 813 ναί
164 771 198 827 με
220 769 257 809 το
276 743 390 845 ββλίον
414 748 466 825 τής
487 738 613 827 σιτήσεως
635 741 713 826 πρὸς
747 738 838 806 πόλιν
855 734 967 825 ταύτην
984 744 1015 806 ἐν
1033 742 1117 826 πυρὶ,
1136 744 1188 808 καί
1206 741 1356 810 κατακαό·

103 826 232 913 Βαροὺχ
246 829 456 911 υἱυνΝηρίου,
469 826 573 904 λέγων.
600 820 713 890 17όυῖν
749 849 835 890 σουσι
859 822 914 898 τὰς
940 827 1036 900 οἰκίας
1060 827 1092 891 ἓν
1110 824 1157 900 αἷς
1180 828 1358 908 ε’δυμιῶοαν

102 911 194 997 κύριε,
209 908 245 975 σὺ
263 913 407 992 ἐποίησας
430 909 484 974 τὸν
506 905 638 993 οὐρανὸν
661 912 712 974 καί
747 909 880 974 ἐπὶτῶν
901 903 1046 988 δωμάτων
1068 907 1169 975 αὐτῶν
1192 913 1230 997 τῇ
1249 910 1359 988 Βάαλ,

103 996 160 1080 τήν
173 998 227 1078 γῆν
240 997 278 1086 τῇ
293 989 367 1078 ίοχόι
395 1018 448 1058 σου
461 997 499 1076 τη
510 990 633 1085 μεγάλη,
660 992 713 1056 καί
748 993 800 1055 καί
817 991 955 1056 ἔσπενδον
979 988 1110 1068 σπονδάς
1127 1002 1211 1068 θεοῖς
1223 994 1360 1078 ἑτέροις,

102 1084 149 1163 τῷ
165 1082 300 1165 βραχίονί
316 1102 373 1141 σου
397 1080 442 1160 τῷ
465 1067 574 1159 όψηλῷ
598 1075 711 1158 καὶτῷ
748 1073 825 1159 πρὸς
836 1070 873 1138 τό
885 1071 1113 1160 παραπικράναι
1124 1101 1167 1159 με.
1180 1077 1211 1120 ³⁰
1219 1072 1267 1142 ὅτι
1280 1079 1361 1161 ηὀαν

101 1162 257 1248 μετεώρῳ,
284 1158 321 1225 οὔ
338 1158 379 1243 μή
397 1158 556 1252 άποκρυβή
574 1158 638 1224 ἀπὸ
655 1162 710 1223 σοῦ
749 1162 779 1222 οἶ
794 1155 988 1241 υἶοὶῗίοραήλ
1000 1161 1052 1223 καί
1071 1163 1100 1224 οἱ
1114 1160 1175 1224 υίοί
1185 1156 1290 1226 Ἰούδα
1301 1158 1359 1244 μό-

104 1242 207 1320 owen
232 1244 371 1309 18ποιῶν
395 1243 479 1317 ἔλεος
502 1247 541 1320 εῖς
566 1237 711 1328 χιλιάδας,
749 1265 793 1307 νοι
802 1244 955 1316 ποιοῦντες
965 1239 1002 1306 τὸ
1011 1239 1144 1327 πονηρὸν
1156 1240 1220 1308 κατ’
1234 1241 1361 1324 ὀφθαλ-

103 1331 156 1395 καὶ
168 1323 334 1402 άπσδιδοδς
352 1325 500 1412 ἁμαρτίας
519 1327 660 1410 πατέρων
672 1329 712 1426 είρ
748 1318 823 1407 μσός
842 1348 901 1405 μου
920 1327 952 1388 ἐκ
971 1322 1108 1409 νεότητος
1124 1323 1239 1400 αὐτῶν,
1265 1328 1293 1370 ³¹
1311 1325 1360 1392 ὅτι

102 1407 233 1486 κόλπους
245 1413 355 1475 τέκνων
368 1407 467 1475 αὐτῶν
476 1407 534 1492 μετ’
552 1405 673 1484 αὐτούς.
692 1432 711 1473 σ
749 1408 800 1473 ε’τιί
811 1407 865 1490 τήν
877 1402 970 1507 ὀργήν
982 1433 1051 1490 μου,
1063 1410 1114 1474 καί
1128 1412 1178 1475 ε’πί
1190 1408 1242 1474 τὸν
1258 1411 1360 1493 θυμόν

102 1494 174 1570 θεὸς
187 1493 205 1558 ὁ
218 1490 338 1575 μέγαςὸ
353 1491 487 1577 ἰσχυρός,
515 1489 711 1578 19κόριοςμε·
748 1516 806 1573 μου
819 1483 887 1574 ήνή
904 1490 993 1567 πολις
1010 1489 1102 1577 αδτη,
1128 1488 1177 1570 δυ’
1199 1483 1233 1577 ής
1247 1489 1360 1578 ἡμέρας

101 1571 710 1662 γάληςβουλῆς,καίδυνατόςτοῖςίργσις,
751 1571 947 1674 ᾠκοδόμησαν
963 1572 1125 1658 αὐτήνκαὶ
1144 1581 1199 1649 ἕως
1218 1579 1273 1659 τῆς
1286 1574 1360 1680 ήμέ-

103 1657 210 1734 όδεός
227 1658 244 1722 ό
262 1663 353 1740 μίγας
369 1655 388 1723 ὁ
407 1652 636 1743 παντοκράτωρ,
659 1658 711 1722 καί
750 1683 805 1741 ρας
829 1682 951 1741 ταυτης,
974 1653 1145 1734 ἀπαλλάξαι
1173 1655 1267 1743 αιἰτήν
1294 1657 1359 1728 αττό

101 1736 308 1826 μεγαλώνυμος
317 1739 426 1825 κύριος.
441 1744 472 1807 σί
486 1737 646 1844 ὀφθαλμοί
655 1766 711 1805 σου
749 1737 914 1825 προςοάπσυ
924 1767 994 1822 μου,
1018 1742 1047 1783 ³²
1055 1739 1105 1807 διά
1117 1735 1216 1818 πάσας
1229 1741 1284 1819 τάς
1296 1769 1359 1810 πο-

103 1825 213 1903 εἰςτὰς
232 1822 321 1901 ὁδοὺς
338 1828 398 1890 των
416 1829 487 1891 υίιόν
506 1828 569 1890 τῶν
586 1820 708 1907 ανδριό-
750 1830 852 1929 νηρίας
868 1828 928 1888 των
946 1828 1018 1891 υίων
1036 1821 1158 1910 Ἰσραήλ
1176 1827 1227 1891 καὶ
1243 1824 1357 1900 Ἰούδα,

103 1935 183 1984 πων,
208 1909 314 1974 δοῦναι
332 1906 452 1991 ἑκάστῳ
469 1906 549 1973 κατὰ
566 1907 623 1992 τήν
636 1905 711 1973 ὁδὸν
749 1933 792 1971 ων
808 1907 955 1990 ἐποίησαν
971 1905 1111 1992 πικράναι
1127 1935 1176 1991 με,
1203 1907 1289 1975 αδτοί
1301 1911 1355 1976 καί

103 1989 208 2057 αὐτοῦ.
234 1993 266 2035 ²⁰
277 1986 311 2065 ὃς
323 1993 468 2074 ἐποίησας
478 2001 583 2074 σημεῖα
596 1991 648 2056 καί
661 1993 711 2055 τέ·
750 1995 779 2055 οἱ
803 1989 933 2077 βασιλεῖς
958 1989 1068 2068 αὐτῶν,
1086 1995 1138 2058 καί
1163 1998 1193 2058 οῖ
1217 1991 1358 2079 ἄρχοντες

102 2100 183 2160 ρατα
196 2077 227 2139 ἐν
239 2069 443 2167 γήΑίγόπτῳ
462 2077 517 2149 ἕως
535 2077 587 2157 τῆς
600 2071 711 2159 ἡμέρας
750 2073 863 2150 αὐτῶν,
885 2076 937 2139 καὶ
961 2080 990 2141 σί
1012 2079 1096 2159 ἱερεῖς
1118 2073 1230 2151 αὐτῶν,
1253 2079 1305 2143 καί
1327 2081 1359 2143 σί

102 2153 225 2240 ταύτης,
248 2157 300 2220 καί
320 2159 351 2221 ἐν
368 2153 502 2241 Ἰσραήλ,
524 2158 575 2222 καί
596 2158 627 2223 ἐν
648 2168 711 2232 τοῖς
750 2161 903 2242 προφῆται
916 2155 1026 2234 αὐτῶν,
1052 2156 1276 2246 άνδρεςἸοόδα,
1307 2164 1359 2226 καί

104 2241 247 2344 γηγρνὲσι.
266 2244 316 2305 καί
325 2243 471 2365 ἐποίησας
480 2243 596 2325 σεαυτῷ
606 2237 710 2342 ὄνομα,
751 2245 781 2305 σί
794 2246 1000 2317 κατοικοῦντες
1013 2239 1256 2341 ΙίνἸερουσαλήμ,
1270 2244 1300 2286 ³³
1306 2246 1358 2310 καί

106 2351 147 2400 ως
165 2325 260 2409 ημίρα
275 2319 366 2406 αὕτη,
400 2326 488 2389 ΙΙκαί
504 2320 641 2409 ἐξήγαγες
657 2349 712 2389 τον
751 2323 947 2426 άπξστρεηναν
963 2351 1040 2407 προς
1059 2327 1095 2409 με’
1114 2331 1223 2401 νῶτον,
1247 2326 1357 2394 καίοι)

104 2404 180 2474 λαόν
193 2433 247 2473 σου
257 2404 379 2513 Ἰρραήλ
394 2409 426 2471 ἐκ
437 2413 490 2493 γής
504 2404 666 2485 Αἰγύπτου
678 2411 711 2474 ἐν
750 2432 919 2492 πρόςωπον.
949 2413 999 2474 καὶ
1022 2409 1142 2488 ἐδίδαξα
1164 2407 1277 2485 αὐτοὺς
1299 2409 1357 2495 ὅρ-

105 2496 233 2576 σημείοις
246 2517 296 2555 και
313 2494 343 2556 ἐν
360 2494 496 2574 τέρασιν,
510 2495 542 2557 ίν
553 2492 624 2576 χειρί
637 2517 711 2574 κρα-
750 2499 841 2574 δρου,
855 2494 906 2557 καὶ
916 2491 971 2558 οὐκ
983 2492 1111 2578 ήκουσαν
1121 2498 1162 2558 ε”τι
1172 2493 1272 2578 λαβεῖν
1281 2520 1358 2558 παι-

103 2580 193 2658 ταιᾷ,
219 2577 269 2640 καὶ
282 2578 312 2640 ἕν
324 2578 458 2661 βραχίονι
478 2574 597 2659 ὑψηλῷ,
627 2577 710 2640 22καὶ
750 2574 839 2640 δείαν.
877 2577 909 2618 ³⁴
927 2581 977 2643 καί
1003 2582 1113 2663 ε”ίίηκαν
1136 2572 1175 2640 τά
1198 2571 1357 2655 μιάσματα

104 2660 136 2723 ἐν
149 2656 279 2759 δράμασι
291 2658 440 2740 μεγάλοις,
466 2662 516 2724 καὶ
529 2660 641 2734 ἔδωκας
653 2657 709 2724 αδ-
751 2657 852 2724 αίιτών
869 2661 901 2724 ίν
919 2665 961 2743 τῷ
980 2663 1064 2746 οἴκῳ,
1092 2653 1128 2726 οὗ
1146 2655 1295 2741 ἔπεκλήθη
1313 2656 1354 2724 τό

103 2752 169 2818 τοῖς
181 2769 236 2826 την
247 2746 305 2824 γήν
318 2740 438 2824 ταύτην,
465 2739 500 2827 ἢν
513 2742 634 2823 ιόμσσας
646 2752 711 2818 τοῖς
751 2741 847 2824 ὄνομά
859 2769 916 2825 μου
929 2744 973 2809 ἐπ’
995 2744 1092 2829 αὐτῷ,
1110 2747 1142 2811 ἓν
1155 2745 1357 2825 ἆκαδαροίαις

104 2820 254 2909 πατράσιν
272 2821 382 2898 αὐταῖν,
408 2830 465 2922 γήν
483 2828 611 2909 ῥεόυοαν
630 2822 711 2903 γάλα
751 2823 861 2891 αὐτῶν.
900 2828 929 2871 ³⁵
943 2830 993 2893 καὶ
1006 2827 1201 2913 ᾠκοδόμησαν
1212 2824 1281 2902 τοὺς
1294 2830 1358 2911 βω-

103 2909 155 2972 καρ
165 2907 238 2988 “374-
278 2908 308 2947 ετ
320 2911 371 2973 καί
384 2908 559 2991 είςηλδοσαν
576 2909 710 2974 καίίλα-
748 2905 872 3013 μοὺςτῇ
889 2907 983 2976 Βάαλ
1002 2911 1073 2988 τοὺς
1091 2916 1123 2977 ἐν
1140 2908 1272 2996 φάραγγι
1290 2913 1359 2976 υίσῦ

102 2995 159 3077 βσν
171 2989 277 3075 αὐτήν,
304 2994 354 3057 καί
368 2989 422 3057 σιἰκ
436 2992 567 3076 ήκσυσαν
581 2997 633 3078 τής
645 3018 709 3072 αω-
756 2989 863 3074 Εννόμ,
877 2999 933 3058 τοῦ
947 2992 1104 3078 ἆνααίρειν
1121 2995 1195 3070 τοὺς
1208 2991 1289 3069 υίοδς
1301 2991 1359 3058 αό-

105 3079 156 3174 νής
170 3101 234 3149 σου,
248 3078 297 3138 καί
311 3080 342 3140 ἐν
358 3088 418 3151 τοῖς
436 3072 643 3161 προςτάγμαοί
655 3103 710 3142 σου
751 3081 812 3141 τῶν
838 3076 888 3143 καί
912 3075 965 3152 τάς
991 3080 1162 3162 θυγατέρας
1188 3075 1289 3143 αὐτων
1314 3081 1358 3160 τῷ

105 3182 162 3221 ουκ
175 3153 393 3240 ἐπορεύθησαν.
408 3156 531 3225 ἅπαντα
543 3156 566 3224 όί
578 3158 711 3225 εὐετείλω
750 3160 862 3263 Μολὸη
872 3156 1021 3247 βασιλεῖ,όί
1034 3160 1071 3227 οδ
1084 3164 1227 3237 συνέταξα
1240 3159 1359 3234 αὐτοῖς,

105 3237 208 3315 αὐτοῖς
234 3236 288 3304 σιἰκ
314 3243 466 3325 ἐποίησαν,
488 3245 540 3307 καὶ
564 3247 711 3327 ἐποίησαν
751 3247 802 3308 καί
821 3269 876 3307 ουκ
894 3241 984 3328 άνεβη
1004 3246 1055 3307 ἐπί
1076 3244 1203 3327 καρδίαν
1217 3268 1280 3324 μου
1301 3248 1360 3308 τοῦ

106 3328 249 3411 συμβῆναι
262 3323 367 3400 αὐτοῖς
378 3320 480 3391 πάντα
492 3325 531 3391 τά
545 3326 622 3391 κακὰ
637 3332 711 3393 ταῖν-
750 3329 872 3408 πσιήσαι
886 3323 921 3388 τὸ
930 3324 1081 3410 βδέλυγμα
1094 3330 1201 3398 τοῦτο,
1226 3324 1305 3407 πρὸς
1320 3326 1358 3391 τό

106 3435 155 3476 τα.
182 3409 214 3451 ²⁴
228 3406 293 3474 ἰδοὺ
313 3408 401 3512 ὅηλος
420 3404 480 3493 τήκει
498 3415 537 3487 είς
554 3409 608 3496 τήν
620 3409 711 3476 πόλιν
751 3413 930 3493 ἐφαμαρτεῖν
952 3406 1005 3472 τόν
1024 3407 1153 3475 Ἰούδαν.
1187 3408 1219 3450 ³⁶
1233 3411 1286 3473 καί
1306 3415 1359 3474 νῦν

107 3493 261 3580 συλλαβεῖν
278 3490 387 3577 αὐτην,
414 3492 496 3578 καίή
516 3491 603 3569 πόλις
616 3494 711 3579 ἐδόθη
752 3493 847 3568 οὕτως
859 3490 920 3557 εἷπε
938 3487 1038 3576 κόριος
1056 3488 1294 3577 ὁθεὸςἸσραήλ
1308 3496 1356 3558 ἐπὶ

107 3581 147 3651 είς
161 3589 259 3676 χεῖρας
279 3578 445 3642 Χαλδαίων
466 3583 527 3643 τῶν
543 3577 708 3660 πολεμούν-
750 3575 805 3660 τήν
817 3574 914 3652 πόλιν,
929 3571 964 3660 ἣν
978 3578 1014 3642 σὺ
1027 3575 1128 3655 λέγεις,
1141 3574 1357 3659 παραδοθήσε-

106 3682 167 3722 των
186 3654 281 3740 αυτήν
302 3656 364 3727 άπό
383 3656 546 3746 προςιόπου
564 3668 711 3748 μαχαίρας
750 3687 799 3726 ται
812 3667 852 3736 είς
863 3671 961 3745 χεῖρας
972 3660 1118 3747 βασιλέως
1126 3661 1311 3746 Βαβυλῶνος
1323 3662 1356 3722 ἐν

107 3741 158 3803 καὶ
179 3744 235 3804 τοῦ
252 3741 350 3822 λιμοῦ.
378 3743 417 3820 ὡς
435 3742 589 3828 ἐλάληοας,
615 3741 711 3820 οὕτως
748 3751 892 3829 μαχαίρᾳ,
906 3745 958 3808 καί
969 3748 999 3808 ἐν
1011 3745 1101 3828 λιμῷ,
1115 3748 1166 3809 καί
1178 3747 1208 3809 ἐν
1219 3740 1354 3807 άποστσ·

106 3824 229 3899 ἐγίνετο,
269 3824 298 3868 ²⁶
311 3831 363 3891 καί
387 3829 426 3894 οδ
451 3828 541 3906 λέγεις
564 3827 641 3914 πρὸς
664 3828 710 3911 μὲ,
750 3828 797 3919 λῇ.
830 3830 859 3871 ³⁷
873 3825 938 3893 ῑδσό
963 3827 1022 3906 ἐγὼ
1046 3828 1166 3906 συνάγω
1190 3823 1297 3899 αὐτοὺς
1322 3829 1355 3889 ἐκ

106 3909 212 3988 κτῆσαι
232 3914 349 3990 σεαυτῷ
367 3909 422 3975 τόν
439 3909 534 3995 άγρόν
555 3913 709 3996 ἀργυρίου.
749 3910 847 3993 πάσης
860 3917 913 3993 της
930 3915 993 3993 γῆς,
1021 3905 1056 3977 οὗ
1076 3913 1226 3994 διέσπειρα
1246 3906 1356 3984 αὐτοὺς

106 3989 157 4051 καί
169 3990 292 4074 ἔγραψα
307 3993 436 4077 βιβλίον,
463 3998 513 4058 καὶ
526 3993 710 4077 ἐσφραγισά-
750 3998 852 4060 ἒκεῖἐκ
865 3991 942 4086 ὀργῇ
961 4020 1036 4074 μου,
1063 3998 1175 4078 καὶτῷ
1195 3997 1284 4076 θυμῷ
1296 4019 1356 4074 μου

104 4095 173 4154 μην,
204 4075 256 4136 καί
278 4076 526 4161 ἐπεμαρτυράμην
550 4079 710 4164 μάρτυρας,
750 4079 800 4144 καί
818 4080 849 4140 ἐν
866 4079 1052 4162 παρσξυσμῴ
1068 4077 1195 4161 μεγάλῳ.
1221 4079 1273 4141 καὶ
1289 4079 1358 4140 ε’πι-

106 4156 158 4218 καῖ
170 4151 384 4240 δπόλίςῖδόθη
392 4164 708 4244 είςχεῖραςΧαλδαίων.
750 4164 873 4245 στρέψω
887 4159 997 4236 αὐτοὺς
1008 4168 1047 4237 εἷς
1064 4159 1117 4228 τόν
1128 4158 1225 4227 τόπον·
1237 4165 1356 4237 τοῦτον,

104 4238 136 4279 ²⁰
148 4241 199 4303 καί
211 4242 323 4317 ἐγένετο
336 4237 425 4316 λόγος
448 4250 549 4326 κυρίου
571 4243 647 4331 πρός
663 4246 709 4325 μὲ,
749 4250 799 4311 καί
812 4249 912 4309 καδιῶ
927 4242 1038 4320 αὐτοὺς
1053 4241 1253 4319 πεποιθότας,
1270 4243 1357 4308 38καί

103 4321 207 4399 λόγων.
243 4326 272 4366 ²⁷
289 4322 348 4400 ἐγώ
367 4321 468 4407 κύριος
488 4323 505 4388 ὁ
524 4325 594 4402 θεὸς
612 4323 710 4410 πάσης
749 4334 870 4395 ε”οονταί
880 4355 931 4410 μοι
945 4333 984 4404 εἰς
998 4328 1088 4406 λαόν,
1114 4330 1164 4393 καὶ
1177 4329 1236 4405 ἐγώ
1251 4328 1357 4410 ἔσομαι

103 4405 229 4491 σαρκός,
255 4407 295 4492 μή
317 4404 366 4473 ἀπ’
383 4411 455 4491 ἐμοῦ
475 4405 653 4509 κρυβήσεταί
665 4438 708 4489 τι,·
749 4411 854 4486 αὐτοῖς
868 4417 907 4486 εἰς
919 4409 1001 4477 θεόν.
1041 4414 1071 4454 ³⁹
1091 4408 1241 4476 καὶδιάσω
1254 4409 1358 4487 αὐτοῖς

103 4490 133 4532 ²⁸
146 4491 196 4560 διά
210 4498 305 4561 τοῦτο
317 4489 411 4568 οδτως
422 4490 482 4559 εἷπε
495 4519 596 4581 κυριος
611 4492 628 4559 ό
640 4495 709 4570 θεὸς
750 4493 820 4562 ὁδὸν
833 4497 939 4582 ἑτέραν
952 4499 1003 4561 καί
1016 4497 1139 4582 καρδίαν
1152 4497 1272 4578 ἑτέραν,
1300 4521 1355 4576 φο·

1257 4582 1356 4663 δοθῆ-
