2924 4972
1043 90 1097 141 .,,,,

147 211 211 273 22
359 197 805 267 Λσσππνοινοιυιοπ
843 128 1183 272 πεφανευῐῦλοι.

154 287 1389 314 ........-.-------—-—-------—-

146 353 249 401 ιιατσς,
263 325 313 387 καί
326 321 509 406 ἀποστρέψει
522 319 584 384 ἀπὸ
599 325 663 384 σοῦ.
680 318 752 384 11ού
782 330 881 403 χεῖρας
899 316 1006 401 αύτής,
1033 319 1083 382 καί
1100 316 1393 402 ίξαποστιλεῖαύτήν

147 405 331 509 παραδώσεις
356 405 452 469 παῖδα
470 406 514 486 τῶ
535 406 627 504 κηρίῳ
647 399 753 477 αύτσῦ,
785 405 819 466 ἔκ
831 406 890 502 ιτῆς
906 406 1001 476 οἰκίας
1026 397 1120 465 αὐτοῦ
1140 401 1193 465 καί
1212 396 1357 493 ἀποθάνῃ
1375 400 1394 466 ὁ

149 493 182 567 ’σς
199 491 406 574 προςτέθειταί
417 511 464 551 σοι
483 511 568 570 παρα
580 488 636 550 τοῦ
649 490 754 588 κυρίου
785 482 863 568 ἀνηρ
877 508 895 546 ο
908 487 1043 568 ἔσχατος,
1055 479 1088 558 ὃς
1098 482 1205 569 ἔλαβεν
1216 482 1311 584 αὐτήν
1321 486 1395 548 ἑαυ-

150 573 253 639 αύτοῦ.
267 568 374 655 11μετά
387 573 442 634 σοῦ
454 563 630 650 κατοικήσει,
644 572 675 632 ἒν
689 578 755 649 υμῖν
785 571 831 650 τῶ
847 578 990 643 γυναῖκα,
1028 564 1096 631 1ού
1113 561 1295 650 δυνήσεταισ
1316 564 1392 652 ἀνήρ

150 650 313 739 κατοικήσει
326 644 363 718 οῦ
375 651 412 716 ἀν
424 650 516 742 ἀρέσῃ
528 648 621 732 αύτῷ,
636 647 673 714 ού
685 651 755 713 θλί-
787 645 960 736 όπρότερος
972 645 990 715 5
1000 648 1209 726 ἐξαποστείλας
1218 646 1312 729 αύτήν
1322 653 1394 714 ἐπα-

151 763 215 824 ψεις
229 734 331 803 αὐτόν.
368 737 396 777 ¹⁷
410 733 465 799 οὐκ
485 734 567 798 ἔσται
579 729 678 818 πόρνη
691 730 752 797 ἀπό
786 736 960 819 ναστρέφας
969 733 1069 819 λαβεῖν
1078 728 1172 814 αῦτήν
1182 733 1279 814 ἐαυτῷ
1288 745 1393 809 γυναῖ-

149 823 327 905 θυγατέρων
350 814 484 903 Ἰσραήλ,
514 818 565 879 καί
591 814 646 880 οῦκ
671 819 755 881 ἔσται
787 841 840 890 κα,
864 814 938 899 μετά
962 814 999 880 τό
1022 818 1183 899 μιανθῆναι
1209 811 1316 898 αῦτήν,
1346 812 1394 879 ὅτι

149 899 301 991 πορνεύων
313 898 374 966 ἀπὸ
385 897 592 982 υίῶνἿσραήλ.
607 895 662 963 οῦκ
673 902 754 963 ἔσται
786 894 937 983 βδελυγμά
963 902 1043 964 ἐστιν
1065 901 1200 961 ἐναντίον
1215 904 1320 982 κυρίου
1338 903 1394 962 τοῦ

150 981 325 1070 τελεσφόρος
351 980 412 1047 ἀπό
430 985 605 1067 θυγατέρων
621 978 756 1067 Ἰσραήλ,
786 986 861 1046 θεοῦ
875 1006 944 1057 σου,
970 983 1021 1045 καὶ
1038 977 1074 1045 σύ
1086 991 1213 1062 μιανεῖτε
1224 979 1278 1065 τήν
1290 985 1346 1065 γήν
1361 977 1395 1063 ήν

150 1074 201 1136 καί
214 1067 269 1134 οῦκ
288 1071 370 1131 ε’ίνται
389 1058 585 1147 τελισκόμενος
602 1061 664 1129 ἀπό
682 1067 756 1128 υἱῶν
787 1060 888 1150 κύριος
905 1058 1005 1138 όθεός
1024 1089 1077 1129 σου
1095 1063 1200 1128 δίδωσί
1212 1090 1261 1130 σοι
1279 1067 1310 1128 έν
1324 1064 1397 1146 κλή-

149 1147 279 1239 Ἰσραήλ
318 1151 347 1193 ¹⁸
365 1147 400 1212 οῦ
425 1153 589 1233 προςοίσεις
612 1151 757 1230 μίσθωμα
789 1174 842 1233 ρῳ.
880 1147 960 1212 ὅέἀν
972 1147 1007 1212 δέ
1016 1171 1059 1222 τις
1072 1141 1148 1238 λάβῃ
1163 1157 1290 1223 γυναῖκα
1303 1173 1393 1231 προς-

150 1233 279 1322 πόρνης,
306 1230 374 1298 οῦδεΙ
388 1230 526 1313 ἄλλαγμα
545 1226 630 1306 κυνός
647 1235 686 1306 εἷς
703 1227 757 1295 τόν
789 1225 906 1311 φάτως,
931 1228 985 1295 οῦκ
1007 1225 1180 1308 ἐξελεύσεται
1199 1234 1238 1304 εἰς
1255 1226 1395 1310 πόλεμον,

152 1319 236 1385 οἷκον
253 1321 356 1402 κυρίου
369 1319 425 1380 τοῦ
442 1318 517 1379 θεοῦ
535 1339 590 1379 σου
604 1314 683 1399 πρὸς
697 1316 757 1378 πῦ-
789 1315 841 1378 καί
865 1312 922 1378 σύκ
947 1305 1178 1400 ἐπιβληθήσεται
1205 1311 1289 1396 αύτῷ
1308 1311 1397 1377 οῦδὲν

152 1426 208 1468 σαν
218 1398 311 1484 εῦχήν,
322 1394 369 1463 ότι
378 1397 526 1482 βδελυγμα
536 1402 629 1478 κυρίῳ
640 1400 683 1478 τῷ
694 1398 757 1478 θεῷ
789 1400 923 1483 πρᾶγμα.
937 1394 1042 1473 ἀθῶος
1055 1400 1139 1461 ἔσται
1153 1399 1183 1459 ἐν
1196 1400 1232 1487 τῇ
1246 1401 1327 1478 οἰκίη
1340 1393 1397 1460 αύ-

153 1511 210 1550 σου
223 1485 287 1546 ἐστί
299 1482 349 1544 καί
362 1473 523 1564 ἀμφότερα.
560 1482 589 1520 11
603 1477 658 1543 οῦκ
671 1481 758 1543 ἐκτο-
790 1485 856 1555 τοῦ,
871 1477 1005 1545 ἐνιαυτόν
1017 1485 1069 1546 ἕνα
1082 1477 1222 1565 εὐφρανεῖ
1231 1477 1284 1564 τήν
1293 1490 1397 1557 γυναῖ-

151 1578 220 1640 κιεῐς
236 1569 280 1648 τῴ
295 1561 415 1645 ἀδελφῷ
427 1588 482 1628 σου
498 1555 590 1626 τόκον
607 1558 758 1648 ἀργυρίου,
791 1588 830 1626 κα
849 1561 945 1628 αὐτοῦ
963 1557 998 1647 ἣν
1016 1562 1132 1648 ἔλαβεν.
1159 1560 1242 1626 1οῦκ
1260 1561 1397 1649 ἐνεχυρά-

152 1651 203 1716 καὶ
215 1643 304 1714 τόκον
315 1641 482 1734 βρωμάτων
518 1645 569 1708 καί
580 1639 668 1710 τόκον
680 1669 759 1709 παν·
791 1671 849 1721 σεις
859 1643 970 1730 μέλον,
996 1644 1066 1711 οῦδὲ
1079 1639 1250 1726 ἐπιμύλιον,
1274 1642 1322 1710 ότι
1335 1665 1398 1748 φυ-

152 1731 204 1808 τός
228 1726 420 1835 πράγματος,
447 1754 484 1793 ου
509 1724 561 1792 ἐὰν
583 1729 698 1793 ἐκδανεί
736 1754 759 1801 ς.
790 1727 843 1813 χήν
869 1721 958 1804 οῦτσς
975 1723 1144 1815 ἐνεχυράζει.
1183 1726 1263 1793 7ε’ἀν
1280 1727 1312 1794 δὲ
1330 1728 1396 1811 αλῷ

153 1819 234 1897 1οτῷ
247 1814 398 1898 ἀλλοτρίῳ
412 1815 559 1886 ἐκτσκιεῖς,
572 1817 617 1893 τῷ
629 1810 659 1877 δὲ
673 1809 724 1875 ἀδε
791 1813 955 1898 ἀνθρωπος
984 1811 1120 1877 κλέπτων
1151 1808 1248 1894 ψυχήν
1278 1817 1310 1876 ἐκ
1335 1816 1397 1878 τῶν

153 1903 202 1980 φῶ
217 1923 270 1961 σου
284 1894 339 1960 οῦκ
352 1898 499 1970 έκτοκιεῖς,
510 1899 559 1959 ίνα
572 1888 717 1988 εῦλογήσῃ
730 1917 760 1958 σε
792 1895 928 1978 ἀδελφῶν
941 1892 1035 1961 αῦτοῦ
1048 1899 1108 1960 τῶν
1119 1898 1191 1958 υῖῶν
1200 1893 1334 1981 Ἰσραήλ,
1346 1897 1398 1958 καί

153 1977 251 2065 κύριος
265 1975 282 2044 5
296 1973 366 2053 θεός
379 2002 436 2042 σου
454 1980 486 2042 ἐν
497 1980 573 2043 πᾶσι
589 1989 652 2053 τοῖς
664 1981 760 2064 έργοις
792 1979 1070 2054 καταδυναστεύσας
1105 1974 1197 2042 αὐτὸν
1228 1975 1397 2051 ἀποδῶται,

153 2090 209 2129 σου
222 2065 272 2126 ἐπὶ
283 2066 335 2145 τῆς
346 2065 413 2144 γῆς,
437 2065 476 2136 εἷς
488 2056 524 2145 ἢν
537 2059 688 2155 είςπσρεύῃ
702 2063 762 2125 ἐκεῖ
792 2061 993 2129 ἀποθανεῖται
1016 2057 1034 2125 5
1051 2061 1178 2144 κλέπτης
1196 2063 1309 2137 ἐκεῖνος.
1347 2063 1398 2126 καί

154 2147 374 2232 κληρονομῆσαι
391 2139 495 2228 αὐτήν.
531 2146 559 2186 ²¹
573 2142 624 2209 ίάν
640 2145 672 2210 δὲ
690 2141 758 2235 εῦξῃ
793 2149 903 2233 ἐξαρεῖς
915 2144 969 2211 τὸν
987 2144 1124 2230 πονηρὸν
1141 2147 1172 2219 ἐξ
1191 2142 1270 2247 ὑμῶν
1288 2143 1397 2210 αὐτῶν.

154 2228 239 2314 εῦχήν
251 2234 342 2314 κυρίῳ
355 2231 400 2311 τῷ
416 2231 479 2310 θεῷ
491 2253 560 2304 σου,
586 2226 623 2294 σύ
639 2239 760 2315 χρονιεῖς
792 2226 940 2315 11πρόςεχε
959 2233 1071 2312 σεαυτῷ
1091 2232 1121 2291 ἐν
1140 2233 1177 2320 τῃ
1197 2231 1261 2320 αφῇ
1278 2232 1332 2314 τῆς
1348 2228 1398 2292 λέ-

155 2311 322 2378 ἀποδοῦναι
341 2308 450 2393 αύτήν,
476 2307 522 2377 ότι
537 2314 665 2397 ἐκζητῶν
678 2314 761 2395 ἐκζη-
792 2339 879 2399 πρας.
917 2306 1033 2403 φυλάξῃ
1062 2305 1180 2416 σφόδρα
1204 2319 1297 2376 ποιεῖν
1319 2308 1399 2377 κατὰ

154 2392 232 2481 τήσει
245 2390 345 2482 κύριος
356 2390 374 2460 5
387 2390 457 2470 θεός
470 2421 526 2461 σου
534 2393 621 2481 παρά
631 2398 698 2471 σοῦ,
709 2396 761 2459 καὶ
793 2390 894 2462 πάντα
910 2395 965 2461 τόν
979 2390 1071 2477 νόμον
1089 2390 1125 2458 όν
1141 2420 1179 2459 αν
1192 2392 1398 2473 ἀναγγείλωσιν

155 2482 238 2544 ἔσται
252 2483 283 2544 ἐν
293 2480 342 2544 σοί
352 2476 464 2566 άμαρτί
484 2529 491 2543 .
510 2479 597 2545 12ἐάν
607 2478 638 2544 δὲ
650 2476 691 2564 μή
703 2481 761 2543 θέ-
795 2476 862 2563 ύμῖν
878 2483 909 2544 οἱ
927 2483 1009 2565 ἱερεῖς
1023 2482 1054 2542 οἱ
1066 2484 1200 2543 Λευῖται.
1227 2474 1263 2544 ὃν
1281 2474 1399 2565 τρόπον

154 2562 207 2652 λης
226 2562 384 2640 εῦξασθαι,
411 2561 467 2628 ούκ
480 2566 543 2628 έστι
557 2565 588 2626 ἐν
601 2565 650 2628 σοί
663 2559 760 2648 ἀμαρ-
793 2562 971 2648 ἐνετειλάμην
993 2558 1074 2644 ύμῖν,
1100 2557 1276 2640 φυλάξασθε
1293 2574 1399 2628 ποιεῖν.

154 2652 214 2710 τία.
248 2648 277 2688 ²³
292 2644 331 2710 τά
343 2641 557 2751 ἐκπορευόμενα
569 2643 618 2710 διά
631 2649 691 2710 τῶν
702 2671 761 2730 χει·
793 2642 965 2732 11μνήσθητι
978 2641 1038 2710 ὅσα
1051 2648 1170 2728 ἐποίησε
1183 2641 1284 2731 κύριος
1297 2642 1314 2711 5
1327 2641 1400 2720 θεός

155 2728 229 2793 λέων
241 2754 296 2792 σου
310 2724 435 2818 φυλάξῃ,
446 2755 496 2791 και
505 2722 636 2808 ποιήσεις
647 2724 707 2792 όντ
727 2724 761 2793 ό·
794 2756 850 2796 σου
863 2736 898 2823 τῃ
913 2726 1045 2816 Μαριάμ
1058 2731 1089 2793 ἐν
1101 2734 1138 2810 τῆ
1152 2724 1226 2810 ὁδῶ,
1239 2732 1399 2813 ἐκπορευο-

154 2833 215 2875 πον
228 2809 306 2893 ηύξω
318 2815 411 2894 κυρίῳ
425 2814 468 2892 τῷ
481 2814 544 2893 θεῷ
556 2804 644 2891 δόμα,
660 2806 678 2875 5
690 2754 762 2876 ἐλά·
793 2816 885 2895 μένων
899 2808 978 2897 ῦμῶν
991 2814 1022 2889 ἐξ
1033 2800 1204 2890 Αἰγύπτου.
1217 2811 1303 2877 111ἐάν
1316 2813 1400 2894 ὀφεί-

154 2895 246 2977 λησας
258 2897 303 2977 τῳ
316 2896 443 2974 στόματί
455 2917 520 2958 σου.
794 2898 873 2980 λημα
886 2886 905 2989 η’
920 2900 1006 2981 ἐντῷ
1022 2895 1064 2960 πλ
1085 2901 1151 2960 σίον
1163 2919 1230 2972 σου,
1255 2891 1400 2978 ὀφείλημα

221 2984 233 3010 ⁹
334 2982 368 3040 Κ
380 2982 409 3038 E
422 2979 460 3038 Φ.
504 2973 581 3039 ΚΔ.
794 2976 909 3057 ὁτιοῦν,
939 2976 994 3044 οῦκ
1018 2923 1158 3070 εἰςελκύσῃ
1174 2981 1213 3054 εἰς
1231 2975 1285 3063 τήν
1301 2983 1400 3044 οἰκίαν

156 3028 284 3123 11Εάν
307 3058 340 3124 δέ
364 3057 497 3150 είςέλθῃς
512 3063 552 3134 εἷς
567 3054 681 3143 ἀμητόν
705 3065 762 3127 τοῦ
794 3061 892 3129 αὐτοῦ
906 3058 1074 3148 ἐνεχυράσαι
1091 3058 1127 3126 τό
1146 3065 1281 3147 ἐνέχυρον
1294 3060 1398 3128 αῦτυῦ.

155 3142 282 3226 πλησίον
295 3166 359 3216 σου,
371 3141 423 3204 καὶ
434 3140 572 3224 συλλέξῃς
583 3145 613 3206 ἐν
624 3154 688 3218 ταῖς
696 3170 762 3230 χερ-
793 3149 818 3187 11
831 3149 891 3222 ἔξω
904 3144 1009 3231 στήσῃ,
1035 3148 1085 3210 καί
1103 3143 1120 3210 5
1134 3143 1299 3226 ἀνθρωπος
1311 3137 1350 3210 οῦ
1362 3143 1398 3210 τό

157 3232 187 3290 σί
205 3251 259 3290 σου
278 3218 398 3329 στάχυς,
422 3226 473 3287 καί
489 3217 636 3308 δρέπανον
660 3223 697 3292 οῦ
720 3224 761 3312 μή
793 3224 905 3295 δάνιιόν
918 3219 1068 3298 σσυ1ίστίν
1080 3232 1112 3293 ἒν
1125 3225 1219 3312 αύτῷ,
1233 3230 1337 3303 ἐξοίσει
1351 3254 1399 3293 σοι

157 3304 298 3396 ε’πιβάλῃς
307 3310 345 3372 ἐπ
365 3304 478 3391 ἀμητόν
492 3313 546 3375 τοῦ
557 3309 685 3413 πλησίον
695 3337 759 3376 σου.
794 3311 829 3378 τὸ
843 3315 977 3399 ἐνέχυρον
993 3315 1063 3388 ἐξω.
1089 3315 1116 3353 ¹²
1129 3308 1181 3375 ε’ἀν
1197 3309 1229 3375 δὲ
1243 3306 1260 3374 5
1274 3308 1399 3396 ἀνθρω-

157 3393 188 3434 ²⁴
202 3391 253 3457 ε’ἀν
275 3389 307 3457 δέ
331 3391 460 3485 εῑςέλθῃς
477 3396 515 3467 εἰς
533 3389 586 3458 τόν
603 3393 761 3476 ἀμπελῶνα
792 3423 852 3470 πος
873 3399 1015 3481 πένηται,
1041 3394 1078 3460 ού
1103 3389 1271 3487 κοιμηθήσῃ
1300 3398 1331 3458 ἐν
1355 3399 1399 3476 τῷ

157 3481 213 3543 τοῦ
237 3476 362 3560 πλησίον
387 3500 458 3553 σου,
490 3482 571 3568 φαγῇ
598 3476 761 3561 σταφυλήν,
793 3476 917 3566 ἐνεχύρῳ
932 3479 1036 3544 αὐτοῦ.
1074 3480 1101 3519 ¹³
1115 3474 1261 3542 ἀποδόσει
1273 3474 1399 3543 ἀποδῶ·
1430 3504 1434 3509 ·

157 3555 231 3626 όσον
251 3557 349 3645 ψυχήν
363 3585 418 3624 σου
435 3559 653 3643 ἐμπλησθῆναι,
679 3565 718 3636 είς
730 3558 762 3624 δὲ
794 3588 850 3636 σεις
873 3564 909 3628 τὸ
927 3566 1062 3647 ἐνέχυρον
1080 3559 1177 3626 αὐτοῦ
1196 3559 1273 3646 πρὸς
1289 3559 1400 3643 δυσμάς

157 3642 247 3721 ἀγγος
260 3642 314 3708 οῦκ
326 3637 461 3732 ἐμβάλῃς.
495 3646 508 3683 1
521 3641 573 3705 ἐὰν
585 3643 620 3707 δέ
630 3669 672 3718 τις
684 3640 760 3736 λάβῃ
794 3640 889 3728 ήλίου,
904 3647 954 3711 καί
967 3640 1178 3728 κοιμηθήσεται
1190 3648 1221 3709 ἐν
1234 3647 1278 3725 τῷ
1291 3648 1399 3725 ίματίῳ

157 3737 297 3802 γυναῖκα,
327 3725 378 3788 καλ
407 3718 564 3819 συνοικήσῃ
589 3724 681 3820 αὐτῇ,
711 3729 762 3793 καί
794 3727 899 3804 αὐτοῦ,
913 3722 1125 3810 καὶεύλογήσει
1138 3751 1178 3802 σε,
1195 3727 1340 3791 καίέσται
1353 3752 1401 3790 σοι

158 3809 241 3872 ἔσται
260 3804 367 3911 έάνμή
381 3802 451 3900 εῦρῃ
461 3803 547 3910 χάριν
560 3812 693 3876 ἐναντίον
706 3809 763 3875 αῦ-
794 3809 972 3896 ἐλεημοσύνη
990 3816 1124 3876 ἐναντίον
1140 3816 1242 3896 κυρίου
1257 3813 1310 3873 τοῦ
1323 3813 1402 3874 θεοῦ

159 3894 224 3967 τοῦ,
238 3886 284 3954 ὅτι
297 3914 377 3975 ευρεν
389 3894 421 3955 ἐν
433 3896 511 3983 αυτῇ
521 3889 652 3978 ἀσχημσν
664 3898 762 3999 πρᾶγ·
794 3920 854 3959 σου.
880 3896 910 3937 ¹⁴
922 3893 976 3961 οῦκ
989 3890 1176 3978 ἀπαδικήσεις
1187 3888 1298 3976 μισθόν
1309 3895 1402 3976 πένη-

158 3999 215 4053 μα,
241 3975 291 4037 καί
311 3968 422 4059 γράφει
445 3972 523 4066 αὐτῇ
546 3977 660 4063 βιβλίον
684 4003 763 4042 απο-
794 4003 844 4052 τος
857 3980 907 4042 καί
923 3980 1036 4053 ἐνδεοῦς
1054 3982 1086 4042 ἐκ
1104 3981 1166 4043 τῶν
1182 3975 1319 4056 ἀδελφῶν
1337 4002 1402 4051 σου,

160 4062 292 4130 στασίου,
316 4059 367 4120 καὶ
378 4052 465 4120 δώσει
479 4063 517 4131 εἰς
530 4057 583 4134 τάς
598 4071 695 4145 χεῖρας
707 4057 763 4126 αύ-
799 4060 813 4083 '¹
826 4064 858 4124 ἐκ
871 4066 932 4127 τῶν
944 4057 1138 4146 προςηλύτων
1150 4064 1212 4125 τῶν
1224 4063 1255 4123 ἐν
1268 4070 1333 4135 ταῖς
1343 4054 1403 4123 πό-

161 4144 221 4220 της,
234 4142 285 4202 καὶ
298 4140 488 4215 ἐξαποστελεῖ
498 4140 591 4225 αύτήν
608 4147 640 4206 ἐκ
653 4146 705 4226 τής
718 4147 762 4207 οῖ-
795 4089 858 4208 λεσί
869 4171 932 4210 σου.
950 4142 1157 4229 11αῦθημερόν
1169 4138 1337 4216 ἀποδώσεις
1349 4139 1403 4208 τόν

159 4229 224 4297 κίας
238 4221 345 4299 αὐτοῦ,
369 4225 444 4286 2καὶ
457 4222 635 4290 ἀπελθοῦσα
645 4228 763 4308 γένηται
793 4226 902 4310 μισθόν
914 4227 1020 4303 αὐτοῦ,
1039 4228 1094 4293 οῦκ
1107 4223 1276 4293 ἐπιδύσεται
1289 4223 1307 4290 ὁ
1322 4221 1403 4309 ήλιος

159 4302 244 4401 ἀνδρὶ
268 4308 376 4390 ἑτέρῳ,
414 4308 428 4348 ³
441 4310 491 4370 καὶ
510 4305 616 4401 μισήσῃ
634 4306 727 4393 αύτήν
745 4307 762 4374 5
796 4309 839 4374 ἐπ’
853 4310 947 4395 αύτῷ,
962 4307 1009 4377 ότι
1022 4313 1111 4395 πένης
1124 4312 1198 4385 ἐστὶ,
1211 4311 1263 4373 καὶ
1275 4312 1307 4373 ἐν
1317 4306 1404 4391 αύτῷ

159 4388 236 4474 ανήρ
250 4386 267 4454 5
280 4393 418 4474 ὲίνχατος,
443 4394 493 4454 καὶ
509 4386 613 4483 γράιγῃ
627 4390 704 4485 αὐτῇ
716 4398 763 4479 βι-
795 4397 849 4478 ἔχει
874 4391 927 4477 τήν
951 4395 1073 4469 ἐλπίδα,
1106 4395 1158 4458 καὶ
1182 4386 1405 4478 καταβοήσεται

157 4471 241 4558 βλίον
259 4470 459 4550 ἀποστασίου,
485 4477 536 4537 καὶ
553 4473 637 4541 δῶσιν
656 4474 763 4551 εἰςτὰς
796 4474 874 4542 κατὰ
890 4481 946 4543 σοῦ
965 4476 1041 4564 πρὸς
1058 4473 1174 4564 κύριον,
1200 4477 1354 4541 καλέσσαι
1373 4478 1405 4621 ἐχ

1357 4578 1390 4621 οο
