2924 4972
160 221 222 288 448
274 209 766 280 ΠΑΡΑΛΕιηοΜιιΝεεΝ
789 208 923 269 Am
966 193 1178 305 πεπρ-’.μα
1175 195 1224 265 14.
1240 202 1355 306 ¹¹·-

159 364 231 420 χους
243 339 293 401 καὶ
304 330 402 407 πύλας
419 332 470 396 καί
480 325 622 434 μοχλούς,
641 324 768 392 ἐνώπιον
800 325 995 407 καταλείπητε
1013 320 1114 399 αῦτδν,
1139 322 1349 406 ἐγκαταλείψει
1374 321 1409 388 ύ-

160 425 212 502 της
231 424 284 501 γῆς
303 412 496 502 κυριεύσομεν.
524 409 571 475 ότι
588 408 693 484 καθείς
709 412 768 486 ε’ξε-
800 412 865 491 μῦς.
891 409 906 450 ³
920 410 972 472 καί
984 407 1087 492 ἡμέραν
1100 406 1214 472 πολλαί
1226 410 1270 489 τῷ
1283 405 1412 510 Ἰσραήλ

161 498 325 587 ζητήσομεν
337 494 437 582 κύριον
450 493 585 559 τὸνθεόν
599 491 688 577 ήμῶν,
711 496 770 568 ε’ξε-
802 496 833 556 ἑν
846 488 883 557 οῦ
895 495 960 573 θεῷ
972 488 1109 573 ἀληθινῷ
1120 493 1171 553 καὶ
1184 487 1238 573 οὐχ
1257 493 1358 574 ἱερέως
1376 518 1412 555 υ·

164 584 282 668 ζήτησεν
306 581 395 667 ἡμᾶς,
419 581 472 642 καί
495 579 679 641 κατέπαυσεν
695 572 771 658 ἡμᾶς
801 575 1022 649 ποδεικνῦντος,
1047 577 1141 638 καὶέν
1160 573 1196 636 οῦ
1209 571 1300 678 νόμῳ.
1328 574 1414 641 *καί

163 664 321 742 κυκλόθεν,
345 666 396 727 καί
417 657 570 725 εῦεόδωσεν
588 655 665 761 ήμῐν.
692 659 772 722 8καί
803 658 975 740 ἐπιστρέφει
999 654 1110 729 αύτούς
1135 659 1185 720 ε’πί
1211 680 1312 740 κυριον
1335 657 1413 724 θεὸν

164 755 278 829 ἐγένετο
295 743 415 829 δύναμις
435 749 479 827 τῷ
498 740 574 807 Ἀσά
593 736 771 826 οπλοφόρων
799 738 932 823 Ἰσραήλ,
947 743 999 804 καί
1010 735 1198 824 εὑρεθήσεται
1211 738 1325 814 αὐτοῖς.
1339 741 1412 807 ὅκαί

165 827 312 917 αίρόντων
336 825 461 911 θυρεούς
482 829 532 890 καί
551 819 665 910 δόρατα
685 826 716 887 ίν
732 849 770 923 νη
803 846 834 886 εν
845 846 944 904 εκεινῳ
964 827 1008 905 τῷ
1025 826 1122 907 καιρῷ
1139 820 1194 885 οῦκ
1212 825 1293 887 ἔστιν
1310 822 1410 909 εἰρήνη

162 911 280 996 Ἰούδᾳ,
292 906 460 997 τριακόσιαι
471 903 606 993 χιλιάδες,
624 908 676 971 καί
689 911 721 972 ίν
732 932 770 1000 νη
803 910 847 990 τῷ
859 909 1079 989 ἐκπορευομένῳ
1089 908 1140 970 καί
1152 909 1196 987 τῷ
1208 910 1411 991 είςπορευομέ-

165 998 307 1080 Βενιαμίν
320 995 485 1060 πελτασταί
502 993 554 1055 καί
571 986 689 1066 τοξόται
706 991 772 1055 δια·
803 1013 860 1071 νῳ,
886 985 932 1052 ότι
951 991 1085 1064 ἔκστασις
1101 994 1206 1073 κυρίου
1226 992 1276 1053 ε’πί
1292 987 1412 1067 πάντας

165 1077 262 1147 κόσιαι
276 1081 328 1143 καί
341 1072 525 1159 ὀγδοήκοντα
536 1071 676 1158 χιλιάδες,
695 1069 773 1138 πάν·
803 1071 876 1146 τούς
895 1075 1105 1146 κατοικοῦντας
1122 1072 1177 1146 τάς
1194 1067 1301 1156 χώρας.
1328 1076 1345 1116 ¹¹
1359 1077 1412 1139 καί

165 1190 212 1239 τες
224 1157 307 1227 οῦτοι
319 1159 493 1242 πολεμισταί
505 1152 659 1238 δυνάμεως.
694 1158 710 1198 ⁹
722 1156 774 1220 καὶ
804 1150 960 1238 πολεμήσει
973 1158 1061 1230 ἔθνος
1072 1151 1149 1240 πρός
1160 1159 1250 1230 ἔθνος
1263 1159 1314 1220 καί
1325 1154 1413 1232 πόλις

165 1248 289 1331 ἐξῆλθεν
301 1244 344 1309 ἐπ’
360 1241 469 1317 αὐτούς
481 1238 563 1324 Ζαρὲ
576 1238 731 1323 ὁΑίθίοφ
742 1243 773 1303 ἐν
804 1236 882 1324 πρός
893 1232 999 1313 πόλιν,
1014 1235 1061 1303 ότι
1074 1234 1091 1302 ό
1107 1236 1178 1313 θεὸς
1190 1241 1342 1323 ἐξέστησεν
1356 1240 1413 1306 αῦ-

166 1327 283 1412 δυνάμει
301 1331 332 1393 ἐν
348 1327 453 1411 χιλίαις
457 1320 578 1428 χιλιάσι
596 1325 647 1388 καί
664 1319 773 1408 ἅρμασι
804 1321 877 1396 τοῦς
888 1325 918 1385 ἐν
931 1317 1014 1415 πόση
1026 1322 1139 1402 θλίψει.
1154 1323 1223 1385 7καὶ
1237 1319 1317 1405 ὑμεῖς
1330 1321 1414 1409 ἰσχύ-

166 1417 364 1498 τριακοσίοις,
389 1407 611 1491 καίηλθενὲως
624 1401 773 1491 Μαρησά.
807 1430 877 1470 σατε
900 1407 952 1470 καί
973 1408 1015 1489 μή
1039 1405 1249 1470 ἐκλυέσθωσαν
1271 1410 1305 1470 αἱ
1323 1421 1413 1494 χεῖρες

166 1496 252 1558 10καί
264 1489 465 1575 δξῇλθενἈσά
479 1494 517 1564 εἰς
530 1485 705 1570 συνάντησιν
717 1486 774 1552 αῦ-
808 1485 902 1569 ὑμῶν,
927 1483 974 1552 ὅτι
987 1492 1050 1553 ε”στι
1062 1487 1170 1571 μισθός
1187 1493 1223 1570 τῆ
1238 1492 1365 1575 ἐργασίᾳ
1379 1490 1413 1556 ύ-

168 1582 228 1660 τῴ,
254 1577 304 1640 καί
328 1568 518 1679 παρετάξατο
542 1568 673 1653 πόλεμον
692 1573 722 1634 ἐν
737 1575 775 1662 τῇ
806 1576 879 1655 μῶν.
917 1572 995 1636 8ναί
1012 1576 1043 1636 ἓν
1059 1577 1103 1656 τῷ
1123 1565 1252 1636 άκοῦδαι
1270 1572 1342 1648 τούς
1360 1571 1413 1639 λό-

168 1655 301 1761 φάραγγι
313 1657 522 1740 καταΒοῤῥῦν
531 1650 679 1738 Μαρησά.
692 1659 717 1695 ¹¹
726 1656 776 1717 καί
806 1680 878 1733 γους
889 1649 1013 1730 τούτους
1030 1658 1080 1720 καί
1096 1652 1148 1739 τήν
1165 1663 1350 1741 προφητείαν
1362 1659 1414 1721 Ἀ-

174 1748 184 1768 ’
203 1737 368 1825 οησενἈσίι
380 1736 456 1822 πρὸς
469 1734 504 1800 κύ
524 1763 571 1803 ιον
583 1734 656 1802 θεόν
669 1734 775 1810 αὐτοῦ,
808 1735 866 1803 δόδ
877 1743 932 1802 τοῦ
944 1735 1112 1843 προφήτου,
1135 1741 1185 1802 καὶ
1196 1745 1351 1824 κατίσχυσε
1363 1743 1415 1808 καί

168 1828 218 1891 καί
231 1823 300 1888 εἷπε.
314 1820 404 1907 κύριε,
415 1820 471 1886 οῦκ
483 1764 624 1886 ἀδυνατεῖ
633 1817 718 1907 παρά
730 1822 777 1885 σοί
808 1821 925 1907 ἐξέβαλε
949 1846 989 1884 τα
1002 1818 1200 1970 Ᾱθδελύγματα
1226 1820 1288 1887 άπὸ
1314 1819 1414 1906 πάσης

169 1905 269 1984 σώζειν
282 1909 313 1971 ἰν
324 1906 450 1979 πολλοῖς
461 1909 512 1969 καί
530 1908 560 1968 ἐν
573 1901 690 1982 ὀλίγοις,
702 1929 776 1968 κατ·
808 1909 860 1988 τῆς
871 1909 924 1986 γῆς
940 1900 1001 1969 Ἰού
1019 1931 1040 1968 α
1057 1907 1108 1970 καί
1125 1907 1265 2009 Βενιαμίν
1281 1909 1332 1970 καί
1345 1903 1412 1972 ἀπὸ

170 1997 289 2075 ίσχυσσν
305 1985 382 2074 ἡμᾶς
399 1983 478 2073 κύριε
491 1983 508 2051 ὁ
522 1983 592 2061 θεός
604 1983 701 2071 ἡμῶν,
729 1982 776 2050 ότι
807 1992 868 2052 τῶν
879 1983 998 2053 πόλεων
1010 1980 1053 2052 ὦν
1065 1995 1203 2073 κατέσχεν
1223 1984 1370 2076 Ιεροβοάμ
1381 1993 1415 2056 ἐν

169 2075 221 2138 ἐπί
237 2073 284 2138 σοί
301 2072 498 2154 πεποίθαμεν,
520 2073 572 2135 καί
584 2073 634 2136 ἐπὶ
646 2074 690 2153 τῷ
704 2063 777 2136 όνό-
808 2069 869 2157 όρει
879 2068 1018 2157 Ἐφραίμ,
1030 2075 1081 2138 καί
1091 2077 1243 2138 ἐνεκαίνισε
1252 2070 1288 2137 τὸ
1299 2085 1413 2140 θυσια·

165 2162 242 2242 ματί
258 2180 313 2220 σου
330 2153 463 2239 ἤλθομεν
480 2156 532 2219 ἐπί
548 2152 583 2218 τὸ
602 2152 722 2239 πλῆθος
738 2153 776 2219 τὸ
808 2150 928 2239 στήριον
944 2160 1061 2241 κυρίου,
1080 2153 1100 2220 δ
1118 2145 1155 2241 ἧν
1172 2159 1344 2240 ἔμπροσθεν
1358 2164 1413 2223 τοῦ

168 2236 250 2305 πολύ
274 2243 375 2304 τοῦτο.
402 2233 484 2323 κύριε
509 2232 618 2313 ὁθεδς
637 2235 720 2322 ήμῶν
735 2235 775 2322 μή
809 2244 882 2303 ναοῦ
900 2245 1012 2324 κυρίου.
1051 2242 1129 2304 9καί
1146 2240 1346 2322 ἔξεκκλησίασε
1359 2240 1414 2308 τὸν

169 2316 374 2406 κατισχυσάτιο
415 2317 493 2404 πρός
531 2321 565 2387 σὲ
603 2319 774 2403 ἅνθρωπος.
803 2317 924 2387 Ἰούδαν
936 2327 988 2388 καί
999 2327 1144 2406 Βενιαμίν
1160 2326 1211 2388 καί
1222 2319 1292 2399 τούς
1303 2351 1414 2409 προςη-

169 2408 197 2448 ¹²
210 2408 261 2471 καί
277 2399 404 2482 ἐπάταξε
421 2401 521 2493 κύριος
533 2401 604 2480 τούς
616 2407 776 2480 Αἰθίοπας
807 2400 915 2480 λύτους
927 2403 997 2481 τούς
1010 2412 1228 2492 παροικοῦντας
1239 2406 1298 2490 μετ’
1317 2406 1414 2473 αὐτοῦ

170 2492 302 2555 ἐναντίον
311 2484 421 2565 Ἰούδα,
435 2491 486 2554 καί
498 2493 607 2570 ἔφυγον
615 2489 776 2563 Αἰθίοπες,
808 2485 871 2552 ίιπδ
894 2485 1024 2574 Ἐφραίμ
1042 2493 1093 2555 καί
1111 2489 1174 2555 άπὸ
1191 2496 1345 2575 Μανασσῆ
1364 2495 1415 2556 καί

169 2573 197 2614 ¹³
209 2575 261 2637 καί
279 2574 449 2650 κατεδίωξεν
465 2571 574 2648 αὐτούς
592 2569 667 2637 Ἀσά
683 2574 735 2636 καί
758 2566 776 2636 δ
808 2569 873 2637 άπὸ
885 2570 1022 2654 Συμεών,
1048 2570 1095 2638 ὅτι
1107 2579 1328 2659 προςετέθησαν
1338 2573 1415 2659 πρὸς

170 2655 243 2729 λαὸς
262 2653 356 2720 αὐτοῦ
378 2662 433 2730 ίιος
451 2651 564 2739 Γεδεόρ.
602 2658 654 2719 καί
671 2657 777 2719 ἔπεσον
808 2652 902 2720 αὐτόν
914 2656 1026 2720 πολλοὶ
1038 2666 1093 2721 τοῦ
1109 2654 1232 2758 Ἰσραήλ
1244 2661 1274 2722 ἰν
1287 2663 1330 2742 τῷ
1344 2660 1415 2724 ἰδεῖν

170 2742 321 2815 Αἰθίοπες
330 2732 401 2814 δίςτε
410 2735 449 2821 μή
463 2737 535 2803 εἶναι
544 2741 574 2800 ἐν
582 2735 684 2811 αὐτοῖς
693 2762 776 2823 περι·
808 2734 932 2814 αύτούς,
955 2736 1003 2803 ίίτι
1015 2733 1116 2827 κύριος
1129 2742 1147 2804 δ
1160 2752 1230 2816 θεος
1242 2739 1340 2808 αῦτοῦ
1352 2740 1410 2825 μετ’

169 2830 297 2907 ποίησιν,
310 2818 356 2886 ότι
370 2825 577 2906 συνετρίβησαν
590 2815 776 2884 ἐντόπιονκυ-
808 2817 912 2885 αῦτοῦ.
938 2823 967 2865 ¹⁰
980 2826 1031 2888 καί
1051 2820 1243 2908 συνήχθησαν
1255 2822 1414 2912 είςἾερου-

170 2912 235 2993 ρίου
246 2909 297 2970 καί
305 2907 438 2969 ἐναντίον
450 2907 502 2985 τῆς
511 2897 658 2985 δυνάμεως
668 2899 774 2981 αὐτοῦ,
808 2902 906 2988 σαλήμ
921 2906 952 2967 ἐν
963 2911 1009 2988 τῳ
1020 2910 1089 2991 μηνί
1098 2912 1141 2992 τῳ
1152 2915 1243 2992 τρίτῳ
1258 2913 1288 2973 ἐν
1300 2913 1344 2991 τῷ
1357 2913 1414 2974 ἔτει

171 2990 223 3053 καί
241 2983 416 3052 ἐσκύλευσαν
436 2983 531 3050 σκῦλα
548 2981 656 3050 πολλά.
682 2985 712 3028 ¹⁴
725 2990 775 3050 καί
789 2989 851 3122 φτῷ
867 2988 1118 3074 πεντεκαιδεκάτῳ
1137 2995 1188 3073 τῆς
1199 2991 1350 3076 βασιλείας
1362 2990 1415 3057 Ἀ·

171 3074 318 3153 ἐξέκοψαν
327 3066 380 3143 τάς
393 3064 493 3151 κώμας
502 3066 602 3134 αὐτῶν
613 3065 710 3152 κύκλῳ
716 3073 774 3134 Pe-
806 3065 853 3133 σά.
879 3075 904 3111 ¹¹
917 3074 968 3136 καὶ
980 3075 1070 3138 ἔθυσε
1088 3078 1133 3155 τῷ
1145 3079 1238 3154 κυρίῳ
1251 3076 1283 3135 ἐν
1295 3080 1332 3163 τῇ
1342 3070 1414 3154 ήμέ-

171 3151 247 3237 δώρ,
271 3148 317 3216 ότι
330 3147 453 3235 ἐγενήθη
466 3155 602 3227 ἔκστασις
613 3158 716 3237 κυρίου
728 3151 773 3218 ἐπ’
806 3178 845 3237 ρῳ
863 3155 956 3236 ἐκείνη
975 3154 1038 3218 άπὸ
1056 3159 1116 3218 τῶν
1132 3149 1250 3216 σκύλων
1266 3148 1310 3217 ὦν
1327 3155 1411 3236 ήνεγ-

171 3232 296 3310 αὐτούς,
322 3235 373 3299 καί
399 3230 574 3300 ἐσκύλευσαν
598 3231 697 3311 πάσας
721 3235 775 3313 τάς
808 3261 873 3311 καν,
886 3226 1014 3321 μόάχους
1026 3237 1219 3309 ἑπτακοσίους
1231 3239 1281 3298 καί
1291 3233 1410 3320 πρόβα-

169 3315 271 3394 πόλεις
289 3316 403 3395 αῦτεῦν,
430 3313 476 3384 ὅτι
492 3317 595 3385 πολλά
608 3319 702 3386 σκῦλα
714 3324 774 3399 ἕνε-
809 3346 846 3386 τα
871 3318 1074 3402 ἑπτακιςχίλια.
1111 3320 1138 3359 ¹²
1157 3321 1207 3382 καί
1233 3317 1351 3402 διῆλθεν
1377 3322 1410 3383 ἐν

171 3396 250 3486 νήθη
276 3399 387 3477 αὐτοῖς.
424 3405 451 3446 ¹⁵
465 3408 517 3467 καί
532 3429 564 3480 γε
582 3400 687 3487 σκηνάς
703 3401 775 3482 κτή-
808 3401 936 3498 διαθήκη
949 3405 1071 3489 ζητήσαι
1083 3397 1182 3487 κύριον
1194 3399 1266 3467 θεὸν
1278 3407 1338 3466 τιῦν
1349 3428 1411 3466 πα-

171 3510 259 3563 σεων,
288 3490 338 3551 καί
363 3481 431 3561 τούς
455 3483 649 3589 Ἀλχααζονεῖς
675 3489 775 3564 ἐξέκο-
808 3493 901 3570 τὲρων
913 3486 1014 3554 αῦτιῦν
1031 3491 1062 3566 ἐξ
1079 3484 1148 3572 ὅλης
1165 3491 1216 3572 τῆς
1229 3487 1350 3571 καρδίας
1362 3491 1413 3551 καί

172 3590 248 3652 φαν,
273 3571 323 3634 καί
336 3569 447 3655 ἔλαβον
458 3574 599 3655 προβατα
611 3568 713 3636 πολλά
725 3570 777 3635 καὶ
809 3572 840 3646 ἐξ
852 3567 922 3653 ὅλης
935 3577 989 3654 τῆς
1001 3577 1098 3658 ψυχῆς
1112 3570 1219 3637 αῦτιῦν.
1251 3574 1277 3613 ¹³
1291 3571 1412 3643 καίπῦς

171 3648 335 3754 καμήλους,
360 3655 412 3716 καί
423 3656 605 3738 ἐπέστρεψαν
615 3656 655 3729 είς
666 3648 777 3738 Ἰερου-
809 3647 842 3726 ὃς
859 3651 914 3717 ἐάν
929 3653 969 3735 μή
987 3653 1132 3741 ἐκζητήση
1150 3654 1203 3720 τὸν
1221 3651 1322 3740 κύριον
1343 3651 1415 3718 θεὸν

171 3734 279 3819 ααλημ.
315 3808 318 3813 Ι
641 3793 646 3802 ,
809 3738 866 3797 τοῦ
875 3731 1006 3817 Ἰσραήλ,
1020 3730 1222 3802 άποθάνεῖται
1234 3736 1297 3802 άπὸ
1311 3740 1416 3802 νεωτέ-

357 3822 430 3882 ΚΕ
440 3822 479 3881 Φ.
522 3811 590 3881 1Ε’.
808 3839 863 3898 ρον
877 3817 932 3885 ἕως
944 3821 1153 3900 πρεσβύτερον,
1164 3815 1227 3881 άπὸ
1239 3816 1347 3898 ἀνδρὸς
1359 3825 1417 3894 ἕως

172 3869 255 3967 Καί
262 3899 401 3984 Ἀζαρίας
414 3897 479 3975 υίὸς
486 3897 591 3982 Ὠδήδ,
604 3902 716 3977 ἐγένετο
727 3895 772 3960 ἕπτ’
807 3888 952 3970 γυναικός·
978 3895 1072 3958 14καί
1087 3897 1210 3977 σ’ίμοσαν
1228 3898 1260 3959 ἓν
1277 3901 1369 3980 κυρίῳ
1383 3904 1416 3966 ἐν

172 3983 265 4049 αύτδν
282 3986 394 4063 πνεῦμα
412 3988 524 4066 κυρίου.
556 3984 638 4045 2καί
653 3977 776 4058 ἐξῆλθεν
808 3977 894 4065 φωνῇ
908 3975 1020 4066 μεγάλη
1038 3979 1090 4041 καί
1106 3981 1137 4040 ἐν
1160 3972 1299 4053 σάλπιγξι
1316 3985 1367 4046 καί
1385 3987 1415 4047 ἐν

173 4069 214 4138 είς
227 4057 393 4145 σύτάντησιν
411 4060 486 4128 Ἀσδι
501 4066 554 4127 καί
568 4064 660 4127 παντί
673 4052 776 4122 Ἰούδα
807 4060 979 4140 κερατίνανς·
1009 4059 1037 4101 ¹⁶
1050 4061 1102 4122 καί
1123 4058 1333 4141 εῦφράνθησαν
1353 4071 1415 4141 πᾶς

173 4147 225 4210 καί
249 4145 401 4225 Βενιαμίν,
426 4147 479 4210 καί
503 4143 589 4208 εἶπεν.
627 4134 778 4206 δκσύσατί
805 4132 905 4206 Ἰούδα
916 4143 1052 4226 περὶτοῦ
1063 4141 1164 4229 ὅρκου,
1176 4142 1223 4209 ὅτι
1238 4147 1268 4221 ἐξ
1281 4144 1350 4229 ὅλης
1362 4153 1415 4233 της

172 4251 229 4309 μου
236 4221 326 4298 Ἀσά,
348 4224 400 4287 καί
415 4229 477 4299 πᾶς
488 4218 592 4290 Ἰούδα
603 4227 655 4290 καί
666 4229 777 4291 Βενια·
810 4226 908 4327 ψυχῆς
920 4221 1059 4308 ὤμοσαν,
1087 4232 1139 4293 καί
1157 4233 1189 4295 ἒν
1200 4225 1282 4311 πάση
1297 4227 1414 4316 θελήσει

170 4312 229 4391 μίν.
255 4302 355 4389 κύριος
370 4303 435 4385 μεθ’
457 4303 538 4389 ῦμεῦν
556 4310 587 4373 ἐν
599 4333 642 4392 τῳ
656 4307 728 4375 εἶναι
741 4305 776 4374 ύ-
809 4312 951 4392 ἐζητησαν
975 4307 1082 4387 αῦτόν,
1105 4314 1157 4377 καί
1170 4304 1278 4396 εῦρίθή
1300 4312 1408 4392 αὐτοῖς,

173 4394 228 4472 μῦς
243 4385 301 4471 μετ’
323 4386 429 4455 αὐτοῦ.
463 4391 515 4456 καί
531 4387 584 4458 ἐάν
601 4389 775 4480 ἐκζητήσητε
808 4395 859 4459 καί
872 4397 1037 4459 κατέπαυσε
1059 4392 1159 4481 κύριος
1182 4399 1284 4472 αὐτοῖς
1304 4398 1413 4463 κυκλό-

173 4471 273 4554 αύτον,
289 4467 482 4563 εὑρεθήσεται
496 4471 572 4566 ύμῖν.
600 4482 651 4547 καί
663 4477 713 4544 ε’άν
726 4481 775 4558 ἔγ·
807 4488 871 4545 θεν.
909 4479 1001 4545 16καί
1018 4479 1070 4564 τήν
1089 4478 1210 4568 Μααχά
1229 4479 1283 4566 τήν
1299 4485 1412 4584 μηξέρα

1317 4591 1413 4630 αυτου
