2924 4972
108 240 167 307 ινδ
359 237 714 301 Ammon*
751 223 1085 312 Κιφ.ιε’.ις’.νσ.νσ.

102 355 225 416 οἰκέτου.
243 351 275 392 ⁴³
288 350 501 424 οίικατατενεῖς
514 347 705 430 αάτὸνίντῶ
774 350 788 379 ’
923 350 1000 409 ΚΕ
1012 349 1050 407 Φ.
1093 339 1164 419 1(ςῖ

102 431 218 518 μόχθῳ,
230 434 281 498 καί
291 428 449 520 φοβηθήσιγ
459 426 496 498 κύ
514 455 560 497 ιον
570 426 706 495 τὸνθεόν
746 395 845 506 Ero}
862 421 962 514 κύριος
980 421 998 491 ὅ
1011 423 1084 501 θεὸς
1095 421 1184 509 ὑμῶν.
1210 422 1247 490 οίι
1259 452 1313 491 ποι
1325 423 1351 480 ’-

103 543 166 580 σου.
182 517 216 559 ⁴⁴
227 517 279 582 καί
289 525 362 590 παῖς
375 456 579 597 καῖ’παιδίσκη
591 507 655 577 ὅσοι
669 507 707 575 ἀν
745 535 806 577 σετε
831 505 899 614 ύρῖν
921 507 1025 584 αύτοΐς
1048 512 1256 614 χειροποίητα,
1280 455 1351 574 οὐδὲ

103 601 249 678 γε’νωνταί
260 624 306 664 σοι
319 592 382 660 ἀπὸ
395 599 456 661 τῶν
468 597 565 660 ίθνῶν
578 588 643 660 ὅσοι
654 590 709 658 κύ-
744 593 873 673 γλυπτα,
885 589 956 658 οὐδὲ
968 588 1076 676 στήλην
1088 615 1260 676 αναστηοετε
1272 586 1350 674 ύμῖν,

104 683 165 765 κλῳ
192 677 247 747 σου
271 679 340 744 είσίν
365 673 415 742 ἀπ’
443 675 545 743 αὐτῶν
566 672 708 759 κτήσεσθε
746 675 818 743 οὐδὲ
842 674 932 741 λίθον
953 673 1068 741 σκοπὸν
1083 670 1191 757 θήσετε
1207 677 1238 737 ἐν
1255 679 1293 767 τῇ
1310 679 1349 765 γῇ

103 764 212 829 δοῦλον
234 762 285 826 καί
300 754 427 844 δούλην,
451 759 483 804 ⁴⁵
496 760 548 824 καί
564 757 628 825 ἀπὸ
646 763 708 825 τῶν
747 755 827 843 ύμῶν
837 761 1037 845 προςιιυνήσαι
1050 755 1142 861 αάτρῐ.
1156 754 1215 835 ἐγώ
1227 761 1283 840 εἰμι
1295 755 1349 820 κύ-

103 850 177 908 υἶῶν
203 847 264 908 τῶν
289 869 334 908 πα
374 849 446 909 ίκων
468 847 530 910 τῶν
555 839 652 908 ὄντων
677 843 708 908 ἰν
745 868 808 929 ριος
824 836 928 916 ὅθεὸς
946 836 1037 923 ὑμῶν.
1062 843 1130 903 2τα
1147 834 1283 942 σάρίβατύ
1292 865 1349 922 μου

106 923 187 1010 ύμῖν,
212 923 274 992 ἀπδ
293 950 410 992 τουτων
425 922 570 1010 κτήσεσθε
582 922 707 990 καίάπδ
745 919 924 1008 φυλάξεσθε,
949 923 1001 987 καί
1021 918 1084 988 ἀπὸ
1101 927 1162 988 τῶν
1181 928 1276 1000 αγίων
1292 947 1350 1004 μου

104 1013 165 1073 τῶν
177 1011 324 1087 συγγενῶν
336 1006 447 1084 αύτῶν,
472 1004 537 1075 ὅσοι
550 1006 588 1073 ἀν
600 1010 707 1086 γένων-
745 1001 965 1094 φοβηθήσεσθε.
991 1000 1050 1083 ίγῶ
1063 1009 1118 1090 εἶμι
1136 1001 1243 1091 κύριος.
1270 1005 1284 1046 ³
1298 1004 1351 1068 ἐὰν

103 1117 154 1156 ται
167 1096 198 1156 ίν
210 1097 247 1184 τῇ
265 1095 306 1186 γή
323 1089 419 1173 ὑμῶν,
444 1093 578 1157 ἔστωσαν
591 1088 658 1173 ύμῖν
670 1093 709 1164 εἷς
746 1101 810 1165 τοῖς
821 1085 1025 1175 προςτάγμασί
1033 1113 1092 1172 μου
1104 1084 1281 1176 πορεύησθε,
1300 1089 1351 1151 καί

104 1170 281 1260 κατάσχεσιν.
317 1176 350 1219 ⁴⁶
363 1175 415 1239 καὶ
438 1184 635 1277 καταμεριεΐτε
652 1170 709 1239 αύ-
746 1168 800 1248 τάς
824 1166 948 1247 ἐντολάς
969 1197 1029 1275 μου
1058 1167 1266 1256 φυλάσσησθε,
1300 1171 1351 1270 καί

104 1257 175 1333 τούς
187 1269 252 1333 τοῖς
263 1260 371 1335 τέκνοις
383 1253 464 1340 ὑμῶν
475 1256 540 1342 μεθ’
557 1261 640 1339 υμᾶς.
659 1255 710 1320 καί
746 1249 885 1339 ποιήσητε
899 1253 1002 1329 αάτας.
1015 1253 1088 1319 4καί
1100 1250 1188 1320 δώσω
1201 1251 1255 1319 τὸν
1269 1249 1351 1317 ύετον

104 1343 220 1407 ἔσονται
239 1337 305 1423 ύμῖν
316 1337 524 1443 κατόγιμοιείς
535 1335 589 1404 τὸν
602 1342 708 1405 αἰῶνα.
748 1334 814 1421 ύμῖν
827 1339 858 1403 ἐν
875 1342 970 1424 καιρῷ
984 1333 1095 1414 αύτοῶ,
1120 1338 1172 1401 καὶ
1183 1333 1201 1419 ή
1213 1342 1253 1415 γ’
1265 1331 1351 1401 δώσει

105 1428 167 1487 τῶν
188 1423 220 1486 δὲ
239 1421 374 1503 ἀδελφῶν
392 1427 471 1503 υμῶν
487 1426 548 1486 τῶν
564 1424 637 1486 υἱῶν
649 1418 710 1485 Ἰσ-
747 1421 786 1486 τὰ
796 1417 964 1525 γεννήματα
977 1417 1080 1504 αὐτῆς,
1092 1421 1144 1485 καί
1154 1416 1193 1486 τά
1204 1422 1238 1496 ξίι
1290 1423 1351 1484 τῶν

104 1504 197 1589 ρυιήλ,
223 1509 346 1578 ἕκαστος
359 1501 411 1567 τὸν
424 1502 552 1584 ἀδελφὸν
564 1501 659 1568 αὐτοῦ
672 1499 709 1566 ού
747 1505 855 1568 πεδίων
871 1497 1020 1570 αποδῶσει
1039 1500 1090 1568 τὸν
1106 1502 1223 1589 καρπὸν
1241 1501 1349 1568 αὐτῶν.

104 1596 260 1652 κατατενεῖ
265 1583 359 1651 αὐτὸν
367 1589 399 1650 ἐν
406 1597 470 1660 τοῖς
477 1581 516 1668 μό
534 1595 610 1660 θοις.
621 1583 710 1649 47ἒίιν
747 1587 819 1650 ὅκαὶ
830 1583 1034 1671 καταλήψεται
1046 1581 1114 1669 ύμῖν
1127 1583 1145 1651 ὁ
1158 1582 1288 1669 ἀλοητὸς
1299 1581 1350 1648 τὸν

105 1669 138 1734 δὲ
153 1665 222 1753 εύρη
239 1665 258 1753 ή
270 1671 330 1754 χείρ
349 1672 404 1734 τοῦ
422 1611 608 1754 πρυςηλύτου
622 1666 709 1753 ἢτοῦ
747 1667 901 1773 τρυγητὸν,
926 1673 976 1734 καί
990 1664 1008 1734 δ
1021 1666 1165 1754 τρυγητὸς
1179 1665 1351 1750 καταλήψε-

105 1742 253 1836 παροίίιυυ
270 1758 325 1816 τοῦ
341 1750 426 1836 παρὰ
441 1754 504 1826 συὶ,
529 1752 581 1815 καί
594 1749 711 1836 ἀπορη-
746 1776 796 1816 ται
808 1776 861 1817 τον
874 1748 996 1839 σπόρον.
1020 1753 1073 1816 καὶ
1090 1747 1219 1854 φάγεσθε
1230 1746 1282 1814 τὸν
1294 1750 1351 1833 ἀρ-

105 1837 168 1909 θείς
186 1831 204 1899 ὁ
223 1829 349 1914 ἀδελφός
367 1858 419 1899 σου
434 1839 541 1935 πραθή
558 1839 603 1937 τρῖ
618 1859 709 1941 προς;
745 1860 799 1902 τον
812 1831 892 1938 ύμῶρ
904 1840 943 1911 είς
954 1835 1131 1941 πλησμονηή.
1150 1834 1200 1934 καί
1212 1831 1349 1935 κατοική-

910 1916 919 1939 ἱ

1298 323 1344 336 α

105 1913 204 2001 ηλύτῳ
219 1915 236 2001 ή
249 1920 293 2002 τῷ
305 1923 442 2002 παροίκω
456 1942 500 2001 τῳ
512 1943 597 2002 παρα
610 1943 668 1992 σοι,
689 1943 708 2018 η
747 1944 807 1984 σετε
817 1943 890 2001 μετα
902 1917 1064 2000 ἀσφαλείας
1074 1921 1124 1983 ἐπι
1132 1942 1184 2002 της
1194 1943 1248 2001 γης
1261 1941 1350 2001 υμων,

105 2006 138 2064 ἐκ
161 2004 276 2083 γενετής
299 1983 491 2086 προςηλύτῳ,
528 2000 562 2043 ⁴⁸
574 1995 647 2084 μετά
672 2024 708 2063 το
745 2004 797 2066 καί
809 2000 936 2083 πόλεμος
948 1999 986 2066 ού
997 1997 1165 2067 διελεύσεται
1178 2001 1227 2065 διά
1237 2005 1288 2083 τῆς
1298 2005 1351 2085 γής

105 2087 264 2169 πραθῆναι
277 2079 376 2165 αὐτῷ,
400 2078 545 2169 λύτρωσις
557 2085 640 2149 ἔσται
653 2079 709 2148 αιί-
748 2081 846 2168 ἀμῶν,
871 2086 951 2149 θκαὶ
971 2080 1057 2150 διύσω
1075 2080 1189 2168 εἰρήνην
1208 2088 1239 2148 ἐν
1256 2087 1292 2172 τῇ
1312 2093 1351 2177 γῇ

105 2170 170 2230 τοῦ.
195 2165 235 2241 είς
250 2169 311 2230 τῶν
330 2164 464 2246 ἀδελφῶν
482 2163 575 2230 αὐτοῦ
593 2160 710 2250 λυτρῶ-
748 2162 1350 2251 ύμῶν.καίκοιμηθήσεσθε,καίοὐκέσται

106 2273 187 2314 σεται
203 2244 305 2314 αάτύν.
330 2249 363 2292 ⁴⁹
377 2244 502 2331 ἀδελφὸς
521 2246 637 2335 πατρὸς
654 2245 710 2314 αύ-
748 2246 822 2333 ύμάς
847 2246 865 2314 δ
890 2254 1036 2334 ἐκφοβῶν.
1062 2251 1113 2313 καί
1132 2247 1239 2314 ἀπολῶ
1255 2256 1350 2333 θηρία

106 2336 172 2407 τοῦ,
185 2329 204 2415 ἢ
219 2332 282 2406 υίὸς
297 2323 424 2413 ἀδελφοῦ
437 2331 551 2419 πατρὸς
560 2327 710 2418 λυτρῶοε-
746 2329 867 2417 πονηρά
885 2336 918 2396 ἐκ
936 2336 987 2416 τής
1003 2335 1056 2414 γής
1073 2328 1165 2413 ὑμῶν.
1192 2333 1204 2374 ⁷
1218 2333 1269 2394 καλ
1280 2328 1347 2395 διιύ-

104 2441 157 2480 ται
182 2411 291 2519 αὐτὸν,
314 2414 334 2500 ἢ
356 2413 420 2481 ἀπὸ
439 2419 500 2482 τῶν
518 2420 632 2480 οἰκείων
649 2419 710 2482 τῶν
747 2419 830 2494 ξεσθε
842 2413 914 2490 τούς
926 2414 1052 2516 ἐχθρούς
1066 2410 1349 2496 ύμῶν,καίπεσοῡν-

106 2504 223 2585 σαρκῶν
234 2503 329 2564 αυτοῦ
341 2501 373 2564 ίκ
386 2503 438 2583 τῆς
450 2498 543 2587 φυλής
554 2497 648 2564 αύτοῦ
658 2498 710 2563 λυ-
747 2525 796 2565 ται
805 2501 938 2564 ἐναντίον
950 2503 1031 2582 υμῶν
1041 2492 1135 2579 φόνῳ.
1148 2497 1220 2560 8καί
1231 2494 1350 2574 διοίξον-

105 2589 217 2667 τρῶται
230 2579 332 2648 αάτύν.
349 2580 445 2647 ἐὰνδὲ
457 2580 632 2669 εὐπορηθεὶς
645 2592 711 2656 ταῖς
747 2609 796 2647 ται
809 2585 839 2658 ἐξ
854 2578 934 2660 ὑμῶν
947 2607 986 2647 πε

104 2667 186 2749 χερσί
196 2666 346 2750 λυτρῶται
358 2659 474 2728 ἑαυτόν.
497 2667 527 2707 ⁶⁰
540 2667 591 2728 καί
604 2663 708 2727 συλλο-
748 2662 828 2746 ύμῶν
837 2665 990 2739 διώξονται
999 2659 1150 2746 μυριάδας.
1163 2665 1214 2727 καί
1223 2667 1350 2728 πεσοῦν-

104 2758 209 2823 γιεῖται
237 2745 314 2828 πρὸς
344 2742 398 2808 τάν
422 2748 594 2827 κεκτημένον
619 2741 712 2806 αὐτὸν
747 2770 796 2809 ται
810 2749 842 2808 οἱ
854 2747 959 2869 ίήθροὶ
971 2742 1050 2826 ὑμῶν
1059 2748 1193 2810 ἐναντίον
1202 2742 1284 2829 ὑμῶν
1292 2773 1350 2831 μα-

107 2826 169 2892 ἀπὸ
182 2831 237 2890 τοῦ
247 2829 330 2901 ε’·’τους
343 2816 379 2890 ού
392 2824 525 2890 ἀπέδοτο
534 2820 643 2888 ἑαυτὸν
656 2821 712 2888 αιἰ-
745 2832 845 2911 χαίρρ.
898 2829 950 2890 καὶ
961 2826 1115 2912 ίπιβλίφω
1128 2826 1171 2908 ἔφ’
1188 2825 1277 2931 ἀμᾶς,
1300 2831 1351 2894 καί

105 2914 152 2993 τῷ
176 2914 231 2984 ἕως
256 2913 311 2976 τοῦ
337 2911 476 2974 ἐνιαυτοῦ
500 2911 552 2990 τής
570 2904 711 2988 ἀφέσεως.
747 2905 868 2984 αύξανῶ
881 2904 966 3014 ὑμᾶς,
979 2912 1029 2975 καί
1041 2904 1189 2994 πληθυνῶ
1201 2916 1285 2994 υμᾶς,
1300 2914 1351 2977 καὶ

106 2995 157 3056 καί
181 2995 264 3057 ἔσται
287 2988 323 3055 τύ
346 2987 487 3076 ἀργύρων
504 2994 557 3075 τῆς
576 2985 713 3076 πράσεως
748 2986 846 3075 στήσω
869 3017 923 3098 την
939 2989 1085 3077 διαθήκην
1101 3021 1160 3078 μου
1176 2992 1240 3076 μεθ’
1260 2991 1350 3079 ύμῶν.

106 3074 201 3138 αὐτοῦ
215 3070 256 3149 ῶς
267 3078 398 3153 μισθίου.
416 3076 483 3148 ἔτος
495 3074 526 3150 ἐξ
538 3074 621 3147 ἔτους
631 3075 712 3138 ἔσται
746 3077 840 3139 1οκαί
863 3087 993 3157 φαγεσθε
1021 3076 1138 3141 παλαιὰ
1160 3079 1212 3142 καί
1235 3073 1351 3142 παλαιά

105 3154 164 3241 μετ’
181 3153 286 3220 αὐτοῦ.
313 3156 340 3198 ⁵¹
354 3155 406 3219 ἐὰν
424 3156 460 3220 δέ
469 3181 524 3220 τινι
535 3154 639 3220 πλεῖον
651 3160 711 3222 τῶν
746 3158 901 3235 παλαιῶν,
924 3160 976 3224 καί
999 3158 1115 3225 παλαιὰ
1135 3162 1168 3224 ἐκ
1188 3156 1350 3247 πρυςούπου

106 3241 181 3302 ἐτῶν
206 3228 245 3331 ᾖ,
282 3236 360 3323 πρὸς
381 3242 478 3304 ταῦτα
501 3233 648 3305 ἀποδῶσει
673 3237 712 3304 τίι
746 3242 820 3306 νέων
833 3244 966 3317 ἐξοίσετε.
981 3245 1006 3284 ¹¹
1014 3245 1066 3307 καί
1077 3238 1163 3326 θήσω
1176 3240 1230 3327 τήν
1243 3239 1351 3328 σκηνήν

106 3316 200 3421 λύτρα
224 3317 320 3387 αιἰτοῦ
344 3319 407 3388 ἀπὸ
429 3325 486 3388 τοῦ
502 3320 642 3409 ἀργυρίου
660 3327 712 3408 τής
744 3350 801 3406 μου
814 3328 844 3388 ἐν
859 3320 939 3407 ύμῖν,
951 3326 1003 3390 καὶ
1014 3323 1051 3390 ού
1062 3321 1226 3412 βδελύξεται
1239 3323 1258 3408 ή
1269 3322 1350 3410 ψυχή

101 3431 242 3491 πραοεως
255 3405 358 3471 αὐτοῦ.
385 3408 416 3451 ⁶²
429 3402 481 3471 ἕάν
498 3407 531 3471 δὲ
543 3405 710 3484 ὀλίγονκα-
744 3433 803 3491 μου
829 3404 918 3488 ὑμᾶς,
953 3409 1044 3473 12καί
1068 3403 1295 3493 ἐμπεριπατήσω
1319 3411 1350 3471 ἐν

104 3488 254 3583 ταλειφθῇ
266 3486 330 3554 ἀπὸ
343 3493 404 3555 τῶν
417 3491 491 3554 ἐτῶν
502 3494 541 3564 εἰς
551 3488 606 3554 τὸν
615 3493 712 3554 ἐνιαυ-
747 3488 822 3572 ύμῖν.
842 3493 893 3555 καί
903 3494 1009 3573 ἔσομαι
1023 3487 1103 3573 ὑμῶν
1114 3490 1195 3564 θεὸς,
1207 3493 1259 3555 καί
1271 3486 1350 3575 ὑμεῖς

104 3570 158 3637 τὸν
182 3578 236 3656 τής
261 3570 400 3654 ἀφέσεως.
438 3573 491 3636 καί
514 3571 711 3649 συλλογιεῖται
746 3575 849 3639 ἔσεσθέ
865 3597 916 3655 μοι
935 3569 1016 3649 λαός.
1042 3567 1346 3673 1’ἐγιοέήιιιιιύριοςύ

105 3653 189 3737 αύτῷ
202 3651 280 3718 κατὰ
292 3653 331 3718 τὰ
343 3659 396 3758 ἔτη
408 3652 517 3729 αὐτοῦ,
526 3655 577 3719 καί
590 3650 712 3720 ἀποδιύ-
745 3655 817 3732 θεὸς
835 3652 916 3742 ἀμῶν
921 3705 932 3733 ,
958 3653 976 3721 ὁ
994 3653 1147 3732 ἔξαγαγῶν
1164 3656 1238 3733 υμάς
1251 3656 1283 3716 ἐκ
1294 3657 1349 3737 γῆς

105 3761 146 3800 σει
177 3733 216 3799 τὰ
241 3731 336 3820 λύτρα
361 3741 458 3801 αυτοῦ
483 3732 524 3812 ῶς
547 3733 711 3820 μισθωτός.
745 3735 924 3818 Αἰγύπτου,
943 3737 1038 3804 ὅντων
1051 3731 1134 3820 ύμῶν
1146 3730 1272 3800 δούλων.
1298 3740 1349 3801 καί

106 3819 136 3861 ⁶³
150 3816 282 3883 ἐνιαυτὸν
295 3820 325 3894 ἐξ
339 3823 478 3884 ἐνιαυτοῦ
490 3823 571 3885 ἔσται
582 3819 639 3903 μετ’
656 3818 712 3886 αιἰ-
746 3817 1082 3927 συνέτριφιατὸνδεσμδν
1091 3823 1148 3885 τοῦ
1157 3822 1246 3898 ζυγοῦ
1257 3815 1348 3901 ἀμῶν,

105 3902 171 3964 τοῦ.
185 3897 397 3978 ού-κατατενεῖς
410 3899 596 3985 αύτύνίντῶ
604 3900 711 3987 μόχθῳ
745 3909 797 3969 καὶ
824 3906 935 3989 ήγαγον
966 3900 1040 3989 ὑμᾶς
1068 3900 1140 3985 μετά
1171 3905 1340 3989 παρρησίας

106 3977 235 4047 ἐνώπιόν
253 4009 315 4048 σου.
342 3984 373 4028 ⁵⁴
387 3984 439 4050 ἐὰν
457 3984 490 4050 δὲ
504 3985 544 4069 μή
562 3986 711 4071 λυτρῶται
744 3986 838 4051 14ιίάν
855 3987 886 4054 δὲ
903 3984 943 4071 μή
963 3983 1156 4072 ύπανιούσητέ
1165 4012 1241 4069 μου,
1265 3986 1349 4069 μήδὲ

106 4061 185 4129 κατά
209 4070 322 4142 ταῦτα,
347 4063 518 4143 ἐξελεύσεται
543 4073 574 4133 ἐν
594 4073 640 4152 τῶ
656 4072 712 4134 ἔτει
745 4095 799 4135 ποι
809 4066 886 4154 ’σητε
898 4067 937 4134 τά
949 4063 1162 4155 προςτιίγματύ
1171 4095 1228 4153 μου
1240 4074 1348 4144 ταῦτα,

105 4153 159 4232 τής
174 4145 305 4229 ἀφέσεως
317 4145 409 4225 αάτὸς
421 4153 472 4215 καί
483 4148 524 4215 τὰ
535 4153 642 4217 παιδία
655 4150 712 4217 αιἰ-
744 4153 772 4196 ¹⁶
785 4098 864 4217 ἀλλὰ
882 4151 1062 4237 ἀπειθήσητε
1080 4153 1200 4228 αὐτοῖς,
1225 4155 1350 4227 καὶτοῖς

106 4236 163 4295 τοῦ
188 4229 246 4314 μετ’
268 4229 370 4296 αὐτοῦ.
404 4235 433 4276 ⁶⁵
447 4229 494 4299 ὅτι
519 4237 584 4318 ἐμοὶ
603 4239 635 4300 οί
652 4237 713 4300 υἱοί
744 4241 865 4339 κρίμασί
872 4262 929 4319 μου
939 4232 1248 4340 προςοχθίσηήφυηή
1258 4232 1348 4318 ἀμῶν,

102 4310 226 4401 Ἰσραήλ
237 4317 352 4381 οἰκέται
363 4317 432 4380 εἰσίν
436 4365 447 4393 ,
472 4319 577 4394 παῖδές
587 4344 646 4401 μου
659 4308 713 4382 ού-
745 4319 816 4392 ῶςτε
834 4315 909 4402 ὑμᾶς
924 4315 964 4403 μή
979 4332 1075 4385 ποιεῖν
1087 4310 1186 4394 π’ἀσας
1198 4344 1252 4392 τας
1264 4323 1343 4383 ε’ντο-

106 4405 157 4464 τοί
179 4403 262 4476 εἰσιν,
288 4394 342 4474 ούς
366 4395 507 4485 ἐξήγαγον
532 4404 564 4467 ἐκ
580 4404 634 4486 γής
649 4404 712 4467 Al-
745 4396 799 4476 λάς
809 4427 877 4483 μου,
889 4397 961 4477 ῶςτε
973 4398 1162 4469 διασκεδάσαι
1176 4398 1230 4484 τήν
1241 4396 1347 4484 διαθή-

104 4478 230 4561 γύπτου.
744 4509 798 4570 κην
820 4511 895 4570 μου,
921 4487 1012 4552 16καί
1036 4484 1095 4564 ἐγὼ
1117 4479 1234 4567 ποιήσω
1254 4479 1350 4585 υξίτως

1273 4592 1341 4646 υμιν
