2924 4972
364 217 640 281 ΑΡιοΜοι
679 220 754 293 εσυ.
769 205 814 298 ιη’.
830 204 881 278 ω’.
900 214 946 280 18.
964 217 1013 281 19.
1240 226 1303 288 τοο

55 313 318 422 ἶῖίῖρῶῖοῗτοκα
336 331 501 418 προβάτων
517 333 569 395 καί
586 358 672 417 πρισ-
700 311 985 417 έδν-λάθητε-παρά
1003 314 1063 397 τῶν
1085 337 1159 396 υίῶν
1171 317 1302 419 Ἰσραήλ.

58 416 173 487 τότοινα
184 421 279 495 αἰγῶν
289 412 327 481 ού
340 408 491 507 λυτριόση.
510 410 585 492 ἅγιά
596 417 670 480 ἔστι.
699 413 750 478 καί
766 409 874 481 δῶοετε
892 411 944 479 ἀπ’
966 410 1065 479 αὐτῶν
1082 412 1233 501 άεγαίρεμα
1250 443 1302 480 κιω

58 505 109 569 καί
121 496 160 567 τό
173 500 254 605 abac
266 494 368 564 αύτῶν
385 508 532 582 προςχεεῖς
545 494 623 583 πρὸς
635 494 671 562 τὸ
700 502 756 580 ρίῳ
763 493 881 583 Ἀαρῶν
892 501 936 580 τῷ
950 501 1026 580 ίερεί.
1052 497 1083 540 ²⁹
1103 497 1168 562 άπὸ
1181 495 1304 565 πάντων

58 598 279 670 θυσιαστήριον
283 630 294 658 ,
318 581 370 645 καί
387 580 425 647 τό
438 584 531 666 στέαρ
544 577 670 655 ἀνοίσεις
700 584 759 643 τῶν
771 574 909 662 δομάτων
928 575 1008 661 ύμῶν
1026 576 1157 660 άηελεῖτε
1177 580 1303 667 άοαίρε-

58 664 211 755 κάρπωμα
236 668 276 741 είς
300 659 391 748 ὀσμήν
414 660 539 741 εύωδίας
563 668 667 747 κυρίῳ.
697 668 855 767 μακαρίον,
880 661 978 748 ῆᾶπὸ
991 658 1114 729 πάντων
1126 669 1187 729 τῶν
1199 664 1304 751 ἀπαρ-

58 755 85 796 ¹⁸
95 752 149 817 καί
161 749 202 815 τά
215 752 290 835 κρέα
300 750 385 814 ἔσται
403 773 459 823 σοι,
471 745 558 813 καθά
569 748 621 811 καί
632 742 668 811 τό
697 750 759 829 χῶν
770 770 806 810 το
819 728 992 849 ήγιασμένον
1003 742 1056 812 ἀπ’
1072 745 1177 812 αὐτοῦ.
1208 748 1303 811 3οκαί

58 829 220 919 οτηθύνισν
230 835 286 897 τοῦ
299 832 392 896 έπιθέ
410 856 491 906 ατος.
527 831 580 896 καί
589 824 668 895 κατά
698 832 773 913 ἐρεῖς
784 829 863 910 πρὸς
874 825 991 905 αυτούς.
1005 825 1078 894 ὅταν
1091 827 1238 916 άφαιρῆτε
1249 826 1303 915 τήν

59 917 111 984 τόν
132 920 280 1003 βραχίονα
303 910 356 980 τόν
379 859 484 992 θίξιὸν,
501 917 551 980 σοί
573 915 666 979 ἔσται.
698 908 838 997 ἀπαρχήν
849 909 901 975 ἀπ’
914 910 1020 988 αύτσῦ,
1034 915 1085 977 καί
1096 908 1303 998 λογισθήσεται

59 1003 86 1044 ¹⁹
99 1006 163 1065 πᾶν
175 996 328 1085 ἇφαίρεμα
340 1002 401 1063 τῶν
418 993 523 1075 άγίων,
540 993 600 1063 ὅσα
613 993 667 1061 έάν
697 1005 760 1067 τοῖς
777 1000 918 1069 Λευίταις
935 991 975 1070 ῶς
995 997 1121 1079 γέννημα
1139 994 1203 1062 άπὸ
1224 993 1301 1073 δίλοι,

58 1081 209 1185 άῳέλωσιν
216 1087 248 1149 οί
259 1083 319 1147 υἱοί
328 1078 450 1167 Ἰσραήλ
456 1085 561 1188 κυρίῳ,
573 1079 667 1145 δέδω·
696 1076 748 1139 καί
760 1074 800 1151 ῶς
810 1080 935 1160 γέννημα
948 1075 1010 1142 άπὸ
1023 1076 1120 1161 ληνοῦ.
1146 1081 1171 1121 ³¹
1177 1082 1228 1144 καί
1239 1081 1301 1145 ἐδε-

58 1193 98 1232 κα
110 1192 159 1231 σοι
170 1167 296 1241 καὶτοῖς
308 1168 384 1237 υἱοῖς
396 1188 450 1229 σου
460 1188 513 1227 και
528 1172 594 1237 ταίς
604 1171 666 1226 θυ-
696 1172 752 1225 οθε
764 1157 840 1226 αὐτὸ
858 1163 889 1223 έν
905 1162 997 1225 παντί
1014 1158 1101 1226 τύπω
1119 1159 1196 1245 ὑμεῖς
1208 1165 1302 1227 καλοί

58 1244 190 1335 γατράσι
203 1272 256 1313 σου
267 1243 342 1328 μετὰ
359 1248 433 1320 τοῦ,
455 1240 579 1327 νόμιμον
592 1237 667 1309 αίῶ-
696 1240 775 1306 οἶκοι
788 1240 883 1325 ὑμῶν,
901 1240 947 1309 ὅτι
964 1243 1075 1326 μισθός
1092 1235 1179 1319 οὗτος
1194 1242 1258 1327 ὑμῖν
1271 1248 1302 1309 έ-

58 1357 131 1397 νιον.
158 1323 290 1411 διαθήκη
312 1322 386 1402 άλδς
404 1330 527 1390 αἰωνίου
543 1328 622 1389 ἔστιν
637 1327 669 1391 έ-
698 1350 762 1391 στιν
778 1323 846 1391 ἀντὶ
862 1331 923 1391 τῶν
937 1326 1125 1412 λειτουργιῶν
1147 1324 1227 1452 δρῶν
1242 1332 1303 1393 τῶν

58 1438 144 1479 ναντι
167 1416 283 1494 ιιυρίου,
310 1409 363 1474 σοί
380 1408 433 1472 καί
453 1412 498 1473 τ’
521 1410 670 1513 σπέρματί
697 1410 728 1472 έν
742 1413 779 1501 τῆ
792 1414 883 1492 οκηνῆ
895 1414 949 1475 τοῦ
961 1416 1135 1497 μαρτυρίου.
1175 1408 1301 1476 2καίού

60 1523 117 1563 σου
139 1492 215 1576 μετὰ
236 1491 279 1557 σέ.
302 1492 335 1535 ²⁰
349 1491 401 1557 καί
421 1486 477 1557 {M
531 1516 545 1557 ε
568 1516 668 1577 κυρισς
696 1486 832 1575 λήψεσθε
853 1456 887 1558 δί’
901 1490 988 1596 ιαιίτβ
1011 1490 1170 1596 διμρρτίῖανζ
1195 1490 1243 1598 ῶτιν
1264 1491 1304 1559 άν

62 1568 274 1663 πρδςἈαράν.
288 1576 320 1641 ίν
331 1578 370 1668 τῇ
380 1578 421 1669 γῆ
433 1572 535 1641 αὐτῶν
546 1571 583 1640 οὐ
596 1574 668 1659 κλη-
697 1570 844 1660 άφαιρῆτε
876 1600 931 1659 την
952 1601 1090 1679 απαρχην
1117 1602 1164 1642 απ
1197 1581 1300 1644 αυτοῦ.

63 1654 243 1765 ρσνομήοεις,
260 1658 311 1723 καί
320 1659 401 1744 μερίς
413 1655 469 1724 οὖν
481 1660 565 1724 ἔσται
576 1683 624 1723 σοι
637 1661 668 1722 ἐν
697 1658 749 1720 καί
761 1656 801 1721 τδι
816 1653 888 1735 άγια
901 1664 962 1723 τῶν
980 1663 1054 1723 υἱῶν
1078 1655 1193 1744 Ισραήλ
1205 1657 1241 1725 οὗ
1253 1663 1302 1745 βε-

60 1742 180 1820 αύτοῖς,
205 1768 251 1809 στι
262 1740 321 1820 ίγῶ
336 1746 415 1828 μερίς
428 1766 483 1807 σου
494 1744 547 1808 καί
556 1739 666 1827 κληρο·
694 1735 852 1826 βηλῶσετε,
862 1746 911 1806 ’ίνα
922 1741 962 1825 μή
976 1738 1162 1825 ἀποθάνητε

60 1833 146 1910 νομία
158 1852 214 1893 σου
230 1829 262 1891 έν
276 1827 359 1909 μέσῳ
372 1828 434 1890 τῶν
449 1830 523 1890 υἱῶν
532 1822 665 1908 Ἰσραήλ.
881 1830 915 1890 K
926 1831 955 1889 Β
969 1830 1008 1889 Φ.
1050 1820 1117 1890 ΙΘί.

61 1913 87 1952 ²¹
111 1912 163 1975 καί
186 1920 250 1986 τοῖς
273 1913 349 1982 υίοῖς
360 1908 436 1973 Λευί
460 1905 526 1973 ἰδού
550 1908 665 1974 δέδωκα
695 1871 781 1971 Καί
802 1902 926 1991 ίλάληοε
948 1904 1049 1995 κύριος
1069 1905 1146 1995 πρός
1163 1915 1302 1994 Μωυσῆν
1360 1963 1366 1975 .

60 1997 123 2057 πᾶν
139 1993 313 2059 ἐπιδέκατον
330 1994 362 2056 ἐν
375 1987 501 2095 Ἰορῳῆλ
520 1995 555 2097 ἐξ
562 1983 664 2093 κλήρῳ
695 1987 880 2092 καίἈῳρῶν,
893 1991 993 2095 λέγων.
1016 1988 1117 2075 ἀὕτη
1130 1988 1150 2095 ῆ
1161 1992 1301 2078 διαστολή

60 2073 128 2140 άντί
138 2079 199 2141 τῶν
209 2076 397 2161 λειτουργιῶν
409 2098 521 2151 αυτων,
535 2100 597 2141 οσα
608 2099 666 2138 av·
696 2097 750 2137 του
763 2097 797 2139 νο
837 2101 869 2151 υ,
896 2101 955 2141 οσα
968 2077 1103 2152 συνέταξε
1114 2102 1229 2162 κυριος,
1252 2077 1302 2143 λέ-

60 2158 110 2223 τοί
140 2158 342 2246 λειτουργοῡσι
369 2157 554 2244 λειτουργίαν
572 2160 603 2222 έν
626 2158 664 2249 τῆ
696 2180 764 2234 γιον.
821 2153 993 2241 ’λησοντοῖς
1006 2162 1080 2233 υίοῖς
1094 2156 1223 2244 Ἰσραήλ
1250 2161 1302 2224 καί

60 2245 152 2336 οιιηνῆ
164 2247 221 2307 τοῦ
231 2246 405 2328 μαρτυρίου.
419 2242 510 2307 22ιιαί
522 2238 559 2306 ού
572 2265 666 2327 προς-
696 2239 871 2326 λαβέτωσαν
892 2239 968 2328 πρὸς
990 2240 1022 2306 σὲ
1038 2239 1165 2326 δάμαλιν
1185 2241 1302 2328 πυρράν

59 2320 228 2391 είεύσονται
240 2327 285 2389 ἔτι
301 2329 333 2390 σί
349 2326 408 2389 υἱοί
423 2320 546 2410 Ἰσραήλ
562 2328 601 2399 είς
612 2321 666 2406 τήν
697 2321 828 2430 άμοιῳσν,
843 2320 905 2409 ῆτις
916 2323 972 2390 οὐκ
985 2325 1040 2408 ε”χει
1053 2329 1083 2390 έν
1097 2324 1174 2429 αιἰτῆ
1186 2331 1300 2410 μῶμον,

60 2405 170 2490 σκηνήν
177 2411 231 2472 τοῦ
240 2412 402 2493 μαρτυρίου
411 2406 510 2492 λαβεῖν
519 2402 668 2492 ἆμαρτίαν
697 2408 779 2499 κοίη
794 2405 850 2471 οὐκ
867 2402 1019 2492 ἐπεβλήθη
1036 2406 1080 2471 έιί
1099 2397 1194 2491 αὖτήν
1206 2408 1300 2486 ζυγός.

59 2483 284 2575 θανατηφόρον.
311 2490 341 2530 ²³
357 2490 409 2553 καί
430 2484 626 2575 λειτουργήσει
648 2484 666 2553 ὁ
697 2490 712 2530 ³
726 2492 778 2553 καί
791 2485 893 2564 δῶοεις
906 2488 1000 2570 αιἰτήν
1012 2488 1088 2570 πρὸς
1095 2485 1237 2573 Ἐλεάζαρ
1250 2489 1302 2555 τόν

59 2578 190 2656 Λευίτης
214 2568 308 2645 αὐτὸς
331 2566 385 2655 τήν
408 2570 593 2656 λειτουργίαν
616 2576 668 2655 τῆς
699 2574 787 2656 ίερέα.
825 2574 877 2636 καί
894 2568 1044 2647 ἐξάξουσιν
1061 2567 1155 2654 αὐτήν
1172 2575 1232 2650 ἐξω
1251 2578 1302 2657 τῆς

60 2661 169 2741 σκηνῆς
200 2657 256 2720 τοῦ
278 2659 456 2760 μαρτυρίου.
499 2654 551 2718 καί
579 2651 667 2720 αὐτοί
697 2654 884 2756 παρεμβολῆς
899 2659 938 2730 εἷς
961 2647 1057 2719 τόπον
1073 2651 1226 2742 καθαρόν,
1251 2660 1301 2722 καί

60 2736 208 2824 λήψονται
221 2735 262 2802 τά
272 2762 474 2844 αμαρτηματα
486 2733 598 2814 αύτῶν,
615 2733 667 2802 νό-
699 2740 860 2819 οᾳαξουσιν
872 2736 966 2822 αύτήν
979 2734 1104 2804 ἐνῶπιον
1117 2737 1220 2805 αὐτοῦ.
1235 2739 1302 2807 *καί

58 2847 148 2906 μιμον
164 2820 285 2888 αίῶνιον
301 2826 341 2896 είς
364 2847 419 2897 τας
439 2819 538 2901 γενεάς
555 2818 666 2886 αὐτῶν.
698 2820 825 2924 λήψεται
842 2819 983 2927 Ἐλεάζαρ
1012 2821 1074 2889 ἀπὸ
1097 2828 1152 2888 τοῦ
1176 2828 1301 2906 αἵματος

59 2908 112 2973 καί
124 2909 246 2990 ἐνμέσῳ
259 2908 331 2971 υίῶν
338 2901 464 2992 Ἰσραήλ
473 2901 510 2968 ού
522 2903 668 2990 κληρονο-
699 2909 800 2987 αυτῆς,
813 2906 865 2969 καί
876 2909 1105 2991 ῥανεῖαπέναντι
1117 2911 1172 2970 τοῦ
1184 2905 1302 2991 προςῶ-

58 2987 183 3071 μήσουσι
200 2988 403 3075 κληρονομίαν.
441 2988 474 3030 ²⁴
487 2982 586 3053 ὅτιτά
600 2990 668 3052 ἐπι·
698 3012 758 3051 που
775 2991 826 3070 τῆς
847 2993 952 3074 σκηνῆς
974 2993 1030 3054 τού
1052 2994 1215 3075 μαρτυρίου
1237 2987 1300 3054 άπὸ

59 3076 171 3138 δέκατα
188 3076 247 3138 τῶν
260 3076 332 3137 υίῶν
345 3068 481 3158 Ἰσραήλ,
494 3065 552 3138 ὅσα
563 3069 617 3137 ἐὰν
629 3067 667 3135 ἆ·
698 3074 755 3134 τού
767 3076 890 3153 α’ίματος
903 3071 996 3156 αὐτῆς
1007 3070 1136 3149 ἑπτάκις.
1162 3073 1233 3136 6καί
1245 3099 1302 3137 κα-

60 3161 205 3242 φορίσωσι
229 3160 339 3242 κυρίῳ,
372 3154 525 3241 ἇφαίρεμα
549 3154 666 3220 δέδωκα
699 3149 897 3221 τακαύσουοιν
919 3154 1013 3240 αὐτήν
1038 3160 1170 3223 ἐναντίον
1193 3154 1300 3220 αὐτοῦ.

61 3249 121 3314 τοῖς
132 3244 272 3313 Λευίταις
285 3241 317 3301 ἐν
328 3233 438 3323 κλήρῳ.
457 3235 508 3302 διά
519 3240 612 3302 τοῦτο
625 3235 666 3299 εἴ-
698 3238 749 3298 καί
765 3235 801 3301 τὸ
815 3239 906 3318 δέρμα
923 3242 973 3302 καί
990 3234 1030 3303 τά
1048 3244 1122 3324 κρεά
1140 3236 1232 3322 αὐτῆς
1250 3241 1300 3302 καί

59 3349 136 3409 ρηκα
149 3319 262 3394 αὐτοῖς,
276 3323 308 3384 έν
320 3322 398 3402 μέσῳ
410 3317 616 3406 υίῶνἸσραῆλ
628 3315 665 3383 ού
697 3314 733 3382 τὸ
752 3317 824 3399 αῆια
844 3317 936 3401 αὐτῆς
956 3319 1010 3383 σύν
1026 3324 1066 3410 τῆ
1086 3316 1189 3403 κόπρῳ
1207 3322 1300 3404 αὐτῆς

58 3396 313 3502 κληρονομήσουσι
330 3398 447 3484 κλῆρον.
484 3403 513 3445 ²⁸
526 3403 577 3466 καί
594 3397 665 3466 ἐλά-
697 3396 965 3484 κατακαυθήοεται.
997 3396 1244 3503 6καίλήιμεταιδ
1260 3408 1300 3466 ίε-

59 3489 130 3568 λησε
155 3505 256 3568 κυριος
281 3479 359 3565 πρὸς
381 3486 528 3567 Μωυσῆν,
561 3483 663 3561 λέγων.
697 3480 761 3569 ρεύς
773 3479 861 3561 ξύλον
878 3485 1009 3568 κέδρινον
1025 3485 1077 3547 καί
1095 3483 1237 3548 ὑσοωπον
1249 3487 1302 3548 καί

57 3573 91 3615 ²⁶
103 3568 156 3633 καί
168 3576 232 3641 τοῖς
243 3568 382 3639 Λευίταις
399 3562 437 3627 λα
465 3560 546 3642 ’σεις,
570 3568 621 3631 καί
634 3571 665 3632 ἐ·
696 3564 841 3643 κόκκινον,
850 3570 902 3632 καί
909 3566 1085 3653 ἐμβαλοῦσιν
1094 3572 1133 3640 είς
1141 3567 1232 3646 μέσον
1244 3571 1300 3631 τοῦ

60 3665 118 3730 ρεῖς
136 3649 215 3733 πρὸς
234 3640 353 3721 αὐτούς.
387 3643 441 3710 ἐὰν
490 3642 666 3734 ’βητεπαρά
696 3649 926 3754 κατακαύματος
949 3655 1002 3734 τῆς
1026 3646 1185 3733 δαμάλεως.
1224 3651 1301 3716 7καί

59 3741 120 3801 τῶν
147 3737 220 3798 υίῶν
241 3728 363 3817 Ἰσραήλ
388 3724 425 3794 τό
450 3725 666 3807 έπιδέκατον,δ
696 3734 799 3800 πλυνεῖ
808 3761 846 3800 τα
861 3731 963 3816 ἱμάτια
978 3730 1073 3799 αύτοῶ
1084 3731 1102 3800 ὁ
1118 3733 1224 3818 ἱερεύς,
1249 3735 1300 3801 καί

61 3820 175 3885 δέδωκα
199 3811 264 3897 ὑμῖν
287 3810 359 3900 παρ’
381 3810 483 3879 αύτῶν
499 3816 531 3878 έν
551 3808 664 3900 κλήρῳ,
696 3812 835 3882 λούονται
851 3819 887 3882 τὸ
907 3822 952 3884 οῶ
972 3845 993 3882 α
1011 3816 1106 3883 αὐτοῦ
1127 3817 1222 3884 δ’δατι.
1247 3820 1300 3884 καί

59 3904 110 3967 καὶ
122 3899 254 3981 ἆφελείτε
270 3893 347 3977 ὑμεῖς
363 3892 415 3962 ἀπ’
430 3895 525 3962 αὑτοῦ
538 3894 617 3980 άφα’
634 3923 664 3962 ε-
695 3899 768 3983 μετδι
781 3904 878 3965 ταῦτα
891 3847 1073 3973 είςείίάσεται
1086 3905 1125 3975 είς
1144 3899 1197 3986 τήν
1218 3929 1299 3986 παρ-

57 4011 100 4066 μα
111 3987 207 4069 κυρίῳ
227 3980 403 4045 ἐπιδέκατον
419 3975 483 4046 ἇπό
497 3986 552 4047 τοῦ
566 3925 664 4048 ἐπίδευ
696 3982 835 4066 εμβολήν,
860 3983 912 4049 καί
924 3976 1100 4070 ἀκάθαρτος
1118 3986 1201 4050 ὲίτται
1220 3982 1238 4051 ὁ
1257 3991 1297 4051 ίε-

58 4062 163 4139 κάτου,
187 4048 216 4107 ²²
233 4064 285 4129 καί
305 4058 513 4146 λογισθήσεται
535 4061 602 4146 ύμῖν
622 4062 662 4130 τὰ
696 4066 760 4151 ρεύς
773 4072 829 4141 ἕως
841 4066 976 4150 ἑσπέρας.
1000 4067 1080 4131 8καί
1097 4063 1299 4136 δκατακαίων

59 4149 250 4254 ἀφαιρέματα
263 4143 344 4229 ὑμῶν
360 4142 401 4221 ῶς
413 4157 495 4223 σῖτος
508 4146 572 4214 άπὸ
585 4144 663 4225 δίλω,
695 4147 789 4233 αὐτήν
814 4149 920 4215 πλυνεῖ
935 4146 974 4215 τά
990 4148 1095 4234 ἱμάτια
1111 4151 1221 4227 αὐτοῦ,
1247 4154 1298 4218 καί

57 4233 110 4297 καί
135 4236 286 4316 αφαίρεμα
310 4224 375 4294 άπό
399 4229 498 4312 ληνοῦ.
521 4226 663 4305 28οὕτως
695 4226 832 4299 λούσεται
849 4231 886 4298 τὸ
903 4236 990 4317 σῶμα
1007 4231 1102 4301 αὐτοῦ
1113 4283 1123 4311 ,
1151 4237 1201 4302 καί
1219 4230 1298 4301 θνά-

56 4315 189 4397 άφελείτε
205 4311 316 4388 αύτούς
335 4313 387 4376 καί
406 4308 484 4395 ὑμεῖς
502 4309 566 4378 άπὸ
583 4307 662 4378 πάν·
694 4321 809 4399 θαρτος
821 4317 905 4380 ἔσται
917 4322 973 4392 ἕως
984 4318 1060 4382 έοπέ
1076 4343 1121 4393 ας.
1144 4318 1216 4382 9ιιαί
1228 4343 1297 4384 συν-

54 4423 116 4498 τῳν
140 4402 202 4463 τῶν
234 4390 445 4480 ἀφαιρεμάτων
468 4400 572 4496 κυρίου
595 4393 660 4459 άπὸ
694 4390 755 4472 άξει
773 4396 939 4545 άνθρῳέος
956 4409 1040 4463 καθα
1077 4395 1168 4482 ςτήν
1185 4397 1298 4466 σποδόν

56 4501 180 4546 παντων
195 4482 256 4543 τῶν
277 4471 458 4567 ἔπιδεκάτων
480 4500 576 4579 υμων,
602 4472 662 4541 ὅσα
693 4482 746 4563 τῆς
757 4475 839 4563 δαμά
898 4507 926 4556 ς,
944 4483 996 4544 καί
1008 4476 1158 4563 ἇποθήσει
1171 4485 1232 4556 ἔξω
1244 4484 1299 4559 τῆς

1184 4583 1298 4644 πσρεμ·
