2924 4972
439 209 475 271 A
486 214 528 270 Μ
540 209 569 267 Ω
581 213 613 268 Σ
651 211 727 281 Κεφ.
742 203 779 279 ζ’.
794 202 830 286 η’.
844 209 888 269 θ’.
901 208 932 269 7.
945 204 975 268 8.
990 205 1019 268 9.
1291 204 1357 270 735

106 306 226 399 σονται,
251 324 301 386 καί
319 320 525 405 ἀναστήσομαι
539 322 589 384 ἐπί
602 319 655 384 τὸν
670 319 717 384 σί·
750 317 908 406 θησαυρὸν
924 324 980 384 τοῦ
994 326 1116 404 ποιῆσαι
1128 325 1235 405 μέτρον
1245 320 1358 405 μικρὸν,

106 432 162 473 κον
174 404 332 493 Ἶεροβοάμ
344 409 375 469 έν
386 407 533 504 ῥομφαίᾳ.
552 405 638 467 10καί
648 404 716 479 ἐξα·
749 405 801 467 καί
831 408 888 467 τοῦ
916 404 1076 486 μεγαλῦναι
1111 400 1277 488 στάθμιον,
1307 405 1358 469 καί

106 489 258 556 πέστειλεν
278 487 422 569 Ἀμασίας
445 512 462 550 ο
485 482 575 569 ίερεδς
590 483 717 569 Βαιθήλ
749 491 873 589 ποιήσαι
885 486 974 563 ζυγὸν
988 485 1100 564 άδικον,
1126 485 1209 550 ὃτοῦ
1223 492 1358 553 κτάσθαι

107 573 186 659 πρὸς
197 569 355 657 Ἶεροβοάμ
367 569 494 655 βασιλέα
505 565 646 654 Ἰσραήλ,
668 568 718 633 λέ-
751 572 782 635 έν
799 575 933 654 αργυρίῳ
952 572 1004 633 καί
1021 567 1161 653 πτωχούς
1178 570 1229 633 καί
1245 575 1359 655 πένητα

108 682 180 735 γων.
212 653 387 737 συστροφάς
408 665 537 719 ποιεῖται
563 651 640 716 κατὰ
660 657 718 717 σοῦ
751 651 820 716 ἀντί
846 648 1064 735 ὑποδημάτων,
1089 653 1140 714 καί
1166 648 1228 715 ἀπὸ
1245 652 1359 728 παντὸς

103 739 201 840 Ἀμώς
216 741 247 803 έν
266 740 348 820 μέσῳ
366 736 451 800 οἴκου
466 733 599 823 Ἰσραήλ,
627 733 663 800 οὐ
676 733 717 818 μή
750 731 927 820 γεννήματος
939 731 1187 835 ἐμπορευσόμεθα
1192 763 1205 814 ,·
1233 731 1359 817 Ἰάμνύει

108 826 232 905 δυνηται
247 819 315 906 ήγή
334 816 495 897 ὑπενεγκεῖν
510 818 627 905 πάντας
645 816 719 894 τούς
751 815 853 905 κύριος
864 816 942 883 κατὰ
956 822 1008 901 τῆς
1023 823 1223 901 υπερηφανιάς
1238 815 1359 905 Ἰακὼβ,

109 904 220 980 λόγους
234 903 340 968 αὐτοῦ.
364 907 387 944 ¹¹
401 899 477 967 διότι
493 903 564 968 τάδε
576 902 653 976 λέγει
667 898 718 965 ’A-
751 907 776 967 εί
793 897 1029 986 έπιλησθήσεται
1052 905 1091 975 είς
1108 913 1186 975 νῖκος
1203 899 1303 966 πάντα
1320 900 1359 966 τά

108 983 181 1066 μοι’ς.
196 991 227 1051 έν
236 990 369 1072 ῥομφαίᾳ
383 981 542 1070 τελευτήσει
550 981 718 1086 Ἶεροβοάμ,
751 989 826 1070 ἔργα
844 983 933 1068 ὑμῶν.
960 986 1038 1048 8καί
1051 986 1102 1048 ἐπὶ
1118 980 1237 1059 τούτοις
1250 984 1287 1049 ού
1302 1011 1359 1050 τα-

109 1068 127 1135 ὃ
147 1068 179 1133 δὲ
198 1067 323 1154 Ἰσραήλ
344 1064 531 1151 αἰχμάλωτος
554 1065 718 1171 ἀχθήσεται
751 1065 934 1173 ραχθήσεται
952 1065 971 1150 ή
989 1073 1045 1152 γή,
1070 1069 1121 1131 καί
1137 1064 1279 1151 πενθήσει
1298 1071 1359 1142 πάς

110 1151 172 1218 ἀπὸ
190 1158 242 1236 τῆς
254 1158 306 1255 γής
319 1150 423 1215 αὐτοῦ.
442 1153 468 1192 ¹²
479 1155 530 1214 καί
542 1149 620 1215 εἶπεν
631 1154 718 1233 Apa·
751 1179 769 1217 ο
782 1156 931 1216 κατοικῶν
949 1155 981 1216 έν
1000 1149 1093 1242 αὐτῇ,
1119 1152 1170 1215 καί
1183 1145 1359 1236 ἀναβήσεται

110 1242 176 1309 σίας
188 1233 265 1318 πρὸς
277 1232 383 1316 Αμώς.
411 1231 428 1298 ὁ
442 1229 521 1316 δρῶν
532 1233 646 1319 βάδιζε,
670 1239 719 1298 ἐκ·
752 1235 792 1310 ὡς
803 1232 939 1318 ποταμὸς
952 1233 1109 1309 συντέλεια,
1130 1234 1182 1298 καί
1194 1228 1358 1318 καταβήσε-

109 1314 249 1402 χάρησον
269 1317 307 1382 σὺ
327 1320 365 1390 είς
377 1321 433 1400 γήν
447 1312 568 1391 Ἰούδα,
593 1319 647 1383 καί
663 1319 722 1382 ἐκεῖ
751 1346 802 1384 ται
816 1312 1174 1399 ὧςποταμδςΑίγύπτου.
1188 1319 1262 1381 9καί
1275 1321 1359 1381 ἔσται

111 1405 269 1486 καταβίου,
284 1401 335 1464 καί
347 1396 636 1485 έκείπροφητεύσεις,
648 1403 720 1475 13είς
752 1407 784 1467 έν
803 1405 842 1494 τῇ
854 1399 948 1486 ήμέρηι
965 1406 1073 1484 ἐκείνη,
1101 1402 1179 1478 λέγει
1195 1395 1295 1484 κύριος
1306 1396 1361 1464 κύ-

110 1484 144 1548 δὲ
162 1483 290 1566 Βαιθήλ
316 1480 372 1547 οδκ
397 1485 440 1546 ἔτι
464 1480 640 1568 προςθήσεις
662 1487 720 1548 τού
752 1510 824 1570 ριος,
844 1484 962 1548 δύσεται
975 1482 992 1548 ὁ
1005 1471 1088 1567 ἣλιος
1105 1487 1298 1569 μεσημβρίας,
1309 1483 1360 1546 καί

109 1571 335 1651 προφητεῦσαι,
361 1562 407 1629 ὅτι
425 1564 558 1648 άγίασμα
575 1566 720 1654 βασιλέως
753 1563 931 1632 συσκοτάσει
949 1568 1001 1632 έπί
1018 1572 1071 1651 τῆς
1082 1572 1136 1650 γής
1155 1571 1188 1632 έν
1209 1565 1304 1650 ήμέρᾳ
1321 1563 1358 1630 τὸ

110 1652 189 1725 ἐστί,
208 1653 259 1715 καί
272 1648 353 1724 οίκος
364 1648 515 1735 βασιλείας
528 1652 600 1715 ἐστί.
626 1650 720 1714 14καί
752 1654 830 1752 φῶς,
857 1653 885 1692 ¹⁰
898 1651 949 1714 καί
961 1653 1161 1734 μεταστρέψαι
1179 1649 1236 1725 τάς
1252 1646 1359 1754 ἑορτάς

110 1731 261 1818 ἀπεκρίθη
274 1731 379 1834 Ἀμώς,
401 1733 453 1796 καὶ
466 1731 527 1797 είπε
539 1731 615 1818 πρὸς
626 1730 721 1817 Ἀμα-
753 1738 834 1815 υμῶν
846 1737 886 1808 είς
897 1736 1020 1809 πένθος,
1037 1736 1088 1799 καὶ
1099 1729 1199 1808 πάσας
1212 1731 1265 1808 τάς
1277 1730 1358 1815 ῳδάς

111 1821 188 1881 σίαν.
216 1815 272 1879 ούκ
292 1815 366 1899 ήμην
378 1812 534 1899 προφήτης
550 1816 626 1893 ἐγὼ,
650 1815 720 1881 οὐδὲ
752 1814 833 1898 ὑμῶν
846 1820 885 1890 είς
897 1820 1020 1901 θρήνου,
1029 1818 1081 1882 καί
1094 1814 1227 1902 ἀναβιβῶ
1238 1817 1357 1881 έπίπᾶ-

113 1898 177 1974 υίὸς
188 1894 364 1983 προφήτου,
387 1897 452 1961 ἀλλ’
468 1899 488 1981 ἢ
502 1894 629 1975 αἰπόλος
648 1898 720 1984 ’μην
753 1925 807 1964 σαν
823 1897 921 1979 ὀσφύν
935 1896 1052 1979 σάκκον,
1069 1901 1121 1964 καὶ
1132 1902 1182 1963 ἐπί
1194 1906 1298 1964 πᾶσαν
1311 1924 1359 1963 κε-

112 1984 164 2047 καί
175 1985 280 2059 κνίζων
298 1976 452 2062 συκάμινα.
479 1982 505 2025 ¹⁵
518 1985 570 2047 καί
590 1981 647 2048 ἀνέ
672 1985 721 2131 ῐβέ
753 1980 852 2066 φαλήν
865 1979 1061 2067 φαλάκρωμα.
1087 1983 1140 2046 καί
1156 1978 1289 2066 θήσομαι
1302 1980 1358 2047 αύ-

111 2091 146 2136 ιιε
160 2059 259 2150 κύριος
271 2069 302 2129 ἐκ
317 2069 377 2130 τῶν
389 2061 571 2150 προβάτων,
594 2067 645 2130 καί
658 2092 671 2131 ε
683 2091 720 2130 πε
752 2063 806 2130 τὸν
822 2061 863 2138 ὡς
881 2068 995 2140 πένθος
1011 2064 1186 2149 ἀγαπητοῦ,
1210 2067 1264 2131 καί
1286 2061 1359 2140 τούς

112 2145 212 2233 κύριος
228 2146 306 2231 πρὸς
316 2149 366 2230 μὲ,
391 2146 504 2232 βάδιζε,
528 2151 581 2212 καί
598 2174 683 2232 προφ
694 2145 721 2200 ’-
751 2146 809 2230 μετ’
826 2147 921 2212 αὐτοῦ
934 2146 975 2224 ὡς
988 2144 1101 2233 ήμέραν
1115 2145 1228 2233 ὀδύνης.
1251 2146 1356 2212 11ἰδού

113 2255 219 2296 τευσον
244 2233 295 2295 ἐπὶ
320 2230 374 2294 τὸν
398 2227 474 2294 λαόν
497 2256 556 2312 μου
587 2177 718 2315 Ἰσραήλ.
752 2231 858 2315 ήμέραι
872 2231 1097 2316 έρχονται,λέγει
1110 2230 1280 2314 κύριος,καί
1293 2232 1358 2305 έξα·

114 2316 141 2357 ¹⁰
155 2316 206 2378 καί
218 2317 271 2378 νῦν
284 2311 372 2376 ἀκουε
385 2311 478 2390 λόγον
490 2318 602 2396 κυρίου.
620 2315 657 2376 σὺ
671 2314 720 2379 λέ-
752 2313 888 2379 ποστελιῦ
905 2312 989 2395 λιμὸν
1002 2317 1052 2379 ἐπὶ
1064 2311 1117 2398 τήν
1129 2319 1199 2393 γῆν,
1222 2311 1257 2376 ού
1271 2310 1358 2394 λιμὸν

111 2421 170 2474 γεις
187 2393 227 2478 μή
244 2391 415 2478 προφήτευε
428 2395 490 2495 Ιέπί
514 2393 571 2460 τὸν
588 2393 719 2481 Ἰσραήλ,
752 2395 853 2501 ἀρτσήν
865 2393 934 2461 ούδέ
947 2398 1039 2501 δίηιαν
1054 2393 1171 2472 ἀδατος,
1183 2394 1262 2460 ἀλλὰ
1275 2394 1359 2478 λιμὸν

110 2480 166 2625 ριΙαί
179 2477 216 2577 οὐ
227 2474 492 2624 μήβρλαγωγησης
505 2479 555 2543 ἐπί
567 2477 622 2544 τδν
635 2477 720 2544 οἶκον
751 2505 807 2545 του
823 2484 951 2545 ακούσαι
963 2505 1017 2545 τον
1030 2474 1120 2557 λόγον
1133 2480 1244 2563 κυρίου.
1267 2481 1294 2521 ¹²
1307 2482 1358 2544 καί

138 2587 202 2624 ακω
223 2598 237 2622 ,Α

112 2669 186 2728 ριος.
201 2563 315 2728 βήγυνή
327 2668 384 2707 σου
400 2647 432 2708 έν
444 2646 484 2735 τῇ
493 2644 580 2751 πόλει
592 2641 720 2730 πορνεύ-
752 2671 805 2728 σης
824 2650 878 2721 ἕως
896 2643 1072 2730 θαλάσσης,
1098 2646 1150 2710 καί
1166 2643 1229 2709 ἀπὸ
1248 2645 1358 2804 Βοήρἆ

319 2557 350 2624 ιά
367 2564 461 2625 τοῦτο
480 2555 551 2625 τάδε
569 2560 644 2638 λέγει
666 2558 720 2626 κύ-
753 2558 989 2646 σαλευθήσονται
999 2559 1094 2627 ὕδατα
1105 2559 1169 2627 ἀπὸ
1181 2566 1232 2644 τῆς
1241 2559 1356 2626 θαλάσ·

113 2752 174 2802 σει,
199 2752 251 2790 και
264 2729 295 2790 σί
308 2729 369 2791 υίοί
381 2751 437 2791 σου
449 2753 501 2790 και
513 2730 545 2790 αί
557 2731 720 2813 θυγατέρες
753 2733 808 2802 ἕως
837 2725 996 2794 ἀνατολῶν
1026 2729 1276 2815 περιδραμοῦνται
1323 2755 1356 2812 η-

113 2835 170 2875 σου
187 2811 219 2873 έν
237 2812 372 2894 ῥομφαίᾳ
384 2813 559 2889 πεσοῦνται,
585 2813 637 2876 καί
650 2808 668 2896 ή
681 2816 720 2919 γή
752 2816 869 2886 τοῦντες
881 2808 937 2877 τὸν
949 2808 1042 2890 λόγον
1054 2817 1110 2877 τοῦ
1123 2817 1236 2898 κυρίου,
1255 2813 1307 2878 καί
1319 2808 1355 2877 οά

112 2919 168 2958 σου
182 2895 213 2956 ἓν
226 2898 345 2977 σχοινίιρ
355 2889 658 2995 καταμετρηθήσεται,
669 2921 721 2960 και
751 2891 790 2979 μή
803 2891 934 2981 εὕρωσιν.
959 2897 987 2938 ¹³
1000 2899 1032 2962 έν
1045 2902 1083 2979 τῆ
1095 2892 1189 2982 ήμέρᾳ
1202 2901 1295 2980 ἐκείνη
1308 2899 1323 2961 ἒ
1340 2936 1357 2947 -

112 2975 151 3042 σύ
166 2977 197 3037 ἰν
207 2979 246 3067 γῇ
265 2970 433 3060 ἀκαθάρτῳ
446 2975 633 3060 τελευτήσεις,
657 2974 720 3044 ὅδὲ
751 2977 905 3061 λείηιουσιν
925 2981 959 3042 αί
969 2967 1120 3063 παρθένοι
1133 2984 1167 3045 αἶ
1177 2969 1283 3055 καλαὶ,ι
1307 2979 1358 3042 καί

109 3056 234 3143 Ἰσραήλ
260 3056 448 3141 αἰχμάλωτος
474 3055 637 3143 ἀχθήσεται
655 3059 719 3127 ἀπὸ
752 3064 781 3124 οί
793 3067 938 3126 νεανίσκοι
951 3066 984 3127 ἐν
996 3064 1087 3146 δίψει,
1111 3063 1141 3105 ¹⁴
1154 3067 1186 3128 οί
1199 3059 1359 3146 ὀμνύοντες

112 3145 165 3224 τῆς
182 3146 237 3224 γῆς
256 3139 359 3206 αὐτοῦ.
386 3138 485 3218 ούτως
502 3143 594 3219 έδειξέ
601 3169 653 3227 μοι
665 3140 718 3208 κιί-
752 3141 831 3208 κατά
845 3145 900 3209 τοῦ
914 3144 1044 3229 ίλασμοῦ
1056 3152 1242 3231 Σαμαρείας,
1265 3145 1316 3209 καί
1329 3149 1360 3210 σί

112 3249 175 3309 ρισς
192 3221 303 3311 κύριος.
751 3226 892 3305 λέγοντες,
905 3228 939 3303 ζ”
954 3226 971 3294 ὁ
984 3225 1055 3305 θεάς
1068 3257 1123 3296 σου
1136 3228 1211 3306 Δάν,
1229 3231 1279 3294 καί
1292 3231 1328 3318 ζῇ
1341 3224 1358 3292 ὁ

300 3313 375 3371 ΚΕ
388 3312 426 3370 Φ.
470 3308 525 3373 Η’.
751 3305 822 3385 θεός
832 3337 888 3376 σου
897 3253 1065 3399 Ζέηρσαβεέ.
1077 3314 1129 3377 καί
1137 3316 1299 3378 πεσοῦνται
1309 3313 1360 3374 καί

111 3355 196 3456 Καί
207 3387 272 3455 ἰδού
286 3389 378 3468 ἀγγος
391 3393 511 3466 ίξευτοῦ.
534 3397 584 3458 καί
598 3392 670 3468 εἷπε,
688 3400 721 3459 τί
752 3392 788 3458 σύ
800 3389 841 3476 μή
855 3393 1027 3460 ἀναστῶσιν
1040 3399 1093 3458 ἔτι.

111 3473 151 3539 σὺ
169 3472 287 3558 βλέπεις
304 3469 399 3556 Ἀμώς
404 3502 417 3553 ,·
443 3477 494 3539 καί
517 3475 595 3540 εἶπα.
627 3476 719 3553 ἀγγος
940 3482 974 3538 Κ
985 3483 1015 3538 E
1028 3481 1066 3538 Φ.
1114 3470 1163 3537 (δ’.

111 3559 240 3634 ίξευτοῦ.
279 3557 357 3621 2καί
375 3556 436 3621 εἶπε
458 3555 558 3636 κύριος
576 3556 654 3641 πρὸς
671 3561 718 3640 μέ.
753 3528 861 3621 Εἶδον
876 3557 932 3621 τὸν
943 3552 1046 3642 κύριον
1059 3559 1213 3636 ἐφεστῶτα
1231 3555 1281 3619 έπί
1298 3557 1355 3619 τοῦ

110 3637 176 3724 ἥκει
193 3634 229 3702 τὸ
245 3640 338 3724 πέρας
356 3642 407 3704 έπί
424 3639 477 3703 τὸν
492 3634 569 3704 λαόν
585 3664 643 3720 μου
657 3638 717 3703 Ἰσ·
751 3646 986 3724 θυσιαστηρίου,
1001 3641 1052 3704 καί
1065 3637 1135 3703 εἷπε.
1160 3634 1295 3715 πάταξον
1307 3641 1358 3704 έπί

109 3718 424 3808 ραήλ,οάπροςθήσω
437 3725 480 3786 έτι
490 3725 547 3786 τοῦ
557 3721 719 3807 παρελθεῖν
752 3719 788 3785 τὸ
814 3718 996 3809 ἱλαστήριον,
1028 3725 1080 3787 καί
1105 3718 1290 3807 σεισθήσεται
1316 3720 1356 3787 τά

110 3800 212 3870 αι’ντόν.
238 3806 316 3870 3καί
330 3801 463 3882 ὀλολύξει
480 3803 519 3869 τά
532 3799 719 3888 φατνώματα
751 3797 911 3887 πρόπυλα,
935 3807 987 3870 καί
998 3801 1149 3890 διάκοψον
1167 3811 1206 3881 είς
1227 3804 1356 3884 κεφαλάς

109 3891 166 3953 τοῦ
192 3893 268 3954 ναοῦ
289 3892 320 3952 ἐν
336 3892 376 3980 τῇ
397 3885 493 3974 ἡμέρας
508 3891 617 3971 ἐκείνη,
642 3888 719 3966 λέγει
750 3884 880 3952 πάντων.
906 3890 958 3955 καί
984 3887 1056 3964 τούς
1081 3890 1283 3964 καταλοίπους
1300 3888 1357 3956 αύ-

110 3966 214 4056 κύριος
226 3967 338 4055 κύριος.
362 3970 460 4046 πολύς
480 3960 676 4047 ὁπεπύισκιδς
689 3975 719 4036 έν
750 3975 812 4036 ταῖν
824 3972 855 4036 έν
869 3975 1002 4056 ῥομφαίᾳ
1017 3971 1182 4049 ἀποκτενῶ,
1193 3972 1230 4039 ού
1239 3971 1280 4077 μή
1290 3974 1357 4040 δια-

108 4055 201 4118 παντί
213 4050 313 4160 τόπερ,
338 4055 489 4139 έπιῤῥίιμιο
503 4049 625 4140 σιωπήν.
651 4056 667 4098 ⁴
681 4054 719 4119 ἀ-
752 4049 831 4139 φύγη
842 4058 872 4131 ἐξ
883 4055 985 4121 αύταῖν
995 4051 1120 4138 φεύγων,
1132 4060 1182 4122 καί
1191 4054 1229 4122 οὐ
1239 4085 1280 4140 μη
1291 4059 1356 4122 δια-

108 4132 239 4202 κούσατε
259 4138 296 4219 δη
317 4140 415 4201 ταῦτα
435 4141 466 4201 οί
482 4141 662 4224 έκτρίβοντες
680 4143 719 4213 εἷς
752 4128 844 4225 σωθῇ
855 4140 886 4214 ἐξ
904 4141 1004 4205 αὐτῶν
1016 4137 1249 4222 ἀνασωζόμενος.
1276 4139 1356 4204 2έδιν

108 4220 233 4305 τοπρισῒ
240 4223 364 4303 πένητα,
378 4221 429 4284 καί
442 4218 719 4286 καταδυναστεύον-
751 4228 975 4309 κατακρυβῶσιν
987 4229 1025 4299 είς
1037 4220 1124 4306 ᾅδου,
1137 4229 1250 4291 έκεῖθεν
1262 4220 1281 4307 ή
1288 4229 1354 4325 ηείρ

105 4327 155 4375 τες
165 4299 305 4449 πταήούς
317 4300 381 4366 ἀπὸ
393 4307 446 4386 τῆς
460 4307 523 4387 γής,
546 4306 559 4347 ⁵
573 4305 717 4380 λέγοντες,
749 4330 808 4386 μου
826 4303 991 4373 ἀνασπάσει
1011 4303 1127 4384 αὐτούς.
1153 4312 1204 4373 καί
1216 4305 1267 4371 ἐὰν
1280 4333 1356 4371 ανα-

104 4380 183 4448 πότε
197 4385 239 4450 διε
258 4381 371 4449 εύσεται
385 4382 403 4449 ὁ
411 4386 477 4470 μήν,
488 4389 539 4451 καί
548 4382 716 4470 ἔμπολήσο-
749 4390 842 4472 βαῑσιν
859 4394 898 4464 είς
914 4392 969 4456 τὸν
982 4389 1130 4476 οὐρανὸν,
1156 4395 1269 4454 ἐκεῖθεν
1281 4414 1355 4452 κατ-

104 4489 173 4551 μεν,
198 4469 249 4530 καί
267 4467 306 4534 τά
320 4465 460 4555 σάββατα
465 4519 476 4547 ,
502 4471 554 4534 καί
567 4467 719 4552 ἀνοίξομεν
750 4465 814 4547 άξω
838 4470 959 4547 αὐτούς.
995 4474 1076 4539 3έάιν
1097 4473 1356 4610 ἔγκατακρυβῶσρν

1314 4573 1354 4610 ει
