2924 4972
114 230 179 297 784
426 227 463 284 Η
472 227 540 284 ΣΑ
555 223 613 283 [Α
625 224 656 281 Σ
695 225 761 296 Κεφ
785 224 838 291 κς.
851 215 907 291 κζ’.
920 215 973 280 26.
987 218 1038 280 27.

108 424 282 510 καισσῦνην,
307 427 359 488 καί
377 422 538 504 φυλασσων
557 416 714 505 ἀλήθειαν,
746 419 820 497 λαός
839 447 913 504 μου,
938 421 1094 497 είςελθεείς
1106 417 1145 486 τά
1163 434 1271 505 ταμεῖα
1289 447 1360 500 σου,

108 512 122 553 ³
135 501 416 594 ἀντιλαμβανόμενος
429 503 583 589 ἀληθείας,
596 509 648 570 καί
658 531 715 586 φυ-
746 502 926 570 ἀπόκλεισον
942 505 995 609 τήν
1007 502 1106 611 θάραν
1120 530 1191 580 σου,
1219 504 1360 592 ἀποκρό-

110 590 228 659 λάσσων
251 589 374 677 είρήνην.
400 585 448 653 ότι
473 589 524 652 ἐπί
548 590 597 653 σοί
618 589 715 653 ίλιτίδι
745 593 819 675 βηθι
836 587 939 675 μικρὸν
955 589 1028 654 ὅσον
1045 591 1132 663 ὁσον,
1157 593 1214 663 ἕως
1225 587 1355 671 ἀνπαρ-

108 676 268 778 *ήλπισαν
292 669 372 758 κῦριε
397 677 453 747 ἕως
474 674 531 736 τοῦ
549 675 671 748 αίῶνος,
697 667 715 736 ὁ
747 673 826 763 ἔλθη
843 670 950 758 ήῦργή
968 677 1079 756 κυρίου.
1106 674 1134 714 ²¹
1147 670 1214 737 ἰδοῦ
1229 671 1286 755 γάρ
1298 669 1357 735 κά-

109 769 179 834 θεος
197 755 214 823 ὁ
227 759 334 840 με’γας,
347 754 366 820 ὁ
379 751 513 829 αλιόνιος,
539 754 553 797 ⁶
567 750 601 829 ἀς
613 779 717 820 ταπει-
747 781 811 841 ριος
827 754 892 820 ἀπὸ
910 760 966 820 τοῦ
977 752 1065 833 ἀγίου
1080 750 1185 832 ἐπάγει
1195 757 1249 838 τήν
1261 754 1358 842 ὀργήν

109 838 206 918 νάσας
219 836 383 924 κατήγαγες
399 837 470 913 τοῦς
488 841 673 913 ἐνοικοῦντας
685 840 717 901 έν
748 840 798 905 ἐπί
810 837 881 913 τοῦς
892 841 1077 914 ἐνοικοῦντας
1089 841 1140 903 ἐπί
1151 844 1203 923 τής
1215 844 1279 921 γῆς.
1304 839 1359 903 καὶ

110 923 249 1010 ῦηιηλοῖς.
275 920 377 997 πόλεις
401 917 509 1007 ὀχυράς
531 922 716 1009 καταβαλεῖς,
748 919 936 1007 ἀνακαλάηιει
950 919 968 1006 ἢ
980 927 1021 1006 γή
1035 921 1072 987 τὸ
1086 921 1158 1004 αίμα
1170 919 1280 1005 αὐτῆς,
1306 921 1360 986 καί

110 1012 160 1074 καί
178 1005 311 1085 κατάξεις
328 1011 383 1081 ἕως
402 1003 537 1086 ἐδάφους.
562 1005 643 1070 θκαί
654 1030 717 1070 πα·
748 1003 784 1071 οῦ
796 1000 1004 1089 κατακαλόιμει
1020 1004 1126 1081 τοῦςά
1161 1009 1312 1090 ρημένσυς.

110 1090 252 1176 τήσουσιν
278 1086 390 1163 αῦτοῦς
414 1083 502 1163 πόδες
523 1091 647 1194 πρᾳέσιν
665 1087 717 1152 καὶ
774 1094 788 1122 ⁹
926 1094 1001 1152 ΚΕ
1013 1093 1051 1153 Φ.
1094 1029 1177 1154 ΚΞ.

110 1179 266 1242 ταπεινοῦν.
288 1169 386 1247 ίὸδὸς
397 1171 524 1259 εὐσεβῶν
535 1182 640 1237 ευθεῖα
651 1173 715 1250 ἓγέ-
749 1141 816 1239 Er
840 1176 878 1266 τῇ
897 1167 992 1258 ἡμέρη
1010 1176 1103 1257 ἐκείνη
1128 1168 1227 1248 ἐπάξει
1245 1169 1264 1235 ὁ
1284 1170 1360 1247 θεὸς

110 1256 218 1345 νετο,ή
235 1254 306 1332 ὁδὸς
328 1260 388 1320 τών
404 1253 528 1361 εῦσιήλιῦν
552 1257 604 1320 καὶ
621 1280 717 1342 παρε·
747 1257 803 1340 τήν
818 1255 967 1342 μάχαιραν
983 1254 1039 1340 τήν
1052 1247 1152 1334 ἀγίαν,
1176 1258 1228 1320 καί
1238 1254 1295 1339 τήν
1306 1281 1360 1337 με-

111 1342 299 1424 σκευασμίνη.
325 1335 373 1423 ’ἢ
385 1337 444 1425 γάρ
458 1338 529 1413 οδὸς
541 1345 642 1426 κυρίου
652 1343 715 1423 κρί-
747 1337 857 1424 γάλην,
883 1340 934 1403 καί
951 1337 1006 1424 τήν
1018 1336 1139 1425 ἰσχυράν
1154 1341 1204 1403 ἐπί
1215 1336 1270 1402 τόν
1283 1335 1362 1424 δρά-

111 1452 164 1501 σις.
190 1424 356 1506 ἠλπίσαμεν
383 1424 435 1486 έπί
450 1426 494 1507 τῷ
511 1418 636 1505 ὀνόματί
651 1447 716 1496 σου,
748 1447 840 1488 κοντα
863 1419 934 1502 ἀφιν
951 1417 1118 1503 φεύγοντα,
1144 1423 1194 1486 ἐπί
1212 1419 1265 1486 τόν
1283 1424 1361 1509 δρα-

109 1512 161 1574 καί
173 1511 223 1574 ἐπί
235 1512 272 1590 νή
284 1511 368 1587 μνείᾳ
393 1507 408 1548 ¹
421 1499 440 1597 ή
455 1510 596 1589 ἐπιθυμεῖ
606 1505 624 1592 ή
636 1504 716 1590 ψυχή
748 1531 842 1572 κοντα
860 1504 930 1585 ὅφιν
949 1502 1077 1572 σκολιόν.
1104 1504 1200 1570 ἀνελεῖ
1210 1504 1265 1569 τόν
1283 1502 1358 1590 δρά-

108 1592 201 1678 ήμιῦν.
227 1579 260 1653 ίιί
276 1588 379 1662 νυκτός
397 1585 529 1677 ὀρθρίζει
547 1589 584 1653 τό
603 1587 717 1674 πνεῦμά
748 1615 850 1656 κοντα.
882 1590 947 1687 2τή
965 1584 1061 1678 ήμέρρ
1081 1593 1189 1682 ἐκείνη,
1215 1585 1360 1692 ἀμπελάν

110 1699 168 1744 αυυ
193 1671 269 1759 πρὸς
294 1671 328 1738 σὲ
352 1670 474 1747 ῦθεὸς,
501 1670 578 1737 διότι
597 1677 661 1753 φώς
677 1671 716 1737 τά
747 1675 840 1748 καλὸς
852 1676 1026 1756 ίπιθυμημα
1040 1669 1166 1757 ἐξάρχειν
1177 1696 1236 1737 κατ
1254 1671 1360 1757 αῦτής.

109 1750 324 1841 προςτάγματά
338 1781 395 1822 σου
408 1757 458 1821 ἐπί
466 1760 518 1839 τῆς
527 1760 589 1841 γῆς.
603 1757 717 1821 δικαισ-
748 1757 762 1799 ³
776 1754 835 1835 ἐγώ
846 1751 934 1830 πόλις
947 1754 1054 1842 ὀχυρά,
1076 1757 1162 1832 πόλις
1174 1755 1360 1840 πολιορκου-

112 1843 203 1926 σιίνην
219 1837 332 1923 μάθετε
350 1843 382 1904 οί
398 1840 579 1913 ἐνοικοῦντες
597 1841 647 1904 ίπί
665 1843 717 1939 τής
747 1843 835 1925 μένη,
852 1835 950 1924 μάτην
963 1843 1062 1904 ποτιιῦ
1074 1836 1177 1924 αὐτήν.
1204 1834 1361 1904 ἀλοίσεται

110 1931 172 2009 γής.
199 1926 227 1968 ¹⁰
240 1926 392 1988 πέπαυται
409 1922 469 2008 γάρ
487 1918 505 1987 ὁ
518 1921 632 2009 ἀσεβής.
657 1949 717 1998 πας
748 1923 806 2009 γάρ
819 1920 933 1997 νυκτὸς,
945 1917 1056 2009 ήμέρας
1068 1922 1100 1988 δὲ
1109 1933 1239 1988 πεσεῖται
1251 1933 1360 2008 τεῖχος.

111 2007 145 2085 ἀς
170 2009 207 2073 οῦ
232 2003 273 2109 μή
292 2002 379 2107 μάθη
394 2001 582 2089 δικαιοσύνην
598 2008 649 2070 ἐπὶ
665 2009 717 2089 τής
749 2006 833 2071 *σῦκ
845 2009 942 2082 ἔστιν,
967 2001 1056 2088 ήοῦκ
1075 2002 1235 2093 ἐπελάβετο
1254 2003 1359 2090 αῦτής.

110 2093 174 2175 γῆς,
188 2087 332 2173 ἀληθειαν
345 2085 437 2194 οῦμή
447 2087 571 2188 ποιήσει.
590 2083 716 2175 ἀρθήτω
749 2096 793 2166 τίς
812 2114 847 2170 με
862 2083 948 2172 θήσει
979 2087 1139 2171 φυλάσσειν
1163 2086 1301 2177 καλάμην
1324 2094 1359 2157 ἐν

111 2172 129 2240 ῦ
148 2172 270 2259 ἀσεβής,
295 2175 346 2236 ίνα
362 2171 402 2256 μή
421 2171 469 2263 ιδη
487 2195 543 2256 την
561 2167 652 2249 δόξαν
664 2196 717 2236 κυ-
749 2171 851 2259 οἰγρρῦ,1
873 2171 922 2238 διά
935 2167 989 2258 τήν
1001 2174 1144 2256 πολεμίαν
1155 2173 1267 2257 ταύτην
1281 2173 1360 2259 ήθέ-

112 2255 187 2344 ρίου.
213 2260 238 2298 ¹¹
251 2250 330 2341 κῦριε
349 2249 465 2340 ῦφηλός
478 2280 532 2320 σου
545 2252 563 2320 ῦ
570 2260 716 2360 ηθραηίων,
749 2284 825 2359 τηνα
836 2253 939 2358 αῦτήν.
958 2262 1057 2323 τοίνυν
1069 2256 1119 2323 διά
1130 2262 1224 2325 τοῦτο
1237 2261 1360 2342 ἐποίησε

111 2342 163 2407 καί
180 2336 236 2405 οῦκ
252 2338 387 2434 ήδεισαν,
412 2335 525 2416 γνόντες
547 2339 579 2404 δε
598 2344 717 2423 αλσχυν-
749 2366 848 2427 κυρισς
865 2363 965 2405 παντα
983 2335 1042 2406 ῦσα
1056 2344 1202 2420 συνέταξε.
1227 2345 1360 2406 κατακέ-

110 2424 269 2508 θήσονται.
295 2422 383 2507 ζήλος
395 2418 523 2506 λήψεται
534 2421 610 2487 λαὸν
624 2420 717 2486 άπαί-
748 2450 866 2508 καυμαι,
892 2424 906 2467 ¹
918 2417 1080 2527 ηλυήσονται
1092 2429 1123 2490 σί
1135 2428 1313 2501 ἐνοικοῦντες
1324 2428 1357 2489 ἐν

112 2510 223 2582 δευτον,
241 2508 292 2571 καί
303 2509 356 2572 νῦν
368 2509 429 2590 πῦρ
444 2503 514 2580 τοῦς
528 2505 717 2579 ὑπεναντίους
748 2507 838 2601 αῦτή,
852 2532 1022 2610 ποιήσωμεν
1035 2508 1147 2593 εἰρήνην
1160 2506 1252 2593 αὐτῷ,
1263 2504 1358 2591 ποιή-

111 2594 214 2658 ίδεται.
240 2592 267 2633 ¹²
280 2588 360 2674 κῦριε
372 2585 390 2654 ὁ
402 2586 475 2665 θεὸς
487 2585 582 2673 ήμῶν,
608 2586 718 2674 εἰρήνην
749 2615 841 2673 σωμεν
858 2595 973 2678 εἰρήνην
1011 2593 1072 2656 6σί
1096 2586 1239 2676 ἐρχόμενοι
1263 2594 1356 2656 τέκνω

111 2673 161 2752 δός
175 2672 255 2758 ἡμῖν,
280 2674 383 2738 πάντα
396 2673 455 2757 γάρ
469 2670 627 2748 ἀπέδωκας
640 2670 715 2756 ήμῖν.
746 2670 864 2762 Ἰακώβ.
890 2672 1048 2762 βλαστήσει
1060 2676 1110 2740 καί
1123 2670 1274 2758 έξανθήσει
1291 2673 1356 2737 Ἰσ-

112 2752 228 2843 13κάριε
253 2754 270 2820 ῦ
289 2756 359 2831 θεὸς
383 2752 478 2838 ήμῶν,
502 2762 609 2842 κτήσαι
632 2753 715 2841 ήμᾶς.
749 2759 838 2845 ραήλ,
851 2763 903 2824 καί
914 2754 1186 2863 έμπλησθήοεταιή
1201 2760 1357 2841 οἰκουμένη

111 2836 190 2927 κάριε
215 2835 299 2914 ἐκτός
326 2864 379 2902 σου
398 2837 494 2904 ἀλλον
512 2838 569 2904 οῦκ
590 2841 715 2922 οἴδαμεν.
749 2846 805 2907 τοῦ
830 2848 950 2927 καρποῦ
976 2842 1081 2908 αῦτοῦ.
1120 2845 1189 2926 7μη
1206 2839 1247 2917 ὡς
1264 2839 1357 2916 αὐτὸς

112 2923 148 2988 τὸ
163 2918 256 3005 ὄνομά
271 2948 327 2987 σου
340 2919 524 3003 ὀνομάζομεν.
542 2922 612 2987 14σί
625 2924 657 2987 δὲ
671 2947 716 2986 νε-
749 2921 875 3003 ἐπάταξε
879 2977 889 3004 ,
916 2927 967 2990 καί
986 2922 1078 3000 αὐτὸς
1095 2920 1191 2998 οὕτως
1207 2922 1357 3006 πληγήσε»

110 3009 177 3112 κροί
189 3005 266 3090 ζωήν
285 3003 322 3070 οῦ
334 3001 374 3090 μή
393 3006 507 3082 ἴδωσιν,
535 3003 604 3071 οῦδὲ
618 3007 716 3092 ἰατροί
748 3035 814 3089 ταις
844 3012 896 3075 καί
920 3005 962 3083 ιῦς
985 3004 1076 3081 αῦτός
1099 3004 1224 3082 ἀνεῖλεν,
1254 3004 1356 3080 οὕτως

110 3115 146 3154 ου
159 3089 199 3174 μή
214 3086 421 3173 ἀναστήσουσι.
435 3086 485 3153 διά
497 3094 590 3155 τοῦτο
601 3086 713 3174 έπήγα-
748 3089 972 3179 ἀναιρεθήσεται
977 3118 990 3168 ,·
1012 3090 1027 3131 ⁸
1039 3087 1201 3172 μαχόμενος
1213 3089 1265 3151 καί
1270 3085 1356 3174 ρνει-

108 3198 170 3251 γες,
196 3175 246 3236 καί
259 3167 423 3246 ἀπώλεσας,
436 3175 487 3237 καί
499 3161 574 3264 ήρας
586 3178 648 3239 πᾶν
661 3173 715 3256 ἀρ-
748 3178 834 3254 δίζων
844 3167 1157 3250 ίξαποστελεῖαῦτοῦς.
1168 3169 1205 3235 οῦ
1216 3171 1253 3236 σῦ
1268 3171 1357 3255 ήσθα

110 3281 157 3321 σεν
169 3254 277 3320 αῦτιῦν.
292 3251 450 3340 15πρόςθες
463 3254 565 3331 αὐτοῖς
574 3257 652 3322 κακά
662 3255 716 3321 κά·
746 3260 868 3341 μελετῶν
879 3262 923 3339 τῷ
935 3254 1077 3336 πνειίματι
1089 3260 1133 3338 τῷ
1147 3253 1280 3340 σκληρῷ,
1292 3253 1356 3321 ἀνε·

109 3366 165 3425 ριε,
191 3337 318 3424 πρόςθες
334 3338 412 3405 κακὰ
431 3352 492 3415 τοῖς
515 3338 645 3418 ἐνδόξοις
665 3347 715 3426 τής
747 3343 805 3408 λιῖν
829 3336 940 3414 αῦτοῦς
963 3334 1108 3419 πνεύματι
1127 3344 1231 3422 θυμοῦ
1238 3367 1250 3417 ,·
1276 3340 1357 3405 9διῦι

107 3428 168 3511 γής.
195 3419 314 3510 16κόριε
328 3426 358 3487 έν
370 3424 474 3507 θλίψει
487 3421 637 3510 ἐμνήσθην
650 3451 714 3501 σου,
747 3430 839 3494 τοῦτο
859 3417 1093 3522 ἀφαιρεθήσεται
1106 3419 1216 3505 ἀνομία
1231 3419 1353 3509 Ἰακώβ,

109 3511 140 3573 ἐν
156 3511 262 3591 θλίψει
280 3513 371 3595 μικρᾷ
390 3505 408 3592 ή
427 3509 545 3573 παιδεία
562 3535 617 3573 σου
638 3504 715 3592 ήμῖν.
748 3512 800 3576 καί
809 3505 901 3576 τοῦτό
911 3510 989 3574 ἐστιν
999 3533 1016 3589 η
1026 3503 1147 3584 εῦλογία
1160 3505 1268 3581 αὐτοῦ,
1281 3502 1354 3571 όταν

109 3593 200 3654 17καί
223 3589 264 3666 ὡς
290 3589 307 3674 ή
331 3590 482 3657 ὠδίνουσα
499 3593 598 3668 ἐγγίζει
616 3603 715 3668 τεκεῖν,
748 3592 905 3678 ἀφέλωμαι
918 3591 972 3677 τήν
986 3588 1137 3672 ἁμαρτίαν
1150 3588 1247 3655 αὐτοῦ
1252 3640 1260 3663 ,
1281 3587 1354 3653 ὅταν

109 3674 159 3737 ἐπὶ
175 3677 214 3763 τῇ
231 3670 313 3737 ὠδῖνι
326 3672 419 3758 αῦτής
432 3678 594 3759 έκέκραξεν,
620 3672 716 3751 οὕτως
747 3681 829 3742 θωσι
841 3673 957 3751 πάντας
968 3673 1040 3749 τοῦς
1052 3674 1161 3749 λίθους
1173 3675 1352 3819 τιῦνίυμῶν

109 3751 285 3839 ἐγενήθημεν
303 3762 346 3839 τῷ
365 3755 514 3858 ἀγαπητῷ
533 3784 599 3825 σου.
625 3760 653 3802 ¹⁸
667 3759 716 3823 διὰ
747 3763 1037 3842 κατακεκομμένους,
1065 3754 1106 3832 ὡς
1123 3762 1222 3822 κονίαν
1263 3749 1350 3837 πτήν.

107 3833 161 3901 τόν
174 3834 268 3924 φόβον
285 3864 341 3903 σου
355 3866 433 3927 κυριε
446 3846 477 3906 έν
487 3844 595 3928 γαστρί
607 3839 715 3928 ἐλάβο-
747 3845 798 3908 καί
809 3842 846 3907 οῦ
858 3842 899 3926 μή
911 3850 993 3926 μείνη
1006 3839 1045 3905 τὰ
1059 3842 1164 3926 δένδρα
1176 3837 1282 3911 αὐτῶν,
1299 3838 1354 3901 καί

106 3944 168 4001 μεν,
194 3924 245 3985 καί
271 3919 465 4006 ὠδινήσαμεν,
498 3927 548 3989 καί
573 3928 713 4007 ἐτέκομεν.
747 3926 786 3990 τά
799 3926 908 3991 εἴδωλα
919 3916 1020 3990 αὖτ’ῶν
1031 3923 1234 4008 έκκεκομμένα,
1256 3916 1354 4006 ῦίςπερ

106 4007 223 4084 πνεῦμα
240 4012 388 4089 σωτηρίας
405 4033 459 4071 σου
478 4003 653 4093 ἐποιήσαμεν
665 4011 715 4072 ἐπὶ
747 4009 858 4094 δρυμὸς
874 4010 1002 4093 μακράν.
1029 4011 1057 4052 ¹⁰
1069 4006 1106 4074 τὸ
1127 3998 1356 4088 κατοικούμενον

106 4091 158 4169 τής
169 4090 232 4168 γῆς.
247 4085 285 4149 οῦ
298 4087 481 4172 πεσσόμεθα,
495 4089 574 4155 ἀλλά
586 4094 714 4155 πεσοῦν-
746 4098 883 4175 ποίμνιον
895 4091 1044 4174 ἀνειμένον
1057 4096 1152 4166 ἔσται,
1167 4087 1208 4164 ὡς
1217 4095 1357 4171 ποίμνιον

105 4194 156 4233 ται
169 4166 279 4242 πάντες
297 4173 327 4232 οί
339 4174 516 4248 ἐνοικοῦντες
528 4176 579 4238 ἐπί
590 4179 642 4257 τής
653 4178 712 4258 γής.
747 4175 1014 4259 καταλελειμμένον.
1063 4178 1115 4240 καί
1145 4177 1230 4237 ε”σται
1260 4173 1356 4236 πολὺν

105 4252 369 4351 ’θ’ἀναστήσονται
389 4259 420 4318 οἱ
432 4258 542 4338 νεκροί,
567 4258 619 4320 καί
634 4259 714 4336 ε’γερ-
745 4257 853 4346 χρόνον
865 4264 903 4334 εἰς
915 4256 1064 4345 βόσκημα,
1082 4260 1134 4322 καί
1147 4261 1207 4321 ἐκεῖ
1218 4251 1357 4321 ἀναπαῦ-

104 4347 249 4419 θησονται
263 4339 294 4402 σί
308 4338 339 4401 ἐν
352 4348 416 4412 τοῖς
428 4344 582 4419 μνημείοις,
600 4343 651 4403 καί
664 4341 713 4406 εῦ-
747 4370 848 4409 σονται
874 4350 1008 4426 ποίμνια.
1040 4347 1065 4385 ¹¹
1078 4345 1129 4406 καί
1169 4336 1221 4404 ετά
1245 4335 1357 4424 χρόνον

104 4418 330 4506 φρανθήσονται
345 4424 376 4486 οί
387 4425 418 4486 ἐν
431 4425 469 4515 τῇ
479 4424 528 4512 γῇ.
541 4418 628 4508 ήγάρ
642 4422 713 4512 δρό-
746 4427 800 4491 οὐκ
813 4429 895 4490 ἔσται
908 4431 940 4490 ἐν
953 4425 1030 4509 αῦτή
1049 4429 1112 4490 πάν
1124 4369 1240 4509 χλωρόν
1254 4420 1306 4488 διά
1319 4421 1356 4488 τῦ

101 4503 189 4590 σοςή
203 4505 288 4597 παρὰ
302 4509 359 4574 σοῦ
372 4506 446 4592 ἴαμα
460 4503 667 4585 αῦτσῖςέστιν,
693 4507 711 4593 ή
745 4513 937 4596 ξηρανθήναι.
972 4499 1106 4587 γυναῖκες
1123 4502 1273 4595 ἐρχόμεναι
1292 4505 1357 4613 ἀπὸ

1279 4599 1358 4665 θεας
