2924 4972
101 224 165 290 614
390 218 643 282 ψΑΛΜοι
680 210 1072 298 πηλικςωοσοο.

102 339 134 381 ³⁸
147 338 198 399 καί
216 332 256 409 ῶς
278 332 296 417 ἡ
316 332 421 416 σελήνη
441 333 655 415 κατηρτισμένη
674 334 712 404 εἰς
745 330 895 414 6τοπρωῒ
911 325 1040 414 ἀνθήοαι
1059 335 1109 395 καί
1125 331 1292 413 παρέλθοι,
1318 331 1354 395 τὸ

102 416 156 485 τὸν
169 421 283 493 αἰῶνα,
309 416 360 480 καὶ
378 413 395 479 ὁ
411 410 522 539 μάρτυς
544 417 574 477 ἐν
592 412 712 497 οὐρανῷ
745 414 873 496 ἑσπέρας
898 411 1065 487 ἀποπέσοι,
1091 413 1287 497 σκληρυνθείη
1306 416 1356 478 καί

104 498 218 575 πιστός.
244 495 411 583 διάψαλμα.
443 498 456 539 ³
487 494 524 561 σύ
545 496 577 559 δέ
595 493 711 560 ἀπώσω
745 498 913 579 ξηρανθείη.
928 491 1171 579 7δ’τιέξελίπομεν
1184 499 1266 578 ἐντῆ
1279 496 1355 588 ὀργῇ

105 588 157 650 καί
166 583 371 658 ἐξουδένωσας,
378 575 522 665 ἀνεβάλου
529 576 581 643 τὸν
593 573 713 664 χριστόν
745 603 808 652 σου,
820 580 871 643 καί
880 581 911 642 έν
919 583 964 662 τῶ
976 583 1065 661 θυμῷ
1075 604 1129 643 σου
1140 568 1354 663 ἐταράχθημεν.

105 694 171 735 σου.
210 664 244 708 ⁴⁰
256 667 463 750 κατέστρεφας
487 659 542 746 τήν
566 657 713 745 διαθήκην
745 662 842 725 8ε’ίθου
853 657 908 737 τάς
921 661 1047 743 ἀνομίας
1055 657 1138 745 ήμῶν
1152 658 1276 726 ἐνώπιόν
1290 688 1353 741 σου,

104 754 161 816 τοῦ
179 744 290 813 δούλου
308 773 378 823 σου,
404 741 588 851 ἐχίεβήλωοας
606 749 645 818 εἰς
658 744 713 828 τήν
745 739 851 809 ὅαίῶν
865 740 946 829 ήμῶν
964 748 1002 820 εἰς
1020 742 1173 828 φωτισμὸν
1192 750 1251 810 τοῦ
1262 771 1357 829 προς-

105 837 161 917 γήν
183 830 220 896 τὸ
241 827 374 912 άγίασμα
393 833 497 893 αυτοῦ.
536 828 566 870 ⁴¹
579 827 714 902 καθείλες
746 822 833 892 ώπου
846 851 907 892 σου.
921 822 988 891 9ῦτι
1000 832 1096 893 πᾶσαι
1110 832 1144 892 αἰ
1155 824 1260 914 ήμέραι
1272 827 1356 912 ήμῶν

105 912 223 988 πάντας
242 913 312 987 τούς
329 908 482 997 φραγμοὺς
501 908 598 975 αὐτοῦ
603 960 613 985 ,
638 913 714 976 ἐθου
746 911 889 987 ἐξέλιπον,
900 911 951 974 καί
963 913 994 976 έν
1006 915 1044 993 τῆ
1057 909 1133 1015 ὀργῆ
1147 937 1201 976 σου
1220 911 1356 986 ἐξελίπο-

106 995 147 1064 τά
159 992 340 1081 ὀχυρώματα
353 993 448 1060 αὐτοῦ
462 993 578 1058 δειλίαν.
592 991 714 1079 44διήρ-
745 1018 805 1076 μεν.
819 993 857 1056 τά
872 997 924 1074 ἔτη
935 991 1016 1076 ήμῶν
1025 982 1066 1069 ῶς
1077 981 1188 1079 αρ’άχνη
1199 994 1355 1077 ἐμελέτων,

106 1105 210 1147 παοαν
235 1077 328 1143 αὐτὸν
352 1075 459 1153 πάντες
485 1081 516 1142 οἰ
538 1073 715 1151 διοδεύοντες
747 1075 937 1180 1(λαίήμέραι
951 1081 1012 1141 τῶν
1024 1081 1099 1141 ἐτῶν
1110 1074 1194 1161 ήμῶν
1207 1081 1240 1141 ἕν
1252 1078 1358 1152 αὐτοῖς

109 1161 195 1238 ὁδὸν,
223 1159 348 1245 ἐγενήθη
375 1159 486 1235 ὄνειδος
507 1171 571 1235 τοῖς
589 1165 715 1238 γείτοσιν
748 1160 950 1244 ἕβδομηκοντα
976 1163 1041 1243 ἔτη,
1074 1159 1126 1224 ἐάν
1151 1160 1183 1225 δὲ
1208 1162 1240 1224 ἐν
1266 1162 1357 1225 δονα-

109 1245 215 1311 αῦτοῦ.
254 1245 286 1287 43
307 1240 432 1329 ῦιμωοας
458 1243 513 1322 τήν
537 1241 631 1320 δεξιάν
654 1247 716 1307 τῶν
749 1247 865 1319 οτείαις,
876 1238 1060 1327 ὀγδοήκοντα
1072 1244 1133 1326 ἔτη,
1146 1244 1197 1306 καί
1205 1239 1241 1307 τὸ
1250 1244 1357 1309 πλεῖον

109 1330 226 1415 ἐχθρῶν
240 1325 345 1402 αὐτοῦ,
360 1326 508 1412 εύφρανας
520 1322 637 1402 πάντας
646 1324 716 1399 τούς
749 1324 849 1389 αὐτῶν
872 1320 965 1401 κόπος
981 1329 1032 1391 καί
1050 1321 1148 1400 πόνος.
1176 1321 1223 1389 ὅτι
1242 1327 1358 1408 ἐπῆλθε

111 1411 238 1497 ἐχθρούς
262 1408 368 1475 αῦτοῦ.
407 1410 442 1453 44
455 1409 645 1495 ἀπέστρεψας
662 1407 717 1492 τήν
748 1403 884 1493 πραύτης
896 1408 940 1490 ἐφ’
956 1405 1038 1494 ήμᾶς,
1058 1411 1108 1473 καί
1120 1407 1356 1493 παιδευθησόμε-

108 1491 252 1583 βοήθειαν
273 1498 325 1575 της
350 1495 497 1578 ῥομφαίας
521 1493 619 1558 αὐτοῦ
625 1543 634 1568 ,
665 1492 717 1556 καλ
748 1501 802 1557 θα.
829 1496 855 1534 ¹¹
867 1497 911 1566 τίς
922 1488 1052 1570 γινώσκει
1065 1489 1101 1556 τὸ
1114 1488 1223 1576 κράτος
1236 1497 1289 1572 της
1303 1493 1355 1576 ὀρ-

112 1576 167 1642 ούκ
186 1570 350 1662 άντελάβου
368 1575 464 1639 αὐτοῦ
480 1577 510 1638 έν
522 1580 568 1659 τῷ
583 1574 715 1657 πολέμῳ.
748 1577 802 1656 γής
816 1600 887 1650 σου,
912 1577 963 1638 καί
976 1574 1107 1640 ἀπὸτοῦ
1120 1573 1218 1661 φόβου
1229 1581 1285 1640 τοῦ
1296 1585 1354 1640 θυ-

110 1661 141 1704 ⁴⁵
152 1658 316 1732 κατέλυσας
328 1654 392 1722 ἀπὸ
405 1663 597 1761 καθαρισμοῦ
611 1656 716 1733 αὐτὸν,
747 1663 808 1739 μοῦ
822 1683 877 1722 σου
893 1654 1152 1761 ἐξαριθμήσασθαι
1156 1687 1169 1736 ,·
1194 1662 1223 1700 ¹²
1235 1656 1290 1742 τήν
1309 1660 1356 1724 δε-

109 1741 164 1808 τὸν
180 1736 292 1828 θρόνον
308 1737 402 1805 αῦτοῦ
420 1745 458 1818 εἰς
474 1766 529 1844 την
544 1743 717 1826 γήνκατέρ-
748 1736 812 1816 ξιάν
837 1767 890 1806 σου
911 1741 1008 1818 οῦτως
1029 1738 1187 1826 γνώρισον,
1210 1745 1262 1806 καί
1283 1741 1355 1817 τούς

110 1826 211 1913 ῥαξας.
237 1824 271 1867 ⁴⁶
284 1827 455 1910 ἒομίκρανας
471 1849 526 1899 τας
538 1823 646 1909 ἡμέρας
660 1828 716 1888 τοῦ
748 1825 988 1905 πεπαιδευμένους
1013 1829 1050 1907 τή
1069 1826 1176 1909 καρδία
1198 1829 1229 1890 ἕν
1249 1832 1354 1908 σοφίᾳ.

109 1904 225 1994 θρόνου
238 1905 345 1983 αῦτοῦ,
358 1909 496 1991 κατέχεας
508 1905 604 1972 αὐτοῦ
614 1906 717 2014 αἰσχύ·
747 1896 1059 1992 43ἐπίιττρεεμονκύριέ.
1069 1913 1124 1983 ἕως
1133 1888 1221 1986 πδτες
1236 1911 1289 1973 καί
1297 1935 1356 1974 πα·

109 2015 171 2075 νην.
202 1986 369 2075 διάφαλμα.
410 1988 442 2032 47
459 1995 515 2065 ἕως
540 1987 614 2056 πότε
637 2015 717 2076 κυριε
748 1985 915 2076 ρακλήθητι
926 1992 977 2055 ἐπί
985 2003 1047 2065 τοῖς
1056 1988 1173 2067 δούλοις
1183 2017 1248 2058 σου.
1260 1992 1355 2056 14ένε-

110 2073 286 2158 ἀποοτρέφη
309 2077 348 2148 εἰς
372 2071 472 2149 τέλος,
501 2069 717 2156 ἐκκαυθήσεται
746 2071 920 2158 πλήσθημεν
928 2075 1110 2158 τοπρωίτοῦ
1119 2075 1219 2150 έλέους
1228 2101 1293 2150 σου,
1304 2077 1356 2140 καί

111 2154 152 2232 ῶς
170 2161 230 2242 πῦρ
249 2144 443 2242 ήόργήσου,
468 2155 501 2199 ⁴⁸
513 2153 660 2240 μνήσθητι
673 2162 717 2230 τίς
748 2151 997 2241 ήγαλλιασάμεθα
1014 2159 1066 2221 καί
1084 2153 1297 2244 εύφράνθημεν.
1325 2163 1357 2223 ἐν

109 2238 129 2322 ή
156 2235 319 2313 ῦπύστασίς
342 2265 409 2321 μου.
434 2237 475 2322 μή
500 2240 559 2328 γὰρ
582 2245 718 2325 ματαίως
748 2236 857 2316 πάσαις
881 2251 947 2316 ταῖς
972 2237 1094 2347 ήμέραις
1117 2240 1200 2323 ήμῶν
1225 2241 1355 2327 εὐφραν-

111 2327 228 2399 ἔκτισας
235 2318 350 2398 πάντας
357 2321 427 2397 τούς
437 2320 519 2398 υἰούς
526 2328 586 2389 τῶν
594 2319 718 2408 ἀνθρώ·
748 2329 874 2406 θείημεν,
890 2326 917 2367 ¹⁵
928 2322 991 2387 ἀνθ
1012 2349 1054 2388 ων
1067 2322 1180 2408 ἡμερῶν
1192 2329 1355 2389 ἐταπείνω-

109 2432 194 2486 πωνς
220 2406 253 2449 49
266 2413 311 2482 τίς
323 2409 401 2472 ἔστιν
417 2404 594 2491 ἅνθρωπος,
621 2402 655 2480 ῦς
667 2403 718 2490 ζή-
750 2432 805 2482 σας
816 2405 902 2491 ήμάς,
913 2410 988 2473 ἐτῶν
998 2399 1040 2473 ῶν
1053 2409 1163 2491 εἴδομεν
1172 2405 1259 2471 κακά.
1270 2409 1355 2472 16καί

111 2514 191 2555 σεται
204 2491 255 2554 καλ
267 2487 322 2554 ούκ
335 2487 444 2575 άφεται
457 2490 608 2564 θάνατον,
632 2485 716 2593 ρύστ-
750 2490 790 2553 ι’δε
808 2491 857 2555 ἐπί
873 2487 944 2565 τούς
962 2487 1087 2566 δούλους
1104 2517 1161 2555 σου
1178 2493 1229 2554 καί
1247 2492 1297 2555 ἐπὶ
1315 2489 1355 2555 τὰ

109 2597 159 2637 ται
171 2571 226 2657 τήν
238 2573 337 2700 ψυχήν
355 2571 449 2637 αὐτοῦ
462 2576 494 2636 ἐκ
512 2569 607 2659 χειρὸς
624 2574 716 2656 ᾅδου,
749 2575 821 2657 ἔργα
839 2599 909 2650 σου,
935 2575 986 2637 καί
1009 2571 1155 2679 ὁδήγησον
1178 2573 1248 2648 τούς
1269 2573 1354 2649 υἰούς

110 2653 276 2740 διάψαλμα.
319 2659 408 2722 0ποῦ
424 2659 503 2720 ἐστιν
522 2655 560 2720 τά
574 2657 640 2741 ἒλέη
661 2681 716 2720 σου
749 2655 857 2720 αύτῶν.
884 2659 911 2699 ¹⁷
923 2659 973 2720 καί
990 2660 1066 2722 ἔστω
1086 2653 1288 2742 ηλαμπράτης
1299 2683 1354 2719 κυ-

109 2738 149 2803 τά
163 2740 273 2842 ἀρχαία
285 2735 375 2825 κύριε,
394 2734 549 2820 άώμοσας
561 2744 605 2822 τῷ
620 2739 719 2804 Δαυίδ
748 2745 815 2823 ρίου
827 2743 882 2805 τοῦ
894 2743 969 2805 θεοῦ
985 2736 1065 2823 ήμῶν
1077 2739 1121 2821 ἐφ’
1136 2737 1225 2823 ήμῦς,
1251 2739 1301 2802 καί
1314 2736 1355 2802 τά

109 2825 141 2884 ἐν
153 2827 191 2903 τῆ
206 2820 334 2904 αληθείη
348 2847 404 2886 σου
409 2850 421 2898 ,·
439 2823 466 2864 ⁵¹
476 2817 624 2906 μνήσθητι
637 2818 716 2906 κύριε
748 2826 821 2908 ἔργα
845 2827 907 2887 τῶν
931 2827 1035 2908 χειρῶν
1059 2821 1144 2907 ήμῶν
1168 2818 1352 2887 κατεύθυνον

108 2891 178 2967 τοῦΙ
190 2902 354 2987 ὀνειδιομοῦ
371 2907 432 2968 τῶν
449 2900 566 2969 δούλων
583 2931 652 2980 σου,
679 2897 716 2969 ού
748 2904 791 2985 ἐφ’
807 2901 890 2989 ήμῦς.

110 2983 240 3070 ῦπέσχον
264 2991 296 3050 ἐν
319 2990 364 3070 τῷ
390 2983 494 3071 κόλπῳ
513 3014 570 3068 μου
595 2987 717 3053 πολλῶν
1061 3034 1068 3047 ·

110 3072 216 3134 ἐθνῶν.
243 3070 271 3113 ⁶²
285 3061 322 3134 ού
336 3071 486 3136 ῶνείδισαν
499 3075 530 3135 οἰ
542 3075 647 3155 ἐχθροί
662 3097 715 3135 σου
771 3073 785 3102 ⁶
866 3067 1108 3150 Αίνοςῴδήςτῷ
1121 3067 1224 3131 Δαυίδ.

109 3146 203 3234 κύριε,
229 3144 266 3216 οῦ
292 3151 444 3218 ῶνείδισαν
468 3152 505 3218 τὸ
523 3151 716 3236 ἀντάλλαγμα
747 3120 797 3221 O
809 3157 953 3217 κατοικῶν
964 3155 995 3215 ἐν
1003 3155 1129 3236 βοηθείᾳ
1138 3153 1194 3213 τοῦ
1205 3145 1351 3233 ὑψίστου,

108 3240 164 3298 τοῦ
177 3241 298 3338 χριστοῦ
316 3261 379 3302 σου.
407 3237 435 3280 ⁶³
447 3235 604 3320 εὐλογητὸς
615 3234 716 3324 κύριος
744 3239 776 3299 ἰν
788 3238 882 3324 σκέπη
894 3239 951 3298 τοῦ
963 3237 1036 3297 θεοῦ
1049 3237 1106 3296 τοῦ
1118 3231 1249 3319 ούρανοῦ
1264 3233 1353 3299 αὐλι-

109 3322 148 3393 εἰς
161 3343 215 3383 τον
228 3323 332 3386 αἰῶνα.
358 3323 473 3398 γένοιτο
485 3323 608 3398 γένοιτο,
746 3313 894 3402 σθήσεται.
926 3320 941 3359 ²
956 3320 1016 3402 ἐρεῖ
1030 3320 1075 3399 τῷ
1094 3322 1204 3402 κυρίῳ,
1231 3315 1351 3400 ἀντιλή-

365 3405 451 3470 ΠΘ’.
745 3425 829 3488 πτωρ
863 3424 900 3464 ου
910 3398 995 3464 εἶκαὶ
1004 3393 1161 3483 καταφυγή
1168 3397 1265 3481 μου,ὁ
1279 3397 1351 3474 θεός

109 3487 260 3573 Προςεοχή
272 3492 331 3554 τοῦ
343 3491 465 3569 Μωυσῆ
483 3482 647 3573 ἀνθρώπου
660 3491 716 3551 τοῦ
744 3511 810 3566 μου,
880 3488 915 3548 ιῶ
930 3482 974 3548 ἐπ’
990 3479 1180 3548 αύτὸν.3ὅτι
1192 3481 1284 3557 αὐτὸς
1296 3486 1349 3567 4515-

369 3575 455 3635 θεοῦ.
746 3573 831 3632 σεταί
855 3593 887 3632 σε
911 3569 942 3630 ἐκ
966 3567 1091 3645 παγίδος
1108 3570 1273 3651 θηρευτοῦν,
1298 3567 1349 3629 καί

108 3619 222 3737 Κύριε
234 3653 392 3737 καταφυγή
403 3652 542 3735 ἓγενήθης
553 3649 621 3735 ήμῒν
629 3655 660 3716 ἐν
667 3677 716 3728 γε-
745 3649 809 3714 ἀπὸ
824 3645 917 3727 λόγου
931 3647 1130 3735 ταραχώδους.
1153 3650 1170 3692 4
1183 3652 1214 3712 ἐν
1224 3657 1288 3722 τοῖς
1296 3673 1349 3728 με-

108 3739 158 3822 νεηῖ
172 3736 222 3798 καί
234 3740 326 3820 γενεᾷ.
352 3735 440 3821 2πρὸ
453 3740 509 3801 τοῦ
521 3734 577 3819 ύρη
588 3739 714 3818 γενηθή·
745 3737 904 3836 ταφρένοις
921 3733 1016 3798 αῦτοῦ
1033 3729 1190 3798 ἐπισκιάσει
1213 3756 1272 3805 σοι,
1298 3733 1351 3794 καί

108 3842 156 3880 ναι
182 3819 233 3882 καί
253 3819 427 3903 πλασθῆναι
446 3818 500 3904 τήν
521 3824 578 3902 γῆν
594 3820 646 3883 καὶ
662 3819 714 3901 τήν
746 3812 806 3880 ῦπο
816 3815 871 3891 τάς
878 3819 1027 3900 πτέρυγας
1034 3816 1129 3880 αὐτοῦ
1139 3816 1252 3889 ε’λπιείς.
1263 3808 1350 3897 ὅπλῳ

109 3903 297 3985 οἰκουμένην,
319 3903 370 3966 καί
388 3898 451 3966 ἀπὸ
469 3907 523 3966 τοῦ
537 3905 646 3974 αἰῶνος
658 3904 714 3974 ἕως
744 3896 887 3963 κυκλώσει
907 3924 938 3963 σε
956 3897 974 4000 ή
994 3895 1121 3983 ἀλήθεια
1136 3898 1247 3970 αὐτοῦ,
1285 3896 1352 3960 4ού

107 3987 165 4046 τοῦ
181 3985 288 4059 αἰῶνος
308 3983 345 4049 ού
365 3982 397 4047 εἰ.
437 3985 451 4026 ³
463 3983 505 4067 μή
518 3982 713 4066 ἀποστρέφης
744 3978 904 4127 φοηίηθήση
917 3981 978 4046 ἀπο
992 3979 1089 4066 φόβου
1100 3984 1274 4086 νυκτερινοῦ,
1287 3977 1352 4045 ἀπὸ

107 4063 271 4151 ἄνθρωπον
285 4070 324 4141 εἰς
336 4072 528 4140 ταπείνωσιν,
554 4067 605 4130 καί
619 4053 711 4139 εἶπάς,
743 4067 779 4148 βέ
796 4090 849 4139 ους
857 4069 1019 4148 πετομένου
1029 4064 1148 4150 ἡμέρας,
1162 4058 1352 4149 6απὸ-πράγ-

106 4152 305 4231 ἕπιοτρέιματε
318 4151 379 4213 υἰοί
391 4144 564 4234 ἀνθρώπων
568 4177 581 4227 ,·
594 4142 662 4211 43η
670 4154 712 4231 χί·
742 4172 837 4228 ματος
851 4149 1099 4232 διαπορευομένου
1113 4153 1144 4213 ἐν
1157 4143 1264 4223 σκότει,
1289 4141 1351 4210 ἀπὸ

106 4231 156 4295 λια
170 4235 220 4316 ἔτη
233 4237 264 4298 ἰν
275 4231 447 4313 ὀφθαλμοῖς
458 4256 524 4305 σου,
534 4227 575 4304 ῶς
588 4225 606 4335 ή
618 4226 713 4316 ήμέρα
742 4227 961 4313 συμπτώματος
984 4235 1036 4296 καί
1061 4233 1216 4314 δαιμονίου
1240 4254 1349 4313 μεσημ-

104 4314 123 4399 ή
137 4314 222 4398 ἐχθὲς
234 4312 296 4400 ήτις
309 4314 422 4397 διῆλθε,
433 4315 484 4376 καί
493 4313 609 4397 φυλακη
621 4316 651 4379 έν
660 4341 710 4379 νυ-
740 4319 855 4401 βρινοῦ.
880 4318 895 4358 ⁷
906 4324 1038 4379 πεσεῖται
1052 4318 1084 4378 ἐκ
1096 4320 1152 4379 τοῦ
1166 4314 1284 4389 κλίτους
1297 4339 1351 4379 σου

103 4405 159 4464 κτί.
196 4399 263 4464 4τά
290 4390 514 4479 ἕξουδενώματα
540 4395 640 4463 αὐτῶν
658 4400 710 4482 έτη
738 4395 842 4482 χιλιὰς,
856 4399 908 4461 καί
919 4397 1026 4482 μυριὰς
1038 4402 1071 4462 ἐκ
1082 4399 1183 4472 δεξιῶν
1193 4423 1260 4475 σου,
1273 4394 1350 4483 πρδς

103 4486 235 4562 ἔσονται,
255 4478 450 4572 τοπρωῒῶςεί
460 4475 534 4566 χλάη
546 4480 706 4570 παρέλθοι.
739 4481 771 4547 οὲ
783 4479 816 4547 δὲ
832 4478 887 4545 ούκ
901 4482 996 4558 ἐγγιεῖ,
1022 4480 1130 4561 8πλήν
1141 4492 1215 4557 τοῖς
1224 4479 1349 4564 ὀφθαλ-

1281 4573 1349 4644 μοῖς

1257 307 1352 324 h—
