2924 4972
416 227 698 294 ΑΡΙΘΜΟΙ
735 221 953 302 Κεφ.κθ’.29.
1251 221 1312 290 167

60 355 136 424 τῶν,
162 351 214 413 καί
229 352 262 414 αί
275 351 406 415 σπονδαὶ
426 347 542 425 αύτῶν,
568 351 620 414 καί
632 341 668 414 τό
701 372 820 423 τωσεως
831 351 883 426 τῆς
896 340 1066 421 διαπαντός.
1092 350 1126 410 αἰ
1137 351 1238 412 θυσίαι
1252 344 1311 411 αιἰ-

61 427 262 514 ὁλοκαύτωμα
274 429 310 495 τὸ
321 428 493 508 διαπαντός.
507 434 558 497 καί
568 437 601 497 αῖ
609 442 670 496 θυ-
701 434 773 511 τῶν,
785 432 837 497 καί
850 435 883 496 αἰ
892 430 1019 497 σπονδοί
1032 426 1139 495 αὐτῶν.
1154 432 1185 473 ²⁰
1190 438 1229 524 τῇ
1241 425 1311 515 ἦμέ-

62 522 125 581 σίαι
138 511 239 580 αύτῶν
251 516 304 578 καί
315 518 349 580 αἰ
361 515 489 580 σπονδαί
501 513 604 581 αύτῶν
615 541 670 580 κα-
722 540 742 577 α
764 518 804 611 τῇ
820 520 907 609 τρίτῳ
929 509 1059 597 μόσχους
1078 512 1188 588 ἕνδεκα,
1212 508 1311 595 κριούς

61 597 101 664 τὰ
125 595 179 682 τὴν
209 592 361 684 σύγκρισιν
385 595 487 663 αὐτῶν
511 602 551 673 εἰς
576 595 671 682 ὀσμὴν
702 541 773 676 δύο,
797 596 906 681 ἀμνούς
923 602 1087 672 ἐνιαυσίους
1100 599 1249 679 τέσσαρας
1260 597 1312 660 καί

62 680 183 756 εάωδίας
199 686 302 766 κυρίῳ.
341 681 419 746 7καί
438 686 476 774 τῇ
493 678 599 773 δεκάτχ
612 685 670 746 τοῦ
702 683 774 747 δέκα
787 678 933 765 ἀμώμους.
968 676 1133 763 2ῑίχθυσία
1147 676 1249 743 αὐτῶν
1261 678 1314 743 καί

60 762 152 847 μηνός
174 758 285 828 τούτου
310 765 468 849 ἰπίκλιχτος
490 761 562 845 ἁγία
586 768 670 832 εἷ’σται
702 761 846 850 ἦσπονδίχ
859 761 961 829 αὐτῶν
979 776 1041 840 τοῖς
1052 757 1173 850 μόσχοις
1185 763 1236 828 καί
1248 772 1312 837 τοῖς

62 844 137 930 ύμῖν.
162 848 214 911 καί
232 842 377 912 κακώσετε
389 847 444 924 τὰς
459 846 557 976 ψυχάς
576 844 669 933 ἀμῶν,
701 859 794 954 κριοῖς
817 850 947 923 καὶτοῖς
964 845 1067 929 ἀμνοίς
1084 845 1162 911 κατά
1180 842 1312 931 ἀριθμόν

62 931 114 995 καί
122 935 185 997 πᾶν
194 933 281 1015 ἔργον
292 927 329 994 σύ
338 927 483 1015 ποιήσετε.
515 934 668 1019 καίπροςν
703 934 820 1009 αυτῶν,
844 927 920 997 κατά
946 927 1000 1014 τίχν
1025 928 1174 1015 σύγκρισιν
1198 926 1308 993 αὐτῶν.

64 1019 156 1078 οἰσετε
175 1008 411 1098 ὁλοκαυτώματα
429 1019 468 1091 εἰς
485 1013 580 1101 ὀσμίχν
594 1014 668 1081 εύω-
701 1015 788 1081 22καί
798 1020 922 1101 χίμαρον
933 1016 1127 1112 ἐξαίγῶνένα
1135 1007 1310 1096 περίἀμσρ·

63 1097 129 1171 δίας
141 1102 233 1181 κυρίῳ
247 1093 436 1182 καρπώματα
449 1105 552 1183 κυρίῳ,
560 1095 670 1182 μόσχον
701 1104 777 1172 τίας.
790 1097 867 1179 πλὴν
879 1101 933 1178 τῆς
943 1089 1172 1167 ολοκαυῐῶσῑως
1182 1098 1234 1177 τῆς
1244 1094 1310 1159 δία·

63 1184 96 1244 ἐκ
106 1183 189 1265 βοῶν
202 1185 265 1254 ἕνα,
279 1177 362 1264 κριὸν
376 1184 440 1253 ἕνα,
451 1177 563 1262 ἀμνούς
574 1185 671 1245 ἐνιαυν
702 1173 824 1252 παντός.
839 1183 872 1241 αί
882 1181 989 1241 θυσίαι
1002 1174 1102 1239 αὐτῶν
1114 1177 1165 1239 καί
1174 1178 1209 1238 αί
1219 1200 1312 1240 σπον-

64 1267 148 1336 σίους
160 1257 246 1325 ἑπτά.
260 1259 381 1342 ἀμωμοι
394 1264 513 1324 ἔσονται
528 1257 604 1343 ὑμῖν.
627 1255 670 1341 ⁰52
705 1261 757 1325 δαί
773 1257 882 1323 αὐτῶν.
919 1259 949 1298 ²³
963 1261 998 1350 τῇ
1019 1252 1112 1341 ἰχμέρῳ
1131 1260 1168 1348 τῇ
1186 1253 1313 1348 τετάρτχ

63 1349 159 1408 θυσία
176 1339 278 1406 αὐτῶν
291 1340 439 1424 σεμίδαλις
451 1339 678 1444 ἀναπεποιχμί-“
704 1335 833 1424 μόσχους
856 1340 943 1414 δέκα,
979 1336 1079 1423 κριούς
1102 1337 1174 1413 δύο,
1206 1336 1314 1418 ἀμνούς

65 1451 100 1507 νη
114 1428 144 1488 ἐν
158 1423 259 1504 ἐλαίῳ.
298 1428 367 1506 τρία
386 1423 497 1490 δέκατα
515 1427 559 1506 τῷ
574 1448 673 1509 μοσχῳ
705 1426 868 1501 ἐνιαυσίους
892 1425 1038 1508 τέσσαρας
1063 1421 1115 1487 καί
1136 1420 1210 1485 δέκα
1228 1414 1314 1502 ἀμώ-

64 1511 110 1590 τῷ
129 1506 186 1580 ivl,
212 1505 264 1567 καί
281 1499 335 1569 δύο
352 1505 463 1570 δέκατα
481 1510 526 1590 τῷ
542 1512 614 1592 κριῷ
628 1510 671 1589 τῷ
702 1532 786 1590 μους.
838 1506 870 1549 ²⁴
888 1510 923 1571 αἰ
949 1511 1053 1572 θυσίαι
1078 1501 1179 1569 αὐτῶν
1202 1504 1254 1570 καί
1278 1506 1314 1568 αἰ

66 1593 118 1654 ἐνί.
156 1589 186 1630 ¹⁰
197 1587 325 1653 δέκατον
337 1589 462 1653 δέκατον
474 1594 518 1673 τῷ
531 1587 614 1674 ἀμνῷ
626 1594 672 1673 τῶ
704 1589 831 1656 σπονδαὶ
849 1588 948 1657 αὐτῶν
965 1601 1028 1665 τοῖς
1043 1583 1163 1674 μόσχοις
1180 1591 1231 1652 καί
1248 1598 1312 1663 τοῖς

67 1673 125 1748 ἑνί,
150 1673 189 1746 εἰς
200 1669 271 1746 τούς
282 1669 360 1737 ἱπτά
372 1666 488 1755 ἀμνούς.
524 1678 549 1715 ¹¹
563 1677 670 1759 καίχί·
702 1685 794 1777 κριοῖς
809 1674 860 1739 καί
876 1685 940 1749 τοίς
958 1673 1062 1777 ἀμνοῖς
1083 1671 1162 1735 κατά
1183 1666 1313 1755 ἀριθμόν

63 1782 108 1838 μα
126 1779 162 1818 ον
185 1755 217 1830 ἐξ
242 1758 336 1831 αἰγῶν
360 1759 413 1819 ἕνα
430 1758 496 1842 περὶ
513 1752 668 1862 ἁμαρτίας,
703 1762 819 1834 αυτῶν,
847 1756 925 1822 κατά
950 1780 1005 1841 τιχν
1029 1751 1179 1840 σύγκρισιν
1203 1749 1311 1818 αἰτῶν.

63 1781 258 1914 ἐξιλάσασθαι
269 1840 337 1925 περὶ
350 1834 438 1921 ὑμῶν.
460 1838 540 1925 πλὴν
552 1867 588 1906 το
601 1842 668 1925 περὶ
702 1842 731 1885 ²⁵
736 1842 788 1906 καί
797 1847 920 1926 χίμαρον
931 1843 1066 1918 ἐξαίγῶν
1075 1843 1127 1902 ἕνα
1136 1832 1311 1923 περίἆμαρ-

64 1927 115 2022 ρῆς
139 1915 286 2006 ἀμαρτίας
310 1925 362 2070 τχς
386 1918 553 1999 ἐξιλάσεως,
579 1919 667 2008 καίἰχ
700 1930 775 2000 τίας.
787 1924 867 2009 πλὴν
877 1929 929 2008 τῆς
941 1917 1170 1997 ὁλοκαυτώσεως
1184 1926 1234 2004 τῆς
1244 1921 1311 1985 δια-

64 2001 263 2079 ολοκαύτωσις
289 2004 306 2089 ἢ
347 2000 497 2081 ιαπαντός.
535 2004 669 2092 ἰχθυσία
700 2002 820 2082 παντός.
834 2011 869 2072 αί
880 2013 982 2074 θυσίαι
995 2003 1095 2071 αάτῶν
1107 2005 1158 2071 καί
1169 2009 1202 2069 αί
1215 2029 1310 2069 σπον-

64 2085 169 2167 αύτῆς,
194 2089 247 2151 καί
263 2082 412 2191 ἧσπονδίχ
421 2086 669 2173 αύτῆςκατάτὴν
702 2092 753 2156 δαί
770 2089 877 2156 αὐτῶν.
915 2091 999 2183 26τῇ
1018 2086 1113 2177 ἡμέρῳ
1131 2092 1171 2182 τῇ
1189 2091 1310 2170 πέμπτη

64 2163 214 2254 σύγκρισιν
226 2173 265 2244 εἰς
277 2167 372 2254 ὀσμὴν
384 2172 507 2246 ευωδίας
519 2170 670 2257 κάρπωμα
701 2168 828 2259 μόσχους
852 2175 951 2249 ἐννέα,
976 2169 1074 2259 κριούς
1099 2166 1173 2245 δύο,
1199 2167 1311 2253 ἀμνούς

63 2257 163 2336 κυρίῳ.
176 2252 260 2315 12καί
273 2257 311 2352 τῇ
321 2250 561 2349 πεντεκαιδεκάτῳ
573 2250 669 2340 ἡμέρῳ
703 2259 865 2330 ἐνιαυσίους
890 2260 1038 2342 τέσσαρας
1062 2256 1113 2319 καί
1129 2255 1201 2317 δέκα
1225 2248 1311 2336 ἀμώ-

62 2340 118 2399 τοῦ
141 2330 229 2419 μχνδς
255 2358 309 2399 του
325 2332 453 2438 ἑβδόμου
471 2333 584 2401 τούτου
604 2341 671 2402 ἐπί·
702 2364 784 2421 μους.
802 2341 831 2382 ²⁷
838 2341 872 2403 αἰ
880 2343 985 2405 θυσίαι
998 2335 1097 2402 αὐτῶν
1109 2338 1160 2401 καί
1172 2340 1205 2401 αἰ
1217 2360 1311 2402 σπον-

62 2416 171 2500 κλιχτος
196 2413 268 2493 ἆγία
285 2420 370 2482 ἔσται
387 2431 464 2500 υμῖν.
502 2424 565 2484 πᾶν
583 2422 671 2500 ἔργον
704 2421 756 2484 δαί
767 2418 867 2484 αὐτῶν
878 2431 942 2494 τοῖς
953 2416 1075 2519 μόσχοις
1087 2421 1209 2493 καὶτοῖς
1220 2431 1311 2502 κριοῖς

63 2495 226 2582 λατρευτὸν
240 2495 277 2562 ού
290 2495 434 2582 ποιήσετε.
461 2504 512 2566 καὶ
525 2501 672 2580 ἐσρτοίσα-
705 2504 828 2576 καίτοίς
840 2500 946 2585 ἀμνοῖς
963 2526 1041 2563 κατα
1056 2495 1187 2584 ἀριθμόν
1199 2498 1311 2576 αὐτῶν,

63 2608 96 2648 τε
116 2578 211 2664 αύτίχν
227 2580 333 2682 ἑορτὴν
350 2589 442 2666 κυρίῳ
459 2580 538 2645 ἰπτά
555 2583 672 2668 ἡμέρας.
705 2583 784 2647 κατὰ
796 2582 848 2668 τὴν
863 2580 1012 2680 σύγκρισιν
1024 2579 1133 2645 αὐτῶν.
1160 2582 1191 2622 ²⁸
1204 2582 1254 2644 καί
1265 2588 1312 2665 χί-

63 2668 91 2707 ¹³
104 2666 155 2728 καί
167 2664 334 2748 προςαξατε
347 2659 587 2748 ὁλοκαυτώματα
600 2663 673 2750 κάρ-
703 2691 798 2770 μαρον
823 2669 854 2745 ἐξ
878 2669 971 2743 αἰγων
995 2669 1047 2729 ἕνα
1068 2665 1136 2749 περὶ
1154 2659 1309 2748 ἀμαρτίας.

62 2774 154 2829 πωμα
164 2751 203 2822 εἰς
211 2745 437 2831 ὀσμὴνεύιοδίας
446 2755 546 2833 κυρίῳ,
556 2754 593 2834 τῆ
602 2745 670 2833 ἧμέ-
703 2750 780 2833 πλην
797 2755 849 2834 τῆς
866 2742 1096 2823 ὁλοκαυτώσεως
1112 2751 1164 2832 τῆς
1185 2748 1312 2812 διαπαν-

63 2858 103 2915 ρῳ
122 2834 158 2911 τῆ
175 2825 281 2924 πρώτῳ
297 2827 428 2915 μόσχους
445 2834 477 2895 ἐκ
498 2823 580 2917 flod?
594 2841 672 2919 τρεῖς
703 2829 762 2908 τός.
789 2837 823 2899 αἰ
839 2837 945 2899 θυσίαι
958 2829 1059 2897 αὐτῶν
1070 2833 1121 2896 καί
1133 2834 1167 2895 αἰ
1183 2832 1311 2897 σπονδαί

63 2913 114 2977 καὶ
126 2902 213 2988 δέκα,
239 2912 340 2999 κριούς
355 2911 424 2991 δύο,
449 2911 559 2998 ἀμνούς
571 2921 670 2982 ε’νιαυ-
703 2914 813 2985 αὐτῶν.
839 2920 869 2961 ²⁹
882 2922 922 3012 τῇ
937 2911 1030 3001 ἡμέρῳ
1047 2920 1085 2998 τί]
1102 2920 1172 2997 ἕκτη
1183 2910 1310 2998 μόσχους

64 3003 147 3071 σίους
159 2997 382 3084 δεκατέσσαρας.
406 2997 526 3082 ἀμωμοι
539 3002 669 3066 ἔσονται.
702 2998 798 3077 ἀκτῶ,
820 2999 920 3088 κριούς
932 2997 1002 3075 δύο,
1022 2988 1133 3083 ἀμ’νσύς
1146 2985 1310 3073 ἰνιαυσιόυς

63 3078 93 3121 ¹⁴
107 3084 139 3144 αἰ
150 3086 258 3144 θυσίαι
275 3079 376 3146 αὐτῶν
395 3081 539 3165 σεμίδαλις
557 3080 670 3151 ἀναπεν
702 3084 919 3170 δεκατέσσαρας
937 3078 1083 3166 ἀμώμους,
1110 3084 1141 3126 ³⁰
1154 3085 1187 3151 αἰ
1203 3086 1309 3146 θυσίαι

63 3164 206 3246 ποιημίνχ
227 3165 258 3226 ἐν
282 3165 381 3248 ἐλαίῳ.
411 3172 481 3251 τρία
498 3167 608 3234 δέκατα
625 3170 669 3248 τῷ
702 3165 865 3237 αὐτῶνκαὶ
881 3171 914 3232 αί
927 3168 1053 3235 σπονδαί
1065 3164 1166 3230 αὐτῶν
1178 3161 1309 3246 τοίςμό-

63 3244 165 3331 μόσχῳ
190 3250 233 3328 τῷ
252 3248 308 3322 ire,
334 3260 399 3324 τοῖς
416 3251 598 3334 τριςκαίδεκα
614 3245 670 3331 μό-
702 3277 783 3335 σχοις
799 3255 851 3316 καί
868 3262 933 3325 τοίς
951 3261 1045 3333 κριοῖς
1061 3251 1113 3317 καί
1129 3261 1191 3325 τοῖς
1203 3246 1310 3331 ἀμνοῖς

64 3354 152 3413 ῦχθῑς·
166 3330 216 3392 καὶ
228 3325 282 3391 δύο
295 3331 405 3398 δέκατα
418 3336 462 3413 τῷ
476 3338 547 3417 κριῷ
560 3337 605 3415 τῷ
615 3334 669 3408 ἑνὶ,
702 3332 780 3400 κατά
794 3331 924 3418 ἀριθμὸν
938 3331 1052 3405 αὐτῶν,
1077 3330 1155 3396 κατά
1168 3330 1222 3413 τίχν
1235 3325 1309 3407 σύγ·

63 3412 116 3477 ἐπὶ
128 3409 197 3483 τούς
211 3405 265 3472 δύο
277 3407 382 3494 κριούς.
407 3413 434 3454 ¹³
447 3414 570 3480 δέκατον
583 3416 670 3479 δέκα,
702 3441 797 3501 κρισιν
810 3413 918 3480 αύτῶν.
936 3416 1025 3478 31καί
1037 3417 1160 3497 χίμαρον
1172 3415 1203 3486 ἐξ
1216 3417 1309 3487 αἰγῶν

63 3518 119 3558 τον
132 3494 177 3571 τῶ
190 3487 273 3573 ἀμνῴ
284 3495 329 3572 τῷ
341 3493 399 3565 ἑνί,
418 3495 468 3556 ἰπί
480 3493 550 3570 τούς
561 3499 669 3563 τίσσαν
702 3504 754 3563 ἕνα
766 3501 833 3583 περὶ
845 3493 999 3581 ἆμαρτίας.
1024 3492 1103 3577 πλὴν
1115 3499 1168 3577 τῆς
1180 3491 1310 3557 ὁλοκαυ-

63 3601 121 3661 ρας
134 3572 185 3637 καί
202 3573 273 3639 δέκα
292 3570 410 3655 amobe·
446 3576 538 3643 16καί
567 3584 671 3665 ίμαρον
701 3577 819 3658 τώσεως
832 3586 884 3665 τῆς
897 3574 1067 3652 διαπαντός.
1091 3581 1124 3642 υί
1136 3581 1238 3641 θυσίαι
1253 3573 1310 3639 αύ-

64 3664 95 3737 Z}
109 3660 201 3736 αἰγῶν
214 3661 265 3720 ε”να
276 3659 344 3742 περί
357 3653 511 3741 ἁμαρτίας.
532 3603 609 3740 πλὴν
621 3665 672 3742 τῆς
703 3668 761 3726 τῶν
772 3667 823 3729 καί
835 3668 869 3728 αἰ
884 3664 1011 3731 σπονδαί
1023 3659 1134 3727 αὐτῶν.
1150 3661 1180 3705 ³²
1189 3663 1226 3756 τῇ
1239 3655 1309 3744 ἰχμί-

66 3739 294 3815 ὁλοκαυτώσεως
305 3736 540 3824 τῆςδιαπαντός.
567 3745 600 3805 at
612 3751 672 3804 θυ-
704 3769 743 3826 ρῳ
765 3750 803 3839 τῇ
820 3743 927 3841 ἑβδόμῳ
943 3742 1072 3832 μόσχους
1090 3742 1184 3825 ἕπτά,
1209 3743 1309 3830 κριοὺς

66 3831 127 3890 σίαι
151 3822 250 3888 αὐτῶν
275 3825 326 3888 καί
351 3827 384 3888 αἰ
409 3823 537 3888 σπονδαί
562 3822 671 3890 αὐτῶν.
705 3824 775 3900 δύο,
802 3825 909 3909 ἀμνούς
920 3834 1081 3904 ἐνιαυσίους
1093 3830 1309 3912 δεκατέσσαρας

66 3910 155 3971 17καί
177 3913 214 3995 τῇ
241 3904 334 3992 ἡμέρα
351 3910 390 4000 τῇ
408 3909 528 3993 δευτέρα
544 3903 673 3994 μόσχους
704 3904 851 3993 ἀμώμους.
878 3911 954 3974 33αἰ
971 3917 1076 3976 θυσίαι
1094 3910 1193 3976 αὐτῶν
1210 3914 1261 3976 καί
1274 3915 1308 3977 αἰ

65 3987 187 4064 δώδεκα,
201 3990 298 4075 κριούς
312 3970 376 4070 δύο,
389 3989 499 4074 ἀμνούς
512 3971 671 4070 ἰνιαυσίσυς
703 3994 834 4062 σπονδαὶ
851 3989 950 4057 αύτῶν
966 4005 1029 4068 τοῖς
1045 3990 1162 4078 μόσχοις
1180 3999 1308 4071 καὶτοῖς

66 4076 212 4155 τέσσαρας
224 4077 274 4137 καί
287 4075 357 4138 δέκα
369 4070 515 4157 ἀμώμους.
539 4077 567 4118 ¹⁸
580 4073 599 4161 ἢ
611 4087 670 4141 θυ-
702 4090 794 4182 κριοῖς
813 4079 863 4144 καί
881 4090 943 4154 τοίς
961 4073 1064 4159 ἀμνοίς
1082 4076 1159 4143 κατά
1178 4075 1308 4164 ἀριθμόν

66 4161 115 4220 σία
134 4157 232 4220 αὐτῶν
254 4153 340 4240 καὶῆ
361 4156 472 4241 σπονδίχ
490 4157 590 4223 αὐτῶν
607 4171 671 4235 τοῖς
702 4167 818 4238 αυτῶν,
842 4160 920 4226 κατὰ
944 4159 999 4245 τὴν
1024 4156 1171 4248 σύγκρισιν
1196 4161 1305 4226 αἰτῶν.

64 4235 183 4343 μόσχοις
195 4241 319 4312 καὶτοῖς
331 4251 422 4324 κριοῖς
434 4241 484 4304 καί
497 4253 559 4316 τοῖς
570 4240 671 4326 ἀμνσῖς
702 4245 789 4312 34καί
798 4252 923 4333 χίμαρον
931 4247 962 4322 ἐξ
970 4249 1063 4324 αἰγῶν
1072 4251 1122 4311 ἕνα
1131 4246 1199 4330 περί
1208 4241 1307 4329 ἀμαρ-

64 4349 143 4385 κατα
161 4319 290 4406 ἀριθμὸν
303 4319 416 4398 αὐτῶν,
442 4322 519 4386 κατὰ
533 4324 586 4407 τὴν
599 4322 671 4401 σύγ·
702 4332 774 4401 τίας.
788 4326 865 4412 πλὴν
877 4334 929 4414 τῆς
942 4325 1169 4400 ὁλοκαυτώσεως
1179 4330 1231 4410 τῆς
1241 4326 1307 4390 δια-

65 4429 161 4489 κρισιν
174 4401 281 4468 αὐτῶν.
301 4408 329 4447 ¹⁹
339 4407 390 4469 καί
401 4410 524 4491 χίμαρον
536 4411 566 4483 ἔξ
579 4412 671 4484 αἰγῶν
702 4405 819 4485 παντός.
839 4416 872 4476 αἰ
883 4418 985 4476 θυσίαι
999 4409 1100 4475 αὐτῶν
1112 4410 1162 4471 καί
1173 4413 1205 4471 αἱ
1216 4430 1306 4469 σπον-

67 4494 118 4552 ἰνα
129 4483 362 4574 περίἀμαρτίας.
389 4485 465 4572 πλὴν
477 4493 529 4571 τῆς
543 4489 670 4555 ὃλοκαυ-
704 4492 752 4558 δαί
765 4491 873 4559 αὐτῶν.
899 4495 928 4537 ³⁵
941 4495 993 4556 καί
1006 4496 1044 4583 τῇ
1059 4486 1151 4574 ἢμέριχ
1165 4482 1311 4639 τῇέεδχχδόχχ

855 4584 862 4595 ’
1223 4588 1307 4628 ocor
