2924 4972
252 235 548 298 ΒΑΣΙΛΕῙΩΝ
579 236 761 299 ΠΡΩΤΗ
799 231 1154 327 Κεφ.ιιβ’.κγ’.2923.
1267 242 1331 307 297

82 343 260 433 ὅβασιλεύς
280 345 359 409 κυτά
381 351 436 411 τού
462 347 573 413 δούλου
595 345 692 413 αὐτοῦ
713 331 898 434 We&
923 352 1059 416 ίνταύθα
1084 355 1117 417 ἐν
1141 358 1178 441 κη’
1197 352 1333 438 Ἰουδαία

83 423 237 508 λόγονκαὶ
251 430 266 492 ί
286 425 295 447 ’
311 422 384 492 ύλον
397 429 451 494 τὸν
463 428 547 495 οἶκον
557 433 617 496 τού
628 456 692 495 πα·
726 430 925 518 φοβούμεθα,
951 435 1004 499 καί
1020 440 1087 511 πῶς
1103 438 1186 499 ἔσται
1203 433 1256 501 ἐὰν
1271 463 1332 506 πο·

83 509 222 598 τράς-μου
228 558 239 587 ,
258 453 314 613 ’ἀει
327 508 384 575 οὐκ
402 511 464 606 ᾔδει
482 510 500 579 5
513 508 623 588 δοῦλός
634 537 690 578 σου
726 521 874 619 ριυθῶμεν
886 521 925 592 είς
937 515 1044 593 Κεῖλά,
1058 523 1097 592 είς
1110 516 1150 582 τά
1163 519 1259 584 σκῦλα
1271 525 1332 584 τῶν

83 599 200 662 ίνπάοι
214 619 331 669 τουτοις
343 597 424 679 ῥῆμα
434 595 553 683 μικρὸν,
571 594 689 681 ἢμέγα.
727 595 907 680 ἀλλοφύλων
932 598 1200 687 είςπορευοόμεθαγ
1239 603 1256 644 ⁴
1281 604 1332 667 καί

85 676 263 767 ωκαὶεῖπεν
275 674 294 741 5
301 677 444 784 βασιλεὺς
455 677 571 745 Σαούλ
589 675 690 745 θανά-
727 685 893 766 προςίθετο
906 685 1003 748 Δαυίά
1018 688 1062 749 ἔτι
1080 688 1269 789 ἐπερωτήσω
1281 685 1331 750 &a

83 789 126 846 τῳ
138 760 283 854 ἀποθανῇ
299 761 448 848 Αβιμελεχ
461 763 508 841 σύ,
534 766 586 828 καί
597 759 689 839 πάςά
726 767 782 828 τού
799 771 909 849 κυρίου.
936 767 988 829 καί
1008 764 1159 854 ἀπεκρίθη
1176 773 1262 851 αυτῷ
1278 764 1331 832 κύ·

82 847 235 921 οἷκοςτού
248 840 364 929 πατρός
378 871 438 910 σου.
477 849 567 911 17καί
580 841 689 912 είπενὸ
726 871 802 931 ριος,
826 849 878 911 καί
893 846 971 912 είπεν
987 848 1080 932 αύτῷ.
1119 846 1267 936 ἀνάστηθι
1279 853 1331 917 καί

79 926 215 1020 βασιλεὺς
226 938 291 1003 τοῖς
309 933 528 1015 παρατρέχουσι
546 941 609 1006 τοῖς
622 933 689 1012 ἐφεν
725 929 878 1017 κατάβηθι
889 935 929 1004 είς
942 930 1053 1008 Κεῖλά,
1065 928 1112 998 ὅτι
1125 933 1184 1012 ἐγὼ
1196 936 1330 1021 παροθί·

81 1006 203 1098 υτηιιύοι
215 1009 294 1097 πρὸς
307 1007 408 1077 αύτὸν.
423 1011 624 1099 προςαγάγετε
638 1014 690 1078 καί
726 1015 800 1095 δωμι
814 1012 887 1088 τούς
900 1010 1089 1094 ἀλλοφύλους
1106 1021 1145 1090 είς
1157 1014 1253 1102 χεῖράς
1265 1043 1329 1083 σου.

80 1099 251 1163 θανατοῦτε
264 1093 336 1170 τοὺς
350 1099 431 1180 ἱερεῖς
444 1102 501 1161 τοῦ
515 1104 627 1183 κυρίου,
643 1092 689 1161 ὅτι
726 1098 807 1161 6καί
828 1093 978 1182 ἐπορεύθη
991 1098 1090 1162 Δαυίδ
1110 1102 1161 1163 καί
1177 1104 1209 1164 οί
1230 1100 1331 1186 ἀνδρες

82 1177 100 1265 ή
112 1182 172 1266 χείρ
185 1174 287 1242 αὐτῶν
302 1177 378 1262 μετὰ
391 1181 505 1257 Auula,
530 1183 582 1245 καί
599 1177 646 1245 ὅτι
659 1182 689 1245 λ’-
726 1183 758 1245 οί
769 1177 828 1264 μετ’
845 1178 943 1246 αύτού
955 1184 995 1254 είς
1007 1179 1114 1256 Κείλά,
1126 1183 1179 1245 καί
1189 1182 1332 1267 ίπολίμη-

79 1287 200 1342 γνωοαν
208 1256 256 1326 ὅτι
265 1257 363 1344 φεύγει
373 1259 477 1338 αὐτὸς,
487 1266 540 1328 καί
550 1261 689 1329 ούκάπε·
726 1288 758 1329 σε
780 1273 845 1337 τοῖς
866 1260 1058 1342 ἀλλοφύλοις.
1093 1264 1145 1328 καί
1165 1265 1275 1366 ἔφυγον
1298 1269 1332 1330 ίιι

80 1343 222 1428 κάλυψαν
233 1341 269 1410 τὸ
281 1342 374 1410 ἀτίον
383 1370 449 1427 μου.
470 1348 522 1411 καί
534 1343 590 1411 οὐκ
603 1349 689 1435 ἐβου-
726 1341 890 1431 προςύπου
917 1344 1026 1422 αὐτοῦ,
1056 1347 1108 1410 καί
1132 1343 1268 1429 ἀπήγαγε
1292 1346 1332 1412 τά

78 1425 220 1513 λήθηααν
231 1431 262 1492 οί
273 1429 375 1504 παῖδες
392 1433 451 1494 τού
462 1431 609 1516 βασιλέως
621 1433 688 1495 ἒπε-
725 1425 817 1513 κτήνη
830 1425 940 1505 αὐτῶν,
962 1431 1014 1493 καί
1026 1424 1172 1504 ἐπάταξεν
1184 1433 1216 1494 ἐν
1228 1428 1333 1505 αὐτοῖς

79 1522 192 1592 νεγκεῖν
211 1506 265 1586 τάς
282 1521 378 1599 χεῖρας
391 1510 494 1585 αὐτῶν
517 1510 688 1594 ἀπαντῆσαι
724 1509 843 1597 πληγήν
867 1509 1012 1596 μεγάλην,
1039 1513 1091 1576 καί
1116 1515 1208 1577 ἔσωσε
1235 1513 1332 1578 Δαυίύ

81 1590 208 1670 εῖςτούς
225 1595 305 1674 ίερεῖς
322 1601 434 1681 κυρίου.
460 1595 555 1661 11’καί
571 1592 686 1663 είπενύ
723 1595 794 1671 τοὺς
806 1599 1018 1671 κατοικοῦντας
1031 1590 1135 1659 Κείλά.
1172 1597 1253 1660 οκαὶ
1266 1599 1331 1674 ίγε·

83 1673 224 1762 βασιλεὺς
242 1681 287 1760 τῷ
309 1674 408 1759 Δωήκ.
435 1680 618 1765 ἐπιστρέφου
639 1676 686 1756 σύ,
724 1702 790 1745 νετο
802 1681 890 1762 ἐντῷ
902 1673 1017 1760 φεύγειν
1025 1673 1175 1781 Ἀβιάθαρ
1184 1673 1249 1743 υίάν
1256 1676 1330 1762 Ἆγι·

82 1758 139 1824 καί
155 1753 278 1823 &mim
293 1763 332 1834 είς
347 1760 417 1838 τούς
434 1765 526 1849 ίερεῖς.
552 1763 605 1827 καί
618 1766 685 1828 ἒπε-
723 1762 809 1846 μελεχ
833 1760 910 1846 πρὸς
934 1760 1040 1836 Δαυὶδ,
1060 1763 1113 1825 καλ
1138 1760 1230 1835 αυτὸς
1253 1760 1329 1844 μετά

81 1836 203 1928 στράφη
220 1837 311 1926 Δωήκ
327 1838 346 1907 5
360 1839 476 1931 Σύρος,
502 1846 554 1910 καί
572 1843 686 1910 ἕθανά-
725 1845 823 1910 Δαυίδ
834 1849 873 1919 είς
889 1842 985 1908 Κείλά
999 1846 1108 1949 κατεβη
1124 1846 1199 1928 ἔχων
1213 1840 1329 1924 Ἐφοάθ

80 1949 156 1991 τωοε
168 1921 239 2000 τούς
250 1930 331 2013 ίερεῖς
339 1932 396 1994 τοῦ
406 1933 510 2014 κυρίου
522 1930 554 1993 ἒν
564 1932 605 2022 τῇ
615 1927 686 2013 ήμί-
724 1932 755 1993 ἒν
767 1952 804 2032 ιη
833 1930 887 2012 ειρί
899 1925 1004 1992 αὐτού.
1032 1929 1105 1992 ’και
1115 1925 1271 2011 ἀπηγγθη
1284 1933 1328 2011 τῷ

100 2008 241 2103 αέκιίνη,
267 2017 455 2096 τριακοσίους
466 2013 518 2076 καί
529 2014 617 2077 πέντε
630 2010 686 2078 ἀν-
722 1954 839 2085 Σαουλ,
866 2006 913 2076 ὅτι
931 2005 993 2094 ήκει
1010 2005 1029 2074 5
1049 2013 1147 2076 Δουίδ
1161 2015 1201 2085 είς
1217 2011 1327 2084 Κεῖλά,

78 2032 161 2171 ἀρας,
174 2095 288 2169 πάντας
301 2095 442 2182 αἴροντας
451 2091 574 2176 Ἐφούδ.
599 2096 688 2160 ¹⁹va
724 2097 776 2160 καὶ
797 2092 859 2159 εἷπε
880 2089 995 2159 Σαούλ.
1021 2096 1175 2180 πέπρακεν
1194 2091 1291 2158 αὐτὸν
1308 2091 1327 2158 5

79 2174 294 2263 τήνΝομβάτ“
326 2172 416 2243 πόλιν
426 2181 487 2242 τῶν
499 2180 600 2264 ίερέων
611 2173 685 2243 em}-
723 2176 797 2253 θεὸς
817 2181 856 2253 είς
872 2175 927 2251 τὰς
943 2172 1039 2262 χεῖράς
1054 2202 1122 2260 μου,
1147 2173 1194 2242 ὅτι
1215 2174 1329 2241 ἀποκέ-

80 2259 167 2334 ταξεν
185 2263 217 2326 ῖν
242 2284 279 2325 στ
297 2285 370 2344 ματι
387 2264 540 2366 ῥομφαίας
552 2258 618 2325 ἀπὸ
632 2259 686 2326 ἀν-
724 2262 852 2328 κλεισται
864 2260 1000 2336 είςελθιὸν
1010 2265 1050 2336 εἰς
1061 2256 1151 2326 πόλιν
1163 2263 1269 2346 θυρῶν
1278 2263 1330 2326 καί

78 2341 149 2426 δρὸς
171 2345 228 2417 ἕως
248 2342 396 2420 γυναικὸς,
414 2342 479 2410 απὸ
501 2349 686 2428 νηπίουιῖιυς
722 2345 850 2430 μοχλοῑν.
890 2345 906 2389 ⁸
931 2345 983 2409 καί
1014 2340 1190 2428 παρήγγειλε
1222 2342 1329 2408 Σαούλ

76 2417 273 2505 θηλύζσντος,
287 2428 338 2490 καί
349 2422 468 2510 μάοχου,
479 2425 624 2502 καὶάνου,
636 2429 687 2492 καὶ
724 2431 815 2494 παντὶ
831 2431 877 2511 τῷ
893 2428 959 2510 λαῷ
979 2431 1166 2513 καταβαίνειν
1182 2431 1221 2499 είς
1237 2422 1328 2489 πόλε·

77 2501 247 2608 προβάτου.
278 2508 309 2549 ²⁰
322 2510 374 2571 καί
386 2504 557 2583 διασώζεται
572 2508 635 2583 υίὸς
647 2510 687 2586 είς
723 2537 779 2595 μου
791 2517 829 2586 εἰς
841 2507 947 2584 Κείλά,
969 2511 1095 2591 συνέχειν
1107 2508 1160 2573 τὸν
1171 2509 1267 2571 Δαυίά
1278 2510 1329 2572 κατ’

77 2591 126 2694 τερ
134 2588 284 2693 Αβιμελεη
296 2592 352 2674 υίῷ
365 2585 506 2675 Ἀχιτώβ,
530 2592 581 2654 καί
593 2589 687 2674 ὄνομα
724 2593 795 2671 τοὺς
813 2593 923 2680 ἀνδρας
941 2589 1045 2656 αὐτοῦ.
1073 2592 1153 2655 9καί
1172 2593 1246 2667 ἔγνω
1263 2595 1329 2654 Δα-

78 2675 167 2755 αυτῷ
188 2671 353 2759 Ἀβιαθαρ,
383 2673 436 2737 καί
460 2675 563 2753 ἔφυγεν
587 2670 685 2741 ὀπίσω
724 2680 783 2755 υἱεῖ,
810 2675 856 2744 ὅτι
875 2674 913 2741 ού
935 2679 1120 2758 παρασιωπᾷ
1137 2671 1244 2738 Σαούλ
1260 2676 1329 2755 περὶ

75 2755 185 2822 Δαυίδ.
223 2756 317 2821 21καί
341 2750 516 2859 ἀπήγγειλεν
535 2754 683 2863 Ἀβιάθαρ
724 2759 819 2827 αὐτοῦ
845 2760 899 2844 τήν
923 2766 1037 2825 κακίαν.
1069 2761 1120 2823 καί
1145 2757 1207 2824 είπε
1232 2758 1329 2822 Δαυὶδ

74 2844 124 2923 τῷ
133 2835 684 2917 Δαυίύ,ἀτιίθανατονοεΣαουλπάν-
723 2843 802 2929 πρὸς
810 2840 959 2931 Ἀβιάθαρ
972 2843 1025 2909 τὸν
1039 2847 1123 2925 ἶερία.
1159 2839 1328 2928 προςάγαγε

74 2948 131 2999 τας
142 2924 214 2999 τούς
227 2928 310 3008 ἶερεῖς
320 2928 376 2988 τού
388 2928 501 3009 κυρίου.
524 2928 610 2992 22καί
623 2926 684 2992 είπε
722 2927 759 2992 τὸ
768 2926 883 3007 Ἔφούθ
895 2935 1005 3012 κυρίου.
1032 2928 1061 2968 ¹⁰
1073 2929 1124 2989 καί
1140 2925 1201 2989 εἶπε
1220 2926 1325 2988 Δαυίιλ

74 3007 176 3072 Δαυίύ
193 3010 238 3090 τῷ
249 3003 410 3094 Ἆβιάθαρ.
437 3006 514 3113 ᾔδειν
528 3005 576 3075 ὅτι
596 3012 627 3074 ίν
645 3014 684 3106 ιη’
723 3008 802 3094 κύριε
816 3008 834 3074 ὁ
846 3005 917 3087 θεὸς
927 3005 1061 3115 Ἰσραήλ,
1074 3004 1194 3073 ἀκούων
1206 3003 1329 3090 ἀκήκοεν

76 3088 174 3194 ήμέρᾳ
194 3092 302 3175 ἐκείνη,
321 3086 368 3156 ὅτι
381 3095 474 3176 Δωηκ
491 3090 509 3156 5
522 3090 622 3180 Σύρος
635 3089 684 3158 ἀτι
723 3092 741 3159 5
754 3089 860 3170 δοῦλός
881 3120 946 3172 οου,
960 3093 1006 3159 ὅτι
1024 3095 1103 3176 ζητεῖ
1112 3091 1217 3158 Σαούλ
1230 3091 1329 3157 ἐλθεῖν

75 3173 274 3251 απαγγέλλιαν
308 3171 471 3252 ἀπαγγελεῖ
496 3180 540 3260 τῷ
567 3172 681 3242 Σαούλ
721 3180 774 3243 ἐπὶ
786 3175 883 3242 Κεῖλά
895 3179 1067 3261 διαφθεῖραι
1079 3175 1132 3260 τήν
1144 3174 1233 3242 πόλιν
1246 3174 1279 3239 δι’
1296 3177 1328 3238 ἐ-

75 3253 135 3335 ἐγώ
147 3260 202 3361 εἰμι
222 3258 320 3332 αἴτιος-
332 3261 393 3323 τῶν
411 3263 516 3343 φυγῶν
532 3260 616 3325 οἴκου
625 3264 682 3324 τού
721 3260 767 3341 μὲ,
792 3264 817 3301 ¹¹
830 3263 854 3323 εἰ
868 3256 1154 3342 ἀποκλειοθήσεται,·
1179 3260 1229 3322 καί
1241 3262 1292 3323 νῦν
1304 3262 1329 3321 εῖ

73 3364 193 3424 πατρος
206 3365 270 3405 σου.
295 3341 325 3390 ²³
345 3335 444 3407 κάθου
457 3339 516 3422 μετ’
532 3345 614 3425 ἐμοῦ.
641 3341 683 3426 μή
722 3338 922 3425 καταβήσεται
934 3339 1039 3404 Σαούλ
1056 3340 1161 3413 καθὼς
1174 3337 1328 3420 ήκουσενὸ

74 3426 189 3507 φοβοῦ,
202 3418 248 3487 ὅτι
265 3414 302 3488 ού
318 3422 372 3488 ἔάν
385 3426 463 3509 ζητῶ
475 3429 515 3507 τῆ
529 3430 612 3524 ψυχῇ
625 3451 683 3509 μου
722 3421 832 3498 δοῦλός
846 3448 899 3487 σου
904 3450 916 3499 ,·
930 3418 1008 3527 κύριε
1021 3419 1039 3484 5
1052 3419 1254 3502 θεόςἽοραλ
1265 3419 1329 3485 ἀττ-

74 3501 182 3581 τόπον,
205 3503 322 3590 ζητήσω
334 3508 385 3572 καί
396 3511 436 3601 τῇ
448 3494 532 3594 ψύχῆ
545 3534 608 3585 σου,
635 3505 683 3573 ὅτι
723 3503 858 3586 ἄγγειλον
871 3509 915 3588 τῷ
927 3505 1028 3585 δούλῳ
1041 3528 1104 3568 σου.
1138 3507 1190 3566 καὶ
1202 3448 1262 3565 ιάπε
1276 3500 1330 3566 κύ-

73 3583 243 3671 πεφύλαξαι
255 3586 292 3655 σύ
304 3588 373 3675 παρ’
390 3593 463 3672 ἐμοί.
512 3578 523 3604 ”
722 3618 793 3677 ριος.
819 3586 1098 3670 ἀποκλεισθήοεται.
1124 3589 1151 3631 ¹³
1157 3588 1208 3651 καί
1220 3581 1328 3671 ἀνέστη

255 3679 289 3737 Κ
299 3679 330 3738 Ε
343 3677 382 3751 Φ.
426 3668 511 3736 KP'.
723 3676 821 3738 Δαυίδ
831 3677 881 3738 καὶ
900 3677 930 3738 οἱ
943 3672 1043 3755 ἀνδρες
1061 3673 1091 3733 ολ
1102 3666 1161 3751 μετ’
1178 3667 1275 3734 αὐτοῦ
1288 3666 1328 3746 ὡς

75 3720 161 3821 Καὶ
179 3752 224 3820 ἀπ
242 3755 333 3840 γγελη
345 3760 389 3839 τῷ
403 3755 515 3831 Δαυίδ,
541 3753 681 3832 λέγοντες,
722 3755 924 3842 τετρακόσιοι,
950 3757 1002 3820 καὶ
1025 3752 1153 3858 ἐξῆλθον
1170 3756 1203 3817 ἐκ
1223 3751 1328 3832 Κείλά,

75 3836 141 3903 ίιλού
160 3843 193 3905 οῖ
211 3783 381 3919 ἀλλύφύλοι
398 3839 580 3922 πολεμοῦσιν
597 3841 628 3910 ἐν
644 3843 683 3933 τῇ
721 3841 774 3904 καί
791 3835 985 3919 ἐπορεύοντο,
1012 3864 1048 3903 ου
1067 3834 1119 3900 ἕάν
1137 3832 1327 3923 ἐπορεύοντο.

74 3922 174 4005 Kena}
185 3924 237 3987 καί
250 3920 342 3988 αὐτοὶ
354 3922 561 4008 διαρπάζουσι,
588 3948 684 3989 κατα-
722 3925 773 3989 καί
790 3927 836 4006 τῷ
853 3921 961 3987 Σαούλ
974 3920 1136 4005 ἀπηγγελνγ,
1163 3917 1211 3985 ὅτι
1227 3921 1327 3988 διασέ-

76 4012 209 4072 πατούσι
228 4000 388 4081 τούςάλω.
416 4009 496 4071 2καί
512 4003 684 4093 ἐπηρώτησε
722 4033 837 4073 σωοται
851 4006 951 4070 Δουίύ
969 4008 1000 4068 ἐκ
1018 4001 1131 4079 Κεῖλά,
1157 4005 1209 4068 καί
1221 4004 1329 4090 ἀνῆκεν

74 4090 175 4154 Auula
192 4086 243 4154 διά
256 4092 312 4153 τού
324 4095 442 4175 κυρίου,
460 4090 561 4168 λέγων.
589 4096 614 4154 εί
625 4116 684 4155 πο-
721 4095 776 4156 τοῦ
789 4091 896 4156 ἐλθεῖν.
921 4088 951 4131 14
964 4090 1015 4155 καί
1027 4088 1163 4154 ίκάθισεν
1174 4090 1205 4152 lv
1219 4096 1328 4154 Μαοτ·

74 4177 187 4258 ριυθῶ,
206 4175 259 4237 καί
270 4170 398 4249 πατάξω
411 4170 481 4249 τοὺς
494 4169 684 4257 ἀλλοφύλους
741 4174 775 4256 ἐμ
787 4178 820 4239 ἐν
832 4177 871 4266 τῇ
888 4168 987 4259 ἐρήμῳ
1005 4176 1037 4238 ἓν
1053 4183 1116 4248 τοῖς
1133 4182 1251 4245 στενοῖς,
1277 4163 1329 4234 καί

72 4251 220 4335 τούτουςς
245 4257 297 4322 καί
321 4254 382 4321 είπε
408 4253 518 4342 κύριος.
544 4254 684 4342 πορεύου,
722 4200 856 4340 λκάθητο
870 4259 901 4320 ἓν
912 4261 950 4340 τῆ
963 4253 1061 4343 ἐρήμῳ
1080 4259 1112 4321 ἐν
1124 4260 1169 4338 τῷ
1181 4252 1243 4355 ὄρει
1256 4254 1328 4356 Ζὶφ,

73 4342 127 4405 καί
137 4333 280 4415 πατάξεις
293 4341 324 4403 ἐν
336 4350 398 4415 τοῖς
416 4336 601 4422 ἀλλοφύλοις
611 4335 684 4405 τού-
722 4341 753 4402 ἐν
765 4342 803 4421 τῆ
817 4343 857 4423 γῆ
868 4344 908 4433 τῇ
923 4327 1077 4424 ἀὺγμιόθει.
1104 4340 1156 4401 καί
1169 4338 1260 4415 ίζητει
1273 4361 1330 4399 αυ-

74 4447 154 4502 τοις,
179 4425 232 4488 καί
241 4418 342 4504 σώσεις
354 4423 408 4508 τήν
421 4424 525 4489 Kena.
552 4424 631 4487 8καί
642 4419 685 4486 εί·
722 4420 776 4486 τὸν
784 4409 895 4487 ’Σαούλ
906 4420 1006 4495 πάσας
1019 4422 1074 4493 τὰς
1087 4417 1213 4499 ἡμέρας,
1226 4418 1278 4515 βᾱλ
1291 4413 1330 4478 θῦ

74 4531 134 4571 πον
146 4510 177 4572 οῖ
191 4502 291 4592 ἀνδρες
308 4510 362 4571 τού
375 4507 475 4572 Δαυίθ
493 4503 569 4592 πρὸς
584 4503 684 4571 αὐτόν.
722 4505 891 4591 παρέδωκεν
909 4501 1004 4567 αὐτὸν
1021 4496 1121 4580 κύριος
1142 4502 1181 4568 είς
1201 4519 1256 4568 τας
1272 4504 1332 4577 χεῖ·

1279 4598 1335 4652 ρας
