<?xml version="1.0" encoding="UTF-8"?>
<!DOCTYPE html PUBLIC "-//W3C//DTD XHTML 1.0 Transitional//EN"
    "http://www.w3.org/TR/xhtml1/DTD/xhtml1-transitional.dtd">
<html xmlns="http://www.w3.org/1999/xhtml" xml:lang="en" lang="en">
 <head>
  <title>
</title>
<meta http-equiv="Content-Type" content="text/html;charset=utf-8" />
  <meta name='ocr-system' content='tesseract 3.04.00' />
  <meta name='ocr-capabilities' content='ocr_page ocr_carea ocr_par ocr_line ocrx_word'/>
</head>
<body>
  <div class='ocr_page' id='page_1' title='image "./vetustestamentu00essgoog_0868.png"; bbox 0 0 2924 4972; ppageno 0'>
   <div class='ocr_carea' id='block_1_1' title="bbox 464 235 1367 319">
    <p class='ocr_par' dir='ltr' id='par_1_1' title="bbox 464 235 1367 319">
     <span class='ocr_line' id='line_1_1' title="bbox 464 235 1367 319; baseline 0.001 -17"><span class='ocrx_word' id='word_1_1' title='bbox 464 244 501 302; x_wconf 83' lang='lat'><strong><em>11</em></strong></span> <span class='ocrx_word' id='word_1_2' title='bbox 509 240 581 303; x_wconf 61' lang='grc' dir='ltr'><strong><em>,ΕΛ</em></strong></span> <span class='ocrx_word' id='word_1_3' title='bbox 594 240 652 303; x_wconf 79' lang='grc' dir='ltr'><strong><em>ΙΑ</em></strong></span> <span class='ocrx_word' id='word_1_4' title='bbox 664 247 695 305; x_wconf 84' lang='grc' dir='ltr'><em>Σ</em></span> <span class='ocrx_word' id='word_1_5' title='bbox 735 245 812 319; x_wconf 79' lang='grc' dir='ltr'><strong><em>Κεφ.</em></strong></span> <span class='ocrx_word' id='word_1_6' title='bbox 830 237 868 304; x_wconf 88' lang='grc' dir='ltr'><strong><em>θ’.</em></strong></span> <span class='ocrx_word' id='word_1_7' title='bbox 883 240 909 304; x_wconf 90' lang='grc' dir='ltr'><strong><em>ι’.</em></strong></span> <span class='ocrx_word' id='word_1_8' title='bbox 924 241 953 305; x_wconf 81' lang='grc'><strong><em>9.</em></strong></span> <span class='ocrx_word' id='word_1_9' title='bbox 974 242 1019 307; x_wconf 80' lang='lat'><strong><em>10.</em></strong></span> <span class='ocrx_word' id='word_1_10' title='bbox 1301 235 1367 304; x_wconf 79' lang='grc'><strong><em>773</em></strong></span> 
     </span>
    </p>
   </div>
   <div class='ocr_carea' id='block_1_2' title="bbox 85 350 1439 4698">
    <p class='ocr_par' dir='ltr' id='par_1_2' title="bbox 85 350 1439 4698">
     <span class='ocr_line' id='line_1_2' title="bbox 119 350 1367 436; baseline 0.001 -14"><span class='ocrx_word' id='word_1_11' title='bbox 119 361 131 400; x_wconf 81' lang='lat'>³</span> <span class='ocrx_word' id='word_1_12' title='bbox 146 357 182 423; x_wconf 83' lang='grc' dir='ltr'><strong><em>τὸ</em></strong></span> <span class='ocrx_word' id='word_1_13' title='bbox 195 357 334 421; x_wconf 90' lang='grc' dir='ltr'><strong><em>πλεῖστον</em></strong></span> <span class='ocrx_word' id='word_1_14' title='bbox 347 359 402 420; x_wconf 79' lang='grc' dir='ltr'><strong><em>τού</em></strong></span> <span class='ocrx_word' id='word_1_15' title='bbox 415 354 508 430; x_wconf 82' lang='grc' dir='ltr'><strong><em>λαοά,</em></strong></span> <span class='ocrx_word' id='word_1_16' title='bbox 530 350 727 436; x_wconf 80' lang='grc' dir='ltr'><strong><em>ἀκατήγαγες</em></strong></span> <span class='ocrx_word' id='word_1_17' title='bbox 760 350 850 419; x_wconf 77' lang='grc' dir='ltr'><strong><em>17διά</em></strong></span> <span class='ocrx_word' id='word_1_18' title='bbox 868 359 962 420; x_wconf 84' lang='grc' dir='ltr'><strong><em>τούτο</em></strong></span> <span class='ocrx_word' id='word_1_19' title='bbox 980 357 1031 420; x_wconf 80' lang='grc' dir='ltr'><strong><em>ε’πί</em></strong></span> <span class='ocrx_word' id='word_1_20' title='bbox 1051 355 1120 431; x_wconf 85' lang='grc' dir='ltr'><strong><em>τοὺς</em></strong></span> <span class='ocrx_word' id='word_1_21' title='bbox 1133 362 1296 432; x_wconf 85' lang='grc' dir='ltr'><strong><em>νεανίσκους</em></strong></span> <span class='ocrx_word' id='word_1_22' title='bbox 1310 355 1367 423; x_wconf 88' lang='grc' dir='ltr'><strong><em>αύ-</em></strong></span> 
     </span>
     <span class='ocr_line' id='line_1_3' title="bbox 116 432 1368 544; baseline -0.001 -37"><span class='ocrx_word' id='word_1_23' title='bbox 116 445 148 507; x_wconf 83' lang='grc' dir='ltr'><strong><em>ἕν</em></strong></span> <span class='ocrx_word' id='word_1_24' title='bbox 161 437 327 532; x_wconf 70' lang='grc' dir='ltr'><strong><em>εὐφροσύνῃ</em></strong></span> <span class='ocrx_word' id='word_1_25' title='bbox 340 463 405 502; x_wconf 92' lang='grc' dir='ltr'><strong><em>σου.</em></strong></span> <span class='ocrx_word' id='word_1_26' title='bbox 432 438 484 502; x_wconf 84' lang='grc' dir='ltr'><strong><em>καί</em></strong></span> <span class='ocrx_word' id='word_1_27' title='bbox 496 432 724 540; x_wconf 78' lang='grc' dir='ltr'><strong><em>εύφραιθησον-</em></strong></span> <span class='ocrx_word' id='word_1_28' title='bbox 760 441 821 503; x_wconf 76' lang='grc' dir='ltr'><strong><em>ταῖν</em></strong></span> <span class='ocrx_word' id='word_1_29' title='bbox 834 433 890 503; x_wconf 86' lang='grc' dir='ltr'><strong><em>ούκ</em></strong></span> <span class='ocrx_word' id='word_1_30' title='bbox 902 432 1142 521; x_wconf 72' lang='grc' dir='ltr'><strong><em>εὐφρανθήσεται</em></strong></span> <span class='ocrx_word' id='word_1_31' title='bbox 1155 435 1173 503; x_wconf 85' lang='grc' dir='ltr'>ὁ</span> <span class='ocrx_word' id='word_1_32' title='bbox 1184 435 1294 544; x_wconf 85' lang='grc' dir='ltr'><strong><em>κύριος,</em></strong></span> <span class='ocrx_word' id='word_1_33' title='bbox 1317 442 1368 507; x_wconf 86' lang='grc' dir='ltr'><strong><em>καί</em></strong></span> 
     </span>
     <span class='ocr_line' id='line_1_4' title="bbox 118 516 1367 611; baseline 0 -20"><span class='ocrx_word' id='word_1_34' title='bbox 118 553 168 591; x_wconf 91' lang='grc' dir='ltr'><strong><em>ται</em></strong></span> <span class='ocrx_word' id='word_1_35' title='bbox 180 520 307 589; x_wconf 74' lang='grc' dir='ltr'><strong><em>ἐνώπιόν</em></strong></span> <span class='ocrx_word' id='word_1_36' title='bbox 320 547 391 594; x_wconf 92' lang='grc' dir='ltr'><strong><em>σου,</em></strong></span> <span class='ocrx_word' id='word_1_37' title='bbox 404 516 445 595; x_wconf 82' lang='grc' dir='ltr'><strong><em>ὦς</em></strong></span> <span class='ocrx_word' id='word_1_38' title='bbox 458 523 490 585; x_wconf 83' lang='grc' dir='ltr'><strong><em>οί</em></strong></span> <span class='ocrx_word' id='word_1_39' title='bbox 502 517 725 606; x_wconf 87' lang='grc' dir='ltr'><strong><em>εύφραινομενοι</em></strong></span> <span class='ocrx_word' id='word_1_40' title='bbox 757 519 829 596; x_wconf 83' lang='grc' dir='ltr'><strong><em>τούς</em></strong></span> <span class='ocrx_word' id='word_1_41' title='bbox 847 519 998 605; x_wconf 88' lang='grc' dir='ltr'><strong><em>ὀρφανούς</em></strong></span> <span class='ocrx_word' id='word_1_42' title='bbox 1015 520 1118 587; x_wconf 82' lang='grc' dir='ltr'><strong><em>αὐτῶν</em></strong></span> <span class='ocrx_word' id='word_1_43' title='bbox 1136 524 1187 587; x_wconf 82' lang='grc' dir='ltr'><strong><em>καί</em></strong></span> <span class='ocrx_word' id='word_1_44' title='bbox 1202 549 1258 599; x_wconf 80' lang='grc' dir='ltr'><strong><em>τας</em></strong></span> <span class='ocrx_word' id='word_1_45' title='bbox 1273 519 1367 611; x_wconf 79' lang='grc' dir='ltr'><strong><em>χήρας</em></strong></span> 
     </span>
     <span class='ocr_line' id='line_1_5' title="bbox 117 599 1367 693; baseline -0.001 -18"><span class='ocrx_word' id='word_1_46' title='bbox 117 614 147 675; x_wconf 83' lang='grc' dir='ltr'><strong><em>ἐν</em></strong></span> <span class='ocrx_word' id='word_1_47' title='bbox 160 603 280 692; x_wconf 86' lang='grc' dir='ltr'><strong><em>ἀμήτῳ,</em></strong></span> <span class='ocrx_word' id='word_1_48' title='bbox 305 606 357 668; x_wconf 86' lang='grc' dir='ltr'><strong><em>καί</em></strong></span> <span class='ocrx_word' id='word_1_49' title='bbox 373 600 409 669; x_wconf 77' lang='grc' dir='ltr'><strong><em>ὃν</em></strong></span> <span class='ocrx_word' id='word_1_50' title='bbox 422 599 536 688; x_wconf 82' lang='grc' dir='ltr'><em>τρόπον</em></span> <span class='ocrx_word' id='word_1_51' title='bbox 547 609 579 669; x_wconf 84' lang='grc' dir='ltr'><strong><em>σί</em></strong></span> <span class='ocrx_word' id='word_1_52' title='bbox 591 599 725 691; x_wconf 90' lang='grc' dir='ltr'><strong><em>διαιρού-</em></strong></span> <span class='ocrx_word' id='word_1_53' title='bbox 759 601 858 670; x_wconf 77' lang='grc' dir='ltr'><strong><em>αύτυῖν</em></strong></span> <span class='ocrx_word' id='word_1_54' title='bbox 871 603 927 670; x_wconf 88' lang='grc' dir='ltr'><strong><em>οάκ</em></strong></span> <span class='ocrx_word' id='word_1_55' title='bbox 940 599 1057 690; x_wconf 78' lang='grc' dir='ltr'><strong><em>ἐλεήσει.</em></strong></span> <span class='ocrx_word' id='word_1_56' title='bbox 1083 601 1129 670; x_wconf 81' lang='grc' dir='ltr'><strong><em>ὅτι</em></strong></span> <span class='ocrx_word' id='word_1_57' title='bbox 1141 601 1246 682; x_wconf 90' lang='grc' dir='ltr'><strong><em>πάντες</em></strong></span> <span class='ocrx_word' id='word_1_58' title='bbox 1260 609 1367 693; x_wconf 89' lang='grc' dir='ltr'><strong><em>άνομοι</em></strong></span> 
     </span>
     <span class='ocr_line' id='line_1_6' title="bbox 115 683 1368 782; baseline 0.001 -26"><span class='ocrx_word' id='word_1_59' title='bbox 115 718 192 778; x_wconf 86' lang='grc' dir='ltr'><strong><em>μενοι</em></strong></span> <span class='ocrx_word' id='word_1_60' title='bbox 206 690 310 756; x_wconf 82' lang='grc' dir='ltr'><strong><em>σκῦλα.</em></strong></span> <span class='ocrx_word' id='word_1_61' title='bbox 329 683 428 753; x_wconf 70' lang='grc' dir='ltr'><strong><em>4διότι</em></strong></span> <span class='ocrx_word' id='word_1_62' title='bbox 441 683 724 782; x_wconf 76' lang='grc' dir='ltr'><strong><em>ἀφῄρηταιάζυγὸς</em></strong></span> <span class='ocrx_word' id='word_1_63' title='bbox 757 691 808 754; x_wconf 87' lang='grc' dir='ltr'><strong><em>καί</em></strong></span> <span class='ocrx_word' id='word_1_64' title='bbox 833 691 976 775; x_wconf 84' lang='grc' dir='ltr'><strong><em>πονηροί,</em></strong></span> <span class='ocrx_word' id='word_1_65' title='bbox 1000 691 1053 754; x_wconf 84' lang='grc' dir='ltr'><strong><em>καί</em></strong></span> <span class='ocrx_word' id='word_1_66' title='bbox 1076 694 1138 754; x_wconf 82' lang='grc' dir='ltr'><strong><em>πᾶν</em></strong></span> <span class='ocrx_word' id='word_1_67' title='bbox 1162 685 1258 772; x_wconf 80' lang='grc' dir='ltr'><strong><em>στόμα</em></strong></span> <span class='ocrx_word' id='word_1_68' title='bbox 1283 690 1368 759; x_wconf 80' lang='grc' dir='ltr'><strong><em>λαλεῖ</em></strong></span> 
     </span>
     <span class='ocr_line' id='line_1_7' title="bbox 116 767 1365 877; baseline -0.004 -34"><span class='ocrx_word' id='word_1_69' title='bbox 116 777 133 842; x_wconf 90' lang='grc' dir='ltr'><strong>ὁ</strong></span> <span class='ocrx_word' id='word_1_70' title='bbox 148 773 191 842; x_wconf 73' lang='grc' dir='ltr'><strong><em>ἐπ’</em></strong></span> <span class='ocrx_word' id='word_1_71' title='bbox 208 771 309 838; x_wconf 81' lang='grc' dir='ltr'><strong><em>αὐτῶν</em></strong></span> <span class='ocrx_word' id='word_1_72' title='bbox 320 778 458 854; x_wconf 89' lang='grc' dir='ltr'><strong><em>κείμενος,</em></strong></span> <span class='ocrx_word' id='word_1_73' title='bbox 483 773 535 837; x_wconf 88' lang='grc' dir='ltr'><strong><em>καί</em></strong></span> <span class='ocrx_word' id='word_1_74' title='bbox 552 767 723 877; x_wconf 70' lang='grc' dir='ltr'><strong><em>ήράρλδοςή</em></strong></span> <span class='ocrx_word' id='word_1_75' title='bbox 756 772 855 838; x_wconf 82' lang='grc' dir='ltr'><strong><em>ἀδικα.</em></strong></span> <span class='ocrx_word' id='word_1_76' title='bbox 869 775 919 839; x_wconf 77' lang='grc' dir='ltr'><strong><em>ἐπί</em></strong></span> <span class='ocrx_word' id='word_1_77' title='bbox 930 777 1007 838; x_wconf 82' lang='grc' dir='ltr'><strong><em>πάσι</em></strong></span> <span class='ocrx_word' id='word_1_78' title='bbox 1019 768 1137 848; x_wconf 75' lang='grc' dir='ltr'><em>τούτοις</em></span> <span class='ocrx_word' id='word_1_79' title='bbox 1148 770 1204 857; x_wconf 78' lang='grc' dir='ltr'><strong><em>ούκ</em></strong></span> <span class='ocrx_word' id='word_1_80' title='bbox 1214 773 1365 858; x_wconf 89' lang='grc' dir='ltr'><strong><em>άπεστρά-</em></strong></span> 
     </span>
     <span class='ocr_line' id='line_1_8' title="bbox 116 851 1421 961; baseline -0.003 -36"><span class='ocrx_word' id='word_1_81' title='bbox 116 861 235 926; x_wconf 78' lang='grc' dir='ltr'><strong><em>ἓπίτοῡ</em></strong></span> <span class='ocrx_word' id='word_1_82' title='bbox 247 851 395 961; x_wconf 76' lang='grc' dir='ltr'><strong><em>τραηήλου</em></strong></span> <span class='ocrx_word' id='word_1_83' title='bbox 407 854 518 921; x_wconf 78' lang='grc' dir='ltr'><strong><em>αὐτῶν.</em></strong></span> <span class='ocrx_word' id='word_1_84' title='bbox 532 855 585 940; x_wconf 84' lang='grc' dir='ltr'><strong><em>τήν</em></strong></span> <span class='ocrx_word' id='word_1_85' title='bbox 595 882 655 941; x_wconf 92' lang='grc' dir='ltr'><strong><em>γαρ</em></strong></span> <span class='ocrx_word' id='word_1_86' title='bbox 666 852 724 942; x_wconf 78' lang='grc' dir='ltr'><strong><em>ῥά·</em></strong></span> <span class='ocrx_word' id='word_1_87' title='bbox 757 882 799 940; x_wconf 88' lang='grc' dir='ltr'><strong><em>φη</em></strong></span> <span class='ocrx_word' id='word_1_88' title='bbox 817 852 835 922; x_wconf 86' lang='grc' dir='ltr'>ὁ</span> <span class='ocrx_word' id='word_1_89' title='bbox 855 854 970 939; x_wconf 86' lang='grc' dir='ltr'><strong><em>θυμὸς,</em></strong></span> <span class='ocrx_word' id='word_1_90' title='bbox 993 854 1057 923; x_wconf 79' lang='grc' dir='ltr'><strong><em>ἀλλ’</em></strong></span> <span class='ocrx_word' id='word_1_91' title='bbox 1081 859 1124 922; x_wconf 78' lang='grc' dir='ltr'><strong><em>ε”τι</em></strong></span> <span class='ocrx_word' id='word_1_92' title='bbox 1144 853 1161 941; x_wconf 80' lang='grc' dir='ltr'><strong><em>ή</em></strong></span> <span class='ocrx_word' id='word_1_93' title='bbox 1177 859 1237 943; x_wconf 82' lang='grc' dir='ltr'><strong><em>χείρ</em></strong></span> <span class='ocrx_word' id='word_1_94' title='bbox 1254 853 1363 943; x_wconf 79' lang='grc' dir='ltr'><strong><em>ύφηλή.</em></strong></span> <span class='ocrx_word' id='word_1_95' title='bbox 1417 932 1421 939; x_wconf 29' lang='lat'><strong>¹</strong></span> 
     </span>
     <span class='ocr_line' id='line_1_9' title="bbox 114 933 1364 1030; baseline -0.002 -23"><span class='ocrx_word' id='word_1_96' title='bbox 114 944 188 1030; x_wconf 80' lang='grc' dir='ltr'><strong><em>βδον</em></strong></span> <span class='ocrx_word' id='word_1_97' title='bbox 213 946 273 1005; x_wconf 82' lang='grc' dir='ltr'><strong><em>τῶν</em></strong></span> <span class='ocrx_word' id='word_1_98' title='bbox 298 934 511 1006; x_wconf 87' lang='grc' dir='ltr'><strong><em>απαιτούντιον</em></strong></span> <span class='ocrx_word' id='word_1_99' title='bbox 532 939 723 1016; x_wconf 81' lang='grc' dir='ltr'><strong><em>διεσκέδασεν,</em></strong></span> <span class='ocrx_word' id='word_1_100' title='bbox 756 942 785 983; x_wconf 80' lang='lat'><strong><em>¹⁸</em></strong></span> <span class='ocrx_word' id='word_1_101' title='bbox 797 942 848 1005; x_wconf 87' lang='grc' dir='ltr'><strong><em>καί</em></strong></span> <span class='ocrx_word' id='word_1_102' title='bbox 870 933 1052 1026; x_wconf 70' lang='grc' dir='ltr'><strong><em>καυθήσεται</em></strong></span> <span class='ocrx_word' id='word_1_103' title='bbox 1069 937 1111 1016; x_wconf 80' lang='grc' dir='ltr'><strong><em>ὦς</em></strong></span> <span class='ocrx_word' id='word_1_104' title='bbox 1129 946 1189 1024; x_wconf 80' lang='grc' dir='ltr'><strong><em>πῦρ</em></strong></span> <span class='ocrx_word' id='word_1_105' title='bbox 1209 937 1364 1026; x_wconf 78' lang='grc' dir='ltr'><strong><em>ήάυσμία,</em></strong></span> 
     </span>
     <span class='ocr_line' id='line_1_10' title="bbox 115 1019 1365 1120; baseline -0.002 -27"><span class='ocrx_word' id='word_1_106' title='bbox 115 1024 157 1102; x_wconf 75' lang='grc' dir='ltr'><strong><em>ὡς</em></strong></span> <span class='ocrx_word' id='word_1_107' title='bbox 173 1029 210 1120; x_wconf 72' lang='grc' dir='ltr'><strong><em>τῇ</em></strong></span> <span class='ocrx_word' id='word_1_108' title='bbox 228 1021 322 1110; x_wconf 73' lang='grc' dir='ltr'><strong><em>ἡμέρᾳ</em></strong></span> <span class='ocrx_word' id='word_1_109' title='bbox 340 1028 379 1114; x_wconf 75' lang='grc' dir='ltr'><strong><em>τῇ</em></strong></span> <span class='ocrx_word' id='word_1_110' title='bbox 401 1025 452 1089; x_wconf 82' lang='grc' dir='ltr'><strong><em>ε’πί</em></strong></span> <span class='ocrx_word' id='word_1_111' title='bbox 470 1019 609 1106; x_wconf 91' lang='grc' dir='ltr'><strong><em>Μαδιάμ.</em></strong></span> <span class='ocrx_word' id='word_1_112' title='bbox 648 1020 723 1090; x_wconf 69' lang='grc' dir='ltr'><strong><em>6ύτι</em></strong></span> <span class='ocrx_word' id='word_1_113' title='bbox 756 1026 808 1091; x_wconf 88' lang='grc' dir='ltr'><strong><em>καί</em></strong></span> <span class='ocrx_word' id='word_1_114' title='bbox 833 1019 874 1098; x_wconf 81' lang='grc' dir='ltr'><strong><em>ὦς</em></strong></span> <span class='ocrx_word' id='word_1_115' title='bbox 899 1023 1047 1111; x_wconf 88' lang='grc' dir='ltr'><strong><em>ἀγρωστις</em></strong></span> <span class='ocrx_word' id='word_1_116' title='bbox 1072 1021 1146 1108; x_wconf 82' lang='grc' dir='ltr'><strong><em>ξηρά</em></strong></span> <span class='ocrx_word' id='word_1_117' title='bbox 1171 1021 1365 1111; x_wconf 79' lang='grc' dir='ltr'><strong><em>βρωθήσεται</em></strong></span> 
     </span>
     <span class='ocr_line' id='line_1_11' title="bbox 113 1101 1439 1195; baseline -0.003 -19"><span class='ocrx_word' id='word_1_118' title='bbox 113 1115 216 1177; x_wconf 80' lang='grc' dir='ltr'><strong><em>πᾶσαν</em></strong></span> <span class='ocrx_word' id='word_1_119' title='bbox 242 1105 352 1191; x_wconf 82' lang='grc' dir='ltr'><strong><em>στολήν</em></strong></span> <span class='ocrx_word' id='word_1_120' title='bbox 382 1108 607 1192; x_wconf 77' lang='grc' dir='ltr'><strong><em>ἐπισυνηγμένην</em></strong></span> <span class='ocrx_word' id='word_1_121' title='bbox 632 1101 723 1191; x_wconf 83' lang='grc' dir='ltr'><strong><em>δόλῳ,</em></strong></span> <span class='ocrx_word' id='word_1_122' title='bbox 758 1103 819 1172; x_wconf 81' lang='grc' dir='ltr'><strong><em>ὑπὸ</em></strong></span> <span class='ocrx_word' id='word_1_123' title='bbox 844 1104 948 1195; x_wconf 87' lang='grc' dir='ltr'><strong><em>πυρός.</em></strong></span> <span class='ocrx_word' id='word_1_124' title='bbox 985 1113 1038 1175; x_wconf 84' lang='grc' dir='ltr'><strong><em>καί</em></strong></span> <span class='ocrx_word' id='word_1_125' title='bbox 1055 1103 1238 1192; x_wconf 78' lang='grc' dir='ltr'><strong><em>καυθήσεται</em></strong></span> <span class='ocrx_word' id='word_1_126' title='bbox 1256 1112 1287 1173; x_wconf 81' lang='grc' dir='ltr'><strong><em>ἐν</em></strong></span> <span class='ocrx_word' id='word_1_127' title='bbox 1303 1121 1365 1185; x_wconf 77' lang='grc' dir='ltr'><strong><em>τοῖς</em></strong></span> <span class='ocrx_word' id='word_1_128' title='bbox 1437 1166 1439 1171; x_wconf 87' lang='grc'><strong><em>.</em></strong></span> 
     </span>
     <span class='ocr_line' id='line_1_12' title="bbox 114 1185 1365 1278; baseline 0.003 -23"><span class='ocrx_word' id='word_1_129' title='bbox 114 1197 165 1259; x_wconf 83' lang='grc' dir='ltr'><strong><em>καί</em></strong></span> <span class='ocrx_word' id='word_1_130' title='bbox 182 1186 296 1275; x_wconf 75' lang='grc' dir='ltr'><strong><em>ἱμάτιον</em></strong></span> <span class='ocrx_word' id='word_1_131' title='bbox 313 1185 386 1271; x_wconf 88' lang='grc' dir='ltr'><strong><em>μετά</em></strong></span> <span class='ocrx_word' id='word_1_132' title='bbox 406 1189 596 1274; x_wconf 72' lang='grc' dir='ltr'><strong><em>καταλλαγῆς</em></strong></span> <span class='ocrx_word' id='word_1_133' title='bbox 613 1194 722 1259; x_wconf 83' lang='grc' dir='ltr'><strong><em>ἀποτί-</em></strong></span> <span class='ocrx_word' id='word_1_134' title='bbox 756 1185 857 1257; x_wconf 89' lang='grc' dir='ltr'><strong><em>δάσεσι</em></strong></span> <span class='ocrx_word' id='word_1_135' title='bbox 870 1197 926 1258; x_wconf 83' lang='grc' dir='ltr'><strong><em>τού</em></strong></span> <span class='ocrx_word' id='word_1_136' title='bbox 938 1192 1062 1278; x_wconf 83' lang='grc' dir='ltr'><strong><em>δρυμοῦ,</em></strong></span> <span class='ocrx_word' id='word_1_137' title='bbox 1075 1193 1127 1257; x_wconf 82' lang='grc' dir='ltr'><strong><em>καὶ</em></strong></span> <span class='ocrx_word' id='word_1_138' title='bbox 1139 1191 1365 1274; x_wconf 87' lang='grc' dir='ltr'><strong><em>συγκαταφάγε-</em></strong></span> 
     </span>
     <span class='ocr_line' id='line_1_13' title="bbox 116 1268 1363 1378; baseline -0.002 -35"><span class='ocrx_word' id='word_1_139' title='bbox 116 1301 225 1343; x_wconf 90' lang='grc' dir='ltr'><strong><em>σουσιν.</em></strong></span> <span class='ocrx_word' id='word_1_140' title='bbox 252 1274 305 1340; x_wconf 84' lang='grc' dir='ltr'><strong><em>καί</em></strong></span> <span class='ocrx_word' id='word_1_141' title='bbox 325 1268 519 1378; x_wconf 78' lang='grc' dir='ltr'><strong><em>θελήσουσιν,</em></strong></span> <span class='ocrx_word' id='word_1_142' title='bbox 545 1279 570 1339; x_wconf 83' lang='grc' dir='ltr'><strong><em>εί</em></strong></span> <span class='ocrx_word' id='word_1_143' title='bbox 587 1278 723 1353; x_wconf 80' lang='grc' dir='ltr'><strong><em>ἐγένοντο</em></strong></span> <span class='ocrx_word' id='word_1_144' title='bbox 757 1300 807 1340; x_wconf 89' lang='grc' dir='ltr'><strong><em>ται</em></strong></span> <span class='ocrx_word' id='word_1_145' title='bbox 832 1271 872 1341; x_wconf 86' lang='grc' dir='ltr'><strong><em>τά</em></strong></span> <span class='ocrx_word' id='word_1_146' title='bbox 897 1271 997 1358; x_wconf 87' lang='grc' dir='ltr'><strong><em>κύκλῳ</em></strong></span> <span class='ocrx_word' id='word_1_147' title='bbox 1023 1280 1085 1344; x_wconf 80' lang='grc' dir='ltr'><strong><em>τῶν</em></strong></span> <span class='ocrx_word' id='word_1_148' title='bbox 1110 1279 1227 1363; x_wconf 82' lang='grc' dir='ltr'><strong><em>βουνῶν</em></strong></span> <span class='ocrx_word' id='word_1_149' title='bbox 1253 1270 1363 1343; x_wconf 88' lang='grc' dir='ltr'><strong><em>πάντα.</em></strong></span> 
     </span>
     <span class='ocr_line' id='line_1_14' title="bbox 114 1352 1364 1464; baseline -0.002 -38"><span class='ocrx_word' id='word_1_150' title='bbox 114 1366 321 1444; x_wconf 84' lang='grc' dir='ltr'><strong><em>πυρίκαυστον.</em></strong></span> <span class='ocrx_word' id='word_1_151' title='bbox 349 1352 426 1422; x_wconf 70' lang='grc' dir='ltr'><strong><em>ὕότι</em></strong></span> <span class='ocrx_word' id='word_1_152' title='bbox 444 1358 564 1424; x_wconf 89' lang='grc' dir='ltr'><strong><em>παιδίον</em></strong></span> <span class='ocrx_word' id='word_1_153' title='bbox 582 1353 724 1464; x_wconf 59' lang='grc' dir='ltr'><strong><em>ε’]εννήθη</em></strong></span> <span class='ocrx_word' id='word_1_154' title='bbox 757 1361 786 1402; x_wconf 79' lang='lat'><strong><em>¹⁰</em></strong></span> <span class='ocrx_word' id='word_1_155' title='bbox 798 1357 848 1425; x_wconf 84' lang='grc' dir='ltr'><strong><em>διά</em></strong></span> <span class='ocrx_word' id='word_1_156' title='bbox 866 1358 966 1440; x_wconf 87' lang='grc' dir='ltr'><strong><em>θυμόν</em></strong></span> <span class='ocrx_word' id='word_1_157' title='bbox 979 1358 1070 1446; x_wconf 75' lang='grc' dir='ltr'><strong><em>ὀργῆς</em></strong></span> <span class='ocrx_word' id='word_1_158' title='bbox 1081 1365 1185 1444; x_wconf 91' lang='grc' dir='ltr'><strong><em>κυρίου</em></strong></span> <span class='ocrx_word' id='word_1_159' title='bbox 1203 1362 1364 1438; x_wconf 82' lang='grc' dir='ltr'><strong><em>συγκὲκαυ-</em></strong></span> 
     </span>
     <span class='ocr_line' id='line_1_15' title="bbox 115 1437 1364 1529; baseline 0.002 -22"><span class='ocrx_word' id='word_1_160' title='bbox 115 1443 199 1529; x_wconf 76' lang='grc' dir='ltr'><strong><em>ἡμῖν,</em></strong></span> <span class='ocrx_word' id='word_1_161' title='bbox 224 1440 288 1518; x_wconf 80' lang='grc' dir='ltr'><strong><em>υίὸς</em></strong></span> <span class='ocrx_word' id='word_1_162' title='bbox 299 1441 352 1506; x_wconf 82' lang='grc' dir='ltr'><strong><em>καὶ</em></strong></span> <span class='ocrx_word' id='word_1_163' title='bbox 363 1437 457 1525; x_wconf 74' lang='grc' dir='ltr'><strong><em>ἐδόθη</em></strong></span> <span class='ocrx_word' id='word_1_164' title='bbox 470 1438 548 1526; x_wconf 84' lang='grc' dir='ltr'><strong><em>ήμῖν,</em></strong></span> <span class='ocrx_word' id='word_1_165' title='bbox 561 1466 598 1507; x_wconf 93' lang='grc' dir='ltr'><strong><em>ου</em></strong></span> <span class='ocrx_word' id='word_1_166' title='bbox 614 1440 632 1525; x_wconf 81' lang='grc' dir='ltr'><strong><em>ή</em></strong></span> <span class='ocrx_word' id='word_1_167' title='bbox 647 1440 722 1527; x_wconf 80' lang='grc' dir='ltr'><strong><em>ἀρχή</em></strong></span> <span class='ocrx_word' id='word_1_168' title='bbox 758 1467 807 1507; x_wconf 88' lang='grc' dir='ltr'><strong><em>ται</em></strong></span> <span class='ocrx_word' id='word_1_169' title='bbox 821 1439 838 1527; x_wconf 82' lang='grc' dir='ltr'><strong><em>ή</em></strong></span> <span class='ocrx_word' id='word_1_170' title='bbox 849 1447 889 1526; x_wconf 78' lang='grc' dir='ltr'><strong><em>γή</em></strong></span> <span class='ocrx_word' id='word_1_171' title='bbox 903 1439 967 1528; x_wconf 75' lang='grc' dir='ltr'><strong><em>ὅλη.</em></strong></span> <span class='ocrx_word' id='word_1_172' title='bbox 981 1446 1031 1508; x_wconf 89' lang='grc' dir='ltr'><strong><em>καί</em></strong></span> <span class='ocrx_word' id='word_1_173' title='bbox 1044 1448 1127 1509; x_wconf 80' lang='grc' dir='ltr'><strong><em>ε”σται</em></strong></span> <span class='ocrx_word' id='word_1_174' title='bbox 1140 1438 1157 1508; x_wconf 84' lang='grc' dir='ltr'><strong><em>ό</em></strong></span> <span class='ocrx_word' id='word_1_175' title='bbox 1170 1439 1243 1519; x_wconf 84' lang='grc' dir='ltr'><strong><em>λαὸς</em></strong></span> <span class='ocrx_word' id='word_1_176' title='bbox 1255 1439 1296 1520; x_wconf 82' lang='grc' dir='ltr'><strong><em>ὧς</em></strong></span> <span class='ocrx_word' id='word_1_177' title='bbox 1308 1470 1364 1511; x_wconf 89' lang='grc' dir='ltr'><strong><em>κα-</em></strong></span> 
     </span>
     <span class='ocr_line' id='line_1_16' title="bbox 116 1521 1364 1628; baseline 0 -35"><span class='ocrx_word' id='word_1_178' title='bbox 116 1521 241 1611; x_wconf 80' lang='grc' dir='ltr'><strong><em>ίγενήθη</em></strong></span> <span class='ocrx_word' id='word_1_179' title='bbox 253 1528 303 1591; x_wconf 77' lang='grc' dir='ltr'><strong><em>ἐπὶ</em></strong></span> <span class='ocrx_word' id='word_1_180' title='bbox 315 1528 369 1589; x_wconf 80' lang='grc' dir='ltr'><strong><em>τοῦ</em></strong></span> <span class='ocrx_word' id='word_1_181' title='bbox 382 1523 465 1628; x_wconf 78' lang='grc' dir='ltr'><strong><em>ἀμαυ</em></strong></span> <span class='ocrx_word' id='word_1_182' title='bbox 479 1523 586 1600; x_wconf 85' lang='grc' dir='ltr'><strong><em>αύτού,</em></strong></span> <span class='ocrx_word' id='word_1_183' title='bbox 603 1526 654 1591; x_wconf 86' lang='grc' dir='ltr'><strong><em>καί</em></strong></span> <span class='ocrx_word' id='word_1_184' title='bbox 667 1554 723 1592; x_wconf 83' lang='grc' dir='ltr'><strong><em>κα·</em></strong></span> <span class='ocrx_word' id='word_1_185' title='bbox 757 1530 969 1608; x_wconf 81' lang='grc' dir='ltr'><strong><em>τακεκαυμένσς</em></strong></span> <span class='ocrx_word' id='word_1_186' title='bbox 989 1524 1049 1593; x_wconf 85' lang='grc' dir='ltr'><strong><em>ύπὸ</em></strong></span> <span class='ocrx_word' id='word_1_187' title='bbox 1067 1525 1176 1613; x_wconf 87' lang='grc' dir='ltr'><strong><em>πυρὸς,</em></strong></span> <span class='ocrx_word' id='word_1_188' title='bbox 1202 1525 1364 1610; x_wconf 84' lang='grc' dir='ltr'><strong><em>ἀνθραπος</em></strong></span> 
     </span>
     <span class='ocr_line' id='line_1_17' title="bbox 117 1604 1364 1697; baseline -0.002 -19"><span class='ocrx_word' id='word_1_189' title='bbox 117 1613 208 1677; x_wconf 85' lang='grc' dir='ltr'><strong><em>λεῑται</em></strong></span> <span class='ocrx_word' id='word_1_190' title='bbox 222 1607 257 1673; x_wconf 86' lang='grc' dir='ltr'><strong><em>τὸ</em></strong></span> <span class='ocrx_word' id='word_1_191' title='bbox 274 1608 370 1694; x_wconf 80' lang='grc' dir='ltr'><strong><em>ὄνομα</em></strong></span> <span class='ocrx_word' id='word_1_192' title='bbox 383 1612 494 1684; x_wconf 85' lang='grc' dir='ltr'><strong><em>αυτοῦ,</em></strong></span> <span class='ocrx_word' id='word_1_193' title='bbox 510 1604 637 1694; x_wconf 88' lang='grc' dir='ltr'><strong><em>μεγάλης</em></strong></span> <span class='ocrx_word' id='word_1_194' title='bbox 648 1613 723 1697; x_wconf 79' lang='grc' dir='ltr'><strong><em>βου-</em></strong></span> <span class='ocrx_word' id='word_1_195' title='bbox 757 1606 811 1675; x_wconf 85' lang='grc' dir='ltr'><strong><em>τόν</em></strong></span> <span class='ocrx_word' id='word_1_196' title='bbox 823 1606 952 1692; x_wconf 79' lang='grc' dir='ltr'><strong><em>ἀδελφόν</em></strong></span> <span class='ocrx_word' id='word_1_197' title='bbox 965 1608 1061 1676; x_wconf 82' lang='grc' dir='ltr'><strong><em>αύτοῦ</em></strong></span> <span class='ocrx_word' id='word_1_198' title='bbox 1075 1608 1131 1676; x_wconf 89' lang='grc' dir='ltr'><strong><em>ούκ</em></strong></span> <span class='ocrx_word' id='word_1_199' title='bbox 1140 1604 1257 1695; x_wconf 74' lang='grc' dir='ltr'><strong><em>ἐλεήσει.</em></strong></span> <span class='ocrx_word' id='word_1_200' title='bbox 1270 1610 1364 1676; x_wconf 71' lang='grc' dir='ltr'><strong><em>20άλ-</em></strong></span> 
     </span>
     <span class='ocr_line' id='line_1_18' title="bbox 116 1690 1363 1780; baseline 0 -21"><span class='ocrx_word' id='word_1_201' title='bbox 116 1696 168 1780; x_wconf 76' lang='grc' dir='ltr'><strong><em>λῆς</em></strong></span> <span class='ocrx_word' id='word_1_202' title='bbox 193 1692 326 1770; x_wconf 85' lang='grc' dir='ltr'><strong><em>άγγελος.</em></strong></span> <span class='ocrx_word' id='word_1_203' title='bbox 361 1691 425 1769; x_wconf 84' lang='grc' dir='ltr'><strong><em>ἀξω</em></strong></span> <span class='ocrx_word' id='word_1_204' title='bbox 449 1692 508 1780; x_wconf 85' lang='grc' dir='ltr'><strong><em>γὰρ</em></strong></span> <span class='ocrx_word' id='word_1_205' title='bbox 534 1694 648 1778; x_wconf 84' lang='grc' dir='ltr'><strong><em>είρήνην</em></strong></span> <span class='ocrx_word' id='word_1_206' title='bbox 673 1695 722 1760; x_wconf 82' lang='grc' dir='ltr'><strong><em>ἐπί</em></strong></span> <span class='ocrx_word' id='word_1_207' title='bbox 757 1691 797 1758; x_wconf 84' lang='grc' dir='ltr'><strong><em>λά</em></strong></span> <span class='ocrx_word' id='word_1_208' title='bbox 810 1691 1030 1770; x_wconf 86' lang='grc' dir='ltr'><strong><em>ε’κκλινεῖείςτά</em></strong></span> <span class='ocrx_word' id='word_1_209' title='bbox 1043 1694 1138 1770; x_wconf 82' lang='grc' dir='ltr'><strong><em>δεξιά,</em></strong></span> <span class='ocrx_word' id='word_1_210' title='bbox 1165 1690 1363 1770; x_wconf 80' lang='grc' dir='ltr'><strong><em>ἀτιπεινάσει,</em></strong></span> 
     </span>
     <span class='ocr_line' id='line_1_19' title="bbox 115 1773 1364 1865; baseline -0.001 -20"><span class='ocrx_word' id='word_1_211' title='bbox 115 1776 187 1854; x_wconf 87' lang='grc' dir='ltr'><strong><em>τούς</em></strong></span> <span class='ocrx_word' id='word_1_212' title='bbox 197 1777 352 1862; x_wconf 84' lang='grc' dir='ltr'><strong><em>άρχοντας,</em></strong></span> <span class='ocrx_word' id='word_1_213' title='bbox 364 1778 416 1841; x_wconf 85' lang='grc' dir='ltr'><strong><em>καί</em></strong></span> <span class='ocrx_word' id='word_1_214' title='bbox 428 1774 538 1854; x_wconf 81' lang='grc' dir='ltr'><strong><em>ὑγίειαν</em></strong></span> <span class='ocrx_word' id='word_1_215' title='bbox 548 1774 641 1862; x_wconf 74' lang='grc' dir='ltr'><strong><em>αύτῷ.</em></strong></span> <span class='ocrx_word' id='word_1_216' title='bbox 656 1780 721 1862; x_wconf 80' lang='grc' dir='ltr'><strong><em>7με·</em></strong></span> <span class='ocrx_word' id='word_1_217' title='bbox 757 1777 810 1842; x_wconf 85' lang='grc' dir='ltr'><strong><em>καί</em></strong></span> <span class='ocrx_word' id='word_1_218' title='bbox 835 1773 961 1858; x_wconf 77' lang='grc' dir='ltr'><strong><em>φάγεται</em></strong></span> <span class='ocrx_word' id='word_1_219' title='bbox 982 1783 1014 1844; x_wconf 90' lang='grc' dir='ltr'><strong><em>ε’κ</em></strong></span> <span class='ocrx_word' id='word_1_220' title='bbox 1034 1782 1094 1844; x_wconf 79' lang='grc' dir='ltr'><strong><em>τῶν</em></strong></span> <span class='ocrx_word' id='word_1_221' title='bbox 1112 1778 1288 1865; x_wconf 75' lang='grc' dir='ltr'><strong><em>ἀριστερῶν,</em></strong></span> <span class='ocrx_word' id='word_1_222' title='bbox 1312 1781 1364 1844; x_wconf 82' lang='grc' dir='ltr'><strong><em>καί</em></strong></span> 
     </span>
     <span class='ocr_line' id='line_1_20' title="bbox 114 1857 1363 1963; baseline -0.002 -34"><span class='ocrx_word' id='word_1_223' title='bbox 114 1859 191 1945; x_wconf 88' lang='grc' dir='ltr'><strong><em>γάλη</em></strong></span> <span class='ocrx_word' id='word_1_224' title='bbox 211 1862 228 1946; x_wconf 76' lang='grc' dir='ltr'><em>ἢ</em></span> <span class='ocrx_word' id='word_1_225' title='bbox 246 1860 320 1948; x_wconf 78' lang='grc' dir='ltr'><strong><em>ἀρχή</em></strong></span> <span class='ocrx_word' id='word_1_226' title='bbox 334 1857 445 1948; x_wconf 78' lang='grc' dir='ltr'><strong><em>αὐτοῦ,</em></strong></span> <span class='ocrx_word' id='word_1_227' title='bbox 469 1863 522 1926; x_wconf 85' lang='grc' dir='ltr'><strong><em>καί</em></strong></span> <span class='ocrx_word' id='word_1_228' title='bbox 540 1865 592 1945; x_wconf 77' lang='grc' dir='ltr'><strong><em>τῆς</em></strong></span> <span class='ocrx_word' id='word_1_229' title='bbox 610 1858 722 1963; x_wconf 76' lang='grc' dir='ltr'><strong><em>είρήνης</em></strong></span> <span class='ocrx_word' id='word_1_230' title='bbox 757 1857 794 1926; x_wconf 80' lang='grc' dir='ltr'><strong><em>οὗ</em></strong></span> <span class='ocrx_word' id='word_1_231' title='bbox 807 1858 846 1946; x_wconf 85' lang='grc' dir='ltr'><strong><em>μή</em></strong></span> <span class='ocrx_word' id='word_1_232' title='bbox 856 1861 1015 1958; x_wconf 76' lang='grc' dir='ltr'><strong><em>ίμπλησθῄ</em></strong></span> <span class='ocrx_word' id='word_1_233' title='bbox 1028 1860 1189 1947; x_wconf 77' lang='grc' dir='ltr'><strong><em>ἀνθρυνπσς</em></strong></span> <span class='ocrx_word' id='word_1_234' title='bbox 1198 1866 1301 1927; x_wconf 79' lang='grc' dir='ltr'><strong><em>ἑίνθων</em></strong></span> <span class='ocrx_word' id='word_1_235' title='bbox 1312 1860 1363 1938; x_wconf 80' lang='grc' dir='ltr'><strong><em>τάς</em></strong></span> 
     </span>
     <span class='ocr_line' id='line_1_21' title="bbox 115 1939 1361 2032; baseline 0.001 -20"><span class='ocrx_word' id='word_1_236' title='bbox 115 1945 212 2012; x_wconf 78' lang='grc' dir='ltr'><strong><em>αὐτοῦ</em></strong></span> <span class='ocrx_word' id='word_1_237' title='bbox 226 1944 282 2010; x_wconf 82' lang='grc' dir='ltr'><strong><em>οὐκ</em></strong></span> <span class='ocrx_word' id='word_1_238' title='bbox 294 1949 372 2010; x_wconf 80' lang='grc' dir='ltr'><strong><em>ἔστιν</em></strong></span> <span class='ocrx_word' id='word_1_239' title='bbox 384 1941 476 2030; x_wconf 82' lang='grc' dir='ltr'><strong><em>ύριον.</em></strong></span> <span class='ocrx_word' id='word_1_240' title='bbox 489 1945 601 2010; x_wconf 78' lang='grc' dir='ltr'><strong><em>ἐπίτὸν</em></strong></span> <span class='ocrx_word' id='word_1_241' title='bbox 610 1957 722 2030; x_wconf 86' lang='grc' dir='ltr'><strong><em>θρονσν</em></strong></span> <span class='ocrx_word' id='word_1_242' title='bbox 756 1939 869 2032; x_wconf 85' lang='grc' dir='ltr'><strong><em>σάρκας</em></strong></span> <span class='ocrx_word' id='word_1_243' title='bbox 886 1951 941 2012; x_wconf 83' lang='grc' dir='ltr'><strong><em>τοῦ</em></strong></span> <span class='ocrx_word' id='word_1_244' title='bbox 952 1951 1110 2032; x_wconf 76' lang='grc' dir='ltr'><strong><em>βραχίονος</em></strong></span> <span class='ocrx_word' id='word_1_245' title='bbox 1129 1944 1234 2012; x_wconf 86' lang='grc' dir='ltr'><strong><em>αύτοῦ.</em></strong></span> <span class='ocrx_word' id='word_1_246' title='bbox 1261 1949 1288 1987; x_wconf 88' lang='lat'><strong><em>²¹</em></strong></span> <span class='ocrx_word' id='word_1_247' title='bbox 1301 1941 1361 2028; x_wconf 85' lang='grc' dir='ltr'><strong><em>φά·</em></strong></span> 
     </span>
     <span class='ocr_line' id='line_1_22' title="bbox 115 2027 1437 2116; baseline -0.001 -20"><span class='ocrx_word' id='word_1_248' title='bbox 115 2031 221 2106; x_wconf 84' lang='grc' dir='ltr'><strong><em>Δαυίδ,</em></strong></span> <span class='ocrx_word' id='word_1_249' title='bbox 234 2031 285 2095; x_wconf 83' lang='grc' dir='ltr'><strong><em>καί</em></strong></span> <span class='ocrx_word' id='word_1_250' title='bbox 298 2027 352 2111; x_wconf 81' lang='grc' dir='ltr'><strong><em>τήν</em></strong></span> <span class='ocrx_word' id='word_1_251' title='bbox 363 2028 514 2115; x_wconf 81' lang='grc' dir='ltr'><strong><em>βασιλείαν</em></strong></span> <span class='ocrx_word' id='word_1_252' title='bbox 527 2028 634 2105; x_wconf 78' lang='grc' dir='ltr'><strong><em>αὐτοῦ,</em></strong></span> <span class='ocrx_word' id='word_1_253' title='bbox 646 2054 721 2097; x_wconf 86' lang='grc' dir='ltr'><strong><em>κατ·</em></strong></span> <span class='ocrx_word' id='word_1_254' title='bbox 754 2054 839 2106; x_wconf 89' lang='grc' dir='ltr'><strong><em>γεται</em></strong></span> <span class='ocrx_word' id='word_1_255' title='bbox 862 2027 921 2114; x_wconf 82' lang='grc' dir='ltr'><strong><em>γάρ</em></strong></span> <span class='ocrx_word' id='word_1_256' title='bbox 948 2032 1119 2114; x_wconf 76' lang='grc' dir='ltr'><strong><em>,Μανασσῆς</em></strong></span> <span class='ocrx_word' id='word_1_257' title='bbox 1144 2033 1199 2094; x_wconf 84' lang='grc' dir='ltr'><strong><em>τοῦ</em></strong></span> <span class='ocrx_word' id='word_1_258' title='bbox 1221 2028 1362 2116; x_wconf 84' lang='grc' dir='ltr'><strong><em>Ἐφραίμ,</em></strong></span> <span class='ocrx_word' id='word_1_259' title='bbox 1430 2084 1437 2095; x_wconf 95' lang='grc'><strong><em>.</em></strong></span> 
     </span>
     <span class='ocr_line' id='line_1_23' title="bbox 115 2106 1363 2200; baseline 0.001 -21"><span class='ocrx_word' id='word_1_260' title='bbox 115 2120 255 2200; x_wconf 81' lang='grc' dir='ltr'><strong><em>ορθώσαι</em></strong></span> <span class='ocrx_word' id='word_1_261' title='bbox 269 2111 379 2195; x_wconf 83' lang='grc' dir='ltr'><strong><em>αύτήν,</em></strong></span> <span class='ocrx_word' id='word_1_262' title='bbox 404 2113 456 2177; x_wconf 84' lang='grc' dir='ltr'><strong><em>καί</em></strong></span> <span class='ocrx_word' id='word_1_263' title='bbox 465 2111 677 2199; x_wconf 81' lang='grc' dir='ltr'><strong><em>ἀντιλαβέσθαι</em></strong></span> <span class='ocrx_word' id='word_1_264' title='bbox 690 2116 721 2180; x_wconf 68' lang='lat' dir='ltr'><strong><em>Cr</em></strong></span> <span class='ocrx_word' id='word_1_265' title='bbox 756 2114 807 2179; x_wconf 86' lang='grc' dir='ltr'><strong><em>καί</em></strong></span> <span class='ocrx_word' id='word_1_266' title='bbox 821 2111 949 2199; x_wconf 79' lang='grc' dir='ltr'><strong><em>Ἐφραίμ</em></strong></span> <span class='ocrx_word' id='word_1_267' title='bbox 964 2119 1020 2180; x_wconf 84' lang='grc' dir='ltr'><strong><em>τοῦ</em></strong></span> <span class='ocrx_word' id='word_1_268' title='bbox 1037 2117 1207 2197; x_wconf 77' lang='grc' dir='ltr'><strong><em>Μανασσῆ.</em></strong></span> <span class='ocrx_word' id='word_1_269' title='bbox 1233 2106 1281 2180; x_wconf 78' lang='grc' dir='ltr'><strong><em>ὅτι</em></strong></span> <span class='ocrx_word' id='word_1_270' title='bbox 1299 2111 1363 2198; x_wconf 82' lang='grc' dir='ltr'><strong><em>άμα</em></strong></span> 
     </span>
     <span class='ocr_line' id='line_1_24' title="bbox 85 2192 1361 2282; baseline -0.002 -18"><span class='ocrx_word' id='word_1_271' title='bbox 85 2216 91 2223; x_wconf 93' lang='grc'>’</span> <span class='ocrx_word' id='word_1_272' title='bbox 114 2205 233 2282; x_wconf 82' lang='grc' dir='ltr'><strong><em>κρίματι</em></strong></span> <span class='ocrx_word' id='word_1_273' title='bbox 253 2197 305 2261; x_wconf 87' lang='grc' dir='ltr'><strong><em>καί</em></strong></span> <span class='ocrx_word' id='word_1_274' title='bbox 321 2198 352 2259; x_wconf 83' lang='grc' dir='ltr'><strong><em>ίν</em></strong></span> <span class='ocrx_word' id='word_1_275' title='bbox 368 2196 555 2277; x_wconf 82' lang='grc' dir='ltr'><strong><em>δικαιοσύνη,</em></strong></span> <span class='ocrx_word' id='word_1_276' title='bbox 583 2194 721 2263; x_wconf 82' lang='grc' dir='ltr'><strong><em>ἀπὸτοῦ</em></strong></span> <span class='ocrx_word' id='word_1_277' title='bbox 755 2192 987 2280; x_wconf 86' lang='grc' dir='ltr'><strong><em>πολιορκήσσυσι</em></strong></span> <span class='ocrx_word' id='word_1_278' title='bbox 1005 2196 1058 2262; x_wconf 86' lang='grc' dir='ltr'><strong><em>τὸν</em></strong></span> <span class='ocrx_word' id='word_1_279' title='bbox 1074 2192 1200 2263; x_wconf 84' lang='grc' dir='ltr'><strong><em>Ἰούδαν.</em></strong></span> <span class='ocrx_word' id='word_1_280' title='bbox 1228 2201 1279 2263; x_wconf 77' lang='grc' dir='ltr'><strong><em>ἐπί</em></strong></span> <span class='ocrx_word' id='word_1_281' title='bbox 1291 2192 1361 2262; x_wconf 92' lang='grc' dir='ltr'><strong><em>τού-</em></strong></span> 
     </span>
     <span class='ocr_line' id='line_1_25' title="bbox 114 2266 1360 2366; baseline -0.003 -19"><span class='ocrx_word' id='word_1_282' title='bbox 114 2288 165 2347; x_wconf 80' lang='grc' dir='ltr'><strong><em>νῖα</em></strong></span> <span class='ocrx_word' id='word_1_283' title='bbox 178 2282 229 2345; x_wconf 85' lang='grc' dir='ltr'><strong><em>καί</em></strong></span> <span class='ocrx_word' id='word_1_284' title='bbox 243 2285 281 2355; x_wconf 75' lang='grc' dir='ltr'><strong><em>είς</em></strong></span> <span class='ocrx_word' id='word_1_285' title='bbox 293 2273 346 2344; x_wconf 87' lang='grc' dir='ltr'><strong><em>τὸν</em></strong></span> <span class='ocrx_word' id='word_1_286' title='bbox 356 2282 459 2342; x_wconf 80' lang='grc' dir='ltr'><strong><em>αίῶνα.</em></strong></span> <span class='ocrx_word' id='word_1_287' title='bbox 485 2266 603 2361; x_wconf 70' lang='grc' dir='ltr'><strong><em>όίήλος</em></strong></span> <span class='ocrx_word' id='word_1_288' title='bbox 617 2285 719 2365; x_wconf 80' lang='grc' dir='ltr'><strong><em>κυρίου</em></strong></span> <span class='ocrx_word' id='word_1_289' title='bbox 755 2303 818 2352; x_wconf 88' lang='grc' dir='ltr'><strong><em>τοις</em></strong></span> <span class='ocrx_word' id='word_1_290' title='bbox 834 2284 926 2344; x_wconf 82' lang='grc' dir='ltr'><strong><em>πᾶσιν</em></strong></span> <span class='ocrx_word' id='word_1_291' title='bbox 943 2278 998 2345; x_wconf 84' lang='grc' dir='ltr'><strong><em>ούκ</em></strong></span> <span class='ocrx_word' id='word_1_292' title='bbox 1016 2277 1194 2366; x_wconf 76' lang='grc' dir='ltr'><strong><em>ἀπεστράφη</em></strong></span> <span class='ocrx_word' id='word_1_293' title='bbox 1217 2276 1234 2344; x_wconf 91' lang='grc' dir='ltr'><strong>ὁ</strong></span> <span class='ocrx_word' id='word_1_294' title='bbox 1254 2280 1360 2362; x_wconf 83' lang='grc' dir='ltr'><strong><em>θυμὸς,</em></strong></span> 
     </span>
     <span class='ocr_line' id='line_1_26' title="bbox 113 2357 1109 2450; baseline -0.007 -19"><span class='ocrx_word' id='word_1_295' title='bbox 113 2362 245 2450; x_wconf 76' lang='grc' dir='ltr'><strong><em>σαβαάθ</em></strong></span> <span class='ocrx_word' id='word_1_296' title='bbox 269 2357 385 2442; x_wconf 85' lang='grc' dir='ltr'><strong><em>ποιήσει</em></strong></span> <span class='ocrx_word' id='word_1_297' title='bbox 408 2365 514 2425; x_wconf 80' lang='grc' dir='ltr'><strong><em>ταῦτα.</em></strong></span> <span class='ocrx_word' id='word_1_298' title='bbox 552 2357 719 2428; x_wconf 74' lang='grc' dir='ltr'><strong><em>8θάνατον</em></strong></span> <span class='ocrx_word' id='word_1_299' title='bbox 756 2359 818 2427; x_wconf 77' lang='grc' dir='ltr'><strong><em>ἀλλ’</em></strong></span> <span class='ocrx_word' id='word_1_300' title='bbox 834 2364 878 2425; x_wconf 76' lang='grc' dir='ltr'><strong><em>ἔτι</em></strong></span> <span class='ocrx_word' id='word_1_301' title='bbox 893 2359 910 2447; x_wconf 70' lang='grc' dir='ltr'><em>ἢ</em></span> <span class='ocrx_word' id='word_1_302' title='bbox 922 2366 983 2448; x_wconf 85' lang='grc' dir='ltr'><strong><em>χείρ</em></strong></span> <span class='ocrx_word' id='word_1_303' title='bbox 999 2359 1109 2446; x_wconf 82' lang='grc' dir='ltr'><strong><em>ύφηλή.</em></strong></span> 
     </span>
     <span class='ocr_line' id='line_1_27' title="bbox 114 2435 1159 2545; baseline -0.003 -34"><span class='ocrx_word' id='word_1_304' title='bbox 114 2445 264 2512; x_wconf 85' lang='grc' dir='ltr'><strong><em>ἀπέστειλε</em></strong></span> <span class='ocrx_word' id='word_1_305' title='bbox 276 2437 377 2519; x_wconf 88' lang='grc' dir='ltr'><strong><em>κύριος</em></strong></span> <span class='ocrx_word' id='word_1_306' title='bbox 388 2443 440 2508; x_wconf 78' lang='grc' dir='ltr'><strong><em>ἀντί</em></strong></span> <span class='ocrx_word' id='word_1_307' title='bbox 453 2439 564 2545; x_wconf 70' lang='grc' dir='ltr'><strong><em>Ἰακάηί</em></strong></span> <span class='ocrx_word' id='word_1_308' title='bbox 568 2492 577 2519; x_wconf 98' lang='grc'><strong><em>,</em></strong></span> <span class='ocrx_word' id='word_1_309' title='bbox 601 2446 652 2509; x_wconf 82' lang='grc' dir='ltr'><strong><em>καί</em></strong></span> <span class='ocrx_word' id='word_1_310' title='bbox 664 2435 715 2528; x_wconf 81' lang='grc' dir='ltr'><strong><em>ήλ-</em></strong></span> <span class='ocrx_word' id='word_1_311' title='bbox 951 2450 986 2511; x_wconf 85' lang='grc' dir='ltr'><em>Κ</em></span> <span class='ocrx_word' id='word_1_312' title='bbox 997 2452 1027 2509; x_wconf 84' lang='grc' dir='ltr'><em>Ε</em></span> <span class='ocrx_word' id='word_1_313' title='bbox 1039 2451 1076 2510; x_wconf 71' lang='grc' dir='ltr'><strong><em>(ί).</em></strong></span> <span class='ocrx_word' id='word_1_314' title='bbox 1119 2453 1145 2511; x_wconf 83' lang='lat' dir='ltr'><em>I</em></span> <span class='ocrx_word' id='word_1_315' title='bbox 1152 2493 1159 2508; x_wconf 91' lang='lat'><strong>.</strong></span> 
     </span>
     <span class='ocr_line' id='line_1_28' title="bbox 113 2494 1360 2613; baseline 0.001 -19"><span class='ocrx_word' id='word_1_316' title='bbox 113 2542 167 2595; x_wconf 83' lang='grc' dir='ltr'><strong><em>θεν</em></strong></span> <span class='ocrx_word' id='word_1_317' title='bbox 178 2530 229 2593; x_wconf 82' lang='grc' dir='ltr'><strong><em>ἐπὶ</em></strong></span> <span class='ocrx_word' id='word_1_318' title='bbox 237 2520 368 2611; x_wconf 82' lang='grc' dir='ltr'><strong><em>Ἰσραήλ.</em></strong></span> <span class='ocrx_word' id='word_1_319' title='bbox 394 2527 409 2568; x_wconf 82' lang='lat'><strong>⁹</strong></span> <span class='ocrx_word' id='word_1_320' title='bbox 422 2528 473 2591; x_wconf 83' lang='grc' dir='ltr'><strong><em>καί</em></strong></span> <span class='ocrx_word' id='word_1_321' title='bbox 484 2550 646 2604; x_wconf 83' lang='grc' dir='ltr'><strong><em>γνωσονται</em></strong></span> <span class='ocrx_word' id='word_1_322' title='bbox 658 2533 718 2604; x_wconf 82' lang='grc' dir='ltr'><strong><em>πᾶς</em></strong></span> <span class='ocrx_word' id='word_1_323' title='bbox 757 2494 859 2597; x_wconf 57' lang='lat' dir='ltr'><strong><em>Oba&amp;</em></strong></span> <span class='ocrx_word' id='word_1_324' title='bbox 871 2540 934 2604; x_wconf 84' lang='grc' dir='ltr'><strong><em>τοῖς</em></strong></span> <span class='ocrx_word' id='word_1_325' title='bbox 945 2523 1093 2613; x_wconf 87' lang='grc' dir='ltr'><strong><em>γράφουσι</em></strong></span> <span class='ocrx_word' id='word_1_326' title='bbox 1104 2532 1266 2613; x_wconf 84' lang='grc' dir='ltr'><strong><em>πονηρίαν,</em></strong></span> <span class='ocrx_word' id='word_1_327' title='bbox 1285 2557 1360 2610; x_wconf 83' lang='grc' dir='ltr'><strong><em>γρα-</em></strong></span> 
     </span>
     <span class='ocr_line' id='line_1_29' title="bbox 113 2606 1361 2714; baseline 0 -36"><span class='ocrx_word' id='word_1_328' title='bbox 113 2610 130 2679; x_wconf 84' lang='grc' dir='ltr'><em>ὃ</em></span> <span class='ocrx_word' id='word_1_329' title='bbox 145 2608 218 2686; x_wconf 84' lang='grc' dir='ltr'><strong><em>λαός</em></strong></span> <span class='ocrx_word' id='word_1_330' title='bbox 230 2615 287 2676; x_wconf 79' lang='grc' dir='ltr'><strong><em>τοῦ</em></strong></span> <span class='ocrx_word' id='word_1_331' title='bbox 297 2610 434 2714; x_wconf 84' lang='grc' dir='ltr'><strong><em>Ἐφραίμ,</em></strong></span> <span class='ocrx_word' id='word_1_332' title='bbox 451 2612 502 2675; x_wconf 85' lang='grc' dir='ltr'><strong><em>καί</em></strong></span> <span class='ocrx_word' id='word_1_333' title='bbox 514 2613 544 2675; x_wconf 74' lang='grc' dir='ltr'><strong><em>ολ</em></strong></span> <span class='ocrx_word' id='word_1_334' title='bbox 556 2606 718 2695; x_wconf 88' lang='grc' dir='ltr'><strong><em>καθήμενοι</em></strong></span> <span class='ocrx_word' id='word_1_335' title='bbox 755 2635 858 2692; x_wconf 90' lang='grc' dir='ltr'><strong><em>φοντες</em></strong></span> <span class='ocrx_word' id='word_1_336' title='bbox 869 2614 928 2698; x_wconf 88' lang='grc' dir='ltr'><strong><em>γάρ</em></strong></span> <span class='ocrx_word' id='word_1_337' title='bbox 941 2618 1089 2696; x_wconf 89' lang='grc' dir='ltr'><strong><em>πονηρίαν</em></strong></span> <span class='ocrx_word' id='word_1_338' title='bbox 1100 2607 1276 2696; x_wconf 81' lang='grc' dir='ltr'><strong><em>γράφουσιν.</em></strong></span> <span class='ocrx_word' id='word_1_339' title='bbox 1295 2617 1361 2678; x_wconf 66' lang='lat' dir='ltr'><strong><em>²an</em></strong></span> 
     </span>
     <span class='ocr_line' id='line_1_30' title="bbox 111 2689 1361 2788; baseline 0 -27"><span class='ocrx_word' id='word_1_340' title='bbox 111 2701 142 2761; x_wconf 76' lang='grc' dir='ltr'><strong><em>ἐν</em></strong></span> <span class='ocrx_word' id='word_1_341' title='bbox 151 2701 307 2781; x_wconf 78' lang='grc' dir='ltr'><strong><em>Σαμαρείᾳ</em></strong></span> <span class='ocrx_word' id='word_1_342' title='bbox 319 2697 357 2775; x_wconf 77' lang='grc' dir='ltr'><strong><em>ἐφ</em></strong></span> <span class='ocrx_word' id='word_1_343' title='bbox 374 2689 453 2777; x_wconf 77' lang='grc' dir='ltr'><strong><em>ύβρει</em></strong></span> <span class='ocrx_word' id='word_1_344' title='bbox 465 2695 517 2759; x_wconf 87' lang='grc' dir='ltr'><strong><em>καί</em></strong></span> <span class='ocrx_word' id='word_1_345' title='bbox 531 2689 634 2788; x_wconf 73' lang='grc' dir='ltr'><strong><em>ὑψηλῇ</em></strong></span> <span class='ocrx_word' id='word_1_346' title='bbox 643 2720 717 2779; x_wconf 89' lang='grc' dir='ltr'><strong><em>καρ-</em></strong></span> <span class='ocrx_word' id='word_1_347' title='bbox 754 2694 900 2771; x_wconf 85' lang='grc' dir='ltr'><strong><em>κλίναντες</em></strong></span> <span class='ocrx_word' id='word_1_348' title='bbox 912 2701 1007 2779; x_wconf 90' lang='grc' dir='ltr'><strong><em>κρίσιν</em></strong></span> <span class='ocrx_word' id='word_1_349' title='bbox 1019 2701 1161 2779; x_wconf 77' lang='grc' dir='ltr'><strong><em>πτωχῶν,</em></strong></span> <span class='ocrx_word' id='word_1_350' title='bbox 1179 2691 1361 2780; x_wconf 77' lang='grc' dir='ltr'><strong><em>ἁρπάζοντες</em></strong></span> 
     </span>
     <span class='ocr_line' id='line_1_31' title="bbox 111 2773 1360 2865; baseline 0.001 -19"><span class='ocrx_word' id='word_1_351' title='bbox 111 2783 176 2864; x_wconf 77' lang='grc' dir='ltr'><strong><em>δίᾳ,</em></strong></span> <span class='ocrx_word' id='word_1_352' title='bbox 202 2779 343 2858; x_wconf 79' lang='grc' dir='ltr'><strong><em>λέγοντες.</em></strong></span> <span class='ocrx_word' id='word_1_353' title='bbox 369 2780 397 2821; x_wconf 85' lang='lat'><strong><em>¹⁰</em></strong></span> <span class='ocrx_word' id='word_1_354' title='bbox 409 2776 534 2843; x_wconf 87' lang='grc' dir='ltr'><strong><em>πλίνθοι</em></strong></span> <span class='ocrx_word' id='word_1_355' title='bbox 557 2773 718 2844; x_wconf 83' lang='grc' dir='ltr'><strong><em>πετττοόκα·</em></strong></span> <span class='ocrx_word' id='word_1_356' title='bbox 753 2806 770 2841; x_wconf 95' lang='grc' dir='ltr'><strong><em>κ</em></strong></span> <span class='ocrx_word' id='word_1_357' title='bbox 791 2777 843 2862; x_wconf 88' lang='grc' dir='ltr'><strong><em>ίμα</em></strong></span> <span class='ocrx_word' id='word_1_358' title='bbox 867 2776 999 2865; x_wconf 85' lang='grc' dir='ltr'><strong><em>πενήτων</em></strong></span> <span class='ocrx_word' id='word_1_359' title='bbox 1023 2784 1078 2844; x_wconf 81' lang='grc' dir='ltr'><strong><em>τοῦ</em></strong></span> <span class='ocrx_word' id='word_1_360' title='bbox 1096 2780 1172 2845; x_wconf 80' lang='grc' dir='ltr'><strong><em>λαοῦ</em></strong></span> <span class='ocrx_word' id='word_1_361' title='bbox 1188 2805 1262 2863; x_wconf 94' lang='grc' dir='ltr'><strong><em>μου,</em></strong></span> <span class='ocrx_word' id='word_1_362' title='bbox 1288 2776 1360 2857; x_wconf 73' lang='grc' dir='ltr'><strong><em>ὥςτε</em></strong></span> 
     </span>
     <span class='ocr_line' id='line_1_32' title="bbox 112 2804 1360 2950; baseline 0 -21"><span class='ocrx_word' id='word_1_363' title='bbox 112 2889 174 2938; x_wconf 91' lang='grc' dir='ltr'><strong><em>σιν,</em></strong></span> <span class='ocrx_word' id='word_1_364' title='bbox 200 2859 279 2928; x_wconf 87' lang='grc' dir='ltr'><strong><em>ἀλλά</em></strong></span> <span class='ocrx_word' id='word_1_365' title='bbox 303 2862 386 2926; x_wconf 86' lang='grc' dir='ltr'><strong><em>δεῦτε</em></strong></span> <span class='ocrx_word' id='word_1_366' title='bbox 402 2856 584 2946; x_wconf 82' lang='grc' dir='ltr'><strong><em>λαξεύσοιμεν</em></strong></span> <span class='ocrx_word' id='word_1_367' title='bbox 599 2861 716 2940; x_wconf 84' lang='grc' dir='ltr'><strong><em>λίθους,</em></strong></span> <span class='ocrx_word' id='word_1_368' title='bbox 754 2804 825 2929; x_wconf 72' lang='grc' dir='ltr'><strong><em>είλαι</em></strong></span> <span class='ocrx_word' id='word_1_369' title='bbox 838 2861 942 2939; x_wconf 79' lang='grc' dir='ltr'><strong><em>αὐτοῖς</em></strong></span> <span class='ocrx_word' id='word_1_370' title='bbox 952 2859 1046 2950; x_wconf 81' lang='grc' dir='ltr'><strong><em>χήραν</em></strong></span> <span class='ocrx_word' id='word_1_371' title='bbox 1058 2867 1097 2938; x_wconf 85' lang='grc' dir='ltr'><strong><em>είς</em></strong></span> <span class='ocrx_word' id='word_1_372' title='bbox 1109 2860 1286 2949; x_wconf 78' lang='grc' dir='ltr'><strong><em>διαρπαγήν,</em></strong></span> <span class='ocrx_word' id='word_1_373' title='bbox 1307 2868 1360 2930; x_wconf 87' lang='grc' dir='ltr'><strong><em>καί</em></strong></span> 
     </span>
     <span class='ocr_line' id='line_1_33' title="bbox 110 2942 1358 3032; baseline 0 -19"><span class='ocrx_word' id='word_1_374' title='bbox 110 2950 161 3015; x_wconf 86' lang='grc' dir='ltr'><strong><em>καί</em></strong></span> <span class='ocrx_word' id='word_1_375' title='bbox 173 2942 312 3030; x_wconf 80' lang='grc' dir='ltr'><strong><em>κόψωμεν</em></strong></span> <span class='ocrx_word' id='word_1_376' title='bbox 329 2950 507 3028; x_wconf 86' lang='grc' dir='ltr'><strong><em>συκαμίνους</em></strong></span> <span class='ocrx_word' id='word_1_377' title='bbox 522 2948 574 3010; x_wconf 85' lang='grc' dir='ltr'><strong><em>καί</em></strong></span> <span class='ocrx_word' id='word_1_378' title='bbox 586 2946 715 3030; x_wconf 85' lang='grc' dir='ltr'><strong><em>κίδρους,</em></strong></span> <span class='ocrx_word' id='word_1_379' title='bbox 754 2944 885 3032; x_wconf 86' lang='grc' dir='ltr'><strong><em>ὀρφανόν</em></strong></span> <span class='ocrx_word' id='word_1_380' title='bbox 898 2951 937 3023; x_wconf 82' lang='grc' dir='ltr'><strong><em>είς</em></strong></span> <span class='ocrx_word' id='word_1_381' title='bbox 949 2942 1111 3032; x_wconf 83' lang='grc' dir='ltr'><strong><em>προνομήν.</em></strong></span> <span class='ocrx_word' id='word_1_382' title='bbox 1138 2949 1152 2990; x_wconf 82' lang='lat'>³</span> <span class='ocrx_word' id='word_1_383' title='bbox 1164 2949 1216 3012; x_wconf 86' lang='grc' dir='ltr'><strong><em>καί</em></strong></span> <span class='ocrx_word' id='word_1_384' title='bbox 1229 2953 1259 3028; x_wconf 84' lang='grc' dir='ltr'><strong><em>τί</em></strong></span> <span class='ocrx_word' id='word_1_385' title='bbox 1270 2945 1358 3032; x_wconf 82' lang='grc' dir='ltr'><strong><em>ποιή-</em></strong></span> 
     </span>
     <span class='ocr_line' id='line_1_34' title="bbox 111 3024 1357 3135; baseline -0.002 -37"><span class='ocrx_word' id='word_1_386' title='bbox 111 3036 160 3098; x_wconf 86' lang='grc' dir='ltr'><strong><em>καί</em></strong></span> <span class='ocrx_word' id='word_1_387' title='bbox 186 3024 422 3135; x_wconf 73' lang='grc' dir='ltr'><strong><em>οἰκοδομήσομεν</em></strong></span> <span class='ocrx_word' id='word_1_388' title='bbox 446 3031 564 3104; x_wconf 79' lang='grc' dir='ltr'><strong><em>ἑαυτοῖς</em></strong></span> <span class='ocrx_word' id='word_1_389' title='bbox 589 3025 714 3115; x_wconf 86' lang='grc' dir='ltr'><strong><em>πύργον.</em></strong></span> <span class='ocrx_word' id='word_1_390' title='bbox 753 3056 837 3096; x_wconf 94' lang='grc' dir='ltr'><strong><em>σουσι</em></strong></span> <span class='ocrx_word' id='word_1_391' title='bbox 854 3035 887 3097; x_wconf 76' lang='grc' dir='ltr'><strong><em>ἐν</em></strong></span> <span class='ocrx_word' id='word_1_392' title='bbox 905 3035 944 3114; x_wconf 80' lang='grc' dir='ltr'><strong><em>τῆ</em></strong></span> <span class='ocrx_word' id='word_1_393' title='bbox 963 3029 1055 3116; x_wconf 79' lang='grc' dir='ltr'><strong><em>ήμέρρ</em></strong></span> <span class='ocrx_word' id='word_1_394' title='bbox 1068 3036 1121 3115; x_wconf 73' lang='grc' dir='ltr'><strong><em>τῆς</em></strong></span> <span class='ocrx_word' id='word_1_395' title='bbox 1135 3035 1312 3115; x_wconf 72' lang='grc' dir='ltr'><strong><em>ἐπισκοπῆς,Ι</em></strong></span> <span class='ocrx_word' id='word_1_396' title='bbox 1339 3029 1357 3115; x_wconf 78' lang='grc' dir='ltr'><strong><em>ή</em></strong></span> 
     </span>
     <span class='ocr_line' id='line_1_35' title="bbox 110 3104 1358 3219; baseline 0 -39"><span class='ocrx_word' id='word_1_397' title='bbox 110 3121 133 3158; x_wconf 83' lang='lat'><strong><em>¹¹</em></strong></span> <span class='ocrx_word' id='word_1_398' title='bbox 146 3118 197 3180; x_wconf 83' lang='grc' dir='ltr'><strong><em>καί</em></strong></span> <span class='ocrx_word' id='word_1_399' title='bbox 215 3110 293 3202; x_wconf 81' lang='grc' dir='ltr'><strong><em>ῥάξει</em></strong></span> <span class='ocrx_word' id='word_1_400' title='bbox 310 3138 327 3178; x_wconf 91' lang='grc' dir='ltr'><strong><em>ο</em></strong></span> <span class='ocrx_word' id='word_1_401' title='bbox 347 3113 419 3190; x_wconf 89' lang='grc' dir='ltr'><strong><em>θεὸς</em></strong></span> <span class='ocrx_word' id='word_1_402' title='bbox 432 3112 502 3188; x_wconf 85' lang='grc' dir='ltr'><strong><em>τούς</em></strong></span> <span class='ocrx_word' id='word_1_403' title='bbox 518 3116 716 3197; x_wconf 74' lang='grc' dir='ltr'><strong><em>ἐπανισταμέ-</em></strong></span> <span class='ocrx_word' id='word_1_404' title='bbox 751 3113 810 3219; x_wconf 86' lang='grc' dir='ltr'><strong><em>γάρ</em></strong></span> <span class='ocrx_word' id='word_1_405' title='bbox 828 3104 937 3199; x_wconf 80' lang='grc' dir='ltr'><strong><em>θλίιμίς</em></strong></span> <span class='ocrx_word' id='word_1_406' title='bbox 955 3112 1020 3198; x_wconf 78' lang='grc' dir='ltr'><strong><em>ὑμῖν</em></strong></span> <span class='ocrx_word' id='word_1_407' title='bbox 1037 3109 1197 3202; x_wconf 72' lang='grc' dir='ltr'><strong><em>πόρρωθεν</em></strong></span> <span class='ocrx_word' id='word_1_408' title='bbox 1213 3109 1280 3198; x_wconf 77' lang='grc' dir='ltr'><strong><em>ήξει.</em></strong></span> <span class='ocrx_word' id='word_1_409' title='bbox 1305 3117 1358 3183; x_wconf 80' lang='grc' dir='ltr'><strong><em>κατ’</em></strong></span> 
     </span>
     <span class='ocr_line' id='line_1_36' title="bbox 110 3192 1358 3286; baseline 0.001 -22"><span class='ocrx_word' id='word_1_410' title='bbox 110 3226 176 3276; x_wconf 91' lang='grc' dir='ltr'><strong><em>νσυς</em></strong></span> <span class='ocrx_word' id='word_1_411' title='bbox 200 3201 250 3264; x_wconf 73' lang='grc' dir='ltr'><strong><em>ἐπὶ</em></strong></span> <span class='ocrx_word' id='word_1_412' title='bbox 274 3197 346 3282; x_wconf 81' lang='grc' dir='ltr'><strong><em>ἀρσς</em></strong></span> <span class='ocrx_word' id='word_1_413' title='bbox 361 3197 443 3263; x_wconf 79' lang='grc' dir='ltr'><strong><em>Σιὼν</em></strong></span> <span class='ocrx_word' id='word_1_414' title='bbox 463 3199 513 3263; x_wconf 72' lang='grc' dir='ltr'><strong><em>ἐπί</em></strong></span> <span class='ocrx_word' id='word_1_415' title='bbox 530 3194 639 3269; x_wconf 75' lang='grc' dir='ltr'><strong><em>αὐτὸν.</em></strong></span> <span class='ocrx_word' id='word_1_416' title='bbox 664 3199 716 3264; x_wconf 86' lang='grc' dir='ltr'><strong><em>καί</em></strong></span> <span class='ocrx_word' id='word_1_417' title='bbox 751 3224 826 3280; x_wconf 89' lang='grc' dir='ltr'><strong><em>προς</em></strong></span> <span class='ocrx_word' id='word_1_418' title='bbox 844 3202 911 3265; x_wconf 89' lang='grc' dir='ltr'><strong><em>τίνα</em></strong></span> <span class='ocrx_word' id='word_1_419' title='bbox 928 3192 1148 3280; x_wconf 84' lang='grc' dir='ltr'><strong><em>καταφεύξεσθε</em></strong></span> <span class='ocrx_word' id='word_1_420' title='bbox 1164 3202 1221 3264; x_wconf 85' lang='grc' dir='ltr'><strong><em>τοῦ</em></strong></span> <span class='ocrx_word' id='word_1_421' title='bbox 1236 3202 1358 3286; x_wconf 75' lang='grc' dir='ltr'><strong><em>βοηθη-</em></strong></span> 
     </span>
     <span class='ocr_line' id='line_1_37' title="bbox 109 3276 1357 3368; baseline -0.002 -19"><span class='ocrx_word' id='word_1_422' title='bbox 109 3284 181 3359; x_wconf 83' lang='grc' dir='ltr'><strong><em>τοὺς</em></strong></span> <span class='ocrx_word' id='word_1_423' title='bbox 196 3283 323 3368; x_wconf 78' lang='grc' dir='ltr'><strong><em>ἐχθρούς</em></strong></span> <span class='ocrx_word' id='word_1_424' title='bbox 341 3276 529 3348; x_wconf 86' lang='grc' dir='ltr'><strong><em>διασκεδάσει.</em></strong></span> <span class='ocrx_word' id='word_1_425' title='bbox 558 3284 714 3364; x_wconf 66' lang='grc' dir='ltr'><strong><em>12Συρίαν</em></strong></span> <span class='ocrx_word' id='word_1_426' title='bbox 752 3288 860 3368; x_wconf 80' lang='grc' dir='ltr'><strong><em>θήναις</em></strong></span> <span class='ocrx_word' id='word_1_427' title='bbox 886 3285 937 3349; x_wconf 86' lang='grc' dir='ltr'><strong><em>καί</em></strong></span> <span class='ocrx_word' id='word_1_428' title='bbox 952 3287 1013 3350; x_wconf 81' lang='grc' dir='ltr'><strong><em>πού</em></strong></span> <span class='ocrx_word' id='word_1_429' title='bbox 1031 3282 1225 3366; x_wconf 83' lang='grc' dir='ltr'><strong><em>καταλείψετε</em></strong></span> <span class='ocrx_word' id='word_1_430' title='bbox 1236 3280 1292 3366; x_wconf 82' lang='grc' dir='ltr'><strong><em>τήν</em></strong></span> <span class='ocrx_word' id='word_1_431' title='bbox 1304 3280 1357 3349; x_wconf 88' lang='grc' dir='ltr'><strong><em>δό-</em></strong></span> 
     </span>
     <span class='ocr_line' id='line_1_38' title="bbox 107 3358 1357 3451; baseline -0.003 -18"><span class='ocrx_word' id='word_1_432' title='bbox 107 3365 157 3450; x_wconf 86' lang='grc' dir='ltr'><strong><em>ἀφ’</em></strong></span> <span class='ocrx_word' id='word_1_433' title='bbox 173 3367 260 3451; x_wconf 82' lang='grc' dir='ltr'><strong><em>ήλίου</em></strong></span> <span class='ocrx_word' id='word_1_434' title='bbox 273 3364 443 3443; x_wconf 75' lang='grc' dir='ltr'><strong><em>ἀνατολῶν,</em></strong></span> <span class='ocrx_word' id='word_1_435' title='bbox 461 3368 512 3433; x_wconf 83' lang='grc' dir='ltr'><strong><em>καί</em></strong></span> <span class='ocrx_word' id='word_1_436' title='bbox 524 3363 596 3440; x_wconf 86' lang='grc' dir='ltr'><strong><em>τούς</em></strong></span> <span class='ocrx_word' id='word_1_437' title='bbox 602 3358 713 3450; x_wconf 75' lang='grc' dir='ltr'><strong><em>Ἕλλη·</em></strong></span> <span class='ocrx_word' id='word_1_438' title='bbox 750 3369 803 3443; x_wconf 79' lang='grc' dir='ltr'><strong><em>ξαν</em></strong></span> <span class='ocrx_word' id='word_1_439' title='bbox 817 3363 909 3450; x_wconf 78' lang='grc' dir='ltr'><strong><em>ὑμῶν,</em></strong></span> <span class='ocrx_word' id='word_1_440' title='bbox 927 3366 1012 3432; x_wconf 76' lang='grc' dir='ltr'><strong><em>4τοῦ</em></strong></span> <span class='ocrx_word' id='word_1_441' title='bbox 1022 3362 1063 3449; x_wconf 85' lang='grc' dir='ltr'><strong><em>μή</em></strong></span> <span class='ocrx_word' id='word_1_442' title='bbox 1076 3369 1209 3447; x_wconf 78' lang='grc' dir='ltr'><strong><em>ἐμπεσεῖν</em></strong></span> <span class='ocrx_word' id='word_1_443' title='bbox 1222 3369 1261 3440; x_wconf 82' lang='grc' dir='ltr'><strong><em>είς</em></strong></span> <span class='ocrx_word' id='word_1_444' title='bbox 1274 3362 1357 3429; x_wconf 86' lang='grc' dir='ltr'><strong><em>άπα-</em></strong></span> 
     </span>
     <span class='ocr_line' id='line_1_39' title="bbox 108 3443 1356 3552; baseline -0.002 -37"><span class='ocrx_word' id='word_1_445' title='bbox 108 3476 158 3527; x_wconf 90' lang='grc' dir='ltr'><strong><em>νας</em></strong></span> <span class='ocrx_word' id='word_1_446' title='bbox 184 3446 233 3528; x_wconf 83' lang='grc' dir='ltr'><strong><em>ἀφ’</em></strong></span> <span class='ocrx_word' id='word_1_447' title='bbox 262 3449 348 3533; x_wconf 87' lang='grc' dir='ltr'><strong><em>ήλίου</em></strong></span> <span class='ocrx_word' id='word_1_448' title='bbox 373 3449 507 3530; x_wconf 81' lang='grc' dir='ltr'><strong><em>δυσμῶν,</em></strong></span> <span class='ocrx_word' id='word_1_449' title='bbox 535 3446 606 3523; x_wconf 84' lang='grc' dir='ltr'><strong><em>τούς</em></strong></span> <span class='ocrx_word' id='word_1_450' title='bbox 626 3474 713 3514; x_wconf 86' lang='grc' dir='ltr'><strong><em>κατε-</em></strong></span> <span class='ocrx_word' id='word_1_451' title='bbox 749 3445 863 3552; x_wconf 73' lang='grc' dir='ltr'><strong><em>γιογήνς</em></strong></span> <span class='ocrx_word' id='word_1_452' title='bbox 888 3450 938 3514; x_wconf 82' lang='grc' dir='ltr'><strong><em>ε’πί</em></strong></span> <span class='ocrx_word' id='word_1_453' title='bbox 961 3453 1039 3515; x_wconf 82' lang='grc' dir='ltr'><strong><em>πᾶσι</em></strong></span> <span class='ocrx_word' id='word_1_454' title='bbox 1063 3443 1183 3520; x_wconf 77' lang='grc' dir='ltr'><strong><em>τούτοις</em></strong></span> <span class='ocrx_word' id='word_1_455' title='bbox 1205 3445 1262 3509; x_wconf 86' lang='grc' dir='ltr'><strong><em>ούκ</em></strong></span> <span class='ocrx_word' id='word_1_456' title='bbox 1281 3446 1356 3513; x_wconf 88' lang='grc' dir='ltr'><strong><em>άπι-</em></strong></span> 
     </span>
     <span class='ocr_line' id='line_1_40' title="bbox 108 3524 1352 3636; baseline -0.008 -34"><span class='ocrx_word' id='word_1_457' title='bbox 108 3541 252 3606; x_wconf 85' lang='grc' dir='ltr'><strong><em>σθίοντας</em></strong></span> <span class='ocrx_word' id='word_1_458' title='bbox 264 3531 317 3597; x_wconf 84' lang='grc' dir='ltr'><strong><em>τὸν</em></strong></span> <span class='ocrx_word' id='word_1_459' title='bbox 326 3528 449 3636; x_wconf 85' lang='grc' dir='ltr'><strong><em>Ἰσραήλ</em></strong></span> <span class='ocrx_word' id='word_1_460' title='bbox 461 3527 525 3614; x_wconf 79' lang='grc' dir='ltr'><strong><em>ἀλερ</em></strong></span> <span class='ocrx_word' id='word_1_461' title='bbox 538 3534 583 3613; x_wconf 75' lang='grc' dir='ltr'><strong><em>τῷ</em></strong></span> <span class='ocrx_word' id='word_1_462' title='bbox 598 3527 712 3613; x_wconf 80' lang='grc' dir='ltr'><strong><em>στόμα·</em></strong></span> <span class='ocrx_word' id='word_1_463' title='bbox 750 3557 870 3617; x_wconf 90' lang='grc' dir='ltr'><strong><em>στραφη</em></strong></span> <span class='ocrx_word' id='word_1_464' title='bbox 884 3527 901 3614; x_wconf 76' lang='grc' dir='ltr'><em>ἢ</em></span> <span class='ocrx_word' id='word_1_465' title='bbox 915 3527 1005 3614; x_wconf 82' lang='grc' dir='ltr'><strong><em>ὀργή,</em></strong></span> <span class='ocrx_word' id='word_1_466' title='bbox 1030 3526 1097 3595; x_wconf 79' lang='grc' dir='ltr'><strong><em>ἀλλ’</em></strong></span> <span class='ocrx_word' id='word_1_467' title='bbox 1114 3532 1157 3594; x_wconf 72' lang='grc' dir='ltr'><strong><em>ἔτι</em></strong></span> <span class='ocrx_word' id='word_1_468' title='bbox 1170 3524 1189 3613; x_wconf 80' lang='grc' dir='ltr'><strong><em>ή</em></strong></span> <span class='ocrx_word' id='word_1_469' title='bbox 1200 3530 1241 3612; x_wconf 71' lang='grc' dir='ltr'><strong><em>γε’</em></strong></span> <span class='ocrx_word' id='word_1_470' title='bbox 1274 3525 1352 3615; x_wconf 80' lang='grc' dir='ltr'><strong><em>ύιμη-</em></strong></span> 
     </span>
     <span class='ocr_line' id='line_1_41' title="bbox 106 3554 1355 3700; baseline -0.004 -16"><span class='ocrx_word' id='word_1_471' title='bbox 106 3646 143 3684; x_wconf 85' lang='grc' dir='ltr'><strong><em>τι.</em></strong></span> <span class='ocrx_word' id='word_1_472' title='bbox 170 3616 220 3680; x_wconf 84' lang='grc' dir='ltr'><strong><em>ἐπί</em></strong></span> <span class='ocrx_word' id='word_1_473' title='bbox 238 3619 311 3680; x_wconf 85' lang='grc' dir='ltr'><strong><em>πάσι</em></strong></span> <span class='ocrx_word' id='word_1_474' title='bbox 327 3638 445 3687; x_wconf 86' lang='grc' dir='ltr'><strong><em>τουτοις</em></strong></span> <span class='ocrx_word' id='word_1_475' title='bbox 464 3611 521 3678; x_wconf 82' lang='grc' dir='ltr'><strong><em>οὐκ</em></strong></span> <span class='ocrx_word' id='word_1_476' title='bbox 533 3610 713 3697; x_wconf 79' lang='grc' dir='ltr'><strong><em>ἀπεστράφη</em></strong></span> <span class='ocrx_word' id='word_1_477' title='bbox 750 3611 795 3698; x_wconf 76' lang='grc' dir='ltr'><strong><em>λή.</em></strong></span> <span class='ocrx_word' id='word_1_478' title='bbox 822 3611 920 3679; x_wconf 68' lang='grc' dir='ltr'><strong><em>8οὐαί</em></strong></span> <span class='ocrx_word' id='word_1_479' title='bbox 932 3614 1117 3698; x_wconf 83' lang='grc' dir='ltr'><strong><em>Ἀσσυρίοις,</em></strong></span> <span class='ocrx_word' id='word_1_480' title='bbox 1142 3554 1288 3700; x_wconf 61' lang='grc' dir='ltr'><strong><em>ήρύηίάος</em></strong></span> <span class='ocrx_word' id='word_1_481' title='bbox 1299 3616 1355 3681; x_wconf 82' lang='grc' dir='ltr'><strong><em>τού</em></strong></span> 
     </span>
     <span class='ocr_line' id='line_1_42' title="bbox 106 3690 1355 3783; baseline -0.002 -16"><span class='ocrx_word' id='word_1_482' title='bbox 106 3698 242 3781; x_wconf 81' lang='grc' dir='ltr'><strong><em>όθυμὸς,</em></strong></span> <span class='ocrx_word' id='word_1_483' title='bbox 256 3696 320 3762; x_wconf 74' lang='grc' dir='ltr'><strong><em>ἀλλ’</em></strong></span> <span class='ocrx_word' id='word_1_484' title='bbox 335 3699 378 3763; x_wconf 82' lang='grc' dir='ltr'><strong><em>ἔτι</em></strong></span> <span class='ocrx_word' id='word_1_485' title='bbox 391 3692 409 3779; x_wconf 75' lang='grc' dir='ltr'><strong><em>ἦ</em></strong></span> <span class='ocrx_word' id='word_1_486' title='bbox 420 3697 482 3782; x_wconf 79' lang='grc' dir='ltr'><strong><em>χείρ</em></strong></span> <span class='ocrx_word' id='word_1_487' title='bbox 495 3690 604 3779; x_wconf 81' lang='grc' dir='ltr'><strong><em>ὑψηλή.</em></strong></span> <span class='ocrx_word' id='word_1_488' title='bbox 623 3697 713 3763; x_wconf 82' lang='grc' dir='ltr'><strong><em>13καί</em></strong></span> <span class='ocrx_word' id='word_1_489' title='bbox 749 3701 850 3779; x_wconf 83' lang='grc' dir='ltr'><strong><em>θυμοῦ</em></strong></span> <span class='ocrx_word' id='word_1_490' title='bbox 873 3721 950 3781; x_wconf 90' lang='grc' dir='ltr'><strong><em>μου,</em></strong></span> <span class='ocrx_word' id='word_1_491' title='bbox 975 3698 1027 3762; x_wconf 87' lang='grc' dir='ltr'><strong><em>καί</em></strong></span> <span class='ocrx_word' id='word_1_492' title='bbox 1052 3693 1128 3783; x_wconf 82' lang='grc' dir='ltr'><strong><em>ὀργή</em></strong></span> <span class='ocrx_word' id='word_1_493' title='bbox 1145 3701 1225 3764; x_wconf 79' lang='grc' dir='ltr'><strong><em>ἐστιν</em></strong></span> <span class='ocrx_word' id='word_1_494' title='bbox 1241 3699 1272 3764; x_wconf 81' lang='grc' dir='ltr'><strong><em>ἐν</em></strong></span> <span class='ocrx_word' id='word_1_495' title='bbox 1290 3710 1355 3775; x_wconf 82' lang='grc' dir='ltr'><strong><em>ταῖς</em></strong></span> 
     </span>
     <span class='ocr_line' id='line_1_43' title="bbox 106 3775 1355 3867; baseline 0 -20"><span class='ocrx_word' id='word_1_496' title='bbox 106 3784 211 3858; x_wconf 85' lang='grc' dir='ltr'><strong><em>ὁλαὸς</em></strong></span> <span class='ocrx_word' id='word_1_497' title='bbox 229 3782 284 3847; x_wconf 88' lang='grc' dir='ltr'><strong><em>ούκ</em></strong></span> <span class='ocrx_word' id='word_1_498' title='bbox 302 3780 489 3867; x_wconf 77' lang='grc' dir='ltr'><strong><em>ἐπεστράφη,</em></strong></span> <span class='ocrx_word' id='word_1_499' title='bbox 514 3782 569 3853; x_wconf 79' lang='grc' dir='ltr'><strong><em>ἕως</em></strong></span> <span class='ocrx_word' id='word_1_500' title='bbox 588 3775 710 3864; x_wconf 80' lang='grc' dir='ltr'><strong><em>ἐπλήγη,</em></strong></span> <span class='ocrx_word' id='word_1_501' title='bbox 747 3782 843 3865; x_wconf 83' lang='grc' dir='ltr'><strong><em>χερσίν</em></strong></span> <span class='ocrx_word' id='word_1_502' title='bbox 868 3777 981 3847; x_wconf 77' lang='grc' dir='ltr'><strong><em>αὐτῶν.</em></strong></span> <span class='ocrx_word' id='word_1_503' title='bbox 1019 3780 1104 3864; x_wconf 73' lang='grc' dir='ltr'><strong><em>6τήν</em></strong></span> <span class='ocrx_word' id='word_1_504' title='bbox 1130 3776 1222 3865; x_wconf 88' lang='grc' dir='ltr'><strong><em>ὀργήν</em></strong></span> <span class='ocrx_word' id='word_1_505' title='bbox 1239 3807 1299 3866; x_wconf 91' lang='grc' dir='ltr'><strong><em>μου</em></strong></span> <span class='ocrx_word' id='word_1_506' title='bbox 1315 3787 1355 3859; x_wconf 91' lang='grc' dir='ltr'><strong><em>είς</em></strong></span> 
     </span>
     <span class='ocr_line' id='line_1_44' title="bbox 107 3860 1352 3952; baseline -0.006 -17"><span class='ocrx_word' id='word_1_507' title='bbox 107 3874 158 3935; x_wconf 86' lang='grc' dir='ltr'><strong><em>καί</em></strong></span> <span class='ocrx_word' id='word_1_508' title='bbox 175 3867 231 3933; x_wconf 88' lang='grc' dir='ltr'><strong><em>τὸν</em></strong></span> <span class='ocrx_word' id='word_1_509' title='bbox 242 3863 343 3952; x_wconf 88' lang='grc' dir='ltr'><strong><em>κύριον</em></strong></span> <span class='ocrx_word' id='word_1_510' title='bbox 355 3864 410 3933; x_wconf 86' lang='grc' dir='ltr'><strong><em>οάκ</em></strong></span> <span class='ocrx_word' id='word_1_511' title='bbox 427 3860 578 3946; x_wconf 81' lang='grc' dir='ltr'><strong><em>ἐζήτησαν.</em></strong></span> <span class='ocrx_word' id='word_1_512' title='bbox 618 3862 647 3908; x_wconf 73' lang='lat'><strong><em>²⁴</em></strong></span> <span class='ocrx_word' id='word_1_513' title='bbox 660 3865 711 3928; x_wconf 85' lang='grc' dir='ltr'><strong><em>καί</em></strong></span> <span class='ocrx_word' id='word_1_514' title='bbox 748 3870 838 3939; x_wconf 79' lang='grc' dir='ltr'><strong><em>ἔθνος</em></strong></span> <span class='ocrx_word' id='word_1_515' title='bbox 849 3861 961 3945; x_wconf 86' lang='grc' dir='ltr'><strong><em>ἀνομον</em></strong></span> <span class='ocrx_word' id='word_1_516' title='bbox 973 3863 1151 3940; x_wconf 73' lang='grc' dir='ltr'><strong><em>ἀποστελῶ,</em></strong></span> <span class='ocrx_word' id='word_1_517' title='bbox 1168 3867 1220 3930; x_wconf 84' lang='grc' dir='ltr'><strong><em>καὶ</em></strong></span> <span class='ocrx_word' id='word_1_518' title='bbox 1235 3870 1277 3948; x_wconf 82' lang='grc' dir='ltr'><strong><em>τῷ</em></strong></span> <span class='ocrx_word' id='word_1_519' title='bbox 1291 3868 1352 3950; x_wconf 75' lang='grc' dir='ltr'><strong><em>ἐμῷ</em></strong></span> 
     </span>
     <span class='ocr_line' id='line_1_45' title="bbox 107 3943 1349 4038; baseline -0.003 -19"><span class='ocrx_word' id='word_1_520' title='bbox 107 3951 207 4034; x_wconf 83' lang='grc' dir='ltr'><strong><em>ἀφεῖλε</em></strong></span> <span class='ocrx_word' id='word_1_521' title='bbox 232 3948 333 4038; x_wconf 83' lang='grc' dir='ltr'><strong><em>κύριος</em></strong></span> <span class='ocrx_word' id='word_1_522' title='bbox 356 3947 419 4017; x_wconf 85' lang='grc' dir='ltr'><strong><em>ἀπὸ</em></strong></span> <span class='ocrx_word' id='word_1_523' title='bbox 442 3943 564 4032; x_wconf 85' lang='grc' dir='ltr'><strong><em>Ἰσραήλ</em></strong></span> <span class='ocrx_word' id='word_1_524' title='bbox 580 3945 711 4031; x_wconf 82' lang='grc' dir='ltr'><strong><em>κεφαλήν</em></strong></span> <span class='ocrx_word' id='word_1_525' title='bbox 747 3948 814 4033; x_wconf 77' lang='grc' dir='ltr'><strong><em>λαῷ</em></strong></span> <span class='ocrx_word' id='word_1_526' title='bbox 827 3944 963 4025; x_wconf 83' lang='grc' dir='ltr'><strong><em>συντάξαι</em></strong></span> <span class='ocrx_word' id='word_1_527' title='bbox 975 3952 1101 4034; x_wconf 78' lang='grc' dir='ltr'><strong><em>ποιήσαι</em></strong></span> <span class='ocrx_word' id='word_1_528' title='bbox 1110 3946 1205 4014; x_wconf 81' lang='grc' dir='ltr'><strong><em>σκῦλα</em></strong></span> <span class='ocrx_word' id='word_1_529' title='bbox 1215 3950 1265 4014; x_wconf 84' lang='grc' dir='ltr'><strong><em>καί</em></strong></span> <span class='ocrx_word' id='word_1_530' title='bbox 1275 3975 1349 4034; x_wconf 89' lang='grc' dir='ltr'><strong><em>προ-</em></strong></span> 
     </span>
     <span class='ocr_line' id='line_1_46' title="bbox 107 4027 1353 4136; baseline -0.001 -36"><span class='ocrx_word' id='word_1_531' title='bbox 107 4039 156 4103; x_wconf 86' lang='grc' dir='ltr'><strong><em>καί</em></strong></span> <span class='ocrx_word' id='word_1_532' title='bbox 169 4033 277 4121; x_wconf 83' lang='grc' dir='ltr'><strong><em>οάράν,</em></strong></span> <span class='ocrx_word' id='word_1_533' title='bbox 301 4037 392 4117; x_wconf 82' lang='grc' dir='ltr'><strong><em>μέγαν</em></strong></span> <span class='ocrx_word' id='word_1_534' title='bbox 408 4034 459 4098; x_wconf 89' lang='grc' dir='ltr'><strong><em>καί</em></strong></span> <span class='ocrx_word' id='word_1_535' title='bbox 470 4030 575 4136; x_wconf 88' lang='grc' dir='ltr'><strong><em>μικρὸν</em></strong></span> <span class='ocrx_word' id='word_1_536' title='bbox 579 4078 590 4107; x_wconf 91' lang='grc'><strong><em>,</em></strong></span> <span class='ocrx_word' id='word_1_537' title='bbox 615 4035 645 4099; x_wconf 77' lang='grc' dir='ltr'><strong><em>ἐν</em></strong></span> <span class='ocrx_word' id='word_1_538' title='bbox 656 4037 709 4116; x_wconf 75' lang='grc' dir='ltr'><strong><em>μιᾷ</em></strong></span> <span class='ocrx_word' id='word_1_539' title='bbox 748 4031 847 4116; x_wconf 81' lang='grc' dir='ltr'><strong><em>νομήν,</em></strong></span> <span class='ocrx_word' id='word_1_540' title='bbox 860 4034 910 4097; x_wconf 88' lang='grc' dir='ltr'><strong><em>καί</em></strong></span> <span class='ocrx_word' id='word_1_541' title='bbox 919 4044 1101 4114; x_wconf 71' lang='grc' dir='ltr'><strong><em>καταπατεῖν</em></strong></span> <span class='ocrx_word' id='word_1_542' title='bbox 1112 4029 1168 4108; x_wconf 78' lang='grc' dir='ltr'><strong><em>τὰς</em></strong></span> <span class='ocrx_word' id='word_1_543' title='bbox 1179 4027 1289 4109; x_wconf 83' lang='grc' dir='ltr'><strong><em>πόλεις,</em></strong></span> <span class='ocrx_word' id='word_1_544' title='bbox 1301 4036 1353 4099; x_wconf 88' lang='grc' dir='ltr'><strong><em>καί</em></strong></span> 
     </span>
     <span class='ocr_line' id='line_1_47' title="bbox 106 4112 1352 4244; baseline 0 -62"><span class='ocrx_word' id='word_1_545' title='bbox 106 4118 214 4207; x_wconf 62' lang='grc' dir='ltr'><strong><em>ηιιέρρ,</em></strong></span> <span class='ocrx_word' id='word_1_546' title='bbox 231 4115 405 4206; x_wconf 77' lang='grc' dir='ltr'><strong><em>πρεσβύτην,</em></strong></span> <span class='ocrx_word' id='word_1_547' title='bbox 422 4119 473 4182; x_wconf 83' lang='grc' dir='ltr'><strong><em>καί</em></strong></span> <span class='ocrx_word' id='word_1_548' title='bbox 487 4140 554 4190; x_wconf 89' lang='grc' dir='ltr'><strong><em>τους</em></strong></span> <span class='ocrx_word' id='word_1_549' title='bbox 567 4113 605 4179; x_wconf 85' lang='grc' dir='ltr'><strong><em>τά</em></strong></span> <span class='ocrx_word' id='word_1_550' title='bbox 618 4112 711 4244; x_wconf 78' lang='grc' dir='ltr'><strong><em>πρός-</em></strong></span> <span class='ocrx_word' id='word_1_551' title='bbox 747 4127 844 4182; x_wconf 85' lang='grc' dir='ltr'><strong><em>θεῐνυι</em></strong></span> <span class='ocrx_word' id='word_1_552' title='bbox 856 4114 949 4193; x_wconf 87' lang='grc' dir='ltr'><strong><em>αύτάς</em></strong></span> <span class='ocrx_word' id='word_1_553' title='bbox 961 4122 1001 4193; x_wconf 84' lang='grc' dir='ltr'><strong><em>είς</em></strong></span> <span class='ocrx_word' id='word_1_554' title='bbox 1013 4112 1177 4203; x_wconf 87' lang='grc' dir='ltr'><strong><em>κονιορτόν.</em></strong></span> <span class='ocrx_word' id='word_1_555' title='bbox 1196 4114 1308 4192; x_wconf 79' lang='grc' dir='ltr'><strong><em>7αὐτὸς</em></strong></span> <span class='ocrx_word' id='word_1_556' title='bbox 1320 4116 1352 4182; x_wconf 79' lang='grc' dir='ltr'><strong><em>δι’</em></strong></span> 
     </span>
     <span class='ocr_line' id='line_1_48' title="bbox 106 4195 1353 4308; baseline -0.006 -37"><span class='ocrx_word' id='word_1_557' title='bbox 106 4232 176 4271; x_wconf 85' lang='grc' dir='ltr'><strong><em>ωπα</em></strong></span> <span class='ocrx_word' id='word_1_558' title='bbox 185 4201 405 4286; x_wconf 82' lang='grc' dir='ltr'><strong><em>θαυμάζοντας,</em></strong></span> <span class='ocrx_word' id='word_1_559' title='bbox 413 4195 638 4284; x_wconf 78' lang='grc' dir='ltr'><strong><em>αἶίτηήάρχή.1</em></strong></span> <span class='ocrx_word' id='word_1_560' title='bbox 659 4201 710 4264; x_wconf 86' lang='grc' dir='ltr'><strong><em>καί</em></strong></span> <span class='ocrx_word' id='word_1_561' title='bbox 747 4200 801 4284; x_wconf 82' lang='grc' dir='ltr'><strong><em>ούχ</em></strong></span> <span class='ocrx_word' id='word_1_562' title='bbox 820 4195 918 4277; x_wconf 81' lang='grc' dir='ltr'><strong><em>ούτιος</em></strong></span> <span class='ocrx_word' id='word_1_563' title='bbox 940 4196 1125 4286; x_wconf 78' lang='grc' dir='ltr'><strong><em>ἐνεθυμήθη,</em></strong></span> <span class='ocrx_word' id='word_1_564' title='bbox 1150 4203 1201 4266; x_wconf 88' lang='grc' dir='ltr'><strong><em>καί</em></strong></span> <span class='ocrx_word' id='word_1_565' title='bbox 1218 4205 1256 4295; x_wconf 78' lang='grc' dir='ltr'><strong><em>τῇ</em></strong></span> <span class='ocrx_word' id='word_1_566' title='bbox 1273 4206 1353 4308; x_wconf 60' lang='lat' dir='ltr'><strong><em>Qu]</em></strong></span> 
     </span>
     <span class='ocr_line' id='line_1_49' title="bbox 106 4275 1349 4374; baseline -0.004 -19"><span class='ocrx_word' id='word_1_567' title='bbox 106 4283 263 4374; x_wconf 86' lang='grc' dir='ltr'><strong><em>προφήτην</em></strong></span> <span class='ocrx_word' id='word_1_568' title='bbox 287 4284 465 4353; x_wconf 87' lang='grc' dir='ltr'><strong><em>διδάσκοντα</em></strong></span> <span class='ocrx_word' id='word_1_569' title='bbox 483 4281 595 4367; x_wconf 85' lang='grc' dir='ltr'><strong><em>ἀνσμα,</em></strong></span> <span class='ocrx_word' id='word_1_570' title='bbox 620 4275 709 4358; x_wconf 77' lang='grc' dir='ltr'><strong><em>οὗτος</em></strong></span> <span class='ocrx_word' id='word_1_571' title='bbox 747 4282 801 4368; x_wconf 79' lang='grc' dir='ltr'><strong><em>οὐχ</em></strong></span> <span class='ocrx_word' id='word_1_572' title='bbox 814 4279 911 4359; x_wconf 84' lang='grc' dir='ltr'><strong><em>ούτως</em></strong></span> <span class='ocrx_word' id='word_1_573' title='bbox 924 4281 1105 4363; x_wconf 87' lang='grc' dir='ltr'><strong><em>λελόγισται,</em></strong></span> <span class='ocrx_word' id='word_1_574' title='bbox 1119 4281 1197 4351; x_wconf 84' lang='grc' dir='ltr'><strong><em>ἀλλά</em></strong></span> <span class='ocrx_word' id='word_1_575' title='bbox 1212 4281 1349 4353; x_wconf 80' lang='grc' dir='ltr'><strong><em>άπαλλα·</em></strong></span> 
     </span>
     <span class='ocr_line' id='line_1_50' title="bbox 107 4363 1350 4456; baseline -0.003 -20"><span class='ocrx_word' id='word_1_576' title='bbox 107 4368 224 4456; x_wconf 81' lang='grc' dir='ltr'><strong><em>ήούρύ.</em></strong></span> <span class='ocrx_word' id='word_1_577' title='bbox 250 4372 278 4415; x_wconf 79' lang='lat'><strong><em>¹⁶</em></strong></span> <span class='ocrx_word' id='word_1_578' title='bbox 292 4372 342 4435; x_wconf 82' lang='grc' dir='ltr'><strong><em>καί</em></strong></span> <span class='ocrx_word' id='word_1_579' title='bbox 354 4374 470 4435; x_wconf 72' lang='grc' dir='ltr'><strong><em>ἔσονται</em></strong></span> <span class='ocrx_word' id='word_1_580' title='bbox 488 4369 519 4432; x_wconf 74' lang='grc' dir='ltr'><strong><em>οἱ</em></strong></span> <span class='ocrx_word' id='word_1_581' title='bbox 529 4369 705 4452; x_wconf 85' lang='grc' dir='ltr'><strong><em>μακαρίζον-</em></strong></span> <span class='ocrx_word' id='word_1_582' title='bbox 746 4363 817 4444; x_wconf 84' lang='grc' dir='ltr'><strong><em>ξειὸ</em></strong></span> <span class='ocrx_word' id='word_1_583' title='bbox 836 4372 903 4445; x_wconf 81' lang='grc' dir='ltr'><strong><em>νοῦς</em></strong></span> <span class='ocrx_word' id='word_1_584' title='bbox 918 4369 1031 4446; x_wconf 80' lang='grc' dir='ltr'><strong><em>αὐτού,</em></strong></span> <span class='ocrx_word' id='word_1_585' title='bbox 1055 4373 1107 4436; x_wconf 81' lang='grc' dir='ltr'><strong><em>καί</em></strong></span> <span class='ocrx_word' id='word_1_586' title='bbox 1123 4372 1178 4435; x_wconf 84' lang='grc' dir='ltr'><strong><em>τοῦ</em></strong></span> <span class='ocrx_word' id='word_1_587' title='bbox 1192 4374 1266 4453; x_wconf 86' lang='grc' dir='ltr'><strong><em>ε”θνη</em></strong></span> <span class='ocrx_word' id='word_1_588' title='bbox 1286 4371 1350 4446; x_wconf 79' lang='grc' dir='ltr'><strong><em>ἐξο-</em></strong></span> 
     </span>
     <span class='ocr_line' id='line_1_51' title="bbox 109 4447 1349 4537; baseline -0.005 -17"><span class='ocrx_word' id='word_1_589' title='bbox 109 4480 151 4530; x_wconf 87' lang='grc' dir='ltr'><strong><em>τες</em></strong></span> <span class='ocrx_word' id='word_1_590' title='bbox 164 4453 219 4519; x_wconf 86' lang='grc' dir='ltr'><strong><em>τὸν</em></strong></span> <span class='ocrx_word' id='word_1_591' title='bbox 231 4450 306 4519; x_wconf 85' lang='grc' dir='ltr'><strong><em>λαὸν</em></strong></span> <span class='ocrx_word' id='word_1_592' title='bbox 323 4458 433 4518; x_wconf 84' lang='grc' dir='ltr'><strong><em>τοῦτον</em></strong></span> <span class='ocrx_word' id='word_1_593' title='bbox 450 4451 632 4524; x_wconf 81' lang='grc' dir='ltr'><strong><em>πλανῶντες,</em></strong></span> <span class='ocrx_word' id='word_1_594' title='bbox 657 4451 708 4513; x_wconf 86' lang='grc' dir='ltr'><strong><em>καὶ</em></strong></span> <span class='ocrx_word' id='word_1_595' title='bbox 747 4449 907 4537; x_wconf 87' lang='grc' dir='ltr'><strong><em>λοθρεύσαι</em></strong></span> <span class='ocrx_word' id='word_1_596' title='bbox 919 4451 976 4519; x_wconf 84' lang='grc' dir='ltr'><strong><em>ούκ</em></strong></span> <span class='ocrx_word' id='word_1_597' title='bbox 989 4451 1084 4531; x_wconf 87' lang='grc' dir='ltr'><strong><em>ὀλίγα.</em></strong></span> <span class='ocrx_word' id='word_1_598' title='bbox 1103 4454 1118 4495; x_wconf 82' lang='lat'>⁸</span> <span class='ocrx_word' id='word_1_599' title='bbox 1132 4453 1182 4516; x_wconf 89' lang='grc' dir='ltr'><strong><em>καί</em></strong></span> <span class='ocrx_word' id='word_1_600' title='bbox 1196 4447 1248 4518; x_wconf 86' lang='grc' dir='ltr'><strong><em>ε’άν</em></strong></span> <span class='ocrx_word' id='word_1_601' title='bbox 1261 4454 1349 4517; x_wconf 84' lang='grc' dir='ltr'><strong><em>είπιυ-</em></strong></span> 
     </span>
     <span class='ocr_line' id='line_1_52' title="bbox 105 4529 1350 4682; baseline -0.005 -76"><span class='ocrx_word' id='word_1_602' title='bbox 105 4539 265 4614; x_wconf 80' lang='grc' dir='ltr'><strong><em>πλανεύσιν,</em></strong></span> <span class='ocrx_word' id='word_1_603' title='bbox 281 4532 363 4613; x_wconf 72' lang='grc' dir='ltr'><strong><em>ὅπως</em></strong></span> <span class='ocrx_word' id='word_1_604' title='bbox 375 4540 577 4602; x_wconf 86' lang='grc' dir='ltr'><strong><em>κατα-πίνωσιν</em></strong></span> <span class='ocrx_word' id='word_1_605' title='bbox 589 4529 705 4608; x_wconf 85' lang='grc' dir='ltr'><strong><em>αύτούς.</em></strong></span> <span class='ocrx_word' id='word_1_606' title='bbox 746 4558 793 4601; x_wconf 88' lang='grc' dir='ltr'><strong><em>σιν</em></strong></span> <span class='ocrx_word' id='word_1_607' title='bbox 807 4533 905 4620; x_wconf 82' lang='grc' dir='ltr'><strong><em>αύτῷ,</em></strong></span> <span class='ocrx_word' id='word_1_608' title='bbox 932 4534 969 4600; x_wconf 89' lang='grc' dir='ltr'><strong><em>σύ</em></strong></span> <span class='ocrx_word' id='word_1_609' title='bbox 986 4532 1076 4617; x_wconf 86' lang='grc' dir='ltr'><strong><em>μόνος</em></strong></span> <span class='ocrx_word' id='word_1_610' title='bbox 1092 4532 1119 4599; x_wconf 84' lang='grc' dir='ltr'><strong><em>εί</em></strong></span> <span class='ocrx_word' id='word_1_611' title='bbox 1130 4531 1243 4619; x_wconf 78' lang='grc' dir='ltr'><strong><em>ι’ίρχων,</em></strong></span> <span class='ocrx_word' id='word_1_612' title='bbox 1271 4534 1350 4682; x_wconf 44' lang='grc' dir='ltr'><strong><em>οἰκιιί</em></strong></span> 
     </span>
     <span class='ocr_line' id='line_1_53' title="bbox 1297 4629 1349 4698; baseline 0.058 -19"><span class='ocrx_word' id='word_1_613' title='bbox 1297 4629 1349 4698; x_wconf 79' lang='grc' dir='ltr'><strong><em>ριί,</em></strong></span> 
     </span>
    </p>
   </div>
   <div class='ocr_carea' id='block_1_3' title="bbox 0 0 1466 4972">
    <p class='ocr_par' dir='ltr' id='par_1_3' title="bbox 0 0 1466 4972">
     <span class='ocr_line' id='line_1_54' title="bbox 0 0 1466 4972; baseline 0 4"><span class='ocrx_word' id='word_1_614' title='bbox 0 0 1466 4972; x_wconf 95' lang='lat' dir='ltr'><strong><em> </em></strong></span> 
     </span>
    </p>
   </div>
  </div>
 </body>
</html>
