2924 4972
158 200 223 271 484
412 201 609 264 ΕΣΔΡΑΣ
636 202 845 263 ντΡΩΤοιν
888 204 965 279 Κεφ.
982 192 1018 276 ζ’.
1034 195 1108 283 γίτ.
1123 200 1152 265 6.

160 329 328 416 8χιμάρους
343 327 416 415 ὑπὲρ
427 326 575 412 ἁμαρτίας
587 326 700 402 παντὸς
714 332 770 393 τοῦ
808 351 844 390 το
857 329 896 401 εἰς
904 323 1098 428 Ἰερουσαλὴμ
1111 325 1190 390 κατὰ
1203 326 1257 410 τὴν
1270 329 1418 395 δοθεῖσαν

158 415 283 499 Ἰσραηλ
295 409 409 479 δώδεκα
422 410 499 497 πρὸς
512 409 651 497 ἀριθμὸν,
664 415 696 476 ἐκ
710 416 770 475 τῶν
809 407 913 485 αῦτοῖς
936 409 1054 474 ευσδίαν
1070 407 1156 493 παρὰ
1176 415 1232 474 τοῦ
1248 418 1355 494 κυρίου
1369 412 1415 479 ἐπ’

162 493 321 584 φυλάρχων
334 502 389 562 τοῦ
405 493 527 581 Ἰσραὴλ
541 496 664 559 δώδεκα.
691 495 770 559 9καί
809 490 900 575 αῦτῶ.
939 488 984 556 7ό
1001 493 1060 578 γὰρ
1073 490 1200 578 ’Ἔσδρας
1217 491 1333 579 πολλὴν
1352 501 1420 562 ἐπι-

163 587 292 665 έστησαν
304 585 335 645 οἱ
348 586 431 667 ἱερεῖς
446 581 497 643 καί
510 582 541 642 οἱ
552 587 678 643 Λευῖται
691 576 769 642 κατὰ
808 573 921 660 στημην
933 587 1070 662 περιεῖχεν
1086 580 1125 650 εἰς
1137 574 1173 641 τὸ
1185 577 1274 660 μηδὲν
1285 581 1419 666 παραλι-

163 663 260 747 φυλῦς
272 663 468 745 ἐστολισμένον
479 664 529 726 ἐπὶ
541 668 602 727 τῶν
612 666 706 744 ἔργων
719 689 770 726 κυ-
808 673 874 725 πεῖν
885 665 946 726 τῶν
962 663 994 724 ἐκ
1009 664 1065 725 τοῦ
1082 655 1176 741 νόμου
1194 668 1301 748 κυρίου
1319 665 1372 729 καί
1385 669 1419 730 ἐκ

161 756 229 835 ρίου
258 752 333 813 θεοῦ
363 746 485 832 Ἰσραὴλ
520 741 700 820 ἀκολούθως
732 750 771 850 τη”
809 749 869 809 τῶν
883 743 1021 820 ἐντολῶν,
1046 739 1162 820 διδάξαι
1175 741 1276 811 πάντα
1290 744 1417 814 τὸνἸσ-

162 835 320 906 Μωυσέως
331 831 442 917 βίβλῳ,
469 830 520 893 καί
532 834 562 893 οἱ
573 830 709 914 θυρωροὶ
723 832 759 910 ἐφ
808 827 887 912 ραίηλ
895 825 1080 911 δικαιώματα
1090 830 1141 892 καί
1150 834 1288 913 κρίματα.
1299 830 1416 916 ’προς-

163 913 295 984 ἑκάστου
305 915 450 988 πυλῶνος.
474 914 561 977 10καί
573 910 727 996 ἠγάγσσαν
739 918 770 977 οἱ
808 909 949 987 πεσόντος
963 911 995 975 δὲ
1015 916 1071 976 τοῦ
1086 915 1252 996 γραφέντος
1264 912 1417 997 προςτάγ-

163 1002 225 1065 υἱοὶ
235 996 358 1084 Ἰσραὴλ
375 1001 436 1061 τῶν
452 1001 484 1062 ἐκ
501 1001 554 1079 τῆς
567 995 769 1080 αἰχμαλωσίας
807 1020 902 1078 ματος
931 994 1017 1080 παρά
1048 992 1243 1081 Ἀρταξέρξου
1271 998 1417 1083 βασιλέως

162 1083 200 1148 τὸ
225 1079 329 1186 πάσχα
355 1085 386 1146 έν
402 1085 441 1184 τη
470 1075 769 1172 τεσσαρεςκαιδικάτη
808 1079 885 1164 πρὸς
897 1077 1025 1165 ’Έσδραν
1044 1075 1097 1143 τόν
1112 1081 1192 1163 ἱερέα
1210 1082 1261 1144 καί
1278 1078 1415 1157 ἀναγνῶ-

163 1169 219 1231 τοῦ
231 1190 355 1251 πρωτου
366 1154 465 1247 μηίος,
480 1159 529 1228 ίίτε
543 1161 727 1246 ἡγνίσθησαν
739 1168 770 1228 σῖ
809 1187 880 1246 στην
893 1168 946 1227 τοῦ
959 1160 1049 1246 νόμου
1062 1168 1176 1247 κυρίου,
1190 1154 1227 1228 οῦ
1241 1168 1320 1230 ἔστιν
1332 1166 1412 1230 ἄντί-

164 1255 247 1335 ἱερεῖς
259 1254 309 1315 καί
321 1253 351 1312 οἱ
362 1253 487 1312 Λευῖται
505 1243 568 1330 ἅμα
591 1250 616 1288 ¹¹
629 1249 680 1311 καί
691 1243 765 1312 πάν·
807 1270 925 1330 γραφσν
949 1243 985 1310 τό
1014 1244 1208 1329 ὑποκείμενον.
1240 1249 1256 1288 ⁹
1280 1247 1420 1334 βασιλεὺς

162 1360 209 1409 τες
223 1338 253 1399 οἱ
266 1333 328 1398 υἱσί
341 1337 392 1415 της
404 1330 615 1415 αἰχμαλωσίας,
629 1328 675 1396 ότι
689 1326 771 1414 ίχγνί-
803 1328 996 1416 Ἀρταξέρξης
1003 1328 1120 1415 Ἔσδρᾳ
1137 1335 1183 1414 τῳ
1196 1334 1266 1415 ἱερεῖ
1277 1335 1329 1396 καί
1342 1330 1416 1398 άνα-

164 1429 291 1500 σθησαν,
303 1413 348 1481 ὅτι
362 1419 527 1480 σὶΛευῖται
541 1411 603 1496 ἅμα
614 1410 721 1489 πάντες
735 1411 770 1498 ἱη-
808 1409 924 1505 γνῶστχ
937 1420 991 1478 τοῦ
1004 1410 1093 1495 νόμου
1106 1421 1209 1500 κυρίου
1220 1412 1416 1501 χαίρεινῖθκαί

162 1507 337 1582 γνίσθησαν.
375 1501 466 1562 12καί
485 1500 598 1563 ε”θυσαν
613 1496 649 1561 τὸ
667 1493 770 1581 πάσχα
809 1497 848 1561 τὰ
861 1493 1066 1582 φιλάνθρωπα
1080 1493 1138 1573 ἔγω
1154 1504 1256 1584 κρίνας
1267 1503 1415 1584 προςέτα·

163 1588 241 1648 πᾶσι
254 1593 316 1657 τοῖς
334 1585 409 1656 υἱοῖς
426 1591 489 1656 τοῖς
505 1578 708 1664 αἰχμαλωσίας
719 1582 770 1644 καὶ
808 1583 846 1657 ξα
864 1581 933 1654 τοῦς
957 1581 1152 1664 βουλομένους
1177 1585 1209 1646 ἐκ
1233 1586 1289 1646 τοῦ
1308 1585 1415 1658 ἔθνους

162 1677 226 1741 τοῖς
240 1662 377 1745 ἀδελφοῖς
390 1661 491 1729 αὐτῶν
504 1675 566 1740 τοῖς
580 1669 693 1749 ἱερεῦσι,
720 1666 770 1728 καί
808 1668 869 1729 τῶν
876 1664 1034 1730 Ἰουδαίων
1050 1667 1265 1750 αἱρετίζσντας,
1292 1669 1344 1731 καί
1354 1671 1416 1731 τῶν

163 1752 292 1823 ἑαυτοῖς.
317 1749 344 1790 ¹³
356 1749 407 1812 καί
424 1743 577 1828 ε’φάγσσαν
595 1751 626 1812 οἱ
638 1748 698 1811 υἱοὶ
707 1745 768 1813 Ἰσ-
809 1750 920 1831 ἱερέων,
945 1751 997 1814 καί
1008 1753 1069 1814 τῶν
1080 1753 1232 1824 Λευιτῶν,
1258 1751 1310 1814 καί
1322 1752 1416 1815 τῶνδε

165 1829 244 1918 ραίγλ
256 1836 289 1896 οἱ
300 1834 332 1894 ἐκ
352 1834 403 1914 τῆς
422 1831 637 1914 αἰχμαλωσίας,
661 1826 769 1906 πάντες
808 1834 840 1896 έν
849 1837 885 1926 τῇ
896 1829 1018 1918 ἱχμετέρᾳ
1030 1834 1164 1918 βασιλείᾳ
1176 1829 1418 1935 συμπορεύεσθαί

166 1919 198 1979 οἱ
209 1916 402 2000 χωρισθέντες
415 1912 479 1978 άπὸ
492 1919 552 1978 τῶν
563 1909 769 1997 βδελυγμάτων
810 1941 858 1980 σοι
871 1912 1125 2003 εἰςἾερσυσαλημ.
1147 1920 1172 1958 ¹¹
1180 1912 1243 1980 ὅσοι
1254 1941 1309 1980 ουν
1322 1918 1417 1981 ε’νθυ-

162 2003 225 2065 τῶν
238 2002 336 2064 ἐθνῶν
349 2003 401 2083 τῆς
411 2003 474 2081 γῆς,
487 2000 637 2082 ζητοῦντες
649 1999 704 2064 τὸν
715 1996 770 2062 κῦ-
808 2003 947 2083 μοῦνται,
972 1996 1255 2085 συνεξορμάσθωσαν
1272 1996 1417 2085 καθάπερ

163 2107 236 2189 ριον.
262 2080 349 2146 1*καί
362 2076 511 2186 ι’χγάγσσαν
522 2081 578 2185 τηρ
590 2081 697 2184 έσρτὶχν
709 2086 770 2147 τῶν
808 2083 944 2148 δέδοκται
957 2087 1024 2165 ἐμοί
1035 2108 1075 2161 τε,
1088 2086 1140 2148 καί
1151 2093 1214 2158 τοῖς
1225 2081 1303 2149 ἑπτά
1315 2084 1416 2166 φίλοις

211 2161 218 2185 ί
417 2162 426 2183 t

163 2168 283 2247 αζυμων
307 2168 384 2230 έπτα
411 2169 522 2272 ημέρας
547 2191 769 2252 ευφραινομενοι
809 2168 1051 2253 συμβουλευταῖς,
1076 2170 1104 2209 ¹²
1121 2162 1205 2242 ὅπως
1229 2171 1418 2253 ἐπισκέψων-

165 2253 264 2314 έναντι
282 2255 401 2334 κυρίου,
427 2251 454 2292 ¹⁵
468 2274 514 2314 οτι
531 2253 704 2336 μετέστρεφε
716 2247 771 2333 τὴν
809 2275 859 2315 ται
873 2248 912 2315 τά
926 2246 1004 2316 κατά
1017 2251 1071 2334 την
1079 2248 1232 2316 Ἰουδαίαν
1243 2255 1295 2317 καί
1301 2247 1416 2336 Ἰερου-

163 2329 272 2436 βρυλίην
295 2337 352 2400 τοῦ
375 2332 526 2438 βαφιλέως
538 2332 705 2438 Ἀσσυρίων,
723 2331 766 2398 ἐπ’
809 2334 908 2417 σαλὶχμ
925 2329 1103 2438 ἀκολούθως
1120 2327 1145 2418 ᾧ
1159 2338 1215 2420 ἔχει
1233 2337 1264 2399 ἐν
1275 2339 1319 2418 τῷ
1333 2336 1416 2437 νόμῳ

165 2442 284 2493 αυτους,
308 2442 481 2502 κατισχυσαι
493 2444 547 2493 τας
559 2428 657 2504 χεῖρας
669 2421 770 2482 αυτῶν
808 2423 917 2502 κυρίου.
954 2419 1043 2482 13καί
1070 2429 1236 2496 απενεγκεῖν
1261 2419 1345 2505 δῶρα
1369 2447 1414 2504 τῳ

165 2501 216 2566 ἐπὶ
227 2498 266 2566 τά
280 2504 354 2588 ἔργα
367 2508 470 2585 κυρίου
482 2507 558 2566 θεοῦ
567 2497 696 2588 Ἰσραήλ.
808 2507 899 2586 κυρίῳ
913 2506 968 2567 τοῦ
984 2500 1117 2586 Ἰσραὴλ,
1136 2499 1157 2568 ἃ
1170 2500 1300 2587 ηῦξάμην
1312 2503 1371 2582 ε’γῶ
1384 2530 1415 2568 τε

353 2592 387 2650 Κ
397 2594 427 2650 Ε
442 2591 480 2649 (θ.
524 2581 580 2650 Η’.
808 2586 995 2667 καίσὶφίλοι
1009 2590 1049 2659 εἰς
1062 2583 1262 2692 Ἶερσυσαλημ.
1288 2591 1415 2653 καίπῦν

163 2634 250 2733 Καί
261 2673 498 2754 μεταγενέστερος
509 2665 626 2735 τούτων
635 2670 768 2755 έστί,βα-
807 2675 925 2753 χρυσίον
937 2671 990 2735 καί
1009 2665 1150 2753 ἀργύριον
1167 2667 1187 2733 ὃ
1199 2674 1252 2735 ἐαν
1265 2669 1369 2763 εῦρεθῄ
1384 2677 1415 2736 ἰν

165 2749 333 2827 σιλεύοντσς
352 2751 546 2837 Ἀρταξέρξου
568 2757 623 2816 τοῦ
643 2758 770 2836 Περσῶν
807 2757 846 2833 τῆ
861 2748 946 2858 χώρᾳ
964 2757 1016 2837 τῆς
1035 2754 1236 2840 Βαβυλωνίας
1257 2760 1301 2838 τῷ
1318 2761 1413 2840 κυρίῳ

163 2834 305 2916 βασιλέως
322 2837 451 2920 προςέβη
464 2834 768 2918 ’ΈσδραςἉζαραίου,
808 2822 847 2910 εἰς
871 2833 1056 2920 Ιερουσαλημ
1080 2835 1200 2921 πόντῳ
1222 2839 1413 2925 δεδωρημένῳ

162 2921 221 2983 τοῦ
233 2922 368 3001 Ζεχρίου,
393 2922 449 2982 τοῦ
466 2918 607 2992 Χελκίου,
634 2924 688 2983 τοῦ
702 2926 769 2982 Σα-
808 2917 866 2985 ῦπό
885 2925 940 2984 τοῦ
957 2923 1064 2995 ἔθνους
1079 2925 1118 2995 εἰς
1136 2919 1172 2985 τὸ
1193 2918 1271 3004 ἱερὸν
1286 2927 1342 2987 τοῦ
1359 2949 1414 2986 κυ-

163 2995 268 3080 λημσυ,
293 3002 375 3064 2τοῦ
401 2996 588 3076 Σαδδσύκου,
613 3006 668 3065 τοῦ
688 2999 767 3086 Ἀχι-
807 3011 872 3086 ρίου
889 3007 965 3068 θεοῦ
989 3001 1090 3068 αὐτῶν
1109 3003 1146 3068 τό
1168 3007 1200 3068 ἕν
1217 3004 1413 3086 Ἰερουσαλὴμ

162 3084 236 3168 τιόβ,
262 3087 317 3147 τοῦ
331 3079 486 3166 Ἀμαρίου,
510 3083 685 3161 τοῦΌζίου,
712 3091 767 3152 τοῦ
806 3088 835 3130 ¹⁴
849 3091 1047 3171 συναχθῆναι,
1072 3083 1107 3150 τό
1120 3110 1151 3150 τε
1164 3093 1287 3170 χρυσίον
1303 3089 1354 3149 καί
1371 3085 1408 3149 τό

162 3163 282 3241 Βσκκά,
300 3169 355 3230 τοῦ
375 3163 503 3252 Ἀβισαῒ,
517 3172 570 3231 τοῦ
587 3167 697 3244 Φινεές,
710 3175 767 3235 τοῦ
805 3167 947 3256 ἀργύριον
969 3176 1007 3246 εἰς
1027 3163 1152 3253 ταύρους
1168 3169 1222 3231 καί
1238 3166 1340 3252 κριούς
1356 3173 1410 3233 καί

159 3244 312 3335 Ἐλεάζαρ,
327 3253 381 3314 τοῦ
395 3247 512 3336 Ἀαρὼν
530 3256 586 3316 τοῦ
600 3255 698 3357 ἱερέως
711 3257 768 3318 τοῦ
805 3254 912 3340 σ’ίρνας,
950 3256 1001 3319 καί
1028 3248 1068 3316 τδι
1091 3244 1207 3325 τούτοις
1236 3244 1409 3328 ἀκόλουθα,

161 3330 295 3416 πρώτου.
331 3323 450 3410 3σῦτος
469 3332 596 3420 Ἔσδρας
621 3339 710 3422 ανέβη
736 3338 767 3400 ἰκ
804 3343 830 3381 ¹⁵
845 3335 916 3414 ιὶίςτε
932 3343 1124 3420 προςενεγκεῖν
1134 3340 1243 3410 θυσίας
1255 3337 1301 3418 τῷ
1313 3341 1408 3419 κυρίῳ

160 3417 345 3505 Βαβυλῶνος
354 3414 395 3493 ῶς
407 3418 593 3524 γραμματεὺς
605 3419 713 3505 εὐφυὴς
726 3418 767 3484 ῶν
805 3425 855 3486 ἐπὶ
868 3421 903 3487 τὸ
916 3416 1133 3506 θυσιαστήριον
1149 3421 1204 3483 τοῦ
1216 3422 1319 3503 κυρίου
1332 3424 1409 3484 θεοῦ

160 3504 191 3567 έν
207 3506 251 3587 τῷ
263 3505 422 3579 Μωυσέως
436 3528 515 3587 νσμῳ
527 3509 571 3586 τῷ
589 3505 765 3588 ἐκδεδομένῳ
805 3503 953 3570 αὐτῶντὸ
968 3497 1211 3606 ένἾερουσαλημ.
1233 3503 1318 3566 16καί
1329 3499 1409 3567 πάν-

160 3582 221 3652 ῦπό
235 3590 289 3651 τοῦ
303 3591 375 3652 θεοῦ
389 3592 443 3652 τοῦ
454 3585 588 3690 Ἰσραηλ,
606 3589 679 3652 *καί
692 3589 766 3654 ἑδω-
805 3614 844 3653 τα
856 3585 915 3654 ῦσα
927 3588 980 3652 ἐὰν
997 3585 1093 3673 βούλη
1109 3611 1181 3670 μετα
1197 3589 1258 3651 τῶν
1272 3583 1406 3665 ἀδελφῶν

160 3693 207 3732 κεν
225 3667 310 3751 αὐτῷ
329 3667 347 3733 ὁ
364 3667 502 3756 βασιλεὺς
520 3672 609 3748 δοξαν
627 3667 766 3757 εὑρόντος
804 3699 859 3738 σου
872 3675 994 3755 ποιῆσαι
1005 3659 1117 3758 χρυόίῳ
1130 3671 1183 3736 καί
1195 3668 1408 3754 ῦργυρίῳ,ἒπι-

158 3746 245 3853 χάριν
267 3747 395 3816 ένῶπιον
417 3751 511 3817 αὐτοῦ
534 3756 583 3818 ἐπὶ
606 3751 708 3821 πάντα
727 3752 766 3818 τά
803 3756 877 3821 τέλει
890 3753 969 3820 κατὰ
987 3755 1024 3818 τὸ
1044 3754 1163 3837 θέλημα
1180 3758 1235 3818 τοῦ
1251 3754 1326 3817 θεοῦ
1345 3776 1408 3815 σου.

161 3828 315 3915 αξιοίματα
337 3832 441 3899 αῦτοῦ.
468 3837 546 3901 ὅκαί
567 3842 767 3923 συνανέβησαν
802 3841 894 3904 17καί
911 3837 950 3903 τό
975 3833 1039 3923 ἱερά
1062 3834 1150 3921 σκεύη
1167 3841 1224 3901 τοῦ
1236 3841 1351 3922 κυρίου,
1368 3835 1410 3900 τὰ

161 3919 194 3979 ἐκ
208 3919 269 3981 τῶν
282 3920 354 3981 υἱῶν
364 3915 497 4002 Ἰσραὴλ,
521 3921 572 3984 καί
583 3925 644 3984 τῶν
656 3924 766 4005 ἱερέων,
802 3919 938 4006 διδόμενά
952 3948 1001 3987 σοι
1021 3926 1061 3996 εἰς
1073 3920 1128 4003 τὶχν
1144 3926 1245 4006 χρείαν
1258 3923 1312 3984 τοῦ
1327 3922 1409 4005 ἱεροῦ

159 3999 413 4074 καίΛευιτῶν,καὶ
424 4002 766 4086 ἱεροιχιαλτῶν,καίθυρ-
801 4011 856 4069 τοῦ
867 4010 940 4071 θεοῦ
958 4031 1020 4081 σου,
1047 4005 1075 4046 ¹⁸
1088 4002 1189 4080 δαίσεις
1207 4007 1240 4068 ἐκ
1257 4006 1314 4068 τοῦ
1324 4006 1411 4089 βασι-

160 4085 261 4167 ωρῶν,
292 4084 343 4145 καὶ
361 4083 539 4168 ἱεροδούλων
558 4089 597 4158 εἰς
613 4081 766 4171 Ἱερουσα-
802 4088 887 4153 λικοῦ
911 4087 1144 4170 γαζοφυλακίου.
1184 4084 1315 4170 19κφίγιίν
1343 4081 1409 4150 ἰδοῦ

159 4163 231 4248 λημ,
269 4165 383 4240 θέτους
407 4162 534 4252 ἑβδόμου
558 4164 766 4251 βασιλεύοντος
796 4169 987 4257 Ἀρταξέρξης
1004 4170 1141 4258 βασιλεὺς
1159 4169 1330 4256 προςέταξα
1344 4179 1411 4243 ’τοῖς

155 4244 349 4333 Ἀρταξέρξου
362 4251 393 4313 ἕν
405 4254 448 4332 τῷ
462 4251 591 4331 πέμπτῳ
601 4257 676 4332 μηνί.
712 4245 765 4319 οῦ·
801 4253 982 4336 γαζοφύλαξι
999 4263 1114 4340 Συρίας
1133 4259 1184 4320 καί
1197 4259 1346 4336 Φοινίκης,
1358 4256 1411 4316 ἵνα

159 4355 211 4407 τος
224 4328 358 4404 ἐνιαυτὸς
377 4333 499 4417 ἱβδομσς
512 4336 555 4414 τῷ
568 4334 692 4418 βασιλεῖ.
719 4339 766 4412 ε’ξ-
801 4335 859 4405 ῦσα
877 4338 930 4405 ἐὰν
947 4337 1112 4422 ἀποστείλη
1130 4337 1260 4422 Ἔσδρας
1282 4332 1300 4401 ὃ
1318 4333 1410 4422 ἱερεύς

159 4410 295 4489 ελθόντες
312 4409 370 4499 γάρ
389 4420 421 4480 ἐκ
440 4415 626 4502 Βαβυλῶνος
645 4423 685 4513 τῇ
699 4447 766 4487 νσυ-
801 4426 852 4489 καί
870 4418 1060 4506 ἆναγνιόστης
1077 4412 1133 4487 τ’σῦ
1152 4417 1243 4502 νόμου
1260 4424 1317 4486 τοῦ
1334 4424 1409 4484 θεοῦ

155 4502 244 4587 μηνίιχ
258 4502 314 4568 τοῦ
328 4497 454 4586 πρώτου
465 4498 565 4589 μηνός,
588 4508 766 4593 παρεγένου·
800 4511 856 4573 τοῦ
869 4503 997 4592 ὑψίστου
1001 4555 1012 4584 ,
1037 4505 1179 4590 ἐπιμελῶς
1192 4505 1312 4571 διδῶσιν
1324 4507 1411 4612 αύτῷ

1353 4593 1414 4665 ἕως
