2924 4972
304 245 793 312 ντΑΡΑΛτισοΜτπιιιν
814 251 949 315 mr.
993 245 1183 332 τιςεσο.
1303 248 1370 324 453

122 362 283 448 Ἰωσαφάτ.
308 361 378 429 τάδε
391 363 464 443 λέγει
481 361 518 428 κύ
538 390 580 440 ιος
595 363 661 448 ύμῖν
673 364 729 430 αὖ·
762 366 878 445 αὐτῶν,
900 373 952 434 καί
969 395 1054 457 ευρον
1071 368 1161 459 κτήνη
1173 372 1291 450 πολλά,
1316 377 1368 441 καί

122 462 192 524 τοῖς.
228 447 268 533 μή
296 453 452 529 φοβεῖσθε,
476 476 497 530 μ
519 392 551 512 δὲ
575 453 729 532 πτοηθῆτε
761 447 938 536 ἀποσκευήν,
951 456 1000 519 καί
1013 455 1122 530 σκῦλα,
1139 457 1190 520 καί
1203 453 1289 540 σκεύη
1300 462 1366 524 ἐντι-

123 532 183 598 ἀπὸ
199 527 365 616 προςοόπου
384 535 439 595 τοῦ
464 475 555 615 ὄχλου
577 536 632 595 τοῦ
651 530 728 595 πολ-
760 533 950 637 θυμητά,καί
962 533 1300 614 ἰσκύλευσανέναύτοῖς.
1313 541 1366 607 καί

122 619 176 682 λοῦ
188 611 313 689 τούτου,
337 612 383 678 ότι
398 612 452 697 ούχ
465 611 532 695 ύμῖν
544 617 622 679 ίστιν
636 610 654 697 ἢ
666 640 729 678 πα·
760 619 896 692 ἐγενοντο
905 614 1010 703 ἡμέραι
1019 631 1094 704 τρεῖς
1103 618 1302 688 σκυλευόντων
1312 621 1366 688 αύ-

121 697 255 787 ράταξις,
282 695 345 762 ἀλλ’
367 696 386 782 ἢ
406 702 449 780 τῷ
468 703 541 780 θεῷ.
580 695 729 778 26αὔριον
759 697 871 763 τῶντά
884 702 995 776 σκῦλα,
1021 699 1068 767 ὅτι
1084 695 1244 788 πολλάήν.
1272 705 1365 771 22καί

120 781 268 868 κατάβητε
294 779 337 846 ἐπ’
359 776 477 856 αύτούς.
510 778 574 846 ἰδού
600 777 728 866 άναβαί-
759 778 872 858 ἐγένετο
888 787 925 874 τῇ
943 779 1039 867 ήμέρη
1052 791 1087 849 τ’
1099 787 1224 873 τετάρτη
1245 792 1366 854 imm.

119 892 201 930 νουσι
212 863 291 929 κατά
305 863 358 948 την
370 861 516 950 άνάβασιν
529 863 653 938 Ἀσσεῖς,
677 865 727 928 καί
759 861 891 948 ήχθησαν
907 870 946 940 εἰς
957 866 1010 930 τὸν
1022 813 1142 934 αῦύιῦνα
1153 861 1363 954 τήςέύλογιάς,

119 945 252 1034 εὑρήσετε
275 945 387 1022 αύτούς
408 946 452 1012 ἐπ’
474 946 570 1030 άκρου
586 951 726 1027 ποταμοῦ
757 952 817 1012 ἐκεῖ
832 947 892 1030 γάρ
913 944 1083 1051 ηῦλόγησαν
1099 950 1152 1016 τόν
1169 949 1278 1037 κύριον.
1312 952 1364 1020 διά

118 1039 171 1117 της
193 1027 302 1115 ἐρήμου
317 1027 431 1116 Ἰεριήλ.
468 1033 496 1074 ¹⁷
508 1028 561 1114 οὐχ
580 1026 646 1111 ύμῖν
665 1032 726 1094 ἐστι
758 1037 848 1096 τοῦτο
869 1032 1012 1096 ίκαλεσαν
1028 1030 1065 1096 τό
1083 1031 1177 1116 ὄνομα
1192 1040 1247 1099 τοῦ
1266 1034 1363 1103 τόπου

119 1113 294 1198 πολεμῆσαι.
323 1119 421 1178 ταῦτα
444 1109 557 1186 σύνετε,
583 1113 635 1176 καί
656 1112 728 1176 ἴδετε
758 1113 1157 1191 ἰκείνου,ΚοιλάςΕύλογῖας
1170 1115 1364 1201 ῖωςτῆςήμέ-

120 1196 175 1278 τήν
188 1201 335 1280 σωτηρίαν
344 1203 446 1282 κυρίου
454 1194 518 1277 μεθ’
534 1193 615 1277 ὑμῶν
624 1191 727 1261 Ἰούδα
757 1222 812 1300 ρας
836 1193 955 1282 ταύτης,
993 1200 1023 1240 27
1041 1200 1093 1263 „ag
1118 1199 1279 1283 &timeam
1303 1205 1365 1277 πᾶς

121 1280 172 1343 καί
179 1274 381 1361 Ἰερουσαλήμ.
407 1278 446 1362 μή
460 1282 629 1364 φοβηθῆτε,
654 1277 726 1361 μηδέΙ
758 1277 832 1364 ανίγρ
842 1277 944 1345 Ἰούδα
957 1283 997 1355 εἰς
1004 1276 1210 1365 Ἰερουσαλήμ,
1231 1284 1282 1346 καί
1295 1279 1365 1346 Ἰω-

119 1366 277 1443 πτοηθητε
290 1359 393 1444 αύριον
405 1359 531 1437 ἐξελθεῖν
542 1365 581 1435 εἰς
590 1356 726 1445 άπάντη-
758 1362 861 1444 σαφάτ
873 1357 1032 1447 ἡγούμενος
1045 1361 1147 1428 αὐτῶν
1156 1367 1187 1428 ἐν
1197 1360 1364 1458 εύςροούνη

120 1469 166 1509 σιν
176 1441 289 1518 αὐτοῖς,
299 1445 350 1507 καὶ
358 1437 395 1506 κύ
414 1441 530 1526 ιοςμεθ’
543 1443 630 1526 ῦμιῦν.
641 1445 726 1509 22’καί
755 1443 880 1530 μεγάλη,
907 1443 953 1513 ότι
971 1446 1122 1533 εύφραινεν
1137 1443 1246 1521 αύτούς
1264 1442 1364 1529 κύριος

118 1523 218 1609 κύψας
228 1525 383 1606 Ἰωσαφάτ
395 1469 446 1591 ἰπὶ
457 1522 618 1612 πρόςωπον
630 1526 725 1593 αὐτοῦ
755 1528 819 1594 ἀπὸ
833 1519 893 1595 τὀῦν
905 1534 1022 1617 ἐχθροῖν
1034 1528 1143 1596 αύττῦν.
1163 1531 1194 1572 22
1204 1531 1256 1594 καί
1268 1529 1363 1616 είςηλ.

118 1612 170 1674 καί
194 1614 255 1684 πῦς
275 1606 376 1675 Ἰούδα
400 1611 452 1675 καί
469 1615 501 1675 οῖ
518 1612 723 1685 κατοικοῦντες
754 1623 813 1678 θον
825 1609 1068 1699 εἰςἸερουσαλίμ
1081 1616 1112 1677 ἐν
1124 1608 1245 1699 νάβλαις
1255 1614 1306 1679 καί
1314 1640 1361 1678 κι-

116 1689 320 1778 Ἰερουσαλήμ,
358 1696 460 1759 ἔπεσον
494 1696 589 1758 ε”ναντι
618 1698 722 1778 κυρίου
754 1692 853 1782 νύραις
872 1699 923 1761 καί
940 1700 971 1761 ἰν
987 1643 1141 1774 σάίπιγξιν
1159 1701 1198 1771 εἰς
1211 1694 1360 1762 οἰκονκυ-

117 1781 312 1860 προςκυνήσαι
326 1783 428 1862 κυρίῳ.
454 1778 544 1841 19καί
556 1771 721 1860 ἀνέστησαν
753 1786 828 1864 ρίου.
859 1781 890 1823 ²⁹
903 1782 954 1845 καί
970 1777 1084 1859 ἐγένετο
1101 1783 1237 1854 ἔκστασις
1255 1786 1360 1866 κυρίου

117 1864 146 1925 οῖ
157 1867 283 1924 Λευῖται
296 1857 360 1925 άπὸ
373 1865 433 1926 των
447 1865 519 1925 υῖιῦν
532 1856 647 1936 Καάθ,
669 1863 720 1926 καί
753 1863 802 1927 ἐπί
814 1859 913 1938 πάσας
929 1861 983 1939 τάς
999 1862 1149 1952 βασιλείας
1164 1866 1218 1946 τῆς
1234 1867 1303 1946 γῆς,
1328 1866 1360 1927 ἐν

115 1941 177 2008 άπὸ
190 1948 251 2008 τῶν
264 1947 335 2008 υίιῦν
346 1943 439 2029 Κορὲ,
453 1949 543 2009 αἰνεῖν
554 1949 645 2028 κυρίῳ
655 1948 720 2027 θεῷ
752 1951 797 2029 τῷ
808 1945 935 2012 οἰκοῦσαι
947 1946 1059 2022 αὐτοὺς
1072 1942 1120 2011 δ’τι
1136 1942 1237 2033 κύριος
1249 1941 1359 2010 ἐπολέ-

113 2026 232 2110 Ἰσραήλ
262 2029 293 2092 ἐν
319 2032 403 2114 φωνῇ
429 2025 540 2120 μεγάλη
565 2031 603 2102 εἰς
631 2023 719 2110 ύψος,
751 2056 822 2112 μησε
839 2031 917 2113 πρὸς
934 2030 1005 2105 τοὺς
1022 2025 1356 2131 ῦπεναντίουςἸσραήλ.

115 2111 145 2151 ²⁰
151 2111 200 2173 καί
214 2109 368 2196 ιόρθρισαν
379 2111 471 2196 πρωῒ,
484 2114 536 2175 καί
548 2110 674 2193 ἰξηλθον
683 2115 721 2183 εἰς
752 2115 837 2177 20καί
849 2110 1005 2196 εἰρήνευσεν
1017 2110 1035 2195 ἢ
1046 2112 1180 2199 βασιλεία
1190 2109 1357 2215 Ἰωσαρατ,

114 2191 167 2293 τήν
179 2196 286 2276 ε”ρημον
303 2190 412 2258 Θεκωέ.
431 2197 481 2258 καὶ
494 2197 525 2258 ἒν
537 2198 581 2275 τῷ
595 2193 721 2268 ἐξελθεῖν
753 2198 804 2259 καί
828 2193 1014 2260 κατέπαυσεν
1033 2193 1117 2259 αύτιῦ
1136 2191 1155 2257 ό
1172 2189 1245 2269 θεὸς
1261 2196 1358 2258 αυτοῦ

114 2278 241 2350 αυτούς,
267 2279 338 2358 ἔστη
361 2273 515 2354 Ἰωσαφάτ
537 2278 587 2338 καὶ
607 2270 658 2359 ἰβό
678 2300 721 2347 σε,
753 2273 906 2340 κυκλόθεν.
921 2279 1005 2340 22καί
1016 2263 1197 2360 ἐβασίλευσεν
1205 2272 1359 2357 Ἰωσαφάτ

113 2362 165 2421 καί
177 2357 263 2422 εἶπεν.
286 2355 436 2422 ἀκούσατέ
446 2383 504 2437 μου
512 2353 614 2421 Ἰούδα
627 2383 678 2420 και
691 2359 722 2419 οῖ
753 2361 802 2421 ἐπὶ
814 2356 868 2422 τὸν
884 2355 1015 2431 Ἰούδαν,
1041 2358 1084 2422 ὢν
1097 2360 1171 2421 ἒτιῦν
1184 2382 1358 2440 τριάκοντα·

114 2445 319 2512 κατοικοῦντες
346 2442 376 2503 ἐν
396 2434 597 2521 Ἰερουσαλήμ.
636 2441 722 2542 ἐριστι-
753 2437 840 2503 ττέντε
853 2442 883 2503 ἒν
896 2444 940 2519 τῷ
951 2437 1123 2523 βασιλεῦσαι
1136 2436 1241 2510 αὐτόν,
1253 2441 1304 2502 καὶ
1317 2439 1360 2501 εδ-

116 2516 253 2585 στεύσατε
267 2524 298 2585 ἐν
311 2525 402 2603 κυρίῳ
415 2525 477 2600 θεῷ
491 2516 587 2621 ἡμῶν,
605 2545 657 2582 και
670 2522 722 2600 ἒμ-
754 2545 819 2585 κοσι
832 2523 882 2583 καὶ
894 2519 980 2583 πέντε
997 2522 1050 2600 ἔτη
1063 2519 1247 2603 ἐβασίλευσεν
1260 2522 1290 2583 ἐν
1302 2515 1360 2582 Ἰε-

115 2598 363 2684 πιστευθήσεσθε.
378 2607 587 2683 ἕμπιστευσατε
600 2603 631 2666 ἰν
644 2625 722 2685 προ-
754 2601 923 2687 ρουσαλήμ,
940 2603 992 2665 καί
1004 2599 1097 2683 ὄνομα
1114 2604 1152 2694 τῇ
1163 2601 1250 2684 μητρὶ
1262 2599 1359 2665 αὐτοῦ

114 2683 194 2768 φήτη
207 2685 314 2759 αὐτοῦ,
328 2685 379 2748 καί
391 2680 625 2767 εύοδωθήσεσθε.
641 2685 723 2747 22καί
747 2682 874 2771 Ἀζουβά
891 2682 992 2761 θυγάτ
1013 2710 1031 2768 ρ
1048 2681 1137 2748 Σαλί.
1176 2684 1206 2724 ³²
1218 2684 1269 2748 καί
1285 2687 1360 2748 ἰπο-

112 2759 309 2855 ἐβούλεύσατο
319 2768 393 2850 μετά
404 2773 459 2832 τοῦ
471 2767 611 2842 λαοῦ,καί
620 2769 723 2850 ἔστησε
753 2764 845 2853 ρεύθη
857 2771 888 2833 ἰν
900 2779 966 2844 ταῖς
978 2712 1060 2842 ὁδοῖς
1071 2765 1253 2852 τοῦπατρὸς
1262 2765 1360 2832 αῦτοῦ

112 2849 294 2937 ιμαλτῳδούς
310 2853 361 2915 καὶ
379 2856 553 2926 αἰνοῦντας,
579 2850 721 2932 ἔξομολο-
747 2852 832 2928 Ἀσά,
846 2854 897 2916 καί
909 2850 962 2916 οὐκ
975 2850 1098 2928 ἐξέκλινε
1113 2854 1171 2915 τοῦ
1183 2855 1308 2934 ποιήσαι
1320 2848 1357 2913 τό

110 2947 228 3013 γεῖσθαι
242 2936 293 2999 καὶ
305 2940 394 2999 αἰνεῖν
407 2931 445 2999 τά
458 2931 528 3010 άγια
541 2938 572 2998 ἐν
583 2938 629 3018 τῷ
640 2932 719 3010 ἐξελ·
751 2935 836 3011 εῦθές
849 2937 974 3000 ἐντόπιον
987 2940 1100 3018 κυρίου.
1119 2935 1148 2976 ³³
1162 2931 1242 2999 ἄλλά
1254 2938 1305 2999 καί
1316 2931 1358 2998 τά

109 3030 176 3084 θεῖν
185 3023 414 3104 ὲμπροσθεντῆς
423 3019 577 3100 δυνάμεως,
587 3021 639 3082 καὶ
652 3018 718 3081 ἐλε-
753 3016 854 3103 ύεγηλά
872 3022 915 3083 ἔτι
935 3015 1061 3105 ὑπῆρχε,
1086 3018 1136 3082 καί
1148 3021 1191 3083 ἔτι
1203 3013 1220 3082 ό
1234 3015 1307 3093 λαός
1319 3014 1357 3082 ού

110 3127 170 3180 γον.
196 3102 421 3187 ἐξομολογεῖσθε
434 3106 478 3186 τῷ
490 3106 599 3186 κυρίῳ,
619 3096 664 3165 ότι
678 3105 717 3175 εἰς
749 3098 924 3168 κατεύθυνεν
946 3102 1000 3205 τήν
1019 3103 1144 3188 καρδίαν
1160 3099 1261 3166 αὐτῶν
1278 3099 1356 3186 πρὸς

109 3185 164 3250 τόν
178 3191 271 3250 αἰῶνα
284 3183 319 3250 τό
338 3185 425 3261 ἔλεος
437 3185 541 3250 αὐτοῦ.
580 3187 610 3226 22
622 3187 674 3249 καί
686 3187 717 3248 ἐν
748 3182 848 3273 κύριον
863 3187 917 3252 τόν
929 3196 1001 3251 θεον
1013 3191 1073 3249 τῶν
1090 3182 1231 3268 πατέρων
1244 3182 1354 3249 αὐτῶν.

110 3274 155 3351 τῴ
167 3269 317 3350 άρξασθαι
331 3268 442 3343 αύτούς
455 3274 507 3351 τῆς
517 3267 654 3343 αἰνέσεως
664 3271 716 3333 καί
747 3271 778 3313 ³⁴
791 3274 842 3335 καί
868 3275 899 3333 οῖ
917 3269 1021 3333 λοιποὶ
1037 3265 1122 3345 λόγοι
1144 3266 1298 3345 Ἰωσαφάτ
1324 3269 1356 3330 οῖ

109 3358 162 3435 της
175 3347 425 3434 ἐξομολογήσεως,
444 3353 534 3415 ἔδωκε
546 3346 645 3434 κύριος
656 3376 715 3414 πο-
747 3357 865 3434 πριῦτοι
878 3352 929 3413 καί
942 3355 972 3414 οἰ
983 3354 1103 3452 ἔσηατοι
1117 3346 1181 3412 ἰδού
1189 3343 1356 3490 γεγραμμέ-

109 3435 205 3516 λεμεῖν
221 3433 293 3506 τοῦς
311 3431 391 3507 υἱούς
408 3429 526 3514 Ἀμμών
542 3435 591 3496 ἐπὶ
611 3430 717 3516 Μωάβ
748 3460 793 3499 νοι
807 3439 838 3497 ἕν
850 3427 1038 3512 λόγοιςἸηου
1051 3434 1110 3493 τοῦ
1118 3427 1226 3502 Ἀνανὶ,
1258 3451 1356 3501 ςκατ-

109 3518 163 3580 καὶ
189 3513 259 3599 όρος
275 3517 364 3598 Σηείρ
391 3514 463 3587 τοὺς
479 3510 652 3589 ἐξελθόντας
667 3516 717 3578 ἐπὶ
749 3517 859 3599 ἔγραψε
867 3513 980 3598 βιβλίον
988 3505 1358 3598 βασιλέωνἸσραήλ.32καδ

105 3593 238 3672 Ἰούδαν,
252 3598 303 3660 καί
315 3592 542 3679 ἐτροπιόθησαν.
560 3597 589 3636 22
601 3597 652 3658 καί
664 3593 716 3658 άν-
747 3596 819 3677 μετά
830 3601 927 3660 ταῦτα
941 3591 1357 3737 ἐκοινώνησεν’1ωαφὼβα-

110 3684 237 3764 έστησαν
251 3684 281 3744 οῖ
293 3681 352 3744 υἱοὶ
361 3676 478 3761 Ἀμμών
490 3680 541 3742 καί
551 3675 657 3804 Μωὰβ
669 3678 718 3740 ἐπὶ
750 3678 844 3752 σιλεύς
866 3673 969 3743 Ἰούδα
983 3673 1058 3761 πρὸς
1078 3674 1215 3759 Ὀχοζίαν
1223 3678 1288 3800 βασ
1319 3667 1356 3739 έα

111 3763 180 3839 τοὺς
191 3767 407 3836 κατοικοῦντας
419 3759 489 3846 ὅρος
501 3763 601 3846 Σηείρ,
618 3759 718 3835 ἐςολο-
747 3760 874 3844 Ἰσραήλ,
887 3761 939 3823 καί
950 3751 1038 3833 οῦτος
1050 3756 1200 3842 ήνόμησεν,
1239 3758 1254 3800 ⁶
1266 3763 1298 3822 ἕν
1311 3759 1357 3841 τῷ

111 3854 237 3934 θρεῦσαι
250 3847 301 3911 καί
314 3850 453 3930 ἐκτρῖψαι
467 3839 585 3919 αὐτούς.
612 3843 663 3907 καὶ
678 3837 718 3916 ὡς
748 3848 873 3926 ποιήσαι
890 3845 941 3907 καί
960 3845 1147 3927 πορευθῆναι
1163 3836 1239 3926 πρός
1251 3838 1355 3915 αὐτόν,

112 3933 299 3997 συνετελεσαν
312 3927 382 4003 τούς
392 3932 605 4002 κατοικοῦντας
617 3928 717 4011 Σηεὶρ,
749 3931 804 3991 τοῦ
815 3931 937 4010 ποιήσαι
950 3927 1042 3991 πλοῖα
1055 3929 1113 3990 τοῦ
1122 3929 1305 4009 πορευθῆναι
1316 3928 1355 4000 εἰς

112 4012 276 4099 άνέστησαν
300 4018 339 4088 εἰς
364 4008 513 4094 ἀλλήλους
537 4016 594 4076 τοῦ
616 4010 717 4085 ἐξολο-
754 4012 884 4096 Θαρσεῖς.
919 4011 970 4073 καί
995 4011 1114 4092 ἐποίησε
1129 4008 1224 4074 πλοῖα
1241 4012 1273 4073 ἐν
1288 4013 1322 4072 Γ
1319 4035 1356 4073 α-

111 4103 286 4181 θρευθήναι.
315 4096 347 4138 22
360 4098 411 4159 καί
425 4091 541 4168 Ἰούδας
558 4084 649 4177 ἦλθεν
668 4094 717 4157 ἐπὶ
749 4096 935 4180 σίωνΓιηδέρ.
946 4095 1032 4158 22καί
1039 4088 1251 4198 προεφήτευσεν
1260 4087 1356 4156 ’Elai-

111 4182 167 4265 τήν
177 4177 553 4262 σκοπιάντήςίρήμου,καί
562 4172 716 4263 ἐπέβλεψε,
748 4179 792 4263 ζερ
820 4174 838 4242 ὁ
864 4182 920 4242 τοῦ
937 4177 1041 4241 Δωδία
1059 4175 1122 4243 απὸ
1141 4174 1280 4259 Μαρισής
1306 4175 1357 4237 ἐπὶ

112 4269 162 4329 καί
179 4263 233 4328 εἶδε
249 4264 285 4326 τὸ
305 4261 432 4344 πλῆθος.
458 4263 509 4324 καί
529 4259 594 4324 ἰδοὺ
610 4256 718 4332 πάντες
745 4259 914 4342 Ἰωσαφάτ,
938 4256 1040 4337 λέγων.
1074 4255 1115 4335 ὡς
1139 4261 1293 4341 ε’φιλίασας
1311 4259 1356 4337 τῷ

113 4348 207 4427 νεκροί
216 4342 403 4418 πεπτωκότες
416 4348 465 4408 ε’πί
478 4348 530 4426 της
542 4347 604 4424 γῆς,
615 4341 670 4408 οῦκ
681 4331 717 4425 ἦν
746 4340 755 4362 ’
801 4346 877 4426 οζίᾳ,
889 4345 1018 4425 ἔθραυσε
1031 4338 1130 4427 κύριος
1143 4342 1179 4404 τὸ
1193 4343 1282 4423 ἔργον
1292 4364 1355 4410 σου,

112 4423 282 4507 σωζόμενος.
318 4427 347 4470 ²⁵
360 4428 411 4491 καὶ
428 4426 550 4508 ἐξῆλθεν
564 4424 717 4503 Ἰωσαφάτ
749 4451 800 4490 και
818 4430 970 4510 συνετρίβη
987 4423 1027 4491 τά
1040 4418 1136 4487 πλοῖά
1149 4445 1212 4484 σου.
1238 4415 1358 4482 καλοῦν

111 4515 163 4578 καί
176 4506 193 4575 ό
207 4509 281 4586 λαὸς
294 4506 388 4576 αὐτοῦ
401 4508 555 4574 σκυλεῦσαι
568 4507 608 4574 τά
622 4507 717 4574 σκῦλα
750 4503 897 4591 ἐδυνάσθη
909 4509 1092 4591 πορευθῆναι
1105 4505 1144 4572 εἰς
1162 4502 1321 4638 (θντθσῖῖεὶς

1317 4601 1369 4649 Q·
