2924 4972
340 237 575 301 οΡιιΝοι
612 236 910 298 ιουειιιιον
949 233 1119 312 ταφήια
1277 214 1345 285 675

142 352 257 424 Δάλεθ.
270 354 533 440 2Ἀνῳκοδόμησεν
545 351 634 428 ὁδούς
642 380 712 437 μου,
746 351 818 429 τοὺς
839 349 937 428 πόδας
959 351 1057 418 αὐτοῦ
1078 349 1194 430 πάντας
1216 353 1348 434 δεσμίους

108 443 248 524 ἐνέφραξε
260 444 379 543 τρίβους
390 463 459 520 μου,
473 433 611 520 ἐτάραξεν
624 435 713 522 ιοδίρ-
744 441 808 520 γῆς,
844 436 945 500 22τοῦ
968 435 1093 500 ίκκλίναι
1118 442 1213 518 κρίσιν
1239 432 1349 521 ἀνδρὸς

110 549 161 598 κος
178 523 385 607 ἐνεδρευουσα,
405 514 498 595 αὐτός
518 545 568 622 μοι
585 519 662 585 λέων
682 524 713 585 ἐν
745 521 901 584 κατέναντι
913 514 1076 602 προςαίπου
1089 514 1232 600 ὑψίστου,
1250 519 1279 562 22
1293 545 1348 582 κα·

110 610 274 689 κρυφαίοις,
296 607 322 645 ¹¹
328 603 500 678 κατεδίωξεν
514 598 713 705 αφεοτηκότα,
745 596 902 668 ταδικάσαι
916 600 1083 686 δι’νθρωπον
1095 603 1127 663 έν
1138 604 1183 681 τῷ
1194 606 1348 684 κρίνεσθαι

110 691 168 792 καὶ,
182 688 354 752 κατέπαυσέ
369 710 415 768 με,
440 682 529 751 ἔθετό
546 710 582 768 με
605 709 712 769 ηφανι-
746 683 854 763 αὐτὸν,
870 679 972 792 κύριος
984 681 1039 749 οὐκ
1052 681 1123 783 εἶπε.
1151 683 1182 725 22
1194 687 1239 784 ,τίς
1252 678 1347 789 οὕτως

110 793 246 915 “ffb
262 849 402 916 Ἐνέτεινε
419 845 506 928 τόξον
524 847 638 927 αὐτοῦ,
663 853 715 916 καί
745 767 1347 932 &3⁴¹⁷ngmitoezggwguffizo'gsffi

111 930 262 1017 ἐστήλωσέ
283 959 318 1016 με
343 931 383 1009 ὡς
413 931 531 1001 σκοπόν
555 937 593 1008 είς
617 933 714 1018 βέλος·
745 933 922 1011 ἐξελεύσεται
934 932 975 997 τὰ
992 929 1071 997 κακά
1083 929 1181 996 καὶτὸ
1196 923 1325 1008 ἀγαθόν.

113 1011 299 1100 12είςήγαγεν
318 1019 349 1082 ἐν
367 1029 429 1091 τοῖς
444 1026 561 1100 νεφροῖς
576 1042 634 1099 μου
649 1013 714 1090 ίοδς
788 1014 876 1100 Μήμ.
904 1017 934 1059 22
961 1020 1000 1080 Τί
1021 1009 1159 1094 γογγόοει
1185 1011 1346 1096 ἄνθρωπος

110 1103 260 1183 φαρέτρας
278 1097 381 1164 αὐτοῦ.
410 1098 440 1141 ¹⁴
454 1094 596 1184 ἐγενήθην
617 1094 713 1177 γε’λως
746 1097 890 1184 ζοῐνᾶνήρ
902 1102 969 1181 περὶ
980 1104 1033 1182 τῆς
1045 1096 1190 1180 ἁμαρτίας
1201 1094 1314 1196 αὗτρῦς

111 1183 206 1282 παντί
217 1181 284 1281 λαῷ
294 1206 363 1263 μου,
389 1181 513 1265 ψαλμός
525 1181 627 1248 αὐταῖν
640 1179 714 1266 ὅλην
787 1177 886 1290 qthhj.
899 1183 929 1225 ³⁹
939 1175 1169 1288 Ἐξηρευνήθηή
1184 1174 1253 1252 όδὸε
1265 1179 1348 1283 ημφῖν

110 1288 304 1409 τηνίλόίόίιῖραῖί*
315 1342 475 1434 Ἐχόρτασί
488 1374 522 1430 με
535 1335 665 1433 πικρίας,
683 1351 715 1412 έ-
746 1266 1349 1455 :zgfgfiaffigvgvffiss‘iwgffiae&535

111 1423 226 1493 αι’θυσί
237 1455 274 1510 με
285 1429 393 1514 χολῆς,
419 1431 447 1473 ¹¹
459 1434 511 1496 καί
521 1426 639 1519 ἐξέβαλε
652 1429 715 1514 ψή-
747 1434 797 1496 έπι
814 1433 916 1515 χειρῶν
936 1424 1013 1515 πρός
1033 1425 1153 1512 ὑψηλὸν
1174 1431 1205 1492 ἐν
1218 1424 1347 1510 οὐρανῷ.

112 1535 159 1593 φορ
174 1508 300 1587 ὀδόντας
309 1538 378 1596 μου,
396 1509 529 1595 ἐφάμισί
542 1538 576 1596 με
589 1511 713 1589 σποδόν,
747 1515 777 1557 ⁴¹
788 1511 1004 1616 ήμαρτήσαμεν,
1029 1506 1219 1598 ήσεβήσαριεν,
1229 1510 1282 1574 καί
1293 1508 1348 1593 οὐχ

111 1596 137 1636 ¹⁷
150 1596 201 1658 καί
214 1591 362 1662 ἀπώσατο
375 1591 527 1701 ίξείρήνης
538 1593 635 1704 φορήν
644 1622 714 1677 μου,
747 1596 884 1681 ίλιισθης.

111 1676 138 1719 22
156 1674 345 1763 ἐπελαθόμην
366 1676 481 1756 ἆγαθα.
507 1706 558 1744 και
574 1677 714 1745 απῶλετο
787 1676 895 1763 Σάμεχ.
909 1677 942 1721 ⁴²
954 1675 1179 1751 Ἐπεοκέπασας
1198 1679 1230 1742 έν
1247 1677 1345 1780 θυμρῖ,

112 1755 189 1835 νῖκός
204 1787 261 1844 μου
264 1809 276 1837 ,
301 1763 352 1827 καί
370 1761 389 1848 ή
405 1760 486 1838 ἐλπίς
501 1788 560 1846 μου
579 1761 643 1829 άπὸ
661 1789 714 1828 κυ-
746 1763 797 1828 καί
809 1757 1072 1845 ἆπεδίωξαςήμᾶς,
1086 1758 1267 1834 ἀπέκτεινας,
1292 1784 1347 1823 ουκ

111 1847 185 1926 ρίου.
713 1917 715 1920 ⁴
747 1849 862 1927 ἐφείσω.
893 1843 925 1886 ⁴³
938 1846 1143 1916 έπεσκέπασας
1161 1841 1280 1925 νεφέλην
1300 1867 1345 1906 σε-

153 1927 238 1991 Ζαίν.
253 1927 281 1969 ¹⁹
297 1922 469 2013 Ἐμνήσθην
486 1925 549 1994 ιἰπό
567 1933 713 2014 πτωχείας
746 1933 829 2011 αυτῷ
843 1931 934 1993 ένεκεν
946 1929 1126 2010 προςευχῆς,
1151 1919 1302 2008 καμμόσαι
1313 1949 1348 2006 με

111 2033 177 2083 ιιου,
200 2011 250 2074 καί
273 2013 306 2074 έκ
328 2012 461 2093 διωγμοῦ
493 2013 525 2056 ²⁰
536 2017 640 2096 πικρία
660 2013 714 2077 καί
746 2011 780 2055 ⁴⁴
793 2009 1045 2096 καίάπωσθήναι.

111 2088 184 2174 χολή
202 2117 261 2172 μου
276 2091 488 2196 μνησθήσεται,
511 2097 564 2159 καὶ
582 2095 713 2161 καταδο-
782 2092 857 2160 mv.
875 2093 1009 2175 Ἓθηκας
1030 2088 1107 2178 ήμᾶς
1129 2095 1160 2156 ίν
1180 2093 1261 2174 μέσῳ
1288 2095 1348 2155 τῶν

112 2171 238 2257 λεσχήσει
251 2173 295 2238 ἐπ’
311 2175 361 2257 ἐμὲ
374 2204 392 2257 η
406 2171 485 2260 ψυχή
497 2203 564 2257 μου.
597 2181 625 2221 ²¹
638 2175 713 2242 ταό-
745 2177 844 2251 λαῶν,
869 2176 901 2219 ⁴⁵
916 2177 1060 2259 διήνοιξαν
1077 2172 1121 2255 ἐφ’
1136 2171 1213 2256 ήμᾶς
1230 2173 1348 2240 τδστό·

111 2280 165 2336 την
187 2252 267 2332 τάξω
289 2261 328 2330 είς
349 2257 405 2339 τήν
425 2260 550 2341 καρδίαν
563 2283 640 2341 μου,
664 2257 713 2323 διά
744 2286 788 2339 μα
813 2256 913 2322 αὐτῶν
936 2256 1044 2330 πάντες
1073 2260 1103 2319 οί
1127 2259 1232 2339 ἐχθροί
1256 2253 1346 2339 ήμῶν.

112 2341 204 2402 τοῦτο
218 2334 366 2419 ὑπομενῶ.
746 2342 779 2384 ⁴⁶
803 2335 898 2425 φόβος
923 2341 975 2403 καί
997 2336 1096 2422 θυμὸς
1119 2335 1244 2420 ἐγεννήθη
1271 2335 1346 2439 ήμῖν,

140 2410 219 2482 ’Ἡθ
233 2421 263 2461 22
277 2413 324 2483 Τά
337 2414 403 2505 ἐλίη
411 2427 525 2507 κυρίου,
537 2417 584 2486 ὅτι
596 2419 654 2487 οὖν
666 2422 713 2499 ἔξ-
746 2427 868 2505 έπαρσις
880 2422 932 2484 καί
942 2415 1090 2507 συντριβή.
1104 2417 1136 2461 ⁴¹
1142 2418 1261 2500 ἀφέσεις
1274 2414 1348 2484 υδό-

112 2496 194 2566 ε’λιπέ
212 2527 261 2583 με,
287 2498 334 2567 ὅτι
352 2502 389 2568 οὐ
411 2500 665 2589 συνετελέσθησαν
682 2509 714 2570 σί
744 2530 806 2569 των
818 2499 934 2581 κατάξει
953 2501 971 2568 ό
990 2498 1150 2583 ὀφθαλμός
1167 2528 1226 2584 μου
1244 2504 1293 2567 ἐπὶ
1310 2499 1347 2568 τό

111 2588 257 2669 οἰκτιρμοί
269 2585 373 2652 αὐτοῦ.
399 2591 492 2671 μῆνας
501 2592 539 2664 είς
549 2588 604 2663 τὰς
615 2590 713 2674 πρωΐ-
746 2586 908 2674 σύντριμμα
935 2591 987 2668 τῆς
1014 2583 1166 2670 θυγατρός
1188 2588 1243 2649 τοῦ
1270 2585 1349 2650 λαοῦ

111 2694 146 2744 ας
159 2668 279 2751 ἐλέησον
292 2665 437 2754 κάριε,ὅ’τι
450 2670 487 2735 οὐ
502 2671 709 2755 συνετελέσθη-
743 2696 810 2752 μου.

110 2774 170 2834 μεν,
184 2748 230 2817 ὅτι
242 2751 279 2816 οὗ
294 2756 544 2838 συνετελέσθησαν
556 2759 588 2819 οἱ
601 2759 712 2836 οίκτιρ-
787 2749 844 2836 Φή.
853 2748 933 2818 ⁴⁸‘0
942 2746 1102 2834 ὀφθαλμός
1111 2778 1168 2835 μου
1181 2749 1347 2836 κατεπόθη,

108 2835 161 2915 μοὶ
177 2832 284 2899 αὐτοῦ.
311 2836 339 2876 22
353 2835 441 2902 καινὰ
458 2841 497 2913 είς
513 2838 568 2913 τὰς
584 2839 711 2922 πρωίας,
744 2838 796 2900 καί
807 2836 844 2901 οὐ
863 2832 1018 2921 σιγήσομαι
1035 2840 1091 2902 τοῦ
1108 2834 1148 2919 μή
1167 2834 1239 2900 εἶναι
1259 2838 1346 2919 ἔκνη-

109 2915 209 3001 ιτολλή
228 2913 237 2935 ‘
253 2924 352 2994 πίστις
365 2946 427 2985 σου.
452 2920 485 2964 ²⁴
496 2928 575 3009 μερίς
586 2946 645 3004 μου
658 2918 712 2987 κό-
743 2939 807 3003 ψιν,
832 2919 864 2963 ⁴⁹
878 2925 934 2996 ἕως
951 2910 990 2984 οὗ
1010 2916 1144 3025 διακάψη
1161 2921 1212 2984 καὶ
1228 2920 1278 3011 ἴδη
1294 2916 1345 2981 κά-

109 3025 181 3081 θίθς,
207 2944 282 3067 ὲίπευ
308 2999 326 3086 ἢ
353 3009 432 3090 ψυχή
450 3031 516 3090 μου.
543 3006 593 3072 διὰ
618 3009 711 3072 τοῦτο
743 3000 1004 3090 ριοςίξοῦρανοῡ.
1039 3005 1070 3046 ¹⁰
1083 2999 1101 3068 ὁ
1116 2999 1275 3084 οφθαλμός
1288 3028 1358 3083 μου,

110 3080 249 3165 ὑπομενῶ
262 3083 356 3168 αὐτῷ.
743 3086 908 3168 ἐπιφυλλιεῖ
923 3088 974 3152 ἐπὶ
996 3084 1050 3171 τήν
1101 3082 1170 3172 υχήν
1186 3112 1245 3170 μου
1260 3083 1356 3172 παρὰ·

153 3165 232 3251 Τήθ.
248 3169 419 3246 22Ἇγαθός
436 3166 539 3258 κόριος
556 3183 619 3248 τοῖς
634 3168 711 3238 ὑπο-
742 3167 842 3246 πάσας
854 3173 1023 3252 θυγατέρας
1034 3165 1075 3234 πό
1108 3197 1156 3247 ως.

108 3253 244 3333 μένουσιν
268 3250 376 3329 αὐτόν,
407 3256 438 3298 22
450 3255 531 3340 ψυχή
554 3251 574 3341 ἢ
596 3252 711 3341 ζητήσει
788 3253 900 3340 Τσαδή.
928 3255 955 3299 ¹¹
976 3249 1155 3340 Θηρεόοντες
1179 3249 1346 3336 ἐθήρευσάν

110 3331 210 3409 αὐτόν,
231 3330 362 3413 ἀγαθόν.
387 3339 440 3403 καί
452 3337 600 3421 ὑπομενεῖ,
612 3337 711 3426 καλή
741 3364 775 3420 με
793 3335 834 3412 ὡς
851 3343 1023 3442 στρουθίον.
1062 3334 1170 3410 πάντες
1192 3341 1224 3398 οί
1240 3339 1346 3418 ἐχθροί

110 3413 229 3501 συχάσει
243 3423 281 3492 εἰς
293 3416 331 3483 τό
345 3416 492 3504 σωτήριον
503 3427 614 3505 κυρίου.
742 3447 800 3502 μου
812 3417 925 3503 δωρεαν
950 3421 980 3463 22
989 3415 1187 3484 ἐθανάτωσαν
1201 3420 1232 3479 ἐν
1244 3414 1345 3496 λάκκῳ

155 3495 235 3581 Τήθ.
248 3501 278 3541 22
286 3497 421 3574 Ἀγαθὸν
439 3501 539 3586 ἀνδρὶ,
565 3499 711 3587 ὅτανίίρη
742 3499 819 3584 ζωήν
839 3528 909 3585 μου,
932 3502 983 3566 καί
1005 3504 1160 3582 ἐπέθηκαν
1184 3497 1274 3561 λίθον
1296 3494 1342 3561 ἐπ’

109 3579 197 3656 ζυγόν
209 3583 238 3642 ἐν
251 3575 363 3662 νεότητι
376 3580 481 3657 αὐτοῦ,
505 3585 536 3625 22
547 3574 712 3668 καθήσετάι
743 3589 816 3668 ἐμοί.
841 3586 870 3628 22
885 3579 1054 3669 ὖπιρεχάθη
1073 3579 1152 3664 ὕδωρ
1171 3580 1220 3644 ίπί
1233 3579 1285 3665 τήν
1298 3603 1344 3643 κε-

109 3659 188 3727 κατά
200 3655 303 3742 μόνας,
315 3663 366 3727 καί
378 3662 568 3747 σιωπήσεται,
582 3663 630 3731 ὅτι
642 3657 712 3763 ήρεν
743 3663 840 3747 φαλήν
851 3692 916 3749 μου.
943 3666 1023 3743 είπα,
1036 3664 1186 3747 δίπωσμαι.

108 3743 153 3827 ἐφ’
169 3748 278 3828 ἑαυτῷ.
785 3743 874 3828 Κιόφ.
894 3749 925 3793 ¹⁴
940 3744 1176 3832 Ἐπεκαίεσάμην
1194 3744 1231 3812 τὸ
1250 3741 1345 3828 όνομσί

141 3825 221 3894 Ἰσίδ.
241 3830 270 3872 ²⁹
283 3822 382 3895 Διόσει
405 3831 451 3911 τῷ
475 3836 594 3895 παίοντι
619 3828 712 3896 αὐτὸν
743 3855 798 3895 σου
829 3826 907 3933 κάριε
938 3834 970 3895 ἐκ
1006 3827 1119 3896 λάκκου
1152 3825 1343 3907 κατωτάτου,

109 3906 248 3990 σιαγόνα,
273 3908 516 3998 χορτασθήσεται
529 3912 710 3996 ὀνειδισμῶν,
743 3914 772 3958 22
795 3938 896 4019 φωνην
917 3939 975 3997 μου
997 3912 1138 3997 ἤκουσας.
1167 3913 1207 3999 μή
1229 3911 1344 4006 κρύψῃς

108 3995 139 4039 ³⁰
152 3992 199 4061 ὅτι
221 3993 278 4062 οὐκ
299 4001 341 4073 είς
364 3991 419 4063 τόν
440 4001 535 4063 αἰῶνα
558 3993 711 4065 ἆπιόσεται
741 3994 782 4063 τά
794 3993 860 4062 ωτά
874 4022 928 4062 σου
942 4001 981 4072 είς
991 3996 1046 4081 τήν
1058 3998 1156 4080 δέησίν
1167 4022 1238 4080 μου,
1262 3996 1344 4072 22ελς

107 4074 215 4164 κύριος.
741 4080 797 4165 τήν
807 4076 950 4168 βοήθειάν
969 4107 1027 4163 μου
1045 4080 1180 4165 ήγγιοας,
1205 4077 1344 4182 ἐνήμίρρ
1431 4096 1441 4112 “

147 4161 233 4243 Χάφ.
247 4164 274 4204 ³¹
285 4155 356 4232 Ὅτι
374 4160 391 4229 ὁ
409 4158 594 4240 ταπεινώσας
611 4168 711 4234 οἰκτει-
740 4155 992 4256 ᾗέπεκαλεσάμηυ
1005 4189 1037 4231 σε
1048 4161 1133 4241 είπάς
1143 4189 1205 4249 μοι,
1226 4189 1265 4247 μη
1284 4187 1343 4245 φο-

106 4245 196 4348 ρήσει,
211 4247 260 4308 καί
273 4246 352 4312 κατὰ
362 4245 399 4311 τό
408 4248 531 4332 πλῆθος
539 4251 597 4312 τοῦ
608 4247 710 4322 ἐλέους
739 4251 805 4333 βοῦ.

105 4331 211 4403 αυτοῦ,
238 4328 267 4369 22
279 4325 336 4393 οὐκ
347 4327 496 4416 ἀπεκρίθη
508 4327 572 4395 άπὸ
585 4331 709 4412 καρδίας
783 4325 868 4416 Ρήχς.
883 4330 912 4374 22
922 4327 1081 4409 Ἐδίκαοας
1098 4327 1177 4417 κόρα
1193 4325 1248 4405 τάς
1260 4330 1342 4404 δίκας

105 4408 210 4484 αὐτοῦ,
223 4411 275 4476 καί
289 4415 483 4480 ἐταπείνωσεν
496 4411 579 4488 υίούς
591 4408 706 4518 ἀνδρός.
738 4418 790 4499 τῆς
807 4418 902 4541 φυήής
920 4441 992 4498 μου,
1013 4411 1173 4500 έλυτροόσω
1193 4412 1249 4495 τήν
1266 4410 1343 4496 ζωήν

145 4486 259 4574 Λάμιδ.
288 4494 317 4536 22
347 4498 410 4560 Τοῦ
439 4501 619 4564 ταπεινῶσαι
643 4495 705 4563 υπὸ
737 4522 802 4580 μου.
834 4498 848 4542 2
878 4498 936 4574 ίδες
955 4494 1036 4585 κόρω
1052 4497 1107 4573 τὰς
1123 4489 1342 4641 ταραχάςέμοσ,

1278 4604 1336 4662 ’‘Q‘'
