2924 4972
485 242 513 300 Δ
529 239 560 302 Δ
576 240 609 299 N
618 244 639 299 1
648 242 683 298 Η
692 242 725 299 Λ
765 242 842 322 Κεφ.
857 237 907 322 ιβ’.
925 239 972 302 12,
1285 234 1350 301 953

113 355 190 435 Βὴλ,
216 358 266 417 καὶ
286 351 341 416 οὐκ
365 355 428 415 ε”στι
450 351 535 435 παρά
560 353 607 414 σοί
625 349 711 424 δόλος
749 375 850 428 γουσιν
875 349 968 416 αὐτὸν
993 347 1119 435 σφόδρα.
1145 353 1196 415 καὶ
1220 348 1350 427 ἀναγκα-

110 435 179 501 ούδὲ
192 435 238 510 είς.
277 437 305 476 ¹⁹
318 437 369 498 καὶ
381 429 498 508 ἐγέλασε
512 429 634 515 Δανιὴλ,
661 434 712 497 καί
751 432 874 506 σθεέςό
920 431 1036 506 ασιλεύς
1056 434 1224 516 παρέδωκεν
1248 431 1352 507 αὐτοῖς

111 518 253 605 ἐκράτησε
269 513 325 580 τόν
340 511 482 602 βασιλέα,
506 520 563 580 τοῦ
574 518 613 598 μὴ
627 520 711 590 εέςελ·
750 515 803 581 τόν
816 515 935 598 Δανιηλ.
962 517 989 557 ³¹
1001 519 1031 578 οί
1044 513 1076 579 δὲ
1089 516 1195 601 ἔβαλον
1208 513 1301 581 αύτὸν
1314 519 1351 590 εἰς

110 614 178 666 θεῖν
192 596 286 664 αὐτόν
298 601 371 673 ἔσω,
397 600 447 661 καί
460 596 545 662 εἶπεν.
571 599 612 662 λδε
625 597 661 681 δὴ
674 596 709 661 τό
750 598 803 663 τὸν
815 594 926 664 λάκκον
937 602 999 663 τῶν
1017 594 1157 672 λεόντων,
1183 600 1234 660 καὶ
1249 591 1281 659 ςν
1294 601 1355 662 ἐκεῖ

111 685 232 764 ἐδαφος,
246 683 297 744 καὶ
308 686 404 758 γνῶθι
422 680 548 755 τίνοςτόι
561 681 623 764 ἴχνη
636 685 711 745 ταῦ·
750 681 859 767 ἡμέρας
876 687 918 759 ἕξ.
950 683 979 722 ³²
998 674 1075 764 ἦσαν
1092 679 1124 744 δὲ
1142 684 1172 744 ἐν
1189 684 1233 760 τῷ
1247 625 1351 762 λάκκῳ

110 793 159 831 τα.
187 767 218 808 ²⁰
230 766 282 827 καί
295 761 400 828 εἶπενὸ
412 759 556 849 βασιλεύς.
597 760 660 870 όρῶ
673 759 711 827 τά
751 764 829 828 ἑπτά
842 765 966 838 λέοντες,
992 765 1042 827 καλ
1055 764 1169 828 ἐδίδοτο
1182 760 1286 835 αὐτοῖς
1299 759 1352 844 τὴν

111 851 125 912 ί
139 874 172 932 νη
186 845 313 927 ἀνδρῶν,
339 849 556 923 καὶγυναικῶν,
578 872 629 911 και
640 871 712 911 παι-
750 845 858 933 ἡμέραν
871 845 925 912 δύο
937 842 1062 930 σώματα
1071 848 1122 911 καὶ
1131 841 1185 910 δύο
1199 840 1351 930 πρόβατα.

111 876 189 997 άίων.
215 932 266 994 καὶ
284 930 431 1012 ὀργισθείς
444 927 461 993 ό
478 925 613 1016 βασιλεύς
624 925 710 994 21τό·
749 926 816 996 τότε
829 928 862 995 δὲ
875 928 931 995 οὐκ
946 928 1041 1012 ἐδόθη
1055 928 1170 1003 αὐτοῖς,
1194 931 1245 992 ’ίνα
1257 952 1352 992 κατα-

112 1041 142 1080 τε
153 1009 292 1098 συνέλαβε
303 1011 371 1087 τοὺς
382 1018 473 1097 ἱερεῖς,
487 1013 538 1076 καὶ
546 1011 600 1086 τὰς
608 1023 710 1089 γυναῖ-
749 1009 868 1094 φάγωσι
882 1010 935 1079 τόν
948 1010 1071 1095 Δανιὴλ.
1097 1013 1182 1076 33καί
1193 1000 1351 1096 ἧνἈμβα·

110 1125 174 1173 κας,
187 1095 288 1160 καὶτὰ
301 1091 392 1160 τέκνα
405 1093 517 1170 αὐτῶν,
541 1097 591 1159 καί
604 1096 712 1171 ἔδειξαν
748 1098 825 1179 κοὺμ
838 1095 855 1162 ό
867 1090 1024 1183 προφήτης
1035 1099 1066 1160 ἐν
1078 1098 1116 1191 τῇ
1125 1092 1277 1176 Ἰουδαίῳ,
1301 1093 1353 1157 καί

112 1179 197 1262 αὐτῷ
209 1173 262 1251 τάς
273 1178 405 1263 κρυπτὰς
417 1174 524 1282 θύρας,
538 1177 572 1241 δι’
590 1172 632 1242 ὦν
646 1181 709 1251 είςε·
749 1177 842 1254 αὐτὸς
854 1175 970 1263 ἥψησεν
987 1184 1097 1263 ἕῳεμα,
1122 1179 1173 1242 καί
1185 1179 1352 1261 ἐνέθρυψεν

110 1257 290 1345 πορεύοιτο,
312 1262 362 1325 καί
374 1263 534 1325 ἐδαπανων
546 1259 586 1324 τὰ
598 1262 649 1325 ἐπὶ
660 1265 711 1342 τῆς
749 1260 857 1366 άρτους
869 1267 908 1337 εἰς
922 1257 1055 1344 σκάφην,
1079 1261 1131 1325 καί
1144 1254 1301 1344 ἐπορεύετο
1313 1262 1352 1333 είς

111 1343 268 1429 τραπέζης.
294 1344 384 1407 22καί
408 1339 576 1408 ἀπέκτεινεν
601 1341 712 1418 αὐτούς
748 1371 786 1409 το
802 1346 906 1411 πεδίον
929 1345 1088 1422 άπενέγκαε
1109 1354 1173 1418 τοῖς
1190 1352 1351 1427 θερισταῖς.

111 1426 129 1492 5
140 1425 290 1512 βασιλεὺς,
312 1429 363 1490 καὶ
375 1426 465 1490 ἐδωκε
477 1425 531 1489 τόν
543 1425 614 1510 Βὴλ
627 1426 712 1490 ἐίιδο-
749 1428 781 1470 ³⁴
793 1429 845 1492 καί
857 1426 934 1493 εἶπεν
947 1423 964 1493 5
977 1426 1102 1507 άγγελυς
1114 1432 1217 1512 κυρίου
1228 1430 1272 1506 τῷ
1280 1423 1353 1508 Ἀμ-

111 1513 219 1592 τοντῴ
230 1506 358 1591 Δανιὴλ,
371 1509 629 1594 καλκατέστρεφεν
655 1507 711 1573 ab·
748 1506 872 1597 βακούμ.
903 1510 1052 1590 ’ἀπένεγκε
1063 1511 1100 1576 τό
1115 1504 1271 1596 άριστονδ
1283 1510 1354 1592 ἔχεις

109 1591 164 1658 τὸν
175 1593 226 1655 καὶ
239 1589 272 1656 τό
288 1590 366 1677 ἱερόν
379 1591 484 1656 αὐτοῦ.
497 1593 578 1656 23καί
590 1582 626 1676 ἦν
638 1592 712 1677 δρά-
750 1598 788 1669 είς
800 1594 972 1681 Βαβυλῶνα
983 1599 1026 1678 τῷ
1036 1592 1151 1679 Δανιὴλ
1163 1598 1200 1668 είς
1211 1591 1265 1657 τόν
1278 1591 1353 1655 λάκ·

110 1703 170 1740 κων
182 1677 283 1780 μέγας,
294 1678 345 1740 καί
354 1678 488 1760 ἐσέβοντο
498 1672 594 1740 αὐτὸν
605 1678 712 1740 οἱΒα-
749 1684 876 1743 κοντῶν
889 1674 1027 1744 λεόντων.
1056 1679 1085 1721 ³⁵
1093 1679 1145 1742 καί
1157 1673 1354 1760 είπενἈμβα-

108 1759 257 1845 βυλωνιοι.
296 1758 384 1823 24καὶ
398 1756 476 1823 εἶπεν
489 1755 507 1822 ό
519 1757 656 1843 βασιλεὺς
668 1761 713 1840 τῷ
749 1756 833 1843 κούμ.
859 1759 894 1825 κύ
915 1787 938 1825 ιε
956 1762 1131 1847 Βαβυλῶνα
1150 1759 1203 1843 οὐχ
1222 1755 1351 1842 ἑώρακα,

108 1837 231 1926 Δανιὴλ.
244 1840 284 1926 μὴ
297 1842 348 1905 καὶ
366 1845 474 1906 τοῦτον
485 1843 567 1925 ἐρεῖς,
580 1837 628 1905 ότι
639 1840 712 1925 χαλ·
749 1844 800 1907 καί
821 1841 874 1909 τόν
896 1788 1007 1909 λάκκον
1030 1842 1066 1908 ού
1083 1838 1228 1922 γινώσκω.
1257 1841 1288 1883 ³⁶
1302 1841 1354 1905 καὶ

108 1927 176 2000 κοῦς
189 1929 285 2002 ἐστινς
313 1922 378 1988 ἰδού
401 1926 445 2001 ζῆ,
459 1926 510 1988 καὶ
533 1927 636 1998 ἐσθίει,
663 1925 713 1988 καί
750 1923 909 2013 ἐπελάβετο
929 1924 1085 2005 όάγγελος
1107 1931 1211 2011 κυρίου
1230 1927 1282 2008 τῆς
1299 1948 1354 1988 κο·

108 2014 191 2073 πίνει.
219 2005 255 2072 ού
265 2003 390 2073 δύνασαι
400 1996 554 2082 είπεῖν,ό’τι
568 2005 623 2072 ούκ
635 2010 713 2072 ἐστιν
750 2014 844 2095 ρυφῆς
858 2010 964 2089 αὐτοῦ,
975 2012 1026 2074 καί
1034 2004 1187 2096 βαστάσας
1200 2013 1251 2111 τὴς
1264 2001 1354 2090 κόμης

109 2083 200 2165 οὗτος
213 2088 284 2164 θεός
296 2093 362 2169 ζῶν,
375 2095 426 2155 καὶ
436 2088 644 2178 προςκύνησον
657 2088 724 2158 αύ-,
750 2097 802 2175 τὴς
820 2095 950 2178 κεφαλὴς
967 2093 1062 2158 αὐτοῦ
1082 2095 1185 2177 έθηκεν
1202 2088 1298 2157 αυτόν
1314 2093 1354 2164 ελς

108 2177 162 2255 τῷ.
186 2175 215 2213 ²⁵
221 2173 272 2234 καὶ
282 2173 343 2236 εἷπε
355 2169 476 2256 Δανιὴλ.
489 2180 580 2255 κυρίῳ
593 2179 636 2255 τῷ
650 2178 713 2254 θεῷ
749 2177 922 2262 Βαβυλῶνα
938 2174 1041 2240 ἐπάνω
1054 2181 1109 2241 τοῦ
1122 2172 1245 2250 λάκκου,
1263 2175 1353 2254 ἐντῷ

131 2282 166 2320 ου
179 2281 203 2319 π
222 2250 381 2329 οςκυν’σω,
404 2252 451 2317 ὅτι
464 2247 554 2328 οὗτός
568 2259 630 2319 ἐστι
642 2255 714 2328 θεὸς
750 2261 838 2362 ῥοίζῳ
862 2263 917 2322 τοῦ
937 2254 1103 2340 πνεύματος
1125 2256 1229 2320 αὐτοῦ.
1260 2256 1289 2296 ³⁷
1301 2255 1354 2319 καί

108 2284 174 2413 λῶν,
221 2333 285 2399 θσό
305 2280 337 2399 δὲ
355 2335 476 2422 βασιλεῦ
492 2334 542 2409 δός
558 2361 609 2417 μοι
628 2339 711 2412 ἐξου-
750 2335 868 2426 εβόησεν
887 2337 1074 2442 Ἆμβακούμ,
1108 2339 1210 2416 λέγων.
1237 2335 1353 2401 Δανι“λ

109 2426 194 2494 σίαν,
217 2421 268 2483 καλ
280 2416 435 2483 ἀποκτενῶ
446 2417 500 2483 τὸν
513 2416 662 2504 δράκοντα
674 2418 713 2484 δι’·
750 2421 876 2504 Δανιὴλ,
888 2424 960 2509 λαβε
972 2419 1010 2486 τὸ
1027 2421 1150 2507 ἄριστον
1167 2419 1186 2486 ό
1198 2363 1355 2485 ἀπέστειλέ

108 2528 156 2568 νευ
168 2507 314 2607 μαηαίρας
326 2502 377 2566 καί
390 2500 511 2589 ῥάβδου,
536 2503 587 2565 καλ
601 2501 710 2567 ελπενό
749 2530 798 2568 σοι
810 2502 827 2569 5
839 2502 920 2580 θεός.
947 2506 978 2548 ³⁸
991 2507 1042 2571 καὶ
1054 2503 1116 2570 ελπε
1128 2503 1249 2588 Δανιὴλ.
1264 2498 1353 2586 ἐμνη-

106 2587 249 2672 βασιλιυς.
276 2585 380 2667 δίδωμί
404 2610 461 2649 σοι.
487 2586 517 2627 ²⁷
529 2587 581 2648 καὶ
605 2585 713 2672 ἔλαβεν
749 2598 827 2672 σθης
838 2586 897 2673 γάρ
910 2614 968 2672 μου
986 2585 1099 2663 όθεός,
1112 2591 1163 2652 καὶ
1176 2586 1232 2652 ούκ
1245 2591 1353 2663 ἐγκατ-

109 2667 251 2751 όΔανιὴλ
260 2674 369 2732 πίσσαν
378 2670 430 2732 καί
440 2670 531 2752 στέαρ
542 2669 592 2732 καὶ
600 2674 711 2755 τρίχας,
750 2670 845 2747 έλιπες
878 2671 950 2745 τοὺς
979 2667 1158 2749 ἀγαπῶντάς
1179 2696 1221 2736 σε.
1259 2670 1289 2711 ³⁹
1302 2670 1353 2733 καί

106 2754 158 2816 καί
181 2750 295 2834 ἥψησεν
320 2747 493 2815 έπιτοαυτό.
520 2753 572 2816 καὶ
589 2756 712 2834 ἐποίησε
749 2752 879 2830 ἀναστάς
891 2753 1005 2838 Δανιὴλ
1021 2757 1138 2837 ἔφαγεν.
1154 2752 1215 2820 όδέ
1229 2751 1352 2830 άγγελος

105 2830 208 2918 μάζας.
234 2835 285 2898 καί
305 2835 412 2899 ἐδωκεν
430 2838 469 2909 εἶς
486 2833 524 2899 τὸ
543 2831 638 2917 στόμα
655 2840 711 2900 τοῦ
747 2841 803 2902 τοῦ
813 2842 888 2902 θεοῦ
897 2834 1112 2923 άπεκατέστηοε
1121 2835 1175 2903 τόν
1182 2832 1353 2923 Ἀμβακούμ

107 2913 337 2999 δράκοντος,καλ
345 2913 450 2999 φυγάν
460 2915 596 3024 διερράγη
608 2915 626 2982 5
637 2917 710 3003 δρά-
746 2925 930 3005 παραχρῆμα
943 2926 981 2997 εἲς
992 2921 1047 2987 τόν
1058 2916 1155 2987 τόπον
1168 2920 1272 2987 αὐτοῦ.
1295 2914 1351 2983 ⁴⁰5

106 3027 175 3064 κων.
202 3002 253 3065 καὶ
269 2999 356 3066 εἶπεν.
395 3001 467 3066 ἴδετε
484 3026 524 3064 τα
538 2999 710 3087 σεβάσματα
747 3002 779 3068 δὲ
791 3003 927 3090 βασιλεύς
938 2992 1015 3089 ἦλθε
1031 3010 1070 3110 τὴ
1087 3002 1232 3096 ύμέρᾳτῇ
1244 2998 1353 3094 ἑβδόμη

107 3081 196 3162 ὑμῶν.
225 3086 255 3127 ²⁸
267 3088 318 3150 καί
331 3087 457 3161 ἐγένετο,
482 3080 523 3158 ὥς
536 3083 666 3169 ἤκουσαν
679 3089 710 3151 σί
747 3092 898 3171 πενθῆσαι
910 3085 964 3153 τὸν
975 3077 1105 3174 Δανιὴλ,
1118 3090 1169 3153 καί
1182 3089 1277 3171 ἦλθεν
1303 3085 1353 3149 ἐπί

107 3163 311 3251 Βαβυλώνιοι,
336 3165 543 3251 ἠγανάκτησαν
567 3167 635 3236 λίαν
659 3171 710 3234 καί
747 3169 799 3235 τόν
817 3165 947 3249 λάκκον,
972 3174 1024 3237 καὶ
1036 3168 1180 3298 ἐνέβλεψε.
1206 3172 1258 3237 καὶ
1271 3164 1351 3246 ἰδού,

106 3247 347 3335 συνεστράφησαν
365 3251 418 3314 ἐπί
429 3251 483 3317 τόν
500 3251 633 3338 βασιλέα,
658 3253 710 3317 καί
746 3253 861 3339 Δανιὴλ
873 3251 1048 3340 καθήμενος.
1098 3260 1171 3321 1καί
1183 3249 1353 3340 ἀναβοήσας

105 3333 202 3399 εἶπαν.
226 3334 373 3408 Ἰουδαῖος
391 3338 507 3412 γέγονεν
524 3336 542 3399 ό
559 3334 709 3483 βασιλεὺς,
746 3343 834 3421 φωνῆ
861 3334 973 3423 μεγάλη
1005 3338 1074 3403 εἶπε.
1098 3335 1191 3418 μέγας
1204 3333 1277 3401 ελκύ
1297 3335 1352 3398 ιεὸ

104 3415 158 3482 τόν
171 3417 240 3502 Βὴλ
253 3421 421 3483 κατέσπασε
433 3419 547 3482 καὶτὸν
577 3417 710 3503 ράκοντα
745 3409 821 3493 θεὸς
830 3425 886 3483 τοῦ
898 3411 1019 3504 Δαύιὴλ,
1038 3420 1090 3483 καί
1100 3418 1155 3483 οὐκ
1167 3422 1249 3483 ἐστιν
1260 3361 1351 3491 ἄλλος

105 3497 270 3574 ἀπέκτεινε,
288 3497 423 3571 καὶτοὺς
436 3504 518 3582 ἱερεῖς
532 3503 710 3580 κατέσφαξε,
745 3500 824 3584 πλὴν
837 3505 900 3565 σοῦ.
926 3501 958 3542 ⁴²
970 3504 1021 3565 καί
1034 3504 1160 3565 ἔσπασεν
1172 3499 1273 3574 αὐτόν,
1281 3498 1351 3574 τοὺς

105 3582 135 3623 ²⁹
148 3584 199 3644 καί
212 3581 297 3644 εἶπαν
314 3574 453 3653 ἐλθόντες
469 3579 547 3664 πρὸς
559 3582 613 3646 τὸν
624 3586 711 3667 βασι·
744 3584 776 3648 δὲ
788 3587 901 3656 αέτίους
913 3587 965 3666 τῆς
976 3581 1125 3658 άπωλείας
1138 3580 1234 3648 αὐτοῦ
1247 3576 1351 3669 ἐνέβα-

105 3662 168 3727 λέα.
193 3659 330 3748 παράδος
342 3658 408 3745 ἡμῖν
421 3661 475 3727 τόν
488 3663 614 3748 Δανιὴλ,
640 3669 665 3728 ελ
677 3664 708 3728 δέ
744 3665 793 3731 λεν
806 3669 845 3740 ελς
854 3662 909 3729 τόν
918 3666 1041 3742 λάκκον,
1051 3668 1103 3731 καί
1114 3663 1351 3754 κατεβρώθησαν

103 3744 162 3831 μὴ,
189 3744 409 3826 ἀποκτενοῦμεν
422 3770 469 3821 σε,
494 3749 545 3811 καί
557 3747 612 3812 τὸν
624 3745 709 3811 οἶκόν
744 3752 927 3834 παραχρῆμα
939 3745 1069 3814 ἐντόπιον
1081 3746 1188 3815 αὐτοῦ.

105 3856 169 3895 σου.
197 3831 279 3894 30καί
291 3826 363 3895 εἶδεν
377 3827 395 3892 ὁ
407 3826 554 3914 βασιλεὺς,
569 3826 615 3895 ὅτι
628 3834 707 3896 ἐπεί-
