2924 4972
185 239 560 307 ΜΑιειεΑυΑιαιν
580 240 842 302 mmm
881 242 958 316 xav-
972 232 1012 313 ς’.
1030 231 1068 314 ζ’.
1081 236 1112 304 6.
1125 238 1157 304 7.
1242 235 1306 304 ουτ

60 363 90 403 ²⁶
103 365 128 424 εί
144 356 204 442 γὰρ
221 359 271 422 καί
291 357 342 418 ἐπὶ
359 358 414 418 τοῦ
432 352 585 438 παρόντος
603 355 664 429 ἐξε·
695 357 733 444 τῇ
748 354 839 438 μητρί
850 358 989 431 γενναίως
1001 352 1153 435 τελευτᾷν,
1175 352 1308 431 λέγοντες

59 444 169 524 λοῦμαι
188 442 242 523 τῆν
265 439 297 513 ἐξ
314 432 489 520 ἀνθρώπων
510 442 664 519 τιμωρίαν,
697 435 802 512 οὕτως.
830 432 877 500 ὃό
897 432 998 520 κύριος
1017 435 1034 499 ό
1051 433 1122 510 θεὸς
1140 440 1238 523 ἐφορᾷ
1258 441 1310 502 καλ

60 527 140 591 ἀλλὰ
158 524 213 597 τὰς
231 526 286 585 τοῦ
303 515 551 605 παντοκράτορος
586 532 665 604 εῖρας
696 531 763 594 ταῖς
786 517 942 603 ἀληθείαις
963 517 1008 599 ἐφ’
1027 515 1097 601 ἡμῖν
1122 520 1308 605 παρακαλεῖ·

61 610 131 675 οὔτε
143 608 202 682 ζῶν
214 603 283 669 ούτε
293 604 464 669 ἀποθανὼν
477 545 664 685 ἐκφεύάομαι.
696 629 757 678 ται,
771 600 911 685 καθάπερ
925 601 974 667 διά
988 606 1039 686 τῆς
1050 601 1129 665 κατὰ
1143 599 1307 687 πρόςωπον

61 696 89 736 ²⁷
102 687 205 773 διόπερ
219 687 359 773 ἀνδρείως
375 686 427 769 μὲν
440 691 492 753 νῦν
506 684 666 761 διαλλάξας
696 682 972 772 ἀντιμαρτυρούσης
1022 686 1101 768 ᾠδῆς
1150 681 1308 770 διεσάφησε

60 773 114 839 τὸν
126 776 206 859 βίον,
231 777 288 837 τοῦ
300 769 352 853 μὲν
364 768 462 854 γῆρως
476 768 559 845 ἀξιος
572 767 666 853 φανῆ-
698 776 845 853 Μωυσῆς,
859 770 970 845 λέγων,
984 770 1038 833 καὶ
1050 769 1099 832 ἐπὶ
1110 780 1175 842 τοῖς
1187 765 1307 844 δούλοις

61 882 167 940 σομαι,
206 857 237 898 ²⁸
250 868 314 929 τοῖς
341 854 373 918 δὲ
402 848 478 928 νέοις
504 851 667 935 ὑπόδειγμα
697 849 794 917 αύτοῦ
816 851 1092 938 παρακληθῆσεται.
1133 854 1146 895 ⁷
1158 848 1305 934 μεταλλά-

61 935 533 1016 γενναῖσνκαναλελοιπώς,εῖςτὸ
546 932 668 1021 προθύ-
698 937 806 1011 ξαντος
828 936 861 1000 δὲ
883 940 939 1000 τοῦ
962 932 1088 1020 πρώτου
1110 934 1164 1001 τὸν
1191 931 1305 1020 τρόπον

61 1050 123 1106 μως
142 1026 193 1088 καί
216 1026 354 1101 γενναίως
374 1017 449 1103 ὑπὲρ
472 1024 534 1084 τιῦν
555 1025 667 1103 σεμνῶν
698 1023 819 1093 τοῦτον,
832 1019 887 1084 τὸν
912 1015 1052 1105 δεύτερον
1076 1008 1152 1104 ῆγον
1178 1021 1228 1082 ἐπί
1253 1015 1307 1084 τόν

62 1109 112 1172 καί
125 1103 221 1183 ἆγίων
235 1100 334 1187 νόμων
347 1101 596 1179 ἀπευθανατίζειν.
615 1128 666 1167 το-
700 1099 872 1185 ἐμπαιγμόν.
893 1102 992 1168 καὶτὸ
1006 1107 1060 1187 τῆς
1073 1101 1201 1186 κεφαλῆς
1213 1102 1308 1185 δέρμα

62 1195 162 1254 σαῦτα
170 1187 207 1270 δὲ
220 1186 321 1260 εἰπὼν,
341 1186 391 1249 ἐπὶ
403 1182 440 1249 τό
455 1181 607 1267 τύμπανον
620 1184 668 1250 εῦ-
699 1182 753 1250 ούν
775 1197 841 1260 ταῖς
852 1187 936 1271 θριξὶ
956 1184 1176 1271 περισύραντες,
1187 1181 1307 1270 ἐπηρεά-

61 1267 143 1345 θέως
166 1269 252 1352 ἦλθε.
277 1271 308 1312 ²⁹
321 1272 382 1333 ταῖν
403 1267 436 1333 δὲ
459 1264 597 1345 ἀγόντων
616 1268 669 1372 τῆν
699 1293 775 1344 των,
801 1273 826 1333 εί
838 1265 965 1348 φάγεσαι
983 1269 1044 1354 πρὸ
1057 1274 1115 1334 τοῦ
1133 1271 1307 1372 τιμωρηθῆ-

62 1359 156 1438 μικρῷ
169 1349 316 1438 πρότερσν
330 1347 476 1434 εόμένειαν
487 1350 564 1437 πρός
577 1350 670 1417 αάτσν
698 1376 746 1416 ναι
758 1350 795 1415 τό
810 1356 897 1435 σῶμα
908 1350 986 1417 κατά
998 1351 1086 1432 μέλος
1093 1381 1105 1429 ,·
1128 1353 1168 1416 ⁸0
1182 1351 1214 1417 δὲ
1226 1376 1307 1417 απο-

62 1442 101 1511 είς
127 1432 293 1519 δυςμίνειαν
319 1429 547 1582 μεταρῖρλόντων
559 1433 609 1500 διά
631 1434 668 1501 τὸ
698 1435 811 1519 κριθείς
823 1438 862 1522 τῆ
880 1440 999 1519 πατρίῳ
1012 1439 1097 1517 φωνᾷ
1115 1433 1203 1510 εἶπεν,
1229 1430 1307 1517 ούχί.

62 1519 134 1593 τοὺς
146 1513 373 1604 προειρημένους
415 1513 513 1594 ’γους,
527 1515 568 1593 ὡς
581 1515 671 1583 αῦτολ
699 1515 802 1605 διόπερ
822 1518 874 1583 καί
891 1510 980 1592 οὗτος
997 1515 1052 1600 τῆν
1069 1507 1135 1600 ἐξῆς
1147 1517 1237 1604 ἔλαβε
1251 1513 1308 1602 (λά-

63 1599 266 1705 διελάμρλανον,
280 1597 427 1667 ἀπόνοιαν
440 1626 453 1664 ε
467 1625 529 1675 ναι,
555 1602 586 1645 ³⁰
598 1600 670 1684 pile
700 1623 799 1677 οανον,
819 1599 865 1676 ’ὡς
879 1596 896 1666 ό
908 1605 1039 1687 πρῶτος.
1078 1602 1094 1643 ⁹
1108 1604 1140 1666 ἐν
1154 1599 1263 1692 ἐσχάτη
1276 1598 1309 1665 δι’

63 1687 124 1750 λων
141 1687 173 1750 δε
189 1698 255 1760 ταῖς
272 1685 401 1768 πληγαῖς
419 1683 572 1766 τελευτᾷν,
598 1683 670 1750 ἀνο-
699 1688 777 1767 πνοῆ
801 1680 952 1766 γενόμενος
981 1683 1051 1749 εἶπε.
1089 1683 1128 1748 σύ
1151 1682 1204 1764 μὲν
1229 1679 1308 1749 ἀλά-

64 1767 205 1845 στενάξας
220 1769 291 1834 εἶπε.
330 1773 373 1849 τῷ
391 1773 484 1852 κυρίῳ
501 1772 547 1850 τῴ
566 1764 620 1851 τῆν
634 1764 671 1832 ἀ·
702 1757 783 1851 στιόρ
797 1770 829 1832 ἐκ
842 1773 900 1832 τοῦ
912 1763 1064 1851 παρόντος
1076 1764 1151 1850 ἡμᾶς
1164 1769 1214 1870 ζᾷν
1227 1765 1307 1831 ἀπο-

63 1857 131 1931 γίαν
142 1857 252 1931 γνῶσιν
265 1855 362 1936 ἔχοντι
375 1845 501 1936 φανερόν
514 1854 603 1925 ἐστιν,
624 1847 671 1915 ότι
701 1848 786 1926 λύεις,
800 1847 818 1915 ὁ
831 1849 864 1915 δὲ
881 1855 939 1917 τοῦ
952 1851 1064 1932 κόσμου
1076 1849 1214 1935 βασιλευς
1225 1846 1308 1914 ἀπο-

64 1934 220 2019 δυνάμενσς
238 1933 431 2019 ἀπολυθῆναι
448 1935 503 1998 τοῦ
524 1928 671 2010 θανάτου,
701 1930 853 2009 θανόντας
871 1932 948 2034 ᾷμάς
967 1930 1043 2015 ὑπὲρ
1063 1939 1125 1999 τῶν
1142 1931 1237 1999 αὐτοῦ
1257 1928 1309 1998 νό-

66 2018 192 2104 σκληράς
206 2016 350 2102 ῦποφὲρω
367 2015 446 2082 κατά
465 2014 503 2082 τό
516 2018 602 2101 σῶμα
615 2016 672 2082 ἀλ·
701 2041 767 2098 μων
780 2021 819 2091 είς
831 2022 953 2082 αίωνιον
966 2015 1130 2103 ἀναβίωσιν
1144 2017 1220 2102 ζωῆς
1233 2014 1310 2102 ῆμυῖς

64 2100 191 2181 γηδόνας
206 2100 451 2181 μαστιγούμενος,
477 2103 556 2166 κατὰ
576 2098 673 2186 ψυχῆν
703 2096 872 2183 ἀναστῆσει.
910 2102 938 2144 ¹⁰
951 2099 1025 2184 μετά
1044 2100 1077 2166 δὲ
1094 2105 1203 2166 τοῦτον
1215 2099 1232 2165 ὁ
1245 2105 1309 2184 τρί-

64 2182 96 2247 δὲ
112 2179 204 2265 ῆδέως
217 2178 267 2245 διὰ
279 2182 336 2245 τὸν
355 2180 451 2245 αὐτοῦ
464 2182 560 2268 φόβον
574 2188 672 2247 ταῦτα
702 2207 756 2255 τος
767 2185 947 2259 ἐνεπαίζετο,
973 2187 1023 2247 καί
1036 2181 1090 2246 τ“ν
1106 2183 1247 2258 γλῶσσαν
1259 2186 1309 2246 αῖ-

64 2262 187 2348 πάσχω.,
209 2265 300 2326 31καὶ
316 2253 403 2336 ούτος
422 2253 476 2326 σύν
495 2268 602 2349 τοῦτον
619 2262 672 2327 τόν
701 2266 805 2346 τηθελς
816 2269 928 2348 ταχέως
939 2210 1099 2350 προέβαλε,
1121 2265 1173 2327 καί
1184 2263 1239 2338 τάς
1249 2273 1307 2346 χεῖ-

64 2345 180 2433 τρόπον
191 2341 384 2430 μετήλλαξεν,
398 2343 436 2408 ού
448 2343 538 2425 μόνον
550 2355 613 2420 τοῖς
625 2349 671 2409 νέ-
702 2370 756 2429 ρας
775 2344 932 2430 εὐθαρσῶς
949 2349 1117 2429 προέτεινε,
1142 2349 1166 2387 ¹¹
1179 2348 1230 2410 καί
1242 2370 1308 2423 γεν-

65 2456 124 2507 οις,
150 2428 230 2495 ἀλλά
247 2430 380 2502 καὶτοῖς
398 2427 548 2504 πλείστοις
565 2432 623 2493 τοῦ
641 2427 671 2492 ἐ-
702 2433 792 2503 ναίοις
814 2427 901 2495 εἶπεν.
927 2429 958 2505 ἐξ
980 2426 1113 2533 ούρανοῦ
1135 2432 1234 2495 ταῦτα
1257 2430 1306 2493 κε’-

64 2525 155 2589 θνους
167 2513 222 2578 τὸν
235 2514 345 2577 ἐαυτοῦ
356 2506 493 2611 θάνατρν
507 2507 672 2596 ὑπόδειγμα
702 2536 825 2612 ιρτημαι,
840 2514 892 2579 καί
912 2509 961 2577 διά
983 2537 1054 2617 τρυς
1077 2509 1174 2616 αὐτοῦ
1196 2507 1308 2593 νόμους

63 2592 268 2680 γενναιότητος
286 2598 337 2660 καὶ
361 2619 548 2679 μνημόσυνον
565 2597 672 2682 ἀρετῆς
702 2619 795 2680 υπερο
815 2600 961 2668 ὤταύτα,
973 2620 1024 2659 και
1035 2621 1099 2680 παρ
1122 2618 1218 2659 αυτου
1231 2598 1308 2659 ταῦ-

65 2676 246 2746 καταλιπιόν.
702 2703 741 2742 τα
753 2621 845 2743 πάλιν
858 2679 967 2754 ἐλπίζω
980 2684 1175 2759 κομίσασθαι.
1201 2673 1307 2751 12ιῖίςτε

109 2805 119 2838 ,
252 2767 285 2826 Κ
297 2766 327 2826 Β
341 2765 379 2825 (ί).
422 2766 452 2824 Ζ
458 2763 476 2824 ’.
702 2757 794 2826 αῦτόν
805 2759 860 2827 τόν
872 2761 996 2846 βασιλέα
1008 2761 1059 2825 καί
1070 2760 1142 2836 τούς
1155 2758 1209 2826 σύν
1222 2759 1307 2844 αύτῷ

65 2812 201 2932 Συνέβη
216 2844 248 2910 δὲ
267 2847 318 2909 καί
335 2844 414 2910 ἕπτά
434 2843 585 2924 ἀδελφούς
596 2844 670 2928 μετὰ
701 2841 924 2948 ἐκπλῆσσεσθαι
936 2841 991 2928 τῆν
1009 2848 1065 2910 τοῦ
1079 2850 1231 2910 νεανίσκου
1244 2863 1305 2926 ψυ-

63 2936 116 3016 τῆς
137 2930 247 3013 μητρὸς
261 2926 485 3011 συλληφθέντας
510 2924 670 3007 ἀναγκάζε-
700 2925 763 3011 χῆν,
776 2954 818 3003 ως
829 2931 860 2993 ἐν
873 2926 970 2994 οῦδενί
986 2923 1041 3003 τάς
1061 2923 1227 3011 ἀλγηδόνας
1246 2929 1306 2991 ἐτί-

64 3025 137 3080 σθαι
151 3012 210 3078 ὑπὸ
224 3015 281 3076 τοῦ
289 3011 431 3098 βασιλέως
443 3011 508 3079 ἀπὸ
520 3016 582 3078 τιόν
594 3012 670 3078 ἀθι-
701 3022 787 3076 θετο.
812 3013 839 3055 ¹³
853 3012 902 3076 καί
923 3008 1032 3077 τούτου
1053 3010 1086 3076 δὲ
1107 3008 1307 3092 μεταλλάξαν-

62 3103 158 3179 μίτων
171 3092 258 3161 ύείιον
275 3100 368 3180 κρειῦν
380 3092 588 3176 ἐφάπτεσθαι,
612 3091 669 3180 μά-
701 3120 767 3171 τος,
791 3092 846 3161 τόν
859 3098 1003 3179 τέταρτον
1017 3091 1156 3170 ὡςαύτως
1169 3087 1309 3181 ἐβασάνι-

64 3182 138 3256 στιξι
151 3182 202 3244 καὶ
215 3190 330 3265 νευραῖς
342 3182 544 3264 αἰκιζομένους.
564 3178 625 3256 2είς
637 3179 670 3246 δέ
702 3180 752 3255 ζον
764 3177 948 3261 αἰκιζόμενοι.
973 3178 1004 3233 ,14
1009 3180 1060 3244 καί
1071 3175 1221 3260 γενόμενος
1232 3175 1310 3262 πρὸς

64 3263 166 3330 αύτιῦν
189 3260 340 3344 γενόμενος
376 3259 546 3350 προῆγορος
573 3258 670 3340 οὕτως
701 3259 739 3326 τὸ
751 3262 892 3346 τελευτᾷν
905 3263 1003 3339 οὕτως
1015 3267 1080 3344 ἔφη.
1106 3260 1224 3346 αἱρετόν
1239 3282 1310 3342 μετ-

63 3353 129 3432 ὲφη.
148 3353 178 3414 τί
188 3347 299 3429 μέλλεις
312 3350 428 3432 ἐρωτᾷν
444 3348 495 3414 καί
505 3344 670 3434 μανθάνειν
703 3344 896 3412 αλλάοσοντα
920 3342 977 3410 ἀπ’,
987 3342 1161 3427 ἀνθρώπων
1179 3342 1235 3418 τὰς
1249 3339 1308 3407 ῦπό

36 3431 133 3514 ,παρ’
152 3430 250 3512 ῆιιοῦνς
270 3436 384 3510 ἕτοιμοι
395 3431 455 3512 γὰρ
469 3426 671 3511 ἀποθνῆσκον
702 3431 761 3491 τοῦ
779 3430 855 3491 θεοῦ
870 3424 1188 3511 προςδοκᾷνέλπίδας,
1213 3421 1308 3489 πάλιν

64 3509 148 3615 ἐσμὲν
172 3509 192 3596 ἢ
211 3513 407 3596 παραβαίνειν
429 3507 501 3584 τούς
525 3517 671 3615 πατρίους
703 3505 928 3592 ἀναστῆσεσθαι
943 3506 991 3573 ὑπ’
1007 3505 1110 3572 αύτσύ.
1125 3508 1172 3572 σοὶ
1183 3505 1237 3590 μὲν
1248 3503 1308 3590 γάρ

64 3621 80 3659 ν
120 3619 179 3669 ους.
206 3586 670 3679 3ἔκθομοςδὲγενόμενοςοβα-
702 3586 866 3665 ἀνάστασις
878 3595 918 3664 είς
931 3588 1007 3674 ζαῆν
1021 3589 1076 3656 οῦκ
1089 3592 1181 3657 ἐσται.
1207 3590 1308 3673 15ἐχο-

64 3620 159 3753 σύλλῦς
176 3676 339 3762 πρσςίταξε
355 3671 468 3752 τ’γανα
481 3675 533 3738 καὶ
544 3673 671 3821 λᾷλητας
701 3673 795 3755 μένας
818 3673 852 3740 δὲ
877 3670 932 3738 τόν
949 3677 1085 3756 πέμπτον
1108 3669 1308 3755 προςάγσντες

64 3763 222 3845 ἐκπυροῦν.
262 3757 352 3822 4τεόν
373 3700 406 3822 ἀὲ
423 3758 568 3840 ἔκπυρωθ
583 3781 669 3833 ντων,
701 3754 847 3846 ᾐκίζοντο.
883 3753 990 3821 ¹⁶50&
1013 3756 1091 3861 πρὸς
1115 3754 1210 3821 αύτὸν
1236 3754 1308 3821 ἰδιῦν

65 3846 245 3934 παραχρῆμα
253 3839 309 3906 τόν
321 3835 473 3922 γενόμενον
484 3838 585 3904 αῦτῶν
596 3865 669 3926 προ·
702 3837 788 3903 εἶπεν.
815 3841 953 3915 ἐξουσίαν
978 3843 1010 3905 ἐν
1032 3835 1209 3925 ανθριόποις
1234 3842 1308 3924 ἔχων

65 3926 176 4016 ῆγσρον
188 3926 349 4010 προςέταξε
360 3923 593 4005 γλωσσοτομεῖν,
618 3924 671 3989 καί
702 3920 842 4006 φθαρτὸς
854 3919 908 3997 ἀν,
933 3917 953 3986 ῦ
965 3923 1059 3998 θελεις
1073 3933 1177 3998 ποιεῖς.
1202 3918 1309 4006 μῆδό·

64 4016 333 4095 περισκυθίσαντας
345 4003 583 4092 ἀκρωτηριάζειν,
607 4011 670 4074 τῶν
701 4029 743 4068 κει
761 4004 794 4071 δὲ
812 4004 848 4070 τὸ
868 4008 953 4082 γένος
969 4002 1053 4089 ῆμιῦν
1072 4003 1132 4072 ῦπό
1157 4010 1216 4072 τοῦ
1234 4009 1309 4075 θεοῦ

65 4093 180 4157 λοιπῶν
191 4093 328 4173 ἀδελφῶν
337 4090 387 4155 καί
397 4093 449 4174 τῆς
457 4087 568 4174 μητρός
582 4114 669 4157 συνο-
702 4087 945 4170 καταλελεῖφθαι.
971 4091 998 4134 ¹⁷
1011 4087 1048 4155 σύ
1062 4087 1095 4154 δὲ
1108 4090 1309 4175 καρτίρει,καλ

66 4170 193 4255 ριόντων.
221 4175 400 4260 ίάηρηστον
426 4172 459 4238 δὲ
485 4173 580 4239 αὐτὸν
604 4183 668 4249 τοῖς
701 4167 807 4257 θεόρει
817 4167 857 4236 τό
869 4171 1020 4253 μεγαλεῖον
1032 4169 1129 4239 αῦτσῦ
1142 4167 1309 4257 κράτος,ιός

66 4258 146 4332 ὅλοις
170 4255 322 4339 γενόμενον
356 4255 485 4323 ἐκέλευσε
519 4259 556 4321 τ’
584 4260 669 4341 πυρᾷ
702 4253 736 4319 σὲ
748 4257 800 4320 καί
811 4253 848 4320 τό
860 4257 980 4362 σπέρμα
991 4281 1047 4322 σου
1056 4260 1214 4342 βασανίσω.
1228 4253 1305 4336 18με·

65 4336 220 4422 προςάγειν
233 4341 360 4419 ἐμπνουν
372 4342 423 4407 καί
435 4283 602 4422 τηγανίᾷειν.
615 4344 668 4424 τῆς
700 4337 740 4404 τά
753 4337 786 4403 δὲ
798 4342 907 4406 τοῦτον
921 4365 992 4423 ηγον
1004 4340 1060 4406 τὸν
1071 4343 1167 4412 ἕκτον,
1176 4337 1227 4402 καί
1238 4336 1309 4417 μίλ-

64 4424 95 4489 δέ
109 4422 231 4506 ἀτμίδος
243 4418 288 4501 ἐφ’
305 4420 405 4489 ἱκανόν
413 4421 598 4506 διαδιδοόσης
610 4425 669 4490 τοῦ
701 4420 764 4486 λων
790 4417 997 4507 ἀποθνῆσκειν
1030 4427 1095 4526 ἔφη.
1137 4418 1176 4503 μῆ
1202 4418 1308 4485 πλανιῦ

65 4504 203 4590 τηγάνου,
228 4499 376 4585 ἀλλήλους
400 4503 590 4593 παρεκάλουν
612 4505 667 4573 σύν
699 4500 806 4590 μάτην,
829 4503 908 4590 ἡμεῖς
930 4505 990 4592 γάρ
1011 4503 1044 4570 δι’
1067 4501 1191 4578 εαυτούς
1209 4506 1309 4568 ταῦτα

1245 4613 1309 4651 πα·
