2924 4972
169 211 232 271 σιν
337 270 340 276 Α
455 205 744 266 ινσοοτισε·
784 193 1178 285 Κεη.ιμ’.ιγ’.ω.ιο.«

170 285 622 309 ...h—*—

168 316 213 382 ὅτι
227 315 244 382 ὁ
258 317 327 392 θεὸς
341 318 487 402 ηῦφρανεν
506 315 619 390 αὐτοῦς
630 311 771 399 μεγάλως.
804 324 864 379 θον
888 314 969 401 πρὸς,
988 313 1042 379 τὸν
1063 315 1196 400 βασιλέα,
1210 314 1262 378 καί
1283 312 1360 396 μετὰ
1381 314 1417 380 τό

167 403 218 466 καί
234 405 267 464 αῖ
285 411 416 478 γυναῖκες
437 398 538 466 αὐτῶν
560 401 611 462 καί
630 395 773 463 τὰτέκνα
805 398 890 472 τελος
913 398 974 462 τῶν
1000 394 1114 482 ἡμερῶν
1148 392 1304 480 ᾐτησάμην
1329 396 1418 485 παρὰ

166 482 268 549 αὐτῶν
281 479 514 587 ηῦφράνθησαν,
540 484 589 545 καί
604 477 772 563 ᾀκοῦσθηίγ
804 485 860 545 τοῦ
869 481 1031 584 βασιλέως,
1045 483 1059 523 ⁷
1072 481 1123 545 καί
1132 471 1228 563 ᾀλθον
1241 484 1280 555 είς
1301 476 1418 566 Ἰερου-

167 566 331 654 εῦφροσυνη
345 563 575 650 ἒνἾερουσαλᾴμ
587 563 650 628 ἀπὸ
662 561 772 648 μακρό
805 564 913 648 σαλημ,
938 566 990 627 καί
1008 568 1120 647 συνῆκα
1138 567 1169 628 έν
1184 567 1223 653 τῇ
1241 569 1374 649 πονηρίᾳ
1394 558 1415 658 ᾗ

167 662 226 715 θεν.
253 651 287 693 ⁴⁴
300 652 352 714 καί
368 652 554 731 κατέστησαν
572 650 602 712 έν
619 652 659 740 τῇ
677 645 771 731 ίγμέρᾴ
805 650 943 730 ἐποίησεν
951 644 1089 745 Ἰολιασίβ
1101 651 1145 730 τῷ
1162 650 1276 731 Τωβίᾴ,
1289 653 1416 730 ποιῆσαι

166 737 258 815 ἐκείνη
271 732 380 817 άνδρας
397 731 447 795 ἐπὶ
460 735 520 796 τῶν
537 730 771 810 γαζοφυλακίων,
804 728 890 813 αὐτῷ
914 730 1136 810 γαζοφυλάκιον
1161 733 1193 794 ἓν
1219 727 1300 822 αῦλβ
1327 733 1413 796 οίκου

165 828 227 889 τοῖς
240 805 425 900 θησαυροῖς,
451 825 519 889 ταῖς
532 813 694 898 ἀπαρχαῖς,
721 815 773 877 καί
804 817 860 878 τοῦ
876 817 962 877 θεοῦ.
987 813 1068 877 11καί
1090 808 1224 897 πονηρόν
1246 838 1297 894 μοι
1319 811 1414 897 ἐφάνη

164 909 230 972 ταῖςΙ
244 894 388 974 δεκάταις,
402 899 528 972 καὶτοῖς
541 899 728 980 συνηγμένοις
741 902 771 962 ἐν
805 891 931 983 σφόδρα.
956 897 1008 960 καί
1025 897 1135 980 έβριφα
1151 891 1252 961 πάντα
1266 895 1306 960 τὰ
1325 895 1414 980 σκεύη

165 983 268 1056 αῦτοῖς
291 980 416 1066 άρχουσι
437 985 497 1045 τῶν
514 976 630 1045 πόλεων
653 979 772 1068 μερίδας
805 981 888 1044 οἴκου
904 984 1007 1065 Τωβία
1021 983 1084 1056 ἔξω
1097 977 1161 1043 άπὸ
1174 984 1229 1044 τοῦ
1239 980 1413 1060 γαζοφυλα-

163 1075 229 1139 τοῖς
244 1069 349 1150 ἱερεῦσι
362 1066 413 1128 καί
425 1074 488 1139 τοῖς
499 1070 649 1139 Λευίταις,
663 1060 710 1127 ότι
724 1061 771 1128 εῦ-
804 1068 880 1127 νίου.
906 1063 921 1105 ⁹
935 1063 986 1126 καὶ
1005 1061 1084 1139 εἶπα,
1110 1065 1162 1126 καί
1178 1057 1363 1146 ε’καθάρισαν
1374 1062 1414 1128 τὰ

164 1145 297 1235 φροοῦνη
310 1144 451 1212 ένἸσῦδα
464 1149 514 1210 ἐπί
530 1145 603 1222 τοῦς
617 1151 708 1232 ίερεῖς,
721 1148 772 1210 καί
804 1142 1018 1226 γαζοφυλάκια.
1074 1146 1125 1209 καί
1156 1147 1329 1229 ἐπέστρεψα
1355 1151 1416 1212 εἰιεῖ

164 1234 214 1298 ε’πί
229 1229 297 1307 τοὺς
308 1237 438 1304 Λευίτας
449 1229 521 1304 τοῦς
534 1232 672 1304 ἑστῶτας.
687 1230 772 1293 11καί
805 1229 892 1313 σκεῦη
909 1230 994 1294 οἴκου
1013 1232 1069 1312 τοῦ
1084 1232 1159 1292 θεοῦ
1175 1227 1229 1313 τᾴν
1247 1224 1344 1310 μάννα
1362 1232 1414 1296 καί

163 1313 313 1397 ἐφύλαξαν
332 1311 468 1395 φυλακάς
485 1317 562 1377 θεοῦ
579 1311 694 1387 αῦτῶν,
720 1314 772 1377 καί
804 1309 856 1376 τόν
868 1311 997 1398 λίβανον.
1034 1315 1063 1355 ¹⁰
1075 1313 1126 1376 καί
1138 1314 1228 1389 ἔγνων
1241 1308 1290 1377 ὅτι
1302 1315 1412 1400 μερίδες

164 1399 300 1478 φυλακάς
312 1400 365 1462 τοῦ
377 1399 576 1480 καθαρισμοῦ,
582 1397 633 1460 καί
646 1393 716 1470 τοὺς
732 1394 769 1479 ᾀ-
804 1400 866 1460 τῶν
877 1399 1012 1460 Λευιτῶν
1025 1394 1080 1460 οῦκ
1095 1392 1257 1497 ἐδόθησαν.
1271 1398 1324 1460 καί
1337 1395 1410 1477 ἐφό-

163 1483 280 1556 δοντας,
293 1483 344 1544 καί
356 1478 429 1553 τοὺς
440 1475 608 1563 πυλωρσῦς,
635 1476 675 1553 ῶς
687 1482 770 1543 ἐντο-
803 1503 899 1554 γοσαν
912 1476 1039 1583 ἆνᾴρεῖς
1050 1475 1144 1564 άγρόν
1157 1483 1263 1557 αυτοῦ,
1274 1483 1306 1543 σί
1318 1486 1410 1544 Λευῖ-

162 1563 214 1628 λαί
229 1564 333 1638 Δαυίδ,
348 1563 399 1626 καὶ
410 1560 566 1643 Σαλωμών
582 1565 649 1625 υἱοῦ
663 1559 769 1625 αὐτοῦ.
803 1586 853 1625 ται
866 1562 918 1627 καί
929 1566 960 1627 σί
970 1562 1092 1644 ᾀδοντες
1104 1566 1258 1638 ποιοῦντες
1267 1561 1302 1628 τό
1314 1568 1407 1650 ἔργον.

163 1643 258 1711 411δτι
283 1649 314 1711 έν
339 1643 458 1731 ἡμέραις
475 1645 574 1709 Δαυίδ
592 1641 689 1725 Ἀσάφ
714 1642 766 1709 ἀπ’
802 1647 827 1686 11
852 1648 904 1710 καί
928 1641 1110 1730 έμαχεσάμην
1134 1656 1199 1719 τοῖς
1223 1656 1409 1729 στρατηγοῖς,

164 1729 256 1815 ἇρχᾴς
274 1732 394 1813 πρῶτος
410 1732 470 1791 τῶν
488 1723 640 1810 ᾀδόντων,
666 1728 717 1792 καί
736 1723 770 1791 ῦ-
803 1730 852 1792 καί
866 1728 946 1793 εἶπα.
967 1724 1016 1794 διά
1028 1734 1060 1793 τί
1070 1727 1281 1812 ἐγκατελείφθη
1298 1726 1409 1805 όοῖκος

163 1839 236 1896 μνον
249 1814 299 1877 καί
313 1814 474 1893 αίνεσιντῷ
490 1814 563 1893 θεῷ.
602 1812 634 1853 ⁴⁷
646 1811 697 1874 καί
709 1815 770 1886 πᾶς
804 1815 857 1876 τοῦ
870 1816 949 1877 θεοῦ
954 1841 967 1890 ,·
991 1813 1042 1875 καί
1054 1809 1220 1889 συνήγαγον
1233 1811 1410 1888 αῦτοῦς,καί

163 1895 284 1998 Ἰσραᾴλ
298 1899 329 1960 έν
345 1892 464 1978 ἡμέραις
484 1888 655 1980 Ζοροβάβελ
675 1896 726 1958 καί
740 1899 770 1958 ἐν
803 1895 913 1978 έστησα
931 1893 1042 1969 αῦτοῦς
1058 1897 1109 1959 ἐπί
1127 1899 1165 1979 τῇ
1177 1890 1279 1961 στάσει
1297 1895 1407 1961 αῦτῶν.

163 1992 229 2053 ταῖς
245 1980 365 2063 ημέραις
377 1981 523 2060 Νεεμίου,
550 1975 678 2050 διδόντες
689 1983 770 2062 μερί-
802 1980 829 2017 ¹²
842 1979 893 2041 καί
905 1973 1074 2053 πᾶςἸοῦδα
1086 1976 1206 2060 ἤνεγκαν
1216 1976 1339 2062 δεκάτην
1351 1985 1409 2044 τοῦ

164 2063 218 2136 δας
235 2067 295 2125 τῶν
312 2055 447 2143 ᾀδόντων
468 2061 520 2124 καί
537 2064 598 2124 τῶν
613 2059 769 2144 πυλωρῶν,
802 2064 903 2147 πυροῦ
916 2062 967 2125 καί
983 2065 1040 2125 τοῦ
1058 2061 1141 2124 οἴνου
1159 2063 1211 2125 καί
1228 2067 1285 2127 τοῦ
1305 2062 1409 2127 ἐλαίου

164 2141 254 2221 λόγον
268 2141 377 2229 ᾀμέρας
390 2147 420 2208 ἓν
433 2140 527 2228 ᾀμίρᾴ
542 2141 646 2218 αὐτοῦ,
668 2144 719 2207 καί
732 2139 770 2206 ῦ-
802 2147 840 2217 είς
858 2141 930 2218 τοὺς
942 2142 1122 2229 θησαυροὺς
1145 2144 1173 2186 ¹³
1186 2147 1236 2209 ἐπί
1253 2153 1408 2230 χεῖραἜε-

163 2223 307 2309 Ινιάζοντες
321 2238 384 2301 τοῖς
396 2232 545 2300 Λευίταις,
572 2227 767 2290 καίοῖΛευῖ-
802 2225 887 2309 λεμία
912 2231 967 2290 τοῦ
994 2228 1101 2313 ἱερέως,
1139 2228 1192 2291 καί
1215 2228 1328 2293 Σαδιδκ
1351 2232 1410 2295 τοῦ

164 2336 213 2376 ται
227 2307 392 2389 άγιάζοντες
404 2321 468 2384 τοῖς
480 2313 555 2382 υἱοῖς
564 2305 692 2395 Ἀαρών.
801 2313 1006 2395 γραμματέως,
1031 2312 1083 2374 καί
1110 2310 1234 2376 Φαδαία
1258 2310 1323 2376 σἰπό
1348 2318 1410 2377 τῶν

192 2401 205 2428 ⁰
345 2398 469 2457 ΚΕΦ.
514 2387 582 2456 [F.
801 2397 945 2457 Λευιτῶν.
972 2394 1024 2458 καί
1041 2395 1092 2458 ἐπί
1108 2405 1191 2480 χεῖρα
1209 2392 1410 2460 αῦτῶνἍνδιν

76 2548 82 2556 ,
165 2446 214 2542 Ε
219 2505 234 2543 ν
251 2483 291 2560 τῆ
313 2475 406 2563 ἡμέρᾳ
426 2478 519 2567 ε’κείνη
541 2471 716 2560 ἀνεγνώσθη
739 2476 770 2539 ἒν
803 2472 865 2551 υίὸς
878 2474 1018 2563 Ζακχοῦρ
1037 2475 1101 2552 υἱός
1115 2484 1334 2554 Ματθαναίου,
1360 2475 1408 2544 ῦτι

161 2551 402 2649 βιβλίῳΜωυση
420 2565 451 2626 έν
468 2557 525 2624 ὠσί
539 2564 593 2624 τοῦ
605 2560 691 2623 λαοῦ.
718 2560 770 2622 καί
801 2561 904 2624 πιστοί
921 2560 1121 2644 ἐλογίσθησαν
1141 2559 1185 2625 ἐπ’
1205 2558 1315 2637 αῦτοῦς
1327 2568 1409 2647 μερί·

163 2645 271 2730 εὑρέθη
295 2646 491 2729 γεγραμμένον
516 2646 547 2706 έν
572 2640 666 2725 αῦτῷ,
686 2638 769 2717 ὅπως
802 2645 858 2718 ζειν
870 2653 933 2716 τοῖς
946 2640 1083 2725 ἀδελφοῖς
1096 2643 1204 2709 αὐτῶν.
1231 2641 1408 2750 11μνᾴσθη-

159 2728 201 2810 μᾴ
221 2728 388 2801 εἰςελθωσιν
407 2726 581 2806 Ἀμμανῖται
598 2727 648 2788 καί
666 2733 769 2790 Μωα-
802 2733 833 2789 τί
843 2750 899 2806 μου
913 2721 930 2789 ό
943 2725 1015 2801 θεὸς
1026 2730 1057 2790 ἐν
1068 2722 1172 2810 ταῦτη,
1185 2729 1236 2791 καί
1245 2755 1284 2813 μη
1299 2728 1410 2805 ἐξαλει-

161 2815 242 2896 βῖται
272 2813 302 2871 ἐν
324 2810 462 2891 ἐκκλησίᾳ
485 2813 560 2871 θεοῦ
583 2812 638 2881 ἕως
651 2813 769 2884 αἰῶνος,
803 2805 913 2891 φθᾴτω
932 2806 1014 2883 ἐλεός
1030 2836 1089 2892 μου
1108 2808 1127 2874 δ
1144 2799 1271 2896 ’ἐποίησα
1287 2815 1317 2876 έν
1335 2813 1409 2895 οἴκῳ

163 2888 237 2955 2ότι
250 2889 287 2954 οῦ
301 2887 482 2974 συνήντησαν
494 2894 636 2964 τοῖςυίοῖς
646 2888 769 2976 Ἰσραὴλ
802 2897 904 2977 κυρίου
922 2897 977 2956 τοῦ
994 2897 1076 2959 θεοῦ.
1117 2895 1143 2936 ¹⁵
1157 2896 1188 2957 ἐν
1205 2904 1271 2969 ταῖς
1288 2892 1410 2978 ἡμέραις

161 2972 289 3058 ε’νάρτῳ
303 2975 354 3037 καί
372 2969 472 3045 ῦδατι,
498 2975 550 3036 καί
562 2969 768 3055 ἐμισθώσαντο
803 2979 922 3050 ἐκείναις
947 2974 1026 3041 είδον
1051 2979 1081 3039 ἐν
1108 2973 1209 3038 Ἰούδα
1233 2981 1409 3050 πατοῦντας

162 3054 206 3121 ἐπ’
237 3052 330 3121 αὐτὸν
355 3053 409 3118 τὸν
432 3053 568 3136 Βαλαὰμ
591 3054 768 3142 καταράσα-
802 3059 907 3142 ληνοὺς
920 3063 1007 3141 ἐντῷ
1018 3053 1170 3143 σαββάτῳ,
1195 3058 1247 3120 καί
1259 3057 1408 3139 φέροντας

162 3150 248 3214 σθαι,
274 3140 326 3201 καί
351 3136 563 3220 ἰπέστρεφενὸ
590 3138 661 3214 θεὸς
688 3137 768 3223 ἡμῶν
801 3139 958 3226 δράγματα
975 3139 1252 3220 καίέπιγεμᾴοντας
1269 3139 1320 3201 ἐπὶ
1332 3139 1408 3215 τοὺς

160 3221 215 3306 τὴν
232 3215 366 3305 κατάραν
384 3224 423 3295 εἰς
439 3217 583 3296 εὐλογίαν.
610 3222 624 3262 ³
637 3224 687 3285 καί
705 3225 769 3300 έγέ·
802 3225 889 3298 ὄνους
903 3224 954 3289 καί
967 3220 1046 3287 οίνον
1057 3222 1107 3284 καί
1120 3218 1274 3303 σταφυλᾴν
1285 3224 1338 3286 καί
1351 3227 1407 3286 σῦ-

162 3329 227 3371 νετο
238 3302 278 3381 ῶς
297 3303 428 3388 ἤκουσαν
445 3302 500 3368 τὸν
517 3299 616 3388 νόμον,
634 3306 683 3368 καί
695 3308 765 3390 ἔχω
802 3334 841 3370 κα
855 3309 906 3371 καί
917 3311 980 3371 πᾶν
997 3299 1170 3405 βάσταγμα,
1195 3306 1247 3369 καὶ
1260 3306 1409 3390 φέροντας

161 3397 317 3517 ρίσθησαν
337 3393 397 3464 πᾶς
418 3391 567 3471 έπίμικτος
589 3392 620 3453 έν
634 3386 767 3471 Ἰσραήλ.
802 3387 1043 3476 είςἹερουσαλᾴμ
1058 3389 1088 3452 ἰν
1106 3390 1200 3473 ημέρᾴ
1217 3391 1273 3453 τοῦ
1292 3386 1410 3475 σαββά-

196 3478 246 3540 καί
267 3473 329 3561 πρὸ
353 3467 464 3539 τοῦτου
478 3469 615 3561 Ἐλιασὶβ
639 3469 657 3537 ό
680 3469 768 3556 ίερεῦς
801 3498 863 3538 του.
904 3475 955 3537 καί
980 3467 1227 3559 ἐπεμαρτυράμην
1258 3473 1288 3535 ἐν
1312 3469 1408 3557 ἡμέρᾳ

162 3564 252 3624 οῖκῶν
265 3563 295 3623 ἐν
316 3557 526 3639 γαζοφυλακίῳ
543 3558 627 3621 οἴκου
641 3561 720 3621 θεοῦ
733 3554 769 3639 ἡ·
800 3550 938 3663 πράσεως
960 3555 1070 3622 αὐτῶν.
1099 3557 1128 3598 ¹⁰
1141 3557 1193 3619 καί
1213 3552 1356 3621 ἐκάθισαν
1376 3559 1407 3618 ἐν

161 3646 225 3723 μῶν
238 3646 343 3717 έγγιιῦν
361 3645 472 3742 Τωβία.
498 3642 512 3682 ⁵
526 3642 578 3704 καί
589 3642 725 3723 ἐποίησεν
737 3641 769 3722 ξ·
802 3644 879 3733 αυτβγ
892 3642 1030 3724 φέροντες
1044 3637 1137 3724 ἰχθῦν,
1151 3640 1201 3703 καί
1213 3643 1315 3704 πᾶσαν
1326 3640 1407 3718 προί-

163 3727 248 3805 αυτῶ
259 3722 479 3802 γαζοφυλάκιον
490 3725 573 3806 μέγα.
599 3724 650 3786 καί
663 3727 723 3787 ἐκεῖ
734 3721 769 3805 ἦ·
802 3750 846 3790 σιν
859 3722 1029 3797 πωλοῦντες
1041 3726 1086 3804 τῷ
1100 3717 1243 3869 σαββάτῳ
1255 3732 1318 3795 τοῖς
1331 3723 1408 3794 υἱοῖς

165 3829 222 3869 σαν
234 3801 380 3889 πρότερον
390 3801 515 3880 διδόντες
537 3803 591 3888 τὴν
605 3802 705 3887 μαναά
720 3807 769 3868 καλ
799 3803 900 3871 Ἰοῦδα
913 3807 963 3869 καί
978 3802 1154 3890 ένἹερουσα
1175 3801 1220 3887 ᾀμ.
1246 3804 1325 3869 11καί
1337 3805 1410 3884 ίμα-

162 3884 216 3950 τὸν
229 3886 349 3972 λίβανον
362 3889 412 3951 καί
424 3888 464 3951 τά
478 3885 580 3970 σκεύη,
593 3889 644 3951 καί
656 3885 710 3970 τᾴν
722 3888 769 3951 δε-
801 3885 928 3974 χεσάμην
940 3901 1004 3963 τοῖς
1017 3893 1091 3962 υίοῖς
1101 3885 1204 3953 Ἰοῦδα
1216 3898 1278 3962 τοῖς
1291 3885 1410 3951 ἐλευθέ-

162 3967 256 4051 κάτην
278 3974 335 4032 τοῦ
359 3976 446 4034 σίτου
469 3972 520 4035 καί
543 3974 600 4034 τοῦ
616 3971 696 4034 οἴνου
718 3971 770 4033 καί
803 3998 874 4056 ροις,
889 3975 940 4036 καί
953 3971 1022 4036 ελπα
1036 3970 1148 4046 αὐτοῖς.
1166 3976 1210 4045 τίς
1224 3967 1242 4034 ὁ
1256 3965 1343 4047 λόγος
1355 3959 1411 4033 οῦ-

96 4072 99 4076 ·
164 4056 220 4116 τοῦ
235 4049 349 4126 ἐλαίου,
363 4050 486 4135 ἐντολίγν
498 4056 558 4116 τῶν
569 4057 706 4115 Λευιτῶν
719 4056 770 4116 καί
802 4052 882 4130 τοςὸ
896 4055 1037 4142 πονηρὸς,
1064 4051 1099 4119 δν
1119 4053 1197 4136 ῦμεῖς
1209 4066 1318 4118 ποιεῖτε
1321 4081 1334 4131 ,·
1359 4053 1411 4117 καί

163 4139 226 4199 τῶν
239 4130 374 4216 ᾀδόντων
392 4137 442 4199 καί
454 4141 516 4200 τῶν
527 4134 693 4219 πυλωρῶν,
718 4137 769 4200 καὶ
801 4139 958 4225 βεβηλοῦτε
975 4136 1029 4223 τᾴν
1043 4137 1153 4222 ἡμέραν
1170 4141 1226 4201 τοῦ
1239 4131 1392 4224 σαββάτου
1397 4162 1409 4212 ,·

164 4213 303 4302 ἀπαρχάς
315 4221 375 4280 τῶν
393 4220 501 4302 ἱερέων.
542 4219 620 4281 6καὶ
633 4221 664 4281 ἐν
677 4222 769 4284 παντί
801 4221 911 4307 11οῦχί
935 4219 1032 4297 οῦτως
1056 4225 1202 4305 ἐποίησαν
1228 4225 1260 4285 σῖ
1284 4222 1411 4304 πατέρες

161 4297 263 4384 τοῦτῳ
281 4297 336 4364 οῦκ
353 4297 427 4382 ἥμην
444 4304 474 4363 έν
489 4297 695 4385 Ἰερουσαλὴμ,
721 4299 768 4367 ὅτι
802 4303 899 4387 ὑμῶν,·
924 4309 975 4371 καί
988 4305 1100 4389 ἤνεγκεν
1117 4303 1161 4368 ἐπ’
1183 4301 1296 4378 αὐτοῦς
1308 4301 1326 4367 ό
1338 4299 1411 4375 θεός

162 4390 193 4451 έν
218 4387 274 4450 έτει
298 4387 465 4469 τριακοστῷ
490 4384 541 4448 καί
559 4384 685 4470 δευτέρῳ
711 4392 769 4451 τοῦ
803 4385 885 4473 ᾀμῶν
908 4393 960 4453 καί
983 4387 1026 4468 ἐφ’
1054 4384 1131 4493 ᾀμᾶς
1143 4382 1245 4453 πάντα
1266 4386 1308 4452 τά
1333 4383 1412 4450 κατὰ

158 4465 358 4559 Ἁρθασασθά
366 4468 510 4554 βασιλέως
521 4467 704 4555 Βαβυλῶνος
715 4460 768 4556 ἦλ-
803 4477 899 4538 ταῦτα
912 4474 962 4536 καί
976 4473 1028 4538 έπί
1039 4495 1094 4556 την
1105 4467 1193 4538 πόλιν
1204 4464 1346 4570 10¹&qu
1361 4469 1413 4532 καί
1454 4504 1456 4535 ι

1332 4563 1414 4637 υμεῖς
