2924 4972
507 251 667 310 ΩΣΗΕ
712 246 922 327 Κεφ.ιγ’.ιδ’.
939 247 987 309 13.
1004 247 1052 309 14.

160 338 1403 365 ---—---—--—-—-—-———-

156 407 188 446 σε
202 383 232 443 ἐν
244 383 282 459 τῇ
295 373 405 461 έρήμῳ,
418 379 449 440 ἐν
461 380 501 457 γῆ
513 371 646 456 ἀοικήτῳ
661 373 762 438 6κατά
800 376 934 458 ῥομφαίᾳ
947 376 1109 436 πεσοῦνται
1123 371 1227 445 αάτοὶ,
1254 375 1305 436 καί
1316 370 1358 436 τά
1373 371 1407 436 ὖ-

157 461 209 538 τάς
221 447 312 543 νομάς
329 457 446 532 αὐτῶν,
472 445 522 522 ιίαί
542 453 764 539 ἐνεπλήσθησαν
799 460 947 520 ποτίτθια
959 453 1061 519 αὐτῶν
1073 451 1342 535 έδαφισθήσονται,
1356 459 1408 522 καί

156 552 194 620 εἷς
206 540 388 646 πλησμονήν,
399 542 451 604 καί
463 536 763 624 ὖψιόθησαναῖκαρ-
800 542 834 603 αἶ
851 542 882 602 ἓν
898 539 1007 623 γαστρί
1025 539 1144 622 ἔχουσαι
1163 535 1264 602 αὐτῶν
1282 540 1409 624 διαρῥα-

156 630 216 694 δίαι
232 627 342 690 αυτων.
371 628 455 687 ἕνεκα
468 618 580 686 τούτου
593 618 763 687 έπελάθον-
798 617 952 704 γήσονται.
1003 617 1244 705 1έπιστράφηθι
1279 619 1410 706 Ἰσραήλ

156 707 192 775 τό
205 734 275 793 μου,
302 709 316 748 ⁷
330 706 382 770 καλ
393 708 501 788 ἔσομαι
519 703 621 780 αὐτοῖς
634 701 675 780 ὡς
686 727 763 769 παν-
799 702 877 789 πρὸς
888 698 991 788 κόριον
1002 700 1136 768 τὸνθεόν
1150 700 1300 778 οου,διότι
1312 704 1409 788 ήσθέ-

155 791 218 878 θήρ
231 792 283 855 καί
295 785 336 863 ὥς
347 786 505 873 πάρδαλις.
531 786 609 853 κατά
621 785 676 871 τήν
687 784 763 852 ὁδὸν
800 811 892 869 νησαν
906 789 939 850 έν
957 796 1023 859 ταῖς
1041 785 1168 861 ἀδικίαις
1186 813 1248 852 σου.
1274 784 1410 874 2λάβετε

151 875 317 959 Ἀσσυρίων
351 867 592 954 θάπαντήσομαι
607 868 710 945 αὐτοῖς
723 868 763 944 ὡς
799 866 864 951 μεθ’
880 871 995 933 ἑαυτῶν
1012 866 1121 947 λόγους
1138 871 1189 933 καὶ
1206 869 1409 955 ἐπιστράφητε

158 957 249 1044 ἀρκος
271 953 290 1039 ή
314 952 516 1039 ἀπορουμένη,
543 956 593 1017 καί
615 948 762 1036 διαβήξιο
799 950 876 1058 πρὸς
894 947 998 1056 κόριον
1018 953 1072 1017 τὸν
1094 950 1168 1016 θεὸν
1184 950 1277 1035 ὑμῶν.
1305 956 1409 1019 εἴπατε

158 1033 348 1143 σνγνλεισμόν
357 1038 479 1142 καρδίας
489 1033 660 1110 αάταῖν,καὶ
669 1061 765 1099 κατα·
801 1039 899 1117 αυτῷ,
926 1035 1010 1109 ὅπως
1021 1035 1062 1119 μή
1077 1032 1184 1122 λάβητε
1197 1034 1330 1111 ἀδικίαν,
1357 1041 1410 1102 καὶ

157 1147 304 1204 φαγονται
317 1117 428 1195 αὐτους
440 1115 627 1200 ε’κιῖσκάμνοι
639 1118 763 1202 δρυμοῦ,
800 1115 910 1203 λάβητε
936 1115 1054 1194 ἀγαθά,
1080 1122 1131 1182 καί
1154 1113 1409 1203 ἀνταποδάσομιν

157 1212 253 1292 θηρία
265 1203 361 1289 ἀγροῦ
373 1198 529 1268 διαοπάοει
542 1201 664 1275 αὐτούς.
705 1201 765 1294 9ιη’
801 1198 918 1286 καρπόν
940 1198 1057 1284 χειλέων
1079 1198 1171 1305 ήμῶν.
1197 1198 1351 1287 3Ἀσσοίιρ
1370 1202 1408 1268 οά

157 1290 316 1373 διαφθορᾷ
336 1312 390 1351 σου
405 1284 527 1370 Ἰσραήλ
544 1289 589 1359 τίς
600 1279 744 1389 βοηθήσει
751 1309 763 1360 ,·
799 1283 838 1387 μή
853 1282 935 1374 σάση
948 1280 1034 1366 ἡμᾶς,
1053 1287 1091 1365 έφ
1113 1288 1208 1349 ἵππον
1220 1284 1277 1348 οὐκ
1290 1285 1409 1393 ἀναβη-

157 1375 186 1416 ¹⁰
199 1376 264 1437 ποῦ
288 1368 305 1434 5
332 1363 470 1455 βασιλεύς
496 1394 551 1433 σου
579 1391 671 1441 ουτος
677 1393 689 1444 ,·
714 1367 766 1429 καὶ
801 1375 929 1449 σομεθα.
955 1363 1013 1429 οὔκ
1026 1369 1070 1430 ἔτι
1082 1364 1123 1450 μή
1137 1368 1275 1449 εἴπωμεν,
1287 1378 1361 1434 θιοι
1374 1397 1409 1453 η-

157 1449 340 1520 διασωσάτω
351 1477 381 1516 σε
393 1456 424 1516 ἐν
442 1448 555 1525 πάσαις
572 1461 638 1523 ταῖς
660 1444 766 1513 πόλεσί
800 1453 874 1530 μῶν,
888 1459 953 1523 τοῖς
965 1451 1062 1533 ἔργοις
1074 1455 1136 1516 τῶν
1148 1454 1251 1533 χειρῶν
1263 1448 1363 1534 ἡμῶν,
1390 1447 1408 1517 5

157 1563 220 1602 σου.
236 1531 364 1621 κρινάτω
379 1558 409 1598 σε
423 1529 457 1596 ὃν
469 1532 570 1607 εἶπας,
582 1528 633 1606 δός
643 1557 693 1614 μοι
706 1536 764 1616 βα-
802 1536 832 1597 ἐν
845 1533 893 1596 σοὶ
905 1530 1013 1614 ἐλεήσει
1026 1528 1164 1618 ὀρφανόν.
1188 1534 1205 1576 ⁴
1216 1528 1338 1616 ἰάσομαι
1352 1534 1409 1608 τάς

157 1619 242 1683 σιλέα
261 1619 312 1682 καί
329 1614 467 1699 ἀρχοντα.
493 1616 582 1680 11καὶ
599 1609 698 1679 ἔδωκά
715 1639 762 1679 σοι
802 1621 953 1690 κατοικίας
978 1613 1088 1690 αὐτῶν,
1113 1611 1266 1699 ἀγαπήσω
1294 1614 1409 1692 αὐτοὺς

156 1700 283 1789 βασιλέα
295 1703 325 1764 έν
337 1698 414 1791 ἀργή.
425 1723 498 1781 μου,
513 1700 563 1762 καὶ
576 1701 597 1762 έ
626 1721 663 1762 ον
676 1699 763 1780 ἐντῷ
802 1693 975 1782 ὁμολόγως,
988 1695 1035 1762 ὅτι
1048 1695 1409 1785 ἀπίστρεψεντήνάργήν

156 1788 248 1868 θυμῷ
259 1809 327 1867 μου.
363 1783 391 1823 ¹²
404 1780 575 1866 συστροφήν
588 1724 702 1855 ἀδικίας
711 1778 763 1843 'E-
800 1807 858 1862 μου
875 1778 927 1844 ἀπ’
954 1778 1058 1846 αὐτοῦ.
1084 1783 1218 1866 εἔσομαι
1239 1779 1280 1860 ὡς
1296 1783 1409 1868 δρόσος

157 1872 268 1955 φραὶμ,
294 1861 539 1951 έγνικρυμμένηή
559 1863 692 1949 ἁμαρτία
705 1861 761 1928 αά-
800 1869 845 1946 τῷ
863 1860 995 1948 Ἰσραήλ,
1020 1861 1144 1949 ἀνθήσει
1163 1863 1204 1940 ὡς
1225 1871 1330 1971 κρίνον,
1355 1869 1409 1931 καί

155 1955 223 2024 τοῦ,
250 1951 278 1992 ¹³
304 1947 313 1969 '
334 1971 388 2023 ινις
408 1944 450 2021 ὡς
465 1943 623 2031 τικτούσης
642 1944 762 2029 ήξουσιν
799 1947 886 2034 βαλκϊ
899 1946 955 2022 τάς
971 1949 1052 2031 ῥίζας
1069 1947 1165 2013 αάτοῖι
1184 1946 1225 2023 ὡς
1242 1975 1259 2013 ο
1277 1950 1407 2034 λέβανος.

156 2031 250 2116 αὐτῷ.
278 2023 366 2105 οὗτος
384 2027 402 2095 5
423 2025 484 2103 υἱός
502 2055 559 2094 σου
577 2027 595 2094 5
612 2029 761 2114 φρόνιμος,
801 2026 1025 2115 ὓπορεάσονται
1046 2035 1077 2096 οἶ
1093 2029 1197 2098 κλάδοι
1216 2032 1314 2098 αὐτοῦ
1319 2082 1329 2108 ,
1356 2038 1409 2098 καί

155 2112 232 2182 διότι
251 2111 288 2178 οὗ
307 2111 346 2199 μή
364 2111 485 2218 ὑποστή
504 2117 536 2178 ἐν
554 2116 693 2199 συντριβῇ
712 2115 762 2176 τέ-
801 2116 886 2178 ἔσται
911 2109 952 2190 ὥς
972 2113 1058 2179 ἐλαία
1080 2110 1289 2201 κατάκαρπος,
1315 2121 1367 2181 καί
1389 2112 1408 2202 ἢ

155 2223 241 2264 κνων.
267 2198 345 2261 14ἐκ
375 2193 538 2281 ειρδςᾳδου
552 2191 697 2282 ῥύσομαι,
711 2197 762 2260 καί
800 2194 955 2278 ὀσφρασία
975 2195 1071 2264 αὐτοῦ
1091 2197 1134 2273 ὡς
1150 2194 1283 2286 λιβάνου.
1315 2202 1408 2264 7ένιι-

156 2287 188 2349 ἐκ
202 2277 341 2347 θανάτου
354 2220 544 2365 λυτρώσομαι
559 2273 682 2353 αὐτούς.
699 2283 760 2359 ποῦ
801 2283 965 2366 στρέφουσι
990 2282 1041 2346 καί
1061 2287 1240 2348 καθιοῦνται
1264 2279 1325 2347 ὑπὸ
1352 2281 1410 2366 τήν

155 2364 253 2471 ἢδίκη
271 2390 324 2429 σου
342 2359 475 2440 θάνατες
501 2366 566 2427 ποῦ
583 2361 620 2427 τὸ
639 2368 760 2448 κέντρον
801 2367 913 2446 σκέπην
937 2362 1047 2440 αὐτοῦ,
1072 2361 1212 2448 ζήσουται
1238 2370 1290 2430 καὶ
1313 2377 1409 2448 μεθυ-

156 2470 212 2514 σου
226 2448 301 2530 αδης
326 2444 510 2532 παράκλησις
522 2448 682 2532 κέκρυπται
696 2443 759 2510 ἀπὸ
800 2441 969 2529 σθήσονται
992 2454 1083 2531 σίτῳ,
1111 2450 1164 2513 καί
1186 2447 1344 2554 έξανθήσει
1367 2447 1409 2523 ὡς

157 2531 325 2615 ὀφθαλμῶν
345 2556 413 2615 μου.
440 2529 467 2572 ¹⁵
481 2526 556 2594 διότι
579 2521 668 2603 οὗτος
685 2527 760 2593 ἀνα·
800 2527 933 2611 ἀμπελος
944 2527 1129 2614 μνημόσυνον
1142 2529 1249 2606 αὐτοῦ,
1273 2558 1314 2606 ως
1326 2531 1408 2606 οἶνος

154 2619 247 2700 μέσον
260 2613 397 2694 ἀδελφοῖν
409 2613 562 2689 διαστελεῖ,
573 2609 672 2688 ἐπάξει
686 2607 760 2676 καό-
799 2608 922 2699 λιβάνου
947 2614 1021 2698 ε’τῴ
1036 2612 1175 2700 Ἐφραίμ.
1208 2622 1239 2679 τί
1257 2613 1341 2679 αὐτῶ
1362 2616 1407 2678 ἔτι

157 2724 240 2765 σωνα
252 2697 358 2779 ἀνεμον
371 2696 472 2781 κύριος
482 2699 513 2759 έκ
527 2701 579 2779 τῆς
591 2693 698 2781 ἐρήμου
712 2693 756 2758 ἐπ’
799 2699 851 2760 καὶ
862 2690 1011 2775 εἶδάλοιςς
1031 2697 1091 2774 έγώ
1106 2702 1287 2763 ἕταπείνωσα
1301 2679 1407 2770 αάτὸν,

155 2778 264 2853 αὐτόν,
296 2782 347 2842 καί
372 2779 547 2861 ἀναξηρανεῖ
571 2777 625 2853 τάς
651 2779 761 2863 φλέβας
800 2777 1033 2863 καὶκατισχάσοο
1046 2780 1149 2845 αὐτόν.
1174 2781 1233 2860 ἐγώ
1246 2777 1407 2860 ὧςάρκευ-

156 2861 269 2936 αὐτοῦ,
292 2858 464 2945 ἐξερημώσει
478 2860 532 2935 τάς
544 2861 641 2943 πηγάς
655 2859 760 2926 αάτοῡ.
799 2871 857 2935 θος
870 2860 1093 2940 πιικάζουοα,έξ
1104 2868 1177 2947 ἐμοῦ
1191 2862 1208 2928 5
1222 2865 1338 2966 καρπός
1349 2888 1405 2926 σου

155 2943 248 3021 αὐτὸς
262 2943 473 3028 ’καταξηρανεῖ
494 2943 549 3028 τήν
573 2949 627 3028 γην
653 2944 761 3018 αὐτοῦ,
800 2941 929 3027 εὓρηται.
954 2947 1019 3021 οτίς
1032 2945 1126 3025 σοφός
1138 2948 1189 3009 καί
1200 2968 1315 3028 συνησει
1328 2949 1405 3007 ταῦ-

154 3033 205 3093 καί
229 3026 330 3093 πάντα
356 3026 395 3092 τά
416 3022 504 3110 σκεάη
529 3026 568 3093 τά
593 3025 762 3110 ἐπιθυμητὰ
799 3052 855 3106 τας
880 3025 1029 3110 ἢουνετὸς
1038 3030 1088 3091 καί
1097 3022 1289 3103 ἐπιγνώσεται
1303 3022 1385 3090 αάτά
1391 3057 1404 3104 ;

155 3110 261 3176 αὐτοῦ.
801 3108 850 3175 δ’τι
863 3109 976 3175 εὐθεῖαι
1005 3114 1038 3175 αἱ
1055 3106 1192 3173 όδοὶτοῦ
1203 3116 1322 3194 κυρίου,
1349 3115 1404 3176 καί

230 3205 242 3232 ⁹
338 3199 370 3258 K
382 3200 412 3258 Ε
426 3199 464 3258 Φ.
510 3190 581 3257 Μ’.
799 3195 907 3259 δίκαιοι
919 3186 1115 3273 πορεύσονται
1131 3194 1163 3255 ἐν
1176 3189 1300 3269 αὐταῖς,
1327 3196 1405 3260 οἶδέ

154 3248 469 3362 16Ᾰφανισθήσεται
506 3273 678 3361 Σαμάρεια,
713 3274 760 3341 ὅτι
799 3276 910 3361 ἀσεβεῖς
921 3270 1138 3359 ἀσθενήσουσιν
1155 3278 1187 3339 ἐν
1200 3273 1318 3351 αὐταῖς.

152 3366 277 3449 ἀντέστη
303 3359 379 3445 πρὸς
404 3361 459 3427 τὸν
483 3359 560 3425 θεὸν
585 3359 686 3442 αὐτῆς.
730 3364 782 3430 ἐν.

638 3493 652 3501 a
663 3493 777 3503 —-...
789 3491 1093 3503 ........-....—--.----.-
1104 3493 1107 3499 .
1117 3490 1302 3500 --—-----.-..
1313 3492 1403 3503 «an—-

543 3559 590 3660 Α.
661 3557 718 3658 Μ
788 3556 834 3658 Ω
901 3552 965 3656 Σ.

227 3764 235 3791 t
302 3771 310 3792 ,
349 3699 424 3756 ΚΕ
436 3700 472 3757 Φ.
517 3693 576 3761 A‘.
803 3703 864 3769 εἶπε
877 3704 983 3788 κόριος.
1010 3706 1060 3770 έπί
1076 3717 1141 3779 ταῖς
1158 3706 1251 3792 τρισίν
1263 3703 1409 3789 ἀσεβείαις

161 3737 285 3876 <Ioron
300 3776 395 3876 Αμωρ
414 3785 446 3840 οἳ
463 3782 597 3855 ἐγένοντο
617 3785 648 3848 έν
659 3781 767 3849 Ἀκκα-
802 3791 970 3870 Δαμασκοῦ
981 3790 1033 3853 καὶ
1045 3791 1095 3853 ἐπὶ
1105 3800 1171 3864 ταῖς
1184 3794 1340 3872 τέσσαρσιν
1353 3791 1408 3854 οὐκ

162 3858 269 3955 ρειμὶέκ
287 3858 407 3962 θλικομε,
421 3857 472 3935 οὓς
490 3862 560 3965 εἶδεν
572 3863 767 3951 δπέρἾερου-
801 3869 1077 3956 ἀποστραφήσομαι
1095 3870 1204 3949 αὐτόν,
1231 3870 1299 3936 ἀνθ’
1320 3864 1364 3936 ὦν
1376 3877 1408 3938 έ-

158 3936 271 4037 σαρομ,
299 3963 329 4003 εν
357 3946 478 4026 ημίραις
512 3950 601 4023 Οζίου
623 3951 766 4033 βασιλέως
801 3957 1022 4039 πριζονπρίοσι
1041 3955 1174 4037 σιδηροῖς
1187 3956 1240 4029 τάς
1257 3959 1288 4018 ἐν
1299 3958 1409 4038 γαστρδ

158 4019 260 4122 Ἰουβα
277 4025 328 4086 καὶ
345 4026 375 4085 ἐν
399 4022 521 4110 ἡμέραις
535 4029 692 4117 (Ιεροβοάμ
709 4039 766 4098 τοῦ
801 4031 926 4119 έχοίισας
937 4044 999 4103 τοῖν
1019 4042 1050 4102 έν
1064 4037 1204 4104 Γαλαάδ.
1231 4038 1312 4103 4καὶ
1325 4036 1408 4104 ἀπο-

165 4110 245 4202 Ῑοξᾱς
260 4105 553 4207 βασιλέωςζίσραήλ,
579 4111 640 4198 πρὸ
659 4111 714 4179 δύο
735 4121 765 4179 ε’·
801 4118 895 4184 στελῶ
910 4126 970 4204 πῦρ
989 4126 1027 4196 εἷς
1046 4119 1100 4185 τόν
1116 4118 1330 4205 οίκονἈζαήλ,
1356 4126 1407 4187 καί

160 4210 223 4250 των
236 4209 289 4288 τρο
310 4212 438 4290 οεισμου.
476 4196 555 4260 2καί
568 4194 638 4260 εἷπε.
664 4198 765 4282 κύριος
799 4200 1006 4284 καταφάγεται
1026 4204 1067 4269 τά
1085 4207 1211 4286 θεμέλια
1229 4210 1298 4270 υἱοῦ
1312 4205 1404 4287 Ἄδερ.

160 4273 193 4371 έιρ
206 4275 286 4374 Σρων
298 4271 482 4376 ἐφθεγξατοζ
508 4281 559 4342 καὶ
576 4275 762 4363 έξἸεροοσα-
799 4286 878 4352 6καὶ
899 4294 1054 4372 συντρίψω
1075 4290 1204 4373 μοχλοὺς
1228 4296 1405 4372 Δαμασκοῦ,

158 4351 216 4436 λημ
230 4353 318 4462 εδωκι
331 4377 432 4459 φωνην
444 4364 554 4434 αυτοῦ,
569 4363 619 4424 καί
632 4365 761 4451 έπένθη-
797 4374 849 4435 καί
862 4376 876 4437 ἒ
894 4372 1069 4456 ολοθρεόσω
1081 4377 1294 4448 κατοικοῦντας
1307 4376 1340 4435 έκ
1353 4399 1402 4438 πε-

155 4461 213 4538 σριν
226 4463 259 4502 αι
273 4463 360 4542 ηομαι
372 4464 435 4541 των
447 4447 607 4542 ποιμένων,
631 4450 683 4513 καὶ
696 4452 760 4535 ἐξη-
797 4455 863 4519 δίου
883 4459 940 4533 Ων,
955 4459 1004 4520 καί
1018 4452 1186 4538 κατακόφιο
1199 4455 1296 4539 φυλήν
1308 4457 1338 4532 ἐξ
1350 4453 1404 4521 ἀν-

153 4532 255 4607 ρανθη
268 4549 287 4608 η
300 4548 413 4609 κορυφη
428 4551 484 4592 τοο
497 4528 670 4618 Καρμήλου.
686 4534 760 4602 3καί
796 4538 876 4624 δρῶν
887 4536 1030 4624 Χαρῥάν,
1056 4542 1107 4602 καὶ
1128 4535 1404 4624 αἷχμαλωτευθήοι-

1352 4648 1404 4688 ἴαν
