2924 4972
438 229 473 283 Ψ
483 224 517 284 Α
529 227 564 283 Α
575 227 618 284 Μ
631 225 691 284 01
725 223 780 297 ιγ’·
787 222 833 297 ις’.
848 224 967 289 13-16.
1259 227 1324 291 579

76 336 265 427 χρηστότητα
277 339 333 406 οὐκ
346 344 426 406 ἐστιν
439 345 494 415 ἕως
506 336 580 415 ἑνός.
607 337 683 405 2κύ·
716 345 747 406 ἐν
767 342 880 416 αὐτοῖς.
905 343 922 384 ⁴
935 341 1169 427 ἐπληθύνθησαν
1183 347 1217 409 αί
1228 341 1324 410 ἀσθέ-

76 450 139 510 ριος
151 428 183 488 ίκ
195 429 251 489 τού
263 423 395 510 ούρανοῦ
406 425 543 508 διέκοψεν
552 424 603 488 ἐπί
611 421 684 498 τσὺς
716 448 786 488 νειαι
800 422 911 501 αὐτῶν,
922 425 994 507 μετά
1007 431 1104 492 ταῦτα
1117 423 1267 511 έτάχυναν.
1286 425 1323 494 ού

77 505 159 581 υἱούς
170 511 231 571 τῶν
241 501 423 592 ἀνθρώπων,
436 510 493 573 τοῦ
503 507 572 571 ίδεῖν
583 510 608 571 εί
620 508 683 570 ἔστι
715 505 754 589 με)
781 504 939 585 συναγάγω
957 506 1012 584 τάς
1030 510 1203 588 συναγωγὰς
1220 509 1322 577 αὐτῶν

77 594 185 654 συνιῶν
203 589 222 672 ἢ
235 593 363 675 ἐκζητῶν
376 585 523 655 τὸνθεόν.
549 591 563 630 ³
575 584 684 664 πάντες
716 591 747 664 ἐξ
760 585 906 673 αίμάτων,
916 589 1033 675 οὐδὲμίη
1042 598 1169 676 μνησθῶ
1179 596 1240 657 τῶν
1250 591 1322 659 ὀνο-

76 673 228 749 ἕξέκλιναν,
242 669 305 757 ἀμα
317 669 529 759 ἠχριιώθησαν,
551 669 607 736 οὐκ
620 674 684 736 ἔστι
715 668 817 754 μάτων
834 670 934 737 αύτῶν
950 671 999 738 διά
1017 677 1135 758 χειλέων
1146 700 1214 760 μου.
1240 671 1323 739 6αύ-

75 760 173 821 ποιῶν
180 754 378 859 χρηστότητα,
389 753 445 822 ούκ
454 759 535 850 ἔστιν
544 760 599 829 ἕως
608 749 681 828 ἑνός.
715 781 779 840 ριος
802 758 882 841 μερίς
905 760 958 836 τῆς
978 756 1172 842 κληρονομίας
1189 782 1247 841 μου
1271 759 1323 824 καί

75 839 91 879 ⁴
106 834 204 919 τάφος
220 840 399 922 ἀνεῳγμένος
416 835 558 923 ὁλαρυγξ
572 836 682 911 αὐτῶν,
715 844 771 902 τοῦ
783 843 931 923 ποτηρίου
947 864 1022 922 μου,
1047 838 1081 905 ού
1093 840 1122 906 εί
1136 840 1154 906 ὁ
1167 839 1323 907 ἀποκαθι-

75 932 141 996 ταῐς
153 917 302 998 γλώσσαις
315 921 416 986 αὐτῶν
429 921 617 994 ἐδολιοῦσαν,
640 918 684 994 ἰὸς
716 925 795 987 στῶν
804 921 856 1003 τίην
865 922 1063 1006 κληρονομίαν
1071 949 1128 1004 μου
1137 927 1213 1008 ἐμοί.
1223 924 1322 1008 6οχοι·

77 1002 213 1069 ἀσπίδων
225 1003 265 1069 τά
275 1005 355 1089 χείλη
374 1003 483 1069 αὐτῶν.
509 994 552 1068 ῶν
563 1002 600 1067 τὸ
614 996 682 1068 στό-
715 1009 765 1068 νία
782 1000 925 1069 ἕπέπεσάν
941 1030 993 1087 μοι
1015 1006 1046 1067 ἰν
1062 1016 1124 1079 τοῖς
1142 1011 1321 1090 κρατίστοις,

75 1113 117 1150 ιια
139 1085 216 1171 ἀρᾶς
239 1093 289 1151 καί
306 1093 423 1170 πικρίας
441 1089 534 1168 γέμει,
559 1084 634 1161 ὀξεῖς
651 1089 683 1150 σί
714 1088 766 1151 καί
783 1084 842 1172 γάρ
861 1084 880 1170 ἡ
897 1088 1080 1170 κληρονομία
1097 1112 1154 1167 μου
1177 1095 1321 1172 κρατίστη

76 1165 165 1242 πόδες
183 1167 285 1232 αὐτῶν
304 1173 399 1253 ἐκχέαι
412 1170 493 1251 αἷμα.
521 1163 682 1272 σύντριμμα
714 1195 763 1252 μοι
775 1174 860 1234 ἐστίν.
888 1167 1064 1254 7εὐλογήσω
1084 1169 1136 1234 τὸν
1152 1164 1252 1254 κύριον
1268 1166 1322 1234 τόν

76 1251 128 1313 καί
146 1249 336 1335 ταλαιπωρία
354 1256 385 1316 ἐν
398 1263 465 1325 ταῖς
477 1249 560 1325 ὁδοῖς
572 1255 682 1330 αυτῶν,
715 1249 904 1319 συνετίσαντά
915 1279 965 1335 με,
987 1255 1032 1317 ἔτι
1044 1250 1076 1317 δὲ
1089 1253 1141 1317 καί
1152 1255 1208 1327 ἕως
1219 1248 1322 1328 νυκτὸς

76 1335 126 1396 καί
154 1329 225 1396 ὁδὸν
250 1330 363 1418 εἰρήνης
380 1333 436 1399 οὐκ
454 1337 585 1412 ἔγνωσαν
590 1381 601 1409 ,
627 1332 682 1399 οὐκ
715 1331 892 1400 ε’παίδευοάν
902 1361 937 1418 με
949 1340 981 1401 οἱ
993 1341 1095 1420 νεφροί
1105 1360 1173 1417 μου.
1193 1335 1321 1419 8προω-

76 1420 139 1479 ἔστι
148 1414 241 1500 φόβος
250 1421 328 1481 θεοῦ
338 1416 479 1482 ἀπέναντι
489 1422 550 1481 τῶν
559 1415 682 1499 ὀρθαλ-
714 1414 814 1504 ρώμην
838 1415 893 1483 τόν
913 1414 1014 1501 κύριον
1032 1413 1157 1483 ἐνώπιόν
1172 1442 1230 1500 μου
1253 1416 1321 1481 δια-

74 1502 137 1579 μῶν
150 1496 261 1563 αὐτῶν.
288 1498 384 1585 4οιίχὶ
396 1496 562 1578 γνώσονται
574 1496 681 1574 πάντες
713 1499 840 1577 παντὸς,
865 1497 913 1566 ότι
930 1505 963 1565 ἐκ
979 1502 1081 1577 δεξιῶν
1102 1525 1159 1583 μου
1177 1501 1256 1565 ἐστίν
1271 1504 1321 1564 ’ίνα

75 1584 105 1644 οῖ
119 1576 303 1663 ἐργαζόμενοι
320 1580 374 1667 την
386 1581 524 1665 ἀνομίαν,
550 1587 581 1647 οἱ
593 1585 681 1647 κατέ-
713 1585 753 1668 μὴ
771 1582 920 1651 σαλευθῶ.
951 1583 1030 1648 οδιά
1046 1587 1137 1648 τοῦτο
1156 1577 1321 1686 ηὐφράνθη

75 1674 199 1739 σθοντες
216 1662 270 1729 τὸν
282 1663 358 1731 λαόν
369 1691 428 1749 μου
446 1664 556 1751 βρώσει
568 1663 680 1749 ἀρτους
712 1665 732 1751 ἡ
758 1668 865 1750 καρδία
889 1693 963 1748 μου,
992 1667 1044 1730 καί
1067 1660 1273 1749 ἠγαλλιάσατο
1299 1691 1319 1749 η

73 1744 126 1810 τὸν
143 1742 243 1830 κύριον
259 1746 314 1812 ούκ
336 1748 562 1814 ἐπεκαλέσαντο.
594 1749 683 1812 ίέκεῖ
711 1749 834 1827 γλῶσσά
852 1776 924 1833 μου,
952 1753 996 1814 ἔτι
1014 1748 1047 1815 δὲ
1063 1751 1115 1812 καί
1131 1743 1150 1831 ἢ
1169 1744 1243 1850 σάρξ
1259 1773 1319 1831 μου

74 1829 236 1918 ἐδειλίασαν
259 1829 360 1918 φόβῳ,
387 1823 424 1896 ού
450 1829 504 1896 ούκ
522 1821 557 1914 ἦν
575 1827 679 1916 φόβος.
713 1828 933 1914 κατασκηνώσει
959 1830 1004 1895 ἐπ’
1024 1831 1128 1896 ἐλπίδι.
1154 1833 1183 1875 ¹⁰
1196 1830 1245 1896 ὅτι
1262 1827 1318 1896 οὖν

75 1910 122 1976 ὅτι
140 1909 242 1988 όθεός
260 1917 291 1977 ἐν
306 1917 390 1997 γενεᾷ
407 1914 516 1997 δικαίῳ.
543 1912 681 2000 6βουλίην
713 1916 933 1999 ἐγκαταλείψεις
945 1913 999 1998 τὴν
1008 1908 1107 2016 ψυχήν
1114 1939 1173 1996 μου
1184 1919 1223 1989 είς
1232 1909 1317 1997 ᾅδην,

74 1999 195 2079 πτωχοῦ
207 1995 416 2081 κατησχύνατε,
430 1992 478 2062 ότι
488 1993 589 2081 κύριος
597 1997 681 2070 ἐλπίς
712 1996 782 2063 οὐδὲ
800 1995 901 2071 δαίσεις
917 1994 971 2063 τὸν
987 1993 1073 2063 όσισν
1091 2022 1147 2063 σου
1164 1997 1234 2062 ίδεῖν
1252 1997 1316 2060 δια-

75 2076 171 2141 αύτοιῖ
189 2069 271 2144 san!
299 2082 370 2154 7τίς
388 2076 474 2145 δώσει
492 2082 525 2144 ἐκ
543 2078 625 2143 Σιών
642 2078 679 2143 τὸ
712 2077 843 2166 φθοράν.
862 2084 886 2122 ¹¹
900 2074 1058 2185 ἐγνώρισάς
1069 2106 1120 2163 μοι
1133 2075 1316 2161 όδούςζωῆς,

75 2156 221 2245 σωτήριον
232 2166 289 2226 τοῦ
298 2159 437 2246 ’Ῑσροηλς
452 2165 481 2225 ἐν
490 2165 534 2243 τῷ
544 2161 680 2246 ἒπιστρέ-
711 2160 877 2246 πληρώσεις
900 2187 935 2244 με
960 2159 1138 2247 ευφροούνης
1161 2159 1234 2242 μετά
1261 2163 1316 2225 τοῦ

73 2261 133 2326 ψαι
146 2238 247 2325 κύριον
258 2243 313 2326 τὴν
323 2242 529 2326 αἰχμαλωσίαν
538 2248 592 2307 τοῦ
603 2243 679 2306 λαοῦ
711 2243 874 2330 πρσςώπου
887 2269 956 2318 σου,
973 2239 1164 2329 τερπνότητες
1177 2247 1208 2308 ἐν
1220 2246 1257 2334 τῇ
1268 2242 1316 2306 δε-

74 2323 172 2389 αὐτοῦ
176 2372 185 2401 ,
211 2323 410 2401 ἀγαλλιάσθω
419 2323 545 2402 Ἰακώβ,
568 2327 619 2388 καί
632 2322 680 2387 εὖ·
712 2328 760 2409 ξιᾷ
773 2351 826 2390 σου
839 2330 878 2400 είς
890 2325 983 2400 τέλος.

74 2402 242 2491 φρανθητω
255 2405 388 2492 Ἰσραήλ.
988 2404 1043 2481 Ις’.

343 2484 411 2552 ΙΔ’.
846 2487 996 2573 Προςευχὴ
1009 2493 1067 2553 τοῦ
1080 2489 1186 2553 Δαυίδ.

229 2570 412 2654 Ψαλμὸςτῷ
425 2572 529 2635 Δαυίδ.
765 2568 922 2646 ἰςάκουσον
946 2569 982 2635 κύ
1004 2597 1027 2635 ιε
1057 2575 1109 2654 τῆς
1134 2566 1316 2654 δικαιοσύνης

74 2619 201 2736 Κύριε,
224 2658 269 2727 τίς
280 2648 453 2738 παραιτήσει
466 2657 497 2718 ἐν
509 2658 553 2736 τῷ
566 2648 682 2737 σκηνώ-
712 2681 778 2739 μου,
800 2651 924 2740 πρόοχες
935 2659 973 2740 τῇ
984 2598 1079 2738 δεήσει
1090 2677 1157 2737 μου,
1183 2647 1317 2718 ένώτισοιι

74 2741 147 2819 ματί
159 2760 213 2799 σου
216 2764 229 2813 ,·
242 2737 292 2800 καί
303 2743 348 2811 τίς
361 2734 580 2820 κατασκηνώσει
593 2740 625 2800 ἐν
636 2740 681 2819 τῶ
713 2737 767 2821 τὴν
783 2733 943 2824 πρσςευχὴν
957 2762 1015 2821 μου
1032 2733 1088 2801 σιἰκ
1101 2739 1132 2800 ἐν
1146 2734 1252 2820 χείλεσι
1264 2737 1317 2801 δο-

75 2817 134 2903 ὄρει
144 2822 188 2900 τῶ
199 2817 275 2901 ἁγίῳ
286 2844 340 2883 σου
345 2848 358 2898 ,·
372 2817 586 2903 2πορευόμενος
594 2817 681 2905 ἀμω-
712 2822 794 2896 λίσις.
833 2823 892 2884 2ἐκ
916 2818 1079 2906 πρσςώπου
1103 2844 1157 2884 σου
1175 2815 1210 2884 τό
1227 2824 1317 2903 κρίμα

74 2927 137 2984 μσς,
151 2904 202 2965 καὶ
215 2900 403 2985 ἐργαζόμενος
415 2899 611 2986 δικαιοσύνην.
624 2901 680 2966 λα-
711 2929 768 2985 μου
782 2903 909 2980 ἐξελθσι,
930 2907 961 2968 σί
973 2902 1132 2986 ὀφθαλμοί
1142 2929 1201 2985 μου
1214 2901 1317 2966 ἰδέτω-

74 2985 135 3048 λῶν
153 2981 299 3066 ἀληθειαν
311 2987 342 3051 ἐν
355 2985 464 3070 καρδία
483 2983 591 3051 αὐτοῦ.
618 2986 633 3027 ³
647 2981 680 3060 ὃς
713 3012 768 3054 σαν
781 2981 955 3070 εὐθύτητος.
969 2987 1165 3068 3ἐδοκίμασας
1176 2982 1208 3050 τ’
1243 3011 1318 3071 καρ-

75 3065 129 3131 οὐκ
141 3062 281 3133 ἐδόλωσεν
293 3072 325 3133 ἓν
335 3063 456 3154 γλώσσῃ
469 3066 582 3145 αὐτοῦ,
609 3065 680 3133 οὐδὲ
711 3071 778 3135 δίαν
789 3095 861 3153 μου,
886 3071 1045 3153 ἐπεσκέψω
1057 3067 1176 3144 νυκτὸς,
1212 3064 1318 3153 πύρω-

75 3152 192 3232 ἰποίησε
204 3155 248 3233 τῷ
261 3150 388 3236 πλησίον
401 3150 500 3216 αύτοῦ
511 3148 613 3227 κακὸν,
629 3153 681 3216 καί
713 3150 766 3227 σάς
777 3178 822 3235 με,
835 3155 886 3218 καί
899 3150 954 3237 οὐχ
965 3149 996 3216 εὖ
1016 3154 1074 3236 έθη
1086 3154 1118 3217 έν
1131 3152 1196 3234 ίμσί
1208 3149 1316 3216 ἀδικία.

76 3229 237 3314 ὀνειδισμὸν
256 3231 312 3298 ούκ
331 3233 438 3320 ἔλαβεν
455 3235 505 3298 ίπί
516 3231 588 3310 τούς
601 3237 681 3312 έγγι-
711 3232 823 3312 *ὅπως
842 3233 880 3301 ἀν
896 3231 940 3338 μη
1016 3231 1073 3342 η’σχχ
1088 3233 1125 3298 τό
1144 3228 1240 3316 στόμα
1258 3259 1317 3317 μου

76 3340 134 3380 στα
146 3316 251 3380 αὐτοῦ.
264 3316 477 3392 4έξουδένωται
489 3315 614 3382 ἐνώπιον
624 3315 681 3381 αύ-
711 3319 751 3382 τὰ
764 3322 837 3405 ἔργα
849 3323 910 3383 τῶν
923 3328 1106 3401 ανθρώπων,
1118 3313 1168 3380 διά
1181 3314 1253 3389 τούς
1262 3311 1317 3378 λό-

75 3401 133 3462 τοῦ
144 3394 383 3480 πονηρευόμενος,
405 3397 520 3471 τούςδὲ
533 3401 681 3486 ῳσβσυμέ-
712 3427 781 3477 γους
805 3405 867 3465 τῶν
888 3400 1006 3482 χειλέων
1031 3424 1084 3463 σου
1103 3395 1162 3473 ἐγώ
1184 3392 1317 3476 ἐφύλαξα

76 3504 144 3552 νους
153 3476 253 3560 κύριον
262 3479 382 3554 δοξάζει.
396 3479 414 3543 ὁ
426 3477 541 3559 ὀμνύων
551 3486 594 3562 τῷ
604 3485 681 3563 πλη·
713 3480 801 3555 ὁδούς
819 3479 955 3564 σκληράς.
981 3474 1184 3561 ίκατάρτισαι
1201 3475 1240 3539 τά
1252 3478 1317 3541 δια·

76 3567 143 3626 σίον
155 3559 250 3622 αὐτοῦ
262 3566 313 3624 καί
327 3560 381 3625 οὐκ
395 3559 523 3626 ἀθετῶν.
549 3562 563 3604 ⁶
576 3561 612 3625 τὸ
626 3561 682 3645 ἀρ-
713 3559 833 3665 βηματά
845 3587 902 3643 μου
919 3564 949 3623 ἐν
965 3571 1032 3634 ταῖς
1044 3564 1155 3644 τρίβοις
1171 3584 1242 3633 σου,
1267 3563 1318 3622 ἵνα

75 3637 181 3726 γύριον
207 3639 300 3706 αὐτοῦ
326 3640 381 3706 ούκ
404 3643 510 3706 ἔδωκεν
525 3646 576 3706 ἐπὶ
592 3640 681 3726 τόκῳ,
713 3672 753 3727 μη
767 3643 898 3726 σαλευθῆ
910 3641 949 3706 τά
962 3638 1128 3745 διαβὴματώ
1140 3666 1205 3724 μου.
1232 3640 1317 3718 θέγώ

76 3731 128 3791 καί
144 3726 229 3810 δῶρα
249 3723 292 3788 ἐπ’
314 3719 431 3798 ἀθώοις
450 3723 504 3789 οὐκ
524 3723 639 3810 ἐλαβεν.
665 3724 682 3789 ὁ
715 3715 942 3810 ἐκέκραξα,’ότι
954 3723 1123 3809 ἐπηκουσάς
1135 3749 1191 3805 μου
1203 3720 1221 3788 ὁ
1235 3722 1317 3802 θεὸς,

77 3813 176 3872 ποιῶν
189 3812 286 3872 ταῦτα
298 3806 335 3872 οὐ
349 3804 564 3890 σαλευθήσεται
579 3812 618 3882 είς
631 3807 684 3873 τὸν
714 3811 812 3874 κλῖνον
824 3806 859 3872 τό
874 3798 927 3882 ούς
940 3834 994 3873 σου
1007 3810 1080 3891 ἐμοὶ,
1091 3809 1141 3872 καὶ
1152 3802 1318 3881 εἰςάκουσον

80 3894 185 3956 αἰῶνα.
715 3897 776 3957 τῶν
788 3886 926 3978 ῥημάτων
932 3917 1003 3994 μου.
1023 3886 1265 3972 7θαυμάοτωσον
1275 3887 1316 3954 τά

352 3968 420 4037 ΙΕ’.
717 3977 783 4059 ἐλέη
798 4001 852 4041 σου
865 3971 883 4038 ὁ
898 3971 1076 4050 σωζωντούς
1087 3975 1255 4049 ἐλπίζοντας
1268 3974 1318 4036 ἒπλ

196 4056 469 4140 Στηλσγραφίατῶ
481 4057 587 4121 Δαυίδ.
716 4062 756 4124 σέ.
793 4063 825 4123 έκ
844 4062 905 4122 τῶν
926 4052 1151 4141 ἀνθεστηκότων
1175 4061 1212 4159 τη
1237 4056 1319 4138 δεξιᾷ

83 4109 243 4215 Φύλαξόν
255 4164 289 4222 με
302 4135 394 4223 κύριε,
413 4133 460 4202 ὅτι
474 4141 523 4202 ἐπὶ
535 4142 583 4205 σοὶ
596 4136 682 4221 ἤλπι-
716 4167 783 4216 σου,
809 4142 825 4184 ⁸
839 4135 972 4221 ῳύλαξόν
985 4165 1018 4223 με
1037 4138 1078 4214 ῶς
1092 4135 1183 4224 κόρην
1194 4127 1317 4219 ὀφθαλ-

81 4247 130 4287 σα.
146 4221 236 4284 2είπα
248 4227 293 4303 τῶ
306 4228 407 4306 κυρίῳ,
419 4216 517 4303 κύριός
529 4248 586 4303 μου
598 4221 628 4285 εί
638 4223 683 4296 ού,
715 4227 783 4306 μοῦ.
799 4227 830 4287 έν
842 4226 933 4305 σκέπη
944 4228 1005 4287 τῶν
1017 4217 1168 4307 πτερύγων
1180 4247 1237 4285 σου
1250 4245 1316 4284 σκε-

80 4300 129 4368 ότι
145 4308 206 4366 τῶν
223 4302 351 4380 ἀγαθῶν
362 4330 419 4385 μου
436 4306 472 4367 οὒ
490 4310 588 4388 χρείαν
606 4307 682 4386 ἔχεις.
715 4301 814 4382 πάσεις
832 4331 880 4386 με,
914 4294 1009 4370 ’9ἀπὸ
1027 4301 1190 4390 πρσςώπου
1204 4300 1317 4386 ἀσεβῶν

79 4386 162 4456 3τοῖς
171 4381 266 4461 ἁγίοις
274 4399 337 4460 τοῖς
347 4390 377 4450 ἐν
387 4391 424 4478 τῇ
432 4392 470 4478 γῇ
484 4387 580 4450 αὐτοῦ
592 4388 683 4448 έθαυ-
716 4393 776 4451 τῶν
794 4385 1085 4488 ταλαιπωρησάντων
1099 4409 1141 4465 με.
1167 4387 1198 4446 οἶ
1215 4382 1320 4466 ἐχθροί

80 4461 233 4546 μάστωσε,
258 4464 359 4532 πάντα
370 4467 409 4532 τὰ
422 4465 576 4551 θελήματα
590 4466 683 4532 αὐτοῦ
715 4495 773 4551 μου
789 4469 844 4554 τὴν
861 4490 960 4612 gum
971 4495 1028 4552 μου
1044 4469 1213 4549 περιέσχον,
1238 4460 1316 4564 Ψχτό

901 4571 962 4613 02
1225 4569 1316 4626 στεαρ
