2924 4972
170 237 236 305 σεε
299 317 303 324 ,
457 240 814 302 ιεΑυοιΜιΑι
852 235 1127 321 mmmm

170 355 247 441 ᾅδου
260 351 367 431 ὅοῖκος
376 352 478 437 αὐτῆς,
488 350 674 432 κατάγουσαι
686 358 724 429 είς
736 354 775 418 τά
810 350 889 418 ὁδῶν
906 351 1004 417 αὐτοῦ
1022 357 1062 428 είς
1081 355 1155 436 ἐργα
1172 351 1284 429 αὐτοῦ,
1311 355 1342 396 ²³
1354 354 1417 439 πρὸ

169 449 287 521 τομαῖα
297 442 352 504 τού
362 434 510 502 θανάτου.
809 439 866 501 τοῦ
889 439 998 510 αίῶνος
1023 434 1199 519 ἐθεμελίωσέ
1219 461 1264 520 με,
1281 440 1314 501 ἐν
1339 436 1418 541 ἀρχῇ

357 525 432 583 ΚΕ
446 525 484 583 Φ.
531 519 586 584 H'.
808 515 870 604 πρὸ
881 518 1073 601 τοῦτ’νγῆν
1083 523 1217 603 ποιῆσαι,
1241 516 1340 586 24καί
1352 547 1417 604 προ

171 570 240 669 Σὺ
260 602 316 688 τὴν
334 609 444 682 σοφίαν
464 603 604 688 κηρύξεις,
624 607 673 667 ’ίνα
697 599 774 688 φρό-
808 605 866 666 τοῦ
879 598 969 676 τάςά
998 597 1099 677 ’σσους
1115 607 1256 686 ποιῆσαι,
1281 601 1345 686 πρὸ
1357 610 1418 671 τοῦ

170 693 252 772 νησίς
270 712 318 752 σοι
335 681 506 779 ῶπακούση.
543 687 623 750 2ἐπί
639 684 698 771 γάρ
714 689 776 751 τῶν
808 683 965 770 προελθεῖν
988 683 1044 759 τάς
1071 712 1096 750 π
1114 683 1169 762 γάς
1193 688 1255 748 τῶν
1284 682 1418 753 ὑδάτων.

170 768 298 854 ὑψηλῶν
328 767 430 851 άκρων
454 769 542 842 ἐστὶν,
573 767 718 850 ἀναμίσον
743 769 774 834 δέ
809 770 838 811 ²⁵
857 765 918 852 πρὸ
935 771 992 832 τοῦ
1010 765 1066 850 ὅρη
1082 711 1282 854 ἑδρασθῆναι,
1306 797 1331 835 π
1351 769 1418 836 ὁδί

168 859 231 919 τῶν
243 856 352 940 τρίβων
365 857 474 934 ίστηκε.
516 849 631 936 3παρίι
643 850 703 936 γάρ
714 847 775 917 πύ·
807 848 932 916 πάντων
943 853 1071 937 βουνῶν,
1096 856 1184 934 γεννᾷ
1192 876 1237 958 με.
1263 852 1295 895 ²⁰
1310 879 1418 938 κυριος

169 937 235 1011 λαις
247 936 403 1001 δυναστῶν
413 928 593 1039 παρεδρεάεη
615 938 646 999 ἐν
657 933 690 1000 δὲ
702 930 775 1010 2146-
807 935 928 1016 ἐποίησε
940 927 1037 1019 χῶρος
1050 936 1101 998 καί
1113 932 1287 1020 ἇοαιητους,
1312 939 1366 1001 καί
1377 937 1413 1000 ὅ·

169 1022 231 1094 δοις
255 1014 396 1101 ὑμνεῖται.
434 1013 541 1100 4ὑμᾶς
564 1042 590 1081 ω
612 1016 774 1103 α’ίνθρωποι
807 1040 865 1100 κρα
878 1012 1035 1097 οἰκούμενα
1047 1020 1099 1100 τῆς
1113 1013 1163 1081 ὑπ’
1180 1019 1329 1103 οὐρανῶν.
1343 1017 1416 1122 27η.

169 1101 349 1186 παρακαλῶ,
374 1100 426 1165 καί
438 1101 576 1185 προίεμαι
589 1100 661 1184 ἐμὴν
674 1099 776 1183 φωνὴν
807 1104 875 1164 νίκα
887 1095 1025 1183 ἡτοίμαζε
1037 1096 1090 1164 τὸν
1102 1097 1241 1179 οὐρανὸν,
1255 1127 1415 1189 συμπαρη-

169 1192 244 1259 υῑοῖς
266 1180 450 1270 άνθρῶπων.
488 1179 646 1266 ονοησατε
667 1183 774 1248 άκακοι
806 1207 865 1266 μην
876 1180 976 1286 αὐτῶ,
1001 1184 1053 1247 καί
1066 1178 1115 1248 ὅτε
1130 1181 1263 1269 άφαίριζε
1275 1183 1328 1249 τὸν
1342 1188 1414 1251 ἑαυ-

167 1273 362 1353 πανουργίαν,
375 1271 405 1332 οῖ
418 1266 451 1332 δὲ
464 1266 637 1332 ἀπαίδευτοι
651 1270 775 1333 ἐνίίεσθε
808 1270 862 1331 τοῦ
886 1274 1003 1350 θρονον
1027 1263 1071 1330 ἐπ’
1098 1265 1222 1349 ἀνίμων.
1247 1268 1280 1311 ²⁸
1293 1270 1346 1333 καί
1371 1266 1414 1344 ὡς

167 1352 301 1439 καρδίαν.
339 1352 355 1393 ⁶
380 1346 574 1425 εῖςακούσατέ
595 1376 662 1434 μου,
688 1345 775 1432 σεμνά
807 1346 914 1433 ἰσχυρά
937 1352 1030 1414 ἐποίει
1055 1346 1096 1414 τά
1114 1346 1178 1415 άνω
1195 1352 1347 1454 νίφη,καί
1371 1348 1414 1428 ῶς

165 1434 225 1521 γάρ
237 1438 308 1561 ἐρῶ,
321 1434 373 1498 καί
392 1432 501 1499 ἆνοίσω
516 1432 581 1498 ἀπὸ
594 1433 709 1537 ηειλέων
720 1432 774 1538 ὀρ-
806 1430 947 1513 άσφαλεῖς
959 1435 1053 1497 ἐτίθει
1068 1429 1166 1516 πηγάς
1182 1437 1235 1515 τῆς
1248 1433 1298 1498 υπ’
1314 1434 1414 1521 ούρα-

165 1515 221 1584 θά.
275 1512 324 1583 δἐι
345 1514 491 1599 ἀληθειαν
508 1513 690 1599 μελετησειὸ
712 1541 773 1597 φα·
806 1511 868 1591 νὸν,
893 1516 981 1580 29καί
994 1513 1310 1602 ῶςλσχυράέποίειτά
1321 1521 1413 1621 θεμέ-

166 1602 236 1682 ρυγξ
247 1626 324 1684 μου,
349 1597 585 1685 ἰβδελυγμέναδὲ
598 1603 773 1666 ἐναντίονέ·
805 1597 855 1661 λεα
868 1601 1001 1684 τῆςγῆς,
1038 1599 1069 1642 ³⁰
1082 1598 1158 1683 ἤμην
1167 1597 1238 1685 παρ’
1254 1599 1341 1686 αὐτῶ
1354 1627 1412 1686 αρ-

164 1689 222 1769 μοῡ
236 1683 315 1786 χείλη
328 1682 434 1767 ψευδῆ.
472 1678 573 1764 8μεταλ
587 1678 772 1767 δικαιοσύνης
802 1677 943 1762 μόζουσα.
974 1678 1034 1759 ἐγώ
1057 1678 1141 1766 ἤμην,
1167 1675 1187 1775 ᾗ
1211 1687 1416 1770 προςίχαιρεν.

165 1765 267 1833 πάντα
279 1789 319 1831 τα
334 1760 453 1850 ῥύματα
471 1768 527 1831 τού
544 1761 691 1869 στόματός
703 1791 770 1848 μου,
804 1762 874 1828 καθ’
889 1759 1002 1849 ἡμέραν
1017 1763 1049 1829 δὲ
1063 1762 1259 1850 εύφραινόμην
1271 1770 1303 1832 ἐν
1313 1793 1411 1852 προς·

166 1848 252 1915 οὐδὲν
264 1850 383 1922 ἑαυτοῖς
395 1846 517 1913 σκολιὸν
535 1847 606 1914 οὐδε
619 1873 771 1935 στραγγα-
803 1842 879 1931 ῶπῳ
904 1845 1002 1914 αὐτοῦ
1024 1851 1055 1914 ἐν
1075 1851 1167 1914 παντί
1188 1854 1288 1935 καιρῷ.
1315 1850 1343 1891 ³¹
1357 1845 1410 1915 ὅτε

164 1933 274 2007 λιῶδες.
310 1926 440 1996 ίλποίντα
453 1926 642 2008 ἰνῶπιατοῖς
654 1937 770 1997 συνιοῦ-
803 1930 1071 2016 ἐνευφραίνετοτην
1088 1935 1255 2015 οἰκουμένην
1268 1932 1408 1998 συντελέ-

164 2042 210 2088 υι,
222 2018 274 2080 καί
289 2011 373 2099 ὀρθά
386 2025 450 2089 τοῖς
467 2008 636 2100 εὑρίσκουσι
648 2021 769 2093 γνῶσιν,
803 2016 924 2090 σας,καλ
936 2018 1138 2121 ἐνευφροιίνετο
1152 2019 1184 2081 ἐν
1198 2020 1270 2090 υἱοῖς
1282 2012 1409 2102 ἀνδρῶ-

163 2101 192 2143 ¹⁰
204 2094 307 2184 λάβετε
324 2098 460 2163 παιδείαν
484 2098 537 2162 καί
554 2097 595 2183 μὴ
616 2095 769 2185 ἀργύριον,
801 2120 875 2161 πων.
901 2098 989 2164 32νῶν
1007 2124 1063 2165 ουν
1075 2098 1120 2163 υἱὲ
1132 2096 1226 2165 άκουί
1235 2099 1410 2184 pomum-

163 2183 215 2247 καί
238 2184 348 2260 γνῶσιν
371 2179 449 2266 ὑπὲρ
467 2187 591 2266 χρυσίον
615 2182 769 2266 δεδοκιμα-
801 2177 904 2266 κάρτος
917 2179 993 2287 ἀνὴρ
1006 2179 1041 2257 ὃς
1053 2178 1255 2258 εἶςακούσεταί
1263 2208 1338 2267 μου,
1357 2185 1408 2248 καί

163 2267 279 2351 σμένον.
304 2267 329 2306 ²¹
342 2270 483 2350 κρείσσων
491 2262 551 2351 γάρ
564 2272 658 2348 σοφία
670 2266 769 2332 λίθων
801 2262 967 2349 ἅνθρωπος
979 2262 1013 2341 άς
1025 2265 1079 2341 τὰς
1092 2261 1164 2349 ἐμάς
1176 2261 1264 2341 ὁδούς
1276 2262 1408 2348 φυλάξει.

162 2348 348 2424 πολυτελῶν,
373 2352 435 2412 πῶν
452 2345 484 2414 δὲ
501 2354 597 2433 τίμιον
615 2348 670 2415 οὐκ
686 2349 769 2426 α’ῐξιον
800 2345 960 2434 άγρυπνῶν
971 2347 1016 2415 ἐπ’
1031 2352 1116 2434 ἐμαῖς
1127 2345 1237 2436 θύραις
1247 2347 1316 2415 καθ’
1338 2349 1406 2432 ‘pe'-

162 2430 256 2516 αὐτῆς
270 2435 356 2496 ἐστιν.
382 2429 473 2515 1ἓέγῶ
487 2428 768 2518 νἠσοφίακατεσκη·
801 2457 867 2511 ραν,
887 2437 987 2536 τηρῶν
1006 2431 1161 2516 σταθμοὺς
1181 2436 1258 2517 ἐμῶν
1277 2377 1406 2508 ελςάάων.

162 2541 247 2580 νωσα
264 2513 374 2601 βουλίην
390 2518 441 2580 καί
459 2519 573 2593 γνῶσιν,
591 2518 642 2581 καί
654 2519 768 2581 ἔννοιαν
800 2515 830 2558 ³⁶
844 2517 878 2578 αί
900 2541 959 2600 γαρ
983 2518 1086 2593 ἔξοδοί
1109 2542 1166 2599 μου
1195 2516 1298 2593 ἔξοδοι
1320 2519 1406 2602 ζωῆς,

162 2598 221 2676 ἐγὼ
242 2593 466 2682 ἐπεκαλεσάμην.
506 2600 533 2640 ¹³
552 2595 647 2680 φόβος
663 2606 766 2687 κυρίου
799 2599 853 2662 καί
864 2594 1048 2683 ἑτοιμάζεται
1056 2600 1180 2683 θελησις
1191 2597 1278 2686 παρά
1290 2606 1406 2684 κυρίου.

161 2693 240 2764 μισεῖ
251 2681 383 2756 ἀδικίαν,
407 2679 494 2767 ῶβριν
507 2684 600 2748 τεκαὶ
612 2679 767 2770 άπερηφα·
800 2681 870 2746 ³⁸02
881 2679 914 2747 δὲ
924 2679 1143 2771 ἁμαρτάνοντες
1159 2687 1198 2759 είς
1211 2682 1261 2768 ἐμὲ
1280 2682 1407 2770 ἀσεβοῦ-

160 2770 228 2829 νίαν
241 2767 291 2828 καί
303 2762 392 2839 ὁδοὺς
404 2770 552 2848 πονηρῶν.
579 2772 723 2850 μεμίσηκα
734 2764 767 2831 δὲ
800 2788 847 2829 σιν
859 2769 897 2840 εἰς
909 2763 964 2842 τάς
980 2770 1094 2832 ἑαυτῶν
1112 2765 1220 2852 ψυχάς,
1247 2771 1297 2832 καί
1317 2772 1346 2833 οῖ
1358 2793 1407 2848 μι-

160 2846 219 2924 ἐγῶ
233 2847 457 2932 διεστραμμένας
471 2846 562 2923 ὁδοὺς
574 2853 681 2913 κακῶν.
701 2849 767 2914 14ἐ·
800 2850 922 2922 σοῦντίς
932 2874 967 2932 με
985 2847 1123 2927 ἀγαπῶσι
1135 2847 1278 2916 θάνατον.

159 2927 198 3014 μὴ
211 2928 304 3016 βουλὴ
318 2931 369 2994 καὶ
381 2926 537 3009 ἀσφάλεια,
550 2930 603 3015 ε’μη
617 2929 766 3018 φρόνησις,
798 2932 861 3076 ἡ
935 3018 968 3077 ια
997 2938 1032 2995 Κ
1042 2938 1073 2994 Ε
1084 2937 1122 2995 Φ.
1171 2928 1221 2996 Θ’.

842 3038 933 3122 ..σοί

160 3012 212 3095 ἐμὴ
226 3013 258 3078 δὲ
272 3009 358 3096 ἰσχύς.
390 3014 417 3056 ¹⁵
431 3015 467 3079 δι’
483 3019 556 3096 ἐμοῦ
567 3017 696 3101 βασιλεῖς
709 3020 767 3103 βα·
989 3010 1177 3098 ᾠκοδόμησεν
1193 3017 1287 3106 ἑαυτῇ
1310 3014 1406 3090 οἷκον,

160 3091 322 3171 σιλεύουσι,
347 3099 399 3160 καί
418 3101 448 3161 οἱ
461 3093 601 3163 δυνάσται
618 3096 766 3186 γράφουσι
799 3122 850 3162 και
863 3121 997 3180 υπηρεισε
1008 3093 1134 3172 πάλους
1147 3093 1234 3160 ἑπτά.
1270 3100 1407 3177 2ε”σφοιξε

161 3174 356 3263 δικαιοσύνην.
395 3180 424 3223 ¹⁰
436 3179 472 3245 δι’
501 3184 574 3284 ἐμοῦ
598 3187 767 3266 μεγιστᾶνες
798 3179 838 3245 τά
849 3182 957 3262 ἑαυτῆς
968 3175 1109 3263 θύματα,
1128 3181 1264 3264 ἐκέρασεν
1275 3183 1315 3252 είς
1328 3206 1406 3263 κρα-

160 3258 390 3348 μεγαλύνονται,
415 3266 468 3329 καὶ
486 3288 624 3350 τυραννοι
641 3265 677 3332 δι>
692 3271 766 3351 ἐμοῦ
797 3266 875 3348 τῆρα
888 3259 940 3326 τὸν
953 3264 1060 3347 ἑαυτῆς
1073 3260 1225 3338 οἶνον,καί
1236 3257 1405 3344 ἡτοιμάσα-

161 3350 304 3435 κρατοῦσι
329 3351 392 3431 γῆς.
418 3346 517 3427 Πέγῶ
541 3345 614 3426 τοὺς
642 3349 691 3434 ἐμὲ
716 3375 766 3432 φι-
799 3369 835 3410 το
849 3341 904 3429 τὴν
917 3347 1055 3430 ἓαυτῆςτ
1074 3342 1193 3423 άπεζαν.
1219 3343 1406 3410 3οἰπέστειλε

161 3433 289 3507 λοῦντας
306 3429 431 3511 ἀγαπῶ,
450 3436 482 3497 οῖ
494 3431 526 3497 δὲ
544 3431 594 3516 ἐμὲ
612 3435 766 3517 ζητοῦντες
799 3427 871 3505 τοὺς
882 3431 989 3515 ἑαυτῆς
1001 3371 1140 3506 δούλους,
1154 3428 1343 3506 συγκαλοῶσα
1356 3456 1407 3512 με-

161 3511 328 3619 εὗρῇσουσι.
366 3516 395 3558 ¹⁸
408 3515 541 3591 πλοῦτος
550 3518 602 3581 καί
614 3513 689 3593 δόξα
701 3517 767 3600 ἐμοὶ
800 3513 839 3578 τὰ
857 3510 976 3598 ὑψηλοῦ
993 3511 1177 3619 κηρύγματος
1195 3515 1245 3577 ἐπὶ
1258 3516 1406 3599 κρατῆρα,

159 3596 293 3682 ῶπαρχει,
304 3599 354 3663 καί
368 3604 466 3683 κτῆσις
479 3599 600 3664 πολλῶν
612 3603 663 3665 καί
674 3601 766 3665 δικαι·
800 3597 950 3676 λέγουσα,
975 3600 992 3641 ⁴
1007 3598 1040 3673 ὃς
1053 3603 1130 3665 ἐστιν
1142 3596 1259 3680 δίφρων,
1272 3593 1405 3661 ἐκκλινά-

161 3676 259 3765 οσύνη.
286 3682 443 3767 19η’ίελτιον
460 3682 509 3764 ἐμὲ
520 3687 719 3769 καρπίζεσθαι
730 3679 766 3747 ά·
801 3706 844 3745 τω
856 3679 933 3768 πρὸς
949 3685 995 3765 με’.
1021 3684 1072 3747 καί
1089 3691 1153 3755 τοῖς
1173 3680 1276 3746 ἐνδεέσι
1292 3683 1405 3762 φρενῶν

160 3763 217 3846 πὲρ
235 3771 355 3849 χρυσίον
371 3767 422 3829 καί
439 3764 528 3831 λίθον
545 3772 657 3849 τίμιον,
681 3764 765 3829 τὰδὲ
800 3762 886 3841 εδπεν,
909 3765 1051 3830 ίέλθατε
1069 3760 1175 3845 φάγετε
1187 3768 1247 3828 τῶν
1258 3765 1333 3845 ἐμῶν
1346 3760 1405 3845 άρ·

160 3845 216 3929 ἐμά
225 3842 390 3928 γεννήματα
400 3854 525 3932 κρείσσω
535 3847 677 3935 ἀργυρίου
687 3847 765 3911 ίκλε-
800 3872 870 3926 των,
884 3849 936 3912 καὶ
947 3856 1027 3913 πίετε
1046 3846 1125 3913 οἶνον
1142 3841 1174 3912 ὃν
1187 3849 1313 3927 ἐκέρασα
1327 3840 1403 3928 ύμῖν.

159 3937 243 3994 κτοῦ.
276 3932 307 3972 ²⁰
327 3933 358 3993 ἐν
375 3928 457 4006 ὁδοῖς
479 3930 666 4015 δικαιοσύνης
682 3955 765 4013 περι·
799 3927 1001 3996 6οἰπολείπετε
1021 3927 1205 4017 ἀφροσύνην,
1232 3934 1282 3994 ’ίνα
1300 3931 1338 4003 εἰς
1351 3928 1406 3993 τὸν

159 4016 260 4086 πατῶ,
286 4014 337 4076 καί
355 4011 503 4094 άναμέσον
522 4019 632 4099 τρίβων
645 4010 766 4079 δικαιῶ-
799 4016 894 4075 αῖῶνα
930 4012 1130 4100 βασιλεύσητε.
1172 4012 1224 4077 καὶ
1261 4009 1405 4094 ζητησατε

159 4121 253 4178 ματος
277 4092 510 4180 ἀναστρέφομαι.
542 4099 569 4139 ²¹
581 4101 632 4161 ’ίνα
656 4102 765 4180 μερίσω
798 4091 952 4199 φρόνησιν,
960 4100 1013 4163 καί
1026 4091 1243 4183 κατορθῶσατε
1254 4099 1287 4161 ἐν
1299 4092 1405 4172 γνώσει

159 4189 223 4260 τοῖς
235 4176 285 4259 ἐμὲ
298 4175 457 4255 άγαπῶοιν
470 4177 608 4264 ύπαρξιν,
631 4179 766 4254 καὶτοὺς
799 4202 918 4244 ουνεσιν.
945 4183 958 4223 ⁷
973 4178 990 4246 ὁ
1002 4176 1153 4246 παιδεύων
1168 4176 1284 4254 κακούς
1309 4174 1405 4262 ληφε-

159 4259 335 4346 θησαυροὺς
348 4256 450 4324 αὐτῶν
467 4258 607 4345 ἐμπλήσω
625 4261 764 4340 ἀγαθῶν.
798 4288 848 4327 ται
871 4264 971 4345 ἐαυτῷ
991 4263 1121 4348 ἀτιμίαν.
1148 4262 1274 4348 ἐλέγχων
1296 4262 1328 4326 δὲ
1351 4261 1405 4326 τὸν

158 4342 211 4411 ἐάν
229 4343 395 4422 ύναγγείλω
413 4340 481 4426 ὑμῖν
504 4341 544 4409 τά
565 4345 635 4410 καθ’
655 4341 766 4431 ἡμέραν
798 4345 891 4433 ἀσεβῆ
901 4343 1073 4430 μωμήσεται
1090 4345 1206 4411 ἑαυτόν.
1237 4344 1305 4429 8μίη
1319 4344 1405 4422 ἔλεγ-

159 4428 304 4512 γινάμενα,
329 4426 515 4512 μνημονεύσω
540 4424 579 4493 τά
602 4431 632 4506 ἐξ
655 4435 765 4505 αἰῶνος
797 4432 958 4514 χεκακούς,
971 4425 1229 4534 ἵναμὴμισησωσί
1239 4454 1280 4495 σε.
1307 4428 1407 4513 ἔλεγχε

159 4514 338 4602 ἀριθμῆσαι.
365 4515 394 4554 ²²
407 4509 508 4596 κύριος
523 4515 620 4581 ἐκτισέ
626 4540 659 4599 με
673 4513 765 4602 ἀρχὴν
799 4509 904 4596 σοφὸν,
916 4514 968 4578 καί
980 4511 1129 4597 άγαπησει
1144 4539 1182 4579 σε.
1220 4514 1336 4580 οδίδου
1349 4537 1406 4616 oo:

1352 4622 1403 4672 φο)
