2924 4972
162 233 228 301 604
525 230 705 292 ΨΑΛΜ
716 229 776 288 ΟΙ
815 222 852 288 ο’.
866 224 924 286 ου’.
938 224 989 288 70.
1002 223 1054 288 71.

160 352 316 502 βοήθησόν
324 379 384 434 μοι.
396 346 510 436 βοηθός
522 373 588 429 μου,
603 351 654 411 καί
663 342 769 432 ρ’ύστης
801 344 856 429 τήν
872 343 1057 433 δικαιοσύνην
1073 373 1126 412 σου
1143 346 1161 411 ὁ
1174 346 1245 422 θεὸς
1266 352 1320 422 ἕιυς
1334 346 1409 432 ύψί-

160 463 216 522 μου
228 463 241 501 ε
266 434 312 513 σύ,
332 431 412 519 κύριε
423 429 620 533 μήΙχρονίσης.
801 450 888 531 ιητιονΞ
899 425 921 492 ἃ
933 431 1077 533 ε’ποίησαη
1089 428 1237 529 μεγαλεῖα
1250 427 1268 493 ὁ
1279 431 1351 507 θεὸς
1364 439 1410 507 τίς

477 562 485 577 .
802 535 903 592 ομοιος
920 536 969 576 σοι
974 540 987 590 ,·
1012 513 1045 556 ²⁰
1057 538 1130 588 οσας
1146 512 1253 588 ἐδειξας
1267 539 1317 594 μοι
1335 513 1409 579 θλί·

164 607 216 670 Τῶ
234 601 333 667 Δαυίδ
357 602 429 663 οἰῶν
450 591 611 682 Ἰωναδάβ,
635 595 687 659 καί
706 598 769 659 τοῖν
801 611 866 676 ψεις
879 592 994 669 πολλὰς
1010 597 1062 659 καὶ
1074 594 1181 672 κακὰς,
1206 597 1257 659 καὶ
1269 600 1410 680 ἐπιστρέ-

188 670 206 720 ·“
235 678 365 769 πρώτων
383 679 690 764 αἰχμαλωτισθέντων.
801 694 863 758 ψας
877 674 1077 762 ἔζωοποίησάς
1085 702 1129 761 με,
1138 679 1190 742 καὶ
1202 681 1302 742 ἐκτῶν
1311 677 1409 766 ἀβύσ-

213 771 250 832 πί
274 768 323 831 σοί
348 759 426 849 κύριε
450 761 579 844 ήλπισα,
603 758 643 843 μή
661 785 768 825 καται-
802 781 863 823 οων
878 762 930 841 τῆς
946 764 1000 843 νής
1012 756 1102 825 πάλιν
1113 756 1260 844 άνήγαγές
1272 787 1316 845 με.
1340 766 1410 826 ²¹⁸³-

163 855 317 936 σχυνθείην
335 852 374 923 εἰς
394 846 448 910 τὸν
465 847 570 909 αἰῶνα.
595 845 656 907 λέν
672 848 711 924 τῆ
724 844 767 908 δι-
801 836 965 916 πλεάνασας
982 840 1035 925 τήν
1051 839 1239 926 δικαιοσύνην
1256 870 1328 920 σου,
1356 849 1410 910 καί

162 928 304 1012 καιοσύνη
321 954 378 994 σου
395 930 484 1032 ρύσαί
494 952 530 1030 με
546 926 597 990 καί
611 913 712 1001 ἐξελάύ
724 951 768 1008 με,
801 922 1295 1011 ἐπιστρέψαςπαρεκάλεσάςμε,καί
1303 930 1337 992 ἐκ
1346 933 1409 994 τῶν

164 1017 263 1082 κλῖνον
280 1003 356 1097 πρὸς
373 1038 409 1095 με
426 1007 462 1075 τὸ
475 1035 527 1083 ους
540 1034 593 1074 σου
604 1009 656 1072 καί
669 1005 769 1073 σῶσόν
802 1004 822 1068 ἆ
844 1001 943 1071 ύσσων
960 1013 1012 1089 τῆς
1030 1013 1084 1090 γῆς
1096 1007 1187 1073 πάλιν
1205 1005 1350 1092 ἇνήγαγές
1362 1037 1407 1095 με.

163 1126 204 1184 με.
219 1101 325 1176 3γενού
338 1120 388 1179 μοι
401 1099 439 1169 εἰς
450 1091 522 1157 θεὸν
536 1089 768 1177 ύπερασπιστήν,
843 1090 895 1153 καί
904 1087 963 1174 γάρ
978 1089 1035 1167 ἐγώ
1049 1087 1304 1176 λξομολογήσομαί
1315 1118 1364 1159 σοι
1377 1098 1410 1159 ἐν

164 1184 216 1248 καὶ
240 1185 279 1255 εἰς
300 1174 394 1244 τύπον
411 1174 519 1261 ὀχυρὸν
537 1179 592 1240 τού
610 1179 708 1239 σῶσαί
725 1199 769 1258 με,
802 1167 892 1236 σκεύει
916 1172 1040 1255 ψαλμοῦ
1064 1173 1118 1258 τήν
1143 1171 1288 1258 ἀλήθειάν
1308 1201 1364 1242 σου
1389 1175 1408 1243 ὃ

164 1263 212 1332 ὅτι
229 1256 380 1363 στερήωμά
395 1284 455 1343 μου
474 1260 525 1323 καί
542 1253 699 1341 καταφυγή
711 1284 769 1359 μρυ
798 1252 883 1358 θεὸς,
897 1256 989 1402 τηαλῶ
1001 1282 1050 1322 σοι
1061 1260 1091 1320 ἐν
1103 1254 1217 1343 κιθάρᾳ
1232 1255 1342 1336 ὁάνιος
1351 1263 1408 1326 τοῦ

165 1348 193 1415 εἰ
202 1344 248 1413 σύ.
269 1346 286 1389 ⁴
300 1370 317 1408 ο
330 1338 402 1417 θεός
413 1367 470 1426 μου
484 1343 576 1446 ρύσαί
586 1365 621 1424 με
633 1343 666 1404 ἐκ
677 1365 770 1428 χειρος
807 1333 901 1486 Ισραὸή
967 1335 1245 1440 ἨΙάγαλλιάσονται
1263 1344 1303 1406 τά
1329 1344 1410 1428 χείλη

172 1429 181 1452 t

166 1427 357 1514 αμαοτωλού,
379 1428 411 1489 ἐκ
423 1449 516 1530 χειρος
528 1449 573 1489 πα
592 1428 771 1527 ανομοῦντος
801 1447 858 1500 μου
894 1444 950 1485 ταν
960 1423 1052 1504 ψαλω
1067 1449 1130 1502 σοι,
1155 1427 1206 1489 καί
1223 1420 1337 1529 ήηνυχή
1350 1453 1409 1507 μου

165 1515 218 1578 καὶ
229 1489 410 1582 άδικοῦντος.
431 1510 504 1571 ὅὸτι
517 1504 553 1571 σύ
567 1449 622 1588 ελή
637 1507 770 1590 υπομονή
802 1499 838 1588 ήν
851 1499 1018 1588 ἐλυτριύσω.
1044 1505 1076 1547 ²⁴
1089 1510 1133 1571 ἔτι
1146 1506 1243 1570 δὲκαὶ
1256 1534 1273 1590 η
1286 1506 1409 1586 γλῶσσά

165 1620 223 1680 μου
235 1588 325 1677 κύριε,
338 1587 417 1674 κύριε
431 1587 448 1673 ή
463 1589 544 1663 ἐλπίς
555 1614 614 1671 μου
626 1590 658 1652 ἐκ
669 1585 770 1672 νεότη-
801 1612 857 1668 μου
871 1583 942 1669 ὅλην
953 1587 1007 1670 τήν
1020 1586 1129 1672 ήμίραν
1139 1586 1284 1673 μελετήσει
1298 1592 1352 1676 τήν
1363 1592 1410 1656 δι-

166 1673 219 1751 τός
236 1700 302 1758 μου.
328 1674 407 1736 θέπί
425 1672 457 1738 οὲ
476 1676 690 1774 ἐπεστηρίηθην
707 1667 770 1736 ἀπὸ
802 1666 960 1752 καιοσύνην
974 1696 1043 1745 σου,
1069 1671 1144 1736 ὅταν
1160 1677 1343 1756 αἰσχυνθῶσι
1357 1676 1410 1739 καί

165 1756 310 1840 γαστρὸς,
336 1757 368 1820 ἔκ
393 1756 508 1830 κοιλίας
531 1777 641 1840 μητρος
656 1779 717 1859 μου
735 1749 771 1819 σύ
803 1756 988 1840 ἐντραπῶοιν
1000 1758 1030 1818 οἰ
1041 1755 1190 1838 ζητοῦντες
1205 1754 1244 1820 τὰ
1256 1753 1335 1823 κακά
1350 1782 1410 1841 μοι.

166 1869 223 1928 μου
248 1839 277 1905 εἰ
296 1835 471 1964 σκυταστής.
498 1840 528 1902 ἐν
550 1840 598 1902 σοὶ
617 1833 634 1920 ή
653 1841 771 1920 υμνησίς
1066 1833 1147 1902 oA‘.

165 1951 224 2008 μου
236 1919 406 1997 διαπαντός.
457 1920 520 1996 ὦςεί
533 1922 620 2005 τέρας
632 1915 772 2004 ἐγενήθην
829 1921 843 1950 ⁰
991 1918 1220 2006 ΕἰςΣαλωμιύν.

166 2020 230 2082 τοῖς
241 2003 376 2080 πολλοῖς,
389 2005 440 2069 καὶ
453 2005 487 2069 σύ
491 2000 610 2107 βοηθὸς
621 1998 770 2088 κραταιός.
805 1967 855 2069 0
867 2000 939 2078 θεὸς
950 2001 987 2069 τὸ
1001 2010 1090 2090 κρίμα
1099 2031 1152 2070 σου
1165 2010 1210 2088 τῷ
1221 2005 1338 2092 βασιλεί
1346 2007 1409 2086 δδς,

168 2084 384 2192 8πληρωθήτιο
397 2084 432 2152 τὸ
446 2111 542 2168 στομα
552 2111 612 2171 μου
625 2088 771 2161 αἰνέσεως,
803 2085 855 2149 καί
869 2083 925 2170 τήν
941 2084 1126 2172 δικαιοσύνην
1144 2113 1200 2154 σου
1219 2094 1263 2173 τῷ
1281 2093 1336 2173 υἰῷ
1352 2093 1410 2155 τοῦ

168 2170 252 2247 ὅπως
265 2166 380 2253 ύμνησω
393 2169 448 2255 τήν
460 2165 550 2246 δόξαν
563 2194 627 2244 σου,
637 2165 709 2251 ὅλην
718 2168 773 2254 τήν
802 2168 957 2255 βασιλέως.
970 2172 1094 2257 2κρίνειν
1105 2171 1158 2235 τὸν
1170 2166 1244 2236 λαόν
1257 2197 1313 2237 σου
1323 2176 1355 2238 ἐν
1363 2174 1410 2239 δι-

166 2253 282 2361 ήμέραν
292 2252 347 2336 τήν
357 2246 611 2338 μεγαλοπρέπειάν
625 2277 687 2317 σου.
708 2249 773 2336 ομή
802 2247 961 2345 καιοσύνη,
986 2255 1038 2318 καί
1060 2252 1132 2330 τούς
1148 2249 1285 2338 πτωχούς
1304 2281 1360 2322 σου
1376 2261 1410 2324 ἰν

168 2340 341 2430 απυρρίψης
364 2360 400 2420 με
417 2340 456 2412 εἰς
473 2334 578 2418 καιρὸν
592 2330 716 2421 νήρους,
742 2337 773 2398 ἰν
801 2339 902 2420 κρίσει.
937 2334 1140 2424 3άναλιιβέτιο
1158 2336 1198 2402 τά
1217 2337 1274 2422 ὅρη
1292 2335 1408 2424 εἰρήνην

167 2426 213 2505 τῴ
224 2420 364 2485 ἐκλείπειν
381 2416 434 2524 τήν
453 2413 535 2567 ίοηύν
550 2444 608 2501 μου
624 2416 665 2502 μή
683 2421 771 2495 ἐγκα-
803 2421 848 2483 τιά
856 2417 924 2502 λαῷ
932 2443 998 2494 σου,
1007 2421 1060 2484 καί
1068 2424 1099 2486 οἰ
1106 2424 1217 2507 βουνοί.
1230 2421 1284 2486 4ἐν
1294 2423 1409 2487 δικαιο-

168 2504 295 2597 ταλίπης
306 2527 348 2586 με.
366 2504 394 2545 ¹⁰
400 2499 446 2566 σ’τι
459 2527 471 2565 ε
483 2525 544 2566 παν
556 2505 588 2566 οἰ
599 2503 707 2586 ἐχθροί
716 2526 773 2582 μου
803 2481 877 2593 σύνη
893 2512 985 2606 κρινεῖ
998 2500 1068 2579 τοὺς
1084 2502 1222 2587 πτωχούς
1241 2509 1301 2570 τοῦ
1318 2504 1409 2582 λαοῦ,

169 2590 248 2670 ἐμοὶ,
272 2589 323 2652 καί
341 2589 373 2649 οἰ
389 2580 587 2668 φυλάσσοντες
603 2583 658 2667 τήν
675 2577 773 2666 ψυχήν
802 2586 855 2649 καί
879 2609 968 2649 σωσει
987 2584 1059 2661 τοὺς
1074 2584 1156 2662 υἱούς
1179 2591 1241 2650 τῶν
1263 2583 1407 2673 πενήτων.

167 2695 227 2753 μου
236 2664 449 2754 ἐβουλεύσαντο
459 2665 633 2743 ἐπιτοαυτὸ,
642 2665 773 2744 11λέγον·
802 2668 855 2731 καί
862 2663 1035 2734 ταπεινούσει
1045 2665 1238 2752 συκοφάντην,
1250 2670 1321 2736 6καὶ
1332 2696 1408 2747 συμ-

167 2777 222 2827 τες,
241 2777 259 2815 ο
271 2751 344 2826 θεὸς
356 2750 542 2827 ἐγκατέλιπεν
554 2747 658 2822 αὐτὸν,
677 2773 772 2813 κατα·
801 2762 966 2836 παραμενεῖ
977 2756 1022 2835 τῷ
1040 2749 1129 2835 ήλίῳ,
1154 2754 1206 2816 καί
1218 2750 1280 2834 πρὸ
1293 2757 1345 2836 τής
1360 2773 1408 2813 σε·

167 2830 291 2908 διιύξατε
315 2833 367 2897 καί
390 2830 569 2917 καταλάβετε
590 2829 699 2907 αύτὸν,
725 2827 773 2896 ὅτι
802 2828 997 2918 λήνηςμενεάς
1007 2840 1119 2910 γενεῶν.
1135 2830 1353 2918 6καταβήσεται
1365 2833 1408 2909 ὡς

167 2916 222 2982 οὐκ
236 2912 346 2979 ἔστινό
379 2910 504 2998 υόμενος.
518 2911 648 2989 12ὁθεὸς
658 2912 698 2996 μή
711 2939 772 2997 μα·
801 2912 887 2990 ὑετὸς
910 2917 960 2980 ἐπὶ
975 2911 1088 2989 πόκον,
1112 2917 1164 2978 καὶ
1181 2913 1246 2989 ὡςεί
1264 2913 1408 2991 σταγόνες

168 2993 273 3088 κρύνης
290 2995 340 3063 ἀπ’
377 3001 451 3081 μοῦ,
477 2993 585 3071 ὁθεύς
597 3022 655 3080 μου
668 3001 708 3072 εἰς
719 2997 773 3100 τήν
802 2993 959 3076 στάζουσαι
976 2998 1026 3060 ἐπὶ
1040 2995 1095 3079 τήν
1111 3000 1174 3077 γῆν.
1201 2995 1407 3063 7οἰνατελεῖέν

166 3076 312 3169 βοήθειάν
328 3104 386 3163 μου
403 3074 536 3165 πρύσχες.
568 3081 595 3122 ¹³
609 3082 736 3163 αἰσχυνθ
756 3121 772 3132 -
801 3091 867 3156 ταῖς
888 3079 1007 3165 ἡμέραις
1025 3078 1121 3143 αὐτοῦ
1139 3074 1325 3163 δικαιοσύνη,
1351 3084 1406 3146 καί

167 3187 268 3229 τωσαν
286 3165 337 3227 καί
355 3162 556 3228 ἐκλιπέτωσαν
573 3165 605 3228 οἰ
617 3107 772 3249 ἐνδιαβάλ-
800 3163 919 3247 πλῆθος
943 3157 1053 3245 εἰρήνης
1075 3166 1130 3236 ἕως
1148 3153 1186 3226 ού
1205 3159 1408 3271 άνταναιρεθή

167 3246 265 3323 λοντες
276 3245 328 3331 τήν
339 3242 437 3330 ψυχήν
446 3271 514 3328 μου,
526 3245 771 3330 περιβαλλέσθω·
802 3242 821 3329 ή
845 3240 954 3330 σελήνη.
992 3245 1072 3309 8νιαί
1096 3240 1318 3330 κατακυριεύσει
1342 3246 1408 3314 ἀπο

167 3357 222 3397 σαν
236 3326 372 3437 αἰσχύνην
382 3330 434 3394 καί
446 3327 590 3412 ἕντροπήν
607 3332 638 3393 οἰ
650 3330 770 3412 ζητοῦν·
801 3323 957 3414 θαλάσσης
969 3331 1024 3403 ἕως
1032 3323 1199 3411 θαλάσσης,
1208 3331 1260 3392 καί
1272 3327 1337 3396 ἀπὸ
1345 3357 1408 3396 πο-

166 3440 212 3491 τες
223 3413 262 3480 τά
274 3441 353 3480 κανα
363 3439 424 3497 μοι.
448 3412 478 3455 ¹⁴
491 3412 550 3489 ἐγώ
565 3411 596 3477 δὲ
609 3409 771 3486 διαπαντὸς
802 3416 899 3496 ταμοῦ
925 3417 979 3487 ἕως
1003 3406 1138 3496 περάτων
1155 3416 1208 3494 τῆς
1228 3416 1406 3497 οἰκουμένης.

166 3499 276 3572 ε’λπιῶ,
301 3504 352 3565 καί
363 3493 527 3579 προςθήσω
545 3498 709 3560 ἒπίπάσαν
720 3494 772 3576 τήν
802 3490 959 3562 9ἐνιύντιον
981 3493 1077 3561 αὐτοῦ
1103 3499 1323 3577 προπεσούνται
1342 3502 1406 3562 Αἶ-

167 3583 273 3646 αἴνεσίν
284 3607 347 3646 σου.
373 3581 400 3624 ¹⁵
412 3577 450 3643 τὸ
464 3577 562 3662 στόμα
575 3603 634 3660 μου
652 3579 771 3655 {Eam—
800 3585 919 3655 θίοπες,
932 3580 984 3643 καί
995 3581 1024 3641 οἰ
1035 3581 1140 3662 ἐχθροὶ
1152 3576 1250 3644 αὐτοῦ
1261 3584 1333 3662 χοῦν
1344 3580 1405 3643 λεί-

166 3664 210 3727 λεῖ
223 3663 288 3750 Ιτήν
313 3659 503 3745 δικαιοσύνην
524 3686 594 3736 σου,
621 3656 693 3742 ὅλην
715 3656 771 3761 τήν
801 3663 894 3736 ξουσι.
911 3660 1074 3748 10βασιλεῖς
1091 3662 1204 3746 Θαρσὶς
1215 3663 1311 3726 καλαί
1322 3666 1404 3744 νήσοι

165 3744 277 3829 ἡμέραν
301 3743 357 3828 τήν
382 3750 532 3830 σωτηρίαν
555 3769 619 3808 σου.
646 3740 693 3807 δτι
715 3767 769 3806 ουν
801 3745 886 3830 δῶρα
902 3750 1109 3830 προςοίσουσι,
1133 3744 1258 3830 βασιλεῖς
1266 3739 1404 3827 Ἀράβων

166 3831 479 3909 ἔννωνπρανματείας.
498 3821 770 3927 1ὅείςελεύσομαιέν
801 3830 852 3892 καί
870 3827 959 3913 Σαβὰ
983 3827 1066 3911 δῶρα
1090 3822 1275 3910 προςάξουσι.
1312 3827 1336 3865 ¹¹
1350 3827 1403 3890 καί

165 3910 320 3991 δυναστείᾳ
332 3914 448 3992 κυρίου,
472 3903 552 3994 κύριε
562 3917 769 3992 μνησθησομαι
800 3905 1051 3994 προςκυνήοουσιν
1063 3908 1148 3993 αὐτῷ
1160 3907 1264 3982 πάντες
1276 3910 1306 3971 οἱ
1315 3910 1404 3993 βασι·

165 3996 217 4093 τής
229 3986 416 4071 δικαιοσύνης
433 4016 490 4055 σου
503 3985 605 4073 μόνου.
631 3990 658 4031 ¹⁷
671 3988 768 4052 ἐδίδα-
800 3992 867 4067 λεῖς,
879 3987 980 4057 πάντα
992 3989 1032 4055 τά
1045 3995 1119 4076 ἔθνη
1130 3987 1335 4058 δουλεύσουσιν
1346 3990 1405 4057 αύ-

164 4075 217 4152 ξας
228 4099 262 4155 με
273 4071 291 4137 ὁ
304 4070 376 4146 θεὸς
389 4075 421 4135 ἐκ
434 4070 568 4155 νεότητός
579 4096 646 4172 μορ,
656 4072 707 4172 uqi
716 4073 767 4152 με’-
799 4078 852 4156 τῷ.
876 4077 904 4117 ¹²
917 4070 963 4138 δἐι
976 4070 1124 4159 ἰῤῥύσατο
1136 4072 1258 4178 πτωηδν
1271 4077 1303 4138 δν
1315 4069 1405 4140 δυνά-

163 4154 458 4282 220,
472 4155 768 4302 τείνειεν.
797 4149 1126 4305 καίνειν
1140 4157 1404 4305 wag&

165 4317 235 4396 θεὸς
247 4318 286 4404 μή
298 4260 500 4412 ἵνςνάάάλίύτςης
510 4344 545 4402 με
557 4237 660 4392 &affl
669 4315 769 4396 ἇπαγ-
798 4265 959 4406 καλιψυχάς
971 4267 1298 4404 πενήιτωνλύκύᾝάῗῶ
1310 4265 1404 4389 τύκοοςύ

162 4403 251 4483 νείλω
263 4402 315 4469 τὸν
326 4397 470 4502 βραχίονά
480 4427 535 4467 σου
544 4396 630 4495 πάση
640 4405 679 4496 τῇ
687 4407 768 4485 γενεᾷ
798 4407 850 4470 καί
867 4406 897 4480 ἐξ
911 4404 1026 4479 ἀδικίας
1043 4401 1223 4486 λυτρούσεται
1240 4402 1295 4480 τὰς
1307 4403 1404 4491 ψυχάς

162 4493 200 4584 κη’
208 4489 356 4577 ἐρχομένη.
369 4507 424 4569 την
435 4485 608 4555 δυναστείαν
618 4508 674 4551 σου
685 4485 769 4551 1διιαί
798 4485 913 4564 αὐτῶν,
939 4486 992 4552 καί
1010 4488 1128 4569 ἔντιμον
1142 4484 1181 4552 τὸ
1193 4485 1291 4571 ὄνομα
1303 4487 1404 4556 αὐταῖν

1278 4566 1404 4637 ἰνυίπιον
