2924 4972
457 235 760 295 ΙΕΖΕΚΙΗΛ
801 235 876 311 Κιη
890 226 935 304 ις’
950 229 1000 295 16
1281 233 1347 302 893

106 362 235 457 σιὀυμου
245 380 296 419 και
289 357 335 418 ἐκ
344 358 399 417 τοῦ
409 359 553 437 αργυρισυ
558 345 711 455 μσυ,ἐξων
742 358 811 434 τιίη.
837 356 889 418 καὶ
901 357 1000 431 ἐχίνου
1013 351 1053 427 ὡς
1066 350 1162 457 πόρνη
1173 375 1347 433 συνάγουσα

105 435 203 503 ἐθωκά
217 464 279 512 σοι,
296 464 346 501 και
339 439 503 518 ’ἐποίησας
515 460 622 528 σιαυτη
636 434 711 500 εἰκό-
740 415 937 537 μισθώματα,
973 436 1032 478 33
1015 464 1035 539 η
1054 461 1128 519 γυνη
1146 463 1165 519 η
1184 440 1347 542 μριχωμένη

105 548 158 621 νας
184 519 351 630 ρἰρσινικάς,
377 519 428 582 καί
453 481 660 620 ἐξιπόρντυσας
681 521 712 582 ἐν
742 516 838 621 ὁμοία
855 543 918 593 σοι,
942 517 1046 618 παρὰ
1053 543 1106 582 του
1092 517 1291 603 ⁴6v6669'
1254 525 1349 606 αυτῆς

106 604 226 706 αρίταῖς,
251 603 280 645 ¹⁸
295 628 346 666 και
339 600 514 708 ’ἔλαβεςἱ
485 625 538 666 τον
556 600 711 705 ἱματισμόν
742 596 935 708 λαμβάνουσα
947 599 1138 704 μισθώματα,
1156 601 1240 642 ³³
1195 628 1271 667 πασι
1284 616 1349 680 τοῖς

106 688 160 751 τὸν
172 685 309 790 ποικίλρν
322 709 395 758 σου,
414 709 466 748 και
458 684 692 792 ’περιηθμλις’
655 710 712 749 αυ-
743 683 970 793 ἐκπρρνιάσασιν
994 683 1088 787 αιἰτην
1108 684 1282 786 προςεθίδρυ
1299 712 1349 767 μι-

106 771 171 845 τάς,
192 769 243 832 καί
255 792 290 831 το
279 763 408 832 ’ἔλαιόν
404 794 474 870 μου
487 769 537 832 καί
549 793 586 832 το
574 765 711 870 ⁸66766-
744 764 902 849 σθώματα.
919 773 971 833 καὶ
983 794 1019 833 συ
1007 765 1160 842 ’δέδωκας
1170 763 1350 874 μισθώματα

107 850 148 936 μά
159 877 216 958 μρυ
230 853 341 954 ἐθηκμς
353 848 416 936 πρὸ
428 849 588 954 πρσςρίπου
602 849 711 953 66667,
743 855 818 952 πρῖσι
830 861 893 926 τσῖς
905 853 1045 958 ἐρασταῖς
1057 876 1122 925 σου,
1139 876 1191 915 και
1183 846 1349 951 ἰἠόρτιζρς

106 936 196 999 13καλ
208 933 278 1008 τοὺς
291 932 398 1019 άρτσυς
410 961 468 1018 μου
481 930 533 1008 οὓς
545 929 712 1008 ι’·όωκάσσι,
744 931 856 1008 αὐτοὺς
873 939 929 997 τοῦ
947 938 1086 1019 ἔρχεσθαι
1102 931 1248 1057 πρὸς
1194 957 1226 998 σε
1219 929 1350 998 κυκλό-

109 1017 255 1101 σεμιδαλιν
264 1017 427 1081 καιελαιον
436 1043 487 1081 και
480 1016 586 1097 μιλα
588 1012 713 1120 ψώμισά
744 1020 890 1165 θινέντῇ
902 1024 1024 1101 πορνεία
1038 1041 1101 1080 σου.
1142 1014 1350 1092 4καὶένένιτσ

110 1127 157 1176 σε,
180 1125 232 1165 και
223 1102 356 1208 ἔθηκας
369 1098 447 1165 αιἰτά
466 1099 528 1184 πρὸ
547 1097 712 1206 προςώπου
745 1103 776 1165 ν
789 1125 838 1164 σοι
830 1091 1079 1185 θιτοτραμμινσν
1087 1123 1172 1184 παρα
1182 1097 1236 1174 τάς
1244 1110 1351 1204 χρναῖ-

110 1183 212 1249 αὐτῶν
224 1186 263 1284 ρίς
275 1181 366 1263 ὀσμὴν
378 1183 511 1290 ιῦριδίας
526 1210 576 1248 και
569 1186 713 1292 ⁸676ret6,
744 1209 798 1258 κας
810 1185 893 1247 ἐν
855 1209 891 1286 τη
905 1191 1028 1269 πορνείᾳ
1046 1208 1118 1259 σου,
1144 1184 1195 1248 καὶ
1206 1183 1280 1283 μετά
1293 1186 1351 1247 σοῦ

110 1261 234 1341 λέγει’
200 1290 308 1373 κρριρς,
326 1268 357 1308 ²⁰
367 1292 419 1330 και
411 1266 537 1351 ’ἔλαβες
549 1267 619 1368 τρὺς
632 1261 714 1342 υἶοάς
744 1268 988 1370 πιπορνιάκασιν,
1014 1270 1044 1330 ἐν
1055 1292 1098 1349 τῳ
1085 1260 1329 1368 ’πρσςόιιλόναι
1320 1290 1353 1330 σε

110 1375 165 1414 σου
178 1354 229 1412 καὶ
241 1348 295 1423 τὰς
307 1350 475 1452 θυγατέρας
486 1375 540 1415 σου
553 1345 588 1424 άς
597 1353 711 1451 ἐγέννη-
744 1346 939 1457 μισθώματα,
966 1352 1017 1414 καί
1034 1352 1083 1415 666
1098 1344 1282 1431 μισθώματα
1295 1347 1351 1413 οὐκ

90 1439 92 1442 ’
112 1459 179 1531 ρας,
198 1458 249 1496 και
241 1435 375 1506 ’ἔθυσας
388 1432 491 1507 αὐτοῖς
503 1436 542 1507 είς
555 1430 713 1538 ἀνάλωσιν.
746 1430 854 1515 ἐδόθη,
880 1459 932 1497 και
924 1435 1059 1510 ’ἐγένετο
1077 1437 1109 1497 ἐν
1128 1457 1177 1496 σοι
1169 1433 1351 1534 διεστραμ-

112 1517 151 1589 ὡς
162 1540 250 1618 μικρα
238 1512 491 1598 ’ἐξεπόρνευσας,
516 1515 932 1623 31καὶέσιρα-με’νρι.33ιίιά
948 1520 1038 1581 τοῦτο
1051 1512 1148 1618 πόρνη
1161 1512 1250 1579 άκουε
1262 1510 1353 1620 λόγον

111 1603 162 1676 ξας
181 1597 326 1662 τὰτέκνα
345 1622 417 1672 σου,
443 1624 495 1662 και
486 1597 673 1699 ἐὛίοικρις
634 1596 716 1701 μυτά
747 1605 857 1683 κυρίου.
876 1595 1220 1705 33τάδελέμιικάριος.
1226 1596 1292 1663 ἄνθ’
1310 1589 1353 1661 ὧν

112 1685 198 1745 ἐν’
156 1706 198 1763 τῳ
219 1678 500 1780 ἆπστρσπιάζισθαί
517 1708 550 1746 σε
566 1681 647 1783 6616
660 1680 716 1747 αὖ·
748 1679 909 1783 ἐξέχεας“
878 1707 931 1747 τον
948 1678 1063 1792 χαλκόν
1076 1707 1144 1758 σου,
1170 1683 1220 1746 καί
1232 1681 1352 1747 οἰποκα-

112 1775 184 1838 τοῖς.
209 1765 240 1806 33
253 1769 344 1829 τοῦτο
359 1760 453 1870 παρά
456 1769 560 1829 πᾶσαν
572 1789 626 1846 την
637 1790 716 1849 πσρ-
747 1761 930 1872 λιιηθησιται
947 1793 967 1867 η
980 1771 1102 1868 αισχυνη
1114 1789 1168 1828 σου
1181 1768 1262 1828 ἐν’
1223 1788 1260 1856 τη
1274 1789 1351 1849 πορ-

111 1852 191 1946 νιίριν
204 1871 275 1922 σου,
301 1850 352 1912 καὶ
371 1845 426 1950 666
439 1844 588 1946 ἐμνησθης
600 1871 651 1929 της
664 1872 714 1932 νη-
748 1854 808 1930 νιία
827 1873 881 1949 ρου
898 1847 976 1951 πρὸς
991 1872 1064 1921 τους
1081 1841 1209 1931 ἐραστάς
1226 1872 1290 1950 ρου,
1301 1846 1353 1910 καὶ

111 1925 253 2030 πιότητός
280 1955 354 2004 666,
381 1925 430 1995 ότι
452 1941 537 2012 ησθα
551 1932 648 2030 νυμνη
665 1933 716 1995 καὶ
748 1935 786 2006 είς
797 1927 1354 2039 πάντριταένθυμηματατώνάνομιών

112 2011 335 2118 ἀσχημονοῦσα,
362 2016 530 2138 πεφυρμένη
556 2016 588 2078 ἐν
604 2038 649 2096 τῳ
633 2017 716 2077 ⁴6⁴6-
748 2039 819 2089 σου,
841 2017 892 2078 καί
916 2017 947 2079 ἐν
968 2026 1032 2089 τοῖς
1045 2017 1153 2117 αἵμασι
1170 2017 1231 2076 τών
1247 2016 1354 2076 τέκνοιν

111 2119 182 2196 μσρτι
201 2122 254 2160 σου
255 2097 443 2198 ἐζησας33
456 2120 508 2161 και
499 2098 633 2173 ἐγενετο
634 2121 716 2198 μιτα
749 2123 806 2163 σου
826 2089 868 2162 ὧν
886 2098 1000 2173 ἐθωκας
1017 2094 1130 2199 αὐτοῖς.
1155 2097 1184 2138 ³⁷
1197 2095 1246 2162 διὰ
1260 2099 1352 2161 τοῦτο

111 2174 211 2253 πάσας
228 2176 282 2251 τάς
298 2186 402 2252 κακίας
421 2204 506 2255 σου,
503 2175 642 2255 λέγει’
607 2205 716 2264 κυριος,
749 2180 815 2279 6666
826 2176 884 2256 676
896 2177 1067 2259 ἐπισυνάνω
1074 2203 1193 2253 πάντας
1202 2204 1274 2253 τους
1268 2203 1353 2281 ερα

113 2257 516 2367 33κμὶῴκσόόμησαςσεαυτη
525 2262 633 2366 σίκημρι
642 2287 716 2342 πυρ-
749 2287 821 2368 στρις
847 2287 903 2363 ρσυ
920 2265 952 2326 ἐν
974 2264 1019 2364 ρῖς
1029 2263 1203 2363 ἐπιμίνης’
1188 2284 1219 2324 εν
1240 2259 1353 2335 αὐτοῖς,

113 2342 211 2415 νικὸν,
236 2347 287 2406 καὶ
312 2345 457 2425 ἐποίησας
475 2348 598 2448 σεαυτῇ
605 2346 717 2424 ἐκθεμα
748 2345 800 2407 καί
815 2341 931 2418 πάντας
951 2340 1004 2419 οὓς
1023 2339 1180 2447 ἠγάπησας
1198 2365 1252 2406 συν
1262 2347 1354 2407 πᾶσιν

114 2427 145 2487 ἔν
151 2420 251 2528 πάση
276 2423 418 2506 πλατιία,
443 2423 472 2466 33
485 2449 536 2487 και
529 2423 598 2489 ἐπ”
628 2425 717 2529 άρχης
749 2427 793 2500 οἷς
806 2429 917 2527 ἐμίσιις.
943 2451 994 2491 και
986 2422 1126 2500 συνάξω
1138 2422 1354 2500 αὖτοὺςέπίσέ

112 2503 212 2591 πάσης
233 2497 309 2573 6666
328 2485 571 2610 ᾠκσίλόμησρις“
538 2532 578 2572 τα
593 2506 717 2614 πορνιῖά
749 2507 904 2584 κυκλόθεν,
918 2535 968 2572 και
962 2504 1218 2614 ⁸666666666⁸
1184 2530 1238 2584 τας
1250 2516 1355 2586 κακίας

114 2616 185 2689 σομ,
201 2617 249 2656 και
244 2587 397 2691 ’ἐλυμηιω
411 2614 445 2655 τσ
433 2586 566 2666 ’κάλλος
578 2616 641 2655 σου
667 2593 718 2657 καί
750 2618 803 2694 σρυ
815 2588 902 2699 πρὸς
904 2589 1028 2668 αὐτοὺς,
1047 2592 1099 2656 καί
1112 2590 1241 2701 ὅιμονται
1253 2597 1355 2657 πᾶσαν

113 2669 293 2780 διημαγις“
260 2700 299 2739 τα
312 2674 399 2757 σκελη
409 2699 466 2740 666
477 2698 569 2738 παντι
561 2671 717 2760 ⁸666666,
750 2699 804 2758 την
818 2671 957 2776 αἰσχύνην
972 2700 1035 2750 σου,
1058 2675 1090 2718 33
1102 2701 1153 2739 και
1146 2670 1311 2783 ’ἐκόρκησω
1323 2701 1354 2740 σι

113 2758 166 2819 καί
195 2754 368 2856 ἐπληθυνας
395 2781 451 2841 την
478 2763 621 2864 πρρνείριν
652 2782 718 2866 ρσμ,
750 2753 891 2841 ἐκδικησιι
904 2756 1090 2864 μοιχαλίρίος,
1115 2783 1166 2822 και
1157 2753 1265 2839 θησοι
1280 2762 1355 2824 σιέν

113 2840 144 2880 ²⁶
160 2841 212 2903 καί
236 2836 443 2946 ἐξιπόρνευσας
467 2842 517 2905 ἐπὶ
540 2838 612 2916 τοὺς
637 2839 719 2942 66669
751 2846 854 2942 αἵματι
866 2845 968 2923 θαμσυ
982 2866 1033 2905 και
1026 2840 1143 2943 ⁸{6666
1157 2841 1242 2905 33και
1240 2866 1355 2949 παρα

113 2918 272 3024 Αἰγάπτομ
290 2923 361 2998 τοὺς
379 2920 564 3031 ὁμοροῦντάς
585 2950 631 2989 σοι
648 2922 720 3000 τοὺς
751 2925 840 2988 6666
854 2949 884 2988 σε
897 2929 935 2999 εἰς
937 2935 1043 3026 χεῖρας
1056 2921 1171 3027 αὐτῶν,
1196 2925 1248 2989 καί
1260 2949 1354 2990 κατα-

112 3001 368 3109 μεχαλοσάρκους,
401 3010 452 3071 καί
475 3007 637 3092 πολλαχῶς
658 3007 717 3083 ἐξι-
751 3004 851 3089 σκάιμσ
853 3032 899 3072 υσι
911 3033 949 3072 τα
945 3019 1099 3108 πορνειον
1111 3033 1181 3083 σου,
1200 3032 1250 3070 και
1244 3009 1355 3073 6666-

112 3085 278 3190 πόρνευσας
294 3095 351 3193 τρῦ
362 3095 544 3200 παρρρμίσαι
555 3116 597 3173 μι.
624 3093 653 3134 ²²
666 3089 719 3156 ἐὰν
751 3025 877 3155 66666⁸
847 3115 904 3192 την
913 3087 1003 3177 βάσιν
1016 3115 1080 3167 σου,
1093 3117 1145 3155 και
1137 3085 1314 3156 ’ἐκδόσουσί
1326 3115 1355 3195 με

113 3171 146 3236 66·
158 3176 276 3237 ἐκτιίνω
295 3197 349 3253 την
364 3170 445 3277 χεῖρά
456 3200 514 3255 μου
531 3172 625 3239 ἐστί’
594 3198 641 3250 σε,
668 3176 719 3239 καί
751 3172 790 3239 τά
804 3168 909 3277 ἱμάτιά
920 3200 986 3276 σορ,
997 3199 1048 3239 και
1040 3140 1250 3283 ’ληίμρνται“
1217 3198 1255 3238 τα
1267 3170 1356 3260 σκιάη

113 3251 257 3339 ἐξάρω“
224 3281 263 3360 τρι
275 3255 385 3358 νόμιμρί
398 3283 469 3333 σου,
484 3284 535 3323 και
524 3225 718 3343 ’παραόώσισ
751 3282 803 3340 της
818 3252 999 3361 καυχησεώς
1002 3283 1066 3323 σου.
1091 3284 1144 3324 και
1135 3254 1314 3342 ’άφησουσί
1324 3283 1356 3324 σε

113 3344 201 3422 εἰςψ
175 3339 273 3442 ψυχάς
288 3337 454 3443 μισούντων
473 3365 521 3414 σε,
546 3344 718 3427 θυγατέρας
749 3366 875 3444 χυμνην,
906 3343 958 3404 καί
982 3368 1003 3405 α
1039 3345 1212 3445 ημσνοῦσριν.
1252 3339 1285 3382 ⁴⁰
1304 3343 1356 3404 καί

113 3420 344 3525 ριλλοφυλοιμ“
312 3449 364 3497 τας
378 3421 565 3498 ἐκκλινοόσας
579 3449 611 3488 σε
623 3427 704 3487 ἐκ
668 3449 718 3524 της
751 3423 869 3528 άξσυριν
880 3425 930 3487 ἐπὶ
942 3447 974 3485 σε
964 3339 1118 3528 ‘6606
1126 3446 1178 3484 και
1170 3418 1356 3522 ⁸61666666·

113 3500 190 3568 6666
202 3528 258 3567 666
271 3529 305 3608 ης
318 3503 469 3604 ησέβησας.
491 3506 522 3546 ²⁸
535 3507 587 3569 καλ
597 3501 718 3609 ἐξιπόρ-
751 3510 841 3570 σσυσί
852 3527 885 3567 σε
897 3506 929 3567 ἐν
942 3504 1050 3578 λίθοις,
1068 3528 1121 3604 κμι
1111 3504 1357 3582 ’κατασφαξουσί

112 3610 212 3658 νιυσας
237 3588 287 3649 ἐπὶ
311 3583 364 3659 τάς
388 3587 557 3686 θυγατέρας
576 3584 717 3732 Ἀοροὺρ,
752 3611 783 3651 σε
802 3589 915 3660 ἐντοῖς
933 3582 1162 3666 ξίφιοννάυτών.
1201 3583 1355 3695 31ιραί-ἐμ

113 3695 164 3769 κορι
156 3664 295 3731 '666‘
263 3692 360 3741 ουτως
371 3662 475 3733 ἐνιπλι
467 3677 569 3750 σθης,
595 3670 646 3732 καί
659 3670 716 3744 ἐξε-
750 3692 898 3769 πρησουσι
914 3667 986 3742 τοὺς
1004 3669 1105 3743 οἴκους
1122 3692 1179 3735 σου
1191 3694 1285 3772 πυρι,
1305 3672 1357 3735 καί

112 3748 279 3853 πόρνιυσας
298 3753 349 3814 καί
366 3749 420 3817 οὐκ
435 3696 590 3816 ἐνίπίπλα.
624 3752 654 3794 ²⁹
668 3753 719 3855 κριί
750 3773 922 3833 ποιησουσιν
939 3753 971 3814 ἐν
996 3776 1043 3815 σοι
1036 3746 1214 3853 ’ἐκδικησεις
1231 3749 1356 3820 ἐνώπιον

113 3833 284 3935 ἐπληθυνας
310 3831 363 3910 τὰς
388 3833 537 3936 διαθηκας
560 3859 615 3898 σου
640 3832 718 3936 πρὸς
750 3856 898 3911 γυναικών
909 3832 1039 3897 πολλων
1057 3836 1107 3899 καί
1121 3833 1310 3939 άποστρέηιρυ
1323 3860 1355 3901 σε

113 3944 151 4002 y
152 3944 170 3985 ν
188 3918 368 3991 Χαλδαιών,
395 3919 446 3982 καί
467 3915 536 3982 οὐδὲ
554 3919 586 3982 ἐν
602 3913 718 3994 τούτοις
751 3919 782 3979 ἐκ
806 3921 963 4020 πορνιίρις,
988 3918 1039 3981 καί
1059 3912 1243 4020 μισθώματα
1259 3915 1297 4022 66
1315 3947 1356 4005 μη

114 3947 301 4087 ἐνιπλησθης.
339 4002 413 4044 ³⁰⁸
384 4025 411 4065 τι
430 3999 580 4066 διαθώ“
548 4025 603 4084 την
618 4012 718 4079 θυμα-
751 3996 886 4100 66666’
853 4002 961 4063 ουκέτι.
975 3996 1266 4104 33καίέπαφησοι“
1233 4013 1356 4068 τονθυ-

113 4110 188 4168 τερα
200 4111 269 4162 σου,
282 4080 512 4191 λέγεικάριοςς
528 4087 615 4167 ἐντῷ
628 4111 718 4189 ποιη-
750 4078 819 4186 μόν
829 4107 889 4166 μου
913 4083 964 4147 ἐπὶ
981 4080 1030 4159 66,
1055 4085 1106 4148 καί
1124 4079 1351 4188 ἐξαρθηριται“
1337 4112 1356 4151 σ

114 4172 167 4270 σορί
191 4193 223 4231 σε
247 4166 349 4233 πάντα
374 4173 473 4233 ταῦτα
491 4172 566 4252 ἔργα
582 4193 718 4246 γυναικος
751 4161 836 4273 ζηλός
845 4191 908 4269 μορ
926 4167 957 4229 ἐκ
971 4171 1034 4230 σοῦ.
1062 4168 1112 4233 καὶ
1124 4163 1354 4273 άναπαάσομαι,

112 4245 239 4360 πόρνης,
263 4276 313 4314 και
306 4249 534 4351 ’ἐξεπόρνεασας
547 4254 672 4352 τρισσώς
686 4254 718 4315 ἐν
750 4251 801 4314 καὶ
819 4247 856 4314 66
870 4276 910 4334 μη
923 4274 1087 4352 μιριμνησρν
1100 4248 1207 4316 ονἰκέτι.
1239 4248 1301 4292 ⁴³'
1284 4247 1353 4315 ανθ’

112 4344 178 4407 ταῖς
194 4329 369 4432 θυγατράσι
386 4360 452 4437 ορυ.
484 4332 555 4377 ³¹⁸
524 4359 560 4398 το
568 4344 718 4437 πορνεῖον
750 4323 793 4397 ών
805 4332 861 4398 οὐκ
869 4328 1074 4435 ἐμνησθης
1039 4359 1090 4418 της
1103 4328 1279 4434 νηπιότητός
1292 4358 1356 4408 σου,

112 4412 341 4515 ᾠμοδόμησαςέ
341 4414 460 4508 νπάση
473 4414 584 4519 ἆρχη
535 4412 653 4495 ὁδοῦ,
667 4416 718 4480 καί
749 4416 801 4480 καί
826 4413 940 4491 ἐλάσεις
947 4441 1004 4518 με
1016 4420 1135 4482 ἐνπᾶσι
1152 4413 1279 4488 τούτοις.
1304 4417 1356 4480 καί

113 4522 166 4585 την
174 4501 262 4584 βασιν
275 4524 333 4564 σου
346 4487 487 4583 ἐποίηόας
500 4505 532 4566 ἐν
541 4500 624 4593 πάση
636 4499 718 4566 πλα-
751 4495 816 4563 ἰδοὺ
841 4497 900 4576 ἐγώ
919 4497 974 4574 τάς
991 4495 1080 4574 ὁίοάς
1098 4522 1154 4562 σου
1171 4502 1211 4573 ιές
1226 4494 1356 4582 κιφαλην

1299 4607 1355 4648 σσα
