<?xml version="1.0" encoding="UTF-8"?>
<!DOCTYPE html PUBLIC "-//W3C//DTD XHTML 1.0 Transitional//EN"
    "http://www.w3.org/TR/xhtml1/DTD/xhtml1-transitional.dtd">
<html xmlns="http://www.w3.org/1999/xhtml" xml:lang="en" lang="en">
 <head>
  <title>
</title>
<meta http-equiv="Content-Type" content="text/html;charset=utf-8" />
  <meta name='ocr-system' content='tesseract 3.04.00' />
  <meta name='ocr-capabilities' content='ocr_page ocr_carea ocr_par ocr_line ocrx_word'/>
</head>
<body>
  <div class='ocr_page' id='page_1' title='image "./lta-11000/vetustestamentu00essgoog/vetustestamentu00essgoog_1101.png"; bbox 0 0 2924 4972; ppageno 0'>
   <div class='ocr_carea' id='block_1_1' title="bbox 154 171 1287 287">
    <p class='ocr_par' dir='ltr' id='par_1_1' title="bbox 154 171 1287 287">
     <span class='ocr_line' id='line_1_1' title="bbox 154 171 1287 287; baseline -0.019 -27"><span class='ocrx_word' id='word_1_1' title='bbox 154 196 237 260; x_wconf 84' lang='lat'>1000</span> <span class='ocrx_word' id='word_1_2' title='bbox 292 184 671 255; x_wconf 83' lang='grc' dir='ltr'><em>ΜΑΚΚΑΒΑΙΩΝ</em></span> <span class='ocrx_word' id='word_1_3' title='bbox 696 182 962 243; x_wconf 79' lang='grc' dir='ltr'><em>ΔΕΥΤΕΡΟΣ</em></span> <span class='ocrx_word' id='word_1_4' title='bbox 1004 171 1287 287; x_wconf 62' lang='grc' dir='ltr'><strong><em>Εεφ.η’.θ’.8.9.</em></strong></span> 
     </span>
    </p>
   </div>
   <div class='ocr_carea' id='block_1_2' title="bbox 151 301 1419 4626">
    <p class='ocr_par' dir='ltr' id='par_1_2' title="bbox 151 301 1419 4626">
     <span class='ocr_line' id='line_1_2' title="bbox 152 301 1419 394; baseline -0.002 -17"><span class='ocrx_word' id='word_1_5' title='bbox 152 317 184 380; x_wconf 80' lang='grc' dir='ltr'><strong><em>δι’</em></strong></span> <span class='ocrx_word' id='word_1_6' title='bbox 198 316 250 377; x_wconf 88' lang='grc' dir='ltr'><strong><em>καί</em></strong></span> <span class='ocrx_word' id='word_1_7' title='bbox 258 310 452 394; x_wconf 85' lang='grc' dir='ltr'><strong><em>Ἐλεάζαρον,</em></strong></span> <span class='ocrx_word' id='word_1_8' title='bbox 466 308 642 387; x_wconf 86' lang='grc' dir='ltr'><strong><em>παραγνοὺς</em></strong></span> <span class='ocrx_word' id='word_1_9' title='bbox 652 308 708 389; x_wconf 78' lang='grc' dir='ltr'><strong><em>τήν</em></strong></span> <span class='ocrx_word' id='word_1_10' title='bbox 723 310 760 368; x_wconf 88' lang='grc' dir='ltr'><strong><em>ίε-</em></strong></span> <span class='ocrx_word' id='word_1_11' title='bbox 796 303 949 390; x_wconf 77' lang='grc' dir='ltr'><strong><em>αλιτήριος</em></strong></span> <span class='ocrx_word' id='word_1_12' title='bbox 974 301 1131 390; x_wconf 69' lang='grc' dir='ltr'><strong><em>Νικάνωρ,</em></strong></span> <span class='ocrx_word' id='word_1_13' title='bbox 1156 301 1175 368; x_wconf 80' lang='grc' dir='ltr'><strong>ὅ</strong></span> <span class='ocrx_word' id='word_1_14' title='bbox 1202 305 1282 382; x_wconf 84' lang='grc' dir='ltr'><strong><em>τοὺς</em></strong></span> <span class='ocrx_word' id='word_1_15' title='bbox 1309 309 1419 392; x_wconf 87' lang='grc' dir='ltr'><strong><em>χιλίους</em></strong></span> 
     </span>
     <span class='ocr_line' id='line_1_3' title="bbox 151 386 1417 482; baseline -0.002 -22"><span class='ocrx_word' id='word_1_16' title='bbox 151 395 208 479; x_wconf 85' lang='grc' dir='ltr'><strong><em>ράν</em></strong></span> <span class='ocrx_word' id='word_1_17' title='bbox 224 396 344 482; x_wconf 97' lang='grc' dir='ltr'><strong><em>βίβλον,</em></strong></span> <span class='ocrx_word' id='word_1_18' title='bbox 370 395 421 457; x_wconf 90' lang='grc' dir='ltr'><strong><em>καί</em></strong></span> <span class='ocrx_word' id='word_1_19' title='bbox 438 389 510 465; x_wconf 84' lang='grc' dir='ltr'><strong><em>δούς</em></strong></span> <span class='ocrx_word' id='word_1_20' title='bbox 527 386 667 473; x_wconf 80' lang='grc' dir='ltr'><strong><em>σύνθημα</em></strong></span> <span class='ocrx_word' id='word_1_21' title='bbox 685 392 763 453; x_wconf 78' lang='grc' dir='ltr'><strong><em>θεοῦ</em></strong></span> <span class='ocrx_word' id='word_1_22' title='bbox 796 389 944 474; x_wconf 80' lang='grc' dir='ltr'><strong><em>ἐμπόρους</em></strong></span> <span class='ocrx_word' id='word_1_23' title='bbox 962 390 1012 452; x_wconf 77' lang='grc' dir='ltr'><strong><em>ἐπὶ</em></strong></span> <span class='ocrx_word' id='word_1_24' title='bbox 1036 388 1090 472; x_wconf 80' lang='grc' dir='ltr'><strong><em>τήν</em></strong></span> <span class='ocrx_word' id='word_1_25' title='bbox 1108 386 1222 473; x_wconf 89' lang='grc' dir='ltr'><strong><em>πράσιν</em></strong></span> <span class='ocrx_word' id='word_1_26' title='bbox 1248 395 1321 456; x_wconf 75' lang='grc' dir='ltr'><strong><em>τῶν</em></strong></span> <span class='ocrx_word' id='word_1_27' title='bbox 1340 390 1417 457; x_wconf 82' lang='grc' dir='ltr'><strong><em>Ἰου-</em></strong></span> 
     </span>
     <span class='ocr_line' id='line_1_4' title="bbox 153 469 1416 570; baseline -0.001 -28"><span class='ocrx_word' id='word_1_28' title='bbox 153 486 312 570; x_wconf 78' lang='grc' dir='ltr'><strong><em>βοηθείας,</em></strong></span> <span class='ocrx_word' id='word_1_29' title='bbox 337 482 390 560; x_wconf 78' lang='grc' dir='ltr'><strong><em>τῆς</em></strong></span> <span class='ocrx_word' id='word_1_30' title='bbox 402 471 523 561; x_wconf 85' lang='grc' dir='ltr'><strong><em>πράτης</em></strong></span> <span class='ocrx_word' id='word_1_31' title='bbox 537 479 658 556; x_wconf 88' lang='grc' dir='ltr'><strong><em>σπείρας</em></strong></span> <span class='ocrx_word' id='word_1_32' title='bbox 670 469 763 547; x_wconf 76' lang='grc' dir='ltr'><strong><em>αὐτὸς</em></strong></span> <span class='ocrx_word' id='word_1_33' title='bbox 796 472 890 537; x_wconf 88' lang='grc' dir='ltr'><strong><em>δαίων</em></strong></span> <span class='ocrx_word' id='word_1_34' title='bbox 914 469 1055 550; x_wconf 80' lang='grc' dir='ltr'><strong><em>ἀγαγὼν,</em></strong></span> <span class='ocrx_word' id='word_1_35' title='bbox 1081 473 1110 514; x_wconf 84' lang='lat'><strong><em>³⁵</em></strong></span> <span class='ocrx_word' id='word_1_36' title='bbox 1122 476 1332 550; x_wconf 73' lang='grc' dir='ltr'><strong><em>ταπεινωθεὶς</em></strong></span> <span class='ocrx_word' id='word_1_37' title='bbox 1359 474 1416 541; x_wconf 81' lang='grc' dir='ltr'><strong><em>άπὸ</em></strong></span> 
     </span>
     <span class='ocr_line' id='line_1_5' title="bbox 152 551 1418 646; baseline -0.005 -18"><span class='ocrx_word' id='word_1_38' title='bbox 152 556 385 646; x_wconf 76' lang='grc' dir='ltr'><strong><em>προηγούμενος,</em></strong></span> <span class='ocrx_word' id='word_1_39' title='bbox 399 557 540 644; x_wconf 86' lang='grc' dir='ltr'><strong><em>συνέβαλε</em></strong></span> <span class='ocrx_word' id='word_1_40' title='bbox 552 552 763 639; x_wconf 78' lang='grc' dir='ltr'><strong><em>τῴΝικάνορι.</em></strong></span> <span class='ocrx_word' id='word_1_41' title='bbox 797 558 858 620; x_wconf 77' lang='grc' dir='ltr'><strong><em>τῶν</em></strong></span> <span class='ocrx_word' id='word_1_42' title='bbox 884 554 948 620; x_wconf 83' lang='grc' dir='ltr'><strong><em>κατ’</em></strong></span> <span class='ocrx_word' id='word_1_43' title='bbox 975 551 1069 620; x_wconf 81' lang='grc' dir='ltr'><strong><em>αὐτὸν</em></strong></span> <span class='ocrx_word' id='word_1_44' title='bbox 1088 557 1292 637; x_wconf 72' lang='grc' dir='ltr'><strong><em>νομιζομένων</em></strong></span> <span class='ocrx_word' id='word_1_45' title='bbox 1320 559 1418 644; x_wconf 74' lang='grc' dir='ltr'><strong><em>ἐλαχί-</em></strong></span> 
     </span>
     <span class='ocr_line' id='line_1_6' title="bbox 153 633 1417 729; baseline -0.002 -20"><span class='ocrx_word' id='word_1_46' title='bbox 153 647 186 688; x_wconf 81' lang='lat'><strong><em>²⁴</em></strong></span> <span class='ocrx_word' id='word_1_47' title='bbox 199 646 357 726; x_wconf 87' lang='grc' dir='ltr'><strong><em>γενομένου</em></strong></span> <span class='ocrx_word' id='word_1_48' title='bbox 368 642 401 706; x_wconf 83' lang='grc' dir='ltr'><strong><em>δὲ</em></strong></span> <span class='ocrx_word' id='word_1_49' title='bbox 411 640 514 715; x_wconf 77' lang='grc' dir='ltr'><strong><em>αὐτοῖς</em></strong></span> <span class='ocrx_word' id='word_1_50' title='bbox 523 644 578 703; x_wconf 83' lang='grc' dir='ltr'><strong><em>τοῦ</em></strong></span> <span class='ocrx_word' id='word_1_51' title='bbox 592 633 763 723; x_wconf 90' lang='grc' dir='ltr'><strong><em>παντοκρά-</em></strong></span> <span class='ocrx_word' id='word_1_52' title='bbox 798 662 878 704; x_wconf 88' lang='grc' dir='ltr'><strong><em>στων</em></strong></span> <span class='ocrx_word' id='word_1_53' title='bbox 905 637 1042 729; x_wconf 53' lang='lat' dir='ltr'><strong><em>elram}</em></strong></span> <span class='ocrx_word' id='word_1_54' title='bbox 1065 642 1122 703; x_wconf 80' lang='grc' dir='ltr'><strong><em>τοῦ</em></strong></span> <span class='ocrx_word' id='word_1_55' title='bbox 1148 644 1259 723; x_wconf 82' lang='grc' dir='ltr'><strong><em>κυρίου</em></strong></span> <span class='ocrx_word' id='word_1_56' title='bbox 1285 646 1417 728; x_wconf 75' lang='grc' dir='ltr'><strong><em>βοηθείᾳ</em></strong></span> 
     </span>
     <span class='ocr_line' id='line_1_7' title="bbox 154 720 1416 812; baseline -0.002 -19"><span class='ocrx_word' id='word_1_57' title='bbox 154 753 243 812; x_wconf 90' lang='grc' dir='ltr'><strong><em>τορος</em></strong></span> <span class='ocrx_word' id='word_1_58' title='bbox 256 723 419 810; x_wconf 87' lang='grc' dir='ltr'><strong><em>συμμάχου,</em></strong></span> <span class='ocrx_word' id='word_1_59' title='bbox 429 725 621 804; x_wconf 72' lang='grc' dir='ltr'><strong><em>κατέσφαξαν</em></strong></span> <span class='ocrx_word' id='word_1_60' title='bbox 632 727 694 787; x_wconf 82' lang='grc' dir='ltr'><strong><em>τῶν</em></strong></span> <span class='ocrx_word' id='word_1_61' title='bbox 704 747 765 786; x_wconf 90' lang='grc' dir='ltr'><strong><em>πο·</em></strong></span> <span class='ocrx_word' id='word_1_62' title='bbox 797 721 850 806; x_wconf 80' lang='grc' dir='ltr'><strong><em>τήν</em></strong></span> <span class='ocrx_word' id='word_1_63' title='bbox 862 720 980 805; x_wconf 84' lang='grc' dir='ltr'><strong><em>δοξικήν</em></strong></span> <span class='ocrx_word' id='word_1_64' title='bbox 990 721 1183 805; x_wconf 75' lang='grc' dir='ltr'><strong><em>ἀποθέμενος</em></strong></span> <span class='ocrx_word' id='word_1_65' title='bbox 1195 725 1322 808; x_wconf 57' lang='lat' dir='ltr'><strong><em>&amp;rafim</em></strong></span> <span class='ocrx_word' id='word_1_66' title='bbox 1331 732 1344 802; x_wconf 81' lang='lat'><strong><em>,&#39;</em></strong></span> <span class='ocrx_word' id='word_1_67' title='bbox 1370 728 1416 791; x_wconf 80' lang='grc' dir='ltr'><strong><em>διὰ</em></strong></span> 
     </span>
     <span class='ocr_line' id='line_1_8' title="bbox 155 804 1417 911; baseline 0 -36"><span class='ocrx_word' id='word_1_68' title='bbox 155 812 261 894; x_wconf 87' lang='grc' dir='ltr'><strong><em>λεμίων</em></strong></span> <span class='ocrx_word' id='word_1_69' title='bbox 298 809 375 892; x_wconf 74' lang='grc' dir='ltr'><strong><em>ὑπὲρ</em></strong></span> <span class='ocrx_word' id='word_1_70' title='bbox 413 807 485 882; x_wconf 82' lang='grc' dir='ltr'><strong><em>τοὺς</em></strong></span> <span class='ocrx_word' id='word_1_71' title='bbox 522 805 765 889; x_wconf 78' lang='grc' dir='ltr'><strong><em>ίννακιςχιλίους,</em></strong></span> <span class='ocrx_word' id='word_1_72' title='bbox 797 809 851 887; x_wconf 76' lang='grc' dir='ltr'><strong><em>τῆς</em></strong></span> <span class='ocrx_word' id='word_1_73' title='bbox 864 811 1028 887; x_wconf 87' lang='grc' dir='ltr'><strong><em>μεσογείου,</em></strong></span> <span class='ocrx_word' id='word_1_74' title='bbox 1039 804 1193 889; x_wconf 84' lang='grc' dir='ltr'><strong><em>δραπέτου</em></strong></span> <span class='ocrx_word' id='word_1_75' title='bbox 1203 805 1339 891; x_wconf 89' lang='grc' dir='ltr'><strong><em>τρόπον,</em></strong></span> <span class='ocrx_word' id='word_1_76' title='bbox 1351 813 1417 911; x_wconf 77' lang='grc' dir='ltr'><strong><em>ἔρη-</em></strong></span> 
     </span>
     <span class='ocr_line' id='line_1_9' title="bbox 155 880 1417 980; baseline -0.001 -21"><span class='ocrx_word' id='word_1_77' title='bbox 155 899 341 980; x_wconf 81' lang='grc' dir='ltr'><strong><em>τραυματίας</em></strong></span> <span class='ocrx_word' id='word_1_78' title='bbox 362 890 394 956; x_wconf 82' lang='grc' dir='ltr'><strong><em>δὲ</em></strong></span> <span class='ocrx_word' id='word_1_79' title='bbox 413 892 464 955; x_wconf 84' lang='grc' dir='ltr'><strong><em>καί</em></strong></span> <span class='ocrx_word' id='word_1_80' title='bbox 482 902 545 964; x_wconf 73' lang='grc' dir='ltr'><strong><em>τοῖς</em></strong></span> <span class='ocrx_word' id='word_1_81' title='bbox 556 888 671 969; x_wconf 72' lang='grc' dir='ltr'><strong><em>μέλεσιν</em></strong></span> <span class='ocrx_word' id='word_1_82' title='bbox 689 889 765 953; x_wconf 85' lang='grc' dir='ltr'><strong><em>ἀνα·</em></strong></span> <span class='ocrx_word' id='word_1_83' title='bbox 798 913 854 972; x_wconf 86' lang='grc' dir='ltr'><strong><em>μον</em></strong></span> <span class='ocrx_word' id='word_1_84' title='bbox 867 887 974 954; x_wconf 79' lang='grc' dir='ltr'><strong><em>ἑαυτὸν</em></strong></span> <span class='ocrx_word' id='word_1_85' title='bbox 987 885 1126 972; x_wconf 79' lang='grc' dir='ltr'><strong><em>ποιήσας,</em></strong></span> <span class='ocrx_word' id='word_1_86' title='bbox 1155 880 1226 972; x_wconf 79' lang='grc' dir='ltr'><strong><em>ἧκεν</em></strong></span> <span class='ocrx_word' id='word_1_87' title='bbox 1240 895 1285 965; x_wconf 79' lang='grc' dir='ltr'><strong><em>είς</em></strong></span> <span class='ocrx_word' id='word_1_88' title='bbox 1297 890 1417 959; x_wconf 83' lang='grc' dir='ltr'><strong><em>Ἀντιο-</em></strong></span> 
     </span>
     <span class='ocr_line' id='line_1_10' title="bbox 156 969 1416 1070; baseline -0.001 -28"><span class='ocrx_word' id='word_1_89' title='bbox 156 973 270 1062; x_wconf 88' lang='grc' dir='ltr'><strong><em>πήρους</em></strong></span> <span class='ocrx_word' id='word_1_90' title='bbox 290 972 328 1041; x_wconf 85' lang='grc' dir='ltr'><strong><em>τὸ</em></strong></span> <span class='ocrx_word' id='word_1_91' title='bbox 349 974 492 1040; x_wconf 86' lang='grc' dir='ltr'><strong><em>πλεῖστον</em></strong></span> <span class='ocrx_word' id='word_1_92' title='bbox 519 975 611 1056; x_wconf 82' lang='grc' dir='ltr'><strong><em>μέρος</em></strong></span> <span class='ocrx_word' id='word_1_93' title='bbox 632 977 686 1056; x_wconf 78' lang='grc' dir='ltr'><strong><em>τῆς</em></strong></span> <span class='ocrx_word' id='word_1_94' title='bbox 708 975 765 1035; x_wconf 81' lang='grc' dir='ltr'><strong><em>τοῦ</em></strong></span> <span class='ocrx_word' id='word_1_95' title='bbox 798 997 894 1056; x_wconf 88' lang='grc' dir='ltr'><strong><em>χειαν,</em></strong></span> <span class='ocrx_word' id='word_1_96' title='bbox 922 969 1073 1057; x_wconf 77' lang='grc' dir='ltr'><strong><em>ὑπεράγαν</em></strong></span> <span class='ocrx_word' id='word_1_97' title='bbox 1090 969 1296 1057; x_wconf 89' lang='grc' dir='ltr'><strong><em>δυςημερήσας</em></strong></span> <span class='ocrx_word' id='word_1_98' title='bbox 1315 979 1416 1070; x_wconf 79' lang='grc' dir='ltr'><strong><em>ἐπίτῇ</em></strong></span> 
     </span>
     <span class='ocr_line' id='line_1_11' title="bbox 157 1049 1416 1144; baseline 0.001 -19"><span class='ocrx_word' id='word_1_99' title='bbox 157 1055 332 1144; x_wconf 73' lang='grc' dir='ltr'><strong><em>Νικάνορος</em></strong></span> <span class='ocrx_word' id='word_1_100' title='bbox 346 1060 489 1142; x_wconf 79' lang='grc' dir='ltr'><strong><em>στρατιάς</em></strong></span> <span class='ocrx_word' id='word_1_101' title='bbox 503 1060 662 1138; x_wconf 71' lang='grc' dir='ltr'><strong><em>ἐποίησαν,</em></strong></span> <span class='ocrx_word' id='word_1_102' title='bbox 687 1049 765 1120; x_wconf 89' lang='grc' dir='ltr'><strong><em>πάν-</em></strong></span> <span class='ocrx_word' id='word_1_103' title='bbox 800 1060 855 1119; x_wconf 81' lang='grc' dir='ltr'><strong><em>τού</em></strong></span> <span class='ocrx_word' id='word_1_104' title='bbox 870 1061 1007 1140; x_wconf 82' lang='grc' dir='ltr'><strong><em>στρατοῦ</em></strong></span> <span class='ocrx_word' id='word_1_105' title='bbox 1020 1057 1187 1140; x_wconf 72' lang='grc' dir='ltr'><strong><em>διαφθορᾷ.</em></strong></span> <span class='ocrx_word' id='word_1_106' title='bbox 1214 1057 1308 1123; x_wconf 69' lang='grc' dir='ltr'><strong><em>33καί</em></strong></span> <span class='ocrx_word' id='word_1_107' title='bbox 1322 1055 1341 1124; x_wconf 86' lang='grc' dir='ltr'>ὁ</span> <span class='ocrx_word' id='word_1_108' title='bbox 1356 1074 1416 1135; x_wconf 84' lang='grc' dir='ltr'><strong><em>τοῖς</em></strong></span> 
     </span>
     <span class='ocr_line' id='line_1_12' title="bbox 156 1135 1416 1228; baseline 0 -21"><span class='ocrx_word' id='word_1_109' title='bbox 156 1168 213 1217; x_wconf 86' lang='grc' dir='ltr'><strong><em>τας</em></strong></span> <span class='ocrx_word' id='word_1_110' title='bbox 238 1142 272 1206; x_wconf 80' lang='grc' dir='ltr'><strong><em>δὲ</em></strong></span> <span class='ocrx_word' id='word_1_111' title='bbox 297 1152 400 1225; x_wconf 78' lang='grc' dir='ltr'><strong><em>φυγεῖν</em></strong></span> <span class='ocrx_word' id='word_1_112' title='bbox 423 1136 606 1223; x_wconf 77' lang='grc' dir='ltr'><strong><em>ἠνάγκασαν.</em></strong></span> <span class='ocrx_word' id='word_1_113' title='bbox 633 1135 715 1202; x_wconf 73' lang='grc' dir='ltr'><strong><em>23τά</em></strong></span> <span class='ocrx_word' id='word_1_114' title='bbox 735 1136 767 1202; x_wconf 82' lang='grc' dir='ltr'><strong><em>δὲ</em></strong></span> <span class='ocrx_word' id='word_1_115' title='bbox 794 1136 953 1220; x_wconf 84' lang='grc' dir='ltr'><strong><em>Ῥωμαίοις</em></strong></span> <span class='ocrx_word' id='word_1_116' title='bbox 979 1136 1190 1220; x_wconf 76' lang='grc' dir='ltr'><strong><em>ἀναδεξάμενος</em></strong></span> <span class='ocrx_word' id='word_1_117' title='bbox 1221 1138 1327 1228; x_wconf 90' lang='grc' dir='ltr'><strong><em>φόρον</em></strong></span> <span class='ocrx_word' id='word_1_118' title='bbox 1353 1141 1416 1207; x_wconf 86' lang='grc' dir='ltr'><strong><em>ἀπὸ</em></strong></span> 
     </span>
     <span class='ocr_line' id='line_1_13' title="bbox 157 1218 1417 1332; baseline 0.002 -44"><span class='ocrx_word' id='word_1_119' title='bbox 157 1225 295 1332; x_wconf 82' lang='grc' dir='ltr'><strong><em>χρήματα</em></strong></span> <span class='ocrx_word' id='word_1_120' title='bbox 309 1229 370 1289; x_wconf 75' lang='grc' dir='ltr'><strong><em>τῶν</em></strong></span> <span class='ocrx_word' id='word_1_121' title='bbox 382 1218 634 1307; x_wconf 81' lang='grc' dir='ltr'><strong><em>παραγεγονότων</em></strong></span> <span class='ocrx_word' id='word_1_122' title='bbox 652 1222 702 1285; x_wconf 77' lang='grc' dir='ltr'><strong><em>ἐπὶ</em></strong></span> <span class='ocrx_word' id='word_1_123' title='bbox 713 1222 767 1286; x_wconf 86' lang='grc' dir='ltr'><strong><em>τὸν</em></strong></span> <span class='ocrx_word' id='word_1_124' title='bbox 799 1226 851 1304; x_wconf 81' lang='grc' dir='ltr'><strong><em>τής</em></strong></span> <span class='ocrx_word' id='word_1_125' title='bbox 864 1226 925 1286; x_wconf 76' lang='grc' dir='ltr'><strong><em>τῶν</em></strong></span> <span class='ocrx_word' id='word_1_126' title='bbox 938 1220 1195 1306; x_wconf 82' lang='grc' dir='ltr'><strong><em>ε’νἸεροσολύμοις</em></strong></span> <span class='ocrx_word' id='word_1_127' title='bbox 1208 1226 1417 1307; x_wconf 78' lang='grc' dir='ltr'><strong><em>αἰχμαλωσίας</em></strong></span> 
     </span>
     <span class='ocr_line' id='line_1_14' title="bbox 158 1301 1417 1394; baseline 0 -21"><span class='ocrx_word' id='word_1_128' title='bbox 158 1307 336 1392; x_wconf 87' lang='grc' dir='ltr'><strong><em>αγορασμὸν</em></strong></span> <span class='ocrx_word' id='word_1_129' title='bbox 362 1305 464 1372; x_wconf 78' lang='grc' dir='ltr'><strong><em>αὐτῶν</em></strong></span> <span class='ocrx_word' id='word_1_130' title='bbox 490 1306 611 1391; x_wconf 75' lang='grc' dir='ltr'><strong><em>ἔλαβον.</em></strong></span> <span class='ocrx_word' id='word_1_131' title='bbox 644 1301 766 1370; x_wconf 71' lang='grc' dir='ltr'><strong><em>συνδιά·</em></strong></span> <span class='ocrx_word' id='word_1_132' title='bbox 801 1303 1084 1389; x_wconf 80' lang='grc' dir='ltr'><strong><em>κατορθώσασθαι,</em></strong></span> <span class='ocrx_word' id='word_1_133' title='bbox 1109 1302 1312 1389; x_wconf 78' lang='grc' dir='ltr'><strong><em>κατήγγελλεν</em></strong></span> <span class='ocrx_word' id='word_1_134' title='bbox 1327 1309 1417 1394; x_wconf 84' lang='grc' dir='ltr'><strong><em>ὑπέρ-</em></strong></span> 
     </span>
     <span class='ocr_line' id='line_1_15' title="bbox 158 1386 1416 1473; baseline -0.001 -15"><span class='ocrx_word' id='word_1_135' title='bbox 158 1398 258 1470; x_wconf 80' lang='grc' dir='ltr'><strong><em>ξαντες</em></strong></span> <span class='ocrx_word' id='word_1_136' title='bbox 276 1390 309 1454; x_wconf 82' lang='grc' dir='ltr'><strong><em>δὲ</em></strong></span> <span class='ocrx_word' id='word_1_137' title='bbox 327 1387 440 1464; x_wconf 82' lang='grc' dir='ltr'><strong><em>αὐτούς</em></strong></span> <span class='ocrx_word' id='word_1_138' title='bbox 467 1386 510 1468; x_wconf 69' lang='grc' dir='ltr'><strong><em>ἐφ’</em></strong></span> <span class='ocrx_word' id='word_1_139' title='bbox 529 1387 631 1452; x_wconf 78' lang='grc' dir='ltr'><strong><em>ἱκανὸν</em></strong></span> <span class='ocrx_word' id='word_1_140' title='bbox 656 1387 768 1454; x_wconf 85' lang='grc' dir='ltr'><strong><em>ἀνελυ-</em></strong></span> <span class='ocrx_word' id='word_1_141' title='bbox 800 1413 896 1471; x_wconf 92' lang='grc' dir='ltr'><strong><em>μαχον</em></strong></span> <span class='ocrx_word' id='word_1_142' title='bbox 910 1392 982 1473; x_wconf 83' lang='grc' dir='ltr'><strong><em>ἔχειν</em></strong></span> <span class='ocrx_word' id='word_1_143' title='bbox 994 1386 1047 1454; x_wconf 84' lang='grc' dir='ltr'><strong><em>τὸν</em></strong></span> <span class='ocrx_word' id='word_1_144' title='bbox 1063 1388 1136 1453; x_wconf 75' lang='grc' dir='ltr'><strong><em>θεὸν</em></strong></span> <span class='ocrx_word' id='word_1_145' title='bbox 1149 1389 1224 1464; x_wconf 84' lang='grc' dir='ltr'><strong><em>τούς</em></strong></span> <span class='ocrx_word' id='word_1_146' title='bbox 1233 1388 1416 1469; x_wconf 85' lang='grc' dir='ltr'><strong><em>Ἰουδαίους,</em></strong></span> 
     </span>
     <span class='ocr_line' id='line_1_16' title="bbox 160 1460 1418 1560; baseline 0.001 -20"><span class='ocrx_word' id='word_1_147' title='bbox 160 1501 217 1541; x_wconf 89' lang='grc' dir='ltr'><strong><em>σαν</em></strong></span> <span class='ocrx_word' id='word_1_148' title='bbox 230 1470 292 1539; x_wconf 80' lang='grc' dir='ltr'><strong><em>ἀπὸ</em></strong></span> <span class='ocrx_word' id='word_1_149' title='bbox 305 1478 358 1557; x_wconf 85' lang='grc' dir='ltr'><strong><em>τής</em></strong></span> <span class='ocrx_word' id='word_1_150' title='bbox 369 1471 449 1556; x_wconf 84' lang='grc' dir='ltr'><strong><em>άίρας</em></strong></span> <span class='ocrx_word' id='word_1_151' title='bbox 458 1467 685 1554; x_wconf 87' lang='grc' dir='ltr'><strong><em>συγκλειόμενοι.</em></strong></span> <span class='ocrx_word' id='word_1_152' title='bbox 699 1460 768 1554; x_wconf 75' lang='grc' dir='ltr'><strong><em>23ήν</em></strong></span> <span class='ocrx_word' id='word_1_153' title='bbox 800 1475 853 1536; x_wconf 90' lang='grc' dir='ltr'><strong><em>καί</em></strong></span> <span class='ocrx_word' id='word_1_154' title='bbox 866 1470 916 1535; x_wconf 85' lang='grc' dir='ltr'><strong><em>διά</em></strong></span> <span class='ocrx_word' id='word_1_155' title='bbox 927 1469 981 1536; x_wconf 88' lang='grc' dir='ltr'><strong><em>τὸν</em></strong></span> <span class='ocrx_word' id='word_1_156' title='bbox 996 1470 1110 1558; x_wconf 86' lang='grc' dir='ltr'><strong><em>τρόπον</em></strong></span> <span class='ocrx_word' id='word_1_157' title='bbox 1126 1476 1238 1537; x_wconf 80' lang='grc' dir='ltr'><strong><em>τοῦτον</em></strong></span> <span class='ocrx_word' id='word_1_158' title='bbox 1256 1472 1418 1560; x_wconf 76' lang='grc' dir='ltr'><strong><em>ἀτρώτους</em></strong></span> 
     </span>
     <span class='ocr_line' id='line_1_17' title="bbox 158 1552 1415 1641; baseline 0 -18"><span class='ocrx_word' id='word_1_159' title='bbox 158 1558 220 1641; x_wconf 83' lang='grc' dir='ltr'><strong><em>γάρ</em></strong></span> <span class='ocrx_word' id='word_1_160' title='bbox 232 1556 252 1639; x_wconf 74' lang='grc' dir='ltr'>ἡ</span> <span class='ocrx_word' id='word_1_161' title='bbox 264 1556 326 1640; x_wconf 88' lang='grc' dir='ltr'><strong><em>πρὸ</em></strong></span> <span class='ocrx_word' id='word_1_162' title='bbox 338 1560 394 1620; x_wconf 80' lang='grc' dir='ltr'><strong><em>τοῦ</em></strong></span> <span class='ocrx_word' id='word_1_163' title='bbox 403 1552 567 1640; x_wconf 75' lang='grc' dir='ltr'><strong><em>σαββάτου,</em></strong></span> <span class='ocrx_word' id='word_1_164' title='bbox 578 1553 612 1618; x_wconf 80' lang='grc' dir='ltr'><strong><em>δι’</em></strong></span> <span class='ocrx_word' id='word_1_165' title='bbox 626 1553 661 1638; x_wconf 80' lang='grc' dir='ltr'><strong><em>ἣν</em></strong></span> <span class='ocrx_word' id='word_1_166' title='bbox 670 1560 768 1619; x_wconf 81' lang='grc' dir='ltr'><strong><em>αἰτίαν</em></strong></span> <span class='ocrx_word' id='word_1_167' title='bbox 802 1553 875 1620; x_wconf 86' lang='grc' dir='ltr'><strong><em>είναι</em></strong></span> <span class='ocrx_word' id='word_1_168' title='bbox 888 1553 958 1630; x_wconf 85' lang='grc' dir='ltr'><strong><em>τούς</em></strong></span> <span class='ocrx_word' id='word_1_169' title='bbox 968 1553 1148 1631; x_wconf 81' lang='grc' dir='ltr'><strong><em>Ἰουδαίους,</em></strong></span> <span class='ocrx_word' id='word_1_170' title='bbox 1164 1555 1216 1620; x_wconf 87' lang='grc' dir='ltr'><strong><em>διά</em></strong></span> <span class='ocrx_word' id='word_1_171' title='bbox 1228 1557 1268 1621; x_wconf 87' lang='grc' dir='ltr'><strong><em>τὸ</em></strong></span> <span class='ocrx_word' id='word_1_172' title='bbox 1283 1555 1415 1625; x_wconf 87' lang='grc' dir='ltr'><strong><em>ἀκολου-</em></strong></span> 
     </span>
     <span class='ocr_line' id='line_1_18' title="bbox 160 1635 1417 1765; baseline 0.002 -59"><span class='ocrx_word' id='word_1_173' title='bbox 160 1640 216 1706; x_wconf 85' lang='grc' dir='ltr'><strong><em>οάκ</em></strong></span> <span class='ocrx_word' id='word_1_174' title='bbox 251 1635 503 1765; x_wconf 78' lang='grc' dir='ltr'><strong><em>έμαιιροδύμησαν</em></strong></span> <span class='ocrx_word' id='word_1_175' title='bbox 536 1641 768 1723; x_wconf 87' lang='grc' dir='ltr'><strong><em>κατατρέχοντες</em></strong></span> <span class='ocrx_word' id='word_1_176' title='bbox 801 1649 867 1704; x_wconf 79' lang='grc' dir='ltr'><strong><em>δεῖν</em></strong></span> <span class='ocrx_word' id='word_1_177' title='bbox 887 1649 954 1714; x_wconf 84' lang='grc' dir='ltr'><strong><em>τοῖς</em></strong></span> <span class='ocrx_word' id='word_1_178' title='bbox 980 1637 1029 1704; x_wconf 72' lang='grc' dir='ltr'><strong><em>ὑπ’</em></strong></span> <span class='ocrx_word' id='word_1_179' title='bbox 1045 1638 1141 1705; x_wconf 77' lang='grc' dir='ltr'><strong><em>αὐτοῦ</em></strong></span> <span class='ocrx_word' id='word_1_180' title='bbox 1162 1645 1417 1725; x_wconf 86' lang='grc' dir='ltr'><strong><em>προτεταγμένοις</em></strong></span> 
     </span>
     <span class='ocr_line' id='line_1_19' title="bbox 161 1719 909 1806; baseline -0.004 -18"><span class='ocrx_word' id='word_1_181' title='bbox 161 1720 282 1798; x_wconf 84' lang='grc' dir='ltr'><strong><em>αύτούς.</em></strong></span> <span class='ocrx_word' id='word_1_182' title='bbox 307 1725 321 1765; x_wconf 83' lang='lat'>²</span> <span class='ocrx_word' id='word_1_183' title='bbox 337 1719 594 1806; x_wconf 85' lang='grc' dir='ltr'><strong><em>ὁπλολογήσαντες</em></strong></span> <span class='ocrx_word' id='word_1_184' title='bbox 607 1722 641 1787; x_wconf 82' lang='grc' dir='ltr'><strong><em>δὲ</em></strong></span> <span class='ocrx_word' id='word_1_185' title='bbox 654 1721 769 1796; x_wconf 83' lang='grc' dir='ltr'><strong><em>αὐτοὺς</em></strong></span> <span class='ocrx_word' id='word_1_186' title='bbox 802 1719 909 1805; x_wconf 87' lang='grc' dir='ltr'><strong><em>νόμοις.</em></strong></span> 
     </span>
     <span class='ocr_line' id='line_1_20' title="bbox 158 1799 1213 1880; baseline -0.004 -8"><span class='ocrx_word' id='word_1_187' title='bbox 158 1808 212 1873; x_wconf 82' lang='grc' dir='ltr'><strong><em>καί</em></strong></span> <span class='ocrx_word' id='word_1_188' title='bbox 228 1806 269 1870; x_wconf 89' lang='grc' dir='ltr'><strong><em>τά</em></strong></span> <span class='ocrx_word' id='word_1_189' title='bbox 289 1805 385 1870; x_wconf 79' lang='grc' dir='ltr'><strong><em>σκῦλα</em></strong></span> <span class='ocrx_word' id='word_1_190' title='bbox 402 1799 577 1880; x_wconf 75' lang='grc' dir='ltr'><strong><em>ἐκδύσαντες</em></strong></span> <span class='ocrx_word' id='word_1_191' title='bbox 595 1809 658 1870; x_wconf 79' lang='grc' dir='ltr'><strong><em>τῶν</em></strong></span> <span class='ocrx_word' id='word_1_192' title='bbox 678 1805 769 1871; x_wconf 69' lang='grc' dir='ltr'><strong><em>πολε-</em></strong></span> <span class='ocrx_word' id='word_1_193' title='bbox 987 1811 1021 1869; x_wconf 90' lang='lat' dir='ltr'><em>K</em></span> <span class='ocrx_word' id='word_1_194' title='bbox 1032 1812 1061 1869; x_wconf 83' lang='lat' dir='ltr'><em>E</em></span> <span class='ocrx_word' id='word_1_195' title='bbox 1077 1810 1116 1870; x_wconf 80' lang='grc' dir='ltr'><strong><em>Φ.</em></strong></span> <span class='ocrx_word' id='word_1_196' title='bbox 1162 1802 1213 1871; x_wconf 76' lang='grc' dir='ltr'><strong><em>(δ’.</em></strong></span> 
     </span>
     <span class='ocr_line' id='line_1_21' title="bbox 160 1855 1405 1993; baseline -0.002 -38"><span class='ocrx_word' id='word_1_197' title='bbox 160 1897 239 1975; x_wconf 90' lang='grc' dir='ltr'><strong><em>μίων</em></strong></span> <span class='ocrx_word' id='word_1_198' title='bbox 250 1892 318 1972; x_wconf 84' lang='grc' dir='ltr'><strong><em>περί</em></strong></span> <span class='ocrx_word' id='word_1_199' title='bbox 331 1890 368 1953; x_wconf 90' lang='grc' dir='ltr'><strong><em>τὸ</em></strong></span> <span class='ocrx_word' id='word_1_200' title='bbox 383 1886 535 1975; x_wconf 89' lang='grc' dir='ltr'><strong><em>σάββατον</em></strong></span> <span class='ocrx_word' id='word_1_201' title='bbox 549 1892 694 1967; x_wconf 77' lang='grc' dir='ltr'><strong><em>ἐγίνοντο,</em></strong></span> <span class='ocrx_word' id='word_1_202' title='bbox 716 1913 768 1954; x_wconf 90' lang='grc' dir='ltr'><strong><em>πε-</em></strong></span> <span class='ocrx_word' id='word_1_203' title='bbox 803 1855 906 1993; x_wconf 81' lang='grc' dir='ltr'><strong><em>Περί</em></strong></span> <span class='ocrx_word' id='word_1_204' title='bbox 918 1887 949 1953; x_wconf 83' lang='grc' dir='ltr'><strong><em>δέ</em></strong></span> <span class='ocrx_word' id='word_1_205' title='bbox 962 1887 1016 1953; x_wconf 87' lang='grc' dir='ltr'><strong><em>τὸν</em></strong></span> <span class='ocrx_word' id='word_1_206' title='bbox 1032 1887 1139 1974; x_wconf 88' lang='grc' dir='ltr'><strong><em>καιρὸν</em></strong></span> <span class='ocrx_word' id='word_1_207' title='bbox 1154 1892 1261 1953; x_wconf 77' lang='grc' dir='ltr'><strong><em>ἐκεῖνον</em></strong></span> <span class='ocrx_word' id='word_1_208' title='bbox 1277 1887 1405 1972; x_wconf 72' lang='grc' dir='ltr'><strong><em>ἐτύγχα-</em></strong></span> 
     </span>
     <span class='ocr_line' id='line_1_22' title="bbox 162 1966 1408 2058; baseline -0.002 -21"><span class='ocrx_word' id='word_1_209' title='bbox 162 1977 271 2058; x_wconf 78' lang='grc' dir='ltr'><strong><em>ρισσιάς</em></strong></span> <span class='ocrx_word' id='word_1_210' title='bbox 290 1971 479 2048; x_wconf 79' lang='grc' dir='ltr'><strong><em>εὐλογοῦντες</em></strong></span> <span class='ocrx_word' id='word_1_211' title='bbox 499 1972 551 2034; x_wconf 80' lang='grc' dir='ltr'><strong><em>καί</em></strong></span> <span class='ocrx_word' id='word_1_212' title='bbox 568 1966 769 2054; x_wconf 82' lang='grc' dir='ltr'><strong><em>ίξομολογού-</em></strong></span> <span class='ocrx_word' id='word_1_213' title='bbox 803 1996 850 2036; x_wconf 92' lang='grc' dir='ltr'><strong><em>νεν</em></strong></span> <span class='ocrx_word' id='word_1_214' title='bbox 880 1973 1029 2056; x_wconf 82' lang='grc' dir='ltr'><strong><em>Αντίοχος</em></strong></span> <span class='ocrx_word' id='word_1_215' title='bbox 1062 1969 1239 2043; x_wconf 83' lang='grc' dir='ltr'><strong><em>ἀναλελυκάς</em></strong></span> <span class='ocrx_word' id='word_1_216' title='bbox 1261 1966 1408 2052; x_wconf 86' lang='grc' dir='ltr'><strong><em>ἀκόσμως</em></strong></span> 
     </span>
     <span class='ocr_line' id='line_1_23' title="bbox 160 2049 1410 2140; baseline 0.001 -22"><span class='ocrx_word' id='word_1_217' title='bbox 160 2079 241 2138; x_wconf 88' lang='grc' dir='ltr'><strong><em>μενοι</em></strong></span> <span class='ocrx_word' id='word_1_218' title='bbox 253 2058 298 2136; x_wconf 81' lang='grc' dir='ltr'><strong><em>τῷ</em></strong></span> <span class='ocrx_word' id='word_1_219' title='bbox 310 2060 402 2137; x_wconf 88' lang='grc' dir='ltr'><strong><em>κυρίῳ</em></strong></span> <span class='ocrx_word' id='word_1_220' title='bbox 412 2059 457 2135; x_wconf 83' lang='grc' dir='ltr'><strong><em>τῷ</em></strong></span> <span class='ocrx_word' id='word_1_221' title='bbox 466 2053 644 2118; x_wconf 84' lang='grc' dir='ltr'><strong><em>διασώσαντι</em></strong></span> <span class='ocrx_word' id='word_1_222' title='bbox 657 2051 770 2127; x_wconf 75' lang='grc' dir='ltr'><strong><em>αὐτοὺς</em></strong></span> <span class='ocrx_word' id='word_1_223' title='bbox 803 2059 835 2119; x_wconf 82' lang='grc' dir='ltr'><strong><em>ἐκ</em></strong></span> <span class='ocrx_word' id='word_1_224' title='bbox 847 2059 908 2119; x_wconf 75' lang='grc' dir='ltr'><strong><em>τοῖν</em></strong></span> <span class='ocrx_word' id='word_1_225' title='bbox 919 2057 999 2120; x_wconf 85' lang='grc' dir='ltr'><strong><em>κατά</em></strong></span> <span class='ocrx_word' id='word_1_226' title='bbox 1008 2053 1196 2140; x_wconf 81' lang='grc' dir='ltr'><strong><em>τήνΠερσίδα</em></strong></span> <span class='ocrx_word' id='word_1_227' title='bbox 1204 2049 1321 2118; x_wconf 85' lang='grc' dir='ltr'><strong><em>τύπων.</em></strong></span> <span class='ocrx_word' id='word_1_228' title='bbox 1332 2056 1410 2130; x_wconf 71' lang='grc' dir='ltr'><strong><em>3εἰς·</em></strong></span> 
     </span>
     <span class='ocr_line' id='line_1_24' title="bbox 161 2132 1410 2241; baseline 0.002 -41"><span class='ocrx_word' id='word_1_229' title='bbox 161 2143 200 2212; x_wconf 79' lang='grc' dir='ltr'><strong><em>είς</em></strong></span> <span class='ocrx_word' id='word_1_230' title='bbox 209 2136 265 2220; x_wconf 85' lang='grc' dir='ltr'><strong><em>τήν</em></strong></span> <span class='ocrx_word' id='word_1_231' title='bbox 287 2134 398 2241; x_wconf 77' lang='grc' dir='ltr'><strong><em>ἡμέραν</em></strong></span> <span class='ocrx_word' id='word_1_232' title='bbox 411 2132 523 2218; x_wconf 85' lang='grc' dir='ltr'><strong><em>ταύτην</em></strong></span> <span class='ocrx_word' id='word_1_233' title='bbox 550 2133 645 2220; x_wconf 82' lang='grc' dir='ltr'><strong><em>ἀρχήν</em></strong></span> <span class='ocrx_word' id='word_1_234' title='bbox 667 2136 770 2212; x_wconf 77' lang='grc' dir='ltr'><strong><em>ἐλέους</em></strong></span> <span class='ocrx_word' id='word_1_235' title='bbox 804 2134 941 2222; x_wconf 79' lang='grc' dir='ltr'><strong><em>εληλύδει</em></strong></span> <span class='ocrx_word' id='word_1_236' title='bbox 954 2138 1013 2224; x_wconf 85' lang='grc' dir='ltr'><strong><em>γάρ</em></strong></span> <span class='ocrx_word' id='word_1_237' title='bbox 1028 2145 1065 2214; x_wconf 84' lang='grc' dir='ltr'><strong><em>είς</em></strong></span> <span class='ocrx_word' id='word_1_238' title='bbox 1084 2137 1137 2223; x_wconf 83' lang='grc' dir='ltr'><strong><em>τήν</em></strong></span> <span class='ocrx_word' id='word_1_239' title='bbox 1152 2137 1312 2223; x_wconf 78' lang='grc' dir='ltr'><strong><em>λεγομένην</em></strong></span> <span class='ocrx_word' id='word_1_240' title='bbox 1327 2144 1410 2225; x_wconf 85' lang='grc' dir='ltr'><strong><em>Περ-</em></strong></span> 
     </span>
     <span class='ocr_line' id='line_1_25' title="bbox 161 2217 1411 2308; baseline 0 -21"><span class='ocrx_word' id='word_1_241' title='bbox 161 2217 310 2296; x_wconf 86' lang='grc' dir='ltr'><strong><em>τάξαντος</em></strong></span> <span class='ocrx_word' id='word_1_242' title='bbox 324 2230 433 2295; x_wconf 85' lang='grc' dir='ltr'><strong><em>αυτοῖς.</em></strong></span> <span class='ocrx_word' id='word_1_243' title='bbox 468 2220 499 2262; x_wconf 79' lang='lat'><strong><em>²⁸</em></strong></span> <span class='ocrx_word' id='word_1_244' title='bbox 513 2219 586 2301; x_wconf 83' lang='grc' dir='ltr'><strong><em>μετὰ</em></strong></span> <span class='ocrx_word' id='word_1_245' title='bbox 599 2219 632 2283; x_wconf 82' lang='grc' dir='ltr'><strong><em>δὲ</em></strong></span> <span class='ocrx_word' id='word_1_246' title='bbox 645 2219 682 2285; x_wconf 88' lang='grc' dir='ltr'><strong><em>τὸ</em></strong></span> <span class='ocrx_word' id='word_1_247' title='bbox 695 2217 768 2305; x_wconf 86' lang='grc' dir='ltr'><strong><em>σάβ-</em></strong></span> <span class='ocrx_word' id='word_1_248' title='bbox 804 2222 940 2297; x_wconf 83' lang='grc' dir='ltr'><strong><em>σίιιολιν,</em></strong></span> <span class='ocrx_word' id='word_1_249' title='bbox 966 2224 1017 2286; x_wconf 87' lang='grc' dir='ltr'><strong><em>καί</em></strong></span> <span class='ocrx_word' id='word_1_250' title='bbox 1035 2226 1213 2308; x_wconf 75' lang='grc' dir='ltr'><strong><em>ἐπεχείρησεν</em></strong></span> <span class='ocrx_word' id='word_1_251' title='bbox 1241 2222 1411 2308; x_wconf 84' lang='grc' dir='ltr'><strong><em>ίεροσυλεῖν,</em></strong></span> 
     </span>
     <span class='ocr_line' id='line_1_26' title="bbox 162 2299 1412 2395; baseline 0.001 -25"><span class='ocrx_word' id='word_1_252' title='bbox 162 2310 335 2392; x_wconf 83' lang='grc' dir='ltr'><strong><em>βατοντοίς</em></strong></span> <span class='ocrx_word' id='word_1_253' title='bbox 351 2302 513 2395; x_wconf 78' lang='grc' dir='ltr'><strong><em>ήκεσμένοις</em></strong></span> <span class='ocrx_word' id='word_1_254' title='bbox 525 2305 576 2367; x_wconf 89' lang='grc' dir='ltr'><strong><em>καί</em></strong></span> <span class='ocrx_word' id='word_1_255' title='bbox 588 2313 655 2378; x_wconf 79' lang='grc' dir='ltr'><strong><em>ταῖς</em></strong></span> <span class='ocrx_word' id='word_1_256' title='bbox 666 2299 770 2388; x_wconf 89' lang='grc' dir='ltr'><strong><em>χήραις</em></strong></span> <span class='ocrx_word' id='word_1_257' title='bbox 804 2307 855 2369; x_wconf 88' lang='grc' dir='ltr'><strong><em>καί</em></strong></span> <span class='ocrx_word' id='word_1_258' title='bbox 877 2304 931 2389; x_wconf 81' lang='grc' dir='ltr'><strong><em>τήν</em></strong></span> <span class='ocrx_word' id='word_1_259' title='bbox 952 2304 1044 2370; x_wconf 87' lang='grc' dir='ltr'><strong><em>πάλιν</em></strong></span> <span class='ocrx_word' id='word_1_260' title='bbox 1056 2309 1188 2389; x_wconf 78' lang='grc' dir='ltr'><strong><em>συνέχειν.</em></strong></span> <span class='ocrx_word' id='word_1_261' title='bbox 1215 2304 1264 2371; x_wconf 85' lang='grc' dir='ltr'><strong><em>διὸ</em></strong></span> <span class='ocrx_word' id='word_1_262' title='bbox 1287 2304 1325 2388; x_wconf 77' lang='grc' dir='ltr'><strong><em>δή</em></strong></span> <span class='ocrx_word' id='word_1_263' title='bbox 1349 2311 1412 2371; x_wconf 76' lang='grc' dir='ltr'><strong><em>τῶν</em></strong></span> 
     </span>
     <span class='ocr_line' id='line_1_27' title="bbox 162 2382 1413 2473; baseline 0.001 -20"><span class='ocrx_word' id='word_1_264' title='bbox 162 2391 214 2453; x_wconf 85' lang='grc' dir='ltr'><strong><em>καί</em></strong></span> <span class='ocrx_word' id='word_1_265' title='bbox 227 2386 370 2472; x_wconf 82' lang='grc' dir='ltr'><strong><em>ὀρφανοῖς</em></strong></span> <span class='ocrx_word' id='word_1_266' title='bbox 378 2393 547 2473; x_wconf 88' lang='grc' dir='ltr'><strong><em>μερίσαντες</em></strong></span> <span class='ocrx_word' id='word_1_267' title='bbox 557 2385 621 2452; x_wconf 88' lang='grc' dir='ltr'><strong><em>ἀπὸ</em></strong></span> <span class='ocrx_word' id='word_1_268' title='bbox 632 2391 693 2451; x_wconf 75' lang='grc' dir='ltr'><strong><em>τῶν</em></strong></span> <span class='ocrx_word' id='word_1_269' title='bbox 703 2382 770 2450; x_wconf 88' lang='grc' dir='ltr'><strong><em>σκύ-</em></strong></span> <span class='ocrx_word' id='word_1_270' title='bbox 803 2388 846 2452; x_wconf 91' lang='grc' dir='ltr'><strong><em>πλ</em></strong></span> <span class='ocrx_word' id='word_1_271' title='bbox 866 2393 934 2453; x_wconf 80' lang='grc' dir='ltr'><strong><em>δῶν</em></strong></span> <span class='ocrx_word' id='word_1_272' title='bbox 961 2387 1169 2473; x_wconf 85' lang='grc' dir='ltr'><strong><em>ὁρμησάντων,</em></strong></span> <span class='ocrx_word' id='word_1_273' title='bbox 1195 2390 1246 2454; x_wconf 77' lang='grc' dir='ltr'><strong><em>ἐπί</em></strong></span> <span class='ocrx_word' id='word_1_274' title='bbox 1270 2387 1327 2472; x_wconf 83' lang='grc' dir='ltr'><strong><em>τήν</em></strong></span> <span class='ocrx_word' id='word_1_275' title='bbox 1352 2395 1413 2454; x_wconf 78' lang='grc' dir='ltr'><strong><em>τῶν</em></strong></span> 
     </span>
     <span class='ocr_line' id='line_1_28' title="bbox 163 2415 1411 2575; baseline 0.001 -39"><span class='ocrx_word' id='word_1_276' title='bbox 163 2473 238 2546; x_wconf 88' lang='grc' dir='ltr'><strong><em>λων,</em></strong></span> <span class='ocrx_word' id='word_1_277' title='bbox 264 2471 304 2534; x_wconf 90' lang='grc' dir='ltr'><strong><em>τά</em></strong></span> <span class='ocrx_word' id='word_1_278' title='bbox 322 2469 415 2534; x_wconf 87' lang='grc' dir='ltr'><strong><em>λοιπά</em></strong></span> <span class='ocrx_word' id='word_1_279' title='bbox 433 2470 521 2535; x_wconf 87' lang='grc' dir='ltr'><strong><em>αύτοί</em></strong></span> <span class='ocrx_word' id='word_1_280' title='bbox 540 2473 590 2534; x_wconf 86' lang='grc' dir='ltr'><strong><em>καί</em></strong></span> <span class='ocrx_word' id='word_1_281' title='bbox 608 2469 647 2534; x_wconf 87' lang='grc' dir='ltr'><strong><em>τά</em></strong></span> <span class='ocrx_word' id='word_1_282' title='bbox 663 2470 770 2534; x_wconf 90' lang='grc' dir='ltr'><strong><em>παιδία</em></strong></span> <span class='ocrx_word' id='word_1_283' title='bbox 804 2415 909 2536; x_wconf 79' lang='grc' dir='ltr'><strong><em>ὃπλων</em></strong></span> <span class='ocrx_word' id='word_1_284' title='bbox 920 2469 1075 2558; x_wconf 74' lang='grc' dir='ltr'><strong><em>βοήθειαν,</em></strong></span> <span class='ocrx_word' id='word_1_285' title='bbox 1085 2469 1265 2575; x_wconf 74' lang='grc' dir='ltr'><strong><em>ἐτράπησαν.</em></strong></span> <span class='ocrx_word' id='word_1_286' title='bbox 1281 2475 1330 2536; x_wconf 89' lang='grc' dir='ltr'><strong><em>καί</em></strong></span> <span class='ocrx_word' id='word_1_287' title='bbox 1343 2498 1411 2537; x_wconf 79' lang='grc' dir='ltr'><strong><em>συν·</em></strong></span> 
     </span>
     <span class='ocr_line' id='line_1_29' title="bbox 164 2552 1411 2642; baseline 0.001 -22"><span class='ocrx_word' id='word_1_288' title='bbox 164 2559 347 2639; x_wconf 75' lang='grc' dir='ltr'><strong><em>ἐμερίσαντο.</em></strong></span> <span class='ocrx_word' id='word_1_289' title='bbox 375 2555 512 2619; x_wconf 76' lang='grc' dir='ltr'><strong><em>23ταῦτα</em></strong></span> <span class='ocrx_word' id='word_1_290' title='bbox 525 2552 556 2618; x_wconf 80' lang='grc' dir='ltr'><strong><em>δέ</em></strong></span> <span class='ocrx_word' id='word_1_291' title='bbox 569 2553 769 2638; x_wconf 86' lang='grc' dir='ltr'><strong><em>διαπραξάμε-</em></strong></span> <span class='ocrx_word' id='word_1_292' title='bbox 803 2559 855 2642; x_wconf 90' lang='grc' dir='ltr'><strong><em>έβη</em></strong></span> <span class='ocrx_word' id='word_1_293' title='bbox 878 2560 1079 2640; x_wconf 78' lang='grc' dir='ltr'><strong><em>τροπωδέντα</em></strong></span> <span class='ocrx_word' id='word_1_294' title='bbox 1101 2582 1154 2621; x_wconf 88' lang='grc' dir='ltr'><strong><em>τον</em></strong></span> <span class='ocrx_word' id='word_1_295' title='bbox 1173 2554 1326 2640; x_wconf 85' lang='grc' dir='ltr'><strong><em>Ἀντίοχον</em></strong></span> <span class='ocrx_word' id='word_1_296' title='bbox 1348 2555 1411 2621; x_wconf 79' lang='grc' dir='ltr'><strong><em>ὑπὸ</em></strong></span> 
     </span>
     <span class='ocr_line' id='line_1_30' title="bbox 163 2634 1412 2764; baseline 0.001 -62"><span class='ocrx_word' id='word_1_297' title='bbox 163 2663 228 2712; x_wconf 92' lang='grc' dir='ltr'><strong><em>νοι,</em></strong></span> <span class='ocrx_word' id='word_1_298' title='bbox 254 2640 304 2702; x_wconf 90' lang='grc' dir='ltr'><strong><em>καί</em></strong></span> <span class='ocrx_word' id='word_1_299' title='bbox 316 2634 415 2721; x_wconf 82' lang='grc' dir='ltr'><strong><em>κοινήν</em></strong></span> <span class='ocrx_word' id='word_1_300' title='bbox 436 2643 559 2702; x_wconf 89' lang='grc' dir='ltr'><strong><em>ίκετείαν</em></strong></span> <span class='ocrx_word' id='word_1_301' title='bbox 571 2634 769 2721; x_wconf 89' lang='grc' dir='ltr'><strong><em>ποιησάμενοι,</em></strong></span> <span class='ocrx_word' id='word_1_302' title='bbox 803 2645 863 2703; x_wconf 81' lang='grc' dir='ltr'><strong><em>τῶν</em></strong></span> <span class='ocrx_word' id='word_1_303' title='bbox 881 2643 1029 2724; x_wconf 82' lang='grc' dir='ltr'><strong><em>ἐγχωρίων</em></strong></span> <span class='ocrx_word' id='word_1_304' title='bbox 1047 2638 1202 2764; x_wconf 82' lang='grc' dir='ltr'><strong><em>ἀσχήμονα</em></strong></span> <span class='ocrx_word' id='word_1_305' title='bbox 1221 2640 1276 2725; x_wconf 84' lang='grc' dir='ltr'><strong><em>τήν</em></strong></span> <span class='ocrx_word' id='word_1_306' title='bbox 1302 2642 1412 2717; x_wconf 84' lang='grc' dir='ltr'><strong><em>ἀναζυ-</em></strong></span> 
     </span>
     <span class='ocr_line' id='line_1_31' title="bbox 162 2718 1409 2807; baseline 0.002 -21"><span class='ocrx_word' id='word_1_307' title='bbox 162 2722 220 2786; x_wconf 88' lang='grc' dir='ltr'><strong><em>τὸν</em></strong></span> <span class='ocrx_word' id='word_1_308' title='bbox 233 2718 376 2804; x_wconf 76' lang='grc' dir='ltr'><strong><em>ἐλεήμονα</em></strong></span> <span class='ocrx_word' id='word_1_309' title='bbox 393 2718 497 2804; x_wconf 85' lang='grc' dir='ltr'><strong><em>κύριον</em></strong></span> <span class='ocrx_word' id='word_1_310' title='bbox 515 2719 616 2804; x_wconf 81' lang='grc' dir='ltr'><strong><em>ἠξίουν</em></strong></span> <span class='ocrx_word' id='word_1_311' title='bbox 635 2726 673 2795; x_wconf 83' lang='grc' dir='ltr'><strong><em>εἰς</em></strong></span> <span class='ocrx_word' id='word_1_312' title='bbox 684 2720 770 2797; x_wconf 85' lang='grc' dir='ltr'><strong><em>τέλος</em></strong></span> <span class='ocrx_word' id='word_1_313' title='bbox 803 2723 858 2803; x_wconf 80' lang='grc' dir='ltr'><strong><em>γήν</em></strong></span> <span class='ocrx_word' id='word_1_314' title='bbox 871 2724 1068 2807; x_wconf 71' lang='grc' dir='ltr'><strong><em>ποιήσασθαι.</em></strong></span> <span class='ocrx_word' id='word_1_315' title='bbox 1123 2722 1188 2789; x_wconf 81' lang='grc' dir='ltr'><strong><em>ὄντι</em></strong></span> <span class='ocrx_word' id='word_1_316' title='bbox 1201 2723 1234 2787; x_wconf 83' lang='grc' dir='ltr'><strong><em>δὲ</em></strong></span> <span class='ocrx_word' id='word_1_317' title='bbox 1247 2723 1332 2806; x_wconf 76' lang='grc' dir='ltr'><strong><em>αὐτῷ</em></strong></span> <span class='ocrx_word' id='word_1_318' title='bbox 1347 2722 1409 2788; x_wconf 82' lang='grc' dir='ltr'><strong><em>κατ’</em></strong></span> 
     </span>
     <span class='ocr_line' id='line_1_32' title="bbox 162 2800 1413 2892; baseline 0.002 -24"><span class='ocrx_word' id='word_1_319' title='bbox 162 2803 386 2886; x_wconf 76' lang='grc' dir='ltr'><strong><em>καταλλαγῆναι</em></strong></span> <span class='ocrx_word' id='word_1_320' title='bbox 417 2816 481 2877; x_wconf 83' lang='grc' dir='ltr'><strong><em>τοῖς</em></strong></span> <span class='ocrx_word' id='word_1_321' title='bbox 511 2804 609 2868; x_wconf 82' lang='grc' dir='ltr'><strong><em>αὐτοῦ</em></strong></span> <span class='ocrx_word' id='word_1_322' title='bbox 640 2800 768 2879; x_wconf 88' lang='grc' dir='ltr'><strong><em>δούλοις.</em></strong></span> <span class='ocrx_word' id='word_1_323' title='bbox 801 2803 972 2891; x_wconf 85' lang='grc' dir='ltr'><strong><em>Ἐκβάτανα</em></strong></span> <span class='ocrx_word' id='word_1_324' title='bbox 984 2806 1196 2892; x_wconf 83' lang='grc' dir='ltr'><strong><em>προςέπεσετά</em></strong></span> <span class='ocrx_word' id='word_1_325' title='bbox 1213 2804 1293 2871; x_wconf 87' lang='grc' dir='ltr'><strong><em>κατά</em></strong></span> <span class='ocrx_word' id='word_1_326' title='bbox 1308 2804 1413 2872; x_wconf 89' lang='grc' dir='ltr'><strong><em>Νικά-</em></strong></span> 
     </span>
     <span class='ocr_line' id='line_1_33' title="bbox 163 2884 1415 2989; baseline 0.005 -39"><span class='ocrx_word' id='word_1_327' title='bbox 163 2890 195 2932; x_wconf 81' lang='lat'><strong><em>³⁰</em></strong></span> <span class='ocrx_word' id='word_1_328' title='bbox 208 2889 260 2951; x_wconf 85' lang='grc' dir='ltr'><strong><em>καί</em></strong></span> <span class='ocrx_word' id='word_1_329' title='bbox 272 2892 333 2951; x_wconf 78' lang='grc' dir='ltr'><strong><em>τῶν</em></strong></span> <span class='ocrx_word' id='word_1_330' title='bbox 344 2889 411 2972; x_wconf 87' lang='grc' dir='ltr'><strong><em>περί</em></strong></span> <span class='ocrx_word' id='word_1_331' title='bbox 428 2884 575 2989; x_wconf 81' lang='grc' dir='ltr'><strong><em>Τιμόθεον</em></strong></span> <span class='ocrx_word' id='word_1_332' title='bbox 587 2890 638 2951; x_wconf 84' lang='grc' dir='ltr'><strong><em>καί</em></strong></span> <span class='ocrx_word' id='word_1_333' title='bbox 652 2893 770 2970; x_wconf 85' lang='grc' dir='ltr'><strong><em>Βακχί-</em></strong></span> <span class='ocrx_word' id='word_1_334' title='bbox 804 2914 879 2974; x_wconf 90' lang='grc' dir='ltr'><strong><em>νορα</em></strong></span> <span class='ocrx_word' id='word_1_335' title='bbox 892 2890 1025 2964; x_wconf 82' lang='grc' dir='ltr'><strong><em>καὶτοὺς</em></strong></span> <span class='ocrx_word' id='word_1_336' title='bbox 1044 2893 1113 2971; x_wconf 87' lang='grc' dir='ltr'><strong><em>περί</em></strong></span> <span class='ocrx_word' id='word_1_337' title='bbox 1127 2885 1274 2973; x_wconf 76' lang='grc' dir='ltr'><strong><em>Τιμόθεον</em></strong></span> <span class='ocrx_word' id='word_1_338' title='bbox 1285 2888 1415 2966; x_wconf 87' lang='grc' dir='ltr'><strong><em>γεγονό-</em></strong></span> 
     </span>
     <span class='ocr_line' id='line_1_34' title="bbox 163 2967 1414 3073; baseline 0.002 -38"><span class='ocrx_word' id='word_1_339' title='bbox 163 2974 218 3055; x_wconf 87' lang='grc' dir='ltr'><strong><em>δην</em></strong></span> <span class='ocrx_word' id='word_1_340' title='bbox 231 2967 439 3055; x_wconf 85' lang='grc' dir='ltr'><strong><em>συνεριζόντων</em></strong></span> <span class='ocrx_word' id='word_1_341' title='bbox 457 2972 534 3054; x_wconf 81' lang='grc' dir='ltr'><strong><em>υπὲρ</em></strong></span> <span class='ocrx_word' id='word_1_342' title='bbox 551 2968 623 3044; x_wconf 87' lang='grc' dir='ltr'><strong><em>τούς</em></strong></span> <span class='ocrx_word' id='word_1_343' title='bbox 641 2971 769 3055; x_wconf 87' lang='grc' dir='ltr'><strong><em>διςμυρί-</em></strong></span> <span class='ocrx_word' id='word_1_344' title='bbox 803 2998 851 3036; x_wconf 91' lang='grc' dir='ltr'><strong><em>τα.</em></strong></span> <span class='ocrx_word' id='word_1_345' title='bbox 888 2971 1059 3055; x_wconf 72' lang='grc' dir='ltr'><strong><em>4ιὲτταρδεὶς</em></strong></span> <span class='ocrx_word' id='word_1_346' title='bbox 1083 2972 1117 3037; x_wconf 83' lang='grc' dir='ltr'><strong><em>δὲ</em></strong></span> <span class='ocrx_word' id='word_1_347' title='bbox 1140 2976 1184 3054; x_wconf 80' lang='grc' dir='ltr'><strong><em>τῷ</em></strong></span> <span class='ocrx_word' id='word_1_348' title='bbox 1207 2975 1299 3049; x_wconf 76' lang='grc' dir='ltr'><strong><em>θυμῷ</em></strong></span> <span class='ocrx_word' id='word_1_349' title='bbox 1330 2972 1414 3073; x_wconf 51' lang='lat' dir='ltr'>&lt;fero</span> 
     </span>
     <span class='ocr_line' id='line_1_35' title="bbox 164 3048 1415 3139; baseline 0.002 -21"><span class='ocrx_word' id='word_1_350' title='bbox 164 3080 217 3128; x_wconf 90' lang='grc' dir='ltr'><strong><em>ους</em></strong></span> <span class='ocrx_word' id='word_1_351' title='bbox 233 3053 334 3118; x_wconf 75' lang='grc' dir='ltr'><strong><em>αὐτῶν</em></strong></span> <span class='ocrx_word' id='word_1_352' title='bbox 352 3052 479 3131; x_wconf 83' lang='grc' dir='ltr'><strong><em>ἀνεῖλον,</em></strong></span> <span class='ocrx_word' id='word_1_353' title='bbox 503 3056 554 3118; x_wconf 91' lang='grc' dir='ltr'><strong><em>καί</em></strong></span> <span class='ocrx_word' id='word_1_354' title='bbox 571 3051 770 3138; x_wconf 85' lang='grc' dir='ltr'><strong><em>ὀχυρωμάτων</em></strong></span> <span class='ocrx_word' id='word_1_355' title='bbox 804 3058 854 3120; x_wconf 86' lang='grc' dir='ltr'><strong><em>καί</em></strong></span> <span class='ocrx_word' id='word_1_356' title='bbox 875 3054 928 3139; x_wconf 82' lang='grc' dir='ltr'><strong><em>τήν</em></strong></span> <span class='ocrx_word' id='word_1_357' title='bbox 949 3060 1008 3119; x_wconf 77' lang='grc' dir='ltr'><strong><em>τῶν</em></strong></span> <span class='ocrx_word' id='word_1_358' title='bbox 1028 3048 1287 3135; x_wconf 84' lang='grc' dir='ltr'><strong><em>πεφυγαδευκότων</em></strong></span> <span class='ocrx_word' id='word_1_359' title='bbox 1310 3054 1415 3120; x_wconf 90' lang='grc' dir='ltr'><strong><em>αυτὸν</em></strong></span> 
     </span>
     <span class='ocr_line' id='line_1_36' title="bbox 163 3127 1414 3220; baseline 0.002 -20"><span class='ocrx_word' id='word_1_360' title='bbox 163 3135 292 3218; x_wconf 71' lang='grc' dir='ltr'><strong><em>ὖιμηλοῖν</em></strong></span> <span class='ocrx_word' id='word_1_361' title='bbox 310 3127 437 3217; x_wconf 84' lang='grc' dir='ltr'><strong><em>ιάμάλα</em></strong></span> <span class='ocrx_word' id='word_1_362' title='bbox 456 3142 604 3220; x_wconf 75' lang='grc' dir='ltr'><strong><em>ἐγκρατεῖς</em></strong></span> <span class='ocrx_word' id='word_1_363' title='bbox 620 3141 769 3214; x_wconf 74' lang='grc' dir='ltr'><strong><em>ἐγένοντο.</em></strong></span> <span class='ocrx_word' id='word_1_364' title='bbox 804 3143 910 3202; x_wconf 90' lang='grc' dir='ltr'><strong><em>κακίαν</em></strong></span> <span class='ocrx_word' id='word_1_365' title='bbox 927 3143 965 3212; x_wconf 82' lang='grc' dir='ltr'><strong><em>εἷς</em></strong></span> <span class='ocrx_word' id='word_1_366' title='bbox 987 3137 1056 3212; x_wconf 84' lang='grc' dir='ltr'><strong><em>τούς</em></strong></span> <span class='ocrx_word' id='word_1_367' title='bbox 1070 3136 1232 3207; x_wconf 85' lang='grc' dir='ltr'><strong><em>Ἰουδαίους</em></strong></span> <span class='ocrx_word' id='word_1_368' title='bbox 1256 3136 1351 3200; x_wconf 83' lang='grc' dir='ltr'><strong><em>ἐναπε</em></strong></span> <span class='ocrx_word' id='word_1_369' title='bbox 1374 3144 1414 3203; x_wconf 89' lang='grc' dir='ltr'><strong><em>εί·</em></strong></span> 
     </span>
     <span class='ocr_line' id='line_1_37' title="bbox 162 3163 1412 3304; baseline 0.002 -22"><span class='ocrx_word' id='word_1_370' title='bbox 162 3220 215 3283; x_wconf 84' lang='grc' dir='ltr'><strong><em>καί</em></strong></span> <span class='ocrx_word' id='word_1_371' title='bbox 226 3215 348 3298; x_wconf 86' lang='grc' dir='ltr'><strong><em>λάφυρα</em></strong></span> <span class='ocrx_word' id='word_1_372' title='bbox 360 3218 488 3281; x_wconf 84' lang='grc' dir='ltr'><strong><em>πλεῖστα</em></strong></span> <span class='ocrx_word' id='word_1_373' title='bbox 501 3223 683 3301; x_wconf 77' lang='grc' dir='ltr'><strong><em>ἐμερίσαντο,</em></strong></span> <span class='ocrx_word' id='word_1_374' title='bbox 706 3225 767 3285; x_wconf 76' lang='lat' dir='ltr'><em>loo-</em></span> <span class='ocrx_word' id='word_1_375' title='bbox 804 3232 926 3287; x_wconf 82' lang='grc' dir='ltr'><strong><em>σαοδαι.</em></strong></span> <span class='ocrx_word' id='word_1_376' title='bbox 953 3220 997 3286; x_wconf 88' lang='grc' dir='ltr'><strong><em>διὸ</em></strong></span> <span class='ocrx_word' id='word_1_377' title='bbox 1011 3221 1144 3293; x_wconf 84' lang='grc' dir='ltr'><strong><em>συνέταξε</em></strong></span> <span class='ocrx_word' id='word_1_378' title='bbox 1161 3215 1216 3281; x_wconf 84' lang='grc' dir='ltr'><strong><em>τὸν</em></strong></span> <span class='ocrx_word' id='word_1_379' title='bbox 1230 3163 1412 3304; x_wconf 72' lang='grc' dir='ltr'><strong><em>ἁρματηλά-</em></strong></span> 
     </span>
     <span class='ocr_line' id='line_1_38' title="bbox 162 3295 1411 3407; baseline 0.004 -42"><span class='ocrx_word' id='word_1_380' title='bbox 162 3307 287 3385; x_wconf 90' lang='grc' dir='ltr'><strong><em>μοίρους</em></strong></span> <span class='ocrx_word' id='word_1_381' title='bbox 310 3301 435 3376; x_wconf 80' lang='grc' dir='ltr'><strong><em>ἑαυτούς</em></strong></span> <span class='ocrx_word' id='word_1_382' title='bbox 458 3302 508 3364; x_wconf 89' lang='grc' dir='ltr'><strong><em>καί</em></strong></span> <span class='ocrx_word' id='word_1_383' title='bbox 520 3312 585 3376; x_wconf 82' lang='grc' dir='ltr'><strong><em>τοῖς</em></strong></span> <span class='ocrx_word' id='word_1_384' title='bbox 605 3302 770 3383; x_wconf 84' lang='grc' dir='ltr'><strong><em>ήκισμένοις</em></strong></span> <span class='ocrx_word' id='word_1_385' title='bbox 805 3328 857 3407; x_wconf 85' lang='grc' dir='ltr'><strong><em>την</em></strong></span> <span class='ocrx_word' id='word_1_386' title='bbox 869 3301 1063 3374; x_wconf 85' lang='grc' dir='ltr'><strong><em>ἀδιαλείπτως</em></strong></span> <span class='ocrx_word' id='word_1_387' title='bbox 1075 3295 1241 3365; x_wconf 78' lang='grc' dir='ltr'><strong><em>ἐλαύνοντα</em></strong></span> <span class='ocrx_word' id='word_1_388' title='bbox 1255 3304 1411 3369; x_wconf 83' lang='grc' dir='ltr'><strong><em>κατανύειν</em></strong></span> 
     </span>
     <span class='ocr_line' id='line_1_39' title="bbox 162 3371 1405 3490; baseline 0.002 -42"><span class='ocrx_word' id='word_1_389' title='bbox 162 3386 216 3449; x_wconf 86' lang='grc' dir='ltr'><strong><em>καὶ</em></strong></span> <span class='ocrx_word' id='word_1_390' title='bbox 234 3381 378 3469; x_wconf 81' lang='grc' dir='ltr'><strong><em>ὀρφανοῖς</em></strong></span> <span class='ocrx_word' id='word_1_391' title='bbox 397 3387 448 3448; x_wconf 89' lang='grc' dir='ltr'><strong><em>καί</em></strong></span> <span class='ocrx_word' id='word_1_392' title='bbox 466 3381 582 3469; x_wconf 89' lang='grc' dir='ltr'><strong><em>χήραις,</em></strong></span> <span class='ocrx_word' id='word_1_393' title='bbox 597 3371 653 3450; x_wconf 48' lang='lat' dir='ltr'><strong><em>“gn</em></strong></span> <span class='ocrx_word' id='word_1_394' title='bbox 674 3385 772 3451; x_wconf 78' lang='grc' dir='ltr'><strong><em>δὲκαὶ</em></strong></span> <span class='ocrx_word' id='word_1_395' title='bbox 804 3409 857 3470; x_wconf 91' lang='grc' dir='ltr'><strong><em>την</em></strong></span> <span class='ocrx_word' id='word_1_396' title='bbox 869 3390 1005 3471; x_wconf 88' lang='grc' dir='ltr'><strong><em>πορείαν,</em></strong></span> <span class='ocrx_word' id='word_1_397' title='bbox 1029 3387 1080 3469; x_wconf 84' lang='grc' dir='ltr'><strong><em>τής</em></strong></span> <span class='ocrx_word' id='word_1_398' title='bbox 1098 3381 1280 3490; x_wconf 70' lang='grc' dir='ltr'><strong><em>ἐξούρωοῦ</em></strong></span> <span class='ocrx_word' id='word_1_399' title='bbox 1295 3383 1331 3470; x_wconf 86' lang='grc' dir='ltr'><strong><em>δή</em></strong></span> <span class='ocrx_word' id='word_1_400' title='bbox 1345 3392 1405 3472; x_wconf 90' lang='grc' dir='ltr'><strong><em>κρί-</em></strong></span> 
     </span>
     <span class='ocr_line' id='line_1_40' title="bbox 162 3464 1409 3568; baseline 0.002 -37"><span class='ocrx_word' id='word_1_401' title='bbox 162 3470 374 3568; x_wconf 83' lang='grc' dir='ltr'><strong><em>πρεσβυτέροις</em></strong></span> <span class='ocrx_word' id='word_1_402' title='bbox 395 3465 580 3551; x_wconf 89' lang='grc' dir='ltr'><strong><em>ποιήσαντες.</em></strong></span> <span class='ocrx_word' id='word_1_403' title='bbox 597 3470 624 3510; x_wconf 70' lang='grc'><strong><em>33</em></strong></span> <span class='ocrx_word' id='word_1_404' title='bbox 637 3465 770 3534; x_wconf 83' lang='grc' dir='ltr'><strong><em>ὁπλολο-</em></strong></span> <span class='ocrx_word' id='word_1_405' title='bbox 805 3495 878 3545; x_wconf 87' lang='grc' dir='ltr'><strong><em>σεως</em></strong></span> <span class='ocrx_word' id='word_1_406' title='bbox 891 3465 1032 3554; x_wconf 78' lang='grc' dir='ltr'><strong><em>συνούσης</em></strong></span> <span class='ocrx_word' id='word_1_407' title='bbox 1046 3464 1138 3551; x_wconf 76' lang='grc' dir='ltr'><strong><em>αὐτῷ.</em></strong></span> <span class='ocrx_word' id='word_1_408' title='bbox 1154 3493 1235 3532; x_wconf 91' lang='grc' dir='ltr'><strong><em>ουτω</em></strong></span> <span class='ocrx_word' id='word_1_409' title='bbox 1247 3467 1307 3553; x_wconf 92' lang='grc' dir='ltr'><strong><em>γάρ</em></strong></span> <span class='ocrx_word' id='word_1_410' title='bbox 1321 3465 1409 3554; x_wconf 79' lang='grc' dir='ltr'><strong><em>άπερ-</em></strong></span> 
     </span>
     <span class='ocr_line' id='line_1_41' title="bbox 162 3548 1409 3637; baseline 0.003 -23"><span class='ocrx_word' id='word_1_411' title='bbox 162 3573 301 3633; x_wconf 90' lang='grc' dir='ltr'><strong><em>γησαντες</em></strong></span> <span class='ocrx_word' id='word_1_412' title='bbox 330 3551 363 3613; x_wconf 84' lang='grc' dir='ltr'><strong><em>δὲ</em></strong></span> <span class='ocrx_word' id='word_1_413' title='bbox 389 3548 502 3625; x_wconf 82' lang='grc' dir='ltr'><strong><em>αύτούς</em></strong></span> <span class='ocrx_word' id='word_1_414' title='bbox 515 3552 657 3631; x_wconf 70' lang='grc' dir='ltr'><strong><em>ἐπιμελῶς</em></strong></span> <span class='ocrx_word' id='word_1_415' title='bbox 667 3549 770 3618; x_wconf 86' lang='grc' dir='ltr'><strong><em>πάντα</em></strong></span> <span class='ocrx_word' id='word_1_416' title='bbox 803 3551 1003 3636; x_wconf 82' lang='grc' dir='ltr'><strong><em>ηφάνωςελπε.</em></strong></span> <span class='ocrx_word' id='word_1_417' title='bbox 1042 3549 1242 3637; x_wconf 89' lang='grc' dir='ltr'><strong><em>πολυάνδριον</em></strong></span> <span class='ocrx_word' id='word_1_418' title='bbox 1253 3551 1409 3618; x_wconf 82' lang='grc' dir='ltr'><strong><em>Ἰουδαίων</em></strong></span> 
     </span>
     <span class='ocr_line' id='line_1_42' title="bbox 163 3629 1409 3738; baseline 0.003 -44"><span class='ocrx_word' id='word_1_419' title='bbox 163 3636 331 3714; x_wconf 78' lang='grc' dir='ltr'><strong><em>συνέθηκαν</em></strong></span> <span class='ocrx_word' id='word_1_420' title='bbox 341 3637 379 3706; x_wconf 82' lang='grc' dir='ltr'><strong><em>είς</em></strong></span> <span class='ocrx_word' id='word_1_421' title='bbox 389 3631 459 3707; x_wconf 78' lang='grc' dir='ltr'><strong><em>τοὺς</em></strong></span> <span class='ocrx_word' id='word_1_422' title='bbox 468 3638 639 3719; x_wconf 79' lang='grc' dir='ltr'><strong><em>ἐπικαίρους</em></strong></span> <span class='ocrx_word' id='word_1_423' title='bbox 648 3633 768 3710; x_wconf 89' lang='grc' dir='ltr'><strong><em>τόπους,</em></strong></span> <span class='ocrx_word' id='word_1_424' title='bbox 799 3632 996 3718; x_wconf 79' lang='grc' dir='ltr'><strong><em>Ἱεροσόλυμα</em></strong></span> <span class='ocrx_word' id='word_1_425' title='bbox 1026 3629 1141 3715; x_wconf 87' lang='grc' dir='ltr'><strong><em>ποιήσω</em></strong></span> <span class='ocrx_word' id='word_1_426' title='bbox 1176 3634 1409 3738; x_wconf 86' lang='grc' dir='ltr'><strong><em>παραγενόμενος</em></strong></span> 
     </span>
     <span class='ocr_line' id='line_1_43' title="bbox 161 3710 1411 3801; baseline 0.004 -24"><span class='ocrx_word' id='word_1_427' title='bbox 161 3711 202 3777; x_wconf 89' lang='grc' dir='ltr'><strong><em>τά</em></strong></span> <span class='ocrx_word' id='word_1_428' title='bbox 216 3712 247 3775; x_wconf 85' lang='grc' dir='ltr'><strong><em>δὲ</em></strong></span> <span class='ocrx_word' id='word_1_429' title='bbox 266 3710 359 3777; x_wconf 89' lang='grc' dir='ltr'><strong><em>λοιπά</em></strong></span> <span class='ocrx_word' id='word_1_430' title='bbox 377 3719 438 3779; x_wconf 79' lang='grc' dir='ltr'><strong><em>τῶν</em></strong></span> <span class='ocrx_word' id='word_1_431' title='bbox 456 3716 574 3779; x_wconf 83' lang='grc' dir='ltr'><strong><em>σκύλων</em></strong></span> <span class='ocrx_word' id='word_1_432' title='bbox 593 3715 716 3798; x_wconf 83' lang='grc' dir='ltr'><strong><em>ήνεγκαν</em></strong></span> <span class='ocrx_word' id='word_1_433' title='bbox 731 3724 769 3793; x_wconf 85' lang='grc' dir='ltr'><strong><em>είς</em></strong></span> <span class='ocrx_word' id='word_1_434' title='bbox 803 3723 869 3783; x_wconf 83' lang='grc' dir='ltr'><strong><em>ε’κεῖ.</em></strong></span> <span class='ocrx_word' id='word_1_435' title='bbox 896 3718 936 3781; x_wconf 75' lang='lat'><strong><em>⁵5</em></strong></span> <span class='ocrx_word' id='word_1_436' title='bbox 950 3718 982 3781; x_wconf 84' lang='grc' dir='ltr'><strong><em>δὲ</em></strong></span> <span class='ocrx_word' id='word_1_437' title='bbox 994 3712 1186 3801; x_wconf 85' lang='grc' dir='ltr'><strong><em>πανεπάπτης</em></strong></span> <span class='ocrx_word' id='word_1_438' title='bbox 1198 3743 1298 3798; x_wconf 90' lang='grc' dir='ltr'><strong><em>κυριος</em></strong></span> <span class='ocrx_word' id='word_1_439' title='bbox 1311 3716 1411 3792; x_wconf 81' lang='grc' dir='ltr'><strong><em>ὁθεδς</em></strong></span> 
     </span>
     <span class='ocr_line' id='line_1_44' title="bbox 165 3791 1409 3903; baseline 0.003 -44"><span class='ocrx_word' id='word_1_440' title='bbox 165 3791 361 3877; x_wconf 84' lang='grc' dir='ltr'><strong><em>Ἱεροσόλυμα.</em></strong></span> <span class='ocrx_word' id='word_1_441' title='bbox 388 3798 418 3838; x_wconf 69' lang='grc'><strong><em>33</em></strong></span> <span class='ocrx_word' id='word_1_442' title='bbox 431 3797 486 3862; x_wconf 87' lang='grc' dir='ltr'><strong><em>τὸν</em></strong></span> <span class='ocrx_word' id='word_1_443' title='bbox 498 3798 530 3861; x_wconf 85' lang='grc' dir='ltr'><strong><em>δὲ</em></strong></span> <span class='ocrx_word' id='word_1_444' title='bbox 543 3796 696 3903; x_wconf 85' lang='grc' dir='ltr'><strong><em>φυλάρχην</em></strong></span> <span class='ocrx_word' id='word_1_445' title='bbox 709 3807 770 3866; x_wconf 80' lang='grc' dir='ltr'><strong><em>τῶν</em></strong></span> <span class='ocrx_word' id='word_1_446' title='bbox 802 3806 861 3866; x_wconf 79' lang='grc' dir='ltr'><strong><em>τοῦ</em></strong></span> <span class='ocrx_word' id='word_1_447' title='bbox 875 3799 1000 3885; x_wconf 83' lang='grc' dir='ltr'><strong><em>Ἰσραήλ</em></strong></span> <span class='ocrx_word' id='word_1_448' title='bbox 1019 3797 1164 3875; x_wconf 78' lang='grc' dir='ltr'><strong><em>ἐπάταξεν</em></strong></span> <span class='ocrx_word' id='word_1_449' title='bbox 1181 3799 1277 3864; x_wconf 81' lang='grc' dir='ltr'><strong><em>αὐτὸν</em></strong></span> <span class='ocrx_word' id='word_1_450' title='bbox 1295 3796 1409 3883; x_wconf 85' lang='grc' dir='ltr'><strong><em>ἀνιάτῳ</em></strong></span> 
     </span>
     <span class='ocr_line' id='line_1_45' title="bbox 163 3877 1413 3968; baseline 0.007 -27"><span class='ocrx_word' id='word_1_451' title='bbox 163 3902 232 3959; x_wconf 90' lang='grc' dir='ltr'><strong><em>περι</em></strong></span> <span class='ocrx_word' id='word_1_452' title='bbox 248 3877 398 3960; x_wconf 79' lang='grc' dir='ltr'><strong><em>Τιμόθεον</em></strong></span> <span class='ocrx_word' id='word_1_453' title='bbox 411 3878 541 3956; x_wconf 86' lang='grc' dir='ltr'><strong><em>ἀνεῖλον,</em></strong></span> <span class='ocrx_word' id='word_1_454' title='bbox 567 3881 771 3947; x_wconf 88' lang='grc' dir='ltr'><strong><em>ἀνοσιωτατον</em></strong></span> <span class='ocrx_word' id='word_1_455' title='bbox 803 3886 855 3948; x_wconf 86' lang='grc' dir='ltr'><strong><em>καὶ</em></strong></span> <span class='ocrx_word' id='word_1_456' title='bbox 880 3880 1004 3966; x_wconf 86' lang='grc' dir='ltr'><strong><em>ἀοράτῳ</em></strong></span> <span class='ocrx_word' id='word_1_457' title='bbox 1029 3885 1137 3965; x_wconf 76' lang='grc' dir='ltr'><strong><em>πληγή.</em></strong></span> <span class='ocrx_word' id='word_1_458' title='bbox 1163 3883 1231 3968; x_wconf 83' lang='grc' dir='ltr'><strong><em>ἀρτι</em></strong></span> <span class='ocrx_word' id='word_1_459' title='bbox 1257 3881 1288 3946; x_wconf 82' lang='grc' dir='ltr'><strong><em>δέ</em></strong></span> <span class='ocrx_word' id='word_1_460' title='bbox 1314 3882 1413 3949; x_wconf 78' lang='grc' dir='ltr'><strong><em>αὐτοῦ</em></strong></span> 
     </span>
     <span class='ocr_line' id='line_1_46' title="bbox 162 3951 1412 4050; baseline 0.007 -28"><span class='ocrx_word' id='word_1_461' title='bbox 162 3958 258 4042; x_wconf 82' lang='grc' dir='ltr'><strong><em>ἀνδρα</em></strong></span> <span class='ocrx_word' id='word_1_462' title='bbox 270 3963 321 4024; x_wconf 83' lang='grc' dir='ltr'><strong><em>καί</em></strong></span> <span class='ocrx_word' id='word_1_463' title='bbox 333 3962 434 4025; x_wconf 87' lang='grc' dir='ltr'><strong><em>πολλά</em></strong></span> <span class='ocrx_word' id='word_1_464' title='bbox 446 3963 691 4039; x_wconf 80' lang='grc' dir='ltr'><strong><em>τοὺςἼουδαίους</em></strong></span> <span class='ocrx_word' id='word_1_465' title='bbox 703 3970 769 4031; x_wconf 82' lang='grc' dir='ltr'><strong><em>ἒπι-</em></strong></span> <span class='ocrx_word' id='word_1_466' title='bbox 802 3964 1023 4042; x_wconf 83' lang='grc' dir='ltr'><strong><em>καταλήξαντος</em></strong></span> <span class='ocrx_word' id='word_1_467' title='bbox 1035 3966 1089 4031; x_wconf 87' lang='grc' dir='ltr'><strong><em>τὸν</em></strong></span> <span class='ocrx_word' id='word_1_468' title='bbox 1101 3951 1203 4043; x_wconf 86' lang='grc' dir='ltr'><strong><em>λόγον,</em></strong></span> <span class='ocrx_word' id='word_1_469' title='bbox 1230 3964 1339 4050; x_wconf 80' lang='grc' dir='ltr'><strong><em>ἔλαβεν</em></strong></span> <span class='ocrx_word' id='word_1_470' title='bbox 1352 3965 1412 4030; x_wconf 82' lang='grc' dir='ltr'><strong><em>αύ-</em></strong></span> 
     </span>
     <span class='ocr_line' id='line_1_47' title="bbox 161 4041 1413 4133; baseline 0.006 -29"><span class='ocrx_word' id='word_1_471' title='bbox 161 4041 358 4126; x_wconf 85' lang='grc' dir='ltr'><strong><em>λελυπηκότα.</em></strong></span> <span class='ocrx_word' id='word_1_472' title='bbox 395 4047 424 4087; x_wconf 89' lang='grc'><strong><em>33</em></strong></span> <span class='ocrx_word' id='word_1_473' title='bbox 438 4049 565 4111; x_wconf 81' lang='grc' dir='ltr'><strong><em>ἐπινίκια</em></strong></span> <span class='ocrx_word' id='word_1_474' title='bbox 590 4047 622 4111; x_wconf 82' lang='grc' dir='ltr'><strong><em>δὲ</em></strong></span> <span class='ocrx_word' id='word_1_475' title='bbox 649 4047 769 4125; x_wconf 87' lang='grc' dir='ltr'><strong><em>ἀγοντες</em></strong></span> <span class='ocrx_word' id='word_1_476' title='bbox 802 4050 857 4114; x_wconf 88' lang='grc' dir='ltr'><strong><em>τὸν</em></strong></span> <span class='ocrx_word' id='word_1_477' title='bbox 870 4045 1028 4129; x_wconf 87' lang='grc' dir='ltr'><strong><em>ἀνήκεστος</em></strong></span> <span class='ocrx_word' id='word_1_478' title='bbox 1045 4054 1108 4115; x_wconf 72' lang='grc' dir='ltr'><strong><em>τοῖν</em></strong></span> <span class='ocrx_word' id='word_1_479' title='bbox 1126 4045 1299 4130; x_wconf 88' lang='grc' dir='ltr'><strong><em>σπλάγχνων</em></strong></span> <span class='ocrx_word' id='word_1_480' title='bbox 1312 4045 1413 4133; x_wconf 89' lang='grc' dir='ltr'><strong><em>ἀλγη-</em></strong></span> 
     </span>
     <span class='ocr_line' id='line_1_48' title="bbox 160 4126 1412 4218; baseline 0.005 -29"><span class='ocrx_word' id='word_1_481' title='bbox 160 4129 194 4190; x_wconf 83' lang='grc' dir='ltr'><strong><em>έν</em></strong></span> <span class='ocrx_word' id='word_1_482' title='bbox 204 4131 243 4218; x_wconf 78' lang='grc' dir='ltr'><strong><em>τῇ</em></strong></span> <span class='ocrx_word' id='word_1_483' title='bbox 254 4127 375 4210; x_wconf 88' lang='grc' dir='ltr'><strong><em>πατρίδι</em></strong></span> <span class='ocrx_word' id='word_1_484' title='bbox 390 4126 460 4200; x_wconf 84' lang='grc' dir='ltr'><strong><em>τοὺς</em></strong></span> <span class='ocrx_word' id='word_1_485' title='bbox 473 4127 685 4213; x_wconf 79' lang='grc' dir='ltr'><strong><em>ἐμπρήσαντας</em></strong></span> <span class='ocrx_word' id='word_1_486' title='bbox 698 4134 769 4208; x_wconf 83' lang='grc' dir='ltr'><strong><em>τοὺς</em></strong></span> <span class='ocrx_word' id='word_1_487' title='bbox 802 4133 876 4206; x_wconf 84' lang='grc' dir='ltr'><strong><em>δάν,</em></strong></span> <span class='ocrx_word' id='word_1_488' title='bbox 902 4133 960 4194; x_wconf 82' lang='grc' dir='ltr'><strong><em>καί</em></strong></span> <span class='ocrx_word' id='word_1_489' title='bbox 971 4136 1077 4216; x_wconf 84' lang='grc' dir='ltr'><strong><em>πικραί</em></strong></span> <span class='ocrx_word' id='word_1_490' title='bbox 1094 4136 1154 4197; x_wconf 79' lang='grc' dir='ltr'><strong><em>τάν</em></strong></span> <span class='ocrx_word' id='word_1_491' title='bbox 1170 4131 1253 4194; x_wconf 75' lang='grc' dir='ltr'><strong><em>ἔνδον</em></strong></span> <span class='ocrx_word' id='word_1_492' title='bbox 1270 4128 1412 4216; x_wconf 90' lang='grc' dir='ltr'><strong><em>βάσανοι,</em></strong></span> 
     </span>
     <span class='ocr_line' id='line_1_49' title="bbox 162 4209 1410 4296; baseline 0.006 -26"><span class='ocrx_word' id='word_1_493' title='bbox 162 4210 257 4290; x_wconf 85' lang='grc' dir='ltr'><strong><em>ίερούς</em></strong></span> <span class='ocrx_word' id='word_1_494' title='bbox 270 4211 420 4286; x_wconf 73' lang='grc' dir='ltr'><strong><em>πυλῶνας,</em></strong></span> <span class='ocrx_word' id='word_1_495' title='bbox 434 4212 646 4296; x_wconf 73' lang='grc' dir='ltr'><strong><em>Καλλισθένην</em></strong></span> <span class='ocrx_word' id='word_1_496' title='bbox 659 4221 711 4276; x_wconf 90' lang='grc' dir='ltr'><strong><em>καί</em></strong></span> <span class='ocrx_word' id='word_1_497' title='bbox 723 4241 768 4279; x_wconf 90' lang='grc' dir='ltr'><strong><em>τι-</em></strong></span> <span class='ocrx_word' id='word_1_498' title='bbox 803 4217 818 4257; x_wconf 81' lang='lat'><strong>⁶</strong></span> <span class='ocrx_word' id='word_1_499' title='bbox 829 4209 908 4277; x_wconf 92' lang='grc' dir='ltr'><strong><em>πάνυ</em></strong></span> <span class='ocrx_word' id='word_1_500' title='bbox 921 4214 1043 4290; x_wconf 88' lang='grc' dir='ltr'><strong><em>δικαίως</em></strong></span> <span class='ocrx_word' id='word_1_501' title='bbox 1061 4215 1114 4281; x_wconf 88' lang='grc' dir='ltr'><strong><em>τὸν</em></strong></span> <span class='ocrx_word' id='word_1_502' title='bbox 1132 4212 1259 4288; x_wconf 83' lang='grc' dir='ltr'><strong><em>πολλαῖς</em></strong></span> <span class='ocrx_word' id='word_1_503' title='bbox 1272 4215 1324 4277; x_wconf 86' lang='grc' dir='ltr'><strong><em>καί</em></strong></span> <span class='ocrx_word' id='word_1_504' title='bbox 1336 4217 1410 4290; x_wconf 82' lang='grc' dir='ltr'><strong><em>ξενι-</em></strong></span> 
     </span>
     <span class='ocr_line' id='line_1_50' title="bbox 158 4290 1412 4421; baseline 0.009 -69"><span class='ocrx_word' id='word_1_505' title='bbox 158 4315 211 4364; x_wconf 86' lang='grc' dir='ltr'><strong><em>νας</em></strong></span> <span class='ocrx_word' id='word_1_506' title='bbox 239 4292 360 4368; x_wconf 89' lang='grc' dir='ltr'><strong><em>ἀλλους,</em></strong></span> <span class='ocrx_word' id='word_1_507' title='bbox 376 4290 504 4375; x_wconf 82' lang='grc' dir='ltr'><strong><em>ὑφῆψαν</em></strong></span> <span class='ocrx_word' id='word_1_508' title='bbox 527 4298 565 4369; x_wconf 86' lang='grc' dir='ltr'><strong><em>είς</em></strong></span> <span class='ocrx_word' id='word_1_509' title='bbox 590 4303 622 4359; x_wconf 76' lang='grc' dir='ltr'><strong><em>ἓν</em></strong></span> <span class='ocrx_word' id='word_1_510' title='bbox 647 4297 768 4361; x_wconf 79' lang='grc' dir='ltr'><strong><em>οἰκίδιον</em></strong></span> <span class='ocrx_word' id='word_1_511' title='bbox 802 4294 923 4372; x_wconf 85' lang='grc' dir='ltr'><strong><em>ζούσαις</em></strong></span> <span class='ocrx_word' id='word_1_512' title='bbox 941 4310 1107 4421; x_wconf 75' lang='grc' dir='ltr'><strong><em>συμφοραῖς</em></strong></span> <span class='ocrx_word' id='word_1_513' title='bbox 1125 4299 1236 4402; x_wconf 79' lang='grc' dir='ltr'><strong><em>ἑτέρων</em></strong></span> <span class='ocrx_word' id='word_1_514' title='bbox 1254 4290 1412 4380; x_wconf 87' lang='grc' dir='ltr'><strong><em>σπλάγχνα</em></strong></span> 
     </span>
     <span class='ocr_line' id='line_1_51' title="bbox 157 4371 1413 4464; baseline 0.008 -30"><span class='ocrx_word' id='word_1_515' title='bbox 157 4371 361 4451; x_wconf 86' lang='grc' dir='ltr'><strong><em>πεφευγότας,</em></strong></span> <span class='ocrx_word' id='word_1_516' title='bbox 387 4379 491 4449; x_wconf 78' lang='grc' dir='ltr'><strong><em>οἵτινες</em></strong></span> <span class='ocrx_word' id='word_1_517' title='bbox 503 4375 588 4451; x_wconf 82' lang='grc' dir='ltr'><strong><em>ἀξιον</em></strong></span> <span class='ocrx_word' id='word_1_518' title='bbox 598 4382 651 4460; x_wconf 86' lang='grc' dir='ltr'><strong><em>τῆς</em></strong></span> <span class='ocrx_word' id='word_1_519' title='bbox 669 4380 768 4455; x_wconf 83' lang='grc' dir='ltr'><strong><em>δυςσε-</em></strong></span> <span class='ocrx_word' id='word_1_520' title='bbox 800 4384 1018 4464; x_wconf 85' lang='grc' dir='ltr'><strong><em>βασανίσαντα.</em></strong></span> <span class='ocrx_word' id='word_1_521' title='bbox 1075 4377 1136 4445; x_wconf 79' lang='grc' dir='ltr'><strong><em>ὁδ’</em></strong></span> <span class='ocrx_word' id='word_1_522' title='bbox 1153 4380 1293 4461; x_wconf 80' lang='grc' dir='ltr'><strong><em>ουδαμῶς</em></strong></span> <span class='ocrx_word' id='word_1_523' title='bbox 1307 4383 1361 4460; x_wconf 82' lang='grc' dir='ltr'><strong><em>τῆς</em></strong></span> <span class='ocrx_word' id='word_1_524' title='bbox 1375 4379 1413 4444; x_wconf 89' lang='grc' dir='ltr'><strong><em>ἀ-</em></strong></span> 
     </span>
     <span class='ocr_line' id='line_1_52' title="bbox 157 4455 1413 4548; baseline 0.009 -31"><span class='ocrx_word' id='word_1_525' title='bbox 157 4457 238 4535; x_wconf 84' lang='grc' dir='ltr'><strong><em>βείας</em></strong></span> <span class='ocrx_word' id='word_1_526' title='bbox 252 4459 432 4541; x_wconf 82' lang='grc' dir='ltr'><strong><em>ἐκομίσαντο</em></strong></span> <span class='ocrx_word' id='word_1_527' title='bbox 445 4455 562 4522; x_wconf 77' lang='grc' dir='ltr'><strong><em>αισδόν.</em></strong></span> <span class='ocrx_word' id='word_1_528' title='bbox 578 4458 629 4523; x_wconf 71' lang='lat'><strong><em>³⁴5</em></strong></span> <span class='ocrx_word' id='word_1_529' title='bbox 643 4460 674 4525; x_wconf 81' lang='grc' dir='ltr'><strong><em>δέ</em></strong></span> <span class='ocrx_word' id='word_1_530' title='bbox 687 4487 767 4548; x_wconf 87' lang='grc' dir='ltr'><strong><em>τρις-</em></strong></span> <span class='ocrx_word' id='word_1_531' title='bbox 798 4469 942 4547; x_wconf 90' lang='grc' dir='ltr'><strong><em>γερωχίας</em></strong></span> <span class='ocrx_word' id='word_1_532' title='bbox 955 4462 1070 4544; x_wconf 80' lang='grc' dir='ltr'><strong><em>ἔληγεν.</em></strong></span> <span class='ocrx_word' id='word_1_533' title='bbox 1091 4464 1134 4525; x_wconf 76' lang='grc' dir='ltr'><strong><em>ἔτι</em></strong></span> <span class='ocrx_word' id='word_1_534' title='bbox 1148 4462 1180 4527; x_wconf 84' lang='grc' dir='ltr'><strong><em>δὲ</em></strong></span> <span class='ocrx_word' id='word_1_535' title='bbox 1195 4464 1308 4546; x_wconf 79' lang='grc' dir='ltr'><strong><em>καὶτῆς</em></strong></span> <span class='ocrx_word' id='word_1_536' title='bbox 1321 4458 1413 4546; x_wconf 76' lang='grc' dir='ltr'><strong><em>ὑπερ-</em></strong></span> 
     </span>
     <span class='ocr_line' id='line_1_53' title="bbox 1282 4551 1411 4626; baseline -0.047 -1"><span class='ocrx_word' id='word_1_537' title='bbox 1282 4551 1411 4626; x_wconf 63' lang='lat' dir='ltr'><strong><em>wana&lt;</em></strong></span> 
     </span>
    </p>
   </div>
   <div class='ocr_carea' id='block_1_3' title="bbox 0 0 1472 4972">
    <p class='ocr_par' dir='ltr' id='par_1_3' title="bbox 0 0 1472 4972">
     <span class='ocr_line' id='line_1_54' title="bbox 0 0 1472 4972; baseline 0 0"><span class='ocrx_word' id='word_1_538' title='bbox 0 0 1472 4972; x_wconf 95' lang='lat' dir='ltr'><strong><em> </em></strong></span> 
     </span>
    </p>
   </div>
  </div>
 </body>
</html>
