2924 4972
178 239 240 302 τοο
365 272 368 278 -
430 231 724 295 ΒΑΣιΛΕιΩΝ
748 229 926 291 amru
968 233 1174 310 κιοιινε.

173 355 292 450 ρούντες
305 355 430 420 ἕκαστος
443 348 474 409 ἐκ
486 341 650 428 προςώπσυ
662 347 718 407 τού
731 369 782 406 κυ-
821 339 839 407 δ
858 343 930 419 θεὸς
946 349 990 428 τῷ
1007 348 1106 411 Ααυίδ
1120 349 1172 410 καί
1187 342 1261 410 τάδε
1274 339 1432 432 προςθείη,

173 441 241 521 ρίου
254 434 360 496 αυτοῦ.
388 433 414 477 ¹¹
426 429 476 492 καί
493 424 631 511 λήφομαι
642 422 714 500 τούς
727 423 784 508 ἄρ·
821 429 846 488 εί
871 421 1077 511 ὑπολείψομαι
1103 431 1136 492 ίκ
1153 424 1276 494 πάντων
1293 432 1355 494 τῶν
1374 436 1432 496 τοῦ

173 542 245 591 τους
255 539 314 594 μου
324 515 376 577 καί
386 508 439 576 τὸν
453 506 533 575 οίνόν
543 535 600 592 μου
613 511 665 572 καί
675 505 714 572 τά
723 505 783 572 θύ-
821 505 936 595 Νάβσλ
949 514 1041 586 ίιοςπ
1060 511 1102 575 mr
1115 509 1265 595 οὐρούντα
1277 511 1355 597 πρὸς
1367 528 1432 579 τοῖ-

175 595 257 683 ματά
268 622 327 679 μου
341 592 362 660 δ
374 597 491 658 τίθυκα
503 605 566 667 τοῖς
580 597 714 677 κείρουσί
724 616 784 673 μου
820 615 883 675 χον.
921 592 951 635 ²³
963 596 1016 659 καί
1034 537 1106 660 ελδεν
1117 593 1254 681 Ἀβιγαία
1266 593 1321 658 τὸν
1333 598 1433 663 Ααυίδ

173 681 214 749 τά
226 678 382 768 πρόβατα,
407 678 459 740 καί
475 672 562 741 διύσω
579 673 659 739 αὐτὰ
672 669 784 758 άνδρά-
821 676 874 738 καί
886 679 1009 742 ἔσπευσε
1024 679 1076 742 καί
1091 674 1289 763 κατεπήδησεν
1301 675 1365 742 ἀπὸ
1380 685 1432 762 τής

175 792 236 841 σιν,
262 767 305 839 οίς
323 759 377 836 οὐκ
397 758 466 825 οίδα
478 756 576 822 πόθεν
594 762 667 835 εἰσίς
693 759 720 797 ¹²
733 759 784 821 καί
821 755 910 834 ὄνου,
935 761 987 824 καί
1003 763 1102 826 ἔπεσεν
1120 759 1250 826 ἐνώπιον
1265 762 1364 826 Δαυίδ
1380 767 1432 828 ἐπί

175 845 411 933 ἀπεστράφησαν
423 837 462 906 τά
475 838 622 926 παιδάρια
634 840 784 942 Δαυίδςείς
819 838 981 946 πρόςωπον
1006 841 1112 927 αὐτῆς,
1143 845 1195 908 καί
1220 842 1432 946 προςεκύνησεν

175 930 246 999 ὁδὸν
260 928 376 1001 αὐτῶν,
401 926 453 990 καί
466 921 654 1025 ἀνέστρεψαν
664 924 716 986 καί
727 921 782 1006 ηλ-
820 928 906 1008 αυτῷ
919 927 969 990 ἐπί
981 923 1037 1009 τήν
1047 931 1103 1010 γῆν
1140 927 1172 968 ²⁴
1185 927 1236 991 ἐπὶ
1249 925 1430 1005 τούςποδας

173 1026 250 1090 θον,
276 1012 328 1077 καί
344 1004 515 1091 ιἰνήγγειίαν
531 1033 575 1090 τῳ
588 1007 689 1071 Δαυὶδ
705 1003 784 1070 κατὰ
821 1006 932 1085 αὐτοῦ,
950 1012 1003 1073 καὶ
1013 1008 1098 1074 εἶπεν.
1125 1011 1156 1074 ἐν
1169 1035 1234 1092 εμοι
1246 1035 1326 1094 κυριε
1339 1011 1430 1096 μονή

173 1097 214 1163 τὰ
226 1093 345 1184 ῥήματα
361 1096 469 1156 ταῦτα.
507 1090 535 1132 ²³
549 1091 600 1154 καὶ
612 1089 674 1154 εἷπε
686 1089 784 1154 Δαυίδ
821 1089 923 1157 ἀδικία
934 1117 1001 1173 μου,
1013 1086 1173 1178 λαλησάτω
1186 1092 1223 1177 δή
1236 1088 1255 1177 ᾗ
1266 1088 1359 1178 δούλη
1373 1120 1429 1159 σου

173 1192 238 1257 τοῖς
264 1170 405 1261 ἀνδράσιν
422 1171 527 1238 αὐτού.
555 1169 695 1251 ζάσασθε
713 1176 782 1236 ἐκα-
821 1179 861 1250 εἲς
878 1169 918 1239 τά
935 1163 1003 1240 ιύτά
1021 1201 1092 1252 σου,
1115 1176 1167 1239 καὶ
1185 1174 1318 1241 ἄκουσον
1331 1172 1431 1254 λόγων

173 1288 242 1340 στος
253 1257 307 1346 τήν
318 1263 469 1345 ῥομφαίαν
481 1253 587 1325 αὐτοῦ.
613 1257 665 1321 καί
677 1253 782 1342 ἀνέβη-
820 1262 874 1342 τής
885 1253 992 1343 δούλης
1005 1285 1069 1324 σου.
1086 1260 1116 1302 ²⁶
1125 1257 1165 1342 μή
1179 1256 1215 1341 δή
1225 1261 1333 1323 θέσθω
1347 1256 1364 1322 ὁ
1378 1258 1431 1326 κύ-

173 1370 228 1413 σαν
242 1343 343 1410 ὀπίσω
356 1340 457 1405 Δαυίδ
471 1334 513 1413 ὥς
529 1334 715 1422 τετρακόσιοι
729 1338 783 1402 άν-
821 1336 885 1426 ριύς
903 1367 962 1424 μου
977 1342 1103 1429 καρδίαν
1120 1340 1214 1407 αὐτοῦ
1234 1344 1284 1406 ἐπὶ
1299 1342 1353 1406 τὸν
1376 1343 1429 1408 άν-

173 1431 247 1517 δρες.
273 1426 325 1492 καί
343 1429 374 1489 οἱ
386 1419 532 1488 διακόσιοι
550 1419 696 1488 ἐκάθισαν
707 1420 782 1506 μετά
820 1435 950 1509 θρωπον
962 1422 1016 1490 τὸν
1029 1422 1132 1508 λαιμὸν
1145 1429 1270 1500 τοῦτον,
1291 1421 1338 1489 ὅτι
1351 1427 1429 1491 κατά

173 1518 236 1577 τῶν
246 1511 365 1574 σκευῶν.
378 1507 464 1570 1*καί
474 1509 511 1615 τῇ
518 1504 656 1591 Ἀβιγαίας
666 1506 783 1582 γυναικί
820 1507 857 1572 τὸ
876 1506 971 1590 ὄνομα
991 1506 1087 1573 αὐτοῦ
1104 1500 1196 1583 αὐτός
1217 1512 1287 1574 ἐστι.
1315 1507 1431 1596 Νάβαλ

174 1591 288 1681 Νάβαλ
300 1586 513 1695 ὐπήγγειλκνὲν
529 1595 590 1654 τῶν
603 1589 781 1694 παιδαρίων,
821 1589 1019 1672 ὄνομααύτῷ,
1044 1593 1096 1656 καί
1118 1587 1274 1695 ἀφροσύνη
1292 1590 1350 1672 μετ’
1374 1592 1429 1659 αὐ-

173 1679 274 1755 λίγων.
300 1674 365 1739 ίδου
382 1673 482 1737 Δαυίδ
503 1669 672 1737 ἀπέστειλεν
691 1674 782 1750 αγγὲ-
819 1679 892 1750 τοῦ,
918 1677 970 1739 καί
987 1670 1046 1751 ἐγώ
1065 1670 1193 1759 ἢδουλη
1209 1701 1264 1745 σου
1284 1673 1339 1739 οὐκ
1351 1676 1430 1743 είδον

172 1762 242 1836 λους
259 1760 355 1840 ἐκτής
368 1750 477 1842 ἐρήμου
490 1752 649 1840 εὐλογῆσαι
661 1754 716 1820 τὸν
728 1750 781 1820 κύ-
819 1755 859 1822 τά
877 1752 1025 1884 παιδάρια
1040 1763 1095 1822 τοῦ
1113 1764 1217 1843 κυρίου
1233 1783 1292 1844 μου
1311 1754 1334 1823 ά
1352 1757 1429 1825 άπέ-

173 1868 240 1927 ριον
255 1839 356 1925 ήμῶν,
382 1840 434 1903 καί
450 1837 587 1915 ἐξέκλινεν
605 1836 655 1902 ἀπ’
672 1837 781 1903 αὐτῶν.
820 1839 971 1915 στειλας.2
991 1842 1105 1905 καίνύν
1116 1839 1201 1927 κύριέ
1209 1843 1318 1931 μου,ζῇ
1327 1839 1430 1928 κύριος

172 1929 199 1970 ¹⁶
212 1925 263 1990 καί
280 1927 311 1988 σί
329 1921 431 2007 άνδρες
445 1919 562 2000 ἀγαθοὶ
583 1918 646 2005 ‘pir
663 1921 781 2007 σφόδρα
819 1926 870 1988 καί
882 1924 918 2011 ζῇ
930 1919 948 2006 ή
961 1919 1041 2008 Ψυχή
1053 1950 1117 2001 σου,
1136 1925 1239 2000 καθώς
1253 1925 1387 1990 ἐκώλυσέ
1399 1952 1430 1991 σε

173 2007 229 2075 οὐκ
238 1998 434 2071 ἀπεκάλυσαν
445 2001 530 2106 ήμάς,
543 1948 612 2070 οὐδὲ
622 2004 781 2070 ἐνετείλαν-
818 2002 918 2115 κύριος
929 2012 985 2072 τοῦ
996 2004 1037 2091 μή
1054 2006 1153 2075 ἐλθεῖν
1169 2016 1209 2084 είς
1221 2001 1294 2092 αἷμα
1308 2007 1428 2085 άθώον,

172 2118 209 2157 το
226 2087 295 2178 ήμῖν
313 2085 399 2154 οὐδὲν
418 2113 519 2161 πασας
543 2087 599 2163 τὰς
618 2086 729 2173 ήμέρας
746 2084 781 2163 ἃς
818 2115 869 2154 και
882 2085 983 2168 σώζειν
994 2091 1049 2175 τήν
1060 2086 1144 2197 ηεῖρά
1156 2116 1212 2158 σου
1231 2097 1287 2157 σοί.
1313 2093 1366 2157 καί
1378 2098 1430 2157 νῦν

172 2167 242 2280 ήμεν
257 2169 327 2258 παρ’
349 2169 462 2246 αὐτοῖς.
487 2172 580 2235 16καί
598 2173 630 2235 ἐν
646 2176 693 2256 τῷ
708 2171 781 2237 εἶναι
818 2175 952 2251 γίνοιντο
965 2169 1006 2250 ὡς
1018 2175 1132 2261 Ναβαλ
1145 2178 1177 2239 σί
1193 2179 1299 2261 ἐχθροί
1310 2201 1366 2241 σου
1379 2179 1429 2240 καί

173 2264 250 2363 ημᾶς
268 2260 300 2322 ίν
317 2254 416 2359 ἀγρῷ,
441 2249 483 2328 ὡς
505 2265 600 2337 τεῖχος
616 2242 695 2338 ήσαν
712 2254 781 2339 περί
819 2260 876 2334 οῐζ
896 2263 1011 2332 τοῦντες
1019 2263 1063 2342 τῷ
1075 2264 1167 2343 κυρίῳ
1176 2285 1234 2343 μου
1244 2254 1332 2323 κακά.
1343 2261 1429 2324 27καί

173 2346 251 2428 ημᾶς
271 2340 322 2404 καί
338 2362 394 2422 την
412 2332 504 2402 νύκτα
521 2339 573 2402 καὶ
590 2338 644 2421 τήν
668 2334 781 2424 ἡμέραν
818 2284 952 2427 νύνλάβε
963 2338 1018 2425 τήν
1034 2339 1171 2419 εὐλογίαν
1183 2340 1309 2428 ταύτην,
1332 2336 1369 2427 ἣν
1382 2344 1428 2408 ίν-

171 2421 274 2499 πάσας
286 2419 339 2499 τάς
349 2419 458 2507 ἡμέρας
470 2415 506 2496 ἃς
517 2409 587 2503 ἦμεν
594 2418 663 2548 παρ’
678 2418 781 2495 αὐτοῖς
820 2420 919 2509 ήνοχεν
931 2420 949 2509 ή
963 2419 1057 2509 δούλη
1070 2429 1178 2509 σαυτῷ
1191 2433 1283 2511 κυρίῳ
1296 2451 1365 2513 μου,
1378 2423 1427 2490 καί

172 2513 378 2593 ποιμαίνοντες
391 2504 428 2570 τὸ
442 2510 588 2587 ποίμνιον.
627 2509 639 2547 ¹
665 2506 717 2568 καί
729 2508 781 2568 νῦν
820 2504 923 2584 δώσεις
940 2520 1006 2585 τοῖς
1020 2510 1190 2596 παιδαρίοις
1204 2521 1269 2615 τοῖς
1281 2515 1427 2597 παρεστη-

171 2597 267 2672 γνῶθι
279 2592 331 2656 καί
343 2591 385 2656 ἴδε
397 2586 435 2654 σύ
448 2596 480 2653 τί
492 2584 632 2690 ποιήσεις,
651 2583 697 2653 ὅτι
711 2612 780 2652 συν·
819 2587 887 2656 κόσι
904 2595 951 2676 τῷ
974 2598 1067 2680 κυρία
1084 2619 1153 2676 μου.
1192 2594 1224 2637 ²⁸
1242 2619 1319 2698 αρσν
1335 2591 1372 2678 δή
1391 2588 1428 2657 τδ

172 2675 338 2742 τετελεσται
349 2670 367 2756 ή
377 2678 467 2738 κακία
479 2675 519 2745 εἲς
527 2696 579 2736 τον
588 2667 691 2758 κύριον
701 2667 781 2776 ήμιὸν
819 2670 961 2762 ὐνάμημα
972 2679 1024 2758 τῆς
1040 2659 1150 2758 δούλης
1169 2702 1241 2752 σου,
1266 2701 1314 2740 στι
1330 2680 1429 2740 ποιῶν

173 2760 225 2827 καί
250 2763 289 2832 εἰς
314 2753 367 2820 τὸν
385 2754 468 2820 οἶκον
486 2752 596 2831 αὐτοῦ,
621 2757 673 2820 καί
690 2780 781 2829 ουτος
818 2754 930 2843 ποιήσει
942 2752 1043 2842 κύριος
1055 2762 1100 2840 τῷ
1112 2763 1205 2842 κυρίῳ
1212 2785 1270 2840 μου
1280 2758 1365 2824 οἷκον
1374 2769 1428 2823 'm-

173 2839 238 2914 υίὸς
263 2835 378 2922 λοιμὸς,
404 2840 456 2902 καί
482 2834 537 2901 οὐκ
564 2840 627 2903 ἔστι
652 2836 780 2924 λαλήσαι
819 2835 905 2918 στὸν,
930 2834 978 2903 ὅτι
991 2835 1124 2920 πόλεμον
1142 2846 1247 2923 κυρίου
1258 2866 1317 2920 μου
1335 2838 1353 2904 ὃ
1373 2840 1429 2903 κύ-

172 2921 248 3011 πρδς
261 2919 363 2988 αὐτόν.
390 2921 419 2965 ¹⁸
431 2923 484 2988 καί
496 2922 633 2987 ἔσπευσεν
645 2919 781 3009 Ἀβιγαία
819 2947 883 3009 ριος
898 2921 1032 3006 πολεμεῖ,
1056 2925 1108 2986 καί
1124 2928 1215 2987 κακία
1228 2921 1283 3009 οὐχ
1300 2919 1427 3014 εὑρεθή-

173 3011 224 3071 κιιί
242 3007 333 3093 ἔλαβε
351 3007 520 3079 διακοσίους
536 3003 646 3092 άρτους
662 2999 781 3070 καὶδύο
819 3030 898 3071 σεται
911 3009 942 3070 ἐν
953 3007 1001 3070 σοί
1012 3001 1144 3072 πώποτε.
1182 3007 1214 3047 ²²
1226 3009 1278 3073 καὶ
1295 3003 1429 3097 ἀναστή-

173 3089 277 3169 διγγεῖα
290 3090 384 3162 οἴνου,
410 3088 462 3151 καὶ
474 3090 560 3153 πέντε
570 3089 715 3198 πρόβατα
727 3113 780 3154 πε-
818 3113 901 3155 σεται
924 3085 1087 3175 ἅνθρωπος
1112 3086 1308 3155 καταδιάκων
1326 3116 1359 3156 σε
1374 3094 1428 3156 καί

173 3175 332 3255 ποιημένα,
362 3171 415 3234 καί
439 3174 524 3240 πέντε
549 3176 612 3254 οίφι
639 3170 780 3253 ἆλφίτου,
817 3173 912 3256 ζητῶν
924 3170 1016 3256 τήνῳ
1053 3167 1162 3257 ήνσου,
1181 3174 1330 3238 καλέσσαι
1344 3173 1427 3259 ψυχή

173 3257 224 3321 καί
234 3251 329 3341 γόμορ
344 3259 376 3319 ἒν
388 3255 547 3336 σταφίδος,
564 3257 617 3330 καί
629 3256 781 3330 διακοσίας
817 3262 919 3343 κυρίου
942 3280 1002 3342 μου
1017 3198 1190 3340 ιἔνδεδεμὲνη
1214 3259 1243 3320 ἐν
1260 3258 1357 3341 δεσμῴ
1374 3265 1438 3339 τῆς7

171 3335 330 3414 παλάθας,
356 3340 407 3403 καί
418 3341 506 3404 ἔθετο
525 3340 576 3404 ἐπί
593 3338 665 3415 τούς
684 3337 779 3414 ὄνους.
817 3342 893 3424 ζωῆς
905 3336 992 3426 παρά
1003 3346 1096 3427 κυρίῳ
1109 3345 1152 3423 τῷ
1166 3344 1245 3425 θεῷ,
1264 3344 1317 3406 καί
1329 3341 1427 3425 ψυχήν

172 3426 255 3489 19καί
267 3423 327 3490 εἷπε
338 3432 402 3497 τοῖς
411 3421 581 3506 παιδαρίοις
591 3420 691 3508 αὐτῆς.
703 3447 781 3503 προ-
818 3426 935 3508 ίηθριύν
948 3449 1004 3489 σου
1018 3419 1221 3506 σφενδονήσεις
1234 3427 1264 3489 ἐν
1278 3427 1361 3509 μέσῳ
1374 3430 1426 3508 τῆς

171 3504 335 3591 πορεύεσθε
357 3509 527 3591 ἔμπροσθέν
542 3530 617 3588 μου,
643 3509 695 3570 καί
713 3502 779 3569 ίδού
818 3503 987 3609 σφενδόνης.
1026 3507 1058 3550 ²⁰
1070 3507 1122 3572 καὶ
1143 3510 1228 3573 ἔσται
1247 3503 1298 3573 ὅτε
1316 3502 1424 3650 ποιηρη

172 3592 230 3669 ίγιδ
243 3590 340 3656 ὀπίσω
355 3586 436 3671 ὐμῶν
447 3595 661 3673 παραγίνομαι,
675 3589 781 3670 καὶτῷ
817 3616 917 3676 κυρισς
930 3594 977 3675 τῷ
987 3596 1080 3675 κυρίῳ
1092 3615 1151 3674 μου
1163 3586 1266 3656 πάντα
1277 3586 1367 3655 δσαὲ
1395 3584 1421 3638 ¹·

172 3672 257 3758 ἀνδρὶ
283 3671 375 3754 αὐτῆς
400 3669 454 3738 οὐκ
481 3668 645 3755 ὐπήγγειλκ.
686 3673 717 3718 ²¹¹
730 3673 782 3735 καί
817 3671 903 3755 λησεν
915 3672 1020 3751 ἀγαθά
1034 3676 1083 3737 ἐπὶ
1096 3672 1139 3748 σὲ,
1151 3676 1203 3738 καί
1215 3673 1368 3738 ἐντελεῖταί
1376 3696 1423 3735 σοι

172 3753 312 3840 ἐγενήθη,
337 3753 431 3839 αὐτῆς
445 3758 648 3862 ἐπιβεήδηκυίης
665 3755 715 3820 ἐπὶ
728 3751 783 3838 τήν
817 3760 855 3830 είς
870 3752 1031 3840 ήγούμενον
1044 3758 1093 3821 ἐπί
1110 3752 1241 3862 Ἰσραήλ.
1265 3756 1353 3818 31καί
1367 3751 1422 3818 οὐκ

172 3837 241 3903 ὄνον
271 3840 323 3903 καί
353 3842 592 3927 καταβαινουσης
623 3840 655 3902 ἐν
686 3840 780 3929 σκέπη
817 3843 900 3903 ε”σται
912 3867 959 3904 σοι
971 3844 1060 3904 τούτο
1069 3841 1230 3925 βδελυγμος
1239 3840 1288 3912 καί
1296 3832 1425 3911 σκάνδα·

171 3927 228 3986 τοῦ
242 3920 347 4008 ὅρους,
367 3925 418 3986 καί
431 3922 497 3987 ίδού
510 3923 609 3988 Δαυίδ
621 3922 673 3986 καὶ
684 3926 714 3986 οἱ
726 3920 780 3986 άν-
817 3922 871 3987 λον
885 3928 930 4006 τῴ
942 3929 1034 4007 κυρίῳ
1046 3949 1104 4005 μου
1120 3925 1214 4006 ἐκχέαι
1227 3922 1298 4004 αίμα
1313 3916 1424 3984 άθῶον

170 4007 236 4111 δρες
248 4004 345 4071 αὐτοῦ
362 4009 535 4091 κατέβαινον
552 4010 592 4080 είς
609 3998 782 4088 συνάντησιν
817 4006 949 4091 δωρεάν,
976 4009 1027 4071 καί
1044 4010 1141 4072 σῶσαι
1158 4018 1241 4092 χεῖρα
1256 4009 1348 4088 κυρίῳ
1367 4030 1426 4086 μου

171 4095 278 4173 αυτής,
303 4091 355 4154 καὶ
367 4086 533 4175 ἀπήντησεν
551 4086 665 4162 αὐτοῖς.
690 4089 718 4128 ²¹
730 4089 782 4151 καὶ
816 4085 910 4172 αὐτῷ.
924 4091 975 4155 καί
988 4085 1150 4168 ὐγαθιύσαι
1164 4085 1264 4175 κύριος
1276 4091 1319 4151 τά
1331 4092 1424 4172 κυρίῳ

171 4177 268 4239 Δαυίδ
282 4174 352 4240 εἷπε.
368 4175 440 4247 ἴσως
451 4177 490 4248 είς
502 4172 609 4238 άδικον
621 4165 781 4250 πεφύλακα
815 4198 889 4255 μου,
915 4175 966 4239 καί
988 4168 1148 4264 μνησθήση
1174 4178 1211 4257 τῆ
1247 4152 1355 4255 δούλης
1373 4197 1426 4236 σου

171 4253 274 4324 πάντα
286 4255 325 4323 τά
338 4255 437 4322 αὐτοῦ
450 4257 481 4320 ἐν
489 4259 529 4348 τῇ
538 4249 649 4340 ἐρήμῳ,
662 4254 714 4316 καί
726 4252 781 4319 οὐκ
816 4254 978 4333 ἆγαθῶσαι
991 4255 1079 4350 αὐτη.
1098 4257 1127 4298 ³²
1139 4260 1190 4329 καὶ
1203 4199 1265 4322 ελπε
1278 4257 1377 4321 Δαυίδ
1387 4256 1427 4340 τῇ

171 4337 376 4424 ε’νετειλάμεθα
401 4339 500 4424 λαβνῒν
523 4342 556 4402 ἐκ
571 4334 697 4401 πάντων
721 4343 782 4403 τῶν
811 4337 957 4423 Ἀβιγαίᾳ.
995 4337 1156 4423 εὐλογητὸς
1181 4336 1286 4425 κύριος
1310 4334 1328 4403 ὃ
1353 4337 1426 4412 θκὸς

171 4420 269 4487 αὐτοῦ
294 4421 401 4498 οὐθὲν,
429 4422 481 4486 καί
506 4417 704 4486 άνταπέδωκέ
728 4448 780 4504 μοι
814 4421 953 4525 Ἰσραήλ,
981 4419 1016 4499 ὃς
1034 4421 1192 4488 ἀπέστειλέ
1208 4449 1238 4489 σε
1259 4418 1427 4508 σήμερονίν

173 4501 288 4594 πονηρά
301 4502 369 4571 ἀντὶ
382 4504 519 4586 ἀγαθοῖν.
537 4507 566 4548 ²²
572 4498 641 4571 τάδε
654 4499 780 4590 ποιήσαι
816 4531 913 4596 ταυτῃ
927 4511 966 4582 εἰς
978 4503 1148 4592 άπάντησίν
1158 4531 1218 4590 μοι.
1237 4507 1267 4548 ³³
1276 4507 1330 4572 καί
1341 4502 1425 4607 εὐλρ-

1333 4612 1425 4676 moe
