2924 4972
163 241 206 304 122
521 240 748 305 ΕΞΟΔΟΣ
786 231 1054 318 Κεφ.ζ’.η’.7.8.

163 379 219 431 γας
231 350 342 430 αῦτῦν,
355 351 407 416 καλ
419 352 469 415 ἐπὶ
482 348 519 414 τά
533 351 586 435 ἐλη
599 348 710 428 αῦτιῦν,
722 352 773 415 ιιαλ
803 353 935 427 ἐξέτεινεν
943 348 1063 436 Ἀαρών
1071 346 1126 458 τῆν
1132 361 1220 455 χεῖρα
1227 353 1278 415 ἐπὶ
1286 349 1326 415 τά
1338 347 1409 415 ῦδα-

164 439 216 500 ἐπὶ
225 440 287 501 πᾶν
299 430 468 519 συνεστηκὸς
488 430 567 521 ῦδωρ
580 432 697 511 αύτιῦν,
722 436 773 499 ιιαδ
803 458 844 498 τα
854 428 1029 511 Αἰγύπτου,
1054 459 1106 498 ιιαι
1123 431 1254 520 ανῆγαγε
1270 433 1341 510 τούς
1355 439 1414 522 βα-

165 521 248 585 ἐσται
262 518 344 624 αῆιια.
369 519 421 582 ιιαδ
433 519 545 595 ἐγένετο
558 517 631 600 αἷμα
644 522 676 583 ἐν
688 513 755 583 πάσ
803 511 939 603 τρόχους.
968 518 1019 581 ιιαλ
1043 513 1229 604 ἀνεβιβάσθη
1254 513 1272 582 ὁ
1296 515 1414 604 βάτρα·

164 607 207 696 γῆ,
215 605 393 680 Αἷγυπτου,
420 602 482 665 ἔντε
494 611 557 677 τοῖς
569 597 667 677 ξύλοις
679 545 773 666 aaliz
803 624 867 727 χος,
890 600 942 664 ιιαδ
958 596 1088 704 ἐνάλυηιε
1105 600 1161 685 τῆν
1171 605 1228 685 γῆν
1238 599 1412 677 Αἰγύπτου.

164 696 230 761 τοῖς
253 687 360 761 λίθοις.
399 685 430 727 ²⁰
442 685 494 748 ιιαδ
517 687 587 749 ἐπο’
605 704 661 749 σαν
677 680 773 760 οὕτως
831 687 976 767 ἐποίησαν
990 680 1023 747 δὲ
1041 680 1183 769 ωςαύτως
1198 685 1250 748 ιιαδ
1263 687 1295 749 οὶ
1306 688 1412 750 ἐπαοι-

165 772 303 853 Μωυσῆς
316 763 505 853 καλἈαρών,
517 777 659 854 καθαπερ
671 767 772 833 ἐνετεί-
803 767 851 832 δοὶ
866 771 928 832 τιῦν
945 767 1125 844 Λέγυπτέων
1148 778 1215 841 ταῖς
1231 774 1413 852 φαρμακίαις

164 853 241 916 λατο
267 849 371 926 αὐτοῖς
394 846 504 935 ιιύριος.
530 853 580 915 ιιαλ
604 848 720 937 ἐπάρας
735 852 773 913 τ’
803 847 915 925 αῦτιῦν,
932 852 984 914 καὶ
996 846 1152 933 ἀνῆγαγον
1160 850 1232 925 τοὺς
1243 848 1412 937 βατράχους

165 932 267 1022 ῥάβδῳ
285 931 383 999 αὐτοῦ
399 930 527 1010 ἐπάταξε
542 933 578 997 τὸ
599 924 679 1020 ῦδωρ
691 876 773 999 τδά
803 934 854 997 ἐπὶ
864 936 920 1017 γῆν
930 928 1102 1010 Αἰγύπτου.
1125 934 1202 998 ’καὶ
1213 929 1331 1000 ἐκάλεσε
1344 939 1409 998 Φα-

164 1022 211 1102 τῷ
219 1020 348 1102 ποταμῷ
356 1017 773 1122 ἐναντίονψαροώ,καὶέναν-
802 1015 869 1103 ραά
882 1019 1022 1101 Μωυσῆν
1037 1019 1089 1080 καὶ
1101 1014 1233 1104 Ἀαρών,
1258 1021 1310 1083 καὶ
1322 1017 1410 1082 εἶπεν.

164 1107 230 1166 τέον
242 1104 306 1164 ταῖν
314 1096 514 1204 θεραπόντων
526 1104 632 1166 αυτοῦ.
646 1103 696 1165 καὶ
703 1123 773 1183 μετ·
802 1097 931 1175 εῦξασθε
951 1101 1020 1184 περὶ
1035 1101 1108 1183 ἐμοῦ
1124 1099 1201 1186 πρὸς
1218 1097 1333 1206 κύριον,
1359 1103 1412 1164 κατ’

164 1183 249 1344 ἔβαλε
261 1187 324 1249 πάν
336 1178 467 1269 τοῦδωρ
479 1182 516 1247 τό
535 1187 567 1248 ἐν
580 1187 626 1268 τοῦ
643 1186 773 1268 ποταμῷ
801 1182 956 1292 περιελέτω
978 1181 1051 1257 τοῦς
1071 1181 1240 1269 βατράχους
1255 1181 1306 1248 απ’
1327 1186 1410 1264 ἐμοῦ,

163 1291 176 1331 ε
215 1267 297 1349 αἷμα.
313 1267 399 1331 21ιιαὶ
412 1268 443 1331 ολ
456 1264 556 1352 ἰχθύες
568 1269 600 1332 ολ
611 1271 644 1333 ἐν
655 1270 702 1352 τῷ
711 1292 772 1332 πο-
801 1292 853 1331 ιιαι
870 1260 934 1330 ἀπὸ
951 1268 1008 1330 τοῦ
1024 1269 1098 1348 ἐμοῦ
1113 1266 1205 1343 λαοῦ,
1231 1269 1283 1331 ιιαλ
1298 1269 1409 1342 ἐξαπο-

163 1354 250 1434 ταμιβ
274 1345 476 1432 ἐτελεύτησαν.
505 1351 556 1415 καὶ
583 1346 728 1427 ἐπάζεσεν
752 1346 770 1414 ὁ
802 1348 898 1415 στελῶ
910 1345 1029 1425 αὐτούς,
1053 1347 1293 1434 ιιαδθύσωσιτῷ
1306 1354 1409 1433 ιωρίῳ.

162 1431 308 1514 ποταμὸς,
332 1434 384 1496 ιιαὶ
395 1429 452 1498 οῦιι
465 1430 615 1515 ῆδύναντο
627 1436 659 1499 ολ
669 1428 772 1510 Αλγύ-
801 1431 883 1497 θεῖπε
895 1429 927 1496 δὲ
940 1436 1077 1517 Μωυσῆς
1088 1432 1165 1518 πρὸς
1178 1430 1306 1519 Φαραιό.
1320 1430 1410 1509 τάξαι

162 1536 244 1582 πτιοι
255 1526 333 1580 πιεῖν
346 1511 424 1602 ῦδωρ
438 1519 469 1581 ἐκ
481 1520 538 1581 τοῦ
550 1520 698 1597 ποταμοῦ.
721 1517 772 1579 καὶ
800 1511 877 1600 πρός
896 1541 931 1598 με
955 1511 1029 1579 πότι
1045 1515 1163 1596 εῦξσμαι
1180 1521 1247 1602 περὶ
1264 1521 1333 1592 σοῦ,
1359 1519 1409 1581 ιιαδ

163 1589 200 1725 ῆν
225 1596 261 1663 τὸ
287 1599 359 1682 αἷμα
382 1603 413 1664 ἐν
438 1595 524 1693 πόση
543 1603 583 1693 γῆ
597 1596 769 1677 Αἰγύπτου.
800 1600 868 1686 περὶ
891 1603 954 1663 τῶν
970 1594 1169 1682 θεραπόντων
1186 1624 1255 1675 σου,
1285 1601 1336 1663 κατ’
1352 1604 1409 1664 τοῦ

179 1685 193 1724 ²
205 1687 350 1769 ἐποίησαν
362 1680 395 1749 δὲ
408 1678 549 1759 ὦςαύτως
562 1684 612 1748 καὶ
625 1686 656 1747 οδ
666 1687 771 1747 ἐπαοι-
800 1682 878 1746 λαοῦ
895 1706 966 1757 σου,
991 1679 1137 1761 ἀφανίσαι
1154 1680 1225 1757 τούς
1241 1679 1410 1768 βατράχους

162 1765 211 1831 δολ
231 1771 292 1830 τῦν
307 1767 487 1843 Αἰγυπτίων
508 1777 574 1868 taff
591 1771 771 1934 φηρηισκέαις
801 1763 865 1829 ἀπὸ
878 1768 944 1841 σοῦ,
962 1766 1013 1828 ιιαδ
1025 1762 1089 1829 ἀπὸ
1101 1768 1158 1830 τοῦ
1170 1764 1249 1831 λαοῦ
1261 1791 1331 1841 σου,
1358 1769 1409 1830 ιιαέ

164 1846 276 1914 αὐτῶν.
290 1843 624 1934 καλέσκληρύνθηηιια
661 1852 769 1913 ἐαΦα-
801 1850 833 1911 ἐν
846 1849 908 1913 τοῖν
921 1850 1023 1912 οένιιῦν
1037 1843 1128 1930 ῦμῦν.
1155 1847 1235 1931 πλῆν
1247 1852 1279 1914 ἐν
1292 1852 1337 1932 τῷ
1349 1874 1409 1914 πο-

162 1931 240 2018 ρααλ,
250 1930 365 1998 ιιαὶσῦιι
376 1929 537 2015 εέςῆιισασεν
546 1930 658 2010 αὐτοῖν,
668 1928 770 1997 ιιαθά-
800 1935 887 2015 ταμηέ
900 1925 1184 2016 ῦπολειφθῆσονται.
1204 1928 1262 1996 ¹⁰6
1276 1930 1307 1996 δὲ
1320 1929 1408 1997 εἶπεν.

164 2038 218 2102 περ
243 2015 305 2081 εἷπε
330 2011 441 2098 ιιύριος.
480 2016 509 2057 ²³
527 2016 715 2100 ἐπιστραφεὶς
738 2013 769 2080 δὲ
800 2019 839 2089 εές
851 2011 966 2097 αῦριον.
985 2004 1140 2079 εἶπενοῦν.
1160 2010 1201 2089 ὥς
1214 2017 1337 2099 ειρηκας.
1357 2021 1408 2082 ἵνα

164 2099 282 2185 Φαραώ
302 2098 433 2182 εέςῆλθεν
451 2102 491 2173 εἰς
502 2097 556 2163 τὸν
568 2097 651 2164 οἶκον
664 2097 769 2163 αὐτοῦ.
800 2099 884 2190 εῖδῆς,
894 2095 941 2162 ότι
950 2094 1006 2162 οῦκ
1017 2099 1096 2162 ἐστιν
1107 2096 1198 2174 ἀλλος
1207 2099 1286 2184 πλῆν
1296 2104 1408 2184 κυρίου.

163 2184 215 2246 καὶ
227 2179 284 2247 σῦν
296 2186 438 2264 ἐπέστησε
449 2179 505 2246 τὸν
515 2187 586 2247 νοῦν
595 2178 691 2247 αῦτσῦ
700 2179 771 2246 οὐδὲ
799 2185 824 2223 ¹¹
837 2183 888 2245 καὶ
911 2177 1191 2287 περιαιρεθῆσονται
1215 2185 1247 2246 οἶ
1262 2179 1407 2269 βάτραχοι

163 2267 215 2328 ἐπὶ
238 2260 349 2348 τούτῳ.
387 2263 420 2306 ²⁴
434 2261 551 2350 ιδ’ρυξαν
566 2263 598 2330 δὲ
615 2260 724 2339 πάντες
739 2268 771 2329 οἱ
799 2261 863 2328 ἀπὸ
878 2266 948 2338 σοῦ,
974 2289 1025 2327 ιιαι
1041 2261 1104 2328 ἀπὸ
1124 2268 1187 2328 τῶν
1199 2269 1301 2330 οἰκιῶν
1315 2262 1407 2348 ὑμῶν,

163 2342 331 2424 Αἰγύπτιοι
343 2343 441 2431 ιιύαλῳ
452 2353 510 2413 τοῦ
520 2352 674 2430 ποταμοῦ,
700 2343 771 2424 δι’ςτε
800 2349 851 2411 καὶ
863 2343 928 2411 ἀπὸ
941 2349 1003 2410 τῶν
1016 2343 1182 2422 ἐπαύλεων,
1204 2351 1255 2413 ιιαλ
1267 2346 1331 2412 ἀπὸ
1345 2352 1407 2413 τῶν

163 2442 240 2496 πιεῖν
267 2427 356 2517 ὕδωρ.
388 2433 440 2496 ιιαλ
456 2428 513 2496 οῦκ
529 2427 679 2515 ἠδύναντο
695 2442 772 2496 πιεῖν
799 2424 998 2515 θεραπόντων
1015 2454 1084 2504 σου,
1110 2431 1161 2493 καὶ
1178 2427 1242 2495 ἀπὸ
1260 2435 1317 2496 τοῦ
1329 2431 1407 2496 λαοῦ

164 2509 244 2600 ῦδωρ
262 2510 327 2580 ἀπό
345 2517 403 2580 τοῦ
418 2519 567 2599 ποταμοῦ.
592 2514 622 2558 ²⁵
635 2516 687 2581 καὶ
703 2512 770 2580 ἀνι·
800 2538 864 2577 σου.
887 2510 966 2596 πλῆν
979 2515 1009 2576 ἐν
1023 2516 1068 2594 τῷ
1079 2518 1207 2596 ποταμῷ
1220 2510 1406 2599 ὑπολειφθῆ-

162 2593 371 2683 πληριόθησαν
396 2598 473 2664 ἑπτά
499 2595 603 2684 ῆμέραι
630 2597 705 2682 μετά
733 2596 769 2662 τό
799 2621 913 2662 οονται.
926 2595 1067 2680 12ἐξῆλθε
1079 2594 1112 2660 δὲ
1122 2602 1258 2681 Μωυσῆς
1270 2599 1322 2664 καὶ
1333 2595 1406 2664 ’Λα-

163 2678 296 2756 πατάξαι
309 2678 411 2768 κύριον
428 2681 483 2747 τὸν
495 2678 643 2763 ποταμόν.
798 2679 861 2762 ρών
874 2677 938 2745 ἀπὸ
953 2675 1080 2764 Φαραώ.
1093 2682 1145 2744 καὶ
1156 2676 1260 2765 ἐβόησε
1270 2685 1406 2765 Μωυσῆς

279 2781 281 2785 ’
349 2769 424 2826 ΚΕ
436 2768 474 2827 Φ.
517 2760 576 2826 H'.
798 2760 875 2847 πρός
886 2758 987 2846 ιιύριον
999 2764 1067 2846 περὶ
1076 2765 1133 2827 τοῦ
1143 2758 1269 2846 ὁρισμοῦ
1277 2767 1340 2828 τοῖν
1348 2768 1406 2849 βα-

163 2812 258 2910 Εἷπε
271 2843 303 2910 δέ
315 2841 416 2931 ιιύριος
426 2843 504 2932 πρός
516 2847 664 2951 Μωυσῆν.
684 2846 769 2923 εἴςελ-
798 2840 855 2930 τρά
873 2869 925 2920 ων,
938 2840 979 2919 ὡς
989 2843 1116 2921 ἐτάξατο
1128 2840 1256 2932 Φαραοό.
1268 2847 1407 2930 13ἐποέη

161 2939 199 2995 δε
209 2927 287 3018 πρὸς
298 2927 425 3017 Φαραώ,
436 2931 486 2994 ναὶ
496 2933 568 3014 ἐρεῖς
577 2954 654 3010 προς
664 2926 769 2995 αὐτόν.
798 2953 829 2994 σε
847 2871 886 2994 δι’
902 2924 1003 3014 κύριος
1023 2922 1163 3015 καθάπερ
1180 2927 1242 2993 εἷπε
1259 2934 1404 3014 Μωυσῆς.

161 3009 232 3080 τάδε
254 3013 328 3091 λέγει
354 3009 463 3098 ιιύριος.
489 3007 699 3088 ἐξαπόοτειλον
714 3012 770 3078 τὸν
797 3013 848 3076 καὶ
870 3007 1061 3096 ἐτελεύτησαν
1084 3016 1116 3078 οἱ
1130 3009 1275 3100 βάτραχοι
1293 3015 1325 3077 ἐκ
1343 3017 1406 3078 τοῖν

160 3092 237 3161 λαόν
248 3118 316 3177 μου,
327 3099 379 3160 ἰ’να
389 3122 440 3178 μοι
452 3091 662 3180 λατρεύσωσιν.
675 3099 724 3159 2ελ
737 3096 769 3161 δὲ
796 3099 912 3174 οἰνιῦν,
934 3096 986 3159 καὶ
997 3099 1030 3160 ἐν
1042 3099 1104 3161 τῶν
1117 3093 1284 3173 ἐπαύλεων,
1310 3098 1361 3160 καὶ
1373 3099 1408 3161 ἐν

160 3178 200 3282 ιιῆ
217 3175 317 3264 βούλει
334 3177 372 3242 σύ
386 3177 606 3255 ἐξαποστεῖλαι,
631 3176 695 3243 ἐδοῦ
708 3179 767 3257 ἐγὼ
798 3183 859 3244 τῦν
872 3177 984 3264 ἀγρῶν.
1008 3176 1281 3266 14ιιαὶσυνῆγαγον
1293 3176 1405 3254 αὐτούς

160 3286 268 3326 τυπτω
292 3256 395 3326 πάντα
415 3259 456 3327 τά
473 3256 542 3348 ὅριά
561 3285 616 3326 σου
631 3271 695 3337 τοῖς
711 3266 769 3349 βα-
796 3268 950 3345 θημωνέας
961 3268 1124 3344 θημωνέας.
1143 3267 1194 3328 ιιαλ
1207 3262 1310 3338 ἀζεσεν
1322 3257 1342 3359 ῆ
1355 3267 1403 3346 γῆ.

160 3340 291 3430 τράχοις,
328 3345 342 3387 ³
355 3347 406 3410 ιιαδ
418 3342 590 3431 ἐξερεύξεται
603 3342 621 3409 ὁ
633 3346 769 3429 ποταμὸς
797 3347 824 3389 ¹⁶
838 3344 910 3411 ἲδών
922 3344 954 3410 δὲ
968 3344 1086 3431 Φαραώ
1096 3341 1144 3409 δ’τι
1156 3348 1274 3425 γέγονεν
1283 3341 1404 3427 ἀναψυ-

160 3424 336 3516 βατράχσυς.
355 3431 407 3495 καὶ
419 3427 583 3516 ἀναβάντες
595 3425 767 3504 εέςελεύσον-
796 3431 847 3506 ξις,
860 3424 1015 3515 ἐβαρύνθη
1027 3425 1046 3513 ῆ
1056 3429 1164 3515 καρδία
1174 3426 1280 3507 αὐτοῦ,
1288 3425 1404 3493 ιιαὶοῦιι

160 3536 211 3577 ται
224 3517 263 3589 εἰς
274 3512 345 3588 τοὺς
358 3515 456 3588 οἴνους
470 3539 534 3590 σου,
547 3514 599 3577 καὶ
610 3517 649 3587 εές
660 3511 700 3577 τά
712 3538 767 3577 τα·
797 3508 959 3597 εέςῆιιουσεν
982 3511 1099 3590 αῦτῦν,
1124 3507 1264 3600 καθάπερ
1281 3508 1405 3594 ἐλάλησε

159 3607 237 3678 μιεῖα
248 3602 309 3662 τῦν
325 3593 476 3661 ιιοιτιόνων
489 3621 559 3670 σου,
584 3597 635 3659 ιιαὶ
646 3597 696 3659 ἐπὶ
707 3598 769 3660 τοῖν
797 3592 906 3683 ιιύριος.
936 3594 1039 3660 1ῧεῖπε
1056 3595 1089 3661 δέ
1104 3592 1142 3661 νύ
1162 3622 1206 3671 ιος
1215 3592 1292 3683 πρός
1305 3601 1404 3660 Μωυ-

159 3679 267 3745 ιιλινιῦν
286 3703 356 3754 σου,
381 3680 433 3742 ιιαλ
449 3679 499 3742 ἐπὶ
515 3676 586 3753 τούς
598 3678 696 3754 οἴκους
707 3684 769 3745 ταῖν
822 3685 861 3744 ”ν.
887 3677 971 3744 εἶπον
985 3676 1117 3765 Ἀαρὼν,
1143 3618 1269 3744 λίπεινον
1285 3681 1324 3772 τῆ
1333 3679 1406 3763 χειρὶ

160 3757 361 3844 θεραπόντων
378 3785 447 3836 σου,
472 3762 596 3825 καὶτοῦ
610 3760 688 3827 λαοῦ
703 3788 768 3842 σου,
798 3787 853 3848 την
865 3759 977 3849 ῥάβδον
990 3788 1054 3840 σου,
1067 3763 1119 3826 καὶ
1129 3757 1265 3840 πάταξον
1273 3760 1310 3827 τὸ
1319 3766 1405 3847 χῶμα

160 3846 212 3909 ιιαλ
224 3845 329 3918 ἐντοῖς
341 3838 422 3931 φορά
484 3848 497 3908 ἐ
509 3869 576 3922 σου,
599 3848 650 3912 καλ
662 3850 694 3913 ἐν
705 3858 769 3922 τοῖς
798 3851 851 3931 τῆς
862 3851 929 3930 γῆς,
947 3847 997 3910 ιιαλ
1010 3849 1129 3912 ἔσονται
1143 3852 1257 3930 σιινίφες
1267 3848 1330 3912 ἐντε
1341 3855 1406 3921 τοῖς

159 3923 309 4035 ιιλιβάνοις
326 3952 390 3993 σου.
446 3928 497 3993 καὶ
512 3930 562 3993 ἐπὶ
579 3927 626 4006 σὲ,
650 3932 702 3995 καὶ
719 3932 769 3995 ἐπὶ
797 3925 984 4015 ἀνθρώποις,
996 3932 1087 3996 καὶέν
1098 3942 1163 4007 τοῖς
1170 3927 1342 4015 τετράποσι,
1354 3929 1406 4012 καὶ

159 4035 232 4086 τους
240 4005 432 4095 θεράποντάς
443 4013 563 4088 σου,ιιαὶ
569 4015 620 4078 ἐπὶ
628 4012 682 4079 τόν
692 4008 769 4078 λαόν
797 4017 829 4078 ἐν
840 4009 927 4109 πόση
938 4039 977 4116 γη
988 4010 1160 4091 Αἰγύπτου.
1174 4018 1338 4093 Πἐξέτεινεν
1349 4013 1405 4078 οῦν

160 4121 216 4160 σου
228 4090 431 4180 ἀναβήσονται
445 4099 476 4160 οἶ
486 4092 639 4183 βάτραχοι.
678 4099 693 4142 ⁸
706 4094 768 4161 εἶπε
794 4093 911 4183 Ἀαρών
924 4122 961 4191 τη
971 4099 1043 4184 χειρὶ
1056 4097 1111 4183 τῆν
1123 4095 1245 4187 ῥάβδον,
1263 4101 1314 4164 καλ
1327 4091 1404 4162 ἐπἰύἡ

159 4176 193 4242 δὲ
215 4175 316 4263 κύριος
331 4175 409 4263 πρὸς
424 4183 572 4264 Μωυσῆν.
597 4179 682 4246 εἷπον
693 4177 767 4247 Ἀα-
796 4183 864 4258 ταξε
881 4179 918 4245 τό
934 4184 1021 4266 χῦμα
1036 4186 1090 4267 τῆς
1105 4188 1175 4289 γῆς,
1200 4185 1252 4247 ιιαδ
1268 4185 1404 4259 ἐγένοντο

160 4261 224 4347 ράν
235 4266 281 4346 τῷ
293 4258 414 4346 ἀδελφῷ
427 4289 491 4341 σου,
508 4265 633 4330 ἐλτανον
645 4268 685 4357 τῆ
695 4266 767 4351 χειρὶ
796 4268 827 4330 ολ
853 4270 969 4347 οννέφες
992 4269 1024 4332 ἐν
1044 4277 1108 4342 τοῖς
1124 4260 1315 4351 ανθράποις,
1341 4262 1404 4326 ἐντε

159 4343 215 4429 τῆν
238 4342 350 4434 ῥάβδον
374 4371 430 4413 σου
445 4349 496 4414 ἐπὶ
516 4345 588 4424 τοῦς
603 4346 766 4431 ποταμούς,
796 4358 858 4422 τοῖς
870 4373 920 4413 τετ
939 4345 1049 4427 ἀποστ,
1073 4352 1125 4414 ιιαλ
1137 4352 1169 4414 ἐν
1184 4347 1278 4413 παντὶ
1288 4340 1404 4431 χάματι

157 4425 504 4518 καλέπὶτάςδιιόρυγας,
527 4431 692 4498 καλέπὶτά
705 4431 766 4516 ἕλη,
797 4435 847 4518 τῆς
857 4374 938 4517 γῆςλ
1038 4436 1238 4514 οοέστνίηες.
1259 4429 1405 4511 18ἐποίη-

157 4515 208 4582 ιιαέ
230 4510 362 4597 ἀνάγαγε
385 4513 457 4594 τοῦς
472 4510 649 4604 βατράχους.
687 4517 767 4584 οιιαλ
796 4538 854 4583 σαν
869 4514 902 4581 δέ
919 4512 1060 4595 ωςαύτως
1074 4512 1126 4584 ιιαλ
1143 4517 1174 4582 ολ
1191 4513 1327 4586 ἐπαοιδοὶ
1338 4521 1404 4586 ταῖς

1325 4620 1404 4679 καε-
