2924 4972
162 204 221 267 120
479 203 834 266 κσνισικοιυ
871 198 1078 282 πήσσειν.

158 309 287 395 ποιήσετε
299 308 373 394 ῦμίν,
387 310 444 389 ἐγὼ
456 306 553 395 κύρι’σς
564 308 662 388 ὁθεὸς
672 310 760 396 ῦμιῦν.
793 316 914 395 σεαυτῷ.
940 316 972 358 ²⁰
983 315 1035 378 καί
1052 310 1103 378 ίαν
1125 339 1169 389 τις
1184 321 1313 399 κοιμηθῆ
1328 314 1402 400 μετέν

157 397 169 438 ⁵
183 398 235 458 καί
253 391 304 459 ἐὰν
316 390 426 478 θύσητε
437 400 547 458 θυσίαν
558 401 705 482 σωτηρίου
717 400 762 479 τῷ
793 395 929 473 γυναικὸς
941 402 1043 479 κοίτην
1055 399 1236 481 σπέρματος,
1261 388 1313 462 κύί
1326 400 1403 484 αῦτη

156 483 262 562 κυρίῳ,
287 475 389 560 δεκτήν
412 472 491 558 ὑμῶν
511 472 624 543 θύσετε.
660 469 707 581 δή
724 478 763 542 ἂν
794 468 812 571 ᾗ
839 481 945 553 σίκέτις
962 478 1216 565 διαπεσυλαμμένη
1233 479 1402 565 ἀνθρώπῳ.

156 558 250 646 ήμέρῳ
261 560 377 636 θύσετε,
394 553 583 644 βρωθήσεται
596 562 647 625 καί
658 587 695 656 τη
707 560 762 626 αύ-
794 561 846 624 καλ
861 557 937 644 αῦτη
959 558 1078 648 λύτροις
1104 560 1141 626 ού
1158 560 1356 649 λελύτρωται,
1383 563 1402 646 ἢ

155 668 227 730 ριον.
254 646 306 707 καί
321 641 373 706 ἐὰν
385 640 573 724 καταλειφθῖ
586 649 641 719 ἕως
652 640 762 729 ἡμέρας
795 643 945 729 ἐλευθερία
962 641 1017 708 οῦκ
1031 640 1124 730 ἐδόθη
1137 643 1229 734 αῦτη,
1254 647 1401 729 ε’πισκοπή

156 733 263 828 τρίτης,
276 729 308 790 ἐν
319 726 391 810 πυρί
403 673 672 811 κατακαυθήσεται.
693 725 763 790 7ἐὰν
794 729 876 790 ἐίνται
890 724 1003 802 αὐτοῖς,
1020 725 1075 791 οῦκ
1086 725 1328 803 ἀποθανοῦνται,
1354 725 1401 791 ὅτι

156 811 187 874 θε
198 805 302 894 βρώσει
318 811 427 893 βρωθῆ
445 812 483 873 τ’
500 805 594 894 ἡμέρῳ
611 813 650 902 τι]
665 816 761 894 τρίτη,
794 806 850 874 οὐκ
868 805 1115 913 ἇπηλευθεριῦθη,
1154 813 1179 851 ει
1192 813 1244 875 καὶ
1265 807 1401 894 “offla

156 885 273 956 ι’ίθυτύν
290 893 381 967 ἐστιν,
406 878 442 954 66
461 835 639 974 ύεχθήσεται.
664 887 712 957 ⁸6
730 879 761 957 δὲ
793 894 846 971 τῆς
857 891 1049 974 πλημμελείας
1065 895 1162 957 αυτοῦ
1179 898 1222 976 τῷ
1236 898 1326 979 κυρίῳ
1339 919 1401 956 πα·

156 977 254 1039 ἔσθων
275 971 352 1039 αὐτὸ
378 969 526 1057 ἁμαρτίαν
550 972 690 1058 λήψεται,
714 969 760 1038 ύτι
793 975 834 1058 ρὰ
851 972 906 1057 τήν
922 969 1022 1059 θύραν
1039 979 1092 1058 τῆς
1104 979 1208 1060 σκηνῆς
1220 981 1274 1039 τοῦ
1286 1000 1401 1081 μαρτυ-

154 1056 194 1122 τῦ
207 1053 279 1134 ἅμα
290 1062 391 1144 κυρίου
404 1052 569 1143 έβεβήλωσε.
595 1060 647 1123 καί
661 1056 761 1133 έξολο-
793 1061 860 1141 ρίου
878 1054 960 1142 κριὸν
976 1056 1173 1140 πλημμελείας.
1201 1060 1293 1123 22και
1306 1056 1401 1135 ίξιλύ-

154 1135 374 1226 θριυθήσονται
385 1144 419 1204 αἱ
430 1141 522 1224 φυχαί
535 1143 720 1205 αίέίνθουσαι
730 1144 762 1203 ἐκ
793 1162 873 1202 σεται
884 1142 952 1224 περί
964 1137 1061 1204 αὐτοῦ
1078 1137 1095 1204 6
1114 1138 1203 1226 ίερεῦς
1219 1143 1249 1206 ίν
1266 1146 1310 1224 τῷ
1327 1145 1400 1225 κριῷ

154 1228 209 1288 τού
226 1223 301 1289 λαοῦ
320 1222 428 1291 αῦτιῦν,
457 1224 536 1287 9καί
554 1218 762 1309 ἐκθεριζύντων
792 1224 846 1304 τῆς
869 1220 1061 1328 πλημμελείσρ
1087 1226 1183 1288 ε”νσντι
1208 1231 1309 1310 κυρίου
1333 1225 1401 1304 περί

155 1302 234 1389 ῦμιῦν
250 1306 304 1373 τὸν
317 1301 458 1393 θερισμὸν
474 1311 526 1389 τῆς
538 1310 592 1391 γης
606 1302 699 1389 ὑμῶν,
724 1302 760 1370 ού
794 1308 846 1387 τῆς
857 1300 1019 1412 ἁμαρτίας,
1043 1332 1077 1409 ης
1091 1305 1208 1392 ήμαρτε,
1223 1310 1274 1372 καί
1284 1305 1401 1390 ἀφεθή-

153 1389 329 1458 συντελέσετε
353 1388 407 1453 τὸν
436 1391 573 1473 θερισμὸν
597 1385 677 1471 ὑμῶν
706 1392 762 1451 τοῦ
795 1411 875 1452 σεται
899 1393 983 1474 αυτῷ
1005 1386 1188 1477 ήαμαρτία,
1213 1386 1249 1474 ἣν
1268 1388 1401 1475 ἥμαρτεν.

154 1470 249 1556 ἀγροῦ
267 1497 319 1536 σου
337 1472 500 1554 ἐκθερίσαι,
523 1472 574 1534 καί
591 1470 630 1535 τὰ
647 1471 762 1536 ἄποπί-
793 1471 824 1511 ²³
835 1467 911 1536 ὅταν
933 1472 965 1537 δὲ
984 1472 1131 1557 είςιλθητε
1147 1477 1187 1549 είς
1202 1473 1256 1557 τήν
1271 1478 1341 1557 μήν,
1367 1469 1402 1555 ἢν

154 1577 268 1620 πτοντα
280 1557 336 1618 τοῦ
347 1558 488 1641 θερισμοῦ
498 1579 553 1621 σου
564 1550 600 1617 ού
611 1554 760 1631 συλλίξιις,
793 1548 892 1638 κύριος
908 1549 927 1618 6
940 1553 1009 1630 θεὸς
1023 1551 1102 1637 ῦμιῦν
1114 1557 1230 1620 δίδωσιν
1244 1552 1323 1635 ὑμῖν,
1348 1556 1401 1620 καί

154 1639 182 1679 ¹⁰
194 1637 245 1699 καί
257 1635 312 1701 τὸν
328 1631 489 1720 σἰμπελῶνύ
507 1661 560 1702 σου
577 1633 631 1701 οὐκ
648 1640 762 1703 ίπανα·
793 1631 1026 1718 καταφυτεύσετε
1051 1641 1113 1702 πᾶν
1133 1634 1221 1714 ξύλον
1243 1633 1401 1723 βρώσιμον,

155 1714 317 1805 τρυγήσεις,
343 1718 414 1784 οὐδὲ
426 1715 480 1796 τὰς
492 1721 590 1807 ῥιῦμας
601 1724 656 1784 τοῦ
669 1717 762 1802 ιἰμπε-
794 1720 845 1782 καί
871 1729 1104 1823 περικαθαριεττε
1128 1719 1182 1803 τήν
1208 1716 1401 1804 ἀκαθαρσίαν

154 1798 246 1877 λυῦνύς
263 1829 317 1868 σου
337 1802 488 1878 συλλέξεις.
520 1806 566 1884 τῷ
583 1806 696 1888 πτωχῷ
710 1803 762 1866 καὶ
794 1798 897 1866 σύτοῦ.
911 1828 929 1867 ο
942 1827 1058 1903 καρπος
1070 1800 1166 1868 αὐτοῦ
1174 1807 1243 1886 τρία
1254 1805 1305 1885 ε”τη
1315 1806 1400 1866 ἔσται

153 1889 198 1966 τῷ
210 1883 385 1970 προςηλύτῳ
397 1884 583 1968 καταλείψεις
596 1882 684 1952 αύτύ.
704 1881 761 1963 ι’μιύ
795 1880 861 1965 ύμῖν
873 1883 1126 1971 σίπερικαθαρτος,
1152 1881 1187 1948 ού
1199 1886 1398 1970 βρωθήσεται.

153 1972 209 2049 εἰμι
226 1963 325 2054 κύριος
338 1963 355 2030 6
369 1967 440 2043 θεὸς
453 1964 543 2052 ῦμῶν.
569 1966 763 2049 11οιίκλέιμε-
794 1966 826 2008 ²⁴
839 1967 891 2031 καί
907 1972 951 2050 τῷ
969 1970 1025 2032 ε”τει
1042 1973 1086 2051 τῷ
1100 1961 1231 2051 τετάρτῳ
1244 1969 1327 2032 ἔσται
1340 1973 1401 2044 πᾶς

153 2076 199 2126 τε,
223 2049 260 2114 οῦ
282 2045 440 2134 ψεύσεσθε,
466 2049 535 2115 οῦδὲ
552 2050 762 2136 συκοφαντήσει
795 2044 940 2136 ὁκαρπός
956 2048 1052 2114 αὐτοῦ
1071 2047 1153 2129 ἅγιος
1166 2049 1278 2126 αἰνετὸς
1291 2055 1335 2134 τῷ
1347 2077 1401 2115 κυ-

154 2139 277 2210 έκαστος
293 2129 347 2198 τὸν
357 2134 488 2218 πλησίον.
514 2133 670 2199 12καίοιίκ
683 2132 761 2218 ὀμεῖ·
796 2138 861 2217 ρίῳ.
886 2134 916 2176 ²⁵
928 2136 961 2197 ἐν
977 2132 1010 2198 δὲ
1021 2137 1066 2198 τῶ
1078 2137 1133 2198 ε”τει
1146 2136 1191 2218 τῷ
1201 2135 1328 2216 πέμπτῳ
1339 2130 1400 2218 φύν

156 2227 212 2282 σθε
224 2221 271 2306 τῷ
282 2211 408 2301 ὀνόματί
417 2243 474 2301 μου
486 2214 529 2282 ἐπ’
546 2214 650 2302 ἀδίκῳ,
661 2219 713 2282 καί
725 2213 762 2281 ού
794 2224 883 2293 μεσθε
894 2214 948 2281 τὸν
959 2199 1090 2323 καρπύν,
1110 2212 1265 2303 πρύςθεμα
1283 2213 1349 2299 ύμῖν
1361 2216 1401 2282 τὰ

153 2295 331 2386 βιβηλιύσετε
356 2299 392 2365 τὸ
418 2300 513 2383 ὄνομα
536 2300 573 2365 τὸ
600 2298 685 2378 ἅγιον
708 2304 764 2365 τοῦ
794 2295 956 2382 γεννήματα
979 2305 1082 2366 αυτοῦ.
1114 2296 1174 2377 ε’νιύ
1192 2305 1247 2382 είμι
1264 2295 1399 2405 κύριοςὸ

154 2387 231 2448 θεοῦ
255 2379 343 2466 ὑμῶν.
369 2380 428 2462 ἐγώ
454 2389 508 2486 εἰμι
532 2381 631 2470 κύριος
652 2379 671 2446 6
692 2381 764 2458 θεὸς
794 2380 866 2456 θεὸς
876 2378 964 2464 ὑμῶν.
975 2380 1051 2469 28μή
1060 2386 1162 2449 ε”σθετε
1171 2386 1288 2448 ίπίτιῦν
1296 2386 1400 2468 σρέων,

153 2462 243 2549 ῦμοῦν.
282 2463 377 2532 13οῦκ
402 2465 543 2572 ἆθικησεις
559 2465 612 2531 τὸν
629 2465 762 2570 πλησίον.
794 2462 846 2530 καὶ
863 2463 918 2530 σῦκ
937 2470 1112 2545 οίαινιεῐσθε,
1137 2463 1205 2531 οῦδὲ
1223 2465 1401 2569 ὀρνιθοσκο-

154 2553 206 2616 καί
217 2547 273 2656 ούη
284 2546 380 2638 ἆρπᾷ,
392 2553 445 2617 καί
457 2577 492 2616 ου
504 2549 544 2635 μή
555 2560 762 2634 κοιμηθησεται
794 2543 930 2647 πήσεσθε.
952 2553 981 2593 ²⁷
994 2549 1031 2618 ού
1044 2547 1180 2652 ποιήσετε
1191 2573 1293 2633 σισοην
1304 2552 1337 2613 ἐκ
1348 2553 1401 2632 τῆς

154 2630 172 2698 6
189 2644 295 2716 μισθσς
312 2639 368 2699 τοῦ
384 2638 540 2717 μισθωτοῦ
553 2659 608 2699 σου
619 2631 705 2720 παρὰ
717 2634 765 2701 σοί
795 2655 886 2736 κομης
898 2637 950 2715 τῆς
961 2634 1088 2717 κεφαλῆς
1101 2637 1191 2716 υμιῦν,
1201 2631 1270 2697 οὐδὲ
1281 2643 1401 2716 φθερεῖ·

155 2723 210 2792 ἕως
228 2718 318 2802 πρωΐ.
348 2717 378 2761 ¹⁴
391 2715 428 2783 06
446 2718 545 2792 κακῶς
563 2720 635 2803 ἐρεῖς
652 2716 763 2819 κωφὸν,
794 2738 826 2778 τε
837 2739 892 2799 την
905 2715 977 2797 ὄφιν
988 2722 1044 2780 τοῦ
1056 2710 1199 2793 πιύγωνος
1211 2712 1300 2800 ὑμῶν.
1313 2716 1401 2780 28καί

154 2803 206 2865 καί
231 2797 372 2865 ἀπέναντι
396 2800 512 2883 τυφλοῦ
537 2795 573 2864 οῦ
590 2809 764 2904 προςθησεις
795 2797 945 2879 ἔντομίδας
961 2797 998 2861 οῦ
1009 2793 1146 2882 ποιήσετε
1159 2801 1209 2864 ἐπί
1222 2802 1400 2893 φυχήέντιῦ

155 2877 331 2949 σκάνδαλον.
350 2885 401 2949 καί
414 2881 577 2990 φοβηθήση
593 2906 694 2967 κυριον
709 2882 763 2950 τὸν
795 2876 909 2964 σώματι
928 2876 1016 2965 ῦμσῦν.
1045 2882 1096 2946 καί
1119 2878 1278 2967 γράμματα
1295 2862 1401 2947 στικτίν

152 2961 225 3031 θεόν
235 2992 296 3032 σου.
310 2963 368 3044 ἐγώ
381 2972 435 3049 είμι
448 2964 547 3053 κύριος
559 2993 577 3031 ο
588 2968 661 3043 θεὸς
671 2965 760 3050 ῦμιῦν.
794 2959 830 3030 ού
842 2959 978 3048 ποιήσετε
990 2967 1021 3027 ἐν
1033 2961 1107 3047 ὑμῖν.
1134 2961 1192 3043 ἐγώ
1205 2969 1260 3053 είμι
1272 2960 1369 3050 κύριος
1381 2961 1399 3030 6

152 3052 179 3093 ¹⁶
190 3048 226 3115 06
237 3047 372 3133 ποιήσετε
384 3050 487 3116 ύίθικον
500 3054 530 3116 ἐν
542 3056 639 3137 κρίσει.
657 3048 694 3113 ού
707 3044 762 3133 λή-
793 3045 865 3128 θεὸς
883 3043 971 3130 ὑμῶν.
996 3048 1026 3092 ²⁰
1041 3046 1077 3112 ού
1093 3044 1261 3138 βεβηλοίσεις
1277 3048 1330 3130 τήν
1341 3057 1400 3112 θυ-

150 3154 197 3226 ψη
213 3130 375 3218 πρύςωπον
387 3137 523 3219 πτωχοῦ,
549 3132 618 3199 ούῦὲ
656 3131 759 3198 “θαυ-
792 3132 905 3235 ματέρα
930 3154 984 3195 σου
1003 3132 1193 3217 ἕκπορνεῦσαι
1211 3127 1313 3213 αὐτήν.
1348 3133 1400 3196 καί

149 3222 246 3310 μέσης
258 3211 417 3303 πρόςωπον
429 3212 584 3283 δυνάστου.
607 3219 638 3281 ἐν
666 3242 759 3281 ικαιο-
792 3211 847 3279 οῦκ
864 3206 1044 3298 εκπορνεύσει
1063 3211 1148 3300 ήγῆ,
1173 3214 1224 3277 καί
1240 3208 1257 3294 ή
1269 3217 1309 3296 μή
1321 3214 1400 3298 πλη-

151 3296 222 3384 σύνη
240 3311 342 3385 κρινεῖς
364 3299 418 3366 τὸν
435 3302 560 3386 πλησίον
578 3326 641 3366 σου.
679 3296 758 3364 16ού
792 3290 934 3381 σθήσεται
946 3293 1077 3379 ἀνομίας.
1096 3297 1127 3339 ³⁰
1140 3294 1179 3359 τὰ
1192 3290 1329 3381 σύββατύ
1341 3323 1399 3379 μου

149 3372 281 3472 πορεύση
306 3381 387 3469 δόλῳ
406 3388 436 3449 ἐν
453 3391 498 3469 τῷ
515 3388 593 3450 ἔθνει
611 3410 672 3450 σου.
705 3379 759 3450 σιἰκ
792 3374 964 3460 φυλάξεσθε.
989 3380 1041 3442 καί
1060 3376 1123 3444 ἀπὸ
1149 3382 1210 3443 τιῦν
1230 3375 1323 3457 ἁγίων
1340 3405 1399 3463 μου

150 3460 292 3555 ε’·πιστήύη
317 3467 360 3551 ἐφ’
381 3470 454 3571 αήια
476 3473 533 3534 τοῦ
550 3468 679 3552 πλησίον
696 3493 756 3532 σου.
791 3459 1011 3549 φοβηθήσεσθε.
1029 3458 1088 3543 ἐγώ
1100 3466 1154 3546 είμι
1166 3458 1274 3564 κύρηος.
1301 3461 1397 3529 31οῦκ

56 3566 60 3574 ’
149 3550 207 3632 ἐγώ
221 3544 280 3638 εἰμι’
288 3552 387 3640 κύριος
400 3578 418 3616 ο
430 3548 502 3628 θεὸς
515 3548 603 3633 ῦμιῦν,
623 3553 651 3593 ¹⁷
661 3547 697 3615 ού
710 3576 756 3632 μι-
790 3542 1045 3631 έπακολουθήσετε
1057 3551 1323 3633 ἐμμαστριμυθους,
1346 3547 1397 3610 καί

149 3635 243 3721 σήσεις
252 3639 303 3703 τὸν
312 3629 441 3715 ἀδελφόν
452 3637 554 3725 σαυτῇ
563 3632 680 3715 διανοίη
693 3658 755 3697 σου.
789 3642 853 3707 τοῖς
867 3632 1018 3707 ἐπαοιδαῖς
1036 3629 1072 3696 ού
1088 3627 1395 3730 προςιιολληθήσςσθε,

148 3721 257 3800 έλενμῴ
276 3719 396 3795 ἐλέγξεις
407 3717 462 3780 τὸν
473 3716 601 3799 πλησίον
615 3741 684 3792 σου,
706 3717 757 3780 καὶ
790 3717 981 3800 ἕκμιανθήναι
993 3718 1024 3779 ἐν
1036 3712 1145 3789 αῦτοῑς.
1162 3711 1283 3796 ίγσύείμι
1295 3737 1396 3797 κυριος

150 3799 186 3865 οῦ
205 3797 288 3883 λήφη
305 3798 338 3864 δι’
360 3797 454 3864 αὐτὸν
472 3797 627 3884 ἁμαρτίαν.
665 3800 758 3865 18καί
790 3793 808 3862 6
822 3796 891 3875 θεὸς
905 3797 992 3902 ὑμῶν.
1007 3794 1105 3861 Ώᾶπό
1118 3793 1279 3904 προςιύπου
1287 3796 1396 3862 πολιοῦ

150 3881 204 3949 οῦκ
223 3869 376 3947 ἕκύικᾶταί
392 3908 445 3950 σου
462 3879 563 3969 ήχείρ.
590 3885 641 3949 καί
653 3879 689 3949 οῦ
702 3912 758 3968 μη·
790 3883 984 3974 ἔξαναστηση,
1012 3882 1064 3945 καὶ
1089 3906 1213 3965 τιμησεις
1239 3877 1397 3969 πρόςωπον

149 3976 216 4042 νιεῖς
227 3977 291 4042 τοῖς
302 3971 378 4042 υἱοῖς
390 3970 445 4032 τοῦ
458 3967 535 4032 λαοῦ
544 3992 607 4032 σου.
620 3968 672 4030 καί
681 3965 756 4044 ἄγα·
789 3966 994 4071 πρεσβυτέρου.
1020 3965 1072 4029 καί
1088 3963 1246 4051 φοβηθήση
1258 3965 1312 4031 τὸν
1323 3961 1397 4029 θεόν

148 4046 251 4133 πήσεις
270 4049 323 4113 τὸν
346 4048 471 4133 πλησίον
495 4074 550 4114 σου
568 4045 610 4129 ὧς
628 4045 755 4113 σεαυτόν.
790 4074 852 4114 σου.
884 4049 942 4126 ἐγω
967 4053 1022 4131 είμι
1047 4044 1145 4134 κύριος
1170 4045 1188 4112 6
1213 4038 1285 4123 θεὸς
1307 4045 1395 4129 ῦμιῦν.

149 4128 208 4210 ἐγώ
220 4136 275 4214 εἶμι
287 4126 395 4233 κύριος.
423 4133 451 4174 ¹⁹
464 4131 518 4196 τὸν
529 4126 618 4212 νόμον
629 4155 686 4213 μου
698 4156 756 4212 φυ-
790 4132 820 4173 ³³
830 4129 882 4196 ἐὰν
899 4132 934 4197 δέ
943 4157 987 4207 τις
1003 4132 1156 4235 προςελθη
1171 4127 1238 4209 ὑμῖν
1249 4125 1396 4212 προςήλυ,

148 4212 282 4292 λύξεσθε.
307 4239 347 4278 τα
360 4209 449 4318 κτήνη
462 4239 516 4280 σου
529 4211 565 4277 οῦ
578 4210 757 4298 κατοχεύοεις
790 4240 842 4292 τος
854 4219 885 4281 ἐν
896 4220 935 4311 τῇ
945 4219 986 4321 κη’
997 4213 1087 4317 ὑμῶν,
1106 4239 1143 4278 ου
1155 4211 1280 4290 θλίφετε
1292 4205 1393 4274 αὐτόν.

148 4293 324 4384 ἕτεροζύγῳ,
349 4298 401 4362 καί
416 4291 639 4378 τσνᾶμπελιῦνύ
652 4321 705 4362 σου
719 4297 755 4363 οῦ
789 4296 874 4375 34ὡς
900 4296 918 4363 6
944 4306 1105 4383 αυτοχθων
1129 4297 1160 4356 έν
1183 4288 1250 4392 ύμῖν
1275 4291 1357 4356 ἔσται
1376 4291 1394 4358 6

148 4393 339 4467 κατασπερεῖς
353 4375 504 4554 ὄιύφῳρον.
532 4381 583 4444 καὶ
596 4375 711 4462 ίμοίτιον
723 4385 755 4447 ἐκ
788 4377 969 4470 προςήλυτος
995 4377 1013 4444 6
1036 4398 1302 4479 προςπορεμρμενρς
1319 4374 1395 4463 πρὸς

460 4493 477 4552 'l

478 4464 531 4530 λοι
545 4460 753 4552 οὐκέπιβσλιες
790 4461 880 4554 ὑμᾶς,
905 4466 957 4532 καί
973 4459 1132 4544 ιἰγαπησαι
1150 4481 1243 4522 ουτοι
1257 4485 1297 4536 ως
1309 4485 1398 4561 σινγ-

1332 4569 1350 4607 ‘t
1356 4563 1395 4604 ον’.

148 4464 200 4535 θύα
215 4462 411 4552 ῦφασμένονκ
