2924 4972
102 222 164 283 ναν
506 215 736 277 ιΗΣονΣ
776 206 947 294 Κίσσα.

101 338 154 422 τὴν
173 336 300 423 εΙεριχώ,
327 341 378 401 καί
394 336 447 401 τὸν
462 337 587 424 βασιλέα
604 335 705 420 αὐτῆς.
738 331 836 419 κύριος
848 331 925 479 πρὸς
934 331 1060 417 Ἰησοῦν.
1084 333 1208 394 ἔκτεινον
1221 329 1275 414 την
1286 346 1343 416 χεῖ·

100 420 216 503 κοίτην
232 420 382 506 προνομὴν
396 424 581 503 τώνκτηνεῦν
594 444 707 504 προνο-
738 413 778 501 ρά
798 441 850 481 σου
884 420 967 498 ντῷ
987 416 1083 496 γαισῷ
1104 417 1148 516 w}
1168 417 1198 477 ἓν
1216 417 1254 507 τῇ
1270 425 1342 518 χειρί

101 501 209 588 μεύοεις
222 509 345 586 σεαυτῷ.
371 498 556 604 κατάστησον
575 500 608 567 δὲ
621 527 706 566 σεαυ-
739 525 794 565 σου
807 500 857 563 ἐπὶ
870 497 924 582 την
937 494 1039 573 πόλιν,
1057 501 1097 570 είς
1108 520 1166 580 γαρ
1179 492 1234 570 τάς
1247 511 1343 580 χεῖρας

101 592 145 669 τῴ
158 589 259 692 ένεδρα
271 591 308 670 τῆ
320 582 404 650 πόλει
417 591 456 659 είς
468 611 507 648 τα
517 583 623 650 ὀπίσω.
636 585 709 648 2καλ
740 608 796 648 σου
809 582 1009 667 παραδέδωκα
1022 575 1187 662 αὐτην-καὶ
1195 577 1233 642 τά
1243 583 1343 667 ε”νεδρα

103 669 207 753 ἀνέστη
231 656 337 773 Ιηρόῦς
354 671 404 732 καί
420 666 510 742 πᾶςὸ
527 665 598 742 λαός
617 663 708 730 ὁπο-
740 660 983 745 έξαναστόσονταε
996 667 1027 728 ἐν
1040 658 1119 747 τάχει
1133 664 1164 725 ἐκ
1178 668 1232 726 τοῦ
1247 660 1342 729 τόπου

103 753 237 833 λεμιστ“ς
250 776 321 825 ωςτε
335 748 477 837 ἀναβῆναι
491 755 530 825 είς
543 755 613 815 Γαί
638 751 708 814 ἐπέ·
739 745 848 814 αὐτῶν.
863 749 915 812 καὶ
926 750 1058 824 ἐξέτεινεν
1066 743 1182 829 Ἰησοῦς
1195 745 1247 826 την
1260 759 1341 831 χεῖρα

104 835 179 909 λεξεν
203 781 234 898 ὀέ
255 831 372 916 Ἰησοῦς
393 829 554 918 τριάκοντα
576 828 707 918 χιλιάδας
739 829 835 895 αὐτοῦ
848 823 1244 912 τὸνναισόνέπίτηνπάλιν.
1258 832 1343 895 12καὶ

103 914 158 980 ὀνδ
176 921 218 980 ὧν
242 916 383 991 δυνατούς
400 919 431 980 ἐν
448 912 539 1001 ἰσχύϊ,
564 917 615 980 καὶ
631 914 707 979 ὀπέ-
739 912 778 977 τά
792 913 893 997 ἔνεδρα
905 915 1095 999 ἔξανίστηοαν
1108 915 1139 976 έν
1151 906 1230 994 τάχει
1244 913 1275 976 έκ
1289 914 1341 976 τοῦ

103 1025 160 1064 στει
193 996 341 1074 ναῦτοῦς
358 995 467 1074 νυκτός.
507 998 588 1064 2καί
604 1001 707 1063 ένετεί-
737 991 835 1060 τόπου
850 993 963 1074 αότών,
983 998 1035 1060 καί
1048 991 1217 1076 ἰξάλθοσαν
1231 990 1280 1059 ὅτε
1295 998 1342 1071 ἐξ-

103 1082 178 1146 λατο
203 1080 320 1156 αὐτοῖς,
347 1082 450 1161 λέγων.
468 1079 555 1165 ,ὑμεῖς
579 1077 706 1166 ἒνεδρεύ-
738 1081 823 1144 ε’τεινε
838 1079 892 1162 τὴν
910 1090 1001 1163 χεῖρα.
1034 1079 1086 1141 καὶ
1101 1073 1277 1160 είςηλθοσαν
1294 1082 1344 1143 ἐπὶ

103 1189 174 1230 σατε
200 1163 297 1230 ὀπίσω
315 1169 367 1249 τῆς
381 1160 506 1239 πόλεως.
534 1165 573 1247 μὴ
591 1163 709 1249 μακράν
736 1159 792 1244 τὴν
803 1161 899 1237 πόλιν,
909 1164 959 1226 καί
970 1158 1169 1246 κατελάβοντο
1181 1158 1255 1223 αὖτ’
1266 1185 1279 1223 ¹.
1293 1165 1344 1226 καὶ

101 1253 217 1325 γίνεσθε
234 1244 296 1312 ἀπὸ
313 1252 366 1332 της
382 1243 512 1323 πόλεως,
539 1250 590 1313 καί
605 1252 707 1312 ε”σεσθε
738 1240 912 1320 σπεύσαντες
938 1248 1099 1329 ἐνέπρησαν
1122 1240 1176 1326 τὴν
1201 1186 1289 1308 πόλιν
1312 1248 1343 1309 ἐν

100 1326 206 1407 πάντες
219 1335 337 1411 ἕτοιμοι.
375 1331 389 1374 ⁶
402 1333 453 1395 καὶ
467 1329 525 1407 ένιό
538 1333 589 1395 καὶ
600 1327 708 1405 πάντες
736 1333 817 1413 πυρί.
832 1329 920 1392 22καί
930 1328 1158 1414 περιβλέψαντες
1171 1327 1201 1391 σί
1210 1325 1343 1392 κάτοεκοι

102 1417 133 1476 οί
144 1414 201 1493 μετ’
217 1418 290 1494 ἐμοῦ
301 1408 482 1498 προςάξομεν
498 1413 575 1498 πρὸς
587 1409 707 1497 τηνπό-
738 1414 772 1473 Γ
767 1413 800 1476 αλ
814 1415 853 1485 είς
866 1409 905 1476 τά
925 1408 1022 1475 ὀπίσω
1037 1408 1153 1486 αῦτιῦν,
1179 1411 1231 1473 καὶ
1249 1407 1343 1474 ἐθεά-

103 1495 155 1558 λιν.
193 1496 244 1557 καὶ
267 1497 349 1559 ἔσται
373 1491 414 1568 ὥς
431 1493 470 1559 &v
494 1495 654 1570 ἐξέλθωσιν
675 1499 707 1559 οί
824 1493 939 1558 καπνὸν
956 1491 1157 1580 ἀναβαίνοντα
1173 1495 1205 1556 ἐκ
1220 1498 1272 1577 τῆς
1285 1490 1342 1558 πό-

102 1581 303 1651 κατοικοῦντες
316 1577 379 1641 Pae
396 1581 434 1651 εἰς
451 1573 624 1662 συνάντησιν
641 1574 708 1662 ἡμῖν
738 1517 809 1651 m
820 1581 860 1650 είς
873 1573 926 1643 τόν
939 1572 1077 1661 ούρανόν.
1104 1577 1155 1640 καί
1174 1573 1228 1640 οόκ
1243 1580 1286 1641 ἔτι
1301 1572 1341 1640 εἶ-

102 1655 241 1745 καθάπερ
259 1661 310 1724 καὶ
326 1655 443 1746 πρώην,
468 1663 521 1724 καί
539 1657 707 1764 φευξόμεθα
734 1685 790 1764 ηον
801 1663 863 1724 ποῦ
881 1655 1016 1741 φύγωσιν
1033 1650 1090 1723 σόδε
1109 1657 1128 1742 ἢ
1145 1649 1209 1721 ὦδε.
1249 1662 1274 1700 22
1292 1661 1344 1724 καὶ

103 1740 166 1806 ἀπὸ
190 1738 351 1828 προςιάπου
371 1742 478 1806 αὐτῶν.
516 1744 596 1808 θκαὶ
613 1771 653 1819 ως
670 1743 707 1808 σίν
744 1747 851 1824 Ιησοῦς
877 1744 928 1807 καὶ
948 1746 1008 1817 πῦς
1029 1739 1154 1827 Ἰσραὴλ
1175 1740 1268 1816 εἶδον,
1296 1739 1342 1806 ότι

103 1826 263 1900 έξελθωσιν
276 1823 373 1889 ὀπίσω
386 1821 480 1907 ημῶν,
498 1822 707 1908 ὀποσπάσομεν
738 1825 850 1910 ἔλαβον
866 1821 905 1890 τά
922 1826 1025 1910 ένεδρα
1039 1822 1092 1908 τὴν
1103 1820 1206 1899 πόλιν,
1231 1825 1282 1888 καὶ
1294 1821 1341 1888 ὅτι

104 1903 213 1981 αὐτούς
232 1906 295 1972 άπὸ
315 1912 367 1991 τῆς
383 1903 503 1984 πόλεως.
529 1910 581 1973 καί
598 1914 704 1993 ἐροῦσι.
738 1905 829 1994 άνέβη
853 1904 871 1971 ὀ
897 1905 1009 1982 καπνὸς
1029 1912 1082 1991 της
1099 1903 1213 1982 πόλεως
1232 1911 1272 1981 είς
1289 1905 1343 1971 τόν

104 1986 258 2069 φεύγουσιν
274 1980 359 2055 οὗτοι
372 1987 435 2055 ἀπὸ
449 1987 612 2075 προσώπου
626 1989 706 2075 ἡμῶν
738 1987 873 2076 οόρανόν.
900 1992 952 2055 καὶ
967 1986 1211 2075 μεταβαλλόμενοι
1228 1985 1342 2055 ἐπάτα-

104 2071 138 2137 &v
149 2069 261 2159 τρόπον
279 2074 329 2136 καὶ
342 2077 516 2159 ἔμπροσθεν.
557 2076 570 2118 2
585 2071 662 2159 ὑμεῖς
674 2074 705 2140 δὲ
738 2077 791 2150 ξαν
805 2071 874 2148 τοὺς
886 2072 996 2160 ἄνδρας
1014 2077 1065 2156 της
1080 2078 1152 2137 Γαί.
1179 2077 1209 2115 22
1222 2075 1272 2137 καὶ
1288 2064 1343 2138 ού-

104 2152 338 2239 έξαναστησεσθε
361 2160 394 2221 ἐκ
419 2161 471 2242 της
496 2158 627 2242 ἐνέδρας,
656 2162 707 2222 καὶ
737 2181 785 2221 τοι
799 2152 967 2241 ε’ξηλθοσαν
984 2159 1016 2220 ἐκ
1030 2159 1082 2239 τῆς
1095 2153 1210 2230 πόλεως
1223 2160 1262 2230 είς
1274 2180 1343 2221 συν-

103 2238 285 2323 πορεῦσεοθε
301 2243 341 2315 είς
352 2236 405 2324 την
416 2239 509 2305 πόλιν.
548 2239 655 2305 8κατά
669 2240 704 2306 τὸ
739 2264 865 2323 αντησιν.
880 2240 929 2304 καί
943 2235 1123 2321 ἐγενηθησαν
1136 2237 1282 2323 ἀναμέσον
1291 2245 1343 2323 τῆς

103 2324 181 2426 ῥῆμα
194 2327 284 2387 τοῦτο
296 2318 439 2406 ποιήσετε.
457 2319 521 2388 ἰδού
534 2325 705 2408 έντέταλμαι
738 2323 932 2408 παρεμβολῆς,
951 2316 1034 2386 οὗτοι
1047 2325 1183 2387 ἐντεῦθεν
1196 2323 1247 2385 καὶ
1258 2313 1341 2386 οῦτοι

103 2417 176 2488 υμῖν.
196 2406 269 2470 2καί
281 2402 449 2472 ὀπέστειλεν
461 2403 572 2483 αύτούς
580 2404 705 2491 Ἰησοῦς,
738 2408 882 2470 ἐντεῦθεν.
922 2407 974 2468 καί
991 2401 1144 2481 ἐπάταξαν
1162 2401 1271 2480 αύτούς
1288 2411 1343 2482 ἕως

103 2489 154 2553 καί
167 2487 376 2574 ἐπορεύθησαν
389 2494 428 2565 εἰς
440 2488 494 2573 την
505 2492 630 2576 ένεδραν.
656 2493 706 2554 καί
739 2491 794 2553 τοῦ
818 2487 857 2572 μίη
880 2488 1114 2570 καταλειφθῆναι
1134 2487 1234 2554 αύτιῦν
1251 2513 1343 2553 σεσω-

102 2566 563 2658 ένεκά-θισανόναμέσονΒαιθηλ
572 2576 622 2638 καί
631 2571 707 2639 ἀνα·
740 2574 846 2653 σμένον
859 2575 908 2636 καὶ
922 2567 1147 2652 διαπεφευγότα.
1184 2573 1214 2615 ²³
1227 2575 1277 2636 καί
1291 2570 1343 2636 τὸν

101 2657 190 2735 μέσον
207 2658 283 2729 Γαί,
309 2653 372 2719 ἀπὸ
393 2653 548 2739 θαλάσσης
567 2662 619 2739 της
635 2662 705 2722 Γαί.
737 2655 863 2740 βασιλέα
888 2659 940 2738 τῆς
964 2657 1026 2718 sai
1053 2655 1212 2742 συνέλαβον
1236 2659 1342 2731 ζῶντα,

102 2739 131 2780 ιο
144 2738 195 2798 καί
207 2734 353 2840 ὀρθρίσας
363 2735 480 2819 Ἰησοῦς
492 2740 619 2821 τοπρωῒ,
639 2743 707 2805 ἒπε-
738 2740 789 2801 καὶ
810 2734 1000 2823 προςηγαγον
1014 2734 1106 2802 αὐτὸν
1123 2737 1200 2822 πρὸς
1216 2735 1342 2819 Ἰησοῦν.

104 2820 241 2898 σκέψατο
255 2844 307 2881 τον
320 2813 400 2881 λαόν.
426 2821 477 2881 καί
494 2819 638 2904 ἀνέβησαν
651 2819 707 2885 αό-
739 2820 769 2860 2*
784 2823 835 2885 καί
853 2819 894 2895 ὡς
907 2818 1077 2888 ἐπαύσαντο
1096 2822 1128 2883 οἴ
1145 2821 1206 2884 υίοὶ
1221 2818 1344 2903 Ἰσραὴλ

102 2899 155 2973 τός
176 2900 227 2964 καί
243 2904 274 2964 oi
289 2894 480 2986 πρεσβύτεροι
494 2901 572 2965 κατὰ
589 2899 706 2988 πρόςω-
739 2899 960 2979 ὀιποκτέννοντες
973 2900 1088 2977 πάντας
1099 2897 1167 2977 τούς
1180 2905 1210 2966 έν
1222 2907 1260 2995 τῇ
1269 2907 1342 2978 Γαί,

102 3007 162 3047 πον
173 2987 231 3047 τοῦ
242 2983 320 3047 λαοῦ
338 2985 388 3046 ἐπὶ
399 2987 469 3049 Γαί.
505 2987 597 3048 11καί
614 2985 705 3061 πᾶςό
738 2989 789 3050 καί
814 2984 883 3062 τούς
901 2990 932 3052 ἐν
949 2999 1013 3062 τοῖς
1030 2986 1153 3062 πεδίοις,
1181 2987 1232 3050 καί
1250 2989 1281 3052 ἐν
1299 2992 1342 3070 τῷ

103 3063 176 3138 λαὸς
193 3063 211 3127 ὁ
224 3064 400 3147 πολεμιστὴς
415 3065 473 3145 μετ’
494 3064 589 3133 αὐτοῦ
601 3067 706 3154 ἀνέβη-
739 3067 799 3153 ὀρει
813 3073 863 3135 ε’πί
875 3076 926 3152 τῆς
939 3065 1140 3156 καταβάσεως,
1154 3061 1192 3133 οῦ
1201 3071 1341 3136 κατεδίω·

103 3171 165 3210 σαν.
179 3148 230 3209 καί
241 3142 428 3232 πορευόμενοι
439 3136 535 3232 ἦλθον
544 3152 706 3229 ἐξεναντίας
739 3153 793 3227 ξαν
813 3151 923 3228 αότοὺς
941 3151 991 3217 ἀπ’
1009 3151 1100 3235 αὐτῆς
1116 3156 1156 3226 εἷς
1167 3152 1266 3227 τελος,
1291 3156 1343 3216 καί

103 3234 156 3311 τῆς
178 3224 294 3304 πόλεως
319 3226 381 3294 ἀπὸ
399 3227 567 3310 ἇνατσλοῦν,
599 3235 706 3300 καὶτὰ
739 3237 914 3321 ἐπέστρεφεν
924 3234 1040 3320 Ἰησοῦς
1053 3240 1092 3310 είς
1103 3238 1134 3297 Γ
1134 3237 1179 3308 αι’,
1203 3236 1255 3297 καί
1266 3231 1342 3298 ἐπά-

103 3313 202 3397 ένεδρα
234 3316 285 3396 τῆς
313 3308 427 3389 πόλεως
453 3312 516 3381 άπὸ
542 3313 705 3403 θαλάσσης.
738 3319 822 3392 ταξεν
849 3315 943 3402 αὐτὴν
976 3323 1007 3383 ἐν
1032 3315 1158 3401 στόματι
1183 3319 1341 3402 ῥομφαίας,

104 3396 131 3436 ¹⁴
144 3399 195 3460 καί
212 3399 326 3474 ἐγένετο
345 3395 385 3472 ὡς
402 3397 473 3464 εἶδεν
488 3398 622 3486 βασιλεύς
633 3404 705 3478 Γαί,
738 3401 766 3444 22
779 3404 830 3466 καὶ
855 3398 1035 3504 ἐγενηθησαν
1053 3404 1085 3465 οί
1103 3396 1239 3474 πεσόντες
1256 3401 1285 3462 έν
1304 3404 1339 3490 τῇ

103 3481 220 3545 ἔσπευσε
248 3483 300 3545 καί
325 3482 447 3565 ε’ξηλθεν
472 3490 511 3560 είς
535 3482 706 3569 συνάντησιν
738 3480 831 3569 ἣμερα
852 3490 944 3569 ἐκείνη
962 3483 1025 3548 απὸ
1043 3483 1149 3568 ἀνδρὸς
1161 3485 1212 3548 καί
1224 3488 1279 3557 ἕως
1291 3509 1343 3560 γυ·

103 3561 205 3638 αὐτοῖς
230 3563 274 3628 ἐπ’
304 3563 421 3640 εύθείας
442 3571 481 3641 εἷς
498 3563 550 3630 τὸν
568 3564 705 3648 πόλεμον,
737 3566 844 3643 ναικὸς,
862 3558 975 3633 διύδέκα
1015 3564 1120 3641 ιλεάδες
1138 3562 1255 3640 πάντας
1273 3565 1343 3640 τοὺς

103 3645 193 3720 αὐτὸς
218 3649 268 3709 καὶ
280 3652 339 3721 πᾶς
358 3644 376 3712 ὁ
392 3648 465 3723 λαός
485 3645 503 3713 ὀ
521 3648 580 3729 μετ’
600 3649 704 3715 αὐτοῦ.
738 3657 950 3726 κατοικοῦντας
964 3656 1034 3714 1αί.
1061 3652 1091 3692 22
1103 3646 1181 3732 πλην
1198 3654 1259 3712 τεῦν
1272 3645 1340 3714 σκύε

102 3730 153 3788 καὶ
166 3726 258 3800 αὐτὸς
270 3726 323 3791 οῦκ
341 3728 416 3814 ἤδει,
442 3729 490 3796 ὅτι
507 3733 608 3818 ἔνεδρα
622 3732 706 3818 αὐτῷ
738 3734 798 3800 λων
815 3740 876 3801 τῶν
895 3737 925 3799 ἐν
938 3738 975 3816 τῆ
992 3729 1079 3797 πόλει
1096 3728 1197 3797 πάντα
1211 3728 1232 3796 ὀ
1252 3737 1343 3818 ἐπρο-

103 3811 182 3871 ἔστιν
200 3806 298 3908 ὀπίφω
312 3802 363 3895 τίης
373 3811 496 3889 πόλεως.
536 3817 562 3858 ¹⁵
576 3820 627 3882 καὶ
640 3816 704 3893 εἶδε,
738 3814 880 3900 νόμευσαν
889 3806 1005 3891 ἑαυτοῖς
1018 3819 1049 3880 οἱ
1063 3817 1124 3879 υἱοὶ
1132 3810 1255 3900 Ἰσραὴλ
1264 3813 1344 3879 κατὰ

103 3892 154 3991 ηαδ
177 3889 357 3977 ὀνεχωρησεν
379 3894 495 3980 Ἰησοῦς
510 3901 563 3965 καὶ
585 3899 706 3986 Ἰσραὴλ
737 3898 911 4008 πρόςτανμα
920 3906 1031 3986 κυρίου,
1042 3894 1076 3962 ὃν
1085 3893 1198 3982 τρόπον
1208 3900 1344 3974 συνέταξε

105 3972 165 4036 απὸ
185 3975 347 4056 προςιόπου
362 3976 471 4044 αύτιῦν.
509 3981 600 4046 26ιιαλ
617 4008 703 4046 κατε-
737 4008 836 4068 κυριος
854 3988 898 4065 τῷ
920 3982 1023 4066 Ἰησοί.
1064 3983 1095 4022 ²⁰
1108 3984 1159 4044 καὶ
1176 3975 1345 4065 ἐνεπύρισεν

103 4054 211 4131 δίωξαν
223 4053 322 4121 ὀπίσω
334 4065 395 4125 τῶν
414 4066 486 4125 υίιῦν
498 4060 629 4149 Ἰσραήλ
656 4068 707 4129 καὶ
734 4063 850 4149 Ἰησοῦς
861 4065 915 4150 τὴν
926 4062 1014 4131 πόλιν
1027 4069 1058 4129 έν
1070 4070 1151 4149 πυρί.
1178 4066 1263 4147 χεῦμα
1276 4061 1345 4128 ἀσί-

103 4135 192 4202 αῦτοὶ
216 4134 388 4223 ἀπέστησαν
416 4142 479 4207 ἀπὸ
505 4149 557 4226 τῆς
581 4143 704 4222 πόλεως.
737 4173 828 4232 κητσν
840 4153 879 4224 εἷς
892 4146 944 4214 τὸν
956 4154 1051 4213 αίιῦνα
1064 4150 1169 4230 έθηκεν
1182 4143 1276 4227 αῦτην
1289 4151 1345 4220 ἕως

104 4221 130 4261 ¹⁷
144 4219 180 4286 οὐ
195 4220 373 4307 κατελείφθη
387 4223 480 4299 οὐδεὶς
493 4230 524 4289 έν
536 4231 574 4319 τῇ
586 4230 658 4303 Γαὶ,
672 4227 706 4306 ὃς
738 4237 789 4314 της
802 4228 910 4317 ἡμέρας
922 4229 1039 4314 ταύτης.
1058 4232 1144 4294 22καί
1156 4227 1345 4314 τὸνβασιλέα

102 4300 139 4366 ού
149 4305 319 4380 κατεδίωξεν
328 4303 425 4372 ὀπίσω
435 4304 560 4393 Ἰσραήλ.
574 4314 623 4376 καί
633 4339 705 4378 κατ·
738 4321 789 4399 της
801 4318 864 4399 [αἱ
876 4319 1032 4400 ἐκρέμασεν
1045 4315 1096 4378 ἐπὶ
1111 4310 1198 4390 ξύλου
1212 4307 1343 4394 διδύμου.

103 4385 206 4451 έλιπσν
215 4387 269 4472 την
278 4390 367 4454 πόλιν
378 4388 564 4495 ηνεῳγμενην,
573 4397 623 4458 καὶ
633 4422 705 4460 κατ·
738 4401 789 4462 καί
802 4399 837 4480 ἡν
848 4400 897 4461 ε’πί
909 4402 963 4461 τοῦ
973 4394 1061 4474 ξύλου
1076 4401 1131 4472 έως
1143 4398 1278 4475 ἑσπέρας.
1294 4398 1345 4460 καί

103 4470 225 4549 εδίωξαν
249 4469 346 4539 ὀπίσω
368 4471 497 4562 Ἰσραηλ
535 4477 562 4520 ¹⁸
575 4480 626 4545 καί
644 4480 705 4547 εἶπε
738 4477 925 4558 ἐπιδύνοντσς
940 4485 997 4546 τοῦ
1014 4477 1099 4564 ηλίσυ
1117 4480 1270 4554 συνέταξεν
1283 4476 1341 4560 Ἰη-

1263 4587 1345 4637 σους,
