2924 4972
165 207 228 270 σοι
303 198 796 266 mmmmm
820 197 1033 261 πΡατοΝ
1070 192 1389 305 τετοκυίας-.-

165 328 230 394 ίδού
247 332 281 393 αἱ
293 330 445 412 ε’ῳημερίαι
459 331 519 391 τῶν
534 328 635 411 ἱερέων
647 328 698 389 καί
711 328 771 388 τιῦν
809 320 897 408 γητῦς
911 322 939 387 εἷ
948 318 1025 407 κύριε
1039 320 1057 387 ὁ
1069 320 1143 396 θεὸς
1152 318 1276 405 Ἰσραήλ
1288 319 1306 385 ὁ
1316 322 1420 411 πατήρ

164 414 298 476 Λευιτῶν
316 415 354 484 εἷς
371 414 473 474 πᾶσαν
488 408 672 494 λειτουργίαν
685 407 771 472 οἴκου
810 406 892 491 ήμῶν
917 403 981 470 άπὸ
1006 409 1062 470 τοῦ
1087 408 1196 477 αἰῶνος
1219 408 1271 469 καὶ
1289 410 1345 481 ἕως
1363 414 1420 473 τοῦ

163 499 282 580 κυρίου,
308 494 358 557 καὶ
373 491 447 576 μετὰ
460 497 517 558 σοῦ
529 495 560 556 ἐν
577 488 770 577 πάσηπραγ-
809 495 924 565 αἰῶνος.
962 493 986 532 ¹¹
1000 491 1048 554 σοί
1075 485 1155 594 κύριε
1178 486 1420 576 ήμεγαλωσύτη,

162 582 277 661 ματείῳ.
303 578 354 642 καὶ
375 580 436 651 πᾶς
451 572 609 660 πρόθυμος
627 563 660 638 ἔν
678 579 769 656 σοφίᾳ
808 576 860 638 καὶ
879 570 897 655 ή
916 569 1052 655 δύναμις,
1075 598 1126 636 και
1144 570 1179 635 τὸ
1191 571 1342 657 καύχημα,
1366 578 1421 639 καὶ

164 657 242 725 κατά
260 664 363 724 πᾶσαν
381 662 495 743 τέχνην,
522 661 572 724 καί
586 656 770 761 οίάρχοντες
808 654 825 742 ή
848 663 928 740 νίκη,
953 659 1005 720 καί
1024 652 1148 739 ήίσχύς,
1174 651 1220 718 ὅτι
1240 653 1278 720 σύ
1294 654 1419 722 πάντων

163 746 212 808 καί
231 747 291 817 πῦς
308 737 325 806 ὁ
345 739 417 817 λαὸς
435 745 474 818 είς
492 737 608 816 πάντας
627 765 698 815 τους
715 734 770 803 λό-
808 745 867 805 τιῦν
878 742 910 804 ἐν
921 743 965 823 τῷ
978 736 1099 825 οὐρανῷ
1111 738 1162 801 καί
1174 739 1290 822 ἐπλτής
1301 745 1356 822 γής
1371 741 1419 805 δε-

163 851 234 904 γους
247 851 310 891 σου.
808 818 932 899 σπύζεις.
963 821 1027 886 ὐπὸ
1046 816 1210 924 προςιῦπου
1229 846 1284 887 σου
1303 820 1416 908 ταράσ-

341 912 376 973 Κ
386 914 415 972 E
428 911 466 971 Φ.
509 903 596 972 KO'.
808 932 889 972 σεται
901 911 962 980 πᾶς
971 906 1116 992 βασιλευς,
1126 909 1177 969 καί
1186 909 1284 981 ἔθνος.
1298 909 1418 994 12παρά

162 957 219 1058 K
216 993 248 1057 αὶ
264 990 325 1058 εἷπε
337 990 435 1059 Λαυίδ
449 987 467 1055 ὁ
479 989 614 1079 βασιλεῦς
630 985 714 1074 πάση
732 993 769 1074 τή
808 995 862 1055 σοῦ
875 987 892 1054 ὁ
905 989 1036 1064 πλοῦτος
1049 983 1128 1073 καλή
1142 984 1224 1066 δόξα,
1243 990 1280 1055 σῦ
1292 988 1418 1057 πάντων

162 1075 310 1159 ἐκκλησία.
335 1073 492 1157 Σαλωμιύν
505 1071 523 1141 ὁ
538 1070 600 1149 υἷάς
611 1098 669 1157 μου
682 1062 721 1148 ελς
734 1065 770 1138 ῦν
808 1072 904 1159 άρχεις
925 1067 1019 1157 κύριε,
1046 1068 1063 1137 ὁ
1081 1070 1180 1156 άρχων
1195 1069 1293 1156 πάσης
1312 1075 1414 1161 άρχής,

167 1148 331 1265 ἰρέτιαενίν
342 1157 426 1242 αὐτῷ
436 1154 614 1245 κύριος,νεός
626 1154 767 1222 καὶάπα-
807 1160 857 1221 καὶ
874 1162 905 1222 ἕν
920 1162 993 1242 χειρί
1009 1182 1063 1222 σου
1081 1154 1161 1241 ἰσχῦς
1179 1161 1229 1221 καί
1247 1158 1415 1235 δυναστεία,

160 1186 226 1318 λος,
252 1239 354 1308 καὶτὸ
372 1244 458 1327 ἔργον
468 1243 561 1325 μέγα,
585 1237 633 1305 ὅτι
648 1237 702 1306 οὐκ
716 1238 766 1305 άν-
807 1243 858 1304 καὶ
872 1244 903 1304 ἐν
925 1245 999 1325 χειρί
1015 1265 1070 1304 σου
1087 1235 1307 1327 παντοκράτωρ
1324 1268 1416 1323 μεγα-

160 1321 297 1413 θρώπῳ,
323 1322 387 1390 ἀλλ’
409 1321 538 1410 ήκυρίῳ
556 1327 630 1409 θεῷ.
662 1321 768 1388 2κατά
807 1323 955 1389 λῦναικαί
968 1318 1142 1407 κατισχύσαι
1156 1323 1195 1387 τά
1207 1318 1315 1388 πάντα.
1330 1326 1414 1389 13καί

160 1415 263 1476 πᾶσαν
275 1407 328 1492 τήν
338 1406 459 1490 δύναμιν
473 1407 619 1512 ήτοίμακα
632 1412 671 1483 είς
684 1406 768 1473 οἶκον
807 1411 856 1471 νῦν
866 1401 946 1492 κύριε
959 1401 1218 1489 ἕξομολογούμεθά
1231 1434 1290 1484 σοι,
1301 1411 1351 1473 καί
1364 1413 1412 1473 αλ·

160 1496 235 1556 θεοῦ
245 1516 302 1574 μου
317 1496 447 1575 χρυσίον,
471 1488 621 1576 αργύριον,
646 1488 767 1576 χαλκὸν,
807 1495 909 1574 νοῦμιν
927 1490 963 1554 τὸ
983 1490 1079 1571 ὄνομα
1096 1494 1148 1573 τής
1165 1486 1332 1597 καυχήσειύς
1348 1518 1411 1556 σου.

161 1575 292 1659 σίδηρον,
307 1569 391 1648 ξύλα,
409 1571 513 1649 λίθους
523 1571 609 1655 σσάμ,
627 1575 679 1639 καί
689 1573 768 1656 πλη·
805 1574 834 1616 ¹⁴
847 1575 899 1637 καί
913 1580 955 1647 τίς
968 1578 1023 1657 εἶμι
1037 1570 1106 1651 ἐγώ,
1120 1577 1170 1638 καί
1184 1581 1226 1648 τίς
1238 1600 1255 1637 ο
1269 1572 1344 1650 λαός
1355 1602 1411 1658 μου

180 1653 280 1731 ώσεως
297 1656 401 1730 λίθους
421 1656 589 1733 πολυτελεῖς
605 1659 656 1722 καί
668 1663 765 1722 ποικί-
806 1652 851 1722 ῦτι
866 1652 1265 1742 ίσχύσαμενπροθυμηθήιάί
1273 1684 1321 1723 σοι
1333 1656 1412 1723 κατά

159 1683 239 1817 λους,
253 1741 304 1804 καί
314 1737 415 1805 πάντα
427 1739 517 1805 λίθον
525 1746 628 1824 τίμιον,
638 1741 689 1804 καί
695 1735 766 1803 Πά-
807 1743 905 1804 ταῦτα
908 1770 920 1818 ,-
947 1735 994 1805 δτι
1007 1739 1045 1805 σά
1058 1739 1097 1804 τά
1109 1737 1226 1815 πάντα,
1244 1744 1294 1804 καί
1306 1744 1339 1805 ἐκ
1352 1747 1412 1806 τών

161 1847 226 1911 ριον
241 1817 347 1887 πολύν.
376 1823 455 1888 3καί
472 1827 516 1889 ἔτι
534 1826 564 1888 ἐν
581 1829 626 1888 τεῦ
644 1821 767 1908 εὐδοκή-
807 1827 867 1888 σῶν
889 1820 1054 1905 δεδάκαμίν
1077 1850 1132 1888 σοι.
1158 1820 1245 1887 15ῦτι
1270 1823 1411 1908 πάροικοι

160 1911 212 1974 σαί
227 1931 261 1990 με
279 1911 310 1972 ἐν
328 1907 400 1990 οἴκῳ
417 1910 492 1970 θεοῦ
505 1932 579 1990 μου,
606 1892 669 1972 λ’στι
681 1932 733 2007 μοι
748 1902 767 1970 ὃ
806 1904 889 1988 ἐσμὲν
902 1909 1034 1972 ἐναντίον
1046 1933 1115 1982 σου,
1137 1910 1188 1972 καὶ
1197 1912 1412 1991 παροικοῦντες

158 1996 387 2098 περιπεποίημαι
407 1996 528 2074 χρυσίον
546 1989 599 2055 καὶ
615 1985 766 2075 άργυριον,
806 1985 845 2064 ὡς
856 1985 963 2066 πάντες
980 1995 1010 2055 οἱ
1028 1994 1152 2073 πατέρες
1171 1988 1257 2073 ήμῶν.
1284 1986 1324 2065 ὡς
1343 1990 1411 2056 σκιά

158 2100 210 2139 και
223 2070 287 2138 ίδοῦ
300 2074 416 2137 δέδωκα
428 2077 467 2147 εὶς
479 2069 562 2137 οἷκον
572 2077 647 2137 θεοῦ
659 2099 717 2155 μου
728 2078 766 2149 εἰς
806 2077 838 2136 αἱ
852 2070 955 2160 ήμέραι
969 2069 1052 2158 ήμιῦν
1065 2076 1115 2137 ἐπὶ
1126 2079 1189 2156 γής,
1202 2070 1319 2138 καὶούκ
1333 2077 1411 2140 ἔστιν

159 2151 250 2237 ῦηιος,
264 2152 348 2230 ἐκτὸς
361 2147 403 2220 ὧν
416 2152 563 2240 ἡτοίμακα
571 2159 610 2230 είς
621 2154 673 2222 τὸν
682 2154 766 2224 οἷκον
806 2151 950 2241 ῦπομονή.
988 2159 1017 2200 ¹¹
1030 2154 1108 2241 κύριε
1122 2153 1140 2220 ὁ
1153 2156 1225 2231 θεὸς
1239 2153 1322 2241 ήμῶν
1333 2157 1411 2244 πρὸς

158 2244 219 2303 τῶν
233 2237 338 2315 ἁγίων,
365 2237 381 2279 ⁴
394 2239 534 2325 τριςχίλια
546 2235 683 2304 τάλαντα
695 2266 765 2325 χρυ·
804 2243 865 2302 πάν
877 2235 913 2304 τὸ
925 2241 1047 2323 πλῆθος
1060 2245 1162 2315 τοῦτο,
1177 2237 1354 2324 ὃήτοίμακα
1364 2248 1410 2306 οἰ-

158 2327 225 2387 σίου
238 2325 295 2386 τοῦ
308 2324 340 2385 ἐκ
354 2324 486 2406 Σουῳίρ,
503 2323 765 2408 καίὲπτακιςχίλια
804 2323 1008 2408 κοδομηθήναι
1041 2321 1122 2388 οίκον
1147 2328 1193 2407 τῷ
1219 2320 1339 2404 ὀνόματι
1365 2330 1411 2408 τῷ

157 2401 294 2470 τάλαντα
307 2402 448 2492 ἀργυρίου
460 2407 581 2489 δοκίμου
593 2406 764 2490 ἑξαλιῳήναι
804 2403 880 2490 ἁγίῳ
895 2432 965 2485 σου,
991 2410 1024 2471 ἐκ
1035 2403 1130 2493 χειρός
1142 2433 1197 2472 σου
1211 2407 1282 2483 ἐστὶ,
1295 2411 1346 2472 καί
1359 2413 1410 2474 σοί

157 2492 188 2553 ἐν
202 2487 303 2563 αὐτοῖς
316 2486 384 2564 τούς
397 2494 516 2574 τοίχους
529 2493 583 2554 τοῦ
598 2493 688 2576 ἱεροῦ,
707 2493 765 2567 6είς
803 2489 841 2553 τά
854 2490 963 2556 πάντα.
987 2492 1014 2533 ¹¹
1026 2492 1078 2554 καί
1090 2494 1183 2568 ἔγνων
1195 2486 1288 2576 κύριε,
1313 2489 1360 2557 ὅτι
1373 2489 1409 2557 σύ

156 2568 193 2635 τὸ
206 2578 325 2658 χρυσίον
337 2577 381 2656 τῷ
397 2580 522 2658 χρυσίῳ,
546 2573 598 2636 καὶ
609 2578 648 2648 εἰς
659 2572 695 2637 τὸ
709 2572 764 2660 ὐρ-
803 2569 859 2637 εἷῦ
874 2570 984 2651 ίτάζων
996 2575 1134 2655 καρδίας,
1160 2577 1211 2639 καί
1223 2572 1410 2659 δικαιοσύνην

156 2650 258 2738 γύριον
270 2661 314 2737 τῳ
328 2653 469 2740 ἀργυρίῳ,
488 2657 540 2720 καί
552 2660 590 2730 εἰς
601 2661 664 2720 πᾶν
676 2660 764 2743 ἔργον
802 2653 932 2741 ἀγαπᾷς.
964 2662 994 2722 ἐν
1015 2655 1160 2741 άπλύτητι
1179 2661 1302 2743 καρδίας
1318 2685 1408 2746 προε-

157 2738 207 2800 διά
232 2740 324 2820 χειρὸς
342 2741 403 2801 τιῦν
427 2741 574 2821 τεχνιτῶν.
593 2760 596 2765 ·
613 2741 664 2802 καί
682 2745 727 2815 τίς
745 2737 763 2805 ὁ
801 2736 941 2825 θυμήθην
963 2744 1060 2806 ταῦτα
1077 2737 1192 2817 πάντα,
1219 2745 1270 2806 καί
1288 2749 1339 2807 νῦν
1357 2741 1410 2807 τὸν

155 2818 404 2922 προθυμούμενος
420 2819 578 2905 πληρῶσαι
595 2819 649 2895 τάς
667 2832 763 2906 χεῖρας
802 2820 875 2886 λαόν
893 2850 949 2890 σου
965 2821 1019 2889 τὸν
1035 2820 1192 2910 εὑρεθέντα
1210 2817 1267 2890 ιῦδε
1285 2825 1364 2890 εἶδον
1377 2831 1409 2889 ἐν

156 2906 253 2967 αυτοῦ
268 2901 392 2986 σήμερον
404 2907 496 2987 κυρίῳ
500 2931 513 2981 ,·
539 2902 619 2967 6καί
630 2915 760 2991 προεθυ-
801 2902 968 3012 εὐφροσύνη
978 2911 1218 2991 προθυμηθέντα
1231 2935 1289 2973 σοι.
1313 2911 1342 2952 ¹⁸
1355 2905 1407 2973 κύ-

155 2982 297 3069 μήθησαν
322 2983 460 3068 ἄρχοντες
483 2989 634 3093 πατριῶν,
660 2992 711 3054 καί
733 2995 763 3055 οἱ
801 2981 1119 3076 ριεοθεὸςἈβραάμ,
1144 2992 1197 3054 καί
1210 2989 1331 3065 Ἰσαάκ,
1356 2995 1408 3055 καὶ

155 3065 295 3152 άρχοντες
308 3072 367 3130 τῶν
380 3070 451 3133 υίοῦν
461 3065 592 3155 Ἰσραήλ,
611 3072 662 3136 καί
675 3076 707 3139 σί
717 3100 762 3159 χι-
798 3071 919 3158 Ἰσραήλ
937 3076 1000 3138 τιῦν
1016 3075 1154 3155 πατέρων
1171 3069 1253 3153 ήμῶν
1270 3069 1407 3152 φύλαξον

155 3149 272 3236 λίαρχσι
295 3151 347 3214 καί
364 3153 394 3214 οί
410 3151 636 3241 ἑκατόνταρχοι,
662 3158 714 3221 καὶ
731 3161 763 3222 οἶ
800 3161 897 3221 ταῦτα
909 3157 939 3217 ἐν
951 3155 1067 3234 διανοίᾳ
1079 3154 1201 3234 καρδίας
1213 3151 1289 3215 λαοῦ
1300 3178 1356 3216 σου
1367 3161 1407 3229 εἷς

156 3230 328 3319 προστάται
340 3236 401 3297 τῶν
412 3236 522 3322 ἔργων,
535 3240 586 3301 καί
599 3243 630 3303 οἴ
641 3238 761 3306 οὐκοδό-
799 3238 852 3304 τὸν
865 3241 976 3313 αίιῦνα,
1001 3237 1051 3298 καὶ
1067 3231 1252 3299 κατιύθυνον
1264 3230 1317 3306 τὰς
1329 3260 1403 3315 καρ-

155 3341 204 3398 μοι
217 3321 275 3382 τοῦ
286 3317 441 3403 βασιλέως.
460 3321 473 3362 7
485 3322 536 3385 καί
548 3323 662 3387 ε’δωκαν
673 3327 712 3399 εἷς
723 3324 761 3389 τά
799 3325 863 3398 δίας
874 3320 974 3388 αὐτῶν
985 3317 1062 3402 πρὸς
1075 3320 1115 3385 σέ.
1140 3319 1169 3360 ¹⁹
1182 3319 1233 3382 καὶ
1248 3317 1404 3399 Σαλωμαὶν

156 3404 229 3486 ἔργα
241 3407 296 3466 τοῦ
310 3402 394 3467 οἴκου
407 3408 508 3490 κυρίου
519 3412 643 3490 χρυσίου
651 3403 762 3471 τάλαν-
798 3413 842 3488 τῷ
855 3411 910 3490 υἶῳ
918 3432 975 3490 μου
985 3404 1037 3481 δὸς
1047 3404 1171 3492 καρδίαν
1182 3400 1301 3486 ὐγαθην
1310 3414 1405 3466 ποιεῖν

154 3507 195 3549 τα
206 3485 428 3572 πεντακιςχίλια,
439 3488 490 3551 καί
501 3493 625 3574 χρυσοῦς
633 3495 760 3575 μυρίους.
798 3490 852 3564 τάς
877 3485 999 3567 ἐντολάς
1024 3516 1094 3566 σου,
1120 3489 1171 3555 καί
1194 3485 1234 3553 τά
1258 3481 1406 3572 μαρτύριά

155 3569 206 3631 καί
216 3564 358 3654 άργυρίου
367 3566 524 3636 ταλάντων
537 3573 608 3637 δέκα
619 3568 761 3655 χιλιάδας,
799 3598 863 3648 σου,
876 3577 927 3639 καί
938 3571 976 3638 τά
985 3569 1202 3660 προςτάγματά
1213 3597 1279 3647 σου,
1289 3573 1405 3635 καὶτοῦ

155 3651 206 3712 καί
218 3649 332 3733 χαλκοῦ
345 3647 476 3717 τάλαντα
489 3650 581 3738 μύρτα
598 3653 761 3739 δκτακιςχί-
798 3655 848 3719 ἰπὶ
860 3656 946 3730 τέλος
960 3654 1079 3734 άγαγεῖν
1091 3655 1146 3739 τήν
1156 3652 1337 3757 κατασκευήν
1350 3655 1407 3717 τοῦ

155 3731 221 3808 λια,
245 3733 295 3794 καί
318 3733 439 3842 σιδήρου
457 3734 614 3801 ταλάντων
628 3734 762 3841 χιλιάδας
797 3737 882 3801 οἴκου
895 3762 958 3802 σου.
980 3741 1013 3781 ²⁰
1024 3741 1076 3802 καί
1088 3737 1147 3801 εἶπε
1161 3739 1261 3801 Δαυίδ
1271 3762 1355 3823 πασῃ
1369 3740 1407 3823 τῇ

157 3811 272 3878 ἑκατόν.
299 3815 316 3858 ⁸
328 3830 379 3884 και
392 3819 435 3894 οἷς
448 3816 560 3905 εῦρίθη
570 3845 634 3903 παρ
659 3817 762 3892 αὐτοῖς
798 3818 944 3900 ἐκκλησίην.
962 3814 1142 3900 εὐλογήσατε
1154 3815 1255 3900 κύριον
1267 3817 1320 3879 τὸν
1333 3817 1408 3880 θεὸν

158 3896 253 3975 λίθος,
263 3899 377 3964 ἔδωκαν
389 3907 427 3976 εἰς
440 3901 494 3974 τάς
506 3896 667 3982 ἀποθήκας
676 3902 761 3964 οἴκου
797 3895 886 3979 ήμῶν.
912 3899 965 3961 καί
982 3896 1117 3980 εὐλόγησε
1135 3903 1220 3961 πάσα
1235 3895 1253 3975 ή
1266 3896 1405 3981 ἐκκλησία

154 3988 257 4066 κυρίου
274 3979 323 4045 διά
340 3982 434 4068 χειρὸς
446 3979 534 4064 Ἰειήλ
551 3986 605 4044 τοῦ
616 3981 760 4053 Γεδσωνί.
797 3973 898 4062 κύριον
913 3976 969 4043 τὸν
987 3977 1059 4043 θεὸν
1071 3984 1132 4042 τῶν
1141 3981 1282 4062 πατέρων
1294 3978 1404 4047 αῦτιῦυ.

154 4064 232 4129 οκαὶ
245 4063 399 4147 εὐφράνθη
412 4062 515 4137 δ’λαύς
528 4060 605 4141 ῦπὲρ
618 4066 673 4126 τοῦ
682 4084 761 4145 προ·
797 4063 848 4125 καί
860 4057 1034 4144 κάμψαντες
1049 4061 1088 4126 τά
1100 4057 1215 4138 γόνατα
1228 4063 1405 4149 προςεκύνη-

154 4148 339 4228 θυμηοήναι,
348 4139 395 4209 ῦτι
405 4148 436 4208 ἔν
445 4147 553 4229 καρδίη
561 4139 665 4227 πλήρει
674 4168 760 4226 προε
798 4168 854 4211 σαν
866 4151 957 4231 κυρίῳ
968 4147 1072 4229 καὶτῷ
1080 4144 1202 4231 βασιλεῖ.
1217 4148 1241 4186 ²¹
1250 4150 1301 4210 καὶ
1314 4153 1405 4216 ἔθυσε

155 4222 340 4306 θύμ’θησαν
364 4228 411 4305 τῷ
434 4231 535 4311 κυρίῳ.
560 4226 611 4289 καὶ
630 4224 761 4295 Δαυίδῦ
798 4229 896 4294 Λαυίδ
907 4233 950 4310 τῷ
961 4234 1054 4312 κυρίῳ
1063 4236 1182 4302 θυσίας,
1196 4235 1245 4295 καί
1255 4227 1404 4315 ἀνήνεγκεν

154 4310 226 4392 βασι
259 4302 291 4379 ῦς
309 4302 464 4389 εὐφράνθη
479 4302 629 4390 μεγάλως,
668 4313 697 4354 ¹⁰
711 4315 763 4377 καὶ
797 4308 1034 4391 ὁλοκαυτώματα
1061 4316 1104 4395 τῷ
1122 4317 1185 4394 θεῷ
1204 4319 1242 4398 τῆ
1262 4314 1404 4397 ἐπαύριον

155 4383 308 4490 εὐλόγησεν
321 4383 338 4453 ὂ
351 4389 485 4475 βασιλεὺς
496 4393 592 4458 Δαυίδ
601 4394 654 4460 τὸν
663 4391 764 4479 κύριον
797 4402 850 4480 τής
873 4393 993 4481 πρώτης
1013 4392 1121 4480 ήμίρας
1137 4387 1269 4482 μόσχύυς
1284 4399 1404 4484 χιλίους,

154 4476 281 4539 ίνωπισν
295 4475 346 4558 τής
360 4475 515 4564 ἐκκλησίας
521 4527 530 4555 ,
549 4478 649 4559 λέγων.
678 4477 762 4543 εὐλο-
798 4479 898 4567 κριούς
909 4479 1029 4568 χιλίους,
1047 4479 1140 4567 άριάς
1150 4482 1268 4566 χιλίους,
1288 4485 1339 4546 καί
1350 4478 1404 4626 χάς

1276 4588 1352 4629 σπστ·
1369 4591 1406 4639 ας
