2924 4972
424 227 649 290 ΗΣΑΙΑΣ
688 231 763 304 Κεφ.
778 230 834 306 ιη’.
850 220 906 287 ω’.
920 223 972 288 58.
987 222 1039 287 59.
1286 185 1354 284 809

111 352 198 412 νῶντι
223 349 277 414 τὸν
301 348 393 432 ἀρτσν
416 352 447 411 ἐκ
470 353 565 431 ψυχ”ς
583 374 648 423 σου,
666 351 718 414 καί
749 351 801 413 καὶ
812 347 1003 432 ταλαιπωρία
1023 350 1054 410 ἔν
1065 360 1130 423 ταῖς
1143 344 1226 422 ὁδοῖς
1242 344 1353 422 αύτῶν,

113 428 212 534 φυχήν
223 434 468 511 τεταπεινωμένην
478 376 638 531 έμπλήσης,
651 429 718 496 τότε
750 434 824 495 11καί
835 428 909 494 ὁδὸν
920 427 1031 515 είρήνης
1043 426 1098 493 οὐκ
1112 430 1222 505 οἴδασι,
1235 429 1287 493 καί
1297 426 1352 493 οὐκ

114 514 248 579 ανατελεῐ
257 519 287 577 ἐν
299 518 344 593 τῷ
357 511 454 576 σκότει
466 538 503 578 το
514 518 578 594 φῶς
591 540 656 588 σου,
666 518 718 578 καὶ
750 517 813 579 ἔστι
829 519 923 598 κρίσις
940 516 971 577 ὲν
987 524 1053 587 ταῖς
1077 508 1158 586 ὁδοῖς
1175 509 1285 578 αὐτῶν.
1319 513 1353 575 αί

115 595 150 660 τὸ
168 593 277 668 σκότος
295 620 351 658 σου
369 591 409 669 ὡς
427 600 606 681 μεσημβρία,
632 601 657 638 11
667 601 719 661 καὶ
749 595 808 680 γάρ
825 601 920 683 τρίβοι
936 597 1037 660 αὐτῶν
1056 596 1290 677 διεστραμμέναι,
1315 590 1351 669 ἀς

114 683 199 743 ἔσται
210 672 302 751 ὁθεός
314 701 368 741 σου
380 677 454 760 μετὰ
474 685 531 743 σοῦ
544 676 716 754 διαπαντός.
750 679 927 752 διοδεύουσι,
952 679 1005 743 καί
1022 676 1077 744 ούκ
1095 678 1210 742 οἴδασιν
1227 671 1350 760 εἰρήνην.

115 763 166 825 καί
180 755 376 852 ε’μπλησίίήση
393 758 532 847 καθάπερ
549 759 716 845 ε’πιθυμεῖή
749 761 827 826 1’διδ
837 766 931 826 τοῦτο
945 759 1061 844 ἀπέστη
1075 757 1095 844 ἦ
1111 765 1203 843 κρίσις
1221 754 1273 822 ἀπ’
1296 756 1350 821 αύ-

114 840 195 926 ιμυχή
209 868 271 916 σου,
283 843 335 907 καί
347 842 386 907 τά
399 843 476 909 ὀστᾶ
488 871 541 910 σου
554 841 716 928 πιανθήσε-
750 851 819 921 τῶν,
832 849 883 910 καὶ
902 843 939 910 σύ
954 843 994 927 μή
1012 838 1167 933 καταλάβῃ
1184 838 1294 915 αύτούς
1306 840 1352 906 δι-

114 951 175 998 m,
187 926 238 988 καί
249 927 332 990 ε”σται
344 923 385 1000 ὡς
403 933 497 1011 κήπος
507 925 637 1008 μεθύων,
665 930 717 993 καί
749 924 899 1012 καιοσύνη.
932 924 1154 1010 ὑπομεινάντων
1172 923 1270 988 αὐτῶν
1288 928 1352 1003 φῶς

114 1003 154 1081 ὡς
167 1006 247 1092 πηγή
260 1007 295 1093 ἢν
306 1007 348 1092 μή
361 1010 489 1085 ἔξελιπεν
503 1009 601 1095 ὕδωρ,
626 1015 653 1053 11
666 1012 717 1076 καί
749 1015 864 1090 ἐγένετο
880 1009 984 1085 ούτοῖς
1002 1005 1127 1084 σκότος,
1142 1014 1285 1092 μείναντες
1294 1004 1353 1071 αδ

114 1087 405 1175 οἱκοδομηθήσονταί
417 1118 471 1157 σου
484 1099 517 1158 αἱ
529 1097 630 1178 ἔρημοι
644 1091 717 1160 αίιύ-
748 1095 804 1179 γήν
821 1097 852 1160 ἐν
871 1093 969 1178 ἀωρία
986 1087 1214 1178 περιεπάτησαν.
1252 1092 1362 1192 11ψηῃ

114 1196 180 1249 νιοι,
193 1176 244 1238 καὶ
256 1178 339 1238 ἔσται
350 1174 390 1239 τὰ
402 1175 527 1258 θεμελιιί
540 1204 594 1242 σου
607 1175 716 1243 αίαίνια
748 1175 936 1279 λαφήσουσιν
948 1155 989 1251 δς
1000 1176 1109 1256 τυφλοί
1120 1186 1230 1258 τοῖχον,
1247 1174 1298 1237 καί
1311 1198 1352 1248 ως

113 1262 219 1331 γενεῶν
230 1269 352 1332 γενεαῖς,
378 1261 430 1322 καί
446 1255 583 1352 κληθήσῃ
596 1255 716 1325 οἰκοδό·
750 1260 803 1345 οὐχ
818 1255 1011 1344 υπαρχόντων
1023 1257 1193 1340 ὀφθαλμῶν
1206 1254 1351 1357 ψηλαφη-

114 1363 168 1416 μσς
181 1345 335 1423 φραγμῶν,
349 1342 401 1406 καί
412 1337 466 1416 τάς
477 1348 597 1428 τρίβους
608 1368 665 1409 σου
679 1339 717 1407 ἀ-
749 1369 847 1419 σουσι,
860 1346 911 1408 καί
923 1344 1124 1411 πεσοῦνταιέν
1135 1343 1295 1442 μεσημβρία
1308 1364 1351 1414 ως

115 1425 242 1502 ναμέσον
254 1418 383 1497 παύσεις.
415 1423 717 1512 11ἐάνάποστρέφης
749 1430 780 1491 ἐν
807 1430 999 1510 μεσονυκτίῳ,
1037 1421 1078 1499 ὡς
1107 1421 1351 1505 ἀποθνησκοντες

115 1503 168 1569 τὸν
180 1499 261 1568 πόδα
273 1530 328 1570 σου
340 1502 404 1571 ἀπὸ
417 1512 477 1571 τῶν
490 1503 648 1594 σαββάτων
660 1511 717 1572 τοῦ
750 1510 953 1584 στενάξουσιν,
977 1513 1011 1550 11
1024 1504 1065 1581 ὡς
1077 1504 1170 1593 ἀρκος
1182 1509 1233 1575 καί
1245 1500 1285 1578 ὡς
1297 1530 1351 1569 πὲ-

113 1584 151 1667 μή
165 1600 259 1652 ποιεῖν
267 1586 306 1651 τά
316 1584 471 1671 θελήματά
482 1616 537 1656 σου
552 1595 632 1683 ἐντῇ
646 1587 716 1674 ήμέ-
748 1591 867 1678 ριστερά
885 1588 948 1674 δίμα
966 1586 1173 1670 πορεύσονται.
1208 1587 1351 1671 ἀνεμείνα-

114 1693 153 1750 ρᾳ
166 1675 203 1762 τῇ
216 1669 298 1751 ἁγίᾳ,
317 1675 368 1736 καί
380 1673 508 1748 καλέσεις
520 1673 559 1739 τά
579 1669 717 1760 σάββατα
747 1700 796 1757 μεν
807 1681 912 1761 κρίσιν,
926 1674 977 1738 καί
988 1671 1042 1737 οὐκ
1055 1675 1116 1736 ἔστι
1128 1677 1270 1755 σωτηρία,
1292 1698 1352 1755 μα·

113 1755 255 1840 τρυφερὰ,
269 1753 341 1833 δίγια
354 1761 398 1838 τῷ
409 1761 483 1838 θεῷ,
501 1756 556 1822 οὐκ
570 1755 650 1839 ἀρεῖς
660 1758 717 1822 τὸν
749 1756 823 1860 κράν
842 1757 1004 1839 ἀφέστηκεν
1023 1752 1074 1836 ἀφ’
1096 1753 1188 1839 ήμῶν
1214 1758 1242 1797 ¹²
1253 1753 1349 1838 πολλή

113 1833 195 1901 πόδα
207 1862 260 1902 σου
274 1835 318 1903 ἔπ’
336 1842 422 1922 ἔργῳ,
437 1837 506 1906 οὐδὲ
518 1836 654 1922 λαλήσεις
666 1839 715 1904 λό·
748 1867 807 1927 γαρ
821 1836 904 1926 ήμῶν
918 1836 936 1923 ή
949 1838 1058 1922 ἀνομία
1071 1841 1207 1904 ἐναντίον
1220 1863 1285 1912 σου,
1298 1840 1350 1902 καί

113 1943 166 1995 γον
191 1923 221 1984 ἔν
246 1920 321 2011 ὀργῇ
346 1926 379 1986 ἐκ
403 1927 458 1988 τοῦ
480 1919 628 2006 στόματός
652 1949 717 1998 σου,
750 1929 784 1989 αί
799 1920 944 2029 ἁμαρτίαι
966 1919 1048 2007 ήμῶν
1065 1918 1248 2004 ἀντέστησαν
1273 1916 1349 2025 ἡμῖν.

114 2003 271 2095 11καίέση
288 2005 446 2079 πεποιθὼς
463 2006 514 2072 ε’πί
531 2002 642 2091 κύριον,
667 2009 718 2072 καί
750 2011 784 2072 αί
795 2032 854 2091 γαρ
871 2005 989 2090 ἀνομίαι
1005 2000 1085 2088 ήμῶν
1104 2006 1135 2069 ἔν
1152 2000 1234 2088 ήμῖν,
1247 2030 1298 2068 και
1311 2002 1350 2068 τά

114 2081 285 2170 ἀναβιβάσει
300 2113 332 2153 σε
349 2090 400 2152 ἐπὶ
415 2085 455 2153 τά
468 2088 577 2166 ἀγαθὰ
586 2094 640 2171 τῆς
652 2093 717 2191 γής,
749 2085 916 2173 ἀδικήματα
934 2086 1017 2173 ήμῶν
1034 2091 1168 2171 ἔγνωμεν.
1204 2088 1232 2129 ¹³
1245 2082 1348 2172 ήσεβή·

113 2169 164 2233 καί
178 2179 288 2251 φωμιεῖ
298 2195 329 2235 σε
338 2167 391 2254 τήν
401 2169 599 2255 κληρονομίαν
608 2169 719 2257 Ἰακωβ
749 2198 837 2254 σαμεν
849 2174 901 2237 καί
913 2165 1113 2255 ἔφευσάμεθα,
1122 2173 1173 2235 καὶ
1185 2171 1349 2251 ἀπέστημεν

112 2255 168 2315 τοῦ
180 2246 294 2336 πατρός
307 2275 371 2316 σου.
385 2248 421 2317 τό
432 2252 490 2339 γὰρ
504 2248 601 2333 στόμα
613 2260 717 2338 κυρίου
749 2255 876 2320 ὄπισθεν
892 2258 948 2319 τοῦ
962 2257 1039 2319 θεοῦ
1050 2248 1141 2335 ἡμῶν.
1168 2246 1350 2333 ἐλαλήσαμεν

113 2328 239 2415 ἐλάλησε
250 2337 357 2398 ταῦτα.
750 2335 849 2411 ἀδικα,
861 2337 913 2400 καί
926 2328 1135 2418 ήπειδήσαμεν.
1162 2328 1349 2414 ε’κύομεν,καί

299 2420 417 2480 xm.
457 2420 498 2482 Ν
499 2413 550 2482 0'.
749 2412 955 2503 ἐμελετήσαμεν
972 2413 1034 2481 ἀπό
1052 2416 1175 2500 καρδίας
1192 2413 1278 2515 ήμῶν
1295 2410 1347 2481 λό-

661 2504 717 2567 τοῦ
748 2527 819 2581 γους
837 2499 966 2574 ἀδίκους,
991 2494 1349 2579 11καίάπεστησαμενό·

114 2607 224 2657 σωσαις
251 2608 270 2663 η
287 2583 411 2666 έβαρυνε
428 2608 465 2648 το
479 2609 532 2658 ους
550 2588 646 2649 αυτοῦ
660 2588 717 2648 τοῦ
748 2589 828 2650 πίσω
839 2581 891 2668 τήν
903 2583 1065 2668 κρίσιν,ιιαὶ
1076 2576 1094 2664 ή
1107 2576 1275 2664 δικαιοσύνη
1289 2608 1348 2664 μα-

113 2664 152 2747 μή
167 2661 717 2752 είςακοῦσοις1ἀλλδτάδμαρτήματα
747 2663 820 2752 κράν
836 2664 1007 2749 ἀφέστηκεν.
1040 2660 1086 2728 ὅτι
1102 2659 1302 2749 κατηναλάθη
1318 2667 1349 2728 ἐν

114 2746 198 2829 ὑμῶν
218 2746 368 2813 διίστῶσιν
391 2748 538 2832 ἀναμέσον
561 2747 644 2852 ὑμῶν
665 2750 717 2814 καί
748 2760 813 2829 ταῖς
831 2744 912 2824 ὁδοῖς
930 2745 1031 2813 αὐτῶν
1049 2742 1067 2831 ἢ
1087 2742 1228 2831 ἀλήθεια,
1241 2748 1292 2812 καί
1309 2745 1345 2813 δι’

112 2828 261 2912 ἀναμίσον
274 2836 330 2895 τοῦ
340 2837 426 2909 θεοῦ,
432 2835 483 2898 καί
494 2831 544 2898 διδι
553 2857 607 2907 τας
620 2829 717 2916 ἆμαρ-
747 2830 864 2908 εύθείας
877 2829 932 2896 οὐκ
945 2825 1086 2897 ἐδύναντο
1099 2829 1233 2897 διελθεῖν.
1260 2831 1288 2874 ¹⁵
1299 2832 1349 2896 καί

113 2910 478 3000 τίαςόμῶνάπέστρεφετό
488 2912 649 3001 πρόςωπον
661 2912 711 2998 ἀφ’
749 2912 767 3000 ή
780 2911 907 2999 ἀλήθεια
919 2901 1024 3007 ήρται,
1041 2915 1093 2979 καί
1104 2916 1284 2998 μετέστησαν
1295 2913 1349 2998 τήν

112 2992 196 3078 ὑμῶν
215 3000 270 3061 τοῦ
305 2995 460 3082 ήέλεησαι.
479 3001 536 3064 3αί
551 2997 610 3107 γάρ
627 3011 716 3084 χεῖρες
747 2996 879 3066 διάνοιαν
891 3002 946 3063 τοῦ
964 3000 1095 3063 συνιέναι.
1108 2998 1160 3061 καί
1171 2996 1227 3062 εἶδε
1238 2993 1349 3083 κύριος,

113 3077 194 3161 ὑμῶν
205 3025 419 3163 μεμολυσμέναι
432 3087 544 3164 α’ίματι,
556 3109 607 3147 και
620 3088 651 3149 σί
663 3079 712 3147 δά·
747 3085 798 3149 καί
809 3080 864 3147 οὐκ
877 3079 976 3165 ἤρεσεν
993 3079 1092 3166 αὐτῷ,
1109 3076 1156 3147 ἔτι
1171 3077 1225 3146 οὐκ
1237 3075 1273 3164 ἦν
1284 3086 1349 3166 κρί-

112 3163 214 3227 κτυλσι
228 3163 309 3246 ὑμῶν
323 3168 354 3230 ἐν
368 3162 582 3252 ἁμαρτίαιςτά
593 3163 625 3231 δὲ
653 3166 715 3249 είλη
747 3193 798 3241 σις.
825 3167 853 3208 ¹⁶
866 3169 917 3230 καί
930 3162 995 3240 είδε,
1007 3166 1060 3230 καὶ
1073 3160 1127 3230 σάκ
1140 3153 1176 3247 ἦν
1188 3161 1274 3249 ἀνήρ,
1298 3165 1349 3229 καί

113 3243 197 3327 ὑμῶν
211 3243 348 3330 ἐλάλησεν
362 3247 504 3332 ἀνομίαν,
522 3245 602 3333 καίή
614 3193 714 3326 γλώσ-
747 3248 914 3355 κατενόησε,
937 3250 988 3313 καί
1000 3246 1056 3314 οάκ
1071 3237 1105 3334 ἦν
1117 3242 1135 3312 δ
1148 3243 1349 3330 ἀντιληψόμε-

113 3354 153 3392 σα
166 3324 245 3410 ὑμῶν
257 3330 373 3397 ἀδικίαν
384 3334 497 3416 μελετᾷ.
523 3329 645 3407 1οὐδεὶς
658 3332 714 3397 λα-
746 3358 806 3408 νσς,
820 3359 870 3395 και
884 3327 1014 3413 ἠμύνατο
1033 3329 1143 3405 αὐτούς
1156 3335 1200 3412 τῷ
1216 3334 1349 3415 βραχίονι

112 3411 158 3474 λεί
172 3413 287 3489 δίκαια,
305 3413 374 3478 οὐδὲ
392 3419 455 3480 ἔστι
469 3420 562 3500 κρίσις
575 3411 713 3498 ἀληθινή.
746 3413 852 3489 αὐτοῦ,
866 3415 917 3477 καὶ
928 3417 967 3503 τῇ
976 3412 1022 3476 ἕλε
1040 3406 1152 3502 μοσύνη
1162 3415 1347 3510 ε’·στηρίσατο.

111 3500 293 3561 πεποίθασιν
307 3499 356 3558 ἐπὶ
367 3503 514 3576 ματαίοις,
527 3498 580 3560 καί
591 3496 714 3561 λαλοῦσι
745 3499 771 3538 ¹⁷
784 3500 834 3559 καί
847 3493 1003 3559 ἐνεδύσατο
1022 3440 1209 3574 δικαιοσύνην
1227 3517 1268 3566 ως
1280 3489 1348 3557 θώ-

111 3572 189 3648 κενά,
202 3570 249 3639 ἔτι
261 3571 364 3641 κύουσι
373 3573 486 3652 πόνον,
501 3579 552 3640 καί
563 3583 714 3643 τίκτουσιν
745 3602 839 3662 ρακα,
865 3578 916 3642 καί
940 3577 1094 3661 περιέθετο
1119 3573 1348 3658 περικεφαλαίαν

111 3659 246 3736 ἀνομίαν.
273 3657 286 3699 1
300 3656 348 3722 αἰἀ
361 3656 497 3723 ἀσπίδων
510 3660 642 3744 ἔβρηξαν,
662 3660 713 3724 καί
746 3664 891 3743 σωτηρίου
903 3659 954 3724 ἐπὶ
970 3663 1021 3742 τῆς
1033 3657 1170 3742 κεφαλῆς,
1190 3659 1240 3722 καί
1251 3683 1348 3744 περιε·

112 3740 195 3809 ίοτδν
207 3736 333 3827 ἀράχνης
347 3737 538 3823 ὑφαίνουσιν,
551 3740 712 3824 καίὸμίλ-
744 3738 853 3829 βάλετο
882 3736 999 3824 ίμάτιον
1023 3736 1210 3823 ἐκδικήσεως,
1235 3744 1286 3806 καὶ
1310 3738 1348 3808 τό

111 3825 172 3891 λων
184 3831 245 3891 τῶν
258 3825 325 3889 ὠῶν
338 3822 438 3890 αύτῶν
452 3837 567 3907 φαγεῖν,
593 3830 711 3908 συντρί-
744 3820 934 3910 περιβόλαιον
946 3821 1042 3888 αύτοῦ
1070 3825 1098 3867 ¹⁸
1112 3820 1152 3898 ὧς
1164 3821 1347 3891 ἀνταποδιδ-

110 3929 173 3992 φας
186 3906 298 3994 ούριον,
317 3900 380 3994 εύρε
393 3910 444 3973 καί
457 3912 488 3972 ἐν
501 3908 584 3992 αὐτῷ
594 3909 712 3994 βασιλί-
745 3935 805 3974 σων
814 3901 1017 3972 ἀνταπόδοσιν
1026 3904 1137 3982 ἀνειδος
1146 3917 1211 3983 τοῖς
1225 3902 1347 3973 όπεναν-

111 4017 192 4059 σκον.
218 3989 264 4058 1δ
285 3989 364 4068 ίστός
382 3990 485 4057 αὐτῶν
503 3990 557 4057 οὐκ
575 3995 660 4058 ἔσται
673 3997 711 4067 είς
743 3999 825 4068 τίσις.
868 3992 961 4055 111καί
983 3986 1210 4079 φοβηθήσονται
1233 3995 1263 4056 σί
1284 3990 1347 4057 ἀπὸ

110 4071 242 4159 ἱμάτιον,
267 4073 338 4142 σάδὲ
352 4073 394 4160 μή
412 4074 628 4162 περιβάλωνται
646 4074 710 4142 ἀπό
744 4077 860 4157 δυσμῶν
871 4071 908 4139 τό
929 4071 1022 4157 ὄνομα
1040 4078 1160 4157 κυρίου,
1185 4077 1236 4139 καὶ
1250 4077 1279 4139 σί
1292 4072 1344 4140 ἀπ’

109 4165 170 4223 τῶν
189 4163 282 4244 ἔργων
300 4158 406 4224 αὐτῶν.
434 4156 473 4224 τά
489 4157 546 4261 γάρ
565 4162 638 4240 ἔργα
655 4158 711 4240 αδ·
743 4156 902 4224 ἀνατολῶν
915 4154 1001 4242 ἡλίου
1013 4155 1050 4223 τδ
1062 4156 1157 4241 ὄνομα
1169 4156 1207 4223 τό
1218 4159 1346 4234 ἔνδοξον.

110 4247 170 4308 τῶν
191 4246 264 4326 ἔργα
277 4241 408 4325 ἀνομίας.
437 4245 495 4309 7οί
511 4243 542 4307 δε
554 4241 641 4316 πόδες
655 4238 709 4305 αὗ·
745 4238 804 4325 ήξει
822 4239 880 4328 γὰρ
901 4238 942 4317 ὡς
966 4239 1102 4326 ποταμός
1118 4247 1215 4328 βίαιος
1234 4237 1252 4324 ή
1271 4239 1345 4326 ὀργή

111 4328 171 4388 τῶν
187 4327 237 4389 ἐπί
255 4333 401 4411 πονηρίαν
419 4329 572 4413 τρέχουσι,
599 4325 711 4428 ταηινοί
741 4322 826 4410 παρὰ
836 4330 950 4411 κυρίου,
964 4320 1023 4410 ἥξει
1035 4325 1108 4408 μετά
1121 4329 1232 4407 θυμοῦ.
1260 4326 1347 4389 1οκαί

106 4408 204 4490 ἐκχέοι
213 4407 296 4490 αἷμα,
302 4411 352 4474 καί
366 4410 590 4493 οἱδιαλσγισμοί
610 4410 710 4473 αυτῶν
742 4402 800 4495 ήξει
814 4413 903 4474 ἔνεκεν
914 4409 995 4473 Σιὼν
1012 4404 1189 4494 ἀρυόμενος,
1202 4408 1254 4472 καί
1266 4406 1347 4472 ἀπο·

106 4487 294 4573 διαλογισμοί
314 4488 377 4557 ἀπὸ
402 4488 511 4572 φόνων.
546 4488 710 4578 σύντριμμα
743 4492 863 4580 στρέφει
881 4492 1011 4580 ἀσεβείας
1030 4490 1092 4557 ἀπὸ
1107 4483 1226 4576 Ἰακούβ.
1258 4491 1347 4593 11μαί

1268 4597 1345 4652 αυτη

113 2460 193 2597 Μή
221 2494 277 2602 σύμ
293 2494 382 2601 ίσηύει
409 2495 426 2584 ή
443 2502 516 2604 ηείρς
527 2505 633 2602 κυρίου
