2924 4972
175 255 240 320 ηις
410 240 570 301 torm
594 238 792 298 ΣΕιΡΑΧ
831 225 1185 315 κωμέμξκολο.

172 371 201 432 έν
214 371 257 447 τῷ
272 368 420 445 σπέρματι
435 361 531 425 αὐτοῦ
545 362 577 424 ἐν
591 357 711 464 ῆμέραις
726 357 781 422 οὐ·
816 354 1024 447 κληρονομήσῃ
1040 357 1095 423 τὸν
1105 358 1234 445 Ἰσραήλ.
1274 362 1348 437 θὼς
1361 364 1424 428 ἐδο-

172 452 276 535 ρανοῡ.
302 445 481 548 λειτουργεῖν
498 441 584 526 αὐτῷ
602 440 666 525 άμα
677 443 729 506 καὶ
741 445 782 504 ἱε-
818 437 920 522 ξάσθη
931 443 961 502 ἐν
979 446 1025 523 τῴ
1031 444 1140 528 ίπάραι
1148 454 1244 526 χεῖρας
1256 443 1372 520 αὐτοῦ,
1379 449 1426 510 καί

172 527 312 616 ρατεάειν,
325 530 377 593 καὶ
390 529 518 605 ευλογεῖν
532 526 586 591 τὸν
599 524 674 590 λαὸν
686 523 782 590 αὐτοῦ
817 528 860 605 τῷ
875 523 1005 588 ἐκκλῖναι
1015 527 1168 609 ῥομφαίαν
1178 530 1227 591 ἐπί
1237 524 1348 603 πόλεις.
1365 532 1429 605 3τίς

175 620 205 680 ὲν
229 619 274 696 τῷ
300 609 427 694 ὀνόματι
453 610 558 676 αὐτοῦ.
586 611 614 652 11
627 608 781 685 ἐξελέξατο
816 602 964 710 πρότερον
988 609 1087 674 αὐτοῦ
1114 605 1211 684 οὕτως
1235 614 1323 695 ἔστης
1356 612 1430 689 τοὺς

128 772 131 777 ,
174 695 271 763 αὗτὸν
284 693 349 761 άπὸ
362 693 474 770 παντὸς
491 697 615 771 ζῶντος,
628 717 783 778 προςαγα·
816 715 877 775 γαρ
899 690 1058 774 πολεμίους
1074 687 1179 776 κάριος
1196 693 1290 770 αὐτὸς
1311 692 1431 775 ἐπήγα-

174 792 235 860 γιῖν
260 779 416 864 κάρπωσιν
441 783 542 863 κυρίῳ.
569 783 707 860 θυμίαμα
732 775 784 840 καὶ
817 798 874 848 γεν.
909 772 1048 858 1οιίχῖέν
1059 780 1131 879 χειρί
1145 775 1242 841 αὐτοῦ
1256 775 1430 847 άνεπόδιοεν

177 862 303 930 εὐωδίαν
315 868 352 936 εἰς
363 857 562 946 μνημόσυνον,
575 859 783 936 ἐξιλάσκεσθαι
818 854 941 941 ὁήλιος,
954 859 1005 922 καί
1021 864 1076 940 μία
1093 863 1190 944 ημέρα
1209 858 1337 948 ἐγενήθη
1351 893 1375 930 π
1399 864 1430 939 ὸς
1450 898 1454 937 e

176 952 243 1031 περὶ
260 951 317 1010 τοῦ
335 944 411 1010 λαοῦ
431 971 496 1010 σου.
527 943 675 1009 17ἔδωκεν
690 939 785 1008 αὐτὸν
818 937 890 1016 δάος
918 943 931 983 ⁶
946 942 1145 1008 ἐπεκαλέσατο
1159 940 1213 1007 τὸν
1225 941 1364 1048 δἠιιοτον
1377 891 1431 1013 δυ·
1450 968 1454 995 ⁵

179 1035 208 1096 ἐν
223 1029 358 1104 ἐντολαῖς
372 1030 477 1103 αὐτοῦ,
482 1029 619 1104 ἐξουσίαν
632 1030 664 1091 ἐν
676 1022 783 1108 διαθή·
819 1023 940 1104 νάοτην,
966 1025 1052 1109 ἐντῷ
1064 1027 1179 1108 θλίψαι
1193 1024 1289 1092 αὐτον
1301 1030 1430 1117 ἐχθροὺς

177 1141 243 1189 καις
269 1113 433 1197 κριμάτιον,
455 1105 571 1187 διδάξαι
594 1110 650 1175 τὸν
671 1107 785 1194 Ἰακώβ
817 1105 979 1172 κυκλόθεν.
1017 1111 1070 1174 καλ
1087 1107 1249 1193 ἐπήκουσεν
1260 1111 1367 1179 αὐτῶν
1379 1121 1430 1198 με’·

177 1197 217 1262 τά
230 1197 393 1280 μαρτύρια,
406 1199 458 1261 καὶ
470 1199 501 1260 έν
514 1190 596 1277 νόμῳ
609 1191 705 1259 αιἰτοῦ
719 1217 785 1273 ‹pm-
817 1216 872 1268 γας
885 1185 985 1277 νάριος
993 1195 1027 1257 ἒν
1036 1192 1133 1268 λίθοις
1141 1193 1270 1279 χαλάζης
1279 1194 1429 1281 δυνάμεως

178 1287 260 1346 τίσαι
276 1277 408 1364 Ἰσραήλ
438 1281 468 1321 ¹⁸
480 1280 712 1359 ἐπισυνέστησαν
730 1273 786 1342 αδ-
819 1278 972 1358 κραταιάς.
1011 1276 1027 1318 ⁶
1053 1279 1232 1362 κατέῤῥαξεν
1264 1279 1310 1344 ἐπ’
1339 1286 1430 1357 ἔθνος

178 1371 223 1447 τῷ
239 1361 408 1448 ἀλλότριοι,
421 1364 472 1427 καί
486 1358 635 1444 ἐζήλωσαν
647 1359 741 1425 αὐτὸν
754 1363 785 1423 ἐν
818 1353 965 1441 πόλεμον,
988 1360 1040 1423 καί
1052 1363 1084 1426 ἐν
1100 1359 1265 1445 καταβάσει
1278 1362 1429 1432 ἀπώλεσεν

178 1452 217 1537 τῇ
231 1446 344 1553 ἐρήμῳ,
369 1445 471 1528 ἄνδρες
487 1449 519 1509 οί
530 1448 598 1529 περί
611 1441 723 1509 Λαθάν
735 1445 787 1506 καὶ
821 1438 1054 1524 ἀνθεστηκότας.
1077 1449 1128 1509 ἵνα
1140 1449 1250 1522 γνῶσιν
1263 1449 1339 1533 ἔθνη
1352 1476 1430 1515 παν·

173 1529 331 1615 Ἀβειρων,
356 1531 408 1592 καὶ
428 1527 447 1613 ῆ
471 1525 629 1628 συναγωχή
651 1526 736 1612 Κορὲ
758 1529 788 1589 ἐν
821 1524 930 1590 οπλίαν
942 1523 1060 1604 αὐτῶν,
1086 1524 1133 1593 ὅτι
1146 1533 1280 1595 ἐναντίον
1292 1530 1428 1617 κυρίουὸ

179 1615 269 1694 θυμῷ
281 1613 333 1676 καί
345 1608 428 1703 ὀργῆ.
455 1609 546 1674 welde
558 1636 658 1696 κυριος
669 1613 721 1675 καὶ
733 1609 787 1674 οὐκ
821 1605 949 1692 πόλεμος
962 1607 1070 1685 αὐτοῦ,
1083 1610 1206 1698 καὶγὰρ
1220 1614 1430 1700 ἐπηκολούθη-

181 1691 384 1777 εάδόκησε,καί
397 1693 645 1777 συνετελέσθησαν
656 1697 688 1759 ev
698 1699 788 1777 θυμῷ
822 1717 869 1757 σεν
883 1688 984 1758 όπίοω
998 1690 1154 1760 δυνάστου.
1181 1698 1251 1761 7καὶ
1266 1702 1298 1762 ἐν
1312 1696 1429 1785 ῆμίραις

181 1781 279 1860 ὀργῆς.
293 1781 428 1861 ἐποίησεν
440 1775 544 1852 αὐτοῖς
555 1780 680 1862 τέρατα,
694 1802 788 1842 κατα·
823 1778 983 1850 Μωυσέως
996 1780 1136 1861 ἐποίησεν
1149 1780 1246 1857 έλεος,
1273 1781 1369 1860 αὐτὸς
1382 1787 1430 1850 καί

181 1862 315 1927 ναλωοαι
329 1864 361 1926 ἐν
372 1864 447 1947 πυρὶ
456 1859 568 1943 φλογὸς
582 1860 687 1926 αὐτοῦ.
702 1862 789 1924 211καὶ
822 1859 931 1946 Χάλεβ
944 1858 1151 1948 υῖδςἸεφυννῆ
1162 1861 1336 1949 ἀντιστῆναι
1347 1872 1430 1933 ε”ναι-

181 1947 274 2026 προς’
315 1969 364 2009 κεν
370 1943 489 2029 Ἀαρὼν
502 1939 602 2021 δόξαν,
617 1947 669 2009 καὶ
681 1945 789 2009 ἔδωκεν
822 1968 850 2006 τι
864 1946 984 2028 ἐχθροῦ.
1011 1945 1145 2012 κωλῖιοαι
1162 1948 1238 2012 λαὸν
1250 1947 1315 2014 άπὸ
1329 1948 1431 2036 ἆμαρ-

182 2030 266 2110 αίιτῷ
316 2035 488 2112 ηρονομίαν.
515 2026 788 2113 άπαρχάςπρωτο-
822 2033 898 2102 τίας,
919 2029 970 2091 καί
992 2027 1126 2095 κοπάοαι
1142 2029 1309 2114 γογγυομόν
1333 2061 1431 2117 πονη-

182 2106 366 2194 γεννημάτων
379 2114 509 2197 ἐμέρισεν
522 2109 635 2187 αὐτοῖς.
649 2110 744 2195 άρτον
757 2115 788 2176 ἐν
822 2117 897 2195 ρίας.
922 2111 1003 2175 11καί
1014 2110 1103 2179 αὐτοὶ
1116 2113 1168 2181 δόο
1183 2114 1266 2191 ὅντες
1278 2114 1431 2201 διεστάθη-

182 2191 313 2279 πρυίτοις
326 2191 470 2279 ἡτοίμασε
487 2195 667 2278 πλησμονήν.
698 2196 788 2259 21καὶ
823 2219 881 2259 σαν
900 2191 962 2259 άπὸ
980 2197 1144 2272 ἑξακοσίων
1166 2195 1306 2284 χιλιάδων
1324 2205 1431 2278 πεζῶν,

182 2279 241 2364 γάρ
253 2284 363 2355 θυσίας
375 2286 480 2365 κυρίου
492 2276 650 2360 φάγονται,
666 2273 702 2353 ἃς
714 2279 788 2343 ἐδαι-
822 2281 981 2356 εῖςαγαγεῖν
993 2277 1105 2358 αὐτοὺς
1117 2287 1156 2358 είς
1168 2283 1380 2367 κληρονομίαν,
1393 2291 1431 2360 εἰς

182 2388 230 2427 κιν
244 2359 329 2446 αὐτῷ
342 2386 373 2426 τε
389 2365 441 2427 καί
459 2367 503 2445 τῷ
522 2366 583 2428 σπέ
598 2388 669 2443 ματι
682 2360 787 2428 αὐτοῦ.
821 2365 877 2444 γῆν
888 2364 1015 2446 ῥέουσαν
1026 2361 1108 2441 γάλα
1119 2369 1171 2432 καί
1183 2366 1259 2451 μελι.
1272 2369 1342 2434 1λκαὶ
1354 2369 1430 2433 ἐδω-

182 2448 213 2487 ²²
225 2444 302 2529 πλήν
315 2448 396 2539 ένγῆ
415 2446 492 2512 λαοῦ
504 2444 541 2510 οὗ
563 2388 788 2531 κληρονομήσει,
822 2467 868 2509 κεν
881 2445 899 2510 ὁ
912 2443 1014 2531 κάριος
1028 2453 1071 2532 τῷ
1085 2450 1194 2537 Χάλεβ
1205 2448 1300 2536 ίοχδν,
1312 2454 1364 2516 καὶ
1377 2457 1430 2525 ἕως

183 2533 232 2594 καί
244 2530 323 2612 μερίς
336 2528 392 2594 οὐκ
404 2533 481 2595 ἔστιν
494 2529 579 2614 αὐτῷ
591 2534 621 2594 ἐν
633 2528 710 2611 λαῷ,
732 2527 789 2592 αὖ·
821 2526 931 2612 γήρους
945 2531 1076 2612 διέμεινεν
1087 2532 1181 2618 αὐτῷ,
1187 2537 1321 2621 ἐπιβῆναι
1337 2535 1429 2598 αὐτόν

182 2612 234 2688 τὸς
246 2611 305 2697 γάρ
318 2619 397 2699 μερίς
409 2640 465 2679 σου
476 2613 669 2698 κληρονομία.
695 2614 725 2654 ²³
738 2613 789 2676 καὶ
823 2614 873 2677 ἐπὶ
887 2609 965 2696 ἱίψος
978 2619 1030 2698 τῆς
1041 2621 1105 2701 γῆς,
1130 2617 1229 2683 καὶτὸ
1243 2621 1360 2699 σπέρμα
1374 2615 1429 2680 αὐ·
1452 2616 1457 2697 Ι

186 2697 284 2770 Φινεὲς
298 2696 513 2781 υίὸςἘλεάζαρ
523 2703 625 2780 τρίτος
638 2701 677 2770 εἰς
689 2691 787 2773 δόξαν,
823 2701 879 2760 τοῦ
903 2702 1027 2782 κατέσχε
1053 2701 1257 2786 κληρονομίαν.
1297 2696 1430 2773 111όπως

183 2782 214 2844 ἒν
226 2785 269 2862 τῷ
284 2782 414 2863 ζηλῶσαι
426 2779 520 2845 αὐτὸν
529 2784 559 2844 ἐν
572 2776 659 2867 φόβω
672 2785 788 2865 κυρίου,
824 2781 910 2846 ἴδωσι
921 2778 1032 2858 πάντες
1045 2788 1076 2848 οἶ
1089 2787 1148 2850 υῖοί
1158 2783 1290 2871 Ἰσραήλ,
1314 2781 1361 2849 ότι
1374 2810 1430 2846 κα-

182 2865 234 2926 καὶ
248 2867 357 2946 στῆσαι
370 2861 466 2928 αὐτὸν
478 2868 509 2928 ἐν
522 2869 624 2957 τροπή
657 2864 731 2938 αοῦ,
756 2865 788 2927 ε’·ν
822 2863 877 2927 λόν
901 2865 937 2928 τὸ
968 2864 1153 2951 πορεύεσθαι
1187 2866 1286 2933 ὀπίσω
1314 2872 1427 2968 κυρίου.

182 2943 353 3029 άγαθότητι
376 2953 550 3031 προθυμίας
572 2953 670 3031 ψυχῆς
683 2945 788 3021 αὐτοῦ,
822 2948 912 3010 11καὶ
937 2952 968 3013 οῖ
993 2951 1092 3034 κριταί
1109 2955 1235 3023 ἕκαστος
1258 2953 1305 3030 τῷ
1328 2951 1430 3012 αυτοῦ
1461 3009 1462 3026 ,

180 3034 231 3094 καί
244 3028 404 3105 ε’ξιλάσατο
418 3033 486 3114 περὶ
494 3035 552 3095 τοῦ
560 3028 694 3115 Ἰσραήλ.
707 3028 789 3095 24διδι
822 3025 967 3113 ὀνόματι,
992 3028 1072 3096 ὅόων
1097 3029 1152 3095 οὐκ
1179 3031 1385 3114 ἐξεπόρνευσεν
1412 3028 1430 3112 ῆ

182 3118 275 3176 τοῦτο
289 3111 407 3196 ἐστάθη
419 3113 504 3197 αὐτῷ
522 3112 651 3198 διαθήκη
664 3111 787 3198 εἰρήνης,
821 3115 941 3196 καρδία,
954 3113 1004 3176 καί
1026 3109 1094 3178 ὅσοι
1115 3112 1170 3178 οὐκ
1192 3110 1431 3197 ἀπεστράφησαν

180 3193 354 3280 προστάτην
367 3193 461 3273 ἁγίων
473 3199 524 3261 καὶ
536 3198 602 3281 λαῷ
615 3199 724 3272 αὐτοῦ,
736 3201 788 3263 ίνα
820 3193 884 3259 άπὸ
897 3200 1010 3279 κυρίου,
1024 3197 1066 3280 εἴη
1080 3194 1116 3260 τὸ
1130 3193 1314 3279 μνημόσυνον
1329 3197 1431 3263 αὐτῶν

181 3279 265 3361 αὐτῷ
278 3268 297 3361 ἦ
311 3280 417 3347 καίτοι
435 3282 580 3365 σπέρματι
594 3281 689 3346 αὐτοῦ
703 3283 787 3362 ῖερω-
820 3280 850 3340 ἐν
862 3275 1016 3354 εὐλογίαις.
1044 3281 1123 3344 ¹²1&
1144 3279 1221 3346 ὀστᾶ
1239 3280 1343 3346 αὐτῶν
1356 3281 1431 3347 άνα-

182 3361 270 3447 ου’νης
279 3351 435 3447 ’μεγαλεῖον
444 3369 483 3440 είς
493 3362 563 3439 τοὺς
575 3369 694 3440 αἰῶνας.
707 3362 788 3428 21καί
821 3357 915 3425 θάλοι
941 3363 972 3424 ἐκ
993 3366 1051 3427 τοῦ
1073 3362 1171 3429 τόπου
1194 3363 1307 3442 αὐτῶν,
1320 3368 1373 3430 καὶ
1393 3365 1430 3429 τὸ

181 3445 328 3533 διαθήκην
351 3453 397 3533 τῷ
423 3449 521 3514 Δαυίδ
552 3452 610 3512 vt&
636 3453 669 3512 ἐκ
695 3447 789 3530 φυλῆς
821 3442 1426 3533 ὄνομααὖτοῖνάντικαταλλασσόμενονἐφ’

178 3532 298 3607 Ἰοάδα,
317 3533 501 3618 κληρονομία
517 3515 662 3619 βασιλέως
681 3533 790 3607 υἱοῦίξ
824 3532 897 3605 υἱοῖς
922 3530 1146 3611 δεδοξασμένων
1171 3530 1284 3598 αὐτῶν.
1314 3534 1341 3575 13
1355 3529 1426 3616 ήγα-

182 3619 250 3677 υῖοῦ
274 3611 377 3694 μόνου,
390 3615 574 3700 κληρονομία
594 3612 714 3695 ’Λαράνν
738 3617 790 3679 καὶ
822 3615 952 3698 πημένος
971 3611 1033 3680 ὑπὸ
1047 3620 1150 3700 κυρίου
1164 3614 1260 3681 αὐτοῦ
1272 3613 1428 3697 Σαμουήλ,

181 3701 227 3778 τῷ
239 3701 383 3781 σπέρματι
401 3699 504 3764 αὐτοῦ.
530 3699 561 3741 ²⁶
579 3694 642 3780 δῴη
656 3693 723 3777 ὑμῖν
735 3723 789 3762 oo-
821 3693 980 3781 προφήτης
998 3705 1103 3781 κυρίου
1123 3704 1281 3782 κατέστησε
1296 3697 1428 3783 βασιλεί-

183 3785 255 3857 φῖαν
267 3785 299 3844 ἐν
311 3782 419 3865 καρδίη
431 3778 523 3862 ὑμῶν,
532 3787 637 3862 κρίνειν
646 3780 700 3844 τὸν
713 3780 789 3844 λαὸν
822 3805 870 3854 αν,
883 3784 935 3844 καὶ
948 3784 1058 3906 ἔχρισεν
1071 3781 1215 3868 ἄρχοντας
1228 3782 1275 3844 ἐπὶ
1286 3776 1339 3843 τὸν
1352 3777 1428 3842 λαὸν

182 3860 279 3926 αὐτοῦ
292 3867 323 3927 έν
339 3861 528 3948 δικαιοοάνη,
553 3870 602 3928 ’ίνα
620 3863 659 3945 μή
678 3862 788 3942 άφανι·
822 3861 929 3927 αὐτοῦ.
943 3867 955 3906 1
979 3869 1011 3929 έν
1023 3861 1105 3949 νόμῳ
1120 3873 1222 3949 κυρίου
1233 3865 1324 3944 ἔκρινε
1338 3887 1427 3926 συνα-

182 3949 245 4034 σθῆ
259 3944 299 4008 τά
312 3944 419 4020 ἀγαθά
437 3939 552 4021 αὑτοῖν,
571 3948 622 4010 καὶ
634 3947 688 4030 τῆν
701 3943 789 4021 δόξαν
820 3946 940 4030 γωγῆν,
965 3950 1016 4012 καὶ
1041 3950 1227 4032 ἐπεσκέψατο
1252 3942 1355 4029 κύριος
1379 3943 1428 4010 τὸν

181 4026 284 4092 αὐτῶν
296 4032 335 4102 εἷς
347 4028 444 4105 γενεάς
457 4029 566 4096 αὐτῶν.
818 4026 938 4116 Ἰακώβ.
965 4035 1034 4096 11έν
1047 4037 1139 4099 πίστει
1153 4029 1247 4095 αιἰτοῦ
1261 4027 1428 4116 ῆκριβάοθη

358 4118 390 4175 Κ
403 4119 432 4175 E
445 4118 482 4175 (ί).
527 4107 608 4187 MA.
820 4112 989 4199 προφήτης,
1000 4118 1051 4179 καὶ
1065 4112 1203 4198 ἐγνώσθη
1215 4119 1246 4179 ἐν
1258 4121 1358 4179 πίστει
1376 4112 1430 4178 αὐ-

181 4161 355 4277 Κραταιὸς
367 4198 398 4258 ἐν
407 4195 547 4277 πολέμοις
556 4195 674 4278 Ἰησοῦς
686 4199 788 4281 Ναυῆ,
820 4200 879 4261 τοῦ
890 4197 996 4273 πιστὸς
1010 4194 1153 4283 ὁράσεως.
1185 4201 1213 4242 11
1226 4201 1278 4262 καὶ
1290 4197 1430 4263 ἐπεκαλέ-

182 4281 234 4342 καὶ
246 4273 383 4360 διάδοχος
396 4282 518 4361 Μωυσῆ
541 4283 573 4342 ἕν
585 4284 787 4361 προφητείαις.
821 4304 899 4345 οατο
912 4277 965 4346 τόν
977 4279 1080 4366 κόριον
1092 4279 1249 4366 δυνάστην,
1260 4286 1291 4347 ἐν
1303 4287 1348 4364 τῷ
1362 4282 1428 4346 θλί-

183 4359 216 4438 ὃς
230 4366 342 4441 ἐγένετο
360 4359 439 4424 κατὰ
458 4359 495 4424 τὸ
516 4359 610 4443 ὄνομα
628 4359 725 4427 αὐτοῦ
737 4366 790 4445 μέ-
821 4383 880 4445 ψαι
892 4361 1019 4450 ἐχθροὺς
1029 4365 1127 4431 αὐτοῦ
1136 4362 1294 4441 κυκλόθεν,
1305 4369 1429 4448 ἕνπρος·

181 4474 236 4525 γας
249 4448 298 4511 ε’πί
310 4448 443 4528 σωτηρίᾳ
457 4443 601 4509 ἐκλκκτῶν
615 4443 727 4521 αὐτοῦ,
741 4449 788 4512 ίκ-
821 4451 904 4529 φορᾷ
917 4445 1009 4530 άρνὸς
1021 4447 1209 4532 γαλαθηνοῦ.
1235 4450 1320 4514 17καὶ
1330 4448 1430 4534 ἐβρόν-

180 4533 300 4617 δικῆσαι
313 4532 549 4617 ἐπεγειρομένους
562 4527 699 4617 ἐχθροὺς,
707 4527 789 4606 ὅπως
821 4553 909 4613 τησεν
921 4528 973 4595 ἀπ’
990 4528 1123 4615 οὐρανοῦ
1135 4533 1251 4619 κύριος,
1265 4534 1316 4597 καί
1327 4537 1357 4597 ἰν
1369 4530 1431 4614 ήχῳ

1381 4641 1431 4694 με·
