2924 4972
382 168 611 228 σΞοΑοΣ
649 162 982 245 mauja&
1261 172 1304 234 93

53 288 84 328 ²⁰
98 286 151 347 καί
175 282 280 365 ἐξῆλθε
304 285 389 347 πᾶσα
415 279 568 383 συναγωγή
593 286 665 348 υίῶν
695 280 935 368 τοῦἈχισαμάχ,
958 288 991 348 ἐκ
1003 284 1098 367 φυλῆς
1109 282 1182 350 Δάν.
1207 287 1236 332 ³²
1250 289 1300 351 καί

53 362 176 452 Ἰσραήλ
195 362 258 430 ἀπὸ
277 367 405 447 Μωυσῆ.
432 367 459 405 ²¹
472 366 525 428 καί
545 364 666 448 ἤνεγκαν
695 365 848 449 ἐνέπλησεν
856 362 965 442 αὐτούς
975 374 1082 447 σοφίας
1092 370 1302 443 συνέσεωςδια·

55 455 182 524 ἕκαστος
206 435 249 513 ὧν
275 451 372 533 ἔφερεν
389 443 407 531 ἦ
426 448 534 532 καρδία
558 445 665 525 αὐτῶν,
695 454 785 524 νοίας,
797 445 897 514 πάντα
910 453 1036 514 συνιέναι
1048 451 1302 537 ποιῆσαιτάέργα

55 535 106 597 καί
126 528 207 606 ὅσοις
225 532 303 608 ἐδοξε
314 535 354 625 τῇ
365 535 444 623 ψυχῇ
458 527 559 595 αύτῶν
573 528 666 610 ἇφαί-
695 535 749 596 τοῦ
762 527 859 610 άγίου,
878 533 930 597 καί
940 529 979 596 τά
992 529 1110 614 ὑφαντά
1123 537 1175 598 καί
1187 535 1301 599 ποικιλ-

54 616 138 700 ρεμα.
163 617 215 680 καὶ
227 613 348 698 ήνεγκαν
361 612 511 698 ἆφαίρεμα
523 620 614 696 κυρίῳ
627 619 666 689 είς
695 612 734 678 τά
748 610 857 695 ύφάναι
869 619 914 699 τῴ
924 622 1061 699 κοκκίνῳ,
1077 617 1128 682 καί
1141 620 1178 680 τ’
1189 612 1302 703 βύσσῳ,

54 695 158 764 πάντα
169 697 208 763 τὰ
221 701 293 782 ἔργα
305 701 357 781 τῆς
371 701 475 800 σκηνής
488 701 543 762 τού
552 722 665 781 μαρτυ-
695 710 787 760 ποιεῖν
802 703 863 764 πᾶν
881 701 967 784 ε”ργον
980 697 1148 784 ἇρχιτεκτον
1181 728 1209 776 ς,
1233 727 1302 766 ποι-

54 790 132 862 ρίου,
145 783 196 845 καί
208 785 247 856 είς
258 774 358 846 πάντα
370 779 409 844 τά
422 784 551 866 κατεργα
563 778 665 864 αύτής,
695 780 797 856 κιλίας.

54 868 107 929 καί
123 869 163 940 εἰς
179 860 279 940 στάσας
297 862 351 939 τάς
373 861 480 940 στολάς
495 867 552 928 τοῦ
568 859 664 941 ἆγίου.
879 870 910 928 Κ
922 871 951 928 Ε
962 869 1001 928 Φ.
1043 861 1113 942 Λς’.

55 951 84 989 22
97 949 151 1013 καί
161 946 281 1031 ἤνεγκαν
293 951 324 1012 οί
336 943 437 1032 σ’ίνδρες
449 946 534 1032 παρά
542 950 603 1010 τῶν
610 973 665 1025 γυ-
695 913 778 1010 Kal
790 949 907 1029 ἐποίησε
915 943 1060 1032 Βεσελεὴλ
1070 951 1121 1013 καί
1129 946 1242 1038 Ἐλιᾶβ,
1252 953 1304 1017 καί

55 1034 174 1108 ναικῶν,
187 1035 247 1105 πᾶς
258 1021 283 1114 ᾦ
295 1031 374 1106 ἐδοξε
386 1035 425 1123 τῇ
436 1030 563 1136 διανοίη,
580 1029 664 1114 ήνεγ·
694 1035 755 1104 πᾶς
768 1028 862 1110 σοφὸς
874 1034 911 1121 τῇ
924 1031 1048 1112 διανοίᾳ,
1066 1024 1092 1114 ᾧ
1105 1028 1198 1116 ίδάθη
1211 1040 1302 1114 σοφία

55 1139 112 1179 καν
124 1115 297 1200 σφραγίδας,
311 1116 362 1179 καί
372 1109 488 1189 ἐνώτια,
496 1139 547 1177 και
555 1113 663 1178 δακτυ-
694 1116 745 1178 καί
758 1109 901 1196 ἐπιστήμη
913 1117 944 1177 ἐν
956 1111 1059 1188 αὐτοῖς
1075 1119 1197 1179 συνιέναι
1210 1129 1304 1180 ποιεῖν

55 1194 151 1274 λίους,
175 1198 227 1263 καί
248 1192 409 1280 ἐμπλύκια,
434 1197 486 1261 καί
508 1196 664 1299 περιδιξιο,
693 1193 796 1261 πάντα
808 1195 847 1259 τά
865 1198 953 1280 ἔργα,
979 1196 1057 1260 κατὰ
1069 1196 1108 1260 τὰ
1121 1194 1193 1275 άγια
1205 1194 1304 1298 καθή·

54 1284 119 1346 πᾶν
133 1284 235 1354 σκεῦος
252 1281 387 1363 χρυσοῦν.
412 1279 464 1341 καί
479 1272 585 1352 πάντες
601 1301 666 1343 οσοι
695 1305 801 1354 κοντα,
825 1275 905 1343 κατά
921 1275 1023 1344 πάντα
1034 1275 1093 1344 ὅσα
1105 1282 1240 1359 συνέταξε
1250 1307 1304 1345 κυ-

54 1363 183 1446 ήνεγκαν
208 1359 400 1444 ἇφαερέματα
421 1357 541 1462 χ’ρυσίου
565 1386 600 1425 κυ
620 1365 666 1445 ίῳ,
695 1388 764 1447 ριος.
790 1364 869 1426 2καί
884 1357 999 1428 ἐκάλεσε
1011 1369 1146 1447 Μωυσῆς
1158 1362 1304 1447 Βεσελεήλ

55 1444 85 1488 ²³
100 1445 155 1509 καί
166 1440 236 1528 παρ’
252 1435 278 1526 ᾧ
290 1439 397 1529 εὑρέθη
404 1447 526 1551 βυσσος,
538 1445 588 1508 καί
599 1385 666 1529 λῷ-
696 1447 746 1511 καί
760 1441 878 1532 Ἐλιάβ,
902 1447 954 1510 καί
971 1441 1087 1522 πάντας
1099 1446 1170 1522 τούς
1183 1451 1303 1532 ἔχοντας

55 1551 143 1610 ματα
167 1521 338 1604 ύακίνθινο,
361 1553 410 1592 και
427 1528 559 1611 δέρματα
575 1533 664 1615 κριῶν
694 1526 747 1614 τήν
764 1535 885 1610 σοφίαν,
911 1522 1054 1612 ᾧέδωκεν
1066 1525 1084 1594 ὁ
1098 1529 1169 1605 θεὸς
1182 1535 1302 1632 ἐπιστη-

57 1610 330 1715 ήρυθροδανωρίνα
342 1607 471 1695 ήνεγκαν.
496 1610 528 1653 ²⁴
540 1613 592 1676 καί
603 1615 664 1687 πᾶς
693 1637 750 1695 μην
773 1615 804 1676 ἐν
824 1617 861 1702 τῇ
885 1613 1007 1697 καρδίᾳ,
1033 1614 1085 1677 καί
1102 1609 1218 1687 πάντας
1234 1639 1304 1687 κους

58 1720 76 1757 ο
93 1691 231 1781 ἀφαιρῶν
248 1701 411 1781 αφαίρεμα,
436 1692 558 1780 ἤνεγκαν
571 1690 665 1780 ἆργύ·
694 1695 833 1770 ἑκουσίως
843 1693 1036 1780 βουλομένους
1046 1691 1304 1781 προςπορεύεσθαι

59 1802 121 1863 ριον
140 1780 190 1843 καί
206 1777 317 1864 χαλκὸν
321 1828 332 1855 ,
357 1775 396 1843 τά
409 1775 599 1864 ἆφαερέμανα
612 1803 664 1842 xv-
695 1777 773 1864 πρὸς
790 1778 829 1843 τὰ
847 1782 920 1863 ἔργα
925 1829 936 1857 ,
961 1773 1031 1854 άίςτε
1054 1778 1196 1845 συντελεῖν
1214 1774 1302 1844 αὐτά.

60 1867 124 1945 ρίῳ.
149 1863 199 1925 καί
216 1860 286 1946 παρ’
309 1861 352 1936 οίς
369 1858 479 1946 εὑρέθη
495 1861 569 1938 ξύλα
587 1860 664 1945 ἄση-
696 1864 774 1926 3καί
793 1861 904 1949 έλαβον
920 1861 1006 1948 παρὰ
1018 1867 1140 1947 Μωυσῆ
1151 1858 1250 1928 πάντα
1262 1863 1303 1928 τά

60 1970 131 2018 πτα,
142 1942 193 2009 καί
204 1949 243 2021 εἷς
254 1941 355 2010 πάντα
366 1942 405 2010 τά
417 1947 490 2031 ἔργα
502 1950 555 2028 τῆς
563 1970 666 2033 παρα·
696 1943 896 2031 ἆφαιρέματα,
909 1941 1060 2029 άήνεγκαν
1069 1949 1100 2010 οί
1110 1949 1170 2011 υἱοί
1180 1945 1304 2032 Ἰσραήλ

59 2027 297 2112 σκευήςήνεγκαν.
310 2027 491 2094 22καίπᾶσα
501 2024 665 2132 γυνήσοφίη
696 2033 735 2104 είς
759 2024 861 2094 πάντα
884 2027 924 2094 τά
941 2034 1014 2114 ἔργα
1032 2034 1088 2093 τοῦ
1106 2026 1194 2108 άγίου
1210 2041 1304 2095 ποιεῖν

58 2115 95 2201 τῇ
109 2112 224 2195 διανοίᾳ
236 2123 303 2188 ταῖς
314 2113 392 2197 χερσί
407 2107 520 2196 νήθειν,
545 2135 666 2195 ηνεγκαν
697 2105 785 2176 αὐτά.
809 2113 862 2176 καί
879 2109 966 2179 αὐτοὶ
982 2113 1190 2199 προςεδέχοντο
1208 2116 1251 2176 ε”τι
1264 2110 1304 2177 τά

57 2197 219 2277 νενησμένα,
232 2195 285 2278 τήν
298 2189 448 2271 ὑάκινθον,
461 2196 512 2259 καί
525 2193 578 2300 τήν
589 2220 667 2280 πορ-
697 2190 914 2281 προςφερύμενο
929 2193 1014 2282 παρὰ
1031 2201 1091 2259 τῶν
1107 2191 1256 2282 φερόντων
1267 2195 1302 2260 τὸ

57 2273 171 2362 φύραν,
188 2275 287 2343 καὶτὸ
300 2273 448 2354 κόκκινον,
464 2279 516 2341 καί
527 2301 581 2361 την
592 2273 667 2382 βύσ-
696 2279 787 2362 πρωΐ.
825 2276 907 2341 4καί
929 2285 1120 2364 παρεγίνοντο
1143 2275 1251 2355 πάντες
1273 2283 1304 2345 σί

57 2386 118 2424 σον.
132 2361 163 2401 ²⁶
169 2362 220 2424 καί
231 2365 326 2425 πᾶσαι
339 2359 372 2424 αί
384 2371 526 2437 γυναῖκες,
535 2360 581 2433 αίς
590 2361 668 2433 εδοξε
699 2360 787 2439 σοφοί
800 2362 831 2423 οί
842 2365 992 2434 ποιοῦντες
1006 2359 1045 2422 τὰ
1058 2364 1130 2443 ἔργα
1142 2367 1198 2425 τοῦ
1206 2358 1304 2459 ἁγίου,

55 2447 96 2524 τῆ
110 2443 227 2522 διανοίη
241 2440 341 2505 αὐτῶν
352 2446 382 2504 ἐν
391 2447 493 2522 σοφίη,
504 2446 608 2523 ἔνησαν
616 2438 670 2513 τάς
700 2447 822 2513 ἕκαστος
839 2439 917 2503 κατὰ
934 2441 971 2502 τὸ
985 2438 1079 2503 αὐτοῦ
1092 2445 1191 2525 ἔργον,
1215 2441 1303 2525 δεῖρ-

57 2516 164 2609 τρίχας
176 2522 231 2596 τάς
243 2528 362 2597 αἰγείας.
388 2521 416 2562 ²²
430 2525 480 2583 καί
493 2526 524 2585 οί
536 2522 671 2622 ἄρχοντες
700 2519 825 2598 γάζοντο
837 2518 934 2585 αύτοί.
947 2521 1017 2584 ‘nal
1031 2519 1107 2584 είπεν
1117 2520 1195 2603 πρὸς
1207 2529 1304 2586 Μωυ-

56 2609 183 2692 ήνεγκαν
208 2604 278 2679 τοὺς
298 2604 403 2678 λίθους
419 2607 471 2687 τῆς
489 2605 669 2689 σμαραγδου,
702 2610 763 2708 σήν.
790 2599 836 2667 ὅτι
860 2602 978 2689 πλῆθος
1005 2607 1083 2689 φέρει
1101 2600 1119 2669 ὁ
1137 2604 1211 2680 λαὸς
1228 2602 1306 2670 κατὰ

56 2694 109 2757 καί
121 2688 194 2764 τούς
206 2688 310 2764 λίθους
322 2692 374 2762 σ’ς’
383 2683 560 2773 πληρώσεως
569 2693 607 2761 είς
617 2684 669 2792 τήν
698 2713 737 2753 τα
756 2689 828 2773 ἔργα
845 2683 902 2752 ὅσα
919 2691 1052 2765 συνέταξε
1064 2683 1162 2775 κύριος
1174 2695 1304 2775 ποιήσαι.

57 2774 207 2855 ἐπωμίδα,
232 2773 284 2836 καί
296 2768 332 2836 τὸ
341 2716 467 2849 λογεῖον,
506 2773 537 2814 ²⁸
550 2774 601 2836 καί
613 2796 667 2847 τας
697 2774 712 2815 ⁶
724 2774 775 2836 καί
787 2774 944 2858 προςέταξε
953 2776 1098 2857 Μωυσής,
1110 2774 1162 2839 καί
1174 2771 1305 2859 ἐκήρυξεν

57 2860 218 2932 συνθέσεις,
243 2857 295 2920 καί
311 2860 350 2930 είς
366 2854 403 2918 τὸ
421 2856 524 2920 ἔλαιον
535 2856 586 2938 τῆς
598 2861 667 2961 χρί-
697 2859 728 2920 ἐν
740 2861 777 2948 τῇ
790 2856 969 2950 παρεμβολῇ,
983 2855 1084 2935 λέγων.
1101 2854 1175 2941 ἁνήρ
1189 2860 1239 2920 καί
1251 2883 1305 2934 γυ-

58 2967 144 3016 οεως,
170 2942 221 3004 καί
232 2936 286 3025 τήν
299 2935 435 3005 σύνθεσιν
448 2944 504 3004 τοῦ
516 2949 662 3022 θυμιαμοι-
697 2939 730 3044 νή
743 2942 844 3023 μηκέτι
856 2944 1129 3026 ἐργαζέσθωσανείς
1138 2940 1193 3015 τάς
1203 2938 1304 3024 άπαρ·

58 3050 116 3098 τος.
155 3025 186 3065 22
199 3025 250 3087 καί
273 3027 333 3098 πᾶς
352 3020 426 3109 ἀνὴρ
444 3025 495 3088 καί
511 3021 598 3106 γυνή,
624 3013 666 3086 ὧν
696 3050 749 3107 χας
768 3028 824 3088 τοῦ
841 3019 938 3102 ἆγίου.
963 3026 1014 3088 καί
1032 3020 1172 3108 ἐκωλύθη
1192 3022 1210 3088 ὁ
1231 3025 1304 3100 λαὸς

57 3113 156 3191 ἔφερεν
179 3102 198 3191 ἦ
224 3102 339 3171 διάνοια
365 3105 465 3170 αὐτῶν
485 3102 664 3182 είςελθόντας
696 3112 739 3170 ε”τι
755 3111 933 3193 προςφέρειν.
961 3108 1037 3172 7καί
1054 3107 1093 3173 τὰ
1110 3111 1182 3213 ἔργα
1199 3099 1235 3193 ἦν
1247 3105 1304 3173 αύ-

55 3202 152 3255 ποεεῖν
167 3184 267 3254 πάντα
286 3186 324 3254 τά
343 3192 429 3293 ἔργα,
455 3185 513 3254 ὅσα
532 3193 665 3266 συνέταξε
697 3203 758 3265 τοῖς
772 3190 858 3255 ίκανά
872 3197 910 3265 είς
923 3187 975 3274 τήν
983 3196 1304 3276 κατασκευηνποιήσαι,

56 3270 156 3359 κύριος
165 3278 288 3356 ποιήσαι
298 3270 376 3338 αύτα
386 3272 435 3337 διὰ
445 3277 575 3356 Μωυσῆ,
585 3271 665 3356 ήνεγ-
695 3276 747 3337 καί
759 3273 1001 3358 προςκατελεπον.
1024 3276 1040 3316 ⁸
1052 3274 1104 3337 καί
1116 3278 1232 3356 ἐποίησε
1244 3280 1305 3350 πᾶς

56 3380 113 3421 καν
130 3357 161 3420 οί
180 3357 240 3419 υίοί
253 3354 375 3441 Ἰσραήλ
395 3354 545 3439 σἰφαίρεμα
564 3363 664 3441 κυρίῳ.
698 3355 789 3435 σοφὸς
802 3359 832 3418 ἐν
845 3367 906 3429 τοῖς
914 3358 1114 3438 ἐργαζομένοις
1133 3360 1205 3437 Cap.
1216 3362 1267 3435 39,
1278 3381 1303 3420 1.

56 3441 146 3504 3(ίκαί
159 3435 219 3502 είπε
232 3444 364 3522 Μωυσῆς
377 3451 439 3512 τοῖς
452 3443 526 3512 υίοῖς
533 3433 664 3523 Ἰσραήλ
698 3437 751 3513 τάς
764 3436 872 3513 στολὰς
888 3442 949 3502 τῶν
967 3434 1075 3514 ἁγίων,
1102 3443 1138 3500 αἵ
1152 3440 1222 3502 εἰσιν
1232 3436 1305 3504 Ἀα-

56 3524 123 3589 ίδοὺ
143 3517 333 3605 άνακέκληκεν
350 3519 368 3585 ὁ
386 3519 457 3595 θεὸς
473 3524 504 3597 ἐξ
521 3516 665 3603 ὀνόματος
697 3520 757 3607 ρῶν
774 3526 818 3604 τῷ
837 3525 917 3607 ἱερεῖ,
944 3519 1029 3586 καθὰ
1056 3523 1192 3596 συνέταξε
1206 3515 1305 3606 κύριος

55 3604 109 3672 τὸν
121 3604 267 3689 Βεσελεήλ
280 3602 333 3669 τὸν
345 3610 398 3670 τοῦ
414 3603 524 3688 Οὐρίου
536 3603 666 3687 τὸνὪρ,
697 3609 740 3686 τῷ
753 3610 881 3698 Μωυσῇ.
907 3607 923 3647 2
935 3605 987 3669 καί
1003 3608 1140 3708 ἐποίησεν
1156 3600 1211 3688 τήν
1223 3608 1303 3671 ἐπω-

55 3696 88 3755 ἐκ
100 3694 154 3794 τής
167 3689 260 3772 φυλῆς
273 3683 389 3765 Ἰούδα,
414 3689 441 3729 ³¹
453 3689 504 3751 καί
517 3686 668 3769 ἐνέπλησεν
696 3687 767 3767 μίδα
793 3689 825 3750 ἐκ
841 3695 975 3773 χρυσίου,
999 3689 1052 3752 καί
1070 3694 1228 3766 υακίνθου,
1253 3689 1305 3753 καί

57 3773 153 3838 αύτον
175 3776 288 3854 πνεῦμα
306 3782 390 3836 θεῖον
407 3776 515 3851 σοφίας
532 3772 583 3834 καί
600 3793 667 3834 συν·
697 3763 868 3855 πορφύρας,
893 3773 945 3834 καί
969 3776 1102 3836 κοκκίνου
1125 3779 1304 3855 νενησμένου,

55 3862 146 3932 έσεως
158 3857 210 3920 καί
221 3851 378 3938 ἐπιστήμης
389 3849 520 3931 πάντων,
541 3855 570 3895 ³²
584 3850 667 3957 ἆρχε·
698 3855 748 3918 καί
758 3847 869 3939 βύσσου
880 3853 1084 3937 κεκλωσμένης.
1103 3856 1178 3918 2καί
1189 3851 1304 3960 ἐτμήθη

55 3951 200 4006 τεκτονεῖν
212 3937 289 4004 κατὰ
304 3934 403 4003 πάντα
417 3937 455 4001 τὰ
467 3941 540 4022 ἔργα
549 3941 601 4020 τῆς
610 3962 666 4023 αρ-
699 3936 736 4002 τὰ
757 3936 875 4002 πέταλα
892 3942 949 4002 τοῦ
964 3943 1082 4022 χρυσίου
1100 3944 1207 4023 τρίχες,
1233 3939 1304 4014 ὡςτε

56 4029 247 4128 χιτεκτονίας,
271 4034 365 4086 ποιεῖν
382 4020 418 4085 τὸ
430 4027 548 4105 χρυσίον
565 4020 617 4085 καί
629 4020 665 4084 τὸ
699 4015 857 4102 συιυφάναι
883 4018 935 4087 σύν
960 4026 998 4115 τῇ
1023 4017 1171 4105 ὑακίνθῳ,
1196 4024 1248 4087 καί
1266 4027 1304 4117 τι]

58 4103 200 4194 αργύριον
218 4107 268 4170 καί
285 4104 340 4170 τὸν
364 4100 486 4188 χαλκὸν,
511 4106 540 4146 ³³
552 4106 603 4169 καί
622 4101 666 4168 λι-
698 4099 851 4192 πσρφύρᾳ,
864 4107 915 4169 καί
928 4104 980 4170 σύν
992 4110 1036 4169 τῶ
1048 4112 1171 4190 κοκκίνῳ
1184 4110 1228 4189 τῷ
1238 4107 1303 4171 δια-

57 4195 226 4276 θουργήσαι
245 4187 297 4253 τὸν
313 4188 410 4263 λίθον,
427 4189 478 4252 καί
495 4183 667 4272 κατεργάζε-
698 4192 866 4272 νενησμένῳ,
879 4191 930 4253 καί
939 4193 974 4273 τῆ
987 4171 1088 4275 βύσσῳ
1096 4195 1135 4274 τῆ
1143 4190 1304 4271 κεκλωομέ-

57 4285 132 4339 σθαι
144 4272 184 4338 τά
197 4269 280 4349 ξύλα,
290 4274 341 4336 καί
351 4283 443 4336 ποιεῖν
452 4274 666 4356 ένπαντὶέργῳ
698 4296 741 4355 νη.
780 4274 865 4357 ἔργον
889 4263 1023 4355 ύφαντόν
1048 4262 1191 4355 ἐποίησαν
1216 4270 1303 4336 αὐτά.

57 4363 176 4439 σοφίας,
189 4355 221 4397 ³⁴
227 4358 277 4419 καί
289 4351 469 4440 προβιβάσαι
478 4380 510 4433 γε
522 4356 626 4418 ἔδωκεν
636 4359 667 4419 ἐν
698 4346 720 4395 ⁴⁶
727 4358 875 4438 ἐπωμίδας
893 4352 1067 4441 συνεχούσας
1086 4358 1116 4430 ἐξ
1130 4352 1304 4438 ἀμφοτέρων

54 4446 90 4529 τη
103 4442 222 4525 διανοίη
236 4436 320 4522 αὐτῷ
332 4464 373 4515 τε,
387 4440 437 4502 καὶ
449 4443 494 4524 τῷ
506 4435 612 4526 Ἐλιάβ
622 4441 666 4522 τῷ
698 4443 758 4503 τῶν
770 4444 881 4527 μερῶν,
895 4442 981 4526 ἔργον
993 4435 1124 4518 ύφαντὸν
1137 4440 1176 4511 είς
1188 4433 1305 4512 άλληλα

1196 4534 1304 4591 συμπε-
