2924 4972
278 250 571 317 ιιΑΣιΛοιαιν
594 254 774 317 msera
812 256 887 332 ιτα.
901 250 943 316 ν’.
958 253 986 317 ι,
1000 256 1030 320 ο.
1046 256 1096 321 ιο.
1244 256 1306 323 ιιιι

66 370 136 449 ιλοιρ,
152 371 202 430 καί
212 367 346 443 λέγουσιν
357 363 471 439 αῦταῒς.
498 368 523 428 εί
535 367 613 428 ἔστιν
626 367 670 427 ίν-
708 362 868 453 παιδάριον
887 368 1000 443 αὑτοῦ,
1026 373 1076 433 καὶ
1095 368 1240 452 είςὴγαγεν
1256 370 1313 435 αῦ-

65 455 165 514 ταῦθα
178 445 195 513 ὅ
206 449 326 537 βλέπων
330 477 342 527 ;
362 450 391 489 ¹²
402 448 454 512 καί
467 444 618 534 ἀπεκρίθη
630 445 670 512 τά
706 446 777 526 τοῦς
788 454 828 527 είς
843 449 879 516 τὸ
891 448 1068 536 κατάλυμα,
1093 455 1144 516 καί
1156 457 1243 520 ἔθετο
1256 452 1313 519 οῦ·

64 529 188 617 κοράοια
202 529 320 608 αῦτοίς,
341 531 393 596 καί
405 530 544 608 λέγουσιν
557 527 670 606 αὐτοῖς,
706 542 768 607 τοῖς
780 532 943 600 ίκείτάπον
955 539 987 600 έν
998 532 1130 621 πρώτοις
1142 541 1203 601 τιῦν
1213 537 1313 621 κεκλη-

63 621 148 680 ίίντιν.
163 613 228 680 ίάοὐ
241 615 322 680 κατὰ
335 609 498 700 πρόςωπον
511 610 601 697 ὑμῶν.
621 619 671 676 νῦν
705 618 798 697 με’νων
807 614 1081 705 ὡςείίβδομὴκοντα
1089 617 1215 705 ἀνδρῶν.
1229 620 1314 685 23ιιαλ

64 698 113 763 διὰ
124 698 179 782 τὴν
190 696 304 803 ὴμέραν
315 695 375 782 ἥκει
390 702 428 772 είς
440 693 495 780 τὴν
507 693 603 771 πόλιν,
622 692 669 760 ὅτι
707 697 768 762 εἷπε
784 702 932 805 Σαμουὴλ
955 706 1000 785 τῷ
1016 709 1155 789 μαγείρῳ.
1195 699 1248 778 δός
1261 728 1314 786 μοι

62 788 155 848 θυσία
168 805 291 870 σημερον
303 786 348 864 τῷ
360 781 427 864 λαῷ
436 783 581 864 ἓνΒαμᾷ.
594 775 669 855 ’θὼς
707 779 762 865 τὴν
772 784 875 867 μερίδα
886 784 922 868 ὴν
934 784 1031 849 ίδοοκά
1043 812 1105 862 σοι,
1133 783 1170 870 ὴν
1182 783 1253 851 είπά
1266 812 1313 851 σοι

61 865 99 930 ἀν
111 867 258 949 ελςέλθητε
271 868 310 940 είς
321 864 376 950 τὴν
387 863 488 938 πόλιν,
512 862 609 939 οῦτοις
621 860 669 927 εῦ-
707 874 804 928 θεῖναι
817 864 909 952 αὐτὴν
921 867 1006 953 παρὰ
1020 876 1076 933 σοί.
1093 870 1125 912 ²¹
1134 872 1186 935 καὶ
1199 868 1314 955 ἥψησεν

61 944 161 1033 ρὴσετε
181 947 275 1014 αὐτὸν
292 950 324 1013 ἐν
337 953 376 1042 τῇ
387 944 485 1024 πόλει,
511 949 582 1034 πρίν
593 944 668 1011 ἀνα·
708 944 726 1012 ὁ
734 944 818 1051 μάγει
839 974 873 1023 ος
885 949 940 1034 τὴν
950 950 1073 1026 κοιλίαν,
1085 955 1136 1017 καί
1143 957 1314 1037 παρέθηκεν

57 1037 146 1136 βὴναι
160 1030 254 1096 αὐτὸν
265 1035 304 1106 είς
317 1035 412 1113 Βαμά
424 1035 482 1095 τοῦ
495 1042 606 1112 φαγεῖν.
621 1026 668 1094 ὅτι
708 1030 804 1135 αυτὴν
820 973 947 1097 ίνῶπιον
963 1029 1075 1098 Σαοῦλ
1101 1038 1151 1098 καὶ
1169 1036 1229 1101 είπε
1246 1042 1312 1101 Σα·

58 1142 96 1180 ου
113 1112 154 1200 μὴ
172 1111 253 1206 φάγη
270 1111 290 1219 ρ
302 1112 374 1189 λαὸς
393 1119 449 1187 ἕως
465 1119 521 1177 τοῦ
535 1113 669 1188 είςελθείν
707 1114 804 1197 μουηλ
828 1119 875 1198 τῷ
898 1110 1013 1179 Σαοῦλ.
1049 1114 1113 1181 ίδοῦ
1138 1112 1312 1203 ὑπόλειμμα,

58 1196 169 1275 αῦτὸν,
192 1196 241 1262 ὅτι
254 1222 343 1272 ουτος
355 1195 471 1273 εὐλογεῖ
482 1196 535 1278 τὴν
547 1200 668 1273 θυσίαν,
707 1193 847 1280 παράθες
859 1195 936 1263 αὐτὸ
949 1194 1076 1262 έναίπιόν
1089 1224 1142 1263 σου
1160 1204 1212 1264 καί
1229 1199 1313 1281 ηοίγε,

58 1283 111 1346 καί
135 1278 209 1364 μετά
236 1284 335 1344 ταῦτα
356 1283 512 1344 ἐσθίουσιν
535 1282 567 1342 σί
583 1279 667 1354 ξένοι.
709 1275 814 1355 ἀνιείς
852 1277 994 1367 αρτιίριον
1013 1283 1145 1345 τέθειταί
1163 1305 1210 1346 σοι
1228 1282 1316 1366 παρὰ

58 1366 111 1429 καί
128 1369 181 1429 νῦν
199 1358 342 1464 ἀνάβητε,
368 1357 415 1425 ὅτι
428 1359 478 1423 διὰ
494 1359 548 1443 τὴν
558 1357 671 1445 ἡμέραν
708 1360 779 1438 τοῦς
805 1308 933 1439 ἀλλους,
964 1358 1107 1441 ἀπόκνιζε.
1144 1363 1196 1427 καί
1225 1364 1316 1444 ἔηαγε

58 1443 197 1532 εῦρὴσετε
213 1443 314 1508 αὐτον.
351 1442 445 1507 14καί
462 1440 669 1530 ἀναβαίνουσιν
708 1446 817 1511 Σαοὺλ
839 1446 914 1531 μετὰ
935 1445 1078 1530 Σαμουὴλ
1103 1448 1134 1510 ίν
1156 1451 1194 1534 τῇ
1219 1441 1315 1533 ὴμέρρ

58 1531 117 1612 τὴν
134 1525 233 1593 πόλιν.
259 1524 361 1591 αὐτῶν
377 1530 458 1602 είςπο
477 1530 619 1609 ευομίνοιν
629 1531 668 1602 είς
707 1531 805 1624 ἐκείνη.
828 1531 859 1575 ²⁶
871 1531 923 1596 καί
935 1532 1046 1615 κατέβη
1058 1532 1091 1594 ίκ
1102 1533 1155 1613 τὴς
1166 1534 1263 1612 Βαμᾶ
1275 1535 1316 1607 είς

60 1616 154 1695 μέσον
166 1615 219 1694 τῆς
230 1605 358 1686 πόλεως,
383 1610 436 1675 καί
448 1551 512 1675 ίάοῦ
524 1609 667 1694 Σαμουὴλ
705 1608 760 1696 τὴν
769 1610 866 1678 πόλιν.
889 1614 941 1678 καί
953 1612 1136 1697 διέστρονσαν
1147 1616 1195 1696 τῷ
1206 1613 1314 1678 Σαοὺλ

62 1695 185 1780 έξὴλθεν
197 1698 236 1770 είς
246 1690 301 1776 τὴν
313 1689 479 1776 ἀπάντησιν
488 1690 599 1771 αὐτῶν,
611 1697 666 1759 τοῦ
705 1697 756 1761 ἐπὶ
768 1701 812 1781 τῷ
825 1692 949 1779 δείματι,
975 1697 1027 1760 καί
1039 1693 1191 1780 ίκοιμὴθη.
1217 1698 1249 1740 ²¹
1261 1699 1313 1763 καί

59 1778 207 1867 ἀναβῆναι
219 1781 258 1853 είς
269 1781 373 1860 Βαμῦ.
387 1777 470 1841 1ὅκαί
481 1773 580 1863 κίνριος
593 1776 667 1843 ἀπε-
704 1781 817 1857 ἔγένετο
840 1776 881 1855 ὡς
899 1777 1050 1885 ἀνέβαινεν
1066 1778 1084 1844 ὁ
1103 1780 1168 1867 ὅρθ
1206 1805 1237 1855 ς,
1261 1782 1312 1845 καί

59 1862 174 1944 κάλυψε
189 1858 225 1925 τὸ
245 1858 336 1926 ὠτίον
346 1859 492 1944 Σαμουὴλ
503 1857 600 1967 ὴμέρρ
611 1865 666 1947 μιᾷ
704 1860 821 1929 ἐκάλεσε
840 1863 989 1947 Σαμουηλ
1005 1859 1058 1927 τὸν
1073 1804 1250 1928 Σαοὺίοίπλ
1266 1866 1311 1948 τῷ

60 1949 226 2031 ἔμπροσθεν
255 1947 312 2011 τοῦ
340 1944 438 2009 ἔλθείν
465 1968 544 2029 προς
575 1943 666 2012 αὐτὸν
703 1944 832 2030 δώματι,
851 1946 955 2025 λέγων.
981 1942 1113 2023 ἀνάστα,
1136 1949 1189 2012 καί
1200 1949 1305 2024 ἔξαπο·

58 2027 172 2105 Σαοὺλ,
185 2028 286 2106 λέγων.
310 2030 339 2071 ¹⁶
352 2024 393 2104 ὥς
405 2024 423 2093 ὁ
435 2028 549 2113 καιρὸς,
562 2027 668 2113 αῦριον
704 2030 795 2096 στελῶ
804 2056 844 2096 σε.
858 2032 910 2095 καί
922 2028 1030 2114 ἀνέστη
1038 2028 1153 2107 Σαοὺλ,
1165 2032 1217 2095 καί
1227 2030 1309 2115 ἐξὴλ-

59 2110 218 2177 ἀποστελῶ
230 2111 307 2198 πρὸς
324 2108 357 2175 σὲ
370 2111 465 2214 ἀνδρα
478 2114 510 2176 ἐκ
523 2116 576 2192 γῆς
588 2117 667 2177 Βεν-
703 2123 759 2179 θεν
784 2112 878 2188 αὐτὸς
906 2116 958 2178 καὶ
982 2110 1130 2198 Σαμουὴλ
1159 2118 1215 2189 έοις
1240 2117 1310 2192 ἔξω.

60 2197 153 2278 ιαμὶν,
178 2196 230 2259 καί
245 2203 351 2280 χρίοεις
369 2192 462 2259 αῦτον
481 2200 520 2270 είς
537 2193 668 2279 ἀρχοντα
704 2199 733 2239 ²¹
747 2194 848 2260 αῦτοῦν
860 2192 1099 2282 καταβαινόντων
1110 2201 1149 2270 είς
1161 2199 1248 2281 μέρος
1260 2201 1311 2272 τ”ς

59 2281 109 2344 ίπί
121 2277 175 2343 τὸν
187 2276 261 2344 λαόν
278 2303 337 2361 μου
353 2275 490 2362 Ἰσραλ,
515 2280 566 2342 καί
579 2273 668 2342 σώσει
705 2277 833 2353 πόλεως,
847 2279 897 2342 καί
908 2276 1054 2363 Σαμουὴλ
1066 2278 1127 2344 εἶπε
1139 2283 1183 2362 τῷ
1196 2224 1310 2343 Σαοιίὴ.

59 2362 113 2427 τὸν
125 2356 199 2425 λαόν
210 2386 269 2443 μου
279 2364 311 2424 ἐκ
320 2358 443 2445 χειρὸςᾶ
499 2356 611 2442 φίλων,
621 2355 669 2424 ὅτι
706 2358 791 2427 εἶπον
802 2364 847 2444 τῷ
859 2367 1016 2443 νεανίσκῳ,
1041 2365 1091 2427 καί
1103 2360 1248 2427 διελθέτω
1260 2365 1313 2445 ἔμ-

58 2444 212 2548 έπέβλερια
221 2444 271 2508 ἐπὶ
280 2441 333 2525 τὴν
342 2448 520 2508 ταπείνωσιν
528 2446 585 2506 τοῦ
594 2443 671 2509 λαοῦ
705 2453 841 2529 προσθεν
854 2438 944 2545 ὴμρνν.
970 2444 1022 2506 καί
1039 2444 1076 2506 σὺ
1094 2448 1186 2526 στῆθι
1202 2440 1243 2518 ὡς
1259 2440 1313 2527 σὴ-

57 2553 133 2613 μου,
160 2527 208 2590 ὁτι
233 2515 309 2608 ἦλθε
331 2524 390 2610 βοὴ
413 2524 515 2588 αῦτιῦν
533 2524 610 2670 πρὸς
625 2527 670 2608 μέ
707 2550 811 2610 μερον,
831 2527 883 2589 καὶ
895 2527 1115 2609 ακουσονρὴμα
1126 2529 1211 2588 θεοῦ.

58 2613 86 2654 ¹⁷
101 2610 155 2674 καί
166 2606 313 2691 Σαμουὴλ
329 2605 385 2670 είδε
401 2607 455 2671 τὸν
472 2605 558 2671 Σαοῦ
585 2655 595 2681 ,
620 2609 672 2672 καί
908 2613 983 2672 ΚΕ
994 2610 1033 2669 Φ.
1076 2603 1117 2672 l‘.
1228 2614 1232 2621 '

58 2689 164 2779 κῦριος
174 2690 323 2773 ἀπεκρίθη
336 2687 429 2774 αὐτῷ.
444 2689 510 2755 ἰδοῦ
520 2687 538 2754 ὁ
548 2689 670 2776 ἀνθρω-
707 2658 793 2756 Καὶ
811 2690 901 2778 ἔλαβε
913 2689 1061 2773 Σαμουὴλ
1071 2688 1132 2756 ’τὸν
1150 2688 1247 2771 φακὸν
1258 2695 1314 2756 τοῦ

56 2803 117 2851 πος
135 2773 173 2842 ἀν’
190 2771 260 2840 εἴπά
273 2799 334 2850 σοι,
360 2767 449 2849 οὗτος
474 2772 553 2860 ἀρξει
575 2776 606 2838 ἐν
624 2779 670 2857 τῷ
707 2777 827 2852 ἐλαίου,
852 2777 903 2840 καί
919 2776 1031 2859 ἐπέχεεν
1047 2777 1098 2840 ἐπὶ
1115 2774 1171 2858 τὴν
1183 2774 1313 2860 κεφαλὴν

59 2862 124 2944 λαῷ
148 2886 215 2946 μου.
255 2858 284 2900 ¹⁸
296 2858 349 2922 καὶ
371 2853 540 2944 προςὴγαγε
560 2857 669 2923 Σαοὺλ
706 2858 811 2924 αὐτοῦ.
836 2860 888 2924 καί
901 2857 1035 2943 ἐφίλησεν
1048 2856 1152 2935 αὐτὸν,
1169 2860 1220 2923 καί
1233 2857 1313 2925 εἶπεν

58 2947 134 3032 πρὸς
146 2938 291 3026 Σαμουὴλ
307 2945 346 3015 εἰς
362 2945 453 3024 μέσον
471 2946 525 3024 τὴς
540 2939 667 3017 πόλεως,
705 2942 798 3026 αὐτῷ.
824 2940 890 3028 οῦχί
907 2944 1021 3027 κεὴρικέ
1036 2967 1068 3006 σε
1084 2938 1186 3027 κῦριος
1203 2941 1276 3017 εἷςά

58 3030 110 3094 καί
123 3027 207 3092 εἶπεν.
222 3021 400 3103 ἀπάγγειλον
412 3025 448 3109 δὴ
457 3037 547 3100 ποῖος
557 3021 575 3090 ὃ
586 3024 667 3102 οἶκος
702 3051 794 3112 χοντα
802 3028 853 3091 ἐπί
863 3026 917 3091 τὸν
926 3025 1001 3091 λαὸν
1010 3023 1106 3091 αὐτοῦ
1116 3027 1168 3091 ἐπί
1177 2969 1312 3112 ’Ῑοραὴλς

58 3118 113 3177 τοῦ
125 3111 295 3197 βλέποντος.
332 3110 362 3151 ¹⁹
374 3110 425 3174 καί
437 3108 587 3193 ἀπεκρίθη
599 3117 666 3174 Σα-
703 3113 753 3175 καὶ
766 3109 804 3176 σὺ
821 3109 916 3193 ἀρξεις
933 3114 964 3176 ἐν
982 3108 1048 3192 λαῷ
1066 3115 1181 3196 κυρίου,
1206 3112 1259 3174 καί
1272 3108 1310 3176 σῦ

58 3195 154 3279 μουὴλ
165 3198 210 3278 τῷ
221 3191 345 3268 Σαοὺλ,
363 3194 415 3257 καί
425 3191 510 3257 εἶπεν.
537 3191 596 3272 ἐγώ
610 3198 665 3276 είμι
704 3191 804 3269 σώσεις
817 3191 910 3260 αῦτόν
923 3197 957 3258 ἐκ
967 3191 1062 3280 χειρὸς
1075 3198 1192 3281 ἐχθρῶν
1204 3191 1308 3258 αὐτοῦ.

58 3277 158 3354 αὐτός.
190 3273 322 3363 ἀνάβηθι
347 3278 519 3359 ἔμπροσθέν
542 3304 601 3360 μου
626 3282 666 3354 είς
702 3279 781 3342 2καί
793 3274 886 3342 τοῦτό
901 3302 947 3341 σοι
959 3277 996 3340 τὸ
1010 3290 1133 3358 σημεῖον,
1153 3272 1198 3341 ὅτι
1212 3278 1312 3360 ἔχρισιί

57 3365 171 3446 Βαμά,
196 3362 248 3424 καί
269 3354 344 3442 φάγε
360 3360 417 3442 μετ’
438 3362 511 3442 ἐμοῦ
530 3357 664 3444 σὴμερον,
703 3384 732 3424 σε
757 3355 858 3443 κύριος
880 3361 931 3421 ἐπί
947 3359 1140 3442 κληρονομίαν
1158 3356 1253 3420 αὐτοῦ
1270 3363 1311 3433 είς

57 3449 109 3510 καὶ
135 3445 324 3520 ἐξαποστελῶ
341 3469 372 3509 σε
390 3444 475 3530 πριοῒ
495 3444 547 3506 καί
564 3438 666 3509 πάντα
704 3441 843 3526 ἀρχοντα.
864 3437 905 3514 ὡς
918 3437 955 3503 ἀν
966 3439 1104 3530 ἀπθθης
1117 3436 1242 3524 σήμερον
1255 3437 1306 3503 ἀπ’

57 3530 98 3594 τὰ
117 3531 148 3592 ἕν
171 3532 209 3620 τῇ
226 3526 332 3609 καρδίᾳ
354 3553 408 3593 σου
429 3526 664 3604 ἀπαγγελοῦσα.
703 3528 790 3606 ἐμοῦ,
815 3525 868 3587 καὶ
885 3519 1011 3606 εῦρὴσεις
1034 3518 1089 3585 δύο
1106 3520 1216 3604 ἀνδρας
1231 3520 1310 3605 πρὸς

58 3613 146 3677 20καί
159 3612 226 3694 περὶ
238 3613 298 3674 τιῦν
310 3610 387 3676 ὄνων
399 3637 453 3676 σου
468 3613 527 3674 τῶν
540 3608 665 3675 ἀπολω-
703 3619 767 3683 τοῖς
778 3602 886 3686 τάφοις
899 3602 1009 3690 Ῥαχὴλ
1026 3608 1058 3668 ἕν
1071 3609 1115 3688 τῷ
1128 3602 1188 3690 ἀρει
1201 3608 1312 3668 Βενια-

60 3697 147 3762 λυιῶν
161 3690 286 3779 σὴμερον
304 3701 459 3780 τριταίων,
472 3690 524 3797 μὴ
537 3696 596 3783 θῇς
612 3692 668 3774 τὴν
703 3693 750 3772 μίν
775 3688 954 3795 ἇλὲλομένους
978 3684 1105 3793 μεγάλρ,
1130 3689 1183 3753 καὶ
1207 3690 1311 3772 ἐροῦσί

59 3781 181 3866 καρδίαν
194 3803 252 3842 σου
265 3775 380 3855 αὐτοῖς,
394 3773 443 3841 ὅτι
455 3801 486 3840 ευ
508 3798 598 3857 ηνται.
616 3777 668 3839 καί
703 3798 759 3838 σοι.
785 3798 920 3858 ευρηνται
938 3776 970 3836 αί
987 3772 1049 3837 ὄνοι
1066 3798 1102 3848 ας
1126 3773 1311 3860 ἒπορειίθητε

59 3870 114 3927 τίνι
130 3862 170 3928 τά
190 3858 291 3945 ὡραία
307 3866 363 3926 τοῦ
384 3799 524 3945 Ἰσραὴλ,
550 3857 587 3923 οῦ
607 3860 666 3934 σοὶ,
703 3859 804 3939 ζητιίν.
831 3858 882 3921 καὶ
899 3854 965 3920 ἰδοῦ
983 3852 1112 3943 ὁπατὴρ
1128 3882 1185 3922 σου
1198 3855 1309 3924 ἀποτε-

58 3949 109 4011 καὶ
124 3950 170 4029 τῷ
183 3946 259 4027 οἴκῳ
277 3949 335 4010 τοῦ
351 3940 468 4027 πατρός
485 3968 538 4008 σου
541 3971 554 4022 ,·
576 3945 602 3984 ²¹
615 3944 666 4007 καί
702 3946 836 4005 τίνακται
848 3936 885 4005 τὸ
898 3941 977 4042 ρὴμα
988 3945 1049 4004 τῶν
1063 3936 1148 4017 ὅνιον,
1174 3945 1225 4006 καί
1237 3944 1308 4010 36«-

58 4029 206 4117 ἀπεκρίθη
219 4024 341 4105 Σαοὺλ,
359 4029 411 4093 καί
423 4026 506 4092 εἶπεν.
533 4024 599 4112 οὐχί
611 4025 667 4092 ἀν-·
702 4021 863 4105 ιμιλεῦσατο
876 4023 910 4088 δι’
927 4027 1011 4106 υμάς,
1024 4023 1126 4102 λέγων.
1144 4030 1176 4089 τί
1186 4022 1307 4112 ποιὴσω

58 4114 126 4200 δρὸς
146 4110 208 4188 υίὸς
221 4111 379 4195 Ἰεμιναίου
397 4108 455 4188 ἐγώ
473 4115 528 4193 εἶμι
546 4114 602 4176 τοῦ
617 4138 666 4193 μι-
703 4109 777 4196 ῦπίρ
797 4114 852 4172 τοῦ
866 4112 935 4174 υἱοῦ
951 4134 1008 4190 μου
1012 4137 1024 4187 ;
1063 4110 1141 4174 3καί
1159 4105 1307 4200 ἀπελεῦση

58 4203 131 4283 κροῦ
157 4193 311 4282 σκὴπτρου
329 4195 424 4279 φυλῆς
445 4190 584 4277 Ἰσραὴλς
616 4196 666 4258 καί
702 4196 828 4269 ἐκεῖθεν,
854 4194 905 4257 καί
930 4195 1063 4258 ἐπέκεινα
1087 4190 1163 4278 ἥξεις
1180 4199 1236 4268 ἕως
1255 4200 1307 4274 τῆς

57 4287 109 4366 τὴς
118 4279 212 4365 φυλῆς
221 4284 274 4363 τὴς
285 4280 437 4364 ἐλαχίστης
447 4280 477 4354 ἐξ
487 4276 560 4342 ὅλου
570 4274 666 4362 σκὴπ-
701 4277 789 4358 δρυὸς
805 4276 930 4364 Θαβώρ,
956 4280 1007 4343 καὶ
1020 4273 1148 4364 εῦρὴσεις
1161 4281 1221 4340 ἐκεῖ
1231 4289 1307 4359 τρεῖς

57 4391 131 4451 τρσυ
151 4368 312 4444 Βενιαμίνς
343 4364 393 4426 καί
419 4366 499 4427 ίνατί
520 4357 667 4444 ἒλάλησας
701 4358 813 4445 ἀνδρας
834 4359 1047 4447 ἀναβαίνοντας
1066 4360 1143 4444 πρὸς
1159 4357 1214 4420 τὸν
1233 4359 1308 4421 θεὸν

56 4449 132 4533 πρὸς
147 4447 198 4531 ἐμὲ
211 4445 290 4511 κατὰ
302 4445 340 4512 τὸ
353 4450 433 4533 ρὴμα
446 4450 538 4510 τοῦτο
543 4474 554 4524 ;
572 4448 602 4486 ²²
615 4446 668 4508 καί
701 4448 739 4518 είς
749 4442 883 4527 Βαιθὴλ,
897 4449 950 4507 ένα
962 4445 1089 4527 αἴροντα
1101 4442 1172 4519 τρία
1184 4440 1306 4512 αἰγίδια,

56 4533 146 4622 ἔλαβε
171 4527 318 4615 Σαμουὴλ
345 4529 398 4595 τὸν
422 4527 529 4594 Σαοὺλ
552 4529 603 4592 καί
628 4525 665 4591 τὸ
699 4528 751 4592 καί
768 4531 819 4592 ἕνα
836 4529 962 4611 αἴροντα
980 4529 1050 4605 τρία
1072 4517 1177 4594 ἀγγεῖα
1196 4516 1309 4622 ἀρτωνί

1261 4621 1318 4659 ’και
