2924 4972
161 242 228 309 839
446 236 468 292 1
480 237 508 292 E
522 234 552 291 P
561 235 590 293 E
602 234 646 291 M
656 232 713 292 lA
724 233 756 290 Σ
795 230 873 304 Κεφ.
887 221 935 300 ιζ’.
949 221 997 307 ιη’.
1013 225 1062 288 17.
1078 222 1127 288 18.

156 346 266 421 Ἰούδα,
279 349 329 410 καί
343 341 489 409 κυκλόθεν
496 341 697 427 Ἰερουσαλήμ,
714 344 767 406 καί
804 344 870 421 φῶν
881 335 965 421 ήμῶν
977 333 1200 422 πορευσόμεθα,
1222 340 1274 401 καί
1287 342 1418 414 ἕκαστος

158 436 190 497 ἐκ
206 435 260 514 γῆς
272 430 431 510 Βενιαμίν,
455 428 505 489 καί
527 430 560 489 ἔκ
574 430 629 508 γής
641 425 765 505 πεδινῆς,
803 421 842 486 τά
855 419 965 506 ἀρεστά
977 425 1029 516 τῆς
1041 422 1166 505 καρδίας
1178 418 1275 486 αύτού
1289 425 1344 504 τής
1356 448 1419 486 πο-

158 519 210 581 καί
222 518 254 577 ἐκ
267 518 323 577 τοῦ
337 509 429 594 όρους
440 512 492 572 καὶ
503 510 534 572 ἐκ
544 512 598 590 τής
607 506 686 592 πρὸς
696 503 766 572 Νύ-
803 509 893 589 νηράς
916 528 1088 588 ποιήσομεν.
1125 505 1153 545 ¹³
1166 503 1216 568 διά
1232 508 1326 569 τοῦτο
1345 500 1419 570 τάδε

158 622 220 673 τον,
234 598 275 678 φέ
310 619 372 667 ντες
391 589 633 673 ὁλοκαυτώματα
645 591 696 655 καί
707 600 764 654 θυ-
803 587 878 664 λέγει
890 581 1000 672 κύριος.
1025 582 1197 674 ἐρωτήσατε
1213 586 1249 670 δή
1262 591 1295 651 ἔν
1307 590 1419 665 ἔθνεσι,

159 688 226 756 σίας
238 705 289 743 και
300 672 477 760 θυμιάματα
489 676 540 739 καί
549 669 647 755 μάννα
659 677 710 738 καί
719 674 766 737 λί-
803 677 848 744 τίς
868 670 975 753 ήκουσε
992 674 1121 735 τοιαῦτα
1134 671 1244 755 φρικτὰ
1259 667 1281 735 ἀ
1294 674 1419 755 ἐποίησε

159 770 264 852 βανον,
289 764 426 844 φέροντες
440 760 548 822 αἴνεσιν
561 761 600 831 είς
614 755 700 821 αίκον
711 781 765 819 κυ-
804 749 925 838 σφόδρα
933 757 1087 854 παρθένος
1093 750 1217 840 Ἰσραήλ
1222 783 1234 832 ,·
1243 753 1314 837 11μή
1324 755 1419 821 ε’κλεί.

160 853 235 932 ρίου.
274 846 303 886 ²⁷
317 845 368 908 καί
384 845 469 907 ἔσται
487 839 541 906 έάν
556 838 596 922 μή
617 835 768 922 ἀκούσητέ
803 856 912 916 ψουσιν
938 835 1002 902 ἀπο
1025 839 1138 920 πέτρας
1154 839 1281 918 μαστοὶ,
1307 836 1327 921 ἢ
1334 839 1420 945 ψιῶν

159 956 218 1013 μου
230 931 287 993 τοῦ
300 922 429 1004 ἀγιάζειν
438 924 492 1008 τήν
501 919 611 1007 ἡμέραν
621 927 682 987 τῶν
691 926 766 1008 σαβ-
804 917 867 984 ἀπὸ
888 924 944 984 τοῦ
962 917 1099 1008 Λιβάνου
1103 949 1116 999 ,·
1141 920 1182 1005 μή
1200 921 1317 1013 έκκλίνη
1331 924 1418 1011 υδωρ

160 1011 278 1101 βάτων,
302 1014 356 1073 τοῦ
379 1008 418 1091 μή
447 1009 538 1092 αἴρειν
554 1002 765 1091 βαστάγματα,
803 1008 907 1151 βραίως
923 1001 1021 1088 ἀνέμῳ
1035 1001 1207 1110 φερόμενονς
1232 1006 1259 1048 ¹⁵
1274 1002 1324 1070 ὅτι
1346 1011 1419 1072 έπε-

161 1097 213 1160 καί
224 1093 265 1177 μή
279 1089 498 1177 εἰσπορεύεσθαι
510 1100 576 1163 ταῖς
589 1086 697 1163 πύλαις
709 1086 766 1153 Ἱε-
834 1081 942 1151 ’θοντό
954 1113 1014 1170 μου
1027 1087 1101 1162 λαος
1111 1113 1180 1171 μου,
1192 1093 1232 1164 είς
1244 1085 1327 1155 κενὸν
1341 1094 1420 1156 ἔθυ-

162 1174 319 1279 ρουσαλήμ
328 1179 360 1240 έν
371 1179 408 1268 τῇ
420 1170 514 1259 ήμέρρι
525 1177 588 1236 των
598 1168 767 1259 σαββάτων,
803 1175 925 1252 μίασαν,
963 1173 1017 1235 καί
1041 1167 1259 1254 ἀσθενήσουσιν
1291 1175 1324 1240 ίν
1349 1188 1419 1250 ταῖς

162 1262 213 1325 καί
225 1257 340 1343 ἀναψω
352 1269 414 1341 πῦρ
428 1259 460 1322 ἔν
472 1267 538 1330 ταῖς
548 1252 656 1329 πύλαις
666 1252 767 1338 αάτής,
805 1251 887 1328 ὁδοῖς
908 1250 1011 1319 αύτῶν
1027 1260 1161 1339 σχοίνους
1178 1260 1330 1333 αἰωνίους,
1357 1263 1419 1323 τοῦ

163 1344 216 1409 καί
235 1337 442 1421 καταφάγεται
472 1338 597 1422 ἀμφσδα
616 1338 768 1424 Ἱερουσα-
806 1338 941 1421 ἐπιβῆναι
953 1341 1071 1424 τρίβους
1084 1335 1140 1403 σύκ
1153 1341 1277 1423 ἔχοντας
1290 1336 1366 1407 ὁδὸν
1378 1347 1419 1418 είς

163 1428 237 1511 λήμ,
263 1427 315 1491 καί
326 1423 363 1490 ού
377 1417 581 1510 σβεσθήσεται.
806 1426 944 1505 πορείαν,
969 1421 998 1464 11
1012 1425 1068 1487 τοῦ
1079 1416 1166 1498 τάξαι
1179 1419 1233 1505 τήν
1245 1428 1302 1508 γῆν
1315 1422 1419 1489 αάταῑν

189 1514 202 1541 ⁸
350 1514 384 1573 Κ
395 1513 424 1569 E
436 1510 474 1569 Φ.
518 1501 582 1568 11!
585 1552 593 1567 .
807 1507 845 1579 είς
861 1502 1050 1588 ἀφανισμὸν,
1074 1508 1126 1569 καί
1143 1499 1267 1590 σύριγμα
1281 1503 1417 1574 αίιύνιον.

165 1559 216 1660 0
238 1585 327 1669 λόγος
346 1588 363 1654 ό
382 1583 450 1666 γενό
473 1612 536 1662 ενος
559 1585 646 1691 παρά
664 1593 768 1674 κυρίου
806 1583 913 1662 πάντες
938 1592 968 1652 οῖ
993 1583 1230 1692 διαπορευόμενοι
1255 1588 1290 1655 δι’
1321 1589 1419 1677 αὐτῆς

163 1673 241 1760 πρὸς
261 1671 419 1755 Ἰερεμίαν,
445 1616 549 1748 λέγων.
580 1666 769 1755 1ανάστηθι,
806 1664 1010 1756 ἐκστήσονται,
1026 1675 1078 1737 καί
1088 1697 1240 1756 κινησουσι
1251 1671 1308 1758 τήν
1318 1699 1416 1756 κεφα-

164 1760 217 1823 καί
229 1754 379 1859 κατάβηθι
392 1760 431 1831 είς
449 1752 531 1821 οἶκον
543 1758 600 1819 τοῦ
612 1759 770 1841 κεραμέως,
806 1752 861 1837 λήν
886 1752 993 1819 αὐτῶν.
1029 1758 1057 1798 ¹⁷
1076 1753 1116 1831 ὡς
1141 1753 1249 1839 ἀνεμον
1272 1754 1418 1823 καύσωνα

167 1843 218 1906 καί
245 1844 305 1905 ἐκεῖ
328 1834 443 1930 ακούση
467 1836 540 1913 τοὺς
566 1833 675 1918 λόγους
699 1865 769 1923 μου.
807 1838 961 1921 διασπερῶ
978 1835 1179 1913 αὐτοὺςκατά
1191 1835 1350 1924 πρόςωπον
1363 1843 1411 1925 ἐχ·

166 1926 245 1988 1καί
261 1925 388 2008 κατέβην
401 1919 506 1996 είςτόν
519 1919 670 1987 οίκοντοῑι
683 1947 770 2007 κερα-
808 1926 893 2005 θρῶν
917 1919 1034 1999 αάτῶν,
1063 1923 1147 2000 δείξω
1174 1920 1272 1997 αὐτοῖς
1297 1919 1419 2009 ἡμέραν

165 2010 252 2090 με’ως,
268 2010 320 2069 καὶ
331 2004 399 2070 ἰδοὺ
412 2002 504 2079 αὐτός
517 2006 609 2068 ἐποίει
623 2007 709 2089 ἔργον
721 2008 772 2070 έπί
809 2001 958 2081 ἀπωλείας
970 2003 1078 2070 αὐτῶν.
1103 2008 1132 2049 ¹⁸
1145 2008 1197 2070 καί
1207 2004 1304 2071 εἶπαν.
1330 2008 1419 2075 δεῦτε

166 2093 227 2154 τῶν
245 2090 357 2162 λίθων,
382 2086 463 2151 1καί
487 2090 569 2153 ἔντεσι
585 2085 622 2152 τό
640 2085 771 2166 ἀγγεῖον,
808 2090 860 2152 καί
884 2084 1075 2173 λογισώμεθα
1099 2091 1149 2154 ἐπί
1168 2088 1308 2175 Ἱερεμίαν
1330 2090 1420 2171 λογι-

167 2170 187 2236 ὃ
205 2170 297 2246 αὐτὸς
314 2173 406 2236 ἐποίει
423 2173 454 2236 ἓν
470 2182 536 2246 ταῖς
552 2173 650 2256 χερσίν
663 2170 771 2237 αὐτοῦ.
810 2169 899 2252 σμὸν,
924 2169 971 2238 ὅτι
992 2170 1048 2239 οὐκ
1066 2173 1224 2239 ἀπολεῖται
1241 2169 1332 2258 νόμος
1351 2173 1417 2241 ἀπὸ

168 2258 220 2321 καί
243 2251 334 2321 πάλιν
354 2252 447 2329 αὐτὸς
466 2258 604 2337 ἐποίησεν
622 2252 699 2323 αύτὸ
715 2255 773 2334 ἀγ-
810 2258 924 2360 ἱερέως,
949 2260 1000 2322 καί
1017 2256 1110 2343 βουλή
1123 2254 1186 2322 ἀπὸ
1200 2263 1338 2336 συνετοῦ,
1366 2263 1420 2325 καί

167 2352 247 2419 γεΐον
265 2344 381 2424 ἔτερον,
405 2334 510 2413 καθιδς
529 2340 629 2424 ἤρεσεν
647 2335 773 2404 ἐνώπιον
808 2338 897 2416 λογος
911 2336 975 2405 ἀπὸ
988 2337 1157 2425 προφήτου.
1180 2341 1270 2418 δεῦτε,
1290 2346 1341 2408 καί
1354 2372 1419 2408 πα-

169 2423 267 2488 αύτού
285 2425 420 2506 ποιήσαι.
452 2422 530 2486 ‘nal
547 2424 663 2499 ἐγένετο
682 2422 773 2500 λόγος
809 2418 940 2504 τάξωμεν
954 2421 1047 2490 αύτδν
1060 2429 1091 2490 ἐν
1101 2421 1234 2517 γλύσση,
1257 2429 1309 2490 καί
1321 2425 1418 2492 ἀκου-

166 2512 270 2591 κυρίου
283 2505 360 2592 πρὸς
358 2505 421 2611 μὲ,
446 2504 547 2583 λέγων.
575 2505 772 2580 11είκαθιδςίν
810 2503 927 2590 σόμεθα
951 2505 1069 2584 πάντας
1093 2507 1164 2583 τούς
1180 2509 1288 2585 λόγους
1305 2508 1417 2576 αὐτοῦ.

167 2588 307 2675 κεραμεύς
337 2614 425 2662 ουτος
454 2587 490 2653 ού
522 2584 687 2692 δυνήσομαι
717 2594 772 2655 τοῦ
808 2593 836 2633 ¹⁹
850 2585 1018 2664 εῗςάκουσόν
1030 2619 1087 2674 μου
1099 2587 1134 2657 κύ
1154 2617 1189 2667 ιε,
1215 2587 1417 2664 καίείςάκου-

166 2679 289 2757 ποιήσαι
305 2671 379 2757 ὑμᾶς
391 2670 471 2748 σίκυς
485 2671 625 2758 ’Ῑσραηλς
653 2672 718 2737 ίδού
732 2670 772 2749 ὥς
810 2698 862 2738 σον
880 2678 932 2757 τῆς
948 2682 1049 2759 φωνῆς
1066 2681 1122 2742 τοῦ
1135 2619 1331 2756 ἀικαιιύματός
1344 2702 1416 2758 μου.

166 2753 184 2821 ὁ
203 2757 297 2839 πηλὸς
322 2759 376 2820 τοῦ
396 2759 542 2839 κεραμέως
560 2754 636 2837 ὑμεῖς
658 2760 724 2822 ἔστε
741 2759 772 2822 ίν
808 2759 839 2802 ²⁰
852 2762 876 2821 εί
888 2757 1122 2826 ἀνταποδίδοται
1140 2757 1206 2825 ἀντί
1218 2757 1345 2838 ἀγαθῶν
1359 2787 1417 2826 κα-

163 2845 261 2946 ηερσίν
271 2865 337 2921 μου.
351 2840 462 2922 7πέρας
475 2834 598 2921 λαλήσω
611 2842 660 2903 ἐπὶ
671 2844 770 2915 ἔθνος,
808 2837 863 2919 κάς
874 2837 920 2905 ότι
931 2839 1133 2926 συνελάλησαν
1143 2839 1262 2927 ῥήματα
1272 2842 1351 2907 κατά
1364 2849 1417 2927 τής

164 2950 184 3005 η
210 2924 260 2987 ἔστί
283 2921 436 3007 βασιλείαν
453 2925 510 2985 τοῦ
528 2923 631 3007 ἐξᾶραι
649 2921 770 2998 αύτούς,
808 2929 904 3009 ψυχῆς
914 2950 996 3028 μου,
1023 2928 1074 2989 καί
1096 2923 1150 3006 τήν
1168 2924 1291 2989 κόλασιν
1310 2924 1417 2992 αὐτῶν

165 3009 216 3070 καί
233 3011 289 3071 τοῦ
309 3000 483 3079 ἀπολλύειν,
508 3007 523 3048 1
537 3008 588 3069 καί
601 3008 771 3091 ἐπιστροφή
807 3010 942 3093 ἔκρυψαν
952 3033 1011 3090 μοι.
1024 3003 1169 3089 μνήσθητι
1183 3002 1415 3088 ἑστηκότοςμου

164 3086 199 3153 τό
214 3092 302 3163 ἔθνος
319 3091 409 3152 έκεῖνο
428 3087 490 3153 ἀπὸ
503 3086 625 3154 πάντων
643 3094 703 3153 τῶν
715 3080 770 3155 κά-
807 3092 886 3156 κατά
910 3087 1072 3177 πράςωπόν
1096 3116 1168 3167 σου,
1195 3095 1252 3155 τοῦ
1276 3089 1417 3173 λαλῆσαι

163 3175 223 3235 κάν
236 3170 352 3246 αὐτῶν,
378 3173 430 3234 καὶ
444 3169 617 3256 μετανοήσω
629 3175 771 3258 περὶτῶν
806 3169 882 3260 ὑπὲρ
896 3176 998 3239 αὐτῶν
1010 3173 1132 3253 ἀγαθά,
1148 3178 1203 3239 τοῦ
1216 3173 1417 3259 ἀποστρέψαι

163 3258 276 3330 κακῶν,
303 3245 344 3318 ὦν
362 3253 552 3338 ἐλογισάμην,
578 3260 634 3320 τοῦ
647 3263 769 3342 ποιήσαι
806 3257 858 3320 τὸν
882 3253 982 3335 θυμόν
1006 3283 1060 3322 σου
1085 3256 1136 3322 ἀπ’
1168 3257 1279 3323 αὐτῶν.
1318 3262 1347 3301 11
1365 3260 1417 3325 διά

164 3337 276 3414 αὐτοῖς.
290 3339 367 3402 1’καί
378 3341 473 3425 πέρας
485 3336 607 3423 λαλήσω
618 3343 667 3404 ἔπὶ
680 3345 770 3417 ἔθνος
807 3344 898 3404 τοῦτο
913 3338 964 3413 δὸς
976 3342 1046 3414 τούς
1060 3338 1143 3414 αἶούς
1156 3338 1258 3405 αὐτῶν
1269 3345 1308 3416 εἰς
1318 3342 1415 3425 λιμὸν,

163 3425 216 3488 καί
239 3421 405 3510 βασιλιίαν,
430 3427 487 3489 τοῦ
511 3423 769 3506 ἀνοικοδομεῖσθαι
807 3425 857 3488 καί
865 3421 1015 3509 άθροισον
1027 3420 1137 3498 αύτούς
1148 3427 1186 3498 είς
1197 3435 1297 3508 χεῖρας
1304 3433 1414 3509 μαχαί-

164 3510 215 3571 καί
228 3512 285 3572 τοῦ
296 3503 563 3588 καταφυτεύεσθαι,
581 3512 610 3551 ¹⁰
621 3511 670 3573 καί
680 3504 769 3592 ποιή-
807 3533 870 3591 ρας.
899 3510 1089 3585 γενέσθωσαν
1115 3511 1148 3571 αῖ
1165 3519 1298 3585 γυναῖκες
1314 3509 1416 3574 αὐτῶν

164 3615 239 3654 σωσι
252 3587 292 3652 τά
303 3590 422 3674 πονηρά
434 3595 566 3657 ἐναντίον
577 3617 646 3675 μου,
664 3596 719 3656 τοῦ
730 3589 769 3675 μή
806 3592 921 3656 ἀτεκνοι
933 3593 985 3656 καί
1000 3596 1103 3678 γήραι,
1128 3594 1178 3655 καί
1192 3597 1222 3655 οἱ
1239 3590 1342 3677 ἀνδρες
1355 3590 1415 3656 αύ-

164 3668 282 3735 ἀκούειν
295 3676 347 3755 τής
359 3678 460 3757 φωνῆς
471 3699 540 3757 μου.
563 3676 614 3739 καὶ
626 3673 769 3761 μετανοή-
806 3679 867 3741 των
878 3679 1070 3753 γενέσθωσαν
1084 3672 1260 3780 ἀνηρημένοι
1271 3678 1413 3757 θανάτῳ,

163 3777 209 3816 σω
235 3756 303 3837 περί
329 3760 390 3819 τῶν
415 3753 544 3832 ἀγαθοῖν
564 3750 606 3822 ὦν
626 3754 768 3842 ἐλάλησα,
806 3761 858 3823 καί
883 3763 915 3824 οἶ
940 3764 1085 3823 νεανίσκοι
1107 3762 1208 3824 αυτιύν
1225 3753 1415 3834 πεπτωκότες

162 3840 218 3900 τοῦ
235 3841 358 3919 ποιήσαι
381 3836 492 3914 αὐτοῖς.
518 3844 543 3882 ¹¹
556 3842 671 3906 καίνῦν
684 3842 768 3909 εἰπὸν
804 3847 937 3946 μαχαίρᾳ
973 3845 1003 3904 ἔν
1034 3843 1165 3926 πολέμῳ.
1203 3843 1233 3883 11
1254 3837 1414 3925 γενηθήτω

163 3916 243 4002 πρὸς
261 3918 371 4003 ἀνδρας
394 3918 509 3998 Ἰούδα,
534 3926 584 3987 καὶ
601 3923 680 4006 πρὸς
698 3924 768 4001 τοὺς
804 3952 919 4009 κραυγη
932 3927 962 3988 έν
973 3937 1040 3999 ταῖς
1054 3930 1159 4000 οἰκίαις
1173 3923 1284 4000 αὐτῶν,
1298 3923 1416 4002 ἐπάξεις

162 4007 377 4076 κατοικοῦντας
395 4000 597 4090 Ἰερουσαλήμ.
625 4008 690 4072 ἰδού
710 4009 768 4087 ἐγώ
804 4006 847 4073 ἐπ’
864 4007 977 4083 αὐτούς
994 4007 1105 4092 ληστάς
1123 4009 1223 4089 ἀφνω,
1249 4005 1296 4073 ὅτι
1313 4010 1415 4093 ε’νεχεί-

162 4078 289 4148 πλάσσω
308 4083 351 4164 ἐφ’
369 4082 444 4166 ὑμᾶς
462 4087 556 4165 κακά,
582 4093 633 4155 καὶ
651 4091 766 4168 λογίζο-
804 4117 897 4177 ρηοαν
921 4082 1019 4168 λόγον’
1037 4098 1076 4167 είς
1095 4089 1245 4175 σύλληψίν
1261 4117 1338 4173 μου,
1364 4097 1417 4158 καί

160 4192 213 4246 μαι
227 4164 271 4246 ἐφ’
286 4163 360 4249 ὑμᾶς
374 4166 524 4250 λογισμόν.
539 4171 768 4257 ἀποστραφήτω
803 4177 933 4254 παγίδας
951 4180 1089 4261 ἔκρυψαν
1109 4176 1153 4240 ἐπ’
1175 4178 1232 4257 ἐμέ.
1263 4176 1359 4240 11καί
1377 4176 1415 4243 σὺ

162 4249 198 4332 δή
213 4254 335 4325 ἕκαστος
352 4248 417 4314 ἀπὸ
438 4250 511 4317 ὁδοῦ
530 4253 626 4320 αὐτοῦ
642 4261 695 4338 τής
708 4287 768 4324 πο·
803 4256 884 4344 κύριε
901 4263 992 4338 ἔγνως
1009 4256 1132 4324 άπασαν
1150 4257 1202 4344 τήν
1220 4257 1333 4346 βουλήν
1360 4259 1417 4325 αύ-

160 4338 261 4418 νηρᾶς,
275 4337 327 4399 καί
340 4332 481 4399 καλλίονα
493 4333 639 4420 ποιήσατε
651 4339 690 4404 τά
703 4344 770 4407 ε’πι-
803 4351 865 4410 τῶν
878 4343 923 4408 ἐπ’
938 4341 987 4426 ἐμὲ
1000 4349 1037 4418 εἰς
1047 4338 1193 4409 θάνατον.
1204 4343 1246 4426 μή
1261 4339 1417 4428 ἀθωιύσης

158 4414 329 4504 τηδεύματα
354 4414 443 4500 ὑμῶν.
481 4421 509 4460 ¹²
523 4424 574 4484 καί
590 4421 684 4489 εἶπαν.
715 4424 768 4490 ἀν·
803 4425 856 4502 τάς
869 4425 984 4500 ἀδικίας
996 4426 1112 4502 αὐτῶν,
1135 4428 1186 4491 καί
1198 4425 1253 4501 τάς
1265 4418 1417 4512 ἁμαρτίας

158 4500 335 4585 δριούμιθα,
363 4499 409 4568 ότι
427 4501 525 4571 ὀπίσω
542 4510 602 4573 τῶν
615 4505 768 4596 ἀπσστρο-
803 4509 905 4577 αύτῶν
924 4507 987 4576 ἀπὸ
1004 4507 1169 4595 πρσςοίπσυ
1186 4535 1238 4575 σου
1250 4506 1291 4595 μή
1303 4512 1416 4587 ἐξαλεί-

1343 4622 1412 4680 W
