2924 4972
407 267 621 332 ΙΟΤΔΙΘ
662 272 738 348 Κεφ.
753 263 780 331 ί.
795 267 844 332 ια’.
862 270 910 336 10.
930 272 976 335 ll.
1250 271 1316 336 533

70 384 143 460 τούς
156 384 342 459 δακτυλίους,
369 388 420 448 καί
431 386 470 448 τά
484 385 606 458 ε’·νιότια,
625 388 676 449 καί
708 383 870 469 πρόςωπον
882 388 984 474 αὐτῆς,
999 394 1049 455 καί
1063 418 1099 473 ην
1111 396 1244 457 ἐναντίον
1257 392 1316 456 αδ-

70 466 170 532 πάντα
182 464 235 532 τόν
248 468 357 549 κόσμον
368 465 470 548 αὐτῆς.
483 469 534 531 καί
544 467 675 531 ἕκαλλω-
709 474 769 532 των
780 467 951 551 θαυμάσιον
964 479 1007 557 τῷ
1018 470 1117 538 κάλλει
1127 476 1254 578 σφόδρα,
1265 475 1317 540 καλ

69 558 180 616 πίοατο
198 546 315 635 σφόδρα
333 555 371 624 εἷς
388 547 537 632 ἀπάτησεν
553 548 675 630 ὀφθαλ·
708 551 794 617 εἶπαν
804 550 882 639 πρὸς
893 551 995 635 αὐτήν.
1013 559 1177 632 15σε’σωιιας
1189 582 1241 640 την
1255 578 1315 640 εμυ·

68 639 132 716 μιόν
158 633 288 718 ἀνδρῶν,
314 629 380 698 ὅσοι
399 632 437 697 ἀν
457 634 556 697 ἴδωσιν
573 629 674 717 αὐτήν.
707 632 997 718 χήνσου,σπεύσαοα
1006 644 1170 727 καταβῆναι
1180 644 1218 714 είς
1227 638 1315 723 πρός·

68 719 81 759 ⁶
95 719 145 781 καί
158 720 247 782 ἔδωκε
265 720 301 807 τῆ
313 713 393 802 ἀβρσμ
406 714 498 800 αὐτῆς
511 714 676 781 ἀσκοπντί-
709 743 795 782 ωπον
807 724 862 782 τοῦ
877 723 979 804 κυρίου
994 719 1081 824 ήμῶν.
1096 725 1148 788 καί
1160 728 1212 788 νῦν
1223 719 1316 808 πρός-

68 823 117 883 νην
131 802 231 873 σίτου,
258 803 309 864 καί
320 796 482 883 καμφάκην
495 799 607 877 ἐλαίου,
624 800 676 863 καί
708 800 777 866 ελθε
796 803 848 865 ἐπὶ
866 799 918 885 τήν
937 827 1043 886 ακηνην
1057 804 1151 871 αὐτοῦ
1159 857 1169 884 ,
1194 809 1244 871 καὶ
1261 804 1312 907 ἀφ’

66 879 166 968 πήραν
179 878 349 968 ἐπλήρωσεν
361 881 496 964 ἀλφίτων
510 884 561 946 καί
573 878 675 947 παλά·
708 881 790 968 ἡμῶν
807 886 1027 986 προπίμεηιουσί
1043 911 1073 951 οε
1095 892 1150 962 ἕως
1167 889 1315 974 παραδα-

66 977 123 1048 θης
142 968 193 1030 καὶ
212 965 313 1052 ἀρτων
329 971 489 1050 καθαρῶν,
515 968 566 1030 καί
578 989 675 1050 περιε-
708 973 793 1031 οουσί
810 991 840 1031 σε
857 971 895 1043 εἷς
913 992 966 1042 τας
985 979 1081 1071 χεῖρας
1093 969 1197 1035 αὑτοῦ.
1224 970 1316 1036 16ἐάν

66 1047 212 1114 δίπλωσεν
223 1045 325 1114 πάντα
339 1047 377 1114 τά
391 1047 494 1126 ἀγγεῖα
507 1046 611 1132 αὐτῆς,
624 1051 675 1112 καί
707 1048 739 1113 δὲ
752 1054 824 1142 στῆς
842 1054 976 1115 ἐναντίον
989 1055 1099 1126 αυτοῦ,
1123 1049 1163 1135 μή
1177 1057 1315 1145 φοβηθῇς

66 1134 211 1213 ἐπέθηκεν
233 1131 277 1196 ἐπ’
298 1130 384 1224 αὐτῇ.
410 1133 489 1196 θκαί
507 1127 675 1212 ἑξήλθοσαν
707 1136 744 1235 τῆ
757 1133 865 1237 καρδίᾳ
879 1158 945 1207 σου,
960 1129 1039 1198 ἀλλά
1051 1128 1224 1239 ἀνάηγειλον
1236 1135 1316 1199 κατά

66 1215 116 1274 ἐπὶ
136 1209 298 1297 τῆνπύλην
314 1219 366 1296 τῆς
378 1211 492 1287 πόλεως
505 1210 674 1289 Βετυλούα,
707 1239 745 1278 τα
771 1211 889 1300 ρἠματά
916 1240 985 1291 σου,
1011 1219 1063 1280 καί
1088 1241 1119 1280 ευ
1142 1240 1173 1281 οε
1190 1212 1315 1300 ποιήσει.

65 1296 116 1357 καί
130 1293 256 1379 εδροσαν
274 1301 441 1377 ἐφεστῶτας
453 1294 497 1360 ἐπ’
514 1295 605 1379 αὐτῆς
623 1295 674 1361 ’O-
706 1300 733 1342 ¹⁷
746 1300 799 1363 καί
811 1299 948 1374 ἒπέλεξαν
965 1301 996 1376 ἐξ
1008 1297 1110 1363 αὐτῶν
1123 1297 1233 1382 ἀνδρας
1246 1301 1315 1364 ἱκα·

65 1382 145 1454 ζίαν,
172 1383 222 1443 καί
236 1377 308 1455 τοὺς
319 1380 537 1466 πρεσβυτέρους
549 1384 601 1463 τῆς
613 1376 674 1443 πό-
705 1378 767 1457 τὸν,
780 1383 831 1445 καί
844 1384 1024 1484 παρέζευξαν
1034 1381 1112 1474 αὐτῆ
1126 1384 1178 1447 καί
1188 1387 1224 1474 τῆ
1234 1379 1316 1469 ἀβρᾳ

64 1462 136 1536 λεως
151 1464 271 1564 Χαβρὶν
285 1466 335 1529 καί
355 1469 483 1566 Χαρμίν.
508 1459 576 1537 Ὶως
587 1461 618 1527 δι’
631 1462 674 1527 εἴ·
705 1463 806 1567 αὐτῆς,
820 1467 870 1528 καί
884 1467 995 1548 ήγαγον
1006 1464 1100 1539 αδτάς
1113 1467 1164 1530 ἐπὶ
1176 1472 1230 1548 τήν
1243 1491 1314 1547 σκη-

64 1546 116 1608 δσν
143 1542 250 1628 αὐτην,
276 1549 327 1612 καί
351 1535 387 1631 ήν
412 1545 609 1628 ηλλοιωμίνον
635 1542 672 1610 τό
705 1546 757 1630 τήν
781 1548 959 1631 Ολσφέρνου.
999 1549 1222 1626 18καίίμένετο
1242 1574 1314 1614 συν-

62 1623 226 1710 πρόςωπον
238 1627 345 1714 αὐτῆς,
371 1632 422 1694 καί
435 1626 488 1712 τήν
502 1626 611 1710 στολήν
622 1653 671 1710 με·
704 1629 798 1715 δρομή
812 1635 842 1695 ἐν
852 1628 937 1723 πάση
949 1634 987 1723 τῆ
999 1631 1182 1725 παρεμβολῇ.
1196 1627 1313 1718 διεβοή-

63 1712 275 1819 ταβεβληκυῖατ
299 1711 406 1796 αὐτῆς,
432 1713 481 1775 καὶ
499 1709 672 1793 ἐθαύμασαν
703 1722 746 1815 θη
757 1713 815 1799 γὰρ
829 1718 869 1788 είς
882 1712 921 1778 τά
935 1710 1114 1796 σκηνώματα
1134 1711 1142 1733 ‘
1158 1719 1312 1799 παρουσία

63 1799 113 1858 ε’πι
126 1800 170 1876 τῴ
183 1791 283 1860 κάλλει
293 1795 385 1878 αὐτῆς
394 1797 443 1860 ἐπί
453 1793 532 1858 πολύ
543 1791 670 1897 σφόδρα.
704 1801 804 1878 αυτῆς.
831 1799 882 1861 καὶ
899 1795 1041 1874 ἐλθόντες
1058 1741 1200 1862 ἐκύκλουν
1217 1793 1313 1880 αδτήν

62 1882 112 1941 καί
131 1879 218 1944 εἶπαν
228 1876 318 1972 αὐτῇ.
346 1881 362 1921 ⁸
375 1878 393 1943 ὁ
406 1874 478 1953 θεός
495 1875 597 1953 ὁθεος
611 1881 672 1942 ειδν
703 1877 744 1954 ὡς
761 1879 883 1963 εἱστήκει
903 1883 964 1958 ἐξω
977 1886 1030 1966 τῆς
1043 1885 1150 1966 σκηνῆς
1163 1879 1312 1986 Ὀλοφίρ-

61 1965 201 2047 πατέρων
219 1960 301 2047 ήμῶν
317 1961 379 2046 δῴη
397 1987 426 2027 σε
445 1967 484 2036 εἰς
495 1957 592 2048 χάριν,
618 1964 670 2026 καί
703 1988 769 2042 νου,
788 1969 844 2039 ἕως
855 1961 1068 2067 προςήγμειλαν
1080 1965 1166 2048 αὐτῷ
1176 1967 1244 2051 περὶ
1255 1989 1311 2028 αυ-

63 2042 213 2111 τελειιάσαι
238 2045 278 2111 τά
304 2041 521 2129 ἐπιτηδεύματά
549 2071 606 2110 σου
631 2049 670 2121 εἰς
703 2053 762 2150 τῆς.
789 2050 881 2113 19καί
899 2050 1071 2130 ἐθαύμαζον
1088 2050 1194 2130 ἐπίτῷ
1211 2045 1312 2112 κάλλει

62 2135 213 2212 γαυρίαμα
233 2133 307 2193 υίιδν
320 2128 459 2213 Ἰσραήλ,
487 2130 538 2192 καί
555 2125 670 2212 άφωμα
703 2136 804 2214 αυτῆς,
822 2134 873 2195 καί
886 2129 1060 2214 ἐθαύμαζον
1071 2127 1143 2206 τούς
1155 2127 1311 2205 υίούςἸσ-

62 2207 262 2296 Ἰερουσαλήμ.
277 2207 585 2295 καίπροςεκόνησετῷ
597 2216 669 2292 θεῷ,
702 2210 780 2315 ραήλ
805 2212 856 2277 ἀπ’
885 2214 985 2298 αὐτῆς.
1012 2217 1064 2278 καί
1089 2212 1168 2279 εἶπεν
1187 2218 1311 2290 ἕκαστος

63 2297 139 2359 9καί
151 2295 212 2359 εἶπε
225 2295 301 2377 πρὸς
313 2291 432 2368 αὐτούς.
447 2289 604 2368 ἐπιτάξατε
616 2292 671 2357 ἀν-
703 2320 778 2379 προς
804 2294 856 2360 τὸν
873 2296 916 2360 πλ
936 2301 1000 2360 σίον
1018 2293 1121 2359 αδτοῦ.
1155 2302 1199 2370 τίς
1216 2320 1311 2360 κατα-

63 2381 144 2453 οἴξαί
159 2405 208 2457 μοι
222 2375 274 2459 τήν
287 2372 347 2442 πάλ
368 2400 383 2438 ν
400 2381 451 2456 τῆς
463 2370 592 2450 πόλεως,
619 2375 671 2437 καί
704 2373 841 2460 φρονήσει
854 2382 909 2442 τοῦ
915 2324 999 2442 λαοῦ
1014 2375 1141 2453 τούτου,
1166 2374 1199 2452 ὃς
1212 2380 1266 2480 ἔζεε
1281 2381 1312 2442 ἐν

62 2456 247 2562 ἐξελεύσομαι
265 2464 303 2535 εἰς
320 2403 468 2521 τελείωσιν
486 2462 548 2520 τῶν
563 2457 670 2532 λόγων,
704 2461 804 2541 ἑαυτῷ
815 2471 955 2536 γυναῖκας
967 2453 1107 2533 τοιαύτας
1111 2487 1123 2536 ,·
1144 2455 1190 2522 ὅτι
1205 2484 1241 2522 ου
1256 2485 1311 2523 κα-

62 2565 106 2605 ων
119 2537 281 2624 ἐλαλήσατε
299 2539 357 2623 μετ’
375 2544 455 2621 ἐμοῦ.
480 2541 532 2603 καί
546 2541 671 2604 συνέτα-
704 2537 757 2605 λόν
769 2546 848 2606 ἐστιν
865 2539 1082 2607 ἀπολείπεσθαι
1101 2543 1131 2618 ἐξ
1145 2538 1244 2605 αδτιδν
1256 2540 1309 2606 άν-

62 2629 117 2701 ξαν
130 2635 191 2697 τοῖς
204 2631 359 2698 νεανίσκοις
373 2621 489 2698 ἀνοῖξαι
503 2620 577 2713 αὐτῇ
591 2632 670 2687 καθ·
703 2626 760 2709 δρα
772 2630 833 2700 ἕνα,
851 2631 883 2689 οἳ
894 2623 1053 2706 ἀφεθέντες
1065 2620 1241 2708 δυνήσονται
1255 2650 1311 2688 κα-

62 2705 109 2772 ότι
127 2702 282 2790 ἐλάλησαν.
308 2708 397 2770 10καὶ
409 2709 552 2788 ἐποίησαν
566 2703 668 2781 οὕτως.
703 2714 933 2787 τασοφίσασθαι
950 2712 1050 2773 πᾶσαν
1063 2705 1117 2790 τήν
1128 2711 1191 2790 γῆν.
1217 2709 1248 2750 ²⁰
1260 2711 1312 2772 καί

61 2793 112 2856 καί
125 2791 247 2874 ἐξῆλθεν
256 2789 388 2865 Ἰουδίθ,
415 2787 491 2872 αδτή
505 2792 556 2853 καί
568 2787 585 2872 ῆ
599 2816 671 2854 παι·
703 2792 829 2874 ἐξῆλθον
838 2795 870 2856 οί
879 2787 1312 2878 παρακαθεύδοντεςὈλοφίρ·

61 2876 146 2977 δίσκη
160 2873 250 2958 αὐτῆς
262 2873 320 2954 μετ’
338 2872 438 2958 αὐτῆς.
466 2870 671 2938 ἀπεσκόπευον
703 2900 737 2960 νη
754 2877 805 2940 καί
830 2870 937 2951 πάντες
955 2880 986 2940 σί
1003 2869 1186 2958 θεράποντες
1206 2871 1310 2951 αὐτοῦ,

61 2958 93 3023 δὲ
107 2957 199 3041 αυτήν
213 2963 244 3022 σῖ
257 2958 359 3045 ἀνδρες
372 2963 424 3042 τῆς
436 2955 550 3031 πόλεως
565 2963 620 3031 ἕως
633 2947 670 3020 ού
703 2949 753 3024 κἀί
779 2955 930 3062 εῑηήμαγον
953 2956 1050 3043 αὐτήν
1067 2962 1106 3033 εἰς
1124 2953 1179 3041 τήν
1195 2955 1309 3043 σκηνήν.

62 3045 170 3128 κατέβη
181 3040 215 3106 τό
227 3041 307 3123 ὄρος,
321 3048 376 3117 ἕως
389 3039 493 3124 διῆλθε
506 3040 556 3104 τὸν
568 3040 669 3106 αδλοῖ-
703 3045 785 3106 ”nal
799 3070 833 3126 ην
841 3043 1021 3128 Ὀλοφέρνης
1031 3037 1253 3126 ἀναπαυόμενος
1262 3043 1312 3106 ἐπί

61 3150 107 3200 να,
120 3127 171 3189 καὶ
184 3125 239 3191 οὐκ
252 3130 295 3190 ἔτι
309 3121 459 3207 ἐθεώρουν
470 3121 573 3207 αὑτήν.
589 3125 670 3187 11καί
704 3131 754 3210 τῆς
767 3126 865 3209 κλίνης
879 3125 976 3191 αὐτοῦ
988 3129 1020 3190 ἐν
1033 3130 1077 3212 τῷ
1090 3131 1266 3209 κωνωπείῳ,
1293 3120 1312 3190 ὃ

60 3203 239 3294 ἐπορεύοντο
258 3213 289 3274 ἒν
302 3214 345 3292 τῷ
364 3208 475 3272 αδλιδνι
490 3212 527 3281 εἰς
541 3207 669 3282 εὐθεῖαν,
703 3200 738 3293 ῆν
752 3213 783 3274 ἐκ
796 3205 956 3296 πορφύρας
969 3212 1020 3274 καί
1038 3215 1158 3294 χρυσίου
1171 3210 1222 3273 καί
1235 3234 1311 3291 σμα-

60 3293 111 3354 καί
131 3288 307 3377 συνήντησεν
320 3291 399 3384 αδτῆ
416 3290 596 3374 προφυλακή
610 3296 670 3354 τῶν
703 3287 817 3379 ράμδου
840 3295 892 3358 καί
910 3293 1007 3357 λίθων
1024 3292 1196 3357 πολυτελῶν
1212 3302 1310 3355 καθυ-

59 3375 231 3479 Ἁσσυρίων.
245 3377 329 3437 12καὶ
343 3373 505 3460 συνελαβον
515 3372 608 3456 αὐτήν
620 3373 671 3437 καλ
703 3377 868 3457 φασμίνων.
907 3378 936 3416 ²²
947 3377 998 3439 καὶ
1023 3371 1199 3456 ἀνήγγειλαν
1224 3371 1311 3454 αὐτῷ

60 3463 258 3541 ε’πηρωτησαν
271 3462 359 3519 τίνων
372 3455 405 3530 εἷ,Ι
420 3458 471 3520 καί
483 3452 580 3519 πόθεν
593 3459 670 3554 ἔρχη,
702 3460 770 3540 περί
783 3456 890 3540 αὐτῆς,
916 3459 967 3520 καὶ
984 3455 1107 3537 ἐξῆλθεν
1123 3459 1162 3528 είς
1180 3454 1216 3518 τὸ
1233 3478 1312 3555 πρρ-

59 3543 112 3606 καί
130 3544 192 3604 ποῦ
209 3537 321 3625 πορεύῃ
326 3567 338 3616 ;
363 3541 415 3601 καὶ
432 3536 501 3600 είπε.
532 3548 669 3620 θυγάτηρ
704 3535 829 3622 σκήνιον,
843 3541 895 3603 καί
907 3533 1057 3621 λαμπάδες
1070 3537 1201 3639 ἀργυραῖ
1210 3560 1312 3620 προα-

59 3619 365 3711 εἶμὶετώνἝβραίων,
389 3620 440 3683 καί
458 3615 670 3683 ἀποδιδσάσκω
702 3646 809 3698 γουσαι
830 3619 936 3686 αὐτοῦ.
975 3622 1005 3662 ²³
1018 3616 1059 3693 ὥς
1083 3618 1116 3684 δὲ
1133 3620 1207 3701 ηλθε
1232 3617 1312 3684 κατὰ

60 3704 123 3772 ἀπό
144 3732 307 3791 προςωπου
328 3702 442 3778 αὐτων,
468 3699 515 3766 ὅτι
532 3678 670 3784 μελλουσι
703 3697 863 3788 πρόςωπον
879 3700 976 3769 αὐτοῦ
990 3700 1108 3768 Ἰουδίθ
1119 3703 1171 3766 καὶ
1183 3707 1244 3767 τῶν
1256 3713 1311 3767 θε-

60 3791 203 3855 δίδοσθαι
217 3787 286 3873 ύμῖν
296 3792 335 3862 εἷς
348 3785 540 3873 κατάβρωιια.
554 3782 670 3866 ’3κᾷγώ
704 3782 862 3871 ραπόντων
876 3784 989 3863 αὐτοῦ,
1015 3780 1191 3868 ἐθαύμασαν
1203 3782 1311 3862 πάντες

61 3878 181 3959 ἔρχομαι
201 3879 239 3947 εἰς
257 3870 293 3937 τὸ
311 3867 472 3954 πρόςωπον
487 3851 669 3954 Ὀλοφέρνου
703 3872 752 3934 ἐπί
776 3874 820 3953 τῷ
838 3868 936 3934 κάλλει
954 3872 1009 3933 τοῦ
1027 3865 1191 3950 προςιόπου
1209 3868 1308 3954 αὐτῆς.

62 3952 299 4042 ἀρχιστρατήγου
322 3950 471 4038 δυνάμεως
490 3951 587 4036 ύμιδν,
615 3957 669 4016 τοῦ
703 3954 753 4018 καί
765 3957 899 4018 πεσοῦσα
917 3953 967 4017 ἐπί
985 3948 1146 4038 πρόςωπον
1165 3951 1308 4039 προςεκί-

62 4038 234 4118 ἀναγγεῖλαι
247 4035 368 4125 ῥήματα
381 4037 534 4121 ἀληθείας,
548 4039 600 4101 καί
612 4037 669 4101 δεί-
704 4063 788 4121 νηοεν
798 4035 893 4121 αὐτῷ,
905 4038 956 4102 καί
967 4034 1084 4122 ήμεεραν
1094 4034 1187 4120 αὐτήν
1197 4043 1226 4103 οἷ
1237 4037 1306 4102 δού-

60 4126 102 4200 ξω
120 4121 179 4206 πρὸ
192 4124 355 4210 προςιόπου
374 4121 467 4187 αὐτοῦ
486 4117 570 4196 ὁδὸν,
597 4119 665 4185 καθ’
703 4120 750 4184 λοι
763 4119 866 4187 αὐτοῦ.

63 4205 97 4290 ῆν
122 4202 310 4289 πορεύσεται,
337 4208 386 4270 καί
413 4202 551 4290 κυριεύσει
570 4200 670 4286 πάσης
886 4211 920 4269 Κ
931 4208 1009 4267 ΕΦ.
1055 4199 1128 4268 JA‘.

62 4294 114 4371 τῆς
131 4288 258 4393 ὀρεινῆς,
296 4292 346 4353 καί
364 4287 400 4353 οὐ
419 4283 595 4372 διαφωνήσει
608 4292 670 4351 τῶν
703 4254 1307 4373 Καίείπεπρὸςαδτήν’ολσφέρνης.θάρ-

63 4372 182 4455 ἀνδρῶν
196 4377 290 4437 αυτοῦ
305 4369 379 4455 σάρξ
390 4377 454 4454 μία,
476 4369 545 4435 οῦδὲ
556 4374 669 4451 πνεῦμα
704 4395 793 4454 σησον
808 4368 910 4448 γύναι,
932 4369 971 4453 μή
992 4376 1131 4462 φοβηθῇς
1144 4375 1180 4460 τῆ
1200 4371 1308 4452 καρδία

63 4459 146 4539 ζωῆς.
174 4452 202 4496 ¹⁴
217 4453 257 4528 ὡς
276 4454 307 4519 δὲ
322 4455 454 4540 ῆκουσαν
472 4458 502 4517 οἳ
515 4450 614 4554 ῆιιδρες
632 4449 670 4515 τά
704 4449 1310 4534 σου,ὁ’τιἕγώοάκὲκιίκωσιιίίνθρωπονὸς

89 4535 97 4559 Ι
243 4536 251 4557 ²

63 4542 181 4630 ῥήματα
214 4542 320 4618 αυτῆς,
352 4538 403 4601 καὶ
429 4558 608 4618 κατενοήσαν
634 4533 668 4598 τὸ
703 4559 745 4611 τις
763 4534 877 4632 Ιῆρέτικε
897 4530 1042 4600 δουλεύειν
1057 4532 1173 4615 βασιλεῖ
1183 4536 1310 4670 Ναβσρ·

75 4645 78 4649 ·
1232 4635 1271 4687 ηρ
1292 4634 1331 4669 ο-
