<?xml version="1.0" encoding="UTF-8"?>
<!DOCTYPE html PUBLIC "-//W3C//DTD XHTML 1.0 Transitional//EN"
    "http://www.w3.org/TR/xhtml1/DTD/xhtml1-transitional.dtd">
<html xmlns="http://www.w3.org/1999/xhtml" xml:lang="en" lang="en">
 <head>
  <title>
</title>
<meta http-equiv="Content-Type" content="text/html;charset=utf-8" />
  <meta name='ocr-system' content='tesseract 3.04.00' />
  <meta name='ocr-capabilities' content='ocr_page ocr_carea ocr_par ocr_line ocrx_word'/>
</head>
<body>
  <div class='ocr_page' id='page_1' title='image "./lta-11000/vetustestamentu00essgoog/vetustestamentu00essgoog_0185.png"; bbox 0 0 2924 4972; ppageno 0'>
   <div class='ocr_carea' id='block_1_1' title="bbox 174 229 1178 320">
    <p class='ocr_par' dir='ltr' id='par_1_1' title="bbox 174 229 1178 320">
     <span class='ocr_line' id='line_1_1' title="bbox 174 229 1178 320; baseline -0.008 -8"><span class='ocrx_word' id='word_1_1' title='bbox 174 246 218 312; x_wconf 67' lang='lat'><strong><em>68</em></strong></span> <span class='ocrx_word' id='word_1_2' title='bbox 388 229 1178 320; x_wconf 70' lang='grc' dir='ltr'><strong><em>ΛΡΙΘΜοιΚιφ.ιο’.ι’.λι’,29,3ο.31,</em></strong></span> 
     </span>
    </p>
   </div>
   <div class='ocr_carea' id='block_1_2' title="bbox 164 329 1406 374">
    <p class='ocr_par' dir='ltr' id='par_1_2' title="bbox 164 329 1406 374">
     <span class='ocr_line' id='line_1_2' title="bbox 164 329 1406 374; baseline -0.003 -21"><span class='ocrx_word' id='word_1_3' title='bbox 164 329 1406 374; x_wconf 40' lang='grc' dir='ltr'><em>Μ</em></span> 
     </span>
    </p>
   </div>
   <div class='ocr_carea' id='block_1_3' title="bbox 152 353 1409 547">
    <p class='ocr_par' dir='ltr' id='par_1_3' title="bbox 152 353 1409 547">
     <span class='ocr_line' id='line_1_3' title="bbox 153 353 1409 450; baseline -0.004 -24"><span class='ocrx_word' id='word_1_4' title='bbox 153 358 265 438; x_wconf 76' lang='grc' dir='ltr'><strong><em>ἐξόδιον</em></strong></span> <span class='ocrx_word' id='word_1_5' title='bbox 277 365 361 426; x_wconf 80' lang='grc' dir='ltr'><strong><em>ἔσται</em></strong></span> <span class='ocrx_word' id='word_1_6' title='bbox 375 354 451 441; x_wconf 80' lang='grc' dir='ltr'><strong><em>ὑμῖν.</em></strong></span> <span class='ocrx_word' id='word_1_7' title='bbox 465 362 528 424; x_wconf 80' lang='grc' dir='ltr'><strong><em>πᾶν</em></strong></span> <span class='ocrx_word' id='word_1_8' title='bbox 542 360 629 442; x_wconf 71' lang='grc' dir='ltr'><strong><em>ἔργον</em></strong></span> <span class='ocrx_word' id='word_1_9' title='bbox 640 356 763 442; x_wconf 87' lang='grc' dir='ltr'><strong><em>λατρευ-</em></strong></span> <span class='ocrx_word' id='word_1_10' title='bbox 798 382 851 450; x_wconf 86' lang='grc' dir='ltr'><strong><em>οη,</em></strong></span> <span class='ocrx_word' id='word_1_11' title='bbox 873 358 924 419; x_wconf 83' lang='grc' dir='ltr'><strong><em>καί</em></strong></span> <span class='ocrx_word' id='word_1_12' title='bbox 939 353 1019 421; x_wconf 73' lang='grc' dir='ltr'><strong><em>οὕτω</em></strong></span> <span class='ocrx_word' id='word_1_13' title='bbox 1033 382 1070 422; x_wconf 86' lang='grc' dir='ltr'><strong><em>στ</em></strong></span> <span class='ocrx_word' id='word_1_14' title='bbox 1091 381 1192 422; x_wconf 88' lang='grc' dir='ltr'><strong><em>σονται</em></strong></span> <span class='ocrx_word' id='word_1_15' title='bbox 1204 360 1302 421; x_wconf 80' lang='grc' dir='ltr'><strong><em>πᾶσαι</em></strong></span> <span class='ocrx_word' id='word_1_16' title='bbox 1312 362 1346 421; x_wconf 82' lang='grc' dir='ltr'><strong><em>αί</em></strong></span> <span class='ocrx_word' id='word_1_17' title='bbox 1359 355 1409 421; x_wconf 76' lang='grc' dir='ltr'><strong><em>εὖ·</em></strong></span> 
     </span>
     <span class='ocr_line' id='line_1_4' title="bbox 152 384 1409 547; baseline -0.005 -38"><span class='ocrx_word' id='word_1_18' title='bbox 152 444 205 510; x_wconf 84' lang='grc' dir='ltr'><strong><em>τὸν</em></strong></span> <span class='ocrx_word' id='word_1_19' title='bbox 218 440 254 509; x_wconf 89' lang='grc' dir='ltr'><strong><em>ού</em></strong></span> <span class='ocrx_word' id='word_1_20' title='bbox 268 437 445 542; x_wconf 36' lang='grc' dir='ltr'><strong><em>ποιήσετειέν</em></strong></span> <span class='ocrx_word' id='word_1_21' title='bbox 458 436 545 533; x_wconf 72' lang='grc' dir='ltr'><strong><em>αὐτῇ.</em></strong></span> <span class='ocrx_word' id='word_1_22' title='bbox 569 441 661 542; x_wconf 49' lang='grc' dir='ltr'><strong><em>’,δεταί</em></strong></span> <span class='ocrx_word' id='word_1_23' title='bbox 672 466 764 541; x_wconf 77' lang='grc' dir='ltr'><strong><em>στρος-</em></strong></span> <span class='ocrx_word' id='word_1_24' title='bbox 796 435 967 547; x_wconf 46' lang='grc' dir='ltr'><strong><em>χμίΙαύτής,</em></strong></span> <span class='ocrx_word' id='word_1_25' title='bbox 993 439 1044 543; x_wconf 62' lang='grc' dir='ltr'><strong><em>καί</em></strong></span> <span class='ocrx_word' id='word_1_26' title='bbox 1056 384 1089 539; x_wconf 73' lang='grc' dir='ltr'><strong><em>ολ</em></strong></span> <span class='ocrx_word' id='word_1_27' title='bbox 1098 435 1217 539; x_wconf 81' lang='grc' dir='ltr'><strong><em>ὁρισμσὶ</em></strong></span> <span class='ocrx_word' id='word_1_28' title='bbox 1229 435 1337 541; x_wconf 59' lang='grc' dir='ltr'><strong><em>αύρής,</em></strong></span> <span class='ocrx_word' id='word_1_29' title='bbox 1355 437 1409 542; x_wconf 59' lang='grc' dir='ltr'><strong><em>οίίς</em></strong></span> 
     </span>
    </p>
   </div>
   <div class='ocr_carea' id='block_1_4' title="bbox 152 523 1412 3036">
    <p class='ocr_par' dir='ltr' id='par_1_4' title="bbox 152 523 1410 1855">
     <span class='ocr_line' id='line_1_5' title="bbox 154 523 1407 624; baseline -0.005 -32"><span class='ocrx_word' id='word_1_30' title='bbox 154 523 234 604; x_wconf 80' lang='grc' dir='ltr'><strong><em>α’ξετε</em></strong></span> <span class='ocrx_word' id='word_1_31' title='bbox 261 523 500 607; x_wconf 77' lang='grc' dir='ltr'><strong><em>ὁλοκαυτώματα</em></strong></span> <span class='ocrx_word' id='word_1_32' title='bbox 518 526 558 597; x_wconf 80' lang='grc' dir='ltr'><strong><em>εἷς</em></strong></span> <span class='ocrx_word' id='word_1_33' title='bbox 576 547 669 606; x_wconf 89' lang='grc' dir='ltr'><strong><em>οσμην</em></strong></span> <span class='ocrx_word' id='word_1_34' title='bbox 688 548 763 586; x_wconf 86' lang='grc' dir='ltr'><strong><em>ευιο-</em></strong></span> <span class='ocrx_word' id='word_1_35' title='bbox 798 546 931 606; x_wconf 90' lang='grc' dir='ltr'><strong><em>ωρισατο</em></strong></span> <span class='ocrx_word' id='word_1_36' title='bbox 944 546 1023 587; x_wconf 84' lang='grc' dir='ltr'><strong><em>κατα</em></strong></span> <span class='ocrx_word' id='word_1_37' title='bbox 1037 546 1088 601; x_wconf 85' lang='grc' dir='ltr'><strong><em>της</em></strong></span> <span class='ocrx_word' id='word_1_38' title='bbox 1100 541 1195 609; x_wconf 79' lang='grc' dir='ltr'><strong><em>ψυχης</em></strong></span> <span class='ocrx_word' id='word_1_39' title='bbox 1208 545 1313 624; x_wconf 85' lang='grc' dir='ltr'><strong><em>αυτης,</em></strong></span> <span class='ocrx_word' id='word_1_40' title='bbox 1333 548 1407 606; x_wconf 87' lang='grc' dir='ltr'><strong><em>στη-</em></strong></span> 
     </span>
     <span class='ocr_line' id='line_1_6' title="bbox 153 598 1407 699; baseline -0.003 -23"><span class='ocrx_word' id='word_1_41' title='bbox 153 613 218 686; x_wconf 88' lang='grc' dir='ltr'><strong><em>δίας</em></strong></span> <span class='ocrx_word' id='word_1_42' title='bbox 243 606 432 692; x_wconf 78' lang='grc' dir='ltr'><strong><em>καρπώματα</em></strong></span> <span class='ocrx_word' id='word_1_43' title='bbox 456 608 502 688; x_wconf 75' lang='grc' dir='ltr'><strong><em>τῷ</em></strong></span> <span class='ocrx_word' id='word_1_44' title='bbox 519 604 625 691; x_wconf 83' lang='grc' dir='ltr'><strong><em>Ικυρίῳ,</em></strong></span> <span class='ocrx_word' id='word_1_45' title='bbox 649 599 764 690; x_wconf 87' lang='grc' dir='ltr'><strong><em>μόσχον</em></strong></span> <span class='ocrx_word' id='word_1_46' title='bbox 797 630 913 670; x_wconf 86' lang='grc' dir='ltr'><strong><em>σονται.</em></strong></span> <span class='ocrx_word' id='word_1_47' title='bbox 952 602 1034 668; x_wconf 65' lang='grc' dir='ltr'><strong><em>Θίδτν</em></strong></span> <span class='ocrx_word' id='word_1_48' title='bbox 1051 603 1084 668; x_wconf 84' lang='grc' dir='ltr'><strong><em>δὲ</em></strong></span> <span class='ocrx_word' id='word_1_49' title='bbox 1096 598 1245 668; x_wconf 82' lang='grc' dir='ltr'><strong><em>ἀνανεύων</em></strong></span> <span class='ocrx_word' id='word_1_50' title='bbox 1259 601 1407 699; x_wconf 87' lang='grc' dir='ltr'><strong><em>ανανεύση</em></strong></span> 
     </span>
     <span class='ocr_line' id='line_1_7' title="bbox 153 677 1407 794; baseline -0.006 -35"><span class='ocrx_word' id='word_1_51' title='bbox 153 701 214 769; x_wconf 79' lang='grc' dir='ltr'><strong><em>ἕνα,</em></strong></span> <span class='ocrx_word' id='word_1_52' title='bbox 227 693 310 780; x_wconf 87' lang='grc' dir='ltr'><strong><em>κριὸν</em></strong></span> <span class='ocrx_word' id='word_1_53' title='bbox 320 696 380 766; x_wconf 77' lang='grc' dir='ltr'><strong><em>ἕνα,</em></strong></span> <span class='ocrx_word' id='word_1_54' title='bbox 390 685 501 772; x_wconf 84' lang='grc' dir='ltr'><strong><em>ἆμνούς</em></strong></span> <span class='ocrx_word' id='word_1_55' title='bbox 512 690 675 762; x_wconf 77' lang='grc' dir='ltr'><strong><em>ἐνιαυσίους</em></strong></span> <span class='ocrx_word' id='word_1_56' title='bbox 684 685 762 751; x_wconf 78' lang='grc' dir='ltr'><strong><em>ἑπτὰ</em></strong></span> <span class='ocrx_word' id='word_1_57' title='bbox 798 684 816 753; x_wconf 86' lang='grc' dir='ltr'><strong><em>δ</em></strong></span> <span class='ocrx_word' id='word_1_58' title='bbox 842 686 917 773; x_wconf 82' lang='grc' dir='ltr'><strong><em>ἀνήρ</em></strong></span> <span class='ocrx_word' id='word_1_59' title='bbox 943 683 1035 770; x_wconf 84' lang='grc' dir='ltr'><strong><em>αύτής</em></strong></span> <span class='ocrx_word' id='word_1_60' title='bbox 1056 677 1076 779; x_wconf 75' lang='grc' dir='ltr'><strong><em>ᾖ</em></strong></span> <span class='ocrx_word' id='word_1_61' title='bbox 1094 687 1146 752; x_wconf 78' lang='grc' dir='ltr'><strong><em>ἰὰν</em></strong></span> <span class='ocrx_word' id='word_1_62' title='bbox 1163 684 1259 794; x_wconf 81' lang='grc' dir='ltr'><strong><em>ήμέρᾳ</em></strong></span> <span class='ocrx_word' id='word_1_63' title='bbox 1278 684 1407 782; x_wconf 73' lang='grc' dir='ltr'><strong><em>ἀκούσῃ,</em></strong></span> 
     </span>
     <span class='ocr_line' id='line_1_8' title="bbox 152 766 1408 861; baseline -0.006 -19"><span class='ocrx_word' id='word_1_64' title='bbox 152 771 301 861; x_wconf 75' lang='grc' dir='ltr'><strong><em>ἀμώμους.</em></strong></span> <span class='ocrx_word' id='word_1_65' title='bbox 338 774 368 816; x_wconf 81' lang='lat'><strong><em>³⁷</em></strong></span> <span class='ocrx_word' id='word_1_66' title='bbox 382 776 415 837; x_wconf 83' lang='grc' dir='ltr'><strong><em>αἶ</em></strong></span> <span class='ocrx_word' id='word_1_67' title='bbox 433 777 540 836; x_wconf 80' lang='grc' dir='ltr'><strong><em>θυσίαι</em></strong></span> <span class='ocrx_word' id='word_1_68' title='bbox 552 771 652 838; x_wconf 78' lang='grc' dir='ltr'><strong><em>αὐτῶν</em></strong></span> <span class='ocrx_word' id='word_1_69' title='bbox 664 772 716 835; x_wconf 86' lang='grc' dir='ltr'><strong><em>καί</em></strong></span> <span class='ocrx_word' id='word_1_70' title='bbox 729 773 762 834; x_wconf 82' lang='grc' dir='ltr'><strong><em>αί</em></strong></span> <span class='ocrx_word' id='word_1_71' title='bbox 796 774 892 836; x_wconf 82' lang='grc' dir='ltr'><strong><em>πᾶσαι</em></strong></span> <span class='ocrx_word' id='word_1_72' title='bbox 905 773 939 835; x_wconf 77' lang='grc' dir='ltr'><strong><em>αδ</em></strong></span> <span class='ocrx_word' id='word_1_73' title='bbox 950 767 1033 853; x_wconf 82' lang='grc' dir='ltr'><strong><em>εύχαί</em></strong></span> <span class='ocrx_word' id='word_1_74' title='bbox 1049 766 1156 854; x_wconf 84' lang='grc' dir='ltr'><strong><em>αύτής,</em></strong></span> <span class='ocrx_word' id='word_1_75' title='bbox 1181 796 1232 834; x_wconf 93' lang='grc' dir='ltr'><strong><em>και</em></strong></span> <span class='ocrx_word' id='word_1_76' title='bbox 1244 771 1275 833; x_wconf 80' lang='grc' dir='ltr'><strong><em>οἶ</em></strong></span> <span class='ocrx_word' id='word_1_77' title='bbox 1288 766 1408 855; x_wconf 85' lang='grc' dir='ltr'><strong><em>ὁρισμοί</em></strong></span> 
     </span>
     <span class='ocr_line' id='line_1_9' title="bbox 154 848 1406 957; baseline -0.008 -33"><span class='ocrx_word' id='word_1_78' title='bbox 154 858 283 924; x_wconf 82' lang='grc' dir='ltr'><strong><em>σπονδαί</em></strong></span> <span class='ocrx_word' id='word_1_79' title='bbox 295 854 397 920; x_wconf 88' lang='grc' dir='ltr'><strong><em>αύτών</em></strong></span> <span class='ocrx_word' id='word_1_80' title='bbox 407 859 452 938; x_wconf 80' lang='grc' dir='ltr'><strong><em>τῷ</em></strong></span> <span class='ocrx_word' id='word_1_81' title='bbox 460 850 563 957; x_wconf 64' lang='grc' dir='ltr'><strong><em>μόσηῳ</em></strong></span> <span class='ocrx_word' id='word_1_82' title='bbox 574 855 679 935; x_wconf 76' lang='grc' dir='ltr'><strong><em>καὶτῷ</em></strong></span> <span class='ocrx_word' id='word_1_83' title='bbox 688 856 762 937; x_wconf 71' lang='grc' dir='ltr'><strong><em>κριῷ</em></strong></span> <span class='ocrx_word' id='word_1_84' title='bbox 797 851 905 939; x_wconf 78' lang='grc' dir='ltr'><strong><em>αὐτῆς,</em></strong></span> <span class='ocrx_word' id='word_1_85' title='bbox 932 848 985 928; x_wconf 82' lang='grc' dir='ltr'><strong><em>ούς</em></strong></span> <span class='ocrx_word' id='word_1_86' title='bbox 998 848 1133 939; x_wconf 83' lang='grc' dir='ltr'><strong><em>ώρίοατο</em></strong></span> <span class='ocrx_word' id='word_1_87' title='bbox 1147 850 1225 917; x_wconf 74' lang='grc' dir='ltr'><strong><em>κατὰ</em></strong></span> <span class='ocrx_word' id='word_1_88' title='bbox 1239 857 1291 935; x_wconf 83' lang='grc' dir='ltr'><strong><em>τής</em></strong></span> <span class='ocrx_word' id='word_1_89' title='bbox 1309 857 1406 938; x_wconf 72' lang='grc' dir='ltr'><strong><em>ψυχῆς</em></strong></span> 
     </span>
     <span class='ocr_line' id='line_1_10' title="bbox 153 931 1406 1022; baseline -0.006 -16"><span class='ocrx_word' id='word_1_90' title='bbox 153 944 205 1007; x_wconf 88' lang='grc' dir='ltr'><strong><em>καί</em></strong></span> <span class='ocrx_word' id='word_1_91' title='bbox 219 950 283 1015; x_wconf 84' lang='grc' dir='ltr'><strong><em>τοῖς</em></strong></span> <span class='ocrx_word' id='word_1_92' title='bbox 298 937 400 1022; x_wconf 81' lang='grc' dir='ltr'><strong><em>ἆμνοῖς</em></strong></span> <span class='ocrx_word' id='word_1_93' title='bbox 417 936 495 1003; x_wconf 79' lang='grc' dir='ltr'><strong><em>κατὰ</em></strong></span> <span class='ocrx_word' id='word_1_94' title='bbox 509 935 638 1022; x_wconf 87' lang='grc' dir='ltr'><strong><em>αριθμὸν</em></strong></span> <span class='ocrx_word' id='word_1_95' title='bbox 651 933 762 1011; x_wconf 85' lang='grc' dir='ltr'><strong><em>αύτών,</em></strong></span> <span class='ocrx_word' id='word_1_96' title='bbox 797 934 899 1020; x_wconf 82' lang='grc' dir='ltr'><strong><em>αίιτής,</em></strong></span> <span class='ocrx_word' id='word_1_97' title='bbox 913 933 950 1001; x_wconf 89' lang='grc' dir='ltr'><strong><em>ού</em></strong></span> <span class='ocrx_word' id='word_1_98' title='bbox 964 939 1108 1018; x_wconf 82' lang='grc' dir='ltr'><strong><em>μενοῦσιν,</em></strong></span> <span class='ocrx_word' id='word_1_99' title='bbox 1122 931 1168 999; x_wconf 84' lang='grc' dir='ltr'><strong><em>ίίτι</em></strong></span> <span class='ocrx_word' id='word_1_100' title='bbox 1179 931 1196 999; x_wconf 85' lang='grc' dir='ltr'>ὁ</span> <span class='ocrx_word' id='word_1_101' title='bbox 1206 932 1280 1020; x_wconf 79' lang='grc' dir='ltr'><strong><em>ἀνήρ</em></strong></span> <span class='ocrx_word' id='word_1_102' title='bbox 1291 932 1406 999; x_wconf 76' lang='grc' dir='ltr'><strong><em>ἀνένευ-</em></strong></span> 
     </span>
     <span class='ocr_line' id='line_1_11' title="bbox 153 1015 1410 1108; baseline -0.005 -19"><span class='ocrx_word' id='word_1_103' title='bbox 153 1023 232 1089; x_wconf 86' lang='grc' dir='ltr'><strong><em>κατὰ</em></strong></span> <span class='ocrx_word' id='word_1_104' title='bbox 245 1023 301 1108; x_wconf 86' lang='grc' dir='ltr'><strong><em>τήν</em></strong></span> <span class='ocrx_word' id='word_1_105' title='bbox 314 1019 465 1107; x_wconf 75' lang='grc' dir='ltr'><strong><em>σύγκρισιν</em></strong></span> <span class='ocrx_word' id='word_1_106' title='bbox 477 1017 585 1084; x_wconf 77' lang='grc' dir='ltr'><strong><em>αὐτῶν.</em></strong></span> <span class='ocrx_word' id='word_1_107' title='bbox 609 1020 640 1062; x_wconf 79' lang='lat'><strong><em>³⁰</em></strong></span> <span class='ocrx_word' id='word_1_108' title='bbox 653 1019 705 1083; x_wconf 83' lang='grc' dir='ltr'><strong><em>καὶ</em></strong></span> <span class='ocrx_word' id='word_1_109' title='bbox 716 1024 762 1102; x_wconf 83' lang='grc' dir='ltr'><strong><em>χί-</em></strong></span> <span class='ocrx_word' id='word_1_110' title='bbox 798 1044 846 1084; x_wconf 80' lang='grc' dir='ltr'><strong><em>σεν</em></strong></span> <span class='ocrx_word' id='word_1_111' title='bbox 871 1016 923 1084; x_wconf 75' lang='grc' dir='ltr'><strong><em>ἀπ’</em></strong></span> <span class='ocrx_word' id='word_1_112' title='bbox 949 1017 1059 1102; x_wconf 87' lang='grc' dir='ltr'><strong><em>αύτής,</em></strong></span> <span class='ocrx_word' id='word_1_113' title='bbox 1084 1019 1136 1083; x_wconf 84' lang='grc' dir='ltr'><strong><em>καί</em></strong></span> <span class='ocrx_word' id='word_1_114' title='bbox 1152 1015 1252 1105; x_wconf 86' lang='grc' dir='ltr'><strong><em>κύριος</em></strong></span> <span class='ocrx_word' id='word_1_115' title='bbox 1267 1030 1410 1103; x_wconf 82' lang='grc' dir='ltr'><strong><em>καθαριεῖ</em></strong></span> 
     </span>
     <span class='ocr_line' id='line_1_12' title="bbox 152 1096 1408 1210; baseline -0.004 -39"><span class='ocrx_word' id='word_1_116' title='bbox 152 1132 248 1210; x_wconf 90' lang='grc' dir='ltr'><strong><em>μαρον</em></strong></span> <span class='ocrx_word' id='word_1_117' title='bbox 274 1108 304 1183; x_wconf 79' lang='grc' dir='ltr'><strong><em>ἐξ</em></strong></span> <span class='ocrx_word' id='word_1_118' title='bbox 330 1109 423 1185; x_wconf 74' lang='grc' dir='ltr'><strong><em>αίμών</em></strong></span> <span class='ocrx_word' id='word_1_119' title='bbox 450 1109 501 1168; x_wconf 81' lang='grc' dir='ltr'><strong><em>ἕνα</em></strong></span> <span class='ocrx_word' id='word_1_120' title='bbox 520 1105 588 1188; x_wconf 82' lang='grc' dir='ltr'><strong><em>περί</em></strong></span> <span class='ocrx_word' id='word_1_121' title='bbox 605 1100 760 1186; x_wconf 78' lang='grc' dir='ltr'><strong><em>ἁμαρτίας.</em></strong></span> <span class='ocrx_word' id='word_1_122' title='bbox 797 1096 899 1185; x_wconf 86' lang='grc' dir='ltr'><strong><em>αύτήν.</em></strong></span> <span class='ocrx_word' id='word_1_123' title='bbox 922 1102 1013 1166; x_wconf 61' lang='grc' dir='ltr'><strong><em>1(λκαί</em></strong></span> <span class='ocrx_word' id='word_1_124' title='bbox 1025 1097 1091 1186; x_wconf 78' lang='grc' dir='ltr'><strong><em>εύή</em></strong></span> <span class='ocrx_word' id='word_1_125' title='bbox 1103 1097 1195 1187; x_wconf 82' lang='grc' dir='ltr'><strong><em>χήρας</em></strong></span> <span class='ocrx_word' id='word_1_126' title='bbox 1207 1103 1259 1166; x_wconf 84' lang='grc' dir='ltr'><strong><em>καὶ</em></strong></span> <span class='ocrx_word' id='word_1_127' title='bbox 1271 1102 1408 1188; x_wconf 75' lang='grc' dir='ltr'><strong><em>ἐκβεβλη-</em></strong></span> 
     </span>
     <span class='ocr_line' id='line_1_13' title="bbox 153 1140 1408 1288; baseline -0.006 -33"><span class='ocrx_word' id='word_1_128' title='bbox 153 1190 231 1274; x_wconf 88' lang='grc' dir='ltr'><strong><em>πλην</em></strong></span> <span class='ocrx_word' id='word_1_129' title='bbox 247 1193 300 1265; x_wconf 77' lang='grc' dir='ltr'><strong><em>τ”ς</em></strong></span> <span class='ocrx_word' id='word_1_130' title='bbox 318 1183 548 1266; x_wconf 74' lang='grc' dir='ltr'><strong><em>ὁλοκαυτώσεως</em></strong></span> <span class='ocrx_word' id='word_1_131' title='bbox 566 1189 619 1268; x_wconf 84' lang='grc' dir='ltr'><strong><em>τής</em></strong></span> <span class='ocrx_word' id='word_1_132' title='bbox 636 1187 763 1250; x_wconf 83' lang='grc' dir='ltr'><strong><em>διαπαν-</em></strong></span> <span class='ocrx_word' id='word_1_133' title='bbox 796 1188 881 1268; x_wconf 82' lang='grc' dir='ltr'><strong><em>μένης</em></strong></span> <span class='ocrx_word' id='word_1_134' title='bbox 893 1181 953 1251; x_wconf 78' lang='grc' dir='ltr'><strong><em>ὅσα</em></strong></span> <span class='ocrx_word' id='word_1_135' title='bbox 965 1186 1018 1250; x_wconf 78' lang='grc' dir='ltr'><strong><em>ἐὰν</em></strong></span> <span class='ocrx_word' id='word_1_136' title='bbox 1032 1140 1149 1288; x_wconf 54' lang='grc' dir='ltr'><strong><em>εύληται</em></strong></span> <span class='ocrx_word' id='word_1_137' title='bbox 1162 1181 1240 1250; x_wconf 82' lang='grc' dir='ltr'><strong><em>κατύ</em></strong></span> <span class='ocrx_word' id='word_1_138' title='bbox 1250 1190 1302 1269; x_wconf 83' lang='grc' dir='ltr'><strong><em>τής</em></strong></span> <span class='ocrx_word' id='word_1_139' title='bbox 1313 1190 1408 1270; x_wconf 71' lang='grc' dir='ltr'><strong><em>ψυχῆς</em></strong></span> 
     </span>
     <span class='ocr_line' id='line_1_14' title="bbox 152 1266 1409 1363; baseline -0.006 -25"><span class='ocrx_word' id='word_1_140' title='bbox 152 1269 212 1349; x_wconf 86' lang='grc' dir='ltr'><strong><em>τός.</em></strong></span> <span class='ocrx_word' id='word_1_141' title='bbox 240 1299 274 1337; x_wconf 89' lang='grc' dir='ltr'><strong><em>αι</em></strong></span> <span class='ocrx_word' id='word_1_142' title='bbox 291 1277 396 1337; x_wconf 88' lang='grc' dir='ltr'><strong><em>θυσίαι</em></strong></span> <span class='ocrx_word' id='word_1_143' title='bbox 413 1267 513 1337; x_wconf 84' lang='grc' dir='ltr'><strong><em>αύτών</em></strong></span> <span class='ocrx_word' id='word_1_144' title='bbox 526 1271 577 1333; x_wconf 91' lang='grc' dir='ltr'><strong><em>καὶ</em></strong></span> <span class='ocrx_word' id='word_1_145' title='bbox 590 1271 624 1332; x_wconf 85' lang='grc' dir='ltr'><strong><em>αί</em></strong></span> <span class='ocrx_word' id='word_1_146' title='bbox 636 1268 764 1333; x_wconf 89' lang='grc' dir='ltr'><strong><em>σπονδαί</em></strong></span> <span class='ocrx_word' id='word_1_147' title='bbox 798 1266 902 1352; x_wconf 84' lang='grc' dir='ltr'><strong><em>αύτής,</em></strong></span> <span class='ocrx_word' id='word_1_148' title='bbox 915 1271 1051 1351; x_wconf 80' lang='grc' dir='ltr'><strong><em>μενοῦσιν</em></strong></span> <span class='ocrx_word' id='word_1_149' title='bbox 1064 1271 1152 1363; x_wconf 73' lang='grc' dir='ltr'><strong><em>αυτῇ.</em></strong></span> <span class='ocrx_word' id='word_1_150' title='bbox 1177 1266 1308 1333; x_wconf 78' lang='grc' dir='ltr'><strong><em>11ε’δινδί</em></strong></span> <span class='ocrx_word' id='word_1_151' title='bbox 1322 1272 1352 1331; x_wconf 78' lang='grc' dir='ltr'><strong><em>ἐν</em></strong></span> <span class='ocrx_word' id='word_1_152' title='bbox 1364 1273 1409 1352; x_wconf 84' lang='grc' dir='ltr'><strong><em>τῷ</em></strong></span> 
     </span>
     <span class='ocr_line' id='line_1_15' title="bbox 155 1347 1408 1455; baseline -0.005 -34"><span class='ocrx_word' id='word_1_153' title='bbox 155 1355 265 1422; x_wconf 81' lang='grc' dir='ltr'><strong><em>αιἰτών.</em></strong></span> <span class='ocrx_word' id='word_1_154' title='bbox 304 1355 335 1397; x_wconf 81' lang='lat'><strong><em>³⁹</em></strong></span> <span class='ocrx_word' id='word_1_155' title='bbox 347 1359 446 1418; x_wconf 82' lang='grc' dir='ltr'><strong><em>ταῦτα</em></strong></span> <span class='ocrx_word' id='word_1_156' title='bbox 467 1348 606 1431; x_wconf 81' lang='grc' dir='ltr'><strong><em>ποιήσετε</em></strong></span> <span class='ocrx_word' id='word_1_157' title='bbox 622 1357 714 1437; x_wconf 84' lang='grc' dir='ltr'><strong><em>κυρίῳ</em></strong></span> <span class='ocrx_word' id='word_1_158' title='bbox 732 1352 763 1414; x_wconf 84' lang='grc' dir='ltr'><strong><em>ἐν</em></strong></span> <span class='ocrx_word' id='word_1_159' title='bbox 798 1351 872 1455; x_wconf 72' lang='grc' dir='ltr'><strong><em>οίκρν</em></strong></span> <span class='ocrx_word' id='word_1_160' title='bbox 890 1356 948 1417; x_wconf 81' lang='grc' dir='ltr'><strong><em>τοῦ</em></strong></span> <span class='ocrx_word' id='word_1_161' title='bbox 960 1349 1071 1437; x_wconf 79' lang='grc' dir='ltr'><strong><em>ἀνδρὸς</em></strong></span> <span class='ocrx_word' id='word_1_162' title='bbox 1084 1347 1290 1435; x_wconf 83' lang='grc' dir='ltr'><strong><em>αύτήςήείιχή</em></strong></span> <span class='ocrx_word' id='word_1_163' title='bbox 1303 1349 1408 1435; x_wconf 77' lang='grc' dir='ltr'><strong><em>αὐτῆς,</em></strong></span> 
     </span>
     <span class='ocr_line' id='line_1_16' title="bbox 154 1430 1409 1539; baseline -0.003 -36"><span class='ocrx_word' id='word_1_164' title='bbox 154 1449 219 1515; x_wconf 83' lang='grc' dir='ltr'><strong><em>ταῖς</em></strong></span> <span class='ocrx_word' id='word_1_165' title='bbox 241 1439 360 1521; x_wconf 77' lang='grc' dir='ltr'><strong><em>ἑορταῖς·</em></strong></span> <span class='ocrx_word' id='word_1_166' title='bbox 378 1431 474 1519; x_wconf 78' lang='grc' dir='ltr'><strong><em>ύμοῖιν,</em></strong></span> <span class='ocrx_word' id='word_1_167' title='bbox 500 1434 578 1517; x_wconf 84' lang='grc' dir='ltr'><strong><em>πλήν</em></strong></span> <span class='ocrx_word' id='word_1_168' title='bbox 595 1438 656 1498; x_wconf 81' lang='grc' dir='ltr'><strong><em>τῶν</em></strong></span> <span class='ocrx_word' id='word_1_169' title='bbox 672 1433 763 1539; x_wconf 69' lang='grc' dir='ltr'><strong><em>εδηών</em></strong></span> <span class='ocrx_word' id='word_1_170' title='bbox 798 1433 818 1519; x_wconf 77' lang='grc' dir='ltr'><strong><em>ἢ</em></strong></span> <span class='ocrx_word' id='word_1_171' title='bbox 843 1461 861 1499; x_wconf 97' lang='grc' dir='ltr'><strong><em>ο</em></strong></span> <span class='ocrx_word' id='word_1_172' title='bbox 887 1430 1010 1520; x_wconf 80' lang='grc' dir='ltr'><strong><em>ὁρισμὸς</em></strong></span> <span class='ocrx_word' id='word_1_173' title='bbox 1035 1430 1114 1498; x_wconf 78' lang='grc' dir='ltr'><strong><em>κατὰ</em></strong></span> <span class='ocrx_word' id='word_1_174' title='bbox 1130 1438 1183 1520; x_wconf 84' lang='grc' dir='ltr'><strong><em>τής</em></strong></span> <span class='ocrx_word' id='word_1_175' title='bbox 1199 1439 1297 1539; x_wconf 38' lang='grc' dir='ltr'><strong><em>ψυιχής</em></strong></span> <span class='ocrx_word' id='word_1_176' title='bbox 1316 1433 1409 1537; x_wconf 77' lang='grc' dir='ltr'><strong><em>αύτής</em></strong></span> 
     </span>
     <span class='ocr_line' id='line_1_17' title="bbox 153 1513 1410 1620; baseline -0.004 -35"><span class='ocrx_word' id='word_1_177' title='bbox 153 1518 254 1602; x_wconf 79' lang='grc' dir='ltr'><strong><em>ὑμῶν,</em></strong></span> <span class='ocrx_word' id='word_1_178' title='bbox 279 1519 330 1583; x_wconf 86' lang='grc' dir='ltr'><strong><em>καί</em></strong></span> <span class='ocrx_word' id='word_1_179' title='bbox 344 1514 383 1582; x_wconf 80' lang='grc' dir='ltr'><strong><em>τύ</em></strong></span> <span class='ocrx_word' id='word_1_180' title='bbox 401 1513 523 1581; x_wconf 75' lang='grc' dir='ltr'><strong><em>ἑκούσια</em></strong></span> <span class='ocrx_word' id='word_1_181' title='bbox 537 1513 633 1600; x_wconf 82' lang='grc' dir='ltr'><strong><em>ύμιῦν,</em></strong></span> <span class='ocrx_word' id='word_1_182' title='bbox 659 1515 761 1581; x_wconf 78' lang='grc' dir='ltr'><strong><em>καττὰ</em></strong></span> <span class='ocrx_word' id='word_1_183' title='bbox 797 1515 863 1601; x_wconf 79' lang='grc' dir='ltr'><strong><em>μεθ’</em></strong></span> <span class='ocrx_word' id='word_1_184' title='bbox 879 1514 985 1604; x_wconf 76' lang='grc' dir='ltr'><strong><em>ὅρκου,</em></strong></span> <span class='ocrx_word' id='word_1_185' title='bbox 1001 1521 1029 1559; x_wconf 82' lang='lat'><strong><em>²²</em></strong></span> <span class='ocrx_word' id='word_1_186' title='bbox 1039 1517 1092 1581; x_wconf 82' lang='grc' dir='ltr'><strong><em>καὶ</em></strong></span> <span class='ocrx_word' id='word_1_187' title='bbox 1103 1513 1220 1620; x_wconf 78' lang='grc' dir='ltr'><strong><em>ἆκούση</em></strong></span> <span class='ocrx_word' id='word_1_188' title='bbox 1232 1544 1250 1582; x_wconf 96' lang='grc' dir='ltr'><strong><em>ο</em></strong></span> <span class='ocrx_word' id='word_1_189' title='bbox 1262 1515 1338 1604; x_wconf 76' lang='grc' dir='ltr'><strong><em>ἀνήρ</em></strong></span> <span class='ocrx_word' id='word_1_190' title='bbox 1353 1545 1410 1583; x_wconf 85' lang='grc' dir='ltr'><strong><em>αυ-</em></strong></span> 
     </span>
     <span class='ocr_line' id='line_1_18' title="bbox 154 1595 1408 1693; baseline -0.002 -26"><span class='ocrx_word' id='word_1_191' title='bbox 154 1596 393 1683; x_wconf 87' lang='grc' dir='ltr'><strong><em>ὁλοκαυτώματα</em></strong></span> <span class='ocrx_word' id='word_1_192' title='bbox 407 1595 504 1682; x_wconf 84' lang='grc' dir='ltr'><strong><em>ύμών,</em></strong></span> <span class='ocrx_word' id='word_1_193' title='bbox 525 1601 577 1664; x_wconf 88' lang='grc' dir='ltr'><strong><em>καί</em></strong></span> <span class='ocrx_word' id='word_1_194' title='bbox 588 1595 642 1674; x_wconf 80' lang='grc' dir='ltr'><strong><em>τύς</em></strong></span> <span class='ocrx_word' id='word_1_195' title='bbox 655 1606 763 1674; x_wconf 82' lang='grc' dir='ltr'><strong><em>θυσίας</em></strong></span> <span class='ocrx_word' id='word_1_196' title='bbox 799 1603 867 1685; x_wconf 86' lang='grc' dir='ltr'><strong><em>τής,</em></strong></span> <span class='ocrx_word' id='word_1_197' title='bbox 884 1602 937 1666; x_wconf 82' lang='grc' dir='ltr'><strong><em>καί</em></strong></span> <span class='ocrx_word' id='word_1_198' title='bbox 947 1596 1169 1691; x_wconf 81' lang='grc' dir='ltr'><strong><em>παρασιωπήση</em></strong></span> <span class='ocrx_word' id='word_1_199' title='bbox 1183 1604 1279 1693; x_wconf 78' lang='grc' dir='ltr'><strong><em>αυτῇ,</em></strong></span> <span class='ocrx_word' id='word_1_200' title='bbox 1305 1603 1356 1665; x_wconf 87' lang='grc' dir='ltr'><strong><em>καί</em></strong></span> <span class='ocrx_word' id='word_1_201' title='bbox 1368 1597 1408 1687; x_wconf 84' lang='grc' dir='ltr'><strong><em>μή</em></strong></span> 
     </span>
     <span class='ocr_line' id='line_1_19' title="bbox 154 1678 1410 1779; baseline -0.003 -27"><span class='ocrx_word' id='word_1_202' title='bbox 154 1684 252 1770; x_wconf 76' lang='grc' dir='ltr'><strong><em>ὑμῶν,</em></strong></span> <span class='ocrx_word' id='word_1_203' title='bbox 277 1685 329 1749; x_wconf 88' lang='grc' dir='ltr'><strong><em>καί</em></strong></span> <span class='ocrx_word' id='word_1_204' title='bbox 340 1682 395 1759; x_wconf 79' lang='grc' dir='ltr'><strong><em>τὰς</em></strong></span> <span class='ocrx_word' id='word_1_205' title='bbox 406 1681 536 1759; x_wconf 79' lang='grc' dir='ltr'><strong><em>σπονδὰς</em></strong></span> <span class='ocrx_word' id='word_1_206' title='bbox 550 1678 642 1767; x_wconf 78' lang='grc' dir='ltr'><strong><em>ὑμῶν,</em></strong></span> <span class='ocrx_word' id='word_1_207' title='bbox 660 1686 712 1750; x_wconf 85' lang='grc' dir='ltr'><strong><em>καί</em></strong></span> <span class='ocrx_word' id='word_1_208' title='bbox 723 1678 762 1748; x_wconf 83' lang='grc' dir='ltr'><strong><em>τύ</em></strong></span> <span class='ocrx_word' id='word_1_209' title='bbox 801 1678 946 1779; x_wconf 82' lang='grc' dir='ltr'><strong><em>ἀνανεύση</em></strong></span> <span class='ocrx_word' id='word_1_210' title='bbox 959 1682 1053 1772; x_wconf 78' lang='grc' dir='ltr'><strong><em>αύτῇ,</em></strong></span> <span class='ocrx_word' id='word_1_211' title='bbox 1074 1684 1126 1748; x_wconf 88' lang='grc' dir='ltr'><strong><em>καί</em></strong></span> <span class='ocrx_word' id='word_1_212' title='bbox 1139 1679 1299 1768; x_wconf 88' lang='grc' dir='ltr'><strong><em>στήσονται</em></strong></span> <span class='ocrx_word' id='word_1_213' title='bbox 1310 1688 1410 1748; x_wconf 86' lang='grc' dir='ltr'><strong><em>πᾶσαν</em></strong></span> 
     </span>
     <span class='ocr_line' id='line_1_20' title="bbox 155 1760 1410 1855; baseline -0.003 -19"><span class='ocrx_word' id='word_1_214' title='bbox 155 1766 288 1855; x_wconf 83' lang='grc' dir='ltr'><strong><em>σωτήρια</em></strong></span> <span class='ocrx_word' id='word_1_215' title='bbox 302 1763 391 1850; x_wconf 78' lang='grc' dir='ltr'><strong><em>ὑμῶν.</em></strong></span> <span class='ocrx_word' id='word_1_216' title='bbox 801 1770 835 1831; x_wconf 82' lang='grc' dir='ltr'><strong><em>αί</em></strong></span> <span class='ocrx_word' id='word_1_217' title='bbox 848 1765 930 1852; x_wconf 79' lang='grc' dir='ltr'><strong><em>εὐχαί</em></strong></span> <span class='ocrx_word' id='word_1_218' title='bbox 942 1766 1044 1852; x_wconf 83' lang='grc' dir='ltr'><strong><em>αύτής,</em></strong></span> <span class='ocrx_word' id='word_1_219' title='bbox 1063 1769 1114 1830; x_wconf 89' lang='grc' dir='ltr'><strong><em>καί</em></strong></span> <span class='ocrx_word' id='word_1_220' title='bbox 1126 1760 1233 1844; x_wconf 77' lang='grc' dir='ltr'><strong><em>πάντες</em></strong></span> <span class='ocrx_word' id='word_1_221' title='bbox 1245 1771 1276 1832; x_wconf 82' lang='grc' dir='ltr'><strong><em>οί</em></strong></span> <span class='ocrx_word' id='word_1_222' title='bbox 1289 1761 1410 1853; x_wconf 85' lang='grc' dir='ltr'><strong><em>δρισμοι</em></strong></span> 
     </span>
    </p>

    <p class='ocr_par' dir='ltr' id='par_1_5' title="bbox 153 1844 1412 3036">
     <span class='ocr_line' id='line_1_21' title="bbox 352 1844 1408 1957; baseline 0 -43"><span class='ocrx_word' id='word_1_223' title='bbox 352 1854 426 1914; x_wconf 86' lang='grc' dir='ltr'><strong><em>ΚΕ</em></strong></span> <span class='ocrx_word' id='word_1_224' title='bbox 440 1854 478 1913; x_wconf 83' lang='grc' dir='ltr'><strong><em>Φ.</em></strong></span> <span class='ocrx_word' id='word_1_225' title='bbox 520 1844 574 1913; x_wconf 84' lang='lat' dir='ltr'><strong><em>A&#39;.</em></strong></span> <span class='ocrx_word' id='word_1_226' title='bbox 801 1848 908 1957; x_wconf 73' lang='grc' dir='ltr'><strong><em>αδτής,</em></strong></span> <span class='ocrx_word' id='word_1_227' title='bbox 933 1847 986 1925; x_wconf 73' lang='grc' dir='ltr'><strong><em>οὓς</em></strong></span> <span class='ocrx_word' id='word_1_228' title='bbox 1004 1848 1138 1936; x_wconf 82' lang='grc' dir='ltr'><strong><em>ὡρίσατο</em></strong></span> <span class='ocrx_word' id='word_1_229' title='bbox 1151 1849 1230 1916; x_wconf 78' lang='grc' dir='ltr'><strong><em>κατὰ</em></strong></span> <span class='ocrx_word' id='word_1_230' title='bbox 1242 1855 1294 1936; x_wconf 78' lang='grc' dir='ltr'><strong><em>τῆς</em></strong></span> <span class='ocrx_word' id='word_1_231' title='bbox 1311 1869 1356 1931; x_wconf 84' lang='grc' dir='ltr'><strong><em>ψυ</em></strong></span> <span class='ocrx_word' id='word_1_232' title='bbox 1376 1855 1408 1954; x_wconf 76' lang='grc' dir='ltr'><strong><em>ης</em></strong></span> 
     </span>
     <span class='ocr_line' id='line_1_22' title="bbox 154 1875 1411 2035; baseline -0.002 -35"><span class='ocrx_word' id='word_1_233' title='bbox 154 1901 241 2000; x_wconf 79' lang='grc' dir='ltr'><strong><em>Καὶ</em></strong></span> <span class='ocrx_word' id='word_1_234' title='bbox 253 1929 522 2018; x_wconf 79' lang='grc' dir='ltr'><strong><em>ίλύλησεΜωυσής</em></strong></span> <span class='ocrx_word' id='word_1_235' title='bbox 535 1943 599 2011; x_wconf 75' lang='grc' dir='ltr'><strong><em>τοῖς</em></strong></span> <span class='ocrx_word' id='word_1_236' title='bbox 615 1935 690 2006; x_wconf 79' lang='grc' dir='ltr'><strong><em>υἱοῖς</em></strong></span> <span class='ocrx_word' id='word_1_237' title='bbox 703 1929 764 1997; x_wconf 84' lang='grc' dir='ltr'><strong><em>Ἰο-</em></strong></span> <span class='ocrx_word' id='word_1_238' title='bbox 801 1931 908 2018; x_wconf 86' lang='grc' dir='ltr'><strong><em>αύτης,</em></strong></span> <span class='ocrx_word' id='word_1_239' title='bbox 933 1929 1093 2017; x_wconf 90' lang='grc' dir='ltr'><strong><em>στήσονται</em></strong></span> <span class='ocrx_word' id='word_1_240' title='bbox 1110 1930 1173 1997; x_wconf 79' lang='grc' dir='ltr'><strong><em>κατ’</em></strong></span> <span class='ocrx_word' id='word_1_241' title='bbox 1189 1931 1291 2035; x_wconf 76' lang='grc' dir='ltr'><strong><em>αύτής.</em></strong></span> <span class='ocrx_word' id='word_1_242' title='bbox 1316 1875 1411 1998; x_wconf 73' lang='grc' dir='ltr'><strong><em>13ίαν</em></strong></span> 
     </span>
     <span class='ocr_line' id='line_1_23' title="bbox 154 2010 1396 2121; baseline -0.004 -37"><span class='ocrx_word' id='word_1_243' title='bbox 154 2017 233 2107; x_wconf 86' lang='grc' dir='ltr'><strong><em>ραήλ</em></strong></span> <span class='ocrx_word' id='word_1_244' title='bbox 250 2014 328 2081; x_wconf 81' lang='grc' dir='ltr'><strong><em>κατὰ</em></strong></span> <span class='ocrx_word' id='word_1_245' title='bbox 345 2010 448 2080; x_wconf 85' lang='grc' dir='ltr'><strong><em>πύντα</em></strong></span> <span class='ocrx_word' id='word_1_246' title='bbox 464 2011 523 2080; x_wconf 79' lang='grc' dir='ltr'><strong><em>ὅσα</em></strong></span> <span class='ocrx_word' id='word_1_247' title='bbox 537 2014 698 2081; x_wconf 77' lang='grc' dir='ltr'><strong><em>ίνετειλατο</em></strong></span> <span class='ocrx_word' id='word_1_248' title='bbox 710 2011 763 2078; x_wconf 89' lang='grc' dir='ltr'><strong><em>κύ-</em></strong></span> <span class='ocrx_word' id='word_1_249' title='bbox 800 2015 832 2081; x_wconf 82' lang='grc' dir='ltr'><strong><em>δὲ</em></strong></span> <span class='ocrx_word' id='word_1_250' title='bbox 856 2014 997 2120; x_wconf 84' lang='grc' dir='ltr'><strong><em>περιελών</em></strong></span> <span class='ocrx_word' id='word_1_251' title='bbox 1021 2014 1140 2107; x_wconf 80' lang='grc' dir='ltr'><strong><em>περιελη</em></strong></span> <span class='ocrx_word' id='word_1_252' title='bbox 1171 2012 1188 2080; x_wconf 86' lang='grc' dir='ltr'>ὁ</span> <span class='ocrx_word' id='word_1_253' title='bbox 1217 2014 1292 2121; x_wconf 84' lang='grc' dir='ltr'><strong><em>ἆνηρ</em></strong></span> <span class='ocrx_word' id='word_1_254' title='bbox 1316 2012 1396 2121; x_wconf 66' lang='grc' dir='ltr'><strong><em>αὕτη</em></strong></span> 
     </span>
     <span class='ocr_line' id='line_1_24' title="bbox 155 2091 1410 2194; baseline -0.001 -28"><span class='ocrx_word' id='word_1_255' title='bbox 155 2127 218 2189; x_wconf 84' lang='grc' dir='ltr'><strong><em>ριος</em></strong></span> <span class='ocrx_word' id='word_1_256' title='bbox 231 2105 274 2184; x_wconf 79' lang='grc' dir='ltr'><strong><em>τῷ</em></strong></span> <span class='ocrx_word' id='word_1_257' title='bbox 288 2103 420 2192; x_wconf 81' lang='grc' dir='ltr'><strong><em>Μωυσῇ.</em></strong></span> <span class='ocrx_word' id='word_1_258' title='bbox 439 2100 516 2162; x_wconf 75' lang='grc' dir='ltr'><strong><em>2καί</em></strong></span> <span class='ocrx_word' id='word_1_259' title='bbox 529 2094 764 2182; x_wconf 84' lang='grc' dir='ltr'><strong><em>ε’λοίλησεΜωυ-</em></strong></span> <span class='ocrx_word' id='word_1_260' title='bbox 800 2091 879 2194; x_wconf 78' lang='grc' dir='ltr'><strong><em>ᾖᾶν</em></strong></span> <span class='ocrx_word' id='word_1_261' title='bbox 897 2103 993 2185; x_wconf 80' lang='grc' dir='ltr'><strong><em>ημέρᾳ</em></strong></span> <span class='ocrx_word' id='word_1_262' title='bbox 1009 2095 1107 2163; x_wconf 86' lang='grc' dir='ltr'><strong><em>ἆκούσ</em></strong></span> <span class='ocrx_word' id='word_1_263' title='bbox 1151 2095 1254 2165; x_wconf 87' lang='grc' dir='ltr'><strong><em>ποίντα</em></strong></span> <span class='ocrx_word' id='word_1_264' title='bbox 1278 2095 1338 2179; x_wconf 83' lang='grc' dir='ltr'><strong><em>σ’σα</em></strong></span> <span class='ocrx_word' id='word_1_265' title='bbox 1356 2102 1410 2166; x_wconf 78' lang='grc' dir='ltr'><strong><em>ίαν</em></strong></span> 
     </span>
     <span class='ocr_line' id='line_1_25' title="bbox 155 2126 1410 2293; baseline -0.003 -42"><span class='ocrx_word' id='word_1_266' title='bbox 155 2190 208 2293; x_wconf 76' lang='grc' dir='ltr'><strong><em>σής</em></strong></span> <span class='ocrx_word' id='word_1_267' title='bbox 233 2180 308 2269; x_wconf 86' lang='grc' dir='ltr'><strong><em>πρὸς</em></strong></span> <span class='ocrx_word' id='word_1_268' title='bbox 333 2180 403 2261; x_wconf 85' lang='grc' dir='ltr'><strong><em>τούς</em></strong></span> <span class='ocrx_word' id='word_1_269' title='bbox 424 2178 569 2268; x_wconf 78' lang='grc' dir='ltr'><strong><em>ίίρχοντας</em></strong></span> <span class='ocrx_word' id='word_1_270' title='bbox 587 2185 646 2245; x_wconf 87' lang='grc' dir='ltr'><strong><em>τών</em></strong></span> <span class='ocrx_word' id='word_1_271' title='bbox 664 2181 764 2264; x_wconf 82' lang='grc' dir='ltr'><strong><em>φυλῶν</em></strong></span> <span class='ocrx_word' id='word_1_272' title='bbox 801 2182 911 2269; x_wconf 75' lang='grc' dir='ltr'><strong><em>ἐξελθη</em></strong></span> <span class='ocrx_word' id='word_1_273' title='bbox 938 2184 969 2247; x_wconf 80' lang='grc' dir='ltr'><strong><em>ἐκ</em></strong></span> <span class='ocrx_word' id='word_1_274' title='bbox 993 2185 1054 2246; x_wconf 83' lang='grc' dir='ltr'><strong><em>τών</em></strong></span> <span class='ocrx_word' id='word_1_275' title='bbox 1072 2126 1190 2269; x_wconf 75' lang='grc' dir='ltr'><strong><em>χειλέων</em></strong></span> <span class='ocrx_word' id='word_1_276' title='bbox 1213 2181 1306 2267; x_wconf 83' lang='grc' dir='ltr'><strong><em>αύτής</em></strong></span> <span class='ocrx_word' id='word_1_277' title='bbox 1330 2180 1410 2248; x_wconf 79' lang='grc' dir='ltr'><strong><em>κατύ</em></strong></span> 
     </span>
     <span class='ocr_line' id='line_1_26' title="bbox 154 2260 1410 2353; baseline -0.001 -21"><span class='ocrx_word' id='word_1_278' title='bbox 154 2272 228 2332; x_wconf 85' lang='grc' dir='ltr'><strong><em>υιών</em></strong></span> <span class='ocrx_word' id='word_1_279' title='bbox 237 2264 374 2352; x_wconf 88' lang='grc' dir='ltr'><strong><em>Ἰσραήλ,</em></strong></span> <span class='ocrx_word' id='word_1_280' title='bbox 391 2264 503 2345; x_wconf 78' lang='grc' dir='ltr'><strong><em>λέγων.</em></strong></span> <span class='ocrx_word' id='word_1_281' title='bbox 526 2270 618 2330; x_wconf 83' lang='grc' dir='ltr'><strong><em>τοῦτο</em></strong></span> <span class='ocrx_word' id='word_1_282' title='bbox 633 2264 669 2330; x_wconf 87' lang='grc' dir='ltr'><strong><em>τὸ</em></strong></span> <span class='ocrx_word' id='word_1_283' title='bbox 683 2267 763 2351; x_wconf 81' lang='grc' dir='ltr'><strong><em>ῥῆμα</em></strong></span> <span class='ocrx_word' id='word_1_284' title='bbox 800 2266 855 2341; x_wconf 85' lang='grc' dir='ltr'><strong><em>τὰς</em></strong></span> <span class='ocrx_word' id='word_1_285' title='bbox 866 2262 951 2351; x_wconf 82' lang='grc' dir='ltr'><strong><em>εδχδς</em></strong></span> <span class='ocrx_word' id='word_1_286' title='bbox 963 2262 1070 2349; x_wconf 84' lang='grc' dir='ltr'><strong><em>αύτής,</em></strong></span> <span class='ocrx_word' id='word_1_287' title='bbox 1097 2267 1148 2331; x_wconf 89' lang='grc' dir='ltr'><strong><em>καί</em></strong></span> <span class='ocrx_word' id='word_1_288' title='bbox 1160 2262 1239 2330; x_wconf 86' lang='grc' dir='ltr'><strong><em>κατύ</em></strong></span> <span class='ocrx_word' id='word_1_289' title='bbox 1255 2263 1327 2343; x_wconf 86' lang='grc' dir='ltr'><strong><em>τούς</em></strong></span> <span class='ocrx_word' id='word_1_290' title='bbox 1345 2260 1410 2353; x_wconf 84' lang='grc' dir='ltr'><strong><em>ὁρι-</em></strong></span> 
     </span>
     <span class='ocr_line' id='line_1_27' title="bbox 154 2343 1408 2437; baseline -0.002 -21"><span class='ocrx_word' id='word_1_291' title='bbox 154 2348 318 2426; x_wconf 79' lang='grc' dir='ltr'><strong><em>δουνέταξε</em></strong></span> <span class='ocrx_word' id='word_1_292' title='bbox 328 2343 435 2434; x_wconf 85' lang='grc' dir='ltr'><strong><em>κύριος.</em></strong></span> <span class='ocrx_word' id='word_1_293' title='bbox 450 2347 631 2434; x_wconf 82' lang='grc' dir='ltr'><strong><em>3σ’ίνθρωντος</em></strong></span> <span class='ocrx_word' id='word_1_294' title='bbox 640 2347 763 2435; x_wconf 85' lang='grc' dir='ltr'><strong><em>ίίνθρω-</em></strong></span> <span class='ocrx_word' id='word_1_295' title='bbox 801 2374 893 2431; x_wconf 84' lang='grc' dir='ltr'><strong><em>σμους</em></strong></span> <span class='ocrx_word' id='word_1_296' title='bbox 906 2346 954 2414; x_wconf 64' lang='lat' dir='ltr'><strong><em>to*</em></strong></span> <span class='ocrx_word' id='word_1_297' title='bbox 1058 2347 1064 2368; x_wconf 73' lang='lat'><strong>¹</strong></span> <span class='ocrx_word' id='word_1_298' title='bbox 1103 2353 1136 2433; x_wconf 85' lang='grc' dir='ltr'><strong><em>ής</em></strong></span> <span class='ocrx_word' id='word_1_299' title='bbox 1149 2345 1358 2437; x_wconf 79' lang='grc' dir='ltr'><strong><em>ψυχήςαύτής,</em></strong></span> <span class='ocrx_word' id='word_1_300' title='bbox 1371 2346 1408 2415; x_wconf 85' lang='grc' dir='ltr'><strong><em>ού</em></strong></span> 
     </span>
     <span class='ocr_line' id='line_1_28' title="bbox 153 2429 1412 2535; baseline -0.002 -36"><span class='ocrx_word' id='word_1_301' title='bbox 153 2461 211 2516; x_wconf 84' lang='grc' dir='ltr'><strong><em>πος</em></strong></span> <span class='ocrx_word' id='word_1_302' title='bbox 224 2429 257 2510; x_wconf 83' lang='grc' dir='ltr'><strong><em>ίίς</em></strong></span> <span class='ocrx_word' id='word_1_303' title='bbox 270 2430 437 2517; x_wconf 76' lang='grc' dir='ltr'><strong><em>δνέίίξηται</em></strong></span> <span class='ocrx_word' id='word_1_304' title='bbox 449 2429 534 2535; x_wconf 76' lang='grc' dir='ltr'><strong><em>εὐχήν</em></strong></span> <span class='ocrx_word' id='word_1_305' title='bbox 543 2438 648 2518; x_wconf 80' lang='grc' dir='ltr'><strong><em>κυρίην,</em></strong></span> <span class='ocrx_word' id='word_1_306' title='bbox 658 2430 677 2516; x_wconf 83' lang='grc' dir='ltr'><em>ἢ</em></span> <span class='ocrx_word' id='word_1_307' title='bbox 687 2429 764 2517; x_wconf 84' lang='grc' dir='ltr'><strong><em>δμο-</em></strong></span> <span class='ocrx_word' id='word_1_308' title='bbox 799 2443 877 2515; x_wconf 84' lang='grc' dir='ltr'><strong><em>μενεῖ</em></strong></span> <span class='ocrx_word' id='word_1_309' title='bbox 886 2430 971 2525; x_wconf 79' lang='grc' dir='ltr'><strong><em>αὕτη.</em></strong></span> <span class='ocrx_word' id='word_1_310' title='bbox 987 2457 1005 2496; x_wconf 96' lang='grc' dir='ltr'><strong><em>ο</em></strong></span> <span class='ocrx_word' id='word_1_311' title='bbox 1019 2455 1093 2517; x_wconf 89' lang='grc' dir='ltr'><strong><em>ανηρ</em></strong></span> <span class='ocrx_word' id='word_1_312' title='bbox 1106 2429 1198 2516; x_wconf 75' lang='grc' dir='ltr'><strong><em>αὐτῆς</em></strong></span> <span class='ocrx_word' id='word_1_313' title='bbox 1210 2431 1346 2518; x_wconf 73' lang='grc' dir='ltr'><strong><em>περιεῖλε,</em></strong></span> <span class='ocrx_word' id='word_1_314' title='bbox 1359 2433 1412 2497; x_wconf 80' lang='grc' dir='ltr'><strong><em>καί</em></strong></span> 
     </span>
     <span class='ocr_line' id='line_1_29' title="bbox 155 2511 1411 2624; baseline -0.003 -41"><span class='ocrx_word' id='word_1_315' title='bbox 155 2545 193 2610; x_wconf 82' lang='grc' dir='ltr'><strong><em>ση</em></strong></span> <span class='ocrx_word' id='word_1_316' title='bbox 209 2515 338 2605; x_wconf 82' lang='grc' dir='ltr'><strong><em>ὅρκον,ή</em></strong></span> <span class='ocrx_word' id='word_1_317' title='bbox 353 2512 521 2621; x_wconf 82' lang='grc' dir='ltr'><strong><em>ὅρίσηταιο</em></strong></span> <span class='ocrx_word' id='word_1_318' title='bbox 538 2520 619 2602; x_wconf 76' lang='grc' dir='ltr'><strong><em>ιομῷ</em></strong></span> <span class='ocrx_word' id='word_1_319' title='bbox 630 2517 763 2602; x_wconf 71' lang='grc' dir='ltr'><strong><em>περίτῆς</em></strong></span> <span class='ocrx_word' id='word_1_320' title='bbox 801 2512 904 2624; x_wconf 88' lang='grc' dir='ltr'><strong><em>κύριος</em></strong></span> <span class='ocrx_word' id='word_1_321' title='bbox 913 2525 1055 2601; x_wconf 85' lang='grc' dir='ltr'><strong><em>καθαριεῖ</em></strong></span> <span class='ocrx_word' id='word_1_322' title='bbox 1065 2511 1167 2600; x_wconf 86' lang='grc' dir='ltr'><strong><em>αύτήν.</em></strong></span> <span class='ocrx_word' id='word_1_323' title='bbox 1199 2515 1329 2581; x_wconf 64' lang='grc' dir='ltr'><strong><em>14πᾶσα</em></strong></span> <span class='ocrx_word' id='word_1_324' title='bbox 1343 2512 1411 2621; x_wconf 63' lang='grc' dir='ltr'><strong><em>εύμή</em></strong></span> 
     </span>
     <span class='ocr_line' id='line_1_30' title="bbox 154 2595 1411 2703; baseline -0.002 -37"><span class='ocrx_word' id='word_1_325' title='bbox 154 2606 251 2692; x_wconf 81' lang='grc' dir='ltr'><strong><em>ψυχής</em></strong></span> <span class='ocrx_word' id='word_1_326' title='bbox 267 2599 378 2677; x_wconf 85' lang='grc' dir='ltr'><strong><em>αύτού,</em></strong></span> <span class='ocrx_word' id='word_1_327' title='bbox 403 2626 439 2664; x_wconf 92' lang='grc' dir='ltr'><strong><em>ου</em></strong></span> <span class='ocrx_word' id='word_1_328' title='bbox 455 2603 526 2685; x_wconf 75' lang='grc' dir='ltr'><strong><em>βεβη</em></strong></span> <span class='ocrx_word' id='word_1_329' title='bbox 559 2595 611 2665; x_wconf 84' lang='grc' dir='ltr'><strong><em>’σει</em></strong></span> <span class='ocrx_word' id='word_1_330' title='bbox 629 2597 665 2665; x_wconf 84' lang='grc' dir='ltr'><strong><em>τὸ</em></strong></span> <span class='ocrx_word' id='word_1_331' title='bbox 683 2601 763 2685; x_wconf 78' lang='grc' dir='ltr'><strong><em>ῥῆμα</em></strong></span> <span class='ocrx_word' id='word_1_332' title='bbox 801 2627 852 2664; x_wconf 89' lang='grc' dir='ltr'><strong><em>και</em></strong></span> <span class='ocrx_word' id='word_1_333' title='bbox 864 2604 925 2675; x_wconf 86' lang='grc' dir='ltr'><strong><em>πᾶς</em></strong></span> <span class='ocrx_word' id='word_1_334' title='bbox 938 2595 1026 2685; x_wconf 76' lang='grc' dir='ltr'><strong><em>ὅρκος</em></strong></span> <span class='ocrx_word' id='word_1_335' title='bbox 1039 2598 1145 2681; x_wconf 86' lang='grc' dir='ltr'><strong><em>δεσμοῦ</em></strong></span> <span class='ocrx_word' id='word_1_336' title='bbox 1155 2603 1289 2663; x_wconf 80' lang='grc' dir='ltr'><strong><em>κακῶσαι</em></strong></span> <span class='ocrx_word' id='word_1_337' title='bbox 1299 2617 1411 2703; x_wconf 58' lang='grc' dir='ltr'><strong><em>ηνυηην,</em></strong></span> 
     </span>
     <span class='ocr_line' id='line_1_31' title="bbox 155 2677 1410 2776; baseline 0 -28"><span class='ocrx_word' id='word_1_338' title='bbox 155 2682 261 2748; x_wconf 80' lang='grc' dir='ltr'><strong><em>αὐτοῦ.</em></strong></span> <span class='ocrx_word' id='word_1_339' title='bbox 287 2680 390 2748; x_wconf 86' lang='grc' dir='ltr'><strong><em>πάντα</em></strong></span> <span class='ocrx_word' id='word_1_340' title='bbox 407 2679 468 2747; x_wconf 79' lang='grc' dir='ltr'><strong><em>ὅσα</em></strong></span> <span class='ocrx_word' id='word_1_341' title='bbox 485 2684 523 2745; x_wconf 84' lang='grc' dir='ltr'><strong><em>οίν</em></strong></span> <span class='ocrx_word' id='word_1_342' title='bbox 540 2683 647 2776; x_wconf 78' lang='grc' dir='ltr'><strong><em>ἕξελθη</em></strong></span> <span class='ocrx_word' id='word_1_343' title='bbox 664 2687 696 2747; x_wconf 77' lang='grc' dir='ltr'><strong><em>ἐκ</em></strong></span> <span class='ocrx_word' id='word_1_344' title='bbox 709 2685 763 2747; x_wconf 83' lang='grc' dir='ltr'><strong><em>τοῦ</em></strong></span> <span class='ocrx_word' id='word_1_345' title='bbox 801 2680 906 2768; x_wconf 83' lang='grc' dir='ltr'><strong><em>ὁᾶνήρ</em></strong></span> <span class='ocrx_word' id='word_1_346' title='bbox 920 2681 1012 2757; x_wconf 75' lang='grc' dir='ltr'><strong><em>αύτ”ς</em></strong></span> <span class='ocrx_word' id='word_1_347' title='bbox 1025 2677 1119 2765; x_wconf 91' lang='grc' dir='ltr'><strong><em>στήσει</em></strong></span> <span class='ocrx_word' id='word_1_348' title='bbox 1132 2679 1221 2768; x_wconf 79' lang='grc' dir='ltr'><strong><em>αὐτῇ,</em></strong></span> <span class='ocrx_word' id='word_1_349' title='bbox 1237 2683 1319 2746; x_wconf 81' lang='grc' dir='ltr'><strong><em>καίο</em></strong></span> <span class='ocrx_word' id='word_1_350' title='bbox 1333 2683 1410 2771; x_wconf 82' lang='grc' dir='ltr'><strong><em>ανήρ</em></strong></span> 
     </span>
     <span class='ocr_line' id='line_1_32' title="bbox 156 2711 1411 2852; baseline -0.001 -21"><span class='ocrx_word' id='word_1_351' title='bbox 156 2763 308 2848; x_wconf 88' lang='grc' dir='ltr'><strong><em>στόματος</em></strong></span> <span class='ocrx_word' id='word_1_352' title='bbox 331 2762 443 2838; x_wconf 76' lang='grc' dir='ltr'><strong><em>αὐτοῦ,</em></strong></span> <span class='ocrx_word' id='word_1_353' title='bbox 467 2760 593 2847; x_wconf 89' lang='grc' dir='ltr'><strong><em>ποιήσει.</em></strong></span> <span class='ocrx_word' id='word_1_354' title='bbox 633 2765 714 2830; x_wconf 72' lang='grc' dir='ltr'><strong><em>4ε’δτν</em></strong></span> <span class='ocrx_word' id='word_1_355' title='bbox 732 2763 764 2829; x_wconf 75' lang='grc' dir='ltr'><strong><em>δὲ</em></strong></span> <span class='ocrx_word' id='word_1_356' title='bbox 802 2763 894 2850; x_wconf 80' lang='grc' dir='ltr'><strong><em>αὐτῆς</em></strong></span> <span class='ocrx_word' id='word_1_357' title='bbox 904 2711 1035 2852; x_wconf 65' lang='grc' dir='ltr'><strong><em>περιελκῖ.</em></strong></span> <span class='ocrx_word' id='word_1_358' title='bbox 1062 2766 1088 2808; x_wconf 82' lang='lat'><strong><em>¹⁵</em></strong></span> <span class='ocrx_word' id='word_1_359' title='bbox 1102 2762 1196 2829; x_wconf 79' lang='grc' dir='ltr'><strong><em>ἐὰνδὲ</em></strong></span> <span class='ocrx_word' id='word_1_360' title='bbox 1214 2769 1334 2831; x_wconf 86' lang='grc' dir='ltr'><strong><em>οιωπών</em></strong></span> <span class='ocrx_word' id='word_1_361' title='bbox 1350 2794 1411 2832; x_wconf 89' lang='grc' dir='ltr'><strong><em>πα-</em></strong></span> 
     </span>
     <span class='ocr_line' id='line_1_33' title="bbox 159 2843 1411 2954; baseline 0 -42"><span class='ocrx_word' id='word_1_362' title='bbox 159 2846 276 2932; x_wconf 85' lang='grc' dir='ltr'><strong><em>εύξηται</em></strong></span> <span class='ocrx_word' id='word_1_363' title='bbox 289 2845 360 2931; x_wconf 73' lang='grc' dir='ltr'><strong><em>γυνή</em></strong></span> <span class='ocrx_word' id='word_1_364' title='bbox 374 2843 458 2931; x_wconf 81' lang='grc' dir='ltr'><strong><em>εύχήν</em></strong></span> <span class='ocrx_word' id='word_1_365' title='bbox 470 2853 579 2931; x_wconf 87' lang='grc' dir='ltr'><strong><em>κυρίῳ,</em></strong></span> <span class='ocrx_word' id='word_1_366' title='bbox 596 2843 764 2950; x_wconf 83' lang='grc' dir='ltr'><strong><em>ήὸρίσηται</em></strong></span> <span class='ocrx_word' id='word_1_367' title='bbox 802 2846 980 2936; x_wconf 89' lang='grc' dir='ltr'><strong><em>ρασιωπήση</em></strong></span> <span class='ocrx_word' id='word_1_368' title='bbox 1006 2845 1085 2940; x_wconf 73' lang='grc' dir='ltr'><strong><em>αὐτῇ</em></strong></span> <span class='ocrx_word' id='word_1_369' title='bbox 1109 2845 1221 2934; x_wconf 85' lang='grc' dir='ltr'><strong><em>ήμέραν</em></strong></span> <span class='ocrx_word' id='word_1_370' title='bbox 1242 2850 1273 2925; x_wconf 76' lang='grc' dir='ltr'><strong><em>ἐξ</em></strong></span> <span class='ocrx_word' id='word_1_371' title='bbox 1291 2845 1411 2954; x_wconf 76' lang='grc' dir='ltr'><strong><em>ἡμέρας,</em></strong></span> 
     </span>
     <span class='ocr_line' id='line_1_34' title="bbox 157 2924 1412 3036; baseline 0 -39"><span class='ocrx_word' id='word_1_372' title='bbox 157 2928 282 3018; x_wconf 82' lang='grc' dir='ltr'><strong><em>ὁρισμὸν</em></strong></span> <span class='ocrx_word' id='word_1_373' title='bbox 294 2934 324 2996; x_wconf 79' lang='grc' dir='ltr'><strong><em>ἐν</em></strong></span> <span class='ocrx_word' id='word_1_374' title='bbox 336 2934 381 3012; x_wconf 75' lang='grc' dir='ltr'><strong><em>τῷ</em></strong></span> <span class='ocrx_word' id='word_1_375' title='bbox 394 2931 468 2994; x_wconf 91' lang='grc' dir='ltr'><strong><em>οίκω</em></strong></span> <span class='ocrx_word' id='word_1_376' title='bbox 479 2934 533 2994; x_wconf 82' lang='grc' dir='ltr'><strong><em>τού</em></strong></span> <span class='ocrx_word' id='word_1_377' title='bbox 544 2928 660 3015; x_wconf 87' lang='grc' dir='ltr'><strong><em>πατρὸς</em></strong></span> <span class='ocrx_word' id='word_1_378' title='bbox 672 2934 764 3035; x_wconf 67' lang='grc' dir='ltr'><strong><em>αυτής</em></strong></span> <span class='ocrx_word' id='word_1_379' title='bbox 803 2935 853 2997; x_wconf 83' lang='grc' dir='ltr'><strong><em>καί</em></strong></span> <span class='ocrx_word' id='word_1_380' title='bbox 867 2924 968 3019; x_wconf 85' lang='grc' dir='ltr'><strong><em>στήσεί</em></strong></span> <span class='ocrx_word' id='word_1_381' title='bbox 982 2931 1062 3034; x_wconf 58' lang='grc' dir='ltr'><strong><em>αύρῇ</em></strong></span> <span class='ocrx_word' id='word_1_382' title='bbox 1074 2933 1176 3033; x_wconf 74' lang='grc' dir='ltr'><strong><em>πάσας</em></strong></span> <span class='ocrx_word' id='word_1_383' title='bbox 1188 2930 1242 3007; x_wconf 82' lang='grc' dir='ltr'><strong><em>τὰς</em></strong></span> <span class='ocrx_word' id='word_1_384' title='bbox 1256 2929 1412 3036; x_wconf 66' lang='grc' dir='ltr'><strong><em>εύραςμύ-</em></strong></span> 
     </span>
    </p>
   </div>
   <div class='ocr_carea' id='block_1_5' title="bbox 291 2996 458 3034">
    <p class='ocr_par' dir='ltr' id='par_1_6' title="bbox 291 2996 458 3034">
     <span class='ocr_line' id='line_1_35' title="bbox 291 2996 458 3034; baseline -0.024 0"><span class='ocrx_word' id='word_1_385' title='bbox 291 3012 299 3034; x_wconf 87' lang='grc' dir='ltr'><strong><em>ν</em></strong></span> <span class='ocrx_word' id='word_1_386' title='bbox 406 3009 415 3032; x_wconf 72' lang='grc' dir='ltr'><strong><em>κ</em></strong></span> <span class='ocrx_word' id='word_1_387' title='bbox 442 2996 458 3030; x_wconf 81' lang='grc'><strong><em>.“</em></strong></span> 
     </span>
    </p>
   </div>
   <div class='ocr_carea' id='block_1_6' title="bbox 155 3013 1418 4660">
    <p class='ocr_par' dir='ltr' id='par_1_7' title="bbox 155 3013 1418 4660">
     <span class='ocr_line' id='line_1_36' title="bbox 156 3013 1412 3114; baseline 0.002 -34"><span class='ocrx_word' id='word_1_388' title='bbox 156 3019 235 3114; x_wconf 75' lang='grc' dir='ltr'><strong><em>ἔντη</em></strong></span> <span class='ocrx_word' id='word_1_389' title='bbox 252 3039 366 3096; x_wconf 86' lang='grc' dir='ltr'><strong><em>νεοτητι</em></strong></span> <span class='ocrx_word' id='word_1_390' title='bbox 380 3037 485 3096; x_wconf 87' lang='grc' dir='ltr'><strong><em>αυτης,</em></strong></span> <span class='ocrx_word' id='word_1_391' title='bbox 524 3013 602 3077; x_wconf 74' lang='grc' dir='ltr'><strong><em>5καί</em></strong></span> <span class='ocrx_word' id='word_1_392' title='bbox 616 3013 763 3108; x_wconf 83' lang='grc' dir='ltr'><strong><em>ἇκουσηο</em></strong></span> <span class='ocrx_word' id='word_1_393' title='bbox 802 3021 864 3101; x_wconf 84' lang='grc' dir='ltr'><strong><em>τής,</em></strong></span> <span class='ocrx_word' id='word_1_394' title='bbox 876 3019 928 3081; x_wconf 88' lang='grc' dir='ltr'><strong><em>καί</em></strong></span> <span class='ocrx_word' id='word_1_395' title='bbox 939 3016 1010 3092; x_wconf 85' lang='grc' dir='ltr'><strong><em>τούς</em></strong></span> <span class='ocrx_word' id='word_1_396' title='bbox 1023 3039 1163 3097; x_wconf 87' lang='grc' dir='ltr'><strong><em>ορισμους</em></strong></span> <span class='ocrx_word' id='word_1_397' title='bbox 1175 3015 1248 3091; x_wconf 87' lang='grc' dir='ltr'><strong><em>τούς</em></strong></span> <span class='ocrx_word' id='word_1_398' title='bbox 1260 3021 1300 3082; x_wconf 73' lang='grc' dir='ltr'><strong><em>ἐπ</em></strong></span> <span class='ocrx_word' id='word_1_399' title='bbox 1318 3020 1412 3100; x_wconf 80' lang='grc' dir='ltr'><strong><em>αυτής</em></strong></span> 
     </span>
     <span class='ocr_line' id='line_1_37' title="bbox 155 3092 1412 3198; baseline 0.004 -39"><span class='ocrx_word' id='word_1_400' title='bbox 155 3123 257 3182; x_wconf 82' lang='grc' dir='ltr'><strong><em>πατήρ</em></strong></span> <span class='ocrx_word' id='word_1_401' title='bbox 284 3094 375 3180; x_wconf 82' lang='grc' dir='ltr'><strong><em>αύτής</em></strong></span> <span class='ocrx_word' id='word_1_402' title='bbox 399 3093 454 3171; x_wconf 87' lang='grc' dir='ltr'><strong><em>τδις</em></strong></span> <span class='ocrx_word' id='word_1_403' title='bbox 479 3092 562 3180; x_wconf 84' lang='grc' dir='ltr'><strong><em>εύχὰς</em></strong></span> <span class='ocrx_word' id='word_1_404' title='bbox 579 3094 688 3198; x_wconf 75' lang='grc' dir='ltr'><strong><em>αύτής,</em></strong></span> <span class='ocrx_word' id='word_1_405' title='bbox 714 3100 764 3162; x_wconf 86' lang='grc' dir='ltr'><strong><em>καί</em></strong></span> <span class='ocrx_word' id='word_1_406' title='bbox 804 3096 900 3183; x_wconf 85' lang='grc' dir='ltr'><strong><em>στήσει</em></strong></span> <span class='ocrx_word' id='word_1_407' title='bbox 919 3097 1010 3182; x_wconf 80' lang='grc' dir='ltr'><strong><em>αὐτή,</em></strong></span> <span class='ocrx_word' id='word_1_408' title='bbox 1037 3097 1084 3163; x_wconf 79' lang='grc' dir='ltr'><strong><em>ὅτι</em></strong></span> <span class='ocrx_word' id='word_1_409' title='bbox 1103 3092 1266 3183; x_wconf 77' lang='grc' dir='ltr'><strong><em>ἐσιώπησεν</em></strong></span> <span class='ocrx_word' id='word_1_410' title='bbox 1282 3097 1361 3165; x_wconf 73' lang='grc' dir='ltr'><strong><em>αύτδ</em></strong></span> <span class='ocrx_word' id='word_1_411' title='bbox 1373 3104 1412 3191; x_wconf 77' lang='grc' dir='ltr'><strong><em>τῇ</em></strong></span> 
     </span>
     <span class='ocr_line' id='line_1_38' title="bbox 155 3130 1411 3288; baseline 0.002 -42"><span class='ocrx_word' id='word_1_412' title='bbox 155 3177 226 3254; x_wconf 86' lang='grc' dir='ltr'><strong><em>τούς</em></strong></span> <span class='ocrx_word' id='word_1_413' title='bbox 252 3174 394 3264; x_wconf 85' lang='grc' dir='ltr'><strong><em>ὁρισμούς</em></strong></span> <span class='ocrx_word' id='word_1_414' title='bbox 419 3175 527 3263; x_wconf 76' lang='grc' dir='ltr'><strong><em>αὐτῆς,</em></strong></span> <span class='ocrx_word' id='word_1_415' title='bbox 557 3175 609 3260; x_wconf 80' lang='grc' dir='ltr'><strong><em>οδς</em></strong></span> <span class='ocrx_word' id='word_1_416' title='bbox 634 3187 764 3266; x_wconf 89' lang='grc' dir='ltr'><strong><em>ωρίσατο</em></strong></span> <span class='ocrx_word' id='word_1_417' title='bbox 802 3178 896 3270; x_wconf 81' lang='grc' dir='ltr'><strong><em>ήμέρα</em></strong></span> <span class='ocrx_word' id='word_1_418' title='bbox 915 3174 935 3265; x_wconf 79' lang='grc' dir='ltr'><strong><em>ἦ</em></strong></span> <span class='ocrx_word' id='word_1_419' title='bbox 947 3171 1079 3264; x_wconf 79' lang='grc' dir='ltr'><strong><em>ήιίουσεν.</em></strong></span> <span class='ocrx_word' id='word_1_420' title='bbox 1118 3181 1256 3249; x_wconf 65' lang='grc' dir='ltr'><strong><em>1θέίννδὲ</em></strong></span> <span class='ocrx_word' id='word_1_421' title='bbox 1267 3130 1411 3288; x_wconf 83' lang='grc' dir='ltr'><strong><em>περιελών</em></strong></span> 
     </span>
     <span class='ocr_line' id='line_1_39' title="bbox 156 3246 1412 3367; baseline 0.002 -38"><span class='ocrx_word' id='word_1_422' title='bbox 156 3261 235 3330; x_wconf 83' lang='grc' dir='ltr'><strong><em>κατὰ</em></strong></span> <span class='ocrx_word' id='word_1_423' title='bbox 249 3268 302 3347; x_wconf 81' lang='grc' dir='ltr'><strong><em>της</em></strong></span> <span class='ocrx_word' id='word_1_424' title='bbox 314 3265 409 3347; x_wconf 77' lang='grc' dir='ltr'><strong><em>ψυχῆς</em></strong></span> <span class='ocrx_word' id='word_1_425' title='bbox 423 3259 524 3347; x_wconf 84' lang='grc' dir='ltr'><strong><em>αύτής,</em></strong></span> <span class='ocrx_word' id='word_1_426' title='bbox 545 3265 595 3327; x_wconf 90' lang='grc' dir='ltr'><strong><em>καί</em></strong></span> <span class='ocrx_word' id='word_1_427' title='bbox 606 3289 765 3367; x_wconf 82' lang='grc' dir='ltr'><strong><em>παρασιω-</em></strong></span> <span class='ocrx_word' id='word_1_428' title='bbox 802 3246 951 3359; x_wconf 75' lang='grc' dir='ltr'><strong><em>περιελήύ</em></strong></span> <span class='ocrx_word' id='word_1_429' title='bbox 966 3262 1040 3350; x_wconf 80' lang='grc' dir='ltr'><strong><em>ἀνήρ</em></strong></span> <span class='ocrx_word' id='word_1_430' title='bbox 1052 3262 1144 3349; x_wconf 83' lang='grc' dir='ltr'><strong><em>αύτής</em></strong></span> <span class='ocrx_word' id='word_1_431' title='bbox 1152 3265 1225 3347; x_wconf 80' lang='grc' dir='ltr'><strong><em>μετὰ</em></strong></span> <span class='ocrx_word' id='word_1_432' title='bbox 1234 3266 1289 3349; x_wconf 89' lang='grc' dir='ltr'><strong><em>τήν</em></strong></span> <span class='ocrx_word' id='word_1_433' title='bbox 1298 3270 1412 3353; x_wconf 87' lang='grc' dir='ltr'><strong><em>ημέραν</em></strong></span> 
     </span>
     <span class='ocr_line' id='line_1_40' title="bbox 155 3342 1411 3450; baseline 0.002 -38"><span class='ocrx_word' id='word_1_434' title='bbox 155 3346 238 3438; x_wconf 78' lang='grc' dir='ltr'><strong><em>πήση</em></strong></span> <span class='ocrx_word' id='word_1_435' title='bbox 260 3345 350 3430; x_wconf 83' lang='grc' dir='ltr'><strong><em>αύτής</em></strong></span> <span class='ocrx_word' id='word_1_436' title='bbox 367 3342 513 3430; x_wconf 79' lang='grc' dir='ltr'><strong><em>ὄπατήρ,</em></strong></span> <span class='ocrx_word' id='word_1_437' title='bbox 539 3349 590 3412; x_wconf 87' lang='grc' dir='ltr'><strong><em>καί</em></strong></span> <span class='ocrx_word' id='word_1_438' title='bbox 607 3373 764 3450; x_wconf 76' lang='grc' dir='ltr'><strong><em>στήσονται</em></strong></span> <span class='ocrx_word' id='word_1_439' title='bbox 803 3344 838 3438; x_wconf 72' lang='grc' dir='ltr'><strong><em>ἢν</em></strong></span> <span class='ocrx_word' id='word_1_440' title='bbox 850 3347 965 3433; x_wconf 79' lang='grc' dir='ltr'><strong><em>ἤκουσε,</em></strong></span> <span class='ocrx_word' id='word_1_441' title='bbox 991 3351 1041 3413; x_wconf 83' lang='grc' dir='ltr'><strong><em>καί</em></strong></span> <span class='ocrx_word' id='word_1_442' title='bbox 1054 3343 1182 3432; x_wconf 84' lang='grc' dir='ltr'><strong><em>λήψεται</em></strong></span> <span class='ocrx_word' id='word_1_443' title='bbox 1194 3348 1248 3432; x_wconf 88' lang='grc' dir='ltr'><strong><em>τήν</em></strong></span> <span class='ocrx_word' id='word_1_444' title='bbox 1261 3346 1411 3437; x_wconf 73' lang='grc' dir='ltr'><strong><em>ἁμαρτίαν</em></strong></span> 
     </span>
     <span class='ocr_line' id='line_1_41' title="bbox 155 3427 1411 3516; baseline 0 -19"><span class='ocrx_word' id='word_1_445' title='bbox 155 3436 253 3499; x_wconf 79' lang='grc' dir='ltr'><strong><em>πᾶσαν</em></strong></span> <span class='ocrx_word' id='word_1_446' title='bbox 270 3434 304 3496; x_wconf 85' lang='grc' dir='ltr'><strong><em>αί</em></strong></span> <span class='ocrx_word' id='word_1_447' title='bbox 320 3427 402 3515; x_wconf 85' lang='grc' dir='ltr'><strong><em>εύχαί</em></strong></span> <span class='ocrx_word' id='word_1_448' title='bbox 419 3429 526 3515; x_wconf 76' lang='grc' dir='ltr'><strong><em>αὐτῆς,</em></strong></span> <span class='ocrx_word' id='word_1_449' title='bbox 552 3432 603 3495; x_wconf 88' lang='grc' dir='ltr'><strong><em>καί</em></strong></span> <span class='ocrx_word' id='word_1_450' title='bbox 615 3458 721 3508; x_wconf 84' lang='grc' dir='ltr'><strong><em>παντες</em></strong></span> <span class='ocrx_word' id='word_1_451' title='bbox 734 3436 765 3497; x_wconf 74' lang='lat' dir='ltr'><strong><em>ot</em></strong></span> <span class='ocrx_word' id='word_1_452' title='bbox 803 3429 908 3497; x_wconf 82' lang='grc' dir='ltr'><strong><em>αὐτοῦ.</em></strong></span> <span class='ocrx_word' id='word_1_453' title='bbox 935 3434 962 3475; x_wconf 78' lang='lat'><strong><em>¹⁷</em></strong></span> <span class='ocrx_word' id='word_1_454' title='bbox 975 3437 1071 3498; x_wconf 84' lang='grc' dir='ltr'><strong><em>ταῦτα</em></strong></span> <span class='ocrx_word' id='word_1_455' title='bbox 1086 3432 1125 3496; x_wconf 87' lang='grc' dir='ltr'><strong><em>τδι</em></strong></span> <span class='ocrx_word' id='word_1_456' title='bbox 1138 3429 1334 3516; x_wconf 87' lang='grc' dir='ltr'><strong><em>δικαιώματα,</em></strong></span> <span class='ocrx_word' id='word_1_457' title='bbox 1351 3429 1411 3498; x_wconf 72' lang='grc' dir='ltr'><strong><em>ὅσα</em></strong></span> 
     </span>
     <span class='ocr_line' id='line_1_42' title="bbox 157 3510 1412 3621; baseline 0 -41"><span class='ocrx_word' id='word_1_458' title='bbox 157 3514 284 3621; x_wconf 83' lang='grc' dir='ltr'><strong><em>ὁρισμοί,</em></strong></span> <span class='ocrx_word' id='word_1_459' title='bbox 298 3510 349 3589; x_wconf 76' lang='grc' dir='ltr'><strong><em>οὓς</em></strong></span> <span class='ocrx_word' id='word_1_460' title='bbox 361 3511 494 3599; x_wconf 82' lang='grc' dir='ltr'><strong><em>ὡρίσατο</em></strong></span> <span class='ocrx_word' id='word_1_461' title='bbox 512 3513 591 3578; x_wconf 83' lang='grc' dir='ltr'><strong><em>κατὰ</em></strong></span> <span class='ocrx_word' id='word_1_462' title='bbox 603 3518 655 3597; x_wconf 86' lang='grc' dir='ltr'><strong><em>τής</em></strong></span> <span class='ocrx_word' id='word_1_463' title='bbox 668 3519 765 3599; x_wconf 78' lang='grc' dir='ltr'><strong><em>ψυχῆς</em></strong></span> <span class='ocrx_word' id='word_1_464' title='bbox 803 3515 962 3580; x_wconf 83' lang='grc' dir='ltr'><strong><em>ἐνετείλατο</em></strong></span> <span class='ocrx_word' id='word_1_465' title='bbox 979 3511 1080 3598; x_wconf 89' lang='grc' dir='ltr'><strong><em>κύριος</em></strong></span> <span class='ocrx_word' id='word_1_466' title='bbox 1096 3519 1142 3600; x_wconf 79' lang='grc' dir='ltr'><strong><em>τῷ</em></strong></span> <span class='ocrx_word' id='word_1_467' title='bbox 1154 3521 1286 3619; x_wconf 54' lang='grc' dir='ltr'><strong><em>Μωυσῇ,</em></strong></span> <span class='ocrx_word' id='word_1_468' title='bbox 1300 3513 1412 3599; x_wconf 80' lang='grc' dir='ltr'><strong><em>ύναμί-</em></strong></span> 
     </span>
     <span class='ocr_line' id='line_1_43' title="bbox 157 3595 1412 3688; baseline -0.002 -24"><span class='ocrx_word' id='word_1_469' title='bbox 157 3607 263 3686; x_wconf 84' lang='grc' dir='ltr'><strong><em>αυτής,</em></strong></span> <span class='ocrx_word' id='word_1_470' title='bbox 287 3602 421 3681; x_wconf 82' lang='grc' dir='ltr'><strong><em>μενοῦσιν</em></strong></span> <span class='ocrx_word' id='word_1_471' title='bbox 438 3595 525 3688; x_wconf 74' lang='grc' dir='ltr'><strong><em>αὐτῇ.</em></strong></span> <span class='ocrx_word' id='word_1_472' title='bbox 552 3596 633 3662; x_wconf 66' lang='grc' dir='ltr'><strong><em>6ίδιν</em></strong></span> <span class='ocrx_word' id='word_1_473' title='bbox 645 3597 677 3662; x_wconf 84' lang='grc' dir='ltr'><strong><em>δὲ</em></strong></span> <span class='ocrx_word' id='word_1_474' title='bbox 690 3595 765 3662; x_wconf 82' lang='grc' dir='ltr'><strong><em>ἆνα-</em></strong></span> <span class='ocrx_word' id='word_1_475' title='bbox 804 3623 859 3663; x_wconf 92' lang='grc' dir='ltr'><strong><em>σον</em></strong></span> <span class='ocrx_word' id='word_1_476' title='bbox 875 3596 980 3684; x_wconf 83' lang='grc' dir='ltr'><strong><em>ἀνδρὸς</em></strong></span> <span class='ocrx_word' id='word_1_477' title='bbox 999 3602 1050 3664; x_wconf 89' lang='grc' dir='ltr'><strong><em>καὶ</em></strong></span> <span class='ocrx_word' id='word_1_478' title='bbox 1067 3595 1203 3676; x_wconf 80' lang='grc' dir='ltr'><strong><em>γυναικὸς</em></strong></span> <span class='ocrx_word' id='word_1_479' title='bbox 1221 3602 1332 3674; x_wconf 81' lang='grc' dir='ltr'><strong><em>αυτοῦ,</em></strong></span> <span class='ocrx_word' id='word_1_480' title='bbox 1359 3600 1412 3662; x_wconf 85' lang='grc' dir='ltr'><strong><em>καί</em></strong></span> 
     </span>
     <span class='ocr_line' id='line_1_44' title="bbox 155 3674 1412 3784; baseline -0.003 -37"><span class='ocrx_word' id='word_1_481' title='bbox 155 3679 246 3749; x_wconf 82' lang='grc' dir='ltr'><strong><em>νεύων</em></strong></span> <span class='ocrx_word' id='word_1_482' title='bbox 263 3674 407 3773; x_wconf 83' lang='grc' dir='ltr'><strong><em>ἀνανεύση</em></strong></span> <span class='ocrx_word' id='word_1_483' title='bbox 424 3676 555 3763; x_wconf 85' lang='grc' dir='ltr'><strong><em>ὁπατήρ</em></strong></span> <span class='ocrx_word' id='word_1_484' title='bbox 569 3678 670 3784; x_wconf 77' lang='grc' dir='ltr'><strong><em>αύτης,</em></strong></span> <span class='ocrx_word' id='word_1_485' title='bbox 688 3674 707 3774; x_wconf 79' lang='grc' dir='ltr'><strong><em>ᾖ</em></strong></span> <span class='ocrx_word' id='word_1_486' title='bbox 728 3679 765 3746; x_wconf 74' lang='grc' dir='ltr'><strong><em>ἂν</em></strong></span> <span class='ocrx_word' id='word_1_487' title='bbox 804 3679 950 3765; x_wconf 80' lang='grc' dir='ltr'><strong><em>ἇναμίσον</em></strong></span> <span class='ocrx_word' id='word_1_488' title='bbox 980 3680 1096 3769; x_wconf 86' lang='grc' dir='ltr'><strong><em>πατρὸς</em></strong></span> <span class='ocrx_word' id='word_1_489' title='bbox 1125 3683 1177 3747; x_wconf 82' lang='grc' dir='ltr'><strong><em>καί</em></strong></span> <span class='ocrx_word' id='word_1_490' title='bbox 1203 3677 1354 3766; x_wconf 81' lang='grc' dir='ltr'><strong><em>θυγατρὸς</em></strong></span> <span class='ocrx_word' id='word_1_491' title='bbox 1380 3683 1412 3744; x_wconf 81' lang='grc' dir='ltr'><strong><em>ἐν</em></strong></span> 
     </span>
     <span class='ocr_line' id='line_1_45' title="bbox 157 3757 1182 3856; baseline 0.001 -29"><span class='ocrx_word' id='word_1_492' title='bbox 157 3762 254 3850; x_wconf 80' lang='grc' dir='ltr'><strong><em>ήμὲρηι</em></strong></span> <span class='ocrx_word' id='word_1_493' title='bbox 268 3757 382 3856; x_wconf 81' lang='grc' dir='ltr'><strong><em>ἀκούση</em></strong></span> <span class='ocrx_word' id='word_1_494' title='bbox 394 3760 496 3837; x_wconf 78' lang='grc' dir='ltr'><strong><em>πείσας</em></strong></span> <span class='ocrx_word' id='word_1_495' title='bbox 509 3762 563 3836; x_wconf 81' lang='grc' dir='ltr'><strong><em>τὰς</em></strong></span> <span class='ocrx_word' id='word_1_496' title='bbox 576 3760 661 3848; x_wconf 83' lang='grc' dir='ltr'><strong><em>εύχας</em></strong></span> <span class='ocrx_word' id='word_1_497' title='bbox 673 3764 765 3851; x_wconf 78' lang='grc' dir='ltr'><strong><em>αὐτῆς</em></strong></span> <span class='ocrx_word' id='word_1_498' title='bbox 803 3763 915 3851; x_wconf 90' lang='grc' dir='ltr'><strong><em>νεότητι</em></strong></span> <span class='ocrx_word' id='word_1_499' title='bbox 928 3771 958 3831; x_wconf 78' lang='grc' dir='ltr'><strong><em>ἐν</em></strong></span> <span class='ocrx_word' id='word_1_500' title='bbox 971 3769 1045 3848; x_wconf 82' lang='grc' dir='ltr'><strong><em>οἴκῳ</em></strong></span> <span class='ocrx_word' id='word_1_501' title='bbox 1059 3762 1182 3851; x_wconf 86' lang='grc' dir='ltr'><strong><em>πατρός.</em></strong></span> 
     </span>
     <span class='ocr_line' id='line_1_46' title="bbox 157 3840 1235 3932; baseline 0.002 -21"><span class='ocrx_word' id='word_1_502' title='bbox 157 3849 210 3912; x_wconf 85' lang='grc' dir='ltr'><strong><em>καί</em></strong></span> <span class='ocrx_word' id='word_1_503' title='bbox 222 3845 292 3921; x_wconf 86' lang='grc' dir='ltr'><strong><em>τούς</em></strong></span> <span class='ocrx_word' id='word_1_504' title='bbox 305 3842 444 3932; x_wconf 83' lang='grc' dir='ltr'><strong><em>ὁρισμούς</em></strong></span> <span class='ocrx_word' id='word_1_505' title='bbox 451 3895 461 3923; x_wconf 86' lang='grc'><strong><em>,</em></strong></span> <span class='ocrx_word' id='word_1_506' title='bbox 478 3840 530 3921; x_wconf 83' lang='grc' dir='ltr'><strong><em>ούς</em></strong></span> <span class='ocrx_word' id='word_1_507' title='bbox 543 3842 673 3932; x_wconf 83' lang='grc' dir='ltr'><strong><em>ὡρίσατο</em></strong></span> <span class='ocrx_word' id='word_1_508' title='bbox 687 3849 766 3913; x_wconf 81' lang='grc' dir='ltr'><strong><em>κατὰ</em></strong></span> <span class='ocrx_word' id='word_1_509' title='bbox 980 3854 1103 3913; x_wconf 82' lang='grc' dir='ltr'><strong><em>ΚΕΦ.</em></strong></span> <span class='ocrx_word' id='word_1_510' title='bbox 1145 3845 1235 3915; x_wconf 84' lang='grc' dir='ltr'><strong><em>ΛΑ’.</em></strong></span> 
     </span>
     <span class='ocr_line' id='line_1_47' title="bbox 157 3899 1413 4034; baseline 0 -39"><span class='ocrx_word' id='word_1_511' title='bbox 157 3936 211 4015; x_wconf 85' lang='grc' dir='ltr'><strong><em>τής</em></strong></span> <span class='ocrx_word' id='word_1_512' title='bbox 224 3933 321 4015; x_wconf 78' lang='grc' dir='ltr'><strong><em>ψυχῆς</em></strong></span> <span class='ocrx_word' id='word_1_513' title='bbox 334 3927 441 4013; x_wconf 83' lang='grc' dir='ltr'><strong><em>αύτής,</em></strong></span> <span class='ocrx_word' id='word_1_514' title='bbox 468 3927 505 3993; x_wconf 84' lang='grc' dir='ltr'><strong><em>ού</em></strong></span> <span class='ocrx_word' id='word_1_515' title='bbox 519 3927 688 4034; x_wconf 84' lang='grc' dir='ltr'><strong><em>στήσονται.</em></strong></span> <span class='ocrx_word' id='word_1_516' title='bbox 715 3933 767 3996; x_wconf 87' lang='grc' dir='ltr'><strong><em>καί</em></strong></span> <span class='ocrx_word' id='word_1_517' title='bbox 805 3899 887 3997; x_wconf 78' lang='grc' dir='ltr'><strong><em>Καὶ</em></strong></span> <span class='ocrx_word' id='word_1_518' title='bbox 907 3927 1031 4014; x_wconf 80' lang='grc' dir='ltr'><strong><em>ἕλύλησε</em></strong></span> <span class='ocrx_word' id='word_1_519' title='bbox 1049 3927 1148 4018; x_wconf 87' lang='grc' dir='ltr'><strong><em>κύριος</em></strong></span> <span class='ocrx_word' id='word_1_520' title='bbox 1165 3930 1242 4015; x_wconf 87' lang='grc' dir='ltr'><strong><em>πρὸς</em></strong></span> <span class='ocrx_word' id='word_1_521' title='bbox 1262 3936 1413 4015; x_wconf 85' lang='grc' dir='ltr'><strong><em>Μωυσήν,</em></strong></span> 
     </span>
     <span class='ocr_line' id='line_1_48' title="bbox 158 4009 1414 4102; baseline -0.002 -22"><span class='ocrx_word' id='word_1_522' title='bbox 158 4013 258 4102; x_wconf 88' lang='grc' dir='ltr'><strong><em>κύριος</em></strong></span> <span class='ocrx_word' id='word_1_523' title='bbox 274 4023 415 4098; x_wconf 82' lang='grc' dir='ltr'><strong><em>καθαριεῖ</em></strong></span> <span class='ocrx_word' id='word_1_524' title='bbox 425 4009 534 4094; x_wconf 87' lang='grc' dir='ltr'><strong><em>αύτήν,</em></strong></span> <span class='ocrx_word' id='word_1_525' title='bbox 560 4009 767 4079; x_wconf 82' lang='grc' dir='ltr'><strong><em>ύτιᾶνένευσεν</em></strong></span> <span class='ocrx_word' id='word_1_526' title='bbox 805 4015 906 4092; x_wconf 77' lang='grc' dir='ltr'><strong><em>λέγων.</em></strong></span> <span class='ocrx_word' id='word_1_527' title='bbox 945 4017 1074 4080; x_wconf 80' lang='grc' dir='ltr'><strong><em>2ε’κδιίιει</em></strong></span> <span class='ocrx_word' id='word_1_528' title='bbox 1100 4015 1154 4100; x_wconf 87' lang='grc' dir='ltr'><strong><em>τήν</em></strong></span> <span class='ocrx_word' id='word_1_529' title='bbox 1178 4016 1322 4099; x_wconf 78' lang='grc' dir='ltr'><strong><em>ἐκδίκησιν</em></strong></span> <span class='ocrx_word' id='word_1_530' title='bbox 1342 4019 1414 4079; x_wconf 83' lang='grc' dir='ltr'><strong><em>υίών</em></strong></span> 
     </span>
     <span class='ocr_line' id='line_1_49' title="bbox 158 4093 1413 4204; baseline -0.002 -40"><span class='ocrx_word' id='word_1_531' title='bbox 158 4095 176 4164; x_wconf 81' lang='grc' dir='ltr'>ὁ</span> <span class='ocrx_word' id='word_1_532' title='bbox 190 4097 290 4204; x_wconf 86' lang='grc' dir='ltr'><strong><em>πατήρ</em></strong></span> <span class='ocrx_word' id='word_1_533' title='bbox 307 4095 408 4180; x_wconf 82' lang='grc' dir='ltr'><strong><em>αύτής.</em></strong></span> <span class='ocrx_word' id='word_1_534' title='bbox 433 4094 446 4138; x_wconf 83' lang='lat'>⁷</span> <span class='ocrx_word' id='word_1_535' title='bbox 460 4094 512 4159; x_wconf 76' lang='grc' dir='ltr'><strong><em>ἐὰν</em></strong></span> <span class='ocrx_word' id='word_1_536' title='bbox 524 4093 556 4161; x_wconf 82' lang='grc' dir='ltr'><strong><em>δὲ</em></strong></span> <span class='ocrx_word' id='word_1_537' title='bbox 567 4099 704 4180; x_wconf 76' lang='grc' dir='ltr'><strong><em>γενομένη</em></strong></span> <span class='ocrx_word' id='word_1_538' title='bbox 715 4099 766 4174; x_wconf 77' lang='grc' dir='ltr'><strong><em>γέ-</em></strong></span> <span class='ocrx_word' id='word_1_539' title='bbox 802 4093 925 4182; x_wconf 87' lang='grc' dir='ltr'><strong><em>Ἰσραήλ</em></strong></span> <span class='ocrx_word' id='word_1_540' title='bbox 936 4100 1036 4163; x_wconf 79' lang='grc' dir='ltr'><strong><em>ἐκτῶν</em></strong></span> <span class='ocrx_word' id='word_1_541' title='bbox 1046 4099 1254 4175; x_wconf 78' lang='grc' dir='ltr'><strong><em>Μαδιανιτῶν,</em></strong></span> <span class='ocrx_word' id='word_1_542' title='bbox 1265 4100 1413 4184; x_wconf 76' lang='grc' dir='ltr'><strong><em>καίέσχα-</em></strong></span> 
     </span>
     <span class='ocr_line' id='line_1_50' title="bbox 160 4176 1413 4284; baseline -0.002 -38"><span class='ocrx_word' id='word_1_543' title='bbox 160 4207 245 4284; x_wconf 85' lang='grc' dir='ltr'><strong><em>νηται</em></strong></span> <span class='ocrx_word' id='word_1_544' title='bbox 270 4182 364 4267; x_wconf 85' lang='grc' dir='ltr'><strong><em>ανδρὶ,</em></strong></span> <span class='ocrx_word' id='word_1_545' title='bbox 392 4179 443 4243; x_wconf 85' lang='grc' dir='ltr'><strong><em>καί</em></strong></span> <span class='ocrx_word' id='word_1_546' title='bbox 460 4181 494 4242; x_wconf 80' lang='grc' dir='ltr'><strong><em>αδ</em></strong></span> <span class='ocrx_word' id='word_1_547' title='bbox 511 4176 593 4262; x_wconf 80' lang='grc' dir='ltr'><strong><em>εύχαί</em></strong></span> <span class='ocrx_word' id='word_1_548' title='bbox 610 4179 702 4265; x_wconf 75' lang='grc' dir='ltr'><strong><em>αὐτῆς</em></strong></span> <span class='ocrx_word' id='word_1_549' title='bbox 718 4179 761 4245; x_wconf 77' lang='grc' dir='ltr'><strong><em>ἐπ’</em></strong></span> <span class='ocrx_word' id='word_1_550' title='bbox 805 4204 857 4245; x_wconf 88' lang='grc' dir='ltr'><strong><em>τον</em></strong></span> <span class='ocrx_word' id='word_1_551' title='bbox 877 4177 1069 4271; x_wconf 83' lang='grc' dir='ltr'><strong><em>προςτεθήση</em></strong></span> <span class='ocrx_word' id='word_1_552' title='bbox 1087 4181 1164 4267; x_wconf 87' lang='grc' dir='ltr'><strong><em>πρὸς</em></strong></span> <span class='ocrx_word' id='word_1_553' title='bbox 1180 4181 1233 4246; x_wconf 89' lang='grc' dir='ltr'><strong><em>τὸν</em></strong></span> <span class='ocrx_word' id='word_1_554' title='bbox 1252 4178 1328 4246; x_wconf 87' lang='grc' dir='ltr'><strong><em>λαόν</em></strong></span> <span class='ocrx_word' id='word_1_555' title='bbox 1348 4206 1413 4246; x_wconf 90' lang='grc' dir='ltr'><strong><em>σου.</em></strong></span> 
     </span>
     <span class='ocr_line' id='line_1_51' title="bbox 161 4259 1415 4362; baseline 0 -34"><span class='ocrx_word' id='word_1_556' title='bbox 161 4269 237 4352; x_wconf 74' lang='grc' dir='ltr'><strong><em>αυτῇ</em></strong></span> <span class='ocrx_word' id='word_1_557' title='bbox 252 4263 331 4330; x_wconf 79' lang='grc' dir='ltr'><strong><em>κατὰ</em></strong></span> <span class='ocrx_word' id='word_1_558' title='bbox 343 4261 398 4362; x_wconf 80' lang='grc' dir='ltr'><strong><em>τήν</em></strong></span> <span class='ocrx_word' id='word_1_559' title='bbox 410 4261 568 4345; x_wconf 76' lang='grc' dir='ltr'><strong><em>διαστολὴν</em></strong></span> <span class='ocrx_word' id='word_1_560' title='bbox 579 4267 640 4327; x_wconf 85' lang='grc' dir='ltr'><strong><em>τών</em></strong></span> <span class='ocrx_word' id='word_1_561' title='bbox 652 4263 766 4348; x_wconf 80' lang='grc' dir='ltr'><strong><em>χειλέων</em></strong></span> <span class='ocrx_word' id='word_1_562' title='bbox 805 4265 881 4328; x_wconf 66' lang='grc' dir='ltr'><strong><em>3καί</em></strong></span> <span class='ocrx_word' id='word_1_563' title='bbox 891 4259 1014 4347; x_wconf 78' lang='grc' dir='ltr'><strong><em>ἐλάλησε</em></strong></span> <span class='ocrx_word' id='word_1_564' title='bbox 1023 4268 1160 4349; x_wconf 76' lang='grc' dir='ltr'><strong><em>Μωυσῆς</em></strong></span> <span class='ocrx_word' id='word_1_565' title='bbox 1172 4263 1249 4345; x_wconf 88' lang='grc' dir='ltr'><strong><em>πρὸς</em></strong></span> <span class='ocrx_word' id='word_1_566' title='bbox 1262 4263 1316 4330; x_wconf 87' lang='grc' dir='ltr'><strong><em>τὸν</em></strong></span> <span class='ocrx_word' id='word_1_567' title='bbox 1328 4260 1415 4340; x_wconf 82' lang='grc' dir='ltr'><strong><em>λαὸν,</em></strong></span> 
     </span>
     <span class='ocr_line' id='line_1_52' title="bbox 161 4342 1416 4448; baseline 0.002 -39"><span class='ocrx_word' id='word_1_568' title='bbox 161 4345 268 4426; x_wconf 80' lang='grc' dir='ltr'><strong><em>αύτής,</em></strong></span> <span class='ocrx_word' id='word_1_569' title='bbox 293 4342 345 4422; x_wconf 72' lang='grc' dir='ltr'><strong><em>οὓς</em></strong></span> <span class='ocrx_word' id='word_1_570' title='bbox 363 4351 496 4431; x_wconf 88' lang='grc' dir='ltr'><strong><em>ωρίσατο</em></strong></span> <span class='ocrx_word' id='word_1_571' title='bbox 515 4344 593 4410; x_wconf 80' lang='grc' dir='ltr'><strong><em>κατὰ</em></strong></span> <span class='ocrx_word' id='word_1_572' title='bbox 605 4352 658 4448; x_wconf 73' lang='grc' dir='ltr'><strong><em>της</em></strong></span> <span class='ocrx_word' id='word_1_573' title='bbox 670 4350 765 4431; x_wconf 77' lang='grc' dir='ltr'><strong><em>ψυχῆς</em></strong></span> <span class='ocrx_word' id='word_1_574' title='bbox 805 4346 909 4424; x_wconf 60' lang='grc' dir='ltr'><strong><em>λέγων.</em></strong></span> <span class='ocrx_word' id='word_1_575' title='bbox 940 4348 1114 4426; x_wconf 78' lang='grc' dir='ltr'><strong><em>ἐξοπλίσατε</em></strong></span> <span class='ocrx_word' id='word_1_576' title='bbox 1140 4351 1171 4425; x_wconf 79' lang='grc' dir='ltr'><strong><em>ἐξ</em></strong></span> <span class='ocrx_word' id='word_1_577' title='bbox 1197 4348 1278 4432; x_wconf 78' lang='grc' dir='ltr'><strong><em>ὑμῶν</em></strong></span> <span class='ocrx_word' id='word_1_578' title='bbox 1297 4345 1416 4433; x_wconf 82' lang='grc' dir='ltr'><strong><em>ίίνδρας,</em></strong></span> 
     </span>
     <span class='ocr_line' id='line_1_53' title="bbox 160 4424 1418 4530; baseline 0 -36"><span class='ocrx_word' id='word_1_579' title='bbox 160 4427 263 4512; x_wconf 76' lang='grc' dir='ltr'><strong><em>αὐτῆς,</em></strong></span> <span class='ocrx_word' id='word_1_580' title='bbox 277 4428 348 4491; x_wconf 80' lang='grc' dir='ltr'><strong><em>8καί</em></strong></span> <span class='ocrx_word' id='word_1_581' title='bbox 360 4424 476 4515; x_wconf 82' lang='grc' dir='ltr'><strong><em>ἆκούση</em></strong></span> <span class='ocrx_word' id='word_1_582' title='bbox 490 4425 593 4509; x_wconf 84' lang='grc' dir='ltr'><strong><em>ὁδινήρ</em></strong></span> <span class='ocrx_word' id='word_1_583' title='bbox 603 4433 705 4530; x_wconf 68' lang='grc' dir='ltr'><strong><em>αυτήρ,</em></strong></span> <span class='ocrx_word' id='word_1_584' title='bbox 716 4432 766 4493; x_wconf 84' lang='grc' dir='ltr'><strong><em>καί</em></strong></span> <span class='ocrx_word' id='word_1_585' title='bbox 806 4430 857 4493; x_wconf 87' lang='grc' dir='ltr'><strong><em>καί</em></strong></span> <span class='ocrx_word' id='word_1_586' title='bbox 881 4426 1098 4515; x_wconf 79' lang='grc' dir='ltr'><strong><em>παρατύξασθε</em></strong></span> <span class='ocrx_word' id='word_1_587' title='bbox 1125 4433 1222 4496; x_wconf 77' lang='grc' dir='ltr'><strong><em>ἔναντι</em></strong></span> <span class='ocrx_word' id='word_1_588' title='bbox 1241 4436 1348 4516; x_wconf 89' lang='grc' dir='ltr'><strong><em>κυρίου</em></strong></span> <span class='ocrx_word' id='word_1_589' title='bbox 1367 4431 1418 4495; x_wconf 78' lang='grc' dir='ltr'><strong><em>ἐπί</em></strong></span> 
     </span>
     <span class='ocr_line' id='line_1_54' title="bbox 161 4501 1417 4614; baseline -0.002 -34"><span class='ocrx_word' id='word_1_590' title='bbox 161 4507 380 4609; x_wconf 80' lang='grc' dir='ltr'><strong><em>παρασιωπήση</em></strong></span> <span class='ocrx_word' id='word_1_591' title='bbox 395 4509 472 4608; x_wconf 74' lang='grc' dir='ltr'><strong><em>αὐτῇ</em></strong></span> <span class='ocrx_word' id='word_1_592' title='bbox 485 4501 503 4605; x_wconf 75' lang='grc' dir='ltr'><strong><em>ᾗ</em></strong></span> <span class='ocrx_word' id='word_1_593' title='bbox 516 4507 553 4575; x_wconf 81' lang='grc' dir='ltr'><strong><em>ἂν</em></strong></span> <span class='ocrx_word' id='word_1_594' title='bbox 566 4507 659 4598; x_wconf 70' lang='grc' dir='ltr'><strong><em>ήμίριρ</em></strong></span> <span class='ocrx_word' id='word_1_595' title='bbox 673 4507 765 4577; x_wconf 93' lang='grc' dir='ltr'><strong><em>ακού-</em></strong></span> <span class='ocrx_word' id='word_1_596' title='bbox 806 4510 947 4592; x_wconf 82' lang='grc' dir='ltr'><strong><em>Μαδιύν,</em></strong></span> <span class='ocrx_word' id='word_1_597' title='bbox 973 4511 1140 4580; x_wconf 78' lang='grc' dir='ltr'><strong><em>ἀποδοῦναι</em></strong></span> <span class='ocrx_word' id='word_1_598' title='bbox 1162 4514 1308 4599; x_wconf 76' lang='grc' dir='ltr'><strong><em>ἐκδίκησιν</em></strong></span> <span class='ocrx_word' id='word_1_599' title='bbox 1330 4507 1417 4614; x_wconf 68' lang='grc' dir='ltr'><strong><em>παρύ</em></strong></span> 
     </span>
     <span class='ocr_line' id='line_1_55' title="bbox 1361 4621 1418 4660; baseline -0.088 0"><span class='ocrx_word' id='word_1_600' title='bbox 1361 4621 1418 4660; x_wconf 83' lang='grc' dir='ltr'><strong><em>του</em></strong></span> 
     </span>
    </p>
   </div>
   <div class='ocr_carea' id='block_1_7' title="bbox 0 0 1475 4972">
    <p class='ocr_par' dir='ltr' id='par_1_8' title="bbox 0 0 1475 4972">
     <span class='ocr_line' id='line_1_56' title="bbox 0 0 1475 4972; baseline 0 0"><span class='ocrx_word' id='word_1_601' title='bbox 0 0 1475 4972; x_wconf 95' lang='lat' dir='ltr'><strong><em> </em></strong></span> 
     </span>
    </p>
   </div>
  </div>
 </body>
</html>
