2924 4972
173 271 235 335 152
525 265 561 330 Α
574 272 604 333 Ρ
615 273 637 329 I
650 267 677 330 Θ
689 272 734 329 Μ
744 269 806 330 01
842 268 919 343 Κεφ.
933 263 979 338 ις’.
995 261 1045 334 16.

170 380 221 443 καί
239 378 319 442 διατί
334 383 556 442 κατανίστασθε
573 379 624 440 ἐπί
638 374 693 460 τῆν
706 402 775 441 συν-
808 381 931 450 ἕκαστος
941 374 976 438 τὸ
987 386 1108 460 πυρεῒον
1118 371 1221 449 αύτοῦ,
1231 371 1413 457 πεντῆκοντα

171 459 291 544 αγωγῆν
303 467 406 546 κυρίου
412 490 425 538 ,-
442 458 516 522 4καί
530 455 663 533 άκούσας
676 466 775 523 Μωυ-
807 460 858 522 καὶ
869 453 1005 522 διακόσια
1016 468 1138 542 πυρεῖα,
1161 459 1212 520 καὶ
1225 455 1262 521 σύ
1277 459 1327 519 καὶ
1339 455 1406 520 Ἀα-

171 549 224 628 σῆς
237 546 338 607 ἔπεσεν
351 543 402 609 ἐπί
413 537 582 628 πρόςωπον.
616 544 630 584 ⁶
643 544 694 605 καί
706 541 775 605 ἐλά,-
807 540 868 624 ρών
881 544 1005 615 ἕκαστος
1017 538 1053 602 τὸ
1067 549 1185 624 πυρεῖον
1196 536 1302 603 αὐτοῦ.
1320 540 1348 581 ¹⁸
1360 541 1411 603 καί

170 629 240 710 λησε
257 622 334 710 πρὸς
347 623 430 710 Κορὲ
449 626 501 688 καί
516 624 591 709 πρὸς
603 628 705 688 πᾶσαν
719 622 773 687 αὖ·
807 623 915 711 ἔλαβεν
927 627 1048 697 ἐκαστος
1060 618 1094 685 τὸ
1106 632 1226 706 πυρεῖον
1240 619 1346 697 αὐτοῦ,
1360 624 1411 686 καί

169 713 225 775 τοῦ
243 706 297 791 τῆν
309 706 502 791 συναγωγῆν,
528 707 631 784 λέγων.
657 709 772 770 ἐπέσκε-
806 708 957 810 ἐπέθηκαν
968 702 1012 768 ἐπ’
1029 700 1110 770 αύτά
1120 709 1191 788 πῦρ,
1201 705 1252 767 καί
1264 705 1412 789 ἐπέβαλον

170 818 243 858 πται
260 791 312 853 καὶ
324 791 399 866 ἔγνω
416 786 518 864 ὁθεὸς
530 789 600 873 τοὺς
617 786 706 863 ὄντας
718 787 774 853 αὖ·
806 785 850 853 ἐπ’
867 787 946 858 αυτά
956 793 1101 870 θυμίαμα.
1124 789 1176 850 καί
1188 788 1315 868 ἔστησαν
1323 787 1410 871 παρὰ

169 878 227 940 τοῦ
238 873 289 937 καί
301 871 371 949 τούς
384 871 498 949 ἆγίους,
511 874 561 936 καὶ
572 869 774 955 προςηγάγετο
805 869 859 946 τάς
875 867 972 956 θύρας
987 874 1040 952 τῆς
1057 874 1162 954 σκηνῆς
1178 873 1233 932 τοῦ
1246 876 1409 954 μαρτυρίου

170 955 246 1041 πρὸς
265 949 379 1020 ἑαυτόν.
405 957 456 1018 καὶ
474 951 525 1029 οὓς
539 955 692 1030 ἐξελέξατο
705 957 774 1019 ἕαυ-
805 956 939 1038 Μωυσῆς
957 954 1009 1018 καί
1027 949 1152 1057 Ἀαρών.
1180 954 1209 993 ¹⁹
1222 953 1274 1016 καί
1293 956 1411 1017 ἐπισυν-

169 1045 224 1123 τῷ,
237 1034 439 1124 προςηγάγετο
452 1035 527 1122 πρὸς
539 1033 656 1102 ἑαυτόν.
675 1038 774 1101 6τοῦ·
805 1038 922 1126 ἔστησεν
943 1033 988 1108 ἐπ’
1009 1035 1120 1111 αὐτους
1136 1033 1219 1118 Κορὲ
1236 1033 1291 1118 τῆν
1308 1041 1411 1101 πᾶσαν

169 1149 205 1187 το
218 1117 372 1206 ποιῆσατε.
398 1116 500 1211 λάβετε
519 1117 585 1204 ύμῖν
603 1117 704 1195 αὐτοῖς
716 1145 773 1184 πυ-
805 1116 900 1184 αύτοῦ
923 1117 1096 1202 συναγωγῆν
1121 1118 1207 1203 παρά
1231 1119 1286 1201 τῆν
1309 1115 1410 1203 θύραν

169 1217 234 1290 ρεϊα
247 1203 340 1288 Κορὲ,
354 1205 405 1267 καί
415 1208 501 1267 πᾶσα
514 1199 532 1306 ῆ
547 1202 703 1293 συναγωγῆ
718 1200 770 1267 αύ-
804 1207 857 1288 τῆς
869 1207 976 1288 σκηνῆς
987 1207 1042 1265 τοῦ
1054 1208 1226 1286 μαρτυρίου.
1253 1203 1304 1264 καί
1316 1200 1410 1286 δι’σιθη

169 1292 237 1364 τοῦ,
266 1288 343 1352 7καί
355 1289 474 1356 ἐπίθετε
486 1290 524 1350 ἐπ
547 1284 626 1350 αὐτά
638 1290 710 1372 πῦρ,
723 1287 774 1350 καί
804 1282 823 1369 ῆ
849 1280 921 1362 δόξα
946 1290 1048 1368 κυρίου
1071 1281 1155 1374 πάσῃ
1180 1288 1219 1377 τῆ
1242 1290 1409 1375 συναγωγῇ.

169 1374 288 1436 ἐπίθετε
307 1367 350 1433 ἐπ’
368 1367 446 1433 αὐτὰ
464 1372 601 1452 θυμίαμα
613 1373 709 1433 ἔναντι
723 1395 775 1432 κυ-
804 1369 898 1433 2οκαί
925 1363 1047 1449 ἐλάλησε
1065 1364 1165 1455 κύριος
1181 1364 1256 1449 πρὸς
1273 1374 1411 1449 Μωυσῆν

169 1459 235 1536 ρίου
248 1450 362 1537 κύριον,
375 1453 426 1521 καὶ
438 1451 521 1514 ἔσται
535 1448 552 1514 ὁ
564 1449 638 1537 ἆνῆρ
649 1447 684 1515 ὃν
694 1451 775 1515 ἐκλέ-
805 1453 857 1519 καί
867 1448 994 1536 Ἀαρών,
1006 1451 1109 1526 λέγων.
1126 1453 1154 1491 ²¹
1163 1447 1366 1533 ἆποσχίσθητε
1379 1454 1410 1514 ίκ

169 1537 270 1600 λεκται
287 1530 401 1617 κύριος,
427 1524 515 1606 οὗτος
533 1530 625 1610 όίγιος.
653 1529 775 1598 ἶκανού-
804 1535 895 1616 μέσου
908 1538 960 1617 τῆς
974 1537 1144 1617 συναγωγῆς
1154 1528 1271 1616 ταύτης,
1282 1535 1332 1597 καί
1343 1536 1410 1608 ἐξα-

171 1629 240 1684 σθω
254 1612 321 1698 ύμῖν
334 1617 491 1680 υίοίΛευί.
509 1616 587 1680 ’καί
600 1615 775 1681 εἷπεΜωυ-
805 1613 930 1682 ναλιάσω
948 1614 1056 1690 αύτούς
1074 1614 1200 1692 είςάπαξ.
1237 1618 1410 1680 22καίέίπε-

170 1707 224 1784 σῆς
236 1696 312 1824 πρὸς
324 1701 416 1784 Κορέ.
442 1695 632 1773 είςακούσατέ
641 1726 700 1802 μου
714 1700 775 1767 υἱοί
806 1723 863 1765 σαν
874 1700 924 1764 ἐπί
938 1696 1100 1785 πρόςωπον
1115 1697 1228 1775 αὐτῶν,
1251 1699 1302 1770 καὶ
1314 1698 1408 1764 εἶπαν.

169 1787 253 1847 Λευί.
288 1778 329 1872 μῆ
339 1777 446 1884 μικρόν
458 1786 519 1845 ἐστι
532 1787 622 1847 τοῦτο
637 1795 715 1866 υμῖν,
729 1778 775 1846 ὅτι
804 1780 877 1858 θεὸς
894 1779 965 1857 θεὸς
983 1787 1043 1846 τοῖν
1059 1777 1234 1867 πνευμάτων
1250 1784 1301 1845 καὶ
1312 1777 1409 1865 πάσης

170 1865 321 1932 διέστειλεν
334 1891 351 1928 ο
362 1861 433 1939 θεὸς
442 1863 565 1951 Ἰσραῆλ
579 1862 653 1950 ὑμᾶς
663 1871 695 1930 ἐκ
706 1890 775 1929 συν-
805 1861 923 1951 σαρκός.
949 1870 973 1929 εί
986 1865 1147 1951 ἅνθρωπος
1159 1866 1196 1940 εἷς
1209 1859 1344 1948 ῆμαρτεν,
1359 1867 1410 1929 ἐπὶ

169 1944 437 2053 αγωγῆςἸσραῆλ,
462 1948 513 2011 καί
525 1944 726 2033 προςηγάγετο
740 1944 775 2011 ύ-
802 1953 905 2013 πᾶσαν
929 1947 983 2051 τῆν
1005 1959 1177 2032 συναγωγῆν
1194 1945 1268 2052 ὀργῆ
1288 1953 1390 2033 κυρίου
1395 1978 1408 2027 ,·

168 2035 226 2106 κᾶς
244 2027 320 2115 πρὸς
338 2029 443 2094 εαυτὸν
460 2030 636 2115 λειτουργεῖν
649 2031 702 2106 τὰς
716 2031 775 2095 λιι·
803 2033 833 2074 ²³
845 2033 897 2096 καὶ
913 2032 1033 2114 ἐλαλησε
1049 2030 1149 2117 κύριος
1172 2056 1248 2117 προς
1262 2036 1408 2115 Μωυσῆν,

168 2119 308 2200 τουργίας
319 2117 372 2197 τῆς
385 2117 491 2197 σκηνῆς
501 2120 613 2198 κυρίου,
624 2116 674 2178 καὶ
683 2119 775 2198 παρί-
802 2112 906 2198 λέγων.
932 2114 963 2156 ²⁴
977 2113 1105 2220 λάλησον
1117 2120 1154 2198 τῆ
1166 2118 1336 2196 συναγωγῆ,
1358 2113 1407 2178 λε’-

170 2206 303 2263 οτασθαι
320 2198 417 2260 ἔναντι
435 2202 488 2284 τῆς
506 2202 612 2282 σκηνῆς
627 2194 774 2283 λατρεύειν
802 2224 873 2276 γων.
912 2195 1123 2284 ἄναχωρησατε
1137 2189 1245 2280 Ικύκλῳ
1271 2188 1333 2261 ἀπὸ
1356 2201 1409 2280 τῆς

169 2280 282 2362 αὐτοῖς.
319 2281 347 2323 ¹⁰
364 2282 414 2344 καί
438 2275 639 2365 προςηγάγετό
663 2306 695 2347 σε
723 2281 775 2344 καί
804 2286 975 2369 συναγωγῆς
987 2286 1077 2367 Κορέ.
1091 2279 1296 2364 25καὶοίνέστη
1309 2287 1410 2346 Μωυ-

168 2360 284 2437 πάντας
296 2361 367 2438 τούς
379 2361 524 2443 ἀδελφούς
538 2389 591 2427 σου
604 2361 687 2438 υἱοὺς
698 2365 773 2428 Λευί
793 2369 870 2449 σῆς,
895 2366 947 2435 καί
970 2360 1120 2450 ἐπορεύθη
1135 2361 1211 2447 πρὸς
1227 2364 1338 2437 Δαθὰν
1357 2366 1408 2428 καί

167 2445 240 2531 μετά
259 2450 332 2523 σοῦ,
357 2448 408 2511 καί
425 2450 533 2529 ζητεῖτε
545 2449 596 2511 καί
608 2443 772 2532 ἱερατεύειν.
798 2443 934 2534 Ἀβειρών
947 2449 996 2512 καί
1009 2446 1268 2533 συνεπορεύθησαν
1279 2445 1336 2528 μετ’
1352 2445 1409 2512 αὖ·

166 2525 296 2605 11ούτως
309 2527 346 2594 σύ
358 2531 408 2595 καὶ
419 2534 506 2596 πᾶσα
519 2527 538 2616 ῆ
551 2527 706 2615 συναγωγῆ
718 2556 773 2595 σου
803 2535 859 2595 τοῦ
883 2527 989 2605 πάντες
1014 2534 1045 2595 σί
1063 2529 1252 2619 πρεσβύτεροι
1275 2527 1409 2616 Ἰσραήλ.

166 2610 439 2701 ῆσυνηθροισμένη
456 2613 532 2700 πρὸς
550 2611 604 2678 τὸν
615 2610 697 2678 θεόν.
723 2615 773 2680 καὶ
803 2616 833 2657 ²⁰
846 2614 897 2678 καί
919 2609 1042 2697 ἐλάλησε
1060 2612 1136 2700 πρὸς
1154 2613 1208 2699 τῆν
1226 2619 1407 2695 συναγωγὴν,

164 2694 281 2776 Ἀαρὼν
305 2699 351 2769 τίς
377 2700 473 2772 ἐστιν,
501 2693 547 2760 ὅτι
572 2692 773 2774 διαγογγύζετε
803 2698 904 2774 λέγων.
931 2695 1134 2782 ἆποσχίσθητε
1147 2695 1209 2762 άπὸ
1222 2688 1408 2801 τῶνσκηίών

168 2777 229 2841 κατ’
253 2774 349 2840 αὐτοῦ
353 2806 366 2855 ,·
403 2781 432 2819 ¹²
444 2780 494 2841 καί
511 2776 662 2843 ἀπέστειλε
674 2786 773 2843 Μωυ-
802 2785 863 2844 τῶν
882 2777 1054 2866 ἀνθρώπων
1072 2786 1133 2846 τῶν
1146 2781 1278 2865 σκληρῶν
1290 2805 1409 2845 τουτων

169 2866 221 2940 σῆς
231 2859 353 2925 καλέσαι
363 2859 474 2924 Δαθὰν
483 2858 680 2965 καίἈηίειρών
689 2861 773 2938 υἱούς
801 2865 852 2927 καί
863 2861 902 2946 μῆ
917 2861 1045 2931 ἅπτεσθε
1057 2862 1119 2929 ἀπὸ
1132 2856 1264 2938 πόντων,
1277 2854 1320 2925 ὧν
1329 2866 1408 2928 ἐστιν

166 2940 276 3029 Ἑλιάβ.
302 2943 353 3006 καί
372 2942 467 3007 εἶπαν.
496 2941 552 3008 οὐκ
566 2948 770 3030 αναβαίνομεν,
802 2945 920 3021 αὐτοῖς,
945 2946 985 3052 μῆ
1004 2942 1215 3030 συναπόλησθε
1232 2948 1262 3009 ἐν
1273 2941 1356 3029 πάση
1368 2949 1408 3037 τ’

166 3027 243 3110 13μῆ
253 3023 356 3128 μικρὸν
368 3030 471 3103 τοῦτο,
483 3023 530 3095 ὅτι
543 3023 684 3111 ἆνῆγαγες
697 3027 772 3130 ῆμᾶς
801 3027 933 3119 ἁμαρτίᾳ
947 3035 1054 3095 αυτῶν.
1067 3033 1153 3094 2ίκαί
1164 2972 1407 3113 δπίστησανάπό

167 3113 206 3182 εἰς
224 3112 280 3190 γῆν
297 3108 424 3210 ρέουσαν
434 3105 514 3185 γάλα
526 3113 576 3173 καί
587 3110 668 3193 μελι,
693 3138 771 3176 απο-
801 3118 853 3204 τῆς
871 3118 977 3199 σκηνῆς
996 3112 1081 3195 Κορὲ
1097 3109 1206 3198 κύκλῳ.
1232 3115 1284 3177 καί
1297 3110 1407 3176 Λαθάν

166 3203 276 3255 κτεῖναι
292 3193 369 3277 ημᾶς
388 3193 419 3256 ἐν
436 3195 475 3284 τῆ
487 3187 586 3317 ἐρῆμῳ
600 3188 646 3256 ὅτι
660 3190 769 3280 κατάρ-
801 3198 852 3264 καὶ
864 3193 1002 3282 Ἀβειρών
1015 3197 1151 3281 ἐξῆλθον,
1165 3199 1216 3261 καί
1228 3191 1406 3278 είστῆκεισαν

184 3299 221 3347 εις
236 3269 333 3359 ῆμῶνς
347 3270 445 3361 άρχων
457 3273 490 3343 εί,
514 3282 526 3317 ¹
552 3277 604 3339 καὶ
617 3276 653 3342 σύ
667 3283 706 3354 είς
716 3283 773 3365 γῆν
801 3277 886 3364 παρά
903 3277 957 3354 τὰς
973 3276 1072 3363 θύρας
1089 3285 1151 3347 τῶν
1168 3282 1280 3362 σκηνῶν
1297 3276 1406 3354 αὐτῶν,

165 3300 292 3442 ῆέουσαν
302 3351 382 3442 γάλα
394 3360 444 3423 καί
455 3360 519 3442 μέλι
532 3355 675 3446 εἲςῆγαγες
685 3358 771 3446 ῆμᾶς,
802 3363 853 3426 καί
870 3365 904 3425 αί
919 3374 1049 3446 γυναῖκες
1067 3361 1182 3438 αὐτῶν,
1207 3363 1257 3430 καί
1269 3358 1308 3424 τό
1319 3363 1407 3425 τέκνα

166 3442 216 3504 καί
229 3441 341 3517 ε’δωκας
352 3438 420 3526 ῆμῖν
428 3442 537 3528 κλῆρον
548 3442 645 3528 ἀγροῦ
654 3448 705 3508 καί
714 3443 772 3528 άμ-
803 3443 911 3520 αὐτῶν,
924 3447 974 3509 καὶ
987 3442 1005 3529 ῆ
1019 3442 1166 3530 διποσκευῆ
1179 3442 1288 3510 αὐτῶν.
1312 3445 1344 3487 ²⁸
1356 3446 1407 3511 καί

165 3524 306 3600 πελῶνας.
341 3526 413 3602 τοὺς
437 3523 617 3609 δηθαλμοίις
641 3531 701 3590 τῶν
720 3526 771 3590 ἄν·
802 3526 862 3591 εἷπε
875 3532 1018 3612 Μωυσῆς.
1045 3533 1076 3594 ἐν
1093 3525 1191 3611 τούτῳ
1203 3522 1407 3604 γνιύσεσθεῖίτι

164 3604 300 3693 θριόπων
312 3613 427 3672 ἐκείνων
440 3609 477 3671 ἂν
490 3611 641 3686 ἕξέκοψας.
668 3606 723 3671 οὐκ
734 3607 772 3673 ά-
802 3606 901 3695 κύριος
914 3607 1067 3676 ἀπέστειλέ
1075 3635 1109 3695 με
1120 3613 1243 3691 ποιῆσαι
1255 3606 1356 3671 πάντα
1367 3614 1406 3673 τά

165 3694 347 3791 ναρκίνομεν.
361 3689 771 3776 16καὶέβαρυθύμησεΜωυ-
801 3697 874 3777 ἔργα
899 3698 1012 3771 ταύτα,
1038 3691 1085 3758 ὅτι
1109 3689 1165 3755 οὐκ
1190 3687 1241 3754 ἀπ’
1267 3691 1404 3772 ἐμαυτοῦ.

166 3797 220 3860 σης
233 3771 359 3855 σφοδρα,
373 3772 424 3840 καὶ
437 3771 497 3835 είπε
509 3770 586 3857 πρὸς
598 3768 705 3859 κύριον.
731 3773 770 3860 μῆ
802 3780 831 3818 ²⁹
844 3781 869 3839 εί
893 3774 971 3841 κατά
990 3772 1125 3843 θάνατον
1143 3769 1266 3841 πάντων
1283 3770 1407 3858 ἀνθρά-

165 3848 298 3954 πρόσηης
322 3856 361 3926 είς
385 3853 440 3937 τῆν
456 3862 566 3920 θυσίαν
583 3853 690 3921 αὐτῶν.
717 3857 770 3922 οὒκ
800 3884 867 3922 πων
879 3857 1104 3926 ἀποθανοῦνται
1118 3849 1215 3932 οὗτοι,
1241 3861 1266 3920 εί
1277 3858 1328 3926 καὶ
1339 3856 1403 3929 κατ’

166 3938 340 4038 ἐπιθυμημα
352 3933 473 4012 οὐδενὸς
483 3936 584 4003 αὐτῶν
592 3940 708 4023 εἴληφα,
719 3938 771 4003 οὔ·
801 3943 952 4023 ἐπίσκεψιν
967 3941 1089 4009 πάντων
1102 3939 1273 4024 ἀνθρώπων
1286 3943 1407 4005 ἐπισκο-

166 4016 198 4089 a&
211 4020 349 4082 ἐκακωσα
362 4016 468 4084 οὐδένα
482 4019 590 4085 αὐτῶν.
609 4021 699 4085 16καί
711 4021 772 4086 είπε
801 4020 843 4106 πῆ
854 4027 936 4092 ε’ίνται
948 4024 1057 4099 αὐτῶν,
1069 4023 1136 4111 οὐχί
1147 4020 1246 4109 κύριος
1255 4020 1407 4095 ἀπέπαλ-

167 4098 405 4200 Μωυσῆςίπρὸς
429 4105 522 4187 Κορέ.
567 4099 695 4180 ἁγίασον
719 4104 773 4188 τῆν
801 4109 836 4170 κέ
844 4133 894 4190 με,·
915 4111 947 4153 ³⁰
960 4107 1023 4173 ἀλλ’
1039 4107 1058 4195 ῆ
1072 4113 1101 4173 ἐν
1114 4104 1248 4188 φάσματι
1260 4107 1342 4182 δειξει
1354 4102 1406 4170 κύ-

166 4198 340 4265 συναγωγην
358 4207 428 4258 σου,
453 4187 505 4249 καί
528 4190 644 4260 γίνεσθε
660 4191 772 4269 ἕτοιμοι
801 4215 872 4275 ριος,
886 4193 936 4256 καὶ
949 4189 1095 4267 ἇνοίξασα
1110 4189 1127 4275 ῆ
1140 4195 1179 4274 γῆ
1192 4187 1227 4254 τὸ
1242 4186 1338 4271 στόμα
1350 4188 1406 4254 αύ-

166 4266 265 4329 Ιε’·’ναντι
283 4270 387 4350 κυρίου
408 4263 444 4329 σύ
456 4262 639 4362 καίηἎαρών
650 4272 702 4334 καί
714 4269 771 4334 αύ-
800 4279 851 4357 τῆς
867 4280 1043 4339 καταπίεται
1061 4272 1185 4350 αὐτοὺς,
1210 4274 1262 4337 καί
1278 4268 1348 4345 τούς
1361 4273 1405 4336 οἴ-

165 4351 213 4412 τοί
225 4345 338 4432 αὔριον.
376 4348 769 4434 17καλλαβετεὲίιαστοςτό
799 4382 868 4432 κους
884 4356 1001 4431 αὐτων,
1026 4358 1078 4420 καί
1097 4354 1150 4432 τάς
1168 4352 1277 4438 σκηνάς
1296 4351 1407 4432 αὐτῶν,

163 4442 284 4520 πυρείσν
293 4429 398 4507 αὐτοῦ,
408 4433 459 4497 καί
468 4427 625 4516 ἐπιθῆσετε
634 4433 677 4501 ἐπ’
691 4434 769 4501 αὐτὰ
799 4441 849 4503 καί
861 4437 961 4504 πάντα
972 4435 1031 4510 ὅσα
1043 4440 1120 4509 ἐστίν
1131 4436 1244 4513 αὐτοῖς,
1253 4436 1304 4500 καὶ
1312 4461 1407 4502 κατα·

163 4522 312 4602 θυμίαμα,
330 4515 380 4584 καί
392 4511 551 4604 προςάξετι
560 4518 654 4584 ἔναντι
667 4525 768 4609 κυρίου
796 4517 938 4607 βῆσονται
950 4518 1055 4599 ζῶντες
1066 4525 1105 4596 είς
1117 4517 1210 4605 ᾅδου,
1236 4516 1288 4585 καί
1298 4515 1407 4595 γνώσε-

1344 4612 1406 4676 σθι,
