2924 4972
141 226 204 291 652
335 220 416 281 ΠΑ
430 221 460 279 Ρ
472 219 498 278 O
511 217 693 279 ΙΜΙΑΙ
732 220 808 291 Κεφ.
823 211 875 275 ιθ’.
891 209 926 275 κ’.
942 207 998 274 ια’.
1019 211 1063 274 19.
1078 214 1128 274 20.
1141 212 1193 274 91.

142 339 309 417 προςενείκη
331 329 434 404 αύτάς.
473 332 502 370 ²⁵
516 326 623 408 λοιμοῦ
644 351 750 410 μαστι-
782 329 859 409 μού-ς
889 351 942 389 σου
973 329 1024 388 καί
1055 323 1243 408 ἐμπλησθητι
1280 326 1393 411 ἀρτων.

141 403 524 497 γουμένουζάφρωνπανου
543 409 750 495 γότεροςγίνε-
783 410 812 450 22
824 407 976 515 βδελυγμα
998 412 1088 490 κυρίῳ
1114 404 1213 472 δισσόν
1233 407 1395 490 στάθμιον,

140 524 201 563 ται.
227 496 282 562 ἐὰν
301 497 333 561 δὲ
352 498 471 596 ἐλέγχης
484 435 580 576 ἀνάρα
598 489 749 577 φρόνιμον,
783 517 834 556 και
859 490 945 568 ζυγός
970 486 1070 564 δόλιος
1097 489 1134 555 οῦ
1154 489 1249 555 καλὸν
1266 493 1396 560 ἐνώπιον

143 577 235 691 νοησει
245 581 395 683 αἴσθησιν.
406 566 460 640 22ὀ
472 575 622 658 ἀτιμάζων
631 577 751 659 πατέρα
783 571 888 639 αὐτοῦ.
913 574 946 615 22
958 572 1044 660 παρά
1061 578 1164 657 κυρίου
1182 569 1343 640 εὐθύνεται
1357 576 1397 644 τά

142 690 194 729 και
206 662 426 746 ἀπωθουμενος
439 661 553 744 μητέρα
566 655 662 723 αῦτοῦ
676 681 751 722 κατ-
783 654 954 760 διαβήματα
975 657 1074 742 ἀνδρί,
1098 654 1212 739 θνητός
1230 655 1262 721 δὲ
1274 663 1344 735 πῶς
1358 659 1396 725 ἀν

144 755 271 832 αισχυνθ
280 742 373 811 ’σεται
385 745 437 809 καί
449 743 647 816 ἐπονείδιστος
658 743 749 806 ἐσται.
782 764 886 823 νοηοαι
900 738 953 815 τάς
964 738 1053 813 όδσῦς
1066 737 1162 803 αὐτοῦ
1167 767 1179 817 ,·
1196 739 1226 782 22
1235 742 1328 818 παγίς
1341 741 1397 810 ἀν-

144 833 174 874 22
187 828 249 903 υἱός
267 826 416 893 απολειπό
438 848 504 900 ενος
524 822 653 904 φυλάξω
678 849 750 887 παι·
783 825 832 929 δρί
849 818 924 927 ταηύ
943 847 972 887 τι
984 827 1044 888 τῶν
1062 822 1143 886 ἰδίων
1154 817 1293 900 ἀγιοίσαι,
1319 824 1396 908 μετά

143 914 226 978 δείαν
244 908 360 996 πατρὸς
375 853 524 992 μελιτησει
543 906 638 992 ρ’ἠσεις
650 901 750 976 κακάς.
783 931 846 1054 γαη
867 932 903 970 το
928 904 1075 983 εῦξασθαι
1099 917 1248 987 μετανοεῖν
1272 912 1395 984 γίνεται.

143 992 204 1059 2Βά
218 990 397 1076 ἐγγυώμενος
409 992 505 1057 παῖδα
520 989 640 1075 ἀφρονα
654 998 752 1054 καθυ-
784 991 815 1033 22
847 983 977 1075 ικμήτωρ
1003 988 1118 1075 ἀσεβῶν
1133 985 1269 1074 βασιλεῦς
1287 990 1395 1073 σοφός,

144 1084 237 1165 βρίσει
264 1079 427 1159 δικαίωμα,
460 1070 557 1156 στόμα
581 1072 614 1138 δὲ
639 1070 752 1159 ἀσεβῶν
784 1075 836 1138 καί
848 1072 981 1162 ἐπιβαλεῑ
988 1072 1091 1148 αὐτοῖς
1103 1066 1219 1158 τροχόν.
1233 1075 1334 1154 22φῶς
1344 1103 1396 1140 κυ-

145 1165 324 1226 καταπίεται
349 1163 464 1244 κρίσεις.
503 1158 534 1199 22
547 1152 753 1240 ἕτοιμάζονται
784 1160 852 1242 ρίου
864 1158 942 1238 πνοὴ
962 1151 1148 1241 ἀνθρώπων,
1175 1151 1209 1228 ῦς
1221 1157 1325 1241 ἐρευνᾷ
1338 1184 1395 1223 τα-

145 1238 326 1317 ἀκολάστοις
349 1239 501 1324 μάστιγες,
540 1243 591 1305 καί
615 1245 753 1325 τιμωρίαι
784 1251 863 1323 μιεῖα
874 1239 993 1315 κοιλίας.
1016 1240 1047 1283 22
1060 1235 1239 1323 ἐλεημοσύνη
1251 1241 1304 1306 καί
1316 1239 1395 1327 ἀλη-

146 1325 258 1409 ὁμοίως
270 1325 407 1412 ἀφροσιν.
784 1334 856 1388 θεια
869 1322 986 1405 φυλακὴ
998 1323 1123 1410 βασιλεῖ,
1146 1323 1198 1386 καί
1208 1324 1394 1408 περικυκλῶ-

177 1417 190 1444 ⁰
342 1413 413 1471 ΚΕ
425 1411 464 1470 Φ.
507 1403 561 1471 K'.
786 1430 888 1473 σουσιν
906 1409 938 1471 ἐν
954 1403 1125 1499 δικαωσύνῃ
1142 1401 1196 1469 τόν
1207 1407 1320 1491 θρόνον
1338 1406 1393 1472 αῦ-

148 1462 352 1556 Ακόλαστον
363 1489 443 1563 οἶνος
454 1491 506 1553 καί
519 1487 686 1575 ὑβριστικόν
701 1491 754 1570 μέ-
786 1493 850 1555 τσῦ.
864 1483 1009 1570 22κόσμος
1021 1492 1144 1564 νεανίαις
1156 1493 1260 1570 σοφία,
1275 1486 1350 1567 δόξα
1362 1491 1395 1556 δὲ

146 1586 206 1659 θη,
227 1579 288 1647 πᾶς
300 1572 333 1637 δὲ
345 1570 452 1656 ἀφρων
463 1570 612 1647 τοιούτοις
624 1571 754 1653 συμπλέ-
785 1576 994 1659 πρεσβυτέρων
1005 1571 1120 1638 πολιαί.
1157 1573 1189 1615 ³⁰
1202 1569 1328 1638 ῦπῶπια
1344 1578 1394 1639 καί

146 1682 237 1723 κεται.
263 1659 279 1698 2
293 1652 329 1721 ού
349 1655 479 1740 διαφέρει
492 1652 598 1737 ἀπειλὴ
609 1654 754 1740 βασιλέως
787 1659 989 1741 συντρίμματα
1002 1659 1132 1739 συναντᾷ
1144 1666 1254 1732 κακοῖς,
1279 1655 1393 1740 πληγαί

146 1743 249 1823 θυμοῦ
266 1739 399 1813 λέοντος,
425 1735 490 1802 ὅδὲ
505 1736 684 1823 παροξύνων
696 1734 753 1802 αά-
787 1736 819 1802 δὲ
830 1742 870 1814 είς
881 1749 997 1821 ταμιεῖα
1010 1737 1130 1813 κοιλίας.

147 1821 200 1889 τὸν
218 1818 281 1906 ἀμα
302 1818 380 1886 τάνει
397 1824 437 1896 είς
455 1818 511 1903 τὴν
523 1821 632 1886 ἑαυτοῦ
675 1816 752 1905 υχην.
816 1832 841 1862 ‘'
967 1827 1042 1887 ΚΕ
1054 1826 1092 1886 Φ.
1135 1817 1223 1886 KA'.

147 1905 236 1982 2δόξα
245 1847 330 1988 ἀνδρὶ
338 1901 586 1988 ἀποστρέφεσθαι
596 1840 754 1988 λοιάιρίας,
789 1871 915 1992 Ωςπερ
933 1902 1010 1989 όρμίγ
1029 1901 1148 1980 ῦδατος,
1170 1903 1264 1979 οὕτως
1280 1905 1389 1987 καρδία

146 1994 207 2064 πᾶς
219 1986 251 2052 δὲ
263 1986 372 2071 δίφρων
387 1981 534 2061 τοιούτοις
547 1986 752 2069 συμπλέκεται.
785 1987 930 2074 βασιλέως
943 1989 974 2051 ἐν
982 1990 1058 2096 ῃειρί
1068 1993 1160 2064 θεοῦ,
1177 1980 1214 2054 οῦ
1226 1985 1277 2052 ἐὰν
1288 1989 1391 2053 θέλων

148 2069 383 2151 2όνειδιζόμενος
401 2066 524 2153 ὀκνηρὸς
549 2068 604 2133 οῦκ
622 2067 753 2154 αλιιχύνε-
786 2075 896 2147 νεῦσαι,
909 2074 968 2136 ἐκεῖ
977 2070 1087 2136 εκλινεν
1097 2069 1202 2156 αῦτηῦ.
1220 2075 1303 2146 2πάς
1315 2069 1391 2178 ἀνὴρ

148 2179 208 2230 ται,
222 2150 360 2228 ῶςαῦτως
372 2148 450 2217 καίό
463 2150 660 2234 δανειζόμενος
671 2163 754 2218 σῖτον
786 2160 922 2237 φαίνεται
934 2157 1032 2239 ἑαυτῷ
1044 2155 1166 2231 δίκαιος,
1176 2152 1346 2219 κατευθύνει
1360 2158 1392 2220 δε

148 2235 303 2321 ἐνάμητῶ.
318 2233 419 2320 6ίίδονρ
431 2235 752 2323 βαθύβουλὴίνκαρ-
784 2238 908 2321 καρδίας
933 2236 1040 2321 κύριος.
1066 2239 1188 2303 2ποιεῖν
1213 2239 1314 2303 δίκαια
1340 2242 1392 2304 καί

148 2322 197 2404 δίφ
206 2317 407 2404 ἀνδρόςάνίγρ
416 2319 449 2383 δὲ
460 2315 601 2403 φρόνιμος
613 2319 754 2402 ἐξαντλή-
785 2316 942 2407 ἀληθεύειν
959 2319 1072 2404 ἀρεστά
1085 2318 1171 2407 παρὰ
1189 2325 1253 2405 θεῷ
1265 2322 1390 2402 μᾶλλον,

149 2429 191 2471 σει
207 2400 308 2505 αὐτην.
339 2403 442 2485 22μὲγα
456 2401 621 2488 ἀνθρωπος
640 2404 691 2467 καί
708 2406 754 2467 τί-
785 2403 936 2488 ἢθυσιῶν
955 2404 1036 2486 αἷμα.
1062 2400 1295 2490 2μεγαλόφρων
1310 2402 1390 2482 evii,-

146 2511 212 2569 μιον
229 2486 304 2571 ἀνηρ
323 2481 468 2568 ἐλεήμων,
494 2486 589 2569 ἀνδρα
602 2483 635 2550 δὲ
646 2485 754 2550 πιστὸν
784 2492 846 2574 βρει
863 2483 1098 2573 θρασυκάρδιος,
1117 2485 1255 2574 λαμπτὴρ
1274 2487 1306 2552 δὲ
1324 2486 1392 2555 ἀσε-

147 2573 236 2656 ίργον
249 2567 279 2634 είι
299 2582 349 2634 εῖν.
369 2567 428 2644 2ός
440 2568 657 2654 ἀναστρέφεται
670 2566 752 2651 ἀμω-
783 2575 846 2658 βῶν
862 2568 1003 2656 ἀμαρτία.
1031 2569 1075 2634 2ό
1095 2573 1218 2654 ἐνεργῶν
1239 2579 1398 2657 θησαυρί-·

146 2679 202 2736 μσς
228 2656 258 2716 ἐν
281 2595 469 2747 ἀικαιοσύνῃ,
494 2658 657 2735 μακαρίους
682 2648 753 2727 τούς
785 2679 884 2735 σματα
901 2648 1025 2746 γλώσσῃ
1042 2655 1145 2735 ψευδεῖ
1161 2650 1275 2738 μάταια
1293 2652 1390 2719 διώκει

146 2738 256 2809 παῖδας
270 2734 367 2799 αῦτσῦ
379 2736 558 2816 καταλείψει.
586 2731 685 2799 2ὅταν
695 2738 753 2820 βα·
783 2739 834 2802 ἐπὶ
845 2739 975 2816 παγίδας
986 2737 1132 2803 θανάτου.
1158 2740 1171 2780 ⁷
1185 2737 1310 2823 όλεθρος
1322 2737 1391 2803 ἀσε-

146 2816 241 2891 σιλεὺς
254 2820 365 2892 δίκαιος
374 2822 485 2908 καθίσῃ
496 2820 547 2882 ε’πί
556 2814 680 2902 θρόνου,
694 2817 752 2882 οῦκ
782 2822 862 2905 βόσιν
873 2817 1128 2903 ἐπιξενωθύσεται,
1146 2818 1183 2886 οῦ
1195 2821 1253 2906 γάρ
1265 2817 1392 2906 βούλον-

145 2904 330 2966 ἰναντισῦται
349 2903 380 2962 ἐν
392 2898 564 2982 ὀφθαλμοῖς
577 2898 672 2965 αὐτοῦ
690 2907 752 2966 πᾶν
783 2926 833 2968 ται
846 2899 990 2990 πράσσειν
1003 2903 1041 2969 τά
1054 2906 1161 2969 δίκαια.
1201 2906 1218 2946 ⁸
1231 2903 1307 2988 πρός
1319 2903 1391 2980 τοὺς

143 2979 284 3069 πονηρόν.
309 2984 378 3056 2τίς
390 2978 565 3066 καυχήσεται
577 2981 669 3070 ἀγνην
681 2986 752 3068 ἔχειν
783 2985 919 3062 σκολιοὺς
937 2986 1056 3064 σκολιὰς
1072 2984 1163 3060 ὁδούς
1173 2985 1356 3051 ἀποστελλει
1372 2986 1390 3052 ὁ

143 3067 198 3148 τὴν
210 3067 333 3150 καρδίαν
336 3093 349 3143 ,·
367 3063 385 3147 ἢ
399 3069 442 3140 τίς
455 3063 683 3151 παρίρησιάσεται
696 3094 751 3132 κα·
782 3069 861 3145 θεὸς,
876 3066 952 3148 ἀγνά
961 3069 1021 3155 γάρ
1035 3071 1085 3133 καί
1098 3067 1179 3151 ὀρθά
1192 3065 1231 3130 τά
1243 3071 1317 3149 ἔργα
1329 3072 1389 3133 αῦ-

143 3146 242 3234 θαρός
258 3146 330 3213 εἶναι
343 3146 406 3212 ἀπὸ
420 3146 589 3234 ἀμαρτιῶνς
615 3152 647 3192 222
660 3178 749 3217 κακο-
782 3158 846 3218 τοῦ.
867 3156 882 3196 ⁹
893 3166 1026 3238 κρεῖσσον
1041 3155 1129 3215 οἰκεῖν
1141 3150 1191 3212 ἐπὶ
1201 3155 1311 3226 γωνίας
1322 3148 1387 3214 ῦπ-

144 3231 751 3321 λογοῦντοςπατέραῆμητὲρασβισθησε-
783 3242 908 3321 αίθρου,
942 3232 954 3256 “
971 3238 1003 3298 ἓν
1020 3235 1232 3315 κεκονιαμένοις
1254 3229 1329 3313 μετὰ
1348 3232 1387 3296 ἀ-

144 3341 194 3379 ται
207 3314 359 3401 λαμπτὴρ,
369 3319 402 3379 αἱ
413 3315 446 3380 δὲ
459 3314 545 3401 κόραι
559 3321 619 3381 τῶν
628 3316 751 3396 ὀφθαλ-
782 3320 873 3393 δικίας
898 3343 949 3380 και
972 3318 1003 3380 ἐν
1025 3315 1098 3398 οἴκῳ
1111 3318 1209 3400 κοινῷ.
1248 3320 1276 3359 ¹⁰
1324 3317 1387 3404 ιυχίῃ

142 3404 207 3482 μῶν
232 3398 329 3464 αὐτοῦ
347 3398 476 3483 όιμονται
494 3397 608 3475 σκότος.
634 3403 660 3441 22
673 3404 751 3486 μερίς
783 3399 906 3488 ἀσεβοῦς
922 3397 978 3466 οῦκ
991 3394 1183 3482 ίλεηθήσεται
1201 3394 1250 3464 ὑπ’
1265 3335 1389 3476 οῦάενὸς

144 3486 416 3568 ἒπισπουδαζομίνη
429 3487 460 3548 ἐν
472 3480 619 3569 πρώτοις,
645 3488 675 3548 ἐν
686 3497 751 3557 τοῖς
783 3489 842 3549 τῶν
860 3477 1038 3564 ἀνθρώπων.
1068 3485 1093 3524 ¹¹
1105 3485 1294 3567 ζημιουμένου
1312 3483 1387 3549 ἀκο-

143 3569 317 3643 τελευταίοις
329 3565 384 3631 οῦκ
398 3564 642 3650 εῦλσγηθησεται.
667 3570 697 3610 22
710 3565 750 3652 μὴ
783 3564 896 3633 λάστου
908 3561 1146 3650 πανουργότερος
1157 3572 1266 3645 γίνεται
1279 3563 1297 3629 ὁ
1311 3565 1388 3632 ἀκα·

144 3651 236 3733 εἴπης,
249 3656 367 3730 τίσομαι
381 3650 434 3715 τόν
447 3649 569 3734 ἐχθρόν,
592 3648 655 3715 ἀλλ’
673 3646 749 3715 ύπό-
783 3677 843 3725 κος,
858 3649 961 3716 συνιών
976 3649 1009 3715 δὲ
1027 3653 1123 3732 σοφὸς
1140 3651 1251 3726 δέξεται
1270 3655 1385 3727 γνῶσιν.

142 3723 239 3816 μειύον
263 3731 316 3795 τὸν
330 3729 443 3815 κύριον,
460 3739 509 3796 ίνα
536 3758 583 3797 σοι
599 3729 748 3829 βοηθήσῃ.
781 3737 808 3775 22
822 3745 916 3799 συνιεῖ
925 3734 1038 3808 δίκαιος
1049 3737 1172 3819 καρδίας
1185 3731 1308 3818 ἀσεβῶν,
1335 3737 1386 3798 καί

143 3818 173 3858 ¹⁰
186 3813 334 3896 στάθμιον
351 3818 427 3896 μέγα
444 3818 494 3880 καί
509 3814 614 3901 μικρόν
630 3818 682 3881 καί
697 3820 746 3899 με’·
781 3816 912 3896 φαυλίζει
926 3816 1036 3903 ἀσεβεῖς
1048 3820 1196 3891 ἒνκαιιοῖς.
1210 3813 1276 3892 22δς
1289 3813 1387 3901 φράσ-

143 3922 201 3982 τρα
214 3895 314 3970 δισσά,
328 3893 492 3981 ἀκάθαρτα
504 3896 634 3965 ἐνώπιον
646 3903 748 3979 κυρίου
780 3924 821 3964 σει
834 3897 873 3964 τά
890 3888 956 3965 ῶτα
973 3898 1070 3966 αῦτοῦ
1087 3904 1143 3966 τοῦ
1160 3899 1199 3982 μὴ
1221 3902 1387 3964 ἐπακοῦσαι

143 3981 194 4043 καί
214 3975 384 4062 ἀμφότερα,
409 3986 435 4024 22
448 3984 498 4047 καί
514 3977 532 4044 ό
548 3985 646 4045 ποιῶν
659 3978 747 4045 αῦτά.
780 3981 936 4058 ἀσθενοῦς,
950 3986 1002 4049 καί
1013 3982 1105 4058 αὐτὸς
1118 3983 1321 4048 ἔπικαλίσεται
1334 3985 1387 4048 καί

143 4067 176 4127 ἐν
191 4074 255 4136 τοῖς
271 4059 496 4144 ἐπιτηδεύμασιν
513 4062 610 4128 αὐτοῦ
632 4089 749 4145 συμπο-
780 4063 835 4130 οῦκ
848 4067 930 4129 ἔσται
950 4062 1151 4141 όείςακούων.
1185 4066 1215 4109 ¹⁴
1228 4061 1310 4142 δόσις
1326 4063 1385 4132 λά·

142 4140 312 4227 δισθῦσεται
324 4149 473 4221 νεανίσκος
485 4144 558 4227 μετά
572 4143 669 4220 ὁσίου,
697 4149 748 4210 καί
779 4157 865 4233 θριος
882 4146 1041 4231 ἀνατρέπει
1058 4149 1160 4236 ὀργάς,
1187 4144 1293 4234 δώρων
1314 4148 1348 4213 δὲ
1367 4145 1386 4213 ὁ

143 4226 244 4293 εῦθεϊα
257 4225 275 4306 ἡ
288 4224 359 4301 ὁδὸς
371 4224 472 4291 αὐτοῦ.
486 4216 571 4302 22σῦς
584 4224 684 4293 ἀκούει
696 4232 748 4294 καί
779 4227 941 4314 φειδόμενος
951 4229 1049 4314 θυμόν
1057 4237 1157 4318 ἐγείρει
1169 4226 1294 4318 ἰσχυρόν.
1307 4230 1387 4297 22εά·

143 4309 303 4392 ὀφθαλμός
321 4309 395 4392 όρᾷ,
419 4315 523 4395 κυρίου
536 4314 609 4394 ἔργα
625 4314 677 4376 καί
690 4310 744 4396 ἀμ-
779 4312 911 4400 φροσύνη
928 4316 1050 4379 δικαίων
1061 4327 1155 4380 ποιεῖν
1167 4321 1273 4400 κρίμα,
1300 4311 1386 4393 δ’σιος

141 4391 262 4479 φότερα.
284 4394 312 4435 22
324 4390 363 4475 μὴ
377 4388 482 4469 ἀγάπα
494 4393 683 4470 καταλαλεῒν,
697 4401 747 4461 ἵνα
778 4398 811 4462 δὲ
823 4394 1001 4482 ἀκάθαρτος
1013 4396 1098 4481 παρά
1111 4395 1293 4481 κακούργοις.
1312 4396 1386 4464 ¹⁶0}-

139 4478 178 4564 μὴ
197 4481 334 4579 ἐξαρθῃς.
363 4471 510 4553 διάνοιξον
535 4476 607 4555 τοῦς
625 4477 746 4560 ὀφθαλ-
778 4479 831 4568 νηρ
847 4477 1036 4565 πλανώμενος
1055 4484 1086 4558 ἐξ
1105 4479 1178 4546 ὁδοῦ
1196 4476 1387 4628 δικαιοσύνῃς

1371 4589 1386 4628 ν
