<?xml version="1.0" encoding="UTF-8"?>
<!DOCTYPE html PUBLIC "-//W3C//DTD XHTML 1.0 Transitional//EN"
    "http://www.w3.org/TR/xhtml1/DTD/xhtml1-transitional.dtd">
<html xmlns="http://www.w3.org/1999/xhtml" xml:lang="en" lang="en">
 <head>
  <title>
</title>
<meta http-equiv="Content-Type" content="text/html;charset=utf-8" />
  <meta name='ocr-system' content='tesseract 3.04.00' />
  <meta name='ocr-capabilities' content='ocr_page ocr_carea ocr_par ocr_line ocrx_word'/>
</head>
<body>
  <div class='ocr_page' id='page_1' title='image "./vetustestamentu00essgoog_0755.png"; bbox 0 0 2924 4972; ppageno 0'>
   <div class='ocr_carea' id='block_1_1' title="bbox 177 243 1245 356">
    <p class='ocr_par' dir='ltr' id='par_1_1' title="bbox 177 243 1245 356">
     <span class='ocr_line' id='line_1_1' title="bbox 177 243 1245 356; baseline -0.007 -37"><span class='ocrx_word' id='word_1_1' title='bbox 177 253 244 356; x_wconf 51' lang='grc' dir='ltr'><strong><em>ὃὲὃ</em></strong></span> <span class='ocrx_word' id='word_1_2' title='bbox 364 252 445 317; x_wconf 84' lang='grc' dir='ltr'><strong><em>ΠΛ</em></strong></span> <span class='ocrx_word' id='word_1_3' title='bbox 458 255 488 314; x_wconf 88' lang='grc' dir='ltr'><em>Ρ</em></span> <span class='ocrx_word' id='word_1_4' title='bbox 502 252 528 313; x_wconf 90' lang='lat' dir='ltr'><strong><em>O</em></strong></span> <span class='ocrx_word' id='word_1_5' title='bbox 542 249 726 313; x_wconf 86' lang='grc' dir='ltr'><em>ΙΜΙΑΙ</em></span> <span class='ocrx_word' id='word_1_6' title='bbox 764 253 841 329; x_wconf 76' lang='grc' dir='ltr'><strong><em>Κεφ.</em></strong></span> <span class='ocrx_word' id='word_1_7' title='bbox 855 247 909 322; x_wconf 75' lang='grc' dir='ltr'><strong><em>σις’.</em></strong></span> <span class='ocrx_word' id='word_1_8' title='bbox 923 243 977 324; x_wconf 77' lang='grc' dir='ltr'><strong><em>κζ’.</em></strong></span> <span class='ocrx_word' id='word_1_9' title='bbox 993 244 1046 331; x_wconf 83' lang='grc' dir='ltr'><strong><em>κη’.</em></strong></span> <span class='ocrx_word' id='word_1_10' title='bbox 1063 247 1114 313; x_wconf 68' lang='grc' dir='ltr'><strong><em>λθ.</em></strong></span> <span class='ocrx_word' id='word_1_11' title='bbox 1127 249 1178 313; x_wconf 72' lang='lat'><strong><em>27.</em></strong></span> <span class='ocrx_word' id='word_1_12' title='bbox 1192 249 1245 314; x_wconf 72' lang='lat'><strong><em>28.</em></strong></span> 
     </span>
    </p>
   </div>
   <div class='ocr_carea' id='block_1_2' title="bbox 168 346 1460 4683">
    <p class='ocr_par' dir='ltr' id='par_1_2' title="bbox 168 346 1460 4683">
     <span class='ocr_line' id='line_1_2' title="bbox 176 346 1429 464; baseline -0.002 -33"><span class='ocrx_word' id='word_1_13' title='bbox 176 364 445 447; x_wconf 81' lang='grc' dir='ltr'><strong><em>κῶπωνμαλακοέ,</em></strong></span> <span class='ocrx_word' id='word_1_14' title='bbox 471 352 556 425; x_wconf 84' lang='grc' dir='ltr'><strong><em>οὗτοι</em></strong></span> <span class='ocrx_word' id='word_1_15' title='bbox 575 360 606 424; x_wconf 87' lang='grc' dir='ltr'><strong><em>δέ</em></strong></span> <span class='ocrx_word' id='word_1_16' title='bbox 619 356 785 424; x_wconf 74' lang='grc' dir='ltr'><em>τύπτουσιν</em></span> <span class='ocrx_word' id='word_1_17' title='bbox 819 383 880 464; x_wconf 93' lang='grc' dir='ltr'><strong><em>ρειν</em></strong></span> <span class='ocrx_word' id='word_1_18' title='bbox 906 359 991 433; x_wconf 85' lang='grc' dir='ltr'><strong><em>δόξει.</em></strong></span> <span class='ocrx_word' id='word_1_19' title='bbox 1030 362 1058 402; x_wconf 79' lang='lat'><strong><em>¹⁶</em></strong></span> <span class='ocrx_word' id='word_1_20' title='bbox 1071 357 1210 437; x_wconf 75' lang='grc' dir='ltr'><strong><em>σταγόνες</em></strong></span> <span class='ocrx_word' id='word_1_21' title='bbox 1232 346 1429 447; x_wconf 72' lang='grc' dir='ltr'><strong><em>ἐκβάλλουῶ</em></strong></span> 
     </span>
     <span class='ocr_line' id='line_1_3' title="bbox 178 438 1428 548; baseline -0.001 -35"><span class='ocrx_word' id='word_1_22' title='bbox 178 453 216 523; x_wconf 83' lang='grc' dir='ltr'><strong><em>εἰς</em></strong></span> <span class='ocrx_word' id='word_1_23' title='bbox 242 459 358 531; x_wconf 82' lang='grc' dir='ltr'><strong><em>ταμιεῖα</em></strong></span> <span class='ocrx_word' id='word_1_24' title='bbox 375 438 464 510; x_wconf 88' lang='grc' dir='ltr'><strong><em>σπλά·</em></strong></span> <span class='ocrx_word' id='word_1_25' title='bbox 491 467 557 507; x_wconf 93' lang='grc' dir='ltr'><strong><em>νων.</em></strong></span> <span class='ocrx_word' id='word_1_26' title='bbox 596 444 625 483; x_wconf 78' lang='grc'><strong><em>22</em></strong></span> <span class='ocrx_word' id='word_1_27' title='bbox 639 438 784 526; x_wconf 85' lang='grc' dir='ltr'><strong><em>ἀργύριον</em></strong></span> <span class='ocrx_word' id='word_1_28' title='bbox 818 442 986 525; x_wconf 83' lang='grc' dir='ltr'><strong><em>ἀνθρωπον</em></strong></span> <span class='ocrx_word' id='word_1_29' title='bbox 1002 445 1033 506; x_wconf 86' lang='grc' dir='ltr'><strong><em>ἐν</em></strong></span> <span class='ocrx_word' id='word_1_30' title='bbox 1052 439 1144 548; x_wconf 66' lang='grc' dir='ltr'><strong><em>ἡμέρη</em></strong></span> <span class='ocrx_word' id='word_1_31' title='bbox 1163 448 1303 536; x_wconf 74' lang='grc' dir='ltr'><strong><em>χειμερινῇ</em></strong></span> <span class='ocrx_word' id='word_1_32' title='bbox 1321 451 1354 510; x_wconf 92' lang='grc' dir='ltr'><strong><em>ἐκ</em></strong></span> <span class='ocrx_word' id='word_1_33' title='bbox 1375 453 1428 512; x_wconf 87' lang='grc' dir='ltr'><strong><em>τοῦ</em></strong></span> 
     </span>
     <span class='ocr_line' id='line_1_4' title="bbox 177 470 1430 613; baseline -0.001 -17"><span class='ocrx_word' id='word_1_34' title='bbox 177 529 327 613; x_wconf 75' lang='grc' dir='ltr'><strong><em>διδόμενον</em></strong></span> <span class='ocrx_word' id='word_1_35' title='bbox 344 526 418 611; x_wconf 80' lang='grc' dir='ltr'><strong><em>μετὰ</em></strong></span> <span class='ocrx_word' id='word_1_36' title='bbox 431 470 536 601; x_wconf 72' lang='grc' dir='ltr'><strong><em>δόλου,</em></strong></span> <span class='ocrx_word' id='word_1_37' title='bbox 562 522 656 609; x_wconf 87' lang='grc' dir='ltr'><strong><em>ὥςπερ</em></strong></span> <span class='ocrx_word' id='word_1_38' title='bbox 671 525 784 608; x_wconf 87' lang='grc' dir='ltr'><strong><em>όστρα-</em></strong></span> <span class='ocrx_word' id='word_1_39' title='bbox 817 526 904 592; x_wconf 85' lang='grc' dir='ltr'><strong><em>οίκου</em></strong></span> <span class='ocrx_word' id='word_1_40' title='bbox 917 523 1027 599; x_wconf 79' lang='grc' dir='ltr'><strong><em>αὐτοῦ,</em></strong></span> <span class='ocrx_word' id='word_1_41' title='bbox 1053 526 1195 602; x_wconf 86' lang='grc' dir='ltr'><strong><em>ωςαῦτως</em></strong></span> <span class='ocrx_word' id='word_1_42' title='bbox 1212 530 1263 592; x_wconf 86' lang='grc' dir='ltr'><strong><em>καί</em></strong></span> <span class='ocrx_word' id='word_1_43' title='bbox 1275 527 1350 612; x_wconf 79' lang='grc' dir='ltr'><strong><em>γυνη</em></strong></span> <span class='ocrx_word' id='word_1_44' title='bbox 1365 529 1430 595; x_wconf 86' lang='grc' dir='ltr'><strong><em>λοί-</em></strong></span> 
     </span>
     <span class='ocr_line' id='line_1_5' title="bbox 179 609 1430 696; baseline -0.002 -17"><span class='ocrx_word' id='word_1_45' title='bbox 179 640 233 680; x_wconf 85' lang='grc' dir='ltr'><strong><em>κον</em></strong></span> <span class='ocrx_word' id='word_1_46' title='bbox 251 610 288 696; x_wconf 74' lang='grc' dir='ltr'><strong><em>ἢγ</em></strong></span> <span class='ocrx_word' id='word_1_47' title='bbox 309 615 384 677; x_wconf 81' lang='grc' dir='ltr'><strong><em>τίον.</em></strong></span> <span class='ocrx_word' id='word_1_48' title='bbox 415 611 492 695; x_wconf 83' lang='grc' dir='ltr'><strong><em>χείλη</em></strong></span> <span class='ocrx_word' id='word_1_49' title='bbox 511 609 575 673; x_wconf 88' lang='grc' dir='ltr'><strong><em>λεῖα</em></strong></span> <span class='ocrx_word' id='word_1_50' title='bbox 593 609 716 690; x_wconf 89' lang='grc' dir='ltr'><strong><em>καρδίαν</em></strong></span> <span class='ocrx_word' id='word_1_51' title='bbox 728 634 784 672; x_wconf 84' lang='grc' dir='ltr'><strong><em>κα·</em></strong></span> <span class='ocrx_word' id='word_1_52' title='bbox 817 611 949 692; x_wconf 88' lang='grc' dir='ltr'><strong><em>δοροςέκ</em></strong></span> <span class='ocrx_word' id='word_1_53' title='bbox 968 613 1024 673; x_wconf 90' lang='grc' dir='ltr'><strong><em>τοῦ</em></strong></span> <span class='ocrx_word' id='word_1_54' title='bbox 1041 610 1119 674; x_wconf 78' lang='grc' dir='ltr'><strong><em>ἰδίου</em></strong></span> <span class='ocrx_word' id='word_1_55' title='bbox 1132 613 1226 674; x_wconf 80' lang='grc' dir='ltr'><strong><em>οίίιου.</em></strong></span> <span class='ocrx_word' id='word_1_56' title='bbox 1263 613 1290 653; x_wconf 80' lang='lat'><strong><em>¹⁶</em></strong></span> <span class='ocrx_word' id='word_1_57' title='bbox 1303 617 1430 696; x_wconf 82' lang='grc' dir='ltr'><strong><em>Βορέας</em></strong></span> 
     </span>
     <span class='ocr_line' id='line_1_6' title="bbox 179 640 1430 778; baseline -0.002 -16"><span class='ocrx_word' id='word_1_58' title='bbox 179 640 439 778; x_wconf 70' lang='grc' dir='ltr'><strong><em>λῦπτειλυπηράν.</em></strong></span> <span class='ocrx_word' id='word_1_59' title='bbox 455 693 486 734; x_wconf 86' lang='lat'><strong><em>²⁴</em></strong></span> <span class='ocrx_word' id='word_1_60' title='bbox 490 693 592 777; x_wconf 84' lang='grc' dir='ltr'><strong><em>χείλεσι</em></strong></span> <span class='ocrx_word' id='word_1_61' title='bbox 605 687 706 756; x_wconf 84' lang='grc' dir='ltr'><strong><em>πάντα</em></strong></span> <span class='ocrx_word' id='word_1_62' title='bbox 718 694 784 754; x_wconf 80' lang='grc' dir='ltr'><strong><em>ἐπι·</em></strong></span> <span class='ocrx_word' id='word_1_63' title='bbox 817 690 942 777; x_wconf 85' lang='grc' dir='ltr'><strong><em>σκληρός</em></strong></span> <span class='ocrx_word' id='word_1_64' title='bbox 954 688 1071 776; x_wconf 85' lang='grc' dir='ltr'><strong><em>ἀνεμος,</em></strong></span> <span class='ocrx_word' id='word_1_65' title='bbox 1097 690 1221 776; x_wconf 84' lang='grc' dir='ltr'><strong><em>ὀνόματι</em></strong></span> <span class='ocrx_word' id='word_1_66' title='bbox 1235 693 1267 758; x_wconf 73' lang='grc' dir='ltr'><strong><em>δι’</em></strong></span> <span class='ocrx_word' id='word_1_67' title='bbox 1280 696 1430 772; x_wconf 68' lang='grc' dir='ltr'><strong><em>ἐπιδεξιος</em></strong></span> 
     </span>
     <span class='ocr_line' id='line_1_7' title="bbox 179 773 1428 866; baseline -0.002 -20"><span class='ocrx_word' id='word_1_68' title='bbox 179 776 249 845; x_wconf 81' lang='grc' dir='ltr'><strong><em>νεῦει</em></strong></span> <span class='ocrx_word' id='word_1_69' title='bbox 263 776 525 860; x_wconf 84' lang='grc' dir='ltr'><strong><em>ἀποκλαιόμενοςέ</em></strong></span> <span class='ocrx_word' id='word_1_70' title='bbox 543 773 632 859; x_wconf 84' lang='grc' dir='ltr'><strong><em>θρὸς,</em></strong></span> <span class='ocrx_word' id='word_1_71' title='bbox 658 776 688 838; x_wconf 85' lang='grc' dir='ltr'><strong><em>ἐν</em></strong></span> <span class='ocrx_word' id='word_1_72' title='bbox 700 774 733 838; x_wconf 82' lang='grc' dir='ltr'><strong><em>δὲ</em></strong></span> <span class='ocrx_word' id='word_1_73' title='bbox 746 779 783 866; x_wconf 73' lang='grc' dir='ltr'><strong><em>τῇ</em></strong></span> <span class='ocrx_word' id='word_1_74' title='bbox 816 775 958 841; x_wconf 85' lang='grc' dir='ltr'><strong><em>καλεῖται.</em></strong></span> <span class='ocrx_word' id='word_1_75' title='bbox 988 777 1025 820; x_wconf 81' lang='lat'><strong><em>·¹⁷</em></strong></span> <span class='ocrx_word' id='word_1_76' title='bbox 1038 777 1157 862; x_wconf 87' lang='grc' dir='ltr'><strong><em>σίδηρος</em></strong></span> <span class='ocrx_word' id='word_1_77' title='bbox 1180 778 1301 861; x_wconf 88' lang='grc' dir='ltr'><strong><em>σίδηρον</em></strong></span> <span class='ocrx_word' id='word_1_78' title='bbox 1319 778 1428 855; x_wconf 86' lang='grc' dir='ltr'><strong><em>όξῦνει,</em></strong></span> 
     </span>
     <span class='ocr_line' id='line_1_8' title="bbox 178 801 1427 960; baseline -0.002 -30"><span class='ocrx_word' id='word_1_79' title='bbox 178 865 286 948; x_wconf 78' lang='grc' dir='ltr'><strong><em>καρδίη</em></strong></span> <span class='ocrx_word' id='word_1_80' title='bbox 299 865 478 926; x_wconf 77' lang='grc' dir='ltr'><strong><em>τεκταίνεται</em></strong></span> <span class='ocrx_word' id='word_1_81' title='bbox 490 801 608 932; x_wconf 68' lang='grc' dir='ltr'><strong><em>δολους.</em></strong></span> <span class='ocrx_word' id='word_1_82' title='bbox 629 860 657 900; x_wconf 85' lang='lat'><strong><em>²⁵</em></strong></span> <span class='ocrx_word' id='word_1_83' title='bbox 665 853 716 922; x_wconf 80' lang='grc' dir='ltr'><strong><em>ἐάν</em></strong></span> <span class='ocrx_word' id='word_1_84' title='bbox 729 883 783 922; x_wconf 92' lang='grc' dir='ltr'><strong><em>σου</em></strong></span> <span class='ocrx_word' id='word_1_85' title='bbox 816 857 890 960; x_wconf 76' lang='grc' dir='ltr'><strong><em>ἀνίηρ</em></strong></span> <span class='ocrx_word' id='word_1_86' title='bbox 903 858 934 924; x_wconf 84' lang='grc' dir='ltr'><strong><em>δέ</em></strong></span> <span class='ocrx_word' id='word_1_87' title='bbox 946 857 1106 942; x_wconf 79' lang='grc' dir='ltr'><strong><em>παροξύνει</em></strong></span> <span class='ocrx_word' id='word_1_88' title='bbox 1119 855 1281 943; x_wconf 77' lang='grc' dir='ltr'><strong><em>πρόςωπον</em></strong></span> <span class='ocrx_word' id='word_1_89' title='bbox 1291 862 1427 946; x_wconf 84' lang='grc' dir='ltr'><strong><em>ἑταίρου.</em></strong></span> 
     </span>
     <span class='ocr_line' id='line_1_9' title="bbox 177 936 1426 1049; baseline -0.002 -37"><span class='ocrx_word' id='word_1_90' title='bbox 177 948 280 1032; x_wconf 84' lang='grc' dir='ltr'><strong><em>δέηται</em></strong></span> <span class='ocrx_word' id='word_1_91' title='bbox 293 942 310 1009; x_wconf 85' lang='grc' dir='ltr'><strong><em>ό</em></strong></span> <span class='ocrx_word' id='word_1_92' title='bbox 323 941 431 1049; x_wconf 57' lang='grc' dir='ltr'><strong><em>ἐχθρός</em></strong></span> <span class='ocrx_word' id='word_1_93' title='bbox 443 939 556 1034; x_wconf 86' lang='grc' dir='ltr'><strong><em>μεγάλη</em></strong></span> <span class='ocrx_word' id='word_1_94' title='bbox 568 945 604 1033; x_wconf 71' lang='grc' dir='ltr'><strong><em>τῇ</em></strong></span> <span class='ocrx_word' id='word_1_95' title='bbox 618 945 718 1033; x_wconf 75' lang='grc' dir='ltr'><strong><em>φωνῇ,</em></strong></span> <span class='ocrx_word' id='word_1_96' title='bbox 743 937 783 1022; x_wconf 81' lang='grc' dir='ltr'><strong><em>μίγ</em></strong></span> <span class='ocrx_word' id='word_1_97' title='bbox 819 943 885 1017; x_wconf 77' lang='grc' dir='ltr'><strong><em>18ὁς</em></strong></span> <span class='ocrx_word' id='word_1_98' title='bbox 897 936 1011 1023; x_wconf 76' lang='grc' dir='ltr'><strong><em>ρυτεῦει</em></strong></span> <span class='ocrx_word' id='word_1_99' title='bbox 1024 946 1114 1024; x_wconf 78' lang='grc' dir='ltr'><strong><em>συκῆν</em></strong></span> <span class='ocrx_word' id='word_1_100' title='bbox 1126 939 1253 1024; x_wconf 75' lang='grc' dir='ltr'><strong><em>φάγεται</em></strong></span> <span class='ocrx_word' id='word_1_101' title='bbox 1265 941 1336 1020; x_wconf 88' lang='grc' dir='ltr'><strong><em>τοῦς</em></strong></span> <span class='ocrx_word' id='word_1_102' title='bbox 1349 971 1426 1031; x_wconf 87' lang='grc' dir='ltr'><strong><em>καρ-</em></strong></span> 
     </span>
     <span class='ocr_line' id='line_1_10' title="bbox 176 1022 1425 1121; baseline 0 -27"><span class='ocrx_word' id='word_1_103' title='bbox 176 1033 315 1121; x_wconf 69' lang='grc' dir='ltr'><strong><em>πεισθῇς,</em></strong></span> <span class='ocrx_word' id='word_1_104' title='bbox 329 1029 407 1091; x_wconf 79' lang='grc' dir='ltr'><strong><em>επτίε</em></strong></span> <span class='ocrx_word' id='word_1_105' title='bbox 417 1023 475 1110; x_wconf 89' lang='grc' dir='ltr'><strong><em>γοίρ</em></strong></span> <span class='ocrx_word' id='word_1_106' title='bbox 489 1029 543 1090; x_wconf 80' lang='grc' dir='ltr'><strong><em>εἰσι</em></strong></span> <span class='ocrx_word' id='word_1_107' title='bbox 552 1030 690 1108; x_wconf 76' lang='grc' dir='ltr'><strong><em>πονηρίαι</em></strong></span> <span class='ocrx_word' id='word_1_108' title='bbox 704 1027 736 1088; x_wconf 87' lang='grc' dir='ltr'><strong><em>ἐν</em></strong></span> <span class='ocrx_word' id='word_1_109' title='bbox 745 1028 783 1116; x_wconf 73' lang='grc' dir='ltr'><strong><em>τῇ</em></strong></span> <span class='ocrx_word' id='word_1_110' title='bbox 815 1023 893 1100; x_wconf 86' lang='grc' dir='ltr'><strong><em>ποῦς</em></strong></span> <span class='ocrx_word' id='word_1_111' title='bbox 906 1024 1013 1108; x_wconf 76' lang='grc' dir='ltr'><strong><em>αὐτῆς,</em></strong></span> <span class='ocrx_word' id='word_1_112' title='bbox 1036 1023 1071 1100; x_wconf 83' lang='grc' dir='ltr'><strong><em>ὃς</em></strong></span> <span class='ocrx_word' id='word_1_113' title='bbox 1083 1024 1115 1090; x_wconf 83' lang='grc' dir='ltr'><strong><em>δέ</em></strong></span> <span class='ocrx_word' id='word_1_114' title='bbox 1128 1022 1273 1107; x_wconf 73' lang='grc' dir='ltr'><strong><em>φυλάσσει</em></strong></span> <span class='ocrx_word' id='word_1_115' title='bbox 1287 1026 1341 1091; x_wconf 89' lang='grc' dir='ltr'><strong><em>τὸν</em></strong></span> <span class='ocrx_word' id='word_1_116' title='bbox 1354 1030 1425 1094; x_wconf 85' lang='grc' dir='ltr'><strong><em>ἐαυ-</em></strong></span> 
     </span>
     <span class='ocr_line' id='line_1_11' title="bbox 178 1105 1426 1197; baseline 0 -20"><span class='ocrx_word' id='word_1_117' title='bbox 178 1117 259 1196; x_wconf 77' lang='grc' dir='ltr'><strong><em>ψυχῆ</em></strong></span> <span class='ocrx_word' id='word_1_118' title='bbox 285 1110 391 1176; x_wconf 80' lang='grc' dir='ltr'><strong><em>αὐτοῦ.</em></strong></span> <span class='ocrx_word' id='word_1_119' title='bbox 426 1106 487 1173; x_wconf 77' lang='grc' dir='ltr'><strong><em>2ὅὸ</em></strong></span> <span class='ocrx_word' id='word_1_120' title='bbox 513 1106 655 1193; x_wconf 81' lang='grc' dir='ltr'><strong><em>κρύπτων</em></strong></span> <span class='ocrx_word' id='word_1_121' title='bbox 672 1111 692 1171; x_wconf 85' lang='grc' dir='ltr'><strong><em>ἐ</em></strong></span> <span class='ocrx_word' id='word_1_122' title='bbox 704 1118 784 1190; x_wconf 89' lang='grc' dir='ltr'><strong><em>θραν</em></strong></span> <span class='ocrx_word' id='word_1_123' title='bbox 816 1114 871 1173; x_wconf 89' lang='grc' dir='ltr'><strong><em>τοῦ</em></strong></span> <span class='ocrx_word' id='word_1_124' title='bbox 884 1108 987 1196; x_wconf 90' lang='grc' dir='ltr'><strong><em>κῦριον</em></strong></span> <span class='ocrx_word' id='word_1_125' title='bbox 999 1106 1203 1194; x_wconf 70' lang='grc' dir='ltr'><strong><em>τιμηθήσεται.</em></strong></span> <span class='ocrx_word' id='word_1_126' title='bbox 1219 1110 1248 1151; x_wconf 76' lang='lat'><strong><em>¹⁰</em></strong></span> <span class='ocrx_word' id='word_1_127' title='bbox 1258 1105 1357 1197; x_wconf 82' lang='grc' dir='ltr'><strong><em>ὥςπερ</em></strong></span> <span class='ocrx_word' id='word_1_128' title='bbox 1371 1110 1426 1197; x_wconf 79' lang='grc' dir='ltr'><strong><em>οίη</em></strong></span> 
     </span>
     <span class='ocr_line' id='line_1_12' title="bbox 177 1135 1425 1293; baseline -0.002 -32"><span class='ocrx_word' id='word_1_129' title='bbox 177 1187 325 1277; x_wconf 91' lang='grc' dir='ltr'><strong><em>συνίστησι</em></strong></span> <span class='ocrx_word' id='word_1_130' title='bbox 348 1189 452 1269; x_wconf 88' lang='grc' dir='ltr'><strong><em>δόλον,</em></strong></span> <span class='ocrx_word' id='word_1_131' title='bbox 479 1185 653 1256; x_wconf 81' lang='grc' dir='ltr'><strong><em>ἐκκαλύπτει</em></strong></span> <span class='ocrx_word' id='word_1_132' title='bbox 679 1135 783 1265; x_wconf 75' lang='grc' dir='ltr'><strong><em>ὥέτάς</em></strong></span> <span class='ocrx_word' id='word_1_133' title='bbox 816 1187 906 1274; x_wconf 85' lang='grc' dir='ltr'><strong><em>ὥμοια</em></strong></span> <span class='ocrx_word' id='word_1_134' title='bbox 918 1187 1068 1293; x_wconf 87' lang='grc' dir='ltr'><strong><em>πρόςωπα</em></strong></span> <span class='ocrx_word' id='word_1_135' title='bbox 1077 1188 1425 1277; x_wconf 81' lang='grc' dir='ltr'><strong><em>προςῶποις,οῶτωςοῦ-</em></strong></span> 
     </span>
     <span class='ocr_line' id='line_1_13' title="bbox 176 1271 1425 1381; baseline -0.001 -38"><span class='ocrx_word' id='word_1_136' title='bbox 176 1281 287 1344; x_wconf 85' lang='grc' dir='ltr'><strong><em>ἐαυτοῦ</em></strong></span> <span class='ocrx_word' id='word_1_137' title='bbox 305 1272 453 1381; x_wconf 78' lang='grc' dir='ltr'><strong><em>ἁμαρτίας</em></strong></span> <span class='ocrx_word' id='word_1_138' title='bbox 473 1273 635 1352; x_wconf 85' lang='grc' dir='ltr'><strong><em>εῦγνωστος</em></strong></span> <span class='ocrx_word' id='word_1_139' title='bbox 653 1276 684 1337; x_wconf 88' lang='grc' dir='ltr'><strong><em>ἐν</em></strong></span> <span class='ocrx_word' id='word_1_140' title='bbox 701 1299 782 1338; x_wconf 87' lang='grc' dir='ltr'><strong><em>συνε-</em></strong></span> <span class='ocrx_word' id='word_1_141' title='bbox 815 1275 846 1339; x_wconf 80' lang='grc' dir='ltr'><strong><em>δι’</em></strong></span> <span class='ocrx_word' id='word_1_142' title='bbox 859 1279 892 1339; x_wconf 75' lang='grc' dir='ltr'><strong><em>αἱ</em></strong></span> <span class='ocrx_word' id='word_1_143' title='bbox 904 1276 1030 1341; x_wconf 89' lang='grc' dir='ltr'><strong><em>διανοιαι</em></strong></span> <span class='ocrx_word' id='word_1_144' title='bbox 1043 1279 1103 1339; x_wconf 83' lang='grc' dir='ltr'><strong><em>τιῦν</em></strong></span> <span class='ocrx_word' id='word_1_145' title='bbox 1114 1271 1297 1361; x_wconf 78' lang='grc' dir='ltr'><strong><em>ἀνθρώπων.</em></strong></span> <span class='ocrx_word' id='word_1_146' title='bbox 1312 1275 1425 1362; x_wconf 72' lang='grc' dir='ltr'><strong><em>22ᾄδης</em></strong></span> 
     </span>
     <span class='ocr_line' id='line_1_14' title="bbox 175 1355 1424 1457; baseline -0.001 -31"><span class='ocrx_word' id='word_1_147' title='bbox 175 1363 276 1446; x_wconf 87' lang='grc' dir='ltr'><strong><em>δρίοις.</em></strong></span> <span class='ocrx_word' id='word_1_148' title='bbox 300 1358 357 1425; x_wconf 73' lang='grc' dir='ltr'><strong><em>27ό</em></strong></span> <span class='ocrx_word' id='word_1_149' title='bbox 372 1356 507 1447; x_wconf 88' lang='grc' dir='ltr'><strong><em>ορῦσοων</em></strong></span> <span class='ocrx_word' id='word_1_150' title='bbox 518 1355 635 1457; x_wconf 85' lang='grc' dir='ltr'><strong><em>βόθρον</em></strong></span> <span class='ocrx_word' id='word_1_151' title='bbox 648 1361 692 1440; x_wconf 75' lang='grc' dir='ltr'><strong><em>τῷ</em></strong></span> <span class='ocrx_word' id='word_1_152' title='bbox 705 1357 782 1439; x_wconf 82' lang='grc' dir='ltr'><strong><em>πλη·</em></strong></span> <span class='ocrx_word' id='word_1_153' title='bbox 815 1360 865 1422; x_wconf 86' lang='grc' dir='ltr'><strong><em>καί</em></strong></span> <span class='ocrx_word' id='word_1_154' title='bbox 882 1357 1019 1425; x_wconf 76' lang='grc' dir='ltr'><strong><em>ἀπώλεια</em></strong></span> <span class='ocrx_word' id='word_1_155' title='bbox 1032 1355 1088 1422; x_wconf 87' lang='grc' dir='ltr'><strong><em>οῦκ</em></strong></span> <span class='ocrx_word' id='word_1_156' title='bbox 1101 1358 1338 1443; x_wconf 81' lang='grc' dir='ltr'><strong><em>ἐμπίμπλανται,</em></strong></span> <span class='ocrx_word' id='word_1_157' title='bbox 1367 1358 1424 1436; x_wconf 80' lang='grc' dir='ltr'><strong><em>ὥς·</em></strong></span> 
     </span>
     <span class='ocr_line' id='line_1_15' title="bbox 177 1436 1423 1529; baseline -0.002 -19"><span class='ocrx_word' id='word_1_158' title='bbox 177 1451 245 1510; x_wconf 90' lang='grc' dir='ltr'><strong><em>σίον</em></strong></span> <span class='ocrx_word' id='word_1_159' title='bbox 271 1447 437 1525; x_wconf 77' lang='grc' dir='ltr'><strong><em>ἐμπεσεῖται</em></strong></span> <span class='ocrx_word' id='word_1_160' title='bbox 459 1447 498 1515; x_wconf 81' lang='grc' dir='ltr'><strong><em>εἰς</em></strong></span> <span class='ocrx_word' id='word_1_161' title='bbox 516 1440 618 1506; x_wconf 83' lang='grc' dir='ltr'><strong><em>αὐτον.</em></strong></span> <span class='ocrx_word' id='word_1_162' title='bbox 642 1436 660 1505; x_wconf 86' lang='grc' dir='ltr'>ὁ</span> <span class='ocrx_word' id='word_1_163' title='bbox 679 1439 710 1505; x_wconf 85' lang='grc' dir='ltr'><strong><em>δέ</em></strong></span> <span class='ocrx_word' id='word_1_164' title='bbox 730 1467 783 1505; x_wconf 92' lang='grc' dir='ltr'><strong><em>κυ-</em></strong></span> <span class='ocrx_word' id='word_1_165' title='bbox 815 1437 914 1518; x_wconf 86' lang='grc' dir='ltr'><strong><em>αῦτως</em></strong></span> <span class='ocrx_word' id='word_1_166' title='bbox 932 1444 983 1507; x_wconf 86' lang='grc' dir='ltr'><strong><em>καὶ</em></strong></span> <span class='ocrx_word' id='word_1_167' title='bbox 1001 1446 1033 1507; x_wconf 82' lang='grc' dir='ltr'><strong><em>οί</em></strong></span> <span class='ocrx_word' id='word_1_168' title='bbox 1044 1439 1200 1524; x_wconf 75' lang='grc' dir='ltr'><strong><em>ὀφθαλμοί</em></strong></span> <span class='ocrx_word' id='word_1_169' title='bbox 1216 1446 1279 1506; x_wconf 86' lang='grc' dir='ltr'><strong><em>τῶν</em></strong></span> <span class='ocrx_word' id='word_1_170' title='bbox 1296 1440 1423 1529; x_wconf 87' lang='grc' dir='ltr'><strong><em>ἀνθριό-</em></strong></span> 
     </span>
     <span class='ocr_line' id='line_1_16' title="bbox 176 1522 1422 1612; baseline 0.002 -22"><span class='ocrx_word' id='word_1_171' title='bbox 176 1526 249 1590; x_wconf 88' lang='grc' dir='ltr'><strong><em>λίων</em></strong></span> <span class='ocrx_word' id='word_1_172' title='bbox 262 1526 351 1590; x_wconf 84' lang='grc' dir='ltr'><strong><em>λίθον</em></strong></span> <span class='ocrx_word' id='word_1_173' title='bbox 361 1523 404 1604; x_wconf 80' lang='grc' dir='ltr'><strong><em>ἐφ’</em></strong></span> <span class='ocrx_word' id='word_1_174' title='bbox 422 1522 529 1591; x_wconf 83' lang='grc' dir='ltr'><strong><em>ἐαυτὸν</em></strong></span> <span class='ocrx_word' id='word_1_175' title='bbox 542 1524 640 1588; x_wconf 92' lang='grc' dir='ltr'><strong><em>κυλίει.</em></strong></span> <span class='ocrx_word' id='word_1_176' title='bbox 654 1522 781 1600; x_wconf 61' lang='grc' dir='ltr'><strong><em>2ῧγλιῦσ·</em></strong></span> <span class='ocrx_word' id='word_1_177' title='bbox 814 1551 881 1592; x_wconf 90' lang='grc' dir='ltr'><strong><em>πων</em></strong></span> <span class='ocrx_word' id='word_1_178' title='bbox 893 1525 1051 1609; x_wconf 87' lang='grc' dir='ltr'><strong><em>ἀπληστοι.</em></strong></span> <span class='ocrx_word' id='word_1_179' title='bbox 1075 1526 1224 1612; x_wconf 81' lang='grc' dir='ltr'><strong><em>βδέλυγμα</em></strong></span> <span class='ocrx_word' id='word_1_180' title='bbox 1241 1533 1334 1611; x_wconf 86' lang='grc' dir='ltr'><strong><em>κυρίῳ</em></strong></span> <span class='ocrx_word' id='word_1_181' title='bbox 1348 1553 1422 1610; x_wconf 84' lang='grc' dir='ltr'><strong><em>στη-</em></strong></span> 
     </span>
     <span class='ocr_line' id='line_1_17' title="bbox 177 1601 1423 1691; baseline 0.001 -18"><span class='ocrx_word' id='word_1_182' title='bbox 177 1633 217 1673; x_wconf 90' lang='grc' dir='ltr'><strong><em>σα</em></strong></span> <span class='ocrx_word' id='word_1_183' title='bbox 231 1606 339 1690; x_wconf 79' lang='grc' dir='ltr'><strong><em>ψευδὴς</em></strong></span> <span class='ocrx_word' id='word_1_184' title='bbox 357 1619 436 1691; x_wconf 90' lang='grc' dir='ltr'><strong><em>μισεῖ</em></strong></span> <span class='ocrx_word' id='word_1_185' title='bbox 447 1601 608 1690; x_wconf 74' lang='grc' dir='ltr'><strong><em>ἀληθειαν,</em></strong></span> <span class='ocrx_word' id='word_1_186' title='bbox 635 1602 735 1689; x_wconf 88' lang='grc' dir='ltr'><strong><em>στόμα</em></strong></span> <span class='ocrx_word' id='word_1_187' title='bbox 749 1606 781 1672; x_wconf 86' lang='grc' dir='ltr'><strong><em>δέ</em></strong></span> <span class='ocrx_word' id='word_1_188' title='bbox 814 1613 902 1691; x_wconf 89' lang='grc' dir='ltr'><strong><em>ρίζων</em></strong></span> <span class='ocrx_word' id='word_1_189' title='bbox 924 1606 1101 1690; x_wconf 81' lang='grc' dir='ltr'><strong><em>όςθαλμόν,</em></strong></span> <span class='ocrx_word' id='word_1_190' title='bbox 1127 1613 1177 1674; x_wconf 87' lang='grc' dir='ltr'><strong><em>καί</em></strong></span> <span class='ocrx_word' id='word_1_191' title='bbox 1198 1613 1227 1673; x_wconf 82' lang='grc' dir='ltr'><strong><em>σί</em></strong></span> <span class='ocrx_word' id='word_1_192' title='bbox 1247 1607 1423 1674; x_wconf 87' lang='grc' dir='ltr'><strong><em>ἀπαίδευτοι</em></strong></span> 
     </span>
     <span class='ocr_line' id='line_1_18' title="bbox 176 1687 1421 1793; baseline 0.001 -37"><span class='ocrx_word' id='word_1_193' title='bbox 176 1689 305 1768; x_wconf 86' lang='grc' dir='ltr'><strong><em>ἀστεγον</em></strong></span> <span class='ocrx_word' id='word_1_194' title='bbox 317 1702 396 1756; x_wconf 90' lang='grc' dir='ltr'><strong><em>ποιεῖ</em></strong></span> <span class='ocrx_word' id='word_1_195' title='bbox 409 1687 644 1765; x_wconf 87' lang='grc' dir='ltr'><strong><em>ἀκαταστασίας.</em></strong></span> <span class='ocrx_word' id='word_1_196' title='bbox 814 1691 950 1772; x_wconf 88' lang='grc' dir='ltr'><strong><em>ἀκρατεῖς</em></strong></span> <span class='ocrx_word' id='word_1_197' title='bbox 960 1692 1091 1782; x_wconf 71' lang='grc' dir='ltr'><strong><em>γλώσσῃ.</em></strong></span> <span class='ocrx_word' id='word_1_198' title='bbox 1110 1695 1274 1793; x_wconf 64' lang='grc' dir='ltr'><strong><em>2ίδοκίμιον</em></strong></span> <span class='ocrx_word' id='word_1_199' title='bbox 1285 1691 1421 1778; x_wconf 87' lang='grc' dir='ltr'><strong><em>ἀργυρίῳ</em></strong></span> 
     </span>
     <span class='ocr_line' id='line_1_19' title="bbox 362 1770 1422 1861; baseline -0.001 -22"><span class='ocrx_word' id='word_1_200' title='bbox 362 1779 396 1839; x_wconf 82' lang='grc' dir='ltr'><strong><em>Κ</em></strong></span> <span class='ocrx_word' id='word_1_201' title='bbox 408 1778 485 1838; x_wconf 75' lang='grc' dir='ltr'><strong><em>ΕΦ.</em></strong></span> <span class='ocrx_word' id='word_1_202' title='bbox 528 1771 609 1839; x_wconf 78' lang='lat' dir='ltr'><em>KZ&#39;.</em></span> <span class='ocrx_word' id='word_1_203' title='bbox 814 1776 865 1839; x_wconf 89' lang='grc' dir='ltr'><strong><em>καί</em></strong></span> <span class='ocrx_word' id='word_1_204' title='bbox 877 1779 978 1861; x_wconf 74' lang='grc' dir='ltr'><strong><em>χρυσῷ</em></strong></span> <span class='ocrx_word' id='word_1_205' title='bbox 989 1770 1136 1861; x_wconf 86' lang='grc' dir='ltr'><strong><em>πῦρωσις,</em></strong></span> <span class='ocrx_word' id='word_1_206' title='bbox 1162 1775 1237 1861; x_wconf 87' lang='grc' dir='ltr'><strong><em>ἀνηρ</em></strong></span> <span class='ocrx_word' id='word_1_207' title='bbox 1249 1775 1281 1842; x_wconf 85' lang='grc' dir='ltr'><strong><em>δέ</em></strong></span> <span class='ocrx_word' id='word_1_208' title='bbox 1293 1776 1422 1856; x_wconf 83' lang='grc' dir='ltr'><strong><em>δοκιμά-</em></strong></span> 
     </span>
     <span class='ocr_line' id='line_1_20' title="bbox 175 1821 1423 1944; baseline 0.002 -23"><span class='ocrx_word' id='word_1_209' title='bbox 175 1821 367 1944; x_wconf 73' lang='grc' dir='ltr'><strong><em>Μηκαυχιῦ</em></strong></span> <span class='ocrx_word' id='word_1_210' title='bbox 381 1853 419 1922; x_wconf 86' lang='grc' dir='ltr'><strong><em>τά</em></strong></span> <span class='ocrx_word' id='word_1_211' title='bbox 433 1855 601 1942; x_wconf 85' lang='grc' dir='ltr'><strong><em>είςαῦριον,</em></strong></span> <span class='ocrx_word' id='word_1_212' title='bbox 614 1853 650 1921; x_wconf 82' lang='grc' dir='ltr'><strong><em>οῦ</em></strong></span> <span class='ocrx_word' id='word_1_213' title='bbox 664 1851 722 1939; x_wconf 88' lang='grc' dir='ltr'><strong><em>γάρ</em></strong></span> <span class='ocrx_word' id='word_1_214' title='bbox 735 1882 780 1933; x_wconf 91' lang='grc' dir='ltr'><strong><em>γι-</em></strong></span> <span class='ocrx_word' id='word_1_215' title='bbox 814 1862 891 1936; x_wconf 89' lang='grc' dir='ltr'><strong><em>ζεται</em></strong></span> <span class='ocrx_word' id='word_1_216' title='bbox 921 1859 971 1924; x_wconf 90' lang='grc' dir='ltr'><strong><em>διά</em></strong></span> <span class='ocrx_word' id='word_1_217' title='bbox 1000 1855 1150 1943; x_wconf 89' lang='grc' dir='ltr'><strong><em>στόματος</em></strong></span> <span class='ocrx_word' id='word_1_218' title='bbox 1179 1855 1423 1940; x_wconf 81' lang='grc' dir='ltr'><strong><em>ἐγκωμιαζόντων</em></strong></span> 
     </span>
     <span class='ocr_line' id='line_1_21' title="bbox 173 1937 1421 2026; baseline 0 -20"><span class='ocrx_word' id='word_1_219' title='bbox 173 1939 294 2016; x_wconf 86' lang='grc' dir='ltr'><strong><em>νῶσκεις</em></strong></span> <span class='ocrx_word' id='word_1_220' title='bbox 306 1945 337 2005; x_wconf 91' lang='grc' dir='ltr'><strong><em>τί</em></strong></span> <span class='ocrx_word' id='word_1_221' title='bbox 348 1941 459 2018; x_wconf 68' lang='grc' dir='ltr'><strong><em>τεζεται</em></strong></span> <span class='ocrx_word' id='word_1_222' title='bbox 473 1937 491 2025; x_wconf 78' lang='grc' dir='ltr'><strong><em>η</em></strong></span> <span class='ocrx_word' id='word_1_223' title='bbox 505 1943 639 2005; x_wconf 77' lang='grc' dir='ltr'><strong><em>ἐπιοῦσα.</em></strong></span> <span class='ocrx_word' id='word_1_224' title='bbox 659 1941 673 1979; x_wconf 86' lang='lat'>²</span> <span class='ocrx_word' id='word_1_225' title='bbox 687 1943 781 2015; x_wconf 87' lang='grc' dir='ltr'><strong><em>ἐγκω-</em></strong></span> <span class='ocrx_word' id='word_1_226' title='bbox 813 1937 915 2006; x_wconf 81' lang='grc' dir='ltr'><strong><em>αὐτόν.</em></strong></span> <span class='ocrx_word' id='word_1_227' title='bbox 943 1942 1050 2026; x_wconf 87' lang='grc' dir='ltr'><strong><em>καρδία</em></strong></span> <span class='ocrx_word' id='word_1_228' title='bbox 1071 1939 1185 2026; x_wconf 91' lang='grc' dir='ltr'><strong><em>ἀνόμου</em></strong></span> <span class='ocrx_word' id='word_1_229' title='bbox 1203 1945 1313 2025; x_wconf 82' lang='grc' dir='ltr'><strong><em>ἐκζητεῖ</em></strong></span> <span class='ocrx_word' id='word_1_230' title='bbox 1328 1941 1421 2022; x_wconf 84' lang='grc' dir='ltr'><strong><em>κακά,</em></strong></span> 
     </span>
     <span class='ocr_line' id='line_1_22' title="bbox 172 2018 1422 2111; baseline 0.002 -23"><span class='ocrx_word' id='word_1_231' title='bbox 172 2018 780 2108; x_wconf 80' lang='grc' dir='ltr'><strong><em>μιαζέτωσεὸπίλαςκαὶμίητόσόνστό-</em></strong></span> <span class='ocrx_word' id='word_1_232' title='bbox 813 2023 1071 2108; x_wconf 87' lang='grc' dir='ltr'><strong><em>καρδίαδέεῦθῦς</em></strong></span> <span class='ocrx_word' id='word_1_233' title='bbox 1083 2030 1164 2111; x_wconf 89' lang='grc' dir='ltr'><strong><em>ζητεῖ</em></strong></span> <span class='ocrx_word' id='word_1_234' title='bbox 1171 2030 1287 2103; x_wconf 79' lang='grc' dir='ltr'><strong><em>γνοῦσιν.</em></strong></span> <span class='ocrx_word' id='word_1_235' title='bbox 1323 2025 1355 2066; x_wconf 89' lang='grc'><strong><em>22</em></strong></span> <span class='ocrx_word' id='word_1_236' title='bbox 1367 2023 1422 2090; x_wconf 86' lang='grc' dir='ltr'><strong><em>ἐάν</em></strong></span> 
     </span>
     <span class='ocr_line' id='line_1_23' title="bbox 172 2103 1421 2211; baseline 0.002 -39"><span class='ocrx_word' id='word_1_237' title='bbox 172 2134 229 2192; x_wconf 91' lang='grc' dir='ltr'><strong><em>μα,</em></strong></span> <span class='ocrx_word' id='word_1_238' title='bbox 253 2103 413 2192; x_wconf 78' lang='grc' dir='ltr'><strong><em>ἀλλότριος</em></strong></span> <span class='ocrx_word' id='word_1_239' title='bbox 439 2109 490 2171; x_wconf 89' lang='grc' dir='ltr'><strong><em>καί</em></strong></span> <span class='ocrx_word' id='word_1_240' title='bbox 513 2103 554 2191; x_wconf 77' lang='grc' dir='ltr'><strong><em>μίη</em></strong></span> <span class='ocrx_word' id='word_1_241' title='bbox 572 2103 611 2170; x_wconf 88' lang='grc' dir='ltr'><strong><em>τά</em></strong></span> <span class='ocrx_word' id='word_1_242' title='bbox 629 2104 669 2171; x_wconf 88' lang='grc' dir='ltr'><strong><em>σά</em></strong></span> <span class='ocrx_word' id='word_1_243' title='bbox 683 2106 779 2211; x_wconf 57' lang='grc' dir='ltr'><strong><em>μείλη.</em></strong></span> <span class='ocrx_word' id='word_1_244' title='bbox 811 2121 966 2191; x_wconf 87' lang='grc' dir='ltr'><strong><em>μαστιγοῖς</em></strong></span> <span class='ocrx_word' id='word_1_245' title='bbox 983 2108 1104 2193; x_wconf 74' lang='grc' dir='ltr'><strong><em>ἀςρονα</em></strong></span> <span class='ocrx_word' id='word_1_246' title='bbox 1121 2113 1152 2175; x_wconf 83' lang='grc' dir='ltr'><strong><em>ἐν</em></strong></span> <span class='ocrx_word' id='word_1_247' title='bbox 1168 2111 1250 2194; x_wconf 83' lang='grc' dir='ltr'><strong><em>με’σῳ</em></strong></span> <span class='ocrx_word' id='word_1_248' title='bbox 1267 2109 1421 2192; x_wconf 84' lang='grc' dir='ltr'><strong><em>συνεδρίου</em></strong></span> 
     </span>
     <span class='ocr_line' id='line_1_24' title="bbox 173 2187 1460 2291; baseline 0.002 -35"><span class='ocrx_word' id='word_1_249' title='bbox 173 2189 271 2278; x_wconf 76' lang='grc' dir='ltr'><strong><em>2βαρῦ</em></strong></span> <span class='ocrx_word' id='word_1_250' title='bbox 282 2189 371 2266; x_wconf 89' lang='grc' dir='ltr'><strong><em>λίθος</em></strong></span> <span class='ocrx_word' id='word_1_251' title='bbox 383 2191 433 2256; x_wconf 90' lang='grc' dir='ltr'><strong><em>καί</em></strong></span> <span class='ocrx_word' id='word_1_252' title='bbox 442 2187 660 2276; x_wconf 86' lang='grc' dir='ltr'><strong><em>δυςβάστακτον</em></strong></span> <span class='ocrx_word' id='word_1_253' title='bbox 673 2215 780 2272; x_wconf 85' lang='grc' dir='ltr'><strong><em>αμμος,</em></strong></span> <span class='ocrx_word' id='word_1_254' title='bbox 812 2189 976 2271; x_wconf 85' lang='grc' dir='ltr'><strong><em>ἀτιμιίζων,</em></strong></span> <span class='ocrx_word' id='word_1_255' title='bbox 1001 2191 1039 2257; x_wconf 90' lang='grc' dir='ltr'><strong><em>οῦ</em></strong></span> <span class='ocrx_word' id='word_1_256' title='bbox 1051 2192 1091 2276; x_wconf 74' lang='grc' dir='ltr'><strong><em>μη</em></strong></span> <span class='ocrx_word' id='word_1_257' title='bbox 1105 2192 1241 2278; x_wconf 85' lang='grc' dir='ltr'><strong><em>περιελης</em></strong></span> <span class='ocrx_word' id='word_1_258' title='bbox 1254 2190 1309 2276; x_wconf 80' lang='grc' dir='ltr'><strong><em>την</em></strong></span> <span class='ocrx_word' id='word_1_259' title='bbox 1321 2191 1421 2291; x_wconf 81' lang='grc' dir='ltr'><strong><em>ἀςρσ-</em></strong></span> <span class='ocrx_word' id='word_1_260' title='bbox 1458 2219 1460 2233; x_wconf 89' lang='grc'><strong><em>·</em></strong></span> 
     </span>
     <span class='ocr_line' id='line_1_25' title="bbox 174 2270 1421 2373; baseline 0.002 -35"><span class='ocrx_word' id='word_1_261' title='bbox 174 2271 249 2358; x_wconf 78' lang='grc' dir='ltr'><strong><em>δργίη</em></strong></span> <span class='ocrx_word' id='word_1_262' title='bbox 268 2274 301 2340; x_wconf 86' lang='grc' dir='ltr'><strong><em>δέ</em></strong></span> <span class='ocrx_word' id='word_1_263' title='bbox 320 2272 452 2358; x_wconf 79' lang='grc' dir='ltr'><strong><em>ἀςρονος</em></strong></span> <span class='ocrx_word' id='word_1_264' title='bbox 468 2276 620 2360; x_wconf 78' lang='grc' dir='ltr'><strong><em>βαρυτέρα</em></strong></span> <span class='ocrx_word' id='word_1_265' title='bbox 646 2271 780 2354; x_wconf 74' lang='grc' dir='ltr'><strong><em>ἀμιγοτέ-</em></strong></span> <span class='ocrx_word' id='word_1_266' title='bbox 812 2273 902 2373; x_wconf 85' lang='grc' dir='ltr'><strong><em>σῦνην</em></strong></span> <span class='ocrx_word' id='word_1_267' title='bbox 919 2274 1021 2343; x_wconf 80' lang='grc' dir='ltr'><strong><em>αὐτοῦ.</em></strong></span> <span class='ocrx_word' id='word_1_268' title='bbox 1060 2278 1089 2318; x_wconf 76' lang='lat'><strong><em>²³</em></strong></span> <span class='ocrx_word' id='word_1_269' title='bbox 1102 2270 1243 2354; x_wconf 83' lang='grc' dir='ltr'><strong><em>γνωστίῦς</em></strong></span> <span class='ocrx_word' id='word_1_270' title='bbox 1268 2278 1421 2365; x_wconf 80' lang='grc' dir='ltr'><strong><em>ἐπιγνωση</em></strong></span> 
     </span>
     <span class='ocr_line' id='line_1_26' title="bbox 173 2353 1421 2463; baseline 0.002 -40"><span class='ocrx_word' id='word_1_271' title='bbox 173 2383 242 2463; x_wconf 87' lang='grc' dir='ltr'><strong><em>ρων.</em></strong></span> <span class='ocrx_word' id='word_1_272' title='bbox 285 2353 478 2461; x_wconf 73' lang='grc' dir='ltr'><strong><em>*ἀνελεημιον</em></strong></span> <span class='ocrx_word' id='word_1_273' title='bbox 502 2356 601 2439; x_wconf 85' lang='grc' dir='ltr'><strong><em>θυμὸς</em></strong></span> <span class='ocrx_word' id='word_1_274' title='bbox 623 2358 674 2421; x_wconf 88' lang='grc' dir='ltr'><strong><em>καί</em></strong></span> <span class='ocrx_word' id='word_1_275' title='bbox 699 2354 779 2433; x_wconf 83' lang='grc' dir='ltr'><strong><em>ὀξεῖα</em></strong></span> <span class='ocrx_word' id='word_1_276' title='bbox 814 2380 908 2443; x_wconf 79' lang='grc' dir='ltr'><strong><em>ψυχας</em></strong></span> <span class='ocrx_word' id='word_1_277' title='bbox 931 2365 1065 2442; x_wconf 86' lang='grc' dir='ltr'><strong><em>ποιμνίου</em></strong></span> <span class='ocrx_word' id='word_1_278' title='bbox 1085 2386 1157 2433; x_wconf 89' lang='grc' dir='ltr'><strong><em>σου,</em></strong></span> <span class='ocrx_word' id='word_1_279' title='bbox 1184 2360 1234 2424; x_wconf 92' lang='grc' dir='ltr'><strong><em>καί</em></strong></span> <span class='ocrx_word' id='word_1_280' title='bbox 1251 2356 1421 2443; x_wconf 71' lang='grc' dir='ltr'><strong><em>ἐπιστήσεις</em></strong></span> 
     </span>
     <span class='ocr_line' id='line_1_27' title="bbox 174 2436 1421 2526; baseline 0.001 -20"><span class='ocrx_word' id='word_1_281' title='bbox 174 2440 265 2526; x_wconf 80' lang='grc' dir='ltr'><strong><em>οργη,</em></strong></span> <span class='ocrx_word' id='word_1_282' title='bbox 291 2438 358 2505; x_wconf 80' lang='grc' dir='ltr'><strong><em>ἀλλ’</em></strong></span> <span class='ocrx_word' id='word_1_283' title='bbox 386 2439 473 2506; x_wconf 86' lang='grc' dir='ltr'><strong><em>ουδέν</em></strong></span> <span class='ocrx_word' id='word_1_284' title='bbox 499 2436 658 2519; x_wconf 81' lang='grc' dir='ltr'><strong><em>ῦοίσταιαι</em></strong></span> <span class='ocrx_word' id='word_1_285' title='bbox 684 2438 778 2523; x_wconf 76' lang='grc' dir='ltr'><strong><em>ζῆλος.</em></strong></span> <span class='ocrx_word' id='word_1_286' title='bbox 811 2444 934 2526; x_wconf 85' lang='grc' dir='ltr'><strong><em>καρδίαν</em></strong></span> <span class='ocrx_word' id='word_1_287' title='bbox 949 2468 1004 2509; x_wconf 91' lang='grc' dir='ltr'><strong><em>σου</em></strong></span> <span class='ocrx_word' id='word_1_288' title='bbox 1017 2455 1084 2518; x_wconf 90' lang='grc' dir='ltr'><strong><em>σαῖς</em></strong></span> <span class='ocrx_word' id='word_1_289' title='bbox 1095 2441 1221 2521; x_wconf 85' lang='grc' dir='ltr'><strong><em>ἀγελαις.</em></strong></span> <span class='ocrx_word' id='word_1_290' title='bbox 1248 2440 1297 2507; x_wconf 78' lang='grc' dir='ltr'><strong><em>ὅτι</em></strong></span> <span class='ocrx_word' id='word_1_291' title='bbox 1310 2440 1421 2519; x_wconf 85' lang='grc' dir='ltr'><strong><em>οῦκεῖς</em></strong></span> 
     </span>
     <span class='ocr_line' id='line_1_28' title="bbox 174 2522 1419 2611; baseline 0.002 -22"><span class='ocrx_word' id='word_1_292' title='bbox 174 2529 188 2572; x_wconf 72' lang='lat'>⁵</span> <span class='ocrx_word' id='word_1_293' title='bbox 202 2531 351 2610; x_wconf 89' lang='grc' dir='ltr'><strong><em>κρείσσους</em></strong></span> <span class='ocrx_word' id='word_1_294' title='bbox 369 2523 485 2608; x_wconf 83' lang='grc' dir='ltr'><strong><em>ἐλεγχοι</em></strong></span> <span class='ocrx_word' id='word_1_295' title='bbox 511 2522 778 2604; x_wconf 83' lang='grc' dir='ltr'><strong><em>ἀποκεκαλυμμίνοι</em></strong></span> <span class='ocrx_word' id='word_1_296' title='bbox 812 2523 864 2589; x_wconf 90' lang='grc' dir='ltr'><strong><em>τὸν</em></strong></span> <span class='ocrx_word' id='word_1_297' title='bbox 876 2529 972 2591; x_wconf 86' lang='grc' dir='ltr'><strong><em>αέυῦνα</em></strong></span> <span class='ocrx_word' id='word_1_298' title='bbox 982 2524 1065 2611; x_wconf 88' lang='grc' dir='ltr'><strong><em>ἀνδρί</em></strong></span> <span class='ocrx_word' id='word_1_299' title='bbox 1080 2523 1190 2610; x_wconf 87' lang='grc' dir='ltr'><strong><em>κράτος</em></strong></span> <span class='ocrx_word' id='word_1_300' title='bbox 1201 2527 1250 2590; x_wconf 86' lang='grc' dir='ltr'><strong><em>καί</em></strong></span> <span class='ocrx_word' id='word_1_301' title='bbox 1262 2523 1354 2610; x_wconf 79' lang='grc' dir='ltr'><strong><em>ἰσχῦς,</em></strong></span> <span class='ocrx_word' id='word_1_302' title='bbox 1364 2526 1419 2591; x_wconf 86' lang='grc' dir='ltr'><strong><em>σῦ-</em></strong></span> 
     </span>
     <span class='ocr_line' id='line_1_29' title="bbox 173 2600 1418 2695; baseline -0.001 -21"><span class='ocrx_word' id='word_1_303' title='bbox 173 2611 373 2692; x_wconf 84' lang='grc' dir='ltr'><strong><em>κρυπτομένης</em></strong></span> <span class='ocrx_word' id='word_1_304' title='bbox 390 2609 497 2688; x_wconf 79' lang='grc' dir='ltr'><strong><em>ηιλίας.</em></strong></span> <span class='ocrx_word' id='word_1_305' title='bbox 525 2600 779 2688; x_wconf 64' lang='grc' dir='ltr'><strong><em>ὓάξιοπιστότερά</em></strong></span> <span class='ocrx_word' id='word_1_306' title='bbox 811 2607 842 2674; x_wconf 91' lang='grc' dir='ltr'><strong><em>δέ</em></strong></span> <span class='ocrx_word' id='word_1_307' title='bbox 863 2611 1069 2695; x_wconf 89' lang='grc' dir='ltr'><strong><em>παραδίδωσιν</em></strong></span> <span class='ocrx_word' id='word_1_308' title='bbox 1086 2612 1118 2674; x_wconf 88' lang='grc' dir='ltr'><strong><em>ἐκ</em></strong></span> <span class='ocrx_word' id='word_1_309' title='bbox 1135 2614 1233 2688; x_wconf 82' lang='grc' dir='ltr'><strong><em>γενεᾶς</em></strong></span> <span class='ocrx_word' id='word_1_310' title='bbox 1250 2613 1288 2685; x_wconf 90' lang='grc' dir='ltr'><strong><em>είς</em></strong></span> <span class='ocrx_word' id='word_1_311' title='bbox 1305 2605 1418 2687; x_wconf 84' lang='grc' dir='ltr'><strong><em>γενεάν.</em></strong></span> 
     </span>
     <span class='ocr_line' id='line_1_30' title="bbox 173 2683 1419 2776; baseline 0 -20"><span class='ocrx_word' id='word_1_312' title='bbox 173 2696 235 2757; x_wconf 88' lang='grc' dir='ltr'><strong><em>ἐστι</em></strong></span> <span class='ocrx_word' id='word_1_313' title='bbox 250 2688 406 2773; x_wconf 76' lang='grc' dir='ltr'><strong><em>τραύματα</em></strong></span> <span class='ocrx_word' id='word_1_314' title='bbox 419 2691 520 2770; x_wconf 71' lang='grc' dir='ltr'><strong><em>φίλου,</em></strong></span> <span class='ocrx_word' id='word_1_315' title='bbox 534 2683 680 2774; x_wconf 75' lang='grc' dir='ltr'><strong><em>ἧίκοάσια</em></strong></span> <span class='ocrx_word' id='word_1_316' title='bbox 693 2684 775 2772; x_wconf 75' lang='grc' dir='ltr'><strong><em>ᾳιλη-</em></strong></span> <span class='ocrx_word' id='word_1_317' title='bbox 811 2694 842 2733; x_wconf 71' lang='grc'><strong><em>2*</em></strong></span> <span class='ocrx_word' id='word_1_318' title='bbox 854 2692 991 2776; x_wconf 79' lang='grc' dir='ltr'><strong><em>ἐπιμελοῦ</em></strong></span> <span class='ocrx_word' id='word_1_319' title='bbox 1005 2698 1064 2758; x_wconf 80' lang='grc' dir='ltr'><strong><em>των</em></strong></span> <span class='ocrx_word' id='word_1_320' title='bbox 1076 2695 1108 2758; x_wconf 83' lang='grc' dir='ltr'><strong><em>ἐν</em></strong></span> <span class='ocrx_word' id='word_1_321' title='bbox 1121 2697 1164 2776; x_wconf 79' lang='grc' dir='ltr'><strong><em>τῴ</em></strong></span> <span class='ocrx_word' id='word_1_322' title='bbox 1177 2694 1268 2775; x_wconf 86' lang='grc' dir='ltr'><strong><em>πεδίῳ</em></strong></span> <span class='ocrx_word' id='word_1_323' title='bbox 1280 2693 1419 2776; x_wconf 78' lang='grc' dir='ltr'><strong><em>χλωρῶν,</em></strong></span> 
     </span>
     <span class='ocr_line' id='line_1_31' title="bbox 174 2770 1418 2864; baseline -0.001 -25"><span class='ocrx_word' id='word_1_324' title='bbox 174 2800 254 2860; x_wconf 90' lang='grc' dir='ltr'><strong><em>ματα</em></strong></span> <span class='ocrx_word' id='word_1_325' title='bbox 267 2778 387 2859; x_wconf 83' lang='grc' dir='ltr'><strong><em>ἐχθροῦ.</em></strong></span> <span class='ocrx_word' id='word_1_326' title='bbox 402 2774 503 2858; x_wconf 75' lang='grc' dir='ltr'><strong><em>7ιμυχη</em></strong></span> <span class='ocrx_word' id='word_1_327' title='bbox 515 2777 545 2837; x_wconf 88' lang='grc' dir='ltr'><strong><em>ἐν·</em></strong></span> <span class='ocrx_word' id='word_1_328' title='bbox 558 2773 711 2864; x_wconf 71' lang='grc' dir='ltr'><strong><em>πλησμονῇ</em></strong></span> <span class='ocrx_word' id='word_1_329' title='bbox 725 2773 778 2837; x_wconf 85' lang='grc' dir='ltr'><strong><em>οῦ·</em></strong></span> <span class='ocrx_word' id='word_1_330' title='bbox 810 2777 861 2839; x_wconf 88' lang='grc' dir='ltr'><strong><em>καί</em></strong></span> <span class='ocrx_word' id='word_1_331' title='bbox 880 2788 969 2859; x_wconf 89' lang='grc' dir='ltr'><strong><em>κερεῖς</em></strong></span> <span class='ocrx_word' id='word_1_332' title='bbox 986 2774 1082 2851; x_wconf 89' lang='grc' dir='ltr'><strong><em>πόαν,</em></strong></span> <span class='ocrx_word' id='word_1_333' title='bbox 1107 2778 1157 2840; x_wconf 87' lang='grc' dir='ltr'><strong><em>καί</em></strong></span> <span class='ocrx_word' id='word_1_334' title='bbox 1177 2770 1283 2852; x_wconf 86' lang='grc' dir='ltr'><strong><em>σῦναγε</em></strong></span> <span class='ocrx_word' id='word_1_335' title='bbox 1305 2774 1418 2858; x_wconf 82' lang='grc' dir='ltr'><strong><em>χόρτον</em></strong></span> 
     </span>
     <span class='ocr_line' id='line_1_32' title="bbox 173 2854 1416 2947; baseline -0.001 -26"><span class='ocrx_word' id='word_1_336' title='bbox 173 2883 214 2921; x_wconf 91' lang='grc' dir='ltr'><strong><em>σα</em></strong></span> <span class='ocrx_word' id='word_1_337' title='bbox 227 2861 338 2940; x_wconf 87' lang='grc' dir='ltr'><strong><em>κηρίοις</em></strong></span> <span class='ocrx_word' id='word_1_338' title='bbox 347 2860 486 2938; x_wconf 79' lang='grc' dir='ltr'><strong><em>ἐμπαίζει,</em></strong></span> <span class='ocrx_word' id='word_1_339' title='bbox 501 2860 580 2947; x_wconf 75' lang='grc' dir='ltr'><strong><em>ηιυχη</em></strong></span> <span class='ocrx_word' id='word_1_340' title='bbox 591 2857 621 2920; x_wconf 82' lang='grc' dir='ltr'><strong><em>δέ</em></strong></span> <span class='ocrx_word' id='word_1_341' title='bbox 634 2856 778 2920; x_wconf 84' lang='grc' dir='ltr'><strong><em>ἐνδεεῖκαί</em></strong></span> <span class='ocrx_word' id='word_1_342' title='bbox 811 2856 937 2942; x_wconf 83' lang='grc' dir='ltr'><strong><em>ὀρεινόν,</em></strong></span> <span class='ocrx_word' id='word_1_343' title='bbox 962 2864 1011 2922; x_wconf 77' lang='grc' dir='ltr'><strong><em>ἵνα</em></strong></span> <span class='ocrx_word' id='word_1_344' title='bbox 1023 2863 1088 2946; x_wconf 80' lang='grc' dir='ltr'><strong><em>ἐχης</em></strong></span> <span class='ocrx_word' id='word_1_345' title='bbox 1101 2854 1241 2943; x_wconf 91' lang='grc' dir='ltr'><strong><em>πρόβατα</em></strong></span> <span class='ocrx_word' id='word_1_346' title='bbox 1257 2861 1296 2931; x_wconf 86' lang='grc' dir='ltr'><strong><em>είς</em></strong></span> <span class='ocrx_word' id='word_1_347' title='bbox 1315 2861 1416 2938; x_wconf 90' lang='grc' dir='ltr'><strong><em>ίματι-</em></strong></span> 
     </span>
     <span class='ocr_line' id='line_1_33' title="bbox 172 2929 1416 3023; baseline -0.003 -19"><span class='ocrx_word' id='word_1_348' title='bbox 172 2937 211 3004; x_wconf 89' lang='grc' dir='ltr'><strong><em>τά</em></strong></span> <span class='ocrx_word' id='word_1_349' title='bbox 237 2939 328 3022; x_wconf 86' lang='grc' dir='ltr'><strong><em>πικρά</em></strong></span> <span class='ocrx_word' id='word_1_350' title='bbox 353 2939 461 3016; x_wconf 90' lang='grc' dir='ltr'><strong><em>γλυκεά</em></strong></span> <span class='ocrx_word' id='word_1_351' title='bbox 482 2945 623 3018; x_wconf 72' lang='grc' dir='ltr'><strong><em>φαίνεται.</em></strong></span> <span class='ocrx_word' id='word_1_352' title='bbox 653 2935 777 3023; x_wconf 72' lang='grc' dir='ltr'><strong><em>2ὥςπερ</em></strong></span> <span class='ocrx_word' id='word_1_353' title='bbox 811 2937 893 3023; x_wconf 91' lang='grc' dir='ltr'><strong><em>σμόν.</em></strong></span> <span class='ocrx_word' id='word_1_354' title='bbox 920 2947 989 3022; x_wconf 91' lang='grc' dir='ltr'><strong><em>τίμα</em></strong></span> <span class='ocrx_word' id='word_1_355' title='bbox 1000 2944 1110 3014; x_wconf 88' lang='grc' dir='ltr'><strong><em>πεδίον,</em></strong></span> <span class='ocrx_word' id='word_1_356' title='bbox 1128 2946 1176 3003; x_wconf 85' lang='grc' dir='ltr'><strong><em>ἰ’να</em></strong></span> <span class='ocrx_word' id='word_1_357' title='bbox 1191 2929 1250 3003; x_wconf 84' lang='grc' dir='ltr'><strong><em>ὥσί</em></strong></span> <span class='ocrx_word' id='word_1_358' title='bbox 1259 2965 1305 3003; x_wconf 93' lang='grc' dir='ltr'><strong><em>σοι</em></strong></span> <span class='ocrx_word' id='word_1_359' title='bbox 1319 2939 1416 3020; x_wconf 85' lang='grc' dir='ltr'><strong><em>ἀρνες.</em></strong></span> 
     </span>
     <span class='ocr_line' id='line_1_34' title="bbox 173 3017 1417 3114; baseline -0.004 -25"><span class='ocrx_word' id='word_1_360' title='bbox 173 3021 356 3105; x_wconf 81' lang='grc' dir='ltr'><strong><em>ότανόρνεον</em></strong></span> <span class='ocrx_word' id='word_1_361' title='bbox 369 3027 585 3114; x_wconf 68' lang='grc' dir='ltr'><strong><em>καταπετασθῂ</em></strong></span> <span class='ocrx_word' id='word_1_362' title='bbox 599 3026 631 3087; x_wconf 91' lang='grc' dir='ltr'><strong><em>ἐκ</em></strong></span> <span class='ocrx_word' id='word_1_363' title='bbox 641 3027 693 3106; x_wconf 75' lang='grc' dir='ltr'><strong><em>τῆς</em></strong></span> <span class='ocrx_word' id='word_1_364' title='bbox 703 3023 779 3097; x_wconf 87' lang='grc' dir='ltr'><strong><em>ἐδίας</em></strong></span> <span class='ocrx_word' id='word_1_365' title='bbox 809 3025 838 3066; x_wconf 81' lang='lat'><strong><em>²⁵</em></strong></span> <span class='ocrx_word' id='word_1_366' title='bbox 853 3023 897 3087; x_wconf 81' lang='grc' dir='ltr'><strong><em>υίέ</em></strong></span> <span class='ocrx_word' id='word_1_367' title='bbox 914 3023 985 3106; x_wconf 80' lang='grc' dir='ltr'><strong><em>παρ’</em></strong></span> <span class='ocrx_word' id='word_1_368' title='bbox 1006 3025 1080 3105; x_wconf 88' lang='grc' dir='ltr'><strong><em>ἐμοῦ</em></strong></span> <span class='ocrx_word' id='word_1_369' title='bbox 1096 3026 1165 3105; x_wconf 84' lang='grc' dir='ltr'><strong><em>ε”χεις</em></strong></span> <span class='ocrx_word' id='word_1_370' title='bbox 1182 3017 1277 3101; x_wconf 79' lang='grc' dir='ltr'><strong><em>ῥησεις</em></strong></span> <span class='ocrx_word' id='word_1_371' title='bbox 1294 3021 1417 3103; x_wconf 78' lang='grc' dir='ltr'><strong><em>ἰσχυράς</em></strong></span> 
     </span>
     <span class='ocr_line' id='line_1_35' title="bbox 173 3099 1416 3202; baseline -0.006 -31"><span class='ocrx_word' id='word_1_372' title='bbox 173 3110 308 3181; x_wconf 85' lang='grc' dir='ltr'><strong><em>νοσσιᾶς,</em></strong></span> <span class='ocrx_word' id='word_1_373' title='bbox 331 3103 427 3181; x_wconf 87' lang='grc' dir='ltr'><strong><em>οῦτως</em></strong></span> <span class='ocrx_word' id='word_1_374' title='bbox 439 3105 606 3189; x_wconf 78' lang='grc' dir='ltr'><strong><em>ὥνθρωπος</em></strong></span> <span class='ocrx_word' id='word_1_375' title='bbox 618 3105 778 3170; x_wconf 88' lang='grc' dir='ltr'><strong><em>δουλοῦται</em></strong></span> <span class='ocrx_word' id='word_1_376' title='bbox 808 3110 848 3180; x_wconf 81' lang='grc' dir='ltr'><strong><em>εἷς</em></strong></span> <span class='ocrx_word' id='word_1_377' title='bbox 863 3103 916 3188; x_wconf 79' lang='grc' dir='ltr'><strong><em>την</em></strong></span> <span class='ocrx_word' id='word_1_378' title='bbox 940 3101 1018 3202; x_wconf 75' lang='grc' dir='ltr'><strong><em>ζωην</em></strong></span> <span class='ocrx_word' id='word_1_379' title='bbox 1041 3130 1109 3180; x_wconf 90' lang='grc' dir='ltr'><strong><em>σου,</em></strong></span> <span class='ocrx_word' id='word_1_380' title='bbox 1134 3106 1184 3167; x_wconf 87' lang='grc' dir='ltr'><strong><em>καὶ</em></strong></span> <span class='ocrx_word' id='word_1_381' title='bbox 1208 3106 1246 3177; x_wconf 86' lang='grc' dir='ltr'><strong><em>είς</em></strong></span> <span class='ocrx_word' id='word_1_382' title='bbox 1264 3099 1317 3184; x_wconf 80' lang='grc' dir='ltr'><strong><em>την</em></strong></span> <span class='ocrx_word' id='word_1_383' title='bbox 1335 3102 1416 3185; x_wconf 78' lang='grc' dir='ltr'><strong><em>ζωην</em></strong></span> 
     </span>
     <span class='ocr_line' id='line_1_36' title="bbox 173 3185 1085 3282; baseline -0.004 -29"><span class='ocrx_word' id='word_1_384' title='bbox 173 3186 249 3254; x_wconf 80' lang='grc' dir='ltr'><strong><em>όταν</em></strong></span> <span class='ocrx_word' id='word_1_385' title='bbox 262 3186 441 3282; x_wconf 68' lang='grc' dir='ltr'><strong><em>ἀποξενωθη·</em></strong></span> <span class='ocrx_word' id='word_1_386' title='bbox 454 3192 486 3252; x_wconf 91' lang='grc' dir='ltr'><strong><em>ἐκ</em></strong></span> <span class='ocrx_word' id='word_1_387' title='bbox 500 3193 559 3253; x_wconf 84' lang='grc' dir='ltr'><strong><em>τών</em></strong></span> <span class='ocrx_word' id='word_1_388' title='bbox 575 3192 656 3254; x_wconf 88' lang='grc' dir='ltr'><strong><em>ίδίων</em></strong></span> <span class='ocrx_word' id='word_1_389' title='bbox 666 3185 776 3254; x_wconf 86' lang='grc' dir='ltr'><strong><em>τόπων.</em></strong></span> <span class='ocrx_word' id='word_1_390' title='bbox 808 3191 869 3252; x_wconf 82' lang='grc' dir='ltr'><strong><em>σών</em></strong></span> <span class='ocrx_word' id='word_1_391' title='bbox 882 3197 1085 3272; x_wconf 89' lang='grc' dir='ltr'><strong><em>θεραποντων.</em></strong></span> 
     </span>
     <span class='ocr_line' id='line_1_37' title="bbox 174 3263 1244 3358; baseline -0.006 -21"><span class='ocrx_word' id='word_1_392' title='bbox 174 3270 305 3358; x_wconf 71' lang='grc' dir='ltr'><strong><em>9μύροις</em></strong></span> <span class='ocrx_word' id='word_1_393' title='bbox 334 3274 384 3337; x_wconf 90' lang='grc' dir='ltr'><strong><em>καί</em></strong></span> <span class='ocrx_word' id='word_1_394' title='bbox 415 3275 504 3347; x_wconf 86' lang='grc' dir='ltr'><strong><em>οίνοις</em></strong></span> <span class='ocrx_word' id='word_1_395' title='bbox 532 3273 583 3336; x_wconf 88' lang='grc' dir='ltr'><strong><em>καί</em></strong></span> <span class='ocrx_word' id='word_1_396' title='bbox 610 3270 776 3355; x_wconf 76' lang='grc' dir='ltr'><strong><em>θυμιάμασι</em></strong></span> <span class='ocrx_word' id='word_1_397' title='bbox 881 3299 883 3302; x_wconf 51' lang='lat'><strong>⁴</strong></span> <span class='ocrx_word' id='word_1_398' title='bbox 987 3277 1019 3334; x_wconf 84' lang='grc' dir='ltr'><em>Κ</em></span> <span class='ocrx_word' id='word_1_399' title='bbox 1033 3275 1112 3334; x_wconf 76' lang='grc' dir='ltr'><strong><em>ΕΦ.</em></strong></span> <span class='ocrx_word' id='word_1_400' title='bbox 1156 3263 1244 3332; x_wconf 77' lang='lat' dir='ltr'><em>KH&#39;.</em></span> 
     </span>
     <span class='ocr_line' id='line_1_38' title="bbox 171 3324 1417 3441; baseline -0.004 -19"><span class='ocrx_word' id='word_1_401' title='bbox 171 3360 310 3441; x_wconf 81' lang='grc' dir='ltr'><strong><em>τέρπεται</em></strong></span> <span class='ocrx_word' id='word_1_402' title='bbox 335 3357 458 3440; x_wconf 86' lang='grc' dir='ltr'><strong><em>καρδία,</em></strong></span> <span class='ocrx_word' id='word_1_403' title='bbox 485 3352 720 3440; x_wconf 69' lang='grc' dir='ltr'><strong><em>καταρρήγνυται</em></strong></span> <span class='ocrx_word' id='word_1_404' title='bbox 744 3351 775 3418; x_wconf 86' lang='grc' dir='ltr'><strong><em>δέ</em></strong></span> <span class='ocrx_word' id='word_1_405' title='bbox 811 3324 935 3431; x_wconf 80' lang='grc' dir='ltr'><strong><em>Φεῦγει</em></strong></span> <span class='ocrx_word' id='word_1_406' title='bbox 960 3351 1068 3440; x_wconf 70' lang='grc' dir='ltr'><strong><em>ἀσεβὴς</em></strong></span> <span class='ocrx_word' id='word_1_407' title='bbox 1096 3352 1217 3437; x_wconf 89' lang='grc' dir='ltr'><strong><em>μηδενὸς</em></strong></span> <span class='ocrx_word' id='word_1_408' title='bbox 1241 3346 1417 3429; x_wconf 85' lang='grc' dir='ltr'><strong><em>διιάκοντος,</em></strong></span> 
     </span>
     <span class='ocr_line' id='line_1_39' title="bbox 174 3434 1415 3526; baseline -0.005 -20"><span class='ocrx_word' id='word_1_409' title='bbox 174 3437 233 3507; x_wconf 78' lang='grc' dir='ltr'><strong><em>ἀπὸ</em></strong></span> <span class='ocrx_word' id='word_1_410' title='bbox 245 3436 472 3526; x_wconf 78' lang='grc' dir='ltr'><strong><em>συμπτωμάτων</em></strong></span> <span class='ocrx_word' id='word_1_411' title='bbox 486 3437 572 3525; x_wconf 80' lang='grc' dir='ltr'><strong><em>ψυχη.</em></strong></span> <span class='ocrx_word' id='word_1_412' title='bbox 589 3439 713 3519; x_wconf 73' lang='grc' dir='ltr'><strong><em>22ᾳῶον</em></strong></span> <span class='ocrx_word' id='word_1_413' title='bbox 724 3434 777 3503; x_wconf 88' lang='grc' dir='ltr'><strong><em>σόν</em></strong></span> <span class='ocrx_word' id='word_1_414' title='bbox 809 3440 919 3513; x_wconf 86' lang='grc' dir='ltr'><strong><em>δίκαιος</em></strong></span> <span class='ocrx_word' id='word_1_415' title='bbox 935 3436 967 3502; x_wconf 83' lang='grc' dir='ltr'><strong><em>δέ</em></strong></span> <span class='ocrx_word' id='word_1_416' title='bbox 984 3437 1081 3521; x_wconf 84' lang='grc' dir='ltr'><strong><em>ὥςπερ</em></strong></span> <span class='ocrx_word' id='word_1_417' title='bbox 1100 3438 1175 3500; x_wconf 86' lang='grc' dir='ltr'><strong><em>λε’ων</em></strong></span> <span class='ocrx_word' id='word_1_418' title='bbox 1186 3439 1324 3500; x_wconf 74' lang='grc' dir='ltr'><strong><em>πέποιθε.</em></strong></span> <span class='ocrx_word' id='word_1_419' title='bbox 1350 3438 1364 3476; x_wconf 88' lang='grc'><strong>2</strong></span> <span class='ocrx_word' id='word_1_420' title='bbox 1378 3438 1415 3502; x_wconf 87' lang='grc' dir='ltr'><strong><em>δι’</em></strong></span> 
     </span>
     <span class='ocr_line' id='line_1_40' title="bbox 172 3520 1415 3610; baseline -0.006 -21"><span class='ocrx_word' id='word_1_421' title='bbox 172 3523 191 3608; x_wconf 78' lang='grc' dir='ltr'><em>ἢ</em></span> <span class='ocrx_word' id='word_1_422' title='bbox 205 3525 293 3603; x_wconf 73' lang='grc' dir='ltr'><strong><em>φίλον</em></strong></span> <span class='ocrx_word' id='word_1_423' title='bbox 306 3530 450 3610; x_wconf 78' lang='grc' dir='ltr'><strong><em>πατρῷον</em></strong></span> <span class='ocrx_word' id='word_1_424' title='bbox 462 3524 502 3607; x_wconf 82' lang='grc' dir='ltr'><strong><em>μη</em></strong></span> <span class='ocrx_word' id='word_1_425' title='bbox 515 3525 724 3606; x_wconf 84' lang='grc' dir='ltr'><strong><em>ἐγκαταλίπης,</em></strong></span> <span class='ocrx_word' id='word_1_426' title='bbox 739 3525 778 3596; x_wconf 84' lang='grc' dir='ltr'><strong><em>είς</em></strong></span> <span class='ocrx_word' id='word_1_427' title='bbox 810 3520 954 3606; x_wconf 77' lang='grc' dir='ltr'><strong><em>ἁμαρτίας</em></strong></span> <span class='ocrx_word' id='word_1_428' title='bbox 978 3521 1091 3607; x_wconf 78' lang='grc' dir='ltr'><strong><em>ἀσεβῶν</em></strong></span> <span class='ocrx_word' id='word_1_429' title='bbox 1116 3525 1220 3604; x_wconf 91' lang='grc' dir='ltr'><strong><em>κρίσεις</em></strong></span> <span class='ocrx_word' id='word_1_430' title='bbox 1244 3522 1415 3603; x_wconf 89' lang='grc' dir='ltr'><strong><em>ἐγείρονται,</em></strong></span> 
     </span>
     <span class='ocr_line' id='line_1_41' title="bbox 172 3597 1415 3690; baseline -0.004 -18"><span class='ocrx_word' id='word_1_431' title='bbox 172 3607 203 3672; x_wconf 84' lang='grc' dir='ltr'><strong><em>δέ</em></strong></span> <span class='ocrx_word' id='word_1_432' title='bbox 218 3607 271 3672; x_wconf 85' lang='grc' dir='ltr'><strong><em>τόν</em></strong></span> <span class='ocrx_word' id='word_1_433' title='bbox 284 3607 367 3672; x_wconf 84' lang='grc' dir='ltr'><strong><em>οίκον</em></strong></span> <span class='ocrx_word' id='word_1_434' title='bbox 387 3611 441 3672; x_wconf 89' lang='grc' dir='ltr'><strong><em>τοῦ</em></strong></span> <span class='ocrx_word' id='word_1_435' title='bbox 454 3607 585 3688; x_wconf 82' lang='grc' dir='ltr'><strong><em>ἀδεληοῦ</em></strong></span> <span class='ocrx_word' id='word_1_436' title='bbox 604 3633 657 3671; x_wconf 92' lang='grc' dir='ltr'><strong><em>σου</em></strong></span> <span class='ocrx_word' id='word_1_437' title='bbox 669 3597 711 3689; x_wconf 78' lang='grc' dir='ltr'><strong><em>μη</em></strong></span> <span class='ocrx_word' id='word_1_438' title='bbox 723 3610 778 3680; x_wconf 85' lang='grc' dir='ltr'><strong><em>είς·</em></strong></span> <span class='ocrx_word' id='word_1_439' title='bbox 810 3606 886 3690; x_wconf 80' lang='grc' dir='ltr'><strong><em>ἀνηρ</em></strong></span> <span class='ocrx_word' id='word_1_440' title='bbox 910 3604 943 3671; x_wconf 79' lang='grc' dir='ltr'><strong><em>δὲ</em></strong></span> <span class='ocrx_word' id='word_1_441' title='bbox 965 3611 1135 3690; x_wconf 88' lang='grc' dir='ltr'><strong><em>πανοῦργος</em></strong></span> <span class='ocrx_word' id='word_1_442' title='bbox 1158 3606 1332 3688; x_wconf 77' lang='grc' dir='ltr'><strong><em>κατασβέσει</em></strong></span> <span class='ocrx_word' id='word_1_443' title='bbox 1357 3602 1415 3667; x_wconf 88' lang='grc' dir='ltr'><strong><em>αῦ-</em></strong></span> 
     </span>
     <span class='ocr_line' id='line_1_42' title="bbox 171 3685 1419 3774; baseline -0.002 -22"><span class='ocrx_word' id='word_1_444' title='bbox 171 3687 230 3753; x_wconf 86' lang='grc' dir='ltr'><strong><em>ελθ</em></strong></span> <span class='ocrx_word' id='word_1_445' title='bbox 250 3689 401 3774; x_wconf 84' lang='grc' dir='ltr'><strong><em>ςάτυχων.</em></strong></span> <span class='ocrx_word' id='word_1_446' title='bbox 426 3696 567 3773; x_wconf 88' lang='grc' dir='ltr'><strong><em>κρείσσων</em></strong></span> <span class='ocrx_word' id='word_1_447' title='bbox 580 3690 667 3769; x_wconf 76' lang='grc' dir='ltr'><strong><em>ιγιλος</em></strong></span> <span class='ocrx_word' id='word_1_448' title='bbox 681 3688 776 3766; x_wconf 82' lang='grc' dir='ltr'><strong><em>ἐγγὺς,</em></strong></span> <span class='ocrx_word' id='word_1_449' title='bbox 810 3685 873 3764; x_wconf 91' lang='grc' dir='ltr'><strong><em>τάς.</em></strong></span> <span class='ocrx_word' id='word_1_450' title='bbox 883 3687 1036 3774; x_wconf 73' lang='grc' dir='ltr'><strong><em>3ἀνδρεῖος</em></strong></span> <span class='ocrx_word' id='word_1_451' title='bbox 1046 3694 1077 3755; x_wconf 88' lang='grc' dir='ltr'><strong><em>ἐν</em></strong></span> <span class='ocrx_word' id='word_1_452' title='bbox 1087 3686 1228 3773; x_wconf 85' lang='grc' dir='ltr'><strong><em>ἀσεβείαις</em></strong></span> <span class='ocrx_word' id='word_1_453' title='bbox 1238 3696 1419 3763; x_wconf 81' lang='grc' dir='ltr'><strong><em>συκοηαντεῖ</em></strong></span> 
     </span>
     <span class='ocr_line' id='line_1_43' title="bbox 171 3718 1416 3858; baseline -0.002 -23"><span class='ocrx_word' id='word_1_454' title='bbox 171 3769 190 3854; x_wconf 81' lang='grc' dir='ltr'><strong><em>ἦ</em></strong></span> <span class='ocrx_word' id='word_1_455' title='bbox 204 3718 333 3852; x_wconf 78' lang='grc' dir='ltr'><strong><em>ἀῶελφός</em></strong></span> <span class='ocrx_word' id='word_1_456' title='bbox 345 3771 462 3857; x_wconf 83' lang='grc' dir='ltr'><strong><em>μακράν</em></strong></span> <span class='ocrx_word' id='word_1_457' title='bbox 473 3778 569 3838; x_wconf 85' lang='grc' dir='ltr'><strong><em>οίκών.</em></strong></span> <span class='ocrx_word' id='word_1_458' title='bbox 591 3778 612 3814; x_wconf 83' lang='lat'><strong><em>¹¹</em></strong></span> <span class='ocrx_word' id='word_1_459' title='bbox 624 3769 718 3853; x_wconf 86' lang='grc' dir='ltr'><strong><em>σοηός</em></strong></span> <span class='ocrx_word' id='word_1_460' title='bbox 729 3776 778 3850; x_wconf 88' lang='grc' dir='ltr'><strong><em>γί-</em></strong></span> <span class='ocrx_word' id='word_1_461' title='bbox 810 3772 956 3858; x_wconf 76' lang='grc' dir='ltr'><strong><em>πτωχούς.</em></strong></span> <span class='ocrx_word' id='word_1_462' title='bbox 967 3772 1061 3857; x_wconf 87' lang='grc' dir='ltr'><strong><em>ὥςπερ</em></strong></span> <span class='ocrx_word' id='word_1_463' title='bbox 1073 3769 1268 3856; x_wconf 85' lang='grc' dir='ltr'><strong><em>ῦετὸςλάβρος</em></strong></span> <span class='ocrx_word' id='word_1_464' title='bbox 1277 3769 1328 3831; x_wconf 84' lang='grc' dir='ltr'><strong><em>καὶ</em></strong></span> <span class='ocrx_word' id='word_1_465' title='bbox 1337 3767 1416 3832; x_wconf 89' lang='grc' dir='ltr'><strong><em>ἀνω·</em></strong></span> 
     </span>
     <span class='ocr_line' id='line_1_44' title="bbox 172 3850 1416 3940; baseline -0.002 -23"><span class='ocrx_word' id='word_1_466' title='bbox 172 3878 222 3918; x_wconf 90' lang='grc' dir='ltr'><strong><em>νου</em></strong></span> <span class='ocrx_word' id='word_1_467' title='bbox 238 3855 295 3929; x_wconf 85' lang='grc' dir='ltr'><strong><em>υίέ,</em></strong></span> <span class='ocrx_word' id='word_1_468' title='bbox 320 3862 371 3920; x_wconf 83' lang='grc' dir='ltr'><strong><em>ἰ’να</em></strong></span> <span class='ocrx_word' id='word_1_469' title='bbox 390 3882 445 3921; x_wconf 89' lang='grc' dir='ltr'><strong><em>σου</em></strong></span> <span class='ocrx_word' id='word_1_470' title='bbox 458 3855 652 3940; x_wconf 80' lang='grc' dir='ltr'><strong><em>εάηραίνηται</em></strong></span> <span class='ocrx_word' id='word_1_471' title='bbox 672 3852 778 3938; x_wconf 78' lang='grc' dir='ltr'><strong><em>ηκαρ·</em></strong></span> <span class='ocrx_word' id='word_1_472' title='bbox 810 3856 913 3940; x_wconf 81' lang='grc' dir='ltr'><strong><em>ηελίης,</em></strong></span> <span class='ocrx_word' id='word_1_473' title='bbox 952 3854 1080 3930; x_wconf 74' lang='grc' dir='ltr'><strong><em>4οίίτως</em></strong></span> <span class='ocrx_word' id='word_1_474' title='bbox 1105 3858 1135 3919; x_wconf 84' lang='grc' dir='ltr'><strong><em>οί</em></strong></span> <span class='ocrx_word' id='word_1_475' title='bbox 1160 3850 1416 3931; x_wconf 79' lang='grc' dir='ltr'><strong><em>ἐγκαταλείποντες</em></strong></span> 
     </span>
     <span class='ocr_line' id='line_1_45' title="bbox 172 3933 1417 4022; baseline -0.002 -21"><span class='ocrx_word' id='word_1_476' title='bbox 172 3938 232 4014; x_wconf 92' lang='grc' dir='ltr'><strong><em>δία,</em></strong></span> <span class='ocrx_word' id='word_1_477' title='bbox 246 3940 297 4003; x_wconf 88' lang='grc' dir='ltr'><strong><em>καί</em></strong></span> <span class='ocrx_word' id='word_1_478' title='bbox 310 3936 506 4022; x_wconf 77' lang='grc' dir='ltr'><strong><em>ἀπόστρεψον</em></strong></span> <span class='ocrx_word' id='word_1_479' title='bbox 520 3938 583 4003; x_wconf 88' lang='grc' dir='ltr'><strong><em>ἀπὸ</em></strong></span> <span class='ocrx_word' id='word_1_480' title='bbox 598 3942 655 4003; x_wconf 93' lang='grc' dir='ltr'><strong><em>σοῦ</em></strong></span> <span class='ocrx_word' id='word_1_481' title='bbox 666 3941 777 4002; x_wconf 91' lang='grc' dir='ltr'><strong><em>ἐπονει-</em></strong></span> <span class='ocrx_word' id='word_1_482' title='bbox 811 3937 863 4004; x_wconf 87' lang='grc' dir='ltr'><strong><em>τόν</em></strong></span> <span class='ocrx_word' id='word_1_483' title='bbox 877 3936 966 4021; x_wconf 92' lang='grc' dir='ltr'><strong><em>νόμον</em></strong></span> <span class='ocrx_word' id='word_1_484' title='bbox 978 3935 1201 4019; x_wconf 78' lang='grc' dir='ltr'><strong><em>ἐγκωμιάζουσιν</em></strong></span> <span class='ocrx_word' id='word_1_485' title='bbox 1215 3933 1366 4020; x_wconf 86' lang='grc' dir='ltr'><strong><em>ἀσεβειαν,</em></strong></span> <span class='ocrx_word' id='word_1_486' title='bbox 1386 3939 1417 3999; x_wconf 84' lang='grc' dir='ltr'><strong><em>οί</em></strong></span> 
     </span>
     <span class='ocr_line' id='line_1_46' title="bbox 173 4014 1416 4121; baseline -0.003 -36"><span class='ocrx_word' id='word_1_487' title='bbox 173 4023 287 4095; x_wconf 91' lang='grc' dir='ltr'><strong><em>δίστους</em></strong></span> <span class='ocrx_word' id='word_1_488' title='bbox 304 4016 417 4099; x_wconf 88' lang='grc' dir='ltr'><strong><em>λόγους.</em></strong></span> <span class='ocrx_word' id='word_1_489' title='bbox 458 4024 482 4063; x_wconf 80' lang='lat'><strong><em>¹²</em></strong></span> <span class='ocrx_word' id='word_1_490' title='bbox 495 4024 666 4121; x_wconf 87' lang='grc' dir='ltr'><strong><em>πανοῦργος</em></strong></span> <span class='ocrx_word' id='word_1_491' title='bbox 677 4025 778 4084; x_wconf 80' lang='grc' dir='ltr'><strong><em>κακῶν</em></strong></span> <span class='ocrx_word' id='word_1_492' title='bbox 808 4020 839 4087; x_wconf 86' lang='grc' dir='ltr'><strong><em>δέ</em></strong></span> <span class='ocrx_word' id='word_1_493' title='bbox 857 4019 1032 4098; x_wconf 76' lang='grc' dir='ltr'><strong><em>ἀγαπῶντες</em></strong></span> <span class='ocrx_word' id='word_1_494' title='bbox 1044 4022 1097 4086; x_wconf 90' lang='grc' dir='ltr'><strong><em>τὸν</em></strong></span> <span class='ocrx_word' id='word_1_495' title='bbox 1116 4018 1206 4103; x_wconf 90' lang='grc' dir='ltr'><strong><em>νόμον</em></strong></span> <span class='ocrx_word' id='word_1_496' title='bbox 1217 4014 1416 4104; x_wconf 86' lang='grc' dir='ltr'><strong><em>περιβάλλου-</em></strong></span> 
     </span>
     <span class='ocr_line' id='line_1_47' title="bbox 171 4097 1412 4189; baseline -0.007 -19"><span class='ocrx_word' id='word_1_497' title='bbox 171 4104 373 4187; x_wconf 82' lang='grc' dir='ltr'><strong><em>ἐπερχομίνων</em></strong></span> <span class='ocrx_word' id='word_1_498' title='bbox 398 4102 563 4189; x_wconf 81' lang='grc' dir='ltr'><strong><em>ἀπεκρόβη,</em></strong></span> <span class='ocrx_word' id='word_1_499' title='bbox 596 4103 720 4185; x_wconf 80' lang='grc' dir='ltr'><strong><em>άςρονες</em></strong></span> <span class='ocrx_word' id='word_1_500' title='bbox 745 4102 777 4169; x_wconf 85' lang='grc' dir='ltr'><strong><em>δέ</em></strong></span> <span class='ocrx_word' id='word_1_501' title='bbox 808 4128 854 4169; x_wconf 91' lang='grc' dir='ltr'><strong><em>σιν</em></strong></span> <span class='ocrx_word' id='word_1_502' title='bbox 866 4105 985 4180; x_wconf 89' lang='grc' dir='ltr'><strong><em>ἐαυτοῖς</em></strong></span> <span class='ocrx_word' id='word_1_503' title='bbox 1002 4118 1102 4189; x_wconf 85' lang='grc' dir='ltr'><strong><em>τεῖχος.</em></strong></span> <span class='ocrx_word' id='word_1_504' title='bbox 1128 4102 1258 4186; x_wconf 67' lang='grc' dir='ltr'><strong><em>6ἄνδρες</em></strong></span> <span class='ocrx_word' id='word_1_505' title='bbox 1274 4102 1362 4165; x_wconf 84' lang='grc' dir='ltr'><strong><em>κακοί</em></strong></span> <span class='ocrx_word' id='word_1_506' title='bbox 1374 4097 1412 4162; x_wconf 88' lang='grc' dir='ltr'><strong><em>οά</em></strong></span> 
     </span>
     <span class='ocr_line' id='line_1_48' title="bbox 171 4179 1414 4289; baseline -0.006 -38"><span class='ocrx_word' id='word_1_507' title='bbox 171 4188 347 4260; x_wconf 86' lang='grc' dir='ltr'><strong><em>ἐπελθόντες</em></strong></span> <span class='ocrx_word' id='word_1_508' title='bbox 359 4189 464 4289; x_wconf 89' lang='grc' dir='ltr'><strong><em>ζημίαν</em></strong></span> <span class='ocrx_word' id='word_1_509' title='bbox 476 4194 615 4252; x_wconf 91' lang='grc' dir='ltr'><strong><em>τίσουσιν.</em></strong></span> <span class='ocrx_word' id='word_1_510' title='bbox 632 4184 776 4266; x_wconf 73' lang='grc' dir='ltr'><strong><em>13ἀηελοῦ</em></strong></span> <span class='ocrx_word' id='word_1_511' title='bbox 809 4183 967 4271; x_wconf 71' lang='grc' dir='ltr'><strong><em>συνήσουσι</em></strong></span> <span class='ocrx_word' id='word_1_512' title='bbox 981 4187 1087 4272; x_wconf 88' lang='grc' dir='ltr'><strong><em>κρίμα,</em></strong></span> <span class='ocrx_word' id='word_1_513' title='bbox 1110 4191 1140 4251; x_wconf 82' lang='grc' dir='ltr'><strong><em>οῖ</em></strong></span> <span class='ocrx_word' id='word_1_514' title='bbox 1153 4186 1185 4251; x_wconf 83' lang='grc' dir='ltr'><strong><em>δέ</em></strong></span> <span class='ocrx_word' id='word_1_515' title='bbox 1199 4188 1347 4270; x_wconf 87' lang='grc' dir='ltr'><strong><em>ζητοῦντες</em></strong></span> <span class='ocrx_word' id='word_1_516' title='bbox 1360 4179 1414 4244; x_wconf 87' lang='grc' dir='ltr'><strong><em>τὸν</em></strong></span> 
     </span>
     <span class='ocr_line' id='line_1_49' title="bbox 169 4266 1416 4356; baseline -0.003 -21"><span class='ocrx_word' id='word_1_517' title='bbox 169 4269 207 4335; x_wconf 86' lang='grc' dir='ltr'><strong><em>τὸ</em></strong></span> <span class='ocrx_word' id='word_1_518' title='bbox 221 4266 339 4351; x_wconf 78' lang='grc' dir='ltr'><strong><em>ἱμάτιον</em></strong></span> <span class='ocrx_word' id='word_1_519' title='bbox 352 4274 456 4342; x_wconf 88' lang='grc' dir='ltr'><strong><em>αυτοῦ,</em></strong></span> <span class='ocrx_word' id='word_1_520' title='bbox 470 4269 610 4352; x_wconf 85' lang='grc' dir='ltr'><strong><em>παρηλθε</em></strong></span> <span class='ocrx_word' id='word_1_521' title='bbox 622 4267 680 4355; x_wconf 83' lang='grc' dir='ltr'><strong><em>γάρ</em></strong></span> <span class='ocrx_word' id='word_1_522' title='bbox 694 4267 777 4356; x_wconf 87' lang='grc' dir='ltr'><strong><em>ῦβρι-</em></strong></span> <span class='ocrx_word' id='word_1_523' title='bbox 809 4267 908 4354; x_wconf 91' lang='grc' dir='ltr'><strong><em>κῦριον</em></strong></span> <span class='ocrx_word' id='word_1_524' title='bbox 918 4269 1089 4354; x_wconf 81' lang='grc' dir='ltr'><strong><em>συνησουσιν</em></strong></span> <span class='ocrx_word' id='word_1_525' title='bbox 1102 4275 1132 4335; x_wconf 90' lang='grc' dir='ltr'><strong><em>ἐν</em></strong></span> <span class='ocrx_word' id='word_1_526' title='bbox 1140 4275 1241 4335; x_wconf 88' lang='grc' dir='ltr'><strong><em>παντί.</em></strong></span> <span class='ocrx_word' id='word_1_527' title='bbox 1253 4268 1416 4350; x_wconf 69' lang='grc' dir='ltr'><strong><em>6κρείσσων</em></strong></span> 
     </span>
     <span class='ocr_line' id='line_1_50' title="bbox 169 4347 1417 4440; baseline -0.006 -20"><span class='ocrx_word' id='word_1_528' title='bbox 169 4352 254 4437; x_wconf 75' lang='grc' dir='ltr'><strong><em>στίης,</em></strong></span> <span class='ocrx_word' id='word_1_529' title='bbox 281 4350 358 4428; x_wconf 80' lang='grc' dir='ltr'><strong><em>ὥςτις</em></strong></span> <span class='ocrx_word' id='word_1_530' title='bbox 376 4349 414 4416; x_wconf 88' lang='grc' dir='ltr'><strong><em>τά</em></strong></span> <span class='ocrx_word' id='word_1_531' title='bbox 434 4348 580 4434; x_wconf 88' lang='grc' dir='ltr'><strong><em>ἀλλότρια</em></strong></span> <span class='ocrx_word' id='word_1_532' title='bbox 600 4350 776 4432; x_wconf 89' lang='grc' dir='ltr'><strong><em>λυμαίνεται.</em></strong></span> <span class='ocrx_word' id='word_1_533' title='bbox 808 4354 926 4440; x_wconf 83' lang='grc' dir='ltr'><strong><em>πτωχὸς</em></strong></span> <span class='ocrx_word' id='word_1_534' title='bbox 936 4352 1132 4438; x_wconf 90' lang='grc' dir='ltr'><strong><em>πορευόμενος</em></strong></span> <span class='ocrx_word' id='word_1_535' title='bbox 1141 4357 1172 4417; x_wconf 87' lang='grc' dir='ltr'><strong><em>ἐν</em></strong></span> <span class='ocrx_word' id='word_1_536' title='bbox 1181 4351 1308 4437; x_wconf 78' lang='grc' dir='ltr'><strong><em>ἀληθείᾳ</em></strong></span> <span class='ocrx_word' id='word_1_537' title='bbox 1320 4347 1417 4414; x_wconf 87' lang='grc' dir='ltr'><strong><em>πλου-</em></strong></span> 
     </span>
     <span class='ocr_line' id='line_1_51' title="bbox 169 4431 1418 4530; baseline -0.004 -27"><span class='ocrx_word' id='word_1_538' title='bbox 169 4438 198 4481; x_wconf 82' lang='lat'><strong><em>¹⁴</em></strong></span> <span class='ocrx_word' id='word_1_539' title='bbox 217 4434 251 4513; x_wconf 78' lang='grc' dir='ltr'><strong><em>ὃς</em></strong></span> <span class='ocrx_word' id='word_1_540' title='bbox 264 4433 302 4502; x_wconf 86' lang='grc' dir='ltr'><strong><em>ἀν</em></strong></span> <span class='ocrx_word' id='word_1_541' title='bbox 315 4435 423 4530; x_wconf 71' lang='grc' dir='ltr'><strong><em>εὐλογῇ</em></strong></span> <span class='ocrx_word' id='word_1_542' title='bbox 436 4436 522 4517; x_wconf 82' lang='grc' dir='ltr'><strong><em>ηίλον</em></strong></span> <span class='ocrx_word' id='word_1_543' title='bbox 536 4434 776 4526; x_wconf 82' lang='grc' dir='ltr'><strong><em>τοπρωῒμεγάλη</em></strong></span> <span class='ocrx_word' id='word_1_544' title='bbox 808 4445 873 4502; x_wconf 89' lang='grc' dir='ltr'><strong><em>σίου</em></strong></span> <span class='ocrx_word' id='word_1_545' title='bbox 894 4440 1028 4519; x_wconf 78' lang='grc' dir='ltr'><strong><em>ψευδοῦς.</em></strong></span> <span class='ocrx_word' id='word_1_546' title='bbox 1055 4441 1068 4480; x_wconf 79' lang='lat'>⁷</span> <span class='ocrx_word' id='word_1_547' title='bbox 1082 4432 1225 4516; x_wconf 69' lang='grc' dir='ltr'><strong><em>φυλάσσει</em></strong></span> <span class='ocrx_word' id='word_1_548' title='bbox 1244 4432 1339 4517; x_wconf 91' lang='grc' dir='ltr'><strong><em>νόμον</em></strong></span> <span class='ocrx_word' id='word_1_549' title='bbox 1352 4431 1418 4508; x_wconf 84' lang='grc' dir='ltr'><strong><em>υίὸς</em></strong></span> 
     </span>
     <span class='ocr_line' id='line_1_52' title="bbox 168 4516 1420 4675; baseline -0.002 -88"><span class='ocrx_word' id='word_1_550' title='bbox 168 4529 205 4622; x_wconf 66' lang='grc' dir='ltr'><strong><em>σμ’·</em></strong></span> <span class='ocrx_word' id='word_1_551' title='bbox 219 4526 320 4622; x_wconf 68' lang='grc' dir='ltr'><strong><em>φωνῇ,</em></strong></span> <span class='ocrx_word' id='word_1_552' title='bbox 347 4524 559 4611; x_wconf 83' lang='grc' dir='ltr'><strong><em>καταρωμίνου</em></strong></span> <span class='ocrx_word' id='word_1_553' title='bbox 572 4520 659 4587; x_wconf 77' lang='grc' dir='ltr'><strong><em>οὐδὲν</em></strong></span> <span class='ocrx_word' id='word_1_554' title='bbox 671 4522 774 4604; x_wconf 79' lang='grc' dir='ltr'><strong><em>διαηέ-</em></strong></span> <span class='ocrx_word' id='word_1_555' title='bbox 808 4520 933 4598; x_wconf 89' lang='grc' dir='ltr'><strong><em>συνετὸς,</em></strong></span> <span class='ocrx_word' id='word_1_556' title='bbox 952 4517 985 4597; x_wconf 83' lang='grc' dir='ltr'><strong><em>ίίς</em></strong></span> <span class='ocrx_word' id='word_1_557' title='bbox 997 4519 1029 4584; x_wconf 84' lang='grc' dir='ltr'><strong><em>δὲ</em></strong></span> <span class='ocrx_word' id='word_1_558' title='bbox 1041 4526 1188 4604; x_wconf 87' lang='grc' dir='ltr'><strong><em>ποιμαίνει</em></strong></span> <span class='ocrx_word' id='word_1_559' title='bbox 1202 4517 1338 4584; x_wconf 88' lang='grc' dir='ltr'><strong><em>ἀσωτίαν</em></strong></span> <span class='ocrx_word' id='word_1_560' title='bbox 1350 4516 1420 4675; x_wconf 61' lang='grc' dir='ltr'><strong><em>ἀτζι-</em></strong></span> 
     </span>
     <span class='ocr_line' id='line_1_53' title="bbox 1335 4626 1420 4683; baseline -0.012 -18"><span class='ocrx_word' id='word_1_561' title='bbox 1335 4627 1380 4683; x_wconf 88' lang='grc' dir='ltr'><strong><em>μα</em></strong></span> <span class='ocrx_word' id='word_1_562' title='bbox 1396 4626 1420 4665; x_wconf 93' lang='grc' dir='ltr'><strong><em>ει</em></strong></span> 
     </span>
    </p>
   </div>
   <div class='ocr_carea' id='block_1_3' title="bbox 0 0 1466 4972">
    <p class='ocr_par' dir='ltr' id='par_1_3' title="bbox 0 0 1466 4972">
     <span class='ocr_line' id='line_1_54' title="bbox 0 0 1466 4972; baseline 0 2"><span class='ocrx_word' id='word_1_563' title='bbox 0 0 1466 4972; x_wconf 95' lang='lat' dir='ltr'><strong><em> </em></strong></span> 
     </span>
    </p>
   </div>
  </div>
 </body>
</html>
