2924 4972
384 181 613 244 υΞοΛοΣ
652 164 976 255 maalmam

59 294 111 359 τὸν
131 297 236 359 αἰῶνα.
260 290 453 377 άνῆγγειλεδί
474 296 611 376 Μωυσῆς
628 291 667 357 τά
700 296 751 377 σῆς
775 289 850 378 πρὸς
873 291 927 356 τὸν
951 285 1031 355 θεάν.
1058 287 1094 354 οδ
1117 286 1269 373 δυνήσεται
1288 313 1307 353 υ

58 374 176 461 (λήματα
188 381 244 442 τοῦ
257 377 333 442 λαοῦ
346 373 421 464 πρὸς
434 369 542 462 κάριον.
566 378 595 418 ¹⁰
607 374 668 441 εἷπε
699 374 772 450 λαὸς
796 378 1015 523 προςαναβήναι
1031 371 1107 459 πρὸς
1128 370 1165 437 τὸ
1182 371 1253 460 ὄρος
1268 368 1305 437 τὸ

58 455 202 546 δέκάριος
213 460 291 545 πρὸς
300 464 446 544 Μωυσῆν,
460 455 594 545 καταβάς
603 460 667 524 δια-
698 452 783 523 Σινά.
809 457 845 524 σὺ
862 456 923 544 γάρ
965 453 1214 542 ιαμεμαρτάρηοαι
1230 452 1307 540 ῆμίν,

60 540 206 630 μάρτυροι
218 547 264 626 τῷ
275 544 351 627 λαῷ,
365 544 416 608 καί
428 539 548 621 ἅγνισον
560 538 668 618 αὐτοὺς
698 541 800 620 λέγων.
826 538 968 627 άςάριοαι
979 539 1017 606 τὸ
1029 540 1110 643 ὄρος,
1121 539 1173 604 καλ
1185 535 1305 616 άγίαοαι

59 625 184 732 σήμερον
195 627 247 692 καί
261 626 378 713 αιίριον,
403 628 455 691 καί
471 620 669 690 πλυνάτωσαν
700 620 784 689 αιἰτά.
809 623 842 667 ²⁴
855 623 916 690 εἶπε
928 624 959 691 δὲ
973 623 1059 710 αὐτῷ
1069 649 1178 708 κυριος.
1192 617 1307 725 βάδιζε,

61 736 98 774 τα
112 704 232 792 ίμάτια,
260 714 285 752 ¹¹
297 711 348 774 καί
360 713 496 776 ἔστωσαν
507 715 618 792 ἕτοιμοι
630 712 669 784 είς
699 704 858 792 κατάβηθι,
870 712 922 773 καί
935 703 1065 794 άνάβηθι
1078 706 1114 773 σὺ
1128 706 1180 772 καί
1189 703 1307 792 Αοράν

61 791 113 876 τήν
125 789 235 879 ἡμέραν
246 787 299 872 τῆν
310 799 420 877 τρίτην.
444 797 483 894 τῆ
496 788 555 878 γάρ
572 790 646 877 ῆμίρ
698 787 771 872 μετά
789 793 851 855 σοῦ.
882 795 914 857 σί
930 791 962 856 δὲ
982 795 1064 877 ίερεῖς
1080 793 1131 856 καὶ
1149 785 1254 864 δλαδς
1294 787 1300 811 “

60 881 98 978 ζῇ
120 883 206 970 τρίτη
223 880 422 964 καταβήσεται
446 901 545 963 κυρως
561 877 612 942 ἐπὶ
630 818 667 939 τδ
698 873 904 960 βιαζὲσθωσαν
916 871 1058 961 ἀναβῆναι
1071 872 1146 979 πρὸς
1158 871 1212 938 τὸν
1222 815 1306 950 θιδί,

59 984 131 1044 ορος
154 959 191 1024 τὸ
209 958 304 1036 Σινὰ,
329 964 460 1025 ἐναντίον
484 955 596 1035 παντὸς
612 963 669 1024 τοῦ
699 952 738 1040 μή
756 979 831 1019 ποτε
849 952 980 1049 ἇπολίση
1005 955 1056 1023 ἀπ’
1078 960 1180 1022 αυτῶν
1196 952 1305 1041 κύρτου

58 1042 144 1108 λαοῦ.
165 1045 194 1084 ¹²
203 1045 255 1107 καλ
266 1039 399 1130 άφσριεῖς
411 1042 464 1107 τὸν
475 1042 550 1107 λαὸν
559 1038 668 1124 κάκλῳ,
699 1043 729 1083 ²⁵
742 1037 854 1124 κατίβη
871 1037 902 1103 δὲ
915 1043 1049 1125 Μωυσῆς
1064 1039 1140 1126 πρὸς
1157 1036 1211 1103 τὸν
1222 1038 1307 1117 λαὸν,

58 1125 162 1203 λέγων.
187 1129 338 1211 πρσςίχετε
355 1129 474 1200 ἑαυτοῖς
490 1128 544 1190 τοῦ
557 1123 669 1210 άνυβῆ-
700 1123 752 1186 καί
763 1118 842 1184 εἶπεν
853 1117 963 1196 αιἰτοῖς.

58 1232 107 1273 ναι
126 1213 167 1283 είς
182 1207 219 1272 τὸ
239 1207 323 1292 ὅρος,
349 1209 400 1272 καί
418 1213 513 1284 θίγειν
523 1231 552 1270 τι
565 1205 669 1271 αὐτοῦ.
900 1209 974 1267 ΚΕ
987 1208 1026 1267 Φ.
1068 1199 1122 1268 K'.

56 1295 121 1366 πᾶς
144 1287 163 1354 5
185 1286 336 1371 ἁψάμενος
356 1293 413 1353 τοῦ
433 1287 521 1373 ὅρους
545 1283 671 1370 θανάτῳ
704 1254 787 1352 Καὶ
799 1281 921 1371 ἐλάλησε
934 1281 1035 1372 κάριος
1048 1281 1163 1360 πάντας
1174 1282 1245 1360 τοὺς
1257 1280 1311 1350 λά·

58 1366 232 1453 τελευτήσει.
266 1366 484 1455 13οιίχῖίιςιεται
497 1366 592 1435 αὐτοῦ
592 1375 670 1473 μείρ.
702 1397 772 1449 γους
783 1365 917 1445 τούτους,
929 1369 1032 1448 λέγων.
1052 1363 1132 1447 2ἐγιιί
1145 1370 1199 1452 είμι
1211 1365 1311 1453 κάριος

59 1460 92 1519 ἐν
103 1453 164 1538 γὰρ
178 1452 276 1528 λίθοις
291 1447 568 1539 λιθοβοληθήσεται,
585 1457 671 1538 ηβο-
703 1450 720 1519 5
732 1447 803 1529 θεάς
815 1479 882 1531 σου,
907 1448 984 1529 ὅςτις
1001 1446 1147 1537 ἐξήγαγάν
1164 1476 1196 1519 σε
1212 1454 1245 1518 ἐκ
1256 1455 1309 1556 γῆς

61 1538 120 1602 λίδι
138 1531 431 1622 κατατοξευθήσεται.
458 1531 510 1601 ἐάν
524 1561 555 1602 τε
566 1542 669 1620 κτῆνος
700 1531 862 1615 Αίγάπτου
869 1587 880 1616 ,
905 1538 937 1613 ἐξ
954 1537 1036 1602 οἴκου
1055 1535 1194 1612 δουλείας.
1225 1536 1308 1601 ὀυκ

60 1615 114 1685 ε’άν
126 1644 157 1683 τε
169 1615 340 1706 άνθρωπος,
353 1616 390 1685 οὖ
403 1616 526 1704 ζήσεται.
552 1615 626 1685 ὅταν
635 1623 669 1684 αλ
701 1624 819 1686 ἔσονταί
832 1646 877 1686 σοι
887 1622 956 1686 θεολ
965 1625 1057 1705 ἕτερον
1068 1618 1147 1700 πλήν
1155 1621 1235 1701 ἐμοῦ.
1248 1615 1308 1684 ⁴05

62 1704 161 1782 φωναί
178 1704 230 1769 καί
246 1707 280 1769 αἱ
296 1698 454 1781 σάλπιγγες
470 1704 523 1768 καί
535 1699 553 1787 ῆ
566 1703 669 1787 νεφελη
700 1699 828 1788 ποιήσεις
840 1707 955 1788 σεαυτῷ
965 1701 1094 1780 εἴδωλον,
1117 1698 1186 1766 οὐδὲ
1197 1700 1309 1777 παντὸς

61 1785 181 1882 άπελθη
193 1783 255 1852 άπὸ
266 1791 321 1851 τοῦ
332 1783 431 1872 ὅρους,
445 1789 545 1851 ἐκεῖνοι
557 1780 670 1874 άναβή-
701 1781 853 1890 ὁμοίωμα,
868 1782 925 1852 ὅσα
937 1790 968 1852 ἐν
980 1789 1025 1871 τῷ
1036 1783 1157 1872 οὖρανοῖ
1167 1783 1241 1861 άνω,
1258 1786 1309 1850 καί

63 1893 162 1934 σονται
175 1869 269 1935 ἐπίτδ
282 1868 359 1957 ὄρος.
373 1869 500 1957 14κατίβ
527 1868 670 1936 δίΜωυ-
701 1870 758 1936 ὅσα
776 1873 808 1935 ἐν
824 1872 917 1965 τήγῆ
934 1866 1033 1948 κάτω,
1058 1871 1111 1934 καί
1127 1849 1229 1936 δσαίν
1246 1879 1309 1944 τοῖς

63 1956 114 2034 σῆς
126 1955 159 2017 ἐκ
170 1959 226 2018 τοῦ
238 1952 326 2039 ὅρους
342 1949 418 2038 πρὸς
434 1952 487 2018 τὸν
499 1898 594 2028 λαὸν,
618 1952 670 2017 καί
702 1947 804 2018 ὕδασιν
822 1949 967 2018 ὑποκάτω
984 1957 1036 2036 τῆς
1051 1956 1113 2038 γῆς.
1140 1951 1203 2018 ὀὗ
1217 1975 1309 2058 προς-

62 2031 180 2116 ἡγίασεν
197 2032 313 2111 αάτοάς.
339 2037 392 2101 καί
410 2035 537 2101 ἔπλυναν
548 2033 587 2100 τά
602 2029 670 2119 ἰμά-
702 2030 828 2122 κυνήσεις
853 2034 971 2113 αὐτοῖς,
993 2034 1061 2102 οὖδὲ
1086 2034 1131 2141 μή
1146 2035 1309 2141 λατριυσεις

62 2142 120 2181 τια.
146 2118 366 2202 16καλείττετοᾷ
378 2119 451 2203 λαῷ.
463 2126 580 2199 γίνεσθε
593 2123 671 2184 ἕτοι-
703 2118 815 2195 αὐτοίς.
854 2117 912 2198 ἐγὼ
936 2120 995 2205 γάρ
1015 2123 1069 2202 ελμι
1085 2145 1186 2206 κυριος
1203 2145 1221 2183 ο
1240 2114 1309 2194 θεάς

62 2226 127 2282 μοι,
150 2214 228 2326 τρεῖς
244 2199 416 2310 ήμίραςὶμῆα
425 2202 607 2304 προςθιθητε
617 2228 671 2280 γυ-
704 2228 766 2281 σου,
788 2201 859 2280 θεὸς
871 2201 1014 2288 ζηλωτής,
1041 2199 1200 2278 άποδιδοίς
1212 2199 1310 2288 ἆμαρ-

63 2289 149 2348 ναικί.
181 2286 197 2329 ⁰
209 2288 321 2364 ἐγενετο
333 2285 364 2350 δε
378 2309 415 2375 τη
428 2288 522 2372 ημίρα
535 2311 573 2381 τή
584 2290 671 2379 τρίτη
703 2292 769 2362 τίας
783 2289 922 2373 πατέρων
939 2289 990 2352 ἐπὶ
1005 2287 1112 2363 τέκνα,
1137 2291 1192 2362 ἐλσς
1211 2292 1309 2372 τρίτης

62 2371 235 2449 γενηθέντος
246 2366 322 2452 πρὸς
333 2366 457 2453 ὄρθρον,
472 2354 524 2433 καλ
535 2371 670 2447 ἐγίνοντο
704 2371 754 2434 καί
776 2365 918 2454 τετάρτης
940 2372 1039 2448 γενεᾶς
1054 2380 1118 2444 τοῖς
1133 2375 1250 2452 μισοῦσί
1266 2394 1309 2451 με,

64 2450 165 2531 φωναί
179 2451 232 2514 καὶ
250 2448 405 2532 ἀστραπαί
422 2452 473 2516 καλ
487 2451 671 2535 νεφεληγνο-
705 2452 1017 2527 θκαίποιῶνέλεοςεές
1042 2447 1155 2526 ιλιάδας
1163 2463 1225 2526 τοῖς
1234 2449 1310 2528 άγα-

64 2527 167 2613 φιάδης
179 2528 222 2595 ἐπ’
238 2529 327 2616 ὄρους
339 2525 421 2595 Σινά.
439 2530 521 2618 ςωνῆ
533 2539 585 2617 τῆς
598 2531 672 2599 σάλ-
703 2538 786 2599 πῶσί
794 2559 838 2615 με,
850 2536 902 2598 καί
912 2546 974 2610 τοῖς
985 2476 1163 2614 φυλάσσουσι
1172 2532 1211 2597 τά
1220 2559 1311 2618 προς·

64 2639 173 2692 πιγγος
189 2612 249 2698 ῆχει
264 2617 346 2697 μέγα.
372 2616 423 2679 καί
434 2611 570 2701 ἐπτοήθη
582 2612 671 2693 ufic&
704 2611 842 2701 τάγματά
866 2645 933 2701 μου,
972 2614 1034 2681 ⁷05
1060 2611 1143 2700 λήψη
1164 2615 1200 2681 τὸ
1218 2614 1312 2699 ὄνομα

62 2694 165 2772 λαδςδ
176 2701 208 2761 ἐν
216 2701 254 2803 τῆ
264 2698 441 2804 παρεμβολή.
456 2701 540 2765 17καί
552 2695 672 2786 ἐξήγαγε
703 2709 805 2788 κυρίου
822 2706 877 2767 τοῦ
894 2706 969 2767 θεοῦ
988 2727 1040 2766 σου
1058 2703 1108 2765 ἐπί
1119 2692 1246 2784 ματαίω.
1273 2697 1309 2765 οὗ

64 2785 203 2867 Μωυσῆς
219 2806 272 2846 τον
288 2781 363 2846 λαον
378 2788 416 2858 εἰς
429 2780 601 2868 συνάντησιν
616 2789 671 2850 τοῦ
702 2785 761 2871 γάρ
788 2783 995 2871 μῆκαθαρίση
1014 2781 1112 2870 κάριος
1131 2781 1149 2850 5
1167 2780 1237 2860 θεός
1256 2810 1310 2849 σου

63 2869 137 2928 θεοῦ
149 2868 181 2930 ἐκ
192 2868 246 2950 τῆς
255 2867 450 2952 παρεμβολῆς,
463 2870 673 2969 καὶπαρίστη-
704 2869 756 2932 τὸν
774 2867 961 2955 λαμβάνοντα
978 2858 1014 2933 ’τὸ
1035 2868 1128 2952 ὄνομα
1147 2866 1243 2933 αὐτοῦ
1260 2869 1310 2932 ἐπὶ

64 2972 121 3014 σαν
139 2943 199 3013 ὑπὸ
218 2948 255 3013 τὸ
270 2947 350 3034 ὅρος.
377 2949 405 2990 ¹⁸
419 2947 455 3012 τὸ
469 2948 539 3033 ὅρος
551 2973 586 3011 το
599 2947 674 3011 Σινά
705 2957 831 3034 ματαίῳ.
856 2954 872 2995 ⁸
880 2951 1028 3057 μνήσθητι
1052 2951 1107 3056 τήν
1125 2948 1233 3034 ῆμὲραν
1251 2953 1312 3014 τῶν

63 3033 231 3108 ἕκαπνξετο
243 3028 324 3108 ὅλον,
337 3030 386 3096 διά
400 3029 436 3095 τὸ
447 3032 674 3118 καταβεβηκίναι
707 3031 861 3119 σαββάτων
873 3032 999 3115 αγιάζειν
1011 3032 1111 3119 αιἰτην.
1134 3037 1192 3112 ⁰52³
1204 3029 1311 3119 ἡμέρας

64 3114 108 3179 ἐπ’
122 3111 196 3179 αιἰτδ
209 3114 263 3180 τὸν
274 3115 348 3180 θεὸν
360 3119 391 3179 ἐν
400 3121 480 3200 πυρί.
494 3115 545 3180 καί
555 3114 674 3202 άνεβαι-
706 3120 787 3200 ε’ργᾶ,
800 3121 850 3183 καί
862 3117 990 3205 ποιήσεις
1001 3115 1103 3184 πάντα
1116 3117 1155 3183 τά
1165 3121 1237 3205 ἔργα
1247 3142 1309 3182 σου.

64 3194 271 3274 ιενδκαπνδς,
281 3194 346 3276 ὡςελ
357 3198 469 3275 καπνὸς
477 3206 608 3283 καμίνου.
622 3200 673 3265 καὶ
705 3205 733 3243 ¹⁰
748 3205 785 3310 τῆ
806 3202 838 3267 δὲ
863 3199 955 3302 ῆμίρᾳ
981 3206 1018 3294 τῇ
1040 3199 1148 3307 ἑβδόμη
1174 3200 1311 3289 σάββατα

63 3283 166 3365 ἐξίστη
177 3286 238 3357 πῆς
251 3278 269 3346 5
282 3282 356 3359 λαὸς
369 3278 494 3369 σφόδρα.
520 3284 672 3363 19ἐγίνον-
705 3310 795 3369 κυριῳ
808 3289 852 3367 τῷ
863 3296 925 3367 θεῳ
940 3310 1000 3349 σου.
1024 3311 1060 3348 ου
1073 3285 1201 3370 ποιήσεις
1213 3290 1245 3351 ἐν
1256 3280 1311 3348 αιἰ-

63 3390 101 3430 το
114 3363 147 3429 δὲ
156 3368 190 3431 αί
199 3367 297 3444 φωναί
308 3371 360 3450 τῆς
372 3362 533 3445 σάλπιγγος
544 3372 672 3455 προβαί-
705 3371 742 3459 τῆ
755 3371 816 3431 πᾶν
828 3370 913 3452 ἔργον
926 3365 962 3431 σδ
975 3368 1027 3430 καί
1039 3362 1057 3430 5
1070 3362 1136 3443 υἷάς
1145 3393 1213 3444 σου,
1230 3363 1311 3451 καλή

62 3472 170 3512 νουσαι
189 3443 369 3533 ἰσχυρότεραι
383 3451 509 3536 σφόδρα.
535 3456 672 3535 Μωυσῆς
704 3445 841 3537 θυγάτηρ
855 3475 921 3525 σου,
940 3443 958 3513 5
971 3459 1043 3524 παῖς
1056 3475 1123 3526 σου,
1146 3451 1196 3514 καί
1210 3445 1227 3532 ῆ
1240 3476 1312 3514 παι-

63 3528 219 3613 ἐλάλησεν,
239 3527 258 3596 5
271 3530 302 3596 δὲ
315 3532 383 3608 θεὸς
397 3532 573 3620 ἀπεκρίνατο
587 3533 672 3618 αὐτῷ
703 3529 786 3619 δι’σκη
799 3561 866 3612 σου,
892 3529 909 3598 ὁ
922 3536 993 3620 βοῦς
1005 3558 1073 3610 σου,
1090 3533 1142 3596 καί
1154 3530 1189 3596 τὸ
1203 3527 1312 3607 ὑποζά-

64 3617 158 3698 φωνῆ.
181 3615 212 3662 ²⁰
221 3615 373 3703 κατέβηδὲ
386 3611 484 3701 κάρτος
496 3619 546 3682 ἐπί
557 3617 593 3682 τὸ
603 3618 672 3702 ὅρος
703 3614 768 3698 γιόν
780 3647 847 3696 σου,
872 3618 924 3683 καί
940 3621 1003 3683 πᾶν
1019 3614 1123 3701 κτῆνός
1137 3642 1206 3694 σου,
1230 3616 1281 3680 καί
1294 3611 1311 3681 5
1375 3616 1380 3624 “

63 3696 102 3761 τὸ
120 3694 195 3762 Σινά
214 3701 264 3763 ἐπὶ
283 3698 339 3784 τήν
355 3695 486 3786 κορυφήν
503 3704 560 3764 τοῦ
577 3699 672 3787 ὅρους.
704 3700 883 3805 προςήλυτος
901 3697 919 3767 5
937 3706 1090 3786 παροικῶν
1108 3706 1206 3768 ἒνσοί.
1244 3704 1268 3742 ¹¹
1282 3703 1312 3765 ἐν

65 3783 118 3845 καί
141 3775 257 3848 ἐκάλεσε
274 3779 374 3866 κάρως
390 3787 529 3868 Μωυσῆν
546 3783 597 3849 ἐπί
621 3782 675 3867 τῆν
705 3811 764 3869 γαρ
777 3787 810 3861 ἓξ
823 3782 941 3870 ἡμέραις
953 3791 1069 3869 ἐποίησε
1082 3781 1181 3871 κύριος
1193 3784 1247 3850 τὸν
1257 3781 1312 3850 οὗ·

65 3861 197 3950 κορυφήν
212 3869 269 3929 τοῦ
285 3862 383 3952 ὅρους,
409 3868 460 3932 καὶ
472 3867 561 3955 άνεβη
574 3875 673 3934 Μωυ-
706 3865 796 3955 ρανὸν
814 3869 865 3933 καί
882 3866 936 3949 τῆν
952 3872 1007 3951 γῆν
1023 3871 1075 3933 καὶ
1090 3869 1144 3952 τῆν
1155 3865 1311 3935 θάλασσαν

64 3952 127 4030 σῆς.
140 3949 223 4014 21καί
234 3946 312 4013 εἶπεν
325 3945 343 4014 5
355 3946 427 4024 θεὸς
439 3950 516 4036 πρὸς
526 3954 673 4036 Μωυσῆν,
705 3954 755 4018 καί
767 3947 867 4016 πάντα
879 3952 918 4017 τά
932 3954 962 4015 ἐν
974 3948 1086 4029 αὐτοῖς,
1099 3954 1150 4016 καί
1162 3955 1312 4019 κατέπαυ-

64 4031 168 4130 λίγων.
189 4031 323 4119 καταβάς
335 4028 527 4120 διαμάρτυραι
541 4039 586 4119 τῷ
598 4035 673 4118 λαῷ,
706 4063 735 4103 σε
747 4039 785 4130 τῇ
797 4032 889 4120 ῆμέρᾳ
903 4039 940 4130 τῆ
952 4030 1069 4130 ἑβδόμη.
1095 4035 1144 4101 διά
1157 4042 1248 4103 τοῦτο
1265 4031 1312 4099 εἶι-

62 4142 104 4197 μη
116 4139 189 4179 ποτε
200 4118 339 4193 ἐγγίσωσι
349 4115 425 4203 πρὸς
437 4117 489 4182 τὸν
498 4116 571 4184 θεὸν
579 4144 673 4184 κατα·
705 4116 808 4205 λόγησε
820 4115 919 4206 κάριος
932 4118 985 4202 τήν
999 4115 1106 4206 ῆμίραν
1116 4120 1169 4206 τήν
1178 4116 1312 4203 ἑβδόμην,

64 4201 180 4282 νοῆσαι,
193 4200 243 4263 καί
256 4201 383 4265 πέσωσιν
395 4203 425 4277 ἐξ
435 4199 534 4266 αὐτῶν
545 4202 672 4287 πλῆθος.
704 4206 755 4270 καί
768 4199 884 4287 ῆγίασεν
896 4198 998 4287 αιἰτήν.
1010 4207 1038 4246 ¹²
1048 4210 1118 4288 τίμα
1131 4203 1184 4269 τὸν
1194 4206 1312 4289 πατέρα

64 4284 94 4323 ²²
106 4283 158 4346 καί
171 4285 201 4347 οί
217 4285 298 4368 ἱερεῖς
311 4286 341 4348 σί
354 4286 397 4362 ἔγ·
407 4288 513 4362 ίζοντες
525 4294 615 4373 κυρίῳ
629 4290 674 4350 τῶ
705 4314 758 4353 σου
770 4290 821 4353 καὶ
832 4288 886 4373 τήν
897 4291 1009 4373 μητέρα
1021 4316 1083 4365 σου,
1099 4294 1147 4353 ’ίνα
1160 4312 1191 4352 ευ
1204 4313 1250 4352 σοι
1262 4288 1312 4364 γε’-

62 4365 127 4446 θεῷ
141 4361 386 4450 ἆγιαοθήτωσαν,
397 4363 437 4493 μή
449 4394 522 4435 ποτε
535 4350 674 4434 άπαλλά-
705 4395 803 4455 νηται,
827 4374 877 4438 καί
895 4377 943 4437 ἵνα
967 4367 1250 4476 μακρρχράνιοςγίνη
1263 4367 1313 4432 ἐπί

61 4451 98 4546 ξη
110 4445 161 4513 ἀπ’
175 4446 274 4515 αὐτῶν
285 4445 391 4532 κάριος.
407 4453 420 4492 ²
441 4453 492 4516 καί
504 4450 564 4519 elne
575 4461 672 4520 Μωυ-
705 4461 756 4540 τῆς
767 4458 820 4541 γῆς
832 4461 883 4542 τῆς
896 4454 1031 4536 ἀγαθῆς,
1045 4481 1078 4538 ης
1100 4447 1199 4536 κύριος
1212 4447 1229 4513 ὅ
1243 4443 1314 4519 0⁸¹⁶

1262 4552 1314 4592 σου
