2924 4972
169 215 233 279 558
476 219 550 276 ιο
575 221 607 278 Β
651 221 725 295 ιιιφ.
740 215 786 292 η’.
801 199 851 279 ιν.
866 215 907 280 τε.
924 220 974 282 13.
990 217 1038 283 ιι.
1055 223 1104 284 ιε.

164 328 328 394 ἀντίκειταί
350 355 401 411 μοι
407 358 419 407 ,·
456 332 487 372 22
506 327 551 394 ὅτι
578 334 771 413 κατέγραφας
789 339 792 392 .³
807 356 855 395 σεν
866 329 962 396 ὕδατα
976 329 1066 397 ἱίπτια
1074 340 1131 397 τοῦ
1143 331 1280 418 χώματος
1290 340 1344 412 τ”ς
1351 343 1415 422 γῆς.

164 410 227 475 κατ’
249 417 321 495 ἐμοῦ
347 411 439 486 κακὰ,
465 417 643 495 περιέθηκας
666 414 701 478 δέ
722 439 771 495 μοι
805 416 856 477 καὶ
882 410 1032 499 ὑπομονήν
1059 414 1226 498 ἀνθρώπου
1245 365 1415 496 ἀπώλεσας.

164 489 300 578 νεότητος
314 493 468 577 ἁμαρτίας.
483 497 511 537 22
517 499 593 560 ἔθου
607 496 641 558 δέ
648 522 704 575 μου
718 496 771 560 τὸν
804 497 835 539 ²⁰
848 494 928 571 ιόσας
952 496 1047 563 αὐτόν
1066 500 1104 570 εἰς
1116 500 1217 576 τέλος,
1241 504 1292 565 καὶ
1310 502 1416 586 ᾤχετο.

165 573 245 641 πόδα
263 580 294 641 έν
312 574 479 659 κωλύματι,
505 576 653 656 έφόλαξας
667 579 701 642 δέ
710 603 770 661 μου
805 582 968 663 ἐπέστησας
994 579 1078 663 αὐτῷ
1106 584 1142 646 τὸ
1160 578 1338 667 πρόςωπον,
1363 589 1417 651 καί

165 657 316 725 πάντατὰ
330 664 421 744 έργα,
448 666 487 735 είς
500 659 532 724 δέ
545 664 626 746 ῥίζας
638 666 699 725 τῶν
711 687 770 725 πο-
805 662 1018 737 ἔξαπέστειλας.
1034 667 1061 706 22
1072 665 1194 730 πολλῶν
1207 665 1239 730 δὲ
1250 672 1415 749 γενομένων

164 745 225 808 δῶν
237 769 294 826 μου
308 741 428 823 ἀφίκου.
450 745 481 784 ²⁸
495 739 514 806 ὃ
526 744 708 809 παλαιοῦται
722 743 771 808 ἶσα
804 749 865 808 τῶν
876 748 948 809 υἱῶν
960 743 1066 824 αὐτοῦ,
1077 747 1132 811 οὐκ
1141 746 1224 812 οἶδεν.
1238 750 1292 813 ε’·ὰν
1305 750 1337 814 δὲ
1347 751 1414 815 ὀλί-

166 824 266 909 ἆσκῷ,
293 825 311 911 ή
330 823 423 907 ιῖίςπερ
440 822 558 906 ίμότιον
571 823 771 913 σητόβρωτον.
804 853 852 903 γοι
864 830 1018 904 γένωνται,
1042 827 1099 893 οὐκ
1112 834 1276 895 ἐπίσταται.
1302 834 1332 874 22
1344 832 1411 897 ἀλλ’

349 914 383 972 1(
394 915 424 972 E
437 914 476 973 Φ.
520 905 589 974 M'.
805 908 867 993 ἢαῖ
880 910 983 994 σάρκες
996 910 1091 976 αὐτοῦ
1105 911 1412 1001 ήλγησαν,ήδὲιμυχή

165 959 302 1077 Βρστὸς
323 991 382 1077 γὰρ
398 989 535 1078 γεννητὸς
550 989 685 1069 γυναικός
710 989 772 1056 δλι-
806 991 901 1057 αὐτοῦ
913 997 1082 1077 ἐπένθησεν.

163 1075 264 1160 γόβιος
280 1077 332 1140 καί
348 1073 464 1160 πλήρης
486 1073 589 1160 ὀργῆς,
614 1074 661 1160 2ή
678 1071 772 1158 ιδ’ςπερ
995 1083 1119 1141 ΚΕΦ.
1164 1074 1232 1144 IE'.

837 1081 851 1114 θ

165 1157 261 1233 δι’νθος
279 1156 416 1262 ἄνθησαν
434 1161 579 1235 ἐξέπεσεν,
605 1159 722 1265 οἷπέδρμ
741 1158 773 1224 δὲ
807 1125 1007 1245 Υσολαβών
1019 1158 1215 1241 δὲἘλιφδιζὸ
1234 1163 1414 1266 Θαιμανίτης

165 1239 260 1326 ιέςπερ
276 1268 354 1316 σκια,
367 1245 418 1306 καί
430 1239 466 1305 οὐ
479 1241 518 1324 μή
533 1247 597 1334 στῇ.
615 1244 629 1285 2
643 1268 711 1326 ουχι
723 1244 773 1308 καί
804 1242 887 1320 λέγει.
910 1246 925 1284 2
936 1239 1065 1328 πότερον
1077 1244 1168 1324 σοφός
1181 1242 1339 1330 ἀπόκρισιν
1352 1249 1412 1310 διο-

162 1319 274 1390 τοότου
300 1319 389 1402 λόγον
414 1321 563 1408 ἐποιήσω,
590 1327 642 1389 καὶ
665 1329 773 1390 τοῦτον
805 1351 847 1391 σει
872 1327 1014 1400 συνέσεως
1037 1330 1166 1408 πνεῦμα,
1197 1330 1249 1392 καὶ
1272 1329 1411 1412 ἐνέπλησε

164 1411 305 1491 ἐποίησας
323 1407 458 1482 είςελθεΐν
474 1411 505 1473 έν
517 1414 634 1510 κρίματι
648 1404 773 1473 ἐνιόπιόν
804 1405 900 1474 πόνον
911 1408 1050 1493 γαστρὸς,
1077 1410 1091 1451 ³
1104 1409 1230 1493 ἐλέγχων
1243 1413 1274 1474 έν
1286 1408 1411 1496 ῥήμασιν

165 1515 221 1555 σου
226 1519 239 1567 ,·
277 1491 351 1564 2τίς
374 1490 433 1571 γὰρ
453 1502 591 1573 καθαρος
608 1494 691 1556 ε’·’σται
708 1488 770 1556 ἆπό
804 1492 848 1566 οἷς
865 1489 902 1555 οὒ
922 1492 980 1566 δεῖ,
1006 1495 1056 1556 καὶ
1073 1495 1104 1556 έν
1128 1489 1229 1570 λόγοις
1254 1494 1298 1567 οἷς
1323 1493 1410 1560 οὐδὲν

164 1568 280 1676 ρ’ύιτους
305 1570 368 1635 ἀλλ’
391 1573 508 1648 οὐθεὶς,
545 1571 627 1636 2έὰν
652 1575 702 1637 καὶ
717 1581 770 1656 μία
804 1573 924 1655 όφελοςς
961 1574 1029 1638 2οὐ
1043 1576 1095 1639 καὶ
1112 1575 1148 1640 σὺ
1162 1573 1338 1660 ἆσεποιήσιο
1351 1574 1410 1658 φό-

164 1659 259 1741 ημέρα
272 1651 289 1720 ό
301 1659 366 1740 βίος
379 1654 474 1720 αὐτοῦ
487 1656 538 1720 ἐπὶ
549 1660 601 1758 τής
608 1661 670 1738 γής,
681 1654 770 1741 ἆριθ-
802 1661 872 1743 βον,
898 1655 1071 1722 συνετελέσω
1095 1657 1128 1722 δὲ
1146 1654 1266 1742 ῥήματα
1284 1665 1410 1725 τοιαῦτα

163 1740 254 1822 μητρὶ
266 1737 297 1803 δέ
309 1742 394 1819 μήνες
405 1736 502 1803 αὐτοῦ
513 1765 576 1822 παρ
600 1737 706 1803 αὐτοῦ.
732 1745 771 1814 είς
805 1744 902 1805 ἔναντι
915 1744 970 1804 τοῦ
983 1746 1086 1826 κυρίου
1093 1769 1104 1817 ,·
1126 1741 1140 1782 ⁶
1151 1744 1250 1825 ένοχος
1263 1741 1291 1807 εί
1300 1739 1409 1826 ῥήμασι

106 1873 109 1882 .
163 1817 270 1906 χρόνον
282 1825 368 1896 ἔθου,
380 1823 431 1885 καί
443 1819 479 1885 οὗ
488 1819 528 1904 μή
540 1817 658 1908 ὑπερβῇ.
670 1819 770 1886 2ἆπό·
804 1817 953 1903 στόματός
965 1848 1037 1898 σου,
1054 1821 1123 1887 οὐδὲ
1135 1823 1275 1908 διέκρινας
1287 1825 1410 1908 ῥήματα

165 1929 224 1969 στα
236 1903 285 1968 ὄπτ’
303 1902 407 1979 αὑτοῦ,
426 1908 477 1968 ’ίνα
490 1895 637 1989 ήσυχόση,Ι
659 1908 709 1969 καὶ
722 1904 769 1969 εὖ·
802 1906 965 1970 δυναστῶν.
991 1905 1006 1947 2
1019 1905 1135 1983 ἐλέγξαι
1154 1931 1183 1971 οε
1196 1904 1232 1970 τό
1246 1904 1299 1971 σὸν
1311 1904 1410 1991 στόμα

164 1983 276 2080 δοκήση
295 1986 349 2051 τὸν
364 1991 444 2072 βίον,
471 1983 565 2072 ιδςπερ
578 1980 768 2090 ὁμισθωτός.
803 1990 854 2052 καὶ
865 1986 905 2072 μή
915 1985 984 2065 έγιδ,
996 1986 1036 2051 τό
1049 1989 1082 2053 δὲ
1093 1989 1172 2073 χείλη
1186 2015 1240 2055 σου
1253 2015 1412 2076 καταμαρ-

166 2072 179 2112 ⁷
191 2073 255 2134 έστι
267 2069 325 2154 γὰρ
342 2071 452 2153 δένδρῳ
463 2070 560 2148 ἐλπίς,
588 2074 639 2135 ἕαν
650 2071 708 2156 γὰρ
722 2074 769 2134 ε’κ-
803 2067 1058 2154 τυρήσουσίνσου.
1080 2073 1093 2114 ⁷
1105 2077 1137 2136 τί
1148 2070 1207 2155 γάρ
1213 2102 1224 2149 ,·
1236 2070 1277 2156 μή
1289 2079 1409 2156 πρῶτος

165 2158 260 2237 κοπῇ,
286 2156 329 2216 έτι
342 2148 510 2236 έπανθήσει,
529 2153 580 2217 καὶ
593 2149 610 2216 ό
624 2150 770 2238 ῥάδαμνος
802 2151 976 2238 ἀνθρώπων
997 2149 1155 2238 ἐγεννήθης
1160 2183 1172 2234 ;
1197 2152 1294 2240 ἢπρό
1314 2162 1409 2220 θινῶν

164 2227 260 2302 αιἰτόῦ
277 2237 313 2301 οὐ
330 2235 371 2338 μή
391 2236 518 2339 ἕκλείπη.
544 2235 624 2299 2ἐὰν
639 2236 698 2321 γὰρ
716 2263 768 2319 γη·
803 2232 931 2320 έπέγης,·
969 2233 1017 2320 2ἢ
1043 2239 1195 2318 σίινταγμα
1212 2245 1317 2323 κυρίου
1333 2236 1408 2323 ἀκή-

164 2316 241 2410 ριέση
254 2322 284 2384 έν
296 2345 334 2413 γη
350 2347 367 2400 η
380 2321 445 2404 ῥίζα
457 2323 569 2394 αυτοῦ,
582 2322 614 2384 ἐν
626 2318 659 2384 δὲ
671 2323 768 2403 πέτρᾳ
801 2344 891 2397 κοαςς
917 2319 936 2401 ἢ
964 2317 1123 2405 συμβούλῳ
1149 2346 1196 2386 σοι
1221 2317 1365 2407 ἐχρήσατο
1390 2319 1407 2385 ὁ

163 2397 332 2507 τελευτήσῃ,
357 2402 392 2466 τὸ
406 2401 541 2487 στέλεχος
554 2399 649 2466 αὐτοῦ
676 2405 691 2444 2
705 2399 768 2466 ἀπὸ
801 2398 890 2481 θεόςς
914 2407 953 2477 είς
969 2402 1003 2465 δέ
1019 2426 1052 2467 σε
1069 2401 1193 2481 ιἰφίκετο
1209 2412 1318 2484 σοφίας
1348 2406 1364 2446 ⁹
1379 2410 1410 2467 τί

163 2485 255 2569 ὀσμῆς
267 2481 375 2561 ν’δατος
387 2481 517 2570 ἀνθήσει.
543 2480 657 2568 ποιήσει
671 2484 703 2548 δὲ
715 2495 769 2550 θε-
800 2485 858 2572 γὰρ
873 2484 955 2559 σίδας
968 2481 987 2548 ὃ
1000 2483 1056 2549 οὐκ
1069 2487 1187 2569 οἴδαμεν
1191 2515 1203 2565 ,·
1229 2486 1248 2569 ἢ
1262 2493 1294 2551 τί
1305 2492 1408 2559 συνίεις

163 2570 281 2656 ρισμὸν,
307 2564 402 2652 έέςπερ
427 2566 575 2649 νεόφυτον.
602 2571 631 2609 ¹⁰
645 2566 719 2654 ἀνήρ
737 2566 769 2632 δὲ
803 2568 850 2643 σὺ,
864 2563 883 2632 ὃ
896 2567 933 2632 οὐ
948 2569 998 2632 καί
1017 2565 1110 2651 (μεῖςς
1132 2572 1161 2612 ¹⁰
1173 2576 1224 2633 καί
1235 2595 1267 2647 γε
1278 2565 1408 2654 πρεσβύ-

162 2648 337 2735 τελευτήσας
359 2651 470 2735 ᾤχετο,
495 2649 594 2716 πεσὼν
611 2649 641 2714 δέ
661 2647 768 2737 βροτός
803 2677 853 2734 της
865 2657 918 2715 καί
927 2661 959 2728 Ιγε
971 2678 995 2714 π
1035 2650 1099 2726 αιὸς
1112 2656 1143 2716 έν
1156 2649 1234 2736 ήμίν,
1241 2649 1408 2776 ηδαρύτερος

163 2736 218 2800 οὐκ
232 2740 275 2798 έτι
286 2738 355 2798 ἐστί.
381 2740 406 2776 22
418 2731 515 2816 χρόνῳ
528 2735 586 2818 γὰρ
600 2737 768 2810 σπανίζεται
802 2738 858 2798 τοί·
872 2729 988 2819 πατρός
1001 2759 1058 2799 σου
1076 2731 1202 2819 ἡμέραις.
1227 2739 1239 2775 2
1265 2733 1352 2810 ὀλίγα
1364 2726 1408 2796 ὧν

161 2815 320 2890 θάλασσα,
337 2815 517 2895 ποταμόςδέ
530 2819 690 2900 ἐρημωθεὶς
704 2820 769 2900 έξη-
803 2812 972 2918 ήμάρτηκας
1005 2824 1236 2895 μεμαστίγωααι,
1273 2813 1407 2898 μεγάλως

162 2896 270 2986 ρανθη.
295 2902 322 2940 22
335 2897 498 2983 ἅνθρωπος
514 2898 547 2963 δέ
563 2902 713 2983 κοιμηθεὶς
732 2898 768 2965 οὐ
802 2893 1045 2983 υπερβαλλόντως
1056 2895 1226 2980 λελέληιιας.
1244 2902 1305 2960 22τί
1317 2894 1406 2961 ἐτόλ.

162 2983 221 3066 μήν
239 2983 354 3073 ἀναστῇ
368 2987 424 3056 ἕως
442 2980 480 3045 ἂν
497 2977 655 3066 όοίιρανὸς
673 2981 709 3046 οὐ
727 2980 768 3065 μή
799 3004 888 3064 μησεν
909 2976 928 3062 ἡ
946 2979 1052 3062 καρδία
1069 3004 1123 3042 σου
1129 3006 1141 3054 ,·
1166 2977 1229 3059 ἢτί
1244 2975 1407 3059 ἐπήνεγκαν

164 3069 312 3151 συῤῥαφῇ,
330 3065 380 3128 καί
394 3062 447 3129 οὐκ
461 3061 768 3148 ίξυπνισθήσονταιὲξ
800 3067 831 3127 oi
844 3060 1003 3143 ὀφθαλμοί
1015 3085 1071 3124 σου
1073 3087 1087 3137 ,·
1104 3062 1138 3159 221
1144 3057 1192 3123 ὅτι
1204 3058 1303 3207 θυμὸν
1316 3063 1406 3146 έῤῥη-

165 3147 258 3214 ῧπνου
269 3146 377 3212 αὐτῶν.
388 3149 439 3212 22εί
446 3149 505 3233 γὰρ
515 3147 621 3228 ὄφελον
629 3152 659 3213 έν
668 3145 726 3231 ᾅδη
734 3171 768 3228 με
798 3147 851 3221 ξας
860 3147 955 3208 ἔναντι
967 3147 1076 3227 κυρίου,
1089 3143 1226 3224 έξηγαγες
1258 3143 1315 3206 ὲέκ
1331 3146 1406 3210 στό-

163 3229 322 3314 ἒφόλαξας,
337 3234 468 3335 έκρυψας
482 3234 516 3297 δέ
526 3257 561 3314 με
574 3237 629 3306 ἕως
642 3231 679 3297 ἂν
688 3222 767 3296 πἀδ-
798 3252 890 3307 ματος
904 3222 1022 3331 ῥήματα
1033 3230 1169 3289 τοιαῦτα.
1192 3226 1222 3267 ¹⁴
1234 3233 1278 3300 τίς
1290 3223 1348 3312 γόιρ
1364 3229 1406 3292 ὧν

164 3323 254 3400 σηταί
266 3342 322 3380 σου
336 3312 354 3398 ή
369 3316 458 3400 οργή,
483 3317 535 3380 καί
547 3314 621 3397 τάξη
634 3341 684 3396 μοι
696 3308 768 3400 χρό-
798 3309 914 3396 βροτὸς,
925 3335 972 3374 οτι
981 3311 1062 3374 ἔσται
1072 3306 1224 3391 ἄμεμπτος
1229 3338 1242 3388 ,·
1254 3308 1273 3393 ἢ
1284 3309 1325 3385 ὡς
1337 3313 1405 3375 έσό-

163 3426 215 3466 νον
224 3404 255 3465 ἐν
268 3388 402 3483 ᾦμνείαν
410 3425 468 3480 μου
477 3388 698 3480 ποιήση.’22έὰν
710 3394 767 3480 γόιρ
799 3418 880 3477 μενος
895 3393 1006 3466 δίκαιον
1017 3391 1153 3473 γὲνίηῐὸς
1166 3389 1316 3471 Μαικόςῐ
1340 3396 1366 3436 ¹⁶
1380 3400 1406 3456 ‘¹

162 3479 309 3566 ἆπσθόνη
322 3482 493 3568 ἄνθρωπος,
507 3471 623 3586 ζήσεται
634 3479 766 3545 συντελέ-
800 3475 878 3541 κατὰ
901 3473 992 3554 ἁγίων
1008 3473 1044 3538 οὗ
1062 3471 1205 3550 πιστεύει,
1229 3474 1355 3561 οὐρανὸς
1371 3475 1403 3538 δὲ

163 3594 217 3643 σας
231 3559 340 3651 ἡμέρας
356 3571 412 3630 τοῦ
422 3570 489 3651 βίου
502 3568 606 3629 αυτοῦ.
634 3561 768 3643 ὑπομενῶ
801 3559 839 3625 οὗ
852 3557 988 3645 καθαρὸς
1005 3561 1135 3623 ἐναντίον
1153 3557 1257 3623 αὐτοῦ.
1282 3559 1311 3599 22
1322 3558 1357 3620 &a
1369 3558 1403 3620 δὲ

163 3654 218 3723 ἕως
235 3645 325 3715 πόλιν
342 3651 479 3730 γένωμαι.
506 3649 532 3689 ¹⁶
545 3645 610 3711 εἶτα
627 3645 767 3719 καλέσεις,
801 3643 1002 3729 ἰβδελυγμένος
1012 3642 1063 3704 καὶ
1073 3636 1247 3726 ἀκάθαρτος
1255 3636 1339 3722 ἇνήρ,
1348 3645 1402 3701 πί-

163 3732 221 3807 ἐγώ
238 3732 272 3795 δέ
284 3757 332 3796 σοι
351 3728 572 3811 ὑπακούσομαι,
599 3729 638 3791 τὰ
651 3725 683 3791 δὲ
696 3731 768 3810 ἔργα
801 3752 858 3791 νων
883 3724 998 3798 ἀδικίας
1016 3722 1067 3788 ἶσα
1084 3728 1178 3825 ποτηῖ.
1207 3723 1235 3822 ’22
1247 3719 1401 3819 ἇναγγελώ

143 3860 146 3867 .
164 3819 225 3877 τῶν
236 3818 337 3897 χειρῶν
351 3839 403 3878 σου
414 3811 455 3894 μή
469 3811 631 3877 ἀποποιοῦ.
645 3809 768 3894 22ήρίθ-
802 3809 837 3872 δέ
849 3834 905 3884 σοι,
918 3807 1010 3871 δι’κουέ
1018 3832 1087 3887 μου,
1100 3803 1167 3888 ἃδη
1177 3805 1294 3887 ἕωρακα
1307 3826 1402 3879 αναγ-

162 3922 258 3979 μησας
276 3897 310 3960 δέ
325 3920 382 3975 μου
405 3892 443 3958 τὰ
462 3890 692 3976 ἐπιτηδεύματα,
718 3894 768 3955 καὶ
799 3891 877 3966 γελῶ
890 3916 949 3963 σοι,
967 3890 995 3931 ¹⁸
1008 3886 1029 3952 ἃ
1042 3890 1135 3969 σοφοί
1146 3890 1270 3970 ἐροῦσιν,
1281 3885 1333 3947 καί
1345 3883 1403 3949 οὐκ

164 3979 200 4043 οὒ
222 3977 263 4060 μή
281 3978 423 4062 παρελθη
442 4002 474 4041 σε
491 3975 577 4041 οὐδέν
593 3978 654 4038 τῶν
671 3971 767 4054 ἆμασ-
800 3976 935 4056 έίιρυφαν
943 3975 1068 4056 πατέρες
1081 3969 1188 4034 αὐτῶν.
1201 3965 1337 4041 22αίιτοῖς
1346 3965 1405 4050 μό-

162 4066 234 4125 τιῶν
247 4087 314 4141 μου.
352 4061 380 4101 22
392 4049 572 4141 έσφράγισας
588 4057 623 4121 δέ
637 4080 696 4134 μου
714 4034 768 4129 τέις
800 4079 860 4127 νοις
872 4050 967 4136 ἐδόθη
979 4049 998 4134 ἢ
1010 4058 1063 4134 γῆ,
1076 4057 1127 4117 καὶ
1138 4050 1193 4116 οὐκ
1206 4049 1336 4134 ἐπῆλθεν
1348 4048 1402 4114 ἆλ-

163 4143 286 4224 ἀνομίας
305 4145 337 4205 έν
354 4143 520 4226 βαλαντίῳ,
546 4134 716 4219 έπεσημήνω
735 4138 767 4202 δὲ
800 4135 916 4219 λογενής
930 4133 972 4199 ἐπ’
989 4133 1109 4209 αὐτούς.
1123 4138 1217 4208 22πᾶς
1229 4131 1247 4198 ὁ
1258 4137 1322 4218 βίος
1334 4129 1405 4196 ιἰσε-

164 4228 216 4292 είτι
229 4225 311 4291 δίκιον
325 4227 465 4307 παρέβην.
494 4224 522 4265 ¹⁸
535 4223 587 4284 καί
598 4210 677 4303 πλήν
695 4219 767 4306 ὅρος
798 4224 871 4304 βοῦς
882 4221 914 4281 έν
926 4219 1069 4299 φροντίδι,
1082 4222 1136 4320 ἔτη
1147 4216 1178 4281 δὲ
1192 4214 1344 4300 ἀριθμητὰ
1357 4215 1403 4278 δε-

163 4316 275 4376 πίπτον
299 4308 495 4376 διαπεσεῖται,
521 4305 571 4366 καί
593 4306 690 4389 πέτρα
706 4330 767 4368 πα·
799 4305 906 4383 δομένα
920 4296 1056 4386 δυνόστη.
1082 4303 1140 4364 22ο
1157 4297 1190 4364 δὲ
1202 4295 1297 4383 φόβος
1310 4295 1404 4361 αὐτοῦ

162 4388 366 4476 λαιωθήσεται
396 4391 427 4452 έν
457 4390 512 4450 τοῦ
542 4381 639 4450 τόπου
666 4384 765 4469 αὐτῆς.
799 4388 830 4449 ἐν
847 4382 920 4448 ὠσὶν
938 4381 1042 4446 αὐτοῦ.
1069 4379 1143 4447 ὅταν
1161 4382 1235 4472 δοκῇ
1253 4380 1309 4483 ήδη
1326 4384 1404 4462 εἰρη-

164 4479 300 4551 mamone
313 4472 435 4539 ίλέαναν
447 4466 553 4541 ὕδατα,
564 4472 614 4533 καὶ
624 4470 766 4534 κατέκλυ-
798 4465 893 4541 νεύειν,
906 4461 964 4546 ήξει
976 4462 1072 4528 αὐτοῦ
1082 4462 1101 4549 ή
1111 4488 1315 4547 καταστροφη.
1328 4460 1405 4565 22μὴ

1241 4567 1406 4611 πιστευέτω
1454 4562 1456 4568 ”
