2924 4972
143 224 627 290 ΠΑΡΑΛΕΙΠΟΜΕΝΩΝ
658 232 870 292 τινιιτσΝ
893 228 1154 317 Κιμβρον.
1170 238 1219 303 13.
1250 243 1316 305 419

63 345 190 428 βοηθοῖς
203 363 273 412 σου,
289 336 336 401 ὅτι
350 336 501 423 ἐβοηθησέ
514 367 560 406 σοι
574 338 591 403 ό
604 336 675 415 θεός
707 367 752 416 τες
765 340 888 422 ἀδελφοὶ
900 343 1001 409 αύτιῖνν
1011 346 1070 428 μετ’
1088 346 1197 412 αὐτῶν.
1222 352 1251 391 ³³
1265 354 1316 416 καί

64 447 128 485 σου.
153 421 204 484 καὶ
221 423 418 507 προςεδέξατο
436 420 547 496 αύτούς
567 424 674 498 Δαυίδ,
707 422 769 489 ἀπὸ
782 424 944 515 Ζαβουλών
961 426 1183 515 ἐκπορευόμενοι
1201 436 1240 507 εἱς
1252 460 1315 498 πα-

63 508 115 568 καὶ
133 505 309 631 κατέστησεν
329 502 442 579 αύτούς
456 503 603 590 ἄρχοντας
616 510 676 571 τῶν
726 506 828 585 άταξιν
844 509 974 593 πολέμου
994 515 1024 576 ἐν
1041 517 1114 578 πᾶσι
1133 510 1240 579 σκεύεσι
1253 543 1314 581 πο-

64 586 221 690 δυηάμεων.
235 593 246 630 ¹
272 590 323 651 καί
334 585 398 653 ἀπὸ
412 595 570 673 Μανασσῆ
584 614 675 672 προς·
706 532 832 672 λεμικοῖς
853 591 1036 740 πεντηκοντα
1050 593 1176 682 χιλιάδες
1195 602 1315 685 βοηθη-

960 676 997 742 ού
1020 685 1190 767 χερσκένως.
1218 682 1315 745 2*καί

64 754 134 831 τούς
146 752 266 838 ἀλλοφύ
286 781 338 829 ους
351 757 400 818 ἐπὶ
411 754 519 819 Σαούλ
532 761 571 830 εἷς
583 751 672 820 πόλε-
707 753 770 820 ἀπὸ
782 759 928 839 Νεφθαλὶ
937 757 1072 844 ἀρχοντες
1082 765 1183 865 χίλιοι,
1194 767 1244 830 καί
1252 760 1311 847 μετ’

62 863 127 922 μον.
154 842 206 905 καὶ
219 837 276 905 οὐκ
290 835 452 925 ἐβοήθησεν
465 837 569 913 αύτοῖς
582 836 629 902 ὅτι
643 843 674 903 ἐν
707 837 808 904 αὐτῶν
822 844 852 905 ἐν
864 851 982 924 θυρεοῖς
994 847 1045 907 καὶ
1057 848 1160 931 δορασι
1173 873 1314 935 τριακοκ·

63 923 157 1014 βουλῇ
183 927 296 1001 ἐγένετο
314 920 399 1007 παρά
419 928 479 989 τῶν
498 927 673 1007 στρατηγῶν
707 923 821 988 ταεπτά
834 924 968 1008 χιλιάδες.
996 928 1025 968 ³⁵
1038 930 1089 993 καὶ
1101 928 1163 994 ἀπό
1174 937 1236 996 τῶν
1246 937 1314 995 Λα-

63 1010 126 1070 τῶν
139 1005 319 1087 ἀλλοφύλων
332 1001 486 1083 λεγόντων,
503 1009 535 1070 ἐν
548 1018 614 1080 ταῖς
625 1031 672 1069 κε-
706 1010 794 1069 νιτῶν
806 1005 1065 1093 παρατασσόμενοι
1077 1016 1116 1085 εἰς
1130 1010 1259 1097 πόλεμον
1272 1018 1313 1079 εί-

64 1088 177 1167 φαλαῖς
194 1094 254 1154 τῶν
272 1087 388 1173 ἀνδρῶν
407 1093 520 1153 ἐκείνων
536 1091 672 1173 ε’πιστρέ-
705 1088 851 1155 κοσιοκτιό
888 1088 1013 1176 χιλιάδες
1051 1095 1102 1157 καλ
1134 1093 1311 1162 ὀκτακόσιοι.

65 1191 115 1250 ψει
139 1172 217 1256 πρὸς
241 1170 295 1236 τόν
320 1170 419 1256 κύριον
442 1169 538 1237 αύτσύ
555 1170 670 1236 Σαούλ.
705 1173 735 1213 ³⁰
748 1175 799 1236 καὶ
820 1172 883 1239 ἀπὸ
909 1179 965 1239 τού
986 1172 1078 1260 Ἀσὴρ
1096 1176 1314 1260 ἐκπορευόμενοι

64 1256 134 1319 2θέν
147 1261 189 1337 τῷ
201 1259 384 1339 πορευθῆναι
398 1254 449 1317 τὸν
460 1256 559 1319 Λαυὶδ
567 1261 606 1329 εἰς
616 1262 672 1319 Σι-
703 1259 854 1340 βοηθῆσαι
868 1263 907 1333 εἷς
921 1255 1065 1341 πόλεμον,
1091 1256 1314 1346 τεσσαράκοντα

64 1336 157 1414 κελάγ
173 1332 398 1421 προςεχαίρησαν
419 1335 501 1419 αύτῷ
517 1335 580 1402 ἀπὸ
594 1344 671 1402 Μα·
703 1336 836 1422 χιλιάδες.
863 1342 892 1382 ³⁷
905 1344 956 1404 καὶ
969 1343 1000 1405 ἐκ
1013 1344 1108 1425 πέραν
1126 1346 1182 1406 τού
1197 1339 1315 1428 Ἰορδά-

62 1426 163 1505 νασσῆ
174 1418 273 1494 Ἐδνά,
292 1422 343 1483 καί
357 1416 518 1504 Ἰωζαβάθ,
532 1421 584 1484 καλ
595 1415 672 1485 Ῥω·
705 1447 758 1487 νου
773 1421 835 1486 ἀπὸ
845 1421 982 1509 Ῥουβὴν,
996 1429 1047 1489 καί
1060 1425 1169 1501 Γαδδὶ,
1188 1428 1239 1490 καί
1252 1424 1314 1490 ἀπό

63 1504 141 1586 διηλ,
155 1505 207 1568 καί
219 1501 357 1587 Μιχαίχλ,
371 1499 672 1589 καὶ’1ωσαβαὶθ,καὶ
704 1509 758 1568 τοῦ
776 1502 899 1589 ἱχμίσους
918 1508 1014 1590 φυλῆς
1028 1513 1185 1593 Μανασσῆ
1197 1512 1229 1573 ἐν
1241 1514 1314 1574 πᾶσι

59 1585 218 1671 Ἐλιμούθ,
231 1590 282 1651 καί
293 1588 423 1668 Σεμαθὶ,
442 1584 566 1671 ἀρχηγοὶ
576 1582 673 1670 χιλιά-
704 1585 815 1653 σκεύεσι
825 1590 993 1673 πολεμικοῖς
1002 1589 1108 1655 ἑκατὸν
1117 1593 1209 1657 εἴκοσι
1218 1588 1313 1677 χιλιά-

62 1672 125 1735 δων
142 1673 198 1736 εἱσὶ
217 1675 275 1736 τού
287 1673 452 1753 Μανασσῆ.
478 1674 504 1711 ²¹
517 1672 569 1734 καί
585 1666 673 1735 αύτοὶ
704 1671 756 1746 δες.
770 1670 913 1749 32πάντες
927 1664 1011 1738 ούτοι
1026 1673 1126 1761 ἀνδρες
1137 1675 1314 1760 πολεμισταί

63 1752 263 1860 συνεμάχησαν
280 1758 324 1837 τῷ
342 1753 441 1818 Δαυὶδ
457 1756 507 1819 ἐπὶ
526 1751 578 1819 τόν
595 1755 672 1818 Γεδ-
703 1753 961 1841 παρατασσόμενοι
987 1755 1155 1844 παράταξιν
1178 1762 1210 1824 ἐν
1228 1763 1312 1851 ψυχῇ

61 1836 149 1925 δούρ,
176 1837 221 1903 ότι
235 1839 358 1904 δυνατοὶ
370 1832 468 1921 ἰσχύος
478 1834 593 1914 πάντες.
620 1839 672 1902 καὶ
703 1843 836 1930 εἰρηνικῇ.
863 1846 913 1906 καὶ
934 1830 1029 1925 ἦλθον
1051 1846 1089 1917 εἰς
1110 1840 1235 1929 Χεβρὼν
1254 1846 1312 1906 τού

61 1911 137 2004 ἦσαν
161 1919 315 2005 ἡγούμενοι
334 1925 364 1987 ἐν
380 1926 417 2011 τῇ
438 1927 565 2007 στρατιᾷ
584 1926 616 1986 ἐν
633 1926 670 2013 τῇ
702 1924 873 2007 βασιλεῦσαι
887 1923 939 1989 τὸν
953 1925 1053 1989 Δαυὶδ
1070 1927 1120 1990 ἐπί
1132 1922 1232 1991 πάντα
1250 1921 1312 1990 Ἰσ·

61 2002 192 2088 δυνάμει,
216 2009 246 2048 ²²
260 2003 308 2070 ότι
328 2002 439 2090 ἡμέραν
452 2008 482 2082 ἔξ
495 2003 604 2091 ἡμέρας
617 2003 671 2091 ἥρ·
703 2001 787 2090 ραηλ.
802 2009 853 2072 καὶ
866 2004 884 2072 δ
897 2005 1081 2084 κατάλοιπος
1091 2006 1216 2096 Ἰσραὴλ
1229 2004 1311 2091 ψυχὴ

60 2115 149 2190 χοντο
162 2086 237 2176 πρός
248 2089 344 2154 Δαυὶδ
356 2093 395 2162 εἱς
408 2085 531 2172 δύναμιν
544 2084 672 2171 μεγάλην
702 2095 755 2169 μία
773 2095 827 2154 τοῦ
839 2091 1011 2175 βασιλεῦσαι
1025 2090 1078 2154 τὸν
1091 2094 1195 2157 Δαυίδ.
1216 2092 1247 2134 ³⁹
1260 2092 1312 2154 καὶ

61 2199 102 2246 ως
115 2168 234 2254 δύναμις
247 2178 302 2236 τοῦ
317 2175 401 2234 θεοῦ.
417 2172 446 2210 ²³
457 2174 617 2235 καὶταῦτα
633 2168 671 2233 τά
705 2162 780 2253 ἦσαν
798 2176 860 2236 ἐκεῖ
876 2169 985 2257 ἡμέρας
998 2185 1075 2257 τρεῖς
1094 2178 1245 2248 ἐσθίοντες
1259 2175 1311 2236 κυιὶ

60 2251 193 2338 ὀνόματα
211 2259 272 2319 τῶν
285 2249 440 2355 ἀρχόντων
453 2257 505 2335 τῆς
518 2257 669 2335 στρατιάς,
702 2259 850 2329 πίνοντες,
877 2254 923 2318 ὅτι
949 2251 1114 2337 ἡτοίμασαν
1138 2261 1168 2320 οἱ
1187 2253 1310 2334 ἀδελφοὶ

62 2343 93 2401 οἱ
118 2334 257 2409 ἐλθόντες
280 2361 357 2418 στρος
375 2335 470 2398 Δαυὶδ
486 2340 525 2409 εῖς
543 2335 671 2419 Χεβρὼν
703 2332 815 2401 αὐτῶν.
851 2335 885 2378 ⁴⁰
898 2338 949 2399 καὶ
966 2340 997 2399 οἱ
1014 2333 1190 2420 δμορούντες
1207 2337 1310 2411 αὐτοῖς

62 2423 118 2481 τοῦ
133 2417 328 2499 ἀποστρέψαι
341 2416 395 2499 τὴν
404 2417 554 2518 βασιλείαν
566 2415 672 2481 Σαούλ
704 2421 759 2491 ἕως
772 2413 916 2502 Ἰσσάχαρ
935 2419 987 2480 καὶ
999 2418 1164 2501 Ζαβουλὼν
1182 2422 1234 2482 καὶ
1247 2423 1311 2481 Νε-

62 2497 138 2581 πρός
164 2496 259 2562 αὐτὸν
282 2498 361 2562 κατὰ
380 2522 432 2561 τον
450 2494 540 2574 λόγον
558 2506 670 2583 κυρίου.
704 2500 817 2578 φθαλὶ,
845 2504 950 2582 ἔφερον
964 2496 1067 2571 αύτσῖς
1080 2502 1131 2562 ἐπὶ
1143 2505 1202 2562 τῶν
1215 2495 1311 2582 καμη-

61 2584 94 2626 22
104 2585 164 2646 υἱοί
174 2578 274 2646 Ἰούδα
287 2577 467 2666 θυρεοφόροι
482 2584 532 2645 καὶ
544 2582 672 2666 δορατο-
703 2582 764 2645 λιον
788 2584 839 2646 καὶ
864 2587 924 2644 τῶν
947 2580 1023 2642 ὄνων
1040 2581 1169 2643 καὶτῶν
1187 2578 1311 2662 ἡμιόνων

61 2661 163 2751 φόροι,
183 2669 218 2740 ἓξ
229 2659 354 2748 χιλιάδες
368 2667 420 2728 καὶ
432 2661 605 2729 ὀκτακόσιοι
619 2666 671 2728 δυ·
703 2667 754 2728 καί
766 2667 816 2727 ἐπὶ
829 2668 889 2726 τῶν
896 2658 1015 2746 μόσχων
1024 2657 1176 2748 βρώματα,
1191 2663 1310 2747 ἄλευρα,

59 2753 147 2814 νατοὶ
163 2744 366 2833 παρατάξεως.
398 2750 427 2790 ²⁵
440 2752 500 2810 τῶν
519 2751 591 2811 υἱῶν
608 2754 670 2810 Συα
701 2741 855 2821 παλάθας,
868 2747 1022 2827 σταφίδας,
1036 2744 1125 2823 οἶνον,
1135 2748 1185 2810 καὶ
1195 2745 1309 2822 ἔλαιον,

58 2832 148 2917 μεών,
174 2834 295 2897 δυνατοὶ
314 2827 414 2916 ἰσχύος
432 2834 471 2904 εἷς
489 2825 668 2914 παράταξιν,
699 2825 827 2915 μόσχους
839 2831 891 2894 καὶ
904 2825 1044 2916 πρόβατα
1059 2834 1098 2905 εἷς
1110 2830 1240 2914 πλῆθος,
1262 2826 1309 2895 ὅτι

58 2915 136 2980 ἑπτά
148 2911 272 3000 χιλιάδες
284 2917 335 2980 καὶ
347 2908 464 2979 ἑκατόν.
478 2915 509 2956 ²⁰
522 2918 583 2977 τῶν
596 2918 668 2978 υἱῶν
699 2911 866 2999 εὐφροσύνη
879 2916 910 2978 ἐν
919 2909 1051 3000 Ἰσραήλ.

57 3004 148 3073 Λευὶ,
180 3000 399 3102 τετρακιςχίλιοι
430 2999 482 3062 καὶ
508 2995 664 3073 ἑξακόσιοι.
884 3002 959 3060 ΚΕ
972 3002 1010 3060 Φ.
1055 2991 1113 3060 11*
1116 3046 1122 3058 .

57 3086 87 3125 ²⁷
100 3084 150 3148 καί
171 3079 297 3157 Ἰωαδάς
316 3110 333 3147 ο
352 3076 510 3164 ἡγούμενος
529 3086 571 3163 τῷ
592 3078 663 3146 Ἀα-
697 3047 782 3145 Καὶ
809 3078 1006 3166 ἐβουλεύσατο
1030 3081 1128 3145 Δαυὶδ
1151 3077 1225 3163 μετά
1247 3085 1307 3144 τῶν

56 3167 126 3250 ρών,
140 3167 190 3230 καί
201 3165 257 3248 μετ’
275 3165 369 3231 αὐτοῦ
383 3176 458 3250 τρεῖς
475 3162 599 3248 χιλιάδες
612 3168 664 3230 καὶ
695 3161 852 3249 χιλιάρχων
865 3167 985 3229 καὶτῶν
998 3164 1221 3248 ἑκατοντάρχων
1232 3188 1306 3227 παν·

55 3245 238 3314 ἑπτακόσιοι.
265 3252 295 3292 ²⁸
309 3253 360 3313 καὶ
370 3248 482 3312 Σαδιόκ
496 3252 559 3324 νέος
572 3252 663 3314 δυνα-
695 3253 724 3312 τὶ
746 3247 901 3331 ἡγουμένῳ.
939 3251 1017 3311 2καὶ
1035 3247 1205 3311 εέπεΔαυίδ
1222 3242 1305 3340 πόση

53 3335 107 3407 τὸς
122 3328 207 3432 ἰσχύϊ,
221 3333 272 3394 καὶ
284 3337 335 3413 τῆς
345 3337 488 3413 πατρικῆς
501 3337 597 3406 οἰκίας
607 3331 662 3395 αύ-
695 3333 833 3415 ἐκκλησίᾳ
849 3326 979 3416 Ἰσραήλ.
1005 3335 1028 3393 ελ
1046 3326 1088 3407 ἐφ’
1107 3328 1172 3409 ὑμῖν
1185 3328 1305 3403 ἀγαθὸν

52 3420 110 3480 τοῦ
133 3417 271 3496 ἀρχοντες
296 3413 451 3478 εἰκοσιδύο.
490 3416 520 3455 ²⁹
534 3417 586 3476 καὶ
603 3419 663 3478 τῶν
696 3416 747 3477 καί
760 3412 846 3496 παρὰ
866 3418 967 3497 κυρίου
986 3418 1040 3475 τού
1053 3416 1130 3473 θεοῦ
1145 3409 1224 3490 ἱχιιῶν
1237 3409 1304 3474 εύσ-

52 3501 129 3563 υἱῶν
148 3498 289 3576 Βενιαμίν
315 3501 375 3559 τῶν
393 3494 529 3573 ἀδελφῶν
547 3493 663 3570 Σαοὺλ,
696 3498 794 3577 δωθῆ,
812 3492 1033 3576 ἀποστείλωμεν
1045 3491 1121 3575 πρὸς
1134 3491 1203 3565 τοὺς
1217 3491 1305 3555 ἀδελ-

52 3592 131 3665 τρεῖς
143 3575 275 3683 χιλιάδες.
291 3580 341 3640 καί
354 3581 397 3640 ἔτι
410 3574 446 3642 τὸ
459 3577 596 3640 πλεῖστον
609 3576 665 3640 αύ-
696 3568 771 3658 φούς
795 3577 876 3660 ἡμῶν
900 3578 971 3654 τοός
993 3575 1252 3657 ὑπολελειμμένους
1267 3579 1305 3639 ἐν

52 3671 117 3730 τῶν
147 3656 307 3728 απεσκόπει
338 3657 391 3741 την
419 3658 552 3741 φυλακην
579 3660 664 3722 οἴκου
695 3658 780 3750 πάση
797 3667 835 3746 γῇ
851 3660 991 3745 Ἰσραὴλ,
1017 3662 1068 3725 καὶ
1084 3658 1142 3740 μετ’
1161 3655 1259 3723 αὐτῶν
1272 3663 1305 3723 οἱ

54 3744 168 3813 Σαούλ.
194 3749 225 3789 ³⁰
240 3745 290 3808 καὶ
303 3741 366 3807 ἀπὸ
382 3740 607 3826 υἱοῖνἘφραὶμ,
627 3741 664 3804 εἴ·
698 3746 780 3826 ἱερεῖς
798 3748 828 3806 οἱ
844 3749 971 3807 Λευῖται
989 3747 1019 3809 ἓν
1037 3739 1139 3808 πόλεσι
1156 3747 1303 3828 κατασχέ·

58 3857 126 3897 κοσι
144 3825 268 3916 χιλιάδες
286 3830 336 3891 καὶ
353 3821 525 3891 ὀκτακόσιοι
544 3827 665 3889 δυνατοὶ
699 3850 770 3899 σεως
784 3823 894 3898 αὐτῶν,
915 3829 965 3890 καὶ
978 3824 1214 3912 συναχθήσονται
1226 3827 1303 3912 πρὸς

59 3912 140 4000 ῖσχύῖ
163 3913 265 3997 ἀνδρες
287 3910 450 3992 ὀνομαστοὶ
475 3907 537 3973 κατ’
566 3911 665 3984 οἴκους
696 3905 783 3992 ἡμᾶς,
803 3909 1099 3992 3καὶμετενέγκωμεν
1111 3907 1165 3994 τὴν
1178 3907 1304 3995 κιβωτόν

56 4003 192 4081 πατριῶν
211 3996 319 4061 αὐτῶν.
349 3996 374 4036 ³¹
388 3996 439 4059 καί
452 3993 514 4057 ἀπὸ
528 3999 584 4059 τοῦ
598 3988 662 4077 ἧμί-
696 3996 755 4058 τού
779 3994 857 4056 θεοῦ
874 3987 956 4072 ἡμῶν
973 3990 1049 4077 πρός
1067 3987 1158 4075 ἡμᾶς,
1184 3991 1229 4057 ότι
1248 3992 1302 4058 οὐκ

58 4108 127 4155 σους
146 4081 241 4164 φυλῆς
259 4082 427 4180 Μανασση,
453 4077 603 4143 δεκαοκτώ
619 4103 664 4161 χι-
696 4072 837 4161 ἐζήτησαν
862 4071 956 4158 αὐτὴν
982 4072 1032 4154 ἀφ’
1055 4072 1167 4159 ἡμερῶν
1186 4073 1301 4142 Σαούλ.

56 4164 169 4239 λιάδες,
195 4166 246 4228 καὶ
263 4170 296 4227 οἱ
310 4161 529 4244 ᾠνομασθησαν
546 4166 578 4226 ἐν
596 4157 662 4225 ὀνό-
696 4161 776 4226 2καὶ
789 4159 849 4225 εἷπε
861 4164 947 4224 πᾶσα
962 4154 981 4241 ἱχ
995 4160 1133 4243 ἐκκλησία
1147 4166 1202 4225 τού
1214 4163 1303 4224 ποι”-

55 4273 129 4332 ματι
142 4252 196 4310 τοῦ
209 4247 379 4331 βασιλεῦσαι
393 4245 447 4308 τόν
458 4246 562 4309 Δαυίδ.
576 4247 664 4307 32καὶ
696 4271 744 4309 σαι
754 4239 912 4320 ούτως,ότι
922 4241 1013 4319 εὐθὺς
1023 4241 1137 4322 ὁλόγος
1147 4247 1176 4307 ἐν
1185 4187 1301 4324 ὀφθαλ-

56 4328 119 4395 άπὸ
144 4335 204 4392 τῶν
222 4335 296 4393 υἱιύν
314 4325 453 4413 Ἰσσάχαρ
473 4324 663 4405 γινώσκοντες
695 4340 760 4409 μοῖς
772 4325 885 4403 παντὸς
901 4334 956 4393 τού
970 4327 1055 4394 λαοῦ.
1080 4333 1158 4391 5καί
1171 4325 1302 4406 ἐξεκκλη-

53 4410 168 4479 σύνεσιν
182 4418 219 4487 εἱς
232 4413 303 4487 τοὺς
316 4409 451 4494 καιρούς,
475 4406 663 4489 γινώσκοντες
697 4416 781 4476 σίασε
798 4413 894 4475 Δαυίδ
908 4412 962 4477 τὸν
980 4409 1082 4477 πάντα
1095 4408 1218 4491 Ἰσραὴλ
1236 4402 1301 4470 ἀπό

53 4504 84 4562 τί
96 4499 218 4577 ποιῆσαι
228 4492 351 4580 Ἰσραὴλ
360 4491 512 4570 διακόσιοι,
524 4496 575 4560 καὶ
585 4490 662 4558 στάν-
696 4490 787 4580 ὁρίων
818 4493 982 4636 ΑΙὶχρΙπτου
1017 4493 1068 4556 καὶ
1104 4494 1172 4582 ἕως
1190 4485 1302 4628 ρριςχὶδρχ

933 4597 950 4636 2
1237 4590 1277 4643 μα

64 697 214 758 εχωρησαν
239 669 316 819 πρὸς
334 672 430 735 Δαυὶδ
457 676 487 736 ἐν
512 678 555 755 τῷ
578 673 674 737 ἐλθεῖν
708 699 759 737 σαι
785 679 828 755 τῷ
847 678 924 740 Δαυὶ
