2924 4972
108 200 192 268 1000
297 196 668 264 ΜΑΚιιΑοΑιτιιν
702 197 975 258 ΔπνππΡοΣ
1014 191 1163 277 παρ’..
1181 195 1238 260 12.

102 350 158 391 κνα
175 325 227 388 καί
244 323 301 407 τήν
320 320 417 404 ἀλλην
436 316 608 403 ἀποσκευ“ν
624 320 663 390 εἰς
677 314 712 381 τό
726 327 730 380 ί
745 315 825 400 πρὸς
837 311 873 380 τὸ
885 317 971 391 γένος
991 311 1116 393 εὐμενεῖς
1133 311 1228 389 εἶναι,
1243 322 1368 401 παρεγέ-
1401 396 1403 401 Ι

103 404 259 491 λεγόμενον
272 410 419 489 Κυρνίον.
445 403 482 487 ἡν
496 400 555 485 γάρ
573 344 713 475 δυςπολι-
745 424 834 465 νοντο
852 403 892 473 είς
907 394 1106 497 Ἰεροσόλυμηι
1125 401 1192 499 της,
1206 402 1278 463 τῶν
1291 404 1368 489 ἑβδο
1393 468 1400 475 ,

103 489 233 577 άρκητον
254 490 307 554 καί
329 482 522 568 δυςπράςιτον
544 485 582 549 τὸ
605 489 714 568 χωρίον
744 479 849 565 μάδων
860 484 966 566 ἑορτῆς
979 477 1072 564 οὐσης
1085 504 1249 558 υπογυου.
1265 482 1367 568 ”pai

104 573 154 640 διά
167 569 223 652 τήν
234 576 296 636 τῶν
312 567 436 635 πάντων
452 573 515 634 τῶν
528 565 633 634 τόπων
646 592 714 633 στε-
746 565 779 631 δὲ
804 563 859 649 τήν
878 565 1037 647 λεγομένην
1064 565 1299 651 Πεντηκοοτήν
1315 569 1368 654 ἀρ
1397 610 1400 617 ,

104 654 230 739 νότητα.
255 657 286 696 ²²
293 657 481 737 έπιφανείοης
500 650 532 715 δὲ
549 656 602 734 της
612 648 714 715 Ἰούδα
746 675 845 735 μηοαν
858 649 908 713 ἐπὶ
915 652 1051 730 Γοργίαν
1060 643 1114 710 τὸν
1122 653 1181 731 της
1192 646 1368 735 Ἰδουμαίας
1396 692 1402 741 η

105 745 227 822 σπείρας
239 733 381 822 πρῶτης,
397 739 449 801 καί
464 736 618 816 γενομένου
629 731 715 807 δέους
747 730 926 818 στρατηγόν.
951 731 981 773 ³³
995 730 1120 812 ἐξῆλθεν
1132 731 1169 795 δι’
1182 732 1272 813 μετὰ
1280 741 1367 813 πεζῶν
1397 764 1400 819 ;

105 825 157 888 cni
169 821 243 895 τούς
255 819 435 900 πολεμίους,
459 814 559 904 φόβου
571 842 604 882 τε
619 820 652 882 ἐκ
663 821 715 901 τῆς
747 817 921 900 τριςχιλίων,
944 817 1063 879 ίππέων
1089 812 1122 878 δὲ
1149 827 1367 902 τετρακοσίων,
1398 826 1403 867 ἶ·

105 909 165 970 τού
175 900 278 968 πάντα
296 905 466 987 ἐφορῶντος
484 904 656 980 ἐπιφανείας
667 924 715 978 γε·
747 901 779 943 ³⁴
793 901 846 964 καί
869 898 1131 981 παραταξαμένων
1145 903 1267 988 συνέβη
1277 916 1366 968 πεσεῖν

106 990 232 1070 νομένου
248 985 293 1050 ἐπ’
310 983 433 1060 αὐτούς,
451 989 490 1060 είς
507 983 602 1079 φυγήν
615 982 716 1067 ῶρμη-
748 980 869 1060 ὀλίγους
887 988 949 1046 τῶν
970 979 1134 1080 Ἰουδαίωηι,
1163 982 1195 1026 τε
1209 991 1365 1062 Αωσηηως

107 1095 163 1138 σαν
188 1067 281 1143 ἀλλος
306 1066 421 1151 ἀλλαχῆ
446 1092 617 1152 φερομενος,
644 1065 716 1141 ῶςτε
750 1067 785 1131 δέ
807 1092 852 1140 τις
872 1069 933 1129 τῶν
953 1068 1008 1129 τοῦ
1021 1068 1212 1150 Βακηνορος
1237 1072 1366 1148 ἔφιππος

105 1148 251 1226 πολλάκις
264 1150 324 1217 ὐπὸ
337 1155 398 1215 τῶν
414 1150 498 1215 ίδίων
513 1147 716 1236 βλάπτεσθαι,
749 1148 826 1233 ἀνήρ
838 1151 888 1213 καί
906 1146 1047 1232 καρτερὸς
1064 1148 1157 1231 εἴχετο
1175 1153 1239 1216 τοῦ
1252 1157 1366 1233 Γοργί-

106 1238 160 1301 καί
171 1244 237 1311 ταῖς
250 1239 313 1299 τῶν
326 1237 420 1312 ξιφῶν
438 1234 547 1334 ἀκμαῖς
559 1232 714 1318 ἀναπείρε-
748 1257 794 1307 ου,
809 1233 860 1297 καί
872 1229 1035 1316 λαβόμενος
1057 1235 1111 1311 τῆς
1123 1230 1287 1314 χλαμύδος
1305 1236 1365 1319 ήγει

108 1328 194 1384 σθαι.
229 1318 261 1360 ²³
266 1321 394 1383 ἐποιεῖτο
407 1316 440 1381 δέ
453 1340 509 1381 τον
521 1314 654 1399 διωγμὸν
667 1314 716 1382 εὐ-
749 1314 843 1381 αὐτὸν
856 1311 1028 1399 εὐρώστως,
1053 1316 1105 1378 καὶ
1117 1313 1307 1399 βουλόμενος
1319 1322 1366 1386 τὸν

107 1396 581 1482 τονῶτερονἸούδας,ουγκεντῶν
595 1398 666 1476 τούς
678 1398 715 1464 ἀ-
748 1394 919 1484 κατάρατον
936 1396 1036 1481 λαβεῖν
1055 1399 1205 1479 ζωγρίαν,
1232 1407 1300 1467 τῶν
1318 1409 1365 1469 ίπ-

107 1482 267 1566 λιτηρίους,
293 1483 444 1586 διέφθειρέ
459 1506 492 1546 τε
513 1487 553 1558 είς
572 1482 715 1566 μυριάδας
748 1484 830 1546 πέων
846 1483 973 1581 Θρᾳκῶχ
985 1478 1066 1554 τινὸς
1078 1482 1297 1565 ἐπενεχθέντος
1311 1485 1364 1552 αὐ-

106 1576 185 1648 τρεῖς
196 1564 326 1649 ἀνδρῶν.
346 1565 476 1640 2Μαυτδς
489 1565 520 1630 δέ
533 1563 551 1630 ὁ
570 1562 716 1648 Τιμόθεος
749 1568 793 1647 τῶ
806 1564 859 1628 καί
871 1563 926 1628 τὸν
939 1587 1021 1642 ιομον
1034 1560 1241 1641 καθελόντος,
1261 1568 1365 1651 διέφυ·

107 1648 241 1731 έμπεσῶν
255 1659 319 1722 τοῖς
335 1649 403 1732 περί
420 1646 473 1712 τὸν
486 1653 647 1713 Δοσίθεον
665 1651 716 1713 καί
748 1671 796 1723 γεν
808 1642 826 1710 ὁ
839 1651 974 1731 Γοργίας
987 1650 1026 1720 είς
1037 1644 1183 1731 Μαρισά.
1210 1651 1244 1693 ³⁶
1256 1656 1321 1718 τῶν
1333 1652 1363 1719 δι’

108 1735 315 1814 Σωσίπατρον
338 1730 419 1815 ήξίου
432 1729 506 1814 μετὰ
518 1731 630 1817 πολλής
641 1757 717 1817 γοη-
749 1733 817 1815 περὶ
840 1727 893 1795 τὸν
911 1728 1032 1828 ’Ἐσδρρν
1053 1728 1208 1796 ἐπιπλεῖον
1230 1740 1362 1818 μαχομέ·

109 1819 188 1888 τείας
209 1814 358 1895 ἐξαφεῖναι
381 1819 460 1880 σῶον
483 1811 586 1881 αὐτόν.
612 1814 662 1881 διά
679 1811 716 1881 τὸ
749 1837 807 1877 νων
833 1811 1201 1889 καὶκατακοπωνὸντων,
1221 1818 1358 1881 ἐπικαλε-

110 1893 252 1960 πλειόνων
267 1895 320 1972 μέν
335 1911 431 1973 γονεῖς
456 1891 499 1963 ῶν
516 1897 550 1963 δὲ
568 1896 716 1979 ἀδελφούς
750 1891 876 1978 σάμενος
889 1893 907 1960 ὁ
919 1890 1039 1970 Ἰούδας
1055 1895 1111 1961 τδν
1121 1892 1223 1980 κύριον
1236 1894 1353 1978 σύμμα-

108 1983 189 2061 έχειν,
216 1980 267 2041 καί
283 1978 412 2052 τούτους
429 1978 620 2063 ἀλογηθήναι
639 2006 716 2063 συμ-
747 2002 800 2064 χον
824 1983 959 2059 φανῆναι
975 1981 1027 2044 καί
1039 1976 1272 2064 προοδηγύντού
1291 2004 1359 2044 πο-

106 2055 244 2145 βήοεται,
258 2065 283 2122 εί
295 2058 459 2125 ἀποθάνοι.
498 2065 528 2105 ²³
541 2059 715 2127 πιστῶσαν-
748 2061 849 2144 λέμου,
887 2063 917 2104 ³⁷
929 2063 1143 2146 καταρξάμενος
1167 2065 1206 2154 τή
1231 2070 1359 2148 πατρίῳ

107 2166 161 2217 τος
179 2141 212 2206 δὲ
229 2140 325 2206 αὐτού
346 2142 396 2207 διά
415 2141 560 2210 πλειόνων
578 2143 633 2210 τὸν
651 2142 716 2230 δρι-
749 2148 835 2237 φωνῇ
847 2144 902 2228 τήν
913 2142 978 2229 μεθ’
995 2146 1096 2228 ὐμνιον
1111 2141 1261 2249 κραυγήν,
1286 2146 1360 2213 ἀνα-

109 2221 184 2308 σμόν
208 2222 470 2311 ἀποκαταστήσειν
487 2223 611 2304 τούτους
636 2228 716 2312 ἀπη-
749 2222 872 2311 βοήσας,
898 2230 950 2292 καί
974 2231 1106 2304 ἐνσείσας
1128 2229 1360 2335 απροςδοκήτως

107 2304 248 2392 μάντους,
275 2308 431 2376 ἀπέλυσαν
448 2309 546 2376 αὐτὸν
569 2317 653 2376 ἕνεκα
665 2316 717 2395 τῆς
748 2315 891 2395 τοῖςπερὶ
903 2308 958 2376 τὸν
970 2315 1117 2413 Γοργίαν,
1129 2313 1251 2414 τροπήν
1265 2319 1360 2380 αὐτῶν

108 2398 171 2458 τῶν
196 2392 332 2473 ἀδελφῶν
363 2389 512 2478 σωτηρίας.
543 2393 718 2470 26έξελθιύν
749 2389 922 2476 ἐποιήσατο.
936 2392 1090 2470 38Ἰονδας
1103 2393 1135 2460 δέ
1148 2396 1359 2485 αναλαβῶντδ

109 2475 205 2541 δέέπί
218 2473 255 2539 τὸ
273 2480 466 2560 Καρνίονκαὶ
479 2473 717 2561 τὸἈταργατεῖ-
750 2475 920 2561 στράτευμα
950 2467 1019 2560 ἦγεν
1031 2483 1071 2554 εἰς
1093 2476 1251 2563 Ὀδολλὰμ
1264 2478 1359 2548 πόλιν.

109 2582 143 2624 ον
162 2562 326 2639 κατέσφαξε
345 2555 490 2645 μυριάδας
502 2557 647 2642 σωμάτων
660 2558 715 2626 δύο
750 2564 802 2640 τής
814 2560 847 2625 δὲ
860 2559 1023 2647 ἑβδομάδος
1036 2560 1270 2647 ἐπιβαλλούσης,
1284 2565 1361 2631 κατά

108 2646 160 2708 καί
172 2643 426 2726 πεντακιςχιλίους.
467 2645 497 2684 ²⁷
510 2645 561 2707 καὶ
572 2644 645 2724 μετά
660 2642 713 2728 τήν
749 2642 803 2707 τὸν
824 2644 948 2728 ἐθισμὸν
967 2642 1161 2732 ἀγασθέντες
1185 2644 1306 2713 αὐτόθι
1327 2648 1362 2713 τὸ

106 2722 223 2791 τούτων
249 2726 364 2810 τροπήν
389 2727 440 2791 καί
467 2722 618 2791 ἀπώλειαν
644 2730 713 2792 έπε-
749 2724 903 2813 σάββατον
914 2726 1066 2812 διήγαγον.
1094 2729 1125 2770 ³⁹
1137 2733 1176 2791 τ’
1190 2729 1224 2793 δὲ
1238 2734 1362 2820 ἐχομένη

107 2805 285 2890 οτράτευσεν
307 2807 427 2884 Ἰούδας
452 2812 503 2874 καί
520 2811 571 2874 ἐπὶ
592 2807 713 2893 Ἐφρῶν
747 2803 846 2893 ἦλθον
868 2816 899 2875 οδ
919 2813 987 2894 περὶ
1007 2813 1063 2876 τὸν
1081 2754 1201 2878 Ἰούάαν
1225 2813 1302 2878 καθ’
1329 2813 1363 2880 ὃν

106 2889 196 2957 πόλιν
221 2891 340 2976 ὀχυράν,
353 2898 384 2957 έν
408 2884 429 2975 ἦ
453 2892 577 2975 κατῴκει
595 2899 713 2968 Λυσίας
748 2890 862 2973 τρόπον
873 2890 909 2958 τά
922 2901 975 2976 τής
984 2900 1082 2977 ’χρείας
1095 2890 1232 2970 ἐγεγόνει,
1245 2896 1288 2961 τά
1301 2904 1365 2963 τῶν

107 2978 158 3040 καί
171 2974 320 3056 πάμφυλα
331 2964 445 3059 πλήθη.
484 2983 595 3041 νεανίαι
607 2976 640 3041 δὲ
652 2976 714 3060 πρὸ
747 2975 1008 3059 προσπεπτωκότων
1026 2972 1151 3056 στύματα
1163 2974 1366 3056 ἀνακομίσα-

106 3063 168 3122 τῶν
180 3064 282 3141 τειχῶν
290 3065 470 3134 κατεστεῶτες
481 3061 629 3160 ῥωμαλέοι
642 3059 716 3126 ἀπε-
748 3068 831 3134 σθαι,
844 3061 895 3123 καὶ
904 3057 977 3142 μετά
994 3063 1053 3123 τῶν
1069 3060 1214 3135 συγγενῶν
1228 3056 1365 3127 ἀποκα-

106 3140 239 3222 μάχοντο
259 3138 432 3222 εὐρώστως,
458 3146 565 3207 ἐνθαδε
578 3141 717 3230 ὀργάνων
748 3147 893 3222 ταστήσαι
912 3149 951 3215 εἰς
968 3141 1039 3216 τούς
1050 3135 1209 3223 πατρῴους
1227 3138 1364 3222 τάφους.
1401 3182 1403 3201 ι

104 3222 157 3284 καὶ
172 3221 269 3305 βελῶν
286 3221 401 3287 πολλαί
419 3228 603 3305 παραθέσεις
619 3225 714 3310 ὐπήρ·
747 3226 779 3267 ⁴⁰
791 3217 877 3305 εὗρον
888 3224 921 3287 δὲ
938 3221 1068 3287 ἑκάστου
1085 3228 1145 3288 τῶν
1159 3223 1364 3308 τεθνηκότων

104 3329 168 3388 χον.
195 3307 227 3348 ²⁸
240 3302 480 3389 ἐπικαλεσάμενοι
499 3306 532 3370 δὲ
549 3309 604 3372 τὸν
623 3309 716 3374 δυνά·
746 3303 805 3371 ὐπὸ
818 3302 889 3378 τούς
899 3311 1023 3388 χιτῶνας
1040 3300 1194 3390 ἱερώματα
1212 3313 1279 3372 τῶν
1292 3309 1362 3377 ἀπὸ

106 3411 190 3472 στην,
203 3385 256 3453 τὸν
276 3389 350 3470 μετὰ
371 3385 499 3475 κράτους
521 3397 716 3479 ουντρίβοντα
743 3388 887 3472 Ἰαμνείας
912 3384 1056 3462 staff-0³7»
1070 3389 1121 3469 ἀφ’
1152 3381 1196 3453 ὧν
1222 3389 1240 3455 ὅ
1268 3389 1362 3474 νόμος

104 3467 161 3543 τάς
174 3477 234 3534 τῶν
246 3473 398 3553 πολεμίων
411 3471 516 3549 ἀλκάς,
536 3474 649 3560 ε’·’λαβον
660 3474 715 3560 τήν
747 3471 879 3557 ἀπείργει
891 3471 964 3548 τούς
972 3471 1148 3548 Ἰουδαίους.
1172 3486 1238 3549 τοῖς
1250 3474 1284 3540 δέ
1294 3483 1359 3542 πᾶ-

105 3549 195 3616 πάλιν
217 3551 397 3638 ὑποχείριον.
429 3559 479 3620 καὶ
501 3561 713 3642 κατεότρωσαν
746 3582 775 3620 σι
789 3556 883 3637 σαφές
892 3559 1006 3633 ἐγένετο
1019 3553 1070 3621 διά
1087 3553 1173 3640 τήνδε
1185 3555 1241 3638 τήν
1254 3562 1358 3625 αἰτίαν

104 3638 166 3698 τῶν
186 3636 270 3698 ἔνδον
287 3641 326 3712 είς
341 3636 487 3719 μυριάδας
503 3639 558 3705 δύο
577 3647 628 3705 καί
642 3666 713 3707 πεν-
745 3634 850 3714 τούςδε
874 3642 1071 3706 πεπτωκέναι.
1124 3640 1153 3682 ⁴¹
1166 3636 1277 3717 πάντες
1300 3632 1357 3708 οὐν

104 3717 306 3799 τακιςχιλίους.
336 3723 366 3763 ²⁹
376 3718 581 3797 ἀναζεύξαντες
594 3724 625 3787 δὲ
638 3728 712 3789 ἐκεῖ·
745 3719 957 3826 εὐλογήσαντες
965 3724 1225 3806 τούδικαεοκρίτου
1237 3731 1353 3808 κυρίου,

104 3804 158 3858 θεν
198 3796 340 3883 ὥρμησαν
372 3806 422 3867 ἐπὶ
447 3809 578 3869 Σκυθῶν
605 3803 712 3881 πόλιν,
745 3809 801 3868 τοῦ
814 3831 854 3870 τοι
867 3809 1046 3890 κεκρυμμένα
1057 3804 1169 3890 φανερά
1182 3812 1352 3883 ποιοῦντος,

105 3874 278 3961 ἀπέχουσαν
297 3882 359 3949 ἀπὸ
374 3883 593 3971 Ἰεροσολύμων
609 3892 712 3955 οταδί-
744 3888 776 3929 ⁴²
790 3893 828 3962 εἷς
841 3894 963 3955 ίκετείαν
981 3885 1154 3973 ἐτράπησαν
1174 3885 1354 3964 ἀξιώσαντες

105 3986 157 4060 θξῖῖ
170 3961 713 4054 ἑλθκοοίους.3οὐιπομαρτυρησάντων
744 3971 781 4035 τὸ
795 3973 916 4048 γεγονὸς
933 3970 1095 4057 ἁμάρτημα
1112 3973 1225 4043 τελείως
1242 3972 1355 4048 ἐξαλει-

104 4043 137 4141 δε
149 4046 211 4106 τῶν
230 4047 294 4106 ἐκεῖ
305 4048 531 4117 κατοικούντων
548 4053 711 4133 Ἰουδαίων,
744 4058 867 4137 φθῆναι.
894 4052 959 4120 ὁδέ
977 4067 1110 4133 γενναῖος
1123 4051 1241 4129 Ἰούδας
1260 4081 1353 4141 παρε-

105 4150 139 4204 ην
159 4130 190 4190 σί
207 4131 441 4199 Σκυθοπολῖται
458 4138 543 4219 ε”οχον
561 4139 637 4222 πρὸς
654 4139 712 4203 αὐ-
743 4138 848 4204 κάλεσε
864 4138 901 4204 τὸ
921 4139 1043 4219 πλῆθος
1061 4148 1208 4223 συντηρεῖν
1227 4137 1353 4213 ἑαυτούς

102 4207 175 4283 τούς
190 4208 315 4288 εὐνοιαν,
339 4216 392 4277 καὶ
404 4220 436 4280 έν
448 4231 512 4292 τοῖς
524 4226 575 4304 τῆς
588 4224 712 4305 ἀτυχίας
743 4218 970 4307 ἀναμαρτήτους
983 4222 1069 4297 εἶναι,
1104 4217 1150 4285 ὐπ’
1168 4219 1245 4305 ὄφιν
1257 4225 1352 4307 διαρα-

101 4305 216 4394 καιροῖς
231 4291 339 4397 ἥμερον
361 4293 529 4383 ἀπάντησιν
542 4308 710 4381 ἐποιοῦντο,
743 4302 834 4380 κότας
846 4303 886 4370 τά
905 4304 1051 4383 γεγονότα
1068 4303 1117 4370 διά
1135 4302 1191 4387 τήν
1202 4310 1263 4370 τῶν
1273 4329 1355 4390 προ-

101 4371 403 4461 31ευχαριστησαντες
425 4381 527 4460 αὐτοῖς
549 4388 602 4449 καὶ
618 4415 711 4474 προς·
742 4388 947 4455 πεπτωκότων
958 4389 1118 4473 ἁμαρτίαν.
1144 4384 1354 4472 43ποιησάμε-

99 4459 381 4541 πᾱρακαλέοαντες,
408 4468 459 4530 καί
484 4472 524 4544 είς
550 4467 590 4534 τά
615 4469 711 4541 λοιπά
743 4469 794 4550 νύς
812 4498 844 4539 τε
862 4471 926 4538 κατ’
946 4470 1148 4556 ἀνδραλογίαν
1164 4470 1350 4539 κατασκευά-

1251 4580 1351 4625 oum
