2924 4972
114 250 180 325 844
388 248 409 305 1
418 248 447 304 Ε
460 245 529 303 PE
539 246 582 304 M
592 245 614 301 Ι
615 239 651 301 Α
662 244 695 301 Σ
731 243 809 319 Κεφ.
822 233 876 320 κη’.
890 234 951 303 κδ’.
964 236 1016 304 28.
1030 238 1081 304 29.

308 353 316 372 Ι

115 365 249 445 Ἱερεμίας
274 380 374 420 ποντα
399 351 439 415 τὰ
463 349 541 415 κακά
558 347 580 414 ά
596 349 653 435 ἣξει
671 353 722 414 ἐπὶ
753 345 1367 435 ἐνΘαιμάν,άπω’λετοβουλήέκσυνετῶν,

113 442 287 530 Βαβυλῶνα
300 441 330 499 ἐν
341 434 447 522 βιβλίῳ
460 430 578 508 πάντας
587 432 657 507 τοῦς
666 428 721 497 λά·
753 431 846 524 ᾤχετο
871 438 966 515 σοφία
992 430 1108 508 αῦτῶν,
1145 427 1367 514 8νήττατήθιρῦ

113 552 184 608 μους
209 518 335 594 τούτους
351 517 422 592 τούς
439 520 656 622 γεγραμμένους
673 518 723 581 ἐπὶ
753 517 847 590 τόπος
863 514 973 581 αὐτῶν.
1005 511 1161 603 βαθύνατε
1185 520 1224 590 εἷς
1242 511 1367 580 κάθεσιν

115 606 297 693 Βαβυλῶνα.
313 603 398 666 61καὶ
410 599 487 663 εἶπεν
504 605 633 685 Ιερεμίας
644 597 722 684 πρὸς
753 604 783 664 οἶ
800 604 1007 674 κατοικοῦντες
1019 603 1051 664 ἐν
1068 597 1196 681 Δαιδάμ.
1223 595 1272 663 ὅτι
1292 595 1364 673 δύς-

115 693 263 775 Σαραίαν.
291 681 525 775 δ’τανέλθφςείς
538 683 721 768 Βαβυλῶνα,
753 682 829 748 κολα
846 685 990 767 ἐποίησεν.
1016 680 1132 766 ἤγανον
1150 679 1194 747 ἐπ’
1218 680 1316 747 αὐτὸν
1333 685 1364 746 ἰν

115 775 167 840 καί
184 769 250 855 ὅιμη
268 771 319 834 καί
341 763 497 854 ἀναγνώσῃ
517 763 634 841 πάντας
652 764 722 839 τούς
752 765 864 893 ἔρόνῳ,
896 756 922 850 ᾦ
949 763 1157 850 ἐπεσκεψάμην
1183 762 1228 830 ἐπ’
1258 761 1364 844 αὐτὸν,

115 842 380 933 λύγουςτούτους,
416 851 446 892 ⁶²
460 851 513 953 καίὶ
528 854 618 952 ἐρεῖς,
644 847 722 934 κύριε
781 846 828 914 ὅτι
841 851 986 934 τρυγηταὶ
996 839 1110 953 ἦλθον,
1129 857 1162 915 οἳ
1173 848 1210 915 ού
1223 849 1365 913 καταλεί-

115 939 206 1023 κύριε,
218 932 253 1002 ού
268 931 411 1017 ἐλάλησας
420 934 470 997 ἐπὶ
482 958 536 999 τον
545 955 640 997 τοπον
650 937 721 997 τοῦ-
754 936 862 1012 ψουσίν
887 958 935 998 σοι
956 933 1148 1017 καταλειμμα.
1175 929 1216 1007 ῶς
1235 932 1364 998 κλέπται

114 1046 177 1097 τον,
191 1024 248 1086 τοῦ
260 1017 472 1102 ἐξολοθρεῦσαι
485 1013 590 1091 αὑτὸν,
603 1017 721 1080 καὶτοῦ
753 1019 786 1080 ἐν
812 1017 908 1092 νυκτί,
936 1013 1115 1099 ἐπιθήσουσι
1141 1028 1224 1101 χεῖρα
1252 1016 1364 1094 αῦτῶν,

114 1105 154 1190 μή
178 1102 249 1168 είναι
273 1105 303 1166 ἐν
320 1099 406 1183 αύτῶ
424 1104 638 1174 κατοικοῦντας
658 1096 720 1163 άπδ
752 1101 781 1143 ¹⁰
794 1094 842 1163 δ’τι
856 1097 915 1176 ἐγῶ
928 1103 1078 1184 κοτέουσα
1089 1100 1144 1165 τὸν
1155 1099 1274 1177 Ἡσαῦ,
1297 1100 1363 1166 ἆνε-

115 1183 287 1271 ύνθροίπου
311 1189 366 1259 ἕως
383 1179 520 1266 κτήνους,
545 1179 594 1246 ὅτι
613 1181 721 1263 άφανι-
753 1179 879 1286 κάλυφα
890 1179 930 1246 τά
942 1183 1060 1269 κρυπτά
1073 1182 1190 1260 αὐτῶν,
1213 1188 1363 1271 κρυβῆναι

116 1269 187 1373 σμὸς
200 1275 239 1345 είς
251 1267 305 1334 τὸν
319 1271 416 1333 αἶῶνα
429 1270 522 1331 ἔσται.
539 1266 628 1331 63καί
639 1269 721 1331 ἔσται
754 1262 790 1332 οῦ
814 1292 854 1350 μή
879 1262 1045 1343 δύνωνται,
1070 1266 1186 1332 ῶλουτο
1204 1265 1257 1330 διά
1279 1278 1364 1353 χεῖρα

116 1352 191 1418 ῦταν
208 1349 310 1442 παύσῃ
326 1354 381 1414 τοῦ
399 1344 605 1455 ἀναγινώσκειν
618 1348 657 1452 τὸ
671 1353 722 1453 βιὶ-
754 1347 888 1431 ἀδελφοῦ
901 1347 1006 1426 αύτοῦ,
1018 1347 1148 1428 γείτονάς
1159 1376 1228 1434 μου,
1242 1356 1297 1417 καί
1309 1352 1364 1416 οὐκ

114 1436 200 1584 βλίον
219 1460 326 1509 τουτο,
354 1435 405 1498 καί
423 1427 565 1514 ἐπιδήσας
583 1457 621 1495 επ
644 1457 721 1497 αυτο
754 1435 835 1497 ἔστιν
871 1437 896 1475 ¹¹
910 1429 1124 1499 ὑπολείπεσθαι
1144 1429 1280 1519 ὀρφανόν
1299 1461 1363 1511 σου,

134 1527 220 1594 ίθον,
245 1522 296 1583 καί
309 1521 405 1641 ρίφεις
422 1513 498 1579 αῦτὸ
513 1522 552 1589 εἰς
563 1519 653 1596 μέσον
665 1519 721 1581 τοῦ
753 1520 804 1581 ἵνα
817 1513 950 1599 ζήσήται.
976 1520 1028 1583 καὶ
1039 1516 1099 1595 ἐγώ
1112 1514 1248 1603 ζήσομαι,
1267 1521 1320 1584 καί
1333 1525 1364 1584 αἱ

116 1596 295 1687 Εὐφράτου,
331 1600 411 1663 4καὶ
423 1601 504 1682 ἐρεῖς,
518 1595 615 1672 οῦτως
627 1624 722 1663 κατα·
754 1602 840 1685 χῆραι
853 1598 896 1665 ἐπ’
912 1600 963 1682 ἐμὲ
973 1608 1167 1667 πεποίθασιν.
1190 1604 1218 1643 ¹²
1232 1598 1282 1666 ῦτι
1296 1602 1363 1670 τάδε

115 1682 232 1751 δύσεται
249 1680 416 1769 Βαβυλὼν,
440 1682 492 1744 καὶ
502 1679 538 1745 οῦ
552 1680 591 1766 μή
605 1679 722 1786 άναστή
755 1682 815 1747 είπε
828 1677 938 1769 κύριος.
956 1685 1001 1760 οίς
1013 1683 1068 1749 οῦκ
1083 1676 1120 1769 ἢν
1133 1680 1222 1767 νόμος
1236 1698 1316 1751 πιεῖν
1328 1685 1363 1752 τὸ

116 1763 180 1835 άπὸ
199 1764 363 1852 προςῶπου
381 1768 443 1830 τῶν
463 1768 579 1841 κακῶν,
604 1756 647 1831 ῶν
665 1767 723 1843 ἐγω
754 1762 914 1849 ποτήριον,
939 1770 1031 1833 ἔπιον.
1059 1770 1110 1832 καί
1136 1769 1174 1834 σύ
1192 1767 1363 1854 άθωιομὲνή

115 1847 219 1928 ἐπάνω
233 1848 278 1917 ἐπ’
294 1846 396 1933 αῦτήν.
755 1847 792 1914 ού
804 1847 843 1933 μή
857 1849 1021 1936 άθωωθῆς,
1046 1853 1073 1893 ¹³
1088 1849 1134 1916 ὅτι
1148 1850 1212 1917 κατ’
1230 1856 1362 1934 ἐμαυτοῦ

141 1940 246 1998 ΚΕΦ.
272 1930 358 1999 1(Θῖ
386 1932 708 2018 (Hebr.c.47,1—7.
755 1929 876 2014 ῶμοσα,
901 1923 985 2012 λέγει’
995 1931 1107 2021 κύριος,
1132 1933 1180 2000 ὅτι
1194 1941 1233 2012 εἷς
1248 1937 1362 2022 ἄβατον

142 2021 167 2098 ζ
293 2029 324 2078 et
336 2021 387 2096 49,
403 2012 547 2120 7—22.)
754 2018 806 2080 καί
818 2020 859 2091 είς
873 2014 1051 2100 ὀνειδισμὸν,
1079 2021 1181 2095 καὶεῖς
1194 2023 1362 2106 κατάρασιν

117 2070 203 2166 [λοῦ
214 2096 286 2174 τούς
298 2094 486 2178 ἀλλοφύλους
499 2100 570 2163 ταδε
582 2097 657 2176 λέγει
667 2095 719 2163 κύ-
754 2103 807 2194 ἔσῃ
821 2101 851 2163 ἐν
863 2103 945 2185 μέσῳ
959 2102 1066 2187 αύτῆς,
1083 2105 1134 2168 καί
1146 2109 1243 2168 πᾶσαι
1257 2109 1293 2170 αἴ
1305 2101 1361 2170 πό-

115 2211 186 2270 ριος.
224 2179 323 2248 2ἰδού
353 2177 450 2246 ῦδατα
483 2178 633 2268 άναβαίνει
659 2179 721 2248 άπὸ
753 2184 810 2258 λεις
827 2181 919 2268 αὐτῆς
938 2188 1058 2252 ἔσονται
1074 2187 1175 2272 ἔρημοι
1195 2192 1235 2263 εἷς
1255 2193 1361 2255 αἰῶνα.

116 2270 239 2353 Βο’ρἆ
263 2268 315 2331 καί
327 2268 411 2330 ἔσται
424 2269 463 2340 είς
478 2261 652 2351 χειμάρρουν
664 2293 721 2332 κα-
753 2264 888 2352 14άκοήν
913 2266 1029 2352 ἤκουσα
1052 2271 1139 2356 παρά
1164 2279 1285 2357 κυρίου,
1311 2274 1362 2336 καὶ

114 2291 311 2428 τακλύζοντα,
337 2352 387 2414 καί
404 2345 582 2413 κατακλύσει
600 2354 658 2434 γῆν
670 2353 721 2415 καὶ
752 2347 1361 2461 άνμὲλουςείςέίίνηάπέστεελενπυνάήθή·

113 2433 149 2500 τύ
174 2429 320 2518 πλήρωμα
337 2429 443 2518 αύτής,
469 2431 560 2496 πόλιν
580 2435 631 2497 καί
648 2432 721 2507 τούς
752 2459 798 2509 τε,
824 2435 875 2498 καί
886 2441 1088 2516 παραγένεσθε
1100 2443 1138 2514 είς
1150 2437 1259 2522 αύτήν,
1285 2464 1359 2521 ανα-

113 2522 327 2592 κατοικοῦντας
344 2519 374 2581 ἐν
392 2514 479 2610 αὐτῇ.
506 2517 557 2579 καί
569 2511 720 2597 κεκράξον-
753 2542 839 2599 στήτε
851 2523 889 2592 εἰς
902 2518 1039 2600 πόλεμον.
1061 2524 1086 2564 ¹⁵
1099 2520 1201 2607 μικρὸν
1212 2520 1313 2586 ἔδωκά
1329 2548 1361 2587 σε

113 2628 164 2668 ται
190 2605 221 2666 οῖ
246 2600 420 2686 ἄνθρωποι,
445 2601 497 2664 καί
522 2597 721 2675 ἆλαλάξουσιν
752 2603 782 2663 ἐν
791 2603 915 2676 ε’·ίθνεσιν,
924 2600 1186 2692 εὐκαταφρόνητον
1194 2608 1225 2669 ἐν
1234 2602 1357 2688 ἀνθρώ-

113 2681 243 2759 άπαντες
273 2688 305 2748 οἱ
335 2688 539 2757 κατοικοῦντες
571 2681 626 2766 τήν
653 2687 718 2766 μήν.
750 2710 827 2757 ποις.
852 2687 881 2728 ¹⁶
894 2680 913 2766 ή
926 2695 1050 2766 παιγνία
1062 2715 1118 2754 σου
1131 2690 1285 2774 ἐνεχείρησέ
1297 2714 1358 2766 σοι,

112 2771 127 2811 ³
141 2767 203 2832 άπὸ
222 2771 322 2848 φωνῆς
339 2763 431 2849 ὁρμῆς
448 2765 557 2841 αὐτοῦ,
584 2764 646 2831 άπὸ
659 2771 720 2830 τῶν
752 2772 855 2849 ίταμία
872 2772 997 2852 καρδίας
1016 2799 1070 2838 σου
1087 2775 1228 2838 κατελυσε
1245 2797 1360 2857 τρυμα-

113 2848 217 2916 άπλων
242 2853 304 2913 τῶν
325 2850 428 2912 ποδῶν
445 2847 558 2923 αὐτοῦ,
583 2852 634 2913 καὶ
654 2847 717 2914 άπὸ
751 2850 815 2925 λιάς
827 2860 958 2938 πετρῶν,
984 2857 1137 2941 συνελαβεν
1152 2854 1236 2939 ἰσχύν
1247 2861 1362 2958 βουνοῦ

111 2935 234 3014 σεισμοῦ
257 2935 317 2996 τῶν
341 2926 485 3017 ἁρμάτων
510 2930 620 3008 αὐτοῦ,
646 2932 719 3017 ήχου
752 2933 880 3018 ὑψηλοῦ.
896 2935 1362 3022 δτιῦφωσενῶςπεράετοςνοσ-

110 3021 226 3101 τροχῶν
244 3013 349 3080 αύτοῦ.
376 3013 433 3080 ούκ
451 3018 637 3099 ἐπέστρεψαν
655 3044 718 3082 πα·
751 3018 818 3082 σιάν
831 3017 936 3096 αῦτοῦ,
948 3026 1056 3086 ἐκεῖθεν
1067 3018 1186 3082 καθελῶ
1200 3043 1241 3082 σε.
1266 3023 1360 3085 ’Ὶκαί

110 3104 188 3183 τέρες
206 3096 249 3175 ἐφ’
272 3096 354 3172 υἱούς
372 3097 472 3162 αὐτῶν
488 3098 551 3163 άπὸ
573 3099 718 3176 ἐκλύσεως
750 3104 831 3166 ἔσται
850 3101 1034 3186 ήἸδουμαιά
1053 3106 1092 3176 εἰς
1109 3099 1236 3187 άβατον,
1261 3108 1325 3178 πᾶς
1340 3103 1359 3169 ὁ

108 3186 211 3267 χειρῶν
225 3178 325 3244 αὐτῶν
350 3181 459 3272 4ἐντῇ
473 3178 566 3266 ἡμέρᾳ
579 3189 617 3275 τῇ
631 3188 716 3266 ἐπερ-
749 3184 1027 3291 παραπορευόμενος
1056 3183 1102 3249 ἐπ’.
1129 3182 1222 3270 αῦτήν
1254 3201 1360 3268 συριεῖ.

127 3268 218 3351 ομένῃ
228 3267 284 3328 τοῦ
293 3260 440 3328 άπολέσαι
453 3262 571 3339 πάντας
580 3264 650 3342 τούς
660 3267 715 3332 άλ-
748 3270 877 3354 18ὡςπερ
889 3264 1080 3354 κατεστράφή
1093 3265 1217 3350 Σόδομα
1228 3272 1281 3334 καὶ
1294 3269 1359 3336 Γό-

108 3291 268 3430 λοφύλους.
283 3347 334 3410 καί
346 3346 464 3427 ἀφανιῶ
477 3346 534 3432 τήν
549 3344 656 3435 Τύρον,
665 3353 717 3415 καὶ
748 3357 844 3440 μοῤῥα
868 3355 918 3416 καί
941 3355 974 3416 αἱ
995 3352 1136 3438 πάροικοι
1157 3351 1267 3432 αὐτῆς,
1295 3354 1359 3420 εἶπε

108 3432 163 3518 τήν
176 3433 323 3507 Σειδῶνα,
341 3433 392 3495 καί
404 3430 527 3507 πάντας·
536 3432 608 3507 τούς
621 3460 716 3498 κατα·
748 3435 848 3520 κύριος
864 3431 1098 3522 παντοκράτωρ,
1125 3433 1162 3501 ού
1182 3436 1221 3521 μή
1240 3445 1359 3504 καθίσει

109 3516 232 3590 λοίπους
245 3520 297 3598 τῆς
308 3518 450 3600 βοηθείας
463 3514 572 3591 αὐτῶν,
590 3514 636 3581 ὅτι
650 3521 715 3594 ἐξο-
749 3522 809 3584 ίκεῖ
819 3520 995 3607 άνθρωπος,
1019 3522 1071 3584 καὶ
1084 3519 1121 3585 οῦ
1135 3518 1174 3602 μή
1188 3523 1358 3605 κατοικήσει

108 3597 264 3681 λοθρεύσει
292 3596 393 3682 κύριος
417 3598 488 3673 τοῦς
512 3600 715 3676 καταλοίπους
749 3605 808 3667 ἐκεῖ
832 3602 895 3678 υἷάς
920 3599 1097 3689 ἀνθρώπου.
1134 3606 1162 3646 ¹⁹
1176 3603 1241 3669 ἰδού
1259 3600 1357 3688 ὥςπερ

106 3684 169 3743 τῶν
193 3675 301 3763 νήσων.
338 3678 426 3765 6ήκει
452 3677 642 3769 φαλάκρωμα
664 3686 715 3749 ἐπὶ
747 3687 825 3750 λέων
837 3683 1017 3789 ἀναβήσεται
1028 3693 1060 3752 ἐκ
1068 3691 1160 3770 μέσου
1173 3693 1227 3752 τοῦ
1236 3684 1358 3769 Ἰορδά-

106 3758 223 3837 Γάζαν,
250 3761 397 3848 άπεῤῥίφή
417 3762 588 3843 Ἀσκάλων,
613 3769 664 3831 καὶ
685 3772 714 3831 οἱ
747 3794 798 3833 νου
812 3775 850 3844 εἰς
863 3772 1091 3855 τοπονΑἰθάμ,
1105 3768 1151 3835 δτι
1164 3769 1236 3855 ταχύ
1251 3767 1358 3834 ἐκδιῶ-

105 3841 286 3910 κατάλοιποι
301 3846 435 3930 Ἐνακίμ.
462 3850 547 3925 0ἕως
564 3856 642 3927 τίνος
660 3846 713 3915 κά-
746 3856 787 3929 ξω
800 3851 913 3929 αύτούς
925 3852 976 3919 ἀπ’
994 3854 1096 3939 αύτής,
1115 3856 1166 3918 καί
1178 3853 1249 3929 τούς
1260 3861 1359 3919 νεανί-

104 3945 171 4009 φεις
179 3925 201 4028 ᾗ
215 3925 344 4014 μάχαιρα
356 3936 412 3995 τοῦ
426 3938 528 4014 κυρίου
532 3962 545 4011 ,·
567 3940 623 4009 ἕως
635 3940 713 4009 τίνος
747 3961 835 4009 σκους
853 3937 898 4002 ἐπ’
920 3936 1015 4021 αύτήν
1033 3933 1220 4023 ἐπεστήσατε.
1247 3933 1295 4001 ὅτι
1313 3946 1360 4015 τίς

105 4008 351 4156 οῦφδήουχάσειςς,
361 4010 595 4101 άποκατάστηθι
609 4023 648 4092 εἰς
657 4014 712 4083 τὸν
746 4016 841 4102 ῶςπερ
856 4017 932 4101 ἐμούς
945 4026 997 4087 καὶ
1009 4029 1054 4097 τίς
1066 4018 1276 4106 άντιοτήσεταί
1286 4047 1338 4104 μοι
1344 4051 1358 4102 ,·

103 4118 140 4157 κο
172 4116 206 4158 ον
218 4118 283 4167 οου,
295 4093 479 4172 άναπαυσαι,
490 4103 541 4164 καί
551 4098 711 4185 ἐπάρθήτι.
745 4105 796 4168 καὶ
808 4108 853 4177 τίς
863 4096 954 4179 ούτος
966 4106 1089 4191 ποιμήν,
1102 4102 1135 4180 ὃς
1147 4101 1288 4190 στήσεται
1302 4132 1359 4170 κα-

104 4177 193 4250 7πῶς
206 4172 360 4259 ἡσυχάσεις
373 4181 424 4275 κοί
435 4176 535 4267 κύριος
548 4185 711 4250 ἐνετείλατο
745 4186 785 4253 τά
798 4181 963 4270 πράςωπόν
971 4215 1031 4270 μου
1036 4219 1049 4267 ,·
1061 4193 1093 4235 ²⁰
1099 4188 1149 4254 διά
1159 4193 1252 4254 τοῦτο
1263 4185 1360 4255 ἀκού-

103 4256 182 4353 αὗῑῇ
196 4261 246 4324 ¹⁷¹¹
257 4256 507 4343 ῐδίἈσκίίλωία,
530 4269 581 4329 καὶ
593 4268 644 4329 ἐπὶ
656 4266 712 4341 τὰς
745 4297 815 4337 σατε
826 4271 939 4356 βουλήν
957 4278 1077 4358 κυρίου,
1102 4271 1138 4357 ἣν
1155 4268 1358 4358 ἐβουλεύσατο

100 4344 382 4428 παραθαλασσίους,
389 4345 439 4407 ἐπὶ
448 4344 710 4424 ῐᾶςκαῐνίοίπονς
743 4358 793 4420 ἐπὶ
811 4356 866 4438 τήν
875 4355 1056 4441 Ἰδουμαίαν,
1081 4359 1132 4421 καὶ
1144 4352 1286 4440 λογισμὸν
1299 4356 1360 4424 αύ-

101 4431 308 4579 ἐπεμεφβῆναι.1
337 4451 363 4488 ο.
381 4431 430 4511 49.
448 4449 474 4509 7.
489 4435 528 4521 τῇ
543 4429 707 4515 Ἰδουμαίᾳ.
743 4444 801 4504 τοῦ
815 4434 852 4501 ὃν
863 4440 1025 4518 ἐλογίσατο
1035 4443 1085 4505 ἐπὶ
1094 4437 1167 4514 τούς
1175 4446 1359 4506 κατοικοῦν-

102 4508 172 4578 τάδε
213 4516 261 4596 ἴμει
273 4535 380 4597 κυριος.
396 4510 452 4579 ούκ
465 4515 544 4581 ἔστιν
556 4519 600 4583 ἔτι
613 4523 707 4604 σοφία
742 4546 797 4599 τας
815 4522 952 4608 Θαιμάν,
976 4524 1029 4588 ἐὰν
1045 4523 1087 4606 μή
1105 4528 1295 4626 συιιψήθῶσι
1317 4524 1360 4591 τδι

1211 4607 1360 4691 ἐλαχιστα
