2924 4972
104 221 172 287 398
334 223 628 286 ΒΑΣιΛοιαΝ
657 215 1139 325 υΕυΛνΤιι-Κεφὲιοῖεο.

131 317 563 326 ----—-.———.-.-——.—

107 338 253 418 ἐποίησαν
276 338 404 423 βασιλεῖς
421 336 586 420 Ἀσσυρίων
604 338 715 412 πάσαις
749 363 802 402 σον
828 339 938 420 δρυμοῦ
964 340 1014 400 καί
1033 334 1212 422 Καρμήλου.
1253 340 1285 381 ²⁴
1300 340 1359 417 ἐγώ

106 431 172 492 ταῖς
188 426 287 496 γαίαις
301 425 357 485 τοῦ
374 419 592 503 άναθεματίσαι
609 417 714 496 αῦτάς,
748 423 846 500 ε’·ἐυυξα
864 422 915 484 καὶ
926 421 1010 483 ἔπιον
1023 415 1119 484 ῦδατα
1132 416 1289 505 ἀλλότρια,
1308 426 1361 488 καί

107 503 159 564 καὶ
185 499 221 566 σύ
241 499 394 599 ῥυσθησης
421 506 448 545 ¹²
459 503 498 584 μὴ
518 498 715 589 ἐξαιρούμενοι
748 500 918 588 έξερημωσα
943 506 988 585 τῷ
1014 503 1081 586 ἴχνει
1107 507 1164 571 τοῦ
1188 501 1284 578 ποδός
1302 533 1361 587 μου

107 585 252 660 ἐξείλοντο
267 584 379 662 αὐτούς
396 590 426 651 οῖ
443 589 511 650 θεοὶ
528 592 589 652 τών
607 589 714 662 ἐθνῶν,
748 583 863 660 πάντας
876 582 1031 666 ποταμούς
1043 590 1191 670 περιοχῆς.
1204 589 1361 655 26ἔπλαοα

108 665 161 743 οὓς
173 669 346 755 διέφθειραν
358 675 388 734 οῖ
400 675 525 753 πατέρες
536 696 605 751 μου,
619 666 673 774 την
684 696 715 734 τε
749 668 850 752 αῦτίην,
865 665 1031 751 συνήγαγον
1045 665 1148 752 αὐτην.
1168 674 1221 733 καὶ
1233 670 1359 757 ἐγενηθη

106 752 226 827 Γωζὰν,
239 754 290 815 καί
305 749 357 835 την
368 751 508 838 Χαῤῥάν,
518 754 569 816 καὶ
581 752 635 836 την
651 760 715 817 Ρα-
748 757 787 827 είς
805 747 940 835 ε’πάρσεις
957 750 1134 817 άποικεσιών
1150 761 1283 838 μαχίμων
1302 756 1359 820 πό-

106 836 165 913 φίς,
180 836 231 898 καί
244 834 327 910 υἱούς
336 834 422 917 Ἐδίμ
436 832 507 910 τοῦς
518 840 548 900 ἐν
563 838 714 914 Θαεσθένς
748 835 804 911 λεις
826 831 942 918 ὀχυράς.
969 837 1000 878 ²⁰
1013 837 1065 899 καὶ
1082 838 1114 899 οἱ
1132 840 1311 912 ἐνοικοῦντες
1328 844 1359 902 ἐν

107 918 206 981 13ποῦ
227 920 305 982 ἐστιν
328 916 498 1005 όβασιλεῦς
514 919 643 1003 Αῖμάθ,
666 922 715 984 καὶ
748 916 854 992 αῦταῖς
872 917 1038 1000 ἦσθένησαν
1055 922 1095 1012 τῇ
1118 923 1206 1005 χειρί,
1231 923 1358 1003 ἔπτηξαν

107 996 124 1062 5
140 996 278 1086 βασιλεύς
293 999 412 1088 Ἀρράδ
416 1031 428 1079 ,·
452 1003 504 1067 καὶ
520 1007 583 1066 ποῦ
601 1006 679 1068 ἔστιν
698 1000 715 1067 5
747 1004 799 1065 καὶ
816 998 1070 1094 κατησχύνθησαν.
1097 1005 1233 1079 ἐγένοντο
1251 999 1356 1088 χόρτος

101 1080 241 1188 βασιλεῦς
274 1091 326 1168 τῆς
355 1086 471 1161 πόλεως
499 1087 715 1169 Σαισαρουαῖν
748 1084 859 1169 άγροῦ,
884 1081 1017 1167 ἢχλωρά
1029 1084 1152 1170 βοτάνη,
1168 1081 1241 1167 χλόη
1255 1083 1357 1169 δωμά-

99 1166 173 1232 Ανά
186 1169 237 1231 καὶ
250 1165 337 1255 Ἀβά,·
363 1168 392 1211 ¹⁴
407 1170 458 1233 καί
472 1168 579 1253 ἔλαβεν
589 1168 715 1245 Ἑζεκίας
748 1193 819 1241 των,
838 1171 887 1231 καί
900 1162 1024 1249 πάτημα
1037 1165 1175 1231 ἀπέναντι
1188 1166 1356 1250 ἑστηκότος.

105 1249 145 1316 τέι
159 1251 259 1336 βιβλία
277 1257 310 1316 ἐκ
326 1248 420 1337 χειρός
437 1256 498 1315 τών
514 1251 647 1329 άγγελων
664 1254 715 1317 καί
748 1253 777 1293 ²⁷
790 1252 840 1314 καὶ
856 1249 911 1333 τὴν
922 1251 1077 1335 καθέδραν
1089 1275 1143 1315 σου
1157 1253 1208 1315 καὶ
1219 1251 1272 1335 τὴν
1285 1255 1356 1328 ἔξο-

106 1331 221 1411 άνέγνω
233 1331 323 1400 αῦτά.
349 1337 400 1398 καὶ
414 1333 504 1420 σἰνέβη
518 1340 557 1409 είς
570 1334 652 1400 οἶκον
663 1362 715 1399 κυ-
748 1329 801 1397 δόν
814 1358 871 1398 σου
884 1337 985 1410 ἔγνων,
999 1335 1050 1397 καί
1062 1332 1117 1397 τόν
1129 1330 1227 1415 θυμόν
1240 1361 1294 1400 σου
1308 1333 1352 1400 ἐπ’

106 1424 190 1500 ρίου,
224 1418 276 1481 καί
304 1419 461 1493 ἀνέπτυξεν
486 1415 566 1482 αῦτά
588 1417 715 1494 Ἐζεκίας
748 1414 811 1499 ἐμὲ,
838 1416 868 1458 ²⁸
882 1414 979 1480 διὰτὸ
994 1415 1176 1500 ὀργισθῆναί
1191 1443 1223 1482 οε
1237 1416 1280 1482 ἐπ’
1297 1417 1355 1501 ἐμὲ,

106 1504 238 1563 ἐναντίον
256 1505 358 1580 κυρίου
383 1503 409 1543 ¹⁵
422 1501 473 1563 καὶ
490 1498 577 1565 είπεν.
604 1498 714 1587 κύριεό
748 1501 799 1563 καὶ
815 1495 851 1563 τό
869 1504 994 1585 στρηνος
1007 1524 1063 1564 σου
1081 1498 1169 1586 άνεβη
1182 1504 1213 1566 ἐν
1226 1512 1289 1576 τοῖς
1302 1499 1357 1566 ώσί

104 1580 177 1655 θεός
199 1578 323 1666 Ἰσραὴλ
348 1577 366 1645 5
393 1576 560 1663 καθήμενος
584 1585 714 1648 ἐπὶτῶν
746 1608 812 1665 μου.
851 1585 903 1646 καὶ
923 1579 1011 1665 θήσω
1028 1581 1068 1646 τά
1086 1579 1233 1670 ἄγκιστρα
1248 1610 1306 1666 μου
1325 1588 1356 1649 ἐν

107 1665 273 1750 Χερουβὶμ,
299 1660 489 1742 σύεῖόθεός
504 1662 594 1749 μόνος
611 1661 712 1732 ίνπά-
747 1676 812 1741 τοῖς
835 1670 984 1752 μυκτῆρσί
1005 1691 1077 1740 σου,
1104 1669 1157 1731 καί
1182 1667 1300 1752 χαλινὸν
1324 1670 1355 1732 ἐν

107 1774 173 1824 σαις
184 1759 250 1823 ταῖς
257 1747 417 1833 βασιλείαις
428 1752 479 1832 τῆς
488 1754 551 1831 γῆς,
565 1752 601 1814 σύ
610 1753 714 1833 ἐποίη-
748 1760 809 1823 τοῖς
821 1749 928 1832 χείλεσί
941 1774 1006 1825 σου,
1020 1750 1071 1812 καὶ
1084 1748 1272 1834 οἰποστρέιμω
1285 1776 1316 1815 σε
1326 1754 1356 1814 έν

107 1856 162 1906 σας
175 1830 228 1894 τόν
240 1828 368 1934 οῦρανρν
387 1833 437 1896 καὶ
448 1830 504 1917 τὴν
515 1837 580 1917 γῆν.
608 1835 637 1876 ¹⁰
651 1833 714 1898 κλΐμ
746 1836 784 1921 τῇ
797 1829 859 1915 ὁδῷ
872 1825 890 1921 ᾗ
905 1832 995 1915 ἦλθες
1008 1837 1039 1897 ἐν
1053 1832 1138 1923 αὐτῇ.
1157 1836 1188 1875 ²⁰
1197 1835 1249 1896 καὶ
1262 1827 1354 1896 τοῦτό

106 1938 157 1978 νον
170 1911 249 1998 κύριε
262 1938 298 1977 το
312 1915 365 1990 οῦς
377 1939 432 1980 σου
444 1918 496 1980 καί
507 1914 648 1993 άκουσον,
661 1916 715 1981 άν-
748 1940 795 1980 σοι
806 1915 840 1980 τό
851 1927 975 2018 σημεῖον.
990 1911 1065 1998 φάγε
1077 1923 1183 1980 τοῦτον
1193 1913 1246 1979 τόν
1256 1917 1355 1979 ἐνιαυ-

106 2001 186 2074 οιξον
212 1995 291 2078 κύριε
309 1996 379 2073 τούς
397 1995 578 2083 ὀφθαλμούς
595 2026 648 2066 σου
665 2004 716 2067 καὶ
747 1997 800 2063 τόν
813 1997 980 2081 αῦτοματα,
988 2000 1040 2063 καί
1048 2004 1092 2082 τῷ
1106 2001 1161 2064 ἔτει
1171 2002 1214 2080 τῷ
1227 1998 1355 2084 δευτέρῳ

107 2081 150 2145 ἴδε
173 2082 223 2144 καὶ
242 2081 373 2147 ὀίκουσον
391 2080 462 2158 τοῦς
478 2080 587 2160 λόγους
605 2092 716 2149 Σεννα-
747 2078 786 2147 τά
798 2081 1012 2158 άνατελλοντα,
1023 2084 1074 2147 καί
1084 2085 1140 2148 ἔτει
1150 2087 1243 2165 τρίτῳ
1253 2086 1356 2167 σπορά

106 2168 192 2249 χηρίμ
216 2161 268 2240 οῦς
294 2162 462 2230 ἀπέστειλεν
482 2163 626 2244 ὀνειδίζειν
642 2166 715 2232 θεόν
747 2167 798 2230 καί
822 2164 935 2250 ἆμητός
960 2169 1011 2230 καί
1034 2172 1139 2248 φυτεία
1164 2162 1356 2248 ἀμπελώνων,

105 2252 212 2324 ζώντα.
226 2242 306 2313 11ότι
320 2245 446 2332 άληθεία
460 2246 540 2333 κύριε
552 2245 714 2338 ἦρημωσαν
747 2250 798 2314 καί
810 2244 944 2330 φάγεσθε
954 2249 1008 2314 τὸν
1018 2248 1135 2332 καρπόν
1144 2248 1254 2314 αὐτῶν.
1268 2250 1356 2313 30καί

104 2331 232 2418 βασιλεῖς
250 2330 414 2418 Ἀσσυρίων
434 2332 473 2397 τά
491 2336 582 2416 ἔθνη,
621 2335 715 2399 18καὶ
746 2329 906 2418 προςθησει
931 2331 985 2398 τὸν
1017 2333 1247 2415 διασεσωσμένον
1272 2332 1356 2397 οἴκου

105 2416 220 2481 έδωκαν
239 2414 309 2490 τούς
321 2415 413 2493 θεούς
426 2414 527 2482 αῦτών
539 2421 579 2493 εἰς
593 2414 629 2483 τό
640 2422 713 2503 πῦρ,
743 2413 847 2481 Ἰούδα
859 2415 894 2483 τό
908 2412 1090 2495 ύπολεισθὲν
1103 2419 1186 2500 ῥίζαν
1198 2413 1291 2491 κάτω,
1304 2413 1356 2480 καλ

106 2496 152 2563 ότι
171 2497 207 2564 οῦ
221 2505 290 2564 θεοί
300 2504 383 2574 εἰσιν,
408 2497 472 2565 ἄλλ’
494 2500 512 2583 ἢ
526 2503 599 2585 ἔργα
611 2507 714 2587 χειρῶν
747 2497 862 2603 ποιησει
875 2499 992 2583 καρπόν
1005 2500 1076 2564 άνω.
1101 2504 1128 2544 ³¹
1142 2496 1190 2564 ὅτι
1203 2496 1356 2585 έξἾερου.

106 2579 281 2667 ἀνθρώπων
293 2580 369 2659 ξύλα
382 2585 432 2647 καί
442 2584 545 2659 λίθος,
564 2588 615 2649 καί
626 2582 713 2649 άπώ-
748 2584 844 2667 σαλημ
868 2579 1044 2661 ἐξελεύσεται
1072 2581 1270 2665 κατάλειμμα,
1305 2584 1355 2647 καί

106 2663 195 2730 λεσαν
207 2663 328 2740 αύτούς.
351 2667 442 2730 19καὶ
454 2671 506 2731 νῦν
518 2663 597 2752 κύριε
610 2664 628 2733 5
642 2666 714 2743 θεὸς
747 2663 968 2750 ἆνασωζόμενος
981 2669 1012 2743 ἐξ
1024 2667 1112 2752 όρους
1125 2663 1215 2730 Σιών.
1237 2664 1255 2731 5
1269 2666 1355 2750 ζῆλος

106 2745 187 2829 ημῶν
200 2752 299 2811 σοῦσον
311 2744 387 2830 ημᾶς
400 2752 432 2811 ἐκ
443 2750 536 2834 χειρός
546 2749 652 2827 αὐτοῦ,
662 2752 715 2815 καί
748 2756 851 2834 κυρίου
876 2755 937 2814 τῶν
953 2749 1101 2852 δυνάμεων
1116 2745 1235 2832 ποιησει
1253 2753 1354 2815 τοῦτο.

106 2827 272 2909 γνώσονται
284 2835 379 2894 πᾶσαι
391 2835 424 2895 αἱ
432 2833 580 2917 βασιλεῖαι
589 2839 642 2920 τῆς
650 2838 713 2918 γῆς,
746 2833 777 2875 ³²
791 2833 846 2916 οὐχ
860 2827 973 2908 οῦτωςς
995 2834 1065 2896 ταδε
1078 2832 1153 2910 λέγει
1167 2829 1271 2917 κύριος
1278 2833 1356 2919 πρὸς

106 2909 152 2978 ότι
167 2911 204 2978 σύ
213 2908 421 2995 κύριοςὸθεός
429 2911 525 2997 μόνος.
539 2919 628 2983 2(ἰεαί
636 2915 713 2983 άπέ-
745 2915 870 3001 βασιλέα
889 2912 1062 2999 Ἀσσυρίων.
1093 2915 1148 2980 οῦκ
1171 2913 1356 2990 είςελεύσεται

106 2996 354 3071 στειλενἩσαίας
368 2995 430 3074 υίὸς
441 2998 535 3081 Ἀμώς
546 3000 625 3086 πρὸς
634 3000 712 3075 Ἐζε-
746 3004 786 3074 είς
798 2996 853 3082 την
865 2994 953 3062 πόλιν
965 2996 1091 3081 ταύτην,
1109 3001 1160 3063 καὶ
1172 2999 1209 3062 οῦ
1223 2996 1355 3076 τοξεύσει

105 3087 181 3155 κίαν,
198 3081 300 3156 λέγων.
326 3077 397 3146 τάδε
409 3082 483 3160 λέγει
497 3079 598 3165 κύριος
611 3082 629 3149 5
642 3079 713 3159 θεὸς
746 3081 913 3167 έκεῖβελος,
938 3084 989 3146 καί
1003 3080 1039 3147 οῦ
1052 3079 1224 3186 προσδώσει
1237 3081 1280 3147 ἐπ’
1298 3081 1355 3148 αῦ-

103 3166 164 3226 τών
181 3160 329 3244 δυνάμεων
345 3161 416 3241 θεός
429 3162 561 3250 Ἰσραήλ.
588 3162 709 3251 άπρος-
745 3163 799 3268 την
813 3164 934 3248 θυρεὸς,
948 3168 999 3230 καί
1012 3163 1048 3230 οῦ
1059 3194 1099 3250 μη
1113 3171 1197 3251 ἐκχέη
1209 3165 1286 3254 πρὸς
1298 3164 1355 3230 αῦ-

105 3242 183 3328 ηύξω
202 3247 279 3333 πρὸς
295 3246 331 3329 μὲ
344 3254 412 3334 περί
429 3251 609 3334 Σενναχηρίμ
625 3254 713 3336 βασι·
746 3274 800 3353 την
813 3245 983 3354 πρόςχωμα.
1008 3251 1037 3292 ³³
1050 3255 1088 3333 τῆ
1101 3248 1163 3335 ὁδῷ
1175 3239 1196 3339 ᾗ
1208 3251 1308 3333 ἦλθεν,
1323 3253 1354 3315 έν

103 3329 178 3407 λε’ως
193 3329 365 3417 Ἀσσυρίων,
391 3329 518 3415 ἤκουσα.
544 3325 676 3410 21οῦτος
694 3330 712 3398 5
746 3338 825 3427 αυτῇ
838 3323 1114 3418 αποστραφίησείαι,
1127 3327 1354 3414 καὶελςτὴνπό-

103 3410 193 3492 λόγος
218 3413 254 3481 όν
279 3412 403 3498 έλάλησε
425 3413 524 3499 κύριος
546 3414 589 3481 ἐπ’
611 3412 712 3483 αῦτόν.
746 3417 791 3482 λιν
802 3414 913 3501 ταύτην
926 3417 981 3483 οῦκ
994 3413 1188 3495 εἶςελεύσεται,
1211 3416 1287 3493 λέγει
1299 3408 1353 3478 κύ-

104 3500 283 3575 ίξουδένωσέ
295 3523 326 3564 σε
338 3500 389 3562 καὶ
402 3498 577 3585 ἐμυκτηρισέ
587 3526 619 3566 σε
632 3527 714 3603 παρ·
746 3525 817 3582 ριος.
844 3502 875 3546 ³⁴
888 3502 939 3566 καί
951 3500 1123 3587 ύπεραοπιώ
1142 3497 1217 3585 ῦπέρ
1231 3504 1282 3582 τῆς
1294 3494 1353 3562 πό-

102 3587 192 3659 θένος
205 3579 344 3666 θυγάτηρ
357 3583 449 3658 Σιών,
462 3584 512 3647 ἐπὶ
525 3585 572 3648 σοὶ
583 3584 714 3667 κεφαλην
746 3585 819 3660 λεως
835 3583 946 3669 ταύτης
957 3585 992 3649 δι’
1008 3585 1057 3667 ἐμὲ
1070 3586 1122 3648 καί
1133 3582 1183 3647 διά
1194 3584 1293 3648 Δαυίδ
1304 3577 1355 3644 τόν

104 3663 197 3747 αὐτῆς
219 3669 331 3746 ἐκίνησε
348 3661 487 3752 θυγάτηρ
507 3661 712 3753 Ἰερουσαλήμ.
746 3663 856 3733 δοῦλόν
879 3695 947 3749 μου.
985 3670 1015 3713 ³⁵
1027 3671 1078 3731 καί
1102 3668 1213 3741 ἐγένετο
1239 3661 1353 3736 νυκτός,

104 3749 205 3811 22τίνα
220 3745 369 3822 ὠνείδισας
381 3751 433 3812 καὶ
444 3756 512 3814 τίνα
528 3748 714 3837 έβλοιςφὴμη-
746 3754 797 3815 καί
813 3752 935 3834 ἐξῆλθεν
954 3749 1079 3826 άγγελος
1091 3751 1193 3827 κυρίου
1211 3744 1261 3804 καί
1275 3741 1353 3803 ἐποί-

105 3854 176 3911 οαςς
189 3831 241 3893 καὶ
254 3830 304 3894 ἐπὶ
318 3836 385 3896 τίνα
399 3827 528 3915 ῦιμωσας
540 3835 651 3919 φωνην,
663 3836 715 3899 καί
747 3835 832 3906 ταξεν
842 3837 873 3895 ἐν
883 3837 919 3920 τῇ
933 3829 1110 3931 παρεμβολῇ
1121 3829 1181 3888 τῶν
1189 3821 1354 3919 Ἀσσυρίων

104 3911 180 4003 ᾐρας
197 3917 236 3986 εἰς
256 3909 334 3995 ῦιμος
352 3912 424 3989 τούς
441 3913 622 3998 ὀφθαλμούς
639 3941 714 3995 nou,-
746 3910 853 3974 ἑκατόν
866 3904 1288 4005 ὀγδοηκονταπεντεχιλιμδαῆ
1302 3908 1353 3970 καὶ

104 3993 210 4067 είςτὸν
224 3991 310 4072 ἅγιον
326 4001 385 4061 τοῦ
400 3995 530 4080 Ἰσραήλ
555 3998 627 4061 2³5
641 3999 714 4077 χειρί
746 3991 902 4076 ώρθρισαν
926 3993 1056 4076 τοπρωῒ,
1081 3991 1134 4054 καί
1159 3989 1224 4052 ἷδου
1246 4013 1354 4064 παντες

104 4074 241 4154 άγγέλων
254 4104 311 4143 σου
324 4078 474 4153 ὠνείδισας
486 4074 595 4161 κύριον,
611 4078 661 4139 καί
673 4077 714 4142 εἶ-
747 4071 873 4176 σώματα
884 4070 979 4157 νεκρά.
998 4076 1030 4118 ³⁶
1043 4076 1093 4138 καί
1106 4070 1202 4163 άπῇρε
1215 4073 1265 4134 καί
1279 4077 1353 4137 ἕπο-

103 4187 171 4235 πας.
199 4163 229 4224 ἔν
247 4166 292 4224 τεῦ
304 4160 415 4245 πληθει
429 4154 644 4243 τῶνάρμάτων
654 4186 713 4242 μου
746 4168 839 4242 ρευθη
857 4162 907 4224 καὶ
923 4158 1092 4243 ἀπέστρεψε
1104 4159 1316 4241 Σενναχηρὶμβ
1336 4198 1354 4209 -

105 4246 166 4321 ἐγὼ
187 4224 374 4330 άναβύσομαι
391 4251 431 4319 είς
448 4240 528 4326 ῦιμος
544 4241 640 4323 ὀρέων
656 4272 714 4328 μη-
747 4241 840 4317 σιλεύς
854 4241 1031 4326 Ἀσσυρίων,
1058 4244 1109 4306 καὶ
1124 4239 1236 4324 ᾤ’κησεν
1252 4240 1280 4303 ἐν
1292 4244 1354 4303 Νι-

104 4327 176 4410 ρούς
194 4333 250 4394 τοῦ
261 4322 411 4412 Λιβάνου,
437 4328 489 4390 καὶ
502 4328 602 4429 ἐκορια
613 4325 650 4393 τό
662 4332 713 4411 με’·
746 4331 823 4411 νευῆ.
861 4329 890 4371 ³⁷
903 4330 954 4394 καί
977 4329 1088 4405 ἐγένετο
1112 4323 1210 4388 αὐτοῦ
1227 4348 1355 4405 προςκυ-

103 4421 195 4490 γεθος
211 4418 264 4496 τῆς
282 4411 388 4496 κέδρου
404 4407 520 4495 αὐτοῦ,
538 4437 578 4475 τα
592 4412 714 4479 ἐκλεκτόι
747 4416 866 4487 νοῦντος
892 4416 923 4477 έν
950 4413 1023 4496 οἴκῳ
1041 4410 1180 4494 Μεσερὰχ
1206 4412 1261 4471 τοῦ
1278 4410 1355 4471 θεοῦ

103 4504 296 4587 κυπαρίσσων
306 4495 416 4574 αὐτοῦ,
438 4497 489 4563 καί
503 4495 598 4583 ἦλθον
611 4503 649 4576 εἲς
661 4501 714 4584 μέ-
748 4493 857 4576 αὐτοῦ,
884 4500 933 4562 καὶ
944 4494 1121 4583 Ἀδραμέλεχ
1139 4497 1189 4558 καὶ
1206 4488 1353 4599 Σαρασόιρ

1325 4599 1353 4638 ον
