2924 4972
368 217 719 279 Αενισικοω
761 211 1024 293 mmmm
1255 217 1317 280 105

71 334 219 403 σοσςσίσει
231 327 326 403 αὐτὰ,
340 326 411 401 ω’ςτε
423 327 588 390 ἐπιτιθέναι
600 320 678 406 δόμα
710 325 839 388 ἐνέδυσεν
849 320 945 386 αὐτὸν
955 322 1008 386 τὸν
1021 324 1181 406 ὑποδυτην,
1199 328 1251 389 καί
1261 326 1316 388 έπ-

70 390 166 476 έναντι
184 417 294 496 κυρίου.
320 410 410 474 31καί
427 406 535 472 ἇνοίσει
553 403 571 471 ὃ
592 405 679 494 ίερεύς
710 409 814 489 έθηκεν
838 403 882 470 ἐπ’
904 403 996 470 αὐτόν
1019 405 1074 507 τῆν
1091 407 1239 488 ἐπωμίδα,
1264 409 1317 471 καλ

73 491 107 559 τό
125 497 215 598 στέαρ
232 495 284 558 έπλ
298 496 354 557 τού
374 496 597 576 θυσιαστηρίου.
628 491 679 553 καί
709 491 866 565 συνεῒωσεν
876 487 972 553 αύτόν
982 514 1062 554 κατα
1075 489 1129 573 τῆν
1140 494 1316 592 ποίησατῆς

72 581 156 641 ἔσται
181 601 218 639 το
237 570 397 659 στηθύνιον
415 573 532 660 Ἀαρόνν
549 574 601 637 καί
616 582 679 647 τοῖς
708 572 867 654 ἐπωμίδος,
890 572 943 636 καὶ
968 575 1149 652 συνέοφιγξεν
1172 570 1266 636 αυτὸν
1284 574 1316 636 lv

71 663 147 732 υἱοῖς
160 657 263 722 αὐτοῦ.
289 659 320 700 ³²
330 661 382 723 καί
398 654 452 722 τόν
467 661 612 743 βραχίονα
626 650 679 718 τόν
709 652 794 748 αύτῆ.
813 655 886 720 8ιιαί
897 657 1040 738 έπέθηκεν
1051 653 1096 719 έπ’
1112 653 1207 738 αιἰτῆν
1218 651 1317 719 τόλα-

70 739 162 817 δεξιόν
178 736 282 805 δεύσετε
301 739 451 825 αἰφαίρεμα
466 745 512 822 τῷ
527 743 597 824 ἱερεῖ
614 735 677 803 όπδ
707 749 795 814 νεῖον,
807 739 860 802 καί
871 740 1013 820 ἐπέθηκεν
1022 738 1072 802 ἐπὶ
1084 738 1120 802 τό
1134 737 1251 815 λογεῖον
1261 736 1317 820 τῆν

71 828 130 888 τῶν
144 828 259 890 θυσιῶν
275 827 329 887 τοῦ
342 829 489 908 σωτηρίου
501 817 590 904 ὑμῶν.
615 816 676 884 ³³5
709 816 833 903 δῆλωσιν
848 823 899 885 καί
910 817 963 903 τῆν
975 816 1127 905 σἰλῆθειαν.
1153 823 1235 887 οκαί
1245 821 1317 884 έπέ-

69 909 244 992 πρσςφέρων
255 902 292 970 τό
306 906 378 988 σῐμα
390 910 445 970 τοῦ
456 912 612 989 σωτηρίου,
624 903 678 967 καλ
707 913 784 985 θηκε
798 902 851 984 τῆν
867 909 973 987 μίτραν
985 906 1036 967 ίπέ
1046 903 1099 986 τῆν
1116 900 1245 988 κεασλῆν
1256 901 1315 968 σύ-

70 989 105 1054 τδ
132 992 221 1074 στέαρ
246 986 282 1052 τὸ
301 986 364 1053 ἆπό
382 993 444 1053 τῶν
459 992 532 1053 υίαῖν
549 983 676 1072 Ἀαρόνν,
707 989 774 1060 τοῦ,
787 986 989 1067 καλέσέθηιεν
1000 986 1092 1050 brix*
1122 984 1315 1071 μίτρανκατό

70 1072 154 1155 αὐτῷ
172 1067 677 1158 έσταιδβραχίωνδδεξιόςένμε-
707 1062 869 1154 πρόςωπον
887 1065 1077 1132 αύτσῡτδπ
1109 1068 1314 1154 αλσντδχρυ-

68 1157 134 1240 ρίδι.
160 1154 192 1197 ³⁴
204 1154 239 1219 τὸ
256 1153 317 1239 γὰρ
334 1151 494 1238 στηθύνιον
504 1158 561 1218 τοῦ
572 1155 675 1216 ἐπιθέ-
709 1155 782 1215 σοῦν
793 1148 831 1213 τό
843 1151 1079 1231 καθηνιασμινον
1091 1149 1184 1228 δίνεον,
1196 1148 1232 1216 δν
1243 1147 1314 1235 τρό-

67 1263 160 1320 ματος
181 1239 233 1300 καί
250 1235 304 1300 τὸν
319 1241 461 1321 βραχίονα
479 1239 534 1298 τοῦ
550 1233 678 1318 ἀφαιρέ-
708 1256 769 1297 πον
780 1233 916 1307 συνέταξε
926 1227 1026 1316 κύριος
1037 1237 1081 1313 τῷ
1090 1238 1220 1323 Μωυσῆ.
1232 1234 1316 1296 10σαί

65 1345 159 1400 ματος
177 1319 284 1400 εἴληφα
301 1319 386 1401 παρὰ
400 1322 461 1380 τιόν
472 1320 544 1380 υέῶν
557 1311 679 1399 Ἰσραῆλ
710 1315 797 1400 έλαβε
813 1317 952 1398 Μωυσῆς
976 1309 1040 1377 ύπό
1065 1318 1120 1379 τοῦ
1142 1314 1243 1379 ἐλαίου
1264 1318 1317 1397 τῆς

67 1401 132 1466 ἀπὸ
152 1405 214 1464 τῶν
230 1403 345 1462 θυσιῶν
360 1403 417 1462 τοῦ
430 1403 578 1482 σωτηρίου
590 1393 678 1478 ύμῶν,
708 1402 839 1501 χρίσεως,
862 1400 888 1438 ¹¹
899 1398 951 1461 καί
963 1397 1082 1502 έρβσνεν
1092 1392 1144 1462 ἄπ’
1159 1393 1255 1461 αύτοῡ
1267 1396 1318 1460 έπέ

66 1487 121 1548 καί
145 1483 245 1544 ε”δωκα
261 1477 341 1544 αὐτόν
354 1477 471 1565 Ἀαραλν
482 1485 526 1562 τῷ
544 1483 614 1564 ίερεΐ
626 1479 677 1543 καί
708 1503 745 1544 το
761 1474 975 1564 θυσιαστήριον
991 1477 1119 1555 επτότις.
1145 1481 1198 1544 καί
1209 1479 1317 1564 έχρισεν

68 1576 135 1637 τοῖς
148 1566 222 1637 υἱοῖς
234 1561 336 1638 αὐτοῦ,
354 1560 473 1646 νόμιμον
484 1558 604 1628 αίιύνιον
613 1587 675 1627 πα-
706 1562 743 1626 τό
767 1560 991 1665 θυσιαστῆριον,
1017 1565 1068 1627 καί
1094 1560 1212 1647 ῆγίασεν
1227 1560 1314 1637 αύτό,

68 1646 111 1730 ρὰ
123 1649 186 1710 τεόν
196 1649 269 1710 υἱοῖν
276 1642 402 1731 Ἰσραῆλ.
423 1647 453 1690 ³⁵
463 1642 539 1730 αύτη
551 1642 570 1729 ῆ
580 1650 674 1751 χρίσις
705 1645 758 1710 καλ
766 1642 867 1710 πάντα
878 1670 918 1710 τα
930 1648 961 1709 έν
973 1643 1063 1748 αύτῆ,
1075 1649 1127 1710 καί
1139 1645 1193 1710 τόν
1205 1645 1314 1728 λουτῆ-

64 1727 195 1815 Ἀαρών,
220 1729 272 1793 καλ
288 1725 409 1814 ῆχρίσις
420 1733 482 1793 τῶν
493 1732 567 1793 υίῶν
579 1731 674 1793 αυτοῦ
705 1755 759 1813 ρα,
782 1731 834 1793 καλ
846 1727 901 1812 τῆν
914 1723 1002 1815 βόσιν
1014 1733 1121 1804 αυτοῦ,
1133 1730 1185 1793 καλ
1196 1723 1314 1811 ῆνίασεν

66 1812 130 1878 ἀπό
155 1814 215 1874 τιδν
237 1808 444 1896 πορπαμάτων
464 1818 580 1899 κυρίου,
606 1801 672 1905 ένῆ
705 1806 794 1876 αύτό.
812 1812 864 1876 καί
876 1815 968 1896 έχρισε
979 1807 1033 1894 τῆν
1044 1808 1159 1914 σκηνῆν,
1171 1805 1314 1876 καὶπάν-

67 1893 160 1981 ῆμέρῆι
178 1886 379 1978 προςηγύγετο
396 1892 505 1970 αύτούς
521 1899 579 1960 τοῦ
592 1898 673 1981 ίερσ·
704 1919 745 1959 τα
756 1894 796 1959 τὰ
808 1889 897 1979 σκεύη
907 1893 1009 1979 αύτῆς,
1020 1888 1312 1977 καίηγίασεναύτῆν.

67 1973 156 2042 τεύειν
173 1982 218 2060 τῷ
234 1984 343 2063 κυρίῳ,
368 1979 400 2021 ³⁰
412 1976 496 2042 καθό
512 1978 672 2044 ἐνετείλατο
704 1981 732 2019 ¹²
744 1979 796 2043 καί
807 1979 903 2062 ίπέχεε
914 1982 1051 2061 Μωυσῆς
1064 1975 1129 2042 όπό
1141 1982 1200 2043 τοῦ
1211 1977 1313 2042 έλαίου

67 2058 166 2145 κύριος
184 2061 287 2125 δοῦναι
303 2059 407 2136 αὐτοῖς
423 2052 553 2152 ῆῆμέρα
565 2062 673 2147 ἔχρισεν
704 2063 757 2144 τῆς
767 2066 888 2146 χρίσιως
905 2062 957 2125 έπέ
973 2056 1028 2144 τῆν
1044 2060 1174 2162 ιεραλῆν
1184 2055 1312 2144 Ἀαρσόν.

67 2141 175 2218 αύτούς
186 2142 271 2229 παρὰ
284 2149 345 2207 τῶν
357 2142 570 2228 υίῶνἸσραῆλ,
590 2139 670 2226 νόμι-
704 2145 755 2206 καί
766 2147 874 2228 ἔχρισεν
885 2140 993 2220 αὐτόν,
1013 2146 1065 2209 καί
1076 2151 1196 2227 ηγίσσεν
1208 2138 1312 2208 αὐτόν.

65 2251 121 2306 μον
149 2221 268 2290 αίσόνιον
297 2231 336 2301 είς
365 2225 421 2300 τὰς
444 2225 541 2303 χενεός
562 2224 671 2291 αὐτῶν.
704 2227 796 2290 13υαλ
810 2224 976 2313 προςῆμαγε
993 2231 1129 2309 Μωυσῆς
1143 2225 1215 2300 τούς
1230 2224 1313 2300 υλούς

66 2299 219 2382 37ούτοςδ
233 2304 320 2391 νόμος
332 2313 395 2372 τῶν
406 2303 673 2391 ὁλοκαυτωμάτων,
701 2304 831 2392 Ἀαρὼν,
854 2312 906 2373 καὶ
918 2310 1045 2374 ἐνέδυσεν
1056 2308 1168 2384 αύτούς
1178 2312 1312 2394 χιτῶνας,

65 2393 117 2455 καὶ
128 2396 246 2466 θυσίας,
258 2393 308 2456 καὶ
318 2393 387 2475 περὶ
395 2387 551 2475 ἁμαρτίας,
561 2392 613 2454 καλ
621 2394 674 2473 τῆς
706 2392 874 2465 καλέζωσεν
885 2389 995 2465 αύτούς
1003 2391 1104 2467 ζώνας,
1113 2395 1164 2457 καί
1172 2395 1312 2477 περιέθη-

64 2472 273 2553 πλημμελείας,
290 2475 405 2553 καὶτῆς
416 2470 599 2548 τελειώσεως,
623 2473 675 2534 καί
707 2495 753 2534 κεν
766 2470 869 2545 αὐτοῖς
881 2469 1014 2555 κιδόρεις,
1027 2470 1166 2557 καθάπερ
1177 2476 1313 2548 συνέταξε

65 2559 120 2638 τῆς
132 2559 240 2626 θυσίας
252 2558 307 2616 τοῦ
319 2559 480 2636 σωτηρίου,
510 2548 676 2636 31’δντρό-
709 2546 809 2634 κύριος
819 2558 864 2634 τῷ
877 2558 1007 2641 Μωυσῆ.
1044 2551 1314 2659 14καίπροςῆγαμε

64 2661 126 2701 που
145 2634 307 2699 ἐνετείλατο
332 2629 432 2719 κύριος
448 2639 492 2717 τῷ
508 2640 629 2728 Μωυσῆ
646 2637 677 2696 έν
709 2637 848 2717 Μωυσῆς
876 2629 930 2699 τόν
956 2633 1064 2719 μόσχον
1093 2636 1147 2699 τὸν
1170 2660 1238 2719 περι
1262 2640 1314 2718 τῆς

65 2724 112 2801 τῷ
124 2716 186 2823 ὄρει
199 2722 284 2792 Σινᾶ,
301 2708 429 2811 ῆῆμέρᾳ
441 2717 600 2782 ἐνετείλατο
612 2727 675 2791 τοῖς
707 2714 863 2800 ἁμαρτίας.
892 2719 944 2782 καί
968 2720 1112 2802 ἐπέθηκεν
1129 2717 1247 2804 Ἀαρών
1262 2723 1314 2783 καί

64 2806 141 2876 υἱοῖς
160 2800 253 2886 Ισραῆ
272 2804 462 2886 ,προςρέρειν
473 2800 514 2865 τὰ
524 2800 607 2884 δῶρα
616 2798 671 2864 αὖ·
705 2805 737 2865 οδ
749 2802 810 2865 υἱοί
821 2799 917 2866 αὐτοῦ
927 2798 982 2877 τὰς
991 2813 1088 2886 χεῖρας
1100 2805 1150 2869 lm*
1158 2802 1213 2887 τῆν
1221 2830 1313 2884 κεφα-

63 2890 125 2949 τῶν
135 2888 231 2949 έναντι
243 2891 344 2969 κυρίου
357 2888 438 2948 ἐντ’
454 2881 552 2971 έρῆμῳ
563 2889 647 2968 Σινῆ.
703 2881 757 2968 λῆν
780 2889 835 2948 τοῦ
863 2879 974 2970 μόσχου
998 2890 1054 2951 τοῦ
1077 2892 1129 2970 τῆς
1154 2884 1309 2971 ἁμαρτίας.

260 2973 333 3031 ΚΕ
344 2973 383 3031 Φ.
455 3017 463 3032 .
702 2969 729 3010 ¹⁵
738 2970 790 3032 καί
802 2970 923 3049 ἔσφαξεν
934 2965 1034 3033 αύτόν.
1048 2971 1100 3033 καὶ
1111 2971 1201 3054 ἔλαβε
1210 2979 1310 3034 Μωυ-

64 3017 147 3114 Kal
171 3051 293 3153 έλάλησε
310 3047 409 3136 κύριος
427 3049 505 3138 πρός
522 3054 669 3136 Μωυσῆν,
703 3055 754 3153 σῆς
766 3049 829 3115 ἀπό
839 3056 894 3116 τοῦ
904 3057 1038 3134 αἵματος,
1051 3055 1102 3118 καὶ
1110 3056 1253 3136 έστέθηκεν
1260 3054 1312 3116 έπλ

63 3135 164 3210 λέγων,
189 3131 416 3220 2λαβείυίαρόιν
433 3137 485 3199 καί
501 3133 572 3210 τούς
587 3135 670 3209 υἱούς
702 3159 741 3197 τα
766 3137 878 3220 κέρατα
905 3141 961 3200 τοῦ
977 3142 1191 3221 θυσιαστηρίου
1209 3133 1309 3219 κύκλῳ

63 3215 168 3292 αὐτοῦ,
185 3217 301 3290 καὶτὰς
314 3217 422 3291 στολὰς
434 3216 544 3292 αὐτοῦ,
568 3219 620 3282 καί
632 3218 669 3282 τὸ
700 3222 744 3299 τῷ
757 3215 904 3302 δακτύλῳ,
915 3221 967 3283 καλ
978 3215 1137 3301 έκαθύρισε
1148 3219 1184 3284 τό
1197 3231 1309 3284 θυσια-

62 3300 165 3363 έλαιον
176 3304 229 3400 τῆς
240 3306 368 3383 χρίσεως,
381 3303 431 3363 καί
440 3298 493 3365 τόν
500 3297 609 3384 μόσχον
616 3298 669 3364 τὸν
702 3296 827 3383 στῆριον.
853 3304 905 3364 καί
920 3298 958 3365 τό
978 3302 1050 3384 αῐμα
1068 3305 1170 3386 ἐξέχεεν
1187 3306 1237 3367 έπλ
1255 3302 1310 3385 τῆν

62 3384 130 3463 περὶ
138 3385 191 3463 τῆς
200 3387 356 3464 αμαρτίας,
363 3385 413 3444 καί
421 3383 491 3456 τούς
500 3379 553 3446 δύο
560 3383 670 3466 κριούς,
701 3378 787 3467 βόσιν
798 3387 854 3446 τοῦ
868 3391 1100 3467 θυσιαστηρίου,
1124 3387 1177 3448 καί
1192 3383 1310 3467 ῆγίασεν

61 3462 164 3529 καὶτὸ
177 3466 284 3523 κανοῦν
296 3466 355 3523 τῶν
367 3460 493 3543 ἀζύμων,
518 3466 670 3529 3ιιαλπσῖ-
704 3462 796 3540 αύτὸ,
834 3469 889 3528 τοῦ
913 3459 1108 3540 ἐξιλάσασθαι
1132 3464 1176 3530 ἐπ’
1204 3465 1308 3530 αὐτοῦ.

61 3569 120 3646 πρυ
138 3542 193 3643 τῆν
218 3540 597 3645 συναγωγῆνέκκλησίασον
621 3549 671 3612 ἐπὶ
703 3548 795 3651 1(ἰκαλ
812 3548 903 3632 ἔλαβε
922 3551 1058 3630 Μωυσῆς
1082 3553 1145 3612 πᾶν
1164 3547 1202 3647 τὸ
1220 3552 1310 3650 στέρρ

60 3635 672 3794 είθθυσυυῑυῑρυίν
703 3631 1311 3801 ῑεθῑῗῑτθνθκὲμθυ

63 3796 163 3870 ἔταξεν
180 3790 265 3874 αύτῷ
276 3787 382 3874 κύριος.
408 3795 461 3856 καί
473 3791 673 3875 έξεκκλησίασε
705 3789 773 3867 τούς
785 3794 915 3878 νεφροὺς,
929 3799 980 3861 καὶ
993 3765 1130 3883 τόστέαρ
1142 3797 1178 3863 τὸ
1191 3797 1235 3864 ἐπ’
1251 3798 1309 3865 αύ-

62 3874 116 3959 τῆν
128 3876 297 3958 συναγωγὴν
309 3877 360 3938 ἐπὶ
369 3872 421 3959 τῆν
428 3874 529 3959 θύραν
538 3880 591 3958 τῆς
601 3901 670 3958 σκη-
705 3879 774 3951 τῶν,
786 3879 838 3939 καὶ
850 3874 981 3960 ἇνῆνεγιιε
991 3886 1128 3965 Μωυσῆς
1137 3885 1188 3947 ἐπὶ
1198 3883 1236 3948 τὸ
1248 3895 1307 3949 θυ-

61 3965 113 4042 νῆς
129 3963 186 4024 τοῦ
203 3963 378 4043 μαρτυρίου,
404 3961 483 4024 ὅκαὶ
497 3958 558 4023 εἷπε
571 3966 669 4024 Μωυ-
704 3955 880 4045 σιαστῆρων.
901 3963 929 4004 ¹⁷
938 3963 990 4026 καί
1000 3960 1052 4027 τόν
1062 3960 1179 4050 μόσχον,
1191 3969 1242 4032 καί
1253 3966 1307 4052 τῆν

62 4049 116 4124 σῆς
127 4046 166 4133 τῆ
180 4045 343 4144 συναγωγῆ.
356 4038 447 4106 τοῦτό
460 4046 523 4108 ἔστι
534 4043 569 4107 τὸ
580 4047 668 4127 ῥῆμα,
700 4043 812 4129 βύρσαν
824 4041 929 4122 αύτού,
941 4042 1044 4111 καὶτὰ
1056 4053 1127 4134 κρέα
1140 4047 1242 4126 αὐτοῦ,
1255 4054 1308 4114 καί

62 4122 80 4188 ὃ
107 4124 267 4190 ἐνετείλατο
291 4150 389 4208 κυριος
415 4130 545 4210 ποιῆσαι.
585 4129 669 4192 θκαλ
701 4127 755 4212 τῆν
779 4124 894 4213 κόπρον
917 4127 1019 4195 αὐτοῦ’
1033 4137 1209 4199 κατεκαυσεν
1226 4131 1305 4197 αὐτὰ

62 4206 233 4293 προςῆνεγκε
247 4212 382 4291 Μωυσῆς
396 4208 450 4273 τόν
462 4206 591 4295 Ἀαρὼν,
617 4212 669 4274 καλ
700 4214 773 4297 πυρὶ
784 4215 846 4290 ἔξω
857 4218 910 4296 τῆς
925 4215 1124 4302 παρεμβολῆς,
1147 4215 1182 4281 ὃν
1194 4213 1306 4297 τρόπον

61 4290 130 4366 τούς
142 4291 225 4366 υἱούς
238 4288 347 4366 αύτού,
363 4293 414 4355 καί
425 4293 545 4358 έλουσεν
557 4289 668 4368 αύτούς
701 4299 836 4374 συνέταξε
858 4297 957 4380 κύριος
976 4305 1021 4382 τῷ
1043 4304 1174 4399 Μωυσῆ.
1214 4300 1306 4363 18καί

61 4372 155 4439 ὕδατι.
180 4376 193 4417 ⁷
205 4377 256 4437 καί
268 4375 397 4439 ἐνέδυσεν
409 4373 503 4440 αύτδν
514 4376 568 4441 τόν
579 4380 668 4462 χιταῑ-
699 4374 864 4462 προςῆγαγε
881 4386 1015 4454 Μωυσῆς
1036 4379 1089 4443 τὸν
1105 4371 1186 4481 κρίον
1202 4378 1255 4443 τόν
1267 4387 1307 4454 εἰς

60 4481 111 4531 να,
136 4459 188 4519 καί
201 4459 305 4532 ε”ζωσεν
316 4456 410 4521 αὐτόν
422 4458 476 4541 τῆν
488 4455 593 4545 ζιόνην,
616 4461 668 4524 καί
700 4458 907 4544 ὁλοκαύτωμα.
920 4466 972 4528 καὶ
980 4465 1124 4541 ἐπέθηκεν
1132 4459 1248 4542 Ααρών
1256 4464 1308 4564 καί

1248 4564 1308 4602 υιοι
