2924 4972
371 239 620 302 ψκκιυοι
659 229 1041 317 ιη.ιο’.μ’.3ο.εο.ιο.
1255 233 1319 300 σοι

86 327 1319 351 ...-...-.-.---—-—-——-—-—

81 365 191 438 ὄνειδος
203 364 313 447 άψρονι
326 359 438 435 ἐδωκάς
450 387 492 443 με.
518 363 548 403 ¹⁰
561 356 686 438 ἕνωφῶ-
719 383 775 422 θῦν
786 355 838 422 ἀπ’
847 357 975 440 ίμθῦιῐό
988 357 1072 431 MC
1086 382 1142 421 ⁰⁰¹1
1154 360 1206 422 *αἱ
1218 353 1237 441 ἦ
1249 351 1325 440 ἃῆ-

80 460 141 530 θην
153 448 204 510 καὶ
216 445 272 510 οῦκ
286 446 385 527 ἤνοιξα
399 444 436 508 τὸ
450 439 545 544 στόμα
557 468 624 523 μου,
639 437 686 505 ῦτι
718 436 790 503 θειά
803 465 858 504 σου
870 438 1032 514 διαπαντὸς
1044 436 1241 525 άντελάβοντό
1254 464 1323 523 μου.

82 529 120 594 σύ
133 529 159 594 εί
169 526 326 602 δποιύσας
337 554 379 606 με.
407 531 432 568 ¹¹
444 525 618 608 ἆποοτησον
630 521 682 588 ἀπ’
718 519 798 586 13ὅτι
810 525 964 606 περιέσχον
971 548 1005 603 με
1016 520 1106 596 κακὰ,
1117 515 1162 586 νῦν
1174 519 1230 586 οῦκ
1242 524 1324 588 ἐστιν

81 617 154 694 ἐμοῦ
163 611 217 686 τὰς
225 607 369 692 μάστιγάς
379 635 442 674 σου.
454 608 516 674 ἀπὸ
526 614 579 691 τῆς
588 603 686 690 ίσχύος
717 602 1029 690 ἀριθμὸςκατελαβόν
1040 631 1074 687 με
1083 609 1117 669 αῖ
1126 603 1247 684 ἀνομίαι
1256 631 1322 685 μου,

80 699 132 776 τῆς
158 693 251 778 χειρός
275 719 329 758 οου
354 692 412 769 ἐγὼ
431 692 575 767 ἐξελιπον.
612 694 640 732 ¹²
654 692 685 752 ἐν
717 696 767 751 καί
776 685 832 751 οῦκ
843 683 1018 788 ηδυηάοθην
1026 693 1083 752 τοῦ
1091 688 1218 773 βλέπειν.
1231 688 1323 770 ἐπλη-

80 779 209 858 ἐλεγμοῖς
223 774 297 860 ῦπὲρ
311 774 437 858 άνομίας
449 771 685 846 ἒπαίδευσαςάν-
716 768 878 852 θύνθηοαν
897 768 972 853 υπὶρ
990 767 1044 844 τάς
1055 779 1155 856 τρίχας
1167 775 1220 854 τῆς
1231 795 1324 849 κεφα-

79 870 214 943 θρωπον.
228 862 280 922 καί
292 861 427 941 ἐξέτηξας
437 855 478 931 ὡς
489 855 621 941 ἀράχνην
632 851 686 937 την
717 854 769 936 λης
781 879 847 934 μου,
860 854 912 916 καί
924 849 942 934 ἢ
955 853 1064 935 καρδία
1074 878 1131 932 μου
1150 854 1326 931 έγκατελιπέ

80 940 179 1025 ψυχὴν
192 941 305 1016 αὐτοῦ,
329 941 407 1024 πλὴν
423 937 519 1022 μάτην
538 934 686 1021 ταράσοε-
716 961 758 1018 με.
783 931 987 1018 14εύδόκησον
1004 930 1083 1018 κύριε
1101 941 1156 998 τοῦ
1168 932 1324 1020 ῥύσασθαί

79 1049 131 1086 ται
142 1030 203 1097 πᾶς
216 1023 387 1106 ἄνθρωπος.
405 1019 573 1103 διάψαλμα.
596 1021 686 1094 13εἰς·
716 1045 762 1100 με,
774 1017 853 1101 κύριε
866 1022 905 1092 είς
917 1015 952 1081 τὸ
964 1021 1119 1103 βοηθῆσαί
1127 1041 1178 1100 μοι
1188 1014 1323 1101 πρόοχες.

81 1101 211 1169 άκουσον
243 1111 297 1187 τῆς
326 1109 485 1189 προςευχης
512 1128 575 1206 μου
604 1098 686 1185 κύριε
718 1103 1038 1184 16καταιοχυνθείηοαν
1050 1101 1325 1183 καὶέντραπείησαν

82 1189 133 1248 καί
154 1191 207 1268 τῆς
224 1182 345 1268 δεησεούς
364 1212 421 1268 μου
427 1236 437 1263 ,
463 1189 602 1249 ἐνωτιοαι
625 1189 686 1248 τῶν
718 1181 780 1265 ἅμα
793 1187 825 1247 οῖ
837 1186 989 1286 ζητοῦντες
1000 1183 1056 1267 τὴν
1067 1177 1167 1265 ψυχήν
1177 1206 1244 1263 μου,
1268 1186 1326 1246 τοῦ

81 1265 219 1349 δακρύων
231 1293 299 1351 μου.
325 1269 365 1351 μὴ
378 1263 626 1361 παρασιωπησης,
639 1263 686 1331 ὅτι
717 1263 821 1351 ἐξάραι
833 1261 937 1347 αυτην.
959 1264 1220 1349 άποστραφείηοαν
1233 1267 1272 1338 εῖς
1285 1264 1323 1329 τά

79 1347 226 1432 πάροικος
240 1346 298 1427 ἐγώ
310 1356 365 1432 είμι
378 1355 410 1415 ἐν
421 1356 460 1442 τη·
471 1356 512 1444 γῇ
523 1352 575 1414 καί
592 1374 686 1434 παρι-
719 1348 834 1426 ὀπίσω,
857 1352 909 1413 καί
920 1351 1131 1432 ἐντραπείηοαν
1143 1352 1173 1412 οῖ
1185 1347 1324 1422 θέλοντές

79 1435 222 1515 πίδημος,
247 1433 351 1508 καθώς
376 1429 483 1509 πάντες
508 1437 538 1497 οί
560 1437 685 1517 πατέρες
717 1457 767 1514 μοι
781 1431 868 1496 κακά.
885 1426 1155 1513 ιοκομισάσθωσαν
1166 1436 1325 1515 παραχρη·

78 1542 145 1595 μου.
164 1515 264 1591 14άνες
274 1541 324 1596 μοι
336 1521 385 1582 ἰ’να
398 1512 544 1599 άναψύξω
556 1513 617 1617 πρὸ
629 1519 685 1579 τοῦ
717 1542 761 1598 μα
780 1510 920 1617 αἰσχύνην
932 1514 1050 1588 αὐταῖν,
1076 1518 1109 1578 οῖ
1120 1514 1257 1592 λέγοντές
1271 1538 1324 1594 μοι

80 1596 282 1680 μεάπελθεῖν,
299 1601 350 1663 καί
363 1598 462 1664 ούκέτι
474 1598 515 1683 μη
529 1595 661 1684 ῦπαρξω.
716 1592 782 1675 εῦγε
799 1622 870 1674 ευγε.
911 1592 1182 1675 17άγαλλιάσαιντο
1206 1597 1259 1661 καλ
1275 1593 1324 1660 εῦ-

339 1678 426 1746 ΛΘ’.
716 1686 922 1764 φρανθείηοαν
946 1683 996 1745 ἐπί
1020 1683 1069 1746 σοί
1093 1676 1204 1754 πάντες
1221 1682 1254 1743 οῖ
1271 1681 1323 1762 ζη-

131 1767 144 1796 ‘
173 1760 275 1838 Εῖςτὸ
284 1765 367 1838 τέλος
381 1769 425 1848 τῷ
434 1766 531 1830 Δαυίδ
539 1759 667 1846 ψαλμύς.
716 1766 835 1838 τοῦντές
852 1788 885 1828 οε
901 1760 937 1826 κύ
957 1789 996 1840 ιε,
1018 1765 1070 1827 καί
1088 1760 1260 1828 εἰπάτωσαν
1270 1762 1321 1828 διά

79 1849 94 1887 ²
154 1851 293 1930 πομένων
303 1844 441 1931 ῦπέμεινα
451 1846 504 1913 τὸν
513 1844 623 1932 κύριον,
633 1849 684 1911 καὶ
715 1844 844 1920 παντὸς,
868 1789 1086 1929 μεγαλυνθὴτω
1108 1842 1127 1910 ὁ
1149 1843 1265 1925 κύριος,
1290 1849 1322 1910 oz

77 1932 215 2013 προςὲοχε
230 1954 294 2011 μοι,
316 1934 367 1994 καί
385 1926 529 2014 είςηκουσε
547 1935 600 2004 τ”ς
617 1926 684 2012 δεη-
716 1928 886 2006 ἀγαπῶντες
911 1927 948 1994 τὸ
966 1925 1113 2015 οωτηριύν
1130 1955 1196 1994 σου.
1221 1925 1321 2006 1λ’ἐγώ

80 2007 150 2085 οειύς
161 2038 228 2093 μου.
247 2014 321 2077 3καί
333 2011 466 2096 ἆνήγαγέ
475 2039 511 2097 με
525 2018 558 2078 ἐκ
567 1959 683 2077 λάκκου
715 2012 747 2076 δὲ
756 2009 874 2097 πτωχὸς
884 2015 934 2077 καί
944 2016 1037 2097 πένης
1046 2014 1112 2095 εἰμι’,
1118 2009 1217 2098 κύριος
1227 2036 1321 2095 φρον-

79 2094 298 2178 ταλαιπωρίας,
322 2099 373 2160 καί
391 2095 453 2160 άπὸ
473 2098 573 2180 πηλοῦ
591 2091 682 2169 ἰλύος.
715 2091 1321 2181 τιεῖμου.βοηθο’ςμουκαὶῦπεραοπιστής

79 2178 131 2240 καὶ
155 2180 272 2260 ἔστησεν
296 2182 347 2242 ἐπὶ
370 2181 484 2261 πέτραν
500 2178 570 2252 τούς
587 2174 683 2251 πόδας
714 2204 771 2258 μου
784 2177 813 2242 εἷ
823 2176 860 2242 σύ
874 2174 892 2239 ὃ
905 2174 976 2252 θεός
988 2204 1061 2261 μου,
1079 2176 1278 2268 μίγγρονίοης.

63 2284 145 2338 μου,
158 2261 208 2322 καί
220 2258 380 2323 κατεύθυνε
393 2258 432 2323 τὰ
440 2256 607 2342 διαβύματά
608 2286 682 2363 μου.

78 2343 161 2403 *καί
173 2341 307 2442 ἐνέβαλεν
323 2346 362 2414 εἷς
375 2341 411 2404 τὸ
424 2336 521 2422 στόμα
532 2366 589 2421 μου
602 2367 683 2422 ρισμα
989 2338 1051 2407 Μ’.

79 2420 189 2495 καινὸν,
203 2447 292 2501 υμνον
305 2427 348 2502 τῷ
361 2426 424 2485 θεοῦ
437 2419 529 2504 ἡμῶν.
551 2419 683 2504 ὄψονται
813 2426 867 2496 Εἷς
875 2418 912 2487 τὸ
921 2424 1003 2497 τελος
1013 2421 1184 2506 ψαλμύςτῷ
1195 2424 1301 2489 Ααυίδ.

79 2503 190 2568 πολλοί
214 2505 266 2566 καί
289 2486 532 2587 ψοβηθύοονται,
561 2509 612 2568 καί
635 2505 684 2568 ἐλ-
716 2469 798 2565 2Μ
814 2501 915 2588 κάριος
929 2503 947 2570 ὁ
960 2511 1067 2571 ουνιοῑν
1079 2508 1129 2570 ἐπὶ
1140 2504 1261 2589 πτωχὸν
1271 2509 1323 2570 καί

80 2589 199 2649 πιοῦσιν
216 2587 266 2649 ἐπί
278 2581 388 2670 κύριον.
415 2587 429 2629 ⁵
442 2583 585 2671 μακάριος
598 2587 683 2671 ἀνὴρ,
716 2591 842 2672 πένητα,
855 2589 886 2650 έν
898 2584 995 2671 ἡμέρᾳ
1006 2593 1122 2671 πονηρᾷ
1136 2586 1255 2672 ῥύσεται
1267 2587 1321 2653 αῦ-

80 2658 117 2732 οῦ
130 2669 192 2731 ἐστι
204 2665 241 2730 τύ
254 2666 350 2751 ὄνομα
368 2675 469 2752 κυρίου
481 2669 562 2744 ἐλπὶς
577 2669 683 2745 αὐτοῦ,
717 2669 769 2736 τὸν
782 2668 800 2735 ὁ
813 2663 921 2753 κύριος.
948 2674 963 2713 ¹
976 2667 1074 2755 κύριος
1087 2667 1217 2752 φυλάξαι
1229 2668 1323 2735 αῦτόν

79 2753 131 2816 καί
139 2747 194 2813 οῦκ
203 2751 365 2836 ἐπέβλεψεν
374 2757 412 2826 εἶς
420 2746 622 2834 ματαιάτητας
633 2756 684 2818 καί
717 2756 767 2819 καί
778 2749 863 2836 ζήσαι
877 2752 981 2831 αῦτύν,
994 2757 1045 2819 καί
1056 2760 1218 2839 μακαρίσαι
1231 2751 1324 2820 αῦτὸν

78 2838 184 2917 μανίας
197 2835 320 2916 ψευδεῖς.
351 2833 682 2918 6πολλύιέποίησαςσύ
717 2839 746 2899 ἐν
762 2842 800 2930 τῇ
843 2838 873 2913 ”,
898 2839 948 2901 καὶ
964 2836 1005 2940 μη
1023 2838 1159 2923 παραδοῖ
1173 2835 1265 2903 αὐτὸν
1283 2842 1324 2914 είς

79 2912 273 3000 κύριεὸθεάς
284 2943 341 2998 μου
349 2915 390 2982 τά
398 2913 552 3001 θαυμάοιά
561 2944 623 2995 σου,
632 2921 683 2984 καί
715 2931 812 3004 χεῖρας
860 2925 943 3004 θροῦ
965 2926 1071 2986 αυτοῦ.
1101 2917 1233 3005 4κύριος
1249 2924 1323 3006 βοη-

78 3010 142 3074 τοῖς
168 2999 365 3080 διαλογισμοῖς
391 3026 446 3065 σου
471 2999 527 3065 ούκ
552 3004 615 3067 ἐστι
639 3008 684 3077 τίς
715 3001 809 3085 θῦσαι
822 3003 905 3086 αύτῷ
922 3006 974 3068 ἐπί
985 3005 1083 3087 κλίνης
1095 2999 1202 3086 ὀδύνης
1215 3003 1322 3080 αὐτοῦ,

79 3078 364 3165 ὁμοιωθήσεταίοοι.
378 3079 684 3172 άπὴγγειλακαίέλά-
716 3082 789 3169 ῦλην
815 3084 870 3169 τὴν
893 3091 994 3169 κοίτην
1014 3085 1111 3152 αὐτοῦ
1129 3090 1274 3171 έοτρεψας
1292 3089 1323 3151 ἐν

78 3165 171 3246 λησα,
196 3161 432 3249 ἐπληθύνθησαν
450 3165 524 3251 ὑπὲρ
542 3164 682 3272 ἂριθμάν.
716 3173 752 3231 τ’
766 3166 919 3271 ἀρρωστίη
933 3168 1038 3235 αῦτοῦ.
1058 3167 1138 3247 ὅέγιύ
1152 3169 1231 3246 εἶπα,
1244 3166 1323 3250 κύριε

80 3248 93 3288 ⁷
111 3254 222 3312 θυσίαν
248 3251 299 3312 καί
326 3248 500 3335 προςψοράν
525 3249 581 3314 οῦκ
607 3255 683 3354 ηθέ-
716 3196 837 3334 ἐίέησον
847 3278 896 3333 με,
916 3254 997 3318 ἴασαι
1009 3251 1063 3336 την
1075 3251 1172 3336 ψυχήν
1183 3279 1257 3335 μου,
1274 3251 1323 3319 ὅτι

78 3330 186 3410 ληοας,
199 3335 286 3411 σῶμα
299 3331 332 3394 δὲ
344 3339 514 3415 κατηρτίσω
526 3358 584 3413 μοι
610 3335 683 3398 ολο-
716 3329 848 3437 ἥμαρτύν
869 3361 926 3400 σοι.
965 3337 1024 3400 θοί
1040 3339 1148 3420 ἐχθροί
1163 3361 1220 3416 μου
1238 3335 1323 3401 εἶπαν

78 3408 222 3492 καύτωμα
239 3414 368 3497 καὶπερὶ
385 3410 531 3499 ἁμαρτίας
544 3414 599 3479 οῦκ
610 3415 685 3508 ᾔτη-
715 3443 792 3481 κακα
805 3442 867 3500 μοι,
881 3416 955 3482 πότε
967 3414 1169 3482 ἀποθανεῖται
1182 3419 1233 3480 καί
1242 3416 1322 3482 άπο-

79 3520 145 3567 σας,
164 3489 259 3556 θτύτε
272 3493 363 3568 εἶπον,
378 3494 442 3560 ἰδού
457 3493 528 3578 ἥκω.
551 3500 580 3559 ἐν
593 3523 684 3578 κεφα-
716 3499 808 3564 λεῖται
826 3499 862 3563 τὸ
881 3497 976 3582 ὄνομα
992 3498 1102 3577 αὐτοῦς
1132 3501 1209 3562 7καί
1226 3502 1250 3560 εἰ
1268 3505 1323 3574 εἶς-

79 3576 139 3639 λίδι
147 3574 260 3660 βιβλίου
269 3579 432 3656 γέγραπται
442 3582 508 3661 περὶ
516 3581 685 3660 ἐμοῦ,9τοῦ
717 3579 872 3664 επορεύετο
894 3589 949 3647 τοῦ
966 3584 1050 3655 ἰδεῖν,
1076 3577 1171 3663 μάτην
1190 3579 1322 3666 ἐλάλειῆ

78 3664 203 3740 ποιησαι
229 3658 265 3721 τὸ
288 3654 407 3739 θέλημά
425 3685 479 3723 σου
504 3657 611 3735 ὁθεάς
627 3687 684 3744 μου
716 3666 824 3746 καρδία
834 3662 1105 3746 αὐτοῦουνύγαγεν
1115 3662 1241 3743 ἀνομίαν
1251 3667 1323 3729 ἑαυ-

80 3738 264 3827 ἠβουλήθην,
288 3738 404 3804 καὶτὸν
418 3739 508 3822 νόμον
520 3768 576 3807 σου
590 3747 620 3807 ἐν
632 3747 685 3827 με’-
717 3751 776 3827 τῴ,
790 3748 974 3830 ἐξεπορεύετο
987 3752 1058 3823 ἔξω,
1072 3750 1123 3811 καὶ
1136 3744 1232 3810 ἐλάλει
1250 3750 1323 3813 θέπί

81 3850 126 3906 σῳ
140 3829 192 3907 της
205 3826 328 3908 καρδίας
339 3849 404 3904 μου.
422 3827 450 3867 ¹⁰
461 3824 686 3909 εὐηγγελισάμην
717 3830 753 3893 τὸ
773 3822 857 3892 αῦτύ.
884 3829 947 3893 κατ’
964 3833 1035 3913 ἐμοῦ
1053 3826 1228 3912 ἐψιθύριζον
1244 3827 1321 3895 πάν-

81 3905 269 3989 δικαιοούνην
282 3911 314 3970 ἐν
326 3907 465 3990 ἐκκλησίᾳ
478 3906 597 3999 μεγάλη,
618 3907 684 3973 ἰδού
716 3938 761 3987 τες
775 3916 805 3975 οῖ
818 3913 923 3994 ἐχθροί
932 3938 998 3994 μου,
1012 3912 1075 3977 κατ’
1091 3917 1161 3994 ἐμοῦ
1175 3913 1323 3991 ἐλογίζον-

81 3989 121 4052 τά
133 3989 212 4073 χειλη
224 4016 282 4071 μου
295 3987 330 4053 οῦ
343 3990 382 4072 μη
396 3987 529 4055 κωλύσω.
557 3989 635 4076 κύριε
650 3990 685 4057 ού
716 4021 752 4060 το
765 3994 843 4059 κακά
856 4020 914 4076 μοι.
933 3996 1049 4071 9λόγον
1061 3994 1236 4077 παράνομον
1249 4022 1322 4061 κατ-

82 4075 172 4147 έγνως
209 4071 300 4156 11την
325 4070 508 4156 δικαιοσύνην
531 4102 603 4156 μου,
630 4075 684 4140 οῦκ
717 4083 819 4143 έθεντο
843 4076 906 4142 κατ’
936 4081 1019 4159 ἐμοῦ,
1045 4078 1084 4159 μη
1110 4076 1322 4159 ὁκοιμιύμενος

82 4156 199 4238 ἔκρυψα
209 4159 240 4220 ἐν
250 4160 287 4246 τῇ
297 4157 404 4240 καρδίᾳ
410 4183 466 4237 μου
478 4155 529 4240 τὴν
539 4157 685 4243 ἀλήθειάν
716 4159 781 4245 ούχὶ
793 4160 957 4243 προςθησει
970 4166 1024 4225 τοῦ
1039 4159 1222 4243 ἆναοτῆναι;
1237 4164 1265 4203 ¹⁰
1272 4164 1323 4224 καί

81 4261 150 4309 σου,
176 4238 274 4301 καὶτὸ
292 4236 438 4323 σωτήριόν
456 4266 509 4305 σου
526 4241 605 4306 εἶπα.
631 4242 685 4305 οῦκ
715 4243 773 4328 γάρ
791 4241 985 4328 ὁάνθρωπος
1003 4248 1053 4325 τῆς
1071 4246 1179 4324 εἰρήνης
1195 4268 1253 4323 μου
1272 4239 1316 4322 ἐφ’

80 4323 198 4400 ἔκρυψα
212 4317 246 4382 τὸ
260 4318 343 4396 ἔλεός
353 4348 406 4386 σου
415 4325 466 4386 καὶ
475 4323 528 4404 τὴν
541 4320 686 4406 ἀλήθειάν
717 4322 752 4390 ὃν
765 4325 890 4408 ἤλπισα,
911 4323 928 4390 ὁ
945 4330 1057 4390 ἐσθίων
1069 4324 1176 4406 άρτους
1188 4351 1245 4404 μου
1258 4326 1322 4403 ἐμε-

80 4425 138 4464 σου
151 4398 215 4464 ἀπὸ
229 4409 400 4487 συναγωγῆς
412 4405 536 4487 πολλῆς.
563 4409 590 4448 ¹²
603 4402 639 4470 οῦ
654 4405 685 4469 δὲ
715 4408 836 4483 γάλυνεν
854 4407 897 4472 ἐπ’
920 4407 969 4487 ἐμὲ
987 4403 1167 4486 πτερνιομόν,
1200 4410 1223 4446 ¹¹
1236 4405 1271 4468 ού
1290 4403 1322 4468 δύ

79 4477 161 4565 κύριε
183 4479 224 4563 μη
247 4485 396 4578 μακρύνης
422 4485 492 4562 τούς
517 4484 686 4575 οἷκτιρμούς
717 4487 795 4576 κύριε
806 4487 974 4574 ἐλέηοὸνμε,
984 4491 1035 4552 καὶ
1044 4483 1210 4567 ἀνάστηοόν
1219 4510 1262 4585 μζ,
1273 4489 1322 4550 καί

1230 4590 1323 4629 αντα-
