2924 4972
442 240 693 300 ΨΑΛΜοι
730 235 1016 320 ιμ’-ποῖονὸς
1291 239 1354 307 611

104 350 183 418 κατὰ
207 354 265 417 σού
287 348 433 432 διαθήκην
456 351 601 415 διέθεντο.
641 347 712 415 1τά
747 346 832 415 δώσει
846 347 864 413 ὃ
878 357 1058 434 νομοθετῶν,
1084 351 1311 437 1πορεύσονται
1325 358 1357 419 ἐκ

105 430 280 519 σκηνώματα
292 439 352 499 τῶν
363 431 539 516 Ἰδουμαίων
549 434 600 497 καί
612 436 642 496 οί
651 429 713 498 Ἰσ-
747 433 893 515 δυνάμεως
919 439 957 510 είς
982 432 1118 519 δύναμιν,
1144 436 1314 520 ὀφθήσεται
1337 434 1355 502 ὅ

105 519 262 604 μαηλῖται,
296 516 403 602 Μωάβ
424 518 475 580 καί
493 520 525 580 οἰ
544 514 713 600 Ἀμαρηνοί,
746 515 817 590 θεὸς
828 520 972 581 τῶνθεῶν
984 522 1013 583 ἰν
1024 516 1113 585 Σιών.
1139 517 1243 605 11κύριε
1255 518 1273 585 ὁ
1286 518 1356 598 θεὸς

106 600 235 707 11Γεηίοίλ
248 596 424 682 καίἎμμιδν
436 599 639 682 καίἈμαλήκ,
663 601 714 663 καί
748 595 1221 704 τῶνδυνάμεωνείςάκουσοντήςπ
1240 608 1355 689 οςευχής

105 685 274 766 ἀλλοψυλοι
305 683 379 768 μετὰ
404 688 465 747 τῶν
495 677 714 747 κατοικούντων
747 708 813 765 μου,
827 678 965 748 ἐνοίτιοαι
979 679 996 746 ὃ
1010 685 1079 761 θεὸς
1088 684 1207 773 Ἰακωβ.
1220 629 1356 769 ἀιάψαλ-

110 766 216 855 Τύρον.
241 769 320 831 11καί
341 767 401 852 γάρ
419 769 470 830 καί
489 761 618 850 Ἀσσούρ
641 791 714 847 συμ-
747 791 797 847 μα.
823 767 852 808 ¹⁰
866 761 1075 850 ύπεραοπιστά
1093 765 1174 851 ἡμῶν
1187 771 1230 835 ἴδε
1243 765 1260 833 ὃ
1273 767 1354 845 θεὸς,

106 855 283 937 παρεγένετο
307 848 364 933 μετ’
393 847 505 925 αὐτῶν,
534 852 714 932 ἐγενήθησαν
748 847 799 912 καί
817 850 982 934 ἐπίβλεψον
998 851 1048 914 ἐπί
1064 847 1101 914 τὸ
1119 849 1280 936 πρόςωπον
1300 856 1356 918 τού

107 941 145 1009 εἰς
167 934 324 1017 ἀντίληψιν
349 944 412 1007 τοῖς
439 936 513 1006 υίοῖς
537 926 623 994 Λώτ.
648 925 714 994 διά·
746 937 868 1016 χριστοῦ
882 957 946 996 σου.
960 928 1034 996 11ὃ’τι
1046 938 1186 1017 κρείσσων
1197 934 1290 1034 ήμέρα
1323 941 1355 1001 ία

107 1017 225 1100 ψαλμα.
245 1022 404 1098 111ποίηοον
416 1011 518 1089 αἰετοῖς
531 1011 571 1087 ὡς
584 1018 623 1116 τῇ
636 1022 714 1078 Μα-
747 1019 778 1079 ἐν
791 1025 858 1088 ταῖς
868 1015 974 1090 αύλαῖς
980 1040 1044 1091 σου,
1055 1012 1132 1099 ὑπὲρ
1142 1016 1281 1098 χιλιάδας.
1294 964 1355 1094 ἀίε-

108 1098 178 1182 διάμ
190 1103 241 1164 καί
259 1104 303 1182 τῷ
316 1095 465 1180 Σεισάρα,
490 1093 531 1171 ὡς
548 1102 594 1179 τῴ
617 1098 714 1242 lugdu
748 1093 873 1182 λεξάμην
890 1108 1151 1182 παραριπτεῖσθαι
1170 1103 1200 1164 έν
1218 1104 1262 1182 τῷ
1282 1100 1356 1184 οἴκῳ

110 1186 141 1247 ἐν
166 1188 209 1264 τῷ
235 1181 378 1265 χειμάρρῳ
404 1184 531 1244 Κεισοίν.
563 1182 588 1220 11
601 1182 657 1256 ἐξω
678 1205 713 1243 ο-
747 1184 804 1245 τοῦ
817 1184 893 1245 θεοῦ
895 1180 1030 1284 μᾶλλον,
1045 1179 1063 1265 ἢ
1076 1184 1210 1262 οἰκεῖνμε
1223 1183 1273 1246 ἐπί
1286 1207 1357 1265 σκη-

109 1262 286 1348 θρεύθησαν
314 1267 344 1327 έν
364 1260 506 1345 Ἀενδύρ,
531 1259 714 1345 ἐγενήθησαν
748 1259 876 1345 νάμασιν
888 1263 1083 1366 αμαρτωλῶν.
1108 1259 1192 1328 12*ὅτι
1206 1263 1292 1329 ἔλεον
1305 1265 1358 1330 καί

111 1342 176 1420 ὡςεί
196 1344 311 1428 κύπρος
327 1351 364 1434 τῇ
382 1349 429 1434 γῇ.
455 1348 482 1387 ¹²
494 1349 558 1408 θοῦ
575 1342 646 1419 τούς
659 1343 715 1426 ἀρ·
747 1343 893 1430 ἀλήθειαν
905 1351 1011 1428 αγαπᾷ
1026 1343 1136 1432 κύριος,
1155 1342 1259 1423 ὃθεύς
1271 1342 1357 1432 χάριν

109 1453 215 1514 χοντας
229 1429 328 1494 αὐτῶν
346 1426 386 1502 ὡς
402 1428 455 1491 τὸν
468 1425 566 1513 Ὠρήβ
582 1430 633 1492 καί
650 1426 716 1530 Ζήβ
748 1433 799 1494 καί
811 1426 900 1506 δόξαν
912 1425 1005 1494 δώσει.
1047 1424 1148 1515 κύριος
1160 1426 1216 1514 οάχ
1234 1426 1357 1533 ἀστερή

110 1515 161 1577 καί
172 1511 259 1598 Ζεβεὲ
271 1514 322 1576 καί
333 1507 494 1593 Σαλμανά,
517 1507 633 1586 πάντας
644 1535 715 1584 τους
749 1537 791 1577 σει
803 1509 843 1578 τά
855 1510 962 1590 ἀγαθά
975 1523 1040 1588 τοῖς
1053 1516 1260 1597 πορευομένοις
1273 1515 1304 1579 έν
1317 1540 1357 1578 α·

109 1595 257 1678 ἄρχοντας
288 1592 395 1660 αὐτῶν.
432 1593 459 1635 ¹¹
486 1598 588 1668 οἵτινες
620 1593 714 1669 εἶπαν,
746 1603 845 1660 κακία.
871 1597 898 1636 ¹³
911 1590 991 1680 κύριε
1004 1600 1065 1661 τῶν
1078 1591 1245 1677 δυνάμεων,
1280 1592 1356 1662 ακά-

110 1673 375 1763 κληρονομήσωμεν
400 1679 517 1751 ἑαυτοῖς
546 1673 581 1740 τὸ
605 1687 715 1741 θυσια-
747 1704 810 1763 ριος
823 1658 987 1763 ἀνθρωπος
999 1677 1017 1743 ὁ
1030 1679 1155 1756 ἐλπίζων
1167 1681 1217 1745 έπί
1230 1625 1279 1744 ού

110 1761 228 1846 στήριον
241 1767 297 1825 τοῦ
314 1766 396 1825 θεοῦ.
422 1759 451 1801 11
465 1757 482 1823 ὁ
495 1755 565 1833 θεάς
581 1786 637 1840 μου
649 1763 714 1824 θοῦ
1005 1768 1068 1826 ΠΛ
1075 1761 1090 1824 ’.

110 1842 222 1921 αὐτούς
235 1842 275 1920 ὡς
288 1841 409 1929 τροχὸν,
436 1838 477 1916 ὧς
489 1839 622 1926 καλάμην
636 1838 714 1906 κατά
814 1849 868 1919 Εἰς
880 1842 917 1908 τὸ
936 1843 1021 1919 τέλος
1038 1855 1101 1919 τοῖς
1120 1848 1194 1921 υἱοῖς
1207 1842 1291 1933 Κορὲ

109 1924 268 2009 πρόςωπον
279 1925 398 2009 ἀνέμου,
428 1925 455 1967 ¹¹
468 1923 532 2000 ὡςεί
543 1930 603 2010 πῦρ
618 1921 636 1990 ὃ
648 1927 714 1990 δια·
985 1925 1113 2013 ψαλμύς.

111 2009 345 2094 φλέξειδρυμδν,
362 2007 428 2084 ὡςεί
440 2007 516 2090 φλὸξ
528 2007 714 2074 κατακαύοαι
748 1978 972 2094 1Εύδύκηοας
982 2006 1061 2095 κύριε
1071 2008 1125 2075 τ“ν
1136 2013 1192 2093 γῆν
1205 2036 1270 2086 σου,
1276 2007 1354 2076 ἀπέ·

113 2093 177 2177 ὅρη.
203 2095 231 2136 ¹⁶
244 2092 340 2168 οὕτως
358 2088 544 2166 καταδιώξεις
562 2089 671 2166 αύτούς
685 2095 716 2155 ἐν
749 2112 879 2177 οτρεψας
912 2091 966 2198 τήν
1001 2100 1091 2178 αἰχμα
1155 2100 1203 2160 ίαν
1233 2091 1352 2182 Ἰακώβ.

111 2182 148 2258 τῇ
163 2178 310 2255 καταιγίδι
325 2202 393 2251 σου,
410 2177 462 2238 καί
474 2177 503 2237 ἐν
516 2176 554 2275 τῇ
566 2171 643 2264 ὀργῇ
658 2198 712 2239 σου
748 2176 761 2215 ³
776 2176 894 2257 ἀφῆκας
912 2200 967 2250 τας
989 2175 1113 2279 ἀνομίας
1134 2181 1180 2258 τῷ
1197 2176 1264 2260 λαῷ
1287 2203 1353 2253 σου,

112 2257 245 2344 παράξεις
277 2254 396 2331 αύτούς.
433 2258 461 2297 ¹¹
486 2252 648 2338 πληρωσον
678 2251 717 2318 τά
748 2257 900 2339 ἐκάλυψας
912 2257 1012 2333 πάσας
1020 2284 1074 2332 τας
1084 2254 1230 2342 ἁμαρτίας
1243 2256 1352 2323 αὐτῶν.

112 2339 260 2426 πρύςωπα
287 2338 387 2403 αὐτῶν
412 2335 541 2418 ἀτιμίας,
554 2338 605 2400 καί
630 2331 716 2417 ζητή·
748 2334 918 2420 διάψαλμα.
950 2337 1170 2414 1κατέπαυοος
1183 2342 1286 2403 πᾶσαν
1299 2336 1354 2420 τήν

113 2450 197 2488 σουοι
210 2420 245 2485 τὸ
259 2416 355 2502 ὄνομά
373 2444 426 2482 σου
440 2416 529 2501 κύριε.
555 2419 717 2516 111αἰσχυψ·
749 2416 846 2517 ὁρμήν
865 2444 935 2496 σου,
959 2418 1151 2506 ἀπέστρεψος
1168 2418 1238 2520 εἀπὸ
1256 2418 1339 2520 (ὀργή

112 2503 258 2586 θήτωσαν
277 2505 327 2565 καί
343 2496 586 2585 τοραχθήτωσαν
609 2503 647 2573 εἰς
665 2521 717 2563 τον
747 2511 847 2581 θυμου
861 2526 923 2565 σου.
950 2503 1150 2587 1ἐπίστρεψον
1164 2506 1240 2605 ημᾶς
1252 2528 1270 2566 ο
1284 2513 1354 2578 θεος

113 2592 210 2651 αἰῶνα
223 2589 278 2650 τοῦ
290 2589 407 2658 αἰῶνος,
420 2585 470 2647 καί
482 2576 718 2680 ἰντραπήτιοσαν
749 2589 809 2648 τῶν
824 2590 978 2668 σωτηρίων
991 2581 1082 2687 ήμῶν,
1096 2587 1147 2648 καί
1160 2580 1353 2669 απάστρεψον

112 2673 164 2735 κοί
184 2667 415 2733 ἀπολέσθωσαν.
441 2667 469 2708 ¹⁹
487 2667 538 2728 καί
553 2687 717 2741 γνωτωσαν
749 2665 801 2731 τὸν
814 2663 912 2748 θυμόν
927 2693 981 2732 σου
994 2664 1045 2747 αφ’
1062 2667 1151 2750 ήμῶν.
1178 2665 1236 2749 6μή
1251 2672 1289 2743 εἰς
1301 2667 1354 2734 τὸν

111 2751 159 2820 ὅτι
176 2749 270 2834 ύνομά
288 2776 336 2817 σοι
352 2743 461 2834 κύριος,
481 2746 515 2811 σὺ
534 2742 625 2829 μόνος
640 2742 715 2831 ύψι-
749 2755 844 2814 αἰῶνα
858 2748 1005 2854 ὀργισθῇς
1018 2747 1102 2834 ἡμῖν]
1121 2748 1288 2834 ἢδιατενεῖς
1301 2748 1354 2836 τήν

111 2863 183 2911 στος
197 2838 247 2901 ἐπὶ
265 2840 366 2900 πᾶσαν
379 2832 433 2912 τὴν
444 2835 507 2915 μήν.
748 2829 839 2919 ὀργήν
857 2859 912 2898 σου
929 2831 992 2899 ἀπο
1009 2837 1108 2912 γενεάς
1120 2839 1159 2910 εἰς
1170 2829 1270 2911 γενεάν
1271 2864 1287 2936 η
1313 2830 1352 2900 1ὃ

366 2912 453 2980 ΠΓ’.
747 2914 830 3021 θεὸς)
857 2912 892 2982 σύ
911 2919 1095 3003 ἐπιστρέψας
1120 2911 1245 2994 ζωούσεις
1265 2922 1353 3023 ημᾶς,

110 3008 164 3077 Εἰς
186 3001 222 3066 τὸ
246 3002 329 3076 τέλος
353 2996 427 3104 ὑπὲρ
445 3004 506 3063 τῶν
530 2996 627 3080 ληνῶν
652 3008 715 3072 τοῖς
747 2995 912 3075 καίολαύς
922 3028 977 3067 σου
989 2998 1225 3147 ηὐφραρθησετοι
1235 3003 1286 3065 ἐπι
1294 3004 1351 3065 σοί.

164 3090 176 3116 ⁰
254 3089 331 3158 υἰοῖς
344 3090 427 3188 Ιξορρ
440 3081 570 3184 ψαλμύς.
627 3161 636 3183 Ι
747 3081 950 3187 Βιδεῖξονὶήμῖν
964 3110 1042 3170 κυριε
1059 3086 1124 3149 τοὲ
1146 3080 1192 3158 εός
1206 3109 1276 3159 σου,
1301 3085 1354 3184 καί

109 3136 207 3244 2,Ως
230 3167 373 3250 ἀμαπητα
395 3194 434 3233 τα
458 3191 637 3250 σκηνωματα
659 3192 714 3230 σου
746 3193 783 3232 το
802 3193 883 3252 σιοτη
904 3193 949 3232 ιον
968 3194 1022 3234 σου
1037 3163 1201 3252 δῴηςήμῖν.
1228 3165 1352 3232 11οἰκου-

109 3250 190 3335 κύριε
212 3257 271 3315 τῶν
292 3247 447 3332 δυνάμεων.
472 3251 645 3313 1έπιποθεῖ
664 3251 715 3313 καί
747 3276 835 3332 σομαι
847 3258 879 3316 τί
885 3193 1011 3336 λαλήσει
1031 3254 1062 3316 ἒν
1078 3254 1143 3334 ἐμοί
1155 3246 1254 3335 κύριος
1267 3245 1284 3313 ὃ
1298 3259 1353 3314 θε-

109 3337 234 3402 έκλείπει
249 3332 266 3416 ή
279 3329 358 3416 ψυχή
371 3359 429 3415 μου
442 3337 480 3408 εἰς
489 3329 542 3406 τάς
555 3330 647 3406 αύλάς
660 3335 714 3395 τοῦ
746 3333 789 3409 ὸς,
803 3329 850 3398 δ’τι
867 3330 987 3419 λαλήσει
1007 3329 1120 3420 εἰρήνην
1138 3336 1189 3399 ἐπί
1205 3333 1260 3398 τὸν
1276 3329 1351 3397 λαὸν

109 3425 221 3502 κυρίου.
247 3415 264 3501 ή
278 3418 385 3496 καρδία
396 3441 464 3496 μου,
470 3419 520 3479 καί
533 3411 551 3497 ή
567 3410 642 3497 σάρξ
653 3440 712 3496 μου
747 3416 850 3493 αὐτοῦ,
863 3419 915 3480 καί
927 3421 979 3482 ἐπὶ
988 3417 1061 3490 τούς
1075 3414 1173 3493 ὁσίους
1186 3415 1290 3491 αὐτοῦ,
1300 3416 1352 3481 καί

108 3495 332 3587 ἠγαλλιάσαντο
351 3500 401 3560 ἐπὶ
419 3497 492 3561 θεὸν
506 3501 611 3572 ζῶντα.
638 3496 716 3560 1καί
747 3500 797 3563 ἐπί
814 3497 885 3572 τούς
908 3502 1138 3602 ἐπιστρέφοντας
1160 3496 1237 3584 πρὸς
1256 3497 1350 3565 αύτὸν

109 3587 169 3667 γαρ
194 3586 360 3666 στρουθίον
383 3573 463 3663 εὗρεν
485 3582 584 3661 ἑαυτῷ
609 3583 715 3654 οἰκίαν,
747 3583 878 3664 καρδίαν.
904 3585 933 3626 ¹⁰
946 3581 1026 3665 πλην
1049 3579 1135 3660 ἐγγύς
1151 3587 1213 3646 τῶν
1235 3587 1350 3669 φοβου-

109 3671 162 3734 και
174 3663 291 3749 τρυγὼν
312 3659 434 3726 νοοσιάν
447 3664 539 3751 ἑαυτῇ
544 3710 554 3735 ,
581 3652 618 3724 ού
630 3656 715 3745 θήσει
745 3666 839 3745 μένων
851 3663 946 3731 αὐτὸν
958 3663 994 3730 τὸ
1009 3661 1156 3751 σωτήρων
1168 3662 1275 3743 αύτοῦ,
1295 3669 1349 3731 τού

107 3752 149 3816 τά
175 3754 281 3814 νοσσία
308 3748 423 3828 ἑαυτῆς.
449 3742 488 3809 τά
512 3740 715 3891 θυσιαστήριά
746 3753 972 3832 κατασκηνῶσαι
989 3744 1079 3825 δόξαν
1100 3753 1131 3814 ἐν
1148 3753 1185 3840 τῇ
1203 3753 1244 3842 γῇ
1257 3745 1347 3834 ἡμῶν.

108 3861 163 3900 σου
185 3829 263 3917 κύριε
282 3835 343 3894 τῶν
367 3824 524 3911 δυνάμεων,
542 3824 560 3893 δ
581 3831 651 3913 βασι
684 3824 715 3903 ύς
746 3834 770 3872 11
783 3831 866 3907 ἔλεος
878 3834 929 3897 καί
942 3829 1069 3916 ἀλήθεια
1083 3827 1279 3917 συνήντησαν,
1305 3834 1349 3897 δι·

106 3943 165 4002 μου
190 3918 241 3980 καί
265 3910 282 3977 ὁ
309 3908 379 3987 θεός
399 3939 466 3994 μου.
493 3916 506 3955 ⁵
518 3908 659 3995 μακάριοι
685 3916 715 3976 οἰ
746 3911 887 3998 καιοσύνη
922 3917 973 3980 καί
1011 3911 1107 4002 εἰρήνη
1141 3916 1348 3998 κατεφίλησαν.

108 4003 314 4072 κατοικοῦντες
327 4002 358 4062 ἐν
371 4001 415 4079 τῴ
429 3998 500 4080 οἴκῳ
515 4022 578 4072 σου,
592 3999 630 4070 εἰς
643 3994 714 4071 τοὺς
745 4000 772 4039 ¹²
785 3995 913 4082 ἀλήθεια
941 4002 974 4062 ἐκ
998 4004 1050 4082 τῆς
1075 4004 1128 4082 γῆς
1149 3997 1283 4075 ἀνέτειλε,
1298 4002 1350 4064 καί

108 4087 220 4158 αἰῶνας
233 4086 293 4147 τῶν
304 4078 420 4145 αἰώνων
431 4085 585 4145 αἰνέσουσί
596 4105 633 4145 οε.
648 4074 713 4143 διά·
744 4079 911 4165 δικαιοσύνη
934 4085 966 4145 ἐκ
988 4089 1043 4146 τοῦ
1063 4081 1195 4167 ούρανοῦ
1217 4085 1347 4164 διέκυψε.

106 4166 227 4249 ψαλμα.
258 4168 273 4208 ⁶
284 4161 429 4247 μακάριος
446 4163 520 4248 ἀνήρ
539 4156 575 4227 ού
596 4168 674 4228 ἐστιν
694 4160 712 4245 ή
743 4166 770 4206 ¹³
784 4168 835 4230 καί
852 4167 910 4252 γάρ
930 4160 1061 4248 ὁκύριος
1081 4163 1168 4232 δοίσιι
1184 4162 1349 4272 ηρηστύτη·

106 4251 264 4334 ἀντίληψις
274 4246 465 4333 αύτούπαρά
473 4252 527 4313 σοῖν
537 4242 624 4329 κύριε.
638 4245 712 4310 ἀνα·
744 4272 793 4323 τα,
805 4248 885 4332 καλή
905 4253 944 4331 μή
962 4245 1044 4332 ἡμῶν
1060 4245 1143 4316 δύσει
1163 4276 1215 4315 τον
1232 4272 1349 4330 καρπον

105 4331 205 4434 [ἰάσεις
224 4338 255 4397 έν
273 4336 311 4417 τῇ
334 4332 443 4415 καρδίᾳ
466 4329 562 4396 αὐτοῦ
583 4331 710 4394 διέθετο.
744 4331 842 4414 αὐτῆς.
870 4333 899 4374 11
913 4331 1085 4418 δικαιοσύνη
1104 4331 1349 4399 ἕναντίοναύτού

109 4435 116 4461 ¹
134 4421 174 4490 εἰς
186 4415 240 4497 τήν
252 4411 377 4478 κοιλάδα
391 4419 447 4478 τοῦ
460 4414 667 4496 κλαυθμῶνος,
673 4415 711 4486 εἰς
742 4411 992 4500 προπορεύσεται,
1011 4419 1061 4480 καί
1073 4413 1160 4500 θήσει
1172 4420 1211 4488 εἰς
1228 4409 1298 4477 ὁδὸν
1309 4409 1350 4475 τά

105 4499 158 4568 τὸν
172 4492 264 4562 τύπον
277 4493 418 4578 ἀνέθετο.
446 4495 564 4582 καὶγὰρ
576 4494 711 4574 εὐλογίας
743 4493 912 4584 διαδήματα
929 4494 1035 4561 αὐτοῦ.

896 4580 988 4662 Οιηο
1265 4569 1352 4636 HE'.
