2924 4972
152 224 220 296 σου
308 217 683 284 ΜΑΚΚΑΒΑΙΩΝ
713 215 920 275 nesam
962 212 1239 295 ναρραγασ.

150 346 181 405 ἐν
195 342 238 420 τῷ
252 332 345 420 νάμῳ,
366 330 414 397 ὅτι
429 336 460 396 ἐν
475 329 558 412 αύτῷ
574 330 764 413 δοξασθήαε-
779 337 782 399 Ξ
797 333 849 395 καί
869 328 932 395 ἀπὸ
949 337 1121 415 Σαμαρείας
1140 331 1265 415 δύναμιν
1286 334 1422 419 μεγάλην
1451 302 1454 384 ί

150 433 215 488 σθε.
241 422 271 463 ⁶⁵
285 422 337 482 καὶ
360 415 426 480 ἰδοὺ
450 415 574 497 Συμεών
595 411 613 477 ὁ
637 413 765 495 ἀδελφὸς
779 404 782 437 ¹
797 415 853 478 τοῦ
874 414 1044 497 πολεμῆσαι
1065 413 1141 499 πρὸς
1160 413 1297 502 Ἰσραήλ.
1332 425 1359 461 ¹¹
1372 428 1422 486 καί

153 504 244 588 ὑμῶν,
271 501 342 566 οἶδα
368 498 415 564 ὅτι
440 496 517 582 ἀνήρ
552 498 661 583 βουλῆς
675 501 765 573 ἐστιν,
797 500 872 575 έγνω
884 495 1018 572 Ἰούδας,
1042 498 1233 599 καίίξήλθεν
1247 505 1289 575 είς
1306 506 1420 570 συνάν-

155 587 252 655 αίιτού
266 580 390 649 ἀκούετε
401 581 503 655 πάσας
513 581 566 657 τάς
580 580 764 665 ήμέρας,αύ-
796 605 881 664 τησιν
894 579 987 663 αὐτῷ,
1001 585 1053 646 καί
1065 583 1211 658 ἐπάταξεν
1225 583 1340 662 αὐτὸν,
1368 593 1420 652 καί

155 673 207 746 τὸς
223 668 289 751 ὑμῖν
301 672 384 732 ἐσται
396 671 435 740 εἰς
447 667 575 748 πατέρα.
589 659 763 730 66καίἸού-
799 663 965 729 ἀπέκτεινεν
985 663 1087 730 αὐτόν.
1115 670 1167 731 καὶ
1186 670 1301 734 ἔπεσον
1325 695 1419 755 τραυ-

156 759 209 828 δας
231 755 435 836 Μακκαβαῖος
453 745 573 834 ἰσχυρὸς
590 744 712 832 δυνάμει
734 750 765 811 ἐκ
798 753 903 832 ματίαι
915 748 1041 824 πολλοὶ,
1060 751 1112 813 καί
1125 753 1159 814 οἱ
1170 751 1333 819 ἐπίλοιποι
1346 760 1419 836 ε”φυ-

158 835 294 920 νεότητος
307 833 415 907 αὐτοῦ,
430 823 519 907 οὗτος
534 830 598 914 ὑμῖν
610 837 696 897 ἔσται
708 829 766 913 ἀρ·
799 856 864 910 γον.
903 833 994 895 12καί
1014 833 1104 918 ἔλαβε
1122 831 1161 897 τά
1181 834 1284 900 σκῦλα
1303 836 1420 914 αὐτῶν,

157 946 216 1010 χων
229 923 386 1005 στρατιᾶς,
405 917 456 980 ιιαί
468 911 628 999 πολεμήσει
640 912 768 997 πόλεμον
782 956 785 987 ι
801 917 852 978 καί
862 914 915 999 τήν
926 914 1075 1020 μάχαιραν
1083 915 1296 984 Ἀπολλωνίου
1305 921 1420 1009 ἐλαβεν

159 1009 250 1072 λαῶν.
286 1003 380 1065 67ιιαί
402 997 479 1080 ύμεῖς
501 995 668 1083 προςάξατε
689 999 768 1083 πρὸς
797 995 924 1074 Ἰούδας,
939 1002 992 1063 καί
1003 1023 1038 1082 ην
1056 1000 1197 1083 πολεμῶν
1210 1005 1244 1066 ἐν
1257 1003 1344 1069 aba*
1359 1003 1419 1071 πά-

161 1087 236 1171 ύμᾶς
247 1081 364 1158 πάντας
373 1084 445 1158 τοὺς
456 1081 585 1165 ποιητάς
594 1087 650 1148 τοῦ
663 1082 768 1164 νόμου,
801 1108 856 1157 σας
869 1081 923 1156 τάς
935 1079 1053 1167 ἡμέρας.
1081 1085 1108 1126 ¹³
1115 1087 1166 1150 καί
1177 1084 1292 1169 ήιιουσε
1304 1085 1419 1175 ὶήραν

161 1176 211 1238 καί
223 1167 394 1251 ἐκδικήσατε
413 1167 558 1269 ἐκδίκησιν
571 1171 628 1231 τοῦ
641 1166 719 1231 λαοῦ
734 1163 767 1229 ύ-
801 1163 819 1228 ὁ
833 1164 933 1249 ἀρχων
945 1170 997 1248 τής
1015 1163 1165 1250 δυνάμεως
1178 1176 1308 1255 Συρίας,
1323 1171 1373 1237 ὅτι
1386 1173 1418 1258 ή-

160 1261 233 1324 μῶν.
257 1245 483 1316 68ἀνταπέδοτε
496 1249 696 1334 ἀνταπόδομα
706 1260 769 1324 τοῖς
801 1258 922 1332 θροισεν
932 1245 1051 1325 Ἰούδας
1061 1250 1230 1336 ἀθροισμα,
1245 1260 1300 1319 καί
1313 1258 1418 1340 ἐκκλη·

162 1343 271 1413 ἔθνεσι,
284 1337 336 1401 καί
346 1336 500 1418 προςέχετε
518 1339 556 1409 είς
567 1332 642 1399 τάπ
662 1329 769 1411 οςτάγ·
802 1338 872 1398 σίαν
884 1337 998 1398 πιστῶν
1013 1332 1072 1417 μετ’
1094 1334 1191 1401 αὐτοῦ
1210 1341 1418 1424 ἐκπορευσμί·

161 1447 243 1506 ματα
270 1424 327 1485 τοῦ
351 1419 453 1499 νόμου.
491 1418 522 1459 ⁶⁹
536 1420 588 1482 καὶ
613 1360 770 1499 εὐλόγησεν
802 1420 915 1492 νωνείς
926 1413 1067 1500 πόλεμον.
1095 1418 1270 1486 14ιιαίείπε.
1296 1422 1418 1508 ποιήσοι

163 1501 285 1579 αὐτούς.
299 1504 350 1567 καί
357 1503 523 1585 προςετέθη
536 1500 613 1586 πρὸς
625 1500 697 1576 τοὺς
708 1526 770 1565 πα-
803 1501 921 1582 ἐμαυτῷ
945 1499 1040 1583 ὄνομα
1063 1504 1115 1566 καί
1135 1500 1374 1589 δοξασθήσομαι
1391 1513 1418 1573 ἐν

162 1593 251 1672 τέρας
264 1586 370 1650 αὐτοῦ.
403 1586 432 1628 ⁷⁰
445 1586 496 1648 καί
516 1584 669 1650 ἀπέθανεν
683 1587 769 1666 ἐντῷ
803 1587 840 1670 τῇ
853 1584 1003 1668 βασιλείᾳ,
1024 1587 1077 1649 καὶ
1088 1584 1253 1669 πολεμήσω
1267 1586 1326 1654 τὸν
1335 1589 1419 1658 Ἰού-

164 1678 239 1753 ἐίιτῳ
253 1672 303 1734 καὶ
312 1671 544 1753 τεσσαρακοστῷ
553 1670 604 1731 καί
614 1669 771 1749 ἑκατοστῷ
804 1666 859 1731 δαν
871 1669 923 1730 καί
939 1667 1010 1742 τούς
1027 1666 1084 1734 σύν
1097 1668 1193 1754 αὐτῷ,
1214 1670 1289 1746 τοὺς
1302 1677 1419 1751 ἐξουδε-

164 1759 229 1821 έτει.
246 1754 297 1818 καί
310 1757 437 1833 ἔθαψαν
450 1748 543 1816 αὐτὸν
556 1754 587 1815 οἱ
601 1753 660 1815 υἱοί
673 1747 770 1814 αὐτοῦ
805 1753 929 1824 νοῡντας
956 1749 1010 1817 τὸν
1040 1750 1132 1830 λόγον
1166 1758 1225 1818 τοῦ
1257 1759 1416 1841 βασιλέως.

164 1844 196 1904 ἐν
207 1833 313 1917 τάφοις
325 1836 465 1920 πατέρων
482 1833 582 1900 αὐτῶν
594 1839 624 1898 ἐν
637 1834 771 1908 Μωδεῒν,
786 1794 789 1883 ί
803 1833 831 1876 ¹⁵
844 1836 896 1898 καὶ
914 1840 1082 1918 προςέθετο
1107 1841 1162 1901 τοῦ
1180 1837 1341 1943 ἀναβήναι.
1369 1848 1419 1908 καί

165 1925 216 1987 καί
228 1920 381 2001 ἐιιόψαντο
398 1916 492 1983 αὐτὸν
511 1923 572 1992 πᾶς
585 1916 707 2002 Ἰσραήλ
718 1943 772 1982 κο-
805 1914 896 2003 ἀνέβη
908 1916 966 1999 μετ’
988 1916 1081 1984 αὐτοῦ
1102 1923 1278 2006 παρεμβολη
1298 1922 1418 2012 ἀσεβῶν

164 2000 255 2069 πεσὸν
273 2007 374 2083 μέγαν.
806 2001 914 2084 ἰσχυρὰ
926 2005 1078 2087 βοηθῆσαι
1096 2002 1193 2078 αὐτῶ,
1218 2007 1272 2068 καί
1284 2015 1417 2136 ποιήσαι

362 2090 437 2148 ΚΕ
450 2089 488 2146 Φ.
531 2079 583 2147 Γ.
805 2082 861 2166 τήν
873 2086 1016 2168 ἐκδίκησιν
1035 2089 1068 2151 ἐν
1086 2070 1304 2175 υίοῖςἸσραήλ.
1330 2096 1416 2157 1καί

165 2134 250 2234 Καὶ
276 2168 381 2250 ἀνέστη
402 2162 519 2241 Ἰούδας
551 2163 569 2230 ὁ
592 2161 773 2249 καλούμενος
805 2165 929 2251 ἤγγισαν
952 2173 1007 2244 ἕως
1030 2167 1202 2330 ἀναχέχαὲοεως
1225 2177 1413 2259 Βαιθωριόν.

165 2256 370 2338 Μακκαβαῖος
387 2250 448 2325 υίὸς
465 2249 563 2316 αὐτοῦ
580 2248 642 2315 ἀντ’
665 2252 771 2316 αὐτοῦ.
805 2255 856 2315 καί
882 2252 1079 2334 ἐξήλθενἸοά
1172 2259 1212 2331 εἰς
1236 2253 1412 2341 συνάντησιν

166 2341 243 2402 2καὶ
256 2332 404 2438 ἐβοήθουν
421 2333 505 2418 αὐτῷ
523 2330 631 2409 πάντες
643 2338 673 2400 οἱ
686 2334 772 2400 ἀδελ·
805 2333 908 2400 αὐτῶν
931 2334 1096 2414 ὀλιγοοτάς.
1124 2340 1151 2382 ¹⁷
1164 2337 1206 2413 ὡς
1229 2338 1261 2406 δὲ
1282 2341 1343 2406 ἴδον
1359 2340 1413 2425 τήν

166 2424 220 2503 σοί
234 2425 337 2497 αυτοῦ,
362 2420 415 2483 καί
430 2413 540 2491 πάντες
562 2413 628 2483 ὅσοι
647 2416 771 2502 ἐκολλή-
804 2419 993 2519 πρρεμβολήν
1011 2425 1170 2525 ἐρχομένην
1183 2427 1224 2499 εἰς
1241 2424 1410 2509 συνάντησιν

165 2516 265 2587 θησαν
285 2508 327 2586 τῷ
345 2504 440 2587 πατρὶ
452 2501 571 2576 αὐτοῦ,
595 2502 646 2566 καί
662 2502 772 2565 ἐπολέ-
806 2515 920 2576 αυτοῖς,
942 2503 1026 2568 εἶπον
1046 2512 1086 2589 τῴ
1111 2502 1215 2587 Ιούδᾳ.
1242 2514 1311 2583 πῶς
1325 2510 1408 2591 δυνη-

166 2613 241 2674 μουν
252 2585 303 2651 τὸν
315 2582 444 2668 πόλεμον
454 2583 579 2669 Ἰσραήλ
588 2584 647 2668 μετ’
664 2584 771 2671 εάρρο-
805 2581 921 2667 σόμεθα
954 2586 1105 2664 ὀλιγοστοί
1139 2590 1218 2665 ὄντες
1248 2594 1410 2677 πολεμήσαι

166 2669 263 2756 σύνης.
289 2672 367 2734 3καέ
386 2668 530 2733 ἐπλάτυνε
547 2665 637 2745 δόξαν
649 2675 694 2750 τῷ
706 2671 772 2751 λαῷ
803 2667 880 2752 πρὸς
897 2670 1018 2752 πλῆθος
1034 2678 1180 2739 τοσοῦτον
1199 2674 1320 2758 ἰσχυρόν
1324 2706 1337 2754 ,·
1363 2678 1412 2741 καί

166 2755 270 2821 αὐτοῦ.
311 2756 362 2818 καί
387 2748 549 2817 ἐνεδύσατο
575 2749 704 2834 θώρακα
731 2751 773 2828 ὡς
804 2748 882 2836 ήμεῖς
895 2751 1080 2837 ἐκλελύμεθα
1096 2755 1261 2830 ἀοιτοῦντες
1273 2754 1411 2840 σήμερον.

164 2846 258 2916 γίγας,
274 2840 324 2901 καί
334 2833 516 2911 συνεζώσατο
528 2835 566 2899 τὰ
577 2835 662 2918 σκεύη
675 2835 770 2901 αὐτοῦ
803 2838 899 2900 13καὶ
924 2836 1003 2903 εἶπεν
1027 2841 1150 2914 Ἰούδας.
1189 2834 1316 2906 εάκοπάν
1348 2844 1415 2906 ἐστι

163 2921 204 2986 τά
215 2915 367 3003 πολεμικά.
395 2921 448 2984 καί
465 2915 665 2984 συνεοτ’σατο
678 2919 770 2984 πολέ-
804 2919 1031 3005 συγκλεισθήναι
1047 2923 1332 3022 πολλούςένχερσίν
1346 2923 1414 2989 ἀλί-

162 3032 236 3088 μους
263 3006 415 3080 σκεπάζιον
438 2948 626 3090 παρεμβολήν
648 3007 679 3067 ἐν
698 3008 770 3088 ῥομ-
803 3030 874 3080 γων.
901 3007 952 3068 καί
971 3005 1026 3071 σύν
1044 3009 1105 3069 ἐστι
1121 3006 1253 3084 διάφορα
1270 3008 1416 3073 ἐναντίον

164 3094 251 3170 φαίη.
278 3089 359 3150 4καί
376 3083 523 3168 ὡμοιώθη
542 3087 639 3152 λέοντι
658 3092 689 3152 ἐν
708 3100 771 3161 τοῖς
803 3091 860 3152 τοῦ
872 3090 949 3152 θεοῦ
961 3093 1017 3154 τοῦ
1029 3086 1156 3173 ούρανοῦ
1175 3082 1272 3162 σώζειν
1285 3090 1316 3150 ἐν
1329 3091 1416 3154 πολ-

164 3175 260 3253 ἐργοις
273 3168 380 3241 αὐτοῦ,
394 3173 446 3231 καί
464 3168 504 3242 ὡς
518 3168 642 3251 σκύμνος
654 3166 771 3255 ἐρευγό-
804 3171 868 3245 λοῖς
880 3170 899 3253 ή
912 3175 943 3234 ἐν
961 3170 1079 3248 ὀλίγοις.
1105 3173 1131 3215 ¹⁹
1146 3166 1193 3235 ὅτι
1213 3169 1270 3235 οὐκ
1285 3173 1316 3235 ἐν
1328 3171 1416 3256 πλή-

162 3277 247 3334 μενος
264 3255 302 3324 είς
326 3246 436 3334 θήραν.
463 3253 543 3315 διαί
560 3254 676 3327 ἐδίωξεν
697 3251 769 3319 ἀνά·
802 3265 850 3318 θει
861 3249 1005 3331 δυνάμεως
1014 3260 1079 3334 νίκη
1088 3255 1224 3336 πολέμου
1237 3254 1411 3331 ἐστίν,ἀλλ’

162 3361 234 3418 μους
247 3339 408 3419 ἐξερευνῶν,
417 3334 468 3398 καί
480 3332 550 3409 τοὺς
563 3333 769 3418 ταράσσοντας
804 3337 823 3420 ή
841 3340 873 3400 ἐκ
890 3336 943 3398 τοῦ
961 3331 1128 3418 οὕρανοῡή
1148 3331 1237 3418 ἰσχάς.
1265 3339 1298 3380 ²⁰
1318 3338 1416 3405 αὐτοὶ

163 3420 218 3483 τὸν
232 3418 306 3482 λαὸν
320 3418 416 3482 αὐτοῦ
429 3415 574 3498 ἐφλόγισε.
601 3422 673 3484 ὃκαί
687 3445 768 3485 συνε-
802 3426 935 3506 ἔρχονται
946 3415 1022 3502 πρὸς
1035 3414 1111 3499 ἡμᾶς
1124 3421 1155 3481 ἐν
1167 3414 1279 3502 πλήθει
1296 3417 1413 3508 ὕβρεως

164 3499 313 3583 στάλησαν
332 3507 362 3566 οἱ
379 3501 487 3582 ἀνομοι
512 3501 575 3567 ἀπὸ
596 3509 651 3568 τοῦ
670 3505 768 3589 φόβου
802 3507 853 3567 καί
865 3501 1003 3584 ἀνομίας,
1016 3506 1070 3565 τοῦ
1083 3504 1188 3586 ἐξᾶραι
1200 3500 1278 3584 ἡμᾶς
1291 3509 1344 3569 καί
1358 3506 1412 3580 τάς

164 3584 269 3658 αὐτοῦ,
295 3587 346 3647 καί
358 3580 467 3659 πάντες
486 3591 516 3649 οῖ
530 3583 653 3669 ἐργάται
667 3593 718 3668 τῆς
731 3587 769 3651 ἀ·
800 3600 942 3664 γυναῖκας
953 3581 1033 3670 ήμῶν
1045 3587 1096 3650 καί
1108 3585 1147 3650 τά
1160 3589 1250 3650 τέκνα
1259 3587 1345 3670 ήμῶν
1357 3593 1412 3653 τοῦ

162 3672 268 3745 νομίας
281 3664 553 3752 συνεταράχθησαν,
567 3671 618 3733 καί
631 3667 767 3753 εὐοδώθη
802 3670 961 3734 σκυλεύσαι
974 3666 1058 3752 ήμᾶς.
1084 3673 1110 3711 ²¹
1122 3667 1200 3752 ήμεῖς
1213 3670 1246 3735 δὲ
1259 3671 1409 3753 πολεμοῦ-

163 3755 295 3830 σωτηρία
308 3752 339 3812 ἐν
351 3755 423 3833 χειρί
437 3750 540 3815 αὐτοῦ.
561 3755 632 3816 7καί
644 3758 768 3837 ἐπίκρα-
800 3779 851 3834 μεν
864 3756 1005 3838 περὶτῶν
1019 3753 1211 3837 ψυχῶνήμῶν
1223 3756 1274 3817 καὶ
1287 3755 1347 3816 τῶν
1360 3780 1413 3818 νο-

162 3855 191 3895 νε
204 3831 333 3914 βασιλεῖς
345 3831 487 3908 πολλοὺς,
514 3837 565 3898 καί
578 3835 702 3922 εύφρανε
715 3839 768 3901 τὸν
800 3845 895 3919 μίμων
907 3835 998 3920 ήμῶν.
1037 3839 1069 3877 ²²
1082 3838 1133 3900 καὶ
1150 3836 1244 3911 αὐτὸς
1256 3844 1412 3919 συντρίψει

158 3909 270 3996 Ἰακὼβ
282 3919 388 3989 ἐντοῖς
402 3920 497 4000 ἔργοις
511 3917 624 3993 αὐτοῦ,
651 3925 768 3996 καίέως
802 3919 917 3993 αὐτούς
940 3919 1002 4003 πρὸ
1025 3918 1189 4004 προςιύπου
1214 3918 1304 4003 ήμῶν.
1333 3917 1413 4001 ὑμεῖς

160 3999 215 4058 τοῦ
230 4001 338 4072 αἰῶνος
359 3997 395 4062 τὸ
412 3996 601 4082 μνημόσυνον
619 4003 717 4068 αὐτοῦ
730 4010 769 4079 είς
800 4003 833 4069 δὲ
853 4001 893 4084 μή
906 4008 968 4087 φοβ
987 4008 1060 4067 θ’τε
1074 4002 1126 4068 ἀπ’
1142 4002 1248 4067 αὐτῶν·
1286 3999 1412 4078 ῃῶςδὲ

160 4076 306 4154 θ’νλογιάν.
343 4083 421 4147 8καὶ
448 4084 567 4164 διήλθεν
591 4091 621 4151 ἐν
645 4084 768 4153 πόλεσιν
802 4082 958 4152 ἐπαύσατο
968 4031 1084 4162 λαλῶν,
1109 4083 1232 4171 ἐνήλατο
1245 4091 1284 4160 είς
1298 4083 1412 4161 αὐτούς

157 4157 270 4237 Ἰούδα,
297 4165 348 4226 καὶ
370 4165 585 4248 ἐξολόθρευσευ
609 4167 721 4256 ἀσεβεῖς·
739 4177 769 4249 ἐξ
801 4172 902 4254 ἀφνω,
926 4172 978 4235 καί
1005 4175 1155 4256 συνετρίβη
1180 4165 1289 4252 Σήρων
1314 4173 1367 4233 καί
1392 4169 1411 4252 ή

158 4242 269 4344 ξῐῦῐῆςι
295 4249 347 4311 καὶ
373 4247 561 4331 ἀπέστρεψεν
587 4251 679 4337 ὀργήν
705 4254 767 4321 ἀπὸ
799 4253 972 4341 παρεμβολή
1008 4253 1106 4319 αὐτοῦ
1141 4250 1268 4318 ἐνώπιον
1302 4252 1411 4317 αὐτοῦ.

166 4325 287 4410 Ισραήλ.
315 4331 386 4393 9καέ
398 4328 561 4413 ὠνομάσθη
573 4339 627 4408 ἕως
641 4335 767 4421 ἐσχάτου
800 4341 831 4381 ²⁴
845 4343 897 4403 καί
908 4341 1032 4404 ἐδίωκον
1046 4335 1142 4402 αὐτὸν
1155 4341 1185 4401 ἐν
1197 4341 1236 4428 τῇ
1249 4331 1412 4420 καταβάσει

157 4413 208 4488 ϊῆς
221 4411 283 4492 7713,
298 4415 349 4476 καί
360 4411 521 4496 συνήγαγεν
532 4412 765 4499 ἀπολλυμένους.
801 4428 979 4507 Βαιθωροῑν
999 4427 1054 4496 ἕως
1067 4425 1124 4485 τοῦ
1135 4422 1249 4485 πεδίου.
1275 4422 1328 4486 καί
1342 4423 1413 4486 ἐπε-

158 4491 185 4530 '0
199 4494 251 4555 καὶ
275 4492 437 4577 συνήγαγεν
452 4492 652 4576 Ἀπολλώνιος
678 4507 766 4589 ἔθνη,
802 4532 857 4573 σον
870 4506 921 4573 ἀπ’
943 4505 1046 4571 αὐτῶν
1063 4510 1102 4580 εἰς
1122 4503 1234 4592 ἀνδρας
1247 4503 1414 4571 ἀκτακοσί·

1349 4615 1414 4666 ους.
