2924 4972
188 235 252 301 318
349 236 898 300 ΒΑΣιΛυισΝΔΕνΤυΡΑ
940 241 1015 314 Κεφ.
1031 234 1080 297 ια’.
1094 235 1145 319 ην.
1161 234 1212 299 11.
1228 235 1279 300 12.
1319 329 1395 339 ψ-

189 350 299 415 στειλεν
315 353 347 414 ἐν
381 352 434 435 ειρὶ
449 348 569 434 Οὐρίου.
595 353 688 416 15καί
705 353 796 435 ἐγρα-
829 356 887 414 τοῦ
911 349 1070 436 βασιλέως,
1095 355 1148 414 καί
1165 375 1199 426 γε
1216 346 1234 413 5
1253 345 1364 424 δοῦλός
1381 372 1431 413 σου

187 455 245 515 ψεν
269 435 300 497 ἐν
321 435 371 518 βιβ
393 437 440 515 ’ῳ,
465 433 568 510 λέγων.
595 427 727 510 εῖςάγαγε
743 430 796 497 τὸν
832 431 944 517 Οὐρίας
961 429 978 496 5
996 440 1147 508 Χετταῖος
1165 427 1308 498 ἀπέθανε.
1345 429 1433 495 2ἐκαὶ

191 514 304 600 Οὐρίαν
328 517 493 591 ἐξεναντίας
518 519 573 579 τοῦ
590 515 724 598 πολέμου
741 518 797 579 τοῦ
828 514 891 580 εἶπε
908 517 1006 581 Δαυίδ
1025 512 1103 601 πρὸς
1124 512 1178 580 τὸν
1195 514 1328 593 ἀγγελον.
1364 509 1435 578 τάδε

186 601 349 683 κραταιοῦ,
373 598 425 662 καὶ
442 594 715 682 ἀπυστραφήσεσθε
732 596 796 662 ἀπὸ
829 601 902 684 ἐρεῖς
912 596 989 685 πρὸς
999 594 1098 685 Ἰωάβ.
1115 596 1154 680 μή
1167 594 1301 681 πονηρὸν
1313 599 1392 660 ἐάτω
1404 598 1435 660 ἐν

187 681 314 746 ὄπισθεν
339 677 449 756 αὐτοῦ,
474 682 526 745 καὶ
549 676 729 764 πληγήσεται
744 680 797 744 καί
829 679 1003 763 ὀφθαλμοῖς
1027 706 1082 745 σου
1099 677 1136 744 τό
1155 682 1236 762 ῥήμα
1252 682 1360 752 τοῦτο,
1387 674 1453 755 ὅτι

186 763 397 829 ἀποθανεῖται.
433 764 527 827 11’καί
551 758 678 847 ἐγενήθη
703 765 734 827 ἐν
750 767 795 844 τῷ
826 758 1074 844 ποτὲμένυύτως
1085 763 1138 826 καὶ
1148 760 1223 825 ποτὲ
1235 754 1330 832 αὐτας
1342 753 1435 838 φάγε·

186 843 345 928 φυλάσσειν
367 843 463 930 Ἰωάβ
478 848 529 910 ἐπὶ
544 843 598 930 τήν
615 841 719 922 πόλιν,
743 845 796 908 καί
826 870 878 909 ται
889 841 909 929 ή
920 840 1061 929 μάχαιρα.
1076 847 1265 927 κραταίωσον
1277 839 1330 905 τὸν
1342 837 1436 905 πόλε-
1456 910 1458 932 Ι

186 933 292 1014 ἔθηκεν
316 924 369 992 τὸν
387 925 501 1013 Οὐρίαν
518 932 557 1003 εἰς
573 925 628 993 τὸν
643 922 739 993 τόπον
756 918 794 991 οὐ
825 923 881 1009 μόν
892 951 946 992 σου
965 931 1006 1000 εἰς
1017 924 1072 1009 τήν
1083 921 1185 1001 πόλιν,
1210 926 1262 988 καὶ
1273 918 1434 990 κατάσπα-
1456 956 1458 966 ⁴

185 1012 247 1095 ήδει
260 1007 307 1075 ότι
320 1009 423 1096 ἀνδρες
440 1006 588 1094 δυνάμεως
601 1013 667 1075 ἐκεῖ.
703 1009 795 1073 11καί
828 1035 881 1075 σον
907 1007 1017 1093 αὐτήν,
1042 1011 1094 1072 καὶ
1117 1014 1308 1094 κραταίωσον
1332 1004 1458 1091 αὐτήνμ.

186 1083 313 1179 ἐξῆλθον
337 1097 369 1158 σί
393 1094 494 1178 ἀνδρες
517 1097 571 1177 τής
587 1091 718 1170 πόλεως,
743 1092 795 1157 καί
828 1093 916 1157 26καί
927 1090 1049 1175 ἤκουσεν
1061 1089 1078 1174 ή
1091 1089 1165 1174 γυνή
1179 1088 1289 1175 Οὐρίου
1299 1085 1347 1153 ὅτι
1359 1086 1436 1154 ἀπί-

185 1177 351 1258 ἐπολέμουν
362 1176 438 1261 μετὰ
447 1172 549 1279 Ἰωάηλ
574 1177 627 1242 καί
641 1180 751 1242 ἔπεσαν
762 1176 794 1238 ἐκ
827 1185 918 1241 θανεν
933 1173 1043 1262 Οὐρίας
1056 1172 1073 1238 5
1087 1173 1160 1260 ἀνήρ
1174 1171 1280 1254 αὐτῆς,
1303 1174 1355 1237 καί
1369 1170 1436 1238 ἐκό-

184 1266 243 1326 τού
256 1259 331 1324 λαοῦ
349 1262 381 1323 ἐκ
398 1265 458 1324 τῶν
476 1259 592 1324 δουλων
606 1260 719 1334 Δαυίδ,
743 1260 796 1322 καί
827 1277 911 1342 ψατο
926 1258 979 1324 τὸν
992 1257 1087 1344 ἀνδρα
1101 1256 1201 1341 αὐτῆς.
1227 1259 1256 1299 ²⁷
1268 1260 1320 1321 καὶ
1332 1256 1435 1342 διῆλθε

185 1343 320 1409 ἀπέθανε
345 1348 398 1407 καί
413 1368 446 1419 γε
467 1341 578 1448 Οὐρίας
599 1339 617 1405 5
636 1349 793 1415 Χετταῖος.
827 1339 864 1405 τό
877 1345 990 1418 πένθος
994 1392 1004 1420 ,
1022 1345 1073 1406 καί
1085 1336 1240 1407 ἀπέστειλε
1254 1341 1366 1416 Δαυὶδ,
1384 1343 1434 1405 καί

184 1428 272 1491 18καὶ
284 1424 452 1490 ἀπέστειλεν
460 1422 561 1511 Ἰωαβ,
574 1426 625 1490 καὶ
637 1421 795 1509 ἀπήγγειλε
829 1422 990 1509 συνήγαγεν
1008 1422 1102 1507 αὐτήν
1117 1429 1156 1499 είς
1168 1421 1222 1487 τὸν
1235 1423 1318 1488 οἶκον
1330 1421 1434 1497 αὐτοῦ,

185 1514 230 1590 τῷ
253 1509 353 1573 aaut&
376 1504 493 1582 πάντας
516 1504 586 1583 τούς
609 1503 714 1585 λόγους
738 1511 793 1571 τοῦ
828 1511 880 1573 καὶ
902 1505 1028 1592 ἐγενήθη
1051 1507 1137 1591 αὐτῷ
1162 1511 1201 1581 εἰς
1222 1517 1362 1584 γυναῖκα,
1387 1508 1436 1570 καί

185 1590 320 1675 πολέμου
347 1590 476 1675 λαλῆσαι
492 1588 570 1677 πρὸς
587 1589 640 1656 τὸν
657 1589 792 1678 βασιλέα.
828 1591 922 1654 ἔτεκεν
933 1590 1018 1673 αὐτῷ
1032 1585 1105 1654 υἱόν.
1132 1593 1184 1653 καὶ
1195 1589 1330 1674 πονηρὸν
1341 1586 1435 1671 ἐφάνη

186 1676 215 1717 ¹⁹
227 1676 278 1739 καί
291 1672 451 1738 ἐνετείλατο
469 1677 514 1756 τῷ
535 1671 665 1757 ἀγγελῳ,
691 1673 792 1751 λέγων.
826 1671 864 1736 τὸ
881 1676 961 1759 ρήμα
980 1669 999 1737 5
1018 1676 1138 1755 ἐποίησε
1151 1673 1249 1738 Λαυίδ
1266 1678 1297 1738 ἐν
1314 1671 1436 1754 ἀφθαλ

186 1760 274 1840 ἐντῷ
292 1755 458 1822 συντελέσαι
476 1755 592 1832 πάντας
605 1755 674 1831 τούς
687 1753 794 1835 λόγους
826 1767 894 1838 μοῖς
906 1763 1019 1843 κυρίου.

185 1845 239 1904 τοῦ
251 1840 387 1922 πολέμου
404 1839 531 1923 λαλῆσαι
549 1837 625 1923 πρὸς
643 1840 696 1905 τὸν
707 1843 794 1925 βασι·
1011 1845 1046 1902 Κ
1057 1845 1087 1903 E
1098 1843 1137 1902 Φ.
1181 1833 1254 1903 ΙΒ’.

186 1923 256 1999 λέα,
281 1925 313 1967 ²⁰
330 1923 382 1986 καί
404 1925 488 1988 ἔσται
507 1923 560 1987 ἐὰν
577 1921 708 2015 ἀναβήύ
733 1932 791 1986 θυ-
827 1887 913 1986 Kal
936 1917 1090 1986 ἀπέστειλε
1114 1916 1215 2004 κύριος
1239 1919 1294 1985 τὸν
1317 1915 1434 1986 Νάθαν

184 2005 238 2088 μδς
249 2009 305 2072 τοῦ
316 2005 469 2093 βασιλέως,
482 2006 534 2068 καί
546 2004 614 2097 εἴπη
628 2031 687 2080 σοι,
701 2010 734 2068 τί
745 1999 792 2069 ὅτι
827 2001 881 2069 τὸν
891 2001 1050 2090 προφήτην
1057 2000 1134 2091 πρὸς
1146 2006 1251 2080 Δαυέδ,
1262 2007 1313 2068 καὶ
1321 2005 1437 2109 είςήλθε

184 2087 324 2172 ήγγίσατε
341 2084 418 2194 πρὸς
434 2086 489 2151 τ“ν
506 2083 594 2153 πόλιν
612 2088 774 2170 πολεμῆσαι
779 2116 791 2165 ,-
827 2087 903 2173 πρὸς
915 2086 1020 2162 αὐτὸν,
1032 2092 1084 2154 καὶ
1095 2086 1171 2152 εἶπεν
1183 2085 1276 2169 αὐτῷ.
1291 2083 1346 2152 δύο
1360 2111 1436 2170 ησαν

186 2170 241 2236 οὐκ
260 2170 352 2264 ᾔδειτε
363 2195 411 2235 οτι
424 2115 614 2246 τυέεὐσουσιν
630 2167 793 2236 ἀπάνευθεν
828 2169 930 2256 ἀνδρες
942 2174 973 2235 ἐν
985 2170 1069 2236 πόλει
1081 2176 1149 2254 μιᾷ,
1165 2170 1203 2246 είς
1214 2165 1368 2247 πλούσιος,
1386 2173 1437 2237 καί

184 2259 242 2319 τοῦ
254 2260 364 2338 τείχους
369 2281 380 2330 ,·
405 2255 432 2294 ²¹
446 2260 490 2328 τίς
503 2249 632 2329 ἐπάταξε
644 2252 698 2317 τὸν
710 2251 791 2339 'Ash-
828 2253 867 2327 είς
878 2250 979 2336 πένης.
1005 2257 1083 2319 2καὶ
1101 2259 1144 2336 τῷ
1161 2253 1297 2336 πλουσίῳ
1315 2242 1351 2337 ήν
1366 2260 1436 2320 παί-

183 2333 345 2420 ιιελεχυῖὸν
358 2331 596 2420 Ἰεροβάαλυῐοῦ
609 2331 699 2439 Νήρς
725 2335 792 2439 οὐηί
828 2360 897 2418 μνια
927 2341 979 2401 καὶ
1006 2333 1149 2422 βουκόλια
1180 2335 1282 2401 πολλὰ
1307 2336 1434 2423 σφόδρα.

183 2418 254 2502 γυνή
274 2420 378 2505 ἔρριψε
393 2415 511 2502 κλάσμα
527 2414 622 2502 μύλου
638 2421 676 2483 ἐπ
698 2415 792 2483 αὐτον
828 2420 907 2485 3καί
929 2423 974 2503 τῷ
991 2417 1096 2504 πένητι
1116 2418 1200 2486 οὐδὲν
1219 2417 1283 2484 ἀλλ’
1305 2416 1436 2502 ἢάμνάς

184 2502 248 2570 ἀπὸ
261 2501 378 2568 ἀνωθεν
389 2507 444 2566 τοῦ
456 2507 581 2585 τείχους,
607 2503 660 2566 καὶ
670 2499 791 2568 ἀπέθα-
827 2507 882 2584 μία
905 2500 1011 2590 μικρά,
1036 2500 1070 2588 ἣν
1095 2498 1241 2586 ἐκτήσατο
1265 2507 1316 2567 καὶ
1340 2529 1435 2589 περιε-

183 2612 229 2653 νεν
254 2588 284 2651 ἐν
313 2587 450 2668 Θαμασίς
488 2589 568 2650 ῖνατί
595 2580 792 2672 προςηγάγετε
828 2582 981 2690 ποιήσατο
1012 2592 1065 2652 καὶ
1088 2582 1243 2669 ἐξέθρεψεν
1267 2583 1361 2669 αὐτήν
1387 2590 1436 2652 καί

182 2669 260 2753 πρὸς
277 2668 315 2733 τὸ
335 2680 443 2752 τεῖχος,
473 2669 525 2731 καὶ
543 2670 623 2750 ἐρεῖς.
654 2675 707 2733 καί
721 2664 791 2745 γεὸ
829 2664 963 2754 ήδρυνθη
988 2669 1046 2751 μετ’
1076 2668 1170 2734 αὐτοῦ
1201 2672 1252 2733 καὶ
1276 2669 1350 2751 μετά
1376 2674 1436 2734 τῶν

183 2747 290 2826 δοῦλός
308 2776 361 2815 σου
381 2747 491 2835 Οὐρίας
509 2746 527 2814 5
546 2757 697 2826 Χετταῖος
714 2750 791 2816 ἀπέ-
829 2755 902 2816 υῖαῖν
914 2751 1012 2816 αὐτοῦ
1025 2753 1076 2817 ἐπί
1088 2751 1125 2816 τό
1135 2749 1220 2828 αὐτὸ,
1230 2756 1262 2815 ἐκ
1273 2756 1330 2816 τοῦ
1340 2750 1435 2838 ἀρταυ

182 2843 265 2897 θανε.
278 2835 364 2897 22καὶ
375 2830 522 2939 ἐπορεύθη
534 2829 552 2896 5
565 2831 689 2909 ἀγγελος
698 2830 792 2918 Ἰωάβ
828 2830 925 2898 αὐτοῦ
936 2833 1032 2917 ήσθιε,
1047 2838 1098 2900 καὶ
1109 2837 1141 2898 ἐκ
1153 2839 1210 2898 τοῦ
1220 2842 1370 2921 ποτηρίου
1378 2833 1435 2900 αὐ-

181 2913 323 3000 πρόςτδν
335 2915 461 3004 βασιλεα
472 2912 721 3002 είςἸερουσαλήμ,
739 2917 791 2980 καὶ
828 2920 884 2981 τοῦ
908 2919 1000 2996 ἔτεινε,
1025 2919 1133 3021 καὶςέν
1150 2921 1195 3001 τῷ
1215 2915 1320 3002 κόλπῳ
1341 2917 1434 2985 αὐτοῦ

181 3003 359 3097 παρεγένετο
385 3001 437 3065 καί
455 2994 612 3084 ἀπήγγειλε
628 3004 673 3082 τῷ
692 3000 792 3064 Δαυίδ
828 2995 984 3077 ἐκάθευδε,
1010 3002 1061 3065 καί
1079 3026 1116 3104 ην
1133 2998 1217 3083 αὐτῷ
1234 2997 1276 3076 ὡς
1287 2997 1434 3103 θυγάτηρ.

260 3108 281 3146 α
308 3080 367 3148 ὅσα
391 3079 562 3166 ἀπήγγειλεν
586 3079 673 3165 αὐτῷ
697 3079 792 3169 Ἰωάβ
828 3083 913 3146 4καὶ
942 3073 1017 3166 ήλθε
1045 3085 1183 3169 παροδος
1211 3090 1254 3168 τῷ
1281 3083 1366 3172 ἀνδρί
1390 3111 1433 3169 τῳ

177 3175 207 3262 μυ
299 3163 338 3229 τά
358 3164 478 3250 ῥήματα
493 3168 554 3228 τυύ
567 3163 711 3245 πολέμου.
739 3167 791 3229 καί
827 3165 981 3250 πλουσίῳ,
1005 3169 1056 3232 καὶ
1068 3171 1207 3248 ἐφείσατο
1219 3167 1434 3255 λαβεῖνέκτυῖν

178 3284 235 3346 μου
268 3324 278 3342 ἱ
342 3248 441 3314 Δαυίδ
450 3244 643 3333 πρύςἸωάβ,
665 3245 790 3313 καλείπε
827 3256 972 3350 πριμνίων
985 3248 1082 3316 αὐτοῦ
1095 3252 1146 3315 καὶ
1157 3253 1190 3315 ἐκ
1200 3255 1261 3316 τῶν
1268 3253 1435 3338 βουκολίων

180 3346 242 3408 τῶν
266 3363 325 3426 ηειρ
394 3331 473 3428 Q.
501 3335 582 3396 ίνατί
592 3327 790 3417 προςηγάγετε
828 3339 923 3398 αυτοῦ
935 3339 994 3400 τοῦ
1005 3338 1132 3418 ποιήσαι
1146 3338 1190 3398 τιύ
1199 3330 1272 3420 ξίνῳ
1281 3333 1434 3422 ὁδοιπόρῳ

175 3424 324 3523 ’.ἐσς’-τη,
345 3427 433 3493 ‘lm
451 3418 507 3479 τοῦ
524 3415 707 3518 πολμήσαις
734 3413 790 3480 οὐκ
828 3421 871 3498 τῷ
897 3413 1019 3485 ἐλθόντι
1043 3416 1120 3504 πρὸς
1146 3400 1252 3495 αὐτὸν,
1278 3423 1329 3484 καὶ
1345 3420 1434 3506 ἔλαβε

180 3472 274 3593 ᾔδειτε
298 3496 345 3564 ότι
372 3493 558 3585 ιιληγήσευθε
574 3497 639 3564 ἀπο
656 3502 714 3588 τοῦ
730 3505 790 3564 τεί-
827 3500 883 3604 τήν
896 3500 1013 3586 ἀμνάδα
1023 3509 1079 3568 τοῦ
1090 3500 1226 3587 πένητος,
1237 3505 1289 3568 καὶ
1298 3508 1436 3586 ἐποίησεν

179 3607 265 3665 κθυςῑ
287 3589 333 3659 τίς
350 3582 479 3660 &magt
494 3580 548 3646 τὸν
559 3579 708 3668 Ἀβιμδλεχ
726 3580 790 3647 υἱόν
828 3582 922 3671 αυτήν
938 3592 983 3671 τῷ
995 3585 1082 3672 ἀνδρὶ
1098 3590 1143 3670 τῷ
1156 3582 1276 3651 ἐλθόντι
1288 3582 1364 3685 πρὸς
1378 3583 1434 3647 αὐ-

178 3662 350 3752 Ἰερυβάαλς
376 3665 443 3750 οὐχὶ
459 3661 529 3748 γυνή
543 3666 660 3750 ἔρριψεν
672 3662 717 3730 ἐπ’
733 3664 790 3731 αὐ-
827 3666 890 3734 τόν.
911 3670 987 3735 ὅκαὶ
998 3666 1147 3752 ἐθυμιόθη
1160 3666 1236 3749 ὀργῆ
1248 3664 1345 3730 Δαυιδ
1356 3663 1435 3743 σφό-

179 3745 236 3812 τὸν
259 3746 378 3832 κλάσμα
402 3748 496 3830 μύλσυ
522 3745 585 3812 ἀπὸ
602 3753 659 3815 τοῦ
677 3756 789 3834 τείχους
827 3753 886 3872 δρα
909 3758 953 3834 τῷ
974 3751 1070 3837 ἀνδρί.
1096 3754 1147 3815 καί
1165 3735 1226 3814 είπέ
1244 3747 1341 3812 Δαυὶδ
1356 3745 1433 3828 πρὸς

181 3831 232 3893 καὶ
244 3828 393 3897 ἀπέθανεν
406 3835 436 3896 ἐν
454 3833 591 3914 Θαμασί,·
606 3837 686 3899 ἶυατί
697 3859 721 3895 π
740 3858 789 3906 ος-
827 3829 953 3898 Λάθαν.
981 3829 1136 3924 ζήκύριος,
1158 3828 1206 3896 ὅτι
1219 3826 1283 3902 υἱὸς
1294 3824 1432 3892 θανάτου

179 3909 305 3991 ηγάγετε
322 3912 399 3999 πρὸς
415 3911 451 3979 τὸ
469 3927 577 4000 τεῖχος,·
604 3918 633 3958 ²³
646 3857 789 3980 καὶελπεν
827 3911 939 3998 ὁάνήρ
959 3912 977 3979 5
995 3911 1122 3996 ποιήσας
1139 3919 1248 3985 τοῦτο,
1279 3911 1358 3974 6καί
1378 3909 1431 3996 τήν

180 3993 334 4074 ὁάγγελος
345 3995 421 4079 πρὸς
434 3999 538 4061 Δαυίδ.
563 3996 610 4063 ὅτι
625 3999 789 4079 ἐνραταίω-
826 3993 946 4098 ἀμνάδα
966 3995 1103 4061 ἀποτίσει
1118 3993 1344 4058 ἑπταπλασίονα
1360 3991 1428 4060 ἀνθ’

181 4103 238 4144 σαν
255 4084 293 4159 ἐφ
318 4104 393 4161 ημας
420 4104 452 4142 οι
473 4079 574 4165 ανδρες
591 4080 644 4144 καὶ
661 4073 790 4158 ἐξῆλθον
827 4100 869 4141 ων
893 4073 941 4142 ότι
957 4078 1077 4160 ἐποίησε
1094 4074 1130 4142 τὸ
1149 4079 1228 4160 ῥῆμα
1249 4080 1357 4152 τοῦτο,
1382 4083 1433 4144 καί

180 4160 223 4244 ἐφ’
240 4160 315 4247 ἡμᾶς
327 4165 366 4235 είς
378 4157 431 4222 τὸν
448 4158 555 4245 ἀγρὸν,
579 4163 632 4225 καί
648 4154 788 4264 ἐγενήθη-
825 4161 894 4245 περέ
905 4150 942 4226 οὐ
954 4159 1010 4225 οὐκ
1022 4163 1171 4242 ἐφείσατο.
1197 4162 1210 4203 ⁷
1223 4161 1275 4222 καὶ
1286 4158 1347 4224 εἷπε
1359 4161 1431 4226 Νά-

179 4271 231 4329 W
244 4241 287 4312 ἐπ’
303 4239 412 4316 αὐτοὺς
425 4245 480 4315 ἕως
490 4245 543 4325 τῆς
557 4238 654 4326 θύρας
665 4248 717 4327 τῆς
729 4270 788 4308 πυ-
826 4255 890 4309 θαν
902 4242 977 4330 πρὸς
987 4246 1092 4310 Δαυίδ.
1107 4241 1144 4310 σύ
1158 4238 1214 4307 εἶὸ
1227 4240 1300 4327 ἀνήρ
1314 4244 1331 4307 5
1342 4243 1431 4349 ποιή-

180 4329 241 4414 λης.
278 4329 310 4371 ²⁴
322 4327 374 4393 καί
398 4321 551 4400 ἐτόξευσαν
575 4328 606 4390 οῖ
626 4323 789 4405 τοξεύοντες
827 4355 881 4404 σας
897 4332 998 4394 τοῦτο.
1024 4326 1094 4394 τάδε
1113 4324 1189 4404 λε’γει
1207 4324 1305 4410 κύριος
1324 4325 1341 4392 5
1360 4339 1432 4403 θεας

180 4412 258 4497 πρὸς
277 4409 347 4488 τούς
365 4405 475 4484 παῖδάς
488 4433 542 4474 σου
555 4404 718 4476 ἀπάνευθεν
731 4417 788 4478 τοῦ
823 4407 951 4497 Ἰσραήλ.
979 4407 1038 4490 ἐγώ
1055 4418 1109 4495 εἰμι
1129 4408 1147 4475 5
1167 4417 1267 4496 χρίσας
1282 4437 1312 4474 σε
1325 4416 1395 4498 εἰςβ
1414 4453 1431 4462 -

179 4504 307 4584 τείχους,
335 4497 388 4563 καὶ
409 4492 567 4561 ἀπέθανον
590 4497 652 4559 τῶν
669 4494 788 4561 παίδων
827 4496 910 4563 σιλέα
922 4497 972 4563 ἐπὶ
981 4494 1118 4585 Ἰσραήλ,
1141 4499 1192 4562 καί
1209 4490 1268 4575 ἐγιό
1280 4500 1335 4578 εἰμι
1348 4498 1430 4597 ἐρρυ-

1339 4603 1432 4661 σααην
