2924 4972
169 247 236 314 90‘2
438 245 459 302 1
468 244 498 300 E
508 242 537 300 Ζ
547 243 576 299 E
586 243 619 301 K
631 246 651 302 1
660 243 698 301 H
707 244 742 300 Λ
782 242 859 316 Κεφ.
873 230 931 320 κβ’.
945 236 1001 312 κγ’.
1014 237 1065 300 22.
1079 236 1129 300 23.

166 353 293 439 ὁρῶντες
304 349 429 436 μάταια,
440 346 652 452 μαντευόμενοι
666 351 771 434 ψευδῆ,
801 350 880 432 λημα
898 353 936 422 είς
952 361 1107 426 γυναῖκας,
1131 348 1182 410 καί
1199 352 1349 431 ἐποίησαν
1367 353 1416 414 ἐκ-

164 438 310 516 λέγοντες,
333 431 404 499 τάδε
416 433 493 511 λεγει
509 429 627 515 κύριος,
651 435 703 498 καί
719 430 772 496 κό-
802 427 925 516 δικησεις
939 435 972 497 ἐν
990 431 1068 523 αὐτῇ
1091 436 1129 505 εἰς
1146 428 1202 506 τάς
1224 428 1416 519 θυγατέρας.

164 545 228 607 ριος
240 517 296 585 οὐκ
310 513 382 581 ἐλάλ
401 541 440 580 σε.
467 517 497 559 ²⁹
507 516 583 580 λαὸν
594 520 645 599 τῆς
656 520 710 599 γης
722 518 772 580 ἐκ-
800 519 825 556 ¹¹
839 518 890 579 καί
908 513 980 579 είδεν
998 513 1142 600 ἡάδελφὴ
1161 512 1253 597 αὐτῆς
1271 513 1416 601 Ὀολιβά,

164 605 328 679 πιεζοῦντες
358 543 458 682 &gantos
487 601 538 663 καί
561 595 771 699 διαρπάζοντες
800 600 850 662 καί
862 594 1011 682 διέφθειρε
1021 596 1076 682 την
1089 600 1221 662 ἐπίθεσιν
1230 596 1327 680 αὐτῆς
1338 597 1416 687 ὓπερ

166 684 366 771 ἁρπάγματα,
391 679 510 767 πτωχὸν
525 684 576 748 καί
587 707 702 765 πενητα
715 709 770 746 κα-
802 679 912 764 αὐτὴν,
936 684 988 744 καί
1005 681 1060 765 την
1076 686 1216 763 πορνείαν
1230 678 1324 765 αὐτῆς
1339 679 1416 765 ὑπὲρ

165 763 446 842 ταδυναστεάοντες,
462 767 512 829 καί
524 765 601 849 πρὸς
611 763 665 831 τὸν
677 790 770 850 προς-
802 764 854 848 τὴν
865 769 1005 848 πορνείαν
1016 770 1068 849 τῆς
1077 764 1205 848 ἀδελφῆς
1213 763 1318 849 αὐτῆς.
1329 768 1420 831 Ωέπί

166 848 278 936 ήλυτσν
289 847 344 914 οὐκ
357 844 604 934 ἀναστρεφόμενοι
620 845 694 932 μετὰ
706 855 770 930 κρί-
801 847 874 922 τοὺς
895 846 980 922 υἱοὺς
1003 853 1066 914 τῶν
1083 846 1253 932 ,Ἀσσυρίαν
1279 845 1419 916 ἐπέθετο

164 959 266 1019 ματος.
288 935 319 977 ³⁰
330 936 381 997 καί
392 928 510 1016 ἐζήτουν
523 934 553 1008 ἐξ
566 930 666 995 αὐτῶν
677 927 771 1015 ἀνδρα
801 925 980 1015 ἡγουμένους
997 933 1049 995 καί
1068 929 1251 1016 στρατηγοὺς
1269 931 1348 1008 τοὺς
1367 936 1418 1010 ἐγ-

165 1012 418 1101 ἀναστρεφόμενον
443 1014 560 1101 ὀρθῶς,
586 1017 636 1079 καί
655 1016 770 1079 ἑστῶτα
800 1012 854 1092 γὺς
867 1011 959 1097 αὐτῆς
972 1011 1159 1089 ἐνδεδυκότας
1171 1011 1349 1099 εὐπάρυφα,
1363 1020 1419 1082 ἶπ-

164 1099 226 1185 πρὸ
246 1094 411 1186 προςῶπου
429 1124 489 1181 μου
507 1096 670 1182 ὁλοσχερῶς
683 1100 714 1161 ἐν
726 1102 771 1181 τῷ
801 1109 864 1173 πεῖς
877 1094 1095 1179 ίππαζομένους
1106 1097 1150 1179 ἐφ’
1167 1102 1287 1172 ἵππων,
1315 1107 1419 1166 νεανί-

165 1211 215 1249 και
244 1187 262 1266 J
287 1187 340 1265 της
359 1181 466 1265 ἀργῆς,
491 1185 547 1245 τσῦ
564 1181 611 1286 μίη
630 1185 668 1256 είς
685 1178 770 1254 τέλος
802 1205 866 1246 σκσι
878 1179 1024 1245 ἐπίλεκτοι
1036 1178 1153 1255 πάντες.
1178 1183 1206 1223 ¹³
1218 1184 1271 1246 καί
1284 1182 1355 1249 ἴδον
1370 1179 1419 1248 ότι

164 1269 215 1344 ἐξα
247 1275 318 1349 ἶψαι
330 1264 436 1350 αὐτὴν,
449 1261 568 1349 καὶούχ
581 1288 674 1348 ευρον.
688 1265 772 1328 31καί
801 1269 953 1348 μεμίανται
980 1263 1050 1340 ὁδὸς
1067 1271 1121 1348 μία
1137 1267 1198 1328 τῶν
1215 1260 1278 1329 δύο.
1315 1266 1418 1332 14καί

164 1347 263 1435 ἐξέχεα
284 1345 328 1415 ἐπ’
350 1345 444 1431 αὐτὴν
461 1345 560 1430 θυμόν
576 1373 633 1430 μου
650 1352 680 1412 ἐν
697 1349 772 1430 πυρὶ
801 1344 966 1433 προςέθετσ
984 1345 1062 1432 πρὸς
1078 1346 1133 1429 την
1148 1354 1291 1433 πορνείαν
1307 1348 1417 1435 αὐτῆς,

165 1433 256 1538 ἀργῆς
267 1457 336 1514 μου,
347 1436 405 1496 τοῦ
419 1431 596 1498 συντελέσαι.
615 1429 669 1506 τάς
681 1429 772 1506 ὁδοὺς
802 1433 854 1495 καί
871 1429 943 1495 είάεν
959 1429 1069 1515 ἀνδρας
1087 1428 1354 1516 ἐζωγραφημένους
1367 1438 1418 1500 ἐπὶ

165 1521 267 1582 αυτῶν
278 1520 317 1591 είς
329 1513 460 1595 κεφαλάς
470 1512 570 1580 αὐτῶν
580 1511 708 1588 δέδωκα,
720 1509 772 1578 λέ-
802 1518 859 1579 τοῦ
876 1519 995 1617 τοίηου,
1021 1511 1135 1591 είκόνας
1153 1517 1322 1580 Χαλδαίων
1343 1520 1416 1594 ἕζεο·

164 1623 208 1677 γει
218 1595 317 1684 κύριος
329 1595 437 1683 κύριος.
801 1621 1007 1684 γραφημενους
1032 1600 1063 1664 ἐν
1078 1600 1217 1683 γραφίδι,
1242 1600 1416 1684 1έέζσυσμέ-

139 1709 142 1713 ’
803 1706 871 1755 νους
888 1679 1069 1763 ποικίλματα
1086 1684 1136 1746 ἐπὶ
1152 1680 1208 1756 τάς
1221 1681 1344 1765 ὀσφύας
1356 1683 1414 1748 αά-

342 1769 417 1829 ΚΕ
431 1769 469 1829 Φ.
511 1761 597 1829 ΚΓ’.
803 1768 865 1829 τῶν
877 1763 1065 1868 παραηίαπτά
1077 1768 1128 1829 καὶ
1137 1768 1260 1831 ἐπὶτῶν
1272 1768 1413 1848 κεφαλῶν

165 1812 251 1913 Καί
270 1841 384 1924 ἐγένετο
403 1847 492 1926 λόγος
508 1855 612 1934 κυρίου
628 1846 707 1935 πρὸς
724 1847 770 1931 μέ,
803 1845 923 1925 αὐτῶν,
945 1849 1017 1930 ὂιμις
1030 1847 1134 1935 τρισση
1146 1847 1283 1925 πάντων,
1297 1851 1409 1934 ὁμοίω-

165 1927 268 2007 λέγιον.
294 1930 366 1995 2υἱὲ
378 1927 558 2015 ἀνθρώπου,
572 1928 626 1997 δίο
638 1943 772 2009 γυναῖκες
802 1957 846 2014 μα
858 1934 931 1995 υἱῶν
942 1931 1119 2007 Χαλδαίαν,
1131 1937 1184 2016 γῆς
1195 1935 1344 2038 πατρίδος
1353 1931 1410 1999 αὖ·

168 2002 244 2077 ςσαν
267 2008 432 2097 θυγατέρες
455 2013 567 2098 μητρὸς
584 2020 666 2098 μιᾶς,
693 2016 772 2080 3καί
802 2019 868 2078 τοῦ.
908 2011 1152 2080 16καλέπέθετο
1174 2017 1220 2082 ἐπ’
1241 2017 1357 2093 αυτοάς
1394 2019 1410 2034 ”

165 2039 378 2182 έξεπόρνευσαν
395 2100 426 2161 ἐν
436 2092 588 2180 Αἰγύπτῳ
607 2102 639 2163 ἐν
655 2103 693 2190 τῇ
706 2094 770 2162 νεό-
802 2092 905 2182 ὁράσει
924 2095 1092 2180 ὀφθαλμῶν
1109 2097 1210 2184 αὐτῆς.
1237 2102 1290 2165 καί
1303 2043 1411 2178 {bauz

164 2203 231 2264 τητι
243 2174 354 2253 αὐτῶν,
368 2184 428 2244 ἐκεῖ
437 2183 540 2247 ἔπεσον
553 2184 585 2245 οἱ
592 2182 704 2265 μαστοί
715 2179 771 2247 αιἰ-
803 2180 911 2247 στειλεν
927 2178 1073 2259 ἀγγέλους
1089 2183 1168 2265 πρὸς
1180 2181 1292 2259 αὐτοὺς
1304 2190 1345 2260 είς
1356 2190 1411 2264 γ”ν

165 2266 236 2339 τῶν,
249 2265 310 2327 ἐκεί
318 2259 620 2348 διεπαρθενεόθησαν.
640 2265 657 2306 ⁴
668 2265 719 2329 καί
731 2262 770 2331 τά
803 2264 978 2329 Χαλδαίων.
1005 2267 1031 2308 ¹⁷
1045 2271 1096 2332 καί
1108 2267 1249 2350 ἥλθοσαν
1261 2266 1341 2354 πρὸς
1353 2297 1411 2335 ατε

165 2341 303 2429 ὀνόματα
319 2344 424 2412 αὐτῶν
437 2337 475 2433 ἧν
493 2345 589 2412 Ὀσλά
607 2346 625 2433 ἡ
644 2351 771 2432 πρεσβυ-
801 2346 855 2432 την
868 2349 1133 2436 υίσίΒαβυλῶνος,
1147 2355 1185 2425 είς
1197 2356 1300 2434 κοίτην
1313 2378 1410 2419 κατα-

164 2425 249 2535 τέρα,
262 2425 448 2517 καίὈολιβά
459 2427 477 2514 ἢ
488 2429 599 2516 ἀδελφὴ
608 2429 707 2516 αὐτῆς.
720 2434 771 2497 καὶ
801 2426 946 2506 λυόντων,
972 2433 1023 2497 καί
1048 2436 1177 2515 ἐμίαινον
1200 2431 1296 2516 αὐτὴν
1321 2438 1355 2500 ἐν
1372 2440 1410 2529 τῇ

164 2509 299 2590 ἐγενσντό
312 2539 372 2597 μοι,
386 2516 436 2579 καὶ
449 2517 548 2579 ἔτεκον
557 2514 640 2590 υἱοὺς
652 2517 703 2580 καί
712 2525 769 2579 ov·
801 2520 925 2598 πορνεία
937 2515 1041 2618 αὐτης,
1054 2520 1105 2581 καί
1115 2512 1239 2616 ἐμιάνθη
1248 2519 1280 2578 ἐν
1289 2514 1407 2597 αὐτοῖς,

163 2591 302 2682 γατέρας,
316 2599 369 2663 καί
381 2595 421 2662 τά
433 2594 568 2681 ὀνόματα
582 2596 691 2662 αὐτῶν.
705 2605 771 2661 Σα-
801 2599 852 2661 καί
864 2596 981 2681 ἀπέστη
1027 2597 1104 2684 φιηὴ
1120 2595 1209 2680 αὐτῆς
1221 2595 1272 2661 ἀπ’
1289 2594 1404 2662 αὐτῶν.

159 2677 271 2785 μάρεια
283 2671 319 2765 ἦν
332 2680 444 2757 Ὀολά,
467 2684 519 2746 καὶ
526 2678 722 2766 Ἰερουσαλὴμ
736 2671 771 2764 ἧν
801 2680 830 2722 ¹⁸
840 2683 891 2745 καὶ
903 2627 1078 2768 ἀπεκάλυφε
1087 2683 1140 2766 τὴν
1147 2686 1286 2767 πορνείαν
1297 2680 1409 2765 αὐτῆς,

172 2761 297 2849 Οολιβά.
324 2764 404 2829 ὅκαί
422 2762 623 2849 ἐξεπόρνευσεν
640 2761 659 2850 ἢ
674 2761 770 2830 Ὀαλά
801 2765 851 2827 καί
869 2762 1061 2850 ἀπεκάλυψεν
1079 2761 1213 2852 αἰσχύνην
1228 2762 1329 2849 αὐτῆς.
1357 2769 1412 2831 καὶ

163 2843 215 2912 ἀπ’
230 2850 317 2928 ἐμοῦ,
343 2849 394 2911 καί
413 2844 542 2913 ἐπέθετο
554 2851 604 2914 ἐπί
616 2853 687 2924 τοὺς
699 2854 770 2932 ἐρα-
802 2843 919 2932 ἀπέστη
942 2848 962 2932 ἡ
987 2847 1067 2934 ψυχή
1077 2877 1142 2954 μου
1167 2847 1215 2914 ἀπ’
1239 2846 1350 2930 αὐτῆς,
1378 2846 1412 2915 ὃν

163 2925 238 3004 στάς
251 2927 354 3015 αὐτῆς,
367 2932 416 2995 ἐπί
428 2929 500 3006 τοὺς
513 2929 686 3016 Ἀσσυρίους
698 2931 770 3006 τοὺς
802 2929 918 3011 τρόπον
935 2930 1053 3017 ἀπέστη
1071 2960 1091 3014 η
1109 2929 1191 3038 φυηη
1203 2959 1262 3015 μου
1280 2928 1345 2997 ἀπὸ
1359 2938 1412 3013 τῆς

162 3014 328 3090 ἐγγίζοντας
354 3012 449 3108 αὐτῇ,
478 3011 695 3091 θένδεδυκότας
714 3013 769 3080 ὖα-
801 3012 928 3098 ἀδελφῆς
945 3014 1043 3100 αὐτῆς.
1069 3017 1098 3059 ¹⁹
1111 3043 1162 3081 και
1174 3013 1412 3102 ἐπλήθυναςτην

162 3101 291 3170 κίνθινα,
318 3094 496 3179 ἡγουμένους
508 3100 560 3163 καί
572 3096 768 3183 στρατηγοὺς,
801 3104 941 3182 πορνείαν
954 3124 1021 3176 σου,
1048 3103 1107 3163 τοῦ
1119 3097 1282 3184 ἀναμνῆσαι
1301 3096 1412 3185 ἡμέραν

161 3182 311 3242 νεανίσκοι
323 3180 374 3241 καί
386 3179 543 3257 ἐπίλεκτοι,
553 3177 659 3256 πάντες
669 3187 768 3258 ἱππεῖς
800 3176 933 3262 νεότητός
958 3208 1026 3254 σου,
1054 3186 1085 3245 ἐν
1110 3184 1157 3257 αλς
1179 3180 1365 3267 ἐπόρνευσας
1381 3187 1411 3247 ἐν

162 3256 358 3343 ἱππαζόμεναι
376 3260 420 3342 ἐφ’
441 3266 553 3329 ίπποον.
583 3267 661 3329 7καί
678 3267 768 3332 ἔδωκε
800 3261 962 3346 Αἰγύπτῳ,
1001 3266 1032 3307 ²⁰
1044 3266 1096 3326 καί
1120 3261 1236 3328 ἐπέθου
1262 3268 1316 3330 ἐπί
1341 3266 1412 3342 τοὺς

158 3340 216 3427 την
228 3350 368 3429 πορνείαν
384 3343 477 3429 αὐτῆς
493 3345 538 3412 ἐπ’
555 3345 672 3424 αὐτούς.
699 3354 767 3413 ἐπί-
801 3345 984 3420 Χαλδαίους,
1000 3336 1041 3408 ῶν
1052 3342 1093 3420 ῶς
1101 3344 1178 3409 ὄνων
1188 3351 1222 3409 αί
1232 3346 1347 3431 σοίρκες
1355 3349 1412 3414 αὐ-

160 3425 256 3493 λεκτοι
271 3430 332 3495 υἱοί
343 3426 509 3515 Ἀσσυρίαν
520 3427 636 3507 πάντες,
654 3435 705 3498 καί
717 3436 767 3497 ἐπί
798 3432 868 3508 τῶν,
886 3430 937 3494 καί
950 3430 1051 3496 αλέοἴα
1061 3434 1166 3494 ίπττων
1178 3433 1218 3494 τὰ
1232 3433 1343 3498 αἰδοῖα
1356 3433 1411 3497 αά-

158 3506 275 3587 πάντας
287 3509 340 3587 οὓς
351 3508 490 3588 ἐπέθετο,
517 3515 548 3578 ἓν
560 3520 632 3580 πᾶσι
645 3528 706 3592 τοῖς
720 3519 766 3579 ἐν·
799 3517 872 3590 τῶν,
912 3515 940 3559 ²¹
954 3514 1004 3580 καί
1028 3507 1187 3596 ἐπεσκέψω
1205 3511 1262 3592 τὴν
1280 3513 1412 3619 ἀνομίαν

158 3591 328 3675 θυμημασιν
340 3593 444 3671 αὐτοῖς
456 3600 609 3677 ἐμιαίνετο.
627 3600 700 3663 8καί
712 3597 767 3681 τὴν
799 3591 936 3678 νεότητός
953 3623 1022 3672 σου,
1046 3594 1068 3663 ἀ
1085 3600 1191 3672 ἐποίεις
1208 3600 1241 3663 ἐν
1253 3601 1412 3682 Αίγυτττῳ

157 3681 298 3757 πορνείαν
315 3677 410 3762 αὐτῆς
427 3678 631 3758 ἐξΑίγιίπτου
649 3680 704 3746 σάκ
717 3685 764 3760 ἐγ·
798 3684 886 3763 ἔντιμ’
898 3677 1175 3764 καταλόματίσαυ,
1201 3671 1240 3745 οὗ
1254 3686 1413 3762 οἶμαστοί

158 3755 329 3836 κατέλιπεν,
357 3758 403 3825 ότι
420 3760 477 3842 μετ’
495 3763 587 3848 αὐτῆς
604 3768 765 3848 ἐκοιμῶντο
798 3758 935 3847 νεότητός
954 3790 1016 3830 σου.
1049 3767 1079 3807 ²²
1091 3760 1141 3828 διά
1158 3769 1252 3829 τοῦτο
1270 3764 1412 3850 Ὀολιβά,

158 3840 191 3901 ἐν
203 3839 316 3925 νεότητι
333 3839 441 3928 αὐτῆς,
471 3848 522 3910 καλ
539 3845 627 3913 αὐτοὶ
643 3851 765 3931 διεπαρ·
798 3845 869 3912 τάδε
890 3847 967 3925 λέγει
984 3844 1092 3933 κύριος.
1119 3845 1183 3912 ίιλοίι
1200 3847 1258 3923 ἒγῶ
1274 3849 1412 3933 ἐξεγείρειν

156 3915 304 3987 θένευσαν
316 3923 419 4008 αὐτὴν,
433 3929 484 3991 καί
497 3931 612 4014 ἐξέχεαν
621 3931 678 4016 τὴν
687 3958 765 4014 πορ-
797 3931 869 4004 τοὺς
882 3929 1011 4016 ἐραστάς
1023 3958 1078 3998 σου
1091 3932 1142 3997 ἐπί
1154 3929 1200 4006 σέ,
1222 3927 1274 4009 ἀφ’
1288 3922 1335 3994 ῶν
1348 3932 1412 3996 ἀπ-

157 4007 236 4067 νείαν
253 4003 355 4071 αὐτῶν
372 4007 416 4072 ἐπ’
433 4007 535 4095 αὐτην.
572 4015 651 4080 0διὰ
670 4020 764 4080 τοῦτο
796 4015 869 4096 έστη
882 4014 901 4096 ἢ
915 4012 997 4119 φυηη
1011 4041 1065 4081 σου
1081 4013 1131 4080 ἀπ’
1149 4011 1257 4079 αὐτῶν.
1285 4014 1340 4075 καί
1353 4019 1412 4080 ἐπ-

155 4086 318 4166 παρέδωκα
336 4087 431 4176 αὐτὴν
449 4097 487 4168 είς
504 4107 600 4178 χεῖρας
612 4102 674 4161 τῶν
693 4101 764 4181 ἐρα·
797 4094 860 4171 άξαν
873 4096 985 4172 αὐτους
998 4101 1049 4163 ἐπί
1062 4099 1095 4164 σὲ
1106 4091 1262 4169 κυκλόθεν,
1279 4095 1310 4136 ²³
1325 4096 1413 4174 υἱοὺς

155 4174 236 4234 “1557
244 4169 345 4254 αὐτῆς,
356 4177 394 4246 τίς
402 4186 500 4260 χεῖρας
510 4178 762 4264 υίῶνἈσσυρίιον,
796 4180 998 4268 Βαβυλῶνος,
1025 4184 1077 4246 καί
1093 4178 1207 4256 πάντας
1223 4176 1296 4253 τοὺς
1315 4181 1412 4245 Χαλ-

152 4249 197 4333 ‘Q'
215 4249 268 4328 οὓς
280 4257 444 4320 ἐπετίθετο.
471 4260 500 4301 ¹⁰
513 4258 600 4325 αὐτοὶ
614 4259 763 4328 ἀπεκάλυ-
795 4265 908 4340 δαίους,
920 4261 1056 4341 Φακοάκ,
1066 4269 1116 4331 καὶ
1126 4264 1218 4340 Σσυὲ,
1229 4259 1412 4347 καὶἻηουὲ,

152 4334 278 4422 φαντην
289 4335 429 4423 αἰσχύνην
438 4339 541 4424 αὐτῆς,
554 4340 636 4417 υἱοὺς
645 4347 696 4410 καί
706 4357 762 4412 θυ·
795 4350 846 4412 καί
863 4345 982 4424 πάντας
995 4347 1076 4423 υἱοὺς
1087 4347 1251 4433 Ἀσσυρίων
1266 4344 1327 4449 μετ’
1352 4347 1413 4413 αιἰ-

148 4415 280 4505 γατέρας
296 4421 389 4508 αάτης
405 4423 535 4511 ἔλαβον,
561 4429 611 4491 καί
624 4425 719 4513 αὐτὴν
731 4435 762 4495 ἐν
794 4435 870 4510 τῶν,
884 4438 1055 4507 νεανίσκους
1066 4428 1249 4507 ἐπιλέκτους,
1263 4427 1413 4535 ηγεμόνας

147 4503 288 4591 ῥομφαίᾳ
302 4503 486 4575 ἀπέκτειναν.
513 4511 564 4576 καί
576 4508 689 4590 ἐγένετο
703 4514 758 4579 λοί-
792 4519 843 4581 καί
856 4514 1049 4603 στρατηγοὺς,
1069 4515 1188 4590 πάντας
1198 4520 1413 4624 τριοσουςμιαί

1338 4628 1410 4671 ονο-
