2924 4972
384 280 618 347 σεσισε
656 275 993 363 mennam.
1271 283 1314 349 ω

65 402 148 482 ρίου,
172 399 223 460 καί
234 392 336 460 πάντα
347 395 388 460 τά
401 393 488 479 οκεάη
500 400 555 460 τοῦ
567 405 673 461 θυσια-
706 396 758 460 τόν
771 400 828 461 τοῦ
838 403 1011 482 μαρτυρίου,
1031 398 1082 462 καί
1095 393 1247 473 οκεττάσεις
1258 396 1314 482 τήν

66 484 202 563 στηρίου,
228 480 281 544 καί
297 474 398 543 πάντα
415 478 454 543 τά
469 477 606 565 ἐργαλεῖα
623 482 675 562 τῆς
796 476 831 544 όν
841 485 886 564 τῷ
899 475 1152 563 καταπετάσματι.
1169 479 1247 545 4καὶ
1259 485 1314 555 είς-

65 567 169 646 σκηνῆς
179 566 235 626 τοῦ
242 568 413 649 μαρτυρίου.
425 563 613 645 Cap.39,32.
624 564 676 626 καὶ
706 587 724 626 ο
753 587 792 638 εις
815 561 871 648 τήν
893 559 976 648 τράπ
1005 589 1057 642 αν,
1083 565 1135 628 καὶ
1152 562 1314 648 προθήσεις

65 648 209 729 ἐποίησαν
227 649 258 709 οῖ
275 648 336 711 υἶολ
353 642 475 732 Ἰσραήλ
499 643 585 710 καθὰ
607 669 675 710 συν-
706 641 760 728 τῆν
770 642 915 731 πρόθεσιν
927 645 1026 731 αὐτῆς.
1052 648 1106 712 καὶ
1121 651 1249 722 είςοίσεις
1261 645 1315 730 τήν

65 731 149 806 ε’ταξε
160 725 261 814 κύριος
270 733 314 812 τῷ
324 734 454 822 Μωυσῆ,
466 725 562 805 οὕτως
572 731 675 811 ἐποίη-
707 727 836 812 λυχνίαν,
860 731 912 794 καί
936 725 1086 816 ἐπιθήσεις
1104 729 1175 805 τοὺς
1192 725 1314 831 λάρνους

65 837 127 876 σαν.
154 811 192 875 τὸ
211 811 243 875 δὲ
259 810 366 877 λοιπὸν
381 818 498 898 χρυσίον
511 816 569 878 τοῦ
581 810 675 894 ἀφαι-
707 808 807 895 αδτῆς.
842 813 920 877 6καλ
936 809 1036 899 θήσεις
1051 810 1088 879 τὸ
1099 823 1313 899 θυσιαστήριον

65 898 193 980 ρὲματος
217 897 361 978 ἐποίησαν
384 892 470 980 σκεύη
496 901 535 972 είς
558 894 596 960 τό
616 895 674 959 λει-
705 888 743 958 τό
766 897 910 977 χρυσοῦν,
933 901 972 971 είς
995 896 1032 961 τὸ
1053 901 1163 999 θυμιῆν
1180 899 1313 963 ἐναντίον

63 988 199 1064 τουργεῐν
210 981 241 1041 ἐν
253 976 356 1054 αι’ποίς
368 981 465 1043 ἔναντι
477 984 587 1065 κυρίου.
600 979 673 1043 1καὶ
705 980 759 1060 τῆς
775 979 912 1062 κιβωτοῦ.
937 981 987 1043 καί
1005 983 1154 1062 ίπιθησεις
1174 976 1312 1062 κάλυμμα

62 1060 119 1144 τήν
149 1061 395 1143 καταλειφθεῖσαν
430 1058 585 1139 ὑάκινθον,
622 1063 674 1126 καί
705 1054 973 1141 καταπετάσματος
997 1064 1048 1126 ἐπί
1071 1061 1125 1144 τήν
1144 1059 1243 1148 θάραν
1259 1067 1312 1146 τῆς

62 1141 240 1229 πορφύραν,
265 1147 317 1209 καὶ
333 1142 369 1210 τό
382 1139 515 1210 κόκκινον
532 1148 675 1228 ἐποίησαν
707 1146 813 1225 σκηνῆς
831 1146 887 1206 τοῦ
904 1148 1081 1228 μαρτυρίου,
1104 1145 1184 1209 0ναί
1199 1142 1235 1210 τό
1252 1154 1312 1209 θυ-

63 1224 173 1302 στολάς
185 1225 521 1312 λειτουργικάςἈαρών,
535 1224 606 1299 &a
618 1227 673 1290 λει-
708 1219 880 1311 σιαστήριον
903 1229 964 1288 τῶν
986 1221 1195 1310 καρπωμάτων
1210 1224 1313 1310 θήσεις

61 1320 197 1395 τσυργεῖν
209 1314 241 1374 ἐν
253 1309 360 1382 αἰιταῖς
373 1313 459 1390 ἐντῷ
472 1306 558 1390 ἁγίῳ.
583 1310 613 1350 ³³
624 1311 677 1372 καί
707 1303 793 1392 παρά
808 1304 864 1383 τάς
879 1302 979 1416 θάρας
989 1311 1042 1391 τῆς
1055 1312 1159 1390 σκηνῆς
1170 1312 1227 1372 τσῦ
1238 1333 1314 1394 μαρ-

60 1392 188 1475 ἤνεγκαν
200 1390 255 1466 τὰς
265 1389 376 1463 στολάς
384 1389 461 1474 πρὸς
471 1393 615 1474 Μωυσῆν,
625 1392 675 1455 καί
706 1397 816 1499 τυρίου.
853 1391 934 1456 8και
948 1387 1117 1476 περιθήσεις
1133 1386 1186 1476 τῆν
1197 1389 1312 1476 σκηνήν,

60 1473 119 1557 τῆν
132 1471 252 1555 σκηνήν,
278 1471 380 1536 καὶτὰ
393 1469 595 1557 σκεάηαότῆς,
619 1471 674 1550 τάς
704 1500 755 1539 και
771 1468 871 1540 πάντα
887 1470 929 1538 τά
945 1471 1038 1557 αὐτῆς
1055 1470 1185 1552 άγιάσεις
1201 1469 1310 1559 κόκλαμ.

61 1553 164 1642 βάσεις
187 1555 238 1618 καί
260 1552 331 1630 τοός
346 1555 472 1664 μσηλοδς
488 1555 594 1641 αὐτῆς,
619 1559 671 1623 καί
703 1559 781 1623 ’καί
797 1553 880 1653 λη’νμη
897 1553 934 1622 τό
951 1557 1054 1622 ἔλαιον
1070 1562 1127 1623 τοῦ
1135 1564 1309 1663 ηρίσματος,

62 1635 137 1712 τοὺς
148 1632 279 1714 πόλους.
306 1639 336 1682 ³⁶
348 1665 399 1704 και
415 1639 469 1724 τήν
478 1639 606 1727 κιβωτόν
617 1645 670 1726 τῆς
701 1643 752 1706 καί
762 1646 867 1745 ηρίσεις
879 1637 932 1724 τήν
945 1637 1069 1724 σκηνήν,
1092 1667 1144 1706 και
1156 1636 1257 1705 πάντα
1269 1641 1309 1706 τὰ

62 1716 221 1804 διαθήκης,
247 1723 298 1787 καλ
312 1722 381 1798 τοὺς
393 1723 556 1810 διωοτῆρας
567 1721 667 1809 αὐτῆς.
700 1729 732 1789 ἐν
743 1730 831 1818 αυτῆ,
843 1725 896 1789 καλ
908 1719 1038 1802 άγιάσεις
1048 1719 1153 1808 αὐτήν,
1169 1725 1222 1788 καὶ
1232 1718 1311 1788 πάν·

61 1806 93 1846 ³⁸
106 1805 158 1868 καί
169 1803 206 1868 τὸ
218 1801 439 1892 θυσιαστήριον,
452 1811 505 1872 καὶ
515 1802 617 1872 πάντα
629 1806 668 1871 τά
700 1833 740 1872 τα
756 1806 797 1872 τά
815 1802 903 1891 σκεάη
920 1805 1027 1892 αὐτῆς,
1052 1806 1104 1871 καί
1125 1808 1210 1872 ἔσται
1227 1803 1308 1886 άγία.

65 1885 151 1971 σκεόη
170 1886 274 1953 αὐτοῦ.
300 1889 405 1955 καὶτὸ
423 1890 668 1976 ε’·λαιοντῆςχρί-
700 1894 729 1935 ¹⁰
743 1893 796 1956 καί
819 1895 924 1997 χρίσεις
948 1887 985 1954 τό
1010 1886 1225 1976 θυσιαστήριον
1248 1893 1310 1955 τῶν

65 1994 148 2048 οεως,
171 1973 223 2036 καί
234 1971 270 2036 τὸ
283 1976 419 2056 θυμίαμα
430 1978 483 2058 τῆς
495 1977 666 2048 συνθέσεως,
700 1998 918 2058 καρπωματων,
930 1976 982 2039 καί
992 1970 1143 2038 πάντατά
1153 1969 1308 2078 σκεόηαά-

63 2053 92 2094 ³⁷
104 2056 156 2118 καὶ
173 2054 227 2139 τήν
239 2054 356 2140 λυχνίαν
372 2053 591 2144 τ’νκαθαράν,
616 2058 668 2120 καὶ
700 2062 763 2122 τοῦ.
790 2059 843 2123 καί
867 2052 997 2134 άμιάσεις
1020 2055 1057 2121 τό
1083 2068 1308 2143 θυσιαστηριον,

61 2135 132 2211 τοὺς
144 2135 264 2222 λόχνους
276 2136 377 2221 αὐτῆς,
391 2084 517 2224 λύχνους
530 2145 582 2221 τῆς
594 2135 669 2204 καό-
700 2142 752 2205 καλ
765 2142 848 2205 ἔσται
866 2140 901 2204 τὸ
918 2135 1134 2226 θυσιαστήριον
1150 2136 1236 2217 άγιον
1247 2144 1308 2205 τῶν

62 2244 142 2297 οεως,
154 2223 205 2285 καί
217 2220 253 2285 τὸ
266 2221 371 2286 ἐλαιον
381 2227 437 2287 τοῦ
450 2217 559 2304 φωτός.
580 2221 669 2287 36καί
702 2219 801 2300 ἁγίων.
840 2224 931 2288 12καὶ
953 2218 1105 2308 προςάξεις
1123 2221 1241 2324 Ἀαρὼν
1256 2224 1308 2287 καί

61 2302 115 2384 τήν
143 2300 290 2389 τράπεζαν
318 2309 371 2389 τῆς
399 2309 587 2390 προθέσεως,
618 2305 671 2368 καὶ
702 2305 772 2379 τούς
789 2301 870 2380 υἱοὺς
888 2304 985 2370 αὐτοῦ
1001 2307 1051 2370 ἰπὶ
1067 2304 1122 2381 τὰς
1139 2316 1239 2393 θυρας
1254 2310 1307 2409 τῆς

60 2381 162 2450 πάντα
180 2388 219 2450 τὰ
237 2384 324 2470 σκεύη
344 2385 444 2470 αὐτῆς.
469 2383 601 2462 καὶτοὺς
614 2385 671 2490 άρ-
704 2391 807 2469 σκηνῆς
818 2392 872 2452 τοῦ
886 2392 1057 2472 μαρτυρίου,
1069 2383 1242 2463 καὶλοόσεις
1252 2415 1308 2452 αυ-

59 2492 133 2540 τους
157 2468 226 2541 τοὺς
249 2472 462 2552 προκειμένους.
500 2470 594 2532 41παλ
617 2494 672 2541 τας
704 2466 1309 2553 τοὺςάδατι.13καίὲνδόοειςἈαρὼντάς

61 2544 176 2623 στολάς
188 2554 243 2613 τοῦ
254 2548 351 2626 ἁγίου,
362 2553 476 2614 α’ίείσιν
487 2547 611 2634 Ἀαρὼν,
623 2552 673 2614 καλ
706 2549 815 2624 στολὰς
826 2546 882 2622 τάς
899 2546 1001 2626 ἁγίας,
1027 2550 1078 2612 καὶ
1089 2555 1193 2633 χρίσεις
1207 2549 1309 2628 αὐτὸν,
1382 2614 1385 2620 ,

59 2631 120 2706 τάς
134 2631 246 2706 στολὰς
257 2635 318 2695 τῶν
330 2635 403 2696 υίών
413 2630 508 2696 αὐτοῦ
519 2636 558 2706 είς
567 2628 620 2735 τήν
632 2633 673 2696 ἴε-
704 2634 755 2697 καλ
767 2625 896 2708 άγιάσεις
908 2629 1011 2708 αὐτόν,
1025 2633 1075 2696 καὶ
1086 2626 1240 2718 ἴερατεόσει
1248 2659 1307 2717 μοι.

59 2721 192 2801 ρατείαν.
231 2715 327 2780 40καί
348 2711 387 2779 τά
404 2720 483 2782 ἱστία
500 2719 552 2800 τῆς
569 2716 669 2801 αυλῆς,
702 2717 731 2758 ¹⁴
740 2717 790 2780 καὶ
802 2714 872 2791 τοὺς
883 2713 966 2791 υἱοὺς
978 2714 1074 2780 αὐτοῦ
1083 2711 1243 2803 προςάξεις,
1255 2719 1308 2782 καί

57 2801 112 2863 καὶ
124 2798 196 2872 τοὺς
205 2795 334 2875 στόλους.
346 2797 443 2865 καὶτὸ
453 2804 669 2882 καταπέτασμα
700 2795 822 2876 ἕνδόσεις
840 2797 951 2874 αὐτοὺς
966 2803 1096 2885 χιτῶνας.
1122 2802 1150 2844 ¹⁶
1162 2803 1213 2866 καὶ
1225 2800 1305 2866 άλεί,

58 2886 112 2964 τῆς
124 2877 222 2966 θάρας
233 2886 285 2966 τῆς
303 2887 422 2966 σκηνῆς,
446 2885 498 2948 καὶ
509 2888 561 2967 τῆς
573 2880 668 2967 πάλης
698 2904 763 2967 ψεις
786 2881 897 2959 αὖτοὺς
922 2879 958 2948 ὃν
978 2877 1093 2968 τρόπον
1109 2880 1233 2968 ἤλειψας
1250 2882 1305 2950 τόν

58 2969 112 3049 τῆς
136 2964 237 3049 αὐλῆς.
263 2967 314 3030 καί
338 2963 438 3031 πάντα
455 2963 500 3033 τά
511 2963 599 3071 σκεόη
615 2972 667 3050 τῆς
697 2972 817 3051 πατέρα
829 2965 943 3045 αὐτῶν,
969 2967 1020 3031 καὶ
1036 2962 1236 3053 ίερατεόσσυσί
1245 2994 1304 3050 μοι.

59 3052 175 3130 σκηνῆς,
189 3051 239 3112 καὶ
251 3044 350 3114 πάντα
362 3050 402 3116 τά
415 3051 550 3134 ἐργαλεῖα
563 3056 665 3135 αυτῆς.
698 3054 748 3116 καί
765 3054 847 3117 ἔσται
854 3102 865 3130 ,
891 3047 962 3126 ιόςτε
979 3049 1052 3116 εἶναι
1071 3048 1176 3127 αὐτοῖς
1195 3057 1305 3138 χρίσμα

57 3132 91 3173 ³⁴
104 3134 157 3195 καί
178 3129 232 3207 τάς
255 3133 401 3220 διφθέρας
423 3137 553 3239 δέρματα
575 3139 666 3221 κριῶν
699 3139 840 3218 ἱερατείας
852 3140 891 3210 εἰς
902 3133 957 3199 τὸν
967 3138 1074 3211 αίεῦνοι,
1089 3139 1127 3210 εἰς
1139 3134 1194 3209 τάς
1205 3134 1304 3213 γενεάς

56 3213 345 3316 η’ροθρσδανωμὲνα,
369 3219 421 3282 καί
437 3245 476 3285 τα
489 3213 665 3301 καλύμματα
697 3220 804 3284 αὐτῶν.
831 3220 923 3281 1ὓκαὶ
941 3223 1059 3301 ἐποίησε
1073 3223 1211 3303 Μωυσῆς
1226 3214 1304 3283 πάνυ

58 3303 226 3377 υακίνθινα,
251 3302 373 3363 καὶτῶν
385 3301 498 3366 λοιπῶν
509 3299 549 3367 τά
562 3305 665 3366 ἐπικα-
697 3327 750 3379 τα,
776 3297 836 3366 ὅσα
848 3301 1007 3364 ἐνετείλατο
1020 3299 1104 3383 αὐτῷ
1117 3298 1231 3384 κάρτος,
1251 3297 1304 3366 σό-

57 3375 205 3462 λόμματα.
231 3381 265 3425 ⁴0
278 3385 328 3444 καί
339 3382 410 3456 τοὺς
421 3382 601 3461 πασσάλους,
615 3387 666 3449 καὶ
697 3409 757 3458 τως
769 3387 895 3466 ἐποίησε.
916 3385 1003 3446 17καὶ
1016 3386 1127 3459 ἐγένετο
1140 3388 1171 3447 ἐν
1181 3389 1225 3466 τῷ
1237 3386 1305 3467 μηνί

55 3461 161 3529 πάντα
180 3459 219 3525 τὰ
232 3463 366 3546 ἐργαλεῖα
378 3461 417 3527 τά
429 3471 468 3539 εἰς
478 3463 518 3529 τά
529 3469 602 3552 ἔργα
614 3472 650 3532 τί
652 3494 666 3542 ς
697 3472 741 3550 τῷ
759 3462 889 3551 πρώτῳ,
913 3468 959 3548 τῷ
975 3466 1100 3549 δευτέρῳ
1116 3468 1188 3540 ἔτει,
1214 3470 1304 3530 ίκπο-

55 3551 165 3630 σκηνῆς
177 3549 233 3609 τοῦ
243 3551 413 3630 μαρτυρίου.
429 3545 523 3614 ’λίόσα
533 3553 616 3614 συνίτ
653 3576 665 3615 ε
698 3553 857 3636 ρευσμένων
872 3544 1304 3631 αὒτῶνίξΑίγόπτσυνουμη-

54 3627 160 3717 κάριος
171 3632 218 3711 τῷ
229 3634 362 3722 Μωυσῆ,
376 3626 471 3705 οὕτως
483 3633 624 3714 ἐποίησαν
636 3637 667 3696 ολ
698 3640 760 3715 νίᾳ,
785 3629 899 3716 ἐστάθη
916 3627 934 3716 ῆ
953 3628 1052 3716 σκηνή.
1089 3631 1118 3674 ¹⁸
1132 3631 1182 3695 καὶ
1201 3632 1304 3714 ἔστησε

55 3715 119 3778 υίοὶ
140 3711 262 3796 Ἰσραήλ
286 3718 388 3778 πᾶσαν
412 3710 465 3796 τήν
496 3709 666 3797 ἀποσκευήν.
700 3720 835 3796 Μωυσῆς
846 3713 899 3799 τήν
911 3715 1027 3799 σκηνήν,
1045 3716 1096 3780 καὶ
1107 3717 1234 3800 ἐπέθηκε
1248 3715 1303 3792 τάς

56 3797 90 3839 ⁴³
100 3799 153 3861 καὶ
178 3795 232 3862 εἶδε
250 3801 387 3880 Μωυσῆς
408 3792 509 3862 πάντα
528 3791 569 3861 τά
585 3799 667 3902 ἔργα,
699 3796 925 3878 κεφαλίδας,καὶ
934 3799 1074 3901 διενεήλαλε
1083 3797 1154 3874 τοὺς
1165 3796 1300 3885 μοχλοὺς,

56 3882 111 3944 καί
127 3868 203 3964 ἦσαν
213 3877 403 3964 πεποιηκότες
415 3877 494 3946 αὐτά
507 3875 543 3944 ὃν
553 3904 667 3967 τροπον
697 3882 749 3946 καὶ
761 3881 864 3963 ἔστησε
876 3876 944 3954 τοὺς
957 3880 1089 3956 οτυλσυς.
1101 3884 1187 3947 1(λκιιὶ
1198 3885 1299 3959 ἐξέτει-

58 3966 194 4039 συνέταξε
219 3959 317 4049 κόριος
342 3969 386 4028 τῶ
408 3969 545 4048 Μωυσῆ,
571 3960 665 4041 οὕτως
696 3989 724 4030 νε
743 3961 797 4039 τάς
819 3961 946 4036 αὐλαίας
964 3966 1014 4028 ἐπὶ
1032 3963 1085 4048 τῆν
1104 3964 1225 4052 σκηνήν,
1250 3970 1302 4032 καὶ

57 4050 201 4130 ἐποίησαν
214 4043 301 4112 αὐτά.
325 4031 376 4112 καί
388 4036 545 4131 εὐλόνηόεν
555 4045 665 4125 αὐτοὺς
695 4052 823 4154 ἐπέθηκε
845 4046 881 4112 τὸ
898 4044 1111 4131 κατακάλομμα
1128 4053 1179 4134 τῆς
1194 4055 1301 4135 σκηνῆς

57 4136 202 4213 Μωυσῆς.
695 4131 739 4199 ἐπ’
755 4129 847 4218 αυσῆν
860 4130 988 4208 άνωθεν,
1006 4130 1090 4197 καθά
1102 4137 1235 4211 συνέταξε
1248 4134 1300 4198 κό-

245 4219 320 4278 ΚΕ
333 4219 371 4277 Φ.
413 4209 474 4279 Μ.
694 4240 756 4302 ριος
779 4222 825 4302 τῷ
850 4220 979 4283 Μωυσ”.
1017 4219 1112 4284 20καὶ
1136 4216 1236 4304 λαβὼν
1261 4213 1300 4280 τά

55 4265 138 4363 Καὶ
163 4293 287 4381 ἐλάλησε
305 4293 403 4383 κόριος
420 4297 497 4384 πρὸς
515 4304 663 4385 Μωυσῆν,
692 4296 840 4387 μαρτύρια
870 4304 955 4388 ἐνέβα
986 4306 1063 4375 νεῖς
1086 4300 1141 4384 τήν
1164 4295 1298 4386 κιβωτόν.

54 4381 156 4461 λέγων.
182 4384 241 4445 λέν
260 4377 355 4467 ήμέρᾳ
371 4386 426 4464 μιῆ
438 4385 495 4446 τοῦ
505 4383 594 4466 μηνὸς
606 4387 662 4448 τοῦ
693 4385 746 4448 καὶ
762 4379 892 4468 ὖπέθηκε
908 4381 978 4460 τοὺς
996 4384 1161 4465 διωστῆρας
1174 4380 1235 4446 ὑπὸ
1247 4381 1283 4481 τῆ

52 4460 176 4546 πράτου
201 4469 338 4547 νουμηνίᾳ
356 4462 469 4547 στῆσεις
486 4463 540 4549 τήν
556 4466 663 4549 σκηνήν
693 4464 830 4553 κιβωτόν,
855 4468 947 4532 21καὶ
963 4461 1098 4546 είςήνεγκε
1109 4460 1162 4545 τήν
1174 4468 1301 4550 κιβωτον

50 4553 108 4615 τοῦ
116 4552 291 4635 μαρτυρίου.
311 4548 382 4612 3καί
392 4544 495 4632 θήσεις
506 4544 560 4633 τῆν
572 4552 662 4634 κιβω-
694 4549 800 4634 εἰς-τήν
812 4546 929 4694 σκηνήν,
954 4547 1006 4611 καί
1018 4545 1145 4626 ἐπέθηκε
1156 4543 1194 4608 τὸ
1206 4565 1300 4685 κτητο.

1187 4650 1226 4688 κα
1246 4649 1299 4705 υμ·
