2924 4972
146 216 212 283 680
356 213 514 278 ΣοσνΑ
541 212 807 276 ΣΑΛΩΜΩΝ
844 204 987 298 may.
1002 208 1050 290 ιγ’.
1065 211 1180 279 1213.

143 329 220 395 ὅταν
229 329 323 421 θελης
335 327 371 393 τὸ
383 324 548 401 δύνασθαι,
574 329 602 368 ¹⁹
615 327 751 402 ἐδίδαξας
788 325 848 411 γάρ
885 330 1030 409 μεγέθους
1059 326 1203 410 καλλονῆς
1231 324 1403 409 κτισμάτων

143 413 179 480 δέ
189 437 243 477 σου
256 411 312 476 τὸν
321 410 398 475 λαόν
410 409 460 475 διό
472 404 690 475 τῶντοιούτων
699 412 752 495 ἔρ-
789 406 945 488 ἀναλόγως
960 406 979 474 ό
990 408 1191 496 γενεσωυργὸς
1203 407 1307 475 αύτιῦν
1320 420 1404 476 θεω-

143 522 220 575 γων,
245 489 293 560 ότι
309 495 355 559 δεῖ
367 491 420 557 τόν
431 494 546 558 δίκαων
558 492 632 558 εἶναι
643 487 749 574 φιλάν-
789 503 892 579 ρεῖται.
931 492 1025 557 1ἀλλ’
1039 490 1121 578 ὅμως
1137 495 1188 557 ἐπὶ
1202 490 1325 569 τούτοις
1337 497 1404 560 ἔστι

143 591 279 663 θρωπον.
296 579 349 641 καί
361 573 514 651 εὐέλπιδας
526 579 668 660 ἐποίησας
679 573 751 652 τούς
788 578 899 660 μέμψις
923 575 1026 660 ὀλίγη,
1050 574 1184 662 καὶγὰρ
1210 573 1300 641 αῦτοί
1320 576 1402 662 τάχα

142 657 227 738 υίούς
239 687 306 737 σου,
324 656 372 726 ότι
384 659 471 734 δίδως
483 661 533 723 ε’πί
544 654 750 744 ἁμαρτήμασιν
789 660 962 725 πλανῶνται
975 659 1050 725 θεὸν
1060 662 1214 744 ζητοῦντες
1226 660 1278 723 καί
1290 659 1401 725 θελον-

142 742 307 832 μετάνοιαν.
332 745 402 807 211εί
418 739 476 827 γάρ
490 741 619 827 ἐχθρούς
633 742 751 807 παίδων
789 767 835 817 τες
847 741 947 829 εύρεῒν.
973 744 1032 808 1ίν
1042 739 1102 829 γάρ
1114 753 1180 817 τοῖς
1191 745 1289 829 ίργσις
1300 742 1401 811 αύτοῦ

144 854 202 896 σου
227 830 280 895 καί
302 824 508 928 ὀφειλομένους
531 821 659 924 θανάτιρ
676 823 749 906 μετά
790 819 1041 911 ἀναστρεφόμενοι
1053 825 1247 912 διερευνιῦσιν,
1270 828 1324 890 καί
1334 833 1400 892 πεί-

142 908 291 997 τοσαύτης
322 913 503 994 ἐτιμωρησας
526 933 674 1010 προςοχης
698 907 751 972 καί
789 917 899 974 θονται
916 907 1053 1003 τῆόψει,
1079 905 1219 975 ῦτικαλά
1233 907 1275 973 τά
1287 906 1400 995 βλεπό-

143 991 282 1079 δεήσεως,
314 993 383 1067 δούς
398 989 520 1077 χρόνους
536 993 589 1056 καί
603 1014 701 1057 τοπον
711 987 747 1056 δι’
789 1015 868 1075 μενα.
894 987 1013 1057 1’πάλιν
1030 989 1142 1057 δὲούδ
1158 991 1249 1057 αὐτοὶ
1266 1017 1400 1071 συγγνω-

144 1068 187 1144 &v
205 1075 404 1153 ἀπαλλαγεῖσι
421 1079 476 1158 τῆς
492 1079 611 1150 κακίας,
635 1075 663 1115 ²¹
674 1071 750 1157 μετά
791 1080 867 1140 στοί.
889 1073 1012 1161 1είγάρ
1025 1080 1177 1141 τυσοῦτον
1190 1075 1313 1159 ἴσχυσαν
1325 1077 1400 1140 είδέ-

142 1157 237 1245 πόσης
264 1157 412 1245 ἀκριβείας
436 1160 550 1242 ἔκρινας
574 1155 645 1231 τούς
668 1152 751 1231 υἱούς
790 1184 854 1233 ναι,
879 1162 931 1223 ίνα
947 1154 1094 1223 δύνωνται
1114 1151 1327 1242 στοχάσασθαι
1345 1158 1399 1224 τὸν

145 1268 211 1320 σου,
221 1235 265 1308 σόν
273 1254 338 1318 τοῖς
345 1236 496 1324 πατράσιν
503 1236 611 1327 ὅρκους
619 1240 671 1304 καί
680 1265 751 1306 συν-
791 1246 898 1317 αίιῦνα,
909 1241 965 1307 τὸν
977 1238 1096 1307 τούτων
1108 1236 1255 1325 δεσπότην
1266 1245 1333 1317 ποῦς
1343 1237 1401 1307 τά-

144 1323 244 1410 θήκας
262 1327 376 1401 ἔδωκας
392 1322 522 1402 ἀγαθῶν
543 1320 732 1409 ὑποσχέσεων
737 1352 750 1402 ,·
790 1349 854 1409 χων
867 1323 921 1409 ούχ
934 1315 1038 1410 εύρονς
1060 1327 1089 1368 ¹⁰
1099 1323 1290 1409 ταλαίπωροι
1303 1324 1336 1389 δὲ
1348 1327 1401 1391 καί

144 1407 265 1495 111ῆμῦς
287 1399 342 1474 οῦν
362 1403 512 1474 παιδεύων
529 1406 601 1482 τούς
623 1405 752 1492 ἐχθρούς
791 1412 823 1474 ἐν
840 1419 951 1493 νεκροῖς
968 1412 1002 1473 αί
1022 1407 1135 1484 ἐλπίδες
1151 1403 1271 1484 αὐτῶν,
1296 1413 1401 1484 οἵτινες

143 1487 227 1575 ήμῶν
239 1495 270 1555 ίν
280 1488 435 1577 μυριότητι
446 1502 614 1572 μαστιγοῖς,
632 1495 682 1554 ἵνα
695 1515 751 1555 σου
791 1489 931 1557 ἐκάλεσαν
953 1489 1044 1567 θεούς
1060 1493 1134 1574 ἔργα
1151 1495 1255 1576 χειρῶν
1273 1488 1398 1578 ἀνθρά-

143 1575 200 1658 τήν
213 1569 395 1676 ἀγαθότητα
458 1576 581 1656 ιμνοῐμεν
595 1577 750 1653 κρίνοντες,
791 1599 875 1651 πων,
899 1573 1010 1661 χρυσόν
1024 1575 1076 1639 καὶ
1087 1574 1218 1661 ἀργυρον
1233 1576 1337 1659 τέχνης
1347 1577 1399 1658 ἐμ-

143 1598 668 1761 κρινόμενοιδεπρόὲοκῶμενέλεος.
682 1652 751 1719 ²³‹‘›'-
791 1657 937 1742 μελέτημα
952 1659 1005 1722 καί
1029 1655 1238 1740 ἀπεικάσματα
1256 1655 1353 1735 ζόων,
1380 1655 1398 1740 ῆ

143 1751 199 1808 θεν
208 1737 335 1814 καὶτοὺς
345 1741 375 1805 ίν
385 1733 751 1830 αφροσύνηζωῆςβιιόσαν·
792 1740 881 1806 λίθον
898 1741 1043 1826 ἀχρηστον
1076 1738 1151 1827 ειρός
1166 1742 1252 1825 ἔργον
1264 1740 1396 1827 ἀρχαίας.

144 1851 200 1900 τοις
212 1821 345 1898 ἀδίκους,
370 1819 420 1888 διὰ
433 1825 495 1886 τιῦν
514 1824 595 1887 ἰδίων
613 1817 752 1909 ἐβασάνι-
791 1827 816 1866 ¹¹
829 1828 855 1888 εί
867 1823 900 1891 δὲ
910 1829 963 1889 καί
972 1850 1017 1901 τις
1036 1820 1054 1890 ύ
1092 1817 1182 1908 τόμος
1193 1827 1303 1889 τέκτων
1315 1821 1398 1888 εύκί-

145 1934 200 1983 σας
208 1901 424 1994 βδελυγμάτων.
438 1903 593 1990 21κυιὶγόιρ
603 1901 752 1970 τῶνπλά-
791 1931 883 1992 νητον
895 1905 990 1989 φυτὸν
1000 1911 1152 1994 ἔκπρίσας,
1170 1908 1334 1991 περιίξυσεν
1346 1905 1400 1971 εῦ-

144 2017 196 2074 νης
221 1986 300 2054 όδιῦν
324 1983 507 2074 μακρότερον
524 1984 751 2072 ἐπλανήθησαν,
790 1995 900 2073 μαθῶς
911 1986 1012 2056 πάντα
1024 1991 1079 2057 τὸν
1089 1988 1197 2073 φλοιόν
1208 1989 1321 2066 αύτοῦ,
1347 1993 1400 2055 καί

144 2072 236 2148 θεοὺς
250 2067 507 2159 ὑπολαμβάνοντες
518 2070 558 2136 τὰ
569 2074 620 2137 καί
628 2076 659 2136 ἐν
667 2067 752 2148 ζώοις
791 2069 994 2158 τεχνησάμενος
1019 2072 1172 2162 εὐπρεπῶς
1189 2070 1400 2140 κατεσκεύασεν

145 2161 207 2223 τῶν
236 2159 355 2241 ἐχθρῶν
382 2153 490 2238 ἀτιμα,
527 2179 544 2219 ν
588 2159 640 2219 ίων
670 2155 753 2258 δίκην
790 2157 931 2241 χρήσιμον
956 2162 1057 2234 σκεῦος
1080 2164 1119 2235 είς
1137 2157 1299 2245 ὑπηρεσίαν
1315 2160 1398 2243 ζωῆς.

147 2235 287 2325 ἀφρόνων
298 2241 484 2322 ψευσθέντες.
502 2240 532 2283 ²⁵
563 2236 594 2303 ιά
608 2243 699 2304 τοῦτο
711 2264 753 2313 ως
792 2238 1127 2330 12τάδὲάποβλήματα
1143 2246 1196 2318 τῆς
1208 2245 1349 2328 ἐργασίας
1360 2246 1401 2318 είς

145 2325 250 2390 παισίν
275 2321 443 2400 ἀλογίστοις
459 2320 514 2407 τήν
530 2328 626 2408 κρίσιν
643 2327 682 2398 είς
698 2325 752 2406 ἐμ·
792 2325 965 2408 ἑτοιμασίαν
981 2329 1094 2410 τροφῆς
1106 2322 1266 2400 ἀναλύσας
1277 2321 1400 2409 ἐνεσκλή-

146 2406 278 2491 παιγμὸν
296 2409 440 2491 δίτεμψας.
470 2406 545 2471 11οί
560 2404 592 2470 δὲ
609 2410 753 2484 παιγνίοις
792 2418 864 2492 σθη.
889 2406 1400 2493 11τόδὲέξαύτῶνάπόβλημαείς

146 2487 340 2576 ἐπιτιμήσεως
361 2489 401 2573 μή
418 2492 649 2574 νουθετηθέντες
666 2486 753 2564 ἀξίαν
793 2489 887 2556 ούθὲν
899 2489 1070 2579 εὔχρηστον,
1089 2487 1179 2568 ξύλον
1193 2491 1330 2568 σκολιὸν,
1347 2493 1400 2556 καί

146 2581 220 2640 θεοῦ
233 2581 327 2676 νρίριν
338 2568 534 2659 πειράσουσιν.
548 2571 626 2653 11ἐσί
639 2571 681 2648 οἷς
693 2570 752 2674 γὰρ
793 2572 871 2651 όζοις
883 2573 1088 2659 συμπεφυκὸς,
1114 2574 1214 2677 λαβὼν
1227 2576 1355 2659 ἔγλυφεν
1368 2578 1399 2640 ἐν

147 2656 291 2724 αύτοὶπα
327 2682 405 2733 οντες
415 2655 610 2741 ἠγανάκτουν,
621 2658 672 2721 ἐπὶ
681 2680 753 2720 του-
792 2659 937 2743 ἐπιμελείᾳ
949 2657 1055 2745 ἀργίας
1066 2658 1178 2735 αῦτου,
1202 2662 1253 2724 καὶ
1265 2661 1400 2743 ἐμπειρία

145 2768 209 2817 τοις
223 2739 275 2816 οὓς
288 2684 409 2805 ἀύόκουν
419 2738 523 2816 θεούς,
537 2744 568 2805 ἓν
582 2738 686 2814 αὐτοῖς
699 2763 753 2803 κο-
793 2746 933 2818 συνέσεως
954 2739 1105 2808 ἒτύπωοεν
1121 2739 1213 2815 αῦτὸ,
1240 2742 1400 2808 ἀπείκασεν

146 2820 301 2907 λαζόμενοι
319 2819 428 2897 ἰδόντες
446 2819 481 2886 ὃν
497 2820 594 2888 πάλαι
608 2820 752 2908 ἠρνοῦντο
792 2824 868 2890 αὐτὸ
883 2821 971 2904 εἰκόνι
984 2821 1163 2911 ἀνθρώπου,
1183 2822 1400 2907 11ἢζάῳτινί

146 2909 269 2982 εἰδέναι,
294 2904 369 2972 θεὸν
382 2908 552 2983 ἐπέγνωσαν
566 2903 684 2990 ἀληθῆ,
706 2902 752 2970 διό
791 2905 900 2974 εὐτελεῖ
921 2905 1073 3012 ὡμοίωσεν
1098 2904 1190 2981 αῦτό,
1217 2913 1399 2991 καταχρίσας

145 2994 197 3057 καί
215 2989 251 3055 τὸ
269 2993 362 3076 τέρμα
380 2994 433 3073 τῆς
450 2989 610 3074 καταδίκης
632 2987 675 3055 ἐπ’
697 2988 752 3055 αύ-
790 2990 884 3076 μίλτῳ
900 3014 953 3054 και
970 2985 1051 3069 φύκει
1065 2983 1212 3072 ἐρυθήνας
1228 2984 1324 3071 χρόαν
1337 2989 1399 3051 αῦ-

145 3072 366 3156 τούςίπῆλθεν.
791 3078 859 3151 τοῦ,
884 3074 934 3138 καί
950 3075 1053 3137 πᾶσαν
1069 3069 1174 3153 κηλίδα
1190 3065 1244 3151 τήν
1262 3073 1293 3134 ἕν
1307 3069 1399 3153 αὐτῷ

333 3162 366 3220 Κ
378 3162 408 3218 E
419 3159 456 3218 Φ.
501 3152 573 3220 ΙΓ’.
791 3160 978 3262 καταχρίσας.
1000 3156 1026 3199 ¹⁵
1040 3158 1090 3220 καὶ
1100 3147 1226 3238 ποιήσας
1239 3150 1323 3235 αύτῷ
1337 3151 1399 3218 αὖ-

145 3204 307 3306 Μάταιοι
325 3237 449 3324 μὲνγὰρ
468 3235 577 3314 πάντες
594 3236 752 3326 ἀνθρωποι
791 3245 849 3306 τοῦΙ
872 3240 953 3316 ἀξιον
978 3239 1099 3323 οἴκημα,
1125 3240 1155 3302 ἐν
1179 3241 1269 3322 τοίχῳ
1291 3239 1400 3320 ἔθηκεν

145 3325 246 3407 φύσει,
271 3324 314 3399 οἷς
327 3327 427 3408 παρῆν
438 3326 513 3387 θεοῦ
527 3321 675 3400 ἀγνωσία,
701 3327 753 3390 καὶ
792 3321 868 3406 αὐτὸ
879 3319 1112 3406 ἀσφαλισόμενος
1121 3313 1240 3425 σιδήρῳ.
1250 3320 1334 3385 11ἰ’να
1344 3321 1401 3404 μὲν

145 3411 178 3473 ἐκ
192 3414 253 3474 τῶν
271 3406 430 3494 ὁρωμένων
450 3405 579 3485 ἀγαθῶν
599 3404 655 3472 οῦκ
669 3408 750 3491 ίσχυ-
791 3407 846 3473 οῦν
864 3404 904 3492 μή
922 3410 1078 3488 καταπέσῃ
1096 3429 1273 3511 προενοησεν
1290 3402 1396 3483 αὐτοῦ,

146 3518 203 3560 σαν
225 3494 331 3558 εἰδέναι
348 3489 403 3557 τὸν
421 3488 509 3567 ὄντα,
535 3489 603 3556 οῦτε
622 3502 685 3565 τοῖς
702 3495 751 3575 ὲρ-
790 3487 871 3566 είδώς
897 3486 944 3556 ότι
966 3479 1107 3555 ἀδυνατεῖ
1121 3493 1218 3572 εαυτῴ
1233 3491 1396 3574 βοηθῆσαι,

144 3602 209 3653 γοις
234 3601 314 3660 προσ
332 3571 412 3650 όντες
434 3577 605 3651 ἐπέγνωσαν
627 3572 680 3638 τόν
705 3598 751 3638 τε-
791 3576 842 3638 καὶ
853 3569 912 3659 γάρ
927 3578 988 3638 ἐστι
999 3571 1083 3638 εἰκὼν
1092 3574 1142 3636 καί
1149 3577 1253 3675 χρείαν
1262 3574 1316 3656 ἔχει
1324 3574 1396 3654 βοη-

143 3665 252 3743 χνίτην.
271 3602 360 3722 1ἀλλ3
377 3656 395 3740 ἢ
408 3661 480 3739 πῦρ,
495 3657 513 3759 ή
526 3664 649 3739 πνεῦμα,
663 3654 681 3739 ἢ
695 3681 751 3721 τα·
791 3663 883 3731 θείας.
902 3659 929 3700 11
940 3659 1008 3742 περὶ
1020 3656 1052 3721 δὲ
1064 3680 1220 3738 κτηματων
1232 3657 1283 3719 καί
1293 3654 1397 3736 γάμων

142 3742 222 3845 χινόν
235 3738 320 3824 ἀέρα,
334 3739 352 3823 ή
366 3736 473 3804 κύκλον
487 3739 614 3826 ἀστρων,
625 3737 643 3824 ή
654 3743 752 3824 βίαιον
792 3738 886 3806 αὐτοῦ
899 3742 950 3805 καὶ
961 3742 1071 3805 τέκνων
1083 3735 1224 3824 προςευχό
1259 3763 1317 3814 νος,
1340 3734 1398 3801 οῦκ

143 3822 242 3908 ἀδωρ,
262 3824 456 3907 ῆφωστῆρας
469 3820 615 3908 ούρανοῦ,
636 3819 751 3906 πρυτά-
792 3816 958 3908 αἰσχύνεται
970 3827 1014 3906 τῷ
1028 3817 1136 3906 ἀψύχω
1148 3847 1223 3907 προς
1262 3821 1331 3886 λῶν.
1345 3822 1398 3884 καί

143 3933 198 3982 νεις
208 3903 321 3987 κόσμου
331 3903 423 3978 θεοὺς
433 3901 578 3985 ἐνόμισαν.
594 3896 656 3969 1ὦν
666 3904 751 3986 εἰμὲν
790 3910 857 3990 περὶ
868 3905 922 3989 μὲν
934 3903 1042 3990 ῆγιείας
1059 3906 1094 3968 τὸ
1111 3888 1236 3979 ἀσθενὲς
1248 3901 1398 3969 ἕπικαλεῖ»

143 3995 183 4074 τῆ
206 3988 334 4079 καλλονῇ
351 3982 539 4070 τερπόμενοι,
564 3983 655 4060 θεούς
678 3984 750 4052 ύπε-
791 4016 855 4064 ται,
878 3992 906 4033 ¹⁸
919 3991 986 4074 περί
998 3988 1030 4054 δὲ
1043 3990 1117 4073 ζωῆς
1129 3985 1182 4053 τόν
1195 3985 1296 4070 νεκρόν
1309 3984 1397 4063 ἀξιοῖ,

143 4063 312 4159 λ’ἀμβανον,
327 4066 487 4147 γνώτωσαν
500 4067 588 4152 πόσῳ
601 4064 718 4134 τούτων
732 4068 749 4134 ὁ
791 4073 858 4157 περὶ
882 4071 913 4139 δὲ
941 4075 1110 4154 ἐπικουρίας
1128 4069 1182 4137 τόν
1198 4066 1398 4155 ἀπειρότατον

144 4151 286 4237 δεσπότης
298 4155 360 4217 ἐστί
369 4153 501 4237 βελτίων.
515 4151 600 4236 όγάρ
611 4157 668 4216 τοῦ
675 4149 749 4217 κάλ-
791 4151 915 4220 ἱκετεύει.
942 4157 1010 4240 περὶ
1021 4155 1053 4220 δὲ
1067 4153 1256 4239 ὁδοιπορίας,
1274 4151 1312 4218 τό
1324 4149 1397 4235 μηδὲ

145 4242 216 4315 λους
228 4232 407 4320 γενεσιάρχης
421 4239 532 4301 ἔκτισεν
545 4229 631 4300 αῦτά.
652 4234 668 4276 1
681 4238 749 4302 εἰδὲ
789 4234 872 4325 βάσει
888 4244 1019 4323 χρῆσθαι
1035 4237 1207 4321 δυνάμενον,
1235 4237 1347 4321 11περλ
1364 4235 1398 4300 δὲ

144 4322 268 4405 δύναμιν
297 4323 348 4385 καί
373 4321 517 4402 ἐνέργειαν
547 4316 749 4399 ἐκπλαγέντες,
790 4326 941 4405 πορισμοῦ
970 4324 1022 4386 καὶ
1048 4327 1189 4407 ἐργασίας
1213 4322 1264 4385 καί
1295 4322 1397 4404 χειροῖν

143 4405 338 4494 νοησάτωσαν
351 4400 401 4468 ἀπ’
414 4400 514 4467 αύτιῦν
527 4397 613 4486 πόσῳ
628 4400 749 4469 ὁκατα-
790 4409 939 4487 ίπιτυχίας
959 4403 996 4469 τό
1014 4405 1233 4487 ἀδρανέστατον
1249 4415 1317 4479 ταῖς
1331 4426 1395 4488 χερ-

144 4489 285 4569 σκευύσας
299 4489 376 4559 αὐτὰ
389 4481 588 4576 δυνατάτερός
602 4490 670 4555 ἐστι.
692 4489 749 4555 1ἒκ
791 4490 834 4552 σίν
845 4485 1012 4575 εύδράνειαν
1031 4494 1164 4554 αἰτεῖται.

1318 4573 1392 4647 Κευ
