2924 4972
152 213 219 279 856
427 200 732 266 ΙΕΡΕΜΙΑΣ
769 195 1126 287 Κεφ.μα’.μβ’.41.4λ.

161 297 1405 318 ....-.-...-..---...-...-.-----.

152 323 339 410 συλλήψεται
352 323 461 408 αιἰτήν,
485 329 537 389 καὶ
549 321 650 391 καύσει
665 324 761 411 αύτήν
791 322 888 410 ὄνομά
899 324 1016 410 μανέντ’
1033 324 1128 409 αὐτῷ.
1153 327 1247 390 16καὶ
1260 330 1411 413 ἐπεστρέ-

152 413 184 476 έν
194 412 275 513 πυρὶ,
291 410 365 474 3καί
378 408 415 472 σύ
430 405 468 472 ού
480 407 522 491 μή
535 413 639 500 σωθῇς
658 411 691 473 ἐκ
702 435 762 512 ηει-
791 429 881 493 ψατε,
894 410 947 474 καὶ
959 403 1161 496 ἔβεβηλούσατε
1173 408 1210 472 τὸ
1225 407 1326 494 ύνσμύ
1336 437 1407 493 μου,

152 490 206 579 ρὸς
217 495 323 567 αυτοῦ,
336 491 388 554 καί
400 487 545 574 συλλήψει
554 491 761 577 συλλησθηαη,
791 497 850 558 τοῦ
875 495 1057 577 ἐπιπρέψαι
1083 496 1211 557 ἕκαστον
1233 492 1289 557 τὸν
1306 496 1408 559 παῖδα

152 577 204 640 καί
229 579 269 649 εἷς
296 585 395 657 χεῖρας
424 571 520 638 αὐτοῦ
545 571 681 667 δοθήση,
711 565 763 640 καὶ
793 573 889 641 αὐτοῦ
902 575 953 641 καί
965 579 1092 639 ἕκαστον
1106 571 1160 657 τήν
1172 575 1334 659 παιδίσκην
1346 576 1405 641 αύ·

153 657 314 740 ὀφθαλμοί
325 681 380 721 σου
392 656 463 730 τούς
471 656 653 740 ὀςθαλμσύς
663 656 760 725 οὗτοι]
792 662 859 734 τοῦ,
877 653 931 733 οὓς
942 657 1164 734 ἐξαπεστείλατε
1177 658 1354 740 ἐλευθέρους
1366 665 1406 743 τῆ

154 741 297 843 ὄρονται,
309 741 360 803 καὶ
373 743 412 814 είς
423 737 597 886 Βαβυλῶνα
609 736 761 832 εἰςελεύση,
792 746 874 848 ψυηῆ
883 738 994 816 αὐτῶν,
1007 745 1064 805 τοῦ
1073 739 1145 805 εἶναι
1159 738 1227 825 ύμῖν
1240 747 1281 816 εἷς
1292 733 1407 820 παῖδας

152 821 257 887 ἀλλὰ
271 819 462 887 ἅκουσοντόν
492 818 761 907 όγονκυρίσυ,Σε-
792 814 1035 898 και’παιδίσκας.
1067 825 1094 866 ¹¹
1108 824 1157 888 διὰ
1183 829 1280 889 τοῦτο
1304 822 1406 903 σύτως

152 909 235 974 δεκία
264 903 385 991 βασιλεῦ
412 903 522 970 Ἰούδα.
561 903 657 981 οὕτως
686 906 761 984 λέγει
792 905 855 971 εἶπε
873 903 982 991 κύριος.
1009 905 1088 990 ὑμεῖς
1100 905 1155 972 οὐκ
1167 904 1325 991 ἠκούσατέ
1335 936 1406 992 μου,

152 990 264 1072 κύριος.
292 991 351 1053 6έν
364 983 463 1082 εἰρήνη
476 987 631 1080 ἀποθανῇ.
657 993 708 1055 καί
721 987 762 1064 ὡς
791 995 847 1054 τοῦ
861 990 986 1054 καλέσαι
1003 987 1109 1071 ἄφεσιν
1123 995 1247 1066 ἕκαστος
1258 991 1340 1076 πρὸς
1352 991 1407 1059 τὸν

153 1073 303 1138 ἔκλαυσαν
320 1070 391 1146 τούς
402 1073 536 1155 πατέρας
550 1098 605 1136 σου
619 1069 690 1146 τοὺς
704 1076 761 1159 βα-
791 1071 916 1155 πλησίον
929 1070 1033 1138 αύτσύ.
1049 1071 1114 1138 ἰδού
1127 1071 1186 1151 ἐγώ
1200 1075 1285 1138 καλῶ
1300 1074 1408 1158 ἄφεσιν

154 1152 349 1228 σιλεύσαντας
361 1149 510 1238 πρότερόν
524 1179 592 1228 σου,
615 1151 760 1221 κλαύσον-
793 1153 860 1238 ὑμῖν
873 1159 911 1230 είς
925 1152 1088 1240 μύχαιραν,
1116 1158 1218 1231 καλεῖς
1231 1157 1287 1221 τὸν
1302 1155 1407 1225 θύγα-

153 1264 204 1303 ται
216 1239 267 1303 καί
279 1236 311 1302 σὲ
317 1286 327 1315 ,
353 1235 424 1304 οδαί
437 1232 532 1321 κύριε,
554 1239 605 1302 καί
617 1242 673 1312 ἕως
685 1236 762 1320 ᾅδου
792 1261 856 1313 τον,
869 1240 920 1303 καλ
933 1243 970 1313 είς
982 1239 1038 1304 τὸν
1050 1238 1146 1340 λιμὸν,
1158 1243 1209 1304 καί
1221 1235 1313 1305 δώσω
1329 1239 1406 1323 ὑμᾶς

153 1316 303 1402 κόψονταί
314 1344 362 1395 σε,
380 1317 427 1384 ὅτι
442 1316 532 1397 λόγον
545 1318 604 1397 ε’γιδ
617 1319 761 1403 ἐλάλησα,
792 1325 831 1396 εἰς
852 1320 1021 1406 διασπορὰν
1039 1347 1152 1396 πασαις
1163 1334 1230 1397 ταῖς
1240 1326 1407 1428 βασιλείαις

155 1403 217 1469 εἶπε
233 1399 342 1504 κύριος.
375 1404 453 1468 θκαὶ
470 1399 611 1485 έλύλησεν
622 1401 762 1489 Ἱερεμίας
792 1409 846 1490 τής
870 1410 931 1490 γής.
969 1405 1061 1469 18καί
1085 1401 1174 1469 δώσω
1195 1431 1268 1480 τους
1292 1407 1406 1495 ἄνδρας

152 1487 231 1572 πρὸς
255 1509 309 1550 τον
334 1486 460 1571 βασιλέα
482 1486 622 1550 Σεδεκίαν
645 1484 763 1564 πάντας
792 1486 864 1563 τούς
894 1483 1144 1572 παρεληλυθότας
1173 1487 1228 1570 τήν
1255 1491 1406 1592 διαθήκην

155 1569 227 1642 τούς
244 1566 353 1645 λόγους
371 1565 499 1643 τούτους
511 1573 544 1634 ἐν
558 1566 761 1654 Ἰερουσαλήμ.
791 1596 864 1651 μου,
879 1568 950 1646 τούς
961 1569 1001 1655 μή
1015 1567 1176 1654 στήσαντας
1188 1570 1243 1672 τήν
1256 1574 1407 1659 διαθηκην

154 1653 167 1694 ⁷
182 1653 232 1715 καί
245 1645 264 1733 ή
278 1647 401 1733 δύναμις
419 1650 564 1736 βασιλέως
575 1652 762 1757 Βαβυλῶνας
791 1680 860 1736 μου,
873 1651 907 1739 ήν
917 1657 1062 1737 ἐποίησαν
1070 1653 1149 1718 κατὰ
1158 1657 1326 1741 προςωπύν
1335 1685 1404 1740 μου,

154 1733 288 1815 ι’πολέμει
300 1734 351 1798 ἐπὶ
362 1733 568 1818 Ἰερουσαλήμ,
586 1762 636 1800 και
647 1738 697 1802 ἐπὶ
708 1734 763 1812 τὰς
793 1736 846 1802 τόν
870 1732 986 1820 μόσχον
1010 1733 1045 1801 ὃν
1062 1739 1206 1821 ἐποίησαν
1224 1737 1405 1823 ἐργάζεσθαι

154 1813 255 1892 πόλεις
269 1813 388 1892 Ἰούδα,
400 1820 449 1883 καῖ
462 1819 513 1883 ἐπὶ
524 1820 632 1903 Λαχίς,
649 1821 700 1884 καί
712 1821 763 1884 ἐπὶ
793 1817 894 1903 αὐτῷ,
920 1823 947 1862 ¹⁹
960 1818 1030 1895 τοὺς
1047 1817 1192 1904 ἄρχοντας
1206 1819 1326 1899 Ἰούδα,
1350 1827 1403 1888 καί

151 1899 274 1984 Ἅζηκα,
301 1898 349 1966 ὅτι
367 1895 456 1967 αὗται
477 1901 714 1986 κατελείφθησαν
733 1905 763 1966 ἐν
793 1902 866 1976 τοὺς
876 1899 1032 1977 δυνάστας,
1041 1904 1171 1978 καίτσύς
1182 1908 1277 1988 ἱερεῖς,
1286 1906 1401 1971 καὶτὸν

153 1983 277 2049 πόλεσιν
287 1978 389 2048 Ἰούδα
400 1981 503 2059 πόλεις
514 1982 627 2068 όχυραί.
651 1983 695 2049 ⁸6
708 1980 762 2049 λό-
793 1984 879 2060 λαὸν,
888 1987 976 2058 30καὶ
986 1982 1074 2051 διύσω
1087 1984 1271 2063 αύτούςτοθς
1282 1992 1405 2075 ἐχθροῖς

153 2090 208 2144 γος
225 2063 242 2128 ὁ
260 2061 408 2146 γενόμενος
425 2064 502 2151 πρὸς
516 2064 657 2150 Ἰερεμίαν
675 2066 762 2151 παρὰ
793 2067 912 2142 αὐτῶν,
937 2072 988 2134 καὶ
1005 2071 1089 2134 ἔσται
1106 2068 1146 2134 τὰ
1161 2080 1327 2156 θνησιμαῖα
1347 2071 1404 2138 αύ-

154 2154 269 2235 κυρίσυ,
289 2149 364 2230 μετὰ
377 2146 414 2213 τό
428 2149 596 2214 συντιλέσαι
608 2148 763 2237 τὸνβασι-
793 2156 855 2216 τῶν
871 2154 980 2237 βρῶσις
997 2163 1061 2226 τοῖς
1076 2167 1218 2229 πετεινοῖς
1235 2160 1290 2219 τοῦ
1307 2153 1405 2243 ούρα-

155 2231 359 2298 λέαΣιδεκίαν
371 2230 519 2316 διαθήκην
530 2231 763 2316 πρὸςτόνλαὸν,
793 2239 848 2298 νού
866 2235 918 2299 καὶ
938 2247 1000 2309 τοῖς
1018 2242 1140 2319 θηρίοις
1158 2241 1210 2320 τῆς
1220 2243 1282 2320 γῆς.
1308 2241 1404 2305 21καί

154 2320 211 2382 τοῦ
224 2316 350 2382 καλέσαι
363 2314 479 2397 ὄρεσιν,
497 2317 578 2381 9τοδ
593 2318 764 2393 ε’ξαποατεῖ-
793 2317 848 2382 τὸν
864 2319 1007 2383 Σεδεκίαν
1028 2317 1152 2403 βασιλέα
1173 2326 1224 2397 τῆς
1240 2319 1402 2398 Ἰουδαίας,

155 2399 204 2465 λαι
230 2405 359 2465 ἕκαστον
383 2396 438 2465 τὸν
460 2400 556 2465 παῖδα
573 2397 687 2476 αὐτοῦ,
713 2402 764 2464 καί
792 2402 843 2465 καί
868 2400 941 2475 τοὺς
967 2399 1113 2485 ἄρχοντας
1135 2400 1236 2468 αὐτῶν
1253 2400 1344 2470 διόσω
1363 2411 1403 2480 είς

158 2479 280 2548 ἕκαστον
304 2479 357 2566 τήν
382 2483 539 2567 παιδίσκην
565 2481 675 2559 αὐτοῦ,
710 2483 764 2548 τόν
792 2496 889 2568 χεῖρας
899 2487 1017 2568 ἐχθρῶν
1030 2483 1140 2561 αὐτῶν,
1152 2490 1201 2550 καί
1213 2487 1330 2566 δύναμις
1338 2493 1401 2571 βα-

153 2568 293 2653 Ἑβραῐσν
302 2569 351 2630 καί
361 2562 415 2649 τήν
423 2565 568 2653 Ἐβραέαν
579 2566 762 2652 ἐλευθέρους,
794 2567 897 2642 σιλέως
910 2566 1097 2653 Βαβυλῶνος
1113 2579 1172 2642 τοῖς
1183 2565 1399 2652 ἀποτρέχουσιν

125 2672 127 2674 ’
155 2652 234 2734 πρὸς
246 2650 282 2715 τὸ
294 2649 333 2735 μή
343 2647 491 2715 δουλεύειν
504 2645 762 2734 ύνδραέξἸούδα.
794 2648 846 2716 ἀπ’
872 2649 981 2716 αὐτῶν.
1020 2654 1050 2694 ²²
1065 2649 1127 2717 ἰδοὺ
1150 2647 1206 2729 ἐγώ
1231 2646 1396 2726 συντύσσω,

155 2739 185 2779 ¹⁰
198 2737 249 2799 καὶ
265 2732 493 2819 ἐπεστρύσησαν
511 2730 619 2808 πάντες
638 2738 668 2798 σί
684 2759 763 2815 μεγι-
795 2735 868 2817 σησί
886 2729 1002 2818 κύριος,
1027 2739 1078 2800 καί
1098 2738 1267 2882 ἕπιστρέήω
1284 2731 1401 2810 αύτούς

156 2820 274 2890 στᾶνες,
289 2818 339 2879 καί
352 2820 412 2889 πᾶς
425 2814 442 2879 ό
457 2815 531 2892 λαός
544 2821 573 2880 οῖ
586 2815 764 2892 είςελθόντις
794 2824 832 2892 εἰς
844 2815 897 2902 τήν
908 2823 962 2899 γῆν
975 2814 1103 2901 ταύτην,
1121 2822 1171 2884 καὶ
1181 2845 1222 2884 πσ
1242 2813 1402 2902 εμήσουσιν

155 2904 187 2966 έν
204 2903 241 2994 τή
254 2893 401 2987 διαθήκη,
427 2903 485 2964 τού
504 2899 678 2964 ἀποστεῖλαι
692 2906 763 2965 έκα-
796 2899 838 2966 ἐπ’
855 2899 965 3001 αὐτήν,
989 2905 1040 2965 καὶ
1051 2898 1204 3004 λήψονται
1218 2901 1324 2985 αὐτήν,
1350 2905 1401 2966 καί

156 3008 226 3050 στον
245 2981 298 3049 τὸν
314 2982 411 3047 παῖδα
430 2980 541 3060 αὐτοῦ,
567 2985 618 3048 καὶ
637 2989 764 3049 ἕκαστον
795 3009 1035 3049 κατακαυσσυσιν
1047 2983 1137 3069 αυιήν
1150 2991 1180 3050 ἒν
1191 2990 1272 3069 πυρὶ,
1284 2983 1403 3060 καὶτὰς

155 3067 210 3151 τήν
219 3067 377 3149 παιδίσκην
386 3062 495 3141 αὐτοῦ,
507 3068 557 3130 καὶ
567 3070 665 3132 ἐῶσαν
679 3065 764 3131 11αιί-
794 3062 894 3142 πόλεις
907 3063 1024 3144 Ἰούδα,
1051 3069 1101 3131 καί
1119 3063 1209 3133 δεύσω
1224 3067 1321 3145 αὐτὰς
1333 3065 1402 3155 ἐρή-

155 3149 228 3224 τοὺς
240 3153 280 3223 εἷς
292 3149 402 3222 παῖδας
415 3151 466 3212 καί
478 3149 646 3225 παιδίσκας.
673 3153 700 3193 ¹²
713 3152 764 3215 καὶ
793 3176 865 3233 μους
879 3149 943 3215 ἀπὸ
955 3155 1017 3215 τῶν
1030 3148 1260 3216 κατοικούντων.

155 3228 284 3316 ἐγενήθη
297 3225 387 3307 λόγος
399 3237 502 3314 κυρίου
520 3231 598 3316 πρὸς
612 3230 763 3317 Ἰερεμίαν,
819 3237 832 3266 ⁰
869 3236 980 3296 ΚΕΦ.
1007 3229 1101 3295 MB'.
1134 3229 1242 3317 (Hebr.
1254 3260 1279 3296 c.
1292 3235 1361 3324 35.)

155 3315 260 3394 λέγων.
283 3314 309 3356 ¹³
323 3309 420 3390 οὕτως
432 3312 494 3379 εἶπε
507 3310 616 3400 κύριος.
634 3317 692 3392 ε’γώ
706 3318 764 3382 διε-
796 3282 845 3384 0
857 3311 945 3391 λόγος
961 3311 979 3376 ὃ
996 3308 1151 3392 νένόμῡνον
1167 3312 1244 3396 πρὸς
1260 3313 1404 3400 Ἱερεμίαν

154 3405 252 3485 θέμην
271 3395 419 3500 διαθήκην
439 3398 518 3504 πρὸς
535 3398 607 3474 τοὺς
631 3405 765 3484 πατέρας
795 3397 879 3483 παρὰ
896 3402 998 3481 κυρίου
1011 3399 1042 3460 ἐν
1059 3392 1179 3482 ἡμέραις
1193 3396 1333 3480 Ἰωακείμ
1345 3407 1403 3488 βα-

156 3481 241 3568 ύμων
254 3489 285 3551 έν
298 3487 335 3575 τῇ
351 3486 454 3567 ημέρᾳ,
467 3510 486 3577 η
498 3479 765 3567 έξειλύμηναύιούς
796 3484 899 3557 σιλέως
914 3475 1030 3567 Ἰούδα,
1056 3478 1156 3558 λέγων.
1192 3478 1349 3567 2βάδισον
1365 3490 1404 3560 είς

156 3571 188 3632 ἐκ
206 3572 261 3650 γῆς
273 3561 452 3641 Αἰγύπτου,
475 3568 506 3643 ἐξ
524 3567 606 3631 οἴκου
620 3567 764 3643 δουλείας,
796 3565 880 3631 οἶκον
891 3558 1059 3650 Ἀρχαβείν,
1084 3565 1135 3627 καλ
1152 3561 1228 3640 δι’ξεις
1241 3563 1352 3642 αὐτούς
1364 3573 1403 3641 εἰς

157 3653 259 3725 λέγων,
278 3646 387 3713 14ὅταν
399 3648 552 3741 πληρωθῇ
565 3651 596 3724 ἔξ
609 3652 670 3733 ἔτη,
684 3647 764 3715 ἆπσ-
796 3647 880 3713 οἶκον
892 3655 1007 3731 κυρίου,
1021 3652 1057 3721 είς
1068 3653 1139 3726 μίαν
1150 3652 1214 3713 τῶν
1227 3646 1335 3720 αὐλῶν,
1348 3651 1401 3712 καὶ

155 3730 262 3809 στελεῖς
272 3730 328 3797 τὸν
340 3728 471 3812 ἀδελφόν
484 3758 539 3797 σου
550 3729 763 3818 τὸνἝβραῖον,
795 3744 907 3806 ποτιεῖς
926 3729 1037 3805 αὐτούς
1050 3729 1138 3795 οἶνον.
1166 3733 1181 3772 ³
1194 3734 1243 3795 καί
1253 3724 1399 3810 ἐξήγαγον

156 3808 190 3886 ός
207 3810 399 3900 πραθήσεταί
417 3840 480 3892 σοι,
505 3817 557 3880 καὶ
575 3817 700 3900 ἐργᾶταί
717 3842 764 3881 σοι
795 3815 851 3881 τὸν
862 3814 1001 3898 Ἰεχονίαν
1014 3812 1276 3897 αῖὸνἹερεμὶνυίοῦ
1287 3815 1398 3898 Χαβα-

154 3897 272 3978 δξέτη,
298 3899 349 3960 καὶ
361 3898 563 3974 ἔξαπσστελεῖς
577 3897 672 3965 αιἰτὸν
683 3895 764 3963 ἐλεύ-
796 3901 859 3971 σίν,
884 3902 935 3961 καί
961 3897 1032 3971 τοὺς
1050 3895 1195 3976 ἀδελφούς
1212 3892 1324 3970 αὐτοῦ,
1350 3899 1403 3961 καί

154 3988 255 4042 θεον.
280 3981 331 4043 καί
349 3977 405 4043 οὐκ
424 3977 556 4062 ήκουσύν
568 4007 625 4064 μου
643 3987 693 4046 καί
706 3979 763 4045 οὐκ
794 3977 864 4054 τοὺς
888 3976 971 4054 υἱούς
998 3978 1113 4053 αὐτοῦ,
1144 3982 1195 4043 καί
1219 3982 1322 4043 πᾶσαν
1346 3978 1403 4083 τήν

155 4002 271 4126 έκλιναν
285 4060 321 4125 τὸ
336 4051 389 4135 ούς
402 4062 512 4127 αὐτῶν.
527 4066 553 4108 ¹⁵
559 4067 611 4129 καί
624 4068 762 4150 ἐπέστρε·
795 4067 891 4128 οἰκίαν
903 4061 1065 4147 Ἀρχαβείν,
1091 4062 1107 4103 ⁴
1120 4065 1171 4125 καὶ
1183 4059 1333 4144 είςήγαγον
1346 4087 1402 4125 αυ-

154 4164 221 4249 ηιαν
245 4138 370 4228 σήμερον
392 4150 515 4230 ποιήσαι
540 4145 577 4212 τό
595 4144 683 4223 εύθές
700 4146 763 4234 πρὸ
795 4143 865 4220 τοὺς
878 4150 917 4221 εἰς
929 4145 1013 4210 οἶκον
1025 4152 1127 4228 κυρίου
1141 4149 1180 4218 εἰς
1190 4142 1227 4209 τό
1240 4142 1403 4226 παστοφό·

155 4226 323 4309 οφθαλμῶν
343 4251 417 4308 μου,
443 4232 499 4291 τοῦ
516 4229 641 4295 καλέσαι
658 4230 763 4311 δίφεσιν
794 4253 859 4316 ριον
873 4225 1072 4303 υίοΞνἸωνύιν,
1085 4231 1153 4292 υἱοῦ
1163 4224 1316 4303 Ἀνανίου,
1335 4232 1402 4292 υἱοῦ

153 4316 278 4376 ἕκαστον
291 4313 346 4375 τοῦ
358 4308 487 4391 πλησίον
499 4309 607 4375 αὐτοῦ.
621 4313 673 4375 καί
683 4336 762 4376 ουνε-
794 4312 942 4379 Γαδαλίου
968 4307 1139 4395 ἀνθρώπου
1163 4315 1221 4375 τού
1245 4315 1337 4386 θεοῦ,
1369 4307 1404 4387 Sc

152 4394 278 4461 τέλεσαν
313 4388 460 4478 διαθήκην
491 4392 570 4457 κατὰ
600 4420 623 4457 π
642 4389 762 4468 όςωπύν
794 4400 874 4461 ἐστιν
892 4394 980 4472 ἐγγύς
996 4398 1054 4460 τοῦ
1073 4394 1159 4457 οἴκου
1176 4398 1237 4458 τῶν
1250 4390 1406 4478 ἀρχόντων

152 4505 226 4558 μου,
252 4483 284 4546 ἐν
309 4483 354 4566 τῷ
380 4477 467 4564 σῖιιῳ,
493 4467 530 4540 οδ
558 4418 706 4561 ἐπεκλήθη
724 4475 760 4544 τό
794 4484 855 4544 τῶν
867 4477 968 4544 ἐπάνω
982 4482 1037 4543 τού
1050 4477 1135 4541 οἴκου
1149 4481 1405 4626 Μαασαίουηωξου

1284 4566 1328 4625 Σε
1372 4588 1404 4643 μ,
