2924 4972
561 242 814 309 ΔΑΝΙΗΛ.
1236 239 1309 311 933

62 368 206 469 συνήλθεν
220 368 238 427 ὸ
252 361 325 437 λαός
342 360 419 446 πρὸς
436 359 490 425 τόν
509 359 603 446 ἀνδρα
617 361 674 426 αύ-
704 386 780 446 γειρε
798 358 835 424 τὸ
855 364 971 461 πνεῦμα
989 357 1024 423 τό
1045 356 1133 436 ἀγιον
1151 360 1314 446 παιδαρίου

61 452 114 522 τ”ς
132 449 270 527 Ιωακείμ,
289 436 385 529 ἦλθον
396 448 428 508 σί
440 440 496 508 δύο
509 441 673 531 πρεσβύται
706 446 861 528 νεωτέρου,
874 435 901 527 ᾧ
915 442 1012 524 ὄνομα
1024 439 1145 528 Δανιήλ.
1174 443 1207 486 ⁴⁶
1219 446 1270 509 καί
1284 446 1315 507 ε’-

62 477 180 617 πλήρεις
211 535 264 612 τής
301 523 418 609 ἀνόμου
450 531 564 602 ἐννοίας
594 524 673 592 κατά
704 525 794 615 βόησε
808 530 893 619 φωνῇ
906 520 1028 618 μεγάλη.
1056 524 1162 600 ἀθῶος
1175 527 1234 604 έγύ
1248 526 1313 593 ἀπὸ

63 611 234 696 Σωσάννης,
247 616 303 676 τοῦ
317 615 496 677 θανατῶσαι
510 609 675 695 αύτήν,καί
705 616 762 678 τοῦ
775 616 902 691 α’ίματος
915 607 1033 692 ταύτης.
1061 607 1093 651 ⁴⁷
1107 611 1268 694 ἐπέστρεψε
1281 610 1315 677 δέ

63 696 150 763 είπαν
170 699 228 778 έμπ
248 705 338 759 οσθεν
356 699 412 759 τοῦ
435 694 521 759 λαοῦ.
549 696 579 735 ²⁹
594 693 673 759 ἀπο·
705 699 765 769 πᾶς
778 691 796 759 ό
810 693 885 768 λαός
896 690 974 778 πρὸς
983 688 1089 766 αὐτόν,
1100 693 1151 756 καί
1164 689 1257 756 εἶπαν.
1270 701 1316 771 τίς

63 780 196 845 στείλατε
229 721 283 843 λπί
318 773 483 843 Σωσάνναν
519 781 673 861 θυγατέρα
705 776 826 856 ὁλόγος
840 769 940 853 οὗτος,
953 771 1036 841 ἀνσύ
1049 771 1229 859 λελάληκας,·
1248 774 1314 840 556

64 862 214 936 Χελκίου,
237 859 332 945 ήέστι
345 860 411 940 γυν“
428 862 573 945 Ἰωακείμ.
600 865 630 925 οἰ
641 858 673 925 δέ
705 860 737 927 δὲ
750 860 825 936 στάς
845 864 968 944 ἐνμέσῳ
986 858 1088 925 αὐτῶν
1101 857 1194 935 εἶπεν,
1220 854 1317 935 οὕτως

63 946 249 1012 ἀπέστειλαν.
276 946 307 990 ³⁰
325 946 376 1010 καί
393 888 486 1026 ήλθεν
505 942 597 1028 αύτή,
623 946 675 1009 καί
704 946 802 1030 μωροὶ
824 950 855 1009 οῖ
878 945 940 1009 υίσλ
957 939 1089 1029 Ἰσραήλ.
1116 943 1172 1018 σύκ
1191 943 1314 1027 ἀνακρί-

65 1034 96 1094 οῖ
107 1042 203 1109 γονεῖς
215 1026 325 1111 αάτής,
350 1028 401 1091 καί
413 1024 452 1092 τά
466 1033 557 1093 τέκνα
570 1025 672 1112 αάτής,
705 1026 889 1104 ναντες,οάδὲ
901 1026 938 1093 τὸ
953 1025 1046 1110 σαφές
1058 1022 1232 1105 ἐπιγνόντες,
1241 1051 1314 1093 κατ-

64 1116 115 1179 καί
127 1110 235 1186 πάντες
248 1117 280 1176 οἰ
291 1123 437 1189 συγγενεῖς
450 1110 551 1194 αύτής.
578 1108 630 1194 55ή
641 1110 673 1175 δὲ
706 1117 835 1196 εκρίνατε
859 1115 1015 1196 θυγατέρα
1029 1107 1152 1196 Ἰσραήλ
1158 1139 1171 1188 ,·
1194 1109 1227 1152 ⁴⁹
1240 1109 1314 1175 ἀνα-

63 1193 216 1261 Σωσάννα
229 1185 265 1279 ήν
278 1194 410 1280 τρυφερὰ
420 1192 546 1280 σφόδρα,
552 1196 602 1259 καί
615 1219 670 1259 κα-
705 1197 859 1280 στρέψατε
871 1199 910 1269 εἰς
922 1194 959 1260 τὸ
971 1190 1130 1280 κριτήριον.
1145 1195 1243 1278 ψευδῆ
1255 1189 1314 1280 γάρ

63 1276 101 1362 λή
115 1283 158 1361 τῷ
173 1280 248 1344 είδει.
274 1280 304 1320 ³²
319 1282 350 1343 σῖ
369 1277 401 1342 δὲ
418 1276 591 1382 παράνομοι
609 1279 673 1342 ἐκέ·
706 1269 792 1344 οὗτοι
804 1276 1065 1364 κατεμαρτύρησαν
1077 1277 1181 1382 αύτής.
1219 1281 1252 1322 ⁵⁰
1264 1280 1316 1343 καί

63 1363 171 1426 λευσαν
184 1359 437 1466 ἀποκαλυῳθήναι
448 1362 550 1446 αυτήυ,
565 1361 602 1446 ήν
614 1359 673 1447 γάρ
706 1360 870 1447 ἀνέστρεψε
886 1359 977 1437 πᾶςό
999 1358 1073 1438 λαός
1084 1386 1157 1442 μετα
1171 1362 1313 1445 σπουδῆς.

64 1445 352 1528 κατακεκαλυμμένη,
379 1442 463 1520 ύπας
475 1444 674 1529 έμπλησθάοι
706 1447 756 1510 καί
770 1443 857 1511 είπαν
869 1441 954 1528 αύτῷ
966 1449 998 1511 οῖ
1009 1440 1208 1553 πρεσβύτεροι.
1227 1447 1315 1530 δεῦρο

63 1535 119 1595 τοῦ
132 1526 260 1604 κάλλους
277 1527 378 1615 αύτής.
415 1529 445 1570 55
459 1529 578 1594 ἔκλαιον
596 1527 630 1593 δὲ
642 1531 674 1592 οῖ
705 1524 835 1595 κάθισον
847 1530 973 1613 ἐνμέσῳ
993 1526 1089 1612 ήμῶν,
1116 1555 1167 1593 και
1179 1524 1315 1607 ἀνάγγει-

63 1612 133 1698 παρ’
152 1610 255 1696 αὐτῆς,
269 1613 321 1679 καί
333 1610 440 1689 πάντες
452 1617 483 1678 οῖ
494 1611 604 1689 ἰδόντες
616 1609 674 1676 αύ-
705 1608 854 1697 λσνήμῖν,
880 1609 928 1677 ότι
946 1614 994 1678 σοί
1011 1613 1138 1678 δέδωκεν
1155 1610 1173 1678 ό
1193 1613 1265 1688 θεὸς
1277 1610 1315 1677 τὸ

64 1696 128 1781 τήν.
155 1697 187 1739 ³⁴
200 1694 381 1771 ἀναστάντες
391 1695 422 1762 δὲ
436 1700 467 1761 οῖ
476 1692 531 1761 δύο
545 1690 674 1781 πρεσβύ-
704 1701 867 1783 πρεοβιῖον.
903 1697 995 1760 55καί
1017 1694 1080 1761 εἰπε
1101 1694 1181 1781 πρὸς
1204 1692 1315 1771 αύτούς

65 1807 115 1845 ται
130 1783 254 1862 ἐνμέσῳ
267 1785 312 1863 τῷ
331 1779 408 1860 λαῷ,
421 1783 537 1865 ἔθηκαν
549 1783 603 1854 τὰς
614 1789 674 1883 ηεῖ-
706 1777 829 1864 Δανιήλ.
854 1778 1052 1887 διοησιρίσατε
1065 1777 1178 1855 αύτούς
1190 1777 1242 1844 ἀπ’
1258 1777 1314 1844 ἀλ-

65 1891 120 1947 ρας
134 1866 184 1929 ἐπί
205 1863 262 1948 τήν
285 1862 414 1947 κεφαλήν
436 1863 538 1946 αὐτῆς.
563 1862 593 1906 55
609 1859 673 1947 ηδὶ
705 1858 805 1946 λήλιον
817 1885 945 1948 μακραν,
959 1864 1011 1928 καί
1024 1861 1179 1947 ἀνακρινῶ
1190 1859 1314 1938 αὐτούς.

65 1947 212 2014 κλαίουσα
231 1945 393 2034 ἀνέβλεψεν
410 1952 450 2023 είς
461 1945 517 2013 τὸν
530 1942 673 2032 οὐρανὸν,
705 1949 734 1990 55
756 1945 798 2022 ὡς
816 1945 848 2011 δὲ
866 1946 1101 2032 διεχωρίσθησαν
1118 1945 1158 2023 είς
1176 1943 1240 2012 ἀπὸ
1258 1951 1316 2012 τοῦ

65 2029 113 2096 ότι
128 2023 163 2115 ήν
176 2031 194 2118 ή
209 2059 248 2098 κα
267 2032 317 2097 δία
336 2030 429 2117 αύτής
441 2039 611 2097 πεποιθυῖα
623 2029 674 2094 έπί
705 2028 783 2111 ἑνός,
797 2027 917 2096 ἐκάλεσε
934 2027 989 2096 τόν
1002 2036 1053 2097 ἕνα
1066 2029 1178 2107 αὐτῶν,
1191 2032 1243 2095 καί
1255 2029 1316 2096 εἰπε

65 2120 166 2199 κυρίῳ.
193 2117 224 2158 ³⁶
237 2057 366 2181 ελπονδὲ
379 2109 594 2201 οίπρεσγδύται.
620 2137 675 2180 πε-
704 2113 782 2199 πρός
809 2110 913 2180 αάτόν.
943 2115 1173 2216 πεπαλαιωμένε
1198 2112 1316 2200 ήμερῶν

65 2194 274 2282 ριπατούννων
291 2195 374 2280 ήμῶν
391 2201 479 2280 ἐντῷ
499 2197 674 2281 παραδείσῳ
704 2202 827 2273 κακῶν,
852 2201 906 2262 νῦν
918 2193 1028 2282 ήκασιν
1044 2203 1079 2261 αῖ
1090 2203 1233 2283 αμαρτίαι
1247 2223 1315 2274 σου,

63 2276 172 2364 μόνων,
186 2281 317 2354 εἰς’λθεν
329 2276 407 2363 αύτη
418 2275 493 2361 μετά
505 2277 560 2343 δύο
572 2278 671 2343 παιδι-
704 2274 740 2354 ἀς
753 2283 862 2353 ἐποίεις
873 2280 1061 2365 τσπρότερον
1087 2280 1117 2323 55
1129 2285 1237 2365 κρίνων
1250 2287 1312 2365 κρί-

65 2367 163 2440 σκεῖιν,
188 2388 241 2426 και
260 2361 413 2428 ἀπέκλεισε
431 2358 486 2435 τάς
504 2358 604 2444 θύρας
615 2362 673 2424 τοῦ
704 2387 761 2436 σεις
786 2360 915 2437 ἀδίκους.
939 2363 992 2427 καί
1015 2359 1087 2438 τούς
1110 2362 1164 2446 μὲν
1189 2357 1315 2439 ἀθεόους

64 2448 258 2531 παραδείσου,
283 2445 335 2509 καί
349 2441 480 2509 ἀπέλυσε
497 2440 552 2518 τὰς
569 2443 673 2509 παιδί·
704 2450 899 2530 κατακρίναν,
910 2441 1055 2511 ἀπολύων
1065 2444 1176 2523 δὲτούς
1189 2451 1315 2524 αἰτίους,

64 2556 144 2604 σκας.
172 2530 201 2572 ³⁷
214 2533 265 2594 καί
277 2518 353 2614 ήλθε
369 2525 445 2612 πρὸς
460 2523 559 2610 αάτήν
575 2531 673 2592 νεανί-
704 2527 840 2606 λέγοντος
852 2533 909 2594 τοῦ
920 2534 1008 2605 θεοῦ,
1014 2526 1123 2595 ἀθῶον
1136 2533 1188 2595 καί
1200 2531 1316 2596 δίκαιον

64 2640 137 2689 σκος
151 2610 184 2689 ἀς
197 2599 234 2696 ήν
251 2614 461 2693 κεκρυμμένος,
485 2612 537 2676 καί
550 2608 673 2677 ἀνέπεσε
705 2610 761 2678 ούκ
786 2610 966 2687 ἀποκτενεῖς.
997 2611 1029 2656 55
1042 2618 1095 2678 νῦν
1120 2602 1176 2678 οάυ
1201 2610 1315 2698 ταύτην

63 2695 122 2779 μετ’
138 2695 240 2779 αὐτῆς.
276 2696 308 2738 55
321 2690 401 2777 ήμεῖς
422 2693 454 2760 δὲ
475 2692 560 2770 ὄντες
583 2697 615 2758 έν
634 2693 672 2786 τῇ
705 2695 785 2783 είπερ
799 2695 878 2772 εἶδες,
891 2692 985 2772 εἰστὸν,
996 2691 1056 2761 ὑπὸ
1071 2703 1103 2761 τί
1110 2697 1231 2783 δένδρον
1244 2695 1315 2776 είδες

63 2785 158 2861 γωνίᾳ
185 2783 244 2844 τοῦ
267 2777 464 2863 παραδείσου,
481 2773 593 2855 ἰδόντες
617 2775 673 2861 τήν
705 2776 817 2856 αύτούς
830 2777 1009 2865 ὁμιλοῦντας
1022 2779 1179 2865 ἀλλήλοιςς
1197 2779 1260 2847 ὁδί
1273 2781 1316 2847 εί-

63 2861 202 2944 ἀνομίαν,
228 2857 387 2947 ε’δράμομεν
400 2858 445 2926 ἐπ’
462 2858 582 2937 αύτούς.
621 2865 672 2926 καί
705 2887 775 2939 πεν,
794 2860 854 2930 ὑπὸ
874 2875 982 2951 σχῖνον.
1016 2865 1045 2909 55
1059 2863 1121 2932 εἷπε
1137 2866 1170 2932 δὲ
1190 2862 1314 2950 Λανιήλ.

64 2942 174 3020 ἰδόντες
187 2949 411 3028 σαγγινομένους
422 2941 546 3024 αύτούς,
559 2947 672 3012 55έκεί-
704 2943 808 3034 ὀρθῶς
820 2951 948 3035 έψευσαι
961 2954 1000 3028 εἰς
1017 2948 1071 3035 τήν
1084 2955 1211 3016 σεαυτοῦ
1222 2976 1316 3030 κερα-

62 3054 116 3095 νου
128 3029 181 3112 μέν
193 3027 250 3094 ούκ
264 3024 449 3114 ἠδυνήθημεν
461 3033 611 3116 ἐγκρατεῖς
622 3056 672 3110 γε·
704 3028 767 3135 λήν.
794 3032 851 3118 ήδη
862 3031 922 3120 γάρ
934 3032 1061 3113 ἀγγελος
1070 3034 1162 3116 φύσιν
1173 3038 1248 3100 θεοῦ
1261 3034 1314 3100 λα-

63 3118 182 3188 νέσθαι,
202 3113 252 3179 διὰ
266 3112 302 3179 τὸ
317 3109 425 3199 ἰσχύειν
437 3112 531 3182 αὐτὸν
545 3112 621 3202 ὑπὲρ
634 3110 672 3200 ή-
703 3120 766 3201 βων
778 3116 864 3205 παρά
876 3122 935 3184 τοῦ
946 3122 1023 3183 θεοῦ
1028 3167 1039 3193 ,
1064 3125 1153 3204 σχίσει
1167 3143 1199 3186 σε
1211 3120 1312 3202 μέσον.

61 3204 133 3273 ιιᾶς,
159 3199 211 3262 καί
223 3195 385 3275 ἀνοίξαντα
402 3197 458 3275 τάς
472 3196 572 3284 θύρας
584 3203 672 3266 έκπε-
705 3201 800 3267 55καί
823 3197 1010 3287 μεταστήσας
1034 3199 1143 3279 αὐτόν,
1181 3202 1315 3269 έκέλευσε

60 3283 232 3368 πηδηκέυαι.
260 3280 294 3325 '¹⁰
307 3277 419 3365 ταύτης
439 3281 473 3347 δὲ
492 3277 672 3371 ἔπιλαβόμε-
703 3299 903 3371 προςαγαγεῖν
915 3286 970 3352 τὸν
981 3291 1089 3371 ἕτερον,
1102 3289 1153 3352 καί
1165 3286 1245 3351 εἶπεν
1257 3283 1315 3351 αύ-

61 3389 107 3430 νοι
137 3370 346 3451 έπηρωτεύμεν,
365 3372 411 3443 τίς
428 3354 464 3451 ήν
477 3365 495 3432 ό
510 3374 670 3442 νεανίσκος.
703 3375 757 3440 τῶ.
784 3373 904 3455 σπέρμα
915 3368 1057 3445 Χαναὰν,
1069 3371 1120 3434 καί
1132 3366 1189 3434 σία
1199 3362 1313 3438 Ἰούδα,

62 3448 162 3513 41καῖ
186 3449 243 3512 ούκ
266 3448 414 3531 ήθελησεν
437 3448 570 3527 ἀγγεῖλαι
593 3450 670 3533 ήμῖν,
703 3433 741 3515 τό
753 3448 864 3527 κάλλος
875 3446 990 3535 ἰξηπάτ
1009 3453 1046 3515 σέ
1055 3453 1152 3526 οε,καί
1164 3452 1312 3532 ἐπιθυμία

61 3536 163 3596 ταῦτα
178 3533 393 3615 μαρτυροῦμεν.
430 3533 484 3595 καί
503 3537 671 3600 ἐπίστευσεν
703 3534 953 3618 διέστρεψιτήνκ
1011 3538 1062 3601 ίαν
1075 3559 1140 3608 σου,
1172 3533 1201 3575 ⁵⁷
1215 3528 1312 3610 σύῐως

62 3608 197 3695 αὐτοῖςή
222 3608 379 3695 συναγωγή
401 3608 442 3686 ὥς
463 3617 671 3702 πρεσβυτέροις
703 3619 828 3690 ἐποιεῖτε
838 3629 1031 3703 θυγατρασιν
1041 3614 1230 3703 Ἰοραήλ,καί
1238 3617 1313 3682 έκεῖ-

61 3700 119 3761 τοῦ
131 3695 210 3761 λαοῦ
221 3696 273 3759 καί
285 3704 409 3780 κριταῖς,
428 3697 479 3761 καί
493 3700 671 3783 κατέκριναν
703 3723 751 3770 ναι
764 3698 947 3788 φοβούμεναι
961 3695 1091 3804 ὡμίλουν
1104 3698 1181 3786 ύμῖν,
1195 3697 1261 3765 ἀλλ’
1274 3699 1311 3766 ού

61 3779 158 3860 αὐτήν
171 3777 346 3846 ἀποθανεῖν.
372 3774 547 3867 42ἀνεβόησε
560 3781 593 3847 δὲ
605 3807 671 3864 φα-
703 3778 840 3869 θυγάτηρ
851 3782 956 3850 Ἰούδα
971 3787 1104 3869 υπέμεινε
1117 3783 1172 3871 τήν
1184 3782 1313 3867 ἀνομίαν

61 3870 98 3958 νή
110 3861 222 3959 μεγάλη
234 3858 385 3930 Σουσάννα
398 3866 450 3929 καί
461 3862 546 3930 εἶπεν.
569 3863 587 3931 ό
600 3861 671 3939 θεὸς
704 3864 797 3952 ὑμῶν.
824 3869 855 3912 55
868 3872 919 3935 νῦν
931 3857 986 3934 σύν
997 3866 1062 3948 λέγε
1068 3894 1118 3952 μοι
1130 3865 1191 3966 ίηιό
1205 3874 1236 3934 τί
1247 3868 1313 3934 δέν-

62 3945 316 4025 όαῖιόνιοςότῶν
328 3953 468 4033 κρυπτῶν
479 3949 625 4035 γνώστης,
651 3945 670 4016 ὁ
704 3949 777 4011 δον
812 3949 971 4036 κατδαβες
1001 3949 1110 4025 αὐτούς
1140 3951 1315 4033 ομιλούντας

61 4031 145 4108 εἰδώς
158 4032 197 4099 τά
210 4027 312 4099 πάντα
324 4033 396 4140 πρὶν
407 4037 544 4112 γενέσεως
556 4034 668 4113 αὐτῶν,
704 3974 862 4110 ἄλλ’λοιςς
893 4027 911 4095 ὃ
939 4030 972 4101 δὲ
997 4030 1087 4110 εἶπεν,
1115 4030 1175 4098 ὖπό
1202 4039 1313 4117 πρίνον-

60 4116 92 4158 ⁴³
106 4116 144 4180 σύ
157 4120 328 4194 ἐπίστασαι,
341 4142 389 4182 οτι
401 4119 496 4203 ψευδή
509 4144 569 4202 μου
582 4143 670 4185 κατε-
704 4111 734 4154 ⁶⁰
752 4056 814 4178 ἒλπῖ
827 4113 858 4179 δὲ
873 4111 956 4197 αὐτῷ
970 4113 1092 4198 Ααῖιύλ·
1110 4113 1213 4199 ὀρθῶς
1226 4120 1314 4198 ἕψω·

61 4196 262 4287 ιιαρτύρησαν.
287 4205 339 4269 καί
353 4200 418 4268 ἰδού
431 4198 669 4308 ἀποθνήσκαμή
703 4218 753 4268 σαι
776 4197 827 4265 καί
845 4196 882 4261 σὺ
904 4201 947 4271 εἷς
965 4196 1020 4280 ἴδ’
1037 4204 1158 4264 Μυῐθῧ
1177 4196 1313 4281 55Ψ55δ5·

60 4280 218 4366 ποιήσασα
235 4283 326 4368 μηδέν
343 4275 386 4352 ὧν
407 4311 493 4352 ουτοι
509 4283 670 4372 ἐπονηρεύ-
702 4280 775 4359 μένει
800 4274 898 4365 γάρό
923 4277 1046 4356 ἀγγελος
1066 4285 1122 4345 τού
1143 4283 1234 4349 θεοῦ,
1259 4278 1314 4362 τήν

61 4392 155 4432 σαντσ
168 4367 233 4432 κατ’
248 4372 332 4450 ἐμοῦ.
359 4368 445 4435 44καί
459 4364 602 4455 εἰςήκσυσε
615 4366 669 4436 κύ-
702 4363 854 4517 {gamalam
872 4363 946 4446 έγαν
957 4365 1059 4441 πρίσαι
1076 4386 1105 4427 σε
1116 4363 1211 4443 μέσον,
1231 4355 1314 4435 ὅπως

59 4476 123 4535 ριος
135 4455 300 4536 τῆςφωνῆς
313 4451 415 4536 αύτής.
441 4452 668 4532 45κοιίάπαγο-
733 4442 903 4536 θδθθρῖῦσῖί
930 4439 1011 4541 ὖθῑξῖ·
1038 4444 1070 4488 ⁰⁰
1094 4443 1146 4507 5555
1170 4439 1312 4545 ’3551555155

59 4538 143 4618 μένης
162 4531 255 4618 αύτής
267 4534 456 4615 ἀπολέσθαι,
483 4535 501 4603 ὁ
515 4537 588 4615 θεὸς
602 4534 668 4625 έξή-
701 4528 787 4591 “5⁰⁰
805 4522 823 4605 ἦ
837 4548 991 4602 mmm
1004 4527 1090 4618 φωῖῇ
1104 4523 1233 4618 tumn,
1245 4528 1312 4672 ,ἷίξῖ

1226 4634 1257 4673 ευ
1277 4635 1310 4672 ο-
