2924 4972
306 224 752 292 AEYTEPONOMION
789 227 866 304 Κεφ.
878 223 920 308 β.
933 224 970 300 γ’.
985 222 1058 331 λδ.
1250 222 1313 290 179

60 326 156 430 αύτήν
169 352 201 413 ἐν
214 345 325 432 κλήρῳ.
352 350 383 391 ²⁰
392 353 432 431 γή
445 345 575 427 Ῥαφαῒν
587 346 670 424 λογι-
707 346 776 412 δίαν
800 345 910 424 αὐτοῦ,
938 351 987 412 ’ίνα
1009 349 1176 442 παραδοθῄ
1185 323 1315 426 ἐίς-τάς

60 426 220 513 οθήσεται,
247 434 297 495 καί
313 428 374 516 γάρ
393 427 437 495 ἐπ’
461 426 556 512 αὐτῆς
568 425 669 512 κατῴ-
705 425 804 517 χεῖράς
831 456 888 495 σου
915 427 956 504 ὡς
982 431 1013 493 ἐν
1026 436 1065 534 τή
1090 428 1185 516 ήμέρῳ
1207 429 1312 526 ταύτῃ.

60 539 130 579 κουν
148 518 179 578 οί
199 512 329 594 Ῥαφαῒν
346 513 382 578 τὸ
394 509 552 600 πρότερον,
576 515 669 577 καλοί
706 514 733 555 33
746 515 799 578 καί
810 511 873 578 εἷπε
885 508 986 599 κύριος
999 539 1078 599 προς
1086 515 1133 596 με’.
1160 514 1224 579 ἰδοὺ
1239 506 1314 601 ήργ-

54 595 229 681 Ἀμμανῖται
244 593 475 681 ἐπονομάζουσιν
488 593 668 671 αύτούςΖο·
704 623 757 678 μαι
774 597 968 701 παραδοῦναι
987 596 1049 680 πρό
1069 594 1235 680 προςιόπσυ
1255 623 1312 664 σου

58 686 175 766 χομμίν.
206 684 233 723 ²²
246 684 337 756 ἔθνος
354 683 432 765 μέγα
448 682 502 747 καί
517 677 599 744 πολύ
617 681 669 744 καλ
707 677 760 745 τόν
769 687 860 764 Σηων
870 679 997 767 βασιλέα
1006 676 1136 767 Ἐσεβιόν
1146 679 1315 767 τόνἈμοβ-

60 760 263 848 δυνατώτερον
275 762 372 850 ὑμῶν,
397 759 494 850 δίςπερ
508 765 560 828 καί
572 767 604 828 οἱ
616 760 669 826 ’E-
705 766 805 850 ῥαῖον,
816 765 869 829 καί
880 760 936 847 τήν
944 766 1003 840 γῆν
1014 759 1120 839 αὐτοῦ,
1133 765 1184 828 καί
1194 766 1315 851 ἔναρξαι

61 851 155 929 νακίμ.
182 850 233 912 καλ
256 842 409 914 άπάλεοεν
431 844 545 923 αὐτούς
565 842 668 932 κύριος
704 846 924 931 κληρονομῆσαι
942 843 997 929 τήν
1014 849 1072 943 γήν
1085 844 1191 911 αὐτοῦ.
1217 849 1248 890 ³²
1261 850 1314 914 καί

60 929 122 1016 πρὸ
139 928 304 1016 προςιύπου
323 929 435 1007 αὐτῶν,
459 934 512 995 καὶ
523 930 667 1014 κατεκλη-
704 928 905 1034 ἔξήλθεΣηοόν
913 926 1050 1030 βασιλεύς
1058 926 1184 1017 Ἐσεβὼν
1196 934 1235 1006 είς
1246 958 1314 998 συν·

61 1010 244 1099 ρονόμησαν,
274 1018 326 1080 καί
347 1018 581 1099 κατῳκίσθησαν
602 1011 664 1078 ἄντ’
703 1011 826 1097 άντησιν
844 1025 929 1098 ημῖν,
955 1036 1046 1086 αυτος
1061 1015 1114 1094 καὶ
1130 1018 1191 1088 πᾶς
1208 1011 1315 1090 όλαός

60 1096 163 1163 αὐτῶν
176 1102 232 1174 ἕως
244 1102 296 1182 τῆς
309 1096 419 1182 ἡμέρας
432 1093 551 1179 ταύτης.
569 1099 599 1138 ²²
611 1095 668 1172 δίς·
705 1095 801 1162 αὐτοῦ
820 1101 859 1172 είς
875 1092 1007 1178 πόλεμον
1020 1100 1059 1170 είς
1075 1093 1193 1162 Ἰασσά.
1218 1098 1248 1139 33
1262 1100 1314 1164 καί

60 1206 115 1267 περ
139 1185 286 1265 ἐποίησαν
308 1192 375 1254 τοῖς
392 1183 468 1253 υἱοῖς
487 1176 587 1242 Ἠσαῦ
605 1189 670 1253 τοῖς
705 1179 880 1280 παρέδωκεν
892 1176 986 1244 αὐτόν
998 1175 1100 1263 κύριος
1114 1175 1132 1243 ό
1144 1177 1217 1254 θεὸς
1231 1177 1314 1263 ήμῶν

61 1268 253 1327 κατοικοῦσιν
267 1267 299 1327 ἐν
310 1263 416 1346 Σηελρ,
436 1257 471 1325 ὃν
483 1255 598 1344 τρόπον
610 1263 672 1336 δξέ-
706 1286 769 1366 προ
780 1259 945 1348 πρσςοίπου
959 1258 1050 1346 ήμῶν
1064 1262 1116 1326 καί
1127 1258 1315 1346 ἐπατάξαμεν

62 1364 176 1447 τριψαν
188 1342 242 1409 τόν
257 1346 419 1427 Χοβραῖον
432 1339 495 1406 άπὸ
507 1338 672 1426 προςυόπου
708 1342 801 1410 αυτὸν
810 1346 861 1409 καί
869 1343 940 1421 τούς
950 1341 1034 1419 υἱούς
1042 1342 1138 1410 αύτοῖι
1149 1347 1201 1410 καί
1212 1342 1314 1412 πάντα

65 1429 184 1500 αυτῶν,
216 1426 268 1490 καί
293 1420 590 1529 κατεκληρονόμησαν
616 1423 673 1491 αύ-
707 1425 761 1492 τόν
779 1425 856 1494 λαὸν
874 1425 977 1494 αὐτοῦ.
1003 1427 1035 1470 ³⁴
1048 1430 1099 1492 καί
1112 1425 1314 1514 ἐκρατήσαμεν

65 1506 149 1584 τούς,
169 1509 220 1573 καί
238 1513 470 1593 κατῳκίσθησαν
487 1504 549 1574 αντ’
572 1506 672 1574 αὐτῶν
705 1514 813 1577 πασῶν
832 1516 893 1577 τῶν
907 1507 1025 1577 πόλεων
1038 1509 1131 1577 αὐτοῦ
1145 1518 1176 1577 ἐν
1188 1516 1233 1596 τῷ
1246 1541 1315 1579 και·

66 1597 124 1666 ἕως
150 1595 204 1676 τῆς
228 1588 338 1680 ἡμέρας
359 1587 478 1676 ταύτης.
516 1591 612 1656 33καί
637 1597 669 1657 οἶ
705 1599 748 1680 ρῷ
759 1591 1314 1682 ἐκείνω,καλίξωλοθρεύσαμενπᾶσαν

66 1673 175 1740 Εύαῖοι
200 1679 231 1740 οί
254 1679 456 1752 κατοικοῦντες
475 1678 507 1740 ἐν
525 1671 669 1759 Ἀσηδώθ
705 1674 805 1753 πόλιν,
828 1661 894 1762 ἑξῆς
912 1678 964 1743 καί
981 1673 1034 1752 τάς
1050 1687 1194 1756 γυναῖκας
1212 1675 1315 1744 αὐτῶν

65 1763 119 1833 ἕως
132 1755 242 1843 Γάζης,
256 1760 307 1823 καί
320 1763 351 1824 ολ
362 1755 567 1834 Καππάδοκες
578 1763 609 1824 υί
621 1758 669 1836 ἐξ·
704 1760 756 1826 καί
772 1756 812 1826 τά
828 1763 918 1826 τ’έκνα
931 1757 1041 1826 αὐτῶν.
1069 1758 1106 1825 οὐ
1118 1761 1313 1846 κατελίπομεν

64 1838 200 1918 ελθόντες
216 1846 249 1908 ἐκ
265 1844 491 1919 Καππαδοκίας
509 1843 669 1928 ἕξέτριψαν
704 1846 845 1930 ζωγρίυνι
877 1842 998 1947 33πλήν
1015 1839 1055 1909 τά
1072 1841 1165 1929 κτήνη
1181 1849 1313 1949 ίπρονο-

64 1923 190 2001 αύτούς,
211 1928 264 1991 καὶ
281 1933 516 2013 κατῳκίσθησαν
532 1923 594 1992 ἀντ’
610 1923 667 1992 αὖ·
702 1924 860 2010 μεύσαμεν,
885 1929 936 1992 καί
948 1951 987 1992 τα
1002 1927 1098 1994 σκῦλα
1116 1933 1178 1995 τῶν
1193 1929 1314 1994 πολεων

62 2013 131 2073 τῶν.
161 2008 193 2052 ²²
207 2015 259 2076 νῦν
277 1997 333 2074 σύν
349 2006 499 2094 ἀνάστητε
517 2011 568 2075 καλ
585 2005 667 2075 άπά-
704 2005 847 2097 ἐλάβομεν
872 2010 902 2052 33
915 2012 947 2087 ἐξ
960 2007 1084 2098 Ἀρσήρ,
1107 2007 1207 2096 ήέστι
1225 2010 1314 2116 παρόν

63 2115 148 2178 ρατε,
173 2093 227 2158 καί
249 2093 416 2178 παρελθετε
439 2091 518 2175 ὑμεῖς
534 2089 590 2175 τήν
607 2089 669 2175 φά-
704 2090 740 2156 τὸ
774 2093 854 2169 εῖλος
870 2089 1026 2196 χεῳιάβρου
1044 2094 1168 2182 Ἀρνῶν,
1194 2095 1246 2160 καί
1257 2118 1314 2179 την

64 2199 160 2260 ραγγα
181 2173 304 2261 Ἀρνῶν.
331 2173 396 2240 idm)
414 2175 616 2261 παραδέδωκα
629 2179 669 2248 είς
704 2119 792 2240 πόόν
809 2172 865 2259 τήν
876 2201 972 2242 ουσαν
985 2181 1016 2245 ἒν
1029 2183 1066 2281 τῇ
1079 2172 1230 2264 φάραγγι,
1259 2178 1314 2242 καί

63 2255 117 2332 τὰς
135 2255 233 2345 χεῖράς
251 2282 307 2323 σου
318 2255 372 2323 τόν
382 2256 472 2344 Σηὼν
483 2257 609 2345 βασιλέα
618 2254 670 2321 'E-
706 2262 769 2347 ἕσαςΙ
779 2255 867 2345 όρους
883 2263 939 2322 τοῦ
953 2260 1091 2328 Γαλααδ.
1118 2259 1173 2326 οὐκ
1185 2257 1312 2346 ἐγενήθη

64 2340 159 2444 σεβών
179 2337 232 2404 τόν
252 2338 445 2425 Ἀμορραίαν,
471 2340 523 2404 καί
540 2338 596 2442 τήν
614 2343 670 2422 γήν
704 2334 794 2414 πόλις
810 2335 875 2424 ήτις
890 2335 1022 2422 διὲφυγεν
1034 2340 1120 2427 ἡμᾶς.
1145 2339 1198 2419 τάς
1209 2341 1313 2419 πάσας

66 2426 173 2486 αυτοῦ.
188 2419 313 2507 ἐνάρχου
326 2425 455 2507 κληρονσ
475 2433 527 2487 εῖν.
541 2445 671 2486 ουναπτε
706 2422 862 2506 παρέδωκε
879 2418 979 2507 κύριος
997 2421 1014 2486 ό
1032 2424 1102 2497 θεὸς
1116 2422 1196 2524 ήμῶν
1209 2424 1314 2501 εἰςτὰς

65 2502 145 2593 πρὸς
166 2501 258 2568 αὐτόν
277 2501 406 2585 πόλεμον
430 2506 445 2544 ²
475 2506 506 2566 ἐν
524 2506 560 2594 τῇ
580 2500 671 2585 ἡμέρῳ
706 2512 806 2587 χεῖρας
820 2500 909 2585 ήμῶν.
932 2505 960 2545 33
972 2501 1049 2587 πλήν
1063 2509 1150 2583 ἐγγυς
1164 2503 1314 2589 υῖῶνἏμ-

63 2584 172 2681 ταύτη.
212 2581 337 2671 ἐνάρχου
363 2587 466 2654 δοῦναι
487 2581 540 2650 τὸν
564 2579 673 2670 τρόμον
706 2584 766 2669 μάν
779 2583 815 2649 οὐ
829 2579 1050 2672 προςήλθομεν,
1074 2583 1177 2652 πάντα
1190 2584 1229 2652 τό
1242 2613 1315 2666 συγ-

65 2699 120 2737 σου
137 2668 257 2740 καὶτὸν
270 2665 366 2755 φόβον
379 2695 434 2735 σου
447 2663 673 2754 ἕπίπροςοίπου
707 2687 749 2733 κυ·
784 2672 856 2734 ῦντα
881 2665 1036 2756 χειμάρρου
1063 2668 1164 2759 Ἰαβόκ
1184 2673 1236 2737 καί
1257 2670 1313 2748 τάς

63 2752 188 2820 πάντων
201 2758 261 2819 τῶν
274 2757 372 2818 ἐθνῶν
383 2757 444 2819 τῶν
458 2748 601 2818 ὑποκάτω
615 2756 672 2816 τοῦ
706 2693 807 2828 πόλόις
824 2751 877 2829 τάς
894 2757 925 2819 ἐν
942 2759 979 2850 τῇ
992 2753 1097 2850 ὀρεινῇ,
1125 2752 1237 2821 καθότι
1251 2760 1313 2823 ἐνε-

65 2836 205 2924 οόρανσῦ,
225 2842 260 2903 οἵ
269 2863 342 2912 τινες
355 2833 538 2913 ἀκούσαντες
550 2833 585 2902 τό
600 2833 670 2900 όνο-
705 2837 825 2903 τειλατο
845 2833 947 2924 κύριος
970 2835 1072 2915 όθεός
1088 2838 1167 2924 ήμῶν
1181 2838 1255 2924 ήμῖν.

64 2920 106 3004 μά
130 2947 185 2986 σου
203 2917 464 3008 ταραχθήσονται,
490 2922 542 2985 καί
561 2918 670 2993 ὠδῖνας
891 2928 966 2987 ΚΒ
981 2927 1018 2986 Φ.
1073 2920 1126 2986 Γ.

65 3008 179 3081 ἕξουσιν
205 3003 267 3070 άπὸ
292 3001 456 3092 προςτάπου
477 3030 543 3070 σου.
575 3005 605 3046 ²⁶
618 3003 670 3068 καί
704 2971 787 3070 Καὶ
812 3005 1038 3091 ἐπιστραφέντες
1069 3004 1211 3093 άνέβημεν
1240 3002 1311 3074 όδόν

67 3085 228 3153 ἀπέστειλα
256 3091 391 3194 πρέσβεις
417 3091 450 3153 ἐκ
476 3093 529 3174 τῆς
555 3083 668 3175 ἐρήμου
704 3086 759 3173 τήν
775 3093 814 3165 εἰς
827 3085 945 3155 Βασάν.
973 3092 1023 3155 καὶ
1041 3091 1165 3175 ἐξῆλθεν
1176 3088 1238 3169 Ὢγ
1253 3094 1311 3177 βα-

67 3169 223 3254 Κεδαμώθ
241 3198 317 3258 προς
334 3171 424 3255 Σηών
440 3172 566 3258 βασιλέα
585 3169 668 3236 'Eat-
704 3170 797 3249 σιλεὺς
810 3171 981 3258 τήςΒασόιν
994 3179 1032 3248 εἷς
1047 3170 1219 3258 συνάντησιν
1231 3171 1310 3258 ήμίν,

64 3252 125 3341 βιόν
137 3250 238 3332 λόγοις
251 3261 412 3340 εἰρηνικοῖς,
426 3255 529 3331 λέγων.
548 3257 578 3298 ²⁷
587 3280 668 3338 παρ·
704 3252 794 3330 αὐτὸς
807 3259 857 3320 καὶ
869 3261 929 3330 πᾶς
943 3253 960 3318 ὁ
973 3256 1046 3331 λαός
1058 3256 1155 3321 αὐτοῦ
1167 3263 1206 3331 είς
1218 3255 1310 3322 πόλε-

65 3334 221 3417 ελεύσομαι
234 3337 282 3400 διὰ
295 3341 348 3418 τῆς
360 3341 414 3419 γής
428 3362 490 3400 σου.
511 3341 542 3402 ἕν
554 3341 592 3433 τῇ
605 3334 667 3401 ὁδῶ
702 3363 759 3421 μον
772 3342 811 3411 εἷς
820 3336 956 3421 Ἐδραίμ.
971 3340 1042 3401 3καὶ
1054 3335 1115 3403 εἶπε
1125 3335 1225 3423 κύριος
1233 3339 1311 3424 πρὸς

65 3414 265 3502 πορεύσομαι,
292 3416 347 3480 οὐκ
362 3417 482 3482 ἐκκλινῶ
493 3417 573 3494 δεξιόν
599 3416 636 3483 ού
703 3421 748 3504 μέ.
773 3416 813 3503 μή
840 3422 978 3505 φοβηθῇς
1001 3416 1109 3497 αότόν,
1136 3416 1182 3483 ότι
1199 3423 1238 3495 εἷς
1256 3421 1311 3496 τὰς

66 3484 220 3586 ἀριστερά.
234 3501 265 3541 ²⁸
275 3494 421 3601 βρώματα
434 3496 578 3586 ἀργυρίου
590 3498 670 3566 ἀπο·
703 3497 800 3588 χεῖράς
826 3527 884 3567 σου
901 3490 1103 3603 πάραδέδιοκα
1122 3499 1233 3579 αὐτόν,
1260 3504 1310 3567 καί

66 3579 149 3665 δαίση
161 3608 221 3666 μοι,
235 3583 287 3647 καί
299 3606 443 3663 φαγομαι.
457 3582 509 3645 καί
522 3578 602 3667 ὕδωρ
616 3580 671 3666 σἰρ-
703 3581 806 3650 πάντα
831 3582 885 3650 τόν
907 3584 985 3650 λαον
1004 3581 1115 3661 αὐτοῦ,
1142 3587 1194 3649 καί
1209 3589 1310 3653 πᾶσαν

65 3657 172 3752 γυρίου
198 3661 347 3746 άποδιόση
371 3689 437 3745 μοι,
478 3663 529 3727 καί
556 3669 670 3743 πίομαι.
704 3665 760 3747 τήν
785 3671 842 3750 γῆν
867 3663 969 3731 αύτοῦ.
997 3668 1048 3731 καί
1065 3662 1197 3751 ποιήσεις
1215 3666 1308 3753 αύτῷ,

67 3751 147 3835 πλήν
179 3745 226 3815 ότι
253 3737 474 3833 παρελεύσομαι
499 3755 565 3820 τοῖς
589 3745 672 3821 ποσί,
706 3745 801 3831 ὥςπερ
814 3747 1052 3848 ἐποίησαςΣηὼν
1063 3751 1181 3837 βασιλεῖ
1189 3755 1250 3818 τῶν
1258 3749 1306 3818 'A-

68 3835 98 3874 '¹⁹
111 3832 216 3909 καθὼς
230 3825 375 3915 ἐποίησάν
385 3856 437 3915 μοι
451 3833 483 3895 ολ
496 3832 558 3895 υἱοί
569 3826 673 3894 Ἡσαῦ
704 3830 865 3916 μοβραίων,
875 3830 908 3906 ὸς
916 3829 1040 3916 κατῴκει
1050 3836 1081 3898 ἐν
1090 3831 1228 3921 Ἐσεβιόν.
1239 3837 1309 3903 3καί

67 3919 98 3980 σί
110 3920 315 3991 κατοικοῦντες
328 3921 358 3982 ἐν
369 3915 469 4001 Σηεὶρ,
483 3914 534 3979 καί
547 3919 576 3978 οἱ
588 3919 672 3980 Μω-
704 3914 876 3999 παρέδωκεν
893 3911 985 3980 αὐτόν
1000 3911 1098 4001 κύριος
1111 3913 1128 3981 ὃ
1141 3915 1213 3994 θεός
1226 3913 1309 4004 ἡμῶν

69 4004 169 4104 ῳβῖται
187 4004 218 4065 σί
231 4003 440 4073 κατοικοῦντες
453 3994 600 4102 ίνἎροήρ
616 4002 670 4072 ἕως
704 4002 743 4075 εἷς
755 3997 809 4074 τὰς
819 3993 1020 4100 χεῖραςιήμῶν,
1033 3998 1214 4082 καίτὸνὪγ
1221 4007 1308 4090 βασι.

68 4111 106 4183 αρν
118 4084 268 4187 πῳρελθω
278 4081 330 4148 τὸν
340 4076 496 4229 Ἰρρδάνηυ
504 4085 543 4156 εἷς
552 4105 605 4166 την
615 4085 671 4164 γῆν
703 4083 757 4148 λέα
769 4086 824 4165 τῆς
835 4084 963 4160 Βασαν,
988 4084 1040 4148 καὶ
1051 4083 1153 4152 πάντα
1165 4086 1220 4153 τὸν
1233 4085 1308 4150 λαὸν

69 4165 106 4248 ην
123 4194 222 4275 κυριος
241 4165 259 4232 ό
275 4166 348 4242 θεὸς
366 4169 449 4249 ημῶν
485 4161 668 4249 ίδιοσινήμῖν.
704 4163 808 4230 αὐτοῦ.
833 4168 884 4232 καί
909 4161 1095 4253 ἰπατάξαμεν
1116 4168 1223 4242 αὐτόν,
1252 4173 1308 4244 ἑῳς

68 4250 99 4293 ³⁰
117 4276 169 4315 και
191 4248 247 4316 οὔκ
271 4246 401 4334 ήθεληοε
422 4246 511 4331 Σηών
532 4246 669 4335 βασιλεὺς
702 4253 757 4312 τοῦ
785 4244 826 4333 μή
856 4250 1030 4318 καταλιπεῖν
1055 4249 1153 4319 αὐτοῦ
1179 4253 1307 4333 σπέρμα.

63 4332 192 4418 Ἐσεβάν
214 4335 376 4418 παρελθεῖν
400 4327 475 4434 ήμᾶς
498 4328 533 4396 δι’
561 4329 668 4405 αὐτοῦ,
701 4328 775 4396 4καί
788 4330 987 4422 ἐκρατήσαμεν
998 4339 1107 4399 πασῶν
1119 4327 1308 4396 τῶνπόλεονν

66 4412 113 4481 ότι
132 4413 287 4500 ε’σκλήρυνε
299 4413 399 4500 κύριος
412 4442 431 4480 ο
442 4414 514 4489 θεὸς
529 4412 610 4499 ἡμῶν
630 4410 667 4478 τό
702 4411 796 4480 αύτοῦ
809 4418 840 4482 ἒν
851 4420 895 4499 τῷ
909 4420 1003 4500 καιρῷ
1015 4417 1123 4515 ἐκείνῳ.
1137 4402 1191 4476 ούκ
1203 4402 1239 4495 ἦν
1248 4408 1305 4509 πό-

66 4504 178 4582 πνεῦμα
189 4497 294 4574 αὐτοῦ,
304 4500 356 4563 καί
367 4503 520 4580 κατίσχυσε
529 4496 584 4579 τήν
593 4523 666 4581 καρ-
700 4497 755 4572 λις,
769 4494 806 4581 ἣν
816 4495 1022 4641 ούιῳβλάβομεν
1031 4519 1095 4578 παρ
1116 4492 1225 4556 αὐτῶν.
1240 4494 1307 4571 ἑξη-

913 4599 931 4642 2
1213 4593 1307 4635 κοντα
