2924 4972
452 213 758 271 JEZEKIHA
799 209 1022 291 σημήϊον.
1298 223 1359 293 931

121 327 180 388 τῶν
203 325 314 407 ίερὲων,
330 329 432 407 Ιμήκος
453 326 542 388 πέντε
561 325 612 388 καὶ
634 323 725 388 εἴκοσι
758 320 1366 414 Λευιτῶν,άπότῆςκατασχέσεωςτήςπό-

117 404 251 493 χιλιάδες,
265 409 317 484 καὶ
329 397 415 491 ειὶρος
428 407 499 470 δέκα
511 401 646 490 χιλιάδες.
665 409 727 471 πάν
757 404 829 481 λεως
841 409 962 490 ἐνμέσῳ
973 411 1034 474 τῶν
1045 406 1270 513 άφιχγουμένων,
1281 416 1366 479 ἔσται

117 488 154 554 τό
167 495 261 594 μῖχκος
285 494 373 555 πέντε
399 492 449 553 καὶ
473 491 565 555 εἴκοσι
591 485 726 573 χιλιάδες,
757 488 909 572 άναμέσον
922 494 986 555 τῶν
1000 492 1092 576 ὁρίων
1109 493 1213 570 Ιοόδα,
1227 499 1278 560 καὶ
1290 495 1365 562 άνα-

119 575 170 638 καὶ
182 599 267 658 ευρος
286 575 376 638 εἴκοσι
392 569 525 656 χιλιάδες.
551 572 727 657 14οιίπρα·
756 577 847 655 μέσον
860 576 921 637 τῶν
938 569 1031 658 ὁρίων
1048 578 1213 659 Βενιαμὶν,
1240 582 1291 644 καὶ
1303 584 1365 645 τῶν

117 653 244 741 θήσεται
258 658 288 731 έξ
301 655 400 721 αὐτοῦ
413 654 482 721 οὐδὲ
496 652 726 741 καταμετρηδή-
758 655 973 739 άφηγσυμένων
984 659 1075 722 ἔσται.
1111 661 1141 700 ²³
1154 661 1205 723 καὶ
1216 659 1252 724 τά
1265 687 1365 746 περισ-

117 765 211 815 σεται,
222 736 293 804 οὐδὲ
306 737 538 825 ἀφαιρεθήσεται
551 738 591 805 τά
602 764 726 824 πρωτο·
758 737 813 804 σόν
825 744 888 804 τῶν
902 739 1022 821 φυλῶν,
1048 739 1113 808 άπὸ
1126 746 1188 815 τῶν
1199 743 1276 828 πρὸς
1289 744 1365 810 άνα-
1422 747 1424 752 ’

115 818 279 907 γεννήματα
292 828 345 924 της
357 829 425 907 γῆς,
449 821 495 888 ότι
509 820 596 902 άγισν
607 825 670 887 ἐστὶ
681 826 725 906 τῷ
756 822 848 897 τολάς
861 827 917 897 ἕως
928 827 991 891 τῶν
1002 824 1079 911 πρὸς
1089 820 1245 893 θάλασσαν
1255 833 1366 893 Βενια-

116 911 217 989 κυρίῳ.
254 908 281 949 ¹⁵
295 933 349 983 τας
368 907 401 972 δὲ
417 911 504 973 πέντε
519 904 655 992 χιλιάδας
671 904 726 983 τάς
755 907 817 989 μὶν,
829 913 892 989 μία.
930 905 962 948 ²⁴
975 909 1027 972 καὶ
1040 906 1105 974 άπδ
1123 913 1185 976 ταῖν
1198 906 1291 997 ὁρίων
1304 916 1366 978 τοῖν

116 986 255 1074 περισσάς
271 992 321 1055 ἰπὶ
333 995 379 1073 τῷ
391 989 496 1056 πλάτει
510 993 561 1055 ἐπὶ
574 1001 641 1066 ταῖς
652 992 726 1056 πέν-
756 991 899 1073 Βενιαμὶν
925 988 989 1055 ἀπὸ
1014 997 1075 1058 τῶν
1100 991 1177 1080 πρός
1202 993 1365 1072 ἀνατολάς,

115 1098 147 1138 τε
160 1077 211 1138 καὶ
230 1075 319 1138 εἴκοσι
336 1072 463 1157 χιλιάσι,
488 1079 681 1161 προτείχισμα
693 1076 725 1138 έν·
757 1078 812 1148 ἕως
825 1078 887 1139 τῶν
899 1072 977 1160 πρὸς
989 1070 1153 1143 θάλασσαν
1161 1076 1363 1163 Συμεάν,μία.

116 1181 186 1221 σται
201 1161 240 1247 τῇ
257 1152 342 1221 πόλει
365 1161 404 1232 είς
423 1155 479 1241 τήν
498 1162 655 1223 κατοικίαν
672 1159 724 1222 καὶ
756 1159 785 1200 ²⁵
800 1159 852 1222 καὶ
873 1154 938 1222 άπὸ
960 1163 1023 1222 τῶν
1045 1158 1135 1245 ὁρίων
1158 1166 1220 1228 τῶν
1239 1157 1364 1245 Συμειὶν

115 1243 154 1314 εὶς
166 1235 314 1323 διάστημα
328 1237 434 1304 αὐτοῦ.
473 1242 524 1306 καὶ
537 1235 723 1324 ε”σταιήπό-
755 1237 819 1305 άπὸ
844 1243 905 1305 τῶν
929 1239 1006 1325 πρὸς
1032 1238 1201 1322 ἀνατολάς,
1226 1250 1281 1320 ἕως
1304 1249 1365 1311 τῶν

115 1322 205 1397 λιςέν
219 1325 303 1405 μέσῳ
323 1321 430 1400 αὑτοῦ,
459 1326 489 1366 ¹⁶
508 1326 670 1390 καὶταῦτα
683 1320 723 1388 τά
755 1320 832 1409 πρὸς
844 1319 1009 1389 θάλασσαν
1019 1322 1171 1412 Ἰσσάχαρ,
1182 1335 1247 1410 μία.
1269 1329 1299 1372 ²⁶
1312 1330 1364 1395 καὶ

114 1409 209 1490 μέτρα
222 1405 323 1491 αὐτῆς.
349 1400 413 1472 άπό
426 1403 722 1494 τῶνπρόςΒοῤῥάν,
754 1403 820 1471 άπὸ
847 1410 909 1473 τῶν
934 1405 1028 1494 ὁρίων
1047 1414 1108 1475 τῶν
1130 1407 1270 1498 Ἰσσάχαρ
1295 1407 1361 1477 άπό

114 1485 306 1555 πεντακόσιοι
331 1491 382 1554 καὶ
409 1491 646 1575 τετρακιςχίλισι,
670 1491 723 1556 καὶ
754 1493 816 1555 τῶν
840 1489 916 1576 πρὸς
941 1489 1108 1571 άνατολάς,
1122 1498 1177 1570 ἕως
1200 1500 1261 1560 τῶν
1284 1490 1363 1580 πρός

115 1571 178 1637 άπὸ
192 1576 254 1638 τῶν
266 1572 343 1656 πρὸς
355 1569 461 1639 Νότον
473 1571 658 1641 πεντακόσιοι
672 1575 723 1639 καὶ
754 1571 917 1641 θάλασσαν
929 1570 1115 1662 Ζαβουλὼν,
1137 1583 1199 1660 μία.
1225 1580 1311 1644 27καὶ
1323 1577 1363 1643 ά-

114 1658 207 1721 τέσσα
227 1681 254 1731 ες
265 1652 404 1741 χιλιάδες,
430 1658 482 1721 καὶ
495 1656 557 1723 άπὸ
572 1663 634 1724 τῶν
646 1656 723 1746 πρὸς
753 1654 796 1722 πό
822 1661 885 1723 τῶν
909 1655 1003 1745 ὁρίων
1024 1663 1085 1724 τῶν
1106 1658 1271 1747 Ζαβουλάν
1296 1658 1360 1727 σίπό

114 1682 281 1818 ἀνατολάς,
304 1739 496 1807 πεντακόσιοι
515 1744 566 1806 καὶ
582 1745 723 1828 τέσσαρες
754 1744 817 1805 τῶν
839 1737 916 1825 πρός
940 1738 1171 1822 άνατοὶιὶς,έἰσς
1195 1748 1259 1810 τάν
1282 1741 1362 1831 πρός

111 1818 255 1908 χιλιάδες,
279 1827 330 1889 καὶ
351 1821 414 1890 άπὸ
428 1829 489 1890 τῶν
507 1821 722 1911 πρὸςθάλασ-
753 1819 916 1889 θάλασσαν
928 1828 963 1887 Γ
959 1825 1008 1901 άδ,
1033 1832 1098 1907 μία.
1121 1824 1286 1892 28καὶάπό
1299 1831 1362 1893 τῶν

114 1932 171 1972 σαν
176 1957 187 1985 ,
226 1909 472 1994 τετρακιςχιλίους
496 1915 719 1982 πεντακοσίους.
753 1903 845 1992 ὁρίων
864 1912 927 1973 τῶν
945 1907 1016 1972 Γὰδ
1035 1906 1098 1975 άπὸ
1114 1914 1176 1974 τῶν
1195 1907 1273 1997 πρὸς
1285 1908 1359 1976 ἄνα--

115 1992 302 2058 17καὶὲσται
319 1992 468 2077 διάστημα
488 1997 526 2086 τῇ
545 1989 630 2058 πόλει
642 1987 720 2080 πρός
752 1986 854 2066 τολάς,
868 1993 923 2066 ἕως
936 1995 997 2056 τῶν
1008 1991 1187 2081 πρὸςΑίβα.
1212 1995 1263 2061 καὶ
1277 1997 1362 2060 ἔσται

112 2076 239 2159 Βορρὶᾶν
267 2076 414 2142 διακόσιοι
439 2072 641 2158 πεντήκοντα,
668 2077 720 2141 καὶ
751 2070 791 2140 τά
806 2071 875 2159 ὅρια
888 2072 984 2142 αὐτοῦ
998 2073 1061 2142 άπὸ
1080 2076 1208 2160 Θαιμάν,
1221 2080 1274 2144 καὶ
1286 2076 1358 2143 ὶὶδα-

110 2156 188 2241 πρὸς
203 2154 311 2222 Νότον
329 2155 476 2225 διακόσιοι
494 2161 545 2223 καὶ
557 2154 717 2243 πεντήκον-
751 2181 802 2232 τος
827 2156 972 2244 βαριμιὶιθ
996 2156 1116 2244 Κάδης,
1151 2162 1189 2227 κλ
1206 2169 1360 2246 ρανομίας,

110 2265 162 2316 τα,
174 2241 226 2304 καὶ
238 2237 314 2325 πρὸς
327 2239 476 2315 ἀνατολάς
488 2239 637 2306 διακόσιοι
648 2265 718 2305 πεν-
752 2244 808 2313 ἕως
820 2244 874 2321 τῆς
885 2237 1009 2306 θαλάσσ
1029 2268 1043 2315 ς
1053 2248 1106 2325 τῆς
1116 2189 1252 2347 μεγάλης.
1267 2240 1360 2308 29αὶί-

110 2313 255 2406 τήκοντα,
283 2318 423 2409 καὶπρὸς
437 2321 599 2388 ίὶάλασσαν
612 2319 717 2387 διακό-
752 2319 819 2404 τηή
841 2325 892 2404 γῆ,
918 2318 955 2404 ἣν
975 2268 1093 2409 βαλεῖτε
1114 2329 1147 2390 ἒν
1170 2325 1271 2409 κλήρῳ
1293 2336 1361 2402 ταῖς

111 2432 170 2470 σισι
189 2399 384 2489 πεντήκοντα.
418 2406 447 2447 ¹⁸
460 2406 511 2471 καὶ
528 2404 564 2471 τό
577 2404 718 2511 περισσὸν
753 2401 862 2486 φυλαῖς
872 2409 928 2469 τοῦ
939 2402 1070 2490 Ἰσραήλ.
1085 2409 1136 2472 καὶ
1148 2399 1235 2474 οὗτοι
1248 2409 1281 2473 οὶ
1293 2409 1358 2474 δια-

111 2493 169 2552 τσῦ
189 2485 301 2572 μήκους
318 2487 355 2554 τό
374 2483 509 2573 ἐχόμενον
528 2494 589 2554 τῶν
614 2515 717 2595 απαρ-
751 2489 887 2575 μερισμοὶ
912 2486 1024 2564 αὐτῶν,
1049 2488 1125 2566 λέγει
1151 2489 1253 2578 κάρτος
1277 2489 1357 2569 θεός.

110 2577 172 2677 χιόν
198 2576 259 2638 τῶν
280 2570 375 2651 ἁγίων
401 2574 474 2638 δέκα
492 2570 618 2675 χιλιάδες
642 2599 719 2658 προς
752 2573 783 2614 ³⁰
796 2573 847 2636 καὶ
859 2563 951 2636 αὗται
966 2575 999 2636 αὶ
1015 2572 1166 2660 διεκβολαὶ
1178 2581 1232 2659 τῆς
1243 2572 1359 2653 πόλεως

111 2655 272 2730 ανατολάς,
285 2657 337 2721 καὶ
345 2657 418 2721 δέκα
427 2656 552 2741 χιλιαδες
565 2654 642 2742 πρός
655 2650 718 2722 δά·
752 2660 786 2721 αὶ
809 2651 886 2740 πρὸς
910 2658 1051 2742 Βορῥᾶν,
1063 2657 1283 2742 τετρακιςχίλισι
1308 2662 1360 2725 καὶ

109 2741 235 2815 λασσαν.
262 2741 314 2803 καὶ
326 2743 448 2805 ἔσονται
466 2745 500 2806 αὶ
512 2738 650 2826 άπαρχαὶ
663 2743 719 2806 τοῦ
751 2733 942 2804 πεντακόσιοι
963 2742 1072 2825 μέτρω.
1098 2742 1125 2784 ³¹
1137 2746 1188 2807 καὶ
1210 2742 1244 2808 αὶ
1264 2738 1359 2807 πάλαι

110 2821 208 2900 ἁγίου,
221 2823 272 2887 καὶ
285 2825 371 2889 ἔσται
389 2819 429 2891 τά
446 2820 612 2907 νεννήματα
625 2822 718 2927 αὖτής
751 2826 804 2907 τῆς
816 2817 949 2899 πόλεως,
974 2825 1019 2888 ἐπ’
1040 2805 1166 2907 δνόμασι
1186 2824 1290 2908 φυλῶν
1303 2829 1358 2890 τοῦ

110 2910 150 2981 εὶς
162 2904 271 2991 άρτους
284 2917 348 2982 τοῖς
365 2909 572 2992 ἐργαζομένοις
590 2906 718 2992 τήνπυ-
747 2902 794 2971 Ἰσ
813 2903 882 3009 αήλ.
913 2901 1006 2972 πάλαι
1028 2919 1104 2994 τρεῖς
1125 2907 1357 3016 πρὸςΒορχὶᾶν,

111 2990 165 3055 λιν.
196 2990 270 3055 19οὶ
291 2990 325 3054 δὲ
348 2987 532 3076 ίργαζόμενοι
553 2987 607 3075 τήν
627 2987 718 3057 πόλιν
751 2931 834 3072 πάλη
849 2989 980 3076 Ρουβήν,
991 2997 1054 3074 μία.
1092 2993 1144 3057 καὶ
1155 2988 1358 3117 πόλχἸσυδα,

111 3071 602 3159 ε’ργῶνταιαδτήνὲκπασῶντιόν
615 3074 718 3155 φυλαῖν
751 3079 814 3158 μία.
853 3074 905 3138 καὶ
920 3070 1000 3158 πάλη
1011 3074 1104 3152 Λευὶ,
1121 3080 1184 3160 μία.
1253 3080 1305 3144 καὶ
1317 3073 1357 3141 τά

110 3163 168 3222 τσῠ
179 3151 311 3242 Ἰσραήλ.
338 3160 369 3202 ²⁰
379 3156 492 3242 πάσαή
507 3156 716 3245 άπαρχή,πέν-
750 3153 825 3243 πρὸς
835 3154 989 3233 ἀνατολάς
1003 3157 1222 3245 τετρακιςχίλιοι
1231 3160 1283 3225 καὶ
1290 3185 1358 3229 πεν·

110 3266 140 3305 τε
158 3242 210 3305 καὶ
231 3243 324 3306 εἴκοσι
344 3241 469 3327 χιλιάδες
491 3243 542 3308 ἐπὶ
562 3246 649 3309 πέντε
667 3243 717 3308 καὶ
750 3239 895 3307 τακόσιοι.
921 3243 972 3306 καὶ
984 3237 1079 3309 πάλαι
1090 3255 1177 3329 τρεῖς,
1196 3240 1278 3328 πάλη
1288 3241 1358 3310 ’Im-

108 3326 202 3391 εἴκοσι
213 3321 355 3409 χιλιάδας.
382 3322 568 3432 τετράγωνον
580 3325 717 3412 άφοριεῖ·
750 3322 822 3407 σήφ,
833 3331 896 3408 μία.
923 3328 974 3391 καὶ
1000 3323 1080 3410 πάλη
1105 3329 1266 3407 Βενιαμὶν,
1291 3333 1355 3408 μία.

108 3434 141 3474 τε
153 3405 253 3473 αὐτοῦ
265 3406 320 3490 τήν
330 3407 469 3493 ἆπαρχην
478 3415 534 3476 τοῦ
547 3408 715 3487 ἆγίου,άπό
749 3411 801 3472 καὶ
811 3405 892 3489 πάλη
907 3407 989 3482 Δάν,
1015 3415 1078 3489 μία.
1106 3408 1136 3450 ³³
1151 3408 1202 3471 καὶ
1220 3404 1259 3471 τά
1279 3405 1356 3493 πρός

106 3496 159 3576 τής
172 3493 375 3572 κατασχέσεως
388 3497 441 3570 τῆς
451 3491 575 3565 πόλεως.
601 3488 670 3554 21τὶν
683 3490 716 3556 δὲ
749 3483 855 3553 Νότον
871 3489 1091 3574 τετρακιςχίλισι
1104 3490 1155 3554 καὶ
1167 3485 1357 3555 πεντακόσιοι

106 3570 252 3678 περισσόν
263 3575 308 3652 τῷ
325 3569 521 3655 άφηγουμένῳ
541 3574 574 3635 έκ
592 3567 714 3638 τοότου.
747 3574 855 3658 μέτρῳ.
869 3571 921 3636 καὶ
932 3567 1025 3638 πάλαι
1034 3580 1121 3657 τρεῖς,
1130 3567 1210 3655 πάλη
1220 3570 1354 3656 Συμεαὶν,

107 3682 160 3720 και
173 3647 329 3719 έκτσότου
343 3651 406 3717 άπὸ
428 3658 488 3720 τῶν
501 3651 717 3738 άπαρχῶντοῦ
747 3659 811 3737 μία.
840 3656 892 3719 καὶ
904 3649 983 3739 πάλη
994 3649 1117 3740 Ἰσσάχα
1136 3661 1218 3739 ,μία
1232 3657 1285 3720 καὶ
1296 3683 1355 3721 πυ-
1449 3741 1452 3744 ᾗ

107 3735 205 3817 όιγίσυ,
218 3737 270 3801 καὶ
282 3740 321 3812 είς
333 3732 387 3821 τήν
401 3732 577 3822 κατάσχεσιν
590 3741 643 3821 τής
655 3733 715 3802 πό-
748 3737 785 3820 λη
809 3735 986 3824 Ζαβουλὼν,
1007 3744 1069 3819 μία.
1102 3740 1116 3781 ³
1145 3741 1196 3804 καὶ
1217 3738 1257 3804 τά
1278 3739 1354 3826 πρὸς

106 3822 178 3895 λεως
193 3822 242 3885 ἐπὶ
254 3822 342 3885 πέντε
354 3822 405 3886 καὶ
416 3823 505 3887 εἴκοσι
514 3819 646 3905 χιλιάδας
657 3824 715 3904 μή·
747 3815 909 3886 θάλασσαν
926 3823 1146 3907 τετρακιςχιλιοι
1171 3823 1224 3888 καὶ
1242 3847 1353 3888 πεντα-

106 3932 168 3982 κας,
183 3909 239 3980 ἕως
251 3908 312 3971 τῶν
320 3899 416 3990 ὁρίων
431 3909 493 3970 τῶν
511 3901 588 3989 πρὸς
601 3903 715 3969 άνατο-
747 3898 959 4008 κόσιοιμέτριρ.
984 3898 1079 3970 πάλαι
1088 3919 1174 3993 τρεῖς,
1184 3900 1264 3992 πάλη
1274 3904 1354 3985 Γάδ,

106 3990 161 4063 λας
172 3990 224 4054 καὶ
235 3984 313 4074 πρὸς
325 3982 494 4066 θάλασσαν,
504 3989 554 4053 ἐπὶ
566 3991 654 4056 πέντε
665 3989 715 4054 καὶ
744 3993 808 4070 μία.
835 3989 887 4054 καὶ
899 3985 980 4072 πυλη
988 3986 1111 4074 Ἀσσήρ,
1123 3994 1184 4072 μία.
1211 3993 1263 4056 καὶ
1271 3984 1353 4076 πάλη

106 4074 198 4137 εἴκοσι
217 4069 350 4156 χιλιάδας
379 4076 435 4148 έως
455 4076 518 4138 ταῖν
541 4066 632 4158 ὁρίων
654 4077 714 4137 τῶν
746 4071 930 4154 Νεφθαλὶμ,
957 4077 1020 4155 μία.
1054 4073 1084 4116 ³⁵
1097 4070 1257 4180 κάκλωρα,
1281 4074 1353 4138 δέκα

106 4154 183 4241 πρὸς
196 4150 368 4234 θάλασσαν,
382 4152 502 4241 ἐχόμενα
515 4160 578 4222 τῶν
585 4158 714 4262 μερίδων
746 4159 797 4222 καὶ
809 4152 891 4221 ὀκτά
909 4151 1044 4240 χιλιάδες.
1069 4157 1122 4222 καὶ
1137 4152 1173 4222 τό
1194 4182 1288 4240 ονομα
1299 4161 1353 4237 τῆς

106 4241 164 4304 τοῦ
177 4236 396 4320 ἀφηγουμένου.
421 4242 472 4306 καὶ
484 4242 565 4306 ἔσται
579 4267 597 4323 η
610 4239 712 4326 άπαρ-
745 4235 871 4316 πόλεως,
884 4236 935 4321 ἀφ’
950 4231 984 4324 ἧς
997 4238 1036 4306 άν
1048 4237 1158 4326 ἡμέρας
1168 4244 1303 4325 γένηται,
1321 4242 1352 4303 ἕ·

105 4318 141 4406 χή
155 4326 217 4386 τῶν
230 4318 323 4399 άγίων
335 4325 386 4388 καὶ
398 4320 434 4389 τό
448 4319 581 4405 ἇγίασμα
593 4327 651 4390 τοῦ
665 4325 710 4390 οί·
745 4323 863 4390 σταιτά
877 4322 972 4409 ὄνομα
985 4321 1088 4410 αὐτῆς.
1127 4384 1130 4390 .

105 4430 161 4470 κου
173 4408 298 4489 ἐνμέσῳ
312 4402 412 4488 αὐτῆς.
444 4410 473 4450 ²²
491 4408 543 4474 καὶ
554 4405 639 4495 παρά
652 4412 712 4473 τῶν

804 4573 895 4644 Νηυ
922 4594 941 4640 2
1274 4577 1350 4642 AA-
