2924 4972
113 224 178 289 298
280 223 577 288 ΒΑΣιΛισιιιΝ
601 221 775 283 mvn
818 217 1172 301 κισηιιδυῑννε.

111 365 167 422 ρας
179 336 283 402 αὐτοῦ.
310 339 336 380 ¹³
350 336 402 399 καί
414 333 470 399 εἶδε
482 333 595 406 Δαυίδ,
609 329 717 408 ὅτιίξ-
746 333 855 418 ἔβαλον
884 336 935 398 ἐπί
956 337 1056 400 Δαυὶδ
1075 339 1127 400 καί
1148 336 1221 411 τούς
1242 338 1353 424 ἀνδρας

113 424 227 505 ἔρχεται
240 415 346 483 Σαούλ
364 422 420 482 τού
438 419 531 498 ζητεῖν
543 411 598 480 τόν
610 415 715 479 Δαυίδ.
746 414 852 490 αὐτοῦ,
865 416 1019 502 συηαβεῖν
1033 414 1150 493 αὐτούς.
1175 421 1204 461 ²⁷
1214 423 1265 483 καί
1277 421 1353 506 πρὸς

112 507 162 567 καὶ
176 503 273 567 Δαυῖδ
284 491 319 584 ἦν
331 503 361 564 ἐν
377 504 422 584 τῷ
441 496 501 584 ἀρει
515 502 560 580 τῷ
572 492 716 582 αύχμύδιι
744 497 852 562 Σαούλ
864 485 954 581 ἦλθεν
967 498 1098 578 ἀγγελος,
1116 501 1218 579 λέγων.
1247 506 1353 570 σπεῦδε

112 588 142 649 ἐν
159 589 198 679 τῇ
209 588 311 666 Καινῆ
323 587 393 663 Ζίφ.
418 583 448 625 ¹⁰
460 583 511 646 καὶ
523 579 631 663 ἀνέστη
647 579 717 643 Ἰω-
746 582 797 644 καὶ
818 581 904 665 δεῦρο
913 628 924 656 ,
951 579 998 647 ὅέι
1021 579 1186 665 ἀλλόφυλοι
1208 587 1352 655 ἐπέθεντο

110 671 210 733 νάθαν
222 653 402 743 υἶδςἚαούλ
416 665 467 728 καί
479 659 628 749 ἐπορεύθη
640 660 717 748 πρὸς
746 665 796 728 ἐπὶ
808 661 862 746 τὴν
872 668 936 742 γ’ν.
966 665 997 707 ²⁸
1010 666 1062 729 καὶ
1074 664 1232 749 ἀνέστρεψε
1244 669 1352 737 Σαούλ

111 752 208 816 Δαυίδ
219 756 258 825 εἰς
270 748 380 832 καινὴν,
405 749 457 812 καί
470 750 651 832 ἐκραταίωσε
664 744 717 820 τάς
745 741 787 828 μὴ
811 691 1002 812 καταύιιύκειν
1027 745 1126 812 ὀπίσω
1152 749 1265 823 Λαυὶδ,
1300 755 1352 818 καὶ

110 846 155 919 χεῖ
172 860 207 909 ας
232 831 327 898 σύτοῦ
351 835 381 895 ἐν
404 835 506 914 κυρίῳ,
541 830 633 893 17καλ
656 827 717 892 εἶπε
746 823 896 933 ἐπορεύθη
908 833 948 905 εἰς
960 825 1129 913 συνάντησιν
1143 835 1203 895 τῶν
1215 829 1350 915 ἀλλοφύ-

110 859 188 1003 πρός
201 912 304 981 αὐτόν.
328 913 493 998 μηφοβοῦ,
506 907 552 976 ότι
565 909 653 994 υύμίη
667 909 717 976 εἶν’·
746 909 814 974 λων.
847 910 897 976 δια
920 915 1010 977 τοῦτο
1036 909 1186 998 ἒπεκληθη
1211 909 1229 976 ὀ
1255 911 1351 992 τόπος

111 1027 150 1084 ρη
164 1025 195 1065 σε
209 995 227 1082 ἦ
245 994 305 1083 χεὶρ
321 995 428 1061 Σαούλ
444 1000 499 1060 τοῦ
515 989 630 1099 πατρός
646 1019 715 1076 μου,
746 997 862 1071 ἐκεῖνος,
874 991 1004 1079 πέτραῆ
1022 1006 1203 1081 μερισθεῖσα.

110 1075 163 1158 κόιλ
181 1080 217 1148 σὺ
234 1077 413 1168 βασιλεύσεις
430 1080 481 1143 ἐπὶ
495 1075 635 1163 Ἰσραηλ,
665 1079 716 1141 καί
921 1083 955 1141 Κ
967 1084 996 1141 E
1009 1083 1047 1142 Φ.
1089 1076 1172 1147 KA‘.

111 1163 170 1243 ε’γιδ
182 1169 290 1246 ἔσομαί
299 1189 348 1228 σοι
359 1167 399 1237 είς
408 1157 552 1246 δεύτερον,
557 1157 716 1226 καίΣαούλ
746 1126 829 1225 Καὶ
841 1158 947 1243 ἀνέστη
958 1162 1057 1226 Δαυίδ
1067 1164 1193 1241 ἐκεῖθεν,
1218 1166 1268 1231 καὶ
1280 1165 1351 1230 {xoi-

111 1243 245 1351 ὀπατηρ
255 1272 312 1329 μου
322 1244 402 1310 οἶδεν
415 1239 520 1318 οὕτως.
551 1243 716 1308 11’καίδιί-
745 1253 832 1310 θισεν
848 1245 880 1307 ἓν
897 1255 960 1320 τοῖς
976 1256 1086 1320 στενοῖς
1102 1243 1247 1322 Ἐνγαδδί.
1272 1249 1352 1312 2ιιαλ

110 1341 202 1397 θεντο
228 1325 392 1414 ἀμφότεροι
418 1326 566 1411 διαθήκην
591 1328 716 1392 ἐνώπιον
747 1322 872 1411 ἐγενηθη
885 1323 926 1402 ὥς
938 1325 1099 1413 ἀνέστρεψε
1117 1329 1224 1393 Σαούλ
1241 1328 1303 1394 ἀπὸ
1316 1329 1351 1394 δ’·

110 1420 221 1522 κυρίου.
246 1415 299 1477 καί
308 1409 442 1494 ἐκάθητο
456 1410 554 1474 Δαυίδ
563 1413 595 1474 ἐν
607 1415 716 1500 Καινῇ,
746 1419 855 1474 πισθεν
867 1413 928 1473 τῶν
941 1405 1128 1490 ἀλλοφύλων,
1155 1413 1206 1476 καὶ
1219 1409 1351 1494 ἀπηγγέ-

109 1521 161 1560 και
176 1493 326 1559 Ἰωνόθαν
348 1492 483 1574 ἀπῆλθεν
505 1497 545 1566 είς
562 1490 643 1556 οἶκον
660 1501 716 1557 αῦ-
746 1491 783 1574 λη
796 1489 891 1573 αὐτῷ,
907 1490 1062 1561 λεγόντων.
1088 1491 1137 1558 ὅτι
1157 1496 1254 1559 Δαυὶδ
1270 1499 1301 1561 ἐν
1314 1501 1353 1588 τῇ

110 1583 175 1642 τοῦ.
201 1577 295 1640 19καί
317 1573 465 1660 ἀνέβησαν
486 1577 518 1637 ol
539 1578 663 1654 Ζιφαῖσι
684 1581 716 1641 ἐκ
746 1570 1008 1658 ἐριηιιμἙνγιιδδί.Ι
1035 1577 1113 1640 3καί
1131 1577 1220 1663 δλαβε
1259 1577 1301 1642 εθ’
1318 1581 1350 1642 ἑ-

109 1665 162 1743 της
185 1655 359 1744 αὐχμώδους
375 1655 452 1743 πρὸς
464 1653 571 1721 Σαούλ
593 1659 643 1722 ἐπὶ
661 1657 716 1724 τὸν
746 1662 841 1722 αυτοῦ
849 1669 925 1737 τρεῖς
934 1654 1066 1741 χιλιάδας
1077 1657 1191 1744 ἀνδρῶν
1201 1605 1351 1735 ἐκλάκτούς

110 1744 229 1819 Βουνὸν,
241 1743 380 1820 λέγοντες.
408 1737 463 1805 σύκ
476 1733 540 1803 wo&
555 1741 655 1806 Δαυίδ
665 1744 715 1806 κε’-
746 1742 778 1803 ίκ
790 1738 904 1815 παντὸς
913 1738 1050 1825 Ἰσραὴλ,
1076 1744 1129 1806 καὶ
1138 1739 1287 1829 ἐπορεύθη
1301 1745 1349 1846 ζη-

109 1851 238 1911 κρυπται
262 1852 287 1891 π
323 1823 332 1845 ’
361 1817 430 1908 ἡμῖν
455 1824 486 1886 ἒν
511 1822 662 1906 Μεσσαρά
686 1826 717 1889 ἐν
746 1834 804 1886 τεῖν
817 1822 994 1898 τὸνΛαυὶδ,
1020 1826 1072 1888 καί
1089 1824 1160 1902 τούς
1171 1826 1280 1911 ἀνδρας
1292 1851 1349 1889 αυ·

109 1920 173 1983 τοῖς
187 1919 297 1984 στενοῖς
351 1909 504 1996 τῇΚαινῇ
517 1907 602 2010 ἐντοξ
614 1909 716 1992 βουνῷ
747 1907 864 1970 τοῦέπὶ
879 1902 1041 1991 πρόςωπον
1058 1909 1216 1992 Σαδδαιίμ.
1268 1908 1351 1974 4καί

18 2063 20 2067 ,
112 1996 164 2056 τοῦ
176 1989 279 2117 Ἐηηλᾶ
292 1995 349 2057 τοῦ
368 1996 400 2057 ἐκ
412 1989 512 2065 δεξιῶν
525 1992 580 2053 τού
598 1995 716 2055 Ιεσσαι-
747 1975 838 2071 ἦλθεν
863 1993 900 2060 εἷς
924 1988 978 2064 τὰς
996 1986 1106 2066 ἀγέλας
1128 1996 1189 2056 τῶν
1209 1997 1351 2074 ποιμνίων

107 2078 165 2156 μού
169 2101 182 2151 ,·
252 2076 305 2140 καί
323 2079 376 2140 νῦν
392 2077 456 2138 πᾶν
471 2069 508 2137 τό
526 2071 604 2157 πρὸς
616 2069 714 2156 ψυχὴν
745 2068 800 2147 τάς
812 2072 924 2156 ίπλτῆς
936 2068 1024 2148 ὀδοῦ,
1041 2076 1092 2138 καὶ
1103 2061 1139 2157 ἦν
1151 2078 1211 2139 ἐκεῖ
1222 2074 1350 2159 σπηλαι·

108 2161 164 2222 τοῦ
175 2156 317 2243 βασιλέως
329 2152 548 2243 εῖςκατάηίασιν
567 2159 715 2259 maeat—
745 2178 787 2219 σν.
813 2156 864 2219 καί
875 2155 982 2220 Σαοὺλ
993 2155 1107 2238 εῑςηλθε
1119 2153 1350 2244 παρασκευάσα-

30 2264 32 2268 ⁴
108 2242 184 2305 νέτω
207 2238 284 2326 πρὸς
308 2237 391 2324 ἡμᾶς.
418 2239 596 2304 κικλείκασιν
621 2236 714 2303 αυτὸν
745 2247 834 2314 σθαι,
858 2241 910 2305 καί
923 2239 1020 2303 Λαυὶδ
1030 2241 1082 2304 καί
1095 2244 1127 2304 οἱ
1140 2239 1242 2325 ἀνδρες
1253 2239 1349 2307 αὐτοῦ

108 2326 147 2398 εἰς
159 2321 212 2398 τάς
223 2334 321 2409 χεῖρας
332 2328 387 2389 τοῦ
399 2321 550 2410 βασιλέως.
577 2320 713 2386 21καὶεί-
743 2315 889 2405 ἐσώτερον
908 2325 983 2386 τοῦ
1008 2323 1155 2404 σπηλαίου
1189 2320 1348 2405 ἐκάθηντο.

107 2431 161 2472 πεν
174 2403 279 2482 αὐτοῖς
290 2401 403 2473 Σαούλ.
437 2405 621 2489 εὐλογημένοι
636 2400 713 2487 ὑμεῖς
743 2403 757 2446 ⁵
771 2405 822 2468 καί
833 2403 917 2470 εἶπον
930 2408 962 2469 οί
974 2401 1078 2491 ἀνδρες
1095 2407 1193 2472 Δαυὶδ
1203 2404 1280 2492 πρὸς
1293 2404 1349 2470 αὐ-

106 2495 152 2573 τῷ
169 2496 275 2576 κυρίῳ,
300 2486 347 2555 ὅτι
367 2492 528 2557 ἔπονέσατε
544 2489 612 2571 περὶ
629 2491 710 2572 ἐμοῦ.
742 2481 802 2552 τόν.
830 2485 927 2571 ῑδοὺῆ
945 2482 1040 2573 ἡμέρα
1058 2485 1146 2572 αύτη,
1173 2484 1209 2573 ἣν
1226 2484 1349 2554 είπεκύ-

107 2575 137 2615 ²²
149 2570 319 2659 πορεύθητε
336 2572 373 2657 δὴ
397 2576 448 2639 καὶ
464 2567 639 2655 ἕτοιμάσατε
658 2575 711 2648 ἔτι,
742 2595 804 2655 ριος
821 2571 898 2658 πρὸς
917 2569 951 2635 σὲ
970 2571 1158 2676 παραδοῦναι
1171 2572 1225 2637 τὸν
1242 2569 1348 2657 ἐχθρόν

108 2657 160 2721 καὶ
171 2662 264 2733 γνῶτε
282 2654 336 2721 τόν
354 2653 450 2722 τόπον
468 2653 563 2720 αὐτοῦ
577 2647 614 2719 ού
629 2656 711 2720 ἔσται
743 2679 799 2718 σου
821 2657 860 2729 εἲς
872 2653 926 2730 τάς
942 2667 1040 2738 χεῖρας
1059 2680 1126 2731 σου,
1152 2657 1203 2720 καὶ
1219 2651 1349 2741 ποιήσεις

105 2731 212 2812 ὀπούς
224 2738 320 2803 αὐτοῦ
338 2742 369 2803 ἐν
385 2735 463 2822 τάχει
476 2740 536 2801 ἐκεῖ
549 2727 586 2801 ού
599 2739 710 2812 εἴποιτε,
742 2733 826 2839 αάτιρ
845 2734 886 2817 ὥς
903 2735 1023 2814 ἀγαθόν
1040 2740 1072 2802 ἐν
1092 2735 1263 2819 ὀφθαλμοῖς
1283 2765 1348 2803 σου.

104 2817 144 2905 m}
158 2845 232 2885 ποτε
243 2816 506 2904 πανσυργεύσηται.
532 2820 562 2860 ²⁸
575 2821 627 2883 καί
638 2820 710 2883 ἴδετε
741 2822 792 2883 καὶ
804 2822 911 2904 ανέστη
924 2821 1033 2895 Λαυῖδ,
1046 2821 1098 2884 καὶ
1112 2817 1214 2898 ἀφεῖλε
1227 2820 1262 2884 τὸ
1275 2847 1350 2885 πτε-

105 2905 155 2969 καί
166 2907 269 2981 γνιδτε,
283 2904 334 2968 καὶ
343 2898 527 2989 πορεύσομαι
536 2897 601 2984 μεθ’
617 2896 707 2983 ὑμῶν.
740 2896 842 2983 ρύγιον
855 2908 908 2988 τῆς
928 2902 1079 2978 διπλοΐδος
1099 2906 1156 2966 τοῦ
1173 2899 1280 2967 Σαούλ
1292 2903 1348 2967 λα·

105 2990 288 3052 καίέσταιελ
301 2987 505 3066 δ’στινέπλτῆς
516 2989 580 3066 γῆς,
599 2987 707 3062 καὶὲξ-
739 2991 861 3069 θραίως
898 2988 977 3051 6καί
1001 2982 1126 3070 ἐγενηθη
1184 2982 1221 3050 τά
1242 2990 1349 3062 ταῦτα,

104 3064 246 3150 ερευνησω
272 3065 364 3132 αὐτὸν
392 3070 423 3132 ἓν
451 3063 561 3142 πάσαις
584 3066 708 3151 χιλιάσιν
739 3071 791 3133 καί
804 3068 933 3147 ἐπάταξε
945 3071 1053 3154 καρδία
1064 3073 1141 3135 Δαυὶ
1173 3068 1275 3147 αὐτὸν,
1299 3065 1348 3134 ότι

100 3147 213 3216 Ἰούδα.
240 3149 271 3191 ²⁴
284 3152 335 3216 καί
352 3149 519 3233 ἀνέστησαν
531 3154 563 3216 σί
575 3154 713 3231 Ζιφαῖοι,
739 3147 841 3251 ἀρεῖλε
867 3148 904 3217 τό
929 3148 1089 3235 πτερύγιον
1115 3158 1169 3235 τῆς
1194 3154 1347 3227 διπλοΐδος

103 3240 154 3299 καῖ
170 3228 378 3339 ἐπορεύθησαν
403 3236 571 3319 ἔμπροσθεν
592 3231 706 3300 Σαούλ.
740 3238 845 3299 αυτοῦ.
873 3237 949 3301 7καί
974 3236 1035 3302 εἶπε
1060 3237 1159 3304 Δαυίδ
1177 3232 1252 3322 πρὸς
1276 3232 1347 3310 τοὺς

103 3319 154 3383 καὶ
166 3317 264 3383 Λαυιδ
278 3320 330 3382 καί
349 3321 381 3382 σί
399 3317 500 3404 ἀνδρες
519 3315 614 3384 αὐτοῦ
627 3320 658 3382 ἐν
669 3325 706 3401 τῆ
740 3315 850 3404 ἀνδρας
861 3315 963 3384 αάτοῦ.
982 3320 1124 3404 μηδαμῶς
1135 3344 1185 3401 μοι
1196 3317 1282 3406 παρὰ
1294 3343 1346 3381 κυ-

102 3401 200 3488 ἐρημῳ
217 3407 254 3504 τῇ
268 3400 373 3467 Μαεδν
386 3399 456 3469 καθ’
472 3403 601 3489 ἑσπέραν
617 3404 649 3467 ἐκ
661 3389 706 3467 δι’-
739 3407 817 3486 ρίου,
829 3406 855 3468 ελ
865 3399 983 3488 ποιήσω
996 3398 1032 3469 τό
1041 3405 1122 3488 ῥῆμα
1135 3408 1224 3469 τοῦτο
1237 3406 1282 3487 τῷ
1295 3428 1346 3465 κυ-

103 3489 172 3563 ξιῶν
185 3512 242 3552 του
252 3484 430 3569 Ἰεσσαιμοῡ.
455 3485 484 3530 ²⁶
494 3488 546 3551 καὶ
557 3481 707 3570 ἐπορεύθη
739 3491 795 3570 ρίῳ
807 3512 865 3567 μου
881 3491 928 3551 τῶ
941 3492 1055 3590 ηριστοῖ
1073 3512 1108 3550 κυ
1129 3492 1175 3553 ίου
1195 3490 1346 3563 ἐπενέγκαι

104 3569 206 3636 Σαούλ
218 3571 270 3635 καὶ
280 3573 311 3634 ολ
324 3568 426 3652 ἀνδρες
438 3566 535 3633 αὐτοῦ
546 3571 638 3651 ζητεῖν
650 3565 707 3632 αό-
738 3565 820 3653 χεῖρά
830 3594 889 3653 μου
905 3552 944 3633 ὀπ
972 3550 1083 3649 αὐτόν,
1102 3511 1346 3652 ὀτιχριστὸςκυ-

103 3652 164 3718 τόν.
191 3655 244 3717 καὶ
263 3650 444 3734 ἀπήγγειλαν
455 3654 499 3733 τῷ
523 3650 631 3724 Δαυὶδ,
655 3651 707 3715 καὶ
739 3657 805 3735 ρίου
819 3653 897 3716 ἐστίν
911 3646 1009 3727 οὗτος.
1048 3645 1347 3715 Βιιαὶέύτεισειλαυὶδ

102 3739 211 3820 κατέβη
225 3739 264 3808 είς
278 3730 333 3816 τὴν
348 3738 461 3820 πέτραν
478 3732 533 3816 την
545 3737 576 3798 ἐν
588 3738 625 3816 τῆ
638 3730 707 3818 ἕρη-
738 3733 811 3809 τοὺς
824 3733 933 3819 ἀνδρας
946 3732 1042 3798 αὐτοῦ
1054 3734 1086 3796 ἓν
1098 3728 1205 3810 λόγοις,
1227 3730 1278 3793 καὶ
1290 3724 1345 3790 ούκ

103 3845 150 3900 μῳ
177 3810 287 3882 Madv.
314 3819 364 3880 καὶ
388 3817 494 3901 ἤκουσε
517 3803 632 3894 Σαούλ,
657 3818 708 3880 καί
739 3817 847 3882 ἐδωκεν
864 3814 967 3889 αὐτοῖς
979 3808 1165 3887 ἀναστάντας
1185 3815 1279 3876 θῦσαι
1291 3806 1344 3871 τὸν

103 3900 276 3975 κατεδίωξεν
292 3895 391 3964 ὀπίσω
405 3899 503 3965 Δαυίδ
517 3904 557 3974 είς
574 3899 627 3982 τὴν
638 3901 708 3983 ἕρη-
738 3890 850 3960 Σαούλ
874 3897 927 3975 καί
945 3893 1051 3978 ἀνέστη
1067 3893 1175 3958 Σαούλ
1192 3894 1243 3956 καί
1256 3895 1345 3954 κατέ·

103 4007 158 4064 μον
170 3976 282 4047 Μαών.
309 3983 339 4024 ²⁶
353 3984 405 4047 καί
415 3977 590 4068 πορεύονται
601 3977 707 4044 Σαούλ
737 3981 776 4062 βη
789 3974 843 4058 την
856 3972 933 4042 ὁδόν.
960 3978 1031 4042 9καί
1043 3975 1152 4059 ἀνέστη
1166 3975 1266 4039 Λαυίδ
1277 3971 1345 4038 ὀπί·

103 4067 153 4130 καὶ
167 4067 199 4128 οί
211 4063 311 4146 ἀνδρες
329 4062 424 4129 αύτοῖι
436 4067 469 4129 ἐκ
485 4064 591 4146 μέρους
604 4061 661 4123 τού
672 4059 707 4125 ὀ-
739 4084 784 4125 σω
797 4055 895 4125 αὐτοῦ
907 4063 940 4124 ίκ
951 4064 1007 4124 τοῦ
1021 4058 1178 4143 σπηλαίου.
1192 4059 1244 4124 καὶ
1256 4053 1345 4144 ἐβόη-

159 4174 173 4222 ς
186 4149 217 4210 ἐκ
236 4141 359 4222 τούτου,
384 4147 436 4211 καί
452 4133 488 4230 ἦν
500 4144 599 4208 Δαυλδ
613 4143 665 4206 καί
677 4147 707 4208 οῖ
739 4167 788 4207 σεν
800 4144 898 4208 Δαυὶδ
909 4142 1010 4208 ὀπίσω
1019 4139 1134 4220 Σαούλ,
1147 4141 1250 4221 λέγων.
1265 4136 1344 4225 κύριε

104 4231 207 4315 ανδρες
220 4226 316 4294 αὐτοῦ
332 4230 365 4292 ἐκ
380 4231 484 4312 μέρους
501 4229 558 4290 τσῦ
575 4224 663 4311 ἀρους
675 4230 707 4293 ἐκ
738 4225 869 4312 βασιλεύ.
896 4229 946 4291 καὶ
964 4228 1106 4315 ἐπέβλεψε
1123 4224 1229 4291 Σαούλ
1248 4229 1287 4300 εἰς
1304 4225 1344 4290 τά

104 4310 221 4379 τούτου.
247 4311 298 4376 καί
321 4299 357 4393 ἦν
375 4310 475 4375 Δαυίδ
496 4305 707 4392 σκεπαζόμενος
738 4309 838 4377 ὀπίσω
863 4308 968 4388 αὐτοῦ,
994 4313 1045 4376 καὶ
1070 4311 1273 4394 ἐκυψεΔαυίδ
1295 4309 1346 4375 ἐπὶ

102 4392 283 4480 πορεύεσθαι
308 4393 371 4460 ἀπὸ
401 4420 423 4458 π
477 4387 564 4459 ιύπου
588 4390 704 4460 Σαούλ.
738 4388 899 4481 πρόςωπον
924 4391 1019 4460 αὐτοῦ
1045 4396 1096 4460 ε’πί
1121 4392 1176 4476 την
1200 4398 1269 4476 γῆν,
1294 4396 1346 4457 καλ

103 4485 153 4548 καὶ
161 4479 265 4548 Σαοὺλ
275 4481 325 4545 καὶ
337 4482 369 4546 οῖ
381 4476 419 4546 ἀν
437 4503 483 4567 ρες
491 4475 589 4545 αὐτοῦ
597 4503 704 4567 παρεν-
720 4531 725 4556 ,
738 4476 942 4575 προςεκόνησεν
954 4474 1047 4563 αύτῷ.
1070 4478 1161 4543 10ιιαί
1173 4476 1234 4542 είπε
1247 4475 1347 4574 Λαυίδ

1263 4582 1343 4633 προς
