2924 4972
157 196 246 290 οτι
573 218 815 280 AANIHA
864 218 1006 292 maan
1027 216 1076 279 ιν.

159 336 221 401 εἶπε
234 339 278 417 τῷ
292 332 380 418 ἀνδρί
393 335 438 414 τῷ
450 331 627 414 ίνδεδυμένῳ
640 329 681 396 τὰ
692 331 765 417 βαδ-
800 335 866 415 γὴν,
893 331 944 394 καί
956 332 1064 414 ἔχοντα
1076 325 1173 414 πάσης
1187 330 1309 415 σαρκὸς
1323 339 1418 418 κυρεί-

158 421 213 496 δὶν,
228 414 261 493 ὃς
273 411 309 501 ὴν
321 412 423 480 ἐπάνω
442 419 498 478 τοῦ
513 410 626 487 ίίδατος
640 418 695 478 τοῦ
709 441 767 479 πο-
801 439 848 479 αν.
875 415 956 477 6καί
973 411 1051 477 εἶπεν
1069 411 1151 497 αὐτῷ
1165 412 1183 478 ὁ
1196 411 1353 500 βασιλεύς.
1382 415 1416 480 ού

158 506 267 584 ταμοῦ.
282 504 338 573 ἕως
351 494 426 562 πότι
439 496 475 561 τὸ
489 504 583 580 πέρας
595 489 639 561 τόν
651 497 768 583 εἴρηκας
800 498 880 563 δοκεῖ
891 522 938 561 σοι
951 495 1021 582 Βὴλ
1033 494 1104 560 εἶναι
1121 498 1180 574 ζων
1193 495 1270 573 θεός
1275 528 1289 577 ,·
1330 501 1352 582 ἢ
1365 500 1417 600 οίὴ

160 589 223 652 τῶν
245 586 425 665 θαυμασίων
430 609 442 657 ,·
475 581 553 645 7καί
575 578 690 663 ὴκουσα
711 584 767 645 τοῦ
801 576 875 666 ὁρᾷς
894 576 954 645 ὅσα
972 581 1066 644 ἐσθίει
1083 581 1135 644 καί
1151 585 1227 645 πίνει
1246 581 1323 646 καθ’
1347 585 1417 647 έκα-

161 665 270 774 ἇνδρός
294 669 351 730 τοῦ
375 664 562 744 ίνδιδυμένου
587 659 627 726 τά
652 664 767 749 βαδδίν,
801 658 1018 748 στὴνὴμέρανς
1058 663 1134 727 7καί
1151 661 1215 728 εἶπε
1233 665 1359 751 Δανιὴλ
1371 692 1418 744 γε·

161 749 195 826 ὃς
212 773 248 832 ην
270 744 373 813 ἐπάνω
394 751 451 812 τοῦ
472 743 583 820 ύδατος
599 751 655 811 τοῦ
667 771 768 812 ποτα·
800 744 903 820 λύσας.
929 746 969 830 μὴ
981 746 1087 811 πλανῶ
1099 745 1234 830 βασιλεῦ,
1247 741 1346 824 οὗτος
1357 748 1416 835 γάρ

162 837 229 919 μοῦ.
244 834 295 897 καί
308 827 412 914 ίίψωσε
430 827 486 912 τὴν
499 825 596 904 δεξιάν
608 829 706 896 αὐτοῦ
717 830 768 894 καί
802 832 918 894 ἔσωθεν
941 828 994 913 μέν
1020 832 1085 894 ἐστί
1107 828 1215 912 πηλός,
1236 834 1362 909 ἔξωθεν
1388 835 1419 898 δέ

162 915 217 1000 τὴν
229 912 497 1000 ἇριστεράναύτοῦ
509 917 548 987 είς
559 912 614 976 τὸν
627 911 768 998 οὐρανὸν,
800 910 925 997 χαλκὸς,
950 913 1001 977 καί
1026 911 1064 978 ού
1076 916 1226 998 βέβρωκεν
1253 914 1418 982 οὐδέποτε.

162 1001 215 1066 καί
228 998 343 1104 σ’ὴιοσιν
360 1001 392 1063 ἐν
409 1002 453 1080 τῷ
472 998 559 1072 ζῶντι
575 1000 613 1071 είς
627 994 681 1061 τὸν
693 999 769 1059 ‹2203-
802 997 817 1039 ⁸
843 997 998 1079 θυμωθείς
1023 995 1055 1061 δὲ
1081 993 1098 1060 5
1122 995 1265 1082 βασιλεύς
1293 995 1419 1065 ἐκάλεσε

163 1110 217 1159 να,
243 1081 292 1146 ότι
311 1086 350 1156 είς
368 1080 472 1164 καιρὸν
490 1085 600 1164 καιρῶν
616 1081 668 1143 καί
680 1076 768 1163 ἥμισυ
802 1077 872 1154 τούς
887 1083 969 1163 ίεριῖς
987 1079 1090 1144 αὐτοῦ.
1128 1082 1181 1143 καί
1197 1078 1281 1147 εἶπεν
1301 1081 1417 1158 αὐτοῖς.

163 1169 283 1253 καιροῦ,
301 1169 332 1230 ἰν
341 1170 385 1247 τῷ
396 1162 619 1245 συντελεσθῆναι
629 1164 769 1247 διασκορ-
802 1160 856 1228 ἐὰν
897 1163 915 1245 ὴ
934 1158 1043 1227 είποιτέ
1063 1187 1118 1267 μοι
1139 1167 1185 1237 τίς
1208 1163 1227 1229 5
1248 1164 1417 1232 κατέσθων

162 1249 271 1331 πισμόν
278 1246 441 1326 γνώσονται
457 1243 672 1311 πάνταταῦτα.
698 1244 770 1309 8ιιοιί
801 1241 856 1348 τὴν
868 1191 1003 1329 όαπάνὴν
1015 1270 1137 1328 ταυτην,
1163 1244 1418 1315 9ἀποθανεῖσθε.

162 1333 223 1411 ἐγώ
236 1331 361 1417 ὴκουσα,
376 1334 427 1395 καί
439 1327 476 1396 σύ
490 1332 614 1412 συνῆκα,
627 1330 679 1393 καί
690 1327 768 1393 εἶπα.
802 1331 856 1394 ἐαν
869 1327 900 1393 δέ
914 1330 1024 1412 δείξὴτε
1042 1326 1089 1394 ότι
1101 1328 1173 1412 Βὴλ
1189 1339 1349 1398 κατεσθίει
1362 1334 1418 1398 αύ-

163 1413 244 1502 κύριε
256 1421 286 1479 τί
297 1412 337 1479 τά
352 1417 464 1497 ἔσχατα
482 1408 598 1478 τούτων
601 1442 613 1491 ,·
636 1415 651 1456 ⁹
665 1415 716 1477 καί
729 1409 770 1476 εί-
801 1410 852 1487 τά,
866 1411 884 1476 ὁ
898 1413 1011 1497 Δανιὴλ
1022 1412 1236 1488 ἀποθανεῖται,
1245 1411 1298 1479 ὅτι
1312 1417 1416 1504 ἐβλας-

163 1525 227 1565 πιν.
253 1499 341 1581 δεῦρο
354 1496 484 1579 Δανιὴλ,
505 1491 553 1559 ότι
565 1497 770 1578 ἔμπεφραγμέ-
803 1492 931 1598 φὴμὴσεν
959 1500 999 1571 είς
1021 1493 1074 1561 τόν
1091 1493 1172 1580 Βήλ.
1198 1498 1252 1561 καὶ
1271 1497 1338 1564 είπε
1352 1507 1417 1567 Δα-

164 1607 213 1648 νοι
230 1581 282 1645 καί
299 1581 524 1663 ἐσφραγισμένοι
541 1583 573 1642 σί
589 1575 689 1656 λόγοι,
714 1583 771 1651 ἕως
802 1580 867 1661 νιιγλ
890 1583 935 1663 τῷ
960 1580 1081 1667 βασιλεῖ.
1094 1575 1246 1663 ,γινέσθω
1268 1584 1356 1649 κατά
1381 1582 1416 1649 τὸ

163 1667 272 1750 καιροῦ
284 1665 379 1748 πέρας
404 1665 433 1705 ¹⁰
447 1661 595 1739 ἐκλεγιὸσι,
608 1665 659 1726 καί
671 1662 771 1726 ἒκλευ-
803 1657 882 1768 ρὴμά
895 1688 959 1728 σου.
985 1666 1014 1707 1⁰
1027 1665 1079 1728 καί
1089 1663 1165 1746 ἦσαν
1177 1666 1263 1747 ἱερεῖς
1275 1671 1337 1732 τοῦ
1344 1665 1416 1750 Βὴλ

164 1750 311 1822 κανθῶσι,
334 1747 386 1810 καί
406 1749 583 1830 παραθῶσι,
608 1748 660 1810 καί
681 1742 769 1823 ἆγισι-
803 1741 1007 1832 εβιίομήκοντα
1024 1744 1108 1820 ἐκτός
1125 1752 1273 1824 γυναικῶν
1292 1753 1346 1815 καί
1362 1747 1414 1816 τέ-

165 1835 266 1898 σθῶσι
279 1829 397 1895 πολλοί.
436 1829 488 1894 καί
499 1824 685 1913 άνομήσωσιν
697 1828 771 1894 σ’ένσ·
802 1853 887 1894 κνων.
912 1834 964 1894 καί
976 1821 1067 1914 ὴλθεν
1080 1828 1098 1894 5
1109 1825 1248 1916 βασιλεύς
1259 1834 1336 1916 μετὰ
1345 1840 1412 1898 Δα-

163 1940 226 1998 μοι,
237 1915 289 1979 καί
301 1911 338 1979 οὐ
352 1908 514 1995 συνήσουσι
532 1908 640 1987 πάντες
650 1910 770 1995 όίνομοι,
802 1912 869 1996 νιὴλ
879 1915 919 1986 είς
930 1910 984 1977 τόν
996 1913 1079 1979 οἷκον
1090 1917 1146 1978 τοῦ
1158 1912 1240 1997 Βήλ
1266 1915 1407 1980 11καλεί-

162 1999 214 2061 καί
228 2001 259 2061 οἱ
271 1992 408 2078 νοήμονες
421 1991 587 2077 συνήσουσι.
607 1997 690 2059 “nai
702 1992 768 2059 άπὸ
802 2022 864 2060 παν
876 2000 908 2059 οί
920 2000 1002 2080 ἱερεῖς
1009 2002 1068 2063 τοῦ
1077 1993 1226 2102 Βήλίδού
1238 1995 1316 2081 ὴμείς
1328 1997 1411 2065 αἰπο-

162 2083 270 2164 καιροῦ
302 2074 514 2163 παραλλάξεως
544 2081 601 2141 τοῦ
633 2077 769 2161 ἐνδελεχι-
801 2075 940 2164 τρέχομεν
952 2083 1024 2157 ἔξω,
1042 2078 1079 2146 σύ
1092 2083 1125 2147 δε
1136 2080 1258 2185 βασιλεύ
1269 2078 1409 2168 παράθες

163 2166 261 2246 σμοῦ,
299 2163 351 2226 καί
375 2156 535 2244 δοθήσεται
558 2157 596 2225 τὸ
620 2161 769 2247 βδελυγμα
800 2163 841 2227 τά
858 2159 1020 2249 βρώματα,
1046 2166 1097 2228 καί
1113 2190 1168 2231 τον
1185 2164 1266 2231 οἶνον
1280 2163 1410 2250 κεράσας

162 2241 334 2348 έρὴμιόσεως
345 2242 451 2330 ὴμέραι
459 2243 548 2329 χίλιαι
562 2240 711 2310 διακόσιαι
721 2248 769 2310 έν-
800 2244 870 2322 θές,
896 2249 947 2311 καί
962 2245 1141 2315 ἀπόκλεισον
1153 2245 1208 2333 τὴν
1219 2247 1329 2334 θύραν,
1354 2252 1408 2313 καί

163 2353 311 2413 ενὴιιοντα.
337 2324 769 2432 12ριαιωίριοςὸὑπομένωνιιαί
801 2324 965 2413 σφράγισον
987 2336 1034 2416 τῷ
1046 2333 1196 2438 δακτυλίρρ
1222 2358 1285 2399 σου.
1312 2335 1340 2375 ¹²
1353 2334 1407 2399 καί

163 2408 285 2492 φθάσας
304 2416 341 2487 είς
359 2415 467 2496 ὴμέρας
484 2411 579 2494 χιλίας
596 2418 769 2495 τριακοσίας
800 2408 901 2480 ἒλθύν
912 2415 1010 2500 πρωῒ,
1036 2413 1090 2482 ἐὰν
1102 2417 1142 2521 μὴ
1154 2413 1349 2519 ευρῃςπάντα
1360 2421 1407 2503 βε-

161 2498 420 2580 τριαιιονταπέντε.
449 2495 475 2536 ¹³
489 2496 540 2559 καί
552 2490 589 2559 σύ
602 2495 704 2581 δεῦρο,
718 2500 770 2561 καὶ
799 2491 939 2583 βρωμένα
952 2495 1012 2563 ὑπὸ
1025 2503 1084 2565 τοῦ
1094 2499 1170 2583 Βὴλ,
1184 2499 1409 2580 αποθανσύμε-

163 2573 332 2644 ἀναπαύου.
372 2581 415 2643 ἔτι
432 2576 490 2663 γάρ
505 2575 609 2661 ὴμέραι
627 2583 678 2644 καί
691 2569 769 2665 σίραι
799 2590 860 2656 θα,
886 2579 1035 2667 ὴΔανιὴλ
1051 2581 1069 2648 5
1086 2576 1257 2668 ψευδόμενος
1276 2582 1354 2644 καθ’
1367 2581 1408 2663 ὴ-

163 2667 202 2738 είς
213 2659 424 2747 ἀναπλήρωσιν
442 2660 614 2736 συντελείας,
628 2660 768 2728 καὶάνα-
797 2668 871 2747 μῶν.
903 2665 930 2706 1³
943 2664 1034 2732 αὐτοί
1058 2664 1091 2732 δὲ
1113 2660 1329 2749 κατεφρόνουν,
1355 2662 1407 2730 ότι

162 2742 256 2837 στήσῃ
270 2752 308 2820 είς
321 2744 374 2810 τὸν
391 2742 498 2831 κλὴρόν
514 2769 586 2820 σου,
612 2750 651 2820 είς
663 2749 766 2812 συντέ-
798 2744 1010 2832 πεποιήκεισαν
1032 2747 1094 2815 ὑπὸ
1115 2749 1170 2832 τὴν
1190 2742 1340 2834 τράπεζαν
1358 2775 1409 2814 κε-

160 2829 239 2892 λειαν
251 2829 375 2912 ὴμερῶν.
798 2827 967 2915 κρυμμένὴν
979 2833 1100 2910 εἴςσδον,
1115 2835 1167 2898 καί
1179 2830 1212 2897 δι’
1228 2829 1324 2914 αιἰτὴς
1339 2838 1410 2908 εἰςε-

265 2912 363 2996 (Βὴλ
390 2912 453 2976 καί
478 2906 659 2997 Δράκων.)
797 2912 961 2999 ποριύοντο
974 2913 1085 2993 διόλου,
1105 2918 1157 2980 καί
1168 2914 1301 2998 άνήλσυν
1315 2913 1409 2981 αὐτά.

221 3000 234 3038 ¹
263 2999 327 3061 Καί
366 2991 384 3061 5
423 2992 559 3081 βασιλεὺς
600 2993 766 3081 Ἀστυάγης
797 2997 826 3039 1⁴
839 3001 891 3062 καί
909 2997 1024 3077 ἐγένετο
1041 2998 1082 3074 ὡς
1098 2999 1268 3081 ίξήλθοσαν
1284 3000 1411 3077 ἐκεῖνοι,

157 3083 322 3163 προςετέθὴ
352 3078 428 3164 πρὸς
452 3079 526 3153 τούς
549 3083 684 3162 πατέρας
709 3081 766 3146 αὖ·
797 3076 1239 3168 καίὸβασιίεάςπαρέθὴκετά
1250 3073 1410 3162 βρώματα

155 3167 220 3225 τοῦ.
257 3165 308 3225 καί
332 3161 481 3246 παρέλαβε
505 3168 609 3247 Κῦρος
633 3161 651 3226 5
680 3167 763 3248 Πέρ-
797 3169 842 3246 τῷ
865 3161 944 3249 Βήλ
973 3168 1023 3230 καί
1048 3159 1170 3237 ἐπέταξε
1194 3159 1314 3244 Δανιὴλ
1339 3179 1409 3242 τοῖς

157 3269 210 3325 σης
245 3242 299 3326 τὴν
330 3243 482 3329 βασιλείαν
516 3243 630 3319 αὐτοῦ,
673 3249 688 3286 ²
713 3249 764 3311 καί
796 3249 962 3333 παιδαρίοις
988 3246 1096 3320 αὐτοῦ,
1122 3245 1173 3308 καί
1199 3243 1328 3328 ὴνεγκαν
1354 3247 1408 3313 τέ-

154 3315 193 3408 ήν
210 3327 325 3411 Δανιὴλ
349 3325 513 3430 συμβιωτὴς
531 3331 588 3391 τοῦ
609 3329 763 3413 βασιλέως,
797 3356 882 3416 φραν.
917 3331 968 3394 καί
979 3323 1151 3392 κατέσεισαν
1169 3325 1241 3393 ὅλον
1258 3328 1317 3394 τὸν
1330 3332 1408 3397 ναόν

156 3416 207 3476 καί
221 3412 339 3487 ἔνδοξος
350 3408 428 3494 ὑπερ
446 3437 564 3485 πάντας
576 3410 646 3486 τοὺς
658 3415 764 3492 φιλσυς
797 3409 921 3480 ἐντόπιον
933 3415 987 3478 τοῦ
999 3407 1145 3497 βασιλέως
1158 3412 1262 3493 μόνου.
1289 3416 1344 3478 καί
1356 3418 1406 3492 ἐξ·

156 3497 262 3560 αὐτοῦ.
303 3496 381 3559 3καὶ
394 3483 431 3577 ὴν
444 3493 565 3559 εἴδωλον
578 3506 640 3570 τοῖς
655 3501 762 3582 Βαβυ-
794 3493 931 3572 ελθόντες
956 3494 1088 3562 ἔκλεισαν
1113 3494 1169 3580 τὴν
1194 3493 1313 3581 θύραν,
1351 3501 1405 3563 καί

155 3568 419 3659 λωνίοιςῷόνομα
432 3577 511 3662 Βὴλ,
524 3579 761 3644 καίέθαπσνῶν-
794 3582 1018 3665 ἕσφραγίσαντο
1044 3582 1076 3645 ἐν
1101 3584 1146 3662 τῷ
1171 3579 1320 3661 δακτυλίω
1344 3586 1404 3645 τοῦ

154 3683 191 3721 το
204 3665 242 3732 είς
255 3657 351 3722 αὐτὸν
368 3657 492 3743 έκόστὴς
512 3658 623 3745 ὴμέρας
643 3660 760 3746 σεμιδά-
791 3661 956 3748 βασιλέως,
982 3664 1033 3728 καί
1047 3661 1197 3746 ἀπῆλθον.
1230 3666 1257 3706 ¹⁵
1270 3661 1344 3727 οἶδε’
1358 3667 1403 3726 ἱε-

154 3739 227 3813 λεως
246 3738 376 3823 άρτάβαι
395 3739 524 3818 δώδεκα,
550 3747 600 3808 καί
618 3745 760 3833 πρόβατα
791 3758 849 3827 ρεῖς
870 3736 970 3830 ήλθον
990 3745 1044 3829 τὴν
1062 3745 1154 3810 νύκτα
1175 3743 1253 3810 κατά
1270 3745 1309 3809 τὸ
1327 3748 1403 3820 ἔθος

153 3823 377 3905 τεσσαράκοντα
396 3829 445 3889 καί
460 3827 544 3889 οἴνου
561 3834 704 3931 μετρήταί
717 3833 757 3907 έξ.
792 3827 903 3904 αὐτῶν,
917 3832 969 3894 καί
981 3834 1013 3894 αί
1024 3840 1157 3906 γυναῖκες
1170 3826 1281 3904 αὐτῶν,
1294 3830 1348 3893 καί
1360 3830 1402 3894 τά

152 3903 232 3968 *καί
250 3904 267 3970 5
285 3906 421 3991 βασιλεὺς
440 3913 557 3994 ἐσέβετο
575 3910 680 3990 αὐτον,
708 3917 759 3978 καί
790 3907 881 3976 τέκνα
894 3912 1014 3986 αὐτῶν,
1041 3915 1093 3977 καί
1110 3912 1284 3992 κατέφαγον
1297 3908 1403 3978 πάντα

151 3985 311 4075 ἐπορεύετο
324 3989 395 4055 καθ’
407 3988 535 4077 ἑκάστην
544 3990 657 4077 ἡμέραν
665 4023 757 4082 προς·
789 3997 840 4059 καί
852 3992 980 4070 ἐξέπιον.
1015 3991 1256 4079 16καίόίρθρισεν
1275 3991 1293 4058 5
1311 3999 1404 4081 βασι-

150 4083 243 4134 κυνεῖν
270 4071 360 4156 αὐτῷ.
390 4076 508 4159 Δανιὴλ
533 4076 567 4141 δὲ
593 4077 756 4164 προςεκύνει
788 4077 854 4153 λεύς
865 4078 903 4141 τό
916 4077 1007 4162 πρωί,
1021 4081 1074 4142 καί
1087 4077 1203 4162 Δανιὴλ
1212 4076 1271 4160 μετ’
1288 4078 1403 4143 αὐτοῦ.

148 4158 194 4235 τῷ
206 4160 271 4238 θεῷ
285 4154 391 4221 αὐτοῦ.
418 4161 469 4223 καί
480 4160 559 4225 είπεν
571 4159 654 4246 αὐτῷ
668 4162 685 4228 5
698 4169 755 4250 βα-
788 4166 815 4206 ¹⁷
827 4164 879 4227 καί
891 4160 985 4236 εἶπεν,
1013 4165 1090 4226 σῶοι
1109 4167 1144 4226 αἶ
1162 4163 1321 4246 σφραγίδες
1334 4167 1403 4226 Δα-

148 4235 253 4312 σιλεύς.
279 4242 362 4305 θιατί
372 4239 409 4306 ού
427 4255 593 4328 προςιιυνεῖς
607 4251 651 4327 τῷ
663 4245 736 4329 Βὴλ
741 4278 754 4326 ;
788 4243 870 4332 νιήλς
897 4244 962 4311 ὁδέ
976 4243 1045 4310 εἶπε.
1075 4251 1150 4310 σῶοι
1164 4244 1293 4333 βασιλεῦ.
1314 4246 1402 4309 18καί

145 4319 238 4384 ⁵555
259 4323 343 4389 εἶπεν.
372 4322 419 4389 ότι
443 4324 479 4389 ού
500 4330 623 4410 σέβομαι
646 4330 754 4395 εἴδωλα
786 4326 904 4408 ἐγένετο
928 4326 991 4412 ἅμα
1012 4333 1058 4413 τῷ
1076 4328 1192 4404 ἀνοῖξαι
1209 4329 1265 4404 τάς
1288 4324 1403 4413 θύρας,

142 4415 347 4490 χειροποίητα,
374 4406 453 4473 άλλά
479 4404 533 4471 τόν
547 4411 642 4482 ζῶντα
666 4411 751 4491 θεὸν,
785 4411 953 4501 ἐπιβλέψας
973 4415 1022 4476 ἐπί
1040 4411 1095 4497 τὴν
1112 4408 1261 4497 τράπεζαν
1279 4410 1403 4497 ὁβασι-

142 4487 197 4550 τὸν
220 4495 366 4556 κτίσαντα
390 4491 444 4555 τόν
469 4489 601 4576 οὐρανόν
623 4497 674 4561 καί
697 4496 751 4582 τὴν
784 4496 851 4573 λεύς
873 4493 976 4583 ἐβόησε
1000 4501 1088 4591 φωνῇ
1105 4492 1234 4587 μεγάλη,
1255 4492 1352 4578 μέγας
1376 4495 1405 4562 εί

1315 4581 1399 4664 υὴι,
