2924 4972
182 225 672 293 ΠΑΡΑΛΕΙΠΟΜΕΝΩΝ
694 227 828 289 ΔΕΥΤ.
872 228 951 303 Κεφ.
965 221 1074 301 ιγ’.ιδ’.
1091 225 1139 291 13.
1157 221 1205 291 14.
1256 222 1320 296 44ἱ

68 354 213 436 Ἐφραίμ,
238 351 289 413 καί
310 347 397 413 εἶπεν.
424 341 574 412 ἀκούσατε
587 343 679 431 Ἴερο-
714 351 777 432 δρες
794 345 909 423 Ἰούδα,
935 355 985 416 καί
1002 353 1115 427 ἐγένετο
1135 354 1167 417 έν
1185 356 1228 436 τρὶ
1244 357 1319 456 βοήν

69 435 150 522 βοάμ
162 434 283 506 καὶπᾶς
293 429 427 515 Ἰσραήλ
440 428 516 515 ἱοῦχ
531 426 595 512 ύμῖν
603 435 681 508 γνῶ-
713 434 823 516 ἀνδρας
833 428 943 507 Ἰούδα,
952 435 1003 497 καί
1015 461 1117 519 κυριος
1126 431 1253 512 ἐπάταξε
1266 462 1319 502 τον

70 545 117 583 ναι
134 514 181 582 ὅτε
200 511 301 601 κύριος
318 511 337 579 ἀ
353 512 428 588 θεός
445 512 569 618 Ἰσραήλ
591 515 681 579 ἔδωκε
708 514 867 601 Ἱεροβοάμ
888 518 940 581 καί
963 514 1016 582 τόν
1039 515 1163 602 Ἰσραήλ
1186 522 1319 584 ἐναντίον

70 602 193 689 βασιλέα
206 603 257 664 ἐπὶ
269 598 322 664 τόν
332 596 455 683 Ἰσραήλ
467 602 507 672 είς
519 623 572 663 τον
585 601 680 662 αἱαὶνα
708 597 792 686 Ἀβιά
806 603 858 664 καί
867 596 979 665 Ἰούδα.
997 602 1080 665 16καὶ
1092 606 1202 681 ε”ρυγον
1215 605 1247 666 οἱ
1259 604 1319 666 υἱοί

71 689 116 769 τῷ
123 684 222 750 Λαυίδ
232 683 360 755 καὶτοῖς
373 685 449 757 υἱοῖς
461 679 558 746 αὐτοῦ
570 677 680 764 διαθή-
709 680 834 767 Ἰσραήλ
855 680 919 746 ἀπὸ
935 683 1098 768 προςιόπου
1122 681 1243 761 Ἰούδα,
1268 685 1319 749 καί

70 797 107 851 κη
119 765 209 846 ἀλόςς
222 767 300 831 0καί
312 765 420 849 ἀνέστη
428 762 582 851 Ἶεροβοάμ
595 762 613 829 ὁ
625 768 680 830 τοῦ
710 766 882 851 παρέδωκεν
899 765 1009 842 αὐτοὺς
1025 763 1124 868 κύριος
1139 772 1180 843 είς
1195 768 1249 842 τὰς
1260 778 1315 854 χεὶ·

70 851 184 937 Ναβάτ
203 847 221 915 ὁ
238 860 312 925 παῖς
328 844 487 930 Σαλωμών
502 852 559 912 τοῦ
571 848 677 922 Δαυίδ,
711 874 766 934 ρας
779 846 888 914 αὐτῶν.
914 851 941 892 ¹⁷
954 853 1005 914 καί
1015 853 1160 926 έπαταξεν
1172 855 1203 916 ἱν
1215 849 1318 928 αὐτοῖς

70 938 121 999 καί
146 933 263 1017 ἀπέστη
289 932 354 998 ἀπὸ
377 936 434 998 τοῦ
451 936 555 1016 κυρίου
572 930 676 997 αὐτοῦ.
705 930 791 1019 Ἀβιά
807 933 858 996 καί
873 928 890 996 ό
904 929 977 1007 λαός
995 931 1089 999 αὐτοῦ
1101 931 1218 1037 πληγήν
1228 931 1318 1036 μεγά-

72 1019 150 1083 7καί
168 1014 360 1102 συνήχθησαν
378 1012 455 1100 πρὸς
472 1010 564 1079 αὐτόν
576 1015 679 1100 ἀνδρες
710 1016 779 1100 λην,
804 1016 857 1081 καί
872 1019 976 1081 ε”πεσον
989 1022 1166 1100 τραυματίαι
1179 1044 1240 1082 υπο
1257 1017 1317 1083 Ἰσ-

71 1101 168 1182 λοιμοὶ
193 1102 255 1164 υἱοὶ
280 1095 467 1182 παράνομοι,
496 1099 548 1162 καί
571 1097 679 1181 ἀνέστη
710 1098 789 1186 ραήλ
803 1095 994 1165 πεντακόσιαι
1011 1094 1136 1184 χιλιάδες
1152 1099 1317 1185 άνδρεςδυ-

73 1183 152 1266 πρὸς
158 1179 294 1268 Ῥοβοάμ
306 1182 360 1247 τὸν
372 1187 428 1245 τοῦ
439 1181 606 1262 Σαλωμάν,
628 1184 680 1246 καὶ
711 1187 805 1248 νατοί.
843 1183 873 1227 ¹⁸
886 1184 938 1247 καί
957 1177 1203 1266 ἐταπεινώθησαν
1215 1186 1247 1247 οἱ
1260 1185 1318 1247 υἱοί

66 1262 204 1349 Ῥοβοάμ
228 1253 263 1347 ήν
287 1261 427 1345 νεώτερος
452 1265 503 1328 καί
527 1260 679 1356 δειλδςτή
708 1262 829 1350 Ἰσραήλ
847 1268 928 1355 ίντῇ
941 1264 1035 1369 ήμέρᾳ
1049 1269 1157 1351 ἐκείνη,
1183 1267 1319 1330 καὶκατ-

73 1348 199 1433 καρδίᾳ,
221 1348 272 1410 καὶ
285 1345 340 1411 οάκ
357 1343 485 1429 ἀντέστη
498 1343 576 1411 κατά
589 1339 680 1432 πρός-
712 1354 833 1450 ίσχυσαν
846 1351 877 1412 οἱ
892 1352 953 1414 υἱοί
969 1346 1064 1417 Ιούδα
1074 1346 1120 1415 ὅτι
1131 1348 1259 1432 ήλπισαν
1269 1347 1318 1413 ίπὶ

73 1455 160 1495 ωπον
178 1426 283 1494 αὐτοῦ.
321 1430 402 1494 8καὶ
420 1433 471 1493 νῦν
489 1423 568 1512 ὑμεῖς
583 1430 680 1507 λέγετε
712 1457 815 1512 κυριον
824 1429 896 1495 θεὸν
905 1436 964 1496 τῶν
972 1436 1111 1519 πατέρων
1119 1431 1228 1498 αάταὶν.
1235 1434 1319 1497 19καὶ

73 1514 245 1598 ἀντιστῆναι
264 1509 343 1578 κατά
358 1506 519 1599 πρόςωπον
530 1513 680 1599 βασιλείας
712 1515 881 1591 κατεδίωξεν
891 1512 974 1602 Ἀβιά
984 1513 1256 1602 ἀπίσωὶίεροβοάμ,
1267 1516 1318 1581 καί

73 1605 177 1682 κυρίου
201 1593 250 1662 διά
272 1596 366 1682 χειρός
390 1599 464 1660 υἱῶν
481 1596 587 1660 Δαυίδ.
629 1598 681 1661 καὶ
711 1594 950 1686 προκατελάβετο
975 1598 1045 1685 παρ’
1066 1599 1161 1665 αὐτοῦ
1187 1600 1242 1675 τάς
1259 1594 1315 1664 πό·

73 1678 153 1765 ὑμεῖς
177 1682 297 1765 πλῆθος
318 1678 413 1755 πολύ,
439 1679 491 1743 καί
511 1677 577 1762 μεθ’
599 1675 681 1764 ὑμῶν
711 1682 783 1757 λεις,
810 1680 864 1767 τήν
876 1682 1004 1766 Βυιθήλ
1019 1686 1070 1748 καί
1083 1681 1136 1759 τάς
1148 1678 1248 1765 κώμας
1261 1680 1317 1747 αύ-

71 1760 179 1848 μόσχοι
190 1776 297 1849 χρυσοῖ
304 1761 357 1839 οὓς
367 1768 503 1846 ἐποίησεν
512 1761 578 1867 ύμῖν
585 1760 679 1849 Ἶερο-
711 1770 777 1868 της,
802 1767 854 1830 καί
874 1766 927 1851 τήν
950 1763 1062 1832 Ἰεουνά
1079 1770 1131 1831 καί
1146 1765 1201 1842 τάς
1217 1762 1318 1871 κώμας

69 1845 149 1933 βοάμ
159 1852 197 1923 εἱς
208 1842 308 1923 θεούς.
329 1846 369 1931 ⁰31¹
382 1845 438 1912 οάκ
449 1848 596 1953 ίξεηίυλετε
609 1846 678 1923 τούς
710 1854 817 1931 αυτής,
829 1851 882 1914 καί
893 1848 947 1935 τήν
955 1848 1076 1933 Ἔιγράν
1088 1852 1139 1915 καί
1151 1847 1205 1925 τάς
1218 1876 1317 1932 κωμας

71 1936 153 2015 ἱερεῖς
178 1937 282 2016 κυρίου
299 1928 369 2008 τούς
388 1928 472 2006 υἱούς
490 1928 609 2018 Ααράν
626 1934 677 1996 καί
710 1931 809 2018 αάτής.
846 1936 878 1979 ²⁰
889 1936 941 1999 καί
959 1933 1015 2000 οὐκ
1033 1939 1112 2018 ἔσχεν
1129 1933 1210 2039 ἱσχὺν
1221 1930 1315 2018 Ἱερο-

70 2016 140 2090 τούς
150 2022 296 2090 Λευίτας,
321 2017 372 2081 κυὶ
384 2011 546 2096 ἐποιήσατε
558 2018 676 2090 ἑαυτοῖς
707 2014 786 2120 βοάμ
799 2019 842 2082 ἔτι
854 2013 954 2093 πάσας
966 2015 1020 2092 τάς
1033 2014 1142 2103 ήμέρας
1158 2014 1248 2105 Αβιά,
1266 2019 1316 2082 καί

71 2103 153 2183 ἱερεῖς
171 2103 203 2163 ἐκ
219 2103 274 2163 τοῦ
287 2098 365 2164 λαού
382 2103 434 2178 τής
445 2104 499 2183 γής
517 2095 631 2182 πάσης,·
656 2095 674 2162 ὁ
709 2103 852 2176 ἐπυταξεν
876 2098 970 2165 αὐτὸν
995 2097 1105 2182 κύριος.
1130 2102 1182 2166 καί
1204 2095 1315 2167 ἐτελεύ-

69 2178 567 2267 προςπορευόμενοςπληρῶσαιτάς
578 2192 676 2283 χεῖρας
710 2208 787 2247 τσε.
824 2185 915 2246 21καί
941 2188 1111 2266 κατίσχυσεν
1130 2182 1231 2270 Ἀβιά,
1267 2186 1316 2248 καί

71 2266 101 2326 ἐν
113 2261 210 2346 μόσχῳ
223 2266 255 2326 ἐκ
267 2268 346 2347 βοῶν
358 2266 409 2327 καί
421 2276 513 2344 κριοῖς
525 2267 613 2335 ἑπτα,
625 2266 677 2327 καί
710 2211 817 2347 ἔλαβεν
829 2267 926 2345 ἑαυτῷ
940 2278 1078 2340 γυναῖκας
1091 2267 1315 2353 δεκατέσσαρας,

71 2349 183 2419 ἐγίνετο
192 2349 230 2418 εἱς
240 2347 321 2428 ἱερέα
331 2348 374 2425 τῷ
382 2342 421 2444 μή
431 2345 493 2407 ὅντε
507 2349 581 2426 θεῷ.
594 2346 677 2407 10καὶ
710 2348 762 2409 καὶ
773 2347 923 2429 ἐγέννησεν
940 2345 1025 2420 υἱούς
1038 2347 1187 2412 είκοσιδύο
1205 2353 1255 2413 καὶ
1267 2352 1315 2414 ε’κ-

73 2423 154 2508 ήμεῖς
178 2423 280 2508 κύριον
297 2425 351 2489 τὸν
369 2435 442 2488 θεον
458 2422 541 2506 ήμῶν
559 2423 614 2488 οάκ
631 2430 678 2501 ἐγ·
711 2428 832 2490 καίδεκα
847 2430 1025 2510 θυγατέρας.
1063 2432 1092 2470 ²²
1105 2432 1156 2491 καὶ
1173 2433 1205 2492 οἱ
1216 2430 1317 2493 λοιποί

72 2506 279 2588 κατελίπομεν,
305 2508 355 2570 καί
372 2511 404 2570 οἱ
417 2510 499 2591 ἱερεῖς
515 2504 611 2571 αύτού
623 2506 678 2568 λει-
711 2504 796 2583 λόγοι
807 2505 893 2592 Ἀβιά
910 2511 961 2570 καί
980 2512 1013 2570 αἱ
1026 2505 1145 2591 πράξεις
1159 2507 1254 2574 αὐτοῦ
1268 2514 1318 2575 καί

69 2596 231 2676 τουργούσι
256 2594 301 2672 τῷ
324 2596 416 2675 κυρίῳ
436 2594 467 2654 οἱ
483 2593 543 2655 υἱοί
561 2586 680 2673 Ἀαράν
713 2594 744 2653 οἱ
756 2587 841 2665 λόγοι
860 2587 972 2665 αὐτοῦ,
995 2594 1189 2673 γεγραμμένοι
1207 2594 1255 2655 ἐπὶ
1271 2596 1318 2676 βι-

69 2677 121 2740 κοὶ
133 2679 165 2739 οἱ
176 2681 316 2747 Λευῖται,
328 2675 379 2737 καί
392 2677 423 2737 ἒν
434 2684 500 2748 ταῖς
511 2676 679 2757 ἐφημερίαις
710 2673 786 2758 βλίῳ
800 2677 856 2736 τού
868 2668 1027 2758 προφήτου
1038 2672 1143 2739 Ἀδδοί.

69 2757 170 2823 αὐτῶν
195 2761 219 2798 ¹¹
235 2760 360 2838 θυμιῶσι
377 2761 422 2838 τῷ
433 2762 525 2842 κυρίῳ
545 2750 678 2821 ὃλοκαύ-
895 2762 970 2820 ΚΕ
983 2762 1020 2821 (ἱ).
1064 2753 1133 2823 M'.

69 2868 155 2924 τωμα
174 2841 259 2925 πρωῒ
273 2843 324 2905 καί
336 2840 443 2922 δείλης,
468 2842 519 2905 καί
538 2845 677 2922 θυμίαμα
711 2804 794 2905 Καί
805 2837 955 2905 ἀπέθανεν
970 2837 1052 2930 Ἀβιά
1063 2839 1138 2926 μετά
1150 2845 1211 2906 τῶν
1222 2843 1317 2907 πατέ-

70 2927 249 2998 συνθέοεως,
275 2927 327 2988 καὶ
341 2926 499 3007 προθέσεις
512 2922 612 3008 ἀρτων
625 2924 676 2986 ἐπί
729 2950 772 2989 ων
784 2922 895 3001 αὐτοῦ,
908 2927 959 2989 καί
971 2928 1095 3008 ἔθαψαν
1106 2924 1201 2991 αὐτὸν
1213 2928 1244 2990 έν
1257 2920 1316 2989 πό-

67 3015 121 3092 τής
135 3010 279 3092 τραπεὶζης
292 3013 343 3090 τῆς
355 3012 502 3092 καθαρᾶς,
515 3010 567 3072 καί
578 3003 595 3090 ή
606 3006 675 3091 λυχ-
709 2951 750 3073 λιι
764 3008 874 3082 Δαυίδ,
899 3010 951 3073 καὶ
965 3010 1148 3096 ἐβασίλευσεν
1161 3008 1234 3075 Ἀοά
1255 3004 1316 3083 υἱὸς

68 3099 117 3156 νίυ
131 3089 148 3174 ή
160 3096 250 3176 χρυοή
264 3092 314 3154 καί
327 3095 358 3155 οἱ
369 3091 468 3176 λυχνοὶ
480 3096 532 3175 τής
544 3086 674 3164 καύσεως
709 3090 807 3156 αὐτοῦ
830 3089 894 3156 ἀντ’
913 3091 1017 3158 αὐτοῦ.
1055 3098 1087 3159 έν
1105 3104 1170 3169 ταῖς
1195 3090 1315 3177 ἡμέραις

67 3172 184 3257 ἀνάψαι
201 3175 301 3257 δείλης.
326 3172 373 3238 ὅτι
393 3170 582 3256 φυλάσσομεν
597 3171 673 3257 ήμεῖς
702 3173 778 3241 Ἀσά
796 3171 939 3261 ήούχασεν
955 3174 974 3278 ή
991 3182 1028 3262 γή
1043 3172 1145 3242 Ἰούδα
1162 3178 1235 3242 δέκα
1252 3181 1313 3258 ἔτη,

67 3257 122 3332 τάς
135 3257 269 3338 φυλακάς
281 3263 383 3340 κυρίου
394 3263 448 3321 τοῦ
458 3263 532 3322 θεοῦ
541 3263 602 3321 τῶν
611 3284 672 3321 πα·
706 3261 784 3323 2καί
804 3263 925 3343 ἐποίησε
942 3286 979 3324 το
995 3257 1088 3324 καλὸν
1106 3262 1157 3323 καί
1174 3260 1209 3323 τό
1228 3258 1313 3331 εάθές

68 3345 162 3424 τέρων
187 3338 283 3423 ήμῶν,
310 3343 360 3404 καί
379 3337 456 3420 ὑμεῖς
473 3340 673 3415 ἐγκατελίπετε
707 3339 833 3406 ἐντόπιον
844 3349 948 3427 κυρίου
962 3347 1018 3405 τοῦ
1030 3346 1108 3405 θεοῦ
1121 3340 1227 3405 αὐτοῦ.
1244 3343 1313 3404 3καὶ

67 3419 169 3490 αὐτόν.
195 3427 221 3464 ¹²
235 3425 286 3486 καί
300 3422 365 3487 ἰδού
377 3421 444 3505 μεθ’
462 3419 541 3504 ήμῶν
556 3426 586 3484 ἐν
598 3419 673 3513 ἀρχή
707 3422 855 3507 ἀπέστησε
872 3425 910 3489 τά
922 3422 1128 3509 θυσιαστήρια
1145 3427 1207 3487 τῶν
1220 3421 1312 3487 ἀλλο

66 3503 167 3590 κύριος
178 3506 229 3567 καί
241 3509 269 3568 οἱ
283 3509 363 3588 ἱερεῖς
375 3503 542 3578 αύτού,καί
554 3507 588 3566 αἱ
600 3503 673 3567 οάλ-
707 3511 797 3588 τρίων
819 3510 871 3571 καί
889 3506 926 3574 τά
945 3504 1065 3589 ὑψηλά,
1090 3506 1142 3569 καί
1159 3508 1313 3587 συνέτριψε

66 3614 168 3666 πιγνες
182 3590 232 3668 τῆς
245 3593 385 3667 σημασίας
401 3591 457 3653 τοῦ
471 3591 617 3670 σημαίνειν
628 3584 671 3663 ἐφ’
708 3591 761 3662 τὰς
772 3586 891 3671 στήλας,
900 3592 951 3655 καί
961 3593 1084 3671 ἐξέκοψε
1094 3585 1132 3653 τά
1142 3586 1229 3671 ἀλοη,
1241 3589 1313 3652 4καὶ

67 3673 153 3760 ἡμᾶς.
174 3674 206 3734 οἱ
222 3672 280 3734 υἱοὶ
292 3674 348 3732 τοῦ
358 3667 479 3756 Ἰσραήλ
491 3669 531 3752 μή
545 3665 675 3751 πολεμή-
708 3669 768 3733 εἶπε
784 3676 830 3753 τῷ
850 3670 953 3738 Ἰούδα
970 3677 1121 3757 ἐκζητήσαι
1140 3671 1194 3737 τὸν
1211 3668 1312 3760 κύριον

67 3781 137 3840 σητε
154 3751 230 3836 πρὸς
247 3751 350 3837 κύριον
365 3752 440 3817 θεὸν
455 3758 516 3816 τῶν
535 3754 675 3836 πατέρων
709 3752 780 3817 θεὸν
795 3758 855 3817 τῶν
867 3760 1004 3841 πατέρων
1017 3755 1132 3833 αὐτῶν,
1161 3759 1212 3821 καί
1222 3760 1311 3840 ποιή-

70 3839 165 3924 ήμῶν,
178 3837 224 3903 ὅτι
238 3833 294 3900 οὐκ
305 3831 482 3901 εύοδιόσεται
493 3834 569 3918 ύμῖν.
587 3837 675 3899 13καὶ
709 3862 757 3900 σαι
770 3832 823 3898 τὸν
840 3832 928 3917 νόμον
946 3842 997 3901 ’καί
1009 3839 1062 3912 τὰς
1077 3840 1208 3914 ἐντολάς.
1235 3842 1248 3883 ⁵
1261 3842 1312 3905 καὶ

63 3920 217 4008 Ἱεροβοάμ
228 3918 395 4004 ἀπέστρεψε
405 3917 439 3983 τά
450 3921 565 4004 ένιδρον
575 3919 674 3984 ἐλθεῖν
708 3917 873 4002 ἀπέστησεν
887 3917 950 3983 ἀπὸ
963 3926 1071 3987 πασοὶν
1083 3920 1199 3988 πόλεων
1210 3920 1311 3989 Ἰουδα

69 4004 154 4088 αὐτῷ
167 4009 199 4070 ἐκ
214 4010 273 4069 τῶν
286 4003 413 4078 ὄπισθε,
432 4003 484 4066 καί
497 4005 609 4080 ἐγένετο
622 4007 672 4086 έμ-
707 4001 746 4067 τά
770 3999 972 4087 θυσιαστήρια
989 4007 1041 4068 καί
1057 4003 1097 4068 τά
1114 4007 1237 4082 εἴδωλα,
1261 4009 1311 4072 καί

67 4099 202 4174 προσθεν
212 4084 321 4162 Ἰούδα,
335 4089 386 4151 καί
398 4086 433 4151 τὸ
447 4087 601 4172 ένεδρονέκ
613 4093 673 4152 τῶν
706 4082 863 4172 είρήνευοεν
898 4088 914 4129 ⁶
930 4085 1029 4162 πόλεις
1056 4086 1192 4175 τειχήρεις
1216 4096 1247 4156 ἐν
1272 4093 1312 4178 κη’

67 4172 200 4237 όπιοθεν.
236 4174 331 4236 14καί
348 4169 533 4255 ἀπέστρεψεν
548 4166 671 4246 Ἰούδας,
702 4168 820 4248 Ἰούδα,
845 4166 893 4234 δ’τι
909 4166 1068 4257 εἱρήνευσεν
1080 4169 1098 4258 ή
1110 4181 1165 4258 γή,
1191 4177 1242 4239 καὶ
1255 4172 1311 4238 οὐκ

67 4259 120 4320 καὶ
133 4254 197 4319 ἰδού
213 4252 315 4330 αὐτοῖς
327 4251 344 4317 ὁ
357 4253 485 4337 πόλεμος
504 4257 535 4318 ἐκ
548 4259 608 4319 τῶν
620 4258 672 4337 ἔμ-
707 4243 742 4336 ήν
755 4253 838 4339 αύτῷ
850 4252 978 4337 πόλεμος
990 4258 1021 4319 ἐν
1029 4269 1092 4333 τοῖς
1100 4261 1175 4323 δ’τεοι
1186 4254 1238 4322 τού
1243 4283 1311 4332 τοις,

67 4348 186 4422 προσθε
199 4340 249 4402 καί
262 4341 294 4401 ἐκ
307 4342 367 4403 τάν
377 4337 514 4412 ὄπισθεν,
524 4341 575 4402 καί
584 4336 673 4439 ἐδάη·
705 4335 752 4401 ὅτι
764 4341 934 4405 κατέπαυσε
947 4335 1046 4425 κύριος
1059 4339 1151 4422 αύτῷ.
1170 4343 1238 4403 7καὶ
1251 4338 1311 4403 εἱπε

66 4446 124 4487 σαν
137 4419 213 4506 πρὸς
224 4415 335 4502 κύριον,
347 4425 400 4486 καὶ
411 4425 442 4486 οἱ
456 4425 537 4502 ἱερεῖς
548 4422 672 4486 ἕσαλπι-
705 4425 751 4503 τῷ
760 4418 871 4487 Ἰούδα.
898 4420 1135 4505 οἰκοδομήσομεν
1146 4420 1201 4495 τάς
1213 4418 1312 4494 πόλεις

66 4528 123 4571 σαν
137 4514 201 4578 ταῖς
214 4499 360 4583 σάλπιγξι.
378 4505 466 4570 15καί
479 4500 606 4591 ἐβόησαν
618 4501 672 4567 ἀν·
687 4568 689 4577 ,
707 4502 827 4582 ταύτας,
839 4509 891 4571 καί
903 4501 1072 4587 ποιήσωμεν
1085 4509 1163 4586 τείχη
1173 4504 1224 4566 καί
1234 4499 1309 4584 πύρ-

1248 4605 1327 4655 W&
