2924 4972
379 240 693 308 ΖΑΧΑΡΙΑΣ
732 233 998 320 Κεῳ.δ’.ε’.ς’.4.
1012 237 1042 304 5.
1055 237 1086 303 6.
1223 233 1356 344 ,λδ-’ί

108 359 222 447 λύχνοις
238 371 303 438 τοῖς
322 360 424 426 ἐπάνω
437 358 544 443 αὐτῆς,
570 360 650 423 3καί
661 356 716 425 δύο
750 355 892 425 θανάτου
919 354 1157 440 ίκδικηθησεται,
1179 356 1232 420 καί
1256 359 1316 430 πᾶς
1341 350 1359 419 ὅ

110 447 207 511 έλαῖαι
220 441 322 511 ἐπάνω
336 442 717 527 αὐτῆς,μίαέκδεξιῶντού
751 447 890 527 ἐπίορκος
921 444 953 506 ἐκ
978 437 1090 505 τούτου
1125 434 1358 524 ίκδικηθησεται.

110 529 281 612 λαμπαδίου
293 525 400 609 αὐτῆς,
427 529 478 591 καί
494 531 549 610 μία
562 528 592 602 ἐξ
604 522 718 592 εύιονύ-
750 526 830 591 4καί
843 527 948 602 ἐξοίσω
962 520 1055 597 αὐτὸ,
1081 522 1156 600 λέγει
1169 519 1271 606 κύριος
1279 548 1357 588 παν-

109 639 180 697 μων.
208 612 281 676 4καὶ
293 605 484 694 έπηριότησα,
495 612 546 674 καί
558 608 629 675 εἶπα
640 607 718 694 πρὸς
750 605 918 695 τοκράτωρ,
930 608 983 672 καί
995 602 1180 682 είςελεύσεται
1193 610 1232 680 είς
1244 605 1298 672 τὸν
1311 604 1359 671 ol·

109 696 167 762 τὸν
191 693 319 773 άγγελον
342 693 398 757 τὸν
412 693 566 758 λαλοῦντα
583 695 616 759 ἐν
639 694 717 776 ἐμοὶ,
751 718 804 758 κον
822 696 877 757 τοῦ
897 690 1045 766 κλέπτου,
1071 691 1127 788 καί
1142 693 1182 764 εἷς
1200 686 1253 753 τὸν
1273 687 1359 755 οἶκον

110 780 213 858 λέγων.
240 781 271 841 τί
294 781 356 842 ἐστι
383 781 481 842 ταῦτα
505 772 602 862 κύριε,·
640 779 719 841 ὅκαί
750 780 808 841 τού
833 774 994 860 ὀμνύοντος
1016 777 1062 838 τιό
1075 772 1204 858 ὀνοματί
1225 797 1282 854 μου
1307 774 1360 836 ἐπὶ

111 859 293 944 άπεκρίθηὸ
308 858 434 939 άγγελος
452 855 587 925 όλαλῶν
599 863 630 925 ἐν
643 860 719 943 έμσί,
750 856 863 944 ψεύδει,
888 861 939 924 καί
961 839 1121 923 καταλύσει
1143 860 1174 920 ἐν
1195 859 1278 939 μέσῳ
1301 855 1361 920 τού

110 946 162 1010 καί
174 943 234 1009 εἶπε
245 941 323 1029 πρὸς
334 944 382 1028 μὲ,
394 943 498 1021 λέγων.
518 940 555 1007 ού
569 939 720 1021 γινώσκεις
752 945 838 1008 οἴκου
862 940 970 1016 αὐτοῦ,
992 941 1044 1006 καί
1067 939 1229 1006 συντελέσει
1253 936 1359 1014 αύτόν,

111 1033 141 1094 τί
152 1032 213 1094 ἐστι
232 1032 345 1107 ταῦτα,-
372 1028 424 1093 καί
442 1024 520 1091 εἶπα.
547 1025 613 1111 ούχί
630 1021 667 1092 κύ
686 1051 718 1091 ιε.
751 1029 802 1091 καί
816 1025 854 1091 τά
868 1021 944 1103 ξύλα
962 1022 1075 1100 αὐτοῦ,
1101 1024 1157 1087 καί
1168 1020 1239 1098 τούς
1251 1022 1359 1096 λίθους

109 1115 189 1177 0καί
201 1110 366 1196 άπεκρίθη,
380 1112 432 1173 καί
443 1107 504 1174 εἷπε
515 1106 593 1195 πρὸς
605 1108 656 1192 μί,
667 1053 720 1175 λί-
752 1107 857 1175 αύτού.
893 1109 907 1152 ⁶
921 1109 973 1173 καί
997 1107 1123 1191 ἐξῆλθεν
1147 1102 1165 1171 ὁ
1192 1104 1315 1184 άγγελος
1340 1101 1358 1169 ὁ

110 1220 181 1274 γων.
207 1187 328 1267 ούτοςὸ
347 1188 438 1270 λόγος
450 1198 555 1276 κυρίου
568 1192 645 1278 πρὸς
658 1197 718 1259 Ζο-
752 1193 852 1258 λαλῶν
866 1195 896 1256 έν
909 1193 984 1274 έμοί,
997 1195 1048 1256 καί
1060 1190 1121 1256 είπε
1132 1189 1210 1275 πρὸς
1222 1192 1267 1275 μέ.
1282 1184 1360 1254 άνά·

112 1272 259 1424 ροβάβελ,
279 1276 383 1353 λέγων.
412 1273 469 1340 ούκ
488 1280 519 1341 έν
537 1273 658 1361 δυνάμει
669 1301 721 1361 μι-
750 1277 865 1365 βλειμον
885 1287 950 1351 τοῖς
969 1273 1144 1357 ὀφθαλμοῖς
1159 1299 1232 1349 σου,
1254 1274 1306 1337 καί
1319 1273 1360 1338 ίδε

110 1359 151 1439 γά
171 1388 199 1452 η,
213 1357 282 1425 οὐδὲ
295 1363 326 1424 ἐν
338 1357 427 1446 ἰσχύϊ,
436 1356 517 1424 άλλά
529 1362 562 1425 ἐν
573 1357 721 1444 πνεύματί
750 1358 787 1424 τὸ
810 1359 1038 1445 ἐκπορευόμενον
1052 1363 1156 1424 τοῦτο.
1182 1357 1261 1422 ὃκαί
1279 1354 1358 1423 είπα.

110 1468 182 1528 μου,
195 1444 271 1519 λέγει
284 1438 386 1528 κύριος
401 1439 629 1529 παντοκράτωρ.
657 1446 720 1518 7τίς
752 1448 784 1508 τί
800 1447 879 1524 ἐστι,
904 1444 956 1506 καί
973 1440 1044 1508 εἶπε.
1085 1444 1178 1506 τούτο
1197 1440 1233 1506 τὸ
1250 1443 1360 1525 μέτρον

112 1526 141 1594 εί
151 1523 186 1592 σύ
200 1524 236 1590 τὸ
250 1525 321 1610 όρος
333 1525 370 1592 τὸ
387 1529 465 1612 μέγα
477 1524 513 1591 τὸ
526 1523 588 1611 πρὸ
600 1523 720 1613 προςά-
752 1523 789 1591 τό
803 1520 1045 1612 ἐκπορευόμενον.
1071 1525 1123 1590 καί
1135 1522 1223 1590 εἶπεν.
1248 1518 1359 1608 αύτηῆ

111 1636 172 1676 που
185 1605 360 1698 Ζοροβάβελ
372 1614 429 1675 τοῦ
440 1614 639 1697 κατορθῶσαι
642 1639 656 1690 ,·
668 1609 721 1674 καί
752 1608 854 1676 άδικία
875 1607 977 1675 αύτῶν
1000 1611 1032 1675 έν
1053 1604 1136 1700 πάση
1155 1613 1193 1699 τῇ
1206 1613 1253 1696 γῇ.
1280 1609 1360 1673 Ι’καί

111 1696 218 1770 ἐξοίσω
232 1690 439 1780 τὸνλίθοντῆς
448 1694 641 1778 κληρονομίαις
654 1689 719 1760 ίαό-
752 1690 818 1759 ἰδού
838 1689 986 1760 τάλαντον
1003 1693 1147 1779 μολίβδου
1161 1689 1357 1776 ἐξαιρόμενον.

112 1802 191 1859 τητα
201 1778 324 1861 χάριτος
335 1777 442 1863 χάριτα
455 1775 556 1862 αὐτῆς.
595 1778 719 1844 8καίέ-
750 1779 801 1842 καὶ
819 1773 886 1842 ίδού
902 1774 976 1861 γυνη
1000 1783 1055 1861 μία
1072 1774 1207 1862 ἐκάθητο
1225 1781 1257 1842 ἐν
1274 1779 1357 1860 μέσῳ

111 1862 214 1940 γένετο
224 1857 315 1940 λόγος
332 1866 436 1947 κυρίου
455 1861 533 1946 πρὸς
541 1860 592 1944 μέ,
615 1861 717 1940 λέγων.
750 1865 806 1926 τοῦ
824 1863 942 1946 μέτρου.
968 1861 1050 1926 8καί
1065 1859 1152 1927 εἶπεν.
1181 1855 1259 1944 αύτη
1275 1859 1357 1924 ἐστίν

112 1946 183 2010 οαἱ
224 1955 293 2031 εἴρες
318 1940 496 2033 Ζοροβάβελ
520 1945 718 2030 έθεμελίωσαν
750 1939 902 2030 ἢάνομία,
912 1946 964 2009 καί
975 1946 1096 2031 ἔρριψεν
1110 1942 1204 2030 αὐτὴν
1215 1949 1255 2020 εἰς
1266 1946 1358 2027 μέσον

111 2023 168 2093 τὸν
181 1970 265 2094 ούιον
279 2032 397 2105 τοῦτον,
410 2032 462 2094 καί
473 2032 507 2094 αἱ
517 2039 609 2114 χεῖρες
621 2027 717 2094 αὐτού
749 2032 805 2093 τού
818 2031 940 2114 μέτρου,
954 2032 1007 2094 καὶ
1015 2030 1117 2132 ἔρριψε
1128 2025 1184 2093 τὸν
1197 2028 1289 2093 λίθον
1300 2031 1357 2092 τοῦ

111 2112 328 2177 ἐπιτελέοουσιν
352 2110 464 2188 αὐτὸν,
490 2114 542 2176 καί
567 2109 717 2207 έπιγνοίση
748 2111 874 2200 μολίβου
889 2116 927 2187 εἰς
941 2111 977 2177 τὸ
991 2137 1089 2216 στομα
1101 2110 1201 2198 αὐτῆς,
1228 2099 1357 2204 onais}-

111 2190 187 2258 διότι
199 2190 298 2279 κύριος
307 2191 526 2281 παντοκράτωρ
537 2196 717 2271 ε’ξαπέσταλ·
748 2220 788 2276 ρα
800 2193 871 2270 τοὺς
882 2195 1063 2277 ὀφθαλμους
1074 2221 1148 2277 μου,
1161 2197 1212 2259 καί
1226 2195 1300 2271 ἴδον,
1305 2196 1356 2258 καί

111 2279 147 2341 κέ
157 2303 191 2360 με
202 2276 282 2381 πρὸς
298 2280 339 2343 σέ.
364 2279 393 2321 ¹⁰
405 2274 484 2343 διότι
500 2283 545 2351 τίς
557 2278 715 2354 ἐξουδένω·
749 2273 814 2341 ίδού
827 2274 882 2343 δύο
893 2290 1028 2355 γυναῖκες
1039 2274 1279 2362 ἐκπορευόμεναι,
1304 2281 1356 2341 καί

111 2384 158 2424 σεν
171 2365 210 2433 εἲς
222 2362 332 2444 ημέρας
343 2357 456 2445 μικράς,
481 2361 533 2423 καί
545 2366 716 2445 ηαροῦνται,
747 2364 861 2443 πνεῦμα
877 2364 909 2427 ἐν
926 2371 992 2435 ταῖς
1010 2362 1149 2445 πτέρυξιν
1161 2357 1279 2435 αὐτῶν,
1304 2363 1356 2424 καί

111 2443 163 2506 καί
181 2440 312 2520 ίίψονται
329 2440 383 2507 τὸν
400 2443 489 2508 λίθον
506 2439 560 2508 τὸν
577 2447 718 2509 κασσιτέ·
749 2432 839 2507 αύται
850 2441 1083 2545 εἷχμνπτέρυγας
1094 2446 1274 2519 ἔποπος,καὶ
1286 2440 1356 2507 ἀνέ-

111 2549 193 2629 ρινον
205 2526 236 2592 έν
247 2527 318 2610 χειρί
330 2521 515 2614 Ζοροβάβελ
540 2524 619 2592 ἑπτά
632 2518 717 2591 ούτοι
748 2525 845 2613 λάβον
866 2551 903 2590 το
924 2528 1033 2612 μέτρον
1051 2524 1200 2610 άναμέσον
1217 2533 1269 2606 τῆς
1290 2530 1355 2609 γῆς,

111 2608 271 2691 οφθαλμοί
292 2613 363 2674 εἰσιν
385 2614 416 2675 οί
438 2609 646 2714 έπιβλέποντες
666 2613 716 2675 ἐπὶ
748 2614 799 2674 καί
812 2608 964 2695 άναμίσον
976 2614 1032 2674 τοῦ
1046 2607 1187 2695 ούρανοῦ.
1213 2613 1242 2653 ¹⁰
1251 2612 1302 2675 καί
1314 2608 1355 2675 εἷ-

110 2695 210 2758 πάοαν
221 2689 276 2796 την
286 2696 351 2777 γῆν.
376 2694 652 2778 11καλαπεκρίθην,
666 2696 716 2758 καί
747 2718 792 2757 πα
808 2691 887 2777 πρὸς
902 2690 955 2758 τὸν
983 2691 1110 2799 άηγελον
1128 2689 1183 2758 τὸν
1202 2692 1354 2759 λαλοῦντα

111 2773 181 2842 εδπα
202 2802 280 2863 προς
302 2770 405 2841 αὐτόν.
431 2781 464 2840 τί
484 2781 519 2841 αί
541 2771 596 2842 δύο
616 2777 715 2843 -έλαῐαι
747 2781 778 2842 ἐν
802 2780 875 2859 ἐμοί.
901 2781 965 2843 πού
988 2802 1078 2842 αυτοιι
1103 2775 1291 2864 ἀποφέρουσι
1316 2776 1354 2842 τὸ

110 2850 217 2936 αύται,
242 2863 277 2925 αἱ
294 2861 325 2924 ἐκ
341 2861 446 2938 δεξιῶν
465 2864 519 2945 τῆς
536 2860 654 2966 λυηνίας
664 2863 716 2926 καί
746 2863 868 2947 μέτροις
894 2864 919 2904 ¹¹
935 2862 986 2926 καὶ
998 2859 1060 2927 εἶπε
1072 2861 1149 2947 πρὸς
1161 2865 1206 2944 μέ.
1233 2862 1353 2928 οίκοδο·

108 2938 335 3029 έξεύωνύμωνς
370 2946 462 3010 12καί
483 2947 663 3029 έπηρωτησα
683 2949 715 3011 ἐκ
745 2950 838 3029 μησαι
851 2942 936 3028 αύτῷ
948 2949 1046 3010 οἰκίαν
1063 2950 1094 3010 έν
1106 2946 1353 3034 γῆΒαβυλῶνος,

108 3027 264 3107 δευτέρου,
277 3030 328 3094 καί
340 3027 410 3094 εἶπα
421 3028 498 3112 πρὸς
512 3025 615 3095 αὐτόν.
642 3036 674 3095 τί
685 3034 716 3095 σί
747 3031 798 3093 καί
812 3025 1034 3113 ἕτοιμάσαι,καὶ
1044 3018 1191 3132 θησόυσιν
1204 3028 1282 3096 αὐτὸ
1296 3033 1355 3096 ἐκεῖ

109 3106 162 3175 δύο
175 3107 283 3178 κλάδοι
294 3117 358 3180 τῶν
370 3113 477 3178 ἐλαιῶν
490 3116 521 3177 οῖ
533 3117 564 3179 ἒν
578 3127 641 3190 ταῖς
649 3140 714 3199 χερ-
746 3115 797 3180 ἐπὶ
808 3109 862 3198 τὴν
872 3115 1043 3197 ἐτοιμασίαν
1055 3119 1176 3180 αυτού·

111 3195 141 3259 σί
151 3200 213 3261 τῶν
235 3192 292 3261 δύο
316 3192 499 3281 μυξωτήρων
519 3202 580 3261 τῶν
595 3204 714 3284 χρυσῶν
941 3203 1017 3264 ΚΒ
1029 3202 1067 3262 Φ.
1111 3193 1153 3274 ς’.

75 3302 82 3314 ·
110 3280 172 3342 τῶν
183 3276 368 3364 ἔπιχεόντων,
375 3284 425 3347 καί
437 3276 651 3361 ἐπαναγόντων
660 3279 714 3359 τάς
746 3249 828 3348 Καὶ
838 3284 1075 3367 έπέστρεῳα,κιιί
1083 3272 1143 3368 ἦρα
1152 3281 1222 3358 τούς
1231 3282 1354 3363 ὀρθαλ·

107 3362 328 3446 έπαρυστρίδας
340 3364 395 3438 τάς
405 3368 532 3450 χρυσάςς
558 3366 642 3431 13καλ
653 3364 714 3432 είπε
744 3365 820 3450 μούς
831 3393 899 3449 μου,
913 3368 964 3430 καί
977 3366 1053 3440 ὶδον,
1077 3354 1129 3431 ιἰαὶ
1141 3362 1207 3429 ίδού
1220 3369 1353 3449 τέσσαρα

107 3442 187 3526 πρὸς
207 3449 253 3527 μέ.
279 3445 335 3511 ούκ
354 3446 438 3522 οἶδας
460 3455 491 3512 τί
512 3453 575 3512 ἐστι
597 3455 713 3527 ταύτας
746 3447 866 3535 άρματα
887 3443 1105 3532 ἐκπορευόμενα
1131 3451 1163 3511 έκ
1184 3449 1276 3528 μέσου
1297 3447 1352 3512 δύο

106 3527 158 3588 καὶ
171 3525 250 3600 εἶπα,
264 3526 330 3610 ούχί
342 3527 431 3612 κύριε.
456 3529 545 3594 14καὶ
558 3528 644 3595 εἶπεν.
659 3523 714 3596 ού·
746 3531 850 3614 ὀρέων,
864 3532 915 3596 καί
926 3530 966 3596 τά
981 3528 1037 3616 όρη
1050 3518 1085 3634 ην
1097 3527 1154 3614 όρη
1165 3528 1272 3614 χαλκοῖ.
1299 3533 1354 3597 2έν

107 3633 156 3672 τοι
170 3613 202 3672 οἱ
213 3604 267 3673 δύο
279 3613 340 3674 υἱοὶ
348 3616 401 3694 τῆς
410 3605 552 3693 πιότητος
564 3610 713 3697 παρεστη-
744 3618 789 3696 τῳ
802 3611 915 3698 δίρματι
932 3616 977 3696 τῷ
997 3639 1111 3698 πρωτῳ
1129 3617 1219 3679 ’ίπποι
1232 3615 1352 3699 πυρροί,

107 3717 177 3757 κασι
191 3699 282 3779 κυρίῳ
300 3687 397 3777 πάσης
409 3697 461 3778 τῆς
471 3699 533 3795 γης.
745 3700 796 3761 καί
812 3699 844 3760 έν
863 3701 910 3761 τοῑ
934 3693 1045 3782 άρματι
1057 3703 1103 3763 τῶ
1115 3697 1242 3783 δευτέρῳ
1260 3703 1352 3765 ’ίπποι

295 3782 370 3843 KE
384 3782 422 3840 Φ.
466 3783 516 3842 E.
743 3779 877 3863 μέλανες,
890 3762 962 3846 δκαί
975 3783 1065 3865 ἐντῷ
1078 3763 1245 3868 άρματιτῷ
1258 3788 1352 3868 τρίτῳ

107 3827 711 3954 Καίέπέστρεῳα,καλῇρατούςόῳθαλ-
744 3868 835 3928 ἵπποι
860 3862 970 3941 λευκοὶ,
983 3866 1034 3930 καί
1058 3869 1089 3932 ἒν
1114 3871 1157 3949 τῷ
1170 3861 1280 3952 άρματι
1306 3871 1353 3952 τῳ

107 3941 181 4026 μούς
193 3972 264 4030 μου,
288 3946 341 4010 καί
354 3945 428 4021 ίδον,
453 3948 505 4010 καί
518 3945 585 4012 ἰδού
598 3948 712 4034 δρέπα-
743 3943 877 4034 τετάρτῳ
890 3952 981 4014 ’ίπποι
992 3949 1126 4016 ποικίλοι
1139 3955 1248 4036 ψαροί.
1274 3949 1352 4016 *καί

106 4054 158 4095 νον
170 4026 339 4114 πετόμενον.
365 4033 380 4072 ²
393 4030 444 4094 καὶ
456 4028 517 4096 εἷπε
528 4032 606 4117 πρὸς
617 4035 662 4114 μέ.
682 4040 714 4099 τί
743 4030 929 4120 ἀπεκρίθην,
955 4033 1007 4099 καί
1019 4032 1088 4100 είπα
1104 4032 1183 4120 πρὸς
1195 4033 1250 4100 τόν
1262 4032 1350 4112 άγγε-

108 4111 285 4198 σύβλέπειςς
311 4116 363 4179 καὶ
381 4111 451 4178 είπα
470 4110 538 4194 ἐγώ.
567 4114 712 4202 ὁρῶδρέ-
744 4116 796 4180 λον
821 4113 876 4183 τὸν
899 4116 1055 4184 λαλοῦντα
1078 4121 1109 4184 έν
1134 4122 1207 4202 ἐμοί.
1234 4124 1264 4182 τί
1287 4123 1351 4185 ἐστι

106 4223 204 4262 πονον
216 4193 490 4282 πετόμενονμηκους
501 4194 621 4284 πήχεων
632 4201 712 4266 είκο-
743 4205 841 4268 ταῦτα
857 4197 940 4287 κύριε
945 4230 958 4281 ,·
979 4203 1058 4268 6καὶ
1069 4201 1219 4288 άπεκρίθη
1232 4200 1248 4268 ὅ
1262 4199 1349 4281 άγγι-

107 4304 147 4353 σι,
160 4282 212 4345 καί
234 4280 369 4357 πλάτους
390 4276 504 4387 πήηεων
527 4284 607 4348 δέκα.
634 4284 648 4325 ³
661 4286 712 4348 καί
743 4282 795 4360 λος
808 4284 826 4350 ὃ
840 4285 942 4352 λαλῶν
955 4289 987 4351 έν
1000 4288 1075 4371 ἐμοί,
1089 4288 1140 4352 καὶ
1152 4285 1223 4353 εἷπε.
1249 4285 1350 4354 ταῦτά

105 4357 165 4426 είπε
176 4360 254 4449 πρὸς
266 4366 312 4447 μέ.
338 4360 414 4449 αύτη
430 4393 448 4449 η
462 4365 524 4452 ἆρά
537 4362 555 4452 ἦ
568 4371 711 4451 έκπορευ-
743 4370 822 4434 ἐστιν
840 4374 872 4434 οί
887 4372 1029 4454 τέσσαρες
1045 4369 1151 4455 άνεμοι
1176 4374 1234 4436 τοῦ
1255 4369 1350 4456 ούρα-

105 4445 195 4548 ομβνη
214 4448 264 4512 ἐπὶ
280 4443 441 4531 πρόςωπον
462 4446 561 4535 πάσης
579 4455 632 4536 τῆς
647 4455 709 4534 γῆς.
743 4457 808 4530 νού,
834 4451 1049 4540 ἐκπορεύονται
1077 4459 1268 4539 παραστῆναι
1304 4459 1349 4537 τῷ

104 4528 260 4618 διοτιπῖις
278 4528 296 4594 ὁ
315 4530 444 4615 κλέπτης
463 4537 496 4598 ἐκ
519 4529 631 4601 τούτου
655 4539 710 4613 έιος
742 4541 836 4624 κυρίῳ
848 4532 945 4623 πάσης
957 4543 1010 4623 τῆς
1021 4540 1084 4621 γῆς.
1099 4539 1156 4604 ῧὲν
1169 4528 1197 4621 ηύ
1210 4527 1285 4619 ἦσαν
1296 4541 1349 4602 ’ίπ-

1294 4648 1349 4687 ποι
