2924 4972
469 208 497 263 ί(
512 207 540 263 P
552 206 573 263 I
585 202 692 263 'Ml
731 205 807 274 Κειγ.
820 195 862 262 θ’.
876 198 906 262 9.
1247 200 1311 263 253

64 319 103 385 τά
115 316 236 396 ἀγαθά,
258 314 442 400 πορεύσομαι
460 325 604 379 κινεῖσθαι
621 318 672 380 ἐπί
704 315 805 381 αῦτιῦν
830 320 884 381 τοῦ
910 326 1007 380 θεῖναι
1027 319 1078 382 ἐπί
1094 315 1244 404 Ἀβιμέλεχ
1260 316 1315 384 τόν

63 408 124 466 τῶν
136 399 232 477 ξύλων
236 428 249 478 ,·
262 401 347 463 12καί
359 396 446 462 είπαν
459 396 498 461 τά
510 393 585 473 ξύλα
595 397 672 482 πρὸς
704 397 834 476 ἀδελωόν
851 394 954 463 αύτιῦν
965 396 998 473 ῦς
1012 397 1180 466 ἀπέκτεινεν
1193 399 1314 478 αύτούς,

63 482 116 568 τὴν
141 481 282 564 ἀμπελον.
321 482 410 563 δεῦρο
435 480 608 565 βασίλευσον
625 478 668 561 ἐφ’
704 484 756 546 καί
774 483 823 545 ἐπί
838 479 948 566 ἀνδρας
960 489 1110 566 Σικίμων,
1137 482 1184 547 ὅτι
1202 488 1315 568 ἐνίσχυ-

65 565 154 650 ημῶν.
180 566 207 607 ¹³
219 567 270 629 καί
286 563 365 628 εἶπεν
383 561 487 638 αὐτοῖς
500 561 518 646 ἡ
531 562 671 646 άμπελος.
706 589 762 629 σαν
775 563 829 637 τὰς
840 576 938 669 χεῖρας
951 563 1048 631 αὐτοῦ
1059 563 1234 630 ἀποκτεῖναι
1245 566 1316 642 τούς

63 647 104 732 μη
116 647 312 728 ἀπολείψασα
327 646 380 712 τὸν
393 641 474 711 οἶνόν
485 672 543 728 μου
555 645 609 711 τόν
623 643 673 710 εῦ-
707 642 851 726 ἀδεληοῦς
863 652 968 712 αυτοῦ.
993 651 1022 693 ²⁵
1036 650 1087 714 καί
1101 653 1218 753 ἔθηκαν
1230 646 1316 732 αὐτῷ

64 739 229 816 ηραίνοντα
247 727 321 794 θεόν
337 731 388 794 καί
407 726 591 814 ἀνθρώπους
613 753 671 792 πο-
706 732 737 792 οί
762 727 863 812 ἀνδρες
887 736 1021 812 Σικίμων
1045 734 1247 818 ἐνεδρευοντας
1264 734 1315 797 ἐπί

64 810 203 899 ρεύσομαι
227 823 372 878 κινεῖσθαι
398 813 449 876 ἐπί
476 816 536 876 ταῖν
559 808 671 888 ξύλων,·
706 808 759 885 τάς
773 810 901 889 κεφαλὰς
914 817 975 877 τῶν
987 811 1093 897 ὁρίων,
1118 817 1171 881 καί
1187 811 1315 900 διηρπα-

64 898 91 938 ¹⁴
98 899 149 962 καί
163 896 248 961 εἶπαν
260 890 361 961 πάντα
373 894 413 960 τά
424 891 499 970 ξύλα
513 899 550 988 τῇ
560 891 670 982 ῥάμνῳ.
706 896 756 969 ζον
765 889 866 957 πάντα
877 893 1135 980 ὃςπαρειτορεύετο
1145 897 1190 963 ἐπ’
1202 898 1315 974 αύτούς

63 982 151 1064 δεῦρο
171 977 205 1045 οῦ
217 978 394 1064 βασίλευσον
405 975 448 1081 ἐρ’
464 974 555 1059 ἡμῶν.
581 979 673 1041 16καὶ
707 981 738 1040 ἐν
751 979 788 1064 τῇ
803 972 875 1056 ὁδῷ.
902 977 954 1039 καί
970 976 1123 1063 άπηγγελη
1143 986 1186 1063 τῷ
1194 979 1316 1089 βασιλεῖ

63 1062 143 1127 εἶπεν
155 1058 173 1145 ἢ
187 1063 296 1148 ῥάμνος
307 1061 386 1148 πρὸς
399 1087 438 1126 τα
450 1062 532 1136 ξύλα.
556 1065 581 1124 εί
594 1064 625 1124 ίν
634 1058 672 1124 ἀ-
702 1057 861 1143 Ἀβιμελεχ.
881 1058 970 1121 26καί
983 1048 1059 1141 ἦλθε
1071 1065 1105 1123 Γ
1102 1062 1163 1126 αάλ
1175 1066 1238 1138 υιὸς
1246 1062 1305 1127 Ἰω

63 1147 170 1228 ληθείιρ
189 1148 286 1230 χρίετέ
295 1169 330 1227 με
349 1142 426 1224 ὑμεῖς
443 1148 499 1207 τοῦ
512 1137 674 1227 βασιλεύειν
707 1141 774 1226 βηλ,
794 1143 847 1204 καί
865 1144 897 1203 οί
908 1137 1033 1219 ἀδεληοί
1044 1139 1155 1218 αῦτοῦ,
1174 1146 1314 1248 καὶπαρ-

64 1227 107 1309 ἐτά
125 1225 216 1311 ύμάς,
241 1229 322 1291 δεῦτε
341 1221 489 1306 ύπόστητε
502 1227 534 1288 ἐν
546 1229 583 1313 τῇ
604 1228 672 1305 σκιᾷ
709 1223 807 1306 ἦλθον
820 1226 851 1287 ἐν
861 1228 1004 1304 Σικίμοις,
1018 1224 1070 1287 καί
1080 1222 1211 1347 ηλπισαν
1221 1229 1252 1290 ἐν
1261 1253 1314 1291 αυ-

65 1336 130 1393 μου.
157 1310 207 1373 καί
220 1314 244 1374 εἰ
256 1308 307 1391 μη,
325 1306 445 1382 ἐξέλθοι
459 1311 521 1386 πῦρ
535 1305 584 1369 ἀπ’
601 1308 674 1389 ἐμοῦ
710 1310 754 1388 τῷ
766 1309 798 1370 οί
810 1304 910 1391 ἀνδρες
921 1311 1064 1388 Σικίμων.
1102 1306 1179 1370 7καί
1192 1306 1319 1409 ἐξηλθον

64 1393 117 1457 καί
129 1387 302 1470 καταφάγοι
313 1386 369 1463 τάς
382 1389 501 1471 κε’δρους
512 1392 567 1452 τοῦ
574 1385 674 1473 Λιβά-
709 1394 748 1463 είς
761 1385 871 1473 ἀγρόν,
897 1390 949 1451 καί
965 1384 1130 1473 ἐτρύγησαν
1142 1388 1212 1466 τοῦς
1224 1417 1317 1472 αμτιε-

65 1501 128 1540 νου.
169 1474 196 1514 ¹⁶
209 1475 259 1536 καί
276 1476 327 1537 νῦν
339 1477 363 1535 εί
374 1473 405 1537 ἐν
418 1470 545 1554 ἀληθείᾳ
562 1473 613 1536 καί
625 1495 672 1536 τε-
708 1472 806 1545 λῶνας
830 1468 945 1545 αῦτιῦν,
984 1472 1036 1535 καί
1061 1466 1233 1556 ίπάτησαν,
1265 1475 1318 1540 καί

65 1552 192 1638 λειότητι
205 1549 377 1638 ἐποιήσατε,
400 1557 450 1619 καί
467 1549 673 1639 ἐβασιλεύσατε
708 1558 855 1636 ἐποίησαν
865 1550 1032 1635 Ἐλλουλίμ.
1045 1557 1097 1619 καί
1106 1553 1269 1638 ελςηνεγκαν
1279 1562 1318 1633 είς

67 1639 119 1705 τὸν
130 1637 295 1724 Ἀβιμελεχ,
321 1638 372 1701 καί
390 1641 415 1701 εί
426 1633 629 1720 ἀγαθωσύνην
641 1640 672 1700 ἐ-
709 1634 793 1701 οίκον
805 1640 882 1701 θεοῦ
895 1633 1014 1712 αῦτοῦν,
1032 1639 1083 1701 καί
1095 1640 1210 1717 ἔφαγον
1222 1642 1274 1704 καί
1286 1643 1315 1705 ἔ-

64 1717 212 1805 ποιησατε
236 1719 308 1803 μετά
327 1715 500 1806 Ἱεροβάαλ,
526 1722 576 1783 καί
598 1716 673 1803 μετὰ
708 1742 791 1792 πιον,
808 1720 860 1783 καί
872 1743 948 1824 κατη
968 1714 1084 1784 άσαντο
1096 1718 1315 1808 τόνἈβιμελεχ.

63 1810 117 1870 τοῦ
138 1805 221 1868 ούιου
234 1802 347 1876 αῦτοῦ,
373 1805 425 1868 καὶ
438 1806 463 1867 εί
476 1800 517 1876 ιύς
535 1798 671 1867 ἀνταπό-
709 1803 796 1866 28καί
808 1743 969 1867 εἴπεΓααλ
983 1800 1044 1878 υίὸς
1053 1800 1169 1889 Ἰωβήλ.
1185 1812 1228 1881 τίς
1237 1808 1317 1872 ἐστιν

64 1889 143 1961 δοσις
158 1885 252 1972 χειρὸς
274 1885 371 1950 αῦτοῦ
389 1880 548 1970 ἐποιήσατε
573 1883 670 1962 αῦτιῦ,
703 1883 864 1972 Ἀβιμέλεχ,
889 1886 940 1949 καί
964 1891 1009 1959 τίς
1032 1889 1110 1951 ἐστιν
1128 1885 1191 1962 υἱός
1207 1889 1315 1973 Συχέμ,

64 1973 90 2013 ¹²
103 1966 143 2044 ὡς
161 1966 352 2056 παρετάξατο
371 1965 388 2032 ὁ
402 1964 503 2052 πατηρ
515 1995 574 2051 μου
595 1950 670 2052 ύπέρ
708 1965 754 2033 ότι
766 1963 959 2048 δουλεύσομεν
971 1967 1072 2051 αύτῴς
1085 1968 1139 2054 οὐχ
1150 1967 1317 2059 υίὸςἹερο-

66 2049 161 2135 ύμιῦν,
186 2056 238 2119 καί
252 2055 384 2137 ἐξίβριψε
396 2047 451 2137 την
465 2051 562 2136 ψυχὴν
575 2049 671 2116 αάτοῦ
708 2048 803 2137 βάαλ,
828 2053 880 2117 καί
898 2050 1013 2138 Ζεβούλ
1029 2057 1193 2130 ἐπίσκοπος
1210 2053 1316 2132 αὐτοῦ,

65 2140 234 2212 ἐξεναντίας,
257 2139 308 2202 καί
320 2131 467 2220 ἐβρύσατο
481 2132 556 2219 ῦμάς
569 2136 601 2198 ἐκ
613 2160 672 2219 χει·
709 2134 817 2210 δοῦλος
835 2132 930 2199 αὐτοῦ
944 2132 997 2199 σύν
1013 2148 1075 2210 τοῖς
1087 2134 1229 2220 ἀνδράσιν
1244 2135 1315 2221 Ἐμ-

65 2220 116 2304 ρὸς
129 2216 274 2302 Μαδιάμ,
299 2220 391 2283 18καί
404 2214 672 2302 ῦμεῖςέπανέστητε
708 2216 773 2302 μάρ
795 2216 909 2304 πατρός
924 2221 1039 2324 Συηέμς
1064 2222 1115 2284 καί
1134 2226 1165 2283 τί
1180 2217 1227 2284 δ’τι
1246 2221 1316 2285 δου-

66 2304 115 2367 ἐπὶ
132 2299 185 2368 τόν
203 2301 288 2367 οἶκον
304 2306 359 2365 τοῦ
376 2297 492 2406 πατρός
507 2327 564 2382 μου
583 2298 672 2384 σημε-
709 2299 847 2384 λεύσομεν
865 2300 948 2384 αύτῷ
967 2312 1062 2384 ημεῖς,·
1088 2304 1119 2345 ²⁹
1132 2305 1184 2368 καί
1195 2311 1240 2379 τίς
1252 2300 1315 2387 δῴη

66 2410 131 2466 ρον,
144 2387 194 2447 καί
207 2381 391 2448 ἀπεκτείνατε
401 2409 471 2460 τους
482 2383 565 2459 υίοῦς
575 2383 672 2450 αύτοῦ
709 2383 761 2450 τὸν
773 2384 847 2450 λαὸν
860 2389 968 2449 τοῦτον
980 2389 1011 2447 ἐν
1022 2390 1096 2469 χειρί
1105 2411 1162 2467 μου
1166 2415 1178 2463 ,·
1204 2389 1254 2450 καί
1265 2412 1316 2467 με-

66 2461 272 2552 ἕβδομύκοντα
295 2463 404 2549 ἀνδρας
430 2470 480 2531 ἐπί
504 2466 593 2532 λίθον
611 2474 672 2544 ἕνα,
711 2462 853 2549 ταστύσω
866 2464 1088 2551 τὸνἈβιμίλεχ,
1102 2470 1153 2530 καί
1166 2471 1225 2551 ἐροῦ
1240 2469 1316 2552 πρὸς

66 2551 120 2614 καί
145 2544 352 2634 ἐβασιλεύσατε
372 2546 424 2611 τὸν
443 2546 589 2635 Ἀβιμελεχ
609 2548 674 2615 υἱόν
711 2546 813 2614 αῦτόν.
831 2543 987 2632 πληθυνον
999 2546 1053 2631 την
1065 2544 1186 2631 δύναμίν
1198 2576 1253 2614 σου
1266 2554 1317 2616 καί

66 2633 224 2735 παιδίσκης
237 2629 334 2695 αὑτοῦ
349 2632 399 2694 ἐπί
412 2628 483 2706 τοῦς
496 2631 605 2717 ἀνδρας
616 2640 672 2697 Σι-
710 2634 819 2709 ἔξελθε.
859 2633 889 2674 ³⁰
901 2634 952 2695 καί
971 2630 1077 2714 ἤκουσε
1090 2633 1206 2718 Ζεβούλ
1219 2632 1316 2719 ἀρχων

66 2722 171 2798 κίμων,
193 2711 240 2779 ότι
254 2712 378 2794 ἀδελφὸς
392 2709 472 2795 ύμιῦν
485 2718 555 2780 ἐστι.
580 2717 672 2782 19καί
712 2722 762 2801 τῆς
787 2711 903 2790 πόλεως
924 2713 996 2790 τούς
1014 2712 1121 2793 λόγους
1138 2721 1172 2780 Γ
1169 2714 1228 2781 αάλ
1249 2721 1315 2783 υίοῦ

65 2804 90 2863 εί
101 2801 132 2863 ἐν
144 2797 272 2880 ἀληθείᾳ
285 2801 336 2862 καί
348 2793 504 2881 τελειότητι
515 2795 672 2884 ἐποιήσατε
708 2798 828 2887 Ἰωβηλ,
860 2801 911 2864 καί
936 2797 1072 2884 ὠργίσθη
1098 2806 1187 2883 θυμῷ
1214 2797 1315 2876 αύτός.

64 2880 138 2964 μετά
158 2877 327 2966 Ἱεροβάαλ,
352 2882 403 2945 καί
420 2881 493 2963 μετά
511 2889 566 2947 τοῦ
587 2885 671 2948 οἴκου
710 2886 735 2925 ³¹
750 2887 800 2948 καί
813 2882 982 2948 ἀπέστειλεν
996 2881 1136 2961 ἀγγέλους
1148 2882 1224 2966 πρὸς
1236 2883 1313 2969 Ἀβι-

65 2964 162 3029 αύτοῦ
183 2967 215 3029 ἐν
239 2969 278 3056 τῇ
295 2961 387 3047 ἡμέρᾳ
406 2959 516 3058 ταύτη,
542 2964 671 3051 εῦρραν-
709 2968 796 3071 μελεη
817 2969 848 3031 ἐν
871 2971 981 3059 κρυᾳῄ,
1008 2966 1110 3043 λέγων.
1138 2965 1203 3030 ίδού
1224 2971 1258 3030 Γ
1255 2965 1317 3031 αάλ

63 3054 164 3132 θείητε
190 3051 221 3111 ἐν
239 3046 399 3133 Ἀβιμελεχ,
425 3050 476 3112 καί
492 3046 671 3134 εῦφρανθείη
711 3050 773 3125 υἱός
795 3046 894 3136 Ιωβηλ
911 3052 961 3114 καί
975 3054 1005 3114 οί
1018 3048 1143 3130 ἀδελσοὶ
1155 3047 1253 3114 αὐτοῦ
1265 3052 1315 3135 ἐρ-

64 3137 116 3197 καί
126 3155 159 3208 γε
172 3129 262 3204 αῦτὸς
276 3130 319 3209 ἐφ’
334 3128 409 3213 ὑμῖν.
423 3133 482 3195 20εἰ
491 3131 523 3196 δὲ
533 3132 580 3208 οῦ,
591 3133 669 3208 ἐξέλ-
709 3159 812 3217 χονται
824 3139 863 3208 είς
871 3132 978 3216 Συχὲμ,
992 3137 1042 3198 καὶ
1057 3132 1121 3198 ἰδοῦ
1133 3131 1221 3199 αὐτοὶ
1233 3159 1315 3219 περι-

64 3225 116 3278 θοι
129 3219 191 3298 πῦρ
206 3212 267 3278 ἀπὸ
283 3213 445 3299 Ἀβιμέλεχ,
467 3218 518 3279 καὶ
530 3211 671 3297 καταφά-
709 3212 857 3298 κάθηνται
871 3216 925 3298 την
936 3213 1025 3280 πόλιν
1036 3219 1085 3280 ἐπὶ
1100 3216 1140 3279 σε’.
1159 3218 1188 3257 ³²
1201 3219 1251 3281 καί
1262 3221 1315 3282 νῦν

63 3324 110 3376 γοι
128 3297 200 3373 τούς
217 3296 325 3379 ἀνδρας
337 3303 470 3378 Σικίμων
487 3300 538 3362 καί
556 3295 610 3363 τόν
623 3297 668 3362 οῖ-
711 3294 859 3380 ἀνάστηθι
877 3297 997 3372 νυκτός,
1023 3300 1075 3361 καὶ
1092 3294 1109 3359 ὁ
1124 3296 1196 3371 λαὸς
1211 3294 1228 3361 ό
1242 3296 1314 3377 μετα

62 3406 117 3445 κον
129 3377 322 3463 Βηθμααλώ,
336 3381 387 3444 καὶ
399 3380 516 3455 ἐξελθοι
529 3386 590 3463 πῦρ
604 3377 669 3443 ἀπὸ
710 3384 776 3456 σοῦ,
787 3381 839 3444 καὶ
848 3380 1019 3459 ἐνίδρευσον
1029 3382 1060 3442 ἐν
1070 3383 1113 3458 τῷ
1124 3375 1217 3460 ἀγρῷ,
1229 3380 1258 3420 ³³
1264 3382 1314 3443 καί

62 3460 177 3545 ἀνδρῶν
202 3471 348 3548 Σικίμων,
373 3465 425 3525 καί
450 3465 481 3526 ἐκ
507 3467 563 3526 τοῦ
587 3463 670 3527 οἴκου
709 3466 793 3527 ἔσται
812 3461 933 3545 τοπρωλ
952 3457 1014 3542 ἅμα
1031 3465 1075 3542 τῷ
1094 3458 1244 3524 ἀνατεῖλαι
1260 3460 1315 3525 τὸν

61 3545 257 3629 Βηθμααλώ,
275 3549 325 3611 καί
339 3542 510 3625 καταφάγοι
523 3544 577 3609 τὸν
590 3542 670 3631 Ἀβι-
710 3543 806 3629 ἥλιον,
832 3543 963 3630 ὀρθριείς
988 3546 1039 3608 καί
1060 3545 1179 3615 ἐκτενεῖς
1195 3544 1245 3607 ἐπὶ
1262 3541 1315 3628 τὴν

60 3631 153 3713 μελεχ.
172 3633 200 3670 ²¹
213 3630 264 3692 καί
277 3633 383 3710 ἔφυγεν
393 3625 533 3710 Ἰωάθαμ
545 3630 595 3691 καί
608 3626 670 3691 ἀπ·
708 3626 803 3692 πόλιν.
830 3631 880 3692 καί
903 3623 969 3691 ίδού
989 3621 1081 3701 αῦτός
1098 3627 1149 3689 καί
1168 3620 1185 3688 ῦ
1205 3624 1279 3703 λαός
1296 3623 1314 3693 ό

894 3715 903 3734 ³

62 3714 134 3798 ε’δρα
161 3713 212 3777 καί
237 3708 386 3796 ἐπορεύθη
405 3715 460 3787 ἕως
477 3706 594 3793 Βαιηρ,
620 3711 670 3773 καὶ
708 3709 765 3793 μετ’
782 3708 875 3775 αὐτοῦ
888 3706 1098 3793 εκπορεύονται
1110 3706 1185 3795 πρός
1198 3711 1246 3787 σὲ,
1262 3714 1313 3776 καί

62 3795 105 3860 α’ίκ
125 3820 172 3860 σεν
190 3799 249 3859 ἐκεῖ
265 3793 328 3859 ἀπὸ
345 3790 508 3881 προςιόπου
521 3791 669 3879 Ἀβιμελεχ
708 3789 838 3876 ποιήσεις
851 3791 933 3875 αὐτῷ
947 3789 1007 3856 ὅσα
1020 3791 1058 3857 ἀν
1067 3788 1137 3876 εῦρη
1147 3789 1166 3876 ἡ
1178 3799 1238 3879 χείρ
1249 3820 1311 3859 σου.

62 3824 193 3959 ἀδελφοῦ
206 3877 311 3942 αῦτοῦ.
331 3881 360 3919 ²²
367 3881 417 3942 καί
431 3874 669 3963 ἡρξενἈβιμίλεη
708 3876 794 3941 34καί
807 3873 1065 3961 ἀνέστηἈβιμελεχ
1079 3863 1128 3941 καί
1140 3881 1199 3952 πᾶς
1211 3873 1228 3941 ὁ
1239 3876 1312 3953 λαός

61 3965 110 4026 ἐπί
130 3955 250 4046 Ἰσραὴλ
268 3967 337 4046 τρία
355 3964 415 4044 ἐτη.
453 3962 483 4002 ²³
495 3963 545 4024 καὶ
562 3964 668 4037 ἐξαπί-
706 3958 763 4043 μετ’
781 3957 877 4025 αῦτοῦ
889 3958 1002 4032 νυκτὸς,
1016 3961 1066 4023 καί
1078 3957 1250 4043 ἐνήδρευσαν
1263 3963 1313 4025 ἐπὶ
1369 3968 1372 3975 '

62 4046 172 4110 στειλεν
189 4041 207 4108 ὃ
225 4044 297 4119 θεός
313 4049 428 4127 πνεῦμα
443 4044 576 4128 πονηρόν
595 4042 669 4109 ἀνα·
707 4042 784 4128 Συχέ
818 4047 955 4127 τέτρασιν
968 4040 1079 4127 ἀρχαῖς.
1104 4044 1132 4086 ³⁵
1146 4046 1195 4108 καί
1209 4043 1314 4128 ἐξῆλθε

60 4125 309 4213 με’σονἈβιμίλεχ
323 4129 374 4191 καὶ
386 4123 537 4208 ἀναμίσον
547 4131 606 4191 τῶν
616 4126 667 4191 ἀν-
708 4072 874 4200 Γαάλυίός
888 4124 1011 4212 Ἰωβηλ,
1038 4128 1089 4190 καί
1102 4131 1173 4210 ε”στη
1185 4127 1263 4213 πρός
1276 4131 1314 4211 τῆ

61 4213 139 4295 δριῦν
155 4217 301 4295 Σικίμων,
327 4212 379 4274 καί
396 4209 547 4291 ηθίτησαν
564 4209 667 4295 ἀνδρες
707 4206 790 4293 θύρᾳ
806 4214 855 4293 τῆς
867 4206 963 4293 πύλης
976 4214 1027 4290 τῆς
1039 4206 1163 4283 πόλεως,
1181 4212 1231 4273 καί
1244 4200 1311 4274 ἀνί-

19 4354 22 4361 ,
60 4296 380 4378 Σικίμωνέντῷοίλιῳ
394 4291 552 4379 Ἀβιμέλεχ,
571 4295 666 4355 24τοῦ
708 4287 1204 4394 στηἈβιμίλεηκαίόλαόςὸμεί
1218 4289 1312 4356 αὐτοῦ

60 4381 221 4457 ἐπαγαγεῖν
247 4377 300 4461 την
326 4376 442 4442 ἀδικίαν
464 4381 525 4440 τῶν
541 4369 667 4461 ἑβδομή·
708 4371 769 4436 ἀπὸ
796 4380 852 4439 τοῦ
874 4377 1001 4456 ἐνεδρου.
1041 4376 1072 4414 ³⁰
1084 4373 1134 4433 καί
1152 4370 1205 4434 είδε
1223 4378 1256 4434 Γ
1253 4371 1313 4436 αάλ

59 4491 152 4531 κοντα
167 4467 239 4527 υἱῶν
252 4458 419 4546 ’ίεροβάαλ
439 4460 491 4523 καί
504 4454 541 4522 τά
554 4463 667 4540 αἵματα
709 4452 772 4532 υἱός
786 4454 894 4538 Ἰιυθίηλ
912 4455 964 4520 τὸν
980 4452 1070 4527 λαόν,
1095 4452 1145 4514 καί
1163 4453 1224 4592 εἶιὲε
1231 4450 1313 4614 ᾇτρόξ

1218 4555 1317 4592 εσυ.
