2924 4972
106 242 171 318 956
328 228 691 295 ΜΑΚΚΑΒΛιαΝ
722 228 925 287 mm
963 220 1135 306 mm.

103 385 209 440 ταγμα.
240 358 268 399 ⁰¹
280 356 333 418 καὶ
357 357 519 435 ἐκρέμασαν
544 349 582 414 τά
606 355 700 435 βρέφη
743 346 1027 433 κοίθησανοῖπαρά
1040 352 1095 410 τοῦ
1106 345 1274 431 βασιλέως,
1301 346 1355 410 καί

103 447 136 506 ἐκ
148 444 207 502 τῶν
220 432 373 518 τραχήλων
385 435 497 508 αὐτῶν,
509 431 642 505 καὶτοὺς
655 432 701 496 σι’·
743 410 827 496 είπον
839 436 882 513 τῷ
897 434 1080 510 Ματταθίᾳ,
1087 428 1234 503 λέγοντες.
1250 427 1354 531 ἄρχων

104 547 171 595 ιωυς
190 520 291 584 αὐτῶν
306 511 539 600 προενόμευσαν,
564 515 615 577 καί
629 511 702 586 τούς
743 516 793 577 καί
806 513 922 588 ἔνδοξος
940 514 989 575 καὶ
1004 514 1095 593 μέγας
1112 508 1138 573 ελ
1154 514 1185 574 ἐν
1205 514 1245 599 τῇ
1265 511 1354 574 πολει

105 595 350 687 περιτετμηκότας
367 595 477 670 αὐτοὺς
497 591 700 659 ἐθανάτωσαν.
743 591 857 688 ταύτη,
883 596 934 657 καὶ
946 595 1150 695 ἐστηριχμίνος
1164 590 1195 656 ἓν
1210 596 1290 666 υἱοῖς
1303 593 1354 657 καί

106 688 137 729 ⁰²
148 685 200 748 καί
219 679 330 746 πολλοὶ
346 681 379 743 έν
394 677 516 762 Ἰσραήλ
540 672 702 761 ἐκραταιιύ-
744 676 890 757 ἀδελφοῖς.
916 676 944 718 ¹⁸
957 681 1007 739 νῦν
1025 697 1081 738 ουν
1101 671 1254 756 πρόςελθε
1266 680 1354 759 πρῶ-

106 777 218 849 θησαν,
243 761 294 828 καί
315 757 517 844 ὥχυριύθηοαν
536 762 567 822 ἕν
587 760 702 831 ἑαυτοῖς
744 784 809 833 τος,
835 760 886 822 καί
902 765 1028 839 ποίησον
1050 756 1086 820 τὸ
1104 752 1285 842 πρόςταγμα
1298 760 1354 822 τοῦ

106 852 162 912 τοῦ
173 846 212 929 μή
225 852 327 926 φαγεῖν
337 840 429 906 κοινά.
455 842 540 904 63καί
552 839 702 916 έπελέξαν-
743 841 898 926 βασιλέως,
924 837 964 912 ὡς
983 838 1126 920 ἐποίησαν
1143 834 1249 903 πάντα
1268 839 1309 903 τὰ
1323 843 1354 903 ἕ-

106 956 142 995 το
155 926 334 1000 ἀποθανεῖν,
360 929 410 988 ἳνα
422 921 462 1007 μή
477 926 626 1004 μιανθοῖπι
639 932 704 994 τοῖς
744 921 870 1004 θνη,καὶ
883 925 913 985 σί
924 920 1022 1003 ἀνδρες
1031 917 1204 995 Ἰούδα,καί
1216 925 1247 984 οῖ
1260 947 1353 986 κατα·

106 1005 255 1097 βράμασι,
284 1009 335 1071 καί
345 1006 384 1088 μή
395 999 583 1091 βεβηλιύσωσι
596 999 705 1085 διαθή-
745 1003 911 1084 λειφθέντες
925 1001 1161 1087 ένἸερουσαλήμ.
1179 1004 1301 1092 καίέση
1315 1003 1354 1068 σὺ

106 1116 161 1176 κην
173 1093 273 1168 ἁγίαν,
285 1090 336 1152 καὶ
347 1085 509 1152 ἀπέθανον.
535 1085 568 1128 ⁶⁴
581 1089 631 1149 καὶ
642 1087 704 1163 ίγέ-
745 1089 795 1150 καί
807 1085 825 1151 5
837 1081 918 1158 οἶκός
932 1110 985 1149 σου
1001 1090 1060 1148 τῶν
1076 1086 1174 1165 φίλων
1189 1090 1250 1148 τοῦ
1259 1091 1353 1232 βασι-

108 1199 173 1240 νετο
186 1170 259 1258 ἀργή
269 1167 378 1252 μεγάλη
389 1174 438 1234 ἐπὶ
445 1167 565 1271 Ἰσραήλ
577 1165 703 1250 σφόδρα.
746 1170 827 1242 λέως.
853 1167 950 1232 καὶσὺ
971 1168 1021 1231 καὶ
1043 1171 1074 1231 οῖ
1095 1171 1157 1231 υίοί
1178 1191 1239 1231 σου
1278 1170 1353 1243 σξα-

137 1263 150 1289 ''
294 1258 366 1316 ΚΕ
378 1258 416 1315 Φ.
458 1256 513 1315 Β.
746 1248 896 1332 σθήσεσθε
914 1248 1044 1332 ἀργυρίῳ
1069 1250 1121 1312 καί
1136 1255 1270 1332 χρυσίῳ,
1300 1252 1354 1313 καί

109 1306 160 1401 Ε
164 1362 180 1402 ν
201 1349 266 1409 ταῖς
290 1332 410 1418 ἡμέραις
447 1338 565 1407 ἐκείναις
598 1330 705 1414 ἀνέστη
747 1331 931 1405 ἀποστολαῖς
943 1331 1076 1404 πολλοῖς.
1101 1332 1182 1394 19καί
1194 1330 1353 1417 ἀπεκρίθη

109 1424 297 1491 Ματταθίας
310 1413 452 1481 Ἰωάννου
464 1422 520 1481 τοῦ
534 1415 653 1496 Συμεὼν
665 1419 705 1478 ze·
747 1419 952 1492 Ματταθίας,
978 1414 1029 1476 καὶ
1045 1411 1105 1478 είπε
1124 1417 1210 1506 φωνή
1226 1409 1352 1506 μεγάλη.

129 1501 174 1576 εὺς
187 1505 247 1566 τῶν
265 1503 336 1562 υίών
347 1497 468 1583 Ἰωαρίβ
485 1495 548 1562 ἀπὸ
557 1493 705 1580 Ἰερουσα·
747 1503 772 1561 εί
782 1494 881 1561 πάντα
894 1496 933 1560 τὰ
950 1499 1024 1578 ἔθνη
1036 1494 1075 1559 τά
1092 1499 1123 1559 ἐν
1141 1497 1215 1577 οἴκῳ
1228 1501 1283 1580 τῆς
1294 1501 1354 1582 βα-

133 1585 139 1605 “
145 1611 181 1666 μ,
207 1583 258 1645 καὶ
275 1576 410 1643 ἐκάθισεν
427 1585 457 1644 ἐν
472 1580 603 1644 Μωδείν.
630 1582 706 1643 2καὶ
747 1579 853 1652 σιλείας
872 1583 928 1643 τοῦ
947 1577 1088 1663 βασιλέως
1105 1574 1269 1642 ἀκούουσιν
1291 1580 1350 1643 αύ-

110 1669 192 1747 αυτῴ
209 1665 269 1727 υἱοί
284 1664 384 1735 πέντε,
406 1661 548 1726 Ἰωαννάν
566 1658 583 1724 5
601 1661 706 1725 διακα-
745 1666 810 1737 τοῦ,
823 1659 991 1744 ἀποστῆναι
1002 1664 1124 1732 θιαστος
1133 1657 1197 1724 ἀπὸ
1211 1660 1352 1744 λατρείας

110 1747 248 1831 λούμενος
266 1744 389 1818 Καδδίς,
414 1746 542 1825 3Σίμων
560 1741 577 1808 5
595 1739 707 1807 καλού·
747 1746 895 1826 πατέρων*
910 1743 1016 1816 αὐτοῦ,
1035 1742 1086 1805 καί
1111 1740 1293 1868 η’ρετίσαντο
1317 1749 1350 1808 ἐν

110 1855 195 1913 μενος
215 1828 320 1901 Θασσί,
352 1823 495 1902 *Ἰούδας
512 1823 529 1890 5
548 1823 706 1890 έπικαλσύ·
748 1837 813 1900 ταῖς
825 1824 957 1901 ἐντολαῖς
969 1823 1074 1896 αὐτοῦ,
1099 1827 1114 1867 ²
1143 1822 1210 1888 ἀλλ’
1224 1823 1283 1901 ἐγώ
1295 1827 1348 1889 καί

110 1936 191 1993 μενος
203 1913 413 1993 Μακκαβαῖος,
439 1905 598 1991 6Ἐλεάζαρ
611 1908 628 1971 5
642 1911 706 1971 ἐπι·
749 1912 781 1973 οἶ
793 1915 853 1972 υἱοί
862 1933 918 1989 μου
928 1910 979 1972 καί
988 1911 1020 1970 σί
1032 1904 1156 1986 ἀδελφοί
1164 1932 1224 1989 μου
1238 1932 1346 1990 πορευ-

108 1988 283 2073 καλούμενος
294 1989 434 2075 Λύαράν,
450 1983 601 2054 Ἰωνάθαν
613 1986 631 2053 5
643 1993 707 2054 ἐπι-
750 1985 864 2073 σόμεθα
886 1992 919 2054 έν
941 1988 1070 2071 διαθήκη
1092 1993 1229 2071 πατέρων
1251 1986 1348 2070 ήμαῐν.

110 2070 283 2153 καλούμενος
303 2068 446 2151 Ἀπφοῦς.
472 2070 551 2134 6καὶ
574 2071 630 2135 εἶδε
654 2074 707 2145 τάς
748 2075 775 2114 ²¹
791 2074 875 2147 ἵλεως
899 2069 964 2154 ήμῖν
988 2062 1156 2136 κατάλιπεῖν
1181 2067 1273 2150 νόμον
1298 2076 1348 2136 καί

108 2155 295 2241 βλασφημίας
312 2151 367 2226 τάς
390 2155 542 2235 γινομένας
559 2156 589 2216 έν
604 2148 708 2219 Ἰούδα
748 2153 941 2238 δικαιώματα.
967 2156 997 2195 ²²
1009 2158 1071 2219 τῶν
1082 2151 1179 2232 λόγων
1191 2157 1249 2216 τοῦ
1329 2193 1346 2205 -

109 2239 160 2302 καὶ
172 2241 202 2301 έν
210 2234 415 2318 Ἰερουσαλήμ,
442 2237 511 2300 7καί
522 2235 608 2312 εἶπεν,
620 2238 708 2318 οἴμοι,
748 2237 823 2311 λέως
836 2236 892 2301 οάιι
904 2231 1105 2319 ἀκουσόμεθα,
1119 2239 1176 2301 τοῦ
1187 2262 1210 2299 π
1303 2247 1344 2298 εῖν

110 2325 190 2384 ίνατί
206 2322 297 2381 τοῦτο
316 2314 477 2401 ἐγεννήθην
496 2319 564 2383 ἰδεῖν
582 2316 618 2383 τὸ
639 2315 705 2383 σύν·
748 2320 801 2400 τήν
819 2321 957 2403 λατρείαν
976 2316 1056 2401 ήμῶν
1074 2317 1170 2395 δεξιάν
1188 2318 1208 2401 ἢ
1226 2318 1347 2400 ἀριστε-

110 2426 218 2498 τριμμα
230 2405 287 2462 τοῦ
300 2398 376 2462 λαοῦ
387 2403 512 2501 μαχαναὶ
522 2399 558 2463 τό
572 2395 708 2482 σύντριμ-
747 2398 813 2546 ηάν.
840 2402 870 2442 ²³
878 2403 929 2465 καί
941 2397 981 2476 ὡς
995 2399 1150 2466 ἐπαύσατο
1162 2401 1266 2464 λαλῶν
1278 2396 1348 2474 τοὺς

109 2510 150 2565 μα
166 2507 217 2565 της
232 2477 348 2555 πόλεως
360 2487 412 2565 τῆς
425 2488 527 2559 αγίας,
549 2484 600 2547 καί
614 2489 706 2547 καθί-
766 2480 855 2560 όγους
869 2479 1170 2565 τούτους,προςήλθεν
1177 2480 1252 2562 ἀνήρ
1264 2480 1347 2545 Ἰου-

111 2593 161 2631 σαι
174 2568 233 2628 ἐκεῖ
243 2568 273 2628 ἒν
285 2567 329 2645 τῷ
341 2564 468 2646 δοθήναι
486 2563 580 2648 αὐτήν
593 2568 623 2627 ἕν
636 2567 708 2649 χειρί
746 2568 830 2639 δαῖος
844 2569 874 2629 ἐν
888 2566 1061 2647 ὀφθαλμοῖς
1074 2563 1203 2636 πάντων,
1227 2568 1344 2625 θυσιά-

111 2652 240 2731 έχθρῶν,
265 2650 315 2710 καί
328 2645 363 2710 τὸ
382 2643 511 2728 ἀγίασμα
528 2652 558 2711 έν
569 2651 640 2730 χειρί
652 2646 707 2712 ἀλ-
749 2675 798 2712 σαι
819 2651 870 2711 ἐπὶ
894 2654 948 2713 τοῦ
973 2653 1077 2733 βωμοῦ
1096 2651 1149 2712 τοῦ
1171 2649 1200 2709 έν
1217 2645 1343 2709 Μωδεῒν

110 2732 255 2812 λοτρίωνς
281 2730 424 2804 8ἐγένετο
444 2729 461 2792 5
480 2727 708 2810 ναόςαάτήςὼς
748 2730 826 2794 κατὰ
850 2729 886 2794 τό
912 2729 1088 2814 πρόςταγμα
1111 2733 1164 2795 τοῦ
1191 2728 1345 2814 βασιλέως.

109 2812 183 2894 ἀνήρ
206 2811 321 2886 ἀδοξος,
348 2811 415 2874 9τά
437 2808 524 2893 σκεύη
547 2815 600 2892 τής
622 2809 707 2894 δόξης
747 2814 778 2853 ²⁴
793 2815 844 2876 καὶ
861 2812 916 2876 εἶδε
935 2820 1123 2887 Ματταθίας
1140 2811 1191 2875 καί
1209 2809 1348 2890 ἔζήλωσε,

110 2893 201 2977 αὐτῆς
214 2891 386 2996 αἰχμάλωτα
401 2890 534 2976 ἀπήχθη,
559 2892 707 2958 ἀπεκτάν-
747 2899 796 2959 καὶ
813 2892 979 2979 ἐτρὸμησαν
996 2900 1027 2960 οἱ
1044 2896 1142 2979 νεφροί
1158 2891 1269 2967 αὐτοῦ,
1295 2896 1352 2958 καί

109 2991 152 3060 θη
167 2974 206 3041 τά
219 3002 308 3059 νηπιιι
321 2975 411 3057 αὐτῆς
425 2980 455 3040 ἐν
468 2988 533 3049 ταῖς
545 2976 705 3051 πλατείαις,
748 2974 885 3060 ἀνήνεγκε
903 2976 999 3059 θυμόν
1015 2975 1092 3040 κατά
1110 2974 1146 3039 τό
1163 2980 1264 3072 κρίμα,
1291 2978 1350 3039 καὶ

109 3065 140 3123 οἱ
148 3063 289 3123 νεανίσκοι
300 3056 391 3140 αὐτῆς
402 3062 433 3121 έν
442 3061 574 3140 ῥομφαίᾳ
584 3063 705 3141 ἐχθροῦ.
746 3060 865 3142 δραμὼν
877 3063 997 3141 ἔσφαξεν
1006 3057 1098 3122 αὐτόν
1107 3057 1155 3118 ἐπὶ
1162 3078 1215 3116 τον
1226 3056 1348 3138 βωμόν.

109 3147 137 3182 ¹⁰
149 3153 236 3204 ποῖον
248 3144 338 3212 ἔθνος
351 3138 406 3202 οὐκ
419 3138 632 3223 ἐκληρονόμησε
648 3144 705 3225 βα·
745 3146 773 3185 ²⁵
787 3145 836 3207 καί
855 3142 906 3206 τὸν
926 3141 1020 3224 ἀνδρα
1040 3143 1096 3204 τοῦ
1117 3134 1265 3221 βασιλέως
1292 3140 1350 3204 τὸν

109 3222 217 3286 σιλείαν
229 3221 337 3302 αάτής,
361 3222 412 3283 καί
424 3219 478 3283 οάκ
492 3222 633 3305 ἐκράτησε
645 3227 704 3287 τῶν
745 3220 945 3300 ἀναγκάζοντα
963 3219 1046 3285 θύειν
1064 3218 1229 3283 ἀπέκτεινεν
1248 3225 1283 3283 ἐν
1301 3229 1348 3305 τῷ

108 3303 222 3366 σκύλων
236 3301 343 3385 αὐτήςς
379 3305 403 3343 ¹¹
416 3307 476 3377 πᾶς
495 3301 634 3385 ὁκόσμος
647 3304 704 3368 αά-
743 3310 835 3388 καιρῷ
845 3304 1013 3384 ἑκείνῳ,καί
1027 3301 1078 3366 τὸν
1093 3300 1194 3388 βωμὸν
1212 3306 1347 3369 καθεῖλε.

109 3390 160 3467 τής
173 3385 325 3474 ἀφῃρέθη,
342 3381 409 3449 ἀντὶ
421 3385 578 3469 ἐλευθέρας
591 3390 704 3465 ἐγένετο
743 3392 774 3431 ²⁶
786 3388 834 3452 καί
845 3380 966 3469 ἐζήλωσε
975 3388 1018 3466 τῷ
1030 3382 1114 3466 νόμῳ
1123 3383 1229 3457 καθὼς
1239 3388 1344 3469 ἐποίη-

109 3473 147 3541 είς
158 3468 233 3536 δούλ
254 3494 277 3532 ν.
302 3471 390 3531 12καὶ
408 3470 471 3532 ἰδοὺ
484 3471 522 3533 τά
535 3466 607 3545 ἀγια
622 3469 705 3572 ήμῶν
744 3497 774 3535 σε
802 3470 898 3545 Φινεὲς
922 3473 965 3550 τῷ
992 3470 1111 3553 Ζαμβρὶ
1136 3471 1192 3548 υἱῷ
1218 3466 1342 3551 Σαλείμ

108 3554 157 3613 καί
169 3548 188 3628 ἢ
202 3499 330 3634 καλλονή
348 3550 429 3632 ήμῶν
447 3553 496 3615 καί
510 3549 527 3635 ή
540 3549 611 3627 δόξα
624 3558 705 3634 ημῶν
744 3556 771 3595 ²²
785 3557 835 3618 καὶ
844 3551 983 3637 ἀνέκραξε
993 3555 1183 3623 Ματταθίας
1192 3552 1224 3613 έν
1234 3554 1275 3632 τῇ
1286 3551 1344 3616 πό·

109 3630 268 3712 ἠρημώθη,
297 3632 345 3694 καί
370 3627 552 3717 ἐβεβήλωσαν
569 3633 648 3698 αύτά
664 3635 704 3699 τά
742 3634 785 3698 λει
799 3641 883 3717 φωνή
894 3631 1014 3723 μεγάλη,
1028 3633 1128 3711 λέγων.
1147 3630 1234 3705 πάςὸ
1248 3635 1265 3708 ζ
1282 3633 1342 3697 λῶν

108 3717 190 3790 ἔθνη.
221 3715 247 3753 ¹³
261 3717 338 3776 ἱνατί
357 3712 425 3798 ἡμῖν
447 3719 489 3778 ἔτι
511 3717 578 3806 ζῇν,
608 3719 705 3781 14καί.
743 3722 785 3799 τῷ
800 3708 881 3800 νόμῴ
895 3718 946 3780 καί
958 3720 1045 3781 ἱστῶν
1068 3711 1213 3796 διαθήκην
1224 3660 1339 3789 335⁶&-

108 3793 233 3887 διιέῤῥηξε
246 3802 435 3869 Ματταθίας
457 3800 506 3861 καί
527 3800 588 3860 υῖοί
610 3800 704 3863 αὐτοῦ
742 3825 786 3862 τω
805 3798 903 3865 ὀπίσω
918 3824 984 3880 μου.
1010 3799 1040 3839 ²⁸
1054 3800 1104 3861 καὶ
1127 3794 1231 3874 ἔφυγον
1249 3795 1345 3871 αὐτὸς

107 3898 145 3969 τορ
167 3871 269 3954 ἱμάτια
293 3875 402 3949 αὐτῶν,
426 3882 476 3942 καί
497 3881 703 3966 περιεβάλοντο
742 3883 792 3944 καὶ
805 3886 836 3944 σί
850 3883 908 3945 υἱοὶ
921 3879 1016 3944 αὐτοῦ
1032 3885 1068 3952 εἷς
1081 3878 1120 3943 τά
1132 3879 1203 3961 ὅρη,
1230 3882 1283 3942 καὶ
1295 3882 1348 3955 ε’γ-

107 3961 613 4047 σαιικους,ιιαὶε’πένθησανσφόδρα.
627 3966 705 4028 15καὶ
742 3962 902 4027 κατέλιπον
932 3959 990 4026 ὅσα
1018 3961 1093 4045 εἶχον
1124 3965 1156 4025 έν
1181 3965 1218 4039 τῆ
1242 3956 1345 4025 πόλει.

106 4036 200 4119 ήλθον
213 4044 244 4102 οῖ
256 4041 341 4123 παρὰ
352 4047 407 4105 τοῦ
415 4044 558 4125 βασιλέως
568 4051 598 4109 οῖ
610 4073 702 4110 κατα·
741 4048 771 4087 ²⁹
784 4040 851 4109 τότε
876 4048 1043 4128 κατέβησαν
1064 4044 1172 4107 πολλοὶ
1190 4045 1347 4124 ζητοῦντες

105 4117 291 4220 ναγκάζσντες
303 4122 358 4204 τήν
370 4122 559 4190 ἀποστασίαν
571 4132 609 4202 είς
623 4137 704 4192 Μω-
741 4122 929 4211 δικαιοσύνην
941 4129 992 4190 καί
1007 4132 1096 4210 κρίμα
1113 4131 1151 4199 εἷς
1169 4125 1221 4208 τήν
1233 4127 1346 4208 ἔρημον

104 4201 164 4265 δεῖν
176 4203 228 4285 τήν
245 4201 348 4277 πόλιν,
362 4210 410 4268 ’ίνα
424 4205 594 4273 θυσιάσωσι.
619 4213 704 4274 16καί
739 4219 866 4276 καθίσαι
893 4216 966 4283 ἐκεῖ,
992 4211 1022 4252 ³⁰
1036 4208 1125 4272 αὐτοὶ
1149 4210 1200 4272 καί
1224 4211 1256 4270 ολ
1282 4211 1354 4273 υἱοί.

102 4283 212 4348 πολλοὶ
245 4283 308 4348 ἀπό
338 4286 459 4372 Ἰσραήλ
492 4289 567 4370 πρὸς
594 4291 703 4368 αὐτούς
739 4292 902 4360 αὐτῶνκαὶ
922 4298 955 4358 αἱ
973 4303 1106 4368 γυναῖκες
1128 4288 1229 4354 αὐτῶν
1241 4290 1345 4356 καίτά

101 4366 283 4447 πθθςήλθον.
310 4370 360 4431 καὶ
385 4378 572 4446 Ματταθίας
596 4378 647 4437 καὶ
674 4383 703 4440 σῖ
738 4378 829 4478 κτήνη
842 4380 953 4449 αὐτῶν,
968 4372 1014 4438 ὅτι
1028 4369 1209 4455 ἐπληθύνθη
1222 4370 1268 4436 ἐπ’
1285 4370 1345 4438 αύ-

105 4446 271 4512 υἷοὶαύτοῦ
289 4446 483 4531 συνήχθησαν.
521 4456 547 4495 ¹⁷
561 4458 611 4519 καὶ
627 4455 700 4522 ἀπε-
738 4485 808 4533 τους
820 4459 858 4522 τά
878 4455 966 4523 κακά.
1005 4459 1029 4499 ³¹
1044 4457 1095 4518 καί
1112 4453 1260 4538 ἀνηγγελη
1277 4469 1346 4558 τρῖς

1286 4562 1343 4602 αν.
