2924 4972
303 303 305 306 ‚
345 227 702 294 Αππκιεοτιυ
739 221 1009 314 πατρίαν.
1232 221 1298 290 749

55 348 104 430 της
122 343 273 430 λαμβάνει.
303 341 384 407 *διά
402 348 495 408 τοῦτο
514 342 662 406 διεοκίδα-
694 343 724 404 ἐν
741 340 851 415 αύτοῖς·
864 341 983 406 ἰλίπανε
995 341 1098 425 μερίδα
1111 338 1224 416 αὐτοῦ,
1249 339 1302 404 καί

56 456 122 495 σται
136 426 233 509 νόμος,
246 426 297 491 καί
310 424 346 490 ού
357 420 518 502 διεξάγεται
528 429 567 498 είς
576 425 662 498 τελος
694 423 733 489 τά
756 420 903 511 βρώματα
925 423 1022 488 αὐτοῦ
1039 421 1171 487 ἐκλεκτά.
1209 422 1301 487 17διά

54 518 154 597 κρίμα,
169 509 216 577 ὅτι
230 507 336 591 ἀσεβής
348 507 595 572 καταδυναστεύει
607 507 662 572 τὸν
694 511 786 572 τοῦτο
819 506 981 592 ἀμφιβαλεῖ
1007 505 1045 571 τὸ
1073 505 1301 591 ἀμφίβληστρον

54 597 185 671 δίκαιον,
207 599 298 656 ἕνεκεν
309 586 420 656 τούτου
433 586 612 666 ἐξελεύσεται
624 587 661 654 τό
694 587 806 665 αὐτοῦ,
843 593 894 654 καί
925 587 1087 663 διαπαντὸς
1112 585 1301 654 ἀποκτέννειν

56 679 145 764 κρίμα
158 675 398 758 ’διεστραμμένον
437 675 538 738 ὅῖδετε
557 678 588 738 σί
606 699 661 737 κοι-
694 676 772 755 ἔθνη
786 670 823 738 ού
837 678 975 754 φείσεται.
999 704 1002 710 ·

56 758 313 846 ταφρονηταί,καί
321 757 512 844 ἐπιβλέψατε,
522 759 574 821 καί
582 767 663 821 θαυ-
727 763 744 794 ²
888 761 963 822 ΚΕ
975 760 1013 819 Φ.
1056 752 1112 820 B'.

55 840 168 927 μάσατε
187 836 359 923 θαυμάσια,
388 842 442 904 καί
465 839 661 924 ἀφανίσθητε.
695 806 786 903 Eu&
798 843 851 923 τῆς
863 840 997 922 φυλακῆς
1009 862 1071 920 μου
1081 833 1238 942 στήσομαι,
1250 837 1302 901 καί

56 921 132 990 διότι
157 927 244 1009 ἔργον
269 924 327 1001 ε’γώ
353 919 511 1008 ἐργάζομαι
541 925 573 986 ἐν
597 933 664 998 ταῖς
696 919 877 1025 ἐπιβήσομαι
889 925 940 987 ἐπὶ
951 923 1078 1006 πέτραν,
1101 923 1303 986 καίαποσκο-

56 1006 177 1094 ἡμέραις
197 1006 294 1089 ὑμῶν,
321 1003 340 1072 ὃ
358 1005 395 1070 ού
416 1005 456 1088 μή
475 1002 662 1089 πιστεύσητε,
693 1030 795 1071 πευσω
804 1010 859 1070 τοῦ
870 1006 939 1070 ίδεῖν
949 1010 979 1068 τί
989 1000 1111 1089 λαλήσει
1122 1007 1154 1069 ἐν
1164 1005 1239 1085 ἐμοὶ,
1250 1005 1302 1067 καί

57 1096 106 1156 ίαν
125 1116 169 1166 τις
185 1092 361 1173 ἐκδιηγῆται
402 1086 508 1153 ὃδιότι
525 1085 593 1154 ίδοά
605 1086 663 1166 ἐγὼ
694 1095 726 1153 τί
737 1086 912 1174 ἀποκριθῶ
936 1089 987 1153 ἐπὶ
1012 1087 1066 1152 τὸν
1091 1083 1215 1171 ἔλεγχόν
1235 1110 1300 1168 μου.

56 1176 189 1257 ἐξεγείρω
207 1174 279 1247 τοὺς
296 1171 488 1247 Χαλδαίους,
514 1169 550 1236 τό
576 1175 664 1246 ἔθνος
693 1173 774 1245 2καί
791 1169 941 1256 ἀπεκρίθη
961 1168 1089 1256 πρόςμέ
1107 1167 1225 1254 κύριος,
1251 1169 1303 1233 καί

57 1255 92 1322 τὸ
105 1256 222 1338 πικρὸν,
235 1253 332 1318 καὶτὸ
343 1252 473 1340 ταχινὸν,
486 1255 523 1320 τδ
536 1251 664 1338 πορευό-
695 1254 766 1320 εἷπε.
792 1253 916 1340 γράφον
933 1250 1054 1339 ὅρασιν,
1079 1254 1131 1318 καί
1147 1255 1252 1334 σαφῶς
1264 1256 1302 1326 είς

56 1364 142 1421 μενον
155 1339 205 1402 ἐπὶ
217 1337 256 1402 τά
267 1334 366 1422 πλάτη
379 1342 432 1420 τῆς
442 1343 512 1424 γῆς,
538 1343 664 1414 τοῦκα-
695 1341 812 1414 πυξίον,
832 1335 921 1412 Ιδ’πισς
944 1333 1037 1430 διάκη
1055 1333 1073 1401 ὁ
1093 1330 1303 1413 ἀναγινώσκων
1353 1350 1355 1354 “

57 1422 319 1506 τακληρονομήσαι
337 1417 516 1504 σκηνώματα
534 1419 663 1487 σύκαά-
696 1419 784 1487 αύτά.
798 1417 894 1486 3διότι
907 1423 950 1484 ἔτι
963 1416 1065 1505 ὀρασις
1079 1424 1117 1495 είς
1129 1415 1303 1504 κατρόν,καί

59 1509 124 1570 τοῦ.
148 1507 161 1548 ⁷
174 1503 302 1591 φοβερὸς
314 1507 366 1583 καί
377 1502 520 1588 ἐπιφανής
533 1507 619 1580 ἐστιν,
632 1505 664 1580 ἐξ
696 1504 833 1569 ἀνατελεῖ
843 1509 882 1579 είς
895 1505 1005 1589 πέρας,
1024 1506 1076 1568 καὶ
1089 1500 1144 1568 ούκ
1156 1497 1301 1582 είςῑκενόν.
1324 1567 1325 1570 ,

59 1587 158 1653 αὐτοῦ
175 1585 211 1653 τό
224 1587 314 1673 κρίμα
326 1584 422 1651 αύτοῦ
435 1590 534 1661 ἔσται,
559 1587 663 1652 καὶτὸ
696 1587 747 1652 ίάν
770 1582 932 1692 ύστερήση,
953 1582 1113 1668 ὑπόμεινον
1127 1581 1234 1660 αὐτὸν,
1253 1579 1303 1649 δ’τι

59 1671 157 1754 λῆμμα
183 1670 278 1734 αὐτοῦ
303 1671 334 1745 ἕξ
359 1668 458 1734 αὐτοῦ
478 1667 662 1747 ἐξελεύσεται.
695 1666 933 1775 ἐρχόμενοςηξει,
964 1671 1016 1734 καὶ
1040 1667 1077 1735 ού
1102 1666 1143 1774 μή
1168 1674 1300 1760 χρονίσχ.

59 1755 74 1797 ⁸
87 1755 139 1818 καί
163 1754 337 1830 ἐξαλοῠνται
360 1749 437 1838 ὑπὲρ
455 1749 616 1857 παρδάλεις
628 1758 665 1819 οἱ
695 1754 771 1819 4εἀν
784 1750 1002 1836 δποστείληται,
1014 1750 1072 1817 ούκ
1084 1754 1199 1833 ευδοκεί
1208 1748 1227 1835 ή
1237 1771 1302 1836 ψυ-

57 1841 149 1901 ’ίπποι
161 1834 273 1912 αὐτοῦ,
294 1837 346 1900 καί
357 1833 490 1922 ὀξύτεροι
503 1836 579 1922 υπὲρ
592 1834 663 1911 τούς
694 1833 730 1922 χή
748 1863 805 1919 μου
824 1839 855 1903 ἰν
873 1835 967 1920 αύτῷ.
993 1833 1011 1899 ὁ
1029 1834 1062 1900 δὲ
1080 1836 1193 1909 δίκαιος
1204 1837 1237 1898 ἐκ
1249 1839 1301 1898 πί-

59 1915 163 1995 λύκους
179 1924 232 2004 τής
243 1916 391 2027 Ἀραβίας.
415 1922 468 1985 καί
480 1915 664 1997 ἐξιππάσον-
697 1917 787 1996 στειός
798 1945 854 2002 μου
867 1917 990 2004 ζήσεται.
1004 1914 1042 1982 ὅό
1055 1917 1088 1982 δὲ
1101 1911 1301 1998 κατοιόμενος,

58 2027 109 2066 ται
122 2007 152 2068 οῖ
171 2007 268 2085 ίππεῖς
287 2007 401 2079 αυτοῦ,
426 2006 478 2069 καί
496 2000 663 2089 ὁρμήσουσι
696 2006 746 2069 καί
759 2000 998 2089 καταφρονητὴς,
1012 1999 1087 2085 ἀνήρ
1100 1997 1233 2078 ἀλαζοόν,
1245 1998 1302 2065 οό-

58 2082 224 2171 μακρόθεν,
242 2091 292 2151 καί
304 2083 548 2171 πετασθήσονται
561 2083 601 2162 ὡς
613 2086 664 2152 ἀε-
695 2087 752 2153 θὲν
772 2088 813 2192 μή
830 2083 953 2172 περάνη.
980 2081 1015 2160 ὃς
1034 2082 1177 2151 ἐπλάτυνε
1194 2079 1302 2158 καθάς

58 2169 110 2243 τὸς
122 2165 281 2253 πρόθυμος
294 2174 332 2243 είς
345 2166 381 2233 τὸ
394 2183 508 2249 φαγεῖν.
533 2171 549 2213 ⁹
562 2172 664 2234 συντέ-
697 2168 769 2254 ᾅδης
781 2195 834 2254 την
845 2159 942 2254 ψυχήλ
954 2166 1066 2243 αὐτοῦ,
1092 2159 1247 2242 καίούτος
1260 2163 1302 2241 ιδς

59 2251 123 2317 λεια
148 2258 186 2328 είς
210 2249 323 2352 ἀσεβεῖς
340 2248 414 2335 ἥξει,
440 2248 665 2332 ἀνθεστηκότας
695 2249 832 2326 θάνατος
844 2251 900 2317 οὐκ
913 2246 1147 2332 ἐμπιπλάμενος,
1173 2251 1301 2313 καίίπι-

58 2330 228 2419 προςοόττοις
241 2338 343 2396 υυτῶν
352 2335 523 2407 ἐξεναντίας,
535 2335 586 2397 καί
596 2357 666 2397 συν-
698 2330 812 2408 συνάξει
825 2333 868 2398 ἐπ’
884 2331 977 2397 αάτόν
988 2326 1089 2396 πάντα
1102 2329 1141 2396 τά
1153 2334 1237 2412 ἔθνη,
1249 2331 1303 2394 καί

60 2416 123 2492 άξει
148 2412 188 2488 ὦς
214 2413 310 2495 ἀμμον
329 2414 544 2496 αἰχμαλωσίαν.
574 2416 603 2456 ¹⁰
615 2416 665 2478 καὶ
696 2416 847 2491 είςδεξεται
871 2413 948 2497 πρὸς
973 2413 1068 2479 αὐτὸν
1092 2408 1210 2488 πάντας
1228 2411 1302 2489 τούς

60 2494 153 2570 αὐτὸς
170 2498 200 2559 ἐν
217 2495 386 2583 βασιλεῦσιν
402 2493 590 2597 ἕντρυφήσει,
614 2498 665 2561 καί
697 2495 796 2573 λαούς.
822 2497 917 2581 6οὐχί
934 2501 1033 2562 ταῦτα
1051 2491 1152 2561 πάντα
1164 2494 1229 2560 κατ’
1244 2493 1301 2560 αὖ·

59 2574 199 2665 τύραννοι
223 2584 347 2656 παίγνια
365 2577 478 2654 αύτου,
503 2581 555 2643 καί
573 2577 665 2655 αὐτὸς
697 2586 754 2646 τοῦ
772 2577 947 2667 παραβολήν
965 2573 1133 2660 λήψονται,
1159 2575 1301 2662 καίπρό·

59 2666 99 2736 είς
110 2667 172 2727 πᾶν
186 2657 328 2747 ὀχύρωμα
340 2665 524 2744 ἐμπαίξεται,
546 2664 596 2726 καί
607 2665 664 2749 βα·
695 2663 794 2749 βλημα
811 2670 849 2738 είς
861 2659 928 2747 διήγ
949 2686 993 2727 σιν
1012 2658 1125 2741 ἀδεοῦς
1150 2664 1199 2726 καί
1212 2662 1300 2746 ἐροῦ-

59 2745 106 2809 λεί
115 2749 209 2829 χυῐμα,
223 2747 274 2809 καί
286 2740 422 2828 κρατήσει
436 2744 542 2810 αὐτοῦ.
563 2749 588 2787 ¹¹
597 2740 665 2810 τότε
697 2773 759 2823 σιν,
787 2744 858 2813 οόαί
876 2743 894 2811 ὃ
908 2690 1070 2829 πληθύνων
1082 2746 1181 2827 ἑαυτῷ
1193 2743 1232 2810 τά
1244 2743 1300 2810 ούκ

58 2827 217 2910 μεταβαλεῖ
227 2827 264 2893 τὸ
277 2833 401 2909 πνεῦμα,
415 2830 467 2893 καί
478 2824 663 2903 διελεύσεται,
696 2829 771 2894 ὀντα
786 2829 887 2896 ἀὐτοῦ
905 2834 961 2904 ἕως
978 2833 1073 2905 τίνος,
1100 2831 1151 2894 καί
1161 2827 1300 2915 βαρύνων

59 2913 110 2976 καί
127 2908 297 2987 ἐξιλάσεται.
324 2909 401 2996 αύτη
418 2910 531 2996 ήίοχύς
544 2917 588 2976 τῶ
601 2917 664 2995 θεῷ
696 2912 749 2978 τὸν
759 2912 862 2979 κλοιὸν
871 2910 965 2984 αὐτοῦ
975 2915 1131 2998 στιβαροῖς.
1146 2908 1211 2977 Ὶὸτι
1220 2914 1299 2988 ἐξαί-

58 3021 125 3076 μου.
140 2994 237 3079 12σιίχί
251 2992 287 3059 σύ
301 2991 352 3059 ἀπ’
364 2993 455 3080 ἀρχῆς
468 2990 548 3080 κύριε
560 2977 578 3059 δ
591 2996 663 3071 θεὸς
695 3021 768 3081 φνης
785 2993 1005 3081 ἀναστήσονται
1023 2992 1178 3071 δάκνοντες
1196 2991 1299 3069 αότόν,

59 3075 78 3142 ὀ
92 3074 176 3158 ἀγιός
186 3104 244 3160 μου
247 3106 260 3158 ,·
283 3079 335 3142 καί
351 3077 387 3143 ού
400 3079 439 3161 μή
453 3073 662 3162 ἀποθάνωμεν.
694 3082 746 3144 καὶ
758 3077 937 3164 ίκνήψουσιν
950 3083 981 3144 οί
993 3079 1147 3165 ἔπίβουλοί
1159 3105 1231 3153 σου,
1247 3078 1300 3142 καί

59 3158 141 3242 κύριε
166 3166 205 3235 είς
230 3157 320 3246 κρίμα
344 3164 470 3246 τέταχας
495 3162 588 3239 αύτὸ,
613 3165 664 3228 καί
694 3166 747 3249 ἐίτη
761 3159 1096 3247 είςδιαρπαγήναάτοϊς.
1110 3157 1301 3227 8διότιέοκύ·

60 3244 174 3309 ἐπλασέ
191 3269 223 3327 με
241 3248 297 3309 τοῦ
316 3243 439 3328 ἐλέγχειν
455 3245 591 3312 παιδείαν
607 3243 664 3311 αύ-
694 3245 798 3322 λευσας
811 3250 885 3330 ἔθνη
897 3243 1008 3322 πολλά,
1020 3241 1211 3311 σκυλεύσονσι
1222 3244 1300 3309 πάν-

57 3332 125 3391 τοῦ.
151 3328 178 3369 ¹³
191 3327 328 3413 καθαρὸς
345 3325 363 3391 ὁ
376 3329 538 3411 ὀφθαλμὸς
554 3336 613 3395 τσίί
622 3327 663 3413 μή
694 3354 740 3404 τες
752 3334 784 3395 οἱ
796 3327 1034 3412 ὑπολελειμμένοι
1046 3327 1124 3403 λαοί,
1136 3326 1169 3392 δι’
1184 3332 1299 3406 αἵματα

58 3407 135 3493 ὀρᾷν
147 3411 280 3494 πονηρὰ,
301 3412 352 3474 καί
363 3411 530 3492 ἐπιβλέπειν
542 3414 593 3475 ἐπὶ
604 3407 664 3476 πό·
695 3409 885 3496 ἀνθρώπων,
905 3413 957 3475 καί
968 3409 1099 3494 ἀσεβείας
1110 3413 1165 3489 γῆς
1176 3411 1227 3471 καί
1238 3403 1297 3471 πό-

57 3513 127 3567 νους
139 3489 254 3574 ὀδύνης.
279 3494 359 3555 ίνατί
370 3490 534 3576 ἕπιβλέπεις
545 3495 595 3556 ἐπί
607 3519 663 3557 κα-
694 3495 781 3568 λεως,
806 3497 858 3556 καί
872 3490 995 3556 πάντων
1006 3494 1066 3554 τῶν
1078 3484 1298 3554 κατοικούντων

58 3577 304 3656 ταφρονοῦνταςς
328 3568 553 3658 παρασιωπήση
573 3578 605 3638 ἐν
617 3579 662 3655 τῷ
695 3572 797 3656 αὐτήν.
824 3572 878 3638 ⁰03
896 3570 1109 3638 όπλεονεκτῶν
1126 3571 1298 3647 πλεονεξίαν

58 3658 231 3721 καταπίνειν
248 3650 336 3755 ἀσεβή
347 3654 402 3719 τὸν
416 3645 545 3733 δίκαιονή·
569 3653 599 3696 ¹⁴
612 3656 663 3718 καί
694 3655 786 3739 κακήν
798 3660 842 3739 τῷ
858 3655 932 3739 οἴκῳ
954 3652 1067 3731 αὐτοῦ,
1090 3659 1148 3720 τοῦ
1159 3650 1247 3730 τάξαι
1259 3658 1299 3730 είς

57 3734 189 3840 ποιήσεις
217 3733 289 3810 τούς
318 3732 499 3820 ἀνθρώπους
526 3733 567 3810 ὡς
592 3733 662 3810 τούς
695 3735 1031 3820 ύφοςνοσσιάναύτοῦ,
1053 3742 1111 3802 τοῦ
1122 3741 1298 3821 ἐκσπασθή-

59 3825 166 3904 ίχθυας
178 3823 230 3903 τῆς
244 3815 416 3902 θαλάσσης,
442 3821 493 3883 καί
505 3817 546 3894 ὡς
558 3819 597 3883 τά
612 3821 662 3903 ἕρ·
695 3847 742 3886 ναι
755 3824 786 3884 ἐκ
797 3818 892 3906 χειρός
905 3825 1013 3885 κακοῖν.
1030 3822 1059 3864 ¹⁰
1068 3816 1236 3906 ἐβουλεύσω
1249 3825 1298 3885 υί-

57 3897 552 3985 πετάτάούκέχονταήγούμενσνς
566 3904 660 3968 15συν·
694 3899 802 3987 σχύνην
826 3909 871 3986 τῷ
897 3905 971 3987 οἴκῳ
997 3930 1066 3978 σου,
1098 3906 1298 3988 συνεπέρανας

58 3986 171 4050 τέλειον
195 3990 225 4050 ἐν
250 3983 402 4068 ἀγκίστρῳ
421 3983 586 4063 ἀνέσπασε,
611 3988 662 4051 καί
692 3987 824 4062 πολλοὺς
836 3986 940 4061 λαούς,
952 3989 1002 4052 καί
1015 3983 1202 4072 ἐξήμαρτενή
1216 3981 1297 4072 ψυχή

59 4068 187 4133 εἵλκυσεν
205 4066 296 4132 αὐτὸν
313 4072 344 4133 ἰν
359 4064 584 4154 ἀμφιβλήστρῳ,
612 4072 662 4134 καὶ
694 4097 756 4135 σου.
769 4066 873 4134 11διότι
888 4070 975 4144 λίθος
987 4072 1019 4132 ἐκ
1032 4077 1135 4154 τοίχου
1148 4067 1297 4154 βοήσεται,

59 4150 219 4237 συνήγαγεν
231 4147 326 4216 αότόν
338 4154 369 4214 ἐν
379 4163 446 4226 ταῖς
458 4150 595 4237 σαγήναις
606 4151 662 4216 αά-
693 4156 744 4216 καί
756 4150 908 4237 κάνθαρος
919 4156 951 4216 ἐκ
964 4150 1055 4228 ξύλου
1069 4155 1230 4234 φθέγξεται
1240 4152 1297 4217 αύ-

58 4240 124 4298 τοῦ.
149 4235 177 4276 ¹⁰
189 4239 280 4298 ἕνεκεν
292 4229 403 4299 τούτου
417 4231 660 4317 εὐφρανθήσεται,
693 4231 741 4298 τά.
766 4239 794 4277 ¹²
808 4234 877 4300 οάαί
896 4231 912 4299 ὁ
927 4235 1092 4318 οἰκοδομῶν
1103 4235 1191 4301 πόλιν
1204 4239 1235 4300 ἐν
1248 4240 1296 4300 αί-

58 4312 114 4393 καὶ,
121 4312 280 4398 χαρήσεται
292 4313 311 4398 ἢ
325 4318 431 4401 καρδία
444 4316 547 4381 αὐτοῦ.
570 4321 661 4380 ἕνεκεν
691 4343 772 4398 μασι,
785 4320 837 4383 καί
850 4314 1008 4399 ἱτοιμάζων
1019 4318 1109 4384 πόλιν
1122 4321 1153 4382 ίν
1161 4317 1294 4392 ἀδικίαις.

59 4392 169 4461 τούτου
186 4395 271 4463 θύσει
288 4402 327 4488 τῇ
341 4395 455 4488 σαγήνη
474 4397 585 4474 αὐτοῦ,
611 4399 662 4462 καὶ
692 4400 719 4440 ¹³
733 4398 769 4464 ού
782 4397 879 4465 ταῦτά
891 4405 952 4465 ἐστι
968 4399 1053 4484 παρά
1066 4427 1102 4465 κυ
1122 4404 1168 4464 ίου
1180 4425 1294 4463 παντο-

57 4472 194 4557 θυμιάσει
206 4484 250 4561 τῷ
264 4477 478 4564 ἀμφιβλήστρῳ
492 4479 600 4556 αὐτοῦ,
613 4477 660 4544 ὅτι
693 4479 856 4569 κράτοροςς
880 4485 931 4545 καὶ
955 4483 1090 4557 ἐξέλιπον
1103 4426 1179 4544 λαοί
1197 4481 1293 4544 ίκανοί

1262 4564 1292 4626 ίν
