2924 4972
151 235 217 302 936
548 229 787 293 ΔΑΝιειΛ
830 224 1008 302 κήυκα.

150 377 213 444 σης,
226 345 359 426 είςάγαγε
371 348 404 410 δέ
416 370 449 426 με
462 340 588 409 ἐνώπιον
604 351 660 409 τοῦ
673 348 761 430 βασι·
790 341 901 428 εὑρέθη
913 342 1025 418 αὐτοῖς.
1039 344 1090 407 καί
1102 340 1121 406 ὁ
1133 342 1227 418 λίθος
1241 340 1263 409 ὁ
1276 345 1420 423 πατάξας

150 434 241 509 λέως,
267 433 318 495 καὶ
335 426 388 512 τήν
410 423 563 507 σύγκρισιν
580 431 627 509 τῷ
647 426 764 514 βασιλεῖ
791 425 845 509 τήν
869 421 970 492 είκύνα
995 420 1123 529 ἐγενήθη
1141 424 1216 511 ὅρος
1234 431 1344 511 μέγα,
1370 432 1421 494 καί

151 514 315 593 ἀναγγελῶ.
355 513 384 554 ²⁵
396 509 465 575 τότε
484 509 591 596 Ἀριώχ
605 513 636 573 ἐν
646 511 762 592 σπουδή
792 505 945 594 ἐπλήρωσε
968 513 1072 574 πᾶσαν
1090 534 1145 594 την
1163 513 1233 594 γήν.
1276 512 1311 555 ³⁶
1326 510 1419 578 τοῦτό

151 597 284 682 είςήγαγε
297 592 352 660 τάν
365 590 481 674 Δανιήλ
494 589 625 658 ἐνώπιον
637 598 694 658 τοῦ
706 582 762 679 βά-
793 597 856 659 ίστι
879 590 916 657 τὸ
932 592 1087 669 ἐνύπνιον,
1111 593 1164 657 καί
1181 592 1243 677 τήν
1261 593 1420 680 σύγκρισιν

152 683 266 756 σιλέως,
279 680 331 743 καί
344 676 422 742 εἶπεν
432 676 527 760 αύτῷ.
547 672 656 761 εύρηκα
669 675 764 762 ἄνδρα
794 673 889 741 αύτοῦ
902 679 1026 760 ἐροῦμεν
1040 671 1168 741 ἐνώπιον
1180 680 1419 827 τοῦᾶοιλέως.

152 769 186 831 ἐκ
196 768 256 829 τῶν
265 765 338 828 υίιῦν
351 765 404 845 τής
414 759 616 844 αἰχμαλωσίας
626 760 676 844 τ’ής
686 758 763 824 Ἰου·
793 761 822 802 ³⁷
837 758 873 824 σύ
886 758 1009 845 βασιλεῦ
1019 757 1160 844 βασιλεύς
1172 763 1238 845 βασ
1279 763 1289 784 ’
1315 788 1345 843 ν,
1362 759 1419 847 ᾦύ

153 850 257 921 δαίας,
283 841 360 919 ὅςτις
378 841 415 907 τὸ
434 842 581 927 σύγκριμα
591 847 637 926 τῷ
642 843 768 946 βασιλεῖ
793 841 866 917 θεὸς
891 846 946 906 τοῦ
962 841 1097 925 ούρανοῦ
1112 841 1272 928 βασιλείαν
1291 848 1420 975 λοχηρδν

154 928 315 1008 ἀναγγελεῖ.
354 927 385 969 ²⁶
398 927 449 990 καί
469 924 619 1010 ἀπεκρίθη
638 952 656 991 ο
676 929 765 1009 βασι·
794 927 846 991 καί
858 925 1005 1032 κραταιὰν
1014 927 1066 990 καί
1076 928 1193 1007 ἔντιμον
1205 927 1326 995 ἔδωκεν
1391 937 1420 998 ἐν

157 1013 232 1087 λεύς,
243 1014 295 1077 καί
304 1010 365 1076 εἶπε
377 1014 422 1091 τῷ
433 1007 556 1094 Δανιήλ,
568 1001 605 1076 ού
617 1009 654 1074 τὸ
668 1010 766 1092 ὄνομα
795 1033 889 1074 παντι
898 1007 998 1086 τύπω,
1009 1002 1089 1075 ὅπου
1102 1015 1302 1077 κατοικοῦσιν
1313 1018 1349 1078 οῖ
1361 1019 1420 1080 υίσί

155 1093 337 1180 Βυλτάσαρ.
355 1098 380 1158 εί
393 1088 518 1158 δύνασαί
529 1118 579 1173 μοι
590 1091 765 1171 ἀναγγεῖλαι
796 1096 859 1157 ταῖν
872 1075 1053 1177 ἀνθριύπων.
1079 1098 1176 1176 θηρία
1189 1117 1224 1157 τε
1236 1096 1355 1180 ἀγροῦ,
1369 1101 1419 1163 καί

156 1180 194 1245 τὸ
207 1178 346 1244 ἐνύπνιον
358 1172 376 1242 ὃ
388 1176 461 1254 ἴδον,
483 1178 535 1240 καί
547 1175 602 1261 τήν
615 1171 766 1261 σύγκρισιν
796 1200 913 1240 πετεινα
924 1200 1075 1256 ουρανσυ,
1093 1201 1144 1239 και
1157 1180 1273 1261 ίχθυας
1285 1184 1345 1264 τῆς
1357 1191 1417 1247 θο-

157 1260 271 1340 αύτοῦ,·
310 1261 404 1325 21καὶ
420 1257 573 1344 ἀπεκρίθη
587 1259 700 1346 Δανιήλ
718 1262 767 1325 ἐν·
797 1256 911 1343 λύσσης
936 1259 1045 1324 ἔδωκεν
1063 1262 1095 1324 ἐν
1112 1263 1150 1352 τῇ
1166 1266 1244 1344 χειρί
1263 1288 1341 1340 σου,
1369 1267 1419 1330 καί

157 1343 256 1411 ιύπιον
268 1340 324 1411 τοῦ
334 1342 488 1432 βασιλέως,
501 1343 552 1407 καί
565 1341 638 1408 εἶπε.
661 1341 698 1408 τύ
710 1369 768 1426 μυ·
798 1344 964 1426 κατέστησέ
976 1366 1008 1407 σε
1025 1338 1129 1426 κύριον
1147 1339 1285 1409 πάντων.
1311 1343 1353 1412 σύ
1365 1346 1394 1414 εί
1401 1345 1418 1433 ή

159 1426 281 1514 στήριον
305 1423 323 1493 δ
350 1426 368 1491 ὁ
392 1425 530 1511 βασιλεὺς
555 1430 693 1510 ἐπερωτᾷ
712 1424 769 1491 οῦκ
799 1425 912 1508 κεφαλή
939 1425 1081 1510 ήχρυσή.
1116 1426 1146 1468 ³⁹
1161 1427 1213 1490 καί
1234 1424 1345 1494 ὀπίσω
1364 1456 1416 1498 σοι

159 1514 224 1576 ἔστι
239 1514 354 1613 σοβῶν,
365 1506 479 1592 μάγων,
493 1509 661 1585 ἕπαοιδιύν,
676 1511 769 1587 γαζα-
800 1507 998 1594 ἀναστήσεται
1069 1507 1164 1574 σιλεία
1197 1512 1293 1596 ἑτέρα
1319 1511 1417 1597 ἥττων
1459 1532 1460 1537 ’

159 1598 258 1678 ρηνῶν
272 1593 441 1670 αναγγειλαι
455 1596 499 1674 τῷ
508 1592 633 1692 βασιλεῖ.
656 1594 687 1635 ²⁸
701 1590 765 1657 ἀλλ’
800 1618 872 1667 σου,
890 1594 941 1656 καί
951 1595 1013 1697 βαπ
1055 1598 1199 1675 ίατρίτη,
1219 1589 1415 1678 ήτιςέοτὶκὸ

159 1674 340 1762 ἢέστιθυὸς
359 1672 521 1759 ἔνούρανῳ
541 1671 770 1741 ἀποκαλύπτων
798 1675 922 1803 χηλκὸς,
947 1673 968 1760 ή
991 1672 1135 1758 κυριεύσει
1158 1671 1262 1762 πάσης
1284 1683 1340 1766 τῆς
1355 1687 1414 1766 γης,

160 1757 325 1843 μυστήρια,
352 1760 403 1823 καί
428 1757 567 1843 ἐγνώρισε
592 1763 637 1842 τῷ
654 1758 774 1846 βασιλεῖ
845 1760 896 1823 καί
918 1757 1052 1847 βασιλεία
1076 1755 1217 1845 τετάρτη,
1246 1760 1315 1846 ἣτις
1332 1766 1415 1830 ἔσται

162 1839 451 1930 Ναβουχοδονόσορ,
477 1839 499 1906 ἀ
511 1844 558 1908 δεῖ
565 1845 709 1920 γενέσθαι
723 1841 768 1907 ἐπ’
802 1842 908 1927 ίσχυρά
921 1841 961 1917 ὧς
974 1842 1103 1928 σίδηρος.
1122 1839 1157 1907 δν
1168 1839 1292 1927 τρόπον
1301 1843 1320 1912 δ
1330 1848 1410 1953 σίδη·

161 1924 294 2011 ἐσχάτων
306 1930 367 1990 τῶν
380 1923 502 2010 ήμερῶν.
519 1922 556 1990 τὸ
568 1921 706 1990 ἐνύπνιόν
715 1951 770 1991 σου
802 1950 853 2010 ρος
866 1921 1000 1992 λεπτύνει
1017 1927 1068 1990 καί
1080 1922 1201 2009 δαμάζει
1214 1925 1336 2005 πάντα,
1360 1927 1413 1995 ού·

161 2012 214 2074 καί
239 2013 271 2072 αἶ
289 2003 407 2093 ὁράσεις
423 2012 476 2088 τῆς
494 2008 622 2108 κεφαλῆς
644 2033 699 2073 σου
720 2010 771 2073 ἐπὶ
800 2032 859 2084 τως
894 2007 995 2074 πάντα
1032 2008 1169 2075 λεπτυνεῖ
1193 2013 1249 2077 καί
1280 2008 1412 2095 δαμάσαι.

160 2096 213 2176 τῆς
232 2095 332 2172 κοίτης
349 2114 421 2166 σου,
445 2094 538 2155 τοῦτο
556 2094 617 2156 ἐστι
642 2091 673 2133 ²⁹
683 2096 770 2178 βασι·
801 2092 830 2134 ⁴¹
844 2094 896 2157 καί
907 2088 955 2158 ὅτι
973 2090 1044 2168 εἶδες
1055 2091 1126 2169 τούς
1140 2091 1254 2172 πόδας,
1279 2099 1333 2162 καί
1344 2096 1413 2173 τούς

161 2175 221 2239 λεῦ.
239 2177 270 2239 σί
282 2172 469 2256 διαλογισμοί
479 2199 533 2239 σου
546 2176 596 2238 ἐπὶ
607 2178 659 2258 τῆς
669 2179 770 2260 κοίτης
801 2173 979 2254 δακτύλους,
1003 2178 1091 2262 μέρος
1106 2180 1163 2260 μέν
1176 2203 1206 2243 τι
1223 2177 1413 2264 ἀοτράκινον,

162 2284 219 2325 σου
244 2255 388 2344 ἀνέβησαν
412 2263 443 2321 τί
468 2258 513 2322 δεῖ
533 2260 674 2335 γενέσθαι
696 2256 770 2342 μετά
799 2262 891 2344 μέρος
904 2261 938 2325 δέ
947 2284 976 2324 τι
988 2261 1145 2345 σιδηροῦν,
1157 2262 1295 2347 βασιλεία
1306 2263 1413 2353 διῃρη-

161 2346 269 2407 ταύτα.
289 2344 340 2407 καί
354 2338 371 2405 ὁ
383 2337 609 2407 ἀποκαλύπτων
619 2339 769 2427 μυστήρια
799 2347 871 2426 μίνη
884 2345 983 2419 ἔσται,
996 2344 1048 2408 καί
1059 2341 1124 2410 ἀπὸ
1141 2350 1194 2448 τής
1206 2349 1288 2430 ῥίζης
1299 2351 1355 2432 τῆς
1368 2374 1412 2412 σι·

161 2421 303 2510 ίγνιύρισέ
315 2451 363 2490 σοι
370 2473 378 2502 ,
398 2420 420 2488 ἀ
432 2423 478 2489 δεῖ
493 2428 644 2503 γενέσθαι.
676 2427 707 2471 ³⁰
719 2427 769 2490 καί
800 2427 891 2530 δηράς
906 2429 991 2493 ἔσται
1004 2424 1139 2518 ἐναύτῇ,
1163 2452 1199 2492 ον
1210 2432 1329 2511 τρόπον
1343 2430 1413 2506 εἶδες

161 2510 227 2593 ἐμοὶ
246 2507 276 2574 δέ
297 2507 352 2574 ούκ
370 2511 401 2573 έν
414 2513 506 2592 σοφίᾳ
523 2512 561 2591 τή
574 2507 649 2591 ούση
662 2513 693 2575 ἐν
706 2512 770 2592 ἐμοί
800 2536 854 2576 τοι·
866 2510 989 2594 σίδηρον
1001 2509 1228 2594 ἀναμεμιγμενον
1237 2516 1284 2590 τῷ
1291 2512 1415 2597 ὀστρά,

160 2592 247 2677 παρά
260 2588 375 2668 πάντας
393 2591 464 2667 τούς
477 2580 588 2669 ζῶνέας
607 2579 643 2658 τύ
655 2591 767 2678 μυστή·
801 2620 853 2678 κῳ.
867 2593 898 2634 ⁴²
906 2596 956 2658 καί
970 2599 1001 2660 οί
1012 2591 1147 2661 δάκτυλοι
1159 2595 1221 2655 τῶν
1232 2592 1342 2656 ποδῶν
1354 2602 1417 2674 μέ.

161 2681 332 2762 ριοντοῦτο
351 2672 568 2758 ἀπεκαλύφθη,
594 2674 659 2742 ἀλλ’
675 2683 769 2742 ἕνεκεν
800 2703 853 2758 ρος
877 2681 931 2759 μέν
957 2704 987 2743 τι
1017 2677 1162 2762 σιδηροῦν,
1200 2676 1291 2759 μέρος
1317 2676 1355 2740 δέ
1382 2705 1416 2745 τι

160 2763 220 2823 τοῦ
238 2757 290 2844 τήν
309 2755 460 2844 σύγκρισιν
479 2765 524 2843 τῷ
534 2761 653 2846 βασιλεῖ
661 2767 769 2847 γνωρί-
799 2757 993 2847 ὀστράκινον,
1021 2764 1108 2847 μέρος
1129 2783 1158 2824 τι
1180 2762 1233 2842 τής
1258 2760 1416 2845 βασιλείας

160 2867 231 2917 σαι,
258 2847 307 2906 ἵνα
324 2841 395 2917 τούς
408 2841 617 2924 διαλογισμούς
630 2849 682 2928 τῆς
694 2871 768 2929 καρ-
800 2849 885 2911 ἔσται
905 2844 1040 2948 ίοχυρδν,
1064 2846 1116 2909 καί
1133 2840 1182 2909 ἀπ’
1204 2841 1299 2928 αύτής
1326 2848 1415 2911 ἔσται

159 2926 224 3002 δίας
247 2951 301 2992 σου
320 2930 404 3003 γνούς.
443 2923 522 2990 31σύ
540 2926 769 3014 βασιλεῦέθεαί-
801 2933 1030 3036 συντριβομενον.
1057 2928 1089 2970 ⁴³
1103 2924 1151 2992 δ’τι
1169 2926 1240 3002 εἶδες
1259 2925 1315 2996 τὸν
1329 2930 1415 3015 σίδη·

158 3033 225 3094 ρεις,
249 3010 300 3074 καί
313 2992 377 3074 ἰδού
393 3008 477 3074 είκιύν
487 3015 555 3090 μία,
571 3007 683 3096 μεγάλη
697 3009 715 3116 ή
728 3017 768 3076 εἰ·
801 3038 854 3098 ρον
867 3015 1099 3096 ἀναμεμιγμένον
1110 3015 1156 3095 τῷ
1168 3005 1326 3096 ὀστράκῳ,
1339 3037 1413 3098 συμ·

158 3090 218 3154 κάν
244 3095 351 3175 ἐκείνη,
380 3097 431 3158 καί
457 3090 476 3175 ή
502 3093 650 3177 πρύςοψις
675 3099 769 3179 αυτής
799 3093 1414 3181 μιγεῖςέσονταιἒνσπέρματιάνθραίπων,

157 3170 340 3257 ύπερφερής,
376 3177 493 3238 ἑστῶσα
518 3177 579 3261 πρὸ
605 3176 767 3261 πρσςιύπου
799 3181 850 3244 καί
868 3179 921 3244 ούκ
939 3183 1055 3244 ἔσονται
1077 3175 1339 3280 προςκολλοίμενοι
1362 3173 1413 3246 ού·

157 3280 224 3328 σου,
238 3259 290 3320 καί
303 3253 321 3340 ἡ
335 3253 439 3341 ὅρασις
452 3258 543 3340 αὐτῆς
553 3256 676 3345 φοβερά.
691 3262 720 3303 ³²
727 3266 768 3325 ελ-
800 3288 851 3336 τος
874 3261 947 3367 μετὰ
964 3261 1090 3335 τούτου,
1115 3259 1222 3334 καθιδς
1250 3289 1269 3327 ο
1295 3264 1415 3349 σίδηρος

157 3334 229 3413 κιύν,
241 3331 274 3425 ής
287 3339 304 3424 ή
319 3338 431 3426 κεφαλή
445 3344 568 3426 χρυσίου
578 3348 719 3427 χρηστοῦ,
735 3350 768 3409 αῖ
800 3343 854 3410 ούκ
868 3349 1058 3426 ἀναμίγνυται
1075 3341 1151 3423 μετὰ
1170 3348 1230 3405 τοῦ
1244 3342 1414 3432 ὀστράκου.

154 3435 246 3508 χεῖρες
263 3424 363 3489 καὶτὸ
378 3429 490 3511 στῆθος
507 3428 557 3490 καί
574 3431 605 3490 οῖ
612 3432 768 3574 βραχίονες
800 3428 833 3471 ⁴⁴
845 3432 896 3495 καί
911 3432 942 3494 ἐν
961 3437 1026 3502 ταῖς
1042 3422 1164 3510 ἡμέραις
1181 3430 1245 3490 τῶν
1263 3430 1416 3514 βασιλέων

156 3503 251 3590 αὐτῆς
269 3505 408 3594 ἀργυροῖ,
430 3506 560 3607 ήκοιλία
572 3537 610 3575 κα
635 3515 665 3575 οῖ
677 3515 768 3597 μηροὶ
799 3516 915 3578 ἐκείνων
933 3506 1092 3614 ἀναστήσει
1112 3507 1129 3574 ὁ
1146 3504 1219 3584 θεὸς
1237 3516 1299 3578 τοῦ
1317 3512 1414 3597 ούρα-

153 3590 276 3733 χαλκοῖ,
302 3592 331 3633 ³³
346 3596 379 3656 αί
390 3616 499 3674 κνημαι
512 3594 639 3679 σιδηραῖ,
664 3599 696 3660 σί
707 3595 767 3660 πό·
799 3601 853 3660 νού
871 3594 1040 3684 βασιλείαν,
1066 3617 1129 3676 ητις
1146 3598 1186 3667 είς
1203 3592 1278 3670 τούς
1299 3600 1415 3669 αἰῶνας

174 3693 201 3742 ἐς
218 3675 308 3754 μέρος
325 3678 378 3754 μέν
395 3700 424 3739 τι
438 3676 593 3759 σιδηροῦν,
618 3681 669 3742 καὶ
679 3682 766 3763 μέρος
798 3676 834 3743 ού
849 3673 1101 3780 διαφθαρήσεται,ι
1111 3679 1162 3778 καί
1174 3673 1193 3759 ή
1201 3678 1344 3824 βασιλεία
1354 3675 1412 3743 αῦ-

155 3750 230 3814 δέτι
242 3750 428 3838 ὀστράκινον.
443 3755 765 3845 34ἕθειύρειςὲἰυςάπε-
799 3767 854 3828 τοῦ
869 3762 937 3846 λαῷ
956 3765 1049 3845 ἑτέρῳ
1068 3785 1121 3843 συχ
1137 3783 1199 3824 οπο
1232 3758 1413 3861 ιφθήσεται,

155 3837 362 3917 σχίσθηλίθος
372 3843 402 3917 ἐξ
412 3839 502 3924 ὅρους
511 3840 581 3908 ἀνευ
590 3851 705 3931 χειρῶν,
715 3848 766 3910 καί
798 3846 934 3911 λεπτυνεῖ
948 3848 999 3910 καί
1016 3838 1144 3947 λικμήσει
1161 3840 1264 3918 πάσας
1281 3869 1339 3919 τας
1355 3849 1413 3931 βα·

153 3913 282 4015 ἒπᾷταξε
307 3920 363 4004 τήν
386 3920 485 3987 είκόνα
510 3928 560 3989 ἐπὶ
580 3927 653 4002 τούς
669 3924 765 4004 πόδας
798 3926 980 4004 σιλείας,καὶ
993 3922 1415 4012 αύτηαναστήσεταιεῑςτούς

152 4023 223 4072 τους
249 4003 387 4087 σιδηροῦς
411 4009 461 4071 καί
480 4006 687 4093 ὀστρακίνους,
713 4015 764 4077 καί
797 4015 915 4087 αἰῶνας.
943 4012 975 4055 ⁴⁵
991 4009 1026 4077 ὃν
1040 4006 1252 4095 τρύπανεῖδες,
1283 4006 1334 4074 ὅτι
1349 4009 1415 4076 ἀπὸ

153 4080 311 4148 ἐλέπτυυεν
336 4087 448 4163 αὐτούς
468 4096 507 4165 εἲς
524 4093 619 4169 τελος.
652 4097 681 4138 ³⁵
695 4094 763 4162 τότε
797 4094 887 4179 ύρους
900 4093 1020 4181 ἐτμήθη
1034 4095 1124 4169 λίθος
1135 4091 1202 4157 ἀνευ
1213 4096 1337 4177 χειρῶν,
1364 4095 1416 4158 καὶ

151 4164 378 4271 έλεπτύνθησαν
391 4169 762 4262 είςάπαξτδύστρακον,ὁ
796 4181 939 4255 ἐλίπτυνε
964 4176 1001 4243 τὸ
1030 4177 1181 4262 ὄστρακον
1203 4176 1261 4241 τὸν
1279 4177 1414 4259 σίδηρον,

151 4251 282 4335 σίδηρος,
299 4251 448 4336 ⁰1⁰⁴“53›
469 4253 486 4319 ὅ
500 4256 639 4342 ἄθῖυροτι
663 4258 763 4346 ὃχρυ-
795 4261 850 4330 τὸν
862 4260 984 4368 χαλκὸν,
997 4261 1052 4327 τὸν
1066 4261 1206 4346 ἀργυρσν,
1225 4259 1282 4325 τὸν
1289 4258 1413 4344 χρυσόν.

150 4332 212 4408 σός.
250 4338 302 4400 καί
319 4337 433 4414 ,ἐγένετο
451 4334 517 4411 ὧςεί
528 4340 685 4427 κονιορτὸς
698 4345 761 4411 ἀπὸ
795 4345 1035 4432 ὁθεοςύμέγας
1045 4343 1183 4429 ἐγνώρισε
1191 4348 1237 4427 τῷ
1248 4338 1415 4430 βασιλεῖ,ἀ

147 4413 264 4493 ἀλωνος
285 4425 413 4519 θερινῆς.
439 4422 490 4483 καὶ
509 4423 609 4516 ἔξήρεν
626 4425 705 4493 αὐτὰ
724 4429 760 4493 τὸ
794 4431 841 4496 δεῖ
850 4434 991 4510 γενέσθαι
1004 4427 1079 4512 μετά
1097 4433 1207 4493 ταῦτα.
1233 4431 1287 4493 καί
1299 4425 1413 4512 ἀληθι-

144 4498 267 4588 ιιληθος
282 4529 336 4572 του
349 4500 525 4591 πνεύματος,
539 4511 589 4574 καί
599 4506 695 4590 τύπος
705 4512 760 4599 οὐχ
793 4512 845 4580 νδν
857 4514 895 4580 τὸ
909 4511 1066 4590 ἐνύπνιον,
1084 4512 1136 4577 καί
1147 4508 1241 4586 πιστὴ
1254 4507 1275 4594 ἦ
1289 4507 1412 4597 σύγκρι·

1368 4620 1413 4669 σις
