2924 4972
149 221 216 284 σου
484 215 763 279 mmm
803 221 879 294 περ.
893 219 931 289 r'·
944 213 984 279 υ.
998 217 1029 280 3.
1042 216 1072 278 ι.

148 342 308 431 ἐκράτησεν
320 345 448 422 Νεεμίας
462 340 525 414 υίὸς
533 336 689 426 Ἀζοβούχ,
701 338 757 425 άρ-
796 342 903 422 μέτρον
916 335 1060 423 δεύτερον.
1076 336 1136 420 μετ’
1153 337 1248 403 αὐτὸν
1261 338 1407 425 ἐκράτησε

146 453 207 514 χων
221 425 342 512 ῆμίοους
358 419 523 509 περιχώρου
536 423 688 507 Βηθσοὺρ
703 427 758 496 ἕως
797 420 967 503 Μεσουλάμ
993 416 1057 497 υίὸς
1073 425 1217 505 Βαραχία
1238 426 1407 501 ἐξεναντίας

147 505 758 590 κῆπουτάφουΔαυίδ,καίέωςτῆςκολυμ·
795 504 1018 585 γαζοφυλακίου
1043 501 1149 569 αῦτοῦ.
1189 505 1216 547 ³¹
1229 505 1290 588 μετ’
1312 505 1408 573 αὐτὸν

147 592 266 680 βῆθρας
285 596 337 675 τῆς
354 595 506 669 γεγονυίας
523 590 574 654 καί
592 594 648 664 ἕως
664 595 758 674 Βηθ-
796 582 939 672 ἐκράτησε
948 588 1068 671 Μελχία
1082 586 1146 661 υίὸς
1155 592 1210 653 τοῦ
1220 593 1339 674 Σαρεφί
1349 597 1407 667 ἕως

148 682 286 760 αγγαρίμ.
313 677 340 717 ¹⁷
354 674 454 738 ὀπίσω
473 670 573 737 αὐτοῦ
591 669 758 758 ἐκράτησαν
797 670 910 754 Βηθὰν
926 672 1080 754 Ναθινίμ,
1105 673 1157 735 καί
1174 676 1207 736 οἱ
1222 674 1407 754 ῥοποποῦλαι

147 764 179 825 οἰ
197 767 341 833 Λευῖται,
362 751 477 837 Ῥαούμ
502 754 567 830 υίὸς
586 761 676 820 Βανί.
708 757 758 819 ἐπὶ
795 752 937 819 ἀπέναντι
950 750 1044 837 πύλης
1056 758 1111 818 τοῦ
1121 753 1277 836 Μαφεκάδ
1287 758 1337 820 καί
1347 762 1405 833 ἕως

147 856 230 947 χεῖρα
243 840 337 907 αῦτοῦ
351 837 508 942 ἐκράτησεν
520 837 645 924 Ἀοαβία
659 838 757 924 άρχων
796 833 968 924 ἀναβάσεως
981 842 1034 921 τῆς
1044 843 1172 922 καμπῆς.
1192 839 1280 904 32καὶ
1292 837 1406 923 οἰνομέ-

146 931 271 1009 ημίσους
283 948 451 1011 περιχωρου
464 920 560 986 Κείλά
572 926 617 1004 τῷ
632 917 756 1026 περιχώ·
796 945 849 985 σον
861 926 916 1004 τῆς
932 915 1027 1004 πύλης
1046 926 1098 1004 τῆς
1114 926 1296 1008 προβατικῆς
1315 921 1405 1009 ἐνρά-

147 1036 193 1094 ρῳ
208 1006 315 1085 αὐτοῦ.
340 1008 369 1049 ¹⁸
383 1007 435 1070 καί
448 1003 507 1089 μετ’
524 1004 620 1071 αὐτὸν
632 1007 756 1090 ε’κρατη-
796 1029 890 1087 τησαν
903 1008 935 1069 οἱ
945 1005 1060 1088 χαλκεῖς
1072 1007 1124 1068 καί
1137 1009 1168 1070 οἰ
1179 1006 1369 1090 ῥοποπῶλακ

148 1117 205 1157 σαν
225 1088 350 1170 άδελφοί
367 1087 571 1155 αῦτῶνΒενεί·
585 1087 757 1166 υίὸςἨνα·
989 1094 1064 1152 ΚΕ
1076 1093 1116 1152 Φ.
1160 1085 1211 1153 A'.

147 1175 214 1252 δὰδ,
226 1171 327 1261 άρχων
339 1169 462 1258 ῆμίσους
473 1170 639 1257 περιχώρου
649 1167 756 1237 Κείλά.
796 1136 883 1236 Καὶ
897 1173 1011 1249 ἐγένετο
1026 1169 1111 1255 ῆνίκα
1123 1169 1228 1255 ἤκουσε
1239 1173 1406 1259 Σαναβαλ-

148 1259 241 1322 19καί
257 1252 414 1343 ἐκράτησεν
432 1258 481 1320 ε’πί
496 1268 579 1341 χεῖρα
597 1254 694 1322 αὐτοῦ
707 1253 758 1322 'A-
795 1253 864 1331 λάτ,
878 1248 925 1319 ὅτι
939 1250 1019 1337 ῆμεῖς
1029 1256 1241 1338 οἰκοδομοῦμεν
1252 1255 1289 1321 τὸ
1301 1269 1406 1341 τεῖχος,

146 1337 218 1425 ζούρ
232 1340 294 1415 υίὸς
304 1339 414 1424 Ἰησοῦ,
426 1337 527 1441 άρχων
540 1344 595 1404 τοῦ
608 1340 756 1420 Μασφαί,
796 1341 847 1402 καί
858 1339 988 1442 πονηρὸν
998 1336 1082 1422 αύτῷ
1092 1335 1198 1423 ἐφάνη,
1205 1341 1257 1402 καί
1267 1337 1406 1425 ὠργίσθη

146 1426 255 1509 μέτρον
279 1419 414 1505 δεύτερον
444 1448 562 1507 πυργου
588 1416 758 1509 ἀναβάσεως
797 1422 846 1485 ἐπί
859 1421 954 1497 πολυ,
978 1424 1031 1486 καί
1047 1420 1165 1499 ἔξεγελα
1183 1424 1233 1487 ἐπὶ
1245 1435 1310 1498 τοῖς
1324 1421 1405 1488 Ἰου-

146 1512 201 1610 τῆς
220 1504 428 1589 συναπτούσης
445 1509 498 1587 τῆς
510 1511 627 1583 γωνίας.
653 1508 684 1549 ²⁰
696 1502 754 1586 μετ’
796 1503 900 1578 δαίοις.
925 1507 1004 1570 2καί
1018 1504 1096 1570 εἶπεν
1109 1499 1235 1569 ἐνώπιον
1247 1510 1308 1570 τῶν
1320 1505 1402 1572 ἀδελ-

147 1585 244 1654 ουτῦν
261 1583 405 1672 ἐκράτησε
417 1588 546 1693 Βαρούχ
566 1584 628 1662 υίὸς
640 1591 757 1675 Ζαβοῦ,
797 1591 861 1667 φιῦν
873 1584 976 1652 αὐτοῦ.
1000 1584 1077 1671 αῦτη
1091 1585 1109 1672 ῆ
1123 1583 1242 1670 δύναμις
1254 1586 1404 1676 Σομόρων

147 1674 255 1755 μέτρον
273 1667 340 1735 δεύτ
372 1694 406 1735 ον
424 1669 489 1736 ἀπο
508 1676 561 1755 τῆς
577 1675 684 1748 γωνίας
701 1677 757 1745 ἕως
796 1666 843 1734 ὅτι
857 1675 887 1735 οἰ
896 1669 1040 1737 Ἰουδαῖοι
1053 1664 1138 1737 οῦτοι
1149 1672 1341 1753 οἰκοδομοῦσι
1350 1671 1405 1756 τῆν

146 1749 246 1840 θύρας
263 1694 480 1839 Βηθίλιασούβ
503 1758 560 1819 τοῦ
584 1756 684 1840 ἱερέως
701 1759 758 1819 τοῦ
796 1755 913 1820 ἑαυτῶν
924 1751 1029 1833 πάλινς
1048 1754 1109 1840 ἄρα
1120 1751 1324 1835 θυσιάζουσινς
1342 1756 1405 1839 άρα

146 1832 284 1919 μεγάλου.
309 1834 405 1919 θμεέ
422 1835 518 1903 αῦτόν
536 1837 677 1922 ἐκράτησε
688 1845 757 1904 Με-
796 1836 988 1921 δυνῆσονταις
1000 1834 1182 1924 καίσῆμερον
1190 1835 1325 1904 ἰάσονται
1335 1838 1405 1914 τοῦς

147 1919 260 2006 ραμώθ
274 1916 337 1994 υίὸς
352 1917 459 2004 Οῦρία,
477 1924 548 1987 υἰοῦ
560 1919 688 1997 Ἀντιεύς,
705 1925 756 2004 μέ-
796 1921 902 1996 λίθους
918 1921 999 2005 Ιμετά
1024 1919 1060 1987 τὸ
1085 1926 1170 2005 χεῦμα
1191 1924 1330 1998 γενέσθαι
1350 1929 1406 2008 γῆς

147 2029 220 2084 τρον
244 1998 380 2089 δεύτερον
403 2000 466 2068 ἀπὸ
483 2000 583 2089 θύρας
600 2005 757 2090 Βηθελια-
796 2007 963 2080 καυθέντος
967 2034 979 2082 ,·
1006 2005 1085 2071 3καί
1103 2001 1251 2091 Τωβίαςύ
1266 2004 1406 2089 Ἀμμανί-

149 2083 227 2171 σοῦβ
262 2090 318 2161 ἕως
348 2084 505 2169 ἐκλείψεως
534 2084 756 2176 Βηθελιασούβ.
795 2113 847 2192 της
859 2083 978 2191 ἐχῦμενα
990 2084 1086 2153 αὐτοῦ
1098 2088 1184 2171 ἦλθε,
1193 2090 1244 2154 καὶ
1257 2088 1319 2155 εἶπε
1328 2088 1406 2177 πρὸς

147 2171 178 2210 ²²
191 2170 242 2234 καί
259 2165 318 2254 μετ’
335 2168 427 2234 αὐτὸν
445 2168 609 2255 ἐκράτησαν
627 2176 657 2236 οῖ
675 2175 758 2257 ίερεῖς
796 2195 917 2245 αυτους.
947 2168 987 2255 μῆ
1005 2166 1200 2248 θυσιάζουοιν
1216 2170 1236 2257 ἢ
1255 2168 1404 2253 φάγονται

149 2250 251 2338 άνδρες
267 2256 299 2317 ἐκ
322 2248 435 2338 Χεχάρ.
472 2255 564 2319 23καί
584 2253 643 2337 μετ’
664 2254 758 2322 αὐτὸν
796 2256 913 2320 ἒπίτοῦ
929 2249 1155 2333 τάπουαύτῶν,·
1181 2253 1403 2344 οῦχίάναβῆσε-

149 2335 291 2422 ἐκράτησε
310 2339 451 2418 Βενιαμίν
468 2339 520 2403 καί
539 2335 651 2442 Ἀσούβ
667 2341 755 2403 κατέ·
795 2363 846 2402 ται
864 2333 990 2420 άλούπηξ
1001 2340 1053 2402 καί
1071 2337 1193 2404 καθελεῖ
1201 2339 1237 2404 τὸ
1252 2352 1345 2426 τεῖχος
1358 2341 1404 2406 λί-

147 2443 230 2485 ναντι
256 2422 341 2486 οἴκου
367 2419 476 2486 αὐτῶν.
508 2423 560 2486 καί
583 2447 636 2504 μετ
662 2418 757 2487 αύτδν
795 2419 992 2501 θωναύτῦνν,Ι
1016 2420 1178 2488 4οἰίιουσον
1196 2418 1298 2500 ὅθεὸς
1311 2420 1404 2509 ῆμῶν,

149 2500 309 2588 ἐκράτησεν
337 2502 475 2590 Ἀζαρίας
508 2505 572 2578 υίὸς
598 2512 757 2581 Μαασίου,
796 2501 842 2570 ὅτι
856 2502 1030 2589 ἐγενήθημεν
1043 2510 1081 2581 εἰς
1093 2505 1303 2592 μυκτηρισμὸν,
1326 2510 1405 2573 5καί

148 2592 216 2653 υίοῦ
241 2588 362 2653 Ἀνανία
392 2585 514 2673 ἐχόμενα
540 2588 626 2652 οἴκου
652 2588 756 2654 αὐτοῦ.
796 2592 976 2694 ἕπίοτρεψον
989 2586 1148 2673 ὀνειδισμὸν
1157 2588 1304 2667 αύτοῦνείς
1312 2617 1406 2672 κεφα-

147 2670 180 2712 ²⁴
192 2671 249 2753 μετ’
267 2669 359 2737 αὐτὸν
371 2667 515 2756 ἐκράτησε
527 2673 609 2736 Βανί
629 2672 692 2747 υίὸς
706 2671 756 2737 ’A-
795 2670 849 2754 λῆν
862 2677 972 2747 αυτοίν,
993 2675 1044 2737 καὶ
1056 2672 1108 2749 δὸς
1121 2671 1229 2748 αὐτούς
1242 2680 1281 2750 εἰς
1292 2700 1405 2758 μυκτη-

148 2753 215 2828 δάδ,
227 2758 335 2840 μέτρον
348 2748 481 2839 δεύτερον
494 2752 556 2819 ἀπὸ
569 2759 758 2839 Βηθαζαρὶα
796 2752 899 2838 ρισμύν
915 2758 946 2820 ἐν
961 2759 1002 2850 γῆ
1019 2757 1234 2840 αἰχμαλωσίας,
1261 2760 1276 2801 ⁶
1289 2760 1341 2823 καί
1362 2754 1404 2842 μῆ

148 2841 204 2911 ἕως
230 2841 283 2918 τῆς
305 2842 414 2914 γωνίας
431 2840 482 2901 καί
498 2843 554 2912 ἕως
570 2841 622 2920 τῆς
640 2843 758 2920 καμπῆς
796 2838 933 2927 καλάφης
946 2842 996 2904 ε’πί
1008 2836 1142 2924 ἆνομίαν.
1158 2843 1226 2905 ’ίκαί
1237 2843 1350 2918 ἐγένετο
1362 2837 1405 2915 ιδς

147 2922 177 2962 ²⁵
195 2918 302 3003 Φαλὰχ
326 2923 392 2983 υἱοῦ
409 2918 508 2995 Εῦζαί
526 2923 690 2996 ἐξεναντίας
706 2926 758 3004 τῆς
796 2921 920 3005 ἤκουσεν
938 2921 1142 3008 Σαναβαλλάτ
1158 2925 1209 2988 καί
1229 2928 1334 3008 Τωβία
1351 2925 1404 2988 καί

147 3007 267 3079 γωνίας,
285 3003 337 3065 καί
349 2998 366 3066 ὃ
380 2996 494 3085 πύργος
508 3002 525 3068 ὃ
539 3003 644 3087 ἒξέχων
656 3008 689 3068 ἐκ
701 3008 758 3068 τοῦ
796 3004 953 3107 οίἎραβες
966 3008 1017 3071 καί
1029 3001 1298 3106 οῖἈμμανίται,ῦτι
1308 3004 1402 3108 άνεβη

149 3085 232 3149 οἴκου
249 3089 304 3149 τοῦ
322 3084 465 3171 βασιλέως
481 3083 498 3150 ὁ
512 3084 660 3171 άνούτερος
673 3084 691 3150 ὁ
704 3091 757 3169 τῆς
796 3085 889 3172 ῆφυη
905 3101 968 3164 τοῖς
986 3095 1030 3154 τεί
1044 3111 1100 3152 εσιν
1120 3083 1322 3170 Ῑερουσαλῆμ,
1349 3085 1399 3150 σ’τι

147 3165 240 3250 αύλῆς
265 3172 318 3252 τῆς
343 3166 483 3251 φυλακῆς.
510 3170 563 3233 καὶ
583 3168 641 3249 μετ’
662 3167 757 3235 αὐτὸν
795 3169 923 3254 ῆρξαντο
954 3176 987 3236 αἰ
1015 3115 1177 3249 ύασφαγαί
1205 3164 1401 3252 άναφράσσε-

149 3251 275 3339 Φαδριία
287 3247 350 3326 υίὸς
364 3245 471 3336 Φάρος.
499 3254 529 3295 ²⁶
542 3253 594 3317 καί
605 3257 637 3317 οἰ
648 3256 757 3319 Ναθι-
795 3265 880 3332 σθαι,
893 3258 944 3320 καί
957 3250 1085 3340 πονηρὸν
1098 3249 1200 3327 αὐτοῖς
1211 3247 1307 3336 ἐφάνη
1321 3249 1403 3333 σφύ-

147 3336 195 3416 νὶμ
211 3336 287 3420 ῆσαν
300 3338 448 3409 οἰκοῦντες
461 3337 491 3402 ἐν
504 3333 676 3440 τῷὨφάλ,
701 3342 757 3412 ἕως
794 3339 859 3422 δρα.
890 3340 970 3403 θκαί
994 3336 1177 3422 συνήχθησαν
1201 3332 1310 3411 πάντες
1336 3339 1403 3402 ἐπι-

147 3415 247 3504 κῆπου
260 3415 354 3504 πύλης
363 3423 419 3484 τοῦ
430 3415 538 3496 ύδατος
548 3424 587 3496 εἰς
596 3419 755 3497 ανατολάς,
794 3421 921 3498 τοαυτὸ,
943 3422 1043 3487 ἐλθεῖν
1055 3414 1294 3507 παρατάξασθαι
1308 3417 1403 3485 ἕνἹε-

146 3506 197 3569 καί
210 3502 227 3569 ὁ
241 3502 354 3591 πύργος
367 3500 384 3568 ὁ
399 3505 511 3589 ἔξέχων.
529 3507 615 3570 27καί
626 3505 685 3589 μετ’
699 3503 754 3570 αύ-
793 3504 948 3632 ρουσαλῆμ
968 3507 1020 3570 καί
1035 3511 1160 3588 ποιῆσαι
1178 3501 1272 3586 αύτῆν
1290 3501 1400 3586 ἀφανῆ.

146 3587 201 3653 τὸν
213 3584 379 3673 ἐκράτησαν
391 3592 421 3652 οῖ
435 3588 560 3669 Θεκωίμ,
570 3591 679 3675 μέτρον
689 3584 756 3653 δεύ-
823 3591 874 3653 καί
897 3584 1128 3673 προςηυξάμεθα
1152 3584 1228 3672 πρὸς
1254 3583 1308 3652 τὸν
1329 3587 1401 3652 θεὸν

147 3695 233 3771 τερον
251 3673 415 3746 ἐξεναντίας
432 3676 490 3737 τοῦ
501 3667 618 3757 πύργου
636 3678 694 3738 τοῦ
705 3697 756 3755 με-
795 3668 889 3755 ῆμών,
907 3674 958 3736 καὶ
971 3669 1133 3757 ἐστῆσαμεν
1144 3665 1342 3754 προφύλακας
1353 3667 1396 3736 ἐπ’

147 3753 243 3830 γαλου
255 3757 310 3815 τοῦ
324 3755 373 3828 ἒξέ
388 3778 483 3829 οντος,
498 3759 549 3820 καί
562 3761 617 3831 ἕως
629 3761 684 3822 τοῦ
697 3763 756 3820 τεί-
794 3754 905 3831 αὐτούς
924 3752 1036 3858 ῆμέρας
1053 3758 1105 3821 καί
1117 3751 1219 3827 νυκτὸς
1234 3752 1297 3818 ἀπὸ
1310 3781 1404 3839 προς-

147 3860 216 3920 χους
233 3839 290 3899 τοῦ
304 3834 341 3900 ’0
364 3779 411 3899 ίά.
448 3834 638 3925 28ἀνώτερον
660 3835 756 3922 πύλης
794 3834 880 3904 τύπου
904 3844 1014 3903 αυτιῦν.
1053 3842 1082 3883 ¹⁰
1101 3840 1152 3904 καί
1177 3835 1255 3901 εἶπεν
1275 3834 1403 3912 Ἰούδας.

147 3923 208 3983 τῶν
222 3921 326 3983 ’ίππων
338 3912 504 4003 ἐκράτησαν
516 3927 548 3987 οῖ
561 3927 655 4006 ἱερεῖς,
681 3919 756 4025 άνῆρ
794 3926 943 4008 συνετρίβη
961 3918 979 4006 ῆ
995 3919 1076 4007 ἰσχύς
1092 3927 1153 3987 τοῦν
1165 3923 1220 4004 ε’χθ
1239 3925 1295 3996 ιῦν,
1320 3919 1403 3987 καὶὸ

147 4003 312 4078 ἐξεναντίας
337 4000 420 4065 οἴκου
437 4005 557 4070 ἑαυτοῦ.
584 4009 614 4050 ²⁹
628 4007 679 4070 καί
695 4031 747 4085 μετ
792 4011 862 4091 χοῦς
873 4004 983 4081 πολύς,
1009 4010 1059 4071 καί
1072 4004 1151 4089 ῆμεῖς
1167 4002 1205 4069 οῦ
1218 3946 1405 4087 δυνησόμεθα

148 4083 244 4150 αὐτὸν
262 4079 401 4168 ἐκράτησε
413 4086 553 4155 Σαδδούκ
566 4085 627 4164 υἷάς
641 4086 755 4192 Ἐμμῆρ
795 4089 959 4169 οἰκοδομεῖν
981 4093 1012 4155 ἰν
1030 4095 1075 4172 τῷ
1093 4096 1183 4192 τείχει.
1211 4092 1236 4129 ¹¹
1249 4092 1301 4153 καί
1319 4087 1406 4154 εἶπαν

147 4169 315 4244 ἐξεναντίας
327 4170 410 4233 οἴκου
421 4172 539 4237 ἑαυτοῦ.
562 4174 613 4238 καί
625 4197 677 4253 μετ
701 4198 757 4237 αυ-
794 4177 825 4237 οἰ
841 4172 994 4259 θλίβοντες
1011 4169 1095 4255 ῆμᾶς.
1122 4198 1159 4237 ου
1175 4166 1340 4249 γνώσονται
1353 4174 1405 4236 καί

148 4249 203 4316 τὸν
212 4247 353 4336 ἐκράτησε
361 4255 486 4337 Σαμαία
498 4254 560 4331 υίὸς
568 4261 689 4340 Σεχενία
699 4251 757 4336 φύ-
793 4253 847 4321 οῦκ
861 4255 995 4339 ὄψονται
1007 4262 1062 4333 ἕως
1071 4253 1145 4322 δ’του
1155 4255 1294 4338 ἔλθωμεν
1303 4261 1342 4331 εἰς
1350 4256 1405 4339 μέ-

148 4335 204 4413 λαξ
222 4340 276 4418 τῆς
293 4333 389 4419 πύλης
401 4342 454 4423 τῆς
469 4337 628 4423 ἀνατολῆς.
653 4340 685 4382 ³⁰
696 4337 753 4420 μετ’
793 4365 846 4405 σον
857 4340 958 4406 αὐτῶν
972 4343 1022 4405 καί
1039 4335 1404 4422 φονεύσωμεναύτοῦςκαί

118 4431 121 4440 “
148 4416 243 4486 αὐτὸν
262 4414 418 4507 ἐκράτησεν
438 4421 561 4490 Ἀνανία
586 4419 648 4497 υίὸς
669 4422 757 4487 Σελε-
793 4418 1035 4505 καταπαύσωμεν
1052 4423 1090 4490 τὸ
1104 4427 1200 4511 ἔργον.
1228 4426 1255 4464 ¹²
1268 4424 1321 4488 καί
1339 4425 1404 4500 376-

146 4511 214 4586 μία,
240 4505 292 4572 καί
311 4499 410 4591 Ἀνάμ
429 4503 492 4583 υίὸς
508 4504 605 4592 Σελέφ
623 4502 641 4574 ὁ
662 4511 756 4586 ἕκτος,
793 4533 858 4575 νετο
884 4505 925 4582 ὡς
943 4503 1081 4590 ῆλθοσαν
1098 4513 1128 4575 οί
1149 4505 1292 4573 Ἰουδαῖοι
1311 4511 1344 4605 οῖ
1358 4511 1405 4571 οἰ·

1286 4615 1407 4667 κουντες
