2924 4972
295 193 952 263 ΜΑιειεΑοκιοσΔπνσπνοσ
990 190 1166 276 xmus.
1290 214 1357 283 999

105 321 145 390 είς
163 313 375 398 ἑξακιςχιλίους.
412 310 492 372 2καί
514 308 715 373 ἐπεκαλοῦντο
748 306 923 390 μεταδόντος
936 308 1033 375 αὐτοῦ
1051 324 1115 389 τοῖς
1135 319 1189 379 σὺν
1205 314 1286 397 αὐτῷ
1301 317 1357 401 τλην

106 399 159 463 τὸν
170 393 274 483 κύριον
293 395 402 459 ἐπιδεῖν
420 393 470 456 ε’πί
488 389 541 458 τὸν
561 387 622 456 ὐπὸ
640 387 715 456 πάν·
748 398 918 477 παρουσίαν
943 397 999 458 τοῦ
1025 398 1246 480 στρατοπέδου,
1285 401 1358 464 13οῖ

106 505 168 547 των
179 473 445 560 καταπατούμενον
460 472 546 553 λαόν,
572 479 716 559 οἰκτεῖραι
748 475 981 561 δειλανδροῦντες
1009 480 1059 542 καί
1084 477 1277 560 ἀπιστοῦντες
1302 480 1358 568 τήν

107 563 203 630 δὲκαὶ
216 559 270 626 τάν
285 557 357 626 ναὸν
374 556 428 624 τὸν
448 553 510 623 ὐπὸ
523 563 586 625 τῶν
599 556 715 644 ἀσεβῶν
747 564 806 625 τοῦ
819 564 896 624 θεοῦ
909 561 993 644 δίκην
1005 561 1219 649 διεδίδρασκον,
1234 568 1285 632 καί
1298 570 1356 644 ἰξε-

105 639 281 731 ἀνθρώπων
305 642 522 731 βεβηλωθέντα.
560 643 575 683 ³
602 642 715 724 ἐλεῆσαι
748 641 870 719 τόπιζον
884 643 1020 719 ἑαυτούς.
1057 643 1355 731 14οῖδὲτάπεριλε

107 727 140 795 δὲ
165 728 217 792 καὶ
232 726 293 812 1τήν
323 730 601 811 καταφθειρομένην
627 722 716 791 πόλιν
748 727 885 809 λειμμένα
896 724 998 793 πάντα
1011 724 1244 812 έπώλουν,ὁμού
1257 731 1357 797 δὲτὸν

108 812 160 876 καί
171 807 341 893 μέλλουσαν
355 805 494 875 ἰσόπεδον
506 816 652 888 γίνεσθαι,
665 809 717 872 καλ
748 805 852 895 κόριον
866 809 968 894 ήξίουν
976 806 1131 897 ῥύσασθαι
1144 813 1214 888 τούς
1228 811 1287 880 ὐπὸ
1296 821 1353 880 τοῦ

108 898 170 960 τών
182 891 401 982 καταβοώντων
417 889 493 977 πρὸς
512 889 606 958 αὐτὸν
625 889 715 975 αἷμά·
749 892 905 979 δυςσεβούς
928 891 1100 980 Νικάνορος
1124 898 1195 981 πρίν
1212 909 1356 983 συντυχεῖν

108 1003 170 1043 των
189 982 365 1052 εὐςακούσαι.
403 974 599 1060 4μνησθῆναι
617 973 648 1038 δὲ
666 975 717 1038 καί
747 979 962 1080 πεπραμένους.
992 980 1019 1021 ¹⁵
1033 982 1085 1045 καί
1096 983 1120 1044 εί
1130 980 1170 1063 μή
1183 979 1217 1045 δι’
1234 980 1354 1062 αὐτοὺς,

109 1069 163 1161 τής
174 1066 236 1126 τῶν
254 1058 473 1145 ἀναμαρτήτων
491 1066 604 1143 νηπίων
614 1083 715 1142 παρα·
750 1057 830 1124 ἀλλα
842 1059 892 1124 διά
905 1058 959 1136 τάς
976 1061 1054 1147 πρὸς
1067 1061 1139 1137 τούς
1150 1067 1285 1150 πατέρας
1298 1063 1354 1132 αὐ-

109 1170 200 1225 νομου
218 1139 379 1217 ἀπωλείας,
404 1142 457 1206 καλ
475 1144 541 1229 περὶ
563 1146 622 1206 τών
633 1165 717 1220 γενο-
748 1147 809 1207 τών
824 1140 987 1222 διαθίκας,
999 1147 1051 1210 καί
1063 1150 1158 1212 ἕνεκεν
1171 1152 1223 1246 τής
1237 1144 1281 1212 ἔπ’
1297 1144 1354 1213 αὐ-

108 1225 207 1311 μίνων
226 1231 264 1301 εἷς
287 1225 323 1290 τὸ
343 1224 436 1307 ὄνομα
459 1224 555 1291 αὐτοῦ
583 1225 716 1308 βλαςφη-
748 1224 820 1302 τούς
836 1173 1012 1310 ἐπικλήσεως
1029 1233 1084 1293 τοῦ
1103 1254 1209 1314 σεμνου
1238 1234 1289 1296 καί
1303 1257 1354 1314 με-

109 1314 193 1391 μιών,
206 1310 256 1373 καλ
267 1313 512 1393 μισοπονηρήσαι.
539 1309 553 1352 ⁵
566 1306 717 1391 γενόμενος
747 1310 959 1396 γαλοπρεποῦς
977 1307 1123 1396 ὀνόματος
1135 1312 1241 1379 αὐτοῦ.
1255 1315 1354 1380 λῦσον·

110 1391 141 1457 δὲ
153 1397 184 1458 ἐν
197 1389 358 1476 συστήματι
382 1391 617 1479 όΜακκαβαῖος
644 1390 716 1457 ἀνυ-
749 1392 872 1470 αγαγών
889 1393 921 1459 δὲ
939 1393 1178 1482 όΜακκαβαῖος
1196 1395 1268 1472 τούς
1286 1399 1356 1482 περλ

110 1473 264 1552 πόστατος
289 1475 345 1561 ήδη
370 1487 433 1550 τοῖς
458 1479 573 1542 ε”θνεσιν
596 1480 716 1555 ἐγίνετο,
749 1473 843 1540 αὐτὸν
856 1475 946 1553 ὄντας
963 1475 1019 1544 τὸν
1037 1476 1167 1564 ἀριθμόν
1184 1481 1354 1565 ἐξακιςχιλί-

111 1562 165 1641 τῆς
183 1557 272 1642 όργης
289 1564 343 1625 τοῦ
361 1564 464 1643 κυρίου
482 1565 520 1634 εἰς
537 1559 625 1624 ἔλεον
643 1584 715 1644 τρα-
750 1585 801 1634 ους
812 1557 971 1644 παρεκάλει
983 1558 1024 1645 μή
1039 1562 1268 1646 καταπλαγῆναι
1284 1561 1356 1641 τούς

110 1649 221 1725 πείσης.
248 1644 264 1685 ⁶
275 1643 377 1716 πόλεις
387 1643 419 1707 δὲ
432 1644 482 1706 καί
492 1640 592 1723 κώμας
606 1640 717 1728 ἀπρος·
749 1643 906 1724 πολεμίους
919 1645 1014 1729 ,μηδὲ
1027 1643 1216 1734 εὐλαβεῖσθαι
1229 1645 1283 1731 τήν
1294 1650 1354 1712 τών

112 1722 246 1808 δοκήτως
271 1723 425 1812 ἐρχόμενος
450 1728 626 1811 ἐνεπίμπρα,
666 1725 718 1789 καὶ
749 1724 858 1802 ἀδίκως
875 1733 1115 1814 παραγινομένων
1133 1727 1177 1795 ἐπ’
1197 1727 1356 1804 αὐτούςύ-

112 1807 183 1884 τούς
205 1813 378 1894 ἐπικαίρους
400 1806 513 1884 τόπους
535 1803 717 1895 ἀπολαμβά-
749 1813 832 1873 θνων
844 1809 1074 1895 πολυπληθίαν,
1101 1810 1356 1889 ἀγωνίσασθαιδύ

113 1916 172 1956 νων
193 1891 248 1957 οὐκ
261 1891 378 1971 ὀλίγους
395 1898 458 1959 τών
470 1891 620 1976 πολεμίων
634 1895 716 1958 ἐνίκα
748 1897 898 1969 γενναίως,
913 1896 938 1935 ¹⁷
948 1893 1009 1978 πρὸ
1024 1893 1194 1976 ὀφθαλμῶν
1208 1893 1356 1982 λαβόντας

112 1971 324 2062 τροπούμενος.
363 1975 520 2060 7μάλιστα
538 1972 592 2051 τάς
610 1971 718 2049 νύκτας
750 1976 806 2059 τήν
819 1973 937 2059 ἀνόμως
956 1983 994 2053 εἰς
1006 1974 1059 2042 τόν
1077 1977 1161 2057 άγιον
1175 1972 1272 2044 τόπον
1284 2003 1355 2044 συν-

111 2055 189 2139 πρὸς
201 2060 256 2132 τὰς
274 2054 416 2135 τοιαύτας
436 2058 599 2205 ἐπιβουλάς
617 2084 718 2164 συνερ-
750 2057 949 2146 τετελεσμένην
965 2056 1014 2126 ὐπ’
1031 2059 1131 2127 αὐτῶν
1144 2057 1229 2148 ὐβριν
1241 2062 1293 2127 καί
1302 2061 1356 2127 τὸν

111 2135 181 2215 γούς
198 2137 349 2242 ἐλάμβανε.
376 2144 427 2205 καί
440 2142 478 2205 λα
498 2141 530 2206 ιά
543 2168 586 2217 τις
599 2147 651 2226 τῆς
669 2167 718 2240 ειη-
751 2147 802 2225 τής
820 2146 1053 2244 ἐμπεπαιγμένης
1074 2140 1189 2218 πόλεως
1209 2142 1356 2228 αίκισμὸν,

112 2221 235 2305 ανδρίας
274 2227 371 2286 αυτοῦ
410 2224 530 2306 διεχεῖτο
569 2247 716 2305 πανταχη.
751 2225 793 2284 ἔτι
810 2223 843 2287 δε
861 2248 916 2308 την
933 2250 987 2347 της
1005 2229 1181 2309 προγονικῆς
1203 2226 1356 2300 πολκτείας

112 2303 274 2387 8συνορῶν
286 2302 318 2367 δὲ
332 2300 349 2368 ὁ
363 2304 514 2379 Φίλιππος
524 2305 602 2369 κατά
613 2305 717 2389 μικρὸν
750 2300 929 2408 κατάλυσινη,
943 2310 952 2345 ¹
1058 2306 1065 2324 ¹
1130 2306 1136 2325 ⁸

984 2309 1013 2369 οῖ
1031 2330 1084 2389 μεν
1101 2332 1162 2392 γαρ
1181 2303 1287 2383 ὅπλοις
1300 2333 1355 2372 πε-

112 2389 150 2462 είς
174 2386 336 2471 προκοπήν
358 2385 512 2472 ἐρχόμενον
535 2386 588 2452 τὸν
612 2386 716 2471 ἀνδρα,
749 2390 894 2451 ποίθασιν
907 2414 969 2469 αμα
984 2390 1036 2452 καί
1048 2385 1170 2471 τόλμαις
1184 2391 1300 2472 ἔφησεν,
1319 2387 1355 2475 ἢ·

111 2468 291 2553 πυκνότερον
303 2470 335 2535 δὲ
348 2474 379 2535 έν
391 2483 455 2547 ταῖς
468 2469 627 2555 εὐημερίαις
638 2496 716 2555 προ-
749 2480 809 2552 μεῖς
821 2467 853 2534 δὲ
867 2472 916 2535 ἐπὶ
928 2474 971 2554 τῷ
982 2466 1202 2557 παντοκράτορι
1215 2479 1290 2556 θεῷ,
1302 2475 1353 2539 δυ-

133 2556 268 2630 αίνονσα,
292 2552 370 2639 πρὸς
384 2553 575 2637 Πτολεμαῖον
587 2551 641 2619 τόν
654 2559 717 2619 κοί·
751 2555 867 2636 ναμένῳ
881 2554 933 2618 καί
944 2554 1015 2628 τούς
1026 2557 1199 2639 ἐρχομένους
1212 2555 1257 2636 ἐφ’
1278 2557 1353 2641 ἡμᾶς

133 2663 165 2718 ης
176 2643 290 2723 Συρίας
304 2640 354 2702 καί
372 2643 509 2721 Φοινίκης
526 2636 675 2721 σταὶηγάν
687 2639 717 2700 έ-
749 2637 798 2699 καί
820 2638 874 2702 τὸν
895 2632 969 2702 όλον
992 2633 1104 2719 κόσμον
1118 2641 1149 2701 ἀν
1170 2640 1215 2703 ἐνὶ
1235 2635 1354 2722 νεύματι

112 2741 228 2803 γραιμεν
242 2723 413 2807 ἐπιβοηθεῖν
431 2733 494 2798 τοῖς
507 2724 563 2786 τού
573 2719 717 2808 βασιλέως
749 2720 938 2805 καταβαλεῖν,
950 2725 1146 2801 πεποίθαμεν.
1173 2723 1354 2804 19προςανα-

112 2800 289 2904 πράγμασιν.
329 2800 375 2869 9ό
389 2803 420 2868 δὲ
439 2808 551 2888 ταχέως
569 2828 717 2888 προχειρι-
749 2798 900 2885 λεξάμενος
914 2802 946 2867 δὲ
966 2802 1069 2878 αὐτοῖς
1086 2806 1138 2868 καί
1155 2803 1210 2880 τάς
1229 2807 1280 2871 ἐπί
1291 2808 1353 2869 τών

113 2911 239 2968 σαμενος
256 2882 417 2971 Νικάνορα
435 2885 488 2952 τὸν
508 2891 566 2951 τοῦ
590 2882 716 2971 Πατρό-
749 2882 907 2969 προγόνων
924 2890 1082 2969 γενομένας
1095 2882 1276 2971 ἀντιλήηιεις,
1301 2888 1353 2951 καί

111 2969 184 3033 κλου
199 2974 259 3034 τῶν
277 2968 408 3054 πρώτων
420 2969 518 3053 φίλων
535 2967 716 3046 ἀπέστειλεν,
749 2968 804 3053 τήν
816 2971 867 3034 ἐπὶ
883 2973 1076 3055 Σενναχηρεὶμ
1094 2973 1156 3035 τών
1174 2970 1283 3037 ἑκατὸν
1300 2968 1354 3047 ἀγ-

114 3048 267 3129 ὐποτάξας
278 3049 451 3134 παμφύλων
469 3056 543 3137 ε”θνη
561 3051 616 3117 οὐκ
628 3047 714 3119 έλάτ-
748 3050 895 3139 δοήκοντα
904 3056 991 3117 πέντε
1003 3050 1151 3137 χιλάδων,
1161 3051 1202 3128 ὡς
1214 3047 1354 3119 ἀπώλον-

111 3161 181 3210 τους
192 3140 254 3201 τών
275 3136 441 3222 διςμυρίων,
468 3134 504 3201 τό
523 3133 644 3219 σύμπαν
655 3140 717 3203 τών
749 3161 795 3212 το,
824 3138 854 3180 ²⁰
868 3138 918 3202 καὶ
930 3135 985 3220 τήν
1003 3140 1034 3201 ἐν
1051 3141 1088 3226 τῇ
1103 3137 1288 3223 Βαβυλωνία
1300 3132 1354 3220 τήν

110 3218 263 3286 Ἰουδαίων
277 3221 378 3305 ἶξάραι
391 3222 486 3296 γένος.
513 3225 670 3305 συνέστησε
683 3220 716 3288 δὲ
748 3218 826 3306 πρὸς
839 3218 948 3296 αὐτοὺς
965 3215 1110 3295 Γαλάτας
1126 3215 1294 3305 παράταξιν
1306 3244 1354 3298 γι-

111 3299 197 3385 αὐτῷ
216 3308 267 3370 καί
279 3306 417 3389 Γοργίαν
431 3303 527 3391 ἀνδρα
547 3303 716 3391 στρατηγὸν
749 3307 881 3387 νομένην,
897 3302 937 3379 ὡς
956 3307 988 3369 ολ
998 3300 1108 3377 πάντες
1126 3304 1176 3367 ἐπὶ
1188 3301 1243 3384 τήν
1255 3309 1354 3386 χρείαν

112 3388 162 3448 καί
174 3389 205 3450 έν
216 3388 388 3469 πολεμικαῖς
396 3394 505 3471 χρείαις
514 3393 619 3471 πείραν
632 3392 716 3470 έχον-
749 3374 846 3466 ήλθον
876 3383 1080 3468 ἀκτακιςχίλιοι
1109 3384 1163 3447 σύν
1193 3380 1353 3449 Μακεδόσι

112 3492 159 3530 τα.
197 3464 411 3551 10διεστήσατο
425 3466 458 3531 δὲ
474 3466 491 3531 ὁ
504 3465 648 3552 Νικάνωρ
663 3469 715 3534 τὸν
748 3466 993 3552 τετρακιςχιλίοις,
1004 3469 1065 3530 τών
1073 3462 1262 3532 Μακεδόνων
1271 3463 1353 3531 ἀπο-

112 3542 208 3628 φόρον
221 3553 266 3634 τῷ
276 3548 392 3637 βασιλεῖ
398 3559 463 3622 τοῖς
470 3545 629 3631 Ῥωμαίοις
641 3548 716 3615 ἀντα
747 3550 909 3633 ρουμένων,
923 3552 954 3611 σί
969 3545 1174 3632 ἀκτακιςχίλιοι
1193 3545 1247 3621 τάς
1259 3547 1352 3613 δώδε-

112 3623 271 3697 ταλάντων
289 3631 432 3717 διςχιλίων
448 3632 481 3696 ἐκ
500 3635 552 3716 τῆς
565 3630 715 3697 τῶνἸου-
748 3656 786 3695 κα
798 3627 943 3716 μυριάδας
959 3626 1118 3697 ἀπώλεσαν
1135 3629 1184 3694 διά
1202 3629 1256 3714 τήν
1268 3654 1351 3708 γενο-

112 3712 205 3780 δαίων
214 3713 416 3799 αἰχμαλωσίας
429 3712 502 3778 ἰκπλ
521 3710 631 3797 ρώοειν.
645 3711 714 3779 1ἐὐ
746 3715 834 3798 μένην
851 3710 954 3788 αὐτοῖς
971 3711 1023 3777 ἀπ’
1047 3711 1180 3798 οὐρανοῦ
1196 3711 1352 3801 βοήθειαν,

113 3796 195 3874 θέως
208 3797 240 3864 δὲ
253 3803 292 3872 εἰς
304 3796 360 3870 τάς
372 3741 644 3880 παραθαλασσίους
655 3793 714 3863 πό-
747 3796 798 3863 καὶ
811 3794 955 3877 εὐμέλειαν
975 3794 1091 3877 πολλὴν
1110 3795 1231 3881 ἔλαβον.
1270 3796 1346 3877 ²¹&

114 3880 171 3956 λεις
184 3880 334 3949 ἀπέστειλε
350 3876 606 3963 προςκαλοόμενος
618 3879 663 3945 ἐπ’
678 3877 715 3944 ἀ-
746 3879 790 3956 οἷς
802 3876 958 3964 εὐθαρσεῖς
971 3877 1080 3953 αὐτοὺς
1092 3878 1291 3964 παραστήσας
1301 3881 1351 3945 καί

114 3966 264 4050 χορασμὸν
280 3961 452 4029 Ἰουδαϊκῶν
469 3959 628 4047 σωμάτων,
646 3959 714 4031 fim-
747 3967 881 4044 ἑτοίμους
894 3959 969 4048 ίιπέρ
981 3961 1040 4025 τών
1053 3956 1149 4044 νόμων
1161 3964 1213 4027 καί
1224 3968 1277 4046 τῆς
1287 3989 1349 4029 πα-

115 4047 287 4134 σχνούμενον
313 4040 483 4129 ἐνενήκοντα
509 4041 634 4130 σώματα
659 4072 715 4113 τα-
747 4048 847 4129 τρίδος
870 4040 1088 4129 ἀποθνήσκειν,
1126 4051 1297 4132 τετραμερές
1321 4070 1351 4110 τι

114 4126 223 4196 λάντου
235 4125 465 4218 παραχωρήσειν.
504 4127 540 4195 οὐ
557 4125 715 4216 προςδεχό·
747 4131 783 4197 τὸ
798 4124 964 4211 στράτευμα
985 4130 1114 4212 ἐποίησε.
1152 4131 1182 4171 ²²
1196 4128 1287 4205 τάξας
1299 4129 1351 4193 καί

113 4237 197 4293 μενος
218 4213 272 4294 τὴν
293 4213 378 4301 παρά
395 4217 450 4278 τοῦ
472 4208 716 4299 παντοκράτορος
747 4212 818 4290 τούς
830 4207 976 4293 ἀδελφοὺς
995 4208 1093 4276 αὐτοῦ
1109 4210 1350 4314 προηγουμένους

112 4297 276 4380 μελλουσαν
293 4292 574 4383 παρακολουθήσειν
594 4294 638 4362 ἐπ’
658 4296 715 4362 αὐ-
748 4299 890 4382 ίκατέρας
902 4292 1022 4372 τάξεως,
1045 4298 1167 4377 Σίμωνα
1180 4294 1231 4356 καλ
1249 4287 1350 4376 Ιώση-

114 4384 158 4465 τηῑ
171 4380 261 4463 δίκην.
299 4381 326 4421 ¹²
338 4386 383 4462 τῷ
395 4379 426 4445 δὲ
436 4378 541 4463 Ἰοόδομ
554 4382 714 4464 προςέπεσε
748 4405 808 4462 φον
819 4381 870 4447 καὶ
880 4373 1042 4454 Ἰωνάθαν,
1066 4368 1218 4452 ἀποτάξας
1231 4370 1349 4459 ἑκάστῳ

113 4465 181 4547 ιτερί
192 4468 245 4546 τῆς
256 4464 313 4527 τοῦ
324 4459 495 4549 Νικάνορος
508 4460 628 4546 ἐφόδου.
662 4464 713 4528 καί
745 4463 857 4548 χιλίους
869 4461 946 4549 πρὸς
959 4471 1021 4536 τοῖς
1033 4463 1247 4534 πεντακοσίοις,
1268 4458 1349 4524 23έτι

1315 4542 1349 4607 δὲ
