2924 4972
112 269 245 282 „-
336 167 906 273 ΜΑκπΑοκιοῃιισοε
945 168 1111 254 πλεο.
1261 173 1344 242 ωιτ

106 314 169 361 τος.
213 285 251 352 οὐ
274 289 334 369 γὰρ
359 286 413 365 τήν
438 287 589 368 ἔμπροσθε
611 289 715 370 βραχεῖ
744 275 807 364 γῶν
819 286 890 358 τοὺς
907 284 1035 389 μάλιστα
1052 292 1114 353 τῶν
1126 289 1221 370 φίλων
1234 293 1285 354 καί
1298 294 1350 393 της

106 370 366 453 προδεδηλωμονην
383 370 444 431 τῶν
461 370 556 450 ἔργων
573 364 713 432 κατάπο-
746 372 886 453 στρατιᾶς
900 373 1041 451 απεχθῶς
1059 373 1178 453 ἔχοντας
1190 371 1266 457 πρὸς
1278 396 1350 447 τους

107 479 157 519 νον
171 455 324 535 λατρείαν,
339 449 583 535 στρεβλωθέντας
601 451 634 515 δὲ
646 460 713 525 ταῖς
742 449 917 525 Ἰουδαίους.
942 449 991 515 4ό
1016 450 1048 514 δὲ
1072 452 1288 541 ε’λεφαντάρχης
1311 455 1346 520 τὸ

58 562 61 567 ’
107 534 357 621 παρηγγελμέναις
370 537 477 607 αίκίαις
487 529 523 596 τό
533 533 618 607 τέλος
630 531 712 614 ἀφα-
745 533 911 619 προςταγέν
933 529 1090 619 ἀραρότως
1102 532 1220 618 Ἕρμων
1237 533 1348 603 συνετέ-

108 626 186 684 νίοαι
199 621 268 699 μιᾶς
281 612 340 681 ἀπὸ
353 613 458 699 καιρὸν
478 612 596 700 ἡμέρας.
619 617 646 660 ¹⁶
653 618 713 692 έγί-
745 619 795 682 λει.
810 618 887 681 6ολτε
898 618 976 701 πρὸς
988 612 1105 690 τούτοις
1118 618 1282 702 λειτουργοὶ
1294 649 1349 686 κα·

108 725 174 765 νιτο
185 698 238 782 μὲν
250 688 305 763 οὖν
320 696 339 782 ή
352 693 468 762 τούτων
486 697 650 783 ἀπογραφή
662 723 713 781 με-
744 700 784 765 τά
798 700 853 782 τήν
870 702 999 782 ἑσπέραν
1012 695 1136 775 ἐξιόντες
1153 700 1208 774 τὰς
1221 709 1280 766 τῶν
1294 730 1350 768 τα-

108 780 147 848 τά
172 786 280 868 πικράς
311 782 442 863 σπουδῆς
473 783 524 846 καί
555 781 712 883 φιλοτίμου
746 777 909 868 λαιπῶρων
934 777 1090 865 ἐδέσμευον
1111 795 1217 888 χεῖρας,
1242 781 1295 867 τήν
1318 810 1350 849 τε

107 867 279 950 προςεδρίας
297 863 359 929 ἀπὸ
379 862 537 929 ἀνατολῶν
551 864 639 946 ηλίου
660 867 712 947 μέ-
745 863 854 949 λοιπήν
863 869 1048 950 ἐμηχανῶντο
1057 868 1124 951 περί
1134 864 1349 946 αυτοίιςάσφά-

107 976 155 1035 χρι
167 950 297 1031 δυσμῶν,
310 944 457 1030 ἀνήνυτον
470 946 663 1033 λαμβάνουσα
675 949 712 1013 τὸ
746 950 834 1025 λειαν,
855 953 972 1032 ἔννυχον
998 946 1133 1024 δόξαντες
1159 945 1236 1031 ὁμοῦ
1260 945 1349 1033 λήιμε-

107 1032 194 1106 τέλος
206 1034 256 1097 ἐπὶ
268 1029 376 1115 ἡμέρας
388 1029 620 1135 τεσσαράκοντα.
634 1033 712 1114 16με·
747 1043 822 1099 σθαι
844 1030 881 1096 τό
900 1031 994 1111 φῦλον
1012 1031 1107 1116 πέρας
1125 1035 1177 1114 τῆς
1198 1030 1348 1116 ὀλεθρίας.

107 1113 208 1194 γάλως
219 1113 250 1179 δὲ
263 1116 316 1179 καί
327 1114 464 1196 διηνεκῶς
477 1140 495 1178 ο
508 1113 645 1201 βασιλεὺς
656 1140 711 1197 χα-
745 1118 761 1159 ⁶
774 1119 807 1180 ολ
819 1113 851 1179 δέ
864 1113 963 1197 πάσης
981 1112 1092 1197 σκέπης
1108 1117 1210 1197 ἔρημοι
1224 1115 1347 1180 δοκοῦν-

108 1203 148 1284 ρηῖ
160 1197 397 1282 πεπληρωμένος,
408 1193 559 1279 συμπόσια
572 1197 623 1261 ἐπὶ
634 1195 712 1262 πάν·
745 1225 792 1273 τες
814 1196 888 1262 εἶναι
910 1209 973 1272 τοῖς
992 1201 1106 1262 ἔθνεσιν
1115 1196 1271 1273 Ἰουδαῖοι,
1296 1200 1347 1264 διά

108 1306 168 1347 των
192 1286 253 1346 τῶν
275 1277 402 1345 εἰδώλων
427 1276 642 1360 συνιστάμενος,
659 1305 713 1345 πε-
745 1281 801 1384 τήν
812 1277 965 1345 πάντοθεν
973 1280 1167 1364 περιέχουσαν
1177 1277 1288 1355 αὐτοὺς
1299 1306 1349 1364 με-

107 1364 280 1453 πλανημένη
293 1361 398 1448 πόβρω
410 1367 463 1445 τής
476 1363 619 1445 ἀληθείας
632 1366 714 1448 φρενὶ
746 1390 784 1428 τα
798 1366 911 1444 δεσμῶν
924 1359 1061 1446 ἀνάγκην,
1089 1360 1168 1427 7τὸν
1179 1360 1349 1450 παντοκρά-

107 1450 159 1512 καί
180 1445 297 1533 βεβήλῳ
322 1442 463 1528 στόματι,
488 1446 529 1511 τά
551 1447 603 1528 μέν
624 1444 713 1526 κωφά
745 1472 823 1532 τορυ
840 1442 940 1530 κόριον
956 1447 1007 1512 καί
1023 1441 1119 1529 πάσης
1131 1443 1276 1526 δυνάμεως
1297 1449 1349 1512 δυ-

107 1535 158 1596 καί
169 1531 210 1614 μή
223 1527 367 1615 δυνάμενα
381 1529 485 1604 αὐτοῖς
494 1530 594 1594 λαλεῖν
605 1528 623 1612 ἢ
637 1526 713 1614 ἀρή-
746 1525 938 1609 ναστεάοντα,
949 1523 1090 1613 ἐλεήμονα
1101 1528 1174 1593 θεὸν
1186 1527 1286 1594 αὐτῶν
1298 1531 1349 1594 καί

107 1639 183 1690 γειν,
207 1617 353 1688 ἐπαινῶν,
379 1616 418 1686 εἷς
442 1612 473 1675 δέ
499 1611 552 1677 τὸν
576 1616 714 1696 μέγιστον
745 1610 877 1695 πατέρα,
896 1612 1152 1694 δυςκαταπαάστῳ
1169 1616 1228 1698 βοῆ
1241 1609 1349 1688 πάντες

107 1695 180 1759 θεὸν
193 1694 233 1760 τά
244 1696 285 1779 μή
298 1690 473 1777 καθήκοντα
486 1695 595 1760 λαλῶν.
609 1693 712 1778 17μετά
745 1692 817 1779 μετά
831 1691 1191 1780 δακράωνέπεκαλέσαντο
1204 1679 1348 1779 δεόμενοι,

108 1776 193 1843 δὲτὸ
213 1781 422 1862 προειρημένον
444 1781 499 1840 τοῦ
516 1774 628 1860 χρόνον
645 1773 712 1842 διά·
745 1778 829 1864 8τήν
846 1779 910 1843 κατ’
932 1783 1034 1844 αὐτῶν
1051 1775 1255 1861 μεταστρέψαι
1273 1782 1348 1863 βου-

109 1886 205 1944 στημα
230 1865 465 1945 προςηνὲγκαντο
480 1864 511 1925 οί
534 1871 712 1943 γραμματεῖς
746 1859 801 1946 λήν
827 1859 965 1936 ἀνοσίαν,
983 1863 1034 1925 καί
1056 1857 1210 1946 ρ’άσασθαι
1236 1858 1348 1937 αὐτοὺς

108 1950 151 2028 τῷ
166 1945 299 2092 βασιλεῖ,
325 1946 426 2029 μηκέτι
450 1939 553 2029 λσχόειν
573 1944 629 2026 τήν
651 1947 712 2008 τῶν
740 1943 818 2028 ’μετά
830 1945 1044 2028 μεγαλσμεροῦς
1062 1948 1230 2024 ἐπιφανείας
1249 1947 1280 2007 ἐκ
1293 1948 1348 2008 τοῦ

106 2028 165 2092 Ἰου
185 2035 258 2093 αίων
281 2026 466 2113 ἀπογραφήν
487 2037 640 2093 ποιεῖσθαι
662 2025 712 2091 διά
745 2027 830 2114 παρά
843 2024 940 2103 πόδας
953 2033 984 2093 ἐν
997 2031 1105 2110 ἑτοίμῳ
1117 2026 1222 2112 μόρου.
1247 2023 1349 2092 9τοά-

107 2107 161 2191 τήν
173 2109 338 2192 ἀμέτρητον
352 2110 453 2174 αὐτῶν
465 2109 599 2194 πληθὺν,
611 2112 712 2175 ωκαί·
746 2137 805 2178 των
816 2110 868 2196 μὲν
887 2101 942 2177 οὖν
959 2115 1078 2186 ἐκτενῶς
1097 2110 1115 2195 ή
1134 2110 1265 2175 λιτανεία
1279 2105 1350 2173 ἀνέ-

107 2215 161 2274 περ
184 2190 278 2255 όντων
301 2190 380 2253 κατά
403 2190 457 2270 τήν
470 2190 573 2293 χῶραν
591 2198 634 2255 ἔτι
652 2198 713 2257 τῶν
745 2201 843 2280 βαινεν
868 2200 908 2266 εἰς
934 2191 1072 2275 οὐρανόν.
1100 2191 1209 2256 1θὸδὲ
1229 2192 1349 2277 Ἕρμων

106 2270 260 2345 πλειόνων,
274 2270 333 2336 τῶν
344 2270 396 2353 μὲν
405 2296 483 2335 κατα
495 2297 549 2346 τας
561 2278 656 2346 οίκίας
669 2276 713 2336 ἔτι
745 2275 816 2349 τοὺς
829 2273 957 2356 ἀνηλεεῖς
976 2270 1141 2352 ἐλέφαντας
1156 2279 1284 2347 ποτίσας
1295 2299 1350 2338 πε-

108 2352 336 2438 ουνεστηκότων,
362 2357 424 2418 τῶν
443 2352 544 2418 δὲκαὶ
562 2350 641 2418 κατά
659 2353 712 2418 τό-
744 2353 958 2442 πληρωμένους
975 2361 1028 2437 τῆς
1047 2359 1102 2419 τοῦ
1126 2356 1211 2419 οἴνου
1233 2356 1348 2460 πολλής

108 2466 182 2516 πον,
210 2436 250 2514 ῶς
263 2436 414 2504 ἀδυνάτου
433 2437 624 2511 καθεστῶτος
638 2443 712 2502 πᾶσι
743 2445 885 2526 χορηγίας
898 2439 1015 2502 καὶτοῦ
1028 2434 1151 2522 λιβάνου
1163 2462 1348 2541 μεμεστωμε-

108 2535 171 2598 τοῖς
183 2522 227 2590 ἐπ’
243 2524 405 2601 Αἴγυπτον
418 2532 602 2605 στρατηγοῖς.
616 2519 713 2586 19ἀπ·
745 2549 823 2598 νους,
841 2521 967 2607 ὄρθριος
988 2522 1039 2585 ἐπί
1057 2517 1112 2601 τήν
1135 2521 1231 2603 αυλήν
1249 2528 1349 2606 παρῆν

109 2604 279 2689 ειλήσαντος
295 2605 326 2670 δέ
340 2603 444 2678 αὐτοῖς
462 2599 658 2689 σκληρότερον
671 2601 712 2678 ῶς
745 2608 812 2691 περί
824 2602 941 2671 τούτων
947 2603 1154 2685 προςαγγεῖλαι
1168 2611 1211 2686 τῷ
1223 2604 1347 2689 βασιλεῖ.

109 2691 396 2775 δεδωροκοπημένοις
409 2692 447 2763 εἷς
453 2687 585 2774 μηχανήν
596 2691 649 2770 τῆς
663 2691 711 2752 ε’κ-
745 2694 769 2731 ¹¹
781 2693 874 2756 τοῦτο
887 2685 917 2752 δ’
933 2685 984 2752 ἀπ’
1001 2692 1110 2760 αἰῶνος
1119 2681 1228 2769 χρόνου
1241 2693 1349 2768 κτίσμα

109 2778 211 2857 φυγής,
224 2777 327 2859 συνέβη
340 2777 444 2851 σαφῶς
456 2769 550 2837 αὐτὸν
561 2773 629 2851 περί
641 2766 712 2836 τοά-
744 2769 840 2837 καλόν
858 2774 888 2836 έν
906 2772 989 2835 νυκτί
1007 2772 1057 2834 καί
1075 2768 1171 2853 ἡμέρῳ
1184 2768 1349 2854 ἐπιβαλλό-

107 2881 163 2921 του
175 2861 346 2941 πεισθῆναι,
359 2851 533 2933 20λεγόντων
545 2856 619 2938 μετά
632 2853 711 2918 ἀπο-
743 2880 827 2938 μενον
841 2851 904 2920 ὑπὸ
917 2859 974 2918 τοῶ
990 2848 1177 2937 χαριζομένου
1189 2857 1291 2928 πᾶσιν,
1305 2853 1348 2928 οίς

106 2940 228 3016 δείξεως,
253 2943 304 3005 καί
325 2937 378 3020 τήν
397 2944 561 3023 χαρτηρίαν
581 2935 637 3021 ήδη
660 2939 712 3001 καί
744 2938 783 3005 ἀν
796 2938 888 3013 αὐτὸς
910 2933 1032 3026 θελήσῃ,
1046 2935 1144 3002 ὕπνου
1163 2932 1253 3021 μέρος
1270 2932 1348 3000 ἀπέ·

106 3020 178 3096 τούς
202 3020 369 3108 γραφικοδς
393 3019 544 3104 καλάμους
560 3024 590 3084 ἐν
615 3020 658 3096 οίς
679 3024 711 3084 έ-
745 3021 835 3088 στειλε
846 3018 922 3105 πρὸς
940 3019 995 3084 τὸν
1008 3015 1140 3106 βασιλέα.
1178 3022 1205 3060 ¹²
1219 3020 1270 3082 καί
1283 3016 1347 3101 ήδί-

105 3110 221 3189 χρῶντο
236 3103 447 3169 ἐκλελοιπέναι.
473 3107 501 3146 ²¹
515 3108 606 3168 τοῦτο
625 3104 657 3170 δὲ
674 3091 711 3188 ήν
744 3132 804 3188 στῳ
818 3106 870 3169 καί
880 3108 974 3191 βαθεῖ
987 3099 1151 3186 κατεσχέθη
1167 3106 1205 3196 τῇ
1218 3105 1346 3186 ἐνεργείᾳ

105 3190 232 3269 ἐνέργεια
241 3192 292 3270 τῆς
302 3190 358 3249 τοῦ
367 3189 557 3270 βοηθοῦντος
566 3187 710 3263 τοῖςἸου·
743 3194 800 3255 τοῦ
813 3185 971 3262 δεσπότου,
982 3191 1035 3271 της
1052 3182 1192 3269 ἀθέσμου
1203 3184 1255 3268 μὲν
1267 3210 1347 3271 προ-

105 3269 199 3343 δαίοις
213 3271 244 3345 ἐξ
257 3270 392 3353 οὐρανοῦ
404 3275 547 3354 προνοίας
560 3267 709 3355 ἀνικήτου.
742 3269 857 3348 θέσεως
868 3269 947 3337 πολὺ
959 3267 1181 3352 διεσφαλμένος,
1194 3274 1248 3334 τοῦ
1262 3270 1295 3334 δὲ
1309 3267 1347 3333 ἀ-

294 3357 368 3416 ΚΕ
382 3357 419 3416 (ί).
465 3349 517 3417 E‘·
742 3354 911 3441 μεταθέτου
920 3352 1067 3432 λογισμοί)
1084 3352 1218 3432 μεγάλως
1229 3353 1346 3434 διεψευ-

113 3402 206 3499 Τότε
252 3435 520 3518 προςκαλεσάμενος
571 3435 709 3520 Ἕρμωνα
743 3435 854 3519 σμένος.
880 3437 943 3498 13σί
961 3434 993 3498 δὲ
1002 3432 1145 3497 Ἰουδαῖοι
1161 3431 1215 3516 τήν
1227 3458 1345 3538 προση-

105 3518 158 3583 τόν
181 3517 258 3602 πρὸς
280 3520 319 3598 τῆ
339 3522 401 3580 τῶν
423 3513 591 3597 ἐλεφάντων
611 3523 709 3601 ἐπιμε-
740 3528 905 3602 μανθεῖσαν
918 3513 1001 3600 ῶραν
1013 3509 1200 3618 διαφυγόντες
1230 3515 1285 3580 τὸν
1307 3512 1345 3580 α’-

104 3601 184 3683 λείῳ,
208 3588 314 3687 βαρείᾲ
332 3601 548 3681 μεμεστωμένος
562 3597 637 3684 ὀργῆ
658 3602 709 3664 καὶ
741 3627 807 3679 γιον
830 3599 923 3695 ήνουν
946 3597 1019 3663 θεὸν
1043 3601 1151 3663 αυτῶν.
1178 3598 1229 3662 καί
1251 3594 1345 3664 πάλιν

123 3680 184 3767 όλῳ
208 3681 287 3749 κατὰ
309 3688 371 3747 πᾶν
395 3676 591 3764 ἀμετάθετος,
616 3669 708 3745 λέκέ-
741 3683 845 3768 ἠξίουν
856 3681 910 3746 τόν
922 3676 1170 3755 εὖκατάλλακτον,
1189 3680 1279 3758 δεῖξαι
1292 3686 1345 3765 τῆς

104 3711 202 3833 λκυσεν
224 3763 285 3831 ὑπὸ
308 3764 365 3848 τήν
386 3766 577 3846 ἐπερχομένην
594 3763 709 3848 ἡμέραν
740 3766 977 3850 μεγαλοσθενοῶς
1002 3762 1099 3829 αὐτοῦ
1117 3760 1210 3849 χειρός
1233 3761 1345 3848 κράτος

106 3852 245 3935 δαψιλέσι
259 3844 378 3933 δράκεσι
397 3846 563 3933 λιβανωτοῦ
575 3849 625 3910 καί
637 3849 708 3931 οἴνῳ
741 3854 854 3914 ἔθνεσιν
874 3843 1079 3948 ὑπερηφάνοις.
1110 3848 1139 3889 ²⁴
1151 3845 1294 3930 μεσούσης
1312 3847 1345 3911 δὲ

105 3936 218 4001 πλείονι
229 3928 350 4018 ἀκράτῳ
361 3928 496 4005 δίπαντας
504 3928 577 4005 τοὺς
585 3930 708 4012 έλέφαν-
741 3931 798 4018 ήδη
811 3936 863 4014 τῆς
876 3932 998 4011 δεκατης
1010 3925 1092 4012 ῶρας
1106 3924 1218 4010 σχεδόν,
1236 3925 1254 3993 ὁ
1268 3929 1345 4014 πρὸς

105 4042 159 4092 τας
170 4023 308 4089 ποτίσαι,
328 4015 417 4089 ὄντας
428 4013 482 4079 τόν
495 4010 625 4098 άρίθμδν
636 4039 707 4080 πεν-
741 4029 805 4090 ταῖς
817 4011 932 4098 κλήσεσι
942 4006 1125 4092 τεταγμένος,
1132 4008 1178 4075 ἀθ
1197 4006 1344 4087 όουςτοὺς

106 4108 286 4177 τακοσίους,
312 4097 363 4162 καὶ
381 4095 589 4182 ἀγριωθέντας
601 4101 640 4189 τῇ
651 4101 707 4162 τοῦ
740 4096 866 4181 κλητοὺς
894 4095 975 4170 ἷδῶν,
989 4095 1066 4170 ὲνυξε
1090 4036 1265 4174 προςελθῶν
1288 4093 1343 4158 τόν

106 4174 242 4259 πόματος
255 4177 383 4264 ἀφθόνῳ
406 4185 532 4264 χορηγίᾳ
549 4184 709 4257 εῖςαγαγεῖν
739 4181 873 4267 βασιλέα.
899 4181 925 4222 ¹⁵
938 4179 990 4242 καί
1000 4172 1083 4259 μόλις
1104 4177 1243 4260 διεγείρας
1267 4173 1340 4240 ἀπέ-

105 4265 180 4347 πρὸς
193 4261 361 4346 συνάντησιν
377 4267 436 4328 τοῦ
447 4258 543 4347 μόρου
557 4266 619 4326 τῶν
629 4260 707 4327 Ἰου-
740 4266 812 4340 δειξε
835 4259 888 4328 τόν
899 4266 952 4345 τῆς
977 4265 1142 4343 συμποσίας
1159 4257 1263 4340 καιρόν
1291 4257 1344 4342 ’δη

105 4347 206 4410 δαίων.
245 4341 291 4408 3ὃ
302 4346 358 4445 μὲν
375 4342 444 4411 τάδε
460 4341 657 4428 προςτάσσων
675 4349 706 4409 έ-
739 4344 983 4450 παρατρέχοντα,
1009 4342 1063 4408 τὸν
1079 4343 1147 4421 περί
1159 4336 1276 4405 τούτων
1316 4338 1323 4360 ’

105 4430 230 4514 τρέπετο
252 4450 329 4510 προς
340 4427 396 4510 τήν
414 4428 548 4513 εὐωχίαν,
574 4452 706 4507 ουναγα-
738 4456 794 4507 γον
806 4451 989 4513 ποιουμενος.
1025 4419 1342 4525 16δνδβασιλεδςλη-

1253 4533 1344 4586 γισα-
