2924 4972
162 208 226 271 532
523 199 738 263 ιονΔιο
779 203 855 275 ππ.
869 194 912 260 ε’.
927 189 955 260 ι’.
970 197 1000 262 9.
1017 199 1065 261 ιο.

161 350 259 412 χοντες
275 322 352 424 πρὸς
364 320 466 403 αύτήν.
493 318 624 401 πορεύου
637 325 676 393 είς
689 314 769 404 εῑρή-
808 345 880 394 σεως
893 326 947 384 τοῦ
961 317 1105 404 ὀνόματος
1118 325 1170 403 τῆς
1183 317 1268 404 δόξης
1281 347 1347 395 σου,
1367 324 1419 386 καί

1234 293 1411 304 ..-,-

161 433 222 491 νην,
242 409 292 471 καί
305 431 404 486 κυριος
416 401 434 468 ὁ
447 403 519 478 θεὸς
532 406 704 486 ἔμπροσθέν
717 427 769 465 σου
806 404 984 489 καταβαλεῖν
1009 400 1121 487 σιδήρῳ
1142 406 1231 486 κέρας
1248 414 1420 487 θυσιαστη-

161 496 201 566 είς
215 492 360 572 ἐκδίκησιν
373 493 434 552 τῶν
447 490 566 572 ἐχθρῶν
580 483 669 569 ήμῶν.
683 487 771 549 36καὶ
807 490 874 569 ρίου
893 513 956 551 σου.
988 489 1003 529 ⁹
1015 488 1131 572 βλέψον
1155 491 1194 561 είς
1212 482 1420 589 ύπιρηηανίαν

163 574 408 657 ἀποστρέψαντες
419 574 451 635 ἐκ
461 574 513 672 τής
528 574 633 653 σκηνής
648 565 769 654 ἐπορεύ-
807 566 921 646 αὐτῶν,
947 566 1125 636 ἀπόστειλον
1138 567 1192 652 τήν
1205 567 1296 654 ὀργήν
1310 596 1366 635 σου
1380 577 1418 646 εἰς

162 669 264 740 θησαν
278 658 328 720 ἐπί
341 654 394 730 τὰς
407 655 551 728 διαταξεις
564 650 673 717 αύτῶν.
807 651 937 730 κεφαλὰς
954 651 1063 718 αύτων.
1088 653 1139 727 δὸς
1157 657 1188 716 ἐν
1205 661 1277 736 χειρί
1293 680 1353 735 μου
1366 660 1419 738 τῆς

178 747 193 798 .’
350 743 383 801 Κ
396 745 425 800 Ε
440 743 477 799 Φ.
525 734 575 801 (δ’.
805 731 931 817 χήραςδ
943 734 1097 821 διενοήθην
1110 731 1228 815 κρότος.
1245 734 1419 814 1οπύταξον

165 791 297 888 [ουδὶθ
309 820 340 886 δέ
353 823 452 884 ἔπεσεν
464 820 514 883 ἐπὶ
526 812 703 903 πρόςωπον,
720 819 771 882 καί
807 818 918 883 δοῦλον
945 823 977 884 ἐκ
1002 819 1122 904 χειλέων
1147 815 1264 901 ἀπύτης
1288 845 1348 903 μου
1368 820 1415 885 ἐπ’

164 910 294 971 ἐπέθετο
313 903 426 969 σποδὸν
444 904 494 967 ἐπὶ
507 900 560 985 τήν
572 901 702 984 κεφαλήν
715 901 771 966 αύ-
807 899 941 1004 ἀρχοντι,
967 906 1018 967 καὶ
1037 900 1166 987 ἀρχοντα
1184 905 1234 966 ἐπὶ
1251 900 1418 986 θεράποντι

163 981 692 1092 τής,καέέχύμνωσενὸνἐνεδιδύσκετο
703 981 770 1050 σάκ·
808 990 919 1059 αυτοῦ,
944 990 1080 1072 θραύσον
1099 983 1198 1049 αὐτῶν
1214 985 1250 1049 τό
1265 984 1419 1068 ἀνόστιμον

163 1097 223 1138 κον.
237 1073 289 1136 καὶ
301 1094 337 1154 ην
347 1068 415 1154 ἀρτι
429 1067 664 1153 προςφερόμενον
675 1064 771 1132 ἐνἾε-
808 1070 837 1130 ἐν
848 1071 920 1153 χειρί
936 1069 1066 1152 θηλείας.
1093 1074 1115 1110 ¹¹
1129 1066 1165 1132 ού
1183 1068 1241 1152 γὰρ
1259 1073 1290 1132 ἐν
1306 1067 1419 1151 πλήθει

163 1152 319 1241 ρουσαλήμ
341 1157 380 1227 είς
398 1151 450 1216 τὸν
467 1150 551 1216 οἶκον
569 1156 625 1215 τοῦ
642 1156 718 1216 θεοῦ
735 1149 771 1216 τὸ
808 1148 843 1213 τὸ
857 1147 965 1236 κρότος
977 1178 1050 1228 σου,
1077 1149 1144 1216 οὐδὲ
1160 1148 1177 1234 ή
1191 1152 1350 1217 δυναστεία
1365 1180 1419 1218 σου

162 1245 301 1321 θυμίαμα
326 1240 379 1318 τῆς
404 1236 531 1319 ἑσπέρας
562 1236 683 1316 ἐκείνης,
722 1238 773 1299 καὶ
808 1237 837 1296 έν
857 1232 1015 1319 ἰσχύουσιν,
1042 1235 1121 1299 ἀλλά
1134 1240 1279 1299 ταπεινῶν
1298 1235 1418 1315 εέθεὸς,

163 1322 265 1407 ἐβόησε
278 1324 362 1410 φωνή
375 1314 490 1409 μεγάλη
501 1315 616 1381 Ἰουδὶθ
627 1317 705 1404 πρὸς
718 1317 771 1381 κύ-
810 1313 978 1384 ἐλαττόνων
1007 1316 1035 1381 ελ
1056 1317 1185 1404 βοηθὸς,
1225 1315 1417 1404 ἀντιλήπτωρ

163 1429 237 1490 ριον,
250 1405 301 1466 καί
313 1399 383 1466 εἶπε.
408 1404 424 1442 ²
436 1398 514 1484 κύριε
528 1397 546 1475 δ
559 1399 629 1475 θεὸς
641 1404 697 1464 τοῦ
711 1426 772 1465 πα-
808 1396 1034 1476 ἀσθενούντων,
1057 1401 1290 1482 ἀπεγνωσμένων
1304 1429 1418 1467 σκεπα-

163 1485 233 1572 τρός
250 1511 307 1568 μου
324 1479 463 1565 Συμεών,
490 1476 642 1565 ᾦέδωκας
655 1488 686 1546 ἐν
702 1486 773 1567 χειρί
810 1480 888 1563 στής,
902 1481 1130 1566 ἀπηλπισμένων
1144 1487 1253 1568 σωτήρ.
1271 1488 1298 1527 ¹²
1309 1489 1356 1550 ναί
1370 1488 1417 1549 ναί

164 1573 316 1716 βομφαίαν
327 1570 366 1640 είς
380 1566 527 1649 ἐκδίκησιν
540 1563 724 1641 ἀλλογενῶν,
743 1571 775 1629 οἳ
808 1561 825 1628 ὁ
839 1563 911 1640 θεὸς
924 1572 978 1629 τοῦ
990 1565 1108 1651 πατρός
1119 1595 1189 1651 μου,
1201 1572 1252 1632 καὶ
1262 1568 1334 1644 θεὸς
1346 1569 1416 1652 κλη

184 1653 277 1716 λυσαν
295 1644 410 1733 μήτραν
421 1649 578 1753 παρθένου
595 1653 634 1724 εἰς
640 1654 772 1750 μίασμα,
808 1655 948 1730 ρονομίας
958 1647 1090 1736 Ἰσραήλ,
1103 1653 1236 1717 δέσποτα
1249 1656 1310 1715 τῶν
1320 1650 1415 1737 ούρα-

164 1735 215 1799 καί
224 1730 396 1816 ἐγύμνωσαν
407 1757 502 1817 μηρον
514 1734 553 1804 είς
563 1736 711 1879 αἰσχύνην,
722 1731 773 1794 καί
809 1736 868 1816 ρῶν
881 1735 932 1796 καὶ
943 1740 995 1817 τής
1005 1740 1074 1817 γής,
1099 1741 1204 1799 κτίστα
1216 1739 1276 1799 τῶν
1290 1730 1417 1812 ύδάτων,

164 1813 351 1905 ἐβεβήλιοσαν
357 1811 479 1919 μήτραν
492 1819 532 1888 εἰς
544 1813 601 1878 ὅνει
622 1841 662 1889 ος.
689 1813 773 1888 εἶπας
808 1816 928 1901 βασιλεῦ
945 1813 1044 1901 πάσης
1060 1819 1179 1892 κτίσεως
1202 1845 1273 1893 σου,
1299 1816 1334 1882 σύ
1358 1823 1418 1891 είς-

163 1901 239 1984 γάρ,
266 1897 319 2002 οήχ
336 1922 433 1972 ουτως
450 1902 541 1963 ἐσται.
568 1899 618 1962 καὶ
630 1901 773 1979 ἐποίησαν
809 1894 937 1964 ἀκουσον
952 1906 1005 1984 τής
1021 1898 1144 1985 δεήσεως
1162 1927 1232 1982 μου,
1257 1901 1346 1965 13καὶ
1363 1900 1418 1976 δὸς

164 1986 179 2028 3
192 1981 260 2048 ἀνθ’
277 2005 320 2047 ων
332 1982 444 2056 ἔδωκας
462 1980 609 2068 ἀρχοντας
622 1978 722 2045 αὐτῶν
734 1986 773 2054 εἰς
809 1978 898 2059 λόγον
909 2009 966 2066 μου
977 1986 1029 2049 καί
1042 1982 1161 2067 ἀπάτην
1179 1989 1218 2058 εἰς
1231 1988 1348 2068 τραῦμα
1364 1987 1418 2048 καί

165 2063 275 2168 (μόνον,
301 2067 351 2129 καί
375 2067 429 2148 τήν
456 2062 608 2150 στρωμνήν
633 2061 773 2147 αύτῶνή
808 2063 945 2149 μώλωπα
963 2065 1078 2145 αὐτῶν,
1102 2076 1134 2132 οἳ
1146 2068 1224 2131 κατὰ
1241 2071 1293 2149 τῆς
1305 2063 1415 2150 διαθή-

164 2151 297 2244 ηδέσατο
315 2145 369 2232 τήν
385 2143 504 2231 ἀπάτην
525 2145 626 2213 αὐτῶν
639 2151 678 2222 εἰς
691 2147 772 2230 αἷμα.
809 2176 860 2230 κης
878 2176 948 2226 σου,
971 2153 1022 2215 καὶ
1047 2153 1132 2216 οἴκου
1158 2149 1332 2234 ἡγιασμένον
1350 2173 1416 2226 σου,

163 2236 216 2298 καὶ
233 2227 384 2307 ἐπόταξας
401 2228 525 2306 δούλους
542 2232 592 2295 ἐπί
608 2227 772 2307 δυνάσταις,
809 2235 859 2296 καί
878 2239 1008 2318 κορυφῆς
1024 2232 1120 2310 Σιών,
1146 2238 1198 2299 καὶ
1215 2236 1300 2298 οἴκου
1319 2260 1416 2298 κατα-

164 2318 216 2381 καί
225 2311 373 2390 δυνάστας
383 2317 433 2380 ἐπί
441 2310 570 2418 θρόνους
579 2314 686 2380 αὐτῶν.
701 2314 774 2379 4καί
810 2320 932 2399 σχέσεως
945 2321 1017 2381 υἱῶν
1030 2343 1085 2382 σου
1098 2312 1312 2403 ἐβουλεύσαντο
1324 2316 1417 2401 σκλη-

165 2403 278 2474 ἐδωκας
289 2410 432 2476 γυναῖκας
450 2403 551 2463 αυτῶν
563 2403 602 2472 εές
613 2396 773 2483 προνομήν,
809 2397 858 2485 ρά.
885 2400 913 2440 ¹⁴
927 2402 976 2464 καί
992 2406 1123 2484 ποίησον
1141 2402 1191 2464 ἐπί
1204 2405 1265 2466 πᾶν
1277 2399 1312 2465 τό
1327 2403 1416 2475 ἔθνος

165 2486 216 2548 καί
234 2486 406 2568 θυγατέρας
423 2487 462 2558 εἰς
479 2482 697 2567 αἰχμαλωσίαν,
723 2487 774 2548 καὶ
809 2509 878 2555 σου,
892 2485 943 2547 καὶ
954 2482 1052 2585 πάσης
1064 2484 1158 2568 φυλής
1172 2487 1340 2561 ἐπίγνωσιν,
1359 2488 1416 2548 τού

164 2563 266 2631 πάντα
291 2564 330 2630 τὰ
357 2565 453 2631 σκῦλα
479 2571 517 2641 εἰς
541 2568 679 2647 διαίρεσιν
701 2569 773 2630 υἱῶν
808 2567 917 2650 εἰδήσαι
937 2562 984 2629 ότι
1003 2594 1038 2631 συ
1057 2565 1112 2632 εἶὸ
1129 2566 1199 2642 θεὸς
1211 2564 1307 2650 πόσης
1324 2565 1416 2631 δυνά-

164 2648 359 2733 ήγαπημένων
372 2647 429 2713 ὑπὸ
445 2653 511 2723 σοῦ,
522 2657 553 2714 οἳ
563 2645 774 2732 καέἔζήλωσαν
807 2675 881 2728 μεως
898 2651 948 2713 καὶ
967 2645 1109 2734 κρότους,
1135 2654 1186 2715 καὶ
1202 2649 1256 2715 ούκ
1270 2653 1346 2715 ἐστιν
1359 2649 1414 2712 ἀλ-

163 2731 218 2798 τὸν
231 2729 319 2816 ζήλόν
338 2758 407 2806 σου,
433 2736 484 2796 καὶ
502 2727 691 2816 ἐβδελύξαντο
703 2737 769 2812 μία-
808 2733 858 2807 λος
872 2729 1078 2816 ύπερασπῖζων
1094 2739 1150 2798 τοῦ
1165 2737 1268 2810 γένους
1280 2730 1414 2817 Ἰσραήλ,

164 2843 222 2897 σμα
237 2819 363 2895 αἵματος
373 2812 485 2890 αὐτῶν,
494 2817 543 2878 καί
554 2810 772 2878 ἐπεκαλέσαντό
808 2821 832 2878 εί
843 2815 882 2898 μή
896 2812 943 2879 σύ.

164 2925 195 2963 σε
214 2902 253 2970 εἰς
265 2895 392 2982 βοηθόν,
418 2893 522 2970 ὁθεός
540 2893 557 2959 ὁ
572 2896 643 2970 θεὸς
663 2894 771 2976 ὁέμὸς,
1009 2906 1083 2965 ΚΕ
1097 2906 1135 2964 Φ.
1178 2899 1217 2963 1'.

165 2982 216 3046 καί
232 2975 401 3053 εἰςάκουσον
417 2982 489 3060 ἐμοῦ
507 2984 559 3063 τής
577 2980 675 3063 χήρας.
707 2980 771 3044 5σιί
806 2948 892 3046 Καὶ
915 2986 1027 3060 ἐγένετο
1055 2982 1094 3058 ῶς
1121 2977 1275 3046 ἐπαύσατο
1302 2983 1412 3063 βοῶσα

165 3067 223 3147 γάρ
238 3066 381 3168 ἐποίησας
393 3061 431 3124 τά
443 3057 574 3147 πρότερα
584 3067 708 3137 ἐκείνων,
720 3065 771 3126 καί
805 3063 881 3149 πρὸς
896 3065 948 3130 τὸν
960 3065 1032 3129 θεὸν
1040 3061 1169 3148 Ἰσραήλ,
1186 3063 1236 3124 καί
1249 3061 1413 3127 συνετέλεσε

165 3151 259 3211 ἐκεῖνα
272 3171 324 3208 και
336 3143 374 3208 τὰ
386 3147 540 3228 μετέπειτα
553 3149 603 3210 καί
612 3145 650 3209 τά
660 3151 710 3209 νῦν
720 3148 771 3210 καὶ
805 3146 905 3213 πάντα
918 3149 957 3213 τὰ
970 3146 1084 3234 ῥήματα
1097 3150 1203 3218 ταῦτα,
1215 3145 1287 3206 2καὶ
1301 3141 1413 3230 ἀνέστη

164 3230 203 3295 τὰ
222 3225 396 3333 ἐπερχόμενα
414 3225 582 3312 διενοήθης,
608 3232 657 3293 καί
675 3226 771 3313 ἐγενή-
807 3230 869 3296 ἀπὸ
894 3239 946 3316 τής
969 3225 1120 3304 πτώσεως,
1145 3230 1197 3291 καὶ
1222 3222 1337 3292 ἐκάλεσε
1359 3227 1415 3312 τήν

164 3326 261 3398 θησαν
274 3315 294 3378 ἀ
308 3305 472 3397 ἐνενοήθης,
492 3314 508 3354 ⁶
521 3317 571 3377 καί
582 3315 772 3397 παρέστησαν
806 3312 901 3400 ἀβραν
914 3313 1014 3394 αύτής,
1026 3311 1077 3374 καί
1090 3314 1199 3396 κατέβη
1213 3314 1251 3384 είς
1266 3308 1318 3373 τὸν
1332 3310 1414 3377 οἶνον

164 3395 186 3464 ἀ
195 3392 367 3484 ἐβουλεύσω,
375 3400 426 3462 καὶ
435 3396 529 3462 εἶπαν.
540 3395 606 3462 ἰδού
616 3393 769 3481 πάρεσμεν.
806 3403 836 3462 ἐν
850 3391 875 3480 ᾦ
889 3399 1027 3482 διέτριβεν
1040 3397 1070 3457 ἐν
1081 3393 1164 3478 αὐτῷ
1176 3398 1206 3457 ἐν
1217 3405 1283 3469 ταῖς
1293 3391 1414 3480 ήμέραις

163 3487 257 3549 πᾶσαι
269 3480 327 3568 γάρ
343 3484 376 3547 αλ
390 3477 460 3546 ὁδοί
472 3507 528 3546 σου
542 3486 669 3563 ἕτοιμοι,
688 3483 737 3544 καί
751 3477 769 3563 ή
807 3485 865 3546 τῶν
879 3476 1038 3566 σαββάτων
1047 3479 1097 3542 καί
1107 3481 1137 3543 ἐν
1150 3489 1216 3551 ταῖς
1228 3479 1344 3563 ἑορταῖς
1356 3476 1412 3542 αὖ.

164 3573 256 3652 κρίσις
281 3591 338 3632 σου
356 3567 386 3629 ἐν
402 3562 573 3648 προγνώσει.
601 3563 691 3628 7ἰδού
711 3563 769 3648 γὰρ
806 3567 871 3645 τής,
905 3565 982 3627 3καὶ
997 3561 1164 3645 περιείλατο
1182 3559 1233 3625 τὸν
1251 3558 1360 3624 σάκκον
1376 3554 1411 3622 δν

161 3647 307 3733 Ἀσσύριοι
339 3645 574 3732 ἐπληθύνθησαν
604 3648 633 3710 ἐν
657 3645 771 3728 δυνάμει
806 3642 973 3721 ἐνεδεδύκει,
1000 3649 1052 3710 καὶ
1077 3640 1232 3720 ἐξεδύσατο
1251 3642 1290 3706 τά
1309 3637 1411 3722 ίμότια

164 3729 278 3806 αὐτῶν,
294 3727 464 3814 ύιμώθησαν
476 3730 519 3810 ἐφ’
532 3733 617 3811 ίππῳ
631 3732 681 3794 καί
698 3727 770 3793 ἀνα·
805 3735 857 3810 τῆς
867 3723 1024 3813 χηρεύσεως
1033 3725 1136 3811 αὐτῆς,
1143 3731 1193 3792 καί
1201 3719 1410 3822 περιεκλύσηιτο

164 3808 256 3899 βάτη,
283 3817 463 3895 ἐγαυρίασαν
476 3817 506 3876 ἐν
522 3817 655 3898 βραχίονι
668 3817 771 3888 πεζῶν,
806 3812 841 3876 τὸ
869 3818 954 3894 σῶμα
979 3808 1079 3886 ύδατι,
1105 3815 1156 3875 καὶ
1175 3815 1310 3894 ἐχρίσυιτο
1326 3831 1411 3890 μυρῳ

168 3885 295 3979 ήλπλσαν
318 3900 349 3958 ἐν
367 3894 469 3959 ἀσπίδι
489 3897 540 3958 καὶ
557 3899 588 3959 ἐν
610 3898 706 3975 γαισῷ
722 3897 772 3956 καὶ
804 3906 908 3976 παχεῖ,
932 3895 982 3958 καί
996 3896 1108 3969 διέταξε
1121 3896 1176 3968 τὰς
1189 3899 1288 3978 τρίχας
1300 3894 1353 3973 τής
1365 3915 1412 3952 κε.-

165 3976 243 4060 τόξῳ
263 3981 314 4040 καὶ
326 3973 485 4067 σφενδόνη,
510 3980 560 4040 καί
573 3975 627 4040 ούκ
641 3980 773 4052 ἔγνωσαν
806 3978 901 4059 φαλής
914 3975 1021 4059 αύτής,
1040 3979 1092 4040 καὶ
1105 3979 1233 4041 ἐπέθετο
1246 3981 1353 4057 μίτραν
1366 3971 1410 4037 ἐπ’

165 4057 212 4124 δτι
232 4059 269 4124 σύ
287 4059 315 4122 εἴ
324 4056 423 4143 κύριος
435 4062 596 4142 συντρίβων
614 4056 770 4140 πολέμους.
805 4056 911 4140 αὐτῆς,
937 4062 988 4124 καί
1006 4056 1164 4125 ἐνεδύσατο
1180 4059 1221 4123 τὰ
1240 4053 1345 4141 ίμάτια
1362 4061 1415 4138 της

165 4137 409 4226 θκύριοςόνομά
422 4167 480 4205 σοι.
507 4144 544 4206 σύ
561 4136 651 4226 ρἀον
671 4139 771 4205 αὐτῶν
804 4139 985 4226 εὐφροσύνης
1008 4140 1114 4227 αύτής,
1140 4147 1171 4206 ἐν
1188 4143 1233 4217 οίς
1250 4138 1415 4215 ἐστολέζετο

164 4224 219 4309 τήν
233 4222 314 4309 ίσχύν
326 4225 355 4285 ἐν
368 4219 483 4304 δυνάμει
496 4249 559 4298 σου,
578 4225 629 4286 καὶ
642 4219 771 4299 κόταξον
804 4228 918 4300 ἐντοῖς
936 4222 1056 4310 ήμέραις
1073 4231 1125 4308 τής
1142 4230 1217 4308 ζωής
1233 4229 1289 4287 τοῦ
1306 4221 1361 4286 ἀνδ
1380 4224 1414 4295 ὸς

165 4311 201 4373 τὸ
230 4302 339 4394 κρότος
364 4303 465 4370 αὐτῶν
490 4308 522 4369 ἐν
538 4310 583 4387 τῷ
599 4310 691 4389 θυμῷ
709 4332 769 4371 σου.
804 4307 1072 4392 αύτήςΜανασσή.
1102 4309 1181 4372 *καί
1195 4307 1287 4392 έλαβε
1303 4249 1413 4370 σανδό-

164 4387 379 4480 ἐβουλεύσαντο
395 4384 453 4473 γὰρ
465 4388 630 4475 βεβηλῶσαι
647 4388 686 4453 τά
699 4386 770 4467 ἀγιά
803 4391 852 4455 λια
870 4398 909 4466 είς
922 4394 993 4465 τούς
1009 4389 1106 4464 πόδας
1119 4389 1225 4475 αύτής,
1251 4391 1303 4453 καὶ
1316 4390 1412 4472 περιέ-

164 4503 229 4553 οου,
240 4480 342 4561 μιᾶναι
357 4471 393 4540 τὸ
404 4467 541 4557 σκήνωμα
552 4476 602 4556 τῆς
611 4470 769 4540 καταπαύ-
803 4484 875 4540 θετο
890 4475 961 4550 τούς
971 4475 1115 4559 χλιδῶνας
1127 4477 1178 4538 καί
1188 4471 1226 4536 τὰ
1236 4471 1413 4569 ψελλια,κμί

1344 4577 1415 4628 τους
