2924 4972
662 202 905 268 ΛΑΝΙΗΛ

514 573 1054 684 ΔΑΝΙΗΑ.

371 785 376 794 -
709 758 713 765 ’
800 769 849 810 ται
861 740 953 829 εῦρεῖν
964 742 1062 829 μόνην.
1088 741 1115 785 ¹⁵
1127 745 1181 808 ταί
1191 748 1318 823 ἐγένετο
1331 750 1422 814 ἐντῶ

159 795 240 893 Καὶ
253 818 288 913 ἡν
300 827 376 916 ἀνὴρ
387 830 518 896 σίτῶνίν
529 829 701 915 Βαβυλῶνι,
714 829 765 894 καί
798 840 981 914 παρατηρεῖν
1005 823 1116 900 αὐτούς
1133 823 1252 931 ἡμέραν
1280 817 1420 908 εὔθετον,

160 911 257 994 ὄνομα
279 912 363 995 αὐτῷ
384 910 530 996 Ἰωακείμ.
571 914 651 977 2ιιαί
672 912 765 998 ἔλαβε
799 910 920 995 εῖςὴλθέ
932 936 1006 978 ποτε
1024 909 1130 983 καθὼς
1149 921 1224 994 χθες
1242 915 1300 978 καί
1316 921 1421 1000 τρίτης

158 986 312 1087 γυναῖκαὴ
327 996 423 1099 ὄνομα
435 993 597 1072 Σωσάννα,
624 991 765 1080 θυγάτηρ
800 993 907 1102 ἡμέρας
918 992 993 1078 μετὰ
1007 991 1063 1060 δύο
1075 993 1176 1076 μόνων
1187 1003 1420 1080 κορασίων,και

160 1079 305 1153 Χελκίου,
316 1079 392 1164 καλη
406 1075 538 1164 σφόδρα,
551 1081 602 1144 καί
616 1082 763 1164 φοβουμέ-
800 1075 968 1161 επεθύμησε
990 1074 1164 1142 λούσασθαι
1187 1081 1221 1144 ἐν
1240 1084 1291 1163 τῷ
1313 1107 1420 1166 παρα-

158 1187 194 1246 νη
206 1158 389 1248 τόνκύριον.
415 1163 495 1227 3ιεαὶ
511 1167 541 1228 σί
557 1175 652 1241 γονεῖς
671 1158 765 1245 αὐτῆς
799 1161 899 1266 δείυορ,
924 1158 972 1226 ότι
990 1165 1091 1242 καῦμα
1107 1149 1152 1244 ἡν.
1172 1161 1217 1262 '¹⁶
1230 1165 1288 1227 καί
1307 1163 1366 1229 οῦκ
1384 1155 1419 1249 ἡν

157 1245 281 1321 δίκαιοι,
307 1248 359 1310 καί
377 1244 515 1321 ἐδίδαξαν
539 1246 592 1329 τὴν
608 1248 765 1330 θυγατέρα
800 1245 895 1319 υύδεις
912 1246 975 1310 ἐκεῖ
993 1245 1074 1328 πλὴν
1096 1246 1128 1306 υί
1144 1243 1200 1308 δυο
1211 1247 1418 1334 πρεσβύτεροι

157 1328 260 1395 αὐτῶν
274 1326 353 1393 κατά
367 1329 421 1392 τὸν
433 1326 523 1412 νόμον
536 1333 665 1411 Μωυσῆ.
689 1326 765 1393 4καί
800 1331 1004 1412 κεκρυμμένοι,
1029 1327 1081 1391 καί
1092 1333 1348 1414 παρατηροῦντες
1361 1329 1416 1396 αῦ-

157 1401 195 1496 ἡν
205 1411 341 1494 Ἰωακείμ
353 1408 496 1488 πλούσιος
509 1411 637 1497 σφόδρα,
665 1401 766 1493 καίὴν
800 1406 862 1493 τὴν.
887 1408 1309 1495 17καίεδοτετσῖςκσρασίσις.
1338 1419 1417 1493 ἐνέγ-

159 1493 244 1578 ahto}
269 1491 450 1580 παράδεισος
471 1500 600 1573 γειτνιῶν
622 1499 668 1578 τῷ
690 1495 764 1577 οἴκῳ
801 1518 872 1559 κατε
884 1489 920 1576 δὴ
932 1519 982 1578 μοι
996 1494 1100 1558 ἔλαιον
1113 1494 1165 1557 καί
1177 1491 1354 1578 σμὴγμοιτα,
1367 1500 1416 1563 καί

159 1575 266 1646 αὐτοῦ.
299 1581 350 1642 καί
370 1579 447 1662 πρός
464 1578 560 1643 αύτόν
579 1576 765 1663 προςὴγυντυ
800 1577 856 1651 τάς
868 1575 966 1662 θύρας
983 1581 1040 1643 τοῦ
1059 1576 1247 1656 παραδείσου
1267 1579 1414 1654 κλείσατε,

158 1663 189 1727 σί
198 1658 341 1725 Ἰουδαῖοι
359 1661 410 1725 διέι
430 1662 466 1726 τὸ
485 1660 559 1727 εἶναι
571 1661 667 1726 αὐτὸν
680 1662 764 1725 ἐνδυ-
801 1657 885 1735 όπους
897 1658 1064 1744 λσύσωμαι.
1094 1661 1182 1724 1ίέκαί
1195 1665 1353 1748 ἐποίησαν
1361 1692 1414 1730 κσ-

157 1741 277 1828 ξότίρον
293 1739 426 1811 πάντων.
452 1746 531 1810 ἐκαὶ
547 1744 766 1830 ἀπεδείχθησαν
799 1743 867 1818 θῶς
879 1733 956 1819 είπε,
982 1746 1032 1809 καί
1046 1741 1225 1809 ἀπέκλεισαν
1242 1744 1302 1822 τάς
1312 1745 1414 1836 θύρας

158 1822 213 1892 δύο
231 1823 424 1913 πρεσβύτεροι
445 1831 478 1893 ἐκ
496 1833 554 1894 τοῦ
571 1828 649 1894 λσυῦ
667 1826 766 1913 κριταί
801 1832 857 1892 τοῦ
879 1827 1077 1911 παραδείσου,
1104 1828 1156 1892 καί
1176 1829 1314 1914 ἐξῆλθαν
1333 1830 1413 1896 κατά

159 1913 191 1975 ἐν
202 1915 248 1993 τῷ
261 1915 386 1994 ἐνιαυτῷ
400 1915 544 1995 ε’κείνῳ,π
578 1903 765 1993 ἰῶνέλάλη-
800 1909 855 1984 τάς
865 1910 995 1988 πλαγίας
1006 1906 1118 1995 θύρας,
1136 1914 1252 1990 ἐνέγκαι
1266 1913 1307 1980 τά
1319 1940 1413 2002 προς-

159 2019 208 2059 σεν
230 1994 248 2055 ὁ
273 1989 426 2077 δεσπότης,
452 1991 499 2059 δ’τι
544 1937 635 2080 ἡλθεν
654 1994 765 2075 ἀνομία
801 1997 962 2077 τεταγμένα
987 1992 1106 2070 αὐτοῖς,
1131 1996 1183 2061 καί
1202 1995 1268 2101 ρῦκ
1294 1999 1413 2064 είδυσσν

159 2079 192 2141 ἐκ
212 2075 398 2162 Βαβυλῶνος
417 2080 450 2141 ἐκ
472 2081 683 2163 πρεσβυτέρων
701 2099 765 2160 κρι-
801 2077 873 2152 τοὺς
886 2081 1119 2163 πρεσβυτέρους,
1138 2076 1185 2145 ότι
1198 2105 1277 2165 ησαν
1289 2107 1413 2168 κεκρυμ-

158 2163 239 2234 τῶν,
262 2165 294 2224 οἳ
309 2156 433 2225 ἐδόκουν
450 2164 593 2246 κυβερνᾷν
611 2163 665 2226 τὸν
681 2156 763 2225 λαόν.
800 2163 893 2243 μένοι.
923 2163 952 2204 ¹⁰
965 2163 1016 2227 καί
1037 2165 1155 2239 ἐγένετο
1178 2160 1221 2239 ῶς
1243 2162 1413 2249 ἐξὴλθοοαν

160 2238 277 2307 οοῦτοι
299 2249 553 2329 προςεκαρτέρυυν
576 2248 607 2311 έν
629 2249 668 2329 τῆ
685 2249 765 2326 οίκίρι
801 2244 840 2309 τοὶ
866 2240 1004 2352 κσράσια,
1029 2248 1081 2311 καί
1105 2243 1271 2331 ἀνέστησαν
1295 2253 1328 2312 σί
1352 2246 1412 2314 δύο

158 2323 308 2408 Ἰωακεὶμ,
334 2330 386 2392 καί
406 2327 534 2412 ἤρχοντο
556 2328 635 2413 πρὸς
649 2316 766 2401 ἀὐτούς
801 2333 971 2414 πρεσβῦται,
981 2331 1032 2394 καί
1044 2329 1213 2416 ἐπέδραμον
1225 2329 1316 2424 αὐτῇ,
1327 2334 1413 2397 ἐθκαὶ

160 2405 279 2513 πάντες,
293 2415 323 2475 οἶ
348 2409 519 2495 κρινόμενοι.
546 2414 559 2455 ⁷
572 2414 623 2477 καί
649 2414 765 2513 ἐγένετο
802 2410 895 2475 είπον.
922 2411 988 2478 ίδοῦ
1001 2417 1034 2478 αἶ
1045 2407 1140 2517 θύραι
1152 2418 1209 2478 τοῦ
1220 2417 1413 2517 παραδείσου

159 2490 248 2578 ἡνίκα
261 2497 416 2579 ἀπέτρεχεν
430 2493 448 2560 ό
461 2495 533 2570 λαὸς
545 2499 634 2578 μέσον
648 2497 766 2579 ἡμέρας,
802 2495 970 2571 κέκλεινται,
993 2499 1044 2561 καί
1069 2496 1162 2568 συδείς
1182 2506 1297 2577 θεωρεῖ
1320 2504 1414 2579 ημᾶς,

160 2573 358 2662 εἰσεπορεύετο
372 2579 539 2652 Σουσάννα,
563 2582 614 2644 καὶ
626 2576 766 2658 περιεπό-
801 2582 851 2643 καὶ
870 2583 903 2645 έν
923 2582 1064 2662 έπιθυμίρι
1080 2601 1133 2642 σου
1145 2579 1238 2658 ἐσμέν.
1265 2576 1314 2640 διὸ
1329 2605 1412 2655 συγ-

160 2685 201 2727 τει
216 2665 249 2725 ἐν
261 2666 305 2743 τῷ
324 2663 495 2745 παραδείσῳ
515 2668 572 2728 τοῦ
588 2661 698 2747 ἀνδρὸς
711 2659 766 2726 οῦ·
802 2659 941 2728 κατάθου
964 2661 1041 2748 ἡμῖν,
1052 2662 1102 2726 καί
1122 2663 1206 2738 γενοῦ
1222 2657 1288 2742 μεθ’
1310 2655 1413 2746 ἡμῶν.

160 2749 219 2828 τῆς.
256 2746 336 2808 8καί
359 2741 511 2830 ἐθεώρουν
535 2745 630 2829 αῦτὴν
655 2751 685 2809 οί
710 2743 765 2808 δύο
802 2748 868 2810 21εί
885 2747 918 2811 δὲ
935 2746 990 2851 μὴ,
1017 2741 1321 2829 καταμαρτυρήσομέν
1340 2770 1414 2822 σου,

159 2823 353 2911 πρεσβύτεροι
372 2827 441 2892 καθ’
468 2826 581 2912 ἡμέραν
599 2834 764 2914 είςιτυρευσ-
803 2825 850 2893 ότι
862 2820 897 2912 ἡν
906 2857 980 2913 μετα
991 2835 1044 2895 σοῦ
1054 2830 1266 2902 νεανίσκσς,καί
1279 2825 1331 2892 διά
1341 2836 1413 2895 τοῦ·

158 2913 258 2992 μένην,
272 2914 322 2975 καί
334 2917 567 2995 περιπατοῦσαν,
586 2914 637 2976 καί
650 2915 767 2989 ἐγένον-
803 2937 837 2976 το
850 2913 1059 2988 ἐξαπέστειλας
1067 2913 1108 2977 τά
1121 2909 1250 2998 κσράσια
1264 2909 1328 2976 ἀπὸ
1345 2919 1411 2979 σοῦ.

160 3018 196 3058 τυ
209 2997 239 3058 ἒν
253 2997 397 3078 ἐπιθυμίᾳ
413 2993 514 3080 αὐτῆς.
546 2997 626 3061 9καὶ
639 2996 766 3078 διέστρε-
802 2999 830 3037 ²²
845 3001 896 3061 καί
914 2995 1083 3072 ἀνεστέναξε
1099 2992 1260 3070 Σουσάννα,
1274 2997 1328 3060 καί
1341 2995 1412 3062 εἷπε.

160 3097 225 3158 ψαν
237 3075 290 3139 τὸν
310 3080 426 3142 ἑαυτῶν
444 3084 530 3152 νοῦν,
557 3083 607 3144 καὶ
620 3079 766 3155 ἐξέκλιναν
802 3077 890 3144 στενά
900 3106 949 3164 μοι
959 3077 1122 3145 πάντοθεν.
1137 3078 1190 3143 έοίν
1203 3104 1234 3143 τε
1242 3076 1306 3163 γάρ
1318 3084 1413 3146 τοῦτο

159 3159 232 3232 τούς
246 3156 423 3240 ὀφθαλμοὺς
440 3160 558 3238 αὐτῶν,
576 3164 632 3227 τοῦ
642 3162 682 3245 μὴ
695 3162 765 3248 βλέ-
802 3161 917 3248 πράξω,
929 3159 1066 3236 θάνατός
1080 3189 1130 3244 μοι
1143 3167 1231 3226 ἐστίν.
1259 3161 1316 3227 ε’άν
1328 3187 1363 3228 τε
1374 3163 1413 3248 μὴ

158 3265 224 3304 πειν
248 3245 287 3315 εἷς
306 3241 359 3306 τὸν
377 3241 523 3326 οὐρανὸν,
563 3244 636 3328 μηδὲ
653 3271 765 3355 μνημο-
801 3243 914 3329 πράξω,
939 3245 994 3309 οἰκ
1006 3242 1183 3325 ἐκφεύξομαι
1196 3244 1253 3319 τάς
1265 3257 1368 3331 χεῖρας
1381 3244 1414 3310 ῦ-

159 3320 248 3389 νεύειν
262 3321 412 3409 κριμάτων
425 3328 557 3392 δικαίων.
583 3333 611 3373 ¹⁰
625 3332 677 3393 καί
690 3353 767 3416 ησαν
800 3333 868 3409 μῶν.
894 3322 1180 3410 23αίρετῶτερόνμοι
1193 3330 1261 3391 ἐστὶ
1271 3329 1317 3414 μὴ
1334 3326 1415 3415 πρό-

159 3405 322 3493 άμφὸτεροι
336 3414 652 3501 κατανεννγμένοιπερί
665 3416 766 3497 αὐτῆς,
802 3416 895 3488 ξασαν
918 3414 1050 3493 ἐμπεσεῖν
1073 3414 1112 3484 είς
1126 3404 1181 3483 τάς
1198 3422 1302 3494 χεῖρας
1321 3409 1414 3494 ὑμῶν,

159 3494 210 3555 καὶ
221 3491 276 3556 σῦκ
290 3491 463 3576 ἀνήγγειλάν
476 3493 616 3578 ἀλλὴλσις
628 3495 681 3579 τὴν
696 3494 765 3564 ὀδύ-
803 3494 819 3578 ἡ
833 3492 974 3581 ἁμαρτεῖν
987 3488 1114 3558 ένῶπιυν
1127 3497 1239 3577 κυρίου.
1255 3495 1350 3559 24καί
1362 3495 1414 3560 ἀν-

159 3600 212 3654 νην
231 3577 357 3651 ἑαυτῶν,
385 3575 469 3641 11ὅτι
486 3577 649 3682 ῇσρύνοντυ
671 3580 762 3658 ἀναγ-
801 3580 903 3665 εβόησε
917 3582 1001 3670 φωνῇ
1011 3577 1123 3672 μεγάλη
1136 3576 1296 3641 Σωσάννα.
1321 3578 1415 3664 ἐβόη-

158 3657 251 3731 γεῖλαι
265 3658 320 3741 τὴν
333 3663 494 3742 ἐπιθυμίαν
507 3667 619 3738 αυτῶν,
633 3661 678 3728 ὅτι
694 3665 765 3750 ἡθε-
802 3688 858 3727 σαν
871 3663 901 3727 δὲ
915 3665 967 3727 καί
980 3665 1011 3726 οἱ
1022 3660 1079 3726 δύο
1090 3657 1252 3763 πρεσβῦται
1266 3665 1413 3725 κατέναν-

159 3734 212 3798 λον
233 3746 427 3816 συγγενέσθαι
450 3742 543 3825 αῦτὴ,
569 3748 595 3787 ¹²
610 3749 661 3810 καί
673 3772 766 3832 παρε-
802 3773 828 3810 τι
843 3745 943 3848 αῦτὴς.
969 3747 998 3788 ²⁵
1011 3748 1062 3808 καί
1074 3745 1196 3828 δραμων
1210 3752 1228 3807 ὁ
1243 3743 1293 3819 είς,
1315 3741 1416 3824 ἤνοιξε

159 3816 552 3904 τηροῦσανφελοτιζαωςκάθ
568 3828 677 3914 ἡμέραν
690 3831 766 3914 ὁρᾷν
804 3828 855 3903 τὰς
872 3841 970 3911 θαρας
986 3833 1043 3893 τοῦ
1060 3827 1253 3909 παραδείσου.
1280 3827 1312 3869 ²⁶
1325 3823 1370 3901 ὦς
1383 3827 1416 3892 δέ

159 3900 261 3981 αὐτήν.
293 3909 319 3947 ¹³
333 3909 592 3994 καίεῖπανέτερος
607 3919 650 3994 τῷ
664 3917 764 3997 ἑτέρῳ.
802 3912 934 3997 ἡκουσαν
952 3912 1006 3996 τὴν
1024 3909 1194 3995 κραυγὴνέν
1208 3914 1250 3989 τῷ
1264 3912 1415 3993 παραδεί-

157 3993 353 4083 πορευθῶμεν
367 3992 403 4072 δὴ
418 3997 456 4064 εἷς
469 3993 564 4067 οίκον,
579 3992 626 4058 ότι
641 3996 765 4078 ἀρίστου
801 4022 844 4077 σῳ
858 4001 889 4059 σί
902 3999 933 4058 έκ
944 4001 995 4078 τῆς
1013 3998 1122 4069 οἰκίας,
1148 3988 1345 4075 είςεπὴδησαν
1363 3992 1414 4059 δεά

157 4063 223 4148 ῶρα
235 4071 303 4130 ἐστί.
328 4077 378 4135 καί
392 4075 561 4150 ἐξελθόντες
574 4080 765 4162 διεχωρίσθη-
799 4083 848 4163 τῆς
861 4079 992 4155 πλαγίας
1010 4072 1107 4159 θύρας
1126 4078 1193 4140 ἰδεῖν
1205 4073 1242 4138 τὸ
1263 4081 1412 4163 συμβεβη·

157 4173 213 4213 σαν
220 4148 277 4253 ἀπ’
294 4150 441 4234 ἀλλήλων,
467 4158 553 4221 14ιιαί
567 4161 764 4243 ἀνακοίμριαν-
798 4165 849 4236 κὸς
863 4161 950 4244 αῦτὴ.
977 4163 1007 4202 ²⁷
1021 4159 1107 4260 ἡνίκα
1125 4160 1158 4224 δὲ
1175 4157 1265 4223 είπαν
1283 4162 1314 4221 οῖ
1337 4184 1414 4241 πρε-

154 4256 201 4307 τες
216 4234 312 4338 ηλθον
324 4238 499 4316 έπιτοαυτό,
514 4245 563 4304 καί
577 4241 762 4321 ἀνετοίζοντες
798 4244 904 4334 σβόται
918 4237 987 4318 τοὺς
1000 4243 1107 4321 λογους
1120 4241 1411 4331 αὖτῶῖικαῐγῦχῦῖ·

152 4312 304 4400 άλληλους
317 4316 371 4401 τὴν
384 4323 493 4394 αἰτίαν,
501 4320 697 4405 ὡμολόγησαν
708 4328 762 4412 τὴν
796 4343 895 4414 θησαν
908 4334 940 4393 σί
953 4327 1057 4392 δοῦλοι
1068 4322 1198 4409 σφόδρα,
1221 4324 1269 4390 ὅτι
1280 4317 1412 4392 πῶποτε

154 4401 314 4482 ἐπιθυμίαν
327 4400 435 4467 αὐτῶν.
448 4406 500 4466 καί
512 4402 582 4469 τότε
595 4414 678 4490 κοινῆ
693 4436 762 4474 σειν-
795 4412 851 4479 ot'm
864 4409 978 4498 ἐρρήθη
993 4408 1084 4487 λόγος
1104 4414 1242 4482 τοιοῦτος
1254 4409 1324 4491 περὶ
1337 4416 1410 4474 Σω-

150 4479 296 4560 ετόξαντυ
310 4483 425 4575 καιρόν,
444 4483 494 4552 ὅτε
509 4484 605 4574 αῦτὴν
618 4482 760 4581 δυῦὴσυν-
795 4496 911 4581 σάννης.
939 4495 1026 4560 28καί
1039 4495 1152 4571 ἐγένετο
1163 4491 1409 4641 τῇέποόριονολὶς

1294 4601 1375 4660 συνη
