2924 4972
181 234 676 303 ΙΜΡΑΛΕΙΠΟΜΚΝΩΝ
697 241 909 305 ΠΡΩΤΟΝ
947 235 1212 319 Κεφ.ς’.ζ’.6.7.
1259 242 1324 310 413

75 348 224 431 Νεφθαλδ
244 346 297 432 την
315 348 408 422 Κίδες
425 351 456 411 ἐν
473 352 511 442 τῇ
531 349 684 432 Γαλιλαίᾳ
716 352 771 417 καὶ
785 348 943 435 Ἕληεμὶθ,
967 348 1075 427 πάντες
1087 377 1170 417 ουτοι
1183 354 1243 417 vlo&
1254 358 1325 418 Βο·

74 434 125 499 καὶ
149 431 189 497 τά
208 425 389 518 περισπόρια
415 428 523 515 αῦτης,
553 432 604 496 καὶ
630 431 685 516 τὴν
714 435 779 519 χὶρ,
806 430 1058 539 9καὶδάριθμδς
1071 432 1173 499 αὐτῶν
1184 434 1263 502 κατά
1275 461 1324 515 γε·

74 513 202 600 Χαμώθ
214 517 267 580 καὶ
278 513 318 579 τά
329 511 508 620 περιοπόρια
518 513 622 598 αὐτῆς,
633 519 684 580 καὶ
715 521 805 592 νὲσεις
815 515 927 595 αὐτῶν,
940 543 1078 603 αρχοντες
1089 519 1180 583 οἴκων
1189 525 1325 606 πατριῶν

75 601 128 685 την
136 599 320 685 Καριαθαῒμ
329 594 429 662 καιτά
437 593 616 683 περιοπόρια
626 595 684 662 αῦ-
716 597 818 664 αὐτῶν
830 602 943 699 δσχυροὶ
955 598 1084 688 δυνάμει,
1098 602 1188 668 εἴκοσι
1199 599 1325 706 χιλιάδες

75 689 134 769 τῆς.
161 684 189 726 ⁷⁷
201 693 266 758 τοῖς
284 684 361 758 υἱοῖς
374 685 497 768 Μεραρὶ
511 693 575 757 τοῖς
587 706 683 746 κατα-
716 685 766 747 καὶ
778 682 932 747 διακοσιοι.
955 686 984 727 ¹⁰
996 691 1045 752 καὶ
1058 688 1118 751 υἱοὶ
1128 681 1241 789 Ἰεδιηλ,
1253 692 1325 752 Βα-

73 768 190 841 λοίποις
202 767 235 830 ἐκ
249 764 343 849 φυλης
355 761 519 851 Ζαβουλών
531 762 586 849 την
598 760 683 847 Ῥεμ-
716 759 802 829 λαάν.
828 768 880 829 καὶ
892 767 952 831 οἷοὶ
963 768 1109 846 Βαλαάν,
1133 766 1247 845 Ἰαους,
1272 771 1325 834 καλ

72 847 135 935 μιδν
147 852 198 914 καὶ
210 848 249 914 τά
260 845 440 935 περισπόρια
453 846 556 932 αὐτῆς,
566 848 618 912 καλ
631 847 684 930 την
716 849 868 951 Βενιαμὶν,
881 853 933 914 καὶ
943 846 1039 926 Ἀώθ,
1049 854 1100 916 καὶ
1113 852 1254 931 Χανανὰ,
1271 854 1325 918 καλ

76 929 188 1020 Θαβιδρ
202 931 302 998 καὶτὰ
311 928 488 1018 περισπόρια
498 932 601 1012 αὐτῆς,
615 932 683 994 Ὶθέκ
715 936 853 1008 Ζαιθαν,
878 934 930 995 καὶ
961 933 1073 1017 Θαρσλ,
1098 939 1149 1000 καὶ
1167 933 1322 1040 Ἀχισαάρ,

71 1022 129 1083 τοῦ
148 1017 244 1101 πέραν
262 1021 318 1081 τοῦ
333 1012 486 1102 Ἰορδάνου
503 1013 558 1100 τὴν
571 1011 682 1098 Ἶεριχώ
715 1018 740 1056 ¹¹
753 1010 862 1089 πάντες
875 1005 960 1079 οῦτοι
974 1019 1035 1080 υἱοὶ
1048 1013 1161 1100 Ἰεδιηλ.
1184 1045 1324 1105 αρχοντες

72 1097 152 1163 κατὰ
165 1094 276 1182 δυσμάς
288 1096 516 1185 τοῦἿορδάνου.
541 1101 574 1162 ἐκ
587 1096 683 1179 φυλῆς
715 1101 777 1162 τῶν
795 1101 932 1183 πατριῶν
951 1099 1063 1183 ἰσχυροὶ
1074 1094 1204 1180 δυνάμει,
1228 1104 1322 1167 ἕπτα-

67 1179 197 1267 Ῥουβην
215 1179 270 1265 τὴν
286 1179 395 1261 Βοσὸρ
414 1185 445 1245 ἐν
461 1187 499 1274 τῇ
517 1175 615 1284 ἐράμφ
634 1181 683 1243 καὶ
716 1181 837 1245 καίδεκα
848 1175 973 1265 χιλιάδες
987 1182 1038 1243 καὶ
1050 1176 1208 1257 διακόσιοι,
1231 1186 1324 1249 ἔκπο-

74 1264 114 1327 τά
133 1260 313 1347 περισπόρια
330 1263 436 1347 αὐτῆς,
463 1265 516 1328 καὶ
527 1262 582 1346 την
605 1257 684 1326 Ιασά
716 1259 863 1348 ρευόμενοι
895 1258 1014 1346 δυνάμει
1039 1262 1190 1346 πολεμεῖν,
1228 1267 1256 1305 ¹²
1273 1267 1325 1330 καλ

74 1348 127 1410 καὶ
142 1347 182 1409 τά
198 1341 377 1432 περισπόρια
390 1343 498 1429 αὐτῆς,
525 1347 554 1389 ⁷⁹
566 1347 618 1409 καὶ
628 1340 683 1429 την
715 1349 851 1428 Σαπφὶν,
864 1348 915 1410 καὶ
924 1344 1044 1448 Ἀπφίν.
1059 1347 1111 1411 καὶ
1123 1348 1184 1411 υἱοὶ
1196 1344 1325 1430 Ὦρ,Ἀ-

74 1427 220 1510 Καδμώθ
244 1429 296 1493 καὶ
318 1426 360 1493 τά
381 1425 561 1537 περισπόρια
580 1425 682 1512 αὐτῆς,
717 1426 792 1512 σώμ,
806 1428 869 1504 υἱὸς
882 1426 977 1494 αῦτοῦ
989 1424 1070 1514 Αόρ.
1088 1430 1325 1510 13οἱοδΝεφθα-

74 1513 127 1577 καὶ
152 1509 206 1595 την
223 1509 361 1593 Μαεφλά
378 1539 430 1577 και
448 1511 487 1577 τά
505 1507 683 1596 περιοπόρια
715 1511 756 1589 λλ,
766 1509 891 1596 Ἰασιηλ,
904 1515 997 1587 Γεονὶ,
1010 1509 1172 1597 καὶἈσηρ,
1186 1512 1324 1577 καὶΣελ-

74 1595 175 1676 αὐτῆς.
200 1595 232 1639 ⁸⁰
245 1597 277 1659 ἐκ
290 1596 382 1679 φυλῆς
392 1593 465 1661 Γάδ
475 1592 528 1681 τὴν
537 1589 684 1677 ‘famo
714 1592 803 1679 λοῦμ,
816 1598 879 1660 υἱοιι
891 1593 993 1661 αὐτοῦ.
1012 1593 1127 1678 Βαλάμ
1139 1592 1203 1669 υἷδς
1216 1593 1321 1660 αὐτοῦ.

72 1677 205 1743 Γαλαὰδ
215 1678 316 1743 καὶτὰ
326 1674 506 1765 περιοπόρια
517 1677 619 1764 αῦτης,
632 1679 684 1742 καὶ
714 1677 743 1720 ¹¹
756 1681 815 1744 υἱοὶ
827 1682 1000 1763 Μανασσῆ,
1022 1675 1158 1762 Ἐοριηλ,
1180 1674 1217 1743 δν
1229 1681 1322 1744 ἔτεκεν

72 1761 290 1845 τὴνΜααναῒμ
306 1761 409 1828 καὶτὰ
427 1756 607 1849 περισπδρια
625 1757 682 1824 αῦ-
714 1758 732 1846 ἷη
750 1758 890 1845 παλλακὴ
916 1758 1012 1826 αῦτοῦ
1030 1759 1048 1847 ἡ
1065 1757 1168 1848 Σῦρα,
1194 1763 1271 1827 ἔτεκε
1288 1762 1322 1827 δὲ

70 1851 137 1929 τῆς,
165 1847 192 1889 ¹¹
206 1841 325 1930 καδτὴν
338 1842 465 1932 Ἐσεβών
482 1849 533 1910 καὶ
546 1843 586 1910 τά
598 1868 683 1930 περι·
715 1842 798 1929 αὐτῷ
828 1847 879 1909 καὶ
904 1851 949 1910 Μ
983 1846 1012 1929 ὶρ
1036 1848 1155 1931 πατέρα
1182 1849 1216 1908 Γ
1212 1840 1320 1911 αλαάδ.

71 1925 184 2015 σπόρια
199 1926 307 2011 αὐτῆς,
333 1930 384 1994 καὶ
397 1927 450 2013 τὴν
465 1926 562 2015 Ἰαζηρ
576 1930 627 1993 καὶ
641 1923 681 1992 τά
714 1929 924 2015 15καὶΜαχὶρ
942 1872 1033 2016 ἔλαβε
1045 1939 1171 2008 γυναῖκα
1185 1934 1230 2011 τῷ
1244 1926 1321 1994 Ἅπ-

70 2007 249 2098 περιοπόρια
262 2010 363 2096 αῦτῆς.
713 2012 764 2092 φὶν
782 2013 834 2076 καὶ
850 2018 984 2090 Σαπφίν.
1011 2018 1062 2077 καὶ
1080 2010 1177 2096 ὄνομα
1192 2009 1320 2097 ἀδελφῆς

264 2102 298 2160 Κ
310 2102 340 2159 Ε
351 2100 389 2160 Φ.
432 2090 481 2159 Z'.
712 2092 807 2159 αῦτοῦ
820 2093 952 2179 Μοωχά,
965 2099 1017 2160 καὶ
1028 2093 1123 2179 ὄνομα
1134 2099 1179 2179 τῷ
1191 2095 1319 2181 δευτέρῳ

71 2144 153 2244 Καὶ
164 2188 227 2255 τοῖς
240 2184 318 2254 υἱοῖς
328 2173 468 2264 Ἰσσάχαρ
494 2174 601 2254 Θονλά,
628 2179 680 2242 καὶ
710 2175 874 2257 Σαπφαάδ.
900 2178 1100 2263 ἐγεννήθησαν
1115 2176 1149 2244 δὲ
1167 2183 1213 2262 τῷ
1229 2184 1319 2243 Σαπ-

73 2260 172 2338 Φουά,
182 2264 235 2327 καὶ
242 2259 374 2349 Ἰασοδβ,
387 2264 438 2327 καὶ
447 2259 597 2367 Σεμερών,
610 2264 681 2328 τέσ-
712 2260 798 2342 φαάδ
808 2262 978 2348 θυγατέρες.
1002 2264 1031 2305 ¹⁶
1044 2264 1096 2327 καὶ
1107 2264 1184 2327 ε’·’τεκε
1197 2259 1319 2345 Μοεοχά

74 2372 166 2428 σαρες.
178 2347 250 2410 2καὶ
262 2346 325 2410 οἷοὶ
339 2343 443 2420 Θαλά,
451 2344 525 2424 Ὀζὶ,
542 2347 679 2426 Ραφαΐα,
709 2342 783 2429 γυνη
796 2346 903 2429 Μαχὶρ
916 2340 990 2411 υἱόν.
1006 2349 1058 2410 καὶ
1069 2343 1186 2411 ἐκάλεσε
1199 2344 1234 2410 τὸ
1247 2344 1317 2410 ὅνο-

73 2431 125 2491 καὶ
138 2425 257 2512 Ἰεριηλ,
273 2429 325 2492 καὶ
337 2425 451 2512 Ἰαμαῒ,
468 2431 521 2493 καὶ
532 2426 679 2511 Ἰεμασδιν,
709 2455 753 2512 μα
765 2425 861 2493 αὐτοῦ
875 2432 982 2515 Φαρές.
1009 2432 1061 2493 καὶ
1079 2427 1174 2512 ὄνομα
1187 2425 1319 2508 ἇδελφοῦ

73 2512 125 2575 καὶ
134 2507 288 2593 Σαμουὴλ,
302 2508 438 2593 άρχοντες
449 2512 537 2576 οἴκων
547 2515 680 2596 πατριῶν
711 2509 807 2577 αὐτοῦ
819 2515 944 2596 Σαῦρος.
960 2514 1019 2576 υἶοὶ
1031 2508 1126 2575 αῦτοῦ
1141 2507 1255 2592 Οῦλάμ,
1268 2512 1319 2573 καλ

74 2590 176 2658 αῦτῶν
186 2595 231 2675 τῷ
246 2592 338 2656 Θαλὰ
354 2597 468 2677 ἰσχυροὶ
476 2589 592 2675 δυνάμει
602 2592 679 2659 κατὰ
705 2591 825 2677 Ῥοκόμ.
862 2596 953 2659 17καὶ
971 2597 1033 2658 υἱοὶ
1053 2591 1169 2675 Οῦλάμ,
1195 2588 1317 2676 Βαδάμ.

69 2678 195 2753 γενέσεις
213 2672 328 2754 αῦτιῦν,
354 2671 372 2740 ὃ
391 2673 520 2761 ἀριθμὸς
539 2676 638 2741 αὐτῶν
649 2680 679 2741 ἐν
709 2669 794 2743 οῦτοι
808 2679 869 2742 υἱοὶ
880 2674 1019 2754 Γαλαάδ,
1034 2681 1101 2742 υἱοῦ
1114 2676 1231 2762 Μαχὶρ,
1251 2678 1319 2741 υἱοῦ

69 2756 192 2845 ἡμέραις
203 2759 310 2834 Δαυὶδ,
325 2759 417 2826 εἴκοσι
427 2763 477 2824 καὶ
489 2758 542 2825 δύο
554 2757 677 2844 χιλιάδες
705 2766 873 2845 Μανασσῆ.
912 2764 941 2805 ¹⁸
953 2763 1004 2828 καὶ
1023 2757 1041 2846 ἢ
1056 2757 1169 2844 άδελφη
1186 2759 1282 2826 αῦτοῦ
1296 2755 1315 2845 ἢ

67 2845 118 2907 καὶ
131 2839 288 2919 ἑξακόσια.
303 2844 374 2908 3καὶ
386 2840 527 2920 υῖολὈζὶ,
538 2841 675 2929 Ἰεζραῗα.
708 2845 858 2930 Μαλεχὲθ
883 2848 960 2912 ἔτεκε
977 2843 1030 2910 τὸν
1052 2843 1166 2918 Ἰσοδδ,
1192 2847 1243 2909 καὶ
1262 2840 1316 2909 τὸν

66 2929 117 2992 καὶ
128 2925 329 3011 υἶοὶἝζραΐα,
339 2926 476 3012 Μιχαὴλ,
487 2926 615 3015 Ἀβδιοῦ,
625 2929 677 2994 καὶ
702 2926 840 3013 Ἀβιεζερ,
857 2932 908 2994 καὶ
920 2930 973 2995 τὸν
985 2924 1108 2996 Μαελά.
1135 2930 1163 2970 ¹⁹
1177 2931 1228 2993 καὶ
1240 2917 1316 3011 ἦσαν

66 3003 164 3094 Ἰαηλ
176 3013 226 3074 καὶ
235 3009 335 3087 Ἰεσία,
345 3013 441 3086 πέντε,
453 3009 588 3098 άρχοντες
596 3008 675 3077 πάν·
707 3014 767 3076 υἱοὶ
778 3010 900 3095 Σεμιρά,
912 3011 986 3096 Ἀῒμ,
999 3015 1050 3077 καὶ
1063 3009 1170 3096 Συχὲμ,
1182 3013 1234 3076 καὶ
1245 3016 1315 3075 Λα-

65 3119 119 3169 τες.
134 3094 206 3158 4καὶ
219 3091 263 3158 ἐπ’
279 3092 381 3159 αῦτιῦν
394 3092 472 3160 κατά
484 3099 605 3174 γενέσεις
618 3093 674 3161 αῦ-
706 3097 769 3176 κὶμ,
794 3100 844 3161 καὶ
857 3093 963 3162 Ἀνιάν.
990 3099 1021 3140 ²⁰
1031 3099 1083 3162 καὶ
1101 3096 1161 3161 υἱοὶ
1176 3093 1314 3182 Ἐφραῒμ,

67 3182 136 3253 τῶν,
146 3175 210 3241 κατ’
221 3177 323 3253 οἴκους
331 3183 467 3264 πατριοῦν
477 3176 588 3256 αῦτιῦν,
599 3182 674 3263 λσχυ·
705 3176 879 3258 Σεσθαλάθ,
892 3182 943 3247 καὶ
953 3176 1066 3265 Βαράδ
1074 3179 1138 3255 υἱὸς
1147 3177 1252 3254 αῦτοῦ,
1263 3180 1314 3245 καὶ

65 3261 115 3344 ροὶ
127 3257 364 3346 παρατάξασθαι
378 3266 417 3337 εἰς
429 3257 571 3345 πόλεμον,
588 3257 675 3347 τριά-
710 3259 799 3328 Θαάδ
812 3261 875 3337 υἱὸς
887 3262 995 3338 αὐτοῦ,
1005 3261 1121 3327 Ἐλαδὰ
1134 3260 1195 3337 υἱὸς
1205 3262 1313 3336 αῦτοῦ,

62 3369 159 3409 κοντα
172 3348 224 3408 καὶ
235 3347 267 3420 ἓξ
277 3341 419 3428 χιλιάδες,
442 3341 490 3410 ὅτι
504 3341 675 3429 ἓπληθυναν
704 3344 801 3410 Σαάθ
815 3343 879 3420 υἱὸς
891 3344 1001 3421 αῦτοῦ,
1024 3348 1052 3386 ²¹
1064 3349 1115 3409 καὶ
1127 3343 1235 3430 Ζαβὰδ
1249 3341 1313 3419 υἱὸς

62 3438 207 3505 γυναῖκας
218 3432 268 3492 καὶ
280 3423 371 3502 υἱούς.
392 3429 468 3494 6καὶ
480 3426 605 3509 ἀδελφοὶ
617 3425 673 3493 αῦ-
706 3425 813 3501 αῦτοῦ,
825 3427 951 3492 Σωθελὲ
964 3425 1027 3501 υἱὸς
1039 3425 1147 3501 αῦτοῦ,
1161 3428 1212 3491 καὶ
1220 3425 1312 3510 Ἀζὲρ,

62 3513 127 3573 τῶν
140 3513 179 3584 εἷς
190 3507 289 3585 πάσας
300 3511 430 3596 πατριάς
440 3507 596 3597 Ἰσσάχαρ,
622 3513 673 3575 καὶ
705 3513 756 3575 καὶ
769 3506 883 3575 Ἐλεάδ.
909 3512 960 3574 καὶ
972 3507 1148 3575 ἀπέκτειναν
1160 3506 1270 3583 αῦτοῦς
1282 3510 1313 3571 οἶ

64 3596 76 3617 ’
130 3595 180 3672 ροί
192 3593 322 3678 δυνάμει,
334 3591 520 3676 ὀγδοήκοντα
532 3597 583 3658 καὶ
595 3593 673 3659 ἑπτά
704 3592 804 3680 άνδρες
827 3599 861 3658 Γ
858 3593 911 3670 έθ,
938 3597 969 3657 οῖ
993 3595 1143 3676 τεχθέντες
1161 3595 1192 3656 ἐν
1209 3595 1246 3684 τη
1263 3593 1312 3686 γῇ,

60 3617 201 3760 χάλυάδες,
226 3672 245 3743 ὁ
262 3675 392 3764 ἀριθμὸς
409 3674 509 3742 αὐτῶν
521 3682 582 3741 τῶν
594 3673 673 3743 πάν·
705 3674 750 3741 ὅτι
776 3680 941 3763 κατέβησαν
966 3681 1024 3740 τοῦ
1047 3675 1146 3762 λαβεῖν
1163 3672 1202 3740 τά
1220 3671 1312 3779 κτήνη

61 3784 131 3824 τιον.
143 3758 671 3844 θυῖοὶΒενιαμὶνααὶΒαλὲ,καὶΒα-
703 3759 821 3835 αὐτῶν,
847 3764 877 3803 ²²
890 3762 941 3824 καὶ
960 3763 1124 3844 ἐπένθησεν
1144 3757 1274 3844 Ἐφραὶμ
1292 3785 1311 3824 ο

58 3847 119 3948 χὶρ,
132 3845 183 3908 καὶ
193 3840 307 3928 Ἰεδιηλ,
320 3855 403 3929 τρεῖς.
418 3846 489 3909 7καὶ
501 3847 563 3908 υἱοὶ
575 3842 670 3919 Bau,
703 3842 804 3928 πατὴρ
819 3870 921 3909 αυτων
934 3869 1043 3946 ημερας
1055 3838 1180 3918 πολλάς.
1193 3847 1243 3909 καὶ
1256 3834 1311 3930 ἧλ-

65 3923 197 4013 Εσεβών,
217 3926 350 4004 καλὈζδ,
368 3931 419 3992 καὶ
429 3925 537 4011 Ὀζιηλ,
552 3930 603 3993 καὶ
617 3926 671 3993 Ἰε-
702 3938 761 3993 θον
778 3927 903 4010 ἀδελφοὶ
915 3931 1012 3991 αυτοῦ
1029 3932 1085 3992 τοῦ
1099 3927 1309 4010 παρακαλέσαι

60 4011 186 4096 ριμοῦθ,
199 4013 251 4076 καὶ
267 4008 351 4096 Οῦρὶ,
363 4014 459 4078 πέντε.
474 4010 612 4097 άρχοντες
625 4013 670 4077 οἴ-
703 4009 801 4077 αῦτόν.
815 4012 900 4075 23καὶ
913 4010 1025 4094 εἷςῦχλθε
1035 4007 1112 4098 πρὸς
1122 4010 1175 4095 τὴν
1184 4023 1310 4091 γυναῖκα

60 4118 122 4158 κεον
139 4096 278 4181 πατριῶν
297 4099 407 4179 ἰσχυροὶ
426 4092 557 4178 δυνάμει,
583 4097 635 4161 καὶ
652 4091 669 4160 ὁ
703 4093 808 4161 αῦτοῦ.
829 4097 879 4160 καὶ
893 4095 998 4180 ἔλαβεν
1011 4098 1042 4160 ἐν
1052 4098 1170 4182 γαστρὶ,
1183 4099 1234 4161 καὶ
1248 4099 1310 4160 ἔτε-

61 4173 192 4262 άριθμδς
205 4177 321 4255 αῦτιῦν,
346 4182 435 4245 εἴκοσι
447 4183 498 4245 καὶ
509 4175 563 4244 δύο
575 4175 670 4264 χιλιά-
701 4203 749 4244 κεν
761 4175 834 4245 υἱόν.
860 4181 910 4244 καὶ
923 4174 1042 4245 ἐκάλεσε
1054 4176 1090 4245 τὸ
1104 4179 1198 4264 ὄνομα
1212 4177 1309 4244 αὐτοῦ

60 4261 107 4336 δες
119 4266 171 4328 καὶ
183 4266 493 4349 τρεακοντατὲσσαρες.
520 4264 597 4327 8καὶ
610 4264 670 4326 υἱοὶ
701 4263 812 4348 Βεριά,
839 4258 886 4327 ὅτι
905 4266 935 4327 ἐν
954 4275 1055 4339 κακοῖς
1067 4266 1179 4342 ἐγένετο
1192 4266 1223 4325 ἐν
1235 4261 1308 4345 οἴκῳ

57 4347 172 4432 Βαχὶρ,
186 4344 310 4430 Ζεμιρᾶ,
330 4350 381 4412 καὶ
394 4344 496 4423 Ἰεοάς,
510 4348 561 4410 καὶ
575 4344 670 4410 Ἔλιὲ-
699 4370 763 4426 μου.
789 4345 821 4388 ²⁴
832 4348 883 4410 καὶ
896 4342 914 4429 ἢ
927 4343 1064 4432 θυγάτηρ
1079 4345 1175 4410 αὐτοῦ
1186 4351 1307 4429 Σαραᾶ.

56 4430 121 4514 ζερ,
140 4431 193 4493 καὶ
202 4427 368 4505 Ἐλιθενάν,
388 4432 440 4495 καὶ
451 4427 595 4513 Ἀμορία,
618 4430 670 4492 καὶ
700 4429 751 4492 καὶ
767 4430 797 4490 ἐν
815 4430 935 4502 ἐκείνοις
951 4442 1013 4503 τοῖς
1026 4427 1229 4499 καταλοίποις.
1253 4427 1309 4524 μαδ

52 4508 218 4601 Ἰεριμοῦθ,
231 4515 282 4577 καὶ
291 4509 428 4599 Ἀβιοῦδ,
448 4514 499 4578 καὶ
511 4510 668 4591 Ἀναθὼθ,
699 4507 869 4596 ᾠκοδόμησε
889 4511 944 4594 την
957 4504 1137 4591 Βαιθωροῦν
1154 4503 1208 4587 τὴν
1222 4529 1315 4649 καταη

1256 4609 1301 4647 κα
