2924 4972
451 217 753 276 τετοκυῖα
792 211 1006 292 mma
1287 217 1353 287 913

107 345 197 423 μετῷ
210 338 398 424 ἁμαρτωλῷ,
424 338 552 421 θανάτῳ
567 350 713 404 θανατω·
745 345 788 422 τῷ
807 340 1000 425 ἀποστρέψαι
1017 341 1070 404 τὸν
1093 338 1272 426 ἁμαρτωλὸν
1289 337 1355 406 ἀπὸ

107 419 205 514 θήσῃ,
231 426 282 487 καί
292 421 331 503 μὴ
344 417 490 510 λαλήσης,
512 428 570 485 τοῦ
583 418 713 500 φυλάξα·
744 428 797 506 της
810 421 937 505 ἀνομίας
948 420 1058 498 αὐτοῦ,
1070 427 1121 487 καί
1131 423 1250 507 ποιησει
1262 425 1355 510 κρίμα

108 517 184 570 σθαι
199 502 254 569 τὸν
268 503 358 589 ἀσεβη
377 500 441 566 ἀπὸ
456 507 509 587 τῆς
519 500 593 569 ὁδοῦ
606 501 713 580 αὐτοῦ,
744 509 796 570 καί
807 503 1013 588 δικαιοσύνην,
1040 508 1071 568 ἐν
1083 503 1186 581 αὐτοῖς
1199 504 1291 583 αῦτὸς
1302 505 1354 592 ζὴ-

107 587 199 661 αῦτός
212 584 230 649 ἁ
245 583 624 677 ἀνομοςτῇάνομίᾳαάτοῦ
639 585 713 651 ἀπα
746 613 834 653 σεται.
866 590 897 631 ²⁰
908 590 961 653 καί
983 586 1076 652 τοῦτό
1096 591 1176 654 ἐστιν
1198 587 1217 653 ὅ
1239 590 1352 666 εῦτατε,

106 680 260 742 θανεῖται,
285 666 322 730 τὸ
342 667 375 730 δὲ
398 667 472 750 αἷμα
496 667 591 733 αὐτοῦ
608 672 640 734 ἐκ
660 675 713 754 τῆς
745 669 801 736 οῦκ
814 669 915 735 εῦθεῖα
927 670 947 754 ἡ
960 668 1032 744 ὁδὸς
1045 676 1156 754 κυρίου.
1183 675 1354 738 ἕκαστον-ἰν

106 748 200 837 χειρός
212 775 267 815 σου
280 745 436 832 ίκζητιίσω.
451 749 509 815 9σὺ
522 751 555 815 δὲ
568 751 622 816 ἐὰν
633 778 713 836 προ·
746 763 811 828 ταῖς
828 750 913 827 ὁδοῖς
931 751 1030 818 αὐτοῦ
1049 758 1141 837 κρινῶ
1162 751 1245 836 ὑμᾶς,
1272 752 1354 829 οἶκος

107 832 290 923 ἀπαγγείλῃς
301 837 345 896 τώ
359 832 459 918 ἀσεβεῖ
470 830 521 919 την
533 831 604 898 ὁδόν
614 833 713 900 αῦτοῦ
744 832 875 921 Ἰσραήλ.
901 839 929 879 ²¹
942 837 993 901 καί
1010 831 1140 920 ἐγενηθη
1156 840 1190 903 ἐν
1207 839 1252 919 τῷ
1264 832 1353 901 δεκά-

107 914 303 1019 ἀποστρέψαι
321 899 372 980 ἀπ’
389 916 500 999 αὐτῆς,
519 915 621 1002 καίμίη
634 915 713 983 ἀπο-
746 944 789 1001 τῳ
803 923 877 992 ἔτει,
899 921 987 984 ἐντῶ
999 914 1159 1002 δωδεκάτῳ
1170 924 1254 1004 μηνί,
1275 922 1354 1003 πέμ-

108 1003 226 1090 στρέψη
244 995 308 1063 απὸ
328 1001 379 1083 τῆς
395 995 469 1062 ὁδοῦ
486 997 583 1063 αὐτοῦ
589 1048 599 1075 ,
627 993 715 1076 οῦτος
746 1026 808 1094 πτη
825 1005 882 1066 τοῦ
904 984 997 1086 μηνός
1024 1006 1077 1085 τῆς
1097 1000 1353 1088 αίχμαλωσίαςῇ-

107 1086 146 1173 τῇ
164 1080 284 1168 ἀσεβείᾳ
306 1079 404 1145 αῦτοῦ
421 1079 639 1158 ἀποθανεῖται,
664 1087 715 1148 καί
741 1090 818 1188 μῶν,
832 1072 909 1169 ἦλθε
920 1083 998 1168 πρὸς
1016 1084 1052 1168 μὲ
1070 1081 1088 1148 ὁ
1105 1081 1275 1160 ἀνασωθεὶς
1286 1082 1353 1151 ἀπό

108 1167 145 1230 σι)
160 1163 215 1246 την
230 1160 326 1248 ψυχὴν
335 1169 448 1228 σαυτοῦ
461 1161 618 1252 ἐξῄρησαι.
630 1168 715 1232 2οκαί
751 1166 953 1253 Ιερουσαλίημ,
976 1167 1081 1246 λέγων.
1107 1163 1188 1233 ἑάλω
1210 1166 1229 1252 ἦ
1250 1164 1349 1244 πόλις.

108 1246 146 1312 σὺ
158 1247 202 1309 υἱὲ
215 1243 393 1331 ἀνθρώπου,
413 1245 496 1312 εἶπόν
509 1252 552 1331 τῷ
567 1249 642 1332 οἴκῳ
651 1247 714 1314 Ἰσ-
746 1253 776 1292 22
788 1251 840 1314 καί
851 1252 911 1334 χεὶρ
930 1276 965 1314 κυ
985 1255 1033 1315 ι’συ
1053 1246 1179 1354 ἐγενηθη
1197 1248 1242 1316 ἐπ’
1258 1250 1309 1316 ἐμὲ
1321 1253 1354 1316 ἒ·

108 1325 201 1414 ραίγλ,
227 1324 325 1403 οῦτως
335 1325 499 1412 ἐλαλησατε
510 1330 656 1407 λέγοντες,
683 1335 715 1396 αί
747 1335 859 1417 σπίρας
870 1334 941 1416 πρὶν
987 1343 1049 1398 θεῖν
1061 1332 1165 1408 αῦτον,
1189 1334 1240 1400 καί
1253 1315 1356 1418 η’νοιξί

108 1411 221 1476 πλάναι
242 1408 335 1494 ἡμῶν,
359 1414 412 1476 καί
433 1417 467 1476 αί
488 1413 611 1497 ἀνομίαι
631 1411 715 1498 ἡμῶν
746 1441 805 1499 μου
817 1417 856 1480 τὸ
877 1412 992 1519 στόμα,
1020 1413 1062 1491 ὡς
1079 1403 1155 1501 ἦλθε
1172 1414 1248 1502 πρὸς
1264 1416 1351 1499 μὲτό

108 1491 152 1575 ἐφ’
167 1489 238 1576 ἡμῖν
250 1499 320 1572 είσι,
336 1498 386 1559 καί
408 1498 440 1560 ἐν
454 1493 559 1571 αῦταῖς
571 1493 651 1581 ἡμεῖς
662 1523 713 1580 τη·
747 1500 836 1583 πρωί.
862 1500 913 1563 καὶ
923 1498 1062 1583 ἀνοιχθὲν
1073 1497 1111 1563 τὸ
1123 1497 1221 1581 στόμα
1233 1524 1293 1582 μου
1313 1497 1352 1564 οῦ

108 1575 237 1658 κόμεθα,
263 1578 315 1641 καί
326 1579 391 1652 πῶς
404 1575 569 1660 ζησόαεθας
594 1584 620 1623 22
632 1581 715 1645 εἰπὸν
748 1584 909 1664 συνεσχέθη
922 1585 974 1646 ἔτι.
1012 1582 1042 1623 ²³
1054 1582 1106 1647 καί
1119 1578 1247 1687 ἐγενηθη
1258 1580 1353 1660 λόγος

109 1660 221 1734 αὐτοῖς.
247 1661 288 1736 ζεῦ
300 1657 368 1737 ίγά,
383 1656 454 1726 τάδε
466 1639 543 1740 λέγει
555 1658 666 1747 κῦριος,
678 1661 715 1728 οῦ
747 1670 850 1748 κυρίου
862 1664 939 1748 πρὸς
949 1662 1104 1746 μὲ,λὲγων.
1132 1665 1163 1707 ²⁴
1171 1662 1214 1734 υίί
1226 1664 1353 1750 ανθρώ-

107 1738 253 1830 βοῦλομαι
274 1741 327 1807 τὸν
349 1739 486 1809 θάνατοι
506 1743 563 1810 τοῦ
583 1746 715 1851 ἀσεηίοῦς,
746 1772 818 1822 που,
832 1751 864 1812 oz
874 1752 1083 1822 κατοικοῦντες
1092 1744 1146 1821 τάς
1160 1745 1197 1832 ἦρ
1216 1751 1352 1831 μωμένας

108 1822 151 1900 ὡς
179 1823 378 1910 ἀποστρέψαι
402 1825 455 1892 τὸν
477 1827 568 1914 ἀσεβῆ
583 1827 646 1893 ἀπο
664 1831 716 1912 της
747 1831 873 1934 ἐπλπης
895 1833 950 1914 γῆς
975 1834 1033 1895 τοῦ
1056 1826 1180 1915 Ἰσραὴλ
1229 1833 1350 1913 'rmum

109 1904 185 1973 ὁδοῦ
196 1907 301 1983 αὐτοῦ,
313 1913 363 1974 καί
376 1911 426 2001 ζῇν
438 1907 541 1976 αάτόν.
560 1910 715 1996 ἀποστρο-
747 1912 786 1986 είς
798 1913 834 1995 ἦν
842 1911 992 1998 Αβραάμ,
1017 1913 1069 1978 καί
1084 1913 1207 1997 κατέσχε
1216 1910 1274 1996 την
1284 1916 1352 1996 γῆν,

109 1993 153 2082 φῇ
165 1990 382 2095 ἀποστρέψατε
394 1993 458 2058 ἀπὸ
472 1996 524 2068 τ”ς
538 1992 613 2060 ὁδοῦ
626 1992 714 2079 ὑμῶν.
747 1996 797 2059 καί
810 1992 888 2079 ἡμεῖς
899 1995 1021 2070 πλείους
1031 1994 1129 2078 ἐσμὲν,
1149 1989 1220 2100 ἡμῖν
1231 1995 1354 2065 δίδοται

109 2075 161 2138 καί
175 2078 256 2138 ῖνατί
268 2074 471 2160 αποθνησκετε
483 2022 565 2154 αλιος
575 2075 697 2165 Ἰσραήλ
702 2106 715 2156 ,·
748 2076 816 2159 ἢγῇ
830 2084 868 2154 είς
886 2073 1068 2162 κατάσχεσιν.
1093 2079 1123 2121 ²⁵
1135 2078 1186 2143 δια
1201 2082 1293 2144 τοῦτο
1310 2082 1353 2144 εῖ-

110 2158 138 2198 ¹²
160 2153 243 2220 είπὸν
263 2154 341 2240 πρὸς
364 2157 435 2234 τοῦς
459 2157 541 2233 υἱοὺς
561 2163 619 2226 τοῦ
639 2161 715 2225 λαοῦ
747 2159 806 2225 πὸν
819 2159 931 2236 αὐτοῖς.
956 2164 986 2205 ²⁷
998 2160 1068 2226 τάδε
1084 2161 1161 2238 λέγει
1179 2157 1281 2247 κῦριος
1298 2156 1352 2226 κά,

110 2262 174 2305 σου.
200 2239 497 2344 δικαιοσῦνηδικαίου
510 2238 549 2304 οῦ
560 2240 594 2323 μ’
612 2243 715 2317 ἐξελεῖ-
746 2267 817 2326 ριος.
831 2245 872 2318 ζῶ
884 2242 954 2319 ἐγὼ,
967 2247 991 2306 εί
1001 2242 1059 2326 μὴν
1070 2247 1100 2307 οἳ
1112 2245 1143 2306 ίν
1155 2254 1220 2316 ταῖς
1232 2242 1353 2327 ἠρημω-

109 2346 162 2386 ται
184 2319 290 2396 αὐτὸν,
305 2323 336 2385 ἐν
358 2346 378 2382 r
395 2321 433 2385 ἀν
448 2320 544 2425 ίημίρομ
563 2270 706 2430 πλανηθῇ
745 2329 844 2407 με’ναις
854 2329 1011 2408 μαχαίραις
1021 2327 1246 2399 πεσοῦνται,και“
1258 2328 1289 2389 οῖ
1302 2324 1354 2388 ἐπί

109 2404 161 2468 καί
173 2400 282 2485 ἀνομία
293 2400 347 2468 ἀσε
367 2404 515 2488 οῦςουμίη
528 2401 713 2489 κακοῦσηαυ-
745 2403 910 2491 προςώπου
936 2411 993 2472 τοῦ
1016 2407 1122 2472 πεδίου
1147 2417 1214 2481 τοῖς-
1233 2413 1353 2508 θηρίοις

110 2484 182 2562 τὸν,
201 2489 232 2551 ἐν
249 2479 268 2578 ᾗ
288 2483 326 2551 ἀν
340 2489 436 2572 ημίρᾳ
453 2478 713 2581 ἀποστρέψη’ἀπο“
746 2494 801 2555 τοῦ
814 2486 913 2572 ἀγροῦ
931 2486 1118 2572 δοθήσονται
1136 2493 1175 2564 εἰς
1191 2493 1351 2593 καταχλριο·

110 2569 160 2650 τῆς
173 2566 299 2653 ἀνομίας
311 2570 415 2637 αὐτοῦ.
440 2573 490 2635 καί
502 2572 615 2646 δίκαιος
628 2571 713 2656 οῦμὴ
745 2598 797 2655 μα,
821 2572 874 2636 καί
895 2568 966 2647 τοὺς
986 2576 1018 2636 ἐν
1030 2583 1096 2646 ταῖς
1117 2595 1350 2655 τετειχισμεναις,

110 2648 234 2733 δύνηται
252 2655 400 2759 σωθηναι.
426 2655 453 2696 ¹³
467 2657 500 2720 ἒν
519 2659 562 2737 τῷ
578 2659 664 2719 εἰπεῖν
679 2680 714 2738 με
746 2655 798 2719 καί
819 2652 892 2728 τοῦς
913 2658 944 2719 ἐν
961 2665 1026 2728 τοῖς
1047 2653 1204 2736 σπηλαίοις
1221 2651 1350 2735 θανάτῳ

109 2736 155 2815 τῷ
167 2735 283 2818 δικαίῳ,
296 2761 387 2812 ουτος
399 2739 545 2802 πέποιθεν
559 2740 608 2802 ε’πί
621 2739 658 2830 τῇ
670 2740 715 2803 δι·
745 2734 910 2802 ἀποκτενῶ.
935 2736 967 2778 ²⁸
980 2740 1032 2802 καί
1043 2735 1132 2802 δώσω
1145 2736 1200 2820 τὴν
1211 2740 1267 2817 γῆν
1279 2738 1350 2820 ἔρις·

109 2813 253 2909 καιοσῦνη
271 2818 376 2895 αὐτοῦ,
388 2821 439 2884 καί
450 2815 566 2904 ποιησει
579 2817 714 2924 ἀνομίαν,
744 2846 810 2903 μον,
822 2817 1043 2888 καὶάπολεῖται
1055 2817 1075 2901 ἡ
1090 2816 1172 2907 ῦβρις
1184 2823 1238 2903 τῆς
1250 2824 1350 2903 λσχείος

109 2901 204 2965 πᾶσαι
227 2905 260 2965 αῖ
283 2897 469 2968 δικαιοσύναι
491 2901 588 2968 αὐτοῦ
611 2929 647 2968 ου
673 2903 708 2987 μ’
746 2903 848 2986 αὐτῆς,
861 2906 913 2967 καί
925 2899 1148 3007 ἐρημωθήσεται
1170 2901 1208 2966 τὰ
1222 2901 1283 2987 δρη
1293 2903 1352 2968 τοῦ

110 2980 355 3065 ἀναμνησθῶσιν,
376 2987 407 3050 ἰν
419 2986 456 3066 τῦγ
470 2983 572 3068 ἀδικίᾳ
585 2984 712 3070 αῦτοῦη
742 2984 865 3072 Ἰσραὴλ
877 2983 928 3051 διά
939 3011 977 3050 το
992 2983 1033 3070 μὴ
1052 2985 1125 3052 εἶναι
1137 2984 1350 3070 διαπορευόμε-

109 3069 256 3150 ίττοίησεν,
268 3070 298 3134 ἐν
311 3067 389 3152 αῦτῆ
402 3057 611 3135 ἀποθανεῖται.
628 3059 714 3136 “udi
745 3093 808 3134 νον.
833 3071 866 3112 ²⁹
881 3070 932 3133 καί
947 3064 1130 3146 γνώσονται,
1156 3063 1205 3132 ότι
1222 3063 1282 3146 ίγά
1295 3070 1352 3150 εἶμι

109 3151 141 3213 ἐν
162 3153 205 3232 τῷ
228 3156 315 3216 εἰπεῖν
336 3140 376 3235 μεΙ
390 3155 435 3235 τῷ
458 3151 572 3238 ἀσεβεῖ,
584 3151 713 3219 θανάτω
744 3147 852 3238 κύριος.
882 3152 935 3217 καί
955 3150 1074 3236 ποιήσω
1096 3149 1150 3236 τὴν
1166 3154 1224 3234 γῆν
1246 3147 1351 3216 αάτσῦν

108 3233 336 3323 θανατωθήση,
362 3237 414 3300 καί
438 3234 625 3340 ἀποστρέψει
649 3221 712 3302 ἀπὰ
744 3239 861 3320 ἔρημον,
873 3236 925 3300 καί
942 3232 1166 3320 ἐρημωθήσεται
1184 3228 1235 3299 διὰ
1246 3228 1352 3299 πάντα

107 3315 159 3396 τῆς
171 3312 319 3401 ἁμαρτίας
332 3317 443 3396 αὐτοῦ,
457 3322 508 3384 καί
519 3344 636 3403 ποιησει
647 3318 713 3404 κρί-
745 3318 784 3382 τὰ
809 3313 999 3405 βδελάγματα
1023 3316 1126 3383 αῦτοῦν
1149 3310 1173 3380 ἁ
1195 3320 1350 3420 ἐποίησαν.

107 3423 151 3480 μα
169 3405 221 3464 καί
239 3397 443 3484 δικαιοσύνην,
469 3404 496 3446 ¹⁵
508 3405 559 3467 καί
578 3400 713 3485 ίνεχῦρα-
743 3402 775 3444 ³⁰
786 3404 839 3466 καί
852 3404 887 3465 σὺ
902 3399 945 3463 vta?
962 3395 1150 3482 ἀνθρώπου,
1175 3401 1208 3460 οῖ
1221 3401 1282 3460 υῖοι
1294 3401 1350 3462 τοῦ

108 3505 169 3559 σμα
180 3479 310 3555 ἀποδοῖ,
336 3485 388 3545 καί
405 3480 590 3566 ἁρπάγματα
602 3482 712 3546 ἀποτί-
742 3481 821 3547 λαοῦ
835 3507 890 3545 σου
904 3485 936 3543 οἱ
947 3478 1105 3553 λαλοῦντες
1116 3479 1185 3563 περὶ
1193 3481 1251 3542 σοῦ
1262 3475 1350 3560 παρά

108 3585 160 3635 σει,
173 3563 204 3626 ε’ν
222 3559 429 3645 προςτάγμασι
445 3567 521 3646 ζωης
533 3559 711 3667 διαπορεάη·
742 3562 781 3628 τά
794 3569 874 3646 τείχη
894 3563 945 3625 καί
963 3565 994 3625 ἐν
1010 3571 1075 3635 τοῖς
1094 3561 1213 3626 πυλῶσι
1226 3564 1288 3625 ταῖν
1302 3564 1349 3625 ολ·

106 3668 167 3719 ται,
192 3645 248 3709 τοῦ
259 3643 300 3727 μὴ
312 3647 437 3728 ποιησαι
450 3644 562 3721 ἀδικον,
587 3647 648 3736 ζωῇ
660 3648 711 3728 ζη-
742 3648 822 3720 κιιῦν,
835 3646 886 3708 καί
904 3643 1048 3708 λαλοῦσιν
1067 3642 1233 3729 ἄνθρωπος
1251 3647 1297 3726 τῷ
1311 3640 1348 3708 ἀ-

107 3751 199 3803 σεται,
212 3729 263 3791 καί
276 3725 312 3792 οῦ
324 3726 365 3811 μίη
378 3724 539 3811 ἀποθάνη.
574 3727 710 3792 26πῦσαι
743 3728 841 3808 δελψῷ
854 3723 962 3802 αὐτοῦ,
985 3725 1124 3802 λέγοντες.
1151 3725 1349 3810 συνελθωμεν,

107 3814 141 3875 αῖ
152 3807 296 3896 ἁμαρτίαι
309 3809 416 3887 αὐτοῦ,
428 3807 465 3884 ἁς
478 3801 658 3894 ἥμαρτεν,οῦ
669 3809 709 3894 μη
741 3809 794 3875 καί
805 3805 981 3891 ἀκούσωμεν
999 3806 1040 3874 τὰ
1056 3805 1274 3894 ἐκπορευόμενα
1286 3835 1355 3875 πα·

107 3893 352 3979 ἀναμνησθῶσιν,
371 3890 418 3959 ότι
431 3891 521 3996 κρίμα
533 3894 584 3957 καί
596 3893 710 3959 δικαιο-
742 3893 783 3980 ρά
804 3897 919 3976 κυρίου.
943 3891 971 3934 ³¹
984 3895 1119 3996 ἔρχονται
1143 3889 1221 3977 πρὸς
1243 3889 1285 3967 σί,
1310 3891 1351 3968 ὡς

107 3970 198 4060 σῦνην
223 3982 369 4062 ἐποίησεν,
395 3979 427 4042 δν
452 3988 558 4051 αυταῖς
582 3971 709 4060 ζησεται.
743 3970 1348 4061 συμπορεῦεταιλαος,καίκάθηνταιίναν-

106 4060 134 4101 ¹⁷
147 4062 199 4123 καί
217 4064 336 4147 ἐροῦσιν
355 4065 386 4126 οἶ
400 4061 460 4125 υἱοί
479 4065 536 4125 τοῦ
555 4060 634 4127 λαοῦ
646 4087 710 4137 σου,
742 4065 806 4125 τίον
831 4085 896 4132 σου,
923 4059 974 4123 καί
999 4053 1142 4124 ἀκοόουσι
1165 4057 1205 4123 τὰ
1229 4054 1349 4143 ῥήματά

107 4135 165 4204 οῦκ
187 4139 292 4209 εάθεῖα
310 4141 413 4230 ἡὰδὸς
433 4148 492 4209 τοῦ
517 4149 632 4228 κυρίου.
659 4148 710 4208 καί
743 4166 810 4217 σου,
823 4143 876 4207 καί
888 4137 969 4205 αάτὰ
983 4138 1074 4227 οῦμίη
1086 4136 1274 4226 ποιήσουσιν,
1301 4138 1350 4206 ὅτι

107 4219 299 4307 αῦτηὴὁδὸς
311 4227 414 4294 αὐτῶν
428 4227 483 4292 οῦκ
495 4225 607 4291 εὐθεῖα.
638 4226 711 4290 22ἰν
743 4227 851 4308 ψεῦδος
864 4229 895 4290 ἐν
908 4228 953 4307 τῷ
966 4221 1094 4307 στόματι
1105 4223 1221 4301 αὐτῶν,
1247 4220 1348 4288 καίά-

106 4311 151 4388 τῷ
170 4306 362 4391 ἀποστρέψαι
380 4312 495 4376 δίκαιον
512 4307 576 4374 ἀπὸ
595 4312 647 4393 τῆς
665 4305 710 4373 δι·
741 4313 820 4373 πίσω
829 4311 890 4373 τάν
900 4302 1076 4411 μιασμάτων
1088 4303 1226 4391 ᾗκαρδία
1238 4303 1344 4370 αῦτοῦν.

106 4385 266 4474 καιοσῦνης
275 4389 383 4466 αὐτοῦ,
391 4393 443 4456 καί
450 4387 566 4476 ποιησει
575 4389 709 4473 ἀνομίας,
741 4391 772 4433 ³²
789 4391 843 4455 καί
859 4395 926 4482 γίνη
944 4402 1051 4466 αυτοῖς
1065 4384 1107 4465 ἀς
1125 4385 1212 4471 φωνὴ
1228 4386 1350 4491 ψαλτη-

105 4473 156 4536 ιαί
168 4470 369 4546 ἀποθανεῖται
387 4477 420 4539 ίν
432 4474 549 4550 αὐταῖς.
555 4475 667 4545 ,ἀλκαὶ
677 4475 709 4540 ἐν
740 4471 1001 4628 ρίοεηαίγδνφάνου,
1034 4469 1238 4560 εῦαρμόστου,
1248 4470 1301 4536 καί
1314 4498 1351 4572 οη·

840 4582 920 4627 mm
1278 4579 1350 4621 κον·
