2924 4972
333 253 354 310 1
363 252 393 310 Ε
407 251 475 311 PE
485 253 528 312 M
542 248 599 311 lA
612 253 644 309 Σ
685 248 757 325 Κεφ.
771 238 831 323 κγ’.
846 239 903 309 κδ’.
916 246 967 311 93.
981 240 1033 310 24.
1237 243 1302 315 837

1078 337 1302 353 μ*

62 367 159 433 αὐτοῦ
163 398 175 446 ,·
201 374 246 443 τίς
260 366 438 468 ηνωτίσατο,
457 365 509 428 καί
522 363 664 447 ἤκουσεν,Ι
698 364 749 426 καί
766 366 797 425 ἐν
813 372 878 433 τοῖς
895 360 1022 433 πλάνοις
1038 358 1152 437 αὐτῶν,
1177 366 1228 427 καί
1247 363 1306 440 ἐγῶ

63 455 90 494 ¹⁹
104 448 167 516 ἰδού
182 476 296 532 σειομος
307 445 393 531 παρά
406 452 518 532 κυρίου,
528 448 580 512 καί
591 442 666 531 όργη
698 443 751 509 οάκ
764 441 921 508 ἀπέστειλα
936 439 1057 517 αὐτούς,
1070 445 1121 507 καί
1135 444 1192 507 οὐκ
1204 447 1306 512 ἐνετει-

62 531 251 620 ἐκπορεύεται
260 538 299 607 είς
311 530 493 612 συσσειομδν,
503 554 666 612 συστρεφο-
697 524 794 612 λάμην
807 524 984 602 αὐτοῖςκαὶ
997 523 1140 607 ῶφελειαν
1152 527 1208 591 οὐκ
1226 527 1305 610 ῶφε-

60 624 132 701 μένη
144 619 193 683 ἐπί
206 615 278 690 τούς
289 613 399 700 ἀσεβεῖς
412 613 480 698 ἥξει,
506 615 538 656 ²⁰
549 616 600 677 καὶ
612 611 666 677 οάκ
698 611 822 694 λήσουσι
834 608 888 675 τόν
906 608 981 674 λαόν
1001 612 1118 674 τοῦτον.
1145 609 1175 651 33
1187 614 1239 676 καί
1252 610 1304 679 ἐάν

62 705 105 767 ἐτι
119 701 304 782 ἀποστρέφει
322 694 339 762 ό
357 698 455 780 θυμὸς
469 703 584 780 κυρίου,
611 701 666 771 ἕως
699 691 888 782 ἐρωτήσωσιν
901 690 919 757 ὁ
932 692 1006 768 λαὸς
1024 683 1123 767 οὗτος,
1137 689 1155 775 ἢ
1170 693 1304 779 ίερεύς,ἢ

61 780 173 867 ποιὴση
186 779 273 858 αὐτὸ,
287 783 339 846 καί
351 786 406 855 ἕως
419 780 457 845 άν
470 777 565 885 οτηοη
579 777 666 854 αύτό,
698 775 880 865 προφιίτης,ι
895 782 925 841 τί
937 776 972 843 τὸ
991 777 1091 860 λῆμμα
1103 781 1225 861 κυρίους
1253 782 1305 843 καί

61 865 125 931 ἀπὸ
139 856 344 951 ἐγχειρήματος
355 866 478 951 καρδίας
490 867 594 928 αυτοῦ.
619 861 663 928 ἐπ’
698 865 770 948 ἐρεῖς
795 861 907 936 αὐτοῖς.
938 858 1015 941 ὑμεῖς
1040 863 1106 925 ἐστε
1129 857 1166 924 τό
1192 858 1304 945 λημμα,

62 944 188 1033 ἐσχάτου
200 954 261 1014 τῶν
279 945 288 968 ‘
293 952 388 1033 μερῶν
406 942 562 1031 νούσουσιν
575 941 665 1011 αὐτό.
697 950 749 1011 καὶ
760 945 842 1030 ῥάξω
853 942 938 1027 ὑμᾶς,
947 943 1023 1024 λέγει
1034 941 1144 1028 κύριος.
1158 940 1213 1008 ³⁴5
1226 971 1304 1031 προ-

62 1036 88 1074 ²¹
101 1032 155 1097 ούκ
168 977 352 1098 ἀπέστελλον
364 1029 434 1106 τούς
442 1026 667 1115 προφητας,καλ
699 1027 804 1114 φητης,
817 1031 867 1093 καί
881 1031 913 1092 οί
925 1032 1017 1113 ἱερεῖς,
1031 1029 1083 1091 καί
1096 1025 1114 1092 ό
1127 1025 1210 1102 λαός,
1224 1035 1255 1092 οἳ
1265 1026 1304 1094 ἀν

61 1115 151 1180 αὐτοί
176 1120 302 1220 ἔτρεφον.
337 1112 408 1179 ούδὲ
433 1113 566 1197 ἐλάλησα
590 1113 667 1200 πρὸς
698 1115 814 1187 εἴπωσι,
835 1113 934 1198 λῆμμα
950 1118 1063 1197 κυρίου,
1088 1112 1141 1176 καί
1158 1107 1304 1178 ἐκδικ’σω

62 1197 182 1274 αὐτούς,
195 1225 247 1262 και
259 1197 346 1263 οὗτοί
359 1193 568 1283 ἐπροφήτευον.
581 1199 668 1262 22καί
697 1196 753 1262 τόν
771 1195 937 1277 ἀνθρωπον
953 1198 1071 1269 ἐκεῖνον,
1090 1196 1142 1259 καὶ
1153 1192 1207 1259 τὸν
1218 1139 1304 1261 οίκον

62 1286 86 1346 εί
98 1283 224 1364 ἔστησαν
242 1283 273 1346 ἐν
291 1286 330 1365 τῆ
347 1278 509 1346 ὑποστάσει
521 1307 589 1364 μου,
615 1282 667 1346 καί
697 1278 802 1345 αὐτοῦ.
828 1281 858 1323 ³⁵
873 1276 969 1354 ούτως
985 1283 1075 1364 ἐρεῖτε
1088 1283 1214 1354 ἕκαστος
1226 1278 1304 1364 πρὸς

61 1369 86 1429 εἶ
107 1362 240 1446 ἥκουσαν
259 1355 320 1431 τῶύ
337 1361 436 1441 λόγων
452 1390 526 1448 μου,
551 1363 668 1429 καὶτὸν
697 1359 750 1428 τὸν
761 1362 890 1448 πλησίον
902 1362 1012 1437 αὐτοῦ,
1025 1364 1077 1428 καί
1089 1367 1215 1438 ἕκαστος
1226 1361 1304 1447 πρὸς

61 1447 137 1513 λαόν
148 1473 206 1532 μου
220 1447 258 1513 ἀν
277 1446 466 1534 ἀπέστρεφον
478 1445 590 1524 αύτούς
603 1446 666 1513 ἀπὸ
697 1444 895 1528 τδνάδελφόν
908 1445 1013 1514 αὐτοῦ.
1044 1452 1076 1512 τί
1087 1443 1236 1530 ἀπεκρίθη
1250 1446 1303 1510 κό-

60 1535 122 1596 τῶν
137 1535 278 1617 πονηρῶν
302 1529 539 1616 ἐπιτηδευμάτων
557 1531 664 1596 αὐτῶν.
717 1555 771 1605 ιος,
788 1533 840 1595 καὶ
862 1535 893 1595 τί
915 1529 1041 1615 ἐλάλησε
1063 1526 1183 1616 κύριυςς
1208 1531 1239 1573 ³⁶
1253 1532 1306 1595 καί

62 1616 90 1656 ²³
103 1611 174 1687 θεὸς
187 1617 307 1693 ἐγγίζων
317 1613 377 1693 ἐγιύ
389 1620 455 1698 εἶμι,
471 1615 546 1693 λέγει
556 1616 666 1701 κύριος,
697 1557 800 1698 λῆμμα
812 1620 916 1699 κυρίου
925 1613 965 1697 μὴ
979 1610 1133 1696 ὀνομάζετε
1143 1616 1196 1689 ἔτι,
1207 1609 1254 1678 ότι
1268 1612 1304 1678 τό

60 1699 112 1763 καί
126 1696 274 1781 οὐχίθεὸς
287 1696 455 1786 πόρρωθεν.
480 1697 665 1802 23εἶκρυβη-
697 1697 797 1803 λημμα
822 1704 866 1780 τῷ
887 1693 1045 1782 ἀνθρώπῳ
1068 1694 1188 1763 ε”σταιό
1212 1694 1304 1775 λόγος

62 1786 146 1846 οεταί
162 1806 206 1856 τις
218 1785 250 1846 ἐν
268 1789 441 1868 κρυφαίοις,
466 1783 520 1848 καί
535 1785 594 1860 ίγῶ
612 1808 667 1847 ουν
698 1785 800 1846 αυτοῦ.
826 1782 855 1825 33
868 1786 920 1847 καί
933 1781 982 1847 διά
996 1787 1026 1845 τί
1035 1781 1159 1864 ε’λάλησε
1172 1777 1302 1868 κύριοςὸ

63 1864 181 1949 ὄψομαι
194 1861 304 1944 αὖτόνς
328 1864 369 1951 μη
389 1867 456 1951 οὐχί
474 1863 525 1932 τόν
537 1863 667 1949 οὐρανόν
696 1863 768 1940 θεὸς
785 1863 869 1948 ἡμῶν
873 1894 886 1944 ,·
911 1867 942 1908 ³³
961 1861 1011 1930 διά
1030 1870 1121 1930 τοῦτο
1141 1862 1209 1930 τάδε
1226 1865 1303 1943 λέγει

61 1946 176 2033 κοίτην
188 1953 242 2033 γῆν
254 1948 440 2035 ἐγῶπληρῶ,
459 1950 535 2029 λέγει
548 1946 648 2037 κύριος
653 1978 665 2028 ,·
697 1945 798 2034 κύριος
814 1946 832 2012 ὁ
850 1945 921 2024 θεὸς
940 1947 1029 2034 ἡμῶν.
1057 1947 1124 2015 ἀνθ’
1140 1940 1184 2014 ῶν
1201 1951 1303 2014 εἴπατε

61 2035 90 2076 ²⁵
104 2031 219 2115 ἤκουσα
232 2029 254 2097 ἀ
266 2033 409 2099 λαλοῦσιν
421 2037 452 2098 οἱ
464 2039 630 2119 προφῆται,
645 2029 668 2097 ά
696 2031 748 2097 τὸν
760 2029 853 2110 λόγον
865 2037 986 2110 τοῦτον,
999 2034 1099 2118 λῆμμα
1111 2038 1225 2118 κυρίου,
1252 2034 1305 2098 καί

60 2112 292 2200 προφητεύουσιν
314 2119 365 2181 ἐπὶ
388 2122 432 2200 τῶ
458 2114 583 2220 ὀνόματί
597 2143 666 2201 μου,
696 2115 857 2183 ἀπέστειλα
869 2116 944 2203 πρὸς
958 2114 1214 2201 ύμᾶς,λέγων,ούκ
1228 2120 1303 2199 ἐρεῖ-

60 2200 152 2282 φευδη
176 2200 312 2275 λέγοντες
351 2197 574 2283 ἧνυπνιαοαμην
599 2198 666 2265 ἐνύ-
698 2224 728 2264 τε
745 2200 845 2282 λῆμμα
864 2207 974 2285 κυρίου.
1004 2202 1034 2242 ³⁹
1053 2199 1102 2264 διὰ
1121 2205 1214 2265 τοῦτο
1234 2199 1303 2265 ίδού

60 2306 153 2346 πνιον.
183 2283 213 2324 ²⁰
226 2287 280 2354 ἕως
301 2274 375 2344 πότε
397 2285 482 2346 ἔσται
503 2288 534 2347 ἐν
557 2283 665 2365 καρδίᾳ
697 2279 756 2359 ἐγῶ
772 2281 923 2366 λαμβάνω,
948 2285 999 2346 καί
1016 2278 1121 2365 ῥάσοω
1144 2279 1226 2363 ὑμῶς,
1252 2284 1304 2346 καί

60 2367 122 2428 τῶν
143 2368 310 2447 προφητῶν
331 2367 392 2426 τῶν
412 2365 665 2449 προφητευόντων
697 2363 751 2448 τὴν
763 2361 852 2428 πόλιν
864 2361 899 2448 ἣν
912 2366 1009 2430 ἔδωκα
1022 2361 1090 2445 ὑμῖν
1102 2365 1153 2428 καί
1166 2375 1229 2440 τοῖς
1240 2391 1303 2430 πα-

60 2446 164 2529 ιμευδῆ,
178 2448 209 2508 ἐν
225 2449 271 2528 τῷ
291 2443 486 2531 προφητεύειν
504 2446 614 2523 αὐτούς
625 2446 665 2513 τά
696 2444 800 2532 τράσιν
819 2445 909 2530 ὑμῶν.
936 2449 969 2490 ⁴⁰
989 2450 1040 2513 καί
1056 2443 1142 2513 δεύσω
1160 2447 1204 2529 ἐφ’
1228 2446 1302 2532 ύμάς

59 2527 217 2613 θελήματα
230 2533 283 2611 τῆς
295 2529 419 2615 καρδίας
430 2529 542 2609 αὐτῶν,
567 2533 596 2575 ²⁷
604 2535 664 2597 τῶν
697 2528 857 2614 ὀνειδισμὸν
874 2527 1003 2605 αἰώνιον,
1020 2534 1071 2596 καὶ
1089 2529 1208 2614 ἀτιμίαν
1226 2529 1301 2596 αιόύ-

59 2613 256 2696 λογιζομένων
265 2618 319 2677 τοῦ
329 2613 534 2680 ἐπιλαθέσθαι
547 2619 603 2679 τού
614 2611 666 2680 νό-
696 2639 775 2692 νιον,
801 2612 864 2697 ἥτις
882 2611 937 2679 οάκ
956 2612 1200 2699 ἐπιλησθησεται.
1228 2613 1302 2680 7διά

57 2722 118 2780 μου
136 2721 195 2777 μου
214 2701 244 2762 ἐν
261 2707 325 2771 τοῦς
340 2701 482 2774 ἐνυπνίοις
500 2695 617 2775 αὐτῶν,
643 2693 665 2763 ἀ
695 2702 788 2763 τοῦτο
802 2698 867 2763 ι’δού
882 2695 986 2784 ἡμέραι
999 2701 1148 2783 ἔρχονται,
1161 2699 1236 2777 λέγει
1249 2694 1302 2764 κύ-

60 2781 213 2863 διηγούντο
227 2785 352 2856 ἕκαστος
363 2784 408 2865 τῴ
420 2781 546 2866 πλησίον
558 2780 664 2857 αὐτοῦ,
696 2808 767 2863 ριος,
786 2783 837 2847 καί
855 2781 911 2848 οὐκ
927 2787 1044 2869 ἐροῦσιν
1062 2786 1116 2857 ἔτι,
1134 2786 1169 2864 ζῆ
1188 2778 1301 2868 κύριος,

60 2858 199 2947 καθάπερ
218 2861 404 2929 ἐπελάθοντο
423 2870 451 2930 οἶ
468 2869 593 2952 πατέρες
608 2863 665 2931 αὖ·
698 2863 733 2941 ἀς
746 2864 873 2951 ἀνήγαγε
891 2863 947 2933 τὸν
966 2864 1047 2932 οίκον
1061 2855 1187 2953 Ἰσραίηλ
1203 2871 1236 2932 ἐκ
1247 2872 1303 2951 γης

60 2951 120 3010 τῶν
137 2952 193 3011 τοῦ
211 2943 361 3032 ὀνόματός
365 2974 436 3056 μου
448 2953 481 3015 ἐν
499 2954 537 3034 τῆ
553 2947 664 3029 Βάαλς
695 2945 869 3028 Αἰγύπτου,
895 2951 911 2994 ⁸
924 2948 1004 3016 ἀλλά
1017 2953 1050 3044 ζῇ
1062 2946 1172 3036 κύριος,
1185 2946 1219 3025 ὃς
1232 2975 1302 3016 συν·

59 3032 89 3073 ²⁸
104 3027 289 3115 ὁπροφητης
307 3034 337 3098 ἐν
354 3060 379 3116 ῳ
397 3037 433 3096 τὸ
448 3024 581 3100 ἐνόπλιόν
592 3037 663 3110 ἐστι,
695 3032 799 3120 ηγαγεν
819 3038 882 3100 πῶν
905 3032 941 3099 τὸ
963 3038 1080 3119 σπέρμα
1094 3032 1215 3121 Ἰσραηλ
1237 3029 1302 3099 ἀπὸ

59 3110 253 3199 διηγησάσθω
276 3113 311 3179 τό
329 3112 464 3182 ἐνύπνιον
476 3115 585 3193 αὐτοῦ,
612 3118 663 3183 καί
693 3123 747 3202 γῆς
759 3120 882 3226 Βορρἆ,
901 3121 952 3184 καί
964 3115 1027 3185 ἀπὸ
1046 3122 1154 3184 πασῶν
1168 3121 1228 3183 τῶν
1239 3143 1297 3222 ηω-

59 3200 90 3263 ἐν
103 3192 128 3280 ᾧ
142 3196 160 3262 ὁ
173 3193 263 3276 λόγος
278 3225 335 3282 μου
352 3196 428 3288 πρός
445 3198 549 3277 αὐτόν,
561 3203 663 3287 διηγη-
694 3207 766 3290 ρῶν,
780 3195 817 3269 ού
831 3203 940 3280 ε’ξωσεν
953 3200 1065 3279 αύτούς
1075 3207 1143 3277 ἐκεῖ,
1166 3206 1217 3268 καὶ
1230 3227 1302 3266 απε·

59 3279 168 3346 σάσθω
186 3281 345 3362 τὸνλόγον
366 3310 426 3368 μου
445 3282 489 3349 ἐπ’
511 3283 661 3370 ἀληθείας.
694 3289 872 3372 κατέστησεν
884 3285 996 3362 αύτούς
1010 3292 1049 3363 είς
1059 3284 1112 3370 τὴν
1124 3291 1180 3368 γῆν
1189 3283 1300 3351 αύτῶν.

58 3371 89 3428 τί
100 3362 137 3429 τὸ
157 3363 265 3449 άχυρον
282 3365 359 3452 πρὸς
374 3367 430 3433 τόν
443 3380 542 3448 σῖτονς
568 3367 662 3434 ²⁰03-
720 3377 746 3407 ⁹'
873 3375 999 3434 ΚΕΦ.
1042 3365 1124 3432 KA'.

59 3475 117 3523 τως
142 3452 171 3512 οἱ
195 3448 280 3526 λόγοι
304 3475 361 3530 μου
386 3451 459 3527 λέγει
485 3449 595 3536 κύριος.
607 3451 662 3515 οέικ
700 3423 820 3529 Εδειξέ
829 3478 879 3535 μοι
893 3451 995 3536 κύριος
1011 3446 1066 3515 δύο
1079 3444 1233 3525 καλάθους
1246 3448 1301 3514 σύ·

60 3529 126 3595 ίδού
141 3540 172 3593 οί
184 3526 267 3606 λύγοι
279 3557 337 3614 μου
369 3527 464 3616 ῶςπερ
485 3538 546 3618 πῦρ
552 3582 562 3608 ,
588 3533 663 3611 λέγει
695 3557 771 3607 κων,
792 3538 934 3616 κειμένους
950 3530 1028 3597 κατά
1045 3530 1207 3618 πρόςωπον
1225 3537 1300 3597 ναοῦ

58 3608 168 3696 κύριος,
181 3615 232 3676 καὶ
245 3610 285 3689 ὡς
297 3614 389 3691 πέλυξ
400 3609 521 3680 κόπτων
533 3619 646 3701 πέτραν
649 3644 662 3694 ,·
694 3621 808 3700 κυρίου,
820 3616 893 3700 μετά
911 3615 947 3681 τὸ
965 3614 1119 3681 ἀποικίσαι
1134 3618 1301 3722 Ναβουχο-

58 3698 89 3741 ³⁰
104 3696 167 3762 ίδού
181 3695 239 3774 ἐγῶ
253 3696 301 3763 διά
313 3702 404 3763 τοῦτο
417 3696 494 3782 πρὸς
505 3698 575 3774 τοὺς
586 3725 610 3763 π
629 3724 663 3763 ο-
695 3694 826 3787 δονόσορ
845 3700 970 3805 βασιλέα
982 3700 1168 3787 Βαβυλῶνος
1180 3699 1234 3765 τόν
1252 3706 1300 3765 Ιε-

59 3777 166 3865 φητας,
179 3780 254 3859 λέγει
266 3777 367 3866 κύριος
384 3778 497 3857 όθεὸς,
510 3781 583 3856 τούς
596 3724 663 3847 κλά-
693 3787 797 3868 χονίαν
814 3789 877 3849 υἱον
891 3782 1027 3868 Ἰωακείμ
1047 3782 1175 3870 βασιλέα
1190 3778 1300 3863 Ἰούδα,

59 3889 189 3941 πτοντας
213 3862 283 3940 τούς
314 3865 423 3944 λόγους
452 3892 511 3948 μου
537 3869 663 3932 ἕκαστον
695 3866 828 3943 καὶτοὺς
840 3867 997 3954 ἄρχοντας,
1011 3869 1062 3933 καί
1074 3867 1146 3942 τούς
1158 3892 1189 3932 τε
1207 3873 1299 3944 νίτας,

57 3947 143 4053 παρὰ
156 3953 211 4014 τοῦ
224 3949 353 4033 πλησίον
365 3947 469 4015 αὐτοῦ.
496 3947 590 4016 31ἰδού
604 3948 663 4030 ἐγῶ
694 3949 828 4028 καὶτοὺς
841 3946 1000 4036 δεομῶτας,
1024 3952 1076 4017 καί
1089 3950 1161 4026 τοὺς
1172 3894 1301 4018 πλουσί-

58 4059 135 4118 προς
152 4032 224 4110 τοὺς
239 4029 400 4119 προφήτας
418 4031 489 4108 τοὺς
506 4031 663 4141 ἐκβάλλον·
695 4061 745 4111 ους
767 4037 798 4112 ἐξ
815 4033 1025 4122 Ἰερουσαλὴμ,
1046 4037 1098 4101 καί
1114 4033 1222 4119 ἤγαγεν
1241 4035 1301 4101 αό-

58 4143 112 4191 τας
127 4124 308 4203 προφητείας
323 4113 472 4201 γλώσσης,
491 4144 542 4182 και
560 4116 663 4186 νυστά-
694 4119 766 4194 τούς
787 4123 826 4197 είς
848 4119 1030 4205 Βαβυλῶνα.
1055 4116 1102 4184 2ἐν
1120 4114 1260 4195 κάλαθος
1282 4118 1301 4184 ὁ

58 4200 342 4284 ζονταςνυσταγμόν
355 4199 463 4268 αὐτῶν.
488 4202 518 4244 ³²
527 4199 577 4267 διά
589 4208 663 4267 τοῦ·
693 4203 733 4278 είς
755 4199 853 4270 σύκων
873 4208 1011 4306 χρηστῶν
1033 4201 1172 4291 σφόδρα,
1198 4200 1239 4278 ῶς
1259 4202 1301 4269 τά

58 4308 96 4349 το
110 4283 174 4349 ἰδού
189 4282 248 4361 ἐγῶ
258 4283 335 4370 πρὸς
345 4285 417 4361 τούς
426 4281 584 4371 προφήτας
592 4285 663 4362 τούς
695 4285 773 4353 οόκα
793 4288 833 4355 τά
853 4296 984 4373 πρωΐμα.
1012 4291 1063 4354 καί
1086 4283 1259 4362 ὅκάλαθος
1280 4279 1298 4351 ό

57 4363 303 4450 προφητεύοντας
329 4364 449 4434 ἐνύπνια
473 4370 586 4453 ψευδῆ,
612 4371 664 4435 καί
694 4375 792 4456 ἕτερος
806 4368 903 4438 σύκων
914 4376 1051 4458 πονηρῶν
1070 4368 1199 4455 σφόδρα,
1227 4367 1300 4436 ἀοέι

56 4449 94 4514 οὐ
120 4450 274 4533 διηγοῦντο
301 4447 392 4526 αὐτὰ,
419 4452 472 4516 καί
494 4450 663 4536 ἐπλάνησαν
713 4450 883 4541 ρωθύσεται
913 4454 977 4522 ἀπὸ
1011 4459 1157 4555 πονηρίας
1187 4451 1297 4520 αὐτῶν.
1383 4484 1386 4491 ·

57 4532 111 4599 τόν
123 4531 197 4597 λαόν
208 4559 265 4615 μου
277 4537 386 4610 ἐντοῖς
400 4530 538 4619 ψεύδεσιν
552 4533 662 4615 αὐτῶν,
678 4590 681 4600 .
722 4540 774 4604 καί
786 4537 848 4604 ιίπε
860 4538 961 4626 κόριος
973 4533 1050 4622 πρὸς
1059 4560 1109 4615 με.
1132 4539 1164 4600 τί
1174 4529 1300 4683 ούεβρᾷς

1238 4643 1300 4695 εον.
