2924 4972
278 211 568 275 σΑΣιΑσισιυ
607 212 766 276 rma
802 213 948 293 mnae
962 210 1017 299 ιβ.
1031 215 1147 280 σοιν.
1272 219 1335 285 371

92 336 183 422 ήμῶν.
220 337 310 401 32καί
333 334 545 424 περιεζώσαντο
570 334 696 413 σάκκους
736 332 788 403 τόν
799 337 952 421 τελαμῶνα
965 336 1096 406 ἀπὸτῶν
1109 341 1339 426 ὀηθαλμοὶναύ-

89 423 140 486 ε’πέ
164 414 219 495 τάς
242 416 355 502 ὀσφύας
380 419 490 495 αὐτῶν,
512 421 564 485 καί
588 422 696 485 ἔθεσαν
733 422 798 485 τοῦ.
812 422 863 485 καί
873 425 987 501 ἐπέγνω
999 420 1270 511 αιἰτὸνδβασιίεύς
1278 424 1337 493 Ἰσ-

127 509 203 569 οινία
224 505 274 568 ἐπί
291 503 346 578 τάς
359 503 489 583 κεφαλάς
510 501 619 578 αὐτῶν,
645 503 696 567 καὶ
733 499 1339 593 ραήλ,ότιέκτοῖνπρσσητο3νούτος.*ἐκαλ

90 529 174 654 ἐάιον
186 590 229 669 τῷ
240 586 356 672 βασιλεῖ
363 582 496 671 Ἰσραήλ.
520 583 629 661 δοῦλός
642 610 695 651 σου
733 584 810 650 εἶπεν
816 586 894 670 πρὸς
902 585 1003 654 αὐτόν.
1008 587 1081 656 τάδε
1089 591 1165 669 λέγει
1174 588 1283 676 κύριος.
1292 593 1338 657 δι-

92 670 153 746 υίδς
173 668 257 753 Ἄδερ
275 670 359 748 λέγει.
384 667 500 753 ζησάτω
521 666 557 754 δή
578 668 596 754 ή
642 663 694 753 υχή
733 664 1337 776 ότιέξήνεγωσύάκδραόλέθριονέκτής

90 750 183 838 ήμῶν.
208 755 260 817 καί
281 752 367 819 εἶπεν.
392 759 417 818 εί
435 758 479 818 ἔτι
495 755 545 843 ζῇ,
566 749 606 818 ἀδ
638 747 695 833 φάς
733 744 1061 836 ηειράςσσυ,καίέσται
1075 755 1186 861 ήψυηη
1201 783 1256 823 σου
1267 756 1338 823 ἀντί

89 863 146 921 μου
159 839 231 902 ἐστί.
255 837 343 902 ”nal
354 842 385 902 οῖ
397 835 498 922 ἀνδρες
510 841 694 910 οίωνίσαντο,
733 839 787 917 τής
799 839 895 919 ψυχῆς
908 835 1020 915 αὐτοῦ,
1032 838 1109 906 καλὸ
1122 842 1196 917 λασς
1206 867 1259 907 σου
1268 838 1338 906 άντλ

89 923 140 985 καί
161 923 345 986 ἐσπείσαντο.
370 922 421 986 καί
441 920 614 997 ἀνελεξαντο
639 916 694 983 τὸν
734 921 790 981 τοῦ
800 917 879 982 λαοῦ
888 916 992 984 αὐτοῦ.
1005 920 1239 1008 43καέἀπῆλθεν
1251 920 1336 1010 ὄβα·

88 1000 180 1081 λόγον
192 1006 225 1066 ἐκ
242 1007 297 1068 τού
311 999 459 1087 στόματος
471 1001 578 1079 αὐτοῦ,
590 1006 642 1067 καὶ
654 998 697 1065 εί·
734 998 831 1075 σιλεύς
839 996 960 1085 Ἰσραήλ
976 1008 1181 1088 συγκεχυμένος
1193 1009 1244 1073 καί
1255 1005 1336 1073 ἐκλι-

88 1110 158 1152 πον.
184 1082 310 1166 ἀδελφός
323 1111 379 1151 σου
393 1084 458 1160 υίὸς
469 1085 564 1188 Ἄδερ.
590 1087 642 1150 καί
654 1083 694 1150 εἶ·
733 1081 864 1164 λυμένος,
884 1085 936 1148 καί
949 1086 1063 1167 ἐρχεται
1075 1091 1113 1161 είς
1123 1084 1301 1174 Σαμάρειαν.

89 1193 153 1234 πευ.
178 1169 328 1243 είςελθατε
339 1171 392 1234 καὶ
403 1165 505 1272 λάβετε
518 1163 620 1232 αυτόν.
645 1165 696 1230 καί
909 1171 984 1230 ΚΕ
999 1172 1038 1231 Φ.
1080 1164 1167 1234 KB‘.

91 1252 198 1333 ἐξῆλθε
210 1249 287 1335 πρὸς
301 1249 393 1316 αὐτὸν
405 1255 471 1326 υίος
487 1249 583 1333 Ἄδερ,
595 1252 645 1313 καὶ
658 1247 697 1312 ἀ-
734 1213 817 1312 Καὶ
829 1243 951 1315 ἐκάθισε
962 1247 1002 1314 τά
1015 1255 1086 1335 τρία
1098 1252 1159 1335 ἐτη,
1171 1251 1223 1315 καί
1235 1248 1290 1317 ούκ
1302 1240 1339 1336 ήκ

92 1329 398 1418 ναβιβάζουσιναάτδν
409 1331 485 1419 πρὸς
495 1331 588 1398 αὐτὸν
600 1332 650 1397 ἐπὶ
660 1329 696 1396 τὸ
733 1326 861 1412 πόλεμος
877 1328 1025 1415 ἀναμε’σον
1036 1339 1149 1417 Συρίας
1166 1336 1218 1397 καί
1230 1331 1338 1417 ἀναμέ-

93 1412 185 1520 ἀρμα.
210 1415 242 1456 ³⁴
254 1416 307 1478 καί
331 1414 391 1480 εἷπε
414 1416 492 1501 πρὸς
516 1409 627 1481 αὐτόκ·
642 1411 697 1488 τάς
734 1439 789 1479 σον
798 1411 928 1500 Ἰσραήλ.
953 1417 1033 1481 2κοιλ
1044 1411 1168 1499 ἐγενήθη
1181 1418 1212 1479 ἐν
1224 1420 1268 1500 τῷ
1282 1419 1337 1481 ἐνι-

91 1498 194 1573 πολεις
207 1493 243 1572 ἀς
261 1496 367 1584 ἐλαβεν
384 1495 401 1563 ό
419 1495 519 1584 πατήρ
535 1525 595 1583 μου
612 1495 697 1584 παρά
734 1494 820 1580 αύτιβ
831 1503 874 1581 τῷ
887 1505 989 1583 τρίτῳ,
1001 1499 1053 1564 καλ
1063 1497 1173 1585 κατέβη
1183 1497 1339 1581 Ἰωσαφάτ

92 1583 150 1647 τοῦ
168 1580 285 1666 πατρός
308 1606 362 1646 σου
385 1579 537 1648 ἀποδώσω
560 1608 618 1647 σοι.
645 1582 696 1645 καλ
752 1579 866 1656 ασιλεύς
875 1578 976 1647 Ἰούδα
987 1581 1064 1665 πρὸς
1074 1577 1337 1668 βασιλέαἸσραήλ.

92 1661 215 1742 ἐξόδους
231 1660 332 1748 θήσεις
350 1669 467 1750 σεαυτῷ
486 1668 518 1729 ἐν
530 1667 695 1748 Δαμασκῷ,
759 1665 810 1730 καί
824 1663 885 1728 εἷπε
897 1662 1032 1751 βασιλεύς
1043 1662 1167 1770 Ἰσραήλ
1178 1663 1254 1748 πρὸς
1267 1664 1337 1742 τούς

92 1747 197 1822 καθώς
214 1750 302 1812 ἔθετο
318 1744 450 1833 ὁπατήρ
466 1773 523 1831 μου
541 1752 572 1812 ἐν
587 1755 695 1830 Σαμα-
732 1748 841 1821 παῖδας
854 1744 959 1813 αὐτοῦ.
973 1752 997 1811 εί
1010 1748 1110 1813 οἴδατε
1120 1773 1167 1813 οτι
1177 1743 1337 1831 ήμίνῬεμ-

90 1838 166 1914 ρείᾳ,
180 1832 232 1895 καί
243 1825 302 1906 ἐγάι
315 1833 346 1894 ἐν
364 1827 494 1915 διαθήκη
506 1830 695 1906 ἐξαποστελῶ
730 1829 799 1911 μάθ
809 1829 949 1906 Γαλαὰδ,
959 1833 1009 1895 καί
1021 1827 1099 1915 ήμεῖς
1111 1835 1268 1914 σιωπῶμεν
1279 1830 1337 1897 λα-

91 1939 131 1978 σε.
158 1916 208 1977 καί
220 1913 337 1979 διέθετο
354 1914 439 1997 αὐτῷ
455 1905 617 2018 δύαθήκην,
642 1913 694 1978 καί
730 1915 789 1997 βεῖν
801 1910 897 1997 αύτήν
908 1917 941 1978 ἐκ
952 1913 1047 1997 χειρὸς
1058 1915 1335 2001 βασιλέωςΣυρίαςς

93 1995 285 2073 ἐξαπέστειλεν
297 1994 396 2064 αὐτόν.
423 1998 453 2041 ³⁵
468 1999 519 2062 καί
531 2007 695 2082 ανθρωπσς
731 1994 812 2062 *καὶ
824 1996 885 2063 ελπε
901 1997 1035 2083 βασιλεύς
1044 1996 1165 2083 Ἰσραήλ
1182 1995 1259 2084 πρός
1268 1996 1337 2063 Ἰω-

91 2079 131 2155 είς
144 2082 174 2144 ἐκ
194 2085 255 2144 τῶν
278 2084 348 2146 υἱῶν
369 2085 430 2146 τῶν
449 2085 614 2165 προφητῶν
634 2078 696 2143 είπε
733 2075 842 2159 σασάτ.
869 2075 1005 2226 ἀνρβήση
1023 2079 1089 2163 μεθ
1110 2079 1193 2164 ήμῶν
1205 2085 1244 2156 είς
1251 2075 1337 2159 ‘Q

91 2161 169 2247 πρὸς
181 2160 233 2229 τὸν
250 2164 379 2246 πλησίον
392 2161 486 2229 αὐτοῦ
500 2167 532 2227 ἐν
549 2159 628 2244 λόγῳ
642 2188 696 2225 κυ-
731 2158 798 2240 μάθ
813 2159 919 2227 Γαλα“
962 2168 1001 2236 εἰς
1018 2160 1164 2246 πόλεμονς
1190 2165 1241 2228 καὶ
1258 2163 1336 2230 εἶπεν

92 2250 164 2332 ρίου.
192 2241 328 2321 πάταξον
339 2241 375 2330 δή
387 2270 431 2329 με.
450 2246 502 2309 καί
514 2242 569 2308 σύκ
581 2242 696 2328 ήθελη-
728 2239 894 2325 Ἰωσαφάτ.
919 2241 1020 2319 καθώς
1031 2244 1101 2323 ἐγώ,
1117 2248 1168 2309 καί
1180 2243 1217 2310 σύ
1230 2242 1335 2322 οῧτως.

93 2353 143 2395 σιν
177 2325 195 2394 δ
222 2326 390 2413 ἅνθρωπος
422 2322 558 2402 πατάξαι
591 2320 694 2391 αὐτόν.
734 2320 1040 2407 καθώςδλαόςμου,
1059 2323 1162 2402 ὁλαός
1176 2352 1240 2393 σου.
1279 2353 1336 2392 κα-

91 2413 122 2455 ³⁶
135 2413 186 2474 καί
203 2409 264 2474 εἷπε
279 2406 356 2493 πρὸς
374 2405 474 2474 αὐτόν.
500 2404 567 2473 ἀνθ’
585 2400 628 2473 ὧν
640 2405 696 2471 ούκ
734 2406 800 2480 θάς
813 2411 845 2472 σί
856 2409 946 2472 ίπποι
957 2433 1026 2488 μου,
1040 2412 1072 2472 σί
1082 2413 1171 2474 ἵπποι
1184 2435 1248 2474 σου.
1261 2411 1338 2474 6καλ

94 2492 225 2576 ἤκουσας
239 2494 291 2572 τής
312 2495 411 2572 φωνής
424 2496 541 2574 κυρίου,
567 2492 618 2552 καὶ
631 2487 697 2552 ἰδού
735 2486 814 2551 εἶπεν
823 2487 977 2567 Ἰωσαφάτ
992 2487 1126 2573 βασιλεύς
1140 2486 1244 2555 Ἰούδα
1260 2487 1337 2574 πρὸς

95 2571 132 2639 σὺ
147 2569 319 2657 ἀπστρὲχεις
332 2569 382 2633 ἀπ’
399 2574 486 2652 ἐμοῦ,
513 2572 563 2634 καί
573 2570 697 2644 πατάξει
734 2571 859 2656 βασιλέα
868 2564 1000 2654 Ἰσραήλ.
1015 2566 1219 2655 ἐπερωτήσατε
1236 2571 1271 2654 δή
1286 2568 1338 2654 σή-

95 2681 125 2722 σε
138 2655 222 2718 λέων.
249 2657 300 2717 καὶ
312 2650 449 2735 ἀπῆλθεν
462 2649 513 2717 ἀπ’
530 2651 633 2718 αὐτοῦ.
647 2655 697 2717 καί
735 2678 823 2735 μερσν
839 2648 891 2716 τόν
907 2647 1019 2736 κύριον.
1051 2654 1130 2716 ὓκαί
1147 2647 1339 2739 συνήθροισεν

95 2735 218 2821 εὑρίσκει
242 2733 334 2800 αὐτόν
358 2735 456 2812 λε’ων,
479 2738 530 2800 καὶ
554 2733 697 2812 ἐπάταξεν
735 2733 902 2839 ὁβασιλεύς
910 2732 1034 2822 Ἰσραήλ
1050 2731 1166 2812 πάντας
1177 2736 1249 2812 τούς
1260 2762 1338 2824 προ-

94 2815 194 2886 αδτόν.
222 2821 250 2862 ³⁷
262 2822 312 2884 καὶ
324 2816 443 2906 εὑρίσκει
462 2819 628 2906 άνθρωπον
640 2818 696 2884 ἀλ-
735 2845 830 2903 φητας
855 2817 896 2895 ὡς
919 2825 1124 2905 τετρακοσίους
1149 2819 1266 2908 ἀνδρας,
1285 2823 1338 2886 καί

92 2905 154 2978 λον,
181 2905 231 2968 καί
261 2902 331 2968 εἶπε.
357 2899 491 2980 πάταξόν
513 2931 548 2985 με
571 2900 616 2988 δή.
643 2905 695 2968 καὶ
733 2903 811 2969 εἶπεν
828 2899 959 2979 αύτσῖςὸ
976 2899 1118 2988 βασιλεύς.
1150 2909 1174 2968 εί
1192 2908 1337 2990 πορευθῶ

92 2984 235 3064 ἐπάταξεν
254 2982 374 3052 αύτὸνὸ
393 2985 567 3072 ἀνθρωπος,
592 2982 691 3052 πατά-
733 2993 772 3062 εἰς
784 2983 920 3072 Ῥεμμάθ
935 2991 969 3050 Γ
967 2983 1066 3051 αλαάδ
1087 2992 1126 3061 εἷς
1147 2983 1291 3070 πόλεμον,
1316 2983 1337 3070 ἢ

91 3075 142 3148 ξας
160 3074 210 3135 καὶ
230 3073 394 3156 συνέτριψε.
434 3072 465 3114 ³⁸
477 3073 528 3135 καὶ
541 3066 692 3156 ἐπορεύθη
733 3075 860 3155 ε’πισχῶ,
884 3073 935 3136 καὶ
947 3069 1039 3135 εἶπον.
1066 3065 1214 3158 ἀνάβαινε,
1227 3071 1278 3135 καί
1290 3070 1335 3134 δι-

91 3153 109 3218 ὁ
122 3182 145 3218 π
165 3151 278 3238 οφήτης
296 3157 345 3219 καὶ
362 3159 430 3238 ἐστη
444 3159 488 3239 τῷ
503 3154 620 3241 βασιλεῖ
631 3151 691 3217 Ἰσ-
730 3152 800 3231 δούς
812 3156 894 3220 δώσει
908 3149 1008 3235 κύριος
1021 3159 1059 3230 είς
1070 3165 1168 3241 χεῖρας
1179 3157 1236 3220 τοῦ
1247 3157 1335 3239 βασι-

92 3181 169 3322 ραήλ
182 3242 293 3321 ἐπίσης
306 3234 387 3314 ὁδοῦ,
400 3240 452 3303 καί
463 3233 646 3322 κατεδήσατο
661 3240 692 3302 ἔν
730 3239 813 3313 λε’ώς.
840 3239 916 3302 7καί
934 3239 1011 3303 εἶπεν
1020 3237 1173 3320 Ἰωσαφάτ
1189 3236 1266 3322 πρὸς
1277 3240 1332 3322 βα-

90 3320 235 3402 τελαμῶυι
270 3320 341 3393 τοὺς
377 3320 555 3401 ὀφθαλμούς
585 3318 690 3384 αὐτοῦ.
731 3315 956 3402 σιλέαἸσραήλ.
984 3317 1039 3382 οὐκ
1056 3324 1134 3385 ἐστιν
1147 3311 1334 3419 ὦδεπρσφή-

90 3405 121 3445 39
135 3405 185 3465 καλ
199 3406 309 3479 ἐγένετο
323 3398 364 3475 ὡς
375 3400 593 3487 παρεπορεύετο
606 3399 623 3465 ὁ
636 3406 693 3486 βα·
732 3427 783 3481 της
794 3404 849 3464 τοῦ
863 3406 974 3482 κυρίου,
986 3402 1036 3463 καί
1049 3396 1270 3505 ἐπερωτήσσμεν
1281 3423 1335 3462 τον

91 3482 204 3559 σιλεύς,
228 3485 279 3546 καὶ
296 3473 383 3556 οὗτος
400 3479 473 3567 ἐβόα
485 3482 560 3567 πρὸς
571 3481 625 3547 τόν
637 3487 693 3567 βα·
732 3481 832 3566 κύριον
843 3482 878 3546 δι’
899 3479 993 3545 αὐτοῦ
997 3510 1010 3558 ,·
1033 3482 1049 3523 ⁸
1062 3507 1113 3545 και
1130 3479 1208 3544 εἶπεν
1219 3479 1237 3542 ὁ
1250 3484 1335 3564 βασι-

91 3566 193 3640 σιλέα,
219 3567 269 3628 καί
281 3562 367 3628 εἶπεν.
392 3561 409 3627 ὁ
423 3559 529 3638 δοῦλός
542 3590 596 3628 σου
609 3565 694 3647 ἐξήλ·
731 3565 796 3639 λεύς
804 3561 926 3665 Ἰσραήλ
939 3561 1015 3649 πρὸς
1023 3560 1187 3642 Ἰωσαφάτ.
1206 3561 1244 3636 είς
1257 3564 1336 3625 ἐστιν

88 3662 146 3716 θεν
170 3650 220 3713 ἐπὶ
240 3646 296 3731 τήν
318 3643 462 3731 πρασιάν
482 3651 538 3710 τοῦ
551 3646 694 3727 πολέμου,
733 3646 806 3733 ἀνήρ
821 3652 859 3723 εἰς
870 3674 907 3713 τσ
921 3648 1106 3750 ἐπερωτῆσαι
1120 3642 1155 3709 δι’
1172 3641 1269 3709 αὐτοῦ
1281 3641 1334 3710 τόν

90 3736 142 3797 καί
157 3729 220 3797 ἰδού
233 3729 308 3834 ἀνήρ
319 3725 448 3813 εἶςήναγε
457 3727 534 3814 πρὸς
543 3725 579 3812 μὲ
591 3727 694 3812 ἀνδρα,
734 3725 843 3812 κύριον,
868 3731 920 3795 καί
932 3733 990 3808 ἐγω
1002 3732 1146 3811 μεμίσηκα
1158 3726 1261 3802 αὐτὸν,
1286 3722 1334 3791 δ’τι

91 3821 141 3880 καὶ
166 3815 227 3880 εἶπε
252 3839 329 3899 προς
353 3817 396 3894 με’.
429 3807 562 3894 φύλαξον
587 3815 695 3875 τοῦτον
734 3810 771 3876 ού
784 3811 867 3877 λαλεῖ
876 3815 942 3896 περὶ
953 3817 1025 3893 ἐμοῦ
1038 3810 1117 3876 καλά
1130 3809 1195 3877 ἀλλ’
1211 3809 1229 3895 ή
1244 3808 1333 3887 κακά,

91 3898 146 3964 τόν
159 3898 262 3984 ἀνδρα,
280 3897 332 3962 ἐάν
344 3896 375 3961 δὲ
387 3896 521 3979 ἐκπηδῶν
533 3889 693 3986 ἐκπηδήση,
733 3899 867 3979 Μιχαίας
880 3897 942 3968 υίὸς
952 3889 1096 3979 Ἰεμβλαά.
1116 3897 1167 3959 καί
1179 3893 1257 3960 εἶπεν
1265 3892 1334 3958 Ἰω-

91 3984 238 4047 καλέσσαι
252 3977 271 4065 ἦ
284 3975 365 4065 ψυχή
385 4006 440 4045 σου
456 3977 524 4045 ἀντὶ
536 3984 588 4063 τής
600 3986 695 4064 ψυχῆς
733 3974 835 4060 σαφάτ
853 3975 988 4063 βασιλεύς
1000 3971 1116 4042 Ἰούδα.
1140 3975 1180 4062 μή
1193 3977 1300 4056 λεγέτω
1314 3972 1332 4041 ό

92 4061 200 4140 αὐτοῦ,
218 4064 237 4147 ἢ
250 4059 397 4130 τάλαντον
413 4059 557 4149 ἀργυρίου
570 4058 690 4146 στήσεις.
731 4058 867 4149 βασιλεύς
880 4056 985 4138 οὕτως.
1011 4061 1090 4125 9καὶ
1102 4061 1234 4128 ἐκάλεσεν
1246 4058 1264 4128 ὃ
1276 4063 1334 4206 βα-

90 4147 126 4192 ⁴⁰
138 4148 189 4212 καί
201 4144 340 4230 ἐγενήθη,
364 4146 579 4233 περιεβλέψατο
591 4144 609 4211 ὁ
623 4147 694 4211 δοῦ·
733 4143 826 4220 σιλεύς
836 4142 959 4228 Ἰσραήλ
971 4143 1111 4250 εύνσῦηον
1122 4151 1189 4222 ε’να,
1201 4147 1252 4210 καὶ
1264 4169 1277 4207 ε
1288 4166 1333 4207 πε.

92 4226 146 4304 λός
158 4255 211 4295 σου
223 4221 280 4296 ιδδε
297 4232 349 4295 καί
365 4221 437 4307 ὦδε,
464 4230 516 4294 καλ
534 4222 622 4304 ούτσς
639 4228 695 4293 οὐκ
732 4225 859 4314 τστάχος
871 4234 1009 4312 Μιχαίαν
1019 4223 1239 4316 υίονἸεμβλαά.
1253 4224 1335 4288 10καί

92 4303 138 4399 ἦν.
163 4317 214 4379 καλ
231 4313 308 4379 εἶπεν
323 4313 399 4400 πρὸς
417 4308 512 4378 αύτδν
529 4307 696 4385 δβασιλεάς
733 4309 751 4376 ὃ
753 4311 897 4457 βασιλεὺς
905 4309 1029 4417 Ἰσραήλ
1050 4308 1265 4389 καίἸωσαφάτ
1276 4309 1335 4391 βα-

88 4393 229 4498 Ἰσραήλ
242 4395 305 4462 ίδού
318 4399 369 4462 καὶ
381 4392 420 4462 τά
431 4395 531 4481 ἐύεδρα
543 4392 614 4480 παρ’
632 4395 696 4474 ἐμοὶ
734 4419 753 4458 σ
795 4393 828 4468 ύς
836 4389 939 4460 Ἰούδα
957 4400 1036 4460 ἐκαθ
1054 4418 1106 4458 ντο
1124 4390 1198 4472 ἀνήρ
1217 4389 1335 4489 ἐπήτοά

92 4483 260 4560 ἐφονευσας.
286 4478 379 4542 41καὶ
396 4480 516 4544 ἐσπευσε
529 4479 578 4544 καί
594 4473 696 4559 ἀφείλε
734 4471 847 4563 θρόνου
860 4474 956 4617 αιίιρσῦ
968 4479 1042 4539 ἐνοπ
1080 4500 1090 4533 ι
1107 4476 1138 4534 ἐν
1150 4480 1216 4543 ταῖς
1227 4467 1336 4607 {ulmo

930 4577 948 4616 fl
973 4576 992 4620 2
1256 4570 1333 4622 “W
