2924 4972
164 228 229 298 944
523 232 555 288 Κ
568 231 628 288 ΡΙ
641 228 748 289 TA!
787 232 862 303 Κεφ.
876 220 917 309 β’.
931 220 967 300 γ’.
981 223 1009 305 2.
1024 225 1054 287 3.

162 375 227 433 ρισν
252 345 305 411 τὸν
329 344 402 410 θεὸν
423 348 484 407 τῶν
500 346 640 425 πατέρων
660 340 772 416 αὐτῶν,
808 339 861 402 τὸν
880 337 1009 423 Ἰσραὴλ,
1026 344 1052 402 εί
1067 336 1266 419 φυλάσσονται
1280 341 1334 424 τῆν
1348 340 1419 407 ὁδόν

162 433 215 497 τὸν
233 425 417 508 ἐξαγαγόντα
438 421 549 499 αύτούς
561 428 594 488 ἐκ
606 429 660 506 γῆς
672 420 773 499 Αἰγύ-
808 427 913 505 κυρίου
925 420 1106 507 πορεύεσθαι
1123 424 1154 485 ἐν
1164 419 1248 513 αὐτῇ
1258 419 1293 485 ὃν
1304 422 1418 507 τρόπον

163 541 258 588 πτου,
283 514 335 576 καί
351 504 561 592 ἐπορεύθησαν
579 504 679 570 ὀπίσω
692 508 774 570 θεῶν
808 500 958 582 ἐφύλαξαν
982 508 1013 569 σί
1037 507 1162 590 πατέρες
1187 503 1289 570 αὐτῶν
1320 509 1338 585 ἤ
1369 509 1417 572 οῦ.

164 603 273 683 ἐτέρων
286 591 350 659 ἀπὸ
365 597 426 656 τῶν
436 596 518 655 ’θεῶν
529 594 591 653 τῶν
603 593 701 653 ἐθνῶν
713 592 773 651 τῶν
808 588 902 652 21καὶ
926 584 1030 670 ἀηῆσει
1048 585 1150 673 κύριος
1167 586 1206 651 τά
1225 592 1300 673 ε”θνη
1319 597 1417 656 ταῦτα

162 677 328 768 περικύκλῳ
345 674 461 750 αὐτῶν,
489 675 539 737 καὶ
555 667 773 757 πρυςεκύνησαν
808 675 866 735 τοῦ
877 668 919 753 μῆ
932 673 1032 756 ἐξᾶραι
1047 668 1126 736 αῦτά
1137 669 1175 735 τό
1189 665 1293 755 τάχος,
1315 675 1367 737 καὶ
1380 673 1417 738 οῦ

163 765 276 837 αὐτοῖς.
312 762 363 824 καί
386 754 581 843 παρώργισαν
597 755 651 819 τὸν
670 752 772 838 κύριον
808 754 976 840 παρέδωκεν
986 752 1067 819 αῦτά
1080 757 1112 819 ἐν
1123 756 1195 838 χειρί
1210 752 1318 837 Ἰησοῦ.

163 849 254 910 11καί
279 842 472 920 ἐγκατέλιπον
499 837 606 913 αὐτὸν,
632 840 683 902 καί
701 832 772 901 ἐλά·
1004 843 1037 900 Κ
1048 843 1078 900 Ε
1089 843 1128 900 (ί).
1171 835 1223 900 Γ.

163 951 285 1014 τρευσαν
295 930 341 1009 τῶ
349 920 443 989 Βάαλ
452 925 502 986 καὶ
513 933 577 995 ταῖς
585 917 771 1005 Ἀστάρταις.
807 885 892 983 Καὶ
904 923 1004 984 ταῦτα
1018 917 1058 984 τά
1072 923 1147 1004 ἔθνη
1164 917 1186 984 ά
1204 918 1298 1007 ἀφῆκε
1315 918 1417 1003 κύριος

163 1015 191 1055 ¹⁴
197 1015 247 1077 καὶ
256 1008 392 1094 ὠργίσθη
402 1010 491 1090 θυμῷ
500 1000 600 1088 κύριος
614 1007 644 1068 ἐν
657 1007 702 1087 τῷ
711 1001 771 1068 Ἰσ-
808 998 886 1066 αῦτὰ
899 997 969 1077 ιίίςτε
981 1006 1118 1089 πειρᾶσαι
1131 1008 1162 1067 ἐν
1175 1002 1278 1079 αὐτοῖς
1291 1003 1345 1070 τόν
1354 1008 1415 1071 Ἰσ-

164 1092 249 1181 ραῆλ.
276 1093 327 1156 καὶ
344 1091 515 1190 παρέδωκεν
531 1085 642 1161 αύτούς
660 1091 700 1161 εἷς
712 1097 770 1171 χεῖ·
809 1082 887 1170 ρα“λ
898 1083 1014 1161 πάντας
1025 1084 1096 1161 τούς
1107 1085 1146 1170 μῆ
1165 1085 1333 1164 ἐγνωκότας
1346 1091 1416 1164 τούς

164 1204 218 1263 ρας
233 1196 495 1260 προνομεύοντων,
521 1172 572 1233 καί
591 1163 771 1273 κατεπρονό-
808 1193 851 1233 πο
880 1172 958 1252 ’μους
970 1167 1110 1234 Χαναάν.
1131 1170 1228 1252 2ττλῆν
1240 1169 1289 1236 διὰ
1301 1171 1356 1246 τὰς
1368 1198 1417 1248 γε-

160 1285 270 1346 μευσαν
292 1255 413 1331 αὐτούς,
438 1257 489 1318 καί
506 1251 638 1318 ἀπέδοτο
659 1250 772 1324 αυτούς
809 1249 874 1326 νεάς
885 1255 958 1316 υἱῶν
972 1248 1094 1335 Ἰσραῆλ
1106 1257 1163 1318 τοῦ
1176 1249 1291 1328 διδάξαι
1304 1252 1417 1329 αὐτούς

162 1348 193 1407 ἐν
224 1344 290 1428 ερσὶ
299 1344 360 1405 τῶν
372 1343 490 1423 ἐχθρῶν
502 1334 603 1400 αὐτῶν
614 1332 770 1408 κυκλόθεν,
808 1331 952 1417 πόλεμον,
977 1332 1056 1419 πλῆν
1075 1339 1106 1399 οἶ
1124 1338 1295 1421 ἔμπροσθεν
1315 1335 1417 1402 αὐτῶν

161 1453 214 1491 και
239 1423 293 1489 οῦκ
319 1419 509 1522 ἤδυνῆθησαν
534 1421 576 1482 ἔτι
602 1415 770 1501 ἀντιστῆναι
809 1415 864 1481 οὐκ
883 1421 1016 1494 ἔγνωσαν
1033 1414 1122 1482 αῦτά.
1161 1417 1243 1492 3τάς
1259 1423 1346 1483 πέντε
1360 1446 1417 1484 σα-

161 1504 242 1574 κατά
267 1527 429 1589 προςωπον
455 1506 515 1565 τῶν
525 1504 650 1585 Ιἐχθρῶν
669 1500 771 1565 αὐτῶν
807 1507 949 1605 τραπείας
961 1506 1021 1564 τῶν
1033 1496 1229 1580 ἀλλοφύλων,
1253 1504 1304 1566 καὶ
1315 1499 1416 1567 πάντα

161 1593 233 1653 11ἐν
250 1592 341 1651 πᾶσιν
358 1585 402 1660 οἷς
420 1579 609 1668 ἐπορεύοντο.
642 1585 693 1647 καὶ
710 1585 770 1667 χείρ
808 1591 1058 1658 τονΧαναναῒον,
1072 1587 1124 1648 καὶ
1136 1581 1189 1649 τὸν
1199 1578 1354 1660 Σιδώνιον,
1367 1587 1414 1649 καί

162 1678 265 1756 κυρίου
279 1657 315 1755 ἤν
327 1665 371 1734 ἐπ’
388 1664 500 1743 αύτούς
512 1671 552 1740 ελς
564 1662 653 1741 κακά,
665 1665 771 1739 καθώς
807 1664 859 1731 τὸν
878 1664 994 1731 Εῦαίον
1011 1663 1064 1731 τὸν
1077 1670 1274 1732 κατοικοῦντα
1292 1666 1345 1732 τόν
1356 1675 1415 1732 Λί-

162 1754 286 1838 ἔλάλησε
298 1748 407 1837 κύριος,
425 1752 476 1816 καὶ
488 1745 595 1823 καθώς
607 1748 705 1831 ὠμοσε
718 1746 771 1814 κύ-
807 1754 900 1837 βανσν
913 1748 975 1814 ἀπὸ
989 1754 1046 1816 τοῦ
1056 1749 1147 1836 ὅρους
1158 1756 1211 1815 τοῦ
1218 1748 1349 1856 ’Λερμών
1360 1757 1415 1825 ἕως

161 1864 227 1922 ριος
251 1834 368 1909 αῦτοῖς,
399 1835 451 1898 καί
475 1833 633 1914 ἕξέθλιψεν
659 1828 771 1905 αὐτούς
809 1827 998 1919 Λαβωεμάθ.
1037 1832 1119 1897 4καὶ
1131 1838 1243 1911 ἐγένετο
1262 1858 1332 1906 ωςτε
1349 1860 1415 1898 πει-

161 1918 288 2004 σφόηρα,
317 1918 346 1960 ιυ
358 1919 409 1981 καί
426 1914 518 2000 ἤγειρε
538 1911 638 2000 κύριος
659 1912 770 2001 κριτάς,
808 1921 899 2020 ρῶσαι
913 1920 944 1981 έν
953 1913 1058 1991 αὐτοῖς
1068 1914 1121 1980 τόν
1132 1915 1260 2001 Ἰσραῆλ,
1272 1921 1380 1994 γνῶναι
1391 1922 1416 1981 εί

161 2006 214 2070 καὶ
239 2009 345 2068 ἔσωσεν
369 1998 479 2075 αύτούς
505 1994 606 2081 κύριος
623 2001 656 2063 ἐκ
677 1997 771 2081 χειρὸς
809 1998 992 2065 ακούσανται
1018 1999 1072 2075 τάς
1098 1998 1220 2075 ε’ντολάς
1237 2006 1353 2086 κυρίου,
1379 1998 1415 2076 ἀς

160 2092 224 2152 τῶν
237 2079 483 2170 προνομευόντων
495 2079 616 2157 αύτούς.
640 2084 666 2126 11
676 2087 728 2145 καί
739 2106 771 2158 γε
809 2083 971 2150 ἐνετείλατο
983 2094 1044 2157 τοῖς
1053 2079 1201 2166 πατράσιν
1210 2082 1311 2148 αὐτῶν
1320 2087 1352 2150 ἐν
1362 2111 1414 2169 χει·

160 2175 221 2234 τῶν
234 2173 341 2255 κριτῶν
351 2165 416 2272 ,οῦχ
430 2161 619 2250 ύπῆκουσαν,
645 2161 692 2229 ὅτι
712 2169 772 2242 ἐξε*
809 2169 839 2252 ρί
852 2171 981 2251 Μωυσῆ.
1008 2167 1082 2230 1καί
1095 2171 1126 2231 οῖ
1138 2169 1199 2231 υἱοί
1208 2163 1330 2251 Ἰσραῆλ
1342 2194 1415 2232 κατ-

160 2250 323 2338 πόρνευσαν
346 2258 444 2318 οπίσω
469 2254 550 2315 θεῶν
570 2250 694 2334 ἑτέρων,
721 2249 771 2313 καί
809 2247 928 2334 ᾤκησαν
940 2251 1063 2333 ἐνμέσῳ
1077 2254 1338 2356 τοῦ-Χαναναίου,
1364 2254 1416 2316 καί

160 2333 379 2422 προςεκύνησαν
404 2333 518 2408 αὐτοῖς.
554 2334 606 2398 καὶ
622 2332 771 2409 ἐξέκλιναν
808 2339 865 2399 τοῦ
885 2339 1054 2406 Χετταίου,
1080 2335 1130 2397 καί
1147 2337 1205 2397 τοῦ
1222 2329 1413 2437 Ἀμορραίου,

160 2419 236 2506 ταχύ
252 2425 285 2485 ἐκ
298 2424 350 2504 τῆς
363 2414 448 2494 ὁδοῦ,
466 2409 501 2503 ἧς
517 2411 729 2519 ἐπορεύθησαν
741 2418 771 2514 σῖ
808 2419 860 2482 καί
878 2422 933 2481 τοῦ
950 2419 1123 2502 Φερεζαιόυ,
1149 2417 1200 2479 καὶ
1217 2420 1271 2480 τοῦ
1285 2422 1414 2492 Ευαίου,

160 2508 288 2590 πατέρες
298 2503 401 2570 αὐτῶν
413 2529 469 2568 του
479 2507 636 2577 εἰςακουειν
645 2505 707 2566 τῶν
717 2498 770 2563 λυ-
809 2503 859 2566 καὶ
871 2505 929 2565 τοῦ
939 2497 1130 2587 Ἰεβουσαίου.
1148 2501 1226 2564 1καί
1236 2499 1348 2587 ἔλαβον
1361 2499 1414 2575 τάς

160 2613 221 2667 γων
231 2594 342 2673 κυρίου.
357 2585 412 2652 οῦκ
423 2591 570 2668 ἐποίησαν
580 2580 672 2649 οῦτω.
686 2584 771 2647 111καί
808 2587 976 2667 θυγατέρας
1002 2581 1103 2648 αὐτῶν
1120 2584 1238 2657 ἑαυτοῖς
1255 2587 1294 2657 εἷς
1310 2595 1413 2662 γυναῖν

160 2669 208 2753 ότι
228 2672 320 2754 ἤγειρε
342 2666 443 2751 κύριος
456 2667 558 2743 αὐτοῖς
577 2665 693 2751 κριτάς,
720 2666 771 2731 καί
808 2696 871 2742 κας,
885 2669 936 2731 καὶ
946 2667 999 2741 τὰς
1009 2668 1180 2751 θυγατέρας
1190 2664 1291 2730 αὐτῶν
1301 2669 1414 2733 ε”δωκαν

161 2757 197 2836 ἤν
210 2760 311 2836 κύριος
323 2750 395 2832 μετά
408 2756 462 2815 τοῦ
475 2754 588 2834 κριτοῦ,
601 2752 652 2813 καὶ
665 2753 771 2813 ε”σωσεν
808 2763 870 2826 τοῖς
885 2755 960 2826 υἱοῖς
973 2748 1082 2824 αύτιῦν,
1098 2753 1149 2814 καὶ
1161 2744 1341 2833 ἐλάτρευσαν
1352 2763 1414 2824 τοῖς

161 2833 273 2908 αὐτοὺς
286 2836 319 2897 ἐκ
331 2829 423 2917 χειρὸς
436 2835 552 2915 ἐχθρῶν
565 2830 664 2894 αὐτῶν
673 2826 771 2905 πάσας
807 2844 890 2908 θεοῖς
904 2832 1013 2899 αὐτῶν.
1053 2835 1066 2875 ⁷
1079 2833 1130 2897 καί
1146 2834 1290 2914 ἐποίησαν
1307 2838 1340 2896 οἱ
1353 2836 1415 2898 υἱοὶ

160 2917 215 2992 τὰς
224 2912 335 3001 ἡμέρας
343 2920 400 2980 τοῦ
410 2917 523 2994 κριτοῦ,
536 2908 584 2978 ότι
595 2910 726 3017 παρεκλῆ
752 2943 769 3020 η
806 2915 927 3002 Ἰσραῆλ
945 2917 979 2981 τὸ
1000 2913 1133 3001 πονηρὸν
1149 2918 1279 2980 ἐναντίον
1296 2921 1415 2999 κυρίου.

160 2996 259 3083 κύριος
272 2999 334 3063 ἀπὸ
348 3002 403 3062 τοῦ
417 3001 579 3077 στεναγμοῦ
593 2995 694 3061 αὐτῶν
705 3024 769 3062 απο
808 3004 858 3064 καί
870 2996 1059 3065 ἐπελάθοντο
1077 3005 1179 3084 κυρίου
1197 3001 1251 3062 τοῦ
1268 3004 1345 3063 θεοῦ
1359 2996 1414 3063 αύ-

160 3079 325 3165 προςιύπου
337 3084 398 3143 τῶν
407 3075 648 3162 πολιορκούντων
658 3077 770 3158 αύτούς
808 3088 879 3158 τῶν,
897 3085 949 3147 καὶ
960 3080 1138 3167 ἐλάτρευσαν
1151 3093 1214 3157 τοῖς
1226 3082 1352 3166 Βααλίμ
1364 3084 1414 3146 καὶ

160 3166 211 3227 καί
229 3156 429 3246 ἐκθλιβόντων
447 3156 566 3235 αύτούς.
596 3163 687 3226 111καί
705 3167 769 3241 ἐγέ-
808 3176 871 3240 τοῖς
885 3165 995 3231 ἀλσεσι.
1019 3167 1035 3210 ⁸
1048 3168 1099 3230 καὶ
1112 3163 1248 3251 ὠργίσθη
1261 3170 1349 3250 θυμῷ
1361 3161 1414 3230 κύ-

160 3270 227 3309 νετο
238 3242 278 3319 ὡς
288 3243 475 3327 ἀπέθνησκεν
485 3241 621 3329 ύκριτῆς,
633 3247 683 3309 καί
694 3244 769 3311 ἀπέ-
807 3275 870 3333 ριος
887 3252 918 3313 ἐν
935 3255 979 3332 τῷ
991 3247 1123 3333 Ἰσραῆλ,
1149 3246 1346 3314 καὶάπέδοτο
1359 3246 1414 3314 αῦ-

161 3347 293 3431 στρεηναν
318 3330 369 3391 καί
391 3325 484 3392 πάλιν
500 3328 672 3413 διέφθειραν
693 3326 768 3416 ὑπὲρ
807 3331 877 3405 τούς
888 3336 919 3396 ἐν
929 3335 1001 3417 χειρί
1011 3334 1261 3417 Χουσαρσαθαὶμ
1268 3331 1413 3480 §.aud-5023

160 3436 231 3488 τους
243 3416 376 3498 πατέρας
388 3409 488 3478 αὐτῶν
503 3410 683 3498 πορεύεσθαι
697 3410 768 3479 όπί-
805 3421 919 3500 Συρίας
932 3420 1088 3498 ποταμῶν.
1128 3418 1178 3479 καί
1196 3412 1266 3480 ἐδού
1299 3418 1414 3480 υσανσί

160 3521 204 3560 σω
216 3501 297 3562 θεῶν
307 3498 425 3582 ἐτέρων,
438 3493 586 3601 λατρεύειν
599 3495 704 3571 αὐτοῖς
716 3499 768 3561 καὶ
807 3500 868 3563 οἷοί
890 3498 1009 3585 Ἰσραῆλ
1033 3503 1078 3581 τῶ
1099 3500 1344 3584 Χουσαρσαθαίμ
1363 3501 1413 3579 ἔτη

159 3592 329 3663 προςκυνεῖν
341 3579 451 3654 αῦτοίς.
475 3605 529 3643 ουκ
543 3577 715 3679 ἀπέρριψαν
727 3577 766 3643 τά
806 3578 895 3645 ὀκτώ.
915 3583 930 3624 ⁹
944 3585 995 3647 καὶ
1007 3584 1166 3667 ἕκέκραξαν
1179 3586 1209 3646 οἱ
1222 3583 1282 3647 uzol
1291 3578 1413 3665 Ἰσραὴλ

160 3658 373 3743 ἐπιτηδεύματα
394 3660 510 3739 αὐτῶν,
536 3664 587 3726 καί
605 3688 658 3737 τας
677 3660 767 3738 ὁδούς
804 3665 879 3749 πρὸς
893 3660 1003 3750 κύριον.
1016 3667 1066 3729 καὶ
1079 3665 1171 3750 ἤγειρε
1184 3660 1283 3749 κύριος
1292 3668 1413 3767 σωτῆρα

159 3741 261 3806 αὐτῶν
278 3740 331 3816 τάς
349 3740 484 3827 σκληράς.
522 3746 553 3787 ²⁰
565 3747 616 3809 καὶ
629 3743 766 3830 ὠργίσθη
806 3755 848 3830 τῷ
864 3746 1000 3833 Ἰσραῆλ,
1024 3749 1075 3812 καὶ
1087 3751 1195 3813 ε”σωσεν
1207 3747 1334 3822 αύτούς,
1360 3771 1414 3812 τον

158 3829 250 3906 θυμῷ
262 3822 361 3907 κύριος
374 3829 405 3890 ἐν
416 3831 460 3910 τῷ
471 3825 602 3912 Ἰσραῆλ,
616 3833 667 3894 καὶ
679 3828 764 3893 εἶπεν.
805 3832 961 3915 Γοθονιῆλ
980 3829 1047 3897 οἶόν
1059 3831 1151 3907 Κενέζ
1163 3829 1294 3910 ἀδελφοῦ
1307 3824 1415 3936 Χάλεηῦ

160 3903 227 3970 ἀνθ’
257 3898 298 3970 ὧν
321 3904 380 3973 ὅσα
406 3912 600 3987 ἐγκατέλιπον
623 3909 660 3976 τὸ
677 3914 766 3986 ἔθνος
804 3910 857 3976 τόν
871 3911 1011 4000 νεώτερον
1025 3911 1101 4000 ῦπὲρ
1116 3908 1218 3979 αὐτόν.
1243 3917 1273 3957 ¹⁰
1286 3913 1414 3990 καὶέγε-

158 3994 252 4053 τοῦτο
271 3989 483 4075 τῆνδιαθῆκην
498 4018 558 4073 μου
572 3990 608 4075 ἤν
624 3990 766 4056 ἐνετειλά·
805 4020 870 4060 νετο
897 3995 941 4061 ἐπ’
970 3996 1063 4062 αὐτὸν
1085 4001 1198 4079 πνεῦμα
1221 4002 1337 4080 κυρίου,
1362 3997 1414 4060 καί

157 4096 215 4172 μην
228 4083 290 4145 τοῖς
300 4071 450 4156 πατράσιν
463 4072 573 4149 αύτιῦν,
583 4076 634 4138 καί
647 4072 701 4138 οῦκ
710 4081 766 4150 εδς-
803 4081 893 4160 ἔκρινε
916 4079 970 4144 τὸν
992 4079 1122 4165 Ἰσραῆλ.
1162 4081 1215 4144 καί
1231 4078 1356 4163 ἐξῆλθεν
1373 4083 1413 4152 εἰς

158 4178 292 4257 ηκουσαν
316 4160 368 4254 τῆς
386 4161 485 4237 φωνῆς
500 4182 573 4236 μου,
599 4159 689 4220 21καί
706 4159 763 4235 ἐγώ
802 4158 932 4244 πόλεμον
957 4163 1033 4249 πρὸς
1062 4168 1319 4248 Χουσαρσαθαίμ.
1362 4163 1412 4225 καί

160 4261 198 4299 ου
216 4247 384 4339 προςθησιρ
409 4240 588 4338 τοῦῖἕξκάραωι
613 4237 708 4323 ἀνδρα
733 4246 764 4306 ἐκ
801 4247 955 4331 παρέδωκε
980 4243 1080 4331 κύριος
1101 4251 1134 4312 ἐν
1170 4248 1225 4333 ειρὶ
1242 4243 1339 4310 αὐτοῦ
1359 4242 1413 4309 τὸν

159 4345 326 4402 προςωπυυ
347 4324 447 4384 αυτῶν
464 4344 527 4420 αηιυ
540 4344 600 4384 των
613 4324 709 4386 ἐθνῶν
722 4318 764 4390 ιῦν
803 4333 1055 4415 Χουσαρσαθαίμ
1074 4273 1203 4415 βασιῆία
1222 4335 1335 4412 Συρίας
1351 4353 1412 4393 πο-

159 4403 313 4469 καῐὲλθῐέί
322 4400 436 4488 Ἰησοῦς
447 4404 510 4477 υἷος
522 4405 616 4501 Nam}
628 4406 658 4468 ἐν
669 4412 705 4489 τῆ
714 4413 762 4491 γῆ.
801 4417 908 4493 τομῶν.
923 4416 973 4476 καί
982 4411 1175 4497 ἰκραταιώθη
1186 4415 1245 4497 χεὶρ
1257 4409 1353 4476 αὐτοῦ
1362 4411 1413 4477 ἐντί

158 4492 208 4551 καί
220 4487 316 4574 ἀρῆκε
342 4491 371 4530 ²²
382 4492 440 4551 τοῦ
457 4511 598 4576 πειρασαι
615 4491 647 4553 ἐν
661 4478 763 4568 αύτοῖς
801 4494 855 4559 τὸν
867 4503 1129 4582 Χουσαρσαθαίμ.
1167 4502 1191 4538 11
1205 4498 1255 4561 καὶ
1268 4490 1411 4597 ἡσύχασεν

1392 4606 1412 4661 δ
