2924 4972
977 26 992 47 ··
1159 26 1203 127 ε.
1285 44 1308 95 ι

1070 118 1148 161 5¹²2
1227 108 1316 167 ··6

339 225 711 288 ΜΑκιεΑΒΑιεεΝ
730 228 939 289 amaroz*
978 227 1150 308 masta.
1298 162 1361 305 οδε

118 340 218 415 δόντες
230 341 262 406 δέ
276 345 326 405 καὶ
344 337 398 422 τήν
412 337 514 405 Ἰούδα
533 338 725 442 παρεμβολήν
761 363 855 421 χειαν,
879 343 931 403 καὶ
943 340 1111 419 ἐξενολόγει.
1137 349 1188 410 καί
1200 346 1368 424 πλεονάσας,

118 428 149 491 ἰν
172 429 215 507 τῷ
236 426 326 506 πεδίῳ
348 425 467 506 ἑτοίμην
488 427 526 499 είς
548 425 723 507 παραταξιν,
761 421 988 505 τὸνγενηθέντα
1002 425 1289 508 στρατὸν,ίλογίζετο
1302 428 1384 497 πά.’

117 511 147 551 22
160 512 270 588 έφυγον
284 502 393 578 πάντες
413 510 453 580 είς
464 511 521 589 γῆν
533 502 722 586 ἀλλοφύλων.
759 502 807 568 λιν
829 508 1054 588 παραγενέσθαι
1078 512 1117 582 εὶς
1133 508 1186 590 τήν
1203 511 1363 580 Ἰουδαίαν,

117 592 148 634 ²³
174 593 226 654 καί
251 590 428 672 ἀνέστρεψεν
450 584 569 663 Ἰούδας
594 592 643 654 ἐπι·
667 587 723 671 τήν
759 587 790 628 ³⁶
803 586 864 653 εἶπε
877 587 910 653 δέ
925 584 1042 665 Ἰούδας
1058 592 1110 654 καί
1126 596 1157 654 οί
1170 590 1295 674 ἀδελφοί
1306 596 1364 662 αύ-

118 672 524 757 σκυλείαντήςπαρεμβολής.
547 674 597 736 καί
610 672 723 757 ἔλαβον
759 672 826 747 τοῦ,
840 670 903 736 ἰδού
928 679 1134 760 συνετρίβησαν
1156 678 1186 739 oz
1206 679 1311 760 ἐχθροί
1332 678 1364 763 ή·

117 759 237 841 χρυσίον
248 754 327 819 πολύ
340 757 391 818 καὶ
399 752 544 840 ἀργύριον
555 756 607 819 καί
621 750 723 820 §dmm
757 755 829 836 μῶν,
855 754 1011 841 ἀναβῶμεν
1035 763 1202 843 καθαρίσαι
1227 759 1266 823 τά
1293 757 1365 836 ἅγια

118 851 178 903 θον
204 838 254 901 καί
280 837 440 923 πορφύραν
470 839 645 904 θαλασσίαν
670 838 721 902 καὶ
758 840 808 903 καὶ
820 841 993 915 ἐγκαινίσαι.
1008 841 1094 904 37καὶ
1106 837 1240 926 συνήχθη
1253 840 1272 925 v}
1284 869 1364 928 παρ-

117 922 251 986 πλοῦτον
261 923 360 1003 μέγαν.
383 923 416 964 ²⁴
429 924 480 986 καὶ
491 924 721 1005 ἐπιστραφέντες
758 917 867 1006 εμβολή
885 925 987 997 πᾶσα,
1006 926 1058 988 καὶ
1074 922 1221 1009 ἀνέβησαν
1237 930 1276 1000 είς
1293 924 1364 1010 ὅρος

118 1001 229 1088 ύμνουν
241 1007 293 1070 καὶ
310 1001 454 1081 εὐλύγουν
474 1009 514 1079 εἰς
526 1002 656 1088 οὐρανὸν
668 1003 721 1071 τὸν
756 999 847 1067 Σιιύν.
873 1006 960 1069 28καί
972 1007 1035 1072 ἴδον
1048 1006 1084 1073 τὸ
1101 1005 1232 1091 ἀγίασμα
1244 1007 1364 1092 ἠρημω-

115 1084 225 1172 κύριον,
251 1085 300 1152 ὅτι
311 1086 419 1162 καλὸν,
446 1082 492 1151 ὅτι
506 1092 544 1163 είς
556 1083 611 1152 τὸν
623 1092 721 1153 αδῶνα
755 1089 860 1168 μένον,
886 1090 938 1152 καὶ
957 1085 993 1154 τδ
1005 1088 1219 1175 θυσιαστήριον
1231 1091 1363 1178 βεβηλω-

116 1168 152 1236 τὸ
165 1170 249 1244 ἕλεος
260 1168 367 1234 αὐτοῦ.
393 1170 480 1234 22καὶ
493 1174 609 1248 ἐγένετο
622 1198 719 1255 σωτη-
756 1174 853 1249 μένον,
867 1172 918 1235 καί
927 1171 983 1247 τάς
993 1169 1093 1250 πύλας
1101 1177 1363 1276 κατακεκαιηιένας,

115 1260 167 1338 ρία
183 1249 295 1334 μεγάλη
314 1257 358 1334 τῷ
372 1250 496 1337 Ἰσραήλ
513 1259 545 1319 ἐν
568 1257 607 1346 τῇ
625 1252 720 1339 ήμέρρ
756 1255 806 1317 καὶ
819 1257 850 1317 ἐν
862 1264 929 1328 ταῖς
942 1255 1047 1332 αύλαῖς
1061 1255 1141 1338 φυτά
1152 1283 1308 1339 πεφυκυτα
1320 1255 1364 1333 ὡς

114 1340 217 1423 ἐκείνη.
255 1337 287 1378 ²⁶
300 1331 369 1400 ὅσοι
395 1336 427 1401 δὲ
451 1341 513 1402 τοῖν
538 1335 720 1416 ἀλλοφύλων
759 1335 1284 1426 ἐνδρυμῷῆὦςίνὲνὶτιόνάρίων,
1311 1342 1363 1405 καί

115 1419 316 1501 διεσώθησαν,
344 1422 597 1502 παραγενηθέντες
621 1415 720 1504 ἀπήγ-
757 1420 796 1482 τὰ
818 1417 1016 1506 παστοφόρια
1038 1427 1242 1514 καθηρημένα.
1267 1425 1365 1488 32καὶ

114 1502 213 1580 γειλαν
227 1506 269 1584 τῷ
286 1506 390 1584 Λυσίᾳ
406 1501 507 1567 πάντα
524 1502 564 1568 τά
578 1507 719 1590 συμβεβη-
757 1501 910 1588 διέρρηξαν
922 1501 962 1568 τά
975 1503 1078 1588 ἱμάτια
1091 1506 1206 1584 αὐτῶν,
1232 1507 1284 1572 καὶ
1294 1503 1363 1571 ἑκό-

116 1582 201 1650 κότα.
240 1587 269 1628 27
283 1584 300 1650 ὁ
315 1584 347 1650 δέ
360 1582 493 1660 ἀνιούσας
509 1581 655 1671 συνεχύθη
668 1588 720 1650 καί
757 1604 858 1668 ψαντο
878 1587 1006 1654 κοπετὸν
1026 1592 1129 1673 μέγαν,
1142 1591 1195 1656 καί
1217 1593 1363 1656 ἐπέθεντο

117 1666 237 1771 ἠθύμει,
263 1665 312 1733 ὅτι
325 1667 379 1752 ούχ
396 1669 446 1733 οἷα
459 1669 563 1753 ήθελε,
589 1674 719 1734 τοιαῦτα
757 1668 871 1735 σποδὸν
882 1673 932 1735 ἐπὶ
944 1670 998 1756 τήν
1010 1672 1140 1759 κεφαλήν
1153 1672 1263 1742 αύτῶν.
1277 1674 1362 1739 *θκαλ

115 1777 225 1830 γεγονει
236 1757 281 1835 τῷ
290 1749 427 1834 Ἰσραήλ,
453 1754 505 1817 καί
521 1751 576 1837 οάχ
594 1752 645 1817 οἷα
657 1755 719 1816 ἔνι-
758 1752 861 1815 έπεσον
873 1755 923 1816 ἐπὶ
935 1755 1100 1837 πρόςωπον
1111 1759 1161 1820 ἐπὶ
1175 1757 1228 1840 τήν
1240 1759 1362 1839 γῆνκαὶ

114 1835 233 1900 τείλατο
243 1835 328 1918 αύτῷ
339 1831 511 1920 δβασιλεύς,
520 1839 646 1900 τοιαῦτα
656 1837 719 1910 έξέ-
757 1828 921 1898 ἑσάλπισαν
941 1848 1007 1911 ταῖς
1028 1834 1163 1915 σάλπιγξι
1183 1844 1245 1902 τοῖν
1266 1865 1361 1922 σημα-

113 1924 160 2005 βη.
193 1919 287 1982 22καὶ
311 1921 343 1983 έν
367 1923 411 2002 τῷ
434 1922 564 2003 ἐχομένῳ
591 1922 719 2001 ἐνιαυτῷ
757 1917 911 1991 σιῶν,καί
932 1914 1062 2002 ἐβόησαν
1084 1926 1123 1995 είς
1144 1917 1198 1986 τὸν
1221 1917 1361 2006 οὐρανόν.

115 1997 301 2086 συνελόχησεν
316 1998 334 2064 ὁ
347 2007 464 2076 Λυσίας
484 2001 602 2088 ἀνδρῶν
620 2001 717 2067 ἐπιλέ-
756 1999 786 2041 ⁴1
792 1996 862 2064 τότε
875 2002 1015 2076 ἐπέταξεν
1024 1999 1142 2079 Ἰούδας
1148 2002 1257 2090 ἀνδρας
1269 2003 1360 2069 πολε-

114 2111 192 2150 κτων
205 2082 347 2168 ἑξήκοντα
359 2083 490 2190 χιλιάδας
503 2089 554 2150 καί
565 2111 718 2161 πεντακις·
756 2093 820 2165 μεῖν
832 2082 900 2158 τούς
913 2087 943 2148 ἐν
956 2089 995 2175 τῇ
1007 2083 1085 2172 ἀκρη
1096 2093 1151 2163 ἕως
1160 2086 1197 2154 ἀν
1206 2092 1360 2179 καθαρίση

113 2168 208 2250 χιλίαν
220 2172 332 2240 ἵππον,
358 2164 428 2242 ω’ςτε
440 2170 636 2250 ἐκπολεμῆσαι
661 2167 719 2233 αύ-
758 2165 796 2231 τά
809 2162 888 2244 δι’για.
927 2167 960 2208 ⁴²
972 2173 1024 2235 καὶ
1036 2171 1166 2247 ἐπέλεξεν
1180 2177 1261 2256 ἱερεῖς
1274 2170 1360 2253 ἀμού-

113 2250 193 2323 τούς.
219 2250 249 2291 29
263 2251 314 2311 καί
322 2240 419 2329 ἦλθον
430 2256 469 2324 εἷς
478 2249 529 2332 τήν
538 2249 718 2334 Ἰδουμαίαν,
755 2274 828 2332 μους
847 2250 977 2354 θελητάς
998 2248 1104 2333 νόμου.
1129 2254 1161 2294 ⁴³
1173 2256 1226 2317 καί
1243 2249 1359 2317 έκαθά·,

113 2335 165 2397 καὶ
175 2331 378 2417 παρενέβαλον
390 2335 422 2397 ἐν
433 2330 653 2416 Βαιθσούροις,
667 2336 719 2398 καὶ
756 2357 843 2415 ρισαν
853 2333 893 2397 τά
906 2330 989 2411 α’για,
1017 2336 1069 2398 καί
1081 2322 1159 2422 ήραν
1170 2333 1360 2413 τοδςλίθους

114 2413 290 2498 συνήντησεν
301 2413 404 2488 αὐτοῖς
417 2414 532 2490 Ἰούδας
545 2420 577 2481 έν
588 2418 661 2481 δέκα
671 2443 717 2500 χι·
756 2419 812 2480 τοῦ
836 2420 968 2501 μιασμοῦ
992 2421 1032 2491 είς
1046 2414 1145 2483 τόπον
1169 2413 1360 2504 ἀκάθαρτον.

112 2494 212 2563 λιάσιν
229 2495 355 2582 ἀνδρῶν.
393 2500 424 2543 ³⁰
438 2501 489 2564 καὶ
501 2498 556 2563 εἶδε
568 2499 624 2582 τήν
636 2526 716 2586 παρ-
756 2497 789 2539 ⁴⁴
802 2501 855 2565 καί
866 2495 1080 2586 ἐβουλεύσαντο
1097 2503 1167 2587 περὶ
1178 2505 1236 2567 τοῦ
1246 2511 1358 2567 θυσια-

113 2578 234 2667 εμβολην
247 2579 378 2665 ίσχυράν,
391 2584 442 2646 καί
452 2578 654 2667 προςηύξατο,
666 2585 717 2647 καὶ
756 2587 877 2665 στηρίσυ
891 2589 942 2668 τῆς
955 2579 1188 2659 ὁλοκαυτώσεως
1205 2587 1358 2708 τοδβεβη-

112 2665 197 2729 εἶπεν.
223 2661 381 2746 εὐλογητὸς
398 2664 427 2729 εἶ
441 2664 458 2729 ὁ
474 2665 575 2749 σωτήρ
586 2671 642 2730 τοῦ
653 2665 716 2732 Ἰσ·
756 2665 900 2745 λωμένου,
923 2671 953 2731 τί
968 2663 1053 2749 αὐτῷ
1073 2662 1231 2770 πουήσωσι.
1280 2667 1359 2732 ὅκαί

111 2748 189 2833 ραήλ
202 2744 220 2811 ὁ
233 2753 396 2831 συντρίψας
412 2748 447 2814 τὸ
461 2746 581 2833 ὅρμημα
594 2753 649 2814 τοῦ
664 2750 715 2815 δυ-
755 2751 896 2812 ίπέπεσεν
907 2749 1010 2824 αὐτοῖς
1021 2747 1113 2855 βουλή
1127 2749 1248 2833 αγαθή,
1261 2759 1357 2815 καθετ

112 2835 206 2895 νατοῦ
217 2834 249 2895 ἐν
261 2833 332 2914 χειρί
344 2835 400 2896 τοῦ
412 2829 525 2897 δούλου
539 2858 594 2897 σου
607 2834 714 2906 Δαυίδ,
755 2831 813 2895 λεῖν
825 2827 902 2896 αὐτὸ
907 2880 917 2908 ,
941 2828 1058 2915 μήποτε
1068 2858 1190 2916 γενηται
1201 2832 1308 2907 αὐτοῖς
1319 2837 1360 2908 εἰς

110 2916 162 2979 καί
179 2915 356 2999 παρέδωκας
372 2915 427 2997 τήν
447 2913 637 3001 παρεμβολήν
654 2920 715 2981 τῶν
755 2912 876 2989 ὄνειδος,
900 2911 949 2980 ὅτι
971 2921 1093 2998 ἐμίαναν
1113 2914 1152 2982 τὰ
1175 2920 1249 3000 ἔθνη
1268 2914 1357 2991 αὐτὸ,

110 2994 290 3076 ἀλλοφύλων
307 3001 345 3071 εἰς
366 3010 464 3084 χεῖρας
479 2994 630 3064 Ἰωνάθαν
647 3004 714 3065 υἱοῦ
753 3000 803 3063 καί
816 2997 958 3066 καθεῖλον
969 2997 1007 3064 τὸ
1019 2994 1243 3084 θυσιαστήριον.
1269 2998 1358 3063 26καί

112 3079 219 3146 Σαοὺλ
246 3085 297 3145 καὶ
321 3086 379 3146 τοῦ
397 3084 535 3167 αἴροντος
560 3080 600 3147 τά
626 3077 714 3165 σκεύη
753 3079 904 3147 ἀπέθεντο
917 3080 988 3157 τούς
1004 3081 1111 3158 λίθους
1124 3086 1157 3147 ἐν
1169 3088 1213 3166 τῷ
1225 3078 1286 3167 δρει
1299 3087 1357 3146 τοῦ

112 3163 218 3229 αὐτοῦ.
244 3159 446 3241 31ούγκλεισον
459 3164 512 3250 τήν
526 3191 600 3252 παρε
659 3166 714 3250 λήν
753 3167 834 3231 οἴκου
860 3168 892 3230 έν
914 3161 1000 3250 τύπῳ
1026 3167 1180 3249 ἐπιτηδείῳ
1196 3168 1278 3251 μέχρι
1300 3171 1357 3230 τοῦ

108 3243 220 3330 ταύτην
234 3250 266 3313 ἐν
276 3249 350 3332 χειρί
362 3249 439 3314 λαοῦ
452 3274 507 3314 σου
517 3248 618 3336 Ἰσραή
639 3251 715 3325 ,καὶ
752 3255 997 3335 παραγενηθήναι
1014 3245 1175 3334 προφήτην
1196 3254 1253 3315 τοῦ
1277 3245 1357 3312 ἀπο·

109 3327 358 3434 αἰσχυνθήτωσαν
370 3335 421 3397 ἐπὶ
433 3338 470 3424 τῇ
483 3330 598 3418 δυνάμει
611 3336 663 3399 καὶ
675 3341 712 3427 τῇ
752 3337 890 3417 κριθῆναι
906 3337 974 3415 περὶ
991 3332 1100 3398 αὐτῶν.
1126 3333 1157 3375 ⁴⁷
1170 3333 1222 3396 καὶ
1244 3330 1358 3431 έλμβον

108 3419 195 3496 ἵππῳ
220 3420 328 3478 αυτῶν.
355 3418 384 3458 ³²
392 3416 442 3488 δὸς
466 3417 569 3490 αὐτοῖς
594 3417 712 3490 δειλίαν,
753 3416 858 3489 λίθους
879 3411 1061 3498 ὁλοκλήρους
1081 3412 1161 3477 κατὰ
1182 3413 1237 3476 τὸν
1255 3435 1356 3492 νομον,

108 3497 162 3560 καὶ
173 3497 263 3579 τήξον
274 3492 392 3578 θράσος
406 3493 505 3578 ἰσχύος
518 3497 634 3573 αὐτῶν,
661 3498 712 3561 καί
752 3498 802 3560 καί
814 3492 1012 3579 ᾠκοδόμησαν
1020 3492 1057 3558 τδ
1069 3489 1282 3576 θυσιαστήριον
1290 3518 1356 3556 και-

109 3572 344 3657 σαλευθήτωσαν
372 3580 409 3671 τή
439 3582 576 3670 συντριβῇ
602 3577 711 3644 αάτῶν.
752 3576 803 3642 νὸν
815 3573 893 3640 κατά
905 3578 941 3641 τὸ
955 3573 1110 3660 πρότερον.
1136 3576 1226 3640 “ml
1239 3570 1356 3658 ᾠκοδό-

108 3661 138 3701 ³³
165 3654 315 3744 κατάβαλε
339 3655 450 3733 αὐτούς
474 3663 610 3744 ῥομφαία
636 3658 710 3738 ἀγα·
750 3657 901 3743 μησαντά
921 3657 993 3736 ἀγια
1010 3661 1060 3724 καί
1078 3655 1118 3723 τά
1134 3654 1294 3734 ἐντὸςτού
1307 3657 1356 3722 m*-

106 3739 238 3808 πιόντων
251 3767 297 3817 σε,
309 3743 361 3807 καί
373 3738 578 3808 σίνεσάτωσάν
591 3768 624 3809 σε
634 3738 709 3807 πάν-
751 3766 815 3819 κου,
837 3736 889 3804 καλ
909 3739 963 3818 τάς
986 3739 1080 3816 αὐλάς
1099 3737 1234 3824 ήγίαοαν.
1259 3740 1292 3783 ⁴⁹
1305 3737 1356 3806 καλ

107 3852 154 3901 τες
169 3831 200 3891 οἱ
211 3820 316 3900 εἰδότες
329 3824 366 3889 τὸ
378 3821 474 3905 ὄνομά
488 3850 544 3890 σου
556 3829 588 3891 ἐν
601 3824 711 3908 ύμνοις.
750 3828 897 3908 ἐποίησαν
913 3820 1001 3909 σκεύη
1020 3821 1092 3903 ἅγια
1103 3823 1200 3898 καινά,
1219 3824 1269 3888 καὶ
1281 3818 1353 3928 είςή-

107 3910 139 3953 ³⁴
151 3912 202 3975 καί
215 3908 377 3994 συνέβαλον
389 3902 537 3993 ἀλλήλοις,
544 3911 596 3974 καί
607 3912 712 3975 δίτεσον
750 3932 852 3985 νεγκαν
864 3905 919 3990 τήν
937 3908 1057 3992 λυχνίαν
1073 3909 1124 3973 καὶ
1137 3903 1174 3971 τὸ
1185 3916 1355 4006 θυσιαστη-

108 3997 141 4057 ίκ
155 3998 205 4069 τ”ς
217 3994 405 4079 παρεμβολῆς
416 3997 536 4057 Λυσίου
550 3998 589 4069 εἰς
601 4017 712 4058 πεντα-
750 4016 816 4075 ριον
828 3995 889 4056 τῶν
901 3986 1099 4074 θυμιαμάτων
1117 3991 1168 4055 καὶ
1179 4014 1231 4074 την
1242 3986 1354 4074 τράπε-

108 4023 261 4159 κιςχιλίους
274 4078 393 4159 ἀνδρας,
404 4078 456 4141 καὶ
469 4078 575 4142 ύπεσον
587 4079 619 4153 ἐξ
631 4079 712 4142 ίναν·
750 4078 804 4152 ζαν
827 4079 866 4148 είς
888 4071 943 4140 τὸν
964 4075 1045 4139 ναόν.
1071 4075 1166 4139 20ιιαί
1188 4076 1355 4156 ἐθυμίασαν

108 4165 174 4233 τίας
199 4157 308 4225 αὐτῶν.
335 4162 364 4204 ³⁶
378 4160 451 4225 ίδών
476 4158 508 4223 δὲ
519 4165 637 4234 Λυσίας
658 4156 712 4242 τήν
750 4160 801 4223 ἐπὶ
811 4153 848 4223 τὸ
860 4153 1087 4243 θυσιαστήριον,
1096 4159 1147 4228 καὶ
1159 4159 1272 4242 ἐξῆψαν
1284 4151 1354 4229 τούς

108 4243 264 4323 γενομένην
282 4243 398 4345 τροπήν
415 4249 467 4329 τῆς
485 4242 583 4308 αὐτοῦ
601 4243 713 4307 συντά-
750 4237 871 4326 λύχνους
894 4241 966 4316 τοὺς
992 4243 1042 4306 ἐπὶ
1065 4245 1119 4326 τῆς
1141 4239 1272 4324 λυχνίας,
1303 4238 1355 4300 καὶ

107 4329 187 4401 ξεως,
210 4329 261 4408 τῆς
284 4325 316 4388 δι
338 4323 441 4392 Ἰούδα
465 4325 501 4391 τὸ
527 4329 712 4407 γεγενημένον
751 4328 914 4406 ἐφαίνοσαν
928 4328 1015 4407 ἐντῷ
1031 4330 1103 4408 ναῷ.
1141 4321 1354 4402 61καίέπέθη-

107 4402 240 4490 θάρσος,
264 4407 316 4470 καὶ
329 4401 370 4481 ὡς
382 4412 495 4491 ἕτοιμοί
512 4413 582 4475 εἰσιν
593 4407 613 4512 ή
626 4410 678 4496 ζῇν
692 4409 711 4493 ἢ
751 4435 809 4475 καν
822 4411 872 4474 ἐπὶ
885 4405 939 4494 τήν
950 4407 1101 4495 τράπεζαν
1113 4403 1233 4508 ἀρτους,
1246 4403 1297 4466 καί
1307 4403 1355 4486 ἐξ·Ι

108 4487 248 4556 τεθνάνα
259 4490 539 4590 γενναίως,ἀπῇρεν
551 4488 711 4570 ελςΑντιό-
751 4495 901 4563 επέτασαν
925 4489 965 4558 τά
989 4511 1252 4576 καταπετάσματα.
1300 4485 1355 4551 καί

795 4581 879 4662 Ppp
1289 4571 1353 4636 ἑτέ
