2924 4972
114 247 179 316 924
385 241 407 297 1
417 241 446 297 E
456 237 486 295 Ζ
496 239 525 294 Ε
537 238 569 296 K
580 240 601 297 1
611 238 648 296 H
657 238 692 296 A
734 237 809 310 Κεφ.
822 228 890 316 μηδ’.
903 230 960 313 μγ’.
974 225 1026 294 49.
1038 225 1090 294 43.

114 356 148 417 αί
164 350 279 433 ἐξέδραι
308 352 333 389 ¹¹
347 349 399 410 καί
420 343 437 409 ό
461 351 623 428 περίπατος
641 343 720 408 κατὰ
753 350 865 407 κοσίων
888 344 966 426 πρὸς
988 340 1150 416 άνατολάς,
1176 347 1228 405 καί
1254 367 1374 407 πεντα-

113 430 276 518 πρόςωπον
288 428 402 503 αὐτῶν,
416 426 546 492 κατὰτὰ
559 431 652 511 μέτρα
665 429 721 502 ἐξε·
752 430 864 490 κοσίων
876 430 980 509 πηχῶν
993 415 1086 508 εὖρος,
1110 429 1166 488 τοῦ
1177 425 1373 491 διαστέλλειν

114 519 194 602 δρῶν
206 519 267 579 τῶν
277 512 354 596 πρὸς
366 513 503 595 Βορρᾶν,
529 513 581 573 καί
593 507 671 573 κατὰ
683 506 720 573 τό
753 505 907 590 ἆναμέσον
930 513 992 572 τῶν
1008 505 1117 585 όιγίων,
1141 511 1193 572 καί
1213 505 1375 591 ἆναμέσον

113 606 209 685 μῆκος
221 594 337 669 αὐτῶν,
360 596 412 657 καί
425 591 551 657 κατὰτὸ
567 580 652 674 εύρος
664 589 722 654 αιἰ-
753 594 809 655 τοῦ
825 596 1082 677 προτειχίσματος,
1106 596 1162 655 τοῦ
1180 594 1213 656 ἐν
1230 589 1374 670 διατάξει

115 687 186 754 τῶν,
199 681 250 743 καί
263 676 342 742 κατὰ
353 673 454 750 πάσας
466 674 521 751 τὰς
532 671 652 750 ἐξόδους
664 670 720 738 αἴν-
753 677 809 738 τοῦ
827 675 918 739 οἴκου.

114 768 186 837 τοῖν,
198 763 250 826 καί
263 758 342 824 κατόι
352 755 454 833 πάσας
469 757 524 832 τάς
535 755 722 838 ἐπιστροφὰς
928 762 1002 821 ΚΕ
1015 761 1055 820 Φ.
1099 753 1192 823 ΜΓ.

116 844 228 918 αύτάνν,
241 844 291 907 καί
303 839 382 906 κατά
395 840 434 905 τὰ
447 846 537 922 φῶτα
546 838 657 914 αὐτῶν,
671 841 722 903 καί
753 804 839 905 Καί
849 838 945 926 ἤγαγέ
954 864 988 922 με
1000 842 1050 904 ἐπὶ
1060 839 1116 923 τίην
1124 839 1223 925 πάλην
1232 839 1379 928 τὴνβλέ-

115 928 194 993 κατὰ
218 926 258 989 τό
282 920 451 1008 θυρύματα
468 922 584 996 αὐτῶν,
621 927 649 965 ¹²
661 927 722 987 τῶν
753 947 871 988 πουσαν
887 924 966 988 κατὰ
984 921 1147 998 ἀνατολὰς,
1172 925 1224 988 καί
1238 922 1379 1008 ἐξήγαγέ

115 1010 240 1092 έξεδρῶν
261 1012 323 1072 τῶν
339 1007 417 1090 πρὸς
434 1004 550 1071 Νότον.
576 1008 628 1069 καί
643 1003 721 1069 κατὰ
752 1029 795 1086 με.
819 1007 898 1069 2καί
916 1005 982 1070 ίδοῖι
1000 1002 1074 1081 δόξα
1087 1010 1161 1071 θεοῦ
1170 1004 1302 1091 Ἰσραὴλ
1315 1009 1376 1094 ἤρ-

115 1091 154 1157 τά
166 1085 336 1175 θυρώματα
353 1088 405 1154 (ἔπ’
422 1087 512 1173 ἀρχῆς
523 1093 578 1152 τοῦ
592 1082 720 1171 περιπά-
770 1112 820 1153 ετο
838 1088 917 1153 κατὰ
935 1086 990 1170 τὴν
1006 1084 1078 1152 όδόν
1090 1087 1144 1171 τὴν
1155 1088 1237 1173 πρὸς
1251 1089 1375 1158 ἀνατο-

116 1200 185 1250 του,
211 1170 253 1247 ὦς
264 1174 315 1236 ἐπί
332 1176 396 1253 φῶς
414 1165 613 1253 διαστήματος
625 1166 722 1233 καλά·
751 1113 823 1246 λδς,
847 1174 898 1235 καί
916 1170 1003 1253 φωνὴ
1020 1176 1074 1252 τῆς
1090 1172 1301 1318 παρεμχδολης,
1329 1173 1375 1252 ὥς

115 1282 188 1339 μου,
212 1257 264 1320 καί
282 1253 361 1318 κατά
380 1252 530 1327 ἀνατολάς
549 1258 605 1317 τού
623 1257 720 1327 είςπο-
753 1251 838 1335 φωνὴ
851 1250 1106 1328 διπλασιαζόντων
1117 1255 1179 1319 πολ
1199 1260 1254 1319 ὠν.
1282 1258 1374 1343 καίίη

117 1335 257 1426 ριύεσθαι
274 1335 308 1401 δι’
326 1334 435 1401 αὐτῶν.
460 1338 488 1378 ¹³
500 1339 551 1399 καί
568 1334 629 1401 είπε
643 1332 722 1420 πρός
752 1339 791 1418 γῆ
808 1337 969 1419 ἐξέλαμπεν
986 1335 1027 1411 ὡς
1038 1341 1147 1417 φέγγος
1163 1335 1230 1403 άπὸ
1243 1344 1301 1422 τῆς
1315 1339 1373 1407 δό-

116 1425 161 1508 μέ.
188 1425 222 1485 αί
234 1421 349 1503 έξέδραι
365 1423 399 1483 αί
415 1417 491 1498 πρός
503 1421 588 1501 Βορ“
600 1423 643 1494 ”ν,
670 1419 727 1487 καί,
753 1420 804 1503 ξης
820 1417 971 1487 κυκλόθεν.
995 1421 1011 1462 ³
1025 1423 1076 1484 καί
1092 1415 1112 1502 ἦ
1127 1417 1230 1505 ὅρασις
1243 1418 1283 1505 ἢν
1301 1424 1374 1491 ἴδον

117 1509 150 1571 αί
162 1504 279 1587 έξέδραι
291 1506 325 1567 αί
334 1500 411 1585 πρὸς
420 1497 535 1578 Νότον,
545 1444 634 1566 ούάαι
644 1496 722 1564 κατά
753 1503 832 1566 κατὰ
850 1503 906 1586 τὴν
918 1500 1023 1588 ὅρασιν
1035 1499 1070 1585 ἣν
1081 1505 1162 1577 ίδον,
1188 1499 1240 1568 ὅτε
1253 1510 1372 1580 είςεπο-

116 1581 277 1671 πρόςωπον
300 1588 363 1648 τῶν
380 1581 602 1666 διαστημάτων,
628 1575 723 1648 αὗταί
753 1582 878 1668 ρευόμην
896 1591 953 1650 τοῦ
963 1598 1060 1670 χρῖσαι
1079 1585 1133 1693 τῖην
1144 1583 1246 1652 πόλιν.
1273 1592 1329 1654 καί
1349 1588 1371 1673 ἦ

117 1675 187 1735 είσιν
199 1670 233 1731 αί
244 1667 359 1747 έξέδραι
370 1672 426 1732 τοῦ
439 1664 538 1743 ἁγίου,
559 1670 590 1730 ἐν
603 1666 649 1741 αίς
660 1661 721 1746 φά-
754 1664 856 1753 ὅρασις
867 1673 924 1733 τοῦ
938 1666 1070 1753 ἅρματος
1082 1693 1120 1734 ου
1133 1669 1207 1745 ἴδον,
1221 1672 1306 1737 κατὰ
1317 1673 1371 1759 τὴν

116 1775 221 1830 γονται
233 1753 333 1815 ἐκεῖοί
346 1753 430 1835 ἱερεῖς
442 1751 502 1814 υίοί
512 1747 670 1823 Σαδδούκ,
692 1753 723 1813 οί
755 1748 861 1832 ὅρασιν
879 1746 915 1836 ἣν
933 1753 997 1816 ἴδον
1014 1753 1064 1815 ἐπί
1079 1756 1135 1818 τοῦ
1152 1760 1297 1836 ποταμοῦ
1310 1760 1370 1823 τοῦ

117 1837 311 1937 ἐμγίζοντεςπ
331 1831 364 1908 ός
383 1830 502 1917 κύριον,
519 1831 559 1896 τά
572 1830 645 1908 όίγια
661 1835 723 1895 τῶν
757 1830 1363 1921 Χοβάρ.καίπίπτωῖπίπρόςωπόνμου,

117 1923 224 1996 αγίων,
247 1918 298 1981 καί
311 1858 375 1980 ἐκεῖ
384 1914 513 1999 θήσουσι
525 1913 564 1979 τά
576 1913 650 1992 afim
660 1917 722 1977 τῶν
754 1917 772 1958 ⁴
784 1920 836 1983 καί
848 1914 922 1993 δόξα
935 1923 1036 2022 κυρίου
1056 1919 1185 2003 είςῖηλθεν
1198 1925 1239 1994 είς
1251 1920 1307 1986 τόν
1318 1919 1365 1987 ol-

116 1999 212 2078 ἁγίων
216 2047 226 2075 ,
251 1995 381 2081 κοίτην
404 2003 517 2063 θυσίαν
533 1999 585 2061 καί
601 1999 641 2061 τὰ
656 1998 723 2079 περί
756 2024 825 2077 κον,
850 2000 928 2066 κατὰ
951 2026 1007 2086 την
1031 1998 1102 2066 όδόν
1125 2008 1177 2110 της
1197 1999 1297 2087 πάλης
1313 2010 1367 2087 τῆς

116 2081 274 2184 ἆμαρτίας,
301 2081 353 2145 καί
364 2079 404 2145 τά
416 2082 484 2163 περί
497 2078 628 2157 ἀγνοίας,
644 2078 722 2144 διότι
754 2081 920 2231 ςὲεπούσης
933 2083 1011 2149 κατὰ
1024 2082 1180 2160 ἇνατολας.
1198 2089 1213 2129 ⁶
1226 2091 1279 2152 καί
1292 2085 1363 2152 άνέ·

115 2164 135 2232 ὁ
159 2189 254 2238 τοπος
276 2159 368 2241 ἅγιος.
399 2163 428 2209 ¹⁴
441 2161 497 2238 οὐκ
515 2158 723 2238 ελςελεύσονται
794 2170 831 2254 (λέ
847 2193 882 2251 με
899 2172 1029 2250 πνεῦμα,
1055 2172 1105 2234 καί
1122 2163 1258 2253 εέςηγαγέ
1271 2195 1306 2253 με
1322 2175 1366 2246 είς

116 2245 280 2332 έκιῒπάρεξ
292 2252 353 2312 τῶν
365 2249 476 2332 ίερέων,
489 2243 723 2323 οὐκέξελιύσον-
756 2250 809 2315 τ“ν
833 2248 929 2334 αὐλὴν
952 2251 1007 2336 τὴν
1027 2252 1186 2335 ἐσωτέραν.
1224 2256 1275 2318 καί
1293 2252 1362 2316 ίδοῖι

113 2359 167 2411 ,ται
193 2335 226 2396 ἐκ
250 2334 306 2395 τοῦ
325 2328 415 2408 ἁγίου
432 2334 470 2405 είς
486 2332 542 2433 τῖην
559 2328 654 2413 αύλίην
669 2328 725 2415 τὴν
754 2362 779 2397 π
806 2327 814 2353 ‘
836 2360 869 2416 ης
893 2330 979 2416 δόξης
997 2331 1016 2397 ὁ
1031 2341 1135 2439 καιρίου
1152 2334 1242 2409 οἶκος.
1281 2336 1366 2400 8καῖ

117 2416 274 2499 ἐξωτέραν,
288 2411 372 2489 ὅπως
383 2413 546 2487 διαπαντος
559 2409 638 2489 άγιοι
651 2402 725 2478 ιόσιν
756 2420 851 2500 ἔστην,
864 2419 915 2482 καί
928 2414 994 2481 ἰδού
1004 2440 1089 2502 φωνη
1098 2420 1197 2482 ἐκτοῦ
1207 2418 1295 2480 οίίιοο
1303 2418 1362 2481 λα-

117 2503 148 2563 οί
159 2492 366 2581 προςάγοντες,
383 2498 435 2561 καί
446 2493 485 2581 μὴ
498 2493 654 2560 ἅπτωνται
666 2500 724 2561 τού
755 2499 880 2574 λούντος
892 2497 969 2585 πρός
981 2499 1032 2584 μὲ,
1057 2502 1106 2564 καί
1117 2498 1135 2563 ὁ
1147 2498 1218 2580 ἀνὴρ
1231 2495 1365 2581 είστηκει

117 2581 280 2662 στολισμοῦ
294 2579 408 2654 αὐτῶν,
432 2584 464 2644 ἐν
476 2580 519 2654 οἷς
531 2578 723 2665 λειτουργού-
756 2578 887 2686 ἐχόμενός
898 2608 972 2664 μου,
999 2586 1013 2627 ⁷
1024 2584 1072 2647 καί
1083 2579 1143 2644 εἷπε
1154 2578 1229 2664 πρός
1239 2583 1281 2659 μέ
1308 2582 1358 2643 υἱέ

117 2687 164 2730 σιν
182 2668 213 2728 έν
233 2661 353 2737 αὐτοῖς,
379 2660 456 2729 διότι
477 2657 550 2739 άγιά
567 2664 638 2725 έστι.
672 2664 723 2726 καί
756 2662 943 2750 ανθρώπου,
970 2661 1099 2751 ἑόρακας
1113 2660 1167 2727 τόν
1185 2658 1282 2725 τόπον
1295 2667 1357 2725 τοῦ

116 2745 288 2812 ἐνδύοονται
298 2742 401 2827 ίμάτια
414 2751 508 2829 έτερα,
519 2742 592 2809 όταν
600 2744 724 2811 άπτων·
755 2744 874 2832 θρόνου
887 2774 957 2829 μου,
967 2745 1081 2816 καὶτὸν
1091 2741 1246 2811 τόποντοῦ
1258 2745 1363 2829 ἴχνους

115 2856 165 2894 ται
182 2834 240 2894 τοῦ
259 2829 343 2893 λαοῦ.
379 2830 405 2872 ¹⁵
418 2833 470 2893 καί
491 2827 721 2912 amulium
755 2837 816 2896 τῶν
826 2833 932 2897 ποδοῖν
947 2859 1005 2915 μου
1010 2862 1023 2911 ,·
1049 2831 1134 2906 ἐνοίς
1146 2835 1365 2913 κατασκηνώση

115 2914 303 2997 διαμέτρησις
314 2915 370 2975 τοῦ
382 2912 466 2974 οἴκου
479 2914 601 2976 ἔσωθεν.
615 2912 666 2974 καί
675 2913 723 2986 ἐξ·
756 2913 793 2980 τό
806 2912 905 2998 ὄνομά
915 2941 973 2997 μου
992 2919 1023 2980 ἐν
1040 2917 1121 2997 μέσῳ
1136 2915 1222 2977 οἴκου
1236 2902 1369 2997 Ἰσραὴλ.

116 2993 211 3080 ἤγαγέ
221 3021 256 3078 με
268 2993 336 3060 καθ’
351 2992 422 3059 ὁδὸν
432 3000 484 3076 τῆς
492 2992 587 3076 πύλης
596 2999 647 3078 της
656 2996 722 3080 βλι-
756 2997 809 3063 τόν
821 3003 924 3062 αἰῶνα.
942 3000 993 3062 καί
1005 2996 1043 3062 ού
1055 2994 1276 3100 βηδηλοίοουσιν
1291 2994 1366 3061 οὐκ·

115 3075 231 3158 πούσης
242 3075 321 3160 πρός
330 3076 490 3152 ἀνατολάς,
500 3082 550 3141 καί
559 3079 722 3162 διεμέτρησε
756 3085 799 3145 έτι
818 3080 899 3155 οίκος
913 3077 1037 3164 Ἰσραὴλ
1058 3105 1095 3146 το
1115 3078 1209 3159 όνομα
1223 3078 1263 3142 τὸ
1277 3074 1367 3155 άγιόν

115 3161 152 3224 τὸ
170 3156 335 3236 ὑπόδειγμα
353 3164 409 3222 τοῦ
425 3162 510 3223 οἴκου
527 3157 674 3224 κυκλόθεν
692 3165 723 3225 έν
754 3190 812 3245 μου
831 3163 918 3228 αὐτοὶ
936 3168 987 3226 καί
1004 3167 1036 3228 οἱ
1047 3159 1201 3270 ἡγούμενοι
1219 3162 1322 3226 αὐτῶν
1336 3167 1368 3227 ἐν

116 3240 251 3318 διατάξει.
277 3242 306 3283 ¹⁰
319 3243 370 3306 καί
386 3244 455 3325 έστη
468 3240 547 3305 κατὰ
561 3239 657 3306 νώτου
670 3249 722 3326 της
755 3253 793 3329 τῆ
805 3251 925 3328 πορνείᾳ
937 3245 1053 3321 αὐτῶν,
1074 3271 1126 3308 και
1138 3248 1170 3307 ἐν
1179 3256 1246 3316 τοῖς
1258 3241 1368 3324 φόνοις

114 3321 211 3409 πύλης
227 3330 278 3407 τῆς
288 3321 454 3410 βλκπούσης
466 3323 545 3389 κατά
561 3322 721 3403 άνατολύς,
755 3320 815 3395 τόῑν
829 3326 995 3412 ἡγουμένων
1005 3329 1037 3390 ἐν
1053 3330 1135 3408 μέσῳ
1153 3325 1277 3401 αὐτῶν,
1306 3330 1368 3394 θέο

114 3410 166 3473 καὶ
188 3410 356 3492 διεμέτρησε
382 3415 597 3484 πεντακοσίους
621 3413 653 3474 ἐν
676 3416 721 3495 τῷ
754 3417 799 3496 τῷ
819 3413 933 3474 τιθέναι
951 3407 1061 3484 αὐτούς
1074 3405 1112 3472 τό
1128 3403 1296 3492 πρόθυρόν
1306 3439 1368 3493 μοα

115 3488 240 3573 καλάμῳ
253 3499 307 3555 τοῦ
319 3496 438 3576 μέτρου.
459 3495 486 3536 ¹²
499 3494 722 3577 καίέπέστρεηιε
753 3501 784 3560 ἐν
807 3507 873 3569 τοῖς
896 3486 1066 3578 προθύροις
1090 3490 1206 3566 αὐτῶν,
1229 3495 1285 3556 καί
1309 3494 1368 3572 τὰς

114 3572 191 3656 πρὸς
201 3578 338 3657 Βορρᾶν,
350 3579 400 3639 καί
415 3578 579 3677 διεμέτρησε
591 3573 628 3638 τό
643 3576 721 3640 κατὰ
754 3574 841 3659 φλιάς
852 3602 911 3661 μου
924 3581 1061 3662 ἐχομένας
1072 3579 1134 3641 τῶν
1145 3575 1241 3656 ῳλιοῖν
1250 3573 1365 3642 αὐτῶν.

113 3652 276 3736 πρόςωπον
290 3662 345 3720 τοῦ
357 3661 482 3743 Βορρᾶ,
503 3683 721 3742 πηχειςπεντα-
753 3664 805 3725 καί
820 3664 936 3726 ε”δοικαν
953 3659 1008 3725 τόν
1026 3655 1129 3763 τοίχόν
1146 3684 1206 3743 μου
1225 3656 1365 3733 ὡςσυνε·

113 3742 234 3809 κοσίους
259 3740 288 3800 ἐν
314 3744 358 3822 τῷ
378 3738 505 3822 καλάμῳ
527 3747 583 3805 τοῦ
600 3745 719 3827 μέτρου.
752 3739 874 3830 χόμενον
890 3748 965 3825 ἐμοῦ
982 3745 1032 3807 καί
1048 3747 1165 3816 αυτῶν,
1191 3744 1244 3806 καί
1261 3741 1367 3828 ἐβεβή-

112 3818 142 3858 ¹⁸
154 3819 205 3880 καί
218 3822 380 3904 ἐπέστρεψε
391 3824 468 3904 πρὸς
480 3820 651 3901 θάλασσαν,
669 3831 720 3892 καί
752 3829 855 3892 λωσαν
866 3825 901 3890 τό
916 3826 1014 3910 ὄνομα
1030 3824 1068 3889 τό
1081 3821 1168 3903 άγιόν
1180 3849 1241 3907 μου
1253 3828 1284 3888 ἐν
1295 3838 1368 3902 ταῖς

111 3898 280 3981 διεμέτρησε
292 3904 328 3966 τὸ
342 3903 422 3968 κατὰ
430 3903 719 3990 πρόςωπονθαλάσ-
752 3909 890 3991 άνομίαις
908 3909 1013 3975 αὐτῶν
1026 3909 1072 3984 αίς
1084 3914 1212 3974 ἐποίουν.
1236 3908 1290 3970 καί
1301 3911 1367 3985 ἐξέ-

112 4005 179 4063 σης,
203 3991 413 4061 πεντακοσίους
425 3992 515 4072 ἐντῷ
527 3986 651 4074 καλάμῳ
665 3999 719 4057 τοῦ
751 4011 846 4077 τριῳα
867 3991 982 4068 αὐτοὺς
1003 3997 1035 4056 έν
1057 3995 1148 4075 θυμῷ
1163 4015 1233 4072 μου,
1260 3992 1316 4052 καί
1335 3997 1369 4057 ἐν

109 4066 228 4149 μέτρου.
260 4068 353 4129 19καί
373 4071 536 4156 ἐπέστρεψε
554 4073 631 4158 πρὸς
646 4073 716 4141 Νά-
751 4073 846 4158 (μόνῳ.
873 4077 956 4139 9καί
971 4080 1024 4140 νῦν
1040 4072 1281 4139 ἆπωσάσθωοαν
1307 4074 1368 4158 τὴν

109 4171 177 4245 τοχ,
209 4151 261 4214 καί
292 4150 457 4235 διεμέτρησε
483 4159 637 4221 κατέναντι
661 4165 718 4222 τοῦ
749 4165 891 4244 πορνείαν
903 4158 1015 4233 αὐτῶν,
1028 4149 1366 4236 καίτοόςηόνουςτοῖν

111 4232 230 4309 Νοτου,
255 4241 468 4308 πεντακοσίους
485 4241 517 4299 έν
535 4243 580 4319 τῷ
591 4237 716 4325 καλάμῳ
750 4241 919 4325 ἡγουμένων
932 4240 1036 4308 αύτοῖν
1045 4240 1097 4305 ἀπ’
1109 4243 1192 4324 ἐμοῦ,
1201 4241 1255 4303 καί
1264 4264 1363 4302 κατα-

107 4318 164 4413 τῳ]
181 4317 308 4398 μέτρου,
334 4317 365 4357 ²⁰
378 4315 417 4379 τά
430 4323 562 4401 τέσσαρα
573 4324 647 4403 μέρη
659 4330 716 4387 τοῦ
750 4325 891 4408 οκηνοόσω
910 4330 1038 4408 ἐνμέσῳ
1059 4322 1161 4388 αὐτῶν
1184 4320 1238 4387 τὸν
1254 4325 1364 4386 αίοῖνα.

105 4402 206 4461 αυτοῦ
224 4399 368 4482 καλάμου.
394 4400 445 4462 καί
462 4401 593 4476 διέταξεν
612 4403 714 4481 αὑτὸν,
748 4412 777 4453 ¹⁰
787 4410 839 4473 καί
852 4408 888 4474 σύ
902 4408 946 4473 υίέ
959 4401 1136 4486 ἀνθρώπου,
1149 4408 1243 4482 δεῖξον
1255 4409 1300 4489 τῷ
1314 4407 1367 4470 οἴ-

99 4480 154 4544 καί
170 4482 334 4570 περίβολον
351 4480 452 4546 αὐτων
464 4478 579 4570 κύκλῳ,
606 4512 714 4553 πεντα-
730 4544 732 4555 .
747 4484 1367 4596 κῳ’1σραίηλτόνοίκον,καίκοπάσοῳσῳ

1298 4600 1368 4639 απο
