2924 4972
389 204 746 268 Λσνινιιιοιτ
783 166 1001 283 mnam}
1253 206 1317 271 ινο

64 314 144 398 ύμῖν.
157 319 210 379 καὶ
221 312 373 397 ἐπιστήσω
386 296 1129 419 ἐφ’-ύμῖτίχν-ἀπο-ρ-άγέοθεῑίῖκαὶ-ἐρ-ημῶσω
1143 316 1194 394 τάς
1207 314 1318 401 στήλας

63 406 149 483 ρίαν,
175 394 228 480 τήν
244 422 276 461 τε
293 393 420 481 ψώραν,
446 400 497 462 καί
510 394 561 462 τὸν
575 400 673 483 ίκτερα
713 405 804 483 υμῶν,
816 400 869 465 καί
880 399 1090 483 ἐξολρθρευσω
1101 398 1138 465 τά
1147 396 1249 477 ξύλινα
1259 424 1318 485 χει-

64 482 278 563 σφακελίζοντα
296 477 368 554 τούς
386 477 565 561 ὀφθαλμούς
586 477 673 564 ὑμῶν,
711 488 864 585 ροποίητα
884 478 981 564 ὑμῶν,
1007 484 1058 547 καὶ
1075 477 1165 566 θήσω
1184 481 1221 547 τά
1235 480 1318 547 κῶλα

62 567 116 628 καί
127 564 182 648 τήν
195 562 296 647 ψυχήν
313 559 395 645 ύμῶν
409 559 598 643 ἑκτήκσυσαν.
623 566 675 628 καὶ
713 570 795 647 υμῶν
807 567 858 629 ἐπὶ
868 563 907 629 τά
918 565 1003 629 κῶλα
1016 570 1076 631 τῶν
1085 560 1214 631 είδῶλων
1228 560 1319 665 ὑμῶν,

64 659 194 728 σπερεῖτε
212 647 343 748 διακαής
360 641 400 709 τά
416 649 571 731 σπέρματα
584 642 673 727 ὑμῶν,
713 650 763 711 καί
790 658 966 732 προςοχθιεί
993 645 1012 732 ή
1043 644 1125 751 ψυχή
1154 674 1214 730 μου
1241 658 1318 729 υμῖν.

64 733 118 794 καί
133 731 252 793 ἔδονται
262 733 295 793 οί
308 734 476 793 υπεναντίοι
488 726 578 811 ὑμῶν.
593 730 674 792 17καί
713 731 740 771 ³¹
749 730 799 792 καί
809 725 898 811 θήσω
910 729 964 805 τὰς
975 726 1075 805 πόλεις
1087 735 1170 835 υμῶν
1183 725 1318 815 ἐρήμους,

64 808 214 896 ἐπιστήσω
229 810 266 876 τὸ
284 807 445 898 πράςανιτάν
455 837 515 894 μου
527 809 571 892 ἐφ’
589 808 674 893 ὑμᾶς,
712 812 765 875 καὶ
776 809 950 893 ἐξερημῶσω
962 812 1001 877 τά
1013 808 1083 891 ἅγια
1097 818 1189 896 υμῶν,
1214 813 1266 877 καί
1279 810 1319 877 ού

64 897 117 958 καί
143 904 278 960 πεσεῖσθε
307 898 443 959 ἐναντίον
465 899 528 959 τῶν
555 896 673 978 ἐχθρῶν
711 894 752 977 μή
772 890 939 973 δσςριινθῶ
959 899 1012 978 τῆς
1024 894 1116 975 ὀσμῆς
1128 901 1188 961 τῶν
1200 900 1319 960 θυσιῶν

65 974 163 1058 ύμῶν,
188 979 240 1041 καί
255 971 408 1053 διῶξανται
421 971 495 1058 ὑμᾶς
508 980 541 1041 οί
551 980 672 1060 μισοῦν·
713 970 805 1057 ὑμῶν.
832 976 861 1015 ³²
875 976 926 1037 καί
942 976 1113 1060 ἐξερημώσω
1126 977 1184 1055 ἐγῶ
1195 974 1251 1060 τήν
1261 981 1318 1063 γήν

64 1086 111 1134 τες
127 1056 219 1144 ὑμᾶς,
245 1061 296 1123 καί
312 1056 451 1139 φεύξεσθε
470 1057 590 1134 οὐδενὸς
602 1053 673 1123 διῶ-
713 1054 812 1141 ύμῶν,
838 1056 891 1119 καί
906 1054 1114 1137 θαυμάσονται
1130 1057 1173 1124 ἐπ’
1190 1058 1266 1162 αὓτη
1286 1062 1319 1125 ολ

64 1168 172 1216 κοντος
189 1139 274 1225 ὑμᾶς.
303 1143 397 1205 18καὶ
414 1140 468 1205 ἐὰν
486 1145 542 1214 ἕως
560 1137 673 1206 τούτου
712 1140 821 1263 ἐχθροὶ
833 1133 930 1219 ὑμῶν,
949 1134 981 1201 οί
993 1142 1174 1215 ἐνοικοῦντες
1186 1144 1216 1206 ἐν
1228 1146 1318 1233 αυτή.

63 1224 103 1307 μή
122 1220 319 1304 ύπακούσητέ
341 1249 415 1305 μου,
441 1225 492 1285 καί
509 1220 674 1305 πρσςθήσω
755 1222 806 1283 καί
817 1220 968 1305 διασπερῶ
982 1216 1058 1303 ὑμᾶς
1071 1226 1109 1295 είς
1122 1220 1161 1287 τὰ
1172 1224 1258 1323 ἔθνη,
1269 1226 1321 1287 καί

61 1311 119 1370 τοῦ
136 1307 295 1369 παιδεῦσαι
313 1299 389 1386 ὑμᾶς
405 1298 527 1377 ἑπτάκις
543 1304 594 1366 ἐπὶ
610 1315 675 1377 ταῖς
713 1298 889 1378 ἐξαναλῶωι
903 1298 1224 1387 ύμᾶςέπιπσρευομένη
1234 1298 1322 1387 ημά-

62 1385 228 1471 ἁμαρτίαις
241 1381 332 1466 ὑμῶν.
354 1386 443 1448 19ιιαί
456 1391 611 1471 συντρίψω
622 1381 674 1469 τήν
710 1410 817 1470 χαιρα,
841 1386 895 1451 καί
911 1386 996 1451 ἔσται
1013 1380 1033 1467 ή
1049 1389 1089 1469 γή
1108 1381 1191 1469 ἀμῶν
1202 1388 1320 1469 ἔρημος,

63 1470 151 1554 ὕβριν
164 1471 218 1549 τής
231 1463 432 1568 ύπερηφανίας
444 1462 534 1549 ὑμῶν.
557 1470 608 1531 καί
616 1463 672 1551 θή·
710 1470 761 1533 καί
785 1470 820 1533 αί
842 1461 943 1542 πόλεις
964 1464 1048 1552 ὑμῶν
1064 1470 1186 1533 ἔσονται
1203 1472 1318 1553 ἔρημοι.

64 1576 112 1615 σω
135 1548 192 1614 τὸν
209 1546 340 1632 ούρανον
357 1544 424 1632 ύμῖν
441 1550 595 1633 σιδηροῦν,
619 1553 671 1617 καί
708 1549 740 1591 ³⁴
753 1545 821 1614 τάτε
845 1544 996 1635 εύδοκήσει
1020 1545 1039 1632 ή
1063 1556 1101 1634 γή
1124 1550 1163 1617 τά
1180 1547 1318 1637 σάββατα

62 1637 120 1715 τήν
128 1635 185 1716 γήν
195 1628 277 1715 ὑμῶν
287 1628 351 1707 ῶςεί
357 1632 670 1737 χαλκήν.2θκαίέσται
708 1629 802 1716 αύτής
813 1628 915 1708 πάσας
933 1632 987 1708 τάς
1005 1629 1116 1717 ἡμέρας
1134 1638 1185 1717 τής
1202 1630 1318 1720 ἐρημῶ-

61 1720 102 1789 είς
120 1714 204 1779 κενὸν
220 1711 240 1798 ή
260 1714 340 1799 ίσχίις
354 1720 444 1798 υμῶν.
470 1717 520 1780 καί
532 1713 569 1780 ού
582 1712 669 1781 δῶσει
708 1740 781 1790 σεως
793 1712 895 1798 αὐτῆς,
914 1718 966 1779 καί
979 1711 1059 1798 ύμείς
1071 1718 1173 1781 ἔσεσθε
1185 1717 1217 1780 ἐν
1228 1721 1318 1822 τήγή

60 1795 131 1882 ήγή
146 1794 228 1880 ὑμῶν
241 1796 295 1862 τὸν
307 1793 423 1884 σπόρον
435 1796 543 1882 αὐτῆς,
567 1798 667 1864 καὶτὸ
708 1801 768 1862 τῶν
785 1802 904 1883 ἐχθρῶν
923 1793 1015 1881 ύμῶν.
1040 1794 1109 1864 τότε
1127 1802 1284 1886 σαββατιεί
1298 1829 1317 1885 η

62 1877 152 1956 ξύλον
170 1884 227 1944 τοῦ
245 1877 342 1967 ἀγροῦ
355 1878 439 1965 ὑμῶν
457 1878 495 1945 ού
513 1878 600 1947 δῶσει
614 1881 668 1948 τὸν
705 1886 760 1984 νή,
786 1884 838 1946 καί
861 1877 1009 1964 εύδοκήσει
1028 1876 1103 1984 ήγή
1120 1878 1160 1948 τά
1177 1878 1317 1970 σάββατα

61 1961 179 2049 καρπὸν
193 1960 297 2028 αὐτοῦ.
309 1966 408 2030 'fimi
420 1963 472 2029 ἐάν
483 1964 556 2047 μετά
570 1968 669 2032 ταῦτα
708 1968 800 2048 αυτής
824 1965 854 2007 ³⁸
867 1961 966 2040 πάσας
986 1964 1041 2038 τὰς
1058 1968 1168 2049 ημέρας
1181 1971 1233 2050 τής
1246 1970 1315 2051 ἐρη-

60 2043 230 2131 πορεύησθε
241 2042 378 2125 πλάγιοι,
401 2048 454 2112 καί
463 2045 504 2131 μή
514 2044 669 2153 βούλησθε
706 2041 826 2129 μῶσεως
838 2044 939 2131 αύτής.
956 2052 1109 2134 σαββατιεῖ
1120 2045 1141 2113 ά
1154 2046 1211 2114 ούκ
1224 2052 1317 2134 ἐσαβ-

61 2125 223 2195 ὑπακούειν
234 2156 311 2212 μου,
333 2126 496 2235 προςθήσω
510 2143 578 2215 υμῖν
589 2131 669 2214 πλη-
706 2123 825 2213 βάτισεν
838 2133 869 2194 ἐν
882 2141 945 2204 τοῖς
956 2126 1117 2216 σαββάτοις
1127 2127 1220 2214 ὑμῶν,
1228 2127 1317 2215 ήυίκα

59 2212 115 2291 γάς
139 2210 218 2277 ἑπτά
237 2212 316 2277 κατά
339 2239 394 2287 τας
411 2208 559 2315 ἁμαρτίας
577 2209 668 2296 ὑμῶν.
708 2224 865 2294 κατῳκείτε
891 2209 994 2314 αὐτήν.
1026 2215 1056 2255 ³⁶
1069 2217 1120 2278 καί
1138 2225 1203 2287 τοῖς
1220 2239 1317 2278 κατα-

59 2297 146 2359 ’τῖκαί
164 2293 344 2361 ἀποστελλω
360 2293 403 2377 ἐφ’
422 2301 498 2378 υμᾶς
514 2295 554 2360 τὰ
573 2302 670 2380 θηρία
709 2293 869 2373 λειφθεῖσα
894 2297 926 2370 ἐξ
945 2301 1028 2378 υμῶν
1052 2295 1154 2373 ἐπάξω
1179 2295 1318 2361 δουλείαν

59 2375 100 2441 τά
113 2376 205 2461 ἀγρια
218 2383 268 2459 τής
280 2383 344 2460 γης,
357 2379 409 2442 καὶ
419 2379 572 2442 κατέδεται
584 2374 671 2460 ὑμᾶς,
710 2380 748 2448 είς
765 2374 819 2457 τήν
836 2377 962 2459 καρδίαν
981 2375 1082 2441 αὐτῶν
1100 2382 1131 2441 ἐν
1149 2383 1186 2468 τῇ
1203 2384 1241 2478 γή
1255 2384 1316 2442 τῶν

58 2461 114 2522 καὶ
130 2456 309 2532 ἐξαναλῶσει
327 2459 366 2521 τὰ
384 2456 476 2540 κτήνη
495 2455 594 2539 ὑμῶν,
621 2461 672 2521 καί
711 2459 828 2539 ἐχθρῶν
845 2455 955 2519 αὐτῶν.
988 2460 1039 2519 καί
1056 2455 1189 2531 διῶξεται
1207 2459 1317 2532 αυτούς

60 2536 242 2618 ὀλιγοστούς
254 2536 371 2620 ποιήσω
384 2534 476 2619 ὑμᾶς,
494 2543 545 2602 καί
558 2543 672 2623 ἐρημω-
713 2536 797 2618 φωνή
811 2533 928 2618 φύλλου
940 2540 1115 2623 φερομένου,
1133 2541 1184 2603 καί
1196 2534 1319 2620 φεύξον-

58 2619 215 2706 θήσονται
240 2625 275 2686 σί
291 2618 359 2686 ὁδοί
377 2617 467 2703 ὑμῶν.
506 2623 599 2686 23καί
622 2623 672 2686 ἐπὶ
714 2646 762 2684 ται
780 2615 821 2695 ῶς
838 2615 993 2702 φεύγοντες
1010 2617 1073 2686 ἀπὸ
1091 2621 1241 2706 πολεμου,
1264 2625 1319 2705 Ικαί

59 2701 184 2778 τούτοις
197 2701 301 2806 ἐάνμή
314 2705 503 2787 παιδευθήτε,
520 2703 599 2769 ἀλλά
610 2731 670 2770 πο-
710 2708 868 2769 πεσοῦνται
887 2701 1014 2780 ούθενός
1031 2700 1198 2782 διῶκοντος.
1225 2707 1255 2748 ³⁷
1267 2708 1318 2771 καί

58 2784 185 2874 ρεύησθε
201 2815 276 2874 προς
291 2815 325 2872 με
345 2783 483 2866 πλάγιοι,
512 2785 669 2875 24πορεύ-
711 2783 891 2873 ὑπερόψεται
916 2784 934 2853 ὁ
960 2785 1085 2870 ἀδελᾳὸς
1111 2788 1163 2854 τὸν
1188 2788 1317 2872 ἀδελφὸν

59 2897 151 2954 σομαι
174 2870 258 2954 κᾴγῶ
283 2870 347 2957 μεθ’
370 2868 453 2955 ὑμῶν
475 2877 566 2976 θυμῷ
588 2873 668 2938 πλα-
709 2868 963 2956 ῶςεὶένπολεμῳ,
977 2871 1103 2946 οὐθενὸς
1116 2879 1316 2959 κατατρέχον-

57 2961 133 3037 γίῳ,
159 2954 348 3032 καλπατάξω
362 2953 437 3059 ὑμᾶς
448 2954 533 3039 κᾷγω
546 2953 668 3030 ἑπτάκις
709 2981 769 3031 τος.
783 2958 834 3022 καί
847 2954 885 3020 οὗ
899 2953 1059 3040 δυνήσεσθε
1070 2953 1242 3039 ἀντιστῆναι
1253 2968 1317 3031 τοῖς

59 3036 129 3102 ἀντὶ
139 3042 198 3102 τῶν
208 3034 360 3126 ἁμαρτιῶν
370 3042 557 3123 υμῶνῖἐκαί
565 3036 667 3117 ἐντάξαι
708 3041 828 3124 ἐχθροῖς
854 3035 946 3126 ὑμῶν.
985 3040 1081 3104 3ἐκαὶ
1100 3036 1265 3106 ἀπολεῖσθε
1284 3041 1316 3105 ἐν

59 3117 105 3200 ἐφ’
128 3116 202 3222 ύμάς
225 3121 374 3208 μάχαιραν
392 3123 566 3188 ἐκδικοῖισαν
583 3123 666 3226 δίκην
707 3134 772 3197 τοῖς
784 3125 895 3197 ἔθνεσι,
921 3126 972 3187 καί
991 3123 1143 3188 κατέδεται
1158 3119 1233 3207 ὑμᾶς
1246 3119 1264 3206 ή
1277 3128 1315 3203 γή

58 3205 218 3286 διαθήκης,
243 3209 294 3270 καὶ
318 3203 540 3286 καταφεύξεσθε
557 3211 596 3280 εἰς
612 3232 667 3280 τας
707 3208 768 3270 τῶν
792 3208 910 3290 ἐχθρῶν
936 3200 1027 3287 ὑμῶν.
1053 3208 1148 3269 39καί
1169 3208 1201 3270 σί
1219 3232 1315 3279 κατα-

57 3281 159 3361 πάλεις
177 3286 267 3390 ὑμῶν.
292 3290 345 3351 καί
361 3289 550 3363 ἐξαποστελῶ
566 3285 665 3354 θάνα·
708 3285 875 3366 λειφθέντες
892 3284 942 3365 ἀφ’
960 3284 1042 3370 ὑμῶν
1054 3285 1313 3373 καταφθαρήσον-

56 3394 115 3433 τον
132 3374 171 3440 εἰς
189 3375 277 3447 υμᾶς,
288 3371 340 3431 καί
360 3366 612 3452 παραδοθήσεσθε
628 3376 667 3444 είς
708 3394 757 3434 ται
771 3367 820 3432 διὰ
833 3361 886 3442 τάς
898 3365 1047 3452 ἁμαρτίας
1060 3364 1176 3442 αὐτῶν,
1202 3370 1254 3433 καὶ
1266 3371 1314 3434 διά

56 3462 159 3554 χεῖρας
176 3453 236 3513 τῶν
255 3453 379 3532 ἐχθρῶν.
404 3452 435 3492 ²⁶
447 3453 479 3514 ἐν
496 3456 541 3533 τῷ
554 3452 666 3533 θλίηιαι
707 3447 763 3524 τάς
786 3446 935 3534 ἁμαρτίας
958 3455 1021 3513 τῶν
1042 3451 1184 3531 πατέρων
1203 3449 1314 3519 αὐτῶν.

57 3538 138 3617 υμᾶς
151 3531 281 3614 σιτοδείᾳ
295 3530 405 3616 ἀρτων,
419 3533 609 3612 καίπίεγουσι
618 3535 668 3598 δέ·
708 3538 739 3599 ἐν
752 3538 789 3626 τῇ
801 3538 839 3611 γ’
853 3537 914 3596 τῶν
927 3535 1045 3618 ἐχθρῶν
1055 3529 1156 3596 αὐτῶν
1166 3528 1315 3633 τακήσον-

58 3643 100 3682 κα
111 3627 247 3694 γυναῖκες
257 3611 329 3689 τούς
342 3611 453 3697 ἀρτους
466 3609 549 3696 ὑμῶν
561 3618 593 3678 ἐν
605 3615 669 3678 κλι-
708 3640 766 3678 ται.
791 3615 807 3657 ¹¹
838 3617 889 3680 καί
905 3611 1129 3701 ἐξαγορεύσουσι
1147 3610 1201 3690 τάς
1217 3642 1312 3702 αμαρ

51 3696 143 3788 βάνῳ
162 3701 221 3773 ἑνὶ,
247 3701 298 3763 καί
317 3692 513 3762 ἀποδώσουσι
529 3694 602 3770 τούς
615 3695 669 3780 ἀρ·
710 3701 776 3768 τίας
800 3695 915 3773 αὐτῶν,
941 3701 992 3763 καί
1015 3694 1069 3775 τάς
1087 3693 1235 3785 ἁμαρτίας
1252 3705 1313 3773 τῶν

60 3809 132 3857 τους
151 3779 233 3865 ὑμῶν
246 3783 278 3845 ἐν
291 3784 437 3863 σταθμῷ,
463 3781 516 3844 καί
528 3774 668 3860 φάγεσθε,
709 3780 849 3863 πατέρων
866 3778 982 3856 αὐτῶν,
1007 3778 1054 3846 ὅτι
1072 3785 1245 3869 παρέβησαν
1262 3789 1313 3850 καί

59 3870 113 3931 καί
126 3864 163 3929 ού
177 3861 218 3949 μή
231 3864 428 3947 ἐμπλησθήτε.
465 3865 496 3905 ²⁷
509 3862 562 3928 ἐὰν
574 3863 606 3928 δὲ
618 3865 668 3928 ἐπὶ
710 3857 860 3947 ύπτρείδάν
878 3887 928 3944 με,
956 3864 1007 3927 καί
1031 3859 1078 3929 ὅτι
1104 3864 1311 3952 ἐπορεύθησαν

60 3945 183 4024 τούτοις
194 3947 234 4031 μή
250 3942 444 4049 ύπακούσητέ
451 3972 526 4029 μου,
544 3950 595 4010 καί
607 3973 667 4011 πο-
706 3947 843 4011 ἐυαντίον
854 3970 913 4029 μου
925 3942 1058 4024 πλάγιοι,
1071 3947 1155 4013 41καὶ
1167 3948 1226 4028 ἐγῶ
1237 3956 1312 4017 ἐπο-

60 4026 185 4118 ρεύησθε
202 4026 277 4114 πρός
288 4056 323 4113 με
337 4029 459 4106 πλαγιοι
465 4077 476 4105 ,
501 4030 532 4071 ²⁸
546 4031 596 4095 καί
609 4029 666 4096 αύ-
705 4025 818 4116 ρεύθην
841 4026 900 4113 μετ’
929 4028 1032 4095 αὐτῶν
1060 4032 1091 4095 ἐν
1115 4039 1205 4118 θυμῷ
1231 4035 1311 4100 πλα-

58 4115 113 4191 τδς
137 4110 322 4200 πορεύσομαι
340 4110 404 4197 μεθ
428 4109 510 4195 ὑμῶν
528 4114 559 4178 ἐν
574 4120 664 4196 θυμῷ
704 4120 769 4196 γίῳ.
796 4115 846 4178 καὶ
859 4111 968 4178 ἀπολῶ
981 4112 1092 4192 αιἰτσίις
1104 4118 1135 4182 ἐν
1148 4122 1185 4210 νή·
1197 4122 1235 4208 γῇ
1248 4122 1311 4182 τῶν

58 4199 191 4282 πλαγίῳ,
200 4189 409 4262 καὶ-παιδεύσω
420 4192 494 4278 ύμάς
504 4194 562 4273 ἐγὼ
573 4191 665 4261 ἑπτά-
705 4201 760 4279 ἐχθ
780 4200 821 4261 ῶν
839 4195 950 4263 αὐτῶν.
975 4193 1042 4265 τότε
1060 4196 1309 4283 ἐντραπήσεταιή

58 4307 104 4358 κις
123 4277 204 4347 κατά
222 4280 276 4355 τάς
295 4277 442 4365 ἁμαρτίας
457 4274 545 4360 ὑμῶν.
572 4280 602 4320 ²⁹
615 4282 665 4343 καί
705 4222 811 4361 καρδία
821 4279 921 4347 αὐτῶν
933 4279 951 4367 ή
963 4281 1172 4362 ἀπερίτμητος,
1184 4282 1234 4344 καὶ
1243 4278 1310 4346 τότε

58 4360 191 4448 φάγεσθε
207 4362 260 4437 τὰς
277 4360 390 4448 σάρκας
407 4366 468 4427 τῶν
487 4365 560 4426 υίῶν
574 4357 664 4464 ὑμῶν,
704 4359 899 4446 εύδοκήσουσι
929 4364 984 4439 τάς
1021 4363 1168 4441 ἁμαρτίας
1198 4360 1307 4425 αὐτῶν.

57 4452 111 4515 καὶ
129 4446 183 4521 τὰς
199 4442 307 4533 σάρκας
320 4451 380 4510 τῶν
392 4445 569 4530 θυγατέρων
583 4450 664 4526 υμῶν
703 4445 790 4510 42καί
800 4443 1016 4587 μνησθήσομαι
1029 4446 1081 4522 τῆς
1093 4436 1237 4521 διαθήκης
1248 4442 1310 4602 {tb-

1234 4546 1278 4584 w
1301 4562 1309 4592 χ
