2924 4972
403 216 696 281 ΒΑΣεΛυιΩΝ
725 218 883 277 mm
920 216 988 289 Κεφ
1010 205 1042 286 ς’.
1055 213 1086 275 7.
1294 214 1356 279 3⁴7

112 357 181 409 νων,
206 332 235 374 ³³
249 335 338 397 στοαί
355 333 542 417 τετραπλῶς,
567 335 599 377 ³⁴
612 337 643 397 έν
659 331 719 414 άμ-
749 336 860 415 πηχῶν.
888 334 920 374 ²⁰
932 333 983 395 καί
1000 330 1153 413 μέλαθρον
1165 326 1209 394 ἐπ’
1224 327 1359 411 άμςοτέ·

113 417 254 500 φοτέραις
271 426 339 489 ταῖς
355 412 465 499 θύραις
486 412 563 490 ξύλα
585 411 717 480 πεύκινα.
752 438 813 498 ρων
824 418 886 479 τῶν
904 409 1030 478 στύλων.
1057 415 1108 478 καὶ
1126 408 1282 477 έπάνοιθεν
1297 416 1359 477 τῶν

112 495 165 563 δύο
177 492 319 581 πτυχαὶῆ
334 496 416 582 θύρα
430 495 720 602 ημίακαίοτρυοεῖς
751 495 885 581 πλευρῶν
911 500 1041 577 ἐπίθεμα
1071 496 1109 559 τὸ
1135 495 1290 578 μέλαθρον
1313 498 1357 578 τῷ

114 579 222 656 αὐτῶν,
235 580 288 645 καί
299 576 354 644 δύο
371 582 482 665 πτυχαὶ
494 578 513 665 ἢ
526 576 611 665 θύρα
622 608 640 664 η
652 582 720 645 δευ-
751 575 846 664 πάχει.
871 580 901 621 ²³
916 581 966 644 καί
988 575 1107 662 ἐποίησε
1124 575 1179 660 την
1197 575 1359 644 θάλασσαν

113 666 184 747 τέρα
209 665 390 747 στρεφόμενα
432 665 462 706 ³³
488 663 720 745 ἐγκεκολαμμένα
753 663 826 727 δέκα
838 667 870 728 έν
881 663 964 747 πήχει
984 660 1047 727 άπὸ
1067 666 1122 726 τοῦ
1139 661 1251 746 χείλους
1264 659 1359 743 αύτῆς

112 746 265 831 Χερουβὶμ
276 748 327 809 καὶ
345 753 485 826 (χοίνικες,
510 749 562 812 καὶ
579 747 719 811 διαπεπε·
740 750 809 818 ἕως
832 749 887 809 τοῦ
910 744 1023 829 χειλους
1047 743 1150 827 αὐτῆς,
1175 741 1358 829 στρογγύλον

111 830 242 909 τασμένα
254 828 437 906 πέταλα,καέ
449 827 636 934 περιεχόμενα
648 854 716 914 χρυ-
753 824 856 910 κύκλῳ
866 825 903 893 τὸ
917 823 1003 892 αὐτό.
1029 831 1113 892 πέντε
1131 831 1163 892 έν
1175 852 1259 912 πηχει
1273 823 1308 891 τὸ
1322 822 1356 890 ύ-

112 917 168 994 σίῳ
186 916 376 996 καταγομένῳ
394 915 446 978 έπί
469 939 524 1017 την
540 909 716 978 έκτύπωσιν.
751 931 816 993 ψος
833 908 932 994 αὐτῆς.
958 912 1010 975 καὶ
1034 913 1194 1034 συνηγμένη
1211 923 1287 996 τρεῖς
1306 911 1358 975 καί

110 995 141 1038 ³³
155 995 208 1057 καί
220 989 387 1078 ᾠκοδόμησε
400 994 453 1081 τὴν
466 996 561 1081 αυλὴν
572 995 627 1078 την
639 997 719 1060 έοω·
751 990 912 1079 τριάκοντα
925 997 955 1058 έν
967 990 1060 1077 πήχει.
1074 997 1088 1035 2
1112 995 1163 1057 καὶ
1176 999 1356 1076 υποστηρίγ·

110 1072 215 1160 τάτην.
239 1087 315 1162 τρεῖς
327 1085 445 1164 στίχους
456 1074 655 1162 άπελεκέητων,
667 1077 719 1142 καί
750 1101 832 1158 ματα
846 1072 1048 1142 ὑποκάτωθεν
1066 1081 1122 1140 τοῦ
1136 1076 1248 1160 χείλους
1262 1076 1339 1178 αὕτη

111 1165 210 1244 στίχος
226 1164 472 1245 κατειργασμένης
488 1163 596 1247 κέδρου
608 1157 719 1224 κυκλό-
749 1154 894 1225 κυκλόθεν
907 1157 1048 1223 ίκύκλουν
1061 1156 1155 1240 αύτην
1168 1160 1241 1224 δέκα
1254 1163 1285 1223 έν
1296 1184 1355 1261 πη-

109 1253 172 1306 θεν.
197 1244 251 1307 καί
263 1239 433 1325 ᾠκοδόμησε
451 1242 488 1309 τὸ
499 1244 719 1322 καταπέτασμα
749 1267 790 1327 χει
803 1238 956 1307 κυκλόθεν.
982 1243 1033 1306 καὶ
1052 1240 1088 1306 τὸ
1101 1241 1196 1324 χεῖλος
1209 1239 1303 1324 αὐτῆς
1315 1268 1356 1318 ως

110 1331 164 1407 τῆς
182 1321 277 1406 αὐλῆς
299 1330 354 1389 τοῦ
377 1325 471 1409 αίλὰμ
491 1330 548 1391 τοῦ
566 1326 652 1390 οἴκου
664 1328 720 1391 τοῦ
750 1330 839 1412 ἔργον
856 1325 970 1410 χείλους
982 1330 1128 1409 ποτηρίου
1144 1321 1356 1410 βλαστὸςκρί-

110 1404 193 1474 κατὰ
205 1403 369 1491 πρόςωπον
380 1413 437 1474 τοῦ
448 1413 532 1475 ναοῦ.
610 1440 615 1447 ·
750 1433 811 1474 νου.
836 1405 937 1473 καὶτὸ
952 1404 1049 1493 πάχος
1063 1406 1159 1472 αὐτοῦ
1177 1402 1354 1490 παλαιστάς.

337 1495 411 1556 ΚΕ
424 1497 464 1558 Φ.
506 1488 557 1557 Ζ’.
749 1495 779 1536 ²³
792 1493 843 1558 καί
855 1488 970 1558 δώδεκα
986 1487 1052 1578 βόες
1066 1487 1211 1557 ὑποκάτω
1227 1496 1355 1573 τηςθαο·

110 1537 225 1638 12Καί
241 1569 407 1640 ἀπέστειλεν
423 1572 441 1641 ὁ
457 1574 716 1662 βασιλεύςΣαλω·
748 1571 869 1660 λύσσης.
904 1579 937 1640 οί
956 1587 1034 1661 τρεῖς
1054 1575 1258 1661 έπεβλέποντες
1279 1576 1352 1722 {26-

111 1655 190 1738 μῶν,
214 1656 367 1745 καέέίαβε
380 1655 551 1746 τὸνΧιρᾶμ
568 1663 601 1725 έκ
616 1656 717 1745 Τύρου
748 1661 815 1744 ρἃ,
827 1661 879 1723 καὶ
890 1662 921 1723 οἱ
932 1671 1008 1744 τρεῖς
1018 1659 1226 1744 έπιβλέποντες
1234 1654 1279 1722 θά
1318 1684 1355 1724 σ-

111 1739 141 1781 ¹⁴
154 1737 221 1805 υἱὸν
231 1740 367 1817 γυναικὸς
377 1742 478 1828 χήρας,
487 1735 641 1818 καίούτος
652 1739 717 1809 άπὸ
749 1766 816 1818 σαν,
839 1742 891 1807 καί
904 1745 936 1807 οί
947 1754 1025 1827 τρεῖς
1037 1742 1244 1827 ίπιβλίποντες
1257 1735 1353 1816 νότον,

108 1827 162 1924 της
173 1823 269 1906 φυλῆς
283 1829 336 1908 τῆς
352 1827 526 1910 Νεφθαλίμ.
552 1829 604 1892 καί
623 1823 718 1892 ὅπα·
748 1827 800 1890 καὶ
821 1830 852 1891 οἶ
867 1838 943 1911 τρεῖς
965 1827 1175 1913 έπιβλέποντες
1196 1819 1352 1907 ἀνατολήν.

109 1932 164 1991 τηρ
178 1904 274 1973 αὐτοῦ
287 1905 363 1995 ἀνὴρ
381 1905 506 1997 Τύριος,
517 1913 632 1976 τέκτων
644 1910 718 1994 χαλ-
749 1911 800 1975 καί
818 1905 920 1975 πάντα
938 1906 977 1977 τά
993 1907 1124 1976 ὀπίσθια
1141 1913 1181 1984 είς
1197 1908 1251 1974 τὸν
1267 1906 1353 1974 οίκον

109 1995 163 2055 κού
174 1993 226 2056 καί
241 1992 468 2080 πεπληρωμένος
485 1998 540 2079 τῆς
552 1994 654 2079 τέχνης
667 1994 718 2058 καὶ
750 1994 801 2058 καὶ
814 1989 833 2076 ἡ
846 1991 992 2060 θάλασσα
1010 1992 1056 2058 ἐπ’
1073 1990 1175 2059 αὐτῶν
1187 1988 1351 2058 έπάνωθεν.

109 2076 248 2150 συνέσεως
270 2078 322 2140 καὶ
344 2074 528 2155 ἐπιγνώσεως
547 2082 603 2141 τοῦ
622 2088 718 2141 ποιεῖν
749 2078 779 2118 22
792 2077 845 2140 καὶ
855 2080 976 2158 ἐποίησε
992 2078 1064 2142 δέκα
1075 2073 1217 2160 μεχωνῶθ
1232 2075 1352 2161 χαλκᾶς.

109 2161 172 2222 πᾶν
194 2161 282 2261 ἔργον
303 2161 335 2225 έν
356 2162 467 2244 χαλκῷ.
492 2160 545 2223 καὶ
566 2163 717 2263 είςηνέχθη
749 2160 835 2222 πέντε
847 2155 946 2240 πήχεις
963 2165 1055 2242 μηκος
1073 2163 1127 2242 τῆς
1145 2156 1289 2242 μεχωνώθ
1301 2161 1353 2241 τῆς

107 2237 184 2325 πρός
196 2265 250 2306 τον
258 2241 385 2326 βασιλέα
393 2238 559 2323 Σαλωμῶν.
573 2267 625 2305 και
635 2243 719 2304 έποί-
749 2243 836 2323 μιᾶς,
860 2242 912 2304 καὶ
926 2245 1062 2320 τέσσαρες
1079 2236 1178 2325 πήχεις
1189 2240 1226 2305 τὸ
1238 2235 1353 2316 πλάτος

107 2348 157 2407 ησε
168 2318 272 2389 πάντα
297 2321 338 2389 τδι
361 2327 445 2408 ἔργα.
472 2326 498 2367 ¹³
512 2325 564 2387 καὶ
582 2319 719 2406 ἐχώνευσε
751 2320 860 2404 αὐτῆς,
885 2324 937 2386 καὶ
954 2326 988 2399 έξ
1007 2327 1038 2387 έν
1054 2319 1137 2405 πηχει
1156 2321 1235 2406 ὕήιος
1252 2319 1353 2425 αὐτῆς.

106 2405 180 2479 τούς
192 2400 247 2468 δύο
261 2403 386 2480 στύλους
395 2411 438 2487 τῷ
450 2404 542 2486 αίλᾶμ
555 2411 610 2469 τοῦ
624 2406 718 2469 οἴκου.
751 2406 782 2448 ²³
795 2405 847 2468 καὶ
865 2410 961 2469 τοῦτο
978 2405 1015 2468 τὸ
1034 2406 1121 2486 ε”ργον
1135 2410 1195 2468 τῶν
1211 2430 1245 2486 με
1263 2415 1355 2469 ωνωθ

108 2487 313 2552 ὀκτωκαίδεκα
325 2483 426 2569 πήχεις
440 2483 519 2568 ύηνος
531 2491 585 2550 τοῦ
600 2482 718 2551 στύλου.
752 2485 940 2562 συγκλειστὸν
962 2483 1074 2558 αὐτοῖς,
1098 2487 1150 2547 καὶ
1171 2431 1356 2561 ουγκλειστὸν

108 2571 162 2634 καὶ
171 2572 344 2650 περίμετρον
355 2570 611 2651 τεσσαρεςκαίδεκα
621 2565 719 2652 πηχεις
752 2567 903 2652 ἇναμέσον
917 2572 979 2634 τῶν
991 2569 1173 2653 έξεχομένων.
1200 2567 1230 2608 ²⁹
1244 2567 1294 2630 καὶ
1307 2569 1356 2631 ἐπὶ

108 2649 236 2718 έκύκλου
249 2648 345 2716 αὐτὸν
363 2650 398 2716 τὸ
417 2647 513 2736 πάχος
525 2657 582 2717 τοῦ
596 2648 717 2718 στύλου.
751 2652 791 2717 τὰ
805 2653 1021 2736 συγκλείοματα
1034 2649 1136 2716 αὐτῶν
1148 2649 1297 2732 ἆναμέσον
1308 2652 1354 2727 ε’ξ-

108 2730 262 2841 τεσσάρων
286 2731 441 2800 δακτύλων
467 2734 506 2801 τύ
532 2731 716 2820 κοιλώματα.
751 2740 893 2822 εχομένων
904 2736 1021 2812 λεόντες
1033 2739 1083 2802 καὶ
1094 2734 1160 2823 βόες
1172 2737 1224 2802 καὶ
1236 2743 1356 2840 Χερου-

108 2821 161 2883 κατ’
174 2844 271 2894 ουτως
284 2817 302 2886 ὁ
316 2817 423 2896 στύλος
435 2816 453 2887 ὃ
466 2816 609 2909 δεύτερος.
633 2823 716 2887 ’ὅκαὶ
747 2827 808 2908 βίμ.
833 2825 885 2887 καὶ
908 2824 959 2888 ἐπὶ
980 2826 1040 2887 τῶν
1060 2824 1233 2907 ε’ξεχομένων
1257 2820 1355 2896 οὑτως

107 2899 161 2969 δύο
174 2905 343 2987 έπεθέματα
354 2908 474 2991 ἐποίησε
484 2907 586 2972 δοῦναι
597 2907 649 2972 ἐπὶ
661 2905 715 2982 τὰς
748 2909 798 2970 καὶ
811 2903 986 2984 έπάνωθεν,
1011 2909 1064 2971 καὶ
1082 2903 1282 2972 ὑποκάτωθεν
1294 2908 1356 2967 τῶν

107 2986 238 3066 κεφαλάς
251 2993 310 3052 τῶν
327 2986 444 3055 στύλιυν
459 2987 599 3075 χωνευτά.
627 2992 715 3056 πέντε
747 2987 877 3055 λεόντων
897 2992 1025 3055 καὶτῶν
1042 2994 1122 3076 βοῶν
1138 2995 1241 3075 χῶραι,
1267 2990 1354 3074 ἔργον

107 3068 204 3174 πηχεις
222 3069 258 3137 τὸ
278 3069 358 3157 ύιμος
386 3079 439 3139 τοῦ
457 3077 640 3157 ἐπιθέματος
658 3079 714 3139 τοῦ
747 3070 945 3161 καταβάσεως.
972 3075 1003 3116 ³⁰
1026 3075 1079 3137 καὶ
1097 3077 1235 3157 τέσσαρες
1253 3072 1354 3156 τροχοὶ

108 3158 185 3232 ἕνος,
210 3158 262 3221 καί
280 3159 366 3222 πέντε
383 3155 481 3242 πηχεις
500 3157 537 3225 τὸ
556 3156 637 3241 ύιμος
658 3163 715 3222 τοῦ
746 3157 855 3243 χαλκοῖ
875 3163 913 3240 τῆ
936 3155 1084 3240 μεχωνώθ
1107 3160 1144 3241 τῇ
1165 3161 1219 3239 μιᾷ
1242 3159 1293 3220 καὶ
1314 3151 1354 3219 τά

107 3243 285 3320 ἐπιθέματος
294 3250 351 3305 τοῦ
363 3243 507 3327 δευτέρου.
532 3244 715 3305 1ῖιιυιὶέποί-
747 3231 928 3324 προςέχονέα
946 3242 1042 3323 χαλκᾶ
1060 3239 1111 3302 καὶ
1128 3242 1262 3324 τέσσαρα
1278 3240 1354 3321 μέρη

107 3348 158 3406 ησε
176 3322 231 3386 δύο
250 3325 355 3387 δι’κτυα
371 3319 573 3407 περικαλύψαι
591 3324 629 3389 τὸ
648 3327 713 3389 ἐπί·
749 3325 862 3397 αὐτῶν,
882 3320 971 3404 ῶμίαι
996 3317 1140 3386 ὑποκάτω
1164 3325 1225 3384 τῶν
1246 3315 1352 3401 λουτη-

107 3416 188 3486 θεμα
212 3408 275 3468 τῶν
301 3403 425 3468 στύλων.
450 3407 502 3468 καί
526 3407 646 3471 δίκτυον
669 3411 714 3488 τῷ
749 3429 818 3491 ρων.
844 3407 874 3447 ³²
886 3407 937 3468 καὶ
953 3417 1042 3490 χεῖρες
1060 3407 1092 3468 ἐν
1111 3414 1174 3476 τοῖς
1192 3414 1311 3485 τροχοῖς
1323 3407 1355 3466 έν

108 3488 269 3567 ἐπιθέματι
282 3490 326 3567 τῶ
340 3488 390 3560 ἑνὶ,
401 3488 452 3549 καὶ
461 3487 580 3551 δίκτυον
591 3492 635 3570 τῷ
649 3490 716 3553 ἔπι·
748 3496 785 3582 τῇ
804 3483 961 3588 μεχωνῶθχ
984 3490 1035 3552 καὶ
1046 3486 1089 3588 ’τὸ
1107 3483 1193 3591 ὕψος
1208 3490 1264 3586 τρῦ
1283 3509 1354 3569 τρο-

108 3574 220 3654 θέματι
234 3572 279 3651 τῷ
292 3570 428 3652 δευτέρῳ,
452 3571 480 3612 ¹³
488 3571 538 3634 καί
551 3573 638 3652 ἔργον
650 3596 717 3718 κχε·
748 3599 803 3655 χου
830 3597 884 3637 του
917 3572 982 3645 ένος
1011 3595 1118 3655 πηχεος
1144 3595 1195 3632 και
1209 3573 1352 3667 ἠμίσους.

108 3651 238 3736 μαστὸν,
256 3647 312 3717 δύο
325 3659 418 3736 στίχοι
432 3655 510 3737 ῥοῶν
521 3653 656 3736 χαλκῶν,
687 3679 718 3717 ε·
750 3657 779 3697 ³³
791 3657 842 3719 καί
866 3652 903 3718 τὸ
928 3656 1014 3738 ἔργον
1040 3659 1102 3718 τῶν
1126 3677 1240 3736 τροχων
1267 3654 1355 3735 ἔργον

110 3739 300 3818 δικτυωμένοι
317 3739 403 3817 ἔργον
419 3731 591 3820 κρεμαστόν.
618 3742 720 3820 στίχος
750 3742 865 3821 τροχῶν
877 3735 1020 3820 ἅρματος.
1047 3741 1080 3802 αῖ
1091 3748 1181 3823 χεῖρες
1193 3734 1293 3801 αύτῶν
1304 3737 1356 3800 καὶ

110 3824 158 3886 ἐπὶ
171 3828 280 3906 στίχον.
307 3822 358 3883 καί
378 3817 476 3895 οὕτως
494 3823 616 3902 ἐποίησε
630 3824 675 3902 τῷ
687 3822 720 3882 έ-
750 3824 781 3885 οἱ
793 3825 881 3885 νῶτοι
894 3819 995 3885 αὐτῶν
1007 3824 1059 3886 καὶ
1071 3819 1088 3903 ἡ
1099 3826 1286 3902 πραγματεία
1299 3819 1354 3885 αύ-

108 3907 252 3986 πιθέματι
276 3909 320 3987 τῶ
345 3905 479 3986 δευτέρῳ.
507 3907 533 3945 ²¹
546 3904 597 3968 καὶ
614 3905 718 3987 ἔστησε
749 3909 811 3969 τῶν
826 3900 928 3969 πάντα
946 3902 1087 3988 χωνευτά.
1118 3904 1150 3946 ³⁴
1164 3908 1196 3968 αἱ
1212 3909 1353 3989 τέσσαρες

110 3987 177 4063 τοὺς
191 3983 320 4063 στύλους
332 3994 386 4053 τοῦ
398 3987 489 4070 αῑλύμ
502 3993 556 4052 τοῦ
570 3991 651 4055 ναοῦ.
665 3988 718 4052 καὶ
749 3986 841 4072 ῶμίαι
856 3989 907 4052 εἶπέ
925 3992 986 4052 τῶν
1002 3983 1154 4074 τεσσάρων
1171 3995 1283 4066 γωνιῶν
1301 3994 1354 4071 της

109 4075 213 4154 ἔστησε
226 4071 279 4136 τὸν
297 4068 406 4137 στύλον
422 4070 475 4136 τὸν
492 4077 557 4147 ἕνα,
584 4073 635 4136 καί
648 4074 716 4137 έπε-
747 4071 892 4157 μεχωνώθ
902 4076 953 4155 της
965 4077 1042 4148 μιᾶς,
1056 4076 1088 4136 ἐκ
1102 4076 1154 4155 τῆς
1166 4071 1309 4159 μεχωνώθ
1323 4075 1353 4136 οἶ

109 4153 213 4220 κάλεσε
231 4153 268 4218 τὸ
287 4154 384 4238 ὄνομα
402 4153 497 4220 αὐτοῦ
509 4153 638 4240 Ἰαχούμ.
665 4157 716 4219 καὶ
748 4156 823 4238 ὠμοι
842 4152 943 4241 αὐτῆς.
969 4158 998 4200 ³⁵
1016 4158 1067 4221 καὶ
1085 4159 1135 4223 ἐπὶ
1153 4162 1206 4239 της
1225 4155 1353 4238 κεφαλῆς

110 4241 212 4321 ἔστησε
229 4234 281 4303 τὸν
300 4236 409 4304 στύλον
427 4238 482 4304 τὸν
494 4235 638 4324 δεύτερον,
664 4239 716 4302 καὶ
750 4246 799 4320 τῆς
811 4240 956 4345 μεχωνόιθ
975 4236 1064 4324 ἥμισυ
1081 4247 1136 4307 τοῦ
1149 4238 1257 4321 πηχεος
1269 4241 1353 4318 μέγε-

110 4320 266 4386 έπεκάλεσε
291 4323 327 4386 τὸ
356 4320 449 4403 ὄνομα
471 4319 569 4386 αὐτοῦ
591 4317 714 4396 Βολῶξ.
747 4331 805 4397 θος
819 4329 912 4405 αυτνζς
925 4321 1108 4406 στρογγύλον
1126 4321 1226 4399 κύκλῳ
1240 4322 1289 4383 ἐπὶ
1301 4325 1353 4400 της

111 4406 137 4446 ¹³
156 4406 207 4468 καὶ
222 4405 273 4469 ἐπὶ
291 4409 351 4470 τῶν
368 4404 506 4485 κεφαλῶν
523 4409 584 4469 τῶν
601 4400 715 4469 στύλων
748 4407 876 4510 κεσαλης
893 4413 945 4489 της
961 4403 1116 4490 μεχωνιύθ.
1143 4403 1194 4462 καὶ
1207 4399 1282 4482 ἀρχὴ
1297 4426 1353 4483 χει-

110 4489 197 4572 έργον
209 4494 309 4569 κρίνου
322 4488 401 4553 κατὰ
411 4488 448 4552 τὸ
458 4485 551 4571 αίλύιμ
564 4482 716 4572 τεσσάρων
748 4493 810 4573 ρῶν
827 4492 920 4572 αυτης
939 4491 990 4550 καὶ
1008 4487 1047 4550 τά
1065 4481 1281 4558 συγκλείσματα
1299 4478 1352 4575 αύ-

1294 4584 1347 4637 ἵης
