2924 4972
137 213 201 277 310
379 209 917 276 ΒΑΣΙΛΕΙΩΝΔΕΥΤΕΡΑ
958 209 1130 293 πωλεῖ.

133 340 189 401 σοῦ
213 338 390 419 ἐπιπρέψαι
410 332 487 418 πρὸς
510 330 544 396 σὲ
564 329 667 396 πάντα
691 330 744 396 τὸν
772 333 844 415 μέλη
856 331 1013 419 τῷἸωάβ,
1031 333 1169 411 λέγοντες.
1208 332 1375 440 ἥκειἈηῖεν-

133 418 215 483 οίκον
225 412 357 503 Ἰσραήλ.
384 418 474 480 13καί
488 414 548 479 εἶπε
558 416 665 480 Δαυίδ.
688 441 743 480 κα·
773 414 826 501 νηρ
839 414 903 490 υἱὸς
916 419 955 480 Ν
954 415 989 502 ηρ
1006 414 1085 503 πρὸς
1098 418 1208 492 Δαυίδ,
1233 423 1285 483 καί
1299 425 1376 484 απέ·

133 501 192 576 λῶς
210 499 268 579 ἐγώ
288 496 468 583 διαθήσομαι
486 496 563 582 πρὸς
581 497 614 563 σὲ
632 495 742 582 διαθη-
772 498 894 582 σταλκεν
905 498 998 564 αύτόν
1011 504 1063 564 καί
1075 497 1211 584 ἀπῆλθεν
1223 504 1255 566 έν
1268 499 1377 587 εἰρήνη.

133 610 200 667 κην,
230 581 310 667 πλην
331 579 424 660 λόγον
445 587 497 647 ἕνα
518 581 576 659 ἐγὼ
600 585 741 661 αἰτοῦμαι
771 582 803 624 ²⁴
817 586 868 647 καί
882 583 1014 666 εἰςηλθεν
1026 580 1120 669 Ἰωάβ
1134 582 1211 669 πρὸς
1223 582 1277 648 τὸν
1288 576 1377 669 βασί-

131 665 218 751 παρά
233 671 300 744 σοῦ,
313 667 413 743 λέγων.
447 663 503 730 ούκ
516 661 740 747 άψειτόπρός-
771 663 920 748 λέα,,καί
944 666 1015 730 εἶπε.
1049 672 1081 731 τί
1098 671 1189 730 τοῦτο
1213 668 1357 750 ἐποίησας
1363 699 1376 747 ,-

133 745 217 815 ωπύν
230 775 303 831 μου,
330 747 383 813 ἐὰν
398 746 438 832 μὴ
459 745 572 841 ἀνάγῃς
583 745 640 830 τὴν
653 747 739 811 Μελ·
771 745 837 812 ἰδού
846 748 937 830 ἦλθεν
945 747 1082 836 Ἀβεννηρ
1094 748 1173 835 πρὸς
1184 747 1228 823 σε’,
1238 754 1288 814 καὶ
1298 755 1378 815 ἲνατί

131 831 187 917 χόλ
205 837 361 918 θυγατέρα
378 828 485 896 Σαούλ
502 834 738 915 παραγενομένου
771 832 993 907 έξαπέσταλκας
1013 830 1106 897 αάτὸν
1125 836 1176 896 καί
1192 828 1376 915 ἀπελήλυθεν

132 941 186 980 σου
200 916 270 980 ίδεῖν
282 913 319 979 τό
332 909 492 1000 πράςωπόν
504 940 568 996 μου.
594 913 680 978 14καὶ
691 914 738 988 έζ-
770 916 801 978 ἐν
813 910 927 1017 εἰρηνης
953 914 1014 999 ²⁵3¹]
1031 912 1086 979 οάκ
1101 914 1185 990 σίδας
1201 914 1256 998 τὴν
1270 923 1376 981 κακίαν

132 999 284 1063 απέστειλε
306 998 405 1062 Δαυίδ
425 995 501 1082 πρὸς
521 995 656 1083 Ἰεβοσθὲ
672 993 738 1059 υίόν
764 985 898 1082 Ἀβεννηρ
917 996 1078 1082 υῖσῦΝηρ,
1104 994 1153 1061 ὅτι
1173 996 1331 1081 ἀπατῆσαί
1344 1026 1375 1064 σε

130 1080 238 1145 Σαούλ
257 1080 415 1158 ἀγγελσυς,
428 1079 530 1156 λέγων.
559 1076 674 1153 ἀπόδος
686 1103 738 1160 μοι
769 1083 944 1166 παρεγένετο
968 1085 1021 1146 καὶ
1051 1084 1160 1158 γνῶναι
1185 1078 1240 1164 την
1267 1079 1375 1158 ἔξοδόν

130 1162 185 1248 τὴν
196 1166 322 1241 γυναῖκά
333 1189 391 1245 μου
404 1159 603 1246 τηνΜελχὸλ,
622 1158 653 1225 “v
666 1161 738 1226 ἐλα-
770 1187 825 1227 σσυ
843 1166 895 1227 καὶ
913 1163 967 1245 την
985 1159 1096 1238 εἴςοδόν
1119 1189 1174 1228 σου
1197 1167 1248 1229 καί
1264 1170 1375 1242 γνῶναι

129 1250 184 1392 {os
196 1250 227 1311 έν
246 1245 355 1312 ἑκατὸν
373 1244 585 1331 ἀκροβυστίαις
603 1191 738 1326 ἀλλοφύ·
769 1240 890 1310 άπαντα
912 1241 972 1311 ὅσα
993 1245 1029 1310 σύ
1051 1256 1160 1324 ποιεῖςς
1185 1248 1216 1290 ²⁶
1232 1251 1283 1311 καὶ
1307 1245 1376 1312 ἀνέ-

176 1355 200 1393 ν.
236 1333 263 1373 ¹⁵
277 1335 328 1395 καί
340 1327 508 1394 ἀπέστειλεν
518 1327 662 1414 Ἰεβσσθὲ,
686 1330 738 1391 καὶ
769 1346 895 1414 στρεψεν
916 1325 1012 1414 Ἰωὰβ
1037 1326 1099 1393 ἀπὸ
1126 1333 1181 1392 τού
1206 1330 1311 1403 Δαυίδ,
1324 1336 1377 1395 καὶ

130 1413 236 1498 ἐλαβεν
249 1409 344 1496 αύτην
355 1409 440 1496 παρὰ
452 1416 508 1476 τοῦ
523 1409 630 1494 ἀνδρὸς
644 1407 738 1493 αὐτῆς
769 1408 939 1476 ἀπέστειλεν
950 1410 1094 1489 ἀγγέλους
1104 1411 1181 1497 πρὸς
1188 1409 1326 1515 Ἀρεννίηρ
1339 1410 1375 1477 ὀ-

129 1494 215 1580 παρά
241 1492 378 1577 Φαλτιηλ
404 1498 470 1558 υἱοῦ
496 1494 615 1576 Σελλῆς.
647 1495 738 1557 16καὶ
768 1500 862 1570 πίσω,
888 1497 938 1559 καί
955 1497 1181 1578 ἐπιστρέφουσιν
1200 1494 1294 1561 αυτὸν
1311 1494 1375 1560 ἀπὸ

131 1572 287 1663 ἐπορεύετο
310 1573 328 1641 ὁ
351 1572 425 1662 ἀνὴρ
450 1574 543 1658 αὐτῆς
560 1574 618 1657 μετ’
645 1572 738 1658 αύτης
767 1581 824 1642 τοῦ
836 1602 858 1657 φ
879 1581 964 1652 έατος
977 1583 1035 1642 τοῦ
1046 1574 1187 1664 Σεειράμ,
1215 1580 1376 1644 καὶΛαυίδ

130 1661 243 1725 κλαίων
269 1658 369 1726 ὀπίσω
394 1657 487 1762 αάτης
510 1664 565 1734 ἕως
581 1663 735 1744 Βαρακίμ.
768 1657 823 1724 οὐκ
837 1602 906 1745 ἤδει.
932 1662 961 1702 ²⁷
974 1664 1025 1725 καί
1036 1663 1199 1743 ἐπέστρεψε
1211 1657 1265 1727 τόν
1277 1661 1375 1766 ’Afer-

129 1748 181 1810 καί
194 1743 256 1809 είπε
266 1740 343 1829 πρὸς
355 1739 448 1808 αὑτὸν
456 1738 603 1829 Αβεννηρ.
626 1737 737 1868 πορεύ-
767 1740 820 1828 νηρ
838 1732 877 1819 ἐίς
896 1743 1037 1891 Χεηλρών,
1059 1747 1110 1808 καὶ
1127 1743 1264 1820 ἐξέκλινεν
1282 1742 1375 1810 αυτὸν

130 1853 178 1903 ου,
191 1825 368 1913 ἀνάστρεφε.
396 1829 447 1890 καὶ
460 1823 628 1910 ἀνέστρεψε.
654 1830 666 1866 ¹
686 1828 737 1890 καί
763 1823 857 1914 Ἰωάβ
870 1830 902 1891 έκ
913 1854 938 1891 π
957 1832 1052 1904 ανίων
1064 1831 1116 1910 τῆς
1127 1823 1231 1909 πύλης,
1245 1827 1373 1910 λαλῆσαι

130 1908 347 1996 εἷπενἈβεννίηρ
358 1905 433 1994 πρὸς
442 1905 512 1982 τούς
518 1910 736 1994 πρεσβυτέρους
766 1906 843 2013 πρὸς
856 1906 949 1975 αὐτὸν
963 1906 1128 1994 ἐνεδρεύων.
1162 1913 1213 1974 καί
1228 1908 1373 1984 ἐπάταξεν

126 1991 261 2078 Ἰσραὴλ,
273 1994 377 2070 λέγων.
403 1989 475 2074 χθὲς
494 1995 545 2056 καὶ
555 1998 657 2077 τρίτην
671 1994 736 2073 ἔζη·
767 1992 860 2059 αυτὸν
873 1995 932 2057 ἐκεῖ
945 1997 984 2067 εἰς
996 1993 1051 2077 την
1062 1989 1160 2075 ψόαν,
1185 1995 1238 2057 καί
1251 1989 1373 2057 ἀπέθα-

128 2087 201 2140 τεῖτε
215 2073 268 2141 τὸν
291 2075 389 2141 Λαυὶδ
406 2068 566 2161 βασιλεύειν
589 2072 632 2156 ἐφ’
651 2071 733 2157 ὑμᾶς.
766 2100 811 2141 νεν
823 2079 853 2141 έν
865 2079 910 2158 τῷ
924 2080 1027 2157 αἵματι
1044 2074 1160 2158 Ἀσαίηλ
1172 2079 1229 2139 τοῦ
1242 2073 1373 2156 ἀδελφοῦ

127 2161 221 2224 18καί
234 2164 285 2224 νῦν
303 2154 462 2242 ποιησατε,
488 2153 536 2224 ὀτι
553 2154 653 2244 κύριος
666 2153 734 2222 έλά-
765 2155 863 2245 Ἰωάβ.
888 2160 971 2225 28καί
984 2156 1089 2243 ἤκουσε
1103 2159 1203 2224 Δαυίδ
1212 2156 1285 2241 μετά
1297 2163 1373 2223 ταῦ-

129 2242 199 2326 λησε
212 2246 279 2329 περί
292 2242 401 2318 Δαυίδ,
428 2241 529 2320 λέγων.
554 2245 585 2307 έν
596 2244 668 2327 χειρί
679 2245 735 2305 τοῦ
765 2267 815 2317 τα,
828 2246 879 2307 καί
897 2241 984 2306 εἶπεν.
1015 2238 1122 2317 ἀθῶός
1139 2246 1193 2325 είμι
1211 2240 1270 2318 ἐγώ
1288 2237 1372 2323 καὶὴ

130 2321 241 2391 δούλου
251 2352 314 2432 μου
332 2326 430 2391 Λαυίδ
446 2320 536 2402 σώσω
549 2324 603 2391 τὸν
613 2321 735 2426 Ἰοραίηλ
765 2325 901 2412 βασιλεία
912 2351 971 2406 μου
989 2321 1050 2390 ἀπὸ
1072 2330 1174 2409 κυρίου
1192 2328 1243 2389 καί
1256 2329 1312 2398 ἕως
1324 2329 1373 2387 αἲ-

129 2413 162 2474 ἐκ
185 2434 277 2495 χειρος
295 2405 485 2491 ἀλλοφύλων,
511 2413 563 2473 καί
585 2411 618 2474 ἐκ
641 2432 734 2493 χειρος
766 2412 841 2484 ῶνος
854 2404 917 2473 ἀπὸ
932 2412 994 2471 τῶν
1013 2403 1290 2494 αῖμάτωνἈβεννὴρ
1304 2410 1372 2471 υίοῦ

128 2488 250 2558 πάντων
275 2497 336 2559 τῶν
361 2496 479 2580 ἐχθρῶν
503 2490 612 2557 αὐτῶν.
642 2493 735 2555 19καί
766 2486 846 2578 Νηρ.
872 2491 903 2534 ²²
922 2487 1198 2575 καταντησάτωσαν
1215 2493 1374 2569 έπίκεφα-

129 2573 271 2661 ἐλάλησεν
285 2575 421 2663 Ἀβεννίηρ
436 2579 466 2641 ἐν
478 2588 541 2650 τοῖς
554 2573 612 2641 ὠσί
624 2580 734 2640 Βενια-
766 2574 821 2657 λίην
841 2572 935 2660 Ἰωάίί
951 2576 1004 2640 καὶ
1022 2577 1072 2639 ἐπὶ
1091 2569 1193 2639 πάντα
1214 2571 1269 2639 τόν
1291 2573 1374 2638 οἶκον

127 2663 185 2741 μίν,
204 2664 255 2725 καί
267 2656 416 2742 ἐπορεύθη
425 2655 559 2744 Ἀβεννρ
571 2663 628 2722 τοῦ
642 2657 735 2760 λαλη·
767 2657 948 2743 τοῦπατρὸς
962 2655 1068 2732 αὐτοῦ,
1080 2661 1131 2723 καί
1144 2655 1184 2740 μη
1198 2657 1327 2722 ἐκλείποι
1340 2659 1373 2720 ἐκ

129 2767 178 2807 σαι
192 2749 230 2817 είς
243 2740 283 2805 τά
296 2734 363 2805 ἀτα
376 2747 432 2805 τοῦ
447 2686 543 2804 Δαυίδ
556 2745 595 2813 είς
609 2745 736 2825 Χεβρων
765 2745 822 2805 τοῦ
833 2742 920 2805 σίκσυ
930 2737 1024 2825 Ἰωὰβ
1031 2738 1190 2825 γονοῤῥυὴς
1202 2743 1254 2806 καί
1266 2736 1374 2824 λεπρὸς

127 2821 227 2889 πάντα
245 2820 305 2888 ὅσα
324 2823 425 2908 ἤρεσεν
442 2826 473 2885 ἐν
491 2821 661 2905 ὀφθαλμοῖς
674 2821 736 2885 Ἰσ-
766 2827 817 2888 καί
830 2828 950 2909 κρατῶν
964 2820 1120 2906 σκυτάλης,
1147 2825 1197 2885 καὶ
1209 2829 1330 2886 πίπτων
1342 2825 1374 2884 ἒν

126 2906 206 2993 ραίηλ
220 2909 270 2971 καὶ
283 2908 314 2971 έν
328 2904 506 2990 ὀφθαλμοῖς
523 2905 609 2969 οἴκου
625 2910 735 2970 Βενια·
767 2908 902 2991 ῥομφαίᾳ
934 2908 985 2973 καί
1014 2900 1225 2990 ἐλασσούμενος
1262 2902 1370 2989 ἀρτοις.

126 2997 184 3074 μίν.
211 2993 242 3034 ²⁰
256 2993 306 3054 καί
325 2991 415 3092 ηλθεν
430 2986 563 3074 Ἀβεννηρ
580 2986 656 3073 πρὸς
670 2995 734 3053 Δα-
767 2993 798 3035 ³⁰
807 2988 899 3077 Ἰωάβ
910 2990 943 3056 δέ
955 2994 1005 3056 καί
1011 2986 1165 3076 Ἀβεσσάὀ
1178 2985 1303 3070 ἀδελφὸς
1315 2983 1372 3054 αύ-

126 3074 177 3138 υίδ
186 3078 225 3148 εἰς
239 3076 367 3158 Χεβρων
384 3075 435 3135 καὶ
451 3068 508 3152 μετ’
531 3069 628 3136 αύτσά
643 3074 733 3137 εἴκοσι
765 3078 820 3139 τοῦ
851 3076 1122 3161 διαπαρετηροῦντο
1154 3073 1209 3139 τὸν
1237 3072 1372 3175 Ἀβεννηρ

127 3155 238 3242 ἀνδρες.
263 3158 315 3218 καί
328 3157 448 3236 ἐποίησε
461 3155 558 3219 Λαυλδ
570 3159 615 3238 τῷ
634 3154 734 3259 'Apev-
765 3155 833 3222 ἀνθ’
851 3149 893 3222 ὧν
916 3156 1091 3223 ἐθανάτωσε
1113 3154 1166 3222 τὸν
1182 3156 1296 3241 ’Λσαὴλ
1318 3182 1372 3221 τον

125 3236 180 3323 κὴρ
194 3241 321 3311 καὶτοῖς
338 3234 462 3322 ἀνδράσι
479 3247 544 3312 τοῖς
560 3237 617 3319 μετ’
635 3243 734 3304 αυτοῦ
765 3238 895 3322 ἀδελφὸν
920 3239 1022 3309 αύτῶν
1047 3244 1080 3305 ἐν
1103 3238 1248 3327 Γαβαὼν,
1272 3244 1304 3305 έν
1326 3243 1372 3322 τῴ

124 3317 232 3387 πότον.
246 3324 273 3362 ²¹
282 3324 333 3387 καὶ
345 3319 565 3408 εἷπενἈβεννηρ
577 3322 654 3408 πρὸς
668 3330 733 3388 Δα-
764 3323 894 3407 πολέμῳ.
908 3326 934 3367 ³¹
947 3328 998 3389 καί
1010 3323 1071 3389 εἷπε
1084 3324 1182 3391 Δαυίδ
1192 3324 1269 3412 πρὸς
1279 3319 1372 3407 Ἰωάβ

124 3406 180 3471 υίδ.
209 3402 417 3490 ἀναστησομαι
436 3405 472 3490 δίη
486 3409 538 3469 καὶ
549 3403 732 3490 πορεύσομαι
765 3410 817 3472 καί
840 3407 915 3493 πρὸς
940 3403 1044 3473 πάντα
1065 3404 1119 3473 τὸν
1137 3407 1212 3473 λαὸν
1232 3404 1287 3473 τόν
1309 3404 1367 3489 μετ’

124 3495 176 3556 καί
189 3495 383 3575 συναθροίσω
396 3487 474 3574 πρὸς
492 3484 595 3574 κύριόν
605 3517 665 3575 μου
677 3487 732 3555 τόν
765 3487 869 3555 αὐτοῦ.
897 3487 1069 3577 διαῤῥηξατε
1094 3490 1135 3554 τά
1153 3488 1258 3576 ἱμάτια
1281 3487 1371 3574 ἀμῶν,

124 3575 250 3660 βασιλέα
260 3570 363 3639 πάντα
373 3570 506 3658 Ἰσραὴλ,
519 3576 570 3638 καὶ
582 3573 732 3657 διαθήσο-
765 3577 815 3637 καὶ
825 3572 1031 3657 περιζώσασθε
1051 3570 1188 3649 σάκκους,
1201 3579 1254 3640 καὶ
1264 3570 1371 3639 κόπτε-

125 3684 177 3739 μαε
197 3656 255 3740 μετ’
277 3655 375 3721 αὐτοῦ
394 3652 550 3740 διαθ’κην,
576 3660 627 3721 καί
644 3660 732 3742 βασι·
766 3666 822 3722 σθε
836 3654 965 3724 ἐνώπιον
973 3654 1117 3744 Ἀβεννήρ.
1138 3658 1190 3720 καί
1204 3653 1222 3720 ὁ
1234 3651 1371 3740 βασιλεὺς

125 3736 233 3814 λεύσεις
247 3743 298 3803 ἐπί
311 3743 401 3804 πᾶσιν
413 3739 457 3814 οἷς
508 3736 638 3821 ιθυμεῖῆ
652 3736 731 3824 ψυχή
765 3740 864 3806 Δαυὶδ
887 3737 1043 3825 ἐπορεύετο
1067 3737 1167 3803 ὀπίσω
1186 3742 1239 3819 τῆς
1263 3735 1369 3814 κλίνης·

128 3848 192 3887 σου.
221 3825 273 3886 καὶ
290 3819 442 3887 ἀπέστειλε
459 3822 556 3887 Δαυίδ
567 3820 621 3886 τὸν
631 3820 733 3909 Ἀβεν·
764 3824 795 3866 ²²
807 3827 858 3888 καί
875 3821 1029 3889 θάπτουσι
1046 3818 1100 3886 τὸν
1112 3817 1293 3905 Ἀβεννηρέν
1307 3821 1370 3877 Χε-

127 3902 191 3990 νηρ,
213 3907 264 3968 καί
285 3901 434 3988 ἐπορεύθη
456 3908 487 3968 ἐν
509 3901 613 4011 εἰρήνη.
640 3909 671 3949 ²²
683 3910 733 3972 καί
764 3901 852 4008 βράν.
876 3895 959 4000 καίῇ
979 3901 1036 3969 ενὸ
1053 3899 1257 3990 βασιλεύςτίην
1269 3893 1371 3997 φωνην

129 3986 194 4052 ἰδού
208 3992 240 4051 οἱ
250 3989 353 4062 παῖδες
366 3989 465 4053 Δαυίδ
475 3992 525 4054 καί
544 3990 629 4076 Ιωάβ
639 4014 733 4073 παρε-
766 3993 862 4053 αυτού
887 3993 939 4054 καί
960 3932 1102 4052 λκλαυσεν
1114 3986 1166 4048 ἐπί
1189 3987 1248 4048 τού
1270 4005 1369 4075 ταφου

126 4074 251 4148 γένοντο
278 4073 310 4134 έκ
334 4076 387 4155 τῆς
412 4073 535 4147 έξοδίας,
559 4077 611 4139 καί
638 4070 733 4137 σκῦλα
766 4068 875 4147 αὐτοῦ,
901 4072 953 4136 καί
970 4070 1093 4134 έκλαυσε
1109 4071 1170 4140 πᾶς
1188 4062 1206 4129 ὀ
1226 4066 1300 4138 λαος
1319 4064 1370 4127 ἐπὶ

127 4152 229 4219 πολλά
242 4157 347 4259 ε’·’φερον
358 4153 422 4236 μεθ’
439 4158 561 4220 ἑαυτῶν.
575 4157 626 4221 καί
635 4153 733 4242 'Asiar-
760 4150 904 4241 Ἀβεννηρ.
930 4154 1017 4218 33καί
1028 4147 1191 4235 έθρήνησεν
1205 4147 1222 4214 ὁ
1234 4143 1370 4234 βασιλεύς

129 4235 183 4324 νηρ
209 4236 263 4302 οὐκ
286 4262 322 4321 ην
337 4236 410 4319 μετὰ
429 4240 525 4304 Δαυίδ
540 4243 579 4314 είς
595 4236 732 4324 Χεβρών,
766 4234 975 4322 ἐπίἈβεννηρ,
1001 4239 1052 4301 καί
1069 4233 1154 4299 εἶπεν.
1183 4238 1209 4297 εἰ
1224 4231 1304 4298 κατὰ
1318 4229 1369 4295 τὸν

127 4319 174 4386 ὅτι
190 4319 366 4387 ἀπεστάλκει
387 4320 496 4400 αὐτὸν,
515 4326 567 4388 καί
584 4319 734 4407 ἀπεληλύ·
765 4316 900 4387 θάνατον
922 4315 1037 4406 Νάβαλ
1054 4317 1253 4382 ἀποθανεῖται
1272 4313 1370 4401 Ἀβεν-

125 4415 173 4471 θει
187 4408 219 4472 ἒν
231 4403 338 4499 εἰρήνη.
378 4408 407 4448 ²³
420 4411 470 4471 καί
479 4403 572 4490 Ἰωάβ
581 4410 634 4471 καί
646 4410 733 4471 πᾶσα
765 4400 837 4491 νηρς
863 4402 894 4447 ³⁴
908 4406 942 4467 αλ
958 4405 1048 4488 χεῖρές
1066 4427 1120 4467 σου
1142 4398 1197 4465 σύκ
1212 4403 1369 4482 ἐδέθησαν,

124 4487 141 4576 ἢ
157 4489 283 4579 στρατιὰ
301 4489 395 4555 αὐτοῦ
408 4489 558 4574 ἤλθοσαν,
569 4492 620 4554 καί
633 4485 731 4572 ἀπην·
764 4492 796 4554 οἱ
807 4485 896 4567 πόδες
909 4513 965 4553 σου
975 4486 1030 4553 οὐκ
1041 4491 1071 4553 ἐν
1082 4487 1194 4561 πέδαις.
1208 4483 1244 4550 οὗ
1257 4485 1369 4569 προςη“

1279 4589 1369 4645 γαμεν
