2924 4972
178 228 245 296 748
524 228 733 290 ΝΑανΜ
771 220 1044 310 σταμῖνας..

166 373 241 430 μνον
253 347 386 422 λέοντος,
408 348 460 409 καὶ
472 344 526 409 ούκ
540 333 577 426 ήν
591 342 608 407 ὁ
621 345 758 429 ἐκφοβῶν
763 370 775 420 ,·
810 338 890 426 ἰσχύς
908 338 1015 424 αὐτῆς,
1041 342 1092 404 καί
1103 341 1270 438 Αίγύπτος.
1298 339 1351 402 καί
1364 337 1418 404 ούκ

168 430 278 495 11λέων
291 426 404 514 ήρπασε
415 428 454 492 τὰ
466 425 554 491 ἱκανὰ
566 437 628 500 τοῖς
639 421 777 509 σκύμνοις
809 426 880 507 ἔστη
892 427 986 508 πέρας
998 427 1050 506 τῆς
1063 448 1164 525 φυγης.
1177 425 1344 525 καὶΛίβυες
1352 425 1418 524 {76-

169 511 276 589 αύτού,
295 515 346 577 καί
359 512 500 586 ἀπέπνιξε
514 520 578 583 τοῖς
589 508 707 574 λέουσιν
720 505 778 573 αύ-
810 531 896 572 νοντο
915 507 1028 593 βοηθοὶ
1045 510 1146 590 αντής.
1176 509 1205 549 ¹⁰
1217 507 1268 570 καί
1287 531 1366 590 αντη
1379 510 1418 581 είς

169 601 242 671 τοῦ,
267 597 319 660 καὶ
338 596 446 678 ἔπλησε
464 588 562 677 θήρας
581 589 702 657 νοσσιὰν
720 588 778 657 αύ-
808 597 992 675 μετοικεσίαν
1014 586 1193 674 πορεύσεται
1219 587 1418 673 αἰχμάλωτος,

169 683 236 752 τοῦ,
254 677 354 743 καὶτὸ
368 674 596 761 κατοικητήριον
612 673 709 739 αὐτοῦ
721 672 778 757 ἀρ-
809 676 862 739 καί
885 673 924 739 τά
950 668 1041 758 νήπια
1065 671 1158 756 αὐτῆς
1183 671 1355 754 δδαφιοῦσιν
1371 670 1415 738 ἐπ’

169 766 277 846 παγής.
304 763 332 803 ¹³
346 758 412 826 ἰδού
426 758 486 837 ἐγὼ
504 762 555 825 ἐπί
568 757 611 833 σὲ,
637 757 712 834 λέγει
725 751 778 821 κύ-
810 754 902 842 ἀρχάς
926 761 1036 822 πασῶν
1055 760 1118 821 τῶν
1138 754 1218 822 ὁδῶν
1235 755 1341 841 αὐτῆς,
1368 759 1419 821 καί

171 870 233 931 ριος
254 843 490 928 παντοκράτωρ,
515 842 567 907 καί
591 837 730 906 ἐκκαύσω
746 842 778 904 ἐν
810 844 862 905 ἐπὶ
877 836 976 906 πάντα
994 838 1034 903 τά
1052 838 1159 916 ἔνδοξα
1176 836 1270 924 αύτής
1288 839 1417 926 βαλούσι

171 932 275 1010 καπνῷ
286 924 407 1012 πληθύς
418 952 490 1002 σου,
508 927 560 989 καί
572 924 645 999 τούς
657 919 779 998 λέοντάς
810 921 947 1008 κλήρους.
958 924 1010 988 καί
1021 922 1130 998 πάντες
1142 926 1173 988 οί
1184 929 1352 1004 μεγιστᾶνες
1363 923 1417 990 αύ-

172 1036 227 1076 σου
240 1006 446 1090 καταφαίνεται
458 1011 604 1114 ῥομφαία,
613 1009 666 1071 καί
675 1005 778 1082 ἔξαλο-
810 1010 862 1090 τής
874 1002 1056 1108 δεθήσονται
1067 1007 1259 1092 χειραπέδαις.
1277 1011 1303 1049 11
1314 1008 1368 1072 καί
1380 1006 1416 1073 σύ

170 1090 289 1198 θρεύσω
303 1098 335 1158 ἐκ
348 1098 461 1179 τήςγής
470 1117 526 1176 την
537 1089 639 1176 θήραν
651 1090 780 1164 σου,καί
809 1091 1114 1184 μεθυοθηση,καίὲ’ση
1128 1088 1418 1175 ύιτερεωραμένη,καί

172 1203 210 1244 ου
222 1178 261 1263 μή
274 1177 369 1242 ἀκουσ
401 1181 413 1193 '
425 1174 526 1241 ούκέτι
538 1174 577 1239 τά
588 1178 661 1258 ε”ργα
672 1199 736 1238 σου.
811 1170 846 1239 ού
859 1170 989 1257 ζητήσεις
1008 1177 1118 1267 σεαντή
1131 1169 1236 1275 ρτάσην
1247 1175 1278 1250 ἐξ
1291 1177 1416 1258 ἐχθρῶν.

199 1256 218 1300 ¹
410 1269 440 1325 E
454 1264 493 1323 (ί).
536 1253 591 1322 Γ’.
810 1253 952 1322 11πάντα
976 1253 1016 1321 τά
1042 1253 1222 1340 ἀχυριαματα
1246 1283 1304 1322 σου
1333 1272 1418 1324 συκαῖ

174 1311 329 1418 Ωπόλις
341 1341 486 1426 αίμάτων,
506 1339 562 1426 ὅλη
575 1337 695 1429 ψευδής,
713 1338 778 1405 ἀδι-
811 1335 943 1415 σκοπούς
955 1341 1090 1424 ἔχουσαι,
1103 1339 1154 1406 ἐὰν
1167 1340 1347 1416 σαλενθῶσι,
1366 1367 1418 1407 πε.

171 1435 238 1503 κίας
250 1423 380 1511 πλήρης,
403 1424 440 1492 ού
454 1419 705 1510 ψηλαφηθήοεται
718 1420 779 1504 θή-
812 1427 935 1490 σοῦνται
947 1426 987 1498 είς
1003 1420 1100 1505 στόμα
1118 1426 1272 1498 ἔσθοντας.
1311 1423 1419 1491 13ίδού

172 1538 221 1597 ρα.
235 1510 360 1594 ’1φωνή
372 1515 543 1592 μαστίγων,
561 1512 612 1572 καί
624 1505 708 1589 φωνή
722 1531 780 1570 σει·
812 1502 830 1571 ὁ
848 1502 923 1583 λαός
941 1531 995 1572 σου
1013 1502 1054 1581 ὡς
1070 1518 1204 1584 γυναῖκες
1220 1511 1251 1572 ἐν
1264 1511 1333 1584 σοί,
1357 1520 1418 1585 τοῖς

173 1597 253 1678 σμοῦ
277 1596 404 1677 τροχοῖν,
430 1593 482 1656 καί
499 1597 595 1655 ἵππου
607 1588 778 1666 διώκοντος,
812 1593 931 1677 ἐχθροῖς
943 1615 1000 1656 σον
1019 1586 1207 1674 ἀνοιγόμενα
1220 1587 1418 1676 ἀνοιχθήσον-

172 1680 224 1742 καί
247 1673 381 1761 ἀρματος
405 1669 665 1760 ἀναβράσσοντος,
701 1673 779 1737 3καί
811 1694 861 1739 ται
872 1671 968 1740 πύλαι
979 1677 1095 1776 τῆςγής
1113 1699 1187 1750 σου,
1212 1673 1417 1757 καταφάγεται

173 1764 290 1835 ἱππέως
315 1756 541 1845 ἀναβαίνοντος,
565 1757 618 1822 καί
642 1752 779 1842 οτιλβού-
811 1761 873 1842 πύρ
886 1756 1098 1842 τούςμοχλους
1111 1782 1174 1823 σου.
1188 1755 1305 1845 11ύδωρ
1316 1785 1419 1845 περιο·

175 1869 228 1927 σης
252 1846 418 1929 ῥομφαίας,
443 1844 496 1906 καί
512 1837 781 1925 λξαστραπτόντων
812 1845 1040 1925 χήςίπίσπασαι
1053 1845 1179 1932 σεαυτῇ,
1201 1843 1253 1907 καί
1264 1841 1418 1930 κατακρά-

174 1922 289 2000 όπλων,
308 1927 360 1989 καί
371 1922 508 2008 πλήθους
520 1928 717 2009 τραυματιῶν,
730 1925 782 1988 καὶ
813 1948 905 2009 τησον
920 1928 985 1990 τῶν
1003 1920 1203 2010 ὀχυρωμάτων
1220 1951 1285 1992 σου.
1310 1929 1418 2014 ἔμβηθι

172 2013 293 2096 βαρείας
317 2002 472 2082 πτώσεως,
495 2009 547 2071 καί
562 2005 617 2071 οὐκ
635 2005 670 2091 ἦν
686 2010 781 2091 πέρας
813 2012 851 2083 είς
867 2004 987 2090 πηλόν,
1002 2009 1056 2072 καί
1074 2007 1288 2094 συμπατήθητι
1302 2015 1333 2076 ἐν
1345 2008 1416 2097 ἀχύ-

172 2102 237 2165 τοῖς
249 2093 362 2154 ἔθνεσιν
374 2087 474 2172 αύτής.
499 2092 550 2155 καί
562 2085 781 2173 ἀσθενήσουσιν
811 2117 883 2177 ροις.
918 2087 1148 2176 κατακράτησον
1178 2090 1253 2175 ὑπὲρ
1278 2094 1419 2174 πλίνθον,

172 2179 206 2240 ἐν
221 2185 288 2248 τοῖς
300 2168 434 2256 σάμασιν
448 2171 549 2238 αύτῶν
566 2168 781 2256 ἀπδπλήθονς
812 2175 913 2240 11ἐκεΐ
930 2172 1139 2257 καταφάγεταί
1161 2200 1193 2241 σε
1210 2181 1290 2263 πῦρ,
1315 2178 1415 2256 ἐξολο-

173 2263 319 2341 πορνείας.
345 2257 362 2300 ⁴
375 2255 470 2360 πόρνη
483 2253 570 2341 καλή,
586 2257 637 2320 καί
649 2259 781 2342 ἐπίχαρις
812 2253 933 2343 θρεύσει
944 2283 977 2324 σε
989 2261 1139 2345 ῥομφαία,
1165 2256 1377 2343 καταφάγεταί
1387 2289 1419 2330 σε

173 2338 317 2426 ήγουμένη
329 2358 502 2426 φαρμακων,
515 2338 534 2426 ή
546 2338 694 2406 πωλούσα
703 2344 780 2425 ἔθνη
812 2339 854 2418 ὡς
864 2339 965 2427 ἀκρίς,
977 2344 1029 2408 καί
1038 2340 1214 2439 βαρυνθήση
1228 2341 1270 2420 ὥς
1281 2349 1418 2433 βροῡχος.

175 2427 206 2488 ίν
231 2428 270 2506 τῆ
289 2431 413 2508 πορνεία
435 2423 542 2510 αύτής,
567 2424 619 2488 καί
640 2418 733 2498 λαούς
748 2425 780 2489 δν
811 2421 1022 2508 11ἐπλήθυνας
1037 2425 1094 2502 τὰς
1110 2431 1255 2513 ἐμπορίας
1272 2455 1327 2494 σου
1345 2431 1419 2515 ὑπὲρ

173 2518 237 2583 τοῖς
250 2495 528 2592 ’φαρμάκοιςαύτής
549 2508 642 2573 1ἰδοὺ
657 2505 716 2585 ἔγω
730 2509 780 2571 ἐπί
812 2507 850 2573 τά
864 2506 1033 2594 ἀστρατού
1045 2511 1190 2613 ούρανοῦ.
1253 2517 1292 2577 οῦ
1309 2511 1415 2594 οςιόρ-

173 2589 221 2667 σὲ,
246 2591 321 2668 λέγει
338 2588 439 2677 κύριος
459 2587 562 2665 ὁθεός
575 2587 592 2656 ὁ
605 2587 779 2676 παντοκρά-
810 2618 883 2675 μησε
918 2594 968 2658 καί
981 2594 1174 2679 ἔξεπετασθη.
1199 2600 1213 2638 1
1239 2593 1288 2681 ἐξή
1346 2596 1420 2675 οὼς

172 2699 253 2760 τωρ,
280 2675 331 2739 καί
344 2671 540 2758 ἀποκαλύψω
552 2673 592 2738 τὰ
611 2673 709 2739 ὀπίσω
723 2700 779 2739 σου
811 2674 883 2741 ἀττε
912 2675 1254 2763 βοςόσυμμικτόςσου,
1280 2676 1320 2754 ὡς
1332 2677 1421 2765 ἀκρίς

170 2760 224 2822 ίπί
235 2754 272 2822 τὸ
282 2752 444 2840 πρόςωπόν
454 2783 520 2832 σου,
530 2760 580 2821 καί
588 2758 672 2834 δείξω
680 2759 778 2822 ἔθνεσι
810 2763 1000 2847 διαβεβηκυῖα
1029 2763 1080 2827 ἐπὶ
1104 2787 1186 2846 φραγ
1212 2761 1242 2828 ’ν
1265 2765 1298 2828 ἐν
1322 2759 1417 2849 ἡμέρᾳ

171 2839 229 2923 τήν
242 2836 382 2922 αἰσχύνην
394 2866 463 2916 σου,
489 2842 540 2905 καί
551 2839 714 2927 βασιλείαις
725 2837 779 2927 τήν
810 2839 931 2921 πάγους.
958 2840 976 2908 ὁ
989 2838 1073 2928 ήλιος
1084 2788 1284 2948 ἀνέτριίάῖκαὶ
1295 2843 1416 2929 ἀφήλα-

1269 315 1392 326 ——-·

172 2923 292 3002 ἀτιμίαν
309 2947 374 2985 σου.
414 2925 493 2987 1ίκαί
505 2926 656 3010 ι’πιρρίφω
676 2924 727 2988 ε’πί
745 2923 779 2990 σὲ
810 2951 861 3002 το,
887 2929 939 2991 καί
960 2925 1014 2991 ούκ
1033 2931 1110 3006 ἔγνω
1127 2951 1182 2993 τον
1198 2952 1294 2992 τοπον
1310 2927 1413 3012 αύτής.

171 3003 334 3106 βδελυγμίαν
353 3004 432 3071 κατὰ
445 3004 498 3082 τὰς
511 3006 702 3092 ἀκαθαρσίας
715 3033 778 3084 σου,
811 3007 883 3075 ούαί
900 3009 1014 3085 αὐτοῖς.
1044 3012 1073 3055 ¹⁸
1085 3007 1242 3085 ἐνύσταξαν
1256 3013 1289 3074 οί
1304 3017 1416 3093 ποιμέ-

172 3091 223 3152 καί
236 3093 371 3173 θησομαί
383 3096 465 3167 σεεῖς
478 3089 673 3176 παράδειγμα.
702 3093 779 3157 7καί
810 3118 854 3167 νες
878 3118 946 3170 σου,
970 3092 1108 3182 βασιλεὺς
1117 3088 1268 3176 Ἀσσύριος
1285 3093 1420 3176 ἐκοίμισε

171 3173 257 3236 ἔσται
269 3170 356 3247 πᾶςὸ
369 3173 450 3260 ὁριὸν
464 3200 495 3238 σε
508 3171 703 3259 καταβήσεται
714 3172 777 3239 ἀπὸ
808 3173 878 3251 τούς
887 3175 1034 3252 δυνάστας
1044 3203 1108 3250 σον,
1121 3173 1260 3279 ἀπῇρενό
1273 3173 1347 3253 λαός
1360 3206 1419 3246 σου

172 3259 238 3331 σοῦ,
251 3257 302 3320 καί
315 3259 383 3341 ε’ρεῖ,
396 3257 510 3323 δειλαία
521 3254 644 3342 Νινευή.
655 3263 699 3332 τίς
712 3282 778 3322 ατε
809 3261 859 3327 ε’πί
871 3259 911 3325 τὰ
925 3260 990 3347 ὄρη,
1004 3261 1055 3323 καὶ
1067 3255 1124 3323 ούκ
1137 3246 1205 3342 ήνο
1220 3255 1418 3344 ἐκδεχόμενος.

170 3335 247 3415 νύξεν
260 3337 354 3425 αύτήν
360 3369 372 3418 ,·
386 3338 484 3406 πόθεν
494 3338 610 3425 ζητήσω
619 3337 778 3443 παράκλη-
808 3345 836 3386 ¹⁹
851 3341 907 3409 οὐκ
932 3347 1009 3409 ἔστιν
1033 3343 1109 3417 ἴασις
1126 3346 1166 3437 τῇ
1188 3348 1327 3438 συντριβῇ
1349 3373 1418 3425 σον,

170 3448 218 3488 σιν
233 3421 327 3500 αύτ”,·
354 3420 537 3508 8ἑτοιμάσαι
549 3424 662 3507 μερίδα,
680 3420 778 3509 ἀρμο-
808 3427 985 3510 ἐφλέγμανεν
1008 3423 1027 3509 ἡ
1045 3422 1142 3511 πληγ’
1163 3453 1234 3505 σου,
1257 3425 1368 3505 πάντες
1385 3434 1418 3496 σί

169 3532 219 3571 σαι
236 3451 356 3589 χορδήν,
369 3505 525 3591 ἑτοιμάσαι
538 3507 642 3592 μερίδα
649 3503 776 3591 Ἀμμών.
807 3507 967 3586 ἀκούοντες
986 3509 1046 3594 τήν
1062 3454 1200 3588 ἀγγελίαν
1225 3537 1280 3576 σου
1305 3509 1418 3616 κρατή·

168 3585 187 3671 ή
201 3592 383 3666 κατοικοῡσα
399 3593 430 3655 ἐν
441 3604 604 3673 ποταμοῖς,
631 3587 710 3675 ὕδωρ
724 3587 777 3656 κύ·
809 3620 891 3659 σουοι
903 3608 1002 3679 χεῖρας
1014 3597 1065 3660 ἐπὶ
1077 3597 1118 3660 σε’.
1132 3589 1207 3660 διότι
1219 3596 1269 3659 ἐπί
1279 3599 1348 3660 τίνα
1361 3622 1416 3661 ονκ

168 3668 230 3751 κλῳ
244 3668 351 3753 αὐτῆς,
370 3664 404 3756 ής
417 3670 435 3759 ή
449 3671 524 3758 ἀρχή
538 3670 701 3751 θάλασσα,
725 3676 776 3739 καί
810 3679 939 3762 ἐπῆλθεν
952 3675 971 3762 ή
985 3684 1077 3744 κακία
1090 3704 1144 3743 σου
1156 3674 1331 3754 διαπαντός.

167 3746 248 3836 ὕδωρ
262 3751 301 3816 τό
313 3759 391 3838 τείχη
404 3754 507 3840 αύτής,
530 3757 545 3798 ⁹
558 3757 609 3821 καί
620 3763 776 3824 Αἰθιοπία

484 4071 761 4175 ΑΜΒΑ
788 4069 1095 4181 K-OYM.

206 4299 220 4334 7
354 4256 428 4312 ΚΕ
441 4253 479 4311 Ψ·
522 4247 580 4315 A'·
803 4256 836 4321 σὲ
849 4254 1049 4339 ἀδικούμενος,
1064 4258 1169 4323 καίού
1183 4254 1418 4337 σούσειςς3ίνατί

217 4331 348 4414 δλῆμμα
363 4326 382 4393 3
394 4330 466 4394 ἒίῑίέν
481 4330 648 4417 Ἀμβακοίνα
661 4336 677 4402 δ
692 4366 770 4422 προ·
802 4337 912 4418 ἔδειξός
923 4367 972 4421 μοι
986 4338 1102 4417 κόπους
1114 4344 1166 4407 καί
1178 4341 1289 4418 πόνους
1298 4345 1416 4431 ἐπιβλέ-

161 4412 266 4499 φήτης·
293 4415 377 4512 {¹⁰⁰⁶
390 4418 470 4516 15va
488 4415 567 4498 κύριε
580 4423 769 4506 κεκράξομαι,
802 4449 876 4499 πειν,
891 4424 1102 4509 ταλαιπωρίαν
1115 4427 1166 4489 καί
1178 4423 1319 4510 ἀσέβειαν
1324 4456 1337 4505 ,-
1358 4430 1418 4506 ἐξι-

160 4502 212 4562 καί
225 4494 264 4563 ού
274 4521 316 4578 μη
328 4497 516 4579 daemone,-
533 4501 681 4589 βοήσομαι
694 4506 769 4593 πρὸς
803 4513 926 4583 ναντίας
937 4532 997 4590 μου
1009 4511 1118 4593 γέγονε,-
1127 4513 1229 4593 κρίσις,
1252 4512 1305 4575 καί
1321 4508 1339 4576 ὁ
1353 4537 1420 4598 κρι-

1368 4595 1420 4682 τίς
