<?xml version="1.0" encoding="UTF-8"?>
<!DOCTYPE html PUBLIC "-//W3C//DTD XHTML 1.0 Transitional//EN"
    "http://www.w3.org/TR/xhtml1/DTD/xhtml1-transitional.dtd">
<html xmlns="http://www.w3.org/1999/xhtml" xml:lang="en" lang="en">
 <head>
  <title>
</title>
<meta http-equiv="Content-Type" content="text/html;charset=utf-8" />
  <meta name='ocr-system' content='tesseract 3.04.00' />
  <meta name='ocr-capabilities' content='ocr_page ocr_carea ocr_par ocr_line ocrx_word'/>
</head>
<body>
  <div class='ocr_page' id='page_1' title='image "./vetustestamentu00essgoog_0153.png"; bbox 0 0 2924 4972; ppageno 0'>
   <div class='ocr_carea' id='block_1_1' title="bbox 58 208 1316 4622">
    <p class='ocr_par' dir='ltr' id='par_1_1' title="bbox 58 208 1316 4604">
     <span class='ocr_line' id='line_1_1' title="bbox 450 208 1315 292; baseline 0.001 -14"><span class='ocrx_word' id='word_1_1' title='bbox 450 215 730 279; x_wconf 75' lang='grc' dir='ltr'>Λνιοσιον</span> <span class='ocrx_word' id='word_1_2' title='bbox 767 208 935 292; x_wconf 47' lang='lat' dir='ltr'>matti.</span> <span class='ocrx_word' id='word_1_3' title='bbox 1252 220 1315 286; x_wconf 79' lang='lat'>137</span> 
     </span>
     <span class='ocr_line' id='line_1_2' title="bbox 68 325 1316 418; baseline 0.002 -23"><span class='ocrx_word' id='word_1_4' title='bbox 68 334 233 414; x_wconf 82' lang='grc' dir='ltr'>ρευσμένισν</span> <span class='ocrx_word' id='word_1_5' title='bbox 248 328 351 395; x_wconf 74' lang='grc' dir='ltr'>αὐτῶν</span> <span class='ocrx_word' id='word_1_6' title='bbox 369 328 446 415; x_wconf 84' lang='grc' dir='ltr'>πρὸς</span> <span class='ocrx_word' id='word_1_7' title='bbox 462 328 503 394; x_wconf 86' lang='grc' dir='ltr'>τά</span> <span class='ocrx_word' id='word_1_8' title='bbox 530 326 602 406; x_wconf 79' lang='grc' dir='ltr'>άγια</span> <span class='ocrx_word' id='word_1_9' title='bbox 617 334 680 394; x_wconf 71' lang='grc' dir='ltr'>τοῖν</span> <span class='ocrx_word' id='word_1_10' title='bbox 711 325 834 404; x_wconf 76' lang='grc' dir='ltr'>στύλους</span> <span class='ocrx_word' id='word_1_11' title='bbox 845 335 898 413; x_wconf 94' lang='grc' dir='ltr'>τῆς</span> <span class='ocrx_word' id='word_1_12' title='bbox 909 326 1001 413; x_wconf 74' lang='grc' dir='ltr'>αὐλῆς</span> <span class='ocrx_word' id='word_1_13' title='bbox 1013 326 1128 411; x_wconf 76' lang='grc' dir='ltr'>κύκλῳ,</span> <span class='ocrx_word' id='word_1_14' title='bbox 1149 335 1200 395; x_wconf 84' lang='grc' dir='ltr'>καῖ</span> <span class='ocrx_word' id='word_1_15' title='bbox 1211 334 1316 418; x_wconf 73' lang='grc' dir='ltr'>αἴβά·</span> 
     </span>
     <span class='ocr_line' id='line_1_3' title="bbox 67 408 1314 500; baseline 0 -21"><span class='ocrx_word' id='word_1_16' title='bbox 67 416 171 493; x_wconf 79' lang='grc' dir='ltr'>ἁγίων.</span> <span class='ocrx_word' id='word_1_17' title='bbox 179 411 359 500; x_wconf 73' lang='grc' dir='ltr'>Ἀαρίννκαῖ</span> <span class='ocrx_word' id='word_1_18' title='bbox 368 414 469 476; x_wconf 84' lang='grc' dir='ltr'>σῖὐίοί</span> <span class='ocrx_word' id='word_1_19' title='bbox 478 408 576 477; x_wconf 72' lang='grc' dir='ltr'>αὐτοῦ</span> <span class='ocrx_word' id='word_1_20' title='bbox 587 436 678 497; x_wconf 85' lang='grc' dir='ltr'>προς-</span> <span class='ocrx_word' id='word_1_21' title='bbox 710 436 766 487; x_wconf 90' lang='grc' dir='ltr'>σεις</span> <span class='ocrx_word' id='word_1_22' title='bbox 777 409 894 486; x_wconf 71' lang='grc' dir='ltr'>αὐτῶν,</span> <span class='ocrx_word' id='word_1_23' title='bbox 908 414 960 475; x_wconf 85' lang='grc' dir='ltr'>καῖ</span> <span class='ocrx_word' id='word_1_24' title='bbox 972 409 1041 487; x_wconf 74' lang='grc' dir='ltr'>τοὺς</span> <span class='ocrx_word' id='word_1_25' title='bbox 1053 412 1180 488; x_wconf 78' lang='grc' dir='ltr'>στύλους</span> <span class='ocrx_word' id='word_1_26' title='bbox 1190 420 1246 479; x_wconf 81' lang='grc' dir='ltr'>τοῦ</span> <span class='ocrx_word' id='word_1_27' title='bbox 1257 442 1314 479; x_wconf 87' lang='grc' dir='ltr'>κα·</span> 
     </span>
     <span class='ocr_line' id='line_1_4' title="bbox 67 490 1313 597; baseline -0.002 -34"><span class='ocrx_word' id='word_1_28' title='bbox 67 490 679 583; x_wconf 75' lang='grc' dir='ltr'>πορευέσθωσαν,καίιιαταστῆσουσιναιί-</span> <span class='ocrx_word' id='word_1_29' title='bbox 710 492 936 577; x_wconf 82' lang='grc' dir='ltr'>ταπετάσματος</span> <span class='ocrx_word' id='word_1_30' title='bbox 952 499 1004 597; x_wconf 88' lang='grc' dir='ltr'>τῆς</span> <span class='ocrx_word' id='word_1_31' title='bbox 1027 490 1123 578; x_wconf 80' lang='grc' dir='ltr'>πάλης</span> <span class='ocrx_word' id='word_1_32' title='bbox 1141 500 1193 580; x_wconf 83' lang='grc' dir='ltr'>τῆς</span> <span class='ocrx_word' id='word_1_33' title='bbox 1211 496 1313 583; x_wconf 78' lang='grc' dir='ltr'>αὐλῆς,</span> 
     </span>
     <span class='ocr_line' id='line_1_5' title="bbox 67 572 1314 662; baseline -0.001 -16"><span class='ocrx_word' id='word_1_34' title='bbox 67 579 139 656; x_wconf 73' lang='grc' dir='ltr'>τοὺς</span> <span class='ocrx_word' id='word_1_35' title='bbox 151 584 279 643; x_wconf 75' lang='grc' dir='ltr'>ἕκαστον</span> <span class='ocrx_word' id='word_1_36' title='bbox 290 576 370 641; x_wconf 83' lang='grc' dir='ltr'>κατά</span> <span class='ocrx_word' id='word_1_37' title='bbox 381 576 415 640; x_wconf 73' lang='grc' dir='ltr'>τ’</span> <span class='ocrx_word' id='word_1_38' title='bbox 448 574 608 662; x_wconf 74' lang='grc' dir='ltr'>α’νσψορὰν</span> <span class='ocrx_word' id='word_1_39' title='bbox 619 574 678 641; x_wconf 75' lang='grc' dir='ltr'>αὖ·</span> <span class='ocrx_word' id='word_1_40' title='bbox 709 579 759 641; x_wconf 86' lang='grc' dir='ltr'>καί</span> <span class='ocrx_word' id='word_1_41' title='bbox 772 574 827 652; x_wconf 77' lang='grc' dir='ltr'>τὰς</span> <span class='ocrx_word' id='word_1_42' title='bbox 837 572 936 662; x_wconf 70' lang='grc' dir='ltr'>βάσεις</span> <span class='ocrx_word' id='word_1_43' title='bbox 947 580 1064 651; x_wconf 79' lang='grc' dir='ltr'>αυτῶν,</span> <span class='ocrx_word' id='word_1_44' title='bbox 1085 578 1219 654; x_wconf 77' lang='grc' dir='ltr'>καὶτοὺς</span> <span class='ocrx_word' id='word_1_45' title='bbox 1231 606 1314 645; x_wconf 85' lang='grc' dir='ltr'>πασ·</span> 
     </span>
     <span class='ocr_line' id='line_1_6' title="bbox 67 656 1313 743; baseline 0 -17"><span class='ocrx_word' id='word_1_46' title='bbox 67 667 134 738; x_wconf 80' lang='grc' dir='ltr'>τοῦ,</span> <span class='ocrx_word' id='word_1_47' title='bbox 147 658 386 743; x_wconf 70' lang='grc' dir='ltr'>20ιιοιέοίιμίηείς</span> <span class='ocrx_word' id='word_1_48' title='bbox 418 662 677 736; x_wconf 74' lang='grc' dir='ltr'>θωσινίέείνέξά-</span> <span class='ocrx_word' id='word_1_49' title='bbox 710 656 818 735; x_wconf 88' lang='grc' dir='ltr'>σάλους</span> <span class='ocrx_word' id='word_1_50' title='bbox 834 657 943 736; x_wconf 74' lang='grc' dir='ltr'>αὐτόν,</span> <span class='ocrx_word' id='word_1_51' title='bbox 968 661 1019 723; x_wconf 85' lang='grc' dir='ltr'>καῖ</span> <span class='ocrx_word' id='word_1_52' title='bbox 1041 660 1111 735; x_wconf 79' lang='grc' dir='ltr'>τοὺς</span> <span class='ocrx_word' id='word_1_53' title='bbox 1129 657 1238 736; x_wconf 84' lang='grc' dir='ltr'>κάλους</span> <span class='ocrx_word' id='word_1_54' title='bbox 1256 660 1313 726; x_wconf 79' lang='grc' dir='ltr'>αἴν-</span> 
     </span>
     <span class='ocr_line' id='line_1_7' title="bbox 67 738 1314 825; baseline 0 -16"><span class='ocrx_word' id='word_1_55' title='bbox 67 769 140 810; x_wconf 87' lang='grc' dir='ltr'>πινα</span> <span class='ocrx_word' id='word_1_56' title='bbox 149 742 190 808; x_wconf 83' lang='grc' dir='ltr'>τά</span> <span class='ocrx_word' id='word_1_57' title='bbox 198 738 581 821; x_wconf 76' lang='grc' dir='ltr'>άγια,καῖάποθανοῦντοιι.</span> <span class='ocrx_word' id='word_1_58' title='bbox 594 744 678 806; x_wconf 69' lang='grc' dir='ltr'>21καί</span> <span class='ocrx_word' id='word_1_59' title='bbox 708 747 780 817; x_wconf 76' lang='grc' dir='ltr'>τῶν,</span> <span class='ocrx_word' id='word_1_60' title='bbox 796 746 847 806; x_wconf 84' lang='grc' dir='ltr'>καί</span> <span class='ocrx_word' id='word_1_61' title='bbox 857 738 959 806; x_wconf 85' lang='grc' dir='ltr'>πάντα</span> <span class='ocrx_word' id='word_1_62' title='bbox 972 741 1012 806; x_wconf 79' lang='grc' dir='ltr'>τά</span> <span class='ocrx_word' id='word_1_63' title='bbox 1025 738 1112 825; x_wconf 80' lang='grc' dir='ltr'>σκεύη</span> <span class='ocrx_word' id='word_1_64' title='bbox 1126 741 1235 817; x_wconf 73' lang='grc' dir='ltr'>αὐτῶν,</span> <span class='ocrx_word' id='word_1_65' title='bbox 1261 746 1314 809; x_wconf 82' lang='grc' dir='ltr'>καί</span> 
     </span>
     <span class='ocr_line' id='line_1_8' title="bbox 68 820 1313 913; baseline -0.002 -21"><span class='ocrx_word' id='word_1_66' title='bbox 68 823 192 911; x_wconf 80' lang='grc' dir='ltr'>ἐλάλησε</span> <span class='ocrx_word' id='word_1_67' title='bbox 203 822 303 913; x_wconf 85' lang='grc' dir='ltr'>κάρισς</span> <span class='ocrx_word' id='word_1_68' title='bbox 313 822 389 911; x_wconf 83' lang='grc' dir='ltr'>πρὸς</span> <span class='ocrx_word' id='word_1_69' title='bbox 401 830 548 911; x_wconf 88' lang='grc' dir='ltr'>Μωυσῆν,</span> <span class='ocrx_word' id='word_1_70' title='bbox 572 825 675 901; x_wconf 85' lang='grc' dir='ltr'>λέγων.</span> <span class='ocrx_word' id='word_1_71' title='bbox 707 820 809 888; x_wconf 87' lang='grc' dir='ltr'>πάντα</span> <span class='ocrx_word' id='word_1_72' title='bbox 829 821 869 887; x_wconf 79' lang='grc' dir='ltr'>τὰ</span> <span class='ocrx_word' id='word_1_73' title='bbox 891 822 1122 909; x_wconf 68' lang='grc' dir='ltr'>λειτουργήματα</span> <span class='ocrx_word' id='word_1_74' title='bbox 1144 824 1256 902; x_wconf 77' lang='grc' dir='ltr'>αὐτοῖν,</span> <span class='ocrx_word' id='word_1_75' title='bbox 1280 830 1313 904; x_wconf 81' lang='grc' dir='ltr'>ἐξ</span> 
     </span>
     <span class='ocr_line' id='line_1_9' title="bbox 68 902 1313 1012; baseline 0.001 -38"><span class='ocrx_word' id='word_1_76' title='bbox 68 906 183 995; x_wconf 75' lang='grc' dir='ltr'>22λάβε</span> <span class='ocrx_word' id='word_1_77' title='bbox 199 911 253 992; x_wconf 83' lang='grc' dir='ltr'>τῆν</span> <span class='ocrx_word' id='word_1_78' title='bbox 268 907 361 1012; x_wconf 79' lang='grc' dir='ltr'>άρχῆν</span> <span class='ocrx_word' id='word_1_79' title='bbox 378 912 440 972; x_wconf 79' lang='grc' dir='ltr'>τῶν</span> <span class='ocrx_word' id='word_1_80' title='bbox 455 912 529 973; x_wconf 76' lang='grc' dir='ltr'>υίαῖν</span> <span class='ocrx_word' id='word_1_81' title='bbox 543 904 675 983; x_wconf 78' lang='grc' dir='ltr'>Γιδσών,</span> <span class='ocrx_word' id='word_1_82' title='bbox 708 902 864 988; x_wconf 89' lang='grc' dir='ltr'>ὀνομάτων</span> <span class='ocrx_word' id='word_1_83' title='bbox 886 911 1092 988; x_wconf 71' lang='grc' dir='ltr'>ἐπισκέψασθε</span> <span class='ocrx_word' id='word_1_84' title='bbox 1116 905 1235 984; x_wconf 75' lang='grc' dir='ltr'>αὐτοὺς,</span> <span class='ocrx_word' id='word_1_85' title='bbox 1260 912 1313 975; x_wconf 86' lang='grc' dir='ltr'>καί</span> 
     </span>
     <span class='ocr_line' id='line_1_10' title="bbox 67 984 1310 1097; baseline -0.001 -40"><span class='ocrx_word' id='word_1_86' title='bbox 67 994 123 1057; x_wconf 81' lang='grc' dir='ltr'>καί</span> <span class='ocrx_word' id='word_1_87' title='bbox 135 988 259 1068; x_wconf 78' lang='grc' dir='ltr'><strong><em>τούτους</em></strong></span> <span class='ocrx_word' id='word_1_88' title='bbox 274 1016 332 1057; x_wconf 87' lang='grc' dir='ltr'>κατ</span> <span class='ocrx_word' id='word_1_89' title='bbox 358 992 457 1066; x_wconf 84' lang='grc' dir='ltr'>οἴκους</span> <span class='ocrx_word' id='word_1_90' title='bbox 468 995 604 1097; x_wconf 71' lang='grc' dir='ltr'>πατριῶν</span> <span class='ocrx_word' id='word_1_91' title='bbox 617 988 675 1055; x_wconf 80' lang='grc' dir='ltr'>αὐ·</span> <span class='ocrx_word' id='word_1_92' title='bbox 706 985 808 1053; x_wconf 89' lang='grc' dir='ltr'>πάντα</span> <span class='ocrx_word' id='word_1_93' title='bbox 820 988 860 1053; x_wconf 86' lang='grc' dir='ltr'>τά</span> <span class='ocrx_word' id='word_1_94' title='bbox 873 984 963 1090; x_wconf 78' lang='grc' dir='ltr'>σκεύη</span> <span class='ocrx_word' id='word_1_95' title='bbox 976 995 1029 1073; x_wconf 87' lang='grc' dir='ltr'>τῆς</span> <span class='ocrx_word' id='word_1_96' title='bbox 1046 990 1178 1093; x_wconf 76' lang='grc' dir='ltr'>φυλακῆς</span> <span class='ocrx_word' id='word_1_97' title='bbox 1189 996 1250 1055; x_wconf 72' lang='grc' dir='ltr'>τοῖν</span> <span class='ocrx_word' id='word_1_98' title='bbox 1261 998 1310 1057; x_wconf 80' lang='grc' dir='ltr'>αλ-</span> 
     </span>
     <span class='ocr_line' id='line_1_11' title="bbox 68 1066 1310 1160; baseline -0.001 -20"><span class='ocrx_word' id='word_1_99' title='bbox 68 1070 674 1160; x_wconf 64' lang='grc' dir='ltr'>τῶν,κατάδῆμουςαῦτιὸν,23απὸπέν-</span> <span class='ocrx_word' id='word_1_100' title='bbox 707 1075 837 1156; x_wconf 76' lang='grc' dir='ltr'>(νομένων</span> <span class='ocrx_word' id='word_1_101' title='bbox 852 1066 900 1134; x_wconf 71' lang='grc' dir='ltr'>ὑπ’</span> <span class='ocrx_word' id='word_1_102' title='bbox 928 1076 1035 1136; x_wconf 79' lang='grc' dir='ltr'>αυτιῖν.</span> <span class='ocrx_word' id='word_1_103' title='bbox 1071 1074 1191 1156; x_wconf 66' lang='grc' dir='ltr'>33οιὶιτψ</span> <span class='ocrx_word' id='word_1_104' title='bbox 1213 1069 1310 1157; x_wconf 85' lang='grc' dir='ltr'>ῆλει-</span> 
     </span>
     <span class='ocr_line' id='line_1_12' title="bbox 66 1149 1311 1241; baseline -0.001 -19"><span class='ocrx_word' id='word_1_105' title='bbox 66 1184 99 1223; x_wconf 92' lang='grc' dir='ltr'>τε</span> <span class='ocrx_word' id='word_1_106' title='bbox 111 1160 163 1223; x_wconf 82' lang='grc' dir='ltr'>καί</span> <span class='ocrx_word' id='word_1_107' title='bbox 174 1162 359 1233; x_wconf 80' lang='grc' dir='ltr'>είιιοσαετοῦς</span> <span class='ocrx_word' id='word_1_108' title='bbox 368 1159 420 1220; x_wconf 84' lang='grc' dir='ltr'>καῖ</span> <span class='ocrx_word' id='word_1_109' title='bbox 428 1152 529 1220; x_wconf 82' lang='grc' dir='ltr'>ἐπάνω</span> <span class='ocrx_word' id='word_1_110' title='bbox 541 1162 674 1232; x_wconf 74' lang='grc' dir='ltr'>ἴωςπεν-</span> <span class='ocrx_word' id='word_1_111' title='bbox 706 1160 832 1241; x_wconf 86' lang='grc' dir='ltr'>τουργία</span> <span class='ocrx_word' id='word_1_112' title='bbox 849 1149 942 1238; x_wconf 79' lang='grc' dir='ltr'>δῆμου</span> <span class='ocrx_word' id='word_1_113' title='bbox 961 1157 1033 1217; x_wconf 83' lang='grc' dir='ltr'>υίών</span> <span class='ocrx_word' id='word_1_114' title='bbox 1050 1157 1173 1240; x_wconf 80' lang='grc' dir='ltr'>Μιρορῖ</span> <span class='ocrx_word' id='word_1_115' title='bbox 1187 1158 1219 1219; x_wconf 91' lang='grc' dir='ltr'>ἐν</span> <span class='ocrx_word' id='word_1_116' title='bbox 1234 1162 1311 1223; x_wconf 82' lang='grc' dir='ltr'>πᾶσι</span> 
     </span>
     <span class='ocr_line' id='line_1_13' title="bbox 67 1234 1312 1340; baseline -0.001 -35"><span class='ocrx_word' id='word_1_117' title='bbox 67 1245 282 1327; x_wconf 83' lang='grc' dir='ltr'>τηκονταετσῦς</span> <span class='ocrx_word' id='word_1_118' title='bbox 299 1243 461 1321; x_wconf 78' lang='grc' dir='ltr'>ἐπίσκεψαι</span> <span class='ocrx_word' id='word_1_119' title='bbox 478 1236 675 1314; x_wconf 80' lang='grc' dir='ltr'>αὐτοὺς,πᾶς</span> <span class='ocrx_word' id='word_1_120' title='bbox 705 1250 769 1312; x_wconf 79' lang='grc' dir='ltr'>τοῖς</span> <span class='ocrx_word' id='word_1_121' title='bbox 790 1240 888 1322; x_wconf 73' lang='grc' dir='ltr'>ἔργοις</span> <span class='ocrx_word' id='word_1_122' title='bbox 907 1234 1009 1301; x_wconf 77' lang='grc' dir='ltr'>αὐτοῖν</span> <span class='ocrx_word' id='word_1_123' title='bbox 1033 1239 1064 1300; x_wconf 89' lang='grc' dir='ltr'>ἐν</span> <span class='ocrx_word' id='word_1_124' title='bbox 1088 1244 1126 1328; x_wconf 78' lang='grc' dir='ltr'>τῆ</span> <span class='ocrx_word' id='word_1_125' title='bbox 1148 1244 1238 1340; x_wconf 74' lang='grc' dir='ltr'>σκηνῆ</span> <span class='ocrx_word' id='word_1_126' title='bbox 1254 1244 1312 1304; x_wconf 83' lang='grc' dir='ltr'>τοῦ</span> 
     </span>
     <span class='ocr_line' id='line_1_14' title="bbox 67 1315 1311 1423; baseline -0.002 -35"><span class='ocrx_word' id='word_1_127' title='bbox 67 1321 85 1388; x_wconf 81' lang='grc' dir='ltr'><strong>ὅ</strong></span> <span class='ocrx_word' id='word_1_128' title='bbox 104 1318 346 1408; x_wconf 44' lang='grc' dir='ltr'>,είςπσρευὸμενος</span> <span class='ocrx_word' id='word_1_129' title='bbox 371 1320 559 1403; x_wconf 65' lang='grc' dir='ltr'>λειτουργεῖν,</span> <span class='ocrx_word' id='word_1_130' title='bbox 583 1330 676 1385; x_wconf 69' lang='grc' dir='ltr'>ποιεῖν</span> <span class='ocrx_word' id='word_1_131' title='bbox 702 1326 869 1423; x_wconf 67' lang='grc' dir='ltr'>μαρτυρίου</span> <span class='ocrx_word' id='word_1_132' title='bbox 887 1323 918 1384; x_wconf 83' lang='grc' dir='ltr'>ἐν</span> <span class='ocrx_word' id='word_1_133' title='bbox 934 1319 1006 1404; x_wconf 68' lang='grc' dir='ltr'>χειρί</span> <span class='ocrx_word' id='word_1_134' title='bbox 1021 1315 1153 1405; x_wconf 76' lang='grc' dir='ltr'>Ἰθάμαρ</span> <span class='ocrx_word' id='word_1_135' title='bbox 1169 1345 1225 1384; x_wconf 92' lang='grc' dir='ltr'>του</span> <span class='ocrx_word' id='word_1_136' title='bbox 1243 1325 1311 1386; x_wconf 81' lang='grc' dir='ltr'>υίοῦ</span> 
     </span>
     <span class='ocr_line' id='line_1_15' title="bbox 65 1401 1311 1510; baseline -0.001 -39"><span class='ocrx_word' id='word_1_137' title='bbox 65 1406 108 1471; x_wconf 81' lang='grc' dir='ltr'>τά</span> <span class='ocrx_word' id='word_1_138' title='bbox 123 1409 198 1490; x_wconf 81' lang='grc' dir='ltr'>ἔργα</span> <span class='ocrx_word' id='word_1_139' title='bbox 217 1402 313 1468; x_wconf 81' lang='grc' dir='ltr'>αὐτοῦ</span> <span class='ocrx_word' id='word_1_140' title='bbox 331 1406 362 1466; x_wconf 80' lang='grc' dir='ltr'>ἐν</span> <span class='ocrx_word' id='word_1_141' title='bbox 377 1404 418 1494; x_wconf 85' lang='grc' dir='ltr'>τῆ</span> <span class='ocrx_word' id='word_1_142' title='bbox 429 1406 519 1495; x_wconf 85' lang='grc' dir='ltr'>σκηνῆ</span> <span class='ocrx_word' id='word_1_143' title='bbox 532 1406 590 1466; x_wconf 80' lang='grc' dir='ltr'>τοῦ</span> <span class='ocrx_word' id='word_1_144' title='bbox 598 1428 675 1487; x_wconf 88' lang='grc' dir='ltr'>μαρ-</span> <span class='ocrx_word' id='word_1_145' title='bbox 700 1401 817 1487; x_wconf 80' lang='grc' dir='ltr'>Ααρών</span> <span class='ocrx_word' id='word_1_146' title='bbox 828 1406 882 1467; x_wconf 82' lang='grc' dir='ltr'>τοῦ</span> <span class='ocrx_word' id='word_1_147' title='bbox 895 1405 1000 1510; x_wconf 81' lang='grc' dir='ltr'>ίιρίως.</span> <span class='ocrx_word' id='word_1_148' title='bbox 1026 1401 1113 1467; x_wconf 64' lang='grc' dir='ltr'>3*καί</span> <span class='ocrx_word' id='word_1_149' title='bbox 1126 1406 1311 1487; x_wconf 72' lang='grc' dir='ltr'>ἐπεσκέψατο</span> 
     </span>
     <span class='ocr_line' id='line_1_16' title="bbox 68 1480 1311 1592; baseline 0.001 -41"><span class='ocrx_word' id='word_1_150' title='bbox 68 1492 186 1572; x_wconf 90' lang='grc' dir='ltr'>τυρίου.</span> <span class='ocrx_word' id='word_1_151' title='bbox 212 1484 245 1527; x_wconf 87' lang='lat'>²⁴</span> <span class='ocrx_word' id='word_1_152' title='bbox 258 1481 334 1570; x_wconf 78' lang='grc' dir='ltr'>αίίτη</span> <span class='ocrx_word' id='word_1_153' title='bbox 347 1480 366 1569; x_wconf 89' lang='grc' dir='ltr'>ῆ</span> <span class='ocrx_word' id='word_1_154' title='bbox 378 1484 543 1571; x_wconf 74' lang='grc' dir='ltr'>λειτουργία</span> <span class='ocrx_word' id='word_1_155' title='bbox 554 1489 611 1550; x_wconf 75' lang='grc' dir='ltr'>τοῦ</span> <span class='ocrx_word' id='word_1_156' title='bbox 620 1484 673 1591; x_wconf 76' lang='grc' dir='ltr'>τλῆ·</span> <span class='ocrx_word' id='word_1_157' title='bbox 705 1490 841 1569; x_wconf 79' lang='grc' dir='ltr'>Μωυσῆς</span> <span class='ocrx_word' id='word_1_158' title='bbox 858 1486 910 1550; x_wconf 90' lang='grc' dir='ltr'>καῖ</span> <span class='ocrx_word' id='word_1_159' title='bbox 926 1485 1040 1569; x_wconf 78' lang='grc' dir='ltr'>Ααρών</span> <span class='ocrx_word' id='word_1_160' title='bbox 1059 1488 1112 1550; x_wconf 79' lang='grc' dir='ltr'>καί</span> <span class='ocrx_word' id='word_1_161' title='bbox 1127 1490 1158 1549; x_wconf 83' lang='grc' dir='ltr'>σί</span> <span class='ocrx_word' id='word_1_162' title='bbox 1173 1484 1311 1592; x_wconf 70' lang='grc' dir='ltr'>άρηοντες</span> 
     </span>
     <span class='ocr_line' id='line_1_17' title="bbox 68 1567 1311 1673; baseline 0.002 -40"><span class='ocrx_word' id='word_1_163' title='bbox 68 1595 129 1653; x_wconf 92' lang='grc' dir='ltr'>μου</span> <span class='ocrx_word' id='word_1_164' title='bbox 141 1572 196 1633; x_wconf 82' lang='grc' dir='ltr'>’τοῦ</span> <span class='ocrx_word' id='word_1_165' title='bbox 210 1567 345 1645; x_wconf 78' lang='grc' dir='ltr'>Γεδσών,</span> <span class='ocrx_word' id='word_1_166' title='bbox 370 1567 543 1653; x_wconf 72' lang='grc' dir='ltr'>λειτουργεῖν</span> <span class='ocrx_word' id='word_1_167' title='bbox 560 1569 612 1633; x_wconf 87' lang='grc' dir='ltr'>καῖ</span> <span class='ocrx_word' id='word_1_168' title='bbox 623 1594 673 1633; x_wconf 86' lang='grc' dir='ltr'>σι-</span> <span class='ocrx_word' id='word_1_169' title='bbox 701 1567 824 1653; x_wconf 76' lang='grc' dir='ltr'>Ἰοραῆλ</span> <span class='ocrx_word' id='word_1_170' title='bbox 844 1567 914 1644; x_wconf 82' lang='grc' dir='ltr'>τοὺς</span> <span class='ocrx_word' id='word_1_171' title='bbox 937 1568 1019 1643; x_wconf 80' lang='grc' dir='ltr'>υίοίις</span> <span class='ocrx_word' id='word_1_172' title='bbox 1035 1567 1135 1632; x_wconf 78' lang='grc' dir='ltr'>Καάθ</span> <span class='ocrx_word' id='word_1_173' title='bbox 1155 1594 1234 1634; x_wconf 88' lang='grc' dir='ltr'>κατα</span> <span class='ocrx_word' id='word_1_174' title='bbox 1256 1569 1311 1673; x_wconf 79' lang='grc' dir='ltr'>δῆ·</span> 
     </span>
     <span class='ocr_line' id='line_1_18' title="bbox 69 1647 1311 1740; baseline 0.001 -24"><span class='ocrx_word' id='word_1_175' title='bbox 69 1676 137 1740; x_wconf 87' lang='grc' dir='ltr'>ρειν.</span> <span class='ocrx_word' id='word_1_176' title='bbox 162 1652 192 1694; x_wconf 76' lang='lat'>²⁴</span> <span class='ocrx_word' id='word_1_177' title='bbox 203 1653 256 1715; x_wconf 81' lang='grc' dir='ltr'>καὶ</span> <span class='ocrx_word' id='word_1_178' title='bbox 272 1649 339 1737; x_wconf 80' lang='grc' dir='ltr'>σ’ρεί</span> <span class='ocrx_word' id='word_1_179' title='bbox 349 1650 403 1727; x_wconf 84' lang='grc' dir='ltr'>τάς</span> <span class='ocrx_word' id='word_1_180' title='bbox 417 1653 524 1738; x_wconf 75' lang='grc' dir='ltr'>δέρρεις</span> <span class='ocrx_word' id='word_1_181' title='bbox 536 1656 590 1734; x_wconf 89' lang='grc' dir='ltr'>τῆς</span> <span class='ocrx_word' id='word_1_182' title='bbox 602 1677 673 1734; x_wconf 89' lang='grc' dir='ltr'>σκη-</span> <span class='ocrx_word' id='word_1_183' title='bbox 703 1676 776 1733; x_wconf 85' lang='grc' dir='ltr'>μους</span> <span class='ocrx_word' id='word_1_184' title='bbox 787 1647 901 1727; x_wconf 74' lang='grc' dir='ltr'>αὐτῶν,</span> <span class='ocrx_word' id='word_1_185' title='bbox 923 1648 987 1714; x_wconf 83' lang='grc' dir='ltr'>κατ’</span> <span class='ocrx_word' id='word_1_186' title='bbox 1003 1651 1102 1725; x_wconf 88' lang='grc' dir='ltr'>οἴκους</span> <span class='ocrx_word' id='word_1_187' title='bbox 1113 1656 1243 1735; x_wconf 76' lang='grc' dir='ltr'>κατριιῖν</span> <span class='ocrx_word' id='word_1_188' title='bbox 1253 1678 1311 1717; x_wconf 85' lang='grc' dir='ltr'>αυ-</span> 
     </span>
     <span class='ocr_line' id='line_1_19' title="bbox 67 1730 1310 1831; baseline 0 -32"><span class='ocrx_word' id='word_1_189' title='bbox 67 1741 127 1812; x_wconf 84' lang='grc' dir='ltr'>νῆς,</span> <span class='ocrx_word' id='word_1_190' title='bbox 139 1735 192 1799; x_wconf 88' lang='grc' dir='ltr'>καῖ</span> <span class='ocrx_word' id='word_1_191' title='bbox 202 1730 256 1819; x_wconf 88' lang='grc' dir='ltr'>τῆν</span> <span class='ocrx_word' id='word_1_192' title='bbox 267 1732 370 1819; x_wconf 83' lang='grc' dir='ltr'>σκηνῆν</span> <span class='ocrx_word' id='word_1_193' title='bbox 377 1738 436 1799; x_wconf 81' lang='grc' dir='ltr'>τοῦ</span> <span class='ocrx_word' id='word_1_194' title='bbox 455 1736 674 1819; x_wconf 83' lang='grc' dir='ltr'>ιαρτυρίου,κσῖ</span> <span class='ocrx_word' id='word_1_195' title='bbox 705 1738 776 1809; x_wconf 71' lang='grc' dir='ltr'>τοῖν,</span> <span class='ocrx_word' id='word_1_196' title='bbox 812 1731 919 1831; x_wconf 56' lang='grc' dir='ltr'>ξίάπὸ</span> <span class='ocrx_word' id='word_1_197' title='bbox 942 1736 1028 1797; x_wconf 80' lang='grc' dir='ltr'>πέντε</span> <span class='ocrx_word' id='word_1_198' title='bbox 1052 1735 1105 1798; x_wconf 78' lang='grc' dir='ltr'>καί</span> <span class='ocrx_word' id='word_1_199' title='bbox 1128 1738 1310 1811; x_wconf 77' lang='grc' dir='ltr'>εἴκοσαετοῡς</span> 
     </span>
     <span class='ocr_line' id='line_1_20' title="bbox 68 1813 1309 1902; baseline 0 -19"><span class='ocrx_word' id='word_1_200' title='bbox 68 1818 104 1884; x_wconf 88' lang='grc' dir='ltr'>τὸ</span> <span class='ocrx_word' id='word_1_201' title='bbox 128 1813 264 1902; x_wconf 77' lang='grc' dir='ltr'>κάλυμμα</span> <span class='ocrx_word' id='word_1_202' title='bbox 288 1817 441 1902; x_wconf 78' lang='grc' dir='ltr'>αὐτῆςκα</span> <span class='ocrx_word' id='word_1_203' title='bbox 476 1815 515 1881; x_wconf 85' lang='grc' dir='ltr'>τὸ</span> <span class='ocrx_word' id='word_1_204' title='bbox 538 1813 673 1882; x_wconf 86' lang='grc' dir='ltr'>κατακά-</span> <span class='ocrx_word' id='word_1_205' title='bbox 704 1818 1223 1899; x_wconf 70' lang='grc' dir='ltr'>καῖἐπανωίωςπεντηκονταετοιῖς,</span> <span class='ocrx_word' id='word_1_206' title='bbox 1248 1824 1309 1894; x_wconf 82' lang='grc' dir='ltr'>πᾶς</span> 
     </span>
     <span class='ocr_line' id='line_1_21' title="bbox 65 1894 1309 1984; baseline 0 -18"><span class='ocrx_word' id='word_1_207' title='bbox 65 1901 164 1984; x_wconf 90' lang='grc' dir='ltr'>λυμμα</span> <span class='ocrx_word' id='word_1_208' title='bbox 174 1901 212 1967; x_wconf 82' lang='grc' dir='ltr'>τὸ</span> <span class='ocrx_word' id='word_1_209' title='bbox 231 1898 402 1967; x_wconf 73' lang='grc' dir='ltr'>ὑακίνθινον</span> <span class='ocrx_word' id='word_1_210' title='bbox 419 1899 455 1966; x_wconf 85' lang='grc' dir='ltr'>τὸ</span> <span class='ocrx_word' id='word_1_211' title='bbox 469 1898 506 1966; x_wconf 77' lang='grc' dir='ltr'>ὃν</span> <span class='ocrx_word' id='word_1_212' title='bbox 519 1898 564 1966; x_wconf 82' lang='grc' dir='ltr'>ἐπ’</span> <span class='ocrx_word' id='word_1_213' title='bbox 580 1898 673 1983; x_wconf 79' lang='grc' dir='ltr'>αὐτῆς</span> <span class='ocrx_word' id='word_1_214' title='bbox 706 1894 969 1983; x_wconf 84' lang='grc' dir='ltr'>ὅείςπσρευόμενος</span> <span class='ocrx_word' id='word_1_215' title='bbox 986 1898 1158 1983; x_wconf 74' lang='grc' dir='ltr'>λειτουργεῖν</span> <span class='ocrx_word' id='word_1_216' title='bbox 1175 1903 1227 1965; x_wconf 87' lang='grc' dir='ltr'>καῖ</span> <span class='ocrx_word' id='word_1_217' title='bbox 1237 1926 1309 1965; x_wconf 89' lang='grc' dir='ltr'>ποι-</span> 
     </span>
     <span class='ocr_line' id='line_1_22' title="bbox 67 1978 1309 2086; baseline 0 -37"><span class='ocrx_word' id='word_1_218' title='bbox 67 1983 197 2062; x_wconf 79' lang='grc' dir='ltr'>άνιοθεν,</span> <span class='ocrx_word' id='word_1_219' title='bbox 223 1985 275 2050; x_wconf 84' lang='grc' dir='ltr'>καί</span> <span class='ocrx_word' id='word_1_220' title='bbox 292 1984 327 2049; x_wconf 88' lang='grc' dir='ltr'>τὸ</span> <span class='ocrx_word' id='word_1_221' title='bbox 347 1980 487 2066; x_wconf 88' lang='grc' dir='ltr'>κάλυμμα</span> <span class='ocrx_word' id='word_1_222' title='bbox 504 1986 557 2065; x_wconf 90' lang='grc' dir='ltr'>τῆς</span> <span class='ocrx_word' id='word_1_223' title='bbox 574 1978 673 2068; x_wconf 76' lang='grc' dir='ltr'>θύρας</span> <span class='ocrx_word' id='word_1_224' title='bbox 705 1993 746 2046; x_wconf 80' lang='grc' dir='ltr'>εῒν</span> <span class='ocrx_word' id='word_1_225' title='bbox 758 1986 840 2076; x_wconf 82' lang='grc' dir='ltr'>ἐντῆ</span> <span class='ocrx_word' id='word_1_226' title='bbox 852 1986 943 2074; x_wconf 81' lang='grc' dir='ltr'>σκηνῆ</span> <span class='ocrx_word' id='word_1_227' title='bbox 955 1986 1010 2045; x_wconf 80' lang='grc' dir='ltr'>τοῦ</span> <span class='ocrx_word' id='word_1_228' title='bbox 1020 1988 1191 2086; x_wconf 89' lang='grc' dir='ltr'>μαρτυρίου.</span> <span class='ocrx_word' id='word_1_229' title='bbox 1219 1985 1309 2049; x_wconf 60' lang='grc' dir='ltr'>86καί</span> 
     </span>
     <span class='ocr_line' id='line_1_23' title="bbox 64 2060 1309 2153; baseline 0.001 -23"><span class='ocrx_word' id='word_1_230' title='bbox 64 2071 118 2150; x_wconf 88' lang='grc' dir='ltr'>τῆς</span> <span class='ocrx_word' id='word_1_231' title='bbox 131 2072 236 2153; x_wconf 90' lang='grc' dir='ltr'>σκηνῆς</span> <span class='ocrx_word' id='word_1_232' title='bbox 248 2071 356 2151; x_wconf 78' lang='grc' dir='ltr'>τοῦμα</span> <span class='ocrx_word' id='word_1_233' title='bbox 376 2072 486 2152; x_wconf 89' lang='grc' dir='ltr'>τυρίου.</span> <span class='ocrx_word' id='word_1_234' title='bbox 524 2065 672 2130; x_wconf 60' lang='grc' dir='ltr'>20καῖτά</span> <span class='ocrx_word' id='word_1_235' title='bbox 705 2068 820 2143; x_wconf 74' lang='grc' dir='ltr'>ἐγένετο</span> <span class='ocrx_word' id='word_1_236' title='bbox 836 2060 855 2148; x_wconf 76' lang='grc' dir='ltr'><em>ἢ</em></span> <span class='ocrx_word' id='word_1_237' title='bbox 873 2067 1022 2147; x_wconf 75' lang='grc' dir='ltr'>ἐπίσκεψις</span> <span class='ocrx_word' id='word_1_238' title='bbox 1039 2071 1141 2130; x_wconf 79' lang='grc' dir='ltr'>αυτών</span> <span class='ocrx_word' id='word_1_239' title='bbox 1157 2065 1236 2131; x_wconf 81' lang='grc' dir='ltr'>κατά</span> <span class='ocrx_word' id='word_1_240' title='bbox 1254 2065 1309 2151; x_wconf 79' lang='grc' dir='ltr'>δῆ-</span> 
     </span>
     <span class='ocr_line' id='line_1_24' title="bbox 66 2093 1309 2235; baseline 0 -20"><span class='ocrx_word' id='word_1_241' title='bbox 66 2153 147 2216; x_wconf 83' lang='grc' dir='ltr'>ἴστῖα</span> <span class='ocrx_word' id='word_1_242' title='bbox 159 2157 212 2235; x_wconf 88' lang='grc' dir='ltr'>τῆς</span> <span class='ocrx_word' id='word_1_243' title='bbox 225 2148 316 2234; x_wconf 77' lang='grc' dir='ltr'>αὐλῆς</span> <span class='ocrx_word' id='word_1_244' title='bbox 320 2201 332 2230; x_wconf 92' lang='grc'>,</span> <span class='ocrx_word' id='word_1_245' title='bbox 357 2093 418 2217; x_wconf 68' lang='grc' dir='ltr'>ἴσα</span> <span class='ocrx_word' id='word_1_246' title='bbox 435 2151 485 2213; x_wconf 71' lang='grc' dir='ltr'>ἐπί</span> <span class='ocrx_word' id='word_1_247' title='bbox 500 2153 553 2232; x_wconf 86' lang='grc' dir='ltr'>τῆς</span> <span class='ocrx_word' id='word_1_248' title='bbox 570 2152 673 2232; x_wconf 79' lang='grc' dir='ltr'>σκηνῆς</span> <span class='ocrx_word' id='word_1_249' title='bbox 703 2172 777 2231; x_wconf 92' lang='grc' dir='ltr'>μους</span> <span class='ocrx_word' id='word_1_250' title='bbox 789 2144 899 2221; x_wconf 78' lang='grc' dir='ltr'>αίιτῶν,</span> <span class='ocrx_word' id='word_1_251' title='bbox 916 2148 1044 2232; x_wconf 76' lang='grc' dir='ltr'>διςχίλιοι</span> <span class='ocrx_word' id='word_1_252' title='bbox 1054 2146 1228 2214; x_wconf 76' lang='grc' dir='ltr'>ἑπτακόσιοι</span> <span class='ocrx_word' id='word_1_253' title='bbox 1238 2175 1309 2215; x_wconf 78' lang='lat' dir='ltr'>mr·</span> 
     </span>
     <span class='ocr_line' id='line_1_25' title="bbox 64 2226 1309 2321; baseline 0.002 -25"><span class='ocrx_word' id='word_1_254' title='bbox 64 2237 121 2297; x_wconf 81' lang='grc' dir='ltr'>τοῦ</span> <span class='ocrx_word' id='word_1_255' title='bbox 144 2240 319 2321; x_wconf 89' lang='grc' dir='ltr'>μαρτυρίου,</span> <span class='ocrx_word' id='word_1_256' title='bbox 337 2237 390 2301; x_wconf 82' lang='grc' dir='ltr'>καί</span> <span class='ocrx_word' id='word_1_257' title='bbox 411 2228 451 2297; x_wconf 80' lang='grc' dir='ltr'>τά</span> <span class='ocrx_word' id='word_1_258' title='bbox 473 2228 598 2318; x_wconf 83' lang='grc' dir='ltr'>περισσά</span> <span class='ocrx_word' id='word_1_259' title='bbox 621 2232 674 2296; x_wconf 88' lang='grc' dir='ltr'>καῖ</span> <span class='ocrx_word' id='word_1_260' title='bbox 704 2226 840 2314; x_wconf 81' lang='grc' dir='ltr'>τῆκοντα.</span> <span class='ocrx_word' id='word_1_261' title='bbox 870 2231 900 2273; x_wconf 70' lang='lat'>⁸²</span> <span class='ocrx_word' id='word_1_262' title='bbox 912 2228 989 2312; x_wconf 80' lang='grc' dir='ltr'>αίίτη</span> <span class='ocrx_word' id='word_1_263' title='bbox 1007 2226 1026 2314; x_wconf 85' lang='grc' dir='ltr'>ῆ</span> <span class='ocrx_word' id='word_1_264' title='bbox 1046 2235 1199 2315; x_wconf 74' lang='grc' dir='ltr'>ἐπίσκεψις</span> <span class='ocrx_word' id='word_1_265' title='bbox 1214 2229 1309 2318; x_wconf 80' lang='grc' dir='ltr'>δῆμου</span> 
     </span>
     <span class='ocr_line' id='line_1_26' title="bbox 63 2309 1309 2411; baseline 0.001 -30"><span class='ocrx_word' id='word_1_266' title='bbox 63 2310 165 2382; x_wconf 89' lang='grc' dir='ltr'>πάντα</span> <span class='ocrx_word' id='word_1_267' title='bbox 182 2316 222 2382; x_wconf 84' lang='grc' dir='ltr'>τά</span> <span class='ocrx_word' id='word_1_268' title='bbox 245 2312 331 2400; x_wconf 79' lang='grc' dir='ltr'>σκεύη</span> <span class='ocrx_word' id='word_1_269' title='bbox 348 2314 390 2382; x_wconf 87' lang='grc' dir='ltr'>τά</span> <span class='ocrx_word' id='word_1_270' title='bbox 413 2314 595 2402; x_wconf 81' lang='grc' dir='ltr'>λειτουργικὰ</span> <span class='ocrx_word' id='word_1_271' title='bbox 613 2310 673 2379; x_wconf 81' lang='grc' dir='ltr'>ἴτ’σα</span> <span class='ocrx_word' id='word_1_272' title='bbox 704 2313 814 2389; x_wconf 76' lang='grc' dir='ltr'>Καάθ,</span> <span class='ocrx_word' id='word_1_273' title='bbox 826 2309 918 2389; x_wconf 79' lang='grc' dir='ltr'>πᾶςὸ</span> <span class='ocrx_word' id='word_1_274' title='bbox 937 2314 1110 2399; x_wconf 81' lang='grc' dir='ltr'>λειτουργῶν</span> <span class='ocrx_word' id='word_1_275' title='bbox 1120 2321 1152 2382; x_wconf 80' lang='grc' dir='ltr'>ἐν</span> <span class='ocrx_word' id='word_1_276' title='bbox 1163 2320 1202 2410; x_wconf 82' lang='grc' dir='ltr'>τῆ</span> <span class='ocrx_word' id='word_1_277' title='bbox 1214 2320 1309 2411; x_wconf 79' lang='grc' dir='ltr'>σκηνῆ</span> 
     </span>
     <span class='ocr_line' id='line_1_27' title="bbox 64 2394 1308 2483; baseline 0.002 -22"><span class='ocrx_word' id='word_1_278' title='bbox 64 2398 285 2483; x_wconf 82' lang='grc' dir='ltr'>λειτουργοῦσιν</span> <span class='ocrx_word' id='word_1_279' title='bbox 313 2403 345 2463; x_wconf 82' lang='grc' dir='ltr'>ἐν</span> <span class='ocrx_word' id='word_1_280' title='bbox 374 2396 478 2474; x_wconf 79' lang='grc' dir='ltr'>αὐτοῖς</span> <span class='ocrx_word' id='word_1_281' title='bbox 505 2394 672 2480; x_wconf 81' lang='grc' dir='ltr'>ποιῆσουσι.</span> <span class='ocrx_word' id='word_1_282' title='bbox 704 2402 759 2461; x_wconf 80' lang='grc' dir='ltr'>τοῦ</span> <span class='ocrx_word' id='word_1_283' title='bbox 792 2403 970 2483; x_wconf 86' lang='grc' dir='ltr'>μαρτυρίου,</span> <span class='ocrx_word' id='word_1_284' title='bbox 1003 2398 1087 2461; x_wconf 77' lang='grc' dir='ltr'>καθά</span> <span class='ocrx_word' id='word_1_285' title='bbox 1118 2402 1308 2482; x_wconf 68' lang='grc' dir='ltr'>ἐπεσκέψατο</span> 
     </span>
     <span class='ocr_line' id='line_1_28' title="bbox 63 2476 1306 2567; baseline 0.002 -24"><span class='ocrx_word' id='word_1_286' title='bbox 63 2484 96 2524; x_wconf 83' lang='lat'>2⁷</span> <span class='ocrx_word' id='word_1_287' title='bbox 110 2480 190 2544; x_wconf 80' lang='grc' dir='ltr'>κατὰ</span> <span class='ocrx_word' id='word_1_288' title='bbox 209 2477 304 2562; x_wconf 83' lang='grc' dir='ltr'>στόμα</span> <span class='ocrx_word' id='word_1_289' title='bbox 321 2476 439 2565; x_wconf 73' lang='grc' dir='ltr'>Ἀαρὼν</span> <span class='ocrx_word' id='word_1_290' title='bbox 455 2483 584 2544; x_wconf 74' lang='grc' dir='ltr'>καὶτῶν</span> <span class='ocrx_word' id='word_1_291' title='bbox 601 2484 674 2544; x_wconf 77' lang='grc' dir='ltr'>υἱῶν</span> <span class='ocrx_word' id='word_1_292' title='bbox 706 2485 842 2564; x_wconf 77' lang='grc' dir='ltr'>Μωυσῆς</span> <span class='ocrx_word' id='word_1_293' title='bbox 853 2484 904 2546; x_wconf 82' lang='grc' dir='ltr'>καί</span> <span class='ocrx_word' id='word_1_294' title='bbox 918 2477 1036 2564; x_wconf 76' lang='grc' dir='ltr'>Ἀαρών</span> <span class='ocrx_word' id='word_1_295' title='bbox 1053 2480 1102 2543; x_wconf 80' lang='grc' dir='ltr'>διὰ</span> <span class='ocrx_word' id='word_1_296' title='bbox 1115 2486 1214 2563; x_wconf 76' lang='grc' dir='ltr'>φωνῆς</span> <span class='ocrx_word' id='word_1_297' title='bbox 1225 2488 1306 2567; x_wconf 85' lang='grc' dir='ltr'>κυρί-</span> 
     </span>
     <span class='ocr_line' id='line_1_29' title="bbox 64 2559 1309 2648; baseline -0.003 -19"><span class='ocrx_word' id='word_1_298' title='bbox 64 2562 167 2629; x_wconf 74' lang='grc' dir='ltr'>αὐτοῦ</span> <span class='ocrx_word' id='word_1_299' title='bbox 190 2565 275 2627; x_wconf 78' lang='grc' dir='ltr'>ἔσται</span> <span class='ocrx_word' id='word_1_300' title='bbox 297 2559 316 2647; x_wconf 88' lang='grc' dir='ltr'>ῆ</span> <span class='ocrx_word' id='word_1_301' title='bbox 338 2563 503 2647; x_wconf 87' lang='grc' dir='ltr'>λειτουργία</span> <span class='ocrx_word' id='word_1_302' title='bbox 521 2566 582 2626; x_wconf 75' lang='grc' dir='ltr'>τῶν</span> <span class='ocrx_word' id='word_1_303' title='bbox 602 2565 674 2626; x_wconf 80' lang='grc' dir='ltr'>υἴῶν</span> <span class='ocrx_word' id='word_1_304' title='bbox 706 2588 752 2637; x_wconf 88' lang='grc' dir='ltr'>ου,</span> <span class='ocrx_word' id='word_1_305' title='bbox 764 2567 795 2628; x_wconf 81' lang='grc' dir='ltr'>ἐν</span> <span class='ocrx_word' id='word_1_306' title='bbox 805 2565 875 2648; x_wconf 77' lang='grc' dir='ltr'>χειρί</span> <span class='ocrx_word' id='word_1_307' title='bbox 888 2566 1020 2646; x_wconf 86' lang='grc' dir='ltr'>Μωυσῆ.</span> <span class='ocrx_word' id='word_1_308' title='bbox 1045 2564 1075 2605; x_wconf 80' lang='lat'>³⁸</span> <span class='ocrx_word' id='word_1_309' title='bbox 1086 2566 1138 2627; x_wconf 83' lang='grc' dir='ltr'>καὶ</span> <span class='ocrx_word' id='word_1_310' title='bbox 1149 2566 1309 2646; x_wconf 81' lang='grc' dir='ltr'>ε’πεσκίπη-</span> 
     </span>
     <span class='ocr_line' id='line_1_30' title="bbox 64 2642 1307 2732; baseline -0.002 -21"><span class='ocrx_word' id='word_1_311' title='bbox 64 2646 188 2711; x_wconf 82' lang='grc' dir='ltr'>Γεδσών</span> <span class='ocrx_word' id='word_1_312' title='bbox 205 2646 286 2712; x_wconf 85' lang='grc' dir='ltr'>κατά</span> <span class='ocrx_word' id='word_1_313' title='bbox 303 2642 405 2721; x_wconf 83' lang='grc' dir='ltr'>παίσας</span> <span class='ocrx_word' id='word_1_314' title='bbox 421 2645 475 2721; x_wconf 82' lang='grc' dir='ltr'>τάς</span> <span class='ocrx_word' id='word_1_315' title='bbox 493 2645 673 2732; x_wconf 86' lang='grc' dir='ltr'>λειτουργίας</span> <span class='ocrx_word' id='word_1_316' title='bbox 705 2671 761 2711; x_wconf 90' lang='grc' dir='ltr'>σαν</span> <span class='ocrx_word' id='word_1_317' title='bbox 773 2649 832 2711; x_wconf 84' lang='grc' dir='ltr'>υίοί</span> <span class='ocrx_word' id='word_1_318' title='bbox 844 2653 878 2711; x_wconf 92' lang='grc' dir='ltr'><strong><em>Γ</em></strong></span> <span class='ocrx_word' id='word_1_319' title='bbox 875 2646 967 2712; x_wconf 81' lang='grc' dir='ltr'>εδσών</span> <span class='ocrx_word' id='word_1_320' title='bbox 985 2645 1062 2711; x_wconf 84' lang='grc' dir='ltr'>κατά</span> <span class='ocrx_word' id='word_1_321' title='bbox 1076 2643 1183 2730; x_wconf 81' lang='grc' dir='ltr'>δῆμους</span> <span class='ocrx_word' id='word_1_322' title='bbox 1196 2646 1307 2719; x_wconf 78' lang='grc' dir='ltr'>αὐτῶν,</span> 
     </span>
     <span class='ocr_line' id='line_1_31' title="bbox 64 2725 1307 2816; baseline 0 -22"><span class='ocrx_word' id='word_1_323' title='bbox 64 2729 183 2807; x_wconf 78' lang='grc' dir='ltr'>αὐτῶν,</span> <span class='ocrx_word' id='word_1_324' title='bbox 207 2731 259 2793; x_wconf 85' lang='grc' dir='ltr'>καί</span> <span class='ocrx_word' id='word_1_325' title='bbox 271 2729 350 2795; x_wconf 84' lang='grc' dir='ltr'>κατά</span> <span class='ocrx_word' id='word_1_326' title='bbox 366 2725 467 2795; x_wconf 90' lang='grc' dir='ltr'>πάντα</span> <span class='ocrx_word' id='word_1_327' title='bbox 478 2728 518 2793; x_wconf 81' lang='grc' dir='ltr'>τά</span> <span class='ocrx_word' id='word_1_328' title='bbox 530 2732 603 2815; x_wconf 74' lang='grc' dir='ltr'>ἔργα</span> <span class='ocrx_word' id='word_1_329' title='bbox 615 2727 670 2794; x_wconf 80' lang='grc' dir='ltr'>αὖ·</span> <span class='ocrx_word' id='word_1_330' title='bbox 704 2727 767 2793; x_wconf 87' lang='grc' dir='ltr'>κατ’</span> <span class='ocrx_word' id='word_1_331' title='bbox 783 2731 882 2806; x_wconf 85' lang='grc' dir='ltr'>οἴκους</span> <span class='ocrx_word' id='word_1_332' title='bbox 900 2734 1035 2816; x_wconf 75' lang='grc' dir='ltr'>πατριῶν</span> <span class='ocrx_word' id='word_1_333' title='bbox 1046 2728 1162 2805; x_wconf 79' lang='grc' dir='ltr'>αὐτῶν,</span> <span class='ocrx_word' id='word_1_334' title='bbox 1199 2732 1230 2773; x_wconf 80' lang='lat'>³⁰</span> <span class='ocrx_word' id='word_1_335' title='bbox 1244 2727 1307 2795; x_wconf 81' lang='grc' dir='ltr'>ἀπὸ</span> 
     </span>
     <span class='ocr_line' id='line_1_32' title="bbox 63 2808 1307 2917; baseline 0.002 -41"><span class='ocrx_word' id='word_1_336' title='bbox 63 2817 133 2876; x_wconf 78' lang='grc' dir='ltr'>τῶν.</span> <span class='ocrx_word' id='word_1_337' title='bbox 158 2814 209 2877; x_wconf 84' lang='grc' dir='ltr'>καί</span> <span class='ocrx_word' id='word_1_338' title='bbox 221 2817 369 2917; x_wconf 72' lang='grc' dir='ltr'>ἐπισκέψῆ</span> <span class='ocrx_word' id='word_1_339' title='bbox 386 2811 541 2890; x_wconf 79' lang='grc' dir='ltr'>αὐτοάςέξ</span> <span class='ocrx_word' id='word_1_340' title='bbox 559 2808 671 2895; x_wconf 85' lang='grc' dir='ltr'>ὀνόμα-</span> <span class='ocrx_word' id='word_1_341' title='bbox 703 2816 789 2878; x_wconf 84' lang='grc' dir='ltr'>πέντε</span> <span class='ocrx_word' id='word_1_342' title='bbox 801 2817 852 2877; x_wconf 86' lang='grc' dir='ltr'>καὶ</span> <span class='ocrx_word' id='word_1_343' title='bbox 868 2819 1053 2888; x_wconf 78' lang='grc' dir='ltr'>εἴκοσαετοῦς</span> <span class='ocrx_word' id='word_1_344' title='bbox 1069 2815 1122 2879; x_wconf 89' lang='grc' dir='ltr'>καῖ</span> <span class='ocrx_word' id='word_1_345' title='bbox 1139 2811 1239 2879; x_wconf 79' lang='grc' dir='ltr'>ἐπάνω</span> <span class='ocrx_word' id='word_1_346' title='bbox 1252 2819 1307 2889; x_wconf 81' lang='grc' dir='ltr'>ίιυς</span> 
     </span>
     <span class='ocr_line' id='line_1_33' title="bbox 64 2887 1305 3000; baseline 0 -42"><span class='ocrx_word' id='word_1_347' title='bbox 64 2921 118 2970; x_wconf 84' lang='grc' dir='ltr'>τος</span> <span class='ocrx_word' id='word_1_348' title='bbox 128 2892 228 2961; x_wconf 87' lang='grc' dir='ltr'>πάντα</span> <span class='ocrx_word' id='word_1_349' title='bbox 240 2896 280 2962; x_wconf 84' lang='grc' dir='ltr'>τά</span> <span class='ocrx_word' id='word_1_350' title='bbox 293 2887 374 2984; x_wconf 75' lang='grc' dir='ltr'>άρτα</span> <span class='ocrx_word' id='word_1_351' title='bbox 387 2893 433 2961; x_wconf 83' lang='grc' dir='ltr'>ὑπ’</span> <span class='ocrx_word' id='word_1_352' title='bbox 450 2894 558 2960; x_wconf 78' lang='grc' dir='ltr'>αὐτῶν.</span> <span class='ocrx_word' id='word_1_353' title='bbox 577 2892 671 2960; x_wconf 65' lang='grc' dir='ltr'>28αίί·</span> <span class='ocrx_word' id='word_1_354' title='bbox 703 2902 981 2979; x_wconf 81' lang='grc' dir='ltr'>πεντηκονταετοῦς,</span> <span class='ocrx_word' id='word_1_355' title='bbox 1006 2901 1066 2971; x_wconf 84' lang='grc' dir='ltr'>πᾶς</span> <span class='ocrx_word' id='word_1_356' title='bbox 1079 2894 1097 2960; x_wconf 83' lang='grc' dir='ltr'><strong>ὁ</strong></span> <span class='ocrx_word' id='word_1_357' title='bbox 1110 2893 1305 3000; x_wconf 84' lang='grc' dir='ltr'>είςπορευόμε-</span> 
     </span>
     <span class='ocr_line' id='line_1_34' title="bbox 64 2975 1310 3065; baseline -0.001 -23"><span class='ocrx_word' id='word_1_358' title='bbox 64 2975 134 3061; x_wconf 85' lang='grc' dir='ltr'>τηῆ</span> <span class='ocrx_word' id='word_1_359' title='bbox 152 2979 316 3063; x_wconf 88' lang='grc' dir='ltr'>λειτουργία</span> <span class='ocrx_word' id='word_1_360' title='bbox 333 2984 394 3044; x_wconf 77' lang='grc' dir='ltr'>τῶν</span> <span class='ocrx_word' id='word_1_361' title='bbox 411 2983 485 3044; x_wconf 77' lang='grc' dir='ltr'>υίιῖιν</span> <span class='ocrx_word' id='word_1_362' title='bbox 501 2976 623 3043; x_wconf 80' lang='grc' dir='ltr'>Γεδσών</span> <span class='ocrx_word' id='word_1_363' title='bbox 640 2981 671 3042; x_wconf 83' lang='grc' dir='ltr'>έν</span> <span class='ocrx_word' id='word_1_364' title='bbox 703 3003 752 3054; x_wconf 90' lang='grc' dir='ltr'>νος</span> <span class='ocrx_word' id='word_1_365' title='bbox 764 2979 940 3065; x_wconf 79' lang='grc' dir='ltr'>λειτουργεῖν</span> <span class='ocrx_word' id='word_1_366' title='bbox 956 2982 1007 3043; x_wconf 84' lang='grc' dir='ltr'>καῖ</span> <span class='ocrx_word' id='word_1_367' title='bbox 1022 2990 1117 3044; x_wconf 82' lang='grc' dir='ltr'>ποιεῖν</span> <span class='ocrx_word' id='word_1_368' title='bbox 1134 2978 1174 3042; x_wconf 83' lang='grc' dir='ltr'>τά</span> <span class='ocrx_word' id='word_1_369' title='bbox 1192 2983 1265 3062; x_wconf 89' lang='grc' dir='ltr'>ε’ργα</span> <span class='ocrx_word' id='word_1_370' title='bbox 1278 2982 1310 3041; x_wconf 78' lang='grc' dir='ltr'>ἐν</span> 
     </span>
     <span class='ocr_line' id='line_1_35' title="bbox 64 3058 1308 3165; baseline 0 -40"><span class='ocrx_word' id='word_1_371' title='bbox 64 3066 103 3165; x_wconf 81' lang='grc' dir='ltr'>τῆ</span> <span class='ocrx_word' id='word_1_372' title='bbox 117 3067 204 3146; x_wconf 84' lang='grc' dir='ltr'>σκῆνῆ</span> <span class='ocrx_word' id='word_1_373' title='bbox 217 3066 272 3127; x_wconf 82' lang='grc' dir='ltr'>τοῦ</span> <span class='ocrx_word' id='word_1_374' title='bbox 285 3069 460 3147; x_wconf 86' lang='grc' dir='ltr'>μαρτυρίου,</span> <span class='ocrx_word' id='word_1_375' title='bbox 477 3058 671 3146; x_wconf 82' lang='grc' dir='ltr'>καῖῆψυλα-</span> <span class='ocrx_word' id='word_1_376' title='bbox 703 3066 742 3154; x_wconf 85' lang='grc' dir='ltr'>τῆ</span> <span class='ocrx_word' id='word_1_377' title='bbox 754 3088 808 3146; x_wconf 81' lang='grc' dir='ltr'>σκη</span> <span class='ocrx_word' id='word_1_378' title='bbox 829 3067 844 3080; x_wconf 81' lang='grc'><strong>”</strong></span> <span class='ocrx_word' id='word_1_379' title='bbox 858 3067 912 3126; x_wconf 82' lang='grc' dir='ltr'>τοῦ</span> <span class='ocrx_word' id='word_1_380' title='bbox 923 3069 1093 3148; x_wconf 89' lang='grc' dir='ltr'>μαρτυρίου.</span> <span class='ocrx_word' id='word_1_381' title='bbox 1133 3063 1167 3105; x_wconf 87' lang='lat'>⁴⁰</span> <span class='ocrx_word' id='word_1_382' title='bbox 1179 3064 1230 3125; x_wconf 81' lang='grc' dir='ltr'>καί</span> <span class='ocrx_word' id='word_1_383' title='bbox 1243 3064 1308 3139; x_wconf 85' lang='grc' dir='ltr'>ἐγέ-</span> 
     </span>
     <span class='ocr_line' id='line_1_36' title="bbox 64 3136 1307 3247; baseline 0.001 -40"><span class='ocrx_word' id='word_1_384' title='bbox 64 3172 102 3226; x_wconf 87' lang='grc' dir='ltr'>κη</span> <span class='ocrx_word' id='word_1_385' title='bbox 120 3136 220 3208; x_wconf 78' lang='grc' dir='ltr'>αὐτίιῖν</span> <span class='ocrx_word' id='word_1_386' title='bbox 241 3149 272 3209; x_wconf 81' lang='grc' dir='ltr'>ἐν</span> <span class='ocrx_word' id='word_1_387' title='bbox 287 3148 360 3230; x_wconf 80' lang='grc' dir='ltr'>χειρί</span> <span class='ocrx_word' id='word_1_388' title='bbox 379 3141 511 3228; x_wconf 76' lang='grc' dir='ltr'>Ἷθάμαρ</span> <span class='ocrx_word' id='word_1_389' title='bbox 528 3149 585 3209; x_wconf 84' lang='grc' dir='ltr'>τοῦ</span> <span class='ocrx_word' id='word_1_390' title='bbox 601 3148 670 3209; x_wconf 84' lang='grc' dir='ltr'>υἴσῦ</span> <span class='ocrx_word' id='word_1_391' title='bbox 702 3143 797 3228; x_wconf 87' lang='grc' dir='ltr'>νετοῆ</span> <span class='ocrx_word' id='word_1_392' title='bbox 855 3152 967 3229; x_wconf 87' lang='grc' dir='ltr'>ίσκεψις</span> <span class='ocrx_word' id='word_1_393' title='bbox 983 3144 1085 3210; x_wconf 79' lang='grc' dir='ltr'>αὐτῶν</span> <span class='ocrx_word' id='word_1_394' title='bbox 1101 3144 1179 3210; x_wconf 85' lang='grc' dir='ltr'>κατά</span> <span class='ocrx_word' id='word_1_395' title='bbox 1199 3141 1307 3247; x_wconf 80' lang='grc' dir='ltr'>δῆμους</span> 
     </span>
     <span class='ocr_line' id='line_1_37' title="bbox 58 3225 1306 3312; baseline -0.001 -21"><span class='ocrx_word' id='word_1_396' title='bbox 58 3225 176 3311; x_wconf 79' lang='grc' dir='ltr'>Ἀαρὼν</span> <span class='ocrx_word' id='word_1_397' title='bbox 187 3231 245 3292; x_wconf 82' lang='grc' dir='ltr'>τοῦ</span> <span class='ocrx_word' id='word_1_398' title='bbox 259 3231 364 3312; x_wconf 79' lang='grc' dir='ltr'>ἱερέως.</span> <span class='ocrx_word' id='word_1_399' title='bbox 400 3230 431 3270; x_wconf 80' lang='lat'>²⁹</span> <span class='ocrx_word' id='word_1_400' title='bbox 444 3231 474 3293; x_wconf 87' lang='grc' dir='ltr'>οί</span> <span class='ocrx_word' id='word_1_401' title='bbox 487 3230 671 3312; x_wconf 81' lang='grc' dir='ltr'>υἴοέΜερα·</span> <span class='ocrx_word' id='word_1_402' title='bbox 703 3226 818 3300; x_wconf 78' lang='grc' dir='ltr'>αὐτῶν,</span> <span class='ocrx_word' id='word_1_403' title='bbox 839 3225 907 3291; x_wconf 81' lang='grc' dir='ltr'>κατ’</span> <span class='ocrx_word' id='word_1_404' title='bbox 928 3229 1026 3301; x_wconf 83' lang='grc' dir='ltr'>οἴκους</span> <span class='ocrx_word' id='word_1_405' title='bbox 1042 3233 1177 3311; x_wconf 79' lang='grc' dir='ltr'>πατριῶν</span> <span class='ocrx_word' id='word_1_406' title='bbox 1194 3232 1306 3302; x_wconf 82' lang='grc' dir='ltr'>αυτῶν,</span> 
     </span>
     <span class='ocr_line' id='line_1_38' title="bbox 63 3304 1307 3408; baseline -0.001 -34"><span class='ocrx_word' id='word_1_407' title='bbox 63 3312 95 3395; x_wconf 82' lang='grc' dir='ltr'>ρῖ</span> <span class='ocrx_word' id='word_1_408' title='bbox 116 3309 194 3373; x_wconf 81' lang='grc' dir='ltr'>κατὰ</span> <span class='ocrx_word' id='word_1_409' title='bbox 218 3304 329 3408; x_wconf 76' lang='grc' dir='ltr'>δῆμους</span> <span class='ocrx_word' id='word_1_410' title='bbox 352 3306 461 3383; x_wconf 77' lang='grc' dir='ltr'>αὐτῶν,</span> <span class='ocrx_word' id='word_1_411' title='bbox 484 3307 546 3372; x_wconf 84' lang='grc' dir='ltr'>κατ’</span> <span class='ocrx_word' id='word_1_412' title='bbox 573 3312 671 3384; x_wconf 86' lang='grc' dir='ltr'>οἴκους</span> <span class='ocrx_word' id='word_1_413' title='bbox 703 3309 833 3393; x_wconf 82' lang='grc' dir='ltr'>διςχίλιοι</span> <span class='ocrx_word' id='word_1_414' title='bbox 851 3304 998 3382; x_wconf 76' lang='grc' dir='ltr'>ἑξακόσιοι</span> <span class='ocrx_word' id='word_1_415' title='bbox 1010 3306 1177 3391; x_wconf 86' lang='grc' dir='ltr'>τριάκοντα.</span> <span class='ocrx_word' id='word_1_416' title='bbox 1208 3310 1237 3351; x_wconf 86' lang='lat'>⁴¹</span> <span class='ocrx_word' id='word_1_417' title='bbox 1250 3306 1307 3373; x_wconf 78' lang='grc' dir='ltr'>αὕ-</span> 
     </span>
     <span class='ocr_line' id='line_1_39' title="bbox 62 3386 1306 3474; baseline -0.001 -20"><span class='ocrx_word' id='word_1_418' title='bbox 62 3394 203 3471; x_wconf 79' lang='grc' dir='ltr'>πατριῶυ</span> <span class='ocrx_word' id='word_1_419' title='bbox 221 3393 322 3449; x_wconf 81' lang='grc' dir='ltr'>αυτῶν</span> <span class='ocrx_word' id='word_1_420' title='bbox 334 3391 538 3469; x_wconf 70' lang='grc' dir='ltr'>ἐπισκέψασθε</span> <span class='ocrx_word' id='word_1_421' title='bbox 553 3389 670 3467; x_wconf 69' lang='grc' dir='ltr'>αὐτοὺς,</span> <span class='ocrx_word' id='word_1_422' title='bbox 702 3416 740 3473; x_wconf 89' lang='grc' dir='ltr'>τη</span> <span class='ocrx_word' id='word_1_423' title='bbox 758 3386 778 3474; x_wconf 88' lang='grc' dir='ltr'>ῆ</span> <span class='ocrx_word' id='word_1_424' title='bbox 797 3394 951 3470; x_wconf 79' lang='grc' dir='ltr'>ἐπίσκεψις</span> <span class='ocrx_word' id='word_1_425' title='bbox 967 3386 1060 3473; x_wconf 81' lang='grc' dir='ltr'>δῆμου</span> <span class='ocrx_word' id='word_1_426' title='bbox 1082 3393 1157 3452; x_wconf 81' lang='grc' dir='ltr'>υἴῶν</span> <span class='ocrx_word' id='word_1_427' title='bbox 1176 3394 1210 3451; x_wconf 94' lang='grc' dir='ltr'>Γ</span> <span class='ocrx_word' id='word_1_428' title='bbox 1207 3390 1306 3466; x_wconf 73' lang='grc' dir='ltr'>εδσιίιν,</span> 
     </span>
     <span class='ocr_line' id='line_1_40' title="bbox 63 3466 1307 3562; baseline 0.002 -29"><span class='ocrx_word' id='word_1_429' title='bbox 63 3477 97 3516; x_wconf 78' lang='lat'>³⁰</span> <span class='ocrx_word' id='word_1_430' title='bbox 113 3466 177 3533; x_wconf 83' lang='grc' dir='ltr'>ἀπὸ</span> <span class='ocrx_word' id='word_1_431' title='bbox 190 3470 276 3530; x_wconf 81' lang='grc' dir='ltr'>πέντε</span> <span class='ocrx_word' id='word_1_432' title='bbox 287 3468 338 3529; x_wconf 81' lang='grc' dir='ltr'>καί</span> <span class='ocrx_word' id='word_1_433' title='bbox 346 3472 528 3544; x_wconf 82' lang='grc' dir='ltr'>εἴκοσαετσιῖς</span> <span class='ocrx_word' id='word_1_434' title='bbox 536 3475 588 3537; x_wconf 83' lang='grc' dir='ltr'>καί</span> <span class='ocrx_word' id='word_1_435' title='bbox 596 3470 671 3537; x_wconf 84' lang='grc' dir='ltr'>ἐπά-</span> <span class='ocrx_word' id='word_1_436' title='bbox 702 3479 763 3548; x_wconf 82' lang='grc' dir='ltr'>πᾶς</span> <span class='ocrx_word' id='word_1_437' title='bbox 786 3467 804 3536; x_wconf 82' lang='grc' dir='ltr'><strong>ὁ</strong></span> <span class='ocrx_word' id='word_1_438' title='bbox 826 3471 1003 3553; x_wconf 81' lang='grc' dir='ltr'>λειτουργῶν</span> <span class='ocrx_word' id='word_1_439' title='bbox 1031 3474 1061 3533; x_wconf 84' lang='grc' dir='ltr'>ἐν</span> <span class='ocrx_word' id='word_1_440' title='bbox 1082 3475 1120 3562; x_wconf 81' lang='grc' dir='ltr'>τῆ</span> <span class='ocrx_word' id='word_1_441' title='bbox 1143 3476 1231 3561; x_wconf 82' lang='grc' dir='ltr'>σκηνῆ</span> <span class='ocrx_word' id='word_1_442' title='bbox 1251 3477 1307 3536; x_wconf 75' lang='grc' dir='ltr'>τοῦ</span> 
     </span>
     <span class='ocr_line' id='line_1_41' title="bbox 63 3552 1307 3641; baseline -0.002 -22"><span class='ocrx_word' id='word_1_443' title='bbox 63 3579 108 3619; x_wconf 87' lang='grc' dir='ltr'>νω</span> <span class='ocrx_word' id='word_1_444' title='bbox 122 3555 179 3626; x_wconf 77' lang='grc' dir='ltr'>ἕως</span> <span class='ocrx_word' id='word_1_445' title='bbox 191 3552 456 3632; x_wconf 72' lang='grc' dir='ltr'>πεντηκονταετοῦς</span> <span class='ocrx_word' id='word_1_446' title='bbox 471 3554 672 3634; x_wconf 72' lang='grc' dir='ltr'>ἐπισκέψασθε</span> <span class='ocrx_word' id='word_1_447' title='bbox 702 3561 878 3641; x_wconf 87' lang='grc' dir='ltr'>μαρτυρίου,</span> <span class='ocrx_word' id='word_1_448' title='bbox 903 3552 958 3629; x_wconf 78' lang='grc' dir='ltr'>οίίς</span> <span class='ocrx_word' id='word_1_449' title='bbox 970 3553 1159 3636; x_wconf 79' lang='grc' dir='ltr'>ἐπεσκέψατο</span> <span class='ocrx_word' id='word_1_450' title='bbox 1170 3558 1307 3636; x_wconf 86' lang='grc' dir='ltr'>Μωυσῆς</span> 
     </span>
     <span class='ocr_line' id='line_1_42' title="bbox 64 3624 1308 3737; baseline -0.007 -28"><span class='ocrx_word' id='word_1_451' title='bbox 64 3634 186 3709; x_wconf 78' lang='grc' dir='ltr'>αὐτοὺς.</span> <span class='ocrx_word' id='word_1_452' title='bbox 199 3624 534 3715; x_wconf 74' lang='grc' dir='ltr'>πᾶτὸεῑιποοευίνενοι</span> <span class='ocrx_word' id='word_1_453' title='bbox 546 3633 673 3717; x_wconf 82' lang='grc' dir='ltr'>λειτουρ-</span> <span class='ocrx_word' id='word_1_454' title='bbox 703 3637 941 3737; x_wconf 69' lang='grc' dir='ltr'>ιιίἈαρώιδιὰ</span> <span class='ocrx_word' id='word_1_455' title='bbox 959 3641 1059 3721; x_wconf 73' lang='grc' dir='ltr'>φωνῆς</span> <span class='ocrx_word' id='word_1_456' title='bbox 1069 3642 1182 3721; x_wconf 73' lang='grc' dir='ltr'>κυρίου,</span> <span class='ocrx_word' id='word_1_457' title='bbox 1195 3640 1308 3722; x_wconf 51' lang='lat' dir='ltr'>erza&amp;</span> 
     </span>
     <span class='ocr_line' id='line_1_43' title="bbox 64 3717 1306 3806; baseline 0.001 -23"><span class='ocrx_word' id='word_1_458' title='bbox 64 3730 124 3796; x_wconf 85' lang='grc' dir='ltr'>γετν</span> <span class='ocrx_word' id='word_1_459' title='bbox 133 3717 173 3782; x_wconf 85' lang='grc' dir='ltr'>τὰ</span> <span class='ocrx_word' id='word_1_460' title='bbox 184 3720 257 3801; x_wconf 81' lang='grc' dir='ltr'>ἔργα</span> <span class='ocrx_word' id='word_1_461' title='bbox 266 3721 318 3799; x_wconf 86' lang='grc' dir='ltr'>τῆς</span> <span class='ocrx_word' id='word_1_462' title='bbox 328 3717 494 3798; x_wconf 78' lang='grc' dir='ltr'>σκηνῆςτοῖι</span> <span class='ocrx_word' id='word_1_463' title='bbox 502 3719 672 3798; x_wconf 87' lang='grc' dir='ltr'>μαρτυρίου.</span> <span class='ocrx_word' id='word_1_464' title='bbox 705 3724 836 3800; x_wconf 88' lang='grc' dir='ltr'>Μωυση.</span> <span class='ocrx_word' id='word_1_465' title='bbox 866 3720 901 3763; x_wconf 77' lang='lat'>⁴²</span> <span class='ocrx_word' id='word_1_466' title='bbox 917 3725 1118 3804; x_wconf 75' lang='grc' dir='ltr'>ἐπεσκέπησαν</span> <span class='ocrx_word' id='word_1_467' title='bbox 1135 3720 1167 3785; x_wconf 86' lang='grc' dir='ltr'>δὲ</span> <span class='ocrx_word' id='word_1_468' title='bbox 1183 3721 1236 3784; x_wconf 86' lang='grc' dir='ltr'>καῖ</span> <span class='ocrx_word' id='word_1_469' title='bbox 1253 3721 1306 3806; x_wconf 74' lang='grc' dir='ltr'>δῆ-</span> 
     </span>
     <span class='ocr_line' id='line_1_44' title="bbox 65 3792 1307 3887; baseline 0.005 -22"><span class='ocrx_word' id='word_1_470' title='bbox 65 3804 157 3865; x_wconf 73' lang='grc' dir='ltr'>31καὶ</span> <span class='ocrx_word' id='word_1_471' title='bbox 178 3805 276 3866; x_wconf 75' lang='grc' dir='ltr'>ταῦτα</span> <span class='ocrx_word' id='word_1_472' title='bbox 292 3796 333 3863; x_wconf 84' lang='grc' dir='ltr'>τά</span> <span class='ocrx_word' id='word_1_473' title='bbox 351 3792 532 3880; x_wconf 85' lang='grc' dir='ltr'>ψυλάγμοτα</span> <span class='ocrx_word' id='word_1_474' title='bbox 549 3800 610 3860; x_wconf 79' lang='grc' dir='ltr'>τῶν</span> <span class='ocrx_word' id='word_1_475' title='bbox 626 3803 674 3862; x_wconf 82' lang='grc' dir='ltr'>αἶ-</span> <span class='ocrx_word' id='word_1_476' title='bbox 704 3822 759 3880; x_wconf 87' lang='grc' dir='ltr'>μος</span> <span class='ocrx_word' id='word_1_477' title='bbox 771 3801 976 3887; x_wconf 74' lang='grc' dir='ltr'>υίῶν-Μιρορῖ</span> <span class='ocrx_word' id='word_1_478' title='bbox 992 3803 1071 3867; x_wconf 84' lang='grc' dir='ltr'>κατὰ</span> <span class='ocrx_word' id='word_1_479' title='bbox 1088 3800 1194 3887; x_wconf 83' lang='grc' dir='ltr'>δῆμους</span> <span class='ocrx_word' id='word_1_480' title='bbox 1205 3802 1307 3871; x_wconf 72' lang='grc' dir='ltr'>αὐτῶν</span> 
     </span>
     <span class='ocr_line' id='line_1_45' title="bbox 66 3877 1304 3969; baseline 0.003 -20"><span class='ocrx_word' id='word_1_481' title='bbox 66 3887 198 3969; x_wconf 87' lang='grc' dir='ltr'>ρομένων</span> <span class='ocrx_word' id='word_1_482' title='bbox 223 3879 271 3946; x_wconf 73' lang='grc' dir='ltr'>ὑπ’</span> <span class='ocrx_word' id='word_1_483' title='bbox 293 3879 396 3947; x_wconf 75' lang='grc' dir='ltr'>αυτοίν</span> <span class='ocrx_word' id='word_1_484' title='bbox 416 3878 495 3945; x_wconf 80' lang='grc' dir='ltr'>κατά</span> <span class='ocrx_word' id='word_1_485' title='bbox 511 3877 615 3946; x_wconf 81' lang='grc' dir='ltr'>πάντα</span> <span class='ocrx_word' id='word_1_486' title='bbox 632 3879 672 3947; x_wconf 83' lang='grc' dir='ltr'>τά</span> <span class='ocrx_word' id='word_1_487' title='bbox 704 3878 768 3946; x_wconf 80' lang='grc' dir='ltr'>κατ’</span> <span class='ocrx_word' id='word_1_488' title='bbox 782 3882 888 3956; x_wconf 82' lang='grc' dir='ltr'>οἴκους</span> <span class='ocrx_word' id='word_1_489' title='bbox 903 3890 1039 3969; x_wconf 78' lang='grc' dir='ltr'>πατριῶν</span> <span class='ocrx_word' id='word_1_490' title='bbox 1053 3883 1171 3962; x_wconf 79' lang='grc' dir='ltr'>αιἰτιῖν,</span> <span class='ocrx_word' id='word_1_491' title='bbox 1195 3889 1227 3931; x_wconf 84' lang='lat'>⁴³</span> <span class='ocrx_word' id='word_1_492' title='bbox 1241 3888 1304 3953; x_wconf 83' lang='grc' dir='ltr'>άπὸ</span> 
     </span>
     <span class='ocr_line' id='line_1_46' title="bbox 66 3964 1306 4053; baseline 0.004 -21"><span class='ocrx_word' id='word_1_493' title='bbox 66 3972 139 4053; x_wconf 79' lang='grc' dir='ltr'>ἔργα</span> <span class='ocrx_word' id='word_1_494' title='bbox 160 3964 260 4030; x_wconf 77' lang='grc' dir='ltr'>αίιτιὸν</span> <span class='ocrx_word' id='word_1_495' title='bbox 276 3967 308 4029; x_wconf 81' lang='grc' dir='ltr'>ἐν</span> <span class='ocrx_word' id='word_1_496' title='bbox 324 3969 361 4047; x_wconf 85' lang='grc' dir='ltr'>τῆ</span> <span class='ocrx_word' id='word_1_497' title='bbox 378 3968 470 4047; x_wconf 86' lang='grc' dir='ltr'>σκηνῆ</span> <span class='ocrx_word' id='word_1_498' title='bbox 486 3969 542 4029; x_wconf 81' lang='grc' dir='ltr'>τοῦ</span> <span class='ocrx_word' id='word_1_499' title='bbox 558 3990 671 4051; x_wconf 86' lang='grc' dir='ltr'>μαρτυ-</span> <span class='ocrx_word' id='word_1_500' title='bbox 702 3967 788 4030; x_wconf 86' lang='grc' dir='ltr'>πέντε</span> <span class='ocrx_word' id='word_1_501' title='bbox 805 3967 857 4031; x_wconf 83' lang='grc' dir='ltr'>καί</span> <span class='ocrx_word' id='word_1_502' title='bbox 872 3969 1057 4042; x_wconf 83' lang='grc' dir='ltr'>είκοσοιετοῦς</span> <span class='ocrx_word' id='word_1_503' title='bbox 1067 3968 1120 4032; x_wconf 82' lang='grc' dir='ltr'>καί</span> <span class='ocrx_word' id='word_1_504' title='bbox 1135 3966 1235 4036; x_wconf 84' lang='grc' dir='ltr'>ἐπάνω</span> <span class='ocrx_word' id='word_1_505' title='bbox 1251 3979 1306 4047; x_wconf 78' lang='grc' dir='ltr'>ἕως</span> 
     </span>
     <span class='ocr_line' id='line_1_47' title="bbox 66 4036 1306 4153; baseline 0.003 -38"><span class='ocrx_word' id='word_1_506' title='bbox 66 4058 146 4135; x_wconf 87' lang='grc' dir='ltr'>ρίου,</span> <span class='ocrx_word' id='word_1_507' title='bbox 171 4047 226 4124; x_wconf 85' lang='grc' dir='ltr'>τάς</span> <span class='ocrx_word' id='word_1_508' title='bbox 237 4038 396 4130; x_wconf 78' lang='grc' dir='ltr'>κεφαλίδας</span> <span class='ocrx_word' id='word_1_509' title='bbox 411 4036 464 4130; x_wconf 83' lang='grc' dir='ltr'>τῆς</span> <span class='ocrx_word' id='word_1_510' title='bbox 476 4055 596 4153; x_wconf 78' lang='grc' dir='ltr'>σκηνῆς,</span> <span class='ocrx_word' id='word_1_511' title='bbox 619 4053 669 4115; x_wconf 87' lang='grc' dir='ltr'>καῖ</span> <span class='ocrx_word' id='word_1_512' title='bbox 700 4054 981 4131; x_wconf 76' lang='grc' dir='ltr'>πεντηκονταετσιῖς,</span> <span class='ocrx_word' id='word_1_513' title='bbox 1006 4053 1066 4125; x_wconf 78' lang='grc' dir='ltr'>πᾶς</span> <span class='ocrx_word' id='word_1_514' title='bbox 1077 4046 1096 4115; x_wconf 84' lang='grc' dir='ltr'>ὁ</span> <span class='ocrx_word' id='word_1_515' title='bbox 1109 4051 1306 4137; x_wconf 74' lang='grc' dir='ltr'>είςιιορευόμι-</span> 
     </span>
     <span class='ocr_line' id='line_1_48' title="bbox 65 4129 1305 4222; baseline 0.002 -25"><span class='ocrx_word' id='word_1_516' title='bbox 65 4132 137 4207; x_wconf 83' lang='grc' dir='ltr'>τοὺς</span> <span class='ocrx_word' id='word_1_517' title='bbox 152 4132 294 4216; x_wconf 83' lang='grc' dir='ltr'>μοχλοὺς,</span> <span class='ocrx_word' id='word_1_518' title='bbox 319 4133 371 4194; x_wconf 80' lang='grc' dir='ltr'>καί</span> <span class='ocrx_word' id='word_1_519' title='bbox 387 4129 457 4206; x_wconf 82' lang='grc' dir='ltr'>τοὺς</span> <span class='ocrx_word' id='word_1_520' title='bbox 470 4133 594 4207; x_wconf 87' lang='grc' dir='ltr'>οτυλους</span> <span class='ocrx_word' id='word_1_521' title='bbox 612 4131 667 4196; x_wconf 79' lang='grc' dir='ltr'>αἴν-</span> <span class='ocrx_word' id='word_1_522' title='bbox 701 4158 750 4209; x_wconf 87' lang='grc' dir='ltr'>νος</span> <span class='ocrx_word' id='word_1_523' title='bbox 761 4133 934 4219; x_wconf 79' lang='grc' dir='ltr'>λειτουργεῖν</span> <span class='ocrx_word' id='word_1_524' title='bbox 945 4133 1022 4221; x_wconf 89' lang='grc' dir='ltr'>πρὸς</span> <span class='ocrx_word' id='word_1_525' title='bbox 1032 4131 1072 4199; x_wconf 82' lang='grc' dir='ltr'>τά</span> <span class='ocrx_word' id='word_1_526' title='bbox 1084 4136 1156 4222; x_wconf 71' lang='grc' dir='ltr'>ἔργα</span> <span class='ocrx_word' id='word_1_527' title='bbox 1168 4142 1222 4219; x_wconf 86' lang='grc' dir='ltr'>τῆς</span> <span class='ocrx_word' id='word_1_528' title='bbox 1234 4162 1305 4218; x_wconf 91' lang='grc' dir='ltr'>σκη-</span> 
     </span>
     <span class='ocr_line' id='line_1_49' title="bbox 64 4209 1304 4321; baseline 0 -40"><span class='ocrx_word' id='word_1_529' title='bbox 64 4222 128 4298; x_wconf 80' lang='grc' dir='ltr'>τῆς,</span> <span class='ocrx_word' id='word_1_530' title='bbox 142 4218 192 4280; x_wconf 83' lang='grc' dir='ltr'>καί</span> <span class='ocrx_word' id='word_1_531' title='bbox 206 4214 261 4290; x_wconf 75' lang='grc' dir='ltr'>τὰς</span> <span class='ocrx_word' id='word_1_532' title='bbox 272 4209 369 4301; x_wconf 76' lang='grc' dir='ltr'>βάσεις</span> <span class='ocrx_word' id='word_1_533' title='bbox 381 4211 482 4295; x_wconf 80' lang='grc' dir='ltr'>αὐτῆς,</span> <span class='ocrx_word' id='word_1_534' title='bbox 500 4213 599 4280; x_wconf 79' lang='grc' dir='ltr'>καὶτὸ</span> <span class='ocrx_word' id='word_1_535' title='bbox 612 4240 669 4280; x_wconf 56' lang='grc' dir='ltr'>κα*</span> <span class='ocrx_word' id='word_1_536' title='bbox 702 4221 751 4300; x_wconf 82' lang='grc' dir='ltr'>τῆς</span> <span class='ocrx_word' id='word_1_537' title='bbox 763 4222 819 4281; x_wconf 79' lang='grc' dir='ltr'>τοῦ</span> <span class='ocrx_word' id='word_1_538' title='bbox 829 4224 1000 4305; x_wconf 85' lang='grc' dir='ltr'>μαρτυρίου.</span> <span class='ocrx_word' id='word_1_539' title='bbox 1040 4217 1074 4261; x_wconf 91' lang='lat'>⁴⁴</span> <span class='ocrx_word' id='word_1_540' title='bbox 1087 4223 1137 4282; x_wconf 82' lang='grc' dir='ltr'>καί</span> <span class='ocrx_word' id='word_1_541' title='bbox 1151 4214 1304 4321; x_wconf 77' lang='grc' dir='ltr'>ἐγενῆθηῆ</span> 
     </span>
     <span class='ocr_line' id='line_1_50' title="bbox 64 4293 1306 4382; baseline -0.001 -20"><span class='ocrx_word' id='word_1_542' title='bbox 64 4294 251 4378; x_wconf 83' lang='grc' dir='ltr'>τακσίλυμμα,</span> <span class='ocrx_word' id='word_1_543' title='bbox 264 4301 314 4362; x_wconf 86' lang='grc' dir='ltr'>καὶ</span> <span class='ocrx_word' id='word_1_544' title='bbox 327 4301 361 4363; x_wconf 85' lang='grc' dir='ltr'>αί</span> <span class='ocrx_word' id='word_1_545' title='bbox 372 4293 470 4382; x_wconf 79' lang='grc' dir='ltr'>βάσεις</span> <span class='ocrx_word' id='word_1_546' title='bbox 482 4295 592 4372; x_wconf 74' lang='grc' dir='ltr'>οὔτῶν,</span> <span class='ocrx_word' id='word_1_547' title='bbox 617 4299 670 4361; x_wconf 87' lang='grc' dir='ltr'>καὶ</span> <span class='ocrx_word' id='word_1_548' title='bbox 701 4301 851 4381; x_wconf 83' lang='grc' dir='ltr'>ἐπίσκεψις</span> <span class='ocrx_word' id='word_1_549' title='bbox 864 4301 967 4367; x_wconf 74' lang='grc' dir='ltr'>αὐτοῖν</span> <span class='ocrx_word' id='word_1_550' title='bbox 978 4298 1058 4366; x_wconf 79' lang='grc' dir='ltr'>κατὰ</span> <span class='ocrx_word' id='word_1_551' title='bbox 1071 4297 1181 4380; x_wconf 82' lang='grc' dir='ltr'>δῆμσυς</span> <span class='ocrx_word' id='word_1_552' title='bbox 1194 4305 1306 4369; x_wconf 81' lang='grc' dir='ltr'>αυτῶν,</span> 
     </span>
     <span class='ocr_line' id='line_1_51' title="bbox 65 4374 1307 4467; baseline -0.003 -22"><span class='ocrx_word' id='word_1_553' title='bbox 65 4387 96 4445; x_wconf 86' lang='grc' dir='ltr'>οί</span> <span class='ocrx_word' id='word_1_554' title='bbox 110 4376 209 4445; x_wconf 79' lang='grc' dir='ltr'>στύλοι</span> <span class='ocrx_word' id='word_1_555' title='bbox 224 4379 339 4455; x_wconf 80' lang='grc' dir='ltr'>αὐτῶν,</span> <span class='ocrx_word' id='word_1_556' title='bbox 365 4382 415 4443; x_wconf 84' lang='grc' dir='ltr'>καὶ</span> <span class='ocrx_word' id='word_1_557' title='bbox 427 4378 464 4443; x_wconf 88' lang='grc' dir='ltr'>τὸ</span> <span class='ocrx_word' id='word_1_558' title='bbox 476 4374 669 4461; x_wconf 85' lang='grc' dir='ltr'>κατακάλυμ-</span> <span class='ocrx_word' id='word_1_559' title='bbox 700 4379 763 4444; x_wconf 81' lang='grc' dir='ltr'>κατ’</span> <span class='ocrx_word' id='word_1_560' title='bbox 780 4383 878 4458; x_wconf 87' lang='grc' dir='ltr'>οἴκους</span> <span class='ocrx_word' id='word_1_561' title='bbox 886 4387 1022 4467; x_wconf 74' lang='grc' dir='ltr'>πατριῶν</span> <span class='ocrx_word' id='word_1_562' title='bbox 1035 4378 1146 4453; x_wconf 73' lang='grc' dir='ltr'>αὐτῶν,</span> <span class='ocrx_word' id='word_1_563' title='bbox 1158 4382 1307 4464; x_wconf 74' lang='grc' dir='ltr'>τριςχίλιοι</span> 
     </span>
     <span class='ocr_line' id='line_1_52' title="bbox 64 4453 1306 4604; baseline 0.002 -77"><span class='ocrx_word' id='word_1_564' title='bbox 64 4489 106 4548; x_wconf 86' lang='grc' dir='ltr'>μα</span> <span class='ocrx_word' id='word_1_565' title='bbox 119 4464 172 4546; x_wconf 85' lang='grc' dir='ltr'>τῆς</span> <span class='ocrx_word' id='word_1_566' title='bbox 182 4464 280 4548; x_wconf 80' lang='grc' dir='ltr'>θύρας</span> <span class='ocrx_word' id='word_1_567' title='bbox 292 4468 344 4546; x_wconf 76' lang='grc' dir='ltr'>τῆς</span> <span class='ocrx_word' id='word_1_568' title='bbox 356 4468 470 4546; x_wconf 83' lang='grc' dir='ltr'>σκηνῆς,</span> <span class='ocrx_word' id='word_1_569' title='bbox 493 4465 523 4505; x_wconf 84' lang='lat'>³²</span> <span class='ocrx_word' id='word_1_570' title='bbox 535 4465 587 4528; x_wconf 86' lang='grc' dir='ltr'>καῖ</span> <span class='ocrx_word' id='word_1_571' title='bbox 601 4461 668 4538; x_wconf 82' lang='grc' dir='ltr'>τοὺς</span> <span class='ocrx_word' id='word_1_572' title='bbox 699 4466 752 4527; x_wconf 80' lang='grc' dir='ltr'>καί</span> <span class='ocrx_word' id='word_1_573' title='bbox 775 4462 931 4531; x_wconf 81' lang='grc' dir='ltr'>διακόσιοι.</span> <span class='ocrx_word' id='word_1_574' title='bbox 970 4463 1001 4503; x_wconf 80' lang='lat'>⁴⁵</span> <span class='ocrx_word' id='word_1_575' title='bbox 1019 4453 1132 4540; x_wconf 66' lang='grc' dir='ltr'>αὕτηῆ</span> <span class='ocrx_word' id='word_1_576' title='bbox 1154 4465 1306 4604; x_wconf 61' lang='grc' dir='ltr'>ἐπίσρψψῑς</span> 
     </span>
    </p>

    <p class='ocr_par' dir='ltr' id='par_1_2' title="bbox 1234 4560 1307 4622">
     <span class='ocr_line' id='line_1_53' title="bbox 1234 4560 1307 4622; baseline -0.027 -22"><span class='ocrx_word' id='word_1_577' title='bbox 1234 4560 1307 4622; x_wconf 83' lang='grc' dir='ltr'>ημου</span> 
     </span>
    </p>
   </div>
   <div class='ocr_carea' id='block_1_2' title="bbox 0 0 1466 4972">
    <p class='ocr_par' dir='ltr' id='par_1_3' title="bbox 0 0 1466 4972">
     <span class='ocr_line' id='line_1_54' title="bbox 0 0 1466 4972; baseline 0 1"><span class='ocrx_word' id='word_1_578' title='bbox 0 0 1466 4972; x_wconf 95' lang='lat' dir='ltr'> </span> 
     </span>
    </p>
   </div>
  </div>
 </body>
</html>
