2924 4972
103 239 170 307 524
463 240 677 302 ΙΟΤΔΙΘ
720 231 899 320 Κεφ.α’.β”.
916 237 942 299 1.
958 239 987 299 2.

103 359 139 430 τὸ
153 362 233 443 ῥῆμα
250 349 527 440 Ναβουχοδονόσορ
545 358 601 416 τοῦ
622 358 708 438 βασι·
740 375 840 455 κριναν
858 349 1039 436 ὀλοθρεῦσαι
1057 355 1160 428 πᾶσαν
1178 345 1293 434 σάρκα,
1326 360 1359 417 οἳ

103 442 177 516 λέως
184 439 355 522 Ἀσσυρίων,
373 437 425 499 καί
438 433 474 499 ού
488 435 640 517 συνῆλθον
652 432 709 500 αύ-
740 459 796 498 ουκ
814 431 1027 517 ἠκολούθησαν
1045 437 1087 515 τῷ
1107 429 1188 515 λόγῳ
1206 438 1265 498 τοῦ
1280 429 1355 498 στό-

102 530 146 607 τῴ
160 529 199 599 εἰς
210 521 264 586 τόν
275 517 414 601 πόλεμον,
427 515 473 583 ότι
486 517 542 583 οῦκ
554 514 709 623 ἐφοβηθη·
739 542 833 598 ματος
850 514 954 582 αὐτοῦ.
980 516 1061 579 ’λκαί
1079 519 1192 592 ἐγένετο
1212 511 1253 592 οῦς
1268 542 1354 581 συνε-

104 632 159 673 σαν
172 601 272 680 αὐτόν,
286 602 347 669 ἀλλ’
365 593 400 684 ἦν
410 606 543 666 ἐναντίον
556 598 656 666 αὐτῶν
668 627 709 674 ως
740 601 838 665 τέλεσι
850 597 1024 686 τὴνβουλόχν
1038 596 1143 672 αὐτοῦ,
1150 593 1267 664 ἐκάλεσε
1276 604 1352 664 Να·

103 688 178 775 ἀνὴρ
197 688 267 764 ἶσος.
294 688 346 752 καὶ
362 685 547 767 ἀνέστρεψαν
561 681 632 759 τούς
652 682 709 761 άγ-
738 679 960 788 [δουχοδονόσορ
978 682 1113 768 βασιλεὺς
1124 680 1285 767 Ἀσσυρίων
1296 684 1353 749 τόν

102 774 207 851 γέλους
230 769 324 835 αὐτοῦ
346 768 446 841 κενούς
467 772 499 832 ἐν
521 766 625 850 ἀτιμίᾳ
647 765 708 851 πρό
749 766 922 869 Ολοφέρνην
934 761 1171 868 ἀρχιστράτηγον
1189 771 1242 870 της
1260 768 1351 832 δυνα-

101 852 265 939 προςιόπου
290 851 399 918 αὐτῶν.
439 852 536 914 12καὶ
560 851 708 934 ἐθυμώθη
740 875 816 932 μεως
828 851 1074 930 αυτοῦ,δευτερον
1088 848 1162 913 όντα
1171 874 1223 930 μετ
1246 846 1350 923 αὐτόν,

103 932 375 1040 Ναβουχοδονόσορ
393 933 445 997 ἐπὶ
467 938 567 998 πᾶσαν
584 933 638 1015 τὴν
655 938 709 1017 γῆν
741 935 791 998 καί
812 930 873 997 ελπε
894 931 970 1017 πρὸς
994 927 1093 996 αὐτόν.
1122 929 1220 997 5τάδε
1233 932 1308 1010 λέγει
1332 931 1350 997 ὁ

101 1047 215 1105 ταυτην
233 1015 358 1105 σφόδρα,
377 1017 430 1081 καὶ
448 1014 547 1097 ὤμοσε
559 1015 637 1080 κατά
651 1021 709 1080 τοῦ
740 1013 875 1103 βασιλεύς
888 1012 905 1079 ό
918 1019 1022 1098 μέγας,
1043 1013 1060 1078 ό
1074 1011 1174 1099 κύριος
1185 1013 1283 1098 πάσης
1297 1022 1350 1120 της

102 1101 220 1189 θρόνου
241 1103 293 1166 καὶ
315 1106 368 1186 τῆς
387 1099 539 1187 βασιλείας
556 1098 660 1176 αὐτοῦ,
685 1104 710 1163 εἰ
740 1104 802 1183 γῆς.
831 1095 895 1163 ἰδού
909 1097 945 1164 σύ
965 1093 1094 1192 ἐξελεύση
1113 1103 1144 1163 ἐκ
1158 1103 1214 1161 τοῦ
1228 1126 1349 1184 προςω-

100 1187 158 1272 μὴν
171 1181 329 1270 ἐκδικησειν
342 1180 446 1249 πάντα
457 1181 496 1248 τά
510 1180 579 1267 ὅρια
590 1189 709 1267 τῆςΚι-
740 1208 801 1246 που
812 1208 884 1263 μου,
902 1185 953 1248 καί
965 1180 1048 1267 ληψη
1066 1181 1141 1265 μετά
1155 1188 1281 1246 σεαυτοῦ
1293 1184 1350 1248 άν-

101 1270 208 1346 λικίας,
233 1271 285 1333 καί
304 1271 500 1351 Δαμασκηνῆς
517 1269 569 1331 καί
585 1272 708 1352 Συρίας,
741 1267 812 1349 δρας
824 1262 1014 1340 πεποιθότας
1027 1251 1057 1329 ἓν
1071 1262 1151 1350 ἰσχύϊ
1160 1264 1274 1340 αὐτῶν,
1295 1294 1351 1332 πε-

102 1353 211 1421 ἀνελεῖν
223 1357 263 1445 τῇ
279 1356 414 1437 ῥομφαίᾳ
433 1347 544 1426 αὐτοῦ,
569 1345 709 1415 καίπάν-
741 1352 798 1425 ζῶν
823 1353 862 1424 εἰς
885 1344 1016 1433 χιλιάδας
1042 1347 1148 1414 ἑκατὸν
1173 1351 1276 1424 εἴκοσι,
1299 1354 1351 1414 καί

101 1463 157 1512 τας
176 1435 246 1511 τούς
260 1437 473 1508 κατοικοῦντας
490 1438 521 1498 ἐν
536 1439 575 1526 γῇ
588 1430 707 1534 Μωάρί,
740 1432 860 1514 πλῆθος
877 1437 979 1497 ἵππων
997 1432 1051 1498 σύν
1068 1428 1231 1580 άναχῖάταις
1242 1436 1349 1519 μυριά-

101 1524 154 1584 καί
165 1517 234 1592 τοῦς
247 1516 329 1591 υἱούς
336 1516 464 1618 Ἀμμάν,
476 1518 528 1580 καί
540 1521 644 1581 πᾶσαν
655 1539 709 1620 την
742 1516 802 1579 δων
815 1511 953 1590 δεκαδύο,
979 1517 995 1560 ⁶
1009 1518 1060 1581 καί
1077 1518 1119 1593 ἒξε
1152 1515 1208 1610 ύση
1225 1521 1264 1591 είς
1277 1543 1348 1582 συν-

100 1602 264 1676 Ἰουδαίαν,
289 1601 340 1663 καί
355 1622 471 1672 πάντας
482 1596 553 1674 τούς
566 1603 597 1663 ἐν
609 1602 709 1675 Αἰγυ-
742 1593 862 1680 άντησιν
880 1594 965 1692 πάση
976 1604 1014 1681 τῆ
1032 1604 1072 1687 γῇ
1084 1602 1133 1664 ἐπὶ
1153 1598 1274 1682 δυσμάς,
1300 1599 1349 1665 ότι

101 1710 170 1768 πτῳ
184 1688 239 1757 ἕως
255 1686 312 1746 τοῦ
330 1682 428 1747 ἐλθεῖν
446 1683 496 1746 ἐπὶ
513 1681 553 1745 τό
567 1677 636 1766 όρια
648 1686 709 1747 τεόν
742 1679 913 1766 ἠπείθησαν
936 1687 980 1765 τῷ
996 1670 1113 1768 ’ῥήματι
1131 1687 1186 1747 τοῦ
1199 1679 1349 1764 στόματός

103 1765 159 1834 δύο
172 1765 348 1832 θαλασοῶν.
373 1767 401 1807 ¹³
414 1769 466 1829 καί
475 1762 665 1849 παρετάξατο
677 1767 709 1830 ἐν
740 1790 805 1845 μου.
832 1767 909 1830 uae
922 1761 1094 1843 ἀπαγγελεῖς
1107 1764 1211 1840 αὐτοῖς
1224 1766 1347 1849 ἑτοιμά-

103 1853 142 1944 τῇ
154 1845 271 1931 δυνάμει
284 1847 380 1913 αὐτοῦ
398 1846 475 1931 πρός
488 1846 644 1930 Ἀρφαξάδ
645 1851 709 1951 χία-
742 1851 796 1924 ζειν
806 1851 862 1931 γῆν
874 1849 926 1912 καὶ
939 1845 1034 1935 ῦδωρ,
1061 1846 1108 1913 ότι
1121 1845 1302 1931 ἐξελεύσομαι
1316 1855 1348 1915 ἐν

104 1935 188 2000 σιλέα
206 1935 237 1998 ἐν
254 1936 298 2016 τῷ
316 1935 371 1997 ἔτει
393 1937 438 2014 τῷ
456 1933 708 2013 ἑπτακαιδεκάτῳ.
741 1936 829 2013 θυμῷ
851 1957 908 2013 μου
929 1929 972 1995 ἐπ’
999 1930 1119 2008 αὐτούς,
1142 1935 1192 1997 καί
1214 1929 1346 2017 καλύψω

103 2021 155 2083 καὶ
167 2011 359 2100 ἐκραταιεόθη
370 2017 455 2098 ἐντῷ
467 2014 589 2122 πολέμῳ
604 2013 709 2089 αὐτοῦ,
741 2018 802 2077 πᾶν
814 2011 850 2078 τό
863 2009 1022 2099 πρόςωπον
1034 2021 1084 2099 τῆς
1101 2019 1154 2100 γῆς
1167 2021 1197 2081 ἐν
1210 2027 1274 2093 τοῖς
1286 2042 1346 2080 πο-

102 2102 156 2166 καὶ
168 2097 328 2184 ἀνέστρεψε
340 2097 502 2180 πάσαντην
513 2095 708 2183 δυναμινἈρ-
743 2099 773 2161 σί
790 2100 842 2180 τῆς
859 2094 1009 2180 δυνάμεώς
1024 2125 1089 2203 μου.
1115 2103 1167 2164 καὶ
1183 2096 1272 2164 διόσω
1290 2097 1347 2163 αῦ-

104 2180 218 2266 φαξάδ,
239 2185 290 2246 καί
301 2186 403 2246 πᾶσαν
422 2178 477 2265 τὴν
493 2185 590 2247 ἵππον
603 2178 709 2256 αὐτοῦ,
742 2177 813 2254 τούς
832 2184 871 2254 εἰς
887 2181 1056 2266 διαρπαγην
1074 2180 1191 2257 αὐτοῖς,
1218 2183 1298 2246 8καὶ
1315 2186 1347 2246 οἳ

103 2268 155 2332 καὶ
166 2260 267 2330 πάντα
279 2263 319 2329 τά
331 2259 451 2368 άρματα
465 2262 577 2340 αὐτοῦ,
617 2263 646 2306 ¹⁴
658 2266 710 2328 καί
741 2269 921 2348 τραυματίαι
952 2263 1051 2328 αὐτῶν
1075 2262 1269 2347 πληρώσουσι
1291 2263 1347 2339 τας

102 2354 245 2436 ἐκυρίευσε
257 2354 319 2413 τῶν
330 2344 561 2413 πολεωναῦτοῦ.
573 2349 624 2411 καί
636 2344 709 2428 άφί-
741 2341 898 2431 φάραγγας
910 2347 1042 2422 καὶτοὺς
1053 2350 1223 2450 χειμάρρους
1235 2346 1344 2412 αὐτῶν.

102 2458 169 2498 κετο
196 2436 251 2506 ἕως
273 2427 471 2518 Ἐκβατάνων,
496 2433 547 2496 καί
569 2426 710 2514 ἐκράτησε
740 2431 791 2491 καὶ
808 2452 891 2493 ποτα
913 2426 946 2504 ὸς
963 2433 1125 2508 ἐπικλυζων
1149 2444 1211 2507 τοῖς
1232 2443 1347 2518 νεκροῖς

102 2520 163 2581 τῶν
187 2510 322 2600 πύργων,
360 2517 412 2579 καὶ
436 2512 630 2597 ἐπρονόμευσε
654 2513 708 2588 τὰς
741 2509 841 2576 αὐτῶν
863 2457 1102 2598 πληρωθήσεται.
1115 2518 1188 2579 9καί
1208 2515 1271 2593 άξω
1292 2512 1347 2614 την

102 2599 245 2673 πλατείας
259 2596 368 2682 αὐτῆς,
393 2598 509 2662 καὶτὸν
521 2595 635 2681 κόσμον
648 2594 708 2660 αύ·
741 2595 944 2679 αἶχμαλωσίαν
958 2596 1058 2662 αὐτῶν
1076 2601 1127 2664 ἐπὶ
1139 2599 1179 2663 τά
1193 2597 1273 2682 άκρα
1283 2624 1347 2662 πα-

101 2686 156 2764 τῆς
168 2685 273 2763 ε’·’θηκεν
291 2686 330 2755 είς
348 2680 459 2754 ὄνειδος
477 2679 577 2765 αὐτῆς.
617 2680 709 2743 16καὶ
743 2705 795 2761 σης
812 2683 864 2760 τῆς
879 2683 940 2763 γῆς.
974 2683 1003 2725 ¹⁰
1017 2679 1054 2745 σύ
1072 2681 1105 2746 δὲ
1123 2681 1254 2758 ἐξελθὼν
1270 2706 1347 2764 προ-

103 2765 194 2848 ἔλαβε
207 2759 421 2848 τόνἈρφαξάδ
429 2766 459 2824 ἐν
470 2774 534 2836 τοῖς
547 2764 627 2846 ὄρεσι
635 2758 705 2826 Ῥα-
744 2757 903 2852 καταλήψῃ
916 2787 967 2845 μοι
985 2768 1047 2828 πῦν
1063 2762 1147 2849 όριον
1159 2764 1271 2839 αὐτῶν,
1296 2768 1345 2826 καί

101 2850 171 2923 γαῦ,
197 2846 249 2907 καὶ
264 2845 470 2926 κατηκόντισεν
488 2843 582 2909 αὐτόν
600 2847 631 2907 ἐν
642 2854 709 2919 ταῖς
741 2840 905 2908 ἐκδάσουσί
915 2870 961 2909 σοι
980 2846 1117 2923 ἑαυτούς,
1142 2850 1193 2911 καί
1205 2842 1347 2930 διατηρη-

103 2924 228 3033 ζιχδύναις
242 2924 346 3001 αὐτοῦ,
360 2927 412 2989 καὶ
423 2923 639 3012 ἔξαλόθρευσεν
651 2925 708 2991 αῦ-
743 2951 799 2999 σεις
822 2928 888 3010 ἐμοὶ
909 2927 1019 3004 αύτούς
1041 2935 1079 3006 είς
1102 2927 1212 3013 ἡμέραν
1224 2932 1346 3011 ίλεγμοῦ

102 3034 158 3077 τον
183 3013 237 3083 θος
258 3013 312 3093 τῆς
338 3006 447 3092 ἡμέρας
472 3012 587 3091 ἐκείνης.
617 3012 647 3052 ¹⁶
658 3011 709 3073 καὶ
742 3008 851 3073 αὐτῶν.
882 3014 907 3051 ¹¹
920 3015 971 3076 ἐπὶ
995 3012 1028 3077 δὲ
1049 3011 1120 3087 τούς
1143 3012 1345 3084 ἀπειθοῦντας

103 3092 264 3175 άνέστρεεμε
280 3089 337 3175 μετ’
359 3088 459 3157 αῦτιῦν
476 3090 569 3166 αὐτὸς
586 3093 636 3156 καί
648 3097 709 3167 πάς
743 3090 778 3156 ού
794 3099 921 3172 φείσεται
942 3091 960 3158 ό
978 3092 1136 3175 ὀφθαλμός
1149 3119 1214 3167 σου,
1241 3093 1345 3157 δοῦναι

104 3173 121 3241 ό
143 3171 299 3257 σύμμικτος
316 3170 428 3249 αῦτοῦ,
453 3175 573 3258 πλῆθος
592 3172 709 3260 ἀνδρῶν
743 3173 852 3250 αύτούς
866 3182 904 3253 εἷς
916 3174 1011 3258 φόνον
1022 3178 1073 3238 καί
1085 3173 1225 3277 ἆρπαγην
1239 3178 1270 3240 ἐν
1282 3173 1344 3240 πά-

105 3258 293 3342 πολεμιστιῦν
306 3253 386 3322 πολύ
400 3254 526 3343 σφόδρα.
541 3262 592 3323 καὶ
605 3259 641 3338 ἠν
653 3261 712 3324 ἐκεῖ
744 3285 781 3340 οη
794 3264 830 3342 τῆ
847 3265 886 3343 γῆ
899 3285 959 3324 σου.
991 3253 1072 3320 12ότι
1085 3261 1142 3333 ζῶν
1154 3260 1224 3334 ἐγω,
1238 3261 1289 3322 καὶ
1308 3260 1345 3322 τὸ

105 3347 252 3448 ραθυμιῦν
270 3343 321 3406 καί
338 3337 535 3425 εὐωχούμενος
554 3340 647 3418 αὐτός
659 3344 710 3406 καὶ
743 3332 853 3426 κράτος
868 3333 922 3428 Ιτῆς
938 3340 1087 3429 βασιλείας
1102 3367 1169 3422 μου,
1194 3338 1346 3424 λελάληκα

105 3453 124 3508 η
142 3424 265 3510 δύναμις
286 3422 382 3491 αὐτοῦ
406 3423 449 3506 ἐφ’
477 3421 585 3512 ἡμέρας
602 3425 709 3494 ἑκατόν
743 3429 792 3489 καί
806 3423 923 3530 ποιησω
936 3430 1033 3491 ταῦτα
1046 3428 1077 3489 ἐν
1087 3432 1160 3510 χειρί
1172 3451 1239 3506 μου.
1260 3427 1349 3490 13καὶ

106 3512 205 3578 εἴκοσι.
744 3507 780 3571 σύ
795 3507 828 3572 δὲ
842 3535 878 3573 ου
889 3505 1049 3596 παραβηση
1061 3514 1091 3573 ἕν
1101 3535 1129 3573 τι
1139 3513 1199 3574 τοῦν
1208 3505 1349 3592 ῥημάτων

297 3599 370 3658 ΚΕ
383 3598 421 3657 Φ.
464 3591 521 3658 Β’.
743 3597 797 3654 τοῦ
812 3599 916 3675 κυρίου
929 3619 995 3668 σου,
1009 3583 1072 3658 ἀλλ’
1098 3593 1240 3658 ἐπιτελῶν
1252 3596 1347 3656 ε’πιτε-

107 3643 192 3739 Καὶ
208 3679 238 3740 ίν
253 3681 297 3760 τῷ
314 3680 370 3741 ἔτει
394 3680 439 3759 τῷ
456 3674 709 3760 ὀκτωκαιδεκάτῳ,
743 3672 958 3749 λέσεις,καθότι
969 3671 1159 3762 προςτέταχά
1172 3700 1230 3749 σοι,
1243 3675 1294 3737 καί
1307 3672 1345 3737 ού

105 3759 225 3841 δευτέρᾳ
240 3765 290 3824 καὶ
302 3756 393 3823 εἰκάδι
406 3764 462 3823 τοῦ
475 3758 598 3841 πρώτου
610 3756 709 3844 μηνός,
742 3770 897 3842 μακρυνεῖς
915 3763 972 3822 τοῦ
994 3763 1118 3843 ποιησαι
1137 3755 1226 3822 αύτά.
1254 3756 1349 3820 14καί

107 3841 219 3914 ἐγένετο
232 3839 320 3918 λόγος
337 3844 367 3904 ἐν
385 3841 459 3923 οἴκῳ
472 3841 710 3929 Ναβουχοδονό·
744 3842 867 3923 ἐξῆλθεν
888 3841 1071 3927 Ὀλοφέρνης
1096 3838 1161 3906 άπό
1185 3839 1349 3925 προςιόπου

105 3945 160 4004 σορ
184 3923 329 4007 βασιλέως
349 3922 522 4005 Ἀσσυρίων,
561 3925 708 4006 ἐκδικῆσαι
743 3928 799 3987 τοῦ
811 3932 913 4005 κυρίου
932 3924 1044 4002 αὐτοῦ,
1070 3928 1122 3989 καί
1141 3921 1259 3989 ἐκάλεσε
1271 3918 1349 3987 πάν-

104 4009 205 4068 πᾶσαν
218 4004 271 4089 τὴν
282 4010 336 4088 γῆν
353 4003 458 4079 καθώς
470 4003 606 4090 ἐλάλησε.
632 4009 709 4071 2καί
743 4030 797 4079 τας
809 4010 879 4081 τούς
892 4004 1048 4085 δυνάστας,
1075 4011 1126 4073 καὶ
1138 4008 1209 4082 τούς
1222 4024 1349 4091 στρατη·

104 4082 270 4152 συνεκάλεσε
291 4083 407 4161 πάντας
426 4087 497 4162 τούς
519 4084 709 4173 θεράποντας
740 4088 813 4165 γούς
825 4094 875 4155 καὶ
889 4089 1054 4168 ἐπιστάτας
1063 4096 1116 4175 τῆς
1128 4087 1349 4171 δυνάμεωςἈσ-
1381 4144 1384 4148 Α

105 4166 215 4244 αὐτοῦ,
241 4173 294 4234 καὶ
310 4165 426 4244 πάντας
442 4171 513 4245 τούς
530 4181 708 4253 μεγιστᾶνας
742 4171 825 4258 σούρ,
850 4175 877 4217 ¹⁵
891 4177 942 4240 καί
954 4173 1118 4259 ἠρίθμησεν
1130 4169 1282 4246 ἐκλεκτούς
1295 4170 1348 4235 άν·

105 4249 216 4328 αὐτοῦ,
242 4255 293 4317 καί
309 4254 397 4315 ἔθετο
415 4250 472 4331 μετ’
490 4253 588 4316 αὐτῶν
606 4251 642 4319 τό
653 4281 705 4335 μυ-
740 4255 813 4337 δρας
825 4262 864 4332 εἰς
876 4256 1055 4342 παράταξιν,
1079 4252 1192 4322 καθότι
1205 4255 1349 4319 ε’κελευσεν

105 4334 226 4420 στηριον
240 4340 292 4418 τῆς
304 4332 414 4419 βουλῆς
432 4331 536 4398 αὐτοῦ.
564 4339 616 4401 καί
628 4362 708 4402 ουνε-
741 4337 824 4404 αῦτιῦ
837 4339 855 4404 ὁ
868 4337 969 4422 κύριος
982 4344 1079 4406 αὐτοῦ
1098 4345 1137 4413 είς
1148 4337 1291 4423 μυριάδας
1303 4337 1350 4401 δε-

103 4419 200 4484 τελεσε
219 4424 321 4484 πᾶσαν
338 4413 392 4500 τὴν
416 4420 520 4481 κακίαν
539 4424 590 4504 τῆς
606 4424 659 4503 γῆς
677 4425 708 4485 ἐκ
741 4405 845 4496 καάύο,
872 4428 923 4488 καί
949 4430 1048 4497 ἱππεῖς
1073 4422 1202 4497 τοξότας
1220 4427 1350 4524 μυρίους

103 4508 156 4568 τοῦ
175 4499 323 4589 στόματος
341 4499 446 4568 αὐτοῦ.
478 4501 555 4569 8καί
571 4501 660 4570 αὐτοὶ
676 4506 708 4568 ἔ-
741 4505 915 4592 διςχιλίους,
946 4508 975 4550 ¹⁶
987 4508 1040 4572 καί
1052 4506 1179 4578 διέταξεν
1193 4528 1305 4578 αυτους
1317 4499 1352 4567 όν

1235 4583 1352 4671 τρόπον
