2924 4972
314 162 676 232 ΜΑΚΚΑΒΑιειΝ
696 167 898 228 νΡινοΣ·
919 166 997 242 Κεφ.
1011 154 1091 238 εἰς’.
1105 161 1134 226 5.
1148 160 1179 226 6.
1266 159 1351 227 1019

108 282 271 388 ἐπισκοπήν
301 288 362 348 τῶν
385 282 541 344 Ἰουδαίων
571 282 602 344 ἐν
628 277 714 362 αύτῷ
746 304 803 353 τες,
816 283 957 362 οἰκτεῖραι
967 278 1041 360 μετά
1055 282 1229 360 ἐπιφανείας
1241 274 1352 351 αύτούς

107 367 271 453 μεταβολάς
294 370 345 449 τής
366 366 463 446 ψυχῆς
484 359 554 444 παρ’
579 359 665 427 οὐδέν
677 361 714 444 ή-
747 360 805 446 ήδη
825 361 903 446 πρὸς
920 357 1031 434 πύλαις
1048 358 1125 443 ᾅδου
1138 364 1340 436 καθεστῶτας.

107 448 265 535 γοόμενος,
279 439 712 531 ἀτελέστατονέβεβαίωσενὸρ-
775 452 788 479 ⁰
952 448 985 506 K
997 449 1026 506 Ε
1039 448 1076 506 Φ.
1119 440 1154 518 ς’.

108 558 170 611 κον,
188 526 362 615 ὁρισάμενος
381 525 508 602 τούτους
519 528 571 611 μέν
589 525 712 612 ἀνυπερ·
751 496 939 612 Ελεύζαρος
952 527 987 591 δέ
998 552 1042 602 τις
1052 523 1129 608 ἀνήρ
1143 529 1280 611 ἐπίσημος
1290 530 1353 592 τῶν

107 622 207 690 θέτως
219 616 345 696 πέμψειν
358 617 398 686 εἰς
416 608 490 694 ᾅδην
502 615 532 675 ἐν
543 608 649 687 γόνασι
663 612 715 675 καὶ
746 609 810 676 ἀπὸ
824 616 875 696 τῆς
885 608 984 694 χώρας
996 612 1137 695 ἱερέων,έν
1148 615 1289 694 πρεσβείῳ
1299 608 1353 694 τήν

108 701 182 765 ποσὶ
193 702 312 780 θηρίων
325 693 506 778 ήκισμένους,
530 695 712 779 44ἐπιστρα-
748 693 865 780 ήλικίαν
888 695 943 778 ήδη
967 689 1128 776 λελογχώς,
1142 693 1194 755 καὶ
1211 690 1296 775 πάση
1315 698 1352 775 τῆ

109 778 256 846 τεύσαντα
268 780 300 843 δὲ
313 769 361 843 έπί
375 777 428 863 τήν
441 776 594 842 Ἰουδαίαν
610 772 715 842 ίσόπε-
747 777 825 843 κατά
848 775 903 841 τόν
923 781 991 864 βίον
1014 774 1104 867 ἀρετή
1127 761 1352 857 κεκοσμημένοά,

109 867 161 929 δον
174 867 247 949 πυρὶ
259 866 310 928 καὶ
323 863 426 947 δόρατι
444 858 597 944 θήσεσθαι
610 855 715 924 διατά-
747 860 819 936 τοὺς
830 862 900 946 περὶ
912 858 1006 925 αὐτόν
1019 858 1212 932 καταστείλας
1224 861 1353 943 πρεσβυ-

108 973 185 1033 χους,
199 948 250 1012 καί
263 939 628 1030 τὸνάβατοναύτῶυήμῖν
641 941 716 1007 ναὸν
748 945 850 1029 τέρσυς
868 943 1076 1009 ἐπικαλεῖσθαι
1100 942 1154 1006 τὸν
1175 938 1262 1018 ἀγιον
1279 938 1353 1004 θεὸν

109 1033 180 1135 πυρὶ
192 1031 307 1114 πρηνέα
320 1032 351 1093 έν
363 1025 452 1112 τάχει,
479 1029 601 1091 καὶτῶν
614 1049 715 1090 συντι-
748 1029 936 1112 προςηύξατο
948 1022 1028 1092 τάδε.
1067 1029 1081 1067 ²
1093 1025 1214 1110 βασιλεῦ
1226 1025 1352 1108 μεγαλο-

110 1115 246 1180 λουντων
256 1114 544 1194 ἐκεῖθυσίαςέρημον
554 1107 607 1173 τὸν
617 1104 716 1172 άπαν-
747 1107 877 1215 κράτωρ,
905 1107 1023 1192 ύψιοτε,
1049 1103 1268 1192 παντοκράτωρ
1286 1106 1349 1184 θεέ,

111 1224 149 1262 τα
161 1193 268 1281 χρόνον
280 1192 482 1277 καταστήσειν.
508 1193 542 1235 44
555 1189 624 1256 τότε
635 1217 715 1275 περι·
749 1217 802 1277 την
814 1199 916 1259 πᾶσαν
932 1195 1129 1280 διακυβερνῶν
1147 1197 1180 1256 έν
1192 1196 1353 1273 οίκτιρμοῖς

109 1293 205 1365 χωρεῖς
219 1279 419 1352 ἀναλύσαντες
437 1281 469 1341 οἴ
482 1276 564 1357 φίλοι
577 1276 629 1339 καὶ
643 1299 716 1351 συγ-
749 1283 853 1352 κτίσιν,
880 1279 894 1319 ³
908 1278 987 1342 έπιδε
1005 1279 1055 1341 ἐπὶ
1068 1274 1205 1381 Ἀβραὰμ
1224 1271 1353 1359 σπέρμα,

110 1378 197 1441 γενεῑς
221 1363 295 1445 μετὰ
319 1370 458 1438 πίστεως,
482 1361 640 1424 διέτασσον
662 1355 716 1431 τάς
749 1356 1090 1445 ἐπίήγιασμένουτέκνα
1108 1360 1220 1445 Ιακώβ,
1237 1358 1353 1442 μερίδος

111 1444 242 1529 δυνάμεις
260 1449 310 1511 ἐπὶ
327 1444 396 1520 τούς
414 1442 646 1528 εὐκαιροτάτους
663 1437 716 1504 τό·
750 1439 924 1548 ήγιασμένης
937 1467 994 1509 σου
1007 1441 1082 1507 λαὸν
1094 1447 1125 1509 έν
1138 1438 1206 1534 ξένη
1219 1447 1257 1534 γῇ
1271 1438 1354 1518 ξένον

111 1556 187 1604 πους
198 1535 251 1614 τῆς
268 1525 384 1602 πόλεως
402 1528 480 1613 πρὸς
492 1523 623 1612 τήρησιν.
650 1523 681 1567 ⁴⁶
696 1519 714 1589 ὃ
749 1528 858 1603 αδίκως
871 1525 1083 1610 ἀπολλύμενον,
1095 1521 1198 1612 πάτερ.
1211 1524 1270 1589 4σύ
1287 1531 1354 1589 Φα-

111 1614 142 1680 δὲ
161 1611 377 1695 ἕλίθᾱῖϊᾶρῖηῖ
395 1609 434 1674 τὰ
453 1616 549 1694 θηρία
561 1608 663 1714 W&
677 1612 716 1671 tl-
749 1609 815 1695 ραόν
829 1605 1024 1693 πληθύνοντα
1037 1608 1157 1695 δέρμασι,
1171 1611 1279 1693 τοπρὶν
1292 1611 1354 1674 Δί·

110 1709 174 1761 πεῖν
187 1701 225 1769 είς
237 1695 413 1776 κατάστημα
422 1694 563 1775 μανιῶδες
572 1690 715 1774 αγηοχὼς,
748 1692 865 1771 γύπτου
886 1689 997 1778 ταύτης
1014 1691 1170 1777 δυνάστην,
1182 1699 1241 1758 ἐπα
1261 1690 1355 1757 θέντα

111 1775 321 1852 εὐωδεστάτοις
343 1776 477 1860 πόμασιν
497 1776 579 1840 οἴνου
601 1773 715 1858 λελιβα-
749 1775 851 1861 ἀνόμῳ
865 1777 969 1862 θράσει
982 1779 1033 1840 καὶ
1044 1718 1355 1861 γλάσσημεγαλοῤῥή-

112 1865 242 1944 νωμένου
285 1864 423 1946 φοβεροῖς
464 1861 716 1938 κατεσκευασμένα
748 1856 1123 1944 μονι,σὺντήύπερηφάνῳ
1139 1849 1267 1945 ότρατιᾷ
1279 1883 1355 1924 πον-

112 1957 239 2020 σκευαῖς,
268 1945 301 1988 44
314 1947 382 2029 περὶ
394 1942 449 2027 τήν
462 1949 513 2019 έω,
536 1944 588 2025 τῆς
600 1937 717 2015 πόλεως
750 1940 842 2031 τοβρό
860 1930 1103 2019 σνς’ἀπιόλεσας,
1118 1939 1228 2048 φέγγος
1245 1938 1355 2024 ἐπιφά-

111 2029 167 2112 ήδη
180 2026 326 2130 πλήθεσιν
339 2023 555 2113 ἀναριθμήτοις
567 2023 647 2090 κατά
660 2028 716 2088 τοῦ
751 2053 802 2104 νας
827 1970 928 2102 ἐλέους
950 2025 1073 2112 Ἰσραήλ
1097 2052 1182 2104 γενει.
1213 2025 1277 2091 4σύ
1303 2023 1356 2090 τὸν

111 2113 298 2190 ἱπποδρομου
316 2112 617 2194 καταμεμεστωμένης,
631 2108 716 2183 είςελ-
752 2108 966 2198 ἀναριθμήτοις
990 2108 1128 2196 δυνάμεσι
1156 2104 1356 2196 γαυρωθέντα

112 2191 180 2257 θὼν
194 2196 235 2264 εἲς
246 2187 469 2272 τήναύλ“νέπί
482 2193 517 2254 τὸ
530 2198 718 2274 προκείμενον
751 2197 946 2278 Σενναχηρεὶμ
969 2192 1069 2296 βαρύν
1080 2194 1245 2276 Ἀσσυρίων
1269 2196 1356 2277 βασι-

113 2275 224 2360 οότρυνε
236 2271 291 2336 τὸν
303 2218 435 2358 βασιλέα.
458 2269 514 2336 4Ὶὸ
527 2272 560 2334 δὲ
572 2269 647 2362 ὀργή
660 2275 716 2356 βα-
752 2273 817 2349 λέα,
830 2274 936 2359 δόρατι
944 2300 997 2358 την
1005 2279 1108 2339 πᾶσαν
1119 2273 1287 2358 ὑποχείριον
1300 2275 1356 2359 ήδη

113 2366 175 2444 ρείᾳ
189 2363 305 2439 γεμίσας
320 2356 440 2439 δυςσῖβη
454 2360 548 2440 φρένα
570 2354 661 2417 παντί
672 2355 717 2434 τῷ
752 2356 887 2443 λαβόντα
905 2361 969 2440 γῆν,
997 2360 1048 2421 καί
1059 2354 1293 2441 μετεωρισθέντα
1306 2360 1356 2421 ἐπί

111 2438 193 2529 βάρει
207 2441 261 2507 σύν
272 2451 337 2513 τοῖς
349 2442 470 2522 θηρίοις
482 2432 638 2537 ἐξάρμηρε,
649 2439 718 2538 βου·
752 2438 805 2545 τήν
817 2436 906 2518 ἁγίαν
920 2465 975 2505 σου
987 2438 1087 2516 πόλιν,
1095 2438 1192 2525 βαρέα
1204 2440 1357 2505 λαλοῦντα

112 2523 233 2606 λόμειος
246 2522 375 2608 ἀτρώτῳ
388 2521 497 2604 καρδίᾳ
510 2521 561 2584 καὶ
573 2543 675 2602 novate
688 2542 717 2581 ο·
751 2549 859 2607 κομπῳ
883 2525 935 2588 καὶ
947 2519 1068 2609 θράσει,
1081 2520 1217 2590 δέσποτα
1242 2526 1356 2607 ἔθραυ-

112 2606 266 2691 φθαλμῶῖ
291 2602 469 2671 θεάσασθαι
497 2601 553 2687 τήν
577 2605 719 2667 έπῖποῖον
753 2633 817 2683 σας,
843 2606 965 2690 ἔκδηλον
983 2604 1094 2682 δεικνὺς
1111 2610 1210 2672 ἔθνεσι
1228 2607 1357 2681 πολλοῖς

112 2693 163 2755 καί
179 2690 374 2775 ταλαίπωρον
398 2694 459 2752 τῶν
475 2687 718 2771 προσεσημαμμέ-
752 2688 789 2756 τὸ
809 2687 863 2756 σὸν
884 2687 1001 2774 κράτος.
1028 2689 1092 2755 4σὺ
1114 2688 1185 2765 τοὺς
1206 2686 1285 2755 κατὰ
1303 2687 1340 2792 τή

113 2799 170 2839 νων
188 2769 410 2859 καταστροφήν.
436 2772 470 2814 44
483 2772 524 2846 ὡς
539 2768 572 2835 δὲ
584 2773 645 2834 τῶν
657 2769 719 2833 ἕλι-
752 2774 953 2860 Βαβυλοννίαν
968 2785 1044 2877 τρεῖς
1058 2776 1204 2859 ἑταίρους,
1218 2774 1357 2859 πυρίτην

113 2856 235 2941 φάντων
248 2855 385 2933 ἐξιόντων
405 2857 473 2940 περὶ
485 2850 591 2957 πύλην,
604 2852 719 2935 καὶτῆς
753 2857 850 2943 ψυχήν
866 2854 1055 2942 αύθαιρετως
1077 2853 1243 2932 δεδωκότας
1262 2861 1302 2931 είς
1319 2856 1356 2921 τὸ

113 2945 313 3025 συνεπομένης
338 2936 469 3006 ἐνόπλου
495 2939 719 3021 δυναμεας,τῆς
752 2940 791 3025 μή
818 2941 978 3025 λατρεῦσαι
1002 2953 1066 3017 τοῖς
1089 2953 1187 3019 κενοῖς,
1209 2937 1356 3025 διάπυρον

113 3051 144 3091 τε
169 3031 225 3089 τοῦ
251 3020 391 3108 πλήθους
415 3028 538 3107 πορείας
563 3019 719 3105 κονιορτὸν
752 3025 893 3130 δροσίσας
916 3021 1042 3107 κάμινον
1070 3019 1185 3111 ἐῤῥύσω
1197 3027 1280 3109 μέχρι
1292 3049 1355 3106 τρι.Ι

114 3105 239 3181 ἰδόντες,
265 3110 315 3171 καὶ
328 3109 461 3191 βαρυηχῆ
475 3101 611 3189 θόρυβον
624 3098 720 3169 ἀκού·
750 3133 803 3193 χος
815 3102 1016 3191 ἀπημάντους,
1024 3108 1125 3190 φλόγα
1136 3110 1226 3173 πᾶσιν
1238 3110 1357 3189 ἐπιπέμ·

114 3215 216 3265 σαντες
227 3194 257 3254 οί
266 3189 422 3264 Ἰουδαῖοι,
460 3188 493 3230 44
507 3184 582 3252 ύστά
622 3192 718 3275 νβίου
752 3210 814 3273 φας
837 3202 901 3267 τοῖς
926 3188 1114 3267 ὑπεναντίοις.
1143 3187 1274 3258 ι’σδτδν
1291 3191 1356 3255 δια-

112 3273 207 3362 ῥοπήν
219 3271 322 3348 αὐτοῖς
335 3275 444 3356 ἐκείνην
449 3267 585 3348 δόξαντες
597 3297 610 3336 ε
623 3296 670 3336 ναι
681 3267 718 3336 τό
750 3275 856 3362 βολαῖς
865 3271 985 3356 φθόνου
994 3275 1095 3341 λέουσι
1106 3273 1184 3340 κατά
1193 3279 1247 3359 γῆς
1256 3277 1357 3377 ῥιφέν-

112 3357 198 3433 τέλος
230 3362 282 3442 τῆς
312 3352 506 3439 ἀθλιωτάτης
530 3357 718 3439 προςδακίας,
752 3386 791 3424 τα
804 3360 899 3461 θηρσί
916 3356 1012 3442 βοράν
1030 3357 1193 3438 Δανιήλελς
1206 3352 1357 3440 φῶςοινή·

112 3447 151 3515 είς
164 3440 266 3504 ολκτον
277 3441 329 3502 καὶ
344 3437 436 3515 γόους
448 3443 615 3520 τραπέντες,
632 3462 718 3502 κατε-
750 3465 838 3519 γαγες
851 3445 945 3523 ασινή.
971 3436 1047 3506 4τόν
1059 3465 1091 3504 τε
1102 3443 1311 3526 βυθστρεφοῦς
1324 3441 1357 3506 ἐν

113 3527 218 3606 φίλουν
236 3521 384 3607 ἀλλήλους
402 3519 637 3608 περιπλεκόμενοι
655 3532 719 3596 τοῖς
750 3527 860 3610 γαστρὶ
873 3521 981 3607 κήτους
990 3521 1096 3589 Ἰωνάν
1107 3518 1264 3608 τηκόμενον
1276 3520 1357 3604 ἀφει·

114 3612 276 3686 συγγενέσιν
287 3609 336 3671 ἐπὶ
350 3604 423 3680 τοὺς
440 3601 605 3690 τραχήλους
617 3609 718 3670 ἔπιπί-
752 3610 810 3681 δυ’νς
835 3603 1008 3693 ἀπήμαντον
1015 3612 1109 3673 πᾶσιν
1121 3611 1237 3680 οίκείοις
1249 3603 1357 3671 ἀνέδει-

113 3717 245 3768 πτοντες,
271 3700 365 3767 γονεῖς
378 3691 464 3754 παισὶ
477 3690 527 3751 καὶ
538 3692 660 3773 μητέρες
674 3712 718 3751 νι-
753 3693 806 3766 ξας
817 3688 922 3775 πάτερ.
949 3692 965 3734 ⁹
978 3693 1029 3756 καὶ
1041 3695 1095 3756 νῦν
1105 3689 1233 3778 μισύβρι,
1245 3685 1357 3755 nolui.

114 3772 218 3852 άνισιν,
252 3780 349 3860 ἕτεραι
374 3771 405 3837 δέ
428 3771 533 3849 νεογνά
559 3771 636 3857 πρὸς
660 3797 719 3853 μα·
754 3774 808 3850 λεε,
834 3779 895 3838 τῶν
917 3769 999 3839 ὅλων
1020 3771 1187 3849 σκεπαστά,
1212 3772 1249 3839 τὸ
1268 3769 1358 3856 τάχος

114 3857 203 3934 σιούς
219 3862 337 3944 ἔχουσαι
361 3859 457 3942 βρέφη
480 3855 651 3920 τελευταῖον
665 3854 719 3919 έλ-
753 3852 917 3942 ἐπιφάνηθι
940 3868 1004 3933 τοῖς
1022 3855 1084 3922 ἀπὸ
1107 3855 1228 3940 Ἰσραήλ
1245 3852 1358 3934 γένους,

114 3969 204 4009 κοντα
216 3941 305 4020 γάλα.
333 3937 412 4004 40ού
433 3937 492 4022 μήν
513 3936 545 4002 δὲ
565 3937 644 4004 ἀλλά
669 3939 719 4002 καὶ
753 3937 815 4005 ὑπὸ
834 3940 867 4005 δὲ
885 3936 1102 4026 έβδελυγμένων
1120 3935 1240 4023 ἀνόμων
1258 3943 1358 4004 ἐθνῶν

114 4026 165 4101 τάς
178 4031 345 4112 ἔμπροσθεν
357 4021 458 4088 αὐτῶν
468 4025 654 4104 γεγενημένας
665 4019 718 4086 ἀν·
755 4021 960 4110 ένβριζομένοις.
974 4025 1016 4081 .¹⁰
1029 4029 1052 4087 εί
1069 4021 1102 4088 δὲ
1120 4022 1267 4109 ἀσεβείαις
1278 4023 1358 4088 κατά

115 4109 289 4191 τιλήηιειςέξ
306 4107 437 4189 ούρανοῦ
455 4102 629 4182 συνιδόντες,
640 4131 718 4190 πρη-
753 4105 808 4190 τήν
820 4106 961 4171 ἀποικίαν
978 4103 995 4169 ὃ
1015 4111 1081 4193 βίος
1099 4102 1181 4191 ήμῶν
1194 4102 1357 4190 ένέοχηται,

115 4200 168 4262 νεῖς
175 4188 368 4276 ὁμοθυμαδὸν
381 4194 522 4277 ῥίψαντες
533 4190 659 4265 ἑαυτοὺς
671 4193 719 4254 καί
754 4187 914 4296 ῥυσάμενος
938 4187 1014 4272 ήμᾶς
1032 4189 1096 4255 ἀπὸ
1115 4195 1232 4335 έχθρρὸν
1250 4187 1357 4274 χειρὸς,

114 4271 720 4360 τὰνήπιαχωρίσαντεςτῶνμαστοῖν,44ἀν-
754 4278 941 4359 ωςπροαιρή
959 4271 1094 4337 δέσποτα
1110 4269 1174 4337 ἀπό
1207 4295 1261 4338 σον
1280 4269 1359 4355 ἡμᾶς

113 4357 237 4462 εβόησαν
249 4363 334 4448 φωνῇ
342 4355 454 4448 μεγάλη
468 4351 598 4440 σφόδρα,
610 4353 720 4440 τόντής
752 4354 847 4443 μόρῳ.
873 4360 896 4399 ¹¹
910 4347 951 4440 μή
966 4367 1030 4430 τοῖς
1041 4361 1179 4439 ματαίοις
1193 4357 1224 4420 οδ
1235 4350 1358 4438 ματαιό·

112 4466 232 4525 απασης
245 4436 392 4519 δυνάμεως
415 4437 560 4524 δυνάστην
573 4435 719 4505 ίκετεύον-
753 4465 859 4527 φρονες
881 4437 1133 4525 εύλογησάτωσαν
1158 4439 1209 4504 ἐπὶ
1233 4439 1271 4532 τῇ
1288 4441 1358 4542 ,τῶν

1283 4547 1357 4603 υνν-
