2924 4972
393 222 414 279 Ι
426 219 452 276 Ε
463 218 532 276 PE
543 219 587 276 M
596 213 653 276 ΙΑ
664 217 696 273 Σ
735 216 812 288 Κεφ.
828 206 877 276 ιδ’.
892 205 934 274 ιε’.
952 205 999 275 14.
1017 211 1065 274 15.
1283 201 1350 268 829

106 333 159 395 καί
174 327 255 411 λιμός
273 323 328 393 οῦκ
347 330 431 393 ἐσται
445 329 495 390 ἐπὶ
506 329 559 408 τής
570 328 625 405 γῆς
637 319 711 388 ταύ-
750 325 801 387 καί
810 321 880 397 τοῦς
892 318 983 396 κύνας
995 326 1034 396 εἰς
1043 319 1242 404 διασπασμόν,
1255 324 1305 385 καὶ
1316 321 1355 387 τὰ

108 415 206 495 της,ἐν
215 406 340 491 θανάτῳ
349 412 460 493 νοτερῷ
469 406 710 480 ἀποθανοῦνται,
750 411 844 491 θηρία
856 409 908 488 τής
919 409 974 488 γής
991 409 1043 469 καί
1053 402 1091 468 τά
1104 404 1219 468 πετεινά
1231 409 1288 468 τοῦ
1301 404 1355 468 οῦ-
1404 431 1408 440 ’

108 498 159 559 καὶ
170 498 200 558 ἐν
211 495 288 577 λιμῶ
301 485 587 574 συντελεσθήσονται
598 493 627 554 οἱ
634 514 709 574 προ-
750 492 844 573 ρανοῦ
855 494 894 563 εἰς
905 492 1016 574 βρῶσιν
1029 488 1080 552 καί
1090 482 1270 569 διαφθοράν.
1282 486 1355 560 4καί

108 583 201 661 φήται
225 576 318 639 1οκαὶ
335 571 454 648 ὁλαός,
480 572 523 646 οίς
536 571 712 656 αύτοίπρο-
749 567 922 656 παραδώσω
948 567 1059 644 αύτούς
1082 574 1121 644 εὶς
1140 569 1270 647 ἀνάγκας
1291 573 1355 634 πά-

108 655 284 743 φητεύουσιν
303 654 421 731 αὐτοῖς,
449 657 500 720 καὶ
518 659 638 720 ἔσονται
662 657 712 739 ἐρ·
751 680 816 728 σαις
829 665 894 728 ταῖς
911 653 1069 740 βασιλείαις
1086 653 1264 735 τήςγήςδιά
1278 661 1356 718 Μα-

109 745 238 846 ριμμένοι
262 744 293 803 ἐν
315 750 381 814 ταῖς
406 737 487 814 ὁδοῖς
506 733 644 823 Ἶερουσα
669 734 711 818 “μ,
751 743 844 820 νασσή
864 737 1069 839 υῖόνἘξικίου
1084 736 1229 820 βασιλέως
1241 731 1355 816 Ἰούδα,

108 851 171 889 απο
187 817 348 907 προςῶπου
360 826 505 906 μαχαίρας
522 823 573 886 καί
591 825 648 887 τοῦ
684 847 712 884 ι-
749 821 817 905 περί
828 815 952 884 πάντων
963 846 1006 885 ων
1019 823 1156 901 ἐποίησεν
1166 822 1196 884 ἐν
1203 815 1356 906 Ἰερουσα-

106 912 177 987 μοῦ,
190 907 241 971 καί
257 903 312 970 οῦκ
325 908 409 969 ἔσται
422 901 439 970 ὁ
452 899 583 970 θάπτων
593 900 711 978 αύτούς,
751 901 817 1006 λήμ.
844 903 858 946 ⁵
872 907 916 978 τίς
928 908 1060 982 φείσεται
1076 904 1126 966 ἐπὶ
1141 905 1190 967 σοί
1203 899 1353 988 Ἶερουσα.

108 991 159 1053 καί
171 993 204 1053 αί
214 999 348 1066 γυναῖκες
361 985 471 1064 αὐτῶν,
483 990 534 1052 καί
546 991 577 1052 οἶ
586 989 646 1052 υῖοί
655 983 712 1050 αύ-
751 987 824 1071 λημς
850 988 901 1050 καί
919 992 963 1060 τίς
980 979 1116 1051 δειλιάσει
1128 986 1179 1049 ἐπί
1191 991 1254 1066 σοίς
1279 984 1299 1090 ή
1311 993 1356 1062 τίς

106 1077 178 1147 τῶν,
190 1073 242 1136 καὶ
253 1075 288 1135 αἱ
299 1074 463 1155 θυγατέρες
475 1067 585 1145 αὐτῶν,
601 1071 653 1135 καί
664 1071 712 1133 ἐκ·
751 1065 920 1154 ἀνακάμψει
931 1073 970 1144 είς
982 1065 1095 1154 εἰρήνην
1107 1094 1153 1133 σοι
1159 1096 1172 1146 ,·
1199 1070 1215 1112 ⁶
1229 1067 1265 1133 σύ
1280 1094 1355 1136 απε-

106 1159 164 1240 χεῶ
176 1153 221 1219 ἐπ’
236 1151 346 1228 αὐτούς
358 1152 398 1217 τόν
409 1151 488 1218 κακά
500 1150 612 1218 αῦτῶν.
629 1152 713 1217 17ιιαί
751 1147 887 1256 στράφης
898 1177 948 1235 με,
965 1150 1042 1229 λέγει
1054 1149 1160 1237 κύριος.
1187 1149 1284 1217 ὀπίσω
1295 1177 1356 1217 πο-

108 1242 181 1322 έρεῖς
198 1235 274 1322 πρὸς
291 1232 401 1311 αὐτούς
417 1233 472 1302 τὸν
488 1233 579 1314 λόγον
591 1240 711 1302 τοῦτον.
769 1261 855 1328 ευση,
880 1238 932 1301 καί
943 1238 1051 1301 ἐκτενῶ
1062 1233 1115 1338 τήν
1126 1231 1208 1320 χεῖρά
1219 1262 1288 1319 μου,
1305 1239 1357 1302 καί

107 1317 288 1397 καταγάγετε
304 1317 349 1384 ἐπ’
366 1317 546 1402 ὀφθαλμούς
562 1318 645 1401 ὑμῶν
656 1312 712 1383 δά·
750 1262 905 1444 διαφθερῶ
924 1344 971 1395 σε,
995 1321 1047 1384 καὶ
1064 1321 1165 1382 ουκέτι
1181 1317 1281 1404 ἀνήσω
1299 1316 1351 1384 αύ-

108 1430 183 1489 κρυα
195 1402 304 1488 ἡμέρας
320 1404 371 1468 καί
384 1403 502 1480 νυκτὸς,
526 1403 579 1467 καί
590 1399 632 1486 μή
645 1402 709 1467 δια·
749 1399 829 1476 τούς.
881 1403 933 1467 καί
944 1403 1102 1487 διασπερῶ
1112 1398 1222 1476 αῦτούς
1240 1405 1271 1465 έν
1288 1403 1355 1467 δια-

107 1487 286 1561 λιπέτωσαν,
298 1481 346 1550 ότι
359 1493 549 1572 συντρίμματι
559 1489 712 1592 συνετρίβη
751 1489 861 1571 σπορᾷ,
874 1487 905 1550 ἐν
913 1481 1020 1562 πύλαις
1032 1486 1109 1550 λαοῦ
1117 1510 1175 1568 μου
1187 1481 1357 1588 ήτεκνιόθη-

107 1565 246 1654 θυγάτηρ
271 1569 349 1634 λαοῦ
366 1595 436 1652 μου,
460 1571 512 1635 καί
527 1566 625 1655 πληγή
642 1571 712 1633 οδυ-
751 1595 821 1646 σαν,
840 1565 1003 1635 ἀπώλεσαν
1016 1568 1070 1634 τὸν
1081 1563 1156 1632 λαόν
1165 1593 1225 1649 μου
1238 1566 1289 1635 διά
1301 1593 1356 1642 τας

108 1652 183 1737 νηρόι
196 1653 322 1734 σφόδρα.
335 1651 421 1718 18ἐάν
431 1655 545 1730 ἐξελθω
559 1657 598 1728 εἰς
610 1650 647 1718 τὸ
658 1676 712 1717 πε-
750 1659 856 1727 κακίας
882 1651 998 1730 αὐτῶν,
1032 1653 1048 1695 ⁸
1061 1652 1298 1735 ἐπληθύνθησαν
1324 1655 1357 1717 αἶ

107 1738 185 1809 δίον,
210 1738 261 1801 καί
278 1733 344 1801 ἐδοῦ
360 1743 539 1821 τραυματίαι
555 1740 711 1821 μαχαίρας,
748 1743 836 1822 χήραν
848 1733 949 1801 αῦτῶν
962 1733 1037 1820 ὑπὲρ
1050 1733 1105 1819 τήν
1119 1735 1215 1818 ἀμμον
1229 1740 1280 1819 τής
1293 1745 1355 1800 θα-

107 1824 158 1886 καί
170 1817 222 1884 έάν
234 1819 355 1893 εέςελθω
368 1825 406 1896 είς
418 1820 470 1904 τήν
478 1816 574 1897 πόλιν,
587 1822 638 1885 καί
648 1816 711 1885 ἐδού
750 1821 868 1902 λάσσης.
896 1814 1046 1901 ἐπήγαγον
1064 1820 1114 1883 ἐπὶ
1131 1821 1245 1904 μητέρα
1262 1824 1355 1883 νεανί-

107 1902 198 1978 πόνος
210 1902 311 1987 λιμοῦ,
331 1899 378 1968 ότι
392 1904 482 1988 ἱερεύς
495 1906 545 1968 καί
558 1898 713 1988 προφήτης
750 1929 837 1977 σκους
843 1902 1050 1986 ταλαιπωρίαν
1059 1905 1091 1967 ἐν
1095 1906 1269 1988 μεσημβρίᾳ,
1274 1903 1353 1986 ἐπέρ

108 1982 316 2071 ἐπορεύθησαν
327 1991 366 2059 εἷς
378 1991 452 2070 γῆν,
467 1985 503 2071 ἣν
515 1986 570 2052 οῦκ
582 1987 711 2079 ᾔδεισαν.
749 1991 827 2074 ῥιψα
846 1983 890 2050 ἐπ’
911 1984 1005 2070 αῦτήν
1024 1986 1163 2071 ἐξαίφνης
1179 1982 1289 2071 τρόμον
1306 1987 1356 2052 καί

107 2071 179 2152 19μή
190 2066 419 2174 ἀποδοκιμάζων
427 2069 650 2155 ἀπεδοκίμασας
659 2071 712 2135 τόν
750 2066 888 2153 σπουδήν.
907 2063 1065 2153 9ἐκενοόθη
1079 2067 1098 2152 ή
1112 2075 1255 2135 τίκτουσα
1267 2068 1356 2146 ἐπτά,

106 2151 232 2227 Ἰούδαν,
244 2155 296 2217 καί
308 2149 457 2220 απὸΣιών
470 2153 586 2239 ἀπέστη
599 2152 617 2238 ή
629 2150 711 2259 φυχή
750 2150 934 2256 ἀπεκάκησεν
959 2151 977 2238 r}
997 2151 1076 2237 ψυχή
1095 2150 1204 2235 αὐτῆς,
1229 2153 1318 2217 ἐπέδυ
1336 2150 1355 2217 ὁ

108 2262 176 2315 σου,·
191 2239 404 2308 ίνατίέπαισας
416 2233 713 2317 ήμάς,καὶοῦκέστιν
751 2234 833 2321 ήλιος
851 2241 927 2329 αυτή
947 2238 990 2300 ἐτι
1007 2230 1151 2318 μεσούσης
1166 2239 1217 2318 τής
1235 2231 1355 2321 ἡμέρας,

107 2319 176 2404 ἡμῖν
202 2320 293 2395 ίασις;
319 2317 506 2400 ὑπεμείναμεν
530 2322 568 2392 είς
587 2314 712 2401 είρήνην,
750 2315 943 2404 κατησχύνθη
960 2320 1012 2385 καί
1028 2315 1191 2401 ῶνειδίσθη.
1217 2319 1288 2393 τοὺς
1300 2345 1356 2382 κα-

108 2399 231 2466 καλοῦν
248 2391 285 2483 ήν
301 2397 407 2478 ἀγαθὰ
424 2404 463 2474 είς
481 2398 584 2484 καιρὸν
597 2399 712 2476 λύσεως,
751 2392 913 2478 ταλῦίπους
931 2401 1031 2467 αὐτῶν
1049 2406 1087 2476 είς
1104 2397 1252 2487 μάχαιραν
1266 2397 1355 2468 δεύσω

109 2485 160 2548 καί
186 2480 249 2546 ἰδού
273 2477 397 2567 ταραχή.
436 2485 467 2527 ²⁰
486 2487 609 2567 ἔγνωμεν
633 2480 712 2570 κύριε
750 2491 882 2552 ἐναντίον
896 2491 955 2551 τῶν
968 2489 1085 2571 ἐχθρῶν
1098 2483 1208 2548 αὐτῶν.
1234 2486 1356 2568 10οἴμοι

110 2562 310 2652 ἁμαρτήματα
327 2565 423 2649 ήμῶν,
444 2565 559 2642 ἀδικίας
573 2571 712 2651 πατέρων
750 2569 809 2648 ἐγὼ
821 2574 924 2656 μήτερ,
937 2566 977 2644 ῶς
990 2565 1056 2634 τινά
1065 2592 1099 2651 με
1109 2571 1200 2643 ἔτεκες
1208 2565 1305 2653 ἀνδρα
1314 2570 1356 2635 δι·

110 2648 207 2736 ήμῶν,
234 2646 281 2716 ὅτι
306 2646 473 2754 ἡμάρτομεν
495 2654 629 2715 ἐναντίον
647 2676 712 2715 σου.
751 2648 914 2735 καζόμειον,
927 2656 978 2718 καὶ
991 2647 1207 2738 διακρινόμενον
1218 2655 1300 2742 πόση
1317 2656 1355 2746 τή

109 2730 279 2798 21ιιόιτασον
290 2734 339 2798 δια
352 2758 388 2798 το
400 2727 494 2815 όνομά
506 2758 570 2810 σου,
581 2729 621 2817 μή
634 2731 713 2799 ἀπο·
750 2762 797 2840 γη
824 2733 893 2801 οῦτε
905 2735 1057 2820 ῶφέλησα,
1076 2734 1146 2800 ούτε
1159 2733 1311 2818 ὥφελησέν
1319 2762 1356 2819 με

110 2817 198 2908 λέσης
210 2813 322 2920 θρόνον
334 2812 418 2900 δόξης
431 2841 494 2882 σου.
506 2812 713 2902 μνήσθητι,μή
751 2820 854 2894 ουδείς.
884 2815 904 2901 ἦ
925 2818 1005 2903 ἰσχύς
1019 2846 1077 2903 μου
1096 2820 1223 2894 ἐξέλιπεν
1245 2822 1274 2884 ἐν
1293 2831 1357 2896 τοῖς

109 2900 299 2993 διασκεδασης
328 2899 381 3005 τήν
409 2897 556 2985 διαθήκην
580 2927 635 2966 σου
660 2899 714 2986 τήν
750 2906 970 2989 καταρωμένοις
984 2929 1027 2987 με.
1055 2907 1208 2982 11γένοιτο
1222 2904 1357 2969 δέσποτα

109 2981 174 3048 μεθ’
192 2981 281 3068 ήμῶν.
295 2985 369 3069 22μη
383 2987 461 3049 ἐίττιν
470 2986 501 3050 ἒν
509 2981 641 3061 εἰδώλοις
652 2990 714 3051 τῶν
751 2991 983 3058 κατευθυνόντων
1009 2984 1357 3071 αῦτῶν.είμήπαρέστην

110 3070 209 3133 ἐθνῶν
220 3064 357 3147 ῦετίζωνς
383 3070 434 3132 καί
445 3065 500 3132 εέὁ
514 3067 642 3154 οὐρανὸς
653 3065 713 3134 δῶ-
752 3097 799 3136 σοι
816 3075 847 3136 ἐν
864 3073 958 3154 καιρῷ
977 3074 1039 3134 τῶν
1052 3074 1151 3135 κακῶν
1163 3070 1281 3147 αῦτῶν,
1305 3073 1357 3136 καί

110 3176 153 3215 σει
164 3148 336 3236 πλησμονήν
348 3149 460 3226 αῦτοῦ,
485 3148 552 3235 οῦχί
569 3150 606 3217 σύ
619 3150 714 3218 είαῦ-
751 3157 782 3220 ἐν
794 3157 889 3241 καιρῶ
906 3153 1042 3237 θλίψεως
1056 3151 1171 3229 αύτῶν,
1197 3157 1237 3228 εές
1249 3151 1356 3233 ἀγαθά

109 3228 177 3312 τόςς
204 3237 256 3300 καί
273 3231 476 3320 ῦπομενοῦμέν
493 3259 525 3300 σε
541 3232 638 3323 κύριε,
668 3231 714 3301 ότι
750 3236 826 3321 πρὸς
851 3238 905 3302 τὸν
923 3234 1042 3324 ἐχθρόν.
1070 3240 1097 3279 ¹²
1110 3241 1136 3301 εί
1150 3237 1357 3320 γνωσθήσεται

109 3315 146 3387 σὺ
159 3320 300 3402 ἐποίησας
316 3314 535 3384 πάνταταῦτα.
752 3325 885 3425 σίδηρος,·
911 3324 961 3384 καί
979 3316 1170 3405 περιβόλαιον
1187 3319 1315 3401 χαλκοῦν
1337 3318 1357 3405 ή

297 3407 370 3466 ΚΕ
383 3407 421 3466 Φ.
465 3402 532 3466 ΙΕ’.
752 3408 832 3486 ἐσχυς
844 3428 907 3466 σου.
932 3403 960 3444 ¹³
973 3405 1025 3465 καί
1036 3399 1145 3473 τοῦςθ
1164 3397 1289 3482 σαυρούς
1301 3427 1355 3466 σου

110 3449 197 3547 Καί
219 3483 281 3548 εἶπε
305 3479 404 3563 κύριος
420 3483 497 3565 πρὸς
516 3487 561 3563 μέ.
587 3481 640 3548 ἐάν
657 3488 713 3575 στῇ
750 3490 789 3557 είς
800 3480 950 3565 προνομήν
967 3479 1056 3547 δῶσω
1072 3427 1280 3564 ἀντάλλαγμα,
1306 3482 1355 3548 διά

110 3569 230 3646 Μωσῆς
253 3566 304 3628 καί
319 3564 459 3650 Σαμουὴλ
474 3565 536 3650 πρὸ
551 3560 714 3648 προςιόπου
750 3561 850 3638 πάσας
862 3561 917 3639 τὰς
929 3562 1076 3650 ἀμαρτίας
1088 3590 1151 3630 σου.
1173 3565 1226 3629 καί
1238 3568 1270 3630 ἐν
1282 3571 1356 3632 πᾶσι

110 3672 183 3732 μου,
209 3645 263 3711 οῦκ
282 3649 360 3711 ἐστιν
376 3647 395 3730 ή
409 3643 490 3752 φυχή
502 3673 560 3731 μου
571 3644 648 3732 πρὸς
660 3643 715 3710 αῦ-
751 3657 814 3722 τοῖς
826 3644 919 3727 ὁρίοις
931 3672 997 3713 σου.
1023 3649 1052 3691 ¹⁴
1067 3649 1118 3713 καί
1130 3645 1355 3718 καταδουλῶσω

110 3726 190 3805 τούς.
216 3724 427 3805 ἐξαπόστειλον
443 3757 496 3799 τον
512 3729 586 3798 λαὸν
599 3732 715 3806 τοῦτον,
751 3755 784 3795 σε
796 3726 898 3813 κύκλῳ
916 3743 981 3807 τοῖς
991 3737 1112 3817 ἐχθροῖς
1124 3755 1197 3806 σου,
1223 3734 1255 3798 ἐν
1266 3738 1305 3816 τή
1316 3739 1355 3818 γῆ

110 3816 163 3879 καί
179 3812 389 3890 ἐξελθέτωσαν.
413 3814 493 3879 2καί
509 3819 594 3880 ἐσται
610 3812 663 3878 ἐάν
675 3815 713 3878 εί-
752 3803 772 3907 ή
787 3811 842 3879 οῦκ
839 3811 935 3914 ήδεις.
948 3813 995 3879 ὅτι
1005 3820 1066 3901 πῦρ
1076 3817 1249 3880 ἐκκέκαυται
1258 3810 1292 3881 ἐκ
1300 3807 1355 3885 τοῦ

111 3923 192 3963 πωσι
206 3893 281 3983 πρὸς
294 3893 338 3969 σὲ,
350 3898 411 3960 ποῦ
423 3893 647 3980 ἐξελευσόμεθα,·
664 3898 716 3963 καί
751 3908 852 3980 θυμου
876 3924 950 3983 μου,
982 3896 1025 3980 ἐφ’
1056 3896 1131 3981 ὑμᾶς
1159 3895 1355 3984 καυθήσεται.

112 3984 184 4065 ἐρεῖς
199 3978 275 4066 πρὸς
292 3974 413 4054 αύτούς.
436 3973 506 4043 τάδε
517 3979 593 4057 λέγει
605 3978 713 4067 κύριος.
751 3981 778 4034 ¹⁵
791 3978 872 4066 κύριε
883 3976 1034 4068 μνήσθητί
1043 4008 1114 4065 μου,
1132 3983 1184 4047 καί
1196 3985 1358 4070 ἐπίσκεφαί

112 4060 179 4128 ὅσοι
205 4068 244 4139 είς
260 4059 412 4139 θάνατον,
438 4067 476 4139 είς
495 4060 640 4130 θάνατον.
665 4069 716 4131 καί
750 4090 798 4146 με,
825 4069 876 4131 καὶ
893 4061 1044 4131 ἀθῶωσόν
1062 4090 1096 4148 με
1114 4063 1177 4132 ἀπὸ
1190 4071 1250 4132 τῶν
1260 4095 1353 4134 κατα·

113 4144 180 4211 όσοι
193 4150 231 4221 εἰς
242 4143 405 4234 μάχαιραν,
431 4151 470 4224 είς
482 4140 575 4249 μάχαι
594 4173 639 4213 αν.
664 4150 716 4213 καί
751 4144 917 4213 διωκόντων
941 4174 989 4231 με,
1020 4145 1060 4228 μὴ
1082 4153 1121 4225 είς
1136 4157 1354 4234 μακροθυμίαν.

113 4228 180 4294 ὅσοι
198 4234 237 4304 εές
249 4230 350 4310 λιμὸν,
372 4235 411 4308 είς
424 4230 515 4313 λιμον.
538 4173 593 4296 καλ
601 4227 666 4297 όσοι
677 4234 716 4305 είς
750 4237 857 4307 γνῶθι,
870 4229 911 4307 ῶς
921 4233 1034 4319 ἔλαβον
1045 4235 1114 4318 περί
1124 4240 1179 4300 σοῦ
1193 4233 1355 4317 ὀνειδισμὸν

112 4314 331 4394 αἰχμαλωσίαν,
353 4317 392 4389 εἰς
403 4313 612 4398 οιίχμαλωσίαν.
638 4313 716 4377 3καί
751 4311 852 4380 10ῦπό
868 4321 929 4381 τῶν
944 4311 1135 4383 ἀθετοῦντων
1153 4317 1225 4391 τούς
1246 4313 1354 4396 λόγους

112 4390 254 4496 ἐκδικήσω
265 4393 308 4459 ἐπ’
319 4392 429 4470 αὐτοὺς
440 4399 574 4479 τέσσαρα
582 4395 653 4478 εἴδη,
665 4393 715 4458 λέ-
752 4422 822 4472 σου,
847 4400 1020 4467 συντέλεσον
1047 4397 1174 4475 αύτούς,
1199 4401 1251 4464 καί
1270 4403 1353 4466 ἐσται

112 4502 153 4557 γει
165 4500 276 4561 κυριος.
301 4475 354 4564 τήν
372 4472 518 4564 μάχαιραν
536 4483 575 4556 είς
587 4474 715 4571 σφαγήν,
751 4476 769 4546 ὁ
786 4476 875 4558 λόγος
892 4507 947 4548 σου
966 4484 1031 4566 ἐμοὶ
1048 4487 1086 4556 είς
1103 4478 1288 4567 εὐφροσύνην
1304 4485 1354 4586 κρῖ

1257 4590 1352 4649 χαραν
