2924 4972
107 226 150 293 ου
425 215 656 288 asom
694 189 1034 301 προσκέοιτο.

104 340 240 426 Ἰσραήλ,
264 343 315 405 καί
327 336 485 425 ἀνήνεγκαν
497 334 711 420 όλοκαυτώμα-
745 337 847 414 λέγων.
873 333 1282 422 1είποντοῖςυίοῖςἿσραῆλ,
1301 337 1353 399 καί

105 449 159 497 τα,
184 425 235 489 καί
252 425 365 489 λ’θυσαν
381 428 493 487 θυσίαν
510 426 656 505 σωτηρίου
668 424 713 503 τῷ
745 417 847 506 λόβιτε
858 417 998 503 ἀπαρχὰς
1009 445 1054 483 πα
1073 414 1235 493 ἀπόντων,
1257 418 1301 492 οίς
1313 415 1352 482 ἀν

105 511 169 590 θεῷ
191 502 348 592 μοσχάρια.
381 501 509 591 1λυβόνν
525 504 558 570 δὲ
575 509 713 586 Μωυσῆς
745 501 1046 627 δόξητῇκορδίη,καί
1080 498 1183 584 ’ψεσθε
1191 497 1351 582 τάςάπαρ·

105 589 141 656 τό
158 587 243 673 ῆμεσυ
259 594 316 653 τοῦ
327 593 452 671 α’ίματος
469 590 574 672 ἐνέχεεν
586 591 625 661 είς
638 612 713 671 κρα-
745 581 799 688 χός
809 611 876 666 μου.
940 580 1081 669 καίαῦτη
1095 585 1173 650 ἐστίν
1187 581 1207 668 ῆ
1220 582 1350 669 ἀπαρχῆ,

104 679 205 760 τῆρας.
223 671 260 737 τίν
272 671 305 736 δὲ
317 668 403 755 ῆμισυ
414 676 469 736 τοῦ
483 676 609 753 α’ίματος
620 695 712 754 προς-
746 670 782 772 ήν
792 665 925 773 λήψεσθε
935 666 1005 753 παρ’
1023 666 1133 733 αὐτῶν.
1159 672 1288 752 χρυσίον,
1301 668 1352 731 καί

104 761 161 841 ίχεε
178 755 255 839 πρὸς
266 752 304 818 τό
320 748 541 839 θυσιαστήριον.
568 754 645 818 1καί
655 751 712 817 λο-
746 775 897 838 αργυριον,
909 752 962 816 καί
972 750 1091 836 χαλκὸν,
1109 754 1186 815 1καί
1199 746 1350 825 ύάιιινθον,

102 839 164 927 βιόν
182 840 217 902 τὸ
241 837 354 924 βιβλίον
371 841 425 922 τῆς
439 833 584 921 διαθήκης
600 833 711 912 ἀνέγνω
744 836 796 900 καί
807 829 981 920 πορφύραν,
1006 837 1059 899 καί
1069 829 1203 899 κόκκινον
1220 833 1351 907 διπλοῦν,

103 928 142 996 είς
152 920 191 984 τά
204 911 271 985 ἀτα
284 925 338 985 τοῦ
351 922 434 985 λαοῦ.
458 922 509 985 καί
521 919 615 985 εἶπαν.
632 913 710 982 πόν-
744 920 796 983 καὶ
817 914 928 1004 βύσσον
948 917 1158 1001 κεκλεισμένην,
1184 919 1236 981 καί
1251 920 1351 1001 τρίχας

102 1029 142 1069 τα
155 1000 215 1069 ὅσα
233 999 356 1087 ἐλόλησε
369 999 478 1087 κύριος,
490 998 648 1087 ποιήσομεν
660 1001 711 1066 καί
744 1006 865 1079 αίγείας,
887 1002 963 1066 1καὶ
974 1003 1104 1085 δέρματα
1116 1005 1206 1085 κριῶν
1217 997 1348 1085 ῆρυθρο-

103 1081 303 1168 ἀκουσόμεθα.
329 1087 457 1174 1λαβάν
474 1085 656 1167 δλΜωυσῆς
673 1081 710 1148 τό
743 1085 906 1168 δανωμένα,
916 1086 995 1150 καίδ
1004 1086 1011 1105 ’
1026 1108 1107 1167 ματα
1121 1081 1287 1156 ύακίνθινα,
1300 1084 1352 1145 καί

103 1169 542 1252 αίμακατεσκιδοσετοῦλασῦ,
565 1167 710 1234 καίείπεν.
742 1163 818 1246 ξύλα
829 1167 960 1252 ἀσηπτα,
979 1169 1003 1212 1·
1040 1169 1092 1232 καί
1103 1167 1208 1240 λίθους
1220 1165 1351 1248 σσρδίου,

103 1253 167 1318 ἴδοι)
180 1251 216 1317 τό
230 1253 302 1336 αίμα
314 1258 367 1337 τῆς
379 1249 532 1337 διαθήκης,
548 1243 583 1354 ής
593 1253 710 1318 διέθετο
743 1253 794 1316 καί
807 1251 912 1328 λίθους
923 1257 965 1328 είς
974 1250 1028 1336 τῆν
1038 1246 1150 1334 γλυφῆν
1159 1253 1198 1324 είς
1207 1246 1262 1331 τῆν
1271 1249 1342 1343 ἕπεο

101 1333 201 1424 κύριος
226 1333 301 1420 πρός
328 1334 403 1418 ὑμᾶς
426 1341 494 1420 περί
514 1358 635 1399 παντων
651 1339 712 1399 τοῖν
742 1337 823 1417 μίδα,
849 1331 1102 1420 καίτόνποδῆρη.
1132 1333 1212 1396 1καί
1223 1355 1352 1434 ποιήσεις

103 1416 201 1495 λόγων
219 1415 342 1481 τούτων.
368 1420 449 1480 1’καί
466 1416 556 1500 ἀνέβη
576 1420 712 1497 Μωυσῆς
742 1443 792 1498 μοι
805 1415 952 1518 ἆγίασμα,
970 1420 1021 1483 καί
1032 1413 1208 1500 ὀφθήσομαι
1226 1418 1257 1478 ίν
1274 1424 1352 1495 υμΐν.

103 1503 155 1565 καί
166 1498 299 1582 Ἀαριόν,
316 1500 369 1562 καί
379 1496 503 1583 Ναδάβ,
520 1498 572 1560 καί
583 1495 712 1582 Ἀβιούδ,
744 1501 821 1560 1’καὶ
832 1523 961 1580 ποιησεις
972 1526 1021 1577 μοι
1034 1498 1112 1565 κατὰ
1123 1496 1225 1565 πάντα
1238 1492 1296 1563 ὅσα
1306 1523 1351 1562 σοι

104 1585 156 1648 καί
180 1576 380 1667 ἑβδομήκοντα
405 1585 458 1665 τῆς
479 1584 634 1681 γερουσίας
652 1577 713 1643 Ἰσ-
743 1573 864 1642 δεικνύω
876 1581 906 1642 ἐν
918 1583 964 1662 τῷ
972 1579 1041 1663 ὄρει,
1054 1579 1090 1645 τὸ
1102 1578 1287 1665 παράδειγμα
1301 1584 1352 1662 τῆς

104 1661 190 1752 ραήλ.
201 1668 230 1709 ¹⁰
236 1668 288 1729 καί
301 1661 377 1729 εἶδον
389 1659 440 1728 τὸν
452 1686 555 1737 τοπον,
568 1653 605 1727 οῦ
614 1655 713 1745 είστή-
744 1665 862 1745 σκηνῆς,
887 1663 939 1726 καὶ
962 1661 999 1725 τὸ
1024 1657 1209 1747 παράδειγμα
1231 1659 1352 1726 πόντων

105 1774 146 1814 κει
164 1745 182 1812 ὁ
200 1745 271 1823 θεός
289 1751 344 1810 τοῦ
364 1743 501 1848 Ἰσραήλ,
526 1745 577 1809 καί
594 1742 633 1809 εά
652 1740 712 1808 ἀπὸ
743 1749 806 1808 τῶν
830 1750 938 1810 σκευῶν
962 1742 1065 1829 αὐτῆς.
1103 1743 1184 1811 οὕτω
1213 1742 1350 1828 ποιήσεις.

105 1830 176 1905 τοὺς
187 1826 284 1904 πόδας
297 1826 392 1893 αῦτοῦ
405 1831 471 1903 ωςεὶ
488 1831 574 1913 ἔργον
584 1827 713 1893 πλίνθου
744 1832 772 1873 ¹⁰
785 1830 837 1892 καί
850 1823 978 1912 ποιήσεις
996 1824 1121 1914 κιβωτὸν
1140 1835 1303 1914 μαρτυρίου
1320 1833 1352 1893 ἐκ

106 1917 280 1996 σαπφείρου,
293 1913 344 1975 καί
356 1907 451 1999 υλςπερ
463 1911 539 1987 είδσς
551 1904 714 1998 στεριοόμα-
744 1906 839 1988 ξύλων
851 1907 1007 1995 ἀσήπτοιν,
1029 1907 1084 1976 δύο
1094 1909 1210 1996 πήχεων
1221 1914 1272 1975 καί
1285 1908 1351 1996 ήμί-

106 2022 157 2070 τος
191 1999 249 2059 τοῦ
278 1991 408 2078 ούρανοῦ
438 2000 476 2079 τῆ
505 1990 712 2079 καθαριότητι.
745 2020 815 2069 σονς
826 1991 862 2059 τό
875 2000 974 2079 μῆκος,
990 1998 1041 2059 καὶ
1051 1990 1157 2078 πήχεος
1169 1996 1220 2061 καί
1232 1990 1352 2077 ῆμίσους

51 2140 52 2143 ,
108 2086 130 2122 ¹¹
144 2080 196 2142 καί
206 2081 267 2141 τῶν
284 2076 445 2142 ἐπιλέκτων
456 2069 655 2163 ’τοῦἽσραῆλ
675 2074 712 2142 οῦ
743 2076 780 2141 τό
794 2073 918 2153 πλάτος,
939 2080 991 2142 καί
1003 2073 1108 2162 πήχεος
1120 2081 1171 2143 καί
1182 2074 1302 2162 ῆμίσους
1314 2074 1350 2142 τὸ

107 2157 277 2247 διεπόνησεν
293 2158 362 2226 οὐδὲ
379 2160 426 2237 εἷς.
451 2164 502 2226 καί
519 2158 669 2243 ὤφθησαν
685 2161 715 2223 δν
745 2156 831 2242 ύψος.
873 2165 899 2203 ¹¹
914 2163 965 2225 καί
998 2157 1230 2246 καταχρυσώσας
1258 2156 1351 2245 αι’πήν

108 2250 152 2328 τῷ
170 2239 257 2328 τόπῳ
273 2248 328 2309 τοῦ
345 2250 437 2321 θεοῦ,
463 2245 514 2310 καί
537 2246 648 2323 ἔφαγον
664 2243 716 2308 καί
744 2249 853 2330 χρυσίῳ
872 2247 1018 2327 καθαρῷ,
1044 2246 1155 2309 ἔσωθεν
1172 2246 1224 2309 καί
1236 2246 1351 2320 ἔξωθεν

108 2331 198 2392 ἔπιον.
221 2328 314 2392 11καί
330 2325 392 2392 ελπε
407 2325 507 2414 κύριος
522 2325 599 2410 πρὸς
615 2333 716 2393 Μωυ·
745 2326 898 2414 χρυσώσεις
923 2324 1026 2410 αὐτήν.
1063 2329 1116 2391 καί
1143 2324 1270 2430 ποιήσεις
1293 2325 1351 2391 αά-

109 2416 169 2494 σῆν.
196 2406 327 2498 ἀνάβηθι
341 2407 560 2497 πρόςμεείςτὸ
573 2409 652 2493 ὄρος,
665 2410 716 2474 καί
744 2415 782 2539 Βῆ
806 2405 933 2494 κυμότισι
962 2413 1056 2494 χρυσοῖ
1084 2436 1214 2496 στρεπτα
1242 2405 1349 2492 κύκλῳ.

111 2496 175 2560 ἴσθι
192 2498 256 2560 ἐκεῖ.
281 2497 334 2560 καί
348 2491 438 2565 διόσω
456 2522 502 2563 σοι
520 2492 560 2560 τά
571 2497 663 2571 πυξία
676 2491 715 2557 τόν
785 2495 836 2560 καί
861 2489 970 2568 ἐλάσεις
986 2491 1067 2585 αὐτῇ
1083 2496 1226 2580 τέσσαρας
1243 2493 1351 2558 δακτυ·

110 2579 220 2655 λίθινα,
238 2575 292 2644 τόν
304 2576 393 2661 νόμον
405 2579 519 2655 καὶτὰς
531 2577 667 2654 ίντολάς,
680 2573 716 2652 ἀς
744 2579 825 2654 λίους
848 2581 988 2663 χρυσοῦς,
1014 2579 1065 2640 καί
1082 2572 1229 2652 ἔπιθ’σεις
1244 2577 1294 2641 ἐπί
1311 2574 1350 2640 τὰ

109 2664 231 2744 ἔγραψα
256 2667 451 2742 νομοθετῆσαι
477 2660 588 2735 αὐτοῖς.
624 2663 652 2702 ¹³
666 2663 718 2725 καί
745 2667 877 2745 τέσσαρα
889 2661 981 2742 κλίτη.
1000 2654 1054 2722 δύο
1067 2604 1240 2735 δακτυλίους
1252 2660 1302 2724 ἐπί
1313 2658 1350 2723 τὸ

110 2739 243 2815 ἀναστὰς
253 2748 388 2824 Μωυσῆς
400 2745 452 2805 καί
465 2741 580 2823 Ἰησοῦς
592 2736 611 2804 ὅ
623 2766 716 2825 παρε-
745 2743 845 2815 κλίτος
855 2739 891 2806 τὸ
903 2749 949 2815 ἓν,
974 2744 1025 2804 καί
1043 2739 1099 2807 δύο
1117 2743 1289 2818 δακτυλίους
1301 2743 1351 2807 ίπί

110 2820 224 2906 στηκιός
248 2821 335 2907 αὐτῷ
360 2821 507 2909 ἀνέβησαν
527 2827 567 2897 ελς
586 2818 622 2886 τό
646 2821 716 2908 ὅρος
745 2823 782 2889 τὸ
797 2824 897 2898 κλίτσς
913 2821 948 2889 τό
961 2818 1103 2909 δεύτερον.
1138 2828 1165 2869 ¹³
1178 2821 1350 2910 ποιήσειςδὶ

109 2911 166 2971 τοῦ
183 2910 274 2982 θεοῦ,
309 2904 404 2971 11καί
421 2916 485 2984 τοῖς
510 2908 716 3010 πρεσβυτέροις
745 2904 902 2993 ἀναφορεῖς
914 2903 987 2984 ξύλα
1000 2904 1130 2992 ἀσηπτα,
1142 2910 1194 2974 καί
1202 2932 1349 3009 καταχρυ·

109 2988 204 3056 εἶπαν.
217 2984 489 3091 ῆσυχόζετεαῦτοῦ,
503 2992 558 3063 ἕως
570 2989 716 3073 αναστρί-
745 2986 845 3065 σοίσεις
868 2988 949 3055 αῦτά
973 2998 1090 3076 χρυσίῳ.
1120 2991 1150 3036 ¹⁴
1163 2993 1215 3058 καί
1238 2995 1351 3069 είςαξεις

108 3092 211 3154 εχωμεν
229 3094 306 3153 προς
325 3067 410 3152 ύμοῖς.
447 3072 499 3135 καί
517 3069 583 3136 λδσύ
597 3069 716 3156 Ἀαρὼν
744 3069 815 3149 τούς
840 3072 998 3159 ἀναφορεῖς
1019 3079 1059 3152 είς
1082 3074 1154 3151 τούς
1178 3077 1350 3150 δακτυλίους

106 3153 226 3238 καίὪρ
237 3150 300 3235 μεθ’
314 3149 404 3236 ῦμιῦν.
418 3147 470 3218 ἐόν
481 3178 536 3219 τινι
547 3158 640 3247 συμβῇ
652 3159 716 3239 κρί-
744 3155 815 3232 τοῦς
826 3161 857 3221 δν
868 3167 932 3232 τοῖς
943 3158 1050 3224 κλίτεσι
1066 3163 1119 3263 τῆς
1131 3162 1275 3245 κιβωτοῦ,
1300 3159 1348 3222 m*-

109 3262 159 3313 σις,
172 3239 477 3321 προςπορευίσθωσαν
491 3236 603 3313 αὐτοῖς.
626 3239 654 3280 11
664 3238 715 3302 καὶ
775 3261 801 3302 ιν
813 3239 844 3304 τί
851 3263 866 3302 ν
880 3239 1007 3326 κιβωτόν
1022 3244 1054 3305 ἐν
1066 3253 1177 3316 αυτοῖς.
1203 3242 1230 3283 11
1243 3242 1275 3304 ἐν
1286 3253 1350 3314 τοῖς

107 3318 197 3406 ἀνέβη
207 3324 344 3404 Μωυσῆς
354 3322 406 3385 καί
413 3317 529 3405 Ἰησοῦς
538 3326 577 3397 είς
587 3318 623 3386 τό
634 3318 712 3407 όρος.
761 3269 907 3398 ακτυλίοις
936 3328 990 3408 τῆς
1016 3327 1146 3410 κιβωτοῦ
1177 3325 1294 3388 ἔσονται
1318 3327 1349 3388 οἶ

106 3406 158 3468 καί
169 3399 314 3487 ἐκάλυψεν
327 3400 346 3489 ῆ
358 3405 461 3488 νεφέλη
473 3404 509 3470 τό
523 3404 602 3490 όρος.
621 3405 650 3447 11
663 3404 715 3468 καί
743 3404 901 3489 ἀναφορεῖς
913 3403 1053 3491 ἀκίνητοι.
1070 3407 1157 3471 11καλ
1166 3406 1298 3515 ἐμβαλεῖς
1310 3410 1350 3481 είς

106 3491 216 3575 κατίβη
231 3483 251 3572 ῆ
269 3483 342 3565 δόξα
358 3493 416 3553 τοῦ
433 3492 511 3553 θεοῦ
527 3491 577 3552 ἐπὶ
594 3482 630 3551 τό
644 3485 714 3569 όρος
742 3488 983 3575 τῆνκιβωτόντά
1074 3485 1284 3576 ύρια,ἀιινδιῦ
1294 3516 1348 3554 σοι

105 3568 244 3648 τόΣινά,
269 3573 320 3635 καί
331 3567 476 3648 ίκόλυψεν
488 3567 565 3635 αῦτό
578 3567 598 3654 ἡ
611 3570 713 3652 νεφᾶη
743 3576 769 3616 ¹⁷
783 3575 833 3637 καί
862 3515 1195 3676 ποιήσειςμίλάστῆριον
1221 3575 1349 3653 ἐπίθεμα

106 3657 140 3729 ἔξ
163 3652 282 3737 ῆμέρας.
318 3656 371 3717 καί
398 3648 514 3718 ίκάλεσε
537 3649 637 3739 κύριος
660 3652 713 3718 τὸν
742 3662 861 3743 χρυσίου
873 3660 1022 3741 καθαροῦ,
1032 3652 1087 3720 δύο
1097 3679 1212 3739 πηχεων
1220 3655 1273 3719 καί
1282 3651 1349 3738 ῆμί-

105 3741 243 3819 Μωυσῆν
254 3738 293 3818 τῆ
304 3730 399 3818 ῆμέρηι
412 3739 450 3827 τῇ
462 3731 570 3830 ἑβδόμη
583 3740 712 3835 ἑκμήνου
744 3766 813 3815 σσυς
823 3735 860 3841 τίη
872 3743 972 3823 μῆκος,
986 3739 1039 3802 καί
1048 3732 1154 3822 πήχεος
1166 3739 1218 3803 καί
1229 3735 1349 3837 ήμίσους

274 3809 280 3827 Ι

105 3821 158 3900 τῆς
176 3818 302 3900 νεφέλης.
338 3820 365 3861 ¹⁷
377 3817 416 3883 τὸ
432 3816 465 3883 δὲ
477 3818 552 3895 εἶδος
564 3824 616 3903 τῆς
627 3821 713 3903 δοξης
743 3819 778 3886 τό
796 3823 919 3897 πλατος.
957 3822 1051 3886 11καί
1066 3819 1195 3908 ποιήσεις
1211 3823 1267 3889 δυο
1285 3828 1349 3886 Χε-

104 3905 217 3983 κυρίου,
231 3897 296 3975 ὡςεί
308 3904 370 3987 πῦρ
382 3900 491 3983 φλέγαν
504 3906 710 3986 ίπίτῆςκορυ-
742 3909 846 3990 ρουβίμ
869 3903 1099 3990 χρυσοτορεστά,
1124 3908 1176 3972 καί
1199 3899 1350 3989 ἐπιθήσεις

105 3988 164 4066 φῆς
176 3983 343 4067 τοῦόρους,
356 3988 489 4050 ἐναντίον
499 3991 560 4049 τῶν
572 3983 713 4049 υίοῦνἸσ-
744 3985 822 4052 αῦτά
845 3991 877 4065 ἐξ
894 3988 1072 4076 ἀμφοτέρων
1086 3995 1149 4055 τιῦν
1168 3991 1276 4055 κλιτῦν
1292 3992 1348 4053 τοῦ

105 4062 192 4152 ραήλ.
205 4067 289 4130 11καί
300 4067 413 4150 είςῆλθε
421 4072 556 4152 Μωυσῆς
565 4066 650 4141 ελςτὸ
659 4069 712 4149 μέ-
744 4070 925 4157 ίλαστηρίσυ.
948 4071 1208 4158 11ποιηθήσσνται
1228 4071 1350 4157 Χερούβ

105 4173 160 4213 σου
169 4153 222 4232 τῆς
235 4151 363 4233 νεφελης,
376 4152 427 4214 καί
438 4147 528 4237 ἀνέβη
540 4155 580 4225 είς
586 4149 621 4215 τό
631 4148 711 4236 όρος,
741 4155 779 4228 είς
791 4157 823 4218 ἐκ
835 4159 892 4219 τοῦ
903 4154 1021 4230 κλίτους
1032 4152 1152 4232 τούτου,
1164 4155 1217 4219 καί
1226 4151 1350 4238 Χεροίιβ

103 4237 155 4299 καί
172 4233 209 4318 ῆν
227 4239 287 4299 ἐκεῖ
302 4239 332 4299 ίν
348 4239 393 4320 τῷ
412 4232 472 4314 όρει
495 4228 711 4317 τεσσαράκοντα
741 4239 779 4312 είς
803 4241 836 4302 ἐκ
854 4242 910 4302 τοῦ
927 4237 1044 4313 κλίτσυς
1062 4242 1119 4302 τοῦ
1137 4237 1273 4319 δευτέρου
1292 4240 1348 4299 τοῦ

101 4312 213 4404 ἡμέρας
225 4320 277 4381 καὶ
287 4311 508 4397 τεσσαράκοντα
520 4313 632 4390 νύκτας.
741 4321 923 4404 ίλαστηρίου.
961 4323 1014 4384 καί
1040 4315 1168 4402 ποιήσεις
1197 4315 1267 4392 τούς
1292 4313 1347 4382 δύο

284 4406 318 4465 Κ
329 4407 359 4464 E
370 4405 408 4463 (ί).
452 4395 535 4463 KE'.
741 4406 893 4490 Χερουβὶμ
910 4403 961 4468 ἐπὶ
979 4401 1018 4465 τά
1031 4396 1086 4465 δύο
1099 4400 1193 4484 κλίτη.
1219 4401 1250 4442 ²⁰
1264 4403 1348 4466 ἴσον·

104 4452 185 4551 Καί
209 4480 330 4570 ἐλόλησε
355 4479 548 4572 κύριοςπρός
566 4490 710 4570 Μωυσῆν,
739 4510 789 4551 ται
802 4491 834 4553 σί
846 4484 998 4575 Χερουβὶμ
1014 4487 1185 4560 ἐκτείνοντες
1202 4480 1257 4560 τάς
1274 4478 1348 4550 πτί-

1257 4591 1348 4654 evm
