2924 4972
159 241 225 305 324
390 242 459 305 BA
468 243 691 305 ΣΙΛΕΙΩΝ
705 251 942 314 ΔΕΥΤΕΡΑ
983 250 1058 318 Κεφ.
1072 246 1113 303 ιε’.
1131 244 1178 312 15.

160 361 213 439 λός
226 389 281 428 σου
295 366 325 426 ἰν
338 369 380 449 τῷ
396 370 484 430 οἰκεῖν
502 391 535 448 με
548 368 578 431 ἐν
588 363 705 430 Γεδσού
737 369 768 430 ἐν
804 365 922 439 (θελεθὶ,
935 359 1102 439 καὶπάντες
1113 369 1145 429 οῖ
1154 370 1283 431 Γεθαῒοι
1297 372 1328 432 οἳ
1341 372 1410 446 ἐξα·

161 453 276 533 Συρίη,
298 446 402 524 λέγων.
430 446 482 513 ἐάν
499 452 685 536 ἐπιστρέφων
703 393 768 512 512-
800 443 897 511 κόσιοι
916 444 1018 531 άνδρες
1035 451 1067 513 οἶ
1085 446 1223 523 ἐλθόντες
1241 462 1304 526 τοῖς
1322 456 1411 518 ποσὶν

163 533 283 616 οτρέφη
295 553 329 614 με
342 527 441 616 κύριος
453 537 491 607 ελς
499 528 704 618 Ἰερουσαλήμ,
717 533 767 595 καὶ
800 527 901 594 αὐτῶν
919 531 951 592 ἐκ
968 529 1052 605 sto,
1078 535 1130 595 καὶ
1146 529 1340 618 πορευόμενοι
1359 539 1411 600 ἐπὶ

160 600 316 717 λατρεύσω
329 618 374 696 τῷ
391 621 490 700 κυρίω.
529 617 544 658 ⁹
557 612 697 680 καὶεῖπεν
711 612 767 678 αύ-
799 607 962 698 πρόςωπον
974 618 1030 677 τού
1042 615 1196 699 βασιλέως.
1222 617 1251 658 ¹⁹
1264 619 1316 681 καὶ
1327 617 1407 684 εἶπεν

160 700 206 779 τῷ
220 723 238 761 ο
250 692 394 782 βασιλεύς.
417 681 513 784 βάδιζε
526 703 565 773 εἲς
577 693 696 783 ελρήνην.
716 699 767 761 καὶ
799 691 817 758 5
843 694 979 780 βασιλεύς
999 696 1077 780 πρὸς
1096 695 1169 762 Ἐθλ
1192 694 1246 763 τόν
1258 704 1405 766 Γεθαῖον.

160 775 293 852 ἀναστὰς
307 776 455 864 ἐπορεύθη
468 786 507 857 εἰς
520 779 655 867 Χεβρών.
681 782 766 844 22καί
800 780 881 842 ἶνατί
890 773 1002 870 πορεύη
1019 780 1070 842 καὶ
1082 779 1119 844 σύ
1130 777 1195 861 μεθ’
1210 777 1311 861 ήμῶν,
1338 786 1406 848 ἕπτ’-

159 860 329 927 άπέστειλεν
347 862 538 949 Ἀβεσοαλώμ
555 858 766 938 κατασκόπους
798 885 920 946 στρεφε,
944 868 997 926 και·
1009 863 1080 926 οἴκει
1091 860 1166 967 μετὰ
1179 867 1234 925 τού
1245 863 1404 946 βασιλέως,

160 948 192 1009 ἐν
204 941 315 1020 πάσαις
327 946 436 1025 φυλαῖς
444 944 586 1032 Ἰσραήλ,
605 946 709 1024 λέγων.
735 949 766 1010 ἔν
798 938 938 1019 ότιξένος
949 942 978 1007 εἴ
992 941 1029 1008 σύ
1046 969 1099 1007 και
1116 940 1164 1008 ότι
1182 944 1351 1028 μετῴκηκας
1365 946 1403 1012 ού

159 1031 206 1110 τῷ
221 1026 348 1093 ἀκούσαι
366 1024 513 1113 ύμᾶςτήν
531 1027 631 1114 φωνήν
649 1034 703 1114 τῆς
719 1053 764 1093 κε-
798 1029 831 1089 ἐκ
843 1030 898 1090 τοῦ
911 1021 1008 1091 τόπου
1021 1052 1084 1091 σου.
1122 1029 1154 1070 ²⁰
1166 1032 1191 1091 εἴ
1204 1027 1289 1131 ἐχθὲς
1301 1056 1405 1115 παρα-

160 1117 282 1195 ρατίνης
292 1113 345 1175 καὶ
356 1114 459 1259 λρεῖτε,
485 1114 667 1199 βεβασίλευκε
678 1117 765 1198 βασι-
797 1113 936 1187 γέγονας,
963 1110 1015 1174 καλ
1028 1106 1155 1197 σήμερον
1167 1136 1278 1194 κινηοω
1293 1138 1324 1177 σε
1337 1112 1401 1196 μεθ’

159 1190 225 1268 λεύς
242 1191 368 1280 Ἀβεσσα
389 1195 435 1278 ὠμ
455 1199 486 1260 ἐν
508 1191 641 1283 Χεβρών.
677 1196 766 1259 22καῖ
798 1189 882 1277 ήμῶν
886 1221 899 1273 ,·
925 1199 978 1257 καί
992 1218 1024 1270 γε
1039 1190 1264 1276 μεταναστήσας
1282 1194 1335 1260 τόν
1352 1192 1404 1261 τό·

158 1274 430 1363 μετάἈβεσσαλιύμ
444 1277 652 1364 ἐπορεύθησαν
663 1274 765 1344 διακό-
798 1300 858 1341 πον
877 1299 943 1342 σου.
968 1275 1040 1361 χθὲς
1058 1273 1076 1381 ή
1095 1276 1239 1353 ἐξέλευσίς
1259 1304 1326 1355 σου,
1353 1281 1405 1345 καλ

160 1385 216 1425 σιοι
230 1358 332 1446 ἄνδρες
344 1363 376 1437 ἐξ
384 1358 579 1446 Ἰερουσαλήμ
592 1363 705 1446 κλητοί.
715 1363 765 1426 καὶ
798 1355 924 1444 σήμερον
935 1384 1118 1442 μετακινησω
1129 1384 1160 1425 σε
1171 1359 1237 1443 μεθ’
1251 1358 1335 1444 ήμῶν
1347 1367 1404 1427 τοῦ

158 1440 348 1529 πορευόμενοι
360 1448 399 1536 τῇ
411 1440 558 1528 ἁπλότητι
573 1446 689 1520 αὐτῶν,
714 1447 765 1509 καὶ
796 1448 999 1547 πορευθήναι,·
1025 1445 1077 1508 καὶ
1095 1439 1154 1520 ἐμά
1165 1441 1350 1528 πορεύσομαι
1364 1438 1402 1509 ού

159 1523 213 1589 ούκ
230 1527 361 1600 ἔγνωσαν
377 1531 440 1591 πᾶν
457 1530 543 1613 ῥῆμα.
581 1531 609 1570 22
621 1532 672 1594 καλ
690 1525 764 1594 άπέ-
797 1524 849 1590 ἐὰν
874 1529 933 1603 ἔχω
957 1531 1111 1610 πορευθῶ.
1146 1530 1327 1611 ἐπιστρέφου
1351 1529 1403 1592 καλ

160 1607 270 1674 οτειλεν
285 1605 476 1694 Ἀβεσσαλώμ
488 1615 532 1695 τῷ
551 1608 705 1695 Ἀχιτόφελ
719 1617 764 1695 τῷ
798 1611 981 1693 ἐπλστρειμον
998 1607 1068 1684 τούς
1089 1606 1235 1690 ἀδελφούς
1256 1636 1310 1675 σου
1327 1609 1401 1693 μετὰ

164 1692 275 1756 Θεκωνύ
298 1688 463 1778 σύμβουλον
475 1695 573 1760 Δαυὶδ
590 1697 622 1759 ἐκ
640 1699 691 1779 τῆς
704 1691 765 1760 πό·
797 1695 862 1767 σοῦ,
875 1693 926 1755 καὶ
938 1685 1036 1778 κύριος
1048 1687 1162 1775 ποιήσει
1173 1691 1245 1796 μετά
1255 1697 1310 1758 σοᾶ
1323 1695 1402 1768 ὲλεος

159 1774 231 1848 λεως
244 1773 340 1839 αὐτοῦ
352 1779 384 1839 ἐκ
400 1774 496 1841 Γωλᾶ
513 1781 601 1860 ἐντῷ
613 1776 765 1854 θυσιάζειν
797 1777 849 1839 καὶ
867 1771 1020 1858 ἀλήθειαν.
1057 1778 1085 1817 22
1098 1776 1148 1840 καὶ
1167 1781 1316 1862 απεκρίθη
1331 1773 1402 1840 'Eoi

160 1853 259 1921 αύτόν.
275 1860 324 1922 καὶ
336 1861 447 1937 ἐγένετο
461 1855 622 1945 σύντριμμα
636 1855 763 1945 ἰσχυρόν.
795 1862 840 1939 τῷ
852 1858 973 1942 βασιλεῖ,
986 1859 1037 1921 καλ
1049 1856 1119 1921 εἶπε.
1146 1861 1181 1949 ζῇ
1194 1855 1292 1966 κύριος
1304 1862 1354 1923 καὶ
1367 1863 1401 1954 ζῇ

159 1943 212 2005 καὶ
231 1937 248 2005 5
267 1940 340 2016 λαὸς
358 1938 376 2007 5
394 1938 586 2029 πορεύομενος
602 1944 654 2008 καὶ
670 1939 764 2018 πολύς
796 1935 927 2024 ὃκύριός
938 1965 996 2022 μου
1014 1937 1197 2026 ὁβασιλεύς,
1231 1941 1277 2006 ότι
1294 1947 1333 2017 εἰς
1347 1943 1401 2008 τὸν

158 2023 231 2108 μετά
249 2021 445 2172 Ἀηλεσοαλιύμ.
472 2027 499 2068 22
514 2028 566 2090 καὶ
588 2029 764 2111 παρεγένετο
796 2017 891 2088 τόπον
903 2018 940 2087 ού
956 2013 1039 2116 ἐὰνῇ
1054 2020 1071 2088 5
1085 2019 1186 2110 κύριός
1197 2051 1264 2106 μου,
1286 2028 1337 2089 καὶ
1348 2021 1401 2090 ἐᾶν

159 2105 279 2185 ᾶπαγμέ
296 2107 358 2173 λων
369 2107 445 2195 πρὸς
459 2110 564 2184 Δαυὶδ,
577 2109 680 2186 λέγων.
703 2111 764 2187 ἐγε-
796 2110 835 2180 εἰς
846 2104 982 2172 θάνατον
995 2109 1046 2172 καὶ
1059 2103 1111 2171 ἐᾶν
1125 2113 1164 2182 εἰς
1177 2109 1264 2191 ζωήν,
1283 2104 1330 2174 ότι
1343 2112 1404 2175 ἐκεῖ

159 2187 237 2275 νήθη
250 2187 269 2273 ἢ
282 2191 391 2275 καρδία
401 2190 518 2276 ἀνδρῶν
527 2190 650 2280 Ἰσραήλ
664 2191 763 2259 ὀπίσω
796 2192 880 2254 ἐσται
894 2187 912 2255 5
924 2185 1030 2264 δοῦλός
1042 2215 1103 2254 σου.
1129 2193 1211 2255 22καὶ
1222 2192 1301 2257 εἶπεν
1312 2188 1331 2257 5
1342 2197 1401 2279 βα-

156 2269 355 2379 Ἀβεσσαλάμ.
381 2274 411 2316 ¹⁴
428 2278 478 2339 καὶ
495 2274 556 2341 εἶπε
575 2278 673 2342 Δαυύδ
688 2281 763 2342 πᾶσι
795 2272 891 2348 σιλεύς
901 2274 979 2357 πρὸς
989 2272 1066 2338 ’an
1094 2274 1192 2356 δεῦρο,
1204 2277 1257 2339 καὶ
1269 2272 1400 2380 διάβαινε

157 2367 222 2430 τοῖς
245 2380 348 2421 παισιν
372 2354 466 2423 αὑτοῦ
491 2370 556 2435 τοῖς
578 2357 637 2443 μετ’
667 2357 763 2425 αύτού
794 2354 853 2438 μετ’
871 2359 955 2440 ἐμοῦ.
981 2358 1032 2420 καὶ
1048 2356 1205 2440 παρῆλθεν
1220 2357 1290 2423 'Eoi
1308 2365 1399 2423 οΓε-

156 2449 221 2514 τοῖς
246 2437 276 2503 ἐν
300 2435 505 2548 Ἰερουσαλήμ.
544 2438 689 2528 ἀνάστητε
713 2445 764 2508 καλ
794 2449 886 2514 θαῖος
900 2442 951 2504 καὶ
968 2437 1148 2525 όβασιλεύς,
1175 2443 1226 2505 καὶ
1243 2437 1352 2517 πάντες
1368 2447 1400 2508 ολ

158 2521 303 2607 φύγωμεν,
321 2521 367 2590 ὅτι
387 2524 442 2590 ούκ
455 2530 533 2592 ε’στιν
545 2525 613 2612 ήμῐν
630 2532 762 2630 σωτηρία
793 2525 896 2600 παῖδες
909 2521 1006 2590 αύτού
1024 2525 1074 2588 καὶ
1091 2528 1151 2598 πᾶς
1169 2519 1186 2588 5
1206 2523 1293 2610 ὄχλος
1306 2523 1324 2589 5
1337 2523 1396 2610 μετ’

157 2604 221 2670 ἀπὸ
234 2605 607 2696 προςάπουἈβεσσαλάμ.
634 2637 762 2697 ταχυνα-
795 2606 900 2672 αὐτοῦ.
926 2608 955 2650 22
968 2609 1020 2672 καλ
1031 2612 1116 2672 πᾶσα
1133 2604 1204 2710 ήγή
1221 2610 1318 2673 ἔκλαιε
1333 2634 1400 2687 φω-

156 2714 188 2753 τε
202 2694 255 2752 τοῦ
269 2696 455 2775 πορευθῆναι
473 2697 522 2756 ἰ’να
533 2692 573 2795 μή
588 2690 701 2797 ταχύνη
711 2698 763 2759 καὶ
794 2689 961 2783 νῇμενάλη.
989 2693 1040 2755 καὶ
1057 2695 1117 2765 πᾶς
1135 2714 1153 2753 ο
1170 2689 1244 2765 λαός
1262 2717 1399 2776 παρεπο-

156 2769 313 2862 καταλάβη
333 2768 424 2856 ήμᾶς,
449 2777 500 2837 καὶ
518 2778 610 2855 ἰξωση
624 2774 667 2857 ἐφ’
681 2766 762 2859 ἠμᾶς
794 2769 915 2855 ρεύοντο
933 2763 964 2840 ἓν
975 2778 1020 2838 τιᾶ
1037 2775 1180 2859 χειμαρῤῳ
1198 2779 1259 2838 τῶν
1275 2776 1398 2859 κε’δρων.

156 2850 209 2955 τήη
221 2860 337 2931 κακίαν,
361 2854 413 2919 καὶ
426 2852 546 2940 πατάξη
558 2845 613 2942 τήν
625 2851 716 2922 πόλιν
729 2863 760 2923 ἐν
794 2856 845 2919 καὶ
862 2852 880 2920 5
897 2839 1033 2942 βασιλεύς
1055 2853 1207 3004 διέρλητόν
1226 2853 1399 2962 χειμάρρουν

393 2943 400 2961 Ι

156 2962 280 3019 οτοματι
305 2966 348 3022 μα
367 2964 462 3025 αιρας.
499 2931 596 3006 22’καὶ
620 2939 705 3005 εἶπον
731 2946 762 3007 οἱ
794 2940 928 3024 Κέδρων.
955 2942 1007 3005 καὶ
1024 2945 1114 3015 πᾶςο
1148 2962 1201 3014 αος
1218 2944 1400 3026 καιοβασι-

154 3022 256 3094 παῖδες
273 3026 330 3085 τοῦ
346 2963 491 3105 δασιλέως
508 3022 585 3108 πρὸς
602 3021 657 3087 τὸν
672 3029 761 3111 βασι·
792 3020 859 3097 λεύς
870 3019 1113 3109 παρεπορεύοντο
1126 3024 1176 3087 ἐπὶ
1188 3018 1348 3107 πρόςωπον
1361 3020 1397 3087 5-

156 3101 219 3164 λεά.
246 3103 324 3166 κατά
341 3099 444 3168 πάντα
456 3102 516 3170 ὅσα
533 3109 662 3190 αῖρεῖται
675 3103 693 3170 5
707 3104 761 3170 κύ·
792 3106 846 3168 δοῦ
868 3102 922 3188 τήν
943 3110 1058 3189 ἔρημον.
1090 3106 1122 3147 ²⁴
1136 3107 1186 3170 καὶ
1207 3106 1272 3172 ἰδού
1293 3112 1345 3171 καί
1365 3131 1398 3184 με

154 3210 216 3270 ριος
230 3181 312 3269 ήμῶν
324 3181 341 3249 5
354 3185 507 3271 βασιλεὺς,
534 3187 601 3254 ἰδού
614 3191 644 3253 οῖ
655 3191 760 3264 παῖδές
791 3186 903 3252 Σαδιόκ
917 3193 968 3254 καὶ
976 3185 1082 3264 πάντες
1094 3194 1255 3255 οῖΛευῖται
1267 3188 1324 3273 μετ’
1342 3190 1398 3254 αύ-

154 3295 218 3333 οου.
246 3269 273 3310 22
286 3271 337 3335 καὶ
361 3270 484 3354 ἐξῆλθεν
508 3267 527 3338 ’ὅ
552 3271 688 3360 βασιλεὺς
709 3276 761 3339 καὶ
793 3275 862 3348 τοῦ,
889 3275 1018 3359 αἴροντες
1035 3273 1090 3356 τήν
1109 3271 1236 3362 κιβωτόν
1255 3271 1398 3357 διαθήκης

152 3356 214 3427 ιτᾶς
227 3347 244 3417 5
258 3350 340 3431 οἶκος
358 3353 454 3421 αὐτού
474 3367 537 3433 τοῖς
549 3361 638 3423 ποσὶν
650 3354 758 3422 αύτιᾶν.
791 3361 893 3442 κυρίου
907 3355 969 3422 ἀπὸ
982 3353 1120 3443 Βαιθάρ.
1143 3358 1194 3421 καὶ
1206 3361 1332 3443 ἐύττησαν
1343 3359 1380 3459 τή

153 3440 204 3502 καὶ
221 3435 333 3522 ᾶφήκεν
350 3435 369 3503 5
386 3438 521 3526 βασιλεὺς
533 3440 605 3507 δέκα
617 3452 759 3519 γυναῖκας
792 3439 919 3526 κιβωτὸν
936 3446 994 3506 τού
1011 3445 1096 3506 θεοῦ.
1122 3443 1173 3504 καὶ
1190 3438 1245 3505 άνέ
1262 3469 1280 3525 η
1295 3439 1397 3526 Ἀβια-

153 3527 214 3585 τών
231 3522 396 3589 παλλακῶν
412 3522 511 3589 αὐτοῦ
527 3520 688 3628 φυλάσσειν
705 3522 759 3588 τόν
791 3533 855 3609 θαρ
869 3531 924 3600 ἕως
941 3527 1097 3590 ἐπαύσατο
1115 3527 1176 3597 πᾶς
1193 3520 1211 3584 5
1271 3521 1304 3596 ὸς
1316 3550 1397 3605 παρ-

153 3605 246 3670 οδκον.
272 3607 299 3648 ¹⁷
311 3610 362 3673 καὶ
379 3608 501 3692 ἐξῆλθεν
523 3632 541 3672 ο
557 3603 692 3694 βασιλεὺς
708 3609 759 3672 καὶ
792 3605 888 3672 ελθεῖν
905 3611 937 3672 ἐκ
954 3615 1008 3693 τῆς
1027 3607 1153 3680 πόλεως.
1179 3605 1209 3647 22
1223 3607 1273 3667 καὶ
1286 3603 1364 3699 εἶπεν
1378 3599 1395 3665 5

152 3683 261 3760 πάντες
275 3693 305 3751 οἱ
322 3690 424 3765 παῖδες
441 3688 539 3756 αὐτοῦ
555 3692 637 3774 πεζῇ,
662 3693 715 3755 καὶ
728 3695 758 3755 ἔ·
790 3688 925 3776 βασιλεὺς
943 3689 1019 3775 πρός
1031 3689 1086 3754 τὸν
1103 3680 1222 3752 Σαδάκ.
1248 3683 1396 3784 άπροτρη·

154 3793 268 3849 στησαν
289 3772 320 3834 ἐν
343 3773 416 3855 οἴκῳ
439 3778 483 3856 τῷ
506 3765 633 3860 μακράν.
666 3775 694 3817 ¹⁸
707 3776 759 3839 καὶ
791 3794 855 3856 φον
867 3774 921 3858 τήν
932 3771 1061 3859 κιβωτόν
1071 3771 1211 3833 τούθεοᾶ
1222 3770 1261 3839 εἷς
1273 3788 1326 3846 την
1337 3789 1396 3828 πο-

152 3846 261 3924 πάντες
274 3855 306 3915 οἱ
317 3856 420 3930 παῖδες
429 3853 525 3922 αύτού
538 3855 596 3922 ἆνά
608 3869 689 3942 χεῖρα
703 3856 760 3922 αύ-
791 3856 844 3920 λιν.
863 3857 915 3920 ἐάν
927 3856 1003 3940 εύρω
1015 3849 1100 3938 χάριν
1112 3856 1144 3916 ἐν
1156 3847 1329 3929 ὀφθαλμοῖς
1341 3873 1395 3910 κυ-

152 3935 210 3994 τοῦ
236 3940 384 4020 παρήνον,
409 3941 461 4003 καὶ
483 3945 545 4014 πᾶς
570 3941 687 4005 Χελεθλ
709 3943 760 4004 καὶ
791 3943 867 4023 ριόυ,
881 3938 1112 4039 καὶέπιστρέψει
1124 3957 1176 4014 με,
1189 3931 1395 4011 καὶδεῖξθμθῑ

151 4018 213 4086 πᾶς
236 4013 254 4079 5
279 4019 399 4094 Φελεθὶ,
417 4022 468 4083 καὶ
486 4025 613 4105 ἔστησαν
636 4023 687 4085 ἐπὶ
706 4026 760 4103 τῆς
791 4016 884 4103 αύτήν
896 4022 947 4084 καὶ
955 4016 1008 4100 τήν
1018 4009 1301 4100 ευπρέπειανάύτής.
1315 4015 1396 4078 22καὶ

152 4096 253 4171 ἕλαῖας
266 4101 297 4161 ἕν
309 4106 345 4189 τῇ
363 4099 470 4186 ἐρήμῳ.
510 4108 561 4167 καὶ
576 4107 636 4177 πᾶς
653 4098 670 4167 5
684 4103 758 4179 λαὸς
791 4097 844 4166 ἐᾶν
856 4103 923 4185 εἴπη
940 4097 1044 4174 ούτως.
1071 4095 1126 4161 ούκ
1145 4096 1280 4180 ἠθέληκα
1293 4101 1324 4162 ἐν
1336 4100 1395 4174 σού,

151 4181 371 4265 παρεπορεύετο
405 4182 538 4268 ἐχόμενος
568 4183 674 4259 αύτοᾶ,
709 4190 760 4252 καὶ
792 4181 858 4249 ἰδού
871 4176 930 4263 ἐχλύ
943 4188 1008 4268 εἶμι,
1020 4188 1143 4248 ποιείτω
1156 4179 1297 4263 μοικατᾶ
1309 4181 1345 4246 τὸ
1359 4180 1396 4246 ᾶ-

152 4258 260 4340 πάντες
274 4269 305 4329 οἶ
323 4267 390 4350 περὶ
410 4263 519 4340 αὐτόν,
546 4268 597 4331 καὶ
606 4264 715 4343 πάντες
729 4275 759 4335 οῖ
789 4266 891 4345 ναθὸν
912 4271 944 4332 ἔν
967 4266 1139 4349 ὀφθαλμοῖς
1162 4263 1267 4329 αύτού.
1304 4268 1332 4308 ²⁷
1345 4267 1395 4330 καὶ

153 4344 257 4435 ᾶδροὶ,
286 4352 337 4414 καὶ
350 4345 458 4424 πάντες
471 4353 503 4413 οἱ
514 4353 642 4433 μαχηταὶ
655 4349 759 4428 ἑξακό-
791 4349 867 4415 εἶπεν
880 4347 897 4415 5
911 4349 1048 4437 βασιλεὺς
1065 4354 1109 4432 τῷ
1122 4346 1233 4413 Σαδώκ
1251 4354 1295 4432 τῷ
1316 4353 1394 4433 ἱερεῖ.

154 4459 214 4499 σιοι
233 4433 343 4519 ἄνδρες.
376 4435 428 4498 καὶ
446 4438 587 4517 παρῆσαν
608 4435 660 4499 ἐπὶ
676 4446 759 4520 χεῖρα
792 4436 878 4511 ἴδετε,
904 4432 940 4499 σύ
955 4437 1136 4518 ἐπιστρέφεις
1150 4439 1187 4509 εἰς
1201 4433 1253 4517 τήν
1266 4430 1354 4498 πόλιν
1366 4437 1396 4496 ἐν

153 4517 257 4584 αὐτοῦ.
284 4520 335 4585 καὶ
348 4524 408 4597 πᾶς
421 4514 438 4585 5
454 4517 579 4596 Χελεθὶ,
604 4520 655 4585 καὶ
668 4522 728 4594 πᾶς
742 4516 759 4583 5
791 4515 898 4611 εἰρήνη,
925 4521 975 4585 καὶ
988 4515 1129 4606 Ἀχιμάας
1143 4514 1160 4582 5
1176 4514 1239 4594 υἱός
1253 4543 1321 4667 σομι,
1346 4517 1396 4617 καῖ

526 4627 529 4631 ·
1317 4624 1393 4664 ωνα-
