2924 4972
360 230 521 292 ΣοσιΑ
546 230 802 292 mmmm
845 229 1115 320 Ktv·ss'·r‘-2·3·
1295 234 1359 301 673

118 355 230 438 ὀρθοῦς,
244 352 344 431 ὀλίγος
354 355 414 418 ἐστί
423 356 474 416 καί
483 350 616 435 λυπηρός
629 350 724 436 ὁβίος
755 377 805 416 ται
816 357 935 438 πατέρα
951 352 1031 421 θεόν.
1057 358 1084 398 11
1097 360 1200 438 ι’δωμιν
1219 363 1244 422 εί
1262 363 1294 422 οί
1306 354 1360 422 λό-

117 434 199 521 ήμιῦν
217 439 267 500 καὶ
284 435 341 501 ούκ
360 438 440 499 ἔστιν
458 437 535 507 ίασις
556 438 587 498 έν
605 435 722 527 τελευτῇ
754 461 803 512 γοι
825 433 923 500 αὑτοῦ
944 436 1080 523 ἀληθεῖς,
1105 443 1156 503 καί
1177 439 1360 525 πειριίσωμεν

118 515 297 605 ἀνθρώπου,
324 519 374 582 καί
392 517 448 582 οῦκ
466 513 605 601 ἐγνώσθη
618 515 635 581 ὁ
649 515 723 582 ἀνα-
755 515 794 582 τά
812 521 843 583 ἐν
861 515 976 603 ε’κβάσει
996 520 1102 586 αὐτοῦ.
1128 524 1193 586 111εί
1208 527 1265 608 γάρ
1279 529 1360 591 ἐστιν

117 598 211 676 λύσας
224 604 254 678 ἑξ
274 598 360 678 ᾅδου.
386 604 401 642 ²
414 596 462 664 ότι
479 596 680 684 αὐτοσχεδίως
693 603 723 663 ἐ-
756 597 773 663 ὁ
786 600 899 676 δίκαιος
914 600 976 677 υίός
987 609 1078 680 θεοῦ,
1095 601 1289 688 ἀντιλήψεται
1302 603 1359 671 αῦ-

115 684 362 764 γιννήθημεν,καί
383 680 457 763 μετά
475 686 569 746 τοῦτο
591 680 723 762 ἐσόμεθα
756 688 823 759 τοῦ,
836 687 886 748 καί
903 680 1021 769 ῥύσεται
1038 685 1132 753 αύτόν
1149 692 1181 752 ἐκ
1199 689 1292 772 χειρὸς
1305 688 1358 754 ἀν-

117 762 721 852 ιύςοῦχύπάρξαντες,ότικαπνόςήπνοή
755 762 954 850 θεστηιιότων.
991 764 1114 852 111ύβρει
1131 767 1315 855 καίβοσάνῳ
1328 775 1359 836 ἀ-

117 855 149 916 ἒν
166 851 241 936 ῥισίν
259 846 352 933 ήμῶν,
378 852 430 914 καί
448 844 571 926 ὁλόγος
590 847 721 932 σπινθήρ
755 848 889 930 τάσωμεν
902 847 1006 926 αῦτόν,
1025 854 1078 915 ’ίνα
1097 857 1209 936 γνῶμεν
1226 853 1282 939 τήν
1294 856 1359 919 ἐπι-

89 971 93 979 ·
118 938 150 998 ἐν
171 928 278 1016 κινήσει
301 932 423 1017 καρδίας
445 927 538 1032 ήμιῦν,
565 921 631 994 1οῦ
654 936 720 1016 σβε-
756 938 859 996 είκειαν
876 929 990 1006 αύτοῦ,
1017 935 1068 996 καί
1085 933 1285 1016 δοκιμάσωμεν
1303 937 1359 1039 τήν

119 1020 246 1090 σθέντος
258 1018 355 1100 τέφρα
372 1014 554 1098 ἀποβησεται
573 1009 609 1076 τό
623 1018 720 1096 σῶμα,
756 1012 938 1090 ἀνεξικακίαν
952 1013 1056 1080 αύτοῦ.
1082 1017 1115 1058 ²⁰
1126 1012 1253 1100 θανάτῳ
1266 1017 1359 1102 ἀσχη-

116 1103 168 1163 καί
180 1096 216 1162 τό
229 1103 342 1179 πνεῦμα
364 1093 575 1198 διαχυθήσεται
594 1090 635 1170 ὥς
647 1101 720 1180 χαῦ-
754 1121 821 1178 μονι
833 1096 1073 1201 καταδικάσωχιεν
1085 1095 1188 1173 αύτόν,
1204 1103 1289 1164 ἔσται
1300 1102 1359 1186 γάρ

116 1205 165 1254 νος
178 1176 247 1263 ἀήρ.
273 1180 354 1243 1καί
366 1176 402 1242 τὸ
420 1177 513 1260 όνομα
526 1176 608 1261 ήμῶν
620 1178 723 1260 ἕπιλη-
756 1178 853 1244 αὐτοῦ
883 1184 1031 1264 ἐπισκοπη
1062 1183 1094 1245 ἐκ
1125 1180 1224 1258 λόγων
1254 1179 1359 1248 αύτοῦ.

119 1258 265 1343 σθήσεται
283 1265 314 1325 ἐν
330 1257 444 1344 χρόνῳ,
469 1263 520 1324 καί
533 1258 634 1334 οὐθείς
650 1286 723 1344 μνη·
755 1266 782 1304 ²¹
794 1266 894 1327 ταῦτα
905 1261 1098 1340 ἐλογίσαντο,
1124 1267 1174 1329 καί
1187 1261 1361 1350 ἐπλανήθη-

117 1343 247 1427 μονεύσει
260 1348 320 1409 τῶν
333 1347 428 1427 ι’·’ργων
440 1340 540 1426 ἡμῶν,
564 1346 617 1408 καί
630 1370 723 1427 παρε-
756 1371 821 1410 σαν.
848 1343 1044 1426 ἀπετύφλωσε
1061 1342 1122 1451 γὰρ
1140 1345 1251 1423 αύτούς
1267 1345 1286 1432 ή
1304 1374 1360 1413 κα-

118 1424 253 1493 λεύσεται
266 1425 283 1490 ὁ
295 1431 359 1513 βίος
372 1424 454 1509 ήμῶν
466 1424 506 1500 ὡς
519 1427 579 1511 ἴχνη
594 1427 722 1512 νεφελης,
756 1434 807 1491 κία
823 1424 940 1503 αὐτῶν,
965 1431 995 1470 ²²
1011 1430 1062 1493 καί
1080 1453 1136 1494 ουκ
1153 1433 1286 1507 ἔγνωσαν
1302 1458 1360 1513 μυ·

118 1511 223 1585 καίὼς
236 1506 341 1615 ὀμίχλη
360 1506 640 1592 διασκεδασθήσεται
653 1508 723 1574 διω-
757 1505 865 1594 στήρια
888 1515 974 1585 θεοῦ,
1000 1509 1071 1577 οῦδὲ
1094 1512 1207 1596 μισθόν
1231 1511 1360 1597 ήλπισαν

117 1606 226 1679 χθεῖσα
249 1620 309 1659 υπο
333 1590 461 1657 ἀκτίνων
480 1589 566 1673 ἡλίου
587 1595 639 1656 καί
663 1589 721 1657 ύπό
755 1590 925 1675 ὁσιότητος,
947 1591 1017 1658 οὐδὲ
1029 1596 1144 1678 ἔκριναν
1153 1599 1241 1681 γέρας
1254 1602 1359 1700 φυχῶν

117 1674 300 1761 θερμότητος
313 1675 409 1740 αὐτοῦ
420 1680 609 1761 βαρυνθεῖσα.
624 1677 722 1750 1σκιάς
755 1671 891 1757 ἀμιόμων.
918 1671 1000 1740 13ὅτι
1014 1675 1032 1741 ὁ
1045 1674 1117 1752 θεὸς
1132 1681 1227 1744 ἔκτισε
1240 1704 1292 1744 τον
1304 1677 1359 1744 ἀν-

117 1760 177 1844 γόιρ
205 1758 342 1844 πόροδος
367 1756 384 1823 ὁ
405 1763 470 1844 βίος
491 1755 582 1841 ήμῶν,
595 1759 645 1822 καί
667 1755 721 1823 οῦκ
754 1767 881 1842 θρωπον
908 1755 952 1822 ἐπ’
982 1758 1159 1844 ἀφθαρσίᾳ,
1185 1764 1237 1826 καί
1260 1759 1359 1828 εἰκόνα

118 1847 198 1909 ἔστιν
210 1840 414 1925 ἀναποδισμός
427 1846 478 1924 τῆς
486 1842 617 1925 τελευτῆς
630 1838 721 1925 ἡμῶν,
754 1845 807 1923 τῆς
831 1842 907 1916 ἰδίας
927 1838 1072 1923 ἰδιότητος
1095 1846 1232 1927 ἐποίησεν
1254 1842 1356 1911 αὐτόν.

117 1925 165 1991 ότι
182 1931 432 2012 κατεσφραγίσθη,
460 1927 511 1989 καί
531 1923 625 1999 οὐδεὶς
646 1925 721 1989 ἀνα-
754 1924 785 1964 ²⁴
800 1920 908 2008 φθόνῳ
930 1923 963 1989 δὲ
984 1924 1125 2011 διαβόλου
1148 1923 1284 2003 θάνατος
1301 1933 1356 2003 είς-

119 2013 244 2094 στρέφει.
277 2009 388 2073 11δεῦτε
401 1996 457 2074 οῦν
469 2009 520 2072 καί
533 2004 720 2073 ἀπολαύσω-
752 2006 844 2090 ήλθεν
862 2013 901 2082 είς
916 2006 970 2073 τὸν
987 2005 1115 2091 κόσμον,
1146 2012 1357 2094 21πειράζουσι

115 2117 166 2176 μεν
179 2098 238 2159 τῶν
251 2092 346 2157 ὀντων
357 2092 494 2170 ἀγαθῶν,
508 2096 559 2157 καί
570 2087 721 2175 χρησόμε·
753 2089 785 2154 δὲ
797 2087 891 2156 αύτόν
903 2094 934 2154 οί
946 2095 998 2175 τῆς
1015 2095 1127 2157 ἐκείνου
1137 2094 1254 2180 μερίδος
1266 2093 1355 2170 ὀντες.

117 2186 164 2240 θα
181 2182 218 2258 τή
234 2181 325 2241 κτίσει
342 2172 382 2248 ὡς
403 2170 520 2256 νεότητι
539 2175 719 2246 σπουδαίως.
945 2180 1020 2237 ΚΕ
1033 2180 1070 2238 Φ.
1113 2175 1165 2238 Γ.

118 2247 231 2324 7οίνόυ
248 2256 426 2330 πολυτελοῦς
453 2257 506 2319 καί
523 2254 625 2335 μύρων
642 2255 720 2336 πλη·
753 2221 902 2319 Λικαίων
914 2254 946 2319 δὲ
960 2258 1054 2357 ψυχαί
1065 2259 1095 2318 ἐν
1106 2259 1177 2339 χειρί
1187 2261 1280 2332 θεοῦ,
1305 2259 1357 2334 καί

118 2345 250 2422 σθιῦμεν,
277 2341 327 2402 καί
346 2337 386 2420 μή
409 2335 623 2421 παροδευσάτω
646 2333 721 2438 ήμῦς
753 2334 790 2399 οῦ
802 2336 843 2419 μή
857 2333 975 2419 ἅψηται
989 2341 1088 2400 αυτιῦν
1103 2334 1241 2422 βάσανος.
1267 2340 1356 2404 2ἐδο-

118 2423 213 2494 ἀνθος
241 2420 337 2504 ἀέρος.
377 2420 392 2462 1
418 2415 600 2500 στεψιόμεθα
624 2417 720 2504 ροδων
752 2421 805 2494 ξαν
817 2423 847 2482 ἓν
860 2416 1030 2500 ὀφθαλμοῖς
1050 2416 1190 2503 ἀφρόνων
1202 2418 1355 2499 τεθνάναι,

117 2502 236 2579 κόλυξιν
261 2501 348 2588 πρινή
373 2506 571 2602 μαρανθήναι.
597 2501 721 2584 11μηδεὶς
752 2503 803 2564 καί
815 2501 958 2582 ἐλογίσθη
968 2497 1234 2585 κάκωσιςήέξοδος
1245 2501 1354 2569 αὐτῶν.

118 2586 201 2671 ήμῶν
213 2584 334 2669 ἀμοιρος
347 2588 422 2649 ἔστω
435 2589 488 2666 τῆς
500 2587 640 2668 ημετέρας
653 2582 720 2660 ἀγε-
752 2585 767 2625 ³
779 2587 830 2647 καί
846 2580 865 2665 ἡ
883 2580 934 2663 ἀφ’
955 2580 1038 2666 ήμῶν
1055 2591 1163 2668 πορεία
1180 2585 1355 2670 σύντριμμα,

116 2675 242 2817 ρωχήας,
267 2666 626 2770 πανταχήνκαταλίπωρεν
644 2662 720 2767 ρύμ-
752 2671 783 2730 οῖ
795 2667 831 2730 δέ
840 2671 911 2730 εἰσιν
930 2670 962 2729 ἐν
975 2661 1082 2753 εἰρήνη.
1108 2667 1124 2708 4
1137 2671 1188 2732 καί
1204 2667 1263 2752 γάρ
1276 2672 1307 2770 έν
1321 2667 1356 2733 ὀ-

114 2758 154 2840 βο
212 2756 265 2836 της
283 2750 476 2835 εόφροσυνης,
489 2748 537 2812 ὁτι
549 2749 626 2830 αύτη
639 2777 657 2832 η
670 2773 719 2831 με-
751 2771 805 2832 ψει
817 2744 991 2834 ἀνθριόπων
1000 2748 1053 2814 ἐὰν
1062 2750 1260 2826 κολασθῶσιν,
1273 2779 1292 2836 η
1305 2750 1356 2816 ἐλ-

114 2839 159 2920 ρίς
173 2835 253 2919 ήμῶν
266 2831 344 2899 καίό
359 2835 466 2917 κλῆρος
478 2823 573 2906 οὗτος.
586 2835 718 2896 111κατα-
751 2835 802 2907 πίς
818 2831 920 2897 αύτιῦν
942 2829 1113 2910 ἀθανασίας
1130 2831 1252 2919 πλήρης.
1279 2835 1356 2900 1καί

113 2915 352 3000 δυναστεύσωμεν
376 2919 489 2999 πένητα
515 2915 638 2992 δίκαιον,
676 2913 717 2999 μή
751 2913 838 2993 ὀλίγα
856 2915 1063 2991 παιδευθέντες
1074 2914 1187 3018 μεγάλα
1206 2917 1355 3022 εὐεργετη-

113 2998 288 3085 φεισόμεθα
300 2996 401 3086 χήρας,
410 2997 481 3084 μηδὲ
491 2995 659 3085 πρεσβύτου
672 3001 717 3061 ε’ν-
749 2996 904 3081 θήσονται,
929 2994 976 3063 ὅτι
996 2996 1014 3062 ὃ
1031 3009 1102 3075 θεος
1123 3003 1276 3086 ἐπείρασεν
1298 3027 1356 3066 αυ-

112 3092 271 3170 τραπῶμεν
282 3081 392 3158 πολιὰς
404 3084 629 3167 πολυχρονίους.
654 3085 678 3123 ¹¹
686 3083 717 3145 ἔ-
749 3079 830 3156 τούς,
843 3084 893 3146 καί
905 3071 983 3167 εῦρεν
997 3081 1107 3158 αύτούς
1121 3083 1223 3160 ἀξίους
1235 3086 1354 3150 ἑαυτοῦ.

114 3195 175 3235 στω
190 3169 223 3234 δὲ
234 3167 318 3252 ήμῶν
330 3165 349 3250 ή
363 3165 443 3271 ίσχύς
460 3167 547 3248 νόμος
558 3170 612 3249 τῆς
623 3165 718 3229 δικαι·
749 3161 818 3239 θὼς
834 3162 946 3268 χρυσόν
963 3168 995 3230 ἐν
1012 3172 1198 3253 χωνευτηρίῳ
1216 3167 1354 3251 ἐδοκίμα-

112 3249 233 3336 οσύνης,
251 3250 287 3317 τὸ
305 3247 363 3334 γὰρ
382 3248 504 3324 ἀσθενὲς
520 3248 669 3332 ἀχρήστου
686 3250 717 3310 ἐ-
750 3272 797 3313 σεν
809 3246 935 3325 αυτούς,
960 3245 1063 3324 καίῶς
1077 3245 1282 3335 ὁλοκάρπωμα
1294 3261 1354 3314 θυ-

111 3336 252 3419 λέγχεται.
283 3338 312 3376 ¹²
325 3330 532 3418 ἐνεδρεύσωμεν
549 3331 580 3396 δὲ
598 3330 652 3396 τὸν
671 3331 716 3395 δι’·
749 3337 813 3406 σίας
838 3331 1034 3416 προςεδεξατο
1060 3329 1179 3406 αύτούς.
1221 3335 1299 3396 1καί
1321 3335 1354 3396 ἐν

111 3443 213 3492 καιον,
239 3419 286 3481 ὅτι
299 3413 474 3499 δῦςχρηστος
488 3410 555 3498 ήμῒν
568 3416 640 3488 ἐστι,
664 3414 716 3477 καί
748 3418 842 3498 καιρῷ
856 3418 1019 3494 ἐπισκοπῆς
1039 3411 1141 3479 αῦτιῦν
1154 3408 1353 3492 ἀναλάμιμου-

111 3504 301 3565 ἐναντιοῦται
318 3508 381 3570 τοῖς
400 3501 497 3581 ἔργοις
512 3493 603 3578 ήμῶν,
617 3498 668 3558 καί
680 3492 715 3557 ὀ-
748 3519 803 3570 σιν,
816 3496 867 3557 καί
880 3491 920 3568 ὦς
933 3498 1092 3580 σπινθῆρες
1110 3498 1141 3558 ἒν
1154 3489 1273 3588 καλάμη
1286 3493 1353 3558 δια-

111 3582 221 3657 νειδίζει
235 3578 303 3664 ἡμῖν
320 3574 517 3662 ἁμαρτήματα
530 3574 639 3658 νόμου,
665 3577 716 3639 καί
747 3577 938 3662 δραμοῦνται.
987 3577 1004 3619 ⁸
1029 3581 1177 3662 κρινοῦσιν
1201 3579 1276 3661 ε”θνη
1300 3578 1353 3642 καί

110 3666 272 3748 ἕπιφημίζει
285 3659 353 3746 ἡμῖν
369 3654 569 3744 ἁμαρτήματα
581 3658 716 3732 παιδείας
747 3654 930 3744 κρατήσουσι
942 3657 1034 3736 λαοῦν,
1055 3660 1106 3723 καί
1117 3657 1282 3743 βασιλεύσει
1293 3657 1352 3725 αύ-

110 3745 202 3832 ήμιῦν.
238 3748 265 3788 ¹³
279 3744 491 3821 ἐπαγγέλλεται
513 3745 620 3818 γνοῦσιν
644 3743 715 3843 ἔχειν
746 3745 807 3805 τῶν
819 3737 919 3827 κύριος
930 3746 969 3816 είς
980 3738 1053 3817 τούς
1065 3746 1183 3816 αἰῶνας.
1225 3744 1352 3809 9σίπε-

109 3835 201 3907 θεοῦ,
226 3832 278 3894 καί
295 3829 390 3893 παῖδα
409 3831 510 3910 κυρίου
528 3822 715 3890 ἕαυτόνονο-
746 3820 889 3899 ποιθότες
905 3822 949 3890 ἐπ’
975 3821 1060 3908 αύτῷ
1083 3821 1258 3928 συνήσουσιν
1275 3822 1352 3910 ἀλή-

110 3909 198 3997 μάζει.
223 3913 253 3955 ¹⁴
266 3915 380 3991 ἐγένετο
399 3908 466 3994 ήμῖν
478 3913 517 3984 είς
535 3908 658 3993 ἔλεγχον
670 3909 715 3972 ἐν·
747 3919 842 3983 θειαν,
860 3911 912 3973 καί
929 3917 961 3973 οί
975 3912 1076 3974 πιστοί
1094 3911 1125 3974 ἐν
1138 3904 1242 3992 αγάπη
1258 3937 1283 3975 π
1302 3935 1351 3984 ος-

109 4001 197 4061 νοιιῦν
209 3993 298 4082 ήμῶν.
312 3992 405 4101 βαρύς
417 3998 496 4058 ἔστιν
507 3988 575 4077 ήμῖν
586 3993 637 4056 καί
648 3991 714 4078 βλε-
745 3996 879 4074 μενοῦσιν
900 3988 996 4076 αύτῷ,
1021 3986 1068 4056 ότι
1088 3988 1171 4077 χάρις
1194 3983 1247 4058 κάί
1267 4019 1282 4058 ε
1318 4018 1351 4069 ος

109 4075 247 4162 πόμενος,
271 4080 298 4122 ¹⁵
311 4075 358 4142 ότι
377 4074 520 4159 ἀνόμοιος
534 4086 599 4150 τοῖς
611 4074 714 4149 ἀλλοις
747 4085 811 4150 τοῖς
824 4074 971 4148 ἐκλεκτοῖς
982 4072 1087 4140 αύτοῦ.
1110 4079 1140 4119 ¹⁰
1153 4080 1184 4141 σί
1195 4075 1228 4140 δὲ
1240 4074 1351 4162 ἀσεβεῖς

110 4160 129 4227 ὁ
152 4167 217 4248 βίος
241 4160 346 4236 αύτοῦ,
371 4163 423 4225 καί
448 4156 656 4241 ἐξηλλαγμέναι
681 4162 713 4221 αί
745 4155 829 4223 καθά
843 4158 1018 4236 ἐλογίσαντο
1032 4160 1133 4235 ἐξουσι
1146 4162 1305 4242 ἐπιτιμίαν,
1319 4163 1351 4225 οἶ

110 4250 206 4332 τρίβσι
225 4249 328 4312 αυτοῦ.
357 4245 439 4318 11είς
455 4242 596 4329 κίβδηλον
612 4241 712 4319 ἐλογί-
745 4235 938 4324 ἀμελήσαντες
953 4245 1010 4305 τοῦ
1025 4243 1145 4308 δικαίου
1162 4245 1281 4307 καὶτοῦ
1294 4268 1349 4306 κυ-

109 4337 222 4410 σθημεν
239 4327 339 4411 αύτῷ,
369 4331 421 4391 καί
440 4323 580 4410 ἀπέχεται
595 4328 657 4389 τῶν
678 4320 712 4387 ὁ·
744 4330 810 4408 ρίου
823 4321 1017 4400 ἀποστάντες.
1055 4329 1081 4368 11
1095 4331 1206 4406 σοφίαν
1223 4324 1283 4407 γάρ
1297 4327 1350 4390 καί

107 4411 168 4475 δῶν
180 4407 260 4491 ήμῶν
271 4408 312 4486 ἀς
324 4407 386 4474 ἀπὸ
397 4406 602 4492 ἀκαθαρσιῶν,
613 4432 712 4488 μακα-
744 4408 880 4472 παιδείαν
905 4404 923 4473 ὁ
949 4410 1115 4485 λξουθενιῦν
1147 4407 1287 4471 ταλαίπω
1306 4432 1349 4481 ος,

106 4495 176 4581 ρίζει
188 4495 299 4577 ἔσχατα
311 4492 445 4571 δικαίων,
471 4492 523 4559 καί
535 4483 708 4568 ἀλαζονεύε·
743 4493 795 4556 καί
806 4487 872 4573 κενή
889 4487 899 4510 ‘
917 4490 1001 4565 ἐλπίς
1013 4488 1129 4565 αὐτῶν,
1155 4491 1207 4554 καί
1218 4493 1249 4554 οί
1260 4514 1293 4587 ιι,
1320 4513 1350 4591 φι

933 4594 955 4635 u
1277 4595 1349 4636 avo·
