2924 4972
142 216 185 281 28
433 217 469 276 Γ
477 219 506 276 Ε
515 215 555 277 Ν
564 218 635 277 ΕΣ
644 219 666 276 1
672 218 705 276 Σ
743 217 820 291 Κεφ.
832 207 887 294 κη’.
899 206 959 275 κθ’.
972 209 1024 277 98.
1035 210 1087 278 29.

142 329 215 404 στὰς
238 325 393 415 όπόδραθι
411 332 450 403 είς
466 327 749 411 τηνΜεσοποταμί-
780 322 1392 414 ῥόν,καίέπίόνατολός.καίένευίογηθη-

142 436 194 490 αν,
217 416 258 487 είς
274 410 327 476 τὸν
347 411 428 477 οἶκον
444 409 597 495 Βαθσυίηλ
616 414 671 475 τοῦ
689 436 750 475 πα·
781 432 880 475 σονται
897 411 927 472 ἐν
945 411 993 474 σοὶ
1007 412 1103 474 πόσαι
1116 409 1254 490 αῦφυλαί
1267 415 1319 496 τῆς
1328 417 1392 496 γῆς,

142 494 212 581 πρὸς
225 499 275 577 τῆς
291 491 401 583 μητρός
419 519 481 560 σου.
507 496 559 559 καί
575 489 646 582 λόβε
665 519 750 560 σεαυ-
780 494 831 557 καί
852 495 883 556 ἐν
899 495 945 572 τῷ
963 494 1109 576 σπέρματί
1126 517 1187 556 σου.
1213 495 1240 537 ¹⁵
1253 496 1306 559 καί
1327 496 1392 563 ίδοῦ

142 582 188 661 τῷ
200 581 309 643 ἐκεῖθεν
317 590 442 657 γυναῖκα
454 581 486 642 ἐκ
503 582 564 643 τιῦν
575 578 751 663 θυγατέρων
781 572 839 655 ε’γό
852 581 907 658 είμι
923 574 997 657 μετό
1015 579 1070 644 σοῦ,
1087 570 1295 656 διαφυλόσσων
1312 604 1343 644 σε
1361 583 1393 644 έν

141 656 251 746 Λόβαν
268 666 323 727 τοῦ
342 661 471 742 ἀδελφοῦ
487 666 539 745 τῆς
562 656 672 747 μητρός
688 685 749 725 σου.
782 663 821 750 τῇ
837 658 899 742 ὁδῷ
918 654 1015 753 πόση,
1041 651 1077 722 οῦ
1095 655 1134 722 όν
1156 665 1316 754 πορευθῇς.
1340 664 1394 728 καί

142 740 223 810 1ὃδὲ
234 741 305 820 θεός
316 771 373 827 μου
384 740 538 829 εῦλογησαι
550 769 590 822 σε,
599 746 650 810 καί
661 739 750 826 αὐξη-
782 743 967 828 όποστρέψω
980 767 1011 807 σε
1022 745 1062 816 είς
1073 739 1127 824 τὴν
1137 746 1193 824 γῆν
1203 739 1322 829 ταύτην.
1345 743 1392 811 ότι

143 853 192 893 σαι
210 852 255 906 σε,
279 829 330 892 καί
345 824 495 912 πληθύναι
512 852 550 893 σε.
575 829 628 892 καί
645 829 696 918 έση
712 831 751 901 είς
782 823 818 890 οῦ
830 821 870 909 μό
883 851 913 891 σε
925 824 1129 903 ἐγκαταλίπω,
1154 830 1210 900 ἕως
1231 832 1287 892 τοῦ
1303 834 1393 913 ποιῆ-

143 909 316 987 συναγωγός
327 913 430 976 ἐθνῶν.
455 912 538 976 1ιιαδ
554 907 617 995 δῴη
634 935 680 976 σοι
698 908 751 992 την
782 915 833 974 σαί
843 904 988 992 μεπόντα
999 904 1056 974 ὅσα
1073 903 1202 990 έλόλησό
1220 935 1275 975 σοι.
1301 912 1393 977 11ιιοί

143 996 278 1078 εὐλογίαν
289 990 425 1081 Ἀβραὰμ
435 999 491 1059 τοῦ
501 989 615 1080 πατρός
625 1020 682 1077 μου
693 994 750 1070 σοί,
782 996 925 1087 ἐξηγέρθη
941 990 1052 1077 Ἰακώβ
1062 994 1094 1055 ἐκ
1106 995 1161 1055 τοῦ
1175 988 1267 1058 ῦπνου
1286 992 1391 1073 αῦτοῦ,

141 1077 194 1140 καί
209 1081 250 1159 τῷ
262 1079 472 1163 σπέρματίσου
482 1076 556 1160 μετὰ
568 1076 617 1154 σὲ,
641 1076 751 1163 κληρο-
781 1079 834 1142 καί
846 1095 930 1141 ειπεν.
956 1071 1003 1141 ὅτι
1024 1079 1084 1140 ε”στι
1096 1069 1194 1159 κύριος
1206 1077 1237 1140 ἐν
1248 1080 1293 1160 τῷ
1306 1074 1391 1162 τόπῳ

142 1164 265 1242 νομῆσαι
278 1159 331 1243 την
339 1165 395 1244 γῆν
407 1165 458 1244 τῆς
469 1156 669 1246 παροικήσεοίς
687 1186 750 1236 σου,
782 1155 895 1244 τούτῳ,
918 1158 977 1237 ἐγὼ
989 1156 1021 1223 δὲ
1033 1155 1087 1223 οῦκ
1104 1157 1187 1250 ᾔδειν.
1211 1160 1303 1226 11καί
1319 1163 1390 1243 ίφο-

141 1239 178 1346 ἢν
197 1244 301 1307 ὲδωκεν
319 1239 337 1309 ὁ
353 1243 425 1319 θεὸς
440 1249 487 1326 τῷ
498 1240 642 1332 Ἀβραάμ
669 1244 751 1307 ὅκαί
780 1237 870 1348 βηθη.
895 1243 948 1307 καί
959 1240 1043 1307 εἶπεν.
1069 1237 1110 1316 ός
1219 1241 1246 1319 ’ς
1261 1239 1280 1308 ὁ
1297 1239 1391 1320 τόπος

142 1326 308 1391 απέοτειλεν
321 1323 425 1393 Ἰσαὰκ
441 1327 495 1392 τὸν
508 1324 626 1412 Ἰακώβ.
650 1329 703 1392 καὶ
719 1329 750 1390 ι’·
783 1351 879 1402 ουτος.
905 1323 959 1390 οῦκ
984 1329 1045 1390 ἐστι
1065 1329 1156 1390 τοῦτο
1178 1323 1199 1391 ό
1234 1325 1242 1346 '
1267 1325 1287 1430 η’
1309 1325 1391 1405 ολκσς

140 1405 275 1491 πορεύθη
293 1415 332 1484 είς
352 1409 405 1490 την
421 1415 658 1491 Μεσοποταμίαν
675 1408 751 1494 πρὸς
781 1414 871 1485 θεοῦ,
895 1410 947 1474 καί
958 1403 1065 1491 αῦτηῆ
1082 1403 1162 1492 πύλη
1179 1413 1234 1474 τοῦ
1250 1415 1388 1497 ουρανοῦ.

141 1493 195 1555 A&
264 1492 317 1555 τὸν
334 1493 399 1555 υίδν
409 1491 562 1575 Βαθουίβ.
572 1497 629 1556 τοῦ
639 1486 750 1577 Σύρου,
782 1493 811 1535 ¹⁸
823 1493 875 1556 καί
886 1490 1112 1578 όνέστηἸακώβ
1123 1491 1159 1557 τὸ
1171 1493 1266 1578 πρωῒ,
1290 1495 1342 1557 καί
1358 1497 1390 1558 έ-

143 1570 195 1639 όδε
242 1573 271 1638 ’ν
283 1570 437 1660 Ῥεβέκκας
453 1579 505 1657 τῆς
520 1573 629 1678 μητρὸς
641 1572 752 1661 Ἰακὼβ
783 1573 855 1660 λαβε
866 1574 920 1639 τὸν
930 1575 1018 1640 λίθον
1030 1571 1064 1638 ὃν
1077 1571 1221 1658 ὑπέθηκεν
1239 1579 1298 1640 ἐκεῖ
1313 1576 1390 1662 πρὸς

142 1661 194 1723 καί
202 1655 309 1723 Ἡσαῦ.
336 1659 351 1699 ⁶
364 1659 405 1722 ίδε
417 1656 449 1721 δὲ
457 1653 556 1723 Ἠσαῦ
568 1659 614 1724 ὅτι
629 1653 751 1740 εύλόγη
782 1657 909 1742 κεφαλῆς
920 1655 1021 1723 αὐτοῦ.
1034 1660 1086 1722 καί
1094 1661 1209 1742 ἔστησεν
1217 1658 1309 1725 αὑτὸν
1318 1656 1389 1743 στη-

144 1767 190 1807 σεν
204 1740 308 1806 Ἰσαὰκ
326 1739 380 1805 τὸν
394 1739 518 1826 Ἰακὼβ,
544 1743 593 1806 καί
616 1740 751 1806 ἀπέστυ-
783 1740 849 1844 λην,
873 1743 925 1807 καί
938 1744 1048 1846 έπέρεεν
1063 1741 1163 1807 ἔλαιον
1179 1743 1228 1806 ἐπί
1245 1741 1280 1808 τὸ
1297 1742 1389 1829 όκρον

144 1825 190 1889 λεν
202 1830 241 1898 είς
254 1823 306 1905 τὴν
318 1831 554 1906 Μεσοποταμίαν
562 1831 684 1910 Συρίας,
696 1824 751 1888 λα-
783 1829 881 1907 αυτῦς.
911 1826 940 1868 ¹⁹
956 1851 1009 1889 και
1028 1820 1143 1890 έκόλεοε
1162 1824 1198 1890 τὸ
1221 1824 1313 1909 ὄνομα
1334 1830 1389 1893 τοῦ

143 1914 203 2056 ff,
215 1910 313 1990 ἐαυτῷ
325 1918 453 2010 μυναῖκα
469 1911 578 1973 ἐκεῖθεν
594 1911 625 1973 ἐν
640 1912 685 1992 τῷ
703 1904 751 1971 εύ-
782 1903 878 1973 τόπου
899 1911 1020 1985 ἐκείνου,
1045 1908 1125 1985 οἶκος
1146 1913 1228 1974 θεοῦ.
1255 1907 1307 1974 καί
1328 1907 1389 1974 Θύ-

180 2001 240 2069 γεῖν
260 1991 358 2055 αὐτον.
397 1993 449 2056 καί
473 1991 632 2057 ἐνετείλατο
657 1987 750 2073 αύτῷ,
782 1981 957 2076 λαμλούζῆν
969 1991 1062 2073 ὄνομα
1074 1996 1112 2074 τῆ
1125 1987 1209 2056 πόλει
1228 1991 1264 2058 τὸ
1280 1989 1387 2080 πρόσει

144 2076 246 2153 λέγων.
261 2073 297 2138 οῦ
308 2069 391 2167 ληιμη
403 2086 526 2152 γυναῖκα
539 2078 570 2138 έκ
582 2078 643 2139 τῶν
652 2085 751 2152 θυγα-
781 2099 841 2160 ρον.
867 2078 898 2119 ²⁰
911 2078 962 2140 καί
973 2075 1084 2158 ηὔξατο
1094 2062 1204 2162 Ἰακὼβ
1219 2069 1314 2180 εῦχην,
1339 2076 1389 2141 λέ-

143 2162 239 2244 τέρων
253 2162 312 2222 των
326 2164 514 2223 Χαναναίων.
539 2158 616 2223 uae
633 2155 752 2243 ἤκουσεν
780 2182 851 2236 γων.
875 2156 927 2224 ἐόν
944 2147 963 2242 ἦ
981 2156 1079 2244 κύριος
1096 2155 1113 2225 ῦ
1135 2161 1206 2234 θεὸς
1224 2185 1277 2242 μετ
1307 2162 1388 2243 ἐμοῦ,

140 2239 253 2320 Ἰακὼβ
264 2244 319 2306 τοῦ
331 2241 443 2325 πατρὸς
454 2245 506 2306 καί
518 2245 569 2325 τῆς
578 2241 686 2328 μητρὸς
695 2240 752 2306 αύ-
781 2243 832 2305 καί
845 2235 1009 2337 διαφυλόξη
1020 2267 1055 2326 με
1068 2245 1098 2307 ίν
1108 2247 1146 2325 τῇ
1159 2239 1222 2325 ὁδῷ
1232 2240 1343 2338 ταύτῃ,
1367 2235 1387 2327 ἦ

144 2329 209 2391 τοῦ.
232 2326 282 2389 καί
294 2320 441 2412 ἐπορεύθη
453 2330 492 2401 εἰς
503 2324 557 2409 την
567 2333 752 2391 Μεσοποτα-
781 2324 839 2402 ἐγὼ
852 2321 1029 2412 πορεύομαι,
1043 2327 1095 2393 καὶ
1105 2327 1149 2408 δῷ
1160 2352 1210 2408 μοι
1223 2325 1315 2410 όρτον
1327 2315 1388 2406 φό-

145 2414 215 2492 μίαν
226 2414 345 2496 Συρίας.
371 2409 387 2452 ⁸
401 2408 470 2474 ίδών
481 2409 514 2475 δὲ
528 2405 687 2475 καίἩσαῦ
705 2404 751 2473 ὅτι
780 2419 850 2486 γεῐν,
862 2411 913 2473 καί
927 2405 1042 2491 ίμότιον
1052 2409 1273 2496 περιβαλέσθαι,
1297 2411 1326 2451 11
1336 2411 1389 2474 καί

143 2499 274 2579 πονηραί
294 2497 363 2557 είοιν
384 2496 419 2557 αί
439 2496 600 2579 θυγατέρες
623 2490 752 2558 Χαναὰν
782 2488 960 2588 όποστρέιμρ
976 2517 1010 2576 με
1027 2492 1099 2575 μετό
1118 2499 1262 2579 σωτηρίας
1280 2496 1319 2568 είς
1335 2492 1388 2559 τὸν

145 2579 275 2641 ἐναντίον
302 2573 405 2642 Ἰσαὰκ
432 2581 488 2642 τοῦ
509 2575 625 2661 πατρὸς
647 2573 751 2651 αὐτοῦ,
782 2573 863 2641 οἶκον
879 2579 935 2642 τοῦ
952 2571 1066 2662 πατρός
1083 2602 1149 2658 μου.
1171 2578 1222 2641 καί
1241 2579 1322 2641 έοται
1334 2571 1386 2640 κύ-

146 2661 162 2702 ⁹
181 2653 329 2744 ἐπορεύθη
342 2655 442 2723 Ἡσαῦ
457 2659 533 2743 πρὸς
547 2655 676 2742 Ἰσμαηλ
701 2659 752 2721 καί
781 2654 843 2764 ριός
853 2685 903 2737 μοι
915 2664 954 2734 είς
965 2655 1044 2723 θεόν.
1064 2656 1179 2724 12καίδ
1193 2659 1279 2735 λίθος
1289 2652 1387 2737 οῦτος,

145 2743 232 2827 ἔλαβε
249 2740 444 2824 τηνΜαελὲθ
459 2744 615 2824 θυγατέρα
630 2738 752 2825 Ἰσμαηλ
781 2738 816 2805 όν
842 2741 949 2823 έστησα
973 2736 1094 2823 στήλην,
1128 2743 1209 2804 έσται
1233 2766 1282 2823 μοι
1308 2740 1388 2817 σίκυς

145 2828 201 2889 τοῦ
213 2827 280 2888 υἱοῦ
291 2819 443 2909 Ἀβραὰμ,
466 2820 593 2906 ἀδελφὴν
605 2822 751 2910 Νοβεώθ,
781 2829 863 2888 θεοῦ.
895 2825 947 2886 καί
962 2818 1097 2898 πόντων,
1122 2815 1164 2887 όν
1181 2820 1234 2887 ἐόν
1251 2847 1300 2904 μοι
1319 2825 1386 2908 δρῦς,

144 2903 591 3075 ρτορὸςιτέρῖςλθρυνριξίρβαύτρῦ
618 2917 749 3011 γυναῖκα.
782 2900 904 2990 δεκότην
914 2899 1224 3055 όπρβεὲαῶόσωέἒρό
1238 2931 1292 2972 σοι.

187 3017 237 3055 και
358 3012 374 3052 ν
407 3015 470 3053 ακω
508 3015 569 3053 απσ
582 3014 636 3055 του
699 3015 751 3054 ea·
1077 3039 1082 3050 .
1203 3037 1211 3052 .

143 3099 196 3149 τσς
208 3079 261 3137 τοῦ
275 3016 372 3158 δίσκου.
389 3074 440 3136 καί
450 3067 596 3158 ἐπορεύθη
609 3078 648 3148 είς
656 3016 750 3160 δίαρ-
830 3072 865 3136 al
880 3067 985 3159 ίξόρας
998 3069 1108 3160 Ἰακώβ
1122 3072 1192 3149 τοὺς
1207 3067 1303 3149 πόδας
1314 3075 1387 3139 έπο-

145 3152 209 3243 ῥόν.
234 3159 260 3199 11
272 3157 323 3220 καί
336 3151 480 3239 ἀπήντησε
492 3155 585 3242 τόπῳ.
609 3158 660 3222 καί
673 3159 749 3222 ε’κοι-
779 3151 872 3239 ρεύθη
888 3161 928 3231 είς
943 3161 998 3240 γῆν
1015 3154 1167 3223 όνατολοῦν
1187 3157 1262 3243 πρὸς
1277 3152 1387 3244 Λόβαν

143 3236 227 3324 μόθη
240 3242 304 3303 ἐκεῖ.
330 3240 379 3303 ἔδυ
391 3235 479 3324 γόρὸ
498 3235 584 3322 ἥλους.
609 3241 661 3306 καί
677 3241 749 3304 ἐλα-
780 3238 832 3306 τὸν
844 3238 909 3305 υίδν
920 3239 1074 3322 Βαθουὴλ
1092 3244 1147 3306 τοῦ
1161 3237 1275 3325 Σύρου,
1300 3237 1386 3305 όδελ-

142 3328 192 3410 βεν
203 3321 267 3387 ἀπὸ
278 3326 339 3386 τῶν
349 3322 445 3386 λίθων
457 3327 511 3386 τοῦ
523 3319 618 3389 τόπου
622 3373 632 3400 ,
654 3324 748 3388 καλέ·
779 3323 836 3404 φὸν
856 3322 889 3388 δὲ
906 3320 1059 3410 Ῥεβέκκας
1079 3320 1187 3407 μητρὸς
1213 3323 1316 3428 Ιακώβ
1334 3325 1386 3389 καί

143 3418 217 3491 θηκε
228 3406 304 3492 πρὸς
315 3406 440 3488 κεφαλῆς
452 3403 553 3471 αύτοῦ.
570 3409 621 3472 καὶ
633 3401 748 3489 ίκοιμη-
773 3405 881 3472 Ἡσαῦ.
906 3408 986 3473 2καί
997 3404 1064 3492 ὁρᾷ.
1088 3408 1139 3471 καί
1160 3407 1224 3473 ἰδού
1243 3431 1338 3493 φρεαρ
1356 3410 1387 3472 ἐν

143 3501 187 3575 θη
211 3493 243 3554 έν
259 3494 303 3573 τῴ
324 3485 410 3572 τόπῳ
435 3493 541 3574 ἐκείνῳ,
571 3493 598 3532 1²
615 3491 667 3554 καί
684 3492 748 3554 ἐνυ·
778 3494 823 3573 τῷ
839 3490 938 3572 πεδίῳ.
965 3476 1039 3572 ἦσαν
1053 3488 1085 3554 δέ
1103 3492 1162 3554 ἐκεῖ
1175 3497 1244 3594 τρία
1264 3496 1385 3572 ποίμνια

142 3569 282 3656 πνιόσθη.
304 3574 356 3637 καί
373 3571 437 3637 ίδού
449 3572 553 3676 κλίμαξ
565 3574 748 3656 ἐστηριγμένη
777 3567 1206 3658 προβότωνᾶναπαυόμεναέπ
1229 3570 1329 3637 αῦτοῦ.
1352 3575 1384 3637 ἐκ

142 3660 219 3736 ίντῆ
230 3662 278 3747 γῇ,
291 3647 325 3739 ἧς
337 3653 474 3764 ίρκεφαλη
489 3666 637 3739 αφικνεῐτο
649 3655 749 3731 εἰςτὸν
777 3657 836 3741 γόρ
854 3660 909 3720 τοῦ
921 3659 1050 3741 φρέατος
1068 3659 1174 3722 ἐκείνου
1194 3651 1328 3731 ι’πότιζον
1343 3656 1387 3720 τό

142 3739 276 3825 ούρανόν.
302 3765 352 3803 και
366 3742 396 3803 σί
413 3738 529 3816 ἄγγελοι
541 3742 597 3803 τοῦ
608 3743 682 3804 θεοῦ
694 3738 747 3804 όν·
771 3747 906 3823 ποίμνια.
941 3740 1028 3814 λίθος
1049 3738 1082 3804 δέ
1103 3728 1138 3823 ἦν
1156 3742 1246 3823 μέγας
1268 3740 1320 3804 ἰπὶ
1339 3744 1385 3822 τῴ

142 3826 258 3900 ἔβαινον
274 3824 325 3887 καί
336 3824 507 3908 κατέβαινον
518 3819 562 3886 ἐπ’
577 3819 661 3906 αύτῆ.
688 3825 715 3866 ¹³
728 3820 746 3888 ὁ
778 3821 899 3904 στόματι
911 3827 967 3887 τοῦ
979 3824 1116 3908 φρέατος.
1135 3825 1215 3889 3καί
1225 3818 1384 3906 συνήγοντο

142 3907 174 3971 δι’
186 3903 284 3987 κύριος
301 3902 487 3989 έπεστηρικτο
507 3902 550 3970 ἐπ’
572 3895 671 4010 αῦτίης.
696 3908 747 3970 καί
777 3910 837 3970 ἐκεῖ
845 3901 945 3969 πόντα
956 3905 995 3969 τό
1006 3911 1135 3987 ποίμνια.
1159 3908 1211 3972 καί
1230 3903 1385 3972 όπεκύλιον

142 3990 226 4056 εἶπεν.
257 3983 315 4068 ἐγό
335 3995 388 4073 εἰμι
406 3989 424 4055 ὁ
444 3988 514 4065 θεὸς
533 3985 668 4092 Ἀβρααμ
692 3992 748 4052 τοῦ
777 3988 829 4053 τὸν
840 3989 929 4053 λίθον
940 3986 1002 4054 ἀπὸ
1015 3993 1071 4053 τοῦ
1083 3984 1229 4072 στόματος
1240 3995 1297 4056 τοῦ
1310 3992 1385 4076 φρέ-

141 4069 256 4161 πατρός
277 4100 344 4150 σου,
369 4076 419 4138 καί
442 4069 459 4137 ὁ
481 4070 552 4146 θεὸς
579 4079 683 4137 Ισαακ.
707 4069 746 4175 μη
777 4097 863 4148 ατος,
887 4066 1083 4148 καίίπότιζον
1097 4070 1138 4138 τό
1153 4069 1310 4160 πρόβατα,
1332 4074 1383 4138 καί

141 4162 245 4245 φοβοῦ.
272 4154 342 4243 ἢγη
359 4155 402 4238 ἐφ’
426 4147 459 4241 ἧς
477 4154 512 4223 οῦ
530 4148 681 4230 καθεύδεις
700 4157 738 4220 ἐπ
777 4153 986 4223 όπεκαθίστων
996 4155 1050 4222 τὸν
1061 4155 1149 4221 λίθον
1166 4157 1218 4222 ἐπὶ
1233 4156 1269 4222 τὸ
1289 4153 1384 4239 στόμα

142 4239 241 4326 αῦτῆς,
260 4243 309 4307 σοὶ
319 4236 406 4306 δόσω
419 4236 520 4321 αὐτὴν,
535 4240 644 4320 καὶτῷ
657 4241 747 4324 σπέρ-
777 4244 832 4306 τοῦ
844 4243 972 4326 φρέατος
983 4242 1022 4313 είς
1034 4236 1086 4302 τὸν
1097 4234 1303 4305 τόποναῦτοῦ.
1316 4237 1383 4338 τεί-

139 4331 212 4406 ματί
222 4352 283 4391 σου.
309 4323 338 4366 ¹⁴
351 4324 403 4387 καί
414 4326 496 4388 ἔσται
507 4321 543 4387 τὸ
555 4323 671 4407 σπέρμα
684 4348 746 4400 σου,
777 4349 814 4388 πε
826 4324 858 4388 δὲ
874 4320 975 4398 αὐτοῖς
989 4317 1106 4408 Ἰακοίβ.
1132 4321 1262 4402 ἀδελφοί.
1288 4330 1384 4384 ποθεν

141 4405 180 4482 ὡς
193 4405 210 4492 ἢ
224 4407 453 4490 όμμοςτηςγῆς.
478 4406 529 4469 καί
544 4400 747 4489 πλατυνθησε-
777 4404 843 4472 ἐστὲ
866 4404 959 4490 ῦμεῖςς
990 4409 1022 4469 oi
1038 4404 1070 4470 δὲ
1088 4402 1181 4468 εδπαν.
1205 4401 1383 4502 ίμΧαβρόν

139 4515 188 4554 ται
201 4492 251 4556 ἐπὶ
262 4487 429 4567 θάλασσαν,
451 4489 502 4552 καί
514 4487 592 4574 λίβα,
613 4491 664 4554 καί
674 4492 746 4578 βοδ-
777 4491 868 4574 ἒσμίν.
887 4488 975 4555 1είπι
987 4486 1019 4555 δὲ
1031 4484 1141 4564 αύτοίς.
1151 4509 1300 4565 γινωοκετε
1312 4481 1382 4552 Λό-

1326 4575 1383 4656 ραι
