<?xml version="1.0" encoding="UTF-8"?>
<!DOCTYPE html PUBLIC "-//W3C//DTD XHTML 1.0 Transitional//EN"
    "http://www.w3.org/TR/xhtml1/DTD/xhtml1-transitional.dtd">
<html xmlns="http://www.w3.org/1999/xhtml" xml:lang="en" lang="en">
 <head>
  <title>
</title>
<meta http-equiv="Content-Type" content="text/html;charset=utf-8" />
  <meta name='ocr-system' content='tesseract 3.04.00' />
  <meta name='ocr-capabilities' content='ocr_page ocr_carea ocr_par ocr_line ocrx_word'/>
</head>
<body>
  <div class='ocr_page' id='page_1' title='image "./vetustestamentu00essgoog_0856.png"; bbox 0 0 2924 4972; ppageno 0'>
   <div class='ocr_carea' id='block_1_1' title="bbox 294 247 1308 340">
    <p class='ocr_par' dir='ltr' id='par_1_1' title="bbox 294 247 1308 340">
     <span class='ocr_line' id='line_1_1' title="bbox 294 247 1308 340; baseline -0.004 -20"><span class='ocrx_word' id='word_1_1' title='bbox 294 258 360 320; x_wconf 84' lang='lat' dir='ltr'><strong><em>ZA</em></strong></span> <span class='ocrx_word' id='word_1_2' title='bbox 374 256 447 320; x_wconf 85' lang='grc' dir='ltr'><strong><em>ΧΑ</em></strong></span> <span class='ocrx_word' id='word_1_3' title='bbox 461 256 602 319; x_wconf 82' lang='grc' dir='ltr'><em>ΡΙΑΣ</em></span> <span class='ocrx_word' id='word_1_4' title='bbox 638 259 716 334; x_wconf 85' lang='grc' dir='ltr'><strong><em>Κεφ.</em></strong></span> <span class='ocrx_word' id='word_1_5' title='bbox 731 248 759 315; x_wconf 79' lang='grc' dir='ltr'><strong><em>ι’.</em></strong></span> <span class='ocrx_word' id='word_1_6' title='bbox 773 249 828 318; x_wconf 89' lang='grc' dir='ltr'><strong><em>ια’.</em></strong></span> <span class='ocrx_word' id='word_1_7' title='bbox 843 249 897 340; x_wconf 81' lang='grc' dir='ltr'><strong><em>ιβ’.</em></strong></span> <span class='ocrx_word' id='word_1_8' title='bbox 912 256 1026 321; x_wconf 90' lang='grc'><strong>10.11.</strong></span> <span class='ocrx_word' id='word_1_9' title='bbox 1042 257 1090 320; x_wconf 76' lang='grc'><strong><em>12.</em></strong></span> <span class='ocrx_word' id='word_1_10' title='bbox 1243 247 1308 317; x_wconf 85' lang='grc'><strong>761</strong></span> 
     </span>
    </p>
   </div>
   <div class='ocr_carea' id='block_1_2' title="bbox 77 353 535 366">
    <p class='ocr_par' dir='ltr' id='par_1_2' title="bbox 77 353 535 366">
     <span class='ocr_line' id='line_1_2' title="bbox 77 353 535 366; baseline -0.013 0"><span class='ocrx_word' id='word_1_11' title='bbox 77 357 189 366; x_wconf 53' lang='grc' dir='ltr'><strong><em>...ι-</em></strong></span> <span class='ocrx_word' id='word_1_12' title='bbox 209 357 227 362; x_wconf 86' lang='grc'><strong><em>..</em></strong></span> <span class='ocrx_word' id='word_1_13' title='bbox 241 353 535 362; x_wconf 71' lang='grc'><strong><em>-----..-.-</em></strong></span> 
     </span>
    </p>
   </div>
   <div class='ocr_carea' id='block_1_3' title="bbox 59 367 1314 4674">
    <p class='ocr_par' dir='ltr' id='par_1_3' title="bbox 59 367 1314 4674">
     <span class='ocr_line' id='line_1_3' title="bbox 67 367 1312 474; baseline -0.004 -32"><span class='ocrx_word' id='word_1_14' title='bbox 67 388 138 452; x_wconf 77' lang='grc' dir='ltr'><strong><em>τοῖς,</em></strong></span> <span class='ocrx_word' id='word_1_15' title='bbox 151 377 202 440; x_wconf 82' lang='grc' dir='ltr'><strong><em>καί</em></strong></span> <span class='ocrx_word' id='word_1_16' title='bbox 214 377 373 456; x_wconf 82' lang='grc' dir='ltr'><strong><em>εἶςδέξομαι</em></strong></span> <span class='ocrx_word' id='word_1_17' title='bbox 386 370 514 446; x_wconf 88' lang='grc' dir='ltr'><strong><em>αύτούς,</em></strong></span> <span class='ocrx_word' id='word_1_18' title='bbox 527 367 602 437; x_wconf 80' lang='grc' dir='ltr'><strong><em>διότι</em></strong></span> <span class='ocrx_word' id='word_1_19' title='bbox 615 371 669 435; x_wconf 89' lang='grc' dir='ltr'><strong><em>λυ-</em></strong></span> <span class='ocrx_word' id='word_1_20' title='bbox 707 368 779 445; x_wconf 86' lang='grc' dir='ltr'><strong><em>τούς</em></strong></span> <span class='ocrx_word' id='word_1_21' title='bbox 796 383 872 455; x_wconf 86' lang='grc' dir='ltr'><strong><em>τρεῖς</em></strong></span> <span class='ocrx_word' id='word_1_22' title='bbox 888 376 1030 474; x_wconf 81' lang='grc' dir='ltr'><strong><em>ποιμένας</em></strong></span> <span class='ocrx_word' id='word_1_23' title='bbox 1049 375 1082 438; x_wconf 84' lang='grc' dir='ltr'><strong><em>ἐν</em></strong></span> <span class='ocrx_word' id='word_1_24' title='bbox 1100 377 1168 457; x_wconf 82' lang='grc' dir='ltr'><strong><em>μηνί</em></strong></span> <span class='ocrx_word' id='word_1_25' title='bbox 1180 373 1236 447; x_wconf 80' lang='grc' dir='ltr'><strong><em>ἑνί,</em></strong></span> <span class='ocrx_word' id='word_1_26' title='bbox 1260 374 1312 437; x_wconf 84' lang='grc' dir='ltr'><strong><em>καί</em></strong></span> 
     </span>
     <span class='ocr_line' id='line_1_4' title="bbox 66 449 1311 559; baseline -0.005 -34"><span class='ocrx_word' id='word_1_27' title='bbox 66 458 219 543; x_wconf 86' lang='grc' dir='ltr'><strong><em>τριύσομαι</em></strong></span> <span class='ocrx_word' id='word_1_28' title='bbox 232 457 356 538; x_wconf 73' lang='grc' dir='ltr'><strong><em>αύτούς,</em></strong></span> <span class='ocrx_word' id='word_1_29' title='bbox 370 457 421 519; x_wconf 83' lang='grc' dir='ltr'><strong><em>καὶ</em></strong></span> <span class='ocrx_word' id='word_1_30' title='bbox 432 449 669 540; x_wconf 77' lang='grc' dir='ltr'><strong><em>πληθυνθησσν-</em></strong></span> <span class='ocrx_word' id='word_1_31' title='bbox 706 449 956 559; x_wconf 78' lang='grc' dir='ltr'><strong><em>βαρυνθησεταιη</em></strong></span> <span class='ocrx_word' id='word_1_32' title='bbox 970 450 1055 556; x_wconf 70' lang='grc' dir='ltr'><strong><em>φυχη</em></strong></span> <span class='ocrx_word' id='word_1_33' title='bbox 1064 481 1122 534; x_wconf 92' lang='grc' dir='ltr'><strong><em>μου</em></strong></span> <span class='ocrx_word' id='word_1_34' title='bbox 1132 452 1176 520; x_wconf 84' lang='grc' dir='ltr'><strong><em>ἐπ’</em></strong></span> <span class='ocrx_word' id='word_1_35' title='bbox 1190 452 1311 531; x_wconf 86' lang='grc' dir='ltr'><strong><em>αύτούς,</em></strong></span> 
     </span>
     <span class='ocr_line' id='line_1_5' title="bbox 66 532 1310 622; baseline -0.005 -14"><span class='ocrx_word' id='word_1_36' title='bbox 66 568 117 609; x_wconf 89' lang='grc' dir='ltr'><strong><em>ται</em></strong></span> <span class='ocrx_word' id='word_1_37' title='bbox 128 537 238 606; x_wconf 79' lang='grc' dir='ltr'><strong><em>καθότι</em></strong></span> <span class='ocrx_word' id='word_1_38' title='bbox 252 539 329 621; x_wconf 71' lang='grc' dir='ltr'><strong><em>ἦσαν</em></strong></span> <span class='ocrx_word' id='word_1_39' title='bbox 340 537 459 602; x_wconf 89' lang='grc' dir='ltr'><strong><em>πολλοί.</em></strong></span> <span class='ocrx_word' id='word_1_40' title='bbox 483 540 555 604; x_wconf 81' lang='grc' dir='ltr'><strong><em>11καί</em></strong></span> <span class='ocrx_word' id='word_1_41' title='bbox 567 540 669 622; x_wconf 79' lang='grc' dir='ltr'><strong><em>σπερῶ</em></strong></span> <span class='ocrx_word' id='word_1_42' title='bbox 709 563 760 602; x_wconf 90' lang='grc' dir='ltr'><strong><em>και</em></strong></span> <span class='ocrx_word' id='word_1_43' title='bbox 776 532 835 620; x_wconf 88' lang='grc' dir='ltr'><strong><em>γάρ</em></strong></span> <span class='ocrx_word' id='word_1_44' title='bbox 854 541 888 600; x_wconf 77' lang='grc' dir='ltr'><strong><em>αἶ</em></strong></span> <span class='ocrx_word' id='word_1_45' title='bbox 903 556 948 618; x_wconf 85' lang='grc' dir='ltr'><strong><em>φυ</em></strong></span> <span class='ocrx_word' id='word_1_46' title='bbox 966 539 998 600; x_wconf 83' lang='grc' dir='ltr'><strong><em>αί</em></strong></span> <span class='ocrx_word' id='word_1_47' title='bbox 1017 541 1121 601; x_wconf 85' lang='grc' dir='ltr'><strong><em>αυτῶν</em></strong></span> <span class='ocrx_word' id='word_1_48' title='bbox 1138 533 1310 620; x_wconf 83' lang='grc' dir='ltr'><strong><em>έπωρύοντο</em></strong></span> 
     </span>
     <span class='ocr_line' id='line_1_6' title="bbox 67 562 1312 704; baseline -0.005 -13"><span class='ocrx_word' id='word_1_49' title='bbox 67 625 178 699; x_wconf 88' lang='grc' dir='ltr'><strong><em>αύτούς</em></strong></span> <span class='ocrx_word' id='word_1_50' title='bbox 190 627 223 687; x_wconf 81' lang='grc' dir='ltr'><strong><em>έν</em></strong></span> <span class='ocrx_word' id='word_1_51' title='bbox 235 622 334 695; x_wconf 81' lang='grc' dir='ltr'><strong><em>λαοῖς,</em></strong></span> <span class='ocrx_word' id='word_1_52' title='bbox 360 623 410 685; x_wconf 81' lang='grc' dir='ltr'><strong><em>καὶ</em></strong></span> <span class='ocrx_word' id='word_1_53' title='bbox 427 625 458 686; x_wconf 76' lang='grc' dir='ltr'><strong><em>οἱ</em></strong></span> <span class='ocrx_word' id='word_1_54' title='bbox 468 620 584 704; x_wconf 84' lang='grc' dir='ltr'><strong><em>μακράν</em></strong></span> <span class='ocrx_word' id='word_1_55' title='bbox 595 645 669 704; x_wconf 90' lang='grc' dir='ltr'><strong><em>μνη-</em></strong></span> <span class='ocrx_word' id='word_1_56' title='bbox 708 616 751 684; x_wconf 84' lang='grc' dir='ltr'><strong><em>ἐπ’</em></strong></span> <span class='ocrx_word' id='word_1_57' title='bbox 768 620 826 700; x_wconf 86' lang='grc' dir='ltr'><strong><em>ἐμέ.</em></strong></span> <span class='ocrx_word' id='word_1_58' title='bbox 853 620 927 682; x_wconf 79' lang='grc' dir='ltr'><strong><em>11καὶ</em></strong></span> <span class='ocrx_word' id='word_1_59' title='bbox 938 562 1017 684; x_wconf 71' lang='grc' dir='ltr'><strong><em>ελπα.</em></strong></span> <span class='ocrx_word' id='word_1_60' title='bbox 1028 615 1064 683; x_wconf 86' lang='grc' dir='ltr'><strong><em>ού</em></strong></span> <span class='ocrx_word' id='word_1_61' title='bbox 1076 623 1214 700; x_wconf 83' lang='grc' dir='ltr'><strong><em>ποιμανιῦ</em></strong></span> <span class='ocrx_word' id='word_1_62' title='bbox 1228 616 1312 700; x_wconf 83' lang='grc' dir='ltr'><strong><em>ύμάς,</em></strong></span> 
     </span>
     <span class='ocr_line' id='line_1_7' title="bbox 66 699 1311 792; baseline -0.006 -18"><span class='ocrx_word' id='word_1_63' title='bbox 66 702 237 792; x_wconf 74' lang='grc' dir='ltr'><strong><em>σθησονταί</em></strong></span> <span class='ocrx_word' id='word_1_64' title='bbox 247 730 318 786; x_wconf 89' lang='grc' dir='ltr'><strong><em>μου,</em></strong></span> <span class='ocrx_word' id='word_1_65' title='bbox 332 706 514 789; x_wconf 83' lang='grc' dir='ltr'><strong><em>ἐκθρέφουοι</em></strong></span> <span class='ocrx_word' id='word_1_66' title='bbox 528 703 567 768; x_wconf 86' lang='grc' dir='ltr'><strong><em>τά</em></strong></span> <span class='ocrx_word' id='word_1_67' title='bbox 582 705 668 768; x_wconf 87' lang='grc' dir='ltr'><strong><em>τέκνα</em></strong></span> <span class='ocrx_word' id='word_1_68' title='bbox 708 701 745 767; x_wconf 88' lang='grc' dir='ltr'><strong><em>τὸ</em></strong></span> <span class='ocrx_word' id='word_1_69' title='bbox 759 699 954 783; x_wconf 72' lang='grc' dir='ltr'>ἀποθνῆσκον</span> <span class='ocrx_word' id='word_1_70' title='bbox 967 699 1199 785; x_wconf 79' lang='grc' dir='ltr'><strong><em>ἀποθνησκέτω,</em></strong></span> <span class='ocrx_word' id='word_1_71' title='bbox 1212 704 1263 766; x_wconf 82' lang='grc' dir='ltr'><strong><em>καὶ</em></strong></span> <span class='ocrx_word' id='word_1_72' title='bbox 1273 704 1311 767; x_wconf 87' lang='grc' dir='ltr'><strong><em>τὸ</em></strong></span> 
     </span>
     <span class='ocr_line' id='line_1_8' title="bbox 65 781 1312 870; baseline -0.007 -13"><span class='ocrx_word' id='word_1_73' title='bbox 65 789 178 862; x_wconf 88' lang='grc' dir='ltr'><strong><em>αύτιῦν,</em></strong></span> <span class='ocrx_word' id='word_1_74' title='bbox 191 790 241 853; x_wconf 79' lang='grc' dir='ltr'><strong><em>καί</em></strong></span> <span class='ocrx_word' id='word_1_75' title='bbox 252 790 472 870; x_wconf 74' lang='grc' dir='ltr'><strong><em>ἐπιστρέφουσι.</em></strong></span> <span class='ocrx_word' id='word_1_76' title='bbox 498 788 527 829; x_wconf 88' lang='grc'><strong><em>111</em></strong></span> <span class='ocrx_word' id='word_1_77' title='bbox 540 787 592 853; x_wconf 77' lang='grc' dir='ltr'><strong><em>καὶ</em></strong></span> <span class='ocrx_word' id='word_1_78' title='bbox 604 789 669 850; x_wconf 85' lang='grc' dir='ltr'><strong><em>ἐπι-</em></strong></span> <span class='ocrx_word' id='word_1_79' title='bbox 708 783 840 849; x_wconf 77' lang='grc' dir='ltr'><strong><em>ἐκλεῖπον</em></strong></span> <span class='ocrx_word' id='word_1_80' title='bbox 853 783 1014 859; x_wconf 75' lang='grc' dir='ltr'><strong><em>ἐκλιπέτω,</em></strong></span> <span class='ocrx_word' id='word_1_81' title='bbox 1027 784 1128 848; x_wconf 80' lang='grc' dir='ltr'><strong><em>καὶτὰ</em></strong></span> <span class='ocrx_word' id='word_1_82' title='bbox 1142 781 1312 848; x_wconf 79' lang='grc' dir='ltr'><strong><em>κατάλοιποι</em></strong></span> 
     </span>
     <span class='ocr_line' id='line_1_9' title="bbox 66 863 1313 953; baseline -0.004 -17"><span class='ocrx_word' id='word_1_83' title='bbox 66 874 190 952; x_wconf 77' lang='grc' dir='ltr'><strong><em>στρέφοι</em></strong></span> <span class='ocrx_word' id='word_1_84' title='bbox 203 867 313 944; x_wconf 86' lang='grc' dir='ltr'><strong><em>αύτούς</em></strong></span> <span class='ocrx_word' id='word_1_85' title='bbox 326 873 357 934; x_wconf 86' lang='grc' dir='ltr'><strong><em>έκ</em></strong></span> <span class='ocrx_word' id='word_1_86' title='bbox 370 868 603 953; x_wconf 77' lang='grc' dir='ltr'><strong><em>γηςΑίγύπτσυ,</em></strong></span> <span class='ocrx_word' id='word_1_87' title='bbox 617 870 668 932; x_wconf 85' lang='grc' dir='ltr'><strong><em>καί</em></strong></span> <span class='ocrx_word' id='word_1_88' title='bbox 708 869 951 932; x_wconf 85' lang='grc' dir='ltr'><strong><em>κατεσθιέτωσαν</em></strong></span> <span class='ocrx_word' id='word_1_89' title='bbox 974 871 1101 941; x_wconf 80' lang='grc' dir='ltr'><strong><em>ἕκαστος</em></strong></span> <span class='ocrx_word' id='word_1_90' title='bbox 1121 865 1177 943; x_wconf 90' lang='grc' dir='ltr'><strong><em>τάς</em></strong></span> <span class='ocrx_word' id='word_1_91' title='bbox 1199 863 1313 949; x_wconf 91' lang='grc' dir='ltr'><strong><em>σάρκας</em></strong></span> 
     </span>
     <span class='ocr_line' id='line_1_10' title="bbox 65 944 1313 1035; baseline -0.002 -17"><span class='ocrx_word' id='word_1_92' title='bbox 65 955 97 1029; x_wconf 80' lang='grc' dir='ltr'><strong><em>ἐξ</em></strong></span> <span class='ocrx_word' id='word_1_93' title='bbox 111 953 275 1035; x_wconf 85' lang='grc' dir='ltr'><strong><em>Ἀσσυρίων</em></strong></span> <span class='ocrx_word' id='word_1_94' title='bbox 294 954 451 1034; x_wconf 72' lang='grc' dir='ltr'><strong><em>εἰςδεξομαι</em></strong></span> <span class='ocrx_word' id='word_1_95' title='bbox 472 948 593 1027; x_wconf 83' lang='grc' dir='ltr'><strong><em>αύτούς,</em></strong></span> <span class='ocrx_word' id='word_1_96' title='bbox 618 955 668 1016; x_wconf 81' lang='grc' dir='ltr'><strong><em>καὶ</em></strong></span> <span class='ocrx_word' id='word_1_97' title='bbox 708 955 763 1014; x_wconf 86' lang='grc' dir='ltr'><strong><em>τοῦ</em></strong></span> <span class='ocrx_word' id='word_1_98' title='bbox 781 947 911 1030; x_wconf 84' lang='grc' dir='ltr'><strong><em>πλησίον</em></strong></span> <span class='ocrx_word' id='word_1_99' title='bbox 928 948 1032 1015; x_wconf 80' lang='grc' dir='ltr'><strong><em>αὐτοῦ.</em></strong></span> <span class='ocrx_word' id='word_1_100' title='bbox 1068 951 1162 1015; x_wconf 81' lang='grc' dir='ltr'><strong><em>111καί</em></strong></span> <span class='ocrx_word' id='word_1_101' title='bbox 1179 944 1313 1031; x_wconf 74' lang='grc' dir='ltr'><strong><em>ληφομαι</em></strong></span> 
     </span>
     <span class='ocr_line' id='line_1_11' title="bbox 66 1030 1313 1120; baseline -0.005 -18"><span class='ocrx_word' id='word_1_102' title='bbox 66 1043 103 1111; x_wconf 80' lang='grc' dir='ltr'><strong><em>εἰς</em></strong></span> <span class='ocrx_word' id='word_1_103' title='bbox 116 1034 168 1120; x_wconf 80' lang='grc' dir='ltr'><strong><em>την</em></strong></span> <span class='ocrx_word' id='word_1_104' title='bbox 181 1036 370 1101; x_wconf 88' lang='grc' dir='ltr'><strong><em>Γαλααδίτιν</em></strong></span> <span class='ocrx_word' id='word_1_105' title='bbox 387 1037 490 1109; x_wconf 76' lang='grc' dir='ltr'><strong><em>καλεῖς</em></strong></span> <span class='ocrx_word' id='word_1_106' title='bbox 502 1034 555 1098; x_wconf 85' lang='grc' dir='ltr'><strong><em>τὸν</em></strong></span> <span class='ocrx_word' id='word_1_107' title='bbox 567 1038 668 1119; x_wconf 78' lang='grc' dir='ltr'><strong><em>Λίβα·</em></strong></span> <span class='ocrx_word' id='word_1_108' title='bbox 708 1030 763 1116; x_wconf 77' lang='grc' dir='ltr'><strong><em>την</em></strong></span> <span class='ocrx_word' id='word_1_109' title='bbox 775 1031 888 1117; x_wconf 86' lang='grc' dir='ltr'><strong><em>ῥάβδον</em></strong></span> <span class='ocrx_word' id='word_1_110' title='bbox 897 1057 956 1114; x_wconf 93' lang='grc' dir='ltr'><strong><em>μου</em></strong></span> <span class='ocrx_word' id='word_1_111' title='bbox 970 1030 1024 1116; x_wconf 77' lang='grc' dir='ltr'><strong><em>τὴν</em></strong></span> <span class='ocrx_word' id='word_1_112' title='bbox 1037 1030 1141 1116; x_wconf 70' lang='grc' dir='ltr'><strong><em>καλὴν,</em></strong></span> <span class='ocrx_word' id='word_1_113' title='bbox 1151 1033 1202 1096; x_wconf 83' lang='grc' dir='ltr'><strong><em>καί</em></strong></span> <span class='ocrx_word' id='word_1_114' title='bbox 1213 1031 1313 1117; x_wconf 81' lang='grc' dir='ltr'><strong><em>ἀποῤ·</em></strong></span> 
     </span>
     <span class='ocr_line' id='line_1_12' title="bbox 65 1110 1313 1217; baseline -0.003 -33"><span class='ocrx_word' id='word_1_115' title='bbox 65 1144 119 1185; x_wconf 90' lang='grc' dir='ltr'><strong><em>νον</em></strong></span> <span class='ocrx_word' id='word_1_116' title='bbox 133 1117 235 1195; x_wconf 84' lang='grc' dir='ltr'><strong><em>εἰςάξω</em></strong></span> <span class='ocrx_word' id='word_1_117' title='bbox 252 1116 379 1193; x_wconf 84' lang='grc' dir='ltr'><strong><em>αύτούς,</em></strong></span> <span class='ocrx_word' id='word_1_118' title='bbox 404 1119 456 1181; x_wconf 84' lang='grc' dir='ltr'><strong><em>καί</em></strong></span> <span class='ocrx_word' id='word_1_119' title='bbox 476 1114 513 1180; x_wconf 90' lang='grc' dir='ltr'><strong><em>σύ</em></strong></span> <span class='ocrx_word' id='word_1_120' title='bbox 530 1114 570 1199; x_wconf 76' lang='grc' dir='ltr'><strong><em>μὴ</em></strong></span> <span class='ocrx_word' id='word_1_121' title='bbox 590 1113 668 1182; x_wconf 85' lang='grc' dir='ltr'><strong><em>ύπο-</em></strong></span> <span class='ocrx_word' id='word_1_122' title='bbox 709 1117 792 1217; x_wconf 76' lang='grc' dir='ltr'><strong><em>ῥίφω</em></strong></span> <span class='ocrx_word' id='word_1_123' title='bbox 805 1110 908 1198; x_wconf 75' lang='grc' dir='ltr'><strong><em>αὐτὴν,</em></strong></span> <span class='ocrx_word' id='word_1_124' title='bbox 918 1120 974 1181; x_wconf 85' lang='grc' dir='ltr'><strong><em>τοῦ</em></strong></span> <span class='ocrx_word' id='word_1_125' title='bbox 983 1110 1173 1181; x_wconf 91' lang='grc' dir='ltr'><strong><em>διασκεδάσαι</em></strong></span> <span class='ocrx_word' id='word_1_126' title='bbox 1182 1112 1236 1197; x_wconf 72' lang='grc' dir='ltr'><strong><em>τὴν</em></strong></span> <span class='ocrx_word' id='word_1_127' title='bbox 1246 1115 1313 1180; x_wconf 89' lang='grc' dir='ltr'><strong><em>δια-</em></strong></span> 
     </span>
     <span class='ocr_line' id='line_1_13' title="bbox 64 1194 1314 1282; baseline -0.002 -17"><span class='ocrx_word' id='word_1_128' title='bbox 64 1201 177 1282; x_wconf 80' lang='grc' dir='ltr'><strong><em>λειφθῆ</em></strong></span> <span class='ocrx_word' id='word_1_129' title='bbox 190 1203 221 1275; x_wconf 84' lang='grc' dir='ltr'><strong><em>ἐξ</em></strong></span> <span class='ocrx_word' id='word_1_130' title='bbox 233 1198 336 1265; x_wconf 84' lang='grc' dir='ltr'><strong><em>αότιῦν</em></strong></span> <span class='ocrx_word' id='word_1_131' title='bbox 355 1197 424 1264; x_wconf 76' lang='grc' dir='ltr'><strong><em>οὐδὲ</em></strong></span> <span class='ocrx_word' id='word_1_132' title='bbox 436 1199 482 1275; x_wconf 79' lang='grc' dir='ltr'><strong><em>είς.</em></strong></span> <span class='ocrx_word' id='word_1_133' title='bbox 508 1203 531 1242; x_wconf 93' lang='grc'><strong><em>11</em></strong></span> <span class='ocrx_word' id='word_1_134' title='bbox 545 1200 596 1264; x_wconf 78' lang='grc' dir='ltr'><strong><em>καί</em></strong></span> <span class='ocrx_word' id='word_1_135' title='bbox 609 1198 669 1264; x_wconf 85' lang='grc' dir='ltr'><strong><em>διε·</em></strong></span> <span class='ocrx_word' id='word_1_136' title='bbox 709 1207 808 1281; x_wconf 90' lang='grc' dir='ltr'><strong><em>θηκην</em></strong></span> <span class='ocrx_word' id='word_1_137' title='bbox 820 1223 893 1280; x_wconf 87' lang='grc' dir='ltr'><strong><em>μου,</em></strong></span> <span class='ocrx_word' id='word_1_138' title='bbox 912 1195 948 1281; x_wconf 80' lang='grc' dir='ltr'><strong><em>ἣν</em></strong></span> <span class='ocrx_word' id='word_1_139' title='bbox 959 1198 1097 1282; x_wconf 85' lang='grc' dir='ltr'><strong><em>διεθέμην</em></strong></span> <span class='ocrx_word' id='word_1_140' title='bbox 1109 1197 1185 1282; x_wconf 87' lang='grc' dir='ltr'><strong><em>πρὸς</em></strong></span> <span class='ocrx_word' id='word_1_141' title='bbox 1195 1194 1314 1274; x_wconf 91' lang='grc' dir='ltr'><strong><em>πάντας</em></strong></span> 
     </span>
     <span class='ocr_line' id='line_1_14' title="bbox 65 1272 1312 1375; baseline -0.002 -27"><span class='ocrx_word' id='word_1_142' title='bbox 65 1272 221 1348; x_wconf 73' lang='grc' dir='ltr'><strong><em>λεύσοόται</em></strong></span> <span class='ocrx_word' id='word_1_143' title='bbox 234 1285 264 1345; x_wconf 88' lang='grc' dir='ltr'><strong><em>ἐν</em></strong></span> <span class='ocrx_word' id='word_1_144' title='bbox 276 1277 421 1365; x_wconf 89' lang='grc' dir='ltr'><strong><em>θαλάσση</em></strong></span> <span class='ocrx_word' id='word_1_145' title='bbox 434 1286 530 1375; x_wconf 73' lang='grc' dir='ltr'><strong><em>στενῇ,</em></strong></span> <span class='ocrx_word' id='word_1_146' title='bbox 543 1285 595 1347; x_wconf 82' lang='grc' dir='ltr'><strong><em>καὶ</em></strong></span> <span class='ocrx_word' id='word_1_147' title='bbox 606 1307 669 1346; x_wconf 85' lang='grc' dir='ltr'><strong><em>πα·</em></strong></span> <span class='ocrx_word' id='word_1_148' title='bbox 709 1277 780 1353; x_wconf 85' lang='grc' dir='ltr'><strong><em>τούς</em></strong></span> <span class='ocrx_word' id='word_1_149' title='bbox 792 1276 894 1355; x_wconf 83' lang='grc' dir='ltr'><strong><em>λαούς,</em></strong></span> <span class='ocrx_word' id='word_1_150' title='bbox 919 1285 945 1323; x_wconf 94' lang='grc'><strong><em>11</em></strong></span> <span class='ocrx_word' id='word_1_151' title='bbox 957 1282 1008 1346; x_wconf 80' lang='grc' dir='ltr'><strong><em>καί</em></strong></span> <span class='ocrx_word' id='word_1_152' title='bbox 1025 1277 1312 1364; x_wconf 76' lang='grc' dir='ltr'><strong><em>διασκεδασθησεται</em></strong></span> 
     </span>
     <span class='ocr_line' id='line_1_15' title="bbox 64 1354 1314 1457; baseline 0 -29"><span class='ocrx_word' id='word_1_153' title='bbox 64 1360 189 1441; x_wconf 86' lang='grc' dir='ltr'><strong><em>τάξσυσι</em></strong></span> <span class='ocrx_word' id='word_1_154' title='bbox 200 1368 230 1430; x_wconf 88' lang='grc' dir='ltr'><strong><em>ἐν</em></strong></span> <span class='ocrx_word' id='word_1_155' title='bbox 244 1363 386 1457; x_wconf 85' lang='grc' dir='ltr'><strong><em>θαλάσση</em></strong></span> <span class='ocrx_word' id='word_1_156' title='bbox 398 1354 531 1448; x_wconf 75' lang='grc' dir='ltr'><strong><em>κύματα,</em></strong></span> <span class='ocrx_word' id='word_1_157' title='bbox 553 1367 605 1429; x_wconf 84' lang='grc' dir='ltr'><strong><em>καὶ</em></strong></span> <span class='ocrx_word' id='word_1_158' title='bbox 616 1365 670 1449; x_wconf 83' lang='grc' dir='ltr'><strong><em>ξη-</em></strong></span> <span class='ocrx_word' id='word_1_159' title='bbox 709 1366 741 1426; x_wconf 85' lang='grc' dir='ltr'><strong><em>ἐν</em></strong></span> <span class='ocrx_word' id='word_1_160' title='bbox 752 1364 790 1455; x_wconf 80' lang='grc' dir='ltr'><strong><em>τῇ</em></strong></span> <span class='ocrx_word' id='word_1_161' title='bbox 803 1357 897 1447; x_wconf 74' lang='grc' dir='ltr'><strong><em>ἡμέρη</em></strong></span> <span class='ocrx_word' id='word_1_162' title='bbox 909 1367 1017 1457; x_wconf 77' lang='grc' dir='ltr'><strong><em>ἐκείνη,</em></strong></span> <span class='ocrx_word' id='word_1_163' title='bbox 1039 1365 1090 1428; x_wconf 83' lang='grc' dir='ltr'><strong><em>καί</em></strong></span> <span class='ocrx_word' id='word_1_164' title='bbox 1101 1359 1268 1443; x_wconf 74' lang='grc' dir='ltr'><strong><em>γνώσονται</em></strong></span> <span class='ocrx_word' id='word_1_165' title='bbox 1282 1368 1314 1429; x_wconf 80' lang='grc' dir='ltr'><strong><em>ολ</em></strong></span> 
     </span>
     <span class='ocr_line' id='line_1_16' title="bbox 65 1443 1313 1534; baseline -0.001 -22"><span class='ocrx_word' id='word_1_166' title='bbox 65 1443 249 1530; x_wconf 76' lang='grc' dir='ltr'><strong><em>ρανθησεται</em></strong></span> <span class='ocrx_word' id='word_1_167' title='bbox 261 1444 363 1512; x_wconf 90' lang='grc' dir='ltr'><strong><em>πάντα</em></strong></span> <span class='ocrx_word' id='word_1_168' title='bbox 372 1446 410 1511; x_wconf 88' lang='grc' dir='ltr'><strong><em>τά</em></strong></span> <span class='ocrx_word' id='word_1_169' title='bbox 418 1445 504 1534; x_wconf 91' lang='grc' dir='ltr'><strong><em>βάθη</em></strong></span> <span class='ocrx_word' id='word_1_170' title='bbox 514 1451 669 1529; x_wconf 81' lang='grc' dir='ltr'><strong><em>ποταμῶν,</em></strong></span> <span class='ocrx_word' id='word_1_171' title='bbox 710 1451 883 1510; x_wconf 85' lang='grc' dir='ltr'><strong><em>Χαναναῖοι</em></strong></span> <span class='ocrx_word' id='word_1_172' title='bbox 901 1444 941 1512; x_wconf 86' lang='grc' dir='ltr'><strong><em>τά</em></strong></span> <span class='ocrx_word' id='word_1_173' title='bbox 951 1444 1093 1532; x_wconf 85' lang='grc' dir='ltr'><strong><em>πρόβατα</em></strong></span> <span class='ocrx_word' id='word_1_174' title='bbox 1106 1445 1145 1512; x_wconf 88' lang='grc' dir='ltr'><strong><em>τά</em></strong></span> <span class='ocrx_word' id='word_1_175' title='bbox 1158 1443 1313 1528; x_wconf 88' lang='grc' dir='ltr'><strong><em>φυλασσό-</em></strong></span> 
     </span>
     <span class='ocr_line' id='line_1_17' title="bbox 65 1523 1311 1618; baseline -0.002 -23"><span class='ocrx_word' id='word_1_176' title='bbox 65 1532 118 1595; x_wconf 78' lang='grc' dir='ltr'><strong><em>καὶ</em></strong></span> <span class='ocrx_word' id='word_1_177' title='bbox 129 1526 363 1614; x_wconf 70' lang='grc' dir='ltr'><strong><em>ἀφαιρεθήσεται</em></strong></span> <span class='ocrx_word' id='word_1_178' title='bbox 374 1534 461 1596; x_wconf 85' lang='grc' dir='ltr'><strong><em>πᾶσα</em></strong></span> <span class='ocrx_word' id='word_1_179' title='bbox 475 1528 670 1618; x_wconf 83' lang='grc' dir='ltr'><strong><em>ῦβριςἈσσυ-</em></strong></span> <span class='ocrx_word' id='word_1_180' title='bbox 708 1523 778 1610; x_wconf 88' lang='grc' dir='ltr'><strong><em>μενά</em></strong></span> <span class='ocrx_word' id='word_1_181' title='bbox 804 1552 872 1610; x_wconf 90' lang='grc' dir='ltr'><strong><em>μοι,</em></strong></span> <span class='ocrx_word' id='word_1_182' title='bbox 897 1525 974 1595; x_wconf 90' lang='grc' dir='ltr'><strong><em>διότι</em></strong></span> <span class='ocrx_word' id='word_1_183' title='bbox 998 1527 1087 1608; x_wconf 89' lang='grc' dir='ltr'><strong><em>λόγος</em></strong></span> <span class='ocrx_word' id='word_1_184' title='bbox 1112 1536 1215 1616; x_wconf 83' lang='grc' dir='ltr'><strong><em>κυρίου</em></strong></span> <span class='ocrx_word' id='word_1_185' title='bbox 1240 1533 1311 1597; x_wconf 86' lang='grc' dir='ltr'><strong><em>ἐστί.</em></strong></span> 
     </span>
     <span class='ocr_line' id='line_1_18' title="bbox 65 1608 1313 1698; baseline 0.002 -21"><span class='ocrx_word' id='word_1_186' title='bbox 65 1619 148 1698; x_wconf 88' lang='grc' dir='ltr'><strong><em>ρίων,</em></strong></span> <span class='ocrx_word' id='word_1_187' title='bbox 160 1616 211 1678; x_wconf 86' lang='grc' dir='ltr'><strong><em>καὶ</em></strong></span> <span class='ocrx_word' id='word_1_188' title='bbox 220 1618 372 1698; x_wconf 75' lang='grc' dir='ltr'><strong><em>σκῆπτρον</em></strong></span> <span class='ocrx_word' id='word_1_189' title='bbox 384 1609 546 1690; x_wconf 75' lang='grc' dir='ltr'><strong><em>Αἰγύπτου</em></strong></span> <span class='ocrx_word' id='word_1_190' title='bbox 555 1638 667 1698; x_wconf 87' lang='grc' dir='ltr'><strong><em>περιαι-</em></strong></span> <span class='ocrx_word' id='word_1_191' title='bbox 709 1614 737 1654; x_wconf 83' lang='lat'><strong><em>¹²</em></strong></span> <span class='ocrx_word' id='word_1_192' title='bbox 749 1611 800 1675; x_wconf 80' lang='grc' dir='ltr'><strong><em>καί</em></strong></span> <span class='ocrx_word' id='word_1_193' title='bbox 812 1614 871 1696; x_wconf 74' lang='grc' dir='ltr'><strong><em>ἐροῦ</em></strong></span> <span class='ocrx_word' id='word_1_194' title='bbox 879 1611 956 1698; x_wconf 88' lang='grc' dir='ltr'><strong><em>πρὸς</em></strong></span> <span class='ocrx_word' id='word_1_195' title='bbox 965 1610 1086 1691; x_wconf 84' lang='grc' dir='ltr'><strong><em>αὐτούς.</em></strong></span> <span class='ocrx_word' id='word_1_196' title='bbox 1100 1618 1124 1679; x_wconf 77' lang='grc' dir='ltr'><strong><em>εἰ</em></strong></span> <span class='ocrx_word' id='word_1_197' title='bbox 1135 1613 1229 1679; x_wconf 90' lang='grc' dir='ltr'><strong><em>καλὸν</em></strong></span> <span class='ocrx_word' id='word_1_198' title='bbox 1240 1608 1313 1679; x_wconf 84' lang='grc' dir='ltr'><strong><em>ἐνιό-</em></strong></span> 
     </span>
     <span class='ocr_line' id='line_1_19' title="bbox 64 1691 1312 1782; baseline -0.001 -20"><span class='ocrx_word' id='word_1_199' title='bbox 64 1695 233 1780; x_wconf 78' lang='grc' dir='ltr'><strong><em>ρεθὴσεται.</em></strong></span> <span class='ocrx_word' id='word_1_200' title='bbox 259 1699 287 1759; x_wconf 82' lang='lat'><strong><em>¹²</em></strong></span> <span class='ocrx_word' id='word_1_201' title='bbox 301 1698 351 1760; x_wconf 83' lang='grc' dir='ltr'><strong><em>καὶ</em></strong></span> <span class='ocrx_word' id='word_1_202' title='bbox 368 1692 538 1781; x_wconf 80' lang='grc' dir='ltr'><strong><em>κατισχύσαι</em></strong></span> <span class='ocrx_word' id='word_1_203' title='bbox 556 1693 669 1770; x_wconf 82' lang='grc' dir='ltr'><strong><em>αὐτούς</em></strong></span> <span class='ocrx_word' id='word_1_204' title='bbox 708 1720 778 1759; x_wconf 89' lang='grc' dir='ltr'><strong><em>πιον</em></strong></span> <span class='ocrx_word' id='word_1_205' title='bbox 792 1692 873 1776; x_wconf 78' lang='grc' dir='ltr'><strong><em>ύμοῦν</em></strong></span> <span class='ocrx_word' id='word_1_206' title='bbox 886 1699 962 1772; x_wconf 83' lang='grc' dir='ltr'><strong><em>ἐστι,</em></strong></span> <span class='ocrx_word' id='word_1_207' title='bbox 974 1691 1042 1763; x_wconf 83' lang='grc' dir='ltr'><strong><em>δότε</em></strong></span> <span class='ocrx_word' id='word_1_208' title='bbox 1054 1703 1108 1764; x_wconf 91' lang='grc' dir='ltr'><strong><em>τὸν</em></strong></span> <span class='ocrx_word' id='word_1_209' title='bbox 1119 1693 1231 1781; x_wconf 86' lang='grc' dir='ltr'><strong><em>μισθόν</em></strong></span> <span class='ocrx_word' id='word_1_210' title='bbox 1242 1723 1312 1782; x_wconf 87' lang='grc' dir='ltr'><strong><em>μου,</em></strong></span> 
     </span>
     <span class='ocr_line' id='line_1_20' title="bbox 64 1773 1314 1865; baseline 0.001 -21"><span class='ocrx_word' id='word_1_211' title='bbox 64 1783 96 1844; x_wconf 82' lang='grc' dir='ltr'><strong><em>ἐν</em></strong></span> <span class='ocrx_word' id='word_1_212' title='bbox 105 1785 197 1865; x_wconf 80' lang='grc' dir='ltr'><strong><em>κυρίῳ</em></strong></span> <span class='ocrx_word' id='word_1_213' title='bbox 209 1783 275 1863; x_wconf 75' lang='grc' dir='ltr'><strong><em>θεῷ</em></strong></span> <span class='ocrx_word' id='word_1_214' title='bbox 294 1777 409 1856; x_wconf 80' lang='grc' dir='ltr'><strong><em>αὐτῶν,</em></strong></span> <span class='ocrx_word' id='word_1_215' title='bbox 435 1782 487 1845; x_wconf 82' lang='grc' dir='ltr'><strong><em>καὶ</em></strong></span> <span class='ocrx_word' id='word_1_216' title='bbox 498 1784 528 1845; x_wconf 85' lang='grc' dir='ltr'><strong><em>έν</em></strong></span> <span class='ocrx_word' id='word_1_217' title='bbox 540 1784 584 1864; x_wconf 76' lang='grc' dir='ltr'><strong><em>τῷ</em></strong></span> <span class='ocrx_word' id='word_1_218' title='bbox 597 1774 669 1846; x_wconf 87' lang='grc' dir='ltr'><strong><em>ὀνό-</em></strong></span> <span class='ocrx_word' id='word_1_219' title='bbox 708 1773 919 1862; x_wconf 76' lang='grc' dir='ltr'><strong><em>ἢάπείπασθε.</em></strong></span> <span class='ocrx_word' id='word_1_220' title='bbox 932 1781 984 1846; x_wconf 82' lang='grc' dir='ltr'><strong><em>καὶ</em></strong></span> <span class='ocrx_word' id='word_1_221' title='bbox 996 1783 1125 1865; x_wconf 80' lang='grc' dir='ltr'><strong><em>ἐστησαν</em></strong></span> <span class='ocrx_word' id='word_1_222' title='bbox 1137 1780 1191 1846; x_wconf 87' lang='grc' dir='ltr'><strong><em>τὸν</em></strong></span> <span class='ocrx_word' id='word_1_223' title='bbox 1202 1774 1314 1863; x_wconf 86' lang='grc' dir='ltr'><strong><em>μισθόν</em></strong></span> 
     </span>
     <span class='ocr_line' id='line_1_21' title="bbox 64 1854 1312 1950; baseline 0.002 -25"><span class='ocrx_word' id='word_1_224' title='bbox 64 1887 135 1947; x_wconf 88' lang='grc' dir='ltr'><strong><em>ματι</em></strong></span> <span class='ocrx_word' id='word_1_225' title='bbox 159 1862 259 1929; x_wconf 82' lang='grc' dir='ltr'><strong><em>αὐτοῦ</em></strong></span> <span class='ocrx_word' id='word_1_226' title='bbox 282 1859 568 1949; x_wconf 74' lang='grc' dir='ltr'><strong><em>κατακαυχύσσνται,</em></strong></span> <span class='ocrx_word' id='word_1_227' title='bbox 592 1861 669 1942; x_wconf 84' lang='grc' dir='ltr'><strong><em>λέγει</em></strong></span> <span class='ocrx_word' id='word_1_228' title='bbox 707 1885 766 1943; x_wconf 91' lang='grc' dir='ltr'><strong><em>μου</em></strong></span> <span class='ocrx_word' id='word_1_229' title='bbox 785 1854 948 1947; x_wconf 89' lang='grc' dir='ltr'><strong><em>τριάκοντα</em></strong></span> <span class='ocrx_word' id='word_1_230' title='bbox 964 1860 1118 1950; x_wconf 78' lang='grc' dir='ltr'><strong><em>ἀργυροῦς.</em></strong></span> <span class='ocrx_word' id='word_1_231' title='bbox 1144 1864 1236 1928; x_wconf 73' lang='grc' dir='ltr'><strong><em>11καὶ</em></strong></span> <span class='ocrx_word' id='word_1_232' title='bbox 1251 1861 1312 1928; x_wconf 86' lang='grc' dir='ltr'><strong><em>εἶπε</em></strong></span> 
     </span>
     <span class='ocr_line' id='line_1_22' title="bbox 63 1940 1312 2031; baseline 0.002 -21"><span class='ocrx_word' id='word_1_233' title='bbox 63 1941 173 2031; x_wconf 90' lang='grc' dir='ltr'><strong><em>κύριος.</em></strong></span> <span class='ocrx_word' id='word_1_234' title='bbox 709 1940 807 2028; x_wconf 90' lang='grc' dir='ltr'><strong><em>κύριος</em></strong></span> <span class='ocrx_word' id='word_1_235' title='bbox 818 1946 894 2030; x_wconf 88' lang='grc' dir='ltr'><strong><em>πρὸς</em></strong></span> <span class='ocrx_word' id='word_1_236' title='bbox 909 1947 955 2031; x_wconf 88' lang='grc' dir='ltr'><strong><em>μέ.</em></strong></span> <span class='ocrx_word' id='word_1_237' title='bbox 983 1945 1074 2023; x_wconf 80' lang='grc' dir='ltr'><strong><em>κάθες</em></strong></span> <span class='ocrx_word' id='word_1_238' title='bbox 1091 1942 1204 2021; x_wconf 84' lang='grc' dir='ltr'><strong><em>αύτούς</em></strong></span> <span class='ocrx_word' id='word_1_239' title='bbox 1224 1950 1263 2023; x_wconf 78' lang='grc' dir='ltr'><strong><em>εἰς</em></strong></span> <span class='ocrx_word' id='word_1_240' title='bbox 1275 1945 1312 2013; x_wconf 85' lang='grc' dir='ltr'><strong><em>τὸ</em></strong></span> 
     </span>
     <span class='ocr_line' id='line_1_23' title="bbox 240 2024 1314 2133; baseline -0.001 -38"><span class='ocrx_word' id='word_1_241' title='bbox 240 2036 315 2095; x_wconf 84' lang='grc' dir='ltr'><strong><em>ΚΕ</em></strong></span> <span class='ocrx_word' id='word_1_242' title='bbox 328 2037 367 2097; x_wconf 80' lang='grc' dir='ltr'><strong><em>Φ.</em></strong></span> <span class='ocrx_word' id='word_1_243' title='bbox 412 2024 488 2096; x_wconf 82' lang='lat' dir='ltr'><em>1A&#39;.</em></span> <span class='ocrx_word' id='word_1_244' title='bbox 709 2025 1143 2133; x_wconf 77' lang='grc' dir='ltr'><strong><em>χωνευτηριον,καέσκέφομαι</em></strong></span> <span class='ocrx_word' id='word_1_245' title='bbox 1156 2024 1314 2113; x_wconf 80' lang='grc' dir='ltr'><strong><em>ελδάκιμάν</em></strong></span> 
     </span>
     <span class='ocr_line' id='line_1_24' title="bbox 64 2079 1313 2200; baseline 0 -22"><span class='ocrx_word' id='word_1_246' title='bbox 64 2079 110 2178; x_wconf 73' lang='grc' dir='ltr'><em>Δ</em></span> <span class='ocrx_word' id='word_1_247' title='bbox 111 2107 239 2189; x_wconf 81' lang='grc' dir='ltr'><strong><em>ιάνοιξον</em></strong></span> <span class='ocrx_word' id='word_1_248' title='bbox 252 2111 269 2178; x_wconf 86' lang='grc' dir='ltr'>ὁ</span> <span class='ocrx_word' id='word_1_249' title='bbox 281 2119 414 2200; x_wconf 90' lang='grc' dir='ltr'><strong><em>Λίβανος</em></strong></span> <span class='ocrx_word' id='word_1_250' title='bbox 423 2112 477 2189; x_wconf 84' lang='grc' dir='ltr'><strong><em>τὰς</em></strong></span> <span class='ocrx_word' id='word_1_251' title='bbox 487 2108 587 2197; x_wconf 92' lang='grc' dir='ltr'><strong><em>θύρας</em></strong></span> <span class='ocrx_word' id='word_1_252' title='bbox 600 2139 668 2189; x_wconf 92' lang='grc' dir='ltr'><strong><em>σου,</em></strong></span> <span class='ocrx_word' id='word_1_253' title='bbox 709 2114 800 2187; x_wconf 86' lang='grc' dir='ltr'><strong><em>ἐστιν,</em></strong></span> <span class='ocrx_word' id='word_1_254' title='bbox 823 2107 859 2176; x_wconf 84' lang='grc' dir='ltr'><strong><em>όν</em></strong></span> <span class='ocrx_word' id='word_1_255' title='bbox 880 2108 996 2199; x_wconf 89' lang='grc' dir='ltr'><strong><em>τρόπον</em></strong></span> <span class='ocrx_word' id='word_1_256' title='bbox 1019 2108 1217 2197; x_wconf 77' lang='grc' dir='ltr'><strong><em>ἐδοκιμάσθην</em></strong></span> <span class='ocrx_word' id='word_1_257' title='bbox 1236 2111 1313 2197; x_wconf 81' lang='grc' dir='ltr'><strong><em>ύπέρ</em></strong></span> 
     </span>
     <span class='ocr_line' id='line_1_25' title="bbox 63 2190 1313 2281; baseline 0.001 -20"><span class='ocrx_word' id='word_1_258' title='bbox 63 2198 325 2277; x_wconf 78' lang='grc' dir='ltr'><strong><em>καὶκαταφαγέτω</em></strong></span> <span class='ocrx_word' id='word_1_259' title='bbox 339 2195 668 2281; x_wconf 86' lang='grc' dir='ltr'><strong><em>πῦρτάςκέδρσυςσου.</em></strong></span> <span class='ocrx_word' id='word_1_260' title='bbox 708 2190 818 2258; x_wconf 85' lang='grc' dir='ltr'><strong><em>αύτιῦν.</em></strong></span> <span class='ocrx_word' id='word_1_261' title='bbox 851 2197 903 2259; x_wconf 80' lang='grc' dir='ltr'><strong><em>καί</em></strong></span> <span class='ocrx_word' id='word_1_262' title='bbox 924 2196 1037 2281; x_wconf 78' lang='grc' dir='ltr'><strong><em>ἔλαβον</em></strong></span> <span class='ocrx_word' id='word_1_263' title='bbox 1058 2195 1129 2271; x_wconf 83' lang='grc' dir='ltr'><strong><em>τοὺς</em></strong></span> <span class='ocrx_word' id='word_1_264' title='bbox 1150 2192 1313 2278; x_wconf 86' lang='grc' dir='ltr'><strong><em>τριάκοντα</em></strong></span> 
     </span>
     <span class='ocr_line' id='line_1_26' title="bbox 63 2273 1314 2362; baseline 0 -19"><span class='ocrx_word' id='word_1_265' title='bbox 63 2282 78 2321; x_wconf 84' lang='lat'>²</span> <span class='ocrx_word' id='word_1_266' title='bbox 104 2275 277 2353; x_wconf 85' lang='grc' dir='ltr'><strong><em>ὀλολυξάτω</em></strong></span> <span class='ocrx_word' id='word_1_267' title='bbox 301 2283 402 2356; x_wconf 84' lang='grc' dir='ltr'><strong><em>πίτυς,</em></strong></span> <span class='ocrx_word' id='word_1_268' title='bbox 429 2276 505 2341; x_wconf 88' lang='grc' dir='ltr'><strong><em>διότι</em></strong></span> <span class='ocrx_word' id='word_1_269' title='bbox 530 2283 668 2343; x_wconf 86' lang='grc' dir='ltr'><strong><em>πέπτωκε</em></strong></span> <span class='ocrx_word' id='word_1_270' title='bbox 709 2273 923 2358; x_wconf 83' lang='grc' dir='ltr'><strong><em>άργυροῦς,καί</em></strong></span> <span class='ocrx_word' id='word_1_271' title='bbox 935 2278 1075 2362; x_wconf 82' lang='grc' dir='ltr'><strong><em>ἐνέβαλον</em></strong></span> <span class='ocrx_word' id='word_1_272' title='bbox 1088 2276 1197 2352; x_wconf 85' lang='grc' dir='ltr'><strong><em>αύτούς</em></strong></span> <span class='ocrx_word' id='word_1_273' title='bbox 1210 2283 1248 2352; x_wconf 83' lang='grc' dir='ltr'><strong><em>είς</em></strong></span> <span class='ocrx_word' id='word_1_274' title='bbox 1260 2276 1314 2343; x_wconf 85' lang='grc' dir='ltr'><strong><em>τόν</em></strong></span> 
     </span>
     <span class='ocr_line' id='line_1_27' title="bbox 64 2354 1313 2445; baseline 0.002 -21"><span class='ocrx_word' id='word_1_275' title='bbox 64 2361 181 2443; x_wconf 83' lang='grc' dir='ltr'><strong><em>κέδρος,</em></strong></span> <span class='ocrx_word' id='word_1_276' title='bbox 206 2354 254 2424; x_wconf 80' lang='grc' dir='ltr'><strong><em>ότι</em></strong></span> <span class='ocrx_word' id='word_1_277' title='bbox 270 2358 403 2444; x_wconf 89' lang='grc' dir='ltr'><strong><em>μεγάλως</em></strong></span> <span class='ocrx_word' id='word_1_278' title='bbox 419 2365 584 2442; x_wconf 76' lang='grc' dir='ltr'><strong><em>μεγιστᾶνες</em></strong></span> <span class='ocrx_word' id='word_1_279' title='bbox 597 2361 668 2424; x_wconf 86' lang='grc' dir='ltr'><strong><em>ἐτα-</em></strong></span> <span class='ocrx_word' id='word_1_280' title='bbox 708 2355 790 2421; x_wconf 79' lang='grc' dir='ltr'><strong><em>οἶκον</em></strong></span> <span class='ocrx_word' id='word_1_281' title='bbox 803 2363 908 2442; x_wconf 91' lang='grc' dir='ltr'><strong><em>κυρίου</em></strong></span> <span class='ocrx_word' id='word_1_282' title='bbox 918 2357 1002 2435; x_wconf 79' lang='grc' dir='ltr'><strong><em>είςτὸ</em></strong></span> <span class='ocrx_word' id='word_1_283' title='bbox 1028 2357 1215 2445; x_wconf 77' lang='grc' dir='ltr'><strong><em>ωνευτηρισν.</em></strong></span> <span class='ocrx_word' id='word_1_284' title='bbox 1228 2359 1313 2426; x_wconf 79' lang='grc' dir='ltr'><strong><em>11καί</em></strong></span> 
     </span>
     <span class='ocr_line' id='line_1_28' title="bbox 64 2385 1313 2529; baseline 0.002 -24"><span class='ocrx_word' id='word_1_285' title='bbox 64 2435 269 2522; x_wconf 87' lang='grc' dir='ltr'><strong><em>λαιπιύρησαν.</em></strong></span> <span class='ocrx_word' id='word_1_286' title='bbox 280 2438 439 2517; x_wconf 78' lang='grc' dir='ltr'><strong><em>ὀλολύξατε</em></strong></span> <span class='ocrx_word' id='word_1_287' title='bbox 447 2436 533 2525; x_wconf 88' lang='grc' dir='ltr'><strong><em>δρύες</em></strong></span> <span class='ocrx_word' id='word_1_288' title='bbox 542 2446 669 2525; x_wconf 83' lang='grc' dir='ltr'><strong><em>τῆςΒα-</em></strong></span> <span class='ocrx_word' id='word_1_289' title='bbox 709 2437 867 2524; x_wconf 78' lang='grc' dir='ltr'><strong><em>άπέρριφα</em></strong></span> <span class='ocrx_word' id='word_1_290' title='bbox 878 2439 933 2525; x_wconf 72' lang='grc' dir='ltr'><strong><em>τὴν</em></strong></span> <span class='ocrx_word' id='word_1_291' title='bbox 943 2385 1055 2528; x_wconf 77' lang='grc' dir='ltr'><strong><em>ῥάβδον</em></strong></span> <span class='ocrx_word' id='word_1_292' title='bbox 1067 2440 1123 2527; x_wconf 77' lang='grc' dir='ltr'><strong><em>τὴν</em></strong></span> <span class='ocrx_word' id='word_1_293' title='bbox 1134 2439 1313 2529; x_wconf 82' lang='grc' dir='ltr'><strong><em>δευτέραντό</em></strong></span> 
     </span>
     <span class='ocr_line' id='line_1_29' title="bbox 65 2520 1313 2628; baseline 0.003 -39"><span class='ocrx_word' id='word_1_294' title='bbox 65 2525 227 2600; x_wconf 89' lang='grc' dir='ltr'><strong><em>σανίτιδσς,</em></strong></span> <span class='ocrx_word' id='word_1_295' title='bbox 240 2520 298 2603; x_wconf 49' lang='grc' dir='ltr'><strong><em>,ὅτι</em></strong></span> <span class='ocrx_word' id='word_1_296' title='bbox 311 2520 506 2607; x_wconf 87' lang='grc' dir='ltr'><strong><em>κατεσπάσθη</em></strong></span> <span class='ocrx_word' id='word_1_297' title='bbox 526 2522 544 2590; x_wconf 82' lang='grc' dir='ltr'>ὁ</span> <span class='ocrx_word' id='word_1_298' title='bbox 558 2523 669 2610; x_wconf 88' lang='grc' dir='ltr'><strong><em>δρυμὸς</em></strong></span> <span class='ocrx_word' id='word_1_299' title='bbox 709 2527 872 2606; x_wconf 82' lang='grc' dir='ltr'><strong><em>σχοίνισμα,</em></strong></span> <span class='ocrx_word' id='word_1_300' title='bbox 885 2531 942 2588; x_wconf 86' lang='grc' dir='ltr'><strong><em>τοῦ</em></strong></span> <span class='ocrx_word' id='word_1_301' title='bbox 950 2523 1141 2592; x_wconf 88' lang='grc' dir='ltr'><strong><em>διασκεδάσαι</em></strong></span> <span class='ocrx_word' id='word_1_302' title='bbox 1149 2525 1204 2628; x_wconf 72' lang='grc' dir='ltr'><strong><em>την</em></strong></span> <span class='ocrx_word' id='word_1_303' title='bbox 1216 2522 1313 2593; x_wconf 88' lang='grc' dir='ltr'><strong><em>κατά-</em></strong></span> 
     </span>
     <span class='ocr_line' id='line_1_30' title="bbox 64 2602 1313 2712; baseline 0.002 -39"><span class='ocrx_word' id='word_1_304' title='bbox 64 2603 83 2673; x_wconf 85' lang='grc' dir='ltr'><strong><em>ό</em></strong></span> <span class='ocrx_word' id='word_1_305' title='bbox 96 2608 253 2688; x_wconf 90' lang='grc' dir='ltr'><strong><em>σύμφυτος.</em></strong></span> <span class='ocrx_word' id='word_1_306' title='bbox 277 2604 381 2691; x_wconf 76' lang='grc' dir='ltr'><strong><em>3φωνὴ</em></strong></span> <span class='ocrx_word' id='word_1_307' title='bbox 394 2604 586 2690; x_wconf 88' lang='grc' dir='ltr'><strong><em>θρηνούντων</em></strong></span> <span class='ocrx_word' id='word_1_308' title='bbox 598 2633 669 2672; x_wconf 90' lang='grc' dir='ltr'><strong><em>ποι-</em></strong></span> <span class='ocrx_word' id='word_1_309' title='bbox 709 2628 805 2688; x_wconf 84' lang='grc' dir='ltr'><strong><em>σχεσιν</em></strong></span> <span class='ocrx_word' id='word_1_310' title='bbox 818 2602 964 2689; x_wconf 84' lang='grc' dir='ltr'><strong><em>άναμέσον</em></strong></span> <span class='ocrx_word' id='word_1_311' title='bbox 974 2605 1088 2685; x_wconf 88' lang='grc' dir='ltr'><strong><em>Ἰούδα,</em></strong></span> <span class='ocrx_word' id='word_1_312' title='bbox 1100 2610 1152 2674; x_wconf 83' lang='grc' dir='ltr'><strong><em>καὶ</em></strong></span> <span class='ocrx_word' id='word_1_313' title='bbox 1163 2611 1313 2712; x_wconf 83' lang='grc' dir='ltr'><strong><em>αναμέσον</em></strong></span> 
     </span>
     <span class='ocr_line' id='line_1_31' title="bbox 63 2684 1311 2790; baseline 0.002 -35"><span class='ocrx_word' id='word_1_314' title='bbox 63 2694 174 2776; x_wconf 84' lang='grc' dir='ltr'><strong><em>μένων,</em></strong></span> <span class='ocrx_word' id='word_1_315' title='bbox 201 2687 249 2754; x_wconf 79' lang='grc' dir='ltr'><strong><em>ὅτι</em></strong></span> <span class='ocrx_word' id='word_1_316' title='bbox 265 2688 523 2776; x_wconf 74' lang='grc' dir='ltr'><strong><em>τεταλαιπαίρηκεν</em></strong></span> <span class='ocrx_word' id='word_1_317' title='bbox 541 2688 559 2776; x_wconf 79' lang='grc' dir='ltr'><em>ἢ</em></span> <span class='ocrx_word' id='word_1_318' title='bbox 577 2716 667 2774; x_wconf 82' lang='grc' dir='ltr'><strong><em>μεγα-</em></strong></span> <span class='ocrx_word' id='word_1_319' title='bbox 704 2684 838 2790; x_wconf 70' lang='grc' dir='ltr'><strong><em>Ἰσραηλ.</em></strong></span> <span class='ocrx_word' id='word_1_320' title='bbox 869 2691 960 2755; x_wconf 78' lang='grc' dir='ltr'><strong><em>11καί</em></strong></span> <span class='ocrx_word' id='word_1_321' title='bbox 976 2691 1039 2757; x_wconf 82' lang='grc' dir='ltr'><strong><em>εἶπε</em></strong></span> <span class='ocrx_word' id='word_1_322' title='bbox 1057 2687 1156 2778; x_wconf 90' lang='grc' dir='ltr'><strong><em>κύριος</em></strong></span> <span class='ocrx_word' id='word_1_323' title='bbox 1173 2719 1250 2778; x_wconf 89' lang='grc' dir='ltr'><strong><em>προς</em></strong></span> <span class='ocrx_word' id='word_1_324' title='bbox 1266 2696 1311 2776; x_wconf 90' lang='grc' dir='ltr'><strong><em>με’.</em></strong></span> 
     </span>
     <span class='ocr_line' id='line_1_32' title="bbox 63 2769 1313 2860; baseline 0.002 -22"><span class='ocrx_word' id='word_1_325' title='bbox 63 2769 181 2854; x_wconf 84' lang='grc' dir='ltr'><strong><em>λωσύνη</em></strong></span> <span class='ocrx_word' id='word_1_326' title='bbox 195 2771 305 2838; x_wconf 81' lang='grc' dir='ltr'><strong><em>αὐτῶν.</em></strong></span> <span class='ocrx_word' id='word_1_327' title='bbox 332 2770 415 2857; x_wconf 75' lang='grc' dir='ltr'><strong><em>φωνὴ</em></strong></span> <span class='ocrx_word' id='word_1_328' title='bbox 428 2774 608 2860; x_wconf 79' lang='grc' dir='ltr'><strong><em>ὠρυομένων</em></strong></span> <span class='ocrx_word' id='word_1_329' title='bbox 620 2773 668 2839; x_wconf 57' lang='grc' dir='ltr'><strong><em>λε</em></strong></span> <span class='ocrx_word' id='word_1_330' title='bbox 708 2773 750 2835; x_wconf 76' lang='grc' dir='ltr'><strong><em>ἔτι</em></strong></span> <span class='ocrx_word' id='word_1_331' title='bbox 763 2769 834 2857; x_wconf 86' lang='grc' dir='ltr'><strong><em>λαβε</em></strong></span> <span class='ocrx_word' id='word_1_332' title='bbox 848 2779 965 2858; x_wconf 79' lang='grc' dir='ltr'><strong><em>σεαυτῷ</em></strong></span> <span class='ocrx_word' id='word_1_333' title='bbox 975 2775 1064 2860; x_wconf 89' lang='grc' dir='ltr'><strong><em>σκεύη</em></strong></span> <span class='ocrx_word' id='word_1_334' title='bbox 1076 2773 1228 2859; x_wconf 88' lang='grc' dir='ltr'><strong><em>ποιμενικά</em></strong></span> <span class='ocrx_word' id='word_1_335' title='bbox 1241 2801 1313 2841; x_wconf 87' lang='grc' dir='ltr'><strong><em>ποι-</em></strong></span> 
     </span>
     <span class='ocr_line' id='line_1_33' title="bbox 64 2852 1313 2944; baseline 0.002 -21"><span class='ocrx_word' id='word_1_336' title='bbox 64 2854 171 2932; x_wconf 85' lang='grc' dir='ltr'><strong><em>άντων,</em></strong></span> <span class='ocrx_word' id='word_1_337' title='bbox 184 2853 232 2923; x_wconf 77' lang='grc' dir='ltr'><strong><em>ὅτι</em></strong></span> <span class='ocrx_word' id='word_1_338' title='bbox 249 2854 490 2944; x_wconf 85' lang='grc' dir='ltr'><strong><em>τεταλαιπιάρηκε</em></strong></span> <span class='ocrx_word' id='word_1_339' title='bbox 501 2860 539 2923; x_wconf 90' lang='grc' dir='ltr'><strong><em>τὸ</em></strong></span> <span class='ocrx_word' id='word_1_340' title='bbox 552 2852 668 2944; x_wconf 76' lang='grc' dir='ltr'><strong><em>φρύαγ·</em></strong></span> <span class='ocrx_word' id='word_1_341' title='bbox 706 2856 791 2936; x_wconf 80' lang='grc' dir='ltr'><strong><em>μένος</em></strong></span> <span class='ocrx_word' id='word_1_342' title='bbox 803 2853 939 2943; x_wconf 85' lang='grc' dir='ltr'><strong><em>άπείρου,</em></strong></span> <span class='ocrx_word' id='word_1_343' title='bbox 965 2859 994 2902; x_wconf 83' lang='grc'><strong><em>11</em></strong></span> <span class='ocrx_word' id='word_1_344' title='bbox 1006 2854 1082 2925; x_wconf 89' lang='grc' dir='ltr'><strong><em>διότι</em></strong></span> <span class='ocrx_word' id='word_1_345' title='bbox 1100 2859 1168 2926; x_wconf 78' lang='grc' dir='ltr'><strong><em>ἰδού</em></strong></span> <span class='ocrx_word' id='word_1_346' title='bbox 1180 2857 1239 2939; x_wconf 75' lang='grc' dir='ltr'><strong><em>ἐγὼ</em></strong></span> <span class='ocrx_word' id='word_1_347' title='bbox 1252 2861 1313 2936; x_wconf 82' lang='grc' dir='ltr'><strong><em>ἐξε-</em></strong></span> 
     </span>
     <span class='ocr_line' id='line_1_34' title="bbox 62 2936 1312 3028; baseline 0.002 -24"><span class='ocrx_word' id='word_1_348' title='bbox 62 2967 104 3023; x_wconf 92' lang='grc' dir='ltr'><strong><em>μα</em></strong></span> <span class='ocrx_word' id='word_1_349' title='bbox 122 2944 179 3004; x_wconf 87' lang='grc' dir='ltr'><strong><em>τοῦ</em></strong></span> <span class='ocrx_word' id='word_1_350' title='bbox 202 2936 363 3026; x_wconf 86' lang='grc' dir='ltr'><strong><em>Ἰορδάνου.</em></strong></span> <span class='ocrx_word' id='word_1_351' title='bbox 399 2938 501 3008; x_wconf 82' lang='grc' dir='ltr'><strong><em>1τάδε</em></strong></span> <span class='ocrx_word' id='word_1_352' title='bbox 519 2943 596 3019; x_wconf 84' lang='grc' dir='ltr'><strong><em>λέγει</em></strong></span> <span class='ocrx_word' id='word_1_353' title='bbox 612 2938 667 3006; x_wconf 86' lang='grc' dir='ltr'><strong><em>κύ-</em></strong></span> <span class='ocrx_word' id='word_1_354' title='bbox 706 2943 794 3022; x_wconf 81' lang='grc' dir='ltr'><strong><em>γείρω</em></strong></span> <span class='ocrx_word' id='word_1_355' title='bbox 807 2942 933 3023; x_wconf 86' lang='grc' dir='ltr'><strong><em>ποιμένα</em></strong></span> <span class='ocrx_word' id='word_1_356' title='bbox 945 2943 996 3008; x_wconf 82' lang='grc' dir='ltr'><strong><em>ἐπὶ</em></strong></span> <span class='ocrx_word' id='word_1_357' title='bbox 1011 2942 1067 3028; x_wconf 75' lang='grc' dir='ltr'><strong><em>τὴν</em></strong></span> <span class='ocrx_word' id='word_1_358' title='bbox 1083 2948 1148 3028; x_wconf 72' lang='grc' dir='ltr'><strong><em>γῆν,</em></strong></span> <span class='ocrx_word' id='word_1_359' title='bbox 1161 2942 1198 3008; x_wconf 88' lang='grc' dir='ltr'><strong><em>τὸ</em></strong></span> <span class='ocrx_word' id='word_1_360' title='bbox 1212 2942 1312 3028; x_wconf 78' lang='grc' dir='ltr'><strong><em>ἐκλιμ-</em></strong></span> 
     </span>
     <span class='ocr_line' id='line_1_35' title="bbox 63 3018 1312 3130; baseline 0.002 -43"><span class='ocrx_word' id='word_1_361' title='bbox 63 3050 125 3108; x_wconf 93' lang='grc' dir='ltr'><strong><em>ριος</em></strong></span> <span class='ocrx_word' id='word_1_362' title='bbox 154 3023 381 3111; x_wconf 88' lang='grc' dir='ltr'><strong><em>παντοκράτωρ.</em></strong></span> <span class='ocrx_word' id='word_1_363' title='bbox 434 3032 603 3130; x_wconf 86' lang='grc' dir='ltr'><strong><em>ποιμαίνετε</em></strong></span> <span class='ocrx_word' id='word_1_364' title='bbox 628 3021 667 3090; x_wconf 87' lang='grc' dir='ltr'><strong><em>τά</em></strong></span> <span class='ocrx_word' id='word_1_365' title='bbox 705 3018 800 3087; x_wconf 90' lang='grc' dir='ltr'><strong><em>πάνσν</em></strong></span> <span class='ocrx_word' id='word_1_366' title='bbox 816 3020 852 3088; x_wconf 86' lang='grc' dir='ltr'><strong><em>ού</em></strong></span> <span class='ocrx_word' id='word_1_367' title='bbox 869 3020 908 3109; x_wconf 77' lang='grc' dir='ltr'><strong><em>μη</em></strong></span> <span class='ocrx_word' id='word_1_368' title='bbox 927 3028 1142 3111; x_wconf 82' lang='grc' dir='ltr'><strong><em>ἐπισκέφηται,</em></strong></span> <span class='ocrx_word' id='word_1_369' title='bbox 1167 3024 1265 3092; x_wconf 86' lang='grc' dir='ltr'><strong><em>καὶτὸ</em></strong></span> <span class='ocrx_word' id='word_1_370' title='bbox 1280 3029 1312 3090; x_wconf 86' lang='grc' dir='ltr'><strong><em>έ-</em></strong></span> 
     </span>
     <span class='ocr_line' id='line_1_36' title="bbox 61 3102 1311 3195; baseline 0.002 -25"><span class='ocrx_word' id='word_1_371' title='bbox 61 3104 204 3192; x_wconf 89' lang='grc' dir='ltr'><strong><em>πρόβατα</em></strong></span> <span class='ocrx_word' id='word_1_372' title='bbox 222 3112 274 3191; x_wconf 80' lang='grc' dir='ltr'><strong><em>της</em></strong></span> <span class='ocrx_word' id='word_1_373' title='bbox 291 3111 417 3191; x_wconf 77' lang='grc' dir='ltr'><strong><em>σφαγῆς,</em></strong></span> <span class='ocrx_word' id='word_1_374' title='bbox 443 3109 492 3174; x_wconf 71' lang='grc' dir='ltr'><strong><em>5ά</em></strong></span> <span class='ocrx_word' id='word_1_375' title='bbox 510 3113 543 3174; x_wconf 81' lang='grc' dir='ltr'><strong><em>σί</em></strong></span> <span class='ocrx_word' id='word_1_376' title='bbox 557 3133 593 3173; x_wconf 91' lang='grc' dir='ltr'><strong><em>κτ</em></strong></span> <span class='ocrx_word' id='word_1_377' title='bbox 613 3102 668 3174; x_wconf 82' lang='grc' dir='ltr'><strong><em>σά·</em></strong></span> <span class='ocrx_word' id='word_1_378' title='bbox 706 3109 921 3191; x_wconf 88' lang='grc' dir='ltr'><strong><em>σκορπισμένον</em></strong></span> <span class='ocrx_word' id='word_1_379' title='bbox 939 3107 977 3174; x_wconf 88' lang='grc' dir='ltr'><strong><em>ού</em></strong></span> <span class='ocrx_word' id='word_1_380' title='bbox 993 3109 1034 3195; x_wconf 74' lang='grc' dir='ltr'><strong><em>μὴ</em></strong></span> <span class='ocrx_word' id='word_1_381' title='bbox 1053 3105 1180 3195; x_wconf 74' lang='grc' dir='ltr'><strong><em>ζητήση,</em></strong></span> <span class='ocrx_word' id='word_1_382' title='bbox 1204 3110 1256 3174; x_wconf 80' lang='grc' dir='ltr'><strong><em>καί</em></strong></span> <span class='ocrx_word' id='word_1_383' title='bbox 1274 3104 1311 3174; x_wconf 90' lang='grc' dir='ltr'><strong><em>τό</em></strong></span> 
     </span>
     <span class='ocr_line' id='line_1_37' title="bbox 62 3184 1310 3297; baseline 0.003 -44"><span class='ocrx_word' id='word_1_384' title='bbox 62 3213 140 3272; x_wconf 90' lang='grc' dir='ltr'><strong><em>μενοι</em></strong></span> <span class='ocrx_word' id='word_1_385' title='bbox 154 3192 355 3271; x_wconf 84' lang='grc' dir='ltr'><strong><em>κατέσφαζον,</em></strong></span> <span class='ocrx_word' id='word_1_386' title='bbox 381 3196 432 3259; x_wconf 85' lang='grc' dir='ltr'><strong><em>καί</em></strong></span> <span class='ocrx_word' id='word_1_387' title='bbox 451 3191 487 3258; x_wconf 88' lang='grc' dir='ltr'><strong><em>ού</em></strong></span> <span class='ocrx_word' id='word_1_388' title='bbox 500 3217 583 3275; x_wconf 90' lang='grc' dir='ltr'><strong><em>μετεμ</em></strong></span> <span class='ocrx_word' id='word_1_389' title='bbox 617 3217 668 3257; x_wconf 84' lang='grc' dir='ltr'><strong><em>σν·</em></strong></span> <span class='ocrx_word' id='word_1_390' title='bbox 705 3193 947 3274; x_wconf 88' lang='grc' dir='ltr'><strong><em>συντετριμμένον</em></strong></span> <span class='ocrx_word' id='word_1_391' title='bbox 959 3194 995 3258; x_wconf 86' lang='grc' dir='ltr'><strong><em>σύ</em></strong></span> <span class='ocrx_word' id='word_1_392' title='bbox 1008 3192 1048 3279; x_wconf 77' lang='grc' dir='ltr'><strong><em>μη</em></strong></span> <span class='ocrx_word' id='word_1_393' title='bbox 1064 3184 1199 3297; x_wconf 73' lang='grc' dir='ltr'><strong><em>ἰάσηται,</em></strong></span> <span class='ocrx_word' id='word_1_394' title='bbox 1211 3191 1310 3258; x_wconf 83' lang='grc' dir='ltr'><strong><em>καὶτὸ</em></strong></span> 
     </span>
     <span class='ocr_line' id='line_1_38' title="bbox 62 3268 1311 3361; baseline 0.002 -24"><span class='ocrx_word' id='word_1_395' title='bbox 62 3298 115 3347; x_wconf 90' lang='grc' dir='ltr'><strong><em>το,</em></strong></span> <span class='ocrx_word' id='word_1_396' title='bbox 137 3277 189 3338; x_wconf 83' lang='grc' dir='ltr'><strong><em>καί</em></strong></span> <span class='ocrx_word' id='word_1_397' title='bbox 211 3277 243 3338; x_wconf 76' lang='grc' dir='ltr'><strong><em>οἷ</em></strong></span> <span class='ocrx_word' id='word_1_398' title='bbox 268 3275 440 3351; x_wconf 80' lang='grc' dir='ltr'><strong><em>πωλοῦντες</em></strong></span> <span class='ocrx_word' id='word_1_399' title='bbox 461 3273 667 3355; x_wconf 82' lang='grc' dir='ltr'><strong><em>αύτάέλεγον,</em></strong></span> <span class='ocrx_word' id='word_1_400' title='bbox 704 3268 868 3357; x_wconf 85' lang='grc' dir='ltr'><strong><em>ὁλόκληρον</em></strong></span> <span class='ocrx_word' id='word_1_401' title='bbox 885 3272 921 3339; x_wconf 87' lang='grc' dir='ltr'><strong><em>ού</em></strong></span> <span class='ocrx_word' id='word_1_402' title='bbox 939 3273 979 3361; x_wconf 78' lang='grc' dir='ltr'><strong><em>μη</em></strong></span> <span class='ocrx_word' id='word_1_403' title='bbox 994 3289 1183 3360; x_wconf 87' lang='grc' dir='ltr'><strong><em>κατευθυνη,</em></strong></span> <span class='ocrx_word' id='word_1_404' title='bbox 1208 3276 1260 3340; x_wconf 88' lang='grc' dir='ltr'><strong><em>καὶ</em></strong></span> <span class='ocrx_word' id='word_1_405' title='bbox 1271 3272 1311 3341; x_wconf 88' lang='grc' dir='ltr'><strong><em>τά</em></strong></span> 
     </span>
     <span class='ocr_line' id='line_1_39' title="bbox 63 3349 1311 3445; baseline 0.003 -26"><span class='ocrx_word' id='word_1_406' title='bbox 63 3355 220 3440; x_wconf 85' lang='grc' dir='ltr'><strong><em>εὐλογητὸς</em></strong></span> <span class='ocrx_word' id='word_1_407' title='bbox 231 3355 342 3441; x_wconf 82' lang='grc' dir='ltr'><strong><em>κύριος,</em></strong></span> <span class='ocrx_word' id='word_1_408' title='bbox 352 3359 405 3423; x_wconf 84' lang='grc' dir='ltr'><strong><em>καὶ</em></strong></span> <span class='ocrx_word' id='word_1_409' title='bbox 416 3358 666 3445; x_wconf 77' lang='grc' dir='ltr'><strong><em>πεπλουτηκαμεν,</em></strong></span> <span class='ocrx_word' id='word_1_410' title='bbox 704 3359 778 3442; x_wconf 88' lang='grc' dir='ltr'><strong><em>κρεά</em></strong></span> <span class='ocrx_word' id='word_1_411' title='bbox 789 3361 851 3421; x_wconf 76' lang='grc' dir='ltr'><strong><em>τῶν</em></strong></span> <span class='ocrx_word' id='word_1_412' title='bbox 865 3357 1010 3423; x_wconf 79' lang='grc' dir='ltr'><strong><em>ἐκλεκτῶν</em></strong></span> <span class='ocrx_word' id='word_1_413' title='bbox 1023 3349 1240 3440; x_wconf 88' lang='grc' dir='ltr'><strong><em>καταφάγεται,</em></strong></span> <span class='ocrx_word' id='word_1_414' title='bbox 1258 3359 1311 3423; x_wconf 74' lang='grc' dir='ltr'><strong><em>καὶ</em></strong></span> 
     </span>
     <span class='ocr_line' id='line_1_40' title="bbox 62 3436 1308 3542; baseline -0.001 -39"><span class='ocrx_word' id='word_1_415' title='bbox 62 3441 114 3503; x_wconf 81' lang='grc' dir='ltr'><strong><em>καί</em></strong></span> <span class='ocrx_word' id='word_1_416' title='bbox 131 3444 162 3503; x_wconf 76' lang='grc' dir='ltr'><strong><em>οἱ</em></strong></span> <span class='ocrx_word' id='word_1_417' title='bbox 179 3442 313 3520; x_wconf 85' lang='grc' dir='ltr'><strong><em>ποιμένες</em></strong></span> <span class='ocrx_word' id='word_1_418' title='bbox 336 3439 437 3507; x_wconf 81' lang='grc' dir='ltr'><strong><em>αύτιῦν</em></strong></span> <span class='ocrx_word' id='word_1_419' title='bbox 458 3440 514 3505; x_wconf 85' lang='grc' dir='ltr'><strong><em>σῦκ</em></strong></span> <span class='ocrx_word' id='word_1_420' title='bbox 534 3446 667 3526; x_wconf 77' lang='grc' dir='ltr'><strong><em>ἔπασχον</em></strong></span> <span class='ocrx_word' id='word_1_421' title='bbox 704 3437 774 3542; x_wconf 64' lang='grc' dir='ltr'><strong><em>τοὺς</em></strong></span> <span class='ocrx_word' id='word_1_422' title='bbox 791 3436 1001 3523; x_wconf 81' lang='grc' dir='ltr'><strong><em>ἀστραγάλους</em></strong></span> <span class='ocrx_word' id='word_1_423' title='bbox 1027 3439 1128 3506; x_wconf 77' lang='grc' dir='ltr'><strong><em>αύταῦν</em></strong></span> <span class='ocrx_word' id='word_1_424' title='bbox 1144 3442 1308 3523; x_wconf 80' lang='grc' dir='ltr'><strong><em>ἐκστρέφει.</em></strong></span> 
     </span>
     <span class='ocr_line' id='line_1_41' title="bbox 63 3518 1310 3606; baseline 0.002 -21"><span class='ocrx_word' id='word_1_425' title='bbox 63 3520 151 3585; x_wconf 81' lang='grc' dir='ltr'><strong><em>οὐδὲν</em></strong></span> <span class='ocrx_word' id='word_1_426' title='bbox 164 3519 207 3584; x_wconf 85' lang='grc' dir='ltr'><strong><em>ἐπ’</em></strong></span> <span class='ocrx_word' id='word_1_427' title='bbox 224 3518 335 3596; x_wconf 85' lang='grc' dir='ltr'><strong><em>αύτοῖς.</em></strong></span> <span class='ocrx_word' id='word_1_428' title='bbox 364 3521 436 3587; x_wconf 75' lang='grc' dir='ltr'><strong><em>11διύι</em></strong></span> <span class='ocrx_word' id='word_1_429' title='bbox 447 3527 540 3588; x_wconf 85' lang='grc' dir='ltr'><strong><em>τοῦτο</em></strong></span> <span class='ocrx_word' id='word_1_430' title='bbox 554 3522 591 3586; x_wconf 88' lang='grc' dir='ltr'><strong><em>ού</em></strong></span> <span class='ocrx_word' id='word_1_431' title='bbox 602 3529 663 3603; x_wconf 74' lang='grc' dir='ltr'><strong><em>φεί</em></strong></span> <span class='ocrx_word' id='word_1_432' title='bbox 703 3523 730 3564; x_wconf 89' lang='lat'><strong><em>¹⁷</em></strong></span> <span class='ocrx_word' id='word_1_433' title='bbox 747 3547 772 3583; x_wconf 88' lang='grc' dir='ltr'><strong><em>ω</em></strong></span> <span class='ocrx_word' id='word_1_434' title='bbox 783 3524 813 3583; x_wconf 75' lang='grc' dir='ltr'><strong><em>οἱ</em></strong></span> <span class='ocrx_word' id='word_1_435' title='bbox 822 3526 1026 3604; x_wconf 86' lang='grc' dir='ltr'><strong><em>ποιμαίνοντες</em></strong></span> <span class='ocrx_word' id='word_1_436' title='bbox 1034 3519 1073 3586; x_wconf 86' lang='grc' dir='ltr'><strong><em>τά</em></strong></span> <span class='ocrx_word' id='word_1_437' title='bbox 1081 3518 1208 3606; x_wconf 89' lang='grc' dir='ltr'><strong><em>μάταια,</em></strong></span> <span class='ocrx_word' id='word_1_438' title='bbox 1214 3547 1310 3587; x_wconf 88' lang='grc' dir='ltr'><strong><em>κατα-</em></strong></span> 
     </span>
     <span class='ocr_line' id='line_1_42' title="bbox 63 3598 1310 3691; baseline 0 -22"><span class='ocrx_word' id='word_1_439' title='bbox 63 3628 153 3685; x_wconf 89' lang='grc' dir='ltr'><strong><em>σομαι</em></strong></span> <span class='ocrx_word' id='word_1_440' title='bbox 170 3601 269 3667; x_wconf 87' lang='grc' dir='ltr'><strong><em>ούκέτι</em></strong></span> <span class='ocrx_word' id='word_1_441' title='bbox 287 3604 338 3668; x_wconf 78' lang='grc' dir='ltr'><strong><em>ἐπὶ</em></strong></span> <span class='ocrx_word' id='word_1_442' title='bbox 360 3603 434 3679; x_wconf 88' lang='grc' dir='ltr'><strong><em>τούς</em></strong></span> <span class='ocrx_word' id='word_1_443' title='bbox 451 3609 665 3678; x_wconf 79' lang='grc' dir='ltr'><strong><em>κατοικοῦντας</em></strong></span> <span class='ocrx_word' id='word_1_444' title='bbox 703 3598 871 3678; x_wconf 82' lang='grc' dir='ltr'><strong><em>λελοιπότες</em></strong></span> <span class='ocrx_word' id='word_1_445' title='bbox 883 3603 924 3669; x_wconf 87' lang='grc' dir='ltr'><strong><em>τά</em></strong></span> <span class='ocrx_word' id='word_1_446' title='bbox 936 3601 1090 3691; x_wconf 92' lang='grc' dir='ltr'><strong><em>πρόβατα,</em></strong></span> <span class='ocrx_word' id='word_1_447' title='bbox 1114 3601 1247 3690; x_wconf 87' lang='grc' dir='ltr'><strong><em>μάχαιρα</em></strong></span> <span class='ocrx_word' id='word_1_448' title='bbox 1259 3606 1310 3670; x_wconf 72' lang='grc' dir='ltr'><strong><em>ἐπὶ</em></strong></span> 
     </span>
     <span class='ocr_line' id='line_1_43' title="bbox 61 3680 1309 3771; baseline 0.002 -19"><span class='ocrx_word' id='word_1_449' title='bbox 61 3683 115 3770; x_wconf 77' lang='grc' dir='ltr'><strong><em>την</em></strong></span> <span class='ocrx_word' id='word_1_450' title='bbox 126 3691 200 3764; x_wconf 71' lang='grc' dir='ltr'><strong><em>γ’ν,</em></strong></span> <span class='ocrx_word' id='word_1_451' title='bbox 224 3685 300 3764; x_wconf 83' lang='grc' dir='ltr'><strong><em>λέγει</em></strong></span> <span class='ocrx_word' id='word_1_452' title='bbox 319 3683 426 3771; x_wconf 89' lang='grc' dir='ltr'><strong><em>κύριος.</em></strong></span> <span class='ocrx_word' id='word_1_453' title='bbox 463 3688 515 3751; x_wconf 81' lang='grc' dir='ltr'><strong><em>καί</em></strong></span> <span class='ocrx_word' id='word_1_454' title='bbox 528 3687 592 3752; x_wconf 80' lang='grc' dir='ltr'><strong><em>ἰδού</em></strong></span> <span class='ocrx_word' id='word_1_455' title='bbox 605 3685 664 3764; x_wconf 79' lang='grc' dir='ltr'><strong><em>ἐγώ</em></strong></span> <span class='ocrx_word' id='word_1_456' title='bbox 702 3680 773 3759; x_wconf 75' lang='grc' dir='ltr'><strong><em>τοὺς</em></strong></span> <span class='ocrx_word' id='word_1_457' title='bbox 784 3689 945 3770; x_wconf 85' lang='grc' dir='ltr'><strong><em>βραχίονας</em></strong></span> <span class='ocrx_word' id='word_1_458' title='bbox 957 3686 1065 3765; x_wconf 79' lang='grc' dir='ltr'><strong><em>αὐτοῦ,</em></strong></span> <span class='ocrx_word' id='word_1_459' title='bbox 1078 3691 1129 3755; x_wconf 80' lang='grc' dir='ltr'><strong><em>καί</em></strong></span> <span class='ocrx_word' id='word_1_460' title='bbox 1142 3691 1192 3755; x_wconf 81' lang='grc' dir='ltr'><strong><em>ἐπὶ</em></strong></span> <span class='ocrx_word' id='word_1_461' title='bbox 1203 3688 1258 3755; x_wconf 88' lang='grc' dir='ltr'><strong><em>τὸν</em></strong></span> <span class='ocrx_word' id='word_1_462' title='bbox 1273 3686 1309 3755; x_wconf 87' lang='grc' dir='ltr'><strong><em>ό-</em></strong></span> 
     </span>
     <span class='ocr_line' id='line_1_44' title="bbox 62 3715 1310 3877; baseline 0.002 -41"><span class='ocrx_word' id='word_1_463' title='bbox 62 3715 252 3856; x_wconf 79' lang='grc' dir='ltr'><strong><em>παραδίδωμι</em></strong></span> <span class='ocrx_word' id='word_1_464' title='bbox 274 3767 345 3844; x_wconf 89' lang='grc' dir='ltr'><strong><em>τούς</em></strong></span> <span class='ocrx_word' id='word_1_465' title='bbox 372 3763 568 3855; x_wconf 77' lang='grc' dir='ltr'><strong><em>ἀνθρώπους,</em></strong></span> <span class='ocrx_word' id='word_1_466' title='bbox 595 3776 663 3835; x_wconf 82' lang='grc' dir='ltr'><strong><em>έκα-</em></strong></span> <span class='ocrx_word' id='word_1_467' title='bbox 702 3767 845 3850; x_wconf 87' lang='grc' dir='ltr'><strong><em>φθαλμδν</em></strong></span> <span class='ocrx_word' id='word_1_468' title='bbox 858 3769 912 3834; x_wconf 89' lang='grc' dir='ltr'><strong><em>τὸν</em></strong></span> <span class='ocrx_word' id='word_1_469' title='bbox 925 3768 1164 3849; x_wconf 85' lang='grc' dir='ltr'><strong><em>δεξιόναύτσῦ,ὁ</em></strong></span> <span class='ocrx_word' id='word_1_470' title='bbox 1177 3777 1310 3877; x_wconf 78' lang='grc' dir='ltr'><strong><em>βραχίων</em></strong></span> 
     </span>
     <span class='ocr_line' id='line_1_45' title="bbox 64 3850 1307 3942; baseline 0.002 -23"><span class='ocrx_word' id='word_1_471' title='bbox 64 3879 135 3919; x_wconf 91' lang='grc' dir='ltr'><strong><em>στον</em></strong></span> <span class='ocrx_word' id='word_1_472' title='bbox 147 3858 187 3929; x_wconf 82' lang='grc' dir='ltr'><strong><em>είς</em></strong></span> <span class='ocrx_word' id='word_1_473' title='bbox 198 3865 281 3938; x_wconf 85' lang='grc' dir='ltr'><strong><em>χεῖρα</em></strong></span> <span class='ocrx_word' id='word_1_474' title='bbox 294 3856 351 3919; x_wconf 86' lang='grc' dir='ltr'><strong><em>τοῦ</em></strong></span> <span class='ocrx_word' id='word_1_475' title='bbox 362 3853 489 3938; x_wconf 84' lang='grc' dir='ltr'><strong><em>πλησίον</em></strong></span> <span class='ocrx_word' id='word_1_476' title='bbox 502 3851 665 3931; x_wconf 67' lang='grc' dir='ltr'><strong><em>αὐτοῦκαὶ</em></strong></span> <span class='ocrx_word' id='word_1_477' title='bbox 700 3850 799 3917; x_wconf 80' lang='grc' dir='ltr'><strong><em>αὐτοῦ</em></strong></span> <span class='ocrx_word' id='word_1_478' title='bbox 832 3850 1040 3939; x_wconf 84' lang='grc' dir='ltr'><strong><em>ξηραινόμενος</em></strong></span> <span class='ocrx_word' id='word_1_479' title='bbox 1076 3857 1307 3942; x_wconf 82' lang='grc' dir='ltr'><strong><em>ξηρανθησεται,</em></strong></span> 
     </span>
     <span class='ocr_line' id='line_1_46' title="bbox 63 3933 1308 4023; baseline 0.005 -23"><span class='ocrx_word' id='word_1_480' title='bbox 63 3942 103 4011; x_wconf 81' lang='grc' dir='ltr'><strong><em>είς</em></strong></span> <span class='ocrx_word' id='word_1_481' title='bbox 114 3949 196 4022; x_wconf 79' lang='grc' dir='ltr'><strong><em>χεῖρα</em></strong></span> <span class='ocrx_word' id='word_1_482' title='bbox 206 3936 355 4023; x_wconf 86' lang='grc' dir='ltr'><strong><em>βασιλέως</em></strong></span> <span class='ocrx_word' id='word_1_483' title='bbox 368 3936 480 4014; x_wconf 81' lang='grc' dir='ltr'><strong><em>αὐτοῦ,</em></strong></span> <span class='ocrx_word' id='word_1_484' title='bbox 505 3940 556 4002; x_wconf 86' lang='grc' dir='ltr'><strong><em>καὶ</em></strong></span> <span class='ocrx_word' id='word_1_485' title='bbox 568 3963 665 4004; x_wconf 84' lang='grc' dir='ltr'><strong><em>κατα·</em></strong></span> <span class='ocrx_word' id='word_1_486' title='bbox 700 3936 750 3999; x_wconf 82' lang='grc' dir='ltr'><strong><em>καὶ</em></strong></span> <span class='ocrx_word' id='word_1_487' title='bbox 763 3933 781 3999; x_wconf 82' lang='grc' dir='ltr'><strong><em>δ</em></strong></span> <span class='ocrx_word' id='word_1_488' title='bbox 795 3934 985 4023; x_wconf 84' lang='grc' dir='ltr'><strong><em>άφθαλμδςὸ</em></strong></span> <span class='ocrx_word' id='word_1_489' title='bbox 1001 3938 1092 4017; x_wconf 84' lang='grc' dir='ltr'><strong><em>δεξιὸς</em></strong></span> <span class='ocrx_word' id='word_1_490' title='bbox 1111 3937 1208 4007; x_wconf 77' lang='grc' dir='ltr'><strong><em>αὐτοῦ</em></strong></span> <span class='ocrx_word' id='word_1_491' title='bbox 1220 3946 1308 4008; x_wconf 86' lang='grc' dir='ltr'><strong><em>έκτυ-</em></strong></span> 
     </span>
     <span class='ocr_line' id='line_1_47' title="bbox 63 4017 1159 4109; baseline 0.005 -26"><span class='ocrx_word' id='word_1_492' title='bbox 63 4017 192 4101; x_wconf 88' lang='grc' dir='ltr'><strong><em>κόφουσι</em></strong></span> <span class='ocrx_word' id='word_1_493' title='bbox 204 4018 259 4106; x_wconf 78' lang='grc' dir='ltr'><strong><em>την</em></strong></span> <span class='ocrx_word' id='word_1_494' title='bbox 268 4024 339 4106; x_wconf 70' lang='grc' dir='ltr'><strong><em>γῆν,</em></strong></span> <span class='ocrx_word' id='word_1_495' title='bbox 353 4021 405 4086; x_wconf 80' lang='grc' dir='ltr'><strong><em>καί</em></strong></span> <span class='ocrx_word' id='word_1_496' title='bbox 417 4018 454 4085; x_wconf 90' lang='grc' dir='ltr'><strong><em>ού</em></strong></span> <span class='ocrx_word' id='word_1_497' title='bbox 467 4018 507 4105; x_wconf 75' lang='grc' dir='ltr'><strong><em>μὴ</em></strong></span> <span class='ocrx_word' id='word_1_498' title='bbox 520 4021 664 4106; x_wconf 82' lang='grc' dir='ltr'><strong><em>έξέλωμαι</em></strong></span> <span class='ocrx_word' id='word_1_499' title='bbox 700 4017 866 4105; x_wconf 80' lang='grc' dir='ltr'><strong><em>φλούμενος</em></strong></span> <span class='ocrx_word' id='word_1_500' title='bbox 884 4019 1159 4109; x_wconf 76' lang='grc' dir='ltr'><strong><em>ἐκτυφλωθύσεται.</em></strong></span> 
     </span>
     <span class='ocr_line' id='line_1_48' title="bbox 62 4101 1129 4208; baseline 0.002 -38"><span class='ocrx_word' id='word_1_501' title='bbox 62 4109 94 4170; x_wconf 84' lang='grc' dir='ltr'><strong><em>ἐκ</em></strong></span> <span class='ocrx_word' id='word_1_502' title='bbox 113 4103 206 4208; x_wconf 74' lang='grc' dir='ltr'><strong><em>ηειρός</em></strong></span> <span class='ocrx_word' id='word_1_503' title='bbox 224 4101 332 4170; x_wconf 83' lang='grc' dir='ltr'><strong><em>αύτιῦν.</em></strong></span> <span class='ocrx_word' id='word_1_504' title='bbox 366 4106 443 4170; x_wconf 80' lang='grc' dir='ltr'><strong><em>7καὶ</em></strong></span> <span class='ocrx_word' id='word_1_505' title='bbox 463 4110 601 4188; x_wconf 83' lang='grc' dir='ltr'><strong><em>ποιμανῶ</em></strong></span> <span class='ocrx_word' id='word_1_506' title='bbox 624 4105 663 4170; x_wconf 86' lang='grc' dir='ltr'><strong><em>τά</em></strong></span> <span class='ocrx_word' id='word_1_507' title='bbox 886 4111 961 4170; x_wconf 85' lang='grc' dir='ltr'><strong><em>ΚΕ</em></strong></span> <span class='ocrx_word' id='word_1_508' title='bbox 973 4111 1011 4172; x_wconf 79' lang='grc' dir='ltr'><strong><em>(Ι).</em></strong></span> <span class='ocrx_word' id='word_1_509' title='bbox 1054 4103 1129 4174; x_wconf 83' lang='grc' dir='ltr'><strong><em>ΙΒ’.</em></strong></span> 
     </span>
     <span class='ocr_line' id='line_1_49' title="bbox 60 4151 1307 4279; baseline 0.005 -27"><span class='ocrx_word' id='word_1_510' title='bbox 60 4193 202 4274; x_wconf 88' lang='grc' dir='ltr'><strong><em>προβατα</em></strong></span> <span class='ocrx_word' id='word_1_511' title='bbox 214 4193 266 4264; x_wconf 83' lang='grc' dir='ltr'><strong><em>τ”ς</em></strong></span> <span class='ocrx_word' id='word_1_512' title='bbox 284 4191 398 4274; x_wconf 73' lang='grc' dir='ltr'><strong><em>σφαγῆς</em></strong></span> <span class='ocrx_word' id='word_1_513' title='bbox 414 4193 453 4266; x_wconf 78' lang='grc' dir='ltr'><strong><em>είς</em></strong></span> <span class='ocrx_word' id='word_1_514' title='bbox 466 4187 521 4274; x_wconf 80' lang='grc' dir='ltr'><strong><em>τὴν</em></strong></span> <span class='ocrx_word' id='word_1_515' title='bbox 532 4196 664 4254; x_wconf 89' lang='grc' dir='ltr'><strong><em>Χαναα-</em></strong></span> <span class='ocrx_word' id='word_1_516' title='bbox 699 4151 837 4273; x_wconf 82' lang='grc' dir='ltr'><strong><em>Λῆμμα</em></strong></span> <span class='ocrx_word' id='word_1_517' title='bbox 850 4182 944 4267; x_wconf 88' lang='grc' dir='ltr'><strong><em>λόγου</em></strong></span> <span class='ocrx_word' id='word_1_518' title='bbox 957 4197 1061 4277; x_wconf 89' lang='grc' dir='ltr'><strong><em>κυρίου</em></strong></span> <span class='ocrx_word' id='word_1_519' title='bbox 1078 4194 1130 4258; x_wconf 86' lang='grc' dir='ltr'><strong><em>ἐπὶ</em></strong></span> <span class='ocrx_word' id='word_1_520' title='bbox 1142 4189 1195 4257; x_wconf 87' lang='grc' dir='ltr'><strong><em>τόν</em></strong></span> <span class='ocrx_word' id='word_1_521' title='bbox 1204 4188 1307 4279; x_wconf 91' lang='grc' dir='ltr'><strong><em>Ἰσρα-</em></strong></span> 
     </span>
     <span class='ocr_line' id='line_1_50' title="bbox 60 4217 1305 4361; baseline 0.008 -28"><span class='ocrx_word' id='word_1_522' title='bbox 60 4277 141 4335; x_wconf 88' lang='grc' dir='ltr'><strong><em>νίτιν.</em></strong></span> <span class='ocrx_word' id='word_1_523' title='bbox 168 4272 220 4336; x_wconf 77' lang='grc' dir='ltr'><strong><em>καί</em></strong></span> <span class='ocrx_word' id='word_1_524' title='bbox 234 4217 375 4356; x_wconf 78' lang='grc' dir='ltr'><strong><em>λῦφομαι</em></strong></span> <span class='ocrx_word' id='word_1_525' title='bbox 392 4276 511 4356; x_wconf 78' lang='grc' dir='ltr'><strong><em>ἐμαυτῷ</em></strong></span> <span class='ocrx_word' id='word_1_526' title='bbox 522 4267 576 4336; x_wconf 91' lang='grc' dir='ltr'><strong><em>δύο</em></strong></span> <span class='ocrx_word' id='word_1_527' title='bbox 589 4267 664 4359; x_wconf 85' lang='grc' dir='ltr'><strong><em>ῥάβ-</em></strong></span> <span class='ocrx_word' id='word_1_528' title='bbox 700 4267 747 4353; x_wconf 76' lang='grc' dir='ltr'><strong><em>ήλ.</em></strong></span> <span class='ocrx_word' id='word_1_529' title='bbox 781 4271 858 4350; x_wconf 87' lang='grc' dir='ltr'><strong><em>λέγει</em></strong></span> <span class='ocrx_word' id='word_1_530' title='bbox 872 4268 982 4358; x_wconf 83' lang='grc' dir='ltr'><strong><em>κύριος,</em></strong></span> <span class='ocrx_word' id='word_1_531' title='bbox 1009 4278 1145 4343; x_wconf 78' lang='grc' dir='ltr'><strong><em>ἐκτείνων</em></strong></span> <span class='ocrx_word' id='word_1_532' title='bbox 1159 4272 1305 4361; x_wconf 84' lang='grc' dir='ltr'><strong><em>ούρανόν,</em></strong></span> 
     </span>
     <span class='ocr_line' id='line_1_51' title="bbox 60 4352 1307 4461; baseline 0.006 -45"><span class='ocrx_word' id='word_1_533' title='bbox 60 4355 147 4428; x_wconf 90' lang='grc' dir='ltr'><strong><em>δους,</em></strong></span> <span class='ocrx_word' id='word_1_534' title='bbox 172 4355 228 4461; x_wconf 73' lang='grc' dir='ltr'><strong><em>την</em></strong></span> <span class='ocrx_word' id='word_1_535' title='bbox 245 4353 297 4437; x_wconf 78' lang='grc' dir='ltr'><strong><em>μὲν</em></strong></span> <span class='ocrx_word' id='word_1_536' title='bbox 314 4362 385 4440; x_wconf 90' lang='grc' dir='ltr'><strong><em>μίαν</em></strong></span> <span class='ocrx_word' id='word_1_537' title='bbox 403 4353 529 4421; x_wconf 75' lang='grc' dir='ltr'><strong><em>ἐκάλεσα</em></strong></span> <span class='ocrx_word' id='word_1_538' title='bbox 544 4352 663 4431; x_wconf 88' lang='grc' dir='ltr'><strong><em>κάλλος,</em></strong></span> <span class='ocrx_word' id='word_1_539' title='bbox 698 4354 749 4418; x_wconf 75' lang='grc' dir='ltr'><strong><em>καί</em></strong></span> <span class='ocrx_word' id='word_1_540' title='bbox 761 4357 903 4438; x_wconf 82' lang='grc' dir='ltr'><strong><em>θεμελιῶν</em></strong></span> <span class='ocrx_word' id='word_1_541' title='bbox 913 4362 979 4442; x_wconf 72' lang='grc' dir='ltr'><strong><em>γῆν,</em></strong></span> <span class='ocrx_word' id='word_1_542' title='bbox 991 4361 1043 4426; x_wconf 81' lang='grc' dir='ltr'><strong><em>καὶ</em></strong></span> <span class='ocrx_word' id='word_1_543' title='bbox 1059 4354 1204 4426; x_wconf 87' lang='grc' dir='ltr'><strong><em>πλάσσων</em></strong></span> <span class='ocrx_word' id='word_1_544' title='bbox 1217 4361 1307 4425; x_wconf 86' lang='grc' dir='ltr'><strong><em>πνεῦ-</em></strong></span> 
     </span>
     <span class='ocr_line' id='line_1_52' title="bbox 60 4433 1304 4540; baseline 0.004 -40"><span class='ocrx_word' id='word_1_545' title='bbox 60 4435 111 4500; x_wconf 82' lang='grc' dir='ltr'><strong><em>καί</em></strong></span> <span class='ocrx_word' id='word_1_546' title='bbox 122 4433 178 4518; x_wconf 77' lang='grc' dir='ltr'><strong><em>τὴν</em></strong></span> <span class='ocrx_word' id='word_1_547' title='bbox 190 4439 296 4540; x_wconf 85' lang='grc' dir='ltr'><strong><em>ετέραν</em></strong></span> <span class='ocrx_word' id='word_1_548' title='bbox 306 4433 432 4505; x_wconf 81' lang='grc' dir='ltr'><strong><em>ἐκάλεσα</em></strong></span> <span class='ocrx_word' id='word_1_549' title='bbox 480 4441 664 4520; x_wconf 82' lang='grc' dir='ltr'><strong><em>οίνισμα,καί</em></strong></span> <span class='ocrx_word' id='word_1_550' title='bbox 698 4463 741 4521; x_wconf 90' lang='grc' dir='ltr'><strong><em>μα</em></strong></span> <span class='ocrx_word' id='word_1_551' title='bbox 763 4437 932 4528; x_wconf 84' lang='grc' dir='ltr'><strong><em>άνθριόπσυ</em></strong></span> <span class='ocrx_word' id='word_1_552' title='bbox 954 4445 985 4507; x_wconf 82' lang='grc' dir='ltr'><strong><em>ἐν</em></strong></span> <span class='ocrx_word' id='word_1_553' title='bbox 1007 4443 1102 4526; x_wconf 80' lang='grc' dir='ltr'><strong><em>αὐτῷ.</em></strong></span> <span class='ocrx_word' id='word_1_554' title='bbox 1128 4441 1225 4507; x_wconf 75' lang='grc' dir='ltr'><strong><em>2ἰδού</em></strong></span> <span class='ocrx_word' id='word_1_555' title='bbox 1244 4444 1304 4519; x_wconf 83' lang='grc' dir='ltr'><strong><em>ἐγω</em></strong></span> 
     </span>
     <span class='ocr_line' id='line_1_53' title="bbox 59 4515 1306 4612; baseline 0.003 -27"><span class='ocrx_word' id='word_1_556' title='bbox 59 4522 198 4602; x_wconf 77' lang='grc' dir='ltr'><strong><em>ποιμανῶ</em></strong></span> <span class='ocrx_word' id='word_1_557' title='bbox 219 4544 260 4585; x_wconf 84' lang='grc' dir='ltr'><strong><em>τα</em></strong></span> <span class='ocrx_word' id='word_1_558' title='bbox 281 4515 430 4607; x_wconf 66' lang='grc' dir='ltr'><strong><em>πρόβατα,</em></strong></span> <span class='ocrx_word' id='word_1_559' title='bbox 492 4522 544 4587; x_wconf 79' lang='grc' dir='ltr'><strong><em>καί</em></strong></span> <span class='ocrx_word' id='word_1_560' title='bbox 566 4521 664 4610; x_wconf 79' lang='grc' dir='ltr'><strong><em>ἐξαρῦ</em></strong></span> <span class='ocrx_word' id='word_1_561' title='bbox 699 4524 802 4607; x_wconf 90' lang='grc' dir='ltr'><strong><em>τίθημι</em></strong></span> <span class='ocrx_word' id='word_1_562' title='bbox 814 4520 870 4610; x_wconf 76' lang='grc' dir='ltr'><strong><em>τίην</em></strong></span> <span class='ocrx_word' id='word_1_563' title='bbox 879 4520 1077 4612; x_wconf 79' lang='grc' dir='ltr'><strong><em>Ἰερουσαλὴμ</em></strong></span> <span class='ocrx_word' id='word_1_564' title='bbox 1083 4573 1094 4603; x_wconf 90' lang='grc'><strong><em>,</em></strong></span> <span class='ocrx_word' id='word_1_565' title='bbox 1108 4520 1149 4601; x_wconf 80' lang='grc' dir='ltr'><strong><em>ὡς</em></strong></span> <span class='ocrx_word' id='word_1_566' title='bbox 1161 4518 1306 4610; x_wconf 89' lang='grc' dir='ltr'><strong><em>πρόθυρα</em></strong></span> 
     </span>
     <span class='ocr_line' id='line_1_54' title="bbox 1248 4635 1307 4674; baseline -0.017 0"><span class='ocrx_word' id='word_1_567' title='bbox 1248 4635 1307 4674; x_wconf 86' lang='grc' dir='ltr'><strong><em>σα-</em></strong></span> 
     </span>
    </p>
   </div>
   <div class='ocr_carea' id='block_1_4' title="bbox 0 0 1466 4972">
    <p class='ocr_par' dir='ltr' id='par_1_4' title="bbox 0 0 1466 4972">
     <span class='ocr_line' id='line_1_55' title="bbox 0 0 1466 4972; baseline 0 1"><span class='ocrx_word' id='word_1_568' title='bbox 0 0 1466 4972; x_wconf 95' lang='lat' dir='ltr'><strong><em> </em></strong></span> 
     </span>
    </p>
   </div>
  </div>
 </body>
</html>
