2924 4972
77 351 132 362 ...
226 255 511 318 οΑΣιΛσιοιν
543 255 778 318 mma
815 248 1082 340 κιφιρῖοἲνκ.
1103 253 1149 321 13.
1247 252 1313 323 389

67 375 124 436 τοῠ
136 368 277 454 ἀργυρίου
295 374 351 433 τοῦ
364 373 568 452 είςενεχθίντος
580 373 612 433 ἐν
625 371 673 433 οί-
706 367 866 452 ἐπήκουσεν
878 366 976 434 αὐτοῦ
989 365 1100 454 κύριος,
1126 364 1172 432 ὅτι
1189 366 1245 432 είδε
1258 364 1311 467 τίην

68 479 111 534 κῳ
124 458 237 536 κυρίου,
250 448 332 515 14ότι
343 464 406 525 τοῖς
417 456 536 516 ποιοῦσι
548 449 587 516 τδι
599 455 671 534 ἔργα
703 452 812 532 θλίψιν
826 450 962 535 Ἰσραὴλ,
987 448 1036 516 δ’τι
1056 450 1179 529 ἔθλιηιεν
1198 447 1312 525 αὐτους

68 531 212 600 δυίσουσιν
229 530 316 598 αύτό.
347 536 398 598 καί
417 537 624 619 ἰκραταίωσαν
641 536 672 597 ίν
703 534 838 619 βασιλεὺς
849 541 972 619 Συρίας.
1011 535 1091 598 ὅκαί
1108 534 1199 598 ἔδωκε
1211 531 1311 615 κύριος

67 616 150 699 αάτῷ
176 615 232 681 τὸν
257 616 339 681 οίκον
357 622 468 701 κυρίου.
506 618 597 680 15καί
616 614 672 681 ούκ
705 623 852 700 σωτηρίαν
876 622 919 699 τῷ
943 615 1078 700 Ἰσραὴλ,
1114 618 1165 680 καί
1189 615 1312 698 ἐξῆλθεν

66 701 261 776 ε’ξελογίζοντο
278 699 350 774 τούς
368 699 477 786 ἀνδρας
495 699 539 774 οἷς
557 700 673 765 ἐδίδουν
707 694 905 765 ὑποκάτωθεν
920 701 1014 802 ηριρὸς
1027 706 1148 805 Συρίας.
1173 701 1224 763 καί
1241 694 1312 763 ίκά-

65 783 100 848 τό
113 778 255 868 ἀργύριον
268 786 318 847 ἐπί
335 794 432 867 χεῖρας
450 781 551 848 αὐτῶν
567 784 672 847 δοῦναι
705 792 800 846 θισαν
816 786 848 845 οί
861 785 921 847 υίοί
942 782 1057 868 Ισραίηλ
1073 808 1103 847 εν
1115 794 1177 858 τοῖς
1196 778 1313 864 σκηναί-

64 878 126 941 τοῖς
143 870 265 930 ποιοῦσι
277 861 316 930 τύ
329 872 421 952 ἔργα,
446 863 473 941 ὅ,
486 892 514 930 τι
527 870 559 931 ἐν
575 871 672 932 πίστει
704 888 795 946 μασιν
807 863 908 929 αὐτῶν
921 865 1026 939 καθὼς
1041 865 1124 949 ἐχθὲς
1136 868 1188 931 καί
1200 871 1310 949 τρίτης.

65 949 167 1014 αὐτῶν
195 955 340 1014 ποιοῦσιν.
384 945 568 1034 16ἀργύριον
604 951 672 1033 περὶ
705 947 814 1031 θπλην
833 945 886 1011 οὐκ
899 944 1071 1031 ἀπέστησαν
1083 946 1145 1013 ἀπὸ
1158 946 1312 1033 ἁμαρτιῶν

65 1032 213 1117 ἁμαρτίας
231 1036 281 1096 καί
300 1027 439 1117 ἀργύριον
456 1035 525 1117 περὶ
540 1031 672 1114 πλημμε·
705 1031 791 1095 οἴκου
806 1025 961 1116 Ἱεροβοάμ
979 1026 1012 1105 ὃς
1030 1025 1168 1131 λξημαρτε
1185 1030 1237 1096 τόν
1251 1031 1311 1096 Ἰσ-

64 1115 153 1189 λείας,
171 1110 200 1189 δ’,
213 1140 242 1178 τι
255 1119 402 1217 είςηνέηθη
420 1119 451 1180 ίν
463 1117 537 1196 οἴκῳ
557 1119 671 1198 κυρίου,
706 1112 800 1218 ραίηλ,
823 1116 854 1178 ίν
870 1110 949 1205 αὐτῇ
969 1117 1129 1195 ίπορευθη.
1155 1119 1206 1177 καί
1223 1138 1256 1190 γε
1275 1111 1311 1178 τὸ

65 1210 129 1271 τοῖς
153 1201 272 1283 ἱερεῦσιν
294 1202 418 1274 ἐγενετο.
458 1200 485 1240 ¹¹
497 1195 565 1261 τότε
582 1192 672 1283 ἀνέβη
706 1192 967 1278 αλσοςέστάθηέν
980 1200 1145 1297 Σαμαρείᾳ.
1173 1191 1245 1259 ’ίότι
1259 1194 1313 1301 ούη

62 1278 171 1359 Ἀζαηλ
184 1277 316 1365 βασιλεύς
326 1285 449 1364 Συρίας,
462 1280 514 1344 καί
522 1274 672 1384 ἔπολέμη-
706 1274 870 1362 ἀπελείφθη
893 1283 938 1362 τῳ
960 1276 1088 1362 Ἰωαχαζ
1112 1277 1186 1351 λαός
1208 1274 1272 1340 ἀλλ’
1293 1305 1312 1361 η

66 1385 115 1424 σευ
128 1363 177 1425 ἐπὶ
188 1361 273 1436 Γὲθ,
297 1365 348 1425 καί
359 1359 597 1448 προκατελάβετο
616 1388 672 1427 αυ-
705 1357 890 1445 πεντήκοντα
910 1364 1008 1436 ίππεῖς
1033 1364 1084 1426 καί
1101 1361 1173 1426 δέκα
1191 1355 1314 1458 δέρματα

65 1439 126 1520 τύν.
153 1445 204 1506 καί
220 1444 319 1518 ἔταξεν
331 1442 441 1528 Ἀζαηλ
458 1443 495 1510 τὸ
510 1441 672 1548 πρόςωπον
705 1446 756 1509 καί
768 1447 839 1510 δέκα
849 1440 973 1530 χιλιάδες
984 1447 1088 1520 πεζῶν,
1101 1439 1148 1508 ὅτι
1160 1441 1313 1508 ἀπωλεσεν

64 1526 158 1590 αὐτοῦ
168 1524 310 1611 ἀναβῆναι
320 1523 577 1613 ίπίἸερουσαλημ.
587 1530 672 1593 18καί
705 1527 815 1604 αύτούς
831 1526 967 1614 βασιλεύς
980 1533 1109 1612 Συρίας,
1135 1528 1186 1590 καί
1204 1530 1312 1593 ἔθεντο

63 1611 171 1698 ἔλαβεν
185 1607 272 1684 Ἰωάς
293 1610 428 1697 βασιλεύς
448 1607 550 1676 Ἰούδα
569 1611 669 1676 πάντα
704 1609 815 1687 αὐτούς
825 1608 867 1687 ὥς
876 1616 951 1697 χοῦν
960 1615 999 1686 είς
1008 1607 1225 1692 καταπάτησιν.
1239 1611 1312 1674 θκαί

63 1694 103 1761 τὰ
128 1688 199 1774 ἀγια
221 1687 281 1760 ὅσα
299 1690 420 1779 ἡγίασεν
442 1689 599 1776 ’ίωσαφάτ
618 1697 670 1760 καί
703 1692 742 1760 τά
755 1693 849 1762 λοιπὰ
859 1700 920 1760 τῶν
928 1691 1027 1772 λόγων
1036 1688 1164 1778 Ἰωόχαζ
1172 1696 1223 1759 καί
1231 1688 1311 1758 πάν-

59 1776 172 1862 Ἰωρὰμ
183 1779 236 1842 καί
249 1777 382 1864 Ὀχοζίας
393 1783 424 1843 οἱ
435 1773 561 1866 πατέρες
573 1774 668 1844 αὐτοῦ
702 1804 742 1843 τα
754 1775 814 1845 δ’σα
826 1782 948 1863 ἐποίησε
963 1780 1015 1844 καί
1027 1782 1062 1844 αί
1073 1779 1241 1844 δυναστείαν
1254 1773 1311 1842 αύ-

60 1864 110 1925 καί
121 1862 250 1948 βασιλεῖς
265 1859 381 1937 Ἰούδα,
406 1863 459 1926 καί
473 1861 513 1926 τά
524 1859 595 1939 ἀγια
611 1860 667 1927 αύ-
701 1866 775 1939 τοῦ,
800 1859 865 1948 ούχί
882 1865 982 1928 ταῦτα
995 1863 1180 1947 γεγραμμένα
1197 1860 1248 1926 ίπί
1263 1864 1310 1947 βι-

61 1949 130 2020 τοῦ,
156 1947 207 2010 καί
222 1949 285 2009 πᾶν
300 1943 335 2011 τδ
353 1952 475 2031 χρυσίον
491 1942 528 2010 τό
547 1942 667 2031 εύρεθίν
699 1945 775 2034 βλίω
788 1943 887 2024 λόγων
899 1951 960 2010 τῶν
972 1942 1088 2031 ἢμεριόν
1098 1957 1162 2020 τοῖς
1172 1943 1310 2030 βασιλεῦ-

62 2032 91 2092 ίν
107 2038 270 2112 θησαυροῖς
287 2031 372 2094 οἴκου
390 2035 496 2113 κυρίου
514 2031 566 2094 καί
583 2030 667 2094 οἴκου
701 2054 747 2095 σιν
758 2012 898 2115 8Ισραηλς
924 2031 1005 2094 9καί
1023 2025 1169 2112 ἐκοιμήθη
1183 2024 1312 2112 Ἰωάχαζ

61 2116 115 2177 τοῦ
122 2110 275 2196 βασιλέως,
282 2115 334 2177 καί
343 2109 498 2178 ἀπέστειλε
507 2117 551 2194 τῷ
558 2110 667 2196 Ἀζαίηλ
699 2110 775 2196 μετὰ
787 2117 847 2177 τῶν
857 2117 997 2197 πατέρων
1005 2110 1112 2186 αύτοῖι,
1123 2115 1174 2176 καί
1184 2116 1310 2194 ἔθαψαν

60 2194 176 2280 βασιλεῖ
185 2201 299 2279 Συρίας
311 2197 363 2260 καί
376 2191 467 2298 ἀνέβη
480 2192 543 2260 ἀπὸ
557 2192 668 2275 Ἶερου-
703 2192 795 2258 αύτὸν
818 2199 849 2260 έν
864 2201 1030 2279 Σαμαρείᾳ.
1055 2197 1107 2261 καί
1123 2194 1310 2280 ἐβασίλευσεν

62 2272 166 2360 σαλὴμ.
204 2279 297 2342 19καί
314 2275 354 2341 τά
375 2277 470 2341 λοιπα
492 2283 553 2342 τῶν
571 2275 668 2354 λόγων
699 2273 789 2350 Ἰωάς
799 2275 861 2351 υίὸς
873 2275 970 2343 αὐτοῦ
983 2275 1043 2342 ἀντ’
1058 2276 1162 2343 αὐτοῦ.
1175 2280 1240 2343 10ίν
1252 2280 1310 2342 ἔτει

59 2357 147 2432 Ἰωάς
165 2361 216 2423 καί
232 2355 335 2425 πάντα
358 2355 418 2424 όσα
435 2362 587 2443 ἐποίησεν,
613 2356 668 2424 οὐκ
702 2363 872 2443 τριακοστῷ
890 2360 941 2432 καί
958 2359 1073 2443 ἑβδόμῳ
1092 2364 1149 2425 ἔτει
1164 2365 1208 2442 τῷ
1222 2358 1310 2434 Ἰωάς

63 2438 129 2503 ἰδού
155 2445 252 2504 ταῦτα
279 2437 463 2540 ζεγραμμίνα
488 2444 539 2505 ἐπὶ
564 2440 668 2525 βιβλίῳ
699 2439 819 2546 βασιλεῖ
830 2438 933 2506 Ἰούδα
951 2441 1131 2525 ἐβασίλευσεν
1145 2438 1233 2514 Ἰωάς
1246 2438 1310 2515 υίδς

61 2517 161 2596 λόγων
186 2525 246 2583 τῶν
275 2527 389 2605 ημερῶν
421 2533 483 2596 τοῖς
507 2523 670 2606 βασιλεῦσιν
708 2517 828 2605 Ιωόχαζ
844 2525 893 2586 ἐπὶ
908 2520 1031 2606 Ἰσραὴλ
1050 2526 1081 2586 ἐν
1093 2528 1249 2626 Σαμαρείᾳ
1262 2525 1310 2586 έκ-

62 2598 185 2681 Ἰούδας
222 2605 254 2645 20
266 2606 317 2667 καί
337 2598 501 2685 ἀνέστησαν
520 2608 551 2668 οἳ
569 2605 669 2669 δοῦλοι
703 2606 824 2672 καίδεκα
837 2608 896 2688 ἔτη.
923 2608 948 2646 ¹¹
962 2606 1013 2668 καί
1032 2607 1152 2687 ἐποίησε
1167 2630 1203 2669 το
1215 2629 1310 2688 πονη-

61 2685 160 2750 αάτοῦ
181 2687 232 2749 καὶ
250 2688 359 2770 ἔδησαν
376 2681 477 2751 πάντα
498 2682 669 2769 σύνδεσμον,
722 2686 756 2752 δν
769 2693 798 2754 ἕν
811 2685 983 2770 ὀφθαλμοῖς
995 2692 1107 2771 κυρίου.
1126 2686 1182 2753 ούκ
1195 2684 1311 2771 ἀπέστη

58 2770 111 2833 καί
124 2765 277 2845 ἐπάταξαν
285 2768 338 2835 τόν
348 2767 437 2844 Ἰωάς
447 2774 478 2834 ἒν
488 2772 562 2854 οἴκῳ
573 2770 669 2836 Μαλ-
703 2768 767 2838 απδ
791 2766 889 2876 πόσης
917 2770 1076 2858 Ἶεροβοάμ
1102 2774 1170 2836 υίού
1195 2770 1310 2856 Ναβάτ

59 2850 103 2916 λιδ
121 2857 166 2933 τῴ
185 2855 216 2916 ἐν
228 2848 316 2918 Σελό.
342 2856 432 2917 21καί
447 2850 585 2957 Ἰεζιρηάρ
605 2852 668 2930 υίὸς
702 2853 849 2940 ἀμαρτίας
863 2853 897 2928 ἀς
908 2853 1051 2940 ίξημαρτε
1063 2853 1259 2940 τδνἸσραίηλ,
1277 2857 1310 2918 έν

58 2933 211 3016 Ἰεμουάθ,
234 2939 286 3000 καί
301 2933 448 3042 Ἰεζεβούθ
460 2933 478 3001 δ
492 2943 556 3012 υἷος
569 2936 668 3003 αὐτοῦ
702 2937 780 3022 αὐτῇ
791 2942 950 3025 ἐπορεύθη.
975 2943 1002 2981 ¹²
1016 2942 1066 3003 καί
1084 2936 1123 3004 τά
1142 2938 1235 3003 λοιπὰ
1250 2942 1309 3001 τῶν

59 3016 171 3102 Σωμίηρ
184 3023 214 3082 οἱ
223 3019 324 3084 δοῦλοι
336 3024 432 3084 αυτοῦ
446 3017 598 3098 ἐπάταξαν
610 3020 667 3088 αύ-
700 3012 797 3101 λόγόυν
811 3020 898 3099 Ἰωδνς
913 3025 965 3087 καί
980 3019 1083 3088 πάντα
1102 3019 1160 3088 ὅσα
1179 3026 1307 3104 ἐποίησε,

57 3098 112 3166 τὸν
125 3104 176 3165 καί
188 3098 340 3181 ἀπέθανε,
366 3104 417 3167 καί
433 3107 558 3187 ἔθαψαν
571 3103 666 3170 αὐτὸν
699 3111 750 3172 καί
775 3110 810 3170 αί
833 3107 1000 3173 δυναστεῖαι
1021 3105 1117 3173 αὐτοῦ
1134 3103 1170 3182 ἀς
1189 3110 1308 3211 ἐποίησε

55 3183 130 3264 μετὰ
154 3189 216 3249 τῶν
239 3184 380 3270 πατέρων
404 3186 500 3251 αὐτοῦ
523 3193 555 3253 ἐν
579 3188 665 3255 πόλει
698 3189 772 3274 μετὰ
780 3189 933 3274 Ἀμεσσίου
946 3191 1090 3277 βασιλέως
1099 3188 1215 3266 Ἰούδα,
1241 3191 1308 3274 ουχί

59 3269 161 3332 Δαυίδ.
178 3270 228 3332 καί
241 3272 423 3355 ἐβασίλευσεν
435 3269 587 3352 Ἀμεσσίας
600 3273 665 3348 υίὸς
699 3280 797 3340 ταῦτα
815 3280 999 3357 γεγραμμένα
1018 3276 1068 3337 ἐπί
1084 3275 1189 3358 βιβλίῳ
1208 3269 1307 3349 λόγων

58 3347 155 3415 αὐτοῦ
168 3348 228 3416 ἀντ’
246 3351 349 3418 αὐτοῦ.
699 3361 760 3421 τῶν
779 3354 890 3440 ίημερῶν
908 3368 971 3430 τοῖς
983 3356 1150 3441 βασιλεῦσιν
1164 3352 1289 3439 Ἰσραήλ
1294 3383 1305 3429 ,-

88 3437 101 3464 ⁰
240 3442 313 3502 ΚΕ
326 3443 364 3500 (ί).
409 3433 480 3507 ΙΓ’.
700 3440 787 3503 13καί
800 3434 1042 3522 ίκοιμηθηἿωάς
1054 3434 1126 3517 μετά
1138 3443 1200 3501 τῶν
1212 3440 1306 3500 πατέ-

116 3539 132 3578 ν
153 3517 208 3581 ἔτει
224 3523 349 3604 εἰκοστῷ
366 3524 416 3585 καί
436 3527 528 3605 τρίτῳ
547 3523 604 3585 ἔτει
621 3525 665 3604 τῷ
700 3547 761 3604 ρων
788 3519 898 3596 αὐτοῦ,
923 3521 974 3584 καὶ
993 3517 1147 3606 Ἶεροβοάμ
1169 3514 1307 3583 ἐκάθισεν

55 3595 144 3674 Ἰωάς
154 3602 209 3683 υίῴ
220 3598 353 3706 Ὀηοζίου
361 3602 478 3690 βασιλεῖ
486 3599 586 3667 Ἰούδα
595 3607 665 3690 ίβα-
700 3607 751 3668 ἐπὶ
768 3610 825 3669 τοῦ
837 3600 953 3690 θρόνου
966 3601 1078 3681 αὐτοῦ,
1103 3605 1155 3667 καί
1167 3598 1264 3686 ἐτάφη
1276 3605 1307 3668 ἐν

58 3683 186 3748 σίλευσεν
200 3682 324 3770 Ἰωαχαζ
339 3687 404 3762 υίὸς
428 3685 490 3750 Ἰού
510 3689 540 3748 ίν
557 3692 664 3768 Σαμα-
699 3693 855 3771 Σαμαρείᾳ
867 3686 941 3770 μετά
951 3691 1012 3752 τῶν
1020 3687 1166 3773 βασιλέων
1174 3682 1304 3772 Ἰσραήλ.

57 3771 121 3849 ρείη
141 3768 338 3834 ἑπτακαίδεκα
355 3774 417 3852 ἔτη.
451 3771 529 3833 2καί
545 3773 665 3851 ίποίησε
698 3768 727 3810 ¹¹
739 3772 791 3833 καὶ
803 3766 933 3837 (Ελισαιδ
951 3769 1120 3858 ἧβρώστησε
1138 3770 1192 3857 την
1204 3769 1305 3858 ἀρίρω-

58 3846 94 3911 τό
106 3849 238 3934 πονηρὸν
249 3853 280 3914 ἐν
292 3850 463 3936 ὀφθαλμοῖς
474 3859 589 3937 κυρίου,
614 3853 665 3916 καί
699 3858 786 3917 στίαν
798 3850 902 3928 αὐτοῦ,
916 3852 950 3916 δι’
962 3852 998 3937 ἢν
1011 3854 1155 3921 ἀπέθανε.
1168 3857 1220 3920 καί
1232 3880 1305 3920 κατ-

58 3929 208 4017 ἔπορεύθη
227 3931 327 3999 ὀπίσω
340 3933 494 4039 ἁμαρτιῶν
506 3934 665 4022 Ἶεροβοάμ
699 3939 750 4022 έβη
771 3933 847 4022 πρὸς
867 3933 960 3999 αὐτὸν
983 3935 1072 4012 ’[ωάς
1087 3936 1223 4024 βασιλεὺς
1244 3936 1302 4004 Ἰσ-

58 4019 125 4079 υίοῦ
137 4020 176 4081 Ν
173 4018 252 4104 αβάτ
265 4014 299 4094 δς
311 4019 453 4119 ίξημαρτε
466 4015 519 4082 τόν
532 4018 663 4105 Ἰσραὴλ,
698 4019 785 4106 ραίηλ,
799 4021 850 4084 καί
863 4018 999 4084 ἔκλαυσεν
1012 4023 1062 4085 ἔπλ
1071 4017 1234 4108 πρόςωπον
1248 4020 1304 4086 αύ-

57 4096 113 4163 ούκ
126 4099 241 4185 ἀπέστη
255 4099 305 4165 ἀπ’
322 4106 423 4184 αυτης.
442 4102 513 4166 3καί
526 4101 663 4188 ὠργίσθη
696 4111 763 4179 τοῦ,
776 4106 828 4168 καί
840 4102 926 4168 εἶπεν.
939 4099 1034 4189 πάτερ
1044 4100 1139 4187 πότερ
1152 4101 1234 4190 δέρμα
1245 4101 1304 4169 Ἰσ-

57 4187 148 4264 θυμῷ
161 4181 261 4266 κύριος
274 4186 305 4248 έν
316 4189 361 4266 τῳ
371 4182 505 4268 Ἰσραὴλ,
525 4189 577 4251 καί
589 4187 664 4250 ἔδω-
698 4186 775 4273 ραέηλ
793 4189 845 4253 καί
863 4186 967 4263 ἱππεύς
984 4187 1087 4254 αὐτοῦ.
1126 4186 1305 4254 16καὶεῖπεν

58 4288 105 4328 κεν
130 4263 241 4342 αὐτούς
258 4270 288 4330 ἓν
306 4270 377 4354 χειρί
391 4269 501 4350 Ἀζαηλ
519 4269 664 4353 βασιλέως
699 4269 782 4355 αύτῷ
796 4269 935 4336 Ἔλισαιέ.
962 4270 1034 4360 λάβε
1050 4270 1137 4348 τόξον
1155 4274 1206 4336 καί
1221 4272 1302 4357 βέλη.

57 4352 183 4431 Σιιρίας,
208 4352 258 4414 καί
277 4355 308 4415 ἒν
324 4353 396 4435 χειρὶ
413 4355 479 4415 υίοῦ
494 4349 578 4437 ’Άδερ
594 4357 663 4418 υίοῦ
698 4355 750 4417 καί
763 4353 853 4502 ἔλσρβε
862 4352 940 4440 πρὸς
949 4356 1056 4420 ἑαυτὸν
1064 4354 1154 4429 τόξον
1162 4353 1212 4417 καὶ
1222 4354 1302 4438 βέλη.

56 4424 162 4513 Ἆζαηλ
173 4428 275 4508 πάσας
286 4433 341 4508 τάς
355 4430 471 4536 ἡμέρας.
490 4434 506 4476 ¹
519 4438 570 4500 καί
583 4432 663 4518 ίδεη-
698 4436 786 4499 16καί
797 4461 809 4500 ε
821 4461 858 4500 πε
870 4442 914 4519 τῷ
927 4439 1049 4522 βασιλεῖ.
1063 4440 1238 4540 ἐπιβίβασον
1249 4434 1304 4518 την

56 4520 99 4596 θη
109 4511 237 4599 Ἰωάχαζ
248 4520 305 4580 τοῦ
316 4541 478 4601 προςωπου
488 4524 602 4602 κυρίου,
613 4519 663 4583 καί
696 4513 778 4604 χεῖρά
793 4544 849 4584 σου
864 4521 914 4583 ἐπί
928 4517 963 4582 τὸ
976 4515 1075 4594 τόξον.
1102 4542 1151 4579 και
1165 4518 1304 4596 ἐπεβίβα-

1276 4613 1327 4655 σευ
