2924 4972
263 240 924 306 Μικκκοκιαουυννσεοο
961 235 1168 318 κωμίον.
1267 239 1351 304 1005

110 357 161 418 καί
172 355 251 436 ἡμεῖς
263 356 423 431 ἐπιγνῶμεν
437 349 546 425 ὁποίας
556 351 623 416 ἐστὲ
634 350 713 430 γνώ-
747 353 833 436 παρὰ
845 357 901 417 τοῦ
913 354 989 415 θεοῦ
1000 349 1146 438 βοήθειαν
1159 348 1353 435 εύημερησύν-

110 463 178 521 θίν’,
204 437 235 478 ³⁸
249 432 400 512 ῦγιαίνετε.
442 437 527 508 ἐτους
546 436 714 501 ἑκατοστοῦ
746 462 822 510 των,
836 435 1055 507 ἐλοττωθέντες
1071 435 1352 519 οίΝομύδεςἌρω

109 515 714 603 τεοσαρακοστοῦόγδόου,Ξανθικοῦπέμ-
746 522 793 604 βες
805 516 904 602 ἠξίουν
923 519 1029 582 δοῦναι
1048 512 1102 580 τὸν
1117 515 1238 582 Ἰούδαν
1256 518 1353 594 δεξιὰν

110 628 171 684 πτη
184 603 234 664 καί
249 597 366 680 δεκάτη.
748 601 863 679 αὐτοῖς,
875 595 1100 684 ὑπισχνούμενοι
1117 603 1168 662 καί
1179 604 1251 684 βοσκ
1262 599 1353 683 ’ματα

290 690 323 748 K
336 671 365 746 Ε
378 690 417 748 ‹1›.
461 680 533 749 IB'.
748 682 852 751 δώσειν
865 687 915 749 καί
935 687 966 748 ἐν
981 695 1045 757 τοῖς
1064 684 1180 756 λοιποῖς
1193 628 1353 767 ὠφελήσειν

110 731 299 848 Γενομένων
314 772 372 831 τῶν
385 773 542 850 συνθηκῶν
555 766 714 844 τούτων,ὁ
749 765 866 842 αύτούς.
896 760 1045 840 12Ἰούδας
1069 766 1101 830 δὲ
1126 761 1289 851 ῦπολοβῶν
1313 764 1353 841 ῶς

109 850 161 931 μέν
174 856 293 924 Λυσίας
310 847 400 942 ἀπῄει
416 851 495 934 πρὸς
511 855 566 916 τὸν
577 853 715 939 βασιλέα,
747 849 872 935 άληθῶς
883 854 914 915 ἐν
926 848 1053 924 πολλοῖς
1062 845 1174 924 αύτούς
1185 855 1353 951 χρησίμους,

111 938 142 998 οί
153 933 186 998 δὲ
195 932 340 997 Ἰουδαῖοι
354 936 422 1019 περὶ
431 934 484 1017 τὴν
496 942 642 1019 γεωργίαν
655 940 716 1012 ἐγί-
747 930 928 1018 ἐπιχώρησιν
938 928 1136 1018 είρήνηνύίξειν
1143 959 1221 1015 προς
1231 928 1352 1007 αύτούς.

109 1041 204 1082 νοντα.
230 1019 321 1080 2τῶν
334 1015 366 1079 δὲ
384 1018 462 1081 κατὰ
475 1013 572 1082 τόπον
586 1042 716 1102 στροτη-
747 1021 798 1083 καί
820 1011 962 1102 λαβόντες
993 1014 1087 1092 δεξιάς
1110 1015 1223 1090 εἰςτὰς
1242 1015 1351 1099 σκηνὰς

109 1104 172 1179 γῶν
190 1094 337 1180 Τιμόθεος
349 1101 400 1164 καί
413 1096 617 1176 Ἀπολλώνιος
630 1100 647 1166 ὁ
660 1106 716 1166 τοῦ
748 1098 850 1165 ούτῶν
874 1103 1091 1185 ἐχωρίσθησαν.
1130 1099 1294 1184 13ἐπέβαλε
1319 1097 1352 1162 δὲ

111 1188 274 1254 Γενναίου,
301 1185 344 1245 ἐτι
356 1180 389 1246 δὲ
401 1178 575 1285 Ἱερώνυμος
592 1185 716 1267 καίΔη-
748 1185 800 1247 καί
812 1186 863 1248 ἐπί
879 1208 947 1248 τινα
964 1178 1053 1247 πόλιν
1070 1186 1221 1267 γεφυροῦν
1240 1180 1352 1265 ὀχυρὰν

111 1263 233 1345 μοφών,
258 1265 335 1349 πρὸς
351 1263 384 1329 δὲ
402 1291 523 1341 τούτοις
540 1263 684 1351 Νικάνωρ
698 1263 716 1330 ό
746 1270 797 1331 καὶ
809 1273 913 1350 τείχεσι
924 1267 1197 1349 περιπεφραγμένην
1209 1268 1259 1329 καί
1271 1291 1353 1346 παμτ

112 1343 314 1450 Κυπραίρχης,
336 1345 392 1412 οῦκ
406 1349 473 1413 εἴων
486 1347 596 1424 αύτούς
610 1348 717 1415 εύοτα-
747 1352 859 1431 μιγέσιν
872 1353 970 1414 ἔθνεσι
983 1352 1228 1431 κατοικουμένην,
1255 1347 1352 1430 ὄνομα

110 1440 174 1502 θεῖς
187 1432 238 1495 καί
250 1454 290 1493 το
305 1435 356 1514 τῆς
369 1430 492 1514 ἡσυχίας
506 1430 597 1509 άγειν.
615 1431 717 1498 3Ἰοπ-
748 1432 780 1496 δὲ
793 1428 925 1497 Κύσπιν.
950 1430 979 1473 ¹⁴
993 1435 1023 1496 οῖ
1036 1429 1063 1495 δ’
1080 1432 1163 1494 ένδον
1175 1425 1353 1504 πεποιθότες

112 1517 198 1576 πίται
222 1511 256 1577 δὲ
280 1513 440 1596 τηλικοῦτο
467 1516 654 1581 συνετελεσον
679 1513 716 1581 τό
748 1520 786 1608 τῇ
798 1519 859 1580 τῶν
871 1516 989 1599 τειχέων
1001 1509 1183 1616 ἐρυμνότητι,
1196 1519 1234 1606 τι]
1247 1539 1278 1578 τε
1291 1517 1353 1578 τῶν

111 1594 284 1681 δυςοέβημο,
306 1597 566 1680 παρακαλέσαντες
578 1596 651 1673 τοῦς
664 1596 717 1664 σῦν
748 1596 913 1683 βρωμάτων
925 1601 1104 1681 παραθέσει,
1129 1595 1353 1677 αναγωγότερον

111 1677 213 1754 αὐτοῖς
238 1683 393 1753 οἰκοῦντος
408 1678 573 1754 Ἰουδαίους
595 1684 717 1768 ἐμβῆναι
750 1685 890 1766 ἐχρῶντο,
901 1692 964 1755 τοῖς
977 1682 1045 1764 περὶ
1057 1678 1111 1744 τόν
1120 1677 1240 1744 Ἰούδαν
1252 1680 1354 1744 λοιδο-

111 1767 150 1835 εἰς
162 1759 201 1826 τόν
214 1764 453 1846 παρασταθέντα
467 1761 516 1828 ἐπ’
533 1763 633 1828 αὐτῶν
643 1760 718 1830 σκό-
749 1769 868 1848 ροῦντες
894 1765 946 1827 καὶ
969 1766 1089 1844 προςέτι
1119 1763 1353 1847 βλαςφημοῦντες

112 1870 154 1927 φη
168 1843 221 1908 σύν
238 1847 355 1923 γυναιξί
372 1849 425 1910 καί
441 1850 554 1921 τέκνοις
572 1845 613 1922 ὡς
630 1849 717 1931 μηδε-
750 1849 800 1911 καί
811 1846 968 1920 λαλοῦντες
981 1843 1052 1926 ἃμίχ
1065 1847 1159 1928 θέμις.
1185 1843 1287 1910 1νσῖδὲ
1300 1870 1354 1910 πε-

111 1934 178 2011 μιᾶς
191 1925 353 2012 ἐνεστώσης
363 1929 440 2012 πρὸς
453 1928 563 2005 αύτούς
576 1931 719 2012 δυςμενεί-
750 1927 845 2015 ρίτόν
856 1928 973 1995 Ἰούδαν
986 1925 1225 2009 ἐπικαλεσάμενοι
1236 1924 1292 1994 τόν
1303 1931 1354 2009 μέ-

112 2038 157 2086 ας.
193 2010 300 2078 4κατόι
318 2011 350 2077 δὲ
365 2013 403 2078 τό
423 2010 520 2078 κοινόν
537 2019 589 2088 τ”ς
605 2009 720 2089 πόλεως
750 2039 807 2090 γαν
826 2017 882 2079 τοῦ
902 2010 1019 2096 κόσμου
1031 2007 1188 2095 δυνάστην,
1213 2010 1268 2076 τόν
1282 2011 1352 2096 ἄτερ

112 2091 265 2193 φηφισμα,
290 2091 483 2163 καὶτούτων
505 2041 719 2179 ἐπιόεξαμένων
752 2101 840 2180 κριῶν
857 2097 910 2161 καί
924 2099 1062 2182 μηχανῶν
1074 2092 1240 2179 ὀργανικῶν
1260 2119 1354 2159 κατο-

113 2200 154 2247 ως
166 2173 203 2236 άν
221 2171 373 2257 εἰρηνεύειν
392 2175 549 2241 θελόντων
567 2183 618 2242 καί
629 2180 719 2260 μηδέν
752 2184 951 2261 κρημνίσαντα
976 2177 1028 2261 τὴν
1043 2175 1155 2260 Ἱεριχῶ
1178 2176 1258 2242 κατὰ
1282 2176 1355 2251 τοῦς

110 2253 251 2320 ῦποπτον
263 2252 398 2339 ἐχόντων,
423 2261 646 2360 ἐπαναχθέντος
662 2259 718 2324 αύ-
749 2258 850 2343 Ἰησοῦ
862 2256 996 2343 χρόνους,
1036 2261 1184 2322 ἐνέσεισαν
1195 2259 1355 2342 θηριωδῶς

113 2336 186 2412 τοῦς
211 2333 364 2424 ἐβύθισαν,
390 2337 480 2414 ὄντας
506 2365 561 2404 ουκ
588 2341 718 2407 ἔλαττον
750 2347 793 2424 τῴ
819 2346 911 2424 τείχει.
949 2337 1219 2425 16καταλαβόμενοί
1242 2367 1273 2406 τε
1299 2341 1353 2424 την

113 2426 174 2486 τῶν
187 2422 355 2487 διακοσίων.
384 2422 582 2526 6μεταλαβών
595 2424 628 2489 δὲ
637 2422 718 2491 Ἰού·
749 2420 890 2515 πόλιντῄ
911 2427 967 2489 τοῦ
985 2427 1062 2488 θεοῦ
1081 2423 1207 2506 θελήσει,
1231 2422 1353 2508 ἆμυθη-

112 2506 167 2579 δας
179 2503 232 2590 την
247 2514 404 2582 γεγονυῖαν
416 2510 455 2580 εἰς
471 2531 542 2580 τους
565 2506 718 2592 ὁμοεθνεῖς
750 2532 821 2581 τους
845 2503 1034 2591 ἐποιήσαντο
1052 2507 1182 2586 σφαγὰς,
1209 2503 1281 2583 ῶςτε
1301 2507 1354 2592 τὴν

112 2586 266 2673 ῶμότητα,
292 2589 492 2672 παραγγείλας
505 2594 649 2676 τοῖςπερὶ
661 2590 716 2656 αύ-
750 2594 963 2673 παρακειμένην
975 2591 1086 2675 λίμνην,
1092 2589 1128 2656 τὸ
1140 2586 1256 2665 πλάτος
1268 2594 1353 2674 ἐχου-

111 2672 166 2736 τὸν
179 2668 314 2755 ύνδρόσι,
328 2672 399 2735 6καί
410 2670 655 2754 ἐπικαλεσάμενος
665 2673 718 2739 τόν
750 2698 806 2737 σαν
819 2675 950 2739 σταδίων
962 2669 1032 2749 δύο,
1050 2670 1237 2760 κατάρρυτον
1249 2679 1354 2756 αἵματι

111 2754 225 2818 δίκαιον
237 2753 339 2840 κριτὴν
355 2754 447 2830 θεὸν,
472 2761 648 2840 παρεγένετο
667 2760 717 2822 ἐπὶ
748 2757 980 2841 πεπληρωμένην
992 2761 1162 2837 φαίνεσθαι.
1202 2760 1228 2801 ¹²
1241 2762 1353 2824 ἐκεῖθεν

109 2833 430 2919 τούςμιοιφόνουςτῶν
443 2837 590 2920 ἀδελφῶν.
604 2839 716 2907 καίτόν
749 2838 781 2903 δὲ
803 2836 1037 2915 ἆποσπύσοντες
1060 2841 1199 2915 σταδίους
1221 2843 1353 2907 ἑπτακο-

108 2919 163 3002 μὲν
176 2920 278 3001 λιμένα
291 2919 407 3006 νύκτωρ
419 2924 576 3008 ἐνέπρησε,
612 2926 663 2988 καί
676 2924 715 2989 τὰ
749 2928 829 2997 οίους
853 2918 1041 3008 πεντήκοντα
1072 2922 1210 3008 διήνυσαν
1236 2929 1274 2998 εἰς
1299 2921 1354 2988 τὸν

111 3000 213 3088 σκάφη
231 3004 397 3083 κατέφλεξε,
424 3002 497 3080 τοῦς
519 3007 551 3071 δὲ
569 3010 627 3072 ἐκεῖ
643 3034 714 3089 συμ-
748 3001 882 3090 Χάροκα
898 3003 975 3089 πρός
992 3005 1064 3081 τούς
1080 3006 1252 3089 λεγομένους
1271 3014 1353 3072 Του-

110 3083 260 3165 φυγόντας
273 3087 443 3170 ἐξεκέντησε.
471 3090 550 3153 7τοῦ
563 3091 596 3155 δὲ
608 3097 716 3195 χωρίου
748 3084 864 3174 βιηνους
878 3088 1053 3165 Ἰουδαίους.
1093 3091 1186 3155 18κοί
1203 3086 1354 3173 Τιμόθεον

111 3169 363 3245 συγκλεισθέντος,
376 3171 513 3238 ἀνέλυσεν
526 3169 668 3248 ῶςπαλιν
680 3171 716 3258 ἢ·
747 3170 800 3254 μὲν
812 3175 937 3239 ἐπὶτῶν
950 3169 1053 3240 τόπων
1067 3171 1103 3239 ού
1117 3173 1294 3261 κατελαβον,
1315 3170 1353 3238 ό-

108 3253 166 3327 ξων
189 3256 239 3318 καὶ
264 3251 300 3319 τό
327 3250 446 3337 σύμπαν
470 3261 531 3322 τῶν
553 3255 717 3326 Ἰοππιτῶν
748 3253 882 3336 πρακτόν
902 3281 934 3326 ,τε
956 3255 1020 3322 ἀπὸ
1041 3260 1102 3322 τῶν
1114 3255 1218 3323 τόπων
1239 3255 1354 3321 ἐκλελει-

108 3338 264 3419 έκριζῶσαι
276 3337 449 3419 πολίτευμα.
475 3341 491 3382 ⁸
499 3341 673 3431 μεταλαβών
685 3341 715 3408 δέ
749 3340 843 3415 κότα,
868 3336 1113 3405 καταλελοιπότα
1129 3338 1162 3402 δὲ
1175 3337 1310 3421 φρουρὰν
1322 3341 1353 3402 ἐν

109 3420 241 3493 καὶτοὺς
254 3424 286 3485 ἐν
296 3419 426 3501 Ἰαμνείας
445 3421 499 3487 τὸν
511 3422 605 3488 ούτὸν
618 3432 716 3489 ἐπιτε-
748 3447 803 3486 τινι
816 3417 902 3502 τόπῳ
914 3423 965 3485 καί
976 3416 1058 3500 μάλα
1071 3414 1189 3502 ὀχυρόν.
1215 3421 1243 3460 ¹⁹
1256 3424 1352 3484 Δωσί-

109 3500 168 3563 λεῖν
185 3501 384 3583 βουλομένους
396 3498 511 3581 τρόπον
527 3516 593 3579 τοῖς
605 3530 716 3590 παροι-
747 3513 818 3577 θεος
830 3502 864 3566 δὲ
875 3505 927 3566 καί
938 3506 1136 3584 Σωσίπατρος
1145 3506 1206 3565 τῶν
1218 3503 1286 3586 περί
1299 3503 1352 3568 τὸν

108 3585 212 3645 κοῦσιν
226 3579 397 3659 Ἰουδαίοις,
421 3585 436 3626 ⁹
456 3586 507 3649 καὶ
525 3597 589 3660 τοῖς
605 3586 716 3668 Ἰαμνί-
748 3588 951 3669 Μακκαβαῖον
982 3579 1129 3666 ἡγεμόνων
1154 3579 1353 3661 ἐξοδεύσαντες

107 3689 173 3737 ταις
186 3662 292 3741 νυκτὸς
304 3664 462 3749 ἐπιβαλών,
489 3664 590 3751 ὑφῆψε
604 3671 658 3733 τὸν
669 3670 715 3733 λι-
748 3662 907 3732 ύπώλεοαν
918 3664 992 3741 τούς
1011 3663 1071 3731 ὑπὸ
1089 3670 1242 3748 Τιμοθέου
1256 3693 1352 3733 κατα-

107 3751 181 3833 μένο
194 3745 250 3812 σύν
261 3753 306 3831 τῶ
320 3749 436 3830 στόλῳ,
464 3744 536 3823 ῶςτε
554 3758 714 3831 φαίνεσθαι
747 3750 921 3830 λειφθέντας
934 3751 965 3814 ἐν
981 3754 1026 3832 τῷ
1044 3744 1216 3833 ὀχυρώματι
1232 3750 1352 3826 πλείους

107 3830 163 3906 τὰς
181 3826 276 3908 αύγῦς
293 3835 350 3894 τοῦ
367 3833 495 3911 φέγγους
512 3837 551 3908 είς
568 3833 608 3899 τὰ
622 3831 714 3917 Ἰερο-
746 3833 807 3896 τῶν
819 3837 933 3915 μυρίων
946 3830 1071 3915 ἀνδρῶν.
1097 3833 1129 3875 ²⁰
1144 3828 1352 3899 ῦδὲΜακκα-

108 3913 239 3998 σόλυμα,
278 3915 404 3980 σταδίων
430 3911 523 3978 όντων
553 3917 713 3982 διακοσίων
744 3919 832 4002 βοῖος
845 3913 986 3991 διατάξας
1006 3912 1059 3997 την
1076 3917 1187 3980 ἑαυτοῦ
1207 3916 1351 4000 στρατιὰν

107 3993 338 4082 τεσσαράκοντα.
365 3999 512 4064 10ἐκεῖθεν
525 3997 712 4066 δὲᾶποσπο·
746 3997 913 4083 σπειρηδὸν,
921 4001 1097 4081 κατέστησεν
1108 3994 1219 4074 αύτούς
1231 4003 1281 4064 ἐπὶ
1289 4004 1351 4065 τῶν

109 4082 243 4145 οθέντων
255 4083 394 4155 σταδίους
406 4082 502 4157 ἐννέα,
527 4086 712 4166 ποιουμένων
746 4087 885 4164 σπειρῶν,
893 4082 945 4146 καὶ
957 4083 1008 4146 ἐπὶ
1019 4081 1074 4147 τὸν
1089 4077 1238 4164 Τιμόθεον
1251 4078 1351 4183 ῶρμη-

106 4158 160 4242 τὴν
171 4171 293 4242 πορείαν
305 4167 356 4230 ἐπὶ
367 4163 421 4229 τόν
436 4162 590 4247 Τιμόθεον,
604 4169 712 4250 προςέ-
745 4189 793 4230 σεν
811 4167 919 4249 έχοντα
935 4163 1148 4250 περέοῦτδνμ
1185 4162 1269 4237 ιάδας
1288 4164 1350 4227 δω-

105 4243 201 4328 βαλον
221 4242 342 4330 Ἄραβες
369 4248 451 4331 αύτῷ
485 4247 541 4313 οὐκ
568 4244 711 4325 ἐλάττους
744 4249 813 4313 δεκα
838 4251 946 4324 πεζῶν,
960 4250 1058 4324 ίστπείς
1083 4247 1115 4313 δὲ
1139 4275 1167 4332 χι
1191 4253 1249 4320 ἀς
1273 4244 1350 4327 πρὸς

105 4329 167 4389 τῶν
179 4329 431 4410 πεντακιςχιλίων,
446 4336 543 4406 ἱππεῖς
555 4329 711 4398 δὲπεντο-
743 4342 806 4406 τοῖς
826 4336 1041 4406 πεντακοσίοις.
1067 4334 1095 4374 21
1108 4330 1163 4414 τὴν
1186 4327 1219 4392 δὲ
1242 4329 1350 4409 έφοδον

105 4401 209 4474 κόσιοι.
234 4413 259 4451 ¹¹
274 4416 428 4496 γενομένης
446 4414 478 4480 δέ
492 4419 635 4501 καρτερᾶς
651 4413 709 4499 μά·
742 4411 916 4499 μεταλαβών
926 4411 1049 4489 Ἰούδα,
1062 4410 1080 4477 ὁ
1095 4407 1241 4494 Τιμόθεος
1257 4436 1350 4496 προς-

104 4516 169 4576 mc,
182 4492 233 4557 καί
246 4495 306 4561 τῶν
319 4495 387 4578 περί
398 4494 452 4563 τὸν
461 4496 580 4566 Ἰούδαν
591 4497 641 4565 διό
652 4495 709 4584 τὴν
744 4497 946 4574 εξαπέστειλεν
962 4496 1017 4573 τύς
1028 4507 1171 4575 γυναῖκας
1183 4496 1236 4560 καί
1248 4495 1287 4559 τὰ
1300 4497 1351 4560 τέ-

1293 4602 1350 4643 κνα
