2924 4972
168 227 231 288 τοι)
439 222 881 284 υστυυοονοσιιοιν
918 217 1122 300 mum.

168 334 297 440 κύριοςὸ
316 333 387 410 θεός
404 360 458 400 σου
478 333 547 410 τούς
565 332 693 419 ἐχθρούς
711 360 766 399 σου
800 330 963 420 προβάτων
982 359 1043 398 σου.
1080 328 1347 417 19ἒπικατάρατος
1367 331 1405 399 σύ

169 445 238 493 τους
256 414 476 502 ἀνθεστηκότας
500 444 547 482 σοι
566 419 767 502 συντετριμμί-
800 419 887 498 ἐντῶ
899 410 1120 501 είςπορεύεοθαί
1134 438 1175 489 σε,
1198 416 1250 478 καί
1261 414 1404 481 ἐπικατά-

170 529 236 576 νους
261 501 323 586 πρὸ
349 496 512 585 προςῶπου
537 526 598 564 σου.
630 496 691 581 ὁδῷ
715 504 767 581 μιᾷ
801 497 939 584 ρατοςσύ
952 493 1263 582 ίντῷίκπορεύεσθαί
1275 523 1314 561 σε.
1328 497 1404 563 1οά-

170 580 367 660 ἐξελεύσονται
380 583 456 668 πρὸς
469 582 518 657 οὲ,
532 582 583 647 καί
596 585 627 646 ἰν
641 582 719 645 ἑπτά
734 579 769 645 ὁ·
800 582 956 646 ποοτεῶαι
978 576 1077 665 κύριος
1095 583 1145 643 ἐπὶ
1163 578 1196 644 σὲ
1213 577 1268 680 την
1294 582 1404 646 ἔνδειαν

170 670 232 740 δοῖς
254 663 407 746 φεύξονται
429 663 493 730 άπὸ
515 660 678 771 προςιύπου
703 689 767 729 σου.
801 658 1405 749 κοίτηνἕκλιμίακκαίτηνάναλωσινέπί

170 753 185 792 ⁸
200 749 372 813 ἀποστεῖλαι
389 744 486 834 κύριος
503 751 555 812 ἐπι
573 746 605 811 σὲ
619 747 672 829 τὴν
684 745 769 811 εὔλο-
800 740 901 810 πάντα
913 736 950 810 ού
964 740 1166 835 ίάνέπιβάλης
1175 741 1231 826 τὴν
1241 742 1322 828 χεῖρά
1337 773 1403 820 σου,

168 839 237 910 γίαν
250 834 281 894 ἐν
294 842 356 905 τοῖς
364 837 489 912 ταμείοις
499 856 562 906 σου,
572 831 623 892 καὶ
632 830 680 893 ἐπί
692 826 770 894 πάν-
801 833 856 901 ἕως
867 825 905 892 άν
916 824 1113 919 ίξολοθρεύση
1123 828 1219 901 σε,καὶ
1228 830 1282 901 ἕως
1296 827 1333 893 ἂν
1344 826 1405 892 άπ-

169 941 208 979 τα
223 906 260 977 ού
274 913 311 979 ἂν
329 910 469 999 ίπιβάλης
486 912 540 995 την
556 907 638 994 χεῖρά
654 937 707 975 σου
720 914 770 976 ι’πί
801 910 891 1001 ολέσηγ
908 935 937 974 σε
964 914 995 975 ἐν
1020 908 1101 994 τάχει
1119 906 1168 973 διά
1187 907 1227 972 τά
1239 936 1319 994 πονη
1339 911 1404 976 άέ-

169 1004 223 1081 της
234 1001 298 1077 γῆς,
323 989 358 1079 ἧς
370 989 469 1080 κύριος
482 995 499 1059 ὁ
513 994 585 1068 θεός
599 1020 654 1059 σου
666 996 771 1059 δίδωσί
802 987 1005 1075 πιτηδεύματά
1026 1018 1095 1069 σου,
1121 985 1196 1056 διότι
1218 937 1406 1069 ἐγκατέλιπές

170 1103 225 1144 σοι.
264 1077 467 1161 9άναστησαί
491 1103 522 1142 σε
546 1076 645 1164 κύριος
670 1080 770 1159 ἕαντῶ
801 1099 842 1157 με.
869 1072 1126 1182 21προςκολλβσαι
1143 1069 1244 1160 κύριος
1258 1080 1296 1150 εἰς
1310 1076 1340 1141 σε’
1354 1078 1407 1142 τὸν

168 1161 245 1228 λαὸν
268 1156 362 1238 άγιον,
387 1159 422 1226 ὃν
446 1158 562 1264 τρόπον
587 1160 681 1242 ὤμοσε
706 1173 770 1234 τοῖς
801 1155 955 1234 θάνατον,
980 1164 1036 1234 ἕως
1053 1184 1091 1223 αν
1109 1154 1280 1250 ίξαναλῶση
1297 1185 1327 1224 σε
1341 1158 1405 1224 άπὸ

170 1241 302 1329 πατράσι
317 1271 378 1310 σου.
403 1242 454 1309 ἐάν
466 1239 595 1337 ακούσης
607 1248 660 1327 τῆς
672 1248 772 1328 φωνῆς
802 1246 855 1324 τῆς
866 1246 919 1325 γῆς
930 1245 969 1316 είς
980 1238 1016 1324 ἣν
1029 1238 1178 1328 είςπορεύρ
1195 1245 1253 1305 ἐκεῖ
1263 1243 1407 1327 κληρονο*

168 1334 270 1393 κυσίου
283 1333 337 1392 τοῦ
351 1333 423 1392 θεοῦ
437 1354 501 1402 σου,
515 1330 565 1391 καί
576 1331 728 1418 πορευθῇς
740 1331 771 1390 ἐν
802 1330 894 1407 μησαι
907 1320 1011 1409 αὐτήν.
1036 1321 1202 1401 22πατάξαι
1215 1350 1245 1388 σε
1260 1324 1361 1409 κύριος
1376 1329 1407 1391 ίτ

168 1388 280 1482 πάσαις
304 1421 370 1484 ταῖς
396 1406 478 1483 ὁδοῖς
503 1407 608 1483 αὐτοῦ,
632 1411 662 1453 ¹⁰
674 1410 725 1473 καί
737 1406 772 1473 ό·
804 1404 932 1492 σἰπορίᾳ,
944 1411 1137 1493 καίπυρετῷ,
1156 1409 1207 1471 καί
1219 1411 1299 1491 ῥίγει,
1312 1412 1363 1472 καὶ
1375 1411 1405 1471 ε’*

168 1496 284 1574 ψονταί
294 1517 324 1556 σε
335 1488 435 1555 πάντα
447 1489 486 1554 τά
499 1495 572 1572 ἔθνη
584 1495 636 1573 τῆς
647 1497 711 1575 γῆς,
724 1490 771 1556 ὅτι
804 1496 946 1574 ριθισμῷ,
960 1493 1011 1556 καί
1023 1488 1240 1594 άνεηιοφθορίιρ,
1254 1492 1305 1553 καί
1317 1496 1356 1581 τῇ
1365 1489 1405 1554 σί·

169 1574 204 1638 τὸ
217 1573 311 1654 ὄνομα
324 1580 426 1659 κυρίου
440 1573 629 1656 ίπικέκληταί
641 1600 698 1650 σοι,
721 1577 772 1638 καί
802 1598 871 1656 χρᾳ,
881 1577 932 1638 καί
944 1574 1179 1649 καταδιωξονταί
1189 1598 1218 1636 σε
1231 1578 1286 1647 ἕως
1299 1572 1336 1636 άν
1351 1572 1406 1638 άπ-

169 1652 398 1743 φοβηθὴσονταί
409 1681 446 1721 σε.
482 1660 508 1698 11
520 1659 572 1720 καὶ
582 1658 730 1740 πληθυνεῖ
740 1683 771 1722 οε
804 1657 932 1721 ολίσωσί
943 1682 981 1721 σε.
995 1658 1082 1721 23καί
1095 1658 1177 1721 ἔσται
1191 1681 1236 1719 σοι
1249 1652 1267 1720 ὁ
1280 1656 1407 1741 οὐρανὸς

169 1736 267 1825 κύριος
284 1737 301 1804 ὁ
318 1736 388 1814 θεός
406 1765 458 1803 σου
475 1745 515 1813 εἷς
536 1737 641 1816 άγαθά
659 1743 691 1805 ἐν
709 1752 771 1815 τοῖς
803 1737 908 1826 ὁύπὲρ
922 1741 1049 1822 κεφαλῆς
1062 1764 1118 1804 σου
1130 1739 1267 1822 χαλκοῦς,
1277 1743 1327 1803 καὶ
1339 1738 1356 1821 ἢ
1368 1745 1406 1824 γη

170 1818 302 1897 ἐκγόνοις
314 1827 367 1905 της
379 1822 493 1897 κοιλίας
506 1847 568 1896 σου,
582 1825 633 1887 καί
646 1825 695 1887 ἐπὶ
707 1835 771 1898 τοῖς
803 1819 821 1926 β
836 1818 981 1888 ὑποκάτω
994 1848 1048 1887 σου
1060 1824 1174 1927 σιδηρᾶ.
1197 1821 1227 1863 ²⁴
1233 1819 1294 1905 δῴη
1306 1820 1406 1907 κύριος

170 1899 299 1982 ἐκγόνοις
311 1910 371 1969 τῶν
383 1910 497 1986 κτηνῶν
509 1930 573 1980 σου,
587 1908 637 1970 καί
651 1908 701 1970 ἐπὶ
709 1918 771 1982 τοῖς
803 1930 821 1968 ο
833 1902 905 1980 θεός
918 1932 975 1971 σου
987 1905 1043 1970 τὸν
1060 1902 1146 1970 ύετον
1158 1910 1209 1988 τῆς
1220 1910 1274 1987 γῆς
1286 1931 1341 1970 σου
1354 1931 1408 1970 κο-

170 1983 324 2094 γεννηιιαοι
341 1991 393 2071 τῆς
410 1992 464 2071 γῆς
487 2013 555 2063 σου,
584 1990 703 2072 ἐπίσης
719 1994 772 2072 γης
805 1989 930 2072 νιορτὸν,
943 1990 996 2054 καὶ
1006 1993 1076 2073 χούς
1089 1993 1121 2052 ἐκ
1137 1993 1193 2052 τοῦ
1206 1985 1339 2070 ούρανοῦ
1352 2015 1408 2053 κα-

170 2098 223 2135 σου
236 2097 270 2153 ης
280 2069 375 2153 οόμοσε
385 2066 484 2176 κύριος
501 2082 563 2146 τοῖς
574 2069 704 2157 πατράσι
718 2098 772 2137 σου
803 2069 973 2176 ταβησεται,
984 2078 1038 2146 ἕως
1050 2071 1088 2136 ἂν
1101 2076 1228 2164 ἐκτρίφιη
1240 2095 1281 2146 σε,
1289 2073 1341 2136 καί
1353 2077 1409 2148 ἕως

170 2155 276 2218 δοῦναί
288 2180 344 2219 σοι.
376 2156 532 2230 ”aretem
546 2180 592 2218 σοι
605 2149 704 2240 κύριος
717 2155 772 2222 τὸν
804 2154 843 2221 άν
863 2156 998 2248 απολέση
1014 2181 1054 2220 σε·
1067 2159 1098 2220 ἐν
1119 2152 1207 2239 τάχει.
1245 2156 1274 2197 ²⁶
1293 2150 1354 2240 δῴη
1376 2182 1408 2220 σε

168 2235 326 2322 θησαυρὸν
339 2233 434 2302 αὐτοῦ
445 2231 500 2301 τὸν
512 2235 641 2314 ἀγαθὸν,
654 2239 706 2305 τὸν
719 2237 773 2304 οὐ·
804 2235 905 2324 κύριος
931 2242 982 2303 ἐπί
1007 2236 1103 2320 κοπίην
1117 2241 1252 2302 ἐναντίον
1274 2243 1336 2303 τῶν
1359 2241 1409 2322 81-

168 2317 269 2403 ρανόν,
281 2321 386 2385 δοῦναι
399 2318 546 2387 τὸνύετόν
558 2326 595 2404 τῇ·
604 2325 642 2410 γῇ
655 2348 709 2387 σου
724 2324 773 2386 ίπὶ
805 2326 900 2407 θρῶν.
926 2325 958 2385 ἐν
971 2317 1035 2404 ὁδῶ
1047 2324 1101 2404 μιᾷ
1116 2316 1245 2413 ίξελεύση
1261 2319 1338 2403 πρὸς
1351 2321 1408 2386 αύ-

168 2407 284 2489 καιρού.
323 2400 479 2488 εύλογησαι
505 2395 608 2470 πάντα
633 2402 672 2470 τά
699 2409 772 2490 ἔργα
804 2404 890 2479 τούς,
919 2406 971 2468 καί
989 2408 1020 2469 ίν
1039 2403 1117 2468 ἑπτά
1136 2400 1218 2480 ὁδοῖς
1237 2399 1327 2498 φιύξη
1343 2401 1408 2470 άπὸ

168 2493 229 2552 τῶν
249 2492 352 2573 χειρῶν
372 2514 435 2552 σου.
462 2489 513 2552 καί
534 2489 652 2564 δανειεῖς
676 2492 772 2555 ἔθνεσι
804 2483 965 2575 προςῶπου
978 2486 1087 2553 αὐτῶν.
1126 2490 1178 2551 καί
1190 2490 1242 2571 ίση
1259 2488 1407 2574 διασπορὰ

168 2571 302 2646 πολλοῖς,
317 2571 355 2635 σὺ
369 2571 399 2635 δὲ
417 2570 453 2635 ού
472 2574 585 2660 δανειῇ,
611 2576 663 2637 καί
679 2571 772 2732 άὲξεις
805 2568 958 2646 ἒνπάσαις
965 2571 1134 2719 βασιλείαις
1151 2576 1203 2656 τῆς
1214 2575 1276 2654 γῆς.
1314 2574 1407 2636 211καί

169 2653 206 2717 σὺ
221 2657 319 2719 ίθνῶν
331 2655 463 2730 πολλῶν,
478 2660 533 2719 σοῦ
547 2655 579 2723 δὲ
593 2654 649 2720 ούκ
662 2655 700 2740 άρ
718 2683 773 2720 ου-
804 2658 921 2720 ἔοονται
946 2680 963 2719 ο
1000 2657 1094 2738 νεκροί
1120 2659 1200 2736 υμῶν
1225 2652 1407 2742 κατάβρωμα

169 2761 206 2798 οι.
238 2737 266 2777 13
280 2732 465 2818 καταστηοαι
487 2761 519 2800 σε
540 2739 640 2821 κύριος
662 2735 679 2801 ὁ
701 2735 772 2814 θεός
804 2750 867 2813 τοῖς
879 2750 1019 2813 πετεινοῖς
1036 2742 1092 2802 τοῦ
1108 2736 1253 2822 ούρανοῦ,
1276 2741 1408 2813 καὶτοῖς

169 2842 223 2881 σου
248 2820 286 2890 εἷς
312 2814 452 2898 κεφαλὴν,
477 2820 528 2881 καί
543 2819 583 2904 μὴ
604 2825 642 2893 είς
667 2819 771 2904 ούράν,
803 2827 923 2903 θηρίοις
934 2826 986 2906 τῆς
998 2826 1067 2906 γῆς,
1093 2823 1145 2885 καί
1161 2817 1216 2883 ούκ
1229 2823 1313 2884 ε’ίτται
1327 2818 1345 2885 ό
1359 2827 1408 2886 ἐκ·

169 2902 220 2963 καί
233 2902 286 2994 ἔση
297 2895 364 2962 τότε
378 2894 480 2963 ἐπάνω
492 2904 542 2965 καί
555 2901 610 2967 οὐκ
624 2906 675 2994 ίίτη
695 2899 772 2968 ύπο-
804 2908 916 2990 φοβῶν.
966 2907 995 2948 ²⁷
1016 2900 1147 2980 πατάξαι
1166 2928 1196 2966 σε
1214 2898 1314 2987 κύριος
1331 2904 1408 2968 ἑλκει

166 2978 258 3045 κάτω.
285 2982 338 3047 ἐάν
351 2978 478 3075 ἀκούσης
491 2989 543 3087 της
557 2990 656 3067 φωνῆς
668 2993 771 3071 κυρίου
805 2992 965 3070 Αἰγυπτίῳ
988 2994 1027 3062 είς
1043 2985 1098 3070 τὴν
1116 2989 1219 3070 ἕδραν,
1241 2987 1292 3050 καί
1313 2982 1406 3072 ψῶρᾳ

166 3068 223 3126 τοῦ
234 3069 308 3127 θεοῦ
320 3089 384 3136 σου,
398 3060 457 3127 ὅσα
470 3068 528 3142 ἐγω
542 3069 713 3150 ἐντελλομαί
724 3096 770 3134 σοι
803 3068 909 3153 άγρίη,
929 3074 980 3135 καί
992 3067 1108 3153 κνὴφη,
1126 3067 1197 3144 ῶςτε
1208 3068 1247 3152 μὴ
1261 3064 1407 3135 δύνασθαι

167 3145 294 3246 ρηιιερον
312 3141 476 3224 φυλάσσειν,
514 3150 543 3191 ¹⁴
556 3148 592 3214 ού
607 3148 770 3236 παραβηση
803 3177 833 3217 σε
846 3159 976 3236 ἰαθῆναι.
1003 3155 1034 3198 ²⁸
1045 3144 1179 3230 πἀτάξαι
1189 3178 1220 3218 σε
1232 3149 1332 3235 κύριος
1344 3179 1406 3217 πα-

167 3229 232 3290 απὸ
246 3234 351 3293 πασῶν
371 3233 432 3294 τῶν
450 3233 579 3297 ἐντολῶν
595 3225 638 3298 ῶν
652 3233 710 3311 ἐγώ
723 3226 770 3300 ἐν’·
802 3236 967 3318 ραπληξίρι,
984 3239 1036 3301 καί
1048 3235 1193 3320 άορασίρι,
1210 3237 1261 3300 καὶ
1273 3231 1407 3300 ἐκστάσει

166 3311 310 3394 τίλλομαί
321 3338 368 3377 σοι
382 3309 508 3400 σήμερον
526 3317 607 3394 δεξιά
620 3315 688 3383 ούδὲ
701 3317 770 3404 άρι·
802 3321 942 3394 διανοίας.
968 3322 1056 3384 21’καὶ
1069 3323 1120 3402 ἐίτη
1137 3319 1287 3402 ψηλαφῶν
1297 3343 1406 3402 μεσημ-

166 3395 264 3477 οτερά,
275 3394 452 3483 πορεύεσθαι
464 3397 561 3465 ὀπίσω
570 3407 650 3467 θεῶν
659 3405 770 3487 ἑτέρων
800 3407 904 3489 βρίας,
918 3399 986 3476 ῶςεί
996 3429 1040 3477 τις
1057 3393 1236 3485 ψηλαφήσαι
1249 3398 1361 3482 τυφλὸς
1375 3405 1407 3467 ίν

165 3477 314 3564 λατρεύειν
326 3478 437 3556 αὐτοῖς.
463 3484 554 3548 11καί
567 3488 651 3551 ἔσται
664 3484 717 3549 ἐάν
728 3483 768 3567 μὴ
801 3491 844 3568 τῷ
858 3486 966 3562 σκότει,
977 3489 1028 3551 καί
1037 3485 1092 3551 ούκ
1105 3482 1241 3550 εύοδῶοει
1253 3483 1307 3559 τάς
1319 3481 1407 3559 ὁδούς

165 3561 330 3657 είςακούσης
347 3569 512 3648 τῆςφωνῆς
530 3574 634 3652 κυρίου
646 3572 703 3631 τοῦ
714 3578 768 3630 θε-
801 3595 866 3634 οου.
899 3572 950 3632 καί
968 3570 1019 3661 ἴση
1039 3564 1108 3633 τότε
1128 3565 1331 3670 ἀδικούμενος,
1355 3570 1406 3631 καί

164 3652 200 3708 οῦ
215 3672 276 3720 σου,
290 3644 494 3726 φυλάσσεσθαι
504 3645 605 3724 πάσας
617 3649 672 3724 τὰς
684 3653 768 3714 ἕντο-
800 3648 1030 3737 διαρπαζόμενος
1042 3649 1145 3725 πάσας
1156 3650 1210 3725 τάς
1223 3653 1342 3734 ημέρας,
1355 3651 1407 3714 καί

163 3728 219 3826 λίης
240 3726 335 3791 αὐτοῦ
358 3725 431 3805 όσας
444 3731 503 3808 ἐγὼ
527 3733 700 3814 ἐντελλομαί
720 3760 766 3799 σοι
801 3733 856 3800 ούκ
868 3738 953 3802 ίίτται
965 3733 982 3799 ὁ
993 3738 1126 3820 βοηθῶν.
1139 3735 1298 3811 10γυναῖκα
1311 3729 1406 3823 λήψῃ,

165 3832 298 3892 σημερον,
321 3815 373 3875 καί
384 3809 550 3878 ἐλεύσονται
563 3818 614 3881 ἐπὶ
627 3816 659 3882 σὲ
672 3823 767 3881 πᾶοαι
800 3821 852 3883 καί
866 3816 940 3902 ἀνὴρ
954 3823 1053 3904 ἕτερος
1068 3819 1123 3892 ἑξει
1134 3813 1237 3919 αιἰτην.
1251 3821 1347 3880 οἰκίαν
1359 3822 1407 3880 03-

165 3895 199 3954 αί
211 3889 337 3976 κατάραι
350 3887 451 3970 αύται,
473 3900 524 3962 καί
537 3900 633 3963 καταλ
644 3897 769 3981 ’ψονταί
799 3899 982 3984 κοδομηοεις,
1004 3903 1056 3965 καί
1070 3897 1125 3964 οὐκ
1138 3904 1264 3982 οἰκησεις
1274 3902 1306 3961 ἐν
1315 3895 1405 3990 αὐτῇ.

165 3999 203 4037 σε.
229 3972 485 4073 11ἐητικατάρατος
498 3977 535 4044 σύ
550 3978 636 4047 ίνπό
668 4010 692 4056 ι,
717 3984 769 4046 καὶ
801 3981 961 4065 ἀμπελῶνα
970 3981 1130 4063 φυτεύσεις,
1140 3984 1190 4045 καί
1200 3980 1236 4045 οὐ
1246 3979 1287 4064 μὴ
1298 4005 1407 4062 τρυγη-

166 4059 384 4156 ἐπικαιαρατος
397 4059 432 4124 σύ
447 4064 479 4126 ἐν
492 4060 584 4147 ἀγρῷ.
597 4065 625 4107 ¹⁷
643 4066 767 4127 ίπικατ-
801 4091 858 4140 σεις
869 4062 968 4131 αὐτόν.
979 4062 1030 4132 31ὁ
1037 4060 1148 4169 μόσηος
1157 4090 1213 4129 σου
1226 4066 1407 4146 ἐσφαγμένος

166 4162 273 4223 αρατοι
291 4143 326 4204 αί
343 4139 504 4226 άποθῆκαί
521 4170 585 4221 σου,
603 4147 655 4209 καί
665 4141 705 4209 τά
718 4149 767 4222 ἐγ·
800 4150 934 4214 ἐναντίον
944 4151 1065 4225 σον,καί
1076 4173 1113 4213 ου
1126 4144 1209 4230 φάγη
1219 4149 1250 4222 ἐξ
1262 4143 1368 4210 αὐτοῦ.
1387 4143 1405 4208 ὃ

164 4218 386 4303 καταλείμματά
412 4249 476 4289 σου.
513 4227 543 4271 ¹⁸
560 4223 767 4309 ἐπικατάρατα
799 4228 868 4307 όνος
877 4258 933 4297 σου
942 4228 1130 4319 ἡρπασμένος
1141 4219 1205 4294 άπό
1219 4228 1339 4304 σού,και“
1350 4226 1406 4294 ούκ

163 4303 202 4365 τά
231 4307 338 4401 ίίιγονα
363 4310 415 4388 τῆς
439 4307 552 4383 κοιλίας
578 4335 639 4383 σου,
653 4311 703 4372 καί
728 4311 766 4375 τά
801 4311 1028 4398 άποδοθησεταί
1046 4339 1104 4379 σοι.
1128 4308 1169 4376 τά
1190 4306 1334 4396 πρόβατά
1352 4335 1407 4375 σου

162 4408 327 4469 νεννηματα
339 4391 393 4474 της
404 4394 459 4474 γῆς
472 4417 545 4463 σου,
571 4389 611 4456 τά
622 4387 765 4476 βουκόλια
799 4397 940 4477 δεδομένα
958 4407 1023 4470 τοῖς
1049 4400 1170 4481 ἐχθροῖς
1187 4419 1255 4469 σου,
1280 4394 1333 4457 καί
1350 4391 1407 4459 ούκ

162 4474 222 4533 τῶν
235 4474 318 4556 βοῶν
335 4497 405 4551 σου,
431 4475 482 4538 καί
500 4470 540 4537 τά
563 4481 687 4556 ποίμνια
704 4481 765 4542 τῶν
799 4481 881 4542 ἔσται
904 4503 949 4543 σοι
972 4476 990 4543 ὁ
1010 4483 1145 4565 βοηθῶν
1169 4477 1329 4550 112οῖ1)Ῐᾷ
1348 4499 1406 4578 σθῐζ

1352 4583 1406 4621 και
