2924 4972
477 211 749 271 mmm:
787 203 995 287 νειφεςίυτ.
1176 182 1187 201 ’
1309 213 1354 277 ευ

105 319 221 421 Ἰωσήφ
239 318 323 404 παρά
340 317 456 425 πάνταφ
472 317 543 396 τούς
560 321 642 396 υίοάς
661 319 718 386 αά-
749 317 899 407 ἐπορεύθη
908 318 1016 405 ’ίωσήφ
1030 317 1193 387 κατόπισθε
1202 327 1261 387 τῶν
1270 320 1355 388 ἀδελ·

106 409 176 479 τοῦ,
190 403 236 467 ὁτι
249 402 312 479 υίὸς
325 398 424 489 γήρως
437 429 472 486 ην
484 401 576 488 αύτῷ.
602 406 718 487 ἐποίησε
749 408 814 486 φῶν
825 401 928 470 αὐτοῦ.
954 406 1005 469 κιιί
1023 396 1054 468 εἷ·
1086 429 1102 468 ν
1119 402 1227 483 αύτούς
1241 412 1272 469 ἐν
1284 412 1355 470 Λιο-

108 487 142 552 δὲ
155 484 240 568 αύτῷ
250 490 358 571 χιτῶνα
369 487 511 552 ποικίλον.
538 488 554 530 2
568 482 717 589 ίδβντεςδὲ
747 493 847 590 θαρίμ.
871 490 899 532 22
909 430 1088 590 προείδονδλ
1102 487 1197 591 αὑτὸν
1205 484 1354 592 μυκρύθεν

109 575 143 634 οἶ
155 568 279 651 ἀδελφοὶ
291 566 400 648 αύτοῦ,
424 566 471 635 δ’τι
484 568 575 635 αὐτὸν
587 597 605 635 ο
618 568 718 655 πατήρ
747 596 809 656 προ
834 574 888 635 τοῦ
907 573 1017 649 ε’γγίσαι
1035 569 1127 636 αυτὸν
1142 596 1218 657 προς
1236 597 1353 647 αυτους.

110 653 193 736 φιλεῖ
202 655 233 718 ἐκ
246 647 368 718 πάντων
379 658 439 718 τῶν
452 657 523 719 υίῶν
535 652 641 729 αἰτοῦ,
658 657 719 736 ἐμίν
749 655 799 721 καί
817 649 1028 740 ίπονηρεύοντο
1042 659 1097 719 τοῦ
1114 651 1284 720 ἀποκτεῖναι
1298 652 1355 719 αὖ·

109 761 206 840 σησαν
218 732 318 813 αύτὸν,
336 737 388 801 καί
400 734 453 802 ούκ
466 733 610 822 ἠδύναντο
621 736 720 802 λαλεῖν
750 732 809 800 τόν.
827 739 856 780 ¹⁰
865 737 926 806 είπε
938 736 970 802 δὲ
983 743 1105 815 δἰιαστσς
1116 733 1192 824 πρὸς
1204 737 1258 801 τὸν
1270 734 1356 802 ἀδελ.-

110 823 198 902 αυτηῖ
214 816 299 884 ούδὲν
315 815 461 906 εἰρηνικόν.
492 822 720 895 2ἕνυπνιασθείς
750 817 808 901 φὸν
819 817 923 885 αὐτοῦ.
942 816 1006 886 ίδού
1018 816 1036 886 ὁ
1048 817 1236 906 ίνυπνιαστής
1250 822 1356 895 ἐκεῖνος

111 902 144 967 δὲ
161 898 273 985 Ἰωσήφ
287 898 436 980 ἐνύπνιον,
459 899 631 989 ἀπήγγειλεν
643 900 719 1006 αὐτὸ
750 903 870 1005 δ’ρηιφαι.
885 906 916 947 ²⁰
924 908 974 967 νῦν
987 893 1040 968 σύν
1052 905 1130 970 δεῦτε
1142 901 1356 988 ἀποκτείνωμεν

111 996 177 1059 τοῖς
190 983 326 1089 ἀδελφοῖς
339 984 441 1057 αὐτοῦ.
481 989 559 1053 22καί
575 987 720 1053 είπεναυ
751 1009 860 1061 αυτον,
874 988 925 1050 καί
936 989 1067 1070 ῥίψωμεν
1079 985 1170 1053 αὐτον
1180 992 1219 1064 είς
1231 992 1282 1052 ίνσ
1295 991 1356 1052 τῶν

111 1080 184 1144 τοῖς.
199 1066 342 1135 ἀκουσατε
350 1075 406 1135 τοῦ
414 1074 547 1136 ἐνυπνίου
556 1067 673 1148 τούτου,
683 1059 719 1134 ού
752 1063 878 1143 λάκκων,
893 1070 1081 1152 καὶίρσῐιμεν.
1105 1077 1214 1156 θηρίον
1224 1067 1355 1155 πονηρὸν

111 1146 317 1236 ε’νυπνιάσθην.
353 1152 461 1239 2ᾤμην
486 1150 560 1236 ύμάς
584 1149 721 1236 δεσμεύειν
751 1153 915 1232 κατέφαγεν
940 1148 1039 1217 αὐτόν.
1069 1155 1120 1219 καὶ
1144 1149 1300 1236 ὀψόμεθα,
1324 1149 1357 1217 τί

111 1231 270 1320 δράγματα
282 1239 403 1318 ἐνμέσῳ
417 1242 460 1320 τῷ
473 1238 572 1320 πεδίῳ.
590 1238 641 1300 καὶ
653 1233 721 1300 ἀνί·
752 1236 835 1298 ἔσται
849 1232 887 1297 τά
900 1230 1020 1300 ἐνύπνια
1033 1233 1135 1301 ιιύτσιῑ.
1152 1234 1312 1310 22ἀκούσας
1323 1234 1356 1297 δὲ

111 1343 168 1400 πτη
193 1316 230 1382 τὸ
256 1315 325 1400 ἐμὸν
348 1320 367 1383 δ
385 1314 479 1400 ἀγμα,
503 1321 554 1384 καὶ
577 1314 721 1403 ὠρθεύθη.
748 1312 874 1405 Ῥουβήν
890 1316 1013 1393 ίξειλετο
1027 1314 1119 1381 αὐτὸν
1136 1320 1168 1381 ίκ
1185 1322 1242 1381 τῶν
1255 1320 1357 1402 χειρῶν

110 1401 351 1484 περιστραφέντα
367 1344 451 1464 δὲτὰ
471 1396 627 1484 δράγματα
645 1396 724 1481 ὑμῶν
753 1396 859 1467 αύτών.
883 1400 936 1463 καί
952 1397 1037 1467 εἶπεν.
1063 1397 1100 1464 ού
1115 1394 1289 1482 πατύξωμεν
1300 1395 1356 1464 αύ-

112 1477 332 1565 προςικύνησαν
342 1479 378 1546 τὸ
392 1482 461 1564 ἐμὸν
471 1479 593 1565 δράγμα.
612 1482 722 1550 2ἐίπαν
751 1479 803 1546 τὸν
814 1488 852 1558 εἷς
865 1477 968 1567 ψυχήν.
994 1486 1024 1529 22
1033 1482 1094 1550 εἶπε
1111 1480 1256 1559 δίαάτοῖς
1268 1478 1355 1549 Ῥου-

112 1561 149 1629 δὲ
168 1561 253 1646 αύτῷ
271 1568 303 1629 οἱ
319 1562 439 1646 ἀδελφοί
454 1564 556 1631 αὐτου.
580 1562 620 1651 μή
632 1571 718 1657 βασι-
748 1561 810 1667 βήν.
834 1563 874 1649 μή
890 1569 1007 1651 ίκχέητε
1024 1566 1105 1664 αίμα.
1132 1563 1286 1654 ε’μβάλλετε
1298 1563 1355 1630 αύ-

112 1642 208 1712 λεύων
217 1643 390 1734 βασιλεύσεις
402 1646 447 1731 ε’φί
460 1646 544 1734 ἡμᾶς,
554 1645 719 1736 ἢκυριεύιον
749 1673 803 1713 τον
825 1655 864 1723 είς
881 1655 934 1714 ἕνα
950 1654 1010 1715 τών
1026 1651 1143 1716 λυκκων
1163 1646 1278 1716 τούτων
1295 1652 1356 1713 τῶν

111 1725 265 1816 κυριεύσεις
283 1727 378 1815 ἡμῶν,
402 1734 453 1797 καὶ
478 1736 657 1815 πρσςίθεντο
675 1737 717 1797 ε”τι
750 1735 781 1796 ίν
794 1737 831 1817 τῆ
848 1728 961 1818 ἐρήμῳ,
1003 1745 1068 1819 είρα
1085 1732 1116 1796 δί
1131 1730 1172 1815 μή
1190 1735 1356 1815 ε’πενίγκητε

111 1825 204 1898 μισεῖν
221 1812 311 1879 αὐτὸν
330 1820 419 1880 ὲνειιεν
430 1819 490 1880 τῶν
508 1820 649 1884 εἰυτινίων
662 1812 719 1885 αύ-
750 1809 844 1899 αὐτῷ.
858 1758 1079 1921 ὅπωςίξεληται
1089 1812 1354 1900 αύτδνίκτώνχει-

111 1903 181 1973 τοῦ,
205 1899 256 1962 καὶ
277 1903 366 1963 ἕνεκεν
381 1903 442 1963 τῶν
460 1895 597 1986 ῥημάτων
615 1897 718 1965 αύτοῡ.
750 1903 812 1985 ριίιν
824 1897 933 1976 αὐτῶν,
946 1901 997 1965 καὶ
1009 1899 1116 1983 απσδῴ
1130 1898 1223 1965 αύτὸν
1236 1901 1279 1983 τῴ
1293 1925 1354 1963 πα-

111 1980 187 2045 2είδε
199 1976 372 2048 δὲίνύπνιον
383 1985 550 2068 ἕτερον,καὶ
561 1980 719 2068 διηγήσατο
750 1983 799 2067 τρὶ
811 1980 916 2047 αὐτοῦ.
945 1984 975 2029 ²³
986 1984 1098 2062 ε’γίνετο
1114 1983 1145 2049 δι’
1163 1979 1248 2068 ήιίκα
1266 1971 1356 2085 ήλθεν

112 2063 188 2130 αὐτὸ
201 2069 246 2147 τῷ
258 2066 352 2152 πατρὶ
363 2063 473 2144 αὐτοῦ,
496 2068 622 2143 καὶτοῖς
634 2064 719 2131 ἀδελ-
746 2060 859 2149 ’ίωσήφ
884 2063 961 2151 πρὸς
987 2062 1057 2143 τούς
1082 2061 1227 2146 ἀδελφούς
1246 2067 1353 2136 αυτοῦ,

112 2159 182 2228 φοῒς
194 2146 295 2213 αὐτοῦ.
308 2151 359 2214 καί
368 2147 453 2214 εἶπεν.
468 2145 531 2214 ἰδού
543 2144 720 2215 ἔντυενιασά-
750 2149 886 2224 ἐξέδυσαν
901 2147 1014 2232 Ἰωσήφ
1032 2149 1085 2214 τὸν
1101 2154 1209 2235 χιτῶνα
1222 2148 1275 2213 τὸν
1286 2173 1356 2212 ποι-

112 2255 168 2315 μην
192 2226 325 2298 ἐνύπνιον
346 2237 453 2317 ἕτερον.
480 2229 574 2319 ὥςπερ
592 2228 610 2297 ὁ
627 2229 718 2317 ἥλιος,
750 2231 832 2295 κιλον
843 2228 895 2296 τὸν
907 2233 974 2317 περὶ
986 2227 1088 2297 αὐτόν.
1113 2235 1144 2276 22
1158 2233 1207 2296 καί
1222 2225 1357 2317 λαβόντες

112 2315 164 2378 καί
177 2310 195 2397 ἦ
206 2310 316 2401 σελήνη,
328 2318 381 2381 καί
392 2316 491 2380 ἕνδεκα
503 2314 621 2402 ἀστέρες
628 2341 719 2401 προς-
751 2310 861 2393 αύτόν,
885 2317 1010 2401 ἕβριιμαν
1026 2319 1065 2389 είς
1081 2312 1133 2380 τὸν
1148 2313 1264 2380 λάκκον.
1290 2309 1307 2377 ὁ
1324 2312 1356 2378 δὲ

112 2392 231 2461 εκύνουν
240 2423 283 2479 με.
320 2401 349 2443 ¹⁰
362 2399 413 2463 καί
425 2402 593 2483 ἐπετίμησεν
605 2394 720 2482 αύτῷὸ
751 2391 859 2472 λάκκος
872 2399 964 2474 κενὸς,
982 2395 1062 2479 ύδωρ
1075 2396 1205 2482 ούκείχε.
1243 2399 1272 2440 22
1285 2390 1353 2459 ἐκύ-

112 2478 216 2564 πατήρ
233 2478 343 2555 αὐτοῦ,
367 2483 419 2544 καὶ
435 2479 512 2545 εἶπεν
524 2480 617 2564 αὐτῷ.
642 2486 673 2545 τί
685 2478 721 2543 τὸ
753 2489 844 2542 θισαν
868 2479 899 2544 δὲ
917 2492 1020 2561 φαγεῖν
1036 2480 1136 2561 ἄρτον.
1159 2482 1209 2543 καί
1230 2475 1356 2561 ἀναβλέ-

115 2555 249 2624 ἕνύιενιον
261 2566 367 2636 τοῦτο,
394 2559 638 2643 δένυπνιάσθηςς
663 2551 724 2644 ἀρά
755 2579 865 2637 ψαντες
875 2573 937 2634 τοῖς
951 2559 1120 2640 ὀφθαλμοῖς
1132 2560 1215 2622 είδον.
1233 2562 1283 2622 καὶ
1293 2555 1357 2623 ίδού

114 2668 149 2722 γε
167 2638 305 2718 ἐλθόντες
321 2638 499 2722 ἐλευσόμεθα
516 2638 574 2720 ἐγώ
591 2644 688 2706 τεκαὶ
707 2637 724 2726 ή
759 2637 911 2728 ὁδοιπόροι
920 2639 1102 2724 Ἰσμαηλΐται
1116 2639 1239 2726 ἤρχοντο
1252 2643 1283 2704 ίκ
1292 2644 1325 2703 Γ
1322 2668 1358 2704 ιι-

113 2720 212 2811 μήτηρ
225 2750 277 2790 σου
293 2727 345 2790 καί
356 2729 388 2791 οἱ
398 2723 523 2806 ἀδελφοί
532 2752 586 2791 σου
598 2751 723 2811 προςκυ-
756 2719 841 2790 λαάδ.
872 2726 922 2790 καί
945 2727 979 2789 αἱ
995 2724 1117 2808 καμηλοι
1137 2722 1238 2789 αὐτῶν
1260 2726 1359 2806 ε”γεμσν

113 2813 204 2913 νήσαί
219 2835 263 2874 σοι
277 2811 327 2875 ἐπὶ
339 2808 392 2894 τήν
402 2813 471 2893 γῆν,Ι
495 2813 517 2851 22
531 2806 679 2892 ἐζήλωσαν
690 2808 721 2873 δὲ
753 2803 947 2891 θυμιαμάτων
962 2809 1014 2872 καί
1027 2812 1143 2895 ῥητίνης
1159 2809 1209 2873 καί
1222 2812 1357 2893 στακτῆς.

113 2891 208 2959 αυτὸν
224 2897 255 2958 οἱ
272 2890 396 2974 ἀδελφοι
413 2918 513 2958 αυτου.
540 2919 558 2957 ο
576 2894 606 2958 δε
620 2891 720 2977 πατήρ
753 2888 929 2978 ἐπορεύοντο
954 2891 986 2957 δὲ
1010 2905 1186 2971 καταγαγεῖν
1204 2895 1243 2968 είς
1258 2892 1357 2970 Λίγυ-

114 2975 210 3041 αύτού
228 2973 374 3060 διετήρησε
391 2972 427 3041 τὸ
445 2980 532 3061 ῥῆμα.
558 2980 586 3018 22
599 2972 721 3061 ἕπορεύψ
754 3000 838 3040 πτον.
866 2975 972 3042 22είπε
993 2975 1025 3041 δὲ
1047 2973 1164 3053 Ἰούδας
1186 2975 1263 3057 πρὸς
1287 2971 1358 3048 τοδε·

112 3070 214 3142 θησαν
226 3059 257 3124 δὲ
271 3064 302 3124 οδ
314 3058 437 3140 ἀδελφοὶ
449 3060 543 3124 αὐτοῦ
556 3054 670 3148 βόσκειν
682 3058 720 3124 τὰ
753 3056 898 3141 ἀδελφούς
922 3056 1025 3126 αύτοῦ.
1063 3061 1092 3123 τί
1116 3056 1271 3144 χρήσιμον,
1307 3053 1358 3120 ίάν

113 3136 254 3227 πρόβατα
266 3146 320 3207 τοῦ
334 3140 451 3225 πατρὸς
459 3140 559 3208 αὐτῶν
567 3148 606 3217 εἷς
614 3146 719 3228 Συχίμ.
753 3139 965 3228 ἀποκτείνωμεν
981 3140 1033 3208 τὸν
1049 3139 1176 3224 ἀδελφὸν
1189 3137 1283 3227 ήμῶν,
1306 3141 1358 3205 καί

114 3227 141 3267 ¹³
154 3226 204 3289 καί
217 3225 294 3293 εἶπεν
302 3224 424 3311 Ἰσραήλ
435 3218 511 3310 πρὸς
520 3221 642 3310 Ἰωσήφ,
656 3223 721 3311 σύχὶ
751 3222 909 3311 κρύψωμεν
932 3227 968 3291 τὸ
987 3227 1059 3307 αίμα
1084 3224 1197 3302 αὐτοῦ,-
1236 3226 1264 3266 22
1278 3223 1359 3289 δεῦτε

115 3311 146 3371 οἱ
155 3305 279 3390 ἀδελφοί
291 3334 344 3374 σου
352 3315 552 3391 ποιμαίνουσιν
561 3312 720 3394 είςΣυχίμς
753 3306 936 3392 ἀποθώμεθα
957 3307 1051 3375 αὐτὸν
1075 3321 1137 3386 τοῖς
1159 3307 1358 3392 ’ίομοιηλίιαις

114 3393 199 3475 δεῦρο
213 3390 379 3457 ἀποστείλω
392 3417 421 3458 σε
431 3390 506 3478 πρὸς
519 3387 634 3467 αύτούς.
660 3392 721 3456 είπε
752 3387 878 3467 τούτοις.
897 3396 930 3456 αἱ
942 3391 973 3455 δὲ
985 3405 1073 3496 ηεῐρες
1086 3389 1166 3474 ήμῶν
1174 3391 1214 3474 μή
1227 3394 1360 3456 ε”στωσαν

115 3473 149 3537 δὲ
168 3471 260 3557 αύτῷ.
286 3471 350 3538 ἰδού
368 3471 433 3552 ἐγώ.
472 3474 501 3517 ¹⁴
513 3473 574 3539 είπε
592 3474 624 3540 δὲ
637 3472 721 3557 αύτῷ
754 3470 797 3540 ἐπ’
813 3472 915 3549 αὐτὸν,
928 3471 974 3538 ὅτι
988 3470 1360 3556 αδελφὸςημιῦν,και’σάρξ

113 3551 243 3638 Ἰσραήλ.
268 3561 419 3642 πορευθείς
433 3560 488 3633 ἴδε,
510 3563 535 3621 εί
548 3554 723 3636 ὑγιαίνουσιν
755 3552 835 3641 ήμῶν
847 3560 932 3626 ε’στίν,
947 3556 1073 3641 ήκουιιαν
1085 3554 1115 3621 δὲ
1129 3560 1159 3621 οί
1170 3552 1291 3632 ἀδελφοὶ
1303 3555 1359 3619 αι’·-

117 3643 148 3702 ιιῖ
160 3637 286 3718 ἀδελφοί
297 3666 365 3718 σου,
385 3643 435 3706 καί
448 3639 487 3705 τύ
499 3637 647 3726 πρόβατα.
672 3642 723 3709 καί
754 3646 818 3710 τοῦ.
841 3643 873 3688 22
883 3641 933 3706 καὶ
945 3634 1185 3726 παρεπορεύοντο
1199 3643 1227 3703 οἱ
1238 3636 1359 3720 ἀνθρω-

116 3719 287 3800 ἀνάγγειλόν
297 3750 356 3806 μοι.
382 3725 432 3789 καί
447 3722 612 3789 ἀπέστειλεν
629 3720 724 3807 αὐτὸν
755 3750 806 3792 ποι
819 3728 850 3788 οἱ
862 3725 1047 3807 Μαδιηναῒοι
1059 3728 1192 3807 ἔμποροι,
1208 3721 1260 3788 καὶ
1272 3723 1359 3800 ε’ξειλ-

118 3808 151 3869 ἐκ
163 3810 216 3888 τῆς
232 3803 367 3883 κοιλάδος
385 3813 436 3890 της
449 3801 582 3914 Χεβρών.
605 3808 656 3871 καὶ
671 3805 724 3909 ήλι-
756 3831 848 3871 κυσαν
863 3811 914 3872 καὶ
931 3805 1107 3898 ἀνεβίβασαν
1124 3805 1175 3872 τὸν
1196 3803 1309 3890 Ἰωσήφ
1327 3809 1360 3869 ίκ

117 3900 172 3954 θεν
188 3895 228 3963 εἷς
239 3892 345 3973 Συχέμ.
372 3894 397 3934 22
410 3892 461 3954 καὶ
474 3914 554 3972 ευρεν
566 3887 658 3954 αὐτὸν
671 3889 724 3954 α’ν.-
756 3893 809 3957 τοῦ
823 3887 941 3954 λάκκου.
964 3894 1013 3960 καί
1026 3888 1172 3958 ἀπέδοντο
1184 3886 1359 3973 τάνἺωοήφ

117 3983 243 4055 θρωπος
251 3968 437 4053 πλανώμενον
445 3976 525 4056 ε’ντῴ
535 3974 633 4057 πεδίῳ.
644 3967 721 4060 ήρειλ
755 3983 818 4048 τοῖς
837 3969 1034 4056 Ἰσμαηλίταις
1056 3975 1142 4038 εἴκοσι
1163 3976 1283 4058 χρυσῶν.
1309 3971 1360 4035 καλ

116 4080 185 4139 τηπε
198 4054 229 4119 δὲ
248 4054 339 4120 αιἰτδν
350 4053 368 4122 ὁ
379 4056 550 4142 ἄνθρωπος,
566 4057 666 4134 λε’γων.
693 4062 724 4122 τί
754 4051 923 4140 κατήγαγον
938 4055 992 4122 τὸν
1006 4052 1118 4141 Ἰωσήφ
1138 4061 1177 4132 είς
1192 4059 1358 4134 Αἴγυπτον.

117 4143 209 4222 ζητεῖς
214 4168 226 4217 ,·
241 4135 290 4202 2ὓὸ
303 4138 334 4203 δὲ
347 4139 416 4205 είπε.
431 4140 500 4215 τούς
512 4137 654 4241 ἀδελφούς
665 4165 721 4219 μου
755 4143 784 4191 22
797 4138 955 4224 ἀνέστρεφε
971 4138 1002 4206 δὲ
1016 4136 1139 4240 Ῥουβὴν
1156 4142 1206 4205 ἐπὶ
1222 4137 1274 4203 τὸν
1286 4133 1360 4202 λάκ-

117 4225 203 4304 ζητοῖ.
230 4218 409 4299 ἀπάγγειλόν
423 4249 472 4306 μοι
487 4228 548 4289 ποῦ
559 4228 720 4310 βοσκουσιν.
753 4249 819 4299 κον,
844 4227 895 4288 καί
912 4221 948 4289 ού
985 4219 1044 4306 ὁρᾷ
1064 4250 1117 4290 τον
1137 4219 1246 4304 Ἰωσήφ
1268 4225 1299 4286 ε’ν
1315 4225 1358 4302 τῷ

118 4306 145 4346 22
157 4303 219 4368 είπε
243 4304 275 4370 δι’
293 4303 376 4391 αύτῷ
393 4302 410 4370 ὁ
428 4306 598 4391 ἀνθρωπος.
624 4300 723 4389 ἀπίρ-
755 4304 863 4389 λάκκῳ.
885 4308 935 4372 καί
947 4250 1073 4394 διέρρηξε
1084 4304 1123 4372 τά
1138 4300 1239 4387 ίμάτια
1252 4302 1358 4368 αὐτοῦ.

118 4411 202 4453 κασιν
214 4390 354 4454 ἐντεῦθεν.
368 4387 481 4472 ἤκουσα
493 4390 552 4475 γὰρ
563 4335 723 4454 αύτῶνλε
755 4391 786 4434 222
798 4392 847 4471 καί
865 4392 1024 4474 ἐπέστρεφεν
1038 4388 1116 4477 πρὸς
1132 4383 1202 4460 τοὺς
1216 4379 1361 4482 ἀδελφούς

118 4465 239 4548 γνόντων.
252 4477 655 4558 πορευθιδμενείςΔωθαείμ.
673 4474 724 4539 καὶ
756 4470 860 4539 αιἰτοῦ.
886 4474 936 4537 καὶ
959 4471 1028 4538 είπε.
1065 4469 1103 4536 τὸ
1127 4463 1362 4606 παιδάριονῖουκ

940 4568 944 4573 ·
1302 4560 1362 4606 στιν
