2924 4972
171 191 235 258 302
364 191 654 253 ΒΑΣΙΛΕΙΩΝ
677 191 856 252 mm
892 195 969 270 Κεφ.
982 177 1036 265 τί.
1049 180 1105 264 ιζ’.
1119 187 1171 255 26.
1184 188 1237 255 27.

171 317 375 417 προςηεφαλης
405 315 499 380 αὐτοῦ
526 320 577 380 καί
601 314 654 380 τὸν
679 318 776 417 φακὸν
814 340 872 415 ρον
874 322 1089 461 ίηιιμοταίωμαη
1108 319 1159 380 καί
1174 312 1305 398 ἡγνόηκα
1317 313 1419 380 πολλὰ

171 403 228 462 τοῦ
240 398 356 472 ὕδατος,
365 402 416 463 καί
425 396 604 480 ἀπέλθωμεν
612 396 691 480 ἡμεῖς
702 408 767 463 καθ
814 422 873 478 σφο
893 424 942 483 ρα.
965 400 995 439 22
1007 402 1059 462 καί
1070 403 1220 482 απεκρίθη
1232 399 1346 470 Δαυὶδ,
1368 401 1420 462 καί

170 478 301 556 ἑαυτούς.
328 483 355 522 22
367 484 418 560 καλ
434 481 524 586 ἔλαβε
536 482 636 545 Λαυίδ
647 480 683 545 τὸ
703 476 775 566 δόρυ
813 479 898 544 εἶπεν.
913 477 977 544 ὶδοδ
988 477 1025 544 τὸ
1035 476 1107 566 δόρυ
1117 484 1171 543 τοῦ
1179 479 1333 564 βασιλέως,
1343 481 1420 544 διελ-

170 568 221 628 καί
234 561 286 629 τὸν
298 561 397 644 φακὸν
413 567 470 627 τοῦ
485 561 592 637 ὕδατος
606 550 672 627 ’ἀπὸ
685 588 777 646 προς-
813 565 896 627 θέτω
916 562 955 636 είς
975 566 1039 631 τῶν,
1047 561 1214 644 παιδαρίων
1232 565 1283 626 καί
1299 564 1419 648 λαβέτω

170 648 299 747 κεφαλης
325 644 434 722 αὐτοῦ,
462 648 513 711 καί
536 643 679 712 ἀπ’λθον
703 642 773 709 καθ’
814 641 901 719 αότό,
917 645 1002 709 22καί
1014 642 1112 729 κύριος
1124 645 1290 748 ἐπιστρέψει
1301 643 1419 728 ἑκάστῳ

170 732 306 804 ἐυυτους.
338 732 389 792 καί
406 725 460 793 οὐκ
477 716 514 813 ἦν
533 725 550 792 5
567 673 700 814 βλέπων,
725 730 777 792 καί
813 725 892 792 κατδι
909 722 963 801 ’τὰς
981 722 1167 800 δικαιοσύνας
1185 731 1280 791 αυτοῦ
1297 729 1419 812 κοίτην

170 811 225 875 οόκ
238 799 274 911 ᾖν
287 807 305 874 5
317 807 484 888 γινώσκων,
506 814 559 875 καί
570 807 624 876 οὔκ
638 797 673 894 ἦν
685 805 703 874 5
717 812 776 886 ἐξι-
813 815 913 874 πίστιν
924 805 1031 874 αὐτοῦ.
1055 807 1095 883 ὡς
1107 809 1265 892 παρέδωκέ
1275 835 1306 875 σε
1319 808 1420 896 κύριος

168 916 344 977 γειρομενος,
381 889 491 968 πάντες
516 888 688 968 ὀπνοῦντες,
728 889 776 956 ὅτι
814 885 937 975 σήμερον
956 886 1187 977 εῖςχεϊρυίςμσυ,
1211 896 1263 957 καί
1276 891 1419 978 οόκήθέ-

168 973 287 1062 θάμβος
311 982 415 1062 κυρίου
435 978 574 1040 ἐπέπεσεν
592 971 636 1039 ἐπ’
657 969 775 1050 αὐτούς.
813 973 891 1056 ληοα
903 977 1063 1050 ἐπενεγκεῖν
1074 969 1156 1078 χεῖρώ
1167 999 1225 1056 μου
1239 979 1289 1040 ἐπὶ
1300 976 1419 1060 χριστὸν

169 1060 197 1102 ¹³
209 1063 260 1123 καί
275 1059 356 1160 διέβη
368 1058 468 1122 Δαυίδ
483 1061 522 1132 είς
539 1058 575 1122 τὸ
591 1061 701 1142 πέραν,
726 1059 779 1124 καί,
813 1062 924 1142 κυρίου.
955 1054 987 1096 22
999 1060 1050 1121 καί
1063 1059 1130 1121 ίδου
1146 1056 1251 1132 καθώς
1263 1058 1418 1141 ἐμεγαλύν-

170 1144 239 1222 ἐίπη
256 1143 306 1205 ἐπί
324 1164 377 1224 την
389 1136 521 1222 κορυφὴν
538 1144 595 1205 τοῦ
612 1139 701 1245 ὀρους
716 1165 775 1222 μα-
813 1148 857 1222 θη
877 1135 895 1221 ἢ
913 1133 992 1221 ψυχή
1011 1164 1065 1203 σου
1082 1136 1206 1244 σημερον
1224 1144 1254 1204 ἐν
1273 1138 1369 1224 ταότη
1389 1146 1419 1207 ἐν

169 1220 292 1325 κρίθεν,
317 1226 370 1288 καί
389 1222 488 1305 πολλοὶ
506 1219 525 1305 ἢ
539 1218 609 1296 ὁδὸς
628 1225 775 1304 υναμίσον
814 1219 985 1302 ὀφθαλμοῖς
996 1246 1068 1302 μου,
1084 1247 1181 1296 ουτως
1193 1214 1419 1309 μεγαλυνθέίηη

170 1311 278 1370 αυτῶν.
316 1306 346 1349 22
358 1307 411 1370 καί
426 1305 663 1389 προςεκαλέσατο
679 1305 777 1370 Δαυίδ
814 1299 894 1388 ψυχή
906 1329 965 1385 μου
978 1302 1104 1370 ἐνώπιον
1116 1309 1231 1390 κυρίου,
1244 1309 1294 1371 καί
1307 1305 1419 1373 σκεπά-

169 1387 222 1453 τὸν
244 1385 332 1465 λαὸν,
357 1391 409 1454 καί
426 1391 471 1471 τῷ
488 1386 624 1473 Ἀβεννηρ
642 1383 775 1471 ίλυίλησε,
815 1412 866 1452 σαι
878 1411 922 1468 με,
939 1386 991 1449 καί
1003 1385 1138 1463 ἐξελεῖται
1150 1412 1184 1470 με
1197 1392 1229 1451 ἐκ
1241 1385 1339 1473 πάσης
1350 1392 1420 1455 θλί-

169 1472 272 1548 λέγων.
290 1469 346 1535 οὐκ
359 1467 551 1562 ὀποιιριθηση
559 1465 694 1556 Ἀβεννηρ
700 1499 712 1548 ,-
725 1472 776 1536 καί
815 1488 903 1551 ψεως.
929 1468 958 1511 22
970 1471 1023 1533 καλ
1035 1467 1096 1534 εἷπε
1108 1466 1214 1536 Σαοὺλ
1225 1471 1302 1556 πρὸς
1315 1475 1418 1538 Δαυίδ.

169 1550 472 1680 ἀπεκρίθηἍβεννηρ,
482 1557 533 1618 καί
545 1551 615 1617 ελσε.
641 1558 685 1629 τίς
700 1550 775 1618 είσό
815 1549 1007 1634 εὐλογημένος
1036 1550 1074 1617 σε)
1098 1557 1216 1628 τέκνον,
1252 1556 1304 1620 καί
1326 1561 1420 1621 ποιῶν

169 1631 317 1716 ὁκαλῶνς
342 1640 355 1679 2
384 1639 435 1700 καί
447 1634 508 1700 είπε
519 1635 620 1702 Δαυίδ
635 1633 712 1722 πρὸς
726 1633 776 1699 ’Λ-
814 1631 958 1718 ποιησεις,
983 1637 1034 1699 καί
1053 1631 1207 1717 δυνάμενος
1225 1634 1345 1721 δυνηση.
1369 1641 1421 1704 καί

168 1715 282 1805 βεννηρ.
306 1716 362 1784 οὐκ
375 1717 451 1805 ίινηρ
465 1713 520 1797 55,-
545 1723 597 1784 καί
617 1725 661 1795 τίς
680 1714 720 1794 ὡς
739 1717 773 1783 σὺ
815 1712 936 1801 ἀπῆλθε
955 1718 1055 1782 Δαυὶδ
1076 1723 1115 1793 είς
1141 1717 1197 1801 την
1219 1716 1291 1784 ὁδὸν
1312 1709 1419 1796 διίιτοῦ,

169 1805 199 1866 ἐν
209 1798 347 1886 Ἰσριιηλ,Ι
359 1805 411 1867 καί
420 1802 503 1866 διατί
512 1798 548 1865 οὐ
558 1798 712 1882 φυλάσσεις
723 1799 776 1864 τὸν
815 1803 866 1864 καί
878 1797 985 1867 Σαοὺλ
1003 1797 1187 1887 ἀπέστρεψεν
1203 1805 1241 1877 εἰς
1258 1800 1311 1868 τδν
1324 1799 1419 1868 τόπον

168 1880 268 1969 κύριόν
281 1911 338 1951 σου
351 1881 405 1950 τὸν
416 1883 542 1970 βασιλέα
545 1912 557 1962 ,·
583 1880 630 1948 δτι
645 1882 775 1967 εῑςηλθεν
815 1879 921 1947 αὐτοῦ.

169 1967 208 2042 εἷς
220 1971 252 2032 ἐκ
265 1972 320 2031 τοῦ
331 1967 410 2033 λαοῦ
423 1967 596 2048 διαφθεῖραι
609 1965 662 2030 τὸν
674 1962 775 2051 κύριόν
994 1973 1029 2030 K
1039 1971 1068 2029 E
1082 1972 1121 2031 Φ.
1163 1960 1242 2030 ΚΖ’.
1419 2027 1421 2031 ,

169 2075 226 2113 σου
239 2049 294 2114 τὸν
306 2049 438 2135 βασιλέα.
477 2048 506 2089 ¹⁶
518 2051 570 2112 καί
586 2046 641 2112 οὐκ
654 2047 776 2125 ἀγαθὸν
814 2014 896 2113 Καὶ
909 2047 968 2115 εἶπε
981 2050 1079 2116 Δαυίδ
1090 2054 1121 2114 έν
1133 2055 1171 2132 τῆ
1187 2051 1295 2134 καρδίη
1313 2047 1420 2127 αότοῦ,

169 2130 206 2194 τὸ
220 2135 299 2217 ῥῆμα
311 2135 422 2206 τοῦτο,
447 2126 648 2214 δπεποίηκας.
674 2135 709 2225 ζῇ
721 2128 776 2196 κεί-
814 2131 916 2208 λέγων.
946 2137 999 2199 νῦν
1021 2121 1264 2219 προςτεθίἱσομαι
1281 2138 1312 2200 ἐν
1325 2130 1420 2218 ημέρη

170 2240 245 2299 ριος,
272 2209 320 2277 δ’τι
338 2216 398 2278 υῖοί
416 2209 613 2291 θανατώσεως
627 2211 720 2298 ὑμεῖς,
746 2220 777 2280 σί
813 2218 866 2297 μιᾷ
889 2220 929 2291 είς
952 2227 1049 2301 χεῖρας
1066 2216 1186 2292 Σαοὺλ,
1213 2219 1263 2280 καί
1281 2214 1337 2280 οὐκ
1357 2221 1420 2282 ἐστι

170 2292 371 2398 φυλάσσοντες
394 2296 447 2362 τὸν
462 2297 588 2383 βασιλέα
606 2296 660 2365 τὸν
675 2293 777 2383 κύριον
813 2323 862 2380 μοι
880 2296 1000 2375 ἀγαθὸν
1012 2295 1064 2362 ε’δν
1075 2298 1114 2381 μὴ
1129 2305 1225 2364 σωθῶ
1238 2304 1277 2373 είς
1288 2304 1343 2402 γην
1362 2297 1419 2364 ὀλ-

170 2382 250 2460 υμών
270 2379 324 2444 τὸν
339 2377 457 2465 χριστὸν
470 2387 581 2465 κυρίου.
605 2385 657 2446 καί
670 2386 720 2447 νῦν
735 2377 776 2446 ἴδε
814 2377 956 2461 λσφὺλων
969 2409 1020 2446 και
1032 2407 1088 2485 ανη
1099 2409 1144 2446 απ
1164 2385 1236 2464 ίμοῦ
1246 2382 1352 2447 Σαουλ
1363 2389 1419 2448 τσῦ

170 2460 207 2547 δη
221 2461 256 2527 τὸ
269 2459 341 2548 δόρυ
354 2470 409 2529 τοῦ
420 2464 574 2551 βασιλέως,
587 2468 638 2531 καί
651 2461 669 2530 5
680 2462 776 2547 φακὸς
815 2465 907 2548 ζητεῖν
922 2491 956 2548 με
975 2470 1014 2539 είς
1031 2490 1093 2528 παν
1112 2461 1195 2551 ὅρων
1209 2463 1344 2552 Ἰσραὴλ,
1369 2469 1419 2530 καὶ

168 2552 225 2611 τοῦ
239 2542 346 2623 ὕδατος
358 2554 420 2613 ποῦ
434 2552 496 2613 ἐστι
509 2547 549 2614 τὰ
559 2548 636 2634 πρὸς
648 2547 777 2631 κεφαλῆς
815 2542 994 2631 σωθήσομαι
1004 2551 1036 2612 ἐκ
1048 2547 1141 2632 χειρὸς
1154 2546 1258 2614 αὐτοῦ.
1273 2551 1341 2613 2καί
1352 2547 1419 2613 ἆνέ-

170 2628 273 2694 αὐτοῦ.
297 2633 324 2673 ¹⁷
336 2635 388 2696 καί
400 2633 514 2707 ἐπέγνω
525 2629 633 2695 Σαοὺλ
644 2631 698 2716 την
711 2656 776 2711 φω-
814 2655 870 2732 στη
880 2631 978 2695 Δαυίδ
994 2633 1046 2696 καί
1063 2635 1094 2695 οῖ
1112 2628 1259 2707 ἑξακόσιοι
1276 2632 1374 2716 ἄνδρες
1388 2635 1419 2696 σί

169 2711 221 2795 νην
233 2712 338 2787 Δαυίδ,
351 2716 402 2777 καί
415 2713 483 2777 εἶπε.
500 2708 518 2796 ἦ
531 2709 618 2796 φωνη
630 2740 686 2778 σου
699 2710 776 2795 αὕτη
812 2737 864 2794 μετ
887 2712 998 2788 αὐτοῦ,
1021 2716 1074 2778 καὶ
1094 2710 1245 2798 ἐπορεύθη
1261 2713 1337 2798 πρὸς
1348 2714 1419 2792 Ἀγ-

169 2797 273 2857 τέκνον
282 2794 395 2872 Δαυίδ,·
408 2798 459 2858 καί
472 2793 533 2858 εἶπε
545 2796 650 2858 Δαυίδ.
666 2792 776 2870 δοῦλός
813 2799 884 2878 χοῦς
897 2793 962 2861 υίδν
973 2794 1086 2881 Ἀμμόχ
1099 2798 1223 2882 βασιλέα
1235 2803 1269 2860 Γ
1266 2800 1314 2861 έθ.
1341 2800 1357 2839 ³
1369 2800 1418 2862 καί

169 2901 224 2940 σου
237 2871 315 2962 κόριε
326 2875 480 2965 βασιλεῦ,
493 2877 522 2918 ¹⁸
533 2880 585 2942 καί
597 2875 669 2944 εἶπε.
698 2881 777 2943 ίνατί
813 2873 935 2943 ἐκάθισε
945 2882 1043 2945 Δαυὶδ
1053 2877 1252 2963 μετὰἈγχοῦς
1265 2876 1355 2953 αὐτὸς
1368 2882 1419 2944 καί

168 2963 261 3024 τοῦτο
274 2953 449 3024 καταδιώκει
467 2954 595 3038 οκέριος
608 2958 706 3026 ὀπίσω
719 2966 774 3027 τοῦ
813 2966 843 3026 οῖ
863 2960 964 3049 ἄνδρες
983 2961 1079 3028 αὐτοῦ
1096 2969 1221 3037 ἕκαστος
1232 2965 1283 3027 καὶ
1300 2958 1318 3026 5
1337 2961 1419 3039 οἶκος

168 3035 279 3105 δούλου
292 3039 390 3107 αὐτοῦ
399 3069 412 3120 ,·
432 3038 479 3106 ὅτι
492 3047 523 3105 τί
535 3040 706 3128 ημαρτηκας
724 3049 776 3111 καί
812 3043 924 3122 αὐτοῦ,
948 3048 999 3111 καὶ
1016 3047 1115 3111 Δαυίδ
1134 3048 1186 3110 καί
1203 3042 1367 3133 ἀμφότεραι
1385 3051 1418 3110 αῖ

166 3129 198 3186 τί
210 3118 319 3208 εὑρέθη
331 3126 362 3189 ἐν
373 3126 439 3206 έμοί
451 3121 579 3209 ἀδίκημα
584 3155 596 3204 ,·
619 3129 646 3168 ¹⁹
659 3130 711 3191 καί
723 3133 773 3193 νῦν
811 3139 943 3204 γυναῖκες
962 3127 1059 3195 αὐτοῦ
1076 3124 1218 3233 ’Ληινσίαμ
1231 3129 1419 3212 Ἰεζραηλίτις

167 3202 331 3270 ἀκουσάτω
344 3202 362 3271 5
375 3202 475 3292 κύριός
487 3233 543 3289 μου
563 3205 580 3273 5
592 3206 725 3296 βασιλεὺς
737 3210 773 3277 τὸ
811 3212 863 3274 καί
869 3209 1005 3298 Ἀβιγαία
1019 3212 1036 3297 η
1050 3239 1121 3295 γυνη
1135 3207 1250 3297 Νώβαλ
1261 3217 1315 3275 τοῦ
1329 3219 1415 3296 Καρ·

166 3290 245 3373 ῥῆμα
259 3294 315 3354 τοῦ
325 3287 436 3356 δούλου
450 3289 555 3369 αὐτοῦ,
564 3298 590 3359 εί
599 3289 617 3359 5
627 3292 698 3369 θεὸς
708 3298 773 3360 έπι-
810 3294 926 3377 μηλίου.
948 3294 965 3336 ⁴
979 3301 1029 3362 καί
1041 3295 1183 3379 ἀνηγγελη
1196 3299 1241 3380 τῷ
1252 3294 1357 3359 Σαοὺλ
1369 3292 1416 3359 ὅτι

167 3376 234 3437 σείει
261 3399 291 3439 σε
319 3371 363 3439 ἐπ’
384 3372 447 3456 ἐμὲ,
475 3372 663 3463 ὀσφρανθείη
679 3385 773 3443 θυσία
810 3381 935 3458 πέφευγε
946 3381 1044 3445 Δαυίδ
1054 3386 1093 3456 εἰς
1105 3377 1188 3455 Γὲθ,
1211 3383 1262 3444 καί
1274 3378 1310 3444 οό
1323 3404 1417 3461 προς-

167 3481 229 3522 σου.
256 3461 307 3522 καί
319 3464 344 3523 εἰ
358 3461 418 3524 υίοί
429 3455 620 3546 ἀνθρώπων,
631 3456 774 3527 έπικατώ-
810 3464 899 3528 έθετο
913 3466 956 3526 ἔτι
969 3465 1062 3546 ζητεῖν
1075 3459 1176 3528 αὐτόν.
1196 3463 1266 3528 2καί
1279 3459 1340 3527 εἶπε
1351 3468 1417 3527 Δα-

166 3565 252 3620 ρυτοι
263 3531 347 3607 οὗτοι
358 3537 484 3607 ἐνώπιον
492 3549 604 3627 κυρίου,
613 3539 660 3607 ὅτι
671 3546 772 3629 ἐξέβα·
811 3545 859 3610 υίδ
869 3545 945 3631 πρὸς
954 3543 1087 3632 Ἀγχοῦς,
1100 3551 1128 3611 εἴ
1137 3545 1173 3628 δὴ
1187 3543 1302 3629 εὕρηκεν
1315 3542 1332 3607 5
1345 3545 1417 3608 δοῦ-

165 3620 218 3688 λόν
230 3649 264 3705 με
279 3622 403 3710 σήμερον
414 3622 455 3709 μη
468 3629 644 3712 ἔστηρίχθαι
657 3630 687 3692 ἐν
698 3628 771 3711 κλη-
810 3623 862 3702 λός
875 3655 930 3694 σου
946 3623 1032 3731 ηόριν
1045 3633 1076 3693 έν
1088 3626 1257 3708 ὀφθαλμοῖς
1270 3651 1340 3697 ⁰⁰¹¹,
1363 3621 1416 3687 δό-

165 3711 293 3787 ρονομίη
315 3714 433 3792 κυρίου,
459 3709 601 3785 λέγοντες.
633 3705 773 3795 πορεύου,
811 3734 912 3776 τωσαν
929 3712 966 3793 δη
982 3736 1033 3792 μοι
1050 3707 1146 3775 τόπον
1163 3714 1194 3774 ἐν
1210 3712 1264 3790 μιᾷ
1280 3709 1340 3803 τῶιν
1357 3703 1416 3768 515-

167 3785 287 3851 δούλευε
304 3797 384 3864 θεοῖς
401 3791 523 3875 ἑτέροις.
562 3793 593 3834 ²⁰
607 3796 657 3858 καί
670 3798 721 3857 νῦν
731 3791 772 3874 μη
810 3791 884 3858 λεων
902 3798 963 3856 τῶν
981 3790 1044 3857 κατ’
1066 3788 1159 3874 ἀγρὸν
1178 3794 1228 3866 καὶ
1245 3797 1416 3869 καθησομαι

166 3871 256 3933 πέσοι
270 3868 306 3933 τὸ
320 3867 392 3953 αίμιί
403 3898 462 3954 μου
473 3876 523 3938 ἐπὶ
536 3870 587 3976 την
594 3880 649 3954 γῆν
661 3877 773 3950 έξεναν-
810 3876 882 3946 ἐκεῖ,
906 3877 957 3937 καί
971 3876 1052 3937 ίνατί
1062 3871 1195 3956 κάθηται
1209 3868 1226 3935 5
1240 3864 1347 3943 δοῦλός
1360 3896 1415 3935 σου

166 3955 232 4024 τίας
243 3978 268 4014 π
287 3950 405 4028 οςώπου
416 3981 451 4021 κυ
471 3960 528 4030 ίου,
543 3981 590 4020 οτι
603 3951 773 4061 ἔξεληλυθεν
810 3955 842 4016 ἐν
854 3949 938 4018 πόλει
949 3955 1158 4057 βασιλευομένη
1170 3953 1243 4035 μετὰ
1257 3957 1329 4030 σοῡς
1343 3954 1416 4020 6καί

167 4028 184 4096 5
202 3977 336 4117 βασιλεὺς
350 3981 473 4121 Ἰσραὴλ
489 4039 583 4119 ζητεῖν
600 4055 696 4120 ψυχην
714 4061 771 4116 μου
810 4034 914 4100 ἔδωκεν
931 4037 1016 4119 αὐτῷ
1035 4041 1066 4103 ἐν
1083 4043 1120 4130 τῇ
1140 4040 1233 4139 ημέρηι
1252 4039 1344 4131 ἐκείνη
1362 4036 1416 4122 την

166 4115 271 4190 καθώς
296 4114 469 4183 καταδιώκει
498 4118 515 4182 5
542 4120 716 4203 νυκτικόριεξ
741 4121 773 4183 έν
809 4114 946 4183 Σικελόν.
972 4119 1022 4185 διὰ
1037 4127 1130 4187 τοῦτο
1144 4125 1271 4203 ἐγενηθη
1284 4121 1415 4186 Σεκελὰκ

165 4210 229 4273 τοῖς
248 4196 336 4283 ὀρεοι.
363 4201 390 4241 22
403 4204 453 4264 καί
466 4199 527 4265 εἷπε
538 4194 650 4264 Σαούλ.
678 4196 773 4288 ημώρ-
809 4205 854 4284 τῷ
863 4203 979 4288 βασιλεῖ
988 4209 1041 4288 τῆς
1051 4202 1199 4279 Ἰουδαίας
1213 4210 1267 4279 ε”ως
1281 4209 1331 4287 τῆς
1345 4202 1415 4288 ημέ·

165 4306 252 4367 τηκυ,
266 4284 420 4368 ἐπίστρεφε
434 4284 534 4345 τέκνον
546 4283 658 4360 Λαυὶδ,
676 4282 723 4350 δτι
735 4285 771 4352 οὗ
809 4311 863 4371 ρας
875 4284 994 4371 ταύτης.
1022 4291 1035 4331 ⁷
1049 4292 1100 4353 καὶ
1114 4283 1239 4371 ἐγενηθη
1253 4285 1270 4351 5
1284 4286 1415 4370 ἀριθμὸς

164 4360 360 4450 κακοποιησω
373 4390 404 4430 σε
422 4361 489 4429 ἄνθ’
505 4355 547 4429 ὧν
565 4368 678 4451 ἔντιμος
692 4366 770 4455 ψυχή
809 4374 870 4435 τῶν
880 4367 991 4473 λημερῶν
1001 4361 1045 4436 ών
1055 4366 1175 4437 ἐκάθισε
1184 4372 1281 4436 Δαυίδ
1290 4376 1321 4436 ἐν
1330 4370 1415 4453 ἀγρῷ

163 4478 220 4536 μου
234 4454 264 4517 ἐν
275 4448 447 4536 ὀφθαλμοῖς
456 4474 519 4527 σου,
531 4453 581 4516 καὶ
591 4453 621 4515 ἐν
636 4456 670 4549 τῇ
682 4448 769 4538 σημε·
808 4457 868 4518 τῶν
880 4449 1067 4538 αλλοφόλων,
1076 4458 1224 4543 τέσσαρας
1232 4456 1415 4624 μηνηςηὲκοί

1283 4562 1334 4603 ανε
1355 4561 1416 4602 αινε
