2924 4972
165 214 229 282 544
583 220 786 281 ΕΣΘΗΡ
824 224 903 295 Κεφ
917 215 1002 282 δ’4

165 339 225 404 είπε
248 340 453 441 Μαρδοχαῖος
482 336 564 440 πρὸς
578 338 771 439 ’4χραθιιῖρν
801 332 903 437 στόμα
930 332 1099 399 αἶιούντων
1116 358 1145 396 σε
1164 332 1254 430 κύριε.
1280 335 1332 394 καί
1354 336 1417 407 πᾶς

163 418 343 526 πορεύθητι,
369 448 420 485 και
413 419 564 485 εἶπον
528 445 616 519 αυτη
648 417 772 519 Ἐσθηρ,
801 415 924 520 Ἰσραὴλ
949 419 1101 517 ἐκέκρρξεν
1124 417 1192 491 ἐξ
1179 408 1280 516 ισχύος
1304 412 1417 492 αὐτῶν,

164 505 205 604 μη
218 507 301 593 εἴπης
314 509 449 605 σεαυτῇ,
457 501 504 568 ὅτι
509 493 642 602 σωθηση
649 498 773 604 μόνην
743 506 773 565 ἐν
805 497 851 564 ότι
864 498 1003 574 θάνατος
1016 499 1116 563 αὐτῶν
1130 503 1160 562 ἐν
1174 495 1393 580 ὀφθαλμοῖς
1355 525 1416 562 αυ-

165 614 201 678 τη
190 576 364 686 βαόιλείιι
370 586 455 690 παρὰ
473 583 587 660 πάντας
606 583 676 658 τοὺς
692 583 771 648 166-
804 588 872 646 τῶν.
893 587 943 647 καὶ
952 580 1066 683 Εσθίχρ
1081 611 1097 664 η
1086 578 1269 682 βασίλισσα
1282 585 1416 660 κατέφυ-

164 659 312 744 δαίους.1
301 665 364 710 ¹¹
344 695 384 742 65
401 664 448 732 δτι
466 667 517 732 ι’·όιν
534 664 730 768 παρακούσης
743 670 787 739 ἐν
803 691 851 743 χεν
864 667 960 729 ἐπὶ
931 692 983 730 τον
996 662 1098 748 κύριον
1117 669 1146 728 ἐν
1163 662 1256 740 ἀγῶνι
1272 661 1415 767 θανάτου

162 749 264 834 τούτῳ
278 756 322 835 τῷ
332 740 707 854 καιρῳ,οἰ’λλοθενβοηθειά
720 776 772 814 και
764 752 787 855 6
804 750 1027 849 κατειλημμένη,
1051 775 1102 811 και
1095 745 1323 847 ’ἀφελομένη“
1290 773 1329 810 τα
1344 744 1415 848 ἱμά-

163 839 256 935 σκέπη
268 860 352 899 εσται
363 859 426 907 τοις
438 834 602 935 Ἰουδαίοις.
617 832 708 908 6666,
720 836 787 897 καὶΙ
807 858 853 896 τια
870 838 923 914 τῆς
935 831 1022 914 δόξης
1045 830 1138 935 αιἰτης
1163 827 1354 895 ἐνεδόσατο“
1331 827 1414 936 ιμό-

163 914 180 981 6
205 917 288 1024 ρίκος
311 921 366 980 τοῦ
384 912 511 1024 πατρός
517 944 571 982 σου
598 884 769 981 ἀπολεῖσθε.
784 884 853 979 λτια
866 922 1059 1016 στενοχωρίας
1071 940 1122 977 και
1116 916 1272 987 πένθους,
1287 939 1338 977 και
1347 937 1413 977 αντι

162 1003 214 1063 καί
226 1005 270 1074 τίς
283 999 418 1074 είδεν,’
393 1024 418 1062 ει
431 1004 469 1074 είς
482 998 534 1064 τὸν
547 998 650 1085 καιρὸν
662 1005 771 1063 τοῦτον
803 1004 864 1062 τιόν
878 995 1074 1098 ὑπερηφάνων
1089 993 1278 1097 ηδυσμάτων,
1292 998 1411 1060 σποδοῦ

162 1083 365 1186 έβασίλειησαςς
391 1082 417 1124 ¹⁵
431 1109 483 1146 και
475 1083 698 1159 ἐξαπέστειλεν
719 1081 769 1145 ‘E-
803 1084 855 1145 καί
879 1087 1012 1183 κοπριων
1034 1079 1173 1181 ἐνέπλησε
1199 1104 1253 1162 την
1279 1078 1412 1162 κεφαλὴν

161 1163 241 1251 σθίχρ
267 1164 319 1228 τὸν
337 1162 447 1248 ἥκοντα
465 1166 541 1248 πρὸς
558 1164 667 1248 αιίτην,
693 1162 770 1271 πρὸς
802 1163 902 1264 αὖτης.
916 1165 968 1229 καί
980 1161 1016 1226 τό
1031 1168 1117 1264 σῶμα
1127 1162 1220 1259 αάτης
1232 1167 1412 1226 ἐταπείνωσε

161 1249 379 1351 Μαρδοχαῖον,
386 1247 525 1325 λέ.νσυσα
542 1250 768 1354 16βαδίσαςέκ-
802 1244 933 1349 σφόδρα,
972 1250 1023 1311 καὶ
1049 1242 1150 1310 πάντα
1176 1242 1272 1309 τόπον
1298 1243 1411 1345 κόσμου

160 1331 320 1414 κλησίασον
329 1330 400 1401 τούς
407 1329 571 1439 Ἰουδαίους
581 1329 768 1406 τοδςένΣού·
800 1328 1071 1434 ἀγαλλιάματος
1035 1355 1127 1433 αυτης
1138 1328 1243 1410 ἔπλησε
1254 1333 1411 1408 στρεπτῶν

161 1440 238 1488 σοις,
263 1416 314 1478 καί
326 1409 501 1515 νηστεύσατε
514 1416 557 1478 ἐπ’
574 1417 651 1519 ἐμρί,
668 1417 718 1478 καί
729 1441 768 1496 μη
797 1418 906 1514 τριχών
923 1412 1031 1523 αὐτης.
1050 1439 1102 1476 και
1094 1413 1206 1475 ’ἐδεῖτο
1224 1418 1326 1496 κυρίου
1339 1416 1410 1475 θεοῦ

161 1493 291 1595 φάγητε,
317 1495 389 1600 μηδὲ
406 1503 492 1578 πίητε
505 1499 555 1561 ἐπὶ
569 1495 679 1599 ημέρας
691 1509 768 1604 τρεῖς
797 1494 927 1598 Ἰσραὴλ,
940 1501 991 1561 καὶ
1003 1495 1088 1559 εἶπεν.
1105 1491 1190 1595 κύριέ
1201 1521 1257 1597 μου
1270 1494 1409 1595 βασιλείης

159 1576 253 1643 νύκτα
278 1580 329 1642 καί
354 1574 472 1680 ημέραν.
498 1577 581 1661 κᾴνιό
607 1581 640 1644 δὲ
665 1582 715 1643 καί
735 1584 767 1643 αῖ
801 1603 880 1661 ημων
892 1607 929 1644 συ
919 1577 1015 1644 εἶ
976 1603 1073 1680 μονος,
1083 1574 1236 1678 βοηθησον
1245 1604 1293 1659 μοι
1302 1604 1340 1668 τη
1351 1604 1409 1683 μο

160 1658 252 1763 ἀβραι
271 1684 329 1742 μου
352 1659 536 1764 ἀριτησομεν.
561 1663 612 1725 καί
629 1658 696 1726 τότε
714 1667 767 1736 είς-
801 1690 845 1754 νη,
858 1665 910 1727 καί
921 1691 961 1746 μη
975 1658 1080 1769 ἐχσόση
1093 1660 1246 1768 βοηθόν
1222 1687 1246 1724 ει
1252 1689 1293 1764 μη
1302 1665 1345 1765 ρι’,
1359 1659 1407 1726 ὅτι

160 1741 312 1841 ελεύσσμαι
318 1741 400 1843 πρός
413 1744 603 1830 τὸνβασιλέα
617 1744 701 1829 παρὰ
715 1744 768 1808 τὸν
800 1734 929 1820 κίνδυνός
941 1771 999 1828 μου
1014 1749 1045 1809 ἐν
1057 1751 1130 1829 χειρί
1140 1771 1207 1825 μου.
1223 1744 1282 1822 ἐγὼ
1296 1744 1407 1827 ἤκουον

160 1824 269 1909 νόμον,
295 1823 347 1890 ἐόιν
372 1829 423 1892 καί
450 1826 622 1891 ἀπολέσθαι
647 1854 680 1910 με
705 1829 766 1920 δέη.
799 1833 829 1893 ἐκ
846 1854 964 1932 χενετης
974 1834 1080 1912 μουέν
1065 1828 1181 1929 νφυλιχ
1191 1833 1325 1931 πατριᾶς
1337 1854 1406 1910 μου,

160 1913 187 1952 ¹⁷
200 1937 250 1973 και
274 1911 396 1994 βαδίσας
412 1912 612 2013 Μαρδοχαῖος
635 1857 818 2010 ἐποίησέν”’
799 1938 845 1977 οτι
869 1911 903 1977 66
930 1910 1020 2017 κύριε
1027 1909 1181 2011 ἐλαβες“
1149 1936 1204 2017 τρν
1225 1909 1389 2017 ’βσραίχλ’
1374 1935 1407 1974 εκ

160 1991 217 2058 ὅσα
227 1991 436 2057 ἐνετείλατσ’
400 2019 483 2075 αυτῳ
472 1991 616 2095 Ἐσθηρ.
628 2022 678 2058 και
671 1989 766 2100 ’ἐδεὴ-
797 1993 921 2061 πάντων
933 2001 993 2060 τῶν
1006 1998 1114 2069 ἐθνῶν,
1127 1993 1259 2069 καὶτοὺς
1272 1998 1407 2100 πατέρας

159 2088 203 2159 θη
213 2082 328 2160 κυρίου,
338 2101 376 2181 ρν
416 2074 524 2141 ονεύων
533 2074 634 2142 πάντα
644 2078 683 2144 τὰ
694 2082 766 2162 ἔργα
797 2076 881 2187 ἡμῶν
890 2083 921 2144 ἐκ
934 2075 1056 2144 πάντων
1066 2084 1126 2141 τῶν
1136 2074 1294 2161 προγόνων
1304 2078 1406 2142 αὐτῶν

159 2164 280 2263 κυρίου,
305 2162 356 2224 καὶ
368 2185 381 2224 ε
393 2186 438 2224 πε.
440 2158 544 2269 κύριε
556 2158 635 2248 κύριε
647 2162 766 2263 βασιλεύ
796 2169 834 2238 εἰς
848 2164 1087 2267 κληρονομίαν
1055 2159 1183 2238 αιώνιον,
1201 2164 1252 2266 καί
1262 2165 1407 2262 ἐποίησας

159 2239 282 2308 πάντων
296 2238 455 2349 6666636,‘⁸
436 2269 482 2307 οτι
494 2270 525 2309 εν
535 2247 652 2328 εξουσια
664 2271 719 2310 σου
729 2270 765 2308 το
796 2246 901 2322 αὐτοῖς
919 2244 978 2311 666
992 2246 1144 2346 ἐλόλησας.
1171 2247 1222 2308 καί
1239 2250 1291 2310 νῦν
1311 2241 1406 2327 ημάρ-

158 2332 221 2391 πᾶν
235 2330 312 2400 έστι,
340 2331 390 2392 καί
407 2326 463 2392 οὐκ
481 2331 590 2392 ἐστινο
579 2308 767 2405 ’ἀντιδοξών
796 2355 882 2432 τομεν
908 2325 1036 2394 ἐνώπιόν
1060 2355 1129 2404 666,
1154 2331 1205 2392 καί
1227 2332 1406 2429 παρέδωκας

158 2435 204 2512 666
218 2413 249 2474 ἐν
262 2434 305 2492 τῳ
293 2410 415 2474 θέλειν
428 2436 458 2475 σε
469 2415 562 2513 66666
575 2409 628 2512 τόν
636 2410 810 2520 Ἰσραηλῗ
796 2419 908 2517 ημᾶς
897 2418 937 2487 εἰς
961 2425 1057 2512 χεῖρας
1082 2416 1143 2476 τῶν
1168 2415 1284 2515 ἐχθρωκ
1302 2409 1403 2514 ημῶν,

159 2489 205 2557 ότι
222 2490 259 2557 66
279 2497 419 2576 ἐποίησας
436 2494 490 2559 τὸν
501 2492 630 2596 666666r
648 2499 699 2560 καί
711 2495 766 2597 τὴν
796 2496 864 2561 ανθ’
885 2489 927 2560 ὧν
951 2492 1133 2596 ἐδοξάσαμεν
1151 2497 1236 2602 τοὺς
1238 2494 1330 2570 θεοὺς
1347 2493 1403 2559 66-

157 2602 265 2678 νην,
243 2579 294 2639 καί
305 2582 365 2641 πᾶν
379 2574 609 2679 θαυμαζόμενον
619 2583 699 2642 ἐν
663 2605 698 2671 τη
715 2576 762 2642 ὑπ
795 2585 863 2644 τῶν.
877 2581 988 2654 δίκαιος
1001 2576 1072 2644 εἶ
1038 2605 1124 2663 κυριε.
1138 2581 1189 2643 καί
1204 2584 1255 2642 νῦν
1266 2577 1326 2680 σιἰχ
1335 2583 1404 2641 666-

158 2656 292 2762 ουρανόν.
319 2663 370 2724 καί
395 2657 495 2763 κύριος
512 2661 540 2725 εἶ
554 2686 690 2738 παντων,
714 2663 765 2725 καί
796 2661 940 2764 νιόθησαν
951 2668 981 2728 ἐν
994 2690 1150 2765 πικρασμῳ
1138 2659 1326 2736 66666'63‘
1313 2665 1404 2768 6666,

158 2741 212 2841 6666
224 2746 302 2836 ἐστιν
312 2738 345 2816 δς
358 2741 544 2819 ἀντιτάξεταί
551 2770 596 2808 σοι
608 2750 651 2826 τῷ
661 2752 764 2847 κυρίῳ.
795 2744 860 2811 ἀλλ’
874 2752 987 2830 ἔθηκαν
1000 2744 1053 2820 τάς
1059 2757 1188 2847 ’,χεῖρας
1178 2745 1279 2809 αὐτῶν
1291 2742 1381 2808 ἐπὶ
1350 2769 1404 2817 τας

157 2824 192 2926 66
213 2821 312 2924 πάντα
328 2821 484 2900 γινώσκεις.
512 2828 550 2890 66
569 2813 654 2902 οἶδας
673 2853 764 2912 κυριε,
794 2841 897 2932 χεῖρας
916 2835 976 2893 τῶν
1001 2829 1129 2893 εἰδώλων
1151 2826 1268 2902 αὐτῶν,
1302 2824 1404 2908 ίξάραι

157 2903 205 2969 ότι
217 2903 270 2970 οὐκ
284 2910 314 2970 ἐν
329 2905 416 2992 ύβρει,
430 2907 525 2974 οὐδὲέ
511 2908 763 3012 666666666666'63
796 2936 919 2996 ορισμσν
936 2907 1083 2993 στόματός
1103 2935 1172 2983 σου,
1198 2913 1248 2973 καί
1261 2908 1403 3006 ἀφανίσαι

157 2987 255 3091 6666’
240 3015 271 3053 ιν
284 2989 440 3072 φιλοδοξίᾳ
454 2996 581 3093 ἐποίησα
594 3000 701 3070 τοῦτο,
727 2992 763 3057 τό
794 2997 993 3092 κληρονομίαν
1005 3019 1068 3066 σου,
1081 3019 1133 3055 και
1125 2987 1288 3084 ἐμφράξαι
1302 2987 1402 3071 στόμα

155 3099 203 3175 η
208 3084 377 3172 προ,κυιειν
389 3073 443 3138 τὸν
459 3072 647 3159 ὑπερηφανσν
659 3072 763 3160 Ἀμάν.
794 3072 960 3142 αἰνούντων
973 3101 1038 3180 666,
1064 3099 1114 3136 και
1107 3075 1235 3176 σβέσαι
1252 3068 1390 3145 δόξαν”
1355 3098 1402 3135 οι-

155 3152 203 3219 δτι
230 3152 377 3255 ηόδόκουν
399 3157 490 3235 φιλεῖν
507 3160 646 3242 πέλματα
663 3162 765 3225 ποδῶν
793 3184 848 3223 κου
873 3183 927 3222 σου
950 3160 1001 3254 κμί
1017 3159 1235 3257 θυσιαστηρίου
1254 3178 1323 3252 666,
1350 3159 1404 3220 καί

156 3236 253 3302 αὐτοῦ
270 3236 346 3324 πρός
365 3248 524 3348 σωτηρίαν
532 3227 663 3342 Ἰσραηλ.
696 3240 760 3307 ἀλλ’
793 3241 907 3349 ἀνοῖξαι
925 3234 1019 3320 στόμα
1037 3241 1136 3302 ἐθνῶν
1161 3241 1199 3308 εὶς
1219 3234 1327 3320 ἀρετὰς
1343 3265 1403 3317 μα-

157 3324 284 3423 ἐποίησα
297 3327 403 3400 τοῦτο,
429 3330 477 3389 ’ίνα
489 3327 530 3410 μίχ
545 3331 593 3389 θώ
608 3323 728 3402 δόξαν’
711 3350 763 3391 οιν-
796 3330 895 3400 τοίων,
909 3350 959 3387 και
952 3300 1182 3423 ⁸66666666666
1191 3319 1363 3421 βασιλέα
1326 3347 1401 3424 σαρ-

155 3402 330 3490 θρωπου
296 3403 440 3510 ὑπεράνω
457 3410 544 3492 δόξης
558 3414 638 3473 θεοῦ.
664 3437 715 3474 και
727 3435 764 3474 ου
795 3434 874 3474 κινον
888 3412 925 3482 εἰς
940 3411 1042 3470 αἰῶνα.
1063 3432 1103 3489 μη
1092 3399 1305 3505 παραδως
1273 3429 1351 3488 κυριε
1365 3403 1403 3467 τὸ

154 3516 351 3598 προςκυνησω
377 3490 499 3599 οὐδένρι,
525 3490 604 3593 πλην
630 3498 685 3557 σοῦ
708 3497 765 3556 τοῦ
795 3488 944 3576 σκηπτρόν
969 3516 1023 3555 σου
1048 3501 1110 3562 τοῖς
1127 3515 1165 3569 μη
1185 3477 1267 3563 σόοι,
1292 3490 1344 3551 καί
1362 3487 1402 3587 μίχ

153 3581 257 3673 κυρίου
274 3600 347 3682 μου,
373 3577 425 3640 καὶ
442 3574 479 3639 66
497 3600 632 3677 ποιησω
635 3573 715 3640 αάτά
734 3580 765 3639 ἐν
795 3571 1086 3652 καταχελασάτωσαν
1098 3575 1175 3637 ἐν
1137 3597 1174 3663 τη
1187 3596 1301 3634 πτωσει
1311 3597 1404 3671 ημωι

154 3653 362 3759 ὑπερηφανείᾳ.
389 3660 440 3721 καί
459 3664 511 3724 νῦν
523 3654 601 3758 κύριε
620 3655 637 3723 6
655 3656 726 3732 θεὸς
746 3655 763 3720 6
796 3658 876 3723 ἀλλά
885 3661 1027 3761 στρέψον
1041 3683 1100 3759 την
1111 3644 1274 3755 βούλην
1238 3659 1340 3754 666666
1354 3651 1399 3715 ἐπ’

152 3736 320 3823 βασιλεὺς
307 3737 409 3814 οθεός
422 3736 571 3826 Ἁβραάμ,
598 3745 763 3843 φεῖραιτοῦ
797 3738 917 3816 αὐτούς.
945 3739 999 3806 τὸν
1024 3740 1057 3804 δὲ
1082 3734 1275 3838 ἀρξάμενον
1257 3732 1303 3837 εφ’
1325 3731 1403 3835 ημᾶς

154 3820 232 3883 λαοῦ
252 3845 325 3894 σου,
352 3818 399 3885 ὅτι
418 3822 660 3930 ἐπιβλέπουσιν
647 3836 750 3926 ημῖν
726 3828 764 3896 εἰς
795 3819 1072 3970 παραδειχμάτιοον.
1081 3813 1401 3924 μιησθητικύριὲιίῖώ·

154 3901 367 4005 καταφθορὰν,
382 3931 433 3969 και
425 3901 636 3988 ἐπεθύμησαν
649 3905 764 3970 απολε-
796 3911 912 4006 σθητιέ
912 3931 928 3969 ν
940 3933 1033 3992 καιρω
1021 3902 1204 3988 θλίηιεως“
1191 3908 1281 3986 ημῶν,
1295 3904 1345 3965 καὶ
1354 3900 1404 4003 ἐμὲ

155 4011 204 4049 σαι
217 4009 270 4066 την
284 3966 344 4060 66⁸
328 4013 417 4084 αρχης
431 3990 629 4090 κλησσνομιαν
638 4013 704 4052 σου
723 3987 762 4088 μίχ
795 3985 949 4090 θάρσυνον
960 3989 1080 4075 βασιλευ
1092 4012 1153 4052 των
1164 3992 1261 4062 θεων
1278 4012 1330 4049 και
1342 4012 1405 4049 πα

155 4065 340 4171 ίιιτερίδιχς
310 4093 362 4174 την
379 4073 480 4155 μερίδα
499 4097 569 4174 666,
594 4066 629 4152 ἠν
649 4075 762 4154 σεαυτῷ
795 4097 846 4154 σης
866 4069 958 4156 ἀρχης
976 4077 1151 4176 ἐπικρατῶν.
1176 4069 1227 4144 δός
1244 4039 1388 4145 6676st
1354 4094 1404 4132 ευ-

153 4135 339 4250 ἐλυτραίσω’
324 4176 356 4214 εκ
369 4158 422 4254 γης
434 4150 606 4230 Αἰγύπτου.
632 4137 762 4218 έπάιιου
794 4161 966 4238 ρυθμονεῖς
979 4155 1014 4218 τὸ
1030 4151 1126 4234 στόιια
1137 4179 1196 4254 μου
1208 4158 1338 4217 ινωιτιον
1348 4176 1404 4215 του

154 4258 207 4298 σον
219 4259 272 4316 της
285 4229 410 4316 δεησειός
419 4262 488 4342 μου,
501 4263 552 4301 και
545 4232 762 4344 ’ῖλόρθητι
718 4264 761 4301 τω
791 4239 927 4346 λέρντος,
941 4265 993 4301 και
985 4234 1129 4319 μετάθες
1141 4262 1194 4318 την
1205 4231 1382 4336 καρδίαν’
1346 4261 1402 4298 αυ-

152 4313 273 4427 κληρῳ
277 4344 346 4392 666,
374 4321 426 4383 καὶ
444 4323 578 4426 στρέψον
595 4319 632 4384 τὸ
649 4325 762 4428 πένθος
793 4325 846 4386 τοῦ
865 4326 904 4395 εἶς
921 4332 1008 4403 μῖσος
1026 4345 1083 4385 του
1071 4315 1329 4425 πολεμοῦντος“
1314 4320 1400 4416 ημρῖς,

152 4397 250 4504 ημῶν
248 4406 287 4477 εἰς
300 4400 435 4504 εὐωχίαν,
449 4406 498 4467 ’ίνα
510 4401 641 4480 ζῶντεςἰ
621 4409 761 4515 6666666
791 4409 829 4478 εἰς
840 4403 1161 4468 συντελειαναυτου
1112 4430 1162 4466 και
1170 4428 1231 4466 των
1238 4423 1404 4482 ομονοοιν

152 4512 206 4553 σου
218 4482 255 4552 τό
269 4483 362 4572 ὄνομα
375 4485 469 4576 κύριε,
497 4490 548 4554 καί
558 4514 599 4574 μη
613 4485 761 4582 ἀφανίσης
790 4511 851 4553 των
864 4482 958 4572 αάτιμ.
975 4484 1050 4571 ημᾶς
1063 4485 1123 4552 δέ’
1107 4495 1197 4573 ρῦσαι
1210 4487 1242 4549 ν
1254 4490 1329 4572 χειρι
1339 4508 1405 4630 σουΞ

1353 4591 1392 4630 κα

1253 315 1414 328 ,.----.
