2924 4972
324 184 328 191 ’
403 206 620 266 ww
672 200 1001 279 κιονίωὶνοαε.
1109 263 1115 271 .
1254 210 1317 275 εστ

66 302 138 397 λεἰῦς
150 325 190 396 είς
202 316 255 394 τάς
267 312 364 392 όδοάς.
398 319 451 382 καί
463 320 609 401 ἐποίησαν
619 313 673 382 οῦ·
711 316 807 395 λιάδες
819 298 1106 407 άνδ-ρω-ποῆάντες
1118 347 1203 387 ουτοι
1217 304 1319 408 ἄνδρα

66 431 117 470 τον.
146 404 240 468 33καί
258 405 320 477 πᾶς
343 397 419 485 άνήρ
438 397 529 465 άνέστ
565 403 600 466 ἐκ
616 406 673 466 τοῦ
709 397 866 486 δυνάμεως.
906 404 938 448 ⁴⁶
951 408 1003 470 καί
1020 405 1187 492 έπέβλεφαν
1205 409 1237 473 ολ
1253 406 1319 473 λοι-

66 483 162 554 τόπου
179 483 297 563 αὐτῶν,
309 485 362 549 καί
378 487 515 588 σιινήφαν
530 428 563 548 ἐν
580 483 674 551 Βαάλ
710 489 838 562 πολιαί
853 490 980 570 ἔφευγον
997 494 1038 564 είς
1053 487 1109 572 τήν
1126 491 1233 574 ἔρημον
1243 489 1319 575 πρὸς

70 566 186 656 Θαμάρ.
213 568 311 636 καὶτὸ
324 569 440 654 ἔνιδρον
454 564 675 654 Ισραήλέπήρ-
712 565 763 653 τήν
773 573 832 635 πέτ
896 569 1319 657 τοῦῬεμμάν.καίείιαλαμή-

65 680 131 740 χετο
150 658 181 718 εἰι
200 658 256 719 τοῦ
280 649 377 717 τόπου
401 650 496 717 αῦτοῦ
514 649 578 717 άπὸ
597 659 673 718 Μα·
712 677 802 718 σαντα
819 595 972 730 ἐξσάῦτιῦν
989 661 1021 723 οί
1033 660 1094 723 υίοὶ
1106 653 1232 743 Ἰσραήλ
1248 680 1319 721 πεν·

66 741 208 843 ρααγαβέ.
246 735 279 778 ³⁴
305 738 356 801 καί
384 722 482 819 ἦλθον
508 737 675 812 ἐξεναντίας
712 737 906 821 τακιςχιλίους
932 737 1050 825 άνδρας.
1080 743 1132 805 καί
1151 742 1317 827 κατιβησαν

65 827 99 887 Γ
95 826 180 910 οβαα
206 821 279 887 δέκα
299 815 426 925 χιλιάδες
452 816 568 906 ἀνδρῶν
592 817 675 884 ἔκλε-
712 822 813 884 ὀπίσα
826 819 928 885 αὐτῶν
940 825 972 887 ολ
984 827 1044 889 υίσί
1052 821 1177 908 Ἰσραήλ
1190 828 1245 900 ἔας
1258 826 1316 889 Γε-

65 911 144 972 ιιτοῦν
163 907 195 969 ἐκ
212 929 328 981 παντος
344 899 477 988 Ἰσραήλ.
502 905 555 968 καί
570 897 673 989 παρά·
712 902 785 979 δάν,
809 907 862 968 καί
874 903 1069 983 ἐπάταξανέξ
1086 904 1186 972 αῦτῶν
1199 907 1317 1013 διςχιλί·

66 992 147 1066 ταξις
158 991 271 1074 βαρεῖα.
298 989 350 1053 καὶ
363 985 518 1054 αῦτοὶοῦκ
531 990 673 1065 ἔγνωσαν,
712 1011 764 1061 ους
781 984 901 1072 άνδρας.
940 988 974 1031 ⁴⁶
991 992 1042 1055 καί
1057 992 1192 1066 ἐγένοντο
1209 1015 1318 1068 παντες

65 1071 114 1139 ὅτι
128 1067 236 1154 φθάνει
248 1069 292 1138 ἐπ’
308 1067 449 1153 αι’ντοῦςή
463 1077 561 1135 κακία.
588 1069 676 1135 ”mi
713 1071 745 1133 σί
757 1064 946 1146 πεπτωκότες
964 1068 1026 1137 άπὸ
1043 1077 1194 1155 Βενιαμίν,
1210 1079 1318 1141 είιιοσι·

65 1152 192 1233 ἐπάταξε
210 1151 246 1220 κά
268 1181 313 1230 ιος
327 1152 381 1220 τόν
394 1155 536 1235 Βενιαμίν
548 1148 675 1219 ἐνάπιον
713 1155 801 1218 πέντε
814 1151 939 1238 χιλιάδες
952 1152 1069 1240 ἀνδρῶν
1086 1151 1229 1221 ἑλκόντων
1240 1161 1317 1240 ῥομ-

66 1235 255 1324 υῑῶνἸσραή
308 1239 360 1301 καί
377 1237 550 1320 διέφθειραν
568 1239 601 1301 σί
618 1236 677 1299 υίοί
714 1238 905 1329 φαίανέντῇ
921 1233 1018 1322 ήμέρρ
1036 1239 1144 1334 έιιιίνη,
1170 1221 1320 1315 σίλτάντες

63 1319 187 1406 Ἰσραήλ
205 1325 239 1385 ἐκ
256 1325 312 1385 τοῦ
325 1321 465 1401 Βενιαμίν
483 1322 514 1384 ἐν
527 1323 564 1405 τῇ
583 1315 676 1404 ἡμέρη
714 1310 800 1384 οῦτοι
823 1317 927 1468 άνθρις
949 1316 1106 1403 δυνάμεως.
1133 1319 1165 1364 ⁴²
1176 1325 1226 1386 καί
1249 1325 1320 1388 ἐπέ-

66 1409 160 1509 ἐκεένη
178 1405 270 1468 εἴκοσι
294 1403 346 1467 καί
361 1403 448 1467 πέντε
469 1396 604 1489 χιλιάδας
625 1403 677 1466 καί
712 1401 830 1489 βλεφαν
842 1407 875 1469 οί
906 1407 1002 1480 οιπσί,
1026 1406 1079 1469 ιιαὶ
1090 1405 1202 1485 ἔφυγον
1214 1403 1321 1509 είςτήν

67 1491 177 1553 ἔκαιον
199 1484 318 1613 άνδρῳς
348 1511 455 1561 παντες
477 1476 561 1550 οῦτοι
582 1485 677 1550 εἷλκον
713 1491 822 1569 ἔρημον
832 1487 909 1572 πρὸς
926 1486 981 1570 τήν
997 1489 1113 1571 πέτραν
1125 1491 1181 1552 τοῦ
1188 1484 1320 1572 Ῥεμμοιν

67 1576 231 1658 ῥομφαίαν.
292 1570 344 1634 καί
354 1568 435 1635 εἶδον
447 1574 478 1635 οί
489 1571 550 1634 υίοί
562 1573 675 1635 Βενια-
712 1565 860 1646 ἑξακόσια
871 1567 987 1656 άνδρες,
999 1573 1050 1636 καί
1061 1564 1206 1636 ἐκάθισαν
1218 1575 1250 1637 ἐν
1262 1575 1317 1637 πέ·

63 1658 117 1760 μίν
134 1650 181 1719 ἔτι
197 1649 375 1738 ε’πλήγησαν.
401 1655 453 1718 καί
473 1654 582 1719 ἔδωκεν
598 1649 674 1736 άν“ρ
711 1677 770 1736 τρρ
778 1650 911 1738 Ἡμμιδν
923 1656 1075 1740 τέσσαρας
1086 1658 1191 1737 μῆνας.
1221 1655 1320 1724 48ιιιιί

71 1737 188 1825 Ισραήλ
199 1743 244 1821 τῷ
257 1739 401 1822 Βενιαμὶν
418 1733 534 1812 τόπον,
559 1731 607 1804 ότι
620 1678 676 1820 ήλ-
712 1739 745 1800 σί
756 1739 816 1801 υίοί
822 1735 946 1823 Ἰσραήλ
955 1735 1319 1844 ἐπέοτρεφανπρόςυίοῦς

63 1847 157 1889 πισαν
170 1821 248 1908 πρὸς
264 1821 301 1886 τό
319 1822 435 1906 ἔνεδρον
455 1816 475 1885 ὃ
493 1823 608 1905 ι”θηιιαν
624 1819 676 1883 ἔπε’
711 1824 869 1902 Βενιαμίν,
894 1824 944 1886 καί
970 1817 1126 1899 έπάταξαν
1150 1820 1262 1899 αυτοῦς
1287 1825 1318 1889 ἐν

65 1912 102 2004 τῇ
114 1909 237 1994 Γαβαά.
263 1906 293 1949 ³⁷
306 1907 357 1971 καί
369 1907 401 1969 ἐν
412 1908 459 1988 τῷ
470 1902 580 1979 αῦτοῦς
593 1899 673 1969 ῦπο·
711 1900 834 1986 στόματι
845 1906 996 1990 ῥομφαίας
1004 1902 1068 1972 άπὸ
1081 1902 1318 1982 πόλεαςΜεθλά

65 1996 207 2077 χωρῆσαι,
219 1989 270 2054 καί
283 1987 320 2054 τό
339 1989 454 2073 ἔνεδρον
464 1984 596 2095 ἐκινήθη.
622 1987 674 2051 καί
710 1990 762 2053 καί
773 1992 829 2064 έιος
840 1983 979 2072 κτήνους,
1006 1993 1057 2054 καί
1068 1992 1124 2064 έινς
1136 1989 1251 2067 παντὸς
1262 1995 1318 2057 τοῦ

65 2076 206 2151 ἐξέτειναν
218 2074 271 2138 ἐπὶ
282 2069 338 2157 τήν
351 2068 475 2158 Γαβαά,
486 2097 539 2136 και
550 2066 673 2156 ἐξεχύθη
711 2067 911 2159 εὑρισκομένου
919 2077 959 2148 είς
970 2068 1071 2147 πάσας
1080 2070 1135 2148 τάς
1145 2069 1253 2150 πόλεις.
1267 2079 1318 2141 καί

65 2156 103 2223 τὸ
120 2159 245 2244 ἔνιδρον,
270 2158 322 2222 καί
339 2151 493 2232 ἐπάταξαν
511 2154 567 2261 τήν
580 2148 673 2218 πόλιν
711 2155 766 2231 τάς
780 2150 880 2232 πόλεις
894 2152 949 2231 τάς
966 2152 1134 2243 εὑρεθείσας
1151 2160 1318 2244 ἐνέπρησαν

67 2243 100 2305 ἐν
113 2238 238 2326 στόματι
251 2242 410 2325 ῥομφαίας.
450 2237 481 2280 ³⁸
495 2264 548 2304 και
557 2247 675 2321 σημεῖον
711 2241 835 2327 ἐνπυρί.

74 2313 104 2388 'r
124 2337 187 2400 τοῖς
205 2327 282 2399 υίοῖς
300 2320 425 2409 Ἰσραήλ
441 2318 516 2406 μετά
534 2326 591 2386 τοῦ
609 2323 674 2386 ἐνέ-
885 2331 919 2390 Κ
930 2331 960 2389 Ε
975 2330 1014 2389 Φ.
1057 2319 1144 2391 Μ’.

66 2351 141 2493 δρου
154 2410 207 2489 τής
218 2401 310 2490 μάχης
316 2403 467 2482 άνενέγιιαι
475 2402 588 2480 αῦτοῦς
601 2400 675 2469 σῦσ-
711 2371 794 2473 Καί
804 2411 836 2472 σί
848 2411 910 2472 υίοί
918 2406 1040 2491 Ἰσραήλ
1049 2407 1168 2488 άμοσαν
1182 2411 1213 2472 ἐν
1223 2415 1318 2474 Mao-

69 2514 164 2572 σημον
175 2493 290 2553 καπνοῦ
302 2484 366 2551 άπὸ
379 2491 430 2569 τής
441 2483 567 2561 πόλεως.
589 2488 676 2551 λθκαὶ
713 2490 832 2574 σηφάθ,
858 2489 998 2565 λέγοντες.
1041 2489 1117 2573 άνήρ
1135 2492 1164 2565 εξ
1182 2485 1266 2572 ήμιῦν
1279 2489 1317 2555 οῦ

68 2564 676 2656 εἶδονοίυίοί’1σραήλ,ότιπροκατελά-
713 2570 798 2638 δώσει
820 2576 979 2656 θυγατέρα
1002 2568 1098 2636 αὐτοῦ
1115 2576 1160 2656 τῷ
1176 2577 1319 2655 Βενιαμίν

67 2661 141 2744 βετο
153 2653 190 2719 τό
204 2654 319 2739 ἔνιδρον
331 2651 516 2738 τήνΓαβαά,
527 2655 578 2718 καί
592 2655 677 2738 ἐστη·
712 2662 752 2731 εἰς
776 2667 911 2735 γυναῖκα.
938 2657 1017 2719 2καί
1038 2648 1131 2740 ἢλθεν
1149 2650 1167 2720 ό
1187 2654 1260 2730 λαός
1279 2662 1318 2732 είς

69 2765 129 2804 σαν
141 2742 173 2803 ἔν
185 2741 222 2831 τῇ
233 2732 397 2822 παρατάξει
405 2739 457 2801 καί
468 2739 610 2821 Βενιαμίν
621 2735 676 2820 ήρ-
712 2739 848 2824 Βαιθήλ,
861 2744 912 2806 καί
924 2735 1072 2805 ἐκάθισαν
1090 2742 1150 2805 ἐκεῖ
1161 2744 1218 2815 έιος
1230 2741 1317 2806 ἕσπέ-

67 2826 142 2901 ξατο
155 2816 320 2888 πατάσσειν
329 2826 512 2906 τραυματίας
524 2824 555 2886 ἐν
566 2818 676 2906 άνδρά·
712 2851 766 2909 ρας
778 2819 904 2889 ἐνάπιον
916 2829 970 2889 τοῦ
987 2829 1071 2889 θεοῦ.
1098 2828 1148 2889 καὶ
1160 2813 1238 2910 ᾖραν
1250 2849 1317 2904 φυο-

67 2933 114 2973 σιν
123 2902 246 2993 Ἰσραήλ
258 2903 299 2980 ὥς
312 2901 474 2990 τριάκοντα
486 2903 608 2991 άνδρας,
628 2900 677 2968 ότι
712 2905 765 2990 νήν
781 2906 897 2984 αὐτῶν,
924 2912 975 2972 καὶ
992 2907 1140 2972 ἔκλαυσαν
1162 2906 1319 2988 κλαυθμόν

66 2989 163 3057 εἶπαν.
189 2984 280 3054 πάλιν
296 2984 408 3054 πτάσει
424 2994 586 3054 πίπτουσιν
603 2982 676 3052 ἐνοῦ-
712 2994 812 3074 μέγαν,
841 2992 925 3056 3καί
941 2990 1034 3056 εἶπαν.
1061 2995 1101 3066 είς
1118 2995 1149 3055 τί
1166 2985 1245 3075 κῦριε
1263 2990 1318 3054 θεέ

66 3100 140 3140 πιον
153 3070 233 3158 ήμῶν
251 3069 292 3149 ὦς
309 3068 328 3151 ή
344 3067 510 3158 παράταξις
528 3067 675 3159 ήπριότη.
710 3074 830 3177 Ἰσραήλ
849 3071 972 3180 ἐγενήθη
989 3071 1066 3158 αῦτη
1083 3079 1137 3139 τοῦ
1155 3077 1317 3157 έπεσκεπή·

66 3160 101 3203 ⁴⁰
115 3161 166 3225 καὶ
178 3156 212 3222 τὸ
232 3150 383 3239 σύσσημον
402 3153 492 3241 (ἐνέβη
511 3157 562 3220 ἐπέ
574 3154 678 3220 πλεῖον
712 3187 761 3227 ναι
777 3184 901 3245 σήμερον
912 3159 974 3224 απὸ
984 3156 1108 3244 Ἰσραήλ
1120 3154 1217 3239 φυλήν
1228 3164 1315 3241 plum

66 3245 120 3307 ἐπὶ
142 3247 195 3327 τή,ι
215 3236 333 3314 πόλεως
354 3235 395 3314 ὡς
419 3235 525 3314 στῦλος
549 3244 675 3305 καπνοῦ.
711 3245 796 3307 ίκαί
818 3246 933 3318 ἐγένετο
955 3246 995 3332 τῇ
1015 3238 1170 3322 ἐπαύριον,
1183 3245 1234 3305 καὶ
1255 3239 1317 3324 σόρ-

67 3327 120 3390 καέ
132 3323 276 3428 ἐπέβλνψε
292 3325 434 3404 Βενιαμίν
450 3321 549 3387 ὀπίσω
567 3321 676 3399 αὐτοῦ,
711 3338 816 3407 θρισεν
831 3321 848 3388 ὁ
867 3321 955 3396 λαός,
980 3328 1031 3387 καί
1048 3320 1246 3404 ᾠκοδόμησαν
1259 3327 1320 3386 ἐκεῖ

68 3409 123 3473 καί
135 3409 201 3471 ίδου
219 3403 311 3505 άνεβη
326 3405 475 3473 συντελεια
491 3410 545 3484 τῆς
561 3402 677 3480 πόλεως
711 3402 935 3489 θυσιαστήριον,
948 3409 998 3469 καί
1012 3402 1173 3487 ἀνήνεγκαν
1186 3399 1317 3467 όλοκαυ·

68 3496 130 3564 ἕως
153 3487 290 3574 οῦρανου.
328 3488 357 3531 ⁴¹
377 3490 429 3553 καὶ
453 3486 528 3592 άνήρ
552 3486 676 3573 Ἰσραήλ
712 3486 814 3564 τάσεις
825 3493 877 3553 καί
889 3488 1008 3564 τελείας.
1035 3488 1108 3551 έκαὶ
1119 3485 1205 3550 εἶπαν
1217 3490 1248 3549 σί
1259 3490 1318 3552 οἶοί

67 3577 241 3657 ἐπέστρεψε.
261 3574 313 3638 καί
324 3575 471 3641 ἔσπευσαν
484 3573 584 3657 ἂνδρες
598 3578 676 3637 Βεν·
708 3569 839 3661 Ἰσραήλ.
866 3577 911 3647 τίς
925 3568 979 3636 οῦκ
997 3568 1089 3656 άνέβη
1107 3574 1137 3634 ἐν
1157 3572 1196 3660 τῇ
1214 3567 1318 3672 ἐκκλή,

68 3659 161 3740 ιαμίν,
176 3653 223 3722 ὅτι
234 3655 310 3721 εἶδον
322 3652 369 3720 ότι
383 3652 555 3740 συνήντησεν
564 3654 607 3718 ἐπ’
621 3653 677 3717 αῦ-
712 3665 764 3740 σίῳ
782 3654 845 3721 άπὸ
862 3660 968 3720 πασῶν
987 3653 1089 3735 φυλοῦν
1101 3648 1225 3757 Ἰσραήλ
1242 3678 1318 3739 προς

68 3739 139 3816 τοῦς
166 3739 184 3826 ή
210 3745 350 3825 πονηρία.
388 3739 421 3785 ‘²
435 3741 488 3803 καί
513 3737 679 3823 ἐπέβλεψαν
711 3737 827 3823 νόριον,Ι
840 3736 888 3803 άτι
901 3737 918 3804 ὁ
931 3734 1021 3823 άρκος
1034 3740 1124 3820 μέγας
1137 3762 1172 3821 ην
1184 3747 1247 3812 τοῖς
1260 3734 1316 3801 οῦκ

69 3820 196 3889 ἐνάπιον
210 3827 281 3887 υἰιῦν
291 3821 413 3908 Ἰσραήλ
422 3827 463 3897 είς
477 3821 531 3906 τήν
545 3817 617 3885 ὁδόν
627 3826 679 3906 τῆς
713 3821 908 3909 ἀναβεβηκόσι
924 3823 1002 3907 πρὸς
1017 3817 1119 3905 κόριον
1131 3826 1170 3895 εἰς
1182 3828 1315 3904 Μασση.

69 3902 191 3992 ἐρήμου,
205 3909 257 3972 καί
269 3908 387 3987 ἔφυγον.
414 3908 467 3971 καί
480 3901 499 3989 ή
511 3900 678 3990 παράταξις
713 3906 791 3988 φάθ,
805 3905 944 3983 λέγοντες.
955 3901 1083 3987 θανάτῳ
1096 3901 1317 3987 θανατωθήσι»

65 3994 205 4077 ὓἔφθασεν
219 3987 263 4054 ἔπ’
279 3986 405 4065 αῦτοῦς,
430 3991 482 4055 καὶ
494 3993 526 4053 οἱ
539 3986 602 4054 άπὸ
615 3994 677 4054 τιῦν
711 4017 769 4057 ται.
778 3984 1082 4075 6καίπαρεκλήθησαν
1091 3991 1122 4051 οῖ
1132 3985 1318 4075 υἱοέΙσραλ

66 4071 186 4140 πόλισιν
212 4075 383 4159 διέφθειρον
408 4068 518 4147 αὐτοῦς
542 4075 574 4138 έν
596 4076 677 4156 μέσῳ
710 4070 1077 4159 πρόςΒενιαμὶ-νάδελφὸν
1090 4068 1200 4147 αῦτιῦν,
1214 4016 1317 4137 καίελ-

68 4156 184 4236 αῦτοῦν,
221 4157 253 4200 ⁴³
265 4160 318 4222 καί
333 4159 518 4222 κατέκοπτον
535 4152 587 4221 τόν
599 4162 675 4221 Βεν·
711 4183 779 4223 παν.
806 4152 928 4241 ἐξεκόπη
946 4153 1073 4243 σήμερον
1090 4156 1168 4256 φυλή
1188 4161 1242 4236 μία
1255 4150 1317 4219 άπό

68 4247 160 4326 ιαμίν,
183 4244 234 4307 καί
255 4242 381 4317 ἐδίωξαν
394 4237 487 4305 αὐτόν
509 4235 572 4305 άπὸ
585 4235 678 4304 Νουά
708 4236 839 4326 Ἰσραήλ.
868 4243 882 4285 ⁷
899 4246 931 4306 τί
945 4237 1115 4326 ποιήσωμεν
1134 4248 1237 4311 αυτοῖς
1254 4249 1319 4311 τοῖς

65 4326 147 4393 κατά
165 4322 249 4391 πόδα
267 4323 363 4389 αὐτοῦ
382 4330 437 4399 ἔως
455 4320 596 4388 άπέναντι
610 4326 644 4386 Γ
640 4348 677 4386 α-
712 4336 858 4408 περισσοῖς
879 4336 943 4399 τοῖς
963 4322 1189 4400 ὑπολειφθεῖσιν
1211 4324 1251 4394 είς
1264 4345 1316 4396 γυ-

65 4409 130 4496 βαά
146 4408 225 4496 πρός
243 4406 396 4483 ἀνατολάς
414 4405 508 4513 ήλίου.
533 4406 568 4450 ⁴⁴
581 4410 634 4470 καί
647 4408 679 4468 ἔ-
713 4418 831 4484 ναῖκαςς
854 4411 905 4470 καί
917 4403 996 4488 ἡμεῖς
1014 4401 1214 4502 ὠμόῳαμενέν
1226 4406 1318 4481 κυρίῳ

65 4520 160 4562 πεσον
180 4489 242 4559 άπὸ
260 4495 400 4575 Βενιαμίν
419 4491 623 4558 οκτονκαίδεκα
634 4513 678 4574 χι·
712 4495 768 4555 τοῦ
780 4489 819 4578 μή
832 4491 937 4554 δοῦναι
951 4486 1055 4559 αὐτοῖς
1069 4506 1132 4549 σιπο
1146 4504 1206 4545 τιον
1219 4492 1321 4577 θῳγα-

1226 4580 1323 4638 τεῳυν
