2924 4972
141 250 205 317 378
338 244 640 313 ΒΑΣΙΛΕΙΩΝ
666 244 902 307 TETAPTH
939 232 1204 319 Κεφ.δ’.ε’.4.5.

1286 334 1388 349 --ῃ

141 374 216 434 θεοῦ
231 373 269 442 εἰς
281 367 353 451 όρος
366 364 402 430 τὸ
414 359 597 448 Καρμήλιον.
611 363 663 426 καί
676 365 750 425 ἔπο-
783 364 839 434 έως
851 352 980 432 ἑπτάκις.
1006 360 1057 422 καί
1070 353 1165 440 ἤνοιξε
1184 352 1220 420 τό
1233 357 1329 422 παιδό
1349 381 1396 424 ιον

141 446 235 537 ρεῦθη
254 451 306 514 καί
323 439 413 531 ἦλθεν
432 450 487 519 ἕως
506 450 562 510 τοῦ
580 443 749 530 ἀνθρώπου
782 438 852 517 τοῦς
871 437 1054 543 ὀφθαλμοὺς
1073 436 1177 503 αῦτοῦ.
1215 439 1247 482 ³⁰
1260 440 1312 505 καὶ
1330 384 1396 517 ἀξε-

141 538 197 599 τοῦ
215 537 292 598 θεοῦ
307 536 347 607 εἰς
365 527 402 595 τό
416 526 498 613 ὄρος.
521 529 572 592 καὶ
585 531 697 606 ἐγένετο
711 522 752 601 ῶς
781 521 886 613 βόησεν
906 521 1028 588 Ελισαιὲ
1045 518 1122 608 πρὸς
1135 524 1230 599 Γιεζὶ,
1256 525 1308 588 καὶ
1320 524 1392 590 εἶπε.

142 612 519 698 εἶδενἚλισαιὲέρχομένην
531 610 636 696 αὐτὴν,
649 609 752 675 καὶεί-
781 605 907 673 κάλεσον
929 603 985 691 τὴν
1002 610 1171 687 Σωμανίτιν
1191 602 1313 690 ταῦτην.
1341 611 1394 674 καί

142 726 179 766 πε
203 698 279 782 πρὸς
299 696 379 772 Γιεζί
400 692 436 759 τὸ
460 692 619 779 παιδάριον
645 691 749 758 αὐτοῦ.
783 689 925 767 ἐκάλεσεν,
937 690 1114 775 καίεῑςῆλθε
1126 687 1204 775 πρὸς
1218 686 1318 754 αῦτόν.
1341 693 1394 756 καί

143 781 208 849 ίδοῦ
233 781 269 866 δὴ
295 776 497 863 ἦΣωμανίτις
521 782 621 860 ἐκείνη.
654 778 685 820 ²⁶
698 781 751 842 νῦν
781 775 861 840 είπεν
879 770 1021 838 ‘mmai
1059 772 1131 859 λάβε
1155 771 1211 838 τὸν
1236 770 1304 838 υίόν
1326 800 1390 839 σου.

141 864 232 952 δρόμε
257 869 296 940 εἰς
314 861 449 944 ἀπαντην
467 860 574 946 αὐτῆς,
598 861 650 925 καί
667 862 748 945 ἐρεῖς.
781 860 810 902 ³⁷
823 859 875 923 καί
891 857 1022 941 είςῆλθεν
1038 853 1143 939 ιἠγυνη
1164 857 1215 920 καί
1226 859 1328 922 ἔπεσεν
1341 860 1393 922 ε’πί

141 943 270 1053 ᾗεῖρηνη
285 973 332 1013 σοι
335 976 349 1027 ,·
374 942 393 1029 ἢ
413 942 510 1030 εἰρήνη
522 950 565 1029 τῷ
579 943 665 1030 ἀνδρί
677 969 733 1009 σου
737 971 750 1018 ,·
781 939 853 1016 τοῦς
865 937 962 1014 πόδας
975 936 1084 1016 αῦτοῦ,
1109 940 1161 1002 καὶ
1179 936 1391 1024 προςεκῦνησεν

141 1060 160 1117 η
174 1036 271 1116 είρηνη
285 1036 328 1114 τῷ
341 1030 491 1113 παιδαρίῳ
496 1056 509 1107 ,·
527 1024 592 1110 ἡδὲ
604 1024 690 1092 εἶπεν.
708 1030 747 1091 εί-
781 1026 832 1089 έπὶ
848 1021 903 1108 την
914 1027 977 1107 γῆν.
1002 1023 1054 1087 καὶ
1070 1022 1161 1108 ἔλαβε
1177 1021 1231 1086 τόν
1249 1021 1314 1088 υἱόν
1332 1021 1389 1087 αῦ-

141 1111 222 1199 ρὴνη.
239 1115 269 1157 ²⁷
282 1116 333 1179 καὶ
346 1100 421 1197 ἦλθε
434 1107 650 1198 πρόςἜλισαιὲ
661 1113 700 1185 είς
712 1106 749 1173 τό
781 1111 849 1192 τῆς,
869 1109 919 1173 καὶ
932 1106 1044 1190 ἐξῆλθε.
1071 1105 1103 1148 ³⁸
1116 1107 1167 1169 καί
1174 1099 1305 1170 Ἐλισαιέ
1319 1111 1387 1171 έπέ-

142 1199 227 1283 όρος,
253 1199 304 1261 καί
320 1191 478 1281 ἐπελάβετο
495 1199 558 1259 τῶν
575 1194 680 1259 ποδῶν
693 1189 751 1257 αῦ-
781 1211 906 1279 στρεψεν
924 1193 963 1264 εἰς
975 1185 1132 1264 Γάλγαλα.
1158 1190 1210 1253 καί
1226 1184 1244 1252 5
1262 1185 1345 1271 λιμός
1358 1193 1390 1253 έν

142 1285 208 1347 τοῦ.
242 1281 292 1344 καί
316 1277 431 1363 ἤγγισεν
456 1280 537 1354 Γιεζί
561 1273 750 1342 ἀπώσασθαι
781 1279 818 1366 τῇ
835 1278 889 1367 γῇ,
915 1273 967 1337 καί
983 1274 1044 1337 υίοί
1060 1275 1123 1337 τῶν
1138 1276 1302 1358 προφητῶν
1319 1268 1390 1336 έκά-

142 1362 245 1447 αῦτην.
258 1363 311 1427 καλ
322 1357 546 1428 είπενἛλισαιέ.
562 1358 635 1441 ἀφες
647 1355 748 1442 αῦτήν.
780 1368 874 1442 θηντο
889 1351 1017 1421 ε’νῶπιον
1030 1352 1136 1420 αὐτοῦ.
1159 1358 1211 1419 καὶ
1221 1351 1389 1420 είπενἛλι·

143 1442 190 1512 ότι
216 1443 234 1529 ἦ
259 1443 339 1530 ψυχὴ
361 1442 452 1527 αὐτῆς
471 1439 641 1518 κατοίδυνος
659 1439 748 1522 αῦτῆ,
782 1439 847 1507 σαιὲ
863 1443 908 1523 τῷ
924 1439 1078 1524 παιδαρίῳ
1095 1435 1200 1503 αῦτοῦ.
1232 1440 1391 1522 ἐπίστησον

141 1531 193 1594 καὶ
203 1524 302 1614 κῦρως
310 1527 479 1612 ἀπέκρυψεν
487 1523 537 1592 ἀπ’
550 1528 624 1607 ε’μοῦ
633 1525 683 1588 καὶ
694 1512 750 1589 οδκ
782 1522 837 1589 τόν
849 1525 959 1608 λέβητα
970 1521 1024 1587 τὸν
1034 1523 1134 1605 μέγαν.
1161 1523 1213 1586 καί
1226 1527 1280 1604 έψε
1293 1527 1390 1604 έψεμα

142 1607 293 1696 ἀνάγγειλέ
301 1637 361 1695 μοι.
380 1613 411 1655 ²⁸
425 1608 443 1694 ἢ
456 1607 489 1674 δὲ
501 1607 572 1674 εἶπε.
585 1606 625 1693 μη
638 1601 751 1700 ᾔτησά·
781 1617 846 1682 τοῖς
859 1611 933 1681 υἱοῖς
945 1610 1007 1671 τῶν
1019 1609 1192 1691 προφητῶν.
1205 1605 1293 1669 39καί
1305 1605 1389 1688 ἐξῆλ-

141 1721 199 1800 μην
220 1694 285 1761 οἶόν
302 1691 389 1781 παρά
405 1699 459 1759 τοῦ
477 1697 582 1778 κυρίου
599 1716 657 1774 μου
663 1718 676 1768 ,·
702 1685 750 1754 ότι
781 1701 836 1754 θεν
848 1695 887 1765 εἰς
896 1688 949 1753 τόν
958 1684 1051 1776 ἀγρὸν
1060 1688 1194 1764 συλλέξαι
1201 1684 1325 1776 Ἀριῶθ.
1339 1688 1391 1752 καί

142 1805 199 1844 ουκ
224 1778 310 1854 εἶπα,
337 1776 374 1842 οῦ
400 1771 556 1860 πλανήσεις
581 1770 640 1858 μετ’
661 1775 750 1857 ίμοῦς
783 1764 1006 1859 εῦρενάμπελον
1019 1773 1050 1838 ἓν
1066 1775 1113 1835 τῶ
1128 1768 1229 1857 ἀγρῷ,
1256 1772 1390 1835 καὶσυν-

143 1862 174 1904 ²⁹
186 1862 236 1924 καί
248 1858 327 1924 εἶπεν
338 1856 469 1925 Ἐλισαιέ
486 1864 530 1923 τῶ
543 1860 632 1934 Γιεζί.
658 1857 750 1932 ζῶσαι
783 1856 875 1933 ελεξεν
885 1854 935 1921 ἀπ’
949 1853 1041 1940 αὐτῆς
1051 1836 1185 1938 τολύπην
1194 1852 1300 1937 ἀγρίαν
1309 1853 1390 1936 πλῆ-

143 1942 199 2025 τῦγν
211 1940 309 2022 ὀσφῦν
321 1966 391 2017 σου,
417 1943 469 2005 καί
481 1923 555 2028 λάβε
572 1938 626 2024 τὴν
640 1943 749 2026 βακτη-
784 1965 830 2027 ρες
842 1940 878 2004 τό
893 1933 1009 2020 ίμάτιον
1022 1934 1132 2014 αῦτοῦ,
1146 1939 1196 2003 καὶ
1206 1935 1338 2023 ἐνέβαλεν
1351 1940 1391 2015 εἷς

144 2031 213 2132 ρίαν
229 2049 286 2128 μου
304 2027 335 2088 έν
350 2028 388 2117 τῇ
406 2030 480 2109 χειρί
496 2049 564 2103 σου,
590 2025 641 2088 καὶ
653 2024 750 2109 δεῦρο,
783 2021 837 2089 τόν
862 2023 972 2110 λέβητα
997 2028 1052 2087 τοῦ
1078 2025 1239 2105 έψέματος,
1265 2018 1312 2086 ότι
1333 2018 1390 2086 οῦκ

144 2105 191 2174 ότι
208 2111 261 2174 ίαν
276 2103 361 2192 εῦρης
374 2105 485 2192 ἀνδρα,
512 2105 567 2173 οῦκ
585 2103 752 2191 εῦλογήσεις
784 2109 922 2186 ἔγνωσαν.
960 2106 994 2150 ⁴⁰
1006 2107 1058 2171 καί
1083 2109 1168 2191 ἐνέχει
1186 2116 1248 2180 τοῖς
1268 2101 1390 2191 ἀνδράσι

145 2188 247 2267 αῦτόν,
265 2192 317 2256 καὶ
327 2179 382 2256 ’ἐὰν
394 2186 539 2283 εῦλογάσρ
553 2215 584 2256 σε
597 2189 683 2277 ἀνὴρ,
696 2188 751 2255 οῦκ
784 2201 897 2271 φαγεῖν.
919 2192 969 2255 καί
981 2191 1095 2267 ἐγένετο
1109 2191 1140 2255 έν
1153 2193 1196 2274 τῷ
1210 2191 1321 2254 ἐσθίειν
1333 2187 1390 2253 αῦ-

144 2268 336 2361 άποκριθόση
349 2271 441 2359 αὐτῷ.
468 2277 519 2340 καλ
536 2271 685 2360 ἐπιθήσεις
698 2272 753 2357 την
783 2271 852 2349 τοῦς
865 2277 897 2338 ἐκ
915 2278 969 2338 τοῦ
981 2275 1145 2356 ἑψέματος,
1171 2274 1222 2337 καί
1241 2271 1305 2338 ἰδοῦ
1324 2271 1390 2338 άνε-

141 2362 307 2446 βακτηρίαν
315 2349 372 2443 μου
385 2360 434 2424 ἐπὶ
445 2355 607 2465 πρόςωπον
616 2361 670 2421 τοῦ
679 2384 752 2423 παι-
782 2353 895 2444 βόησαν
907 2359 959 2422 καί
975 2355 1068 2421 εἶπαν.
1093 2352 1228 2431 θάνατος
1241 2359 1271 2420 ἐν
1283 2361 1326 2440 τῷ
1340 2355 1390 2419 λέ-

143 2442 258 2527 δαρίου.
277 2442 368 2509 3θκαὶ
380 2440 457 2508 εἶπεν
472 2471 489 2526 η
502 2436 598 2526 μητηρ
611 2445 666 2507 τοῦ
678 2467 752 2506 παι-
782 2445 848 2528 βητι
862 2440 1005 2527 ἄνθρωπε
1017 2443 1075 2504 τοῦ
1087 2442 1171 2503 θεοῦ.
1185 2442 1235 2504 καί
1249 2437 1304 2504 οῦκ
1325 2435 1389 2504 ’δό-

144 2525 261 2610 δαρίου.
286 2526 321 2608 ζῆ
332 2525 432 2612 κύριος
444 2529 495 2591 καὶ
509 2528 544 2609 ζῆ
557 2525 575 2608 ἡ
590 2522 670 2609 ψυχή
684 2549 750 2601 σου,
783 2550 873 2590 ναντο
888 2536 999 2606 φαγεῖν.
1013 2523 1099 2587 41καὶ
1110 2521 1177 2586 εἶπε.
1192 2519 1293 2607 λάβετε
1302 2467 1390 2588 ἀλευ-

141 2612 167 2672 εί
179 2599 386 2694 ἐγκαταλείψω
406 2634 446 2675 σε.
476 2597 531 2673 καί
545 2606 654 2692 ἀνέστη
667 2607 751 2671 Ἓλτ-
783 2632 850 2693 ρον,
865 2610 916 2672 καί
928 2602 1063 2693 έμβάλετε
1077 2610 1115 2680 εἰς
1127 2606 1181 2671 τὸν
1193 2606 1313 2692 λέβητα.
1339 2608 1391 2672 καί

143 2691 216 2765 οαιέ,
226 2692 276 2754 καί
289 2688 439 2776 ἐπορεύθη
448 2690 545 2756 ὀπίσω
555 2689 655 2774 αὐτῆς.
669 2691 751 2755 31καὶ
782 2689 993 2756 είπενἝλισαιέ
1003 2689 1168 2776 πρὸςΓιεζὶ
1177 2687 1212 2754 τό
1223 2687 1389 2775 παιδάριον.

142 2776 223 2848 Γιεζὶ
245 2773 364 2855 διῆλθεν
381 2777 550 2858 ἔμπροσθεν
567 2768 673 2854 αῦτῆς,
700 2774 750 2836 καί
782 2778 856 2858 ἔγχει
869 2779 913 2857 τῷ
927 2773 993 2856 λαῴ
1005 2777 1055 2837 καί
1068 2776 1258 2838 έσθιέτωοαν.
1273 2777 1323 2839 καὶ
1334 2773 1391 2839 οῦκ

142 2855 277 2941 ἀπέθηκε
289 2852 343 2938 τὴν
355 2859 520 2963 βακτηρίαν
530 2854 580 2917 ἐπὶ
590 2849 751 2938 πρόςωπον
782 2852 907 2941 ἐγενηθη
926 2859 985 2921 ἐκεῖ
1001 2859 1043 2920 ἔτι
1061 2859 1140 2943 ῥῆμα
1157 2854 1287 2942 πονηρόν
1301 2859 1332 2918 ἐν
1344 2863 1389 2940 τῷ

142 2944 198 3005 τοῦ
215 2940 392 3024 παιδαρίου,
417 2965 468 3003 και
485 2935 540 3003 οῦκ
553 2925 589 3020 ἦν
602 2936 686 3023 φωνὴ
699 2939 751 3004 καί
782 2941 889 3027 λέβητι.
915 2939 948 2982 ⁴²
960 2940 1011 3005 καί
1029 2937 1104 3025 ἀνὴρ
1122 2941 1241 3044 διῆλθεν
1263 2944 1295 3004 έκ
1309 2945 1391 3005 Βαι-

143 3019 197 3087 οῦκ
215 3010 250 3105 ἦν
269 3017 421 3124 ἀκρόασις.
447 3022 498 3084 καί
516 3024 604 3085 έπέοτ
623 3041 693 3105 εψεν
711 3027 750 3096 εἰς
782 3020 910 3108 θαρισά,
936 3025 989 3088 καί
1003 3021 1100 3108 ἤνεγκε
1112 3051 1187 3110 προς
1199 3024 1253 3089 τὸν
1265 3022 1389 3110 ἀνθρω-

142 3101 278 3188 ἀπαυτην
291 3108 397 3179 αυτοῦ,
415 3105 466 3168 καί
479 3047 652 3187 ἀπήγγειλεν
665 3101 749 3188 αῦτῷ
781 3130 841 3172 πον
865 3111 921 3171 τοῦ
942 3111 1017 3171 θεοῦ
1036 3105 1330 3193 πρωτογεννημάτων
1348 3109 1390 3173 εί-

141 3187 243 3264 λέγων.
283 3183 340 3253 οῦκ
371 3183 487 3272 ἠγέρθη
517 3186 553 3251 τό
581 3182 748 3301 παιδάριον.
782 3216 846 3256 κοσι
871 3188 981 3278 ἀρτους
998 3197 1147 3273 κριθίνους
1164 3195 1216 3257 καὶ
1233 3191 1389 3269 παλάθας,

140 3271 170 3311 ³²
182 3273 233 3335 καί
250 3268 383 3356 είςῦηλθεν
398 3266 529 3336 Ἔλισαιὲ
542 3275 581 3347 είς
593 3270 647 3357 τόν
658 3295 749 3349 οικον,
782 3276 832 3339 καί
844 3272 915 3339 εἷπε.
942 3270 1011 3340 δότε
1023 3279 1068 3360 τῴ
1080 3276 1162 3360 λαῷ,
1181 3280 1231 3343 καί
1245 3279 1390 3342 ἐσθιέτω-

141 3356 192 3419 καί
205 3353 272 3420 ἰδοῦ
285 3354 322 3420 τό
333 3351 428 3421 παιδά
447 3380 493 3421 ιον
503 3355 644 3441 τεθνηκός
653 3382 750 3423 κεκοι-
782 3384 846 3425 σαν.
872 3358 904 3400 ⁴³
915 3361 966 3424 καὶ
983 3359 1060 3424 εἶπεν
1075 3356 1092 3423 5
1106 3357 1271 3446 λειτουργὸς
1283 3356 1388 3423 αὐτοῦ.

141 3441 273 3521 μισμένον
286 3441 336 3505 ἐπὶ
348 3438 401 3526 την
412 3381 513 3524 κλίνην
526 3437 632 3506 αῦτοῦ.
658 3442 688 3484 ³³
699 3444 750 3508 καί
781 3448 812 3506 τί
828 3445 872 3509 δῶ
885 3447 975 3509 τοῦτο
995 3439 1122 3510 ένιόπιον
1135 3444 1244 3509 έκατόν
1255 3441 1371 3528 ἀνδρῶν
1376 3470 1389 3519 ,·

139 3524 271 3610 εἰςηλθεν
288 3519 419 3590 Ἐλισαιέ
443 3529 483 3600 εἰς
505 3521 559 3589 τόν
576 3523 673 3601 οίκον,
698 3524 749 3589 καί
782 3529 834 3592 καί
846 3527 915 3593 εἶπε.
932 3525 984 3604 δός
995 3532 1041 3612 τῷ
1053 3528 1117 3609 λαῷ
1131 3531 1182 3592 καὶ
1194 3527 1388 3594 ίσθιέτωσαυ,

140 3605 291 3674 ἀπέκλεισε
315 3604 369 3692 την
390 3603 492 3695 θῦραν
516 3606 594 3674 κατά
615 3612 677 3672 τῶν
695 3603 749 3675 δόο
782 3606 829 3675 ότι
851 3608 921 3677 τάδε
942 3611 1018 3689 λέγει
1035 3606 1143 3696 κῦριος.
1174 3605 1319 3691 φάγονται
1337 3602 1388 3663 καί

140 3691 264 3753 ἑαυτῶν.
286 3691 338 3754 καί
349 3686 537 3776 προςηῦξατο
550 3686 626 3775 πρός
638 3690 748 3779 κύριον.
782 3693 1005 3775 καταλείψουσι.
1024 3693 1114 3758 44καί
1126 3695 1237 3773 έφαγον
1250 3683 1301 3747 καὶ
1313 3707 1387 3746 καῖ-

140 3769 228 3834 34καὶ
241 3770 331 3856 ἀνέβη
346 3777 396 3838 καί
409 3770 553 3858 ἐκοιμάθη
566 3774 617 3839 ἐπί
629 3773 666 3840 τὸ
676 3803 749 3841 παι·
782 3776 884 3841 έλιπον
896 3776 975 3840 κατά
987 3773 1023 3840 τό
1035 3780 1113 3859 ῥῆμα
1127 3778 1238 3854 κυρίου.

141 3848 252 3938 δάρων.
267 3855 468 3939 καίέθηκετὸ
482 3853 579 3940 στόμα
592 3855 687 3922 αὐτοῦ
696 3857 750 3922 ’ἐπὶ
973 3864 1007 3920 K
1018 3864 1048 3919 E
1060 3863 1098 3921 (θ.
1141 3852 1190 3919 E'.

140 3933 177 4000 τό
192 3933 288 4019 στόμα
301 3935 407 4013 αῦτοῦ,
423 3941 473 4004 καί
486 3938 557 4016 τοῦς
569 3936 750 4020 ὀφθαλμοὺς
781 3906 862 4002 Καὶ
875 3937 1001 4021 Ναιμὰν
1017 3935 1035 4002 5
1055 3937 1153 4024 ἅρχων
1169 3938 1222 4018 τῆς
1239 3927 1386 4015 δυνάμεως

140 4015 238 4085 αῦτοῦ
263 4020 313 4085 ἐπί
338 4020 407 4096 τοῦς
436 4019 615 4104 ὀφθαλμοὺς
641 4018 747 4092 αὐτοῦ,
780 4024 895 4104 Συρίας
921 4011 956 4103 ἢν
982 4016 1056 4106 ἀνὴρ
1078 4021 1169 4102 μέγας
1186 4012 1312 4082 ἐντόπιον
1331 4025 1387 4082 τοῦ

139 4102 191 4166 καί
208 4099 263 4177 τάς
280 4112 378 4187 χεῖρας
397 4100 494 4168 αὐτοῦ
519 4105 570 4168 ἐπί
586 4099 640 4176 τάς
650 4110 748 4188 χεῖρας
780 4107 885 4190 κυρίου
915 4099 1026 4178 αὐτοῦ,
1062 4103 1114 4167 καί
1147 4104 1387 4184 τεθαυμασμένος

140 4182 246 4249 αῦτοῦ.
272 4183 553 4268 καὶδιέκαμψενέιέ
570 4181 678 4262 αῦτὸν,
697 4186 748 4250 καὶ
780 4181 951 4273 προςοόπῳ,
979 4182 1025 4251 ότι
1039 4189 1070 4251 έν
1083 4184 1167 4271 αὐτῷ
1186 4181 1387 4272 έῦωκεκῦριος

140 4269 207 4334 διεθ
237 4264 337 4353 μόνθη
360 4266 379 4352 έγ
404 4264 478 4353 σάρξ
498 4271 552 4333 τοῦ
576 4267 746 4355 παιδαρίου.
781 4275 930 4356 σωτηρίαν
941 4276 1047 4357 Συρίᾳ.
1067 4273 1117 4337 καί
1130 4268 1147 4335 5
1162 4268 1236 4355 ἀνὴρ
1253 4257 1388 4354 ἦνδυνα-

140 4353 169 4396 ³⁶
182 4377 234 4418 και
259 4355 433 4439 ἐπέστρεψε,
469 4353 519 4416 καί
544 4347 693 4437 ἐπορεύθη
718 4355 749 4420 ίν
780 4353 833 4430 τός
848 4350 1167 4441 ίοχόϊλελεπρωμένος.
1198 4356 1276 4418 2καὶ
1289 4358 1389 4438 Συρία

138 4438 177 4533 τῇ
204 4436 283 4523 οίκία
303 4440 387 4504 ἔνθεν
405 4437 456 4502 καί
472 4437 565 4502 ένθεν.
592 4436 643 4501 καί
660 4433 749 4526 ἀνέβη
781 4435 1086 4524 ίξηλθονμονόζωνοι,
1097 4443 1148 4506 καὶ
1161 4432 1390 4525 ἧχμαλιότευσαν

139 4523 190 4588 καί
225 4523 406 4611 συνέκαμψευ
440 4521 489 4589 ἐπὶ
518 4518 553 4588 τὸ
581 4517 749 4614 Ιπαιδάριον
781 4520 1010 4612 ίκγῆςἿσραῦηλ
1023 4522 1138 4592 νεάνιδα
1151 4514 1279 4672 μικράνέ
1291 4520 1343 4620 καί
1356 4508 1390 4601 ἦν

1279 4626 1390 4669 νωπιον
