2924 4972
181 248 242 313 130
436 246 783 308 ammom
826 235 1168 321 1<÷q=.2;‘.nt'.26.27.

176 361 259 449 κώβ,
282 364 334 426 καί
350 365 403 444 τής
420 357 566 443 διαθήκης
586 355 708 433 Ἰσαάκ,
733 360 785 423 καί
815 381 876 423 ναν
891 356 944 425 ἀπ’
965 355 1068 423 αὐτῶν
1084 357 1238 441 δῶρσντῴ
1256 362 1364 440 κυρίῳ,
1389 354 1424 429 ὃς

176 450 229 529 τῆς
248 438 394 529 διαθήκης
410 438 546 528 Ἀβραὰμ
562 436 784 525 μνησθήσομαι.
815 438 853 505 ἀν
870 441 916 524 δῶ
933 438 996 506 ἀπὸ
1012 434 1129 503 τοῦτον
1144 441 1189 521 τῷ
1206 443 1313 522 κυρίῳ,
1338 440 1422 502 ἔσται

176 531 229 592 καί
254 532 307 612 τῆς
330 531 385 610 γῆς
400 520 627 628 μνησθήσομαι,
655 523 687 565 ⁴³
699 526 751 587 καί
766 519 784 606 ἢ
817 519 912 601 ἀγιον.
932 521 1026 587 1(ίσάκ
1039 515 1155 596 ἀλλάξει
1168 517 1245 585 αῦτδ
1258 517 1353 585 καλὸν
1363 545 1422 585 πο-

177 616 215 694 γή
227 606 530 711 ίγκαταλειρθήσεται
543 604 594 671 αιτ’
609 602 721 671 αάτῶν.
733 601 787 670 το’-
817 610 908 693 κηρῷ,
920 603 990 670 οῦδὲ
1000 600 1132 689 πονηρὸν
1141 600 1235 686 καλῷ.
1258 598 1311 667 ἐάν
1322 602 1355 668 δὲ
1367 601 1424 668 ἀλ·

177 718 208 758 τε
221 693 410 779 πρσςδέξεται
427 717 447 774 η
464 694 501 773 γή
519 685 559 754 τά
575 684 712 794 σάβρλσνα
728 686 786 752 αῦ-
817 686 938 755 λάσσισν
961 681 1074 779 ἀλλάξη
1100 682 1176 751 αὐτὸ
1196 689 1301 769 κτῆνος
1316 681 1422 767 κτήνει,

177 780 247 858 τής,
266 778 355 858 ίντῷ
368 777 559 859 ίρημισθήναι
572 768 712 854 αῦτηνδί
729 767 784 835 αῦ-
818 773 904 837 ἔσται
933 765 1012 836 αάτδ
1040 770 1093 834 καί
1116 765 1153 833 τά
1177 767 1316 852 ἀλλαγμα
1341 768 1421 846 ἅγια.

178 854 260 931 τοῦς.
274 859 326 920 καί
338 853 428 920 αάτσί
439 855 650 961 πρρςδεξονται
660 849 716 928 τάς
728 850 786 918 αά-
817 856 843 897 ¹¹
855 850 909 919 δάν
919 851 954 918 δί
963 856 1027 917 πᾶν
1038 855 1146 935 κτῆνος
1155 846 1345 936 ἀκάθαρτον,
1367 847 1418 930 ἀφ’

178 943 240 1003 τῶν
253 937 387 1022 ἀνομίας,
400 936 469 1004 ἀνθ’
481 962 525 1002 ων
537 933 576 1000 τά
587 931 718 1021 κρίματά
725 960 785 1018 μου
818 927 862 1000 ῶν
876 932 915 1001 οῦ
928 936 1125 1022 προσφέρεται
1141 931 1192 1017 ἀπ’
1208 931 1311 1000 αάτῶν
1326 933 1422 1016 δῶρον

179 1019 346 1106 ὑπερεῖδον,
370 1024 422 1085 καί
434 1030 498 1095 τοίς
508 1015 716 1104 πρσςτάγμασί
726 1043 786 1102 μου
816 1022 863 1102 τῷ
885 1023 992 1103 κυρίῳ,
1018 1011 1120 1101 στήσει
1142 1014 1180 1082 τδ
1200 1022 1306 1099 κτῆνος
1322 1018 1423 1080 ἔναντι

178 1102 392 1211 προςῶχθισαν
403 1108 441 1198 τῇ
457 1106 537 1193 ψυχῇ
550 1100 662 1168 αῦτῶν.
687 1100 722 1144 ⁴⁴
734 1103 787 1166 καί
816 1104 873 1165 τοῦ
890 1102 1005 1187 ίερίισς,
1028 1103 1057 1143 ¹²
1069 1102 1122 1165 καί
1139 1095 1290 1184 τιμήσεται
1306 1095 1383 1165 αὐτὸ
1403 1093 1421 1162 ὁ

178 1184 246 1252 ουδ’
262 1214 304 1262 ως
319 1185 415 1251 ὄντων
434 1185 538 1251 αὐτῶν
557 1189 589 1250 ίν
605 1187 700 1288 τήγή
724 1188 786 1249 τῶν
817 1180 907 1270 ίεριδς
929 1180 1077 1268 ἀναμίσον
1093 1182 1188 1248 καλοῦ
1204 1185 1257 1247 καί
1274 1179 1423 1265 ἀναμέσον

178 1274 297 1373 ίχθριῦν
310 1267 411 1334 αὐτῶν
424 1265 479 1354 οῦχ
497 1262 648 1353 ῦπερείδσν
663 1264 788 1343 αυτσίις,
815 1269 959 1370 πονηροῦ.
994 1268 1047 1332 καί
1070 1261 1183 1331 καθότι
1207 1265 1246 1331 ἀν
1263 1261 1423 1349 τιμήσηται

178 1354 250 1417 ουδε
262 1347 458 1438 προςῶχθισα
474 1348 580 1425 αὐτοῖς
595 1346 668 1425 ῶςτε
678 1351 785 1427 ίξανα·
817 1346 896 1415 αάτυ
909 1345 928 1413 ὁ
941 1342 1045 1435 ίεριδς,
1063 1344 1148 1414 οῦτσσ
1158 1345 1308 1452 στήσεται.
1332 1345 1424 1411 1’ἐίνν

178 1435 272 1497 λιῦσαι
298 1431 415 1507 αῦτσάς
437 1437 496 1497 τοῦ
519 1427 707 1498 διασκεδάσαι
729 1430 785 1515 τήν
816 1430 849 1496 δί
886 1428 1081 1518 λυτρούμενος
1117 1430 1305 1517 λυτρασηται
1333 1428 1422 1504 αὐτὸ,

177 1511 326 1598 διαθήκην
341 1539 401 1597 μου
417 1513 473 1619 τήν
488 1512 566 1599 πρὸς
577 1511 701 1590 αάτσῦς.
724 1512 784 1592 ίγῶ
816 1510 979 1619 προςθήσει
990 1512 1221 1597 τάίπίπτμπτον
1229 1511 1306 1599 πρὸς
1313 1513 1369 1617 τήν
1377 1538 1422 1578 τι-

178 1593 235 1682 γάρ
255 1602 310 1679 εἰμι
324 1593 663 1683 κῦρισςσθεὸςαῦτῶν.
688 1596 785 1661 46καί
816 1622 875 1680 μην
900 1599 1005 1661 αυτοῦ.
1041 1595 1072 1638 ¹⁴
1083 1599 1136 1660 καί
1153 1593 1318 1682 ἀνθραπσς
1333 1622 1368 1671 σς
1386 1595 1423 1661 ἀν

177 1677 386 1765 μνησθήσομαι
422 1675 568 1764 ἀαθήκης
603 1677 704 1746 αὐτῶν
732 1684 785 1764 τής
817 1673 926 1772 ἀγιάση
950 1675 1005 1763 τήν
1029 1681 1127 1744 οίκίαν
1151 1675 1247 1743 αάτοῦ
1272 1675 1362 1757 ἀγίαν
1377 1684 1423 1761 τῷ

177 1767 337 1848 προτέρας,
350 1759 400 1827 ὅτε
412 1759 555 1869 ἐξήγαγον
566 1761 678 1838 αάτσδς
690 1765 723 1826 ίκ
731 1768 785 1846 γῆς
816 1766 921 1848 κυρίῳ,
945 1763 998 1826 καί
1013 1756 1166 1845 τιμήσεται
1184 1757 1279 1846 αάτήν
1296 1757 1315 1826 ὁ
1333 1760 1423 1846 ἱερεὺς

178 1840 357 1924 Αἰγύπτου,
381 1847 411 1921 ἒξ
430 1871 517 1910 οικσυ
533 1845 669 1930 δουλείας
686 1847 784 1909 ἔναντι
817 1842 965 1928 ἀναμίσον
982 1844 1074 1927 καλῆς
1090 1845 1143 1908 καί
1167 1840 1314 1928 ἀναμίσον
1328 1869 1423 1928 πονη·

177 1931 240 1992 τῶν
265 1929 382 2002 ἐθνῶν,
404 1933 460 1993 τοῦ
486 1925 559 1992 εἶναι
584 1925 686 1993 αὐτῶν
704 1922 786 2003 θεός.
817 1933 878 2013 ρᾶς.
905 1923 947 2002 ῶς
963 1925 1000 1991 ἀν
1012 1922 1170 2012 τιμήσηται
1184 1925 1278 2012 αάτήν
1290 1925 1308 1992 ὁ
1322 1925 1423 2012 ίιρεῦς,

178 2005 237 2089 ἕγῶ
250 2014 305 2092 είμι
317 2005 427 2114 κῦριος
449 2011 484 2055 ⁴⁶
492 2016 591 2076 ταῦτα
602 2008 642 2076 τά
654 2007 785 2097 κρίματά
817 2007 902 2076 οῦτισ
913 2005 1107 2094 σταθήσεται.
1123 2008 1209 2074 18ίάν
1220 2010 1253 2076 δὲ
1265 2006 1283 2075 ὅ
1296 2008 1422 2090 ἁγιάσας

177 2119 252 2177 μου,
272 2094 325 2157 καί
336 2119 376 2159 τα
386 2089 600 2179 προςτάγματά
610 2119 680 2175 μου.
702 2090 784 2158 καίὸ
817 2090 912 2177 αὐτήν
936 2093 1087 2178 λυτρῶται
1114 2091 1170 2196 τήν
1194 2099 1291 2159 οίκίαν
1315 2093 1423 2172 αὐτοῦ,

176 2172 269 2261 νόμος
281 2171 318 2242 ὃν
336 2178 425 2242 ἔδακε
443 2172 543 2263 κῦρισς
560 2173 710 2260 ἀναμίσον
728 2174 783 2241 αά·
816 2171 979 2262 πρσςθήσει
1003 2173 1047 2240 ἐπ’
1075 2174 1153 2242 αάτσ
1178 2175 1215 2241 τὸ
1240 2182 1422 2264 ίπίπεμπτον

176 2265 235 2323 τοῦ
249 2262 300 2324 καί
319 2257 468 2341 ἀναμίσον
485 2265 546 2325 τῶν
566 2262 640 2325 υἱῶν
654 2257 785 2347 Ἰσραήλ,
817 2265 873 2325 τοῦ
885 2257 1027 2385 ἀργυρίου
1040 2264 1092 2344 τῆς
1102 2264 1196 2343 τιμῆς,
1209 2263 1261 2326 καί
1269 2264 1354 2327 ἔσται
1365 2259 1421 2327 αῦ·

177 2345 265 2425 ἐντῷ
280 2340 342 2428 ὄρει
354 2347 432 2424 Σινᾷ
444 2346 476 2407 ίν
487 2343 558 2429 χειρί
570 2347 700 2428 Μωυσῆ.
817 2347 870 2427 τῷ.
894 2348 907 2386 ¹
936 2344 988 2408 ίάν
1005 2340 1037 2406 δί
1050 2340 1113 2407 ἀπὸ
1125 2348 1181 2407 τοῦ
1193 2342 1288 2428 ἀγροῦ
1301 2350 1354 2429 τῆς
1365 2348 1422 2410 καὲ

402 2428 481 2489 M.
525 2420 609 2491 KZ'.
817 2428 981 2512 τασχὲσεας
1005 2422 1102 2491 αὐτοῦ
1127 2421 1422 2523 ἀγιάσηάνθραπος

176 2472 262 2574 Καί
284 2503 407 2613 ἕλάλησε
426 2504 526 2595 κῦρισς
543 2506 620 2595 πρὸς
638 2514 786 2612 Μωυσήν,
816 2514 860 2594 τῷ
873 2516 981 2596 κυρίῳ,
1004 2511 1055 2575 καί
1067 2511 1151 2574 ἔσται
1163 2504 1182 2592 ή
1196 2507 1264 2595 τιμή
1276 2510 1356 2578 κατά
1367 2509 1421 2577 τὸν

175 2590 279 2669 λέγων.
304 2591 465 2677 2λαλησον
481 2603 545 2668 τοῖς
561 2595 638 2667 υίσῖς
652 2590 784 2679 Ἰσραηλ,
818 2588 931 2680 σπόρον
948 2590 1060 2668 αῦτοῦ,
1084 2588 1177 2676 κόρου
1189 2597 1303 2679 κριθῶν
1313 2591 1421 2680 πεντή-

176 2676 228 2736 καί
245 2677 319 2758 ίρνῖς
335 2673 447 2751 αὐτοῖς.
474 2671 785 2762 ἀςάυείίξηταιεάχήν
816 2701 907 2741 κοντα
931 2676 1077 2761 δίδραχμα
1096 2673 1250 2761 ἀργυρίου.
1280 2677 1373 2743 11ίάν
1389 2678 1420 2744 δὲ

176 2752 248 2829 ῶςτε
267 2755 353 2838 τιμήν
370 2761 422 2842 τής
442 2761 538 2862 ψυχῆς
555 2755 651 2824 αῦτοῦ
669 2762 715 2841 τῷ
730 2786 784 2825 κυ-
815 2755 878 2822 ἀπὸ
891 2763 946 2822 τοῦ
958 2762 1096 2822 ἐνιαυτοῦ
1107 2764 1160 2842 τῆς
1169 2760 1302 2840 ἀφέσεως
1311 2757 1421 2854 ἀγιάση

176 2843 243 2921 ρίῳ,
269 2839 283 2879 ³
296 2840 379 2904 ε”σται
397 2836 416 2924 ή
429 2865 498 2924 τιμη
516 2844 574 2904 τοῦ
586 2837 708 2925 ἀρσενος
719 2839 783 2907 ἀπὸ
816 2838 870 2904 τὸν
882 2837 975 2924 ἀγρὸν
987 2837 1093 2914 αὐτοῦ,
1109 2841 1188 2908 κατὰ
1200 2841 1255 2929 τήν
1267 2843 1352 2930 τιμήν
1364 2844 1421 2912 αῦ-

176 2924 360 2998 είκοσαετοῦς
373 2928 429 2997 ἕως
441 2924 682 3007 ἑξηκονταετοῦς,
699 2926 783 2990 ἔσται
815 2927 871 2989 τοῦ
884 2919 1032 3007 στήσεται.
1058 2922 1150 2987 18ίίιν
1167 2925 1200 2991 δὲ
1213 2927 1422 3033 ίίτχατονμετά

176 3001 273 3068 αὐτοῦ
297 3000 317 3088 ή
342 3004 409 3088 τιμή
432 3003 617 3090 πεντήκοντα
638 3008 784 3095 δίδραχμα
816 3003 871 3090 τήν
886 3004 992 3086 ἀφεσιν
1009 3000 1118 3089 ἀγιάση
1135 3006 1190 3073 τδν
1205 3007 1299 3098 ἀγρὸν
1314 3017 1421 3091 αυτοῦ,

176 3084 323 3171 ἀργυρίου
335 3093 379 3170 τῷ
392 3094 519 3174 σταθμῷ
532 3093 578 3174 τῷ
590 3085 676 3173 ἁγίῳ.
701 3090 719 3133 ⁴
732 3097 785 3194 τής
815 3087 1031 3174 προςλογιεῒται
1045 3078 1130 3173 αὖτ’ρῦ
1142 3087 1162 3155 δ
1175 3092 1266 3180 ίερεῦς
1277 3092 1314 3160 τὸ
1327 3095 1420 3183 ἀργῦ-

175 3167 207 3232 δι’
232 3168 357 3252 θηλείας
381 3170 462 3234 ἔσται
479 3169 499 3256 ή
518 3178 684 3256 συντίμησις
700 3199 786 3260 τρια-
816 3194 881 3257 ριον
897 3173 947 3236 ἐπί
963 3168 1004 3237 τά
1015 3173 1119 3256 δ’τητίι
1131 3177 1289 3253 ἐπίλοιπα,
1314 3183 1421 3255 ίαςείς

176 3273 271 3315 κοντα
292 3251 446 3337 δίδραχμα.
485 3252 567 3321 ὅίάν
584 3254 617 3320 δὲ
634 3251 698 3321 ἀπὸ
714 3282 783 3323 mr-
816 3252 869 3319 τὸν
880 3251 1012 3321 ἐνιαυτὸν
1022 3259 1075 3338 τῆς
1088 3255 1229 3340 ἀφέσεως,
1241 3260 1421 3345 καίάνθσφ·

175 3339 299 3409 ταετσῦς
312 3339 367 3411 ἕως
379 3337 470 3403 ιίκοσι
483 3339 568 3415 ἐτῶν,
586 3341 671 3404 ἔσται
682 3335 702 3426 ή
715 3340 783 3445 τιμή
817 3340 1008 3423 αιρεθήσιται
1021 3335 1083 3404 ἀπὸ
1095 3345 1149 3426 τῆς
1157 3340 1354 3429 συντιμήσεας
1363 3346 1420 3411 αῦ-

175 3421 230 3482 τοῦ
255 3416 379 3505 ἀρσενος
396 3420 487 3486 εἴκοσι
506 3421 659 3508 δίδραχμα.
682 3430 736 3528 τής
752 3426 784 3490 δε
816 3426 880 3488 τοῦ.
918 3419 1011 3488 ιοίάν
1035 3421 1068 3488 δὲ
1089 3423 1239 3510 λυιρῶται
1255 3423 1311 3492 τὸν
1326 3426 1420 3515 ἀγρὸν

175 3501 296 3585 θηλείας
308 3505 381 3570 δίκα
393 3504 545 3589 δίδραχμα.
578 3506 594 3549 ⁶
607 3503 670 3571 ἀπὸ
682 3508 714 3572 δε
726 3537 783 3593 μη-
816 3503 834 3571 ὁ
847 3501 973 3583 ἀγιάσας
991 3502 1099 3583 αιἰτὸν,
1123 3506 1286 3613 προςθήσει
1303 3510 1341 3576 τὸ
1353 3516 1418 3577 ίπί-

174 3592 272 3651 νιαίου
292 3591 347 3661 ἕως
364 3592 554 3663 πενταετοῦς,
579 3589 662 3654 ἔσται
679 3587 699 3672 ή
715 3591 783 3694 τιμή
813 3612 948 3671 πεμπτσν
959 3593 1015 3654 τοῦ
1028 3586 1170 3676 ἀργυρίου
1181 3617 1257 3677 προς
1269 3591 1324 3673 τήν
1334 3591 1419 3676 τιμήν

174 3672 233 3729 τσῦ
258 3667 380 3750 ἀρσενος
397 3672 484 3733 πέντε
500 3670 652 3771 δίδραχμα.
683 3677 735 3757 τῆς
751 3677 783 3740 δε
815 3670 927 3748 αῦτοῦ,
944 3673 1092 3738 καδδῦσαι
1105 3669 1197 3756 αῦτῷ.
1224 3676 1256 3718 ²⁰
1267 3670 1321 3738 ίάν
1333 3675 1365 3739 δὲ
1376 3675 1418 3760 μή

174 3748 296 3827 θηλείας
309 3755 377 3834 τρία
390 3751 534 3836 δίδραχμα
547 3760 698 3837 αργυρίου.
713 3755 783 3823 7ἕάν
814 3756 965 3841 λυτρῶται
989 3752 1043 3821 τδν
1061 3750 1168 3840 ἀγρὸν,
1193 3758 1245 3821 καὶ
1261 3753 1420 3825 ἀποδῶται

175 3828 208 3927 δή
221 3827 284 3931 ἀτχὸ
298 3833 514 3914 ε’ξηκονταετιῦν
526 3837 577 3900 καί
588 3833 708 3915 ίπάνισ,
730 3838 782 3906 ίάυ
814 3837 869 3904 τὸν
881 3837 975 3927 ἀγρὸν
986 3833 1143 3945 ἀνθρώπῳ
1154 3839 1258 3924 ἑτέρω,
1269 3839 1368 3907 οὐκέτι
1377 3843 1419 3928 μή

174 3935 227 3991 μεν
240 3937 328 4059 ιηρσεν
341 3903 375 4008 ή,
394 3918 476 3981 ἔσται
489 3913 508 4001 ή
521 3918 589 4003 τιμή
603 3919 701 3986 αὐτοῦ
712 3948 783 3988 πεν-
813 3919 1002 4026 λυτρώσηται
1027 3916 1129 3989 αυτὸν.
1166 3907 1277 3990 Ἇάλλ
1301 3929 1419 3992 ἕσταιδ

176 4018 247 4094 τεηα
276 4019 329 4060 εκα
348 3998 494 4082 δίδραχμα
507 3997 659 4125 ἀργυρίου.
686 4001 783 4070 ἐὰνδὲ
813 4002 905 4088 ἀγρος
917 4006 1128 4088 ἐξεληλυθυίας
1136 4010 1189 4090 τῆς
1197 4003 1328 4088 ἀφέσεως
1338 4004 1420 4087 ἀγισς

175 4076 306 4182 θηληιαχ
324 4080 396 4143 δέκα
408 4082 563 4164 δίδραχμα.
617 4083 783 4152 ίάνδίτα-
814 4093 856 4171 τῷ
870 4095 977 4173 κυρίῳ,
1003 4085 1098 4178 ῶςπερ
1113 4087 1133 4174 ή
1145 4095 1185 4174 γῆ
1197 4086 1217 4176 ή
1231 4088 1419 4177 ἀφωρισμένη

175 4183 306 4259 πειχοςη
325 4166 363 4255 τῇ
380 4167 463 4252 τιμή,
488 4160 627 4262 στήσεται
649 4169 783 4234 ἐναντίον
813 4176 856 4272 τρῦ
868 4172 1420 4284 ίερεῖὲίτταικατάοχεσιςαῦτοῦ.υίάν

175 4265 231 4342 ῐθξί
246 4245 353 4345 &OQ-
379 4246 430 4307 καί
443 4269 590 4344 τιμησεται
603 4244 696 4315 αὐτὸν
710 4248 727 4315 ὁ
742 4256 783 4318 ίε-
813 4254 845 4318 δε
856 4251 919 4318 ἀπὸ
930 4259 985 4319 τοῦ
999 4252 1094 4341 ἀγροῦ
1107 4283 1143 4323 συ
1157 4260 1305 4342 κέκτηται,
1318 4253 1353 4333 ῦς
1364 4257 1419 4323 σῦκ

174 4349 249 4406 ρευς.
266 4336 407 4428 καθαπερ
421 4324 542 4428 ίσχυειιή
555 4330 614 4434 χείρ
627 4337 685 4396 τοῦ
697 4332 783 4412 εὐξα-
813 4338 892 4400 ἔστιν
905 4334 1034 4402 ἀπὸτοῦ
1046 4338 1142 4426 ἀγροῦ
1155 4345 1208 4424 τής
1217 4344 1420 4425 κατασχίσεας

172 4411 275 4508 μήνσυ,
288 4434 437 4494 τιμησεται
450 4434 545 4476 αυτον
558 4438 576 4475 ο
592 4410 689 4498 ίερεῦς.
707 4418 782 4482 θέἀν
814 4416 919 4495 αὐτοῦ,
933 4415 1040 4505 ἀγιάση
1052 4430 1097 4506 τῷ
1109 4431 1213 4508 κυρίῳ,
1238 4425 1267 4466 ²³
1280 4424 1420 4501 λογιεῖται

173 4491 204 4556 δε
218 4488 281 4558 ἀπὸ
294 4497 354 4561 τῶν
370 4497 485 4578 κτηνῶν
502 4498 563 4562 τῶν
580 4504 783 4590 πρσςρερομέ-
812 4499 888 4586 πρὸς
901 4494 1028 4569 αάτόνῦ
1045 4502 1135 4591 ίερεῦς
1153 4506 1189 4571 τὸ
1206 4505 1291 4582 τελος
1308 4512 1362 4593 τῆς
1374 4533 1419 4608 τη-
