2924 4972
359 232 523 304 ΣΟΦΙΑ
548 243 814 313 ΣΑΛΩΜΩΝ
850 237 1106 322 Κεφ.ε’.ς’.5.6.
1287 244 1352 309 675
1403 240 1406 244 ’

112 398 162 455 μεν
184 367 308 456 ἐρήμους
333 364 478 456 ἀβάτους,
507 370 561 450 τήν
587 369 619 432 δὲ
646 367 715 433 ὁδὸν
748 365 836 449 μεως,
853 369 905 430 καί
923 363 964 440 ὡς
979 365 1097 444 λαίλαψ
1115 365 1277 450 ἐκλικμήσει
1294 366 1352 432 αά-

111 461 213 538 κυρίου
240 452 296 517 οὐκ
318 455 451 532 ἔγνωμεν.
484 451 543 514 1τί
563 448 715 533 ὠφέλησεν
749 447 827 523 τοῦς.
854 451 904 512 καὶ
927 445 1067 531 ἐρημώσει
1090 454 1191 514 πᾶσαν
1216 450 1271 531 τήν
1294 455 1352 535 γήν

111 538 184 621 ήμάς
206 534 223 620 ή
251 532 435 617 ὑπερηφανία
438 562 451 610 ,·
466 567 469 573 ·
487 535 540 598 καί
561 537 594 596 τί
617 532 725 597 πλοῦ·.“
748 532 867 636 ἀνομία,
884 531 937 595 καί
950 528 967 615 ή
980 538 1351 618 κακοπραγίαπεριτρέηιεε

110 647 161 696 τος
178 617 252 702 μετὰ
269 616 439 696 ἀλαζονείας
464 615 658 702 συμβέβληται
678 614 714 719 η·
747 626 877 698 θρονους
889 615 1065 678 δυναστῶν..
1157 655 1158 658 =

109 716 176 787 μῖνς
215 699 404 786 9παρῆλθεν
435 704 528 765 ἐκεῖνα
551 697 651 763 πάντα
674 726 715 774 ως
779 704 792 730 ⁹
950 702 983 760 Κ
995 702 1073 762 ΕΦ.
1117 724 1159 773 ς.
1202 704 1204 708 ’

110 785 178 852 οκιά
196 786 247 855 καί
268 782 309 858 ὡς
329 780 451 860 ἀγγελία
474 786 714 888 παρατρέχουσα.
749 749 930 847 Ᾰκοάοατε
953 769 1007 843 οῦν
1022 781 1149 865 βασιλεῖς
1171 783 1224 846 καὶ
1242 768 1350 855 οῦνετε,

110 865 194 940 111ιὺς
218 870 289 942 ναῦς
314 868 479 950 διερχομένη
505 889 714 947 κυμαινομενον
747 863 862 949 μάθετε,
871 864 1008 928 δικασταί
1019 862 1158 946 περάτων
1168 870 1230 966 γής.
1254 865 1349 927 2ἐνευ-

111 948 201 1034 ὑδωρ,
226 942 261 1032 ής
285 950 429 1054 διαβάσης
455 948 510 1013 οὐκ
532 949 613 1026 έστιν
637 950 715 1051 ἴχνος
748 955 874 1014 τίσασθε
900 950 932 1010 οἶ
946 951 1123 1028 κρατοῦντες
1144 946 1280 1029 πληθους
1299 948 1351 1011 καί

110 1031 216 1117 εὑρεῖν,
241 1033 310 1096 οὑδὲ
329 1030 467 1135 ἀτραπὸν
486 1029 609 1116 τρόπιος
623 1037 715 1115 αυτῆς
746 1032 961 1115 γεγαυρωμένοε
973 1030 1023 1092 ἐπί
1035 1027 1133 1113 ὄχλοις
1150 1030 1256 1093 ἐθνῶν.
1281 1027 1349 1092 3ότι

111 1122 142 1180 ἐν
159 1112 294 1196 κόμασιν.
326 1120 383 1197 11η
401 1110 442 1188 εὑς
459 1112 563 1201 ὀρνέου
581 1111 714 1181 διιπτάν-
748 1111 842 1196 ἐδόθη
863 1111 948 1194 παρά
970 1117 1024 1176 τοῦ
1042 1117 1146 1198 κυρίου
1169 1107 1188 1215 έχ
1211 1104 1350 1193 κράτησις

111 1223 164 1272 τος
176 1196 251 1280 ἀέρα
270 1194 364 1262 σὺθέν
380 1195 542 1282 εὑρίσκεται
560 1196 715 1281 τεκμήριον
750 1196 826 1282 ὑμῖν,
839 1199 890 1260 καί
907 1195 925 1279 ή
939 1194 1093 1259 δυναστεία
1109 1219 1195 1277 παρα
1206 1190 1349 1273 ὑψίστου,

110 1284 242 1363 πορείας,
253 1279 353 1364 πληγή
366 1279 397 1343 δὲ
409 1284 530 1364 ταρσῶν
541 1281 713 1363 μαστιζόμε·
747 1282 764 1322 ⁴
778 1277 811 1355 ὃς
824 1273 949 1355 ἐξετάσει
963 1275 1043 1361 ὑμῶν
1061 1277 1100 1341 τά
1117 1280 1204 1361 ἔργα,
1229 1278 1280 1340 καί
1296 1275 1351 1350 τάς

111 1388 165 1427 νον
176 1366 291 1442 πνεῦμα
303 1351 417 1442 κόῦφον
429 1367 480 1428 καί
492 1364 651 1446 σχιζόμενον
662 1369 713 1450 βίη
747 1359 856 1450 βουλάς
868 1358 1043 1446 διερευνήσει.
1061 1357 1127 1425 1ότι
1141 1358 1284 1445 ὑπηρέται
1298 1358 1349 1423 όν-

113 1448 223 1530 βοίζου,
241 1449 413 1526 κινουμένων
429 1445 584 1529 πτερύγων
595 1443 715 1513 διωδεά-
748 1472 794 1520 τες
806 1450 858 1530 τῆς
870 1443 965 1510 αὑτοῦ
974 1444 1134 1590 βασιλείας
1149 1441 1205 1507 οὐκ
1218 1446 1350 1527 ἐκρίνατε

110 1540 173 1612 θη,
199 1532 249 1592 καί
265 1528 337 1610 μετά
354 1533 448 1593 τοῦτο
467 1529 521 1614 οὐχ
538 1527 648 1615 εὑρέθη
662 1556 715 1613 ση-
748 1529 866 1614 ὀρθῶς,
892 1525 962 1593 οὐδὲ
990 1524 1138 1608 φυλάξατε
1152 1523 1255 1607 νόμον,
1281 1523 1351 1590 οὐδὲ

111 1624 193 1697 μεῖον
204 1611 366 1697 ἑπιβάσεως
377 1616 408 1676 ἐν
421 1610 513 1695 αὑτῷ.
539 1613 598 1696 11ή
612 1610 653 1689 ῶς
664 1616 715 1699 βέ·
747 1611 825 1678 κατά
839 1609 894 1695 τήν
906 1611 1016 1694 βουλήν
1029 1614 1084 1674 τοῦ
1096 1615 1170 1674 θεοῦ
1183 1607 1351 1692 ἐπορεύθη-

110 1696 179 1768 λους
194 1693 361 1779 βληθέντος
376 1696 426 1759 ἐπὶ
443 1694 567 1770 σκοπὸν,
593 1700 715 1782 τμηθεὶς
748 1721 788 1761 τε.
811 1696 968 1778 θφρικτῶς
989 1694 1041 1757 καί
1062 1696 1183 1777 ταχέως.
1195 1687 1351 1775 ἐπιστήσε-

111 1773 129 1842 ὁ
142 1775 200 1860 ἀήρ
214 1776 326 1852 εὐθέως
339 1783 378 1852 είς
391 1776 496 1843 ἑαυτόν
508 1775 649 1864 ἀνελῦθη,
673 1777 715 1854 ῶς
748 1805 798 1844 ται
812 1773 886 1859 ὑμῖν,
912 1772 958 1840 ότι
973 1781 1067 1861 κρίσις
1077 1771 1232 1857 ἀπότομος
1244 1779 1275 1839 ἐν
1288 1787 1351 1850 τοῖς

111 1859 256 1944 ἀγνοῆσαι
269 1860 323 1944 τήν
336 1862 436 1926 δίοδον
448 1861 550 1928 αὑτοῦ.
577 1863 605 1905 11
618 1858 715 1938 οὑτως
748 1858 918 1945 ὑπερέχουσι
929 1867 1046 1938 γίνεται.
1074 1862 1086 1902 1
1099 1856 1117 1923 ὑ
1129 1857 1187 1943 γάρ
1200 1857 1352 1942 ἐλάχιστος

112 1939 249 2028 καίήμεῖς
260 1948 444 2028 γεννηθέντες
462 1946 637 2029 ίξιλίπομεν.
662 1950 715 2013 καί
748 1939 931 2023 συγγνωστός
948 1946 1028 2009 ἐστιν
1045 1943 1157 2018 ἐλέους,
1184 1942 1306 2007 δυνατοί
1317 1939 1351 2006 δὲ

114 2027 220 2110 ἀρετῆς
229 2028 282 2110 μὲν
295 2040 414 2112 σημεῖον
429 2027 514 2094 οὐδὲν
526 2033 643 2114 ἔσχομεν
654 2030 713 2095 δεῖ-
747 2030 880 2102 δυνατῶς
892 2023 1125 2125 ἕταοθήσονται.
1163 2026 1179 2068 ⁸
1193 2022 1229 2092 οῦ
1241 2023 1301 2108 γάρ
1313 2021 1350 2088 ὑ-

111 2113 169 2187 ξαι,
194 2111 223 2152 ¹⁴
236 2110 311 2175 ἐκδὲ
328 2116 365 2192 τῆ
382 2118 473 2194 κακίᾳ
493 2109 575 2197 ήμῶν
587 2112 713 2178 κατεδα-
746 2111 933 2177 ποστελεῖται
948 2135 1110 2192 προςωπον
1126 2105 1144 2174 ὁ
1161 2103 1285 2173 πάντων
1301 2108 1349 2172 δε-

110 2186 293 2296 πανήθημεν.
332 2182 360 2237 11
373 2190 421 2257 ὅτι
438 2197 520 2269 ἐλπίς
532 2192 660 2280 ἀσεβοῦς
672 2193 713 2270 ῶς
748 2191 875 2275 σπότης,
899 2190 969 2256 οῦδὲ
986 2188 1201 2276 ίντραπήσεται
1217 2192 1349 2271 μέγεθος.

111 2300 267 2375 φερομενος
288 2279 357 2358 χοῦς
382 2272 442 2339 ὑπὸ
461 2274 580 2356 ἀνέμου,
606 2274 714 2350 καλῶς
748 2272 797 2339 ότι
808 2271 912 2358 μικρὸν
928 2277 979 2337 καί
994 2276 1087 2354 μέγαν
1104 2270 1195 2346 αὑτὸς
1207 2276 1350 2355 ἐποίησεν,

110 2383 210 2440 παχνη
227 2353 289 2420 ὑπὸ
313 2355 463 2431 λαίλαπος
484 2358 646 2459 διαχθεῖσα
663 2357 714 2422 λε·
747 2353 860 2438 ὁμοίως
871 2380 902 2419 τε
913 2367 1038 2439 προνοεῖ
1048 2356 1114 2440 περί
1125 2351 1351 2429 πάντων.,1τοῖς

110 2440 185 2521 πτή,
210 2438 262 2501 καί
274 2433 315 2511 ἀς
332 2433 446 2513 καπνὸς
463 2435 524 2504 ὑπὸ
536 2443 644 2522 ανέμου
656 2441 714 2505 διε·
748 2438 781 2504 δὲ
794 2442 987 2521 κραταιοῖςίσ
1005 2436 1062 2522 υρά
1071 2441 1228 2518 ἐφίσταται
1238 2439 1349 2522 ἔρευνα.

110 2519 202 2606 χόθη,
215 2523 266 2585 καὶ
276 2516 318 2595 ὡς
328 2526 409 2601 μνεία
421 2518 592 2587 καταλότου
604 2549 714 2626 μσνοη·
748 2523 776 2565 ¹⁰
785 2518 862 2606 πρὸς
875 2517 951 2603 ὑμᾶς
962 2463 1016 2584 οῦν
1028 2508 1054 2584 ιά
1067 2519 1208 2604 τύραννοι
1221 2524 1252 2584 οί
1264 2520 1350 2597 λόγοι

110 2607 204 2689 μέρου
215 2599 393 2687 παράδευσε.
418 2606 553 2670 11δίκαιοι
565 2604 597 2670 δέ
611 2609 649 2681 είς
660 2631 714 2671 τον
748 2631 816 2687 μου,
829 2609 879 2669 ἵνα
891 2600 1008 2687 μάθητε
1016 2608 1126 2684 σοφίαν
1133 2600 1235 2690 καίμή
1248 2630 1351 2685 παρα·

112 2692 210 2753 αίῶνα
226 2689 312 2764 ζῶσι,
337 2689 389 2751 καί
411 2691 442 2752 έν
457 2694 548 2770 κυρίω
573 2686 714 2770 ὑμισθδς
748 2691 868 2793 πέσητε.
892 2689 960 2750 11.οὑ
981 2684 1039 2770 γάρ
1062 2681 1240 2766 φυλάξαντες
1260 2682 1351 2761 ὁσίως

110 2768 224 2846 αὑτῶν,
249 2768 335 2854 καλή
362 2773 483 2856 φροντὶς
504 2754 605 2837 αὑτῶν
628 2771 714 2858 παρά
747 2770 788 2837 τά
800 2767 1122 2851 οσιαὺσιωθήοονται,
1146 2769 1198 2833 καί
1218 2773 1250 2834 οί
1267 2769 1350 2834 διδα-

110 2851 243 2938 ὑφίστῳ.
282 2855 310 2896 11
335 2851 384 2918 διά
399 2859 494 2919 τοῦτο
512 2851 659 2940 λήφονται
676 2853 712 2922 τὸ
747 2858 867 2940 χθέντες
884 2850 962 2919 αὑτά
980 2848 1153 2957 εὑρήσουσιν
1172 2850 1350 2930 ἀπολογίαν.

108 2935 259 3024 βασίλειον
275 2941 328 3021 τῆς
343 2935 514 3024 εὐπρεπείας
529 2942 581 3004 καί
595 2937 632 3005 τὸ
648 2935 713 3005 διά-
748 2941 776 2993 ¹²
788 2937 989 3022 ίπιθυμήσατε
1011 2961 1065 3001 ουν
1082 2941 1144 3001 τῶν
1163 2931 1263 3016 λόγων
1301 2962 1349 3013 ου,

109 3024 189 3104 δημα
210 3024 269 3084 τοῦ
287 3017 414 3096 κάλλους
435 3026 467 3087 ἐκ
488 3022 582 3128 χειρὸς
599 3030 712 3108 κυρίου,
746 3018 905 3105 πσθήσατε
917 3017 1219 3105 καίπαιδευθήσεσθε.
1243 2965 1351 3102 11λαμ-

110 3101 159 3170 ότι
171 3109 209 3194 τῇ
221 3105 299 3187 δεξιᾷ
313 3103 450 3171 σκεπάσει
463 3103 582 3182 αυτοὺς,
604 3109 656 3172 καί
668 3112 711 3191 τῷ
746 3104 810 3190 πρά
823 3107 874 3171 καί
884 3099 1055 3190 ἀμάραντός
1069 3108 1148 3170 ἐστιν
1160 3099 1179 3187 ή
1193 3105 1351 3186 σοφία,ιιαλ

108 3193 243 3276 βραχίονι
256 3184 433 3273 ὑπερασπαῖ
442 3188 551 3254 αὐτῶν.
577 3186 712 3275 11λήιμε-
746 3189 867 3275 εὐχερῶς
878 3200 1036 3275 θεωρεῖται
1052 3183 1113 3253 ὑπὸ
1123 3191 1192 3255 ,τῶν
1205 3183 1352 3264 ἀγαπῶν-

108 3297 159 3335 ται
173 3269 345 3336 πανοπλίαν
359 3274 413 3339 τὸν
430 3273 516 3358 ζῆλον
529 3273 635 3349 αὑτοῦ,
661 3276 712 3340 καί
746 3298 808 3339 των
825 3272 933 3357 αὑτήν,
959 3274 1010 3337 καὶ
1028 3268 1191 3354 εὑρίσκεται
1209 3266 1270 3334 ὑπὸ
1289 3273 1351 3335 τῶν

109 3352 306 3437 ὑπλοπσιήσει
331 3353 386 3457 τήν
417 3363 510 3422 κτίσιν
535 3363 574 3432 εἰς
599 3357 712 3440 ἀμυναν
747 3354 912 3440 ζητούντων
930 3351 1030 3438 αὑτήν.
1065 3354 1094 3395 11
1108 3348 1216 3433 φθάνει
1233 3353 1304 3425 τοὺς
1320 3355 1350 3415 έ-

107 3442 235 3522 ἐχθρῶν.
260 3438 443 3503 19ἐνδυσεται
454 3436 584 3521 θώρακα
598 3442 712 3505 δικαιο-
746 3444 952 3520 πιθυμοῦντας
963 3438 1202 3529 προγνωσθηναη.
1226 3435 1253 3475 ¹⁵
1266 3429 1284 3496 ὁ
1298 3431 1352 3516 ἀρ-

108 3517 209 3602 σάνην,
222 3521 273 3582 καί
285 3517 479 3603 περιθήσεται
487 3518 605 3606 κόρυθα
617 3529 712 3604 κρίσιν
747 3527 858 3606 θρίσας
876 3518 920 3584 ἐπ’
938 3516 1031 3600 αὑτήν
1044 3514 1081 3580 οῦ
1098 3538 1244 3589 κοπιασει,
1257 3509 1348 3599 πάρε-

108 3597 318 3685 ἀνυπόκριτον.
357 3605 388 3646 ²⁰
400 3599 528 3686 λήψεται
547 3601 662 3669 ἀσπίδα
675 3600 712 3667 ἀ·
748 3605 820 3686 δρον
837 3601 897 3684 γάρ
917 3596 1029 3684 εὑρήσει
1045 3602 1107 3662 τῶν
1122 3597 1227 3663 πυλῶν
1246 3597 1350 3663 αὑτοῦ.

106 3680 317 3769 καταμάχητον
335 3680 493 3767 ὁσιότητα,
528 3688 556 3728 ²¹
570 3682 712 3761 όξυνεῖδὲ
748 3684 825 3749 11τὸ
850 3682 908 3771 γάρ
937 3685 1143 3766 ἐνθυμηθῆναι
1167 3684 1235 3766 περὶ
1259 3679 1352 3785 αὑτής

108 3765 267 3849 ἀπότομον
278 3765 370 3871 ὀργήν
388 3773 426 3843 είς
439 3771 601 3854 ῥομφαίαν,
614 3794 713 3834 συνεκ-
749 3763 918 3853 φρονήσεως
930 3762 1086 3850 τελειότης,
1103 3763 1183 3847 καὶὸ
1198 3765 1351 3851 ἀγρυπνη-

106 3851 267 3936 πολεμήσει
279 3851 312 3915 δε
321 3849 407 3934 αὐτῷ
423 3847 441 3915 ὑ
459 3851 569 3933 κόσμος
581 3855 631 3917 ἐπὶ
641 3851 713 3926 τοὺς
749 3878 804 3926 σας
815 3850 849 3917 δι’
865 3846 960 3932 αὑτήν
968 3852 1080 3936 ταχέως
1089 3846 1245 3936 ἀμέριμνος
1257 3851 1350 3914 ἔσται.

107 3931 316 4020 παράφρονας.
354 3931 591 4020 22πορεύσονται
609 3935 713 4002 εῦοτο·
748 3938 775 3980 11
788 3929 835 4000 ότι
847 3931 919 4010 τοῦς
931 3932 1030 4009 ἀξίους
1042 3931 1135 4017 αὐτῆς
1147 3928 1224 4018 αῦτη
1235 3934 1352 4018 περιέρ-
1412 3949 1415 3954 “

107 4044 157 4104 χοι
180 4019 298 4105 βολίδεςγ
317 4015 488 4102 ἀστραπῶν,
511 4022 564 4084 καί
584 4018 634 4097 ὡς
650 4015 712 4086 ἀπὸ
747 4045 835 4105 χεται,
850 4021 997 4101 ζητοῦσα,
1025 4022 1076 4083 καί
1100 4019 1131 4081 ἐν
1153 4029 1219 4093 ταῖς
1240 4020 1351 4126 τρίβοις

108 4098 250 4168 εάκίιιλσυ
259 4098 350 4178 τόξου
361 4107 422 4168 τῶν
430 4107 526 4183 νεφῶν
538 4106 589 4170 ἐπί
601 4101 713 4171 σκοπὸν
749 4099 927 4184 φαντάζεται
952 4098 1055 4177 αὑτοῖς
1078 4098 1218 4184 εάμενῶς,
1243 4127 1296 4166 και
1321 4102 1352 4164 ἐν

109 4181 259 4251 ἀλοῦνται.
285 4188 315 4229 ²³
328 4189 380 4251 καί
399 4189 432 4250 έκ
449 4183 634 4274 πετροβόλου
651 4198 712 4252 θυ-
748 4182 831 4269 πάοη
844 4189 962 4268 ἐπινοίη
974 4181 1093 4268 ὑπαντᾷ
1103 4184 1216 4260 αὐτοῖς.
1241 4185 1270 4228 ¹⁸
1275 4182 1351 4269 ἀρχή

107 4273 167 4350 μοῦ
175 4267 293 4354 πλήρεις
301 4265 480 4373 ῥιφήσονται
490 4266 623 4354 χάλαζαι.
637 4268 713 4347 ἀγα-
747 4257 946 4354 γάράἀτῆςή
965 4265 1157 4354 ἀληθεστάτη
1175 4269 1309 4343 παιδείας
1320 4270 1352 4332 ἔ·

107 4348 245 4434 νακτήσει
256 4377 314 4417 κατ
341 4357 441 4418 αυτῶν
455 4349 535 4439 ὕδωρ
548 4349 711 4434 θαλάσσης,
748 4361 886 4436 πιθυμία.
911 4354 940 4395 ¹⁹
953 4357 1073 4440 φροντὶς
1084 4351 1116 4418 δὲ
1129 4353 1262 4427 παιδείας
1274 4346 1351 4430 ἀγά-

108 4436 244 4514 ποταμολ
261 4432 294 4500 δὲ
312 4431 522 4513 συγκλῦσουσιν
541 4431 710 4519 ἀποτόμως.
748 4463 809 4520 πη,
831 4433 932 4518 ἀγάπη
949 4437 982 4502 δὲ
999 4433 1118 4521 τήρησις
1134 4431 1234 4518 νόμων
1249 4433 1350 4515 αὐτῆς,

110 4516 142 4556 11
156 4512 363 4596 ἀντιστήσεται
379 4517 486 4594 αὐτοῖς
497 4524 612 4602 πνεῦμα
623 4515 712 4586 δυνά·
748 4518 877 4607 προςοχή
890 4518 932 4665 διόΙ
938 4516 1035 4600 νόμων
1051 4522 1207 4605 βεβαίωσις
1225 4512 1351 4623 ἀφθαρ-

936 4623 1000 4663 ua
1285 4624 1350 4675 σιας
