2924 4972
213 232 503 296 ΒΑΣιΛιιιαΝ
530 228 761 292 mmm
799 223 1151 312 Κορώνου.
1240 231 1305 299 401

238 356 271 413 Κ
282 355 361 413 ΕΦ.
404 345 492 413 KB'.
701 363 880 435 γραμματεῖ,
904 352 956 416 καί
969 350 1127 436 τῴἈοαίη
1141 353 1307 439 δούλῳτοΐν

61 400 146 509 Υἱὸς
165 431 244 499 ὀκτιύ
261 437 338 498 ἐτῶν
350 430 470 506 Ἰωσίας
481 433 513 497 ἐν
524 434 570 515 τῷ
580 435 668 517 βασι-
700 434 855 519 βασιλίως,
867 432 971 512 λέγων.
997 436 1025 476 ¹³
1039 435 1119 500 δεῦτε
1132 436 1309 523 ίκζητησατε

59 514 151 586 λεύειν
175 516 285 592 αὐτὸν,
312 517 364 580 καί
388 511 552 600 τριάκοντα
568 516 620 579 καί
636 521 668 579 ὃν
702 514 754 582 τὸν
766 514 866 601 κύριον
878 520 947 603 περί
963 521 1038 601 ἐμοῦ
1049 522 1101 585 καί
1116 523 1184 605 περί
1195 517 1308 597 παντὸς

61 607 131 676 ἔτος
143 600 328 689 ἐβασίλευσεν
341 594 590 702 ίνἹερουσαλημ,
615 599 667 663 καί
701 603 759 664 τοῦ
776 599 852 664 λαοῦ
871 604 923 664 καὶ
934 604 1001 687 περὶ
1012 600 1126 677 παντὸς
1139 607 1193 668 τοῦ
1205 599 1309 669 Ἰούδα

61 686 155 768 ὄνομα
167 688 206 749 τ’
217 685 306 767 μητρί
318 679 416 748 αὐτοῦ
436 682 518 747 Ιεδία
529 679 666 767 θυγάτηρ
702 683 754 746 καί
770 684 837 766 περί
854 687 915 747 τῶν
931 679 1029 761 λόγων
1045 691 1103 752 τοῦ
1115 686 1233 791 βιβλίου
1250 688 1308 751 τοῦ

58 765 156 834 Ἐδεῖά
188 795 206 832 κ
224 763 411 851 Βαοουρώθ.
449 766 527 829 2καλ
546 767 666 847 ἐποίησε
702 761 1006 849 εύρεθίντοςτούτου,
1019 763 1309 875 δτιραγαληῆδργη

59 850 97 918 τὸ
122 849 208 924 εύθὲς
233 853 265 915 ἰν
282 847 452 931 ὀφθαλμοῖς
469 855 589 931 κυρίου,
616 850 667 913 καί
701 854 804 933 κυρίου
822 850 1010 932 ίκκεκαυμίνη
1029 851 1059 915 ίν
1073 865 1154 935 ημῖν,
1180 849 1255 935 ύπίρ
1270 878 1308 919 ου

59 930 212 1020 ἐπορεύθη
225 937 256 997 ἐν
264 933 347 1035 πόση
360 931 423 1011 ὁδῷ
432 932 531 997 Δαυίδ
539 936 596 996 τοῦ
604 956 667 995 πα·
701 929 756 996 οὐκ
770 929 901 1014 ἤκουσαν
913 934 945 995 οί
955 933 1079 1018 πατέρες
1091 932 1173 1018 ἡμῶν
1182 942 1243 1002 τῶν
1253 930 1307 1001 λό-

58 1017 131 1103 τρὸς
144 1015 249 1092 αὐτοῦ,
263 1011 665 1098 ούκαπέστηδεξιάκαὶάρι-
700 1037 762 1091 γων
787 1017 842 1077 τοῦ
867 1012 981 1098 βιβλίου
1005 1010 1116 1081 τούτου
1141 1022 1196 1083 τοῦ
1212 1030 1306 1085 ποιεῖν

60 1095 159 1182 στερά.
185 1100 264 1163 3καὶ
276 1093 400 1180 ἐγενηθη
418 1100 450 1161 ἐν
462 1103 506 1179 τῷ
520 1096 666 1162 ὀκτωκαι-
701 1093 781 1161 κατά
790 1090 891 1160 πάντα
901 1094 939 1159 τά
948 1101 1131 1179 γεγραμμένα
1140 1099 1208 1165 καθ’
1217 1097 1307 1185 ἡμῶν.

60 1178 176 1265 δεκάτῳ
194 1184 251 1246 ἔτει
267 1185 313 1263 τῷ
349 1179 443 1245 ααιλεῖ
456 1178 560 1261 Ἰωσίᾳ
576 1181 607 1242 ἐν
623 1182 667 1261 τῷ
702 1179 731 1221 ¹⁴
742 1180 794 1243 καί
805 1174 956 1263 ἐπορεύθη
970 1178 1100 1255 Χελκίας
1113 1177 1130 1245 ὃ
1145 1180 1246 1265 ίερεύς,
1259 1184 1310 1249 καί

60 1267 129 1345 μηνί
144 1268 189 1345 τῷ
202 1257 302 1344 ὀγδόῳ
322 1261 490 1327 απέστειλεν
503 1261 520 1326 ὁ
533 1259 668 1346 βασιλεύς
697 1259 834 1345 Ἀχικάμ,
856 1262 908 1326 καὶ
920 1259 1071 1365 Ἀηοβώρ,
1096 1264 1148 1327 καί
1163 1261 1310 1344 Σαπαάν,

60 1345 118 1410 τὸν
136 1344 269 1425 Σαπφάν
285 1341 351 1410 υἱὸν
363 1341 492 1419 Ἐζελίου
510 1347 578 1409 υἱοῦ
598 1351 668 1409 Με·
703 1350 755 1409 καὶ
768 1342 893 1419 Ἀσαΐας
904 1370 981 1427 προς
993 1343 1107 1409 ’Ὁλδαν
1124 1342 1178 1429 την
1190 1350 1312 1431 προφη-

61 1427 177 1509 οολλάμ
193 1427 247 1493 τὸν
263 1429 440 1509 γραμματέα
456 1427 541 1492 οἴκου
553 1433 667 1511 κυρίου,
703 1452 750 1491 τιν
760 1431 873 1530 ριητίρα
884 1425 1002 1511 Σελλημ
1013 1431 1083 1491 υίοῦ
1096 1426 1230 1494 Θεκονάν
1242 1430 1312 1493 υίού

59 1511 164 1588 λέγων.
191 1507 352 1615 4ἀνάβηθι
369 1509 446 1595 πρὸς
464 1508 597 1575 Χελκίαν
615 1508 668 1575 τὸν
698 1509 788 1594 Ἀρας
813 1514 870 1575 τοῦ
895 1505 1134 1593 ίματιοφύλακος.
1164 1513 1217 1577 καί
1233 1506 1310 1597 αύτη

60 1597 141 1677 ἱερέα
165 1590 219 1657 τὸν
242 1616 350 1676 μεγαν,
375 1593 427 1657 καὶ
448 1587 611 1679 οφράγισον
629 1592 666 1657 τὸ
702 1588 826 1676 κατῴκει
844 1597 874 1658 ἐν
886 1588 1082 1679 Ἰερουσαλὴμ
1098 1597 1308 1678 λντῆμασενηῖ

59 1672 203 1759 ἀργύριον
230 1677 267 1740 τὸ
292 1674 443 1759 εἰςενεχθέν
467 1678 499 1740 ἐν
522 1677 596 1759 οἴκῳ
613 1701 666 1739 κυ-
702 1678 754 1740 καὶ
766 1671 911 1758 ἐλάλησαν
923 1673 1001 1760 πρὸς
1012 1671 1112 1757 αύτην.
1132 1660 1218 1741 15’καί
1231 1676 1310 1742 εἶπεν

59 1766 128 1844 ρίου
147 1755 167 1822 ὃ
179 1755 345 1842 συνήγαγον
359 1762 389 1823 οἱ
401 1753 600 1839 φυλάσσοντες
612 1756 666 1823 τὸν
703 1757 815 1835 αὐτοῖς.
840 1755 912 1824 τάδε
928 1759 1004 1837 λε’γει
1021 1755 1122 1844 κύριος
1134 1754 1152 1823 δ
1165 1755 1234 1834 θεὸς
1249 1758 1310 1825 Ἰο-

58 1839 195 1923 σταθμδν
206 1840 292 1927 παρά
304 1844 360 1907 τοῦ
372 1841 460 1917 λαοῦ,
477 1843 556 1907 6καί
567 1836 664 1906 δότω-
702 1838 787 1926 ραηλ
814 1842 915 1907 εἴπατε
937 1846 983 1925 τῷ
999 1839 1085 1924 άνδρί
1104 1846 1148 1907 τῶ
1166 1839 1309 1909 άποστεί-

59 1948 113 1989 σαν
122 1923 198 1990 αὐτὸ
209 1927 260 1990 ἐπὶ
270 1936 353 2011 χεῖρα
361 1921 531 1990 ποιούντων
542 1921 581 1990 τά
589 1927 664 2009 ἔργα
702 1927 788 1991 λαντι
801 1922 875 2008 ὑμᾶς
887 1923 964 2011 πρὸς
974 1923 1020 2007 μά,
1044 1925 1074 1969 ¹⁶
1085 1907 1156 1991 τάδε
1167 1926 1242 2005 λε’γει
1255 1921 1310 1991 κύ-

58 2012 119 2073 wir
144 2013 371 2091 καθεσταμένων
396 2012 427 2072 ίν
450 2009 524 2092 οἴκῳ
548 2015 662 2093 κυρίου.
702 2034 772 2095 ρως.
810 2010 877 2075 ἰδοὺ
894 2007 953 2087 ίγώ
970 2003 1075 2086 ἐπάγω
1094 2007 1172 2075 κακά
1188 2011 1239 2074 ίπί
1256 2006 1309 2075 τὸν

57 2092 108 2154 καί
122 2092 225 2156 ἔδωκεν
237 2089 314 2156 αὐτὸ
327 2102 392 2166 τοῖς
403 2096 524 2157 ποιοῦσι
536 2091 576 2156 τά
590 2096 664 2175 ἔργα
703 2088 798 2156 τύπον
809 2096 933 2168 τοῦτον,
949 2093 1002 2156 καί
1013 2093 1064 2156 ἐπὶ
1076 2090 1148 2168 τοὺς
1160 2094 1309 2158 ἐνοικούν-

58 2185 121 2247 τοῖς
135 2176 165 2238 ἐν
176 2177 249 2258 οἴκῳ
261 2181 363 2258 κυρίου
376 2179 432 2239 τοῦ
442 2178 615 2258 κατισχύσαι
626 2168 663 2237 τὸ
702 2198 756 2249 τας
768 2171 861 2239 αὐτὸν
872 2169 988 2249 πάντας
999 2173 1069 2248 τοὺς
1079 2172 1186 2251 λόγους
1197 2178 1253 2241 τοῦ
1259 2179 1309 2322 βι-

57 2256 140 2341 βεδὲκ
153 2261 207 2321 τοῦ
219 2259 303 2321 οἴκου
320 2259 403 2332 6τοῖς
414 2259 530 2322 τέκτοσι
541 2258 592 2320 καί
604 2266 667 2329 τοῖς
702 2256 787 2341 βλίου
817 2252 869 2359 οὓς
899 2254 1010 2333 ἀνέγνω
1033 2252 1168 2341 βασιλεύς
1195 2254 1257 2323 Ἰού
1277 2284 1308 2332 α,

58 2333 226 2419 ολκοδόμοις
243 2341 296 2404 καί
307 2349 371 2412 τοῖς
382 2349 537 2421 τειχισταίς
549 2340 601 2404 καί
612 2342 667 2402 τοῦ
703 2340 730 2382 ¹⁷
743 2334 811 2403 ἀνθ’
839 2361 881 2402 ων
906 2333 1097 2414 ἐγκατελιπόν
1112 2364 1148 2423 με
1163 2342 1216 2404 καὶ
1233 2344 1308 2406 ἐθυ-

58 2419 231 2521 κτηοασθαι
254 2417 329 2495 ξύλα
345 2423 398 2483 καί
413 2420 519 2496 λίθους
536 2421 668 2502 λατομη-
703 2426 779 2503 μίων
788 2429 873 2494 θεοῖς
882 2422 1002 2503 ἑτέροις,
1011 2416 1094 2495 ὅπως
1102 2426 1311 2506 παροργίσωοί

58 2527 148 2576 τους,
173 2506 229 2564 τοῦ
253 2504 440 2586 κραταιῶσαι
458 2500 494 2564 τὸ
511 2501 593 2585 βεδὲκ
611 2505 667 2564 τοῦ
703 2527 738 2583 με
760 2505 791 2564 ἐν
807 2511 871 2575 τοῖς
887 2503 982 2603 ἔργοις
997 2504 1058 2565 τῶν
1078 2507 1181 2602 χειρῶν
1198 2500 1309 2576 αὐτῶν,

60 2586 161 2648 οἴκου.
174 2580 271 2666 7πλην
285 2580 339 2646 οὐκ
353 2580 547 2658 ἐξελογίζοντο
558 2579 668 2657 αύτούς
704 2584 756 2647 καί
781 2586 995 2666 ἐκκαυθηοεται
1019 2593 1115 2665 θυμος
1139 2608 1197 2666 μου
1218 2587 1248 2648 ἐν
1265 2588 1311 2665 τῷ

58 2663 98 2730 τὸ
112 2660 251 2749 άργύριον
267 2663 304 2729 τό
322 2660 469 2746 διδόμενον
481 2664 597 2740 αὐτοῖς,
621 2661 669 2729 ὅτι
704 2664 791 2748 τόπῳ
801 2661 899 2747 τούτῳ
909 2663 1008 2731 καίού
1018 2660 1218 2769 σβεσθηοεται.
1226 2666 1254 2708 ¹⁸
1260 2670 1311 2731 καλ

58 2753 93 2816 ἐν
117 2755 215 2815 πίστει
236 2746 323 2813 αὐτοὶ
341 2752 473 2813 ποιοῦσι.
511 2750 590 2813 θκαί
606 2746 668 2813 εἶπε
702 2749 779 2832 πρὸς
790 2749 916 2834 βασιλέα
931 2745 1031 2815 Ἰούδα
1047 2747 1099 2815 τὸν
1112 2746 1308 2816 αποστείλαν-

59 2834 190 2909 Χελκίας
199 2829 217 2898 ὁ
227 2829 316 2918 ἱερεύς
326 2829 343 2896 ὁ
351 2828 666 2917 μέγαςπρὸςΣαπιράν
702 2859 742 2898 τα
756 2828 830 2915 ύμάς
842 2834 1013 2917 ἐπιζητῆσαι
1027 2832 1080 2898 τὸν
1096 2831 1211 2919 κύριον,
1236 2830 1308 2898 τάδε

57 2916 112 2983 τὸν
123 2919 305 3003 γραμματέα.
317 2916 432 3002 βιβλίον
443 2920 500 2980 τοῦ
511 2911 604 2999 νόμου
616 2905 664 2979 εὖ·
702 2920 791 3001 ἐρεῖτε
809 2914 886 3000 πρὸς
904 2912 1005 2982 αὐτόν.
1031 2911 1101 2981 τάδε
1116 2917 1190 2994 λέγει
1208 2908 1308 3003 κύριος

57 3024 111 3087 ρον
127 3005 159 3064 ἐν
176 3003 248 3083 οἴκῳ
265 3005 375 3085 κυρίου.
405 3000 457 3064 καί
473 3000 564 3065 ὲδωκε
581 2998 662 3063 Χελ-
702 2997 719 3065 ὁ
732 2998 806 3074 θεὸς
816 2995 946 3105 Ἰρραηλ.
960 3005 991 3065 οί
1003 2996 1088 3078 λόγοι
1101 2996 1153 3076 οὓς
1165 2998 1306 3103 ᾔκουοας,

56 3090 123 3159 κίας
147 3082 183 3147 τὸ
207 3083 322 3170 βιβλίον
343 3079 420 3167 πρὸς
435 3081 585 3164 Σαπφάν,
611 3084 662 3147 καὶ
699 3079 810 3148 19άνθ’
838 3108 880 3147 ων
905 3079 953 3148 ο’τι
977 3080 1138 3169 ἧπαλύνθη
1160 3084 1305 3171 ηκαρδία

57 3165 167 3243 ἀνέγνω
187 3162 271 3233 αὐτό.
298 3168 313 3209 ⁹
326 3167 378 3231 καί
395 3165 525 3249 εἲςηλθεν
542 3170 574 3230 ἐν
586 3167 660 3250 οἴκῳ
700 3193 752 3232 σου
765 3167 818 3232 καί
834 3163 996 3252 ἐνετράπης,
1009 3164 1073 3233 άπὸ
1086 3163 1250 3254 προσώπου
1263 3163 1305 3241 ὡς

56 3256 158 3335 κυρίου
181 3247 256 3336 πρὸς
280 3248 489 3333 τὸνβασιλέα,
514 3251 567 3314 καί
584 3247 660 3315 άπί-
698 3249 826 3333 ἤκουσας
843 3246 903 3316 ὅσα
915 3248 1049 3334 ἐλάλησα
1081 3255 1131 3316 ἐπὶ
1142 3248 1197 3316 τὸν
1208 3245 1305 3316 τόπον

57 3352 165 3417 στρεψε
189 3339 233 3415 τῷ
258 3331 373 3415 βασιλεῖ
387 3333 481 3415 ῥῆμα,
506 3335 558 3396 καί
574 3331 658 3396 εἶπεν.
697 3337 807 3396 τοῦτον
824 3333 875 3395 καί
894 3335 944 3396 ἐπὶ
960 3331 1031 3406 τούς
1044 3335 1231 3406 ἐνοικοῦντας
1243 3330 1304 3396 αύ-

87 3413 218 3478 ώνευοαν
236 3417 267 3476 οῖ
284 3413 388 3476 δοῦλοί
400 3437 454 3476 σου
471 3408 540 3476 τόά
559 3409 661 3497 γύριον
698 3410 751 3477 τὸν
774 3416 832 3476 τοῦ
859 3409 930 3476 είναι
953 3419 992 3487 εἰς
1009 3411 1174 3495 ἀφανισμὸν
1193 3410 1244 3477 καί
1264 3416 1304 3487 είς

53 3523 92 3562 το
106 3491 224 3580 εὑρεθὲν
237 3497 267 3557 ἐν
279 3495 353 3576 οἴκῳ
363 3498 475 3575 κυρίου,
486 3495 537 3557 καί
546 3495 660 3560 ε’δωκαν
698 3489 842 3577 κατάραν,
855 3495 905 3557 καί
917 3496 1066 3578 διίρρηξας
1079 3495 1118 3559 τά
1132 3489 1236 3577 ἱμάτιά
1249 3519 1304 3558 σου

55 3576 133 3644 αὐτὸ
162 3577 211 3641 ἐπί
234 3586 316 3660 χεῖρα
340 3570 504 3639 ποιούντων
525 3572 565 3639 τά
587 3579 660 3660 ἔργα
698 3579 750 3641 καί
762 3574 907 3651 ἔκλαυσας
919 3573 1045 3641 ἐνώπιόν
1055 3603 1122 3659 μου,
1139 3582 1192 3640 καί
1200 3601 1233 3654 γε
1245 3573 1303 3654 ἐγώ

53 3663 284 3743 καθεσταμένων
302 3662 334 3723 ἐν
349 3658 422 3739 οἴκῳ
435 3663 545 3737 κυρίου.
570 3660 599 3701 ¹⁰
611 3660 662 3722 καὶ
699 3658 829 3740 ἤκουσα,
854 3658 932 3737 λέγει
948 3655 1055 3744 κύριος.
1080 3662 1112 3703 ²⁰
1125 3655 1178 3744 ούχ
1195 3654 1302 3736 ούτως,

54 3745 117 3810 εἷπε
129 3743 264 3824 Σαπιράν
283 3739 301 3805 ὁ
319 3741 503 3823 γραμματεὺς
520 3739 597 3825 πρὸς
609 3737 662 3805 τὸν
700 3739 764 3805 ἰδοὺ
776 3747 958 3824 προςτίθημί
967 3768 998 3807 σε
1007 3740 1084 3827 πρὸς
1091 3739 1161 3818 τούς
1169 3745 1302 3830 πατέρας

54 3829 187 3914 βασιλέα,
198 3827 299 3903 λέγων.
308 3824 420 3912 βιβλίον
429 3824 522 3888 ἔδωκε’
525 3850 575 3906 μοι
582 3823 661 3888 Χιλ-
700 3849 764 3899 σου,
777 3825 828 3886 καὶ
841 3821 1012 3918 συναχθηση
1025 3831 1064 3901 είς
1076 3824 1130 3892 τὸν
1142 3824 1239 3909 τάφον
1248 3855 1301 3894 σου

55 3918 121 3986 κίας
134 3909 152 3975 ὁ
167 3908 269 3996 ἱερεύς,
289 3912 341 3973 καὶ
354 3905 467 3984 άνέγνω
482 3905 557 3973 αὐτὸ
570 3914 661 3973 Σαπ-
698 3910 729 3972 ἐν
741 3912 783 3992 είρ
794 3900 855 3999 νη,
880 3911 932 3972 καὶ
949 3906 1004 3974 οὐκ
1016 3905 1182 3993 δοθήσεται
1195 3915 1225 3977 ἓν
1238 3924 1300 3987 τοῖς

56 3994 115 4074 φάν
127 3989 253 4059 ἐνώπιον
263 3997 320 4057 τοῦ
332 3990 485 4078 βασιλέως.
498 3996 523 4033 ¹¹
533 3993 584 4056 καί
597 3993 658 4069 ἕγέ-
698 3988 786 4074 ὀφθα
825 4002 871 4066 οἷς
885 4018 941 4056 σου
951 3997 983 4059 ἕν
991 3996 1065 4058 πᾶσι
1074 4004 1136 4070 τοῖς
1145 4005 1246 4072 κακοῖς
1257 3995 1300 4073 οἷς

54 4101 122 4143 νετο
141 4073 181 4150 ὡς
198 4077 320 4161 ἤκουσεν
336 4074 354 4140 ὁ
370 4072 501 4161 βασιλεὺς
518 4074 589 4150 τούς
606 4073 659 4140 λό-
697 4070 755 4153 ίγιύ
767 4079 822 4158 εἰμι
835 4070 938 4155 ἐπάγω
952 4077 1002 4141 ἰπί
1013 4068 1066 4143 τδν
1078 4073 1299 4146 τόποντοῦτον.Ι

54 4185 127 4238 γους
138 4160 252 4245 βιβλίου
268 4163 325 4225 τοῦ
338 4156 443 4241 νόμου,
467 4160 519 4223 καὶ
531 4159 659 4244 διέρρηξε
873 4165 908 4224 Κ
919 4167 949 4223 Ε
962 4165 1000 4224 Φ.
1043 4159 1128 4228 ΚΓ.

53 4242 95 4308 τά
109 4238 211 4326 ίμάτια
223 4245 340 4308 ἑαυτοῦ.
363 4244 391 4284 ¹²
402 4243 454 4306 καί
466 4243 627 4307 ἐνετείλατο
640 4237 658 4305 ὁ
696 4207 780 4306 Καί
792 4246 975 4329 ἐπέστρεψαν
988 4244 1033 4329 τῷ
1042 4247 1159 4332 βασιλεῖ
1165 4243 1200 4310 τὸ
1210 4247 1298 4330 ῥῆμα.

47 4323 190 4429 βασιλεὺς
202 4331 246 4408 τῷ
261 4326 376 4390 Χελκία
388 4329 431 4408 τῷ
446 4327 530 4410 ῖερεῖ,
552 4327 603 4389 καί
614 4328 660 4407 τῷ
695 4327 746 4388 καί
769 4322 938 4393 ἀπέστειλεν
954 4325 972 4392 ὁ
988 4329 1136 4415 βασιλεὺς,
1162 4330 1213 4390 καί
1230 4352 1298 4392 συν·

46 4409 171 4492 Λχικάμ
183 4412 240 4491 υίηῑ
252 4388 398 4490 Σαπφάν,
412 4409 463 4470 καί
475 4413 518 4489 τῷ
526 4406 658 4511 Ἀηοβιὸρ
696 4401 785 4489 ήγαγε
801 4410 876 4493 πρὸς
895 4411 1003 4475 ἑαυτὸν
1021 4407 1134 4481 πάντας
1146 4405 1215 4480 τοὺς
1228 4432 1300 4509 πρε-

51 4495 108 4576 υίῷ
136 4497 289 4576 Μιχαίου,
313 4493 365 4555 καί
389 4495 434 4573 τῷ
457 4496 592 4572 Σαπφαν
614 4493 659 4572 τῷ
697 4491 866 4631 σβυτέρουέ
885 4487 986 4555 Ἰούδα
1017 4492 1069 4552 καί
1095 4486 1305 4624 Ἱερουσααλημί

878 4593 896 4632 c
1250 4588 1292 4624 κα
