2924 4972
153 181 219 246 230
487 184 592 242 [ΗΣ
603 184 629 243 0
644 183 714 243 ΤΣ
751 185 828 261 Κεφ.
843 175 893 245 ιδ’.
909 179 950 245 ιε’.
966 177 1015 247 14.
1031 183 1080 247 15.

151 303 234 391 βρὼν
246 306 291 383 τῷ
306 298 411 386 Χάλεβ
426 303 481 382 υἱῷ
496 299 611 383 Ἰεφονη
631 303 689 382 υἱῲ
702 303 763 363 Κε-
802 301 873 363 9καὶ
885 296 1043 386 διεκβάλλει
1057 296 1094 363 τό
1107 297 1190 386 ὅριοι
1201 299 1266 366 ἀπὸ
1276 308 1418 405 κορυφῇς,

152 389 201 462 νεῖ
214 388 245 450 ἐν
258 379 365 469 κλήρῳ.
396 385 425 437 ¹⁴
438 382 489 449 διὰ
502 387 593 447 τοῦτο
606 377 762 465 ἐγενηθηῆ
802 386 859 447 τοῦ
872 381 963 467 ὅρους
976 384 1029 447 ἐπὶ
1039 381 1137 486 πηγην
1150 379 1258 459 ῦδατος
1268 388 1410 466 Ναφθω,

154 466 281 556 Χεβρὼν
304 473 349 551 τῴ
370 463 477 554 Χύλεβ
500 471 544 550 τῷ
570 471 625 530 τοῦ
647 463 764 548 Ἰεφονῆ
802 462 1023 550 καὶδιεκβάλλει
1036 471 1074 541 εἷς
1087 492 1123 531 το
1136 462 1345 571 όροςἘφριόν.
1359 474 1412 535 καὶ

152 558 210 617 τοῦ
224 555 383 628 Κενεζαίου
399 555 431 615 ἐν
445 548 547 634 κλήρῳ
559 553 615 623 ἕως
628 551 680 633 της
692 546 762 632 ἡμί-
802 546 863 624 άξει
876 548 912 612 τὸ
926 544 1011 635 ὅριοι
1024 553 1063 624 εἷς
1072 545 1173 613 Βαάλ.
1188 545 1264 634 αῦτη
1275 554 1339 616 εστὶ
1350 548 1410 617 πό-

153 663 207 722 ροις
221 631 343 718 ταύτης,
368 632 418 699 διὰ
435 631 472 697 τὸ
487 631 580 696 αὐτὸν
594 632 761 697 ίπακολου-
802 632 846 707 λις
855 630 961 717 Ἰαρίμ
995 627 1310 719 10καὶπεριελεῦσεται
1323 630 1410 720 ῦριον

153 726 247 804 θησαι
270 723 314 800 τῷ
332 710 536 802 προςτάγματι
559 720 662 796 κυρίου
686 719 761 780 θεοῦ
802 712 866 782 ἀπὸ
878 713 974 780 Βαάλ
990 711 1226 790 ίπίθύλασσαν,
1251 719 1302 780 καὶ
1314 745 1409 804 παρε-

152 799 282 888 Ἰσραηλ
321 801 348 843 ¹⁵
363 797 398 865 τὸ
416 799 447 867 δὲ
461 798 556 881 ὄνομα
570 803 622 898 της
634 797 761 883 Χεβρών
802 794 933 864 λεύσεται
959 803 997 873 εἰς
1022 797 1093 883 ὄρος
1112 795 1223 884 Ἀσσάρ
1242 802 1292 864 ἐπὶ
1311 797 1409 866 νώτου

152 875 188 970 ἦν
204 882 241 949 τό
258 878 405 969 πρότερον
422 878 510 957 πόλις
523 880 632 968 Ἀργοβ
647 879 761 967 μητρό-
801 876 889 946 πόλιν
909 878 1002 966 Ἰαρὶν
1027 879 1090 951 άπὸ
1105 883 1210 984 βοβρῦ.
1248 880 1326 966 αῦτη
1346 889 1408 950 ἐστὶ

152 968 237 1043 πσλις
263 972 323 1032 τῶν
344 964 466 1047 Ἐνακίμ
491 963 575 1048 αῦτη.
614 967 664 1029 καί
684 962 702 1050 η
721 970 760 1050 γῆ
803 958 945 1031 Χασλιύν.
971 965 1024 1029 καί
1040 968 1237 1051 καταβησεται
1255 967 1305 1030 ἐπὶ
1322 964 1408 1032 πόλιν

153 1047 281 1117 ἐκόπασε
293 1055 348 1116 τοῦ
360 1049 506 1132 πολέμου.
802 1046 900 1131 ἡλίου,
936 1048 988 1113 καί
1019 1044 1228 1134 παρελεύσεται
1254 1052 1305 1114 ἐπὶ
1329 1050 1407 1137 λίβα.

337 1139 372 1198 Κ
383 1139 413 1196 E
425 1138 463 1197 (ί).
507 1128 575 1201 Πί,
801 1132 889 1195 11καὶ
901 1131 1060 1218 διεκβαλλει
1074 1128 1110 1196 τό
1124 1127 1205 1219 ὅρων
1219 1129 1298 1197 κατά
1310 1131 1408 1200 νώτου

152 1184 237 1282 Καὶ
262 1220 372 1295 ίγὲνετο
395 1215 434 1280 τὰ
454 1212 524 1300 ὅρια
543 1215 638 1299 φυλῆς
658 1211 761 1282 Ἰούδα
796 1211 950 1299 Ἀκκαρών
976 1216 1026 1279 ἐπὶ
1048 1216 1173 1304 βορρἇ,
1199 1218 1249 1280 καὶ
1267 1216 1411 1318 διεκβαλεΐ

152 1300 229 1367 κατὰ
252 1295 361 1385 δημους
382 1297 485 1366 αὐτῶν
504 1296 569 1364 άπὸ
587 1305 648 1364 τῶν
670 1294 762 1384 ὁρίων
801 1294 841 1362 τά
855 1291 925 1383 ὅρια
937 1302 976 1373 εἰς
988 1295 1127 1382 Σοκχώθ,
1140 1300 1192 1363 καὶ
1200 1299 1409 1384 παρελευσετιιι

152 1389 202 1467 τῆς
225 1381 394 1465 Ἰδουμαίας
419 1381 482 1447 ἀπὸ
508 1386 562 1465 τῆς
578 1378 689 1468 ἐρήμου
706 1384 762 1446 Σίν
803 1377 873 1465 ὅρια
886 1383 937 1446 ἐπὶ
949 1381 1030 1468 λίβα,
1049 1383 1100 1446 καί
1112 1383 1257 1531 διεκβαλεῖ
1268 1386 1317 1448 ἐπὶ
1330 1391 1410 1472 Λεβ-

152 1474 207 1542 ἕως
220 1463 325 1570 Κάδης
336 1466 413 1550 πρὸς
426 1465 504 1550 λίβα.
543 1467 622 1530 2καὶ
639 1460 761 1549 ἐγενηθη
803 1463 854 1540 νύ,
880 1465 932 1535 καί
949 1468 1033 1532 ἔσται
1053 1461 1072 1549 ἢ
1090 1465 1165 1542 διεξο
1186 1493 1218 1540 ος
1236 1471 1296 1532 τῶν
1319 1463 1410 1553 ὁρίων

153 1550 255 1616 αύτιῦν
271 1567 311 1614 τα
330 1546 399 1634 ὅρια
416 1546 480 1613 σἰπό
494 1546 576 1652 λιβός
589 1553 645 1625 ἕως
677 1551 762 1635 ε’ρους
803 1549 854 1612 ἐπὶ
866 1542 1039 1624 θάλασσαν,
1065 1551 1092 1594 ¹²
1105 1549 1208 1618 καὶτὰ
1227 1546 1295 1635 ὅρια
1307 1550 1410 1619 αὐτῶν

154 1628 306 1717 θαλάσσης
317 1637 370 1717 τῆς
388 1627 497 1715 ἁλυκῑγς
510 1630 574 1697 απὸ
588 1636 640 1716 τῆς
653 1575 762 1714 λοφιᾶς
803 1627 866 1697 άπὸ
879 1626 1045 1715 θαλάσσης.
1070 1658 1089 1736 η
1102 1628 1247 1698 θάλασσα
1265 1630 1282 1716 ἢ
1294 1631 1408 1738 μεγάλη

154 1721 203 1802 της
217 1713 360 1802 φερούσης
376 1716 427 1780 ε’πὶ
438 1715 518 1802 λίβα,
557 1716 572 1758 ³
584 1717 635 1785 καί
652 1715 761 1781 διαπο-
803 1711 883 1799 ὁριεῒ.
910 1719 1008 1780 ταῦτα
1021 1712 1060 1780 τὰ
1074 1711 1146 1801 σ’ρια
1158 1721 1230 1781 υἷιῦν
1239 1715 1343 1784 Ἰουδα
1355 1714 1406 1782 κύ-

151 1795 264 1884 ρεύεται
287 1798 428 1871 ἀπέναντι
446 1804 498 1882 τῆς
516 1794 761 1885 προςαναβάσεως
801 1797 864 1881 κλιμ
886 1797 964 1867 κατὰ
983 1793 1093 1902 δημίους
1111 1796 1219 1864 αύτιῦν.
1258 1802 1347 1865 13καὶ
1363 1808 1408 1884 τῷ

147 1880 294 1988 Ἀκραβίν.
331 1884 382 1949 καί
400 1877 653 1968 ἐκπεριπορεύεται
671 1881 760 1958 Σενύ,
803 1880 909 1967 Χάλεβ
933 1886 988 1965 υἱῷ
1018 1887 1126 1965 Ιεφονῖγ
1151 1883 1239 1949 ἔδωκε
1254 1887 1359 1970 μερίδα
1378 1889 1410 1949 ἐν

150 1971 202 2033 καί
224 1971 374 2054 αναβαίνει
399 1963 460 2037 άπὸ
487 1966 568 2053 λιβὸς
590 1966 641 2030 ἐπὶ
658 1961 761 2051 Κάδης
799 1968 879 2048 μέσῳ
898 1969 971 2029 υἱῶν
993 1962 1097 2032 Ἰούδα
1115 1963 1165 2031 διὰ
1181 1964 1408 2052 προςτάγματος

151 2057 269 2138 Βαρνη.
284 2052 336 2117 καὶ
347 2044 533 2135 ἐκπορεύεται
546 2046 697 2134 Ἀσωρὼν,
710 2051 761 2120 καὶ
800 2052 857 2113 τοῦ
874 2053 959 2113 θεοῦ.
997 2051 1049 2114 καί
1067 2050 1174 2114 ἔδωκεν
1192 2049 1275 2115 αὐτοῦ
1291 2049 1409 2135 Ἰησοῦς

152 2138 377 2220 προςαναβαίνει
390 2138 430 2208 είς
442 2128 580 2218 Σάραδα.
606 2134 658 2197 καὶ
669 2135 761 2198 ἐκπο-
800 2128 855 2236 την
877 2128 967 2199 πόλιν
986 2128 1023 2197 ‘A
1038 2129 1095 2219 βόκ
1112 2116 1296 2258 μητρόπολιν
1309 2132 1408 2200 Ἐνύκ.

151 2214 267 2303 ρεύεται
279 2217 335 2301 τὴν
346 2215 426 2282 κατά
439 2212 551 2300 δυσμάς
561 2210 675 2300 Κάδης,
687 2215 762 2282 4καί
801 2211 878 2300 αύτη
891 2217 956 2280 ἐστὶ
969 2159 1106 2321 Χεβρών.
1124 2221 1135 2258 ¹
1159 2219 1209 2282 καὶ
1221 2214 1408 2305 ἕξωλόθρευ-

152 2299 343 2385 ἐκπορεύεται
356 2302 405 2364 ἐπὶ
417 2299 597 2383 Σελμωνύν,
622 2303 675 2366 καί
686 2300 762 2365 διεκ-
801 2322 848 2364 σεν
864 2302 975 2363 ἐκεῖθεν
993 2301 1099 2388 Χαλεβ
1117 2299 1181 2375 υίὸς
1199 2297 1316 2384 Ἰεφονίη
1336 2299 1409 2378 τούς

151 2379 253 2472 βάλλει
270 2388 325 2457 ἕως
343 2378 497 2468 φάραγγος
514 2379 685 2463 Αἰγύπτου.
711 2384 763 2450 καί
801 2392 877 2468 τρεῖς
895 2379 978 2457 υἱούς
993 2379 1082 2449 Ἐνάκ
1101 2380 1153 2449 τόν
1164 2386 1259 2449 Σουσί
1276 2386 1328 2448 καὶ
1345 2385 1409 2450 Θο-

152 2472 237 2535 ὲίτται
251 2464 349 2534 αύτοῦ
360 2463 379 2552 ἦ
392 2467 524 2544 διέξοδος
535 2473 596 2532 τῶν
607 2463 700 2552 ὁρίων
712 2467 763 2533 ἐπὶ
801 2464 873 2547 λαμὶ
884 2467 935 2530 καὶ
948 2464 1001 2530 τόν
1008 2463 1121 2554 Ἀχιμᾶ.
1141 2469 1224 2532 15καὶ
1237 2464 1324 2556 ἆνέβη
1335 2471 1409 2534 ε’κεί-

151 2549 206 2635 τίγν
231 2550 401 2622 θάλασσαν.
439 2546 533 2616 τοῦτό
560 2556 639 2616 ἐστιν
662 2549 763 2616 αῦτιῖιν
801 2559 854 2614 θεν
864 2545 971 2635 Χύλεβ
981 2554 1031 2617 ἐπὶ
1040 2549 1111 2626 τούς
1119 2557 1335 2628 κατοικοῦντας
1344 2559 1409 2617 Δα-

152 2633 222 2721 ὅρια
239 2635 301 2701 άπὸ
321 2630 410 2719 λιβός.
449 2635 529 2700 6καί
549 2632 589 2699 τά
608 2630 678 2738 ὅρια
698 2631 762 2699 ἀπὸ
800 2637 858 2721 βίρ.
898 2632 933 2698 τὸ
952 2631 985 2698 δὲ
998 2632 1095 2718 ὄνομα
1108 2637 1206 2722 Δαβίρ
1223 2623 1259 2718 ἦν
1276 2635 1311 2701 τό
1329 2664 1353 2700 π
1374 2635 1409 2702 ό-

152 2718 311 2784 ἆνατολιῦν
326 2723 413 2782 πᾶσα
431 2713 450 2798 ἡ
467 2712 614 2783 θάλασσα
631 2743 649 2799 η
667 2714 762 2802 ἁλυκη
800 2742 886 2802 τερον
904 2713 991 2792 πόλις
1007 2713 1198 2802 γραμμάτων.
1238 2719 1331 2785 16καὶ
1347 2664 1410 2786 ελσε

153 2807 209 2876 ἕως
226 2805 284 2864 τοῦ
299 2794 463 2884 Ἰορδάνου.
494 2802 545 2863 καί
561 2796 600 2862 τά
619 2795 689 2885 ὅρια
706 2798 762 2863 αύ-
803 2798 918 2887 Χάλεβ.
951 2796 984 2874 ὃς
1003 2799 1040 2865 ἂν
1057 2799 1134 2891 λάβη
1151 2801 1203 2864 καί
1221 2799 1335 2895 ἐκκόψῃ
1352 2803 1408 2886 τὴν

152 2889 214 2949 τῶν
233 2881 296 2949 ἀπὸ
315 2885 426 2969 βσρρἆ
451 2879 577 2947 καίύπὸ
591 2886 643 2966 τῆς
655 2882 762 2963 λοφιᾶς
800 2881 889 2949 πόλιν
914 2887 973 2948 τῶν
992 2878 1174 2987 γραμμάτων
1200 2884 1252 2946 καὶ
1274 2883 1408 2968 κυριεύση

151 2974 206 3052 τῆς
219 2962 378 3051 θαλάσσης
390 2969 442 3031 καὶ
451 2963 514 3030 άπὸ
524 2970 579 3032 τοῦ
589 2969 696 3071 μέρους
706 2970 763 3031 τοῦ
802 2966 904 3051 αὐτῆς,
922 2965 1011 3035 δώσω
1024 2971 1109 3051 αυτῷ
1123 2963 1177 3051 την
1189 2963 1298 3052 Ἀσχάν
1311 2957 1410 3046 θυγά-

151 3048 305 3136 Ἰορδάνου
344 3051 517 3156 ὓέπιβαίνει
548 3048 588 3115 τά
617 3050 687 3135 ὅρια
712 3052 763 3114 ἐπὶ
800 3054 874 3137 τέρα
884 3076 944 3133 μου
962 3055 1001 3125 εἰς
1016 3061 1152 3128 γυναῖκα.
1190 3052 1218 3092 ¹⁷
1230 3054 1282 3116 καί
1300 3051 1409 3134 ἔλαβεν

152 3126 373 3215 Βαιθαγλαάμ.
385 3159 436 3200 και
447 3129 760 3218 παραπορεύεταιᾶπὸ
801 3132 894 3217 αὐτὴν
911 3138 945 3202 Γ
941 3133 1068 3216 οθονιηλ
1085 3131 1149 3207 υίὸς
1168 3132 1262 3210 Κενίζ
1277 3133 1408 3216 ἀδελφοῦ

152 3220 248 3304 βσβρῦ
261 3217 310 3280 ἐπὶ
323 3211 528 3304 Βαιθάραβα,
548 3219 600 3285 καὶ
611 3241 760 3302 προςανα-
801 3214 914 3305 Χύλεβ.
939 3219 990 3287 καὶ
1007 3218 1114 3282 ἔδωκεν
1131 3212 1216 3298 αύτῷ
1232 3218 1287 3300 την
1298 3215 1408 3302 Ἀσχὰι

150 3306 242 3375 βαίνει
259 3299 299 3366 τά
318 3295 388 3387 ῦρια
406 3303 456 3367 ἐπὶ
474 3300 562 3366 λίθον
574 3299 682 3367 Βαιών
695 3306 760 3366 υἱοῦ
799 3304 956 3387 θυγατέρα
969 3298 1065 3367 αῦτοῦ
1076 3308 1211 3379 γυναῖκα.
1235 3300 1408 3377 1ίίκαίέγέ-

150 3380 283 3473 Ῥουβὴκ
308 3387 385 3452 7καί
397 3390 625 3472 προςαναβαίνει
638 3380 677 3451 τά
690 3382 761 3491 ὅρια
800 3410 863 3453 νετο
889 3389 920 3449 ἐν
943 3389 988 3467 τῷ
1011 3378 1226 3488 ἐκπορεύεσθαι
1245 3379 1338 3468 αύτην
1356 3385 1409 3448 καὶ

151 3473 201 3537 ἐπὶ
214 3471 250 3536 τό
263 3472 408 3558 τέταρτον
420 3473 472 3553 τῆς
485 3466 639 3552 φάραγγος
652 3466 766 3553 Ἀχωρ,·
800 3465 1049 3555 συνεβουλεύσατο
1069 3471 1169 3551 αυτῷ,
1193 3467 1332 3545 λέγουσα.
1360 3472 1409 3532 αἰ-

150 3558 202 3620 καί
220 3558 392 3640 καταβαίνει
409 3554 459 3619 ἐπὶ
477 3553 620 3630 Γαλγάλ,
645 3547 665 3634 ἥ
683 3554 761 3617 ἐστιν
800 3547 927 3635 τύσομαι
944 3550 998 3615 τὸν
1014 3552 1134 3637 πατέρα
1150 3577 1209 3633 μου
1228 3547 1331 3637 ἀγρόν.
1358 3553 1410 3615 καί

151 3637 294 3704 ἀπέναντι
306 3642 359 3718 τῆς
372 3632 559 3722 προςβύσεως
571 3630 760 3718 Ἀδαμμίν,ἢ’
801 3633 852 3721 ἒβό
873 3661 919 3701 σευ
938 3638 971 3700 ἐκ
988 3639 1043 3698 τοῦ
1056 3632 1136 3698 ὄνου.
1166 3635 1218 3699 καί
1236 3633 1315 3699 εἶπεν
1332 3631 1410 3718 αῦτῆ

151 3725 212 3785 ἐστι
229 3718 309 3784 κατὰ
326 3719 396 3803 λίβα
415 3725 454 3810 τῇ
467 3715 608 3802 φάραγγι,
621 3719 674 3782 καί
685 3719 760 3784 διεκ-
802 3664 914 3805 Χάλιβ.
940 3724 972 3782 τί
983 3721 1049 3783 ἔστί
1061 3743 1128 3796 σοις
1156 3705 1408 3783 19καίεῖπεναῦ-

151 3800 251 3890 βάλλει
277 3804 327 3865 ἐπὶ
346 3801 382 3867 τὸ
401 3798 481 3889 ύδωρ
506 3807 558 3884 τῆς
583 3806 679 3886 πηγῆς
703 3805 760 3868 τοῦ
800 3808 854 3885 τῷ.
870 3798 920 3878 δός
932 3828 983 3885 μοι
997 3798 1145 3878 εῦλογίαν,
1158 3794 1205 3865 ὅτι
1218 3806 1257 3877 εἰς
1267 3806 1324 3881 γῆν
1337 3807 1409 3867 Να-

152 3885 248 3971 ἦλίου.
262 3887 313 3948 καί
326 3887 410 3950 ἔσται
422 3884 518 3951 αὐτοῦ
530 3884 549 3968 ἡ
562 3887 691 3962 διεἙοδος
700 3913 760 3970 πη-
799 3886 852 3972 γὶβ
868 3879 999 3959 δέδωκάς
1014 3910 1056 3965 με.
1079 3879 1132 3959 δός
1147 3909 1197 3967 μοι
1210 3881 1265 3968 την
1277 3890 1412 3950 Βστθα-

150 3969 189 4052 γη
206 3965 332 4052 Ῥωγηλ.
370 3971 452 4033 8καί
468 3967 618 4056 ἀναβαίνει
634 3966 675 4033 τά
691 3963 760 4053 ὅρια
801 3974 851 4043 νίς.
877 3970 929 4034 καὶ
947 3968 1051 4032 ἔδωκεν
1068 3965 1148 4059 αὐτῇ
1164 3963 1219 4031 τ’ν
1231 3969 1412 4034 Γοναιθλάν

152 4057 192 4128 εἰς
205 4048 346 4137 φάραγγα
355 4050 461 4133 Ἐννὸμ
473 4054 522 4116 ἒπί
534 4049 630 4116 νώτου
640 4055 695 4116 τοῦ
705 4050 759 4117 Ἰε-
800 4049 853 4135 τὴν
867 4051 928 4118 ύνω
943 4053 994 4116 καὶ
1004 4049 1057 4135 τὴν
1066 4055 1191 4116 Γοναιθ
1216 4052 1223 4071 “
1253 4051 1307 4134 τὴν
1316 4048 1410 4118 κάτω.

151 4141 222 4286 βοῦς
235 4133 298 4200 ἀπὸ
311 4129 402 4220 λιβός.
427 4131 505 4218 αῦτη
518 4131 760 4216 ἔστὶνἾερουσα-
799 4139 830 4180 ²⁰
844 4132 921 4221 αῦτη
949 4135 968 4218 ἡ
998 4136 1181 4222 κληρονομία
1211 4134 1305 4218 φυλῆς
1336 4141 1412 4201 υἱῶν

172 4217 217 4303 ημ.
237 4221 288 4284 καὶ
299 4213 461 4304 διεκβάλλει
473 4219 513 4280 τὰ
527 4213 598 4302 δ’ρια
607 4219 658 4281 ἐπὶ
669 4244 759 4305 κορυ-
796 4217 906 4287 Ἰούδα.
943 4221 1054 4268 ²¹-²⁴
1068 4216 1251 4303 ἐγενηθησαν
1264 4220 1297 4284 δὲ
1309 4216 1412 4295 πόλεις

69 4344 71 4346 v
152 4305 212 4390 φὴν
225 4298 510 4390 ὅρουςῆίστικατά
524 4294 686 4384 πρόςωπον
699 4298 759 4383 φοί,
799 4302 901 4369 αῦτῶν
911 4299 1011 4379 πόλεις
1023 4299 1098 4388 πρὸς
1108 4307 1146 4394 τῇ
1155 4303 1234 4396 φυλῇ
1246 4306 1319 4368 υἱοῖν
1328 4299 1412 4369 Ἰού-

151 4415 261 4472 ραγγος
269 4385 374 4470 Ἐννόμ
384 4384 462 4488 πρὸς
472 4378 641 4467 θαλάσσης,
654 4380 761 4466 figam
800 4387 839 4453 δα
864 4384 908 4467 ἐφ’
930 4384 1022 4470 ὁρίων
1044 4384 1144 4467 Ἐδώμ
1161 4388 1212 4452 ε’πί
1228 4391 1281 4471 τῆς
1299 4383 1412 4472 ἐρήμου

151 4478 182 4541 ίκ
205 4477 314 4562 μέρους
338 4477 391 4556 γῆς
428 4468 548 4556 Ραφαῒν
578 4469 630 4536 ἐπὶ
653 4472 760 4561 βορῥᾶ.
799 4472 851 4538 καί
862 4467 1044 4555 Βαισελεηλ,
1063 4466 1200 4556 καὶἈρύ
1205 4520 1216 4549 ,
1232 4472 1285 4535 καί
1296 4467 1411 4580 Ἀσιύρτ

1358 4583 1410 4622 καί
