2924 4972
171 212 237 282 786
482 210 597 273 ΗΣΑ
611 209 710 271 ΙΑΣ
749 212 828 285 Κεφ.
841 202 897 289 κη’.
913 202 972 269 76'.
987 205 1038 271 28.
1052 206 1102 271 29.

166 321 395 448 προετιηιμάσει,
409 323 482 422 πρίν
506 318 693 423 ἐργάσαρθαι
706 319 770 420 τὴν
805 319 996 403 η’λπισεν,’
966 317 1062 395 ου’τοος
1080 324 1163 384 ε”σται
1178 345 1196 384 ο
1183 317 1344 398 ’πλοῦτος
1357 330 1420 389 τῶν

163 416 235 495 γῆν,
262 401 395 509 ²⁵o67‘'
377 429 451 469 οταν
467 401 635 512 ὁμαλίση’
605 430 640 468 το
653 401 773 507 πρόςω-
804 406 901 469 ἐθνῶν
925 399 1067 477 πάντων,
1092 398 1159 467 6607
1181 401 1419 512 ἐπεστράτευσαν

163 517 225 557 πον
250 488 373 597 αῦτης,
381 484 451 553 τότε
477 493 585 594 σπείρει
600 487 706 574 μικρὸν
722 511 773 594 με-
805 485 897 551 ἐπί’
868 511 903 551 το
917 486 987 571 ὅρος
998 486 1090 551 Σιών.
1116 483 1307 592 εκλυθητε
1300 516 1352 554 και
1366 494 1419 556 ἐκ

165 571 293 640 λανθιον
305 602 323 656 η
338 595 470 675 κυμινον,
496 597 548 636 και
540 570 652 636 πάλιν
665 575 773 676 σπείρει
805 594 898 653 στητε,
924 596 977 635 και
970 564 1256 675 κραιπαλησατε’
1222 597 1278 635 ουκ
1289 570 1353 637 ἀπὸ
1367 580 1416 638 σι’-

164 657 277 742 πυρόν,
302 683 355 721 και
347 653 493 762 κριθὴν,
519 657 569 719 καί
585 657 710 779 κέγχρον
722 655 774 719 καλ
805 677 875 755 κερα
889 651 990 754 6666'
972 653 1035 718 απὸ
1048 655 1143 754 οἴνου,
1162 652 1245 720 1οότι
1256 651 1415 722 πεπότικεν

165 745 232 818 ζέαν
249 743 281 805 ἐν
300 750 365 814 τοις
378 735 471 824 ὁρίοις
484 763 557 817 σου,-
596 739 689 803 6και
700 761 773 803 παι
807 733 882 821 ῦμάς
912 733 1015 840 κίριος
1041 732 1187 839 πνεῦματι
1216 740 1414 815 κατανύξεως,

164 820 294 932 δευθηοη
318 827 436 924 κρίματι
460 825 537 887 θεοῦ
560 847 630 925 σρυ,
655 823 708 887 καλ
723 820 772 886 εῦ-
805 820 1007 928 καλκαμμῦσει
1025 817 1096 895 τοῦς
1109 820 1338 923 ὄφθαλμοῦς’
1303 830 1416 929 αμτῶν,

164 910 334 997 ρρανθιίση.
359 903 435 948 ²²'
402 930 438 970 ου
451 901 509 1007 γάρ
521 930 594 1007 μετα
582 901 771 1053 ’σκληρότη
805 904 857 968 καί
878 908 938 968 767
954 909 1137 1013 προφητῶν
1138 903 1253 980 αῦτῶν,
1278 908 1331 970 καὶ
1355 913 1418 972 τῶν

726 985 735 1008 >
813 983 822 1005 ἱ
872 983 879 1006 Ι

163 1017 218 1067 τος
243 978 421 1093 καθἀίρεται
444 986 481 1052 τό
499 985 723 1091 μελάνθιον,
702 1014 738 1053 ου
757 1012 771 1050 ε
805 1012 957 1071 αρχοντων
970 985 1087 1094 66767,
1106 1014 1138 1053 οι
1139 986 1277 1096 ὁρῶντες
1289 986 1329 1054 τά
1321 1017 1413 1092 κρυ-

163 1072 271 1178 τροχὸς
288 1069 402 1173 ἁμάξης
420 1073 616 1174 περιαξειέπλ
632 1067 772 1175 τό’κυμι-
804 1066 876 1135 πτά.
912 1072 1004 1136 11καὶ
1028 1074 1110 1174 ἐρται
1136 1068 1203 1153 ὑμῖν
1227 1070 1266 1137 τά
1292 1070 1415 1159 ῥήματα

163 1183 223 1223 νον
250 1156 330 1223 άλλά
337 1152 457 1259 666667
483 1150 648 1221 τινάσσεται
668 1153 704 1259 76
721 1180 771 1238 με·
803 1148 904 1219 πάντα
915 1158 1024 1228 ταῦτα,
1035 1151 1076 1259 ῶς
1089 1181 1119 1219 οι
1110 1155 1217 1257 ’λόχοι
1229 1181 1284 1222 του
1252 1159 1415 1305 βιβλισυ

164 1238 300 1340 λάνθιρν,
313 1265 349 1305 το
337 1237 440 1304 ’δὲ’
406 1263 525 1343 κυμινον
547 1239 578 1281 ²⁸
590 1238 663 1338 μετὰ
675 1236 771 1348 άρτου
804 1243 860 1303 τοῦ
872 1241 1104 1342 ἐριγραγιομενου
1117 1263 1271 1315 τουτου,ο
1299 1268 1339 1306 αν
1351 1243 1399 1306 δῶ

162 1319 365 1433 βρῶθησεται.
394 1320 430 1387 οῦ
455 1321 515 1425 γάρ
540 1326 578 1396 εἰς
603 1321 657 1388 τόν
673 1327 772 1389 αἰῶνα
804 1347 850 1387 σιν
862 1347 938 1387 αυτο
952 1318 1139 1423 ἀνθρώπῳ’
1124 1347 1310 1407 επισταμενω
1318 1351 1415 1411 γραμ-

164 1405 261 1509 ἐχῶ’
236 1434 292 1490 ειμι
305 1405 370 1488 ῦμῐν
382 1405 633 1507 ὀργισθησομαι,
626 1403 696 1471 6666
691 1431 770 1508 φρι-
802 1431 894 1487 ματα,
908 1402 1077 1483 λέγοντες,
1060 1402 1152 1482 ανάγν
1153 1416 1214 1470 ωθι
1226 1411 1335 1472 ταῦτα.
1362 1412 1415 1509 κμλ

162 1491 199 1616 ἕί
209 1495 266 1636 ἕλ’
277 1484 771 1675 ἵζ’ἐλ’ἐέἷέ’ἷῖᾇῖἷέ’ἐῖἐίέἐ
803 1484 1411 1681 {6236'666'666‘66³6⁰6

163 1653 314 1740 ἐξηλθε
280 1680 318 1720 τα
328 1680 451 1737 τερατα,
463 1650 700 1757 βουλεύσασθε,
685 1651 771 1739 υψῶ-
803 1656 888 1763 βλίον
904 1661 997 1721 τοῦτο
1016 1659 1054 1730 είς
1056 1666 1168 1757 χεῖρας
1185 1654 1354 1767 67666'7666
1371 1657 1412 1743 μίη

164 1764 236 1805 σατε
248 1743 378 1822 ματαίαν
392 1734 589 1842 παράκλησιν
804 1742 998 1842 ἐπιρταμένου
1006 1734 1189 1847 γράμματρ,
1187 1742 1237 1805 καί
1247 1745 1308 1844 ε’ρεί
1317 1740 1413 1848 6676,

338 1829 369 1887 Κ
384 1829 412 1885 Ε
424 1827 462 1885 6.
505 1821 591 1886 ΚΘΕ
804 1817 960 1901 άνάγνοοθι
978 1827 1080 1888 70670.
1106 1826 1157 1887 καὶ
1175 1827 1250 1908 ἐρεῖ,
1276 1820 1414 1891 οῦκέπί-

166 1872 265 1974 Οὐαί
284 1903 390 2005 Ἀριίηλ
409 1901 568 1980 πόλις,”
537 1930 584 2008 ην
609 1907 771 2014 ἐπολέμησε
805 1931 916 1989 οταμαι
928 1903 1128 2011 γράμματα.
1122 1908 1149 1948 ¹³
1163 1934 1215 1972 και
1207 1903 1333 1974 είπε
1298 1933 1413 2012 κυριος

164 1990 266 2053 Δαυίδ.
278 1984 771 2091 συνμγάγετεγεννόματαἐνιαυτόν
804 1969 905 2066 ἐγγίςει
916 1980 1275 2100 μοιρλαὸςοῦτοςέντῷ
1278 1988 1414 2096 στόματι

163 2072 240 2135 ἐπί’
225 2069 375 2147 ἐνιαυτὸν,
401 2067 545 2151 φάγεοθε,
569 2070 700 2177 3677667
712 2070 771 2174 7676
804 2072 916 2149 66766,
937 2099 987 2140 και
980 2076 1031 2138 ἐν
1043 2084 1107 2147 τοῖς
1118 2057 1287 2177 χείλεσιν’
1251 2080 1354 2140 αυτῶν
1368 2102 1413 2141 τι-

164 2151 217 2220 667
207 2153 373 2262 61666,
392 2153 615 2264 ²67667'666'
580 2183 639 2265 γαρ
660 2154 695 2222 'A
713 2153 770 2242 766.
803 2183 883 2238 μωσι
893 2181 942 2261 με,
965 2154 1038 2261 ηδε
1060 2156 1222 2257 καρδία’
1185 2162 1288 2225 αυτῶν
1301 2157 1413 2265 πόρ’ῥω

163 2239 216 2304 καὶ
234 2241 318 2304 ἐσται
337 2235 430 2322 αῦτης
449 2265 492 2320 ηι
529 2266 562 2314 υς
578 2244 629 2306 καί
642 2237 660 2306 6
648 2183 770 2307 ‘7606-
804 2239 969 2324 άπέχειᾶπ
965 2238 1074 2323 ’ἐμοῦ
1107 2237 1203 2343 μάτην
1222 2241 1253 2307 δέ
1272 2246 1414 2345 σεβρνταί

164 2349 215 2398 τος
241 2326 341 2429 ἐμοί.
349 2324 426 2386 3καί
451 2236 633 2430 666666‘
612 2323 653 2400 ῶς
674 2325 773 2430 Δαυέδ
803 2349 848 2406 με,
861 2320 1049 2400 διδάσκοντες
1056 2323 1252 2427 ἐντάλματα’
1235 2323 1411 2429 ανθρώπων

164 2409 215 2470 ἐπὶ
228 2432 272 2479 σε,
291 2433 341 2470 και
330 2405 443 2512 βαλῶ
450 2431 518 2492 περι
530 2432 563 2471 σε
574 2408 703 2532 χάρακα,
722 2409 773 2472 καί
805 2409 856 2472 καὶ
880 2408 1080 2512 διδασκαλίας.
1118 2409 1146 2450 ¹⁴
1159 2407 1208 2474 διά
1230 2415 1325 2477 τοῦτο
1344 2409 1409 2476 ἰδοῦ

163 2486 251 2591 θησιο
270 2492 337 2575 περὶ
356 2489 389 2555 σε’
402 2484 549 2592 6667063,
575 2493 657 2556 και
668 2516 773 2556 ταπει
804 2488 969 2576 προςθησω
994 2497 1053 2558 τοῦ
1075 2502 1245 2593 μεταθεῖναι
1263 2492 1318 2592 767
1335 2491 1411 2559 λαόν

163 2570 351 2682 νωθησονται
369 2578 408 2648 είς
425 2573 478 2656 την
486 2600 544 2675 μην
564 2601 595 2639 οι
585 2571 693 2652 ’λόγοι
707 2601 770 2653 σου,
804 2578 924 2650 τοῦτον,
950 2577 1001 2640 καὶ
1025 2570 1185 2659 μεταθησω
1207 2572 1331 2651 αῦτοῦς,
1357 2580 1411 2641 καὶ

162 2659 215 2764 καλ
228 2663 266 2732 εἰς
278 2681 332 2740 την
343 2683 400 2759 γην
413 2681 445 2720 οι
435 2654 542 2734 ’λόγοι
556 2684 609 2723 666
621 2656 770 2724 δύσονται.
804 2654 954 2722 άπολῶ’
921 2684 976 2741 την
985 2666 1095 2740 σοφίαν
1105 2663 1166 2724 τῶν
1175 2681 1285 2760 σοφῶν,
1293 2684 1343 2723 και
1354 2684 1411 2762 την

162 2743 214 2804 καὶ
238 2745 352 2804 ἔσονται
372 2737 412 2814 ῶς
429 2743 460 2803 οἱ
480 2746 647 2845 φωνοῦντες
670 2745 757 2805 ἐκ
720 2767 771 2822 της
804 2738 917 2807 σόνειτιν
935 2748 997 2807 τῶν
1015 2748 1142 2808 συνετῶν
1154 2737 1308 2829 κρῦςμοι.1
1310 2741 1411 2807 5οῦαί

163 2849 216 2922 χης
230 2850 248 2905 η
262 2847 434 2924 εχωνησου,
459 2821 598 2949 καὶπρὸς
611 2785 771 2931 τοέδαρός
804 2850 834 2888 67
824 2829 967 2935 ’βαθέμις
983 2825 1095 2933 βουλίην
1112 2831 1282 2901 ποιοῦντες,
1307 2825 1408 2890 καλοῦ

164 2931 293 3007 ηρανη
295 2900 558 3007 666666776677.⁵
569 2911 715 2973 καὶέσται
730 2905 770 2982 ὡς
803 2906 851 2972 δια
864 2914 979 2993 κυριου
1006 2907 1077 3013 6666
1094 2913 1126 2974 οἱ
1144 2935 1176 2973 εν
1189 2935 1286 3011 κρυφι
1272 2907 1411 3015 ”βοιηλην

163 2988 315 3093 κονιορτός
331 2985 395 3054 6776
403 2994 525 3090 τροχοῦ
533 3017 550 3055 ο
538 2986 697 3067 πλοῦτος
710 2996 770 3056 τῶν
802 2996 964 3093 πριοῦπες,
976 2993 1026 3056 καί
1039 2995 1123 3055 ἐσται
1133 2987 1269 3055 ἐνσκότει
1283 2989 1322 3053 τά
1318 2996 1412 3091 ε’ργα

164 3071 291 3159 άσεβῶν,
316 3074 367 3136 καὶ
391 3068 431 3146 ῶς
455 3078 541 3156 χνοῦς
561 3071 715 3174 φερόμενος
733 3071 770 3139 τό
803 3071 912 3140 αῦτῶν.
928 3101 980 3140 και
972 3076 1143 3175 ἐρουσι,
1111 3097 1156 3146 τις
1156 3067 1299 3176 ε’ῶρακεν
1312 3070 1410 3155 ημᾶς,·

163 3156 283 3262 πληθος
307 3159 368 3255 τῶν
393 3154 709 3255 καταδυναστευόντων
728 3183 770 3234 σε,
802 3162 852 3223 καὶ
863 3164 907 3232 τίς
916 3151 1410 3258 ημῦςγνῶσεταιῆάὴμεῖςποιοῦ-

164 3265 216 3303 και
228 3264 313 3303 εσται
326 3233 367 3312 ῶς
381 3262 484 3340 οτιγμη
494 3265 681 3342 παραχρημα
690 3244 769 3344 ⁵776-
801 3265 867 3322 7673
905 3237 1001 3322 16ὀυχ
1020 3235 1060 3312 ῶς
1077 3237 1171 3344 πηλός
1188 3243 1246 3303 τοῦ
1259 3244 1411 3343 κεραμέως

163 3322 203 3427 ρὰ
229 3329 336 3423 κυρίου
364 3319 500 3407 σαβαιόθ.
542 3322 685 3408 ἐπισκοπη
712 3322 770 3432 γάρ
803 3318 1086 3424 λογισθησεσθε,·’
1051 3348 1091 3405 μη
1095 3326 1211 3424 ἐρεῖτο
1199 3319 1411 3406 πλάσμα
1366 3351 1409 3389 τω

163 3411 246 3473 ἐλτται
270 3404 345 3508 μετόη
367 3410 492 3492 βροντης
514 3412 565 3474 καὶ
582 3413 702 3492 σεισμοῦ
719 3411 771 3514 καλ
799 3401 998 3471 πλάσαντι’
962 3401 1055 3482 αυτό,
1070 3402 1107 3506 66
1121 3401 1158 3470 σῦ
1171 3431 1206 3490 με
1219 3392 1408 3510 ἐπλασαςςη

163 3516 261 3593 φισνης
272 3486 706 3618 μεγάληςκαταιγλςηερομίνη,
719 3495 770 3558 καὶ
805 3488 1022 3574 τόποίηματῷ
1035 3483 1265 3594 ποιησαντι,
1235 3488 1273 3555 06
1288 3495 1409 3564 συνετῶς

163 3573 240 3674 666}
257 3572 351 3658 πυρός
364 3578 614 3640 κατεσθίουσα.7
627 3603 676 3640 και
688 3581 770 3641 ἐσται
802 3599 835 3656 με
848 3577 1030 3678 ἐποίησας,·
1028 3575 1055 3617 ²⁷
1068 3599 1167 3638 ουκετι
1180 3572 1285 3675 μικρὸν
1297 3600 1347 3638 και
1342 3599 1409 3677 με-

163 3653 204 3727 ῶς
231 3653 470 3758 ἐνυπνιαζόμενρς
493 3654 604 3723 καθ”’
584 3684 695 3733 υπνους
719 3683 770 3723 νυ-
803 3654 999 3758 76776667767
1017 3684 1035 3722 ο
1022 3653 1252 3760 ’Λίβανος,’
1230 3683 1271 3730 ως
1287 3657 1322 3718 τὸ
1337 3656 1409 3755 6663

163 3736 243 3812 κτός,
255 3764 275 3843 ‚⁰
263 3735 452 3840 ‘6606763‘
435 3737 579 3808 απάντιον
592 3747 651 3806 τῶν
663 3746 770 3817 ἐθνῶν,
804 3768 839 3805 το
828 3738 984 3842 ’Χέρμελ
998 3769 1047 3806 και
1061 3768 1096 3806 το
1087 3739 1265 3822 ’Χε’ρμελ’
1240 3765 1278 3812 εις
1293 3735 1407 3821 δρυμόν

163 3816 231 3884 ὅσοι
250 3819 489 3926 ἐπεστράτευσαν
506 3829 557 3889 ἐπι
551 3823 693 3932 Ἀριηλ,
719 3829 769 3890 καί
802 3823 1025 3925 λογισθήσεται.
1064 3826 1092 3867 ¹⁸
1105 3827 1155 3888 καὶ
1179 3820 1355 3887 άκοῦοονται
1376 3825 1408 3884 ἐν

162 3898 270 3977 πάντες
293 3909 323 3968 οἱ
346 3904 567 4015 στρατευόμενοι
585 3911 635 3973 ἐπὶ
655 3907 769 4011 Ιερου
803 3914 840 4000 τῇ
845 3906 1044 4016 ημέραέκείνι
1041 3904 1310 4013 ηκωφολλόγρυςβι
1310 3905 1409 4012 βλίου,

163 3983 276 4088 οαλημ,
302 3989 353 4050 καὶ
371 3985 478 4064 πάντες
496 3995 526 4054 οἱ
539 3994 709 4094 συνηγμένοι
723 3989 766 4055 ἐπ’
802 3993 853 4056 καὶ
866 3997 897 4056 οἶ
910 3997 941 4056 ἐν
953 3998 997 4074 τῷ
1013 3984 1126 4066 σκότει,
1140 3991 1191 4054 καὶ
1204 3993 1234 4054 οἱ
1246 3991 1275 4051 ἐν
1287 3994 1325 4081 τῇ
1341 3985 1410 4089 εἰμι’-ι

163 4066 272 4175 αῦτίχν,
290 4070 341 4132 καὶ
354 4096 384 4171 67
372 4072 597 4168 ’θλίβοντες
562 4097 663 4156 αυτην.
690 4076 705 4116 ⁸
718 4102 770 4139 και
800 4076 865 4162 χλη.
876 4059 1035 4176 ὀρθαλμοί
1045 4072 1193 4157 τυφλῶν”
1175 4093 1315 4175 οψρντοηι,
1308 4060 1353 4114 ¹⁹
1361 4099 1410 4135 και

162 4149 203 4224 ῶς
216 4177 245 4214 οι
235 4155 289 4215 ’ἐν
301 4157 345 4232 τῴ
358 4150 440 4236 ῦπνῳ
454 4161 585 4230 πίνοντες
597 4184 648 4257 7677
641 4159 767 4223 ἔσθον-
802 4149 1035 4235 ἀγαλλιάσονται
1052 4184 1170 4267 πτριχοι
1163 4152 1292 4222 διά’
1258 4160 1411 4242 κυριονέν

161 4258 222 4309 τες,
247 4262 297 4300 και
291 4217 567 4314 ἐξαναστάντων,
582 4236 710 4339 μάταιον
732 4241 766 4305 τὸ
783 4238 983 4344 ἐῦσροητόνη,
1010 4270 1061 4307 και
1074 4242 1393 4343 οῖάπηλπισμίιοι
1351 4265 1411 4341 7767·

160 4314 307 4384 ἐνύπνιον.
331 4319 381 4381 καὶ
394 4314 429 4380 ὃν
442 4316 557 4401 τρόπον
569 4318 767 4400 ἐνυπνιάζεται
800 4317 970 4411 ἀνθρώπων
968 4322 1291 4431 ἐμπλησθησονται’
1263 4320 1409 4424 ευςροσῦ-

160 4397 331 4507 6676667‘
309 4430 349 4476 ιος
364 4399 386 4466 6
404 4407 513 4477 πίνων,
537 4429 589 4467 και
581 4405 785 4512 ἐξαναστάς
798 4437 856 4491 υης.
883 4412 914 4452 ²⁰
928 4411 1055 4484 ξελιπεν
1067 4434 1190 4490 αιομος,
1207 4432 1258 4470 και
1252 4405 1409 4471 απιολετο

159 4489 201 4550 ἐτι
221 4483 353 4574 67663‘
340 4514 357 4570 η
371 4483 403 4550 δὲ
420 4504 500 4572 ψυχη
518 4483 613 4553 αῦτοῦ
627 4493 666 4565 εἰς
681 4491 766 4556 κενὸν
783 4488 1004 4578 ὑπερήφανος,
1031 4521 1081 4558 και
1076 4486 1412 4593 ἐξῶλοθρεῦθησαν’
1381 4516 1411 4552 οι

1338 4571 1408 4638 676·
