2924 4972
164 193 229 270 984
347 186 721 253 ΜΑΚΚΑΒΑΙΩΝ
739 183 947 246 ΠΡΩΤΟΣ
986 174 1201 258 Κεφ.ιδ’.14.

157 316 201 381 λω
215 317 266 379 καί
279 323 343 386 τοῖς
355 313 563 395 πρεσβυτέροις
579 311 630 372 καί
651 319 715 381 τοῖς
729 310 767 370 ἴε-
803 305 879 388 πρὸς
891 302 946 370 τόν
958 304 1034 369 λαόν
1047 302 1152 367 αὐτοῦ.
1185 304 1423 394 31καίέβουλη·

178 382 239 464 ίῦσι
259 397 371 476 καὶτῷ
391 393 489 474 λοιπῷ
511 387 594 476 δημῳ
613 389 768 456 τῶνἸου-
803 398 904 472 θησαν
927 392 959 454 οῖ
982 388 1088 473 ἐχθροί
1112 388 1216 452 αὐτῶν
1244 393 1425 477 ἐμβατεῦσαι
1460 449 1462 452 ⁴

159 425 254 548 δαίων
275 477 415 557 ἀδελφοῖς
437 481 556 560 χαίρειν.
596 477 623 517 ²¹
640 478 671 537 οἱ
697 499 769 557 πρε-
804 477 842 546 εἰς
865 469 920 555 τὴν
941 467 1044 557 χώραν
1067 468 1172 536 αὐτῶν
1196 476 1263 536 τοῦ
1290 477 1426 562 ἐκτρίηαι

160 564 280 653 σβευταί
292 556 704 642 οίάποσταλέντιςπράςτόν
716 559 770 640 δη.
804 553 855 640 την
871 551 973 656 χώραν
991 554 1094 621 αὐτῶν
1110 553 1164 618 καί
1177 556 1321 622 ἐκτεῖναι
1338 575 1427 664 χεῖρας

160 671 217 733 μον
235 643 317 728 ἡμῶν
341 637 522 725 ἀπήγγειλαν
545 638 614 726 ἡμῖν
632 643 701 725 περί
718 645 770 724 της
803 640 854 704 ἐπί
875 637 915 702 τά
937 637 1009 717 ἅγια
1031 635 1142 703 αάτῶν.
1175 638 1207 680 ³²
1221 640 1305 707 τότε
1328 648 1428 727 ανέστη

162 727 251 812 δόξης
264 725 346 809 ὑμῶν
360 729 411 790 καί
423 729 520 809 τιμῆς,
533 727 584 789 καί
596 721 770 809 εὐφράνθη·
801 728 915 803 Σίμων,
928 724 980 787 καὶ
989 722 1154 805 ἐπολέμησε
1163 723 1239 807 περὶ
1251 729 1317 791 τοῦ
1326 730 1428 802 ἔθνους

162 839 212 897 μεν
226 813 327 893 euin]
340 806 441 892 ἐφόδῳ
462 808 569 873 αὐτῶν.
598 809 627 849 22
640 809 691 871 καί
703 804 770 871 ἀνε-
804 804 917 881 αὐτοῦ,
942 808 994 870 καί
1007 798 1177 887 ἐδαπάνησε
1188 802 1348 890 χρήματα
1360 812 1427 876 πσλ-

164 882 322 981 γράψαμεύ
340 891 379 956 τά
402 889 451 957 ὑπ’
473 889 574 956 αὐτῶν
591 895 727 976 εἰρημένα
740 894 770 954 ἐν
803 887 843 953 λά
855 893 916 953 τῶν
928 890 1051 966 ἑαυτοῦ,
1071 889 1123 954 καί
1136 885 1354 976 ὦπλοδότησε
1366 895 1428 970 τούς

165 989 231 1053 ταῖς
241 976 368 1064 βουλαῖς
383 979 439 1040 τοῦ
453 970 547 1060 δημου
561 970 666 1048 οὕτως.
680 978 770 1037 Νσυ·
804 971 915 1059 ἀνδρας
927 977 980 1052 τῆς
992 971 1145 1055 δυνάμεως
1166 978 1226 1037 τοῦ
1243 978 1366 1053 ἔθνους
1378 978 1426 1044 αύ-

164 1064 267 1147 μηνιος
276 1055 430 1142 Ἀντιόχου
442 1062 494 1124 καί
502 1057 696 1161 Ἀντίπατρος
707 1052 771 1121 Ἰἀ-
804 1062 870 1132 τοῦ,
885 1059 934 1120 καί
948 1057 1056 1121 ἔδωκεν
1069 1055 1175 1132 αὐτοῖς
1188 1053 1335 1139 ὀψώνια,
1350 1063 1428 1128 ”zai

166 1168 260 1218 σωνος
272 1144 446 1230 πρεσβευταί
461 1140 619 1207 Ἰουδαίων
636 1140 771 1223 ίηλθοσαν
805 1137 947 1243 ὠχύρωσε
961 1137 1015 1213 τὰς
1027 1133 1127 1214 πόλεις
1135 1144 1193 1223 τῆς
1202 1138 1428 1222 Ἰουδαίας,και“

165 1225 239 1313 πρὸς
253 1223 327 1310 ἡμᾶς
345 1223 553 1309 ἀνανεούμενοι
570 1223 625 1308 την
642 1222 719 1309 πρὸς
736 1220 773 1307 ἡ·
804 1249 858 1305 την
876 1220 1079 1308 Βαιθσούραν
1095 1223 1150 1306 την
1175 1225 1231 1289 ἐπὶ
1253 1233 1321 1291 ταῖν
1341 1228 1427 1316 ὁρίων

163 1316 220 1397 μᾶς
246 1310 356 1390 φιλίαν.
393 1311 422 1352 ²³
436 1311 487 1374 καί
515 1308 596 1393 ἤρεσε
622 1311 666 1392 τῷ
690 1305 773 1391 δημῳ
805 1311 858 1390 τῆς
881 1306 1039 1382 Ἰουδαίας,
1063 1298 1101 1372 οὗ
1126 1297 1165 1392 ἦν
1185 1306 1228 1374 τά
1255 1307 1347 1376 ὅπλα
1371 1320 1427 1377 τῶν

165 1394 360 1470 ἐπιδέξασθαι
375 1391 446 1466 τούς
457 1390 568 1477 ἀνδρας
581 1388 775 1468 ἐνδόξως,καί
804 1389 954 1473 πολεμίων
967 1384 1150 1497 τοπρότερον
1156 1438 1167 1465 ‚
1193 1395 1249 1457 καί
1264 1396 1362 1460 ἔθετο
1376 1400 1429 1461 ἐκεῖ

164 1482 223 1542 τοῦ
234 1480 352 1542 θέσθαι
362 1473 398 1540 τὸ
409 1474 595 1560 ἀντίγραφον
603 1480 665 1540 τῶν
676 1472 775 1552 λόγων
806 1474 944 1561 φρουρὰν
969 1473 1078 1559 ἀνδρας
1110 1475 1289 1553 Ιουδαίους.
1332 1478 1367 1521 ³⁴
1382 1481 1425 1545 καὶ

166 1558 268 1625 αὐτῶν
293 1562 324 1623 ἐν
353 1570 416 1634 τοῖς
441 1557 693 1641 ἀποδεδειγμένοις
717 1561 775 1623 τού
804 1555 935 1643 Ἰόππην
948 1554 1088 1642 ὠχύρωσε
1097 1555 1150 1642 την
1167 1562 1219 1625 ἐπὶ
1232 1566 1291 1644 τῆς
1304 1562 1424 1629 θαλάσ-

166 1640 263 1726 δημου
274 1643 408 1728 βιβλίοις,
434 1646 490 1706 τού
504 1645 577 1726 ἔχειν
588 1637 775 1726 μνημόσυνον
807 1668 877 1725 σης,
901 1643 956 1706 καί
967 1641 1021 1724 την
1033 1638 1165 1747 Γάζαρα
1176 1639 1234 1726 τὴν
1247 1647 1303 1710 ἐπὶ
1316 1652 1383 1714 τῶν
1395 1646 1424 1712 ἀ

165 1727 220 1792 τὸν
245 1726 337 1809 δῆμον
361 1729 423 1790 τῶν
445 1731 659 1811 Σπαρτιατῶν.
685 1724 722 1792 τὸ
743 1724 777 1791 δὲ
808 1721 1018 1812 ρίωνἈζάτου
1035 1728 1065 1789 ἐν
1082 1752 1103 1819 η
1121 1751 1224 1809 ῳκουν
1238 1729 1424 1815 οἱπολέμιοι

167 1808 353 1914 ἀντίγραφον
362 1805 481 1875 τούτων
493 1804 668 1915 ἐγράψαμεν
677 1816 777 1894 Σίμω·
808 1834 869 1874 τοπ
896 1808 991 1894 ’τερον
1024 1820 1084 1885 κεῖ,
1108 1812 1161 1874 καί
1176 1807 1348 1894 κατῴκισεν
1366 1819 1429 1880 ἐκεί

166 1919 193 1958 νι
212 1898 256 1977 τῷ
278 1905 411 1980 αρχιερεῒ.
444 1893 476 1936 ²⁴
488 1919 564 1977 μετα
581 1898 680 1958 ταῦτα
698 1893 777 1958 ἀπέ-
805 1891 868 1958 Ἰου
887 1888 1112 1968 αίους,καὶόσα
1124 1889 1278 1974 ἐπιτήδεια
1289 1885 1422 1980 ἧνπρός

168 1976 263 2042 στειλε
273 1983 379 2058 Σίμων
396 1976 450 2041 τὸν
462 1972 637 2061 Νουμήνιον
649 1982 687 2052 είς
696 1973 777 2041 ‘1²16-
807 1973 860 2080 τίην
884 1972 1002 2040 τούτων
1034 1971 1240 2061 ἐπανόρθωσιν
1266 1981 1361 2042 ἔθετο
1390 1984 1423 2045 ἐν

166 2084 225 2143 μην
251 2061 357 2142 ἔχοντα
381 2056 492 2123 ἀσπίδα
517 2064 627 2144 χρυσῆν
650 2057 778 2161 μεγάλην
808 2070 921 2133 αυτοῖς.
948 2060 978 2101 ³⁵
993 2060 1046 2124 καί
1063 2059 1132 2126 εἶδεν
1147 2055 1164 2122 ὁ
1178 2057 1251 2134 λαὸς
1264 2056 1322 2143 τίην
1335 2061 1421 2148 πρά-

167 2138 258 2226 όλκης
270 2146 352 2223 μνῶν
364 2141 466 2226 χιλίων
477 2147 516 2218 εἰς
529 2141 565 2207 τό
578 2147 687 2227 στῆσαι
699 2168 777 2228 προς
808 2145 852 2219 ξιν
864 2146 922 2207 τοῦ
937 2147 1077 2224 Σίμωνος
1094 2145 1146 2209 καὶ
1156 2140 1211 2226 τὴν
1229 2138 1329 2219 δόξαν
1342 2142 1379 2230 ἢν
1390 2152 1420 2212 ἐ-

168 2223 281 2301 αύτοὺς
303 2223 357 2289 τ“ν
380 2231 554 2311 συμμαχίαν.
578 2227 607 2270 ²⁵
623 2224 664 2303 ὡς
686 2227 719 2292 δὲ
741 2224 777 2310 ἢ·
807 2221 992 2313 βουλεύσατο
1010 2234 1135 2330 ποιησαι
1153 2232 1200 2310 τῷ
1218 2229 1299 2292 ἔθνει
1312 2228 1419 2307 αύτοῦ,

169 2334 272 2375 κουσεν
289 2304 307 2374 ὅ
323 2253 418 2392 δῆμος
443 2315 507 2376 τῶν
532 2305 631 2388 λόγων
649 2308 777 2385 τούτων,
808 2310 859 2374 καί
883 2313 987 2376 ἔθεντο
1011 2308 1106 2377 αὐτον
1133 2306 1297 2416 ἡγούμενον
1318 2311 1421 2378 αὐτῶν

169 2391 261 2458 εἶπον.
281 2399 349 2458 τίνα
360 2390 446 2496 χάριχ
458 2389 656 2497 ἀποδάσσμεχ
666 2399 776 2497 Σίμωνι
808 2394 859 2458 καί
871 2391 1017 2498 ἀρχιερέα,
1033 2394 1083 2461 διὰ
1096 2394 1133 2460 τό
1147 2393 1243 2462 αύτον
1255 2402 1419 2481 πεποιηκέ-

168 2476 295 2550 καὶτοῖς
309 2479 385 2552 υἱοῖς
398 2482 507 2558 αυτούς
533 2479 564 2520 ²⁶
575 2481 707 2564 ἔστηρισε
718 2503 776 2562 γαρ
808 2503 856 2542 ναι
869 2503 970 2543 ποντα
987 2483 1100 2555 ταῦτα,
1127 2480 1179 2545 καί
1190 2478 1242 2564 τὴν
1260 2477 1418 2546 δικαιοσύ-

169 2557 262 2635 αύτός
274 2561 325 2624 καί
338 2565 369 2624 οί
381 2559 505 2664 ἀδελφοί
524 2559 626 2627 αύτοιῖ
638 2564 689 2627 καὶ
702 2559 719 2626 ὁ
732 2560 776 2625 ολ·
808 2586 867 2644 νην,
880 2565 932 2627 καί
945 2561 998 2647 τὴν
1010 2569 1110 2629 πίστιν
1130 2560 1167 2646 ἣν
1185 2560 1356 2648 συνετήρησε
1371 2570 1418 2647 τῷ

169 2669 221 2719 κος
234 2648 289 2709 τοῦ
302 2644 420 2729 πατρὸς
433 2650 545 2720 αυτοῦ,
567 2648 619 2710 καί
631 2646 776 2728 ε’πολέμη-
807 2649 887 2711 ἔθνει
903 2645 1010 2722 αὐτοῦ,
1037 2649 1088 2712 καὶ
1105 2643 1226 2733 ίζήτησε
1236 2648 1327 2713 παντὶ
1338 2643 1418 2731 τρό-

169 2753 224 2793 σαν
235 2726 307 2803 τούς
320 2727 446 2814 ἐχθροὺς
461 2727 582 2815 Ἰσραὴλ
600 2727 650 2794 ἀπ’
668 2729 776 2804 αὐτῶν,
806 2756 856 2812 πῳ
878 2727 1000 2815 ὑψῶσαι
1018 2727 1072 2795 τὸν
1089 2731 1165 2797 λαόν
1183 2733 1290 2797 αύτοῦ.
1320 2731 1353 2774 ³⁶
1367 2733 1419 2796 καί

169 2816 220 2876 καί
233 2810 454 2895 ἔστησαναύτῷ
466 2813 646 2899 ἐλευθερίαν.
685 2816 714 2856 27
726 2817 778 2877 καὶ
806 2816 837 2876 έν
862 2827 929 2888 ταῖς
953 2813 1075 2900 ἡμέραις
1101 2812 1197 2879 αύτοῦ
1222 2809 1362 2899 εύοδούθη
1389 2819 1419 2881 ἓν

169 2899 366 2981 κατέγραψαν
384 2898 415 2960 ἓν
435 2895 549 2972 δέλτοις
565 2896 699 2981 χαλκαῖς,
725 2898 777 2961 καί
806 2909 872 2974 ταῖς
885 2900 982 2983 χερσὶν
994 2896 1100 2973 αύτοῦ,
1126 2902 1182 2960 τοῦ
1194 2900 1364 2981 ίξαρθῆναι
1382 2898 1419 2962 τὰ

167 2982 273 3044 ἔθεντο
293 2983 324 3044 ἐν
343 2975 464 3063 στήλαις
481 2985 512 3045 ἐν
533 2979 593 3066 όρει
606 2977 697 3046 Σιιόν.
724 2982 776 3045 καί
806 2983 880 3065 ἔθνη
896 2987 928 3046 ἔκ
941 2986 993 3065 τῆς
1003 2980 1100 3066 χώρας
1111 2976 1220 3051 αὐτῶν,
1231 2981 1285 3040 καί
1297 2979 1377 3055 τούς
1392 2984 1420 3048 ἰν

167 3067 259 3127 τοῦτο
273 3061 310 3127 τό
325 3060 513 3145 ἀντίγραφον
526 3070 579 3148 τῆς
590 3069 713 3150 γραφῆς.
741 3062 776 3129 ό·
806 3069 846 3155 τῇ
858 3061 946 3130 πόλει
964 3064 1058 3130 Δαυίδ
1075 3056 1145 3136 τούς
1159 3064 1189 3124 ἓν
1201 3056 1420 3148 Ἰερουσαλὴμ,

167 3143 388 3226 κτωκαιδεκάτη
398 3144 523 3223 mom,
538 3152 625 3223 ἔτους
638 3148 776 3232 δευτέρου
807 3158 840 3214 οἳ
850 3152 996 3232 ἐποίησαν
1008 3150 1124 3220 ἑαυτοῖς
1142 3142 1239 3231 ἀκραν
1258 3136 1341 3230 ἔξῆς
1357 3150 1419 3225 ἔξε-

166 3228 217 3290 καί
232 3222 456 3311 ἐβδομηκόστοῦ
470 3232 521 3292 καί
534 3234 712 3305 έκατοστοά,
726 3234 777 3295 καί
805 3227 967 3317 πορεύοιτο
979 3233 1031 3295 καὶ
1044 3234 1175 3311 ἐμίαινον
1186 3224 1289 3310 κύκλῳ
1304 3234 1371 3294 τῶν
1383 3229 1418 3295 ἀ-

165 3312 258 3373 τοῦτο
273 3315 376 3436 τρίτον
389 3313 466 3386 ἔτος,
473 3314 524 3377 ἐπὶ
532 3319 668 3397 Σίμωνος
678 3313 775 3399 ἀρχιε-
805 3322 891 3395 γίων,
913 3316 964 3377 καί
976 3316 1101 3376 ἐποίουν
1113 3310 1231 3394 πληγὴν
1242 3309 1380 3398 μεγάλην
1390 3317 1418 3377 ἔν

166 3394 251 3478 ρέως.
278 3396 292 3434 2
323 3397 354 3459 ἐν
366 3395 519 3480 Σαραμέλ,
538 3400 588 3462 ἐπὶ
600 3404 775 3482 συναγωγῆς
807 3403 843 3482 τῆ
855 3395 963 3480 ἁγνεία.
989 3396 1018 3437 ³⁷
1032 3395 1083 3458 καὶ
1102 3389 1268 3477 κατῴκισεν
1291 3399 1325 3460 ἐν
1339 3396 1416 3487 αὐτῇ

164 3473 294 3560 μεγάλης
314 3481 415 3563 ἱερέων
435 3486 486 3546 καί
502 3480 580 3548 λαοῦ
597 3485 648 3547 καί
667 3479 774 3569 ἀρχόν·
806 3471 915 3568 ἀνδρας
924 3479 1104 3553 Ἰουδαίους,
1121 3480 1173 3542 καὶ
1186 3474 1350 3563 ὠχύρωσεν
1362 3478 1413 3544 αύ-

165 3583 227 3623 των
241 3565 350 3636 ἔθνους
362 3565 415 3626 καί
429 3568 490 3628 τῶν
504 3570 710 3652 πρεσβυτέρων
723 3571 775 3668 της
805 3565 859 3651 τὴν
882 3565 959 3648 πρὸς
981 3560 1145 3643 ἀσφάλειαν
1166 3566 1219 3644 τῆς
1241 3558 1344 3665 χώρας
1367 3564 1415 3628 καί

164 3637 264 3725 χώρας
275 3641 429 3727 ἐγνώρισεν
442 3645 520 3729 ἡμῖν,
547 3652 647 3713 29ἐπεί
658 3650 773 3715 πολλα·
806 3655 857 3734 τῆς
869 3649 1002 3724 πόλεως,
1027 3649 1077 3711 καί
1095 3642 1201 3729 ύψωσε
1217 3670 1257 3710 τα
1273 3651 1354 3730 τείχη
1362 3643 1415 3711 Ἱε-

164 3748 208 3795 κις
229 3721 410 3809 ἐγενηθησαν
431 3727 557 3814 πόλεμοι
578 3737 609 3796 ἓν
621 3737 660 3824 τῇ
675 3729 772 3835 χώρᾳ.
804 3728 968 3820 ρουσαλήμ.
1008 3732 1039 3773 ³⁸
1053 3731 1102 3793 καί
1122 3729 1139 3792 ὁ
1157 3727 1295 3835 βασιλεὺς
1313 3725 1416 3833 Δημη-

163 3810 267 3884 Σίμων
286 3809 318 3873 δὲ
339 3807 357 3874 ό
379 3812 443 3887 υίὸς
461 3821 652 3880 Ματταθίου
670 3844 688 3881 ο
710 3816 773 3890 υίὸς
805 3842 888 3902 τριος
899 3819 1018 3898 ἔστησεν
1032 3812 1115 3895 αύτῷ
1132 3837 1187 3896 την
1201 3810 1417 3897 ἀρχιερωσυνην

162 3891 225 3951 ταῖν
238 3895 310 3955 υἱῶν
321 3890 419 3978 Ἰαρίβ
431 3898 481 3961 καί
495 3902 525 3961 οἱ
538 3897 663 3981 ἀδελφοὶ
677 3899 774 3966 αὐτοῦ
805 3899 883 3965 κατά
907 3905 1017 3976 ταῦτα,
1043 3899 1073 3940 ³⁹
1086 3898 1136 3961 καί
1159 3901 1297 3978 ἐποίησεν
1320 3896 1418 3962 αὐτὸν

163 3969 279 4036 ἔδωκαν
292 3976 419 4053 ἑαυτούς
432 3985 476 4062 τῷ
486 3981 611 4066 κινδύνῳ
625 3987 676 4047 καί
689 3983 772 4049 ἀντέ-
805 3989 867 4049 τῶν
881 3982 980 4062 φιλων
998 3980 1106 4060 αὐτοῦ,
1131 3982 1182 4045 καί
1200 3976 1343 4054 ἐδόξασεν
1363 3979 1417 4046 αύ-

161 4078 272 4157 σξησμν
291 4068 355 4159 τρῖς
380 4057 565 4140 ὑπεναντίοις
589 4069 644 4131 τοῦ
663 4072 773 4143 ἔθνους
804 4067 860 4132 τὸν
874 4063 948 4146 δόξη
968 4061 1090 4158 μεγάλη.
1118 4064 1151 4106 ⁴⁰
1163 4062 1269 4146 §novae
1288 4060 1352 4148 γὰρ
1373 4060 1419 4128 31¹

162 4162 276 4216 αθῐωέι
305 4163 388 4216 Οπως
409 4152 510 4229 σταθῇ
527 4149 567 4215 τά
586 4150 658 4227 δίγια
672 4151 774 4219 αὐτῶν
804 4136 1055 4236 προςηγόρευνται
1070 4152 1100 4213 οἱ
1109 4146 1250 4211 Ἰουδαῖοι
1265 4141 1330 4211 ὑπὸ
1350 4154 1419 4211 Ρω-

162 4221 245 4285 καὶὸ
264 4222 367 4305 νόμος,
387 4231 438 4292 καί
452 4218 524 4320 δόξῃ
538 4231 650 4314 μεγάλη
667 4233 772 4311 ἔδόξα-
803 4241 901 4318 μαίων
917 4234 1000 4316 φίλοι
1019 4234 1070 4297 καὶ
1093 4226 1240 4315 σύμμαχοι
1257 4231 1310 4294 καὶ
1330 4229 1419 4294 ἀδελ-

156 4326 220 4401 )σαν
233 4305 269 4370 τὸ
284 4309 373 4383 ἔθνος
387 4309 497 4377 αὐτῶν.
525 4317 556 4357 ³⁰
565 4319 616 4379 καὶ
630 4303 773 4401 ἔθραισεν
804 4323 865 4400 φοί,
879 4322 930 4384 καὶ
943 4317 993 4383 ὃτι
1016 4312 1191 4397 ἀπήντησαν
1204 4323 1268 4388 τοῖς
1276 4319 1420 4401 πρεσβευ-

165 4383 312 4453 Ιωνάθαν
324 4389 361 4454 τό
374 4396 464 4468 ἔθνος
477 4395 588 4472 αὐτῶν,
602 4402 654 4463 καί
669 4398 771 4484 ἐγινη-
803 4415 869 4477 ταῖς
882 4407 1020 4484 Σίμωνος
1037 4399 1171 4474 ἐνδόξοις.
1199 4395 1358 4463 41καὶάτι
1372 4396 1421 4462 εδ

158 4475 202 4550 θη
224 4468 329 4547 αὐτοῖς
349 4472 512 4562 ἀρχιερεύς,
532 4482 583 4543 καί
601 4489 771 4570 προςετέθη
803 4483 939 4570 δόκησαν
953 4490 985 4550 οἱ
993 4482 1139 4550 Ἰουδαῖοι
1152 4481 1206 4545 καί
1218 4485 1249 4546 οἱ
1264 4485 1354 4568 ἱερεῖς
1360 4486 1419 4631 {tofi

1345 4590 1418 4633 εναι
