2924 4972
156 208 222 274 326
318 207 619 272 Bfflfflsm
640 205 872 270 ΔσντΕΡΑ
912 203 1174 286 mad-effla
1190 206 1243 270 17.

157 324 253 392 αύτόν
276 330 488 410 καταρᾶσθαι,
517 321 565 389 ότι
582 324 660 390 είπεν
678 322 764 408 αὐτῷ
797 320 901 400 λιόδας
918 322 1049 409 ἀνδρῶν,
1073 326 1125 388 καὶ
1137 320 1345 408 ᾶναστήσομαι
1359 335 1413 393 καί

155 405 266 495 κύριος.
290 410 420 483 11ιῖπως
434 408 490 472 ἴδοι
503 405 696 494 κύριοςὲντῆ
709 433 765 472 τα-
796 404 972 485 καταδιώξω
998 404 1097 473 ὀπίσω
1114 407 1214 472 Δαυὶδ
1234 407 1289 491 τὴν
1306 406 1411 475 νύκτα.

155 489 288 557 πεινώσει
299 518 367 574 μου,
380 493 432 555 καὶ
444 494 616 597 ἐπιστρέψει
625 479 765 575 μοι’ὀμα-
796 492 868 556 1καὶ
880 486 1073 573 ἐπελεύσομαι
1086 488 1129 556 εἰτ’
1144 488 1239 555 αότόν
1251 492 1303 555 καὶ
1317 491 1412 569 αύτός

158 576 201 640 θὶι
215 573 349 657 ᾶντὶτης
361 568 494 660 κατάρας
506 580 603 639 αυτοῦ
617 579 656 662 τῇ
669 571 764 659 ἡμέρᾳ
797 579 911 639 κοπιᾶν
921 575 972 639 καὶ
986 573 1173 657 ἐκλελυμένος
1184 575 1275 659 χερσὶ,
1295 578 1349 639 καὶ
1361 580 1411 641 ε’κ-

156 655 263 749 ταύτη.
301 659 329 699 11
340 660 391 723 καὶ
416 653 565 743 ἐπορεύθη
591 659 690 723 Δαυὶδ
713 659 765 721 καὶ
798 651 898 742 στήσω
911 654 1005 722 αύτὸν
1018 659 1069 722 καὶ
1082 654 1217 738 φεύξεται
1231 656 1410 735 πᾶςὸλαός

154 738 263 816 πάντες
273 744 305 806 οὶ
315 739 417 827 ᾶνδρες
429 739 525 806 αύτοᾶ
537 745 568 805 ἐν
577 745 617 835 τῇ
629 739 700 824 ὁδῷ.
714 741 765 804 καὶ
797 738 885 824 ὀμεέ
900 737 1006 816 αὐτοῦ,
1018 742 1069 804 καὶ
1082 739 1207 816 πατάξω
1218 740 1410 827 τὸνβασιλέα

154 824 245 906 Σεμεῒ
253 820 411 906 ἐπορεύετο
421 829 454 889 ἐκ
466 823 594 910 πλευρᾶς
605 829 662 889 τοῦ
678 821 765 908 ὀρους
796 820 980 905 μονώτατον.
1020 825 1098 888 3καὶ
1115 826 1289 910 ἐπιστρέψω
1304 822 1408 890 πάντα

155 904 276 994 ἐχόμενα
289 907 385 972 αὐτοῦ
398 902 594 994 πορευόμενος
606 909 659 972 καὶ
671 932 766 972 κατα·
797 904 850 972 τόν
862 906 937 973 λαὸν
949 904 1026 992 πρὸς
1039 905 1082 982 σὲ,
1096 902 1131 970 ὃν
1141 903 1261 991 τρόπον
1269 909 1406 992 ἐπιστρέ-

156 988 284 1078 ρώμενος
291 993 344 1056 καὶ
352 986 485 1066 λιθύζων
494 995 527 1055 ἐν
536 990 635 1066 λίθοις
645 994 677 1055 ἐκ
685 990 766 1055 πλα-
798 1015 845 1071 φει
870 987 889 1075 ἢ
906 986 1005 1074 νύμφη
1027 987 1104 1075 πρὸς
1120 989 1175 1055 τόν
1192 990 1288 1077 ἄνδρα
1305 988 1405 1075 αὐτῆς.

155 1081 229 1154 γέων
240 1072 336 1138 αὐτοῦ
349 1075 456 1156 καὶτῷ
467 1070 665 1157 χοῒπᾶσσων.
678 1073 708 1116 11
714 1075 766 1138 καὶ
798 1072 876 1156 πλὴν
888 1071 985 1156 ψυχὴν
997 1070 1105 1159 ἀνδρὸς
1117 1072 1180 1148 ἑνός
1193 1073 1230 1140 σὺ
1241 1077 1342 1157 ζητεῖς,
1357 1078 1408 1139 καὶ

155 1147 278 1242 ἦλθενό
296 1154 435 1306 βριλσιλεύς
452 1159 503 1221 καὶ
513 1162 574 1232 πᾶς
587 1153 604 1221 ὀ
618 1154 691 1231 λαὸς
704 1153 761 1238 μετ’
798 1160 890 1222 παντὶ
902 1160 947 1239 τῷ
958 1156 1025 1241 λαῷ
1039 1160 1120 1222 ἔσται
1134 1153 1240 1241 εὶρηνη.
1266 1158 1283 1199 ⁴
1295 1160 1346 1222 καὶ
1359 1156 1407 1222 εὐ-

156 1239 251 1307 αύτοῦ
265 1243 296 1305 ἐκ
331 1242 457 1324 σμένοι,
470 1243 522 1304 καὶ
535 1238 686 1322 ᾶνέψυξαν
699 1243 764 1304 ἐκεῖ.
798 1236 894 1315 θύςὸ
917 1236 1007 1317 λόγος
1024 1242 1056 1305 ἕν
1074 1238 1247 1322 ὀφθαλμοῖς
1266 1237 1407 1326 Ἀβισσα-

155 1327 182 1368 11
195 1327 248 1389 καὶ
263 1322 458 1415 Ἀβεσσαλώμ
476 1325 527 1387 καὶ
543 1329 605 1398 πᾶς
620 1321 695 1407 ἆνὶηρ
707 1321 766 1387 '1⁰-
798 1320 880 1406 λιὶμ,
906 1325 959 1389 καὶ
974 1326 1006 1389 ἐν
1023 1320 1197 1407 ὀφθαλμοῖς
1210 1320 1333 1388 πόντων
1346 1329 1406 1389 τᾶν

155 1406 234 1491 ραηλ
258 1406 395 1488 είςηλθον
419 1411 457 1479 εὶς
477 1403 689 1490 Ἰερουσαλὴμ,
714 1407 765 1469 καὶ
797 1408 1007 1492 πρεσβυτέρων
1017 1403 1146 1492 Ἰσραήλ.
1173 1405 1341 1472 ἔ’καὶεῖπεν
1355 1404 1407 1471 Ἀ-

150 1485 373 1592 Ἀχιτόριλμετῗ
390 1486 495 1552 αὐτοῦ.
533 1489 562 1530 ¹⁶
576 1490 629 1552 καὶ
641 1484 747 1570 ἐγενηθ
797 1485 963 1575 βεοσαλιύμ.
1003 1489 1147 1555 καλέσατε
1171 1489 1209 1592 δὶρ
1233 1496 1286 1556 καί
1305 1515 1338 1568 με
1353 1487 1406 1555 τὸν

156 1570 329 1675 ἡνίμαῖηλθε
336 1571 437 1634 Χουσὶ
447 1567 465 1635 ὀ
475 1568 661 1719 ὀρχῖαταῖρος
669 1515 767 1636 Δαυὶό
800 1576 902 1638 Χουσὶ
917 1569 1105 1677 τόνΙἈραχὶζ
1129 1575 1180 1638 καὶ
1192 1571 1364 1655 ακούσωμεν
1377 1578 1408 1637 τί

155 1680 232 1738 προς
239 1651 440 1756 Αβεσσαλώμ,
450 1659 522 1721 καὶε
534 1678 571 1719 πε
580 1655 681 1719 Χουσὶ
689 1650 766 1740 πρὸς
798 1657 830 1719 ἐν
853 1658 898 1738 τῷ
925 1681 1050 1741 στοματι
1070 1661 1165 1721 αυτοῦ
1181 1662 1234 1721 καί
1249 1681 1282 1733 γε
1299 1655 1405 1721 αὑτοῦ.

151 1734 350 1824 Ἀβεσσαλιύμ.
378 1739 457 1840 ζητω
470 1733 488 1801 ὁ
500 1732 642 1823 βασιλεύς.
673 1739 701 1780 ¹⁷
713 1739 765 1802 καὶ
797 1739 875 1804 6καὶ
888 1740 1001 1823 ιὶςῆλθε
1012 1741 1114 1805 Χουσὶ
1122 1739 1200 1825 πρὸς
1207 1734 1405 1824 Ἀβεσσαλιόμ.

155 1820 234 1886 εἶπεν
243 1819 433 1928 Ἀβεσοαλωμ
445 1819 522 1906 πρὸς
536 1825 643 1891 Χουσί,
670 1824 763 1892 τοῦτο
797 1822 849 1887 καὶ
859 1820 938 1887 ιὶπεν
947 1820 1137 1908 Ἀβεσσαλιιὶμ
1149 1821 1226 1903 πρὸς
1239 1818 1343 1894 αὐτὸν,
1357 1822 1407 1886 λέ-

154 1903 193 1970 τό
219 1904 302 1980 ἔλεος
320 1931 374 1969 σου
390 1903 464 1987 μετὰ
482 1907 538 1968 τού
557 1905 678 1990 ἑταίρου
695 1928 765 1982 σους
796 1928 866 1982 νων.
903 1903 982 1976 κατὰ
1000 1903 1036 1967 τὸ
1054 1907 1135 1988 ῥῆμα
1151 1905 1245 1967 τοῦτο
1264 1899 1407 1985 ἐλάλησεν

155 1993 236 2054 ὶνατί
253 1986 310 2054 οὐκ
329 1985 464 2071 ἀπῆλθες
481 1983 555 2070 μετὰ
571 1990 627 2051 τοῦ
644 1988 765 2072 ἑταίρου
792 1982 954 2092 Ἀηντόφελ
980 1981 1142 2067 ποιήσομεν
1154 1983 1233 2049 κατὰ
1245 1983 1298 2049 τὸν
1311 1984 1406 2062 λόγον

155 2097 224 2150 σους
244 2073 274 2115 ¹⁸
284 2073 335 2139 καὶ
346 2069 408 2140 ,εἶπε
421 2071 524 2139 Χουσὶ
535 2069 612 2155 πρὸς
623 2066 766 2174 Ἀβεσσα.
797 2073 894 2134 αυτοῦ
898 2096 912 2147 ,·
937 2072 963 2133 εὶ
978 2068 1011 2132 δὲ
1029 2064 1084 2170 μέρ,
1109 2067 1144 2133 οὶ
1161 2064 1301 2152 λύλησον.
1327 2071 1406 2134 1καὶ

154 2151 233 2238 λιύμ,
246 2150 411 2238 οόχὶ,ᾶλλύ
424 2148 608 2219 κατόπισθεν
620 2178 657 2217 ου
669 2152 765 2230 §zur
797 2151 858 2217 ιίπε
885 2153 989 2218 Χουσὶ
1012 2177 1090 2236 προς
1110 2148 1279 2239 Ἀβεσσαλιύ
1303 2201 1312 2215 .
1350 2149 1404 2218 ούκ

134 2308 136 2311 ,
155 2239 228 2313 ξατο
245 2235 347 2320 κύριος
359 2238 411 2304 καὶ
424 2232 442 2301 ὃ
455 2234 528 2311 λαός
540 2227 630 2312 ούτος
643 2239 694 2300 καὶ
705 2239 765 2310 πᾶς
797 2232 903 2318 ἀγαθὴ
920 2230 996 2341 αύτη
1013 2230 1136 2338 ὶηβουλὶη
1156 2230 1191 2318 ἢν
1207 2180 1404 2322 ἐβουλεύσατο

155 2317 231 2405 ἀνίηρ
245 2316 384 2422 ’[οραὶηλ,
397 2316 480 2403 αύτῷ
494 2321 609 2401 λίτομαι,
628 2315 764 2403 καὶμετό
791 2314 947 2402 Ἀχιτόφελ
965 2343 1002 2382 το
1017 2314 1099 2395 α’παξ
1112 2323 1213 2383 τοῦτο.
1252 2319 1268 2362 ⁸
1281 2323 1331 2384 καὶ
1343 2318 1405 2386 εἷπε

155 2402 255 2468 αύτού
266 2412 449 2487 καθησομαι.
473 2401 614 2468 19καὶτό
629 2397 764 2487 δεύτερον
799 2407 909 2468 Χουσὶ.
937 2397 974 2466 σύ
991 2399 1074 2477 οἶδας
1086 2400 1140 2466 τὸν
1152 2404 1271 2485 πατέρα
1284 2428 1336 2467 σου
1353 2404 1404 2467 καὶ

154 2483 211 2554 τίνι
224 2484 285 2566 ἐμιό
297 2483 461 2561 δουλεύσω,
488 2484 554 2572 οὐχὶ
570 2484 698 2552 ἐνώπιον
708 2489 764 2551 τοῦ
795 2482 868 2561 τούς
889 2482 998 2571 ᾶνδρας
1015 2483 1124 2561 αὐτοῦ,
1149 2480 1197 2549 ότι
1213 2486 1336 2551 δυνατοί
1350 2491 1404 2550 εἰσι

154 2575 222 2634 υὶοᾶ
243 2568 356 2650 αύτούς
381 2565 521 2656 καθάπερ
540 2565 698 2644 ἐδούλευσα
716 2573 765 2633 ἐν,
798 2564 917 2656 σφόδρα
936 2571 987 2634 καὶ
1004 2564 1184 2655 κατᾶπικροι
1200 2573 1239 2661 τῇ
1251 2574 1333 2653 ψυχῆ
1348 2567 1404 2634 αύ.

155 2650 252 2720 οὶπιον
264 2659 322 2719 τού
333 2649 449 2737 πατρός
462 2679 530 2728 σου,
548 2649 646 2727 ούτως
658 2656 764 2733 ἔσομαι
795 2657 865 2717 τῶν.
892 2649 935 2756 ὡς
950 2652 1045 2738 ὀρκος
1062 2650 1243 2736 ἢτεκνωμένη
1260 2655 1292 2715 ἓν
1308 2642 1404 2737 ὀιμρρῑ,

155 2732 283 2803 ἐνώπιόν
295 2760 359 2806 σουἸ
382 2739 413 2779 ²⁰
422 2738 473 2800 καὶ
487 2733 564 2805 εἶπεν
575 2731 766 2823 Ἀβεσσαλοὶμ
796 2737 848 2804 καὶ
862 2732 903 2812 ὡς
916 2762 950 2810 υς
964 2747 1084 2836 τραχεῖα
1097 2739 1128 2799 ἐν
1139 2738 1184 2815 τῷ
1195 2734 1297 2816 πεδίῳ.
1320 2737 1371 2800 καὶ
1385 2731 1403 2799 ὀ

153 2818 232 2901 πρὸς
244 2814 406 2902 Ἀχιτόφελ.
439 2818 539 2902 φέρετε
559 2820 676 2891 ἑαυτοῖς
693 2820 766 2902 βου.-
796 2814 897 2905 πατήρ
917 2845 971 2884 σου
990 2815 1065 2901 ᾶνηρ
1086 2815 1274 2940 πολλμιστὲς,
1300 2819 1353 2880 καὶ
1366 2816 1404 2882 ού

153 2899 208 3005 λὶρν
227 2907 258 2966 τί
275 2896 458 2985 ποιησωμενς
484 2903 511 2954 3¹
523 2902 574 2965 καὶ
590 2899 669 2965 εἶπεν
684 2898 765 2984 Ἀχι-
795 2900 835 3004 μη
860 2897 1014 2985 καταλύση
1038 2896 1093 2965 τόν
1110 2896 1193 2964 λαόν.
1263 2896 1327 2960 ἰδού
1343 2898 1403 2983 γὶιρ

153 2984 248 3063 τοφελ
258 3011 283 3049 π
303 2983 335 3059 ὸς
349 2978 549 3071 Ἀβεσσαλιύμ.
567 2983 674 3059 εἴςελθε
686 2982 765 3071 πρὸς
797 2983 889 3061 αυτὸς
906 2990 958 3057 νῦν
974 2973 1136 3070 κέκρυπται
1153 2984 1184 3046 έν
1201 2971 1244 3051 ἑνὶ
1258 2983 1319 3045 τιᾶκ
1329 2984 1402 3067 βου-

153 3067 209 3140 τὶις
221 3092 266 3129 πα
324 3065 378 3142 κὶις
390 3072 445 3132 τοῦ
455 3061 571 3153 πατρός
581 3093 635 3133 σου
646 3063 681 3142 ἃς
691 3091 765 3132 κατ..
796 3072 855 3133 νοῑν
868 3068 887 3154 ἢ
901 3071 932 3135 ἐν
949 3071 995 3135 ἑνὶ
1006 3072 1067 3137 τῶν
1077 3060 1188 3132 τόπων.
1214 3067 1264 3131 καὶ
1277 3067 1361 3131 έσται
1373 3067 1403 3128 ἐκ

154 3150 236 3213 έλιπε
249 3144 410 3228 φυλάσσειν
422 3146 476 3214 τόν
488 3148 574 3215 οίκον
585 3148 694 3225 αὐτοῦ,
713 3152 765 3224 καὶ
796 3156 841 3235 τῷ
866 3155 1012 3220 ,ἐπιπεσεῖν
1038 3148 1141 3226 αὐτοῖς
1165 3152 1197 3215 ἐν
1222 3147 1312 3241 ἀρχῇ,
1353 3151 1405 3213 καὶ

155 3227 313 3304 ἀκούσεται
324 3230 532 3320 πᾶςἸσραὶηλ,
556 3229 604 3299 ὀτι
617 3232 762 3319 κατὴσχω
797 3231 912 3329 ἀκούσῃ
939 3229 1059 3311 ἀκούων
1083 3236 1135 3298 καὶ
1159 3233 1242 3321 εἴση,
1280 3229 1405 3317 ἐγενηθη

154 3341 207 3392 νας
219 3315 273 3382 τὸν
286 3321 405 3404 πατέρα
418 3343 488 3393 σου,
502 3321 552 3383 καὶ
565 3307 765 3404 ἓνιοχύόουσιν
794 3324 924 3404 ,θραᾶσις
941 3322 972 3383 έν
989 3322 1035 3401 τῷ
1047 3319 1112 3382 λαῶ
1129 3321 1173 3401 τῷ
1191 3314 1290 3383 ὀπίσω
1303 3314 1405 3407 Ἀβισ-

154 3405 188 3466 αὶ
200 3413 288 3487 χεῖρες
300 3398 421 3467 πόντων
434 3407 494 3466 τῶν
505 3401 579 3486 μετὰ
592 3407 658 3475 σοῦ.
677 3404 764 3469 1-1καὶ
798 3399 912 3484 σαλώμ.
925 3403 954 3443 ¹⁰
960 3407 1012 3466 καί
1022 3426 1055 3478 με
1069 3383 1159 3476 αότός
1171 3398 1236 3476 υὶὶς
1247 3395 1404 3482 δυνάμεως,

154 3487 267 3570 ἔπηξαν
278 3485 332 3570 την
345 3481 451 3570 σκηνὴν
461 3490 505 3568 τῷ
515 3481 704 3572 Ἀβεσοαλιὶμ
714 3487 764 3549 ἐπὶ
796 3475 834 3548 ού
847 3480 865 3569 ἦ
876 3483 984 3567 καρδία
995 3480 1099 3557 καθώς
1109 3481 1127 3563 ἢ
1137 3485 1247 3569 καρδία
1256 3488 1312 3549 τοῦ
1321 3485 1405 3548 λέον-

154 3568 191 3634 τὸ
218 3570 319 3652 δῶμα,
348 3571 400 3634 καὶ
422 3569 552 3653 εὶςῆλθιν
573 3564 764 3654 Ἀβεσσαλιὶμ
797 3591 848 3642 τος
876 3569 1023 3648 τηκομένη
1049 3566 1221 3646 τακησεται,
1248 3565 1296 3634 ὀτι
1327 3566 1405 3630 οἶδεν

154 3650 232 3734 πρὸς
249 3653 304 3726 τὰς
320 3648 479 3725 παλλακὰς
499 3655 556 3716 τοῦ
574 3646 690 3732 πατρὸς
707 3645 765 3712 αύν
796 3654 857 3724 πᾶς
874 3645 1011 3729 Ἰσραὴλ,
1037 3643 1086 3709 ὅτι
1110 3647 1236 3725 δυνατὸς
1262 3647 1279 3716 ὁ
1303 3643 1403 3728 πατήρ

154 3737 211 3796 τοῦ
228 3731 290 3796 κατ’
307 3732 487 3815 ὀφθαλμούς
503 3730 618 3807 παντὸς
632 3726 763 3817 Ἰσραηλ
797 3757 861 3804 σου,
873 3730 926 3792 καὶ
938 3729 998 3791 υῖοὶ
1010 3723 1168 3810 δυνάμεως,
1182 3738 1215 3797 οἱ
1227 3730 1283 3817 μετ’
1299 3726 1402 3792 αὐτοῦ.

155 3817 185 3863 ²³
197 3818 247 3886 καὶ
264 3811 388 3904 ἦβουλὶη
400 3810 555 3899 Ἀχιτόφελ
571 3810 608 3904 ἢν
626 3807 764 3904 ίβουλεύ.
796 3816 821 3855 ¹¹
834 3808 881 3875 ὀτι
908 3804 1002 3884 ούτως
1024 3812 1226 3901 ωιμβσυλεύων
1247 3809 1305 3890 ἐμοὶ
1323 3833 1403 3874 συνε-

155 3922 230 3964 σατο
254 3902 286 3962 ἐν
311 3909 378 3973 ταῖς
399 3895 521 3981 ἡμέραις
537 3909 603 3971 ταῖς
619 3890 763 3980 πρώταις,
793 3891 957 3979 βούλευσα,
980 3897 1030 3959 καὶ
1047 3895 1238 3982 συναγόμενος
1250 3888 1401 3975 συναχθή-

156 3975 191 4044 ὀν
204 3975 317 4063 τρόπον
329 3975 502 4082 ἓπερωτησρ
514 4004 557 4054 τις
569 3983 601 4044 ἐν
613 3976 695 4058 λόγῳ
706 3978 765 4039 τοῦ
796 4001 875 4041 σεται
889 3978 937 4040 ἐπὶ
950 3976 981 4043 σὲ
993 3985 1054 4057 πᾶς
1062 3980 1188 4067 Ἰσρα“λ
1199 3974 1262 4046 ᾶπό
1272 3971 1338 4038 Λᾶν
1350 3978 1402 4040 καὶ

154 4067 246 4137 θεοῦ,
271 4059 368 4138 ούτως
384 4067 470 4128 πᾶσα
484 4053 505 4144 ἠ
518 4059 612 4142 βουλὴ
625 4062 682 4122 τοῦ
691 4056 764 4142 Ἀχι-
796 4065 850 4136 ἕως
863 4065 1034 4151 Βηρσαβεέ,
1060 4061 1100 4140 ὡς
1116 4064 1243 4147 ἧαμμος
1254 4053 1274 4140 ἢ
1287 4059 1338 4123 ἐπὶ
1350 4063 1403 4142 τῆς

153 4143 248 4249 ‚twa
272 4152 325 4245 καί
347 4170 378 4221 γε
401 4149 445 4227 τῷ
463 4144 561 4209 Λαυὶδ
575 4147 638 4206 καί
661 4166 693 4220 με
719 4146 764 4225 τῷ
795 4141 951 4248 θαλάσσης
976 4154 1014 4226 εὶς
1030 4149 1157 4230 πλῆθος.
1188 4143 1239 4207 καὶ
1256 4138 1292 4205 τὶ
1309 4139 1402 4244 πρός-

152 4227 351 4316 Αβεσσαλωμ.
797 4256 880 4295 ωπον
890 4228 1153 4332 σουπορευόρενον
1162 4228 1279 4308 ἐνμέσῳ
1291 4251 1401 4291 αυτωυ.

560 4302 570 4327 ’
795 4317 823 4357 ¹²
834 4317 886 4380 καὶ
906 4311 1008 4400 ἥξομεν
1023 4338 1098 4417 προς
1114 4305 1206 4374 αύτὸν
1220 4313 1259 4383 εἰς
1272 4313 1325 4375 ἕνα
1341 4314 1403 4375 τῶν

157 4360 240 4461 Καὶ
257 4395 336 4462 εἶπεν
355 4389 509 4480 Ἀχιτόφελ
530 4390 607 4478 πρὸς
624 4391 764 4480 Ἀβεσσα-
796 4394 898 4464 τόπων
917 4392 954 4466 ού
970 4397 1023 4463 ὶσὶν
1035 4416 1162 4479 ευρωμεν
1175 4390 1268 4459 αὐτὸν
1282 4397 1342 4459 ἐκεῖ
1353 4397 1404 4458 καὶ

157 4477 228 4566 λώμ
254 4479 377 4559 ἐπιλέξαι
396 4474 432 4565 δη
450 4480 569 4566 ἐμαυτῷ
590 4472 703 4546 διόδεκα
721 4506 764 4560 χι-
796 4482 1037 4571 παρεμβαλοᾶμιν
1053 4475 1097 4543 ἐπ’
1120 4474 1226 4554 αὐτὸν,
1251 4474 1292 4554 ὡς
1300 4484 1405 4627 gripta

1317 4586 1405 4650 ροσος
