2924 4972
224 257 714 322 ΠΑΡΛΛΕΙΠΟΜΕΝΩΝ
734 262 870 322 ΛΕΤΤ.
915 254 1179 337 Κεφ.ς’.ζ’.6.7.
1264 260 1326 326 44¹

80 399 151 447 οεως
162 370 271 448 αῦτιῦν,
285 376 337 437 καί
348 370 481 458 ποιήσεις
492 370 530 438 τὸ
540 374 688 479 δικαίωμα
720 371 738 438 ό
751 374 887 461 βασιλεὺς
897 377 948 440 καί
956 380 1017 451 πᾶς
1026 371 1044 440 ό
1054 375 1127 450 λαὸς
1135 372 1258 451 θῦοντες
1266 374 1328 440 015-

80 452 189 521 αὐτῶν.
215 453 304 520 11ότι
317 452 617 543 όμαρτήσονταίσοι,
640 481 688 522 οτι
718 484 801 540 ματα
820 462 916 523 ε”ναντι
933 465 1044 545 κυρίου.
1075 458 1329 526 1καίέθυσίασεν

80 536 134 603 οῦκ
147 541 230 603 ἔσται
249 537 413 622 ἅνθρωπος
431 536 466 615 ὃς
481 538 536 624 σιἰχ
553 534 689 623 ότμαρτή-
720 536 888 626 όβασιλεῦς
1025 540 1032 562 “
1071 538 1127 627 τήν
1146 548 1257 606 θυσίαν
1269 539 1327 624 μό-

80 646 171 696 σεται,
183 624 235 686 καί
247 618 389 699 πατάξεις
401 621 511 698 αῦτοῦς
523 623 574 687 καί
585 648 687 707 παρα·
720 646 797 707 σχιαν
807 624 899 689 εἴκοσι
917 628 968 690 καί
999 626 1034 690 ιίσ
1046 620 1194 710 χιλιάδας,
1218 628 1327 709 βοσκη-

79 700 180 780 δόσεις
187 704 299 780 αῦτοῦς
306 704 385 770 κατὰ
393 701 555 792 πρόςωπον
561 707 687 792 ἐχθροῖν,
718 700 821 787 μάτων
833 705 942 770 ἑκατόν
951 710 1003 771 καί
1014 709 1104 773 εἴκοσι
1116 705 1260 793 χιλιάδας,
1274 707 1328 772 καλ

77 790 129 852 καί
146 785 432 872 αἰχμαλωτεῦσσυσιν
448 786 559 865 αῦτοῦς
578 794 608 854 οἱ
621 793 687 874 “¹1-
720 792 872 854 ἐνεκαίνισε
888 788 942 854 τὸν
952 788 1037 855 οίκον
1049 796 1103 856 τσῦ
1116 797 1190 856 θεοῦ
1208 786 1327 877 όβασι-

76 870 294 954 μαλωτείοντες
311 870 421 949 αὐτοὺς
442 877 481 948 είς
498 877 554 954 γῆν
571 876 687 979 ἐχθρῶν
718 869 785 946 λεῦς
802 872 854 936 καί
869 877 931 947 πᾶς
948 867 1060 948 όλαός.
1098 875 1226 940 1καίοί
1242 879 1327 959 ίερεΐς

78 959 117 1029 εἰς
141 959 196 1039 γήν
210 956 330 1040 μακρὰν
347 956 366 1040 ἢ
384 954 483 1035 ἐγγὺς,
509 958 602 1019 31και
620 959 687 1020 ἐπι·
719 956 769 1019 ἐπί
781 954 836 1029 τὰς
848 950 982 1035 φυλακὰς
993 952 1326 1040 αῦτῶνέστηκότες,καί

78 1040 232 1122 στρὲψωσι
242 1040 366 1124 καρδίαν
378 1038 616 1130 αῦτιῦνέντῇγῄ
630 1035 687 1103 αῦ-
720 1042 752 1103 σί
768 1043 895 1102 Λευῖται
912 1040 944 1101 ἐν
961 1034 1101 1119 ὀργάνοις
1117 1036 1204 1121 ᾠδῶν
1222 1046 1326 1125 κυρίου

79 1125 139 1183 τῶν
156 1113 193 1184 οῦ
209 1116 321 1206 μετήχθ
342 1146 398 1187 σαν
412 1127 484 1196 ἐκεί,
509 1127 563 1185 καί
578 1145 611 1198 γε
622 1124 686 1186 ἐπι·
719 1124 776 1186 τοῦ
789 1121 888 1185 Δαυίδ
899 1123 953 1184 τοῦ
965 1119 1125 1204 βασιλέως,
1149 1125 1204 1184 τοῦ
1223 1124 1326 1203 ἐξομο-

82 1225 119 1264 στ
138 1204 234 1285 έψωσι
248 1207 300 1268 καί
318 1151 348 1269 όε
370 1209 450 1269 θῶσί
462 1228 516 1269 σου
529 1206 560 1266 ἐν
571 1208 609 1297 τῇ
622 1207 687 1287 αλχ-
719 1202 876 1281 λογεῖσθαι
894 1206 990 1267 ἔναντι
1007 1206 1127 1286 κυρίου,
1153 1197 1201 1265 ότι
1217 1207 1257 1277 είς
1273 1203 1327 1267 τὸν

80 1310 123 1365 μα
168 1290 218 1366 σία
231 1282 340 1361 αὐτῶν,
350 1232 495 1364 λέγοντες.
512 1282 687 1371 ἡμάρτομεν,
720 1290 817 1351 αίιῦνα
829 1284 865 1351 τό
878 1285 962 1361 ἕλεος
976 1282 1086 1358 αὐτοῦ,
1109 1286 1140 1346 ἐν
1153 1280 1250 1364 ῦμνοις
1261 1290 1328 1350 Δα-

80 1361 277 1449 ήνομήσαμεν,
303 1366 484 1472 ἠδικήσαμεν.
509 1370 605 1434 311καί
623 1373 689 1435 ἐπι-
720 1369 769 1434 υίδ
779 1367 931 1454 διάχειρός
940 1366 1108 1433 αῦτιῦν.καί
1119 1366 1327 1453 οίίερείςσαλ-

80 1453 234 1553 στρίψωσι
255 1451 334 1536 πρός
352 1477 386 1518 σε
404 1456 436 1517 ἐν
448 1449 504 1545 ὅλη
517 1453 625 1539 καρδίη
638 1453 689 1517 καλ
720 1454 850 1529 σίζοντες
868 1464 935 1527 ταῖς
949 1447 1105 1528 σάλπιγξιν
1120 1453 1253 1516 ἐναντίω
1271 1449 1326 1516 αῦ-

80 1537 112 1597 ἐν
123 1529 180 1628 όλη
190 1538 275 1640 ψυχῇ
284 1533 386 1602 αὐτῶν
397 1539 474 1640 ἐνγή
486 1536 688 1621 αλχμαλωτευ-
719 1539 794 1611 τῦν,
812 1540 864 1601 καί
875 1531 1068 1620 πᾶς’Ῑσραήλ
1082 1529 1219 1618 ίστηκιός.
1247 1536 1326 1600 1καλ

80 1613 196 1681 σάντων
207 1618 335 1695 αυτοῦς,
361 1615 439 1685 ὅπου
455 1615 686 1704 ηχμσλυίτευσαν
718 1614 819 1701 ήγίασε
834 1614 990 1701 Σαλαμάν
1006 1618 1043 1684 τό
1059 1620 1149 1723 μέσον
1165 1622 1219 1703 τῆς
1231 1615 1325 1703 αῦλής

79 1697 206 1777 αῦτοῦς,
232 1703 284 1765 καί
306 1689 523 1789 προςεόξωῦται
542 1701 615 1767 ὁδόν
630 1707 685 1808 γής
718 1707 769 1808 τής
782 1705 813 1767 ἐν
825 1703 899 1786 οἴκῳ
910 1707 1028 1786 κυρίου,
1055 1701 1104 1766 ότι
1117 1703 1253 1784 ἐποίησεν
1266 1706 1328 1767 ἐκεί

79 1781 180 1848 αῦτιῦν
201 1774 236 1867 ἧς
253 1786 367 1861 ἔδωκας
384 1797 446 1862 τοϊς
462 1780 610 1871 πατράσιν
627 1811 685 1851 αυ-
716 1810 756 1850 τα
769 1781 1012 1889 ὁλοκαυτώματα
1023 1789 1075 1851 καί
1087 1781 1126 1849 τά
1139 1789 1252 1850 στέατα
1264 1788 1324 1850 τιῦν

77 1870 150 1944 τῶν,
177 1871 228 1933 καί
244 1874 298 1975 τής
314 1865 431 1945 πόλεως
452 1861 486 1954 ής
499 1871 620 1947 ἐξελέξω
632 1869 685 1934 καὶ
717 1877 887 1957 σωτηρίων,
917 1869 964 1934 ότι
989 1867 1026 1933 τό
1051 1863 1263 1953 θυσιαστήριον
1287 1867 1323 1932 τό

77 1955 132 2014 τοῦ
151 1951 236 2018 αῦιου
250 1980 287 2018 ου
306 1949 489 2038 ᾠκοδόμησα
500 1958 546 2019 τιῦ
558 1948 685 2037 ὀνόματί
714 1953 846 2037 χαλκοῦν
859 1949 879 2017 ὃ
891 1955 1010 2035 ἐποίησε
1022 1948 1181 2033 Σαλωμιόν
1194 1949 1250 2016 σῦκ
1263 1953 1325 2028 ἐξι-

79 2058 144 2108 σου,
160 2036 191 2077 19
201 2037 253 2101 καί
265 2032 380 2120 άκοόση
392 2040 424 2102 ἐκ
435 2042 493 2102 τοῦ
505 2020 639 2122 σῦρανοῦ
652 2036 684 2112 ἐξ
715 2043 792 2102 ποίει
805 2039 950 2114 δέξασθαι
964 2032 1004 2101 τόν
1017 2029 1255 2116 ὁλοκαυτώματα
1271 2037 1324 2100 καλ

77 2117 195 2198 ἑτοίμου
211 2112 438 2206 κατοικητήρίου
460 2146 515 2185 σου
526 2125 580 2205 τής
592 2143 685 2204 προς·
715 2118 756 2184 τά
788 2116 868 2185 αναόι
877 2123 928 2184 καί
937 2118 977 2184 τά
987 2121 1106 2185 στέατα.
1120 2119 1194 2183 1’καί
1203 2120 1324 2203 ἐποίησε

77 2207 159 2284 ευχής
178 2202 277 2266 ἀὐτῶν
294 2205 345 2266 καὶ
361 2209 414 2287 τής
431 2202 556 2285 δεήσεως
572 2200 685 2275 αῦτιῦν,
717 2209 749 2266 Σ
811 2201 873 2283 μάν
881 2199 938 2285 τήν
945 2197 1088 2286 ἐσρτήνέν
1097 2205 1140 2282 τῷ
1148 2204 1244 2286 καιρῷ
1253 2202 1324 2266 ἐκεί·

79 2284 130 2345 καί
147 2281 280 2371 ποιήσεις
293 2290 436 2369 κρίματα,
462 2289 515 2350 καί
530 2285 616 2357 ’ίλεως
633 2287 687 2366 ἐση
718 2308 761 2349 νω
775 2284 852 2348 ἑπτά
864 2279 985 2368 ἡμέρας,
998 2285 1049 2347 καί
1060 2288 1120 2357 πᾶς
1130 2280 1251 2367 Ἰσραήλ
1263 2282 1321 2365 μετ’

78 2369 123 2443 τῷ
136 2365 201 2448 λαῷ
215 2371 259 2449 τῷ
271 2363 443 2449 ἆμαρτιῦντί
455 2392 509 2431 σοι.
526 2366 559 2410 ⁴⁰
570 2367 622 2429 καί
634 2357 688 2429 νῦν
719 2349 831 2441 αῦτοῦ,
856 2366 993 2447 ἐκκλησία
1004 2361 1113 2448 μεγάλη
1127 2366 1245 2449 σφόδρα
1258 2365 1323 2430 άπὸ

82 2443 161 2530 κύριε
186 2452 320 2514 ἔστωσαν
344 2446 381 2531 δή
407 2453 437 2512 οἶ
454 2447 615 2530 ὀφθαλμοί
631 2472 687 2510 σου
719 2445 831 2521 εἶςόδου
840 2446 953 2529 Αίμῦθ
966 2448 1018 2509 καί
1030 2451 1085 2520 ἕως
1097 2442 1253 2546 χειμάρρου
1262 2448 1324 2511 Αί-

82 2525 273 2612 ἀνεῳγμένοι,
300 2532 351 2594 καί
369 2529 408 2594 τίκ
427 2519 492 2594 ῦτό
506 2555 561 2594 σου
574 2524 689 2610 ἐπήκοα
719 2525 845 2608 γόπτου.
862 2531 878 2571 ⁹
891 2530 944 2592 καί
956 2531 1075 2609 ἐποίησε
1087 2529 1117 2589 ἐν
1129 2532 1166 2617 τῇ
1179 2529 1274 2612 ημίρᾳ
1286 2535 1326 2621 τῇ

81 2616 121 2688 είς
146 2614 202 2696 τήν
228 2613 326 2715 δέησιν
355 2616 413 2677 τοῦ
440 2607 537 2677 τόπου
567 2607 687 2676 τοῦτου.
721 2608 814 2705 ὀγδόη
839 2606 967 2689 ἐξόδιον,
994 2606 1040 2675 ότι
1066 2608 1249 2691 ἐγκαινισμὸν
1268 2617 1327 2675 τοῦ

80 2694 109 2736 ⁴¹
122 2698 172 2760 καί
191 2701 241 2761 νῦν
260 2689 409 2780 ανάστηθι
428 2695 507 2780 κόριε
525 2694 543 2761 ὁ
559 2693 632 2770 θεός
651 2699 690 2770 είς
719 2702 936 2780 θυσιαστηρίου
962 2697 1097 2777 ἐποίησεν
1122 2692 1199 2757 ἐπτότ
1216 2688 1326 2779 ήμέρας

78 2777 134 2883 τήν
152 2776 342 2847 κατάπαυσίν
354 2806 424 2855 σου,
451 2780 489 2845 σὺ
502 2782 553 2846 καί
566 2778 584 2865 ή
599 2782 689 2866 κιβω-
720 2778 836 2865 ἑορτήν,
851 2779 941 2844 11καί
953 2781 985 2842 ἐν
997 2782 1035 2881 τή
1048 2782 1133 2863 τρίτη
1147 2780 1197 2842 καί
1209 2782 1326 2867 εἰκοστή

78 2888 131 2937 τος
143 2869 196 2947 τῆς
210 2862 309 2949 λσχῦος
321 2889 385 2930 σου.
410 2869 492 2949 ἱερεῖς
509 2890 563 2930 σου
578 2860 656 2950 κόριε
670 2860 687 2927 ὃ
720 2869 776 2930 τοῦ
792 2862 881 2948 μηνὸς
892 2867 951 2929 τοῦ
964 2863 1090 2949 ἑβδόμου
1102 2849 1255 2927 άπέστειλε
1273 2861 1327 2928 τὸν

77 2944 151 3022 θεὸς
163 2944 333 3014 ἐνδῦσαιντο
347 2953 508 3033 σωτηρίαν,
522 2951 574 3013 καὶ
586 2953 617 3014 oz
629 2951 690 3012 υίοί
719 2944 795 3014 λαόν
808 2954 847 3025 είς
858 2947 898 3013 τὰ
908 2943 1084 3052 σκηνώματα
1094 2943 1194 3011 αὐτῶν
1204 2943 1327 3030 εῦφραι-

77 3057 132 3094 σου
143 3027 399 3115 εῦφρανθήτωσαν
409 3036 440 3098 ἐν
450 3029 589 3109 ἀγαθοῖς.
600 3027 688 3095 12κῦ·
720 3036 858 3116 νομένους
879 3036 930 3097 καί
946 3036 1051 3126 αγαθῇ
1069 3030 1176 3116 καρδίᾳ
1194 3031 1245 3094 ἐπί
1262 3040 1326 3106 τοῖς

78 3140 120 3199 ριε
139 3112 156 3178 ό
169 3115 240 3191 θεὸς
252 3113 292 3200 μή
307 3114 501 3203 ἆσοστρέψης
519 3116 555 3180 τὸ
568 3111 687 3201 πρόςω-
718 3114 852 3195 ἀγαθοῖς
863 3116 907 3192 σός
920 3119 1040 3199 ἐποίησε
1052 3109 1152 3200 κῦριος
1164 3117 1208 3198 τῷ
1220 3116 1324 3189 Δαυίδ,

77 3224 136 3263 πον
162 3204 218 3264 τοῦ
241 3203 367 3284 χριστοῦ
388 3226 458 3277 σου,
469 3189 630 3284 ’μνήσθητι
646 3195 686 3265 τά
717 3205 767 3266 καὶ
785 3205 830 3284 τῷ
846 3202 1047 3282 Σαλωμιῦντι,
1073 3202 1124 3262 καί
1141 3203 1186 3280 τῷ
1200 3195 1326 3280 Ἰσραήλ

79 3281 145 3366 ἑλίη
159 3283 258 3347 Δαυίδ
268 3287 324 3347 τοῦ
338 3279 448 3348 δοῦλου
462 3308 526 3348 σου.
717 3285 785 3367 λαῷ
802 3281 908 3347 αὐτοῦ.
934 3286 959 3323 11
973 3286 1023 3346 καί
1040 3281 1203 3346 συνετέλεσε
1215 3280 1324 3345 Σαλω-

275 3371 308 3428 Κ
321 3371 400 3429 ΕΦ.
443 3361 492 3428 Z'.
717 3362 849 3449 μώντόν
865 3362 948 3428 οἶκον
964 3369 1081 3438 κυοίου,
1105 3361 1224 3427 καὶτὸν
1242 3362 1327 3427 οἶκον

78 3413 137 3510 Κ
134 3449 166 3511 αί
177 3444 218 3520 ὧς
229 3447 388 3511 συνετθεσε
397 3444 554 3529 Σαλωμιόν
563 3472 687 3532 προςευ-
718 3453 774 3513 τοῦ
786 3447 943 3533 βασιλέως,
962 3471 1014 3509 και
1025 3441 1128 3510 πάντα
1140 3441 1200 3509 ὅσα
1214 3442 1327 3527 ήθελη-

78 3526 212 3615 χόμενος,
237 3527 341 3593 καὶτὸ
364 3534 426 3614 πῦρ
446 3533 555 3630 κατέήλη
581 3534 613 3593 ἐκ
632 3534 688 3594 τοῦ
719 3555 769 3595 σεν
782 3533 814 3594 ἐν
826 3533 862 3623 τή
875 3532 957 3619 ψυχῇ
967 3525 1327 3609 Σαλωμώντοῦποιήσαι

80 3613 225 3697 οῦρανοῦ,
240 3613 291 3675 καί
303 3613 452 3691 κατέφαγε
463 3611 503 3675 τόν
516 3607 690 3675 ολοκαυτιό-
720 3616 750 3678 ἐν
764 3615 836 3696 οἴκῳ
849 3616 951 3694 κυρίου
965 3611 1016 3674 καί
1026 3613 1057 3674 ἐν
1066 3611 1138 3691 οἴκῳ
1149 3606 1244 3673 αὐτοῦ
1252 3606 1329 3672 εῦω-

79 3721 162 3778 ματα
174 3697 225 3761 καί
238 3693 293 3770 τὰς
304 3699 425 3770 θυσίας,
436 3697 487 3758 καί
499 3690 574 3769 δόξα
587 3700 690 3778 κυρίου
721 3692 815 3778 διόθη.
841 3698 869 3737 ¹²
881 3695 933 3759 καί
944 3692 1036 3775 ιόρθη
1049 3686 1149 3778 κόρισς
1161 3696 1205 3775 τῷ
1217 3692 1327 3756 Σαλω-

81 3779 190 3864 ἐσλησε
208 3779 261 3842 τὸν
273 3777 357 3844 οἶκον
380 3780 395 3819 ²
408 3780 459 3842 καί
475 3775 531 3843 οῦκ
545 3772 690 3860 ήδῦναντο
720 3777 785 3861 μόνν
797 3779 850 3862 τήν
863 3782 964 3852 νιίκτα,
977 3778 1028 3841 καί
1039 3774 1118 3841 εἶπεν
1130 3773 1221 3858 αὐτῷ.
1237 3774 1327 3860 ήκου-

82 3868 112 3928 οί
124 3868 207 3947 ίερείς
220 3862 357 3939 εἰςελθείν
370 3864 409 3937 εἰς
425 3859 479 3927 τόν
494 3859 578 3926 οἷκον
589 3866 690 3943 κυρίου
722 3888 759 3928 σα
772 3865 825 3946 τής
837 3864 993 3964 προςευχής
1006 3885 1073 3932 σου,
1099 3861 1149 3923 καί
1161 3856 1327 3944 ἐξελεξάμην

82 3951 168 4031 ἐντῷ
181 3951 277 4032 καιρῷ
290 3951 406 4028 ἐκείνῳ,
433 3943 480 4010 ότι
494 3945 602 4028 ἔπλησε
616 3939 690 4021 δόξα
721 3950 752 4011 ἐν
770 3949 813 4029 τῷ
831 3970 918 4026 τσττῳ
936 3939 1035 4028 ταῦτῳ
1052 3946 1169 4026 ἐμαυτῷ
1186 3949 1225 4018 είς
1243 3943 1326 4009 οἷκον

82 4036 185 4116 κυρίου
197 4027 250 4096 τόν
264 4029 354 4095 οἷκον.
375 4030 453 4095 1καὶ
465 4025 573 4104 πάντες
587 4033 617 4094 σί
631 4032 690 4095 υίοί
720 4037 839 4105 θυσίας.
856 4025 947 4093 11ἐίιν
960 4032 1060 4113 συσχῶ
1072 4026 1124 4093 τὸν
1136 4024 1265 4114 οῦρανόν
1276 4031 1327 4093 καί

80 4113 202 4198 Ἰσραήλ
227 4110 330 4198 ἑώρων
355 4117 535 4221 καταβαῖνον
558 4111 594 4177 τὸ
616 4117 688 4200 πῦρ,
720 4114 758 4197 μή
769 4118 887 4197 γένηται
902 4110 1000 4187 ῦετός,
1026 4114 1076 4176 καί
1094 4107 1145 4175 ἐόιν
1158 4112 1328 4194 ἐντείλωμαι

84 4202 135 4263 καί
152 4193 256 4280 ήδόξα
274 4204 375 4281 κυρίου
394 4200 443 4260 ἐπι
457 4193 508 4262 τὸν
521 4196 613 4262 οἶκον.
640 4200 690 4261 καί
722 4204 759 4303 τή
777 4196 874 4283 ιἰκρίδι
893 4208 1074 4278 καταφαγεῖν
1091 4191 1128 4259 τό
1147 4197 1251 4271 ξυλον,
1278 4196 1328 4257 καί

84 4285 189 4347 ’ἔπεσον
205 4283 254 4345 ἐπὶ
273 4278 433 4367 πρόςωπον
449 4283 498 4344 ἐπί
511 4279 563 4364 τήν
575 4285 629 4364 χήν
642 4283 690 4345 ἐπὶ
722 4284 773 4344 ἐαν
797 4281 966 4348 ἀποστείλω
989 4277 1125 4347 θάνατον
1143 4284 1174 4343 ἐν
1192 4284 1235 4360 τῷ
1261 4276 1328 4357 λαῷ

88 4361 123 4427 τὸ
148 4360 366 4450 λιθόστρωτον,
397 4369 448 4429 καί
472 4364 690 4468 προςεκῦνησαν
720 4390 790 4446 μου,
816 4366 845 4408 ¹⁴
859 4368 910 4430 καί
929 4363 980 4430 ἐόν
996 4368 1128 4450 ἐντραπῆ
1146 4358 1164 4424 ὅ
1181 4357 1255 4433 λαός
1271 4383 1328 4456 μθῑξ

85 4448 136 4512 καὶ
148 4445 235 4537 ᾔτουν
254 4454 296 4532 τῷ
309 4454 412 4532 κυρίῳ,
433 4445 479 4512 ότι
499 4446 629 4525 αγαθόν,
643 4442 690 4510 ότι
721 4447 764 4527 ἐφ’
783 4443 836 4522 οῦς
849 4450 1035 4531 ἐπικέκληται
1049 4447 1084 4511 τὸ
1104 4431 1198 4520 όνομό
1209 4467 1268 4520 μου
1281 4443 1319 4537 ἐπ

85 4536 122 4607 τίς
141 4528 194 4596 τόν
210 4536 306 4598 αῖιῦνα
325 4533 361 4597 τὸ
376 4532 458 4607 ἔλεος
477 4532 584 4597 αὐτοῦ.
610 4530 691 4597 1ιταί
721 4528 846 4609 αῦτοῦς,
870 4535 920 4596 καί
940 4527 1157 4615 προςιόξωντιιι
1175 4525 1225 4585 καὶ
1243 4524 1330 4601 [Wl-

1263 4627 1345 4665 Um&
