2924 4972
400 247 702 308 ισῑυιιιεικ
744 230 950 319 maaca.
1031 287 1037 301 .
1231 233 1294 305 891

54 393 143 449 σομαι
162 365 215 429 τὸν
231 361 305 427 λαόν
323 387 381 443 μου
399 365 431 424 ἐκ
452 358 546 444 χειρὸς
563 357 657 442 ὑμῶν,
692 384 742 423 ται
760 356 814 441 τήν
831 356 947 425 ἀδικίαν
967 357 1068 423 αὐτῶν
1085 359 1164 425 κατὰ
1182 358 1218 423 τὸ
1232 357 1298 424 ἀδί·

54 452 104 515 καὶ
116 445 262 528 γνώσεσθε
276 441 324 509 ὅτι
338 442 395 520 ἐγώ
409 439 518 525 κύριος.
692 469 770 525 κημα
788 446 843 506 τοῦ
863 443 1080 525 ἐπερωτῶντος.
1105 445 1156 506 καλ
1172 440 1301 508 κατὰτὸ

236 535 310 592 ΚΕ
325 532 362 589 Φ.
407 521 476 590 IA‘.
693 523 822 610 ἀδίκημα
845 521 956 607 ὁμοίως
980 528 1024 607 τῷ
1047 521 1187 609 προφήτη
1205 528 1299 591 ἐσται.

55 583 140 680 Καὶ
157 606 254 696 ήλθον
272 609 349 690 πρὸς
385 607 446 673 ἐέκ
459 613 522 673 τῶν
532 612 659 694 πρεσβυ-
692 613 716 650 11
730 604 812 682 ὅπως
824 606 864 691 μή
882 608 1035 672 πλανᾶται
1049 610 1091 671 ἐτι
1105 605 1122 672 ὁ
1136 597 1219 680 οἶέιος
1242 612 1300 673 τοῦ

55 703 150 781 κέρων
168 694 267 779 ἀνδρες
283 697 339 757 τοῦ
357 637 432 756 λαοῦ
447 690 584 776 Ἰσραήλ,
608 691 661 755 καί
690 690 814 777 Ἰσραήλ
839 689 889 756 ἀπ’
912 694 1000 774 ἐμοῦ,
1026 693 1076 755 καί
1096 686 1204 772 ἵναμή
1221 695 1300 772 μιαί-

55 779 203 846 ἐκάθισαν
218 775 279 861 πρὸ
297 773 461 859 προςῶπου
478 801 546 858 μου.
581 776 595 815 ²
610 775 660 838 καί
694 800 800 840 νωνται
819 777 862 839 ἔτι
875 779 906 839 ἐν
918 778 995 839 πᾶσι
1009 785 1073 849 τοῖς
1086 768 1301 859 παραπτώμα-

55 867 169 940 ἐγένετο
182 857 258 945 πρὸς
269 859 303 942 μὲ
317 857 407 937 λόγος
420 864 532 942 κυρίου,
554 856 658 934 λέγων.
694 884 739 923 σιν
759 856 874 933 αὐτῶν,
900 859 951 920 καί
970 860 1090 923 ἔσονταί
1101 883 1151 940 μοι
1164 860 1203 931 εἰς
1216 851 1300 930 λαὸν,

56 945 120 1008 3υἱὲ
134 940 311 1030 ἀνθρώπου,
325 947 354 1008 οἱ
367 941 468 1026 ἀνδρες
481 932 566 1005 οῦτοι
575 943 660 1006 ἕθεν-
694 944 745 1006 καὶ
757 939 815 1019 ἐγῶ
830 945 936 1023 ἔσομαι
948 937 1051 1015 αὐτοῖς
1064 945 1102 1015 εἰς
1115 939 1204 1014 θεὸν,
1223 939 1299 1017 λέγει

56 1055 92 1092 το
106 1028 144 1092 τά
155 1023 339 1110 διανοήματα
351 1023 454 1090 αὐτῶν
464 1026 513 1088 ἐπί
522 1024 575 1099 τόις
586 1050 661 1107 καρ-
694 1022 804 1108 κύριος.
843 1026 935 1089 11καέ
959 1027 1073 1101 ἐγένετο
1094 1021 1183 1100 λόγος
1199 1029 1301 1108 κυρίου

56 1114 120 1186 δίας
134 1110 245 1184 αὐτῶν,
256 1110 307 1172 καί
321 1106 375 1191 τήν
387 1104 510 1172 κόλασιν
523 1113 582 1172 τῶν
594 1106 661 1172 ἀδι·
693 1107 771 1193 πρὸς
782 1107 828 1188 μὲ,
846 1106 948 1184 λέγων.
972 1109 1001 1150 ¹³
1013 1107 1058 1172 υίὲ
1071 1102 1250 1191 ἀνθρώπου,
1262 1109 1300 1188 γῖγ

55 1201 129 1258 κιῶν
154 1190 255 1257 αὐτῶν
279 1194 395 1275 ἔθηκαν
413 1187 475 1277 πρὸ
498 1186 661 1277 προςῶπου
695 1188 714 1276 ή
739 1189 790 1256 ἐάν
816 1186 936 1280 ἀμάρτη
961 1217 1013 1274 μοι
1038 1197 1094 1256 τοῦ
1119 1199 1302 1274 παραπεσεῖν

57 1274 164 1341 αὐτῶν.
196 1279 221 1338 ελ
245 1269 474 1359 ἀποκρινόμενος
498 1273 662 1359 άποκριθῶ
694 1273 901 1358 παράπτωμα,
933 1275 984 1338 καί
1008 1277 1113 1338 ἐκτενῶ
1137 1271 1189 1358 τήν
1219 1266 1301 1358 χεῖρά

57 1359 177 1434 αὐτοῖςς
202 1356 282 1422 4διά
298 1362 391 1422 τοῦτο
404 1353 537 1460 λάλησον
549 1356 661 1431 αὐτοῖς,
694 1383 754 1443 μου
771 1357 815 1422 ἐπ’
832 1353 941 1439 αὐτήν,
966 1359 1018 1421 καί
1034 1361 1191 1441 συντρίψω
1208 1354 1302 1441 αὐτῆς

56 1444 107 1506 καὶ
119 1444 193 1524 ἐρεῖς
203 1441 280 1527 πρὸς
293 1435 411 1516 αὐτοῦς.
438 1443 508 1506 ταδε
520 1440 597 1519 λέγει
609 1439 663 1504 κῦ-
697 1436 839 1525 στήριγμα
855 1439 964 1522 ἀρτου,
988 1444 1038 1506 καί
1051 1439 1242 1516 ἐξαποστελῶ
1255 1438 1298 1502 ἐπ’

57 1551 126 1609 ριος.
145 1523 313 1603 ἅνθρωπος
326 1523 490 1609 ἄνθρωπος
501 1527 533 1588 ἐκ
545 1529 601 1589 τοῦ
615 1525 662 1589 οῦ·
696 1522 791 1606 αὐτήν
803 1523 903 1605 λιμὸν,
928 1527 979 1588 καὶ
990 1526 1087 1608 ἐξαρῶ
1100 1525 1131 1599 ἐξ
1144 1520 1236 1604 αὐτῆς
1248 1520 1301 1587 ἀν-

58 1633 110 1671 κου
120 1604 254 1690 Ἰσραήλ,
275 1605 309 1681 ὃς
321 1607 359 1671 ἄν
370 1612 414 1701 θῇ
427 1605 466 1673 τά
479 1603 662 1691 διανοήματα
696 1617 823 1692 θρωπον
834 1609 885 1672 καί
897 1604 999 1690 κτήνη.
1016 1607 1046 1649 ¹⁴
1055 1607 1108 1672 καί
1120 1605 1172 1671 ἐάν
1185 1595 1258 1672 ῶσιν
1272 1609 1303 1671 01

60 1688 154 1755 αὐτοῦ
167 1691 216 1755 ἐπὶ
228 1686 282 1774 τήν
291 1691 419 1774 καρδίαν
429 1690 534 1766 αῦτοῦ,
548 1693 599 1755 καί
611 1689 663 1774 τήν
697 1702 771 1773 τρεῖς
797 1689 901 1775 ἀνδρες
928 1681 1012 1754 οῦτοι
1041 1693 1177 1772 ἐνμέσῳ
1201 1687 1302 1770 αῦτής,

57 1769 181 1838 κόλασιν
197 1777 249 1856 τῆς
266 1772 381 1849 ἀδικίας
393 1772 489 1838 αὐτοῦ
506 1770 581 1879 τάξη
601 1770 663 1877 πρὸ
697 1777 771 1837 Νῶε
787 1775 839 1837 καὶ
854 1772 969 1856 Δανιήλ
986 1775 1037 1838 καί
1054 1771 1139 1858 w,
1164 1770 1252 1838 αῦτοί
1271 1775 1302 1836 ἐν

57 1851 219 1941 προςῶπου
232 1854 331 1921 αὐτοῦ
334 1907 344 1932 ,
366 1859 418 1921 καὶ
429 1857 511 1948 ἔλθη
523 1846 600 1941 προς
612 1880 664 1921 τον
696 1860 734 1938 τῇ
747 1853 1031 1937 δικαιοσύνηαῦτῶν
1040 1852 1241 1940 σωθήσονται,
1250 1853 1302 1918 λέ-

58 1934 229 2044 προφήτην,
241 1939 299 2016 ἐγώ
309 1936 410 2026 κόριος
419 1935 663 2026 ἀποκριθήσομαι
695 1928 738 2016 γἐι
757 1939 865 2025 κῦριος.
895 1925 986 2004 15ἐάν
1003 1943 1055 2006 καί
1071 1945 1166 2025 θηρία
1183 1936 1303 2022 πονηρὰ

59 2027 142 2106 αυτῷ
156 2026 188 2087 ἐν
200 2023 243 2098 οἷς
256 2025 381 2109 ἐνέχεται
393 2020 412 2108 ή
425 2022 544 2089 διάνοια
557 2023 664 2097 αὐτοῦ,
697 2020 802 2102 ἐπάγω
814 2025 864 2088 ἐπί
875 2019 930 2106 τήν
940 2026 1010 2106 γῆν,
1034 2025 1086 2089 καί
1097 2019 1303 2126 τιμωρήσομαι

58 2106 72 2148 s
87 2103 170 2178 ὅπως
185 2102 337 2198 πλαγιάση
355 2106 409 2173 τὸν
426 2105 511 2173 οἶκον
528 2112 583 2173 τοῦ
602 2103 664 2171 Ἰσ·
698 2106 807 2192 αὐτήν,
832 2109 885 2171 καὶ
896 2108 981 2171 ἔσται
994 2110 1032 2182 εἰς
1045 2104 1230 2210 ἀφανισμον,
1247 2102 1302 2170 οῦκ

59 2185 136 2292 ραήλ
161 2187 238 2251 κατὰ
263 2186 318 2263 τάς
343 2188 467 2290 καρδίας
491 2187 592 2255 αὐτῶν
610 2188 665 2262 τὰς
698 2192 783 2254 ἐσται
801 2185 970 2254 δδιοδεάων
987 2188 1051 2254 ἀπὸ
1064 2215 1227 2272 προςωπου
1241 2190 1303 2252 τῶν

60 2270 340 2354 απηλλοτριωμένας
352 2268 398 2334 ἀπ
416 2274 489 2353 ἐμοῦ
501 2275 531 2335 ἐν
543 2282 606 2344 τοῖς
619 2273 662 2332 ἐν·
697 2276 827 2356 θηοίων,
853 2271 882 2313 ¹⁶
893 2274 992 2352 20:292
1007 2283 1083 2354 τρεῖς
1097 2269 1199 2353 ἀνδρες
1216 2260 1303 2333 οῦτοι

59 2351 233 2454 θυμήμασιν
245 2349 354 2416 αὐτῶν.
381 2353 397 2395 ⁶
409 2353 458 2417 δια
477 2377 571 2417 τουτο
584 2374 665 2416 ειπον
698 2356 729 2417 ἐν
741 2356 822 2436 μέσῳ
835 2355 929 2429 αῦτ”ς
941 2351 1006 2428 ῶσι,
1025 2356 1066 2429 ζῶ
1078 2349 1147 2429 έγῶ,
1159 2353 1236 2429 λέγει
1249 2345 1302 2414 κῦ-

60 2440 97 2510 είς
109 2458 161 2499 τον
178 2432 261 2500 οἶκον
274 2440 329 2500 τοῦ
345 2432 478 2520 Ἰσραήλ.
503 2432 573 2499 τάδε
590 2435 663 2512 λέγει
697 2461 768 2540 ριος,
783 2440 808 2500 εἰ
821 2436 880 2499 υίοί
891 2463 910 2519 η
922 2438 1085 2520 θυγατέρες
1098 2430 1303 2518 σωθήσονται,

59 2513 160 2603 κόριος
172 2513 281 2605 κῦριος.
308 2516 509 2604 ἐπιστράφητε
520 2521 571 2582 καὶ
583 2515 665 2583 ἀπο·
697 2516 759 2584 αλλ’
774 2517 794 2602 ἢ
807 2517 894 2586 αὐτοὶ
909 2514 993 2601 μόνοι
1006 2514 1213 2602 σωθήσονται,
1239 2516 1303 2594 &aa

59 2604 208 2686 στρέψατε
245 2600 308 2667 ἀπὸ
337 2605 399 2667 τῶν
428 2597 665 2685 ἐπιτηδευμάτων
696 2605 735 2686 γή
753 2605 837 2666 ἐσται
855 2607 893 2677 εἰς
911 2601 1047 2687 ὄλεθρον.
1085 2599 1144 2685 11ή
1161 2602 1213 2665 καὶ
1230 2603 1303 2684 ῥομι

61 2684 158 2764 ὑμῶν,
182 2685 234 2750 καί
251 2682 315 2749 ἀπὸ
334 2689 443 2751 πασῶν
455 2689 517 2749 τῶν
529 2683 665 2770 ἀσεβειῶν
697 2690 792 2766 φαίαν
803 2682 859 2750 ἐάν
871 2682 975 2762 ἐπάγω
987 2687 1038 2749 ἐπί
1049 2682 1105 2767 τήν
1116 2688 1171 2768 γῆν
1184 2687 1302 2765 ἐκείνην,

59 2765 156 2848 ὑμῶν,
181 2768 234 2830 καὶ
249 2770 448 2854 ἐπιστρέψατε
464 2765 503 2832 τά
515 2765 665 2855 πρόςωπα
697 2770 748 2832 καὶ
760 2769 849 2847 εἴπω,
875 2771 1010 2852 ῥομφαία
1026 2764 1177 2832 διελθέτω
1189 2766 1239 2832 διά
1251 2767 1303 2848 τῆς

60 2848 149 2932 ὑμῶν.
169 2846 268 2915 1διότι
280 2848 446 2936 ἅνθρωπος
458 2851 622 2936 ἀνθρωπος
631 2855 664 2916 ἐκ
695 2854 764 2934 γῆς,
789 2852 841 2916 καί
858 2854 955 2933 ἐξαρῶ
973 2853 1004 2927 ἐξ
1021 2849 1122 2916 αὐτῶν
1135 2848 1303 2934 ἄνθρωπον

58 2938 114 2998 τοῦ
127 2935 212 2999 οἴκου
229 2932 363 3019 Ἰσραήλ,
388 2939 441 3001 καὶ
455 2939 487 3000 ἐκ
500 2940 561 3000 τῶν
573 2961 664 3020 προς·
697 2935 749 2999 καί
760 2940 876 3019 κτῆνος,
898 2936 926 2978 ¹⁸
940 2938 992 2999 καί
1005 2939 1035 2999 οἶ
1046 2944 1123 3019 τρεῖς
1135 2932 1236 3017 ἀνδρες
1250 2924 1303 2998 οῦ-

59 3013 175 3100 ηλῦτων
194 3021 258 3081 τῶν
279 3016 555 3103 προςηλυτευόντων
572 3021 666 3084 ἐντῶ
695 3043 745 3084 τοι
756 3021 787 3084 ἐν
798 3021 878 3102 μέσῳ
892 3016 995 3102 αὐτῆς,
1020 3021 1061 3095 ζῶ
1074 3017 1144 3095 ἐγὼ,
1162 3016 1238 3094 λέγει
1249 3011 1303 3080 κό-

55 3098 194 3184 Ἰσραήλ,
220 3095 254 3174 ὃς
279 3101 319 3167 ἀν
342 3101 583 3196 ἀπαλλοτριωθή
610 3083 660 3167 ἀτί
697 3128 776 3188 ριος,
802 3100 840 3166 οῦ
853 3098 893 3185 μή
911 3098 1302 3186 ῥῦσονταιυὶοῦςοῦδὲθυ-

60 3186 147 3266 ἐμοῦ,
173 3186 225 3247 καὶ
243 3189 336 3268 θῆται
349 3183 389 3250 τά
401 3182 594 3270 ἐνθυμήματα
606 3183 665 3250 αὖ·
697 3189 843 3271 γατέρας,
868 3184 931 3251 ἀλλ’
953 3183 972 3269 ἢ
989 3183 1077 3251 αῦτοέ
1092 3180 1178 3267 μόνοι
1196 3179 1304 3265 σωθή-

58 3272 114 3330 τοῦ
134 3268 184 3331 ἐπὶ
202 3263 255 3350 τήν
269 3269 394 3353 καρδίαν
410 3266 523 3344 αῦτοῦ,
546 3272 598 3334 καλ
609 3268 664 3354 τήν
698 3294 811 3335 σονται
830 3268 887 3355 11ἐῆ
901 3271 952 3333 καλ
964 3264 1100 3334 θάνατον
1111 3266 1303 3333 ἐπαποστιλ-

58 3346 180 3414 κόλασιν
195 3355 248 3431 τῆς
266 3349 380 3428 ἀδικίας
398 3349 495 3420 αὐτοῦ
511 3351 585 3458 τάξη
601 3353 664 3455 πρὸ
696 3352 741 3416 λω
753 3354 804 3417 ἐπὶ
815 3351 870 3437 τήν
880 3357 935 3434 γῆν
947 3356 1067 3453 ἐκείνην,
1087 3352 1139 3414 καὶ
1150 3353 1237 3432 ἐκχεῶ
1249 3346 1303 3411 τόν

58 3427 223 3515 προςῶπου
235 3433 346 3505 αὐτοῦ,
367 3436 418 3499 καί
430 3436 510 3518 δλθη
522 3462 598 3519 προς
610 3459 664 3499 τον
696 3431 795 3516 θυμόν
815 3460 874 3516 μου
898 3432 944 3496 ἐπ’
963 3432 1056 3514 αὐτην
1075 3435 1107 3494 ἐν
1125 3436 1227 3512 αίματι
1242 3433 1302 3493 τοῦ

57 3507 214 3598 προφήτην
232 3518 288 3578 τοῦ
314 3506 499 3598 ἐπερωτήσαέ
519 3516 614 3582 αὐτὸν
633 3521 665 3581 ἐν
696 3516 909 3600 ἐξολαθρεῦσαι
921 3516 952 3590 ἐξ
965 3514 1057 3599 αὐτῆς
1068 3512 1237 3597 ἀνθρωττοι
1249 3513 1302 3576 καί

57 3599 137 3677 ἐμοὶ,
162 3595 221 3671 έγῶ
233 3592 334 3678 κόριος
347 3594 593 3682 ἀποκριθήσομαι
606 3596 663 3662 αὖ·
696 3602 817 3680 κτῆνος,
842 3599 874 3642 ²⁰
887 3599 938 3662 καί
955 3601 1030 3661 Νῶε
1049 3597 1100 3660 καί
1118 3594 1232 3679 Δανιήλ
1249 3599 1302 3663 καί

57 3683 111 3762 τῷ,
125 3681 155 3743 ἐν
168 3670 193 3760 ᾧ
207 3679 334 3762 ἐνέχεται
348 3683 379 3744 ἐν
390 3677 484 3762 αὐτῷ.
502 3682 579 3745 11καί
591 3705 663 3764 στη-
692 3679 764 3766 ’Ῑῶβ
776 3680 899 3764 ἐνμέσῳ
913 3676 1017 3765 αὐτῆς,
1030 3683 1073 3758 ζῶ
1084 3677 1154 3757 ἐγῶ,
1163 3679 1237 3756 λέγει
1250 3679 1301 3742 κέ·

57 3767 114 3850 ριῶ
124 3760 161 3827 τὸ
174 3756 334 3845 πρόςωπόν
342 3788 400 3846 μου
410 3764 460 3826 ἐπί
471 3760 524 3828 τὸν
536 3762 662 3848 άνθρω·
695 3788 771 3849 ριος,
798 3763 851 3828 ἐάν
877 3768 939 3829 υἱοί
966 3764 980 3786 ”
996 3765 1162 3847 θυγατέρες
1178 3760 1301 3829 ὑπολει-

58 3871 118 3912 πον
144 3849 270 3922 ἐκεῖνον,
295 3848 347 3911 καὶ
362 3839 495 3928 θήσομαι
512 3844 607 3911 αὐτὸν
624 3851 662 3922 είς
695 3849 832 3927 φθῶσιν,
858 3844 950 3912 αὐτοὶ
961 3794 993 3915 ἐν
1004 3851 1042 3929 τῆ
1056 3842 1228 3929 δικαιοσύνη
1242 3840 1300 3910 αῦ-

60 3932 167 4013 ἐρημαν
179 3935 230 3995 καὶ
243 3933 282 4005 είς
295 3925 476 4012 ἀφανισμόν,
500 3932 552 3995 καλ
563 3933 662 4014 ἐξαρῶ
695 3935 756 3996 τῶν
768 3929 908 4014 δάσονται
919 3918 1029 4015 τόφρ’
1049 3927 1084 4005 ἀς
1097 3921 1301 3994 αῦτῶν.’11τά·

59 4011 154 4078 αὐτὸν
178 4017 212 4079 ἐκ
237 4017 329 4095 μέσου
345 4017 403 4080 τοῦ
421 4011 498 4079 λαοῦ
514 4039 587 4098 μου,
612 4014 664 4078 καί
695 4015 727 4080 δε
739 4014 815 4092 λέγει
827 4011 935 4096 κύριος.
956 4012 1008 4080 ἐάν
1039 4012 1301 4090 ὲκαίτάςτέσσα·

59 4093 255 4172 ἐπιγνώσεσθε
274 4093 321 4163 ότι
338 4097 396 4176 ἐγῶ
413 4094 523 4184 κῦριος.
548 4095 664 4162 9καλό
696 4125 750 4185 ρας
768 4092 923 4182 ἐκδικήσεις
936 4123 995 4181 μου
1012 4097 1067 4173 τὰς
1078 4095 1213 4183 πονηράς
1226 4098 1302 4181 ρομ·

59 4175 214 4262 προφήτης
239 4181 293 4247 ἐὰν
311 4174 447 4275 πλανήση
464 4184 515 4246 καί
536 4177 663 4274 λαλήση,
695 4185 806 4264 φαίκν,
829 4182 883 4244 καὶ
892 4178 985 4262 λιμόν,
1001 4183 1053 4247 καί
1063 4186 1161 4266 θηρία
1171 4177 1301 4262 πονηρά,

57 4261 117 4338 ἐγῶ
134 4259 237 4347 κάριος
248 4262 423 4351 πατλάνηκα
438 4263 494 4330 τὸν
505 4265 663 4348 προφήτην
695 4265 747 4328 καί
755 4262 895 4330 θάνατον
911 4264 1110 4342 ἐξαιτοστείλω
1122 4264 1172 4330 ἐπὶ
1186 4261 1300 4347 Ἱερου-

55 4348 179 4422 ἐκεῖνον,
202 4367 253 4409 και
265 4350 371 4412 ἐκτενῶ
382 4347 435 4432 τήν
445 4346 528 4433 χεῖρά
540 4372 601 4432 μου
615 4344 659 4412 ἐπ’
695 4345 793 4429 σαλίγμ
805 4351 861 4413 τοῦ
871 4347 1086 4432 ἐξολοθρεῦσαι
1098 4349 1129 4422 ἐξ
1142 4344 1234 4427 αὐτῆς
1245 4342 1300 4408 ἀν-

56 4424 164 4505 αῦτδν,
187 4429 240 4493 καί
263 4426 384 4508 ἀφανιῶ
405 4429 501 4496 αὐτὸν
519 4433 551 4495 ἐκ
567 4435 661 4510 μέσον
692 4440 823 4510 θρωπον
834 4433 885 4496 καί
897 4437 1012 4516 κτῆνος,
1037 4423 1299 4493 21ιιαὶέδοένῦπο-

55 4513 110 4575 τοῦ
122 4509 269 4594 λαοῦμου
282 4507 409 4596 Ἰσραήλ
434 4516 465 4559 10
476 4515 529 4579 καί
543 4509 658 4600 λήψον-
693 4511 865 4598 λελιιιριένοι
883 4512 1005 4605 ἐναῦτῇ
1023 4517 1054 4583 ολ
1065 4509 1301 4613 ἀνασεσωσμένοι

1196 4597 1299 4674 νυτῆι,
