2924 4972
413 40 447 93 a!

278 226 570 288 οΑειΛαιιεΝ
592 224 818 288 amm
858 224 993 306 νειαηι
1007 220 1061 286 α’.
1077 220 1126 287 ιο.
1140 221 1190 287 ευ.
1291 221 1357 286 329

117 319 168 417 τῆς
184 335 277 418 πύλης
291 334 368 421 πρὸς
384 334 421 399 τὸ
434 349 538 420 τεῖχος,
563 339 615 400 καί
628 339 719 430 ἐπῇρε
750 335 817 402 ίύοὺ
834 334 1000 423 ὁβασιλεύς
1013 335 1105 400 κλαίει
1123 338 1174 399 καί
1185 345 1291 400 πενθεῖ
1305 330 1356 399 ίπλ

117 417 185 492 τούς
202 415 381 500 ὀφθαλμούς
400 418 496 482 αὐτοῦ
512 422 563 484 καί
574 417 642 494 doe,
667 420 719 483 καί
743 415 942 506 Ἀβεοοαλῶμ
968 419 1048 482 2καί
1062 420 1177 494 ἐγένετο
1190 413 1208 500 ἢ
1221 422 1355 502 σωτηρία

116 498 182 564 ἰδού
200 497 274 584 ύνηρ
291 502 402 603 τρέηων
410 495 646 604 μόνοςςένύπιρν
662 498 719 567 αύ-
750 505 781 566 έν
798 506 837 582 τῆ
855 497 950 587 ἡμέρα
967 503 1061 596 ἐκείνη
1077 504 1117 575 είς
1133 501 1246 573 πένθος
1263 502 1354 563 παντί

998 581 1015 605 »ί

116 587 180 647 τού.
218 585 311 646 25καί
333 587 489 669 ανεβοησεν
507 608 525 647 ο
543 607 653 657 οκοπος
668 584 719 647 καί
750 587 794 665 τῷ
818 570 899 666 λαῷ,
921 566 969 648 ύτι
994 607 1118 666 ηκουσεν
1140 578 1250 655 ὁλαὸς
1265 583 1355 673 ίντῇ

116 660 271 748 ἀπήγγειλε
282 668 328 747 τῷ
338 665 458 751 βασιλεῖ.
478 668 529 731 καί
542 665 621 730 εἶπεν
632 662 649 729 5
662 669 719 751 βα-
751 662 843 748 ἢμέρα
855 661 1115 757 ίκείνη,λέγονν,ύτι
1125 665 1260 729 λιοεείται
1270 658 1354 749 ὄβα-

115 743 217 822 σιλεύς.
229 751 254 810 εί
265 741 353 828 μύνος
365 748 452 822 ἐστὶν,
465 746 619 826 εύαμγελια
632 752 662 811 ἐν
673 751 717 830 τῷ
752 745 845 822 οιλεύς
856 748 906 811 aaz
917 751 961 830 τῷ
974 750 1030 829 vla}
1041 745 1143 813 αὐτοῦ.
1158 749 1231 812 ’καὶ
1243 746 1354 811 διετελέ-

114 825 238 912 στόματι
263 827 367 894 αὐτοῦ.
406 831 457 894 καί
481 829 641 916 ἐπορεύετο
658 855 718 894 πο-
750 853 840 893 πτετο
857 824 875 892 5
892 827 965 904 λαὸς
976 831 1007 892 ἐν
1021 834 1059 921 τῇ
1077 828 1171 914 ἡμέρη
1184 834 1277 924 ἐκείνη
1295 832 1354 895 τού

116 908 330 996 ρευύμενοςκαί
343 915 470 990 ίγγίζων.
506 916 599 978 ίθκαί
612 909 716 979 είδενὸ
750 911 885 987 είςελθεῖν
897 915 937 986 είς
948 908 1003 994 τὴν
1014 910 1222 987 πόλιν,καθο“νς
1234 907 1353 978 διακλύ-

115 995 226 1068 σκοπὸς
249 993 341 1080 ἄνδρα
364 1001 462 1081 ἕτερον
477 999 629 1082 τρέχοντα.
666 996 717 1059 καὶ
750 1018 855 1058 πτεται
874 989 892 1057 5
908 989 982 1067 λαός
999 996 1030 1056 ολ
1046 989 1164 1077 αίσχονό
1232 999 1291 1060 ιὲν
1307 998 1353 1078 τῷ

115 1071 236 1222 ἐβόησεν
251 1074 268 1139 5
286 1075 396 1151 σκοπὸς
410 1077 486 1179 ριρός
497 1083 536 1170 τῇ
546 1074 641 1170 πύλη,
667 1078 718 1140 καί
751 1072 862 1151 αύτούς
879 1071 991 1157 φεύγειν
1008 1078 1039 1138 ἐν
1054 1079 1099 1157 τῷ
1117 1018 1232 1139 πολύὀ

1241 1124 1249 1138 .
1273 1077 1355 1141 *καί

115 1182 201 1223 επεν.
236 1161 288 1224 καὶ
313 1158 378 1222 ἰδού
402 1183 476 1244 ανηρ
495 1165 593 1261 έτερος
609 1162 719 1244 τρέχων
751 1155 769 1222 5
788 1157 923 1245 βασιλεὺς
943 1161 1053 1241 έκρυφε
1069 1159 1106 1219 τὸ
1122 1102 1282 1239 πρύςύνῗτον
1297 1156 1355 1222 αύ-

113 1235 211 1322 μύνος.
237 1243 290 1304 καί
309 1240 387 1304 εἶπεν
404 1237 422 1304 5
439 1242 581 1326 βασιλευς.
620 1246 673 1304 καί
688 1264 720 1317 με
751 1244 817 1305 τού.
839 1233 1049 1325 καλόιραξενὸ
1061 1236 1198 1324 βασιλεὺς
1280 1243 1292 1257 ”
1305 1264 1354 1320 μι-

116 1315 205 1395 ούτος
222 1319 477 1400 εὐαγγελιζόμενος.
503 1324 596 1387 27καί
611 1319 719 1388 είπενὸ
751 1318 845 1415 νύλη,
867 1317 971 1401 λέγων.
1009 1316 1054 1384 υίέ
1077 1345 1136 1404 μου
1155 1318 1260 1406 Ἅβεσο
1312 1318 1318 1339 “
1344 1368 1354 1395 ,

116 1401 237 1476 σκοπός.
249 1401 308 1479 ἐγὼ
319 1400 382 1487 ὁρῶ
393 1403 446 1468 τὸν
455 1399 565 1489 δρόμον
574 1408 631 1469 τού
638 1400 718 1489 πρύ-
745 1404 933 1493 Ἀβεοσαλύμ
956 1401 1002 1469 υίέ
1021 1428 1086 1486 μου.
1126 1403 1205 1468 ‘m'
1226 1402 1358 1486 ίίθῆίσθθ

115 1511 170 1549 του
184 1482 224 1558 ὡς
242 1482 352 1569 δρόμον
362 1482 500 1588 Ἀηιμύας
519 1490 586 1551 υίού
597 1484 716 1552 Σαδύκ.
748 1486 819 1553 Ἰαὰ
849 1488 926 1572 πρὸς
936 1483 989 1552 τὸν
999 1481 1127 1573 βασιλέα
1145 1490 1185 1560 είς
1195 1481 1249 1549 τὸν
1260 1483 1354 1561 οἷκον,

114 1568 168 1633 καί
179 1564 256 1630 εἶπεν
268 1563 286 1631 5
297 1566 438 1653 βασιλευς.
451 1566 526 1653 ἀνὴρ
536 1566 655 1647 ἀγαθὸς
663 1563 718 1635 ού·
750 1573 800 1634 καί
830 1596 876 1635 πε.
886 1569 1070 1663 κατῄσχυνας
1080 1565 1205 1654 σήμερον
1213 1563 1253 1633 τύ
1260 1564 1353 1652 πρός-

116 1673 183 1723 τος,
212 1655 265 1713 καί
286 1674 319 1726 με
341 1655 379 1724 είς
403 1651 572 1729 εύαμγελίαν
596 1649 718 1735 ἀγαθὴν
749 1679 819 1718 ιοπα
843 1648 966 1719 πύντων
989 1656 1051 1716 τῶν
1076 1648 1194 1716 δούλοιν
1217 1656 1273 1716 σου
1291 1656 1353 1717 τῶν

115 1727 271 1796 ἐλεύσεται.
285 1729 655 1820 28καὶέβύησενἈχιμύας,
666 1737 718 1800 καί
749 1733 999 1821 ἐξαιρουμένιονσε
1010 1729 1144 1842 σήμερον,
1162 1732 1279 1817 κοίτην
1290 1752 1351 1816 φυ-

112 1813 173 1878 είπε
197 1813 274 1897 πρὸς
288 1812 343 1879 τὸν
359 1817 498 1900 βασιλέα,
524 1815 629 1920 είρηνη.
664 1819 717 1883 καί
746 1817 799 1902 χὴν
810 1824 871 1884 τῶν
883 1823 957 1883 υίῶν
969 1842 1034 1893 σου,
1045 1843 1097 1883 και
1104 1820 1167 1881 τῶν
1176 1810 1353 1901 θυγατέρων

111 1893 306 2002 προςεκύνησε
318 1902 363 1980 τῴ
373 1900 489 1986 βασιλεῖ
495 1904 545 1965 έπί
553 1924 715 1985 προςονπον
748 1926 815 1978 σου,
827 1903 879 1966 καί
887 1901 941 1986 τὴν
949 1898 1116 1984 ψυχίηντῶν
1126 1904 1274 1978 γυναικῶν
1286 1903 1351 1976 σὀυ,

112 1983 209 2043 αυτοῦ
225 1982 275 2043 ἐπὶ
290 1979 343 2063 τὴν
353 1987 425 2065 νην,
450 1986 503 2047 καί
518 1981 603 2048 εἶπεν.
629 1981 716 2048 εύλο-
746 1989 798 2050 καί
809 1989 870 2050 τῶν
879 1984 1044 2050 παλλακῶν
1057 1990 1121 2058 σου,
1135 1984 1215 2048 6τοῦ
1228 1979 1352 2086 ἆγαπιξν

110 2058 198 2146 νητὸς
214 2058 315 2143 κύριος
332 2059 433 2140 ὁθεύς
445 2090 500 2129 σου
518 2061 552 2140 ὃς
563 2063 716 2130 ἀπέκλεισε
747 2066 817 2142 τοὺς
840 2061 997 2147 μισοῦντύς
1021 2090 1067 2140 σε,
1092 2067 1143 2130 καί
1165 2077 1257 2148 μισεῖν
1281 2090 1351 2140 τους

111 2143 181 2218 τούς
204 2142 313 2227 ἄνδρας
337 2144 408 2221 τοίς
431 2151 636 2230 ἐπαραμένους
659 2146 715 2229 τὴν
747 2144 926 2225 ἀγαπῶντάς
945 2172 985 2212 σε.
1011 2149 1062 2212 καί
1079 2142 1350 2232 ἆνηννειλαςοημε-

111 2239 193 2311 χεῖρα
205 2225 304 2290 αὐτῶν
323 2230 355 2291 έν
373 2232 418 2311 τῷ
430 2234 521 2313 κυρίῳ
533 2255 590 2311 μου
600 2233 646 2312 τῷ
657 2233 715 2315 βα·
747 2255 818 2314 ρον,
843 2226 891 2293 ὅτι
915 2228 970 2294 ούκ
995 2231 1066 2294 είοὶν
1082 2233 1112 2293 οί
1128 2226 1268 2315 ἄρχοντές
1285 2255 1350 2305 σου,

111 2309 190 2373 οιλεῖ.
216 2310 247 2351 ²⁹
259 2311 310 2373 καί
328 2308 405 2374 εἶπεν
420 2308 592 2397 ὁβασιλεύς.
618 2307 714 2396 εἰρήνη
747 2310 817 2377 οὐδὲ
828 2312 938 2386 παῖδες.
960 2307 1006 2376 ὅτι
1019 2313 1131 2388 έςνωκα
1144 2313 1284 2415 σήμερον,
1303 2311 1351 2376 ὅτι

110 2397 155 2473 τῷ
168 2391 318 2493 παιδαρίῳ
330 2397 374 2472 τῷ
382 2389 568 2478 Ἀβεοοαλιύμ
574 2422 587 2470 ,·
610 2396 663 2458 καί
674 2391 716 2457 εί-
748 2391 969 2480 είἈβεσσαλώμ
981 2396 1047 2474 έζη»
1055 2390 1161 2468 πάντες
1172 2407 1251 2496 ημεῖς
1264 2390 1351 2476 σύμε-

109 2497 166 2536 πεν
174 2471 320 2554 Ἀχιμαας.
334 2473 412 2537 είύον
423 2471 459 2537 τὸ
467 2475 587 2555 πλῆθος
595 2474 631 2538 τὸ
641 2477 716 2554 μέγα
747 2501 802 2580 ρον
824 2479 932 2560 νεκροὶ,
956 2473 1004 2539 ὅτι
1025 2471 1093 2538 τότε
1110 2474 1146 2538 τὸ
1165 2476 1251 2549 ευθὲς
1267 2463 1304 2559 ἦν
1321 2480 1352 2539 ίν

110 2558 170 2619 τοῦ
182 2551 355 2621 ἀποστεῖλαι
372 2554 426 2618 τὸν
438 2555 547 2620 δοῦλον
560 2560 614 2619 τοῦ
629 2560 715 2641 βασι·
748 2559 919 2639 οφθαλμοῖς
945 2583 1005 2622 σου.
1046 2558 1121 2621 7καὶ
1145 2560 1196 2621 νῦν
1221 2554 1352 2632 ἀναστὰς

110 2638 186 2711 λείος
200 2634 293 2723 Ἰιοὰβ
308 2640 360 2702 καί
375 2635 429 2703 τὸν
444 2635 554 2703 δοῦλόν
570 2663 640 2713 σου,
665 2643 717 2704 καί
747 2640 850 2718 ἔξελθε
874 2643 924 2705 καί
949 2636 1082 2723 λύληοον
1100 2643 1139 2714 είς
1156 2637 1211 2724 την
1228 2639 1352 2722 καρδίαν

110 2718 167 2784 οὐκ
182 2722 274 2795 ἔγνων
286 2726 318 2784 τί
329 2723 394 2785 ἐκεῖ.
431 2723 462 2764 ³⁰
474 2723 525 2785 καὶ
538 2719 714 2827 εἶπενὸβα-
747 2728 806 2789 τών
817 2719 932 2788 δούλων
944 2749 1016 2799 σου,
1036 2719 1083 2788 ὅτι
1095 2727 1126 2788 ἐν
1138 2728 1230 2807 κυρίῳ
1244 2720 1350 2807 ὤμοσα

109 2798 213 2876 οιλεύς.
239 2804 433 2888 ἐπέστρεφον,
461 2804 632 2890 στηλύθητι
647 2807 712 2871 ωδε.
746 2805 792 2874 ὅτι
806 2813 831 2872 εί
842 2806 882 2891 μὴ
895 2802 1057 2895 έκπορεύση
1071 2803 1205 2891 σήμερον,
1227 2811 1252 2870 εί
1264 2803 1350 2870 αύλι-

108 2886 160 2950 καί
172 2883 356 2971 ἐπεστράφη,
376 2891 427 2953 καὶ
439 2890 517 2970 έστη.
543 2890 712 2955 31καίῖιίού
746 2887 890 2992 σύησεται
916 2888 990 2975 σἰνηρ
1015 2888 1088 2971 μετὰ
1113 2894 1167 2954 σού
1185 2885 1239 2973 τὴν
1258 2885 1350 2954 νύκτα

109 2966 127 3032 5
142 2972 242 3034 Χουσὶ
253 2973 445 3056 παρεγένετο,
463 2974 513 3035 καί
526 2970 586 3036 εἶπε
599 2976 645 3055 τῷ
655 2977 711 3059 βα·
746 2997 862 3055 ταυτην.
879 2975 932 3037 καὶ
943 2978 1088 3050 ἐπίγναθι
1102 2977 1218 3055 σεαυτῷ
1230 2973 1282 3035 καὶ
1294 2997 1350 3036 κα-

109 3052 190 3117 σιλεῖ.
217 3050 453 3138 εύαγμελισθητω
471 3051 488 3120 5
507 3051 606 3141 κύριός
619 3081 676 3138 μου
693 3051 711 3120 5
744 3053 797 3122 κύν
810 3082 857 3121 σοι
868 3061 960 3122 τοῦτο
977 3053 1052 3141 ὑπὲρ
1069 3060 1131 3120 πᾶν
1147 3054 1184 3121 τὸ
1203 3052 1295 3121 κακὸν
1312 3054 1348 3119 τὸ

106 3135 257 3220 βασιλεὺς,
284 3136 331 3203 ὅτι
343 3140 440 3223 έκρινέ
451 3164 498 3204 σοι
512 3134 610 3223 κύριος
623 3134 712 3223 σήμε-
743 3135 872 3204 ἐπελθόν
888 3165 935 3205 σοι
953 3143 986 3204 ἐκ
1003 3137 1139 3222 νεότητός
1151 3165 1207 3204 σου
1227 3142 1280 3213 ἕως
1293 3143 1349 3203 τοῦ

106 3244 160 3303 ρον
172 3223 205 3282 ἐκ
215 3220 308 3303 χειρὸς
320 3215 441 3285 πάντων
454 3225 515 3285 τῶν
527 3223 709 3306 ε’πενειρομέ-
743 3228 801 3287 νῦν.
826 3224 843 3266 ⁸
856 3224 907 3287 καὶ
919 3219 1026 3305 ἀνέστη
1039 3218 1058 3286 5
1070 3221 1204 3307 βασιλεὺς
1217 3226 1266 3285 καὶ
1279 3221 1348 3286 ἐκύ-

106 3326 165 3364 νεον
191 3303 240 3363 ἐπὶ
263 3306 302 3366 σέ.
341 3303 369 3344 ³²
382 3305 433 3365 καλ
449 3301 526 3366 εἶπεν
541 3301 559 3366 5
575 3301 711 3388 βασιλεύς
742 3317 827 3371 ύισεν
840 3309 870 3369 ἔν
882 3310 921 3396 τῇ
932 3300 1023 3386 πύλη,
1043 3307 1094 3368 καὶ
1105 3308 1165 3377 πᾶς
1178 3300 1195 3366 5
1209 3304 1281 3376 λαός
1294 3300 1346 3366 ἆν-

104 3379 183 3464 πρὸς
195 3381 248 3444 τὸν
260 3388 367 3445 Χουσί.
394 3380 527 3464 εἰείρηνη
543 3391 586 3466 τῷ
599 3386 711 3450 παιδα-
744 3383 891 3470 ἢγγειλαν,
916 3375 1055 3462 λέγούτες.
1082 3382 1148 3449 ἰδού
1174 3381 1191 3447 5
1213 3383 1349 3469 βασιλεὺς

106 3470 163 3547 ρίῳ
176 3466 221 3543 τῴ
228 3459 416 3546 Ἀβεσσαλιύμ
422 3491 434 3539 ;
448 3465 497 3526 καί
510 3464 586 3529 εἶπεν
596 3463 614 3530 5
625 3473 707 3532 Χου-
743 3464 874 3550 κάθηται
891 3469 923 3531 ἐν
935 3470 974 3549 τῆ
986 3463 1074 3557 πύλη.
1097 3469 1148 3529 καὶ
1164 3464 1277 3547 εἰςῆλθε
1289 3470 1349 3540 πᾶς

106 3551 143 3612 σί.
157 3547 292 3622 γένοιντο
302 3540 342 3618 ὡς
352 3543 387 3608 τὸ
397 3541 557 3627 παιδάριον
567 3553 598 3610 οἱ
607 3552 712 3633 ἐχθροί
742 3547 847 3625 ὁλαὸς
863 3549 942 3614 κατὰ
955 3538 1123 3633 ’πρόςωπον
1135 3552 1190 3612 τοῦ
1205 3541 1349 3694 βασιλέως

105 3633 164 3693 τοῦ
189 3634 296 3712 κυρίου
321 3651 378 3708 μου
404 3631 460 3692 τοῦ
479 3627 638 3711 βασιλέως,
662 3633 713 3694 καί
744 3636 794 3697 ἐπὶ
815 3632 869 3717 την
893 3632 998 3715 πύλην.
1029 3631 1080 3694 καί
1098 3627 1203 3734 Ἰσραη
1245 3631 1349 3711 ἔφυγεν

105 3709 213 3786 πάντες
240 3708 306 3775 ὅσοι
331 3711 535 3792 ἐπανέστησαν
556 3708 600 3774 ἐπ’
621 3708 713 3776 αὐτὸν
746 3712 820 3798 ἀνὴρ
833 3720 872 3789 είς
883 3711 923 3778 τὰ
936 3710 1114 3797 σκηνώματα
1126 3719 1229 3780 αυτοῦ.
1269 3715 1348 3781 9καί

107 3799 144 3869 είς
157 3791 243 3859 κακά.
268 3795 296 3835 ³³
309 3796 360 3858 καὶ
372 3789 525 3877 ἐταράχθη
539 3790 713 3878 ὁβασιλεὺς,
746 3783 782 3877 ἦν
806 3801 866 3871 πᾶς
888 3792 906 3859 5
923 3794 995 3871 λαός
1011 3790 1174 3878 κρινόμενος
1190 3802 1221 3862 ἐν
1237 3791 1348 3874 πύσαις

107 3880 157 3941 καὶ
173 3877 263 3963 ἀνέβη
280 3883 318 3952 εἰς
337 3876 372 3942 τὸ
386 3873 525 3960 ύπερῷον
540 3883 591 3962 τῆς
608 3873 711 3960 πύλης,
745 3875 995 3962 φυλαίςἿσραὴλ,
1018 3875 1156 3955 λέγοντες.
1182 3876 1347 3967 ὁβασιλεύς

107 3961 156 4023 καί
180 3963 317 4036 έκλαυσε,
343 3963 394 4025 καί
412 3958 508 4035 οὕτως
525 3960 601 4026 εἶπεν
620 3966 651 4026 ἐν
666 3966 712 4046 τῷ
745 3962 844 4027 Δαυίδ
871 3955 1014 4045 ἐρρύσατο
1043 3957 1117 4045 ἡμᾶς
1141 3960 1204 4028 ἀπὸ
1228 3959 1348 4029 πύντιον

106 4039 285 4128 πορεύεσθαι
304 4039 405 4109 αὐτόν.
438 4044 486 4108 υἱέ
500 4071 558 4126 μου
569 4043 710 4150 Ἀβεοοα-
744 4050 804 4109 τῶν
817 4048 934 4131 ἐχθρῶν
946 4042 1043 4147 ἡμῶν,
1057 4047 1109 4110 καί
1121 4043 1212 4121 αὐτὸς
1224 4048 1346 4125 ἐξείλετο

106 4125 180 4225 λαἠι,
198 4130 245 4191 υἱέ
253 4152 309 4209 μου
323 4128 369 4191 υἱέ
379 4153 436 4209 μου
447 4126 648 4232 Ἀβεσσαλαμ,
666 4135 711 4205 τίς
744 4126 819 4212 ἡμᾶς
846 4133 877 4193 ἐκ
902 4154 994 4233 ηειρος
1011 4125 1197 4211 ἀλλοφύλων.
1228 4133 1279 4195 καὶ
1296 4136 1346 4194 νῦν

108 4209 169 4293 δῳη
183 4207 236 4276 τὸν
253 4205 390 4275 θάνατόν
402 4237 460 4290 μου
473 4213 540 4275 αντὶ
552 4217 625 4290 σούς
651 4210 709 4290 ἐγώ
743 4216 882 4291 πέφευγεν
901 4210 964 4276 απὸ
982 4218 1034 4298 τῆς
1049 4218 1118 4298 γῆς,
1144 4215 1195 4277 καὶ
1212 4211 1275 4277 ἀπὸ
1293 4217 1346 4294 τῆς

108 4290 174 4355 ἀντί
187 4297 242 4358 σοῦ
255 4289 449 4378 Ἀβεσσαλώμ,
464 4298 511 4358 υἷέ
517 4320 575 4374 μου
587 4299 635 4360 υἱέ
643 4321 707 4378 μου.
742 4296 888 4379 βασιλείας
897 4294 1001 4371 αὐτοῦ,
1015 4299 1064 4361 καί
1074 4295 1137 4361 ἀπὸ
1145 4288 1346 4376 Ἀβεσσαλαίμ.

288 4382 411 4441 ΚΕίί).
456 4372 528 4442 1Θ’.
742 4381 770 4420 ¹⁰
783 4380 834 4443 καὶ
855 4377 1060 4462 Ἀβεσσαλὼμ,
1080 4375 1146 4440 ὃνέ
1162 4380 1281 4452 ρίσαμεν
1300 4371 1343 4434 λ’

110 4424 189 4523 Καί
214 4456 357 4539 ἀνηγγέλη
375 4464 418 4541 τῷ
434 4457 542 4544 Ἰωάβ,
567 4460 707 4538 λέγοντες.
743 4457 832 4543 ἡμῶν,
842 4461 994 4524 ἀπέθανεν
1005 4464 1036 4523 ίν
1045 4462 1089 4536 τῷ
1098 4400 1229 4531 πολέμῳ.
1238 4454 1289 4590 καῖέ
1297 4457 1350 4588 νῦη

1284 4552 1337 4591 νατ
