2924 4972
106 191 150 257 οσ
361 165 1094 272 σΞοΔοσκαιίιᾳῑιμζεοαιοσ.

105 308 156 370 καί
167 300 269 368 πάντα
280 300 319 364 τά
333 295 421 384 σκεύη
433 297 534 383 αὐτῆς,
546 303 598 364 καί
606 296 643 365 τὸ
653 310 712 364 θυ-
743 300 774 362 τί
786 302 896 382 συνετῷ
907 299 1015 388 καρδία
1027 298 1142 362 δέδωκα
1154 293 1273 362 σύνεσιν.
1299 297 1351 361 καί

105 383 276 470 σιαστῆριον
287 388 344 450 τοῦ
356 379 551 484 θυμιάματος,
568 383 600 427 ²⁸
612 385 663 447 καί
674 381 710 446 τὸ
742 376 902 465 πονῆσουσι
924 377 1027 461 πάντα
1052 376 1110 445 ὅσα
1133 376 1275 457 συνέταξά
1293 405 1348 443 σοι.

105 463 317 553 θυσιαστῆριον
325 461 653 547 τείνολοκαυτωμάτων
660 468 711 546 καί
743 463 824 547 7τῆν
842 463 946 549 σκῆνῆν
963 468 1018 528 τοῦ
1027 469 1208 565 μαρτυρίου,
1231 464 1282 526 καί
1297 461 1332 564 τῆ

104 549 208 616 πάντα
225 550 319 615 αύτού
330 548 370 627 τὰ
384 538 486 631 σκεύῆ,
509 551 560 611 καί
572 544 625 631 τῆν
636 545 711 635 τρά-
743 546 870 633 κιβωτὸν
880 552 933 630 τῆς
945 548 1097 630 διαθῆκῆς,
1115 547 1167 610 καί
1178 543 1214 611 τὸ
1228 545 1351 627 ίλαστῆ-

104 638 193 711 πεζαν
204 636 256 699 καί
268 629 371 698 πάντα
382 629 422 695 τά
435 626 523 713 σκεύη
537 628 638 710 αὐτῆς,
660 634 712 695 καὶ
743 655 805 717 ριον
817 629 854 695 τὸ
867 628 911 696 δι’
931 627 1037 711 αὐτῆς,
1063 630 1114 695 καί
1126 629 1180 712 τῆν
1199 630 1351 709 διασκευῆν

103 717 158 782 τὸν
181 719 322 801 λουτῆρα.
351 715 382 757 ²⁹
395 715 447 794 καί
469 709 597 791 ἁγιάσας
621 710 710 779 αύτά.
742 719 795 818 τῆς
808 717 920 798 σκιγνῆς,
943 713 1019 777 8καὶ
1031 711 1069 776 τά
1081 709 1288 796 θυσιαστήρια,
1299 711 1351 774 καί

104 802 156 865 καί
180 803 265 863 ε’·’σται
290 792 362 874 άγια
387 801 448 860 τοῖν
465 793 568 875 ἁγίων.
607 802 668 872 πᾶς
688 793 710 861 ,ὃ
741 822 796 881 τῆν
808 793 954 882 τράπεζαν
966 797 1017 861 καί
1029 792 1130 861 πάντα
1143 795 1182 860 τά
1196 791 1280 875 σκεύῆ
1292 791 1349 884 ⁰¹⁵:

105 878 269 984 ἁπτόμενος
280 878 381 944 αὐτῶν
391 875 615 982 ἁγιασθῆσεται.
626 883 712 944 3(ίκαί
743 885 804 963 τῆς,
826 881 877 945 καί
888 879 940 963 τῆν
951 879 1070 964 λωχνίαν
1082 877 1136 967 τῆν
1148 874 1289 960 καθαρὰν
1300 901 1351 938 και

102 963 218 1050 Ἀαρων
234 967 286 1029 καί
302 962 372 1040 τούς
389 963 471 1039 υίούς
483 968 579 1028 αυτοῦ
597 969 711 1049 χρίσας,
742 959 842 1027 πάντα
855 961 894 1027 τά
907 959 992 1046 οκεύῆ
1006 961 1107 1046 αὐτῆς,
1128 962 1205 1025 9καὶ
1217 961 1269 1023 τὸν
1281 959 1350 1022 λου-

104 1051 156 1114 καί
180 1045 310 1125 ἁγιάσεις
338 1045 449 1121 αύτούς
471 1051 496 1110 ’ίε
517 1043 629 1112 ατεύειν
652 1073 709 1129 μοι.
743 1050 821 1131 τῆρα
834 1046 885 1111 καί
895 1046 948 1129 τῆν
959 1042 1044 1132 βάσιν
1056 1044 1167 1121 αὐτοῦ,
1192 1046 1221 1089 ¹⁰
1234 1040 1351 1115 καὶτὰς

105 1133 131 1174 ³¹
144 1134 268 1207 καὶτοῖς
281 1128 488 1216 υίοῖςἿσραῆλ
540 1127 644 1214 λῆστις,
662 1130 711 1195 λί-
744 1128 852 1205 στολάς
865 1127 919 1206 τάς
936 1127 1131 1212 λειτουργικὰς
1143 1125 1276 1211 Ἀαρὼν,
1301 1124 1353 1189 καί

103 1239 173 1294 γων.
205 1215 310 1295 ,ἔλαιον
335 1212 460 1296 ἄλειμμα
484 1221 603 1300 χρίσεως
628 1211 713 1292 άγιον
744 1211 798 1287 τὰς
811 1212 919 1289 στολάς
932 1218 992 1278 τῶν
1005 1216 1077 1278 υίῶν
1090 1209 1187 1276 αὐτοῦ
1199 1203 1352 1294 ἱερατεύειν

104 1302 188 1365 ἔσται
206 1302 296 1364 τοῦτο
310 1293 378 1402 ύμῖν
393 1303 433 1372 είς
443 1297 498 1379 τὰς
512 1295 608 1376 γενεάς
620 1294 710 1379 ὑμῶν.
743 1324 806 1379 μοι,
832 1301 857 1342 ¹¹
868 1296 969 1362 καὶτὸ
983 1297 1085 1361 ἔλαιον
1096 1297 1147 1378 τῆς
1159 1299 1286 1379 χρίσεως,
1302 1291 1352 1354 καί

104 1383 135 1425 ³²
147 1384 198 1447 ἐστί
210 1379 308 1466 σάρκα
320 1377 488 1465 ανθριύπου
504 1377 541 1443 ού
555 1379 712 1463 χρισδῆσε-
745 1380 781 1445 τὸ
794 1388 931 1462 θυμίαμα
942 1385 995 1485 τῆς
1009 1381 1169 1452 συνθέσεως
1187 1381 1242 1441 τοῦ
1256 1373 1352 1452 ἁγίου.

103 1490 162 1542 ται.
180 1466 232 1525 καί
244 1458 322 1525 κατά
333 1458 390 1540 τῆν’
399 1457 538 1523 σύνθεσιν
550 1456 663 1541 ’ταύτην
675 1459 711 1523 ού
745 1462 823 1524 κατίι
836 1461 946 1536 πάντα,
965 1461 1023 1526 σ’σα
1035 1462 1094 1539 ἐγὼ
1106 1456 1285 1546 ἐνετειλάμην
1298 1484 1353 1531 σοι,

104 1540 239 1627 ποιήσετε
252 1540 319 1644 ύμῖν
329 1544 446 1618 ἑαυτοῖς
459 1535 607 1616 ὧςαύτως.
625 1539 712 1617 ἅγιόν
745 1539 909 1622 ποιήσουσι.
934 1545 962 1583 ¹²
971 1545 1023 1604 καί
1035 1540 1155 1622 ἐλάλῆσε
1168 1539 1267 1627 κύριος
1279 1539 1354 1622 πρὸς

106 1631 178 1701 ἐστι,
190 1628 241 1698 καί
254 1630 385 1706 αγίασμα
397 1627 481 1690 ἔσται
494 1619 571 1705 ύμῖν.
589 1623 619 1664 ³³
630 1620 663 1699 ὃς
676 1621 713 1686 άν
746 1628 895 1704 Μωυσῆν,
914 1623 1016 1698 λέγων.
1054 1625 1081 1667 ¹³
1093 1625 1145 1685 καί
1162 1622 1197 1686 σύ
1213 1621 1355 1698 σύνταξον

105 1707 215 1801 ποιῆφῆ
239 1704 392 1784 ὦςαύτως,
416 1710 467 1771 καί
484 1702 518 1781 ὃς
541 1705 581 1772 ἂν
597 1706 642 1789 δῳ
658 1703 709 1770 ἀπ’
746 1716 809 1779 τοῖς
822 1709 897 1780 υἱοῖς
910 1701 1042 1789 Ἰσραὴλ,
1055 1704 1155 1782 λέγων.
1182 1701 1281 1790 ὃροίτε,
1302 1708 1354 1768 καί

107 1792 203 1859 αὐτοῦ
215 1791 373 1879 ἆλλογενεῖ,
386 1784 668 1876 ίξολοδρευθῆσεται
681 1793 713 1863 1έκ
747 1786 786 1852 τά
806 1782 944 1875 σάββατά
960 1814 1017 1869 μου
1040 1783 1211 1869 φυλάξεσθε.
1239 1785 1354 1894 σρμεῖόν

106 1882 162 1941 τοῦ
179 1874 258 1939 λαοῦ
275 1873 377 1938 αὐτοῦ.
417 1871 448 1914 ³⁴
462 1875 513 1943 καί
534 1872 595 1938 εἷπε
613 1871 713 1958 κύριος
747 1874 807 1936 ἐστι
825 1870 895 1956 παρ’
916 1874 981 1954 ἐμοὶ
997 1873 1049 1936 καί
1065 1875 1096 1936 ἐν
1112 1870 1178 1954 ὑμῖν
1190 1877 1229 1948 είς
1240 1899 1294 1947 τας
1306 1898 1354 1949 γε-

105 1958 183 2044 πρὸς
195 1960 339 2039 Μωυσῆν.
365 1951 436 2041 λάβε
453 1962 567 2040 σεαυτῷ
580 1952 714 2041 ῆδύσμα-
747 1953 811 2030 νεύς
824 1951 913 2038 ὑμῶν,
923 1962 972 2020 ’ίνα
983 1960 1084 2032 γνῶτε,
1098 1952 1145 2020 ὅτι
1158 1955 1216 2034 ἐγὼ
1226 1953 1352 2042 κύριοςὸ

106 2037 713 2147 τα,στακτῆν,άνυχα,χαλβάνῆνῆδυσμού,
746 2034 875 2116 ἁγιάζων
896 2036 978 2122 ὑμᾶς.
1016 2039 1045 2082 ¹⁴
1058 2041 1110 2104 καί
1134 2036 1297 2121 φυλάξεσθε
1314 2040 1353 2104 τὰ

107 2127 158 2191 καί
171 2125 292 2210 λίβανον
304 2123 443 2206 διαφανῆ.
470 2149 533 2189 ισον
551 2125 605 2208 ἴσῳ
620 2127 712 2194 έσται.
747 2118 897 2209 σάββατα,
923 2121 970 2186 ὅτι
988 2118 1073 2201 ἅγιον
1085 2119 1176 2187 τοῦτό
1190 2127 1250 2188 ἐστι
1262 2130 1353 2209 κυρίῳ

108 2212 137 2252 ³³
149 2210 203 2295 καί
224 2202 396 2290 ποιῆσουοιν
419 2211 450 2270 έν
474 2205 560 2290 αύτῷ
578 2213 714 2291 θυμίαμα
748 2202 821 2290 ύμῖν.
843 2203 1008 2293 ὁβεβεγλῶν
1026 2204 1103 2271 αὐτὸ
1115 2201 1242 2290 θανάτῳ
1255 2218 1351 2273 θανα-

108 2287 267 2375 μυρεῳιιιὸν
284 2294 370 2375 ἔργον
386 2295 520 2395 μυρεψοῦ
536 2295 713 2374 μεμιγμένον.
747 2286 922 2373 τωθῆσεται.
946 2295 1007 2364 πᾶς
1032 2286 1065 2364 ὃς
1089 2285 1202 2376 ποιῆσει
1221 2294 1252 2354 ἐν
1269 2289 1352 2373 αὐτῷ

108 2370 247 2464 καθαρὸν
267 2376 354 2460 ἔργον
370 2375 463 2451 ἅγιον.
494 2376 524 2418 ³⁶
539 2377 589 2440 καί
606 2371 715 2452 συγκύ-
747 2375 841 2458 ἔργον,
866 2368 1145 2458 έξολοθρευθῆσεται
1158 2373 1177 2457 ῆ
1191 2372 1270 2459 ψυχῆ
1283 2377 1349 2438 έκεί-

109 2476 174 2563 ῳεις
194 2463 231 2523 ’ἐκ
253 2452 370 2522 τούτων
393 2457 515 2537 λεπτὸν,
540 2461 591 2523 καί
615 2456 715 2542 θῆσας
746 2481 780 2540 νῆ
791 2459 822 2521 ἐκ
833 2460 923 2539 μέσου
935 2461 991 2521 τού
1003 2457 1079 2521 λαοῦ
1091 2454 1194 2520 αὐτοῦ.
1209 2457 1353 2541 16ἒξῆμέ-

109 2546 253 2607 απέναντι
269 2544 330 2608 τῶν
345 2549 514 2630 μαρτυρίων
534 2546 615 2637 ίντῆ
626 2547 715 2626 σκῆνῆ
747 2567 801 2647 ρας
825 2537 953 2623 ποιῆσεις
977 2544 1064 2625 ἔργα,
1089 2545 1127 2623 τῆ
1151 2539 1184 2605 δὲ
1203 2537 1298 2627 ἡμέρῳ
1315 2547 1354 2624 τῆ

108 2629 165 2691 τοῦ
176 2631 348 2728 μαρτυρίου,
361 2623 432 2690 ὅθεν
443 2622 658 2730 γνωσθῆσομαί
667 2616 714 2690 σύι
748 2622 855 2716 εβδόμῳ
868 2622 1017 2712 σάββατα,
1044 2611 1208 2704 άνάίιαυσις
1225 2622 1296 2703 ἁγία
1308 2615 1354 2709 τῳ

109 2711 228 2771 ἒκείθεν.
259 2708 344 2784 ἆγιον
361 2713 422 2771 τῶν
439 2705 532 2784 ἁγίων
548 2730 632 2771 εσται
651 2704 716 2786 ἁμῖν
748 2712 847 2786 κυρίῳ.
870 2713 930 2780 πᾶς
942 2703 975 2781 ὃς
987 2703 1101 2788 ποιῆσα
1114 2711 1199 2793 ἔργον
1209 2714 1246 2792 τῆ
1259 2705 1354 2794 ἡμέρῳ

108 2791 138 2831 ³⁷
143 2795 289 2890 θυμίαμα.
302 2787 380 2851 κατὰ
393 2787 445 2866 τῆν
458 2784 592 2851 σύνθεσιν
603 2786 715 2870 ταύτην
747 2792 784 2874 τῆ
797 2784 915 2872 ἑβδόμη,
926 2785 1186 2874 θανατωθῆσεται.
1199 2781 1284 2857 16’καί
1297 2800 1353 2872 φυ-

109 2869 145 2936 οὒ
171 2877 306 2953 ποιησετε
332 2864 398 2951 ύμῖν
420 2871 543 2942 ἑαυτοῖς.
582 2864 715 2976 ἁγίασμα
746 2861 932 2946 λάξουσινόί
950 2874 1010 2936 υίοί
1023 2869 1144 2959 Ἰσραῆλ
1159 2873 1199 2939 τά
1217 2872 1354 2962 σάββατα

108 2957 190 3020 ἔσται
204 2951 270 3039 ύμῖν
281 2956 381 3038 κυρίῳ.
399 2951 430 2994 ³⁸
441 2947 474 3025 ὃς
486 2950 524 3015 ἂν
534 2950 645 3035 ποιῆση
658 2982 715 3031 ως-
746 2965 839 3018 ποιεῖν
851 2953 933 3021 αύτὰ
944 2960 983 3031 είς
994 2954 1049 3031 τὰς
1060 2956 1156 3035 γενεάς
1168 2956 1274 3024 αύτοίν.
1288 2960 1354 3025 δια-

108 3034 222 3114 αύτως,
249 3033 320 3111 άίςτε
337 3034 553 3119 ὀσφραίνεσθαι
571 3039 601 3100 ἐν
619 3025 713 3122 ἁύτῳ,
746 3033 826 3121 θῆκε]
844 3034 962 3114 αίοίνιος
984 3043 1011 3082 ¹⁷
1022 3042 1052 3103 ἓν
1067 3044 1135 3123 ἐμοὶ·
1143 3045 1194 3106 καί
1206 3055 1268 3119 τοῖς
1279 3048 1353 3120 υίοῖς

106 3118 262 3189 ἀπολεῖται
275 3123 307 3183 ἐκ
324 3121 381 3182 τοῦ
393 3116 471 3181 λαοῦ
482 3115 585 3182 αὐτοῦ.
684 3131 686 3136 ’
743 3117 873 3206 Ἰσραῆλ,
890 3118 1004 3206 σημεῖόν
1016 3127 1093 3189 ἐστιν
1105 3129 1136 3190 ἐν
1147 3128 1212 3207 ίμοί
1225 3123 1351 3191 αἰώνιον.

281 3207 356 3264 ΚΕ
369 3205 408 3263 Φ.
449 3198 538 3266 AA'.
745 3199 791 3268 ὅτι
812 3209 843 3281 ἕξ
859 3203 978 3292 ῆμέραις
991 3210 1109 3293 ε’ποίῆσε
1120 3204 1218 3294 κύριος
1234 3207 1288 3273 τὸν
1299 3208 1352 3275 ού-

104 3253 189 3351 Καὶ
209 3280 331 3368 ἒλάλῆσε
347 3279 448 3370 κύριος
467 3285 544 3372 πρὸς
564 3292 711 3373 Μωυσῆν,
745 3287 834 3394 ρανὸν
851 3293 902 3354 ιιάί
918 3289 972 3376 τῆν
987 3295 1059 3374 γῆν,
1088 3293 1139 3356 καί
1155 3296 1194 3375 τῆ
1209 3289 1304 3379 ἡμέρῳ
1314 3299 1352 3378 τῆ

104 3369 205 3451 λέγων.
232 3368 325 3434 2ἰδού
343 3366 540 3453 άνακέκλῆμαι
559 3373 589 3447 ἐξ
601 3368 711 3455 ὀνόμα-
744 3368 852 3457 εβδόμῆ
860 3366 1258 3455 κατέπαυσε,ιιαίέπαύσατο.
1268 3366 1351 3441 18κάί

103 3477 156 3535 τος
167 3451 220 3517 τὸν
231 3453 376 3519 Βεσελε’λ
388 3449 441 3518 τὸν
452 3458 507 3525 τοῦ
521 3451 645 3540 Ούρείου
656 3456 711 3522 τὸν
744 3446 839 3521 ἔδωκε’
845 3462 965 3540 Μωυσῆ
976 3454 1062 3542 ῆνίκα
1074 3462 1241 3538 κατέπαυσε
1253 3461 1351 3539 λαλῶν

100 3532 168 3622 Ὦρ,
185 3541 217 3603 ἐκ
233 3543 285 3622 τῆς
302 3482 395 3624 φυλῆς
413 3532 523 3607 Ἰούδα.
554 3539 632 3604 3ιιαί
649 3545 710 3605 ένέ-
744 3536 829 3624 αύτῳ
838 3544 922 3625 ἐντῷ
930 3530 990 3627 άρα
1004 3547 1048 3624 τῷ
1056 3540 1132 3607 Σινά
1144 3539 1348 3618 τὰςδύοπλά-

104 3620 205 3702 πλησα
217 3619 309 3686 αὐτὸν
320 3625 435 3703 πνεῦμα
446 3631 531 3685 θείαν
543 3629 651 3702 σοφίας
660 3625 712 3688 καί
742 3650 796 3700 κας
821 3629 876 3692 τοῦ
898 3632 1077 3711 μαρτυρίου,
1101 3621 1219 3702 πλάκας
1235 3628 1350 3702 λιθίνας

104 3706 241 3797 συνέσεως
250 3705 303 3767 καί
312 3700 482 3805 ἐπιστῆμης,
495 3707 526 3767 έν
535 3707 625 3768 παντί
633 3705 710 3792 ἔργῳ
741 3714 938 3796 γεγραμμένας
951 3715 996 3794 τῳ
1008 3704 1144 3792 δακτύλῳ
1157 3714 1214 3775 τοῦ
1224 3715 1307 3775 θεοῦ.

103 3783 324 3867 4διανοεῖσθαι,
337 3788 388 3855 καί
401 3790 648 3871 αρχιτειιτονῆοαι,
661 3795 710 3878 ἐρ-
771 3797 773 3800 ’
918 3801 952 3858 K
963 3801 993 3858 E
1006 3800 1044 3859 Φ.
1087 3792 1169 3872 ΛΗ,

101 3865 244 3946 γάζεσθαι
257 3865 292 3932 τὸ
305 3875 433 3972 ῳρυσίσν,
447 3871 499 3935 καί
511 3868 546 3935 τὸ
559 3868 710 3959 ἀργύριον,
741 3841 825 3948 Καί
838 3876 908 3941 ἰδὼν
921 3874 1030 3956 ὀλοὸς,
1044 3874 1090 3944 ὅτι
1100 3875 1243 3966 κεκράτηκε
1251 3887 1350 3946 Μωυ.

102 3955 154 4016 καί
164 3951 217 4016 τὸν
228 3950 346 4036 χαλκον,
364 3956 414 4018 καί
426 3952 480 4036 τῆν
494 3950 648 4030 ὑάκινθον,
660 3958 711 4018 καί
742 3959 793 4044 σῆς
810 3963 973 4062 καταβῆναι
990 3964 1022 4024 ἐκ
1035 3968 1090 4026 τοῦ
1101 3953 1204 4049 ι’ίρους,
1230 3968 1351 4047 συνέστη

102 4032 156 4119 τὴν
167 4031 335 4119 πορφύραν,
352 4036 452 4100 καὶτὸ
465 4036 597 4105 κόκκινον
608 4035 645 4100 τὸ
659 4062 711 4119 νιγ-
742 4032 760 4099 ὃ
773 4037 845 4114 λαὸς
858 4043 908 4105 ἐπὶ
916 4042 1042 4127 Ααριύν,
1054 4047 1105 4109 καί
1115 4047 1247 4124 λέγουσιν
1257 4045 1349 4110 αὐτοί.

103 4115 186 4195 στὸν,
212 4119 226 4162 ⁶
239 4119 290 4182 καί
301 4115 340 4180 τὰ
353 4117 538 4199 λιθουργικὰ,
556 4122 607 4191 καί
619 4123 659 4193 εἰς
670 4118 710 4187 τά
742 4115 905 4206 ἀνάστηθι,
921 4127 974 4188 καὶ
988 4133 1115 4211 ποίησον
1128 4125 1196 4212 ῆμῖν
1205 4127 1304 4203 θεοὺς,
1321 4134 1352 4191 οἳ

102 4203 175 4287 ἔργα
187 4200 227 4267 τά
246 4199 397 4287 τεκτονικά
409 4207 470 4265 τῶν
481 4199 595 4278 ξύλων,
620 4198 710 4284 ίργά-
741 4231 765 4268 π
784 4202 995 4307 πορεύσονται
1009 4205 1097 4292 ῆμιδν.
1111 4207 1128 4274 ἁ
1142 4208 1201 4295 γάρ
1215 4214 1351 4291 Μωυσῆς

102 4287 203 4362 ζεσθαι
228 4280 307 4367 κατά
330 4282 431 4365 πάντα
455 4283 495 4349 τά
519 4285 601 4389 ἔργα.
631 4287 714 4351 θκαί
741 4229 831 4366 ούτος
848 4313 865 4353 ο
884 4287 1059 4372 άνθρωπος,
1081 4287 1350 4373 ὃςίξῆγαγενῆμᾶς

101 4367 160 4446 ἐγὼ
179 4368 277 4434 ἔδωκα
294 4363 387 4452 αύτὸν
403 4366 455 4429 καί
470 4364 523 4430 τὸν
544 4365 643 4453 Ελκὰβ
655 4368 709 4435 τὸν
740 4373 773 4435 ἐκ
784 4376 838 4456 γῆς
845 4366 1018 4449 Αἰγύπτου,
1031 4370 1085 4436 ούκ
1098 4372 1215 4454 οίδαμεν
1223 4382 1256 4440 τί
1261 4379 1348 4455 γέγο-

100 4457 157 4518 τοῦ
169 4448 328 4539 Ἀχισαμάχ
340 4452 372 4516 ἐκ
383 4448 476 4536 φυλῆς
485 4443 558 4515 Δάν.
572 4452 623 4517 καί
632 4477 709 4521 παν-
740 4480 785 4522 νεν
801 4453 894 4545 αύτῷ.
920 4457 998 4522 ’καί
1015 4454 1091 4534 λέγει
1108 4452 1210 4535 αὐτοῖς
1222 4456 1347 4546 Ἀαριύν.

1249 4570 1348 4629 περιε-
