2924 4972
363 173 713 235 Αιινισινεοα
754 162 1089 251 κιφ.ιη’.ιο’.ιε.19.
1293 177 1354 237 ιιυ

105 268 169 353 ύῶν
180 285 217 352 ού
231 282 416 370 πορεύσεσθε.
439 285 456 327 ⁴
469 285 507 349 τά
520 291 647 370 κρίματα
658 311 715 367 μου
745 286 885 385 χωρισμφξ
909 279 1100 369 ἀκαθαρσίας
1117 280 1211 367 αύτής
1227 281 1282 347 σύκ
1300 289 1354 358 είς·

106 365 251 453 ποιήσετε,
261 369 312 433 καί
323 367 362 434 τά
371 363 584 471 προςτύγματιί
593 392 650 449 μου
659 393 716 448 φυι
746 361 849 461 ελεύση
865 361 1063 448 αποκαλύψαι
1077 364 1132 449 τήν
1151 362 1355 450 ἀσχημοσύνην

108 445 640 535 λύξεσθε,καίπορευεσθείναύτοῖς.
656 447 715 527 ίγά
747 446 847 533 αὐτῆς.
885 449 979 514 20καί
996 447 1073 532 πρὸς
1090 447 1144 532 τήν
1161 460 1286 526 γυναῖκα
1298 453 1354 514 τοῦ

108 531 208 638 κύριος
225 531 244 600 ὁ
261 532 333 609 θεὸς
348 530 437 616 ὑμῶν.
463 537 477 577 ⁶
490 534 542 598 καί
553 532 716 614 φυλάξεσθε
745 531 870 616 πλησίον
881 557 935 598 σου
949 529 986 596 ού
999 527 1098 606 δύσεις
1110 537 1211 633 κοίτην
1223 535 1352 615 σπέρμα·

107 643 211 685 ποντα
222 616 261 683 τά
273 611 485 702 πρσςτάγματά
497 642 565 697 μου,
578 616 629 679 καί
639 610 716 679 ποίν-
746 610 796 689 τύς
805 640 867 692 σου,
876 616 1064 699 ίκμιανθήναι
1074 610 1151 703 πρὸς
1159 611 1262 713 αυτήν.
1274 614 1355 678 21καί

108 727 148 765 τα
160 697 201 765 τύ
214 696 342 785 κρίματά
353 725 426 783 μου,
451 700 503 764 καί
515 693 648 782 ποιήσετε
660 694 716 763 αύ-
748 691 877 763 ἀπὸτοῦ
891 692 1056 782 σπέρματός
1068 724 1121 764 σου
1134 693 1170 762 ού
1183 697 1284 772 δωσεις
1300 696 1355 762 λα-

109 779 157 848 ιά.
183 778 206 847 ἀ
228 778 354 867 ποιήσας
378 778 457 848 αύτά
479 780 643 867 ἅνθρωπος
667 774 717 883 ζή-
748 773 855 863 τρεύειν
871 777 999 863 ἀρχοντι.
1024 780 1074 845 καί
1087 776 1123 845 σύ
1135 775 1355 869 βεβηλύσειςτά

109 891 190 931 σεται
216 868 248 928 ίν
271 863 381 942 αὐτοῖς.
412 863 477 965 ίγιύΙ
491 862 592 950 κύριος
610 860 628 928 ὁ
646 873 717 962 θερς
747 859 855 964 ὄνομα),
867 860 901 924 τὸ
924 858 1016 964 ἀγισχ.
1043 860 1102 940 ίγὼ
1119 860 1225 949 κύριος,
1260 865 1290 907 ²²
1303 863 1354 927 καί

1130 942 1138 965 Ι

110 947 201 1050 ὑμῶν.
241 947 430 1050 θᾶιθρωπος
455 945 617 1049 ἀχθριρπρς
640 971 717 1033 προς
747 967 819 1027 μετα
834 968 999 1028 αρσενοςου
1012 955 1177 1045 κοιμηθηση
1188 952 1290 1069 κοίτιχχ
1299 969 1353 1049 γικι

109 1055 211 1096 παντα
223 1034 314 1095 οἰκεῖα
334 1056 442 1116 σαρκος
459 1055 553 1095 αυτου
571 1056 607 1095 ου
624 1054 717 1133 προς-
747 1030 889 1101 ναικείαν,
913 1025 1061 1129 βδελυγμο
1084 1054 1143 1112 γαρ
1160 1035 1229 1094 ἐστι.
1303 1053 1354 1092 και

109 1111 251 1213 ελεύσεραι
280 1109 479 1215 ἀπρκαλύψρι
508 1110 716 1211 ἀσχημοσυνην.
747 1107 824 1195 πρὸς
848 1112 911 1175 πᾶν
935 1132 1099 1191 τετραπουν
1122 1107 1159 1174 ού
1184 1109 1286 1185 ύιύσεις
1302 1109 1355 1193 τήν

110 1196 169 1273 ἐγὼ
180 1222 285 1298 χυρισς,
299 1197 518 1296 7Ιασχημοσυχην
527 1218 642 1298 πατρος
647 1219 717 1294 μου,
748 1197 849 1273 κοίτην
862 1215 917 1293 σορ
929 1189 1214 1295 είςῖοτρερμαὶτισμύν,
1227 1194 1353 1293 ,ίιιμιαν-

153 1280 160 1301 ἱ

109 1306 161 1343 και
173 1302 372 1361 ασχημοουνην
383 1302 495 1361 μητρος
507 1302 559 1340 σου
570 1301 624 1340 ουκ
639 1300 719 1341 auo-
749 1277 840 1357 θῆναι
858 1297 935 1358 προς
948 1296 1032 1339 αντα,
1059 1299 1111 1337 και
1121 1297 1192 1357 γυνη
1205 1298 1242 1338 ου
1255 1269 1357 1355 στήσε-

109 1356 269 1440 ιιαλύψεις,
292 1356 387 1443 μήτηρ
405 1353 464 1442 γάρ
482 1383 534 1422 σου
547 1358 638 1433 ἐστίν,
664 1353 719 1421 σύκ
749 1381 798 1421 ται
817 1352 893 1460 πρὸς
908 1359 971 1421 πᾶν
989 1350 1154 1442 τετράπουν
1168 1358 1357 1444 βιβασθήναι,

109 1436 317 1521 ἀποκαλύψεις
334 1441 387 1524 τήν
404 1433 603 1541 ἀσχημοσύνην
617 1437 715 1523 αὐτῆς,
745 1462 877 1524 μυσαρον
890 1433 950 1541 χάρ
963 1436 1032 1504 ε’στι.
1062 1437 1144 1522 24μή
1160 1443 1309 1523 μιαίνεσθε
1325 1439 1357 1502 ίν

110 1517 341 1626 θάσχημσσύνην
362 1547 498 1601 γυναικος
521 1517 635 1607 πατρός
660 1548 715 1589 σου
745 1525 818 1588 πᾶσι
842 1546 968 1597 τουτοις.
1006 1524 1037 1586 ἰν
1060 1524 1134 1587 πᾶσι
1156 1519 1216 1607 γάρ
1238 1516 1354 1599 τούτοις

111 1603 167 1670 ούκ
180 1603 388 1685 αποκαλυψεις,
402 1601 587 1707 ἀσχημοσύνη
598 1600 714 1692 πατρός
744 1600 924 1690 ίμιάνθησαν
947 1602 987 1669 τά
1012 1605 1101 1689 ἔθνη,
1126 1598 1224 1683 ἀίγώ
1243 1607 1353 1681 ἐξαπο-

109 1715 164 1754 σου
175 1691 262 1755 ε’στίν.
286 1687 513 1774 9ἀσχημοσυνην
525 1693 576 1771 τῆς
588 1688 715 1772 ἀδελφῆς
743 1688 857 1753 στέλλω
881 1686 943 1790 πρὸ
960 1681 1122 1774 πρυςώπου
1140 1683 1236 1770 ὑμῶν,
1259 1688 1289 1729 ²⁸
1302 1687 1352 1751 καί

108 1799 162 1838 σου
174 1774 207 1837 ἐκ
218 1766 331 1876 παχτρύς
343 1798 396 1837 σου
410 1769 430 1872 ή
441 1774 474 1836 ἐκ
484 1765 655 1874 μητρύςὶσσψ
667 1774 714 1836 ίν-
743 1767 896 1854 ἔξεμιάνθη
910 1798 928 1855 η
940 1774 994 1873 γή,
1013 1770 1065 1836 καί
1077 1764 1351 1873 ἀνταπὲδωκαιάύι-

108 1857 241 1932 δογενοῡς
253 1879 478 1956 ηγεγεννημενης
487 1858 557 1931 ἐξω,
570 1880 625 1919 ουκ
633 1880 713 1920 οπο
743 1860 810 1921 κίαν
822 1851 925 1933 αὐτοῖς
937 1854 965 1919 δι
987 1850 1081 1938 αύτήν
1086 1902 1096 1931 ,
1119 1853 1172 1922 καί
1182 1862 1352 1957 πρσςωχθι·

108 1933 247 2019 καλύψεις
257 1935 458 2022 ασχημσσύνην
468 1935 577 2002 αὐτῶν.
588 1933 712 2021 10ἀσχη-
742 1962 788 2001 σεν
800 1931 818 2021 ή
830 1941 869 2020 γῆ
888 1947 952 2010 τοῖς
967 1939 1177 2020 ἒγκαθημίνοις
1189 1934 1233 2001 ἐπ’
1250 1940 1351 2021 αυτής.

107 2015 232 2103 μοσύνην
252 2019 405 2105 θυγατρὸς
422 2025 489 2087 υίού
506 2047 559 2085 σου
577 2018 595 2104 ἢ
613 2030 713 2097 θυγα-
742 2021 837 2085 26καί
865 2014 1032 2100 φυλάξεσθε
1056 2014 1156 2086 πάντα
1181 2017 1221 2085 τά
1246 2014 1351 2104 νόμιμά

109 2101 178 2204 τρός
195 2098 346 2189 θυγατρός
363 2129 416 2168 σου
439 2100 494 2168 σύκ
511 2098 713 2185 ἀποκαλύψεις
740 2128 812 2185 μου,
833 2103 885 2167 καί
896 2097 997 2169 πάντα
1008 2100 1047 2167 τά
1061 2096 1273 2189 προςτάγματά
1285 2128 1352 2185 μου,

109 2209 159 2266 την
171 2183 373 2270 ἀσχημοσύνην
384 2182 494 2263 αύτιάν,
513 2180 559 2249 ὅτι
573 2184 609 2268 σή
623 2184 714 2269 ἀσχη-
742 2186 794 2251 καὶ
810 2182 847 2250 σύ
860 2180 994 2269 ποιήσετε
1007 2182 1070 2249 ἀπὸ
1083 2180 1204 2250 πάντων
1215 2188 1276 2248 τῶν
1285 2186 1350 2270 βδε-

107 2263 216 2353 μοσύνη
239 2272 325 2334 ἐστίν.
362 2272 387 2309 ¹¹
400 2263 598 2352 ἀσχημοσύνην
615 2276 714 2344 θυγα-
743 2261 898 2351 λυγμάτιον
914 2262 1030 2332 τούτων
1046 2265 1064 2332 ἀ
1082 2263 1235 2353 ἐγχώριος,
1259 2268 1313 2332 καί
1333 2261 1351 2332 ὅ

108 2350 177 2433 τρὸς
187 2347 324 2427 γυναικὸς
335 2347 450 2434 πατρός
462 2376 516 2415 σου
528 2348 584 2413 οὐκ
597 2347 715 2415 ἀποκα·
743 2344 964 2434 πρσςγενύμενσς
1001 2345 1182 2434 προςήλυτος
1212 2353 1243 2414 ἐν
1277 2346 1351 2433 ύμῖν.

108 2428 225 2511 λύψεις,
250 2430 421 2514 ὁμοπατρία
434 2427 546 2515 ἀδελφή
560 2457 613 2497 σου
626 2433 716 2508 ἐστίν,
745 2433 773 2473 ²⁷
786 2429 889 2494 πάντα
912 2431 973 2534 γὰρ
996 2431 1036 2495 τά
1054 2428 1236 2516 βίελύγματα
1255 2437 1353 2496 ταῦτα

108 2511 164 2576 ούκ
177 2509 379 2593 ἀποκαλύψεις
389 2510 472 2594 τήνά
526 2510 652 2594 μσσύνην
662 2509 718 2576 αύ-
746 2515 887 2594 ἐποίησαν
898 2515 929 2576 οἱ
942 2521 1098 2595 ανθρωπσι
1112 2517 1163 2596 τῆς
1175 2518 1243 2594 γῆς,
1260 2518 1290 2575 ot
1303 2512 1354 2577 ἀν-

109 2600 171 2676 τής.
207 2597 235 2635 ¹²
246 2589 445 2677 ἀσχημοσύνην
462 2590 483 2658 ἀ
551 2597 589 2677 ής
605 2589 719 2680 πατρός
746 2620 791 2669 τες
803 2589 949 2700 πρότερον
962 2591 1061 2675 ὑμῶν,
1074 2594 1125 2657 καί
1137 2589 1262 2698 ἰμιάνθη
1274 2590 1292 2677 ή
1305 2600 1352 2678 γῆ.

109 2703 164 2743 σου
177 2674 234 2740 ούκ
246 2670 458 2757 ἀποκαλύψεις,
482 2681 575 2741 οίκεία
584 2675 645 2761 γάρ
656 2703 715 2741 πα·
746 2679 776 2719 ²⁸
789 2703 839 2742 και
852 2672 951 2761 ἵναμή
967 2681 1149 2770 προςοχθίοη
1162 2672 1229 2759 ύμῖν
1240 2707 1259 2763 η
1270 2683 1309 2761 γή
1323 2681 1354 2742 ἐν

110 2755 180 2844 τρός
198 2785 253 2825 σου
268 2762 352 2824 ἐστίν.
381 2761 408 2801 ¹³
420 2755 619 2844 ἀσχημοσύνην
630 2757 716 2828 ἀδελ-
744 2765 789 2845 τῷ
812 2766 932 2843 μιαίνειν
958 2758 1032 2844 ὑμᾶς
1053 2757 1159 2846 αὐτήν,
1186 2757 1221 2826 ὃν
1238 2758 1353 2865 τρόπον

108 2847 166 2927 φής
175 2837 286 2945 μητρός
297 2868 352 2909 σου
364 2839 418 2907 ούκ
430 2839 649 2926 ἀποκαλύψεις,
669 2849 715 2910 ολ
743 2838 925 2930 προςιύχθισε
935 2856 998 2920 τοίς
1010 2846 1104 2911 ἔθνεσι
1115 2855 1179 2920 τοῖς
1188 2846 1249 2932 πρὸ
1261 2849 1350 2929 υμῶν.

107 2933 170 2991 κεία
180 2953 239 3029 γαρ
251 2921 361 3010 μητρός
373 2953 426 2991 σου
438 2930 524 2993 ἐστίν.
545 2925 715 3011 1*ἀσχημο-
744 2930 774 2970 ²⁹
788 2926 836 2993 ὅτι
852 2932 913 3004 πᾶς
925 2925 959 3009 ἀς
971 2924 1024 2997 {dcv
1033 2923 1144 3020 ποιήσῃ
1156 2927 1216 2997 ἀπὸ
1230 2925 1352 2994 πάντων

108 3010 197 3091 σύνην
222 3009 350 3091 αύελφοῦ
375 3014 432 3075 τοῦ
452 3005 568 3095 πατρός
589 3036 643 3076 σου
660 3007 715 3077 ούκ
745 3013 803 3075 τιύν
815 3007 1019 3100 βδελυγμάτων
1030 3007 1162 3088 τούτων,
1177 3012 1352 3097 ίξολσθρευ-

107 3088 326 3174 ἀποκαλύψεις,
352 3095 404 3159 καί
427 3091 504 3179 πρὸς
520 3093 574 3173 τήν
590 3106 715 3171 γυναῖκα
743 3089 888 3178 θήσονται
902 3099 936 3160 al
948 3096 1042 3179 ψυχαί
1054 3098 1088 3160 αί
1099 3099 1238 3161 ποιοῦσαι
1251 3097 1284 3161 ἐκ
1295 3099 1353 3160 τοῦ

107 3173 204 3240 αὐτοῦ
216 3173 272 3240 ούκ
284 3172 432 3260 είςελεύση,
443 3176 576 3259 συγγενής
586 3173 646 3264 γάρ
660 3204 714 3243 σου
744 3177 821 3242 λαοῦ
833 3174 941 3244 αὐτῶν.
955 3178 986 3221 ³⁰
991 3180 1042 3243 καὶ
1054 3175 1195 3260 φυλάξετε
1206 3175 1246 3244 τά
1259 3205 1352 3280 προς-

109 3260 193 3326 ἰστίν.
218 3260 245 3302 ¹⁵
259 3249 457 3343 ἀσχημοσύνην
470 3256 583 3343 νύμφης
596 3287 648 3327 σου
661 3258 714 3326 ούκ
745 3256 881 3341 τάγματά
892 3286 964 3343 μου,
987 3256 1071 3335 ὅπως
1082 3260 1121 3344 μή
1134 3257 1274 3346 ποιήσητε
1287 3262 1351 3325 απὸ

110 3337 323 3421 ἀποκαλύψεις,
335 3338 404 3425 γυνή
414 3342 472 3443 γὰρ
484 3347 550 3406 υἱοῦ
561 3368 615 3407 σου
628 3344 715 3420 ἐστίν,
744 3345 865 3409 πάντων
883 3346 943 3406 τῶν
961 3347 1089 3424 νομίμων
1106 3348 1166 3406 τῶν
1183 3344 1350 3443 ίηθθελυγμέ-

110 3421 165 3488 οάκ
178 3418 380 3502 ἀποκαλύψεις
391 3421 443 3504 τήν
452 3420 649 3507 ασχημοσύνην
658 3423 716 3490 αύ-
745 3448 817 3501 νων,
844 3419 866 3492 ἀ
882 3427 981 3501 γέγονε
995 3423 1057 3528 πρὸ
1075 3429 1129 3488 τοῦ
1142 3421 1224 3507 ύμας.
1251 3428 1301 3489 καί
1313 3424 1350 3490 ού

111 3509 173 3587 τῆς.
192 3504 220 3544 ¹⁶
229 3497 429 3587 ἀσχημοσύνην
440 3505 574 3582 γυναικὸς
586 3504 717 3590 ἀδελφοῦ
743 3501 942 3591 μιανθήσεσθε
953 3508 984 3575 ἐν
996 3517 1108 3583 αυτοῖς,
1122 3502 1169 3570 ὅτι
1183 3505 1242 3586 ἐγώ
1255 3503 1353 3593 κύριος

110 3614 165 3652 σου
191 3583 246 3651 ούκ
278 3580 497 3666 ἀποκαλύψεις,
534 3586 716 3690 ἀσχημοσύνη
745 3587 847 3671 ὁθεὸς
860 3587 946 3676 ὑμῶν.

111 3669 244 3749 ἀδελφοῦ
256 3695 309 3736 σου
322 3672 406 3736 ἐστίν,
421 3667 717 3772 Πάσχημοσυνηνγυ-
926 3678 1000 3738 ΚΕ
1013 3677 1052 3737 Φ.
1096 3666 1167 3738 ΙΘ’.

112 3752 211 3830 ναικὸς
227 3753 278 3818 καί
296 3751 448 3839 θυγατρὸς
465 3757 560 3838 αυτής
573 3750 626 3816 ούκ
639 3751 718 3818 ἀπο
747 3722 829 3820 Καί
853 3752 973 3838 ίλάλησε
998 3751 1097 3844 κύριος
1112 3754 1188 3845 πρὸς
1204 3762 1350 3844 Μωυσῆν,

110 3831 259 3920 καλύψεις.
277 3835 330 3920 τήν
342 3839 498 3923 θυγατέρα
514 3840 570 3903 τοῦ
581 3839 649 3901 υίοῦ
663 3833 717 3902 σύν
746 3838 846 3917 λέγων.
878 3837 1032 3923 2λιίλησον
1056 3843 1094 3923 τῆ
1118 3849 1271 3949 συναγωγῇ
1290 3848 1351 3908 τῶν

110 3924 177 4022 τής,
200 3922 252 3985 καί
271 3920 324 4002 τήν
335 3923 489 4006 θυγατέρα
500 3925 554 4005 τῆς
565 3918 717 4004 θυγατρὸς
746 3925 817 3987 υίιύν
827 3917 961 4005 Ἰσραήλ,
987 3924 1039 3986 καί
1057 3910 1129 4008 ε”ρεῖς
1143 3923 1220 4011 πρὸς
1232 3924 1348 4003 αυτούς.

108 4007 201 4103 αυτής
213 3998 249 4067 ού
260 3999 342 4093 λήψη
355 3999 550 4087 ἀποκαλύψαι
561 4003 615 4088 τήν
624 4002 715 4090 ἀσχη-
744 4003 822 4085 ἀγιυι
841 4007 955 4082 ἔσεσθε,
980 4000 1026 4070 ὅτι
1045 4001 1129 4085 ἀγιος
1145 4008 1203 4087 ἐγώ
1221 4007 1349 4098 κύρισςὸ

106 4084 357 4169 μοσυνηναύτῶν,
380 4091 483 4152 οἰκεῖαι
498 4089 539 4165 γά
570 4114 622 4155 σου
635 4094 712 4154 εἰσίν.
743 4088 813 4167 θεὸς
832 4086 919 4172 ὑμῶν.
954 4091 1105 4166 3ἕκαστος
1119 4097 1236 4179 πατέρα
1254 4093 1350 4159 αὐτού

107 4165 240 4255 ἀσέβημά
257 4171 328 4235 ἐστι.
353 4171 382 4211 ¹⁸
394 4181 519 4247 γυναῖκα
537 4114 581 4235 ἀπ’
601 4170 713 4264 ἀδελφῇ
743 4176 922 4259 καὶμητέρα
941 4170 1037 4239 αὐτοῦ
1048 4179 1216 4265 φοβείσθω,
1240 4178 1292 4241 καί
1309 4173 1349 4242 τά

106 4249 199 4335 αὐτῆς
211 4249 247 4317 ού
259 4249 343 4347 λη’ψη
356 4251 507 4337 ἀντιῖήλσν
517 4251 713 4337 ἀποκαλύψαι
743 4252 877 4344 σάββατά
893 4283 950 4338 μου
968 4255 1148 4340 φυλάξεσθε,
1173 4258 1231 4335 ἐγὼ
1249 4255 1348 4345 κύριος

107 4333 160 4436 τήν
173 4331 372 4438 ἀσχημοσύνην
387 4334 479 4420 αὐτῆς
492 4333 536 4401 ἐπ’
552 4335 645 4431 αὐτῇ,
671 4340 713 4403 ἔτι
743 4336 760 4402 ὁ
778 4339 847 4416 θεὸς
861 4337 949 4424 ύμῶν.
989 4341 1004 4383 ⁴
1020 4339 1075 4405 ούκ
1093 4339 1349 4425 ἕπακολουθήσετε

103 4423 198 4503 ζωσης
217 4422 316 4503 αυτής.
342 4421 371 4462 ¹⁹
383 4421 434 4486 καί
453 4417 530 4507 πρὸς
546 4432 671 4498 γυναῖκα
684 4424 714 4486 ἐν
743 4419 888 4502 είθιύλοις,
925 4427 977 4489 καί
1005 4421 1096 4496 θεούς
1124 4422 1283 4505 χωνευτοὺς
1312 4418 1348 4515 ρίν

843 4531 846 4538 ·
1032 4529 1036 4536 ·
1204 4530 1206 4534 ¹
1260 4525 1346 4574 ποιη-
