2924 4972
221 204 587 271 ΜΑΚΚΑΒΑΙΩΝ
613 208 821 270 ΠΡΩΤΟΣ
857 210 934 282 Κεφ.
948 200 995 282 ιγ’.
1010 200 1061 269 ιδ’.
1075 205 1122 272 13.
1138 201 1187 270 14.
1268 209 1335 276 983

113 298 1335 321 -.-.-..-...-.—....-.-.-—-........

96 326 128 367 ⁴⁷
141 328 192 391 καί
210 327 356 412 συνελύθη
378 336 484 411 Σίμων
503 334 621 409 αὐτοῖς,
647 337 699 399 καί
734 337 811 397 ἔθνει
825 329 930 404 αὐτοῦ,
947 333 997 394 καί
1015 328 1112 412 ήρισεν
1133 328 1234 402 αὐτοῖς
1253 325 1270 411 ή
1291 330 1336 402 ἐξ·

96 408 152 474 ούκ
165 410 342 494 ἐπολέμησεν
353 410 477 490 αύτούς.
501 419 552 481 καί
564 416 698 503 ἐξέβαλεν
735 419 823 480 ουσία
836 412 934 477 αὐτοῦ
945 412 996 476 καί
1009 411 1026 495 ή
1045 405 1118 486 δόξα
1132 409 1227 476 αύτού
1239 407 1338 485 πάσας

95 489 207 566 αὐτοὺς
220 496 251 556 ἐκ
266 500 318 577 τῆς
331 492 456 599 πόλξως,
476 502 527 565 καί
539 495 699 585 ἐκαθάρισε
735 496 789 572 τόις
813 495 930 581 ἡμέρας.
963 497 1043 558 ὅκαί
1066 490 1140 574 μετὰ
1163 491 1260 578 πάσης
1285 498 1337 576 τῆς

99 574 153 650 τὰς
166 582 259 651 οίκίας
277 580 309 640 ἐν
325 577 372 653 αίς
389 604 425 663 ην
443 581 483 647 τὰ
503 583 624 658 εἴδωλα,
649 583 700 646 καί
735 576 821 663 δόξης
847 579 942 643 αὐτού
963 577 1054 663 ἔλαβε
1076 575 1131 658 τήν
1147 572 1275 657 Ἰόππην
1298 581 1337 651 είς

96 656 194 731 οὕτως
212 659 342 742 &ww
360 665 399 735 kk
423 662 517 748 αὐτήν
535 662 632 747 όμνῶν
649 666 699 728 καί
735 664 847 745 λιμένα,
859 664 910 725 καί
923 665 1061 743 ἐποίησεν
1079 657 1189 732 είςοδον
1208 668 1274 731 ταῖς
1287 655 1337 739 νή-

97 739 235 817 ἐῦδθῖῶί·
273 742 306 784 ⁴⁸
318 745 369 807 καί
394 748 528 832 ἐξέβαλεν
553 749 584 823 ἐξ
609 745 699 830 αύτής
737 770 799 820 σοις
820 746 873 829 τής
892 741 1058 825 θαλάσσης.
1093 742 1174 805 6καί
1193 736 1338 804 ἐπλάτυνε

95 827 199 890 πᾶσαν
224 823 433 910 ἀκαθαρσίαν,
460 833 511 894 καί
536 828 699 912 κατῴκισεν
737 826 775 891 τὰ
791 827 859 912 όρια
871 831 914 910 τῷ
928 829 1008 890 ἔθνει
1018 824 1123 897 αύτού,
1134 824 1186 887 καί
1197 816 1338 906 ἐκρότησε

98 912 160 977 ἐκεῖ
169 907 280 993 ἄνδρας
303 915 403 985 οἵτινες
423 909 475 976 τὸν
492 908 581 1012 νόμον
592 916 700 976 ποιού-
736 915 788 995 τής
801 913 907 997 χῶρος.
935 910 1004 973 7καί
1016 904 1174 991 συνήγαγεν
1187 904 1338 987 αἰχμαλω-

100 1020 141 1068 σι,
154 995 205 1057 καί
217 993 449 1077 προςωχύρωσεν
462 992 569 1075 αύτην,
594 996 646 1059 καί
657 993 700 1077 q}-
737 998 803 1059 σίαν
814 993 948 1077 πολλήν,
970 995 1022 1058 καί
1033 997 1174 1077 ἐκυρίευσε
1186 993 1336 1077 Γαζαρῶν

99 1072 262 1159 κοδόμησεν
287 1078 385 1156 ἐαυτῷ
416 1080 448 1141 ἐν
473 1077 550 1142 αύτ”
577 1079 698 1160 οἴκησιν.
737 1078 789 1140 καί
801 1072 1006 1160 Βαιθσούρων
1026 1077 1076 1140 καί
1093 1080 1146 1160 τής
1158 1073 1261 1159 ἔκρας.
1286 1080 1337 1140 καί

98 1159 132 1201 ⁴⁹
145 1163 174 1221 οῖ
191 1158 223 1222 δέ
240 1161 272 1222 ἐκ
289 1163 342 1244 τής
359 1159 452 1241 ἄκρας
470 1101 699 1244 ἐνὙέρουσαλήμ
737 1161 819 1263 ἐξῆρε
831 1158 885 1234 τός
898 1156 1087 1242 ἀκαθαρσίας
1106 1161 1137 1233 ἐξ
1150 1154 1258 1240 αὐτῆς,
1287 1159 1337 1239 καί

99 1237 265 1304 ἐκωλύοντο
291 1238 501 1327 ἐκπορεύεσθαι
526 1245 577 1308 καί
600 1247 699 1316 ελςπο-
736 1267 790 1306 ουκ
802 1231 839 1326 ἦν
851 1239 870 1308 ό
883 1240 1076 1323 ἀντικείμενος
1088 1238 1180 1323 αύτῷ.
1206 1241 1222 1282 ⁸
1235 1242 1287 1305 καί
1302 1240 1337 1324 ή-

98 1319 236 1405 ρεύεσθαι
250 1328 289 1398 είς
303 1324 355 1407 τήν
371 1323 488 1410 χῶραν,
514 1327 565 1390 καί
582 1320 699 1410 ἀγοραί·
736 1350 792 1391 σαν
809 1328 1004 1411 γεωργοῦντες
1022 1323 1075 1407 τήν
1085 1328 1140 1406 γήν
1156 1320 1257 1387 αὐτῶν
1276 1319 1333 1405 μετ’

98 1410 153 1482 ζειν
170 1408 221 1468 καί
238 1408 361 1482 πωλεῖν,
387 1410 438 1472 καί
458 1411 612 1474 ἐπείνασαν
625 1403 698 1489 σφό-
736 1403 856 1512 ελρήνης,
865 1408 917 1472 καί
929 1404 946 1489 ή
958 1411 996 1489 γή
1009 1406 1105 1472 ἐδίδου
1120 1403 1159 1471 τόι
1170 1401 1335 1488 γεννήματα

98 1491 169 1572 δρα,
195 1492 246 1553 καί
264 1485 424 1556 ἀπώλοντο
444 1492 475 1567 ἐξ
488 1489 590 1557 αύτῶν
603 1492 700 1555 ἱκανοί
737 1495 844 1575 αυτής,
870 1492 921 1554 καί
937 1488 976 1554 τὰ
994 1487 1069 1565 ξύλα
1082 1493 1143 1552 τῶν
1159 1489 1269 1553 πεδίων
1283 1487 1336 1553 τόν

97 1576 135 1664 τῇ
148 1571 231 1654 λιμῶ.
258 1573 289 1618 ⁵⁰
302 1575 353 1637 καί
365 1570 494 1659 ἐβόησαν
506 1573 583 1660 πρὸς
596 1579 699 1657 Σίμω-
736 1571 852 1658 καρπόν
865 1569 973 1646 αὐτῶν.
997 1570 1216 1674 9πρεσβύτεροι
1228 1575 1258 1636 ἐν
1271 1582 1336 1645 ταῖς

97 1679 134 1719 να
148 1652 240 1730 δεξιός
258 1655 371 1742 λαβεῖν,
397 1659 448 1720 καί
465 1658 570 1723 ἔδωκεν
587 1655 698 1732 αὐτοῖς,
736 1656 886 1731 πλατείαις
898 1655 1048 1736 ἐκάθηντο,
1058 1678 1166 1729 παντες
1177 1655 1245 1738 περί
1259 1651 1336 1730 ἀγα-

98 1740 149 1802 καί
162 1738 295 1822 ἐξέβαλεν
308 1737 419 1813 αύτούς
431 1744 550 1815 ἐκεῖθεν,
564 1742 614 1805 καί
628 1743 698 1804 ἐκα-
736 1743 802 1804 θῶν
815 1738 1064 1816 ἐκοινολογούντο,
1090 1740 1140 1803 καὶ
1151 1741 1182 1801 oz
1193 1742 1336 1802 νεανίσκοι

98 1817 207 1905 θύρισε
224 1820 277 1904 τήν
296 1819 392 1904 ἔκραν
410 1819 473 1887 ἆπό
491 1828 551 1888 τῶν
569 1819 697 1906 μιασμό-
736 1819 908 1888 ἔνεδύσαντο
921 1819 1009 1897 δόξας
1018 1822 1068 1884 καί
1077 1818 1186 1894 στολὰς
1194 1819 1335 1900 πολέμου.

97 1929 166 1968 των.
192 1904 274 1969 51καί
287 1906 414 1988 είςηλθεν
425 1911 465 1980 είς
478 1904 571 1989 αύτήν
583 1910 621 1997 τῇ
634 1910 696 1990 τρί·
736 1909 764 1950 ¹⁰
782 1916 848 1980 ταῖς
864 1899 985 1969 πόλεσιν
1007 1902 1164 1988 ἐχορήγησε
1179 1897 1337 1988 βρῶματα,

97 2012 134 2076 τη
152 1988 203 2051 καί
223 1984 315 2053 είκοίδι
333 1992 389 2053 τοῦ
407 1989 543 2075 δευτέρου
560 1986 650 2074 μηνός
665 1993 697 2053 ἔ-
735 1990 786 2053 καί
797 1988 897 2063 ἔταξεν
916 1985 1010 2061 αύτδς
1028 1990 1060 2051 ἐν
1078 1981 1205 2053 σκεύεσιν
1223 1980 1336 2069 ὀχυρῶ-

97 2093 165 2143 τους
178 2069 240 2144 ἐνὸς
259 2075 310 2136 καί
325 2072 546 2156 ἐβδομηκοστού
565 2074 616 2137 καί
628 2073 697 2137 ἑκα-
735 2095 816 2146 σεως,
836 2075 891 2145 ἔως
903 2067 976 2135 ὅτου
997 2065 1163 2152 ῶνομοίσθη
1184 2066 1219 2132 τό
1242 2067 1337 2149 ὄνομα

98 2155 209 2216 τοστού
224 2150 298 2232 μετόν
315 2157 451 2228 αἰνέσεως
469 2159 519 2220 καί
535 2157 630 2241 βαίων
645 2156 698 2220 καί
735 2159 786 2237 τής
798 2149 886 2237 δόξης
905 2152 1001 2220 αύτού
1018 2157 1073 2227 ἔως
1092 2150 1189 2237 ι’ίκρου
1206 2155 1258 2232 τῆς
1273 2155 1336 2232 γής.

97 2237 128 2311 ἐν
141 2229 327 2315 κινύραιςκαί
336 2231 529 2320 ἐνκυμβόλοις
539 2240 590 2301 καί
600 2241 632 2300 ἐν
643 2231 698 2302 νύ·
735 2239 758 2276 ¹¹
771 2239 891 2318 ἐποίησε
903 2235 957 2319 τήν
969 2240 1010 2337 είρ
1020 2230 1081 2315 ’νην
1091 2236 1141 2298 ἐπί
1152 2237 1205 2316 τῆς
1216 2237 1280 2316 γῆς,
1286 2233 1338 2296 καί

96 2315 181 2401 βλαις
194 2318 244 2378 καί
254 2319 285 2379 ἐν
305 2312 404 2396 ύμνοις
417 2318 470 2380 καί
484 2319 515 2382 ἐν
529 2315 629 2392 ῶδαῖς,
650 2314 697 2382 δ’τι
736 2312 891 2402 εύφροίνθη
906 2262 1030 2400 Ἰσραηλ
1048 2311 1230 2397 εὐφροσύνην
1246 2310 1337 2393 μεγαί-

98 2401 248 2483 συνετρίβη
272 2397 381 2482 ἐχθρὸς
406 2401 496 2482 μέγας
522 2383 552 2475 ἐξ
567 2397 696 2483 Ἰσραήλ.
734 2397 799 2483 λην.
823 2399 849 2439 ¹²
861 2400 912 2463 καί
923 2393 1060 2462 ἐκάθισεν
1072 2400 1196 2468 ἔκαστος
1208 2391 1270 2459 ὑπὸ
1284 2394 1337 2480 τήν

97 2483 126 2523 ⁵²
140 2482 191 2545 καί
205 2485 307 2564 ἔστησε
321 2479 385 2546 κατ’
403 2482 535 2547 ἐνιαυτὸν
550 2482 605 2548 τοῦ
619 2480 697 2584 ἄγειν
735 2480 867 2563 ἄμπελον
880 2479 979 2545 αύτού
989 2485 1040 2546 καὶ
1054 2477 1107 2561 τήν
1121 2483 1211 2560 συκήν
1232 2476 1337 2550 αύτού,

97 2563 150 2647 τήν
170 2560 278 2649 ήμέραν
297 2560 410 2648 ταύτην
431 2567 488 2672 μετ’
517 2563 697 2648 εύιγροσυνης
734 2566 786 2628 καί
798 2561 854 2630 ούκ
867 2551 931 2648 ήνδ
951 2565 1086 2649 ἐκφοβῶν
1100 2558 1219 2636 αύτούς.
1246 2562 1272 2603 ¹³
1286 2563 1336 2625 καί

96 2648 147 2712 καί
159 2643 648 2733 προςωχύρωσετόοροςτούίεροῦ
661 2646 696 2712 τό
735 2647 861 2724 ἐξέλυπεν
882 2642 900 2711 ό
924 2641 1195 2728 πολεμῶνάύτούς
1214 2644 1264 2707 ἐπὶ
1287 2647 1337 2727 τῆς

96 2728 181 2813 παρὰ
198 2728 250 2813 τήν
265 2730 372 2815 ἔκραν,
395 2733 447 2796 καὶ
460 2731 528 2814 ῶκει
538 2735 597 2797 ἐκεῖ
604 2729 697 2806 αὐτός
734 2735 803 2814 γῆς,
828 2731 880 2794 καί
891 2733 920 2793 οῖ
935 2728 1063 2815 βασιλεῖς
1082 2730 1293 2813 συνετρίβησαν
1306 2730 1337 2790 ἐν

96 2813 147 2876 καί
161 2816 191 2876 οί
203 2811 274 2898 παρ’
291 2811 394 2879 αύτοῦ.
421 2815 450 2857 ⁶³
458 2819 508 2880 καί
528 2812 583 2879 εἶδε
595 2820 697 2918 Σήιων
736 2824 800 2888 ταῖς
811 2809 931 2899 ήμέραις
944 2816 1069 2886 ἐκείναις.
1101 2803 1336 2895 14καίέοτήρισε

96 2892 148 2960 τόν
157 2890 299 2979 Ἰωοίννην
313 2894 377 2960 υίὸν
390 2895 499 2974 αὐτοῦ,
519 2893 564 2963 ότι
578 2897 653 2984 ἀνηρ
666 2902 697 2963 ἐ-
734 2892 851 2970 πύκτας
864 2893 935 2969 τούς
947 2892 1104 2968 ταπεινούς
1121 2897 1176 2958 τοι]
1187 2893 1266 2959 λαοῦ
1279 2888 1336 2956 αύ-

96 3003 158 3055 στι,
183 2981 233 3043 καί
246 2983 334 3045 ἔθετο
348 2977 443 3045 αὐτόν
461 2978 619 3065 ήγούμενον
636 2981 697 3046 τῶν
736 2983 799 3044 τοῦ.
826 2976 881 3045 τόν
900 2974 992 3062 νόμον
1006 2974 1166 3063 ἐξεζήτησε,
1190 2976 1241 3040 καί
1253 2977 1336 3082 ἐξῇρε

96 3057 696 3149 δυνοίμεωνπασῶν,καίρίκειένΓαζιίροις.
734 3056 836 3128 πάντα
849 3060 962 3143 όίνομον
974 3066 1023 3127 καί
1040 3053 1180 3143 πονηρόν.
1207 3059 1234 3100 ¹⁵
1247 3057 1286 3122 τό
1300 3085 1334 3123 α-

271 3152 306 3211 K
317 3152 346 3210 Ε
361 3152 399 3210 (ί).
443 3143 511 3212 Μ’.
733 3170 785 3225 για
799 3139 935 3223 ἐδόξατε,
961 3147 1013 3210 καί
1032 3139 1180 3228 ἐπλήθυνε
1197 3138 1237 3205 τὰ
1249 3138 1336 3225 σκεύη

96 3194 180 3292 Καὶ
193 3230 223 3293 ἐν
237 3231 292 3294 ἔτει
310 3231 451 3314 δευτέρῳ,
470 3234 521 3297 καί
534 3231 698 3318 ἓβδομηκο-
734 3233 795 3296 τῶν
809 3225 915 3308 ἁγίων.
942 3229 1026 3294 16καί
1038 3222 1175 3312 ήκούσθη
1187 3229 1218 3291 ἐν
1232 3222 1337 3316 Ρῶμη,

95 3317 174 3395 στῶ,
200 3314 251 3377 καὶ
269 3315 420 3396 ἑκατοστῷ
433 3310 579 3398 συνήγαγε
592 3310 695 3400 Δημή-
734 3310 782 3378 δτι
794 3303 1337 3411 ἆπέθανεν’1ωνόθαν,καίἐωςΣπύρ·

95 3419 176 3480 τριος
188 3391 206 3459 ὃ
218 3396 353 3482 βασιλεὺς
370 3396 423 3471 τὰς
443 3394 577 3481 δυνάμεις
589 3397 696 3472 αύτού,
734 3421 802 3498 της,
820 3397 872 3460 καί
888 3391 1084 3477 ἐλυπήθησαν
1097 3386 1224 3472 σφόδρα.
1256 3390 1283 3431 ¹⁷
1296 3416 1337 3465 αις

95 3481 146 3542 καί
168 3474 319 3562 ἐπορεύθη
341 3483 379 3552 είς
401 3475 538 3562 Μήδειαν
555 3485 611 3545 τού
631 3484 696 3545 ἐπι-
733 3475 923 3561 διήκουσαν,
937 3471 1095 3558 ὅτιΣίμων
1108 3468 1125 3537 ὁ
1139 3468 1336 3549 όδελφόςαδ-

96 3557 273 3625 σποίσασθαι
285 3555 427 3645 βοήθειαν
435 3559 529 3643 αὐτῷ,
544 3557 625 3636 ὅπως
637 3588 695 3626 πσ-
734 3563 791 3625 τοῦ
802 3560 921 3636 γέγονεν
933 3554 994 3625 ἀντ’
1010 3553 1105 3621 αὐτοῦ
1119 3550 1276 3638 όρχιερεύς,
1286 3553 1337 3617 καί

95 3636 204 3734 λεμήση
221 3641 274 3705 τὸν
289 3639 446 3725 Τρύφωνα.
476 3644 555 3708 2καί
574 3641 696 3727 ήκουσεν
733 3645 885 3728 ἐπικρατεῖ
897 3644 951 3724 τῆς
967 3636 1065 3724 χώρας
1081 3639 1133 3703 καί
1144 3640 1206 3702 τῶν
1218 3630 1335 3701 πόλεων

93 3720 265 3807 Ἀρσάκηςό
278 3722 414 3811 βασιλεύς
425 3728 478 3809 τῆς
488 3726 635 3812 Περσίδος
647 3728 697 3790 καί
733 3729 793 3790 τῶν
805 3727 836 3790 ἐν
848 3720 937 3796 αὖτ’,
960 3724 989 3765 ¹⁸
1000 3727 1140 3806 ἔγραψαν
1151 3715 1228 3805 πρός
1241 3714 1336 3784 αὐτόν

95 3809 240 3892 Μηδείας,
259 3804 305 3873 ότι
318 3797 394 3892 ήλθε
414 3805 582 3895 Δημήτριος
601 3813 640 3885 είς
659 3807 697 3873 τὰ
733 3808 847 3882 δελτοις
871 3749 995 3892 χαλκαῖς
1019 3807 1074 3871 τοῦ
1103 3797 1336 3869 ἀνανεώσασθαι

96 3886 166 3977 όρια
179 3890 289 3967 αὐτοῦ,
315 3893 366 3955 καί
383 3889 552 3958 ἐπέστειλεν
568 3896 619 3957 ἕνα
638 3895 698 3956 τῶν
733 3888 810 3977 πρὸς
823 3887 916 3955 αύτδν
928 3887 1083 3970 φιλίανκαί
1096 3885 1151 3971 τήν
1164 3891 1336 3971 συμμαχίαν,

95 3971 246 4060 ἀρχόντων
255 3971 351 4040 αὐτοῦ
362 3973 515 4061 συλλαβεῖν
525 3974 618 4043 αὐτόν
625 3977 696 4053 ζῶν·
733 3970 769 4060 ἣν
788 3977 917 4079 ἔστησαν
931 3969 1008 4055 πρός
1022 3967 1143 4037 Ἰούδαν
1164 3970 1216 4035 καί
1230 3965 1337 4038 Ἰωνό-

94 4081 143 4120 τα.
169 4059 247 4123 3καί
263 4052 413 4144 ἐπορεύθη
430 4061 482 4125 καί
500 4058 629 4136 ἐπάταξε
645 4057 698 4143 τήν
735 4067 798 4124 θαν
807 4083 876 4132 τους
894 4051 1044 4135 ἀδελφούς
1063 4052 1168 4120 αὐτού.
1182 4054 1267 4116 19καί
1281 4051 1336 4117 ύν-

94 4141 280 4248 παρεμβολήν
289 4145 469 4226 Δημητρίου,
483 4144 534 4209 καί
546 4143 699 4228 συνέλαβεν
736 4137 929 4225 εγνιόσθησαν
961 4133 1089 4204 ἐνῶπιον
1110 4141 1163 4220 της
1181 4136 1337 4238 ἐκκλησίας

94 4217 201 4296 αὐτόν,
212 4249 263 4287 και
277 4223 383 4308 ήγαγεν
396 4223 490 4291 αὐτόν
503 4222 579 4313 πρὸς
588 4219 698 4307 Ἀρσιί-
736 4227 768 4293 ἐν
780 4219 983 4311 Ἰερουσαλήμ.
1010 4222 1041 4269 ¹⁰
1053 4221 1105 4289 καλ
1121 4222 1215 4285 τούτο
1233 4242 1269 4282 το
1282 4214 1336 4281 σἰν-

93 4327 157 4387 κην,
170 4305 221 4369 καί
232 4307 318 4371 ἔθετο
330 4306 421 4374 αὐτὸν
433 4312 464 4374 ἐν
475 4308 602 4412 ρυλακή.
623 4307 698 4373 4καί
736 4313 882 4395 τίγραφον
894 4309 956 4372 τῶν
968 4301 1133 4371 ἐπιστολῶν
1146 4294 1188 4367 ῶν
1199 4298 1336 4366 ἀπίστει-

93 4384 239 4473 ήούχασεν
251 4385 269 4473 ή
283 4393 321 4471 γῆ
333 4388 437 4493 Ἰούδα
444 4417 546 4470 πασας
558 4416 613 4466 τας
626 4390 697 4475 ἢμέ-
735 4390 790 4457 λαν
801 4395 832 4457 σί
843 4388 1043 4476 Σπαρτιάται.
1070 4387 1272 4470 Σπαρτιατῶν
1284 4380 1336 4482 ἔρ·

93 4496 148 4556 ρας
159 4477 309 4552 Σίμωνος,
323 4473 373 4537 καί
386 4475 522 4562 ἔξητησεν
535 4472 641 4555 ἀγαθὰ
655 4500 697 4559 τῳ
734 4499 833 4560 χοντες
846 4475 897 4539 καί
909 4471 927 4558 ἡ
940 4468 1027 4546 πόλις
1040 4475 1153 4552 Σίμωνι
1167 4470 1237 4552 ἱερεῖ
1245 4490 1336 4610 μεγλα-

1309 4576 1335 4612 ω
