<?xml version="1.0" encoding="UTF-8"?>
<!DOCTYPE html PUBLIC "-//W3C//DTD XHTML 1.0 Transitional//EN"
    "http://www.w3.org/TR/xhtml1/DTD/xhtml1-transitional.dtd">
<html xmlns="http://www.w3.org/1999/xhtml" xml:lang="en" lang="en">
 <head>
  <title>
</title>
<meta http-equiv="Content-Type" content="text/html;charset=utf-8" />
  <meta name='ocr-system' content='tesseract 3.04.00' />
  <meta name='ocr-capabilities' content='ocr_page ocr_carea ocr_par ocr_line ocrx_word'/>
</head>
<body>
  <div class='ocr_page' id='page_1' title='image "./vetustestamentu00essgoog_0079.png"; bbox 0 0 2924 4972; ppageno 0'>
   <div class='ocr_carea' id='block_1_1' title="bbox 392 158 1304 244">
    <p class='ocr_par' dir='ltr' id='par_1_1' title="bbox 392 158 1304 244">
     <span class='ocr_line' id='line_1_1' title="bbox 392 158 1304 244; baseline 0.001 -15"><span class='ocrx_word' id='word_1_1' title='bbox 392 170 423 229; x_wconf 82' lang='grc' dir='ltr'><em>Ε</em></span> <span class='ocrx_word' id='word_1_2' title='bbox 432 164 460 232; x_wconf 86' lang='grc' dir='ltr'><em>Ξ</em></span> <span class='ocrx_word' id='word_1_3' title='bbox 469 168 496 229; x_wconf 91' lang='grc'><em>0</em></span> <span class='ocrx_word' id='word_1_4' title='bbox 507 169 577 229; x_wconf 85' lang='grc' dir='ltr'><strong><em>ΔὈ</em></strong></span> <span class='ocrx_word' id='word_1_5' title='bbox 588 170 621 230; x_wconf 81' lang='grc' dir='ltr'><strong><em>Σ</em></strong></span> <span class='ocrx_word' id='word_1_6' title='bbox 658 168 736 244; x_wconf 72' lang='grc' dir='ltr'><strong><em>Κεφ.</em></strong></span> <span class='ocrx_word' id='word_1_7' title='bbox 748 159 792 230; x_wconf 80' lang='grc' dir='ltr'><strong><em>ιε’.</em></strong></span> <span class='ocrx_word' id='word_1_8' title='bbox 805 158 851 240; x_wconf 83' lang='grc' dir='ltr'><strong><em>ις’.</em></strong></span> <span class='ocrx_word' id='word_1_9' title='bbox 868 165 917 230; x_wconf 84' lang='grc'><strong><em>15.</em></strong></span> <span class='ocrx_word' id='word_1_10' title='bbox 934 163 982 230; x_wconf 82' lang='grc'><strong><em>16.</em></strong></span> <span class='ocrx_word' id='word_1_11' title='bbox 1266 165 1304 230; x_wconf 83' lang='grc' dir='ltr'><strong><em>’ίί</em></strong></span> 
     </span>
    </p>
   </div>
   <div class='ocr_carea' id='block_1_2' title="bbox 58 272 1333 2952">
    <p class='ocr_par' dir='ltr' id='par_1_2' title="bbox 58 272 1312 1856">
     <span class='ocr_line' id='line_1_2' title="bbox 64 272 1310 364; baseline 0.002 -22"><span class='ocrx_word' id='word_1_12' title='bbox 64 273 163 360; x_wconf 75' lang='grc' dir='ltr'><strong><em>ἐπάγη</em></strong></span> <span class='ocrx_word' id='word_1_13' title='bbox 175 274 214 342; x_wconf 84' lang='grc' dir='ltr'><strong><em>τά</em></strong></span> <span class='ocrx_word' id='word_1_14' title='bbox 231 272 348 360; x_wconf 89' lang='grc' dir='ltr'><strong><em>κύματα</em></strong></span> <span class='ocrx_word' id='word_1_15' title='bbox 359 279 479 361; x_wconf 76' lang='grc' dir='ltr'><strong><em>ἐνμέσῳ</em></strong></span> <span class='ocrx_word' id='word_1_16' title='bbox 490 281 543 359; x_wconf 79' lang='grc' dir='ltr'><strong><em>της</em></strong></span> <span class='ocrx_word' id='word_1_17' title='bbox 553 277 673 345; x_wconf 86' lang='grc' dir='ltr'><strong><em>θολαο-</em></strong></span> <span class='ocrx_word' id='word_1_18' title='bbox 704 303 765 353; x_wconf 90' lang='grc' dir='ltr'><strong><em>νον,</em></strong></span> <span class='ocrx_word' id='word_1_19' title='bbox 778 284 901 364; x_wconf 86' lang='grc' dir='ltr'><strong><em>Πικρία.</em></strong></span> <span class='ocrx_word' id='word_1_20' title='bbox 921 278 1011 344; x_wconf 69' lang='grc' dir='ltr'><strong><em>24καί</em></strong></span> <span class='ocrx_word' id='word_1_21' title='bbox 1021 279 1195 359; x_wconf 74' lang='grc' dir='ltr'><strong><em>διεγογγυζεν</em></strong></span> <span class='ocrx_word' id='word_1_22' title='bbox 1206 277 1225 345; x_wconf 90' lang='lat'>5</span> <span class='ocrx_word' id='word_1_23' title='bbox 1238 280 1310 358; x_wconf 86' lang='grc' dir='ltr'><strong><em>λαὸς</em></strong></span> 
     </span>
     <span class='ocr_line' id='line_1_3' title="bbox 63 356 1309 465; baseline 0.002 -38"><span class='ocrx_word' id='word_1_24' title='bbox 63 387 124 465; x_wconf 85' lang='grc' dir='ltr'><strong><em>σης.</em></strong></span> <span class='ocrx_word' id='word_1_25' title='bbox 152 356 258 427; x_wconf 65' lang='grc' dir='ltr'><strong><em>ἐἰσιν</em></strong></span> <span class='ocrx_word' id='word_1_26' title='bbox 276 356 295 424; x_wconf 97' lang='lat'>5</span> <span class='ocrx_word' id='word_1_27' title='bbox 313 364 370 446; x_wconf 75' lang='grc' dir='ltr'><strong><em>ἰχθ</em></strong></span> <span class='ocrx_word' id='word_1_28' title='bbox 394 361 436 436; x_wconf 83' lang='grc' dir='ltr'><strong><em>“ς,</em></strong></span> <span class='ocrx_word' id='word_1_29' title='bbox 460 356 568 438; x_wconf 74' lang='grc' dir='ltr'><strong><em>διώξας</em></strong></span> <span class='ocrx_word' id='word_1_30' title='bbox 579 385 673 427; x_wconf 88' lang='grc' dir='ltr'><strong><em>κατα-</em></strong></span> <span class='ocrx_word' id='word_1_31' title='bbox 703 362 753 427; x_wconf 84' lang='grc' dir='ltr'><strong><em>ἰπί</em></strong></span> <span class='ocrx_word' id='word_1_32' title='bbox 771 365 911 462; x_wconf 73' lang='grc' dir='ltr'><strong><em>Μωυση,</em></strong></span> <span class='ocrx_word' id='word_1_33' title='bbox 935 361 1075 440; x_wconf 75' lang='grc' dir='ltr'><strong><em>λέγοντες</em></strong></span> <span class='ocrx_word' id='word_1_34' title='bbox 1107 369 1138 429; x_wconf 87' lang='grc' dir='ltr'><strong><em>τί</em></strong></span> <span class='ocrx_word' id='word_1_35' title='bbox 1159 359 1309 447; x_wconf 82' lang='grc' dir='ltr'><strong><em>πιόμιθα,Ι</em></strong></span> 
     </span>
     <span class='ocr_line' id='line_1_4' title="bbox 61 439 1310 549; baseline 0.003 -40"><span class='ocrx_word' id='word_1_36' title='bbox 61 444 372 529; x_wconf 78' lang='grc' dir='ltr'><strong><em>ληψομαι,μεριῶσκῦ</em></strong></span> <span class='ocrx_word' id='word_1_37' title='bbox 411 439 674 549; x_wconf 69' lang='grc' dir='ltr'><strong><em>,ἰμπληοωιςυρην</em></strong></span> <span class='ocrx_word' id='word_1_38' title='bbox 702 445 732 489; x_wconf 77' lang='lat'><strong><em>²⁸</em></strong></span> <span class='ocrx_word' id='word_1_39' title='bbox 783 440 1037 530; x_wconf 79' lang='grc' dir='ltr'><strong><em>ἠσεδεΜωυαῆς</em></strong></span> <span class='ocrx_word' id='word_1_40' title='bbox 1048 444 1126 531; x_wconf 88' lang='grc' dir='ltr'><strong><em>πρὸς</em></strong></span> <span class='ocrx_word' id='word_1_41' title='bbox 1137 440 1245 532; x_wconf 89' lang='grc' dir='ltr'><strong><em>κύριον.</em></strong></span> <span class='ocrx_word' id='word_1_42' title='bbox 1258 449 1310 513; x_wconf 86' lang='grc' dir='ltr'><strong><em>καί</em></strong></span> 
     </span>
     <span class='ocr_line' id='line_1_5' title="bbox 58 523 1310 654; baseline 0.003 -64"><span class='ocrx_word' id='word_1_43' title='bbox 58 553 135 610; x_wconf 81' lang='grc' dir='ltr'><strong><em>μου,</em></strong></span> <span class='ocrx_word' id='word_1_44' title='bbox 154 524 298 654; x_wconf 64' lang='grc' dir='ltr'><strong><em>ἄνελυίτβ</em></strong></span> <span class='ocrx_word' id='word_1_45' title='bbox 309 534 438 620; x_wconf 74' lang='grc' dir='ltr'><strong><em>μαχαίρη</em></strong></span> <span class='ocrx_word' id='word_1_46' title='bbox 448 553 520 610; x_wconf 91' lang='grc' dir='ltr'><strong><em>μου,</em></strong></span> <span class='ocrx_word' id='word_1_47' title='bbox 537 552 672 612; x_wconf 87' lang='grc' dir='ltr'><strong><em>κυριευσει</em></strong></span> <span class='ocrx_word' id='word_1_48' title='bbox 702 529 746 593; x_wconf 82' lang='grc' dir='ltr'><strong><em>ἰδε</em></strong></span> <span class='ocrx_word' id='word_1_49' title='bbox 786 526 900 611; x_wconf 75' lang='grc' dir='ltr'><strong><em>ναύτῷ</em></strong></span> <span class='ocrx_word' id='word_1_50' title='bbox 911 523 1012 614; x_wconf 87' lang='grc' dir='ltr'><strong><em>κύριος</em></strong></span> <span class='ocrx_word' id='word_1_51' title='bbox 1024 525 1127 606; x_wconf 81' lang='grc' dir='ltr'><strong><em>ξύλον,</em></strong></span> <span class='ocrx_word' id='word_1_52' title='bbox 1148 532 1310 616; x_wconf 81' lang='grc' dir='ltr'><strong><em>καίἰνέβο-</em></strong></span> 
     </span>
     <span class='ocr_line' id='line_1_6' title="bbox 62 605 1309 698; baseline 0.004 -26"><span class='ocrx_word' id='word_1_53' title='bbox 62 609 80 694; x_wconf 76' lang='grc' dir='ltr'><strong><em>η</em></strong></span> <span class='ocrx_word' id='word_1_54' title='bbox 97 615 159 695; x_wconf 80' lang='grc' dir='ltr'><strong><em>χείρ</em></strong></span> <span class='ocrx_word' id='word_1_55' title='bbox 177 635 242 692; x_wconf 90' lang='grc' dir='ltr'><strong><em>μου.</em></strong></span> <span class='ocrx_word' id='word_1_56' title='bbox 287 608 491 688; x_wconf 76' lang='grc' dir='ltr'><strong><em>0υἰπείττειλας</em></strong></span> <span class='ocrx_word' id='word_1_57' title='bbox 506 608 543 675; x_wconf 88' lang='grc' dir='ltr'><strong><em>τὸ</em></strong></span> <span class='ocrx_word' id='word_1_58' title='bbox 560 605 672 692; x_wconf 80' lang='grc' dir='ltr'><strong><em>πνεῦμά</em></strong></span> <span class='ocrx_word' id='word_1_59' title='bbox 703 609 749 675; x_wconf 70' lang='grc' dir='ltr'><strong><em>λιν</em></strong></span> <span class='ocrx_word' id='word_1_60' title='bbox 761 610 836 676; x_wconf 85' lang='grc' dir='ltr'><strong><em>αότό</em></strong></span> <span class='ocrx_word' id='word_1_61' title='bbox 854 616 894 687; x_wconf 90' lang='grc' dir='ltr'><strong><em>εἰς</em></strong></span> <span class='ocrx_word' id='word_1_62' title='bbox 905 611 941 676; x_wconf 85' lang='grc' dir='ltr'><strong><em>τό</em></strong></span> <span class='ocrx_word' id='word_1_63' title='bbox 960 608 1057 698; x_wconf 71' lang='grc' dir='ltr'><strong><em>ὕδωρ,</em></strong></span> <span class='ocrx_word' id='word_1_64' title='bbox 1079 614 1131 677; x_wconf 90' lang='grc' dir='ltr'><strong><em>καί</em></strong></span> <span class='ocrx_word' id='word_1_65' title='bbox 1142 607 1309 696; x_wconf 81' lang='grc' dir='ltr'><strong><em>ἰγλιαάνθη</em></strong></span> 
     </span>
     <span class='ocr_line' id='line_1_7' title="bbox 62 688 1311 779; baseline 0.003 -21"><span class='ocrx_word' id='word_1_66' title='bbox 62 719 125 758; x_wconf 89' lang='grc' dir='ltr'><strong><em>σου.</em></strong></span> <span class='ocrx_word' id='word_1_67' title='bbox 135 688 281 773; x_wconf 76' lang='grc' dir='ltr'><strong><em>ἐκάλυψεν</em></strong></span> <span class='ocrx_word' id='word_1_68' title='bbox 290 688 555 775; x_wconf 83' lang='grc' dir='ltr'><strong><em>αύτούςθάλαοσα.</em></strong></span> <span class='ocrx_word' id='word_1_69' title='bbox 565 694 673 759; x_wconf 80' lang='grc' dir='ltr'><strong><em>ἰδυσαν</em></strong></span> <span class='ocrx_word' id='word_1_70' title='bbox 703 691 741 756; x_wconf 86' lang='grc' dir='ltr'><strong><em>τό</em></strong></span> <span class='ocrx_word' id='word_1_71' title='bbox 754 691 841 778; x_wconf 72' lang='grc' dir='ltr'><strong><em>ὕδωρ.</em></strong></span> <span class='ocrx_word' id='word_1_72' title='bbox 856 695 917 759; x_wconf 75' lang='grc' dir='ltr'><strong><em>ἰκιί</em></strong></span> <span class='ocrx_word' id='word_1_73' title='bbox 927 696 1015 761; x_wconf 74' lang='grc' dir='ltr'><strong><em>ἔθετο</em></strong></span> <span class='ocrx_word' id='word_1_74' title='bbox 1026 692 1112 778; x_wconf 77' lang='grc' dir='ltr'><strong><em>αότιηῖ</em></strong></span> <span class='ocrx_word' id='word_1_75' title='bbox 1124 690 1311 779; x_wconf 71' lang='grc' dir='ltr'><strong><em>δικαιώματα</em></strong></span> 
     </span>
     <span class='ocr_line' id='line_1_8' title="bbox 62 770 1308 878; baseline 0.002 -39"><span class='ocrx_word' id='word_1_76' title='bbox 62 772 129 851; x_wconf 81' lang='grc' dir='ltr'><strong><em>ὡςεί</em></strong></span> <span class='ocrx_word' id='word_1_77' title='bbox 140 770 266 878; x_wconf 86' lang='grc' dir='ltr'><strong><em>μόλιβος</em></strong></span> <span class='ocrx_word' id='word_1_78' title='bbox 283 779 314 841; x_wconf 83' lang='grc' dir='ltr'><strong><em>ἰν</em></strong></span> <span class='ocrx_word' id='word_1_79' title='bbox 329 773 414 842; x_wconf 82' lang='grc' dir='ltr'><strong><em>ύδατι</em></strong></span> <span class='ocrx_word' id='word_1_80' title='bbox 434 777 564 863; x_wconf 77' lang='grc' dir='ltr'><strong><em>οαοδρῷ.</em></strong></span> <span class='ocrx_word' id='word_1_81' title='bbox 590 779 616 818; x_wconf 85' lang='lat'><strong><em>¹¹</em></strong></span> <span class='ocrx_word' id='word_1_82' title='bbox 627 780 673 850; x_wconf 91' lang='grc' dir='ltr'><strong><em>τίς</em></strong></span> <span class='ocrx_word' id='word_1_83' title='bbox 704 776 755 840; x_wconf 91' lang='grc' dir='ltr'><strong><em>καί</em></strong></span> <span class='ocrx_word' id='word_1_84' title='bbox 772 782 893 861; x_wconf 89' lang='grc' dir='ltr'><strong><em>κρίσεις,</em></strong></span> <span class='ocrx_word' id='word_1_85' title='bbox 916 779 969 843; x_wconf 83' lang='grc' dir='ltr'><strong><em>καί</em></strong></span> <span class='ocrx_word' id='word_1_86' title='bbox 986 780 1046 842; x_wconf 74' lang='grc' dir='ltr'><strong><em>ἐκεί</em></strong></span> <span class='ocrx_word' id='word_1_87' title='bbox 1055 777 1151 843; x_wconf 76' lang='grc' dir='ltr'><strong><em>αὐτόν</em></strong></span> <span class='ocrx_word' id='word_1_88' title='bbox 1164 780 1308 865; x_wconf 84' lang='grc' dir='ltr'><strong><em>ἰπείρασι.</em></strong></span> 
     </span>
     <span class='ocr_line' id='line_1_9' title="bbox 63 854 1310 954; baseline 0.003 -32"><span class='ocrx_word' id='word_1_89' title='bbox 63 855 165 941; x_wconf 81' lang='grc' dir='ltr'><strong><em>ἰύμοιος</em></strong></span> <span class='ocrx_word' id='word_1_90' title='bbox 183 884 232 924; x_wconf 94' lang='grc' dir='ltr'><strong><em>σοι</em></strong></span> <span class='ocrx_word' id='word_1_91' title='bbox 248 861 280 923; x_wconf 84' lang='grc' dir='ltr'><strong><em>ἰν</em></strong></span> <span class='ocrx_word' id='word_1_92' title='bbox 296 870 380 936; x_wconf 81' lang='grc' dir='ltr'><strong><em>θεοῖς</em></strong></span> <span class='ocrx_word' id='word_1_93' title='bbox 395 855 491 945; x_wconf 84' lang='grc' dir='ltr'><strong><em>κύριε,</em></strong></span> <span class='ocrx_word' id='word_1_94' title='bbox 515 866 560 934; x_wconf 88' lang='grc' dir='ltr'><strong><em>τίς</em></strong></span> <span class='ocrx_word' id='word_1_95' title='bbox 572 854 673 941; x_wconf 79' lang='grc' dir='ltr'><strong><em>ὅμοιός</em></strong></span> <span class='ocrx_word' id='word_1_96' title='bbox 703 860 798 923; x_wconf 63' lang='grc' dir='ltr'><strong><em>2ἰνιαί</em></strong></span> <span class='ocrx_word' id='word_1_97' title='bbox 813 856 899 923; x_wconf 70' lang='grc' dir='ltr'><strong><em>εἶπεν.</em></strong></span> <span class='ocrx_word' id='word_1_98' title='bbox 928 858 981 925; x_wconf 80' lang='grc' dir='ltr'><strong><em>ἰάν</em></strong></span> <span class='ocrx_word' id='word_1_99' title='bbox 1005 857 1084 953; x_wconf 74' lang='grc' dir='ltr'><strong><em>ἀκοῇ</em></strong></span> <span class='ocrx_word' id='word_1_100' title='bbox 1108 856 1239 954; x_wconf 73' lang='grc' dir='ltr'><strong><em>ἀκούσης</em></strong></span> <span class='ocrx_word' id='word_1_101' title='bbox 1255 866 1310 947; x_wconf 77' lang='grc' dir='ltr'><strong><em>της</em></strong></span> 
     </span>
     <span class='ocr_line' id='line_1_10' title="bbox 63 941 1309 1044; baseline 0.003 -37"><span class='ocrx_word' id='word_1_102' title='bbox 63 966 109 1007; x_wconf 87' lang='grc' dir='ltr'><strong><em>σοι</em></strong></span> <span class='ocrx_word' id='word_1_103' title='bbox 114 970 126 1018; x_wconf 91' lang='grc'><strong><em>,·</em></strong></span> <span class='ocrx_word' id='word_1_104' title='bbox 150 942 355 1026; x_wconf 80' lang='grc' dir='ltr'><strong><em>διδοξασμίνος</em></strong></span> <span class='ocrx_word' id='word_1_105' title='bbox 370 944 402 1008; x_wconf 87' lang='grc' dir='ltr'><strong><em>ἰν</em></strong></span> <span class='ocrx_word' id='word_1_106' title='bbox 417 941 526 1022; x_wconf 79' lang='grc' dir='ltr'><strong><em>ἁγίοις,</em></strong></span> <span class='ocrx_word' id='word_1_107' title='bbox 550 952 671 1024; x_wconf 83' lang='grc' dir='ltr'><strong><em>θαυμα-</em></strong></span> <span class='ocrx_word' id='word_1_108' title='bbox 703 944 802 1044; x_wconf 75' lang='grc' dir='ltr'><strong><em>ρωνης</em></strong></span> <span class='ocrx_word' id='word_1_109' title='bbox 825 946 928 1026; x_wconf 89' lang='grc' dir='ltr'><strong><em>κυρίου</em></strong></span> <span class='ocrx_word' id='word_1_110' title='bbox 944 947 1001 1009; x_wconf 79' lang='grc' dir='ltr'><strong><em>τοῦ</em></strong></span> <span class='ocrx_word' id='word_1_111' title='bbox 1014 947 1090 1008; x_wconf 81' lang='grc' dir='ltr'><strong><em>θεοῦ</em></strong></span> <span class='ocrx_word' id='word_1_112' title='bbox 1107 970 1177 1021; x_wconf 86' lang='grc' dir='ltr'><strong><em>σου,</em></strong></span> <span class='ocrx_word' id='word_1_113' title='bbox 1199 945 1251 1011; x_wconf 85' lang='grc' dir='ltr'><strong><em>καί</em></strong></span> <span class='ocrx_word' id='word_1_114' title='bbox 1268 946 1309 1010; x_wconf 80' lang='grc' dir='ltr'><strong><em>τιί</em></strong></span> 
     </span>
     <span class='ocr_line' id='line_1_11' title="bbox 62 1019 1310 1121; baseline 0.003 -32"><span class='ocrx_word' id='word_1_115' title='bbox 62 1023 133 1101; x_wconf 88' lang='grc' dir='ltr'><strong><em>στός</em></strong></span> <span class='ocrx_word' id='word_1_116' title='bbox 144 1027 176 1089; x_wconf 82' lang='grc' dir='ltr'><strong><em>ἰν</em></strong></span> <span class='ocrx_word' id='word_1_117' title='bbox 187 1019 298 1105; x_wconf 81' lang='grc' dir='ltr'><strong><em>δόξαις,</em></strong></span> <span class='ocrx_word' id='word_1_118' title='bbox 316 1030 412 1094; x_wconf 74' lang='grc' dir='ltr'><strong><em>ποιῶν</em></strong></span> <span class='ocrx_word' id='word_1_119' title='bbox 423 1029 545 1112; x_wconf 83' lang='grc' dir='ltr'><strong><em>τέρατα.</em></strong></span> <span class='ocrx_word' id='word_1_120' title='bbox 570 1027 598 1068; x_wconf 84' lang='lat'><strong><em>¹²</em></strong></span> <span class='ocrx_word' id='word_1_121' title='bbox 610 1027 672 1103; x_wconf 75' lang='grc' dir='ltr'><strong><em>ἰξί-</em></strong></span> <span class='ocrx_word' id='word_1_122' title='bbox 703 1019 815 1110; x_wconf 78' lang='grc' dir='ltr'><strong><em>αρεστό</em></strong></span> <span class='ocrx_word' id='word_1_123' title='bbox 833 1023 963 1088; x_wconf 82' lang='grc' dir='ltr'><strong><em>ἰναντίον</em></strong></span> <span class='ocrx_word' id='word_1_124' title='bbox 980 1023 1076 1091; x_wconf 75' lang='grc' dir='ltr'><strong><em>αὐτοῦ</em></strong></span> <span class='ocrx_word' id='word_1_125' title='bbox 1091 1022 1233 1121; x_wconf 75' lang='grc' dir='ltr'><strong><em>ποιησης,</em></strong></span> <span class='ocrx_word' id='word_1_126' title='bbox 1258 1028 1310 1093; x_wconf 88' lang='grc' dir='ltr'><strong><em>καί</em></strong></span> 
     </span>
     <span class='ocr_line' id='line_1_12' title="bbox 62 1102 1309 1208; baseline 0.004 -37"><span class='ocrx_word' id='word_1_127' title='bbox 62 1131 156 1183; x_wconf 82' lang='grc' dir='ltr'><strong><em>τεινας</em></strong></span> <span class='ocrx_word' id='word_1_128' title='bbox 166 1107 220 1208; x_wconf 69' lang='grc' dir='ltr'><strong><em>την</em></strong></span> <span class='ocrx_word' id='word_1_129' title='bbox 231 1104 325 1186; x_wconf 80' lang='grc' dir='ltr'><strong><em>δεξιάν</em></strong></span> <span class='ocrx_word' id='word_1_130' title='bbox 336 1134 399 1174; x_wconf 87' lang='grc' dir='ltr'><strong><em>σου.</em></strong></span> <span class='ocrx_word' id='word_1_131' title='bbox 416 1112 552 1174; x_wconf 76' lang='grc' dir='ltr'><strong><em>κατέπιεν</em></strong></span> <span class='ocrx_word' id='word_1_132' title='bbox 562 1102 672 1182; x_wconf 82' lang='grc' dir='ltr'><strong><em>αύτούς</em></strong></span> <span class='ocrx_word' id='word_1_133' title='bbox 703 1110 830 1200; x_wconf 80' lang='grc' dir='ltr'><strong><em>ἰνωτίση</em></strong></span> <span class='ocrx_word' id='word_1_134' title='bbox 843 1117 910 1180; x_wconf 75' lang='grc' dir='ltr'><strong><em>ταῖς</em></strong></span> <span class='ocrx_word' id='word_1_135' title='bbox 921 1106 1054 1182; x_wconf 81' lang='grc' dir='ltr'><strong><em>ἰντολαίς</em></strong></span> <span class='ocrx_word' id='word_1_136' title='bbox 1066 1104 1170 1185; x_wconf 78' lang='grc' dir='ltr'><strong><em>αἰτοῦ,</em></strong></span> <span class='ocrx_word' id='word_1_137' title='bbox 1188 1111 1240 1175; x_wconf 88' lang='grc' dir='ltr'><strong><em>καί</em></strong></span> <span class='ocrx_word' id='word_1_138' title='bbox 1251 1134 1309 1188; x_wconf 79' lang='grc' dir='ltr'><strong><em>φυ-</em></strong></span> 
     </span>
     <span class='ocr_line' id='line_1_13' title="bbox 60 1182 1311 1283; baseline 0 -27"><span class='ocrx_word' id='word_1_139' title='bbox 60 1194 110 1271; x_wconf 73' lang='grc' dir='ltr'><strong><em>γή.</em></strong></span> <span class='ocrx_word' id='word_1_140' title='bbox 143 1187 338 1274; x_wconf 65' lang='grc' dir='ltr'><strong><em>13ωδιόγηοας</em></strong></span> <span class='ocrx_word' id='word_1_141' title='bbox 359 1194 399 1283; x_wconf 75' lang='grc' dir='ltr'><strong><em>τῇ</em></strong></span> <span class='ocrx_word' id='word_1_142' title='bbox 424 1185 593 1282; x_wconf 70' lang='grc' dir='ltr'><strong><em>δικαιοσύνῃ</em></strong></span> <span class='ocrx_word' id='word_1_143' title='bbox 618 1214 674 1253; x_wconf 92' lang='grc' dir='ltr'><strong><em>σου</em></strong></span> <span class='ocrx_word' id='word_1_144' title='bbox 703 1184 793 1281; x_wconf 76' lang='grc' dir='ltr'><strong><em>λάξης</em></strong></span> <span class='ocrx_word' id='word_1_145' title='bbox 815 1182 916 1254; x_wconf 87' lang='grc' dir='ltr'><strong><em>πάντα</em></strong></span> <span class='ocrx_word' id='word_1_146' title='bbox 938 1187 978 1253; x_wconf 83' lang='grc' dir='ltr'><strong><em>τά</em></strong></span> <span class='ocrx_word' id='word_1_147' title='bbox 1003 1185 1188 1271; x_wconf 74' lang='grc' dir='ltr'><strong><em>δικαιώματα</em></strong></span> <span class='ocrx_word' id='word_1_148' title='bbox 1204 1188 1311 1266; x_wconf 63' lang='lat' dir='ltr'><strong><em>nimi,</em></strong></span> 
     </span>
     <span class='ocr_line' id='line_1_14' title="bbox 60 1265 1312 1371; baseline 0 -35"><span class='ocrx_word' id='word_1_149' title='bbox 60 1272 118 1336; x_wconf 90' lang='grc' dir='ltr'><strong><em>τὸν</em></strong></span> <span class='ocrx_word' id='word_1_150' title='bbox 142 1267 217 1336; x_wconf 89' lang='grc' dir='ltr'><strong><em>λαόν</em></strong></span> <span class='ocrx_word' id='word_1_151' title='bbox 233 1298 287 1337; x_wconf 92' lang='grc' dir='ltr'><strong><em>σου</em></strong></span> <span class='ocrx_word' id='word_1_152' title='bbox 306 1275 431 1347; x_wconf 85' lang='grc' dir='ltr'><strong><em>τοῦτον,</em></strong></span> <span class='ocrx_word' id='word_1_153' title='bbox 455 1266 491 1336; x_wconf 76' lang='grc' dir='ltr'><strong><em>ὃν</em></strong></span> <span class='ocrx_word' id='word_1_154' title='bbox 508 1266 673 1356; x_wconf 78' lang='grc' dir='ltr'><strong><em>ἰλντροόοω</em></strong></span> <span class='ocrx_word' id='word_1_155' title='bbox 704 1274 806 1339; x_wconf 83' lang='grc' dir='ltr'><strong><em>πᾶσαν</em></strong></span> <span class='ocrx_word' id='word_1_156' title='bbox 817 1265 917 1348; x_wconf 88' lang='grc' dir='ltr'><strong><em>νόσον,</em></strong></span> <span class='ocrx_word' id='word_1_157' title='bbox 930 1267 967 1371; x_wconf 61' lang='grc' dir='ltr'><strong><em>ἣν</em></strong></span> <span class='ocrx_word' id='word_1_158' title='bbox 978 1265 1128 1355; x_wconf 74' lang='grc' dir='ltr'><strong><em>ἰπηγαγον</em></strong></span> <span class='ocrx_word' id='word_1_159' title='bbox 1139 1282 1203 1351; x_wconf 82' lang='grc' dir='ltr'><strong><em>τοίς</em></strong></span> <span class='ocrx_word' id='word_1_160' title='bbox 1214 1274 1312 1350; x_wconf 81' lang='grc' dir='ltr'><strong><em>Αἰγυ-</em></strong></span> 
     </span>
     <span class='ocr_line' id='line_1_15' title="bbox 61 1347 1312 1481; baseline 0 -62"><span class='ocrx_word' id='word_1_161' title='bbox 61 1348 266 1451; x_wconf 76' lang='grc' dir='ltr'><strong><em>παρεκόλεοας</em></strong></span> <span class='ocrx_word' id='word_1_162' title='bbox 276 1357 314 1417; x_wconf 81' lang='grc' dir='ltr'><strong><em>τ’</em></strong></span> <span class='ocrx_word' id='word_1_163' title='bbox 331 1348 412 1436; x_wconf 75' lang='grc' dir='ltr'><strong><em>ἰσχύϊ</em></strong></span> <span class='ocrx_word' id='word_1_164' title='bbox 426 1378 481 1418; x_wconf 90' lang='grc' dir='ltr'><strong><em>σου</em></strong></span> <span class='ocrx_word' id='word_1_165' title='bbox 492 1357 532 1429; x_wconf 87' lang='grc' dir='ltr'><strong><em>εἰς</em></strong></span> <span class='ocrx_word' id='word_1_166' title='bbox 543 1347 675 1419; x_wconf 87' lang='grc' dir='ltr'><strong><em>κατάλυ-</em></strong></span> <span class='ocrx_word' id='word_1_167' title='bbox 704 1359 809 1431; x_wconf 89' lang='grc' dir='ltr'><strong><em>πτίοις,</em></strong></span> <span class='ocrx_word' id='word_1_168' title='bbox 821 1350 878 1419; x_wconf 88' lang='grc' dir='ltr'><strong><em>ούκ</em></strong></span> <span class='ocrx_word' id='word_1_169' title='bbox 890 1356 992 1432; x_wconf 75' lang='grc' dir='ltr'><strong><em>ἰπαξω</em></strong></span> <span class='ocrx_word' id='word_1_170' title='bbox 1003 1354 1055 1419; x_wconf 81' lang='grc' dir='ltr'><strong><em>ίπί</em></strong></span> <span class='ocrx_word' id='word_1_171' title='bbox 1063 1355 1103 1419; x_wconf 82' lang='grc' dir='ltr'><strong><em>σί.</em></strong></span> <span class='ocrx_word' id='word_1_172' title='bbox 1116 1352 1177 1456; x_wconf 70' lang='grc' dir='ltr'><strong><em>ίγώ</em></strong></span> <span class='ocrx_word' id='word_1_173' title='bbox 1188 1349 1312 1481; x_wconf 81' lang='grc' dir='ltr'><strong><em>γάρείμι</em></strong></span> 
     </span>
     <span class='ocr_line' id='line_1_16' title="bbox 62 1429 1312 1523; baseline 0.005 -25"><span class='ocrx_word' id='word_1_174' title='bbox 62 1462 108 1515; x_wconf 92' lang='grc' dir='ltr'><strong><em>μα</em></strong></span> <span class='ocrx_word' id='word_1_175' title='bbox 121 1429 206 1512; x_wconf 73' lang='grc' dir='ltr'><strong><em>ἅγιον</em></strong></span> <span class='ocrx_word' id='word_1_176' title='bbox 215 1460 277 1500; x_wconf 90' lang='grc' dir='ltr'><strong><em>σου.</em></strong></span> <span class='ocrx_word' id='word_1_177' title='bbox 303 1432 455 1520; x_wconf 68' lang='grc' dir='ltr'><strong><em>*ἤκουσαν</em></strong></span> <span class='ocrx_word' id='word_1_178' title='bbox 463 1438 545 1521; x_wconf 76' lang='grc' dir='ltr'><strong><em>ἰθνη,</em></strong></span> <span class='ocrx_word' id='word_1_179' title='bbox 553 1431 673 1520; x_wconf 75' lang='grc' dir='ltr'><strong><em>καίοἰρ-</em></strong></span> <span class='ocrx_word' id='word_1_180' title='bbox 703 1432 801 1523; x_wconf 89' lang='grc' dir='ltr'><strong><em>κύριος</em></strong></span> <span class='ocrx_word' id='word_1_181' title='bbox 812 1434 830 1501; x_wconf 90' lang='lat'>5</span> <span class='ocrx_word' id='word_1_182' title='bbox 843 1432 914 1514; x_wconf 91' lang='grc' dir='ltr'><strong><em>θεός</em></strong></span> <span class='ocrx_word' id='word_1_183' title='bbox 926 1463 981 1503; x_wconf 91' lang='grc' dir='ltr'><strong><em>σου</em></strong></span> <span class='ocrx_word' id='word_1_184' title='bbox 993 1433 1012 1502; x_wconf 93' lang='lat'>5</span> <span class='ocrx_word' id='word_1_185' title='bbox 1026 1430 1146 1520; x_wconf 80' lang='grc' dir='ltr'><strong><em>ίάμενος</em></strong></span> <span class='ocrx_word' id='word_1_186' title='bbox 1158 1461 1198 1503; x_wconf 87' lang='grc' dir='ltr'><strong><em>σε.</em></strong></span> <span class='ocrx_word' id='word_1_187' title='bbox 1220 1438 1235 1479; x_wconf 84' lang='lat'>²</span> <span class='ocrx_word' id='word_1_188' title='bbox 1258 1440 1312 1504; x_wconf 86' lang='grc' dir='ltr'><strong><em>καί</em></strong></span> 
     </span>
     <span class='ocr_line' id='line_1_17' title="bbox 63 1508 1309 1606; baseline 0.006 -25"><span class='ocrx_word' id='word_1_189' title='bbox 63 1523 223 1601; x_wconf 85' lang='grc' dir='ltr'><strong><em>γίοθησαν.</em></strong></span> <span class='ocrx_word' id='word_1_190' title='bbox 249 1515 347 1593; x_wconf 73' lang='grc' dir='ltr'><strong><em>ὠδῖνες</em></strong></span> <span class='ocrx_word' id='word_1_191' title='bbox 371 1518 483 1606; x_wconf 82' lang='grc' dir='ltr'><strong><em>ἰλαβον</em></strong></span> <span class='ocrx_word' id='word_1_192' title='bbox 498 1522 671 1585; x_wconf 76' lang='grc' dir='ltr'><strong><em>κατοικοῡν·</em></strong></span> <span class='ocrx_word' id='word_1_193' title='bbox 707 1518 835 1587; x_wconf 66' lang='grc' dir='ltr'><strong><em>’λιθοοαν</em></strong></span> <span class='ocrx_word' id='word_1_194' title='bbox 847 1524 887 1596; x_wconf 86' lang='grc' dir='ltr'><strong><em>εἰς</em></strong></span> <span class='ocrx_word' id='word_1_195' title='bbox 897 1520 1015 1602; x_wconf 82' lang='grc' dir='ltr'><strong><em>Λίλείμ.</em></strong></span> <span class='ocrx_word' id='word_1_196' title='bbox 1028 1520 1080 1586; x_wconf 90' lang='grc' dir='ltr'><strong><em>καί</em></strong></span> <span class='ocrx_word' id='word_1_197' title='bbox 1091 1508 1167 1604; x_wconf 76' lang='grc' dir='ltr'><strong><em>η’σαν</em></strong></span> <span class='ocrx_word' id='word_1_198' title='bbox 1178 1517 1309 1588; x_wconf 78' lang='grc' dir='ltr'><strong><em>ἰκείδό·</em></strong></span> 
     </span>
     <span class='ocr_line' id='line_1_18' title="bbox 65 1597 1309 1689; baseline 0.005 -26"><span class='ocrx_word' id='word_1_199' title='bbox 65 1625 120 1676; x_wconf 86' lang='grc' dir='ltr'><strong><em>τας</em></strong></span> <span class='ocrx_word' id='word_1_200' title='bbox 132 1598 306 1684; x_wconf 80' lang='grc' dir='ltr'><strong><em>Φυλιστιείμ</em></strong></span> <span class='ocrx_word' id='word_1_201' title='bbox 328 1600 355 1644; x_wconf 71' lang='lat'><strong><em>¹⁶</em></strong></span> <span class='ocrx_word' id='word_1_202' title='bbox 368 1597 436 1667; x_wconf 86' lang='grc' dir='ltr'><strong><em>τότε</em></strong></span> <span class='ocrx_word' id='word_1_203' title='bbox 448 1603 593 1668; x_wconf 73' lang='grc' dir='ltr'><strong><em>ἔσπευσαν</em></strong></span> <span class='ocrx_word' id='word_1_204' title='bbox 605 1597 672 1685; x_wconf 74' lang='grc' dir='ltr'><strong><em>ἦγε-</em></strong></span> <span class='ocrx_word' id='word_1_205' title='bbox 781 1605 877 1689; x_wconf 88' lang='grc' dir='ltr'><strong><em>πηγαί</em></strong></span> <span class='ocrx_word' id='word_1_206' title='bbox 892 1598 1020 1681; x_wconf 80' lang='grc' dir='ltr'><strong><em>ὑδάτων,</em></strong></span> <span class='ocrx_word' id='word_1_207' title='bbox 1043 1604 1096 1668; x_wconf 86' lang='grc' dir='ltr'><strong><em>καί</em></strong></span> <span class='ocrx_word' id='word_1_208' title='bbox 1108 1598 1309 1689; x_wconf 69' lang='grc' dir='ltr'><strong><em>ἑβδομήκοντα</em></strong></span> 
     </span>
     <span class='ocr_line' id='line_1_19' title="bbox 63 1676 1311 1776; baseline 0.005 -29"><span class='ocrx_word' id='word_1_209' title='bbox 63 1676 144 1758; x_wconf 84' lang='grc' dir='ltr'><strong><em>κόνις</em></strong></span> <span class='ocrx_word' id='word_1_210' title='bbox 158 1678 264 1766; x_wconf 80' lang='grc' dir='ltr'><strong><em>Ἐδοίμ,</em></strong></span> <span class='ocrx_word' id='word_1_211' title='bbox 275 1685 328 1750; x_wconf 90' lang='grc' dir='ltr'><strong><em>καί</em></strong></span> <span class='ocrx_word' id='word_1_212' title='bbox 339 1682 475 1771; x_wconf 77' lang='grc' dir='ltr'><strong><em>ἄρχοντες</em></strong></span> <span class='ocrx_word' id='word_1_213' title='bbox 486 1688 670 1773; x_wconf 72' lang='grc' dir='ltr'><strong><em>Μωαβιτῶν.</em></strong></span> <span class='ocrx_word' id='word_1_214' title='bbox 700 1686 816 1771; x_wconf 76' lang='grc' dir='ltr'><strong><em>στελέχη</em></strong></span> <span class='ocrx_word' id='word_1_215' title='bbox 830 1692 977 1767; x_wconf 76' lang='grc' dir='ltr'><strong><em>φοινίκων.</em></strong></span> <span class='ocrx_word' id='word_1_216' title='bbox 996 1683 1196 1776; x_wconf 69' lang='grc' dir='ltr'><strong><em>παρενέβαλον</em></strong></span> <span class='ocrx_word' id='word_1_217' title='bbox 1207 1685 1240 1751; x_wconf 82' lang='grc' dir='ltr'><strong><em>δί</em></strong></span> <span class='ocrx_word' id='word_1_218' title='bbox 1252 1689 1311 1753; x_wconf 59' lang='lat' dir='ltr'><strong><em>&amp;a</em></strong></span> 
     </span>
     <span class='ocr_line' id='line_1_20' title="bbox 63 1761 962 1856; baseline 0.008 -27"><span class='ocrx_word' id='word_1_219' title='bbox 63 1761 403 1854; x_wconf 74' lang='grc' dir='ltr'><strong><em>ἰλαβιναύτούςτρόμος.</em></strong></span> <span class='ocrx_word' id='word_1_220' title='bbox 414 1762 672 1853; x_wconf 77' lang='grc' dir='ltr'><strong><em>ίτάκησανπάντες</em></strong></span> <span class='ocrx_word' id='word_1_221' title='bbox 699 1767 785 1856; x_wconf 80' lang='grc' dir='ltr'><strong><em>παρά</em></strong></span> <span class='ocrx_word' id='word_1_222' title='bbox 797 1768 837 1836; x_wconf 80' lang='grc' dir='ltr'><strong><em>τό</em></strong></span> <span class='ocrx_word' id='word_1_223' title='bbox 856 1764 962 1836; x_wconf 78' lang='grc' dir='ltr'><strong><em>ύδατα.</em></strong></span> 
     </span>
    </p>

    <p class='ocr_par' dir='ltr' id='par_1_3' title="bbox 63 1848 1111 1932">
     <span class='ocr_line' id='line_1_21' title="bbox 63 1848 1111 1932; baseline 0.005 -20"><span class='ocrx_word' id='word_1_224' title='bbox 63 1852 94 1913; x_wconf 87' lang='grc' dir='ltr'><strong><em>οἰ</em></strong></span> <span class='ocrx_word' id='word_1_225' title='bbox 108 1855 308 1926; x_wconf 79' lang='grc' dir='ltr'><strong><em>κατοικοῦντες</em></strong></span> <span class='ocrx_word' id='word_1_226' title='bbox 325 1848 461 1917; x_wconf 84' lang='grc' dir='ltr'><strong><em>Χαναάν.</em></strong></span> <span class='ocrx_word' id='word_1_227' title='bbox 493 1853 670 1916; x_wconf 68' lang='grc' dir='ltr'><strong><em>18ἰπιπίσοι</em></strong></span> <span class='ocrx_word' id='word_1_228' title='bbox 732 1858 745 1886; x_wconf 81' lang='lat'>&#39;</span> <span class='ocrx_word' id='word_1_229' title='bbox 886 1858 961 1921; x_wconf 83' lang='grc' dir='ltr'><strong><em>ΚΕ</em></strong></span> <span class='ocrx_word' id='word_1_230' title='bbox 973 1856 1012 1917; x_wconf 84' lang='grc' dir='ltr'><strong><em>Φ.</em></strong></span> <span class='ocrx_word' id='word_1_231' title='bbox 1056 1848 1111 1932; x_wconf 75' lang='grc' dir='ltr'><strong><em>[ς’.</em></strong></span> 
     </span>
    </p>

    <p class='ocr_par' dir='ltr' id='par_1_4' title="bbox 62 1903 1333 2952">
     <span class='ocr_line' id='line_1_22' title="bbox 64 1903 1194 2085; baseline 0.008 -91"><span class='ocrx_word' id='word_1_232' title='bbox 64 1931 106 1996; x_wconf 70' lang='grc' dir='ltr'><strong><em>ἐπ’</em></strong></span> <span class='ocrx_word' id='word_1_233' title='bbox 122 1929 232 2033; x_wconf 61' lang='grc' dir='ltr'><strong><em>«ὒτηὺς</em></strong></span> <span class='ocrx_word' id='word_1_234' title='bbox 243 1930 354 2020; x_wconf 78' lang='grc' dir='ltr'><strong><em>τρόμος</em></strong></span> <span class='ocrx_word' id='word_1_235' title='bbox 365 1940 417 1999; x_wconf 89' lang='grc' dir='ltr'><strong><em>καί</em></strong></span> <span class='ocrx_word' id='word_1_236' title='bbox 428 1931 530 2040; x_wconf 82' lang='grc' dir='ltr'><strong><em>φόβος.</em></strong></span> <span class='ocrx_word' id='word_1_237' title='bbox 554 1936 670 2018; x_wconf 75' lang='grc' dir='ltr'><strong><em>μεγέθει</em></strong></span> <span class='ocrx_word' id='word_1_238' title='bbox 701 1903 858 2032; x_wconf 76' lang='grc' dir='ltr'><strong><em>Ᾰπῇραν</em></strong></span> <span class='ocrx_word' id='word_1_239' title='bbox 874 1935 1086 2020; x_wconf 78' lang='grc' dir='ltr'><strong><em>δὶίξΑἰλείμ,</em></strong></span> <span class='ocrx_word' id='word_1_240' title='bbox 1109 1934 1194 2085; x_wconf 51' lang='lat' dir='ltr'><strong><em>nuli</em></strong></span> 
     </span>
     <span class='ocr_line' id='line_1_23' title="bbox 62 2014 1310 2106; baseline 0.004 -26"><span class='ocrx_word' id='word_1_241' title='bbox 62 2018 216 2101; x_wconf 76' lang='grc' dir='ltr'><strong><em>βραχίονος</em></strong></span> <span class='ocrx_word' id='word_1_242' title='bbox 228 2042 284 2082; x_wconf 92' lang='grc' dir='ltr'><strong><em>σου</em></strong></span> <span class='ocrx_word' id='word_1_243' title='bbox 295 2014 591 2102; x_wconf 77' lang='grc' dir='ltr'><strong><em>άποίιθωθητωοαν,</em></strong></span> <span class='ocrx_word' id='word_1_244' title='bbox 615 2023 671 2093; x_wconf 73' lang='grc' dir='ltr'><strong><em>ἕως</em></strong></span> <span class='ocrx_word' id='word_1_245' title='bbox 699 2024 786 2087; x_wconf 81' lang='grc' dir='ltr'><strong><em>πάσα</em></strong></span> <span class='ocrx_word' id='word_1_246' title='bbox 805 2018 960 2103; x_wconf 71' lang='grc' dir='ltr'><strong><em>συναγωγὴ</em></strong></span> <span class='ocrx_word' id='word_1_247' title='bbox 978 2023 1052 2084; x_wconf 81' lang='grc' dir='ltr'><strong><em>υἰιίν</em></strong></span> <span class='ocrx_word' id='word_1_248' title='bbox 1067 2018 1171 2106; x_wconf 82' lang='grc' dir='ltr'><strong><em>Ἰσραίη</em></strong></span> <span class='ocrx_word' id='word_1_249' title='bbox 1206 2025 1245 2097; x_wconf 84' lang='grc' dir='ltr'><strong><em>εἰς</em></strong></span> <span class='ocrx_word' id='word_1_250' title='bbox 1258 2018 1310 2103; x_wconf 74' lang='grc' dir='ltr'><strong><em>τὴν</em></strong></span> 
     </span>
     <span class='ocr_line' id='line_1_24' title="bbox 63 2094 1333 2211; baseline 0.006 -50"><span class='ocrx_word' id='word_1_251' title='bbox 63 2098 203 2192; x_wconf 81' lang='grc' dir='ltr'><strong><em>παρελθη</em></strong></span> <span class='ocrx_word' id='word_1_252' title='bbox 228 2094 336 2175; x_wconf 77' lang='grc' dir='ltr'><strong><em>ὁίαός</em></strong></span> <span class='ocrx_word' id='word_1_253' title='bbox 361 2126 416 2167; x_wconf 90' lang='grc' dir='ltr'><strong><em>σου</em></strong></span> <span class='ocrx_word' id='word_1_254' title='bbox 432 2098 528 2189; x_wconf 86' lang='grc' dir='ltr'><strong><em>κύριε,</em></strong></span> <span class='ocrx_word' id='word_1_255' title='bbox 553 2107 609 2176; x_wconf 80' lang='grc' dir='ltr'><strong><em>ἕως</em></strong></span> <span class='ocrx_word' id='word_1_256' title='bbox 633 2096 671 2166; x_wconf 70' lang='grc' dir='ltr'><strong><em>ἂν</em></strong></span> <span class='ocrx_word' id='word_1_257' title='bbox 700 2107 806 2211; x_wconf 83' lang='grc' dir='ltr'><strong><em>ἰρημον</em></strong></span> <span class='ocrx_word' id='word_1_258' title='bbox 816 2106 882 2180; x_wconf 82' lang='grc' dir='ltr'><strong><em>Σίν,</em></strong></span> <span class='ocrx_word' id='word_1_259' title='bbox 897 2098 917 2169; x_wconf 82' lang='grc' dir='ltr'><strong><em>ά</em></strong></span> <span class='ocrx_word' id='word_1_260' title='bbox 929 2100 1333 2191; x_wconf 63' lang='grc' dir='ltr'><strong><em>ἰστινᾶνόμίοονΑἰλιίιι,·</em></strong></span> 
     </span>
     <span class='ocr_line' id='line_1_25' title="bbox 63 2177 1311 2287; baseline 0.007 -43"><span class='ocrx_word' id='word_1_261' title='bbox 63 2182 204 2276; x_wconf 67' lang='grc' dir='ltr'><strong><em>παρέλθῃ</em></strong></span> <span class='ocrx_word' id='word_1_262' title='bbox 221 2177 239 2246; x_wconf 91' lang='lat'>5</span> <span class='ocrx_word' id='word_1_263' title='bbox 258 2179 331 2258; x_wconf 89' lang='grc' dir='ltr'><strong><em>λαός</em></strong></span> <span class='ocrx_word' id='word_1_264' title='bbox 343 2209 397 2250; x_wconf 87' lang='grc' dir='ltr'><strong><em>σου</em></strong></span> <span class='ocrx_word' id='word_1_265' title='bbox 410 2177 514 2263; x_wconf 78' lang='grc' dir='ltr'><strong><em>οὗτος,</em></strong></span> <span class='ocrx_word' id='word_1_266' title='bbox 539 2180 574 2249; x_wconf 78' lang='grc' dir='ltr'><strong><em>ὃν</em></strong></span> <span class='ocrx_word' id='word_1_267' title='bbox 585 2178 671 2287; x_wconf 64' lang='grc' dir='ltr'><strong><em>ἔκτη-</em></strong></span> <span class='ocrx_word' id='word_1_268' title='bbox 700 2212 753 2252; x_wconf 86' lang='grc' dir='ltr'><strong><em>και</em></strong></span> <span class='ocrx_word' id='word_1_269' title='bbox 764 2183 822 2252; x_wconf 85' lang='grc' dir='ltr'><strong><em>άνίι</em></strong></span> <span class='ocrx_word' id='word_1_270' title='bbox 833 2189 923 2271; x_wconf 76' lang='grc' dir='ltr'><strong><em>μέσον</em></strong></span> <span class='ocrx_word' id='word_1_271' title='bbox 933 2180 1017 2250; x_wconf 86' lang='grc' dir='ltr'><strong><em>Σινά.</em></strong></span> <span class='ocrx_word' id='word_1_272' title='bbox 1037 2188 1076 2280; x_wconf 76' lang='grc' dir='ltr'><strong><em>τῇ</em></strong></span> <span class='ocrx_word' id='word_1_273' title='bbox 1087 2185 1119 2252; x_wconf 86' lang='grc' dir='ltr'><strong><em>δί</em></strong></span> <span class='ocrx_word' id='word_1_274' title='bbox 1131 2188 1311 2253; x_wconf 81' lang='grc' dir='ltr'><strong><em>πεντεκαιδε-</em></strong></span> 
     </span>
     <span class='ocr_line' id='line_1_26' title="bbox 65 2263 1310 2372; baseline 0.006 -44"><span class='ocrx_word' id='word_1_275' title='bbox 65 2290 117 2329; x_wconf 89' lang='grc' dir='ltr'><strong><em>οω.</em></strong></span> <span class='ocrx_word' id='word_1_276' title='bbox 141 2267 342 2345; x_wconf 70' lang='grc' dir='ltr'><strong><em>17εἰςαγαγυίν</em></strong></span> <span class='ocrx_word' id='word_1_277' title='bbox 365 2266 590 2350; x_wconf 79' lang='grc' dir='ltr'><strong><em>καταφύτευσον</em></strong></span> <span class='ocrx_word' id='word_1_278' title='bbox 615 2292 672 2332; x_wconf 92' lang='grc' dir='ltr'><strong><em>αυ-</em></strong></span> <span class='ocrx_word' id='word_1_279' title='bbox 702 2263 779 2353; x_wconf 83' lang='grc' dir='ltr'><strong><em>κάτη</em></strong></span> <span class='ocrx_word' id='word_1_280' title='bbox 790 2268 885 2372; x_wconf 75' lang='grc' dir='ltr'><strong><em>ἡμέρα</em></strong></span> <span class='ocrx_word' id='word_1_281' title='bbox 902 2272 948 2371; x_wconf 75' lang='grc' dir='ltr'><strong><em>τιηῖ</em></strong></span> <span class='ocrx_word' id='word_1_282' title='bbox 966 2271 1034 2353; x_wconf 86' lang='grc' dir='ltr'><strong><em>μηνί</em></strong></span> <span class='ocrx_word' id='word_1_283' title='bbox 1049 2273 1094 2354; x_wconf 75' lang='grc' dir='ltr'><strong><em>τῷ</em></strong></span> <span class='ocrx_word' id='word_1_284' title='bbox 1111 2270 1237 2355; x_wconf 78' lang='grc' dir='ltr'><strong><em>δευτέρῳ</em></strong></span> <span class='ocrx_word' id='word_1_285' title='bbox 1250 2271 1310 2347; x_wconf 78' lang='grc' dir='ltr'><strong><em>ἰξε-</em></strong></span> 
     </span>
     <span class='ocr_line' id='line_1_27' title="bbox 65 2342 1311 2451; baseline 0.007 -41"><span class='ocrx_word' id='word_1_286' title='bbox 65 2343 135 2423; x_wconf 83' lang='grc' dir='ltr'><strong><em>τούς</em></strong></span> <span class='ocrx_word' id='word_1_287' title='bbox 146 2347 466 2451; x_wconf 76' lang='grc' dir='ltr'><strong><em>εἰςόροςκληρονομίας</em></strong></span> <span class='ocrx_word' id='word_1_288' title='bbox 473 2377 539 2428; x_wconf 92' lang='grc' dir='ltr'><strong><em>σου,</em></strong></span> <span class='ocrx_word' id='word_1_289' title='bbox 547 2353 586 2424; x_wconf 87' lang='grc' dir='ltr'><strong><em>εἰς</em></strong></span> <span class='ocrx_word' id='word_1_290' title='bbox 594 2353 673 2414; x_wconf 79' lang='grc' dir='ltr'><strong><em>ἰτοι-</em></strong></span> <span class='ocrx_word' id='word_1_291' title='bbox 702 2342 879 2436; x_wconf 80' lang='grc' dir='ltr'><strong><em>ληλύθοτων</em></strong></span> <span class='ocrx_word' id='word_1_292' title='bbox 902 2355 1005 2417; x_wconf 76' lang='grc' dir='ltr'><strong><em>αυτυίν</em></strong></span> <span class='ocrx_word' id='word_1_293' title='bbox 1019 2354 1052 2416; x_wconf 79' lang='grc' dir='ltr'><strong><em>λιι</em></strong></span> <span class='ocrx_word' id='word_1_294' title='bbox 1069 2357 1122 2435; x_wconf 81' lang='grc' dir='ltr'><strong><em>γης</em></strong></span> <span class='ocrx_word' id='word_1_295' title='bbox 1139 2353 1311 2430; x_wconf 76' lang='grc' dir='ltr'><strong><em>Αἰγύπτου,</em></strong></span> 
     </span>
     <span class='ocr_line' id='line_1_28' title="bbox 63 2426 1312 2517; baseline 0.005 -25"><span class='ocrx_word' id='word_1_296' title='bbox 63 2452 120 2511; x_wconf 92' lang='grc' dir='ltr'><strong><em>μον</em></strong></span> <span class='ocrx_word' id='word_1_297' title='bbox 137 2426 361 2515; x_wconf 71' lang='grc' dir='ltr'><strong><em>κατοικητῆριον</em></strong></span> <span class='ocrx_word' id='word_1_298' title='bbox 378 2456 447 2507; x_wconf 84' lang='grc' dir='ltr'><strong><em>σοι,</em></strong></span> <span class='ocrx_word' id='word_1_299' title='bbox 472 2429 492 2497; x_wconf 86' lang='lat'>5</span> <span class='ocrx_word' id='word_1_300' title='bbox 504 2436 673 2515; x_wconf 73' lang='grc' dir='ltr'><strong><em>κατηρτίσω</em></strong></span> <span class='ocrx_word' id='word_1_301' title='bbox 703 2435 719 2475; x_wconf 86' lang='lat'>²</span> <span class='ocrx_word' id='word_1_302' title='bbox 731 2429 891 2511; x_wconf 81' lang='grc' dir='ltr'><strong><em>διεγόγγυζε</em></strong></span> <span class='ocrx_word' id='word_1_303' title='bbox 904 2437 990 2497; x_wconf 83' lang='grc' dir='ltr'><strong><em>πᾶσα</em></strong></span> <span class='ocrx_word' id='word_1_304' title='bbox 1002 2430 1154 2517; x_wconf 83' lang='grc' dir='ltr'><strong><em>συναγωγίη</em></strong></span> <span class='ocrx_word' id='word_1_305' title='bbox 1166 2438 1240 2498; x_wconf 77' lang='grc' dir='ltr'><strong><em>υίῶν</em></strong></span> <span class='ocrx_word' id='word_1_306' title='bbox 1248 2433 1312 2498; x_wconf 79' lang='lat' dir='ltr'><strong><em>‘Ia-</em></strong></span> 
     </span>
     <span class='ocr_line' id='line_1_29' title="bbox 64 2505 1313 2598; baseline 0.002 -22"><span class='ocrx_word' id='word_1_307' title='bbox 64 2505 155 2596; x_wconf 87' lang='grc' dir='ltr'><strong><em>κύριε.</em></strong></span> <span class='ocrx_word' id='word_1_308' title='bbox 180 2508 313 2593; x_wconf 85' lang='grc' dir='ltr'><strong><em>ἇγίασμα</em></strong></span> <span class='ocrx_word' id='word_1_309' title='bbox 325 2508 419 2595; x_wconf 88' lang='grc' dir='ltr'><strong><em>κύριε,</em></strong></span> <span class='ocrx_word' id='word_1_310' title='bbox 435 2510 454 2577; x_wconf 85' lang='lat'>5</span> <span class='ocrx_word' id='word_1_311' title='bbox 466 2509 630 2596; x_wconf 68' lang='grc' dir='ltr'><strong><em>ἡτοίμασαν</em></strong></span> <span class='ocrx_word' id='word_1_312' title='bbox 642 2512 676 2575; x_wconf 85' lang='grc' dir='ltr'><strong><em>αἰ</em></strong></span> <span class='ocrx_word' id='word_1_313' title='bbox 705 2513 784 2598; x_wconf 80' lang='grc' dir='ltr'><strong><em>ραίηλ</em></strong></span> <span class='ocrx_word' id='word_1_314' title='bbox 802 2517 853 2578; x_wconf 85' lang='grc' dir='ltr'><strong><em>ἰπὶ</em></strong></span> <span class='ocrx_word' id='word_1_315' title='bbox 864 2517 1003 2595; x_wconf 75' lang='grc' dir='ltr'><strong><em>Μωυσῆν</em></strong></span> <span class='ocrx_word' id='word_1_316' title='bbox 1019 2514 1072 2577; x_wconf 89' lang='grc' dir='ltr'><strong><em>καί</em></strong></span> <span class='ocrx_word' id='word_1_317' title='bbox 1084 2510 1209 2598; x_wconf 76' lang='grc' dir='ltr'><strong><em>Ἀαρών.</em></strong></span> <span class='ocrx_word' id='word_1_318' title='bbox 1235 2516 1250 2556; x_wconf 78' lang='lat'>³</span> <span class='ocrx_word' id='word_1_319' title='bbox 1262 2517 1313 2579; x_wconf 90' lang='grc' dir='ltr'><strong><em>καί</em></strong></span> 
     </span>
     <span class='ocr_line' id='line_1_30' title="bbox 63 2589 1312 2683; baseline 0.002 -25"><span class='ocrx_word' id='word_1_320' title='bbox 63 2597 158 2679; x_wconf 80' lang='grc' dir='ltr'><strong><em>χεῖρές</em></strong></span> <span class='ocrx_word' id='word_1_321' title='bbox 180 2619 243 2659; x_wconf 89' lang='grc' dir='ltr'><strong><em>σου.</em></strong></span> <span class='ocrx_word' id='word_1_322' title='bbox 280 2595 308 2637; x_wconf 82' lang='lat'><strong><em>¹⁸</em></strong></span> <span class='ocrx_word' id='word_1_323' title='bbox 320 2589 418 2678; x_wconf 86' lang='grc' dir='ltr'><strong><em>κύριος</em></strong></span> <span class='ocrx_word' id='word_1_324' title='bbox 441 2590 603 2682; x_wconf 72' lang='grc' dir='ltr'><strong><em>βασιλεύων</em></strong></span> <span class='ocrx_word' id='word_1_325' title='bbox 623 2590 676 2657; x_wconf 87' lang='grc' dir='ltr'><strong><em>τὸν</em></strong></span> <span class='ocrx_word' id='word_1_326' title='bbox 705 2596 792 2663; x_wconf 85' lang='grc' dir='ltr'><strong><em>εἰπαν</em></strong></span> <span class='ocrx_word' id='word_1_327' title='bbox 815 2595 892 2682; x_wconf 88' lang='grc' dir='ltr'><strong><em>πρὸς</em></strong></span> <span class='ocrx_word' id='word_1_328' title='bbox 916 2591 1027 2672; x_wconf 87' lang='grc' dir='ltr'><strong><em>αύτούς</em></strong></span> <span class='ocrx_word' id='word_1_329' title='bbox 1053 2598 1084 2662; x_wconf 90' lang='grc' dir='ltr'><strong><em>οἰ</em></strong></span> <span class='ocrx_word' id='word_1_330' title='bbox 1100 2597 1161 2662; x_wconf 86' lang='grc' dir='ltr'><strong><em>υίοί</em></strong></span> <span class='ocrx_word' id='word_1_331' title='bbox 1181 2591 1312 2683; x_wconf 69' lang='grc' dir='ltr'><strong><em>Ἰσραήλ.</em></strong></span> 
     </span>
     <span class='ocr_line' id='line_1_31' title="bbox 64 2671 1310 2765; baseline 0.002 -23"><span class='ocrx_word' id='word_1_332' title='bbox 64 2681 178 2753; x_wconf 81' lang='grc' dir='ltr'><strong><em>αἰῶνα,</em></strong></span> <span class='ocrx_word' id='word_1_333' title='bbox 196 2678 247 2742; x_wconf 88' lang='grc' dir='ltr'><strong><em>καί</em></strong></span> <span class='ocrx_word' id='word_1_334' title='bbox 259 2674 304 2742; x_wconf 73' lang='grc' dir='ltr'><strong><em>ἐπ’</em></strong></span> <span class='ocrx_word' id='word_1_335' title='bbox 318 2682 429 2753; x_wconf 77' lang='grc' dir='ltr'><strong><em>αἰῶνα,</em></strong></span> <span class='ocrx_word' id='word_1_336' title='bbox 446 2680 499 2744; x_wconf 89' lang='grc' dir='ltr'><strong><em>καί</em></strong></span> <span class='ocrx_word' id='word_1_337' title='bbox 508 2680 562 2742; x_wconf 74' lang='grc' dir='ltr'><strong><em>ἔτι.</em></strong></span> <span class='ocrx_word' id='word_1_338' title='bbox 587 2678 616 2719; x_wconf 84' lang='lat'><strong><em>¹⁹</em></strong></span> <span class='ocrx_word' id='word_1_339' title='bbox 628 2671 674 2742; x_wconf 83' lang='grc' dir='ltr'><strong><em>ότι</em></strong></span> <span class='ocrx_word' id='word_1_340' title='bbox 705 2679 813 2763; x_wconf 83' lang='grc' dir='ltr'><strong><em>ὄφελον</em></strong></span> <span class='ocrx_word' id='word_1_341' title='bbox 844 2676 1032 2761; x_wconf 77' lang='grc' dir='ltr'><strong><em>ἀπεθάνομεν</em></strong></span> <span class='ocrx_word' id='word_1_342' title='bbox 1064 2678 1219 2765; x_wconf 71' lang='grc' dir='ltr'><strong><em>πληγέντες</em></strong></span> <span class='ocrx_word' id='word_1_343' title='bbox 1250 2675 1310 2746; x_wconf 76' lang='grc' dir='ltr'><strong><em>ὑπὸ</em></strong></span> 
     </span>
     <span class='ocr_line' id='line_1_32' title="bbox 63 2756 1311 2856; baseline 0.002 -30"><span class='ocrx_word' id='word_1_344' title='bbox 63 2760 194 2844; x_wconf 80' lang='grc' dir='ltr'><strong><em>εἰςῆλθεν</em></strong></span> <span class='ocrx_word' id='word_1_345' title='bbox 206 2767 298 2836; x_wconf 87' lang='grc' dir='ltr'><strong><em>ἰππος</em></strong></span> <span class='ocrx_word' id='word_1_346' title='bbox 309 2757 425 2848; x_wconf 76' lang='grc' dir='ltr'><strong><em>Φαραοί</em></strong></span> <span class='ocrx_word' id='word_1_347' title='bbox 438 2761 493 2829; x_wconf 87' lang='grc' dir='ltr'><strong><em>σύν</em></strong></span> <span class='ocrx_word' id='word_1_348' title='bbox 502 2756 613 2847; x_wconf 71' lang='grc' dir='ltr'><strong><em>ἅρμασι</em></strong></span> <span class='ocrx_word' id='word_1_349' title='bbox 622 2760 675 2825; x_wconf 89' lang='grc' dir='ltr'><strong><em>καί</em></strong></span> <span class='ocrx_word' id='word_1_350' title='bbox 703 2769 805 2851; x_wconf 88' lang='grc' dir='ltr'><strong><em>κυρίου</em></strong></span> <span class='ocrx_word' id='word_1_351' title='bbox 817 2766 849 2828; x_wconf 82' lang='grc' dir='ltr'><strong><em>ἰν</em></strong></span> <span class='ocrx_word' id='word_1_352' title='bbox 859 2769 899 2856; x_wconf 75' lang='grc' dir='ltr'><strong><em>γη·</em></strong></span> <span class='ocrx_word' id='word_1_353' title='bbox 909 2758 1069 2848; x_wconf 79' lang='grc' dir='ltr'><strong><em>Αἰγύπτῳ,</em></strong></span> <span class='ocrx_word' id='word_1_354' title='bbox 1082 2759 1158 2829; x_wconf 81' lang='grc' dir='ltr'><strong><em>ὅταν</em></strong></span> <span class='ocrx_word' id='word_1_355' title='bbox 1165 2766 1311 2831; x_wconf 69' lang='grc' dir='ltr'><strong><em>ἐκαθίσα-</em></strong></span> 
     </span>
     <span class='ocr_line' id='line_1_33' title="bbox 64 2839 1312 2952; baseline 0.003 -44"><span class='ocrx_word' id='word_1_356' title='bbox 64 2839 228 2932; x_wconf 83' lang='grc' dir='ltr'><strong><em>άναβάταις</em></strong></span> <span class='ocrx_word' id='word_1_357' title='bbox 239 2849 279 2920; x_wconf 82' lang='grc' dir='ltr'><strong><em>εἰς</em></strong></span> <span class='ocrx_word' id='word_1_358' title='bbox 294 2840 473 2922; x_wconf 86' lang='grc' dir='ltr'><strong><em>θάλασσαν,</em></strong></span> <span class='ocrx_word' id='word_1_359' title='bbox 496 2847 549 2911; x_wconf 89' lang='grc' dir='ltr'><strong><em>καί</em></strong></span> <span class='ocrx_word' id='word_1_360' title='bbox 560 2839 674 2930; x_wconf 74' lang='grc' dir='ltr'><strong><em>ἰπηγα-</em></strong></span> <span class='ocrx_word' id='word_1_361' title='bbox 701 2873 752 2931; x_wconf 82' lang='grc' dir='ltr'><strong><em>μεν</em></strong></span> <span class='ocrx_word' id='word_1_362' title='bbox 763 2849 814 2913; x_wconf 83' lang='grc' dir='ltr'><strong><em>ἰπί</em></strong></span> <span class='ocrx_word' id='word_1_363' title='bbox 832 2853 894 2952; x_wconf 69' lang='lat'><strong><em>‘⁰³5</em></strong></span> <span class='ocrx_word' id='word_1_364' title='bbox 911 2842 1040 2935; x_wconf 68' lang='grc' dir='ltr'><strong><em>λεβήτων</em></strong></span> <span class='ocrx_word' id='word_1_365' title='bbox 1055 2852 1116 2914; x_wconf 72' lang='grc' dir='ltr'><strong><em>τῶν</em></strong></span> <span class='ocrx_word' id='word_1_366' title='bbox 1127 2852 1235 2933; x_wconf 77' lang='grc' dir='ltr'><strong><em>κρεῶν,</em></strong></span> <span class='ocrx_word' id='word_1_367' title='bbox 1260 2849 1312 2912; x_wconf 88' lang='grc' dir='ltr'><strong><em>καί</em></strong></span> 
     </span>
    </p>
   </div>
   <div class='ocr_carea' id='block_1_3' title="bbox 63 2925 1311 3092">
    <p class='ocr_par' dir='ltr' id='par_1_5' title="bbox 63 2925 1311 3092">
     <span class='ocr_line' id='line_1_34' title="bbox 63 2925 1311 3092; baseline 0 -98"><span class='ocrx_word' id='word_1_368' title='bbox 63 2956 111 3007; x_wconf 85' lang='grc' dir='ltr'><strong><em>γεν</em></strong></span> <span class='ocrx_word' id='word_1_369' title='bbox 122 2925 166 2995; x_wconf 77' lang='grc' dir='ltr'><strong><em>ἐπ’</em></strong></span> <span class='ocrx_word' id='word_1_370' title='bbox 179 2926 287 3004; x_wconf 82' lang='grc' dir='ltr'><strong><em>αύτούς</em></strong></span> <span class='ocrx_word' id='word_1_371' title='bbox 297 2925 395 3015; x_wconf 87' lang='grc' dir='ltr'><strong><em>κύριος</em></strong></span> <span class='ocrx_word' id='word_1_372' title='bbox 407 2928 442 2995; x_wconf 87' lang='grc' dir='ltr'><strong><em>τό</em></strong></span> <span class='ocrx_word' id='word_1_373' title='bbox 457 2926 536 3015; x_wconf 71' lang='grc' dir='ltr'><strong><em>ὕδωρ</em></strong></span> <span class='ocrx_word' id='word_1_374' title='bbox 548 2932 600 3013; x_wconf 77' lang='grc' dir='ltr'><strong><em>τῆς</em></strong></span> <span class='ocrx_word' id='word_1_375' title='bbox 611 2937 673 2992; x_wconf 65' lang='grc' dir='ltr'><strong><em>δαν</em></strong></span> <span class='ocrx_word' id='word_1_376' title='bbox 703 2929 845 3092; x_wconf 56' lang='grc' dir='ltr'><strong><em>ἔὲνθίρμεν</em></strong></span> <span class='ocrx_word' id='word_1_377' title='bbox 869 2957 978 3034; x_wconf 80' lang='grc' dir='ltr'><strong><em>ριρτους</em></strong></span> <span class='ocrx_word' id='word_1_378' title='bbox 994 2934 1034 3006; x_wconf 82' lang='grc' dir='ltr'><strong><em>εἰς</em></strong></span> <span class='ocrx_word' id='word_1_379' title='bbox 1051 2926 1247 3033; x_wconf 39' lang='grc' dir='ltr'><strong><em>πληομονὴν.’</em></strong></span> <span class='ocrx_word' id='word_1_380' title='bbox 1264 2926 1311 2994; x_wconf 81' lang='grc' dir='ltr'><strong><em>ὅτι</em></strong></span> 
     </span>
    </p>
   </div>
   <div class='ocr_carea' id='block_1_4' title="bbox 65 3006 1436 4580">
    <p class='ocr_par' dir='ltr' id='par_1_6' title="bbox 65 3006 1436 4552">
     <span class='ocr_line' id='line_1_35' title="bbox 65 3006 1311 3101; baseline -0.002 -23"><span class='ocrx_word' id='word_1_381' title='bbox 65 3008 185 3095; x_wconf 77' lang='grc' dir='ltr'><strong><em>λύσσης.</em></strong></span> <span class='ocrx_word' id='word_1_382' title='bbox 211 3018 243 3078; x_wconf 89' lang='grc' dir='ltr'><strong><em>οἰ</em></strong></span> <span class='ocrx_word' id='word_1_383' title='bbox 254 3012 287 3077; x_wconf 81' lang='grc' dir='ltr'><strong><em>δὲ</em></strong></span> <span class='ocrx_word' id='word_1_384' title='bbox 299 3015 360 3078; x_wconf 90' lang='grc' dir='ltr'><strong><em>υἰοί</em></strong></span> <span class='ocrx_word' id='word_1_385' title='bbox 371 3010 495 3099; x_wconf 73' lang='grc' dir='ltr'><strong><em>Ἰσραὴλ</em></strong></span> <span class='ocrx_word' id='word_1_386' title='bbox 507 3006 673 3098; x_wconf 75' lang='grc' dir='ltr'><strong><em>ἐπορεύθη·</em></strong></span> <span class='ocrx_word' id='word_1_387' title='bbox 735 3039 853 3100; x_wconf 86' lang='grc' dir='ltr'><strong><em>ηγαγετε</em></strong></span> <span class='ocrx_word' id='word_1_388' title='bbox 866 3019 941 3101; x_wconf 78' lang='grc' dir='ltr'><strong><em>ημᾶς</em></strong></span> <span class='ocrx_word' id='word_1_389' title='bbox 954 3018 993 3090; x_wconf 90' lang='grc' dir='ltr'><strong><em>εἰς</em></strong></span> <span class='ocrx_word' id='word_1_390' title='bbox 1006 3010 1060 3099; x_wconf 78' lang='grc' dir='ltr'><strong><em>τὴν</em></strong></span> <span class='ocrx_word' id='word_1_391' title='bbox 1072 3016 1178 3100; x_wconf 76' lang='grc' dir='ltr'><strong><em>ἔρημον</em></strong></span> <span class='ocrx_word' id='word_1_392' title='bbox 1191 3036 1311 3098; x_wconf 86' lang='grc' dir='ltr'><strong><em>ταυτην,</em></strong></span> 
     </span>
     <span class='ocr_line' id='line_1_36' title="bbox 66 3087 1310 3200; baseline -0.001 -38"><span class='ocrx_word' id='word_1_393' title='bbox 66 3121 122 3162; x_wconf 88' lang='grc' dir='ltr'><strong><em>σαν</em></strong></span> <span class='ocrx_word' id='word_1_394' title='bbox 133 3097 184 3163; x_wconf 80' lang='grc' dir='ltr'><strong><em>διὰ</em></strong></span> <span class='ocrx_word' id='word_1_395' title='bbox 203 3100 293 3183; x_wconf 81' lang='grc' dir='ltr'><strong><em>ξηρᾶς</em></strong></span> <span class='ocrx_word' id='word_1_396' title='bbox 309 3098 431 3179; x_wconf 79' lang='grc' dir='ltr'><strong><em>ἐνμέσῳ</em></strong></span> <span class='ocrx_word' id='word_1_397' title='bbox 443 3102 496 3200; x_wconf 63' lang='grc' dir='ltr'><strong><em>της</em></strong></span> <span class='ocrx_word' id='word_1_398' title='bbox 508 3089 672 3177; x_wconf 69' lang='grc' dir='ltr'><strong><em>θαλάσσης·</em></strong></span> <span class='ocrx_word' id='word_1_399' title='bbox 704 3095 874 3165; x_wconf 75' lang='grc' dir='ltr'><strong><em>ἀποκτεῖναι</em></strong></span> <span class='ocrx_word' id='word_1_400' title='bbox 882 3102 985 3166; x_wconf 78' lang='grc' dir='ltr'><strong><em>πᾶσαν</em></strong></span> <span class='ocrx_word' id='word_1_401' title='bbox 994 3095 1047 3181; x_wconf 81' lang='grc' dir='ltr'><strong><em>τίγν</em></strong></span> <span class='ocrx_word' id='word_1_402' title='bbox 1056 3096 1229 3183; x_wconf 77' lang='grc' dir='ltr'><strong><em>συναγωγίην</em></strong></span> <span class='ocrx_word' id='word_1_403' title='bbox 1236 3087 1310 3162; x_wconf 91' lang='grc' dir='ltr'><strong><em>ταύ-</em></strong></span> 
     </span>
     <span class='ocr_line' id='line_1_37' title="bbox 66 3175 1312 3287; baseline 0.001 -43"><span class='ocrx_word' id='word_1_404' title='bbox 66 3180 244 3267; x_wconf 77' lang='grc' dir='ltr'><strong><em>20λαβοῦσα</em></strong></span> <span class='ocrx_word' id='word_1_405' title='bbox 261 3178 437 3264; x_wconf 73' lang='grc' dir='ltr'><strong><em>δὶΜαριόμ</em></strong></span> <span class='ocrx_word' id='word_1_406' title='bbox 454 3208 474 3265; x_wconf 87' lang='grc' dir='ltr'><strong><em>η</em></strong></span> <span class='ocrx_word' id='word_1_407' title='bbox 490 3176 671 3266; x_wconf 79' lang='grc' dir='ltr'><strong><em>προφῆτιςὴ</em></strong></span> <span class='ocrx_word' id='word_1_408' title='bbox 703 3205 756 3266; x_wconf 83' lang='grc' dir='ltr'><strong><em>την</em></strong></span> <span class='ocrx_word' id='word_1_409' title='bbox 779 3185 810 3249; x_wconf 86' lang='grc' dir='ltr'><strong><em>ἰν</em></strong></span> <span class='ocrx_word' id='word_1_410' title='bbox 836 3181 919 3265; x_wconf 76' lang='grc' dir='ltr'><strong><em>λιμῷ.</em></strong></span> <span class='ocrx_word' id='word_1_411' title='bbox 957 3179 1050 3245; x_wconf 64' lang='grc' dir='ltr'><strong><em>*εἰπε</em></strong></span> <span class='ocrx_word' id='word_1_412' title='bbox 1070 3175 1218 3287; x_wconf 77' lang='grc' dir='ltr'><strong><em>δίκύριος</em></strong></span> <span class='ocrx_word' id='word_1_413' title='bbox 1234 3178 1312 3265; x_wconf 86' lang='grc' dir='ltr'><strong><em>πρός</em></strong></span> 
     </span>
     <span class='ocr_line' id='line_1_38' title="bbox 66 3258 1312 3368; baseline -0.002 -40"><span class='ocrx_word' id='word_1_414' title='bbox 66 3260 177 3348; x_wconf 74' lang='grc' dir='ltr'><strong><em>ἀδελφὴ</em></strong></span> <span class='ocrx_word' id='word_1_415' title='bbox 190 3261 307 3350; x_wconf 74' lang='grc' dir='ltr'><strong><em>Ἀαρὼν</em></strong></span> <span class='ocrx_word' id='word_1_416' title='bbox 317 3262 353 3327; x_wconf 83' lang='grc' dir='ltr'><strong><em>τὸ</em></strong></span> <span class='ocrx_word' id='word_1_417' title='bbox 366 3258 516 3345; x_wconf 89' lang='grc' dir='ltr'><strong><em>τύμπανον</em></strong></span> <span class='ocrx_word' id='word_1_418' title='bbox 529 3267 560 3327; x_wconf 82' lang='grc' dir='ltr'><strong><em>ἰν</em></strong></span> <span class='ocrx_word' id='word_1_419' title='bbox 570 3266 608 3355; x_wconf 73' lang='grc' dir='ltr'><strong><em>τῇ</em></strong></span> <span class='ocrx_word' id='word_1_420' title='bbox 620 3286 672 3346; x_wconf 78' lang='grc' dir='ltr'><strong><em>χει·</em></strong></span> <span class='ocrx_word' id='word_1_421' title='bbox 705 3269 851 3349; x_wconf 77' lang='grc' dir='ltr'><strong><em>Μωυσῆν.</em></strong></span> <span class='ocrx_word' id='word_1_422' title='bbox 872 3263 936 3329; x_wconf 87' lang='grc' dir='ltr'><strong><em>ἰδού</em></strong></span> <span class='ocrx_word' id='word_1_423' title='bbox 949 3263 1009 3342; x_wconf 77' lang='grc' dir='ltr'><strong><em>ἐγιό</em></strong></span> <span class='ocrx_word' id='word_1_424' title='bbox 1022 3259 1066 3327; x_wconf 82' lang='grc' dir='ltr'><strong><em>ύω</em></strong></span> <span class='ocrx_word' id='word_1_425' title='bbox 1079 3259 1145 3368; x_wconf 79' lang='grc' dir='ltr'><strong><em>ὑμίν</em></strong></span> <span class='ocrx_word' id='word_1_426' title='bbox 1157 3289 1266 3350; x_wconf 88' lang='grc' dir='ltr'><strong><em>αρτους</em></strong></span> <span class='ocrx_word' id='word_1_427' title='bbox 1279 3264 1312 3326; x_wconf 79' lang='grc' dir='ltr'><strong><em>ἐκ</em></strong></span> 
     </span>
     <span class='ocr_line' id='line_1_39' title="bbox 67 3340 1312 3433; baseline 0 -23"><span class='ocrx_word' id='word_1_428' title='bbox 67 3348 99 3433; x_wconf 88' lang='grc' dir='ltr'><strong><em>ρί</em></strong></span> <span class='ocrx_word' id='word_1_429' title='bbox 110 3344 212 3429; x_wconf 79' lang='grc' dir='ltr'><strong><em>αύτης,</em></strong></span> <span class='ocrx_word' id='word_1_430' title='bbox 229 3349 280 3411; x_wconf 86' lang='grc' dir='ltr'><strong><em>καί</em></strong></span> <span class='ocrx_word' id='word_1_431' title='bbox 290 3342 455 3429; x_wconf 76' lang='grc' dir='ltr'><strong><em>ἐξηλθοσαν</em></strong></span> <span class='ocrx_word' id='word_1_432' title='bbox 466 3350 562 3413; x_wconf 82' lang='grc' dir='ltr'><strong><em>πᾶσαν</em></strong></span> <span class='ocrx_word' id='word_1_433' title='bbox 575 3349 610 3411; x_wconf 86' lang='grc' dir='ltr'><strong><em>αἰ</em></strong></span> <span class='ocrx_word' id='word_1_434' title='bbox 620 3370 673 3428; x_wconf 83' lang='grc' dir='ltr'><strong><em>γυ-</em></strong></span> <span class='ocrx_word' id='word_1_435' title='bbox 704 3349 761 3412; x_wconf 82' lang='grc' dir='ltr'><em>τοῦ</em></span> <span class='ocrx_word' id='word_1_436' title='bbox 778 3345 815 3411; x_wconf 83' lang='grc' dir='ltr'><strong><em>ού</em></strong></span> <span class='ocrx_word' id='word_1_437' title='bbox 891 3350 917 3413; x_wconf 81' lang='grc' dir='ltr'><strong><em>ὗ.</em></strong></span> <span class='ocrx_word' id='word_1_438' title='bbox 941 3346 994 3411; x_wconf 88' lang='grc' dir='ltr'><strong><em>καί</em></strong></span> <span class='ocrx_word' id='word_1_439' title='bbox 1011 3345 1184 3420; x_wconf 75' lang='grc' dir='ltr'><strong><em>ἐξελεύσεται</em></strong></span> <span class='ocrx_word' id='word_1_440' title='bbox 1198 3342 1216 3410; x_wconf 90' lang='lat'>5</span> <span class='ocrx_word' id='word_1_441' title='bbox 1229 3340 1312 3419; x_wconf 77' lang='grc' dir='ltr'><strong><em>λαός,</em></strong></span> 
     </span>
     <span class='ocr_line' id='line_1_40' title="bbox 66 3423 1313 3513; baseline -0.001 -20"><span class='ocrx_word' id='word_1_442' title='bbox 66 3441 164 3504; x_wconf 86' lang='grc' dir='ltr'><strong><em>ναῖκες</em></strong></span> <span class='ocrx_word' id='word_1_443' title='bbox 188 3426 283 3494; x_wconf 85' lang='grc' dir='ltr'><strong><em>ὀπίσω</em></strong></span> <span class='ocrx_word' id='word_1_444' title='bbox 309 3427 399 3513; x_wconf 77' lang='grc' dir='ltr'><strong><em>αὐτῆς</em></strong></span> <span class='ocrx_word' id='word_1_445' title='bbox 421 3430 494 3513; x_wconf 81' lang='grc' dir='ltr'><strong><em>μετὰ</em></strong></span> <span class='ocrx_word' id='word_1_446' title='bbox 516 3423 675 3512; x_wconf 86' lang='grc' dir='ltr'><strong><em>τυμπάνων</em></strong></span> <span class='ocrx_word' id='word_1_447' title='bbox 705 3432 805 3498; x_wconf 89' lang='grc' dir='ltr'><strong><em>καίσυ</em></strong></span> <span class='ocrx_word' id='word_1_448' title='bbox 925 3423 990 3492; x_wconf 86' lang='grc' dir='ltr'><strong><em>ιτό</em></strong></span> <span class='ocrx_word' id='word_1_449' title='bbox 1009 3431 1061 3512; x_wconf 74' lang='grc' dir='ltr'><strong><em>τῆς</em></strong></span> <span class='ocrx_word' id='word_1_450' title='bbox 1074 3423 1180 3512; x_wconf 77' lang='grc' dir='ltr'><strong><em>ἶημίρας</em></strong></span> <span class='ocrx_word' id='word_1_451' title='bbox 1193 3432 1231 3501; x_wconf 84' lang='grc' dir='ltr'><strong><em>εἰς</em></strong></span> <span class='ocrx_word' id='word_1_452' title='bbox 1242 3423 1313 3510; x_wconf 78' lang='grc' dir='ltr'><strong><em>ημε</em></strong></span> 
     </span>
     <span class='ocr_line' id='line_1_41' title="bbox 66 3505 1312 3599; baseline -0.005 -21"><span class='ocrx_word' id='word_1_453' title='bbox 66 3514 120 3578; x_wconf 90' lang='grc' dir='ltr'><strong><em>καί</em></strong></span> <span class='ocrx_word' id='word_1_454' title='bbox 128 3515 233 3597; x_wconf 77' lang='grc' dir='ltr'><strong><em>χορῶν.</em></strong></span> <span class='ocrx_word' id='word_1_455' title='bbox 246 3512 414 3598; x_wconf 61' lang='grc' dir='ltr'><strong><em>Ἇίξηρχεδὲ</em></strong></span> <span class='ocrx_word' id='word_1_456' title='bbox 424 3510 674 3596; x_wconf 79' lang='grc' dir='ltr'><strong><em>αύτῶνΜαριάμ,</em></strong></span> <span class='ocrx_word' id='word_1_457' title='bbox 706 3537 776 3599; x_wconf 87' lang='grc' dir='ltr'><strong><em>ραν,</em></strong></span> <span class='ocrx_word' id='word_1_458' title='bbox 794 3509 878 3590; x_wconf 77' lang='grc' dir='ltr'><strong><em>ὅπως</em></strong></span> <span class='ocrx_word' id='word_1_459' title='bbox 887 3505 1018 3598; x_wconf 78' lang='grc' dir='ltr'><strong><em>πειράτω</em></strong></span> <span class='ocrx_word' id='word_1_460' title='bbox 1031 3506 1151 3587; x_wconf 85' lang='grc' dir='ltr'><strong><em>αύτούς,</em></strong></span> <span class='ocrx_word' id='word_1_461' title='bbox 1168 3514 1193 3574; x_wconf 81' lang='grc' dir='ltr'><strong><em>εἰ</em></strong></span> <span class='ocrx_word' id='word_1_462' title='bbox 1204 3505 1312 3592; x_wconf 89' lang='grc' dir='ltr'><strong><em>πορεύ-</em></strong></span> 
     </span>
     <span class='ocr_line' id='line_1_42' title="bbox 66 3589 1313 3682; baseline 0 -22"><span class='ocrx_word' id='word_1_463' title='bbox 66 3596 203 3674; x_wconf 82' lang='grc' dir='ltr'><strong><em>λέγουσα.</em></strong></span> <span class='ocrx_word' id='word_1_464' title='bbox 231 3594 348 3680; x_wconf 73' lang='grc' dir='ltr'><strong><em>ᾄσωμεν</em></strong></span> <span class='ocrx_word' id='word_1_465' title='bbox 364 3601 409 3681; x_wconf 81' lang='grc' dir='ltr'><strong><em>τῷ</em></strong></span> <span class='ocrx_word' id='word_1_466' title='bbox 421 3602 529 3682; x_wconf 84' lang='grc' dir='ltr'><strong><em>κυρίῳ,</em></strong></span> <span class='ocrx_word' id='word_1_467' title='bbox 554 3590 676 3672; x_wconf 73' lang='grc' dir='ltr'><strong><em>ἐνδόξως</em></strong></span> <span class='ocrx_word' id='word_1_468' title='bbox 706 3600 863 3680; x_wconf 79' lang='grc' dir='ltr'><strong><em>σονταιτῷ</em></strong></span> <span class='ocrx_word' id='word_1_469' title='bbox 875 3589 955 3679; x_wconf 83' lang='grc' dir='ltr'><strong><em>νόμῳ</em></strong></span> <span class='ocrx_word' id='word_1_470' title='bbox 966 3590 1114 3678; x_wconf 70' lang='grc' dir='ltr'><strong><em>μουνῖού.</em></strong></span> <span class='ocrx_word' id='word_1_471' title='bbox 1139 3590 1313 3661; x_wconf 53' lang='grc' dir='ltr'><strong><em>ὅκιιίἰίντινι</em></strong></span> 
     </span>
     <span class='ocr_line' id='line_1_43' title="bbox 67 3672 1436 3784; baseline -0.001 -40"><span class='ocrx_word' id='word_1_472' title='bbox 67 3677 125 3764; x_wconf 81' lang='grc' dir='ltr'><strong><em>γάρ</em></strong></span> <span class='ocrx_word' id='word_1_473' title='bbox 144 3674 326 3758; x_wconf 81' lang='grc' dir='ltr'><strong><em>δεδόξασται.</em></strong></span> <span class='ocrx_word' id='word_1_474' title='bbox 350 3685 445 3746; x_wconf 87' lang='grc' dir='ltr'><strong><em>’ίππον</em></strong></span> <span class='ocrx_word' id='word_1_475' title='bbox 463 3681 514 3744; x_wconf 89' lang='grc' dir='ltr'><strong><em>καί</em></strong></span> <span class='ocrx_word' id='word_1_476' title='bbox 526 3674 642 3765; x_wconf 74' lang='grc' dir='ltr'><strong><em>ἀναβάν</em></strong></span> <span class='ocrx_word' id='word_1_477' title='bbox 707 3685 737 3745; x_wconf 85' lang='grc' dir='ltr'><strong><em>ἐν</em></strong></span> <span class='ocrx_word' id='word_1_478' title='bbox 750 3684 788 3772; x_wconf 75' lang='grc' dir='ltr'><strong><em>τῇ</em></strong></span> <span class='ocrx_word' id='word_1_479' title='bbox 801 3677 894 3784; x_wconf 73' lang='grc' dir='ltr'><strong><em>ἡμέρη</em></strong></span> <span class='ocrx_word' id='word_1_480' title='bbox 907 3684 944 3764; x_wconf 82' lang='grc' dir='ltr'><strong><em>τῆ</em></strong></span> <span class='ocrx_word' id='word_1_481' title='bbox 956 3684 1035 3763; x_wconf 78' lang='grc' dir='ltr'><strong><em>ἰίιτη,</em></strong></span> <span class='ocrx_word' id='word_1_482' title='bbox 1047 3679 1099 3744; x_wconf 90' lang='grc' dir='ltr'><strong><em>καί</em></strong></span> <span class='ocrx_word' id='word_1_483' title='bbox 1111 3672 1313 3761; x_wconf 77' lang='grc' dir='ltr'><strong><em>ἕτοιμάοουοιν</em></strong></span> <span class='ocrx_word' id='word_1_484' title='bbox 1433 3705 1436 3710; x_wconf 92' lang='grc'><em>·</em></span> 
     </span>
     <span class='ocr_line' id='line_1_44' title="bbox 69 3703 1312 3856; baseline -0.002 -29"><span class='ocrx_word' id='word_1_485' title='bbox 69 3766 187 3846; x_wconf 75' lang='grc' dir='ltr'><strong><em>ι”βριψεν</em></strong></span> <span class='ocrx_word' id='word_1_486' title='bbox 212 3768 252 3839; x_wconf 91' lang='grc' dir='ltr'><strong><em>εἰς</em></strong></span> <span class='ocrx_word' id='word_1_487' title='bbox 282 3760 451 3829; x_wconf 85' lang='grc' dir='ltr'><strong><em>θάλασσαν.</em></strong></span> <span class='ocrx_word' id='word_1_488' title='bbox 490 3765 520 3808; x_wconf 83' lang='lat'><strong><em>²²</em></strong></span> <span class='ocrx_word' id='word_1_489' title='bbox 538 3703 677 3856; x_wconf 73' lang='grc' dir='ltr'><strong><em>ἕξῇρεόλ</em></strong></span> <span class='ocrx_word' id='word_1_490' title='bbox 707 3759 727 3828; x_wconf 82' lang='lat'>5</span> <span class='ocrx_word' id='word_1_491' title='bbox 754 3752 982 3840; x_wconf 75' lang='grc' dir='ltr'><strong><em>όνείςενεγκῶσι.</em></strong></span> <span class='ocrx_word' id='word_1_492' title='bbox 996 3751 1144 3828; x_wconf 73' lang='grc' dir='ltr'><strong><em>λαίίσται</em></strong></span> <span class='ocrx_word' id='word_1_493' title='bbox 1157 3756 1312 3828; x_wconf 81' lang='grc' dir='ltr'><strong><em>διπλοάνδ</em></strong></span> 
     </span>
     <span class='ocr_line' id='line_1_45' title="bbox 70 3841 1313 3951; baseline -0.002 -39"><span class='ocrx_word' id='word_1_494' title='bbox 70 3850 206 3931; x_wconf 76' lang='grc' dir='ltr'><strong><em>Μωυσῆς</em></strong></span> <span class='ocrx_word' id='word_1_495' title='bbox 218 3846 288 3921; x_wconf 85' lang='grc' dir='ltr'><strong><em>τούς</em></strong></span> <span class='ocrx_word' id='word_1_496' title='bbox 305 3845 387 3922; x_wconf 86' lang='grc' dir='ltr'><strong><em>υίοὺς</em></strong></span> <span class='ocrx_word' id='word_1_497' title='bbox 401 3845 525 3951; x_wconf 80' lang='grc' dir='ltr'><strong><em>’ίσραίηλ</em></strong></span> <span class='ocrx_word' id='word_1_498' title='bbox 539 3843 602 3912; x_wconf 79' lang='grc' dir='ltr'><strong><em>άπὸ</em></strong></span> <span class='ocrx_word' id='word_1_499' title='bbox 614 3856 677 3911; x_wconf 66' lang='grc' dir='ltr'><strong><em>θα·</em></strong></span> <span class='ocrx_word' id='word_1_500' title='bbox 707 3844 760 3911; x_wconf 78' lang='grc' dir='ltr'><strong><em>ἐάν</em></strong></span> <span class='ocrx_word' id='word_1_501' title='bbox 784 3841 966 3924; x_wconf 89' lang='grc' dir='ltr'><strong><em>συναγάγωσι</em></strong></span> <span class='ocrx_word' id='word_1_502' title='bbox 991 3844 1027 3910; x_wconf 89' lang='grc' dir='ltr'><strong><em>τό</em></strong></span> <span class='ocrx_word' id='word_1_503' title='bbox 1053 3843 1122 3910; x_wconf 73' lang='grc' dir='ltr'><strong><em>καθ</em></strong></span> <span class='ocrx_word' id='word_1_504' title='bbox 1144 3842 1253 3932; x_wconf 71' lang='grc' dir='ltr'><strong><em>ἡμέραν</em></strong></span> <span class='ocrx_word' id='word_1_505' title='bbox 1274 3849 1313 3922; x_wconf 88' lang='grc' dir='ltr'><strong><em>εἰς</em></strong></span> 
     </span>
     <span class='ocr_line' id='line_1_46' title="bbox 68 3926 1312 4018; baseline -0.002 -24"><span class='ocrx_word' id='word_1_506' title='bbox 68 3927 183 4015; x_wconf 83' lang='grc' dir='ltr'><strong><em>λύσσης</em></strong></span> <span class='ocrx_word' id='word_1_507' title='bbox 200 3932 345 4015; x_wconf 76' lang='grc' dir='ltr'><strong><em>ἐρυθρᾶς,</em></strong></span> <span class='ocrx_word' id='word_1_508' title='bbox 371 3932 421 3995; x_wconf 90' lang='grc' dir='ltr'><strong><em>καί</em></strong></span> <span class='ocrx_word' id='word_1_509' title='bbox 441 3933 546 4014; x_wconf 74' lang='grc' dir='ltr'><strong><em>ἢγαγεν</em></strong></span> <span class='ocrx_word' id='word_1_510' title='bbox 566 3928 677 4007; x_wconf 83' lang='grc' dir='ltr'><strong><em>αύτούς</em></strong></span> <span class='ocrx_word' id='word_1_511' title='bbox 706 3926 824 4018; x_wconf 74' lang='grc' dir='ltr'><strong><em>ἡμέραν.</em></strong></span> <span class='ocrx_word' id='word_1_512' title='bbox 850 3931 929 3995; x_wconf 71' lang='grc' dir='ltr'><strong><em>θκαί</em></strong></span> <span class='ocrx_word' id='word_1_513' title='bbox 946 3927 1007 3994; x_wconf 86' lang='grc' dir='ltr'><strong><em>εἰπε</em></strong></span> <span class='ocrx_word' id='word_1_514' title='bbox 1022 3935 1157 4013; x_wconf 73' lang='grc' dir='ltr'><strong><em>Μωυσῆς</em></strong></span> <span class='ocrx_word' id='word_1_515' title='bbox 1175 3933 1226 3995; x_wconf 91' lang='grc' dir='ltr'><strong><em>καί</em></strong></span> <span class='ocrx_word' id='word_1_516' title='bbox 1239 3927 1312 3993; x_wconf 82' lang='grc' dir='ltr'><strong><em>Ἀα-</em></strong></span> 
     </span>
     <span class='ocr_line' id='line_1_47' title="bbox 68 4008 1311 4101; baseline -0.002 -22"><span class='ocrx_word' id='word_1_517' title='bbox 68 4018 108 4089; x_wconf 83' lang='grc' dir='ltr'><strong><em>εἰς</em></strong></span> <span class='ocrx_word' id='word_1_518' title='bbox 119 4014 173 4098; x_wconf 81' lang='grc' dir='ltr'><strong><em>τίην</em></strong></span> <span class='ocrx_word' id='word_1_519' title='bbox 192 4015 299 4098; x_wconf 82' lang='grc' dir='ltr'><strong><em>ἔρημον</em></strong></span> <span class='ocrx_word' id='word_1_520' title='bbox 316 4008 407 4098; x_wconf 86' lang='grc' dir='ltr'><strong><em>Σούρ.</em></strong></span> <span class='ocrx_word' id='word_1_521' title='bbox 433 4015 484 4080; x_wconf 88' lang='grc' dir='ltr'><strong><em>καί</em></strong></span> <span class='ocrx_word' id='word_1_522' title='bbox 501 4010 675 4100; x_wconf 77' lang='grc' dir='ltr'><strong><em>ἐπορεύοντο</em></strong></span> <span class='ocrx_word' id='word_1_523' title='bbox 706 4013 767 4101; x_wconf 81' lang='grc' dir='ltr'><strong><em>ροίν</em></strong></span> <span class='ocrx_word' id='word_1_524' title='bbox 778 4010 855 4101; x_wconf 83' lang='grc' dir='ltr'><strong><em>πρός</em></strong></span> <span class='ocrx_word' id='word_1_525' title='bbox 866 4017 969 4081; x_wconf 86' lang='grc' dir='ltr'><strong><em>πᾶσαν</em></strong></span> <span class='ocrx_word' id='word_1_526' title='bbox 983 4010 1151 4098; x_wconf 70' lang='grc' dir='ltr'><strong><em>συναγωγὴν</em></strong></span> <span class='ocrx_word' id='word_1_527' title='bbox 1163 4018 1236 4080; x_wconf 82' lang='grc' dir='ltr'><strong><em>υἰιόν</em></strong></span> <span class='ocrx_word' id='word_1_528' title='bbox 1251 4011 1311 4077; x_wconf 86' lang='grc' dir='ltr'><strong><em>Ἰσ-</em></strong></span> 
     </span>
     <span class='ocr_line' id='line_1_48' title="bbox 68 4090 1313 4190; baseline -0.002 -29"><span class='ocrx_word' id='word_1_529' title='bbox 68 4109 145 4183; x_wconf 86' lang='grc' dir='ltr'><strong><em>τρείς</em></strong></span> <span class='ocrx_word' id='word_1_530' title='bbox 160 4093 267 4183; x_wconf 71' lang='grc' dir='ltr'><strong><em>ἡμέρας</em></strong></span> <span class='ocrx_word' id='word_1_531' title='bbox 279 4099 310 4161; x_wconf 80' lang='grc' dir='ltr'><strong><em>ἐν</em></strong></span> <span class='ocrx_word' id='word_1_532' title='bbox 322 4101 359 4190; x_wconf 77' lang='grc' dir='ltr'><strong><em>τῇ</em></strong></span> <span class='ocrx_word' id='word_1_533' title='bbox 370 4092 476 4183; x_wconf 74' lang='grc' dir='ltr'><strong><em>ε’ρῆμῳ,</em></strong></span> <span class='ocrx_word' id='word_1_534' title='bbox 492 4100 543 4163; x_wconf 89' lang='grc' dir='ltr'><strong><em>καί</em></strong></span> <span class='ocrx_word' id='word_1_535' title='bbox 555 4095 609 4184; x_wconf 77' lang='grc' dir='ltr'><strong><em>οὐχ</em></strong></span> <span class='ocrx_word' id='word_1_536' title='bbox 622 4095 676 4182; x_wconf 81' lang='grc' dir='ltr'><strong><em>ηύ-</em></strong></span> <span class='ocrx_word' id='word_1_537' title='bbox 706 4095 790 4183; x_wconf 75' lang='grc' dir='ltr'><strong><em>ραηλ.</em></strong></span> <span class='ocrx_word' id='word_1_538' title='bbox 816 4099 944 4185; x_wconf 76' lang='grc' dir='ltr'><strong><em>ἑσπέρας</em></strong></span> <span class='ocrx_word' id='word_1_539' title='bbox 960 4090 1124 4177; x_wconf 75' lang='grc' dir='ltr'><strong><em>γνώσεσθε,</em></strong></span> <span class='ocrx_word' id='word_1_540' title='bbox 1149 4095 1194 4164; x_wconf 80' lang='grc' dir='ltr'><strong><em>ὅτι</em></strong></span> <span class='ocrx_word' id='word_1_541' title='bbox 1213 4091 1313 4181; x_wconf 88' lang='grc' dir='ltr'><strong><em>κύριος</em></strong></span> 
     </span>
     <span class='ocr_line' id='line_1_49' title="bbox 68 4172 1313 4268; baseline -0.004 -21"><span class='ocrx_word' id='word_1_542' title='bbox 68 4205 169 4266; x_wconf 90' lang='grc' dir='ltr'><strong><em>ρισκον</em></strong></span> <span class='ocrx_word' id='word_1_543' title='bbox 184 4178 279 4268; x_wconf 68' lang='grc' dir='ltr'><strong><em>ὕδωρ,</em></strong></span> <span class='ocrx_word' id='word_1_544' title='bbox 303 4174 375 4257; x_wconf 79' lang='grc' dir='ltr'><strong><em>όόςτε</em></strong></span> <span class='ocrx_word' id='word_1_545' title='bbox 386 4181 467 4247; x_wconf 77' lang='grc' dir='ltr'><strong><em>πιεῖν.</em></strong></span> <span class='ocrx_word' id='word_1_546' title='bbox 493 4184 523 4224; x_wconf 85' lang='lat'><strong><em>²³</em></strong></span> <span class='ocrx_word' id='word_1_547' title='bbox 536 4172 632 4266; x_wconf 73' lang='grc' dir='ltr'><strong><em>ἦλθον</em></strong></span> <span class='ocrx_word' id='word_1_548' title='bbox 643 4179 675 4247; x_wconf 82' lang='grc' dir='ltr'><strong><em>δὲ</em></strong></span> <span class='ocrx_word' id='word_1_549' title='bbox 705 4179 841 4268; x_wconf 70' lang='grc' dir='ltr'><strong><em>ἐξήγαγεν</em></strong></span> <span class='ocrx_word' id='word_1_550' title='bbox 854 4177 929 4266; x_wconf 82' lang='grc' dir='ltr'><strong><em>ύμάς</em></strong></span> <span class='ocrx_word' id='word_1_551' title='bbox 941 4184 974 4247; x_wconf 79' lang='grc' dir='ltr'><strong><em>ἐκ</em></strong></span> <span class='ocrx_word' id='word_1_552' title='bbox 984 4183 1037 4260; x_wconf 78' lang='grc' dir='ltr'><strong><em>γ”ς</em></strong></span> <span class='ocrx_word' id='word_1_553' title='bbox 1046 4177 1216 4261; x_wconf 86' lang='grc' dir='ltr'><strong><em>Αἰγύπτου,</em></strong></span> <span class='ocrx_word' id='word_1_554' title='bbox 1236 4181 1250 4222; x_wconf 77' lang='lat'>⁷</span> <span class='ocrx_word' id='word_1_555' title='bbox 1262 4181 1313 4243; x_wconf 88' lang='grc' dir='ltr'><strong><em>καί</em></strong></span> 
     </span>
     <span class='ocr_line' id='line_1_50' title="bbox 68 4211 1313 4353; baseline -0.002 -24"><span class='ocrx_word' id='word_1_556' title='bbox 68 4269 108 4341; x_wconf 82' lang='grc' dir='ltr'><strong><em>εἰς</em></strong></span> <span class='ocrx_word' id='word_1_557' title='bbox 121 4267 246 4353; x_wconf 74' lang='grc' dir='ltr'><strong><em>Μεβρᾶ,</em></strong></span> <span class='ocrx_word' id='word_1_558' title='bbox 270 4267 322 4330; x_wconf 90' lang='grc' dir='ltr'><strong><em>καί</em></strong></span> <span class='ocrx_word' id='word_1_559' title='bbox 338 4262 392 4329; x_wconf 86' lang='grc' dir='ltr'><strong><em>ούκ</em></strong></span> <span class='ocrx_word' id='word_1_560' title='bbox 404 4262 546 4349; x_wconf 72' lang='grc' dir='ltr'><strong><em>ἠδύναντο</em></strong></span> <span class='ocrx_word' id='word_1_561' title='bbox 556 4278 632 4332; x_wconf 82' lang='grc' dir='ltr'><strong><em>πιεῖν</em></strong></span> <span class='ocrx_word' id='word_1_562' title='bbox 643 4269 675 4331; x_wconf 77' lang='grc' dir='ltr'><strong><em>ἰν</em></strong></span> <span class='ocrx_word' id='word_1_563' title='bbox 704 4266 790 4352; x_wconf 83' lang='grc' dir='ltr'><strong><em>πρωῒ</em></strong></span> <span class='ocrx_word' id='word_1_564' title='bbox 803 4266 919 4350; x_wconf 80' lang='grc' dir='ltr'><strong><em>ὄψεσθε</em></strong></span> <span class='ocrx_word' id='word_1_565' title='bbox 936 4265 990 4350; x_wconf 74' lang='grc' dir='ltr'><strong><em>τὴν</em></strong></span> <span class='ocrx_word' id='word_1_566' title='bbox 1004 4211 1094 4342; x_wconf 73' lang='grc' dir='ltr'><strong><em>δόξαν</em></strong></span> <span class='ocrx_word' id='word_1_567' title='bbox 1106 4270 1207 4349; x_wconf 85' lang='grc' dir='ltr'><strong><em>κυρίου</em></strong></span> <span class='ocrx_word' id='word_1_568' title='bbox 1221 4266 1251 4328; x_wconf 77' lang='grc' dir='ltr'><strong><em>ἐν</em></strong></span> <span class='ocrx_word' id='word_1_569' title='bbox 1268 4265 1313 4344; x_wconf 75' lang='grc' dir='ltr'><strong><em>τῷ</em></strong></span> 
     </span>
     <span class='ocr_line' id='line_1_51' title="bbox 69 4338 1314 4434; baseline -0.017 -8"><span class='ocrx_word' id='word_1_570' title='bbox 69 4351 203 4434; x_wconf 70' lang='grc' dir='ltr'><strong><em>Μίρύᾶς·</em></strong></span> <span class='ocrx_word' id='word_1_571' title='bbox 228 4348 334 4433; x_wconf 72' lang='grc' dir='ltr'><strong><em>πικρὸν</em></strong></span> <span class='ocrx_word' id='word_1_572' title='bbox 357 4344 415 4434; x_wconf 81' lang='grc' dir='ltr'><strong><em>γάρ</em></strong></span> <span class='ocrx_word' id='word_1_573' title='bbox 440 4338 483 4434; x_wconf 75' lang='grc' dir='ltr'><strong><em>ἦν.</em></strong></span> <span class='ocrx_word' id='word_1_574' title='bbox 513 4349 562 4418; x_wconf 79' lang='grc' dir='ltr'><strong><em>διὰ</em></strong></span> <span class='ocrx_word' id='word_1_575' title='bbox 584 4355 675 4416; x_wconf 83' lang='grc' dir='ltr'><strong><em>τοῦτο</em></strong></span> <span class='ocrx_word' id='word_1_576' title='bbox 706 4355 871 4426; x_wconf 84' lang='grc' dir='ltr'><strong><em>εἰςακοῦσαι</em></strong></span> <span class='ocrx_word' id='word_1_577' title='bbox 895 4346 949 4415; x_wconf 86' lang='grc' dir='ltr'><strong><em>τόν</em></strong></span> <span class='ocrx_word' id='word_1_578' title='bbox 972 4347 1139 4431; x_wconf 89' lang='grc' dir='ltr'><strong><em>γογγυσμὸν</em></strong></span> <span class='ocrx_word' id='word_1_579' title='bbox 1165 4343 1247 4427; x_wconf 79' lang='grc' dir='ltr'><strong><em>ύμιίν</em></strong></span> <span class='ocrx_word' id='word_1_580' title='bbox 1264 4346 1314 4407; x_wconf 85' lang='grc' dir='ltr'><strong><em>ίπί</em></strong></span> 
     </span>
     <span class='ocr_line' id='line_1_52' title="bbox 69 4425 1313 4552; baseline -0.006 -55"><span class='ocrx_word' id='word_1_581' title='bbox 69 4427 242 4514; x_wconf 77' lang='grc' dir='ltr'><strong><em>ἐπωνόμασε</em></strong></span> <span class='ocrx_word' id='word_1_582' title='bbox 254 4431 289 4497; x_wconf 87' lang='grc' dir='ltr'><strong><em>τὸ</em></strong></span> <span class='ocrx_word' id='word_1_583' title='bbox 307 4430 401 4516; x_wconf 82' lang='grc' dir='ltr'><strong><em>ὄνομα</em></strong></span> <span class='ocrx_word' id='word_1_584' title='bbox 420 4437 472 4498; x_wconf 79' lang='grc' dir='ltr'><strong><em>τοῦ</em></strong></span> <span class='ocrx_word' id='word_1_585' title='bbox 490 4428 586 4500; x_wconf 86' lang='grc' dir='ltr'><strong><em>τύπου</em></strong></span> <span class='ocrx_word' id='word_1_586' title='bbox 605 4438 676 4501; x_wconf 63' lang='grc' dir='ltr'><strong><em>ίκείκ</em></strong></span> <span class='ocrx_word' id='word_1_587' title='bbox 690 4488 693 4493; x_wconf 87' lang='grc'><em>.</em></span> <span class='ocrx_word' id='word_1_588' title='bbox 705 4439 749 4520; x_wconf 76' lang='grc' dir='ltr'><strong><em>τῷ</em></strong></span> <span class='ocrx_word' id='word_1_589' title='bbox 762 4440 833 4520; x_wconf 82' lang='grc' dir='ltr'><strong><em>θεῷ.</em></strong></span> <span class='ocrx_word' id='word_1_590' title='bbox 852 4430 930 4519; x_wconf 74' lang='grc' dir='ltr'><strong><em>ἡμεῖς</em></strong></span> <span class='ocrx_word' id='word_1_591' title='bbox 942 4431 972 4497; x_wconf 75' lang='grc' dir='ltr'><strong><em>δὲ</em></strong></span> <span class='ocrx_word' id='word_1_592' title='bbox 986 4436 1017 4495; x_wconf 90' lang='grc' dir='ltr'><strong><em>τί</em></strong></span> <span class='ocrx_word' id='word_1_593' title='bbox 1028 4434 1121 4513; x_wconf 79' lang='grc' dir='ltr'><strong><em>ἐσμεν,</em></strong></span> <span class='ocrx_word' id='word_1_594' title='bbox 1135 4425 1181 4491; x_wconf 80' lang='grc' dir='ltr'><strong><em>ότι</em></strong></span> <span class='ocrx_word' id='word_1_595' title='bbox 1194 4429 1313 4552; x_wconf 67' lang='grc' dir='ltr'><strong><em>διαγμγ-</em></strong></span> 
     </span>
    </p>

    <p class='ocr_par' dir='ltr' id='par_1_7' title="bbox 1221 4525 1315 4580">
     <span class='ocr_line' id='line_1_53' title="bbox 1221 4525 1315 4580; baseline -0.021 -14"><span class='ocrx_word' id='word_1_596' title='bbox 1221 4525 1315 4580; x_wconf 58' lang='lat' dir='ltr'><strong><em>mm</em></strong></span> 
     </span>
    </p>
   </div>
   <div class='ocr_carea' id='block_1_5' title="bbox 0 0 1475 4972">
    <p class='ocr_par' dir='ltr' id='par_1_8' title="bbox 0 0 1475 4972">
     <span class='ocr_line' id='line_1_54' title="bbox 0 0 1475 4972; baseline 0 0"><span class='ocrx_word' id='word_1_597' title='bbox 0 0 1475 4972; x_wconf 95' lang='lat' dir='ltr'><strong><em> </em></strong></span> 
     </span>
    </p>
   </div>
  </div>
 </body>
</html>
