2924 4972
165 221 231 284 ιιι
359 218 813 280 Δπννσνοινοιυιοιυ
851 204 1199 292 Κισνγνυῖσκυί.

166 327 222 417 ράς
235 356 300 395 σου.
328 332 378 393 καὶ
398 322 483 392 οὗτοι
507 325 564 392 ὐπὸ
584 327 616 392 σὲ
636 334 698 393 εὶσί.
725 331 774 392 καὶ
805 325 893 390 εἶπεν.
917 322 1100 410 εὐφράνθητι
1112 323 1281 408 Ζαβουλὼν
1298 327 1329 388 εἰ·
1343 329 1408 402 ἐξο-

168 416 290 488 ἐδέξατο
304 411 368 476 ἀπὸ
381 416 441 475 τῶν
454 405 552 487 λόγων
570 408 668 476 αὐτοῦ
693 411 709 452 ⁴
723 407 774 475 νό-
805 411 854 491 δίῳ
870 435 934 486 σου,
946 410 998 473 καὶ
1011 401 1153 511 Ἰσσάχαρ
1171 408 1202 470 ἐν
1219 417 1282 481 τοῖς
1296 406 1407 490 σκηναί.

168 521 232 577 μον,
245 492 279 559 δν
292 494 452 559 ἐνετείλατο
466 489 531 574 ήμῑν
544 499 688 576 Μωυσῆς,
702 494 772 576 κλη-
804 516 891 574 μασιν
908 491 1012 556 αὐτοῦ.
1039 492 1153 573 1λε’θνη
1170 488 1408 574 ἐξολοθρεόσου-

170 584 311 662 ρονομίαν
335 581 520 654 συναγωγαῖς
541 573 660 664 Ἰακώβ.
697 579 774 640 ὗκαὶ
805 602 843 640 σι.
870 578 921 640 καὶ
933 575 1144 639 ἐπικαλέσεσθε
1157 575 1225 645 ἐκεῖ,
1238 575 1289 636 καὶ
1302 568 1407 638 θύσετε

170 667 254 726 ἔσται
268 663 300 724 ἒν
312 665 355 742 τῷ
370 657 546 744 ήγαπημένῳ
560 658 668 742 ἀρχων,
682 685 773 725 συνα-
804 662 862 722 ἐκεῖ
871 664 981 722 θυσίαν
994 651 1191 739 δικαιοσύνης,
1217 651 1264 718 ότι
1276 655 1406 731 πλοῦτος

166 748 305 847 χθέντων
329 737 478 842 ἀρχόντων
490 741 573 807 λαῶν
586 743 647 824 ἅμα
667 743 773 821 φυλαῖς
803 735 961 825 θαλάσσης
984 735 1108 823 θηλάσει
1132 763 1180 813 σε,
1204 741 1255 803 καὶ
1280 735 1406 824 ἐμπόρια

174 822 296 909 Ισραήλ.
321 821 566 910 6ζητωῬουβήν,
579 826 628 889 καὶ
640 823 679 907 μή
692 823 773 890 ἀπο·
803 819 953 907 παράλιον
977 815 1202 888 κατοικούντων.
1242 824 1273 864 ²⁰
1287 824 1337 886 καὶ
1362 827 1405 904 τῷ

168 912 306 983 θανέτω,
331 911 382 972 καὶ
400 909 475 971 ε”στω
488 905 581 982 πολύς
598 913 630 973 έν
642 907 771 993 ἀριθμῷ.
803 910 836 969 Γ
833 907 872 970 ἀδ
884 905 970 971 εἶπεν.
1007 903 1198 988 εὐλογημένος
1211 901 1406 987 ἒμπλατύνων

170 994 183 1034 ⁷
196 993 247 1054 καὶ
266 986 341 1074 αὐτη
358 987 469 1055 Ἰούδα.
505 986 675 1065 είςάκουοον
693 989 772 1077 κύριε
802 993 836 1051 Γ
833 985 881 1053 άδ.
894 988 935 1063 ῶς
946 989 1021 1054 λέων
1032 981 1231 1060 ἀνεπαύσατο,
1242 994 1406 1074 συντρίψας

170 1079 269 1158 φωνῆς
279 1071 394 1148 Ἰούδα,
407 1077 457 1138 καὶ
470 1078 507 1149 είς
522 1071 573 1137 τόν
587 1073 661 1138 λαὸν
675 1073 772 1139 αὐτοῦ
801 1076 947 1159 βραχίονα
972 1073 1023 1136 καὶ
1047 1070 1187 1156 ἀρχοντα.
1227 1073 1254 1112 ²¹
1267 1074 1318 1135 καὶ
1336 1071 1407 1135 εἶδεν

170 1157 276 1232 ἔλθοις
288 1155 336 1221 ἀν.
351 1161 384 1222 αὶ
395 1170 481 1240 χεῖρες
494 1154 590 1221 αὐτοῦ
605 1159 773 1242 διακρινοάε
803 1154 942 1239 ἀπαρχήν
957 1152 1065 1231 αὐτοῦ,
1077 1153 1124 1218 ότι
1138 1156 1198 1218 ἐκεῖ
1213 1156 1353 1237 ἐμερίσθη
1365 1160 1406 1237 γῆ

169 1264 215 1304 σιν
228 1239 322 1323 αὐτῷ,
335 1243 386 1314 καὶ
402 1237 519 1325 βοηθός
535 1244 567 1305 ἐκ
580 1246 641 1305 τῶν
653 1244 773 1327 ἐχθρῶν
803 1234 954 1323 ἀρχόντων
978 1243 1160 1321 συνηγμένων
1184 1232 1246 1318 ἀμα
1269 1235 1407 1321 ἀρχηγοῖς

169 1325 232 1406 ἔση.
259 1325 338 1392 θκαὶ
356 1329 399 1406 τῷ
417 1326 495 1387 Λευὶ
514 1321 584 1386 εἷπε.
616 1324 683 1388 δότε
699 1326 773 1388 Λευὶ
803 1322 893 1385 λαῶν.
931 1317 1118 1405 δικαιοσύνην
1149 1316 1248 1403 κύριος
1278 1323 1406 1402 ἐποίησε,

169 1396 276 1487 δήλους
302 1405 408 1480 αὐτοῦ,
433 1407 485 1477 καὶ
509 1401 653 1488 ἀλήθειαν
677 1405 772 1474 αὐτοῦ
802 1407 883 1480 καὶκ
901 1402 1069 1478 ίσιναύτοῦ
1079 1401 1294 1490 μετάἸσραήλ,
1322 1406 1408 1469 22καὶ

169 1494 213 1569 τῷ
228 1487 367 1572 ἀνδρὶτῷ
381 1484 474 1570 ὁσίῳ,
499 1484 533 1551 δν
545 1490 705 1574 ἐπείρασαν
718 1488 773 1554 αὐ,-
803 1492 847 1570 τῴ
861 1430 1025 1560 ώύινείπεν,
1061 1483 1127 1562 Δάν
1140 1482 1264 1568 σκύμνος
1277 1486 1406 1562 λέοντος,

170 1572 222 1634 τὸν
236 1574 266 1634 έν
284 1576 381 1654 πείρᾳ.
409 1565 602 1655 ἐλοιδόρησαν
619 1569 714 1636 αὐτὸν
726 1570 770 1653 ἐφ’
786 1597 790 1637 ι
804 1573 854 1634 καὶ
866 1567 1058 1655 ἐκπηδήσεται
1075 1574 1108 1635 ἐκ
1125 1573 1181 1633 τοῦ
1192 1564 1298 1655 βασάν,
1323 1571 1408 1633 23καὶ

172 1651 279 1728 ύδατος
292 1650 469 1735 ἀντιλογίας.
495 1650 532 1717 ⁰5
547 1652 640 1732 λέγων
653 1659 697 1738 τῷ
709 1682 771 1720 πα·
803 1658 847 1735 τῷ
860 1654 1007 1735 Νεφθᾳλὶ
1018 1652 1088 1719 εἶπε.
1115 1651 1262 1733 Νερθαλὶ
1273 1652 1406 1736 πλησμο·

172 1741 220 1822 τρὶ
233 1739 283 1800 καὶ
295 1741 333 1830 τῇ
351 1739 440 1822 μητρὶ
452 1733 506 1820 οὐχ
523 1733 642 1822 ἑώρακά
655 1763 697 1814 σε,
722 1739 773 1802 καὶ
803 1735 837 1820 νή
850 1739 968 1803 δεκτῶν.
995 1739 1046 1806 καὶ
1059 1731 1260 1823 ἓμπλησθήτω
1273 1733 1407 1812 εὐλογίας

169 1822 240 1893 τοὺς
252 1817 397 1900 ἀδελφούς
410 1817 507 1884 αὐτοῦ
519 1817 574 1884 οὐκ
587 1825 710 1898 ἐπέγνω,
721 1823 773 1884 καὶ
803 1822 888 1905 παρά
913 1826 1024 1907 κυρίου.
1074 1819 1236 1885 θάλασσαν
1261 1820 1311 1883 καὶ
1337 1819 1406 1904 λίβα

169 1901 241 1976 τοὺς
267 1902 351 1977 υἱούς
373 1900 468 1968 αὐτοῦ
491 1899 621 1981 ἀπέγνω.
648 1901 773 1985 ἐφύλαξε
803 1900 1021 1992 κληρονομήσει.
1052 1903 1084 1945 ²⁴
1096 1904 1146 1968 καὶ
1164 1900 1303 2002 τῷἈσήρ
1318 1900 1405 1967 εἶπεν.

172 1986 210 2049 τά
224 1982 311 2062 λόγιά
326 2012 398 2060 σου,
423 1987 474 2050 καὶ
491 1985 545 2069 τήν
556 1983 705 2072 διαθήκην
719 2013 772 2053 σου
803 1983 993 2070 εὐλογημενος
1014 1983 1076 2052 ἀπὸ
1099 1989 1208 2055 τέκνων
1227 1983 1326 2071 Ἀσηρ.
1355 1989 1408 2050 καὶ

169 2067 324 2154 διετήρησε.
363 2071 391 2112 ¹⁰
405 2065 568 2155 δηλώσουσι
592 2069 631 2135 τά
654 2065 773 2135 δικαιώ-
803 2072 885 2136 έοται
899 2067 998 2147 δεκτός
1009 2083 1073 2145 τοῖς
1083 2068 1219 2151 ἀδελφοῖς
1232 2066 1337 2134 αὐτοῦ.
1348 2065 1408 2155 βά-

171 2150 252 2237 ματά
266 2178 321 2217 σου
339 2156 385 2234 τῷ
400 2148 523 2238 Ἰακώβ,
548 2155 599 2217 καὶ
617 2152 671 2218 τὸν
681 2151 773 2238 νόμον
831 2179 854 2218 ει
867 2159 898 2219 ἐν
910 2155 1002 2239 ἐλαίῳ
1022 2153 1075 2217 τόν
1091 2151 1174 2219 πόδα
1188 2149 1291 2217 αὐτοῦ.
1316 2154 1346 2194 ²⁵
1360 2159 1407 2217 σί-

172 2262 228 2300 σου
241 2241 284 2316 τῷ
296 2230 424 2321 Ἰσραήλ.
451 2233 624 2340 ἐπιθήσουσι
638 2241 773 2321 θυμίαμα
803 2172 890 2323 δηρος
908 2241 959 2339 καὶ
975 2234 1082 2339 χαλκός
1101 2233 1136 2300 τό
1157 2231 1294 2342 ὑπόδημα
1305 2234 1408 2336 ἀὐτοῦ

808 2323 824 2343 W

171 2322 203 2382 ἐν
216 2317 291 2413 ἀργῇ
303 2344 356 2384 σου
373 2319 534 2395 διαπαντος
551 2323 601 2385 ἐπὶ
616 2321 651 2386 τὸ
664 2331 774 2386 θυσια-
804 2345 896 2385 εσται.
923 2347 964 2396 ως
977 2325 1011 2385 αί
1023 2323 1126 2425 ημέραι
1140 2345 1195 2385 σου
1212 2347 1230 2402 ιχ
1251 2324 1329 2404 ίσχυς
1342 2345 1406 2385 σου.

171 2398 300 2510 ι’ττήιριόνθ
313 2428 377 2467 σου.
404 2407 428 2445 ¹¹
443 2398 604 2508 εὐλόγησαν
622 2400 702 2490 κύριε
720 2403 774 2488 τήν
803 2404 834 2446 ²⁶
846 2400 901 2467 οὐκ
919 2406 998 2470 ἔστιν
1021 2429 1115 2488 ωςπερ
1134 2399 1151 2469 ό
1170 2401 1243 2478 θεὸς
1259 2405 1314 2466 τοῦ
1332 2401 1407 2506 {ya-

170 2512 251 2591 ιοχυν
264 2491 369 2564 αυτοῦ,
395 2489 447 2552 καὶ
458 2512 496 2554 τα
510 2491 584 2573 ἔργα
595 2493 658 2560 τῶν
670 2493 774 2574 χειρῶν
803 2489 942 2570 πημένου.
968 2484 986 2552 ό
1005 2492 1164 2573 ἐπιβαίνων
1183 2487 1233 2555 ἐπὶ
1249 2485 1301 2550 τόν
1314 2512 1407 2573 ουρα-

171 2575 267 2635 αυτοῦ
278 2571 367 2646 δέξαι.
407 2567 536 2646 κάταξον
551 2568 644 2652 ἀςιγύν
656 2574 774 2656 ἐχθρῶν
804 2571 856 2638 νόν
869 2567 987 2659 βοηθός
1000 2597 1066 2647 σου,
1088 2573 1140 2636 καὶ
1152 2565 1169 2634 ό
1182 2568 1408 2654 μεγαλοπρεπής

171 2649 411 2733 έπανεστηκότων
424 2651 519 2734 αὐτῷ,
544 2654 596 2719 καὶ
612 2658 643 2719 σί
654 2658 774 2735 μισούν-
804 2658 857 2719 τοῦ
872 2651 1082 2740 στερεώματος.
1120 2656 1150 2697 ²⁷
1162 2655 1212 2716 καὶ
1225 2650 1363 2717 σκεπάσει
1377 2679 1407 2725 σε

171 2759 216 2808 τες
226 2731 323 2798 αὐτόν
334 2733 374 2816 μή
389 2731 614 2818 ἀναστήτωσαν.
633 2739 717 2802 12καὶ
728 2741 774 2822 τῶ
803 2741 880 2802 θεοῦ
893 2736 984 2823 ἀρχή,
1010 2741 1061 2803 καὶ
1073 2733 1133 2802 ὐπό
1148 2733 1228 2839 ὶσχύν
1239 2733 1408 2819 βραχιόνων

171 2819 315 2899 Βενιαμὶν
331 2815 416 2881 εἶπεν.
444 2815 630 2901 ήγαπημένος
648 2815 708 2884 ὐπό
721 2847 774 2884 κυ-
804 2816 926 2885 ἀενάων.
964 2823 1015 2886 καὶ
1033 2819 1150 2908 ἐκβαλεῖ
1164 2816 1226 2882 απὸ
1243 2815 1408 2902 προςώπου

170 2906 237 2985 ρίου
256 2896 477 2983 κατασκηνώσει
496 2901 667 2980 πεποιθώς,
692 2901 773 2969 καὶὸ
805 2930 859 2970 σου
872 2903 995 2990 ἐχθρὸν,
1021 2904 1121 2980 λέγων.
1147 2896 1284 2966 ἀπόλοιο.
1310 2902 1341 2942 ²⁸
1355 2906 1410 2967 καὶ

169 2984 241 3057 θεὸς
255 2980 361 3060 σκιάζει
381 2981 424 3048 ἐπ’
445 2982 530 3068 αὐτῶ
546 2982 648 3061 πάσας
665 2983 720 3064 τάς
736 2984 774 3075 ἦ·
804 2984 1024 3071 κατασκηνώσει
1040 2984 1161 3071 Ἰσραήλ
1177 2980 1334 3059 πεποιθώς
1352 2981 1408 3066 μό-

168 3071 270 3150 μέρας,
284 3069 335 3132 καὶ
347 3064 496 3148 ἀναμέσον
505 3075 565 3132 τῶν
578 3068 666 3150 ώμων
678 3070 774 3136 αὐτοῦ
804 3095 854 3145 νος
867 3071 916 3135 ἐπὶ
927 3077 979 3174 γῇς
990 3068 1106 3158 Ἰακώβ.
1121 3071 1169 3135 ἐπὶ
1179 3075 1253 3151 σίτῳ
1262 3071 1312 3132 καὶ
1324 3072 1405 3152 οἴνῳ.

170 3153 345 3215 κατέπαυσε.
383 3152 411 3192 ¹³
424 3153 476 3216 καὶ
497 3157 541 3233 τῴ
556 3150 670 3235 Ἰωσήφ
687 3153 772 3219 εἶπεν.
804 3155 855 3217 καὶ
880 3149 898 3215 ὃ
924 3151 1053 3238 ουρανός
1074 3181 1120 3222 σοι
1133 3151 1272 3235 συννεφής
1296 3148 1405 3256 δρόσῳ.

170 3231 223 3297 ἀπ’
240 3231 375 3312 εὐλογίας
388 3241 490 3320 κυρίου
509 3233 578 3321 ήγῆ
592 3233 697 3312 αὐτοῦ,
710 3235 773 3302 ἀπό
804 3238 834 3291 2⁹
847 3232 991 3321 μακάριος
1018 3235 1056 3302 οὐ
1079 3233 1209 3321 Ἰσραήλ.
1235 3241 1280 3309 τίς
1304 3234 1406 3314 ,ὅμοιός

170 3312 258 3399 ῶρῶν
273 3315 407 3404 οὐρανοῦ
425 3321 476 3384 καὶ
492 3317 613 3404 δρόσου,
640 3322 692 3386 καὶ
709 3317 772 3386 ἀπὸ
805 3344 854 3383 σοι
863 3318 934 3394 λαὸς
945 3315 1107 3403 σωζόμενος
1117 3320 1175 3385 ὐπὸ
1185 3323 1305 3401 κυρίους
1315 3315 1407 3403 ὑπερ·

169 3396 307 3507 ἀβύσσων
319 3406 423 3486 πηγῶν
434 3400 578 3469 κάτωθεν.
602 3403 632 3446 ¹*
638 3406 689 3469 καὶ
701 3402 776 3473 καθ’.
804 3414 904 3478 ασπιεῐ
918 3399 935 3467 ὁ
960 3400 1076 3490 βοηθός
1088 3430 1156 3480 σου,
1183 3406 1235 3468 καὶ
1246 3399 1265 3485 ἢ
1276 3397 1406 3487 μάχαιρα

171 3484 255 3572 ω’ραν
267 3480 453 3570 γεννημάτων
466 3482 551 3569 ήλίου
564 3491 694 3572 τροπῶν,
723 3490 774 3552 καὶ
805 3483 940 3571 καύχημά
955 3514 1017 3552 σου.
1032 3489 1082 3551 καὶ
1097 3484 1260 3570 ψεύσονταί
1271 3510 1303 3550 σε
1316 3489 1346 3549 οὶ
1358 3489 1403 3568 ἐχ-

169 3568 233 3634 ἀπό
248 3571 379 3635 συνόδων
390 3574 500 3654 μηνῶν,
524 3570 551 3617 ¹⁶
567 3567 630 3634 ἀπὸ
641 3577 774 3655 κορυφῆς
804 3576 881 3653 θροί
897 3595 970 3645 σου,
996 3573 1048 3634 καὶ
1067 3570 1104 3636 οὐ
1122 3572 1172 3635 ἐπὶ
1188 3567 1242 3635 τόν
1259 3565 1406 3654 τράχηλον

170 3649 265 3734 ὀρέων
279 3651 384 3753 ἀρχῆς,
410 3653 461 3715 καὶ
479 3650 542 3716 ἀπὸ
560 3658 690 3737 κορυφῆς
702 3657 773 3740 βου-
804 3652 903 3720 αὐτῶν
915 3651 1052 3743 ἐπιβήση.

170 3738 228 3795 νῶν
247 3731 369 3797 ἀεναων.
414 3737 442 3778 ¹⁶
456 3736 507 3800 καὶ
526 3733 596 3800 καθ’
621 3732 703 3801 ῶαν
718 3743 773 3822 γῆς
837 3789 840 3795 .
978 3727 1101 3802 ΚῈΦ.
1144 3731 1230 3800 ΛΔ’.

169 3809 358 3897 πληρώσεως.
373 3819 423 3882 καὶ
436 3817 474 3882 τά
487 3818 573 3884 δεκτά
587 3825 631 3905 τῷ
646 3826 772 3901 οηθέντι
803 3787 885 3885 Καὶ
907 3819 996 3909 ἀνέβη
1020 3825 1157 3902 Μωυσῆς
1179 3815 1242 3883 ἀπὸ
1262 3818 1408 3905 Ἀραβὼθ

169 3900 199 3960 ἐν
212 3902 250 3986 τῇ
260 3892 344 3982 βάτῳ
353 3901 495 3968 ἔλθοισαν
503 3904 554 3968 ἐπὶ
565 3904 695 3986 κεφαλήν
704 3902 771 3966 Ἰω-
801 3904 910 3986 Μωάβ
922 3906 972 3967 ἐπὶ
985 3902 1020 3968 τὸ
1035 3901 1105 3988 ἀρσς
1117 3907 1240 3987 Ναβαῑι,
1253 3904 1303 3966 ἐπὶ
1315 3927 1408 3986 κορυ·

170 3978 245 4060 οήῳ,
272 3984 322 4046 καὶ
335 3985 386 4047 έπὶ
401 3990 531 4068 κορυφῆς
548 3987 706 4060 δοξασθεὶς
724 3985 768 4050 ἐπ’
803 3984 862 4067 ῳήν
877 3984 987 4062 Φασγά
1001 3984 1018 4068 ή
1032 3991 1093 4050 ἐστι
1111 3988 1163 4050 ἐπὶ
1173 3979 1342 4070 προσώπου
1350 3984 1408 4048 Ἱε-

169 4061 317 4142 ἀδελφοῖς.
355 4067 382 4107 ¹⁷
395 4063 591 4150 πρωτότοκος
610 4063 722 4148 ταύρου
735 4068 770 4133 τὸ
803 4065 883 4153 ριχώ.
910 4071 961 4132 καὶ
979 4071 1082 4146 ε’δειξεν
1095 4068 1179 4150 αὐτῶ
1194 4067 1294 4153 κύριος
1305 4074 1408 4134 πᾶσαν

168 4145 277 4247 κάλλος
302 4145 407 4247 αὐτοῦ.
433 4151 544 4232 κέρατα
567 4153 772 4235 μονοκέρωτος
801 4151 855 4234 τήν
865 4156 920 4253 γην
932 4152 1062 4218 Γαλαὰδ
1075 4159 1130 4227 ἕως
1145 4148 1217 4216 Δάν.
1255 4153 1334 4215 12καὶ
1344 4156 1408 4216 πᾶ-

169 4253 207 4292 τα
219 4231 332 4315 κέρατα
344 4233 448 4293 αυτοῦ.
479 4234 510 4294 έν
523 4229 625 4306 αὐτοῖς
638 4235 711 4317 ἐθνη
724 4260 771 4298 κε-
802 4260 856 4300 οαν
868 4261 921 4319 την
933 4240 988 4320 γῆν
999 4237 1162 4316 Νεσθαλὶ,
1175 4237 1226 4300 καὶ
1238 4239 1342 4300 πᾶσαν
1353 4234 1408 4316 τήν

167 4309 354 4398 ρατιεῖάμα,
381 4314 435 4386 «ἕως
453 4309 503 4378 ἀπ’
520 4311 614 4406 ἄκρου
622 4320 686 4418 γῆς.
715 4311 770 4383 αὐ·
801 4317 1004 4403 γήνἘῳραὶμ,
1030 4323 1081 4384 καὶ
1093 4323 1257 4400 Μανασσῆ,
1282 4319 1335 4381 καὶ
1346 4322 1410 4382 πᾶ·

169 4421 219 4462 ται
231 4392 369 4482 μυριάδες
379 4393 519 4480 Ἐφραὶμ,
532 4400 583 4464 καὶ
596 4425 686 4464 αυται
698 4403 770 4486 χιλι-
802 4429 859 4467 σαν
871 4401 924 4486 τήν
936 4408 990 4486 γῆν
1000 4398 1103 4467 Ἰούδα
1122 4408 1177 4476 ἕως
1190 4405 1241 4483 τῆς
1254 4397 1409 4486 θαλάσσης

167 4478 232 4558 άδες
246 4485 410 4566 Μανασσῆ.
441 4482 470 4525 ¹⁸
482 4484 532 4548 καὶ
549 4485 593 4569 τῶ
606 4484 770 4571 Ζαβουλῶν
802 4490 854 4570 τῆς
880 4484 1010 4571 ἐσχάτης.
1038 4487 1117 4550 3καὶ
1144 4486 1196 4570 τήν
1221 4488 1338 4571 ἔρημον,
1358 4485 1411 4585 καὶ

1369 4594 1409 4632 τα
