2924 4972
110 320 301 395 πεπτωκότα,
314 323 365 385 καί
378 321 542 405 στήσαντος
554 319 655 396 πάλας
667 324 718 386 καί
747 331 830 405 χεῖρα
843 318 954 396 αὑτοῦ,
978 325 1029 387 καί
1041 325 1171 390 ἔσπεισεν
1184 325 1215 400 ἔξ
1227 327 1354 407 αἵματος

110 401 253 490 μοχλοὺς,
266 407 317 467 καί
329 403 532 488 άνεγείραντος
544 403 584 468 τά
598 403 718 470 οίκόπε·
749 402 910 487 σταφυλῆς.
935 405 1042 487 ἐξέχεεν
1055 409 1093 480 εἰς
1104 407 1228 508 θεμελια
1241 417 1352 473 θυσια-

111 489 151 552 δα
164 485 252 570 ήμῶν.
279 486 307 529 ¹⁴
321 486 394 552 οὐδὲ
406 488 444 562 είς
456 490 579 571 ἐκτίσθη
592 487 656 562 σίας
665 485 718 550 ’E-
749 492 872 570 στηρίου
891 485 983 570 ὀσμήν
996 485 1117 563 εὐωδίας
1137 495 1258 573 υψίστῳ
1271 518 1353 573 παμ-

112 568 171 653 νῶχ
193 574 332 644 τοιοῦτος
355 573 405 634 ἐπὶ
426 576 477 653 τής
497 575 561 654 γής,
585 572 636 634 καί
657 567 717 654 γάρ
747 568 870 655 βασιλεῖ.
895 570 923 611 ¹⁶
935 564 1005 634 τότε
1023 568 1186 656 ἀνέκραγον
1203 574 1262 635 υίοί
1279 570 1352 639 ’Λα-

113 650 204 727 αὑτός
216 649 371 736 ἀνελήφθη
383 651 446 718 άπὸ
457 658 511 735 τής
522 660 583 736 γής.
610 654 636 696 ¹⁵
646 650 717 718 οὑδὲ
748 649 827 753 ρών,
851 655 882 716 έν
907 645 1061 730 σάλπιγξιν
1076 655 1206 728 ἐ’λαταῖς
1230 652 1352 755 ήχησαν.

113 736 154 811 ῶς
162 733 277 819 Ἰωσήφ
290 734 429 822 ἐγεννήθη
442 735 534 820 ἀνήρ,
558 733 718 820 ήγοὺμενος
748 735 898 818 ακουστήν
908 739 1053 818 ἐποίησαν
1064 736 1166 818 φωνήν
1174 738 1301 821 μεγάλην
1314 742 1354 814 είς

112 817 260 897 ἀδελφῶν,
286 816 433 905 στήριγμα
450 820 538 894 λαοὺ,
555 822 607 883 καί
623 817 664 884 τά
683 818 715 883 ό-
747 815 929 900 μνημόσυνον
952 821 1053 883 ἔναντι
1069 817 1209 901 ὑψίστου.
1245 820 1271 861 ¹⁷
1283 814 1354 885 τότε

113 906 172 966 στῶ
186 899 283 965 αὑτοῦ
295 905 504 986 ίπεσκέπησαν.
541 903 570 944 ¹⁶
581 901 652 986 Σήμ
665 905 716 968 καί
747 904 806 975 πᾶς
819 900 837 965 ὁ
851 900 1353 984 λαόςκοινήκατέσπευσε,καίέπε·

112 981 186 1066 Σήθ
203 986 235 1047 έν
253 982 427 1070 άνθριόποις
444 981 653 1067 ἐδοξάσθησαν
664 989 716 1051 καί
748 1007 803 1047 σαν
815 985 864 1048 ἐπὶ
876 971 1036 1069 πρόςωιίσν
1048 986 1099 1050 έπί
1112 984 1166 1068 τήν
1178 990 1245 1069 γήν,
1258 1011 1352 1070 προς-

111 1065 185 1151 ὑπέρ
199 1072 261 1132 πᾶν
274 1071 350 1143 ζῶον
362 1072 393 1132 ἐν
406 1073 444 1161 τῇ
456 1072 546 1132 κτίσει
554 1064 657 1151 Ἀδάμ.
747 1070 870 1149 κυνήσαι
888 1071 933 1150 τῳ
951 1073 1046 1154 κυρίῳ
1060 1066 1160 1133 αὑτῶν
1176 1064 1352 1153 παντοκρά-

298 1155 331 1212 Κ
343 1157 372 1212 E
385 1156 423 1214 (Ι).
468 1146 525 1214 N'.
747 1174 813 1233 τορι
830 1153 896 1231 θεῷ
912 1155 956 1233 τῷ
977 1150 1105 1234 ὑψίστῳ.
1131 1150 1160 1192 ²⁸
1172 1152 1225 1215 καί
1241 1149 1352 1250 ήνεοαν

111 1196 234 1310 Σίμων
249 1229 352 1296 Ὀνίου
375 1231 441 1307 υίὸς
461 1229 587 1316 ἴερεὺςὸ
613 1236 714 1314 μέγας,
747 1234 777 1294 οί
801 1230 962 1315 ψαλμιμδοί
987 1235 1021 1298 ἐν
1046 1243 1160 1315 φωναῖς
1173 1231 1293 1308 αὑτων,
1318 1235 1352 1300 ἔν

111 1311 145 1387 ὃς
157 1318 188 1377 ἐν
215 1318 260 1400 ωή
273 1312 371 1378 αὑτοῦ
382 1312 552 1402 ὑπέρραψεν
564 1314 716 1392 σίκον,καί
746 1312 875 1398 πλείστῳ
887 1316 962 1398 οἴκῳ
974 1311 1145 1398 ἕγλυκάνθη
1158 1315 1255 1399 μέλος.
1267 1316 1353 1381 19καί

110 1399 144 1459 ἕν
157 1392 278 1480 ήμέραις
290 1396 385 1462 αὑτοῦ
398 1401 461 1463 ίστε
480 1403 550 1464 έωσε
562 1399 618 1463 τὸν
628 1394 715 1464 ναόν.
747 1392 904 1480 ἐδεήθηό
929 1395 1003 1472 λαός
1031 1404 1134 1483 κυρίου
1163 1394 1296 1480 ὑψίστου
1320 1403 1353 1464 ἐν

110 1480 188 1542 2καί
202 1477 249 1543 ὑπ’
267 1425 596 1564 αὑτοὺέθεμελιῶθηὺ
625 1481 715 1558 οςδι-
745 1484 887 1575 προςευχή
912 1483 1069 1546 κατέναντι
1094 1477 1264 1565 ἐλεήμονας,
1296 1485 1353 1556 έως

109 1561 187 1645 πλής
200 1560 355 1645 ἀνάλημμα
370 1560 488 1648 ὑψηλὸν
499 1503 661 1652 περιβόλου
674 1570 715 1630 ῖε-
747 1562 925 1658 συντελεσθή
952 1559 1065 1646 κόσμος
1090 1570 1205 1649 κυρίου,
1218 1566 1271 1628 καί
1295 1561 1353 1647 τήν

110 1650 176 1748 ροὺ.
208 1646 265 1710 2ἐν
287 1643 409 1728 ήμέραις
431 1648 527 1713 αὑτοῦ
549 1647 714 1732 ήλοττῶθη
746 1644 930 1749 λειτουργίαν
943 1645 1039 1711 αὑτοῦ
1052 1646 1233 1712 ὲτάείωσαν.
1246 1642 1353 1712 22τότε

110 1728 291 1811 αποδοχεῖον
304 1725 437 1808 ὑδάτων,
449 1730 558 1816 χαλκός
570 1729 635 1807 ῶςεί
651 1741 713 1795 θα-
746 1733 880 1816 καταβας
896 1731 987 1822 ἐπῇρε
998 1741 1096 1815 χεῖρας
1114 1727 1211 1795 αὑτοῦ
1228 1730 1279 1795 ἐπί
1289 1734 1352 1796 πά-

109 1808 219 1895 λάσοης
230 1809 267 1876 τὸ
280 1818 460 1919 περίμετρον.
487 1813 504 1856 ⁴
517 1812 535 1879 ὁ
549 1818 715 1899 φροντίζων
746 1838 804 1877 σαν
827 1809 984 1895 ἐκκλησίαν
1006 1816 1080 1878 υἱῶν
1099 1809 1236 1899 Ἰσραήλ,
1249 1813 1353 1879 δοῦναι

108 1899 165 1960 τοῦ
181 1893 261 1959 λαοῦ
282 1895 379 1961 αὑτοῦ
398 1897 462 1962 απὸ
479 1895 635 1974 πτώσεως,
660 1899 714 1962 καί
746 1895 883 1972 εὐλογίαν
895 1899 1029 1980 κυρίῳέκ
1040 1895 1160 1979 χειλέων
1173 1894 1278 1972 αὑτοῦ,
1299 1900 1352 1964 καί

109 1973 619 2066 ε’νισχὺσαςπόλινέμπολιορκήσαι,
645 1977 713 2056 ὅῶς
744 1981 776 2043 έν
789 1975 913 2061 ὀνόματι
923 1977 1022 2043 αὑτοῦ
1037 1984 1217 2065 καυχᾶσθαι
1257 1982 1285 2021 22
1298 1981 1351 2045 καί

108 2056 261 2147 ἐδοξάσθη
275 2064 305 2126 έν
317 2070 498 2158 περιστροφή
508 2065 634 2144 λαοὺ,ἐν
647 2059 713 2141 ἐξά·
746 2063 935 2146 ίδεατέρωσεν
951 2066 982 2127 ἐν
998 2059 1190 2148 προςκυνήσει
1204 2063 1351 2140 ἐπιδείξα-

108 2144 152 2226 δῳ
175 2145 259 2209 οἴκου
282 2146 556 2230 καταπετάσματος.
584 2145 654 2222 6ιὺς
675 2144 713 2211 ά-
744 2155 820 2209 σθαι
843 2144 898 2226 τήν
923 2143 1062 2222 εὐλογίαν
1093 2145 1180 2228 παρὰ
1206 2143 1349 2228 ὑψίστου.

109 2223 182 2310 στήρ
209 2226 333 2302 ἑωθινὸς
357 2232 389 2292 ἐν
412 2235 491 2312 μέσῳ
516 2230 649 2311 νεφέλης,
672 2228 713 2301 ῶς
743 2229 773 2267 22
790 2228 841 2289 καὶ
852 2231 904 2290 νῦν
918 2223 1096 2309 εὑλογήσατε
1108 2233 1154 2309 τῷ
1165 2232 1230 2311 θεῷ
1242 2223 1351 2302 πάντες

107 2310 213 2393 σελήνη
225 2308 340 2392 πλήρης
354 2313 385 2373 ἐν
394 2310 523 2392 ήμίραις.
550 2308 618 2384 7ὡς
632 2310 713 2395 ήλιος
743 2311 787 2389 τῷ
812 2307 1066 2389 μεγαλοποιοῦντι
1091 2305 1198 2412 πάντη.
1237 2308 1290 2372 τὸν
1316 2306 1349 2373 ὑ-

107 2391 268 2472 ἔκλοίμπων
286 2393 337 2455 ἐπὶ
349 2392 422 2456 ναὸν
433 2391 580 2474 ὑψίστου,
607 2389 713 2465 καλῶς
743 2392 867 2470 ψοὺντα
883 2388 994 2473 ἡμέρας
1008 2388 1088 2472 ήμῶν
1100 2394 1133 2455 ἐκ
1144 2415 1275 2494 μητρας,
1299 2393 1352 2456 καί

106 2470 199 2548 τόξον
211 2475 341 2552 φωτίζον
354 2478 385 2538 ζμ
398 2474 532 2557 ,τιφελαις
544 2472 641 2557 δόξης.
655 2471 712 2549 8ιὺς
742 2475 891 2536 ποιοῦντα
912 2469 978 2554 μεθ’
1003 2473 1085 2553 ήμῶν
1108 2499 1187 2537 κατα
1206 2473 1243 2539 τὸ
1265 2472 1350 2547 ἔλεος

107 2555 206 2630 άνθσς
230 2552 330 2658 ρ’όδων
354 2558 386 2620 έν
411 2556 532 2642 ήμέραις
556 2560 645 2631 νέων,
672 2553 712 2630 ῶς
743 2552 847 2618 αὑτοῦ.
873 2556 902 2595 ²³
915 2550 979 2637 δῴη
997 2554 1064 2637 ήμῖν
1080 2551 1349 2659 εὑφροσὺνηνκαρ-

83 2705 88 2715 ,
106 2644 192 2723 κρίνα
205 2640 243 2701 ἐπ
265 2637 377 2713 ἐξόδων
391 2636 509 2714 ὑδατος.
529 2635 570 2714 ῶς
581 2635 712 2725 βλαστὸς
743 2637 818 2712 δίας,
842 2639 893 2700 καί
904 2641 1041 2715 γενέσθαι
1055 2633 1171 2722 εἰρήνην
1182 2642 1213 2702 ἒν
1225 2641 1349 2722 ημέραις

106 2716 231 2807 λιβάνου
244 2725 274 2785 έν
287 2718 407 2805 ήμέραις
421 2725 543 2805 θέρους,
569 2720 637 2796 2ιὺς
649 2726 711 2808 πὺρ
742 2716 825 2804 ήμῶν
836 2723 867 2783 ἓν
875 2717 999 2805 Ἰσραήλ
1010 2719 1089 2785 κατά
1102 2719 1157 2795 τάς
1171 2720 1280 2824 ήμέρας
1293 2727 1350 2786 τοῦ

106 2806 160 2869 καί
184 2802 302 2889 λίβανος
327 2805 377 2869 ἐπὶ
404 2810 524 2890 πυρίου.
548 2803 589 2881 ῶς
611 2809 712 2881 σκεῦος
742 2806 862 2879 αἰῶνος,
887 2802 919 2845 ²⁴
933 2806 1192 2887 έμπιστεὺσαιμεθ
1214 2802 1297 2887 ήμῶν
1311 2803 1348 2868 τὸ

105 2892 230 2970 χρυσίου
261 2884 471 2973 ὁλοσφὺρητον
499 2892 712 2972 κεκοσμημένον
747 2885 827 2962 ἔλεος
839 2884 951 2964 αὑτοῦ,
975 2889 1026 2951 καί
1038 2890 1069 2953 ἓν
1081 2898 1147 2963 ταῖς
1160 2883 1279 3011 ήμέραις
1292 2885 1349 2951 αὑ-

106 2971 199 3035 παντί
224 2968 304 3054 λίθῳ
327 2971 489 3036 πολυτελεῖ.
515 2974 544 3015 ¹⁰
557 2969 598 3047 ῶς
623 2972 712 3037 ἐλαία
742 2974 799 3034 τοῦ
822 2964 1034 3055 λυτρωσάσθω
1059 2967 1142 3054 ήμᾶς.
1183 2971 1241 3033 ὗέν
1266 2970 1349 3034 δυσίν

106 3050 324 3119 άναθάλλουσα
337 3054 481 3140 καρποὺς,
499 3058 550 3120 καί
562 3051 604 3129 ῶς
615 3051 712 3120 κυπά-
742 3055 861 3117 ἔθνεσιν
874 3050 1107 3138 προςιόχθισενή
1122 3049 1205 3138 ψυχή
1217 3077 1285 3133 μου,
1298 3055 1349 3116 καί

107 3159 207 3238 ρισσος
220 3131 373 3223 ὑψουμένη
386 3142 417 3203 έν
429 3137 570 3220 νεφέλαις.
595 3141 656 3203 11έν
667 3142 712 3221 τῷ
742 3134 778 3199 τὸ
791 3142 891 3220 τρίταν
903 3135 961 3201 οὑκ
972 3139 1050 3201 ἐστιν
1062 3139 1161 3212 ἔθνος.
1176 3137 1242 3200 ²⁶05
1253 3131 1349 3218 καθή·

107 3216 322 3304 αναλαμβάνειν
354 3219 448 3288 αὑτὸν
474 3218 584 3305 στολήν
613 3216 711 3305 δόξης,
741 3243 822 3300 μενοι
841 3223 873 3284 ἐν
892 3217 955 3305 ὄρει
966 3225 1148 3324 Σαμαρείας,
1162 3217 1349 3300 Φυλιστιείμ,

106 3303 158 3366 καὶ
181 3302 404 3372 ένδιδὺσκεσθαι
425 3303 520 3370 αὑτὸν
545 3304 712 3369 συντέλειαν
742 3299 824 3368 καὶὸ
844 3301 920 3378 λαὸς
936 3303 1037 3386 μωρὸς
1054 3330 1072 3368 ο
1092 3305 1240 3367 κατοικῶν
1250 3304 1281 3364 έν
1293 3307 1350 3362 Σι-

106 3380 305 3487 καυχήματος.
336 3389 367 3449 ἕν
384 3385 526 3473 ἀναβάσει
542 3396 711 3466 θυσιαστη-
743 3389 843 3466 κίμοις.
876 3388 906 3427 22
918 3386 1054 3448 παιδείαν
1067 3387 1205 3455 συνέσεως
1218 3381 1349 3444 καὶέπι-

106 3473 174 3552 ρίου
193 3472 284 3543 αγίου
302 3466 424 3543 ἐδόξατε
445 3467 603 3554 περιβολήν
621 3465 713 3546 ἅγιά·
743 3463 855 3548 στήμης
866 3462 995 3548 ίχάραξα
1012 3468 1042 3529 ἐν
1055 3470 1100 3546 τῴ
1118 3461 1225 3549 βιβλίῳ
1237 3457 1348 3542 τούτῳ,

107 3572 228 3632 σματος.
255 3551 283 3589 ¹²
296 3553 326 3612 ἐν
338 3548 371 3613 δὲ
388 3556 431 3632 τῷ
445 3552 582 3650 δέχεσθαι
593 3549 666 3631 μελη
679 3553 712 3613 ἐκ
741 3547 858 3628 Ἰησοῦς
889 3547 954 3620 υίὸς
971 3544 1084 3630 Σειράχ
1102 3543 1358 3627 Ἱεροσολυμίτης.

106 3634 210 3717 χειρῶν
229 3632 330 3714 ἱερέων
346 3632 398 3696 καί
416 3629 508 3706 αὑτος
527 3631 618 3705 ἑστῶς
637 3630 709 3714 παρ’
744 3625 776 3702 ὃς
802 3626 972 3752 άνώμβρησε
1001 3633 1110 3707 σοφίαν
1134 3622 1199 3691 άπὸ
1224 3625 1349 3711 καρδίας

106 3709 220 3799 ἐσχάρᾳ
232 3717 345 3800 βωμοῦ.
371 3709 520 3779 κυκλόθεν
533 3713 630 3778 αὑτοῦ
644 3715 712 3777 στέ-
743 3709 850 3774 αὑτοὺ.
888 3713 901 3751 2
930 3706 1076 3795 μακάριος
1090 3705 1296 3794 δςέντοὺτοις
1310 3707 1348 3773 ἆ-

107 3823 202 3877 φανος
215 3797 360 3878 ἀδελφῶν,
383 3795 424 3872 ῶς
435 3794 594 3884 βλάστημα
606 3797 711 3879 κέδρου
744 3788 998 3877 ναστραφήσεται,
1023 3795 1074 3858 καί
1092 3789 1110 3856 ὁ
1127 3794 1191 3866 θείς
1203 3789 1283 3857 αὑτά
1298 3792 1348 3857 ἐπὶ

105 3885 136 3945 ἐν
151 3886 194 3964 τῷ
208 3877 343 3966 Λιβάνῳ.
371 3883 421 3946 καί
434 3878 604 3946 ἐκύκλωσαν
616 3877 712 3944 αὑτὸν
743 3876 868 3961 καρδίαν
882 3874 979 3941 αὑτοῦ
992 3875 1216 3959 σοφισθήσεται.
1252 3876 1282 3918 ²⁰
1295 3874 1349 3940 ἐάν

106 3961 146 4036 ὡς
170 3966 289 4049 στελέχη
315 3970 468 4042 φοινίκων,
492 3965 584 4027 1ῗίκαὶ
603 3960 711 4038 πάντες
742 3959 801 4047 γάρ
815 3956 895 4024 αὑτά
913 3956 1040 4048 ποιήση,
1059 3958 1136 4044 πρὸς
1152 3955 1252 4023 πάντα
1266 3953 1349 4042 ἶσχό-

106 4049 138 4111 υὺ
158 4050 217 4112 υἱοί
231 4045 349 4132 Ἀαρὼν
371 4052 402 4113 ἐν
423 4044 494 4128 δόξη
518 4045 628 4111 αὑτῶν.
660 4048 711 4111 καὶ
744 4070 796 4120 σει,
809 4039 857 4109 ότι
870 4048 933 4124 φῶς
945 4050 1050 4126 κυρίου
1062 4043 1098 4107 τό
1111 4044 1126 4105 ί
1139 4067 1186 4118 νος
1198 4039 1305 4107 αὑτοῦ.

105 4130 264 4215 προςφορά
295 4136 399 4215 κυρίου
426 4134 457 4196 έν
477 4120 584 4215 ’χερσίν
609 4130 711 4195 αὑτῶν
921 4133 992 4191 ΚΕ
1004 4131 1042 4190 Φ.
1120 4121 1177 4190 Α’.

106 4214 203 4278 ἔναντι
212 4209 309 4296 πάσης
319 4214 472 4298 ἐκκλησίας
480 4211 613 4298 ’[σραήλ,
626 4211 712 4275 1*καί
772 4217 785 4244 ⁹
839 4208 991 4295 Προςευχή
1001 4207 1103 4293 Ἰησοῦ
1114 4203 1305 4291 υἷσὺΣειράχ.

106 4297 273 4361 συντελειαν
303 4297 482 4378 λειτουργῶν
515 4297 566 4359 ἐπί
590 4299 711 4381 βωμῶν,
744 4262 1037 4378 Εξομολογήσομαί
1053 4317 1101 4357 σοι
1117 4289 1195 4375 κὺριε
1215 4289 1348 4390 βασιλεῦ,

105 4383 256 4475 κοσμῆσαι
267 4378 441 4463 προςφσράν
454 4375 583 4461 ὑψίστου
595 4399 712 4442 παντο-
743 4378 793 4439 καί
811 4380 920 4443 αἰνέσαι
936 4401 967 4442 σε
979 4375 1052 4441 θεὸν
1064 4374 1118 4440 τὸν
1136 4377 1259 4455 σωτήρα
1279 4397 1348 4452 μου,

106 4484 262 4547 κρατορος.
302 4462 329 4504 ¹⁵
343 4464 477 4537 ἐξέτεινεν
489 4463 538 4527 ἐπί
552 4459 711 4526 σπονδείου
744 4460 978 4543 ίξομολογοῦμαι
990 4464 1035 4543 τῷ
1050 4452 1175 4538 ὀνόματί
1187 4479 1254 4531 σου,
1280 4447 1349 4515 2ότι

837 4544 894 4609 Zz
1282 4557 1349 4597 08}-
1418 4542 1427 4560 ⁰
