2924 4972
434 245 784 307 AEYITIKON
823 242 957 322 Ιίεῳ.ις’.
974 245 1022 312 16.
1290 246 1354 310 117

109 347 201 425 οἴκου.
225 363 275 423 καὶ
287 355 390 439 σφάξει
403 354 505 440 τόνμ’
542 359 717 443 ονπερίτής
748 361 803 422 τοῦ
814 358 865 423 lui
878 356 931 441 τήν
945 354 1074 441 κεςαλήν
1090 363 1145 423 τοῦ
1162 354 1354 445 χιμάρουτοιῗ

110 442 257 526 ἁμαρτίας
278 441 385 506 αὐτοῦ.
419 443 447 483 ¹²
460 443 513 506 καὶ
559 437 658 524 ’ῳεται
679 441 716 505 τὸ
747 443 869 518 ζῶντος,
893 443 947 505 καί
975 439 1154 526 ἐξαγορεύσει
1178 440 1222 508 ίιτ’
1256 439 1354 506 αύτοῦ

109 538 230 609 πυρεῖαν
240 524 350 611 πλῆρες
365 520 530 611 ἀνθράκων
546 523 642 610 πυρὸς
654 520 717 588 ἀπὸ
746 518 845 599 πάσας
856 521 912 602 τάς
923 521 1046 606 ἀνομίας
1062 528 1124 589 τῶν
1135 529 1208 590 υίῶν
1220 522 1354 631 Ἰσραήλ,

111 614 168 673 τοῦ
181 612 416 692 θυσιαστηρίου,
442 611 500 672 τοῦ
512 604 653 673 ἀπέναντι
665 632 718 671 κυ-
746 602 905 683 καίπάσας
916 605 972 682 τάς
980 604 1097 685 ἀδικίας
1106 606 1218 683 αὐτῶν,
1231 634 1283 673 και
1291 603 1354 672 πό-

109 698 185 773 ρίου.
211 693 264 755 καὶ
274 689 375 774 πλήσει
391 686 448 766 τάς
457 703 557 777 χεῖρας
565 685 717 774 θυμιάμα-
748 715 801 765 σας
810 680 866 766 τός
878 686 1026 776 ἀμαρτίας
1043 688 1153 756 αὐτῶν.
1178 693 1231 756 καὶ
1244 683 1354 787 ἐπιθή-

109 800 161 848 τος
174 777 337 849 συνθέσεως
354 774 468 858 λεπτής.
493 775 545 838 καί
557 778 670 849 ελςοίσει
687 775 718 836 έ-
749 796 791 836 σει
804 770 899 849 αάτάς
915 774 966 838 ίπί
981 777 1035 857 τήν
1050 773 1179 857 κεραλήν
1195 778 1251 840 τοῦ
1276 799 1355 859 μασι·

110 853 240 941 σάτερον
257 861 314 922 τοῦ
328 852 602 940 καταπετάσματος.
627 857 720 919 1’καί
748 879 803 940 ρου
820 858 876 919 τού
895 859 1011 932 ζῶντος,
1048 859 1101 922 καί
1117 860 1262 935 ίξαποστε
1323 858 1355 920 ίν

110 936 246 1023 ἐπιθήσει
258 939 295 1004 τὸ
303 946 441 1024 θυμίαμα
450 941 501 1004 ίπί
510 941 548 1004 τό
560 944 621 1025 πῦρ
634 941 716 1004 ἀναν-
747 937 819 1023 χιιρλ
835 933 1002 1023 ἀνθρώπου
1024 941 1143 1022 ἑτοίμου
1159 945 1198 1017 είς
1214 941 1268 1025 τήν
1284 943 1354 1044 ι”ρρ-

113 1048 140 1087 τι
160 1029 270 1127 κυρίου.
306 1027 357 1088 καὶ
377 1020 503 1119 καλύψει
521 1021 539 1107 ή
557 1021 645 1106 ἀτμίς
662 1024 718 1087 τοῦ
747 1044 811 1104 μον.
836 1020 931 1085 22καί
949 1017 1074 1104 λήψεται
1093 1019 1303 1127 ὁχίμαροςίρ’
1320 1047 1353 1087 ε-

110 1117 298 1190 θυμιαματος
310 1105 347 1171 τὸ
362 1105 534 1192 ίλαστήριον
546 1101 583 1170 τό
595 1108 645 1170 ίπί
657 1109 719 1169 τῶν
750 1107 833 1186 ουτῳ
845 1097 901 1178 τάς
913 1101 1030 1178 ἀδικίας
1044 1101 1144 1169 αύτολν
1160 1110 1198 1180 είς
1208 1110 1263 1188 μήν
1275 1110 1353 1192 αβα·

110 1196 296 1276 μαρτυρίων,
334 1191 384 1254 καί
416 1187 474 1254 οάκ
507 1185 717 1254 ἀποθανεῖται.
749 1210 812 1251 τον.
839 1188 891 1250 καὶ
907 1184 1094 1263 ίξαποστελεί
1108 1185 1160 1251 τὸν
1172 1194 1300 1287 χίμαρον
1315 1194 1355 1261 ιίς

112 1273 140 1313 ¹⁴
153 1275 206 1335 καί
222 1268 348 1355 λήψεται
368 1270 431 1336 ἀπὸ
450 1275 508 1335 τοῦ
529 1273 720 1373 αἵμοτοςτοῦ
750 1265 804 1350 τήν
820 1270 935 1351 ἔρημον.
972 1269 1065 1332 23καί
1081 1267 1265 1343 είςελιυσεται
1282 1267 1356 1333 ’Λα-

111 1350 233 1438 μόοχου,
258 1355 461 1439 καίρανεῖτῶ
473 1353 610 1434 δακτυλῳ
623 1350 720 1417 ἱπλτό
784 1346 791 1369 “
823 1351 929 1433 ιίςτήν
939 1350 1045 1435 σκηνήν
1055 1354 1112 1417 τοῦ
1118 1376 1164 1456 μα
1201 1354 1358 1435 υρίου,καέ

113 1431 288 1520 ίλαστήριον
324 1434 404 1499 κατὰ
438 1417 595 1509 ἀνατολάς.
642 1432 719 1499 κατά
750 1375 897 1499 διαδύσεται
908 1431 962 1518 τήν
973 1434 1082 1519 στολήν
1093 1459 1148 1519 τήν
1158 1375 1248 1519 goir,
1261 1431 1298 1518 ἢν
1309 1437 1356 1499 έν-

112 1515 276 1601 πρόςωπον
287 1522 344 1583 τοῦ
354 1517 524 1603 ίλαστήρίου
535 1520 617 1599 δανεί
625 1512 719 1582 ἑπτά-
748 1513 871 1595 δεδύκει,
895 1521 1128 1603 είςπορευομενου
1147 1516 1241 1583 αύτοῦ
1257 1522 1298 1595 είς
1315 1515 1354 1583 τό

113 1627 157 1675 κις
183 1598 246 1664 ἀπὸ
272 1605 329 1666 τοῦ
353 1606 476 1684 αἵματος
502 1606 546 1685 τῷ
570 1597 715 1706 δακτύλῳ.
747 1597 841 1679 ἀγιον.
855 1596 1065 1684 καλάποθήσει
1078 1599 1252 1685 αύτήνίκεί.
1265 1602 1354 1667 24καί

113 1686 141 1727 ¹⁵
154 1685 205 1748 καί
216 1681 316 1764 σφάξει
328 1685 383 1749 τόν
396 1691 468 1770 χίμα
506 1683 587 1749 ντὸν
597 1687 714 1770 περία-
747 1679 884 1749 λούσεται
896 1684 935 1750 τὸ
947 1688 1036 1769 σῶμα
1048 1683 1144 1749 αὐτοῦ
1159 1680 1246 1749 ἀδατι
1257 1687 1290 1748 έν
1300 1679 1355 1750 τό·

109 1773 247 1854 μαρτίας,
259 1764 311 1833 τόν
321 1769 390 1854 περί
400 1771 456 1833 τοῦ
467 1709 544 1832 λόοῦ
556 1770 650 1833 έναντι
663 1793 716 1832 κυ-
746 1793 797 1850 πῳ
814 1763 908 1851 ἀνίῳ,
930 1770 983 1833 καί
1003 1764 1153 1833 ίνδύσεται
1176 1766 1230 1851 τήν
1246 1763 1355 1852 στολήν

111 1858 185 1934 ρίου.
213 1854 265 1916 καί
276 1856 386 1928 είςοίσει
404 1855 460 1916 τοῦ
476 1856 603 1955 αῳιατος
618 1849 714 1916 αύτοά
746 1849 858 1929 αύτού,
883 1852 935 1917 καὶ
951 1851 1080 1928 ίξελθάν
1094 1847 1209 1955 ποιήσει
1228 1847 1265 1916 τό
1279 1847 1353 1916 ὁλο-

70 1940 73 1946 ’
110 1929 251 2020 ἐσώτερον
276 1939 332 2000 τοῦ
356 1960 636 2019 καταπετάσματος,
660 1934 713 1999 καί
744 1929 887 2017 καύτωμιι
904 1931 1000 2000 αύτοῦ
1015 1936 1067 1999 καὶ
1090 1930 1128 2000 τό
1146 1929 1352 2022 ολοκάρπωμα

109 2014 221 2101 ποιήσει
233 2016 271 2082 τὸ
282 2018 356 2100 αίιια
373 2017 482 2094 αὐτοῦ,
508 2015 543 2083 ἀν
554 2014 670 2104 τρόπον
682 2019 712 2081 έ-
744 2022 798 2082 τοῦ
810 2016 888 2082 λαοῦ
892 2066 903 2094 ,
926 2018 978 2083 καί
993 2013 1153 2095 ίξιλάσιται
1165 2020 1233 2105 περί
1245 2016 1351 2095 αὐτοῦ,

108 2107 210 2185 ποίησε
222 2100 414 2184 τόαίματοῦ
454 2096 462 2121 '
498 2126 543 2167 ου.
569 2103 716 2186 καίρανεῖ
743 2102 795 2166 καί
809 2102 952 2186 περὶτοῦ
973 2102 1059 2167 οἴκου
1081 2099 1190 2178 αάτοά,
1215 2104 1268 2168 καί
1284 2102 1353 2185 περὶ

109 2183 144 2247 τὸ
157 2185 231 2268 αίμα
243 2182 339 2250 αὐτοῦ
352 2187 402 2249 ἐπὶ
414 2127 641 2272 τλοάλαπήρων,
657 2209 714 2248 κα-
744 2187 799 2248 τοῖι
812 2182 898 2260 λαοῦ,
910 2179 1102 2268 ἀςπερίτοῖν
1114 2189 1223 2271 ίερίον.
1257 2187 1287 2228 ²⁸
1300 2186 1353 2248 καί

108 2266 147 2330 τά
160 2263 323 2353 πρόςωπον
332 2273 390 2333 τού
403 2266 584 2354 ίλαστήρίου.
622 2267 714 2330 10καί
744 2264 782 2330 τό
794 2269 884 2352 στέαρ
897 2263 933 2330 τό
945 2268 1013 2352 περί
1029 2272 1090 2332 τῶν
1102 2264 1255 2351 ἁμαρτιῶν
1267 2263 1354 2332 ἀνοία

108 2346 268 2426 ἓξιλάσεται
280 2349 317 2415 τὸ
331 2347 417 2428 ἀγιον
429 2345 493 2414 ἀπὸ
502 2355 563 2413 τῶν
575 2348 716 2433 ἀκαθαρ-
747 2373 787 2413 σει
799 2351 849 2413 ίπί
860 2345 897 2413 τό
908 2347 1129 2437 θυσιαστήριον.
1154 2352 1241 2416 26καί
1252 2346 1271 2415 ό
1281 2351 1353 2427 ἐξα·

107 2437 179 2496 σιῶν
190 2438 250 2499 τῶν
267 2437 340 2497 υίῶν
353 2429 494 2516 Ἰσραήλ,
517 2433 569 2496 καί
580 2429 644 2495 ἀπὸ
655 2437 716 2495 τῶν
746 2430 920 2495 ποστάλων
936 2426 989 2495 τὸν
1010 2439 1132 2516 χίμαρον
1149 2432 1203 2499 τὸν
1218 2431 1349 2498 διεσταλ·

111 2511 300 2595 ἀδικημάτων
323 2510 424 2577 αὐτῶν
446 2517 513 2618 περὶ
534 2517 640 2578 πασῶν
656 2518 718 2575 τῶν
747 2514 835 2594 μένον
846 2517 885 2586 εἰς
897 2510 1002 2611 ἀῳεσιν
1011 2513 1114 2576 πλυνεῖ
1125 2511 1164 2577 τά
1177 2511 1289 2613 ίμάτια,
1301 2518 1353 2578 καί

109 2595 265 2681 ἁμαρτιῶν
278 2593 388 2659 αὐτῶν.
400 2597 453 2659 καὶ
464 2594 545 2660 ούτιο
557 2590 716 2676 ποιήσατ’
749 2588 885 2658 λούσεται
905 2617 942 2657 το
962 2599 1047 2676 σῶμα
1065 2591 1161 2658 αὐτοῦ
1174 2596 1276 2672 ύδατι,
1301 2598 1353 2660 καὶ

110 2684 203 2770 σκηνή
220 2681 277 2743 τού
291 2684 455 2764 μαρτυρίου
471 2681 510 2762 τῆ
526 2621 718 2773 δκτισμένχίλ
747 2674 820 2759 μετά
832 2681 931 2742 ταῦτα
943 2672 1123 2753 είςελεύσεται
1131 2683 1170 2755 είς
1179 2675 1232 2763 τήν
1239 2705 1352 2765 παρεμ-

109 2760 216 2837 αὐτοῖς
233 2764 265 2825 ἐν
279 2765 360 2846 μέσῳ
376 2766 428 2848 τῆς
452 2752 643 2847 ἀκαθαρσίας
659 2759 716 2827 αύ-
745 2758 845 2848 βολήν.
868 2763 899 2806 ²⁷
910 2763 962 2827 καί
973 2758 1026 2828 τόν
1036 2758 1144 2848 μόσχον
1157 2762 1210 2829 τόν
1221 2765 1289 2851 περὶ
1300 2768 1353 2845 τῆς

110 2848 179 2909 τῶν.
205 2847 296 2910 17καί
312 2851 373 2922 πᾶς
385 2845 548 2932 ἄνθρωπος
564 2842 619 2909 οάκ
630 2847 714 2911 ἔσται
746 2842 910 2950 ἁμαρτίας,
933 2848 985 2912 καί
1004 2846 1057 2912 τὸν
1074 2853 1200 2951 χίμαρον
1216 2847 1271 2913 τὸν
1282 2849 1353 2934 περί

109 2933 141 2994 έν
152 2932 191 3023 τῇ
202 2934 357 3013 οκήνῆτοῦ
406 2936 536 3017 ρτυρίου,
550 2933 715 3037 είςπορευο-
747 2934 798 3012 τής
810 2936 973 3015 αμαρτίας,
998 2923 1041 2995 ὦν
1057 2957 1094 2994 το
1114 2931 1187 3013 αίμα
1203 2935 1351 3015 ιίςήνέχθή

108 3016 196 3094 μένου
209 3002 346 3091 αάτόῦίξ
386 3009 509 3080 ’σασθαι
526 3016 557 3078 ἒν
570 3017 615 3097 τῷ
627 3020 714 3096 αγίῳ,
746 3011 941 3090 ἐξιλάσασθαι
956 3018 988 3079 ίν
1008 3018 1054 3098 τῳ
1070 3010 1164 3098 ἁγίῳ,
1190 3017 1353 3091 ι’ξοίσουσιν

109 3101 166 3170 ἕως
178 3094 215 3159 ἀν
228 3096 342 3191 ἐξελθχ.
367 3100 416 3162 καί
429 3093 589 3175 ίξιλάσεται
602 3099 671 3183 περὶ
682 3099 715 3161 ἑ·
746 3095 824 3163 αύτά
837 3101 898 3175 ἔξω
910 3102 962 3184 τῆς
972 3098 1171 3184 παρεμβολῆς,
1192 3100 1244 3163 καί
1255 3123 1352 3162 κατα-

110 3182 219 3256 αυτοῦ,
231 3182 349 3245 καὶτοῦ
360 3182 443 3246 οἴκου
460 3178 571 3258 αὐτοῦ,
584 3182 714 3266 καὶπερὶ
746 3177 904 3248 καύσουσιν
917 3179 995 3247 αάτά
1009 3185 1040 3246 ἐν
1051 3183 1140 3268 πυρί,
1164 3184 1216 3247 καί
1228 3178 1267 3247 τά
1282 3183 1351 3265 δι’ρ·

110 3258 206 3346 πάσης
218 3268 386 3348 συναγωγῆς
397 3268 469 3329 υίαῖν
477 3258 606 3350 Ἰσραήλ
630 3265 716 3329 final
745 3290 827 3348 ματα
845 3263 946 3329 αάτῶν
965 3268 1017 3330 καὶ
1034 3261 1073 3329 τά
1092 3268 1166 3365 κρέα
1182 3263 1281 3330 αὐτῶν
1299 3266 1352 3329 καὶ

111 3342 283 3423 ἐξελεύσεται
296 3349 346 3410 ἐπὶ
357 3346 394 3410 τὸ
406 3343 619 3450 θυσιαστήριον
631 3345 668 3411 τό
681 3345 717 3411 ἀν
746 3343 870 3451 τήνκόπ
935 3346 1042 3412 αὐτῶν.
1067 3347 1123 3410 ²⁸0
1136 3346 1168 3412 δέ
1181 3355 1352 3414 κατακαίων

111 3428 253 3493 ἀπέναντι
279 3433 391 3510 κυρίου,
415 3431 465 3491 καί
486 3429 644 3504 ἀξιλασεται
669 3427 712 3494 ἐπ’
748 3429 828 3494 αυτά
846 3456 870 3493 π
890 3428 998 3493 υνεῖτά
1013 3423 1131 3510 ίμάτια,
1150 3432 1203 3494 καί
1214 3426 1351 3495 λούσεται

112 3509 220 3577 αάτσῦ.
249 3510 301 3572 καί
312 3504 437 3591 λήψεται
449 3508 512 3574 ἀπὸ
524 3515 580 3576 τοῦ
593 3518 717 3596 α’ίματος
748 3512 783 3579 τὸ
795 3517 882 3617 σῶμα
894 3510 990 3576 αύτού
1003 3510 1098 3587 ἀδατι,
1109 3515 1161 3575 καὶ
1170 3508 1243 3593 μετά
1255 3517 1352 3576 ταῦτα

103 3595 173 3659 ,τοῦ
183 3587 304 3678 μόσχου,
318 3593 369 3657 καί
380 3589 443 3656 ἀπὸ
457 3596 512 3656 τοῦ
524 3600 650 3676 αἵματος
662 3599 717 3659 τοῦ
747 3597 929 3672 είςελκυσεται
937 3599 977 3671 είς
988 3594 1043 3680 τήν
1054 3590 1248 3682 παρεμβολήν,
1267 3595 1352 3661 20καί

111 3671 253 3762 χιμάρου,
278 3677 330 3740 καί
347 3670 481 3759 ἀπιθήσει
494 3677 545 3740 έπὶ
555 3675 599 3740 τά.
607 3681 718 3760 κέρατα
749 3679 935 3746 ἔσταιτοῦτο
953 3677 1022 3762 ύμῖν
1033 3672 1153 3762 νόμιμον
1170 3673 1296 3744 αἶιόνιον.
1321 3682 1352 3745 έν

113 3766 169 3825 τοῦ
180 3765 393 3866 θυσιαστήρίου
406 3756 514 3842 κύκλῳ.
540 3760 627 3822 19καὶ
640 3761 721 3844 §avet
750 3766 793 3843 τῷ
804 3765 873 3842 μηνί
883 3768 927 3845 τῷ
944 3759 1059 3851 ἑβδόμῳ
1070 3758 1177 3848 δεκάτη
1195 3768 1249 3828 τοῦ
1261 3760 1351 3849 μηνός

113 3842 157 3908 ἐπ’
174 3842 250 3908 αὐτὸ
263 3841 327 3909 ἀπο
343 3849 398 3909 τοῦ
410 3849 536 3927 αἵματος
552 3847 597 3926 τῷ
609 3835 717 3908 δακτύ-
748 3839 936 3909 ταπεινιόσετε
947 3845 1001 3921 τὰς
1013 3844 1112 3946 ψιχάς
1124 3836 1214 3950 ύμόῑν,
1224 3849 1276 3913 καί
1288 3853 1350 3912 πᾶν

112 3928 157 4011 λῳ
170 3921 304 4004 ἑπτάκις,
329 3930 380 3992 καὶ
397 3938 539 4013 καθαριεῖ
548 3925 639 4004 αὐτὸ,
666 3926 717 3990 καί
748 3924 837 4014 ἔργον
847 3925 883 3992 ού
895 3925 1029 4010 ποιήσετε
1042 3953 1061 3992 ο
1074 3927 1242 4015 αὖτοχθινν,
1265 3928 1348 3996 καλό

111 4006 225 4088 ἀνιάσει
249 4010 325 4076 αὐτὸ
349 4009 411 4075 ἀπὸ
438 4015 500 4075 τῶν
521 4009 716 4097 ἀκαθαρσιών
745 4007 929 4096 προςήλυτσς
957 4007 1196 4098 όπροαιιήαενος
1222 4016 1252 4080 ίν
1275 4011 1348 4098 ύμῖν.

110 4099 171 4160 τῶν
193 4098 264 4159 υίιάν
281 4090 410 4182 Ἰσραήλ.
440 4097 472 4139 ²⁰
484 4097 536 4160 καί
556 4095 715 4162 συντελέσει
745 4100 776 4142 ³⁰
788 4100 819 4161 έν
829 4095 889 4182 γάρ
901 4102 939 4180 τῆ
958 4090 1053 4183 ήμέρῳ
1073 4093 1169 4181 ταύτῃ
1185 4092 1348 4175 ίξιλάσεται

107 4173 326 4261 ἐξιλασκόμενος
338 4177 375 4243 τό
388 4173 489 4256 (istor,
513 4181 566 4245 καὶ
576 4178 630 4264 τήν
642 4205 713 4262 σκη-
744 4183 812 4265 περί
822 4169 927 4264 ὑμῶν]
945 4187 1110 4267 καθαρίσαι
1122 4173 1198 4266 ἀμᾶς
1210 4176 1274 4246 ἀπὸ
1286 4209 1349 4246 πα·

107 4259 158 4346 νήν
169 4265 227 4327 τοῦ
237 4268 414 4347 μαρτυρίου,
439 4261 537 4327 καὶτὸ
549 4261 715 4345 θυσιαστή-
745 4269 804 4329 σῶν
816 4269 878 4330 τοῖν
889 4261 1043 4352 ἁμαρτιῶν
1059 4261 1144 4349 ὑμῶν
1156 4265 1253 4328 ἐ’ναντι
1265 4272 1348 4351 κυρί·

107 4371 179 4429 ριον,
198 4347 251 4408 καί
270 4349 336 4431 περὶ
358 4349 420 4410 τῶν
443 4347 544 4430 ἱερέων
563 4357 712 4432 καθαριεῖ.
744 4372 790 4422 ου,
805 4350 857 4412 καί
876 4344 1146 4434 καθαρισθήσεσθι.
1171 4348 1198 4389 ³¹
1211 4343 1349 4433 σάββατα

105 4430 157 4493 καί
172 4423 308 4513 προςόξει
327 4430 379 4494 τὸν
395 4435 520 4533 χίμαρον
535 4428 589 4493 τὸν
606 4432 711 4507 ζῶντα.
744 4425 902 4539 σαββάτων
911 4429 1076 4530 ἀνάπαυσις
1088 4427 1165 4509 αὕτη
1178 4428 1260 4528 ἔσται
1271 4427 1348 4526 ύμῖχ.

105 4517 130 4554 ἰι
144 4513 197 4577 καὶ
209 4507 467 4599 ἐπιθήσειἈαρών
480 4537 535 4587 τας
546 4524 643 4598 χεῖρας
656 4511 712 4578 αύ-
743 4540 793 4578 και
806 4510 993 4585 mumdum
1007 4536 1061 4583 We
1075 4509 1171 4591 Ψυλὰί
1185 4515 1345 4656 υμῷἳιχῖῧ
