2924 4972
376 211 413 267 Π
423 208 539 310 ι-ζί-Ρ-ί)
553 211 575 265 Ι
583 210 627 266 Μ
636 212 656 267 Ι
664 205 700 267 Α
716 213 732 267 l
773 212 847 285 Κεφ.
861 206 902 270 ιε’.
916 204 961 282 ις’.
979 208 1026 272 15.
1045 207 1092 272 16.
1292 206 1356 271 649

112 326 249 411 ὁμιλήσει.
293 327 319 366 ¹³
336 330 459 410 καρδίας
491 327 717 428 εύφραινομένης
751 333 830 416 φήμη
858 333 890 394 δὲ
907 330 1012 416 ἀγαθή
1029 338 1137 397 πιαίνει
1155 333 1240 397 ὀστᾶ.
1279 326 1356 406 11ός

110 407 270 491 πρόςωπον
281 405 397 483 θάλλει,
416 412 447 473 ἐν
458 408 490 473 δὲ
503 410 611 485 λυπαις
624 410 717 494 οὔσης
751 413 921 478 ἀπωθεῖται
931 416 1067 480 παιδείαν
1075 428 1153 499 μισεῖ
1162 413 1280 492 ἑαυτὸν,
1293 411 1311 480 ὃ
1324 413 1356 480 δὲ

110 487 324 577 σκυθρωπάζει.
363 491 391 532 ¹⁴
406 492 514 576 καρδία
539 491 619 580 ὀρθή
638 486 719 577 ζηίεῖ
751 501 849 582 τηρῶν
866 495 1001 580 ἐλέγχους
1017 496 1126 580 ἀγαπᾷ
1140 498 1236 583 ψυχήν
1249 496 1355 564 αὑτοῦ.

110 579 260 660 αἴσθησιν,
274 570 371 657 στόμα
384 574 417 639 δὲ
430 571 619 642 ἀπαιδεύτων
637 574 716 655 γνῶ·
749 581 778 621 11
792 576 885 663 φόβος
910 585 1014 663 κυρίου
1039 583 1159 647 παιδεία
1184 583 1236 644 καὶ
1253 589 1356 683 σοφία,

110 685 192 724 σεται
209 658 298 722 κακά.
337 657 363 699 ¹⁵
375 652 477 723 πάντα
493 658 546 724 τὸν
562 655 666 745 χρόνον
685 664 717 725 οῖ
749 664 798 725 καί
816 658 891 747 ἀρχή
908 657 994 744 δόξης
1012 660 1247 750 ἀποκριθήσεται
1269 669 1355 747 αυτή.

109 741 268 824 ὀφθαλμοί
292 745 353 804 τῶν
379 746 479 806 κακῶν
505 744 717 827 προςδέχονται
750 746 873 821 C.16,2.
896 740 997 809 πάντα
1009 742 1049 810 τὰ
1060 749 1133 830 ἔργα
1147 752 1202 813 τοῦ
1217 736 1355 812 ταπεινοῦ

108 823 200 900 κακά,
226 827 257 888 σί
275 822 307 887 δὲ
320 823 436 902 ἀγαθοὶ
454 821 632 909 ἡσυχάζουσι
650 827 716 891 δια·
750 825 862 914 φανερά
874 826 959 913 παρά
972 831 1016 911 τῶ
1029 835 1102 912 θεῷ,
1115 834 1146 894 οῖ
1158 829 1189 895 δέ
1204 828 1316 914 ἀσεβεῖς
1326 833 1357 894 ἐν

108 904 230 984 παντός.
255 909 284 951 ¹⁶
296 920 431 993 κρεῖσσον
446 908 537 994 μικρά
553 911 632 993 μερίς
643 909 717 992 μετά
751 912 844 996 ήμέρῳ
868 916 945 1004 κακή
964 909 1111 976 ὂλοῦνται.
1151 914 1164 956 ⁵
1179 908 1356 997 ἀκάθαρτος

109 990 206 1077 φόβου
217 997 328 1077 κυρίου,
340 991 360 1075 ἢ
373 995 525 1078 θησαυροὶ
536 989 656 1075 μεγάλοι
665 1018 717 1077 μι-
749 995 833 1078 παρά
848 999 911 1076 θεῶ
924 998 984 1068 πᾶς
997 989 1228 1079 ύψηλοκάρδιος,
1239 998 1311 1078 χειρί
1322 995 1356 1060 δὲ

108 1076 148 1140 τὰ
161 1076 297 1160 ἀφοβίας.
315 1077 342 1118 ¹¹
349 1082 490 1158 κρείσσων
503 1073 634 1158 ξενισμδς
644 1074 717 1157 μετά
749 1091 846 1163 χεῖρας
859 1077 994 1163 ἐμβαλῶν
1010 1077 1119 1151 ἀδίκως
1133 1075 1187 1141 ούκ
1200 1072 1357 1160 ἀθωωθή-

109 1156 245 1242 λαχάνων
254 1156 332 1240 πρὸς
345 1157 447 1235 φιλίαν
460 1160 510 1222 καί
521 1153 615 1243 χάριν,
628 1157 717 1241 ἢπα-
752 1186 841 1225 σεται.
856 1158 932 1244 ἀρχή
947 1158 1019 1224 ὁδοῦ
1032 1158 1152 1243 ἀγαθῆς
1165 1159 1200 1225 τὸ
1213 1171 1306 1224 ποιεῖν
1319 1157 1357 1224 τά

110 1242 231 1322 ράθεσις
242 1235 362 1323 μόσχων
372 1239 445 1321 μετά
459 1243 578 1347 ἔχθρας.
598 1243 627 1284 ¹⁸
640 1240 716 1327 ἀνήρ
751 1245 865 1319 δίκαια,
889 1242 976 1308 δεκτόι
988 1240 1117 1326 δὲπαρά
1130 1247 1196 1325 θεῷ
1209 1241 1324 1325 μᾶλλον
1338 1239 1357 1325 ή

111 1325 253 1407 θυμώδης
264 1321 477 1409 παρασκευάζει
485 1351 590 1410 μαχας.
603 1322 717 1411 μακρό-
751 1324 834 1392 θύειν
846 1333 964 1400 θυσίας.
989 1323 1008 1390 ὃ
1021 1327 1116 1410 ζητῶν
1127 1325 1181 1391 τὸν
1194 1322 1296 1411 κύριον
1309 1321 1358 1389 εύ-

111 1419 208 1488 θυμος
234 1405 267 1472 δὲ
292 1409 344 1471 καί
361 1407 415 1487 τήν
434 1409 605 1491 μελλουσαν
622 1434 718 1474 κατα-
753 1406 834 1495 ρήσει
852 1414 959 1487 γνῶσιν
970 1408 1044 1493 μετὰ
1056 1405 1257 1492 δικαιοσύνης,
1282 1411 1312 1472 οῖ
1324 1407 1357 1473 δὲ

111 1484 244 1575 πρᾳόνει.
268 1487 465 1575 μακρόθυμος
483 1491 559 1577 ἀνήρ
572 1495 717 1577 καταοβέ-
753 1495 855 1578 ὀρθῶς
864 1495 1015 1576 ζητοῦντες
1026 1490 1118 1556 αὐτὸν
1130 1487 1304 1577 εὑρήσουσιν
1317 1495 1356 1555 εῖ-

111 1600 151 1638 σει
163 1580 279 1656 κρίσεις,
292 1571 356 1638 δδὲ
369 1572 475 1659 ἀσεβής
484 1579 585 1660 ἐγείρει
596 1575 716 1657 μᾶλλον.
753 1574 850 1680 ρήνην.
877 1570 1007 1639 1πάντα
1026 1573 1064 1638 τδι
1082 1576 1156 1658 ἔργα
1174 1578 1233 1639 τού
1252 1580 1357 1656 κυρίου

111 1659 139 1699 ¹⁰
153 1656 221 1721 ὁδοί
239 1656 547 1743 ἀεργῶνέστρωμέναι
560 1654 717 1733 ἀκάνθαις,
752 1685 826 1744 μετα
849 1652 1050 1739 δικαιοσύνης,
1075 1651 1259 1737 φυλάσσεται
1282 1655 1313 1721 δὲ
1337 1653 1355 1719 ὁ

110 1767 143 1804 αι
156 1742 188 1805 δε
197 1765 257 1805 των
267 1741 605 1827 ανδρείωντετριμμέναι.
618 1740 718 1816 11υῖός
753 1739 858 1828 ἀσεβής
874 1745 913 1816 εἰς
930 1737 1042 1825 ήμέραν
1055 1737 1154 1824 κακήν.
1181 1742 1209 1784 ¹⁰
1221 1750 1356 1822 μαντεῖον

111 1820 718 1910 σοφδςεάφραίνειπατέρα,υῖόςδὲἀφρων
753 1829 802 1890 ἐπὶ
837 1825 921 1890 είλεσι
938 1822 1096 1909 βασιλέως,
1123 1825 1153 1887 ίν
1165 1821 1196 1887 δὲ
1214 1829 1306 1907 κρίσει
1319 1820 1356 1887 οὐ

107 1909 270 1990 μυκτηρίζει
283 1909 398 1994 μητέρα
411 1907 516 1973 αὐτοῦ.
543 1910 571 1949 11
584 1902 717 1992 ἀνοήτου
751 1905 790 1991 μή
801 1851 945 1993 πλανηθῇ
956 1905 994 1971 τό
1008 1902 1106 1989 στόμα
1120 1903 1222 1972 αὐτοῦ.
1239 1910 1264 1948 11
1277 1902 1356 2006 ρὀπή

110 1994 206 2075 τρίβον
219 1992 318 2064 ἐνδεεῖς
331 1994 458 2076 φρενῶν,
477 1989 553 2076 ἀνήρ
567 1988 599 2056 δὲ
612 1985 715 2076 φρόνι-
752 1996 840 2069 ζυγοῦ
854 1985 1022 2094 δικαιοσύνη
1038 1987 1124 2075 παρά
1140 1996 1248 2075 κυρίῳ,
1273 1988 1356 2054 τάδε

110 2098 164 2154 μσς
186 2069 373 2139 κατευθύνων
391 2069 555 2160 πορεύεται.
582 2075 614 2116 11
627 2071 715 2156 ὑπερ·
752 2078 824 2160 ἔργα
849 2072 946 2138 αὐτοῦ
965 2083 1097 2155 σταθμια
1114 2074 1223 2138 δίκαια.
1248 2073 1355 2157 11βδέ·

111 2161 246 2221 τίθενται
275 2153 434 2238 λογισμούς
459 2160 491 2222 οἱ
513 2156 554 2242 μή
580 2161 718 2235 τιμῶντες
751 2157 848 2240 λυγμα
872 2155 990 2243 βασιλεῖ
1010 2152 1028 2221 ὁ
1045 2161 1141 2220 ποιῶν
1164 2153 1258 2230 κακά,
1283 2153 1356 2236 μετὰ

112 2240 263 2323 συνέδρια,
290 2244 323 2305 ἕν
339 2240 372 2304 δὲ
388 2238 522 2325 καρδίαις
538 2239 717 2339 βουλευομέ-
751 2239 811 2326 γάρ
835 2234 1019 2320 δικαιοσύνης
1043 2235 1223 2320 ἑτοιμάζεται
1246 2234 1356 2320 θρόνος

111 2346 169 2386 νων
186 2329 260 2405 μένει
276 2317 378 2408 βουλή.
404 2321 484 2386 11ού
501 2317 716 2426 μήύπακουσει
752 2321 852 2407 ἀρχῆς.
877 2323 904 2364 ¹³
917 2323 1003 2387 δεκτά
1022 2320 1140 2407 βασιλεῖ
1152 2320 1232 2405 χείλη
1247 2321 1356 2396 δίκαια,

112 2402 130 2469 ὁ
150 2404 241 2478 κακὸς
255 2404 347 2496 αὐτῇ,
372 2402 442 2468 οὐδὲ
460 2400 500 2487 μή
517 2429 583 2509 ευτη
600 2401 716 2487 καίριόν
752 2405 860 2483 λόγους
877 2403 909 2471 δὲ
926 2403 1040 2490 ὀρθούς
1066 2402 1180 2485 ἀγαπᾷ.
1220 2402 1356 2484 11θυμός

111 2512 141 2550 τι
159 2486 210 2548 καί
227 2484 320 2550 καλὸν
337 2489 381 2568 τῷ
397 2491 493 2569 κοινῷ.
518 2485 550 2529 11
563 2487 629 2551 οδοί
641 2490 718 2570 ζωῆς
750 2489 895 2575 βασιλέως
910 2485 1033 2566 ἀγγελος
1051 2481 1206 2560 θανάτου,
1233 2482 1306 2568 ἀνήρ
1323 2485 1356 2550 δέ

112 2563 296 2669 διανοήματα
311 2574 445 2645 συνετοῦ,
470 2574 520 2633 ἵνα
538 2568 670 2643 ἐκκλίνας
684 2574 716 2634 ἐκ
753 2569 846 2650 σοφός
868 2568 1031 2648 ἐξιλάσεται
1049 2566 1150 2635 αὐτόν.
1189 2570 1261 2632 11ἐν
1278 2572 1357 2648 φωτί

111 2655 169 2716 τοῦ
185 2652 262 2732 ζιδου
282 2657 376 2737 σωθῇ.
402 2652 432 2693 11
445 2652 545 2726 οἴκους
570 2651 716 2753 ὑβριστῶν
752 2658 825 2737 ζωής
840 2652 903 2731 υίὸς
915 2655 1070 2739 βασιλέως,
1095 2658 1125 2717 οῖ
1137 2651 1167 2716 δὲ
1182 2652 1356 2733 προςδεκτοί

110 2739 252 2817 κατασπᾷ
263 2731 370 2819 κύριος,
381 2729 514 2817 ἔστήρισε
526 2732 559 2799 δὲ
571 2734 654 2820 ὁριον
662 2730 716 2819 χή·
752 2736 836 2821 αύτῷ
849 2734 944 2824 ῶςπερ
955 2741 1043 2818 νέφος
1055 2735 1174 2819 ὄψιμον.
1197 2736 1226 2778 11
1239 2739 1357 2801 νοσσιαί

109 2845 173 2905 ρας.
195 2821 225 2861 ²¹¹
231 2817 381 2904 βδέλυγμα
393 2822 484 2902 κυρίῳ
498 2817 638 2899 λογισμὸς
650 2818 714 2883 ἀδι-
752 2827 861 2902 σοφίας
878 2816 1065 2907 αἱρετοίτεραι
1075 2825 1219 2923 χρυσίου,
1244 2821 1355 2884 νοσσιαί

109 2898 276 2979 νιος,άγνῶν
288 2901 320 2967 δὲ
333 2897 428 2986 ῥήσεις
441 2907 550 2983 σεμναί.
563 2904 591 2944 11
597 2898 715 2976 ἐξόλλυ-
750 2903 782 2969 δὲ
795 2900 963 2991 φρονήσεως
975 2907 1165 2985 αῖρετωτεραι
1175 2899 1250 2987 ὑπὲρ
1261 2899 1354 2984 ἀργύ-

110 3009 156 3051 σιν
168 2985 275 3050 ἑαυτὸν
288 2982 305 3049 ὁ
319 2979 527 3068 δωρσλήπτης,
546 2980 609 3049 ὅδὲ
622 2990 715 3068 μισῶν
750 3012 824 3072 ριον.
851 2990 985 3072 11τρίβοι
1003 2990 1078 3071 ζωής
1095 2986 1274 3052 ἐκκλίνουσιν
1292 2983 1354 3049 ἀπὸ

109 3064 213 3153 δώρων
225 3065 327 3154 λήψεις
341 3064 473 3144 σῶζεται.
491 3069 620 3143 e.16,6.
634 3069 714 3151 ἐλεη-
750 3075 866 3145 κακῶν,
891 3075 982 3152 μῆκος
998 3068 1029 3134 δὲ
1041 3074 1109 3156 βίου
1123 3067 1190 3135 ὁδοί
1203 3064 1355 3133 δικαιοσύ-

107 3147 245 3233 μοσύναις
266 3155 317 3218 καί
334 3158 467 3217 πίστεσιν
484 3149 714 3236 ἀποκαθαίρον-
750 3179 805 3237 νης.
833 3150 850 3218 ὁ
864 3150 1013 3238 δεχόμενος
1029 3154 1164 3218 παιδείαν
1182 3154 1211 3215 έν
1224 3149 1354 3229 ἀγαθοῖς

108 3261 158 3300 ται
172 3233 328 3320 ἁμαρτίαι,
353 3241 397 3318 τῷ
410 3235 442 3300 δὲ
454 3230 539 3380 φόβῳ
552 3241 653 3321 κυρίου
666 3241 714 3301 έκ-
749 3240 848 3312 ἔσται,
872 3234 890 3304 ὁ
915 3237 947 3303 δὲ
961 3232 1125 3343 φυλάσσων
1141 3237 1276 3319 ἐλέγχους
1300 3261 1355 3299 σο-

107 3318 194 3382 κλίνει
207 3325 267 3393 πᾶς
280 3316 342 3382 ἀπό
355 3324 458 3383 κακοῦ.
512 3323 714 3403 .15,28.καρ-
750 3319 931 3424 φισθήσεται.
958 3347 991 3396 ος
1015 3317 1155 3401 φυλάσσει
1175 3318 1229 3392 τάς
1246 3321 1355 3384 ἑαυτοῦ

107 3403 168 3465 διἀι
182 3403 304 3466 δικαίων
315 3402 453 3483 μελετῶσι
465 3406 589 3479 πίστεις,
616 3397 714 3485 στόμα
750 3401 853 3478 οδούς,
867 3415 950 3488 τηρεῖ
958 3402 1013 3487 τήν
1024 3404 1135 3467 ἑαυτοῦ
1150 3399 1257 3486 ψυχήν,
1277 3403 1350 3478 ἀγα-

107 3484 140 3549 δὲ
153 3483 268 3569 ἀσεβῶν
288 3484 477 3568 ἀποκρίνεται
489 3482 575 3548 κακά.
616 3486 648 3547 C.
666 3489 713 3561 16,
749 3491 815 3551 πῶν
834 3486 866 3550 δὲ
884 3484 961 3566 ζωήν
978 3482 1075 3550 αὐτοῦ
1092 3490 1219 3564 φείσεται
1243 3479 1354 3565 στόμαα

108 3591 137 3648 7.
152 3567 251 3630 δεκταῖ
263 3564 349 3646 παρά
362 3573 455 3650 κυρίῳ
466 3564 531 3630 ὁδοὶ
540 3562 714 3651 ἀνθρώπων
750 3593 801 3642 τος
820 3567 922 3633 αὐτοῦ.
947 3569 976 3612 ¹⁸
989 3565 1050 3649 πρὸ
1069 3572 1222 3653 συντριβής
1242 3564 1354 3651 ήγεῖται

106 3653 238 3723 δικαίων,
244 3645 293 3714 διά
305 3649 336 3713 δὲ
347 3646 446 3712 αὐτῶν
455 3651 505 3712 καί
513 3654 543 3713 οἱ
552 3652 655 3733 ἐχθροί
667 3656 714 3730 φί·
751 3648 768 3715 ἶν’
787 3677 839 3735 ρις,
852 3650 913 3735 πρὸ
926 3648 957 3715 δι’
966 3645 1351 3735 πτῶματοςκακοφροσύνη.
1412 3710 1416 3719 .

106 3736 156 3798 λοι
169 3738 308 3806 γίνονται.
323 3732 600 3814 Ο.15,τφ.μακράν
614 3731 713 3817 ἀπέχει
750 3739 760 3776 1
790 3739 932 3817 κρείσσων
946 3726 1127 3817 πρῳύθυμος
1151 3732 1225 3816 μετά
1250 3758 1354 3799 ταπει-

107 3815 125 3883 δ
139 3811 210 3892 θεός
223 3816 287 3881 ἀπὸ
301 3814 423 3901 ἀσεβῶν,
438 3813 535 3898 εὐχαῖς
544 3815 575 3879 δὲ
592 3817 713 3881 δικαίων
750 3813 881 3891 νῶσεως,
907 3815 925 3900 ἢ
943 3813 976 3892 ὃς
992 3819 1146 3900 διαιρεῖται
1168 3815 1263 3880 σκῦλα
1279 3815 1354 3898 μετὰ

107 3901 256 3967 ἐπακούει.
277 3903 401 3976 C.16,8.
413 3905 554 3982 κρείσσων
564 3897 650 3983 ὀλίγη
659 3899 710 4001 λή-
751 3897 906 4006 ὑβριστῶν.
942 3902 973 3943 ²⁰
986 3895 1104 3973 συνετός
1130 3901 1162 3963 ἓν
1184 3895 1355 3982 πράγμασιν

107 4005 158 4067 φυς
170 3983 243 4065 μετά
256 3978 452 4067 δικαιοσύνης,
471 3980 600 4064 ήπολλά
612 4008 712 4068 γεννη-
749 3980 863 4069 ευρετής
875 3982 1013 4062 ἀγαθῶν,
1020 3981 1175 4058 πιποιθῶς
1187 3983 1219 4048 δὲ
1232 3985 1281 4049 ἐπὶ
1289 3988 1353 4067 θεῷ

106 4094 188 4152 ματα
200 4070 273 4152 μετὰ
285 4066 409 4141 ἀδικίας.
748 4063 938 4152 μακαριστός.
964 4068 990 4108 11
1003 4063 1073 4141 τούς
1087 4063 1198 4148 σοφούς
1211 4069 1262 4132 καί
1275 4091 1354 4132 συνε-

299 4155 333 4213 Κ
345 4155 374 4212 Ε
388 4154 426 4214 Φ.
470 4144 524 4224 Ις’.
749 4148 819 4226 τούς
832 4145 967 4232 φαύλους
979 4148 1130 4227 καλοῦσιν,
1158 4149 1354 4228 οῖδὲγλυκεῖς

106 4201 269 4319 9Καρδία
291 4231 399 4319 ἀνδρὸς
417 4234 585 4311 λογιζέσθω
602 4233 712 4308 δίκαια,
749 4236 779 4299 ἐν
792 4229 873 4317 λόγῳ
886 4232 1008 4300 πλείονα
1020 4229 1208 4300 ἀκούσονται.
1232 4237 1260 4275 11
1272 4231 1353 4317 πηγή

105 4325 156 4384 ἵνα
174 4316 231 4383 ὑπὸ
250 4322 304 4382 τοῦ
317 4321 393 4382 θεοῦ
410 4317 571 4401 διορθωθῆ
592 4315 630 4380 τά
646 4316 712 4380 δια-
748 4319 825 4400 ζωής
838 4320 936 4382 ἔννοια
948 4329 1013 4394 τοῖς
1025 4321 1218 4401 κεκτημένοις,
1232 4317 1353 4380 παιδεία

104 4397 225 4490 βήματα
251 4398 354 4464 αὐτοῦ.
399 4387 560 4476 C.15,30!
587 4403 712 4482 θεωρῶν
748 4397 779 4464 δὲ
806 4398 946 4486 ἀφρόνων
971 4397 1056 4485 κακή.
1082 4402 1111 4443 ²³
1125 4401 1231 4481 καρδία
1253 4401 1354 4478 σοφοῦ

106 4479 266 4568 ὀφθαλμὸς
297 4479 376 4550 καλά
407 4479 552 4568 εὐφραίνει
577 4482 711 4567 καρδίαν,
750 4478 845 4568 νοήσει
870 4480 909 4548 τά
934 4479 996 4549 ἀπὸ
1021 4488 1075 4548 τοῦ
1099 4481 1173 4545 ἰδίου
1195 4474 1353 4623 στόματέοςζ

1319 4588 1352 4625 πι
