2924 4972
172 225 235 290 465
338 223 990 289 ΠΑΡᾸΛΕΙΠΟΜΕΝΩΝΔΕΤΤ.
1034 221 1242 310 Κεφ.λβ’.3ἳ.

174 337 184 360 t
221 344 234 356 n
304 344 316 356 υ
366 336 374 357 Ι
487 339 494 360 ὶ
548 339 562 350 ”
683 345 697 359 u
718 345 723 354 ·
1119 335 1126 356 ὶ
1187 335 1192 355 Ι
1234 340 1241 360 j
1270 340 1275 359 ἱ
1330 342 1344 355 ⁴
1415 342 1423 357 Ι

169 364 251 424 ημων
263 364 318 403 του
330 341 431 414 σωζειν
444 363 494 400 και
506 361 561 399 του
574 334 711 416 πολεμειν
723 332 777 399 τὸν
811 333 866 398 τὸν
875 330 951 397 λαόν
959 331 1153 419 Ἰερουσαλήμ
1163 362 1216 401 τον
1227 321 1422 407 ἐπι-τουτᾶ·

168 420 299 504 πόλεμον
323 419 413 505 ἡμῶν.
446 419 497 482 καί
520 413 738 500 κατεθάροησεν
757 413 775 481 ὃ
808 441 888 501 χους,
902 421 957 481 τοῦ
966 421 1120 522 βοηθῆσαι
1134 417 1246 493 αὐτοῖς,
1259 423 1310 484 καὶ
1321 449 1420 488 κατα-

169 505 242 580 λαὸς
256 506 306 570 ἐπί
315 517 378 578 τοῖς
385 498 484 580 λόγοις
493 499 622 576 Ἐζεκίου
633 501 777 603 βασιλέως
810 495 941 575 σπάσαι,
962 498 1046 575 όπως
1057 501 1349 588 προκαταλάβωνται
1363 507 1420 589 τήν

167 585 281 653 Ἰούδα.
307 589 388 650 9καὶ
409 581 483 667 μετά
506 587 604 648 ταῦτα
626 583 776 648 ἀπέστειλε
809 577 905 646 πόλιν.
942 583 969 624 ¹⁹
983 589 1034 655 καί
1051 582 1189 671 ἐλάλησεν
1206 589 1255 650 ἐπί
1272 586 1347 652 θεὸν
1359 586 1420 654 ‘Ie-

172 672 350 755 Σενναχηρίμ
367 666 504 755 βασιλεύς
522 664 690 750 Ἀσσυρίων
707 664 776 740 τούς
809 662 973 748 ρουσαλήμ,
987 663 1028 740 ῶς
1040 670 1090 730 καί
1103 671 1155 732 ἐπὶ
1166 667 1255 743 θεούς
1268 668 1352 734 λαῶν
1364 678 1420 756 τῆς

169 756 284 827 παῖδας
303 754 410 814 ἑαυτοῦ
425 752 477 814 ἐπὶ
491 745 699 833 Ἰερουσαλήμ,
724 751 775 812 καί
808 752 862 830 γῆς
883 750 957 831 ἔργα
977 755 1080 833 χειρῶν
1102 748 1285 834 ἀνθρώπων.
1321 756 1352 797 ²⁰
1365 760 1419 820 καί

170 834 262 908 αὐτὸς
275 837 324 899 ἐπί
336 836 442 917 Λαηίς,
455 833 506 896 καὶ
516 836 602 896 πᾶσα
615 828 633 914 ἡ
647 831 774 912 στρατιά
809 827 999 913 προςηύξατο
1014 831 1143 908 Ἐζεκίας
1160 835 1177 898 ὁ
1192 831 1338 920 βασιλεὺς,
1365 842 1419 902 καί

170 916 226 1002 μετ’
244 915 356 989 αὐτοῦ,
376 917 427 980 καί
441 913 596 979 ἀπέστειλε
607 912 775 997 πρόςἘζε-
805 911 934 987 Ἠσαίας
947 912 1010 989 υίὸς
1030 915 1126 996 Ἀμώς
1144 915 1161 980 ό
1179 915 1337 1003 προφήτης
1349 925 1418 1006 περί

169 1007 237 1064 ιιίαν
249 999 374 1085 βασιλέα
385 994 501 1074 Ἰούδα,
524 999 574 1060 καί
586 999 662 1083 πρὸς
674 997 776 1063 πάντα
809 993 937 1069 τούτων,
950 999 1001 1061 καὶ
1014 996 1145 1083 ἐβόησαν
1156 1005 1195 1074 είς
1208 998 1261 1065 τὸν
1274 999 1415 1085 οὐρανόν.

165 1081 268 1149 Ἰούδα
292 1081 345 1147 τόν
370 1086 401 1146 ἐν
421 1077 633 1164 Ἰερουσαλήμ,
672 1081 773 1158 λε’μων.
810 1081 837 1120 ²¹
850 1081 900 1142 καί
921 1079 1071 1145 ἀπέστειλε
1093 1080 1193 1165 κύριος
1218 1082 1343 1161 άννελον
1365 1090 1418 1151 καί

168 1164 308 1241 10οὕτως
332 1165 410 1242 λέγει
433 1168 615 1247 Σενναχηρίμ
639 1163 775 1249 βασιλεύς
810 1164 942 1245 ἐξέτριψε
959 1163 1060 1229 πάντα
1077 1162 1206 1231 δυνατόν
1226 1169 1277 1231 καί
1294 1169 1416 1251 πολεμι-

163 1247 338 1336 Ἆσσυρίων.
363 1251 414 1312 ἐπί
438 1253 469 1310 τί
495 1242 573 1328 ὑμεῖς
597 1254 774 1323 πεποίθατε,
811 1244 882 1328 στήν
894 1248 944 1309 καί
957 1246 1147 1331 άρχοντακαί
1159 1249 1324 1333 στρατηγὸν
1336 1254 1366 1314 ἐν
1377 1257 1416 1334 τῆ

169 1335 220 1397 καὶ
244 1327 416 1415 καθήσεσθε
439 1333 470 1393 ἐν
483 1335 518 1421 τῇ
536 1335 655 1417 περιοχῇ
674 1327 774 1395 ἐνἹε-
809 1327 983 1422 παρεμβολῇ
1012 1332 1155 1414 βασιλέως
1186 1329 1325 1417 Ἀσσούρ.
1364 1325 1416 1401 κάί

170 1415 340 1498 ρσυσαλήμς
383 1417 407 1455 ¹¹
426 1410 493 1496 ούχὶ
517 1409 644 1488 ’Ἐζεκίας
666 1411 774 1494 ἀπατᾷ
811 1408 980 1494 ἀπέστρεψε
1000 1413 1075 1494 μετά
1098 1411 1231 1499 αἰσχύνης
1251 1414 1416 1501 προςῶπου

170 1497 245 1578 ὑμᾶς
259 1502 316 1561 τοῦ
327 1495 514 1581 παραδοῦναι
533 1492 606 1576 ὑμᾶς
623 1501 662 1569 είς
674 1492 774 1560 θοίνα·
811 1498 849 1566 εἰς
860 1492 915 1576 τήν
926 1499 981 1578 γῆν
994 1499 1117 1572 ἑαυτοῦ,
1145 1501 1196 1562 καὶ
1213 1488 1304 1581 ήλθεν
1316 1505 1355 1575 εἰς
1368 1499 1416 1565 οἶ-

169 1603 222 1644 τον
233 1582 285 1644 καί
296 1584 335 1653 είς
348 1578 432 1660 λιμόν
450 1580 551 1652 καλῶς
564 1579 659 1659 δίψαν
671 1578 774 1655 λέγων,
811 1601 864 1641 κον
876 1582 950 1641 θεοῦ
964 1576 1067 1644 αὐτοῦ.
1095 1582 1145 1644 καί
1158 1586 1218 1646 τῶν
1231 1581 1416 1658 ἐξελθόντων

168 1664 267 1747 κύριος
289 1661 307 1726 ὁ
332 1662 405 1737 θεὸς
429 1659 512 1766 ήμῶν
530 1657 618 1725 πεύσει
643 1660 717 1744 ἡμᾶς
742 1664 774 1735 ἐκ
812 1662 844 1722 ἐκ
858 1661 971 1735 κοιλίας
985 1661 1080 1727 αὐτοῦ
1098 1665 1265 1748 κατέβαλον
1277 1664 1370 1733 αὐτόν
1383 1672 1415 1730 ἐν

128 1808 135 1819 ,
168 1744 262 1833 χειρός
278 1746 421 1831 βασιλέως
433 1739 579 1828 Λσοούρς
603 1743 697 1850 12οιίη
719 1737 771 1809 ού·
812 1745 954 1826 ῥομφαίᾳ.
979 1748 1009 1786 22
1022 1748 1073 1810 καί
1086 1750 1176 1810 ἔσωσε
1189 1744 1290 1834 κύριος
1302 1750 1355 1814 τὸν
1363 1748 1415 1812 Ἐ-

168 1826 220 1905 τός
233 1834 312 1893 ἐστιν
320 1827 458 1904 Ἐζεκίας,
483 1823 516 1901 ὃς
528 1827 650 1906 περιεῖλε
663 1854 702 1892 τα
715 1838 773 1892 θυ·
798 1829 908 1902 Ιζεκίαν
924 1828 975 1891 καί
992 1828 1061 1903 τοὺς
1086 1837 1295 1905 κατοικοῦντας
1312 1837 1344 1895 ἐν
1356 1828 1416 1895 Ἱε-

169 1908 326 1997 σιαστήρια
343 1911 454 1985 αὐτοῦ,
480 1911 533 1974 καὶ
548 1908 587 1974 τά
601 1907 704 1995 ὑψηλά
718 1909 774 1975 αύ-
811 1909 963 1992 ρδυσαλήμ
980 1915 1012 1975 ἐκ
1027 1911 1122 1997 χειρὸς
1133 1917 1311 2017 Σενναηηρίμ
1325 1918 1417 1999 βασι-

168 1999 236 2068 τοῦ,
250 1997 301 2059 καὶ
313 1993 374 2059 εἷπε
386 1997 431 2077 τῷ
443 1989 546 2074 Ἰούδᾳ
563 1993 614 2056 καί
626 2004 688 2068 τοῖς
700 2020 773 2058 κατ·
811 1993 884 2065 λείος
904 1989 1031 2078 Ἀσσούρ
1049 1997 1099 2058 καὶ
1117 1998 1149 2059 ἐκ
1173 2023 1264 2083 χειρος
1282 1995 1416 2072 πάντων,

170 2073 663 2162 οικοῦσινἐνἹερουσαλήμλέμων,
684 2077 774 2141 κατέ·
811 2077 862 2137 καί
893 2077 1076 2142 κατέπαυσεν
1111 2078 1221 2156 αὐτούς
1255 2078 1415 2145 κυκλόθεν.

168 2184 252 2225 ναντι
264 2165 320 2224 τοῦ
333 2163 548 2242 θυσιαστηρίου
560 2155 670 2224 τούτου
682 2185 774 2245 προς-
810 2158 839 2198 ²³
852 2159 902 2221 καί
915 2158 1027 2223 πολλοὶ
1043 2164 1075 2239 ἐς
1081 2187 1148 2241 ερον
1165 2162 1288 2246 δούρατα
1304 2169 1349 2247 τῷ
1360 2191 1416 2230 κυ-

167 2240 312 2346 κυνήσετε,
339 2245 390 2307 καί
411 2239 457 2306 ἐπ’
483 2239 570 2326 αὐτῷ
590 2238 771 2325 θυμιάσατες
811 2243 865 2321 ρίῳ
885 2244 923 2315 εἷς
936 2237 1139 2327 Ἰερουσαλήμ,
1169 2251 1219 2311 καὶ
1237 2245 1353 2329 δόματα
1370 2252 1416 2329 τῴ

167 2328 245 2391 13ου
264 2321 414 2403 ννιύσεοθε
431 2320 489 2401 δ’,τι
506 2328 634 2408 ἐποίησα
651 2322 709 2403 ἐμῶ
723 2327 772 2388 καί
807 2321 919 2405 Ἐζεκίᾳ
932 2325 1046 2409 βασιλεῖ
1052 2325 1169 2405 Ἰούδα,
1195 2332 1246 2395 καὶ
1259 2328 1415 2414 ὑπερήρθη

142 2433 148 2443 ·
167 2413 199 2474 οἱ
217 2411 343 2496 πατέρες
358 2434 415 2490 μου
436 2413 510 2474 πᾶσι
529 2419 594 2482 τοῖς
612 2407 697 2483 λαοῖς
713 2412 773 2472 τῶν
810 2406 872 2469 κατ’
893 2408 1073 2493 ὀφθαλμούς
1094 2409 1217 2477 πάντων
1234 2419 1295 2479 τῶν
1314 2403 1415 2478 ἐθνῶν

167 2498 284 2578 χωρῶν,
312 2493 352 2575 μή
372 2487 524 2573 δυνάμενοι
543 2488 690 2573 ήδύναντο
703 2494 774 2556 θεοὶ
809 2490 881 2571 μετὰ
899 2497 1003 2556 ταῦτα.
1042 2494 1074 2535 ²⁴
1087 2499 1117 2560 ἐν
1129 2507 1194 2570 ταῖς
1209 2495 1326 2581 ἡμέραις
1339 2500 1415 2560 ἐκεί-

167 2582 229 2639 τῶν
243 2580 341 2641 ἐθνῶν
359 2570 457 2656 πάσης
476 2580 529 2656 της
544 2578 598 2654 γῆς
610 2580 706 2640 σῶσαι
718 2571 772 2638 τόν
810 2597 872 2648 ναις
889 2572 1073 2660 ήβρῶστησεν
1092 2576 1220 2656 Ἐζεκίας
1242 2586 1297 2655 ἕως
1312 2575 1414 2646 θανά-

153 2656 242 2722 ·λαὸν
260 2657 362 2722 αὐτῶν
375 2661 407 2720 ἐκ
424 2652 518 2741 χειρός
533 2682 589 2735 μου
594 2685 606 2734 ,-
632 2657 661 2698 ¹⁴
678 2664 723 2729 τίς
741 2660 772 2719 ἐν
809 2680 875 2731 του,
888 2661 939 2722 καὶ
949 2657 1138 2743 προςηύξατο
1150 2661 1225 2748 πρὸς
1238 2660 1347 2750 κύριον,
1361 2664 1413 2729 καί

166 2746 240 2803 πᾶσι
251 2751 315 2812 τοῖς
326 2750 409 2813 θεοῖς
418 2744 479 2801 τῶν
490 2741 586 2801 ἐθνῶν
595 2733 709 2802 τούτων
721 2734 772 2814 οὓς
810 2737 971 2820 ἐπήκουσεν
983 2740 1069 2805 αὐτῶ
1072 2793 1083 2818 ,
1108 2749 1160 2810 καί
1177 2759 1294 2830 σημεῖον
1307 2749 1413 2811 ἔδωκεν

167 2817 392 2904 ἐξωλόθρευσαν
404 2824 435 2884 ol
452 2822 576 2902 πατέρες
586 2845 661 2899 μους
687 2820 727 2904 μή
741 2824 771 2883 ἐ·
810 2820 901 2905 αὐτῶ.
928 2825 1015 2887 2ὅκαί
1026 2809 1062 2888 οέι
1075 2829 1201 2891 κατὰτὸ
1213 2825 1413 2910 ἀνταπόδομα

165 2901 293 2970 δύναντο
322 2905 416 2968 σῶσαι
435 2901 490 2967 τὸν
515 2901 590 2966 λαὸν
612 2900 713 2968 αὐτῶν
739 2907 770 2969 ἐκ
809 2901 944 2969 δέδωκεν
955 2904 1039 2988 αύτῷ
1055 2906 1262 2974 ἀνταπέδωκεν
1271 2909 1412 2986 Ἐζεκίας,

164 2983 257 3071 χειρός
268 3011 335 3067 μου,
348 2981 396 3048 ὅτι
408 2980 590 3068 δυνήσεταιό
605 2985 674 3061 θεὸς
688 2983 770 3075 ύμῶν
809 2985 887 3051 ἀλλά
915 2983 1028 3069 ὑψώθη
1051 2986 1071 3091 ἐρ
1097 2992 1205 3073 καρδία
1225 2991 1333 3066 αὐτοῦ,
1360 2996 1413 3058 καί

165 3074 258 3152 σῶσαι
272 3066 345 3150 ύμάς
358 3072 391 3132 ἐκ
408 3064 502 3152 χειρός
513 3093 570 3150 μου
575 3098 586 3147 ,·
612 3071 770 3136 15νῦνούν
807 3072 919 3146 ἐγένετο
932 3066 976 3132 ἐπ’
996 3067 1089 3133 αύτον
1105 3069 1179 3154 ὀργή
1198 3077 1248 3135 καί
1266 3076 1315 3135 ἐπί
1330 3071 1412 3137 Ἰού-

162 3149 201 3235 μή
215 3147 364 3215 ἀπατάτω
375 3148 592 3234 ύμᾶςἘζεκίας,
602 3154 653 3217 καὶ
662 3152 702 3239 μή
715 3178 769 3218 πε-
805 3152 859 3213 δαν
870 3153 920 3213 καί
928 3146 1127 3232 Ἰερουσαλήμ.
1153 3154 1235 3214 26καί
1248 3155 1410 3216 ἐταπεινώ-

152 3237 306 3299 ·ποιθε’ναι
326 3231 400 3318 ύμᾶς
419 3241 540 3300 ποιείτω
561 3237 640 3300 κατά
660 3241 766 3309 ταῦτα,
805 3242 847 3314 θη
857 3230 985 3307 Ἐζεκίας
1003 3228 1066 3296 ἀπὸ
1083 3237 1139 3297 τοῦ
1157 3229 1253 3312 ὕψους
1265 3238 1318 3316 τῆς
1332 3260 1409 3317 καρ-

163 3323 214 3383 καί
225 3315 264 3402 μή
277 3315 423 3384 πιστεύετε
437 3315 533 3401 αὐτῷ,
553 3315 599 3384 ότι
612 3318 649 3385 οὐ
661 3319 700 3404 μή
714 3314 766 3383 δύ·
804 3316 869 3388 δίας
882 3312 975 3378 αὐτοῦ
988 3312 1080 3390 αὐτὸς
1098 3320 1149 3381 καί
1161 3321 1191 3381 οῖ
1204 3320 1408 3393 κατοικοῦντες

163 3428 247 3485 νηται
260 3399 277 3467 ὁ
294 3401 365 3479 θεὸς
377 3401 491 3476 παντὸς
503 3405 609 3478 ἔθνους
621 3408 671 3468 καί
681 3407 766 3488 βαοι-
799 3393 1004 3499 Ἰερουσαλήμ,
1017 3402 1068 3463 καί
1080 3397 1135 3464 οὐκ
1149 3400 1278 3484 ἐπῆλθεν
1290 3398 1334 3464 ἐπ’
1351 3400 1409 3465 αύ-

162 3486 241 3563 λείας
257 3492 314 3552 τοῦ
336 3491 432 3552 σῶσαι
456 3485 509 3549 τὸν
526 3484 601 3550 λαὸν
622 3484 719 3552 αὐτού
735 3487 765 3547 ἐκ
804 3505 876 3556 τους
889 3479 964 3567 ὀργή
978 3488 1081 3566 κυρίου
1097 3486 1128 3547 ἐν
1145 3495 1211 3558 ταῖς
1229 3479 1406 3567 ήμέραιςἘ-

160 3570 253 3656 χειρός
265 3597 322 3651 μου
335 3571 432 3634 καὶ-ἐκ
444 3564 537 3652 χειρός
547 3572 687 3650 πατέρων
698 3593 766 3649 μου,
804 3565 906 3640 ζεκίου.
957 3567 986 3608 ²⁷
1012 3568 1062 3631 καί
1093 3569 1205 3644 ἐγένετο
1229 3571 1273 3629 τῶ
1295 3565 1407 3650 Ἐζεκία

161 3651 207 3715 ὅτι
221 3651 239 3715 δ
252 3652 324 3726 θεὸς
342 3650 423 3734 ὑμῶν
435 3649 471 3716 ού
487 3649 527 3732 μή
548 3647 632 3716 σῶσει
647 3647 721 3732 ύμᾶς
733 3655 766 3714 ἐκ
804 3647 934 3723 πλοῦτος
944 3650 994 3713 καί
1006 3646 1079 3725 δόξα
1096 3648 1195 3752 πολλή
1206 3633 1331 3734 σφόδρα.
1357 3652 1410 3715 καί

160 3730 252 3819 χειρός
278 3760 344 3815 μου.
380 3736 472 3797 16καί
498 3736 540 3796 ἐτι
567 3731 712 3816 ἐλάλησαν
735 3736 767 3796 σί
805 3730 977 3815 θησαυρούς
1000 3736 1132 3815 ἐποίησεν
1159 3738 1242 3815 αυτῶ
1267 3732 1409 3817 ἀργυρίου

161 3817 264 3889 παῖδες
278 3816 373 3880 αὐτοῦ
384 3818 435 3881 ἐπί
447 3813 501 3881 τόν
514 3813 614 3899 κύριον
629 3813 706 3890 θεὸν,
717 3818 765 3878 καί
805 3816 857 3878 καί
867 3821 990 3897 χρυσίου
1004 3819 1121 3880 καὶτοῦ
1134 3816 1223 3880 λίθου
1235 3820 1289 3880 τοῦ
1302 3820 1409 3897 τιμίου,

162 3902 212 3962 ἐπί
224 3896 354 3974 Ἐζεκίαν
370 3900 466 3963 παῖδα
483 3897 586 3963 αὐτοῦ.
612 3900 703 3962 17καέ
721 3901 767 3984 βι-
806 3898 857 3959 καὶ
869 3901 908 3969 εἰς
920 3896 959 3960 τά
972 3894 1134 3980 ἀρῶματα,
1159 3902 1211 3962 καί
1222 3895 1409 3981 ὁπλοθήκας,

161 3980 247 4066 βλίον
269 3983 399 4066 ἔγραψεν
425 3982 568 4056 ὀνειδίζειν
587 3980 643 4044 τὸν
665 3976 767 4066 κύριον
806 3979 858 4040 καὶ
878 3983 917 4052 εἰς
936 3980 1022 4060 σκεύη
1040 3977 1219 4064 ἐπιθυμητὰ,
1245 3982 1275 4023 ²⁸
1288 3984 1339 4044 καὶ
1350 3978 1410 4045 πό·

161 4061 376 4148 θεδνἸσραήλ,
386 4063 506 4128 καίείπε
518 4063 585 4144 περί
598 4061 704 4140 αὐτοῦ,
717 4062 766 4127 λέ
806 4059 864 4134 λεις
880 4065 919 4136 εἰς
938 4059 978 4128 τά
999 4057 1164 4145 γεννήματα
1180 4066 1237 4126 τοῦ
1254 4069 1341 4128 σίτου
1357 4066 1410 4128 καί

161 4169 230 4224 μων.
258 4142 298 4220 ῶς
315 4149 346 4208 οἳ
363 4148 431 4208 θεοὶ
450 4152 512 4209 τῶν
528 4148 625 4209 ἐθνῶν
641 4151 695 4229 τῆς
713 4150 766 4228 μής
807 4144 890 4209 οἴνου
903 4147 954 4209 καί
967 4145 1080 4220 ἐλαίου,
1093 4148 1144 4211 καὶ
1155 4142 1254 4226 κῶμος
1267 4147 1318 4210 καί
1330 4142 1410 4226 φάτ·

163 4227 218 4293 οὐκ
232 4229 379 4304 ἐξείλοντο
398 4226 489 4300 λαούς
508 4225 608 4290 αὐτῶν
625 4230 658 4290 ἐκ
670 4229 766 4313 χειρός
805 4251 857 4303 νας
868 4227 981 4304 παντὸς
1000 4227 1135 4312 κτήνους,
1160 4233 1210 4292 καί
1227 4223 1357 4310 μάνδρας
1370 4233 1409 4304 είς

160 4337 228 4394 μου,
234 4308 330 4387 οὕτως
340 4308 377 4374 ού
387 4306 425 4392 μή
440 4309 571 4391 ἐξέληται
580 4306 597 4371 ὁ
607 4307 765 4387 θεδςἘζε-
804 4311 844 4375 τά
863 4318 997 4395 ποίμνια,
1023 4316 1054 4356 ²⁰
1067 4315 1118 4377 καί
1129 4308 1229 4386 πόλεις
1242 4308 1278 4386 ἀς
1290 4309 1408 4394 ᾠκοδό-

161 4400 226 4460 κίου
240 4394 316 4461 λαὸν
328 4392 423 4459 αύτού
437 4395 467 4455 ἐκ
480 4387 572 4497 χειρός
584 4416 650 4472 μου.
678 4395 765 4460 18καί
804 4418 890 4475 μησεν
903 4393 986 4477 αύτῷ
1000 4397 1051 4459 καὶ
1069 4393 1235 4476 ἀποσκευήν
1247 4391 1409 4481 προβάτων

159 4475 261 4565 ἐβόησε
286 4482 373 4568 φωνῇ
395 4474 507 4572 μεγάλη
539 4476 689 4542 Ιουδαΐστί
713 4480 764 4542 ἐπὶ
803 4480 855 4540 καί
866 4480 947 4561 βοῶν
958 4482 997 4552 είς
1006 4478 1136 4562 πλῆθος,
1151 4474 1196 4541 ὅτι
1208 4479 1312 4542 ἐδωκεν
1324 4475 1410 4578 αύτῷ

1309 4585 1411 4638 κυριος
