2924 4972
434 229 463 286 Γ
475 225 504 285 Ω
517 228 550 286 Β
563 231 584 286 1
595 230 625 286 T
662 228 740 302 Κεφ.
752 223 795 307 β’.
812 224 853 298 γ’.
867 223 898 287 2.
912 223 944 287 δ.
1248 229 1312 290 515

68 357 134 430 μοῖς
143 348 266 427 μου,καί
276 347 528 432 ἐπορεύθηνπρός
538 345 670 433 ίατροῦς,
709 348 783 421 δίας,
821 349 873 410 καί
896 342 1006 427 ταύτην
1031 342 1227 444 ὀνειδισθηναι
1253 341 1313 411 ῦπὸ

69 431 120 492 καί
137 427 192 493 οῦκ
211 427 368 514 ὥφελησάν
383 455 425 512 με.
447 426 620 514 Ἀχιάχαρσς
637 430 670 494 δὲ
708 430 872 494 παιδισκῶν
883 427 999 512 πατρὸς
1011 426 1113 510 αὐτῆς,
1139 427 1202 491 θὸτι
1216 417 1252 510 ἦν
1267 428 1314 491 δε-

69 515 172 594 ἔιρεφέ
185 538 220 593 με
246 518 301 586 ῖως
323 505 360 578 οῦ
378 509 542 598 ἐπορεύθην
558 519 597 589 είς
616 512 670 596 την
708 515 814 595 δσμένη
827 510 966 597 ἀνδράσιν
978 508 1067 584 ἱπτά,
1079 507 1313 590 καίἈσμοδαῖος

65 591 236 676 Ἐλυμαΐδα.
262 600 286 637 ¹¹
300 601 351 661 καί
372 593 389 680 η
413 596 486 679 γυνη
501 622 560 678 μου
580 596 667 662 ’Άννα
708 595 745 660 τό
763 592 895 681 πονηρόν
914 589 1066 673 δαιμόνιον
1080 592 1244 656 ἀπέκτεινεν
1256 590 1313 656 αῦ·

68 674 222 780 ηριθεύετο
240 680 352 754 ἐντοῖς
369 686 551 756 γυναικείοις,
575 681 667 744 12καί
708 678 789 752 τοὺς,
802 676 891 760 πρινη
907 680 1044 754 γενέσθαι
1057 674 1168 749 αύτούς
1180 671 1238 757 μετ’
1255 672 1313 739 αό-

65 761 227 826 ιιπέστελλε
248 774 312 836 τοῖς
333 769 453 848 κυρίοις.
478 766 529 827 καί
547 761 668 827 ἀπίδω·
708 766 759 843 τῆς
772 757 812 835 ὡς
825 765 856 824 ἐν
868 763 989 837 γυναιξί.
1015 760 1067 822 καί
1079 756 1164 822 εἶπαν
1177 756 1263 837 αύτῆ.
1274 755 1312 822 ού

63 868 119 908 καν
131 842 209 937 αὐτῇ
220 848 271 910 καί
283 843 372 909 αύτοί
384 844 437 910 τόν
447 843 668 931 μισθόν,πρσς-
708 855 812 918 συνιείς
821 837 1034 919 ἀποπνίγουσιν
1044 867 1100 907 σου
1110 839 1182 915 τοὺς
1192 827 1312 925 ἀνδρας,Ι

63 925 161 1001 δόντες
174 929 226 990 καί
238 930 348 1012 ἔριφον.
365 925 447 993 13όσε
458 929 490 994 δὲ
506 918 578 994 ςλθε
591 925 667 1013 πρός
708 926 763 1032 λη’δη
775 924 853 990 ἑπτὰ
870 929 964 1010 ἔσχες,
989 930 1039 990 καὶ
1058 924 1123 999 ἑνός
1140 921 1240 988 αύτιῦν
1255 921 1313 988 οῦκ

65 1009 116 1089 μὲ,
133 1008 246 1094 ἤρξατο
261 1009 382 1093 κράζειν.
419 1015 471 1077 καί
487 957 559 1078 είπα
576 1012 664 1104 αὐτῇ.
708 1005 897 1093 συνομάσθης.
923 1012 983 1073 9τί
1000 1007 1077 1091 ἡμᾶς
1093 1019 1262 1109 μαστιγοῖςς
1287 1009 1314 1070 ελ

66 1088 163 1154 πόθεν
180 1090 214 1155 τό
234 1096 348 1176 ἐρίφιον
353 1121 365 1171 ,·
388 1091 427 1176 μη
446 1095 623 1177 κλειμμαῖσν
636 1098 668 1158 ἐ·
708 1090 877 1167 ἀπίθανον,
885 1091 984 1177 βάδιζε
993 1089 1052 1173 μετ’
1065 1095 1175 1167 αυτῶν,
1184 1089 1224 1171 μη
1236 1092 1312 1154 ἴδοι-

67 1179 131 1237 στίν
136 1199 148 1249 ,·
174 1169 287 1248 ἀπόδος
312 1174 389 1239 αὐτὸ
407 1189 470 1251 τοῖς
482 1182 602 1261 κυρίοις.
628 1173 666 1241 ού
707 1177 759 1257 μέν
774 1199 828 1239 σου
841 1173 906 1241 υἱόν
919 1174 936 1280 η’
950 1175 1106 1258 θυγατέρα
1119 1178 1159 1248 είς
1171 1170 1224 1237 τόν
1236 1177 1312 1238 αῖιῦ-

63 1255 123 1357 γὰρ
136 1251 256 1336 θεμιτόν
272 1257 350 1320 ἐστιν
367 1271 469 1337 φαγεῖν
485 1259 666 1340 κλεψιμαῖσν.
708 1282 754 1321 να.
768 1259 899 1322 10ταῦτα
912 1254 1070 1322 ακούσασα
1084 1254 1219 1340 ἐλυπήθη
1234 1249 1312 1335 σφό·

64 1340 95 1381 ¹⁴
109 1366 126 1421 η
140 1337 172 1402 δὲ
186 1337 271 1403 εἶπεν.
307 1338 404 1420 δῶρον
420 1342 542 1406 δέδοταί
556 1367 606 1424 μοι
619 1344 668 1405 ἐπί
708 1339 781 1424 δρα,
819 1335 891 1414 ιύςτε
915 1336 1122 1417 ἀπάγξασθαι.
1148 1342 1200 1403 καί
1225 1338 1310 1402 εἶπεν.

63 1428 108 1505 τῷ
120 1426 231 1504 μισθῷ.
269 1420 320 1485 καί
337 1420 392 1486 οῦκ
411 1426 564 1489 ἐπίστευον
582 1422 667 1512 αὐτῇ.
707 1427 762 1505 μία
772 1424 825 1503 μέν
836 1426 891 1506 εἶμι
903 1428 949 1506 τῷ
964 1428 1058 1503 πατρί
1069 1448 1133 1504 μου.
1160 1418 1212 1485 ἐάν
1224 1417 1312 1506 ποιη-

63 1508 115 1569 καί
128 1504 232 1582 ε”λεγον
249 1500 427 1569 ἀποδιδόναι
447 1504 522 1571 αύτό
540 1518 602 1583 τοῖς
614 1533 668 1570 κυ·
709 1529 753 1569 σω
766 1508 867 1580 τοῦτο,
880 1503 989 1580 ὄνειδος
1007 1505 1091 1588 αὐτῷ
1103 1508 1198 1577 ἔσται,
1211 1501 1311 1569 καὶτὸ

62 1595 146 1691 ρίοις,
159 1589 211 1651 καί
223 1584 375 1673 ἠρυθρίων
387 1587 464 1674 πρός
477 1586 580 1673 αὐτην.
603 1586 668 1676 ᾗδὲ
706 1591 799 1672 γ’ρας
816 1585 910 1653 αῦτοῦ
935 1585 1056 1664 κατάξω
1074 1586 1131 1670 μετ’
1153 1584 1257 1670 ὀδύνης
1273 1591 1312 1662 είς

63 1681 265 1757 αποκριθεῖσα
289 1670 356 1736 εἶπέ
378 1698 435 1754 μοι.
461 1676 524 1738 ποῦ
536 1678 608 1738 εἰσίν
633 1676 667 1738 αῖ
707 1617 793 1753 ᾅύου,
818 1674 844 1712 ¹¹
856 1672 907 1736 καί
925 1667 1032 1755 ἐδεήθη
1049 1669 1124 1752 πρός
1140 1675 1178 1761 τῇ
1197 1671 1310 1754 θυρίδι,

62 1749 254 1837 ἐλεημοσύναι
271 1780 342 1831 σου,
366 1757 417 1820 καί
434 1761 468 1821 αῖ
484 1756 665 1823 δικαιοσύναι
707 1758 758 1820 καὶ
770 1752 858 1819 εἶπεν.
885 1752 1043 1838 εὐλογητὸς
1062 1755 1090 1820 εί
1104 1751 1183 1834 κύριε
1200 1750 1218 1818 ό
1238 1749 1311 1830 θεός

63 1861 136 1918 σονς
164 1836 229 1903 ἰδού
241 1836 362 1916 γνωστὰ
374 1835 476 1904 πάντα
487 1840 561 1921 μετὰ
574 1845 642 1907 σοῦ.
705 1863 775 1920 μου,
793 1839 845 1902 καί
861 1835 1021 1923 εῦλσγητόν
1037 1836 1074 1903 τό
1093 1832 1186 1920 ὀνσμά
1200 1863 1255 1902 σου
1273 1832 1311 1902 τό

253 1929 325 1985 KE
338 1926 376 1985 (1).
419 1920 472 1987 Γ’.
706 1919 789 1998 ἀγισν
815 1923 867 1985 καί
892 1924 1006 2003 ἔντιμον
1032 1926 1071 1995 είς
1094 1920 1165 1995 τοῦς
1189 1924 1309 1993 αῖιῦνας.

62 1968 120 2066 K
115 2007 147 2069 αῖ
159 2004 302 2089 λυπηθείς
313 2006 454 2083 ἐλιλαυσα,
477 2008 529 2072 καί
539 2034 665 2091 προςευ-
706 2000 924 2088 εύλσγησαισάν
942 2030 974 2071 σε
990 2002 1094 2069 πάντα
1110 2004 1149 2069 τά
1167 2006 1241 2089 ἔργα
1254 2029 1309 2067 σου

61 2083 152 2171 ξάμην
162 2086 219 2170 μετ’
234 2085 346 2173 ὀδύνης,
359 2089 461 2167 λέγων.
486 2091 626 2166 2δίκαιος
640 2089 669 2154 εί
705 2093 745 2163 είς
756 2085 810 2152 τόν
828 2092 935 2153 αἰῶνα.
961 2090 1053 2153 12καί
1071 2092 1122 2153 νῦν
1140 2085 1220 2170 κύριε
1237 2085 1308 2163 τοὺς

61 2167 151 2254 κύριε,
163 2173 213 2236 καί
226 2169 326 2236 πάντα
334 2167 373 2235 τά
386 2176 459 2256 ἔργα
473 2198 528 2237 σου
540 2176 591 2236 καί
602 2179 666 2237 πᾶ-
705 2167 882 2252 όφθαλμούς
893 2198 952 2256 μου
969 2173 1019 2236 καί
1030 2171 1067 2236 τό
1080 2165 1240 2253 πρόςωπόν
1250 2195 1310 2251 μου

62 2278 113 2317 σαι
126 2258 160 2316 αῖ
172 2250 244 2317 όδοί
255 2278 311 2317 σου
324 2251 515 2335 ἐλεημοσύναι
527 2257 578 2318 καί
590 2251 664 2336 ἀλη-
705 2257 744 2326 είς
756 2252 790 2317 σὲ
803 2255 927 2321 δέδωκα.
961 2255 1093 2328 13εἷπον,
1107 2253 1263 2317 ἀπολῦσαί
1273 2279 1309 2334 με

62 2345 141 2408 θεια,
159 2337 209 2396 καί
221 2340 315 2414 κρίσιν
328 2332 474 2417 ἀληθινὴν
486 2339 537 2400 καί
548 2338 666 2400 δικαίαν
705 2332 768 2399 ἀπό
778 2341 830 2420 τῆς
841 2342 904 2421 γης,
918 2340 970 2403 καί
981 2336 1021 2423 μη
1034 2337 1165 2403 ἀκοῦσαί
1174 2361 1209 2418 με
1219 2337 1309 2433 μηκέ-

65 2412 102 2478 σύ
114 2421 216 2499 κρίνεις
232 2419 271 2488 είς
288 2413 342 2478 τόν
359 2420 464 2479 αίιῦνα.
491 2414 667 2500 3μνήσθητί
705 2441 735 2479 τι
759 2414 927 2500 ὀνειδισμόν.
952 2422 1031 2487 1*σὺ
1055 2417 1201 2500 γινώσκεις
1219 2442 1308 2498 κυριε,

62 2524 132 2583 μου,
144 2499 195 2561 καί
207 2496 368 2583 ἐπίβλεφον
377 2495 420 2562 ἐπ’
437 2501 494 2578 ἐμέ.
520 2495 559 2582 μη
571 2524 605 2581 με
619 2502 667 2562 ἐκ·
707 2495 753 2561 ότι
766 2499 889 2579 καθαρά
900 2509 958 2584 εἰμι
976 2502 1038 2570 ἀπὸ
1051 2501 1150 2590 πάσης
1163 2501 1309 2584 ἁμαρτίας

62 2584 144 2673 δικῇς
158 2591 222 2655 ταῖς
240 2580 398 2664 ἁμαρτίαις
413 2605 471 2660 μου
490 2584 541 2645 καί
553 2593 618 2656 τοῖς
629 2578 667 2644 ἀ·
706 2578 822 2664 ἀνδρός,
848 2584 1007 2649 16καὶούκ
1025 2585 1151 2670 ἐμόλυνα
1164 2583 1199 2652 τό
1214 2579 1309 2666 ὄνομά

61 2660 206 2745 γνσημασί
219 2690 279 2746 μου
297 2665 348 2726 καί
365 2667 425 2727 τῶν
441 2668 581 2749 πατέρων
600 2689 666 2745 μου,
705 2689 762 2744 μου
780 2662 848 2728 οῦδὲ
867 2662 902 2728 τό
928 2667 1024 2747 ὄνομα
1044 2677 1100 2733 τοῦ
1118 2676 1233 2753 πατρός
1249 2695 1308 2752 μου

61 2744 229 2833 ἀῆμαρτον
243 2742 369 2812 ἐνώπιόν
381 2772 446 2811 σου.
484 2743 667 2830 4πινρηκου-
707 2749 739 2810 ἐν
751 2749 791 2838 τῇ
802 2750 903 2838 γῄτῆς
915 2748 1117 2831 αἰχμαλωσίας
1128 2778 1193 2832 μου.
1219 2779 1307 2833 μόνον

63 2857 120 2896 σαν
132 2831 191 2915 γὰρ
205 2835 265 2894 τιῦν
279 2829 408 2894 ἐντολῶν
419 2855 483 2905 σου,
492 2833 543 2895 καὶ
556 2832 666 2905 ἐδωκας
703 2826 788 2915 γενης
802 2837 858 2913 εἰμι
871 2835 914 2913 τῷ
927 2837 1022 2909 πατρί
1035 2856 1105 2915 μου,
1117 2831 1169 2897 καί
1182 2833 1235 2918 οὐχ
1249 2833 1310 2900 ῦπ-

60 2911 138 2998 ίημῦς
152 2919 191 2989 εἷς
208 2912 376 2999 διαρπαγὴν
392 2915 443 2977 καί
463 2915 667 3017 αἰχμαλωσίαν
704 2911 782 3016 ἀρχει
813 2914 1047 2980 αὐτοῦ’παιδίον
1070 2911 1089 2979 ὀ
1105 2916 1310 2999 κληρονομήσει

768 2996 774 3017 ἱ

61 2999 114 3063 καὶ
131 2992 267 3061 θάνατον
283 2998 335 3061 καί
361 2997 539 3084 παραβολην
563 2999 666 3062 ονειδι·
705 2982 1021 3078 αυτον,οῦδὲ“ἀδελφός
1032 2996 1198 3076 ἐγγύς,ούδὲ
1213 2998 1310 3086 ῦπαρ-

62 3085 139 3161 σμοῦ
148 3086 222 3144 πᾶσι
235 3092 297 3155 τοῖς
304 3084 417 3145 ἔθνεσιν
423 3084 454 3143 ἐν
467 3081 512 3155 οἷς
524 3085 666 3163 ἐσκορπί·
703 3107 764 3164 χων
778 3082 863 3164 αύτῷ
877 3081 954 3159 υίός,
967 3088 1016 3147 Ιι’να
1029 3086 1203 3187 συντηρησω
1213 3081 1310 3163 ἐμαυ-

63 3175 167 3245 σμεθα.
194 3164 273 3228 ὅκαὶ
294 3169 346 3227 νῦν
366 3164 479 3229 πολλαί
502 3169 535 3228 αῖ
559 3170 666 3250 κρίσεις
704 3160 757 3246 την
771 3163 853 3250 αύτῷ
866 3179 1002 3244 γυναῖκα,
1015 3166 1072 3252 ἤδη
1085 3162 1244 3232 ἀπωλοντό
1256 3193 1309 3249 μοι

64 3272 117 3311 σου
130 3249 182 3312 εῖσῖ
199 3249 251 3310 καὶ
271 3245 422 3330 ἀληθινοί.
447 3250 478 3323 ἐξ
494 3251 567 3329 ἐμοῦ
577 3251 664 3329 ποιη-
705 3244 790 3311 ἑπτά.
816 3255 865 3313 ἰ’να
879 3256 911 3313 τί
920 3277 969 3332 μοι
987 3254 1055 3333 ζῆνς
1082 3253 1167 3316 καλεῖ
1178 3250 1217 3332 μη
1230 3252 1313 3313 δοκεῖ

63 3357 115 3395 σαι
133 3331 199 3413 περὶ
217 3334 277 3393 τῶν
294 3327 447 3415 ἁμαρτιῶν
464 3355 523 3412 μου
540 3333 664 3395 καὶτῶν
705 3354 752 3393 σοι
765 3329 941 3396 ἀποκτεῖναί
957 3324 1009 3416 με,’
1032 3337 1172 3409 ἐπίταξον
1189 3330 1309 3414 ἐπιβλέ-

62 3417 203 3494 πατὲρων
213 3437 283 3494 μου,
296 3410 342 3476 ότι
355 3413 409 3478 οῦκ
422 3409 599 3497 ἐποιήσαμεν
610 3413 665 3488 τάς
706 3434 765 3494 ψαι
782 3412 825 3475 ἐπ’
849 3414 913 3493 ἐμὲ,
939 3420 990 3479 καί
1006 3420 1110 3497 μηκέτι
1128 3415 1250 3493 ἐλεῆσαί
1263 3435 1309 3492 με,

62 3492 189 3569 ἐντολάς
207 3519 276 3567 σου,
302 3494 338 3558 σύ
350 3495 408 3580 γάρ
422 3493 622 3581 ἐπορεύθημεν
635 3502 666 3562 ἐν
704 3497 754 3559 καί
769 3492 899 3559 ἀκοῦσαί
909 3521 943 3576 με
958 3492 1127 3577 ὀνειδισμόν.
1155 3495 1240 3557 16καὶ
1253 3497 1310 3566 είς·
1354 3554 1356 3558 .

63 3577 194 3661 ἀληθείᾳ
208 3571 334 3640 ἐνώπιόν
346 3603 409 3642 σου.
434 3579 514 3643 6καί
525 3585 576 3644 νῦν
587 3579 665 3645 κατὰ
704 3573 839 3662 ηκούσθη
863 3575 1005 3663 προςευχη
1030 3577 1211 3660 ἀμφοτέρων
1235 3570 1309 3641 ἐνιύ-

63 3662 100 3727 τό
110 3659 237 3747 ἀρεστὸν
255 3654 382 3725 ἐνιόπιόν
395 3685 449 3724 σου
465 3668 594 3767 ποίησον
605 3661 662 3743 μετ’
704 3687 773 3727 πισν
786 3667 838 3746 της
850 3657 934 3743 δόξης
952 3667 1009 3727 τοῦ
1015 3659 1151 3765 μεγάλου
1160 3657 1309 3763 Ῥαφαηλ,

65 3749 144 3828 ἐμοῦ.
172 3746 312 3819 ἐπίταξον
330 3740 488 3828 ἀναλαβεῖν
503 3768 540 3807 το
552 3740 666 3827 πνεῦμά
704 3749 731 3789 ¹⁷
744 3747 795 3811 καί
818 3743 969 3828 ἀπεστάλη
993 3751 1140 3811 ίασασθαι
1157 3743 1227 3819 τοῦς
1240 3745 1307 3820 δυο,

63 3853 132 3912 μου,
146 3823 227 3902 ὅπως
241 3825 401 3900 ἀπολυθιῦ,
415 3828 464 3890 καί
476 3829 603 3908 γένωμαι
617 3833 664 3911 γη.
705 3834 760 3894 τοῦ
789 3829 889 3914 Τωβὶτ
915 3829 1031 3895 λεπίσαι
1056 3825 1096 3894 τά
1121 3824 1308 3910 λευκώματα,

63 3908 138 3975 διότι
150 3911 292 3976 λυσιτελεῖ
301 3937 352 3991 μοι
371 3908 549 3985 ἀποθανεῖν,
573 3909 665 4003 ἢζῇν.
705 3915 756 3976 καί
768 3909 890 3997 Σάρῤαν
906 3912 960 3993 την
972 3917 1028 3978 τσῦ
1043 3908 1192 3996 Ῥαγσυηλ
1203 3913 1309 3978 δοῦναι

64 3991 111 4058 ότι
133 3992 309 4076 ὀνειδισμοὺς
329 3995 446 4073 ψευδεῖς
468 3992 590 4076 ἤκουσα,
616 3997 667 4057 καί
709 4001 811 4082 Τωβία
836 3999 881 4079 τῷ
904 4000 960 4078 υἱῷ
990 3998 1090 4082 Τωβὶτ
1101 4007 1235 4072 γυναῖκα,
1257 3997 1309 4060 καί

63 4073 126 4141 λύπ
166 4081 230 4143 ἐστί
253 4076 352 4161 πολλὴ
370 4082 402 4142 ἐν
425 4080 498 4160 ἐμοί.
525 4080 666 4154 ἐπίταξον
705 4059 982 4161 δῆσαιἍσμοδαῖον
1000 4079 1036 4145 τό
1055 4078 1190 4165 πονηρὸν
1203 4074 1308 4163 δαιμό-

64 4106 261 4243 ἀπολυθηναί
279 4187 312 4243 με
334 4166 386 4244 τῆς
404 4158 532 4246 ἀνάγκης
553 4160 609 4245 ἤδη
626 4166 664 4235 εἰς
705 4187 776 4236 νιον,
790 4160 866 4226 διότι
883 4168 986 4249 Τωβία
1004 4159 1151 4248 ἐπιβάλλει
1164 4163 1309 4245 κληρονο-

63 4242 120 4308 τόν
142 4240 261 4308 αῖαόνισν
280 4242 388 4319 τόπον,
410 4244 449 4349 μη
473 4244 665 4329 ἀποστρέψης
704 4251 793 4327 μησαι
807 4243 906 4327 αότην.
933 4252 964 4313 ἐν
982 4246 1065 4312 αύτιῦ
1080 4252 1123 4330 τρῦ
1135 4252 1229 4328 καιρῷ
1243 4250 1308 4309 ἐπι-

62 4326 100 4390 τό
120 4324 278 4409 πρόςωπόν
298 4354 350 4392 σου
368 4326 414 4392 ἀπ
440 4333 519 4408 ἐμοῦ.
559 4331 615 4391 7ἐν
628 4321 664 4419 τῇ
705 4332 838 4413 στρέψας
865 4333 965 4417 Τωβίτ
988 4316 1118 4413 εῖςῖηλθεν
1134 4336 1173 4402 είς
1191 4328 1244 4392 τόν
1262 4327 1309 4392 σί-

62 4407 141 4488 αύτη
162 4404 253 4492 ημέρᾳ
272 4415 376 4496 συνεβη
395 4415 429 4502 τῇ
450 4414 579 4493 θυγατρί
592 4408 665 4475 Ῥα-
704 4439 757 4477 κον
769 4411 1053 4496 αότοῦ,καίΣάρ’ῥα
1067 4408 1309 4494 ἷητοῦῬαγσυηλ

62 4490 156 4575 γουίηλ
169 4486 274 4576 Σάῤῥρ
287 4498 317 4556 ἐν
325 4489 517 4579 Ἐκβατάνοις
527 4499 578 4578 της
592 4501 664 4579 Μη-
705 4499 863 4640 κατεβηςέη
873 4501 929 4559 τοῦ
942 4493 1080 4578 ὑπερῴου
1093 4490 1194 4573 αὐτῆς.
1236 4578 1270 4633 K

879 4598 896 4639 2
1267 4597 1316 4649 ‘W’
