2924 4972
310 252 605 313 ΒΔΣΙΔΕΙΩΝ
625 253 805 313 ΠΡΩΤΗ
847 254 919 328 Κεφ.
934 252 963 312 ε’.
977 256 1016 323 ς’.
1030 252 1059 312 5.
1072 248 1102 312 6.
1265 248 1330 315 977

94 354 227 424 ἐκάλεσεν
250 358 288 422 τὸ
315 363 474 445 παιδάριον
502 361 691 446 Οάαιβαρχαι-
721 387 759 425 οι.
785 362 951 443 μετιλθέτω
964 357 1090 446 κιβωτὸς
1101 364 1155 424 τοῦ
1168 364 1243 426 θεοῦ
1252 357 1329 445 πρὸς

92 442 161 527 βὼθ
174 438 250 525 ῦπὲρ
265 447 318 524 τῆς
330 447 459 527 κιβωτοῦ
471 447 528 506 τοῦ
540 448 627 515 θεοῦ,
640 444 691 512 καί
722 441 806 526 ημᾶς.
820 446 872 508 καί
882 443 1026 526 μετῆλθεν
1038 441 1165 528 κιβωτός
1182 447 1237 507 τοῦ
1249 447 1327 508 θεοῦ

94 522 167 607 ῦπὲρ
183 529 240 587 τοῦ
257 529 403 610 πενθεροῦ
421 522 524 607 αὐτῆς,
549 528 600 598 καί
618 524 690 612 ὑπὲρ
719 525 839 610 Ἰσραὴλ
856 531 896 602 είς
913 530 992 591 Γὲθ.
1018 526 1098 590 9καὶ
1115 521 1238 608 ἐγενηθη
1250 524 1325 607 μετά

92 613 145 671 τοῦ
158 606 263 688 ἀνδρὸς
277 607 377 692 αὐτῆς.
396 610 482 671 22καί
494 606 590 673 εἶπαν.
604 603 692 689 ἀπῴ-
722 607 758 671 τό
775 609 926 690 μετελθεῖν
943 606 1048 693 αὐτὴν,
1073 610 1124 672 καὶ
1140 614 1249 685 γίνεται
1265 608 1326 692 χείρ

92 716 184 755 κισται
199 692 274 766 δόξα
290 689 413 773 Ἰσραὴλ
430 694 461 755 ἐν
475 695 522 774 τῷ
539 691 691 774 ληφθῆναι
722 697 825 773 κυρίου
837 695 875 783 τῇ
886 687 980 766 πόλει,
1005 687 1136 795 τάραηος
1147 695 1239 772 με’γας
1251 685 1325 770 σσό-

90 773 141 858 την
152 772 279 858 κιβωτὸν
291 780 400 857 κυρίου.
723 773 789 856 δρα.
818 779 871 839 καί
894 772 1020 853 ἐπάταξε
1043 799 1115 849 τους
1141 775 1250 858 ἀνδρας
1275 777 1327 856 τῆς

287 862 360 919 ΚΕ
373 862 411 919 Φ.
454 855 504 919 13'.
723 850 839 929 πόλεως
852 854 916 920 ἀπὸ
927 854 1249 940 μικροῦὲίσςμεγείλου,
1275 857 1325 921 καί

88 906 174 1003 Καὶ
186 934 351 1018 ἀλλόφυλοι
368 938 482 1024 ἔλαβον
499 940 553 1022 τὴν
565 936 692 1025 κιβωτόν
724 931 869 1013 ἐπάταξεν
881 936 991 1012 αύτούς
1003 943 1042 1012 εἰς
1054 938 1108 1013 τάς
1118 943 1203 1025 ίθρας
1215 937 1324 1004 αὐτῶν.

90 1027 146 1085 τοῦ
159 1025 243 1093 θεοῦ,
256 1024 308 1085 καὶ
320 1018 480 1105 είςηνεγκαν
492 1021 589 1106 αὐτὴν
602 1021 692 1098 ἐξἈτ
724 1020 777 1084 καὶ
797 1023 943 1103 ἐποίησαν
958 1024 990 1085 οί
1011 1024 1139 1089 Γεθαῖοι
1155 1024 1273 1096 ἑαυτοῖς
1294 1027 1326 1086 ἕ-

90 1104 195 1186 βενεζὲρ
207 1104 391 1180 είςἍζωτον.
418 1106 498 1169 2καί
510 1106 622 1191 ἔλαβον
634 1103 692 1168 ἀλ-
724 1102 806 1187 δρας,
835 1105 865 1147 ¹⁰
876 1104 927 1167 καί
944 1102 1192 1178 ἐξαποστελλουοι
1210 1100 1264 1186 την
1280 1131 1325 1168 κι-

88 1175 215 1265 λόφυλοι
227 1187 283 1288 την
295 1188 423 1272 κιβωτὸν
435 1193 551 1271 κυρίου,
574 1189 625 1251 καί
637 1192 693 1260 είς·
723 1183 823 1272 βωτόν
839 1190 895 1250 τοῦ
916 1189 994 1251 θεοῦ
1010 1188 1050 1259 είς
1070 1181 1252 1251 Ἀσκάλωνα.
1276 1188 1328 1250 καί

89 1268 211 1353 ἠνεγκαν
228 1268 329 1352 αυτὴν
342 1274 381 1343 εἰς
398 1269 483 1334 οἶκον
497 1267 616 1346 Δαγὼν,
640 1270 693 1333 καί
725 1264 850 1352 ἐγενηθη
862 1264 904 1342 ὼς
916 1267 1048 1350 είςῆλθεν
1064 1265 1190 1351 κιβωτὸς
1202 1271 1276 1333 θεοῦ
1290 1271 1328 1341 21,-

87 1355 277 1433 παρέστησαν
290 1350 388 1432 αὐτην
400 1351 486 1436 παρά
496 1347 613 1429 Δαγὼν.
626 1352 693 1416 3καί
719 1348 904 1426 Ἀσκάλωνα,
928 1352 980 1416 καί
992 1346 1119 1436 ἐβόησαν
1131 1352 1163 1414 οί
1172 1346 1328 1415 Ἀσκαλω-

89 1433 249 1516 ὼρθρισαν
265 1436 297 1495 σί
308 1429 459 1508 Ἀζώτιοι,
485 1437 536 1499 καί
553 1434 692 1519 εἰςηλθον
725 1445 813 1511 νῖται,
825 1435 965 1512 λέγοντες.
1004 1439 1036 1498 τί
1051 1431 1263 1519 ἀπεστρέηιατε
1275 1430 1329 1515 την

88 1521 127 1590 είς
140 1517 222 1581 οἷκον
241 1511 359 1592 Δαγὼν.
385 1519 437 1580 καί
453 1515 545 1594 είιίσν,
560 1520 613 1582 καί
626 1517 690 1583 taos>
723 1516 849 1603 κιβωτόν
860 1522 918 1581 τοῦ
931 1521 1005 1581 θεοῦ
1021 1513 1142 1601 Ἰσραὴλ
1160 1511 1237 1601 πρὸς
1251 1512 1328 1598 ἡμᾶς

90 1595 201 1673 Δαγὼν
212 1597 373 1674 πεπτωκὼς
392 1602 443 1663 ἐπί
461 1596 621 1686 πρόςωπον
632 1598 690 1666 αῦ-
721 1606 897 1666 θανατὼσαι
910 1595 987 1684 ἢμῦς
1000 1600 1053 1667 καί
1070 1597 1123 1667 τόν
1136 1594 1210 1666 λαόν
1225 1593 1324 1701 ημὼνς

90 1686 144 1744 τοῦ
162 1676 288 1746 ἐνὼπιον
305 1685 435 1768 κιβωτοῦ
456 1688 514 1748 τοῦ
528 1689 613 1749 θεοῦ.
637 1685 690 1750 καί
721 1686 745 1725 ¹¹
758 1686 810 1751 καί
825 1683 1077 1759 ἐξαποστελλουσι
1101 1683 1152 1751 καί
1168 1706 1326 1759 ουναγαυσι

88 1763 208 1849 η’γειραν
223 1762 275 1829 τόν
292 1762 415 1842 Δαγὼν,
441 1768 492 1832 καί
505 1771 688 1871 κατέστησαν
720 1765 790 1843 τοῦς
807 1762 966 1853 σατράπας
983 1770 1044 1831 τῶν
1060 1759 1249 1844 ἀλλοφύλων,
1274 1767 1325 1828 ²⁸03

85 1852 124 1920 είς
143 1846 197 1912 τόν
211 1844 308 1913 τόπον
324 1847 426 1915 αὐτοῦ.
465 1851 517 1914 καί
535 1852 688 1958 ίβαρυνθη
719 1849 810 1916 εἷπον.
823 1849 1051 1928 ἐξοποστείλατε
1063 1847 1118 1933 την
1129 1847 1258 1934 κιβωτόν
1270 1850 1325 1912 τοῦ

84 1933 141 2015 χείρ
167 1937 270 2016 κυρίου
294 1934 344 1999 ἐπὶ
363 1930 435 2007 τοῦς
450 1929 618 2010 Ἀζωτίους,
635 1961 688 2000 και
719 1937 796 1999 θεοῦ
810 1930 944 2018 Ἰσραὴλ,
968 1936 1021 1999 καί
1036 1927 1197 2001 καθισάῐιο
1214 1935 1254 2006 είς
1272 1928 1326 1995 τὸν

84 2009 253 2099 ἐβασάνισεν
265 2011 384 2091 αύτούς.
410 2016 463 2081 καί
474 2012 619 2093 ἐπάταξεν
630 2015 687 2082 αύ-
718 2014 815 2083 τόπον
828 2017 931 2101 αὐτῆς,
943 2018 996 2083 καί
1009 2014 1046 2081 οῦ
1056 2013 1098 2099 μη
1110 2010 1274 2108 θανατὼυη
1287 2009 1324 2098 ἧ-

84 2092 204 2172 τοῦςείς
220 2096 274 2173 τάς
291 2099 378 2184 λ’ἀρας
395 2097 507 2173 αὐτῶν,
533 2097 688 2184 τηνἍζω-
717 2105 775 2180 μῦς
787 2101 902 2166 καὶτὸν
919 2097 994 2165 λαόν
1007 2094 1100 2184 ἡμῶν.
1138 2094 1185 2164 ότι
1198 2093 1324 2183 ἐγενηθη

83 2205 137 2246 τον
150 2183 200 2244 καί
211 2178 250 2245 τά
264 2178 333 2267 ὅρια
352 2181 455 2266 αὐτῆς.
480 2181 497 2224 ⁴
510 2184 562 2247 καί
574 2186 686 2260 ἐγένετο
719 2177 852 2266 σύγχυσις
864 2187 895 2247 ἐν
907 2180 963 2265 όλη
976 2187 1013 2276 τῇ
1031 2175 1116 2246 πόλει
1128 2185 1232 2267 βαρεῖα
1246 2175 1324 2260 σσό·

83 2262 131 2327 ὅτε
149 2261 306 2348 ὼρθρισαν
321 2265 454 2349 τοπρωῒ,
480 2267 532 2329 καί
544 2264 610 2330 ίδοῦ
623 2270 687 2329 Δα-
719 2266 739 2329 ἀ
757 2291 789 2338 α,
802 2259 843 2338 ὼς
855 2255 985 2348 είςηλθεν
1005 2262 1129 2350 κιβωτὸς
1141 2267 1216 2328 θεοῦ
1226 2261 1323 2348 Ἰσρα·

81 2346 144 2423 γὼν
160 2348 325 2422 πεπτωκὼς
343 2350 395 2413 ἐπὶ
410 2343 572 2431 πρόςωπον
590 2347 686 2415 αὐτοῦ
720 2291 759 2430 ὴλ
771 2351 838 2414 ἐκεῖ.
856 2350 940 2411 12καί
953 2353 983 2411 ολ
995 2350 1098 2422 ζῶντες
1109 2351 1161 2412 καὶ
1173 2344 1229 2411 αάκ
1242 2344 1325 2412 ἀπο-

83 2423 211 2492 ἒνὼπιον
240 2434 369 2514 κιβωτοῦ
401 2427 547 2512 διαθηκης
575 2436 686 2515 κυρίου.
719 2426 863 2503 θανόντες
887 2425 1059 2511 ἐπλήγησαν
1084 2434 1123 2502 είς
1147 2428 1202 2502 τάς
1228 2429 1323 2512 έῦρας.

82 2513 135 2575 καὶ
151 2509 263 2593 κεφαλὴ
284 2508 393 2586 Δαγὼν
410 2513 461 2575 καί
480 2507 632 2594 ἀμφότερα
648 2511 687 2576 τά
720 2516 771 2577 καί
783 2509 873 2596 ἀνέβη
887 2506 904 2592 ἢ
917 2509 1029 2595 κραυγὴ
1040 2515 1090 2591 της
1101 2505 1215 2584 πόλεως
1223 2513 1261 2584 εἷς
1273 2509 1326 2577 τὸν
1378 2568 1383 2573 .

82 2598 148 2677 ίχνη
160 2597 264 2696 ρειριῦν
282 2590 379 2661 αῦτοῦ
396 2591 572 2683 ἀφῃρημένα
587 2596 637 2660 ἐπί
648 2591 687 2659 τά
720 2590 858 2679 οὐρανόν.

82 2673 403 2760 ε’,ιιπροσθιαἈμαφὲθ
415 2681 542 2753 ἑίιαστοι,
567 2679 616 2742 καί
629 2675 688 2762 ἀμ·
922 2683 952 2740 K
962 2683 993 2740 Ε
1005 2681 1042 2741 Φ.
1086 2673 1125 2754 ς’.

82 2759 204 2843 ηότεροι
218 2762 250 2822 οἱ
268 2760 382 2845 καρποί
398 2766 460 2825 τὼν
470 2765 574 2845 χειρῶν
588 2760 685 2827 αὐτοῦ
719 2729 802 2828 Καὶ
813 2751 882 2846 ἦνῆ
900 2760 1025 2847 κιβωτός
1043 2763 1074 2824 ἐν
1092 2760 1178 2844 ἀγρῷ
1195 2765 1255 2826 τῶν
1268 2757 1324 2826 ἀλΨ
1364 2779 1368 2787 ’

60 2836 268 2916 ’πεπτωκότες
285 2843 337 2907 ἐπὶ
352 2841 388 2906 τό
406 2839 582 2930 πρόθυρον,
606 2843 686 2928 πλην
717 2841 859 2928 λοφύλων
871 2842 950 2909 ἐπτά
968 2849 1077 2929 μῆνας,
1103 2846 1155 2910 καί
1167 2841 1322 2928 ε’ξεῖεσενη

80 2922 97 3006 ίη
110 2922 191 3012 ῥάχις
205 2923 315 3003 Δαγὼν
328 2923 500 3011 ὑπελείφθη.
527 2924 600 2993 5ιλιά
613 2933 684 2993 τοῦ·
716 2934 756 3014 γῆ
770 2927 870 2998 αῦτιῦν
879 2924 963 3011 μύας.
989 2931 1064 2993 2καί
1075 2922 1218 2993 κάλοῦσιν
1231 2923 1323 2997 ἀλλό-

80 3035 117 3073 το
129 3010 185 3073 οὐκ
204 3012 404 3095 ἐσβαίνουσιν
417 3015 448 3075 oi
466 3015 549 3096 ίερείς
562 3010 683 3090 Δαγὼν,
717 3014 806 3094 φυλοι
820 3010 891 3088 τοὺς
905 3016 987 3098 ῖερεῒς
1000 3016 1051 3081 καὶ
1062 3011 1134 3086 τοὺς
1144 3006 1261 3100 μάντεις
1274 3017 1324 3077 καί

78 3095 129 3156 καί
152 3096 212 3166 πῦς
238 3090 256 3157 ὁ
280 3090 515 3177 είςτιορευόμενος
536 3100 575 3171 είς
600 3094 683 3165 οίκον
716 3094 786 3174 τούς
807 3096 967 3171 ἐπαοιδοῦς
989 3095 1100 3173 αύτιῦν,
1126 3096 1266 3174 λέγοντες.
1292 3102 1325 3160 τί

78 3176 187 3253 Δαγὼν
208 3179 259 3240 ἐπὶ
275 3178 395 3263 βαθμὸν
412 3181 498 3243 οἴκου
518 3178 628 3256 Δαγὼν
651 3182 682 3245 ἐν
714 3177 883 3265 ποιήσωμεν
895 3185 933 3264 τῆ
945 3184 1062 3266 κιβωτῷ
1075 3207 1110 3245 κυ
1130 3184 1194 3258 ίους
1212 3185 1322 3264 γνωρί-

76 3257 191 3342 Ἀζὼτῳ
211 3264 267 3334 ἕως
286 3265 338 3362 της
356 3258 465 3346 ἡμέρας
481 3257 607 3347 ταύτης,
634 3260 681 3332 ὅτι
715 3290 785 3328 σατε
799 3261 865 3346 ἡμῖν
877 3255 977 3333 ἐν’τίνι
995 3206 1215 3345 ἀποτελοῦμεν
1228 3259 1323 3346 αὐτὴν

78 3341 297 3445 ὑπερβαίνοντες
314 3348 531 3430 υπερβαίνουσι.
558 3347 682 3412 fiuan-
715 3351 754 3420 εἷς
767 3342 929 3410 τὸντόπον
943 3343 1046 3426 αὐτῆς.
1081 3347 1160 3408 3καὶ
1173 3344 1270 3409 ελπαν.
1298 3350 1324 3410 εί

76 3430 215 3511 βαρυνθη
237 3422 256 3506 ἡ
272 3427 331 3512 χείρ
351 3433 455 3512 κυρίου
472 3429 524 3498 ἐπί
541 3427 682 3504 Ἄζωτον,
715 3426 940 3504 ἐξαποστελλετε
954 3424 1029 3508 ὑμεῖς
1047 3423 1102 3509 τὴν
1116 3426 1244 3511 κιβωτὸν
1255 3427 1322 3491 ιλια-

78 3511 130 3572 καὶ
143 3503 286 3590 ἐπήγαγεν
300 3508 478 3586 αὐτοῖςκαὶ
490 3512 614 3588 ἐξέζεσεν
626 3509 683 3575 αὐ,
713 3507 809 3595 θηκης
822 3517 926 3595 κυρίου
938 3512 1016 3573 θεοῦ
1025 3506 1157 3590 Ἰσραὴλ,
1194 3507 1260 3610 ἤδη
1274 3510 1323 3583 ἐξ·

77 3602 142 3665 τοῖς
154 3595 193 3664 εἰς
205 3591 260 3667 τὰς
272 3597 361 3668 ναῦς,
387 3596 438 3660 καὶ
449 3597 544 3677 μέσον
556 3599 608 3677 της
620 3590 682 3679 χαί·
715 3595 910 3699 ἀποστείλητε
923 3587 1016 3673 αὐτὴν
1029 3587 1124 3673 κενην,
1149 3536 1228 3654 ἀλλά
1241 3615 1323 3656 απο-

77 3701 131 3757 ρας
144 3671 236 3756 αὐτῆς
255 3673 424 3760 ἀνεφῦησαν
440 3676 516 3758 μύες
553 3679 682 3753 καίέγέ·
714 3675 841 3752 διδόντες
860 3672 992 3742 απόόοτε
1014 3672 1091 3767 αὐτῇ
1107 3678 1161 3758 τῆς
1175 3671 1320 3761 βασάνου,

77 3781 141 3822 νετο
159 3752 297 3882 σύγηυσις
315 3757 455 3830 θανάτου
472 3754 582 3843 μεγάλη
601 3762 632 3822 ἐν
644 3764 680 3851 τῇ
713 3762 765 3824 καὶ
778 3755 845 3829 τότε
857 3756 1040 3844 ίαθησεσθε,
1062 3760 1113 3822 καί
1126 3756 1320 3844 ἐξιλασθησε-

77 3837 168 3906 πόλει.
235 3846 287 3906 καὶ
300 3841 376 3909 εἶδον
390 3847 421 3907 οἶ
434 3841 536 3927 ἀνδρες
548 3838 681 3918 Ἀζώτου
714 3869 763 3908 ται
778 3840 853 3947 ὑμῖν.
865 3840 971 3928 μηοῦκ
984 3837 1135 3936 ἀποστῇῆ
1147 3848 1208 3928 χείρ
1222 3842 1319 3909 αύτοῦ

77 3922 122 3990 ὅτι
136 3921 244 4001 οὕτως,
257 3929 309 3991 καί
319 3926 456 4004 λέγουσιν.
470 3924 517 3993 ὅτι
532 3925 569 3991 ού
583 3925 681 4009 καθά·
714 3925 764 4007 ἀφ’
787 3932 876 4011 υμῶν.
913 3926 930 3968 ⁴
944 3929 995 3994 καὶ
1013 3925 1140 4003 λέγουσι.
1165 3933 1197 3994 τί
1212 3926 1249 3994 τὸ
1266 3934 1320 4003 τ”ς

76 4034 155 4076 σεται
168 4009 295 4114 κιβωτὸς
311 4016 367 4075 τοῦ
385 4014 462 4075 Ιθεοῦ
475 4008 596 4096 Ἰσραὴλ,
612 4009 676 4114 μεθ’
712 4007 849 4098 βασάνου
875 4006 1073 4093 ἀποῦὼσομεν
1084 4007 1177 4092 αὖτίς
1202 4015 1253 4078 καί
1279 3956 1321 4079 ελ-

77 4087 168 4175 ημιῦν,
186 4093 233 4157 ότι
252 4093 365 4178 ακληρά
387 4097 446 4198 χεὶρ
464 4092 560 4159 αὐτοῦ
579 4098 616 4175 ἐρ
644 4093 678 4179 η-
711 4120 781 4161 παν.
807 4094 886 4162 κατά
913 4093 1044 4181 ἀριθμόν
1068 4099 1130 4161 τιῦν
1156 4102 1322 4183 σατραπῶν

73 4180 130 4255 μῦς
143 4178 195 4242 καί
209 4178 259 4240 ἐπὶ
272 4174 380 4255 Δαγὼν
392 4188 465 4242 θεον
477 4174 568 4261 ἡμῶν,
582 4190 584 4194 ‘
600 4179 616 4221 ⁸
629 4182 680 4244 ναί
711 4185 772 4246 τῶν
787 4174 967 4262 ἀλλοφύλων
982 4183 1071 4245 πέντε
1097 4181 1184 4266 ἕδρας
1198 4185 1319 4282 ηρυσάς,

75 4256 292 4325 ἀποστέλλουσι
305 4263 356 4326 καί
370 4257 530 4339 συνάγουσι
542 4259 611 4337 τοῦς
624 4289 679 4327 σαψ
712 4262 758 4328 ὅτι
770 4278 908 4350 πταῖσμα
920 4267 951 4330 ἐν
964 4261 1029 4346 ὑμῖν
1040 4266 1093 4329 καί
1104 4275 1169 4337 τοῖς
1182 4264 1320 4348 ἀρχουσιν

75 4339 193 4427 τράπας
205 4348 267 4409 τῶν
279 4342 458 4423 ἀλλοφύλων
469 4343 546 4429 πρὸς
560 4342 678 4420 αύτούς,
711 4344 793 4429 ῦμιῦν
804 4353 857 4414 καί
870 4352 913 4430 τῷ
927 4347 1003 4429 λαῷ,
1034 4350 1049 4391 ⁵
1062 4351 1112 4410 καί
1123 4351 1179 4424 μῦς
1192 4351 1320 4430 χρυσοῦς

75 4429 122 4490 καί
134 4426 263 4504 λέγουσι.
290 4433 321 4493 τί
333 4424 498 4513 ποιήσωμεν
510 4434 548 4511 τῆ
560 4432 678 4514 κιβωτῷ
710 4427 850 4516 ὁμοίωμα
859 4437 920 4496 τὼν
928 4435 1011 4511 μυὼν
1020 4426 1102 4509 ῦμιῦν
1113 4429 1172 4489 τὼν
1184 4429 1320 4507 διαφθει-

75 4515 146 4576 θεοῦ
158 4507 283 4595 Ἰσραηλ
288 4539 299 4589 ,·
312 4513 363 4576 καί
375 4511 510 4589 λέγουσιν
523 4501 555 4577 ἀί
563 4515 596 4576 Γ
592 4521 678 4581 εθαῖ·
710 4511 825 4600 ρόντων
842 4511 896 4594 τὴν
911 4518 976 4593 γῆν.
1017 4513 1066 4571 καί
1085 4502 1190 4571 ῦὼοετε
1211 4513 1256 4588 τῷ
1268 4533 1320 4612 κυ-

1271 4611 1330 4669 ιω
