2924 4972
105 235 165 301 ιω
435 228 714 293 mmmm
753 216 1021 304 καίτοι.

101 357 184 439 κριόν
193 356 311 438 ποιῆσει
319 358 431 417 θυσίαν
441 357 591 456 σωτηρίου
599 354 645 432 τῷ
655 375 710 412 κυ-
746 342 879 413 ἑκάστου.
901 349 954 413 καί
1049 347 1151 425 ’γαγον
1163 349 1291 410 ίναντίον
1304 349 1356 428 τῆς

101 445 157 524 ρίιο
183 440 233 502 ίπὶ
257 440 302 518 τῷ
326 438 409 518 κανῷ
425 437 488 498 τῶν
504 428 633 513 αζόμων.
659 432 710 496 καί
746 432 860 514 σκηνῆς.
888 429 906 471 ⁴
918 433 970 495 καί
1006 425 1242 532 πεκόριοςπρός
1254 434 1356 491 Μωυ-

102 505 219 605 πόιῆσει
243 516 371 604 ὁὶερεύς
395 514 449 598 τῆν
471 521 586 580 θυσίαν
602 512 710 589 αιἰτσῦ,
746 517 815 596 σῆν,
837 512 940 591 λέγων.
970 507 1043 598 λάβε
1065 509 1136 597 παρ’
1164 513 1279 586 αυτῶν,
1305 513 1356 574 καί

102 606 154 670 καί
172 602 226 687 τῆν
244 597 375 683 σπονδῆν
386 597 492 663 αὐτοῦ.
517 598 546 640 ¹⁸
558 599 609 661 καί
621 594 711 681 ξυρῆ-
746 597 864 660 ἔσονται
879 589 956 680 πρός
973 593 1014 659 τὰ
1027 597 1101 680 ἔργα
1118 589 1158 657 τά
1170 591 1355 678 λειτουργικὰ

103 712 184 754 σεται
198 683 217 749 5
230 681 371 768 ηὗγμίνος
382 679 468 766 παρὰ
480 678 536 754 τάς
546 675 646 764 θόρας
657 683 711 761 τῆς
746 681 800 781 τῆς
812 680 919 766 σκηνῆς
930 680 986 742 τοῦ
997 679 1170 763 μαρτυρίου,
1188 676 1240 739 καί
1252 673 1355 751 δόσεις

103 771 212 852 σκηνῆς
234 770 291 831 τοῦ
313 768 480 869 μαρτυρίου
504 761 559 844 τῆν
579 761 710 864 κεφαλῆν
747 785 826 825 αυτα
838 771 902 835 τοῖς
912 753 1198 841 Λευίταις,ε“κάστῳ
1211 757 1290 822 κατά
1303 758 1357 843 τῆν

102 857 155 935 τῆς
180 851 262 934 είχῆς
287 850 400 921 αυτοῦ,
424 848 475 911 καί
496 839 633 946 ἒπιθῆσει
654 866 711 918 τας
746 841 841 907 αὐτοῦ
854 842 1042 927 λειτουργίαν.
1055 838 1243 924 2καὶλαβιίιν
1255 847 1356 905 Μωυ-

102 940 204 1019 τρίχας
220 932 271 995 ίπὶ
287 930 323 996 τὸ
341 933 418 1013 πῦρ,
444 923 463 993 ό
480 930 559 992 ἐστιν
575 924 637 990 υπὸ
655 925 711 1009 τῆν
746 930 800 1028 σῆς
810 923 866 1000 τὰς
878 920 993 1007 ἁμάξας
1004 925 1057 991 καί
1068 922 1139 998 τοὺς
1154 919 1239 1009 βόας,
1252 925 1357 988 ἔδωκεν

102 1022 215 1082 θυσίαν
225 1016 282 1078 τοῦ
294 1016 452 1097 σωτηρίου.
477 1011 506 1053 ¹⁹
517 1010 570 1074 καί
580 1004 709 1113 λῆηυεται
746 1006 827 1073 αυτά
850 1019 915 1083 τοῖς
935 1012 1084 1083 Λευίταις.
1122 1008 1202 1071 2καὶ
1226 1003 1280 1081 τὰς
1301 1004 1357 1071 δόο

103 1096 122 1164 5
134 1095 224 1184 ἱερεὺς
236 1092 289 1161 τόν
299 1099 449 1197 ηλροχίονα
465 1088 564 1174 ἱφθδν
576 1089 640 1156 ἀπο
654 1096 709 1156 τοῦ
745 1084 860 1173 ἀμάξας
872 1093 924 1155 καί
937 1087 1009 1166 τοὺς
1020 1093 1167 1175 τέσσαρας
1177 1084 1255 1194 ρίόας
1267 1091 1357 1155 ἔδωκε

103 1187 199 1269 κριοῦ,
219 1179 304 1246 καὶίι
341 1201 375 1243 ον
388 1182 441 1242 ἕνα
454 1171 710 1259 ἀζυμονάπὸτοῡ
745 1184 809 1249 τοῖς
829 1177 904 1249 υἱοῖς
920 1169 1043 1239 Γεδσιόν
1059 1171 1139 1238 κατὰ
1155 1198 1210 1247 τας
1226 1173 1356 1274 ἱειτρυρ-

102 1267 209 1340 κανοῦ,
233 1264 285 1329 καί
305 1203 442 1338 λάγανον
459 1258 572 1342 ἀζυμον
588 1263 634 1333 ἱν,
659 1257 711 1321 καί
745 1261 812 1335 γίας
824 1254 934 1321 αὐτῶν.
959 1256 1040 1320 2καὶ
1051 1253 1106 1331 τὰς
1118 1258 1264 1341 τέσσαρας
1277 1255 1356 1339 αμά-

102 1342 238 1432 ἐπιθῆσει
257 1345 309 1410 ἐπί
320 1342 374 1419 τάς
386 1354 483 1427 χεῖρας
495 1345 550 1406 τοῦ
563 1336 710 1424 ηὖγμίνου
747 1341 799 1416 ξας
824 1338 875 1405 καί
898 1337 969 1416 τοὺς
994 1335 1073 1404 ἀκτώ
1095 1333 1169 1426 βόας
1189 1341 1277 1404 ὲδιυκε
1295 1352 1358 1415 τοῖς

102 1430 174 1496 ιιετά
193 1428 230 1493 τὸ
243 1423 432 1512 ξυρήσασθαι
446 1419 539 1488 αὐτόν
558 1422 613 1506 τῆν
625 1420 711 1525 εὗχῆν
748 1425 824 1497 υἱοῖς
846 1425 969 1527 Μεραρί
994 1417 1074 1486 κατά
1098 1417 1153 1495 τάς
1177 1422 1357 1508 λειτουργίας

103 1512 213 1587 αὐτοῦ,
227 1513 259 1552 ²⁰
270 1511 323 1572 καί
333 1513 482 1593 προςοίσει
495 1502 574 1570 αὐτὰ
588 1503 606 1568 5
620 1508 710 1589 ἱερευς
748 1501 863 1581 αὐτῶν,
889 1504 939 1570 διὰ
957 1500 1081 1589 Ιθάμαρ
1094 1508 1162 1569 υἱοῦ
1173 1502 1291 1590 Ἀαρών
1302 1510 1358 1571 τοῦ

103 1601 233 1676 ἐπίθεμα
242 1594 338 1657 ἔναντι
348 1594 460 1675 κυρίου.
475 1583 561 1666 &aar
573 1591 655 1653 ἐσται
665 1592 711 1670 τρί
749 1589 856 1674 ἱερέως.
882 1589 898 1630 ⁰
911 1589 962 1652 καί
979 1598 1042 1663 τοῖς
1064 1591 1139 1662 υἱοῖς
1150 1584 1249 1652 Καάθ
1260 1586 1297 1654 οὐ
1309 1589 1358 1654 δέ·

104 1683 175 1764 ἱερεῖ
190 1677 242 1742 ἐπὶ
256 1678 311 1741 τοῦ
323 1678 484 1758 στηθυνίου
497 1675 553 1736 τοῦ
564 1673 710 1754 ἐπιθέμα-
748 1672 848 1747 δωκεν,
858 1665 905 1735 ότι
914 1669 953 1735 τά
964 1670 1195 1774 λειτουργῆματα
1205 1676 1260 1737 τοῦ
1269 1669 1357 1750 ἀγίου

101 1787 169 1837 τος,
188 1762 240 1824 καί
251 1759 302 1824 ίπὶ
314 1762 368 1822 τοῦ
381 1761 536 1843 βραχίονος
547 1759 604 1820 τοῦ
616 1752 711 1855 ἀφαιῑ
748 1757 870 1856 ἔχουσιν.
910 1751 954 1819 ἐπ’
983 1752 1071 1858 ιόμιαν
1097 1756 1226 1838 αροῦσιν.
1265 1758 1294 1798 ¹⁰
1306 1758 1358 1820 καί

103 1850 236 1930 ρέματος.
277 1841 328 1904 καί
352 1836 425 1921 μετά
447 1842 544 1903 ταῦτα
569 1844 710 1902 πίεταισ
748 1834 1354 1924 ττρσςηνεγίιανσὶσίρχοντεςείςτδνὲγκαι-Ι

103 1926 244 2010 ηόγμίνος
257 1921 344 1987 οἱνον.
384 1924 411 1963 ²¹
424 1911 511 1994 οὗτος
524 1917 542 1983 5
555 1916 643 2002 νόμος
654 1923 710 1983 τοῦ
748 1919 850 2004 νισμόν
867 1924 923 1986 τοῦ
939 1923 1155 2005 θυσιαστηρίου
1170 1923 1201 1983 ἐν
1213 1925 1251 2012 τῆ
1262 1917 1357 2007 ῆμίριρ

103 2008 270 2090 εὐξαμένου,
286 2000 321 2079 ὃς
332 2001 370 2067 ἀν
381 2001 498 2086 εόξηται
510 2008 601 2087 κυρίῳ
614 2003 711 2088 δῶρον
748 1995 768 2108 ῆ
794 2007 903 2089 ἔχρισεν
922 2001 1016 2081 αότό,
1041 2004 1092 2067 καί
1112 1998 1309 2087 προςῆνεγκαν
1326 2010 1356 2070 οἱ

104 2090 199 2158 αὐτοῦ
211 2091 301 2174 κυρίῳ
313 2089 444 2173 περὶτῆς
456 2083 548 2170 εόχῆς,
566 2087 656 2184 χωρίς
669 2076 710 2149 ὧν
749 2078 885 2173 ἀ’ρχοντες
896 2084 936 2152 τά
946 2087 1031 2173 διὸρα
1041 2084 1140 2150 αὐτῶν
1151 2084 1290 2152 ἀπέναντι
1301 2095 1357 2154 τοῦ

103 2173 141 2239 ἂν
163 2169 232 2259 εἱίρη
259 2167 355 2277 ῆχεὶρ
373 2167 470 2235 αὐτοῦ
492 2167 570 2233 κατὰ
588 2170 710 2250 δυναμιν
748 2176 971 2256 θυσιαστηρίου.
995 2174 1018 2212 ¹¹
1034 2171 1087 2235 καί
1098 2168 1159 2234 εἷπε
1171 2166 1269 2257 κόριος
1280 2172 1358 2256 πρὸς

103 2262 157 2365 τῆς
169 2245 251 2341 εάχῆς
264 2257 376 2330 αυτοῦ,
400 2248 435 2338 ῆν
447 2249 485 2316 ἀν
502 2251 618 2336 εὔξηται
630 2248 708 2317 κατά
749 2257 896 2337 Μωυσῆν.
922 2251 1021 2356 ἅρχων
1033 2253 1071 2327 είς
1083 2251 1152 2317 καθ’
1168 2251 1287 2342 ῆμίραν,
1300 2256 1357 2342 ἄρ-

104 2362 194 2423 γομον
210 2337 333 2417 ἁγνείας.
371 2337 465 2401 22καὶ
478 2332 711 2422 ίλάλησεκόριος
747 2363 808 2422 χων
819 2333 888 2401 καθ’
901 2332 1011 2422 ῆμεραν
1019 2339 1263 2423 προςοίσουσιτό
1273 2340 1356 2427 δῶρα

104 2427 180 2527 πρὸς
189 2426 336 2508 Μωυσῆν,
350 2419 450 2498 λέγων.
465 2415 631 2503 22λόλησον
638 2418 709 2487 'Aa-
749 2418 850 2486 αὐτῶν
866 2425 905 2495 είς
920 2416 974 2484 τόν
986 2420 1170 2503 ἕγκαινισμόν
1182 2427 1236 2487 τοῦ
1248 2434 1357 2490 θυσιαυ

104 2531 165 2594 ρων
177 2533 227 2571 και
238 2531 303 2581 τοις
315 2531 391 2580 υιοις
403 2528 513 2580 αυτου,
530 2503 630 2584 λέγων.
658 2499 719 2569 οό-’
749 2509 879 2590 στηρίου.
904 2506 932 2547 22
944 2506 1005 2607 καί,
1013 2493 1048 2589 ῆν
1061 2502 1078 2569 5
1091 2509 1266 2606 προςφίρων
1278 2510 1308 2611 ἐν
1320 2512 1357 2616 τῆ

103 2617 163 2665 τως
188 2589 356 2694 εὐλογῆσετε
381 2586 450 2664 τοὺς
475 2587 557 2663 υἱοὺς
578 2586 711 2690 Ἰσραῆλ,
750 2583 844 2674 ῆμέρρ
875 2591 915 2692 fvj
939 2614 1049 2753 “le
1070 2586 1107 2651 τὸ
1132 2589 1229 2675 δωρον
1252 2616 1357 2668 αιιτου,

104 2674 235 2752 λέγοντες
252 2683 364 2745 αυτοῖς.
390 2671 422 2713 22
432 2668 590 2756 εὐλογῆσαι
611 2696 642 2736 σε
659 2697 711 2734 κυ-
749 2675 908 2737 Ναασσων
921 2672 984 2746 υἱός
1050 2667 1169 2752 ιναδάβ,
1195 2671 1294 2759 ἀρχων
1306 2679 1358 2761 τῆς

104 2783 176 2841 ριος,
189 2757 241 2819 καί
253 2751 381 2835 φυλάξαι
395 2776 435 2818 σε.
461 2753 491 2794 22
504 2747 645 2832 ἐπιφάναι
658 2748 712 2817 κό-
749 2753 844 2838 φυλῆς
863 2749 973 2818 Ἰοόδα.
1011 2755 1037 2797 22
1049 2757 1101 2819 καί
1124 2752 1295 2859 πρυςῆνεγκε
1320 2758 1356 2823 τὸ

123 2865 167 2912 ιος
183 2836 219 2901 τὸ
237 2832 398 2923 πρόςωπον
415 2830 508 2898 αὐτοῦ
523 2836 575 2900 ε’πὶ
588 2833 635 2912 σὲ,
660 2835 713 2899 καί
750 2838 847 2922 δῶρον
859 2834 954 2901 αὐτοῦ
960 2887 970 2913 ,
995 2837 1132 2922 τρυβλίον
1150 2844 1298 2926 αργυροῦν
1316 2848 1357 2918 ἓν,

104 2866 217 3006 ίλεῆσαι
231 2944 271 2986 σε.
296 2919 327 2962 ²⁶
340 2912 448 3004 ἔπάραι
461 2912 498 2980 κό
517 2943 560 2991 ιος
572 2914 608 2982 τό
619 2913 711 3004 πρός·
749 2912 908 3006 τριάκοντα
916 2922 968 2985 καὶ
976 2917 1082 2985 ἑκατόν
1090 2916 1164 3005 ὁλκῆ
1174 2921 1275 2988 αὐτοῦ.
1285 2920 1358 3006 φιά-

104 3028 189 3071 ωπον
201 3001 297 3068 αὐτοῦ
309 3002 360 3067 ἐπί
372 2999 419 3076 σε’,
436 3001 487 3063 καί
498 2942 561 3085 δῴη
574 3028 621 3067 σοι
634 2998 711 3087 εἱρῆ-
750 3002 803 3086 λην
827 3009 896 3088 μίαν
917 3002 1065 3088 ἀργυρᾶν,
1091 3000 1296 3112 ἱβδομῆκοντα.
1312 3014 1357 3073 σί-

104 3113 164 3171 νην.
188 3089 218 3129 22
231 3087 282 3149 καί
300 3079 475 3166 ἐπιθήσουσι
494 3082 530 3147 τὸ
550 3082 643 3166 ὄνομά
655 3109 712 3167 μου
749 3086 828 3150 κλισν
840 3086 918 3151 κατά
931 3084 983 3150 τόν
1000 3086 1101 3151 σίκλον
1113 3085 1167 3151 τὸν
1180 3086 1272 3168 α’γισν.
1299 3089 1357 3173 ἀμ-

104 3172 154 3234 ἐπὶ
167 3166 236 3243 τοὺς
249 3164 332 3239 υἱοὺς
341 3161 472 3252 Ἰσραῆλ,
485 3167 536 3231 καί
546 3162 603 3245 ἐγω
613 3163 713 3254 κύριος
749 3162 862 3254 φότερα
878 3165 976 3253 πλῆρη
990 3165 1162 3253 σεμιδάλεως
1175 3169 1356 3257 ἀναπεποιη-

103 3245 255 3334 εὐλογῆσω
268 3242 386 3322 αὐτούς.
747 3253 835 3334 μένης
852 3251 985 3336 ἐνέλαίιρ
997 3257 1035 3327 εἱς
1046 3258 1166 3318 θυσίαν.
1190 3255 1218 3297 ¹⁴
1231 3257 1357 3340 θυΐσκην

299 3337 332 3398 Κ
344 3340 374 3397 E
386 3337 424 3396 Φ.
467 3328 517 3397 Ζ’.
743 3339 818 3416 μίαν
830 3336 903 3400 δέκα
913 3339 1038 3419 χρυσῶν,
1051 3331 1150 3422 πλῆρη
1160 3333 1354 3422 θυμιάματος.

103 3383 189 3483 Καί
223 3419 335 3496 ἐγένετο
369 3407 388 3511 ῆ
419 3414 513 3504 ῆμέρᾳ
548 3419 710 3487 συνετελεσε
748 3414 890 3503 1ἱμόσχον
899 3423 949 3482 ἕνα
960 3422 992 3482 ίκ
1000 3421 1091 3504 βοιὸν,
1100 3420 1184 3503 κριὸν
1192 3427 1253 3498 ἕνα,
1263 3420 1356 3505 ἀμνὸν

103 3505 248 3584 Μωυσῆς,
269 3498 341 3576 οἱςτε
353 3498 514 3585 ἀναστῆσαι
527 3501 581 3585 τῆν
593 3502 710 3606 σκηνῆν,
747 3505 799 3566 ἕνα
814 3496 958 3566 ίνιαόσιον
975 3506 1013 3575 είς
1031 3497 1236 3584 όλοιιαότωμα.
1263 3507 1355 3569 22καὶ

103 3588 276 3689 καί-ἔχρισεν
287 3581 399 3668 αὖτῆν,
410 3587 462 3650 καὶ
475 3580 594 3668 ῆγίασεν
607 3585 709 3668 αὐτην,
746 3589 871 3670 χίμαρον
888 3586 919 3660 ἐξ
937 3587 1030 3662 αίγιόν
1048 3589 1099 3649 ἕνα
1113 3587 1182 3666 περί
1195 3581 1352 3669 ἁμαρτίας.

103 3670 155 3732 καί
164 3693 267 3733 παντα
280 3666 318 3731 τὰ
332 3662 418 3750 σιιεόη
429 3665 531 3750 αὐτῆς,
543 3668 596 3731 καί
605 3667 640 3732 τὸ
649 3678 709 3733 θυ-
746 3669 837 3733 ”nal
861 3671 900 3743 εἰς
922 3673 1032 3733 θυσίαν
1054 3670 1198 3766 σωτηρίου
1218 3664 1354 3749 δαμάλεις

103 3745 288 3833 σιαστῆριον,
313 3749 364 3811 καί
381 3743 481 3813 πάντα
496 3748 536 3814 τά
550 3746 634 3834 οκεόη
652 3750 709 3815 αά-
746 3748 815 3830 δόο,
845 3746 946 3837 κριοὺς
970 3753 1071 3823 πέντε,
1108 3772 1235 3830 τραγους
1257 3755 1354 3828 πέντε,

104 3837 174 3908 τοῦ,
198 3832 250 3896 καί
275 3831 295 3894 ι”
307 3854 383 3914 ρισεν
400 3828 497 3909 αιἰτά,
520 3833 572 3897 καί
590 3831 710 3918 ῆγίασεν
747 3830 879 3915 ἀμνάδας
901 3836 1048 3907 ἐνιαυσίας
1064 3833 1159 3896 πέντε.
1185 3838 1276 3900 τοῦτο
1293 3837 1354 3900 διό-

105 3910 192 3982 αάτά.
222 3855 306 3977 2καί
315 3909 509 4017 προςῆνεγκαι
526 3919 559 3980 οἱ
574 3914 710 4001 ἀρχοντες
745 3939 799 3995 ρον
816 3915 974 3981 Ναασσών
991 3919 1059 3981 υἱοῦ
1073 3912 1238 4004 Ἀμιναδάβ.
1273 3920 1355 4013 22τῆ

101 3994 223 4083 Ἰσραὴλ
247 3990 358 4061 δυόδεκα
383 3998 519 4081 ἀρχοντες
544 3999 634 4062 οἴκων
647 4023 710 4062 πα·
747 3998 803 4079 ῆμό
819 4025 839 4081 ρ
857 4002 896 4090 τῆ
912 3999 1031 4084 δευτίρρ
1050 3995 1222 4084 προςῆνεγκε
1235 4004 1354 4068 Ναθα-

103 4084 193 4165 τριῶν
214 4076 326 4143 αὐτῶν.
351 4069 437 4143 οὗτοι
453 4081 485 4142 οἱ
497 4077 633 4163 ἄρχοντες
652 4105 708 4160 φυ-
747 4023 821 4166 ναῆλ
832 4080 1035 4167 υἱόςΣωγόρ,
1054 4079 1072 4145 5
1086 4081 1185 4186 ἅρχων
1197 4089 1247 4162 τῆς
1261 4086 1353 4170 φυλῆς

104 4165 179 4239 λῶν,
204 4157 286 4227 σότοι
311 4158 572 4246 οἱπαρεστηκότες
591 4162 642 4226 ἐπὶ
658 4165 710 4245 τῆς
743 4159 892 4253 Ἰσοάχαρ.
915 4167 944 4207 ¹⁹
957 4166 1008 4229 καί
1024 4166 1355 4254 προςηνεγκετόδάρσν

104 4247 274 4328 ίπισκοπῆς.
311 4243 392 4306 2καὶ
415 4240 537 4326 ῆνεχκαν
558 4243 596 4307 τὸ
614 4245 710 4330 δῶρον
745 4245 851 4323 αὐτοῦ,
861 4247 998 4333 τρυβλίον
1007 4244 1159 4333 ἀργυροῦν
1168 4256 1209 4325 ἓν,
1219 4246 1354 4338 τριάκον-

105 4328 203 4394 αὐτοῖν
215 4330 310 4392 ἔναντι
322 4329 437 4410 κυρίου,
462 4327 495 4403 ἕξ
508 4321 622 4408 ἀμάξας
635 4327 710 4411 λαμ-
745 4356 784 4396 τα
807 4332 860 4396 καὶ
884 4329 993 4395 ἑκατὸν
1018 4327 1091 4415 όλκῆ
1109 4331 1213 4397 αὐτοῦ.
1244 4331 1354 4419 φιάλην

103 4418 242 4495 πηνίκας,
268 4411 320 4475 καί
345 4404 458 4475 διόδεκα
474 4404 557 4494 βόας.
596 4407 710 4493 δίμυξον
744 4420 814 4498 μίαν
838 4413 985 4498 ἀργυρᾶν,
1023 4410 1223 4517 ἱρίδσμῆκοντα
1247 4418 1355 4484 σίκλων

103 4495 188 4583 παρὰ
201 4490 256 4561 δύο
268 4490 428 4583 ἀρχόντων,
441 4495 492 4559 καί
502 4488 613 4580 μόσχον
624 4495 709 4584 παρά
745 4494 824 4563 κατά
837 4497 890 4564 τὸν
903 4495 1004 4564 σίκλον
1014 4520 1067 4561 τον
1079 4494 1173 4575 ἅγιον.
1199 4495 1354 4602 ἀμφότερα

1254 4583 1353 4669 πὶυιο
