2924 4972
471 236 700 296 ιειτοντ
738 225 1001 340 κατίμεν.
1297 235 1355 301 ιιι

116 352 253 438 ἐπτοήθη
266 354 283 437 ή
297 355 404 440 καρδία
417 358 472 418 τοῦ
485 354 573 427 λαοῦ,
591 354 641 417 καί
654 355 719 430 ἐγέ-
758 355 904 438 ἐνεδείχθη
916 354 1005 437 δῆμος
1016 354 1125 458 Ζαραί.
1145 356 1195 417 καί
1206 353 1361 437 προςήχθη

114 463 180 502 νετσ
194 434 288 523 ιόςπερ
303 436 391 522 ὕδωρ.
413 433 718 521 0καὶδιέβρηξενἸη-
757 435 820 502 κατ’
841 436 950 522 ἀνδρα,
988 439 1017 479 ¹⁸
1030 464 1081 502 και
1105 437 1250 519 ἐνεδείχθη
1270 438 1304 502 Ἄ
1321 464 1361 519 αρ

115 525 186 594 σοῦς
200 518 236 583 τύ
250 517 353 603 ἱμάτια
366 517 471 584 αὐτοῦ.
485 515 718 601 καὶέπεσενἸη-
758 516 819 593 υίύς
830 522 948 606 Ζαμβρὶ
964 523 1031 584 υλοῦ
1044 514 1141 604 Ζαρά.
1181 463 1362 584 19καίεύτεν

115 608 187 678 σοῦς
203 606 252 667 ἐπί
271 602 325 685 τήν
335 606 390 687 γήν
403 604 452 666 ἐπὶ
465 599 624 687 πρόςωπον
635 603 718 666 ἐναν·
753 599 869 684 Ἰησοῦς
885 608 928 687 τῷ
938 601 1039 686 Ἄχαρ.
1066 602 1118 676 δὸς
1136 598 1227 678 δόξαν
1239 598 1362 705 σήμερον

115 693 179 751 τίον
196 693 301 769 κυρίου
320 691 373 760 ἕως
391 687 531 764 ἑσπέρας,
558 682 650 758 αὐτὸς
667 687 718 749 καὶ
757 689 801 766 τῷ
823 691 913 767 κυρίῳ
930 690 993 768 θεῷ
1008 684 1143 771 Ἰσραήλ,
1171 687 1222 750 καί
1239 685 1291 760 δος
1309 682 1362 769 τήν

113 773 143 834 οἱ
162 765 355 855 πρεσβύτεροι
372 766 500 851 Ἰσραήλ.
539 770 591 832 καί
609 765 716 851 ἐπεβό·
757 762 976 850 ἐξομολόγησιν,
1001 771 1053 833 καὶ
1071 764 1245 847 ἀνύγγειλόν
1261 795 1312 852 μοι
1332 773 1362 833 τί

112 853 203 915 λοντο
245 856 299 916 οῦν
323 852 374 915 ἐπί
392 853 444 925 τὰς
461 849 590 932 κεφαλὰς
607 848 715 915 αύτῶν.
757 851 914 931 ἐποίησας,
939 853 990 915 καί
1013 851 1052 933 μή
1075 848 1188 945 κρύιγης
1204 850 1256 918 ἀπ’
1279 855 1359 933 ἐμοῦ.

113 936 188 998 7καί
200 878 277 998 εέύτεν
285 934 409 1018 Ἰησοῦς.
422 936 525 1017 δέομαι
538 930 624 1019 κύριε.
638 936 719 998 ἱνατί
756 934 788 975 ²⁰
800 933 851 995 καί
864 929 1011 1016 ἀπεκρίθη
1025 933 1116 1017 Ἄχαρ
1129 942 1172 1016 τῷ
1183 933 1291 1018 Ἰησοῖ,
1310 936 1362 1000 καί

112 1020 272 1102 διεβίβασεν
289 1013 307 1080 ὁ
324 1029 395 1091 παῖς
412 1043 467 1082 σου
483 1015 536 1082 τὸν
552 1015 629 1082 λαὸν
644 1021 718 1081 τοῦ-
756 1014 841 1079 εἷπεν.
869 1013 990 1097 ἀληθῶς
1016 1013 1147 1099 ήμαρτον
1163 1022 1293 1083 ἐναντίον
1309 1045 1361 1082 κυ·

112 1123 167 1163 τον
180 1098 232 1163 τὸν
246 1097 400 1202 Ἰορδάνην
417 1101 607 1185 παραδοῦναι
625 1097 718 1163 αὐτὸν
756 1103 823 1182 ρίου
836 1101 894 1161 τσῦ
906 1102 982 1161 θεοῦ
991 1094 1120 1180 Ἰσραήλ.
1139 1096 1233 1174 οῦτως
1245 1102 1297 1164 καὶ
1309 1097 1361 1164 σῦ-

114 1186 159 1264 τρῦ
170 1180 348 1268 Ἀμοῤῥαίῳ,
362 1181 510 1248 απολέσαι
525 1180 616 1265 ήμᾶςς
632 1182 683 1244 καί
696 1184 720 1243 ελ
758 1205 818 1253 τως
830 1182 967 1263 ἐποίησα.
1005 1178 1213 1271 21είδονέντῇ
1230 1187 1362 1274 προνομῇ

113 1271 318 1346 κατεμείναμεν
335 1267 386 1327 καὶ
397 1271 623 1346 κατῳκίσθημεν
634 1260 720 1346 παρὰ
761 1259 852 1364 ηιιλήν
860 1261 1003 1344 ποικίλην,
1012 1263 1064 1325 καὶ
1072 1258 1211 1326 διακόσια
1221 1263 1364 1346 δίδραχμα

114 1343 340 1447 τὸνἸορδύνην.
367 1347 447 1409 ε’καὶ
463 1352 494 1410 τί
506 1350 565 1430 ἐρῶ
577 1346 640 1409 ἐπεί
651 1369 720 1427 μετ·
760 1350 917 1448 αργυρίου,
946 1347 997 1408 καί
1019 1343 1158 1421 γλῶσσαν
1172 1350 1242 1426 μίαν
1258 1350 1365 1428 χρυσῆν

116 1427 221 1511 ε’βαλεν
243 1423 357 1513 Ισραήλ
379 1425 487 1511 αὐχένα
506 1426 647 1492 ἀπέναντι
664 1430 719 1491 τοῦ
758 1451 940 1510 πεντηκοντα
961 1423 1142 1512 διδροίχμυιν,
1168 1429 1219 1492 καί
1236 1431 1364 1511 ἐνθυμη-

114 1513 227 1593 ἐχθροῦ
241 1509 354 1589 αὐτοῦς
380 1506 632 1583 9καίάκσύσαςὸ
647 1515 718 1573 Χα-
756 1512 819 1585 θείς
841 1507 941 1574 αύτῶν
965 1509 1087 1595 ἔλαβον.
1125 1512 1176 1574 καὶ
1194 1510 1257 1576 ίδού
1284 1509 1363 1576 αι’σά

114 1605 234 1666 ναναῖος
258 1594 310 1657 καὶ
334 1586 440 1667 πάντες
459 1597 491 1658 σί
514 1596 717 1665 κατοικοῦντες
754 1595 949 1678 ἐγκέκρυττται
963 1596 994 1657 ἐν
1009 1598 1050 1685 τῇ
1062 1599 1153 1688 σκηνῇ
1163 1621 1236 1676 μου,
1260 1593 1361 1660 καὶτὸ

112 1673 168 1757 τήν
192 1680 246 1757 γήν
265 1671 531 1759 περικυκλωσουσιν
548 1672 640 1757 ἡμᾶς,
664 1676 716 1739 καί
754 1671 893 1784 ἀργύριον
909 1679 1070 1760 κέκρυπται
1091 1673 1235 1742 ὑποκάτω
1250 1675 1360 1742 αὐτῶν.

111 1762 304 1842 ἐκτρίψουσιν
317 1752 392 1857 ήμῦς
404 1756 467 1823 ἀπὸ
480 1763 534 1858 τής
545 1762 605 1842 γῆς.
624 1760 677 1822 καί
685 1763 718 1822 τί
753 1761 782 1800 ²²
795 1784 845 1825 και
870 1755 1041 1824 ἀπέστειλεν
1067 1757 1184 1843 Ἰησοῦς
1209 1758 1362 1839 ἀγγελσυς,

110 1837 241 1924 ποιήσεις
253 1837 290 1905 τό
304 1836 399 1945 ὄνομά
411 1867 467 1906 σου
479 1865 515 1905 το
527 1843 602 1923 μέγα
603 1870 618 1944 η·
630 1841 715 1905 1θκαέ
752 1844 803 1906 καί
828 1842 954 1928 ἐδραμσν
979 1847 1018 1917 εἷς
1044 1842 1099 1927 τήν
1121 1841 1228 1927 σκηνήν
1250 1848 1290 1919 είς
1307 1841 1361 1928 τήν

111 1922 172 1986 εἶπε
190 1919 290 2010 κύριος
307 1949 382 2008 προς
397 1921 525 2007 Ἰησοῦν.
554 1920 714 2007 ἀναστηθι,
751 1921 947 2028 παρεμβολήν.
960 1926 1012 1989 καί
1024 1931 1121 1991 ταῦτα
1134 1915 1169 2011 ήν
1181 1928 1361 2031 κεκρυμμένα

111 2010 192 2070 ίνατί
207 2012 300 2072 τοῦτο
322 2005 359 2070 σύ
378 2009 540 2081 πέπτωκας
558 2009 607 2071 ἐπί
623 2002 715 2092 πρός-
753 2013 790 2082 είς
803 2033 857 2093 την
870 2003 977 2092 σκηνήν
989 2009 1095 2085 αὐτοῦ,
1109 2011 1159 2074 καί
1170 2007 1206 2074 τό
1216 2009 1360 2095 ἀργυρισν

112 2084 195 2152 ωπόν
212 2117 267 2155 σου
272 2117 285 2167 ,·
321 2085 524 2174 11ήμάρτηιιεν
542 2087 560 2154 ὁ
579 2088 716 2163 λαὸςκαί
754 2087 896 2156 ὑποκάτω
910 2089 1020 2155 αὐτῶν.
1038 2094 1124 2157 ”aad
1137 2089 1289 2176 ἐξήνεγκαν
1302 2092 1360 2157 αύ-

110 2175 225 2256 παρίβη
249 2171 303 2257 τήν
327 2169 485 2256 διαθήκην,
521 2168 557 2255 ἣν
581 2171 716 2255 διεθέμην
754 2169 792 2234 τὰ
817 2177 850 2236 ἐκ
870 2177 922 2253 τῆς
941 2177 1060 2256 σκηνῆς,
1081 2177 1133 2240 καὶ
1149 2174 1269 2258 ήνεγκαν
1284 2174 1360 2257 πρὸς

112 2251 322 2337 πρδςαῦτούς,
335 2251 716 2335 κλέψαντεςάπότοῦάνα-
752 2252 869 2336 Ἰησοῦν
894 2257 945 2318 καὶ
970 2256 1040 2330 τούς
1065 2261 1276 2343 πρεσβυτέρους
1297 2254 1360 2321 Ἰσ-

111 2339 244 2418 θέματος
256 2336 394 2422 ἐνέβαλον
407 2341 447 2411 είς
456 2336 496 2401 τά
510 2331 598 2419 σκεύη
608 2334 716 2408 αὐτῶν,
754 2335 841 2420 ραήλ,
854 2338 907 2400 καί
918 2340 1031 2419 ἔθηκαν
1044 2337 1124 2404 αὐτὰ
1136 2345 1231 2406 ἐναντι
1244 2345 1358 2425 κυρίου.

112 2421 139 2457 ¹²
154 2422 203 2481 καί
217 2418 254 2482 ού
266 2418 305 2501 μή
319 2414 462 2483 δύνωνται
476 2422 508 2482 οἱ
522 2420 584 2481 υἱοὶ
598 2416 718 2503 Ἰσραήλ
755 2418 787 2459 ²⁴
799 2420 852 2481 καί
868 2419 974 2502 ἔλαβεν
988 2417 1105 2502 Ἰησοῦς
1120 2419 1173 2484 τὸν
1185 2422 1276 2506 ’Άχαρ
1295 2421 1360 2485 υἱόν

116 2496 282 2582 ὑποστῆναι
308 2497 386 2562 κατὰ
410 2495 573 2583 πρόςωπον
590 2505 652 2563 τῶν
670 2504 718 2581 ἐχ-
755 2499 855 2579 Ζαρὰ,
868 2501 919 2562 καί
931 2496 1073 2580 ἀνήγαγεν
1085 2499 1178 2565 αὐτὸν
1190 2508 1229 2576 είς
1242 2505 1360 2585 φάραγ-

111 2585 201 2665 θροῦν
215 2578 324 2644 αῦτιῦν.
352 2578 459 2663 αῦχένα
477 2578 719 2664 ἀποστρέψουσιν
754 2607 795 2659 γα
808 2579 921 2665 Ἀχώρ,
944 2583 995 2649 καί
1008 2581 1078 2656 τούς
1091 2582 1174 2656 υἱούς
1185 2581 1291 2658 αῦτσῦ,
1309 2585 1361 2649 καί

112 2667 209 2727 ἐναντι
231 2668 292 2728 τιῦν
310 2665 426 2765 ἐχθρῶν
445 2660 559 2738 αύτιῦν,
584 2658 631 2727 ὅτι
656 2665 718 2739 ἐγε-
755 2663 809 2738 τάς
820 2667 990 2748 θυγατέρας
1010 2662 1121 2739 αὐτοῦ,
1147 2669 1199 2729 καί
1216 2663 1286 2741 τούς
1301 2663 1360 2750 μό-

111 2743 249 2828 νήθησαν
267 2744 412 2827 ἀναθεμα.
440 2744 477 2811 ού
496 2741 661 2831 προςθήσω
674 2749 716 2810 ἐτι
755 2773 841 2832 σχους
854 2745 964 2822 αύτοῦ,
977 2747 1078 2814 καὶτά
1092 2745 1237 2829 ῦποζύγια
1250 2749 1358 2823 αὐτοῦ,

111 2831 186 2895 εἶναι
208 2827 275 2913 μεθ
294 2826 390 2934 ὑμῶν,
416 2827 468 2894 ἐάν
482 2827 524 2914 μή
540 2825 663 2913 ὲξύρητε
680 2828 716 2894 τὸ
752 2834 803 2895 καί
815 2827 916 2897 πόντα
929 2829 968 2896 τά
980 2828 1120 2917 πρόβατα
1129 2832 1235 2909 αὐτοῦ,
1246 2837 1295 2898 καί
1304 2831 1358 2919 τήν

110 2910 290 2997 ἀνιίθεμαίξ
304 2919 385 2997 υμῶν
397 2912 506 2978 αὐτῶν.
542 2915 570 2955 ¹³
583 2912 715 2989 ἀναστὰς
752 2915 857 2999 σκηνήν
880 2913 989 2990 αὐτοῦ,
1015 2919 1065 2979 καί
1081 2913 1183 2981 πάντα
1200 2917 1238 2982 τά
1259 2915 1358 3000 ύπιίρ-

110 2996 234 3073 ἁγίασον
247 2999 299 3061 τὸν
312 2997 395 3071 λαὸν,
408 3000 459 3062 καί
468 2995 714 3099 εἷπονᾶγιασθη·
750 3022 841 3082 χοντα
854 2996 959 3063 αὐτοῦ.
975 3000 1027 3063 καί
1038 3005 1097 3074 πᾶς
1110 2996 1127 3064 ὁ
1141 3000 1215 3075 λαὸς
1227 2998 1284 3081 μετ’
1301 3001 1357 3064 αῦ-

112 3107 158 3144 ναι
170 3077 318 3166 είςαύριον.
343 3076 410 3145 τόδε
418 3081 493 3159 λέγει
503 3078 602 3167 κύριος
615 3079 713 3156 ὁθεος
750 3086 813 3145 τοῦ.
839 3085 890 3147 καί
902 3078 1045 3165 ἀνήγαγεν
1057 3082 1168 3159 αύτούς
1181 3088 1220 3158 εἷς
1235 3082 1357 3166 Ἐμεκα-

108 3161 235 3246 ’ίσραήλ
276 3163 311 3227 τό
337 3160 473 3247 ἀνόθεμύ
492 3168 616 3230 ἐστινέν
635 3162 710 3248 ύμῖν.
747 3161 816 3248 χώρ.
839 3166 868 3209 ²⁵
878 3169 929 3231 καί
941 3166 1018 3231 εἶπεν
1027 3165 1144 3250 Ἰησοῦς
1156 3171 1201 3251 τῷ
1212 3166 1312 3253 Ἅχαρ.
1326 3173 1357 3232 τί

108 3244 145 3310 ού
155 3243 312 3330 δυνήσεσθε
323 3245 491 3330 ἀντιστῆναι
501 3246 640 3313 ἀπέναντι
650 3253 711 3312 τῶν
748 3245 938 3333 ὠλόθρευσας
963 3246 1039 3331 ἡμᾶς
1045 3279 1057 3326 ,·
1083 3248 1297 3332 ἐξσλσθρεύσαι
1323 3276 1356 3315 σε

107 3334 222 3413 ἐχθρῶν
236 3328 324 3430 ὑμῶν,
338 3336 391 3402 ἕως
405 3330 443 3392 ἀν
456 3327 576 3414 ἐξάρητε
588 3328 625 3395 τὸ
637 3327 712 3395 ἀνά-
747 3328 856 3413 κύριος,
869 3331 955 3395 καθὰ
968 3336 1019 3395 καί
1032 3328 1164 3415 σήμερον.
1189 3335 1240 3395 καὶ
1253 3334 1355 3397 ἐλιθο-

107 3423 190 3490 θεμα
204 3414 233 3484 ἐξ
248 3415 336 3489 υμῶν.
374 3410 467 3473 1ἐκαὶ
488 3409 712 3495 συναχθήσεσθε
747 3410 878 3497 βύλησαν
904 3411 996 3476 αὐτὸν
1021 3413 1121 3486 λίθοις
1140 3418 1201 3487 πᾶς
1222 3411 1355 3494 Ἰσραὴλ,

106 3492 218 3562 πάντες
232 3489 437 3570 τοπρωῒκατά
450 3491 552 3570 φυλὰς,
565 3498 616 3557 καί
628 3497 711 3558 ἐσται
748 3498 778 3538 ²⁶
790 3498 841 3559 καί
861 3497 1026 3579 ἐπέστησαν
1043 3493 1127 3578 αὐτῷ
1150 3491 1246 3580 σωρόν
1260 3497 1356 3560 λίθων

107 3575 125 3659 ή
141 3571 219 3656 φυλή
233 3569 268 3656 ήν
280 3573 317 3638 ἀν
329 3574 405 3664 δείξη
418 3568 530 3654 κύριος,
554 3572 713 3658 προςάξετε
745 3581 845 3660 μέγαν.
872 3581 922 3643 καί
934 3575 1090 3643 ἐπαύσατο
1109 3574 1208 3662 κύριος
1226 3582 1283 3643 τοῦ
1296 3588 1354 3643 θυ-

107 3655 187 3723 κατά
199 3654 314 3740 δήμους.
329 3658 379 3719 καί
393 3652 446 3718 τόν
457 3655 549 3738 δῆμον
560 3652 595 3719 ὃν
608 3655 645 3720 ἀν
654 3659 713 3721 δεί-
746 3666 803 3739 μοῦ
815 3666 866 3742 τῆς
885 3660 983 3748 ὀργῆς.
1018 3661 1068 3727 διύ
1086 3667 1178 3728 τοῦτο
1197 3657 1353 3746 ἐπωνόμα-

108 3745 142 3824 ξη
156 3737 271 3825 κύριος,
297 3735 453 3824 προςόξετε
466 3735 530 3802 κατ’
546 3737 637 3803 οἶκον.
663 3741 715 3802 καὶ
750 3765 795 3804 σεν
820 3742 893 3807 αὐτὸ
917 3743 1084 3831 Ἐμεκαχιύρ
1102 3752 1158 3822 ἕως
1175 3750 1227 3831 τῆς
1245 3743 1352 3834 ἡμέρας

111 3817 163 3889 τ’ὸν
183 3825 267 3890 οἶκον
283 3820 318 3887 ὃν
337 3820 374 3887 ἀν
390 3823 468 3914 δείξη
486 3818 598 3903 κύριος,
623 3847 715 3907 προς·
749 3818 867 3906 ταύτης.

108 3905 188 3985 ἀξετε
201 3905 262 3971 κατ’
283 3906 386 3989 ἄνδρα.
411 3907 438 3948 ¹⁵
451 3908 501 3969 καὶ
513 3903 546 3981 ὃς
559 3903 596 3969 ίίν
608 3906 713 3990 ἐνδειχ-
941 3916 1066 3975 ΚΕΦ.
1110 3909 1164 3976 Η’.

109 3998 166 4074 θη,
203 3984 465 4069 κατακαυθήσεται
490 3993 521 4053 ἐν
545 3992 631 4075 πυρί,
661 3992 712 4054 καὶ
800 3993 832 4056 αὶ
850 3990 912 4055 εἶπε
932 3987 1031 4071 κύριος
1053 3993 1129 4078 πρὸς
1151 3994 1275 4080 Ἰησοῦν.
1311 4001 1343 4082 μ’

107 4065 208 4139 πὀίντα
226 4069 284 4138 ὅσα
302 4075 382 4137 ἐστίν
401 4070 492 4155 αύτῷ.
532 4069 579 4138 ότι
595 4077 710 4161 παρέβη
746 4079 900 4168 φοβηθῇς,
925 4077 995 4160 μηδὲ
1014 4075 1163 4168 δειλιιίσης.
1190 4082 1262 4169 λα’βε
1298 4111 1350 4148 ιτα

107 4158 161 4241 τήν
187 4152 333 4241 διαθήκην
358 4162 473 4237 κυρίου,
499 4159 551 4221 καὶ
576 4161 711 4241 ἐποίησεν
744 4166 799 4224 σοῦ
811 4185 927 4235 παντας
943 4159 1013 4237 τούς
1025 4160 1133 4245 ἀνδρας
1147 4165 1216 4242 τοῦς
1228 4113 1350 4247 πολεμι-

107 4237 242 4322 ἀνόμημα
256 4244 287 4304 ἐν
297 4236 427 4338 Ἰσραήλ.
453 4240 545 4303 16καί
562 4239 711 4325 οόρθρισεν
745 4243 832 4320 στάς,
857 4247 908 4308 καὶ
924 4243 1057 4322 ἀναστὰς
1076 4244 1205 4333 ἀνάβηθι
1222 4253 1260 4322 εἷς
1278 4254 1348 4314 Γαί.

105 4321 228 4407 Ἰησοῦς,
241 4325 291 4385 καί
302 4347 467 4402 προςηγαγε
480 4322 533 4385 τὸν
545 4324 619 4387 λαὸν
633 4321 710 4388 κατά
745 4323 811 4390 ἰδού
836 4328 952 4393 δέδωκα
976 4335 1015 4406 εἷς
1034 4332 1086 4405 τὰς
1110 4326 1206 4412 χεῖράς
1224 4355 1278 4393 σου
1295 4331 1349 4397 τὸν

104 4402 208 4485 (χυλός.
235 4407 285 4468 καὶ
305 4406 450 4488 ἐνεδείχθη
469 4403 486 4486 ή
504 4405 581 4489 φυλή
598 4403 708 4470 Ἰούδα.
742 4410 865 4492 βασιλέα
878 4416 912 4473 Γ
909 4414 950 4486 αἱ,
964 4415 1015 4476 καὶ
1027 4409 1082 4493 τήν
1094 4417 1149 4488 γῆν
1162 4407 1264 4473 αὐτοῦ.
1278 4414 1348 4476 2καί

107 4491 129 4531 ¹⁷
144 4492 194 4554 καὶ
220 4483 372 4575 προςήχθη
398 4488 476 4551 κατὰ
502 4484 627 4571 δήμους,
659 4492 709 4556 καὶ
742 4487 870 4576 ποιήσεις
885 4491 937 4576 τήν
949 4497 1022 4571 sat,
1038 4489 1073 4555 ὃν
1087 4485 1199 4572 τρόπον
1209 4493 1348 4591 ἐποίησηις

1294 4594 1341 4648 την
