2924 4972
144 226 208 293 548
514 222 717 285 mm
756 225 830 299 ιιιφ.
846 212 1023 301 φασιν.

141 339 298 424 ἀληθείαις
311 337 466 421 ἀλλότριος
483 341 538 399 τοῦ
551 340 750 420 τῶνΠερσιῦν
782 359 818 416 μν
835 331 964 417 μόσυνον
989 338 1041 416 τῆς
1066 331 1224 406 ἀπωλείας.
1250 337 1336 396 πάσα
1359 331 1395 396 δὲ

143 429 278 506 αἵματος,
291 422 342 485 καί
353 417 435 484 πολύ
449 417 605 502 διεστηκώς
617 423 670 501 τῆς
682 414 749 500 ήμε-
782 362 868 491 πόλις
881 417 901 501 ἢ
919 412 1003 500 χώρα
1021 415 1058 480 τὸ
1072 412 1211 490 σύνολον,
1237 411 1300 497 ήτις
1312 416 1395 478 κατὰ

140 510 230 591 τέρας
241 502 448 613 χρηστότητος,
474 503 659 577 ἐπιξενωθεὶς
673 499 749 584 ήμῖν,
783 504 881 566 ταῦτα
905 499 944 583 μή
969 494 1094 595 ποιήση,
1120 496 1223 582 δόρατι
1246 499 1297 561 καί
1318 500 1396 603 πυρί

141 589 240 673 ’ἔτυχεν
253 615 286 674 ης
304 589 406 671 ἔχομεν
415 584 491 670 πρὸς
506 589 568 650 πῦν
580 587 668 659 ἔθνος
681 583 750 662 φιλ-
783 579 1071 666 καταναλωθήσεται
1087 579 1144 662 μετ’
1161 581 1258 663 ὀργῆς.
1284 577 1321 644 ού
1335 607 1395 662 μο-

143 677 323 756 ανθρωπίας
336 671 386 734 ἰπὶ
403 673 563 741 τοσοῦτον,
589 663 660 741 ἀςτε
673 665 749 731 άνα-
783 691 835 731 νον
847 662 1022 749 ἀνθρώποις
1034 664 1155 750 ἄβατος,
1173 662 1252 727 ἀλλά
1266 665 1318 726 καί
1330 674 1395 747 θη·

142 751 320 839 γορεύεσθαι
336 749 419 854 ήμιῦν
431 746 566 835 πατέρα,
595 751 647 813 καὶ
658 774 749 833 προς-
783 756 858 835 ρίοις
868 750 920 812 καὶ
928 759 1070 822 πετεινοῖς
1081 752 1119 822 εἰς
1128 746 1182 811 τὸν
1191 743 1314 810 ἀπαντα
1322 745 1394 850 χρό-

142 833 316 919 κυνούμενον
333 834 393 898 υπὸ
405 829 542 908 πάντων,
568 829 605 896 τὸ
617 828 750 916 δεύτερον
783 856 834 896 νον
850 835 988 916 ἔχθιστος
1006 826 1280 912 καταποθήσεται.
1306 854 1347 894 τα
1360 830 1394 895 δὲ

142 926 200 985 τοῦ
211 918 369 1005 βασιλικοῦ
380 912 496 1003 θρόνου
508 910 671 999 πρόςωπον
684 916 750 979 δια·
783 913 954 1000 ἀντίγραφα
980 917 1206 979 έκτιθέσθωσαν
1230 911 1394 995 ὀφθαλμο-

142 1004 241 1068 τιλεῖν.
270 999 324 1067 ούκ
341 997 459 1077 ἐνέγκας
476 996 508 1063 δὲ
525 996 579 1080 τήν
598 995 750 1083 ῦπερηφα-
784 1002 887 1078 φανιῦς
899 1002 930 1061 ἔν
940 993 1025 1080 πάοη
1037 1002 1076 1079 τῆ
1087 996 1235 1082 βασιλείᾳ,
1256 997 1394 1078 ἑτοίμους

143 1091 208 1151 τίαν
242 1079 408 1166 ἐπετήδευσε
429 1086 482 1164 τῆς
502 1078 593 1164 ἀρχῆς
611 1086 751 1185 στερήσαι
784 1105 814 1144 τε
841 1080 914 1145 εἶναι
939 1068 1063 1154 πάντος’
1076 1079 1149 1154 τούς
1171 1077 1338 1153 Ἰουδαίους
1355 1085 1395 1154 εἰς

144 1165 230 1252 ἡμᾶς,
243 1170 294 1231 καί
307 1171 365 1230 τοῦ
376 1161 551 1246 πνεύματος.
570 1159 625 1227 τόν
637 1188 669 1228 τε
681 1165 753 1246 ημέ-
785 1158 897 1266 ταύτην
910 1162 963 1247 τήν
974 1160 1095 1248 ἡμέραν,
1112 1162 1277 1246 πολεμῆσαι
1290 1161 1395 1227 αὐτῶν

143 1275 229 1338 τερον
242 1253 376 1333 σωτῆρα,
398 1248 449 1311 καὶ
462 1244 625 1319 διαπαντὸς
639 1244 753 1331 εὐεργέ-
785 1244 855 1321 τούς
870 1253 1063 1321 νπεναντίους.

143 1358 199 1418 την
216 1334 433 1417 Μαρδοχαῖον,
458 1331 509 1394 καί
526 1327 579 1413 τήν
601 1327 753 1412 ἄμεμπτον
975 1335 1008 1393 Κ
1021 1334 1100 1396 ΕΦ.
1148 1324 1198 1392 6‘.

143 1422 197 1501 τῆς
221 1415 372 1502 βασιλείας
397 1409 540 1477 κοινωνὸν
561 1409 676 1496 Ἐσθήρ
702 1409 753 1476 σὺν
784 1373 876 1477 ¹⁴01
883 1409 936 1494 μὲν
945 1402 1001 1476 σύν
1011 1417 1110 1486 ἱππεῖς
1118 1412 1246 1496 ἐξῆλθον
1256 1409 1395 1478 σπεῦδον·

142 1502 237 1565 παντὶ
255 1502 300 1580 τῷ
317 1492 435 1562 τούτων
452 1498 531 1559 ἔθνει
552 1489 754 1568 πολυπλόκοις
785 1520 831 1571 τες
841 1493 881 1560 τά
892 1492 953 1560 ὑπὸ
965 1499 1021 1559 τοῦ
1029 1494 1171 1581 βασιλέως
1179 1492 1318 1579 λεγόμενα
1327 1501 1394 1561 ἐπι-

143 1581 280 1664 μεθύδων
302 1578 538 1662 παραλογισμοῖς
561 1573 754 1659 αἰτησάμενος
785 1580 885 1643 τελεῖν.
912 1580 1033 1682 ἐξετέθη
1050 1577 1082 1642 δὲ
1098 1574 1134 1641 τδ
1147 1574 1324 1659 πούςταγμα
1342 1583 1395 1644 καί

144 1669 184 1740 είς
211 1659 370 1728 ἀπώλειαν.
403 1660 451 1725 διὰ
472 1657 530 1741 γάρ
556 1663 617 1722 τῶν
632 1654 754 1742 τρόπων
787 1665 817 1726 έν
830 1657 966 1736 Σούσοις.
979 1661 1035 1725 ¹⁶0
1048 1660 1080 1725 δὲ
1093 1635 1294 1745 Μαρδοχαῖος
1306 1663 1392 1738 m-

145 1743 262 1812 τούτων
288 1739 376 1827 ᾠήθη
401 1742 501 1890 λαβὼν
523 1738 600 1846 ήμᾶς
616 1738 753 1827 ἐρήμους,
786 1755 840 1808 θεν
856 1743 1062 1828 ἐστολισμένας
1079 1740 1135 1826 τήν
1151 1744 1303 1828 βασιλικήν
1320 1770 1392 1809 στο-

144 1829 275 1914 τὴντῶν
291 1831 419 1910 Περσων
446 1849 620 1908 πικρατησιν
633 1830 672 1900 είς
684 1825 754 1899 τοὺς
786 1826 856 1911 λήν,
872 1829 923 1892 καὶ
936 1829 1083 1909 στέφανον
1096 1828 1169 1910 ἔχων
1180 1832 1322 1912 χρυσοῦν,
1340 1832 1394 1892 καί

147 1907 326 1983 Μακεδόνας
335 1905 465 1990 μετάξαι.
477 1905 556 1992 ἡμεῖς
567 1908 600 1973 δέ
609 1906 681 1983 τούς
692 1906 753 1973 ὑπὸ
787 1906 914 1993 διάδημα
926 1907 1070 1996 βύσσινον
1081 1916 1262 1994 πορφυροῦν.
1282 1907 1393 1986 ἰδόντες

145 1999 203 2060 τοῦ
215 1993 429 2079 τριςαλιτηρίου
443 1992 702 2076 παραδεδομένους
715 1995 754 2064 εἰς
786 1993 818 2057 δὲ
832 1997 864 2057 οῖ
876 1996 906 2056 έν
917 1989 1049 2068 Σούσοις
1065 1988 1218 2077 ἐχάρησαν.
1244 1995 1272 2036 ¹⁶
1284 2005 1347 2068 τοῖς
1360 1994 1394 2058 δὲ

146 2071 313 2160 ἀφανισμόν
335 2073 502 2149 Ἰουδαίους
527 2072 694 2158 εὑρίσκομεν
717 2071 753 2138 οῦ
783 2075 940 2151 Ἰουδαίοις
956 2080 1067 2154 ἐγένετο
1086 2081 1150 2157 φῶς
1162 2079 1214 2140 καὶ
1226 2074 1394 2184 εὐφροσύνη

145 2155 331 2243 κακούργους
358 2155 464 2233 ὄντας,
497 2153 697 2232 δικαιοτάτοις
722 2156 752 2221 δὲ
787 2163 814 2203 ¹⁷
826 2159 904 2225 κατά
924 2157 1012 2224 πόλιν
1025 2162 1076 2224 καὶ
1087 2154 1202 2243 χώραν,
1229 2186 1265 2225 ου
1279 2186 1317 2224 αν
1331 2164 1392 2236 ἔξε-

146 2237 394 2325 πολιτευομένους
405 2237 516 2324 νόμοις,
529 2239 619 2315 ὄντας
630 2237 663 2304 δὲ
673 2237 754 2314 υἱούς
787 2247 864 2326 τέθη
876 2240 913 2306 τὸ
925 2239 1112 2326 πρόςταγμα,
1126 2235 1163 2306 οῦ
1173 2241 1211 2306 ἀν
1224 2245 1344 2326 ἐξετέθη
1356 2249 1393 2309 τὸ

146 2330 202 2391 τοῦ
227 2323 357 2409 ύφίστου
379 2331 515 2408 μεγίστου
540 2327 647 2400 ζῶντος
668 2328 753 2395 θεοῦ,
788 2330 907 2406 ἔκθεμα.
944 2322 1023 2410 χαρά
1053 2327 1103 2390 καὶ
1133 2323 1300 2430 εὐφροσύνη
1330 2338 1395 2403 τοῖς

146 2412 203 2474 τοῦ
226 2403 463 2481 κατευθύνοντος
489 2403 556 2490 ήμῖν
576 2430 607 2470 τε
623 2408 674 2470 καί
690 2416 754 2480 τοῖς
783 2408 953 2483 Ἰουδαίοις,
967 2404 1077 2472 κώθων
1088 2410 1140 2472 καὶ
1153 2406 1328 2494 ευφροσύνη.
1342 2413 1395 2475 καὶ

146 2487 305 2576 προγόνοις
330 2489 414 2574 ήμιῦν
432 2488 486 2572 τήν
501 2489 651 2577 βασιλείαν
669 2493 699 2554 έν
714 2493 752 2594 vj
786 2492 896 2557 πολλοὶ
908 2496 968 2555 τιῦν
984 2496 1081 2556 ἐθνῶν
1099 2494 1316 2575 περιετέμοντο,
1342 2495 1395 2558 καί

146 2575 291 2669 καλλίστῃ
310 2575 450 2639 διαθέσει.
476 2574 573 2647 καλῶς
592 2563 645 2635 ούν
662 2599 752 2654 ποιη·
784 2573 949 2651 Ἰουδάίζον
974 2573 1024 2640 διά
1048 2574 1103 2639 τὸν
1121 2573 1218 2662 φόβον
1233 2581 1294 2640 ταῖν
1313 2574 1394 2641 Ἰου-

148 2682 210 2722 σετε
220 2656 262 2762 μή
280 2659 529 2742 πρσςχρησάμενοι
545 2666 608 2730 τοῖς
626 2653 686 2719 ύπὸ
701 2652 753 2719 ‘A-
786 2659 888 2723 δαίων.
907 2662 962 2722 1έν
975 2656 1034 2742 γάρ
1047 2663 1091 2740 τῷ
1104 2655 1261 2742 δωδεκάτῳ
1274 2662 1341 2743 μηνὶ
1354 2663 1393 2739 τῆ

145 2739 204 2822 μάν
217 2740 395 2822 Αμαδάθσυ
410 2738 601 2804 ἀποσταλεῖσι
613 2734 752 2821 γράμμα·
788 2737 1005 2845 τριςκαιδεκάτη
1018 2745 1073 2805 τοῦ
1085 2741 1190 2823 μηνὸς,
1208 2739 1241 2817 ἔς
1254 2729 1390 2807 {aterbi-

146 2847 182 2887 σι.
196 2822 246 2886 διά
258 2820 295 2884 τδ
310 2818 403 2885 αὐτὸν
416 2818 468 2885 τὸν
481 2825 579 2884 ταῦτα
592 2816 753 2905 έξεργασά-
786 2825 855 2904 δαρ,
865 2828 964 2908 πυρήν
973 2848 1012 2886 τα
1023 2820 1183 2908 γράμματα
1191 2823 1231 2888 τά
1239 2829 1393 2909 γραφέντα

145 2928 230 2987 μενον
239 2902 391 2988 πρδςταῖς
397 2899 522 2967 Σούσων
532 2899 640 2978 πύλαις
649 2906 750 2967 ἔσταυ-
786 2905 916 2972 ἀπὸτοῦ
929 2906 1082 2992 βασιλέως.
1105 2909 1164 2970 ἳέν
1178 2905 1257 2997 αὐτῇ
1268 2912 1306 2998 τῇ
1320 2903 1390 2988 ήμί-

146 2992 265 3072 ριῦσθαι
283 2984 335 3049 σύν
351 2988 388 3077 τῇ
406 2993 561 3069 πανοικίᾳ,
586 2984 640 3069 τήν
659 3011 752 3051 κατα·
786 3015 825 3072 ρᾳ
834 2985 994 3055 ἀπώλοντο
1006 2992 1037 3050 οἱ
1048 2985 1233 3069 ἀντικείμενοι
1243 3001 1305 3061 τοῖς
1312 2986 1389 3050 Ἰου-

146 3074 212 3146 ξίαν
240 3072 296 3132 τοῦ
327 3067 366 3132 τά
396 3064 497 3134 πάντα
523 3073 753 3154 ἐπικρατοῦντος
784 3074 887 3146 δαίοις.
914 3068 1079 3170 ούδελςγάρ
1092 3068 1227 3152 ἀντέστη,
1241 3064 1390 3149 φοβούμε-

145 3157 222 3218 θεοῦ
237 3148 392 3254 διατάχους
408 3149 578 3228 ἀποδόντος
592 3151 675 3235 αύτῷ
688 3159 752 3236 κρί-
784 3179 832 3228 νος
845 3149 961 3225 αύτούς.
975 3151 1026 3212 ³02
1037 3175 1095 3234 γαρ
1108 3149 1246 3235 ἀρχοντες
1259 3156 1319 3215 τοῖν
1332 3178 1389 3216 σα-

144 3247 198 3300 σιν.
225 3238 262 3299 τὸ
279 3233 311 3299 δὲ
329 3240 514 3319 αντίγρυφσν
528 3241 580 3320 τῆς
594 3235 751 3318 ἐπιστολῆς
784 3239 920 3321 τροπῶν,
933 3233 983 3297 καί
994 3237 1024 3295 οῖ
1034 3230 1185 3319 Ιτύραννοι,
1197 3236 1248 3297 καί
1260 3238 1290 3297 σί
1302 3239 1390 3319 βασι-

144 3314 256 3402 ταύτης
276 3320 411 3392 ἐκθέντες
429 3321 459 3382 έν
476 3323 566 3384 παντί
579 3313 665 3400 τύπῳ
677 3317 751 3401 μετά
784 3319 861 3383 λικοὶ
875 3326 1068 3402 γραμματεῖς,
1094 3321 1202 3399 ἐτίμων
1218 3315 1289 3391 τούς
1311 3315 1389 3381 Ἰου-

144 3406 329 3489 παβρησίας,
355 3406 407 3484 έᾷν
419 3403 488 3477 τούς
500 3401 664 3476 Ἰουδαίους
679 3406 751 3486 χρῆ·
785 3405 895 3477 δαίους.
918 3397 1006 3482 ῦγάρ
1020 3397 1112 3526 φόβος
1126 3402 1326 3485 Μαρδοχαίου
1340 3404 1389 3464 έν-

145 3497 218 3552 σθαι
230 3498 294 3562 τοῖς
307 3488 420 3551 ἑαυτῶν
431 3492 573 3568 νομίμοις,
584 3487 635 3549 καὶ
647 3509 750 3549 συνεπ-
786 3491 877 3551 ε’κειτο
903 3481 1014 3556 αὐτοῖς.
1086 3488 1246 3568 προςέπεσε
1270 3484 1328 3569 γὰρ
1353 3481 1390 3548 τό

146 3596 176 3636 ισ
194 3567 253 3634 ύειν
267 3569 387 3643 αὐτοῖς,
414 3565 497 3643 ὅπως
514 3567 585 3644 τοὺς
606 3572 638 3632 ἔν
657 3570 752 3652 καιρῷ
785 3569 962 3651 πρόςταγμα
997 3572 1053 3630 τοῦ
1091 3569 1236 3651 βασιλέως
1279 3565 1391 3650 ὄνομα·

143 3597 280 3735 θλίψεως
293 3647 483 3732 ἐπιθεμένους
496 3650 601 3726 αὐτοῖς
618 3648 753 3733 ἀμύνων·
786 3659 899 3756 σθήναι
912 3655 942 3715 ἔν
953 3646 1036 3738 πάσῃ
1048 3656 1086 3740 τῇ
1094 3653 1241 3756 βασιλείᾳ.
1267 3653 1283 3694 ⁰
1296 3652 1347 3715 καί
1359 3653 1391 3713 ἐν

144 3758 195 3798 ται
216 3739 254 3814 τῆ
275 3731 493 3816 τριςκαιδεκάτη
510 3739 567 3799 τοῦ
585 3729 752 3799 δωδεκάτου
785 3742 914 3810 Σουσοις
931 3739 970 3817 τῆ
986 3734 1070 3799 πόλει
1086 3739 1260 3799 απέκτειναν
1271 3730 1390 3797 οῖἸου-

142 3806 337 3918 μηνὸςἈδάρ
354 3822 396 3906 τῇ
408 3806 486 3909 αὐτή
504 3814 609 3901 ήμέρᾳ.
640 3811 753 3896 ταύτην
785 3820 864 3883 δαῖοι
883 3806 994 3902 ἀνδρας
1017 3825 1238 3893 πεντακοσίους,
1265 3813 1343 3880 7τόν
1360 3840 1392 3879 τε

144 3923 202 3981 γαρ
216 3894 282 3961 ὁτά
294 3895 395 3962 πάντα
407 3896 589 3965 δυναστεύων
601 3899 674 3972 θεὸς
687 3895 748 3960 ἀντ’
786 3902 970 3985 Φαρσαννές,
989 3904 1040 3966 καί
1053 3900 1190 3980 Λελφών,
1208 3905 1259 3965 καὶ
1272 3896 1392 3977 Φασγά,

145 3979 288 4081 ὀλεθρίας
305 3985 359 4043 τοῦ
373 3981 509 4048 έκλεκτοῦ
528 3985 630 4059 γένους
648 3984 751 4088 έποίη-
785 3985 1053 4069 8καίίίίαραδαθόι,
1067 3988 1118 4049 καὶ
1128 3982 1242 4066 Βαρεά,
1252 3985 1394 4067 καέΣαρ-

145 4085 194 4127 σεν
207 4073 310 4136 αυτοῖς
323 4060 512 4147 εὐφροσύνην.
539 4067 591 4129 καὶ
606 4062 683 4145 ὑμεῖς
697 4088 734 4127 ου
783 4064 880 4152 βακά,
906 4069 985 4131 9καί
1002 4066 1211 4152 Μαρμασιμά,
1238 4068 1288 4130 καὶ
1302 4063 1393 4130 ‘Pou-

145 4148 178 4209 ἔτ
189 4154 255 4219 ταῖς
273 4141 437 4226 ἐπωνύμοις
453 4144 534 4227 ὑμῶν
550 4149 670 4231 ἑορταῖς
686 4149 752 4214 ἐπί-
785 4160 885 4231 φαῖον,
898 4147 1106 4235 καίἈρσαῖον,
1119 4153 1172 4214 καὶ
1183 4154 1394 4236 Ζαβουθαῖον,

147 4252 239 4310 σημον
263 4227 374 4335 ήμέραν
403 4229 477 4309 μετὰ
502 4225 603 4311 πάσης
630 4227 752 4314 εύωχίας
785 4231 899 4307 10τούς
915 4234 986 4297 δέκα
1004 4233 1087 4309 υἱούς
1105 4231 1196 4314 Ἀμάν
1215 4232 1392 4314 Ἀμαδάθου

145 4309 243 4390 ἀγετε,
269 4336 351 4386 οπως
367 4313 418 4374 καί
435 4316 488 4374 νῦν
504 4315 555 4376 καί
566 4310 640 4395 μετά
655 4319 753 4381 ταῦτα
785 4321 944 4393 Βουγαίου
959 4321 1014 4381 τοῦ
1029 4319 1141 4402 ἐχθροῦ
1152 4321 1213 4380 τῶν
1227 4315 1393 4390 Ἰουδαίων,

145 4402 279 4480 σωτηρία
302 4381 322 4492 ᾗ
349 4389 430 4478 ἢμῖν,
456 4396 506 4457 καλ
530 4407 595 4469 τοῖς
619 4395 753 4465 εῦνοοῦσι
785 4401 836 4464 καὶ
854 4394 1022 4483 διήρπασαν
1048 4404 1117 4464 11έν
1136 4397 1215 4482 αὐτῇ
1233 4403 1271 4480 τῆ
1288 4395 1393 4484 ἡμέρᾳ.

147 4477 296 4568 Πέρσαις.
321 4490 383 4551 τοῖς
401 4477 434 4543 δὲ
448 4474 516 4561 ἡμῖν
532 4480 753 4568 ἐπιβουλεύουσι
786 4477 914 4566 ἐπεδόθη
931 4507 962 4546 τε
975 4479 993 4546 δ’
1006 4480 1134 4570 ἀριθμὸς
1151 4471 1324 4584 τῴβιτδιλεῖ
1334 4488 1395 4628 ἷξεν

438 4630 441 4635 .
1268 4591 1331 4630 απο
1379 4605 1394 4617 -

1193 307 1383 319 ---.‚--a-.
