2924 4972
147 205 213 272 344
376 205 672 268 mmmm
696 208 854 269 rmH
892 197 1161 284 Κηναίου.

145 329 267 413 τοπρωῒ
287 325 422 412 θηλάσαι
446 327 501 392 τόν
524 323 588 391 υἱόν
606 353 680 410 μου,
705 329 757 390 καί
789 331 833 410 τῷ
846 329 971 408 ἐνιαυτῷ
992 327 1100 401 ε’γίνετο
1113 327 1164 388 ἐπὶ
1175 324 1228 390 τὸν
1241 331 1292 389 ἕνα
1304 352 1397 429 χορη-

145 416 256 485 ἒκεῖνος
274 401 311 515 ήν
330 406 489 495 τεθνηκώς.
516 407 650 475 naz-1501)
669 433 754 473 κατε-
787 422 857 487 γεῖν.
883 410 962 473 ’καί
974 413 1072 473 ταῦτα
1084 403 1124 472 τά
1136 404 1270 490 ὀνόματα
1284 416 1393 473 αυτών.

146 492 244 599 νόησα
256 493 349 559 αυτόν
360 494 454 579 πρωῒ,
477 495 529 557 καί
541 493 606 556 ἰδοὺ
620 490 675 557 οὐκ
688 482 755 575 ήνὸ
788 491 866 558 Βεὲν
891 489 955 567 υἱός
975 489 1034 575 Ὢρ
1061 493 1092 555 ἐν
1117 488 1177 574 ι’ίρει
1200 489 1329 573 Ἐηραίμ
1347 493 1394 568 είς.

147 584 211 654 υἷος
222 605 280 660 μου
292 574 327 643 δν
340 581 446 641 ἔτεκον.
465 575 552 640 22καί
563 573 642 641 εἶπεν
654 571 672 676 ή
683 572 756 659 γυνή
788 575 875 650 9υίὸς
888 572 995 659 Αακάρ
1008 578 1039 639 ἓν
1051 573 1169 649 Μακὲς,
1182 576 1232 638 καί
1246 578 1276 638 ἐν
1288 575 1395 640 Σαλα-

147 660 276 765 ήέτίρα.
303 655 498 744 οὖχίςάλλάὸ
512 654 575 734 υίός
586 685 643 741 μου
658 683 675 723 ο
689 662 755 734 ζῶν,
786 659 849 743 βὶν,
875 661 926 722 καί
937 653 1137 740 Βαιθσαμύς,
1163 661 1213 722 καί
1227 655 1321 722 'mv
1340 664 1395 734 ἕως

148 773 166 811 ο
182 744 215 809 δὲ
227 741 290 817 υίός
302 766 358 806 σου
370 739 388 805 5
402 738 560 826 τεθνηκώς.
586 743 637 805 καί
649 738 720 805 ἐλάλ
787 740 941 825 Βηθανάν
958 741 1005 815 είς.
1040 739 1146 815 10υίὸς
1160 738 1242 806 ’Euda
1258 743 1289 805 ίν
1302 738 1394 827 Ἀρα-

148 850 204 893 σαν
218 821 343 889 ἐνώπιον
360 829 414 889 τοῦ
431 824 581 911 βασιλέως.
607 825 637 865 ²³
650 825 702 889 καί
715 767 757 888 ελ·
819 821 826 843 ¹
861 874 871 899 ,
896 821 991 888 αὐτοῦ
1007 820 1104 908 Σωχώ
1130 828 1182 888 καί
1203 829 1288 889 πᾶσα
1313 822 1331 907 ή
1356 829 1393 908 μή

146 932 200 974 πεν
212 905 229 971 5
242 903 376 993 βασιλεὺς
389 906 503 983 αὐταῖς.
531 906 568 971 σὺ
582 906 682 983 λέγεις,
703 900 757 970 οὗ·
796 908 887 992 Οφέρ.
896 909 994 969 11υἱοῦ
999 902 1164 991 Ἀμιναδάβ
1170 911 1257 972 πάσα
1263 911 1393 987 Νερθα·

146 1017 198 1066 τος
212 986 230 1054 5
244 985 307 1065 υἱός
317 989 487 1074 μουὸζῶν,
510 992 561 1054 καί
575 987 592 1054 5
606 988 670 1065 υίὸς
681 984 756 1054 ταά·
787 986 857 1073 διόρ.
900 986 1010 1070 Τεφδιθ
1025 982 1164 1072 θυγάτηρ
1182 990 1340 1072 Σαλωμών
1358 981 1394 1093 ήν

144 1100 165 1141 τ
184 1101 198 1149 ς
216 1069 234 1138 5
249 1070 407 1157 τεθνηκός.
446 1076 499 1139 καί
517 1072 555 1138 σὺ
572 1073 662 1150 λέγεις
680 1070 756 1156 οὐχί,
787 1071 872 1155 αὐτῷ
884 1077 922 1147 είς
933 1081 1071 1148 γυναῖκα,
1097 1070 1143 1145 είς.
1181 1073 1209 1111 ¹²
1221 1071 1312 1138 Βανά
1329 1078 1394 1149 υίος

156 1156 166 1178 '
214 1154 221 1175 “
241 1154 259 1222 5
272 1151 335 1232 υίός
347 1154 434 1240 μουὸ
448 1159 514 1234 ζῶν,
533 1158 584 1220 καί
596 1155 613 1220 5
628 1151 691 1231 υίός
703 1181 756 1220 σου
781 1153 927 1239 Ἀχιλοὺθ
936 1152 989 1237 τήν
997 1152 1154 1238 Ἰθαανὰχ,
1167 1156 1218 1218 καί
1227 1156 1393 1232 Μαγεδδώ,

147 1237 166 1305 5
184 1236 340 1323 τεθνηκός.
368 1238 400 1282 ²⁴
412 1243 464 1306 καὶ
484 1239 561 1305 εἶπεν
579 1235 596 1303 5
613 1235 756 1325 βασιλεὺς,
786 1243 837 1304 καί
847 1242 907 1313 πᾶς
919 1234 937 1303 5
951 1236 1032 1312 οίιιος
1044 1236 1111 1301 Σάν
1125 1236 1143 1301 5
1155 1236 1240 1322 παρά
1250 1237 1394 1302 Σεσαθάν

147 1320 250 1409 λάβετε
261 1319 417 1407 μάχαιραν.
431 1325 483 1388 καί
494 1348 569 1408 προς
579 1318 691 1400 ’νεγιιαν
703 1320 757 1405 τήν
787 1316 932 1388 ὑποκάτω
945 1325 1000 1386 τοῦ
1011 1317 1129 1404 Ἐσραὲ,
1153 1322 1205 1383 καὶ
1218 1324 1250 1384 ἐκ
1263 1321 1394 1402 Βηθσὰν

146 1401 295 1505 μάχαιραν
304 1401 429 1472 ἐνώπιον
439 1411 494 1471 τοῦ
506 1409 575 1491 βασι
604 1409 658 1480 ’ως.
671 1406 757 1469 26καί
788 1410 843 1480 ἕως
852 1403 1082 1490 Σαβελμαουλᾶ,
1102 1407 1158 1477 ἕως
1170 1403 1295 1489 Μαεβίρ
1308 1410 1394 1469 Λου-

149 1487 226 1554 εῖπεν
238 1514 256 1552 ο
267 1484 408 1574 βασιλεύς.
422 1488 530 1552 διέλετε
542 1487 578 1552 τὸ
588 1488 708 1552 παιδίον
719 1486 755 1552 τὸ
788 1488 858 1571 κὰμ,
871 1488 918 1562 εἷς.
931 1488 958 1529 ¹³
964 1484 1025 1561 υίὸς
1033 1484 1140 1571 Ναβὲρ
1154 1489 1184 1550 ἐν
1192 1483 1319 1574 Ῥαβώθ
1328 1493 1361 1550 Γ
1358 1516 1392 1552 α·

148 1575 207 1649 ζιῆν
223 1570 259 1635 τὸ
277 1565 409 1655 θηλάζον
427 1574 466 1646 εἰς
477 1566 549 1646 δόο,
575 1572 627 1634 καί
639 1566 705 1635 δότε
720 1567 755 1634 τό
788 1570 874 1635 λααδ.
902 1565 1002 1653 τούτῳ
1022 1575 1134 1654 σχοίνισ
1191 1566 1303 1657 Ἐργάβ
1315 1576 1344 1635 ἐν
1356 1577 1392 1663 τῇ

147 1652 235 1739 ήμισυ
249 1653 345 1719 αὐτοῦ
357 1647 467 1747 ταύτῃ,
486 1655 537 1717 καί
549 1651 585 1720 τό
599 1650 686 1737 ήμισυ
698 1652 756 1718 αὖ·
787 1652 909 1728 Βασάν,
930 1653 1075 1735 ἑξήκοντα
1087 1596 1186 1727 πόλλλς
1197 1651 1321 1735 μεγάλαι
1335 1681 1392 1720 τει-

147 1743 206 1805 τοῦ
218 1735 323 1820 ταύτη.
361 1739 392 1781 ²⁶
405 1739 456 1802 καί
473 1734 548 1802 άπεκ
569 1743 623 1821 ίθη
643 1734 662 1821 ή
681 1737 754 1821 γυνή
786 1732 882 1822 χήρεις
893 1740 944 1801 καὶ
955 1735 1059 1820 μοχλοί
1071 1735 1188 1819 χαλκοῖ,
1200 1737 1247 1812 είς.
1274 1737 1392 1821 1”24χι·

147 1812 183 1904 ἧς
195 1810 230 1903 ἦν
243 1820 261 1885 5
275 1809 338 1895 υίὸς
351 1816 369 1884 5
383 1822 454 1897 ζων,
474 1822 526 1884 καί
538 1761 600 1885 ελπε
612 1820 688 1907 πρὸς
701 1819 755 1884 τὸν
786 1820 882 1906 ναδάβ
894 1819 957 1893 υίὸς
968 1819 1080 1883 Σαδδώ
1093 1822 1256 1926 Μααναῖήι.
1278 1819 1391 1904 1ι”Ἀχι-

146 1903 280 1989 βασιλέα,
298 1898 543 1988 ότιέταράχθηή
574 1899 651 1989 ήτρα
663 1901 755 1986 αὐτῆς
786 1900 863 1986 μαάς
881 1902 1100 1985 ίνΝεφθαλίμ.
1126 1906 1177 1966 καί
1196 1929 1285 1978 ουτος
1302 1902 1393 2006 ἔλαβε

148 1988 257 2069 ἑπίτηιῑ
269 1991 325 2070 υίῴ
337 1984 443 2070 αὐτῆς,
468 1989 518 2050 καί
532 1931 618 2052 είδεν.
646 1990 678 2052 ἐν
691 1988 755 2070 ἐμοί
787 1983 839 2069 τήν
864 1984 1037 2069 Βασεμμάθ
1062 1988 1220 2070 θυγατέρα
1235 1984 1392 2068 Σαλωμων

147 2065 238 2155 κύριε,
251 2065 320 2134 δότε
333 2069 410 2165 αὐτῇ
423 2069 460 2135 τό
472 2071 607 2145 παιδίον,
627 2071 680 2135 καί
692 2080 754 2135 θα·
785 2075 824 2146 εἰς
835 2080 971 2146 γυναῖκα,
983 2068 1029 2144 είς.
1050 2070 1203 2133 16Ιθαανοῖ
1216 2069 1279 2146 υίὸς
1293 2073 1393 2135 Χουσὶ

147 2149 229 2237 νάτῳ
241 2152 281 2257 μή
294 2149 490 2237 θανατάσητε
502 2148 588 2218 αὐτό.
613 2157 664 2220 καὶ
677 2148 754 2238 αὕτη
786 2150 912 2238 ἕνἈσήρ
926 2154 979 2217 καί
990 2157 1021 2217 ἐν
1033 2151 1177 2217 Βααλώθ
1192 2152 1239 2228 είς.
1265 2154 1294 2196 ¹⁸
1307 2155 1392 2236 Σεμεί

148 2237 216 2302 εἷπε.
242 2261 314 2318 μητε
326 2237 393 2319 ἐμοί
404 2234 477 2320 μήτε
492 2234 569 2318 αὐτή
583 2239 672 2313 ἔστω,
695 2237 753 2302 διέ-
787 2233 850 2312 υίὸς
859 2233 939 2301 Ἠλά
955 2238 985 2300 ἓν
1002 2240 1045 2319 τῷ
1058 2241 1207 2317 Βενιαμίν.
1248 2238 1275 2279 ¹⁹
1288 2238 1390 2322 Γαβὲρ

147 2318 219 2385 λετε.
244 2322 274 2364 ²⁷
286 2321 337 2384 καί
350 2317 499 2405 ἀπεκρίθη
513 2317 530 2383 5
542 2305 686 2408 βασιλεὺς,
703 2323 754 2387 καὶ
786 2319 849 2396 υίὸς
861 2316 951 2385 Ἀδαῒ
965 2323 996 2384 ἐν
1012 2323 1049 2410 τῇ
1067 2324 1106 2413 γῇ
1118 2320 1190 2384 Γάδ
1200 2319 1290 2403 Σηὼν
1303 2323 1390 2404 βασι-

147 2401 217 2470 εἶπε.
231 2397 298 2468 δότε
310 2403 347 2468 τὸ
359 2405 479 2469 παιδίον
492 2409 531 2497 τῇ
541 2400 677 2488 εἶποάση,
687 2400 753 2469 δότε
785 2404 858 2479 λε’ως
875 2407 932 2469 τοῦ
944 2399 1072 2487 Ἐσεβάν
1097 2403 1150 2466 καί
1167 2400 1227 2479 Ὢγ
1245 2402 1390 2488 βασιλέως

148 2485 225 2580 αὐτῇ
238 2485 329 2564 αὐτὸ,
354 2490 405 2553 καί
417 2481 545 2572 θανάτῳ
555 2487 596 2571 μή
610 2477 754 2553 θάνατιό·
785 2491 841 2553 τοῦ
852 2484 971 2562 Βασάν,
984 2488 1034 2550 καί
1047 2484 1158 2566 Νασὲφ
1172 2486 1209 2560 είς
1222 2490 1252 2550 ἐν
1263 2491 1301 2580 γῇ
1313 2482 1391 2551 '105-

148 2595 218 2653 σητε
228 2568 314 2647 αὐτὸ,
325 2566 402 2655 αὕτη
413 2567 432 2654 ή
442 2567 536 2656 μήτηρ
548 2571 653 2637 αὐτοῦ.
667 2573 753 2637 28καὶ
785 2573 831 2638 δα.
872 2573 899 2613 ¹⁷
909 2565 1064 2650 Ἰωσαφάτ
1089 2567 1153 2644 υἱός
1172 2568 1339 2635 Φουασοόδ
1360 2575 1390 2635 ἐν

146 2652 278 2734 ήκουσαν
294 2659 354 2729 πᾶς
367 2651 492 2738 Ἰσραήλ
509 2652 545 2719 τὸ
559 2660 649 2740 κρίμα
662 2661 752 2720 τοῦτο
782 2649 931 2739 ’[σσάχαρ.
970 2655 999 2694 ²⁷
1011 2656 1061 2717 καί
1078 2648 1238 2736 ἐχορήγουν
1255 2658 1286 2718 σί
1298 2665 1391 2719 καθε-

147 2732 166 2798 5
179 2741 287 2820 ἔκρινεν
298 2733 316 2799 5
329 2735 475 2819 βασιλεὺς,
494 2733 545 2800 καί
558 2734 753 2822 ἐφοβήθησαν
784 2741 924 2819 σταμένοι
937 2732 1033 2811 οὕτως
1045 2741 1088 2818 τῷ
1101 2737 1218 2822 βασιλεῖ
1227 2733 1390 2819 Σαλωμιόν.

146 2815 210 2881 ἀπό
223 2812 385 2901 προςιόπου
400 2822 455 2881 τοῦ
466 2817 627 2902 βασιλέως,
651 2815 698 2882 ότι
712 2819 753 2883 εί·
784 2824 833 2885 καί
858 2815 959 2884 πάντα
983 2817 1024 2883 τά
1049 2820 1249 2902 διαγγέλματα
1269 2824 1320 2886 ἐπὶ
1338 2819 1392 2905 τήν

145 2900 197 2965 δον
222 2895 270 2965 ότι
295 2894 433 2984 φρόνησις
452 2903 528 2964 θεοῦ
545 2902 576 2963 ἐν
593 2898 678 2983 αὐτῷ
697 2906 752 2966 τοῦ
784 2903 930 2984 τράπεζαν
948 2906 1003 2965 τοῦ
1015 2903 1160 2988 βασιλέως
1174 2907 1298 2979 ἕκαστος
1310 2909 1391 2988 μῆνα

144 2994 240 3049 ποιεῖν
253 2983 412 3066 δικαίωμα.
784 2984 881 3050 αὑτοῦ
891 2983 928 3049 οὐ
938 2982 1183 3070 παραλλάσσουσι
1193 2986 1292 3065 λόγον.
1304 2990 1390 3055 28καί

335 3071 411 3128 ΚΕ
422 3070 468 3139 Φ.
505 3059 554 3128 Δ’.
784 3064 836 3144 τός
848 3067 956 3152 κριθάς
968 3070 1019 3132 καί
1036 3069 1196 3156 τόχάχυρον
1210 3082 1273 3147 τοῖς
1284 3077 1388 3147 ἵπποις

142 3114 229 3212 Καὶ
248 3135 285 3230 ήν
302 3144 320 3211 5
335 3147 472 3231 βασιλεὺς
489 3146 646 3252 Σαλωμών
658 3153 750 3252 βασι·
783 3156 833 3215 καὶ
850 3162 914 3233 τοῖς
931 3148 1057 3233 δι’ρμασιν
1072 3156 1146 3238 ήρον
1163 3160 1202 3230 εἷς
1220 3151 1273 3221 τόν
1292 3152 1389 3221 τόπον

142 3227 237 3297 λείων
249 3232 301 3316 ἐπί
311 3227 439 3336 Ἰσραήλ.
456 3232 533 3295 2καί
545 3257 632 3298 ουτοι
643 3232 750 3318 όιρχον·
782 3227 818 3298 οὗ
832 3235 868 3298 άν
884 3236 903 3327 ή
919 3233 937 3299 5
950 3224 1087 3320 βασιλεὺς
1104 3243 1230 3314 ἕκαστος
1245 3235 1323 3303 κατά
1333 3239 1389 3322 τήν

142 3321 236 3391 τεςοῖ
246 3315 320 3441 ήσαν
333 3320 427 3400 αυτῷ.
457 3314 595 3402 Ἀζαρίας
607 3312 671 3393 υίός
683 3324 748 3382 Σα·
781 3313 917 3396 σύνταξιν
930 3317 1033 3384 αὐτοῦ.
1047 3323 1131 3386 22ιιοιί
1142 3326 1241 3388 ταῦτα
1253 3320 1292 3386 τά
1304 3322 1388 3385 δεόν·

141 3394 210 3465 διόκ.
274 3397 381 3482 Ἐλιάφ
402 3402 454 3466 καί
473 3397 557 3484 Ἀχιά
579 3398 642 3477 υἱός
660 3403 749 3489 Σηβά
781 3407 876 3487 τατῴ
888 3401 1053 3486 Σαλωμιόν.
1080 3410 1111 3469 ἐν
1127 3401 1222 3492 ἡμέρᾳ
1233 3409 1288 3489 μιᾷ
1301 3399 1387 3490 τριά-

101 3498 103 3503 ’
139 3496 324 3569 γραμματεῖς.
354 3485 405 3551 καί
421 3482 575 3563 Ἰωσαφάτ
595 3484 658 3561 υίὸς
670 3485 749 3571 Ἀχι-
780 3511 870 3552 κοντα
882 3483 966 3573 κόροι
979 3484 1159 3570 σεμιδάλεως,
1181 3491 1233 3554 καί
1244 3488 1387 3572 ἑξήκοντα

140 3567 215 3633 λοὺδ
240 3562 470 3676 ἀναμιμνήσκων.
508 3566 589 3634 4καί
610 3574 749 3646 Βαναίας
779 3566 861 3656 κόροι
874 3568 1267 3658 ἇλεόρσυκεκοπανισμένου,
1293 3572 1322 3610 ²³
1335 3573 1387 3632 καί

140 3651 203 3725 υἱός
213 3650 318 3716 Ἰωδαό
330 3655 380 3716 ἐπι
388 3656 442 3735 τής
451 3647 607 3734 δυνάμεως.
621 3656 672 3718 καί
681 3659 747 3718 Σα·
777 3654 850 3719 δέκα
860 3651 965 3742 μόσχοι
981 3656 1129 3732 ἐκλεκτοί,
1154 3657 1205 3718 καί
1216 3654 1306 3716 εἴκοσι
1318 3645 1386 3731 βόες

139 3731 203 3796 δοόιι
217 3737 267 3796 καί
276 3731 423 3819 Ἀβιάθαρ
438 3739 529 3835 ἱερεῖς.
555 3733 747 3824 ὅιιαίὉρνία
777 3735 912 3821 νομάδες,
936 3743 986 3802 καί
1011 3735 1120 3803 ἑκατόν
1143 3733 1285 3821 πρόβατα
1301 3727 1387 3804 ἐκτός

139 3813 203 3889 υίὸς
221 3812 339 3879 Νάθαν
361 3820 411 3881 ἐπὶ
429 3842 491 3882 των
508 3824 744 3903 καθεσταμένων.
776 3817 896 3902 ἐλάφων
906 3817 1123 3902 καίδορκάδων
1132 3818 1274 3884 ἐκλεκτῶν
1287 3835 1384 3874 σιτευ-

138 3898 190 3959 ιιαί
201 3895 331 3982 Ζαβοίιθ
348 3897 411 3973 υίὸς
426 3895 544 3966 Νάθαν
557 3903 676 3983 ἑταῖρος
688 3907 744 3967 τοῦ
776 3901 825 3974 τά,
850 3900 882 3942 ²⁴
891 3897 939 3964 ὅτι
952 3902 988 4003 ήν
1000 3901 1100 3983 ι’ίρχων
1112 3904 1208 3978 πέραν
1220 3899 1275 3960 τοῦ
1286 3918 1385 3959 ποτα·

137 3978 290 4065 βασιλέως.
308 3980 515 4066 θκαίἈχισάρ
529 3970 566 4065 ήν
578 3980 680 4047 οἶκονό
701 4007 743 4055 ος.
774 3984 849 4062 μοῦ,
881 3983 932 4045 καί
951 4006 987 4064 ην
1004 3983 1087 4064 αὐτῷ
1106 3978 1203 4063 εἰρήνη
1221 3981 1252 4042 ἐκ
1264 3972 1385 4042 πάντων

137 4063 189 4124 καί
210 4057 312 4126 Ἐλιάκ
330 4059 347 4125 5
369 4059 531 4146 οἰκονόμος.
569 4067 620 4127 καί
641 4010 746 4149 Ἐλιᾶβ
776 4065 941 4147 τῶνμεροῖν
953 4060 1108 4128 κυκλόθεν.
1128 4064 1216 4127 29καί
1228 4063 1318 4126 ἔδωκε
1330 4058 1382 4125 κύ·

138 4141 203 4217 υίὸς
214 4139 287 4220 Σάφ
300 4145 351 4206 ἐπί
363 4149 415 4226 τής
428 4148 564 4228 πατριᾶς.
590 4142 744 4210 καίἈδω·
775 4169 838 4230 ριος
863 4141 1003 4229 φρόνησιν
1026 4152 1071 4228 τῷ
1087 4143 1243 4228 Σαλωμών
1262 4147 1314 4210 καί
1330 4173 1383 4211 σο-

137 4223 223 4309 νιράμ
249 4223 313 4298 υίὸς
333 4223 448 4290 Αὐδάν
472 4228 523 4290 ἐπί
546 4230 606 4290 τῶν
631 4222 742 4314 φόρων.
775 4234 847 4309 φίαν
871 4228 987 4313 πολλήν
1004 4226 1122 4314 σφόδρα
1142 4235 1192 4294 καὶ
1213 4226 1293 4315 χάμα
1310 4257 1384 4315 καρ-

138 4310 153 4352 7
164 4312 215 4373 καί
231 4312 275 4391 τῷ
288 4303 446 4390 Σαλωμάν
464 4303 579 4372 δυόδεκα
591 4321 743 4378 καθεστα·
774 4313 848 4388 δίας,
871 4308 941 4395 άςή
957 4313 1051 4398 ἅμμος
1065 4312 1084 4396 ή
1096 4312 1182 4397 παρὰ
1195 4315 1249 4398 τήν
1262 4310 1384 4380 θάλασ-

136 4393 220 4475 μένοι
233 4393 282 4456 ἐπί
293 4386 394 4493 πάντα
404 4386 537 4494 Ἰσραήλ,
553 4405 686 4493 χορηγεῖν
698 4401 743 4480 τῷ
775 4421 839 4462 σαν.
853 4397 940 4460 3θειαί
953 4392 1131 4480 ἐπληθύνθη
1141 4399 1298 4481 Σαλωμών
1311 4394 1383 4500 σρό·

134 4474 248 4560 βασιλεῖ
262 4478 313 4542 καί
330 4500 374 4561 τῳ
388 4476 462 4563 οἴκῳ
482 4499 591 4554 αυτου,
617 4482 694 4564 μῆνα
711 4484 742 4547 ἐν
774 4481 832 4567 δρα
858 4474 935 4565 ὑπὲρ
961 4480 1014 4565 τήν
1031 4479 1173 4565 φρόνησιν
1188 4479 1310 4549 πάντων
1327 4507 1384 4589 αρ-

1292 4587 1385 4650 καίων
