2924 4972
173 226 240 298 που
475 219 705 284 ΗΣΑῙΑΣ
746 215 1106 305 [παραπμμπθεν.

166 342 221 421 γῆν
234 333 289 409 τάς
300 339 447 419 μαχαίρας
460 330 570 408 αὐτῶν,
583 334 634 396 καί
646 330 688 408 ὡς
701 329 774 417 φρά-
806 330 928 407 αὐτοίις,
953 330 1068 397 18σίλλόι
1080 328 1190 407 ἇνοίξω
1205 331 1334 395 ἐπὶτῶν
1347 329 1417 417 ὀρί-

167 445 244 501 γανα
256 420 404 500 ἐξωσμίνα
417 412 457 480 τά
469 414 544 490 τόξα
560 414 669 480 αὐτῶν.
704 416 776 482 2καί
806 439 848 479 ων
868 413 1042 496 ποταμοὺς,
1076 414 1127 478 καί
1149 417 1180 478 ἐν
1203 416 1283 495 μέσῳ
1303 415 1419 480 πεδίων

168 500 303 579 διάξεται
318 499 439 572 αὐτοὺς,
464 494 639 563 διελεύσεται
653 495 775 585 ἐνείρή-
805 501 912 581 πηγάς.
947 494 1065 582 ποιήσω
1088 493 1143 581 τήν
1169 499 1277 581 ἔρημον
1298 501 1339 572 είς
1363 500 1418 581 ἑλη

169 613 205 668 νη
226 581 245 669 ή
269 580 337 657 ὁδός
361 585 423 645 τῶν
443 580 547 645 ποδῶν
570 579 675 647 αὐτοῦ.
700 583 775 656 4τίς
807 577 935 658 ὑδάτων,
947 582 1000 646 καί
1021 580 1076 664 τήν
1094 580 1235 663 διψῶσαν
1251 582 1306 663 γῆν
1325 583 1359 645 ἐν
1378 577 1416 645 6-

169 658 317 753 ἐλήργησε,
329 666 381 730 καί
394 668 513 747 ἐποίησε
531 670 630 729 ταῦτα
634 693 646 742 ,·
672 661 772 729 ἐκάλι-
806 665 980 764 δραγωγοῖς.
1006 665 1035 706 ¹⁹
1046 659 1137 746 θήσω
1154 667 1194 738 είς
1210 661 1265 747 τήν
1280 662 1416 750 ἄνυδρον

169 777 217 818 σεν
231 748 325 832 αὐτὴν
338 746 355 812 6
368 747 469 812 καλῶν
485 744 580 830 αὐτὴν
592 745 655 813 ἀπὸ
667 752 774 824 γενεῶν
805 772 861 831 γην
887 748 992 833 κέδρον
1009 748 1062 811 καί
1082 742 1190 824 πάξον,
1206 751 1345 830 μυρσίνην
1363 750 1417 812 καί

168 834 268 921 ἀρχῆς.
292 831 350 909 ἐγώ
368 827 439 905 θεὸς
454 835 584 915 πρῶτος,
609 833 661 895 καί
678 834 718 904 είς
733 827 774 896 τά
806 826 993 916 κυπάρισσον
1004 833 1057 894 καί
1068 828 1183 913 λεύκην.
1220 831 1251 872 ²⁰
1265 833 1315 894 ίνα
1329 831 1415 895 ἰδωσι

169 912 346 1000 ἐπερχόμενα
363 909 423 990 ἐγιό
444 917 507 995 εἶμι.
539 914 686 979 6είδοσαν
701 915 774 998 ἔθνη
806 916 857 978 καί
866 919 969 990 γνῶσι,
978 913 1031 976 καὶ
1039 913 1204 996 ἐννοηθῶσι
1213 914 1417 978 καίέπιστῶν-

168 1003 218 1066 καί
231 994 434 1084 ἐφοβήθησαν,
446 996 486 1061 τὰ
498 994 577 1082 άιιρα
589 1001 640 1080 της
650 999 705 1081 γῆς
717 995 773 1081 ἤγ-
805 1019 855 1060 ται
867 993 941 1079 ἅμα,
959 991 1007 1060 ότι
1018 997 1079 1081 χείρ
1091 1001 1193 1099 κυρίου
1205 999 1327 1079 ἐποίησε
1339 1000 1415 1061 ταῦ-

167 1106 264 1163 γισαν,
287 1083 338 1145 καί
354 1073 454 1164 η”λθσν
466 1077 529 1163 ἅμα
556 1082 692 1164 θκρίνων
703 1083 775 1144 ἕκα-
805 1103 855 1154 τα,
867 1080 919 1144 καί
937 1075 954 1143 6
969 1075 1054 1157 άγισς
1073 1081 1130 1142 τοῦ
1146 1076 1264 1180 Ισροιήλ
1282 1081 1416 1146 κατέδα-

169 1192 240 1241 στος
252 1169 297 1248 τῷ
308 1164 443 1247 πλησίον,
448 1165 499 1228 καί
510 1167 555 1246 τῷ
568 1160 689 1266 άδελψῷ
700 1166 774 1248 βοη·
805 1163 859 1238 ξεν.
899 1164 928 1203 ²¹
951 1165 1055 1240 ἐγγίζει
1076 1158 1095 1246 ή
1117 1167 1211 1247 κρίσις
1233 1166 1329 1245 υμῶν,
1339 1163 1417 1241 λέγει

167 1255 282 1334 θήσαι,
302 1249 355 1312 καί
372 1249 439 1332 ἐρεῖ.
473 1248 487 1288 ⁷
502 1247 616 1331 ἴσχυσεν
633 1243 708 1331 ανὴρ
726 1251 773 1311 τί·
806 1240 937 1329 κάριοςὸ
955 1239 1034 1321 θεός.
1062 1244 1184 1329 ἤγγισαν
1201 1248 1236 1309 αἱ
1253 1245 1369 1331 βουλαί
1382 1244 1417 1311 6-

167 1359 256 1409 κτων,
274 1332 326 1396 καί
336 1327 459 1415 χαλκεὺς
475 1325 597 1394 τύπτων
610 1327 692 1415 σψόρ
713 1326 774 1404 ,ά-
805 1333 877 1409 μων,
890 1327 966 1406 λέγει
978 1326 996 1393 6
1008 1327 1144 1414 βασιλεὺς
1153 1323 1272 1415 Ἰακώβ.
1301 1332 1416 1409 22ἐγγι-

167 1444 210 1502 μα
224 1415 364 1480 ἐλαύνων.
387 1413 461 1478 πότε
471 1411 524 1497 μὲν
536 1415 604 1499 ἐρεῖ,
618 1357 775 1498 σόμβλημα
807 1407 957 1488 σάτωσαν,
973 1413 1025 1476 καί
1037 1407 1298 1490 άναγγειλάτωσαν
1313 1411 1415 1497 fiper&

167 1496 262 1565 καλόν
272 1501 360 1570 ἐστιν,
371 1494 541 1581 ίσχόρωσαν
550 1493 631 1561 αὐτὰ
641 1500 672 1560 ἐν
682 1493 773 1579 ήλοις,
806 1490 998 1580 συμβήσεται,
1021 1494 1041 1578 ἢ
1060 1495 1099 1559 τὰ
1116 1491 1265 1598 πρότερον
1282 1502 1353 1561 τίνα
1368 1488 1413 1580 ἦν,

98 1628 100 1632 =
167 1578 314 1665 θήσουσιν
326 1576 421 1653 αιίτδι,
439 1579 492 1641 καί
502 1576 539 1642 οὗ
552 1573 772 1662 κινηθήσονται.
805 1578 917 1652 εἴπατε,
930 1580 981 1645 καί
993 1575 1185 1661 ἐπιστήσομεν
1195 1603 1248 1642 τον
1261 1583 1350 1654 νοῦν,
1363 1584 1414 1645 καί

168 1667 184 1710 ⁸
199 1663 235 1730 σὺ
249 1662 282 1727 δὲ
290 1660 415 1746 Ἰσραήλ
429 1672 500 1735 παῖς
511 1687 570 1744 μου
578 1659 700 1748 Ἰακὼβ,
723 1663 775 1726 καί
804 1660 987 1744 γνωσόμεθα
998 1667 1029 1724 τί
1037 1659 1077 1726 τά
1086 1665 1199 1745 ἔσχατα
1208 1662 1262 1726 καὶ
1272 1659 1313 1727 τά
1326 1665 1414 1748 ἐπερ-

169 1745 203 1814 δν
216 1740 383 1827 ἐξελεξάμην
396 1746 512 1828 σπέρμα
520 1741 667 1832 Ἀβραάμ,
693 1741 773 1828 δνή-
805 1741 921 1845 ηόμενα.
953 1747 1052 1809 είπατε
1070 1741 1152 1828 ήμῖν,
1177 1745 1207 1787 23
1220 1742 1411 1822 άναγγείλατε

168 1825 301 1912 γάπησα.
320 1819 379 1892 ⁹06
392 1825 591 1914 άντελιεβόμην
603 1826 654 1893 ἄπ’
671 1826 774 1913 άκρων
807 1839 875 1910 ημῖν
890 1823 1110 1934 νὰέννερψόμενα
1126 1825 1171 1893 ἐπ’
1192 1824 1330 1912 ἐσχάτου,
1356 1832 1411 1894 καί

168 1919 221 1997 τῆς
239 1916 303 1996 γῆς,
329 1912 380 1975 καί
398 1914 430 1973 ἐκ
453 1917 514 1976 τῶν
532 1916 665 1977 σκοπιῶν
680 1911 773 1985 aar}
804 1921 981 1993 γνωσομεθα
994 1909 1041 1976 ότι
1053 1916 1125 1975 θεοί
1135 1914 1209 1975 ἐστι.
1237 1909 1412 1994 εὖποιήσατε

168 1991 294 2061 ἐκάλεσά
306 2018 347 2068 σε,
360 1997 411 2058 καί
424 1991 493 2057 είπά
508 2019 567 2068 σοι,
586 2004 659 2068 παῖς
669 2020 726 2077 μου
736 1938 772 2069 ελ,
805 1996 857 2058 καὶ
867 1990 1033 2071 κακάσατε,
1046 1996 1098 2059 καί
1108 1992 1341 2076 θαυμασόμεθα,
1360 2001 1413 2063 καί

169 2075 337 2161 ἐξελεξάμην
349 2075 515 2151 σε,καίούκ
529 2072 721 2154 ἐγκατέλιπόν
733 2101 771 2142 σε.
806 2072 950 2159 ὀψόμεθα
971 2073 1034 2160 άμα
1059 2076 1091 2120 ²⁴
1105 2076 1153 2142 ὅτι
1169 2073 1267 2143 πόθεν
1288 2077 1356 2144 ἐστὲ
1375 2077 1411 2144 6·

168 2159 248 2245 2ομή
265 2163 376 2246 φοβοῦ,
398 2158 471 2241 μετά
490 2165 547 2225 σοῦ
562 2155 622 2244 γάρ
641 2164 706 2242 είμι,
730 2156 772 2262 μή
804 2172 875 2241 μεῐς,
893 2161 944 2225 καί
961 2157 1061 2227 πόθεν
1080 2158 1099 2245 ή
1117 2164 1242 2246 ἐργασία
1261 2158 1352 2244 ὑμῶν.
1378 2167 1412 2227 ἐκ

168 2244 286 2310 πλανῶ.
312 2241 371 2320 ἐγὼ
388 2240 446 2328 γάρ
463 2247 518 2325 είμι
536 2241 554 2307 6
572 2238 644 2318 θεός
660 2269 727 2318 σου,
753 2268 771 2306 ο
803 2246 857 2327 γῆς
868 2243 1016 2328 βδέλυγμα
1029 2245 1193 2322 ἐξελέξαντο
1204 2242 1287 2328 ὑμᾶς.
1316 2246 1410 2323 25ἐγώ

168 2325 321 2412 ἐνισηόσας
343 2351 383 2401 σε,
393 2328 444 2392 καί
465 2322 620 2414 ἐβοήθησά
640 2352 701 2401 σοι,
721 2328 773 2391 καί
805 2326 838 2390 δὲ
857 2327 960 2415 ἤγειρα
981 2327 1036 2394 τὸν
1059 2326 1123 2395 άπὸ
1147 2331 1265 2415 Βορῥᾶ,
1283 2334 1335 2394 καί
1355 2327 1410 2394 τὸν

168 2408 379 2514 ἠσφαλισάμην
401 2436 433 2476 σε
453 2415 492 2504 τῇ
513 2411 592 2493 δεξιᾷ
610 2414 649 2502 τῇ
671 2411 771 2493 δικαία
804 2407 855 2493 ἀφ’
871 2408 959 2496 ήλίσυ
973 2409 1138 2478 ἆνατσλῶν.
1151 2411 1352 2495 κληθήσονται
1365 2417 1410 2495 τῷ

168 2520 234 2578 μου.
265 2497 290 2536 ¹¹
304 2496 368 2559 ἐδου
386 2489 637 2578 αἰοχυνθήσσνται
656 2493 708 2557 καὶ
725 2496 772 2556 ἐν·
804 2489 929 2576 ὀνόματί
946 2521 1014 2577 μου.
1046 2498 1237 2580 ἐρχέσθωσαν
1258 2494 1410 2577 ἄρχοντες,

168 2572 375 2665 τραπήσονται
398 2577 505 2653 πάντες
528 2581 559 2642 σί
584 2575 774 2659 άντικείμενσί
803 2580 854 2641 καί
867 2575 1015 2660 ὡςπηλὸς
1027 2579 1178 2662 κεραμέως,
1196 2578 1249 2639 καί
1261 2573 1303 2649 ὡς
1315 2602 1411 2680 κερα-

169 2688 226 2738 σοι,
254 2663 370 2726 ἔσονται
391 2660 450 2747 γὰρ
473 2658 582 2735 ὡςοάκ
605 2659 695 2736 όντες,
720 2662 772 2723 καί
803 2657 870 2741 μεέις
894 2667 1077 2728 καταπατων
1100 2657 1152 2724 τόν
1176 2656 1284 2741 πηλὸν,
1322 2660 1410 2726 οὕτω

168 2744 353 2811 ἀπολοῦνται
369 2742 479 2818 πάντες
492 2749 523 2807 οἱ
540 2744 686 2809 ἀντίδικοί
705 2769 769 2808 σου.
803 2743 1106 2831 καταπατηθήσεσθε.
1132 2744 1162 2786 ²⁶
1175 2748 1220 2819 τίς
1237 2742 1294 2827 γὰρ
1313 2741 1410 2823 ἀναγ-

168 2833 195 2871 12
208 2823 335 2909 ζητήσεις
356 2825 477 2901 αὐτοὺς,
502 2828 554 2890 καὶ
571 2825 608 2890 οὐ
627 2826 667 2909 μή
686 2823 771 2912 εἶν’ρης
801 2827 974 2906 γελεῒτδιέξ
996 2828 1098 2916 ἀρχῆς,
1116 2832 1166 2892 ίνα
1182 2832 1293 2934 γνῶμεν
1305 2831 1358 2893 καί
1370 2828 1409 2893 τά

168 2908 239 2984 τοὺς
252 2904 431 2994 ἀνθρώπους
448 2905 720 2995 σῖπαροινήσσυσιν
732 2897 771 2986 ε’ίς
803 2914 987 2997 ἔμπροσθενς
1014 2917 1067 2978 καί
1085 2915 1221 2996 ἐροῦμεν,
1238 2909 1286 2976 ότι
1305 2910 1344 2976 άλ
1366 2917 1408 3016 θή

167 2998 209 3061 σέ.
228 2994 344 3058 ἔσονται
356 2988 413 3077 γάρ
426 2990 467 3068 ὡς
481 2989 536 3058 οὐκ
549 2991 638 3068 ὄντες,
651 2994 703 3058 καί
713 2992 769 3057 οὐκ
802 2998 888 3059 ἐστιν.
915 2993 970 3060 σείκ
986 2999 1068 3062 ἐστιν
1085 2994 1103 3060 6
1120 2996 1287 3076 προλέγων,
1307 2940 1377 3060 οὐδὲ
1390 3023 1408 3061 ο

167 3081 284 3142 ἐσονται
297 3085 328 3139 οἱ
338 3074 603 3159 ἆντιπολεμσῦντές
616 3101 656 3141 σε.
682 3073 770 3141 13ότι
802 3075 921 3142 ἇκσίων
937 3075 1019 3162 ὑμῶν
1036 3076 1106 3153 τοὺς
1125 3075 1240 3155 λόγους.
1274 3081 1304 3121 ²¹
1316 3077 1410 3164 ἀρχήν

166 3158 225 3236 ἐγὼ
238 3156 256 3222 6
268 3156 340 3231 θεός
354 3183 422 3232 σου,
443 3157 460 3222 6
480 3165 599 3241 κρατῶν
611 3166 663 3244 τῆς
676 3161 770 3235 δεξιᾶς
801 3159 880 3225 Σιών
892 3160 990 3237 διόσω,
1004 3158 1255 3246 καὶἹερσυοαλήμ
1268 3189 1410 3244 παρακα·

166 3266 234 3317 σου,
255 3238 272 3304 6
295 3241 389 3319 λέγων
401 3267 459 3316 σοι,
474 3241 513 3324 μή
538 3246 635 3327 φοβοῦ
662 3243 767 3309 14Ἰα-
801 3243 876 3308 λίσω
888 3248 927 3317 είς
939 3241 1018 3308 ὁδόν.
1032 3241 1133 3307 22άπό
1145 3241 1205 3327 γάρ
1220 3250 1283 3309 τῶν
1297 3249 1408 3322 ἐθνῶν,

165 3324 229 3413 κώβ
241 3322 397 3404 ὀλιγοστὸς
407 3322 543 3411 Ἰσραήλ,
566 3323 623 3403 ἐγώ
638 3327 770 3413 ἐβοήθη-
802 3325 865 3391 ἰδοὺ
888 3325 990 3402 οὐδείς.
1029 3327 1079 3389 καί
1101 3323 1163 3388 άπὸ
1191 3330 1253 3389 τῶν
1275 3327 1410 3395 εἰδώλων

165 3407 206 3476 σά
219 3437 274 3486 σοι,
288 3411 364 3488 λέγει
378 3407 395 3474 6
408 3411 479 3486 θεός
498 3436 563 3485 σου,
577 3405 595 3474 6
609 3408 768 3495 λυτροόμε·
801 3408 900 3475 αὐτῶν
915 3409 970 3475 οὐκ
989 3398 1025 3492 ἦν
1037 3404 1055 3473 6
1069 3404 1269 3485 ἀναγγέλλων.
1289 3414 1343 3475 καί
1356 3413 1409 3478 ἐὰν

164 3490 214 3569 νός
235 3520 267 3560 σε
286 3489 418 3578 Ἰσραήλ.
453 3495 481 3538 ¹⁵
495 3491 561 3559 ἰδοὺ
584 3494 714 3577 ἐποίησά
737 3519 768 3559 σε
802 3489 943 3580 ἐρωτήσω
961 3488 1072 3567 αιἰτοάς
1089 3486 1189 3558 πόθεν
1202 3495 1287 3571 ἐστέ,Ι
1315 3494 1351 3560 οὗ
1364 3495 1407 3579 μή

165 3573 207 3650 ὡς
218 3576 342 3660 τροχοὺς
356 3571 467 3660 ἁμάξης
485 3576 637 3650 ἆλοῶντας
649 3577 768 3652 καινοὺς
801 3576 997 3664 άποκριθῶσί
1011 3603 1070 3660 μοι.
1097 3578 1127 3618 22
1141 3578 1197 3642 εἰσί
1213 3575 1253 3655 γά
1293 3582 1405 3642 σίπσι-

163 3660 398 3742 πριστηροειδείς,
413 3663 464 3725 καί
475 3655 608 3742 άλοήοεις
626 3658 691 3743 ὄρη,
717 3663 768 3725 καί
800 3665 900 3738 οῦντες
914 3659 996 3745 ὑμᾶς,
1015 3663 1067 3725 καί
1078 3657 1175 3743 μάτην
1188 3663 1219 3724 σί
1235 3604 1406 3734 πλανῶντες

163 3738 313 3816 λεπτυνεΐς
329 3740 470 3828 βουνοὺς,
488 3745 538 3807 καί
557 3739 598 3817 ὡς
608 3749 694 3824 χνοῦν
704 3739 767 3847 θή-
800 3741 883 3826 ὑμᾶς.

164 3847 222 3896 σεες
250 3825 278 3866 ¹¹
291 3827 342 3888 καὶ
358 3824 510 3908 λικμήσεις,
530 3828 582 3891 καί
594 3825 699 3910 άνεμος
712 3826 766 3911 λη·
816 3834 829 3860 ⁹
969 3833 1001 3892 Κ
1014 3835 1044 3891 E
1058 3832 1096 3891 Φ.
1139 3821 1231 3893 ΜΒ’.

162 3922 253 3985 ψεται
272 3904 381 3980 αὐτοὺς
402 3910 453 3972 καί
470 3911 603 3987 καταιγὶς
621 3910 770 3996 διασπερεῖ
799 3878 928 3994 Ῑακόνβ
939 3910 957 3976 6
969 3923 1041 3987 παῖς
1053 3936 1120 3993 μου,
1133 3903 1333 3991 άντιλήψσμαι
1348 3907 1407 3974 αὖ·

164 3982 283 4060 αὐτούς.
321 3987 356 4053 σὺ
381 3989 413 4054 δὲ
435 3989 629 4084 εὖψρανθήση
651 3996 681 4056 ἒν
702 4005 767 4069 τοῖς
797 3999 864 4059 τοῦ.
889 3994 1011 4097 Ἰσραήλ
1030 3992 1054 4095 ὁί
1067 3988 1198 4068 ἐκλεκτός
1214 4016 1284 4095 μου)
1297 4017 1407 4076 προςε-

162 4065 259 4146 ἁγίοις
269 4067 402 4154 Ἰσραήλ.
429 4072 766 4151 12καίοίγαλλιόσονται
798 4078 906 4154 δέξατο
927 4104 1022 4142 αυτον
1040 4104 1058 4160 η
1077 4073 1158 4183 ψυηή
1177 4101 1244 4159 μου,
1256 4076 1358 4142 ἔδωκα
1369 4075 1406 4141 τό

163 4156 196 4216 σί
211 4153 328 4236 πτωχοί
350 4157 400 4217 καί
423 4161 454 4219 σί
476 4159 582 4231 ἐνδεεῖς.
608 4155 764 4240 ζητ’σουσι
796 4156 913 4244 πνεῦμά
937 4187 996 4244 μου
1022 4157 1066 4226 ἐπ’
1096 4161 1199 4237 αυτόν,
1223 4165 1318 4244 κρίσιν
1343 4173 1406 4235 τοῖς

161 4231 219 4318 γάρ
239 4231 335 4320 ίίδωρ,
352 4237 403 4299 καί
419 4238 474 4302 οὐκ
492 4243 591 4314 ἐσται,
608 4237 627 4323 ή
644 4185 764 4317 γλῶσσα
799 4248 915 4310 ἔθνεσιν
927 4246 1042 4322 ἔξοίσει,
1067 4247 1082 4286 ²
1096 4245 1133 4309 οὐ
1146 4239 1326 4330 κεκράξεται,
1335 4242 1406 4309 οὐδὲ

160 4315 263 4418 αήτῶν
276 4317 339 4384 ἀπὸ
353 4323 404 4399 τῆς
416 4321 507 4425 δίψης
520 4317 677 4407 ἐξηράνθη.
705 4322 763 4404 ἐγω
797 4324 907 4412 άνήσει,
920 4326 990 4394 οὐδὲ
1002 4324 1224 4411 ἀκουσθήσεται
1237 4329 1295 4402 ἔξω
1309 4325 1327 4410 ή
1340 4352 1406 4409 ψω-

159 4427 259 4507 κυρεος
283 4399 300 4467 ό
323 4400 411 4479 θεὸς,
434 4406 492 4482 ἐγω
515 4403 723 4491 ἐπακοόσομαι
746 4407 763 4474 6
797 4409 832 4515 νή
856 4409 963 4476 αὐτοῦ.
1011 4407 1177 4495 3κάλαμον
1198 4408 1407 4512 τεθλασμένσν

158 4496 230 4562 θεος
247 4484 383 4572 Ἰσραήλ,
405 4492 456 4555 καὶ
479 4485 534 4556 οὐκ
556 4490 764 4579 ἐγκαταλείψω
796 4520 833 4560 συ
846 4501 1013 4581 συντρίψει,
1038 4497 1090 4560 καί
1101 4494 1186 4561 λίνον
1196 4495 1408 4600 καπνιζσμενοη

1371 4605 1409 4644 σν
