2924 4972
312 233 685 297 πιππΛσΑιου
711 235 918 295 πνσνστ
958 228 1137 309 πηνα.
1196 188 1199 192 ’
1281 234 1346 301 959

107 385 168 432 ους.
195 363 225 421 οῖ
236 359 268 422 δὲ
282 358 384 421 λοιποί
400 360 509 430 ἔφυγον
527 358 565 424 είς
576 360 631 432 γην
645 358 709 412 (θν-
745 352 798 421 τὰς
810 349 1069 448 καταλειφθείσας,
1096 351 1147 410 καί
1160 347 1273 430 άπῆρεν
1286 343 1350 409 ἀπὸ

105 442 236 523 λιστιείμ.
263 441 291 481 ²⁵
305 439 356 501 καὶ
372 434 481 518 ἤρξατο
495 431 513 497 ὁ
527 428 620 518 φόβος
630 430 709 496 Ἰού·
741 429 916 512 Ἀντιοχείας
926 427 990 492 απὸ
1004 427 1122 501 πόλεως
1130 415 1281 514 βασιλείας
1295 427 1352 494 αδ-

107 526 145 589 δα
158 528 208 588 καὶ
220 517 279 586 τῶν
289 517 424 596 ἀδελφῶν
434 515 529 581 αὐτοῦ
539 518 589 582 καὶ
604 513 621 598 ἤ
634 509 707 578 πτύ
745 517 812 589 τοῦ,
825 516 910 586 ἔτους
939 508 1066 596 ἑβδόμου
1090 515 1141 574 καί
1166 537 1352 599 τεσσαρακο-

107 633 171 690 ησις
183 609 348 667 ἐπιπίπτειν
360 602 409 664 ἐπὶ
421 598 460 663 τά
473 604 547 683 έθνη
560 599 599 663 τὰ
611 597 710 678 κύκλῳ
747 601 820 661 στοῦ
844 598 895 659 καὶ
921 597 1095 659 ἑκατοστοῡ.
1123 597 1174 657 καί
1199 597 1352 681 διεπέρασε

107 687 217 753 αὐτων.
242 686 329 748 26καί
347 681 459 767 ἤγγισεν
478 687 533 756 ἕως
551 681 606 746 τοῦ
623 686 709 766 βασι·
747 678 799 744 τὸν
823 673 986 762 Εὐφράτην
1007 675 1158 756 ποταμὸν,
1176 681 1226 744 καί
1249 679 1353 742 διεπο-

107 771 181 843 λέως
195 766 230 832 τὸ
245 765 337 849 ὄνομα
355 765 466 838 αὐτοῦ,
492 767 543 829 καί
563 760 637 848 ὑπὲρ
651 764 710 827 τῶν
747 756 847 843 ρεύετο
861 761 915 835 τὰς
928 757 1032 826 ἐπάνω
1044 756 1151 844 χώρας.
1179 762 1208 803 33
1220 763 1272 826 καί
1284 765 1353 825 έπέ-

107 847 301 935 παρατάξεων
316 845 419 914 Ἰούδα
437 851 565 930 ἐξηγεῖτο
582 853 644 911 πᾶν
655 849 712 910 ἔθ-
748 847 806 920 λεξε
819 850 935 918 Λυσίας
948 843 1140 926 Πτολεμαῖον
1153 841 1207 909 τὸν
1221 848 1353 929 Δορυμέ-

108 960 165 1008 νος.
191 936 220 976 ²⁷
234 930 275 1008 ὡς
287 932 319 997 δὲ
333 932 453 1016 ἤκουσεν
467 928 612 1014 Ἀντίοχος
624 927 642 993 ὁ
655 934 712 1016 βα-
747 954 815 1002 νσυς
833 929 884 992 καὶ
899 922 1063 1011 Νικάνορα
1080 932 1131 990 καὶ
1148 932 1282 1014 Γοργίαν
1300 927 1354 992 άν-

111 1014 205 1093 σιλεύς
217 1014 288 1090 τούς
302 1010 406 1093 λύγους
418 1009 558 1089 τούτους,
576 1013 711 1098 ὠργίσθη
749 1013 820 1095 δρας
837 1007 983 1084 δυνατούς
1002 1015 1063 1074 τῶν
1083 1010 1179 1088 φίλων
1197 1016 1251 1074 τοῦ
1265 1015 1353 1096 βασι-

109 1106 206 1184 θνμῷ.
240 1101 291 1162 καὶ
315 1096 466 1162 ἀπέστειλε
490 1099 542 1161 καί
567 1092 711 1181 συνῆγαγε
749 1096 832 1168 λέως.
870 1094 901 1136 33
915 1095 965 1158 καί
990 1091 1146 1157 ἀπέστειλε
1168 1091 1226 1197 μετ’
1253 1091 1353 1158 αὐτῶν

108 1183 163 1257 τὰς
175 1178 308 1265 δυνάμεις
320 1176 420 1254 πάσας
429 1184 481 1263 τῆς
493 1180 642 1265 βασιλείας
656 1178 709 1243 αὐ·
749 1171 971 1259 τεσσαράκοντα
1000 1175 1133 1260 χιλιάδας
1160 1179 1276 1260 ανδρων
1303 1181 1355 1244 καὶ

109 1270 182 1340 τοῦ,
219 1262 410 1351 παρεμβολῆν
435 1262 557 1347 ἰσχυρὰν
583 1258 710 1347 σφόδρα.
749 1260 965 1360 ῖπτακιςχιλίαν
995 1264 1100 1336 ἵππον,
1114 1265 1169 1325 τοῦ
1195 1261 1295 1325 ἐλθεῖν
1315 1265 1354 1335 είς

111 1349 140 1389 ²⁸
153 1350 203 1412 καί
216 1346 312 1431 ἤνοιξε
329 1345 365 1412 τὸ
377 1342 594 1426 γαζοφυλάκιον
608 1345 711 1420 αὐτοῦ,
748 1347 802 1428 γην
826 1341 927 1407 Ἰσυδα
952 1345 1003 1407 καί
1028 1354 1231 1427 καταφθεῖραι
1257 1343 1354 1428 αύτῆν

110 1433 160 1496 καί
173 1432 279 1495 ἔδωκεν
288 1425 409 1514 ὀψώνια
420 1439 484 1502 ταῖς
494 1425 643 1510 δυνάμεσιν
655 1424 711 1491 αὖ·
749 1424 828 1490 κατά
842 1425 895 1490 τὸν
908 1422 998 1504 λόγον
1011 1431 1067 1490 τοῦ
1079 1427 1231 1511 βασιλέως.
1257 1427 1290 1471 ⁴⁰
1303 1429 1354 1491 καί

109 1519 165 1579 τοῦ
178 1519 216 1588 είς
230 1511 372 1578 ἐνιαυτόν.
399 1514 450 1576 καὶ
466 1513 627 1576 ἐνετείλατο
639 1509 712 1574 εἶναι
750 1509 871 1614 ἀπῇραν
890 1509 943 1575 σύν
961 1506 1045 1597 πάση
1063 1514 1101 1602 τῇ
1118 1506 1236 1593 δυνάμει
1255 1507 1355 1576 αὐτῶν

111 1595 220 1671 αὐτοὺς
246 1598 380 1678 ἑτοίμους
409 1599 448 1668 εἰς
478 1598 580 1659 πᾶσαν
603 1599 710 1679 χρείαν.
750 1601 800 1658 καί
822 1592 924 1679 ηλθσν.
950 1596 1002 1658 καί
1013 1592 1214 1678 παρενέβαλον
1226 1594 1352 1675 πλησίον

110 1682 141 1722 ²⁹
155 1681 206 1744 καὶ
222 1678 294 1744 εἶδεν
317 1675 364 1743 ὁτι
387 1676 498 1753 ἐξέλιπε
519 1676 555 1741 τὸ
573 1673 712 1762 ἀργύριον
747 1676 903 1761 Ἐμμαοὸμ
916 1679 947 1742 ἐν
963 1681 1000 1769 τῇ
1012 1681 1053 1761 γῇ
1065 1681 1104 1769 τῇ
1113 1677 1224 1766 πεδινῇ.
1261 1678 1290 1718 ⁴⁴
1304 1675 1368 1754 md¹

112 1762 175 1826 ἀπὸ
192 1767 253 1827 των
265 1773 367 1844 θησαν
387 1766 438 1825 ὧν.
465 1763 516 1824 καὶ
533 1765 563 1826 οἱ
579 1758 712 1845 φορολό-
751 1759 883 1842 ἤκουσαν
903 1763 933 1823 οῖ
945 1763 1071 1843 ἔμποροι
1089 1764 1140 1844 τῆς
1152 1757 1249 1844 χώρας
1268 1759 1303 1823 τὸ
1319 1759 1355 1825 ά-

111 1871 159 1922 γοι
172 1850 224 1929 τῆς
235 1841 333 1931 χώρας
350 1787 457 1922 ὀλίγοι,
466 1840 553 1953 χάριν
567 1849 618 1928 της
631 1845 713 1928 διχο·
751 1869 827 1926 νομα
853 1841 965 1916 αὐτῶν,
992 1845 1043 1906 καὶ
1070 1842 1185 1927 ἔλαβον
1210 1841 1352 1927 ἀργύριον

112 1935 238 2004 στασίας
255 1931 306 1992 καὶ
325 1927 440 2012 πληγῆς
458 1954 491 2011 ης
504 1923 713 1992 κατεσκεύασεν
750 1929 800 1992 καί
812 1931 932 2034 χρυσίον
942 1924 1021 1990 πολὺ
1041 1921 1159 2009 σφόδρα
1172 1927 1223 1989 καί
1234 1927 1353 2000 παῖδας.

111 2013 142 2076 έν
153 2018 192 2105 τῆ
205 2015 254 2102 γῇ,
280 2015 336 2077 τοῦ
347 2011 418 2096 ἆραι
431 2009 469 2076 τὰ
482 2007 589 2092 νόμιμα
601 2006 622 2074 ὁὶ
636 2001 712 2093 ἤσαν
751 2012 802 2074 καί
817 2011 916 2094 ηλθον
943 2013 982 2083 εἰς
1008 2007 1062 2092 τῆν
1086 2007 1276 2095 παρεμβολὴν
1298 2014 1355 2073 τοῦ

112 2092 163 2174 ἀφ’
185 2092 298 2178 ἤμερῶν
316 2099 376 2159 τῶν
393 2090 530 2179 πρώτων.
556 2096 588 2138 ³⁰
598 2095 650 2159 καί
666 2092 713 2158 εύ-
751 2094 851 2170 λαβεῖν
864 2093 933 2168 τοὺς
947 2092 1033 2168 υἱούς
1047 2090 1170 2177 Ἰσραῆλ
1183 2099 1221 2168 εἰς
1233 2094 1353 2168 παῖδας.

112 2172 232 2260 λαβῆθη
245 2176 284 2258 μῆ
304 2176 358 2239 οὐκ
376 2180 425 2267 έχη
444 2175 484 2251 ὡς
504 2174 586 2250 ἅπαξ
605 2180 657 2241 καί
669 2179 713 2249 δὶς
751 2180 802 2241 καί
814 2179 1036 2260 προςετέθησαν
1051 2177 1129 2256 πρὸς
1142 2175 1253 2250 αύτούς
1265 2173 1354 2241 δύνα-

113 2265 150 2333 είς
164 2257 216 2331 τάς
229 2253 365 2330 δαπάνας
377 2257 478 2322 καὶτὰ
491 2254 607 2337 δόματα
619 2255 641 2322 ἃ
654 2260 712 2322 ἐδί-
750 2285 797 2337 μις
810 2265 923 2341 Συρίας
935 2261 986 2320 καὶ
997 2262 1050 2340 γῆς
1063 2255 1253 2338 ἀλλοφύλων.
1267 2258 1298 2298 ⁴²
1304 2261 1356 2322 καί

112 2344 166 2406 δον
179 2339 468 2423 ε”μπροσθενδαψιλεῖ
482 2342 568 2423 χειρὶ,
581 2342 632 2404 καὶ
645 2344 710 2404 ἒπε-
751 2340 823 2405 εἶδεν
840 2337 959 2414 Ἰούδας
979 2341 1030 2403 καί
1054 2343 1084 2402 οἶ
1107 2340 1234 2420 ἀδελφοί
1247 2337 1355 2415 αὐτοῦ,

112 2428 259 2508 ρίσσευσεν
272 2418 346 2504 ὑπὲρ
359 2420 428 2497 τούς
440 2423 567 2506 βασιλεῖς
579 2421 650 2496 τοὺς
663 2425 714 2504 έμ-
750 2417 798 2487 ὁτι
810 2419 989 2505 ἐπληθύνθη
1003 2421 1040 2487 τὰ
1054 2420 1142 2498 κακά,
1156 2424 1207 2486 καί
1220 2427 1254 2488 αἱ
1266 2419 1354 2488 δυνά-

111 2516 253 2590 προσθεν.
292 2506 319 2546 ³¹
337 2508 387 2569 καὶ
410 2503 550 2590 ἤπσρεῖτο
574 2509 611 2597 τῇ
630 2510 713 2597 ψυχῇ
749 2531 810 2588 μεις
833 2502 1088 2612 παρεμβάλλουσιν
1118 2508 1148 2568 ἐν
1172 2518 1234 2580 τοῖς
1261 2503 1353 2591 ὁρίοις

112 2591 207 2656 αὐτοῦ
224 2583 356 2673 σφόδρα,
381 2593 431 2653 καί
449 2584 644 2673 ἐβουλεύσατο
658 2592 714 2652 τοῦ
752 2588 858 2653 αὐτῶν.
888 2615 939 2653 και
958 2590 1132 2665 ἐπέγνωσαν
1153 2588 1225 2664 τούς
1248 2585 1355 2665 λόγους

111 2677 294 2758 πορευθῆναι
313 2677 350 2746 εἰς
364 2670 416 2754 τῆν
431 2673 575 2755 Περσίδα,
594 2672 645 2735 καί
656 2670 713 2736 λα·
751 2677 809 2737 τοῦ
819 2674 966 2757 βασιλέως
980 2669 1032 2746 οὓς
1049 2672 1215 2737 ἐνετείλατο
1228 2677 1354 2756 ποιῆσαι

109 2761 171 2840 βεῖν
183 2755 255 2829 τοὺς
267 2752 377 2836 φόρους
387 2760 446 2820 τῶν
454 2760 569 2840 χωρῶν,
583 2755 712 2819 καὶσνν-
752 2760 794 2839 τῷ
808 2755 873 2838 λαῷ
888 2761 926 2830 εἰς
942 2751 1096 2820 ἀπώλειαν
1109 2757 1161 2820 καὶ
1174 2757 1352 2821 συντέλειαν.

111 2851 231 2916 αγαγεῖν
245 2836 387 2922 ἀργύριον
398 2835 487 2902 πολύ.
519 2839 547 2880 ³²
561 2840 612 2902 καὶ
624 2840 712 2902 κατέ·
750 2839 781 2880 ⁴³
791 2841 842 2902 καὶ
853 2837 931 2904 εἶπεν
941 2843 1066 2913 ἕκαστος
1075 2838 1153 2924 πρὸς
1164 2838 1218 2904 τὸν
1226 2838 1354 2922 πλησίον

110 2923 176 2986 λιπε
194 2926 314 2985 Λυσίαν
333 2919 500 3005 άνθρωπον
522 2922 640 2998 ἔνδοξον
661 2922 713 2984 καὶ
751 2920 854 2987 αὑτοῦ.
881 2918 1093 3006 άναστῆσωμεν
1111 2922 1166 3006 τῆν
1178 2930 1354 3009 καθαίρεσιν

110 3003 172 3069 άπὸ
197 3008 299 3082 γένους
323 3008 374 3086 τῆς
401 3004 551 3089 βασιλείας
576 3007 626 3070 ἐπὶ
650 3009 712 3070 τῶν
752 3009 806 3070 τοῦ
819 3005 898 3070 λαοῦ
911 3005 1004 3089 ἤμων,
1022 3007 1073 3070 καί
1084 3005 1291 3090 πολεμήσωμεν
1301 3031 1354 3071 πε-

109 3084 292 3172 πραγμάτων
316 3091 373 3151 τοῦ
396 3088 542 3172 βασιλέως
567 3086 629 3152 νἰπὸ
655 3092 711 3153 τοῦ
770 3090 855 3154 ὶτοῦ
880 3088 957 3154 λαοῠ
983 3087 1067 3172 ἡμῶν
1092 3090 1143 3153 καί
1168 3094 1229 3153 τῶν
1249 3087 1353 3166 ἁγίων.

109 3175 250 3253 ποταμοῦ
272 3165 448 3255 Εὐφράτου,
461 3175 516 3245 ἕως
537 3176 598 3236 τῶν
620 3168 711 3257 ὁρίων
798 3173 850 3236 καί
868 3177 1075 3256 συνηθροίσθη
1093 3167 1111 3254 ἤ
1130 3172 1285 3258 συναγωγῆ
1298 3175 1354 3239 τοῦ

108 3253 281 3331 Αἰγύπτου.
312 3254 341 3296 33
354 3256 405 3318 καὶ
425 3257 541 3342 τρέφειν
554 3253 711 3339 Ἀντίοχον
751 3253 823 3320 εἶναι
848 3256 985 3339 ἑτοίμους
1009 3260 1047 3330 εἰς
1071 3252 1210 3338 πόλεμον,
1223 3258 1274 3320 καὶ
1298 3260 1354 3320 τοῦ

109 3335 161 3402 τὸν
174 3337 238 3402 υῖὸν
260 3336 355 3402 αὐτοῦ
375 3343 430 3414 ἕως
450 3343 507 3404 τοῦ
532 3341 712 3439 ἐπιστρέψαι
751 3335 971 3424 προςεύξασθαι
990 3341 1042 3403 καὶ
1062 3343 1182 3439 αἰτῆσαι
1203 3340 1288 3402 ἔλεον
1304 3345 1354 3402 καί

899 3417 905 3440 ί

109 3416 211 3485 αὐτόν.
238 3421 269 3462 ³⁴
283 3422 335 3485 καὶ
357 3423 528 3503 παρέδωκεν
549 3427 633 3502 αυτῷ
656 3446 710 3494 τας
752 3427 931 3504 οῖκτιρμους.
972 3421 1003 3463 ⁴⁵
1030 3422 1081 3484 καὶ
1108 3419 1293 3503 Ιερουσαλῆμ
1320 3410 1354 3504 ἤν

109 3499 218 3584 ἤμίσεις
235 3505 295 3564 τῶν
315 3497 465 3582 δυνάμεων
490 3504 541 3567 καί
560 3501 629 3576 τούς
645 3501 710 3565 ἐλέ-
751 3500 891 3584 άσίκητος
905 3501 945 3576 ὥς
962 3504 1077 3585 ἕρημος.
1103 3499 1158 3564 οὐκ
1172 3490 1206 3583 ἤν
1225 3498 1353 3575 ὁείςπσ·

109 3607 231 3664 φαντας.
274 3586 325 3647 καί
349 3583 508 3649 ἐνετείλατο
534 3583 619 3665 αὐτῷ
642 3582 712 3665 περὶ
751 3581 903 3668 ρευύμενος
920 3587 972 3647 καί
994 3582 1222 3668 ἐκπορευόμενος
1240 3586 1272 3648 ἐκ
1292 3590 1352 3648 τῶν

107 3660 232 3730 πάντων
254 3656 296 3727 ὦν
317 3661 467 3750 ἐβούλετο,
489 3668 628 3750 καὶπερὶ
650 3670 710 3729 τῶν
749 3662 936 3749 γεννημάτων
960 3663 1058 3751 αὐτῆς.
1084 3668 1136 3731 καὶ
1160 3663 1197 3732 τὸ
1220 3664 1353 3752 ἁγίασμα

109 3743 329 3814 κατοικούντων
345 3750 398 3830 τῆν
416 3746 567 3813 Ἰουδαίαν
587 3750 638 3812 καὶ
653 3746 709 3813 ‘Ic-
750 3744 1025 3831 καταπατούμενον,
1044 3751 1095 3812 καὶ
1107 3753 1169 3814 υἱοὶ
1182 3748 1352 3829 ἀλλογενῶν

109 3828 276 3917 ρουσαλῆμ,
302 3831 331 3874 33
345 3829 517 3896 ἀποστεῖλαι
536 3829 579 3896 ἐπ’
600 3829 711 3906 αὐτούς
750 3836 842 3980 ἕντχ
878 3831 957 3917 άκρᾳ
978 3827 1135 3934 κατάλυμα
1159 3845 1221 3908 τοῖς
1245 3837 1349 3901 ε”θνεσι

109 3911 240 3997 δύναμιν,
253 3918 307 3980 τοῦ
320 3918 458 3999 ἐκτρέψαι
475 3916 527 3980 καὶ
541 3913 644 4000 ἔξᾶραι
656 3913 711 3999 τῆν
749 3917 800 3980 καὶ
828 3910 925 4018 ξῆρθη
939 3919 1045 4000 τέρψις
1054 3917 1085 3991 ἐξ
1102 3915 1215 4001 Ιακιὸβ,
1227 3919 1278 3983 καί
1291 3920 1349 3995 ἐξέ-

109 3997 192 4084 ίσχύν
208 3997 329 4083 Ἰσραῆλ
349 4000 399 4082 καὶ
418 3997 455 4063 τὸ
467 3997 646 4080 κατάλειμμα
655 3999 711 4063 Ἱε-
749 3999 832 4065 λιπεν
844 3998 937 4074 αυλὸς
949 4003 1001 4064 καί
1012 3995 1126 4083 κινύρα.
1152 4000 1186 4043 ⁴⁶
1198 4003 1248 4066 καί
1262 3998 1352 4085 συνῆ-

109 4082 280 4165 ρονσαλῆμ,
294 4085 344 4147 καὶ
366 4083 437 4186 ἆραι
464 4081 500 4148 τὸ
519 4078 711 4208 μνημόσυνον
748 4093 866 4169 χθησαν
888 4085 939 4148 καὶ
963 4082 1103 4166 ἤλθοσαν
1128 4088 1167 4158 εἷς
1189 4083 1352 4168 Μασσηγγ.ι“’Ι

109 4162 284 4230 αδτωνσίπδ
299 4169 355 4230 τοῦ
366 4192 472 4231 τοπου.
503 4167 516 4207 3
545 4168 709 4232 καίκατοι-
749 4170 904 4233 κατέναντι
928 4164 1145 4251 Ἰερουσαλὴμ,
1185 4164 1234 4233 ὁτι
1259 4166 1353 4243 τόπος

110 4253 196 4331 κησαι
218 4245 301 4322 υἱούς
320 4248 484 4329 άλλογενεῖς
506 4253 538 4314 ἐν
555 4254 630 4314 πᾶσι
646 4261 710 4325 τοῖς
748 4255 904 4336 προςευχῆς
923 4255 961 4324 εἰς
973 4249 1137 4336 Μασσηφά
1157 4248 1194 4316 τὸ
1207 4245 1353 4336 πρότερον

110 4330 201 4413 ὁρίοις
214 4327 326 4406 αὐτῶν,
352 4337 403 4399 καί
414 4332 710 4419 κατακληροδοτ”σαι
748 4339 793 4418 τῷ
803 4330 934 4421 Ἰσραῆλ.
960 4335 991 4376 ⁴⁷
1004 4337 1053 4400 καί
1072 4329 1247 4418 ένῆστευσαν
1265 4338 1302 4427 τῇ
1316 4330 1352 4419 ἤ-

110 4415 162 4498 τῆν
186 4418 239 4498 γῆν
265 4410 374 4480 αὐτῶν.
413 4415 535 4483 37καίὸ
574 4360 710 4504 βασδκύς
746 4423 826 4506 μέρᾳ
845 4422 952 4510 ἐκείνη,
977 4421 1029 4482 καί
1046 4413 1256 4503 περιεβάλοντο
1279 4416 1351 4482 σάκ-

110 4496 258 4584 παρέλαβε
277 4495 329 4572 τὰς
352 4495 458 4582 ἤμίσεις
477 4506 538 4568 τῶν
559 4498 709 4584 δυνάμεων
748 4528 817 4578 κους
829 4507 880 4568 καὶ
893 4502 1011 4568 σποδὸν
1024 4504 1072 4565 ἐπὶ
1085 4500 1140 4574 τὰς
1152 4499 1283 4580 κεφαλάς
1295 4501 1351 4567 αύ-

1278 4611 1349 4652 των.
