2924 4972
477 242 713 304 AANIHA
758 239 926 318 7779.'..73
1262 240 1328 309 939

80 361 255 426 Χαλδαίων.
294 354 354 422 ²⁵6
374 356 406 421 δὲ
431 355 556 434 άγγελος
580 363 685 442 κυρίου
719 362 837 431 αἰῶνος.
873 355 904 398 ⁴³
918 355 1061 458 εὐλογεῖτε
1077 363 1150 464 7769
1158 361 1210 423 καὶ
1227 361 1329 439 καῦμα

81 439 280 554 συγκατέβρ“
258 466 321 523 αμα
333 452 397 514 τοῖς
409 438 686 547 περὶτόνἈζαρίαν
717 441 771 506 767
784 438 908 544 κύριον,
933 435 1047 548 ὑμνεῖτε
1066 444 1117 505 καὶ
1135 439 1329 545 ὑπερυψούτε

81 534 119 603 εἰς
134 527 197 631 7677
219 521 363 627 κάμινον,
388 524 441 588 καὶ
464 523 607 600 ἐξετίναξε
632 550 687 610 797
719 522 815 626 06767
833 527 873 597 είς
889 519 960 597 τούς
980 527 1097 596 αἰῶνας.
1136 525 1169 567 ’55
1182 524 1328 624 εὐλογεῖτε

81 607 182 715 96676
208 611 265 672 706
289 605 442 709 πυρὸςκ
411 609 442 670 ἐκ
472 610 525 689 τῆς
551 613 686 692 καμίνου,
721 632 819 682 νυκτες
831 633 882 671 και
895 603 1000 691 ἡμέραν
1013 630 1066 671 τον
1063 632 1191 709 κυρεον
1208 605 1328 710 ὑμνεῖτε

82 698 111 738 ²⁶
125 719 177 758 7707
169 690 360 793 ’ἐποίησε
331 715 367 754 το
383 693 470 770 μέσον
486 695 538 774 τῆς
561 699 687 797 καμίνου
720 692 771 755 καί
789 689 977 792 67796770677
997 687 1092 756 αὐτόν
1107 695 1145 764 είς
1164 688 1235 792 τούς
1252 698 1328 795 0676-

81 774 121 850 ὡς
133 779 247 875 πνεῦμα
259 769 370 876 696006
380 774 554 875 ὐεαουρίζον.
573 777 626 839 καὶ
634 772 687 878 οὐχ
721 801 780 877 νας.
804 773 836 816 ⁴⁷
849 770 994 850 εὐλογεῖτε
1012 778 1076 880 9769
1089 775 1141 837 καί
1152 769 1261 848 σκότος
1272 774 1328 841 τόν

80 856 183 967 ἥψρετο
205 855 308 922 αὐτῶν
333 855 586 922 τὸκαθόλου
555 883 592 922 το
615 863 687 936 πύρ,
719 855 835 959 κόριον,
849 852 1224 965 ὑμνεῖτεκολὺπερυψούτε
1237 855 1328 959 06767

80 947 131 1009 καί
143 940 200 1008 οὐκ
213 936 369 1041 ἐλύπησεν,
383 939 452 1005 0767
461 938 770 1048 7099707769777
721 947 758 1016 είς
776 939 848 1015 τοὺς
862 944 981 1015 αἰῶνας.
1019 939 1051 982 ¹¹³
1068 939 1213 1018 εὐλογεῖτε
1230 937 1327 1024 ψύχος

81 1025 195 1100 αὐτοῖς.
234 1026 263 1066 55
277 1020 345 1088 τότε
370 1027 402 1088 06
418 1049 504 1126 τρεες
511 1050 553 1098 ως
573 1028 604 1102 ἐξ
622 1051 687 1101 ενος
719 1026 772 1091 καί
796 1027 898 1107 καῦμα
921 1023 975 1089 767
999 1017 1118 1131 7769767,
1143 1020 1263 1132 ὑμνεῖτε
1275 1027 1326 1091 καί

81 1107 227 1211 στόματος
240 1103 362 1210 ὑμνουν,
385 1109 435 1172 καὶ
453 1103 609 1218 ἐύόξαζον,
636 1110 688 1175 καί
720 1104 910 1213 ὑπερνεμούτε
936 1104 1032 1210 αὐτόν
1059 1111 1097 1181 εῖς
1114 1106 1184 1210 τρὺς
1203 1111 1325 1182 αίοῖνας

80 1188 274 1292 966670777⁸
242 1216 296 1255 707
307 1186 413 1254 θεόν’
398 1216 430 1255 εν
442 1196 481 1273 τῆ
494 1197 617 1297 καμίνω,
637 1193 688 1257 λί-
719 1185 957 1269 ⁴⁹766077677‘
914 1216 1034 1297 ποχνρε
1038 1194 1090 1255 7706
1098 1185 1190 1290 χιόνες
1203 1190 1259 1257 767
1272 1187 1327 1294 776-

79 1272 189 1355 γόντες.
214 1275 246 1317 ²⁸
259 1262 421 1376 εὐλργητύἕ
438 1260 580 1381 7676977
576 1259 597 1340 ό
612 1274 687 1349 θεὸς
720 1300 795 1384 ρων,
813 1277 932 1379 ὑμνεῖτε
950 1276 1002 1339 καί
1019 1271 1076 1338 ὑπε
1096 1278 1227 1382 υψοὺτε
1232 1271 1327 1340 αὐτὸν

79 1354 321 1463 τεύνποετεζρωνς
307 1362 401 1466 9767,
425 1359 475 1423 καί
488 1356 611 1434 αἰνετός,
636 1359 688 1423 καί
720 1364 758 1435 εες
768 1384 841 1433 τους
854 1361 974 1432 αἰῶνας.
1000 1359 1031 1401 55
1044 1357 1075 1421 εὐ
1114 1369 1190 1433 γεῖτε
1209 1354 1326 1459 ἀστρα-

81 1438 323 1548 ὑπερυψοὺμευος
334 1445 373 1514 εἰς
384 1465 455 1518 τους
465 1467 584 1516 αιωνας
598 1443 629 1484 ²⁹
636 1466 688 1507 καε
719 1444 776 1507 παὶ
802 1466 854 1505 καε
846 1436 1034 1522 ’νεφέλαι
1002 1463 1055 1541 767
1058 1440 1189 1548 κὺρεον,
1204 1436 1327 1544 ὑμνεῖτε

81 1522 323 1629 766677777‘707'
291 1549 328 1631 76
346 1522 440 1606 ὄνομα
457 1528 511 1628 τῆς
529 1520 617 1629 δόξης
632 1550 687 1590 οον
720 1528 771 1592 καὶ
783 1521 975 1629 ὑπερνεμούτε
992 1520 1086 1588 αὐτόν
1103 1529 1143 1599 είς
1160 1522 1232 1597 τοὺς
1251 1528 1327 1588 0603·

82 1609 115 1673 τὸ
129 1606 225 1685 67707,
250 1633 302 1672 κοτε
314 1632 522 1711 υπεραενετον,
533 1611 585 1674 καί
598 1608 687 1693 ὑπερ-
719 1634 778 1684 νας.
814 1608 841 1650 ⁶¹
855 1604 1049 1715 εὐλογείτω
1033 1635 1053 1691 η
1078 1611 1116 1710 γῆ
1134 1606 1186 1672 τὸν
1196 1603 1327 1716 κόριον,

81 1689 247 1772 υιγοὺμενον
271 1695 310 1765 είς
330 1688 447 1767 πάντας
471 1688 543 1793 τούς
567 1697 685 1766 αεῶνας.
720 1688 841 1774 ὑμνείτω
868 1693 920 1756 καί
940 1687 1214 1800 ὑπερυεμοὺτω
1169 1687 1262 1756 αὐτὸν
1287 1696 1326 1765 εἰς

80 1775 337 1878 55εὐλογημὲνος
324 1773 445 1841 εἷὲν
401 1801 446 1859 τῳ
460 1780 522 1880 ναῷ
536 1780 588 1882 τῆς
601 1773 687 1852 ἁγίας
720 1775 790 1850 τούς
815 1778 937 1878 αίοξνας.
974 1775 1003 1817 55
1022 1772 1214 1874 ευλογεῖτε”
1193 1799 1249 1881 6971
1275 1775 1327 1839 καί

80 1857 167 1944 δόξης
182 1884 247 1967 006,
259 1859 311 1922 καί
308 1855 523 1963 ὑπερυμνρτὸς
536 1860 587 1924 καί
598 1855 687 1943 ὑπερ·
718 1855 865 1944 βουνοί
834 1882 889 1960 767
898 1853 1014 1960 κὺρεον,
1026 1852 1146 1966 ὑμνεῖτε
1151 1857 1203 1922 καί
1214 1859 1326 1960 ὑπερο-

81 1944 236 2019 ένύοξος’
212 1967 250 2017 εις
262 1966 335 2017 τους
348 1945 504 2017 αίώνας.5
507 1941 687 2042 ¹766077976'·
720 1945 817 2025 ψοὺτε
834 1938 927 2007 αὐτὸν
943 1945 982 2015 εἷς
999 1937 1070 2015 τούς
1088 1944 1208 2015 αἰῶνας.
1234 1937 1306 1983 55’
1277 1965 1325 2006 ευ

81 2051 131 2101 νος
145 2024 201 2090 766
215 2025 383 2131 67766-7'77077
401 2021 566 2134 άβάσοους,
590 2021 688 2129 7066·
721 2024 831 2128 λογεῖτε
851 2019 954 2126 πάντά
969 2023 1009 2087 τά
1029 2018 1162 2132 φυόμενα
1181 2025 1212 2087 7'7
1230 2026 1268 2116 τῇ
1280 2027 1327 2124 γῇ

80 2133 165 2211 μενος
183 2110 232 2171 ἐπὶ
232 2109 439 2212 Χερουβὶμ,
437 2111 489 2174 καὶ
507 2106 622 2184 αῖνετὺς
638 2110 689 2174 καί
720 2106 773 2173 τὸν
785 2106 907 2216 κόρων,
934 2103 1045 2210 ὑμνεῖτε
1061 2109 1113 2172 7706
1136 2095 1327 2216 ὑπεροψούτε

82 2185 327 2274 ὑπερνψοὺμενος
338 2195 378 2263 εἰς
389 2191 460 2266 τοὺς
473 2196 592 2265 αἰῶνας.
605 2190 685 2254 55εὐ-
720 2188 815 2255 αὑτὸν
838 2197 876 2265 εῖς
895 2189 967 2296 τούς
984 2194 1103 2262 αἰῶνας.
1140 2191 1169 2233 55
1158 2189 1326 2292 ευλργεῖτε

81 2275 241 2375 λογημενος
253 2270 281 2335 εἷ
290 2274 341 2336 7777
352 2269 512 2376 6907077
475 2298 527 2374 της
536 2274 687 2374 βασίλειος
718 2270 862 2337 θάλασσα
891 2274 942 2335 καί
971 2272 1104 2370 ποταμοὶ
1133 2268 1187 2335 767
1211 2266 1325 2378 κόριον,

82 2383 146 2433 που,
159 2357 211 2421 καί
200 2353 433 2464 ὑπερυμνητύς,
444 2356 494 2421 καί
506 2353 547 2420 ὑπ
550 2351 686 2459 υμνοὺ-
720 2353 832 2436 ὑμνεῖτε
845 2356 896 2419 καί
904 2349 1092 2457 ὑπερυεμούτε
1102 2350 1198 2418 αὐτὸν
1207 2358 1244 2428 εἰς
1254 2352 1325 2455 τούς

80 2466 166 2514 μενος
185 2444 223 2514 είς
239 2438 311 2514 τούς
331 2443 448 2513 αἰῶνας.
487 2438 617 2517 55εὐγ
597 2436 687 2522 γητὺς
720 2440 837 2512 αῖῶνας.
860 2433 1325 2544 ⁵¹766707767707677777676767776-

80 2525 106 2589 ελ
117 2527 205 2589 ἐν’
161 2548 204 2606 τῳ
215 2517 392 2607 στερεάματι
404 2525 462 2587 τοῦ
475 2521 618 2609 0690706‚
636 2526 687 2626 7766
719 2547 802 2629 ρων,
812 2518 939 2623 ὑμνεῖτε
955 2523 1006 2584 καὶ
1022 2517 1226 2624 ὑπερυιμοὺτε
1233 2519 1326 2586 αὐτόν

79 2606 209 2691 ὑμνητὸς
238 2608 289 2672 καὶ
314 2606 524 2709 ὐεείοξοομένος
555 2610 594 2680 εἰς
616 2603 686 2681 τοὺς
718 2630 758 2679 εις
770 2629 839 2678 τους
853 2609 972 2709 ρῖῶνας
995 2600 1325 2707 55εὐλογεῖτεκήτηκρί

81 2697 200 2766 αἰῶνας.
227 2688 416 2792 ³¹766077677
434 2686 536 2755 πάντα
555 2688 596 2752 τὰ
613 2691 687 2773 ἔργα
718 2686 871 2753 πάντατά
887 2683 1045 2789 κινούμενα
1055 2691 1159 2762 ἐντοῖς
1173 2683 1324 2752 6'60707767

80 2779 185 2858 κυρίου
196 2771 250 2876 767
262 2769 375 2876 κόριον,
389 2769 508 2882 ὑμνεῖτε
513 2774 565 2837 καὶ
577 2769 686 2900 67:796-
718 2768 832 2874 κόριον,
846 2767 958 2854 ὑμνεῖτε
971 2772 1022 2835 καὶ
1031 2768 1220 2854 ὑπερνψοῦτε
1229 2768 1324 2872 αὐτόν

80 2864 178 2941 ψούτε
197 2854 291 2921 αὐτὸν
309 2861 349 2932 εἰς
367 2882 438 2934 τους
450 2861 570 2933 αεωνας
595 2853 685 2921 55εὐ-
718 2861 756 2930 είς
773 2852 845 2929 τούς
864 2858 981 2957 αἰῶνας.
1018 2854 1206 2932 55εὐλογεῖτε
1223 2849 1325 2919 πάντα

80 2938 245 3019 λογεῖτε’
211 2942 337 3026 οὐρανοὶ
354 2939 408 3006 767
426 2937 544 3025 κύρεον,
568 2936 685 3046 ὑμνεῖτε
717 2936 757 3005 τά
774 2934 889 3046 πετεινά
906 2942 967 3004 706
986 2936 1136 3042 οὐρανοῦ
1139 2938 1193 3003 τὸν
1210 2936 1324 3040 κύριον,

79 3027 131 3091 καὶ
153 3024 339 3128 ὑπερυιγούτε
356 3024 451 3091 αὐτὸν
468 3029 507 3100 είς
524 3023 597 3100 τούς
610 3020 732 3126 0676-‘
718 3031 828 3105 υμνεῖτε
838 3023 889 3086 καί
902 3022 1106 3128 ὑπερνεμούτε
1100 3019 1192 3086 αὐτὸν
1205 3025 1243 3096 εἷς
1254 3020 1325 3096 τοὺς

80 3135 141 3212 767.
181 3110 211 3153 55
224 3106 370 3185 εὐλογεῖτε
383 3106 502 3188 άγγελοε
515 3103 664 3211 κυρίου
632 3131 687 3210 767
718 3112 837 3215 0667063.
863 3106 1049 3211 55εὐλργεῖτε
1062 3100 1166 3209 πάντα
1176 3129 1216 3168 τα
1203 3102 1325 3214 θηρία

80 3190 193 3295 κὺρεον,
204 3187 313 3290 ὑμνεῖτε
326 3194 376 3259 καί
391 3190 581 3297 ὑπερνψούτε
594 3186 688 3256 αὐτὸν
718 3193 770 3256 καὶ
782 3190 822 3256 τά
834 3185 926 3275 κτάνη
939 3188 995 3294 767
999 3185 1125 3298 κόρων,
1151 3186 1264 3298 ὑμνεῖτε
1273 3189 1326 3253 καί

79 3281 119 3350 είς
137 3274 210 3350 τούς
227 3276 345 3353 αἰῶνας.
384 3277 414 3319 55
427 3275 570 3354 εὐλογεῖτε
591 3271 732 3340 660707‘
672 3281 984 3387 υπερυιμοῦτε
934 3273 1027 3340 αὑτὸν
1051 3277 1091 3346 εἰς
1111 3270 1181 3346 τούς
1204 3277 1323 3345 αἰῶνας.

79 3360 131 3446 καί
148 3356 252 3461 πάντα
270 3357 310 3423 76
303 3355 478 3466 ὑπεράνω
485 3364 540 3424 τοῦ
553 3358 687 3444 οὐρανοῦ
718 3359 749 3403 55
762 3358 954 3435 ευλογεῖτες
924 3359 984 3421 77706
1001 3359 1062 3420 7767
1080 3351 1267 3456 67696577077
1268 3351 1325 3419 767

79 3442 135 3543 767
145 3439 273 3540 κόριον,
290 3440 411 3541 ὑμνεῖτε
428 3444 480 3505 καί
497 3444 686 3543 ὐπερυεμοῦτε
717 3436 829 3540 κόριον,
843 3436 953 3522 ὑμνεῖτε
965 3439 1017 3502 καί
998 3433 1217 3562 6οὑπερυιμούτε
1230 3433 1324 3501 αὐτὸν

80 3520 174 3588 αὐτόν
191 3527 230 3596 είς
247 3518 317 3595 τούς
340 3526 459 3596 αἰῶνας.
485 3524 516 3567 55
530 3522 686 3598 εὐλογείτω
718 3528 757 3596 είς
769 3547 841 3596 τους
853 3524 971 3595 αίωνας
998 3518 1187 3596 55εὐλογεῖτε
1201 3516 1324 3619 Ἰσραὴλ

79 3607 163 3669 πάσα
190 3600 209 3686 ἦ
235 3599 357 3711 66707779
380 3610 501 3707 κυρίου
501 3604 556 3707 767
573 3602 685 3705 κείρων,
717 3605 772 3708 767
783 3601 910 3707 769707,
929 3600 1045 3706 ὑμνεῖτε
1063 3602 1116 3665 7706
1135 3598 1325 3727 ὑπερυψοὺτε

79 3683 191 3796 ὑμνεῖτε
204 3688 254 3751 καί
266 3682 606 3795 ὑετρυεμούτεαύτὸνείς
616 3683 686 3760 τούς
718 3685 813 3752 αὐτὸν
830 3691 869 3762 εἰς
885 3684 956 3788 τρὺς
979 3689 1098 3760 αἰῶνος.
1137 3684 1325 3793 55εὐλογεῖτε

81 3776 199 3846 οιίῶνας
219 3771 249 3813 55
261 3767 406 3847 εὐλογεῖτε
420 3766 511 3873 ἣλιος
513 3796 565 3835 κοε
556 3765 728 3853 ⁸0766771‘
718 3782 799 3855 ιερεῖς
811 3767 865 3835 τόν
861 3766 996 3878 769707,
1022 3766 1135 3871 ὑμνεῖτε
1148 3770 1199 3834 καὶ
1213 3766 1324 3872 ὑπερρ-

24 3849 28 3861 ’
80 3852 135 3921 τὸν
145 3850 270 3959 κάρεον,
290 3849 407 3957 ὑμνεῖτε
424 3856 476 3919 καὶ
499 3851 686 3963 ὑπερυψούτε
718 3856 816 3936 ιμούτε
834 3851 928 3919 αὐτὸν
945 3858 983 3927 εἷς
1001 3877 1072 3926 τους
1084 3876 1205 3927 αεωνας
1231 3850 1304 3895 55’
1275 3878 1324 3917 ευ-

81 3937 175 4044 66767
192 3944 229 4013 είς
233 3933 317 4043 τούς
334 3941 455 4013 αἰῶνας.
494 3938 527 3982 ⁴⁰
541 3938 686 4015 ευλογεῖτε
717 3938 828 4016 λογεῖτε
842 3932 991 4003 ὐούλοε
960 3959 1013 4001 τον
1025 3930 1135 4020 κόρων,
1147 3934 1261 4046 ὑμνεῖτε
1275 3939 1325 4001 καί

81 4048 185 4130 αοτρα
190 4048 245 4089 του
259 4020 393 4122 οὐρανοῦ
405 4047 459 4087 τον
455 4047 578 4126 κυρεον
589 4019 686 4127 ὑμνεῖ·
717 4022 904 4150 ὑπερυψούτε
930 4017 1025 4086 αὐτὸν
1046 4025 1086 4093 εἰς
1109 4020 1182 4129 τούς
1204 4025 1322 4094 αἰῶνας.

79 4130 111 4169 τε
136 4107 187 4168 καί
212 4103 401 4209 ὑπερρεμούτε
427 4104 524 4172 06767
549 4111 589 4182 εἷς
613 4106 686 4182 τούς
717 4106 904 4183 55ευλογεῖτε
919 4099 1079 4206 πνεὺματο
1096 4106 1147 4168 καί
1165 4123 1261 4211 μυραε
1254 4104 1323 4167 ⁸67-

80 4191 199 4262 αἰῶνας.
225 4189 254 4232 ⁴¹
267 4187 487 4293 εὐλογείτω
441 4216 500 4265 πας
513 4186 686 4296 όμρροςκαί
716 4189 855 4256 καίων
824 4214 879 4255 τον
891 4211 1008 4292 κυρεον,
1028 4184 1140 4297 ὑμνεῖτε
1153 4214 1205 4252 και
1215 4210 1325 4289 υπερυ

80 4267 228 4356 δρόσος
198 4296 249 4335 707
261 4268 374 4354 κόριον,
382 4271 501 4378 ὑμνεῖτε
513 4299 563 4336 και
576 4299 669 4339 υπυ
717 4279 811 4355 ψούτε
831 4271 926 4375 06767
943 4278 983 4347 εἰς
998 4271 1071 4347 τούς
1083 4275 1201 4344 αἰῶνας.
1228 4267 1303 4312 04’
1274 4294 1322 4334 ευ-

79 4358 176 4465 ψούτε
186 4352 281 4457 αὐτὸν
292 4360 329 4430 είς
339 4356 409 4433 τούς
420 4360 538 4431 αίεύνας.
558 4354 627 4398 ⁴²
600 4298 685 4421 7660·
718 4353 865 4463 6977677‘'
847 4383 926 4423 00707
943 4358 993 4422 καί
1010 4355 1142 4421 ταπεινοὶ
1138 4379 1197 4455 797
1184 4353 1323 4455 70967'9

77 4449 151 4517 γεῖτε
169 4433 272 4503 πάντα
285 4438 325 4502 τά
336 4438 501 4544 πνεύματα
505 4439 559 4543 767
575 4433 685 4544 κὺρεον,
717 4440 771 4545 767
782 4440 909 4546 κόριον,
927 4439 1047 4545 ὑμνεῖτε
1065 4441 1116 4505 καί
1135 4433 1324 4547 ὑπερυψούτε

78 4532 192 4609 υμνεετε
201 4519 278 4588 καλ
265 4543 454 4608 υπερυψουτε
463 4548 557 4590 αυτον
567 4528 605 4600 εες
613 4549 685 4600 τους
717 4522 811 4592 αὐτὸν
826 4529 865 4600 είς
882 4523 954 4600 τούς
972 4526 1091 4598 αίούνας.
1131 4521 1162 4566 55
1179 4520 1324 4597 ευλογεῖτε

1233 4602 1320 4671 ’Ara-
