2924 4972
171 245 239 312 514
541 239 734 299 ἰ’ἰιΒΙΤ
772 234 848 313 Κεφ.
863 226 963 315 αἲθ.
978 229 1049 296 1.2.

169 362 206 427 τό
219 353 777 441 θνσιαστόριονπάντωντῶνγεννημά-
810 357 849 417 ού
872 378 939 437 μου.
977 356 1004 395 ²¹
1015 354 1067 418 καί
1092 351 1130 418 οδ
1157 353 1282 436 διῆλθον
1309 348 1416 439 ἡμέρας

171 470 240 510 τιον.
279 438 332 523 την
349 434 472 521 δεκάτην
489 438 604 502 ἐδίδουν
621 448 684 510 τοῖς
703 441 778 512 υίοῖς
808 432 1005 538 πεντηκοντα,
1020 441 1075 510 ἕως
1088 427 1124 500 ού
1138 433 1312 501 ἀπέκτειναν
1324 435 1417 502 αύτόν

171 528 247 590 Λευί
260 535 322 597 τοῖς
339 517 556 607 θεραπεύουσιν
575 517 777 604 είςἸερουσα-
809 522 841 582 οί
853 519 909 583 δυο
923 520 984 584 υίοί
995 517 1103 584 αὐτοῦ.
1129 521 1182 583 καί
1201 521 1313 598 ἔφυγον
1324 524 1366 595 εἰς
1377 520 1416 586 τά

173 610 246 691 λίχμ,
271 608 323 671 καί
340 604 395 691 την
412 604 548 688 δευτέραν
565 599 687 684 δεκάτην
703 599 777 668 ἀπε·
808 599 1030 688 ὅρηἈραράθ,
1055 602 1106 665 καί
1118 600 1287 686 ἐβασίλευσε
1299 609 1417 688 Σαχερ-

170 685 363 791 πρατιζόμην,
387 690 438 751 καί
451 681 632 789 ἐπορευόμην
645 687 695 749 καί
708 686 777 749 ίδα-
808 684 894 760 δονὸς
905 685 970 760 υίὸς
988 684 1085 749 αὐτοῦ
1099 682 1159 748 ἀντ’
1182 681 1298 761 αὐτοῦ,
1323 689 1377 750 καί
1387 689 1416 750 έ-

171 769 276 838 πάνων
303 770 382 835 αυτά
405 772 437 834 ἐν
459 764 679 852 Ἱεροσολυμοις
703 767 772 832 καθ’
807 763 1075 852 ταξενἈχιάχαρον
1089 763 1264 850 τόνἈναίηλ
1277 765 1346 833 υἱὸν
1359 773 1415 833 τού

173 861 299 920 ἕκαστον
324 850 468 925 ἐνιαυτὸν,
492 851 574 915 8καί
597 849 652 934 τὴν
676 856 777 934 τρίτην
809 847 938 930 ἀδελφοῦ
955 876 1015 935 μου
1032 851 1082 914 ἐπί
1103 853 1206 915 πᾶσαν
1224 848 1277 932 την
1300 851 1416 929 ἐκλογι-

172 939 288 1003 ἐδίδουν
300 936 343 1010 οἷς
355 931 491 1016 καθήκει,
500 929 604 1008 καθάς
616 933 777 998 ἐνετείλατο
809 939 895 998 στίαν
917 943 970 1017 τῆς
992 930 1144 1019 βασιλείας
1157 930 1267 1006 αὐτοῦ,
1293 936 1345 997 καί
1366 936 1416 998 ἐπί

173 1027 214 1086 Δε
232 1017 317 1106 βωρά
344 1013 480 1101 ίημητηρ
500 1021 557 1081 τοῦ
577 1012 693 1097 πατρός
709 1041 778 1099 μου,
808 1019 912 1082 πᾶσαν
928 1014 983 1100 τὴν
999 1017 1146 1098 διοίκησιν.
1177 1018 1207 1058 ²²
1221 1016 1272 1078 καί
1293 1014 1416 1100 ἠξίωσεν

172 1025 247 1169 διύέι
269 1099 402 1186 ὀρφανός
430 1099 626 1182 κατελείφθην
644 1095 778 1164 ἀπὸτοῦ
806 1095 981 1184 Ἀχιάχαρος
996 1100 1066 1183 περί
1084 1102 1172 1180 ἐμοῦ,
1188 1099 1249 1175 ,καί
1263 1086 1363 1181 ἦλθον
1375 1103 1414 1174 είς

170 1210 234 1251 πατ
255 1182 288 1260 ός
299 1209 367 1265 μου.
394 1185 410 1225 ⁹
423 1183 474 1247 καί
485 1179 535 1247 ὅτε
548 1179 682 1266 ἐγενόμην
695 1178 778 1266 ἀνὴρ,
809 1184 931 1289 Νινευη.
952 1179 1126 1266 Ἀχιάχαρος
1137 1179 1170 1245 δὲ
1183 1181 1220 1264 ἦν
1238 1176 1255 1244 ό
1270 1179 1414 1265 οἰνοχόος,

162 1211 285 1353 ,ἀλαάον
296 1268 401 1333 Ἅνναν
416 1277 544 1341 γυναῖκα
562 1268 595 1329 ἐκ
611 1269 666 1328 τοῦ
685 1269 779 1349 σπέρ-
809 1266 859 1328 καί
871 1267 921 1330 ἐπι
932 1269 989 1331 τοῦ
1000 1263 1170 1339 δακτυλίου,
1193 1265 1245 1328 καί
1255 1263 1413 1347 διοικητὴς,

170 1376 265 1436 ματος
277 1355 330 1433 της
341 1353 472 1431 πατριᾶς
483 1345 575 1430 ἡμῶν.
600 1351 651 1412 καί
665 1350 779 1430 τ’γέννη-
808 1348 860 1411 καί
872 1347 1051 1432 ἐκλογιστίχς,
1068 1350 1120 1411 καί
1131 1349 1311 1429 κατέστησεν
1324 1344 1414 1411 αύτὸν

173 1460 213 1499 σα
225 1437 256 1509 ἐξ
269 1432 361 1515 αὐτῆς
377 1436 505 1517 Τωβίαν.
523 1433 552 1474 ¹⁰
558 1432 610 1494 καί
622 1427 671 1496 ὅτε
683 1429 779 1522 η’χμα·
809 1425 827 1493 ό
839 1430 1023 1517 Σαχερδονὸς
1035 1433 1067 1495 ἐκ
1078 1431 1229 1516 δευτέρας,
1255 1417 1292 1512 ἦν
1302 1428 1334 1495 δὲ
1346 1424 1412 1505 ἐξύ-

171 1517 359 1597 λωτίσθημεν
371 1518 410 1586 είς
423 1516 462 1575 Ν
459 1515 551 1593 ινευῆ,
578 1508 686 1587 πάντες
698 1517 729 1576 oz
741 1510 779 1576 ἀ-
809 1512 912 1594 δελφός
923 1537 991 1597 μου.

172 1597 278 1675 δελφοί
289 1621 362 1679 μου,
386 1594 438 1658 καί
450 1597 481 1659 οί
493 1597 526 1658 ἐκ
539 1596 594 1657 τοῦ
606 1596 710 1671 γένους
722 1620 779 1676 μου
834 1605 859 1634 ‘'
998 1601 1074 1660 ΚΕ
1087 1599 1125 1660 Φ.
1168 1589 1224 1659 BC

172 1678 284 1762 ἤσθιον
308 1682 341 1742 ἐκ
368 1681 428 1741 τῶν
457 1674 562 1762 ἀρτων
585 1681 646 1741 τῶν
672 1681 779 1754 ἐθνῶν,
810 1641 892 1743 Οτι
908 1677 941 1744 δὲ
953 1679 1107 1761 κατῆλθον
1125 1681 1164 1752 είς
1179 1674 1233 1743 τόν
1249 1675 1332 1742 οἶκον
1343 1701 1411 1760 μου,

172 1764 197 1804 ²¹
210 1758 270 1839 ἐγὼ
284 1758 316 1825 δὲ
334 1754 516 1843 συνετηρησα
532 1756 589 1842 τὴν
608 1759 704 1843 ψυχήν
720 1786 779 1841 μου
810 1763 861 1825 καί
884 1757 1021 1864 ἀπεδόθη
1041 1787 1092 1845 μοι
1103 1757 1194 1824 >Άννον
1212 1756 1231 1844 ἡ
1247 1755 1318 1843 γυνη
1341 1785 1410 1843 μου,

173 1841 213 1929 μὴ
231 1852 352 1924 φαγεῖν,
377 1845 405 1884 ¹²
416 1838 530 1906 καθότι
547 1836 705 1926 ἐμεμνήμην
723 1847 781 1908 τοῦ
810 1847 861 1909 καί
876 1849 994 1950 Τωχδίας
1007 1870 1025 1909 ο
1037 1838 1100 1919 υἱός
1110 1868 1185 1927 μου,
1212 1845 1243 1908 ἐν
1255 1848 1291 1934 τῇ
1304 1867 1413 1925 πεντη-

172 1932 248 1991 θεοῐι
261 1928 292 1988 ἐν
303 1921 358 2008 ὅλη
370 1930 408 2008 τη
421 1929 501 2008 ψυχῇ
513 1949 578 2005 μου.
604 1927 693 1990 13καί
705 1926 780 1990 ἐδιο-
810 1932 904 2020 κοστῇ
916 1932 1016 2021 εορτῇ,
1042 1923 1063 2012 ἢ
1076 1930 1138 1992 ἐστι
1150 1923 1223 2004 ἀγία
1236 1922 1312 1990 ἑπτά
1325 1926 1409 2011 ἐβδο-

173 2032 222 2074 κεν
234 2005 253 2072 ὁ
266 1997 396 2089 ύψιότοξ
411 2003 496 2111 χάριν
514 2011 564 2072 καί
575 2007 695 2094 μορφὴν
707 2005 780 2074 ένιύ-
809 2007 922 2093 μάδων,
946 2005 1071 2093 ἐγενηθη
1094 2007 1216 2093 ἀριστον
1237 2004 1331 2073 καλόν
1353 2034 1412 2090 μοι,

173 2116 246 2156 πιον
266 2082 485 2175 Ἐνεμεοσαρου,
513 2092 565 2154 καί
583 2089 659 2174 ἥυην
685 2090 779 2156 αὐτοῦ
809 2095 860 2157 καί
872 2091 1074 2159 ἀνέπεοατοῦ
1086 2087 1413 2174 φαγεῖνέκαίίθεασύ-

174 2169 354 2258 ἀγοραστης,
378 2173 471 2236 14καί
483 2157 663 2257 ἐπορευόμην
675 2179 714 2249 είς
726 2173 781 2258 την
808 2201 864 2259 μην
876 2175 944 2260 όψα
955 2172 1066 2249 πολλὰ,
1075 2177 1126 2240 καί
1139 2173 1207 2239 εἶπα
1218 2179 1264 2258 τῷ
1277 2177 1334 2258 υίῷ
1346 2201 1412 2257 μου.

174 2261 299 2339 Μηδίαν
317 2257 368 2319 καί
384 2259 554 2358 παρεθέμην
565 2253 718 2342 Γαβαηλῳ
735 2263 779 2341 τῷ
808 2257 930 2344 βάδισον
941 2260 993 2323 καί
1005 2257 1096 2335 ἀγαγε
1108 2254 1142 2322 ὃν
1155 2256 1193 2322 ἀν
1204 2253 1290 2341 εύρης
1302 2262 1364 2321 τῶν
1375 2255 1412 2321 ἀ-

174 2339 296 2422 ἀδελφῷ
312 2343 433 2424 Γαβρία
453 2342 483 2402 ἐν
503 2335 613 2416 Ράγοις
631 2344 684 2423 τῆς
703 2348 779 2422 Μη·
808 2342 924 2423 δελφῶν
937 2339 1019 2426 ἡμῶν
1033 2343 1128 2424 ἐνδεῆ,
1153 2336 1187 2415 ἀς
1203 2332 1344 2423 μέμνηται
1358 2342 1412 2405 τοῦ

173 2425 239 2497 δίας
257 2421 400 2507 ἀργυρίου
416 2417 550 2487 τάλαντα
567 2424 649 2488 δέκα.
688 2425 779 2487 15καί
808 2431 923 2509 κυρίου,
945 2426 997 2490 καί
1019 2423 1084 2489 ίδοὺ
1105 2427 1185 2504 μένον
1208 2448 1247 2489 σε.
1273 2423 1413 2488 3καὶέλ-

174 2503 224 2569 ότε
242 2504 393 2569 ἀπέθανεν
406 2501 590 2590 Ἔνεμεσσάρ,
609 2506 778 2591 ἐβασίλευσε
809 2509 875 2572 θὼν
901 2506 971 2572 είπε.
1002 2504 1112 2592 πάτερ,
1122 2507 1160 2581 είς
1181 2509 1215 2571 ἐκ
1231 2510 1289 2571 τού
1309 2513 1412 2586 γένους

173 2589 357 2689 Σενναχηρίμ
369 2583 388 2651 ὁ
401 2588 464 2663 υίὸς
481 2587 576 2652 αὐτοῦ
590 2587 653 2653 ἀντ’
670 2590 777 2665 αὑτοῦ,
809 2589 893 2675 ἡμῶν
918 2590 1198 2676 ίστραγγαλωμίυος
1222 2592 1358 2674 ἔρριπται
1382 2591 1412 2654 ἐν

173 2673 226 2733 καί
248 2674 282 2734 αἱ
304 2670 373 2734 οδοί
394 2668 489 2735 αὐτοῦ
513 2667 778 2754 ἢκαταστύθησαν,
809 2678 848 2756 τῆ
864 2672 972 2758 ἀγορᾷ.
1002 2672 1118 2755 4ιιοζιγοό
1137 2672 1226 2757 πρινίχ
1243 2669 1411 2750 γεύσασθαί

174 2777 225 2814 και
249 2776 306 2814 ουκ
331 2776 375 2814 ετι
399 2750 570 2833 ηδυνάσθην
593 2758 779 2836 πορευθῆναι
808 2744 853 2837 μἐ,
878 2752 1071 2839 ἀναπηδήσας
1090 2754 1244 2859 ἀνειλόμην
1262 2753 1355 2821 αἶ’τόν
1374 2753 1413 2827 εἷς

174 2837 213 2906 εἰς
225 2830 279 2914 την
291 2833 424 2914 Μηδίαν.
449 2835 529 2896 16καί
542 2838 571 2896 ἐν
582 2831 678 2916 ταῖςίγ
700 2839 779 2918 έραις
810 2863 838 2900 τι
857 2837 965 2919 οἴκημα
983 2843 1038 2911 ἕως
1056 2830 1095 2901 ού
1112 2840 1164 2902 ἔδυ
1180 2865 1199 2902 ο
1217 2835 1307 2921 ἥλιος.
1333 2837 1414 2901 6ναί

171 2910 380 2998 Ἐνεμεσσάρου
403 2912 595 2999 ἐλεημοσύνας
610 2941 652 2979 πο
690 2915 726 2991 ἀς
747 2921 779 2981 ἐ-
809 2921 993 3001 ἐπιστρέψας
1018 2916 1192 3003 ἐλουσάμην,
1229 2921 1280 2983 καί
1304 2917 1414 2999 ἤσθιον

174 3004 286 3061 ποίουν
296 3010 358 3071 τοῖς
372 2995 508 3079 ἀδελφοῖς
520 3023 587 3079 μου.
612 2995 710 3072 17τούς
722 2999 779 3084 ἀρ-
807 3001 861 3065 τὸν
878 2999 973 3085 ἀρτον
989 3026 1048 3084 μου
1065 3004 1096 3064 ἐν
1111 2999 1200 3080 λύπη.
1226 3001 1304 3062 6καί
1320 2996 1411 3099 ἐμνη-

172 3103 242 3154 τους
253 3105 311 3162 μου
324 3080 439 3144 ἐδίδουν
455 3092 518 3154 τοῖς
530 3084 662 3157 πεινῶσι,
687 3085 737 3145 καί
752 3087 778 3146 ί-
809 3095 888 3167 σθην
904 3089 957 3168 της
974 3089 1155 3186 προφητείας
1171 3071 1278 3160 ’Ἀμώς
1304 3089 1413 3154 καθως

173 3158 265 3245 μάτια
273 3173 341 3236 ,τοῖς
351 3173 480 3245 γυμνοῖς.
498 3165 550 3226 καὶ
559 3165 589 3225 εί
596 3187 663 3228 τινα
675 3167 707 3227 ἐκ
720 3170 777 3228 τοῦ
809 3166 894 3230 εἶπεν.
936 3187 1154 3252 στραφησονται
1167 3165 1201 3225 αί
1212 3163 1316 3242 ἑορταί
1330 3157 1413 3242 ὑμῶν

174 3249 277 3322 γένους
294 3270 352 3328 μου
375 3239 524 3329 ἐθεώρουν
545 3242 711 3328 τεθνηκότα
727 3250 779 3312 καὶ
810 3254 849 3323 είς
860 3252 984 3324 πένθος,
1007 3246 1165 3311 καίπάσαι
1183 3247 1214 3308 αί
1227 3240 1413 3328 εύφροούναι

175 3327 341 3413 ἐρριμμένον
351 3324 450 3392 ὀπίσω
462 3331 519 3391 τοῦ
531 3333 643 3411 τείχους
655 3331 779 3414 Νινευη,
812 3357 894 3431 υμιου
906 3358 945 3407 εις
957 3332 1079 3414 θρῆνον.
1115 3325 1347 3401 7ιιαίέἰιλαυσα,
1361 3331 1415 3394 καί

175 3411 314 3476 ἔθαπτον
333 3405 434 3475 αὐτόν.
466 3411 558 3473 18ιιαί
576 3412 605 3475 εί
621 3436 687 3477 τινα
703 3411 779 3477 ἀπέ-
811 3415 859 3479 ὁτε
872 3411 952 3479 ἐδυὸ
970 3411 1063 3499 ἣλιος,
1088 3404 1214 3496 ᾠχόμην,
1239 3414 1291 3475 καὶ
1304 3406 1416 3495 ὀρύξας

174 3514 269 3560 κτεννι
281 3495 462 3580 Σενναχηρίμ
476 3483 493 3557 ό
505 3491 649 3579 βασιλεὺς,
662 3491 711 3560 ὅτε
725 3483 779 3579 ἦλ-
811 3499 919 3579 ἔθαψα
935 3493 1037 3562 αύτόν.
1058 3495 1138 3560 8καί
1156 3498 1187 3559 οί
1203 3492 1329 3576 πλησίον
1347 3495 1414 3557 ε’πε-

174 3580 211 3641 δε
233 3574 348 3659 φεύγων
368 3582 400 3644 ἐκ
423 3581 475 3661 τῆς
492 3574 650 3654 Ἰουδαίας,
670 3582 779 3664 ἔθαψα
809 3581 919 3657 γέλων,
949 3579 1090 3658 λέγοντες.
1128 3575 1183 3644 ούκ
1209 3579 1252 3640 ἔτι
1277 3579 1412 3662 φοβεῖται

175 3658 287 3733 αύτούς
304 3658 448 3724 κλέπτων.
474 3659 605 3736 πολλοὺς
624 3661 683 3747 γάρ
702 3659 780 3725 ἀντί·
812 3665 990 3769 φονευθηναι
1008 3664 1077 3747 περί
1088 3665 1144 3725 τοῦ
1157 3652 1412 3741 πρόγμστοςτού-

174 3763 279 3804 κτεινεν
293 3744 324 3806 ἐν
336 3747 381 3824 τῷ
392 3745 483 3824 θυμῷ
494 3740 598 3819 αὐτοῦ,
614 3748 665 3808 καὶ
677 3739 779 3827 ἐζητη-
811 3770 876 3821 του,
888 3772 940 3810 και
954 3743 1081 3829 ἀπέδρα,
1106 3745 1157 3807 καί
1171 3742 1236 3807 ίδού
1249 3737 1339 3805 πόλιν
1352 3737 1414 3804 θά-

175 3830 219 3903 θη
233 3818 296 3886 ἀπὸ
308 3828 363 3887 τοῦ
374 3825 519 3909 βασιλέως
531 3822 571 3888 τά
584 3822 779 3906 σώματα,καί
811 3854 876 3893 πτει
895 3827 968 3900 τούς
985 3821 1112 3911 νεκρούς.
1138 3827 1155 3869 ⁹
1170 3824 1223 3890 καί
1235 3827 1266 3888 ἐν
1278 3821 1356 3905 αύτῆ
1376 3826 1414 3914 τῇ

175 3901 230 3986 οὐχ
247 3901 366 3990 εὑρέθη.
395 3909 423 3948 ¹⁹
436 3909 592 3990 πορευθείς
609 3907 642 3971 δὲ
660 3907 700 3979 είς
718 3912 779 3972 τῶν
811 3913 892 3974 νυκτί
903 3910 1031 3975 ἀνέλυσαν
1045 3905 1171 3992 θάψας,
1192 3911 1244 3971 καί
1256 3895 1416 4009 ἐκοιμλὶθην

176 3986 207 4050 ἐν
225 3987 344 4069 Νινευη,
372 3984 499 4064 ὑπέδειξε
518 3993 563 4072 τῷ
579 3989 696 4074 βασιλεῖ
711 3991 779 4074 περί
810 3995 1001 4075 μεμιαμμένος
1013 3990 1099 4077 παρά
1116 3991 1171 4055 τόν
1182 4001 1283 4074 τοῖχον
1296 3992 1347 4072 τῆς
1360 4015 1416 4053 αυ-

176 4067 247 4150 ἐμοῦ
261 4062 307 4130 ότι
319 4063 433 4132 θάπτιο
446 4068 567 4144 αύτούς,
580 4071 632 4134 καί
645 4067 777 4156 ἐκρύβην.
811 4077 869 4158 λης.
885 4073 985 4139 καὶτὸ
998 4068 1161 4159 πρόςωπόν
1172 4099 1229 4154 μου
1242 4067 1415 4137 ἀκάλυπτον

176 4147 314 4225 ἐπιγνούς
334 4149 365 4213 δὲ
384 4149 430 4214 ὅτι
446 4155 586 4234 ζητοῦμαι
601 4150 776 4230 ἀποθανεῖν,
811 4147 854 4241 ἦν,
880 4160 908 4201 ¹⁰
921 4161 972 4223 καὶ
985 4157 1040 4223 οὐκ
1058 4155 1136 4250 ᾔδειν
1153 4152 1199 4221 ὅτι
1217 4159 1368 4239 στρουθία
1386 4155 1416 4218 ίν

176 4234 319 4332 φοβηθείς
333 4229 511 4334 ἀνεχμίρησα.
545 4235 776 4335 2’θκαίδιηρπύ-
810 4245 855 4325 τῷ
875 4247 968 4325 τοίχῳ
991 4244 1062 4304 ἐστί.
1089 4241 1140 4305 καί
1160 4242 1221 4303 τῶν
1245 4235 1415 4319 ὀφθαλμοῖν

174 4339 211 4399 γη
224 4339 325 4379 παντο
337 4339 377 4379 τα
390 4338 565 4398 υπαρχοντα
578 4342 650 4398 μου,
675 4322 726 4384 καί
738 4319 776 4386 ού
808 4349 865 4407 μου
878 4317 1247 4406 ἀνεῳγόταιν,ἀφοίδευσαν
1258 4320 1298 4383 τά
1313 4343 1414 4403 στρου·

174 4397 356 4480 κατελείφθη
382 4418 435 4479 μοι
460 4396 556 4473 οὐδέν,
578 4399 655 4484 πλην
673 4399 777 4488 Ἄννας
808 4408 868 4471 θία
880 4406 993 4489 θερμὸν
1011 4409 1051 4480 είς
1064 4402 1134 4479 τούς
1153 4397 1335 4484 ὀφθαλμούς
1344 4426 1416 4484 μου»

174 4480 228 4568 τῆς
239 4476 374 4560 γυναικός
384 4503 453 4562 μου,
465 4483 516 4544 καί
531 4485 649 4570 Τωβίου
661 4489 717 4551 τοῦ
729 4490 775 4551 υί-
811 4491 861 4554 καί
873 4482 1287 4573 ἐγενηθηλευκώματαίντοτς
1295 4481 1417 4567 ὀφθαλ-

1347 4575 1420 4649 ννϊε
