2924 4972
101 224 165 287 278
332 218 607 282 ΒΛΣΙΛΕΙΩΝ
635 214 811 277 mm
846 218 926 293 σου.
940 213 976 288 ς’.
990 209 1029 289 ζ’.
1043 213 1073 279 6.
1087 215 1117 280 7.

102 351 158 431 ρίῳ
176 339 279 418 δόξαν,
306 338 388 415 ὅπως
407 344 534 421 κουφίοη
551 336 606 422 τήν
625 349 706 422 χεῖρα
744 334 848 415 γάλου.
873 344 925 404 καί
936 343 968 403 σί
980 338 1081 423 ἄνδρες
1099 334 1284 420 Βαιθσαμῦς
1296 336 1349 402 σἰν-

101 426 199 492 αῦτοῦ
212 423 263 507 ἀφ’
284 422 382 526 ὑμῶν,
409 424 461 486 καί
479 411 541 486 ἀπὸ
554 425 616 487 τῶν
627 426 707 485 θεῶν
745 417 869 502 ήνεγκαν
892 417 1106 496 ὁλοκαυτώσεις
1122 423 1174 486 καὶ
1189 426 1300 495 θυσίας
1319 425 1352 485 ἐν

103 507 194 592 ῦμιῦν,
220 511 272 572 καί
288 503 352 571 απὸ
367 508 422 588 τῆς
440 508 493 587 γής
512 501 601 586 ῦμιῦν.
629 504 708 568 6καί
745 509 782 599 τῇ
799 503 895 590 ήμέρρ
913 507 1004 594 ἐκείνη
1022 509 1068 589 τῷ
1084 509 1185 588 κυρίῳ.
1209 504 1301 566 16καὶ
1319 506 1351 567 οί

104 597 185 656 ίνατί
195 586 334 677 βαρύνετε
346 586 400 663 τὰς
412 588 536 674 καρδίας
550 584 639 668 ῦμιῦν,
665 583 707 661 ὡς
744 591 832 652 πέντε
850 583 1003 673 σατράπαι
1020 592 1079 653 τῶν
1095 581 1276 666 άλλοφῦλων
1293 584 1351 649 ἑώ-

103 671 239 761 ἒβάρυνεν
261 674 423 749 Αἴγυπτος
443 675 494 734 καὶ
514 666 632 754 Φαραώ
652 667 707 752 τήν
746 693 816 772 ρωνῖ
839 672 894 735 καὶ
909 669 1094 755 ἀνέστρεψαν
1116 674 1156 744 είς
1176 665 1351 733 Ἀσκάλωνα

102 759 228 843 καρδίαν
251 753 369 832 αῦτιῦνς
401 750 468 837 ούχί
490 750 538 817 δ’τε
561 755 709 828 ἐνέπαιξεν
744 758 784 843 τῇ
796 756 888 840 ημὲρα
902 756 1002 836 ἐκείνη.
1026 754 1109 818 17ιιαδ
1121 745 1211 816 αῦται
1225 753 1300 816 α’ίὲδ
1320 778 1352 815 αι

104 840 218 914 αὐτοῖς,
236 836 444 914 ἐξαπέστειλαν
455 832 566 910 αῦτοῦς
584 838 634 900 καί
647 833 708 899 ἀπ·
746 838 780 900 αἱ
791 848 907 921 χρυσαῖ,
920 833 955 910 ἃς
971 825 1130 904 δπέδιοκαν
1144 839 1175 899 οί
1188 778 1351 916 ἀλλόφυλοι

102 924 200 1007 ήλθσν
205 950 218 1000 ,·
245 923 258 964 ⁷
270 923 322 985 καὶ
333 925 385 985 νῦν
400 914 501 1005 λάβετε
513 923 565 983 καὶ
577 916 708 1002 ποιήσα-
746 921 799 1000 τῆς
821 915 957 1005 βασάνου
969 924 1014 1003 τῷ
1025 925 1129 1003 κυρίῳ,
1153 923 1208 1002 τής
1220 915 1350 994 Ἀζώτου

103 1032 134 1071 τε
147 1002 263 1086 ἅμαξαν
273 1000 384 1086 καινήν,
408 998 525 1068 καὶδύο
537 998 611 1088 βόας
623 1028 709 1087 πρω-
745 1007 824 1083 μίαν,
837 1006 890 1086 τῆς
901 998 1001 1086 Γάζης
1012 1009 1092 1085 μίαν,
1105 1007 1158 1086 τής
1165 998 1352 1078 Ἀσκάλωνος

102 1083 292 1162 τοτοκούσας
317 1086 385 1151 άνευ
411 1090 473 1151 τῶν
497 1089 615 1150 τέκνων.
657 1088 710 1150 καί
745 1090 825 1167 μίαν,
838 1089 889 1169 τής
901 1085 970 1150 Γὶθ
981 1094 1061 1168 μίαν,
1074 1085 1288 1168 τήςἈκκαριῦν
1300 1092 1351 1168 μί-

104 1171 221 1250 ζεύξατε
246 1167 301 1245 τὰς
324 1165 399 1256 βόας
424 1172 457 1233 ἐν
480 1172 520 1261 τῇ
537 1164 645 1261 ῦμάξη,
658 1171 709 1233 καί
748 1194 794 1232 αν.
820 1169 905 1233 13καί
915 1173 970 1249 μῦς
982 1175 1014 1234 σί
1025 1181 1131 1254 χρυσοῖ
1141 1167 1202 1234 κατ’
1220 1169 1351 1254 ἀριθμὸν

104 1251 274 1334 ἀπαγάγετε
286 1251 326 1318 τὰ
338 1255 426 1316 τέκνα
437 1248 501 1316 άπὸ
515 1250 642 1317 ὄπισθεν
654 1249 709 1315 αύ-
747 1255 855 1316 πασοῦν
871 1248 988 1317 πόλεων
1009 1258 1069 1318 τῶν
1089 1247 1268 1333 ἀλλοφύλων
1291 1258 1353 1317 τῶν

105 1345 167 1405 τῶν
179 1345 218 1413 είς
230 1335 321 1402 οἶκον.
347 1337 427 1400 8καί
445 1333 579 1417 λήψεσθε
598 1332 652 1417 τήν
664 1360 711 1399 κι·
747 1339 834 1401 πέντε
851 1340 1016 1422 σατραπῶν
1033 1339 1065 1399 ἐκ
1082 1331 1198 1410 πόλεως
1215 1339 1353 1421 ἐστερεω-

105 1420 214 1510 βωτὸν,
227 1422 279 1485 καί
296 1414 404 1502 θήσετε
423 1415 520 1524 αῦτήν
537 1421 588 1484 ίπί
604 1415 660 1501 τήν
672 1413 710 1482 δι’·
748 1423 835 1503 μένης
850 1421 901 1484 καὶ
919 1425 974 1495 ἕως
993 1415 1092 1503 κώμης
1108 1424 1164 1484 τοῦ
1186 1422 1354 1504 Φερεζαίου,

104 1509 212 1590 μαξαν,
237 1506 288 1567 καὶ
306 1502 346 1568 τά
363 1495 450 1584 σκεύη
463 1525 508 1566 τα·
519 1504 616 1588 χρυσᾶ
628 1499 710 1566 άπο-
749 1502 800 1566 καί
812 1506 867 1578 ἕως
879 1501 969 1568 λίθου
982 1509 1036 1568 τοῦ
1046 1495 1227 1586 μεγάλου,οῦ
1242 1506 1353 1587 ἐπίθη-

106 1587 213 1654 δώσιτε
226 1582 303 1679 αὐτῇ
315 1588 368 1669 τῆς
378 1580 525 1671 βασάνου,
552 1589 604 1651 καί
615 1580 710 1670 θήσε-
748 1583 860 1651 κανίνί
883 1584 979 1651 αὐτοῦ
998 1585 1052 1671 τήν
1070 1585 1197 1735 κηβωτδν
1208 1583 1354 1670 διαθήκης

104 1697 137 1737 τε
163 1675 194 1736 ἐν
217 1672 328 1752 θέματι
349 1667 522 1754 Βερυεχθάν
547 1672 580 1734 ἐκ
603 1671 710 1755 μέρους
749 1674 922 1754 κυρίσυ,τοῦ
935 1673 966 1734 ἐν
980 1668 1081 1755 ἆγρῴ’
1116 1669 1168 1754 σηὲ
1180 1675 1237 1735 τοῦ
1249 1675 1354 1735 Βαιθ-

105 1753 205 1829 αῦτ”ς.
230 1755 281 1818 καί
299 1751 517 1829 ίξαποστελείτε
530 1750 636 1837 αὐτήν,
660 1755 710 1817 καί
750 1757 919 1834 σαμυσίτου.
947 1755 974 1796 ¹⁹
987 1756 1039 1822 καί
1063 1752 1118 1818 οῦκ
1142 1752 1298 1839 ήσμένισαν
1323 1759 1355 1819 ολ

105 1783 275 1903 ἀπελύσατε
300 1833 404 1939 αὐτήν,
430 1837 483 1900 καί
507 1833 710 1912 ἀπελεύσεσθε,
749 1834 953 1920 υίοδἸεχσνίου
962 1841 992 1902 ἓν
1001 1847 1064 1913 τοῖς
1073 1834 1198 1925 ἀνδράσι
1208 1843 1353 1903 Βαιθσο-

105 1924 120 1966 ⁹
134 1925 184 1986 καὶ
196 1919 352 2005 ι’ίψεσθε,εί
364 1916 434 1983 οδὸν
446 1916 536 2001 ὁρίων
549 1917 641 2001 αὐτῆς
652 1944 710 1985 πο-
748 1915 811 2002 μῦς,
824 1914 871 1983 ὅτι
884 1918 964 1986 εἶδαν
976 1920 1104 2007 κιβωτὸν
1116 1928 1226 2007 κυρίου.
1257 1922 1309 1985 καί
1321 1925 1350 1985 ε’-

106 2001 235 2090 ρεύσεται
256 2002 330 2086 μετά
350 1999 521 2085 Βεθσαμῦς,
546 1999 637 2078 αι’πδς
658 2028 706 2068 πε-
749 1998 878 2080 πάταξεν
899 2007 931 2070 ἐν
953 2001 1057 2079 αὐτοῖς
1076 2006 1165 2092 ἑβδσμ
1175 2001 1276 2069 ’κοντα
1299 2003 1351 2070 άν-

104 2095 226 2172 ποίηκεν
239 2083 308 2171 ήμῖν
324 2084 380 2170 τήν
396 2092 504 2152 κακίαν
519 2083 573 2172 τήν
584 2082 712 2172 μεγάλην
749 2087 837 2172 δρας,
863 2089 914 2154 καί
938 2086 1121 2173 πεντήκοντα
1143 2115 1161 2175 χ
1202 2083 1276 2163 άδας
1299 2085 1353 2153 διν-

105 2168 227 2275 ταῦτην.
253 2173 305 2237 καὶ
320 2172 373 2236 δάν
388 2169 426 2279 μή
433 2219 443 2246 ,
465 2173 516 2235 καί
531 2168 711 2255 γνωσόμεθα
749 2171 835 2256 δροῦν.
860 2173 912 2236 καὶ
924 2173 1081 2257 ἐπένθησεν
1093 2171 1111 2238 ὁ
1122 2170 1204 2251 λαὸς,
1218 2168 1265 2236 ὅτι
1278 2170 1354 2239 ἐπά-

107 2250 154 2320 ῦτι
168 2280 205 2319 ου
220 2255 281 2339 χείρ
294 2252 392 2318 αὐτοῦ
406 2278 497 2337 ηπται
510 2250 607 2359 ἡμῶν,
630 2251 710 2323 ἀλλά
749 2256 816 2330 ταξε
829 2251 931 2339 κύριος
947 2258 977 2319 ἐν
990 2261 1039 2341 -τῴ
1051 2257 1118 2339 λαῷ
1137 2254 1253 2357 πληγήν
1263 2252 1354 2336 μεγάκ

107 2334 275 2421 σύμπτωμα
288 2340 377 2401 τοῦτο
392 2340 508 2414 γέγονεν
519 2351 594 2423 ημῖν.
620 2340 712 2404 10καί
749 2336 802 2421 λην
815 2335 940 2423 σφόδρα.
966 2341 997 2384 ²⁰
1008 2342 1060 2406 καί
1071 2337 1156 2404 εἶπαν
1168 2343 1200 2404 σί
1211 2339 1354 2487 ιἰιδηρΰςσί

107 2425 251 2506 ἐποίησαν
263 2423 294 2484 σί
307 2415 469 2503 ἀλλόφυλοι
487 2418 577 2488 οῦτοι.
616 2422 711 2487 καδίί-
749 2423 781 2485 ἐκ
794 2418 983 2506 Βαιθσαμύς.
1009 2430 1054 2499 τίς
1066 2422 1216 2508 δυνήσεται
1230 2424 1270 2487 διε
1314 2435 1355 2487 εῖν

107 2506 200 2593 λαβον
212 2499 266 2571 δύο
277 2500 354 2611 βόας
364 2504 635 2591 πρωτοτοκοῦσας,
661 2507 712 2574 καί
749 2499 876 2571 ἐνώπιον
892 2513 995 2592 κυρίου
1020 2511 1075 2573 τοῦ
1092 2513 1168 2574 θεοῦ
1190 2512 1245 2573 τοῦ
1265 2504 1354 2586 ἁγίου

107 2593 224 2668 ἔζευξαν
250 2584 343 2665 αυτδις
362 2591 392 2652 ἐν
408 2594 446 2693 τῇ
466 2585 574 2674 άμάξη,
594 2591 646 2655 καὶ
669 2585 710 2657 τά
749 2583 875 2668 τούτου,Ι
910 2587 1060 2677 καὶπρὸς
1085 2599 1153 2657 τίνα
1178 2588 1354 2679 ἀναβήσεται

106 2677 196 2737 τέκνα
221 2671 322 2737 αὐτῶν
342 2668 594 2748 άπεκουλυσανέῑς
619 2672 710 2739 οἶκον.
749 2669 874 2757 κιβωτὸς
891 2680 995 2760 κυρίου
1012 2673 1061 2757 ἀφ’
1086 2673 1183 2760 ήμοῦν,·
1206 2679 1297 2741 21καί
1314 2674 1352 2745 ἆ·-

107 2760 132 2797 ¹¹
144 2757 196 2824 καί
208 2757 311 2819 ἔθεντο
328 2750 382 2836 τήν
400 2753 526 2841 κιβωτὸν
542 2761 644 2839 κυρίου
662 2758 713 2820 ἐπὶ
750 2756 964 2824 συστέλλουσιν
997 2756 1145 2836 άγγιλους
1181 2787 1205 2823 π
1230 2759 1258 2833 ’ς
1284 2758 1354 2833 τούς

107 2835 162 2922 τήν
173 2833 304 2921 ἅμαξαν,
330 2837 381 2899 καί
398 2837 434 2900 τδ
447 2839 528 2920 θέμα
537 2835 650 2924 Ἐργάβ
662 2841 713 2904 καί
750 2846 963 2915 κατοικοῦντας
975 2846 1196 2925 Καριαθιαρὶμ,
1238 2844 1351 2916 ’γοντες

107 2917 178 2997 τούς
189 2925 244 3006 μῦς
255 2919 328 2995 τοὺς
338 2922 471 3004 χρυσοῦς.
504 2923 532 2963 ¹²
543 2922 595 2986 καί
607 2917 713 2986 κατεύ-
750 2919 970 3013 ἀπεστράφασιν
981 2919 1146 3005 άλλάφυλοι
1159 2921 1214 3006 τήν
1226 2920 1353 3008 κιβωτὸν

107 3015 204 3069 θυναν
229 3009 262 3068 αί
287 2998 355 3090 βόες
379 3005 411 3067 ἒν
435 3007 475 3095 τῇ
488 2999 550 3088 ὁδῷ
576 3008 615 3081 είς
638 3001 711 3072 δδὸν
749 3014 865 3093 κυρίου,
891 3002 1037 3110 κατάβητε
1056 3010 1107 3072 καί
1125 3001 1355 3092 ἆναγάγετεαῦ·

106 3083 303 3168 Βαιθοαμῦς,
330 3088 360 3148 ἐν
371 3090 463 3192 τρίβῳ
475 3088 519 3151 ἑνί
531 3084 709 3175 ἐπορεύοντο
747 3087 802 3176 τήν
812 3090 887 3177 πρὸς
897 3092 1030 3165 ἑαυτους.

106 3173 157 3235 καί
169 3173 308 3245 ἐκοπίων,
325 3170 376 3233 καὶ
388 3193 424 3233 ου
437 3176 617 3251 μεθίσταντο
629 3174 709 3250 δεξιά
943 3179 976 3236 1(
989 3180 1019 3237 E
1035 3179 1073 3237 Φ.
1117 3169 1166 3247 Ζ’,

107 3252 177 3319 οῦδὲ
190 3246 338 3339 ἀριστερά.
377 3257 428 3320 καί
440 3257 471 3319 σί
483 3252 636 3340 σατράπαι
649 3263 710 3324 τῶν
747 3224 829 3322 Καὶ
847 3260 982 3342 ἔρχονται
1007 3261 1038 3322 οἱ
1059 3255 1160 3344 άνδρες
1176 3265 1353 3347 Καριαθια-

107 3335 290 3442 ἆλλορύλαν
307 3333 482 3423 ἐπορεύοντο
498 3336 599 3406 ὀπίσω
616 3339 709 3426 αὐτῆς
747 3343 812 3425 ρὶμ,
837 3341 889 3404 καί
900 3336 1062 3419 ἀνάγουσιν
1078 3340 1133 3425 τήν
1149 3344 1275 3430 κιβωτὸν
1287 3344 1353 3409 δια-

106 3427 162 3498 ἕως
178 3428 279 3510 ὀρίουν
293 3417 483 3506 Βαιθσαμύς.
508 3424 536 3466 ¹³
562 3427 614 3490 καί
629 3429 660 3490 σί
677 3428 708 3489 ἐν
746 3419 807 3507 θήν
826 3450 842 3499 ς
865 3430 976 3511 κυρίου.
1002 3428 1055 3492 καί
1075 3422 1236 3506 ελςάγουσιν
1261 3424 1354 3511 αῦτήν

104 3504 268 3591 Βεθσαμῦς
293 3507 424 3613 ἐθέριζον
441 3504 583 3594 θερισμὸν
606 3514 709 3595 πυρῶν
746 3511 786 3585 είς
796 3450 881 3574 ολκον
898 3506 1061 3600 Ἀμιναδάβ
1071 3512 1125 3577 τὸν
1137 3517 1168 3577 ἐν
1183 3516 1229 3594 τῷ
1239 3516 1350 3599 βουνρῦ.

105 3593 136 3654 ἓν
148 3586 270 3656 κοιλάδι.
296 3591 347 3655 καὶ
363 3613 439 3680 ηραν
456 3588 635 3676 ὀφθαλμοὺς
652 3590 710 3657 αύ-
745 3593 797 3657 καδ
807 3591 1012 3682 τδνἸίλεάζαρ
1031 3593 1086 3661 τὸν
1096 3596 1162 3660 υίδν
1175 3593 1272 3659 αὐτοῦ
1284 3592 1352 3694 ήγί·

103 3675 232 3748 τιῦν,καδ
244 3671 323 3737 εἶδον
333 3673 460 3760 κιβωτὸν
472 3681 584 3761 κυρίου,
593 3678 645 3741 καί
656 3672 711 3760 ηὖ-
746 3701 825 3744 ασαν
836 3676 996 3762 φυλάσσειν
1009 3677 1062 3762 τήν
1072 3674 1196 3762 κιβωτὸν
1208 3676 1352 3756 διαθηκης

106 3752 287 3851 ρράνθησαν
297 3754 505 3842 είςᾶπύντησιν
515 3757 615 3841 αὐτῆς.
627 3757 710 3825 14καί
745 3767 858 3845 κυρίου.
883 3763 963 3826 2καί
977 3757 1100 3844 ἐγενήθη
1118 3754 1170 3838 ἀφ’
1191 3748 1225 3838 ἧς
1242 3751 1300 3838 ἦν’
1316 3781 1351 3830 αἳ

105 3835 238 3920 ηίίμαξα
249 3837 378 3920 είςήλθεν
398 3846 436 3917 είς
453 3840 644 3928 ῦιγρὸνὨσηδ
655 3843 710 3909 τὸν
745 3834 812 3927 ἦνῆ
826 3840 952 3928 κιβωτὸς
966 3847 998 3909 δν
1009 3843 1229 3943 Καριαθιαρίμ,
1256 3841 1295 3901 ἐπ
1314 3832 1350 3921 ή-

106 3921 344 4006 ἕνΒαιθσαμύς,
364 3927 416 3990 καί
428 3928 480 3992 ἔστ
499 3951 554 3992 σαν
566 3923 706 4009 snm?
745 3935 842 3989 θυναν
858 3929 892 3988 αἱ
909 3922 1022 4008 ήμέροι.
1059 3926 1111 3987 καί
1128 3924 1241 3999 ἐγενετο
1259 3919 1350 3985 εἴκοσι

107 4004 185 4099 αὐτῇ
209 4006 298 4072 λίθον
322 4011 420 4090 μέγαν.
447 3952 499 4075 καλ
517 4011 645 4094 σχίζουσι
668 4002 710 4071 τά
744 4008 807 4088 ἔτη,
818 4008 870 4071 καί
882 4006 1042 4092 ἐπέβλεψεν
1059 4008 1120 4080 πῦς
1137 4003 1219 4079 οἶκος
1227 4000 1351 4109 Ἰσραήλ

105 4084 181 4165 ξύλα
193 4093 246 4174 τής
257 4086 386 4176 ἁμάξης,
418 4093 470 4157 καλ
481 4087 537 4168 τάς
548 4085 625 4176 βόας
636 4083 709 4172 ἇνή-
745 4086 842 4154 ὀπίσω
867 4094 975 4174 κυρίου.
1011 4089 1093 4154 3καὶ
1118 4086 1179 4153 εἶπε
1205 4088 1351 4172 Σαμουηλ

106 4198 209 4250 νεγκαν
245 4179 285 4250 είς
310 4170 513 4242 ὁλοκαύτωσιν
528 4176 573 4255 τῷ
602 4177 707 4256 κυρίου.
743 4170 820 4258 πρὸς
832 4167 935 4237 πάντα
946 4171 1030 4237 οἷκον
1038 4169 1172 4279 Ἰσραήλ,
1197 4171 1298 4249 λέγων.
1326 4176 1351 4239 εί

105 4256 347 4325 1’καλοίΑευίται
359 4238 709 4361 ἂνήνεγκαντήνκιβοντδν
744 4260 774 4322 ἐν
788 4252 845 4361 ὅλη
857 4256 967 4360 καρδίη
981 4253 1065 4340 ῦμοῦν
1081 4268 1159 4339 υμεῖς
1175 4258 1350 4339 ἐπιπρέπε-

105 4347 161 4406 τοῦ
174 4348 291 4427 κυρίου,
317 4344 368 4406 καί
379 4362 414 4404 το
428 4340 509 4423 θίμα
523 4335 637 4445 Ἔργάβ
647 4338 704 4422 μετ’
743 4366 775 4406 τε
786 4365 862 4425 προς
873 4364 986 4426 κυριον,
999 4342 1143 4446 περιίλετε
1155 4340 1245 4416 θεοὺς
1256 4338 1350 4407 ἀλλο-

105 4423 195 4508 αῦτής
207 4427 259 4490 καί
270 4423 310 4489 τά
323 4420 367 4490 ἐπ’
385 4419 476 4506 αῦτής
487 4417 574 4507 σκεύη
586 4446 627 4488 τα
638 4447 709 4511 χρυ-
743 4429 844 4513 τρίσυς
869 4427 901 4488 ἐκ
917 4425 1019 4524 μέσου
1037 4429 1119 4529 υμιῦν
1132 4428 1183 4490 καί
1199 4423 1239 4490 τά
1263 4425 1349 4509 άλση,

105 4513 154 4586 σᾶ,
167 4510 218 4574 καὶ
231 4510 334 4574 ἔθεντο
348 4507 399 4574 ίπί
415 4509 471 4571 τοῦ
485 4503 575 4574 λίθου
591 4511 646 4574 τοῦ
659 4533 709 4594 με-
745 4511 797 4576 καί
822 4508 999 4594 ἓτσιμασατε
1030 4536 1084 4588 τας
1119 4511 1242 4598 καρδίας
1267 4506 1352 4610 ῦμιρυ

1275 4620 1350 4678 προς
