2924 4972
171 221 238 282 402
402 215 692 278 ΒΑΣΙΛΕΙΩΝ
723 216 956 276 TETAPTH
994 215 1203 292 Κεφ.ιιγ’.23.

171 335 245 398 2καί
259 330 345 417 άνέβη
358 327 374 393 ὁ
387 324 523 415 βασιλεύς
533 331 572 399 είς
582 325 664 390 οίκον
673 334 778 411 κυρίου
811 325 956 411 ἀνέβησαν
972 330 1003 389 οῖ
1021 329 1102 412 ίερεῖς
1119 331 1180 390 τῶν
1199 323 1325 410 ὑψηλῶν
1344 333 1421 415 πρὸς

173 418 223 480 καί
247 418 308 488 πῦς
333 413 406 497 ἀνήρ
429 408 532 474 Ἰούδα
556 413 607 473 καί
623 406 730 483 πάντες
748 412 780 472 οἱ
811 407 847 472 τὸ
864 405 1079 493 θυσιαστήριον
1096 415 1198 492 κυρίου
1218 413 1250 473 ἐν
1266 405 1419 495 Ἰερουσα-

173 500 376 570 κατοικοῦντες
391 497 422 558 ἐν
439 490 631 578 Ἰερουσαλήμ
646 490 705 574 μετ’
724 489 779 556 αύ-
812 488 884 575 λήμ,
910 487 956 555 ὅτι
976 489 1049 575 είμή
1063 495 1176 571 ἔφαγον
1189 489 1283 573 άζυμα
1296 497 1422 580 ἐνμέσῳ

172 585 243 656 τοῦ,
269 583 319 644 καί
333 583 364 644 οἶ
377 582 475 662 ίερεῖς,
500 577 551 639 καί
570 579 601 639 οἱ
613 578 779 660 προφῆται,
813 580 873 638 τοῖν
886 572 1023 652 ἀδελφῶν
1036 572 1144 639 αύτιῦν.
1159 577 1245 639 10καὶ
1257 581 1356 658 ἐμίανε
1369 579 1422 645 τὸν

172 665 224 728 καί
242 667 304 737 πᾶς
323 658 341 728 ὁ
359 662 433 735 λαὸς
451 655 513 723 άπὸ
531 663 637 742 μικροῦ
657 660 708 722 καί
726 663 780 732 ἕως
817 656 927 737 Ταφὲθ
948 654 1001 721 τὸν
1018 660 1049 723 ἐν
1068 653 1200 744 φάραγγι
1219 663 1288 722 υἱοῦ
1304 659 1423 746 Ἐννὸμ,

171 743 316 830 μεγάλου,
340 746 392 808 καὶ
409 742 521 820 άνέγνιο
538 744 569 804 ἐν
585 739 658 805 ὠσίν
679 738 780 804 αὐτῶν
813 744 867 804 τοῦ
890 741 1037 818 διαγαγεῖν
1053 740 1150 826 ἄνδρα
1167 739 1222 806 τὸν
1240 740 1307 807 υἱὸν
1325 744 1422 811 αὐτοῦ

173 829 290 902 πάντας
315 829 385 903 τοὺς
402 821 510 903 λόγους
526 828 580 889 τοῦ
594 825 710 911 βιβλίου
727 827 780 906 τής
812 827 862 888 καί
887 823 982 909 ἄνδρα
1005 821 1059 906 τήν
1082 828 1239 910 θυγατέρα
1263 823 1358 892 αὐτοῦ
1377 837 1422 911 τῷ

172 909 318 996 διαθήκης
334 915 390 975 τοῦ
407 906 577 995 εὑρεθέντος
596 911 627 970 έν
639 907 713 989 οἴκῳ
726 931 780 968 κυ-
813 902 925 990 Μολόχ
939 910 971 969 ἐν
985 911 1068 992 πυρί.
1085 910 1168 971 11καί
1179 913 1339 975 κατέκαυσε
1352 911 1422 987 τούς

172 1001 248 1082 ρίου.
274 996 288 1036 ³
302 995 352 1058 καὶ
369 996 438 1076 έστη
457 987 621 1078 ὁβασιλεύς
637 989 716 1075 πρὸς
727 987 781 1053 τὸν
812 994 922 1063 ἰ’ππους
934 983 986 1063 οῦς
999 990 1115 1055 ἔδωκαν
1123 991 1251 1077 βασιλεῖς
1261 987 1362 1058 Ἰούδα
1376 1000 1421 1059 τιῦ

173 1075 292 1154 στύλον,
306 1079 357 1140 καί
366 1076 484 1140 διέθετο
495 1071 642 1156 διαθήκην
651 1069 780 1136 ἐνώπιον
814 1069 887 1156 ήλίῳ
902 1075 933 1136 ἐν
950 1076 988 1164 τῇ
1002 1067 1102 1155 εῖςύδῳ
1120 1075 1205 1139 οἴκου
1218 1081 1322 1157 κυρίου
1334 1081 1373 1153 εἰς
1385 1061 1422 1143 τί)

171 1167 273 1245 κυρίου
293 1164 350 1225 τοῦ
362 1154 544 1245 πορεύεσθαι
558 1156 654 1221 ὀπίσω
667 1161 779 1240 κυρίου,
812 1151 1030 1234 γαζοφυλάκιον
1053 1152 1173 1222 Νάθαν
1197 1157 1341 1243 βασιλέως
1364 1165 1421 1225 τοῦ

171 1248 228 1308 τοῦ
242 1239 401 1326 φυλάσσειν
413 1241 467 1316 τὰς
480 1236 601 1317 ἐντολάς
612 1237 717 1314 αὐτοῦ,
730 1237 780 1301 καί
814 1234 952 1321 εὐνούχου
974 1243 1005 1302 ἐν
1017 1243 1191 1326 φαρουρίμ.
1217 1243 1268 1305 καί
1283 1238 1319 1304 τὸ
1339 1238 1422 1326 άρμα

171 1326 213 1392 τά
225 1324 374 1413 μαρτύρια
393 1321 504 1397 αὐτοῦ,
528 1325 580 1387 καί
600 1319 641 1385 τά
658 1316 780 1386 δικαιοί·
814 1326 870 1386 τοῦ
882 1319 969 1405 ήλίου
982 1325 1159 1388 κατέκαυσεν
1170 1350 1211 1388 πυ
1232 1326 1256 1398 ί,
1280 1327 1309 1366 ¹²
1319 1328 1370 1389 καί
1384 1327 1422 1389 τά

172 1435 256 1492 ματα
282 1406 379 1472 αὐτοῦ
405 1409 436 1470 ἔν
457 1401 541 1496 πάσή
557 1405 664 1488 καρδίᾳ
682 1407 733 1468 καί
749 1407 781 1467 ἐν
813 1400 1014 1510 θυσιαστήρια
1026 1404 1065 1470 τά
1080 1408 1130 1471 ίπί
1142 1411 1198 1472 τοῦ
1213 1351 1354 1490 δώματος
1367 1412 1422 1472 τοῦ

173 1488 259 1580 πάσῃ
274 1509 318 1570 φυ
336 1494 371 1580 ᾗ,
395 1491 451 1551 τοῦ
467 1485 633 1570 ἀναστῆσαι
645 1483 715 1560 τούς
727 1481 781 1548 λά·
815 1484 953 1570 ὑπερῴου
967 1487 1070 1573 Άχαζ,
1095 1485 1117 1554 ά
1134 1493 1279 1573 ἐποίησαν
1296 1491 1421 1577 βασιλεῖς

172 1598 243 1651 γους
253 1576 306 1654 τής
318 1514 430 1654 διαθήκ
450 1595 464 1644 ς
476 1564 595 1652 ταύτης,
605 1565 643 1633 τά
652 1592 781 1653 γεγραμ-
812 1567 922 1635 Ἰούδα.
939 1574 991 1636 καί
1002 1569 1040 1637 τά
1055 1569 1256 1660 θυσιαστήρια
1269 1570 1291 1638 ά
1304 1578 1422 1658 ἐποίησε

173 1658 247 1739 μένα
266 1655 317 1717 ἐπὶ
333 1650 371 1718 τὸ
387 1595 500 1739 βιβλίον
518 1657 620 1716 τοῦτο.
646 1656 697 1717 καί
710 1656 780 1734 ἔστη
815 1659 980 1738 Μανασσῆς
998 1657 1028 1717 ἰν
1040 1666 1107 1730 ταῖς
1119 1657 1202 1721 δυσίν
1218 1654 1322 1731 αύλαῖς
1335 1658 1421 1722 οἴκου

172 1742 234 1813 πάς
251 1733 355 1811 ὁλαύς
374 1740 405 1800 ἒν
417 1741 454 1818 τῆ
467 1734 604 1826 διαθήκη.
629 1734 711 1798 4καί
723 1737 782 1798 ἐνεψ
815 1742 919 1822 κυρίου
936 1737 1072 1802 καθεῖλεν
1091 1736 1109 1802 ὁ
1126 1738 1262 1826 βασιλεύς
1280 1741 1331 1803 καί
1349 1766 1422 1804 κατ-

173 1821 292 1885 τεῦατο
305 1810 470 1905 ὁβασιλεῦς
478 1823 521 1901 τῷ
534 1825 570 1883 Χ
568 1821 649 1900 ελκίᾳ
658 1822 703 1900 τῷ
714 1822 784 1903 ῖερεῖ
815 1823 941 1885 έοπασεν
954 1822 1075 1897 ἐκεῖθεν,
1094 1825 1145 1886 καὶ
1158 1824 1274 1905 ε”ρριφεν
1287 1820 1340 1885 τὸν
1350 1827 1423 1905 χοῦν

173 1908 218 1988 τῷ
231 1899 349 1987 μεγάλῳ
362 1905 489 1976 καὶτοῖς
502 1905 608 1986 ἱερεῦσι
620 1905 674 2005 τής
687 1902 782 1965 δευτε-
815 1901 915 1968 αὐτῶν
940 1908 979 1978 είς
1003 1902 1058 1970 τὸν
1086 1902 1256 2010 χειμάρρουν
1285 1905 1420 1988 Κέδρων.

174 1984 293 2074 ρούσειος
302 1987 423 2060 καὶτοῖς
433 1981 616 2065 φυλάσσουσι
624 2007 678 2048 τον
688 1994 780 2049 σταθ·
814 1988 899 2050 13καὶ
909 1982 963 2050 τὸν
976 1986 1058 2053 οἷκον
1069 1987 1122 2052 τὸν
1135 1991 1185 2052 ἔπι
1196 1982 1422 2071 πρόςωπονἾε-

173 2068 243 2150 μὸν,
252 2072 310 2134 τοῦ
325 2071 475 2146 ίξαγαγεῖν
484 2072 517 2132 ἐκ
528 2073 584 2132 τοῦ
594 2071 669 2132 ναοῦ
679 2074 781 2152 κυρίου
815 2066 971 2155 ρουσαλήμ
982 2070 1037 2135 τὸν
1049 2075 1080 2136 ίκ
1091 2072 1190 2148 δεξιῶν
1198 2074 1253 2135 τοῦ
1264 2068 1354 2154 ὅρους
1365 2078 1420 2136 τοῦ

174 2148 275 2217 πάντα
299 2151 339 2216 τά
365 2149 452 2234 σκεύη
477 2150 517 2215 τά
535 2152 719 2233 πεποιημένα
737 2156 781 2234 τῷ
814 2150 963 2217 Μοσθάθ
975 2150 1010 2218 ὃν
1019 2152 1191 2239 ᾠκοδόμησε
1200 2153 1421 2240 Σαλινμώνβα-

175 2233 270 2300 Βάαλ
283 2237 333 2298 καί
345 2239 390 2316 τῷ
400 2232 481 2299 άλσει
491 2235 542 2296 καί
550 2230 634 2326 πάση
644 2238 682 2326 τῇ
692 2231 782 2298 δυνά·
815 2234 908 2310 σιλεύς
916 2232 1037 2318 Ἰσραήλ
1049 2242 1086 2318 τῆ
1095 2237 1246 2322 Ἀστάρτη
1259 2245 1421 2341 προςοχθί.

174 2343 219 2402 μει
232 2321 288 2382 τοῦ
299 2315 439 2402 ούρανοῦ.
453 2319 504 2381 καὶ
512 2319 691 2382 κατέκαυσεν
704 2314 782 2379 αύτά
815 2344 902 2399 σματι
912 2307 1074 2393 Σιδωνίωνζ
1086 2323 1139 2384 καί
1148 2323 1192 2404 τῷ
1204 2308 1319 2402 Ῐίαμοος
1330 2347 1421 2406 προς-

176 2403 238 2478 ἔξω
244 2396 438 2485 Ἰερουσαλήμ
448 2402 479 2464 έν
488 2399 638 2484 σαδημιδθ
647 2400 782 2483 Κέδρων,
816 2408 972 2503 οχθίσματι
985 2401 1100 2549 Μοιριβ,
1114 2406 1164 2468 καί
1175 2408 1220 2486 τῷ
1233 2405 1346 2488 Μολὸχ
1357 2407 1421 2490 βδε-

175 2485 227 2549 καί
240 2484 325 2572 ἔβαλε
339 2481 393 2549 τὸν
405 2488 477 2567 χοῦν
486 2480 587 2547 αὐτῶν
600 2486 639 2557 εἰς
647 2478 781 2566 Βαιθήλ.
816 2485 941 2567 λυγματι
955 2488 1028 2550 υἱῶν
1042 2483 1050 2504 '
1074 2483 1168 2569 μμιύν,
1180 2492 1294 2568 έμίανεν
1308 2486 1325 2551 ὁ
1337 2493 1420 2574 βασι-

176 2568 256 2633 6καί
279 2571 442 2634 κατέκαυσε
466 2566 537 2641 τούς
556 2569 707 2649 Χωμαρίμ
732 2561 782 2640 οῦς
815 2565 889 2643 λεύς.
909 2569 998 2632 14καί
1010 2571 1163 2653 συνέτριψε
1175 2568 1229 2645 τάς
1242 2566 1362 2654 στήλας,
1373 2573 1421 2635 καί

175 2651 291 2716 έδιοκαν
304 2651 433 2737 βασιλεῖς
448 2646 560 2714 Ἰούδα.
587 2651 640 2713 καί
651 2652 707 2712 έθυ
729 2654 782 2712 ίιινν
816 2647 1014 2737 ίξωλύθρευσε
1026 2649 1066 2716 τά
1078 2651 1164 2735 άλση,
1173 2656 1224 2718 καί
1233 2654 1342 2736 ε”πλησε
1352 2654 1420 2729 τούς

175 2737 207 2797 έν
232 2747 294 2808 τοῖς
311 2731 441 2818 ὑψηλοῖς
459 2733 511 2796 καλ
527 2736 559 2797 ἓν
576 2743 641 2806 ταῖς
659 2675 782 2797 πόλεσιν
815 2729 929 2808 τόπους
965 2733 1065 2797 αὐτῶν
1094 2733 1210 2800 ὀστέων
1241 2734 1418 2820 ἀνθρώπων.

172 2810 275 2880 Ἰούδα
299 2819 349 2881 καί
365 2827 428 2890 τοῖς
445 2809 609 2902 περικύκλῳ
630 2811 781 2902 Ἱερουσα-
814 2818 898 2881 15καί
904 2841 936 2893 γε
945 2815 981 2880 τὸ
991 2814 1203 2903 θυσιαστήριον
1212 2817 1248 2883 τὸ
1257 2825 1288 2885 έν
1296 2820 1420 2900 Βαιθήλ

174 2899 247 2984 λήμ,
273 2898 407 2974 καὶτοὺς
423 2902 597 2980 θυμιῶντας
614 2902 659 2982 τῷ
675 2893 780 2972 Βάαλ,
813 2899 850 2965 τὸ
869 2895 986 3002 ῦφηλὸν
1005 2897 1172 2985 ὃίποίησεν
1184 2898 1342 2990 Ἰεροβοάμ
1359 2902 1420 2978 υίὸς

174 2985 284 3066 καὶτῷ
296 2981 388 3066 ήλίῳ,
407 2985 458 3047 καί
471 2985 507 3072 τῇ
522 2979 637 3067 σελήνη,
655 2986 706 3047 καί
718 2993 781 3056 τοῖς
814 2986 929 3070 Ναβατ
941 2981 974 3058 ὃς
987 2980 1128 3070 ἐξήμαρτε
1141 2984 1193 3050 τὸν
1208 2984 1345 3072 Ἰσραήλ,
1370 2994 1421 3052 καί

172 3064 349 3150 μαζουρὼθ,
375 3068 424 3130 καί
434 3065 519 3158 πάση
536 3070 573 3157 τῇ
593 3060 708 3149 δυνάμει
723 3069 781 3129 τοῦ
812 3092 844 3143 γε
863 3065 899 3131 τὸ
912 3064 1127 3153 θυσιαστήριον
1145 3073 1237 3136 ἐκεῖνο
1253 3068 1289 3135 τὸ
1304 3067 1419 3152 ύιγηλὸν

174 3146 314 3234 ούρανοῦ.
347 3151 425 3214 θκαί
442 3144 571 3234 ἐξήνεγκε
588 3146 623 3212 τὸ
643 3147 733 3223 άλσος
751 3149 781 3224 ἐξ
813 3153 990 3226 κατέσπασε,
1002 3153 1055 3216 καί
1066 3155 1221 3237 συνέτριψε
1233 3153 1305 3229 τούς
1317 3153 1419 3229 λίθους

173 3231 257 3297 οἴκου
276 3238 380 3315 κυρίου
397 3234 512 3308 ἔξωθεν
532 3228 724 3317 Ἰερουσαλήμ
741 3236 780 3306 είς
814 3231 974 3300 αύτοῦκαὶ
986 3233 1137 3301 ίλέπτυνεν
1147 3242 1186 3312 εἷς
1197 3242 1278 3322 χοῦν,
1287 3239 1338 3301 καί
1346 3264 1419 3303 κατ-

172 3313 226 3382 τὸν
243 3318 416 3404 χειμάρρουν
428 3316 555 3400 Κέδρων
572 3317 623 3379 καὶ
634 3319 780 3380 κατέκαυ-
813 3322 913 3384 έκαυοε
925 3317 961 3383 τὸ
976 3317 1078 3394 άλιιος.
1100 3323 1129 3364 ¹⁶
1141 3324 1192 3385 καὶ
1204 3324 1343 3398 ἐξένευσεν
1352 3317 1419 3384 Ἰω-

173 3424 221 3464 σεν
248 3399 341 3467 αὐτὸν
365 3402 395 3463 ἐν
411 3403 455 3481 τῷ
479 3395 623 3505 χειμάρρῳ
642 3401 778 3484 Κέδρων,
813 3408 879 3476 σίας
897 3404 948 3465 καί
961 3401 1014 3468 εἶδε
1026 3401 1098 3480 τούς
1110 3401 1225 3485 τάφους
1238 3401 1306 3479 τοὺς
1319 3407 1378 3468 ἐκεῖ
1388 3406 1418 3466 ἐν

170 3484 222 3547 καί
234 3483 389 3549 ἐλέπτυνεν
402 3486 442 3555 είς
453 3485 531 3584 χοῦν.
544 3507 597 3544 και
609 3484 711 3565 ἔρριψε
725 3481 779 3546 τὸν
812 3490 848 3574 τῇ
861 3483 956 3561 πόλει,
975 3491 1027 3552 καὶ
1038 3486 1198 3565 ἀπέστειλε,
1212 3489 1265 3553 καί
1277 3487 1368 3574 ἔλαβε
1380 3485 1417 3551 τά

170 3571 242 3651 χοῦν
262 3565 360 3632 αῦτοῦ
382 3569 421 3638 εἰς
441 3587 495 3626 τον
512 3558 610 3644 τάφον
627 3568 687 3626 τῶν
706 3568 779 3628 υίιῦν
812 3566 890 3631 ὀστᾶ
908 3572 940 3633 ίκ
961 3567 1152 3652 τῶντάφων,
1177 3574 1228 3635 καί
1241 3574 1418 3636 κατέκαυσεν

171 3653 227 3713 τοῦ
239 3650 327 3714 λαοῦ.
345 3650 416 3711 7καὶ
426 3644 546 3708 καθεῖλε
559 3641 611 3708 τὸν
624 3643 708 3711 οίκον
719 3651 779 3711 τῶν
812 3652 862 3715 ἐπὶ
874 3652 910 3716 τὸ
921 3653 1145 3740 θυσιαστήριον,
1159 3657 1209 3718 καί
1217 3657 1333 3718 ἐμίανεν
1341 3651 1417 3717 αὐτὸ
1455 3661 1458 3666 ’

172 3732 313 3816 Καδησίμ
330 3733 391 3795 τῶν
404 3730 436 3790 έν
448 3731 492 3808 τῷ
507 3727 582 3808 οἴκῳ
594 3734 715 3811 κυρίου,
741 3723 777 3795 ού
812 3735 890 3800 κατά
903 3737 940 3802 τὸ
952 3741 1032 3823 ρήμα
1045 3744 1145 3819 κυρίου
1156 3733 1175 3799 δ’
1185 3719 1324 3811 ἐλάλησεν
1335 3731 1352 3793 ὁ
1364 3734 1418 3793 ὅν-

172 3819 207 3880 αἶ
222 3826 352 3892 γυναῖκες
372 3806 496 3891 fimum
517 3811 576 3874 &at
593 3813 716 3896 Χέῐῐιῒμ
734 3819 778 3897 τῷ
812 3830 939 3900 θρωπος
950 3826 1005 3884 τοῦ
1018 3825 1094 3886 θεοῦ
1103 3822 1184 3881 ἐντῶ
1194 3816 1313 3877 ἑστάναι
1322 3808 1414 3892 Ἱερο-

172 3896 261 3962 άλοει.
300 3894 381 3956 8καί
403 3888 546 3970 ἀνήγαγεν
569 3890 685 3971 πάντας
708 3897 779 3972 τούς
810 3902 890 3987 βοάμ
903 3907 934 3967 ἐν
942 3907 980 3985 τῆ
989 3905 1078 3985 ἑορτή
1091 3901 1140 3961 ἐπί
1148 3882 1183 3958 τδ
1193 3887 1412 3973 θυσιαστήριον,

173 3981 256 4062 ίερεῖς
268 3979 299 4039 ίκ
312 3971 429 4039 πόλεως
438 3971 550 4051 Ἰούδα,
568 3981 620 4043 καί
632 3983 727 4060 ἐμίανε
739 3981 778 4045 τά
811 3989 862 4050 καί
886 3970 1067 4086 ίπισὲρέιχναςΙ
1081 3967 1134 4079 ήρε
1150 3975 1219 4048 τούς
1236 3972 1416 4055 ὀφθαλμούς

171 4056 276 4140 ὑψηλά
289 4052 326 4124 ού
339 4062 507 4139 ἐθυμίασαν
517 4061 616 4127 ίκεῖοῖ
626 4066 708 4149 ίερεῖς
717 4062 778 4130 άπὸ
812 4065 908 4131 αὐτοῦ
924 4068 975 4130 ίπί
990 4087 1045 4127 τον
1059 4051 1157 4138 τάφον
1175 4063 1230 4122 τοῦ
1246 4056 1414 4139 ἀνθρώπου

170 4141 293 4229 Γαιβύλ
310 4143 360 4207 καί
378 4147 433 4218 έιος
444 4148 609 4295 Βηρσαβχέ.
635 4150 686 4213 καί
698 4159 779 4215 καθ·
810 4152 866 4214 τοῦ
872 4151 948 4212 θεοῦ
960 4149 1015 4209 τοῦ
1027 4139 1213 4222 λαλήσαντος
1226 4137 1297 4217 τούς
1309 4138 1414 4221 λόγους

171 4225 227 4290 εῖλε
252 4221 306 4290 τὸν
326 4224 408 4290 οἷκον
424 4232 486 4291 τῶν
502 4255 544 4293 πυ
573 4235 607 4296 ’ν
622 4228 675 4296 τὸν
692 4229 777 4317 παρά
810 4224 945 4302 τούτους,
967 4228 996 4270 ¹⁷
1008 4227 1059 4289 καὶ
1072 4223 1160 4290 εἶπεν.
1178 4231 1209 4288 τί
1219 4224 1255 4289 τὸ
1271 4220 1413 4292 σκόπελον

170 4309 226 4390 τήν
237 4306 337 4392 θύραν
349 4313 402 4391 τής
413 4306 508 4397 πύλης
518 4312 622 4398 Ἰησοῦ
634 4313 779 4418 άρχοντος
809 4312 899 4373 έκεῖνο
918 4306 937 4372 ὃ
949 4307 1008 4386 έγά
1022 4304 1103 4391 ὁρῶς
1129 4311 1180 4373 καί
1193 4307 1274 4374 εἷπον
1287 4308 1373 4393 αύτῷ
1385 4315 1414 4374 οί

168 4397 223 4480 τής
239 4391 353 4470 πόλεως
371 4398 477 4473 τῶνίξ
495 4395 657 4523 ἀριστερῶν
669 4394 778 4481 ανδρδς
808 4389 913 4474 ἄνδρες
927 4397 980 4475 τής
996 4390 1120 4468 πόλεως.
1147 4390 1341 4476 ὁάνθροοπος
1357 4394 1413 4458 τοῦ

169 4481 200 4547 ίν
215 4481 254 4573 τῇ
271 4475 352 4578 πύλη
370 4483 421 4562 τῆς
438 4475 560 4554 πόλεως.
626 4474 704 4560 πλήν
720 4475 776 4541 ούκ
807 4471 913 4540 θεοῦῦ
927 4476 1110 4563 ίξεληλυθώς
1123 4481 1153 4555 ἕξ
1165 4475 1275 4554 Ἰούδα,
1289 4479 1339 4541 καί
1351 4480 1415 4623 lsi:

1329 4585 1368 4624 κα
