2924 4972
433 260 779 323 ΑστινιΚοΝ
821 254 1021 336 Κισσίη.
1288 269 1350 335 113

108 375 222 448 παντὸς
235 369 355 448 σκεόονς
365 373 545 457 δερματίνου,
560 377 599 449 είς
610 372 645 437 τὸ
658 398 714 455 κα-
744 374 796 438 κὰί
809 373 863 458 τήν
874 369 1001 456 κοτύλην
1012 377 1069 438 τοῦ
1081 373 1195 449 ἐλαίου,
1206 376 1257 438 καί
1270 373 1349 456 ἆσσ-

109 462 236 540 θαρίσαι
247 453 471 538 αὖτόἢμιᾶναι
484 451 568 520 αότό.
745 468 801 540 ριεί
826 454 906 521 abr&
933 452 1087 560 ὀφόρισηια
1111 458 1206 520 ἔναντι
1234 462 1347 605 unffi.

300 544 424 602 ΚΕΦ.
469 533 537 603 1A'.
745 535 1271 622 13ιιαίοσιίξουσιτονᾶμνόνίντ
1321 589 1349 623 1,

112 589 195 687 Καὶ
212 618 334 730 ἐλόλησε
351 617 451 708 κόριος
472 622 549 706 πρὸς
567 624 715 705 Μωυσῆν,
746 613 782 686 οὗ
807 619 950 703 σφάζουσι
974 619 1014 688 τό
1028 617 1276 705 ὁλοκαυτώματα,
1299 622 1349 687 καί

111 706 214 784 λέγων.
239 708 356 779 2ουτος
373 701 391 769 5
408 701 498 788 νόμος
520 708 576 769 τοῦ
593 703 714 790 λεπροῦ.
747 703 787 768 τὰ
799 707 865 809 πυρί
876 701 1074 791 ἆμαρτίας,ἐν
1085 702 1173 770 τόποι
1186 701 1274 789 ἆνίῳ.
1288 708 1351 769 ἔστι

111 780 184 881 ήόν
197 784 294 874 ήμίρρ
311 791 502 880 καθαρισθῇ,
514 789 567 852 καί
583 812 717 872 προςαχ·
747 785 807 873 γὰρ
819 811 855 851 το
866 790 934 874 περὶ
951 785 1111 874 ἁμαρτίας,
1135 771 1231 875 α’ίςπερ
1249 785 1287 852 τό
1298 792 1352 870 τῆς

110 868 238 954 θήσεται
255 870 333 957 πρὸς
354 870 410 936 τὸν
428 875 515 956 ίερέοι.
557 872 634 934 3καί
655 872 717 946 ἰξε-
748 868 1071 954 πλημμελκίαςίστίτῴ
1084 876 1159 955 ίερεῖ.
1173 867 1245 950 ἅγια
1257 866 1352 949 ὀνίαν

113 951 248 1019 λεόσεται
269 952 287 1019 5
307 953 399 1040 ίερεός
417 956 477 1030 ἔξω
493 959 545 1038 τῆς
561 958 715 1058 παρερήθο-
748 956 821 1017 ἐστί
850 954 933 1017 14καί
944 950 1070 1037 λήψεται
1082 951 1100 1018 5
1114 955 1202 1039 ίεριὺς
1218 953 1282 1020 ἀπὸ
1295 956 1351 1020 τοῦ

114 1038 177 1121 λῆς,
191 1037 242 1100 καί
255 1036 363 1122 όψεται
377 1033 512 1123 ὁῖερεός,
522 1038 575 1102 καί
586 1038 653 1101 ίδου
666 1040 716 1100 ἰᾶ-
749 1040 875 1137 αίματος
887 1039 943 1099 τοῦ
954 1039 1006 1120 τῆς
1016 1037 1215 1138 πλημμελείας,
1221 1039 1273 1102 καί
1284 1039 1351 1103 ίπι-

112 1146 163 1184 ται
174 1116 192 1203 ή
203 1116 266 1204 ἁφή
276 1126 327 1204 τῆς
336 1119 448 1203 λέπρας
454 1117 517 1184 ἆπό
528 1123 585 1185 τοῦ
593 1119 715 1204 λεπροῦ.
748 1129 833 1201 θησει
847 1114 864 1181 ὀ
879 1116 969 1203 ίερείις
985 1119 1036 1183 ἐπί
1046 1143 1099 1182 τον
1106 1118 1197 1205 λοβὸν
1206 1124 1261 1185 τοῦ
1273 1117 1351 1195 ιότός

112 1202 130 1243 ⁴
143 1206 195 1267 καί
211 1201 370 1288 προςτόξει
382 1199 400 1266 5
416 1201 520 1286 ίερεὺς,
535 1204 585 1266 καί
597 1195 717 1284 λήψον-
748 1206 805 1265 τοῡ
817 1201 1050 1286 καθαριζομίνου
1062 1206 1118 1265 τοῦ
1129 1203 1288 1277 δεξιοῦ,καί
1300 1204 1352 1266 ἐπί

114 1311 165 1350 ται
184 1289 230 1368 τῷ
252 1285 497 1370 κεκαθαρισμὲνῳ
519 1281 574 1348 δόο
593 1283 718 1365 ὀρνίθια
749 1282 787 1347 τὸ
801 1282 894 1388 ἄκρον
910 1287 963 1366 τῆς
977 1282 1071 1368 χειρὸς
1094 1287 1147 1366 τῆς
1170 1285 1277 1359 δεξιᾶς,
1302 1285 1354 1347 καί

113 1371 214 1444 ζῶντα
226 1367 371 1450 καθαρὰ,
397 1367 450 1429 καί
465 1362 555 1440 ξόλον
574 1367 718 1471 κέδρινον,
751 1366 801 1430 ἐπί
816 1390 854 1430 το
871 1363 964 1450 ὀκρον
987 1370 1043 1431 τοῦ
1060 1365 1155 1442 ποδός
1177 1369 1233 1430 τοῦ
1250 1364 1352 1440 δεξιοῦ.

112 1453 167 1515 καί
179 1450 381 1530 κεκλασμένον
393 1444 541 1523 κόκκινον,
554 1449 605 1513 καὶ
618 1473 717 1513 υσοιο-
749 1450 776 1491 ¹⁶
787 1451 839 1514 καί
849 1447 951 1535 λαβὼν
969 1444 987 1513 ὀ
1008 1447 1098 1534 ίερεός
1114 1444 1179 1513 ἆπό
1195 1452 1247 1533 τῆς
1263 1443 1354 1514 κοτό-

111 1557 186 1597 πον.
218 1533 299 1595 5καί
321 1526 478 1614 προςτοίξει
496 1527 632 1616 ὀίερείις,
665 1532 716 1594 καί
748 1529 799 1615 λης
821 1534 879 1597 τοῦ
899 1531 1002 1597 ἐλαίαν
1018 1534 1124 1618 ίιτιχεεί
1137 1534 1188 1597 ὀπί
1205 1527 1259 1617 τήν
1269 1543 1353 1640 ηείρα

115 1610 266 1695 σφόξουσι
283 1612 320 1679 τό
341 1615 480 1699 ὀρνίθιον
497 1613 534 1679 τὸ
550 1619 584 1679 ἓν
600 1618 641 1689 είς
658 1609 716 1691 ἄν·
746 1618 804 1678 τοῦ
816 1618 913 1700 ίερέονς
929 1613 984 1698 τήν
999 1611 1163 1701 ἀριστερόν.
1190 1612 1351 1702 16ιιαιβιί-

112 1710 195 1775 γεῖον
226 1693 405 1783 ὀστράκινον
432 1695 476 1777 ἐφ’
510 1693 596 1762 ὀδατι
619 1699 713 1774 ζῶντι.
746 1697 862 1779 ψειτόν
878 1695 1024 1763 δάκτυλον
1039 1693 1093 1762 τὸν
1108 1693 1199 1774 δεξιὸν
1214 1693 1278 1762 ἇπό
1295 1702 1351 1763 τοῦ

112 1783 191 1845 ⁶252
203 1779 240 1845 τὸ
255 1779 392 1866 ὀρνίθιον
404 1778 441 1845 τό
447 1783 505 1857 ζῶν
516 1777 645 1864 λήψεται
656 1775 716 1843 m}-
747 1780 848 1846 ίλαίου
858 1785 914 1846 τοῦ
926 1779 1012 1857 ὄντος
1024 1782 1076 1846 ἐπὶ
1087 1784 1140 1866 τῆς
1149 1775 1243 1866 χειρός
1255 1776 1352 1846 αὐτοῦ

112 1863 162 1938 τὸ,
181 1863 281 1930 καίτό
294 1861 385 1941 ξύλον
399 1868 434 1928 τὸ
447 1864 591 1950 κέδρινον,
613 1859 713 1927 καὶτὸ
746 1861 973 1951 τήςᾶριστερᾶς
1000 1865 1051 1929 καί
1062 1866 1147 1950 ὀανεί
1156 1868 1201 1928 τοί
1212 1858 1350 1948 δακτύλῳ

114 1945 251 2012 κλωστόν
263 1944 414 2022 κόκκινον,
427 1948 479 2011 καί
490 1946 545 2012 τόν
558 1940 714 2019 ὀσσοοπον,
746 1943 867 2024 ἑπτάκις
879 1951 976 2012 ἔναντι
989 1953 1099 2032 κυρίου.
1122 1949 1150 1990 ¹⁷
1161 1928 1198 2011 τό
1211 1945 1243 2012 δὲ
1255 1972 1351 2012 κατα-

113 2032 164 2094 καί
179 2025 274 2116 ponpa
296 2028 376 2096 αότό
394 2032 446 2093 καί
461 2026 497 2094 τὸ
521 2027 659 2114 ὀρνίθιον
676 2025 713 2093 τό
746 2029 866 2111 λειφθὲν
878 2030 978 2096 ἔλαιον
990 2029 1026 2095 τὸ
1041 2027 1076 2094 ὂν
1087 2033 1119 2092 ἐν
1135 2034 1173 2093 τ’
1196 2031 1269 2116 χειρί
1285 2032 1350 2095 ίπι-

113 2115 173 2189 {aar
195 2118 234 2188 είς
258 2111 296 2178 τό
313 2113 387 2196 αἷμα
409 2115 466 2177 τοῦ
493 2108 633 2196 ὀρνιθίον
655 2114 715 2175 τοῦ
746 2112 831 2195 θήσει
846 2109 864 2178 5
878 2112 967 2198 ίερείς
980 2114 1029 2178 ἐπί
1037 2108 1091 2176 τόν
1102 2057 1192 2260 ὴηρν
1202 2116 1259 2178 τοῦ
1272 2110 1351 2187 ὥτός

113 2199 277 2277 σφαγέντος
302 2200 339 2277 ἐφ
372 2191 459 2260 ίίδατι
484 2196 580 2271 ζῶντι.
632 2195 715 2257 7καί
746 2199 802 2259 τοῦ
813 2199 1046 2281 καθαριζομίνου
1058 2200 1113 2261 τοῦ
1158 2196 1352 2272 ξιοό,καίέπί

112 2281 338 2426 περιρρηνεῖέπί
348 2277 404 2342 τόν
412 2280 641 2383 καθαρισθέντα
649 2273 714 2341 ὀττὸ
746 2273 783 2340 τό
795 2275 888 2362 ὀκρον
900 2283 953 2362 τής
963 2278 1056 2364 χειρὸς
1066 2282 1118 2362 τῆς
1129 2279 1233 2354 δεξιᾶς,
1242 2278 1293 2343 καί
1302 2279 1353 2342 ἐπί

112 2366 165 2446 τῆς
212 2365 219 2384 ’
241 2356 443 2446 ραςέπτιίκις,
460 2386 512 2424 και
530 2357 715 2460 zamae}
747 2360 784 2461 15
802 2359 895 2464 ἄκρον
913 2365 968 2426 τοῦ
984 2360 1080 2435 ποδὸς
1095 2366 1150 2425 τοῦ
1167 2362 1277 2438 δεξιοῦ,
1301 2362 1353 2424 ἐπί

113 2469 193 2507 σται.
213 2447 266 2508 καί
277 2442 469 2519 ἔξαποστελεί
478 2441 515 2506 τὸ
530 2439 669 2525 ὀρνίθιον
678 2465 714 2504 το
747 2466 799 2505 τον
812 2467 906 2507 τοπον
917 2445 974 2507 τοῦ
986 2448 1112 2523 α’ίματος
1124 2447 1178 2506 τοῦ
1191 2449 1242 2526 της
1253 2442 1352 2525 πλημ-

112 2527 173 2600 ζῶν
186 2530 225 2598 είς
236 2525 273 2589 τὸ
287 2527 399 2588 πεδίον.
412 2525 427 2565 ⁸
440 2524 493 2586 καί
508 2524 612 2586 πλυνεῖ
629 2518 717 2584 ὀκα-
748 2523 868 2604 μελείας.
892 2525 921 2566 ¹⁸
934 2523 971 2585 τὸ
991 2523 1023 2587 δὲ
1040 2523 1237 2602 καταλειφθὲν
1254 2524 1352 2588 ἔλαιον

111 2609 275 2689 θαρισθείς
292 2602 332 2670 τὰ
351 2603 455 2687 ἱμάτια
473 2602 583 2678 αὐτοῦ,
602 2605 653 2667 καί
665 2606 718 2677 Ev—
749 2603 785 2668 τὸ
799 2607 850 2668 ἐπί
863 2609 914 2688 τῆς
924 2602 1019 2713 ηειρός
1030 2608 1087 2667 τοῦ
1105 2607 1202 2689 ίερέως
1219 2600 1353 2687 ἐπιθήσει

112 2685 281 2773 ρηθήσεται
304 2685 402 2752 αὐτοῦ
418 2691 521 2752 πᾶσαν
542 2684 597 2770 τήν
620 2690 716 2771 τρίχα,
749 2683 767 2751 5
788 2685 876 2773 ἱερεὺς
888 2690 940 2759 ἐπι
952 2684 1006 2772 τήν
1018 2684 1147 2771 κεφαλήν
1155 2691 1213 2753 τοῦ
1223 2697 1354 2771 καθαρι-

110 2775 164 2836 καί
175 2768 316 2838 λούσεται
335 2774 367 2835 ἐν
384 2767 487 2846 ίίδατι,
512 2771 564 2834 καί
575 2767 715 2855 καθαρός
747 2773 885 2849 οθέντος,
910 2772 962 2837 καί
973 2766 1134 2849 ίξιλόσεται
1147 2774 1214 2857 περί
1226 2768 1321 2836 αὐτοῦ
1333 2767 1352 2836 ὀ

109 2858 204 2920 ε’·σται.
221 2857 273 2920 καί
283 2853 358 2939 μετὰ
372 2859 469 2919 ταῦτα
479 2850 662 2928 είςελεόοεται
675 2858 714 2928 είς
747 2855 836 2940 ίερείνς
854 2857 950 2928 ἔναντι
961 2862 1073 2941 κυρίου.
1099 2855 1127 2898 ¹⁹
1140 2858 1191 2920 καί
1202 2850 1315 2939 ποιήσει
1329 2850 1347 2920 ὀ

108 2938 164 3022 τήν
186 2937 387 3025 παρεμβολήν,
406 2938 458 3001 καί
479 2939 631 3023 διατρίψει
652 2937 713 3012 ἔξω
747 2938 838 3021 ἱερεὺς
850 2934 886 3004 τό
901 2940 969 3026 περί
981 2944 1034 3024 τής
1050 2933 1213 3024 ὀμαρτίας,
1229 2940 1280 3003 καί
1292 2941 1351 3015 ἔξι-

108 3025 166 3085 τοῡ
180 3023 266 3087 οἴκου
281 3019 378 3086 αὐτοῦ
390 3020 467 3086 ἑπτὰ
481 3018 600 3106 ἡμέρας.
633 3019 714 3083 0καί
745 3018 898 3088 λοίσεταιό
917 3021 1008 3108 ἱερεὺς
1024 3024 1092 3107 περί
1110 3026 1168 3086 τοῦ
1185 3025 1352 3106 καθαριζο·

108 3106 194 3168 ε”σται
207 3111 244 3197 τῇ
257 3101 351 3206 ήμέρρ
364 3109 401 3197 τῇ
412 3102 534 3194 ἑβδόμη,
548 3098 714 3190 ξυρηθήοε-
744 3109 833 3187 μένου
851 3101 916 3170 ἇπό
932 3109 984 3190 τής
1001 3102 1149 3191 ἁμαρτίας
1167 3102 1272 3169 αὐτοῦ.
1299 3104 1352 3168 καί

107 3212 158 3250 ται
177 3193 277 3254 πᾶσαν
295 3214 350 3272 την
369 3194 454 3273 τρίχα
469 3187 576 3263 αὐτοῦ,
594 3188 650 3272 τήν
663 3212 712 3251 κε-
743 3185 816 3271 μετόι
833 3192 924 3255 τοῦτο
947 3186 1051 3269 σφάξει
1073 3185 1091 3253 5
1111 3186 1200 3274 ίερείνς
1222 3184 1260 3252 τό
1279 3184 1351 3251 ὀλο-

110 3270 207 3373 σαλήν
219 3269 332 3345 αὐτοῦ,
358 3271 473 3335 καὶτὸν
485 3266 634 3347 πώγωνα,
660 3269 712 3333 καί
744 3268 895 3353 καότιομα.
925 3274 955 3316 ²⁰
969 3274 1021 3336 καί
1038 3270 1145 3336 οἰνοίσει
1162 3267 1179 3335 5
1205 3269 1294 3356 ίερεός
1313 3266 1350 3333 τό

108 3350 163 3428 τὰς
176 3359 288 3437 οφρῦς,
311 3354 362 3416 καί
374 3358 475 3419 πᾶσαν
489 3353 543 3435 τήν
555 3358 642 3456 τρίηα
654 3350 710 3416 αὖ·
745 3350 944 3435 ὀλοκαότωμα
974 3356 1026 3417 καί
1051 3351 1106 3436 τήν
1120 3359 1230 3418 θυσίαν
1246 3354 1297 3416 ἐπὶ
1312 3352 1349 3416 τό

107 3439 167 3498 τοῦ
180 3430 390 3539 ξυρηθήσεται.
411 3438 461 3498 καί
472 3435 577 3498 πλυνεῖ
587 3460 627 3498 τα
642 3431 713 3517 ίμοί-
745 3431 957 3519 θυσιαστήριον
976 3438 1072 3498 ἔναντι
1088 3441 1199 3519 κυρίου.
1225 3436 1276 3499 καί
1294 3437 1349 3510 ἐξι-

107 3541 177 3590 τια,
203 3542 254 3579 και
267 3510 407 3580 λοόσεται
419 3515 455 3579 τὸ
470 3520 555 3599 σῶμα
567 3514 664 3581 αὐτοῦ
678 3511 713 3580 ὀ·
745 3515 867 3583 λα’σεται
880 3519 947 3603 περὶ
960 3515 1055 3581 αὐτοῦ
1068 3513 1085 3580 5
1100 3516 1208 3617 ἱερεὺς,
1232 3517 1284 3579 καί
1295 3542 1351 3580 κα-

107 3598 179 3663 δατι
185 3645 197 3672 ,
222 3599 273 3663 καί
289 3595 428 3681 καθαρός
444 3599 537 3662 ἔσται.
570 3600 599 3642 ¹⁰
613 3600 664 3662 καί
675 3603 714 3689 τῇ
745 3597 976 3705 θαρισθήσεται.
1003 3602 1031 3640 ²¹
1044 3595 1096 3664 ἐὰν
1108 3599 1140 3663 δε
1153 3600 1288 3681 πίνηται,
1301 3601 1352 3665 καί

107 3677 206 3784 ήμίρᾳ
220 3687 260 3775 τῇ
273 3677 369 3772 ὀγδόη
389 3676 520 3764 λήψεται
533 3675 588 3743 δόο
602 3677 714 3761 ὀιμνοίις
746 3680 837 3768 ήχείρ
850 3688 945 3750 αυτοῦ
956 3682 995 3766 μή
1008 3677 1138 3776 είιρίσκη,
1152 3677 1280 3766 λήψεται
1292 3679 1350 3766 ἆμ-

109 3791 256 3868 ρηιισμους
282 3767 458 3839 ἐνιαυσίους,
484 3764 536 3828 καί
560 3759 715 3845 πρόβατον
747 3763 797 3827 νόν
809 3771 861 3829 ἕνα
872 3764 944 3841 εἶςό
962 3765 1178 3867 ἔπλημμελησεν
1195 3771 1235 3843 είς
1254 3763 1350 3848 ὀσαί-

110 3872 236 3932 αμωμον
254 3844 419 3922 ίνιαόσιον,
440 3847 494 3911 καὶ
514 3850 585 3931 τρία
604 3845 716 3908 δέκατα
747 3872 834 3932 ρεμα,
860 3844 932 3913 ιῖίοτε
949 3848 1144 3924 ἰξιλασασθαι
1163 3852 1232 3935 περὶ
1244 3847 1348 3926 αὐτοῦ,

109 3929 287 4015 σεμιδάλεως
312 3934 351 4004 εἷς
373 3936 488 3995 θυσίαν
510 3929 715 4015 πεφοραμένης
746 3933 798 3995 καί
816 3931 939 3997 δέκατον
955 3929 1126 4012 σεμιδάλεως
1146 3937 1347 4020 πεφυραμένης

108 4017 141 4076 ἐν
160 4016 269 4098 ἐλαίῳ,
294 4015 346 4078 καί
363 4009 493 4096 κοτύλην
511 4013 613 4076 ἐλαίου
631 4017 712 4096 μίαν.
746 4017 776 4078 ἐν
787 4014 880 4099 ἐλαίῳ
892 4020 932 4090 εἷς
943 4017 1117 4092 θυσίαν,και“
1128 4011 1254 4103 κοτόλην
1267 4017 1349 4082 ἐλαί-

108 4099 135 4138 ¹¹
151 4101 202 4163 καί
220 4092 318 4180 στήσει
341 4091 358 4161 5
385 4096 476 4179 ίερείις
499 4092 516 4161 ὀ
539 4099 712 4181 καθαρίζων
744 4124 780 4163 ου
791 4105 872 4182 μίαν,
897 4103 926 4141 ²²
938 4101 989 4165 καί
1007 4095 1060 4164 δόο
1077 4095 1233 4181 τρυγόνας,
1255 4101 1275 4203 v}
1294 4098 1348 4165 δόο

107 4180 165 4245 τὸν
191 4181 361 4264 ἄνθρωπον
386 4179 440 4245 τὸν
474 4175 712 4263 καθαριζόμενον
745 4181 868 4259 νοοσοός
879 4187 1067 4270 περιστερῶν,
1093 4178 1347 4289 ὀσαεῦρενηχείρ

107 4264 161 4328 καί
172 4268 270 4329 ταῦτα
283 4267 382 4328 ἔναντι
396 4269 511 4348 κυρίου,
524 4265 573 4326 ἐπὶ
585 4262 638 4346 τήν
650 4259 711 4327 θό-
745 4263 849 4345 αότοῦ,
861 4270 912 4333 καί
924 4272 1007 4335 ἔσται
1023 4264 1032 4287 ‘
1049 4275 1102 4349 μία
1110 4269 1177 4352 περί
1190 4274 1347 4350 αμαρτίας,

128 4351 229 4431 αντής
242 4351 344 4430 σκηνής
357 4350 413 4411 τοῦ
424 4351 600 4450 μαρτυρίου.
615 4349 708 4411 12καί
744 4350 796 4413 καί
820 4346 838 4434 ή
863 4358 916 4433 μία
941 4347 1021 4427 εἰςό
1058 4347 1208 4428 καότωμα.
1247 4349 1276 4389 ²³
1298 4349 1348 4413 καί

106 4373 237 4514 λήψεται
256 4427 274 4494 ὀ
295 4429 384 4516 ίερεός
404 4456 459 4494 τον
478 4427 636 4513 οἰμνὸντόν
649 4434 710 4505 ἕνα,
746 4439 892 4517 προςοίσει
914 4432 993 4498 αὐτὰ
1015 4436 1056 4521 τῇ
1076 4427 1171 4511 ήμὲρᾳ
1195 4433 1231 4520 τῇ
1256 4426 1347 4517 ὀγδόῃ

105 4515 159 4579 καί
172 4509 310 4597 προςοίξει
328 4510 421 4578 αὐτὸν
437 4517 491 4596 τῆς
507 4511 709 4596 πλημμελείας,
746 4519 785 4592 είς
802 4512 837 4580 τό
853 4522 1022 4598 καθαρίσαι
1036 4508 1129 4572 αὐτὸν
1145 4508 1221 4594 πρὸς
1238 4508 1291 4570 τὸν
1309 4511 1348 4610 ξε·

899 4587 932 4648 Η
1286 4611 1349 4671 9⁸⁶³)
