2924 4972
172 220 237 287 συν
483 217 711 281 mm
751 214 1105 298 αιηηηηιυειαιυ.

166 337 183 377 ⁴
196 331 330 411 γινάσνω
349 331 396 395 ’ότι
410 328 534 414 σκληρὸς
546 327 585 403 εί,
611 333 663 393 καί
676 333 777 414 νεῦρον
808 326 877 395 οῦδὲ
890 328 1046 394 ἀπολεῖται
1059 326 1095 392 τὸ
1110 326 1204 410 ῦνσμσί
1218 352 1273 393 σου
1286 327 1419 394 ίνιάπιον

167 419 307 501 σιδηροῦν
321 413 338 478 ὃ
352 408 499 497 τράχηλάς
513 437 580 485 σου,
596 415 647 476 καί
659 410 694 476 τδ
707 415 778 496 μέτ-
807 415 889 495 ἐμοῦ.
902 415 934 455 ²⁰
941 411 1046 488 ἔξελθε
1059 413 1090 476 έκ
1103 410 1289 498 Βαβυλῶνος
1301 413 1420 492 ιγεῦγων

168 497 253 565 ωπόν
270 522 327 564 σου
341 495 483 602 ήαλκοῦν.
522 496 536 537 ⁶
550 498 602 560 καὶ
618 491 777 579 ἀνήγγειλά
807 493 870 560 ἀπὸ
884 499 944 560 τσῦν
958 493 1136 571 Χαλδαίων,
1153 489 1255 578 φωνήν
1268 491 1418 581 εάσροσιί-

168 610 215 650 σοι
225 580 323 648 πάλαι
335 606 356 644 α
368 580 439 665 πρὶν
451 579 550 644 ἐλθεῖν
562 580 611 643 ίπί
624 580 663 643 σέ.
683 578 777 644 ἀκσυ-
807 604 855 662 νης
874 577 1076 657 ἀναγγείλατε,
1102 580 1153 642 καί
1171 575 1324 643 ἀκουστὸν
1337 583 1420 657 γενέ-

169 660 239 732 στόν
251 689 299 730 σοι
309 668 446 746 έπσίηυα,
458 657 572 747 μήποτε
584 664 665 754 εἴπης
678 661 725 727 ὅτι
738 659 777 727 τά
808 673 876 728 σθω
888 667 997 738 τοῦτο,
1015 659 1207 739 ἀναγγείλατε
1219 665 1275 737 έως
1287 662 1421 747 έσχάτου

168 743 276 815 εἴδωλά
292 772 342 830 μοι
359 750 494 829 ἐποίησε,
519 747 571 810 καί
583 747 665 838 εῦτης
677 740 725 810 δ’τι
738 744 776 812 τά
806 750 858 830 τής
868 749 932 830 γής.
958 745 1065 823 λέγετε,
1087 740 1234 829 ἐρρύσατο
1248 740 1353 831 κύριος
1364 745 1421 812 τὸν

167 829 287 912 γλυπτά
313 831 364 895 καὶ
389 825 428 894 τά
457 825 587 914 χωνευτά
616 823 776 894 ἐνετείλατό
807 828 913 894 δοῦλον
930 826 1026 894 αὐτοῦ
1041 826 1166 914 Ἰακώβ,
1191 828 1284 892 21καί
1301 831 1358 894 έάν
1375 831 1421 896 δι-

167 941 227 1004 μοι.
248 916 264 958 ⁶
278 910 425 997 ήκοάσατε
438 908 551 988 πάντα,
564 913 615 976 καί
628 909 707 995 ὑμεῖς
720 909 777 977 οῦκ
810 907 939 996 ηιήσωσι,
951 910 985 977 δι’
1002 908 1113 1017 ίρήμσυ
1126 912 1188 987 ἀξει
1200 907 1326 987 αῦτοάς,
1340 909 1422 1000 ῦδωρ

168 1005 283 1079 ἔγνωτε.
297 992 376 1061 ἀλλά
390 993 525 1061 ἀκουστά
537 1020 583 1060 σοι
595 998 724 1078 ἐποίησα
736 994 776 1060 τά
807 999 839 1059 ἐκ
851 999 965 1079 πέτρας
978 997 1069 1073 έξαξει
1082 994 1201 1070 αὐτοῖς,
1220 991 1422 1081 σχισθήσεται

168 1076 259 1148 καινά
271 1076 336 1146 ἀπὸ
349 1083 404 1144 τοῦ
416 1083 481 1159 νῦν,
492 1074 514 1143 ἀ
524 1078 622 1162 μέλλει
632 1085 775 1158 γίνεσθαι.
807 1081 914 1163 πέτρα,
926 1080 978 1143 καί
990 1075 1130 1166 ρυήσεται
1144 1077 1233 1162 ὕδωρ,
1251 1081 1306 1144 καί
1319 1086 1422 1145 πίεται

169 1169 220 1231 καί
237 1164 292 1230 οῦκ
308 1159 408 1238 εἶπας,
434 1163 447 1205 ⁷
462 1167 512 1227 νῦν
523 1168 649 1240 γίνεται,
675 1165 726 1227 καί
739 1159 777 1227 οῦ
807 1159 824 1226 ὃ
838 1155 911 1237 λαός
922 1187 991 1244 μου.
1015 1165 1046 1204 ²²
1059 1158 1116 1227 σῦκ
1129 1166 1191 1229 έστι
1202 1167 1330 1248 χαίρειν,
1343 1163 1420 1241 λέγει

168 1246 274 1321 πάλαι,
284 1250 336 1311 καί
346 1244 383 1311 οῦ
393 1248 553 1332 προτέραις
560 1243 679 1330 ἡμέραις
688 1245 778 1329 ήκσυ-
807 1240 916 1330 κῦριος,
930 1258 994 1322 τοῖς
1006 1243 1150 1332 ἀσεβέσιν.

170 1359 225 1408 σας
238 1324 325 1396 αῦτά.
335 1327 376 1414 μή
386 1330 533 1410 είπης,ναί
541 1325 679 1409 γινώσκω
690 1323 777 1395 αάτά.
839 1336 852 1362 ⁹
987 1334 1021 1393 K
1031 1333 1110 1393 ΕΦ.
1153 1322 1247 1394 ΜΘ’.

170 1414 270 1481 ὀὔτε
283 1416 390 1490 ἔγνως,
414 1401 484 1477 οῦτε
496 1411 625 1497 ἠπίστω,
643 1411 711 1478 οῦτε
724 1409 774 1479 ἀπ’
809 1379 996 1478 Ᾰκοῦσατέ
1010 1438 1069 1496 μου
1086 1416 1171 1496 νήσω
1189 1413 1242 1475 καί
1263 1417 1419 1500 προσέχετε

170 1500 262 1600 ἀρχής
274 1490 377 1581 ήνοιξά
390 1520 446 1560 σου
458 1496 498 1560 τά
512 1489 586 1561 ὦτα.
601 1499 696 1573 ἔγνων
708 1495 779 1579 γάρ,
809 1501 898 1581 έθνη,
922 1494 973 1562 διά
998 1492 1108 1582 χρόνου
1130 1494 1249 1561 πολλοῦ
1267 1493 1417 1581 στήσεται,

170 1579 218 1660 ὅτι
231 1583 352 1646 αθετιῦν
364 1575 531 1662 ἀθετήσεις,
545 1577 779 1663 καὶάνομυςέτι
808 1581 883 1659 λέγει
907 1575 1016 1666 κύριος.
1049 1583 1081 1645 ἐκ
1102 1579 1214 1655 κοιλίας
1230 1578 1346 1665 μητρός
1360 1599 1418 1665 ’μου

171 1669 202 1730 ίκ
216 1662 330 1737 κοιλίας
343 1658 491 1756 κληθήση.
510 1662 625 1727 9ένειιεν
636 1668 695 1727 τοῦ
707 1666 780 1746 ίμοῦ
808 1663 925 1730 ἐκάλεσε
941 1662 978 1727 τὸ
996 1657 1095 1767 ἀνσμά
1112 1688 1190 1745 μου,
1226 1664 1308 1728 2καί
1326 1669 1417 1750 ε”θηιιε

171 1744 318 1831 ὀνόματος
327 1747 411 1822 δείξω
423 1771 471 1810 σοι
483 1736 535 1809 τδν
544 1739 644 1829 θυμόν
652 1772 719 1828 μου,
729 1749 781 1811 καί
809 1744 844 1813 τὸ
859 1743 958 1831 στόμα
966 1772 1026 1831 μου
1035 1772 1076 1820 ως
1084 1743 1233 1833 μάχαιραν
1244 1743 1353 1824 ὀξεῖαν,
1364 1751 1418 1812 καί

171 1831 211 1898 τά
230 1825 334 1907 ένδοξά
346 1855 403 1912 μου
423 1823 526 1905 έπάξω
544 1832 594 1894 ἐπὶ
607 1829 655 1906 σὲ,
679 1835 728 1895 ’ίνα
738 1826 778 1915 μή
811 1828 871 1895 ῦπά
897 1829 951 1914 τήν
979 1832 1092 1914 σκέπην
1121 1835 1174 1914 τής
1198 1828 1289 1914 χειρὸς
1313 1828 1417 1896 αὐτοῦ

171 1908 378 1996 ἐξολσθρεῦσω
392 1935 433 1976 σε.
461 1915 490 1955 ¹⁰
504 1908 570 1976 ίδοῦ
584 1915 726 1999 πέπρακά
739 1939 779 1989 σε,
809 1917 923 2020 ἔκρυψέ
940 1940 982 1996 με.
1009 1915 1103 1998 έθηκέ
1117 1938 1152 1997 με
1172 1909 1213 1989 ὡς
1230 1912 1313 1999 βελος
1333 1915 1419 1980 ε’κλε-

172 1996 227 2081 οῦχ
244 2001 337 2060 ἕνεκεν
354 1992 505 2080 ἀργυρίου.
531 1990 681 2080 ἐξειλάμην
700 1998 736 2061 δέ
747 2023 779 2062 σε
809 2021 892 2074 κτον,
914 1999 965 2062 καί
977 2001 1007 2061 έν
1019 2001 1057 2090 τῇ
1071 2000 1207 2084 φαρέτρη
1221 1994 1316 2062 αὐτοῦ
1330 1999 1418 2083 έκρυ-

171 2085 203 2146 έκ
221 2084 347 2163 καμίνου
364 2082 518 2162 πτωχείας.
548 2080 573 2120 ¹¹
586 2082 681 2144 ἕνεκεν
706 2084 779 2162 ἐμοῦ
810 2086 854 2165 ηιέ
863 2105 912 2185 με,
941 2081 1021 2145 3καὶ
1037 2079 1103 2145 είπέ
1114 2107 1173 2164 μοι.
1199 2075 1308 2156 δοῦλός
1319 2107 1380 2164 μου
1392 2080 1421 2147 εί

170 2158 289 2248 ποιήσω
302 2187 368 2235 σοι,
393 2156 488 2226 ὅτιτὸ
502 2157 574 2245 ἐμὸν
587 2158 683 2246 ὄνομα
694 2167 780 2250 βεβη-
809 2165 846 2230 σὺ
871 2161 1002 2250 Ισραήλ,
1025 2166 1077 2229 καὶ
1088 2169 1119 2230 ἐν
1130 2165 1178 2230 σοί
1190 2162 1417 2248 ένδοξασθήσσ-

172 2248 294 2324 λοῦται,
319 2248 369 2309 καί
386 2241 442 2326 τήν
458 2241 550 2323 δόξαν
561 2269 619 2328 μου
637 2248 728 2331 ἑτέρῳ
742 2246 778 2312 οῦ
808 2275 869 2330 μαι.
892 2246 974 2313 4καί
985 2249 1044 2326 ἐγὼ
1057 2246 1136 2313 εἶπα.
1158 2251 1246 2323 κενοῖς
1258 2250 1416 2325 ἐκοπίασα,

171 2328 270 2397 δώσω.
296 2325 597 2411 12ι’ίκσυέμυυἸακιά
621 2379 631 2406 ,
654 2333 704 2395 καί
719 2328 778 2396 Ἰσ-
809 2337 848 2408 είς
867 2326 997 2434 μάταιυν
1015 2333 1067 2397 καί
1085 2336 1123 2407 εἰς
1141 2329 1228 2397 οὐδέν
1245 2331 1346 2396 ἔδωκα
1364 2331 1417 2416 τήν

171 2411 250 2500 ραήλ
267 2408 376 2490 δνίγάι
389 2410 482 2478 καλῶ.
509 2409 593 2489 έγιάε
625 2419 780 2494 ιπριῦτος,
810 2420 892 2499 ίσχυν
915 2440 981 2496 μου.
1020 2414 1070 2481 διά
1093 2419 1184 2480 τοῦτο
1207 2410 1341 2499 ήκρίσις
1357 2442 1416 2497 μου

171 2500 223 2563 καί
240 2490 299 2575 ἐγώ
318 2501 373 2578 είμι
392 2500 431 2570 είς
449 2492 505 2560 τὸν
526 2499 630 2559 αίιῦνα.
655 2494 777 2581 13καίή
809 2495 895 2583 παρά
905 2493 1093 2583 κυρίῳ,καίὸ
1106 2492 1197 2570 πόνος
1205 2520 1265 2597 μου
1278 2500 1417 2564 ἐναντίον

169 2587 230 2668 χείρ
243 2605 302 2662 μου
314 2579 487 2661 έθεμελίωσε
498 2578 553 2661 τήν
564 2584 631 2662 γῆν,
643 2577 721 2664 καλή
734 2582 778 2644 δε-
810 2588 865 2646 τοῦ
875 2586 951 2647 θεοῦ
961 2609 1029 2666 μου.
1043 2581 1114 2645 5καὶ
1126 2583 1174 2642 νῦν
1183 2574 1265 2643 ου’τω
1273 2576 1351 2653 λέγει
1362 2578 1417 2643 κῦ·

172 2663 221 2740 ξιά
237 2688 296 2747 μου
314 2665 474 2745 έστερέωυε
492 2660 545 2726 τὸν
562 2659 699 2747 οὐρανόν.
724 2689 779 2729 κα·
811 2690 890 2746 ριος,
917 2662 1068 2739 ὁπλάσας
1085 2689 1119 2746 με
1131 2665 1162 2726 έκ
1174 2661 1288 2734 κοιλίας
1300 2662 1416 2730 δοῦλον

171 2748 248 2812 λέσω
274 2743 401 2820 αὐτοὺς,
436 2747 489 2809 καὶ
518 2741 678 2829 στήσονται
708 2743 780 2829 ἅμα,
809 2749 979 2831 έαυτῷ,τοῦ
987 2757 1159 2826 συναγαγεῖν
1167 2741 1415 2832 τὸνἸακώβπράς

171 2829 200 2871 ¹⁴
218 2829 271 2893 καί
301 2823 541 2912 συναχθήσονται
571 2824 695 2905 πάντες,
730 2833 781 2895 καί
810 2824 1415 2917 αῦτόν,καί’1σραήλ.συναχθήσομαικαί

172 2907 365 2978 ἀκούσονται.
378 2915 423 2985 τίς
433 2908 537 2987 αάτυῖς
546 2907 695 2995 ἀνήγγειλε
704 2918 781 2978 ταῦ·
810 2911 1035 2999 δοξασθήσσμαι
1045 2918 1178 2979 ἐναντίον
1191 2918 1309 2997 κυρίου,
1334 2908 1413 2977 καὶὸ

171 3021 228 3075 τας
255 2993 383 3073 ἀγαπιῦν
407 3019 437 3060 σε
456 2993 640 3079 ἔπυίηοα,τὸ
659 2997 780 3079 θέλημά
809 2991 881 3072 θεός
896 3024 955 3081 μου
971 3000 1055 3062 ἐσται
1070 3023 1121 3079 μοι
1139 2992 1226 3080 ἰσχῦς.
1257 2997 1337 3060 θκαί
1351 2994 1416 3060 είπέ

171 3102 229 3142 σου
243 3080 293 3141 έπί
304 3077 493 3165 Βαβυλῶνα,
510 3082 566 3142 τοῦ
580 3079 651 3165 ἀραι
664 3083 779 3165 σπέρμα
809 3106 867 3163 μοι.
893 3082 969 3164 μέγα
994 3106 1044 3146 σοι
1062 3082 1127 3146 ἐστὶ
1143 3083 1200 3144 τοῦ
1218 3078 1369 3164 κληθῆναί
1387 3103 1416 3145 σε

174 3159 346 3224 Χαλδαίων.
365 3161 392 3201 ¹⁵
406 3159 465 3236 ίγιδ
479 3157 623 3243 ἐλάλησα,
637 3161 696 3239 ἐγώ
711 3159 779 3228 έκά-
809 3162 905 3227 παῖδά
915 3189 984 3244 μου,
994 3168 1050 3226 τοῦ
1063 3168 1172 3246 στήσαι
1182 3161 1237 3238 τάς
1247 3163 1345 3245 φυλάς
1354 3161 1413 3228 Ἰα-

171 3243 253 3318 λεσα,
266 3241 380 3327 ήγαγον
393 3240 497 3319 αὐτὸν,
510 3248 561 3309 καί
570 3241 714 3312 εάώδωσα
724 3246 779 3332 τήν
809 3242 887 3330 κώβ,
911 3246 963 3308 καί
975 3244 1029 3326 τήν
1042 3243 1213 3327 διασπορὰν
1226 3251 1285 3310 τοῦ
1294 3243 1416 3333 Ἰσραήλ

171 3322 244 3392 ὁδὸν
261 3323 366 3393 αὐτοῦ.
392 3327 421 3369 ¹⁰
432 3322 632 3413 προςαγάγετε
643 3327 720 3415 πρὸς
733 3330 779 3412 μέ,
809 3329 995 3412 ἐπιστρέψαι.
1022 3323 1087 3391 ἰδοὺ
1106 3325 1222 3390 δέδωκά
1239 3353 1271 3392 σε
1293 3334 1334 3404 είς
1352 3330 1416 3395 δια-

170 3413 222 3477 καί
234 3406 381 3477 ἀκοῦσατε
393 3415 502 3489 ταῦτα,
516 3411 570 3477 οῦκ
583 3409 634 3477 ἀπ’
647 3412 738 3500 ἀρχῆς
749 3419 779 3479 ἐν
809 3408 905 3496 θήκην
917 3412 1018 3489 γένους
1029 3414 1067 3485 εἰς
1079 3412 1143 3490 (μῦς
1153 3411 1265 3485 ἐθνῶν,
1278 3418 1337 3478 τοῦ
1346 3410 1418 3477 είναί

171 3499 269 3586 κρυφῇ
282 3493 438 3578 λελάληκα.
464 3491 549 3578 ήνίκα
566 3498 697 3573 ἐγένετο,
720 3499 781 3562 ἐκεῖ
811 3520 843 3561 σε
856 3499 894 3571 εἰς
910 3498 1061 3579 σωτηρίαν
1080 3498 1135 3568 ἕως
1148 3489 1278 3597 έσμάτου
1290 3501 1343 3581 τής
1353 3501 1414 3580 γῆς.

171 3577 256 3662 ήμην,
272 3579 323 3640 καί
335 3583 388 3642 νῦν
400 3574 499 3664 κῦριος
511 3573 610 3660 κῦριος
623 3576 780 3644 ἀπέστειλέ
811 3581 824 3623 ⁷
838 3575 933 3654 σῦτως
946 3579 1019 3656 λέγει
1033 3571 1144 3665 κῦριος,
1170 3603 1188 3641 ο
1201 3574 1362 3664 ρυσάμενός
1374 3603 1415 3654 σε,

169 3682 214 3742 με,
227 3658 278 3722 καί
290 3655 327 3722 τὸ
339 3665 453 3743 πνεῦμα
467 3659 571 3727 αὐτοῦ.
594 3664 621 3704 ¹⁷
635 3659 716 3727 οῦτω
729 3663 777 3729 λέ-
810 3658 828 3727 ὃ
843 3661 915 3738 θεὸς
930 3658 1057 3748 Ἰσραήλ.
1086 3654 1230 3739 ἀγιάσατε
1241 3659 1295 3724 τάν
1307 3662 1415 3738 φαυλί-

169 3766 213 3818 γει
226 3738 336 3822 κύριος,
349 3739 367 3807 ὁ
380 3740 539 3828 ῥυσάμενός
553 3771 593 3825 σε,
621 3740 703 3824 ἀγιος
717 3746 775 3813 Ἰσ-
810 3749 901 3823 ζοντα
912 3743 966 3828 τήν
978 3743 1077 3830 ψυχήν
1090 3742 1201 3818 αὐτοῦ,
1225 3739 1279 3807 τὸν
1289 3740 1416 3824 βδελυσ-

170 3819 258 3907 ραήλ.
274 3820 333 3899 ἐγιά
346 3830 399 3906 εἶμι
413 3823 431 3890 ὁ
444 3824 515 3903 θεός
529 3855 594 3905 σου,
608 3827 720 3914 δέδειχά
732 3856 777 3896 σοι
810 3826 931 3913 σόμενσν
949 3827 1008 3894 ῦπὸ
1027 3834 1088 3894 τῶν
1104 3830 1200 3893 έθνῶν
1216 3828 1277 3887 τῶν
1293 3819 1416 3891 δοῦλων

169 3909 228 3968 τοῦ
246 3904 339 3989 εὑρεῖν
356 3932 388 3970 σε
405 3908 459 3990 τήν
476 3909 550 3976 ὁδὸν
569 3915 599 3976 έν
612 3903 633 3993 ἧ
643 3910 776 4007 πορεάση
809 3918 870 3978 τῶν
889 3908 1051 3997 ἀρχόντων.
1075 3907 1199 4016 βασιλεῖς
1212 3904 1347 3992 ἀψονται
1360 3907 1417 3974 αὖ·

169 3989 203 4052 έν
216 3984 301 4080 αὐτή.
326 3990 355 4032 ²⁸
368 3993 419 4055 καί
435 3998 460 4056 εί
472 3992 601 4076 ἤκουσας
612 3982 680 4061 ’τῶν
693 4001 776 4062 ἐντο-
809 3994 874 4071 τδν,
899 3998 951 4060 καὶ
968 3993 1191 4079 ἀναστήσονται
1204 3989 1354 4077 ἀρχοντες,
1367 3995 1418 4058 καί

169 4069 231 4134 λῶν
246 4096 319 4152 μου,
344 4075 458 4148 ἐγένετο
477 4074 516 4142 ἀν
530 4074 596 4152 ὡςεὶ
611 4078 777 4165 πυταμάςή
808 4074 1062 4164 προςκυκήοουσιν
1075 4078 1174 4162 αὐτῷ,
1202 4083 1291 4145 ἕνεκεν
1304 4081 1417 4163 κυρίου.

168 4149 270 4239 εἰρήνη
287 4179 358 4228 σου,
383 4159 435 4220 καὶ
450 4155 468 4240 ή
482 4157 655 4242 δικαιοσύνη
669 4188 723 4227 σου
736 4162 776 4239 ὡς
809 4160 856 4227 ὅτι
867 4158 973 4237 πιστός
986 4166 1064 4229 ἐστιν
1076 4161 1094 4227 ὃ
1108 4159 1192 4239 ἀγιος
1205 4156 1344 4246 Ἰσραήλ,
1368 4162 1420 4224 καί

167 4241 247 4342 μῦμα
259 4233 421 4338 θαλάσσης.
448 4242 542 4307 19καί
557 4244 670 4320 ἐγένετο
684 4244 777 4322 ἀνὼς
808 4241 976 4330 ἐξελεξάμην
993 4273 1031 4311 σε.
1071 4242 1198 4322 8οὕτως
1215 4245 1291 4322 λέγει
1311 4237 1417 4326 κύριος

168 4346 296 4406 ηαμμος
314 4347 350 4387 τυ
363 4323 481 4406 σπέρμα
501 4349 573 4399 σου,
598 4329 650 4391 καί
668 4326 707 4393 τά
725 4333 774 4394 έκ-
807 4335 903 4415 καιρῷ
927 4331 1021 4412 δεκτῷ
1045 4325 1198 4412 έπήκουσά
1217 4354 1291 4403 σου,
1317 4328 1371 4392 καὶ
1388 4331 1418 4393 ἐν

165 4430 243 4481 γυνα
263 4411 314 4489 τῆς
332 4405 442 4482 κοιλίας
461 4432 518 4473 σου
539 4403 580 4482 ὡς
598 4407 616 4473 ὃ
633 4417 704 4495 χοῦς
723 4417 776 4496 τής
808 4410 902 4497 ήμέρη
928 4421 1078 4500 σωτηρίας
1102 4407 1259 4498 ἐβοήθησά
1280 4437 1346 4488 σοι,
1370 4410 1417 4476 καί

159 4493 224 4577 γῆς.
253 4489 323 4560 οῦδὲ
346 4495 400 4559 νῦν
425 4489 462 4558 οῦ
486 4491 525 4579 μή
546 4493 775 4592 ίξολοθρευθής,
791 4490 926 4562 ,έπλασά
939 4522 982 4574 σε,
999 4500 1051 4564 καί
1063 4492 1161 4564 έδωιιά
1174 4519 1206 4563 σε
1219 4500 1259 4574 είς
1271 4491 1418 4646 διαὲθήκην

1335 4582 1418 4644 θνῶν
