2924 4972
147 257 213 330 906
423 253 444 311 1
452 253 482 309 E
492 251 522 309 Ζ
533 251 562 308 Ε
573 251 606 309 Κ
619 253 640 309 I
647 251 685 309 H
692 249 726 308 A
767 251 844 324 Κεφ.
858 238 911 319 κς’.
924 240 980 318 κζ’.
994 240 1045 306 26.
1060 243 1111 307 27.

142 393 210 441 σου,
224 363 356 438 καὶτοὺς
368 358 501 447 πύργους
514 387 569 425 σου
586 358 765 466 καταβαλεῖΙ
779 365 829 425 καί
846 364 990 424 κατοικιῶ
1009 383 1041 422 σε
1058 363 1098 432 είς
1114 354 1199 444 βάθη
1211 361 1264 439 τῆς
1276 361 1335 440 γῆς
1348 357 1392 432 ὡς

141 455 171 516 ἐν
189 461 255 523 ταῖς
265 452 425 532 μαχαίραις
442 443 547 509 αὐτοῦ.
574 447 603 488 ¹⁰
617 442 681 509 άπο
694 447 749 509 τοῦ
779 446 889 528 ἔρημον
911 439 1032 507 αἰώνων
1047 441 1122 524 μετά
1141 437 1393 525 καταβαινόντων

140 528 279 615 πλήθους
296 533 357 593 τῶν
378 533 482 592 ’ίππων
501 525 598 593 αὐτοῦ
614 552 749 594 κατακα-
778 532 817 602 εἰς
828 524 955 631 βόθρον,
973 521 1057 600 ὅπως
1068 523 1109 608 μή
1122 528 1317 615 κατοικηθῇς,
1329 551 1392 628 μη-

142 614 231 699 λύιγει
244 638 275 678 σε
286 611 304 676 ὁ
318 610 471 696 κονιορτός
483 607 595 676 αὐτῶν.
621 614 672 676 καί
685 608 749 675 άπὸ
779 610 811 675 δέ
824 613 955 702 αυαοτῇς
967 609 1019 673 ἐπί
1030 613 1084 687 γῆς
1095 610 1179 690 ζωής.
1199 610 1225 649 ²¹
1233 605 1391 672 ἀπώλειαν

140 704 194 782 τής
204 700 303 778 ῳωνής
315 699 378 759 τῶν
392 697 508 760 ἱππίων
517 692 613 758 αὐτοῦ
626 697 750 760 καὶτῶν
780 720 811 759 σε
825 691 927 768 δώσω,
946 693 998 756 καὶ
1010 690 1064 776 οὐχ
1079 689 1215 775 ὑπάρξεις
1228 691 1271 755 ἔτι
1283 695 1323 766 εἰς
1334 690 1393 755 τὸν

141 784 259 868 τροχῶν
275 783 336 843 τῶν
353 774 497 865 ἁρμάτων
516 776 613 841 αὐτοῦ
626 775 749 863 σεισθή-
779 782 887 855 αἰῶνα,
905 777 980 854 λέγει
992 769 1093 860 κύριος
1109 769 1217 856 κύριος.

143 889 225 930 σεται
251 859 292 926 τά
316 868 395 944 τείη
415 887 478 926 σου.
510 864 749 946 είςπορευομένου
955 864 1031 924 ΚΕ
1045 865 1084 924 Φ.
1126 854 1209 922 KZ'.

142 946 240 1013 αὐτοῦ
250 942 305 1020 τάς
317 887 416 1019 πιάας
430 970 503 1021 σου,
527 941 568 1019 ῶς
581 941 749 1030 είςπορευό-
779 910 865 1009 Καί
890 946 1003 1029 ἐγένετο
1020 938 1109 1019 λόγος
1127 946 1229 1026 κυρίου
1245 938 1323 1026 πρὸς
1340 941 1393 1024 μὲ,

141 1055 226 1116 μενος
243 1034 282 1103 είς
299 1024 389 1093 πόλιν
406 1032 438 1092 ἐκ
455 1028 568 1093 πεδίου.
595 1032 620 1069 ¹¹
633 1031 665 1092 ἐν
683 1039 748 1102 ταῖς
778 1029 882 1106 λέγων.
912 1027 991 1091 2καί
1009 1026 1045 1090 σὺ
1065 1023 1110 1090 υίέ
1128 1022 1296 1109 ἀνθρώπου
1313 1024 1394 1112 λάβε

142 1113 252 1186 ὁπλαῖς
271 1115 332 1175 τῶν
343 1117 446 1176 ’ίππων
459 1109 554 1175 αὐτοῦ
569 1107 748 1192 καταπατή-
778 1114 829 1175 ἐπί
844 1111 910 1196 Σδρ
928 1114 1056 1213 θρήνον,
1081 1110 1159 1172 3καί
1175 1111 1248 1194 ἐρεῖς
1264 1113 1305 1200 τῇ
1322 1113 1393 1196 Σδρ

142 1200 243 1262 σουσίν
261 1219 316 1259 σου
334 1189 435 1268 πάσας
452 1190 506 1268 τάς
518 1194 667 1269 πλατείας.
693 1194 748 1259 τὸν
777 1199 817 1286 τῇ
842 1217 1025 1282 κατοικουση
1051 1192 1103 1256 ἐπί
1122 1195 1174 1275 τής
1196 1186 1310 1266 είςόδου
1335 1198 1394 1277 τῆς

142 1273 220 1346 λαόν
245 1302 301 1342 σου
326 1282 456 1381 μαχαίρη
479 1273 587 1353 ἀνελεῖ,
619 1280 671 1341 καί
695 1277 749 1360 τήν
778 1275 948 1362 θαλάσσης,
978 1281 1025 1359 τῶ
1048 1278 1180 1359 ἐμπορίῳ
1206 1279 1267 1338 τῶν
1292 1274 1392 1351 λαῶν,

142 1357 311 1426 ὑπόστασιν
322 1365 374 1443 τῆς
388 1366 487 1445 ἶσχυος
499 1386 553 1425 σου
566 1363 617 1425 ἐπί
627 1360 683 1444 τήν
694 1365 750 1444 γῆν
779 1359 842 1425 άπὸ
856 1361 954 1438 νήσων
965 1359 1096 1426 πολλῶν.
1114 1354 1182 1422 τάδε
1195 1357 1273 1435 λέγει
1286 1355 1394 1443 κύριος

142 1440 270 1520 κατάξει.
287 1445 316 1484 ¹²
328 1445 380 1507 καί
391 1439 581 1527 προνομεύσει
593 1443 648 1526 τήν
660 1439 747 1509 δύνα·
779 1447 818 1537 τῇ
841 1442 917 1529 Σόρ.
951 1443 987 1509 σὺ
1013 1441 1111 1519 είπας,
1137 1437 1197 1517 ἐγώ
1220 1444 1394 1526 περιέθηκα

140 1533 192 1612 μίν
205 1552 274 1601 σου,
294 1529 344 1590 καί
358 1524 509 1592 σκυλεύσει
522 1525 561 1591 τά
574 1524 748 1614 ὑπάρχοντά
779 1531 890 1622 ἐμαυτῇ
905 1524 1014 1601 κάλλος
1025 1551 1098 1606 μου,
1123 1524 1140 1566 ⁴
1154 1528 1185 1588 ἐν
1200 1525 1311 1608 καρδίᾳ
1324 1535 1392 1592 θα.

143 1635 212 1684 σου,
228 1610 280 1672 καί
292 1608 458 1694 καταβαλεῖ
467 1609 506 1674 τά
519 1614 598 1694 τείχη
613 1636 676 1689 σου,
697 1615 748 1676 καὶ
779 1607 893 1695 λάσσης
908 1615 952 1694 τῷ
967 1609 1089 1691 Βεελείμ
1102 1613 1163 1672 υίοί
1175 1633 1229 1673 σου
1242 1612 1390 1694 περιέθη-

142 1691 214 1767 τσίις
238 1692 337 1766 οἴκους
362 1717 419 1756 σου
449 1688 520 1766 τούς
545 1692 749 1778 ἐπιθυμητούς
779 1691 835 1759 κάν
859 1719 908 1759 σοι
924 1691 1041 1769 κάλλος.
1081 1692 1212 1777 6κέδρος
1236 1696 1268 1756 ἐκ
1287 1697 1390 1778 Σενείρ

141 1773 271 1840 καθελεῖ.
296 1777 348 1840 καί
357 1771 428 1850 τούς
440 1775 548 1850 λίθους
561 1802 627 1853 σου,
648 1780 699 1842 καί
710 1775 750 1841 τά
779 1773 961 1862 ᾠκοδομήθη
974 1802 1037 1853 σοι,
1060 1782 1174 1840 ταινίαι
1190 1777 1322 1841 σανίδων
1334 1803 1389 1840 κυ-

143 1857 220 1934 ξάλα
239 1884 295 1923 σου
312 1862 365 1923 καί
380 1858 434 1922 τὸν
449 1863 523 1943 χοῦν
536 1884 591 1924 σου
610 1865 648 1935 εἰς
659 1862 749 1942 μέσου
779 1866 928 1942 παρίσσσυ
942 1863 973 1924 ἐκ
981 1865 1039 1925 τοῦ
1047 1859 1184 1945 Λιβάνου
1197 1855 1383 1944 ἐλήφθησαν,

142 1945 196 2024 τῆς
209 1936 366 2026 θαλάσσης
379 1967 432 2006 σου
446 1941 570 2026 ἐμβαλεῖ.
589 1945 616 1984 ¹³
629 1945 681 2007 καί
693 1970 749 2007 κα-
780 1949 836 2009 τοῦ
847 1948 973 2025 ποιήσαί
984 1969 1032 2008 σοι
1046 1939 1146 2016 ἱστοὺς
1157 1943 1321 2018 ίλατίνσυς,
1332 1943 1388 2007 θέκ

142 2019 261 2089 ταλύσει
272 2021 309 2086 τὸ
319 2023 439 2105 πλῆθος
450 2029 512 2088 τῶν
523 2031 671 2105 μουσικῶν
681 2052 748 2102 σου,
780 2031 833 2111 τής
844 2027 1047 2102 Βασανίτιδας
1058 2030 1205 2109 ἐποίησαν
1216 2023 1271 2100 τάς
1283 2022 1389 2102 κῶπας

143 2107 195 2171 καί
215 2103 234 2190 ή
256 2104 340 2189 φωνή
359 2111 419 2171 τῶν
435 2106 613 2192 ψαλτηρίων
637 2135 692 2175 σου
712 2108 749 2172 οὐ
781 2135 846 2185 σου,
860 2109 899 2175 τά
914 2110 979 2194 ίιρά
990 2135 1046 2174 σου
1059 2113 1206 2193 ἐποίησαν
1218 2111 1250 2186 ἐξ
1259 2109 1389 2190 ἐλέφαν-

143 2188 183 2273 ιιή
196 2186 337 2282 άκαυσθή
350 2190 400 2254 ἐτι.
421 2191 450 2232 ¹⁴
463 2193 514 2255 καί
526 2187 616 2256 δώσω
630 2216 662 2256 σε
675 2192 747 2257 λεω-
779 2217 845 2271 τος,
870 2193 970 2268 οἴκους
983 2188 1124 2267 ἀλσώδεις
1137 2192 1200 2257 ἀπὸ
1214 2189 1314 2277 νήσων
1324 2197 1391 2259 τῶν

142 2278 279 2358 πετρίαυ,
301 2271 418 2356 ψυγμὸς
431 2277 568 2358 σαγηνῶν
581 2278 645 2368 ἔσῃ,
659 2273 695 2339 οίι
706 2273 748 2360 μή
781 2282 910 2361 Χετιείμ.
941 2272 1076 2363 7βύσσος
1096 2277 1169 2361 μετά
1187 2276 1390 2353 ποικιλίαςέξ

144 2357 343 2448 ολκοδσμηθῇς
355 2360 413 2434 ἐτι,
434 2353 481 2422 ὅτι
495 2356 552 2434 ἐγώ
566 2356 666 2443 κύριος
679 2356 748 2424 ἐλά,
780 2360 945 2439 Αίγύπτου
964 2357 1078 2437 ἐγένετό
1091 2384 1139 2426 σοι
1151 2357 1304 2444 στρωμνή,
1329 2365 1389 2424 τοῦ

143 2439 231 2543 λησα,
244 2439 320 2516 λέγει
333 2437 437 2525 κύριος
463 2441 490 2483 ¹¹
505 2437 581 2505 διότι
594 2440 663 2505 τάδε
675 2441 749 2521 λέγει
779 2449 945 2528 περιθεῖναί
963 2469 1008 2508 σοι
1028 2440 1130 2520 δόξαν,
1155 2445 1207 2506 καί
1218 2443 1388 2526 περιβαλεῖν

143 2546 244 2607 κυριος
262 2517 362 2608 κύριος
380 2527 419 2616 τῇ
431 2519 505 2608 Σόρ.
532 2522 587 2588 οὐκ
605 2523 668 2589 άπὸ
683 2551 749 2606 φω·
780 2552 817 2590 σε.
846 2524 994 2591 ὑάκινθον
1016 2529 1067 2591 καί
1091 2523 1247 2610 πορφύραν
1270 2528 1303 2586 ἐκ
1320 2530 1385 2588 τῶν

142 2611 193 2690 νής
210 2613 263 2692 τής
274 2603 415 2682 πτώσεώς
434 2633 489 2672 σου
506 2611 538 2672 ἐν
554 2612 600 2690 τῳ
615 2606 748 2684 στενάξαι
780 2610 878 2693 νήσων
893 2608 1036 2687 Ἐλεισαί,
1061 2611 1111 2674 καί
1128 2610 1236 2683 ἐγένετο
1258 2602 1383 2691 περιβ’-

141 2694 326 2774 τραυματίας
339 2694 368 2755 ἐν
380 2695 425 2772 τῷ
438 2695 551 2756 σπάσαι
560 2686 709 2777 μάχαιραν
717 2696 749 2758 ἐν
780 2689 852 2757 λαιά
869 2719 934 2758 σου.
974 2695 1053 2758 8καί
1069 2695 1098 2758 οἶ
1116 2689 1255 2776 άρχοντές
1273 2715 1329 2753 σου
1350 2695 1386 2754 οἶ

142 2776 223 2855 υέσῳ
255 2797 310 2836 σου
340 2768 550 2859 σεισθήσουται
582 2779 616 2837 αί
645 2779 747 2857 νήσσι,Ι
778 2768 1389 2860 κατοικοῦντεςΣιδῶνακαίἈράδιοιἐγέ-

142 2857 227 2919 16καί
240 2856 462 2939 καταβήσονται
476 2855 540 2920 άπὸ
554 2861 615 2922 τῶι·
626 2854 748 2944 θρόνων
779 2884 867 2925 νοντα
887 2857 1063 2944 κωπηλάται
1081 2885 1145 2925 σου.
1172 2862 1203 2922 οῖ
1220 2863 1315 2938 σοφοί
1329 2882 1390 2922 σου

143 2935 245 3002 αὐτῶν
269 2934 377 3013 πάντες
407 2944 438 3003 οἱ
464 2939 602 3024 άρχοντες
630 2945 663 3005 ἐκ
687 2946 748 3007 τῶν
778 2942 845 3029 Σόρ
858 2951 890 3008 οἳ
899 2933 978 3027 ἦσαν
990 2948 1020 3008 ἐν
1032 2945 1094 3017 σοί,
1112 2932 1197 3006 οὗτοι
1209 2945 1392 3026 κυβερνῆταί

142 3024 242 3085 ἐθνῶν
254 3026 305 3103 τής
317 3017 487 3105 θαλάσσης,
505 3028 557 3088 καὶ
569 3022 747 3104 άφελούνται
781 3053 845 3093 σου.
870 3028 886 3069 ⁰
899 3031 931 3091 σί
942 3021 1130 3111 πρεσβύτεροι
1143 3022 1278 3110 βιβλίων,
1291 3027 1343 3087 καί
1357 3028 1392 3088 οἱ

141 3102 195 3176 τάς
208 3110 314 3188 μίτρας
327 3103 391 3168 ἀπὸ
409 3111 469 3171 τῶν
482 3107 620 3187 κεφαλῶν
637 3107 746 3184 αὐτῶν,
780 3111 872 3189 σοφοί
896 3108 998 3174 αὐτῶν
1014 3115 1046 3174 οἳ
1064 3097 1142 3192 ἦσαν
1161 3111 1192 3172 ἐν
1210 3108 1275 3182 σοὶ,
1301 3100 1390 3171 οὗτοι

142 3188 194 3249 καί
206 3184 258 3247 τόν
269 3185 426 3269 ἱματισμὸν
436 3185 489 3251 τόν
500 3191 638 3255 ποικίλον
648 3189 748 3257 αὐτῶν
779 3197 910 3275 ἐνίσχυον
927 3191 980 3274 τήν
996 3186 1109 3289 βουλήν
1127 3216 1193 3254 σου.
1221 3191 1272 3252 καί
1283 3186 1392 3255 πάντα

142 3261 324 3334 ἐκδύσανται.
339 3264 472 3336 ἐκστάσει
485 3269 683 3355 ἐκστήσονται,
698 3278 748 3339 ἐπί
779 3273 819 3340 τά
830 3274 922 3338 πλοῖα
934 3278 986 3354 τής
997 3271 1154 3354 θαλασσης
1171 3273 1224 3334 καί
1235 3275 1267 3334 οἱ
1279 3297 1391 3356 κωπη-

140 3357 196 3455 γήν
211 3354 426 3429 καθεδοῦνται,
452 3356 503 3419 καί
523 3354 748 3441 φοβηθήσονται
779 3353 864 3423 λάται
877 3353 978 3420 αὐτῶν
991 3351 1127 3432 ἐγένοντό
1141 3379 1190 3418 σοι
1207 3355 1258 3417 ἐπὶ
1270 3354 1392 3438 δυσμάς

141 3459 196 3517 την
208 3433 359 3502 ἀπώλειαν
372 3436 481 3514 αὐτῶν,
499 3441 550 3503 καί
562 3436 747 3518 στενάξουσιυ
779 3443 902 3523 δυσμῶν.
927 3441 955 3484 ¹⁰
969 3443 1098 3524 Πέρσαι,
1123 3438 1175 3502 καί
1191 3437 1309 3511 Λυδοί,
1335 3444 1390 3505 καί

142 3520 192 3581 ¹⁷1¹
209 3519 256 3596 σὲ,
282 3524 310 3565 ¹⁷
322 3524 372 3586 καί
390 3518 541 3605 λήψονται
560 3527 610 3588 ἐπί
622 3525 656 3590 σὲ
668 3531 747 3609 θρή-
778 3530 886 3672 Λίβμες
899 3511 976 3608 ἦσαν
988 3528 1019 3589 ἐν
1029 3528 1066 3616 τῇ
1076 3519 1192 3604 δυνάμει
1205 3547 1270 3597 σου,
1284 3520 1391 3608 ἄνδρες

140 3623 205 3677 ⁷0⁷2
231 3602 282 3664 καί
299 3607 404 3688 ἐροῡσί
422 3631 475 3669 σοι.
502 3611 568 3680 πῶς
580 3605 747 3693 κατελύθης
777 3634 820 3672 πο
851 3613 953 3691 μισταί
970 3633 1024 3673 σου
1036 3606 1150 3680 πέλτας
1162 3606 1215 3669 καὶ
1226 3629 1389 3689 περικεφα-

140 3684 173 3743 ἐκ
191 3679 350 3768 θαλάσσης
367 3684 386 3770 ή
405 3686 492 3764 πόλις
508 3686 528 3770 ή
546 3687 682 3775 ἐπαινετή
689 3721 702 3769 ;
726 3691 745 3773 ή
777 3691 865 3766 λαίας
878 3694 1044 3775 ἐκρέμασαν
1057 3695 1088 3754 ἐν
1101 3691 1162 3761 σοί,
1173 3683 1257 3752 οὗτοι
1268 3689 1389 3754 ἔδωκαν

140 3764 237 3828 δοῦσα
267 3764 321 3831 τὸν
347 3767 443 3856 φόβον
468 3778 561 3855 αδτης
585 3800 660 3838 πασι
683 3800 747 3851 τοις
777 3801 832 3857 την
849 3775 941 3852 δόξαν
959 3802 1023 3842 σου.
1053 3779 1079 3817 ¹¹
1092 3776 1154 3838 υἱοί
1170 3771 1317 3856 Ἀραδίων
1334 3775 1390 3838 καί

140 3854 331 3914 κατοικοῦσιν
352 3849 464 3956 αιἰτήνς
495 3855 524 3896 ¹⁸
537 3858 588 3919 καί
605 3854 745 3960 φοβηθή·
776 3856 796 3942 ἢ
820 3854 943 3941 δύναμίς
966 3885 1021 3923 σου
1039 3859 1168 3922 ἐπὶτῶν
1187 3858 1387 3942 τειχέωνισου.

140 3953 246 3993 σονται
260 3937 294 3996 αἱ
306 3939 392 4018 νήσοι
406 3937 466 4001 απὸ
482 3934 592 4021 ἡμέρας
604 3941 746 4016 πτώσεως
777 3936 906 4021 φύλακες
930 3946 963 4007 ἐν
987 3952 1050 4016 τοῖς
1074 3938 1202 4025 πύργοις
1219 3964 1273 4002 σου
1297 3943 1388 4021 ήσαν,

140 4036 212 4115 ρον,
238 4012 327 4080 19ὅτι
344 4014 413 4082 τάδε
431 4021 504 4098 λέγει
523 4019 622 4107 κύριος
634 4021 744 4105 κύριος.
776 4021 831 4099 τάς
848 4026 1001 4129 ῳαρέτρας
1024 4022 1128 4088 αὐτῶν
1154 4025 1317 4129 ἐκρέμασαν
1335 4025 1390 4087 ἐπί

139 4120 215 4160 οταν
239 4098 282 4163 δῶ
307 4100 395 4164 πόλιν
418 4101 611 4190 ἠρημωμένην
633 4105 674 4180 ὡς
691 4105 746 4182 τάς
776 4111 838 4173 τῶν
850 4106 951 4191 ὀρμων
961 4132 1017 4172 σου
1031 4103 1141 4190 κύκλῳ,
1155 4130 1237 4171 ουτοι
1251 4101 1389 4168 ἐτελείω-

137 4178 239 4255 πόλεις
251 4181 306 4256 τὰς
317 4179 357 4265 μή
372 4191 690 4272 κατοικισθησομένας,
714 4193 745 4255 ἐν
777 4186 832 4255 σάν
857 4215 911 4259 σου
933 4187 969 4256 τὸ
988 4185 1107 4266 κάλλος.
1144 4185 1386 4272 12Καρχηδόνιοι

137 4266 183 4342 τῶ
200 4263 356 4341 ἀναγαγεῖν
374 4294 408 4349 με
424 4273 475 4334 ἐπὶ
489 4269 522 4334 σὲ
534 4271 589 4354 τήν
601 4271 744 4355 άβυσσον,
776 4276 907 4360 ἔμποροί
934 4299 990 4340 σου
1020 4272 1085 4339 άπὸ
1117 4270 1258 4356 πλήθους
1285 4267 1385 4352 πάσης

136 4346 187 4407 καὶ
200 4345 404 4432 κατακαλύψει
418 4377 450 4416 σε
464 4348 542 4436 ίίδωρ
555 4351 641 4417 πολύ.
656 4355 744 4419 20καί
776 4353 875 4439 ίσχύος
888 4383 960 4432 σου,
980 4354 1123 4442 ἀργύριον
1136 4359 1188 4421 καί
1198 4361 1320 4441 χρυσίον
1332 4357 1388 4419 καί

135 4427 387 4531 καταβιβάσωίσε
412 4430 489 4519 πρὸς
507 4433 579 4510 τούς
596 4441 743 4522 καταβαί-
775 4441 894 4524 σίδηρον
918 4442 969 4504 καί
992 4447 1168 4527 κασσίτερον
1186 4441 1237 4503 καί
1259 4430 1389 4522 μόλιβον

128 4528 238 4589 νοντας
253 4518 295 4590 είς
306 4517 427 4605 βοθρον
442 4514 519 4605 πρὸς
537 4517 610 4584 λαὸν
623 4523 741 4599 αἰῶνος,
774 4523 890 4588 έδωκαν
902 4520 959 4607 τήν
969 4519 1087 4608 ἀγοράν
1100 4549 1165 4588 σου.
1191 4517 1249 4604 13ή
1263 4517 1388 4625 ἙλλάςΞ

1332 4631 1388 4669 και
