2924 4972
283 198 577 261 ΒΛΣΙΛΕΙΩΝ
605 195 843 261 ΤΕΤΛΡΤΗ
882 200 1018 278 Κεφ.ιη’.
1035 195 1151 264 ιδ’.18.
1169 201 1216 265 19.
1300 202 1365 269 39λ

112 322 167 381 νὺν
182 314 223 399 μή
242 312 310 380 ἀνευ
329 322 431 402 κυρίου
452 314 590 401 ἀνέβήμεν
608 318 658 380 ἐπὶ
671 312 723 378 τὸν
761 338 817 379 σαν
830 311 916 396 αὐτῷ
928 310 1032 390 λόγον,
1056 313 1103 378 ὅτι
1122 316 1226 399 ἐντολή
1241 321 1295 381 τοῦ
1307 322 1365 403 βα-

112 395 208 462 τύπον
226 404 335 464 τοῦτον
353 403 408 463 τοῦ
428 400 601 483 διαφθεῖραι
615 393 722 474 αύτύνς
760 397 864 471 σιλέως
888 397 1004 474 λέγων,
1042 395 1097 461 ούκ
1123 396 1366 483 ἀποκριθήσεσθε

112 478 212 567 κύριος
225 479 288 547 είπε
301 482 378 567 πρὸς
391 480 442 562 μὲ,
461 477 592 566 ἀνάβηθι
605 481 657 545 ἐπὶ
670 481 723 563 τήν
761 478 854 562 αύτῷ.
886 481 915 522 ³⁷
930 482 981 544 καί
997 479 1127 562 είςῆλθεν
1147 478 1283 565 Ἔλιακίμ
1303 480 1366 559 υἱός

115 571 170 649 γῆν
195 562 307 649 ταύτην
336 567 386 628 καί
417 561 593 647 διάφθειρον
619 559 720 644 αύτήυ.
763 560 925 642 Χελκίουὸ
945 561 1112 666 οἰκονόμος,
1138 567 1189 627 καὶ
1207 562 1364 648 Σωμνάςὸ

115 651 147 692 ²⁶
159 648 209 712 καί
220 645 441 731 εἶπενἝλιακίμ
452 647 515 720 υἱὸς
526 646 658 711 Χελκίου
671 649 722 710 καὶ
760 647 961 728 γραμματεύς,
987 648 1038 711 καί
1055 646 1135 720 Ιωάς
1149 645 1211 721 υίὸς
1222 648 1334 728 Σαφάτ
1346 645 1364 714 ὃ

113 726 650 816 ΣωμνάςκαὶἸωάςπρύςῬαψάκήν.
664 724 721 793 λά-
761 723 986 811 ἀναμιμνήσκων
1010 726 1086 814 πρὸς
1095 727 1226 805 Ἐζεκίαν
1252 733 1366 836 διερρή-

114 816 204 900 λησον
216 811 252 898 δή
265 811 341 900 πρὸς
354 811 425 888 τούς
436 811 548 888 παῖδάς
561 839 614 879 σου
626 819 721 897 Συρι·
758 806 842 896 χότες
855 807 893 875 τά
912 806 1030 893 ίμάτια,
1056 816 1106 877 καί
1123 810 1297 897 ἀνήγγειλαν
1309 843 1366 881 αυ-

114 903 172 975 στί,
186 895 233 964 ὅτι
247 895 394 981 ἀκούομεν
405 895 498 981 ἡμεῖς,
510 900 562 962 καί
574 894 610 962 ού
624 893 719 979 λαλή-
760 899 805 978 τῷ
816 893 888 968 τούς
900 890 1008 972 λόγους
1016 891 1185 978 Ῥαψάκου.

112 1009 173 1058 σεις
192 978 257 1065 μεθ’
280 979 363 1064 ήμῶν
377 977 620 1056 Ἰουδαίστλ,καί
641 982 722 1043 ίνατί
941 983 1064 1041 ΚΕΦ.
1108 976 1181 1043 ΙΘ’.

111 1068 212 1138 λαλεῖς
230 1067 261 1128 ε’ν
280 1075 344 1138 τοῖς
356 1061 481 1128 ἀσίτοῡ
498 1063 575 1126 λαοῦ
593 1066 650 1125 τοῦ
669 1062 721 1125 ἐπί
760 1027 841 1126 Καὶ
861 1062 977 1138 ἐγένετο
996 1056 1036 1134 ὡς
1059 1060 1181 1143 ήκουσεν
1197 1064 1215 1127 ὁ
1231 1063 1365 1167 βασιλεὺς

112 1153 171 1213 τοῦ
180 1153 292 1231 τείχους
297 1175 309 1224 ,·
335 1148 365 1187 ²⁷
382 1147 433 1209 καί
445 1144 507 1209 εἶπε
519 1142 596 1226 πρὸς
609 1141 721 1218 αύτούς
756 1141 894 1220 Ἐζεκίας,
913 1144 966 1207 καί
984 1144 1112 1227 διίῤῥήξε
1129 1143 1169 1210 τὰ
1188 1151 1291 1228 ίματια
1307 1147 1365 1213 αύ·

108 1227 277 1328 Ῥαιμάκρς.
301 1227 341 1310 μή
355 1229 406 1290 ἐπὶ
417 1226 470 1291 τὸν
489 1222 591 1311 κύριόν
604 1251 658 1291 σον
670 1228 721 1290 καί
759 1231 827 1303 τοῦ,
839 1227 891 1292 καί
902 1228 1091 1312 περιεβάλετο
1111 1224 1231 1304 σάκκον,
1247 1235 1297 1295 καί
1309 1237 1364 1306 είς-

115 1310 193 1396 πρὸς
218 1336 250 1375 σε
276 1307 433 1374 ἀπέστειλέ
453 1334 488 1392 με
506 1305 524 1372 ὁ
541 1305 642 1394 κύριός
663 1334 721 1392 μου
760 1309 902 1393 ῆλθενείς
912 1307 995 1374 οίκον
1008 1317 1121 1394 κυρίου.
1146 1310 1365 1379 2καίάπίστει·

115 1395 245 1477 λαλῆσαι
270 1390 341 1467 τούς
363 1387 472 1470 λόγους
496 1387 631 1467 τούτους,
656 1392 721 1476 ούχί
760 1393 809 1458 λεν
820 1391 955 1473 Ἐλιακίμ
967 1389 1020 1458 τὸν
1034 1392 1207 1478 οἰκονόμον,
1231 1400 1365 1463 καὶΣω-

114 1480 167 1543 ἐπὶ
181 1475 250 1551 τούς
261 1473 371 1561 ἀνδρας
389 1471 460 1549 τούς
473 1478 657 1558 καθημένους
671 1477 720 1541 ἐπί
757 1473 832 1559 μνάν
841 1474 893 1540 τὸν
901 1481 1086 1561 γραμματεά,
1095 1481 1146 1544 καί
1158 1478 1229 1555 τούς
1238 1486 1364 1568 πρεσβυ-

114 1567 172 1627 τού
186 1565 310 1644 τείχους,
335 1561 394 1622 τοῦ
413 1569 516 1637 φαγεῖν
533 1556 588 1640 τήν
602 1556 719 1644 κύπρον
758 1563 863 1646 τίρους
896 1565 957 1624 τῶν
982 1564 1081 1643 ἱερέων
1106 1564 1364 1666 περιβεβλημένους

114 1644 229 1717 αύτών,
240 1644 290 1707 καί
302 1654 378 1707 πιεῖν
389 1639 425 1706 τύ
436 1630 526 1728 ούρον
538 1640 639 1708 αὐτῶν
649 1641 712 1725 μεθ’
759 1639 885 1719 σάκκους
898 1641 973 1728 πρὸς
987 1639 1126 1710 Ἠσαίαν
1144 1671 1195 1710 τον
1206 1645 1364 1732 προφήτην

114 1726 199 1810 ύμών
212 1723 290 1808 ἀμας
315 1726 346 1768 ²⁸
359 1726 410 1789 καί
421 1721 654 1810 ἕστήῬαψάκής
667 1726 719 1789 καί
759 1723 941 1809 υίύνἈμώς,
977 1726 992 1767 ³
1004 1728 1056 1792 καί
1069 1726 1153 1794 εἶπον
1171 1729 1248 1815 πρὸς
1261 1730 1362 1799 αὐτόν.

113 1807 165 1897 isid
187 1837 219 1876 σε
237 1813 322 1903 φωνῇ
339 1805 451 1902 μεγάλμ
465 1807 642 1885 Ἰουδαΐστί,
668 1811 719 1873 καί
758 1807 828 1875 τάδε
849 1811 925 1887 λέγει
944 1806 1082 1886 Ἐζεκίας.
1109 1809 1363 1898 ήμίραθλίριιως

113 1840 237 1977 ἐλάλςσε
249 1897 301 1957 καί
313 1890 397 1956 εἶπεν.
413 1889 564 1958 ἀκούσατε
578 1891 650 1968 τούς
663 1889 719 1957 λό·
758 1896 809 1959 καὶ
822 1893 944 1977 ἐλεγμού
956 1895 1007 1957 καί
1019 1900 1225 1980 παροργισμοῦ
1238 1894 1255 1981 ή
1270 1895 1363 1985 ήμίρα

112 2005 180 2054 γους
195 1983 248 2042 τοῦ
255 1974 384 2058 μεγάλου
391 1977 536 2061 βασιλέως
544 1975 718 2061 Ἀσσυρίων.
758 1973 843 2061 αὕτη.
863 1976 908 2043 ὅτι
922 1965 1019 2060 ήλθον
1034 1981 1094 2043 υἱοί
1107 1984 1162 2054 ἕως
1174 1980 1298 2060 ὠδίνων,
1312 1986 1364 2048 καί

113 2065 143 2104 ²⁹
157 2057 226 2126 τάδε
238 2061 313 2137 λέγει
328 2057 345 2123 ὁ
357 2056 502 2144 βασιλεύς.
515 2058 555 2143 μή
570 2061 719 2141 ἐπαιρέτω
760 2059 839 2144 ίσχύς
850 2058 904 2125 ούκ
921 2064 984 2124 ἐστι
1002 2066 1039 2151 τῇ
1057 2062 1206 2156 τικτούσῃ.
1233 2063 1292 2132 *εἴ
1298 2096 1363 2144 πως

114 2143 188 2226 ύμάς
198 2142 326 2220 Ἐζεκίας
339 2139 449 2219 λόγοις,
466 2140 514 2206 ὅτι
529 2140 566 2205 ού
578 2142 616 2224 μή
630 2136 720 2222 δύνη-
758 2138 954 2216 είςακούσεται
973 2139 1073 2247 κύριος
1090 2142 1193 2221 ύθεός
1212 2174 1265 2214 σου
1286 2147 1364 2216 πάν.

113 2254 162 2292 ται
181 2224 257 2310 ὑμᾶς
277 2225 430 2300 ἐξελέσθαι
448 2229 481 2289 ἐκ
498 2220 593 2330 ρειρὸς
612 2222 718 2291 αὐτοῦ.
758 2250 812 2298 τας
826 2223 895 2297 τούς
904 2220 1009 2300 λόγους
1022 2224 1174 2308 Ραιμάκου
1184 2225 1219 2294 ὃν
1228 2229 1363 2299 ἀπέστει-

113 2313 143 2354 ³⁰
156 2312 207 2374 καί
228 2308 268 2409 μή
295 2306 473 2382 ἐπελπιζίτω
499 2310 574 2387 υμᾶς
593 2304 720 2380 Ἐζεκίας
758 2308 806 2371 λεν
818 2303 909 2370 αὐτὸν
921 2307 1250 2395 βασιλεύςἈσσυρίωνὸ
1263 2312 1362 2399 κύριο-

113 2391 191 2474 πρὸς
203 2414 316 2471 κυριον,
329 2389 432 2464 λέγων.
446 2384 647 2472 ἐξαιρούμενος
661 2388 721 2461 ἐξε-
759 2388 854 2453 αύτοῦ
867 2387 1008 2463 ὀνειδίζειν
1021 2388 1094 2454 θεὸν
1104 2394 1200 2466 ζῶντα
1213 2398 1264 2458 καὶ
1274 2398 1363 2479 βλας.

114 2474 209 2537 λεῖται
224 2467 335 2551 κύριος,
348 2468 384 2531 ού
397 2467 437 2549 μή
451 2469 616 2558 παραδοθῇ
632 2468 649 2549 ή
663 2464 721 2531 πό·
760 2483 863 2553 φημεῐν
880 2473 911 2534 ἐν
927 2466 1025 2548 λύγοις
1043 2471 1089 2545 οἷς
1107 2471 1213 2555 ἤκουσε
1231 2472 1329 2560 κύριος
1344 2477 1361 2544 ὁ

115 2557 160 2630 λις
173 2549 251 2635 αύτή
265 2555 297 2614 ἐν
308 2553 380 2633 χειρί
392 2550 537 2635 βασιλέως
549 2547 720 2631 Ἀσσυρίων.
759 2550 829 2627 θεός
844 2578 909 2628 σου,
935 2557 985 2618 καί
1010 2549 1093 2656 λήφυρ
1115 2557 1273 2639 προςευχήν
1297 2565 1364 2646 περὶ

115 2640 141 2679 ³¹
154 2638 194 2721 μή
208 2628 328 2700 ἀκούετε
339 2632 478 2708 Ἐζεκίου,
503 2629 552 2697 ὅτι
563 2633 633 2697 τάδε
646 2631 721 2708 λέγει
761 2641 815 2702 τού
828 2637 985 2720 λείμματος
997 2642 1053 2700 τοῦ
1064 2642 1279 2722 ευρισκομὲιου.
1295 2645 1363 2710 6καί

112 2719 129 2786 ὃ
146 2718 285 2808 βασιλεύς
304 2715 475 2802 Ἀσσυρίων.
502 2713 643 2800 ποιήσατε
659 2717 716 2797 μετ’
759 2714 856 2805 ἦλθον
873 2725 904 2784 οῖ
924 2721 1026 2796 παῖδες
1049 2727 1107 2786 τού
1121 2722 1266 2808 βασιλέως
1283 2724 1362 2804 Ἐζε-

111 2809 185 2887 ἐμού
195 2802 346 2879 εὐλογίαν,
365 2804 417 2865 καί
431 2799 573 2876 ἔξελθατε
585 2800 661 2886 πρὸς
672 2798 717 2882 με’,
757 2811 822 2869 κίου
842 2802 918 2887 πρὸς
934 2800 1080 2880 Ἠσαίαν,
1104 2807 1183 2871 6καί
1205 2806 1283 2876 εἶπεν
1303 2809 1360 2876 αύ-

112 2893 161 2954 ιιαλ
177 2894 276 2952 πίεται
295 2883 368 2970 ἀνήρ
392 2882 444 2965 τήν
462 2883 593 2965 ἄμπελον
611 2882 717 2960 αύτοῦ,
756 2898 819 2961 τοῖς
839 2884 978 2962 Ἠσαίας.
1004 2885 1074 2953 τάδε
1097 2892 1186 2974 ἐρεῖτε
1208 2891 1286 2975 πρὸς
1306 2895 1360 2960 τὸν

110 2974 160 3037 καί
179 2969 256 3054 ἀνήρ
281 2966 334 3051 τήν
353 2975 444 3051 συκήν
466 2966 564 3032 αύτοῦ
581 2969 715 3048 φάγεται,
755 2969 855 3056 κύριον
881 2969 970 3052 ὑμῶν,
988 2967 1060 3037 τάδε
1085 2973 1159 3050 λε’γει
1186 2971 1293 3061 κύριος.
1318 2979 1358 3060 μή

110 3056 160 3119 καὶ
182 3060 280 3119 πίεται
306 3050 384 3132 ὕδωρ
408 3055 461 3114 τοῦ
479 3049 589 3117 λάκκου
610 3050 714 3126 αὐτοῦ,
753 3059 892 3160 φοβηθῇς
905 3053 968 3120 ἀπὸ
981 3060 1042 3120 ταῖν
1053 3055 1150 3135 λόγων
1163 3049 1205 3122 ὧν
1220 3061 1357 3144 ἤκουσας,

111 3141 138 3179 ³²
155 3142 210 3211 ἕως
228 3137 311 3201 ἔλθω
329 3137 381 3199 καὶ
400 3130 483 3220 λάβω
502 3131 577 3217 ύμάς
601 3140 641 3210 εἷς
658 3140 714 3218 γήν
752 3166 794 3204 ων
807 3135 1033 3225 ἐβλαςφήμησαν
1051 3139 1089 3206 τά
1107 3140 1253 3227 παιδάρια
1269 3148 1356 3230 βασι·

111 3220 200 3301 ὡςγή
218 3217 307 3300 ὑμῶν,
332 3224 369 3295 γῖ
389 3224 474 3281 σίτου
492 3222 542 3283 καί
561 3221 645 3283 οἴνου
664 3220 714 3281 καί
752 3222 826 3296 λε’ως
836 3222 1006 3305 Ἀσσυρίων.
1034 3221 1125 3288 7ίδού
1136 3224 1195 3302 ἐγὼ
1208 3228 1312 3309 δίδωμι
1325 3228 1356 3291 ἕν

109 3303 206 3388 ἀρτου
219 3304 271 3366 καὶ
282 3248 512 3382 &memma
522 3302 622 3374 ἐλαίας
633 3301 714 3364 ἐλαί·
752 3303 837 3384 αύτῷ
849 3307 960 3382 πνεῦμα
978 3308 1029 3366 καὶ
1048 3301 1205 3370 ἀκούσεται
1218 3305 1357 3383 ἀγγελίαν

109 3413 144 3452 ου
158 3387 211 3448 καλ
224 3383 355 3464 μελιτος,
381 3385 432 3446 καὶ
448 3379 545 3463 ζήσετε
558 3386 609 3447 καὶ
626 3380 662 3446 ού
674 3378 714 3464 μή
752 3390 804 3450 καὶ
821 3382 1086 3467 ἀποστραφήσεται
1103 3392 1142 3459 εἰς
1159 3388 1212 3468 τήν
1229 3393 1284 3471 γήν
1301 3387 1356 3453 αύ-

108 3460 293 3546 ἀποθάνήτε.
324 3465 375 3527 καὶ
392 3463 432 3544 μή
452 3459 571 3528 ἀκούετε
585 3463 713 3537 Ἐζεκίου
752 3471 816 3531 τοῦ.
834 3469 884 3529 καί
897 3466 1059 3550 καταβαλῶ
1074 3465 1167 3531 αύτὸν
1180 3471 1356 3571 ε’νρομφαίᾳ

108 3550 157 3618 ύτι
171 3547 277 3628 ἀπατᾷ
292 3544 366 3628 ὑμᾶς
378 3544 481 3621 λέγων,
490 3541 588 3628 κύριος
598 3541 714 3630 ῥύσεται
752 3552 782 3612 ἐν
793 3553 833 3630 τῆ
844 3551 884 3641 γῇ
897 3545 1002 3612 αὐτοῦ.
1029 3550 1099 3612 8καὶ
1112 3551 1273 3635 ἐπέστρεφε
1291 3561 1355 3618 Ρα-

108 3632 190 3718 ὑμᾶς.
223 3633 251 3672 ³³
263 3628 303 3712 μή
331 3622 465 3711 ῥυόμενοι
491 3625 655 3712 ἐρρύσαντο
684 3632 715 3691 οί
752 3619 866 3713 ψάιίης,
880 3632 931 3694 καὶ
943 3621 1005 3715 εύρε
1019 3627 1070 3695 τὸν
1082 3633 1354 3723 βασιλεάἈσσυρί-

106 3720 176 3784 θεοὶ
195 3720 255 3780 τῶν
272 3717 371 3778 ἐθνῶν
391 3715 515 3786 ἕκαστος
533 3709 586 3793 τήν
604 3712 713 3774 ἑαυτοῦ
752 3737 794 3775 ων
806 3712 989 3793 πολεμοῦντα
1002 3716 1052 3778 ἐπὶ
1062 3713 1182 3800 Λοβνά,
1201 3714 1248 3782 ὅτι
1262 3717 1353 3802 ήκου-

105 3798 206 3926 μύρον
219 3802 251 3862 ἐκ
267 3794 361 3882 χειρὸς
372 3793 519 3880 βασιλέως
531 3791 695 3900 Ἀσσυρίων
699 3823 711 3871 ,·
752 3820 799 3861 σεν
811 3791 857 3859 ὅτι
871 3794 982 3888 ἀπῇρεν
994 3801 1026 3861 ἐκ
1038 3805 1142 3883 Λαχίς.
1161 3802 1237 3868 9καὶ
1248 3803 1352 3887 ήκουσε

120 3887 135 3928 ⁴
149 3887 212 3949 πού
225 3886 304 3948 ἐστιν
317 3878 334 3945 ὁ
348 3878 421 3953 θεὸς
433 3874 559 3960 Αίμάθ,
584 3905 635 3942 και
642 3875 712 3986 Ἀρ-
749 3881 816 3964 περί
832 3877 960 3963 Θαρακά
970 3881 1114 3965 βασιλέως
1126 3882 1291 3952 Αἰθιόπων
1303 3889 1350 3954 λε’-

106 3965 169 4048 φάδ
177 3997 188 4044 ,·
208 3972 269 4031 ποῦ
283 3959 392 4030 ἐστινὸ
406 3963 477 4037 θεὸς
489 3968 710 4046 Σεπφαουραιμ
747 3988 824 4041 γων,
851 3960 915 4028 ἰδού
933 3964 1039 4047 ἔξήλθε
1052 3966 1185 4049 πολεμεῖν
1200 3970 1272 4051 μετά
1285 3977 1348 4037 σού.

102 4047 172 4116 Ἀνά
186 4048 329 4133 καίἈβά,
343 4043 390 4112 ὅτι
403 4047 549 4122 ἐξείλοντο
561 4047 710 4133 Σαμάρει·
747 4051 797 4113 καί
816 4050 980 4149 ἐπέστρεψε
1001 4050 1052 4113 καί
1071 4048 1240 4120 ἀπέστειλεν
1263 4054 1353 4133 ἀγγέ-

105 4161 141 4200 αν
155 4138 187 4198 ἐκ
199 4130 294 4218 χειρός
310 4157 383 4214 μους
410 4131 438 4173 ³⁵
456 4136 502 4203 τίς
515 4133 545 4195 ἒν
558 4137 634 4195 πᾶσι
646 4143 710 4205 τοῖς
747 4131 817 4206 λους
829 4128 906 4217 πρὸς
924 4134 1057 4209 Εζεκίαν,
1070 4133 1174 4212 λέγων.
1200 4140 1229 4182 ¹⁰
1241 4138 1281 4221 μὴ
1295 4140 1350 4200 ε’·π-

104 4229 188 4291 θεοῖς
200 4222 260 4280 τῶν
272 4220 375 4293 γαιῶν,
388 4220 420 4277 οἳ
430 4213 576 4290 ἐξείλοντο
589 4214 643 4289 τὰς
654 4222 710 4291 γᾶς
747 4217 855 4300 αιρὲτω
868 4241 897 4280 σε
911 4211 928 4278 ὁ
942 4213 1013 4293 θεός
1025 4244 1082 4283 σου
1094 4216 1137 4299 ἐφ’
1155 4213 1180 4301 ᾧ
1194 4221 1229 4285 ού
1242 4223 1347 4286 πέποι-

104 4301 205 4367 αύτούν
218 4304 250 4364 ἐκ
262 4293 353 4383 χειρός
365 4322 431 4378 μου,
444 4294 492 4361 ὅτι
505 4297 642 4372 ἒξελεῖται
655 4294 708 4361 κύ·
746 4308 805 4373 θας
818 4301 849 4362 ἐν
861 4297 948 4382 αὐτῷ
961 4301 1069 4378 λέγων,
1083 4300 1118 4384 ού
1129 4301 1170 4380 μὴ
1184 4297 1347 4385 παραδοθῇ

102 4410 165 4465 ριος
183 4383 238 4467 τήν
251 4379 446 4466 Ἰερουσαλὴμ
468 4383 499 4443 ἐκ
520 4376 615 4464 χειρός
632 4406 690 4463 μου
696 4409 707 4458 ,·
741 4378 936 4465 Ἰερουσαλήμ
953 4389 991 4458 είς
1008 4396 1104 4484 χεῖρας
1120 4381 1263 4464 βασιλέως
1281 4380 1345 4444 Ἀσ-

102 4467 133 4511 ³⁶
145 4468 198 4532 καὶ
217 4463 385 4548 ε’·κιύφευσαν
402 4467 452 4529 καί
470 4461 525 4526 ούκ
543 4461 705 4551 ἀπεκρίθη·
746 4471 864 4550 σνρίων.
878 4465 974 4529 11ἰδού
984 4470 1020 4530 σὺ
1034 4465 1162 4546 ήκουσας
1175 4457 1276 4602 πάντμ
1289 4457 1348 4562 ὅσα

1263 4564 1355 4617 ποιη-
