2924 4972
240 211 244 218 ·
320 209 477 276 ΣοιοιΑ
502 215 763 285 mmm
789 202 1150 299 ·K÷w·1;'·et'.16.17.·
1293 226 1359 296 683

111 332 240 421 mmm
266 338 293 378 τε
305 335 341 401 σύ
353 334 411 442 γάρ
425 341 500 438 ζωῆς
513 339 565 401 καί
577 332 717 402 θανάτου
746 336 824 441 ’στὸν
836 365 873 432 η,
892 336 941 404 ότι
952 341 998 407 δεῖ
1007 325 1355 428 φθάνεινττῖίήλᾙίίτι

111 423 246 497 ἐξουσίαν
258 421 345 505 ἔχεις,
359 447 410 484 και
421 444 556 498 καταγεις
569 425 609 494 εἰς
620 415 719 494 πύλας
751 427 938 505 ευχαριστίαν
949 449 1017 499 σου,
1041 425 1093 490 καί
1109 423 1188 510 πρός
1205 426 1359 514 ἀνατολήν

112 503 187 586 ᾅδου
211 506 262 570 καί
287 500 412 580 ἀνάγεις.
450 502 661 588 14άνθρωπος
686 503 720 568 δὲ
750 505 852 585 φωτὸς
864 501 1042 590 ἐντυγχάνειν
1059 533 1113 574 σοι.
1151 510 1182 552 ²⁹
1195 508 1358 596 ἀχαρίστου

111 589 279 653 ἀποκτέννει
291 586 345 670 μὲν
358 612 394 689 τη
407 591 497 669 κακίη
509 584 622 662 αὐτοῦ,
641 585 720 662 ἐξελ-
749 584 808 671 γάρ
821 586 904 663 ἐλπὶς
917 585 958 664 ῶς
969 593 1109 677 χειμέριος
1120 587 1220 675 πάχνη
1231 590 1358 678 τακήσε-

110 670 172 737 θδν
183 671 217 737 δὲ
228 676 344 755 πνεῦμα
359 696 415 735 ουκ
428 668 622 756 ἀναστρέφει,
647 666 718 735 οῦδὲ
750 695 811 746 ται,
835 672 885 737 καί
899 666 1039 758 ῥυήοεται
1051 672 1093 751 ὡς
1105 671 1185 760 ῦδωρ
1199 675 1355 760 ἀχρηστον.

111 750 231 821 ἀναλύει
242 752 341 839 ψυχήν
351 753 613 840 παραληφθείσαν.
631 749 719 837 16τήν
867 825 869 828 ,
937 759 1012 819 ΚΕ
1026 760 1065 820 Φ.
1109 754 1178 822 ΙΖ’.

110 838 143 902 δὲ
169 838 225 922 σήν
248 850 331 924 χεῖρα
356 851 457 921 φυγεῖν
479 831 629 904 ἀδύνατόν
645 837 717 901 έστι.
750 802 916 916 Μεγάλαι
926 832 986 924 γάρ
999 842 1098 904 οουαί
1108 846 1215 923 κρίσεις
1226 845 1277 909 καί
1289 841 1355 918 δυς·

109 923 139 964 ¹⁰
152 917 325 1006 ἀρνούμενοι
342 920 402 1008 γάρ
420 948 453 987 σε
474 923 581 987 εἰδέναι
599 919 718 1023 ἀσεηλείς,
750 916 890 1006 διήγητοι.
903 917 954 986 διά
966 925 1061 1006 τοῦτο
1075 918 1249 992 ἀπαίδευτα
1262 927 1357 1010 ψυχαί

111 1007 143 1069 έν
161 1002 243 1090 ίσχύί·
259 999 420 1108 βραχίονός
436 1029 492 1070 σου
509 1008 718 1087 ἐμαστιγωθη-
750 1001 972 1090 ἐπλανήθησαν.
998 1000 1218 1110 2ὑπειληφότες
1227 1004 1286 1090 γάρ
1298 1035 1356 1073 κα·

111 1111 181 1163 σαν,
206 1091 299 1164 ξένοις
316 1100 412 1162 υετσῖς
434 1089 486 1154 καί
509 1086 650 1173 χαλάζαις
666 1087 718 1151 καί
749 1083 974 1154 ταδυναστεύειν
1003 1089 1092 1163 ἔθνος
1122 1113 1209 1164 αγιον
1239 1088 1355 1171 ἀνομοι,

110 1167 234 1276 ῦμβροις
244 1169 416 1253 διωκόμενοι
426 1167 653 1256 ἀπαραιτήτοις,
666 1172 718 1235 καί
748 1173 855 1254 δίςμιοι
881 1165 1007 1246 σκότους
1028 1173 1080 1235 καί
1096 1177 1211 1256 μακρᾶς
1231 1173 1355 1256 πεδήται

109 1279 151 1315 πυ
171 1249 480 1336 ικαταναλιοκόμενοι
498 1253 571 1317 17τὸ
583 1253 642 1338 γὰρ
655 1280 717 1319 πα-
748 1255 853 1330 νυκτὸς
864 1253 1126 1329 κατακλεισθέντες
1139 1251 1279 1340 ὀρόφοις,
1295 1281 1356 1337 φυ-

110 1279 315 1415 ραδοξότατον
338 1341 370 1401 ἐν
387 1340 431 1420 τῷ
448 1331 549 1402 πάντα
568 1340 716 1442 σρεννῦντι
747 1334 832 1416 γάδις
855 1342 910 1420 τής
925 1341 1058 1402 αἰωνίου
1075 1344 1220 1423 προνοίας
1236 1341 1353 1405 δίιειντο.

113 1415 197 1482 ῦδατι
209 1419 313 1484 πλεῖον
325 1415 435 1504 ἐνήργει
447 1417 484 1485 τὸ
495 1423 568 1504 πῦρ,
582 1422 716 1502 υπέρμα-
748 1422 763 1463 ³
776 1417 936 1506 λανθάνειν
946 1418 1015 1504 γάρ
1032 1422 1196 1503 νομίζοντες
1213 1423 1264 1486 ἐπί
1280 1447 1354 1506 κρυ-

109 1529 161 1586 χος
170 1502 229 1587 γάρ
240 1499 257 1567 δ
269 1500 379 1587 κόσμος
388 1504 452 1569 ἐστὶ
463 1503 594 1568 δικαίων.
608 1499 717 1568 18ποτὲ
748 1510 850 1586 φαίοις
868 1499 1094 1588 ἁμαρτήμασιν,
1121 1501 1242 1586 ἀφεγγεῖ
1256 1500 1354 1588 λήθης

108 1584 232 1672 μὲνγὰρ
246 1583 392 1691 ήμεροῦτο
404 1584 491 1667 φλὸξ,
505 1583 608 1669 ἵναμή
621 1611 716 1651 κατα·
747 1583 1001 1690 παρακαλύμματι
1010 1589 1265 1671 ἐσκορπίσθησαν,
1270 1598 1354 1672 θαμ-

109 1670 201 1764 φλέξη
230 1695 270 1734 τα
295 1667 340 1734 ἐπ’
369 1667 479 1778 ἀσεήίίῖς
508 1667 715 1752 ἀπεσταλμένα
745 1674 882 1756 βουμενοι
900 1669 999 1744 δεινῶς
1011 1671 1061 1733 καί
1078 1667 1353 1753 ίνδάλμασινέκτα-

109 1757 182 1829 ζῶα,
195 1751 258 1817 ἀλλ’
274 1753 653 1854 αῦτσίβὴπωτεςῶωιν,
667 1746 715 1818 ὅτι
747 1751 931 1841 ρασσόμενοι.
947 1750 1041 1818 4οῦδὲ
1052 1750 1111 1837 γάρ
1124 1751 1142 1817 ὁ
1155 1757 1285 1839 κατέχων
1297 1751 1352 1819 αύ-
1411 1760 1415 1768 ’

109 1840 185 1901 θεοῦ
197 1842 288 1921 κρίσει
302 1836 484 1902 ἐλαύνονται.
497 1838 525 1878 ¹⁹
531 1835 608 1902 ποτὲ
620 1835 652 1900 δὲ
664 1837 715 1900 καί
746 1835 818 1912 τούς
828 1833 920 1920 μυχός
931 1830 1054 1921 ἀφόβως
1066 1832 1267 1916 διεφύλασσεν,
1287 1827 1353 1943 ήχοι

108 1915 215 2001 μεταξύ
228 1914 343 1994 ,ῦδατος
362 1917 436 2006 ὑπὲρ
453 1917 506 2005 τήν
518 1917 613 2004 πυρὸς
626 1915 715 1983 δύνα-
745 1919 778 1986 δέ
801 1915 1041 2026 καταράσσοντες
1065 1917 1178 1996 αὐτούς
1198 1945 1353 2006 περιεκομ-

108 2028 155 2084 μιν
168 2002 279 2084 φλέγει,
304 2008 354 2068 ίνα
367 2000 471 2069 ἀδίκου
482 2007 537 2087 γής
548 1997 715 2087 γεννήματα
745 2028 832 2078 πουν,
842 2029 893 2068 και
903 1998 1048 2084 φάσματα
1058 1997 1222 2088 ἀμειδήτοις
1231 2008 1352 2088 κατηφῆ
1452 2087 1455 2092 Ι

109 2088 278 2181 διαφθείρη.
289 2084 392 2151 2θάνίί
403 2079 590 2165 ῶνάγγελων
598 2083 714 2171 τροφήν
744 2083 915 2171 προςῶποις
936 2086 1130 2166 ἐνεφανίζετο.
1162 2087 1240 2153 6καί
1256 2087 1351 2174 πυρὸς

109 2168 265 2252 ἐψιόμιοας
282 2171 334 2234 τόν
347 2167 422 2235 λαόν
436 2194 509 2245 σου,
534 2171 585 2233 καί
598 2173 715 2253 ίτοιμον
745 2171 799 2252 μὲν
815 2168 945 2252 ,οὐδεμία
967 2172 1022 2272 flia
1046 2176 1180 2255 κατίσχυε
1207 2176 1350 2251 φωτίζειν,

109 2253 202 2339 άρτσν
226 2251 329 2327 αὐτοῖς
353 2250 404 2316 ἀπ’
424 2249 557 2336 ούρανοῦ
579 2254 715 2356 ἔπεμψας
746 2252 814 2319 οῦτε
823 2250 944 2339 ἀστρων
953 2251 1118 2335 ἐκλαμπροι
1128 2248 1234 2334 φλόγες
1243 2280 1350 2319 καταυ-

109 2329 298 2410 ἀκοπιάτως,
322 2339 425 2399 πᾶσαν
450 2331 560 2418 ἡδονήν
576 2337 714 2418 ίσχυοντα
746 2333 843 2413 γάζειν
862 2331 1003 2418 ὑπέμενον
1020 2333 1075 2420 τήν
1098 2334 1225 2418 στυγνήν
1241 2338 1350 2420 ἐκείνην

108 2420 160 2482 καί
171 2416 249 2520 πρὸς
260 2420 364 2482 πᾶσαν
376 2412 517 2499 ἁρμόνιον
528 2419 635 2494 γεῦσιν.
654 2414 713 2501 2ίίη
746 2415 848 2484 νύκτα.
887 2418 1080 2499 0διεφαίνετο
1098 2416 1125 2483 δ’
1141 2415 1244 2494 αὐτοῖς
1260 2414 1351 2500 μόνον

108 2499 161 2584 μὲν
177 2524 236 2584 γαρ
255 2495 417 2575 ῦπόστασίς
435 2525 490 2565 σου
510 2496 564 2583 τήν
577 2497 631 2583 σήν
642 2498 715 2578 γλυ-
746 2499 902 2585 αύτομάτη
912 2499 996 2587 πυρά
1010 2497 1108 2588 φόβου
1120 2496 1245 2585 πλήρης,
1259 2503 1348 2568 ἐκδει-

108 2578 224 2666 ιιῦτητα
246 2580 323 2669 πρός
339 2585 426 2647 τέκνα
445 2579 603 2662 ἐνεφάνισε,
628 2587 666 2676 τῇ
682 2580 715 2648 δὲ
745 2579 922 2668 ματούμενοι
951 2583 983 2649 δὲ
1007 2587 1059 2665 τῆς
1082 2583 1122 2671 μή
1146 2589 1349 2671 θεωρουμένης

108 2670 165 2732 τοῦ
180 2667 419 2751 προςφερομένου
437 2669 581 2748 ἐπιθυμίη
606 2665 714 2750 ῦπηρε-
746 2673 854 2751 ἐκείνης
871 2667 971 2750 ὄφεως
989 2664 1115 2750 ήγοῦντο
1131 2673 1218 2752 χείρω
1230 2668 1269 2733 τά
1281 2669 1349 2755 βλε-

106 2753 169 2814 τῶν
187 2746 354 2834 πρὸςίίτις
366 2744 504 2836 ἐβούλετο
552 2753 712 2834 τεκιρνῦτο.
745 2747 867 2834 πόμενα.
881 2749 1063 2834 7μαγικήςδέ
1076 2755 1264 2834 ἐμπαίγματα
1276 2776 1350 2818 κοιτ-

108 2838 138 2875 22
150 2830 222 2917 χιών
246 2833 279 2898 δὲ
304 2834 355 2897 καί
379 2828 492 2917 κρύστα
547 2859 561 2908 ς
584 2828 714 2917 ὑπέμεινε
746 2837 840 2899 έκειτο
864 2837 977 2919 τέχνης,
1003 2837 1055 2900 καί
1075 2840 1127 2918 τῆς
1145 2838 1195 2900 ἐπί
1214 2831 1350 2921 φρονήσει

106 2923 169 2998 πῦρ
182 2919 232 2980 καί
245 2914 300 2980 οῦκ
313 2911 443 3000 ἐτήκετο,
465 2919 515 2981 ἵνα
525 2920 648 2993 γνοῦσιν,
666 2911 714 2980 ὁέι
746 2914 918 2994 ἀλαζονείας
936 2917 1054 3004 ἐλεγχος
1070 2917 1254 3004 ίφῦβριοτος.
1291 2921 1351 2986 8οί

106 3001 178 3076 τοὺς
190 3004 251 3065 τῶν
263 3002 379 3086 ἐχθρῶν
392 2997 526 3083 καρπούς
535 3002 670 3082 κατίφθε
700 3025 714 3065 ε
744 2999 803 3086 γάρ
818 2996 1038 3085 ὑπισχνούμενοι
1053 3000 1174 3084 δείματα
1189 3005 1240 3069 καί
1253 3028 1349 3107 ταρα-

106 3088 167 3167 πῦρ
185 3079 361 3187 φλεγόμενον
374 3086 404 3146 ἐν
417 3086 456 3174 τῇ
467 3079 594 3175 χαλάζη,
620 3025 714 3148 καίίν
744 3083 798 3170 χάς
810 3079 985 3149 ἀπελαύνειν
993 3088 1090 3189 ψυχῆς
1100 3081 1253 3169 νοσούσης,
1262 3110 1298 3150 ου
1303 3110 1351 3151 τοι

107 3179 171 3243 τοῖς
186 3175 280 3241 υετοίς
290 3161 500 3249 διαστράπτον.
515 3162 713 3233 23τοῦτοπά-
745 3166 965 3247 καταγέλαστον
974 3165 1127 3254 εῦλαβειαν
1136 3163 1264 3254 ἐνόσουν.
1278 3171 1351 3234 9καί

105 3250 154 3315 λιν
172 3251 198 3316 δ’
219 3255 269 3315 ἵνα
287 3253 424 3332 τροφεῦσι
441 3249 565 3326 δίκαιοι,
591 3253 641 3315 καί
661 3256 713 3335 τής
744 3251 803 3340 γάρ
820 3256 881 3335 είμ
901 3251 950 3318 δὲν
968 3250 1078 3328 αύτούς
1097 3253 1263 3337 ταραχῶδες
1276 3247 1350 3333 ἐφό-

107 3335 183 3410 ίδίας
196 3332 384 3420 ἐπιλελῆσθαι
397 3330 551 3414 δυνάμεως.
577 3333 609 3375 ²⁴
622 3330 640 3418 ή
653 3334 711 3421 γάρ
743 3340 801 3421 βει,
826 3279 986 3401 κνωδάλων
995 3331 1141 3420 παρόδοις
1155 3336 1207 3398 καὶ
1219 3336 1350 3418 ἑρπετῶν

106 3425 198 3492 κτίσις
220 3443 269 3484 σοι
286 3422 330 3498 τῷ
347 3414 504 3501 ποιήσαντι
522 3413 712 3499 ύπηρετοῦσα
744 3430 895 3505 ουριγμοίς
904 3412 1295 3504 ἐκσεοοβημένοιδιῶλλυντο
1306 3415 1350 3514 ἐή·
1369 3459 1371 3464 2

105 3505 275 3567 ἐπιτείνεται
291 3505 329 3574 είς
343 3496 467 3568 ’κόλασιν
480 3496 558 3562 κατά
575 3502 635 3562 τῶν
647 3497 712 3564 ἀδί-
741 3525 867 3584 τρομοιι,
892 3500 944 3563 καί
960 3496 1013 3564 τὸν
1032 3493 1205 3581 μηδαμόθεν
1223 3522 1349 3579 φευκτον

106 3593 180 3658 κων,
207 3584 258 3647 καί
274 3580 385 3648 ἀνίεται
401 3588 440 3658 είς
457 3579 621 3666 εὐεργεσίαν
635 3577 711 3668 ὑπὲρ
744 3580 820 3665 ἀέρα
835 3581 982 3666 προςιδείν
995 3575 1175 3666 ἀρνούμενοι.
1213 3582 1243 3623 ¹⁰
1255 3577 1349 3645 δειλόν

106 3671 167 3732 τῶν
185 3669 224 3740 είς
237 3663 270 3729 σὲ
286 3661 492 3732 πεποιθότων.
508 3660 607 3728 ἀίδιόν
619 3668 711 3730 τοῦτο
743 3663 801 3748 γάρ
812 3665 892 3740 ίδίως
900 3670 1030 3750 πονηρία
1037 3671 1180 3746 μαρτυρεῖ
1188 3663 1350 3729 καταδικα-

105 3754 156 3816 καί
171 3744 241 3814 τότε
258 3751 297 3823 είς
308 3743 409 3824 πάντα
426 3747 656 3832 μεταλλευομένη
673 3751 713 3830 τῇ
744 3749 862 3832 ζομένη,
886 3744 933 3812 ἀεί
949 3745 981 3813 δέ
992 3745 1167 3833 προςείληφε
1179 3745 1218 3811 τά
1234 3745 1348 3832 χαλεπά

104 3828 372 3919 παντοτρόφῳσου
380 3831 477 3916 δωρεᾷ
485 3828 711 3917 ῦπηρετεί,πρδς
743 3833 918 3916 συνεχομένη
943 3835 981 3918 τῇ
1006 3826 1176 3913 συνειδήσει.
1211 3834 1236 3872 ¹¹
1255 3828 1350 3896 οῦθίν

105 3917 160 4001 τήν
170 3918 231 3982 τῶν
242 3916 386 3998 δεομένων
397 3914 530 3999 θέλησιν.
549 3916 581 3959 ²⁶
592 3920 642 3981 ἵνα
653 3910 711 3998 μά-
742 3910 801 4000 γάρ
816 3919 878 3980 ἐστι
891 3910 1002 4001 φόβος,
1027 3912 1102 3999 είμή
1119 3913 1271 4001 προδοσία
1289 3919 1349 3979 τῶν

106 4011 201 4067 θωσιν
213 4004 244 4066 οί
256 4003 317 4065 οἶοί
329 4023 401 4075 σου,
423 3994 476 4073 οῦς
489 3993 645 4083 ήγάπησας
657 3998 710 4065 κύ-
743 3997 807 4065 ἀπδ
824 3997 969 4084 λογισμοῦ
985 3992 1198 4085 βοηθημάτων.
1224 4001 1252 4040 ¹²
1265 3998 1349 4062 ἐνδο-

105 4110 165 4167 ριε,
191 4080 237 4150 ὅτι
256 4080 309 4188 οῦχ
327 4086 361 4147 αῖ
378 4084 500 4161 γενέσεις
515 4086 576 4146 τῶν
587 4087 712 4169 καρπῶν
742 4092 796 4148 θεν
804 4082 836 4148 δὲ
846 4072 924 4150 ούσα
934 4077 1350 4168 ήττωνήπροςδοκία,πλείο-

106 4171 264 4271 τρίφουριν
276 4167 462 4269 ἀνθρωπονχ
483 4163 563 4231 ἀλλά
580 4167 618 4231 τὸ
631 4161 711 4251 ῥ’ήμά
744 4190 779 4230 να
787 4166 935 4246 λογίζεται
946 4162 998 4253 τήν
1007 4163 1132 4245 ἀγνοιαν
1140 4168 1192 4248 τῆς
1201 4162 1348 4264 παρεχού-

105 4278 161 4316 σου
187 4277 258 4326 τους
282 4253 331 4317 σοί
356 4274 555 4323 πιστεύοντας
572 4249 709 4334 διατηρεῖ.
744 4275 761 4313 ο
780 4276 794 4326 ς
809 4250 863 4334 τήν
878 4248 1011 4337 βάσανον
1023 4253 1129 4326 αίτίας.
1168 4250 1195 4291 ¹³
1208 4252 1239 4313 σί
1251 4248 1281 4314 δε
1296 4273 1349 4332 την

105 4336 134 4377 ²⁷
146 4332 183 4398 τὸ
200 4333 261 4418 γάρ
279 4331 340 4401 ὑπὸ
357 4333 451 4420 πυρός
466 4330 506 4418 μή
519 4328 712 4415 φθειρόμενον
743 4277 891 4400 ἀδύνατον
901 4331 1091 4410 όντωςνύκτα
1101 4333 1191 4408 καίέξ
1201 4328 1349 4399 ἀδυνάτου

104 4413 209 4490 άπλῶς
233 4415 293 4482 ῦπό
318 4422 455 4523 βραχείαις
480 4416 597 4491 ἀκτῖνος
624 4413 711 4499 ήλίσυ
744 4411 819 4520 ήίδου
838 4422 935 4502 μυχῶν
954 4417 1156 4490 ἐπελθοῦσαν,
1172 4410 1235 4479 ’τόν
1257 4410 1349 4479 αὐτόν
1422 4450 1424 4455 -

107 4494 331 4586 θερμαινόμενον
344 4503 472 4585 έτηκετο.
496 4501 526 4571 ²⁸,
540 4493 622 4578 ὅπως
633 4524 710 4579 γεω·
726 4549 730 4565 .
744 4495 834 4576 ύπνον
851 4498 1039 4584 κοιμώμενοι,
1066 4497 1095 4541 ¹⁴
1110 4493 1148 4563 τά
1166 4496 1218 4582 μὲν
1233 4499 1351 4640 τεήηασην

1116 4608 1119 4612 ’
1254 4605 1351 4661 ηαυ-
