<?xml version="1.0" encoding="UTF-8"?>
<!DOCTYPE html PUBLIC "-//W3C//DTD XHTML 1.0 Transitional//EN"
    "http://www.w3.org/TR/xhtml1/DTD/xhtml1-transitional.dtd">
<html xmlns="http://www.w3.org/1999/xhtml" xml:lang="en" lang="en">
 <head>
  <title>
</title>
<meta http-equiv="Content-Type" content="text/html;charset=utf-8" />
  <meta name='ocr-system' content='tesseract 3.04.00' />
  <meta name='ocr-capabilities' content='ocr_page ocr_carea ocr_par ocr_line ocrx_word'/>
</head>
<body>
  <div class='ocr_page' id='page_1' title='image "./vetustestamentu00essgoog_1114.png"; bbox 0 0 2924 4972; ppageno 0'>
   <div class='ocr_carea' id='block_1_1' title="bbox 221 281 1299 384">
    <p class='ocr_par' dir='ltr' id='par_1_1' title="bbox 221 281 1299 384">
     <span class='ocr_line' id='line_1_1' title="bbox 221 281 1299 384; baseline -0.005 -34"><span class='ocrx_word' id='word_1_1' title='bbox 221 283 594 350; x_wconf 82' lang='grc' dir='ltr'><em>ΜΑΚΚΑΒΑΙΩΝ</em></span> <span class='ocrx_word' id='word_1_2' title='bbox 619 283 880 343; x_wconf 77' lang='grc' dir='ltr'><em>ΔΕΥΤΕΡΟΣ</em></span> <span class='ocrx_word' id='word_1_3' title='bbox 919 281 1116 359; x_wconf 76' lang='grc' dir='ltr'><strong><em>Κεφ.ιε’.15.</em></strong></span> <span class='ocrx_word' id='word_1_4' title='bbox 1216 281 1299 384; x_wconf 69' lang='grc' dir='ltr'><strong><em>ίθίί</em></strong></span> 
     </span>
    </p>
   </div>
   <div class='ocr_carea' id='block_1_2' title="bbox 77 388 1352 4063">
    <p class='ocr_par' dir='ltr' id='par_1_2' title="bbox 77 388 1352 3980">
     <span class='ocr_line' id='line_1_2' title="bbox 78 388 1304 503; baseline -0.004 -40"><span class='ocrx_word' id='word_1_5' title='bbox 78 401 101 463; x_wconf 81' lang='grc' dir='ltr'><strong><em>ιὶ</em></strong></span> <span class='ocrx_word' id='word_1_6' title='bbox 113 405 163 484; x_wconf 75' lang='grc' dir='ltr'><strong><em>τῆς</em></strong></span> <span class='ocrx_word' id='word_1_7' title='bbox 178 409 320 503; x_wconf 78' lang='grc' dir='ltr'><strong><em>στρατιαῖς</em></strong></span> <span class='ocrx_word' id='word_1_8' title='bbox 333 395 582 476; x_wconf 84' lang='grc' dir='ltr'><strong><em>ἐκταγείοης,καί</em></strong></span> <span class='ocrx_word' id='word_1_9' title='bbox 595 397 655 457; x_wconf 91' lang='grc' dir='ltr'><strong><em>τῶν</em></strong></span> <span class='ocrx_word' id='word_1_10' title='bbox 695 403 778 476; x_wconf 83' lang='grc' dir='ltr'><strong><em>χεῖρα</em></strong></span> <span class='ocrx_word' id='word_1_11' title='bbox 792 388 901 474; x_wconf 79' lang='grc' dir='ltr'><strong><em>σύντῷ</em></strong></span> <span class='ocrx_word' id='word_1_12' title='bbox 916 391 989 475; x_wconf 85' lang='grc' dir='ltr'><strong><em>ῶμῳ</em></strong></span> <span class='ocrx_word' id='word_1_13' title='bbox 1012 397 1109 478; x_wconf 78' lang='grc' dir='ltr'><strong><em>φέρειν</em></strong></span> <span class='ocrx_word' id='word_1_14' title='bbox 1121 399 1160 469; x_wconf 83' lang='grc' dir='ltr'><strong><em>εἷς</em></strong></span> <span class='ocrx_word' id='word_1_15' title='bbox 1170 390 1304 479; x_wconf 83' lang='grc' dir='ltr'><strong><em>Ἱεροσό-</em></strong></span> 
     </span>
     <span class='ocr_line' id='line_1_3' title="bbox 78 474 1304 567; baseline -0.002 -21"><span class='ocrx_word' id='word_1_16' title='bbox 78 488 166 567; x_wconf 86' lang='grc' dir='ltr'><strong><em>ηρίοιν</em></strong></span> <span class='ocrx_word' id='word_1_17' title='bbox 180 485 229 544; x_wconf 84' lang='grc' dir='ltr'><strong><em>ἐπι</em></strong></span> <span class='ocrx_word' id='word_1_18' title='bbox 246 482 336 563; x_wconf 87' lang='grc' dir='ltr'><strong><em>μέρος</em></strong></span> <span class='ocrx_word' id='word_1_19' title='bbox 351 477 486 562; x_wconf 85' lang='grc' dir='ltr'><strong><em>εὐκαιρον</em></strong></span> <span class='ocrx_word' id='word_1_20' title='bbox 500 476 657 541; x_wconf 83' lang='grc' dir='ltr'><strong><em>ἀποκατα·</em></strong></span> <span class='ocrx_word' id='word_1_21' title='bbox 696 477 783 557; x_wconf 88' lang='grc' dir='ltr'><strong><em>λυμα.</em></strong></span> <span class='ocrx_word' id='word_1_22' title='bbox 823 476 851 517; x_wconf 85' lang='lat'><strong><em>³¹</em></strong></span> <span class='ocrx_word' id='word_1_23' title='bbox 865 474 1097 560; x_wconf 90' lang='grc' dir='ltr'><strong><em>παραγενόμενος</em></strong></span> <span class='ocrx_word' id='word_1_24' title='bbox 1114 477 1146 540; x_wconf 85' lang='grc' dir='ltr'><strong><em>δέ</em></strong></span> <span class='ocrx_word' id='word_1_25' title='bbox 1164 483 1223 542; x_wconf 77' lang='grc' dir='ltr'><strong><em>ἐκεῖ</em></strong></span> <span class='ocrx_word' id='word_1_26' title='bbox 1252 480 1304 543; x_wconf 81' lang='grc' dir='ltr'><strong><em>καί</em></strong></span> 
     </span>
     <span class='ocr_line' id='line_1_4' title="bbox 78 555 1302 646; baseline -0.003 -16"><span class='ocrx_word' id='word_1_27' title='bbox 78 569 235 636; x_wconf 79' lang='grc' dir='ltr'><strong><em>ταθέντων,</em></strong></span> <span class='ocrx_word' id='word_1_28' title='bbox 261 568 312 646; x_wconf 74' lang='grc' dir='ltr'><strong><em>τῆς</em></strong></span> <span class='ocrx_word' id='word_1_29' title='bbox 325 587 357 626; x_wconf 89' lang='grc' dir='ltr'><strong><em>τε</em></strong></span> <span class='ocrx_word' id='word_1_30' title='bbox 368 567 463 626; x_wconf 83' lang='grc' dir='ltr'><strong><em>ἵππου</em></strong></span> <span class='ocrx_word' id='word_1_31' title='bbox 476 555 555 623; x_wconf 86' lang='grc' dir='ltr'><strong><em>κατά</em></strong></span> <span class='ocrx_word' id='word_1_32' title='bbox 569 562 657 643; x_wconf 87' lang='grc' dir='ltr'><strong><em>κέρας</em></strong></span> <span class='ocrx_word' id='word_1_33' title='bbox 696 557 879 637; x_wconf 72' lang='grc' dir='ltr'><strong><em>συγκαλέσας</em></strong></span> <span class='ocrx_word' id='word_1_34' title='bbox 889 558 962 634; x_wconf 87' lang='grc' dir='ltr'><strong><em>τούς</em></strong></span> <span class='ocrx_word' id='word_1_35' title='bbox 978 557 1138 641; x_wconf 84' lang='grc' dir='ltr'><strong><em>ὁμοεθνεῖς,</em></strong></span> <span class='ocrx_word' id='word_1_36' title='bbox 1165 563 1216 624; x_wconf 79' lang='grc' dir='ltr'><strong><em>καὶ</em></strong></span> <span class='ocrx_word' id='word_1_37' title='bbox 1230 561 1302 636; x_wconf 87' lang='grc' dir='ltr'><strong><em>τοῦς</em></strong></span> 
     </span>
     <span class='ocr_line' id='line_1_5' title="bbox 78 640 1302 767; baseline -0.005 -54"><span class='ocrx_word' id='word_1_38' title='bbox 78 648 239 730; x_wconf 67' lang='grc' dir='ltr'><strong><em>εταγμένης,</em></strong></span> <span class='ocrx_word' id='word_1_39' title='bbox 253 649 280 686; x_wconf 85' lang='lat'><strong><em>²¹</em></strong></span> <span class='ocrx_word' id='word_1_40' title='bbox 286 646 411 711; x_wconf 79' lang='grc' dir='ltr'><strong><em>συνιδών</em></strong></span> <span class='ocrx_word' id='word_1_41' title='bbox 424 642 441 708; x_wconf 86' lang='grc' dir='ltr'><em>ὃ</em></span> <span class='ocrx_word' id='word_1_42' title='bbox 454 647 657 728; x_wconf 76' lang='grc' dir='ltr'><strong><em>Μακκαβαῖος</em></strong></span> <span class='ocrx_word' id='word_1_43' title='bbox 696 648 777 728; x_wconf 80' lang='grc' dir='ltr'><strong><em>ἱερεῖς</em></strong></span> <span class='ocrx_word' id='word_1_44' title='bbox 790 640 853 729; x_wconf 85' lang='grc' dir='ltr'><strong><em>πρὸ</em></strong></span> <span class='ocrx_word' id='word_1_45' title='bbox 871 648 926 707; x_wconf 90' lang='grc' dir='ltr'><strong><em>τοῦ</em></strong></span> <span class='ocrx_word' id='word_1_46' title='bbox 943 649 1161 727; x_wconf 78' lang='grc' dir='ltr'><strong><em>θυσιαστηρίου</em></strong></span> <span class='ocrx_word' id='word_1_47' title='bbox 1181 643 1302 767; x_wconf 67' lang='grc' dir='ltr'><strong><em>στηοας,</em></strong></span> 
     </span>
     <span class='ocr_line' id='line_1_6' title="bbox 78 725 1305 815; baseline -0.005 -21"><span class='ocrx_word' id='word_1_48' title='bbox 78 731 104 815; x_wconf 72' lang='grc' dir='ltr'><strong><em>ἠν</em></strong></span> <span class='ocrx_word' id='word_1_49' title='bbox 117 735 177 793; x_wconf 87' lang='grc' dir='ltr'><strong><em>τῶν</em></strong></span> <span class='ocrx_word' id='word_1_50' title='bbox 195 729 324 813; x_wconf 88' lang='grc' dir='ltr'><strong><em>πληθῶν</em></strong></span> <span class='ocrx_word' id='word_1_51' title='bbox 340 733 510 815; x_wconf 77' lang='grc' dir='ltr'><strong><em>παρουσίαν</em></strong></span> <span class='ocrx_word' id='word_1_52' title='bbox 529 729 581 790; x_wconf 82' lang='grc' dir='ltr'><strong><em>καὶ</em></strong></span> <span class='ocrx_word' id='word_1_53' title='bbox 598 731 658 790; x_wconf 88' lang='grc' dir='ltr'><strong><em>τῶν</em></strong></span> <span class='ocrx_word' id='word_1_54' title='bbox 694 731 904 810; x_wconf 78' lang='grc' dir='ltr'><strong><em>μετεπέμψατο</em></strong></span> <span class='ocrx_word' id='word_1_55' title='bbox 918 727 987 802; x_wconf 88' lang='grc' dir='ltr'><strong><em>τοῦς</em></strong></span> <span class='ocrx_word' id='word_1_56' title='bbox 1000 731 1092 809; x_wconf 78' lang='grc' dir='ltr'><strong><em>ἕκτης</em></strong></span> <span class='ocrx_word' id='word_1_57' title='bbox 1106 725 1209 812; x_wconf 86' lang='grc' dir='ltr'><strong><em>ἀκρας.</em></strong></span> <span class='ocrx_word' id='word_1_58' title='bbox 1238 729 1305 789; x_wconf 84' lang='grc' dir='ltr'><strong><em>2ιιαί</em></strong></span> 
     </span>
     <span class='ocr_line' id='line_1_7' title="bbox 78 805 1303 898; baseline -0.004 -20"><span class='ocrx_word' id='word_1_59' title='bbox 78 814 155 879; x_wconf 85' lang='grc' dir='ltr'><strong><em>τλων</em></strong></span> <span class='ocrx_word' id='word_1_60' title='bbox 169 811 221 894; x_wconf 76' lang='grc' dir='ltr'><strong><em>την</em></strong></span> <span class='ocrx_word' id='word_1_61' title='bbox 233 814 370 895; x_wconf 78' lang='grc' dir='ltr'><strong><em>ποικίλην</em></strong></span> <span class='ocrx_word' id='word_1_62' title='bbox 384 808 590 898; x_wconf 73' lang='grc' dir='ltr'><strong><em>παρασκευὴν,</em></strong></span> <span class='ocrx_word' id='word_1_63' title='bbox 602 807 656 894; x_wconf 72' lang='grc' dir='ltr'><strong><em>τήν</em></strong></span> <span class='ocrx_word' id='word_1_64' title='bbox 696 811 907 891; x_wconf 78' lang='grc' dir='ltr'><strong><em>ἐπιδειξάμενος</em></strong></span> <span class='ocrx_word' id='word_1_65' title='bbox 925 810 978 894; x_wconf 77' lang='grc' dir='ltr'><strong><em>την</em></strong></span> <span class='ocrx_word' id='word_1_66' title='bbox 997 816 1054 875; x_wconf 91' lang='grc' dir='ltr'><strong><em>τοῦ</em></strong></span> <span class='ocrx_word' id='word_1_67' title='bbox 1071 815 1181 895; x_wconf 79' lang='grc' dir='ltr'><strong><em>μιαροῦ</em></strong></span> <span class='ocrx_word' id='word_1_68' title='bbox 1201 805 1303 873; x_wconf 90' lang='grc' dir='ltr'><strong><em>Νικά-</em></strong></span> 
     </span>
     <span class='ocr_line' id='line_1_8' title="bbox 78 892 1303 982; baseline -0.006 -19"><span class='ocrx_word' id='word_1_69' title='bbox 78 925 82 963; x_wconf 71' lang='grc' dir='ltr'><strong><em>ε</em></strong></span> <span class='ocrx_word' id='word_1_70' title='bbox 95 902 156 962; x_wconf 91' lang='grc' dir='ltr'><strong><em>τῶν</em></strong></span> <span class='ocrx_word' id='word_1_71' title='bbox 169 904 283 982; x_wconf 87' lang='grc' dir='ltr'><strong><em>θηρίων</em></strong></span> <span class='ocrx_word' id='word_1_72' title='bbox 297 892 476 981; x_wconf 88' lang='grc' dir='ltr'><strong><em>ἀγριότητα,</em></strong></span> <span class='ocrx_word' id='word_1_73' title='bbox 501 900 657 978; x_wconf 74' lang='grc' dir='ltr'><strong><em>προτείνας</em></strong></span> <span class='ocrx_word' id='word_1_74' title='bbox 696 921 785 978; x_wconf 93' lang='grc' dir='ltr'><strong><em>νορος</em></strong></span> <span class='ocrx_word' id='word_1_75' title='bbox 799 894 930 977; x_wconf 73' lang='grc' dir='ltr'><strong><em>κεφαλὴν</em></strong></span> <span class='ocrx_word' id='word_1_76' title='bbox 943 897 994 958; x_wconf 89' lang='grc' dir='ltr'><strong><em>καὶ</em></strong></span> <span class='ocrx_word' id='word_1_77' title='bbox 1010 893 1064 978; x_wconf 78' lang='grc' dir='ltr'><strong><em>την</em></strong></span> <span class='ocrx_word' id='word_1_78' title='bbox 1074 906 1156 979; x_wconf 85' lang='grc' dir='ltr'><strong><em>χεῖρα</em></strong></span> <span class='ocrx_word' id='word_1_79' title='bbox 1168 896 1224 958; x_wconf 92' lang='grc' dir='ltr'><strong><em>τοῦ</em></strong></span> <span class='ocrx_word' id='word_1_80' title='bbox 1237 893 1303 967; x_wconf 91' lang='grc' dir='ltr'><strong><em>δυς-</em></strong></span> 
     </span>
     <span class='ocr_line' id='line_1_9' title="bbox 78 972 1304 1065; baseline -0.006 -18"><span class='ocrx_word' id='word_1_81' title='bbox 78 981 103 1058; x_wconf 74' lang='grc' dir='ltr'><strong><em>ἰς</em></strong></span> <span class='ocrx_word' id='word_1_82' title='bbox 115 992 213 1065; x_wconf 83' lang='grc' dir='ltr'><strong><em>χεῖρας</em></strong></span> <span class='ocrx_word' id='word_1_83' title='bbox 226 985 264 1054; x_wconf 77' lang='grc' dir='ltr'><strong><em>εἰς</em></strong></span> <span class='ocrx_word' id='word_1_84' title='bbox 281 978 333 1044; x_wconf 85' lang='grc' dir='ltr'><strong><em>τὸν</em></strong></span> <span class='ocrx_word' id='word_1_85' title='bbox 356 977 484 1064; x_wconf 88' lang='grc' dir='ltr'><strong><em>οὐρανὸν</em></strong></span> <span class='ocrx_word' id='word_1_86' title='bbox 518 978 657 1042; x_wconf 81' lang='grc' dir='ltr'><strong><em>ἐπεκαλέ-</em></strong></span> <span class='ocrx_word' id='word_1_87' title='bbox 697 974 805 1061; x_wconf 74' lang='grc' dir='ltr'><strong><em>φημου,</em></strong></span> <span class='ocrx_word' id='word_1_88' title='bbox 831 973 866 1060; x_wconf 75' lang='grc' dir='ltr'><strong><em>ἣν</em></strong></span> <span class='ocrx_word' id='word_1_89' title='bbox 880 981 1009 1052; x_wconf 79' lang='grc' dir='ltr'><strong><em>ἐκτείνας</em></strong></span> <span class='ocrx_word' id='word_1_90' title='bbox 1022 981 1070 1041; x_wconf 81' lang='grc' dir='ltr'><strong><em>ἐπὶ</em></strong></span> <span class='ocrx_word' id='word_1_91' title='bbox 1082 975 1137 1042; x_wconf 87' lang='grc' dir='ltr'><strong><em>τὸν</em></strong></span> <span class='ocrx_word' id='word_1_92' title='bbox 1151 972 1235 1055; x_wconf 78' lang='grc' dir='ltr'><strong><em>ἅγιον</em></strong></span> <span class='ocrx_word' id='word_1_93' title='bbox 1246 982 1304 1040; x_wconf 89' lang='grc' dir='ltr'><strong><em>τοῦ</em></strong></span> 
     </span>
     <span class='ocr_line' id='line_1_10' title="bbox 78 1057 1303 1166; baseline -0.005 -36"><span class='ocrx_word' id='word_1_94' title='bbox 78 1091 125 1130; x_wconf 89' lang='grc' dir='ltr'><strong><em>ιτο</em></strong></span> <span class='ocrx_word' id='word_1_95' title='bbox 139 1061 394 1148; x_wconf 88' lang='grc' dir='ltr'><strong><em>τὸντερατοποιόν</em></strong></span> <span class='ocrx_word' id='word_1_96' title='bbox 407 1059 569 1166; x_wconf 85' lang='grc' dir='ltr'><strong><em>κύριοντὸν</em></strong></span> <span class='ocrx_word' id='word_1_97' title='bbox 582 1087 657 1126; x_wconf 89' lang='grc' dir='ltr'><strong><em>κατ·</em></strong></span> <span class='ocrx_word' id='word_1_98' title='bbox 696 1057 944 1146; x_wconf 79' lang='grc' dir='ltr'><strong><em>παντοκράτορος</em></strong></span> <span class='ocrx_word' id='word_1_99' title='bbox 970 1060 1053 1127; x_wconf 81' lang='grc' dir='ltr'><strong><em>οἷκον</em></strong></span> <span class='ocrx_word' id='word_1_100' title='bbox 1079 1057 1303 1144; x_wconf 81' lang='grc' dir='ltr'><strong><em>ἓμεγαλαύχησε,</em></strong></span> 
     </span>
     <span class='ocr_line' id='line_1_11' title="bbox 78 1140 1304 1230; baseline -0.004 -18"><span class='ocrx_word' id='word_1_101' title='bbox 78 1172 162 1230; x_wconf 88' lang='grc' dir='ltr'><strong><em>ττην,</em></strong></span> <span class='ocrx_word' id='word_1_102' title='bbox 188 1142 344 1224; x_wconf 86' lang='grc' dir='ltr'><strong><em>γινῶσκων</em></strong></span> <span class='ocrx_word' id='word_1_103' title='bbox 364 1143 410 1211; x_wconf 83' lang='grc' dir='ltr'><strong><em>ὅτι</em></strong></span> <span class='ocrx_word' id='word_1_104' title='bbox 428 1172 484 1210; x_wconf 93' lang='grc' dir='ltr'><strong><em>ουκ</em></strong></span> <span class='ocrx_word' id='word_1_105' title='bbox 498 1149 561 1210; x_wconf 85' lang='grc' dir='ltr'><strong><em>ἐστι</em></strong></span> <span class='ocrx_word' id='word_1_106' title='bbox 574 1144 607 1210; x_wconf 86' lang='grc' dir='ltr'><strong><em>δι’</em></strong></span> <span class='ocrx_word' id='word_1_107' title='bbox 623 1140 658 1208; x_wconf 79' lang='grc' dir='ltr'><strong><em>ὅ·</em></strong></span> <span class='ocrx_word' id='word_1_108' title='bbox 696 1147 725 1187; x_wconf 91' lang='lat'><strong><em>³³</em></strong></span> <span class='ocrx_word' id='word_1_109' title='bbox 739 1146 790 1209; x_wconf 82' lang='grc' dir='ltr'><strong><em>καί</em></strong></span> <span class='ocrx_word' id='word_1_110' title='bbox 815 1145 867 1228; x_wconf 76' lang='grc' dir='ltr'><strong><em>τὴν</em></strong></span> <span class='ocrx_word' id='word_1_111' title='bbox 892 1145 1034 1222; x_wconf 88' lang='grc' dir='ltr'><strong><em>γλῶσσαν</em></strong></span> <span class='ocrx_word' id='word_1_112' title='bbox 1059 1151 1117 1210; x_wconf 89' lang='grc' dir='ltr'><strong><em>τοῦ</em></strong></span> <span class='ocrx_word' id='word_1_113' title='bbox 1147 1146 1304 1229; x_wconf 89' lang='grc' dir='ltr'><strong><em>δυςσεβοῦς</em></strong></span> 
     </span>
     <span class='ocr_line' id='line_1_12' title="bbox 78 1227 1304 1314; baseline -0.002 -19"><span class='ocrx_word' id='word_1_114' title='bbox 78 1232 135 1295; x_wconf 90' lang='grc' dir='ltr'><strong><em>λων</em></strong></span> <span class='ocrx_word' id='word_1_115' title='bbox 149 1227 166 1314; x_wconf 73' lang='grc' dir='ltr'><strong><em>ἡ</em></strong></span> <span class='ocrx_word' id='word_1_116' title='bbox 180 1237 257 1314; x_wconf 85' lang='grc' dir='ltr'><strong><em>νίκη,</em></strong></span> <span class='ocrx_word' id='word_1_117' title='bbox 283 1227 390 1304; x_wconf 75' lang='grc' dir='ltr'><strong><em>καθώς</em></strong></span> <span class='ocrx_word' id='word_1_118' title='bbox 403 1229 435 1294; x_wconf 83' lang='grc' dir='ltr'><strong><em>δὲ</em></strong></span> <span class='ocrx_word' id='word_1_119' title='bbox 448 1227 485 1293; x_wconf 80' lang='grc' dir='ltr'><strong><em>ἀν</em></strong></span> <span class='ocrx_word' id='word_1_120' title='bbox 498 1228 580 1311; x_wconf 82' lang='grc' dir='ltr'><strong><em>αὐτῷ</em></strong></span> <span class='ocrx_word' id='word_1_121' title='bbox 594 1254 657 1312; x_wconf 90' lang='grc' dir='ltr'><strong><em>κρι-</em></strong></span> <span class='ocrx_word' id='word_1_122' title='bbox 696 1229 873 1314; x_wconf 81' lang='grc' dir='ltr'><strong><em>Νικάνορος</em></strong></span> <span class='ocrx_word' id='word_1_123' title='bbox 886 1227 1027 1312; x_wconf 79' lang='grc' dir='ltr'><strong><em>ἐκτεμὼν,</em></strong></span> <span class='ocrx_word' id='word_1_124' title='bbox 1053 1227 1201 1313; x_wconf 74' lang='grc' dir='ltr'><strong><em>ἔφηκατὰ</em></strong></span> <span class='ocrx_word' id='word_1_125' title='bbox 1214 1229 1304 1311; x_wconf 80' lang='grc' dir='ltr'><strong><em>μέρος</em></strong></span> 
     </span>
     <span class='ocr_line' id='line_1_13' title="bbox 78 1309 1304 1398; baseline -0.004 -19"><span class='ocrx_word' id='word_1_126' title='bbox 78 1319 131 1397; x_wconf 88' lang='grc' dir='ltr'><strong><em>είη,</em></strong></span> <span class='ocrx_word' id='word_1_127' title='bbox 157 1326 219 1389; x_wconf 86' lang='grc' dir='ltr'><strong><em>τοῖς</em></strong></span> <span class='ocrx_word' id='word_1_128' title='bbox 231 1312 324 1390; x_wconf 87' lang='grc' dir='ltr'><strong><em>ἀξίοις</em></strong></span> <span class='ocrx_word' id='word_1_129' title='bbox 336 1324 533 1398; x_wconf 86' lang='grc' dir='ltr'><strong><em>περιποιεῖται</em></strong></span> <span class='ocrx_word' id='word_1_130' title='bbox 546 1313 600 1398; x_wconf 79' lang='grc' dir='ltr'><strong><em>την</em></strong></span> <span class='ocrx_word' id='word_1_131' title='bbox 613 1317 658 1375; x_wconf 87' lang='grc' dir='ltr'><strong><em>νί-</em></strong></span> <span class='ocrx_word' id='word_1_132' title='bbox 697 1309 799 1378; x_wconf 87' lang='grc' dir='ltr'><strong><em>δῶσειν</em></strong></span> <span class='ocrx_word' id='word_1_133' title='bbox 825 1325 888 1387; x_wconf 83' lang='grc' dir='ltr'><strong><em>τοῖς</em></strong></span> <span class='ocrx_word' id='word_1_134' title='bbox 914 1312 1089 1398; x_wconf 87' lang='grc' dir='ltr'><strong><em>ὀρνέοις,τύ</em></strong></span> <span class='ocrx_word' id='word_1_135' title='bbox 1115 1312 1147 1377; x_wconf 81' lang='grc' dir='ltr'><strong><em>δὲ</em></strong></span> <span class='ocrx_word' id='word_1_136' title='bbox 1172 1314 1304 1395; x_wconf 78' lang='grc' dir='ltr'><strong><em>ἐπίχειρα</em></strong></span> 
     </span>
     <span class='ocr_line' id='line_1_14' title="bbox 78 1391 1303 1482; baseline -0.003 -20"><span class='ocrx_word' id='word_1_137' title='bbox 78 1421 111 1482; x_wconf 78' lang='grc' dir='ltr'><strong><em>ην.</em></strong></span> <span class='ocrx_word' id='word_1_138' title='bbox 138 1401 168 1439; x_wconf 88' lang='grc'><strong><em>22</em></strong></span> <span class='ocrx_word' id='word_1_139' title='bbox 182 1397 263 1475; x_wconf 81' lang='grc' dir='ltr'><strong><em>ε”λεγε</em></strong></span> <span class='ocrx_word' id='word_1_140' title='bbox 276 1397 308 1462; x_wconf 87' lang='grc' dir='ltr'><strong><em>δέ</em></strong></span> <span class='ocrx_word' id='word_1_141' title='bbox 334 1393 562 1478; x_wconf 80' lang='grc' dir='ltr'><strong><em>ἐπικαλούμενος</em></strong></span> <span class='ocrx_word' id='word_1_142' title='bbox 575 1391 657 1459; x_wconf 90' lang='grc' dir='ltr'><strong><em>τόνδε</em></strong></span> <span class='ocrx_word' id='word_1_143' title='bbox 697 1401 748 1480; x_wconf 79' lang='grc' dir='ltr'><strong><em>της</em></strong></span> <span class='ocrx_word' id='word_1_144' title='bbox 762 1395 866 1470; x_wconf 84' lang='grc' dir='ltr'><strong><em>ἀνοίας</em></strong></span> <span class='ocrx_word' id='word_1_145' title='bbox 878 1399 1033 1461; x_wconf 81' lang='grc' dir='ltr'><strong><em>κατέναντι</em></strong></span> <span class='ocrx_word' id='word_1_146' title='bbox 1042 1400 1099 1460; x_wconf 89' lang='grc' dir='ltr'><strong><em>τοῦ</em></strong></span> <span class='ocrx_word' id='word_1_147' title='bbox 1108 1400 1183 1461; x_wconf 89' lang='grc' dir='ltr'><strong><em>ναοῦ</em></strong></span> <span class='ocrx_word' id='word_1_148' title='bbox 1197 1391 1303 1481; x_wconf 90' lang='grc' dir='ltr'><strong><em>κρεμά-</em></strong></span> 
     </span>
     <span class='ocr_line' id='line_1_15' title="bbox 78 1476 1352 1567; baseline -0.004 -21"><span class='ocrx_word' id='word_1_149' title='bbox 78 1486 104 1546; x_wconf 83' lang='grc' dir='ltr'><strong><em>ἰν</em></strong></span> <span class='ocrx_word' id='word_1_150' title='bbox 117 1477 240 1567; x_wconf 88' lang='grc' dir='ltr'><strong><em>τρόπον.</em></strong></span> <span class='ocrx_word' id='word_1_151' title='bbox 278 1477 315 1546; x_wconf 87' lang='grc' dir='ltr'><strong><em>οὐ</em></strong></span> <span class='ocrx_word' id='word_1_152' title='bbox 329 1482 465 1545; x_wconf 82' lang='grc' dir='ltr'><strong><em>δέσποτα</em></strong></span> <span class='ocrx_word' id='word_1_153' title='bbox 483 1478 657 1553; x_wconf 81' lang='grc' dir='ltr'><strong><em>ἀπέστειλας</em></strong></span> <span class='ocrx_word' id='word_1_154' title='bbox 697 1506 756 1545; x_wconf 89' lang='grc' dir='ltr'><strong><em>σαι.</em></strong></span> <span class='ocrx_word' id='word_1_155' title='bbox 796 1481 827 1521; x_wconf 82' lang='lat'><strong><em>³⁴</em></strong></span> <span class='ocrx_word' id='word_1_156' title='bbox 842 1484 872 1544; x_wconf 82' lang='grc' dir='ltr'><strong><em>οἱ</em></strong></span> <span class='ocrx_word' id='word_1_157' title='bbox 884 1477 916 1544; x_wconf 83' lang='grc' dir='ltr'><strong><em>δὲ</em></strong></span> <span class='ocrx_word' id='word_1_158' title='bbox 928 1479 1036 1555; x_wconf 86' lang='grc' dir='ltr'><strong><em>πάντες</em></strong></span> <span class='ocrx_word' id='word_1_159' title='bbox 1054 1485 1092 1554; x_wconf 81' lang='grc' dir='ltr'><strong><em>εἰς</em></strong></span> <span class='ocrx_word' id='word_1_160' title='bbox 1105 1479 1160 1545; x_wconf 86' lang='grc' dir='ltr'><strong><em>τὸν</em></strong></span> <span class='ocrx_word' id='word_1_161' title='bbox 1173 1476 1305 1562; x_wconf 88' lang='grc' dir='ltr'><strong><em>οὐρανὸν</em></strong></span> <span class='ocrx_word' id='word_1_162' title='bbox 1350 1541 1352 1548; x_wconf 76' lang='grc'><strong><em>,</em></strong></span> 
     </span>
     <span class='ocr_line' id='line_1_16' title="bbox 78 1557 1333 1649; baseline -0.001 -21"><span class='ocrx_word' id='word_1_163' title='bbox 78 1562 103 1629; x_wconf 74' lang='grc' dir='ltr'><strong><em>ἰν</em></strong></span> <span class='ocrx_word' id='word_1_164' title='bbox 115 1560 242 1643; x_wconf 80' lang='grc' dir='ltr'><strong><em>άγγελόν</em></strong></span> <span class='ocrx_word' id='word_1_165' title='bbox 255 1591 310 1629; x_wconf 93' lang='grc' dir='ltr'><strong><em>σου</em></strong></span> <span class='ocrx_word' id='word_1_166' title='bbox 324 1566 373 1629; x_wconf 80' lang='grc' dir='ltr'><strong><em>ἐπὶ</em></strong></span> <span class='ocrx_word' id='word_1_167' title='bbox 389 1561 517 1641; x_wconf 81' lang='grc' dir='ltr'><strong><em>Ἐζεκίου</em></strong></span> <span class='ocrx_word' id='word_1_168' title='bbox 531 1567 586 1628; x_wconf 89' lang='grc' dir='ltr'><strong><em>τοῦ</em></strong></span> <span class='ocrx_word' id='word_1_169' title='bbox 599 1566 656 1647; x_wconf 93' lang='grc' dir='ltr'><strong><em>βα-</em></strong></span> <span class='ocrx_word' id='word_1_170' title='bbox 697 1557 862 1648; x_wconf 86' lang='grc' dir='ltr'><strong><em>εὐλόγησαν</em></strong></span> <span class='ocrx_word' id='word_1_171' title='bbox 870 1562 921 1626; x_wconf 87' lang='grc' dir='ltr'><strong><em>τὸν</em></strong></span> <span class='ocrx_word' id='word_1_172' title='bbox 933 1566 1060 1647; x_wconf 74' lang='grc' dir='ltr'><strong><em>ἐπιφανῆ</em></strong></span> <span class='ocrx_word' id='word_1_173' title='bbox 1072 1559 1186 1649; x_wconf 78' lang='grc' dir='ltr'><strong><em>κόριον,</em></strong></span> <span class='ocrx_word' id='word_1_174' title='bbox 1200 1562 1306 1640; x_wconf 85' lang='grc' dir='ltr'><strong><em>λέγον·</em></strong></span> <span class='ocrx_word' id='word_1_175' title='bbox 1330 1620 1333 1627; x_wconf 96' lang='grc'><strong><em>.</em></strong></span> 
     </span>
     <span class='ocr_line' id='line_1_17' title="bbox 78 1644 1305 1733; baseline -0.004 -20"><span class='ocrx_word' id='word_1_176' title='bbox 78 1649 155 1723; x_wconf 77' lang='grc' dir='ltr'><strong><em>λέως</em></strong></span> <span class='ocrx_word' id='word_1_177' title='bbox 171 1652 224 1732; x_wconf 79' lang='grc' dir='ltr'><strong><em>τῆς</em></strong></span> <span class='ocrx_word' id='word_1_178' title='bbox 239 1648 404 1724; x_wconf 81' lang='grc' dir='ltr'><strong><em>Ἰουδαίας,</em></strong></span> <span class='ocrx_word' id='word_1_179' title='bbox 433 1650 484 1712; x_wconf 84' lang='grc' dir='ltr'><strong><em>καὶ</em></strong></span> <span class='ocrx_word' id='word_1_180' title='bbox 503 1644 611 1719; x_wconf 84' lang='grc' dir='ltr'><strong><em>ἀνεῖλες</em></strong></span> <span class='ocrx_word' id='word_1_181' title='bbox 625 1649 656 1709; x_wconf 79' lang='grc' dir='ltr'><strong><em>ἐκ</em></strong></span> <span class='ocrx_word' id='word_1_182' title='bbox 697 1674 753 1724; x_wconf 90' lang='grc' dir='ltr'><strong><em>τες,</em></strong></span> <span class='ocrx_word' id='word_1_183' title='bbox 770 1646 928 1731; x_wconf 80' lang='grc' dir='ltr'><strong><em>εὐλογητὸς</em></strong></span> <span class='ocrx_word' id='word_1_184' title='bbox 941 1644 957 1711; x_wconf 87' lang='grc' dir='ltr'><strong><em>ό</em></strong></span> <span class='ocrx_word' id='word_1_185' title='bbox 972 1646 1152 1733; x_wconf 70' lang='grc' dir='ltr'><strong><em>διατηρήσας</em></strong></span> <span class='ocrx_word' id='word_1_186' title='bbox 1166 1644 1218 1712; x_wconf 86' lang='grc' dir='ltr'><strong><em>τὸν</em></strong></span> <span class='ocrx_word' id='word_1_187' title='bbox 1233 1648 1305 1710; x_wconf 79' lang='grc' dir='ltr'><strong><em>ἐαυ-</em></strong></span> 
     </span>
     <span class='ocr_line' id='line_1_18' title="bbox 78 1725 1305 1837; baseline -0.007 -40"><span class='ocrx_word' id='word_1_188' title='bbox 78 1737 102 1837; x_wconf 67' lang='grc' dir='ltr'><strong><em>ης</em></strong></span> <span class='ocrx_word' id='word_1_189' title='bbox 119 1731 304 1819; x_wconf 75' lang='grc' dir='ltr'><strong><em>παρεμβολῆς</em></strong></span> <span class='ocrx_word' id='word_1_190' title='bbox 318 1733 515 1816; x_wconf 82' lang='grc' dir='ltr'><strong><em>Σενναχηρεὶμ</em></strong></span> <span class='ocrx_word' id='word_1_191' title='bbox 535 1735 574 1804; x_wconf 85' lang='grc' dir='ltr'><strong><em>είς</em></strong></span> <span class='ocrx_word' id='word_1_192' title='bbox 587 1731 655 1793; x_wconf 84' lang='grc' dir='ltr'><strong><em>ἐκα·</em></strong></span> <span class='ocrx_word' id='word_1_193' title='bbox 697 1737 753 1796; x_wconf 90' lang='grc' dir='ltr'><strong><em>τοῦ</em></strong></span> <span class='ocrx_word' id='word_1_194' title='bbox 780 1729 877 1797; x_wconf 90' lang='grc' dir='ltr'><strong><em>τόπον</em></strong></span> <span class='ocrx_word' id='word_1_195' title='bbox 901 1729 1052 1811; x_wconf 86' lang='grc' dir='ltr'><strong><em>ἀμίαντον.</em></strong></span> <span class='ocrx_word' id='word_1_196' title='bbox 1090 1733 1118 1773; x_wconf 86' lang='lat'><strong><em>³⁵</em></strong></span> <span class='ocrx_word' id='word_1_197' title='bbox 1133 1731 1249 1811; x_wconf 82' lang='grc' dir='ltr'><strong><em>ἐξέδησε</em></strong></span> <span class='ocrx_word' id='word_1_198' title='bbox 1273 1725 1305 1792; x_wconf 77' lang='grc' dir='ltr'><strong><em>δὲ</em></strong></span> 
     </span>
     <span class='ocr_line' id='line_1_19' title="bbox 78 1812 1305 1900; baseline -0.005 -20"><span class='ocrx_word' id='word_1_199' title='bbox 78 1842 105 1881; x_wconf 82' lang='grc' dir='ltr'><strong><em>ιν</em></strong></span> <span class='ocrx_word' id='word_1_200' title='bbox 119 1815 392 1899; x_wconf 87' lang='grc' dir='ltr'><strong><em>ὀγδοηκονταπέντε</em></strong></span> <span class='ocrx_word' id='word_1_201' title='bbox 402 1812 544 1899; x_wconf 84' lang='grc' dir='ltr'><strong><em>χιλιάδας.</em></strong></span> <span class='ocrx_word' id='word_1_202' title='bbox 571 1813 657 1877; x_wconf 60' lang='lat' dir='ltr'><strong><em>”nal</em></strong></span> <span class='ocrx_word' id='word_1_203' title='bbox 696 1815 751 1899; x_wconf 79' lang='grc' dir='ltr'><strong><em>την</em></strong></span> <span class='ocrx_word' id='word_1_204' title='bbox 773 1819 827 1881; x_wconf 91' lang='grc' dir='ltr'><strong><em>τοῦ</em></strong></span> <span class='ocrx_word' id='word_1_205' title='bbox 842 1813 1017 1900; x_wconf 86' lang='grc' dir='ltr'><strong><em>Νικάνορος</em></strong></span> <span class='ocrx_word' id='word_1_206' title='bbox 1042 1813 1171 1897; x_wconf 72' lang='grc' dir='ltr'><strong><em>κεφαλὴν</em></strong></span> <span class='ocrx_word' id='word_1_207' title='bbox 1195 1817 1228 1876; x_wconf 81' lang='grc' dir='ltr'><strong><em>ἐκ</em></strong></span> <span class='ocrx_word' id='word_1_208' title='bbox 1253 1815 1305 1894; x_wconf 76' lang='grc' dir='ltr'><strong><em>τῆς</em></strong></span> 
     </span>
     <span class='ocr_line' id='line_1_20' title="bbox 78 1892 1306 1985; baseline -0.005 -22"><span class='ocrx_word' id='word_1_209' title='bbox 78 1904 104 1966; x_wconf 77' lang='grc' dir='ltr'><strong><em>ίν</em></strong></span> <span class='ocrx_word' id='word_1_210' title='bbox 128 1898 261 1964; x_wconf 87' lang='grc' dir='ltr'><strong><em>δυνάστα</em></strong></span> <span class='ocrx_word' id='word_1_211' title='bbox 274 1904 336 1964; x_wconf 87' lang='grc' dir='ltr'><strong><em>τῶν</em></strong></span> <span class='ocrx_word' id='word_1_212' title='bbox 353 1897 491 1983; x_wconf 77' lang='grc' dir='ltr'><strong><em>οὐρανῶν</em></strong></span> <span class='ocrx_word' id='word_1_213' title='bbox 514 1892 657 1962; x_wconf 86' lang='grc' dir='ltr'><strong><em>ἀπόστει-</em></strong></span> <span class='ocrx_word' id='word_1_214' title='bbox 696 1899 791 1985; x_wconf 84' lang='grc' dir='ltr'><strong><em>άκρας</em></strong></span> <span class='ocrx_word' id='word_1_215' title='bbox 804 1899 943 1981; x_wconf 85' lang='grc' dir='ltr'><strong><em>ἐπίδηλον</em></strong></span> <span class='ocrx_word' id='word_1_216' title='bbox 955 1903 1041 1974; x_wconf 85' lang='grc' dir='ltr'><strong><em>πᾶσι,</em></strong></span> <span class='ocrx_word' id='word_1_217' title='bbox 1053 1899 1103 1962; x_wconf 81' lang='grc' dir='ltr'><strong><em>καὶ</em></strong></span> <span class='ocrx_word' id='word_1_218' title='bbox 1117 1895 1245 1982; x_wconf 82' lang='grc' dir='ltr'><strong><em>φανερὸν</em></strong></span> <span class='ocrx_word' id='word_1_219' title='bbox 1254 1897 1306 1977; x_wconf 74' lang='grc' dir='ltr'><strong><em>τῆς</em></strong></span> 
     </span>
     <span class='ocr_line' id='line_1_21' title="bbox 78 1977 1308 2069; baseline -0.006 -22"><span class='ocrx_word' id='word_1_220' title='bbox 78 2009 106 2048; x_wconf 83' lang='grc' dir='ltr'><strong><em>ιν</em></strong></span> <span class='ocrx_word' id='word_1_221' title='bbox 118 1982 242 2060; x_wconf 86' lang='grc' dir='ltr'><strong><em>άγγελον</em></strong></span> <span class='ocrx_word' id='word_1_222' title='bbox 254 1980 378 2058; x_wconf 85' lang='grc' dir='ltr'><strong><em>ἀγαθόν</em></strong></span> <span class='ocrx_word' id='word_1_223' title='bbox 391 1987 563 2067; x_wconf 77' lang='grc' dir='ltr'><strong><em>ἔμπροσθεν</em></strong></span> <span class='ocrx_word' id='word_1_224' title='bbox 576 1977 658 2064; x_wconf 81' lang='grc' dir='ltr'><strong><em>ημῶν</em></strong></span> <span class='ocrx_word' id='word_1_225' title='bbox 698 1988 755 2048; x_wconf 90' lang='grc' dir='ltr'><strong><em>τοῦ</em></strong></span> <span class='ocrx_word' id='word_1_226' title='bbox 769 1989 870 2067; x_wconf 89' lang='grc' dir='ltr'><strong><em>κυρίου</em></strong></span> <span class='ocrx_word' id='word_1_227' title='bbox 882 1988 1026 2069; x_wconf 82' lang='grc' dir='ltr'><strong><em>βοηθείας</em></strong></span> <span class='ocrx_word' id='word_1_228' title='bbox 1039 1993 1167 2067; x_wconf 86' lang='grc' dir='ltr'><strong><em>σημεῖον.</em></strong></span> <span class='ocrx_word' id='word_1_229' title='bbox 1212 1980 1242 2022; x_wconf 79' lang='lat'><strong><em>³⁶</em></strong></span> <span class='ocrx_word' id='word_1_230' title='bbox 1255 1979 1308 2042; x_wconf 80' lang='grc' dir='ltr'><strong><em>καὶ</em></strong></span> 
     </span>
     <span class='ocr_line' id='line_1_22' title="bbox 78 2062 1305 2151; baseline 0.002 -25"><span class='ocrx_word' id='word_1_231' title='bbox 78 2091 91 2138; x_wconf 95' lang='grc' dir='ltr'><strong><em>ς</em></strong></span> <span class='ocrx_word' id='word_1_232' title='bbox 104 2066 170 2138; x_wconf 87' lang='grc' dir='ltr'><strong><em>δέος</em></strong></span> <span class='ocrx_word' id='word_1_233' title='bbox 183 2070 234 2129; x_wconf 80' lang='grc' dir='ltr'><strong><em>καὶ</em></strong></span> <span class='ocrx_word' id='word_1_234' title='bbox 245 2062 365 2148; x_wconf 88' lang='grc' dir='ltr'><strong><em>τρόμον.</em></strong></span> <span class='ocrx_word' id='word_1_235' title='bbox 404 2067 435 2107; x_wconf 73' lang='grc'><strong><em>22</em></strong></span> <span class='ocrx_word' id='word_1_236' title='bbox 450 2069 567 2149; x_wconf 89' lang='grc' dir='ltr'><strong><em>μεγέθει</em></strong></span> <span class='ocrx_word' id='word_1_237' title='bbox 580 2069 655 2150; x_wconf 89' lang='grc' dir='ltr'><strong><em>βρα-</em></strong></span> <span class='ocrx_word' id='word_1_238' title='bbox 698 2063 893 2151; x_wconf 85' lang='grc' dir='ltr'><strong><em>ἐδογμάτισαν</em></strong></span> <span class='ocrx_word' id='word_1_239' title='bbox 909 2062 1019 2141; x_wconf 87' lang='grc' dir='ltr'><strong><em>πάντες</em></strong></span> <span class='ocrx_word' id='word_1_240' title='bbox 1038 2065 1112 2149; x_wconf 82' lang='grc' dir='ltr'><strong><em>μετὰ</em></strong></span> <span class='ocrx_word' id='word_1_241' title='bbox 1130 2068 1229 2130; x_wconf 91' lang='grc' dir='ltr'><strong><em>κοινοῦ</em></strong></span> <span class='ocrx_word' id='word_1_242' title='bbox 1242 2084 1305 2146; x_wconf 81' lang='grc' dir='ltr'><strong><em>ψη-</em></strong></span> 
     </span>
     <span class='ocr_line' id='line_1_23' title="bbox 78 2140 1307 2245; baseline 0.002 -37"><span class='ocrx_word' id='word_1_243' title='bbox 78 2140 150 2218; x_wconf 85' lang='grc' dir='ltr'><strong><em>ίονός</em></strong></span> <span class='ocrx_word' id='word_1_244' title='bbox 175 2171 228 2208; x_wconf 93' lang='grc' dir='ltr'><strong><em>οου</em></strong></span> <span class='ocrx_word' id='word_1_245' title='bbox 253 2146 517 2245; x_wconf 76' lang='grc' dir='ltr'><strong><em>καταπλαχείησαν</em></strong></span> <span class='ocrx_word' id='word_1_246' title='bbox 535 2154 566 2209; x_wconf 82' lang='grc' dir='ltr'><strong><em>οἱ</em></strong></span> <span class='ocrx_word' id='word_1_247' title='bbox 586 2145 658 2225; x_wconf 85' lang='grc' dir='ltr'><strong><em>μετά</em></strong></span> <span class='ocrx_word' id='word_1_248' title='bbox 698 2158 845 2230; x_wconf 83' lang='grc' dir='ltr'><strong><em>φίσματος</em></strong></span> <span class='ocrx_word' id='word_1_249' title='bbox 869 2153 1008 2230; x_wconf 78' lang='grc' dir='ltr'><strong><em>μηδαμῶς</em></strong></span> <span class='ocrx_word' id='word_1_250' title='bbox 1034 2156 1119 2213; x_wconf 87' lang='grc' dir='ltr'><strong><em>ἐᾶσαι</em></strong></span> <span class='ocrx_word' id='word_1_251' title='bbox 1144 2144 1307 2227; x_wconf 85' lang='grc' dir='ltr'><strong><em>ἀπαρασ’-</em></strong></span> 
     </span>
     <span class='ocr_line' id='line_1_24' title="bbox 78 2175 1306 2313; baseline -0.002 -21"><span class='ocrx_word' id='word_1_252' title='bbox 78 2227 237 2309; x_wconf 82' lang='grc' dir='ltr'><strong><em>λαςφημίας</em></strong></span> <span class='ocrx_word' id='word_1_253' title='bbox 250 2250 480 2308; x_wconf 84' lang='grc' dir='ltr'><strong><em>παραγενόμενοι</em></strong></span> <span class='ocrx_word' id='word_1_254' title='bbox 493 2224 607 2290; x_wconf 81' lang='grc' dir='ltr'><strong><em>έπίτόν</em></strong></span> <span class='ocrx_word' id='word_1_255' title='bbox 620 2223 658 2288; x_wconf 77' lang='grc' dir='ltr'><strong><em>ά·</em></strong></span> <span class='ocrx_word' id='word_1_256' title='bbox 696 2254 807 2310; x_wconf 92' lang='grc' dir='ltr'><strong><em>μαντον</em></strong></span> <span class='ocrx_word' id='word_1_257' title='bbox 828 2226 915 2311; x_wconf 77' lang='grc' dir='ltr'><strong><em>τηνδε</em></strong></span> <span class='ocrx_word' id='word_1_258' title='bbox 935 2230 989 2310; x_wconf 72' lang='grc' dir='ltr'><strong><em>τὴν</em></strong></span> <span class='ocrx_word' id='word_1_259' title='bbox 1011 2227 1129 2313; x_wconf 74' lang='grc' dir='ltr'><strong><em>ἡμέραν.</em></strong></span> <span class='ocrx_word' id='word_1_260' title='bbox 1180 2233 1252 2313; x_wconf 77' lang='grc' dir='ltr'><strong><em>ἐχειν</em></strong></span> <span class='ocrx_word' id='word_1_261' title='bbox 1272 2175 1306 2292; x_wconf 78' lang='grc' dir='ltr'><strong><em>δὲ</em></strong></span> 
     </span>
     <span class='ocr_line' id='line_1_25' title="bbox 78 2301 1307 2395; baseline 0.001 -22"><span class='ocrx_word' id='word_1_262' title='bbox 78 2305 118 2375; x_wconf 84' lang='grc' dir='ltr'><strong><em>ιόν</em></strong></span> <span class='ocrx_word' id='word_1_263' title='bbox 132 2336 186 2374; x_wconf 93' lang='grc' dir='ltr'><strong><em>σου</em></strong></span> <span class='ocrx_word' id='word_1_264' title='bbox 201 2303 284 2374; x_wconf 85' lang='grc' dir='ltr'><strong><em>λαόν.</em></strong></span> <span class='ocrx_word' id='word_1_265' title='bbox 301 2311 351 2372; x_wconf 84' lang='grc' dir='ltr'><strong><em>καί</em></strong></span> <span class='ocrx_word' id='word_1_266' title='bbox 365 2301 452 2383; x_wconf 80' lang='grc' dir='ltr'><strong><em>οὗτος</em></strong></span> <span class='ocrx_word' id='word_1_267' title='bbox 469 2308 523 2392; x_wconf 79' lang='grc' dir='ltr'><strong><em>μὲν</em></strong></span> <span class='ocrx_word' id='word_1_268' title='bbox 540 2311 570 2370; x_wconf 82' lang='grc' dir='ltr'><strong><em>ἐν</em></strong></span> <span class='ocrx_word' id='word_1_269' title='bbox 586 2305 657 2372; x_wconf 89' lang='grc' dir='ltr'><strong><em>τού-</em></strong></span> <span class='ocrx_word' id='word_1_270' title='bbox 698 2316 838 2394; x_wconf 82' lang='grc' dir='ltr'><strong><em>ἐπίσημον</em></strong></span> <span class='ocrx_word' id='word_1_271' title='bbox 852 2313 905 2394; x_wconf 79' lang='grc' dir='ltr'><strong><em>την</em></strong></span> <span class='ocrx_word' id='word_1_272' title='bbox 924 2308 1160 2395; x_wconf 89' lang='grc' dir='ltr'><strong><em>τριςκαιδεκάτην</em></strong></span> <span class='ocrx_word' id='word_1_273' title='bbox 1177 2315 1234 2376; x_wconf 93' lang='grc' dir='ltr'><strong><em>τοῦ</em></strong></span> <span class='ocrx_word' id='word_1_274' title='bbox 1246 2312 1307 2375; x_wconf 86' lang='grc' dir='ltr'><strong><em>δω-</em></strong></span> 
     </span>
     <span class='ocr_line' id='line_1_26' title="bbox 78 2386 1306 2484; baseline 0 -25"><span class='ocrx_word' id='word_1_275' title='bbox 78 2419 117 2468; x_wconf 83' lang='grc' dir='ltr'><strong><em>οις</em></strong></span> <span class='ocrx_word' id='word_1_276' title='bbox 138 2395 242 2478; x_wconf 80' lang='grc' dir='ltr'><strong><em>ἔληξεν.</em></strong></span> <span class='ocrx_word' id='word_1_277' title='bbox 270 2392 300 2435; x_wconf 84' lang='lat'><strong><em>²⁵</em></strong></span> <span class='ocrx_word' id='word_1_278' title='bbox 314 2402 344 2457; x_wconf 80' lang='grc' dir='ltr'><strong><em>οἱ</em></strong></span> <span class='ocrx_word' id='word_1_279' title='bbox 361 2391 393 2456; x_wconf 84' lang='grc' dir='ltr'><strong><em>δὲ</em></strong></span> <span class='ocrx_word' id='word_1_280' title='bbox 409 2394 477 2477; x_wconf 80' lang='grc' dir='ltr'><strong><em>περὶ</em></strong></span> <span class='ocrx_word' id='word_1_281' title='bbox 489 2390 544 2456; x_wconf 88' lang='grc' dir='ltr'><strong><em>τὸν</em></strong></span> <span class='ocrx_word' id='word_1_282' title='bbox 557 2386 659 2455; x_wconf 87' lang='grc' dir='ltr'><strong><em>Νικά-</em></strong></span> <span class='ocrx_word' id='word_1_283' title='bbox 698 2389 821 2460; x_wconf 88' lang='grc' dir='ltr'><strong><em>δεκάτου</em></strong></span> <span class='ocrx_word' id='word_1_284' title='bbox 833 2395 937 2478; x_wconf 90' lang='grc' dir='ltr'><strong><em>μηνὸς,</em></strong></span> <span class='ocrx_word' id='word_1_285' title='bbox 957 2394 1050 2479; x_wconf 79' lang='grc' dir='ltr'><strong><em>’Άδαρ</em></strong></span> <span class='ocrx_word' id='word_1_286' title='bbox 1063 2394 1178 2473; x_wconf 89' lang='grc' dir='ltr'><strong><em>λέγεται</em></strong></span> <span class='ocrx_word' id='word_1_287' title='bbox 1191 2398 1228 2484; x_wconf 77' lang='grc' dir='ltr'><strong><em>τῇ</em></strong></span> <span class='ocrx_word' id='word_1_288' title='bbox 1242 2402 1306 2459; x_wconf 93' lang='grc' dir='ltr'><strong><em>Συ-</em></strong></span> 
     </span>
     <span class='ocr_line' id='line_1_27' title="bbox 78 2470 1305 2581; baseline -0.001 -38"><span class='ocrx_word' id='word_1_289' title='bbox 78 2504 129 2564; x_wconf 83' lang='grc' dir='ltr'><strong><em>νρα</em></strong></span> <span class='ocrx_word' id='word_1_290' title='bbox 154 2476 228 2561; x_wconf 84' lang='grc' dir='ltr'><strong><em>μετά</em></strong></span> <span class='ocrx_word' id='word_1_291' title='bbox 254 2477 426 2554; x_wconf 90' lang='grc' dir='ltr'><strong><em>σαλπίγγων</em></strong></span> <span class='ocrx_word' id='word_1_292' title='bbox 445 2477 496 2543; x_wconf 81' lang='grc' dir='ltr'><strong><em>καί</em></strong></span> <span class='ocrx_word' id='word_1_293' title='bbox 522 2470 659 2538; x_wconf 86' lang='grc' dir='ltr'><strong><em>παιάνων</em></strong></span> <span class='ocrx_word' id='word_1_294' title='bbox 698 2482 787 2573; x_wconf 76' lang='grc' dir='ltr'><strong><em>ριακῇ</em></strong></span> <span class='ocrx_word' id='word_1_295' title='bbox 813 2484 910 2571; x_wconf 77' lang='grc' dir='ltr'><strong><em>φωνῇ,</em></strong></span> <span class='ocrx_word' id='word_1_296' title='bbox 936 2479 996 2564; x_wconf 86' lang='grc' dir='ltr'><strong><em>πρὸ</em></strong></span> <span class='ocrx_word' id='word_1_297' title='bbox 1022 2483 1090 2560; x_wconf 85' lang='grc' dir='ltr'><strong><em>μιάς</em></strong></span> <span class='ocrx_word' id='word_1_298' title='bbox 1115 2477 1227 2581; x_wconf 60' lang='grc' dir='ltr'><strong><em>ἡμέρας</em></strong></span> <span class='ocrx_word' id='word_1_299' title='bbox 1252 2482 1305 2561; x_wconf 74' lang='grc' dir='ltr'><strong><em>τῆς</em></strong></span> 
     </span>
     <span class='ocr_line' id='line_1_28' title="bbox 79 2553 1307 2647; baseline -0.002 -20"><span class='ocrx_word' id='word_1_300' title='bbox 79 2568 214 2646; x_wconf 80' lang='grc' dir='ltr'><strong><em>ροςηγον.</em></strong></span> <span class='ocrx_word' id='word_1_301' title='bbox 252 2562 283 2603; x_wconf 79' lang='lat'><strong><em>²⁶</em></strong></span> <span class='ocrx_word' id='word_1_302' title='bbox 296 2564 325 2625; x_wconf 77' lang='grc' dir='ltr'><strong><em>οῦ</em></strong></span> <span class='ocrx_word' id='word_1_303' title='bbox 344 2559 376 2624; x_wconf 85' lang='grc' dir='ltr'><strong><em>δὲ</em></strong></span> <span class='ocrx_word' id='word_1_304' title='bbox 395 2561 462 2644; x_wconf 85' lang='grc' dir='ltr'><strong><em>περὶ</em></strong></span> <span class='ocrx_word' id='word_1_305' title='bbox 480 2553 532 2623; x_wconf 85' lang='grc' dir='ltr'><strong><em>τόν</em></strong></span> <span class='ocrx_word' id='word_1_306' title='bbox 541 2554 660 2624; x_wconf 88' lang='grc' dir='ltr'><strong><em>Ἰούδαν</em></strong></span> <span class='ocrx_word' id='word_1_307' title='bbox 699 2559 1045 2647; x_wconf 75' lang='grc' dir='ltr'><strong><em>Μαρδοχαϊκηςῆμέρας.</em></strong></span> <span class='ocrx_word' id='word_1_308' title='bbox 1073 2564 1169 2626; x_wconf 71' lang='grc' dir='ltr'><strong><em>37τῶν</em></strong></span> <span class='ocrx_word' id='word_1_309' title='bbox 1183 2587 1237 2625; x_wconf 90' lang='grc' dir='ltr'><strong><em>ουν</em></strong></span> <span class='ocrx_word' id='word_1_310' title='bbox 1250 2587 1307 2624; x_wconf 91' lang='grc' dir='ltr'><strong><em>κα-</em></strong></span> 
     </span>
     <span class='ocr_line' id='line_1_29' title="bbox 78 2640 1307 2731; baseline -0.002 -22"><span class='ocrx_word' id='word_1_311' title='bbox 78 2642 113 2709; x_wconf 84' lang='grc' dir='ltr'><strong><em>ετ’</em></strong></span> <span class='ocrx_word' id='word_1_312' title='bbox 137 2640 314 2729; x_wconf 74' lang='grc' dir='ltr'><strong><em>ἐπικλήσεως</em></strong></span> <span class='ocrx_word' id='word_1_313' title='bbox 328 2645 378 2707; x_wconf 79' lang='grc' dir='ltr'><strong><em>καί</em></strong></span> <span class='ocrx_word' id='word_1_314' title='bbox 396 2641 488 2728; x_wconf 86' lang='grc' dir='ltr'><strong><em>εὐχῶν</em></strong></span> <span class='ocrx_word' id='word_1_315' title='bbox 506 2643 660 2726; x_wconf 86' lang='grc' dir='ltr'><strong><em>συνέμιξαν</em></strong></span> <span class='ocrx_word' id='word_1_316' title='bbox 698 2644 737 2710; x_wconf 85' lang='grc' dir='ltr'><strong><em>τά</em></strong></span> <span class='ocrx_word' id='word_1_317' title='bbox 751 2643 909 2730; x_wconf 89' lang='grc' dir='ltr'><strong><em>Νικάνορα</em></strong></span> <span class='ocrx_word' id='word_1_318' title='bbox 920 2644 1119 2731; x_wconf 88' lang='grc' dir='ltr'><strong><em>χωρησάντων</em></strong></span> <span class='ocrx_word' id='word_1_319' title='bbox 1132 2641 1228 2720; x_wconf 86' lang='grc' dir='ltr'><strong><em>οῦτω,</em></strong></span> <span class='ocrx_word' id='word_1_320' title='bbox 1255 2645 1307 2707; x_wconf 80' lang='grc' dir='ltr'><strong><em>καί</em></strong></span> 
     </span>
     <span class='ocr_line' id='line_1_30' title="bbox 78 2725 1305 2814; baseline -0.009 -12"><span class='ocrx_word' id='word_1_321' title='bbox 78 2737 118 2802; x_wconf 71' lang='grc' dir='ltr'><strong><em>νίς</em></strong></span> <span class='ocrx_word' id='word_1_322' title='bbox 130 2728 291 2809; x_wconf 67' lang='grc' dir='ltr'><strong><em>πολεμίοις·</em></strong></span> <span class='ocrx_word' id='word_1_323' title='bbox 317 2729 347 2769; x_wconf 83' lang='lat'><strong><em>²⁷</em></strong></span> <span class='ocrx_word' id='word_1_324' title='bbox 358 2729 409 2791; x_wconf 79' lang='grc' dir='ltr'><strong><em>καὶ</em></strong></span> <span class='ocrx_word' id='word_1_325' title='bbox 425 2739 490 2800; x_wconf 80' lang='grc' dir='ltr'><strong><em>ταῖς</em></strong></span> <span class='ocrx_word' id='word_1_326' title='bbox 524 2725 555 2791; x_wconf 74' lang='grc' dir='ltr'><strong><em>ἐν</em></strong></span> <span class='ocrx_word' id='word_1_327' title='bbox 567 2729 661 2811; x_wconf 81' lang='grc' dir='ltr'><strong><em>χερσὶν</em></strong></span> <span class='ocrx_word' id='word_1_328' title='bbox 699 2728 751 2794; x_wconf 80' lang='grc' dir='ltr'><strong><em>ἀπ’</em></strong></span> <span class='ocrx_word' id='word_1_329' title='bbox 767 2734 886 2795; x_wconf 78' lang='grc' dir='ltr'><strong><em>ἐκείνων</em></strong></span> <span class='ocrx_word' id='word_1_330' title='bbox 903 2734 964 2794; x_wconf 80' lang='grc' dir='ltr'><strong><em>τῶν</em></strong></span> <span class='ocrx_word' id='word_1_331' title='bbox 982 2735 1094 2814; x_wconf 79' lang='grc' dir='ltr'><strong><em>καιρῶν</em></strong></span> <span class='ocrx_word' id='word_1_332' title='bbox 1109 2731 1305 2814; x_wconf 74' lang='grc' dir='ltr'><strong><em>κρατηθείσης</em></strong></span> 
     </span>
     <span class='ocr_line' id='line_1_31' title="bbox 77 2753 1307 2915; baseline 0.002 -41"><span class='ocrx_word' id='word_1_333' title='bbox 77 2806 278 2892; x_wconf 85' lang='grc' dir='ltr'><strong><em>γωνιζόμενοι,</em></strong></span> <span class='ocrx_word' id='word_1_334' title='bbox 304 2822 370 2885; x_wconf 85' lang='grc' dir='ltr'><strong><em>ταῖς</em></strong></span> <span class='ocrx_word' id='word_1_335' title='bbox 387 2809 419 2875; x_wconf 83' lang='grc' dir='ltr'><strong><em>δὲ</em></strong></span> <span class='ocrx_word' id='word_1_336' title='bbox 436 2753 570 2894; x_wconf 76' lang='grc' dir='ltr'><strong><em>καρδίαις</em></strong></span> <span class='ocrx_word' id='word_1_337' title='bbox 583 2810 660 2893; x_wconf 85' lang='grc' dir='ltr'><strong><em>πρὸς</em></strong></span> <span class='ocrx_word' id='word_1_338' title='bbox 698 2818 750 2915; x_wconf 70' lang='grc' dir='ltr'><strong><em>της</em></strong></span> <span class='ocrx_word' id='word_1_339' title='bbox 772 2811 887 2888; x_wconf 85' lang='grc' dir='ltr'><strong><em>πόλεως</em></strong></span> <span class='ocrx_word' id='word_1_340' title='bbox 903 2810 963 2878; x_wconf 87' lang='grc' dir='ltr'><strong><em>ῦπδ</em></strong></span> <span class='ocrx_word' id='word_1_341' title='bbox 985 2817 1046 2878; x_wconf 90' lang='grc' dir='ltr'><strong><em>τῶν</em></strong></span> <span class='ocrx_word' id='word_1_342' title='bbox 1064 2811 1227 2899; x_wconf 76' lang='grc' dir='ltr'><strong><em>Ἑβραίων,</em></strong></span> <span class='ocrx_word' id='word_1_343' title='bbox 1254 2812 1307 2874; x_wconf 78' lang='grc' dir='ltr'><strong><em>καὶ</em></strong></span> 
     </span>
     <span class='ocr_line' id='line_1_32' title="bbox 78 2891 1303 2979; baseline 0 -21"><span class='ocrx_word' id='word_1_344' title='bbox 78 2891 110 2959; x_wconf 86' lang='grc' dir='ltr'><strong><em>όν</em></strong></span> <span class='ocrx_word' id='word_1_345' title='bbox 122 2893 197 2958; x_wconf 86' lang='grc' dir='ltr'><strong><em>θεὸν</em></strong></span> <span class='ocrx_word' id='word_1_346' title='bbox 210 2891 371 2977; x_wconf 83' lang='grc' dir='ltr'><strong><em>εὐχόμενοι,</em></strong></span> <span class='ocrx_word' id='word_1_347' title='bbox 384 2897 595 2979; x_wconf 89' lang='grc' dir='ltr'><strong><em>κατέστρωσαν</em></strong></span> <span class='ocrx_word' id='word_1_348' title='bbox 609 2891 661 2957; x_wconf 87' lang='grc' dir='ltr'><strong><em>οὐ·</em></strong></span> <span class='ocrx_word' id='word_1_349' title='bbox 699 2896 792 2973; x_wconf 85' lang='grc' dir='ltr'><strong><em>αυτὸς</em></strong></span> <span class='ocrx_word' id='word_1_350' title='bbox 805 2894 917 2963; x_wconf 79' lang='grc' dir='ltr'><strong><em>αὐτόθι</em></strong></span> <span class='ocrx_word' id='word_1_351' title='bbox 935 2893 1122 2962; x_wconf 77' lang='grc' dir='ltr'><strong><em>καταπαύσω</em></strong></span> <span class='ocrx_word' id='word_1_352' title='bbox 1134 2893 1189 2960; x_wconf 87' lang='grc' dir='ltr'><strong><em>τόν</em></strong></span> <span class='ocrx_word' id='word_1_353' title='bbox 1199 2892 1303 2972; x_wconf 89' lang='grc' dir='ltr'><strong><em>λόγον.</em></strong></span> 
     </span>
     <span class='ocr_line' id='line_1_33' title="bbox 78 2968 1305 3067; baseline 0.001 -27"><span class='ocrx_word' id='word_1_354' title='bbox 78 2975 107 3042; x_wconf 84' lang='grc' dir='ltr'><strong><em>ἐν</em></strong></span> <span class='ocrx_word' id='word_1_355' title='bbox 125 2968 209 3042; x_wconf 71' lang='grc' dir='ltr'><strong><em>τττον</em></strong></span> <span class='ocrx_word' id='word_1_356' title='bbox 222 2975 375 3062; x_wconf 87' lang='grc' dir='ltr'><strong><em>μυριάδων</em></strong></span> <span class='ocrx_word' id='word_1_357' title='bbox 387 2982 477 3061; x_wconf 86' lang='grc' dir='ltr'><strong><em>τριῶν</em></strong></span> <span class='ocrx_word' id='word_1_358' title='bbox 489 2979 540 3041; x_wconf 82' lang='grc' dir='ltr'><strong><em>καί</em></strong></span> <span class='ocrx_word' id='word_1_359' title='bbox 551 3002 661 3042; x_wconf 89' lang='grc' dir='ltr'><strong><em>πεντα-</em></strong></span> <span class='ocrx_word' id='word_1_360' title='bbox 700 2981 731 3023; x_wconf 81' lang='lat'><strong><em>³³</em></strong></span> <span class='ocrx_word' id='word_1_361' title='bbox 743 2985 794 3046; x_wconf 81' lang='grc' dir='ltr'><strong><em>καί</em></strong></span> <span class='ocrx_word' id='word_1_362' title='bbox 812 2986 837 3045; x_wconf 75' lang='grc' dir='ltr'><strong><em>εἴ</em></strong></span> <span class='ocrx_word' id='word_1_363' title='bbox 853 2982 907 3064; x_wconf 83' lang='grc' dir='ltr'><strong><em>μὲν</em></strong></span> <span class='ocrx_word' id='word_1_364' title='bbox 925 2981 1026 3055; x_wconf 85' lang='grc' dir='ltr'><strong><em>καλῶς</em></strong></span> <span class='ocrx_word' id='word_1_365' title='bbox 1043 2981 1095 3045; x_wconf 84' lang='grc' dir='ltr'><strong><em>καὶ</em></strong></span> <span class='ocrx_word' id='word_1_366' title='bbox 1108 2978 1254 3054; x_wconf 87' lang='grc' dir='ltr'><strong><em>εὐθίκτως</em></strong></span> <span class='ocrx_word' id='word_1_367' title='bbox 1267 2981 1305 3067; x_wconf 75' lang='grc' dir='ltr'><strong><em>τῇ</em></strong></span> 
     </span>
     <span class='ocr_line' id='line_1_34' title="bbox 78 3005 1304 3153; baseline 0 -29"><span class='ocrx_word' id='word_1_368' title='bbox 78 3005 212 3145; x_wconf 78' lang='grc' dir='ltr'><strong><em>ιςχίλίων,</em></strong></span> <span class='ocrx_word' id='word_1_369' title='bbox 227 3065 266 3153; x_wconf 79' lang='grc' dir='ltr'><strong><em>τῇ</em></strong></span> <span class='ocrx_word' id='word_1_370' title='bbox 286 3065 343 3126; x_wconf 90' lang='grc' dir='ltr'><strong><em>τοῦ</em></strong></span> <span class='ocrx_word' id='word_1_371' title='bbox 364 3065 441 3126; x_wconf 89' lang='grc' dir='ltr'><strong><em>θεοῦ</em></strong></span> <span class='ocrx_word' id='word_1_372' title='bbox 456 3057 588 3142; x_wconf 87' lang='grc' dir='ltr'><strong><em>μεγάλως</em></strong></span> <span class='ocrx_word' id='word_1_373' title='bbox 614 3058 662 3127; x_wconf 81' lang='grc' dir='ltr'><strong><em>εὐ·</em></strong></span> <span class='ocrx_word' id='word_1_374' title='bbox 700 3060 846 3141; x_wconf 81' lang='grc' dir='ltr'><strong><em>συντάξει,</em></strong></span> <span class='ocrx_word' id='word_1_375' title='bbox 872 3070 965 3131; x_wconf 90' lang='grc' dir='ltr'><strong><em>τοῦτο</em></strong></span> <span class='ocrx_word' id='word_1_376' title='bbox 991 3065 1043 3129; x_wconf 82' lang='grc' dir='ltr'><strong><em>καί</em></strong></span> <span class='ocrx_word' id='word_1_377' title='bbox 1069 3061 1161 3138; x_wconf 84' lang='grc' dir='ltr'><strong><em>αὐτὸς</em></strong></span> <span class='ocrx_word' id='word_1_378' title='bbox 1187 3060 1304 3146; x_wconf 77' lang='grc' dir='ltr'><strong><em>ἤθελον.</em></strong></span> 
     </span>
     <span class='ocr_line' id='line_1_35' title="bbox 79 3145 1306 3233; baseline 0.002 -25"><span class='ocrx_word' id='word_1_379' title='bbox 79 3147 237 3230; x_wconf 88' lang='grc' dir='ltr'><strong><em>ρανθέντες</em></strong></span> <span class='ocrx_word' id='word_1_380' title='bbox 250 3148 415 3227; x_wconf 79' lang='grc' dir='ltr'><strong><em>ἐπιφανείη.</em></strong></span> <span class='ocrx_word' id='word_1_381' title='bbox 441 3145 618 3228; x_wconf 70' lang='grc' dir='ltr'><strong><em>22γενόμενοι</em></strong></span> <span class='ocrx_word' id='word_1_382' title='bbox 630 3145 663 3209; x_wconf 86' lang='grc' dir='ltr'><strong><em>δὲ</em></strong></span> <span class='ocrx_word' id='word_1_383' title='bbox 699 3153 723 3212; x_wconf 78' lang='grc' dir='ltr'><strong><em>εἰ</em></strong></span> <span class='ocrx_word' id='word_1_384' title='bbox 738 3148 769 3214; x_wconf 86' lang='grc' dir='ltr'><strong><em>δὲ</em></strong></span> <span class='ocrx_word' id='word_1_385' title='bbox 783 3147 903 3232; x_wconf 79' lang='grc' dir='ltr'><strong><em>εὐτελῶς</em></strong></span> <span class='ocrx_word' id='word_1_386' title='bbox 916 3152 967 3214; x_wconf 85' lang='grc' dir='ltr'><strong><em>καὶ</em></strong></span> <span class='ocrx_word' id='word_1_387' title='bbox 978 3155 1112 3233; x_wconf 89' lang='grc' dir='ltr'><strong><em>μετρίως,</em></strong></span> <span class='ocrx_word' id='word_1_388' title='bbox 1137 3149 1228 3214; x_wconf 91' lang='grc' dir='ltr'><strong><em>τοῦτο</em></strong></span> <span class='ocrx_word' id='word_1_389' title='bbox 1241 3150 1306 3228; x_wconf 82' lang='grc' dir='ltr'><strong><em>ἐφι-</em></strong></span> 
     </span>
     <span class='ocr_line' id='line_1_36' title="bbox 79 3224 1307 3336; baseline 0.003 -44"><span class='ocrx_word' id='word_1_390' title='bbox 79 3224 120 3292; x_wconf 85' lang='grc' dir='ltr'><strong><em>πὸ</em></strong></span> <span class='ocrx_word' id='word_1_391' title='bbox 131 3232 182 3314; x_wconf 77' lang='grc' dir='ltr'><strong><em>της</em></strong></span> <span class='ocrx_word' id='word_1_392' title='bbox 194 3233 307 3313; x_wconf 90' lang='grc' dir='ltr'><strong><em>χρείας,</em></strong></span> <span class='ocrx_word' id='word_1_393' title='bbox 332 3231 383 3293; x_wconf 84' lang='grc' dir='ltr'><strong><em>καὶ</em></strong></span> <span class='ocrx_word' id='word_1_394' title='bbox 393 3226 468 3311; x_wconf 83' lang='grc' dir='ltr'><strong><em>μετά</em></strong></span> <span class='ocrx_word' id='word_1_395' title='bbox 479 3234 573 3314; x_wconf 79' lang='grc' dir='ltr'><strong><em>χαράς</em></strong></span> <span class='ocrx_word' id='word_1_396' title='bbox 586 3229 662 3296; x_wconf 87' lang='grc' dir='ltr'><strong><em>ἀνα·</em></strong></span> <span class='ocrx_word' id='word_1_397' title='bbox 699 3230 773 3298; x_wconf 84' lang='grc' dir='ltr'><strong><em>κτὸν</em></strong></span> <span class='ocrx_word' id='word_1_398' title='bbox 794 3232 831 3336; x_wconf 72' lang='grc' dir='ltr'><strong><em>ην</em></strong></span> <span class='ocrx_word' id='word_1_399' title='bbox 853 3260 914 3315; x_wconf 88' lang='grc' dir='ltr'><strong><em>μοι.</em></strong></span> <span class='ocrx_word' id='word_1_400' title='bbox 941 3235 972 3276; x_wconf 83' lang='lat'><strong><em>³⁹</em></strong></span> <span class='ocrx_word' id='word_1_401' title='bbox 985 3229 1125 3317; x_wconf 87' lang='grc' dir='ltr'><strong><em>καθάπερ</em></strong></span> <span class='ocrx_word' id='word_1_402' title='bbox 1143 3231 1202 3316; x_wconf 88' lang='grc' dir='ltr'><strong><em>γάρ</em></strong></span> <span class='ocrx_word' id='word_1_403' title='bbox 1226 3230 1307 3296; x_wconf 81' lang='grc' dir='ltr'><strong><em>οἶνον</em></strong></span> 
     </span>
     <span class='ocr_line' id='line_1_37' title="bbox 78 3311 1306 3399; baseline -0.001 -21"><span class='ocrx_word' id='word_1_404' title='bbox 78 3311 193 3388; x_wconf 84' lang='grc' dir='ltr'><strong><em>ὐοντες,</em></strong></span> <span class='ocrx_word' id='word_1_405' title='bbox 220 3316 393 3389; x_wconf 87' lang='grc' dir='ltr'><strong><em>ἐπέγνωσαν</em></strong></span> <span class='ocrx_word' id='word_1_406' title='bbox 419 3311 662 3399; x_wconf 86' lang='grc' dir='ltr'><strong><em>προπεπτωκότα</em></strong></span> <span class='ocrx_word' id='word_1_407' title='bbox 699 3343 870 3396; x_wconf 87' lang='grc' dir='ltr'><strong><em>καταμονας</em></strong></span> <span class='ocrx_word' id='word_1_408' title='bbox 881 3323 987 3389; x_wconf 82' lang='grc' dir='ltr'><strong><em>πίνειν,</em></strong></span> <span class='ocrx_word' id='word_1_409' title='bbox 1013 3311 1152 3389; x_wconf 80' lang='grc' dir='ltr'><strong><em>ῶςαύτως</em></strong></span> <span class='ocrx_word' id='word_1_410' title='bbox 1164 3315 1196 3379; x_wconf 84' lang='grc' dir='ltr'><strong><em>δὲ</em></strong></span> <span class='ocrx_word' id='word_1_411' title='bbox 1208 3316 1259 3377; x_wconf 82' lang='grc' dir='ltr'><strong><em>καί</em></strong></span> <span class='ocrx_word' id='word_1_412' title='bbox 1271 3313 1306 3377; x_wconf 82' lang='grc' dir='ltr'><strong><em>ῦ-</em></strong></span> 
     </span>
     <span class='ocr_line' id='line_1_38' title="bbox 78 3391 1306 3485; baseline -0.002 -25"><span class='ocrx_word' id='word_1_413' title='bbox 78 3393 219 3479; x_wconf 83' lang='grc' dir='ltr'><strong><em>ίικάνορα</em></strong></span> <span class='ocrx_word' id='word_1_414' title='bbox 232 3395 339 3485; x_wconf 73' lang='grc' dir='ltr'><strong><em>σῦντῇ</em></strong></span> <span class='ocrx_word' id='word_1_415' title='bbox 351 3398 516 3476; x_wconf 80' lang='grc' dir='ltr'><strong><em>πανοπλίᾳ.</em></strong></span> <span class='ocrx_word' id='word_1_416' title='bbox 544 3400 660 3472; x_wconf 79' lang='grc' dir='ltr'><strong><em>22γενο-</em></strong></span> <span class='ocrx_word' id='word_1_417' title='bbox 699 3400 761 3481; x_wconf 84' lang='grc' dir='ltr'><strong><em>δωρ</em></strong></span> <span class='ocrx_word' id='word_1_418' title='bbox 786 3392 876 3461; x_wconf 87' lang='grc' dir='ltr'><strong><em>πάλιν</em></strong></span> <span class='ocrx_word' id='word_1_419' title='bbox 899 3396 1052 3478; x_wconf 84' lang='grc' dir='ltr'><strong><em>πολέμιον.</em></strong></span> <span class='ocrx_word' id='word_1_420' title='bbox 1079 3393 1116 3461; x_wconf 80' lang='grc' dir='ltr'><strong><em>ὃν</em></strong></span> <span class='ocrx_word' id='word_1_421' title='bbox 1134 3396 1166 3460; x_wconf 83' lang='grc' dir='ltr'><strong><em>δὲ</em></strong></span> <span class='ocrx_word' id='word_1_422' title='bbox 1191 3391 1306 3480; x_wconf 85' lang='grc' dir='ltr'><strong><em>τρόπον</em></strong></span> 
     </span>
     <span class='ocr_line' id='line_1_39' title="bbox 78 3473 1306 3563; baseline 0.002 -23"><span class='ocrx_word' id='word_1_423' title='bbox 78 3480 142 3559; x_wconf 88' lang='grc' dir='ltr'><strong><em>ένης</em></strong></span> <span class='ocrx_word' id='word_1_424' title='bbox 155 3476 187 3541; x_wconf 82' lang='grc' dir='ltr'><strong><em>δὲ</em></strong></span> <span class='ocrx_word' id='word_1_425' title='bbox 199 3480 330 3556; x_wconf 84' lang='grc' dir='ltr'><strong><em>κραυγῆς</em></strong></span> <span class='ocrx_word' id='word_1_426' title='bbox 342 3477 394 3539; x_wconf 80' lang='grc' dir='ltr'><strong><em>καλ</em></strong></span> <span class='ocrx_word' id='word_1_427' title='bbox 405 3481 551 3560; x_wconf 80' lang='grc' dir='ltr'><strong><em>ταραχῆς,</em></strong></span> <span class='ocrx_word' id='word_1_428' title='bbox 579 3473 662 3542; x_wconf 85' lang='grc' dir='ltr'><strong><em>εὐλό-</em></strong></span> <span class='ocrx_word' id='word_1_429' title='bbox 699 3479 780 3553; x_wconf 83' lang='grc' dir='ltr'><strong><em>σίνος</em></strong></span> <span class='ocrx_word' id='word_1_430' title='bbox 805 3475 892 3545; x_wconf 83' lang='grc' dir='ltr'><strong><em>ῦδατι</em></strong></span> <span class='ocrx_word' id='word_1_431' title='bbox 917 3480 1123 3563; x_wconf 80' lang='grc' dir='ltr'><strong><em>συγκερασθείς</em></strong></span> <span class='ocrx_word' id='word_1_432' title='bbox 1147 3476 1227 3562; x_wconf 75' lang='grc' dir='ltr'><strong><em>ἡδὺς,</em></strong></span> <span class='ocrx_word' id='word_1_433' title='bbox 1254 3480 1306 3543; x_wconf 78' lang='grc' dir='ltr'><strong><em>καί</em></strong></span> 
     </span>
     <span class='ocr_line' id='line_1_40' title="bbox 78 3556 1304 3666; baseline -0.003 -39"><span class='ocrx_word' id='word_1_434' title='bbox 78 3556 193 3624; x_wconf 82' lang='grc' dir='ltr'><strong><em>ουντὸν</em></strong></span> <span class='ocrx_word' id='word_1_435' title='bbox 211 3556 358 3641; x_wconf 81' lang='grc' dir='ltr'><strong><em>δυνάστην</em></strong></span> <span class='ocrx_word' id='word_1_436' title='bbox 374 3563 411 3649; x_wconf 78' lang='grc' dir='ltr'><strong><em>τῇ</em></strong></span> <span class='ocrx_word' id='word_1_437' title='bbox 433 3565 552 3642; x_wconf 83' lang='grc' dir='ltr'><strong><em>πατρίῳ</em></strong></span> <span class='ocrx_word' id='word_1_438' title='bbox 567 3564 661 3650; x_wconf 78' lang='grc' dir='ltr'><strong><em>φωνῇ.</em></strong></span> <span class='ocrx_word' id='word_1_439' title='bbox 698 3567 841 3666; x_wconf 75' lang='grc' dir='ltr'><strong><em>ἐπιτερπῆ</em></strong></span> <span class='ocrx_word' id='word_1_440' title='bbox 865 3563 921 3647; x_wconf 74' lang='grc' dir='ltr'><strong><em>τὴν</em></strong></span> <span class='ocrx_word' id='word_1_441' title='bbox 945 3562 1028 3646; x_wconf 85' lang='grc' dir='ltr'><strong><em>χάριν</em></strong></span> <span class='ocrx_word' id='word_1_442' title='bbox 1054 3560 1202 3639; x_wconf 72' lang='grc' dir='ltr'><strong><em>ἀποτελεῖ,</em></strong></span> <span class='ocrx_word' id='word_1_443' title='bbox 1222 3556 1304 3624; x_wconf 74' lang='grc' dir='ltr'><strong><em>οὕτω</em></strong></span> 
     </span>
     <span class='ocr_line' id='line_1_41' title="bbox 78 3636 1305 3731; baseline 0.002 -26"><span class='ocrx_word' id='word_1_444' title='bbox 78 3643 87 3685; x_wconf 71' lang='lat'>³</span> <span class='ocrx_word' id='word_1_445' title='bbox 100 3642 152 3706; x_wconf 85' lang='grc' dir='ltr'><strong><em>καί</em></strong></span> <span class='ocrx_word' id='word_1_446' title='bbox 160 3642 340 3725; x_wconf 84' lang='grc' dir='ltr'><strong><em>προςέταξεν</em></strong></span> <span class='ocrx_word' id='word_1_447' title='bbox 351 3637 447 3706; x_wconf 77' lang='grc' dir='ltr'><strong><em>ὁκαθ’</em></strong></span> <span class='ocrx_word' id='word_1_448' title='bbox 461 3636 544 3707; x_wconf 78' lang='grc' dir='ltr'><strong><em>άπαν</em></strong></span> <span class='ocrx_word' id='word_1_449' title='bbox 559 3639 662 3726; x_wconf 83' lang='grc' dir='ltr'><strong><em>σῶμα·</em></strong></span> <span class='ocrx_word' id='word_1_450' title='bbox 699 3647 751 3710; x_wconf 87' lang='grc' dir='ltr'><strong><em>καὶ</em></strong></span> <span class='ocrx_word' id='word_1_451' title='bbox 762 3671 799 3709; x_wconf 94' lang='grc' dir='ltr'><strong><em>το</em></strong></span> <span class='ocrx_word' id='word_1_452' title='bbox 813 3651 865 3728; x_wconf 77' lang='grc' dir='ltr'><strong><em>τῆς</em></strong></span> <span class='ocrx_word' id='word_1_453' title='bbox 877 3650 1060 3731; x_wconf 77' lang='grc' dir='ltr'><strong><em>κατασκευῆς</em></strong></span> <span class='ocrx_word' id='word_1_454' title='bbox 1067 3651 1121 3710; x_wconf 91' lang='grc' dir='ltr'><strong><em>τοῦ</em></strong></span> <span class='ocrx_word' id='word_1_455' title='bbox 1131 3642 1223 3723; x_wconf 89' lang='grc' dir='ltr'><strong><em>λόγου</em></strong></span> <span class='ocrx_word' id='word_1_456' title='bbox 1235 3640 1305 3729; x_wconf 85' lang='grc' dir='ltr'><strong><em>τέρ-</em></strong></span> 
     </span>
     <span class='ocr_line' id='line_1_42' title="bbox 78 3723 1303 3827; baseline 0.002 -37"><span class='ocrx_word' id='word_1_457' title='bbox 78 3725 149 3790; x_wconf 78' lang='grc' dir='ltr'><strong><em>ικαὶ</em></strong></span> <span class='ocrx_word' id='word_1_458' title='bbox 161 3728 243 3827; x_wconf 77' lang='grc' dir='ltr'><strong><em>ψυχῇ</em></strong></span> <span class='ocrx_word' id='word_1_459' title='bbox 255 3723 507 3808; x_wconf 71' lang='grc' dir='ltr'><strong><em>πρωταγωνιστὴς</em></strong></span> <span class='ocrx_word' id='word_1_460' title='bbox 518 3724 592 3810; x_wconf 77' lang='grc' dir='ltr'><strong><em>ὑπὲρ</em></strong></span> <span class='ocrx_word' id='word_1_461' title='bbox 601 3730 662 3791; x_wconf 91' lang='grc' dir='ltr'><strong><em>τῶν</em></strong></span> <span class='ocrx_word' id='word_1_462' title='bbox 698 3755 747 3793; x_wconf 90' lang='grc' dir='ltr'><strong><em>πει</em></strong></span> <span class='ocrx_word' id='word_1_463' title='bbox 760 3727 815 3802; x_wconf 82' lang='grc' dir='ltr'><strong><em>τὰς</em></strong></span> <span class='ocrx_word' id='word_1_464' title='bbox 827 3729 922 3803; x_wconf 84' lang='grc' dir='ltr'><strong><em>ἀκοάς</em></strong></span> <span class='ocrx_word' id='word_1_465' title='bbox 939 3733 1002 3793; x_wconf 90' lang='grc' dir='ltr'><strong><em>τῶν</em></strong></span> <span class='ocrx_word' id='word_1_466' title='bbox 1015 3726 1254 3813; x_wconf 84' lang='grc' dir='ltr'><strong><em>ἐντυγχανόντων</em></strong></span> <span class='ocrx_word' id='word_1_467' title='bbox 1265 3731 1303 3814; x_wconf 81' lang='grc' dir='ltr'><strong><em>τῇ</em></strong></span> 
     </span>
     <span class='ocr_line' id='line_1_43' title="bbox 78 3804 1301 3896; baseline -0.001 -20"><span class='ocrx_word' id='word_1_468' title='bbox 78 3810 226 3885; x_wconf 90' lang='grc' dir='ltr'><strong><em>·ολιτῶν,ο</em></strong></span> <span class='ocrx_word' id='word_1_469' title='bbox 239 3805 294 3892; x_wconf 75' lang='grc' dir='ltr'><strong><em>τὴν</em></strong></span> <span class='ocrx_word' id='word_1_470' title='bbox 305 3812 358 3892; x_wconf 77' lang='grc' dir='ltr'><strong><em>τῆς</em></strong></span> <span class='ocrx_word' id='word_1_471' title='bbox 370 3804 484 3890; x_wconf 78' lang='grc' dir='ltr'><strong><em>ἡλικίας</em></strong></span> <span class='ocrx_word' id='word_1_472' title='bbox 496 3807 612 3874; x_wconf 80' lang='grc' dir='ltr'><strong><em>εὐνοιαν</em></strong></span> <span class='ocrx_word' id='word_1_473' title='bbox 624 3814 662 3883; x_wconf 81' lang='grc' dir='ltr'><strong><em>είς</em></strong></span> <span class='ocrx_word' id='word_1_474' title='bbox 699 3806 840 3888; x_wconf 86' lang='grc' dir='ltr'><strong><em>συντάξει.</em></strong></span> <span class='ocrx_word' id='word_1_475' title='bbox 879 3817 1017 3879; x_wconf 80' lang='grc' dir='ltr'><strong><em>ἐνταῦθα</em></strong></span> <span class='ocrx_word' id='word_1_476' title='bbox 1041 3811 1073 3879; x_wconf 85' lang='grc' dir='ltr'><strong><em>δέ</em></strong></span> <span class='ocrx_word' id='word_1_477' title='bbox 1099 3817 1184 3879; x_wconf 77' lang='grc' dir='ltr'><strong><em>ἔσται</em></strong></span> <span class='ocrx_word' id='word_1_478' title='bbox 1212 3810 1301 3896; x_wconf 73' lang='grc' dir='ltr'><strong><em>ἣτε-</em></strong></span> 
     </span>
     <span class='ocr_line' id='line_1_44' title="bbox 78 3888 795 3980; baseline -0.003 -20"><span class='ocrx_word' id='word_1_479' title='bbox 78 3903 209 3980; x_wconf 83' lang='grc' dir='ltr'><strong><em>μοεθνεῐς</em></strong></span> <span class='ocrx_word' id='word_1_480' title='bbox 222 3888 414 3972; x_wconf 80' lang='grc' dir='ltr'><strong><em>διαφυλάξας,</em></strong></span> <span class='ocrx_word' id='word_1_481' title='bbox 427 3889 481 3974; x_wconf 76' lang='grc' dir='ltr'><strong><em>την</em></strong></span> <span class='ocrx_word' id='word_1_482' title='bbox 493 3897 549 3959; x_wconf 90' lang='grc' dir='ltr'><strong><em>τοῦ</em></strong></span> <span class='ocrx_word' id='word_1_483' title='bbox 561 3888 660 3957; x_wconf 92' lang='grc' dir='ltr'><strong><em>Νικά-</em></strong></span> <span class='ocrx_word' id='word_1_484' title='bbox 697 3891 795 3980; x_wconf 80' lang='grc' dir='ltr'><strong><em>λευτη.</em></strong></span> 
     </span>
    </p>

    <p class='ocr_par' dir='ltr' id='par_1_3' title="bbox 78 3971 661 4063">
     <span class='ocr_line' id='line_1_45' title="bbox 78 3971 661 4063; baseline -0.002 -20"><span class='ocrx_word' id='word_1_485' title='bbox 78 4005 144 4063; x_wconf 88' lang='grc' dir='ltr'><strong><em>ορσς</em></strong></span> <span class='ocrx_word' id='word_1_486' title='bbox 163 3973 291 4059; x_wconf 75' lang='grc' dir='ltr'><strong><em>κεφαλὴν</em></strong></span> <span class='ocrx_word' id='word_1_487' title='bbox 309 3971 513 4058; x_wconf 84' lang='grc' dir='ltr'><strong><em>ἀποτεμόντας</em></strong></span> <span class='ocrx_word' id='word_1_488' title='bbox 535 3978 586 4042; x_wconf 80' lang='grc' dir='ltr'><strong><em>καὶ</em></strong></span> <span class='ocrx_word' id='word_1_489' title='bbox 609 3973 661 4063; x_wconf 77' lang='grc' dir='ltr'><strong><em>την</em></strong></span> 
     </span>
    </p>
   </div>
   <div class='ocr_carea' id='block_1_3' title="bbox 549 4238 815 4260">
    <p class='ocr_par' dir='ltr' id='par_1_4' title="bbox 549 4238 815 4260">
     <span class='ocr_line' id='line_1_46' title="bbox 549 4238 815 4260; baseline 0 -9"><span class='ocrx_word' id='word_1_490' title='bbox 549 4238 815 4260; x_wconf 41' lang='grc' dir='ltr'>..Ἢ-η</span> 
     </span>
    </p>
   </div>
   <div class='ocr_carea' id='block_1_4' title="bbox 0 0 1466 4972">
    <p class='ocr_par' dir='ltr' id='par_1_5' title="bbox 0 0 1466 4972">
     <span class='ocr_line' id='line_1_47' title="bbox 0 0 1466 4972; baseline 0 0"><span class='ocrx_word' id='word_1_491' title='bbox 0 0 1466 4972; x_wconf 95' lang='lat' dir='ltr'><strong><em> </em></strong></span> 
     </span>
    </p>
   </div>
  </div>
 </body>
</html>
