2924 4972
172 259 240 332 904
519 251 818 309 ῘΕΖΕΚῙΗΛ
859 233 1077 323 Κεφ.κδ’.24.

349 372 424 431 ΚΕ
435 371 473 428 Φ.
515 368 601 428 ΚΔ.
809 390 862 441 γος
875 372 980 449 κυρίου
993 365 1069 448 πρὸς
1081 361 1125 446 μέ,
1138 362 1239 439 λέγων.
1261 360 1349 425 16υίὲ
1361 359 1417 426 ὀνκ

172 419 258 517 Καὶ
275 451 389 527 ἐγένετο
407 444 497 525 λόγος
515 472 550 512 κα
572 453 618 511 ίσυ
636 444 715 534 πρὸς
731 443 777 531 μέ,
809 448 956 532 θρῶπσυ,
984 447 1050 511 ἰδοὺ
1071 444 1129 524 ἐγῶ
1148 440 1290 550 λαμβάνω
1309 449 1342 508 ἐκ
1361 447 1419 509 σοῦ

173 539 203 600 ἓν
214 538 258 599 τῶ
271 535 327 596 έτει
341 535 385 615 τῷ
399 528 528 613 έννότῳ,
552 473 640 613 λκτῷ
652 533 721 613 μηνὶ
733 536 776 614 τῷ
810 532 850 594 τὰ
870 528 1084 613 ἐπιθυμήματα
1100 532 1161 593 τῶν
1178 527 1349 610 ὀφθαλμῶν
1363 553 1421 592 σου

173 600 303 698 δεκότῳ,
328 609 435 706 δεκάτῃ
458 617 515 677 τοῦ
540 610 644 697 μηνός,
672 613 776 691 λέγων.
810 616 841 678 ἓν
852 611 1018 699 παρατάξει
1022 660 1033 688 ,
1059 610 1095 677 οὖ
1108 609 1149 695 μή
1161 616 1266 712 κσπής,
1294 608 1363 674 οὐδ
1380 609 1420 675 σό

174 698 246 763 ὐἱὲ
271 692 439 782 ἀνθρώπου
464 692 585 779 γράψον
603 701 719 780 σεαυτῷ
739 700 778 771 εἰς
809 696 849 780 μή
867 697 1035 785 κλαυσθῇς,
1060 698 1260 778 17στεναγμος
1277 698 1422 776 αἵματος,

172 781 286 890 ήμέραν
302 778 363 845 ὀπό
377 783 430 862 τής
448 776 558 862 ἡμέρας
570 775 696 861 ταύτης,
722 777 773 860 ἀφ’
810 777 922 860 ὀσφύος
934 783 1048 852 πένθος
1060 781 1122 866 έσῃ.
1137 776 1192 842 οὐκ
1205 782 1291 842 ὲίτται
1301 777 1340 841 τὸ
1353 783 1422 858 τρί·

172 892 209 952 ης
234 864 416 948 ἀπηρείσατο
440 860 577 946 βασιλεὺς
595 861 778 947 Βαβυλῶνος
809 859 894 947 χωμσί
912 886 966 928 σου
986 863 1240 943 συμπεπλεγμένον
1251 862 1302 926 ἐπὶ
1315 857 1358 937 σὲ,
1370 862 1423 924 καί

174 943 443 1031 έπὶἾερσυσαλήμ,
463 941 526 1009 ὀπό
539 948 591 1026 τῆς
603 944 714 1028 ἡμέρας
726 950 779 1028 τής
809 945 849 1009 τὰ
868 940 1047 1030 ὑποδήματά
1066 969 1120 1010 σου
1138 948 1168 1009 έν
1180 957 1243 1018 τοῖς
1255 950 1334 1008 ποσί
1352 969 1422 1021 σου,

175 1029 312 1116 σήμερον.
326 1029 397 1092 3καὶ
410 1025 491 1091 εῑπόν
503 1029 554 1090 ἐπὶ
565 1025 619 1091 τὸν
632 1027 713 1092 οἶκον
723 1028 779 1092 τὸν
811 1027 847 1093 οὐ
859 1027 900 1112 μή
912 1029 1113 1114 παρακληθής
1126 1031 1156 1092 έν
1169 1027 1290 1112 χείλεσιν
1304 1023 1423 1102 αὐτῶν,

173 1116 453 1221 παραπικραίνσντα
460 1107 645 1214 παραβολήν,
651 1113 702 1174 καί
708 1114 779 1196 έρεΐς
810 1113 860 1175 καὶ
872 1112 965 1198 ἄρτον
979 1099 1096 1196 ἀνδρῶν
1108 1110 1145 1176 οὐ
1157 1111 1196 1194 μή
1211 1106 1318 1202 φάνης.
1332 1110 1423 1174 18καί

173 1207 252 1282 ’προς
265 1189 387 1268 αὐτούς.
412 1189 482 1258 τόδε
493 1193 569 1270 λέγει
584 1219 691 1279 κυριος.
713 1198 780 1258 ἐπί-
811 1193 943 1277 έλόιλησα
960 1193 1037 1278 πρὸς
1053 1192 1106 1257 τὸν
1127 1192 1204 1258 λαὸν
1221 1191 1359 1278 τσπρωῒ,
1386 1191 1423 1257 ὃν

176 1303 289 1364 στησον
300 1275 353 1341 τόν
365 1277 484 1362 λέβητα,
498 1279 550 1340 καὶ
562 1279 663 1361 ε”γχεον
674 1280 712 1350 εἰς
725 1274 780 1341 αό-
811 1274 924 1363 τρόπον
948 1274 1112 1342 ἐνετείλατό
1130 1302 1180 1359 μοι
1197 1276 1342 1359 ἑσπέρας,
1370 1277 1424 1341 καὶ

174 1363 228 1429 τὸν
241 1359 337 1465 ὕδωρ,
361 1358 443 1424 *καὶ
458 1358 564 1444 ἔμβαλε
582 1364 621 1434 είς
635 1356 729 1424 αὐτὸν
740 1357 780 1423 τὰ
811 1365 941 1444 ἐποίησα
953 1385 1013 1426 τοπ
1056 1359 1083 1436 ῒ,
1110 1356 1145 1425 ὃν
1162 1354 1276 1443 τρόπον
1289 1357 1423 1441 ἐπετάγη

176 1448 299 1530 διχοτομ
381 1468 415 1519 α,
440 1446 503 1526 πᾶν
524 1439 709 1527 διχοτόμημα
724 1467 780 1506 κα·
811 1468 871 1526 μοι.
896 1445 990 1507 19καὶ
1005 1467 1067 1507 επε
1083 1440 1160 1528 πρὸς
1175 1440 1209 1524 μὲ
1222 1438 1240 1505 ὁ
1254 1438 1337 1517 λαός.
1365 1440 1422 1507 οόκ

175 1529 244 1603 λόν,
263 1551 300 1591 σκ
352 1525 524 1607 ςκσέῶμον
538 1528 780 1609 έκσεσαρκισμένα
812 1525 998 1606 ὀναγγέλλεις
1012 1525 1082 1611 ἡμῖν
1098 1532 1130 1590 τί
1147 1530 1209 1590 ἔστι
1227 1529 1327 1589 ταῦτα
1347 1520 1421 1590 ἃσὺ

176 1608 241 1677 ὀπό
259 1612 319 1672 τῶν
331 1606 430 1673 ὀστῶν
454 1609 512 1683 ὓὲξ
530 1607 693 1674 ἐπιλέκτων
708 1633 781 1692 κτη-
811 1621 921 1689 ποιεῖςς
945 1612 977 1654 ²⁰
989 1612 1040 1674 καὶ
1052 1608 1121 1674 εἶπα
1133 1608 1209 1694 πρὸς
1221 1606 1342 1684 αὐτούς.
1366 1604 1422 1672 λό-

176 1697 237 1760 νῶν
250 1691 434 1775 εἰλημμένων.
451 1693 502 1755 καὶ
515 1686 640 1756 ὖπόκαιε
652 1689 692 1756 τὰ
704 1691 782 1757 ὀστό
811 1719 864 1771 γσς
887 1697 991 1779 κυρίου
1013 1695 1127 1771 ἐγένετο
1144 1688 1221 1776 πρὸς
1237 1690 1289 1774 μὲ,
1315 1692 1419 1770 λέγων.

176 1772 322 1843 ὖποκότω
348 1771 467 1852 αὐτῶν,
494 1776 574 1850 ἐζεσε
596 1775 648 1840 καὶ
667 1771 781 1860 ήφηται
812 1779 841 1820 ²¹
853 1774 938 1841 εἶπόν
953 1773 1031 1861 πρὸς
1046 1772 1101 1840 τόν
1120 1773 1203 1839 οἶκον
1215 1779 1272 1839 τοῦ
1285 1773 1372 1861 ’Ῑσρα
1383 1771 1419 1839 ’λ

177 1861 218 1926 τὰ
235 1855 314 1924 ὀστᾶ
331 1854 422 1939 αότής
440 1860 563 1941 ἐνμέσῳ
577 1855 679 1941 αὐτῆς.
705 1856 781 1923 6διόι
812 1855 883 1925 τόδε
906 1855 982 1938 λέγει
1001 1853 1123 1944 κόρισς..
1142 1857 1208 1923 ἰδοὺ
1228 1857 1286 1935 έγῶ
1303 1802 1419 1963 βηθηλῶ

177 1946 271 2007 τοῦτο
289 1939 360 2006 τόδε
372 1941 447 2017 λέγει
460 1938 568 2023 κόριος.
595 1932 719 2016 ῶπόλις
732 1945 782 2005 al-
811 1940 851 2008 τὰ
864 1938 936 2019 δίγιό
948 1967 1023 2026 μου,
1048 1937 1193 2046 φρύαγμα
1212 1938 1312 2048 λσχόσς
1323 1945 1419 2025 υμῶν,

176 2023 281 2109 μάτων
293 2023 395 2127 λέβης,
414 2026 445 2086 έν
456 2016 484 2106 ᾧ·
495 2026 574 2088 ἐστιν
587 2023 674 2098 ῑόςέν
687 2023 781 2108 αὐτῷ,
811 2021 1024 2111 ἐπιθυμήματα
1049 2026 1216 2107 οφθαλμῶν
1241 2029 1336 2107 υμῶν,
1368 2026 1421 2090 καί

177 2108 230 2173 καὶ
243 2102 261 2169 ὀ
276 2102 320 2180 ίός
332 2131 387 2170 ουκ
399 2106 522 2190 έξήλθεν
534 2107 565 2180 ἐξ
577 2103 682 2188 αότής,
703 2109 782 2172 κατὰ
812 2105 888 2194 ὑπὲρ
898 2100 942 2173 ῶν
950 2109 1100 2191 φείδονται
1110 2113 1144 2173 αἱ
1153 2110 1250 2193 ψυχαὶ
1262 2105 1354 2193 ὑμῶν.
1367 2110 1420 2173 καί

177 2191 266 2275 μῶσς
278 2187 369 2273 αότής
381 2187 535 2272 ἐξήνεγκεν,
553 2187 608 2254 οὐκ
622 2192 723 2256 ἔντεσιν
735 2189 779 2256 ἐπ’
812 2197 843 2257 σί
859 2194 919 2257 υἱοὶ
936 2191 1018 2275 ὑμῶν
1035 2193 1087 2257 καὶ
1103 2196 1138 2257 αἶ
1153 2196 1317 2277 θυγατέρες
1338 2189 1420 2274 ὑμῶν

178 2271 272 2358 αὐτήν
282 2271 399 2359 κλήρος.
416 2270 484 2337 7ὅτι
497 2272 571 2356 αίμσ
583 2270 676 2358 αότής
688 2277 719 2339 ἐν
730 2277 782 2356 μέ·
812 2271 864 2350 οὓς
879 2276 1089 2354 ἐγκατελίπετε,
1101 2280 1132 2340 έν
1145 2279 1279 2381 ῥομφαίᾳ
1290 2280 1420 2341 πεσσῶν·

180 2383 223 2441 σῳ
241 2353 334 2461 αιἰτής
355 2358 446 2432 ἐστιν,
472 2359 521 2421 ἐπὶ
537 2354 717 2442 λεωπετρίαν
733 2360 780 2422 τέ·
811 2383 877 2434 ται,
912 2361 1006 2425 2λκαὶ
1023 2354 1161 2444 ποιήσετε
1177 2356 1213 2424 δν
1229 2354 1347 2444 τρόπον
1364 2383 1418 2423 πε-

178 2465 256 2525 ταχα
282 2435 369 2504 αυτό.
400 2437 456 2504 σιἰκ
481 2441 620 2524 ἔκκέχυκα
637 2437 714 2505 αὐτὸ
733 2442 783 2506 έπλ
811 2448 932 2524 ποίηκα.
952 2438 1017 2507 ὀπό
1030 2438 1177 2525 στόματος
1190 2441 1290 2506 αὐτῶν
1304 2440 1342 2506 οὗ
1354 2469 1419 2507 πα-

178 2521 233 2607 τήν
243 2527 314 2605 χήν,
340 2527 395 2588 τοῦ
412 2518 546 2606 καλόψαι
565 2523 608 2588 ἐπ’
626 2521 701 2588 αὐτὸ
716 2528 782 2609 γήν,
811 2523 1056 2611 ρσκληθήσεσθε,
1078 2528 1128 2590 καί
1140 2523 1231 2608 ὀρτον
1243 2522 1365 2606 ἀνδρῶν
1378 2524 1419 2588 οὐ

178 2607 264 2671 Ι’τοῦ
289 2604 433 2692 ὀναβήιαι
457 2606 556 2689 θυμὸν
575 2611 614 2682 είς
639 2608 782 2691 ἐκδίκησιν
811 2607 960 2690 φόγεσθε,
997 2611 1090 2674 23καὶ
1106 2612 1139 2672 αἱ
1156 2604 1243 2688 κόμαι
1260 2602 1342 2688 ὑμῶν
1362 2608 1419 2669 εἷπί

178 2690 379 2773 ἐκδικηθῆναι.
404 2690 519 2754 δέδωκα
544 2689 580 2753 τὸ
598 2690 672 2772 αἷμα
690 2691 782 2796 αὐτής
811 2695 1005 2778 τήςκεφαλής
1018 2691 1106 2776 ὑμῶν,
1121 2688 1222 2756 καὶτὰ
1236 2685 1420 2771 ὑποδήματα

177 2775 228 2838 ἐπὶ
239 2772 434 2856 λεωπετρίαν,
455 2778 509 2837 τοῦ
523 2773 563 2856 μή
576 2772 712 2857 καλύψαι
726 2801 782 2838 αυ-
812 2775 894 2858 ὑμῶν
907 2780 938 2842 ἐν
950 2790 1014 2852 τοῖς
1025 2779 1113 2843 ποσὶν
1126 2772 1217 2860 ὑμῶν.
1231 2772 1300 2841 οὔτε
1312 2772 1352 2857 μή
1366 2768 1417 2838 κό-

176 2849 224 2920 τό.
238 2853 312 2920 θδιὰ
325 2861 419 2920 τοῦτο
432 2852 502 2920 τάδε
514 2857 589 2932 λέγει
600 2856 708 2942 κύριος.
725 2855 780 2940 κᾷ-
811 2870 928 2944 ψησθε,
947 2860 1017 2925 οὔτε
1028 2859 1070 2944 μή
1083 2857 1243 2943 κλαόσητε,
1269 2860 1319 2921 καί
1331 2861 1419 2922 ἐντα-

176 2937 221 3018 γῶ
234 2939 389 3021 μεγαλυνῶ
402 2938 455 3003 τὸν
467 2935 573 3017 δαλόν,
598 2942 627 2984 ¹⁰
639 2942 691 3004 καὶ
703 2940 782 3023 πλη-
811 2940 938 3027 κήσεσθε
964 2945 996 3006 ἐν
1018 2955 1083 3015 ταῖς
1102 2942 1229 3015 ἀδικίαις
1247 2938 1343 3022 ὑμῶν,
1370 2941 1420 3004 καί

177 3026 261 3086 θυνῶ
274 3021 313 3086 τὰ
326 3020 411 3097 ξύλα,
425 3023 475 3087 καὶ
488 3020 695 3088 ὀνακαόσωτὸ
708 3029 780 3106 πῦρ,
810 3025 1031 3110 παρακαλέσετε
1059 3028 1184 3097 ἕκαστος
1207 3021 1261 3084 τόν
1286 3021 1421 3102 ἀδελφὸν

177 3101 261 3178 ὅπως
274 3109 352 3196 τακῇ
364 3105 403 3168 τὰ
415 3109 504 3189 κρέα,
526 3108 576 3169 καὶ
590 3107 749 3188 έλαττωθή
763 3103 780 3171 ὁ
812 3106 917 3173 αὐτοῦ.
942 3108 975 3150 ²⁴
988 3107 1038 3171 καὶ
1052 3108 1134 3170 ἔσται
1143 3101 1276 3186 Ἰεζεκιήλ
1296 3100 1368 3187 ὑμῖν
1383 3112 1421 3182 εἷς

176 3185 282 3268 ζωμὸς,
300 3190 325 3228 ¹¹
339 3187 390 3249 καὶ
403 3192 457 3269 στή
471 3189 520 3251 ἐπὶ
531 3188 602 3263 τούς
614 3175 782 3275 ὀνθραιέας,
811 3194 907 3275 τέρας,
918 3189 997 3254 κατὰ
1006 3186 1109 3253 πάντα
1119 3186 1179 3251 ὅσα
1188 3191 1320 3269 ἐποίησα
1328 3187 1420 3273 ποιή-

177 3257 447 3366 ὀπωςπρσςκαυθή
460 3271 704 3364 καίθερμανθήό
712 3273 782 3358 χαλ·
811 3296 887 3346 σετε,
912 3269 987 3335 ὅταν
999 3270 1080 3364 έλθή
1092 3274 1205 3348 ταῦτα,
1225 3272 1277 3333 καὶ
1291 3269 1419 3348 ἐπιγνῶ-

176 3350 229 3428 κὸς
241 3351 341 3436 αὐτῆς,
354 3355 406 3417 καί
419 3358 495 3436 τακή
507 3357 629 3438 ἐνμέσῳ
643 3355 782 3440 σίκαθαρ-
811 3365 900 3421 σεσθε
917 3349 991 3419 διότι
1003 3350 1063 3431 έγῶ
1081 3348 1190 3438 κόριος.
1217 3356 1246 3397 ²⁶
1260 3357 1311 3417 καί
1325 3354 1361 3419 σὺ
1376 3354 1420 3419 υἱέ

177 3441 243 3512 σίας
256 3434 361 3523 αιἰτής,
387 3439 437 3502 καλ
462 3425 567 3534 ἐλλίπῃ
584 3438 601 3505 ὁ
620 3437 663 3514 ἰὸς
681 3438 782 3522 αὐτῆς,
812 3432 993 3523 ὀνθρῶπου,
1017 3435 1084 3521 οὐχὶ
1108 3439 1139 3501 ἐν
1163 3442 1200 3528 τῇ
1225 3435 1321 3520 ήμέρᾳ
1343 3435 1421 3502 ὅταν

174 3521 204 3560 ¹²
217 3521 268 3586 καί
285 3521 321 3585 οὐ
334 3520 373 3603 μή
387 3523 494 3614 ίξελθη
507 3524 538 3598 ἐξ
553 3521 644 3605 αὐτῆς
656 3522 750 3597 πολὺς
764 3522 780 3586 ό
812 3517 955 3609 λαμβάνω
971 3519 1026 3604 τήν
1043 3517 1125 3604 ἶσχόν
1136 3519 1206 3605 παρ’
1223 3520 1338 3596 αὐτῶν,
1364 3518 1420 3605 τήν

176 3598 220 3674 ἰός
232 3601 333 3683 αὐτῆς.
345 3602 628 3688 καταισχυνθήσεται
643 3603 660 3670 ὁ
672 3605 716 3679 ἰὸς
725 3603 781 3669 αὖ·
812 3609 938 3690 ἔπαρσιν
950 3608 1002 3687 τής
1011 3600 1175 3687 καυχήσεως
1184 3601 1294 3680 αὐτῶν,
1303 3604 1343 3667 τὰ
1353 3608 1421 3668 ἐπι-

175 3686 241 3763 τῆς,
266 3683 373 3750 13ἀνθ’
397 3679 439 3752 ῶν
461 3690 592 3771 ἐμιαίνσυ
612 3685 656 3752 σό.
684 3690 736 3752 καὶ
751 3694 784 3752 τί
811 3688 978 3773 θυμήματα
995 3686 1161 3789 ὀφθαλμῶν
1174 3686 1286 3760 αὐτῶν,
1299 3690 1350 3750 καὶ
1363 3685 1421 3770 τήν

175 3763 230 3828 ἐὰν
240 3765 280 3849 μή
294 3775 487 3855 καθαρισθής
498 3772 541 3834 ἔτι
555 3774 609 3845 ἕως
620 3762 658 3836 οὗ
671 3771 781 3855 ἐμπλή·
813 3775 940 3857 ἔπαρσιν
960 3776 1055 3855 ψυχῆς
1071 3775 1188 3847 αυτῶν,
1215 3768 1299 3844 υῖοὺς
1317 3768 1422 3833 αὐτῶν

176 3871 220 3910 σω
233 3847 287 3912 τὸν
298 3850 400 3936 θυμόν
411 3843 486 3936 μαὐς
509 3853 607 3932 14έγῶ
620 3849 721 3941 κόρισς
734 3853 782 3918 λε-
811 3858 862 3919 καί
874 3858 1045 3939 θυγατέρας
1058 3852 1170 3927 αὐτῶν,
1188 3854 1219 3896 ²⁶
1232 3856 1262 3916 έν
1273 3856 1311 3934 τή
1322 3851 1421 3938 ήμέρᾳ

176 3925 302 4015 λόληκα,
316 3936 368 3998 καὶ
380 3932 451 4018 ἥξει,
462 3938 514 4001 καὶ
526 3934 652 4020 ποιήσω,
665 3934 701 4001 οὐ
715 3937 782 4002 δια-
811 3939 905 4021 ἐκείνη
924 3935 985 4021 ήξει
1005 3936 1021 4003 ὁ
1040 3933 1263 4018 ὀνασωζόμενος
1280 3924 1358 4020 τ’τρός
1377 3939 1421 4011 σὲ,

176 4014 284 4091 στελῶ,
309 4015 379 4082 οὐδὲ
403 4017 443 4100 μή
470 4015 585 4102 έλεήσω.
623 4018 702 4084 κατὰ
727 4019 782 4094 τὰς
811 4027 868 4085 τοῦ
886 4012 1062 4099 ’ἀναγγεῖλαί
1073 4046 1121 4086 σοι
1136 4008 1318 4095 εἰςτόῶτας
1347 4022 1378 4063 ²⁷
1392 4025 1423 4085 ίν

174 4093 264 4173 ὀδοός
282 4123 352 4172 σου,
378 4099 519 4164 καὶκατὰ
532 4102 572 4167 τὰ
589 4101 782 4185 ένθυμήματό
811 4108 847 4186 τή
871 4100 967 4187 ήμέρηι
994 4108 1088 4191 ἐκείνη
1117 4095 1359 4185 διανοιχθήσεται
1384 4104 1422 4189 u}

175 4204 230 4243 σου
242 4183 331 4264 κρινῶ
344 4205 387 4254 σε,
405 4180 479 4258 λέγει
491 4179 599 4269 κύριος.
626 4186 676 4248 διὰ
688 4191 781 4250 τοῦτο
812 4175 909 4270 σ’τόμα
934 4212 988 4252 σου
1012 4187 1091 4271 πρὸς
1115 4185 1169 4251 τὸν
1186 4182 1420 4266 ὀνασωζόμενον.

174 4257 232 4337 έγῶ
241 4265 330 4345 κρινῶ
345 4285 376 4325 σε
388 4263 466 4328 κατὰ
478 4265 518 4330 τὰ
531 4262 645 4349 αἵματό
654 4292 717 4343 σου,
731 4271 782 4332 καὶ
812 4267 957 4351 λαλ’σεις,
990 4271 1041 4335 καί
1073 4267 1110 4335 οὐ
1133 4266 1174 4352 μή
1200 4267 1422 4361 ὀποκωφωθής

173 4341 252 4406 κατὰ
264 4341 304 4408 τὰ
317 4342 509 4429 ἐνθυμήματόι
522 4373 578 4412 σου
590 4353 679 4431 κρινῶ
692 4375 734 4424 σε,
760 4350 780 4434 ἢ
812 4351 928 4428 οὐκετι,
946 4354 998 4417 καὶ
1010 4356 1062 4435 ὲίνη
1076 4351 1180 4426 αὐτοῖς
1193 4352 1232 4426 εἷς
1247 4347 1355 4435 τέρας,
1369 4356 1421 4420 καί

171 4423 364 4512 ὀκόθαρτος,
391 4425 410 4513 ή
424 4428 589 4516 ὀνομαστή,
606 4433 657 4497 καὶ
669 4432 779 4537 πολλή,
810 4432 1027 4513 έπιγνῶσσνται
1039 4423 1117 4501 διότι
1131 4432 1189 4513 έγῶ
1202 4434 1311 4523 κύριος.

167 4513 227 4575 τοῦ
235 4519 490 4604 παραπικραίιειν.
504 4517 587 4582 15καί
596 4517 712 4595 ἐγένετο
725 4516 779 4581 λσ-

1342 4607 1419 4683 Κεφ.
