2924 4972
447 259 749 319 mmmm
788 252 1003 339 κάπρου.
1284 256 1346 333 901

107 367 302 457 κατάβρωμα,
317 372 354 437 τὸ
367 367 441 454 αἷμά
454 394 507 436 σου
520 373 604 435 ἔσται
617 375 648 435 έν
659 377 713 454 μέ·
743 373 793 437 δία
806 397 877 448 σονς
901 376 926 472 εΙέ
936 367 1131 455 κρατήσουσιν
1144 377 1178 437 αί
1188 376 1280 458 χεῖρές
1293 397 1349 438 σου

107 481 151 538 σῳ
170 460 223 539 τῆς
240 460 295 534 γῆς
314 479 381 520 σου.
407 451 445 518 οὐ
462 453 497 536 μ’
519 457 642 538 γένηταί
658 480 713 519 σου
743 458 774 519 έν
784 466 851 529 ταῖς
860 449 984 537 ἦμεραις
1003 453 1050 527 αίς
1067 452 1126 529 έγὼ
1143 460 1222 521 ποιά
1238 460 1269 522 ἰν
1283 461 1347 534 σοί,Ι

105 545 201 620 μνεία,
217 533 296 602 διότι
308 534 366 613 ἐγώ
380 482 648 620 κάριοςλελάληκα.
744 537 801 614 έγώ
833 533 933 620 κόριος
962 535 1110 619 λελάληκα
1139 539 1190 603 καί
1218 535 1348 622 ποιήσω.

281 624 355 683 KE
367 623 405 681 Φ.
449 615 537 685 KB'.
743 623 770 664 ¹⁵
784 621 834 684 καί
859 621 1045 703 διασκορπιῶ
1063 623 1142 684 οε-ἐν
1160 632 1222 694 τοῖς
1240 624 1348 698 ἔθνεσι,

108 671 190 769 Καὶ
212 703 325 778 ἐγένετο
343 697 432 779 λόγος
451 706 553 788 κυρίου
570 702 649 787 πρὸς
666 701 713 786 μέ,
744 707 795 768 καί
812 705 961 804 διασπεριζν
978 727 1008 767 οε
1025 705 1056 766 έν
1071 713 1135 777 ταῖς
1151 701 1274 788 χώραις,
1298 706 1350 768 καί

107 789 209 863 λέγων.
232 786 311 848 2καί
324 783 361 849 σὺ
375 785 418 849 υἱέ
432 783 713 870 ἀνθράπονείκρι-
744 788 868 870 ἐκλείψει
893 783 913 869 ἡ
939 790 1115 867 ακαθαρσία
1143 811 1196 850 σου
1221 790 1254 851 ἐκ
1279 790 1349 861 σοῦ,

106 881 162 944 νεῖς
174 867 229 951 τὴν
241 863 333 933 πόλιν
345 873 405 932 τῶν
417 864 551 950 αἱμάτων
556 897 569 947 ,·
589 871 639 932 καί
650 897 713 934 πα-
744 872 835 934 16καί
852 864 1148 953 κατακληρονομήσιο
1165 872 1196 933 έν
1217 871 1266 934 σοί
1281 867 1345 934 κατ’

106 950 238 1038 ράδειξον
250 949 328 1043 αὐτῇ
341 946 443 1025 πάσας
453 951 507 1025 τάς
520 949 644 1055 ἀνομίας
656 950 713 1016 αά-
745 952 925 1035 ὀφθαλμοὺς
936 957 999 1017 τῶν
1012 955 1119 1026 ἐθνῶν,
1135 956 1185 1017 καί
1197 949 1350 1029 γνώσεσθε

107 1041 168 1119 τῆς,
191 1035 266 1099 3καί
278 1039 357 1118 ἐρεῖς.
377 1029 448 1099 τάδε
460 1034 537 1112 λέγει
546 1060 647 1119 κυριος
659 1031 712 1099 κό-
742 1033 818 1100 διότι
832 1035 890 1113 ἐγὼ
902 1030 1010 1120 κόριος.
1029 1038 1057 1079 ¹⁷
1065 1036 1118 1100 καί
1128 1039 1243 1112 ἐγένετο
1256 1033 1349 1112 λόγος

107 1145 179 1206 ριος.
198 1109 223 1180 οἶ
239 1111 325 1192 πόλις
337 1120 479 1200 ἐκχέουσα
492 1122 605 1200 α’ίματα
618 1122 648 1183 ἰν
659 1122 710 1200 μέ-
742 1124 845 1204 κνρίον
858 1116 935 1201 πρὸς
946 1119 991 1200 μέ,
1003 1117 1108 1195 λέγων.
1127 1115 1350 1203 18υίέάνθροό·

107 1228 150 1284 σῳ
170 1198 278 1282 αὐτῆς,
305 1204 359 1263 τοῦ
376 1198 477 1265 ἐλθεῖν
494 1202 597 1285 καιρὸν
609 1201 712 1286 αὐτῆς,
742 1228 813 1279 πον,
826 1200 892 1267 ἰδοὺ
901 1200 1037 1278 γεγόνασί
1047 1200 1126 1286 μοιὸ
1137 1199 1219 1277 οίκος
1227 1200 1350 1286 Ἰσραὴλ

105 1285 158 1349 καί
165 1287 296 1349 ποιοῦσα
308 1278 502 1386 ένθυμηματα
514 1283 584 1348 καθ)
596 1286 711 1368 ἑαυτῆς,
743 1284 968 1368 ἀναμεμιγμένοι
980 1283 1088 1360 πάντες
1099 1285 1216 1369 χαλκῷ,
1241 1288 1293 1352 καί
1304 1310 1349 1351 σι-

105 1372 159 1432 τοῐι
176 1370 299 1450 μιαίνειν
317 1363 411 1449 αὐτην
435 1366 496 1431 2ἐν
512 1378 577 1442 τοῖς
595 1372 712 1450 αἵμασιν
743 1365 838 1453 δηρῳ,
864 1370 917 1432 καί
940 1372 1122 1453 κασσιτέρῳ,
1149 1371 1200 1432 καί
1223 1367 1346 1454 μολίβῳ,

107 1448 208 1515 αὐτῶν
230 1448 274 1524 οίς
299 1451 418 1533 ἐξέχεας.
456 1453 712 1534 παραπέπτωκας,
743 1457 774 1518 ἐν
786 1453 868 1535 μέσῳ
881 1449 1023 1537 ἀργυρίου
1039 1450 1263 1533 ἀναμεμιγμένος
1276 1454 1349 1516 ἐστί.

105 1536 157 1599 καί
168 1537 199 1598 ἐν
208 1542 273 1607 τοῖς
285 1529 472 1617 ε’νθνμημασί
479 1559 534 1599 σου
543 1533 587 1609 οίς
597 1537 711 1610 ἐποίεις,
743 1536 770 1578 ¹⁹
785 1531 834 1600 διά
846 1539 940 1599 τοῦτο
952 1534 1051 1612 είπόν,
1077 1534 1148 1599 τάδε
1160 1533 1237 1611 λέγει
1249 1530 1350 1619 κύριος

106 1623 247 1700 έμιαίνον.
260 1616 312 1680 καὶ
325 1615 449 1699 ἤγγισας
460 1614 515 1691 τὰς
527 1615 638 1703 ἡμέρας
647 1644 712 1695 σου,
743 1612 850 1705 κόριος.
877 1615 944 1684 ἀνθ’
962 1607 1003 1680 ὧν
1020 1617 1157 1695 ἐγένεσθε
1170 1623 1207 1693 εἷς
1219 1613 1350 1698 σόγκρα-

106 1702 158 1765 καί
167 1698 272 1784 ἤγαγες
281 1698 384 1785 καιρὸν
397 1703 474 1765 ἐτῶν
484 1725 546 1764 σου.
560 1698 610 1766 διά
619 1706 712 1766 τοῦτο
744 1727 790 1766 σιν
814 1706 899 1784 μίαν,
926 1699 975 1766 διὰ
1000 1706 1093 1767 τοῦτο
1115 1699 1174 1778 ἐγώ
1191 1701 1350 1784 είςδέχομαι

107 1777 223 1849 δέδωκά
244 1807 275 1846 σε
293 1787 332 1858 είς
346 1780 509 1866 ὀνειδισμὸν
526 1796 589 1859 τοῖς
602 1786 712 1861 έθνεσι,
744 1782 816 1865 ὑμᾶς
830 1789 868 1859 εἷς
879 1780 972 1866 μέσον
979 1780 1180 1869 Ἰερουσαλήμ.
1203 1785 1234 1827 ²⁰
1246 1780 1351 1858 καθώς

107 1869 159 1932 καὶ
171 1871 213 1942 εἰς
226 1866 392 1949 έμπαιγμὸν
403 1863 516 1942 πάσαις
525 1880 591 1943 ταῖς
602 1863 712 1952 χώραις
743 1864 896 1953 είςδέχεται
908 1865 1040 1951 ἀργυρος
1047 1915 1057 1941 ,
1082 1870 1134 1932 καί
1148 1866 1273 1951 χαλνδς,
1299 1868 1350 1932 καί

107 1955 200 2024 δταῖς
216 1946 397 2026 ἐγγιζοόσαις
414 1945 489 2034 πρὸς
506 1948 555 2026 σὲ,
579 1952 637 2015 καί
648 1963 712 2026 ταῖς
744 1952 871 2036 σίδηρος,
898 1953 948 2015 καί
962 1956 1145 2034 κασσίτερος,
1168 1951 1219 2015 καί
1228 1945 1350 2035 μόλιβος

106 2031 224 2117 μακράν
239 2028 417 2117 ἀπεχούσαις
429 2031 493 2098 ἀπὸ
507 2039 561 2098 σοῦ
564 2084 574 2112 ,
600 2036 651 2098 καί
662 2036 713 2117 ίμ-
743 2039 783 2110 είς
793 2038 883 2116 μέσον
896 2038 1032 2117 καμίνου,
1057 2037 1114 2099 τοῦ
1129 2037 1294 2116 έκφνοῆσαι
1312 2037 1351 2108 εἰς

107 2119 241 2191 παίξεται
258 2120 289 2180 ἐν
307 2119 357 2181 σοί
375 2112 551 2201 ἀκάθαρτος
568 2113 710 2201 ἡάνομα-
743 2117 821 2183 αὐτὸ
832 2122 894 2202 πῦρ
907 2121 964 2182 τοῦ
975 2121 1169 2202 χωνενθῆναι,
1188 2112 1285 2191 οίίτως
1296 2120 1350 2192 είς-

107 2197 171 2281 στχ,
185 2199 234 2262 καί
244 2196 341 2279 πολλὴ
350 2203 383 2264 ἐν
391 2210 457 2273 ταῖς
466 2198 610 2281 ἀνομίαις.
624 2200 711 2265 2ἰδοὺ
743 2198 867 2282 δέξομαι
879 2205 911 2265 ἐν
922 2198 1000 2292 ἀργῇ
1011 2226 1081 2282 μου,
1103 2204 1154 2265 καί
1166 2199 1288 2273 συνάξω
1299 2200 1352 2266 καί

107 2285 139 2348 οἱ
156 2274 356 2363 ἀφηγούμενοι
374 2282 459 2345 οἴκου
481 2278 618 2364 Ἰσραὴλ,
643 2288 714 2347 έκα-
742 2279 878 2365 χωνεάσω
896 2280 989 2364 ὑμᾶς,
1018 2284 1045 2323 ²¹
1058 2284 1110 2346 καί
1127 2279 1285 2364 έκφυσήσω
1302 2280 1347 2360 ἐφ’

108 2389 178 2437 στος
194 2360 271 2446 πρὸς
283 2362 354 2437 τοὺς
366 2373 509 2464 σνχγενείς
525 2360 621 2428 αὐτοῦ
634 2389 714 2429 συνε-
745 2366 817 2446 ὑμᾶς
834 2366 865 2429 έν
880 2365 953 2448 πυρί
974 2360 1065 2450 ὀργῆς
1076 2389 1149 2445 μου,
1175 2366 1227 2429 καί
1243 2386 1350 2446 χωνεν-

107 2443 240 2528 φέροντο
252 2446 285 2509 έν
297 2449 360 2521 σοί,
386 2444 470 2520 ὁπως
483 2448 619 2529 ἐκχέωσιν
632 2447 713 2528 αἱμα.
743 2451 875 2531 θήσεσθε
888 2448 1012 2530 ἐνμέσῳ
1024 2445 1125 2532 αὐτῆς.
1144 2448 1175 2488 22
1188 2442 1223 2512 ὃν
1234 2441 1351 2530 τρόπον

108 2531 121 2571 ⁷
134 2531 252 2611 πατέρα
268 2530 319 2592 καί
334 2532 449 2612 μητέρα
468 2525 669 2606 ἐκακολόγουν
681 2534 713 2595 ἒν
742 2527 896 2615 χωνεόεται
915 2525 1058 2616 ἀργόριον
1075 2533 1107 2593 έν
1117 2525 1200 2613 μέσῳ
1212 2536 1349 2612 καμίνου,

108 2614 164 2686 σοί,
178 2610 312 2692 καὶπρὸς
320 2612 374 2678 τὸν
383 2608 567 2696 προςιχλυτον
576 2609 712 2699 ἀνεστρὲ-
745 2609 842 2689 οίίτως
858 2610 1081 2696 χωνευθησεσθε
1099 2616 1227 2696 ἐνμέσῳ
1246 2610 1350 2693 αὐτῆς,

107 2721 200 2775 φοντο
214 2699 245 2758 έν
257 2696 381 2770 ἀδικίαις
393 2698 424 2759 ἐν
436 2701 493 2761 σοί.
514 2693 650 2779 ὀρφανὸν
662 2701 713 2762 καί
744 2699 795 2762 καί
807 2691 1009 2772 ἐπιγνώσεσθε
1026 2692 1101 2763 διότι
1114 2691 1174 2773 ἐγὼ
1186 2691 1288 2781 κόριος
1302 2697 1350 2770 ἐξ·

106 2775 199 2863 χηραν
210 2777 468 2854 κατεδυνάστενον,
496 2778 577 2843 8καί
588 2778 627 2843 τά
640 2774 713 2857 ἀγιά
744 2784 809 2864 έχεα
825 2776 880 2846 τὸν
891 2773 993 2862 θυμόν
1009 2806 1067 2863 μου
1086 2779 1129 2861 ἐφ’
1147 2777 1229 2860 ὑμᾶς.
1255 2779 1286 2820 ²³
1298 2780 1350 2844 καί

106 2886 164 2945 μου
176 2863 369 2936 ε’ξουθένονν,
387 2866 439 2927 καί
451 2861 491 2926 τά
505 2857 642 2948 σάββατά
653 2888 713 2947 μον
744 2859 857 2940 ἐγένετο
869 2859 960 2940 λόγος
972 2870 1075 2950 κυρίου
1086 2862 1164 2948 πρὸς
1175 2862 1227 2944 μὲ,
1244 2857 1350 2938 λέγων.

107 2942 263 3031 ε’βεβῆλονν
276 2948 376 3011 ἐνσοί.
390 2934 599 3033 2ἀνδρεςῆσαν
613 2949 645 3012 ἐν
655 2949 712 3022 σοί,
744 2946 776 2989 ²⁴
790 2945 834 3011 υίέ
850 2943 1030 3031 ἀνθρώπου,
1053 2945 1135 3013 είπόν
1157 2945 1242 3029 αὐτῆ.
1267 2944 1305 3010 σὺ
1324 2944 1354 3010 εί

107 3027 191 3104 ὅπως
211 3031 346 3113 ἐκχέωσιν
368 3031 399 3095 έν
417 3031 465 3095 σοί
483 3030 565 3111 αίμα.
597 3034 648 3094 καί
664 3033 713 3095 ε’πί
743 3034 781 3113 γῆ
795 3028 813 3114 η
826 3029 862 3095 οὐ
874 3034 1043 3135 βρεχομένη,
1057 3028 1127 3097 οὐδὲ
1142 3020 1225 3105 ἀετός
1237 3030 1350 3106 ἐγένετο

107 3117 169 3177 τῶν
193 3110 289 3195 ὀρέων
316 3112 429 3197 ἤσθιον
448 3114 498 3177 ἐπὶ
516 3115 579 3188 σοί,
604 3110 713 3179 ἀνόσια
744 3113 839 3179 ἐπίοέ
853 3118 883 3179 ἰν
895 3116 991 3201 ημέρη
1005 3112 1103 3200 ἀργῆς.
1128 3113 1158 3157 ²¹
1171 3104 1207 3199 ἧς
1226 3116 1258 3177 οί
1270 3109 1351 3196 ἀφη-

107 3200 229 3261 ίποίονν
241 3199 363 3300 ἐνμέσῳ
377 3221 444 3262 σου.
462 3198 490 3240 ¹⁰
501 3193 639 3282 αἰσχύνην
651 3224 714 3264 πα-
743 3203 879 3280 γοάμενοι
904 3202 935 3263 ἐν
959 3195 1043 3282 μέσῳ
1061 3196 1154 3282 αὐτῆς
1176 3193 1217 3272 ὡς
1235 3191 1351 3271 λέοντες

107 3277 178 3363 τρός
191 3277 387 3363 ἀπεκαλνῳαν
400 3282 504 3357 ένοοί,
530 3282 581 3345 καί
594 3285 624 3347 ἰν
637 3280 713 3347 ἀκα-
745 3279 903 3368 ἀρυόμενοι
939 3278 1120 3366 ἀρτιάζοντες
1153 3274 1350 3364 ἁρπάγματα,

106 3366 248 3445 θαρσίαις
277 3362 513 3448 ἀποκαθημένην
539 3367 714 3431 έταπείνουν
746 3365 844 3468 ῳνχάς
856 3372 1063 3438 κατεσθίοντες
1075 3369 1106 3428 ἐν
1117 3363 1286 3442 δυναστείᾳ,
1299 3363 1351 3425 καί

107 3447 138 3508 έν
148 3452 203 3509 σοί.
217 3451 368 3519 11ἕκαστος
378 3445 431 3528 τὴν
438 3458 565 3523 γυναῖκα
574 3453 631 3512 τοῦ
640 3449 713 3530 πλη-
745 3442 1350 3532 τιμαςλκτμβόνοντεςααίχιχραίσονέπλη·

107 3532 171 3592 σίον
193 3526 290 3590 αὐτοῦ
308 3527 493 3607 ι’ςνομοῦσαν,
518 3531 570 3592 καί
589 3534 714 3604 ἕκαστος
745 3525 906 3609 θόνθησαν
925 3531 1050 3610 ἐνμέσῳ
1063 3551 1128 3591 σου.
1154 3525 1184 3566 ²⁶
1197 3526 1249 3589 καί
1265 3527 1296 3588 σί
1308 3529 1350 3591 ἴε-

107 3608 160 3690 τίην
173 3604 287 3692 νύμφην
299 3606 394 3673 αὐτοῦ
407 3611 529 3690 ἐμίαινεν
543 3613 575 3673 έν
586 3608 713 3696 ἀσεβείᾳ,
745 3621 802 3695 ρεῖς
819 3608 912 3696 αὐτῆς
927 3607 1083 3716 ἠθέτησαν
1100 3604 1190 3691 νόμον
1207 3633 1279 3713 μου,
1299 3611 1353 3675 καί

108 3693 158 3756 καί
171 3688 712 3775 έίιαστοςτὴνάδελφόηναάτοῦθυγα-
745 3689 901 3798 ηίεβιχλονν
930 3691 971 3760 τά
996 3689 1069 3771 αγιά
1093 3718 1160 3774 μου.
1200 3686 1350 3774 αναμέσον

107 3779 181 3860 τέρα
192 3771 376 3860 τοῦπατρὸς
388 3773 486 3838 αὐτοῦ
501 3777 671 3841 ἐταπείνουν
682 3780 713 3841 έν
745 3782 832 3853 αγίου
844 3779 896 3842 καί
906 3773 1030 3863 βεβήλου
1044 3773 1081 3841 οέι
1095 3771 1276 3851 διέστελλον,
1299 3776 1350 3842 καί

109 3865 167 3924 σοί.
205 3860 335 3944 12διάρα
365 3853 571 3942 ίλαμβάνοοαν
596 3862 628 3923 έν
654 3862 713 3935 σοί,
745 3855 893 3943 ἀναμέσον
914 3856 1093 3945 ἀκαθάρτου
1111 3861 1163 3924 καί
1178 3862 1234 3924 τοῦ
1247 3869 1349 3924 καθα·

109 3939 192 4017 ὅπως
204 3945 343 4027 ἐκχέωσιν
355 3941 438 4024 αίμα.
456 3936 548 4007 τόκον
560 3945 611 4008 καί
621 3942 712 4010 πλεο·
744 3949 800 4028 ροῦ
814 3940 851 4008 οά
864 3943 1040 4019 διέστελλον,
1059 3943 1111 4007 καί
1122 3938 1186 4008 ἀπὸ
1199 3947 1260 4006 τῶν
1275 3946 1350 4029 σαβ-

108 4026 220 4105 νασμὸν
232 4022 438 4111 έλαμβάνοσαν
452 4029 482 4090 ἐν
494 4031 552 4090 σοί.
566 4027 617 4090 καί
631 4053 714 4093 συνε·
743 4022 906 4114 βάτωνμου
916 4023 1350 4109 παροιάλυπτοντοὺςάφθαλ·

109 4109 216 4172 τελέσω
234 4109 400 4174 συντέλειαν
416 4114 522 4183 κακίας
539 4135 592 4174 σου
610 4110 665 4195 τὴν
683 4116 714 4176 έν
743 4108 817 4193 μοέις
832 4110 1004 4186 αὐτῶν,καί
1016 4109 1212 4196 έβεβηλοάμην
1224 4113 1255 4174 έν
1267 4106 1350 4191 μέσῳ

108 4192 350 4276 καταδυναστείη,
363 4190 476 4275 έμοῦδὲ
489 4188 654 4269 ἐπελάθου,
664 4194 711 4258 λέ-
745 4193 854 4261 αάτῶν.
881 4196 910 4237 ²⁷
924 4197 955 4258 οί
966 4193 1103 4298 ἀρχοντες
1120 4191 1213 4278 αὐτῆς
1226 4188 1349 4273 ἐνμέσῳ

109 4300 150 4350 γει
163 4271 271 4358 κύριος.
284 4277 311 4317 ¹³
317 4275 369 4340 ε’ἀν
380 4277 412 4341 δὲ
423 4273 550 4351 πατάξω
561 4271 642 4359 χεῖρά
653 4303 712 4359 μου
745 4276 835 4362 αὐτῆς
850 4273 891 4353 ὡς
902 4273 986 4344 λάκοι
999 4275 1179 4358 ἀρτιάζοντες
1190 4273 1349 4358 ἁρπάγμα-

107 4354 150 4435 ίφ’
166 4358 209 4432 οίς
223 4359 418 4424 συντετελεσαι
432 4359 476 4435 οίς
489 4361 639 4441 ἐποίησας,
661 4361 712 4425 καί
744 4385 797 4435 τα,
823 4365 880 4427 τοῦ
892 4358 989 4446 ἐκχέαι
1003 4363 1086 4444 αίμα,
1103 4356 1187 4433 όπισς
1198 4358 1349 4439 πλεονεξίᾳ

107 4439 157 4504 ἐπὶ
174 4452 236 4514 τοῖς
249 4444 356 4523 α’ίμασί
368 4466 424 4507 σου
442 4453 507 4516 τοῖς
519 4444 712 4546 γεγενημένοις
743 4444 944 4511 πλιονεκτιόσι.
972 4445 1002 4489 ²⁸
1015 4447 1065 4510 καί
1083 4448 1112 4509 οἶ
1126 4444 1278 4525 προφῆται
1292 4437 1350 4504 αά-

109 4525 231 4605 ἐνμέσῳ
244 4549 309 4600 σον,
326 4520 712 4611 12εέίιπσστηοεταιηκαρ-
744 4530 797 4610 τῆς
834 4525 1002 4607 ἀλείφοντες
1037 4522 1148 4600 αὐτοίις
1175 4528 1349 4624 πεσοζινται,

1251 4632 1345 4687 ορων-
