2924 4972
164 210 230 278 ιιο
572 216 798 275 mum
838 203 1013 288 πηνα.

165 365 218 414 τος
228 340 336 403 εἴκοσιν
349 341 409 418 εἷ’τη.
447 337 684 421 4καίιίεββιῦρα
699 332 774 419 γυνη
805 335 856 411 καί
873 332 946 410 δέκα
962 329 1087 417 χιλιάδες
1102 331 1220 419 ἀνδρῶν
1238 330 1338 403 ὀπίσω
1358 335 1417 401 αῦ-

165 425 314 506 προφῆτις
325 419 398 502 γυνη
411 417 577 500 Λαφιδώθ,
594 413 671 500 αῦτη
684 420 775 502 έέιρινε
806 421 870 480 τοῦ.
892 416 920 458 ¹⁶
933 418 985 479 καὶ
997 418 1130 501 ἐξέστησε
1143 409 1242 500 κύριος
1253 413 1307 480 τὸν
1319 415 1417 485 Σισά-

165 505 217 568 τὸν
227 499 350 587 Ἰσραὴλ
363 505 395 567 ἐν
408 505 453 584 τῷ
465 505 560 586 καιρῷ
573 503 680 583 ἐκείνῳ.
704 500 775 564 2καί
806 524 846 582 ρα
858 498 910 562 καὶ
922 495 1022 563 πάντα
1034 497 1074 563 τά
1093 496 1214 583 δέρματα
1227 495 1339 571 αὐτοῦ,
1364 527 1414 565 και

166 583 243 669 αὕτη
261 580 397 668 ἐκάθητο
417 582 477 648 ὑπὸ
497 590 618 664 φοίνικα
630 585 775 668 Δεββῶρα
806 586 909 646 πᾶσαν
920 576 976 664 τὴν
987 607 1082 667 παρεμ
1103 581 1177 665 ολην
1189 577 1286 645 αῦτοῦ
1298 585 1329 645 έν
1342 580 1416 648 στό-

165 667 315 749 ἇναμέσον
330 664 488 752 τῦςῬαμόι
501 668 552 730 καὶ
564 665 711 749 ἁναμέσον
723 669 774 749 της
805 688 876 745 ματι
901 665 1050 749 ῥομφαίας
1082 662 1194 729 νώπιον
1214 660 1337 750 Βαράκ.
1364 669 1416 732 καὶ

165 748 294 833 Βαιθηλ
306 753 338 815 ἐν
352 755 397 833 τῷ
408 749 468 834 ὄρει
486 746 632 834 Ἐφραὶμ,
657 749 708 812 καί
720 745 773 809 ἆν-
806 748 916 834 κατέβη
931 743 1053 832 Σισάρα
1070 743 1225 812 ἐπάνωθεν
1242 752 1297 812 τοῦ
1318 744 1416 834 άρμα-

166 839 285 921 ἐβαινον
296 832 374 916 πρὸς
385 829 479 916 αὐτην
492 836 523 896 οῖ
536 834 595 896 υἱοὶ
604 829 774 915 Ἰσραηλείς
806 854 857 904 τος
870 828 980 903 αὐτοῦ,
1006 830 1059 895 καλ
1074 833 1161 911 ἔφυγε
1178 842 1243 905 τοῖς
1255 833 1345 896 ποσὶν
1358 831 1416 896 αῦ-

165 923 266 1003 κρίσιν.
304 917 382 979 6καὶ
402 912 553 980 ἀπέστειλε
564 917 711 1000 Λεββῶρα
724 915 774 976 καὶ
806 915 869 976 τοῦ.
887 912 916 959 ¹⁰
927 912 980 981 καὶ
990 910 1103 996 Βαράκ
1114 907 1231 979 διώκων
1243 910 1342 978 ὀπίσω
1355 921 1415 980 τῶν

166 997 284 1065 ἐκάλεσε
308 994 362 1065 τὸν
380 996 494 1082 Βαράκ
514 997 579 1061 υἱόν
594 996 724 1099 Ἀβινεὶμ
741 997 774 1059 ἐκ
806 990 948 1081 ἁρμάτων
967 997 1018 1058 καὶ
1041 996 1142 1062 ὀπίσω
1160 1001 1213 1079 τῆς
1226 999 1415 1083 παρεμβολῆς

167 1081 435 1165 ΚάδηςΝεφθαλὶ,
448 1083 499 1145 καὶ
511 1079 571 1145 ελσε
583 1106 660 1160 προς
673 1074 773 1144 αυτόν.
806 1082 862 1154 έως
880 1075 1014 1163 Ἀρισώθ
1038 1083 1098 1144 τῶν
1118 1082 1224 1155 ἐθνῶν.
1263 1082 1314 1153 καὶ
1333 1085 1416 1145 ἔπεσε

166 1164 232 1249 οὐχὶ
245 1163 407 1239 ἐνετείλατο
425 1160 525 1250 κύριος
538 1159 556 1227 ὁ
569 1164 640 1239 θεὸς
654 1157 774 1246 Ἰσραήλ
805 1165 892 1232 πᾶσα
909 1157 1081 1254 παρεμβολὴ
1100 1157 1220 1247 Σισάρα
1242 1165 1273 1226 ἐν
1291 1159 1415 1244 στόματι

167 1275 227 1323 σοι,
253 1249 304 1313 καὶ
330 1243 476 1329 ἀπελεύση
500 1251 541 1321 ,είς
559 1244 631 1331 ὅρος
652 1243 774 1332 Θαβώρ,
806 1246 963 1327 ῥομφαίας.
995 1242 1031 1307 οῦ
1056 1244 1235 1329 κατελείφθη
1260 1248 1315 1319 ἕως
1341 1243 1414 1320 ἑνός.

166 1335 216 1396 καὶ
230 1328 313 1415 ληφη
326 1329 399 1412 μετά
414 1317 540 1394 σεαυτοῦ
553 1330 625 1394 δέκα
641 1323 774 1414 χιλιάδας
807 1328 889 1403 17καὶ
898 1321 1018 1411 Σισάρα
1031 1328 1134 1412 έφυνεν
1146 1339 1211 1403 τοῖς
1220 1328 1310 1393 ποσὶν
1320 1326 1417 1393 αὐτοῦ

167 1413 284 1498 ἀνδρῶν
296 1401 329 1478 ’ἐκ
342 1417 402 1476 τιῦν
412 1416 486 1476 υἶιῦν
499 1413 659 1492 Νεφθαλὶ,
677 1412 728 1483 καὶ
743 1414 774 1475 ἐκ
807 1413 846 1485 εἰς
856 1404 961 1493 σκηνὴν
970 1407 1057 1492 Ἰαηλ
1067 1409 1207 1487 γυναικὸς
1218 1410 1323 1514 Χηβὲρ
1335 1414 1416 1476 ἑταί-

166 1502 228 1560 τιῦν
239 1500 310 1559 υῖιῦν
321 1492 494 1580 Ζαβουλὼν,
506 1495 577 1565 2καέ
586 1491 688 1575 ἐπάξω
697 1491 775 1579 πρὸς
808 1518 863 1578 ρου
875 1497 931 1556 τοῦ
939 1497 1078 1566 Κιναίου,
1090 1488 1137 1558 ότι
1151 1490 1247 1597 εέρηνη
1258 1519 1292 1578 ην
1306 1497 1414 1577 αναμέ-

168 1579 201 1645 σέ
220 1582 260 1653 εἷς
276 1576 331 1642 τόν
348 1571 518 1662 χειμάρρουν
536 1581 639 1642 Κιοιῦν
655 1579 706 1641 ἐπὶ
722 1574 775 1639 τόν
809 1600 864 1648 σον
878 1573 970 1661 Ἰαβὶν
980 1575 1123 1662 βασιλέως
1134 1574 1233 1662 Ἀοωρ
1245 1579 1296 1641 καὶ
1307 1575 1414 1661 ᾇναμέ-

166 1659 285 1746 Σιοάρα
298 1659 430 1746 ἄρχοντα
444 1663 494 1742 της
507 1655 655 1741 δυνάμεως
672 1657 775 1743 Ἰαβὶν,
808 1681 861 1722 σον
886 1663 943 1727 τοῦ
968 1659 1054 1723 οἴκου
1074 1659 1181 1763 Χαβέρ
1204 1666 1260 1725 τοῦ
1279 1667 1413 1730 Κιναίου.

167 1747 219 1808 καέ
237 1744 276 1808 τά
294 1734 415 1828 άρματα
433 1743 529 1806 αὐτοῦ
546 1747 597 1807 καὶ
610 1743 646 1808 τὸ
658 1741 775 1825 πλῆθος
808 1741 837 1783 ¹⁸
850 1742 902 1805 καὶ
926 1739 1051 1825 ἐξῆλθεν
1073 1738 1160 1845 Ἰαηλ
1183 1747 1224 1820 εἰς
1242 1740 1414 1825 συνάντησιν

168 1825 281 1901 αῦτοῦ,
306 1828 357 1891 καὶ
370 1821 546 1909 παραδώσω
560 1823 654 1904 αὐτὸν
667 1830 706 1900 είς
717 1836 776 1908 χεῖ,-
807 1818 936 1909 Σισάρα,
949 1825 1000 1887 καί
1012 1823 1089 1890 εἶπεν
1102 1829 1193 1909 αυτῷ.
1219 1827 1350 1892 έέικλινον
1362 1824 1415 1891 κύ,-

167 1906 223 1996 ράς
242 1934 305 1974 σου.
327 1909 345 1956 2
358 1911 409 1972 καὶ
426 1906 487 1972 είπε
505 1907 582 1993 πρὸς
599 1905 693 1991 αὐτὴν
705 1913 776 1972 Βα-
808 1910 855 1989 ριέ
865 1932 938 1988 μου,
963 1906 1096 1980 έκκλινον
1108 1907 1184 2014 πρὸς
1195 1907 1240 1990 μέ,
1253 1908 1293 1993 μίη
1307 1915 1414 1996 φοβοῦ.

167 1989 234 2079 ράκ.
262 1991 316 2057 ἐάν
332 1996 482 2085 πορευθῇς
497 1987 556 2075 μετ’
577 1996 650 2074 ἐμοῦ
666 1987 776 2076 πορεύ-
809 1991 860 2055 καὶ
877 1989 999 2066 ἐξέκλινε
1016 1987 1093 2075 πρός
1113 1988 1207 2076 αυτίην
1224 1998 1262 2068 εἰς
1274 1991 1329 2075 την
1343 2019 1416 2076 σκη-

168 2101 272 2157 σομαι,
297 2077 348 2139 καὶ
364 2074 417 2139 ἐὰν
429 2075 474 2177 μη
492 2080 643 2169 πορευθῇς
663 2072 700 2139 οῦ
716 2100 777 2140 πο,-
809 2062 869 2156 νόν.
889 2074 941 2138 καὶ
952 2075 1123 2161 περιέβαλεν
1135 2071 1229 2140 αὐτόν
1241 2076 1414 2162 ἐπιβολαίῳ.

167 2155 259 2264 ρεύσο
302 2187 325 2235 ι,
344 2153 391 2223 ότι
404 2183 459 2223 ουκ
473 2154 777 2243 οἷδατηνῇμέρανέν
809 2153 1307 2244 19καὶείπεΣισάραπρὸςαύτην.
1327 2156 1415 2225 πότι-

199 2185 304 2306 εῦοδωϊ
314 2235 413 2327 κύριος
425 2236 478 2306 τὸν
491 2238 680 2343 άνγελονμεέ
692 2244 774 2323 ἐμοῦ.
809 2234 909 2344 σόνμη
927 2238 964 2321 δη
975 2237 1080 2324 μικρὸν
1094 2238 1188 2328 ὕδωρ,
1215 2238 1261 2308 ότι
1275 2242 1415 2326 ἐδίψησα.

271 2267 287 2305 ο

163 2265 240 2423 ἔιιιαί
251 2324 321 2390 εἶπε.
333 2327 516 2410 πορευομένη
529 2349 710 2427 πρρευσρμαι
723 2349 776 2408 με-
809 2348 860 2429 καρ
885 2326 979 2424 ηνοιξε
997 2322 1051 2406 την
1068 2321 1162 2425 ρἰσκόν
1179 2329 1236 2390 τοῦ
1252 2321 1415 2402 γάλακτος,

166 2433 207 2487 τα
221 2412 285 2473 σοῦ.
311 2406 391 2492 πλὴν
409 2415 534 2487 γίνωσκε
552 2432 600 2472 οτι
617 2434 672 2473 ουκ
691 2410 775 2474 ἔσται
808 2430 860 2469 και
885 2408 1021 2471 έποτισεν
1045 2405 1152 2487 αυτόν,
1179 2410 1230 2472 καὶ
1246 2408 1415 2493 περιέβαλεν

166 2491 203 2555 τὸ
216 2487 391 2596 προτέρημά
403 2517 456 2557 σου
476 2492 526 2555 ἐπὶ
538 2491 595 2576 τὴν
608 2488 678 2557 ὁδὸν
691 2488 727 2575 ἣν
739 2489 774 2555 σὺ
809 2485 912 2555 αὐτόν.
937 2491 968 2532 20
981 2493 1032 2555 καί
1049 2489 1110 2555 εἶπε
1123 2488 1200 2577 πρὸς
1213 2490 1308 2576 αῦτην
1320 2491 1413 2557 Σισά·

167 2572 298 2659 πορεῦη,
314 2572 362 2640 ότι
375 2578 406 2642 ἐν
417 2576 491 2659 χειρί
502 2572 639 2652 γυναικός
652 2570 775 2640 ἀποδά-
808 2597 857 2657 ρα.
884 2576 975 2658 στῆθι
988 2573 1024 2656 δη
1038 2576 1089 2638 ἐπὶ
1100 2570 1155 2658 τὴν
1165 2571 1267 2656 θύραν
1280 2579 1332 2660 τῆς
1345 2602 1416 2658 σκη-

128 2720 132 2728 ,
168 2681 248 2722 σεται
264 2647 368 2743 ’κύριος
386 2657 440 2722 τὸν
451 2653 577 2741 Σισάρα.
603 2661 654 2722 καὶ
666 2656 774 2741 ἀνέστη
807 2659 867 2740 νῆς,
880 2658 1029 2721 καλέσσαι
1043 2656 1094 2722 ἐὰν
1107 2655 1182 2744 ἀνὴρ
1193 2659 1270 2749 ἔλθη
1283 2658 1360 2742 πρὸς
1373 2657 1414 2733 σέ,

168 2743 327 2823 Δεββιύρα,
366 2741 417 2802 καὶ
442 2737 595 2822 ἐπορεύθη
619 2740 693 2823 μετὰ
718 2744 776 2805 τοῦ
807 2736 1004 2826 καὶέρωτηση
1019 2767 1066 2816 σε,
1085 2743 1253 2823 καὶεῖστηεέ
1266 2745 1347 2807 ἔστιν
1360 2732 1416 2806 ὦδε

167 2816 279 2906 Βαράκ
299 2823 330 2883 ἐκ
345 2816 416 2884 Κάδ
435 2847 456 2895 ς.
482 2822 512 2863 ¹⁰
523 2824 575 2885 καὶ
590 2819 691 2907 ἐβόησε
704 2827 775 2886 Βα-
808 2819 894 2927 ἀνὴρ,
907 2824 959 2887 καί
971 2813 1053 2907 ἐρεῖς,
1070 2820 1125 2889 οῦκ
1138 2812 1210 2889 ἐστι’.
1236 2826 1263 2870 ²¹
1276 2826 1328 2887 καί
1340 2824 1416 2888 έλα-

167 2903 226 2985 ρόικ
244 2901 298 2967 τὸν
316 2906 419 2990 Ζαβου
452 2900 481 2966 ’ν
498 2904 548 2967 καὶ
566 2900 618 2968 τόν
629 2905 776 2986 Νεφθαλὶ
807 2907 854 2990 βεν
880 2904 957 2988 Ιαηλ
973 2906 1045 2990 γυνη
1066 2904 1170 2994 Χαβὲρ
1186 2905 1240 2970 τὸν
1256 2901 1432 2973 πάσσαλον’

166 2989 199 3050 ἐκ
212 2982 331 3068 Κάδης,
356 2988 407 3050 καί
426 2984 572 3070 ἀνέβησαν
589 2988 667 3052 κατά
679 2985 775 3071 πόδας
807 2992 860 3071 τῆς
878 2995 984 3073 σκηνῆς
1001 2993 1052 3055 καὶ
1069 2992 1158 3097 έθηκε
1175 2989 1228 3073 την
1251 2987 1368 3072 σφῦραν
1386 2993 1417 3054 έν

167 3065 264 3131 αὐτοῦ
277 3069 350 3131 δέκα
365 3064 632 3169 χιλιάδεςὶάνδροῦν,
657 3073 709 3135 καὶ
722 3069 775 3136 ἆν-
806 3072 845 3173 τῇ
856 3074 928 3157 χειρὶ
941 3071 1048 3158 αὐτῆς,
1073 3082 1126 3139 και
1142 3079 1182 3148 είς
1188 3072 1257 3144 ’λθε
1269 3074 1346 3159 πρὸς
1358 3070 1415 3137 σῦ-

166 3153 220 3235 έβη
232 3153 377 3234 Δεββιῦρα
388 3174 441 3232 μετ
464 3156 567 3215 αυτοῦ.
600 3155 626 3202 ²¹
638 3155 690 3218 καὶ
703 3161 773 3219 Χα-
807 3179 860 3219 τον
874 3159 905 3219 ἐν
922 3162 1036 3240 κρυφῆ,
1062 3159 1115 3235 καὶ
1129 3101 1216 3241 έπηίε
1230 3153 1284 3221 τὸν
1296 3151 1415 3236 πάσσα-

165 3232 218 3320 βέρ
243 3229 260 3296 ὁ
280 3238 405 3308 Κιναῖος
425 3237 573 3320 ἐχωρίσθη
590 3233 655 3303 ἀπὸ
672 3242 775 3302 Καινά
808 3237 862 3302 λον
875 3241 905 3301 έν
916 3243 960 3321 τῷ
973 3229 1118 3323 κροτάφῳ
1129 3237 1415 3322 αὐτοῦκαίδιεξηλ-

167 3312 230 3380 άπὸ
243 3320 305 3380 τῶν
319 3321 392 3382 υίιῦν
404 3314 516 3405 Ἰωβάβ
525 3323 661 3407 γαμβροῦ
671 3328 774 3402 Μωυ-
806 3331 861 3386 θεν
873 3325 904 3386 ἐν
915 3327 954 3405 τῆ
966 3349 1013 3425 νη.
1027 3325 1079 3387 καὶ
1091 3321 1184 3398 αὐτὸς
1196 3322 1317 3401 ἐξεστιῦς
1330 3327 1415 3388 ἐσκο-

166 3403 212 3483 σῆ.
244 3402 296 3465 καὶ
312 3403 398 3485 έπηξε
415 3398 470 3484 τὴν
483 3402 589 3508 σκηνην
608 3402 704 3470 αὐτοῦ
719 3408 774 3479 ἕως
806 3399 875 3469 τάθ
896 3455 903 3479 ,
923 3391 974 3469 iaz
986 3409 1130 3471 απέθανε.
1157 3409 1187 3450 22
1200 3407 1251 3470 καί
1263 3403 1330 3471 ἰδοῦ
1344 3410 1413 3469 Βα-

165 3483 252 3570 δρυὸς
264 3481 531 3560 πλεονεκτούντων,
553 3485 572 3569 ηΙ
585 3491 662 3553 ἐστιν
674 3482 775 3571 έχόμε·
806 3486 862 3572 ράκ
876 3432 991 3553 διώκων
1003 3488 1056 3554 τὸν
1067 3489 1203 3574 Σισάρα,
1227 3490 1279 3552 καὶ
1291 3487 1414 3573 ἐξῆλθεν

164 3591 203 3630 να
215 3568 315 3641 Κεδές.
329 3569 413 3632 12καὶ
426 3566 571 3651 ἀνηγγέλη
583 3564 711 3653 Σισάρη,
726 3567 774 3634 ότι
803 3569 889 3655 Ἰαηλ
901 3577 940 3647 εἰς
954 3567 1132 3654 συνάντησιν
1145 3569 1246 3652 αὐτῷ,
1272 3573 1324 3640 καὶ
1336 3569 1414 3635 εἶπεν

166 3647 256 3732 ἀνέβη
276 3649 389 3733 Βαράκ
415 3650 480 3726 υἱός
499 3649 627 3740 Ἀβινεέμ
647 3657 687 3739 353
703 3650 774 3737 ὅρος
807 3651 901 3736 αὐτῷ.
927 3655 1016 3740 δεῦρο
1031 3659 1082 3720 καὶ
1095 3655 1180 3730 δείξω
1193 3681 1241 3719 σοι
1254 3651 1307 3720 τόν
1319 3652 1415 3753 ἄνδρα

170 3726 291 3832 (λαβρόρ.
311 3733 338 3772 ¹³
346 3734 397 3797 καὶ
408 3728 527 3798 ἐκάλεσε
539 3732 659 3822 Σισάρα
671 3733 773 3803 πάντα
807 3734 841 3802 ὃν
854 3738 891 3802 σὺ
904 3741 1004 3821 ζητεῖς.
1030 3741 1081 3802 καὶ
1093 3737 1208 3821 εἶςηλθε
1220 3736 1298 3822 πρὸς
1309 3733 1416 3838 αῦτην.

166 3836 206 3874 τα
224 3837 345 3897 αρματα
361 3813 458 3881 αὐτοῦ
477 3815 636 3884 ἐννακόσια
653 3815 774 3901 ἅρματα
805 3822 858 3885 καὶ
881 3821 947 3886 ἰδοῦ
969 3817 1091 3907 Σισάρα
1115 3823 1283 3905 ἐρ’ῥιμμένος
1306 3842 1413 3903 νεκρος,

167 3894 285 3976 σιδηρᾶ,
311 3898 362 3974 καὶ
379 3894 480 3964 πάντα
493 3897 547 3964 τόν
559 3901 634 3965 λαὸν
645 3900 699 3965 τὸν
711 3896 769 3982 μετ’
806 3905 857 3966 καὶ
870 3899 887 3966 ὁ
898 3899 1052 3979 πάσσαλος
1061 3909 1145 3985 ἐντῷ
1154 3898 1299 3988 κροτάφῳ
1309 3898 1414 3967 αὐτοῦ.

166 3974 261 4076 αῦτοΙῦ
274 3974 477 4063 άπόἈρισὼθ
488 3988 549 4046 τῶν
562 3986 660 4048 ἐθνῶν
672 3987 711 4056 είς
721 3982 774 4047 τὸν
807 3986 892 4048 22καέ
901 3983 1072 4071 έτρόπωσεν
1084 3985 1183 4061 ὁθεὸς
1192 3983 1350 4072 τὸνἿαβὶν
1358 3988 1417 4071 βα-

164 4061 338 4157 χειμαῤῥοην
356 4067 467 4128 Κισῶν.
505 4064 535 4105 ¹⁴
548 4067 600 4128 καί
619 4065 680 4129 εἶπε
697 4070 773 4152 Δεβ-
806 4067 890 4130 σιλέα
903 4068 1034 4135 Χαναὰν
1051 4073 1132 4152 έντῆ
1145 4066 1241 4153 ἡμέρη
1259 4069 1413 4170 έκείνηέβι-

163 4145 249 4226 βώρα
262 4166 337 4225 προς
347 4141 468 4229 Βαράκ.
483 4141 642 4230 ἀνάστηθι,
656 4144 702 4212 ότι
715 4147 773 4213 αἴν’·
805 4161 940 4235 προοθεν
950 4156 1024 4218 υῖιῦν
1034 4140 1166 4237 Ἰσράηλ.
1177 4152 1266 4216 24καὶ
1275 4155 1414 4235 ἐπορεύε-

164 4248 201 4306 τη
214 4219 352 4324 έχῆμέρα,
365 4228 396 4288 ἐν
408 4219 427 4318 ᾗ
440 4228 596 4310 παρέδωκε
609 4227 708 4314 κύριος
720 4232 772 4300 τὸν
804 4257 840 4297 το
857 4237 918 4320 χεὶρ
931 4240 992 4300 τῶν
1009 4240 1081 4300 υἱῶν
1097 4233 1216 4321 Ἰσραὴλ
1230 4235 1414 4320 πορευομένη

164 4312 283 4410 Σισαρα
308 4309 339 4370 ἐν
358 4313 396 4399 τῇ
419 4314 493 4394 χειρί
514 4335 584 4386 σου,
609 4309 656 4378 ότι
673 4313 772 4401 κύριος
803 4320 855 4382 καὶ
871 4320 1094 4423 σκληρυνομένη
1106 4321 1157 4383 ἐπὶ
1176 4316 1271 4402 Ἰιιβὶν
1288 4316 1416 4403 βασιλέα

163 4389 339 4466 ἐξελευσεται
355 4392 531 4476 ἔμπροσθέν
544 4418 605 4460 σου.
632 4400 682 4461 καὶ
696 4425 770 4464 κατ·
805 4401 949 4478 Χαναὰν,
975 4407 1031 4475 ἕως
1057 4426 1093 4465 ου
1118 4399 1344 4486 ἐξωλόθρευσαν
1361 4397 1414 4464 τόν

163 4477 214 4559 έβη
233 4472 345 4560 Βαράκ
362 4474 442 4541 κατὰ
462 4478 518 4541 τοῦ
535 4473 624 4564 ὄρους
648 4481 769 4569 Θαβώρ,
799 4479 893 4570 Ἰαβὶν
904 4484 1030 4572 βασιλέα
1044 4480 1189 4558 Χαναάν,
1335 4570 1370 4630 K

217 4623 222 4634 .
1368 4590 1413 4644 ξφ·
