2924 4972
139 227 203 292 436
289 217 783 289 πΑΡΑΛνιποΜτινοα
803 218 937 279 Am.
980 206 1255 300 ποτάμιαι.

140 375 212 429 γαγε
237 345 394 428 Σαλωμών
419 343 541 429 ἅρματα
567 348 617 408 καί
643 348 749 416 ἱππεῖς,
783 338 836 405 λόν
850 366 902 423 μοι
919 341 1014 426 ἄνδρα
1035 339 1131 421 σοφὸν
1148 343 1198 405 καί
1217 339 1317 407 εἰδότα
1335 352 1393 411 τοῦ

142 436 194 498 καί
212 435 346 509 ἐγένοντο
374 427 459 511 αύτῷ
476 429 557 513 χίλια
575 428 627 490 καί
645 450 750 506 τετρα·
783 429 907 507 ποιήσαι
921 428 952 487 ἐν
965 428 1008 505 τῴ
1020 429 1141 509 χρυσίῳ,
1167 427 1218 488 καὶ
1231 428 1261 489 έν
1275 432 1321 510 τῷ
1333 427 1391 513 άρ-

142 516 231 580 κόσια
253 511 394 597 ἱίρματα,
419 514 472 574 καί
493 508 606 576 δώδεκα
628 508 751 593 χιλιάδες
783 513 889 590 γυρίῳ,
913 508 964 569 καί
983 510 1015 569 έν
1032 511 1074 588 τῷ
1093 505 1204 590 χαλκῷ,
1230 511 1282 572 καί
1298 514 1329 575 ἐν
1347 514 1393 594 τῴ

144 602 267 664 ἰππέων.
296 599 347 660 καί
356 592 511 658 κατελιπεν
524 591 603 657 αὐτὰ
616 596 648 656 ἐν
660 589 750 655 πόλε-
785 586 966 673 σιδήρῳ,καί
979 592 1010 652 έν
1022 595 1058 679 τῇ
1072 588 1226 674 πορφύρᾳ,
1239 594 1289 655 καί
1303 597 1334 659 έν
1347 601 1393 678 τῴ

145 709 175 747 σι
188 686 249 744 τῶν
262 673 413 764 ἁρμάτων,
426 679 477 740 καί
490 673 508 739 ό
521 675 596 748 λαὸς
611 670 684 756 μετά
697 677 751 738 τοῦ
784 678 909 755 κοκκίνῳ
915 720 925 746 ,
939 674 989 735 καί
1001 675 1033 736 ἐν
1045 673 1084 763 τῇ
1098 669 1248 756 ῦακίνθῳ,
1263 680 1314 740 καί
1326 682 1395 741 έπι*

145 763 290 851 βασιλέως
304 754 545 845 ένἸερουσαλήμ.
572 759 750 839 11καίἔθη-
785 750 925 836 στάμενον
946 749 1061 836 γλύψαι
1085 751 1200 839 γλυφήν
1224 758 1298 838 μετὰ
1330 765 1394 824 τῶν

145 871 194 912 κεν
219 840 398 928 όψβασιλεύς
415 839 451 906 τὸ
470 836 613 925 ἀργύριον
638 842 690 904 καί
714 837 752 902 τό
785 842 890 916 σοφοῖν
909 843 969 900 τῶν
984 834 1043 920 μετ’
1065 840 1137 918 ἐμοῦ
1153 841 1184 900 έν
1197 836 1316 923 Ἰούδᾳ,
1341 846 1394 906 καί

147 933 264 1032 χρυσίον
277 922 511 1009 ένἾερουσαλήμ
524 922 565 998 ὡς
577 924 754 1000 λίθους,καί
786 925 817 986 έν
834 918 1029 1046 Ἰερουσαλήμ
1052 916 1074 982 δι’
1094 918 1235 1003 ἡτοίμασε
1255 927 1355 990 Δαυίδ
1375 923 1393 991 ό

146 1037 202 1085 τας
214 1011 334 1096 κέδρους
352 1013 383 1074 έν
401 1013 436 1098 τῇ
448 1006 582 1089 Ἰουδαίᾳ
601 1003 642 1081 ὡς
660 1031 753 1070 συκα-
786 1000 886 1089 πατήρ
897 1028 962 1083 μου.
1021 1005 1072 1066 καί
1085 998 1265 1071 άπόστειλύν
1277 1034 1327 1090 μοι
1341 1007 1392 1085 ξύ-

146 1101 248 1178 μίνους
268 1088 324 1165 τάς
348 1094 379 1156 ἐν
401 1096 438 1172 τῆ
455 1092 554 1181 πεδινῇ
572 1094 612 1164 εἰς
627 1088 753 1170 πλῆθος.
786 1087 826 1151 λα
838 1090 954 1173 κέδρινα
972 1089 1022 1150 καί
1040 1084 1202 1170 άρκεύθινα
1218 1093 1270 1155 καί
1292 1089 1392 1156 πεύκι-

147 1179 240 1240 11καί
254 1174 389 1259 ήέξοδος
406 1163 467 1237 τίῦν
484 1178 586 1236 Ιίππων
598 1169 755 1253 Σαλωμιύν
787 1196 824 1235 να
837 1173 868 1233 ἐκ
886 1175 942 1234 τοῦ
953 1164 1098 1256 Λιβάνου,
1123 1165 1170 1233 ὅτι
1188 1171 1247 1249 ἐγὼ
1266 1173 1335 1239 οἶδα
1352 1172 1394 1251 ὡς

148 1263 179 1338 ἓξ
191 1255 362 1335 Αἰγύπτου,
368 1260 420 1321 καί
433 1253 450 1338 ή
461 1253 529 1339 τιμή
544 1260 604 1318 τῶν
617 1251 755 1338 ἐμπόρων
787 1259 817 1317 οί
830 1253 935 1318 δοῦλοί
950 1279 1003 1317 σου
1020 1253 1115 1322 οἴδασι
1135 1253 1256 1322 κόπτειν
1273 1254 1349 1333 ξύλα
1361 1262 1394 1322 ἐκ

148 1348 205 1408 τοῦ
217 1342 359 1429 βασιλέως
372 1336 563 1424 πορεύεσθαι,
578 1340 629 1403 καὶ
644 1335 757 1423 ήγόρα-
788 1342 845 1401 τοῦ
856 1333 1002 1423 Λιβάνου.
1029 1340 1081 1400 καί
1097 1334 1160 1417 ἰδού
1174 1343 1205 1402 οῖ
1217 1343 1324 1414 παῖδές
1337 1367 1394 1406 σου

149 1429 205 1503 ζον.
231 1427 258 1467 ¹⁷
272 1427 322 1488 καί
348 1426 495 1509 ἐνέβαινον
519 1423 570 1485 καί
595 1424 701 1504 ἰξήγον
725 1424 755 1497 ἐξ
788 1421 860 1501 μετά
873 1427 933 1485 των
948 1422 1065 1485 παίδων
1082 1445 1141 1502 μου
1165 1420 1391 1508 9πορεύσονται

149 1504 312 1584 Αἰγύπτου
329 1502 410 1588 ἅρμα
429 1511 463 1568 ἓν
483 1507 645 1580 ἑξακοσίων
663 1504 756 1585 άργυ-
790 1500 940 1586 ἑτοιμάσαι
954 1530 1002 1585 μοι
1016 1499 1091 1578 ξύλα
1104 1508 1142 1577 εἰς
1155 1503 1288 1586 πλῆθος,
1313 1504 1392 1571 ὅτιὸ

150 1598 226 1677 ρίου,
254 1592 306 1653 καί
317 1592 414 1652 ’ίππον
425 1584 605 1669 πεντήκοντα
619 1590 670 1652 καί
683 1590 757 1651 έκα·
789 1585 869 1661 οἰκος
883 1584 918 1651 δν
936 1585 995 1664 ἐγώ
1008 1587 1157 1668 οἰκοδομῶ
1174 1590 1267 1668 μέγας
1283 1593 1334 1654 καί
1347 1595 1393 1654 ε”ν-

131 1672 204 1739 ’τόν
230 1671 380 1755 άργυρίου.
408 1673 459 1734 καί
484 1667 566 1734 οῦτω
591 1675 667 1735 πᾶσι
693 1682 757 1745 τοῖς
789 1672 883 1745 δοξος.
921 1673 950 1714 ¹⁰
963 1671 1014 1734 καί
1034 1669 1100 1733 ἰδού
1118 1683 1179 1744 τοῖς
1192 1676 1395 1756 ἐργαζομένοις

149 1756 299 1845 βασιλεῦσι
314 1758 546 1830 τιῦνΧετταίων,
559 1755 610 1817 καί
623 1766 688 1828 τοῖς
698 1757 755 1839 βα·
790 1764 852 1827 τοῖς
869 1748 1018 1817 κόπτουσι
1034 1749 1109 1828 ξύλα
1128 1759 1166 1827 είς
1183 1751 1328 1841 βρώματα
1344 1759 1392 1821 δέ·

152 1840 262 1905 σιλεῦσι
279 1842 392 1922 Συρίας
409 1840 441 1900 ἐν
456 1839 554 1923 χερσίν
571 1835 672 1901 αὐτῶν
688 1839 754 1918 έφε-
790 1838 872 1901 δωκα
884 1846 967 1901 οἶτον
980 1841 1019 1910 εἰς
1035 1832 1150 1916 δόματα
1168 1850 1229 1913 τοῖς
1240 1845 1327 1904 παισί
1337 1866 1392 1904 σου

790 1917 887 2002 κόρων
898 1923 998 2002 πυροῦ
1011 1921 1100 1983 εἴκοσι
1106 1916 1252 2066 ἑιλιάδας,
1264 1925 1315 1986 καί
1328 1948 1393 2007 κρι-

341 2009 461 2070 ΚΕΦ.
504 2005 559 2069 Β’.
790 2006 856 2066 θῶν
867 1997 964 2086 κόρων
976 2003 1066 2066 εἴκοσι
1078 2027 1104 2085 χι
1135 2001 1223 2080 άδας,
1248 2007 1299 2071 καί
1311 2007 1394 2071 οἴνου

151 2055 238 2156 Καὶ
250 2087 311 2153 εἰπε
324 2084 480 2170 Σαλωμοίν
494 2091 549 2151 τοῦ
563 2086 756 2168 οἰκοδομῆσαι
788 2087 904 2171 μέτρων
916 2085 1006 2150 εἴκοσι
1019 2085 1159 2169 χιλιάδας,
1165 2091 1216 2152 καί
1228 2088 1328 2154 ἐλαίου
1340 2095 1393 2172 με’-

152 2171 235 2237 οἶκον
247 2175 289 2254 τῷ
303 2168 424 2252 ὀνόματι
438 2171 613 2257 κυρίου,καί
625 2166 707 2233 οίκον
719 2173 756 2261 τῇ
791 2192 869 2270 τρων
881 2169 974 2233 εἴκοσι
991 2167 1133 2254 χιλιάδας.
1158 2175 1183 2212 ¹¹
1196 2173 1248 2234 καί
1259 2171 1320 2240 εἶπε
1332 2180 1394 2237 Χι-

151 2255 286 2404 βρηοιλεία
304 2251 408 2318 αὐτοῦ.
434 2254 513 2316 2καί
530 2248 674 2333 συνήγαγε
690 2256 757 2315 Σα·
790 2276 849 2333 ραμ
873 2250 1008 2337 βασιλεύς
1029 2249 1127 2337 Τύρου
1151 2257 1182 2316 ἒν
1206 2261 1318 2339 γραφή,
1342 2259 1394 2320 καί

196 2338 261 2422 μὼν
277 2332 477 2424 ἑβδομήκοντα
494 2331 627 2418 χιλιάδας
642 2331 757 2414 ἀνδρῶν
790 2334 942 2398 ἀπέστειλε
953 2333 1031 2420 πρὸς
1043 2334 1210 2420 Σαλωμιύν,
1232 2328 1334 2418 λέγων.
1362 2343 1393 2403 έν

152 2417 343 2506 νωτοφόρον,
365 2422 416 2483 καί
430 2414 614 2499 ὀγδοήκοντα
625 2415 757 2502 χιλιάδας
790 2422 834 2498 τῷ
847 2414 1004 2502 άγαπήσαι
1017 2416 1119 2502 κύριον
1131 2417 1184 2483 τὸν
1196 2419 1274 2485 λαὸν
1286 2421 1393 2500 αὐτοῦ,

152 2501 292 2588 λατόμων
303 2507 334 2567 ἐν
346 2505 391 2583 τῷ
402 2500 474 2583 ὄρει,
492 2501 542 2564 καί
555 2503 587 2563 oz
599 2496 755 2566 ἐπιστάται
790 2502 884 2564 ἔδωκε’
901 2526 931 2566 σε
949 2499 994 2566 ἐπ’
1015 2500 1126 2577 αὐτούς
1143 2503 1277 2588 βασιλέα.
1304 2510 1330 2548 ¹²
1343 2511 1394 2570 καί

152 2587 199 2653 ἐπ’
223 2584 323 2652 αύτιῦν
340 2582 488 2669 τριςχίλιοι
506 2579 659 2658 ἑξακόσιοι.
686 2585 756 2647 1καί
789 2581 849 2646 εἰπε
864 2580 977 2670 Χιράμ-
1003 2582 1160 2669 εὐλογητὸς
1178 2583 1278 2692 κύριος
1291 2585 1308 2653 ὃ
1321 2589 1394 2665 θεὸς

152 2669 305 2737 ἀπέστειλε
322 2666 478 2748 Σαλωμών
494 2664 570 2747 πρὸς
584 2664 688 2750 Χιράμ
699 2670 757 2752 βα-
786 2662 922 2749 Ἰσραήλ,
948 2663 981 2741 ὃς
997 2671 1116 2752 ἐποίησε
1134 2667 1187 2734 τὸν
1197 2676 1330 2754 ουρανόν
1342 2677 1393 2737 καί

153 2753 238 2818 σιλέα
255 2745 364 2833 Τύρου,
376 2749 480 2825 λέγων.
498 2745 538 2821 ὡς
551 2751 693 2829 ἐποίησας
704 2775 756 2830 με·
789 2746 841 2830 τήν
851 2754 917 2851 γήν,
930 2746 964 2824 ὃς
974 2751 1063 2814 έδωκε
1082 2756 1127 2835 τῷ
1140 2755 1239 2819 Δαυίδ
1249 2760 1293 2837 τῷ
1305 2759 1394 2841 βασι-

152 2831 192 2899 τά
206 2832 305 2897 Λαυίδ
320 2835 374 2895 τοῦ
392 2826 507 2914 πατρός
523 2855 595 2910 μου,
612 2834 662 2894 καὶ
680 2828 756 2894 άπέ-
787 2829 833 2893 λεί
845 2837 910 2895 υἶον
921 2832 1030 2912 σοφὸν,
1058 2839 1109 2899 καί
1125 2831 1316 2917 ἐπιστάμενον
1328 2843 1399 2902 ε’πι-’

153 2914 267 2991 στειλας
286 2913 373 2996 αύτῷ
390 2915 512 2998 κέδρους
524 2917 578 2974 τοῦ
596 2914 755 2996 οἰκοδομῇ·
789 2911 902 2998 στήμην
928 2917 980 2980 καί
1007 2912 1129 2991 σύνεσιν,
1150 2914 1183 2992 ὃς
1207 2918 1394 3004 οἰκοδομήσει

153 3024 203 3065 σαι
217 3000 314 3078 ἑαυτῷ
328 2997 412 3062 οίκον
429 2999 603 3078 κατοικῆσαι
617 2999 647 3058 ἐν
658 2996 754 3080 αὐτῷ,
788 2994 871 3063 οἰκον
883 3003 926 3080 τῷ
939 3003 1040 3081 κυρίω,
1052 3004 1103 3064 καί
1114 2999 1196 3064 οἰκον
1209 3007 1246 3083 τῆ
1251 3005 1392 3101 βασιλείᾳ

152 3082 226 3144 1καί
240 3078 304 3142 ίδού
318 3076 378 3155 έγιύ
391 3074 409 3142 ὁ
420 3075 485 3152 υίὸς
498 3076 593 3142 αὐτοῦ
606 3079 755 3164 οἰκοδομῶ
789 3077 891 3145 αὐτοῦ.
930 3081 957 3120 ¹³
969 3064 1021 3142 καί
1032 3085 1083 3143 νῦν
1100 3078 1259 3145 ἀπέστειλα
1276 3109 1323 3146 σοι
1336 3084 1391 3146 άν-

153 3161 238 3226 ολκον
263 3165 309 3245 τῷ
325 3155 448 3242 ὀνόματι
466 3166 570 3247 κυρίου
592 3167 669 3226 θεοῦ
686 3190 754 3266 μου,
788 3164 845 3268 δρα
861 3159 956 3238 σοφόν
974 3161 1025 3222 καί
1043 3161 1143 3223 εἰδότα
1160 3158 1271 3226 σύνεσιν
1282 3165 1389 3244 Χιράμ

109 3306 112 3312 .
152 3240 275 3322 ἁγιάσαι
289 3240 383 3309 αὐτὸν
396 3241 480 3328 αὐτῷ
490 3247 546 3309 τοῦ
557 3250 667 3329 θυμιᾴν
679 3250 754 3311 απέ-
788 3271 840 3310 τον
864 3245 980 3327 πατέρα
1002 3266 1069 3321 μου,
1094 3238 1154 3323 11ή
1176 3239 1272 3329 μήτηρ
1290 3242 1388 3308 αὐτοῦ

152 3352 233 3393 ναντι
259 3325 354 3393 αὐτοῦ
377 3333 513 3411 θυμίαμα
535 3331 586 3392 καὶ
608 3325 754 3415 πρόθεσιν
788 3324 853 3393 ἀπὸ
879 3327 1055 3409 θυγατέρων
1081 3325 1154 3402 Δάν,
1167 3328 1217 3391 καί
1242 3327 1260 3391 ὁ
1285 3326 1387 3412 πατήρ

152 3410 329 3486 διαπαντὸς,
356 3415 408 3476 καί
429 3416 484 3477 τοῦ
505 3409 660 3496 ἀναφέρειν
683 3412 753 3477 ὁλο·
788 3410 884 3476 αὐτοῦ
907 3407 981 3497 ἀνήρ
1002 3405 1119 3497 Τύριος,
1145 3407 1244 3476 εἰδότα
1265 3415 1387 3494 ποιήσαι

151 3494 332 3578 καυτώματα
343 3492 630 3577 διαπαντὸςτοπρωί·
638 3497 689 3558 καί
700 3521 754 3559 το-
787 3498 818 3556 έν
829 3502 941 3578 χρυσίῳ
953 3498 1002 3561 καί
1016 3500 1047 3560 ἰν
1059 3495 1199 3583 ἀργυρίῳ,
1213 3497 1264 3560 καί
1276 3498 1306 3559 ἰν
1317 3496 1392 3580 χαλ·

152 3577 256 3659 δείλης,
281 3581 331 3642 καί
344 3581 374 3641 ἒν
392 3589 454 3652 τοῖς
466 3572 636 3662 σαββάτοις,
662 3579 712 3640 καί
724 3579 754 3639 έν
786 3581 830 3676 κρῖ
843 3581 893 3641 καί
905 3582 936 3643 έν
949 3575 1070 3664 σιδήρῳ,
1097 3585 1148 3645 καὶ
1160 3583 1191 3644 ἐν
1203 3579 1312 3654 λίθοις,
1339 3580 1391 3642 καί

151 3670 217 3732 ταῖς
243 3664 417 3744 νουμηνίαις,
442 3662 493 3724 καί
509 3662 541 3722 έν
554 3669 620 3733 ταῖς
634 3659 754 3741 ἑορταῖς
786 3658 892 3733 ξυλοις,
918 3665 969 3724 καί
987 3658 1118 3739 ὑφαίνειν
1136 3668 1169 3727 ἐν
1184 3668 1223 3743 τῆ
1236 3659 1390 3745 πορφύρᾳ,

152 3745 206 3804 τοῦ
219 3747 321 3825 κυρίου
338 3747 415 3807 θεοῦ
431 3740 523 3826 ήμιῦν,
536 3744 575 3814 εἰς
587 3739 640 3805 τὸν
657 3746 753 3805 αἰῶνα
787 3742 838 3803 καὶ
849 3744 881 3805 ἰν
892 3744 930 3829 τῇ
943 3738 1089 3825 ὑακίνθῳ,
1120 3747 1171 3807 καί
1183 3735 1215 3807 ἰύ
1227 3749 1265 3832 τῇ
1276 3742 1390 3827 βύσσῳ,

152 3828 242 3889 τοῦτο
256 3826 305 3888 ἐπὶ
323 3825 377 3890 τὸν
390 3819 520 3910 Ἰσραήλ.
545 3824 625 3886 1καί
640 3818 659 3885 ό
673 3821 754 3894 οὗτος
787 3823 837 3884 καί
849 3825 881 3884 έν
892 3826 936 3899 τῷ
953 3828 1077 3903 κοκκίνῳ
1083 3870 1093 3897 ,
1119 3827 1171 3886 καί
1186 3820 1300 3901 γλύφων
1318 3823 1390 3896 γλυ-

154 3903 188 3970 ὃν
201 3906 259 3984 ἒγώ
272 3909 420 3987 οἰκοδομιῦ
431 3909 532 3988 μέγας,
541 3900 587 3968 ὅτι
599 3908 690 3984 μέγας
701 3897 753 3964 κύ-
787 3899 857 3979 φάς,
880 3904 931 3962 καί
948 3903 1132 3965 διανοεῖσθαι
1150 3907 1252 3965 πᾶσαν
1268 3903 1390 3986 διανόη-

152 3987 328 4073 ριοςδθεός
348 3986 431 4069 ήμῶν
446 3984 531 4065 παρὰ
548 3979 663 4054 πάντας
681 3980 754 4052 τούς
786 4004 844 4054 σιν,
870 3976 980 4045 δσαάν
996 3984 1057 4061 δῷς
1071 3981 1156 4063 αὐτῷ
1173 3982 1247 4063 μετὰ
1261 3989 1323 4048 τῶν
1336 4013 1389 4051 σο-

153 4067 251 4145 θεούς.
290 4070 371 4130 1καί
382 4073 428 4141 τίς
441 4068 547 4169 ἰσχύσει
560 4064 752 4142 οἰκοδομῆσαι
786 4066 853 4143 φιῦν
875 4088 948 4139 σου,
973 4065 1024 4126 καί
1046 4069 1149 4141 σοφοῖν
1169 4067 1266 4129 Δαυίδ
1287 4076 1390 4153 κυρίου

152 4151 236 4231 αὐτῷ
248 4148 347 4222 οίκονς
366 4143 414 4209 ὅτι
426 4146 444 4210 ὃ
456 4143 592 4231 ουρονδς,
605 4145 656 4206 καί
669 4139 687 4204 ὁ
699 4140 752 4206 ού·
785 4170 843 4228 μου
856 4140 974 4230 πατρός
986 4169 1049 4209 σου.
1076 4148 1162 4210 11καί
1174 4152 1226 4211 νῦν
1238 4148 1292 4214 τὸν
1305 4164 1390 4216 σῖτον

151 4231 240 4309 ρανδς
264 4231 319 4290 τοῦ
341 4223 473 4310 ούρανοῦ
496 4226 534 4289 ού
556 4226 678 4306 φέρουσι
699 4223 753 4310 τήν
786 4230 836 4294 καί
847 4226 902 4311 τήν
914 4225 1029 4311 κριθήν,
1043 4230 1094 4293 καί
1105 4228 1141 4294 τὸ
1154 4230 1268 4307 ἔλαιον,
1280 4234 1389 4298 καὶτὸν

149 4308 240 4384 δόξαν
252 4306 357 4372 αὐτοῦ.
395 4309 446 4370 καί
457 4312 503 4380 τίς
515 4304 575 4382 ἐγώ
589 4309 754 4390 οἰκοδομῶν
785 4307 898 4378 οίνονίί
915 4311 994 4376 εἶπεν
1011 4307 1028 4376 ὁ
1048 4307 1148 4397 κύριός
1163 4340 1232 4396 μου,
1250 4315 1389 4381 ἀποστει-

149 4395 233 4475 αὗτῷ
250 4389 349 4467 οίκονς
375 4384 422 4454 ὅτι
440 4386 505 4453 ἀλλ’
533 4389 551 4474 ἢ
570 4396 626 4454 τοῦ
643 4398 754 4475 θυμιᾷν
785 4392 869 4461 λάνω
880 4407 944 4469 τοῖς
956 4397 1061 4460 παισίν
1074 4395 1179 4462 αὐτοῦ.
1205 4396 1388 4483 11καίήμεῖς

149 4478 303 4542 κατέναντι
317 4471 419 4538 αὐτοῦ.
457 4475 535 4541 1καί
547 4478 598 4540 νῦν
610 4471 753 4541 ιίπόστει-
785 4476 914 4564 κόφομεν
931 4474 1007 4555 ξύλα
1030 4483 1061 4544 ἐκ
1079 4486 1134 4547 τοῦ
1151 4476 1290 4568 Λιβάνου
1308 4479 1386 4545 κατά

1287 4589 1386 4630 πασαν
