2924 4972
140 273 181 338 θλ
526 267 672 333 ΕΞΟΔ
687 269 756 329 ΟΣ
794 268 870 342 Κεσ.
883 259 936 336 κ;’.
950 262 1001 326 96.

139 392 210 471 ρεως
222 391 273 468 τῆς
284 388 360 467 μιᾶς,
372 381 533 467 τριάκοντα
544 378 669 465 πήχεων,
694 383 745 445 καί
780 384 813 444 ἐκ
825 384 888 443 τοῖν
900 377 1000 444 ἀπίσω
1012 383 1064 462 τῆς
1078 383 1182 463 σκηνῆς
1194 379 1272 443 κατά
1284 357 1388 464 τὸ-χίεῖ

138 465 289 552 τεσσάρων
300 465 415 551 πήχεων
423 465 461 530 τὸ
470 453 554 550 εύρος
563 470 613 548 τῆς
623 465 746 551 δέρρεως
781 488 832 549 ρος
856 461 893 526 τὸ
918 461 996 547 πρὸς
1018 456 1178 527 θάλασσαν
1202 459 1330 546 ποιήσεις
1354 467 1387 540 ἐξ

139 558 192 637 τῆς
209 556 284 633 μιᾶς.
310 551 347 616 τὸ
366 548 442 614 αύτά
460 550 567 631 μέτρον
585 552 667 613 ἔσται
681 558 746 622 τούς
782 541 915 621 στύλους.
950 546 1044 608 23καί
1055 541 1110 609 δύο
1123 542 1249 620 στύλους
1260 541 1389 630 ποιήσεις

140 638 239 699 ἕνδεκα
265 636 385 719 δέρρεσι.
423 632 504 695 9καί
529 625 668 713 συνάψεις
692 635 746 706 τὰς
781 630 832 694 έπλ
855 632 916 692 τῶν
938 631 1052 706 γωνιῶν
1076 632 1129 712 τῆς
1154 632 1258 711 σκηνῆς
1278 633 1310 692 ἰκ
1328 633 1387 693 τῶν

138 722 223 782 πέντε
235 718 342 801 δέρρεις
354 715 404 778 ἐπὶ
416 711 453 777 τὸ
466 711 558 789 αάτά,
584 715 636 778 καί
647 712 747 790 τάςὲξ
782 709 942 787 ὀπισθίων,
964 709 996 753 ²⁴
1008 712 1059 774 καὶ
1072 713 1155 777 ἔσται
1169 714 1200 789 ἐξ
1213 714 1277 776 ἴσου
1289 707 1387 775 κάτω-

139 803 244 884 δέρρεις
257 799 304 862 ἐπὶ
319 796 356 861 τὸ
369 791 456 861 αύτό.
480 798 532 860 καί
543 791 746 871 έπιδιπλάσεις
780 805 841 859 θεν.
855 792 934 858 κατὰ
944 795 982 858 τὸ
993 791 1070 858 αύτὸ
1084 796 1198 860 έίτονται
1213 796 1269 859 ίσοι
1283 798 1315 859 έκ
1328 798 1389 856 τῶν

139 882 193 966 τήν
210 883 305 966 δέρριτ
320 879 375 963 τήν
393 885 478 963 ἕκτην
495 879 574 944 κατά
585 878 746 965 πρόςωπον
780 877 915 959 κεφαλῶν
939 881 978 951 είς
1003 872 1164 963 σύμβλησιν
1185 884 1263 962 μίαν.
1306 873 1386 941 οὕτω

140 971 191 1048 τῆς
208 967 322 1046 σκηνῆς.
359 963 389 1005 ¹⁰
401 964 453 1026 καί
469 958 597 1046 ποιήσεις
614 959 746 1040 ἀγκύλας
779 955 907 1044 ποιήσεις
919 957 1100 1046 ἀμφοτέραις
1109 972 1176 1036 ταῖς
1185 961 1252 1025 δυσί
1260 966 1386 1039 γωνίαις.

140 1045 320 1132 πεντήκοντα
336 1045 387 1109 ἐπέ
405 1049 462 1110 τοῦ
482 1047 592 1131 χείλους
609 1049 662 1130 τῆς
679 1047 746 1131 δὲρ·
782 1043 841 1107 ἶσαι
866 1045 1010 1107 έστωσαν.
1046 1043 1076 1085 ²⁶
1089 1044 1141 1107 καλ
1165 1046 1281 1107 έσονται
1307 1041 1387 1107 ἀκτώ

139 1135 210 1217 ρεως
222 1134 275 1214 τῆς
285 1133 363 1213 μιᾶς,
372 1133 424 1213 τῆς
433 1127 578 1212 ἀναμέσον
586 1129 666 1194 κατά
675 1149 747 1212 ουμ·
782 1120 900 1202 στύλοι,
924 1128 1021 1189 καλαί
1037 1119 1134 1211 βάσεις
1147 1122 1248 1189 αύτιῦν
1260 1123 1391 1209 ἀργυραῖ

138 1212 237 1301 βολήν.
257 1216 309 1280 καί
320 1209 502 1295 πεντήκοντα
513 1210 646 1291 ἀγκύλας
657 1209 744 1297 ποιή-
781 1209 890 1286 δεκαέξ.
915 1202 971 1273 δύο
988 1203 1087 1294 βάσεις
1105 1212 1151 1291 τῷ
1168 1209 1212 1272 ένλ
1230 1204 1330 1291 στύλῳ
1350 1211 1389 1282 είς

139 1323 193 1373 σεις
206 1298 257 1362 έπλ
273 1300 330 1361 τού
346 1296 457 1380 χείλους
471 1300 523 1378 τῆς
535 1298 671 1419 δέρρεως,
694 1300 747 1375 τῆς
781 1288 935 1378 ἀμφύτερα
946 1291 986 1356 τά
996 1296 1070 1377 μέρη
1081 1289 1189 1367 αύτού,
1200 1293 1252 1355 καὶ
1264 1286 1320 1356 δύο
1324 1285 1389 1394 βά-

139 1377 344 1461 συναπτούσης
352 1383 405 1451 τ”ς
413 1380 557 1462 δευτέρας.
582 1381 746 1460 ικαίπωή-
781 1380 892 1457 οειςτῴ
905 1370 1064 1459 στύλῳτῷ
1075 1377 1125 1439 ένί.
1156 1375 1250 1438 28καὶ
1262 1399 1391 1457 ποιησεις

139 1488 196 1536 σεις
209 1467 325 1546 κρίκους
336 1406 462 1541 χαλκοῦς
480 1453 670 1541 πεντήκοντα.
693 1460 746 1522 καί
780 1459 906 1543 μοχλούς
924 1462 956 1522 ἐκ
973 1455 1070 1535 ξύλων
1087 1452 1228 1543 ἀσήστων
1248 1459 1333 1522 πέντε
1345 1460 1389 1539 τῷ

140 1538 278 1624 συνάψεις
300 1541 372 1616 τούς
392 1545 509 1626 κρίκους
526 1543 560 1604 έκ
576 1544 638 1604 τῶν
655 1539 747 1618 ἀγκυ-
781 1543 823 1605 ἑνί
836 1536 935 1623 στύλῳ
950 1545 982 1606 έκ
995 1545 1051 1605 τού
1063 1539 1127 1615 ένός
1138 1543 1244 1625 μέρους
1255 1545 1308 1624 τῆς
1319 1565 1390 1624 σκη-

139 1629 214 1703 λῶν,
237 1626 290 1690 καί
313 1618 452 1708 συνάψεις
475 1623 531 1698 τάς
551 1624 671 1709 δέρρεις,
696 1624 748 1687 καί
782 1627 847 1709 νῆς,
885 1626 915 1668 ²⁷
927 1625 980 1687 καλ
994 1624 1080 1688 πέντε
1093 1619 1220 1706 μοχλούς
1231 1626 1281 1686 τοῖ’
1290 1619 1388 1705 οτύλῳ

139 1714 223 1776 ἔσται
236 1714 273 1774 έν.
296 1708 387 1771 12καί
399 1701 560 1790 ύποθήσεις
571 1707 608 1772 τὸ
621 1701 747 1771 πλεονά-
782 1711 828 1791 τῷ
847 1708 890 1772 ένλ
906 1705 995 1770 κλίτει
1012 1710 1064 1788 τῆς
1077 1706 1181 1787 σκηνῆς
1197 1709 1242 1786 τῷ
1254 1688 1389 1788 δευτέρῳ,

139 1797 189 1870 ζον
201 1795 232 1856 έν
243 1801 309 1866 ταίς
321 1792 430 1875 δέρρεσι
440 1794 493 1873 τῆς
506 1795 618 1874 σκηνῆς.
632 1787 669 1854 τὸ
682 1787 748 1874 ήμι-
783 1792 834 1856 καί
850 1792 936 1855 πέντε
952 1787 1078 1870 μοχλούς
1093 1791 1139 1871 τῷ
1151 1783 1249 1871 στύλῳ
1261 1791 1307 1871 τῷ
1319 1784 1389 1852 ἀπι-

140 1871 414 1959 συτῆςδέρρεωςτὸ
426 1868 748 1956 ύπσλελειμμελιονύπο·
783 1879 861 1956 σθίῳ
885 1875 931 1954 τῷ
947 1870 1036 1935 κλίτει
1052 1872 1104 1975 τῆς
1123 1874 1227 1952 σκην”ς
1251 1875 1297 1935 τοί
1313 1870 1391 1957 πρὸς

140 1954 281 2040 καλύιμεις
290 1961 329 2030 είς
338 1955 376 2019 τὸ
385 1951 544 2033 πλεονάζον
553 1962 614 2023 τῶν
625 1959 748 2044 δέρρεων
781 1952 952 2021 θάλασσαν.
989 1954 1021 1995 ²⁸
1034 1978 1085 2017 και
1107 1949 1124 2017 ὁ
1142 1898 1250 2036 μοχλὸς
1267 1937 1285 2018 ἀ
1302 1957 1389 2036 μέσος

138 2045 192 2124 τῆς
218 2044 330 2123 σκηνῆς.
356 2035 557 2124 ύποκαλύψεις
574 2038 674 2105 ὀπίσω
695 2044 748 2124 τῆς
783 2037 928 2121 ἀναμέσον
943 2040 1003 2101 τῶν
1018 2032 1134 2103 στύλων
1145 2039 1312 2103 διΐκνείσθω
1325 2035 1390 2102 ἀπὸ

141 2128 255 2208 σκηνῆς.
274 2125 301 2164 ¹³
313 2126 407 2205 πῆχυν
419 2125 453 2185 έκ
461 2119 580 2198 τούτου,
591 2125 644 2188 καί
654 2128 749 2209 πῆχυν
782 2126 838 2187 τού
855 2118 920 2196 ἑνὸς
936 2120 1052 2194 κλίτους
1070 2125 1108 2196 είς
1122 2119 1158 2184 τὸ
1172 2125 1271 2205 ἕτερον
1282 2120 1388 2195 κλίτσς.

142 2211 174 2272 έκ
201 2200 325 2281 τούτου,
350 2208 384 2269 έκ
407 2207 463 2270 τού
481 2201 672 2292 ὑπερέχοντος
687 2209 749 2271 τῶν
783 2206 814 2248 ²⁹
828 2205 880 2268 καί
906 2201 977 2279 τούς
1006 2198 1130 2278 στύλους
1159 2199 1390 2290 καταχρυσώσας

653 2294 660 2313 Ι

142 2291 337 2389 δέρρεων,”ίκ
353 2292 409 2354 τοῦ
426 2284 536 2373 μήκους
552 2292 750 2391 τοῖνδερρεωχ
781 2293 899 2375 χρυσίῳ.
923 2288 974 2351 καί
991 2285 1061 2361 τοὺς
1078 2288 1250 2365 δακτυλίους
1260 2281 1391 2371 ποιήσεις

141 2379 320 2521 τῆςισκηνης.
334 2374 414 2436 ἔσται
428 2368 635 2451 συγκαλύπτον
647 2375 698 2437 ἐπὶ
710 2397 749 2436 τα
782 2374 918 2457 χρυσοῦς,
931 2376 970 2446 είς
982 2367 1034 2473 οὓς
1046 2370 1243 2447 είςάξειςιτούς
1251 2367 1388 2456 μοχλούς.

142 2484 166 2520 π
185 2481 257 2534 αγια
269 2459 335 2540 τῆς
346 2486 348 2491 ·
358 2460 461 2539 σκηνῆς
486 2460 569 2523 ένάεν
587 2458 639 2523 καλ
657 2459 749 2534 ἐνθεν,
783 2456 835 2520 καί
850 2479 1085 2542 καταχρυσωσεις
1097 2454 1308 2559 τούςμοχλούς
1319 2479 1390 2540 χρυ-

44 2576 46 2580 ⁴
142 2546 190 2604 ’ίνα
204 2534 347 2624 καλύπτη.
370 2540 400 2583 ¹⁴
412 2542 463 2605 καί
475 2537 604 2626 ποιήσεις
616 2535 750 2606 κατακά-
784 2545 847 2623 σίῳ.
885 2540 917 2583 ³⁰
935 2540 987 2604 καλ
1011 2535 1180 2622 ἀναστήσεις
1208 2561 1262 2621 την
1286 2537 1391 2620 σκηνῆν

142 2623 239 2705 λυμμα
255 2626 293 2714 τῆ
310 2613 401 2716 δκηνῆ
421 2624 552 2705 δέρματα
570 2629 661 2708 κριῶν
676 2623 750 2707 ήρυ-
783 2620 862 2687 κατά
874 2620 910 2686 τδ
921 2621 997 2697 εἶδος
1010 2619 1046 2685 τὸ
1059 2622 1232 2702 δεδογμένον
1244 2647 1290 2688 σοι
1303 2625 1333 2686 έν
1344 2624 1391 2704 τῷ

143 2706 366 2790 θροδανωμένα,
383 2705 435 2767 καί
445 2699 671 2784 ἐπικαλύμματα
683 2708 750 2787 δέρ·
785 2704 852 2787 ὄρει.
878 2705 970 2766 31κοιλ
987 2699 1117 2784 ποιήσεις
1133 2706 1390 2786 καταπέτασμαέξ

143 2811 224 2868 ματα
235 2782 393 2848 ύακίνθινα
402 2781 564 2848 έπάνωθεν.
576 2783 751 2867 18καλποιή-
785 2783 939 2858 ὑακίνθου,
952 2787 1003 2847 καί
1014 2783 1181 2893 πορφύρας,
1194 2789 1245 2853 καλ
1256 2792 1387 2853 κοκκίνου

144 2893 200 2943 σεις
230 2861 355 2941 στύλους
383 2869 435 2948 τῆς
459 2870 563 2951 σκηνῆς
592 2869 625 2930 ἔκ
655 2862 752 2944 ξύλων
784 2865 995 2970 κεκλωσμένσυ,
1020 2894 1072 2932 και
1083 2864 1197 2954 βύσσου
1215 2872 1388 2953 νενησμένης.

144 2949 297 3033 ἀσήπτων.
312 2951 341 2994 ¹⁰
351 2951 423 3015 δέκα
435 2944 550 3032 πήχεων
558 2947 686 3034 ποιήσεις
696 2948 751 3015 τάν
784 2952 870 3032 έργον
887 2949 1019 3032 υφαντὸν
1037 2948 1163 3036 ποιήσεις
1182 2951 1257 3021 αύτά
1272 2960 1382 3041 Χερου

144 3036 251 3100 στύλον
266 3035 321 3098 τὸν
336 3038 403 3104 ἕνα,
426 3034 478 3095 καὶ
492 3029 607 3116 πήχεως
624 3033 687 3108 ένάς
699 3035 751 3098 καί
782 3037 841 3119 βίμ.
865 3033 895 3074 ³²
907 3037 957 3096 καί
970 3029 1117 3118 ἐπιθήσεις
1132 3036 1208 3101 αὐτὸ
1222 3039 1273 3105 ἐπὶ
1284 3033 1388 3104 τεσσά-

143 3114 264 3200 ῆμίσους
287 3115 325 3178 τὸ
350 3109 464 3189 πλάτος
488 3120 546 3180 τού
568 3111 675 3180 στύλσυ
693 3120 749 3182 τοῦ
783 3138 844 3203 ρων
868 3111 981 3180 στύλων
1006 3114 1149 3202 ἀσήστων
1170 3124 1390 3206 κεχρυσωμένων

142 3195 215 3274 ἑνός.
252 3200 280 3242 ¹⁷
293 3192 347 3262 δύο
366 3195 566 3274 ἀγκωνίσκους
584 3203 628 3283 τῷ
650 3196 750 3282 στύλῳ
782 3204 900 3284 χρυσίῳ.
918 3200 977 3264 καὶ
995 3205 1028 3264 αί
1040 3204 1191 3285 κεφαλίδες
1208 3201 1384 3307 αύτῶνχρυ-

141 3287 185 3366 τῷ
199 3283 255 3355 ἑνί,
277 3278 507 3358 ἀντιπίπτοντας
519 3287 617 3370 ἕτερον
629 3288 673 3368 τῷ
685 3285 749 3347 ἑτέ·
784 3293 844 3358 σαῖ,
858 3283 909 3346 καί
921 3287 954 3347 αἱ
965 3280 1063 3370 βάσεις
1076 3285 1176 3352 αὐτῶν
1184 3289 1323 3372 τέσσαρες
1332 3311 1387 3371 αρ-

141 3392 194 3448 ρῳ.
220 3360 302 3430 ούτω
320 3360 450 3444 ποιήσεις
467 3369 541 3432 πᾶσι
555 3378 618 3444 τοῖς
630 3363 749 3442 στύλοις
781 3376 878 3476 γυροί.
904 3366 933 3408 ³³
946 3370 997 3432 καί
1009 3367 1108 3452 θήσεις
1123 3365 1160 3434 τά
1172 3372 1388 3451 καταπέτασμα

141 3453 194 3534 τῆς
211 3452 322 3533 σκηνῆς.
360 3451 457 3515 18καὶ
479 3447 606 3536 ποιήσεις
625 3445 749 3525 στύλους
782 3453 833 3513 έπι
857 3453 917 3513 τοῖν
942 3448 1065 3516 στύλον.
1104 3454 1155 3517 καί
1181 3457 1305 3530 ελςοίοεις
1331 3456 1390 3517 ἐκεῖ

140 3537 178 3624 τῆ
191 3538 297 3617 σκηνῆ,
320 3533 423 3598 εἴκοσιν
435 3531 559 3608 στύλους
571 3538 604 3598 ἐκ
616 3537 673 3597 τού
685 3533 749 3596 κλί-
782 3526 925 3618 ἐσώτερον
936 3538 993 3599 τού
1004 3531 1269 3619 καταπετάσματος
1281 3536 1334 3619 τήν
1343 3562 1387 3599 ιιι·

141 3642 209 3715 τομς
227 3608 283 3680 τού
299 3615 377 3701 πρὸς
392 3619 511 3702 βορρᾶν.
536 3617 629 3680 19καλ
645 3639 748 3681 τεσσα-
780 3611 878 3702 βωτόν
895 3618 951 3681 τού
967 3624 1137 3724 μαρτυρίου.
1164 3620 1215 3682 καλ
1231 3619 1333 3700 διοριεῖ
1350 3616 1397 3681 τά

141 3721 271 3780 ρακοντα
283 3702 379 3781 βασεις
398 3723 530 3780 αργυρας
540 3724 672 3782 ποιησεις
685 3710 748 3775 τοῖς
780 3703 995 3783 καταπέτασμα
1006 3711 1073 3783 υμῖν
1082 3699 1292 3781 ἀναμέσοντού
1300 3697 1387 3779 ἁγίου

140 3781 228 3843 είκοσι
248 3775 376 3855 πύλαις.
403 3776 458 3844 δύο
475 3777 572 3867 βάσεις
589 3787 635 3867 τῷ
648 3779 746 3866 στύλῳ
780 3785 830 3847 καὶ
856 3781 1004 3867 ἀναμέσον
1027 3786 1084 3849 τοῦ
1102 3780 1190 3862 άγίου
1205 3788 1267 3849 τῶν
1284 3780 1386 3864 ἀγίων.

140 3867 184 3945 τῷ
209 3863 250 3926 ἐνί
273 3867 312 3936 είς
328 3858 483 3948 ἀμφύτερα
495 3863 534 3928 τά
550 3870 623 3953 μέρη
641 3865 746 3931 αὐτοῦ.
780 3863 1388 3954 Ἂκαὶκατακαλύψειςτῷκαταπετάομα-

82 3961 84 3965 ’
140 3946 191 4009 καί
214 3941 270 4045 βύο
293 3941 389 4029 βάσεις
406 3953 452 4033 τῷ
469 3945 569 4032 στύλῳ
589 3951 693 4032 τού-ἑνί
709 3954 748 4023 είς
780 3973 808 4012 τι
825 3947 880 4034 τήν
895 3947 1021 4036 κιβωτὸν
1038 3957 1095 4017 τοῦ
1112 3959 1276 4042 μαρτυρίου
1295 3957 1326 4019 έν
1343 3956 1386 4036 τῷ

140 4026 295 4112 ἀμφοτερα
316 4027 356 4093 τά
376 4035 450 4115 μέρη
468 4030 572 4095 αύτσύ.
599 4033 695 4095 20καί
711 4033 746 4097 τὸ
781 4028 857 4114 ἆγίῳ
870 4030 1044 4110 τῶνᾶγίων.
1070 4037 1099 4079 ³⁶
1112 4033 1389 4122 καλέπιθήσειςτῆν

139 4111 238 4186 κλίτος
251 4110 287 4175 τὸ
300 4108 433 4198 δεύτερον
444 4112 480 4177 τὸ
494 4113 570 4199 πρὸς
581 4109 681 4192 νότον,
706 4116 746 4179 εί-
780 4111 927 4199 τράπεζαν
951 4119 1066 4194 ἔξωθεν
1082 4123 1139 4184 τού
1155 4115 1387 4199 καταπετάσμα-

139 4220 203 4258 κοσι
218 4190 350 4270 στύλους.
363 4196 450 4259 21καλ
461 4192 678 4280 τεσσαράκοντα
689 4194 747 4284 βά-
780 4224 839 4275 τος,
853 4201 904 4265 καί
915 4196 969 4284 τήν
977 4199 1095 4286 λυχνίαν
1104 4199 1244 4265 ἀπέναντι
1252 4203 1305 4284 τῆς
1312 4224 1387 4285 τρα-

139 4302 195 4352 σεις
220 4275 320 4341 αὐτῶν
345 4275 486 4363 ἀργυρᾶς.
515 4276 569 4344 δύο
585 4277 684 4367 βάσεις
701 4286 747 4365 τῷ
779 4284 867 4365 πέζης
883 4285 934 4348 έπί
952 4287 1057 4368 μέρους
1074 4288 1125 4366 τῆς
1142 4286 1244 4366 σκηνῆς
1261 4281 1298 4346 τὸ
1311 4278 1387 4392 πρὸς

139 4357 241 4443 στύλῳ
266 4365 312 4443 τῷ
334 4363 377 4426 ἑνί
395 4366 434 4437 εἰς
448 4357 601 4447 ἀμφύτερα
616 4361 656 4427 τά
673 4368 746 4451 μέρη
778 4360 874 4431 νύτον.
898 4368 950 4431 καί
973 4367 1029 4450 τήν
1053 4363 1202 4451 τράπεζαν
1219 4364 1319 4447 θήσεις
1337 4369 1386 4430 επί

139 4443 248 4521 αύτοῡ,
274 4446 324 4509 καλ
342 4441 397 4511 δύο
414 4441 511 4533 βάσεις
527 4450 572 4530 τῴ
591 4443 689 4531 στύλῳ
701 4454 745 4532 τῷ
777 4452 883 4534 μέρους
898 4452 956 4534 ,τῆς
981 4453 1088 4532 σκηνῆς
1110 4443 1148 4513 τδ
1172 4447 1249 4535 πρρς
1263 4450 1385 4535 βορρᾶν.

139 4527 181 4592 ένλ
193 4534 232 4605 είς
244 4524 398 4617 ἀμφύτερα
410 4527 533 4617 τὰμέρη
543 4528 646 4596 αὐτοῦ.
660 4535 689 4574 ²²
695 4535 746 4597 καί
778 4533 810 4575 ³⁰
822 4534 873 4597 καί
889 4528 1019 4616 ποιήσεις
1036 4535 1237 4621 έπέσπαστρον
1249 4537 1289 4630 τῆ
1300 4529 1386 4631 θύρᾳ

1333 4643 1386 4698 της
