2924 4972
415 218 665 284 ΨΑΛιιοι
698 211 965 301 πςὶπηιυνοο.
1088 180 1091 185 ’
1239 215 1305 284 61³

64 334 197 409 ιἰπωθεῖς
223 331 277 417 τήν
301 327 459 418 προςευχήν
483 356 556 413 μου,
588 329 669 395 ύπο-
700 332 853 408 γινώσκων
879 325 1061 410 ύλαλαγμόν.
1099 325 1179 414 κύριε
1203 331 1235 394 ἐν
1260 332 1305 414 τηῖ

64 419 196 502 στρέφεις
212 414 248 480 τὸ
260 410 421 501 πρόςωπόν
437 437 492 478 σον
512 411 563 478 ἀπ’
578 416 667 496 ἐμούς
702 414 780 492 σωτί
792 415 848 475 τοῦ
859 408 1020 496 προςούπου
1033 437 1088 477 σου
1099 409 1306 498 πορεύσονται,

65 502 92 543 ¹⁶
104 494 223 605 πτωχός
240 501 295 581 εἰμι
309 496 384 575 ἐγώ,
409 496 461 561 καί
478 499 508 560 ἐν
520 491 625 570 κόποις
636 498 669 560 ἐκ
701 497 728 538 22
741 495 792 559 καί
804 496 836 558 ἐν
848 499 893 558 τού
905 492 1030 579 ὀνόματί
1041 520 1096 560 σου
1108 489 1305 574 ἇγαλλιόοον-

64 579 198 666 νεότητος
208 606 280 661 μου,
307 577 440 664 ὑψωθεὶς
457 578 490 643 δὲ
509 573 669 644 ἰταπεινύ-
701 602 752 642 ται
764 573 837 659 ὅλην
847 557 902 659 τήν
914 574 1035 663 ἡμέραν,
1045 579 1097 643 καί
1107 582 1184 672 ἔντη
1194 580 1306 645 δικαιο-

62 675 124 750 θην
135 667 187 731 καὶ
198 659 403 748 ἕξηπορήθην.
422 664 450 705 27
462 660 508 728 ἐπ’
524 661 575 746 ἐμὲ
587 660 669 745 διήλ·
701 656 773 755 σύνη
784 685 840 724 σου
850 655 1077 745 ύψωθήοονται.
1090 664 1119 706 ¹⁸
1125 657 1171 726 ότι
1184 658 1222 726 τὸ
1231 659 1305 727 καύ-

62 758 121 814 θον
139 752 173 815 αί
191 743 282 850 ὀργαί
293 772 363 822 σου,
388 746 439 810 καί
453 749 484 810 οἰ
496 749 670 831 σοβερισμοί
700 769 779 828 χημα
790 747 842 845 τής
862 739 1011 826 δυνάμεως
1029 744 1130 810 αύτῶν
1143 743 1181 811 σύ
1195 742 1234 821 εί,
1256 747 1308 810 καί

64 856 120 896 σου
138 824 317 914 ἰξεταραξύν
334 855 378 915 με.
409 830 439 872 22
451 822 624 892 ἰκύκλωσύν
636 852 670 910 με
702 831 732 892 ἐν
746 829 783 919 τῇ
796 826 915 907 ευδοκίη
929 851 984 891 σου
998 823 1196 912 ὑψωθήσεται
1207 827 1244 894 τὸ
1257 829 1307 892 κε’-

64 910 105 986 ὧς
118 909 213 997 ύδωρ,
239 908 312 994 ὅλην
329 910 384 995 τήν
396 908 506 996 ἡμέραν
516 912 671 995 περιίσχον
702 934 756 1056 ρας
773 906 864 991 ἡμῶν.
892 910 920 952 ¹⁹
933 904 981 973 ότι
999 913 1053 974 τού
1066 917 1168 996 κυρίου
1186 907 1204 997 ή
1222 912 1306 978 σἰντί-

64 1019 98 1076 με
109 992 181 1080 ἅμα.
203 995 232 1037 ¹⁹
245 990 408 1080 2θᾶἰῑθυνας
421 992 471 1058 ἀπ’
488 997 561 1077 ἐμοῦ
574 993 670 1073 φίλον,
721 1011 803 1076 ηψις,
813 994 864 1057 καί
871 995 927 1056 τού
935 987 1024 1068 ἆγίου
1033 989 1156 1077 Ἰσραήλ
1162 994 1308 1078 βασιλέως

65 1080 116 1142 καί
138 1079 211 1154 τοὺς
233 1073 388 1155 γνωστούς
408 1102 466 1160 μου
484 1074 546 1140 ἀπὸ
565 1075 669 1140 ταλαι-
703 1071 794 1159 ήμῶν.
812 1071 915 1139 2οτότε
926 1070 1074 1158 ἕλόληοας
1087 1078 1119 1139 ίν
1131 1069 1232 1160 δρύσει
1246 1088 1309 1152 τοίς

65 1168 189 1246 πωρίας.
704 1161 780 1232 υίοῖς
791 1181 856 1231 σου,
874 1159 925 1223 καὶ
937 1155 1031 1232 εἰπας,
1044 1159 1100 1222 ἒθέ
1119 1182 1154 1240 ην
1165 1155 1309 1263 βοήθειαν
1381 1195 1382 1199 =

329 1238 418 1306 IIH'.
703 1236 909 1315 ε’πίδιινατόν,
931 1236 1045 1324 ύψωσα
1125 1245 1241 1307 κτονίκ
1255 1244 1310 1306 τοῦ

151 1329 301 1401 Συνίσεως
311 1324 425 1409 Αἰθὰμ
436 1328 480 1408 τῷ
491 1321 671 1416 Ἰσραηλίτη.
704 1322 783 1388 λαού
794 1348 861 1406 μου.
886 1326 913 1367 22
926 1316 1011 1411 εύρον
1024 1324 1123 1388 Δαυὶδ
1133 1323 1187 1390 τὸν
1200 1320 1310 1390 δοῦλόν

67 1413 82 1451 2
140 1403 161 1473 ολ
186 1408 329 1493 ἐλέησον
353 1402 433 1493 κύριε
450 1411 489 1483 είς
506 1405 560 1472 τὸν
577 1411 673 1472 αἰῶνα
703 1432 771 1487 μου,
784 1410 815 1471 ἐν
828 1407 899 1471 ἐλέει
913 1401 990 1490 ἁγίῳ
1003 1409 1104 1492 ίχρισα
1119 1402 1223 1472 αύτόν.
1247 1404 1309 1492 22ή

66 1490 192 1576 ᾄσομαι,
205 1496 244 1567 εἰς
250 1489 353 1595 γενεὰν
364 1492 416 1555 καὶ
427 1488 528 1569 γενεύν
540 1487 672 1568 ἆπαγγε-
704 1489 763 1576 γὰρ
787 1494 847 1575 χείρ
865 1514 924 1575 μου
951 1485 1195 1573 συναντιλήψεται
1215 1489 1310 1574 αύτῷ,

66 1575 111 1638 λῶ
128 1575 184 1659 τήν
201 1570 345 1660 ύληθειύν
363 1599 417 1639 σου
434 1576 466 1640 ἐν
484 1577 529 1657 τῷ
546 1568 673 1655 στόματί
703 1575 755 1637 καί
772 1572 932 1678 ὁβραχίων
948 1598 1008 1657 μου
1026 1568 1192 1658 κατισχύσει
1205 1569 1308 1639 αὐτόν.

65 1683 130 1740 μου.
156 1659 171 1700 2
185 1654 231 1722 ότι
242 1657 339 1734 ιίπας,
359 1662 398 1733 εἰς
410 1655 465 1722 τὸν
478 1661 574 1721 αἰῶνα
586 1655 672 1730 ἔλεος
703 1656 733 1696 22
746 1653 802 1720 ούκ
813 1651 956 1741 ωψελήσει
968 1654 1078 1741 ἐχθρὸς
1092 1658 1123 1721 ἐν
1134 1655 1234 1742 αύτῷ,
1259 1658 1311 1722 καί

67 1737 350 1826 οἰκοδομηθήσεται,
386 1743 418 1805 ἐν
443 1751 506 1815 τοῖς
531 1737 672 1826 ούρανοῖς
704 1735 766 1813 υίὸς
778 1736 835 1804 ύνο
858 1746 904 1815 ιάς
916 1736 953 1804 ού
966 1735 1128 1826 προςθήσει
1141 1746 1198 1806 τοῦ
1210 1744 1310 1805 κακιό-

67 1821 314 1909 ἒτοιμασθήσιται
328 1822 346 1908 ἢ
359 1818 485 1906 ύλήθειύ
498 1848 559 1888 σου.
583 1823 600 1864 2
613 1822 671 1886 διε-
705 1847 755 1887 σαι
767 1767 869 1888 αύτόύ.
884 1823 973 1887 22καί
985 1820 1131 1908 συγκόψαι
1144 1821 1207 1890 ἀπὸ
1216 1848 1309 1908 προς-

65 1911 160 1990 θίμην
185 1904 333 1993 διαθήκην
359 1918 421 1981 τοῖς
443 1905 588 1981 ἐκλεκτοῖς
603 1930 670 1987 μου,
704 1900 791 1972 αίπου
804 1902 902 1971 αὐτοῦ
913 1902 984 1981 τούς
996 1903 1125 2011 ἐχθρούς
1137 1905 1244 1983 αὐτοῦ,
1259 1909 1310 1972 καί

67 1989 173 2073 σ’ύμοσα
193 1992 290 2057 Δαυίδ
305 1995 349 2076 τῷ
368 1986 469 2073 δούλῳ
485 2015 552 2073 μου.
588 1989 671 2064 2ίως
703 1985 776 2065 τούς
798 1995 956 2071 μισοῦντας
980 1987 1074 2055 αυτὸν
1101 1984 1308 2096 τροπιύσομαι.

66 2078 121 2138 τού
135 2077 243 2151 αἰῶνος
261 2069 410 2158 ἓτοιμύσω
426 2076 463 2139 τὸ
477 2075 596 2181 σπέρμα
608 2094 671 2147 σου,
703 2071 789 2138 22καί
801 2069 823 2176 ή
833 2068 962 2156 ιἰλήθειύ
973 2098 1031 2154 μου
1042 2074 1094 2139 καί
1105 2098 1141 2136 το
1154 2069 1239 2151 ἔλεός
1249 2098 1310 2159 μου

66 2158 118 2221 καὶ
130 2152 317 2243 οἰκοδομήσω
337 2160 375 2231 εἰς
392 2152 491 2234 γενιύν
506 2180 558 2221 και
569 2152 671 2233 γενεὰν
702 2152 761 2235 μετ’
786 2160 898 2230 αυτοῦ,
924 2156 975 2221 καί
999 2160 1029 2220 ἰν
1045 2160 1089 2238 τῷ
1110 2150 1236 2239 ὀνόματί
1250 2181 1310 2238 μου

66 2237 120 2304 τόν
134 2236 247 2325 θρόνον
260 2266 325 2306 σου.
353 2234 520 2322 διύψαλμα.
537 2239 672 2339 2ίξομο-
705 2234 906 2321 ὑψωθήσεται
919 2236 956 2301 τὸ
969 2240 1056 2322 κέρας
1072 2236 1178 2302 αύτού.
1217 2240 1247 2281 ²⁶
1259 2239 1311 2302 καί

66 2317 244 2404 λογήσονται
269 2327 300 2387 οἰ
314 2319 437 2422 ούρανοὶ
455 2318 494 2383 τύ
514 2313 671 2400 θαυμασιύ
704 2315 837 2402 θήσομαι
850 2323 881 2382 ἐν
893 2314 1033 2411 θαλύσση
1045 2329 1128 2403 χεῖρα
1141 2318 1247 2395 αὐτοῦ,
1260 2321 1311 2384 καί

66 2430 124 2469 σου
145 2399 242 2488 κύριε,
266 2404 319 2467 καὶ
333 2426 352 2465 τ
404 2395 549 2484 ύλήθειύν
568 2425 624 2465 σον
642 2405 672 2465 ἐν
705 2403 735 2463 ἐν
752 2412 900 2484 ποταμοῖς
918 2398 1015 2478 δεξιὰν
1033 2400 1135 2465 αὐτοῦ.
1175 2403 1205 2444 22
1218 2401 1311 2477 αύτὸς

66 2484 206 2567 ἐκκλησία
219 2480 322 2562 ἁγίων.
376 2479 423 2549 ότι
440 2489 485 2558 τίς
498 2482 672 2562 ἐννεφίλαις
704 2482 912 2548 ἐπικαλέσεταί
934 2508 982 2565 με,
1007 2482 1109 2568 πατήρ
1132 2509 1190 2566 μου
1214 2482 1242 2548 εἶ
1264 2482 1310 2558 σύ,

68 2562 247 2651 ἰοωθήσεται
259 2570 305 2650 τῷ
315 2572 407 2652 κυρίῳ
412 2593 425 2645 ,·
443 2567 494 2630 καί
506 2570 550 2640 τίς
563 2563 671 2648 ὁμοιω-
703 2561 775 2642 θεύς
792 2591 851 2649 μου
868 2568 919 2631 καί
937 2561 1125 2651 ἇντιλήπτωρ
1145 2571 1197 2650 της
1214 2591 1310 2651 σωτη-

65 2645 191 2728 θήσεται
207 2654 252 2715 τού
264 2655 356 2736 κυρίῳ
375 2653 406 2714 ἒν
418 2652 492 2723 υίοῖς
504 2654 598 2726 θεούς
623 2645 670 2714 2ὃ
705 2655 770 2734 ρίας
781 2675 848 2733 μου.
866 2651 897 2693 '²⁸
907 2647 990 2733 κᾷγολ
1002 2645 1199 2735 πρωτότοκον
1212 2645 1311 2728 θήσο-

66 2730 138 2808 θεὸς
163 2716 383 2816 ἰνδοὲαζόμινος
408 2734 439 2796 ἓν
455 2731 551 2818 βουλῇ
569 2727 670 2810 ἁγίων,
704 2760 758 2815 μαι
777 2729 885 2808 αὐτὸν,
911 2732 1029 2816 ύψηλὸν
1046 2730 1132 2816 παρὰ
1149 2743 1212 2808 τοῖς
1223 2736 1310 2819 βασι-

63 2820 155 2901 μόγας
178 2818 230 2883 καί
254 2812 380 2916 φοβερὸς
397 2816 449 2880 ἐπὶ
464 2802 583 2891 πύκ’τας
598 2811 670 2891 τούς
705 2817 785 2882 λεύσι
800 2820 849 2919 τής
860 2821 922 2901 γῆς.
936 2817 1010 2892 22εἰς
1019 2814 1073 2881 τόν
1083 2821 1178 2881 αἰῶνα
1187 2813 1310 2898 φυλύξω

63 2894 229 2985 περικύκλῳ
243 2897 346 2964 αὐτου.
372 2900 388 2941 ⁹
401 2895 482 2982 κύριε
496 2895 513 2963 ὅ
527 2898 597 2974 θεὸς
609 2902 670 2964 τῶν
704 2899 789 2984 αύτῴ
800 2925 836 2964 το
849 2897 933 2976 ἔλεός
943 2926 1011 2983 μου,
1021 2904 1071 2965 καί
1083 2897 1101 3005 ή
1111 2896 1242 2986 διαθήκη
1252 2927 1310 2984 μου

63 2978 227 3066 δυνάμεων,
247 2988 293 3058 τίς
305 2978 408 3064 ὅμοιός
421 3008 467 3048 σοι
471 3010 484 3062 ,·
509 2979 633 3058 δυνατός
645 2980 672 3046 εί
703 2985 792 3067 πιστή
812 2983 905 3068 αύτῷ.
944 2985 977 3028 22
989 2986 1040 3049 καί
1055 2994 1187 3070 θήσομαι
1204 2989 1243 3059 εἰς
1256 2982 1309 3047 τὸν

63 3063 158 3151 κύριε,
184 3069 235 3131 καί
248 3062 267 3151 ἦ
282 3062 408 3151 ύλήθειύ
421 3092 476 3132 σου
491 3064 590 3149 κύκλῳ
604 3091 667 3131 σου.
703 3072 797 3134 αἰῶνα
815 3072 872 3133 τοῦ
890 3071 996 3142 αἰῶνος
1014 3066 1050 3132 τὸ
1064 3072 1183 3154 σπέρμα
1202 3065 1307 3142 αὐτοῦ,

63 3152 93 3193 ¹⁰
106 3150 143 3215 σύ
162 3147 307 3227 δεσπόζεις
326 3154 380 3215 τού
397 3145 524 3235 κρότους
542 3153 595 3234 τῆς
607 3159 668 3215 θα·
701 3153 752 3214 καί
765 3149 818 3216 τόν
829 3147 942 3237 θρόνον
959 3149 1055 3217 αὐτοῦ
1074 3149 1115 3227 ὥς
1130 3152 1183 3226 τὰς
1199 3150 1309 3237 ήμίρας

64 3227 190 3317 λύσσης,
215 3232 269 3298 τὸν
289 3232 322 3297 δὲ
339 3227 434 3299 σύλον
449 3237 510 3299 τῶν
527 3229 668 3317 κιιμύτων
701 3238 756 3298 τού
769 3232 908 3340 ούρανοῦ.
926 3235 953 3276 22
966 3231 1017 3299 ἐὰν
1030 3235 1266 3313 ἐγκαταλίπωσιν
1278 3237 1309 3299 οί

64 3312 156 3399 αὐτῆς
169 3315 205 3382 σὺ
218 3309 443 3402 καταπραύνεις.
460 3319 486 3359 22
499 3315 536 3381 σύ
551 3322 667 3382 ἐταπεί-
701 3319 760 3382 υἱοί
785 3323 880 3383 αυτοῦ
905 3314 957 3383 τὸν
973 3315 1061 3400 νόμον
1076 3343 1149 3400 μου,
1175 3321 1227 3380 καὶ
1244 3328 1307 3390 τοῖς

63 3424 163 3473 νωσας
188 3395 228 3473 ὦς
252 3405 437 3483 τραυματίαν
466 3395 667 3484 ὑπερήφανον,
701 3406 824 3483 κρίμασί
846 3426 904 3481 μου
926 3398 965 3481 μή
983 3405 1183 3483 πορευθῶσιν.
1211 3399 1241 3439 22
1254 3394 1307 3461 ἐὰν

62 3482 116 3546 καί
134 3487 165 3546 ἒν
177 3486 221 3562 τῷ
237 3485 369 3566 βραχίονι
382 3486 435 3563 τῆς
452 3477 599 3563 δυνόμειύς
612 3506 667 3546 σου
700 3480 739 3545 τύ
753 3476 939 3563 δικαιοόματύ
956 3505 1013 3562 μου
1024 3475 1230 3626 βεήηλιόσωσι,
1256 3483 1307 3544 καί

62 3559 270 3646 διεσκόρπισας
282 3561 352 3636 τούς
365 3559 491 3646 ἐχθρούς
505 3588 570 3627 σου.
586 3566 669 3627 22σοί
700 3562 754 3636 τὰς
767 3560 887 3636 ἐντολάς
896 3562 1000 3646 μουμή
1011 3588 1052 3642 ῳυ
1072 3563 1190 3637 αξωσιν.
1205 3562 1233 3602 ³³
1240 3563 1306 3625 ἐπι-

62 3651 136 3712 εἰσιν
154 3649 184 3710 οἰ
201 3643 337 3730 οὐρανοὶ,
362 3645 413 3708 καί
432 3640 469 3727 σή
486 3648 566 3709 ἔστιν
584 3639 602 3728 ή
620 3649 668 3726 γη,
701 3648 853 3730 σκέψομαι
872 3648 903 3710 ἓν
920 3643 1021 3748 ρύβδῳ
1039 3645 1093 3721 τὰς
1111 3643 1236 3727 ἀνομίας
1249 3643 1306 3708 αύ-

63 3728 118 3832 τήν
129 3731 300 3812 οἰκουμένην
312 3724 408 3792 καὶτὸ
418 3722 566 3810 πλήρωμα
577 3725 668 3808 αὐτῆς
700 3733 770 3802 τῶν,
789 3731 840 3792 καὶ
851 3732 883 3793 ἐν
895 3730 1012 3812 μαστιξι
1026 3727 1078 3803 τύς
1091 3725 1236 3831 ἁμαρτίας
1248 3726 1303 3794 αύ-

63 3840 100 3879 συ
125 3813 326 3896 ἐθεμελίωσας.
365 3812 391 3853 22
404 3806 457 3875 τὸν
474 3811 600 3893 Βορῥᾶν
617 3811 668 3873 καί
701 3815 768 3875 τῶν.
788 3811 820 3852 22
831 3809 865 3877 τὸ
878 3811 910 3875 δὲ
922 3812 1005 3887 ὲλεός
1016 3837 1073 3895 μου
1085 3838 1122 3877 ου
1134 3839 1174 3895 μη
1188 3812 1305 3876 διασκε-

62 3892 225 3961 θύλασσαν
250 3893 287 3960 σύ
312 3898 444 3968 ὲίιτισας,
481 3896 591 3999 Θαχίὼρ
616 3895 668 3958 καὶ
700 3889 783 3959 δύσω
797 3892 846 3958 ἀπ’
863 3892 974 3971 αύτού,
996 3894 1068 3960 ούδὲ
1077 3893 1117 3980 μή
1130 3891 1261 3980 ἀδικήσω
1273 3900 1305 3960 ἐν

67 3980 178 4062 Ερμών
196 3983 227 4043 ἓν
241 3983 286 4044 τῶ
304 3973 431 4059 ὀνόματί
447 4002 502 4041 σου
520 3973 667 4054 αγαλλιύ-
700 3982 737 4081 σή
750 3976 878 4061 ἀληθείη
890 4004 959 4062 μου,
973 3979 1002 4022 22
1013 3977 1082 4044 οὐδὲ
1094 3977 1134 4065 μή
1145 3975 1305 4066 βεβηλιύσω

63 4086 174 4127 σονται.
199 4062 229 4105 22
243 4043 294 4137 σός
314 4058 476 4162 ὁβραχίων
491 4057 565 4143 μετὰ
578 4061 666 4125 δυνα-
700 4087 753 4145 την
770 4056 916 4145 διαθήκην
931 4089 1005 4145 μου,
1030 4066 1081 4128 καί
1093 4061 1132 4128 τύ
1145 4059 1305 4148 ἐκπορευό-

62 4152 167 4220 στείας.
177 4143 398 4229 κραταιωθήτω
410 4171 427 4226 η
435 4150 494 4229 χείρ
506 4169 573 4216 σου,
582 4142 665 4229 ύψω·
698 4171 768 4227 μενα
782 4143 831 4211 διύ
845 4151 904 4211 τῶν
922 4146 1038 4231 χειλέων
1049 4173 1108 4230 μου
1127 4144 1163 4211 ού
1176 4147 1216 4230 μή
1229 4145 1305 4211 σἰθε-
1330 4196 1333 4201 ,

62 4224 151 4312 θήτω
171 4226 189 4312 ή
206 4225 283 4305 δεξιοί
302 4254 364 4294 σου.
390 4230 417 4270 22
431 4223 597 4311 δικαιοσύνη
615 4230 666 4292 καί
699 4225 789 4312 τήσω.
803 4226 921 4307 22ύπαξ
934 4229 1036 4335 ιύμοσα
1048 4233 1080 4296 ίν
1092 4236 1135 4313 τῷ
1147 4227 1224 4312 ἁγίῳ
1233 4255 1304 4312 μου,

61 4316 150 4392 κρίμα
159 4305 570 4397 ἓτοιμασίατούθρόνουσου.
582 4309 665 4386 σ”λεος
698 4316 723 4375 εἰ
735 4317 778 4394 τῷ
791 4314 889 4378 Δαυίδ
905 4333 1062 4397 ψευσομαι.
1089 4316 1118 4356 22
1133 4311 1167 4378 τὸ
1186 4317 1304 4398 σπέρμα

60 4396 113 4459 καί
150 4389 277 4475 ύλήθεια
315 4389 571 4478 προπορεύσονται
602 4391 663 4479 πρὸ
699 4393 794 4459 αὐτοῦ
811 4402 848 4472 εἰς
861 4393 915 4460 τόν
927 4401 1022 4462 αἰῶνα
1033 4409 1118 4481 μενεῖ,
1132 4391 1303 4479 καὶύθρό-

60 4471 220 4564 προςούπου
237 4501 299 4541 σου.
327 4479 355 4518 22
367 4472 509 4558 μακύριος
527 4471 663 4550 ὁλαόςύ
679 4521 682 4548 ;
699 4501 747 4553 νος
773 4478 868 4544 αὐτοῦ
887 4477 926 4553 ὡς
945 4477 963 4543 ό
982 4477 1064 4562 ήλιος
1081 4483 1304 4602 ἐναντίονωυου.1

1253 4586 1304 4624 και
