2924 4972
350 230 356 241 ·
466 195 697 260 ΕΞΟΔΟΣ
734 187 915 271 Κεφ.ι’.,10.
1272 192 1314 261 65

64 304 176 379 είςελθε
187 303 265 389 πρὸς
279 300 404 391 Φαραώ.
429 303 488 382 ἐγὼ
500 304 560 388 γάρ
573 301 674 389 έσιιλίη-
707 317 788 369 τεῖτε.
815 305 952 391 έξεβαλον
968 305 1000 369 δέ
1018 302 1131 381 αύτούς
1149 331 1212 370 οπο
1223 331 1315 392 προς-

66 406 142 473 ρυνα
159 385 255 452 αὐτοῦ
271 386 324 471 τίην
340 388 466 473 καρδίαν
483 388 535 454 καί
550 392 610 451 τῶν
623 398 674 452 θε-
707 383 792 453 οίπου
806 384 931 474 Φαραιό.
958 390 986 429 ¹²
998 386 1060 451 είπε
1076 387 1108 452 δέ
1126 384 1225 473 κύριος
1237 388 1315 475 πρὸς

65 466 226 555 ραπόντων
237 467 346 548 αὐτοῦ,
370 475 420 535 ίνα
433 472 497 553 ἑξῆς
509 470 624 564 ίπελθη
637 469 676 535 τά
707 475 850 556 Μωυσῆν.
875 474 999 535 ἔκτεινον
1016 470 1070 553 τὴν
1086 481 1169 556 χεῖρα
1194 473 1244 536 tui
1260 476 1316 557 γῆν

67 565 171 656 σημεῖα
183 556 280 618 ταῦτα
293 552 342 637 ἐπ’,
353 550 472 628 αύτούς.
494 549 603 628 2ὅπως
615 555 677 638 διη-
706 550 875 631 Αἰγύπτου.
914 551 1130 641 καίάνοβητω
1157 551 1241 638 ἀκρίς
1265 556 1316 621 ίπί

65 646 196 720 γησησθε
212 640 252 711 είς
264 635 302 701 τά
316 640 381 702 ώτα
394 642 454 701 τῶν
465 639 574 702 τέκνων
587 633 677 720 ύμῶν,
707 634 760 721 τίην
769 642 833 721 γῆν,
845 637 897 702 καί
909 638 1061 703 κατέδεται
1072 641 1176 702 πᾶσαν
1186 633 1316 724 βοτάνην

64 717 120 805 καί
129 728 193 795 τοῖς
205 722 315 796 τέκνοις
326 719 386 784 τῶν
397 723 506 785 τέκνων
516 712 606 804 ὑμῶν,
620 716 677 785 όοα
707 724 758 821 της
776 724 843 804 γῆς,
869 722 920 785 καί
935 716 1037 785 πάντα
1052 720 1106 785 τόν
1121 718 1238 806 καρπὸν
1254 724 1316 785 ταῖν

65 804 233 888 έμπέπαιχα
257 811 320 879 τοῖς
342 806 535 882 Αἰγυπτίοις,
560 804 613 868 καί
636 801 676 867 τά
707 802 812 880 ξυλων,
827 798 1062 907 δνύπελίπττοη
1093 799 1197 881 ἀλαζα.
1223 806 1316 870 1’καί

65 881 169 970 σημεῖά
184 913 255 968 μου,
276 884 432 971 ἀίποίησα
445 889 475 951 έν
487 885 599 964 αὐτοῖς,
625 887 676 951 καί
707 888 796 988 ἐπῇρε
809 889 943 970 Μωυσῆς
955 886 1008 971 τὴν
1025 831 1135 973 ραςίδον
1145 885 1249 962 είςτόν
1261 884 1315 952 ού·

62 966 211 1048 γνώσεσθε
228 963 276 1033 ότι
292 969 350 1049 ἐγώ
363 966 468 1057 κύριος.
494 969 631 1057 ἐῖςηλθε
643 968 676 1035 δύ
706 993 807 1054 ρανον,
822 968 872 1032 καί
881 964 979 1052 κύριος
991 966 1135 1053 έπηγαγεν
1147 968 1251 1036 ἀνειιον
1262 964 1314 1035 νό-

64 1049 202 1136 Μωυσῆς
213 1049 266 1117 καί
276 1051 394 1140 Ἀαρών
406 1054 538 1119 ἐναντίον
547 1051 675 1140 Φαραώ,
706 1072 761 1116 τον
770 1048 823 1114 ίπί
833 1048 887 1155 την
897 1056 961 1134 γῆν,
974 1048 1138 1156 όληντέηνῆ
1169 1054 1177 1074 ’
1241 1056 1315 1119 lul·

62 1138 117 1201 καί
135 1133 221 1201 είπαν
240 1130 334 1221 αύτῷ.
360 1132 430 1201 τάδε
446 1136 521 1213 λέγει
536 1131 674 1240 κύριοςό
706 1154 766 1238 νην,
778 1134 831 1197 καί
843 1132 915 1216 ολην
926 1132 980 1238 την
991 1158 1092 1198 νυκτα.
1111 1158 1130 1197 τ
1159 1136 1314 1220 πρωῖίγε·

64 1213 374 1302 θεόςτοῖνἝβραίων.
397 1223 452 1291 έως
465 1220 542 1293 τίνος
554 1244 590 1281 ου
602 1213 676 1304 βού-
707 1226 800 1320 νηθη,
825 1216 877 1278 καί
900 1211 918 1279 ό
936 1240 1039 1299 ανεμος
1057 1211 1075 1280 ό
1092 1213 1178 1290 νότος
1192 1215 1244 1280 ἀνι

67 1297 108 1367 λεν
127 1302 310 1385 έντραπῑηναί
328 1323 377 1380 μες
402 1294 608 1375 ίξαπόοτειλον
624 1296 677 1362 τὸν
708 1320 761 1383 την
778 1296 901 1384 ἀκρίδα,
938 1298 1032 1364 14καί
1055 1294 1199 1382 ἀνήγαγεν
1223 1296 1317 1383 αότην

64 1379 143 1448 λαόν
154 1408 226 1462 μου,
245 1386 295 1446 ’ίνα
313 1378 496 1466 λατρεύσωδί
508 1408 565 1464 μοι.
596 1381 677 1444 ‘eder
707 1384 756 1448 ἐπὶ
772 1386 872 1447 πᾶσαν
886 1385 943 1466 γῆν
962 1376 1134 1461 Αἰγύπτου.
1160 1382 1212 1446 καί
1226 1378 1314 1447 κατέ-

66 1465 100 1530 δὲ
112 1464 152 1546 μὴ
164 1462 256 1556 θέλης
275 1461 312 1529 σύ
324 1465 526 1540 ἐξαποστεῖλαι
538 1464 591 1530 τόν
600 1460 675 1529 λαόν
705 1488 814 1530 παυσεν
829 1465 880 1529 cul
895 1460 997 1531 πάντα
1013 1462 1053 1530 τά
1070 1461 1140 1553 όρια
1150 1461 1315 1543 Αίγύπτου

65 1575 133 1623 κου,
147 1545 212 1612 ίδού
224 1545 281 1624 έγώ
294 1544 397 1624 ίπάγω
408 1544 519 1657 ταύτην
530 1546 583 1652 την
592 1545 674 1634 ιόραν
704 1545 801 1633 πολλίη
815 1543 939 1634 σφόδρα.
959 1551 1092 1660 προτέρα
1105 1545 1198 1633 αὐτῆς
1210 1546 1248 1614 ού
1260 1549 1312 1627 γέ·

64 1630 171 1717 αύριον
194 1626 303 1714 ἀκρίδα
317 1630 432 1714 πολλὴν
448 1635 499 1696 ἐπι
513 1657 614 1698 ποντα
633 1630 672 1697 τά
702 1657 769 1711 γονε
785 1627 910 1739 τοιαύτη
929 1628 1031 1718 ἀκρις,
1055 1630 1108 1695 καί
1122 1631 1196 1715 μετὰ
1215 1635 1315 1697 ταῦτα

41 1765 43 1769 .
65 1707 135 1800 όριά
147 1740 208 1779 σου.
235 1715 250 1756 ⁶
262 1715 313 1779 καί
330 1711 455 1799 καλύψει
467 1714 521 1800 την
537 1712 609 1819 ὄρνιν
620 1719 673 1800 τῆς
704 1714 760 1781 ούκ
773 1716 855 1781 ἔσται
872 1740 975 1792 ουτως.
1015 1717 1043 1758 ¹⁶
1056 1715 1108 1779 καί
1120 1710 1249 1795 έκάλυψε
1259 1713 1314 1797 τίην

64 1803 133 1881 γῆς,
155 1797 206 1861 καί
223 1794 260 1862 οδ
279 1792 387 1891 δυνηση
404 1799 529 1864 κατιδεῖν
544 1823 598 1882 την
609 1803 672 1882 γῆν.
704 1796 775 1883 όψιν
791 1801 844 1882 τῆς
862 1799 929 1883 γῆς,
954 1799 1007 1864 καί
1023 1793 1143 1901 ίρθόρη
1159 1794 1236 1882 ἷηγῆ.
1261 1799 1314 1863 καί

64 1883 116 1945 καί
126 1882 277 1947 κατέδεται
288 1885 350 1946 πᾶν
362 1880 398 1946 τό
411 1881 548 1964 περισσόν
556 1887 610 1965 της
619 1886 674 1966 γης
704 1883 852 1963 κατέφαγε
863 1884 964 1948 πᾶσαν
973 1886 1101 1968 βοτανην
1112 1885 1164 1967 τῆς
1175 1886 1238 1964 γῆς,
1262 1883 1315 1947 καί

64 1963 101 2028 τὸ
123 1962 335 2046 καταλειφθέν,
360 1959 380 2029 ὃ
397 1966 550 2030 κατελιπεν
568 1962 635 2049 ὑμῖν
654 1962 672 2047 ἡ
704 1959 805 2030 πάντα
816 1964 868 2030 τὸν
880 1965 996 2050 καρπὸν
1007 1969 1067 2029 τοῖν
1078 1960 1182 2041 ξύλων,
1196 1963 1230 2039 ἀς
1242 1960 1314 2029 {tm-

64 2042 192 2132 χάλαζα,
218 2049 271 2113 καί
289 2048 441 2113 κατέδεται
459 2053 522 2114 πᾶν
538 2043 625 2125 ξύλον
637 2047 673 2111 τὸ
705 2046 795 2130 λιίφθ
825 2044 889 2112 ἀπὸ
902 2055 954 2132 τῆς
967 2045 1102 2152 ηαλάζης.
1130 2046 1170 2113 ού
1199 2045 1313 2112 ύπελείι

65 2125 207 2232 ςυόηιενον
219 2126 286 2213 ύμῖν
297 2129 348 2196 ἐπί
360 2133 412 2215 τῆς
419 2132 480 2217 γης.
506 2133 521 2176 ⁰
534 2129 587 2196 καί
597 2128 675 2214 πλη·
705 2143 771 2215 ςθη
784 2157 800 2214 χ
870 2129 898 2194 ’ν
910 2131 996 2198 ούδιν
1008 2134 1038 2196 έν
1050 2140 1113 2206 τοῖς
1126 2073 1237 2207 ξύίοις,
1262 2135 1314 2194 καί

65 2219 230 2297 σθησονταί
240 2239 294 2278 σου
307 2217 341 2279 αῖ
353 2218 457 2293 οἰκίαι,
475 2215 528 2280 καί
539 2218 573 2278 αῖ
585 2218 675 2278 οἰκίαι
706 2217 737 2279 έν
748 2214 830 2299 πάση
846 2211 959 2309 βοτάνη
976 2218 1031 2281 τοῦ
1046 2215 1163 2289 πεδίου,
1189 2216 1219 2277 έν
1231 2209 1313 2304 πόση

65 2301 126 2362 τῶν
137 2290 331 2382 θεραπόντων
343 2323 406 2374 σου,
415 2298 467 2362 καί
478 2302 573 2363 πᾶσαν
586 2300 675 2361 αίοί·
706 2302 745 2381 γῆ
761 2287 932 2375 Αἰγύπτου.
963 2301 992 2342 ¹⁶
1005 2297 1179 2362 κατέσπευδε
1195 2295 1227 2361 δὲ
1245 2301 1313 2360 Φα-

64 2381 129 2444 κίαι
140 2381 171 2442 ἐν
181 2375 263 2461 πόση
275 2381 313 2472 γῇ
325 2384 386 2444 τῶν
392 2380 575 2458 Λίγυπτίων.
589 2372 611 2442 ἀ
622 2375 676 2443 ού-
708 2377 773 2464 ρἀἀ
784 2379 906 2443 καλέσαι
917 2384 1054 2463 Μωυσῆν
1066 2380 1116 2443 καί
1125 2376 1253 2462 Ἀαρὼν,
1263 2379 1310 2464 λέ-

67 2464 176 2527 δέποτε
187 2451 351 2545 ἑωράκασιν
360 2465 391 2524 οἶ
399 2465 524 2546 πατέρες
534 2488 597 2535 σου,
608 2457 673 2523 οὐδ’
708 2486 777 2538 γων.
803 2453 958 2543 ἡμάρτηκα
983 2464 1115 2523 ἐναντίον
1138 2464 1239 2544 κυρίου
1259 2464 1314 2524 τοῦ

67 2546 101 2609 οί
114 2532 296 2642 πρόπαπποι
314 2539 428 2619 αάτῶν,
455 2540 503 2622 ἀφ’
521 2535 555 2624 ἧς
569 2535 678 2644 ημέρας
709 2543 785 2605 θεοῦ
798 2538 887 2645 ζητῶν,
900 2544 1001 2616 καλεῖς
1014 2537 1095 2623 ὑμᾶς.
1119 2541 1315 2626 17ττρσαδεξα-

68 2648 222 2704 γεγονασιν
237 2624 287 2689 ε’πί
303 2628 354 2708 τῆς
368 2629 422 2710 γῆς
439 2629 493 2699 έως
505 2625 557 2708 τῆς
570 2626 678 2708 ημέρας
709 2635 763 2690 σθε
775 2648 829 2688 ουν
838 2650 896 2706 μου
908 2623 965 2709 τίην
974 2622 1121 2709 ἁμαρτίαν
1133 2625 1175 2688 ἔτι
1188 2625 1255 2701 νῦν,Ι
1264 2627 1315 2689 καὶ

66 2704 188 2790 ταύτης.
206 2705 259 2773 καί
269 2709 399 2784 ἐκκλίνας
410 2710 545 2792 Μωυσῆς
556 2707 676 2790 ἐξῆλθεν
707 2702 904 2794 προςεόξασθε
933 2708 1009 2794 πρός
1037 2704 1137 2813 κύριον
1164 2706 1218 2771 τόν
1241 2706 1314 2772 θεόν

66 2788 131 2857 ἀπὸ
149 2788 273 2876 Φαραώ.
298 2791 374 2856 ίκαί
390 2793 521 2876 λέγουσιν
539 2789 571 2855 οί
581 2786 675 2898 θερό-
707 2787 796 2874 ὑμῶν,
808 2792 860 2854 καί
871 2792 1026 2878 περιελέτω
1039 2790 1083 2875 ἀπ
1104 2793 1175 2873 ἐμοῦ
1187 2789 1240 2857 τὸν
1250 2787 1313 2856 θά-

64 2898 169 2950 ποντες
184 2874 300 2960 Φαραὼ
313 2873 389 2961 πρός
402 2868 502 2940 αὐτόν.
529 2878 584 2949 ἕως
596 2898 674 2950 τινος
706 2897 794 2939 νατον
810 2875 925 2940 τοῦτον.
964 2874 1111 2952 1’ἰξλθε
1127 2874 1159 2938 δὲ
1178 2879 1312 2957 Μωυσῆς

30 3014 36 3022 .
65 2957 252 3024 ἔσταιτοῦτο
268 2954 336 3042 ἡμῖν
352 2958 480 3059 σκῶλονη·
505 2953 673 3034 έξαπόστει-
705 2955 767 3022 ἀπὸ
790 2956 922 3043 Φαραὼ,
948 2959 999 3023 καὶ
1039 2903 1135 3034 ίιξατο
1159 2957 1235 3042 πρὸς
1258 2957 1312 3021 τόν

66 3036 120 3105 λον
144 3039 213 3115 τούς
232 3036 424 3127 ἀνθρώπους,
449 3038 532 3116 ὅπως
548 3035 673 3146 λατρεύ·
703 3036 782 3106 θεόν.
806 3041 898 3105 19καί
921 2985 1059 3128 μετεβαλε
1083 3036 1186 3125 κύριος
1208 3039 1312 3123 ἀνεμον

64 3150 137 3189 σωσι
149 3125 195 3207 τῷ
205 3124 268 3188 θεῶ
282 3122 392 3189 αὗτιόν.
417 3122 435 3208 ἢ
449 3125 551 3189 εἰδέναι
563 3125 672 3211 βουλει,
704 3116 766 3189 ἀπό
779 3118 933 3208 θαλάσσης
951 3125 1028 3206 σ’ςοδ
1046 3123 1094 3202 όν,
1119 3125 1173 3187 καί
1187 3120 1311 3227 ἀνελαρε

65 3201 113 3270 ὅτι
131 3189 287 3273 ἀπόλωλεν
297 3207 454 3286 Ᾰίγυπτος
459 3237 471 3284 ,·
497 3206 575 3271 8καὶ
595 3206 672 3273 ἀπέ-
702 3206 755 3291 την
780 3204 887 3291 ἀκρίδα
909 3209 960 3270 καί
976 3211 1030 3293 έβα
1062 3203 1242 3281 ναύτ“ν·είς
1258 3231 1311 3291 την

65 3307 196 3374 στρεψαν
218 3282 271 3354 τόν
293 3316 324 3355 τε
341 3294 477 3374 Μωυσῆν
493 3291 545 3353 καί
555 3284 672 3376 Ἀαρὼν
703 3287 833 3393 έρυθράν
845 3283 1012 3353 θάλασσαν.
1026 3288 1077 3353 καί
1086 3286 1139 3392 οίη
1148 3231 1310 3373 ύπείείφθη

62 3370 143 3457 πρὸς
163 3367 287 3456 Φαραώ.
312 3376 362 3438 καί
379 3372 455 3439 εἶπεν
475 3370 585 3447 αὐτοῖς.
613 3399 672 3437 πο-
703 3373 787 3455 ακρίς
797 3368 851 3452 μία
865 3373 895 3434 ἐν
906 3359 1211 3463 πάσηγῇΑίγιπτου.
1224 3373 1309 3435 20καὶ

63 3448 186 3556 ρεύεσθε
197 3457 248 3517 καί
260 3452 435 3541 λατρεύοατε
449 3460 539 3540 κυρίῳ
552 3459 597 3537 τῷ
608 3460 671 3538 θεῷ
703 3448 854 3556 ε’σκληρυνε
867 3447 966 3556 κύριος
978 3449 1032 3536 τίην
1044 3452 1169 3538 καρδίαν
1184 3451 1310 3538 Φυραοό,

64 3539 156 3618 υμῶν.
181 3541 253 3613 τίνες
272 3537 303 3603 δέ
320 3540 371 3605 καί
387 3544 460 3613 τίνες
480 3537 549 3602 εἰσίν
566 3534 598 3601 οί
614 3565 672 3602 πο-
703 3537 754 3601 καί
762 3562 815 3601 ουκ
825 3534 1004 3612 ἔξαπεστειλε
1013 3534 1084 3609 τούς
1090 3533 1173 3608 υἱοὺς
1182 3530 1309 3618 Ἰσραήλ

63 3608 227 3704 ρευόγενοιγ
262 3621 344 3686 ίκαί
358 3621 433 3699 λέγει
452 3623 594 3704 Μωυσῆς.
621 3619 673 3685 σύν
703 3623 730 3662 2¹
743 3613 803 3685 είπε
815 3615 957 3723 δὲ’κύριος
968 3616 1044 3704 πρὸς
1056 3619 1201 3702 Μωυσῆν.
1220 3619 1310 3683 έίντει-

63 3714 127 3777 τοῖς
146 3709 301 3780 νεανίσκοις
325 3706 377 3768 καί
393 3705 599 3790 πρεσβυτέροις
615 3727 672 3767 πο-
704 3723 753 3766 νον
765 3699 817 3786 τὴν
829 3714 911 3788 χεῖρα
924 3729 976 3768 σου
988 3707 1026 3777 εἲς
1038 3701 1092 3767 τόν
1103 3697 1236 3786 οὐρανόν.
1259 3704 1310 3767 καί

63 3780 242 3871 ρευσόμεθα,
265 3786 397 3861 οὖντοῖς
414 3792 489 3877 υίοῖς
506 3787 557 3850 καί
574 3796 672 3863 θυγα-
703 3781 855 3868 γενηθήτω
881 3782 985 3860 σκότος
1004 3786 1055 3849 έπί
1070 3788 1123 3862 γῆς
1140 3781 1309 3863 Αἰγύπτου,

62 3863 159 3954 τράσι,
172 3871 224 3934 καί
233 3863 395 3956 προβάτοις
406 3872 459 3934 καί
467 3871 569 3956 βουσίν
582 3863 671 3953 ἡμῶν.
704 3863 883 3970 ψηλαφητόν
892 3865 1002 3942 σκότος.
1014 3871 1043 3909 ²²
1049 3870 1163 3943 ἐξέτεινε
1173 3867 1204 3933 δὲ
1209 3874 1308 3934 Μωυ-

62 3954 123 4016 ἔστι
136 3951 197 4040 γὰρ
209 3953 298 4040 έορτίη
308 3958 417 4039 κυρίου.
429 3955 458 3997 ¹⁰
466 3954 517 4017 καί
526 3950 586 4018 εἶπε
594 3953 671 4037 πρός
703 3980 754 4037 σης
767 3951 819 4034 την
827 3961 911 4054 ηεΐρα
924 3954 962 4026 εἴς
975 3949 1027 4015 τόν
1038 3945 1171 4033 οὐρανόν.
1185 3950 1236 4015 καί
1245 3952 1307 4029 ἐγέ-

63 4031 184 4112 αότούς.
206 4035 283 4102 έίττιο
296 4033 386 4112 οίίτω,
398 4032 495 4119 κύριος
506 4034 568 4118 μεθ’
583 4033 599 4101 ύ
620 4040 670 4101 οἶν.
702 4050 766 4101 νετο
783 4061 887 4110 σκοτος
903 4030 1027 4116 γνόφος,
1049 4030 1162 4098 θύελλα
1178 4037 1227 4098 ἐπὶ
1247 4037 1307 4097 πᾶ.

62 4115 175 4183 καθότι
193 4114 369 4185 ἀποστείλω
388 4112 474 4201 ὑμᾶς,
497 4120 537 4204 μη
554 4065 671 4203 κοίτην
703 4144 757 4201 σαν
766 4123 821 4198 γ”ν
828 4115 990 4196 Αἰγύπτου
1003 4125 1078 4204 τρεῖς
1090 4115 1206 4203 ἡμέρας.
1220 4118 1249 4158 ²³
1258 4118 1309 4181 καί

62 4198 229 4284 ἀποσκευὴν
253 4199 350 4292 ύηςῷνς
377 4200 448 4267 ἴδετε
473 4198 520 4268 ότι
542 4207 670 4288 πονηρία
702 4199 756 4267 οὐκ
778 4147 850 4268 είδεν
875 4199 967 4277 οὐδεὶς
991 4201 1044 4266 τόν
1068 4198 1196 4280 ἀδελφὸν
1213 4194 1309 4264 αὐτοῦ

61 4281 230 4370 πρόςκειται
248 4282 323 4367 ύμῖν,
348 4285 421 4370 11μη
434 4281 535 4362 ούτως.
548 4289 671 4371 πορευέ-
704 4297 777 4375 τρεῖς
791 4283 905 4370 ἡμέρας.
931 4286 981 4349 καί
999 4283 1054 4349 ούκ
1067 4286 1202 4364 έξανέστη
1215 4278 1309 4355 οὐδεὶς

62 4377 186 4433 σθωοαν
198 4367 229 4434 δέ
241 4371 272 4432 οῖ
284 4368 395 4453 ἀνδρες,
405 4371 455 4433 καὶ
467 4367 671 4455 λατρευοότω-
703 4371 734 4432 ἐκ
747 4374 797 4452 τῆς
809 4374 907 4451 κοίτης
919 4365 1012 4432 αὐτοῦ
1022 4375 1096 4450 τρεῖς
1106 4361 1221 4448 ἡμέρας.
1235 4368 1309 4426 πᾶσι

61 4475 117 4516 σαν
141 4455 185 4536 τῷ
204 4455 276 4536 θεῷ.
303 4456 394 4517 τοῦτο
410 4451 469 4539 γὰρ
488 4451 574 4518 αὐτοὶ
589 4456 672 4538 ε’κζη-
703 4451 734 4518 δὲ
753 4464 815 4528 τοῖς
832 4455 907 4525 υῖοῖς
923 4447 1118 4534 Ἰσραηλφῶς
1131 4433 1166 4527 ἦν
1178 4448 1208 4507 ἓν
1219 4448 1309 4506 πᾶσθ

1266 4521 1309 4595 olo
