2924 4972
163 200 231 274 994
314 204 685 271 ΜΑΚΚΑΒΑΙΩΝ
715 207 984 268 ammos
1022 202 1292 282 πεφυτεῑιε.

165 335 265 398 ἐθνῶν
287 330 432 405 ἐδείναζον
452 331 504 392 καί
521 324 702 430 ἐδυςφόρουν
724 329 776 391 ἐπὶ
810 322 852 401 ῶς
864 322 1064 407 άναιμόξοντα
1076 323 1130 390 τόν
1141 326 1279 412 βασιλέα,
1291 327 1422 417 μετέθη-

165 419 210 498 τῴ
233 417 289 477 τσῦ
311 413 421 498 ἀνδρός
445 410 540 493 ἀδίκῳ
562 434 655 494 φονῳ.
682 411 776 474 44τοῦ
809 434 848 474 κε.
874 409 906 452 ⁴⁷
920 412 971 475 καί
996 405 1051 473 τόν
1073 406 1126 492 μέν
1148 414 1201 492 τῆς
1220 408 1291 496 όλης
1316 419 1422 491 κακίας

166 499 199 564 δέ
218 496 363 583 βασιλέως
386 492 604 569 ἐπανελθόντος
629 490 694 560 άπό
714 498 776 558 τῶν
809 495 907 559 αἴτιον
917 491 1079 558 Μενέλαον
1097 490 1227 559 άπελυσε
1243 500 1307 560 τῶν
1324 524 1423 584 κατη-

167 579 246 646 κατό
258 578 401 644 Κιλικίαν
413 572 528 652 τόπων,
541 573 732 662 ἐνετύγχανον
745 579 776 640 ολ
807 571 1007 662 γορημάτεον,
1032 586 1097 650 τοῖς
1110 574 1143 640 δὲ
1156 575 1371 666 ταλαιπώρως,
1390 587 1423 647 σί

167 661 247 730 κατὰ
270 658 359 727 πόλιν
381 660 526 726 Ἰουδαῖοι
553 683 776 744 συμμισοπονη-
808 685 892 734 τινες,
905 663 930 724 εί
948 662 1000 723 καί
1011 660 1062 723 ἐπὶ
1073 665 1205 724 Σκυθῶν
1216 662 1422 741 ε”λεγον,αἰπε-

167 742 363 849 ροόνρωνΙκαί
374 749 435 847 τῶν
448 741 613 850 ΞΕλλήνωχ,
631 740 706 845 ὑπὲρ
718 747 775 807 τοῦ
808 743 945 843 λύθησαν
967 741 1006 807 ἂν
1027 736 1275 867 όκατόχονωστρι,
1298 744 1421 853 τρότομ

167 827 447 996 ιιιιιιιι
461 832 776 1012 ιιιιιτιιι
807 827 1421 995 αλιθυιυιιιιι

167 997 232 1070 θείς
243 997 294 1059 καὶ
307 994 430 1076 τραπείς
442 999 481 1069 είς
491 993 589 1069 ἔλεον,
602 995 654 1059 καί
665 994 776 1076 δακρυ-
807 994 858 1056 καί
870 987 971 1094 δήμων
979 992 1031 1056 καί
1042 995 1103 1056 τῶν
1115 994 1200 1096 λερῶν
1212 998 1321 1058 σκευῶν
1334 1023 1420 1083 προ-

168 1103 224 1153 σας
236 1075 419 1143 διάτ“ντοτ”ν
426 1073 643 1161 μετηλλαχότος
653 1101 774 1161 συφρο·
807 1099 1029 1160 αγορευσαντες.
1068 1074 1146 1139 44δι
1177 1071 1214 1161 ἣν
1239 1082 1338 1142 αἰτίαν
1365 1084 1420 1146 καί

168 1158 258 1244 οόνην
282 1104 334 1224 καλ
356 1159 472 1246 πολλήν
495 1158 647 1236 εὐταξίαν,
674 1160 705 1203 ³⁸
722 1160 775 1223 καί
811 1155 916 1243 Τύριοι
947 1154 1241 1242 μισοπονηρήσαντες
1272 1158 1314 1226 τόν
1337 1161 1418 1249 πρὸς

167 1245 318 1329 παραθεὶς
348 1255 412 1319 τοῖς
437 1253 568 1326 θυμοῖς,
592 1247 774 1327 παραχρῆμα
807 1241 860 1343 τήν
871 1241 987 1327 κηδείαν
996 1239 1098 1306 αὐτῶν
1107 1241 1340 1329 μεγαλοπρεπῶς
1349 1249 1419 1331 ἐχο-

167 1325 224 1407 τήν
237 1330 292 1392 τοῦ
302 1326 493 1411 Ἀνδρονίκου
505 1329 666 1412 πορφύραν
679 1349 775 1409 περιε-
806 1349 949 1409 ρηγησαν.
984 1325 1016 1368 ⁶⁰
1030 1323 1049 1390 ό
1065 1324 1097 1390 δὲ
1117 1325 1276 1402 Μενελαος
1292 1328 1344 1392 διὰ
1362 1329 1419 1405 τάς

167 1408 297 1495 λόμενος,
309 1412 361 1474 καί
374 1407 445 1484 τοός
457 1414 582 1515 χιτῶνας
591 1405 773 1495 περιρῥήξαι,
806 1412 867 1473 τῶν
889 1402 1081 1493 κρατούντων
1115 1407 1286 1486 πλεονεξίας
1322 1415 1417 1494 ἔμενεν

168 1491 359 1579 περιαγαγών
371 1491 441 1558 καθ’
457 1491 530 1575 όλην
543 1492 599 1577 τήν
611 1488 714 1567 πόλιν,
727 1491 772 1555 ἐπ’
807 1493 857 1556 ἐπὶ
869 1496 920 1575 τῆς
934 1489 1039 1579 ἀρχῆς,
1052 1487 1248 1574 ἐπιφυόμενος
1260 1497 1299 1587 τῇ
1311 1503 1415 1579 κακίᾳ,

169 1573 262 1641 αὐτόν
274 1572 327 1638 τόν
339 1571 447 1650 τόπον,
455 1569 548 1661 οὗπερ
561 1579 600 1649 είς
612 1574 667 1639 τόν
676 1573 775 1639 Ὀνίαν
805 1577 897 1656 μέγας
914 1580 976 1638 τῶν
993 1573 1128 1640 πολιτῶν
1147 1576 1308 1662 ἐπίβουλος
1320 1590 1415 1644 καθε-

169 1656 326 1744 ἧσεβησεν,
351 1661 413 1722 ἐκεῖ
422 1653 476 1723 τόν
493 1654 650 1742 μιαιφόνον
662 1653 775 1723 όπεκό·
807 1653 893 1733 στῶς.

170 1766 273 1826 σμησε,
286 1745 343 1806 τοῦ
368 1744 470 1826 κυρίου
494 1739 550 1823 τήν
576 1740 664 1818 ἀξίαν
689 1739 774 1824 αὐτῷ
1003 1745 1035 1804 Κ
1048 1747 1077 1804 E
1093 1745 1132 1804 Φ.
1176 1737 1226 1806 Ε’.

168 1824 293 1890 κόλασιν
310 1819 488 1899 ἀποδόντος.
515 1826 546 1868 ³⁹
558 1829 721 1930 γενομένων
741 1824 775 1888 δέ
806 1789 910 1910 Περὶ
921 1820 954 1889 δέ
966 1821 1019 1888 τόν
1035 1824 1140 1929 καιρόν
1158 1829 1269 1891 τοῦτον
1281 1827 1335 1911 τήν
1346 1828 1412 1891 δευ-

168 1907 291 1973 πολλῶν
299 1903 555 1992 Ἶεροσολυμάτων
564 1933 643 1974 κατα
652 1907 707 1992 τήν
715 1903 775 1972 πό-
808 1910 897 1991 τέραν
921 1906 1033 1988 δ’φοδον
1061 1905 1239 1990 όΑντίσχος
1259 1913 1300 1982 είς
1310 1913 1413 1985 Λίγυ-

169 1986 541 2073 λινόπότσῠΑυσιμάχοο
553 1989 774 2074 μετότήςΜε-
808 2014 885 2056 πτον
910 1989 1074 2055 ἐστείλατο.
1111 1994 1127 2034 ²
1149 1994 1250 2075 συνέβη
1275 1991 1308 2055 δὲ
1334 1991 1409 2056 καθ’

169 2066 278 2137 νελᾶου
294 2067 425 2154 γνώμης,
446 2075 501 2136 καλ
511 2073 700 2155 διαδοθείσης
712 2074 775 2148 ἔξω
807 2069 878 2155 όλην
902 2071 957 2175 τήν
979 2069 1071 2138 πόλιν
1103 2068 1202 2158 σχεδόν
1227 2071 1270 2155 ἐφ’
1302 2070 1414 2159 ἡμέρας

169 2158 223 2260 τής
235 2151 342 2238 φήμης,
349 2149 531 2238 έπισυνήχθη
544 2156 580 2220 τό
593 2156 714 2260 πλήθος
726 2157 775 2220 ἐπί
807 2179 1031 2240 τεσσαρακοντα
1045 2161 1206 2234 φαίνεσθαι
1225 2155 1277 2223 διὰ
1294 2163 1350 2223 τοῦ
1362 2158 1413 2223 ἀέ-

168 2260 225 2302 τον
232 2243 419 2321 Λυσίμαχον,
424 2235 623 2323 χρυσωμάτων
632 2241 687 2325 ηδη
695 2237 776 2303 πολ-
826 2263 860 2312 ος
872 2240 1028 2322 τρέχοντας
1041 2244 1140 2315 ίππετς
1151 2237 1327 2327 διαχρύσους
1339 2268 1412 2308 στο-

169 2320 232 2385 λῶν
244 2320 471 2425 διενηνεγμένων.
501 2322 536 2366 ⁴⁰
550 2325 775 2406 ἐπεγειρσμέναν
806 2264 862 2397 λάς
886 2325 1021 2406 ἔχοντας,
1046 2324 1099 2387 καί
1123 2318 1234 2409 λόγχας
1259 2324 1414 2409 σπειρηδὸν

169 2402 202 2468 δὲ
214 2408 276 2468 τῶν
297 2403 393 2487 οχλαν
414 2405 466 2468 καλ
486 2415 551 2480 ταῖς
573 2405 676 2490 ὀργαῖς
697 2406 775 2485 διτμ·
806 2404 1051 2488 ἐξωπλισμένους,
1065 2406 1140 2472 3καὶ
1152 2407 1336 2483 ίλαςῖππαυ
1349 2411 1414 2473 δια-

167 2485 391 2570 πιμπλαμένων,
416 2488 608 2563 καθοπλίσας
633 2487 650 2552 ό
676 2493 773 2552 Λυσί·
806 2491 992 2569 τεταγμένας,
1003 2492 1056 2552 καὶ
1067 2490 1239 2574 προςβολός
1251 2496 1413 2572 γινομένας,

167 2594 263 2654 μαχος
288 2569 364 2651 πρὸς
388 2569 574 2654 τριςχιλίους,
604 2569 773 2655 κατήρξατο
805 2571 1058 2654 καὶκαταδρομὰς
1071 2574 1230 2654 ἑκατέρων,
1255 2573 1414 2639 καίάσπί-

167 2657 271 2737 χειρῶν
285 2651 409 2726 ἀδίκων,
435 2658 682 2737 προηγησαμένου
695 2653 773 2727 τινός
805 2653 866 2719 δαν
878 2650 1014 2736 κινήσεις,
1024 2659 1076 2721 καί
1087 2656 1229 2738 καμάκων
1241 2652 1357 2740 πλήθη,
1362 2659 1414 2721 καί

168 2732 317 2816 τυράννου
334 2734 553 2822 προβεβηκότος
574 2736 629 2820 τήν
648 2733 772 2821 ήλικίαν,
804 2742 956 2820 μαχαιρῶν
980 2737 1147 2819 σπασμοὺς,
1164 2742 1216 2803 κατ’
1238 2740 1334 2825 βελῶν
1358 2744 1413 2825 βσ-

168 2816 254 2883 οόδὲν
265 2816 296 2881 δέ
308 2808 397 2897 ἧττον
409 2821 462 2882 καλ
472 2817 524 2901 τήν
536 2818 650 2886 άνοιαν.
664 2823 774 2885 44συνι-
804 2816 872 2894 λός,
886 2823 937 2883 καί
958 2825 1076 2905 χρυσῶν
1098 2821 1218 2902 κόσμων
1240 2819 1413 2903 ἐκλάμψας,

168 2896 267 2976 δόντες
278 2899 311 2967 δὲ
324 2904 375 2965 καὶ
387 2901 441 3000 τήν
460 2906 594 2966 ἐπίθεσιν
606 2909 662 2967 τοῦ
676 2910 773 2968 Λυσι·
804 2904 856 2967 καί
880 2910 1041 2977 παντοίους
1064 2901 1284 2985 θωρακισμοός.
1327 2905 1344 2946 4
1363 2902 1413 2970 διό

167 2982 273 3067 μάχου,
287 2990 561 3069 συναρπασαντεςοῖ
571 2985 625 3068 μέν
634 2990 771 3071 πέτρους,
804 2982 916 3060 πάντες
927 2986 1030 3066 ἠξίουν
1041 2983 1085 3048 ἐπ’
1105 2984 1216 3065 ἀγαθῷ
1229 2983 1282 3064 τήν
1296 2985 1415 3064 ἐπιφά-

167 3072 197 3130 oz
209 3068 242 3130 δὲ
254 3064 351 3142 ξόλων
362 3064 405 3131 π’
426 3095 459 3148 η,
472 3066 545 3142 τινές
557 3070 590 3133 δέ
602 3073 634 3133 ἐκ
647 3076 698 3154 τῆς
710 3096 772 3134 πα-
804 3092 879 3134 νιιαν
890 3073 1036 3146 γενέσθαι
1065 3069 1080 3110 4
1091 3070 1243 3149 γενομένης
1255 3064 1287 3129 δέ
1300 3065 1414 3144 λαλιᾶς

167 3152 336 3230 ρακειμένης
349 3094 466 3213 σπόόοῶ
478 3148 681 3232 δρασσόμενοι,
694 3149 773 3236 φόρ-
805 3152 944 3235 ψευδοῦς,
964 3151 1005 3224 ῶς
1025 3144 1239 3232 μετηλλαχότος
1264 3146 1317 3213 τόν
1341 3155 1413 3236 βίον

166 3231 219 3313 δην
232 3233 416 3294 ἐνετίνασσον
428 3235 467 3305 εἰς
480 3230 550 3306 τσός
560 3236 626 3314 περὶ
640 3235 694 3299 τόν
705 3240 773 3298 Av—
799 3229 964 3314 Ἀντιόχου,
988 3230 1175 3318 παραλαβών
1189 3231 1207 3296 ό
1220 3230 1336 3297 Ἰάσων
1354 3233 1412 3299 οὐκ

167 3320 299 3418 σίμαχον.
323 3312 355 3354 ⁴²
366 3311 401 3378 δι’
417 3310 453 3399 ἣν
466 3319 566 3380 αἰτίαν
575 3317 708 3392 πολλοὺς
719 3317 772 3400 μέν
803 3311 941 3388 ἐλάττους
961 3317 1023 3378 τῶν
1045 3314 1154 3398 χιλίων,
1183 3316 1339 3394 αἰφνιδίως
1361 3319 1413 3381 ἐπί

166 3403 268 3462 αυτῶν
281 3403 464 3481 τραυματίας
476 3401 632 3483 ἐποίησαν,
646 3401 728 3476 τινός
739 3400 771 3465 δὲ
803 3396 856 3501 τήν
868 3392 956 3461 πόλιν
969 3395 1176 3463 συνετελέσατο
1190 3402 1335 3462 ἐπίθεσιν.
1349 3403 1411 3463 τῶν

166 3483 217 3544 καί
233 3480 414 3567 κατέβαλον,
434 3477 548 3556 πάντας
567 3482 599 3546 δὲ
619 3489 657 3558 είς
674 3484 772 3567 φυγήν
802 3482 835 3545 δι
853 3483 902 3546 ἐπὶ
918 3484 962 3565 τῷ
981 3485 1063 3566 τείχει
1083 3482 1335 3557 συνελασθέντων,
1360 3484 1411 3546 καί

166 3560 349 3645 συνήλασαν,
375 3562 469 3626 αὐτόν
487 3562 519 3628 δὲ
536 3563 591 3629 τόν
617 3564 771 3648 ἱερόσυλον
803 3565 888 3637 τέλος
902 3563 959 3646 ήδη
971 3563 1273 3649 καταλαμβανομένης
1285 3568 1337 3664 τής
1350 3564 1410 3629 πό-

165 3644 251 3728 παρό
271 3642 307 3708 τό
324 3644 549 3725 γαζοφυλάκιον
566 3644 770 3731 ἐχειρώσαντο.
803 3647 891 3723 λεως,
917 3642 1111 3720 όΜενελαος
1123 3651 1162 3720 εἰς
1174 3646 1229 3729 τήν
1242 3645 1410 3729 άκροπσλιν

165 3724 197 3768 44
208 3729 276 3809 περὶ
289 3725 321 3790 δέ
341 3723 458 3792 τούτων
478 3731 578 3812 ἐνέστη
590 3737 683 3815 κρίσις
695 3728 771 3815 πρός
803 3725 1008 3810 ἐφυγάδευσεν.
1037 3727 1082 3792 ῦὸ
1100 3727 1132 3791 δὲ
1147 3726 1258 3794 Ἰάσων
1282 3734 1411 3793 ἐποιεῖτο

164 3804 220 3872 τόν
237 3809 406 3875 Μενέλαον.
433 3810 468 3854 44
479 3811 722 3893 καταντήσαντος
738 3812 771 3878 δὲ
803 3810 922 3891 σφαγάς
934 3817 995 3877 τῶν
1007 3812 1138 3877 πολιτῶν
1156 3817 1218 3877 τῶν
1232 3813 1314 3876 ἰδίων
1324 3808 1410 3889 α’φει-

163 3894 218 3952 τοῶ
233 3893 384 4035 βασιλέως
409 3898 448 3967 εές
472 3890 581 3977 Τόρον,
605 3894 649 3959 ἐπ’
674 3895 770 3961 αὐτοῦ
803 3896 877 3969 δῶς,
903 3894 942 3960 οὐ
955 3900 1091 3961 συννοῶν
1103 3893 1157 3976 τήν
1169 3899 1209 3968 εἰς
1221 3892 1294 3967 τοὺς
1306 3919 1411 3972 συγγε-

163 3970 219 4056 τήν
251 3973 435 4051 ικαιολογίαν
454 3975 635 4060 ἐποιήσαντο
652 3983 770 4062 οἱπεμ-
802 3989 858 4052 νεΐς
879 3977 1033 4062 εὐημερίαν
1069 3979 1170 4059 δυςημε
1191 3983 1238 4040 ίαν
1255 3974 1331 4039 εἶναι
1357 3979 1411 4079 τήν

163 4058 288 4134 φθέντες
300 4052 404 4139 άνδρες
422 4071 497 4139 τρεῖς
515 4059 576 4124 ὑπό
594 4066 647 4145 τῆς
663 4087 769 4143 γερου
800 4066 946 4143 μεγίστην.
974 4060 1072 4125 δοκῶν
1084 4061 1115 4125 δὲ
1129 4003 1277 4138 πολεμίων
1290 4062 1344 4122 καὶ
1357 4084 1410 4142 ουχ

162 4144 239 4215 σίας.
265 4137 295 4181 ⁴⁶
312 4135 368 4222 ήδη
386 4137 419 4202 δὲ
436 4141 619 4225 λελειμμένος
637 4142 769 4210 όΜενέ-
801 4142 957 4226 ὁμοεθνῶν
988 4139 1121 4227 τρόπαια
1150 4137 1411 4227 καταβάλλεσθαι,

160 4218 236 4298 λασς
255 4220 448 4305 ἐπηγγείλατο
465 4222 601 4307 χρήματα
619 4225 706 4290 ίκανό
723 4233 769 4293 τῶ
801 4231 880 4310 7τῆς
891 4225 945 4311 μέν
958 4225 1049 4311 ἀρχῆς
1069 4224 1124 4290 οὐκ
1141 4220 1299 4306 ἐκράτησε,
1327 4221 1365 4288 τό
1378 4223 1411 4289 δὲ

162 4304 343 4388 Πτολεμαίῳ
363 4307 406 4387 τῷ
427 4310 614 4390 Δορυμένους
636 4305 714 4392 πρός
730 4294 768 4376 τό
800 4311 887 4386 τέλος
898 4315 952 4394 τῆς
964 4305 1284 4411 ἐπιβουληςὶαῖσχάνην
1295 4305 1410 4393 λαβὼν,
1432 4368 1439 4395 χ

159 4397 258 4453 πεῖσαι
277 4387 331 4452 τόν
344 4384 484 4534 βασιλέα.
510 4388 544 4431 ⁴⁶
557 4385 628 4453 ὅθεν
647 4391 767 4457 ἀπολα-
800 4392 896 4476 φυγὰς
907 4391 999 4457 πάλιν
1012 4397 1050 4464 είς
1059 4391 1297 4473 τήνΑμμανίτιν
1310 4388 1412 4474 ἀπήλ-

156 4467 220 4545 βιόν
237 4465 255 4533 ό
274 4477 343 4535 Πτο
363 4483 462 4553 εμαῖος
481 4471 520 4548 είς
544 4497 572 4538 τι
591 4479 766 4562 περίστυλον
799 4489 864 4543 θεν.
891 4478 1016 4560 4πέρας
1035 4474 1092 4541 οὖν
1111 4479 1203 4559 κακῆς
1215 4471 1412 4623 ἆίᾱσῐὲθφῆς

1328 4582 1410 4640 τυχευ
