2924 4972
108 241 174 307 σοι
339 242 630 307 mmmm
651 234 874 303 ισιπιιωι
915 231 1054 313 πηοί
1070 225 1120 297 14.

104 359 151 425 ότι
173 358 352 451 παρεκλήθη
367 363 418 426 ἐπί
439 358 552 444 Ἀμνὼν
570 359 617 424 δτι
634 357 710 424 ύπέ-
740 357 810 422 εἷπε.
837 359 872 452 ζῇ
889 353 998 444 ιιύριος,
1023 361 1049 422 εἲ
1067 366 1197 420 πεσεῖται
1219 354 1284 418 ἀπὸ
1298 360 1350 438 τῆς

104 454 189 510 θανε.
739 437 838 589 τριχὸς
850 446 905 506 τοῦ
916 445 985 506 υίοῦ
998 466 1053 506 σου
1063 442 1115 504 ἐπὶ
1126 436 1182 521 τὴν
1190 441 1254 520 γῆν.
1268 439 1350 501 12ιιαί

291 531 365 591 ΚΕ
378 528 416 587 Φ.
460 518 528 589 Μ’.
738 548 818 588 επεν
839 519 856 607 ἦ
874 520 956 608 γυνη.
982 516 1144 626 λαλησότω
1161 518 1197 604 δη
1218 518 1234 602 η
1254 519 1346 602 δουλη

105 579 190 678 Καὶ
201 604 376 691 ὲγνωἸωύβ
389 602 453 681 υἱός
464 599 617 688 Σαρουίας
630 600 677 669 ῦτι
691 601 709 692 ἦ
740 633 798 673 σου
810 603 886 692 πρὸς
898 604 952 673 τὸν
971 602 1007 671 ιιύ
1027 632 1074 672 ιον
1085 629 1141 688 μου
1153 604 1280 690 βασιλέα
1292 605 1346 687 ῥη-

105 696 216 778 ιιαρδία
230 694 286 754 τοῦ
294 686 438 772 βασιλέως
450 684 708 773 έπίἈβεσσαλιόμ.
738 717 789 771 μα.
814 693 866 756 καί
877 688 947 754 εἶπε.
972 632 1107 774 λόλησον.
1133 689 1160 729 ¹³
1174 688 1225 751 καὶ
1236 685 1315 750 εἶπεν
1329 683 1347 768 ἢ

103 780 118 817 ²
132 777 184 838 καὶ
196 767 366 836 ἀπέστειλεν
375 767 469 857 Ἰωὰβ
481 774 519 845 είς
537 769 646 846 Θεκωὲ,
659 773 711 836 καί
738 767 819 855 γυνη.
845 777 926 838 ἴνατί
937 773 1062 850 ἐλογίσω
1075 773 1196 835 τοιοῦτο
1209 771 1259 832 ἐπὶ
1271 764 1347 832 λαὸν

102 855 206 941 ἐλαβεν
218 855 328 918 ἐκεῖθεν
340 864 464 930 γυναῖκα
477 850 586 936 σοφίην,
607 854 659 918 καί
670 852 711 919 εί·
739 860 815 919 θεοῦ
820 883 834 935 ,·
860 855 879 939 ἢ
892 857 925 918 ίιι
940 853 1088 937 πόματος
1102 856 1158 915 τοῦ
1168 851 1314 927 βασιλέως
1328 846 1346 913 5

102 963 139 1003 πε
151 933 229 1023 πρὸς
247 931 350 1020 αῦτην.
374 937 524 1020 πένθησον
540 935 576 1020 δι’]
595 941 646 1003 καί
664 941 711 1002 έν-
741 933 832 1015 λόγος
850 928 942 1012 σῦτος
958 935 999 1012 ὡς
1015 934 1211 1018 πλημμέλεια,
1236 936 1294 996 τοῦ
1306 930 1347 1014 μη

102 1023 190 1086 δυσαι
204 1013 307 1102 ίμῦτια
317 1019 459 1097 πενθικδι,
484 1016 588 1104 καὶμὴ
601 1018 708 1114 όλείιμη
742 1023 920 1106 ἐπιπρέψαι
936 1017 1130 1124 τὸνβασιλέα
1149 1012 1202 1080 τόν
1219 1018 1345 1096 ἔξωσμί-

103 1104 220 1179 έλαιον,
232 1102 282 1167 καί
294 1105 346 1195 ἔση
360 1098 400 1177 ὥς
411 1098 483 1187 γυνη
493 1107 648 1169 πενθοῦσα
660 1107 711 1169 ἐπί
742 1127 792 1168 νον
812 1100 928 1182 ἀῦτοῦ;
953 1102 983 1145 ¹⁴
1002 1127 1050 1167 οτι
1070 1096 1198 1181 θανότῳ
1220 1096 1347 1162 ἇποθα·

102 1182 259 1273 τεθνηκότι
278 1193 370 1251 τοῦτο
384 1181 496 1272 ἡμέρας
507 1183 633 1260 πολλὰς,
645 1188 710 1251 3ιιαί
742 1182 888 1270 νούμεθα,
923 1187 975 1250 καί
989 1182 1083 1271 ιίίςπερ
1098 1181 1135 1247 τὸ
1150 1180 1228 1266 ῦδωρ
1241 1178 1277 1245 τό
1291 1207 1348 1245 ιια·

104 1266 206 1369 ἐλεύση
218 1266 294 1356 πρὸς
306 1267 360 1336 τὸν
377 1267 524 1354 βασιλέα,
551 1270 602 1332 καὶ
615 1265 710 1352 λαλη-
742 1264 940 1354 ταφερόμενον
952 1271 1002 1333 έπί
1013 1273 1066 1352 τῆς
1077 1271 1118 1350 γῆ
1120 1293 1134 1341 ς
1149 1261 1167 1329 5
1180 1263 1216 1328 οῦ
1237 1288 1347 1348 συναχ·

106 1382 163 1431 σεις
175 1350 251 1440 πρὸς
264 1348 359 1418 αὐτόν
372 1349 452 1417 ιιατύ
465 1349 501 1416 τὸ
514 1355 594 1437 ῥῆμα
606 1356 708 1417 τοῦτο.
741 1349 877 1436 θήσεται,
900 1357 951 1417 καὶ
964 1347 1093 1436 λήψεται
1111 1346 1128 1413 5
1148 1345 1221 1423 θεὸς
1238 1347 1346 1452 ψυηην,

104 1444 157 1504 καὶ
170 1442 275 1521 έθηκεν
296 1431 390 1520 Ἰωίιβ
405 1431 477 1509 τούς
494 1432 601 1511 λόγους
618 1439 649 1500 ἐν
667 1439 712 1498 τιῦ
741 1438 792 1499 καί
805 1432 986 1520 λογιζόμενος
998 1439 1056 1499 τοῦ
1064 1436 1170 1515 ἐξῶσαι
1184 1428 1236 1496 ἄπ’
1252 1433 1347 1495 αυτοῦ

106 1517 231 1604 στόματι
245 1514 345 1596 αύτῆς.
371 1517 387 1560 ⁴
400 1521 452 1582 καί
464 1517 594 1599 ελςῆλθεν
607 1512 625 1601 ἢ
639 1501 712 1601 γυνλη
743 1521 922 1601 ἐξεωσμένον.
948 1519 975 1561 ¹⁵
988 1520 1038 1582 καί
1051 1522 1102 1582 νῦν
1113 1513 1132 1580 5
1145 1515 1241 1599 ἦλθον
1253 1514 1346 1598 λαλη-

104 1601 124 1690 ἧ
142 1599 371 1690 Θεκωίτιςπρύς
382 1597 435 1664 τόν
447 1600 636 1686 βασιλέα,ιιαί
646 1603 713 1665 έπε-
743 1627 793 1666 σαι
805 1599 881 1687 πρὸς
898 1597 1088 1686 τὸνβασιλέα
1105 1599 1159 1662 τὸν
1176 1592 1277 1681 κύριόν
1289 1623 1346 1678 μου

106 1713 152 1755 σεν
164 1691 214 1754 ε’πί
232 1682 395 1773 πρόςωπον
412 1681 505 1766 αὐτῆς
520 1688 559 1758 εἰς
578 1679 633 1767 την
648 1687 712 1767 γῆν,
743 1684 779 1749 τὸ
793 1687 871 1770 ῥῆμα
884 1687 986 1759 τοῦτο,
999 1680 1046 1748 ότι
1064 1681 1176 1766 όψεταί
1186 1706 1220 1761 με
1233 1676 1251 1745 5
1264 1678 1346 1754 λαὸς,

105 1774 157 1836 καὶ
169 1765 377 1857 προςειιύνησεν
389 1764 481 1851 αὐτῷ,
495 1769 545 1833 ιιαὶ
557 1765 627 1831 εἷπε.
652 1771 714 1832 σοῦ-
742 1771 794 1835 ιιαί
811 1772 871 1853 ἐρεῖ
885 1764 903 1852 ἡ
921 1762 1013 1849 δούλη
1032 1793 1097 1832 σου.
1132 1757 1293 1847 λαλησότω
1310 1763 1346 1846 δη

107 1878 161 1919 σον
192 1853 308 1926 ασιλεῦ,
332 1856 440 1915 σῶσον.
467 1850 547 1914 ὅιιαὶ
564 1848 626 1914 εἶπε
638 1847 714 1935 πρὸς
742 1849 819 1937 πρὸς
831 1849 885 1914 τὸν
902 1845 1003 1934 κύριόν
1013 1875 1070 1932 μου
1082 1848 1135 1912 τὸν
1146 1847 1280 1933 βασιλέα,
1306 1847 1347 1910 εί-

106 1934 202 2019 αῦτην
221 1931 239 1998 5
256 1930 402 2020 βασιλεύς.
429 1939 460 1996 τί
476 1935 539 1998 ἐστι
556 1958 603 1998 σοι
608 1961 620 2011 ‚·
643 1928 662 2015 ἦ
682 1931 713 1998 δὲ
742 1959 808 2008 πως
819 1928 934 2017 ποιήσει
955 1929 972 1996 5
989 1930 1125 2018 βασιλεὺς
1144 1927 1177 1995 τὸ
1196 1933 1277 2034 ῥῆμα
1294 1934 1347 2012 τῆς

106 2018 176 2084 εἶπε.
204 2018 255 2081 καί
271 2011 354 2100 μάλα
383 2013 456 2099 γυνη
475 2011 553 2102 χήρα
570 2014 629 2092 ἐγώ
647 2019 712 2100 είμι,
742 2012 849 2101 δούλης
862 2014 967 2091 αὐτοῦ,
992 2016 1021 2057 ¹⁰
1039 2009 1085 2078 ότι
1098 2009 1219 2078 ἀκούσει
1231 2039 1249 2078 ο
1262 2017 1348 2100 βασι-

106 2106 158 2167 ιιαὶ
170 2098 322 2166 ἀπέθανεν
334 2096 351 2163 5
365 2093 439 2182 ἇνηρ
451 2124 518 2181 μου.
544 2098 620 2163 6ιιαί
629 2122 661 2177 γε
673 2103 711 2182 τῇ
742 2097 816 2174 λεύς.
842 2094 988 2185 ῥυσάσθω
1006 2095 1059 2180 τὴν
1076 2094 1185 2180 δούλην
1202 2094 1297 2161 αῦτοῦ
1314 2099 1346 2160 έιι

106 2181 200 2289 δούλη
223 2208 278 2249 σου
300 2178 355 2248 δύο
378 2184 448 2256 υἱοί,
461 2184 512 2246 καί
535 2184 712 2286 έμαηέσαντο
741 2181 833 2268 χειρὸς
845 2187 900 2247 τοῦ
914 2178 1021 2266 ἀνδρὸς
1039 2185 1093 2245 τοῦ
1107 2183 1265 2263 ζητοῦντος
1277 2181 1347 2256 ίξᾶ-

108 2257 274 2352 ἆμφότεροι
287 2268 317 2331 έν
330 2269 374 2349 τῷ
386 2263 486 2351 ἀγρῷ,
511 2269 561 2330 καί
579 2291 633 2330 ουιι
647 2255 682 2348 ἦν
695 2263 712 2329 5
741 2273 837 2351 ραίμε
849 2260 965 2330 καὶτὸν
977 2266 1042 2328 υἱόν
1076 2291 1112 2328 ου
1125 2263 1188 2328 ἀπὸ
1201 2263 1347 2347 κληρονο-

106 2346 309 2437 ἐξαιρούμενος
334 2346 486 2431 ἇναμέσον
509 2347 620 2413 αὐτῶν.
662 2350 713 2412 καὶ
740 2356 809 2433 μίας
820 2352 907 2413 θεοῦ.
933 2292 1347 2430 17ιιαὶεύίτενἶηγυνηελῆδη

106 2435 227 2499 ἔπαισεν
240 2428 258 2496 5
271 2431 309 2508 είς
322 2428 375 2495 τὸν
392 2436 443 2495 ἕνα
461 2427 588 2515 ἀδελφόν
605 2427 713 2505 αὐτοῦ,
742 2429 759 2497 5
772 2428 861 2508 λόγος
873 2433 931 2495 τοῦ
943 2436 1047 2516 κυρίου
1064 2456 1121 2512 μου
1134 2434 1192 2494 τοῦ
1197 2431 1347 2578 βρισιλέως

106 2511 158 2580 καὶ
183 2511 372 2581 ἐθανάτωσεν
398 2508 500 2581 αῦτόν.
540 2515 623 2580 7ιιαὶ
648 2508 714 2579 ίδού
743 2520 782 2591 εἷς
794 2520 912 2590 θυσίας.
939 2509 985 2578 ότι
1002 2513 1107 2588 καθὼς
1126 2512 1197 2591 ῦγγε
1234 2518 1346 2589 ςθεοῦ,

105 2601 254 2683 ἐπανέστη
268 2593 323 2682 ῦλη
337 2594 477 2683 ἦπατριόι
487 2595 565 2703 πρὸς
577 2595 630 2681 τὴν
641 2593 712 2662 δού-
743 2596 840 2674 ούτως
865 2594 883 2662 5
905 2592 1003 2703 ιιύριός
1018 2624 1076 2680 μου
1094 2595 1112 2661 5
1129 2595 1266 2684 βασιλεύς
1290 2600 1347 2661 τοῦ

105 2679 161 2764 λην
174 2707 241 2755 σου,
255 2680 412 2746 καίείπαν.
435 2677 485 2754 δὸς
500 2707 551 2746 τον
563 2686 713 2746 παίσαντα
743 2678 860 2746 ἀκούειν
881 2680 916 2744 τὸ
938 2681 1058 2757 αγαθὸν
1077 2683 1129 2746 καί
1150 2680 1185 2744 τὸ
1207 2677 1348 2765 πονηρὸν,

104 2765 159 2829 τὸν
171 2762 300 2845 ἀδελφὸν
313 2761 420 2838 αὐτοῦ,
432 2765 483 2825 καὶ
495 2762 712 2844 θαναταίσομεν
743 2768 793 2829 καί
805 2760 906 2868 κύριος
917 2759 935 2827 5
949 2759 1019 2839 θεός
1033 2789 1089 2829 σου
1101 2766 1185 2829 ἔσται
1196 2762 1271 2845 μετὰ
1283 2766 1347 2828 σοῦ.

106 2845 201 2913 αὐτὸν
218 2844 286 2912 ἇντί
308 2850 361 2929 τῆς
383 2849 480 2929 ψυχῆς
503 2850 558 2910 τοῦ
579 2843 712 2926 ἀδελφοῦ
742 2847 996 2932 1ῑλιιαὶαπεκρίθη
1014 2845 1031 2911 5
1048 2846 1196 2934 βασιλεὺς,
1221 2849 1272 2909 ιιαί
1285 2844 1348 2909 εἶπε

105 2930 204 2997 αὐτοῦ
228 2920 265 2996 οῦ
291 2927 454 3003 ἇπίιιτεινε,
478 2929 529 2992 ιιαί
554 2928 712 3014 ἐξαροῦμεν
741 2929 819 3015 πρὸς
830 2927 884 3015 την
895 2943 1031 3007 γυναῖκα.
1057 2929 1096 3015 μη
1110 2926 1145 3013 δη
1159 2922 1274 3014 κρύψης
1291 2924 1343 2991 ἀπ’

104 3020 160 3078 καί
180 3039 213 3090 γε
237 3012 292 3078 τόν
321 3007 505 3096 κληρονόμον
529 3006 620 3094 ῦμῶν.
659 3014 711 3078 καί
742 3017 814 3097 ἐμοῦ
826 3016 917 3100 ῥῆμα,
931 3010 950 3078 5
963 3012 1022 3091 ἐγώ
1036 3017 1178 3099 ἐπερωτῶ
1190 3037 1228 3079 σε.
1241 3001 1347 3076 ’καλεί-

105 3090 309 3179 σβέσουσιτὸν
325 3089 466 3177 ῦνθραιιό
477 3119 533 3175 μου
552 3091 711 3160 τόνιιατα-
740 3092 827 3200 πενίη
849 3093 929 3180 γυνη.
964 3093 1125 3180 λαλησότω
1148 3093 1183 3180 δη
1206 3093 1224 3161 5
1246 3091 1346 3182 ιιύριός

104 3176 264 3256 λειφθέντα
289 3169 361 3251 οῦςτε
376 3174 416 3258 μη
434 3179 548 3242 θέσθαι
565 3181 610 3262 τῷ
627 3176 712 3265 οἰνδρί
741 3205 830 3263 μουο
848 3176 991 3268 βασιλεύς.
1017 3183 1045 3223 ¹⁹
1063 3182 1114 3246 καὶ
1130 3178 1207 3245 εἶπεν
1225 3176 1243 3243 5
1262 3183 1346 3267 βασι-

102 3286 161 3360 μΙου
180 3258 363 3343 κατόλειμμα
381 3258 432 3323 καὶ
449 3259 545 3346 ὄνομα
558 3265 607 3327 ἐπὶ
618 3290 642 3327 π
662 3290 711 3339 ος-
742 3258 817 3339 λεύς.
842 3263 882 3348 μη
895 3260 914 3347 ἢ
926 3265 985 3349 χείρ
994 3260 1090 3351 ’Ῑωόιβ
1102 3267 1132 3328 ἒν
1143 3264 1235 3329 παντὶ
1246 3258 1346 3345 τούτῳ

103 3369 191 3408 ωπου
205 3347 257 3428 τῆς
267 3347 329 3428 γης.
362 3344 379 3386 ⁸
391 3346 442 3410 ιιαὶ
455 3343 533 3411 εἶπεν
544 3342 562 3410 5
574 3289 710 3432 βασιλεὺς
740 3345 813 3428 μετὰ
827 3352 881 3412 σοῦ
885 3376 898 3428 ,·
924 3349 975 3411 ιιαί
991 3346 1068 3412 εἶπεν
1080 3344 1098 3431 ἦ
1117 3345 1191 3433 γυνη
1205 3350 1249 3430 τῷ
1259 3349 1347 3432 βασι-

102 3423 179 3515 πρὸς
192 3425 246 3510 τὴν
257 3437 393 3504 γυναῖκα.
431 3423 603 3507 ῦγιαίνουσα
614 3428 710 3517 βάδιζε
741 3431 792 3495 λεί.
809 3433 845 3524 ζῇ
857 3427 875 3514 ἢ
889 3426 969 3534 ψυχη
982 3456 1037 3496 σου
1050 3427 1135 3537 κύριέ
1143 3456 1203 3514 μου
1216 3429 1347 3517 βασιλεῦ,

103 3518 142 3588 είς
165 3511 220 3577 τὸν
238 3505 322 3576 οἶκόν
341 3536 408 3587 σου,
432 3511 518 3595 ιιᾷγαύ
541 3512 709 3596 ἐντελυῦμαι
741 3517 766 3577 ελ
783 3517 861 3579 ε”στιν
878 3517 918 3589 είς
934 3538 974 3578 τα
992 3512 1071 3590 δεξιὰ
1089 3540 1107 3595 η
1127 3518 1166 3589 εἰς
1178 3511 1218 3578 τόι
1230 3511 1348 3597 ἄριστε-

103 3599 171 3680 περί
184 3599 248 3660 σοῦ.
263 3595 336 3659 9ιιοιλ
349 3593 427 3659 εἶπεν
439 3592 457 3678 ἢ
470 3594 543 3699 γυνη
559 3591 578 3678 ἡ
597 3596 709 3661 Θεκωΐ-
741 3595 780 3681 ρόι
801 3599 834 3660 έιι
854 3592 977 3663 πόντων
993 3589 1036 3660 ὧν
1055 3594 1196 3676 ἐλάλησεν
1212 3591 1231 3657 5
1248 3588 1346 3671 κύριός

101 3702 146 3751 τις
162 3675 240 3762 πρὸς
258 3675 312 3740 τὸν
326 3676 458 3762 βασιλέα.
494 3680 534 3742 έπ
562 3675 612 3785 ἐμὲ
629 3675 712 3766 ιιύριέ
741 3705 798 3763 μου
811 3677 829 3744 5
841 3679 987 3767 βασιλεὺς,
1000 3674 1048 3743 ὅτι
1061 3675 1078 3742 5
1092 3672 1202 3750 δοῦλός
1214 3698 1269 3737 σου
1278 3671 1346 3735 Ἰω-

102 3783 159 3835 μου
171 3755 322 3844 βασιλεῦῆ
339 3757 450 3841 ἀνομία
466 3760 517 3824 ιιαλ
535 3760 586 3826 ἔπι
598 3759 651 3827 τόν
663 3762 710 3828 οἱ·
742 3762 783 3847 διβ
800 3758 891 3836 αῦτός
910 3757 1072 3825 ἐνετείλατό
1093 3784 1160 3839 μοι,
1185 3757 1237 3820 καί
1254 3750 1347 3827 αὐτὸς

102 3865 157 3905 ιιον
171 3844 227 3905 τοῦ
239 3834 357 3927 πατρός
371 3865 446 3922 μου,
472 3844 524 3908 καί
542 3838 710 3930 ὁβασιλεύς
741 3847 830 3906 έθετο
848 3847 879 3906 δν
894 3846 940 3925 τῷ
957 3839 1082 3922 στόματι
1099 3844 1153 3941 της
1169 3833 1275 3918 δούλης
1292 3861 1346 3901 σου

103 3924 156 3986 καί
180 3917 327 4006 ὁθρόνος
353 3919 451 3988 αὐτοῦ
476 3923 592 4000 ἀθῶος.
617 3928 710 3989 10ιιαί
740 3923 857 3998 πάντας
873 3923 943 3996 τούς
962 3920 1070 4001 λόγους
1081 3944 1214 3992 τούτους.
1241 3920 1272 3961 ²⁰
1285 3924 1345 3983 ἕνε-

102 4001 182 4069 εἶπεν
202 4001 220 4067 5
238 4001 384 4091 βασιλεύς.
410 4011 455 4081 τίς
472 4004 491 4071 5
509 4006 609 4070 λαλῶν
631 4003 708 4088 πρὸς
740 4029 789 4068 ιιεν
805 4010 862 4070 τοῦ
879 4006 1042 4091 περιελθεῖν
1058 4001 1094 4068 τό
1112 4002 1274 4088 πρόςωπον
1291 4008 1345 4067 τοῦ

103 4087 146 4161 σὲ,
172 4088 224 4151 καί
235 4087 311 4164 ἄξεις
324 4084 418 4151 αὐτὸν
434 4086 511 4173 πρὸς
524 4084 582 4168 ἐμὲ,
607 4085 706 4151 καλοῦ
741 4082 871 4172 ῥύματος
887 4083 999 4154 τούτου
1016 4084 1035 4153 5
1051 4090 1185 4168 ἐποίησεν
1203 4082 1220 4150 5
1239 4082 1346 4161 δοῦλός

101 4165 266 4254 προςθησει
284 4170 328 4231 ἔτι
341 4163 483 4250 ἅψασθαι
497 4167 601 4233 αὐτοῦ.
620 4173 708 4237 11ιιαὶ
741 4196 796 4236 σου
814 4168 908 4257 ’Ῑωόβ
927 4169 981 4236 τὸν
1003 4168 1095 4249 λόγον
1114 4175 1230 4235 τοῦτον.
1254 4173 1305 4235 καί
1327 4169 1344 4234 5

102 4250 189 4317 εἶπεν.
216 4247 444 4336 μνημονευσύτω
468 4249 504 4333 δὴ
529 4247 546 4315 5
572 4253 706 4338 βασιλεύς
740 4250 842 4341 κύριός
854 4281 912 4337 μου
926 4255 1020 4338 σοφὸς
1033 4253 1138 4329 καθώς
1152 4260 1243 4336 σοφία
1257 4252 1346 4332 ἇγγέ-

102 4336 157 4401 τὸν
172 4332 273 4421 κύριον
289 4331 361 4400 θεὸν
379 4330 477 4398 αὐτοῦ
493 4334 706 4421 πληθυνθῆναι
740 4338 795 4403 λου
807 4345 862 4405 τοῦ
875 4344 948 4403 θεοῦ
961 4347 1017 4406 τοῦ
1026 4344 1135 4418 γνῶναι
1148 4336 1249 4403 πάντα
1263 4338 1301 4402 τόν
1316 4341 1345 4402 ἐν

102 4419 242 4508 ἆγχιστέα
255 4423 310 4488 τοῦ
319 4424 443 4504 αἵματος
456 4423 510 4484 τοῦ
523 4421 705 4509 διαηθεῖραι,
742 4428 780 4513 τῇ
796 4427 842 4507 γῆ.
883 4426 967 4488 21ιιαὶ
985 4425 1064 4490 εἶπεν
1082 4420 1098 4488 5
1115 4423 1252 4509 βασιλεύς
1269 4420 1346 4506 πρὸς

102 4509 153 4572 καὶ
166 4505 201 4572 οῦ
217 4506 256 4592 μη
271 4501 396 4594 ίξύρωσι
416 4503 468 4571 τόν
487 4500 552 4571 υἱόν
561 4532 630 4592 μου.
656 4510 705 4573 καὶ
738 4497 838 4596 Ἰωύβ.
867 4506 933 4574 ἰδού
946 4508 982 4594 δη
1001 4503 1129 4593 ἐποίησά
1143 4533 1191 4574 σοι
1204 4501 1348 4651 κατηίητὸν

1279 4611 1347 4663 ογοι
