2924 4972
166 187 232 294 752
469 217 786 282 ΣοοοΝιΑΣ
824 209 1092 302 Κιφρῖγίυσ.

158 353 231 421 κίας.
270 346 350 408 6καὶ
372 347 455 408 ἔσται
472 339 580 427 Κρήτη
599 342 675 426 νομή
695 368 766 407 ποι-
800 342 946 418 παιδείαν,
957 343 1007 406 ἐπὶ
1017 344 1061 424 τῷ
1074 346 1166 426 κυρίῳ
1178 337 1234 404 σύκ
1244 341 1412 416 ἐπεποίθει,
1452 336 1461 397 ⁴.

158 434 265 514 μνίων,
293 428 344 492 καὶ
360 421 478 511 μάνδρα
492 422 663 511 προβάτων.
691 428 704 469 7
716 427 768 490 καὶ
800 428 850 489 καί
863 422 939 509 πρός
954 421 1095 489 τὸνθεόν
1112 421 1203 507 αὐτῆς
1216 419 1270 487 οὐκ
1283 422 1403 505 ἤγγισεν

159 516 244 578 ἔσται
257 509 294 574 τὸ
308 516 463 593 σχοίνισμα
475 513 527 593 τῆς
537 505 692 592 θαλάσσης
705 520 767 582 τοῖς
800 509 814 550 ⁸
829 514 859 574 οἳ
872 508 1009 593 άρχσντες
1026 503 1118 590 αὐτῆς
1135 508 1165 569 ἐν
1178 503 1256 600 αὐτῇ
1271 505 1313 581 ῶς
1325 507 1413 572 λέον-

159 593 356 666 καταλσίποις
369 593 454 656 οἴκου
463 590 577 668 Ἰούδα,
595 590 641 656 ἐπ’
656 587 767 666 αὐτούς
800 617 847 666 τες
871 587 1050 677 ὠρυόμενοι,
1077 594 1108 654 οῖ
1129 589 1228 674 κριταὶ
1253 587 1345 673 αὐτῆς
1369 588 1412 668 ῶς

159 672 336 759 νεμήσονται
349 677 382 740 ἐν
393 684 456 750 τοῖς
470 676 561 750 οἴκοις
570 671 765 748 Ἀσκάλωνος,
800 671 885 740 λύκοι
902 679 955 758 τῆς
974 673 1131 759 Ἀραβίας,
1157 670 1212 755 οὐχ
1228 669 1412 738 ὑπελίποντο

160 759 255 841 δείλης
279 753 498 824 καταλύσουσιν
518 756 581 822 άπὸ
603 753 767 842 προςῶπου
800 762 840 832 εἷς
851 758 977 861 τοπρωΐ.
990 756 1042 821 ⁴02
1051 759 1206 840 προφῆται
1217 752 1310 838 αὐτῆς
1320 781 1411 822 πνευ-

160 846 233 907 υίῶν
247 838 364 916 Ἰούδα,
390 835 437 905 ὅτι
456 844 634 907 ἐπέσκεπται
658 838 767 914 αὐτούς
799 865 979 925 ματοφσροι,
993 836 1094 924 ἄνδρες
1107 845 1350 923 καταφρονηταί.’
1369 843 1411 903 ἱε-

159 920 261 1011 κύριος
273 921 291 989 ό
304 922 376 998 θεὸς
389 922 501 999 αὐτῶν,
517 926 569 988 καὶ
580 921 767 1008 ἀποστρέφει
800 935 859 1027 ρεῖς
885 923 977 1006 αὐτῆς
1001 921 1155 1009 βεβηλοῦσι
1179 920 1220 985 τά
1246 919 1332 999 άγια,
1350 924 1411 988 ’καί

159 1007 215 1092 τήν
223 1006 424 1110 αίημαλωσίαν
433 1005 685 1089 αύτῶν.8ήκουοα
695 1005 767 1070 ὀνει-
801 1012 940 1092 ασεβοῦσι
954 1003 1053 1089 νόμον.
1074 1008 1088 1048 ⁵
1102 1001 1120 1069 ό
1135 1004 1168 1070 δὲ
1180 1000 1281 1090 κύριος
1293 1005 1410 1081 δίκαιος

158 1086 401 1238 δισμουςΜωδφ,
415 1091 466 1154 καί
476 1085 686 1170 κονδυλισμούς
695 1093 768 1153 υἱῶν
800 1092 922 1174 ἐνμέσῳ
937 1087 1039 1173 αὐτῆς,
1052 1088 1104 1152 καί
1116 1085 1152 1152 σύ
1165 1086 1204 1172 μή
1216 1083 1328 1181 ποιήσῃ
1340 1088 1409 1153 δι’δι-

156 1171 285 1255 Ἅμμών,
298 1176 330 1238 ἐν
342 1198 360 1237 ο
372 1199 387 1248 ς
400 1171 543 1249 ὠνείδιζον
554 1170 607 1238 τόν
615 1168 692 1238 λαόν
700 1197 766 1253 μου,
801 1198 864 1248 κον,
877 1173 963 1257 πρωῒ
970 1172 1055 1256 πρωῒ
1063 1167 1148 1236 δύσει
1160 1175 1250 1257 κρίμα
1260 1169 1357 1237 αὐτοῦ
1369 1176 1409 1247 είς

161 1257 213 1322 καὶ
237 1252 447 1338 ἐμεγαλύνοντο
472 1258 522 1321 ἐπὶ
545 1253 586 1320 τά
612 1251 681 1340 ὅριά
700 1281 766 1339 μου.
801 1259 873 1358 φῶς.
896 1257 951 1332 Ικαί
969 1253 1023 1320 οὐκ
1036 1251 1188 1341 άπεκρύβη
1202 1251 1320 1319 καὶούκ
1332 1259 1408 1332 ἔγνω

161 1343 177 1385 ⁹
190 1335 240 1406 διά
253 1344 355 1414 τοῦτο,
368 1341 410 1415 ζῶ
423 1338 493 1416 ἐγώ,
506 1339 581 1417 λέγει
594 1335 694 1424 κύριος
706 1343 769 1403 τῶν
800 1340 917 1403 αδικίαν
928 1343 959 1404 ἐν
971 1336 1142 1422 ἀπαιτήσει,
1167 1338 1219 1401 καὶ
1232 1335 1288 1402 οὐκ
1300 1343 1339 1413 εἰς
1353 1351 1409 1404 νεῖ-

162 1417 312 1502 δυνάμεων
323 1419 340 1486 ό
353 1423 427 1497 θεὸς
435 1418 567 1508 Ἰσραήλ,
577 1418 652 1487 διότι
662 1419 769 1505 Μωάβ
800 1446 851 1496 κος
864 1421 992 1488 ἀδικίαν.
1012 1423 1028 1465 ⁰
1041 1424 1072 1485 ἐν
1083 1421 1240 1505 διαφθορᾷ
1254 1426 1409 1487 κατέσπα-

162 1533 203 1581 ως
219 1501 345 1588 Σόδομα
368 1507 468 1583 ἔσται,
496 1508 547 1569 καί
567 1506 629 1570 υίοὶ
647 1502 768 1588 Ἀμμών
802 1531 842 1570 σα
855 1500 1072 1590 ὑπερηφάνους,
1082 1503 1292 1589 ἠφανίσθησαν
1304 1509 1409 1582 γωνίαι

163 1585 205 1662 ῶς
216 1592 250 1651 Γ
247 1585 372 1672 όμοῤῥα,
388 1589 440 1652 καί
453 1586 612 1669 Δαμασκὸς
625 1588 768 1670 έκλελειμ-
801 1588 912 1654 αὐτῶν.
940 1585 1114 1672 έξερημιόσω
1132 1584 1187 1662 τάς
1205 1584 1295 1663 ὁδούς
1308 1591 1409 1652 αὐτῶν

162 1672 233 1756 με’νη
260 1667 300 1745 ῶς
316 1675 447 1753 θιμωνία
466 1666 581 1745 ἅλωνος
596 1673 647 1736 καί
663 1670 768 1755 ἦφανι-
801 1668 837 1735 τὸ
849 1667 1008 1754 παράπαν,
1022 1675 1077 1735 τοῦ
1090 1669 1130 1755 μή
1145 1666 1289 1735 διοδεύειν.
1316 1670 1408 1746 ἐξελι-

164 1757 255 1838 σμένη
269 1758 308 1828 είς
319 1753 373 1818 τὸν
386 1756 490 1819 αἰῶνα.
516 1754 568 1819 καί
581 1758 613 1819 οἶ
624 1750 768 1818 κατάλοι-
800 1780 860 1820 που
872 1758 906 1819 αί
917 1750 1018 1828 πόλεις
1030 1751 1141 1829 αὐτῶν,
1153 1751 1238 1838 παρά
1248 1750 1285 1818 τό
1293 1755 1408 1836 μηδένα

162 1861 218 1903 ποι
232 1837 310 1901 λαοῦ
318 1862 374 1919 μου
387 1837 571 1922 διαρπῶνται
582 1834 704 1913 αύτούς,
717 1837 769 1901 καὶ
804 1833 951 1922 ὑπάρχειν,
964 1836 1036 1922 μηδὲ
1048 1847 1202 1902 κατοικεῖν.
1217 1835 1313 1911 ἐῖπα,
1325 1835 1408 1919 πλήν

164 1924 196 1985 σί
206 1916 387 1985 κατάλοιποι
399 1924 505 1996 ἔθνους
516 1945 575 2004 μου
584 1916 767 2024 κληρονομή-
802 1925 947 2028 φοριῖσθέ
969 1946 1018 2004 με,
1044 1923 1095 1984 καί
1119 1923 1244 1997 δεξασθε
1260 1920 1409 1996 παιδείαν,

163 2028 268 2069 σοσσιν
290 2001 410 2078 αὐτούς.
442 2003 561 2106 1θαίίτη
580 2003 683 2079 αὐτοῖς
700 2007 769 2068 αντὶ
802 2030 853 2068 και
869 2002 905 2069 ού
923 2003 963 2089 μή
986 2002 1222 2086 έξολοθρευθῇτε
1239 2005 1270 2079 ἐξ
1286 2001 1410 2084 ὀφθαλ-

162 2090 215 2168 τής
240 2081 351 2171 άβρεως
373 2086 488 2163 αὐτῶν,
512 2087 588 2152 διστι
605 2084 767 2160 ῶνείδισαν,
801 2091 865 2168 μῶν
884 2085 974 2172 αύτής
994 2082 1096 2151 πάντα
1116 2084 1176 2151 ὅσα
1193 2088 1343 2170 ἐξεδίκησα
1361 2083 1406 2151 ἐπ’

163 2170 215 2235 καί
226 2166 464 2254 ἔμεγαλύνθησαν
475 2172 525 2235 ἐπί
536 2167 591 2235 τόν
602 2164 705 2255 κύριον
714 2166 768 2234 τὸν
803 2168 906 2255 αὐτήν.
931 2166 1099 2274 ε’τσιμάζου,
1118 2169 1274 2255 όρθρισον,
1288 2174 1409 2254 ἔφθαρ-

162 2251 405 2339 παντοκράτορα.
417 2249 659 2337 11ἐπιφανήσεται
670 2247 769 2337 κύριος
802 2278 852 2318 ται
871 2258 956 2320 πάσα
982 2282 1002 2338 η
1019 2252 1173 2335 έπιφυλλὶς
1192 2251 1303 2318 αὐτῶν.
1330 2251 1409 2318 θδιά

163 2333 207 2400 ἐπ’
223 2334 347 2414 αὐτούς,
374 2337 427 2401 καί
439 2333 642 2421 ίξσλοθρεύσει
652 2331 769 2410 πάντας
801 2340 893 2401 τοῦτο
905 2331 1063 2421 ύπόμεινόν
1074 2361 1117 2418 με,
1143 2335 1220 2414 λέγει
1232 2331 1343 2421 κύριος,
1369 2341 1410 2413 είς

163 2417 234 2494 τοὺς
257 2420 346 2495 θεοὺς
362 2416 423 2483 τ’ῶν
439 2421 536 2486 ἐθνῶν
557 2425 609 2506 τῆς
626 2423 693 2505 γῆς,
718 2420 769 2482 καὶ
803 2417 913 2504 ἡμέραν
925 2414 1115 2495 άναστάσεῶς
1123 2445 1181 2503 μου
1190 2425 1228 2494 εἰς
1237 2417 1408 2505 μαρτύριον.

162 2498 413 2606 προςκυνήσουσιν
432 2501 518 2586 αύτῷ
532 2507 656 2577 ἕκαστος
669 2506 701 2567 ἐκ
713 2506 768 2566 τοῦ
803 2500 849 2568 διὸ
859 2498 895 2566 τό
906 2505 995 2585 κρίμα
1003 2527 1063 2586 μου
1073 2508 1111 2578 είς
1121 2501 1293 2581 συναγωγάς
1303 2505 1410 2580 έθνῶν,

163 2611 262 2650 τοπου
289 2585 402 2663 αὐτοῦ,
428 2590 525 2651 πᾶσαι
551 2591 584 2651 αἱ
602 2592 685 2671 νῆσοι
706 2587 769 2649 τῶν
803 2589 861 2650 τοῦ
878 2586 1063 2662 είςδέξασθαι
1075 2586 1218 2672 βασιλεῖς,
1242 2590 1297 2650 τοῦ
1309 2590 1410 2669 ἐκχέαι

162 2672 269 2734 ἐθνῶν.
292 2670 387 2734 12καί
406 2666 485 2751 ὑμεῖς
499 2671 651 2743 Αἰθίοπες
675 2692 768 2752 τραυ-
803 2669 847 2733 ἐπ’
867 2667 978 2744 αὐτούς
995 2675 1097 2734 πᾶσαν
1115 2667 1205 2754 ὀργήν
1222 2672 1322 2751 θυμοᾷ
1339 2693 1407 2750 μου.

160 2758 265 2833 ματίαι
279 2755 427 2837 ῥομφαίας
437 2778 496 2834 μου
508 2756 584 2817 ἐστέ.
597 2751 680 2815 13καί
692 2755 767 2815 ἐκτε·
802 2748 879 2817 διότι
892 2755 924 2816 ἐν
936 2753 1010 2837 πυρὶ
1021 2748 1109 2836 ζήλου
1120 2778 1176 2834 μου
1188 2747 1409 2836 καταναλωθή-

162 2841 206 2898 κεί
216 2832 269 2916 τήν
284 2845 366 2918 χεῖρα
379 2833 476 2898 αὐτοῦ
493 2836 543 2898 ἐπὶ
555 2836 692 2919 Βορρᾶν,
717 2834 768 2897 καί
803 2861 885 2901 σεται
898 2840 984 2901 πᾶσα
997 2834 1016 2917 ἦ
1028 2840 1076 2917 γῆ.
1089 2833 1159 2900 9ὅτι
1171 2831 1236 2899 τότε
1247 2837 1409 2918 μεταστρέ-

162 2914 272 2980 ἆπολεῖ
287 2916 341 2981 τὸν
356 2911 522 2999 Ἀσσύριον,
547 2918 601 2980 καὶ
610 2915 698 2999 θήσει
714 2917 768 3018 τήν
802 2936 855 3001 φα
867 2921 918 2982 ἐπὶ
934 2916 1026 2993 λαούς
1037 2918 1176 2996 γλῶσσαν
1189 2922 1226 2990 εἷς
1236 2915 1335 2993 γενεάν
1347 2914 1408 2978 αὐ-

161 2998 274 3084 Νινεοή
301 3005 338 3074 εἰς
364 2997 530 3082 ἀφανισμόν
556 2997 695 3083 άνυδρον,
727 3025 768 3075 ως
802 3004 865 3084 τῆς,
873 3009 930 3068 τοῦ
939 2992 1298 3066 έπικαλεῖσθαιπάνταςτὸ
1306 2994 1408 3076 ὄνομα

161 3084 277 3164 ἔρημον.
291 3083 377 3146 14καὶ
391 3079 563 3166 νεμήσονται
575 3086 697 3165 ἐνμέσῳ
711 3082 767 3147 αὐ·
803 3089 920 3170 κυρίου,
945 3086 1003 3147 τοῦ
1020 3081 1164 3144 δουλεύειν
1181 3077 1265 3159 αὐτῷ
1281 3073 1342 3141 ὑπὸ
1356 3081 1373 3154 ζ
1391 3120 1409 3131 -

161 3168 212 3247 τῆς
224 3170 355 3248 ποίμνια,
381 3168 432 3229 καὶ
444 3165 546 3230 πάντα
557 3166 597 3231 τά
608 3170 703 3249 θηρία
715 3170 767 3250 τής
801 3165 856 3244 γὸν
867 3171 927 3230 ἕνα.
946 3167 976 3208 ¹⁰
988 3167 1020 3228 lx
1032 3157 1171 3244 περάτων
1182 3163 1330 3242 ποταμῶν
1344 3166 1410 3225 Αἶ-

160 3251 228 3329 γῆς,
253 3249 304 3312 καὶ
327 3247 536 3351 ηαμαιλέοντες
556 3249 609 3314 καὶ
627 3254 716 3334 ἐχῖνοι
735 3251 767 3314 ἐν
801 3254 925 3320 θιοπίας
936 3245 1132 3331 πρσςδέξομαι
1145 3245 1177 3307 ἒν
1190 3243 1410 3326 διεσπαρμένοις

161 3342 223 3406 τοῖς
236 3355 429 3413 φατνωμασιν
441 3329 534 3434 αὐτής
547 3328 767 3414 κοιτασθήσον-
800 3357 865 3414 μου,
879 3331 992 3394 οἴσουσι
1005 3331 1115 3400 θυσίας
1127 3351 1186 3408 μοι.
1208 3330 1272 3391 1’ἐν
1284 3331 1322 3419 τῇ
1336 3325 1409 3411 ήμέ-

160 3438 219 3478 ται.
245 3417 297 3481 καὶ
313 3421 410 3499 θηρία
427 3441 553 3499 φωνησει
574 3420 605 3480 έν
621 3425 685 3491 τοῖς
701 3415 766 3479 διο·
801 3441 841 3501 ρᾳ
853 3416 952 3502 ἐκείνη,
962 3411 999 3477 ού
1009 3408 1048 3493 μή
1059 3407 1408 3500 καταισχυνθῇςέκπάν-

160 3494 306 3582 ρύγμασιν
331 3499 424 3583 αὐτῆς
448 3500 498 3563 καί
514 3496 637 3583 κόρακες
658 3501 689 3562 έν
704 3509 767 3572 τοῖς
801 3523 864 3565 τῶν
877 3500 937 3563 τῶν
949 3493 1189 3580 ἐπιτηδευμάτων
1201 3518 1268 3570 σου,
1284 3483 1326 3557 ῶν
1338 3491 1405 3596 ήσέ-

159 3581 296 3646 πυλῶσιν
308 3579 413 3666 αὐτῆς,
437 3578 514 3647 διότι
528 3582 631 3668 κέδρος
643 3579 679 3646 τὸ
692 3577 767 3646 άνά-
801 3586 896 3669 βησας
914 3584 953 3656 εἰς
967 3581 1027 3662 ἐμέ.
1053 3573 1101 3642 ότι
1114 3574 1183 3643 τότε
1202 3574 1327 3661 περιελῶ
1342 3572 1407 3640 από

161 3687 260 3746 στημα
276 3660 375 3750 αὐτῆς.
803 3670 858 3729 σοῦ
878 3663 919 3729 τά
938 3662 1130 3745 φαυλίσματα
1146 3665 1198 3744 τῆς
1217 3653 1325 3759 ἷήίρεῶς
1340 3682 1408 3733 σου,

354 3752 483 3813 ΚΕΦ.
525 3744 579 3811 Γ.
802 3743 1243 3849 καὶούκὲτιμήπροςθῇςτου
1259 3739 1409 3824 walw-

160 3795 294 3912 15Αὕτη
318 3826 337 3911 ἢ
362 3827 452 3905 πόλις
476 3827 495 3912 ἡ
521 3832 717 3917 φαυλίστρια,
747 3828 765 3914 ἡ
801 3820 1410 3917 χήσαιἐπίτοοροςτὸᾶγιόνμουρΰκαί

160 3915 344 3977 κατοικοῦσα
360 3912 404 3977 ἐπ’
420 3912 531 3991 ἐλπίδι,
555 3912 574 3999 ή
593 3915 722 3992 λέγουσα
734 3916 766 3978 έν
803 3909 1001 3994 ύπολήφομαι
1027 3914 1057 3973 ἐν
1083 3913 1131 3974 σοὶ
1149 3906 1223 3971 λαόν
1239 3906 1338 3987 πρᾳύν
1355 3903 1410 3971 καὶ

159 3994 267 4076 καρδίᾳ
282 3992 384 4076 αὐτῆς,
411 3996 471 4073 ἒγοί
484 4002 553 4081 είμι,
570 4000 622 4062 καί
635 3996 690 4061 οὐκ
704 4000 766 4060 ἔστι
802 3997 957 4069 ταπεινὸν,
984 3994 1035 4058 καί
1060 3988 1316 4078 εύλαβηθήσονται
1341 3985 1409 4054 άπὸ

161 4075 219 4158 μετ’
236 4077 286 4158 ἐμὲ
299 4081 351 4142 ἔτι.
377 4085 443 4155 πῶς
462 4076 589 4164 ἐγενήθη
606 4084 645 4153 είς
658 4077 764 4158 σἰφανι-
802 4081 857 4142 τοῦ
870 4075 1021 4157 ὀνόματος
1034 4081 1136 4156 κυρίου
1153 4075 1217 4136 13οί
1228 4066 1410 4136 κατάλοιποι

157 4158 232 4244 σμὸν
245 4157 321 4243 νομή
333 4169 450 4246 θηρίων
456 4191 468 4241 ,·
481 4170 543 4237 πᾶς
557 4161 575 4227 ὁ
589 4157 765 4243 διαπορευό-
801 4163 857 4226 τοῦ
870 4157 1008 4242 Ἰσραήλ,
1034 4159 1084 4222 καί
1101 4155 1138 4221 ού
1151 4151 1325 4239 ποιήσουσιν
1342 4153 1409 4220 ἅδι-

157 4269 241 4324 μενος
253 4245 286 4308 δι’
303 4242 393 4329 αὐτῆς
407 4257 507 4330 συριεί,
529 4247 580 4310 καί
590 4239 698 4326 κινήσει
710 4245 764 4319 τάς
802 4251 885 4319 κίαν,
910 4244 962 4307 καὶ
979 4240 1016 4305 οὗ
1029 4236 1193 4324 λαλήσουσι
1205 4236 1335 4321 μάταια,
1357 4238 1410 4302 καί

155 4338 253 4430 χεῖρας
276 4324 381 4392 αὐτοῦ.
420 4324 518 4410 1ιάή
545 4324 688 4409 ἐπιφανής
714 4330 765 4390 καὶ
801 4326 838 4392 ού
863 4326 903 4411 μή
923 4322 1031 4407 εὑρεθῆ
1050 4327 1081 4387 έν
1097 4328 1143 4406 τῷ
1162 4320 1290 4405 στόματι
1309 4319 1410 4385 αὐτῶν

155 4409 423 4511 απολελυτρωμένη
436 4407 538 4483 πόλις,
565 4408 583 4493 ἡ
607 4411 772 4492 περιστερά
800 4410 922 4488 γλῶσσα
931 4398 1026 4472 δολίά.
1038 4403 1113 4470 διότι
1125 4404 1214 4471 αὐτοὶ
1224 4401 1409 4490 νεμήσονται,

155 4491 239 4556 ὀὐκ
263 4495 409 4574 είςηκουσε
427 4496 535 4577 φωνῆς.
564 4490 619 4558 οὐκ
641 4492 763 4566 ἐδέξατο
800 4494 853 4557 καί
868 4484 1134 4574 κοιτασθήσονται,
1159 4490 1212 4553 καὶ
1223 4486 1280 4554 οὐκ
1294 4484 1408 4596 ε’σταιδ

1316 4595 1411 4652 σκφο-
