2924 4972
425 231 534 292 ιιΣΛ
551 228 647 289 ιΑΣ
687 223 1147 306 Κιρκηλοῑγοοουεο.

154 350 229 440 κρυά
247 377 309 417 σου.
335 348 398 415 λδοὺ
417 355 599 434 προςτίθημι
616 345 692 430 πρὸς
708 345 760 410 τὸν
795 349 846 427 τῆς
870 347 946 429 ζωής
970 370 1038 427 μου,
1052 348 1205 443 κατίνανρι
1231 347 1286 406 τοῦ
1314 345 1406 407 οἴκου

154 433 261 524 χρόνον
283 459 338 499 σου
360 434 515 496 δεκαπέντε
537 433 598 511 ἔτη,
624 430 707 493 6καί
729 431 760 492 ἐκ
795 433 849 491 τοῦ
863 433 950 493 θεοῦ.
975 431 1002 470 ²¹
1016 431 1068 491 καί
1086 426 1164 492 εἶπεν
1188 428 1313 500 Ησαίυς
1326 427 1406 509 πρὸς

156 517 250 606 χειρὸς
261 515 405 603 βασιλέως
415 512 577 598 Ἀσσυρίων
587 507 718 616 ρύσομαί
728 535 761 575 σε
791 508 928 586 Ἐζεκίαν.
967 505 1038 596 λάβε
1063 507 1209 591 παλάθην
1234 512 1267 573 ἐκ
1293 505 1406 586 σύκων,

157 605 208 667 καί
221 600 275 683 τήν
285 595 374 662 πόλιν
390 592 509 679 ταύτην,
526 599 576 659 καί
590 598 761 678 υπερασπιω
794 594 846 656 καί
858 597 977 676 τρίψον,
990 594 1041 657 καὶ
1053 589 1259 666 κατάπλασαι,
1272 594 1322 656 καί
1335 590 1405 668 ὑγι-

158 683 231 766 ὑπὲρ
250 686 302 764 τῆς
320 677 434 753 πόλεως
447 677 566 760 ταύτης.
592 679 710 740 1τοῦτο
730 677 764 740 δέ
795 674 829 760 ής
841 679 902 765 ἴση.
934 677 964 717 ²²
976 679 1027 740 καί
1050 673 1128 739 εἶπεν
1147 673 1284 750 Ἐζεκίας.
1310 679 1406 739 τοῦτο

158 792 208 833 σοι
222 764 256 829 τὸ
271 773 389 845 σημεῖον
404 759 490 844 παρὰ
507 766 619 845 κυρίου,
633 754 680 823 ὅτι
691 785 762 823 ποι·
796 769 913 840 σημεῖον
926 758 1002 838 πρὸς
1012 757 1141 834 Ἐζεκίαν
1155 755 1201 822 ὅτι
1216 755 1408 842 ἀναβήσομαι

160 846 219 934 ήσει
242 844 260 910 ὁ
282 844 356 920 θεὸς
377 840 413 908 τὸ
434 847 515 929 ῥῆμα
536 846 639 906 τοῦτο.
667 840 762 906 11ἰδού
796 846 835 915 είς
847 839 900 905 τὸν
913 839 994 903 οἶκον
1014 845 1070 905 τοῦ
1083 846 1173 917 θεούς

160 929 219 1008 ἐγυλ
236 931 360 1011 στρέψον
378 922 432 1009 τήν
450 923 606 991 σκιάντοίν
623 921 760 1009 ἆναβαθ-
823 929 835 957 ⁹
948 929 1050 986 ·KE
1062 928 1099 986 sl).
1143 919 1229 987 110².

158 1019 221 1098 μῶν
238 1006 290 1084 οὓς
307 1013 416 1095 κατέβη
440 1007 512 1083 τούς
531 1009 604 1074 δέκα
621 1005 763 1092 άναβαθ
798 974 848 1070 Ε
851 1031 866 1071 ν
879 1008 922 1086 τῷ
935 1011 1031 1090 καιρῷ
1045 1010 1143 1087 ἐκείνῳ
1156 1004 1312 1070 ἀπέστειλε
1327 1016 1408 1072 Ma-

158 1123 230 1178 μους
243 1098 297 1158 τοῦ
314 1095 398 1157 οἴκου
417 1096 470 1156 τοῦ
487 1086 602 1175 πατρός
622 1115 678 1155 σου
696 1087 713 1152 ὁ
728 1085 762 1174 51¹-
797 1087 896 1193 ρωδᾶχ
908 1087 1059 1153 Βαλαδάν
1072 1086 1090 1152 ὁ
1103 1087 1170 1163 υίὸς
1182 1089 1410 1165 τοῦΒαλαδάν,

160 1182 230 1253 λιος,
244 1176 431 1261 ἇποστρίψω
452 1173 504 1238 τὸν
518 1168 682 1256 ήλιοντσὺς
693 1173 763 1236 δέκα
798 1199 815 1237 ο
837 1170 974 1259 βασιλεὺς
992 1176 1046 1256 τῆς
1064 1171 1262 1258 Βαβυλωνίας
1285 1176 1410 1238 ἐπιστο-

161 1254 367 1347 ἀναβαθμούς.
391 1259 442 1321 καί
457 1253 578 1341 άνίβηό
600 1253 681 1338 ήλιος
692 1254 765 1330 τοὺς
798 1254 853 1330 λάς
879 1255 930 1319 καὶ
952 1258 1086 1358 πρέρβεις
1102 1256 1154 1319 καί
1175 1257 1259 1341 δῶρα
1281 1253 1411 1340 Ἐζεκίᾳ.

161 1347 233 1410 δέκα
247 1337 451 1445 άναβαθριούς,
467 1335 520 1414 οὓς
535 1363 593 1403 κατ
627 1366 644 1422 η
657 1336 675 1421 ή
688 1335 763 1403 σκιά.
800 1338 908 1423 ήκουσε
920 1336 988 1422 γάρ,
1009 1363 1057 1402 οτι
1075 1337 1262 1421 ἐμαλακίσθη
1276 1344 1332 1414 ἕως
1345 1350 1411 1405 θα-

126 1417 129 1425 ’
161 1425 330 1511 9προςευχή
377 1426 500 1498 Εζεκίου
534 1425 593 1507 βασ
633 1426 639 1442 ’
663 1447 677 1495 ς
712 1425 765 1505 τῆς
800 1419 903 1488 νάτου.
932 1423 983 1485 καί
1000 1418 1121 1505 ἀνέστη,
1160 1421 1407 1526 1καίίηάρηὲπ

158 1508 308 1582 Ἰουδαίας
326 1504 413 1588 ήνίκα
430 1504 618 1589 ἐμαλακίσθη
631 1506 683 1568 καί
695 1502 765 1570 ὀνί-
801 1502 904 1580 αότοίς
912 1501 1052 1580 Ἐζεκίας,
1062 1508 1114 1569 καί
1125 1503 1227 1581 ἔδειξεν
1240 1517 1347 1580 αυτοῖς
1356 1507 1409 1571 τὸν

164 1617 219 1674 στη
240 1595 272 1654 ἐκ
295 1586 515 1691 τήςρῶακίας
533 1584 639 1651 αύτοῦ.
663 1589 693 1631 ¹⁰
706 1586 765 1665 ἐγὼ
802 1586 885 1653 οἶκον
897 1591 951 1652 τοῦ
964 1592 1096 1671 νεχωθᾶ,
1123 1589 1174 1651 καί
1191 1592 1249 1652 τού
1262 1586 1409 1675 ἀργυρίου

163 1673 232 1739 dna
245 1676 276 1736 ἐν
288 1676 331 1734 τῶ
349 1690 421 1755 υψει
437 1675 499 1734 τῶν
519 1665 635 1753 ήμερῶν
646 1696 713 1750 μου,
736 1673 767 1735 ἐν
801 1673 919 1735 καὶτοῦ
932 1676 1061 1756 χρυσίου,
1075 1673 1188 1753 καὶτῆς
1201 1676 1345 1756 στακτῆς,
1357 1676 1410 1737 καί

163 1753 270 1830 πύλαις
289 1738 381 1837 ᾅδου,
411 1753 586 1834 καταλείψω
603 1749 644 1817 τά
661 1755 712 1837 ἔτη
728 1753 768 1818 τά
803 1757 862 1818 τῶν
873 1750 1082 1836 θυμιαμάτων,
1100 1754 1151 1818 καλ
1165 1758 1219 1818 τοῦ
1232 1751 1342 1840 μύρου,
1356 1759 1408 1818 καί

165 1840 315 1905 ἐπιλοιπα.
345 1841 370 1878 11
383 1835 468 1909 εἶπα,
485 1833 583 1899 οὐκέτι
600 1835 637 1901 ού
654 1833 694 1920 μή
712 1837 767 1900 ίδω
802 1832 917 1911 πάντας
935 1834 1005 1912 τούς
1028 1838 1125 1910 οἴκους
1146 1841 1208 1902 τῶν
1229 1841 1335 1903 σκευῶν
1351 1842 1408 1920 τῆς

164 1919 199 1987 τὸ
213 1917 358 2024 σωτήριον
366 1924 422 1984 τοῦ
431 1922 506 1984 θεοῦ
516 1922 566 1984 ἐπί
574 1924 628 2003 γής
640 1916 768 1995 ζώντων,
802 1917 909 2001 γάζης,
928 1921 979 1983 καί
990 1915 1091 1984 πάντα
1104 1918 1163 1984 ὅσα
1176 1908 1212 2003 ήν
1225 1924 1255 1984 ἐν
1267 1931 1326 1994 τοῖς
1344 1932 1411 2005 θη-

165 2004 260 2068 ούκέτι
272 2031 312 2086 μη
327 2003 382 2068 ἴδω
394 1999 430 2066 τὸ
444 1997 590 2084 σωτήριον
603 2008 657 2066 τοῦ
667 1999 769 2086 Ἰσρα·
804 2013 926 2086 σαυροῖς
953 2001 1058 2066 αὐτοῦ.
1083 2007 1135 2068 καί
1148 2001 1202 2068 οόκ
1220 1994 1257 2086 ἦν
1278 2001 1372 2069 οὐθὲν
1391 2001 1411 2068 ὃ

165 2087 203 2169 ήλ
215 2088 264 2151 ἐπί
275 2091 338 2168 γῆς,
357 2081 457 2149 οὐκέτι
474 2082 512 2167 μή
526 2085 581 2149 ίδω
595 2083 768 2169 ἄνθρωπον,
804 2083 861 2149 οὐκ
879 2086 983 2161 ἔδειξεν
996 2083 1126 2163 Ἐζεκίας
1150 2089 1181 2151 ἐν
1197 2091 1243 2169 τῷ
1261 2090 1334 2170 οἴκῳ
1352 2086 1411 2152 αύ-

165 2173 192 2212 ¹²
205 2169 332 2246 ἐξελιπεν
344 2173 375 2233 ἐκ
387 2172 440 2250 τῆς
451 2173 614 2245 συγγενείας
625 2194 767 2250 μου,κατ·
805 2173 874 2244 τοῦ,
887 2171 938 2232 καὶ
956 2173 988 2232 ἐν
1003 2166 1089 2263 πάση
1106 2174 1144 2258 τῇ
1163 2172 1282 2253 ἐξουσίᾳ
1301 2171 1409 2237 αὑτοῦ.

167 2253 269 2318 ελιπον
295 2251 331 2316 τὸ
357 2250 512 2315 ἐπίλοιπον
535 2256 589 2334 τῆς
602 2254 676 2356 ζωής
700 2277 768 2335 μου,
803 2253 817 2293 ³
830 2256 881 2317 καὶ
894 2243 985 2335 ἦλθεν
993 2250 1123 2328 Ἠσαίας
1135 2250 1152 2316 ὁ
1165 2251 1321 2339 προφήτης
1332 2255 1411 2341 πρὸς

166 2337 270 2420 ἐξῆλθε
282 2337 334 2400 καί
347 2331 539 2416 ὀπήλθενάτί
554 2338 628 2418 ἐμοῦ
641 2335 767 2420 ωςπερὸ
803 2333 857 2400 τὸν
881 2335 1007 2421 βασιλέα
1024 2334 1164 2414 Ἔῒεκίαν,
1176 2339 1228 2401 καὶ
1249 2336 1312 2402 είπε
1332 2335 1410 2423 πρὸς

166 2413 439 2502 σκηνήνκαταλύων
450 2413 554 2499 πήξας.
582 2414 623 2492 ὦς
636 2415 718 2492 ίστός
731 2417 767 2483 τὸ
804 2414 902 2483 αὐτόν.
930 2425 961 2483 τί
980 2419 1116 2497 λέγουσιν
1132 2425 1163 2486 σί
1177 2418 1338 2502 ἅνθρωποι
1355 2416 1410 2487 ού-

166 2501 277 2584 πνεῦμά
289 2528 348 2584 μοι·
363 2498 433 2584 παρ’
455 2502 521 2582 ἐμοί
537 2504 650 2579 ἐγίνετο
664 2505 768 2582 ε’ρίθου
803 2527 850 2565 τοι
856 2530 868 2581 ,·
893 2503 945 2565 καί
961 2498 1058 2568 πόθεν
1080 2499 1165 2586 ήκασι
1185 2503 1262 2582 πρὸς
1280 2507 1331 2580 σε’,·
1357 2508 1412 2570 καί

166 2583 334 2669 ἐγγιζούσης
358 2588 491 2667 ἐκτεμεῖν.
531 2584 557 2626 ¹³
570 2587 601 2649 ἐν
618 2590 655 2677 τῇ
677 2585 767 2668 ήμίρρ
804 2583 882 2650 εἶπεν
891 2583 1027 2661 Ἐζεκίας.
1052 2590 1084 2650 ἐκ
1095 2591 1149 2668 γῆς
1160 2582 1317 2668 πόβρωθεν
1329 2581 1410 2665 ήκα-

165 2674 256 2750 ἐκείνη
268 2663 442 2754 παρεδόθην
451 2671 506 2742 ἕως
515 2667 601 2752 πρωῒ
609 2664 649 2742 ὡς
660 2667 768 2745 λέοντι,
805 2694 834 2732 σι
846 2666 923 2754 πρὸς
934 2669 971 2752 μὲ
982 2674 1014 2734 ἐκ
1027 2668 1216 2756 Βαβυλῶνος.
1242 2666 1315 2731 1καί
1326 2667 1409 2734 εἶπεν

166 2741 262 2825 οὕτως
275 2753 428 2835 συνέτριψε
443 2746 546 2814 πάντα
558 2750 597 2815 τά
610 2748 688 2815 ὀστᾶ
699 2776 766 2834 μου.
799 2747 940 2827 Ἡσαΐας.
968 2759 1000 2816 τί
1011 2754 1125 2819 είδοσαν
1139 2756 1169 2817 ἐν
1185 2755 1230 2834 τῷ
1241 2751 1314 2833 οἴκῳ
1333 2777 1391 2817 σου
1396 2783 1410 2831 ,·

165 2831 230 2897 ἀπὸ
240 2833 298 2914 γάρ
311 2837 365 2915 τής
377 2830 548 2915 ήμίραςὲως
559 2833 662 2908 νυκτὸς
674 2857 766 2919 παρε-
803 2836 854 2896 καί
876 2834 952 2899 εἶπεν
966 2832 1103 2913 Ἐζεκίας.
1129 2831 1229 2901 πάντα
1251 2834 1291 2900 τά
1312 2839 1342 2901 ἐν
1364 2841 1409 2920 τῷ

164 2912 267 2997 δόθην.
293 2913 322 2954 ¹⁴
336 2911 376 2988 ύις
387 2912 518 2999 χελιδὼν,
532 2911 614 2979 ούτω
628 2913 767 3000 φωνήσω,
804 2917 878 3000 οἴκῳ
890 2944 947 2997 μου
960 2919 1088 2996 εἴδοσαν,
1101 2924 1153 2985 καί
1165 2918 1220 2984 οὐκ
1233 2923 1309 2984 ἔστιν
1322 2923 1408 2984 ἐντῶ

163 3001 214 3062 καί
227 2994 267 3073 ὡς
284 2996 449 3082 περιστερά,
467 2993 548 3062 ούτω
560 2999 678 3079 μελετῶ.
705 3002 767 3076 55⁶¹-
803 3000 876 3082 οἴκῳ
889 3026 946 3083 μου
959 2998 978 3064 ὃ
990 3001 1046 3066 οὐκ
1059 3005 1190 3077 είδοσαν,
1214 3002 1357 3069 ἀλλὰκαὶ
1370 2986 1409 3067 τά

164 3082 251 3146 λιπον
262 3077 318 3166 γάρ
329 3106 390 3183 ρου
409 3085 440 3145 οί
459 3078 617 3186 ὀφθαλροί
629 3087 684 3146 τοῦ
696 3083 765 3169 βλέ-
804 3085 835 3144 ἐν
858 3094 920 3158 τοῖς
942 3094 1108 3171 θησαυροῖς
1128 3111 1197 3167 μου.
1230 3088 1310 3150 11καί
1333 3087 1410 3151 εἶπεν

161 3188 225 3229 πειν
246 3169 286 3237 εἷς
306 3188 341 3226 το
363 3159 519 3246 ίίψος“τοῦ
537 3170 669 3251 ουρανού
688 3163 766 3251 πρὸς
800 3162 933 3241 Ἠσαίας
956 3162 1050 3250 αὐτῷ.
1086 3167 1217 3233 ὀίκουσον
1238 3169 1294 3234 τὸν
1319 3169 1410 3248 λόγον

162 3246 216 3312 τὸν
227 3245 337 3331 κύριον,
355 3240 388 3319 ὃς
406 3245 536 3321 ἐξείλατό
553 3273 596 3328 με,
616 3253 668 3314 καὶ
679 3247 765 3329 ὀφεί-
803 3253 904 3332 κυρίου
917 3246 1054 3332 σαβαοίθ.
1087 3248 1178 3314 11ίδοιλ
1192 3248 1299 3336 ἡμέραι
1310 3258 1410 3338 ἔρχον·

162 3327 238 3396 λατό
250 3356 306 3413 μου
319 3327 372 3413 τήν
385 3325 489 3412 ὀδύνην
502 3335 552 3414 τῆς
565 3336 667 3416 ψυχῆς.
680 3331 763 3398 11κύ-
802 3353 862 3404 ται,
876 3331 926 3393 καί
938 3327 1086 3412 λήψονται
1097 3329 1199 3397 πάντα
1213 3332 1252 3397 τά
1265 3337 1296 3397 ἕν
1309 3343 1355 3419 τῷ
1368 3339 1411 3402 οῖ·

162 3440 205 3499 ριε
216 3418 282 3501 περὶ
290 3410 386 3506 Ιαὐτῆς
403 3410 461 3495 γάρ
474 3411 617 3500 άνηγγιλη
631 3440 687 3492 σοι,
713 3418 766 3481 καί
803 3439 846 3477 κω
859 3437 925 3489 σου,
936 3415 988 3478 καί
1003 3409 1063 3478 ὅσα
1080 3409 1249 3498 συνήγαγον
1269 3421 1300 3482 οἱ
1313 3424 1410 3484 πατί-

163 3494 311 3582 ἐξήγειρσς
327 3523 384 3578 μου
403 3497 457 3581 τήν
475 3497 583 3581 πνοήν,
600 3503 652 3565 καί
663 3525 764 3585 παρα·
803 3522 849 3576 ρες
871 3523 924 3562 σου
946 3501 1001 3573 ἕως
1022 3502 1073 3582 τής
1092 3495 1205 3583 ἡμέρας
1227 3496 1350 3584 ταύτης,
1371 3508 1409 3578 είς

162 3579 281 3663 κληθείς
298 3584 400 3663 ἔζησα.
427 3583 454 3624 ¹⁷
466 3581 545 3645 εἵλου
561 3579 620 3668 γάρ
636 3609 694 3667 μου
712 3580 765 3665 τήν
802 3582 974 3668 Βαβυλῶνα
991 3579 1060 3665 ἥξει,
1079 3586 1130 3647 καί
1149 3579 1235 3648 οὐδὲν
1252 3583 1288 3648 ού
1300 3585 1340 3665 μή
1352 3613 1409 3650 κα-

162 3663 270 3745 ψυχήν,
283 3667 331 3724 ’ίνα
343 3660 383 3745 μή
397 3660 560 3746 ἀπόληται,
578 3668 628 3729 καί
641 3665 763 3750 άπέῤῥι-
802 3665 989 3730 ταλείπωσιν.
1008 3663 1239 3741 εἴπεδὲὸθεός.
1271 3664 1342 3729 1ίίτι
1354 3671 1407 3730 καί

161 3763 223 3821 ψας
236 3743 332 3808 ὀπίσω
348 3772 407 3824 μου
423 3742 521 3821 πάσας
539 3745 594 3823 τάς
607 3745 762 3834 ἁμαρτίας.
803 3745 866 3811 άπὸ
888 3753 950 3812 τῶν
975 3753 1085 3814 τέκνων
1108 3775 1162 3815 σου
1192 3743 1234 3814 ὧν
1253 3745 1405 3829 γεννήσεις,

161 3827 189 3868 ¹⁸
202 3824 239 3889 οὐ
251 3827 309 3910 γάρ
324 3831 356 3891 οί
368 3832 399 3890 ἐν
409 3826 484 3908 ᾅδου
496 3832 649 3896 αἶνίσουσί
660 3829 764 3907 σε,οιί-
802 3826 951 3914 λήψονται
964 3837 1014 3898 καί
1027 3829 1182 3918 ποιήσουσι
1195 3826 1361 3905 σπάδοντας
1375 3833 1407 3895 ἓν

161 3907 192 3970 δὲ
218 3913 248 3971 σί
273 3908 480 3986 ἀποθανόντες
503 3911 590 3989 εύλογ
601 3911 697 3980 ’σουσί
722 3939 762 3989 σε,
803 3918 848 3995 τῷ
865 3916 937 3995 οίκῳ
950 3921 1006 3979 τοῦ
1020 3917 1165 4000 βασιλέως
1176 3918 1236 3979 τῶν
1252 3915 1408 4000 Βαβυλω-

160 3987 229 4053 σύδεῖ
243 3990 392 4054 ἐλπιοῦσιν
403 3997 433 4056 σί
446 3998 477 4058 ἐν
489 3991 565 4075 ᾅδου
577 4021 631 4079 την
643 3999 764 4080 ἐλεημο-
801 4002 880 4061 νίων.
905 4000 980 4063 11καὶ
995 3999 1073 4066 εἶπεν
1084 3995 1344 4080 ἘζεκίαςἩσαίίρ.
1369 3999 1407 4063 ἆ-

161 4068 250 4154 σύνην
269 4098 332 4136 σου.
360 4075 433 4138 19οί
452 4080 555 4152 ζῶντες
573 4078 764 4163 εύλογήσουσί
801 4077 899 4157 γαθὸς
915 4077 932 4143 ὁ
949 4080 1040 4159 λόγος
1056 4091 1161 4169 κυρίου
1171 4078 1205 4146 ὃν
1215 4076 1350 4165 ἔλάλησε,
1360 4109 1409 4160 γε-

160 4181 189 4219 σι
203 4152 237 4218 ὃν
250 4151 364 4236 τρόπον
376 4154 467 4236 κᾷγιύ.
495 4158 557 4224 άπὸ
571 4160 628 4246 γάρ
642 4167 693 4245 τῆς
707 4160 762 4246 σή·
801 4167 901 4228 νέσθω
910 4163 945 4245 δή
955 4163 1053 4250 εἰρήνη
1064 4171 1114 4231 καί
1124 4161 1294 4249 δικαιοσύνη
1304 4168 1410 4243 ἐντοῖς

157 4263 246 4321 μερον
258 4238 366 4302 παιδία
378 4238 506 4321 ποιήσω,
533 4239 555 4306 ά
568 4240 760 4322 ἆναγγελούσι
800 4243 921 4328 ἡμέραις
932 4272 998 4328 μου.

158 4317 210 4404 τήν
226 4315 414 4402 δικαιοσύνην
431 4347 484 4385 σου
514 4326 544 4366 ²⁰
556 4324 606 4388 θεὲ
620 4332 672 4430 τής
699 4354 759 4392 σω·
989 4337 1020 4394 Κ
1033 4340 1062 4396 E
1076 4338 1113 4398 Φ.
1158 4329 1221 4398 Μ’.

156 4412 338 4491 τηρίαςηιου,
351 4404 402 4468 καί
415 4402 451 4468 οὐ
464 4401 617 4507 παύσομαι
630 4410 758 4489 ευλσγῶν
797 4378 864 4476 Π
857 4415 1030 4496 αρακαλεῖτε
1043 4417 1245 4500 παρακαλεῖτε
1266 4414 1319 4482 τὸν
1334 4417 1411 4485 λαόν

158 4515 187 4553 σε
199 4488 272 4574 μετά
287 4489 458 4576 ψαλτηρίου
467 4515 568 4566 πασας
582 4489 636 4568 τάς
650 4490 759 4578 ἡμέρας
795 4523 864 4580 μου,
883 4496 959 4575 λέγει
979 4493 997 4560 ὁ
1014 4495 1096 4576 θεός.
1120 4501 1134 4540 1
1155 4503 1240 4586 ἱερεῖς
1259 4497 1411 4585 λαλήσατε

1373 4592 1411 4663 εἰς
