2924 4972
140 221 204 286 436
289 210 783 282 τιΑΡΑΑΕνποΜΕΝΩΝ
803 212 937 272 Am.
981 198 1255 292 πεπείρου.

141 366 212 422 γαγε
237 338 394 423 Σαλωμιύν
420 336 542 423 ἅρματα
567 340 618 401 καί
643 341 750 409 ἱππεῖς,
784 330 836 398 λόν
851 358 902 416 μοι
918 333 1014 419 ἄνδρα
1036 331 1198 415 σοφόνκαὶ
1217 332 1318 400 εἰδότα
1335 346 1394 404 τοῦ

142 429 193 490 καί
213 428 348 502 ἐγένοντο
375 420 460 505 αύτῷ
477 421 557 506 χίλια
576 422 628 484 καί
645 443 751 500 τετρα-
783 421 907 500 ποιήσαι
921 421 952 481 έν
965 421 1007 498 τῷ
1020 422 1141 501 χρυσίῳ,
1167 420 1218 481 καὶ
1231 421 1261 481 ἐν
1275 425 1321 504 τῷ
1333 420 1391 508 ἆρ-

143 509 233 574 κόσια
254 503 376 592 ίίρματα
385 555 395 582 ,
420 507 473 569 καὶ
494 500 607 569 δώδεκα
629 502 752 586 χιλιάδες
783 506 889 585 γυρίῳ,
913 501 963 562 καί
983 503 1074 582 ἐντῷ
1092 498 1204 582 χαλκῷ,
1230 503 1282 566 καί
1298 507 1329 568 ἐν
1346 507 1393 588 τῴ

145 595 268 657 ἱππέων.
297 593 348 653 καὶ
356 586 511 652 κατελιπεν
524 583 603 650 οῦτά
617 589 648 648 ἐν
661 583 750 647 πόλε-
785 579 903 666 σιδήρῳ,
916 584 966 645 καὶ
979 585 1010 644 έν
1022 588 1058 673 τῇ
1072 581 1226 669 πορφύρᾳ,
1239 587 1290 649 καί
1302 590 1334 652 ἐν
1346 594 1393 672 τῴ

145 702 175 740 οι
189 680 250 738 τῶν
263 668 414 757 ἁρμάτων,
426 672 477 733 καί
490 665 508 732 5
521 668 596 741 λαὸς
611 663 684 749 μετά
697 669 751 730 τοῦ
784 670 925 747 κοκκίνῳ,
938 666 988 729 καί
1001 667 1032 729 ἐν
1044 666 1084 756 τῇ
1098 662 1232 749 ῦακίνθῳ
1239 718 1249 744 ,
1263 673 1313 734 καί
1326 675 1394 734 Zm-

145 757 291 844 βασιλέως
305 746 545 838 ένἾερουοαλήμ.
571 752 599 794 ¹¹
612 751 750 835 καὶὲθή-
786 743 925 829 στάμενον
946 742 1061 830 γλύφαι
1085 745 1200 833 γλυφήν
1224 751 1297 832 μετὰ
1329 759 1394 818 τῶν

146 864 195 904 κεν
219 835 236 900 5
253 835 398 922 βασιλεύς
416 833 451 899 τὸ
470 830 614 919 ἀργύριον
638 835 690 897 καί
715 829 752 895 τό
785 835 890 910 σοφιῦν
908 836 969 894 τῶν
984 827 1043 913 μετ’
1065 834 1137 911 ἐμοῦ
1153 834 1184 894 έν
1196 829 1316 917 Ἰούδᾳ,
1341 840 1394 900 καὶ

147 927 264 1025 χρυσίον
277 923 307 984 ἐν
315 916 512 1003 Ἰερουσαλήμ
525 915 565 991 ὡς
577 918 692 992 λίθους,
703 917 754 979 καὶ
786 917 817 978 ἐν
834 911 1028 1040 Ἰερουσαλήμ
1052 909 1074 977 ά
1093 911 1235 996 ἡτοίμασε
1255 921 1354 984 Δαυίδ
1375 917 1393 985 5

146 1030 203 1078 τας
215 1005 334 1088 κέδρους
352 1006 383 1067 ἐν
401 1007 436 1080 τή
448 999 583 1083 Ἰουδαίᾳ
602 996 642 1074 ὡς
660 1025 753 1064 ουκα·
786 991 885 1082 πατήρ
897 1021 962 1077 μου.
1021 998 1072 1060 καί
1085 992 1265 1065 άπόστειλύν
1277 1028 1328 1083 μοι
1341 1000 1392 1079 ξύ-

146 1094 249 1170 μίνους
270 1081 324 1159 τάς
348 1088 380 1149 ἐν
401 1073 439 1166 τ’νή
455 1085 555 1165 πεδινή
573 1087 611 1158 εἰς
627 1082 753 1166 πλήθος.
787 1080 826 1144 λα
838 1084 954 1167 κέδρινα
972 1082 1022 1143 καί
1040 1077 1202 1164 άρκεύθινα
1218 1086 1270 1147 καί
1292 1083 1392 1149 πεύκι-

51 1217 58 1235 .
147 1174 176 1214 ¹⁶
189 1172 240 1232 καὶ
254 1166 271 1252 ή
285 1169 389 1245 ἔξοδος
405 1156 466 1230 τ’ῶν
484 1154 755 1231 ἵππωνΣολωαών
787 1189 824 1228 να
837 1166 868 1226 ἐκ
886 1168 942 1227 τοῦ
953 1159 1097 1248 Λιβάνου,
1123 1159 1170 1227 ότι
1188 1165 1247 1243 ἐγὼ
1265 1166 1334 1232 οῖδα
1352 1167 1394 1245 ὦς

149 1248 420 1331 ἓξΑἱγύπτου,καὶ
433 1247 450 1332 ή
462 1247 529 1331 τιμή
544 1253 604 1312 τῶν
617 1228 756 1331 ἐμπόρων
787 1251 817 1310 οἳ
829 1246 935 1311 δοῦλοί
949 1273 1003 1311 σου
1020 1246 1115 1316 οἴδασι
1134 1247 1255 1316 κόπτειν
1273 1248 1348 1327 ξύλα
1361 1256 1394 1316 ἐκ

147 1341 205 1401 τοῦ
217 1335 360 1421 βασιλέως
372 1330 564 1418 πορεύεσθαι,
578 1334 629 1396 καί
644 1329 756 1417 ήγόρα-
788 1335 845 1394 τοῦ
856 1325 1002 1416 Λιβάνου.
1029 1333 1081 1393 καί
1096 1327 1160 1411 ἰδού
1174 1336 1204 1395 οἶ
1217 1336 1323 1408 παῖδές
1337 1362 1394 1401 σου

149 1423 206 1496 ζον.
232 1421 259 1460 ¹⁷
272 1421 322 1482 καὶ
347 1420 495 1502 ἐνέβαινον
519 1417 570 1478 καί
595 1418 701 1496 ἐξῆγον
725 1417 755 1489 ἐξ
788 1413 933 1493 μετὰτῶν
949 1415 1065 1477 παίδων
1081 1438 1140 1494 μου
1165 1414 1391 1502 9πορεύσονται

149 1498 311 1578 Αἰγύπτου
329 1495 411 1583 άρμα
429 1504 462 1561 ἓν
483 1501 645 1573 ἑξακοσίων
663 1497 756 1577 άργυ-
790 1493 940 1579 ἑτοιμάσαι
954 1522 1003 1578 μοι
1015 1491 1091 1571 ξύλα
1104 1502 1142 1570 εἰς
1155 1497 1287 1580 πλῆθος,
1313 1498 1392 1565 ὅτιὸ

150 1590 226 1671 ρίου,
254 1584 306 1647 καὶ
317 1586 414 1645 ’ίππον
425 1576 606 1662 πεντήκοντα
619 1582 671 1643 καί
683 1582 757 1642 ίκα-
790 1578 869 1654 οἶκος
882 1577 918 1644 ὃν
936 1578 995 1656 ἐγώ
1008 1580 1157 1662 οἰκοδομῶ
1175 1584 1266 1663 μέγας
1283 1587 1334 1647 καί
1347 1589 1393 1647 ἔν-

130 1665 204 1732 ’τόν
230 1665 380 1749 άργυρίου.
408 1666 460 1726 καὶ
484 1659 566 1726 οῦτω
591 1666 667 1727 πᾶσι
694 1673 757 1737 τοῖς
789 1663 883 1738 δοξος.
921 1666 950 1707 ¹⁰
963 1665 1014 1727 καὶ
1034 1663 1100 1727 ἰδού
1118 1676 1179 1738 τοῖς
1192 1670 1395 1751 ἐργαζομένοις

149 1749 300 1838 βασιλεῦσι
314 1752 546 1821 τῶνΧετταίων,
559 1746 611 1809 καὶ
623 1758 687 1820 τοῖς
698 1750 755 1830 βα-
790 1756 852 1820 τοῖς
869 1741 1017 1810 κόπτουσι
1035 1743 1109 1822 ξύλα
1128 1752 1166 1821 εἷς
1183 1745 1328 1834 βρώματα
1344 1753 1392 1815 δέ·

152 1833 262 1898 οιλεῦσι
279 1834 392 1914 Συρίας
410 1832 441 1892 ἐν
456 1831 554 1914 χερσίν
571 1826 671 1892 αὐτῶν
688 1831 754 1910 έφε-
790 1829 872 1892 δωκα
884 1839 968 1895 οἶτον
980 1834 1019 1904 εἷς
1035 1826 1150 1910 δόματα
1167 1843 1229 1906 τοῖς
1240 1839 1327 1897 παισί
1337 1859 1392 1897 σου

790 1910 888 1995 κόρων
898 1916 999 1996 πυροῦ
1011 1914 1101 1977 εἴκοσι
1130 1910 1252 1990 ιλκάδας,
1264 1917 1315 1980 καὶ
1328 1942 1394 2000 κρι-

341 2000 376 2060 Κ
383 2001 413 2059 Ε
424 2000 461 2061 Φ.
505 1997 559 2061 B'.
789 2000 856 2059 θῶν
868 1991 964 2080 κόρων
976 1997 1066 2060 εἴκοσι
1077 1940 1223 2079 χιύιάδας,
1247 2001 1299 2064 καὶ
1311 2001 1394 2064 οἴνου

151 2047 238 2149 Καί
250 2078 311 2145 εἷπε
323 2076 480 2162 Σαλωμάν
494 2083 549 2144 τοῦ
563 2078 756 2163 οἰκοδομῆσαι
788 2081 905 2165 μέτρων
917 2080 1007 2144 εἴκοσι
1019 2079 1215 2163 χιλάδας,καί
1228 2081 1329 2147 ἐλαίου
1340 2088 1394 2166 μέ-

152 2163 235 2229 οίκον
246 2167 290 2246 τῷ
303 2159 424 2243 ὀνόματι
437 2169 552 2249 κυρίου,
562 2165 614 2227 καί
624 2160 706 2227 οἶκον
718 2168 756 2256 τῇ
791 2186 870 2264 τρων
881 2163 975 2227 εἴκοσι
991 2160 1133 2247 χιλιάδας.
1158 2167 1183 2206 ¹¹
1196 2166 1248 2228 καὶ
1259 2164 1320 2233 ελπε
1332 2174 1394 2230 Χι-

151 2247 286 2395 βρσιλείᾳ
304 2243 409 2310 αύτοῦ.
434 2247 513 2311 2καί
529 2242 674 2328 συνήγαγε
691 2251 757 2309 Σα-
790 2270 849 2348 ραμ
873 2245 1008 2332 βασιλεὺς
1030 2242 1127 2330 Τύρου
1151 2250 1183 2310 ἓν
1206 2254 1318 2332 γραφή,
1343 2255 1395 2314 καί

196 2330 260 2414 μὼν
277 2325 477 2416 ἑβδομήκοντα
494 2326 627 2414 χιλιάδας
642 2326 757 2411 άνδρυῦν
790 2328 942 2392 απέοτειλε
954 2326 1031 2414 πρὸς
1043 2327 1210 2413 Σαλωμάν,
1232 2322 1334 2410 λέγίον.
1362 2337 1395 2397 ἐν

151 2409 343 2498 νωτοφόρον,
365 2416 416 2478 καὶ
429 2409 614 2496 ὀγδοήκοντα
626 2409 757 2496 χιλιάδας
790 2416 835 2492 τῷ
847 2408 1004 2496 άγαπήοαι
1017 2409 1118 2497 κύριον
1131 2411 1184 2477 τὸν
1197 2412 1274 2479 λαὸν
1286 2415 1394 2495 αύτοῦ,

152 2493 291 2578 λατόμων
303 2499 333 2560 ἐν
345 2500 390 2579 τῷ
402 2496 474 2580 δ’ρει,
492 2497 542 2560 καὶ
555 2499 587 2559 ολ
599 2490 756 2559 ἐπιστάται
790 2495 885 2558 ἔδωκε’
901 2520 931 2559 σε
949 2493 994 2559 ἐπ’
1014 2493 1126 2570 αύτούς
1143 2497 1277 2582 βασιλέα.
1304 2503 1330 2541 ¹²
1343 2504 1395 2565 καί

152 2578 198 2644 ἐπ’
223 2578 323 2644 αὐτῶν
340 2580 487 2664 τριςχίλιοι
506 2574 659 2654 ἑξακόσιοι.
685 2579 756 2642 3καὶ
789 2574 849 2641 είπε
864 2574 977 2664 Χιράμ-
1003 2574 1160 2663 εῦλογήτός
1178 2576 1279 2686 κύριος
1290 2579 1308 2646 5
1321 2582 1394 2659 θεὸς

152 2662 305 2726 άπέστωλε
321 2662 478 2744 Σαλωμών
494 2658 570 2740 πρὸς
584 2657 688 2744 Χιράμ
699 2663 756 2745 βα·
786 2657 922 2744 Ἰσραήλ,
947 2657 981 2735 ῦς
997 2665 1116 2746 ἒποίήσε
1133 2661 1187 2728 τὸν
1198 2670 1330 2748 ουρανόν
1342 2671 1394 2732 καί

153 2744 238 2808 σιλέα
254 2740 364 2827 Τύρου,
376 2744 480 2819 λέγων.
498 2738 539 2815 ὡς
551 2744 693 2823 ἐποίησας
704 2769 756 2823 με·
789 2741 841 2824 τήν
852 2748 917 2845 γήν,
930 2739 1063 2818 ὃςέδωκε
1082 2750 1127 2829 τῷ
1140 2748 1239 2813 Λαυὶδ
1250 2754 1293 2831 τῷ
1305 2753 1395 2835 βασι-

151 2825 192 2891 τά
206 2826 304 2889 Δαυὶδ
319 2829 374 2889 τοῦ
391 2820 507 2908 πατρός
523 2849 595 2904 μου,
612 2828 663 2888 καί
680 2823 755 2888 άπέ-
787 2824 834 2888 λεῖ
845 2831 910 2890 οἷον
921 2826 1030 2906 σοφὸν,
1057 2833 1109 2894 καὶ
1125 2825 1316 2912 ἐπιστάμενον
1328 2838 1399 2896 ἔπιε

153 2908 266 2983 στειλας
286 2907 372 2972 αῦτιῦ
390 2908 512 2992 κέδρους
525 2910 578 2969 τοῦ
596 2908 755 2991 οἰκοδομή·
789 2904 902 2992 στήμην
928 2911 979 2974 καί
1006 2907 1129 2986 σύνεσιν,
1151 2908 1184 2987 ὃς
1208 2911 1394 2999 οἰκοδομήσει

153 3017 203 3056 σαι
216 2993 313 3071 ἐαυτῷ
327 2973 411 3055 οἷκον
429 2993 603 3072 κατοικῆσαι
616 2992 648 3053 ἔν
657 2989 755 3074 αὐτῷ,
788 2989 870 3056 οἶκον
882 2997 926 3075 τῷ
939 2998 1040 3076 κυρίω,
1052 2999 1104 3060 καὶ
1114 2995 1196 3059 οἷκον
1209 3001 1247 3079 τή
1251 2999 1393 3095 βασιλείᾳ

151 3074 226 3136 *καί
239 3071 304 3136 ἰδού
318 3069 378 3148 ἔγω
390 3067 408 3135 5
420 3069 486 3146 υἱός
498 3070 592 3136 αῦτοῦ
606 3075 754 3157 οἰκοδομῶ
788 3071 891 3139 αὐτοῦ.
931 3076 957 3117 ¹³
970 3060 1022 3140 καί
1033 3082 1085 3140 νῦν
1100 3074 1259 3141 άπέοτειλα
1276 3104 1323 3141 σοι
1336 3078 1391 3140 άν-

152 3154 238 3219 οἶκον
262 3158 308 3239 τῷ
325 3149 447 3236 ὀνόματι
466 3160 570 3240 κυρίου
592 3161 669 3219 θεοῦ
685 3183 754 3260 μου,
788 3157 845 3240 δρα
862 3156 957 3236 σοφὸν
976 3160 1026 3223 καί
1044 3159 1144 3222 είδότα
1160 3153 1271 3222 σύνεσιν
1282 3159 1388 3239 Χιράμ

109 3298 112 3304 .
151 3234 274 3315 άγιάσαι
288 3234 383 3302 αὐτὸν
396 3234 480 3321 αύτῷ
489 3240 546 3301 τοῦ
556 3243 667 3322 θυμιᾷν
679 3243 754 3304 απέ*
788 3241 840 3304 τὸν
865 3245 982 3326 πατέρα
1003 3265 1069 3321 μου,
1094 3234 1155 3320 14ή
1175 3235 1272 3325 μήτηρ
1289 3237 1388 3303 αὐτοῦ

151 3344 232 3386 ναντι
258 3319 354 3387 αῦτοῦ
377 3326 513 3403 θυμίαμα
534 3323 585 3385 καὶ
608 3318 754 3406 πρόθεσιν
788 3320 852 3387 άπὸ
879 3325 1055 3404 θυγατέρων
1080 3320 1154 3398 Δάν,
1167 3324 1217 3387 καί
1242 3322 1260 3387 ὁ
1285 3321 1387 3407 πατήρ

151 3403 329 3479 διαπαντὸς,
356 3408 407 3470 καὶ
429 3409 484 3469 τοῦ
505 3401 660 3489 ἀναφέρειν
682 3405 753 3470 ὀλο·
788 3404 884 3470 αὐτοῦ
907 3403 980 3493 ἀνήρ
1001 3400 1119 3492 Τύριος,
1144 3402 1244 3472 εἰδότα
1266 3409 1388 3490 ποιήσαι

150 3487 332 3572 καυτιύματα
341 3485 688 3568 διαπαντύςτοπρωῒκαί
701 3515 753 3553 το-
787 3493 818 3552 Er
829 3498 940 3574 χρυσίῳ
952 3492 1001 3555 καί
1015 3494 1046 3555 ἐν
1057 3488 1199 3579 άργυρίῳ,
1213 3493 1265 3556 καί
1276 3494 1306 3555 ἐν
1317 3490 1391 3576 χαλ·

151 3570 255 3653 δείλης,
279 3574 330 3636 καί
343 3574 374 3634 ἒν
391 3582 453 3645 τοῖς
466 3567 635 3656 σαββάτοις,
662 3573 712 3634 καὶ
724 3574 754 3634 ἐν
787 3577 830 3635 κεῖν
843 3577 894 3638 καί
905 3578 936 3638 ἐν
948 3570 1070 3660 σιδήρῳ,
1097 3579 1148 3641 καί
1160 3579 1191 3639 ἐν
1203 3575 1312 3649 λίθοις,
1339 3574 1393 3637 καί

149 3664 216 3725 ταῖς
242 3659 416 3736 νουμηνίαις,
441 3655 492 3717 καὶ
508 3655 540 3717 ἐν
553 3663 620 3727 ταῖς
633 3654 753 3737 ἑορταῖς
786 3638 893 3731 ξύλοις,
918 3660 969 3720 καί
987 3654 1118 3736 ὑφαίνειν
1136 3663 1169 3722 ἐν
1184 3652 1389 3747 τήπορφύρᾳ,

150 3739 205 3797 τοῦ
217 3740 320 3818 κυρίου
337 3739 414 3799 θεοῦ
430 3732 522 3819 ήμῶν,
536 3739 574 3808 εἰς
585 3734 640 3800 τὸν
656 3741 753 3802 αίεῦνα
787 3740 838 3803 καὶ
849 3742 880 3802 ἐν
891 3742 930 3829 τῇ
941 3735 1089 3823 ὑακίνθῳ,
1119 3742 1171 3802 καὶ
1183 3741 1214 3800 ἐν
1226 3741 1265 3825 τῇ
1275 3731 1390 3818 βύσσῳ,

151 3821 242 3881 τοῦτο
255 3819 304 3882 ἐπὶ
322 3817 376 3882 τὸν
390 3813 520 3904 Ἰσραήλ
544 3820 625 3882 6καί
641 3815 658 3882 ὁ
673 3819 754 3894 οἶκος
787 3823 837 3884 καί
849 3823 881 3884 ἕν
891 3824 935 3900 τῷ
952 3826 1093 3903 κοκκίνῳ,
1118 3821 1170 3882 καί
1185 3812 1299 3896 γλύφοι
1317 3816 1391 3892 γλυ-

152 3896 187 3963 δν
199 3899 257 3978 ἐγώ
271 3902 419 3981 οἰκοδομῶ
430 3903 531 3983 μέγας,
540 3895 587 3964 ὅτι
599 3906 689 3981 μέγας
701 3897 754 3965 κύ-
787 3900 856 3980 φύς,
879 3904 932 3964 καί
948 3901 1132 3964 διανοεῖσθαι
1149 3901 1252 3962 πᾶσαν
1268 3899 1390 3982 διανόη-

151 4007 214 4067 ριος
227 3981 244 4049 5
257 3982 328 4057 θεὸς
347 3980 430 4064 ήμῶν
445 3982 530 4061 παρά
548 3979 663 4057 πάντας
681 3982 754 4056 τούς
785 4006 844 4055 σα,
869 3976 979 4046 δὀαάν
995 3983 1056 4061 δῷς
1071 3980 1156 4062 αὐτῷ
1172 3980 1246 4061 μετὰ
1262 3986 1322 4045 τῶν
1336 4009 1390 4047 σο-

151 4061 250 4138 θεούς.
289 4067 370 4127 θκαί
382 4071 428 4138 τίς
440 4067 546 4149 λοχῦοει
559 4067 752 4145 ολκοδομήσαι
786 4068 853 4145 φῶν
875 4088 947 4139 σου,
972 4064 1023 4125 καί
1046 4067 1148 4141 οοφιῦν
1169 4065 1267 4127 Δαυίδ
1286 4072 1390 4149 κυρίου

150 4144 235 4227 αύτῷ
247 4145 346 4224 οἴκους
366 4143 413 4209 ὅτι
426 4145 444 4211 5
456 4145 592 4233 οὐρανὸς,
605 4149 657 4210 καί
668 4141 686 4208 5
700 4142 752 4208 οῦ-
784 4170 843 4230 μου
855 4139 973 4229 πατρός
984 4168 1048 4209 σου.
1075 4147 1104 4188 ¹⁶
1110 4146 1161 4209 καὶ
1174 4150 1226 4209 νῦν
1238 4146 1291 4212 τὸν
1305 4160 1390 4212 σῖτον

149 4227 240 4304 ρανός
264 4232 318 4292 τοῦ
341 4226 472 4313 ούρανοῦ
495 4228 533 4294 ού
556 4230 678 4310 φέρουσι
698 4225 754 4311 τήν
785 4231 836 4294 καί
847 4226 902 4311 τήν
914 4223 1029 4329 κριθήνῖ
1042 4225 1140 4293 καὶτὸ
1154 4228 1268 4305 ἔλαιον,
1280 4230 1390 4295 καὶτὸν

148 4306 239 4385 δόξαν
252 4309 356 4374 αῦτοῦ.
395 4315 445 4376 καί
456 4317 503 4386 τίς
514 4308 575 4388 ἐγῶ
589 4310 754 4391 οἰκοδομῶν
785 4306 898 4378 σίνονά
915 4310 993 4375 εἶπεν
1010 4334 1027 4373 ο
1048 4305 1147 4396 κύριός
1164 4337 1232 4392 μου,
1250 4312 1390 4378 άποστει-

148 4397 232 4474 αὐτῷ
249 4392 349 4471 οἷκονς
374 4390 420 4458 ὅτι
439 4392 505 4457 ἀλλ’
532 4392 550 4476 ἢ
569 4397 625 4455 τοῦ
641 4398 754 4475 θυμιᾷν
785 4391 869 4461 λάτον
881 4405 944 4466 τοῖς
956 4395 1061 4458 παισίν
1073 4392 1178 4458 αὐτοῦ.
1205 4393 1389 4479 16ιιαίήμεῖς

146 4479 301 4541 κατέναντι
316 4475 419 4540 αὐτοῦ.
456 4478 534 4540 7καί
546 4477 598 4539 νῦν
608 4468 752 4540 άπόστει-
784 4475 914 4563 κόφομεν
930 4470 1006 4552 ξύλα
1029 4480 1061 4542 ἐκ
1078 4483 1134 4543 τοῦ
1151 4475 1289 4566 Λιβάνου
1307 4475 1387 4543 κατά

1287 4585 1387 4628 πασιιν
