2924 4972
166 198 232 262 υοο
377 190 827 257 Δευτυνοποισιου
862 146 1207 272 matzad&

166 317 285 397 γένηται
303 309 366 383 υἱὸς
388 302 582 393 πρωτότοκος
598 309 652 408 τής
668 329 775 387 μισου-
811 328 874 367 σου.
913 299 970 366 ὅσα
991 302 1043 366 έάν
1061 299 1211 385 ἀπολήται
1228 299 1298 386 παρ’
1321 301 1420 368 αύτού

166 401 261 480 μένης,
285 394 314 435 ¹⁰
327 393 379 457 καὶ
390 394 476 454 ἔσται
488 380 508 470 ή
522 386 560 452 ἀν
572 386 667 472 ήμερᾳ
680 411 775 450 κατα-
809 388 862 450 καί
873 381 968 487 εύρης,
981 382 1018 449 ού
1032 379 1141 468 δυνήση
1156 381 1308 469 ὑπεριδεῖν.
1333 385 1350 426 ⁴
1363 384 1421 450 οὐκ

167 480 337 564 κληρονομή
350 486 415 549 τοῖς
429 458 504 547 υίοίς
517 468 615 535 αὐτοῦ
627 473 667 534 τὰ
679 465 775 554 ἀπόρ-
811 468 876 568 ὅῳη
892 493 948 533 τον
966 466 1039 533 όνον
1050 472 1107 532 τοῦ
1119 454 1251 548 ἀδελφοῦ
1265 494 1321 532 σου
1334 466 1353 549 ή
1367 465 1421 533 τόν

168 587 261 648 ηοντα
273 547 386 632 αύίοῦ,
401 554 437 622 ού
452 550 604 638 δυνήσεται
616 577 776 636 πρωτοτο-
809 577 924 655 μοσηον
937 547 1033 617 αύτού
1045 547 1242 626 πεπτωκότας
1254 553 1286 614 ἐν
1296 555 1333 643 τῷ
1346 548 1420 633 ὁδῷ,

168 652 269 711 κεύσαι
282 646 326 726 τῷ
341 644 395 723 υιῷ
408 643 461 723 τής
474 637 671 720 ἠγαπημένη-ς,
686 633 776 720 ὑπερ-
810 634 850 720 μή
864 634 1002 738 υπερίδής
1014 631 1137 708 αὐτούς,
1151 632 1279 698 ἀνιστῷν
1290 631 1421 718 ἀναστή-

168 729 240 794 ιδών
250 725 303 791 τὸν
314 720 378 789 υἱὸν
388 727 440 796 τ”ς
448 724 621 802 μισουμένης
630 716 683 783 τόν
691 743 776 802 πρισ-
813 744 871 793 σεις
881 744 934 800 μετ
956 715 1063 782 αύτού.
1082 714 1157 782 ὅοιίκ
1169 719 1254 782 ἔσται
1267 713 1356 800 σκεύη
1367 715 1421 782 ἀν-

167 809 311 882 τότοκον,
347 803 412 870 1Ίά
457 804 463 822 “
500 799 554 867 τὸν
578 796 776 886 πρωτότοκον
812 801 883 887 δρὸς
902 803 953 866 ἐπὶ
968 800 1098 879 γυναικί,
1118 797 1189 864 ούδὲ
1207 799 1246 904 μή
1264 799 1422 883 ἐνδύσηται

169 892 235 959 υἱὸν
247 897 301 993 τής
311 913 400 972 μισου
422 890 486 990 ένης
499 883 691 962 ἐπιγνώσεται
701 885 775 948 δού-
812 883 886 969 ἀνήρ
900 882 1011 967 στολήν
1022 888 1204 960 γυναικείαν,
1231 880 1280 947 ότι
1297 884 1420 969 βδέλυγ-

167 1001 216 1040 ναι
242 978 325 1056 αυτῷ
344 916 436 1037 διπλᾶ
453 969 516 1035 απὸ
536 963 658 1032 πόντων
676 958 720 1032 ών
737 962 776 1030 ἀν
810 994 853 1053 μα
864 972 958 1052 κυρίῳ
970 971 1014 1049 τῷ
1026 970 1092 1049 θεῷ
1105 992 1161 1032 σου
1175 969 1239 1031 ἐστὶ
1251 970 1311 1041 πᾶς
1323 971 1420 1032 ποιών

166 1056 274 1144 εὑρεθῆ
300 1052 401 1137 αύτῷ,
425 1049 472 1117 ότι
489 1043 579 1125 οὗτός
598 1054 678 1116 ἐστιν
698 1048 774 1152 ἀρχή
811 1055 918 1116 ταῦτα.
957 1047 1037 1114 θέἀν
1063 1048 1095 1113 δὲ
1113 1045 1296 1141 συναντήσης
1314 1055 1419 1131 νοσσιῷ

165 1127 276 1208 τέκνών
288 1136 400 1214 αὐτοῦ,
421 1132 584 1216 καίτούτῳ
597 1129 723 1218 καθήκει
736 1157 775 1197 τα
812 1132 922 1219 ὀρνέων
938 1129 1000 1218 πρὸ
1011 1127 1176 1214 προςώπου
1190 1158 1245 1197 σου
1263 1138 1293 1196 έν
1305 1136 1345 1224 τῇ
1357 1133 1420 1214 ὁδῷ

165 1231 382 1311 πρωτοτοκεῖα.
420 1217 516 1284 18έόιν
541 1218 575 1282 δέ
596 1242 652 1282 τινι
674 1205 694 1311 ή
713 1216 775 1292 υίὸς
812 1217 831 1302 ἢ
856 1218 909 1281 ἐπὶ
924 1217 1016 1282 παντί
1033 1215 1166 1301 δένδρῳ,
1178 1213 1213 1316 (ἢ
1234 1217 1284 1316 {nl
1302 1225 1355 1300 τῆς
1367 1220 1420 1299 γῆς

166 1305 293 1390 ἀπειθής
304 1307 354 1371 καὶ
367 1300 530 1390 έρεθιστής,
544 1297 599 1385 οὐχ
612 1297 776 1365 ὑπακούων
812 1309 934 1375 νοσσοῖς
951 1296 971 1384 ἢ
991 1295 1080 1376 ώοῖς,
1106 1299 1155 1361 καί
1172 1324 1299 1404 ημητηρ
1312 1297 1419 1390 θάλπη

167 1391 270 1475 φωνήν
281 1384 397 1471 πατρὸς
410 1387 461 1450 καὶ
473 1380 575 1489 φωνήν
587 1381 707 1468 μητρός,
725 1384 776 1446 καί
812 1384 940 1448 ἐπὶτῶν
957 1387 1073 1446 νοσσών
1090 1379 1108 1465 ἦ
1128 1383 1256 1446 ἐπὶτῶν
1273 1389 1356 1458 ωιῖνν,
1382 1382 1419 1447 ού

165 1467 345 1539 παιδεύουσιν
371 1466 480 1541 αὐτὸν,
506 1491 557 1529 και
580 1466 619 1549 μή
638 1461 774 1568 ιῑςακούη
812 1462 896 1559 λήψη
921 1460 976 1548 τήν
998 1468 1113 1568 μητέρα
1131 1464 1204 1545 μετά
1222 1471 1283 1530 τῶν
1302 1471 1418 1531 τέκνων.

166 1554 282 1627 αὐτῶν,
319 1553 348 1594 ¹⁹
361 1552 411 1616 καί
431 1543 626 1634 συλλαβόντες
642 1544 773 1613 αύτόνο
812 1547 997 1637 7ἀποστολῇ
1024 1547 1197 1623 αποστελεῖς
1221 1548 1275 1631 τήν
1296 1553 1417 1634 μητέρα,

165 1635 268 1722 πατήρ
287 1631 383 1701 αὐτοῦ
401 1635 451 1696 καί
468 1629 487 1715 ή
500 1627 598 1717 μήτηρ
613 1629 774 1696 αὐτοῦκαὶ
810 1629 850 1697 τά
862 1630 895 1697 δὲ
905 1632 1013 1697 παιδία
1026 1628 1111 1725 λήψη
1124 1636 1253 1714 σεαυτῷ,
1265 1637 1316 1697 ’ίνα
1328 1633 1359 1698 εύ
1373 1657 1418 1697 σοι

166 1716 319 1798 ἐξάξουσιν
345 1714 439 1783 αύτόν
463 1716 513 1778 ίπί
536 1711 591 1797 τήν
616 1721 774 1800 γερουσίαν
810 1717 929 1797 γίνηται
954 1716 1005 1779 καὶ
1021 1711 1206 1799 πολυήμερος
1221 1718 1299 1809 γένη.
1339 1714 1418 1780 θέἀν

165 1808 219 1888 τής
230 1800 345 1875 πόλεως
358 1796 469 1873 αὐτοῦ,
486 1799 538 1861 καὶ
550 1799 600 1862 ἐπὶ
612 1798 666 1882 τήν
678 1791 775 1882 πύλην
813 1794 1011 1892 οἰκοδομήσης
1025 1803 1123 1864 οἰκίαν
1134 1797 1250 1881 καινήν,
1267 1800 1318 1862 καί
1330 1793 1417 1880 ποιή-

165 1889 224 1951 τού
235 1884 342 1948 τόπου.
358 1883 389 1925 ²⁰
395 1882 446 1945 καὶ
459 1883 559 1964 ἐροῦσι
571 1892 634 1956 τοῖς
647 1880 774 1985 ἀνδράσι
812 1908 870 1957 σεις
882 1877 1029 1965 περόνην
1042 1885 1085 1964 τῷ
1099 1876 1215 1963 δώματί
1226 1906 1298 1957 σου,
1316 1883 1367 1946 καὶ
1381 1880 1418 1947 ού

166 1972 219 2051 τῆς
231 1964 345 2040 πόλεως
356 1962 468 2037 αὐτῶν,
482 1958 500 2026 ὁ
514 1961 576 2038 υίὸς
589 1959 671 2047 ήμών
685 1989 775 2040 ουτος
811 1960 943 2049 ποιήσεις
960 1961 1057 2046 φόνον
1075 1968 1107 2029 έν
1125 1969 1164 2067 τῷ
1178 1968 1258 2046 οἰκίᾳ
1272 1992 1344 2041 σου,
1369 1965 1419 2030 ε’ἀν

166 2048 286 2116 ἀπειθεῖ
308 2049 360 2113 καὶ
385 2048 522 2132 ίρεθίζει,
548 2044 603 2130 οὐχ
629 2042 774 2112 ὑπακούει
810 2053 888 2131 πέση
901 2046 919 2112 ό
932 2044 1093 2113 πεσώνάτί
1111 2053 1217 2112 αυτοῦ.
1243 2046 1309 2114 9ού
1325 2074 1418 2113 κατα-

166 2138 220 2218 τής
237 2135 336 2214 φωνῆς
352 2127 450 2214 ήμῶν,
475 2129 710 2216 συμβολσιιοπῷν
729 2135 775 2195 ολ-
811 2121 924 2216 σπερεῖς
946 2127 999 2196 τόν
1016 2126 1174 2213 ἀμπελῶνά
1191 2157 1248 2197 σου
1262 2128 1417 2217 διάφορον,

167 2215 317 2296 νοφλυγεῖ.
343 2215 435 2278 21καὶ
451 2209 700 2298 λιθοβολήσουσιν
718 2210 775 2278 αὖ·
811 2221 862 2280 ἵνα
882 2215 922 2300 μή
942 2212 1079 2308 ἀγιασθή
1099 2213 1135 2278 τὸ
1153 2217 1280 2317 γέννημα
1310 2214 1416 2281 καὶτὸ

166 2298 221 2364 τὸν
234 2303 265 2363 οἱ
277 2297 379 2382 ἀνδρες
391 2301 443 2380 τής
454 2293 567 2372 πόλεως
579 2295 676 2364 αὐτοῦ
687 2300 718 2362 ἐν
728 2296 774 2361 λί-
812 2301 928 2382 σπέρμα
942 2295 961 2362 ὃ
973 2297 1025 2363 ἐάν
1037 2303 1158 2392 σπείρης
1169 2323 1242 2380 μετα
1253 2303 1308 2363 τοῦ
1316 2295 1418 2402 γεννή-

166 2392 252 2463 θοις,
278 2383 329 2445 καί
351 2378 560 2445 ἀποθανεῖται
595 2383 646 2446 καί
665 2383 774 2466 ἐξαρεῖς
810 2408 905 2465 ματος
930 2386 986 2446 τού
1010 2377 1182 2463 ἀμπελῶνός
1207 2409 1270 2448 σου.
1315 2384 1344 2424 ²⁰
1362 2408 1418 2447 ουκ

166 2463 220 2530 τὸν
245 2461 377 2550 πονηρὸν
394 2466 425 2541 ἐξ
441 2460 521 2548 ύμών
538 2461 648 2530 αύτῷν.
675 2467 726 2529 καί
743 2468 775 2529 οἱ
811 2461 996 2570 ἀροτριάσεις
1013 2468 1044 2528 ἐν
1060 2460 1162 2551 μόσχῳ
1180 2468 1232 2531 καί
1244 2464 1305 2548 όνῳ
1318 2467 1369 2530 ἐπὶ
1381 2463 1416 2532 τό

167 2549 316 2614 ἐπίλοιποι
334 2544 512 2624 ἀκούσαντες
534 2544 772 2636 φοβηθήσονται.
812 2546 896 2615 αυτό.
935 2552 960 2590 ¹¹
975 2545 1031 2614 ούκ
1051 2547 1158 2630 ένδύση
1173 2548 1327 2636 κίβδηλον,
1353 2553 1417 2635 έρια

167 2635 195 2674 ²²
203 2632 255 2696 ἐὰν
265 2632 297 2697 δὲ
308 2635 426 2715 γένηται
438 2636 469 2697 έν
478 2656 532 2696 τινι
544 2627 674 2717 ἀμσρτία
685 2639 773 2717 κρίμα
810 2637 861 2698 καὶ
886 2634 966 2698 λίνον
991 2636 1022 2697 έν
1046 2637 1091 2713 τῷ
1116 2619 1209 2714 αύτῷ.
1247 2637 1274 2674 1²
1288 2632 1417 2719 στρεπτὰ

164 2711 320 2790 θανάτου,
346 2716 397 2778 καὶ
413 2712 571 2795 ἀποθύνη,
597 2718 647 2779 καί
666 2713 771 2799 κρεμό-
810 2714 944 2803 ποιήσεις
969 2720 1083 2798 σεαυτῷ
1106 2719 1156 2781 ἐπὶ
1180 2721 1239 2781 τών
1265 2712 1417 2802 τεσοάρισν

166 2822 233 2879 σητε
245 2795 337 2860 αὐτὸν
349 2799 400 2859 ἐπὶ
412 2793 511 2871 ξύλου,
531 2784 560 2838 ί3
575 2795 611 2861 ού
624 2793 773 2882 κοιμηθή·
810 2801 986 2885 κρασπέδων
1010 2803 1070 2864 τών
1087 2799 1284 2883 περιβολαίου
1303 2825 1372 2875 σου,
1397 2795 1418 2866 ἀ

165 2904 246 2943 σεται
263 2877 299 2944 τό
317 2882 403 2960 σῶμα
421 2876 516 2943 αὐτοῦ
535 2881 585 2943 ἐπὶ
601 2884 657 2944 τοῦ
670 2879 771 2957 ξύλου,
810 2886 861 2951 ε’ἀν
877 2879 1020 2969 περιβάλη
1041 2885 1073 2947 ἐν
1085 2879 1197 2956 αὐτοῖς.
1225 2882 1250 2922 ¹³
1263 2877 1316 2944 έάν
1329 2882 1363 2946 δέ
1373 2909 1417 2959 τις

165 2960 244 3026 ἀλλά
260 2966 344 3054 ταφῇ
360 2957 477 3045 θάιμετε
490 2957 567 3027 αύτό
581 2965 613 3026 ἔν
625 2967 664 3055 τῇ
676 2961 771 3050 ἡμέρᾳ
809 2966 886 3055 λάβη
896 2953 1024 3045 γυναῖκα
1037 2967 1087 3029 καί
1099 2962 1256 3059 συνοικήση
1266 2962 1354 3058 αύτῷ,
1365 2968 1417 3030 καὶ

164 3049 256 3135 ἐκείνη
262 3051 288 3118 ,”
299 3043 345 3109 ότι
366 3048 599 3128 κεκατηραμένος
616 3044 674 3111 ὑπὸ
695 3054 772 3113 θεοῦ
808 3039 916 3137 μισήση
930 3047 1024 3135 αύτήν
1047 3050 1235 3146 14καίέπιθῷ
1249 3048 1325 3144 αύτῷ
1339 3076 1416 3135 προ·

163 3133 223 3202 πᾶς
239 3122 413 3212 κρεμάμέῖθς
432 3130 481 3191 ἐπὶ
493 3123 592 3202 ξύλου·
619 3132 669 3194 καὶ
682 3129 718 3195 οὗ
730 3129 770 3215 μή
810 3125 1004 3218 φασιότικούς
1030 3130 1152 3211 λόγους,
1188 3136 1240 3198 καὶ
1257 3137 1415 3226 κατενέγκη

162 3221 288 3292 μιανεῖτε
299 3208 353 3291 τήν
364 3214 427 3293 γήν,
441 3205 476 3295 ἣν
488 3207 589 3298 κύριος
603 3209 620 3278 ὁ
631 3210 703 3290 θεός
713 3241 770 3281 σου
809 3217 901 3302 αύτής
912 3219 1007 3319 ὄνομα
1015 3216 1148 3301 πονηρὸν
1157 3215 1354 3303 καὶλέγη,τήν
1362 3244 1415 3295 γυ-

162 3292 267 3358 δῖδωσὶ
284 3319 333 3359 σοι
350 3296 381 3357 ἓν
392 3291 499 3379 κλήρῳ·
808 3313 897 3368 ναῖκα
909 3326 1021 3405 ταυτην
1033 3301 1154 3384 ειληφα,
1179 3302 1231 3366 καὶ
1242 3293 1415 3387 προςελθών

336 3384 460 3443 ΚΕΦ.
504 3375 590 3445 ΚΒ’.
809 3384 886 3468 αύτῷ
902 3384 955 3470 οὐχ
972 3381 1239 3470 εύρηκααύτήςτόι
1250 3388 1413 3469 παρθένια,

161 3425 241 3548 Μή
269 3458 339 3529 ἰδών
360 3460 413 3527 τὸν
429 3458 543 3548 μόσχον
561 3469 617 3529 τού
634 3463 768 3546 ἀδελφοῦ
808 3458 898 3532 15κόιὶ
915 3465 1014 3555 λαβών
1032 3464 1164 3552 ὁπατήρ
1179 3472 1232 3552 τής
1244 3466 1352 3543 παιδὸς
1363 3469 1414 3533 καί

160 3572 216 3613 σου
234 3545 303 3632 ήτό
317 3542 473 3633 πρόβατον
484 3545 767 3631 αύτούπλανώμενα
807 3550 824 3636 ή
849 3547 945 3637 μήτηρ
971 3553 1117 3626 ε’ξοίσουσι
1134 3548 1174 3615 τά
1191 3555 1344 3636 παρθένια
1363 3556 1414 3632 τής

160 3633 189 3693 ἐν
201 3636 238 3723 τῷ
252 3628 314 3713 ὁδῷ
329 3629 465 3723 ύπερίδης
476 3627 563 3694 αύιά.
581 3629 767 3724 ἀποστροφῇ
806 3632 912 3710 παιδός
938 3632 1014 3718 πρὸς
1037 3633 1089 3716 τήν
1113 3640 1271 3718 γερουσίαν
1294 3636 1344 3698 ἐπὶ
1361 3634 1415 3717 τήν

159 3711 358 3796 ἀποστρέψεις
384 3711 462 3776 αύτά
487 3718 531 3795 τῷ
557 3710 675 3798 ἀδελφῷ
698 3742 765 3793 σου,
805 3716 917 3803 πύλην,
941 3718 1034 3781 16καὶ
1054 3721 1115 3803 ἐρεῖ
1130 3716 1147 3780 ὁ
1161 3713 1262 3802 πατήρ
1277 3722 1413 3800 τήςπαι-

159 3797 210 3858 καὶ
224 3791 388 3868 ἀποδώσεις
401 3794 493 3879 αύτῷ.
525 3795 606 3860 2έάν
618 3797 650 3861 δὲ
661 3797 701 3883 μή
716 3802 766 3876 ἐγ·
804 3800 855 3878 δὸς
872 3807 910 3883 τῆ
936 3807 1087 3884 γερουσίᾳ.
1112 3798 1166 3884 τήν
1182 3804 1337 3886 θυγατέρα
1353 3829 1412 3882 μου

157 3880 222 3958 γίζη
248 3873 265 3940 ό
289 3873 413 3958 ἀδελφός
435 3904 490 3943 σου
507 3877 583 3965 πρὸς
600 3879 648 3955 σὲ,
671 3880 712 3965 μή
732 3880 765 3945 δὲ
803 3871 915 3969 ταύτήν
939 3886 1057 3950 δέδωκα
1077 3889 1122 3968 τῷ
1139 3881 1295 3968 ἀνθρώπῳ
1312 3881 1412 3969 τούτῳ

158 3950 264 4060 ἐπίσρη
287 3958 396 4036 αὐτόν,
424 3960 550 4039 συνόξεις
567 3961 660 4028 αὐτὸν
678 3965 764 4028 ένδον
801 3981 935 4045 γυναῖκα,
948 3970 998 4032 καί
1010 3963 1135 4071 μισήσας
1147 3965 1241 4052 αὐτήν
1256 3971 1344 4032 17νύν
1357 3962 1412 4067 σή-

158 4048 195 4116 εἷς
208 4067 261 4146 την
275 4047 369 4109 οἰκίαν
382 4070 449 4118 σου,
464 4049 514 4108 καὶ
526 4050 610 4111 ἔσται
621 4045 694 4128 μετά
707 4053 764 4111 σού
801 4077 852 4126 τος
868 4056 1035 4134 ἐπιτίθησιν
1053 4058 1130 4146 αυτῷ
1155 4076 1412 4137 προφασιστικους

158 4130 212 4199 ἕως
230 4150 267 4189 αν
288 4125 397 4221 ζητήση
417 4153 495 4229 ρυτα
513 4155 530 4194 ο
551 4125 679 4233 ρδελφός
696 4154 761 4230 σου,
801 4129 917 4212 λόγους,
924 4135 1026 4213 λέγων.
1041 4133 1095 4220 οὐχ
1109 4132 1219 4221 εύρηκα
1232 4141 1270 4237 σή
1279 4141 1413 4221 θυγατρί

571 4208 576 4230 Ι

157 4211 207 4272 καί
220 4206 385 4284 ἀποδώσεις
398 4216 490 4295 αυτῷ.
510 4214 524 4253 ³
538 4237 620 4276 ουτω
632 4238 762 4296 ποιησεις
800 4244 855 4282 σου
869 4223 1031 4304 παρθένια.
1056 4222 1106 4282 καί
1124 4224 1222 4283 ταῦτα
1237 4244 1276 4283 τα
1288 4221 1412 4304 παρθέ-

157 4287 210 4356 τύν
224 4290 294 4358 ὄνον
308 4291 412 4369 αὐτοῦ,
426 4297 476 4359 καί
490 4290 571 4360 ούτω
583 4293 715 4379 ποιήσεις
724 4294 761 4361 τό
799 4325 846 4365 νια
862 4306 915 4384 τῆς
932 4297 1085 4387 θυγατρός
1101 4329 1167 4383 μου.
1207 4304 1258 4366 καὶ
1274 4298 1411 4367 ἀναπτύ-

156 4370 272 4472 ίμάπηον
297 4374 408 4451 αὐτοῦ,
447 4379 498 4442 καὶ
524 4375 606 4443 οότω
630 4375 761 4463 ποιήσεις
797 4383 930 4459 ξουσιτὸ
948 4380 1064 4467 ίμάτιον
1082 4389 1217 4450 έναντίον
1234 4389 1289 4468 τής
1306 4412 1410 4471 γερου·

156 4484 233 4523 καιιι
259 4463 355 4525 πᾶσαν
380 4456 529 4527 ἀπώλειαν
553 4467 611 4528 τού
627 4460 760 4547 ἀδελφοῦ
798 4472 863 4542 σίας
879 4470 928 4550 τής
941 4462 1064 4544 πόλεως.
1085 4470 1113 4512 ¹⁸
1124 4471 1175 4534 καί
1187 4465 1317 4556 λήψεται
1329 4468 1350 4554 ή
1362 4495 1409 4548 γε.-

1298 4580 1408 4638 ρουοια
