2924 4972
177 185 237 251 160
464 184 746 250 -ΑΡΙΘΜΟΙ
784 179 1127 268 Κεω.κβ’.κγ’.99.23.

177 309 270 397 “όβῦῳ
284 308 380 374 αὐτοῦ
394 314 448 374 τοῦ
457 307 582 373 εῦθῦναι
595 305 688 391 αῦτην
697 309 728 371 ἐν
738 312 775 398 τῇ
815 330 898 391 τησιν
910 304 994 389 αὐτῷ
1000 354 1011 382 ,
1025 310 1063 381 ελς
1075 303 1162 370 πόλιν
1173 305 1293 392 Μωὰβ,
1308 305 1327 390 λη’
1341 311 1417 373 ἐστιν

169 396 240 478 οῦῴ.
274 392 305 434 ²⁴
318 394 369 457 καί
381 395 452 477 ἐστη
466 386 483 455 ὁ
497 390 619 469 ὰχμελσς
630 394 689 454 τοῦ
699 394 777 454 θεοῦ
814 390 937 453 ἐπὶτῶν
950 384 1174 475 ὁρίωνἏρνῶν,
1198 386 1309 467 ἐίέστιν
1322 392 1354 452 ἐκ
1389 393 1419 454 ε’·

169 483 201 544 ἐν
213 489 276 552 ταῖς
286 474 392 552 αῦλαξι
403 478 464 540 τῶν
476 472 625 577 ἀμπέλων.
639 469 776 557 φραμμός
814 497 887 558 ρους
904 473 966 538 τῶν
984 467 1085 555 ὁρίων.
1123 473 1152 514 ³⁷
1165 472 1217 536 καί
1233 471 1294 535 εἶπε
1306 418 1419 537 Βαλὰκ

169 565 314 633 ἐντεῦθεν,
326 560 376 623 καί
389 582 525 643 φραχμος
534 560 677 621 ἐντεῦθεν.
691 556 719 597 ²⁵
726 557 777 620 καί
813 551 890 639 πρὸς
906 550 1051 637 Βαλαάμ.
1077 550 1142 638 οῦχέ
1165 552 1325 619 ἀπέστειλα
1343 554 1419 639 πρὸς

169 647 275 710 ἰδοῦσα
293 638 312 724 ἦ
332 638 401 716 ὄνος
418 639 470 705 τὸν
487 638 610 719 ὰχμελον
622 642 678 703 τοῦ
690 640 775 714 θεοῦ,
814 638 847 701 σὲ
859 635 982 702 καλέσαι
995 663 1028 701 σε
1032 665 1045 715 ,·
1070 637 1151 701 διατέ
1167 634 1223 701 οῦκ
1237 635 1329 722 η’ρχου
1342 636 1418 721 πρὸς

168 725 367 870 προςέθλιχιμν
385 719 494 807 ἐαυτίην
510 720 588 808 πρὸς
600 719 653 786 τόν
665 733 774 805 τοῖχον,
812 722 868 844 μές
894 717 987 794 ὄντως
1005 717 1043 783 οῦ
1055 714 1217 802 δυνήσομαι
1238 725 1359 802 τιμῆσαί
1378 747 1417 786 σε.

169 810 221 874 καί
234 811 317 874 απέθ
349 826 386 888 ψε
398 802 451 869 τόν
461 800 543 869 πόδα
553 801 687 885 Βαλαὰμ
699 800 775 888 πρὸς
829 803 902 867 8καί
912 799 974 866 εἶπε
983 797 1119 883 Βαλαὰμ
1130 799 1206 887 πρὸς
1215 800 1336 865 Βαλὰκ.
1351 801 1417 868 ἲῦοῦ

167 892 221 957 τὸν
235 902 341 973 τοῖχον.
368 890 419 953 καί
431 891 594 972 προςέθετο
608 891 650 951 ἔτι
666 891 774 987 μαστί-
813 880 877 966 ἥκω
887 881 963 969 πρὸς
976 884 1008 949 σέ
1022 888 1082 948 νῦν.
1106 880 1232 958 δυνατός
1244 889 1348 968 ἔσομαι
1361 883 1417 952 λα-

168 978 216 1052 ξαι
228 969 331 1055 αῦτην.
346 973 432 1035 26καί
443 975 607 1055 προςέθετο
620 964 638 1034 ό
652 968 774 1047 ἄγγελος
812 967 901 1051 λησαι
927 973 958 1032 τί
960 996 973 1046 ,·
997 962 1033 1031 τό
1058 970 1137 1050 ῥῆμα
1162 962 1182 1030 ὃ
1202 964 1253 1032 ἐὰν
1271 964 1381 1054 ἐμβόλη
1400 965 1416 1033 ὁ

167 1060 223 1123 τοῦ
235 1059 321 1120 θεοῦ.
336 1055 386 1120 καί
399 1053 540 1119 ἀπελθὼν
553 1049 667 1135 ὑπέστη
679 1056 709 1116 ἐν
721 1047 774 1116 τό-
811 1048 882 1125 θεὸς
894 1053 933 1124 είς
951 1046 988 1114 τό
1009 1044 1105 1132 στόμα
1117 1076 1191 1133 μου,
1217 1056 1311 1115 τοῦτο
1325 1043 1417 1135 λαλη-

168 1169 217 1206 πω
230 1143 338 1214 στενιῦ,
365 1143 403 1212 εἰς
419 1132 454 1201 ὃν
467 1134 522 1201 οῦκ
535 1127 571 1219 ἦν
584 1135 713 1200 ἐκκλῖναι
726 1136 774 1200 δε-
812 1159 863 1200 σω.
902 1133 933 1174 ³⁹
946 1135 998 1198 καί
1022 1129 1173 1217 ἐπορεύθη
1192 1132 1328 1216 Βαλαὰμ
1344 1133 1419 1218 μετὰ

167 1208 231 1301 ξιὰν
248 1204 316 1287 οῦῦέ
335 1215 497 1306 ἀριστερὰν.
522 1223 552 1264 ²⁷
565 1222 616 1284 καί
634 1210 771 1302 ἐὰοῦσαῆ
811 1212 939 1292 Βαλὰκ,
963 1217 1016 1280 καί
1031 1205 1131 1300 ἦλθον
1148 1220 1187 1290 είς
1205 1213 1303 1292 πόλεις
1323 1214 1416 1283 ἐπαῦ-

167 1307 235 1382 όνσς
247 1303 299 1370 τὸν
313 1303 435 1383 ὄμχελσν
452 1307 507 1368 τοῦ
524 1307 599 1379 θεοῦ
616 1297 772 1366 συνεκάθι-
811 1298 893 1365 λεων.
932 1297 965 1342 ⁴⁰
977 1300 1029 1363 καί
1046 1302 1136 1364 ἔθυσε
1149 1298 1259 1365 Βαλὰκ
1277 1297 1419 1386 πρόβατα

168 1416 215 1455 σεν
234 1385 376 1454 ὑποκάτω
388 1382 533 1469 Βαλαὰμ.
557 1387 608 1450 καέ
624 1380 772 1468 ἐθυμώθη
811 1383 863 1448 καὶ
876 1375 1017 1467 μόσχους,
1043 1382 1095 1448 καί
1113 1378 1263 1447 ἀπέστειλε
1280 1388 1325 1466 τῷ
1347 1390 1418 1449 Βα-

166 1469 311 1550 Βαλαὰμ,
323 1472 375 1534 καί
386 1472 491 1532 ἔτυπτε
504 1466 557 1551 την
570 1465 639 1531 όνον
651 1472 687 1559 τῇ
698 1462 772 1553 ῥὰβ·
811 1462 892 1546 λαὰιμ
909 1466 961 1527 καί
979 1475 1044 1539 τοῖς
1061 1463 1186 1548 ἄρχουσι
1204 1479 1267 1540 ταῖς
1282 1464 1341 1549 μετ’
1362 1465 1419 1532 αῦ-

167 1556 218 1637 ῦῳ.
257 1554 288 1593 ²⁸
301 1553 353 1616 καὶ
374 1548 483 1635 ἤνοιξεν
504 1545 605 1623 ὁθεὸς
623 1546 659 1611 τό
676 1546 772 1632 στόμα
811 1552 877 1612 τοῦ.
903 1546 933 1587 ⁴¹
944 1549 994 1611 καί
1008 1546 1131 1648 ἐγενηθη
1144 1551 1233 1632 πρωί.
1253 1552 1304 1614 καὶ
1316 1575 1418 1633 παρα-

166 1642 221 1720 τῆς
233 1634 318 1711 ὄνου,
344 1637 395 1700 καί
413 1634 488 1710 λέγει
504 1637 548 1715 τῷ
561 1628 705 1717 Βαλαὰμ.
742 1638 774 1697 τί
811 1626 912 1709 λαβὰν
928 1627 1039 1694 Βαλὰκ
1058 1653 1112 1694 τον
1127 1629 1263 1715 Βαλαὰμ
1281 1630 1419 1719 ὰνεβιῖἐα-

166 1713 297 1803 ἐποίησὰ
314 1743 376 1793 σοι,
402 1711 448 1781 ὅτι
461 1711 609 1789 πέπαικάς
620 1741 653 1798 με
671 1722 772 1801 τρίτον
812 1737 860 1778 σιν
872 1709 966 1778 αῦτόν
979 1715 1028 1776 ἐπὶ
1040 1710 1096 1796 την
1115 1710 1225 1798 στήλην
1242 1719 1299 1779 τοῦ
1311 1715 1416 1791 Βαὰλ,

167 1809 278 1879 τοῦτος
304 1803 334 1843 ²⁹
349 1801 400 1864 καὶ
418 1798 480 1864 εἶπε
491 1795 626 1882 Βαλαὰμ
644 1825 681 1889 τη·
701 1797 771 1864 ὅνω.
810 1797 861 1860 καί
878 1796 979 1872 ε’ῦειξεν
996 1793 1082 1880 αὐτῷ
1098 1798 1208 1861 ἐκεῖθεν
1219 1802 1306 1882 μέρος
1317 1823 1346 1862 τι
1359 1804 1417 1863 τοῦ

167 1882 215 1951 ὅτι
227 1878 408 1967 ἐμπέπαιχόις
424 1908 490 1965 μοι,
515 1881 567 1945 καί
582 1885 608 1944 εἰ
624 1880 700 1965 εἶχον
715 1866 771 1964 μὰ·
810 1879 899 1944 λαοῦ.

165 1971 316 2055 χαιρανέν
330 1971 366 2057 τῇ
380 1967 461 2050 χειρί,
485 1961 774 2048 η’ῦηῦνέξεκέντησό
988 1968 1062 2026 ΚΕ
1074 1968 1112 2027 Φ.
1155 1959 1240 2028 ΚΓ’.

168 2077 208 2117 σε.
244 2052 275 2092 ³⁰
288 2051 340 2114 καί
356 2049 431 2125 λέγει
448 2044 466 2130 ἐχ
483 2048 551 2122 ὄνος
568 2053 611 2112 τῶ
629 2044 772 2131 Βαλαὰμ.
809 2011 896 2110 Καὶ
908 2044 970 2111 εἷπε
981 2043 1117 2129 Βαλαὰμ
1132 2052 1175 2129 τῷ
1188 2043 1309 2113 Βαλὰκ.
1334 2053 1417 2115 οίκο-

168 2134 223 2201 οῦκ
237 2131 296 2212 ἐχιό
310 2130 327 2216 ἡ
342 2130 410 2206 ὄνος
423 2157 493 2207 σου,
518 2129 561 2211 ἐφ’
578 2111 612 2215 ἧς
624 2133 773 2236 ἕπε’(ίαινες
810 2124 941 2213 δόμησόν
965 2156 1015 2213 μοι
1041 2132 1177 2196 ἐνταῦθα
1196 2130 1272 2197 ἑπτὰ
1288 2133 1416 2218 βωμοὺς,

168 2215 231 2285 ὰπὸ
256 2211 391 2299 νεότητός
417 2240 471 2280 σου
496 2220 552 2288 ἕως
573 2220 626 2319 τη”ς
649 2240 772 2300 σημερον
810 2214 860 2276 καὶ
877 2208 1038 2295 ἐτοίμασόν
1049 2239 1097 2315 μοι
1117 2217 1252 2280 ἐνταῦθα
1270 2217 1347 2281 ἐπτὰ
1358 2213 1416 2300 μό-

168 2297 293 2384 ἡμέραςς
327 2297 366 2383 μη
395 2295 565 2385 ῦπερορόσει
592 2302 772 2385 υπεριῦοῦσα
810 2321 907 2380 σχους,
920 2297 971 2359 καί
983 2297 1060 2360 ἑπτα
1073 2291 1179 2381 κρισῦς.
1204 2301 1283 2363 2καὶ
1295 2302 1417 2385 ἐποίησε

167 2378 296 2466 ἐποίησὰ
308 2408 355 2447 σοι
373 2377 485 2460 οῦτωςς
511 2378 574 2447 ὅδὲ
585 2382 668 2448 εἶπεν.
696 2380 733 2446 οῦ
753 2389 771 2446 ί.
809 2376 919 2443 Βαλὰκ
930 2374 964 2442 ὃν
973 2373 1086 2464 τρόπον
1095 2378 1171 2445 εἶπεν
1180 2377 1415 2486 αῦτῷΒαλαόμ.

167 2469 193 2509 ³¹
208 2462 379 2549 ἀπικάλυηη
396 2463 427 2531 δὲ
446 2461 463 2529 ὁ
483 2461 554 2541 θεὸς
566 2465 634 2542 τοῦς
650 2410 772 2549 ὀφθαλ-
809 2463 859 2525 καί
872 2456 1005 2545 ὰνηνεμκε
1016 2461 1129 2546 μόσχον
1140 2465 1192 2527 καί
1202 2462 1286 2549 κριόν
1299 2468 1350 2531 ἐπὶ
1362 2493 1415 2533 τον

168 2549 240 2630 μοὰς
252 2548 401 2632 Βαλαὰμ,
427 2552 479 2614 καί
497 2546 556 2633 ὁρᾷ
576 2547 630 2615 τὸν
647 2549 772 2629 ἄγγελον
808 2541 919 2692 χληνμόν.
946 2547 959 2587 ³
972 2547 1023 2609 καὶ
1036 2544 1097 2610 εἶπε
1109 2546 1245 2630 Βαλαὰμ
1257 2549 1333 2635 πρὸς
1345 2556 1415 2615 Βα-

166 2642 270 2720 κυρίσυ
288 2630 494 2714 ἀνθεστηκότα
513 2637 543 2696 ἐν
561 2639 598 2724 τῇ
617 2630 694 2716 ὁδῷ,
721 2635 772 2698 καὶ
838 2623 875 2692 ’τι
901 2625 1077 2712 παρὰστηθι
1095 2632 1145 2695 ἐπὶ
1162 2635 1214 2715 τῆς
1231 2638 1341 2709 θυσίας
1354 2661 1415 2709 σου,

165 2715 220 2798 τὴν
238 2713 386 2799 μάχαιραν
404 2718 588 2797 ἐσπασμένην
603 2720 632 2780 ἐν
645 2723 682 2807 τῇ
701 2719 772 2801 χειρὶ
809 2712 860 2776 καὶ
875 2707 1058 2797 πορεύσομαι
1071 2714 1101 2776 εί
1106 2740 1155 2796 μοι
1169 2727 1305 2795 φανεῖται
1317 2715 1334 2780 ό
1346 2717 1416 2793 θεὸς

167 2801 279 2872 αὐτοῦ,
309 2800 360 2862 καὶ
385 2793 486 2879 κῦιμας
510 2795 703 2882 προςεκόνησε
727 2804 771 2863 τεῦ
809 2799 841 2860 ἐν
850 2790 1031 2879 συναντήσει,
1045 2797 1095 2860 καί
1104 2795 1345 2883 ρημα,ῦέόνμοι
1358 2802 1415 2866 ῦεί-

166 2877 318 2967 προςιόπῳ
332 2877 437 2945 αὐτοῦ.
464 2880 493 2920 ³²
505 2883 556 2943 καὶ
569 2879 646 2946 εἶπεν
659 2865 770 2965 αῦτῷὰ
808 2881 852 2964 ξη,
864 2876 1017 2958 ἇναγμελῶ
1029 2905 1084 2944 σοι.
1097 2884 1148 2945 καί
1159 2885 1292 2969 παρέστη
1302 2882 1415 2951 Βαλὰκ

166 2964 287 3044 ὰμμελος
300 2969 354 3028 τοῦ
367 2966 450 3026 θεοῦ.
465 2961 546 3027 διατί
555 2960 705 3041 ἐπὰταξας
717 2963 771 3050 την
809 2955 859 3026 ἐπὶ
880 2967 933 3063 της
951 2969 1060 3038 θυσίας
1080 2961 1185 3029 αὐτοῦ.
1211 2966 1262 3031 καί
1279 2966 1415 3050 Βαλαὰμ

165 3048 234 3114 ίίνον
247 3074 300 3112 σου
314 3051 406 3110 τοῦτο
421 3050 539 3124 τρίτους
563 3050 614 3110 καί
632 3046 696 3113 ἰδοῦ
710 3048 769 3126 ἐγώ
809 3049 959 3131 ἐπορευθη
981 3049 1166 3131 ἐπερωτῆσαι
1179 3047 1326 3116 τὸνθεόν.
1364 3054 1415 3116 καί

149 3132 292 3213 ’ἐξῆλθον
317 3134 356 3202 εἰς
381 3123 521 3212 διαβολήν
547 3155 618 3206 σου,
645 3126 691 3196 ότι
714 3131 769 3197 οῦκ
808 3124 959 3216 ἐπορεύθη
973 3127 1100 3194 εὐθεῖαν.
1118 3130 1193 3196 4καὶ
1206 3128 1299 3218 ἐφόνη
1312 3131 1331 3199 ό
1344 3135 1414 3210 θεὸς

163 3214 270 3279 ἀστεία
285 3207 384 3294 ηὸδός
394 3237 449 3277 σου
460 3215 593 3277 ἐναντίον
603 3239 671 3297 μου,
685 3217 770 3281 33καί
806 3218 850 3296 τῷ
875 3211 1028 3298 Βαλαὰμ,
1057 3216 1109 3278 καλ
1133 3213 1196 3280 εἷπε
1221 3215 1297 3300 πρὸς
1321 3215 1413 3284 αῦτόν

164 3292 272 3362 ἰδοῦσά
287 3321 322 3379 με
340 3292 358 3379 ἦ
380 3293 448 3371 ὄνος
470 3297 607 3372 ἐξέκλινεν
627 3296 677 3364 ἀπ’
698 3302 769 3383 ἐμοῦ
806 3292 949 3379 Βαλαὰμ.
959 3295 1029 3372 τοὺς
1039 3295 1243 3384 ἐπτὰβωμοῦς
1252 3297 1411 3384 ητοίμασα,

162 3387 264 3487 τρίτον
278 3385 381 3456 τοῦτο,
400 3383 451 3445 καί
463 3384 488 3444 εέ
498 3377 538 3464 μη
551 3382 699 3460 ἐξέκλινεν,
717 3389 768 3448 νῦν
806 3382 856 3443 καὶ
874 3379 1034 3466 ὰνεβίβασα
1054 3377 1165 3466 μόσχον
1185 3385 1237 3447 καί
1257 3382 1340 3469 κριὸν
1362 3388 1411 3449 ἐπί

163 3490 219 3530 ουν
238 3465 270 3530 σὲ
286 3463 339 3548 μέν
360 3462 535 3541 ἀπέκτεινα,
559 3469 666 3549 ἐκείνην
682 3465 711 3530 δ’
732 3464 769 3530 ἂν
806 3460 858 3527 τὸν
868 3460 975 3549 βωμόν.
1002 3465 1080 3527 6καί
1098 3466 1232 3551 ἐνεβαλεν
1244 3463 1262 3532 ό
1273 3465 1344 3542 θεός
1357 3471 1411 3552 ρἠ-

162 3543 413 3633 περιεποιησιξιιην.
453 3547 483 3590 ³⁴
497 3550 548 3614 καί
562 3548 623 3613 εἶπε
635 3545 769 3629 Βαλαὰμ
803 3573 846 3628 μα
865 3553 903 3620 είς
918 3545 955 3611 τὸ
973 3542 1069 3630 στόμα
1081 3546 1232 3631 Βαλαὰμ,
1256 3554 1307 3615 καί
1323 3551 1409 3616 εἶπεν.

160 3640 203 3716 τῷ
218 3632 334 3714 ἀγγέλῳ
347 3637 457 3713 κυρίου.
476 3626 642 3735 ἡμάρτηκα.
662 3629 699 3696 οῦ
709 3628 766 3716 γὰρ
805 3630 996 3716 ἐπιστραφεὶς
1010 3627 1087 3717 πρὸς
1099 3629 1211 3695 Βαλὰκ
1223 3627 1305 3696 οῦτω
1315 3630 1410 3714 λαλη-

160 3713 340 3802 ἠπιστῦμην,
364 3711 410 3776 ὅτι
424 3710 461 3779 σῦ
473 3738 524 3795 μοι
537 3717 724 3798 ανθέστηκας
737 3719 768 3778 ἐν
805 3739 870 3788 σεις.
908 3715 987 3777 6καί
1012 3708 1188 3799 ἀπεστράφη
1209 3710 1287 3795 πρὸς
1305 3712 1408 3780 αὐτόν.

160 3805 198 3890 τῇ
218 3794 279 3880 όιλῴ
299 3800 338 3868 εἰς
358 3791 540 3878 συνάντησιν.
565 3799 616 3862 καὶ
628 3803 679 3863 νῦν
693 3803 717 3861 εἰ
727 3795 766 3881 μή
804 3800 854 3861 καί
874 3794 935 3861 ὁῦέ
954 3793 1112 3882 ἐσειστηκει
1131 3799 1183 3861 ἐπί
1201 3803 1262 3861 τῶν
1279 3796 1409 3864 ὁλοκαυ-

161 3908 209 3946 σοι
222 3877 349 3964 ἀρκέσει,
362 3875 648 3963 ὰποστραφησομαι.
674 3883 703 3924 ³⁵
716 3886 767 3947 καὶ
803 3877 949 3963 σωμάτων
961 3878 1065 3957 αὐτοῦ,
1079 3882 1130 3945 καί
1141 3876 1248 3956 πάντες
1259 3887 1289 3947 οί
1302 3881 1409 3967 ὄρχον-

161 3963 238 4028 είπεν
260 3960 277 4028 ὁ
295 3961 418 4039 ὰμμελος
436 3966 492 4027 τοῦ
509 3970 587 4028 θεοῦ
602 3963 679 4049 πρὸς
695 3969 767 4029 Βα-
802 3987 848 4037 τες
865 3959 971 4048 Μωὰβ
991 3961 1050 4046 μετ’
1072 3963 1176 4030 αῦτοῦ.
1215 3969 1266 4029 καί
1282 3962 1410 4050 ἔμεν’θη

160 4042 248 4150 λαὰμ.
287 4041 511 4128 συμπορεῦθητι
534 4044 609 4128 μετὰ
630 4052 692 4111 τῶν
712 4044 766 4110 ἆν-
802 4052 916 4129 πνεῦμα
931 4051 1006 4111 θεοῦ
1021 4045 1066 4111 ἐπ’
1083 4046 1176 4131 αὐτῷ.
1204 4051 1280 4113 7καί
1294 3995 1409 4116 ἀναλα-

160 4140 303 4214 θρωπων.
335 4127 414 4211 πλην
431 4126 467 4192 τὸ
486 4127 601 4212 ῥημαὸ
621 4126 672 4194 ἐὰν
691 4130 765 4194 εἴπω
800 4126 861 4214 βιόν
879 4127 933 4214 τὴν
951 4130 1129 4215 παραβολὴν
1148 4128 1243 4198 αῦτσῦ
1262 4130 1348 4198 εἶπεν.
1376 4137 1409 4198 ἐκ

159 4210 235 4297 πρὸς
247 4209 294 4288 σὲ,
313 4215 408 4276 τοῦτο
423 4209 538 4312 ιμυλάξη
551 4211 689 4295 λαλῆσαι.
715 4216 765 4278 καί
801 4219 1042 4297 Μεσοποταμίας
1057 4215 1269 4299 μετεπέμψατό
1285 4242 1320 4299 με
1337 4223 1406 4283 Βα-

157 4290 309 4379 ἐπορεῦθη
327 4293 464 4374 Βαλααμ
486 4291 560 4376 μετὰ
579 4299 639 4358 τῶν
657 4293 765 4381 ἆρχόν-
800 4295 857 4361 λὰκ
884 4294 1017 4385 βασιλεῦς
1042 4295 1150 4384 Μωὰβ
1179 4303 1210 4376 ἐξ
1234 4298 1330 4385 ὀρέων
1352 4298 1405 4366 ἀπ’

156 4403 216 4443 των
228 4373 348 4444 Βαλὰκ.
375 4379 406 4421 ³⁶
420 4378 471 4442 καί
489 4372 623 4452 ἇκοῦσας
641 4379 763 4456 Βαλὰκ,
800 4378 973 4455 ἀνατολῶν,
991 4379 1094 4459 λέγων.
1127 4383 1215 4469 δεῦρο
1229 4381 1347 4469 ἄρασαί
1356 4409 1408 4467 μοι

155 4458 202 4528 ὄτι
218 4458 279 4548 η’κει
290 4457 442 4546 Βαλαὰμ,
468 4459 589 4545 ἐξῆλθεν
608 4467 646 4540 εἰς
660 4461 764 4530 συνόν-
799 4461 852 4528 τὸν
866 4460 992 4549 Ἰακώβ,
1017 4465 1068 4529 καί
1084 4466 1171 4551 δεῦρο
1184 4462 1407 4555 ἐπικατὰρασαὶ

1351 4577 1402 4634 μοι
