2924 4972
549 336 708 342 -—..-—-
726 336 794 341 .—..
803 333 916 341 ....-----
931 330 1091 338 ——-—--
1112 331 1125 335 -›
1173 331 1181 337 .
1191 331 1207 336 ..
1215 331 1415 340 ..ὴ-..Ἀ-

153 249 220 318 954
355 236 974 306 ωΑιιιιΑΒΑιιιΝιιυιισοΣ.
1018 229 1197 336 amp-1.

392 550 1167 661 ΜΑΚΚΑΒΑΙΩΝ

623 729 939 791 ΠΡΩΤΟΣ

337 867 365 925 1(
378 866 457 925 Ετιι,
500 855 558 924 Ast
801 858 854 921 καί
873 857 979 921 ἔδωκεν
1000 855 1106 932 αὐτοῖς
1123 858 1267 933 ίξουσίαν
1290 865 1420 944 ποιήσαι

153 915 235 1013 Καὶ
254 949 367 1023 ἐγένετο
386 942 461 1028 μετὰ
480 940 516 1008 τὸ
533 938 664 1019 πατάξαι
678 941 758 1006 Ἀλέ-
801 938 840 1004 τίι
853 935 1039 1023 δικαιώματα
1052 944 1112 1006 τῶν
1128 946 1235 1006 ἐθνῶν.
1264 943 1296 985 ¹⁴
1309 949 1364 1009 καί
1377 945 1420 1029 ῷ-

153 1032 279 1115 ξανδρον
296 1029 350 1094 τὸν
370 1029 524 1092 Φιλίππου
543 1027 596 1090 τόν
615 1023 761 1091 Μακεδύ-
801 1021 969 1106 κοδόμησαν
977 1020 1140 1108 γυμνάσιον
1149 1027 1182 1090 ίν
1190 1022 1419 1111 Ἱεροσολύμοις

154 1141 204 1187 va,
232 1109 402 1196 ὃςέξήλθεν
420 1114 451 1175 ἒιι
466 1115 582 1194 τήςνής
598 1110 760 1193 Χεττειείμ,
802 1105 942 1171 κατὰτὰ
966 1104 1073 1191 νόμιμα
1096 1113 1155 1173 τῶν
1178 1107 1295 1175 ε’θνῶν.
1325 1116 1419 1179 ¹⁵va

154 1203 206 1263 καὶ
230 1193 360 1272 ἐπάταξε
392 1195 445 1260 τὸν
475 1199 606 1281 Δαρεῖον
636 1191 762 1280 βασιλέα
802 1188 948 1273 ἔποίησαν
973 1193 1091 1266 ἑαυτοῖς
1115 1189 1338 1279 ἀκροβυστίας,
1367 1200 1418 1261 καί

156 1284 283 1365 Περσῶν
295 1281 347 1345 καί
359 1275 493 1363 Μήδων,
518 1282 568 1345 καί
581 1278 762 1364 ἐβασίλευσεν
802 1270 975 1356 ἀπέστησαν
988 1274 1051 1340 ἀπὸ
1065 1273 1212 1362 διαθήκης
1230 1274 1335 1356 ἀμίας,
1366 1283 1419 1344 καί

154 1365 215 1431 ἀντ’
233 1362 327 1428 αῦτοῦ
338 1361 484 1450 πρότερος
494 1357 760 1447 ε’πίτήνἝλλάδα.
802 1352 981 1442 ίζεύχθησαν
995 1372 1056 1434 τοῖς
1068 1363 1179 1439 ἔθνεσι,
1206 1363 1259 1424 καί
1272 1360 1418 1449 ἐπράθη-

154 1455 167 1492 ²
182 1449 233 1513 καί
243 1443 443 1530 συνεστήσατο
456 1446 608 1531 πολέμους
616 1443 761 1520 πολλοὺς,
802 1465 857 1506 σαν
868 1445 925 1505 τοῦ
938 1446 1063 1548 ποιήσαι
1084 1440 1120 1508 τὸ
1133 1440 1279 1530 πονηρόν.
1322 1449 1353 1490 ¹⁶
1367 1452 1418 1514 καὶ

154 1535 206 1596 καὶ
223 1532 382 1616 ἐκράτησεν
408 1528 609 1614 ὀχυρωμάτων
626 1529 760 1605 πολλῶν,
803 1519 971 1608 ἦτοιμάσθη
994 1554 1012 1610 η
1033 1527 1167 1614 βασιλεία
1189 1532 1331 1596 ἐναντίον
1348 1531 1417 1596 Ἀν-

155 1617 205 1681 καί
237 1614 346 1694 ἔσφαξε
378 1613 506 1699 βασιλεῖς
519 1618 571 1697 τῆς
595 1617 658 1697 γῆς.
685 1613 763 1676 3καί
802 1604 912 1692 τιόχου.
941 1611 991 1674 καί
1015 1609 1142 1698 ῦπελαβε
1161 1613 1339 1700 βασιλεῦσαι
1364 1622 1417 1720 τής

155 1697 275 1781 διῆλθεν
289 1701 344 1771 ἕως
357 1695 457 1782 ἀκρων
469 1701 521 1780 τῆς
533 1701 595 1780 γῆς,
609 1699 660 1760 ιιαί
672 1696 763 1781 ἐλαβε
802 1689 984 1773 Αἰγύπτου,
1011 1689 1095 1770 ὅπως
1111 1696 1277 1794 βασιλεύσῃ
1297 1701 1349 1764 ἐπί
1363 1725 1416 1776 τας

156 1780 252 1849 σκῦλα
262 1780 401 1864 πλήθους
416 1782 525 1846 ἐθνῶν.
552 1784 603 1846 καὶ
616 1779 763 1865 ἡσύχασεν
802 1771 855 1841 δύο
868 1775 1023 1861 βασιλείας.
1049 1780 1416 1865 17καίείςῑηλθενείςΑἶ-

154 1864 173 1952 ή
185 1869 223 1947 μή
235 1860 363 1929 ἐνώπιον
378 1863 483 1929 αῦτοῦ.
510 1867 561 1930 καί
575 1860 699 1948 ῦψιύθη,
713 1865 764 1928 καὶ
801 1885 916 1938 γυπτον
929 1864 959 1925 ἐν
971 1859 1051 1945 ὄχλῳ
1063 1865 1158 1949 βαρεῖ,
1178 1868 1211 1929 ἐν
1222 1861 1348 1951 ἀρμασι,
1361 1871 1416 1932 καί

155 1946 276 2032 ἐπήρθη
292 1944 309 2030 ἢ
323 1950 431 2033 καρδία
444 1946 550 2013 αῦτοῦ.
577 1942 763 2031 *καὶσυνή-
803 1947 834 2008 ἐν
858 1943 990 2024 ἐλέφασι,
1003 1947 1054 2009 καὶ
1080 1949 1111 2010 ἐν
1139 1951 1275 2025 ἱππεῦσι,
1304 1953 1358 2015 καί
1384 1955 1415 2016 ίν

153 2018 225 2109 χαλε
249 2025 369 2112 δύναμιν
395 2028 518 2135 ἰσχυρὰν
547 2027 682 2115 σφόδρα,
711 2031 763 2093 καί
803 2021 903 2110 στόλῳ
915 2024 1044 2111 μεγάλῳ.
1084 2031 1174 2096 18καί
1190 2034 1413 2117 συνεστήσαντο

155 2106 223 2198 ἦρξε
245 2116 352 2196 χωρῶν
381 2140 433 2178 και
450 2117 548 2179 ἐθνῶν
579 2116 630 2177 καί
654 2109 762 2198 τυρόν·
801 2106 932 2213 πόλεμον
954 2111 1032 2200 πρὸς
1064 2115 1258 2199 Πτολεμαῖον
1284 2118 1411 2203 βασιλέα

154 2222 229 2273 νων,
257 2197 308 2260 καί
331 2198 466 2275 ἐγίνοντο
490 2195 573 2281 αὐτῷ
597 2202 636 2274 εἷς
657 2192 761 2282 φόρον.
802 2196 971 2272 Αίνυπτου.
998 2198 1049 2261 καί
1063 2198 1209 2285 ἰνετράπη
1223 2201 1411 2282 Πτολεμαῖος

155 2284 169 2324 ¹
183 2284 234 2345 καί
245 2277 319 2362 μετὰ
336 2284 434 2347 ταῦτα
453 2283 553 2347 ἔπεσεν
570 2283 619 2346 ἐπὶ
632 2281 685 2366 τήν
697 2285 761 2346 κοί·
802 2276 865 2342 ἀπὸ
878 2275 1044 2364 προςῶπου
1057 2279 1162 2359 αῦτοῦ,
1176 2288 1228 2350 καί
1240 2288 1336 2367 ἔφυγε.
1358 2287 1410 2349 καί

155 2391 224 2447 την,
237 2365 288 2428 καὶ
301 2367 379 2441 δ’ννω
393 2361 439 2430 ὅτι
453 2360 648 2449 ἀποθνήσκει.
686 2366 762 2430 6καί
802 2363 908 2427 ἔπεσον
933 2372 1115 2449 τραυματίαι
1139 2367 1260 2434 πολλοί,
1310 2371 1339 2411 ¹⁹
1362 2373 1410 2433 καί

156 2443 275 2512 ἐκάλεσε
293 2447 364 2523 τοὺς
383 2448 495 2524 παῖδας
515 2448 611 2515 αὐτοῦ
624 2446 695 2524 τούς
716 2453 763 2513 ἐν·
803 2442 1006 2533 κατελάβοντο
1030 2446 1085 2525 τὰς
1105 2445 1203 2524 πόλεις
1222 2451 1278 2526 uh·
1301 2450 1409 2537 ὀχυρὰς

156 2526 261 2608 δόξους
280 2529 351 2606 τοῦς
374 2528 556 2618 συντρόφους
578 2531 674 2597 αὐτοῦ
696 2531 761 2596 ἀπὸ
802 2531 833 2591 ἐν
846 2536 885 2623 νῷ
898 2531 1061 2617 Αἰγύπτῳ.
1089 2536 1138 2598 καί
1155 2533 1243 2619 ἔλαβε
1257 2532 1298 2597 τῶ
1312 2537 1412 2600 σκῦλα

156 2612 308 2698 νεότητος,
335 2617 385 2680 καὶ
402 2617 503 2681 διεῖλεν
522 2616 626 2691 αὐτοῖς
639 2614 694 2700 τήν
705 2620 763 2702 βα·
800 2616 854 2695 γῆς
880 2611 1051 2694 Αἰγύπτου.
1096 2620 1125 2662 ²⁰
1150 2618 1199 2682 καὶ
1224 2620 1409 2703 ἐπέστρεψεν

157 2699 266 2764 σιλείαν
278 2697 377 2766 αῦτοῦ
389 2703 432 2764 ἔτι
446 2703 556 2776 ζῶντος
570 2700 675 2765 αῦτοῦ.
693 2701 763 2764 7καὶ
797 2692 946 2783 Ἀντίοχος
957 2701 1029 2782 μετά
1048 2701 1085 2767 τὸ
1103 2697 1233 2779 πατάξαι
1245 2703 1411 2780 Αἴγυπτον

156 2783 338 2867 ε’βασιλευοεν
351 2782 544 2868 Ἀλέξανδρος
565 2789 616 2887 ε”τη
637 2781 762 2858 δώδεκα,
801 2781 831 2842 ἐν
853 2788 897 2866 τῷ
922 2786 1079 2869 ἑκατοστῷ
1104 2789 1154 2851 καί
1176 2794 1411 2892 τεσσαρακοστῷ

155 2868 206 2930 καί
220 2864 364 2930 ἀπέθανε.
404 2869 418 2909 ⁸
433 2873 483 2931 καὶ
506 2872 707 2950 ε’πεκρατησαν
732 2872 763 2932 οἱ
801 2868 852 2929 καὶ
865 2874 958 2953 τρίτῳ
971 2873 1034 2933 ἔτει.
1048 2873 1099 2935 καί
1112 2868 1200 2956 ἀνέβη
1212 2874 1264 2936 ἐπὶ
1283 2871 1413 2957 Ισραήλ,

154 2953 255 3025 παῖδες
268 2949 366 3015 αὐτοῦ
374 2955 500 3027 ἕκαστος
513 2956 544 3016 ἐν
553 2956 597 3034 τῷ
609 2947 693 3035 τόπῳ
708 2949 763 3015 αὖ·
800 2951 851 3012 καί
865 2947 955 3040 ἀνέβη
965 2958 1002 3028 εἷς
1011 2949 1204 3036 Ἰερουσαλήμ
1215 2957 1247 3016 ἐν
1258 2952 1342 3036 ὄχλῳ
1353 2959 1415 3040 βα-

154 3040 220 3099 τοῦ.
247 3037 263 3076 ⁰
276 3038 327 3100 καὶ
339 3037 484 3100 ἐπέθεντο
497 3037 604 3112 πάντες
618 3034 760 3117 διαδήμα-
801 3044 853 3115 θεῖ·
881 3036 906 3076 ²¹
921 3038 971 3099 καὶ
982 3037 1114 3119 ἑῖεῆλθοί
1127 3040 1165 3109 ἒῖς
1178 3033 1213 3098 ῐό
1226 3031 1368 3118 &stam
1383 3044 1416 3104 ἕν

154 3143 194 3179 τα
205 3116 280 3199 μετά
294 3116 330 3181 τὸ
351 3117 518 3184 ἀποθανεῖν
531 3119 641 3197 αὐτὸν,
667 3123 719 3184 καὶ
733 3123 762 3182 οἱ
801 3115 1070 3204 ύπερηφανεία,καὶ
1081 3116 1170 3204 ἔλαβε
1184 3116 1220 3181 τὸ
1234 3119 1414 3206 θυσιαστή-

155 3201 213 3262 υἱοί
232 3197 333 3264 αὐτῶν
352 3198 451 3265 ὀπίσω
471 3202 572 3266 αὐτῶν
585 3207 636 3287 ἔτη
650 3200 761 3277 πολλὰ,
802 3226 866 3285 ριον
879 3204 915 3267 τὸ
926 3207 1067 3287 χρυσοῦν,
1084 3203 1134 3264 καί
1148 3200 1203 3284 τήν
1217 3199 1344 3303 λυχνίαν
1358 3211 1415 3273 τοῦ

154 3282 206 3345 καὶ
223 3277 396 3365 ἐπλήθυναν
414 3284 491 3349 κακά
509 3287 541 3349 ἒν
553 3291 590 3368 τῆ
603 3292 650 3369 μή.
676 3290 762 3350 10καί
801 3285 910 3363 φωτὸς,
933 3287 983 3348 καί
1006 3279 1108 3347 πάντα
1121 3279 1161 3348 τά
1186 3311 1276 3368 σκευη
1306 3285 1412 3373 αὐτῆς,

153 3365 276 3447 ἐξῆλθεν
302 3367 333 3443 ἐξ
360 3365 463 3433 αὐτῶν
492 3372 558 3455 ῥίζα
572 3357 762 3456 ’ἁμαρτωλὸς
800 3370 830 3409 ²²
843 3369 893 3434 καί
909 3363 961 3452 τήν
981 3361 1132 3451 τράπιζαν
1151 3372 1204 3453 τῆς
1218 3375 1412 3452 προθέσεως,

149 3444 297 3534 Ἀντίοχος
320 3448 496 3558 Ἐπιφανής,
525 3450 587 3529 υἱός
608 3451 761 3560 Ἀντιόχου
801 3456 852 3518 καί
866 3450 906 3518 τά
919 3452 1067 3527 σπονδεῖα,
1078 3456 1130 3518 καί
1143 3452 1198 3529 τὰς
1210 3450 1335 3534 φιάλας,
1361 3458 1412 3519 καί

152 3533 312 3618 βασιλέως,
332 3531 365 3610 ὃς
383 3563 418 3621 ην
438 3533 535 3623 δ’μηρα
554 3541 584 3602 ἐν
602 3537 759 3622 τῆῬωμη.
801 3535 855 3612 τὰς
867 3534 1254 3641 θυίοκαςτάςχρυσᾶς,καὶ
1265 3535 1305 3604 τὸ
1316 3563 1410 3603 κατα-

153 3618 205 3678 καί
224 3617 407 3701 ἐβασίλευσεν
420 3624 451 3684 ἐν
469 3622 524 3684 ἔτει
543 3611 699 3707 ἐκατόστῷ
712 3613 763 3687 κἀὶ
800 3622 951 3704 πέτασμα,
964 3621 1016 3686 καί
1028 3645 1098 3696 τους
1111 3618 1346 3702 στεφόνους,και’
1359 3619 1410 3686 τὸν

153 3703 320 3795 τριακοστῷ
335 3704 386 3767 ιιαὶ
404 3702 520 3789 ἑβδόμῳ
533 3705 682 3789 βασιλείας
691 3703 763 3770 Ἐλ-
800 3698 914 3787 κόσμον
927 3701 981 3770 τόν
991 3710 1120 3789 χρυσοῦν
1133 3703 1186 3770 τὸν
1198 3705 1278 3770 κατὰ
1292 3703 1411 3791 πρόςω-

153 3778 259 3859 ληυων.
288 3787 312 3823 ¹¹
325 3789 356 3849 ἐν
369 3800 434 3861 ταῖς
447 3787 567 3872 ἡμέραις
580 3793 702 3865 ἐκείναις
716 3791 762 3864 ἐξ·
798 3813 860 3853 πον
885 3793 940 3854 τοῦ
968 3794 1054 3863 ναοῦ,
1081 3790 1132 3853 καὶ
1157 3789 1274 3854 ἐλέπισε
1299 3785 1411 3854 πάντα.

153 3863 249 3962 ἰηλθον
262 3868 292 3941 ἐξ
303 3865 424 3954 Ἰσραήλ
439 3872 499 3936 υἱοί
513 3869 695 3956 παράνομοι,
712 3875 762 3937 καὶ
800 3873 828 3911 ²³
843 3873 896 3935 καὶ
909 3872 1001 3957 ἔλαβε
1013 3871 1050 3937 τό
1065 3869 1276 3955 ἀργύριον,καὶ
1290 3872 1326 3937 τὸ
1340 3900 1412 3957 χρυ-

153 3948 314 4013 αυέπεισαν
325 3952 469 4028 πολλοῦς,
489 3954 628 4032 λε’γοντες.
654 3984 760 4041 πορευ-
800 3959 876 4028 οίον,
890 3958 941 4019 καί
954 3955 994 4020 τά
1008 3951 1097 4039 σκεύη
1111 3956 1150 4020 τὰ
1163 3953 1346 4059 ἐπιθυμηταί.
1362 3960 1413 4023 καὶ

152 4034 268 4112 θῶμεν,
295 4037 346 4097 καί
359 4033 540 4121 διαθώμεθα
554 4036 701 4125 διαθήκην
710 4067 762 4124 με-
798 4037 890 4125 ἔλαβε
904 4038 977 4113 τοῦς
989 4039 1166 4123 θησαυροὺς
1184 4038 1254 4113 τούς
1271 4038 1413 4124 αποκρύ-

151 4110 190 4175 τά
204 4119 262 4217 τῷν
276 4118 376 4182 ἐθνῶν
394 4125 454 4183 τῶν
474 4118 572 4205 κύκλῳ
588 4124 687 4207 ήμῶν,
714 4123 761 4189 ότι
798 4148 872 4204 φους
893 4117 945 4196 οῦς
964 4113 1037 4206 εύρε.
1078 4125 1109 4165 ²⁴
1123 4127 1174 4189 καὶ
1191 4119 1295 4207 λαβὼν
1308 4122 1415 4190 πάντα

151 4193 202 4275 ἀφ’
219 4224 252 4278 ης
266 4201 464 4283 ἕχωρίοθημεν
477 4203 528 4268 ἀπ’
544 4205 660 4282 αὐτῶν,
684 4199 762 4291 εὗρεν
798 4207 937 4292 ἀπήλθεν
950 4212 988 4281 εἷς
1000 4205 1055 4290 τήν
1066 4212 1121 4291 χήν
1134 4205 1239 4271 αὐτοῦ.
1261 4210 1315 4272 καὶ
1327 4211 1413 4273 εἶπαί-

152 4284 227 4376 Ἱμᾶς
246 4279 323 4343 κακά
342 4284 451 4349 πολλά.
492 4291 517 4328 ¹²
531 4292 582 4351 καί
599 4289 760 4374 ήχαθύνθη
797 4317 850 4375 ησε
863 4287 1287 4373 φονοκτονίαν,και“ε’λάλησεν
1301 4293 1413 4376 ῦπερη-

151 4360 272 4438 ολονος
293 4368 324 4463 {v
341 4364 513 4449 ὀφθαλμοῖς
531 4370 641 4434 αῦτῶν.
669 4377 695 4415 ¹³
709 4379 760 4438 καί
797 4385 923 4456 φανείαν
935 4372 1072 4457 μεγάλην.
1101 4376 1130 4416 ²⁵
1144 4378 1414 4450 καὶένένετοπιί·-

150 4447 414 4547 πρρεθυμηθησάν
433 4476 508 4525 τινες
522 4451 583 4515 ἀπό
599 4461 655 4519 τοῦ
670 4457 758 4534 λαοῦ,
796 4471 853 4535 θος
865 4464 943 4544 μέγα
956 4462 1007 4524 ἐπὶ
1023 4457 1149 4540 Ἰσραήλ
1166 4461 1197 4522 ἐν
1218 4463 1313 4525 παντί
1326 4456 1416 4546 τόπῳ

146 4549 197 4590 ναι
215 4530 430 4615 ἑπορευθησαν
454 4534 533 4621 πρὸς
551 4534 605 4601 τόν
621 4542 757 4624 βασιλέα.
795 4543 904 4610 αῦτῶν.
932 4543 1023 4607 26καί
1035 4542 1197 4616 ἕστίναξαν
1208 4540 1354 4626 ἄρχοντες
1362 4551 1415 4647 καί

1276 4634 1416 4708 πρεσβει-
