2924 4972
164 212 232 280 394
327 220 624 280 ΒΑΣΙΛΕΙΩΝ
651 222 886 281 TETAPTH
924 213 1060 296 Κεφ.ις’.
1075 218 1121 293 ιζ’.
1137 221 1187 283 16.
1206 222 1254 285 17.

177 311 1413 334 --....-.------.-

165 347 283 427 συρίων.
313 343 342 384 19
355 343 408 405 καί
424 341 464 405 τὰ
482 340 576 406 λοιπά
595 344 656 403 τών
672 338 771 418 λόγων
809 337 830 403 ἀ
849 336 991 422 ἀπῴκησε
1015 337 1112 425 κύριος
1127 344 1160 405 ἐκ
1178 342 1340 429 προςώπου
1359 347 1418 411 αύ-

160 423 251 508 Ἄχαζ
275 419 334 488 ὅσα
353 428 503 506 ἐποίησεν,
528 422 595 507 οὐχὶ
610 427 709 487 ταῦτα
724 448 773 500 γε-
809 426 880 498 τών,
891 425 943 486 καί
954 426 1098 506 ἐποίησαν
1109 426 1274 501 κοινωνοὺς,
1285 427 1418 513 καὶέχύ-

165 511 316 592 γραμμένα
333 510 383 570 ἐπὶ
395 507 499 606 βηβλίω
518 502 616 583 λόγων
630 510 692 570 τῶν
705 503 774 589 ἢμε-
810 507 904 589 ραξαν
933 510 989 570 τοῦ
1017 513 1197 591 παροργίσαι
1226 507 1280 572 τὸν
1304 508 1417 596 κύριον.

165 595 226 674 ρών
240 601 301 665 τοῖς
308 572 598 677 βασιλευσινἸούδας
611 589 773 654 20καλέκοι·
809 589 893 652 11καί
903 584 1079 673 ἐλάτρευσαν
1089 601 1151 663 τοῖς
1160 591 1291 667 εἰδώλοις
1301 595 1344 669 οἷς
1354 595 1418 661 εἶπε

165 668 250 756 μηθη
263 672 353 758 ’Ἀχαζ
363 671 435 754 μετὰ
448 677 508 737 τῶν
518 675 656 758 πατέρων
669 669 774 748 αὐτοῦ,
810 669 910 752 κύρως
934 669 1051 746 αὐτοῖς,
1075 670 1112 735 ού
1129 668 1266 757 ποιηοετε
1282 674 1317 740 τὸ
1336 681 1417 763 ῥῆμα

165 757 217 819 καί
230 752 327 838 ἐτάφη
339 758 371 819 ἐν
382 749 468 819 πόλει
480 756 587 830 Δαυίδ,
607 756 659 818 καί
673 757 774 839 ἐβασί-
809 757 902 817 τούτο
914 759 958 836 τῷ
971 761 1072 836 κυρίῳ.
1096 756 1124 796 ¹³
1137 758 1188 818 καί
1200 757 1414 844 διεμαρτύρατο

165 837 263 903 λευσεν
275 837 405 914 Ἐζεκίας
415 839 480 913 υίὸς
492 836 586 903 αὐτοῦ
599 834 660 901 ἀντ’
669 837 772 902 αὐτοῦ.
809 830 909 942 κύριος
926 839 959 900 ἐν
969 841 1014 920 τῷ
1025 833 1141 938 Ἰσραὴλ
1154 841 1246 902 καὶέν
1259 847 1302 925 τῷ
1313 841 1415 908 Ἰούδα

196 926 209 953 ⁰
352 925 477 984 ΚΕΦ.
520 915 589 985 ΙΖ’.
809 944 861 984 και
885 921 917 982 ἐν
940 920 1013 1004 χειρί
1035 946 1157 985 παντων
1173 926 1235 987 τών
1252 932 1414 1028 προφητῶν

167 971 218 1066 E
223 1028 239 1065 ν
260 1005 316 1067 ἐτει
341 1000 499 1088 δωδεκάτῳ
516 1007 563 1086 τῷ
582 1001 619 1066 ”A
635 1004 672 1079 αζ
687 1006 773 1088 βασι·
810 997 905 1066 αύτοῦ
922 1002 1037 1076 παντὸς
1052 999 1184 1088 δρῶντος
1202 1005 1309 1084 λέγων,
1334 1035 1410 1073 απο·

168 1087 242 1156 λέως
262 1083 364 1150 Ἰούδα
391 1087 577 1174 ἐβασιλευσεν
594 1029 686 1168 ’ἀσηέ
709 1085 773 1162 υίὸς
810 1079 960 1169 στράφητε
986 1080 1049 1149 ἀπό
1074 1091 1134 1149 τών
1159 1084 1237 1152 ὀδών
1255 1088 1336 1171 ἀμών
1353 1095 1413 1155 τῶν

162 1165 243 1233 Ἠλά
261 1171 291 1232 ἐν
307 1175 465 1254 Σαμαρείᾳ
484 1172 535 1234 ἐπί
549 1166 671 1254 Ἰσραὴλ
687 1172 773 1234 ἐννέα
808 1173 962 1252 πονηρών,
987 1167 1038 1231 καὶ
1055 1164 1205 1248 φυλάξατε
1220 1169 1275 1245 τάς
1286 1173 1412 1248 ἐντολάς

165 1254 226 1336 ἐτη.
266 1254 349 1316 2καί
379 1256 501 1336 ἐποίησε
524 1249 561 1317 τὸ
585 1251 716 1336 πονηρὸν
740 1255 772 1316 ἐν
808 1275 866 1332 μου
879 1251 977 1316 καὶτὰ
988 1249 1170 1334 δικαιώματά
1178 1278 1244 1334 μου,
1254 1251 1412 1320 καίπάντα

166 1331 337 1418 ὀφθαλμοῖς
362 1341 483 1440 κυρίου,
507 1331 587 1418 πλὴν
612 1332 667 1419 οὐχ
685 1331 726 1409 ὦς
742 1339 772 1399 οἶ
808 1329 861 1397 τὸν
873 1328 963 1415 νόμον
978 1328 1014 1399 ὃν
1027 1331 1205 1419 ἐνετειλάμην
1219 1348 1282 1411 τοῖς
1294 1336 1412 1423 πατρά-

165 1417 294 1503 βασιλεῖς
313 1414 438 1499 Ἰσραηλ
463 1424 496 1481 οἳ
511 1404 589 1499 ἦσαν
605 1419 772 1502 ἔμπροσθεν
809 1440 854 1479 σιν
879 1412 974 1498 ύμών,
1000 1413 1060 1482 ὅσα
1085 1416 1242 1483 ἀπέστειλα
1263 1420 1365 1496 αὐτοῖς
1383 1426 1412 1485 ἐν

166 1498 272 1563 αὐτοῦ.
311 1497 384 1561 3ἐπ’
406 1497 501 1563 αὐτὸν
519 1497 609 1585 ἀνέβη
624 1499 772 1582 Σαλαμα-
808 1501 876 1583 χειρὶ
894 1505 955 1563 τῶν
973 1494 1090 1563 δούλων
1101 1527 1157 1583 μου
1171 1505 1409 1586 τώνπροφητιύν.

167 1579 284 1665 νασσάρ
302 1579 440 1666 βασιλεύς
451 1579 620 1666 Ἀσσυρίων.
646 1585 698 1647 καὶ
710 1587 772 1660 ἐγε-
808 1580 837 1621 ¹⁴
850 1582 900 1644 καὶ
926 1579 980 1646 οὐκ
997 1581 1140 1665 ἤκουσαν,
1165 1587 1216 1648 καί
1234 1582 1410 1669 ἐσκληρυναν

165 1661 246 1748 νηθη
257 1662 338 1748 αύτῷ
348 1661 441 1748 Ὠσηὲ
450 1665 566 1740 δοῦλος,
574 1666 625 1728 καί
633 1669 772 1752 ἐπέοτρε-
809 1661 863 1728 τὸν
875 1667 970 1729 νῶτον
983 1663 1082 1730 αὐτῶν
1095 1662 1168 1750 ἐπέρ
1181 1667 1235 1731 τὸν
1245 1673 1340 1733 νῶτον
1352 1674 1409 1733 τών

168 1767 224 1829 ιμεν
236 1744 319 1831 αύτῷ
330 1745 441 1828 μαναά.
465 1747 548 1812 4καί
561 1741 591 1812 εὖ
611 1749 771 1834 εβασιλεύς
808 1748 947 1828 πατέρων
966 1746 1074 1814 αὐτοῖν.
1100 1750 1190 1813 11καί
1206 1749 1245 1814 τά
1262 1746 1411 1853 μαρτύρια

161 1826 328 1915 Ἀσσυρίων
348 1834 441 1896 ἐντῶ
463 1828 554 1915 Ὠσηὲ
571 1773 700 1908 ἀδικίαν,
724 1826 771 1895 ὅτι
809 1826 904 1894 αὐτοῦ
928 1825 984 1895 ὅσα
1006 1827 1219 1917 διεμαρτύρατο
1236 1845 1336 1906 αυτοῖς
1353 1833 1409 1895 οὐκ

167 1911 335 1978 ἀπέστειλεν
351 1896 496 1992 ἀγγέλους
507 1910 583 1997 πρὸς
594 1913 735 2001 Σηγώρβ
755 1954 772 1965 -
810 1907 974 1993 ἐφύλαξαν,
1005 1917 1055 1979 καί
1079 1910 1284 1995 ἐπορεύθησαν
1310 1911 1410 1980 ὀπίσω

168 1995 252 2061 σιλέα
264 1990 442 2074 Αἰγύπτου,
458 1998 509 2061 καί
520 1994 576 2060 ούκ
589 1995 703 2080 ἤνεγκεν
713 2024 772 2081 μα-
809 1998 868 2058 τῶν
879 2003 1026 2077 ματαίων,
1051 1998 1103 2063 καί
1116 1993 1347 2081 ἐματαιώθησαν
1361 1999 1412 2062 καί

167 2074 225 2143 ναά
234 2083 279 2162 τῷ
287 2077 574 2166 βασιλεῖἈσσυρίων
583 2083 615 2144 ἐν
624 2084 667 2162 τῷ
678 2085 772 2145 ἐνιαυ·
809 2075 908 2144 ὀπίσω
924 2084 984 2143 τών
997 2083 1095 2145 ἐθνῶν
1106 2082 1166 2145 τῶν
1176 2076 1341 2165 περικύκλῳ
1354 2078 1411 2144 αύ-

167 2166 213 2244 τῷ
229 2165 335 2226 ἐκείνω.
361 2163 413 2227 καί
431 2159 637 2248 ἐπολιόρκησεν
648 2159 771 2229 αύτόνό
809 2165 886 2236 τῶν,
911 2153 953 2227 ὧν
966 2161 1128 2229 ἐνετείλατο
1146 2160 1244 2245 κύριος
1257 2160 1359 2237 αὐτοῖς
1370 2160 1410 2246 μέη

167 2227 486 2331 βασιλεύςἍσσυρίων,
504 2248 556 2311 καὶ
568 2247 668 2332 ἔδησεν
679 2242 773 2312 αύτόν
808 2247 930 2327 ποιησαι
948 2244 1026 2311 κατά
1045 2249 1150 2309 ταῦτα.
1180 2246 1209 2289 ¹⁶
1221 2245 1411 2324 ἐγκατέλιπον

167 2331 198 2392 ἐν
206 2329 281 2410 οἴκῳ
291 2326 772 2416 φυλακῆςῦκαίάνέβηὸβασιλεὺς
808 2325 863 2401 τὰς
880 2328 1000 2404 ἐντολὰς
1015 2335 1116 2414 κυρίου
1130 2334 1205 2393 θεοῦ
1219 2329 1337 2403 αὐτῶν,
1361 2331 1411 2394 καί

162 2406 326 2513 Ἀσσυρίων
342 2413 374 2476 ἐν
388 2407 473 2496 πάση
487 2418 575 2561 τίηγῆ
582 2461 592 2488 ,
618 2416 670 2478 καί
681 2411 770 2517 ἀνέβη
808 2412 949 2492 ἐποίησαν
966 2413 1082 2485 ἑαυτοῖς
1099 2405 1231 2513 χρύνευμα
1247 2408 1301 2477 δύο
1316 2406 1409 2512 δαμά-

166 2498 401 2579 είςΣαμαρειαν,
427 2484 478 2561 κάί
510 2483 706 2581 πολιύρκησεν
723 2521 761 2561 επ
808 2492 878 2570 λεις,
891 2496 942 2558 καὶ
956 2498 1096 2578 ἐποίησαν
1109 2494 1195 2577 αλση,
1208 2497 1410 2577 καὶπροςειιυ-

166 2575 262 2642 αύτ“ν
274 2584 345 2663 τρία
354 2581 414 2662 ἐτη.
428 2580 480 2644 1ἐν
493 2581 550 2644 ἐτει
560 2577 670 2662 ἐννύτῳ
680 2576 771 2661 Ὠσηὲ
808 2600 897 2660 νησαν
914 2573 999 2673 πάση
1016 2581 1054 2665 τῇ
1072 2572 1187 2657 δυνάμει
1206 2583 1263 2642 τοῦ
1280 2576 1410 2660 ούρανοῦ

167 2684 234 2723 συνε
293 2658 451 2747 εβασιλεύς
463 2658 627 2746 Ἀσσυρίων
640 2661 693 2742 τὴν
705 2669 771 2725 Σα-
808 2663 859 2724 καί
871 2655 1050 2745 ἐλάτρευσαν
1061 2663 1106 2743 τῷ
1119 2661 1221 2726 Βοίαλ.
1245 2662 1271 2703 ¹⁷
1285 2665 1333 2724 καί
1347 2662 1410 2743 διη-

162 2739 300 2846 μύρειαν,
330 2745 382 2807 καί
406 2739 557 2824 ἀπῴκισεν
585 2742 708 2827 Ἰσραὴλ
732 2748 771 2818 είς
807 2766 860 2819 γον
878 2741 949 2817 τοὺς
967 2743 1046 2819 υίοὺς
1066 2741 1167 2807 αὐτῶν
1179 2745 1231 2807 καὶ
1243 2742 1296 2817 τάς
1314 2754 1411 2821 θυγα-

160 2828 351 2909 Λσσυρίους,
373 2826 425 2888 καί
436 2820 606 2908 κατῴκησεν
619 2821 729 2900 αὐτούς
741 2829 772 2890 ἐν
808 2828 895 2911 τέρας
907 2824 1008 2890 αύτών
1020 2830 1050 2890 ἐν
1061 2827 1143 2910 πυρί,
1155 2828 1207 2891 καί
1216 2822 1410 2908 ἐμαντεύοντο

161 2905 249 2975 Ἄλαὲ
267 2906 318 2972 καλ
334 2906 474 2994 ἐνἈβιόρ
491 2919 637 2992 ποταμοῖς
652 2907 770 2985 Γωζάν,
807 2915 960 2992 μαντείας,
976 2912 1036 2974 ’καί
1048 2911 1227 2986 οἰωνίζοντο.
1253 2911 1304 2972 καί
1315 2906 1411 2992 ἐπρώ-

164 2993 217 3053 καί
242 2988 298 3074 ὀρη
323 2986 447 3072 Μήδων.
487 2992 564 3056 1καί
588 2994 700 3070 ἐγένετο
722 2987 770 3057 ὀτι
808 3003 909 3075 θησαν
933 2998 989 3055 τού
1012 2997 1137 3076 ποιῆσαι
1162 2989 1199 3056 τὸ
1224 2984 1358 3077 πονηρὸν
1381 2994 1411 3053 ἐν

165 3069 297 3156 ἥμαρτον
323 3077 355 3136 οί
381 3076 440 3138 υίοί
462 3071 586 3176 Ἰσραηλ
609 3080 653 3179 vo}
677 3081 769 3162 κυρίῳ
808 3073 980 3158 ὀφθαλμοῖς
997 3080 1293 3160 κυρίουπαροργίσαι
1307 3069 1409 3138 αὐτόν.

164 3158 230 3237 θεῷ
248 3151 349 3219 αύτών
362 3159 406 3238 τῷ
421 3153 600 3234 ἀναγαγοντι
613 3158 725 3234 αυτούς
737 3162 770 3224 ἐκ
808 3159 901 3221 18καέ
918 3154 1065 3241 ἐθυμώθη
1084 3154 1181 3243 κύριος
1195 3153 1312 3242 σφόδρα
1325 3161 1410 3236 ἐντῷ

163 3231 382 3321 γηςΑέγύπτου
393 3234 593 3327 ύποκάτωθεν
600 3238 694 3328 χειρὸς
706 3248 769 3306 Φα-
805 3237 941 3324 Ἰσραὴλ,
964 3243 1015 3305 καὶ
1040 3240 1202 3325 ἀπέστησεν
1220 3239 1331 3315 αύτούς
1348 3237 1410 3303 ἀπὸ

164 3319 230 3403 ραώ
241 3321 387 3407 βασιλέως
398 3319 574 3401 Αἰγύπτου,
595 3329 646 3390 καί
657 3322 770 3428 ἐφοβη-
808 3328 863 3387 τοῦ
885 3318 1048 3408 προςώπου
1067 3323 1176 3400 αὐτοῦ,
1201 3325 1252 3387 καί
1270 3320 1323 3408 οὐχ
1341 3319 1410 3385 ύπε-

163 3414 265 3488 θησαν
281 3403 373 3482 θεούς
390 3408 522 3491 ἐτέρους,
548 3410 627 3474 11καί
646 3412 769 3495 ἐπορευ-
808 3406 918 3491 λείφθη
936 3405 1016 3491 πλην
1033 3404 1113 3492 φυλὴ
1127 3403 1228 3473 Ἰούδα
1245 3400 1410 3487 μονωτύτη.

162 3498 264 3571 θησαν
281 3502 343 3565 τοῖς
355 3487 530 3574 δικαιώμασι
543 3496 603 3554 τῶν
615 3495 714 3556 ἐθνών
726 3482 770 3555 ὧν
809 3490 836 3530 ¹⁹
849 3495 902 3553 καί
911 3515 945 3568 γε
959 3486 1076 3567 Ἰούδας
1092 3488 1148 3556 οὐκ
1165 3485 1286 3588 ἐφύλρξε
1299 3488 1353 3562 τάς
1366 3491 1412 3583 ἐν·ι

163 3573 247 3654 ἐξῆν
272 3569 369 3659 κύριος
387 3578 419 3639 ἐκ
433 3569 596 3659 προςώπου
613 3577 688 3638 υίών
706 3571 769 3639 Ἰσ-
809 3569 899 3647 τολάς
920 3580 1022 3661 κυρίου
1046 3578 1102 3637 τοῦ
1118 3576 1195 3636 θεοῦ
1215 3573 1323 3631 αυτοῖν.
1361 3590 1411 3657 και

164 3599 256 3738 ράίηλ,
280 3658 332 3720 καί
357 3660 389 3720 οί
408 3657 532 3742 βασιλεῖς
554 3653 676 3741 Ἰσραὴλ
701 3652 769 3722 ὅσοι
809 3653 1015 3741 ἐπορεύθησαν
1031 3658 1064 3719 ἐν
1076 3664 1138 3727 τοῖς
1148 3643 1339 3744 δικαιώμαεηῖ
1352 3642 1410 3707 Ἰσ-

164 3738 325 3841 ἐποίηοαν,
350 3739 428 3803 1’καί
452 3736 519 3805 ὅσον
542 3737 721 3823 ἧμφιέσαντο
738 3744 770 3805 οῖ
808 3738 886 3823 ραὴλ
898 3739 941 3814 οἱς
954 3743 1109 3818 ἐποίησαν,
1128 3737 1159 3832 ²2
1171 3730 1222 3794 καί
1233 3750 1410 3827 9111111111ῑο

165 3821 227 3883 υίοέ
250 3816 490 3906 Ισραηλλόγους.
516 3821 553 3887 ού
582 3819 677 3898 ούτως
689 3822 769 3887 κατὰ
808 3819 862 3884 τὸν
874 3815 982 3903 κύριον.
995 3819 1047 3882 καί
1056 3819 1201 3896 ἐθυμώθη
1210 3833 1311 3911 “yeme
1320 3812 1411 3911 πανξέ

164 3907 268 3988 κυρίου
284 3908 358 3968 θεοῦ
378 3903 485 3970 αὐτῶν.
511 3849 770 3989 καέᾥκοδύμησαν
808 3903 955 3985 σπέρματι
965 3895 1103 3983 Ἰσραὴλ,
1127 3897 1179 3960 καί
1191 3892 1341 3958 ‘'mmm''
1354 3920 1411 3957 αυ-

165 3984 284 4061 ἐαυτοῖς
304 3983 408 4090 ύιμηλά
426 3991 457 4052 ἐν
475 3984 586 4063 πάσαις
599 3996 666 4063 ταῖς
677 3982 769 4050 πέλε·
806 3981 886 4055 τοὺς,
897 3984 949 4048 καί
961 3984 1066 4046 ἐδωκεν
1078 3976 1188 4053 αότοὺς
1201 3980 1236 4078 ἐη
1243 3977 1315 4060 χειρί
1327 3977 1411 4062 διαρ-

165 4093 212 4133 σιν
229 4067 328 4134 αότών
346 4066 408 4135 απὸ
426 4069 544 4157 πύργου
556 4062 769 4150 φυλασσόντων
805 4059 963 4141 παζύντων
975 4062 1107 4164 αύτούςη
1126 4066 1181 4137 ἕως
1200 4086 1236 4162 ορ
1250 4057 1411 4162 ἀπέβριιρεν

164 4155 220 4229 ἕως
230 4147 345 4228 πόλεως
358 4151 474 4240 ὀχυρᾶς.
498 4157 527 4199 10
539 4155 590 4217 καί
600 4143 769 4232 ἐπήλασαν
807 4144 919 4222 αύτούς
932 4144 995 4212 ἀπὸ
1007 4171 1171 4231 προςώπου
1189 4167 1295 4208 αυτου.
1321 4147 1348 4185 ²¹
1362 4146 1410 4207 ὃτι

165 4235 283 4313 ἑαυτοῖς
307 4232 417 4320 στήλας
442 4238 493 4302 καλ
518 4234 595 4315 ἀλση
613 4232 663 4297 ἐπί
678 4235 770 4299 παντί
806 4231 883 4317 πλὴν
896 4227 1019 4317 Ἰσραὴλ.
1038 4224 1194 4294 ἐπύνωθεν
1208 4227 1292 4291 οἴκου
1306 4228 1409 4292 Δαυίδ.

185 4325 262 4404 ουνῴ
288 4318 397 4404 ύψηληῖ
420 4321 471 4385 καί
497 4314 640 4381 ύποκάτον
656 4315 770 4393 παντὸς
807 4317 856 4381 καί
881 4315 1072 4400 ἐβασίλευσαν
1097 4310 1149 4377 τὸν
1167 4307 1322 4412 Ἰεροβοάμ
1348 4308 1412 4373 υίὸν

183 4397 256 4467 ύλου
281 4398 445 4476 ἀλοώδους.
483 4402 508 4445 ¹¹
526 4397 578 4461 καλ
603 4400 769 4481 ἐθυμίασαν
807 4396 935 4478 Ναβάτ,
965 4403 1017 4465 καί
1042 4399 1160 4474 ἐξέωσεν
1179 4390 1336 4491 Ἰεροβοαμ
1360 4387 1412 4455 τὸν

164 4485 223 4552 ἐκεῖ
233 4489 264 4552 ἐν
276 4490 368 4552 πᾶσιν
381 4479 515 4567 ὑψηλαῖς,
526 4477 632 4559 καθώς
643 4479 682 4550 τά
695 4485 769 4567 ἐθνη
803 4481 924 4566 Ἰσραὴλ
936 4481 1077 4562 ἐξόπισθε
1090 4487 1200 4566 κυρίου,
1223 4479 1274 4541 καί
1287 4479 1409 4558 ἐξημαρ-

881 4575 884 4578 ·
1366 4576 1413 4616 νιν
