2924 4972
444 234 725 298 Αιισυιοι
760 221 1020 312 σιραίου.
1292 237 1356 299 ισο

109 356 162 417 τοῦ
174 351 252 415 λαοῦ
263 372 331 422 σου,
343 351 375 414 ἐν
383 352 428 431 τῷ
436 348 538 411 δούναι
549 344 652 433 κύριον
659 347 714 413 τὸν
748 349 880 429 σταφίδα
892 346 930 413 οὐ
943 348 1069 430 σάγετσι
1082 348 1206 427 *πάσας
1216 352 1272 428 τάς
1281 351 1354 438 ῆμί-

105 428 200 518 μηρόν
223 456 281 498 σου
305 425 554 505 διαπεπτωκύτα,
586 432 637 494 καί
660 429 716 514 τῆν
746 456 801 537 ρας
826 434 879 515 τῆς
903 429 986 516 εὐχῆς
1005 430 1111 496 αὐτοῦ.
1151 432 1214 499 άπὸ
1231 433 1355 500 πάντων

107 516 224 588 κοιλίαν
242 538 298 581 σου
314 515 527 617 πεπρησμένην.
553 514 716 587 ”ualde-
745 511 806 578 ’σ’σα
830 519 938 611 γίνεται
968 512 1158 596 ίξᾶμπελσυ
1183 515 1266 582 οίνον
1290 517 1355 583 άπὸ

107 595 256 665 ελεύσεται
268 595 306 661 τὸ
319 593 357 660 w
409 619 445 659 το
456 592 717 678 ίπικατυρούμενον
748 595 924 678 στεμφυλων
943 601 1000 671 ίως
1015 595 1162 684 γιγάρτου
1176 597 1215 662 οὐ
1227 597 1355 680 ράγεται

108 685 200 747 τούτο
220 685 260 754 είς
274 676 328 765 τῆν
465 702 524 743 σου
535 681 648 762 πρῆσαι
658 702 715 755 γα-
748 674 873 752 ’πάσας
883 678 939 752 τὰς
951 675 1058 764 ῆμίρας
1069 686 1126 745 τοῦ
1140 678 1289 763 άγτισμού.
1303 686 1355 759 ξυ-

106 767 213 850 οτὲρα,
238 763 291 826 καὶ
306 762 452 827 διαπεσεῖν
468 757 564 847 μηρόν
576 784 639 825 σου.
665 760 717 828 καί
748 755 803 848 ρύν
822 757 878 823 οὐκ
895 757 1078 827 ἐπελεύσεται
1096 765 1147 827 ἐπὶ
1161 763 1215 847 τῆν
1226 762 1356 848 κεραλῆν

106 853 170 933 ἐρεῖ
188 841 206 932 ῆ
222 838 303 929 γυνῆ.
327 848 443 923 γένοιτο
459 848 583 922 γένοιτο.
622 843 653 886 ²³
666 844 717 906 καί
749 839 854 915 αὐτοῦ,
867 843 1355 932 ίῗινςᾶνπλῆρωθῶσιναίῆμίραι,

106 925 217 1015 γράψει
234 924 254 992 δ
271 924 361 1013 ἱερεύς
382 926 438 1003 τάς
455 924 532 1008 άράς
546 922 661 1001 ταύτας
677 929 717 1000 είς
748 920 823 998 ὅσας
840 923 952 1006 ηὐξατο
964 933 1066 1011 κυρίῳ.
1091 927 1176 1004 ἄγιος
1189 932 1273 994 ἔσται
1286 934 1355 1014 τρί-

106 1013 231 1101 βιβλίον,
244 1006 717 1094 καίίξαλείιμειείςτδῖθωρῐοῦ
749 1029 816 1093 φων
839 1001 931 1089 νόμην
954 1015 1041 1094 τρίχα
1061 1010 1189 1095 κεραλῆς
1226 1013 1355 1089 οπάσας

107 1097 232 1179 ἕλεγμοῦ
249 1098 304 1160 τοῦ
322 1097 593 1179 δπικαταρωμίνου.
619 1092 651 1134 ²⁴
663 1091 717 1155 καί
750 1088 805 1163 τὰς
818 1085 928 1172 ῆμὲρας
940 1095 992 1174 τῆς
1003 1090 1086 1176 εὐχῆς
1098 1099 1198 1177 κυρίῳ.
1213 1092 1354 1189 ίπίπάνῆ

106 1190 205 1245 ποτιεῑ
216 1175 272 1260 τῆν
282 1187 411 1254 γυναῖκα
422 1174 460 1238 τὸ
474 1174 553 1258 ύδωρ
566 1178 622 1239 τοῦ
635 1173 716 1252 ίλεγ-
750 1175 830 1261 ψυχῆ
850 1171 1067 1279 τετελευτῆκυίῳ
1087 1173 1144 1238 οὐκ
1161 1173 1354 1249 είςελεύσεται.

105 1267 169 1346 μού
182 1264 237 1324 τού
249 1260 520 1342 ίπικαταρωμένου.
536 1258 589 1319 καί
599 1251 717 1330 είςελεύ·
749 1254 827 1318 Um*
838 1257 931 1337 πατρί
942 1282 993 1320 και
1004 1258 1102 1361 μητρί,
1114 1259 1165 1320 καί
1177 1257 1220 1322 ἐπ’
1236 1257 1355 1339 ὐδελσοῖ

107 1368 195 1412 σεται
219 1347 258 1414 είς
280 1337 375 1423 αὐτῆν
392 1339 429 1402 τὸ
450 1335 528 1423 ἳδωρ
543 1335 580 1401 τὸ
596 1341 716 1403 ίπικατ-
749 1338 800 1400 καὶ
824 1334 868 1402 ἐπ’
891 1337 1018 1431 ἄδιλρῆ,
1043 1364 1080 1403 ου
1097 1337 1291 1423 μιανθῆσεται
1307 1325 1352 1407 ίιᾶ

109 1420 336 1523 αρώμενοντσύ
356 1420 484 1523 δλογμού.
520 1420 614 1485 Ἅκαδ
624 1416 718 1510 λῆῳε-
749 1417 854 1496 αὐτοῖς
870 1417 1096 1487 ἀποθανόντων
1107 1421 1224 1499 αὐτῶν,
1246 1420 1355 1489 ύτιεύ-

112 1532 166 1572 ται
179 1530 197 1569 ο
211 1502 447 1591 ίερεύςίκχειρος
457 1507 508 1589 τῆς
517 1502 655 1582 γυναικὸς
664 1502 718 1586 τῆν
748 1499 786 1604 γῆ
797 1506 876 1567 θεοῦ
892 1501 989 1569 αὐτοῦ
1007 1504 1051 1569 ὐπ’
1067 1503 1152 1588 αὐτῷ
1165 1508 1215 1571 δπί
1228 1507 1356 1590 κερ-αλῆς

113 1593 225 1654 θυσίαν
241 1591 292 1672 τῆς
303 1587 495 1672 ζηλοτυπίας,
520 1588 572 1651 καί
584 1582 718 1669 ἐπιθῆοει
749 1590 855 1649 αυτοῦ.
879 1584 1009 1664 οπάσας
1021 1588 1076 1663 τὰς
1088 1585 1198 1674 ῆμίρας
1209 1595 1261 1673 τῆς
1272 1590 1356 1675 εὐχῆς

113 1671 169 1757 τῆν
184 1677 296 1736 θυσίαν
306 1673 405 1737 ἔναντι
421 1677 540 1757 κυρίου,
564 1672 617 1735 καί
626 1694 718 1753 προς-
750 1664 848 1732 αὐτοῡ
860 1664 945 1746 ἄγιος
956 1673 1040 1735 ἔσται
1052 1677 1155 1755 κυρίῳ.
1178 1672 1302 1737 9ίάνδί
1313 1699 1356 1748 τις

111 1762 185 1829 οίσει
210 1752 304 1857 αὐτῆν
326 1752 404 1841 πρὸς
427 1753 465 1819 τὸ
489 1749 716 1840 θυσιαστῆριον.
751 1746 898 1844 ἄποθάνῆ
923 1751 967 1818 ἐπ’
989 1752 1074 1837 αὐτῷ
1091 1751 1231 1831 ἐξάπινα,
1254 1781 1356 1839 παρα·

110 1840 141 1882 ²⁶
154 1839 206 1902 καί
222 1838 361 1935 δροζεται
380 1833 505 1922 ὁίερεύς
518 1834 582 1902 άπὸ
594 1840 718 1920 τῆςθυ-
749 1837 849 1935 χρῆμα
871 1833 1068 1918 μιανθῆσεται
1092 1833 1111 1920 ῆ
1135 1837 1247 1922 κιῳολῆ
1272 1836 1356 1985 εύρῆς

109 1927 177 1998 σίας
189 1919 226 1985 τὸ
235 1943 420 2005 μνημοσυνσν
428 1918 531 2005 αὐτῆς,
541 1920 592 1984 καί
601 1917 720 1985 άνσίσε-
751 1921 855 1982 αυτοῦ.
890 1920 942 1982 καί
966 1918 1120 2004 ξυρῆσεται
1143 1918 1198 2004 τῆν
1224 1921 1357 2004 κεραίην

109 2029 161 2069 ται
186 2003 263 2069 αὐτὸ
289 2004 340 2069 ἐπὶ
357 2000 394 2067 τὸ
411 1999 643 2088 θυσιαστῆριον,
668 2002 720 2066 καὶ
751 1993 1226 2107 αύτούῆάνῆμέρηκοθαρισθῆ.
1239 2000 1356 2095 τῆῆμέ-

108 2087 184 2171 μετά
207 2091 306 2152 ταῦτα
334 2099 434 2151 ποτιεῖ
455 2085 660 2191 τῆνςγυναίκα
682 2082 719 2150 τύ
751 2107 791 2187 ρῳ
803 2088 842 2177 τῆ
856 2079 965 2172 εβδόμη
983 2083 1188 2170 ξυρηθῆσεται.
1214 2091 1243 2131 ¹⁰
1256 2092 1306 2151 καί
1319 2092 1358 2194 τῆ

114 2169 130 2194 “
194 2219 201 2235 .
227 2172 257 2213 ²⁷
269 2171 321 2234 καὶ
332 2170 431 2246 ἄαται,
450 2167 502 2234 ἐὰν
512 2195 533 2264 ῆ
544 2170 702 2254 μεμιασμὲν
751 2169 848 2252 ημίρῳ
858 2172 898 2261 τῆ
909 2159 1002 2262 ὀγδόη
1014 2171 1087 2235 οἴσει
1098 2167 1154 2236 δύο
1166 2166 1319 2255 τρυγόνας,
1337 2198 1356 2254 η

113 2257 166 2320 καί
205 2248 260 2335 ’θη
271 2248 356 2333 λάθη
367 2250 421 2319 τὸν
432 2250 528 2340 ἄνδρα
539 2250 648 2336 αὐτῆς,
669 2195 721 2316 καλ
752 2245 806 2316 δύο
825 2248 949 2327 νοσσοὺς
966 2258 1144 2340 περιστερῶν
1159 2252 1237 2338 πρὸς
1248 2250 1356 2319 τὸνίε-

112 2324 300 2412 εἰςελευσίται
323 2322 363 2410 ελς
388 2333 482 2418 αὐτῆν
504 2335 540 2400 τὸ
565 2333 647 2421 ἄδωρ
664 2339 721 2400 τού
751 2338 823 2419 ρέα,
849 2335 900 2399 ἐπὶ
918 2335 972 2412 τάς
988 2332 1087 2421 θύρας
1105 2337 1158 2420 τῆς
1176 2342 1285 2441 σκηνῆς
1300 2341 1355 2403 τού

114 2420 239 2500 ἐλεγμσύ
250 2418 288 2483 τὸ
300 2414 566 2503 ὐσικαταράμενον,
580 2420 634 2483 καὶ
643 2443 721 2501 πρη-
751 2424 922 2502 μαρτυρίου.
962 2422 986 2460 ¹¹
1004 2423 1054 2483 καί
1079 2418 1195 2503 ποιῆσει
1220 2446 1239 2485 ο
1266 2421 1357 2501 ίερεύς

116 2497 262 2584 σθῆσεται
274 2497 328 2582 τῆν
341 2499 465 2574 κοιλίαν,
480 2502 532 2563 καὶ
543 2502 722 2564 διαπεσεῖται
751 2506 823 2582 μίαν
833 2503 901 2585 περὶ
913 2497 1070 2585 ἄμαρτίας,
1092 2505 1143 2565 καί
1154 2508 1222 2583 μίαν
1235 2508 1274 2577 εἷς
1285 2504 1357 2567 ὁλο-

115 2582 133 2648 ὁ
153 2583 250 2668 μηρὸς
266 2579 372 2667 αὐτῆς,
397 2585 450 2646 καὶ
465 2583 550 2646 ἔσται
568 2578 672 2681 ῆγυνῆ
684 2587 723 2657 είς
753 2579 904 2685 καύτωμα.
930 2587 982 2648 καὶ
999 2580 1160 2659 ίξιλάσεται
1177 2589 1245 2670 περὶ
1262 2584 1356 2650 αὐτοῦ

114 2665 194 2751 ἄράν
216 2669 260 2750 τῷ
284 2665 350 2751 λαῷ
373 2661 473 2750 αὐτῆς.
512 2665 543 2708 ²⁸
556 2668 609 2730 ίαν
632 2662 721 2750 δὲμῆ
754 2662 877 2750 ὁίερευς
892 2669 959 2751 περὶ
976 2659 1018 2730 ὧν
1032 2662 1141 2770 ῆμαρτε
1152 2670 1219 2753 περὶ
1230 2673 1283 2752 τῆς
1296 2690 1357 2749 ψυ-

112 2754 227 2834 μιανθῆ
250 2745 268 2834 ῆ
285 2747 374 2834 γυνῆ,
400 2751 452 2813 καί
469 2745 594 2834 καθαρά
611 2738 644 2834 ἦ,
670 2752 721 2815 καὶ
750 2753 811 2835 1¹5⁵·-
824 2749 876 2815 καὶ
888 2747 1001 2827 άγιάσει
1015 2776 1068 2834 την
1080 2750 1206 2836 κεῳαλῆν
1219 2749 1315 2817 αὐτοῦ
1325 2756 1357 2816 ἐν

114 2823 214 2898 ἄθοῖἄ
220 2837 304 2898 ἔσται
316 2834 367 2898 καί
379 2834 587 2916 ἰκσπερματιεῖ
593 2836 718 2918 σπέρμα.
751 2835 843 2923 ἐκείνῃ
854 2838 893 2938 τῆ
904 2831 1015 2919 ῆμέρῳ,
1040 2838 1067 2878 ¹²
1080 2828 1098 2920 ᾖ
1112 2833 1242 2919 ῆγιάσθη
1254 2841 1357 2921 κυρίῳ,

114 2919 144 2960 ²⁹
158 2909 246 2992 οὗτος
265 2911 283 2979 ὁ
301 2911 388 2997 νόμος
404 2920 456 2999 τῆς
472 2915 666 2998 ζηλοτυπίας,
693 2907 719 2997 ᾧ
751 2915 806 2989 τὰς
823 2916 933 3000 ῆμερας
948 2923 1001 3000 τῆς
1019 2917 1111 3002 εὐχῆς.
1150 2921 1202 2982 καὶ
1217 2916 1357 3002 προςάξει

114 2998 152 3064 ἄν
164 3002 286 3123 παροξῆ
300 2989 396 3084 ἢγυνῆ
410 2995 560 3082 ἄπανδρος
572 2986 660 3073 οὐσα,
669 2999 720 3062 καὶ
751 2995 843 3078 ἄμνόν
854 2995 1000 3065 ἐνιαύσιον
1017 3006 1056 3077 είς
1073 3001 1279 3086 πλημμελειαν.
1307 3002 1357 3065 καί

112 3087 234 3186 μιανθῆ.
265 3070 303 3165 ὑῆ
315 3083 478 3167 ἄνθρωπος
491 3079 525 3157 3,·
537 3080 591 3147 ἐάν
603 3080 720 3174 ἐπελθῆ
751 3085 785 3144 αι’.
807 3078 914 3167 ῆμέραι
931 3087 965 3148 αί
984 3081 1128 3170 πρότεραι
1146 3085 1254 3161 ἄλογοι
1271 3083 1356 3148 ε”σον-

113 3163 156 3229 ἐπ’
172 3162 266 3240 αυτὸν
281 3170 396 3247 πνεῦμα
414 3161 582 3247 ζηλάσεως,
606 3167 658 3230 καί
669 3167 720 3246 ζῆ
750 3189 816 3240 ται,
841 3163 888 3229 ὅτι
906 3163 1033 3250 ἐμιάνθη
1046 3166 1064 3249 ῆ
1078 3167 1190 3253 κεᾳιαλῆ
1203 3165 1287 3251 εὐχῆς
1300 3163 1356 3230 αὐ-

112 3242 196 3338 λούσῃ
215 3246 269 3329 τῆν
286 3259 413 3323 γυναῖκα
426 3245 537 3322 αὐτοῦ,
562 3248 614 3312 καὶ
627 3243 720 3340 οτῆσῆ
751 3251 816 3310 τοῦ.
842 3251 932 3311 13καί
951 3241 1072 3323 ούτοςύ
1092 3247 1180 3332 νόμος
1197 3254 1254 3315 τοῦ
1271 3247 1357 3325 εὐξα-

112 3329 168 3411 τῆν
179 3338 305 3426 μυναῖκα
318 3327 414 3390 αὐτού
427 3330 524 3392 ἔναντι
535 3335 651 3413 κυρίου,
668 3333 720 3393 καί
751 3330 850 3408 με’νου.
875 3320 896 3427 ῆ
913 3327 951 3390 ἄν
973 3326 1069 3413 ῆμέρῳ
1085 3329 1227 3422 πληριύσῆ
1245 3330 1357 3415 ἡμέρας

113 3432 233 3489 ποιησει
249 3405 328 3494 αὐτῆ
346 3404 364 3469 ὁ
379 3406 469 3487 ίερεύς
484 3408 586 3474 πάντα
604 3407 659 3475 τὸν
669 3407 720 3474 νύ-
751 3407 837 3492 εὐχῆς
861 3414 970 3485 αυτοῦ,
995 3418 1143 3494 προςοίσει
1165 3410 1256 3486 αὐτὸς
1272 3412 1357 3496 παρά

116 3512 174 3571 μου
184 3491 315 3586 τσύτιρν,ι
327 3487 354 3585 ³}
366 3489 417 3548 καὶ
428 3485 533 3564 ἄθῶος
543 3493 625 3566 ἐσται
636 3489 655 3556 ὅ
667 3492 720 3557 ἄν·
751 3492 807 3567 τὰς
819 3487 918 3575 θύρας
934 3495 987 3575 τῆς
999 3496 1105 3575 σκηνῆς
1116 3497 1172 3556 τοῦ
1183 3500 1355 3595 μαρτυρίου.

115 3583 244 3656 θρωπος
257 3594 321 3646 απο
333 3573 494 3661 αμαρτίας.
502 3573 554 3636 καί
565 3573 638 3656 γυνῆ
647 3578 721 3640 ἑκεί-
752 3575 836 3639 14καί
847 3572 985 3660 προςάξει
997 3573 1035 3639 τὸ
1048 3575 1148 3660 δωρον
1157 3579 1254 3639 αυτοῦ
1264 3584 1356 3657 κυρίῳ

114 3681 151 3738 νη
164 3650 292 3749 λῆψεται
310 3649 365 3743 τῆν
377 3647 527 3752 ἇμνρῐὶαγ
540 3650 640 3737 νῖνῐῆν·
752 3655 845 3754 ἀμνὸν
862 3655 1009 3724 ἐνιαύσιον
1025 3655 1150 3743 ἄμωμον
1167 3663 1220 3724 ἕνα
1232 3662 1271 3735 είς
1283 3644 1356 3726 ‹320⁸-

185 3771 188 3778 ·
289 3741 391 3805 ,ΚΕ
402 3739 441 3798 Φ.
485 3759 524 3810 ς.
753 3762 910 3819 καυτωσιν,
929 3743 981 3814 καὶ
993 3737 1111 3823 ἀμνάδα
1124 3747 1273 3808 ἐνιαυσίαν
1284 3751 1356 3828 μίαν

115 3787 202 3887 Καὶ
219 3817 341 3903 ἔλᾶλησε
364 3813 464 3907 κύριος
480 3815 558 3899 πρὸς
575 3821 722 3901 Μωυσῆν,
755 3816 874 3899 ἄμωμον
894 3829 933 3897 είς
949 3821 1114 3908 ἁμαρτίαν,
1130 3828 1188 3892 καὶ
1203 3827 1286 3913 κριὸν
1303 3834 1356 3893 ἕνα

115 3906 217 3985 λέγων,
243 3902 401 3993 ἲλάλησον
419 3913 483 3979 τοίς
499 3905 576 3978 viole
591 3898 720 3990 Ἰσραὴλ,
753 3900 875 3985 ἄμωμον
899 3908 937 3979 είς
954 3903 1114 3991 σωτῆριον,
1137 3911 1228 3975 ’ῑκοί
1248 3915 1356 3976 κανοῦν

114 3991 166 4053 καί
181 3992 255 4073 ἐρεῖς
272 3987 348 4070 πρὸς
367 3984 486 4062 αὐτούς.
524 3983 599 4071 άνῆρ
617 3985 636 4069 ῆ
647 3988 719 4072 γυνῆ
752 3981 872 4069 άζύμων
902 3985 1074 4070 σεμιδάλεως
1102 3990 1213 4078 ἄρτους
1242 3993 1355 4059 ἄναιιε-

114 4069 148 4147 ὃς
158 4071 196 4136 ἄν
212 4067 346 4154 μεγάλως
363 4068 481 4152 εύξηται
493 4067 579 4155 εύχῆν
591 4067 718 4153 άῳαγνί·
749 4074 925 4156 σοιημίνους
937 4073 968 4136 ἰν
979 4073 1082 4156 ἐλαίῳ,
1093 4079 1144 4142 καί
1155 4075 1272 4154 λάγανα
1284 4077 1354 4153 ἄζυ-

114 4166 232 4220 σασθαι
251 4149 367 4231 ἁγνείαν
383 4158 490 4250 κυρίῳ,
528 4150 619 4218 3ἄστύ
636 4155 718 4219 οἴνου
748 4182 791 4236 μα
808 4159 978 4244 κερρισμένα
995 4159 1027 4222 ἐν
1042 4157 1150 4245 ἐλαίῳ,
1175 4161 1227 4223 καὶ
1242 4167 1354 4226 θυσίαν

114 4239 166 4302 καὶ
178 4244 277 4322 σίκερα
294 4233 515 4321 ύγνισθησεται.
542 4237 592 4300 καὶ
606 4235 719 4314 ὄξοςὲξ
749 4238 863 4315 αύτυῖν,
888 4243 940 4308 καιΙ
965 4242 1096 4326 σπονδῆν
1117 4242 1225 4306 αὐτῶν.
1263 4245 1355 4307 ιθκαί

114 4321 199 4385 οἴνου
223 4322 273 4385 καί
298 4319 365 4396 ὅξος
381 4322 414 4383 ἐκ
433 4325 535 4403 σίκερα
553 4316 591 4384 οὐ
609 4326 717 4392 πίεται.
748 4330 895 4406 σροςοίσει
910 4323 1033 4408 ύίερεύς
1045 4327 1144 4388 ἔναντι
1155 4328 1278 4402 κυρίου,
1303 4327 1355 4387 καί

112 4405 165 4467 καὶ
180 4400 237 4467 ἄσα
253 4398 458 4486 κατεργάζεται
472 4406 504 4466 ἐκ
518 4402 669 4487 σταφυλῆς
681 4400 717 4466 οὐ
747 4402 864 4488 ποιῆσει
876 4404 912 4470 τὸ
929 4410 997 4488 περὶ
1009 4404 1157 4485 ἁμαρτίας
1168 4403 1279 4478 αὐτοῦ,
1303 4406 1355 4467 καί

112 4491 221 4552 πίεται.
247 4489 296 4548 καί
315 4478 653 4567 σταφυλῆνπρύςᾳατον
666 4486 717 4550 καί
748 4485 786 4550 τύ
811 4484 1013 4553 ὁλοκαύτωιια
1038 4483 1144 4549 αὐτοῦ.
1182 4486 1279 4546 17καί
1302 4484 1356 4583 αρν

1273 4586 1356 4651 κριυν
