2924 4972
181 262 677 325 πΑΡΑΛσιποΜαΝοΝ
698 264 833 325 Δανα.
876 257 1216 340 νειη.ιυ’.ιι’.οί.κσ.
1267 261 1331 335 457

83 378 136 463 ρδς
158 383 217 442 τῶν
234 382 386 452 Λευιτῶν,
411 382 462 442 καί
487 373 528 452 ὡς
550 377 627 442 είδον
643 377 691 442 ὅτι
725 382 775 444 καί
788 380 992 465 ἐγκαταλείψει
1007 380 1092 466 ὑμᾶς.
1110 390 1193 453 21ιιιιί
1206 392 1334 456 &nimr-

82 457 238 526 ἐπλεόνασε
256 458 293 526 τὸ
313 456 470 544 αἰργῦριον,
496 463 547 525 καί
564 451 690 542 ήλθενῦ
724 486 760 527 το
773 459 873 546 αὐτῷ,
898 467 949 531 καί
958 465 1176 552 ἐλιθοβόλησαν
1188 470 1283 538 αὐτὸν
1294 471 1330 538 δι’

81 543 268 649 γραμματεὺς
286 548 341 608 τοῦ
358 543 505 629 βασιλέως
517 546 569 609 καί
582 542 600 609 ὁ
614 568 690 629 προ-
724 545 844 629 ίντολῆς
855 545 945 624 Ἰωάς
962 555 1020 616 τοῦ
1038 552 1186 637 βασιλέως
1207 557 1238 619 ἐν
1254 553 1333 647 αὐλή

83 654 191 711 στατης
209 632 267 692 τοῦ
285 630 385 713 ίερίως
404 632 459 692 τοῦ
471 622 615 710 μεγάλου,
640 627 693 692 καί
725 629 810 692 οἴκου
836 636 948 714 κυρίου.
987 635 1017 675 ²²
1034 638 1085 701 καί
1115 634 1171 701 οῦκ
1197 636 1314 722 ίμνήσθ

81 715 255 789 ἐξεκένωσαν
268 707 304 774 τὸ
317 708 540 793 γλωσσόκομον,
553 714 604 776 καί
616 736 691 775 κατ·
721 708 812 785 Ἰωάς
832 718 889 777 τοῦ
907 712 1008 790 ἐλέους
1024 710 1059 782 οῦ
1076 723 1213 805 ἐποίησεν
1228 720 1332 788 ’lendan

81 798 209 879 ἔστησαν
227 800 265 870 είς
283 794 337 858 τὸν
357 789 452 858 τόπον
465 791 569 859 αὐτοῦ.
595 789 692 868 οὕτως
725 790 857 879 ὁπατήρ
871 793 966 860 αὐτοῦ
978 797 1037 878 μετ’
1053 799 1164 882 αὐτοῦ,
1191 806 1241 869 καί
1254 808 1332 871 ἐρα.

81 882 202 944 ἐποίουν
221 876 373 963 ήμέρανέξ
393 873 515 961 ἡμέρας,
539 879 590 942 καί
603 872 692 960 συνή-
726 872 838 943 νάτωσε
854 876 908 943 τὸν
921 878 985 945 υίδν
1003 879 1108 948 αῦτοῦ.
1133 888 1184 951 καί
1196 885 1237 963 ὡς
1255 887 1332 954 ἀπί-

80 987 173 1041 γαγον
191 958 334 1047 άργῦριον
351 957 440 1025 πολύ.
480 964 507 1002 ¹²
520 963 571 1025 καί
587 961 692 1025 ἔδωκεν
724 971 865 1045 θνησκεν,
890 960 976 1027 εἶπεν.
1007 963 1065 1029 ἴδοι
1090 963 1188 1053 κῦρισς
1204 973 1255 1035 καί
1267 998 1332 1058 κρι-

83 1045 160 1110 αὐτὸ
181 1043 199 1110 ὁ
217 1042 349 1132 βασιλεὺς
368 1047 419 1108 καί
440 1043 546 1108 Ἰωδαὲ
564 1040 582 1108 ὁ
603 1041 693 1127 ίερεῦς
726 1039 816 1108 κάτω.
855 1045 885 1087 ²³
899 1047 950 1109 καί
975 1046 1087 1122 ἐγένετο
1104 1048 1177 1129 μετὰ
1193 1051 1247 1135 τήν
1263 1079 1332 1119 σον-

84 1137 147 1202 τοίς
164 1133 283 1194 ποιοῦσι
298 1126 339 1192 τά
355 1129 429 1211 ἐργα
442 1131 482 1200 είς
494 1130 634 1211 ἐργασίαν
647 1126 693 1191 σί-
725 1125 838 1192 τίλειαν
850 1133 907 1192 τοῦ
929 1127 1167 1218 ίνιαυτοῦάνέβη
1179 1132 1222 1197 ἐπ’
1239 1132 1333 1201 αῦτδν

85 1236 139 1274 κου
152 1217 264 1296 κυρίου.
285 1210 336 1274 καί
349 1211 530 1292 ἐμισθοῦντο
544 1207 694 1290 λατόμους
726 1210 846 1292 δύναμις
853 1217 978 1296 Συρίας,
990 1213 1042 1275 καί
1053 1212 1146 1294 ἦλθεν
1157 1217 1207 1280 ἐπὶ
1215 1211 1333 1282 Ἰούδαν

84 1295 135 1357 καί
160 1297 301 1368 τέκτονας
326 1289 515 1357 ἐπισκευάσαι
538 1292 592 1358 τὸν
611 1290 694 1358 οίκον
727 1295 778 1357 καί
790 1290 1052 1381 ἐπίἾερουσαλήμ,
1070 1298 1121 1361 καί
1133 1291 1335 1445 κατίρὲὶειραν

84 1381 205 1460 κυρίου,
232 1379 283 1441 καί
301 1374 414 1459 χαλκεῖς
427 1371 545 1460 σιδήοου
557 1377 609 1442 καί
620 1375 694 1459 χαλ-
726 1376 844 1451 πάντας
869 1374 939 1453 τοῦς
964 1376 1111 1462 άρχοκτας
1135 1385 1193 1445 τοῦ
1249 1385 1288 1447 οῦ
1303 1386 1335 1449 ἐν

84 1465 141 1525 κοῦ
170 1463 359 1525 ἐπισκευάσαι
391 1456 444 1524 τὸν
474 1436 557 1525 ολκον
580 1464 691 1543 κυρίου.
726 1464 772 1543 τῷ
783 1459 863 1543 λαῷ,
888 1462 939 1525 καί
953 1460 1055 1526 πάντα
1071 1461 1110 1527 τά
1123 1465 1219 1528 σκῦλα
1231 1465 1334 1531 αῦτοῦν

84 1547 111 1587 ¹³
124 1546 176 1608 καί
197 1546 318 1609 ἐποίουν
336 1547 367 1607 οί
384 1547 538 1618 ποιοῦντες
554 1539 594 1608 τά
610 1546 692 1628 ἔργα,
726 1540 904 1608 ἀπέστειλαν
935 1548 981 1628 τῷ
1008 1545 1127 1631 βασιλεῖ
1155 1552 1331 1632 Δαμασκοῦ,

85 1630 136 1692 καί
153 1625 242 1714 ἆνεήίη
259 1631 351 1712 μῆκος
364 1629 425 1690 τιῦν
438 1628 533 1711 ἔργον
546 1630 577 1691 ἐν
592 1625 692 1712 χερσίν
724 1625 756 1667 ²⁴
767 1622 815 1690 ὅτι
833 1628 862 1690 ἐν
882 1624 992 1705 ὀλίγοις
1013 1624 1137 1712 ἀνδράσι
1154 1635 1331 1716 παρεγίνετο

85 1710 203 1786 αὐτῶν,
227 1711 278 1776 καί
294 1708 460 1792 ἀνέστησαν
476 1708 530 1775 τὸν
543 1709 625 1775 οἶκον
637 1733 689 1772 κυ-
724 1704 844 1792 δῦναμις
862 1717 985 1793 Συρίας.
1010 1709 1090 1776 καὶὸ
1104 1712 1175 1790 θεὸς
1191 1716 1331 1801 παρέδυ·

83 1802 150 1880 ρίου
168 1797 220 1860 ἐπί
237 1793 293 1878 τήν
305 1791 408 1858 στάσιν
428 1791 537 1869 αῦτοῦ,
563 1793 616 1858 καί
631 1795 690 1856 ίνί-
724 1816 771 1856 κεν
783 1798 822 1869 είς
834 1793 889 1868 τάς
900 1805 997 1879 χεῖρας
1010 1793 1110 1860 αῦτιῦν
1123 1795 1243 1881 δύναμιν
1252 1797 1330 1863 πολ·

84 1904 199 1963 σχυσαν.
226 1877 256 1920 ¹⁴
268 1879 318 1941 καί
331 1873 372 1951 ὥς
384 1877 580 1951 συνετέλεσαν,
606 1874 690 1959 ήνεγ-
724 1876 779 1960 λήν
797 1872 932 1961 σφόδρα,
958 1874 1004 1942 ὅτι
1022 1874 1213 1956 ίγκατίλιπον
1230 1877 1332 1967 κῦριον

81 1987 136 2026 καν
147 1959 225 2047 πρὸς
237 1961 290 2026 τὸν
301 1959 428 2046 βασιλέα
439 1963 490 2025 καί
498 1958 575 2048 πρὸς
584 1956 690 2024 Ἰωδαῦ
723 1959 776 2025 τὸν
788 1960 861 2025 θεὸν
874 1965 934 2025 τῶν
945 1960 1087 2048 πατέρων
1096 1962 1206 2031 αῦτοῦν.
1220 1968 1271 2030 καί
1278 1988 1329 2048 με

82 2043 117 2109 τὸ
146 2042 334 2110 κατάλοιπον
363 2049 421 2109 τοῦ
444 2042 601 2131 ἀργυρίου,
640 2045 690 2106 καί
723 2042 762 2107 τά
775 2041 864 2118 Ἰωάς
877 2047 994 2148 ἐποίησε
1006 2052 1144 2129 κρίματα.
1159 2050 1247 2113 25καί
1255 2045 1331 2130 μετά

82 2133 223 2212 ἐποίησαν
233 2123 321 2211 σκεῦη
335 2129 374 2202 είς
386 2125 469 2192 οἶκον
481 2131 592 2211 κυρίου,
604 2121 691 2209 σκεῦη
724 2124 759 2190 τὸ
774 2123 913 2190 ἀπελθεῖν
926 2127 1038 2202 αυτοδς
1052 2127 1103 2194 ἀπ’
1118 2128 1224 2206 αὐτοῦ,
1243 2135 1274 2195 ίν
1285 2134 1330 2212 τῷ

82 2211 264 2298 λειτουργικὰ
277 2206 548 2292 ὁλοκαυτωμάτων,
558 2208 692 2272 καίθυί-
725 2208 932 2286 ἐγκαταλιπεῖν
949 2208 1043 2274 αὐτὸν
1062 2215 1093 2274 ἐν
1110 2212 1268 2292 μαλακίαις
1279 2237 1331 2294 με·

83 2322 156 2369 σκας
169 2299 280 2381 χρυσᾶς
293 2290 498 2376 καί-ἀργυρᾶς,
509 2295 560 2355 καί
569 2286 692 2372 άνήνεγ-
724 2287 843 2367 γάλαις,
868 2293 919 2353 καί
932 2288 1076 2355 ίπίθεντο
1089 2293 1172 2376 αὐτῷ
1185 2299 1216 2359 ot
1228 2295 1331 2370 παῖδες

83 2403 138 2442 καν
151 2370 368 2448 ὁλοκαυτώσεις
382 2378 412 2437 ἐν
425 2376 498 2455 οἴκῳ
512 2379 615 2454 κυρίου
628 2372 693 2435 δια·
726 2370 821 2435 αὐτοῦ
834 2375 864 2434 ἐν
881 2376 1002 2452 αἵμασιν
1021 2378 1089 2438 υίοῦ
1104 2373 1209 2439 Ἰωδαὲ
1220 2381 1277 2440 τοῦ
1290 2381 1331 2441 ίε-

84 2457 198 2531 παντὸς
230 2452 332 2529 πάσαςΙ
356 2453 412 2529 τάς
443 2451 552 2537 ήμίρας
579 2452 692 2517 Ἰωδαέ.
726 2449 816 2536 ρίως,
838 2456 889 2517 καί
902 2452 1099 2518 ἐθανάτωσαν
1111 2454 1203 2521 αὐτὸν
1216 2460 1267 2521 ἐπί
1279 2463 1331 2541 τῆς

85 2542 112 2583 ¹⁵
120 2541 172 2606 καί
184 2534 323 2622 ἐγήρασεν
330 2535 437 2602 Ἰωδαὲ
446 2533 560 2619 πλήρης
569 2533 693 2619 ήμεροῦν,
726 2536 823 2617 κλίνης
836 2531 931 2599 αὐτοῦ
936 2584 946 2608 ,
959 2537 1009 2600 καί
1023 2533 1165 2600 άπίθανε.
1192 2540 1243 2601 καί
1255 2542 1332 2603 ἔθα-

86 2625 137 2687 καί
162 2617 341 2703 ἐτελεύτησεν
357 2619 401 2683 οῦν
418 2619 525 2683 ἑκατὸν
542 2621 592 2682 καί
609 2615 694 2701 τριά-
728 2637 792 2700 ραν
816 2614 910 2682 αῦτόν
927 2620 957 2680 ἐν
973 2613 1058 2682 πόλει
1075 2619 1183 2696 Ααυίδ,
1208 2622 1258 2684 καί
1277 2618 1332 2687 οῦκ

85 2733 179 2772 κοντα
204 2709 278 2769 ἐτῶν
305 2707 335 2768 ἐν
359 2707 404 2786 τῷ
430 2699 568 2767 τελευτάν
592 2696 691 2766 αὐτόν.
728 2705 852 2784 ἔθαψαν
864 2697 957 2766 αὐτὸν
971 2703 1001 2765 ἐν
1016 2705 1061 2784 τῷ
1072 2697 1160 2785 τάφῳ
1172 2707 1232 2806 τῶν
1244 2707 1331 2805 βασι-

531 2765 545 2804 ,

83 2792 112 2833 ¹⁶
125 2794 176 2856 καί
194 2792 320 2871 ἔθαψαν
337 2783 432 2851 αὐτὸν
450 2790 481 2850 ἐν
497 2784 582 2849 πολει
595 2785 694 2850 Δαυίδ
725 2781 812 2850 λε’ων.
838 2784 931 2848 26καί
948 2789 979 2850 σί
995 2780 1163 2869 ἐπιθέμενοι
1178 2791 1217 2852 ἐπ
1239 2785 1332 2853 αῦτον

82 2872 155 2957 μετά
168 2878 228 2938 τῶν
237 2871 391 2957 βασιλέων,
408 2865 456 2934 ὅτι
469 2873 602 2954 ἐποίησεν
615 2866 692 2946 άγα-
725 2864 858 2954 Ζαβὲδῦ
878 2872 933 2933 τοῦ
951 2866 1088 2954 Σαμαάθ
1106 2866 1123 2936 ὁ
1145 2868 1330 2956 Ἀμμανίτης,

82 2954 225 3042 θωσῦνην
241 2953 315 3039 μετὰ
336 2951 458 3058 Ἰσραήλ
476 2955 528 3019 καί
545 2949 618 3034 μετὰ
636 2957 690 3016 τοῦ
725 2956 776 3018 καί
785 2947 953 3039 Ἰωζαβέδὸ
967 2957 1023 3018 τοῦ
1028 2951 1181 3038 Σαμαρήθ
1195 2953 1213 3019 ὁ
1226 2961 1330 3019 Μωα-

83 3047 159 3107 θεοῦ
171 3042 222 3106 καί
235 3044 291 3106 τοῦ
303 3040 386 3103 οίκου
400 3043 504 3102 αυτοῦ.
522 3040 549 3079 ¹⁷
562 3038 614 3102 καί
626 3038 689 3114 ἐγέ-
723 3041 815 3124 βίτης,
828 3039 857 3079 ²⁷
863 3037 913 3100 καί
926 3040 956 3101 οί
969 3039 1031 3102 υἱοί
1044 3037 1141 3103 αὐτοῦ
1149 3036 1265 3113 πάντες,
1279 3040 1331 3103 καί

84 3152 149 3191 νετο
166 3123 238 3207 μετά
256 3119 310 3206 τήν
327 3119 462 3206 τελευτήν
475 3119 581 3187 Ἰωδαὲ
596 3120 689 3204 είςηλ-
723 3121 892 3204 προςήλθον
904 3118 990 3203 αὐτῷ
1003 3125 1033 3185 σί
1044 3125 1137 3188 πέντε.
1152 3124 1202 3186 καί
1215 3120 1254 3186 τά
1264 3121 1329 3186 λοι-

83 3222 143 3274 θον
156 3214 186 3274 σί
198 3201 461 3292 άρχοντεςἸοῦδα,
484 3209 535 3270 καί
547 3198 690 3309 προςεκῦ-
722 3203 767 3269 πά
787 3202 851 3270 ἰδοῦ
867 3200 1052 3289 γεγραμμένα
1068 3208 1120 3270 ἐπί
1138 3202 1192 3288 τήν
1210 3202 1331 3306 γραφήν

83 3317 171 3376 νησαν
195 3290 249 3356 τὸν
270 3290 404 3377 βασιλέα.
444 3285 513 3353 τότε
530 3291 690 3371 ἐπηκουσεν
723 3292 784 3352 τῶν
795 3283 957 3366 βασιλέων,
980 3288 1031 3348 καί
1042 3288 1226 3372 ἐβασίλευσεν
1236 3288 1330 3368 Αμα-

84 3376 189 3448 αῦτοίς
203 3371 221 3438 ὁ
233 3371 369 3458 βασιλεὺς
392 3374 421 3414 ¹⁸
434 3374 486 3436 καί
499 3371 691 3446 ἐγκατέλιπον
725 3375 789 3444 σίας
803 3368 867 3442 υίὸς
879 3366 975 3432 αὐτοῦ
990 3365 1051 3430 ἀντ’
1068 3369 1171 3431 αὐτοῦ.

84 3460 137 3523 τὸν
164 3456 244 3519 οἷκον
261 3460 363 3536 κυρίου
380 3456 457 3518 θεοῦ
474 3457 535 3515 τῶν
551 3455 691 3534 πατέρων
755 3453 776 3485 ⁹¹
905 3455 979 3512 ΚΕ
992 3453 1030 3510 (ί).
1073 3445 1156 3512 KE'.

85 3541 198 3612 αὐτῶν,
211 3539 262 3602 καί
274 3535 427 3600 ἐδούλευον
439 3545 504 3606 ταῖς
515 3529 692 3618 Ἀστάρταις
727 3500 801 3594 Ων
810 3531 901 3595 εἴκοσι
911 3531 961 3593 καί
969 3532 1055 3594 πέντε
1061 3533 1136 3594 ἐτῶν
1145 3528 1329 3615 ἐβασίλευσεν

84 3627 137 3690 καί
163 3632 226 3696 τοῖς
252 3614 397 3691 εἰδώλοις,
422 3616 473 3680 καί
489 3618 600 3692 ἐγένετο
620 3613 692 3699 ὀργή
719 3614 871 3697 Ἀμασίας,
880 3613 932 3677 καί
940 3608 1114 3678 είκοσιεννία
1122 3616 1173 3695 ἔτη
1182 3613 1330 3697 ἐβασίλευ·

85 3713 136 3775 ἐπὶ
149 3702 268 3769 Ἰούδαν
280 3703 331 3767 καί
343 3703 393 3764 ἐπί
406 3695 576 3801 Ἱερουσαλ
581 3725 602 3779 μ
615 3700 645 3760 ἐν
656 3701 692 3788 τῇ
727 3721 774 3762 σεν
787 3693 1032 3798 ἐνξΙερρυσαλδμι
1054 3697 1104 3760 καί
1117 3694 1210 3777 ὄνομα
1224 3701 1260 3789 τῇ
1272 3725 1329 3782 μη-

86 3792 181 3877 ήμέρα
199 3785 306 3870 ταάτη.
338 3785 366 3824 ¹⁹
379 3783 430 3846 καί
446 3725 601 3846 απίστειλε
617 3778 694 3864 πρὸς
728 3781 775 3864 τρί
787 3783 883 3843 αυτοῦ
901 3777 1035 3842 Ιωαδαέν
1047 3777 1111 3844 άπὸ
1126 3776 1328 3865 Ἰερουσαλήμ.

88 3851 199 3948 αῦτοῦς
224 3860 385 3955 πρὸφήτας
412 3867 590 3950 ἐπιπρέψαι
616 3860 693 3949 πρὸς
725 3864 796 3928 2καί
810 3865 929 3943 ἐποίησε
942 3860 978 3925 τὸ
989 3859 1074 3936 εῦθὲς
1083 3858 1207 3929 ἐντόπιον
1215 3871 1328 3949 κυρίου,

88 3962 204 4043 κύριον,
217 3956 269 4019 καί
282 3949 338 4016 οῦκ
352 3948 491 4033 ἤκουσαν.
513 3948 694 4032 καίδιεμαρ-
726 3943 789 4010 ἀλλ’
805 3942 861 4011 οῦκ
874 3948 904 4009 ἐν
918 3945 1025 4030 καρδίᾳ
1036 3942 1146 4031 πλήρει.
1174 3948 1251 4011 3καί
1264 3945 1328 4026 ἐγί-

88 4037 200 4125 τῦρατο
226 4037 346 4111 αὐτοῖς,
372 4038 423 4099 καί
440 4031 494 4116 οὐχ
512 4025 692 4134 ὑπήκουσαν.
723 4055 790 4096 νετο
816 4025 857 4104 ὡς
876 4024 1005 4112 κατέστη
1023 4025 1042 4112 ή
1057 4030 1192 4115 βασιλεία
1209 4032 1240 4095 ἐν
1257 4033 1329 4118 χειρί

89 4129 119 4169 ²⁰
132 4128 183 4188 καί
195 4125 310 4203 πνεῦμα
322 4122 397 4182 θεοῦ
414 4117 526 4181 ἐνέδυσε
540 4139 594 4179 τον
606 4112 692 4190 Ἀζα-
725 4112 833 4188 αὐτοῦ,
859 4113 911 4176 καί
936 4109 1104 4179 ἐθανάτωσε
1128 4112 1197 4190 τοὺς
1218 4117 1329 4190 παῖδας

108 4213 156 4273 ίαν
178 4202 231 4270 τὸν
253 4205 310 4268 τοῦ
331 4196 437 4265 Ἰωδαέ
453 4196 505 4263 τὸν
523 4199 617 4282 ίερέα,
643 4197 695 4259 καί
725 4195 823 4261 αὐτοῦ
838 4194 911 4270 τοῦς
928 4191 1329 4342 φονεῦσανταςτὸνίασιλία

91 4292 197 4372 ανέστη
222 4282 323 4352 ἐπάνω
342 4287 398 4348 τοῦ
415 4281 504 4357 λαοῦ,
530 4283 581 4345 καί
605 4278 693 4344 εἶπεν.
725 4275 845 4364 πατίρα
863 4277 964 4344 αὐτοῦ.
990 4278 1071 4345 4καί
1087 4281 1160 4354 τοὺς
1177 4305 1193 4341 υ
1226 4277 1258 4353 ῦς
1272 4277 1328 4343 αῦ-

89 4369 160 4438 τάδε
178 4371 253 4448 λέγει
269 4363 376 4452 κύριος.
402 4370 434 4429 τί
451 4358 695 4448 παραπορεύεσθε
725 4367 785 4427 τιῦν
797 4361 850 4426 οῦκ
866 4357 1014 4427 ἀπέκτεινε
1027 4361 1105 4427 κατὰ
1118 4360 1170 4442 τήν
1183 4357 1329 4443 διαθήκην

89 4453 145 4530 τάς
163 4450 282 4526 ἐντολάς
299 4455 401 4534 κυρίου
406 4476 418 4525 ,·
446 4451 496 4511 καί
512 4444 567 4510 οῦκ
585 4444 695 4510 εῦοδω-
725 4450 782 4509 τοῦ
793 4440 887 4526 νόμου
905 4451 1020 4527 κυρίου,
1045 4439 1149 4538 καθώς
1161 4443 1330 4539 γέγραπται

89 4533 234 4618 θήσεσθε,
251 4528 297 4599 ὅτι
309 4530 507 4609 ἐγκατελίπετε
520 4528 573 4593 τὸν
586 4523 694 4613 κῦριον,
725 4524 767 4604 ὡς
776 4525 937 4592 ἐνετείλατο
945 4522 1056 4604 κύριος,
1069 4521 1171 4593 λεγων.
1185 4544 1240 4658 mg
1250 4544 1329 4616 απο-

1234 4620 1348 4660 ανουκ-
