2924 4972
103 249 165 315 208
309 239 747 309 AEYTEPONOMION
786 242 861 315 Κεφ.
875 232 933 316 κη’.
947 233 1007 298 κθ’.
1022 233 1072 297 98.
1087 234 1137 297 99.

102 374 138 456 τῇ
151 368 254 447 θλίφει
273 388 329 428 σου
347 355 367 443 ή
384 362 489 442 θλίψει
509 383 540 423 σε
556 354 574 420 ὁ
588 359 698 441 ἐχθρός
733 383 768 448 ση
784 362 826 420 ε”τι
845 358 914 421 ι’δεΐν
931 354 1039 438 αύτήν,
1073 357 1123 420 καί
1140 356 1334 439 πραθήσεσθε

103 475 159 513 σου
185 451 215 511 ἓν
238 457 304 519 ταῖς
328 431 434 508 πόλεσί
457 465 524 514 σου,
549 439 579 482 ⁵⁰
593 436 644 502 ἐάν
660 437 700 522 μή
732 444 791 503 ἐκεῖ
798 451 859 514 τοῖς
875 442 992 521 ἐχθροῖς
1010 435 1090 520 ῦμιῦν
1106 441 1145 512 εἷς
1160 439 1270 513 παῖδας
1283 442 1334 504 καί

104 525 270 610 ελςακούσης
286 537 379 592 ποιεῖν
400 520 501 588 πάντα
521 518 561 585 τά
580 515 700 604 ῥήματα
732 522 898 596 παιδίσκας,
908 523 960 586 καί
978 517 1034 584 οῦκ
1046 523 1128 584 ἔσται
1140 515 1158 584 ό
1171 519 1321 602 κτώμενος.

104 619 158 678 τοῦ
172 599 262 692 νόμόυ
275 606 400 683 τούτου,
424 602 464 670 τά
474 605 658 688 γεγραμμένα
671 606 701 666 ἐν
884 608 981 666 ’ΚΕ
995 607 1033 664 Φ.
1080 596 1159 666 ΚΘ’.
1187 678 1194 700 θ

103 700 146 777 τῷ
159 695 262 797 βιβλίῳ
275 686 393 773 τούτῳ,
406 691 566 772 φοβεῖσθαι
579 683 614 747 τό
629 683 698 748 όνο-
733 647 848 750 Οῦτοι
873 688 905 749 ολ
925 680 1009 761 λόγοι
1032 687 1085 766 τῆς
1102 685 1257 768 διαθηκης,
1280 681 1333 760 σῦς

104 804 146 860 μα
170 801 206 840 τσ
231 778 345 855 ἔντιμον
365 769 403 835 τό
428 764 604 851 θαυμαστὸν
628 771 701 829 τοῦ·
733 768 892 833 ἐνετείλατο
905 762 1003 852 κύριος
1015 769 1139 856 Μωυσῇ
1152 771 1256 848 στήσαι
1270 780 1332 842 τοῖς

104 885 153 933 το,
165 853 268 942 κύριον
279 849 414 918 τὸνθεόν
425 877 489 917 σου.
502 851 589 913 69καὶ
600 873 702 933 παρα-
734 855 809 924 υῖοῖς
820 845 939 935 Ἰσραήλ
955 851 986 912 ἐν
1000 853 1040 940 γῇ
1056 853 1172 934 Μωὰβ,
1190 849 1269 930 πλήν
1281 854 1333 932 της

105 935 220 1016 δοξάσει
236 934 336 1022 κύριος
353 933 407 1011 τάς
422 928 537 1016 πληγάς
554 955 624 1007 σου,
650 931 701 995 καί
733 928 876 1015 διαθήκης
886 925 1042 1015 ήςδίεθετο
1054 927 1157 1006 αῦτοῖς
1169 929 1330 1032 ίνΧωρόβ.

105 1022 159 1097 τάς
171 1017 285 1103 πληγάς
296 1024 352 1083 τοῦ
366 1010 534 1102 σπέρματός
546 1039 610 1089 σου,
622 1014 700 1114 πλη·
733 1019 747 1057 ²
763 1015 814 1078 καί
835 1009 948 1079 ἐκάλεσε
969 1016 1106 1094 Μωυσῆς
1126 1009 1242 1088 πάντας
1264 1039 1333 1090 τους

107 1107 160 1194 ηάς
168 1099 293 1186 μεγάλας
304 1103 354 1165 καί
365 1097 560 1182 θαυμαστάς,
586 1099 637 1159 καί
651 1118 702 1158 νο-
735 1096 818 1170 υίοῦς
826 1094 964 1181 Ἰσραήλ,
989 1095 1040 1159 καί
1052 1093 1112 1160 ελπε
1124 1095 1199 1180 πρὸς
1212 1094 1331 1172 αύτούς.

106 1213 174 1262 σους
186 1182 316 1268 πονηράς
328 1184 378 1247 καὶ
389 1177 503 1255 πιστάς.
530 1180 562 1222 ⁰⁰
574 1179 625 1242 καί
637 1181 702 1241 ἐπι-
735 1177 810 1262 ῦμεῖς
832 1174 982 1263 ἑωράκατε
1006 1172 1107 1241 πάντα
1127 1175 1186 1242 ὅσα
1211 1181 1332 1260 ἐποίησε

106 1272 224 1354 στρέφει
236 1272 339 1331 πᾶσαν
355 1260 408 1344 τήν
426 1259 531 1346 ὀδύνην
543 1255 702 1337 Αἰγύπτου
735 1259 833 1346 κύριος
846 1265 878 1325 ἐν
892 1265 931 1351 γῇ
945 1254 1094 1342 Αἰγύπτῳ
1112 1256 1237 1324 ἐνώπιον
1256 1257 1334 1341 ῦμιῦν

105 1351 159 1435 τήν
170 1348 312 1434 πονηράν,
326 1343 360 1430 ἣν
372 1345 467 1411 διευλα
488 1351 525 1408 οῦ
538 1341 600 1408 άπὸ
612 1369 703 1428 προς-
737 1342 852 1429 Φαραώ
875 1347 927 1408 καί
947 1354 1010 1416 τοῖς
1030 1337 1212 1424 θεράπουσιν
1230 1341 1334 1419 αὐτοῦ,

108 1433 192 1498 υύπου
217 1430 387 1505 αῦτῶν,καί
412 1454 447 1491 κο
485 1422 646 1509 ηθήσονται
672 1429 703 1489 ἐν
735 1429 786 1491 καί
797 1422 879 1518 πόση
895 1429 933 1518 τῇ
943 1429 982 1518 γή
996 1420 1099 1488 αὐτοῦ.
1124 1423 1335 1509 3τούςπειρα-

108 1521 163 1581 σοί.
189 1515 217 1556 ¹¹
230 1513 281 1576 καί
292 1514 392 1575 πᾶσαν
403 1509 559 1589 μαλακίαν,
581 1507 631 1570 καί
642 1511 704 1571 πᾶ-
737 1507 829 1592 σμοῦς
845 1506 916 1582 τοῦς
939 1503 1083 1588 μεγάλους
1100 1501 1152 1581 σῦς
1170 1503 1334 1592 ἑωράκασιν

109 1622 165 1663 σαν
176 1591 290 1676 πληγήν
301 1589 355 1675 τήν
367 1589 407 1674 μή
418 1592 627 1675 γεγραμμένην,
653 1591 704 1654 καί
737 1596 767 1656 σί
784 1589 942 1690 ὀφθαλμοί
957 1615 1026 1665 σου,
1051 1584 1091 1652 τά
1110 1600 1210 1671 σημεῖα
1228 1588 1333 1654 καὶτὰ

107 1684 209 1745 πᾶσαν
221 1676 274 1760 τήν
284 1677 479 1758 γεγραμμένην
496 1676 526 1736 ἐν
542 1677 584 1751 τῷ
598 1671 702 1757 βιβλίῳ
737 1677 847 1759 τέρατα
864 1696 904 1735 τα
919 1668 1032 1754 μεγάλα
1050 1673 1154 1735 ἐκεῖνα.
1183 1672 1263 1735 4καί
1280 1670 1333 1737 οῦκ

107 1766 163 1826 τσῦ
175 1759 264 1840 νόμου
281 1752 404 1830 τούτου,
430 1752 527 1830 ἐπάξει
544 1751 642 1838 κύριος
653 1755 702 1817 ἐπί
738 1757 826 1821 ὲδωκε
838 1749 935 1859 κύριος
951 1751 969 1818 ὁ
988 1752 1059 1828 θεὸς
1077 1749 1143 1834 ύμῖν
1160 1756 1283 1839 καρδίαν
1294 1759 1335 1836 εῖ-

109 1842 216 1916 σὲ,ῖως
240 1839 278 1904 ἂν
303 1833 498 1928 ἐξολοθρεύση
528 1862 568 1906 σε,
607 1838 636 1878 ⁶²
652 1837 703 1898 καί
736 1840 825 1912 δι’ναι,
839 1863 889 1900 και
902 1834 1082 1918 ὀφθαλμούς
1089 1835 1217 1938 βλέπειν,
1229 1839 1278 1900 καί
1291 1839 1332 1900 ιύ-

107 1916 379 2005 καταλειφθήσεσθε
400 1922 430 1981 ἐν
452 1916 573 2004 ἀριθμῷ
592 1922 701 2002 βραχεῖ,
737 1946 775 1985 τα
800 1915 916 1984 άκούειν
937 1924 992 1992 ἕως
1012 1923 1063 2001 τής
1085 1921 1192 2004 ημὲρας
1216 1915 1333 2002 ταύτης.

109 2003 176 2072 ἀνθ’
198 1997 240 2068 ιῦν
257 2000 302 2068 ότι
319 1993 369 2084 ἦτε
388 1997 451 2076 ὡςεί
472 2000 511 2065 τά
530 1999 628 2084 ἄστρα
646 2004 702 2063 τοῦ
737 2005 815 2067 ‘nal
831 2000 938 2084 ἤγαγεν
956 1999 1029 2082 ὑμᾶς
1048 2000 1266 2085 τεσσαράκοντα
1282 2005 1332 2084 ε”τη

109 2087 237 2171 ούρανοῦ
250 2090 293 2168 τῷ
304 2082 427 2167 πλήθει,
447 2081 492 2149 ὅτι
510 2081 564 2147 οῦκ
576 2078 703 2164 εἰςήκου·
737 2088 767 2148 ἐν
779 2089 816 2186 τῇ
829 2081 935 2168 ἐρήμῳ.
963 2083 1017 2146 οῦκ
1027 2079 1202 2167 ἕπαλαιιόθη
1216 2083 1254 2148 τά
1268 2079 1332 2165 ἱμά-

109 2197 163 2244 σας
174 2175 226 2254 τῆς
245 2171 341 2268 φωνής
358 2174 462 2268 κυρίου
480 2170 535 2230 τοῦ
550 2169 623 2229 θεοῦ
641 2190 700 2229 σου.
738 2194 788 2232 τια
800 2171 890 2249 υμῶν,
902 2167 953 2230 καί
965 2165 1004 2228 τά
1015 2162 1193 2248 ὑποδήματα
1205 2163 1284 2248 ῦμῶν
1297 2166 1334 2230 ού

108 2255 137 2297 ⁰³
151 2255 201 2316 καί
214 2256 294 2316 ἔσται
308 2251 341 2313 ὃν
353 2273 468 2351 τροπον
478 2244 632 2334 εὐφράνθη
650 2244 703 2311 κύ·
738 2253 892 2334 κατετρίβη
902 2244 964 2311 άπὸ
975 2253 1035 2312 τῶν
1044 2249 1146 2312 ποδῶν
1155 2245 1244 2330 ῦμῶν.
1257 2249 1334 2353 ὃἅρ-

109 2360 170 2421 ριος
196 2333 240 2414 ἐφ’
270 2330 336 2415 ύμῖν
360 2356 391 2393 ευ
407 2336 528 2415 ποιήσαι
547 2328 631 2414 ῦμῦς,
652 2331 703 2394 καὶ
738 2356 790 2396 τον
803 2331 858 2394 οὐκ
872 2328 999 2408 ἐφάγετε,
1013 2329 1096 2394 οίνον
1107 2332 1158 2394 καί
1170 2337 1268 2434 σίκερα
1281 2357 1334 2396 ουκ

107 2413 353 2518 πληθῦναιηῦμῦς,
366 2410 703 2510 οῦτωςεῦφρανθήμεται
738 2416 902 2490 ε’πίετε,ἰ’να
923 2417 1013 2491 γνῶτε
1035 2409 1081 2476 ὅτι
1104 2408 1202 2496 κύριος
1223 2441 1241 2478 ο
1263 2415 1334 2514 θεὸς

107 2524 205 2606 κυριος
227 2502 263 2579 ἐφ
298 2496 364 2582 ύμῖν
385 2498 592 2582 ἐξολοθρεῦσαι
619 2500 701 2578 υμᾶς.
739 2491 898 2580 ῦμῶνλγυύ.
938 2497 1015 2559 Ἱκαί
1031 2494 1135 2578 ἤλθετε
1148 2501 1270 2571 ἕωςτοῦ
1283 2523 1334 2562 το·

106 2609 157 2646 και
169 2576 368 2668 ἰξαρθήσεσθε
382 2584 411 2645 ἐν
425 2576 500 2664 τάχει
513 2577 574 2644 άπὸ
587 2582 640 2661 τής
651 2583 703 2659 γής
737 2605 798 2644 που
815 2574 933 2644 τούτου.
959 2580 1010 2641 καί
1027 2578 1130 2660 ἐξῆλθε
1147 2578 1235 2662 Σηών
1251 2584 1333 2666 βασι-

172 2662 187 2685 u

107 2670 145 2738 εἷς
168 2690 204 2765 ην
235 2660 382 2745 είςπορεύη
412 2666 470 2726 ἐκεῖ
493 2662 703 2747 κληρονομῆσαι
740 2657 950 2748 λεύςἘσεβάν,
976 2658 1097 2737 καίὨγ
1112 2660 1248 2745 βασιλεῦς
1266 2669 1334 2727 Βα-

108 2745 205 2826 αῦτην.
245 2744 277 2785 ⁰⁴
290 2747 340 2806 καί
358 2729 509 2826 διασπερεῖ
524 2768 553 2807 σε
569 2738 668 2825 κύριος
684 2738 702 2806 ὁ
740 2742 795 2808 σάν
815 2749 854 2818 είς
876 2736 1049 2825 συνάντησιν
1067 2741 1132 2826 ήμῖν
1149 2746 1180 2807 ἐν
1202 2744 1333 2825 πολέμου.

107 2824 178 2900 θεός
191 2850 245 2890 σου
261 2829 299 2896 εἰς
315 2820 416 2888 πάντα
431 2824 470 2886 τά
484 2826 573 2905 ἔθνη,
597 2821 648 2888 ἀπ’
664 2823 703 2887 ά·
738 2827 790 2890 καί
814 2820 996 2905 ε’πατάξαμεν
1021 2822 1137 2899 αύτούς,
1163 2825 1242 2889 ε’καί
1263 2810 1331 2890 ἐλά·

106 2934 178 2993 κρσυ
190 2912 240 2990 τής
251 2910 303 2987 γής
316 2909 370 2980 ἕως
382 2903 476 2991 άκρου
494 2909 546 2987 τῆς
561 2910 628 2988 γής,
652 2906 702 2970 καί
736 2912 824 2993 βομεν
836 2907 889 2991 τήν
899 2912 955 2991 γήν
971 2905 1084 2981 αῦτιῦν,
1108 2907 1158 2970 καί
1168 2907 1265 2971 ε”δωκα
1278 2907 1330 2973 αῦ·

107 2989 269 3062 δουλεύσεις
286 2991 345 3051 ἐκεῖ
358 2999 442 3061 θεοῖς
458 2989 580 3071 ἑτέροις,
605 2984 702 3064 ξύλοις
738 2990 791 3072 τήν
815 2993 846 3054 ἐν
871 2990 968 3073 κληρῳ
993 2994 1036 3072 τῷ
1056 2986 1190 3073 Ῥουβήν,
1214 2991 1265 3053 καί
1289 2995 1335 3076 τοῦ

107 3075 158 3136 καί
170 3072 279 3142 λίθοις,
305 3065 356 3142 οῦς
368 3066 422 3132 οῦκ
435 3066 549 3151 ήπίστω
560 3069 596 3134 σύ
609 3072 660 3134 καὶ
671 3075 702 3134 σί
737 3073 845 3147 Γαδδὶ,
865 3074 915 3136 καί
928 3078 970 3154 τῷ
988 3068 1081 3154 ήμίσει
1099 3071 1193 3154 φυλῆς
1201 3079 1334 3137 Μανασ-

106 3156 229 3235 πατέρες
241 3176 304 3214 σου.
343 3151 373 3193 ⁶⁵
386 3147 463 3216 ἀλλὰ
481 3153 531 3214 καί
549 3155 579 3215 ἐν
596 3163 658 3227 τοῖς
671 3156 702 3217 ἔ·
738 3159 782 3240 σή.
813 3155 892 3219 9καί
918 3150 1079 3235 φυλάξεσθε
1102 3165 1195 3219 ποιεῖν
1219 3151 1334 3229 πάντας

106 3246 203 3298 θνεσιν
215 3238 331 3306 ἐκείνοις
342 3230 398 3297 ούκ
410 3227 575 3298 ἀναπαύσει
588 3232 697 3311 amb&
738 3236 808 3310 τοῦς
820 3234 927 3312 λόγους
939 3242 991 3339 της
1004 3231 1147 3319 διαθήκης
1159 3231 1332 3320 ταύτηςιῗνα

107 3316 143 3380 ού
173 3315 212 3399 μή
232 3317 349 3398 γένηται
368 3311 467 3391 στάσις
484 3320 527 3398 τῷ
554 3318 621 3418 ίμνει
646 3322 700 3381 τοῦ
737 3323 836 3399 συνῆτε
848 3315 946 3383 πάντα
963 3344 1020 3383 οσα
1036 3316 1177 3401 ποιήσετε.
1216 3321 1244 3364 ¹⁰
1258 3315 1332 3401 ῦμεῑς

107 3396 199 3483 ποδός
212 3424 275 3464 σου.
301 3400 352 3462 καί
368 3394 452 3463 δεύσει
472 3424 518 3462 σοι
531 3425 630 3486 κυριος
644 3404 703 3464 ἐκεῖ
736 3401 875 3484 ἑστήκατε
887 3405 992 3475 πάντες
1005 3394 1130 3487 σήμερον
1139 3403 1270 3466 ἐναντίον
1281 3427 1330 3465 κυ-

106 3485 228 3567 καρδίαν
244 3485 345 3565 ἑτέραν
364 3478 561 3559 άπειθοῦσαν,
586 3485 636 3546 καί
653 3485 697 3545 ἐκ·
736 3491 802 3569 ρίου
815 3489 870 3548 τοῦ
882 3488 959 3548 θεοῦ
973 3480 1061 3564 ῦμιῦν,
1087 3487 1118 3547 σί
1130 3480 1286 3568 άρχίφυλοι
1299 3481 1333 3546 ῦ-

106 3566 257 3639 λείποντας
270 3562 455 3644 ὀφθαλμούς,
479 3565 531 3625 καί
542 3566 701 3646 τηκομένην
735 3572 806 3649 μῶν,
820 3568 870 3630 καί
884 3564 902 3648 ή
913 3571 1050 3649 γερουσία
1061 3560 1151 3645 ῦμῶν,
1163 3568 1216 3631 καί
1228 3570 1259 3630 οῖ
1269 3590 1332 3650 κρι-

106 3642 206 3730 φυχήν.
244 3647 275 3688 ⁶⁰
288 3647 339 3708 καὶ
357 3649 439 3708 ἔσται
456 3640 475 3745 v}
494 3640 552 3724 ζωή
571 3671 623 3709 σου
636 3671 700 3729 κρε-
735 3651 786 3713 ταί
799 3646 892 3730 ῦμιῦν,
911 3651 961 3712 καὶ
974 3652 1004 3712 σί
1020 3657 1332 3731 γραμματοειςαγωγεῖς

105 3731 214 3809 μαμὲνη
228 3725 363 3789 ἀπέναντι
381 3731 441 3790 τῶν
457 3727 622 3808 οφθαλμαῦν
636 3754 698 3792 σου.
736 3728 826 3815 ὑμῶν,
839 3735 898 3804 πᾶς
911 3729 984 3814 ἀνήρ
995 3726 1126 3813 Ἰσραήλ.
1152 3735 1176 3773 ¹¹
1189 3735 1221 3796 αῖ
1232 3739 1333 3808 γυναῖ-

106 3812 157 3872 καὶ
169 3803 326 3898 φοβηθήση
341 3804 449 3890 ἡμέρας
460 3809 510 3872 καί
521 3807 631 3886 νυκτός,
649 3811 701 3876 καλ
735 3839 781 3887 κες
793 3810 882 3894 ὑμῶν,
907 3815 958 3876 καί
970 3811 1008 3877 τά
1023 3815 1128 3888 ἔκγονα
1141 3809 1232 3893 ὑμῶν,
1255 3807 1332 3876 καίό

108 3889 144 3954 οῦ
157 3884 314 3963 πιστεύσεις
326 3894 363 3980 τῇ
376 3893 434 3979 ζωῇ
452 3916 514 3956 σου.
542 3892 704 3975 67τοπριυῒ
734 3892 911 3978 προςήλυτος
924 3892 942 3956 ὁ
956 3897 1074 3976 ἐνμέσῳ
1085 3899 1136 3994 της
1148 3895 1334 3979 παρεμβολῆς

106 3975 189 4055 ἐρεῖς,
201 3975 265 4045 πῶς
278 3969 314 4034 άν
325 3974 438 4047 γένοιτο
458 3974 575 4056 ἑσπέρα.
601 3972 698 4036 καὶτὸ
736 3974 825 4056 ὑμῶν,
837 3973 899 4038 άπὸ
922 3974 1085 4050 ξυλοκόπου
1107 3982 1188 4058 υμῶν
1206 3980 1258 4040 καί
1279 3982 1333 4049 ἕως

107 4055 230 4136 ἑσπέρας
243 4056 328 4137 ἐρεῖς,
352 4058 416 4126 πῶς
432 4051 469 4117 ἂν
484 4056 598 4131 γίνοιτο
611 4055 699 4137 πρωῒ,
736 4054 904 4141 ὑδροφόρον
922 4056 1009 4138 ὑμῶν,
1036 4062 1064 4100 ¹²
1076 4058 1236 4140 παρελθεῖν
1253 4061 1284 4122 ἐν
1295 4065 1335 4149 τῇ

106 4131 235 4234 άπόΙτοῦ
249 4131 342 4235 φόβου
352 4141 402 4238 της
414 4137 534 4220 καρδίας
544 4133 630 4200 σουδὶ
643 4161 700 4216 φο-
736 4136 866 4233 διαθήκη
883 4146 983 4223 κυρίου
1000 4145 1054 4204 τοῦ
1070 4145 1147 4204 θεοῦ
1164 4136 1258 4220 ῦμιῦν,
1283 4143 1334 4203 καί

105 4221 236 4306 (ww,
261 4217 386 4280 καὶαπθ
399 4222 458 4280 τῶν
471 4215 700 4300 ὅθαμᾶῐωντῶν
736 4226 766 4286 ἕν
789 4234 855 4297 ταῖς
879 4220 965 4306 ἀραῖς
990 4220 1096 4296 αὐτοῦ,
1111 4218 1170 4286 ὅσα
1189 4219 1290 4305 κύριος
1314 4220 1332 4287 ὃ

105 4297 273 4380 ὀφθαλμῶν
291 4323 344 4362 σου
358 4291 399 4362 ὧν
411 4296 487 4390 ῦιγη.
514 4299 545 4341 ⁶⁸
558 4300 608 4361 καί
620 4298 698 4362 ἀπο-
735 4301 805 4378 θεός
819 4330 872 4368 σου
884 4306 1049 4369 διατίθεται
1065 4304 1143 4389 πρὸς
1156 4304 1188 4371 σὲ
1200 4307 1334 4392 σήμερον.

105 4382 222 4463 στρείβει
247 4405 276 4444 σε
301 4375 336 4441 κύ
356 4407 400 4454 ιος
424 4385 463 4454 εἷς
489 4380 646 4456 Αἴγυπτον
669 4384 699 4443 ἐν
736 4387 762 4426 ¹³
781 4390 831 4448 ἵνα
850 4383 943 4466 στήση
960 4413 990 4450 σε
1008 4385 1090 4450 αῦτῶ
1113 4391 1152 4461 είς
1168 4385 1258 4464 λαόν,
1283 4387 1335 4453 καί

103 4461 217 4537 πλοίοις
229 4466 259 4526 ἐν
269 4466 307 4557 τῇ
319 4406 380 4546 ὁδῷ
392 4454 412 4556 ᾗ
426 4460 504 4538 εἶπα,
518 4460 553 4527 οῦ
566 4458 696 4548 προςθή-
718 4547 720 4552 1
737 4464 828 4540 αὐτὸς
841 4469 921 4531 ἔσται
927 4457 987 4532 ’σου
1000 4466 1085 4543 θεὸς,
1097 4464 1132 4533 ὃν
1142 4464 1258 4557 τρόπον
1271 4469 1335 4536 εἷπί

1279 4579 1332 4630 σοι,
