2924 4972
104 213 166 284 178
352 217 793 281 ΔσννσΡοΝοΜτοΝ
830 203 1103 300 νιφέμεν.

101 348 170 416 ἐκεῖ,
183 341 235 406 καί
246 335 365 414 τούτοις
374 333 464 405 δάσω
473 337 580 422 αῦτήν,
593 342 645 404 καί
653 338 712 404 αῦ-
734 336 818 414 ’θεῦς
831 336 915 422 ήμῶν
927 335 1072 424 εῦλόγησί
1084 366 1116 406 σε
1130 345 1161 407 Gr
1171 345 1264 408 παντί
1274 346 1354 428 ἔργω

101 427 151 491 τοί
168 417 440 510 κληρονομήσουσιν
457 417 563 505 αῦτήν.
606 421 641 466 ⁴⁰
659 423 712 486 καί
747 427 808 487 τῶν
822 425 928 508 χειρῶν
945 447 1008 487 σου.
1035 417 1254 501 διάγνωθιπῶς
1267 413 1353 508 duni

103 507 182 593 ῦμεῖς
198 507 426 591 ἐπιστραφέντες
439 499 712 590 ἐστρατοπεδεύσα-
746 516 801 579 θις
818 503 874 608 τήν
891 507 1000 589 ἔρημον
1018 503 1073 589 τὴν
1088 503 1216 590 μεγάλην
1232 509 1284 571 καί
1297 507 1351 592 τήν

102 617 134 657 τε
153 595 193 664 είς
209 589 266 674 τήν
282 592 403 693 ἔρημον,
429 585 501 653 ὁδὸν
516 585 571 671 τήν
589 589 637 651 ίπί
657 591 711 670 τῆς
767 592 876 674 οβιραν
892 589 1014 670 ἐκείνην.
1046 589 1112 653 ἰδοῦ
1128 584 1351 673 τεσσαράκοντα

103 677 233 761 ἐρυθρᾶς
244 670 411 755 θαλασσης.
424 670 510 735 “aab
518 667 710 755 άπειιρίθητε,
761 676 768 695 ’
781 697 799 754 η
819 667 917 755 κῦρως
935 665 1039 744 ὁθεός
1051 695 1106 736 σου
1118 669 1192 754 μετὰ
1204 676 1269 735 σοῦ.
1293 672 1350 738 οῦκ

104 758 156 822 καί
174 757 284 820 εἴπατε.
310 750 479 841 ἡμάρτομεν
495 756 594 819 ἔναντι
606 758 710 837 κυρίου
746 750 908 836 ἐπεδεήθης
926 747 1065 836 ῥήματος.
1091 755 1173 817 8καὶ
1188 750 1350 856 παρήλθο-

104 844 161 904 τοῦ
178 841 255 902 θεοῦ
269 834 361 922 ήμῶν.
388 834 468 920 ἡμεῖς
481 831 640 937 ἀναβάντες
651 861 711 899 πο-
744 860 797 919 μεν
808 835 879 910 τοῦς
892 831 1228 918 άδελφυῦςήμῦνυίοῦς
1245 842 1349 912 Ησαῦ,

104 916 265 1005 λεμήσομεν
288 918 367 984 κατὰ
382 915 496 993 πάντα,
523 919 584 984 ὅσα
603 922 710 983 ίνετεί·
744 915 815 992 τοῦς
828 919 1041 991 κατοικοῦντας
1054 921 1086 983 ίν
1098 918 1187 1002 Σηείρ
1199 917 1285 1004 παρὰ
1294 917 1350 1003 τήν

106 1005 183 1070 λατο
207 999 306 1088 νῦριος
325 998 342 1067 ὁ
359 999 429 1076 θεὸς
445 999 528 1084 ήμῶν
546 997 624 1104 ἡμῖν.
659 1002 710 1065 καί
745 997 815 1064 ὁδὸν
828 998 884 1083 τήν
899 997 1014 1085 ’Άραβα
1027 997 1091 1065 οἰπὸ
1104 998 1350 1066 Αίλὼνκαίάπὸ

106 1082 305 1172 ἀναλαβόντες
318 1089 441 1160 ἕκαστος
453 1083 492 1148 τά
505 1108 593 1167 σκευη
604 1081 710 1148 τὰπο-
744 1080 858 1148 [λαιάν
887 1084 922 1145 Γ
917 1079 1004 1230 &Q
1045 1084 1096 1147 καί
1120 1087 1351 1169 ἐπιστρέψαντες

105 1167 209 1252 λεμιιιδι
230 1166 344 1243 αῦτοῦ,
369 1170 421 1232 καί
443 1169 711 1293 συναθροισθέντες
745 1160 963 1252 παρήλθομεν“
992 1161 1265 1252 ’νῦρημονΜωάβ
1279 1168 1352 1232 9καί

106 1251 272 1338 ῦνεβαίνετε
293 1255 332 1326 είς
352 1246 388 1315 τὸ
413 1248 491 1335 ὅρος.
529 1249 547 1292 ⁴
574 1251 626 1315 καί
649 1244 711 1313 είπε
745 1245 807 1314 εἶπε
831 1243 931 1334 κῦριος
952 1246 1028 1332 πρὸς
1049 1251 1093 1331 μέ.
1124 1247 1167 1351 μή
1183 1253 1352 1335 ίχθραίνετε

106 1332 207 1420 κῦριος
230 1330 308 1418 πρὸς
327 1336 372 1416 μί.
405 1331 488 1398 εἶπον
509 1329 623 1406 αῦτοῖς.
654 1329 710 1396 οῦκ
745 1343 810 1406 τοῖς
830 1335 1027 1435 Μωαβίταις,
1058 1333 1109 1396 καί
1131 1358 1172 1434 μη
1196 1328 1349 1436 συνάιμητε

106 1413 295 1503 ἆναβήσεσθε
314 1415 384 1481 οῦδὲ
399 1415 441 1500 μή
458 1411 652 1498 πολεμήσετε,
673 1411 710 1478 οῦ
744 1412 821 1501 πρὸς
840 1412 950 1489 αῦτους
967 1410 1108 1496 πόλεμον,
1134 1439 1169 1477 ου
1182 1412 1239 1501 γὰρ
1252 1441 1292 1518 μη
1306 1419 1350 1481 διῦ

105 1499 165 1584 γάρ
179 1504 234 1581 είμι
246 1496 311 1581 μεθ’
328 1497 419 1583 ὑμῶν,
432 1499 484 1562 καί
496 1496 533 1563 οῦ
542 1498 584 1582 μή
593 1522 710 1582 συντρι-
746 1495 810 1562 άπὸ
832 1501 889 1579 τῆς.
907 1502 962 1579 γῆς
984 1495 1087 1562 αὐτῶν
1108 1494 1174 1579 ὑμῖν
1190 1501 1222 1562 ἐν
1238 1499 1349 1604 κληρῳ,

106 1575 405 1670 βητεένάπιοντιῦνί
447 1579 712 1668 ρῶνῦμῶν.43καί
745 1591 810 1653 τοῖς
828 1577 887 1665 γὰρ
904 1582 982 1654 υίοῖς
998 1578 1077 1643 Λὼτ
1094 1581 1211 1645 δέδωκα
1227 1580 1282 1665 τήν
1298 1585 1349 1648 A·

109 1664 238 1748 ἐλάλησα
263 1659 343 1748 ῦμῖν,
368 1690 408 1729 κα
443 1660 499 1728 οῦκ
523 1657 714 1748 είςηκοῦσατί
747 1661 824 1748 ροήρ
841 1662 1037 1746 κληρονομεῖν.
1063 1659 1255 1744 10οῦὈμμὶν
1270 1662 1349 1749 πρό-

107 1769 180 1830 μου,
205 1749 258 1811 καί
279 1749 427 1850 παρέβητε
445 1742 480 1812 τὸ
499 1751 580 1833 ῥῆμα
597 1751 709 1831 κυρίου.
746 1770 826 1831 τεροι
841 1741 1019 1830 ἐνεκάθηντο
1034 1741 1079 1808 ἐπ’
1096 1744 1190 1830 αὐτῆς
1199 1749 1348 1829 ἐθνοςμέ·

108 1833 160 1896 καί
186 1857 231 1895 πα
250 1834 440 1917 αβιασαμενοι
470 1828 593 1916 ἇνέβητε
613 1833 653 1903 είς
673 1826 710 1892 τὸ
746 1854 786 1906 γα
802 1831 854 1892 καί
869 1825 952 1893 πολὺ
964 1829 1016 1892 καί
1029 1824 1185 1912 ῖσηῦοντες,
1210 1824 1304 1914 ιῦςπερ
1317 1833 1349 1894 οῖ

108 1913 187 2001 ῦρος.
259 1913 311 1977 καί
327 1909 486 1996 ίξήλθενὸ
506 1908 711 1997 Ἀμοῤῥιτῖοςὸ
744 1908 877 2016 Ἐναιιήκ
913 1907 1088 1992 11Ῥαφαῒν
1112 1908 1349 1994 λογισθήσονται

108 2000 255 2062 κατοικῶν
267 1999 354 2079 ἐντῷ
367 1994 428 2080 ὄρει
440 1998 539 2080 ἐκείνῳ
552 1999 592 2070 είς
604 1989 712 2060 συνάν-
746 1995 799 2058 καί
814 2018 898 2057 ουτοι
915 1987 1013 2077 άίςπερ
1030 1995 1082 2057 καί
1095 1997 1127 2058 οῖ
1140 1992 1271 2077 Ἐνακῖμ
1296 1999 1348 2060 καί

107 2105 194 2163 τησιν
207 2075 288 2163 ῦμῖν,
312 2079 364 2143 καί
376 2080 547 2155 κατεδίωξεν
559 2075 633 2162 ῦμᾶς
645 2075 712 2152 ὡςεί
746 2079 777 2140 οῖ
794 2079 963 2161 Μωαβῖται
985 2073 1218 2158 ἐπονομάζουσιν
1234 2075 1348 2154 αῦτοῦς

107 2158 291 2246 ποιήσαισαν
303 2164 337 2226 αί
348 2161 500 2243 μελισσαι,
524 2163 576 2227 καί
587 2165 712 2245 ἐτίτρω-
742 2158 855 2241 Ὀμμίν.
881 2162 909 2203 ¹²
921 2161 973 2224 καί
983 2163 1022 2224 ἐν
1038 2160 1128 2246 Σηεὶρ
1147 2154 1347 2244 ἕνεκάθητοῦ

110 2270 182 2312 σκον
214 2243 288 2327 ῦμῦς
316 2241 379 2309 άπὸ
404 2248 494 2330 Σηείρ
518 2250 575 2320 ἕως
606 2241 710 2330 Ἑρμᾶ.
747 2249 784 2307 Χ
808 2244 834 2264 '‘
857 2239 949 2317 ῖοςτὸ
957 2238 1114 2328 πρότερον,
1122 2244 1176 2308 καί
1184 2241 1348 2310 υῖοίἩσαῦ

107 2329 141 2372 ⁴⁵
154 2329 206 2392 καί
227 2332 405 2402 καθίσαντες
426 2330 555 2393 ἐκλαίετε
576 2330 712 2394 ἐναντίον
747 2324 817 2391 άπω
850 2351 906 2390 σαν
918 2321 1038 2401 αῦτοῦς,
1055 2327 1106 2390 καί
1119 2328 1278 2412 ίξίτριφαν
1290 2326 1348 2391 αῦ-

108 2416 216 2496 κυρίου
229 2413 283 2474 τοῦ
295 2413 371 2476 θεοῦ
384 2407 476 2495 ήμῶν,
502 2407 622 2475 καλοῦν
635 2405 712 2494 είςή-
746 2406 817 2484 τοὺς
829 2406 892 2473 άπὸ
903 2404 1067 2494 προςάπου
1081 2407 1190 2474 αῦτιῦν.
1208 2409 1260 2474 καί
1272 2435 1347 2475 κατ-

108 2518 199 2561 κουσε
224 2489 324 2581 κῦριος
349 2498 401 2578 τῆς
424 2498 524 2579 φωνῆς
543 2490 623 2599 ὑμῶν
641 2490 710 2559 οῦδὲ
747 2497 921 2576 ῳκίσθησαν
944 2488 1006 2557 ἄντ’
1034 2489 1149 2566 αῦτιῦν,
1181 2487 1217 2557 δν
1232 2489 1348 2573 τρόπον

107 2582 264 2682 προςεοχεν
276 2576 350 2661 ὑμῖν.
373 2577 407 2638 ⁴⁰
417 2579 468 2641 καί
480 2581 669 2661 ἕνεκαθησθε
681 2579 713 2640 ίν
747 2578 883 2658 ἐποίησιν
900 2572 1022 2660 Ἰσραήλ
1038 2574 1092 2658 τήν
1103 2578 1159 2658 γῆν
1176 2579 1228 2658 τῆς
1239 2576 1349 2663 κληρο-

109 2657 213 2744 Κάδης
223 2663 331 2745 ημέρας
339 2655 463 2734 πολλάς,
475 2657 550 2736 ὅσας
557 2660 632 2727 ποτὲ
642 2659 713 2745 ήμέ-
746 2665 851 2742 νομίας
863 2653 973 2734 αῦτοῦ,
999 2654 1035 2741 ἢν
1046 2659 1152 2723 δέδωκε
1164 2655 1264 2745 κάριος
1291 2657 1348 2725 αῦ-

109 2769 164 2828 ρας
177 2739 369 2825 ἐνεκάθησθε.
746 2751 819 2815 τοῖς.
856 2742 883 2782 ¹³
896 2744 947 2807 νῦν
967 2727 1022 2806 οῦν
1038 2736 1180 2825 ἀνάστητε
1196 2744 1248 2806 καί
1262 2737 1347 2806 αἰπά-

304 2829 379 2889 KR
390 2827 428 2886 Φ.
470 2815 527 2888 Β’.
747 2848 817 2910 ρατε
840 2820 932 2906 ῦμεῖς,
957 2824 1009 2888 καί
1028 2820 1275 2911 παραπορεῦισθε
1291 2823 1348 2930 τήν

109 2874 166 2973 K
163 2909 197 2974 αί
206 2909 436 2993 ἐπιστραφέντες
445 2902 601 2999 ἀπήραμεν
610 2910 650 2982 είς
658 2901 713 2992 τήν
746 2902 888 2993 φάραγγα
905 2909 1014 2992 Ζαρίτ.
1038 2904 1347 2992 14ιιαίαῖήμέραιοίς

110 2996 226 3078 ἔρημον,
252 2989 322 3092 ὁδὸν
334 2986 494 3091 θάλασσαν
512 2989 653 3093 ε’ρρθράρν,
677 2990 713 3058 ὃν
745 2986 1010 3137 πιιρετηορεῦθήμεν
1033 2988 1100 3092 ἇπιή
1118 2988 1221 3094 Χάβης
1236 2989 1346 3077 Βαρνή

109 3074 712 3242 ἔλῦῖιοίιλλῖίλῦίλῗῖλῦοῦμξῦῦί
746 3079 851 3221 ‘'⁰2¹5‘'ss
863 3078 1347 3237 λλλλάοίῦέλῖῦῦῖἶῦὲἶὲ

109 3233 234 3312 πολλάς.
264 3238 344 3302 2καί
367 3235 428 3302 εἶπε
451 3183 551 3323 κῦριοή
570 3183 711 3325 πρὸςδρμί.
744 3182 866 3304 gaitae?
881 3243 967 3304 πᾶσα
989 3234 1070 3317 γενεά
1091 3204 1346 3321 ἀνδρῶν’πολεμι-

110 3315 313 3387 3ῖιιανοάσθω
339 3317 405 3427 ῦμῖν
428 3324 559 3389 κυκλοῦν
582 3321 618 3387 τὸ
643 3322 712 3409 ὄρος
745 3328 825 3388 στιῦν
836 3319 1080 3406 ἀποθνήσκοντες
1091 3323 1124 3385 ίκ
1132 3323 1185 3405 τῆς
1193 3323 1346 3422 παρεμβο-

110 3411 210 3471 τοῦτο.
236 3409 433 3490 ίπιστραφητε
454 3395 509 3472 οῦν
525 3407 576 3471 ίπί
590 3409 711 3510 βοβρἆν.
743 3405 807 3488 λής,
826 3401 939 3470 καθότι
952 3403 1052 3487 εῦμσσε
1062 3398 1162 3490 κῦριος
1174 3399 1193 3468 ὁ
1205 3412 1276 3477 θεος
1288 3399 1346 3468 αῦ-

110 3489 246 3573 4ιιαίτῴ
258 3491 324 3572 λαῷ
338 3487 476 3564 ἔντειλαι,
499 3489 601 3567 λέγων.
634 3501 712 3574 υμεῖς
743 3499 815 3562 τοῖς.
848 3488 876 3532 ¹⁶
889 3489 940 3553 καί
960 3486 980 3572 ή
999 3488 1060 3573 χείρ
1082 3491 1137 3552 τοῦ
1152 3490 1229 3552 θεοῦ
1244 3474 1282 3571 ἦν
1299 3482 1342 3551 ἐπ’

108 3568 357 3658 παραπορεύεσθε
381 3569 430 3636 διὰ
453 3574 517 3637 τιῦν
539 3570 631 3656 ὁρίων
651 3577 712 3638 τῶν
744 3568 848 3645 αῦτοῖς
867 3570 1052 3645 ἐξαναλῶσαι
1072 3566 1184 3674 αῦτοίμ
1204 3573 1237 3634 ἐκ
1253 3570 1348 3651 μέσου

110 3655 247 3736 ἀδελφῶν
263 3649 544 3735 ῦμιῦνυίιῦνἩσαῦ,
569 3660 710 3721 οῖκατοι-
745 3658 797 3737 τής
820 3653 1022 3739 παρεμβολῆς,
1056 3657 1112 3727 ίως
1137 3677 1175 3718 ου
1200 3654 1346 3718 διέπεσαν.

109 3743 215 3802 κοῦσιν
237 3739 269 3800 ἐν
288 3739 393 3818 Σηείρ,
418 3738 468 3801 καί
485 3734 711 3842 φοβηθήσονται
746 3739 772 3782 ¹⁰
785 3739 837 3802 καί
852 3733 980 3819 ἐγενήθη
997 3733 1098 3818 ἐπειδή
1115 3738 1224 3801 ἔπεσαν
1241 3731 1347 3809 πάντες

111 3813 537 3986 θυλθθυν
550 3821 712 3968 υυ
744 3825 777 3968 εἰ
792 3818 1021 3968 θεειθ
1057 3895 1347 3966 ι..

111 3949 215 4083 λεμον,
229 3927 275 4047 λοῦ
287 3981 345 4065 γὰρ
358 3922 408 4048 δῦ
425 3927 571 4066 ῦμῖρνοῦιπαῦ
587 3931 643 4070 τοήά
652 3931 711 4089 πρηνής
744 3928 936 4071 κῦςριοςμιλήὸς
953 3983 998 4066 μὲ,
1020 3950 1124 4060 λίγαλ.
1149 3978 1229 4047 18σῦ
1244 3924 1345 4068 παρηδ-

111 4069 214 4131 αυτιῦν
226 4063 296 4131 οῦδὲ
307 4069 388 4151 βῆμα
399 4065 501 4142 ποδὸς,
513 4065 558 4134 ὅτι
569 4073 601 4134 ἐν
610 4070 709 4153 κληρω
743 4065 875 4154 πορεῦση
893 4065 1022 4175 σήμερον
1038 4062 1078 4131 τὰ
1092 4061 1163 4153 ὅρια
1175 4061 1281 4150 Μωὰβ
1291 4061 1347 4148 τήν

111 4150 227 4214 δέδωκα
243 4161 307 4222 τοῖς
325 4153 401 4225 υἱοῖς
420 4145 518 4215 Ἡσαῦ
536 4149 574 4217 τὸ
592 4147 661 4233 ῦρος
674 4135 711 4217 τῦ
738 4139 865 4236 Ἀροήρή
888 4151 917 4193 ¹⁹
930 4176 982 4215 και
997 4144 1159 4234 προςάξετε
1176 4144 1263 4225 ἔγγὺς
1275 4148 1348 4211 υίῶν

111 4237 212 4318 Σηείρ.
238 4229 407 4319 0ι’τργυρίου
429 4229 574 4319 βρώματα
597 4230 711 4320 ἀγορά·
739 4229 860 4317 Ἀμμάν.
884 4229 925 4317 μή
938 4227 1237 4328 ίχθραίνετειαῦτοῖς,
1259 4226 1301 4332 μή
1315 4225 1347 4329 §i

112 4340 184 4380 σατε
204 4312 279 4401 παρ’
300 4312 400 4381 αὐτῶν
421 4318 472 4380 καί
489 4311 635 4397 φάγεσθι,
661 4319 712 4382 καί
745 4312 896 4402 συνάφητε
908 4312 1011 4389 αῦτοῖς
1023 4318 1063 4389 είς
1073 4315 1213 4396 πολεμον.
1238 4337 1275 4377 ου
1287 4335 1348 4395 γαρ

110 4393 192 4483 ῦδωρ
202 4400 302 4484 μέτρῳ
314 4395 452 4483 λήψεσθε
462 4395 532 4482 παρ’
548 4397 712 4486 οῦτοῦνῦρ-
743 4397 785 4484 μή
802 4401 847 4465 δῶ
864 4396 928 4464 άπὸ
945 4400 999 4480 τῆς
1014 4401 1070 4480 γῆς
1081 4400 1155 4462 υῖιῦν
1171 4387 1285 4477 Ἀμμάν
1298 4416 1347 4458 σοι

109 4487 213 4568 γυρίου
230 4484 281 4548 καί
296 4487 410 4547 πίεσθε.
442 4470 560 4567 1ὁγὰρ
578 4475 677 4566 κῦριος
694 4478 726 4575 ὁΙ
744 4485 775 4548 ἐν
787 4479 899 4567 κλήρῳ,
915 4475 964 4544 δ’τι
975 4489 1040 4554 τοῖς
1052 4482 1130 4571 υίοῖς
1140 4476 1218 4545 Λὼτ
1230 4476 1348 4577 δέδρακα

1251 4580 1348 4639 αυτην
