2924 4972
282 229 581 292 ΒΑΣΙΛΕῙΩΝ
604 226 832 289 ΑΕῪΊἜΡΑ
871 218 1069 301 Κεη.ιδ’.ιε’.
1091 219 1201 289 1415.
1286 225 1351 290 393

108 336 197 418 λόγον
210 365 263 406 σου
277 345 392 404 τοῦτον.
417 335 558 422 πορεύου,
576 343 709 422 ἐπίστρε-
751 339 817 421 λώμ
829 343 867 414 εἷς
879 337 932 402 τόν
943 337 1034 412 οἷκον,
1055 342 1105 401 καί
1119 338 1196 403 εἶπεν
1206 339 1283 424 πρός
1296 341 1351 404 αά·

108 445 169 504 ιμον
194 422 230 487 τό
254 419 416 506 παιδάριον
439 421 493 486 τὸν
511 416 712 524 Ἀβεσσαλιύμ.
752 418 811 486 τόν.
839 423 918 485 ίνατί
935 423 1109 506 ἐνεπύρισαν
1127 424 1159 485 oz
1179 426 1283 497 παῖδές
1299 449 1354 488 σοιι

106 510 136 549 22
148 509 199 570 καί
211 510 310 571 ἔπεσεν
318 504 414 592 ’ίωάβ
425 507 475 568 ἐπὶ
487 528 646 590 προςιαπον
657 530 713 568 αν·
751 503 804 586 την
816 504 919 586 μερίδα
936 502 989 586 τὴν
1005 500 1076 587 ἐμην
1093 507 1126 568 ἒν
1138 511 1211 589 πυρί
1213 533 1226 580 ,·
1261 506 1290 547 ³²
1303 508 1355 573 καὶ

107 594 162 654 τοῦ
175 591 225 654 ἐπὶ
236 588 292 672 τὴν
303 593 368 673 γῆν,
380 590 432 652 καί
443 585 644 672 προςεκύνησε,
662 589 712 650 καί
750 585 828 651 εἶπεν
846 584 1036 672 Ἀβεσσαλὼμ
1060 613 1085 651 π
1109 580 1136 661 ’ς
1157 581 1259 674 Ἰωάβ.
1290 582 1355 655 ίδοδ

107 671 244 755 εὐλόγησε
253 669 306 737 τὸν
316 671 448 758 βασιλέα.
463 673 514 734 καί
522 669 600 735 εἶπεν
610 665 710 756 Ἰιοάβ
750 668 908 735 ἀπέστειλα
932 664 1007 753 πρὸς
1034 667 1067 734 σὲ
1119 674 1194 747 γιον,
1208 664 1259 756 ἧκε
1285 664 1354 748 ὦδε,

108 752 230 841 σήμερον
244 758 318 832 ἔγνω
335 751 353 818 ὁ
372 748 479 829 δοῦλός
496 779 549 818 σου
565 748 613 817 ότι
624 746 712 837 εὗρον
749 754 801 817 καί
822 748 980 818 ἀποστελῶ
1006 777 1036 816 σε
1061 752 1137 838 πρὸς
1160 750 1213 818 τόν
1232 754 1354 840 βασιλέα

106 837 190 924 χάριν
202 841 233 904 ἐν
245 836 415 920 ὀφθαλμοῖς
428 862 484 901 σου
492 833 577 922 κύριέ
584 861 643 916 μου
654 839 712 923 βα-
749 834 853 914 λέγαν,
866 839 915 899 ἵνα
933 840 964 898 τί
981 824 1076 899 ιςλθον
1093 839 1125 900 ἐκ
1137 835 1291 923 Γεδσούρς
1316 834 1354 902 ἀ-

108 924 198 998 σιλεύ,
224 919 272 986 ὅτι
295 924 429 1004 ἐποίησιν
453 915 470 984 ὁ
492 916 592 1004 κύριός
611 915 711 1004 μοαὸ
748 915 849 996 γαθόν
860 944 910 1002 μοι
925 906 960 1000 ἦν
971 861 1043 983 ελναι
1057 920 1122 983 ἐκεῖ.
1159 921 1273 984 καὶνῦν
1286 919 1352 986 ἐδοά

108 1001 241 1092 βασιλεὺς
252 1000 403 1082 τὸνλόγον
414 1007 469 1068 τού
480 1001 592 1069 δούλου
605 1000 709 1069 αὐτοῦ.
749 999 784 1067 τὸ
797 1000 958 1087 πρόςωπον
976 1006 1030 1064 τοῦ
1043 999 1186 1086 βασιλέως
1199 1000 1254 1066 οάκ
1266 996 1352 1068 εἶδον.

107 1091 136 1130 23
148 1090 199 1152 καί
211 1085 318 1171 ἀνέστη
328 1085 430 1173 Ἰωάβ,
441 1089 493 1151 καί
504 1083 640 1170 έπορεύθ
671 1089 711 1159 είς
750 1090 775 1150 εἰ
786 1085 821 1149 δέ
831 1088 911 1150 ἐστιν
923 1088 955 1149 ἐν
972 1085 1039 1166 ἐμοὶ
1054 1082 1168 1159 ἀδικία,
1193 1086 1244 1149 καί
1255 1082 1352 1151 θανά-

108 1171 258 1255 Γεδσούρ,
284 1173 337 1234 καὶ
349 1169 439 1253 ἤγαγε
451 1166 503 1233 τόν
522 1113 711 1256 Ἀβεσσαλιδμ
749 1161 848 1233 τωσόν
858 1193 902 1251 με.
928 1165 957 1208 ³³
970 1168 1021 1230 καί
1033 1166 1163 1268 είςηλθεν
1172 1163 1266 1252 Ἰαιάβ
1277 1169 1354 1253 πρὸς

108 1260 145 1328 εἰς
157 1248 356 1334 Ἰερουσαλήμ.
381 1252 413 1293 ²⁴
426 1254 477 1315 καὶ
494 1248 572 1316 εἶπεν
589 1250 607 1316 ὁ
623 1256 711 1337 βασι·
749 1246 803 1314 τὸν
824 1251 964 1336 βασιλέα,
988 1251 1040 1313 καί
1064 1243 1237 1332 ἀπήγγειλεν
1262 1246 1355 1333 αύτῷ.

110 1332 183 1410 λεός.
202 1329 429 1416 ἀποστραςσὶτω
442 1339 480 1408 εἰς
492 1332 546 1397 τὸν
560 1332 644 1397 οἶκον
656 1331 714 1396 αύ-
749 1334 800 1397 καί
812 1330 927 1400 ἐκάλεσε
939 1332 992 1397 τὸν
1010 1326 1212 1419 Ἀβεσσαλοίμ.
1237 1331 1289 1395 καλ
1301 1334 1356 1407 είς

110 1423 175 1494 τοῦ,
201 1418 251 1479 καλ
267 1413 304 1479 τὸ
316 1410 476 1498 πρόςιοπόν
488 1439 545 1496 μον
559 1411 598 1496 μὴ
610 1414 713 1499 βλεπέ-
751 1414 827 1498 ῆλθε
838 1414 914 1521 πρὸς
926 1415 979 1481 τὸν
1001 1416 1136 1503 βασιλέα,
1150 1414 1202 1479 καὶ
1212 1410 1355 1516 προςεκύ-

110 1526 163 1564 τω.
202 1499 254 1562 καλ
271 1495 454 1580 ἀπέστρεψεν
467 1493 658 1583 Ἀβεσσαλάμ
675 1501 714 1570 είς
752 1520 834 1579 νησεν
846 1502 938 1582 αυτῷ,
951 1500 1001 1563 καί
1013 1502 1114 1566 ἔπεσεν
1131 1499 1181 1562 ἐπὶ
1192 1522 1356 1583 προςονπον

110 1582 165 1647 τὸν
188 1579 271 1654 οἶκον
294 1576 399 1656 αὐτοῦ,
422 1582 473 1644 καί
494 1577 532 1644 τὸ
552 1573 715 1664 πρόςωπον
753 1579 847 1644 αὐτοῦ
861 1581 973 1664 ἐπὶτην
983 1586 1053 1665 γῆν,
1079 1582 1131 1646 καὶ
1146 1578 1225 1646 κατά
1237 1574 1355 1666 πρόςω-

110 1669 168 1729 τοῦ
186 1663 329 1750 βασιλέως
347 1660 402 1728 οὐκ
419 1661 483 1728 εἶδε.
509 1662 539 1705 22
552 1663 603 1726 καί
615 1657 716 1735 ‹59:11-
753 1684 812 1726 πον
823 1667 879 1725 τοῦ
889 1662 1041 1749 βασιλέως.
1066 1666 1118 1730 καλ
1133 1660 1355 1748 κατεφιλησενό

108 1744 267 1834 βεσσαλώμ
286 1743 341 1810 ούκ
358 1734 393 1829 ἦν
412 1744 486 1830 ἀνὴρ
507 1747 538 1808 ἐν
553 1747 644 1809 παντὶ
655 1742 715 1808 Ἰσ-
750 1741 888 1832 βασιλεὺς
901 1740 1157 1831 τὸνἈβεσσαλάμ.

128 1830 187 1913 αηλ
200 1825 313 1903 αἰνετός
326 1825 456 1914 σφόδρα,
470 1827 533 1893 ἀπὸ
546 1828 642 1912 ἴχνους
653 1853 712 1892 πο-
939 1833 973 1893 Κ
983 1831 1063 1892 ΕΦ.
1105 1826 1174 1894 ΙΕ’.

108 1857 160 1989 δός
182 1911 278 1979 αὐτοῦ
299 1913 351 1976 καὶ
373 1917 427 1987 ἕως
455 1916 588 1998 κορυφῆς
616 1908 710 1975 αὐτοῦ
749 1875 835 1976 Καὶ
847 1912 960 1991 ἐγένετο
968 1911 1042 1997 μετά
1051 1916 1149 1977 ταῦτα
1160 1914 1210 1979 καλ
1220 1914 1355 1997 ἐποίησεν

110 1996 164 2064 οὐκ
177 1986 256 2079 ἦνέκ
274 1993 359 2076 αὐτῷ
370 1998 480 2080 μῶμος.
518 1994 710 2074 22καλέντῷ
751 1996 849 2078 ἑαυτῷ
868 1992 1061 2100 Ἀβισσαλάμ
1086 1991 1205 2083 ἅρματα
1226 1998 1279 2061 καλ
1302 2000 1354 2062 ἰ’π.

109 2087 256 2163 κείρεσθαι
275 2075 367 2143 αάτδτ
384 2079 438 2162 τὴν
454 2074 585 2157 κεφαλὴν
603 2075 711 2150 αὐτοῦ,
750 2101 840 2152 παυς,
856 2105 908 2145 και
926 2076 1109 2163 πεντήκοντα
1125 2080 1235 2167 ἀνδρας
1252 2106 1356 2160 παρα-

110 2167 161 2228 καλ
173 2165 283 2240 ἐγένετο
293 2160 344 2227 ἀπ’
359 2159 450 2247 ἀρχῆς
464 2158 580 2245 ἡμερῶν
592 2161 631 2232 είς
643 2154 714 2240 ἢμέ-
751 2161 858 2242 τρέχειν
870 2163 1040 2246 ἔμπροσθεν
1060 2161 1164 2228 αὐτοῦ.
1201 2165 1216 2205 2
1229 2165 1281 2227 καὶ
1293 2160 1355 2247 ἀρ-

109 2273 165 2330 ρας
176 2243 217 2320 ὥς
230 2243 267 2311 ἀν
279 2247 415 2331 ἐκείρετο,
440 2239 487 2310 ότι
499 2234 713 2328 κατεβαρόνετο
751 2238 1063 2388 θρισενἈβεσσαλώμ,
1080 2248 1131 2310 καί
1143 2248 1213 2330 ἐστη
1225 2240 1285 2310 ἀνά
1295 2257 1355 2331 χεῖ-

110 2327 153 2395 ἐπ’
171 2326 275 2403 αύτδν,
288 2323 714 2427 καίριειρόμενοςαάτηνέστη-
752 2319 892 2426 ρατηςὸ
913 2328 949 2387 οῦ
965 2329 1017 2408 τῆς
1035 2321 1139 2410 πύλης.
1178 2329 1230 2392 καί
1242 2331 1355 2406 ἐγένετο

112 2436 144 2477 σε
158 2410 212 2492 την
224 2415 309 2492 τρίχα
326 2435 380 2493 της
391 2409 520 2493 κεφαλῆς
537 2408 635 2473 αὐτοῦ
647 2409 715 2472 δια·
752 2432 812 2481 πας
824 2396 939 2552 ανηχέοῖ
954 2409 1067 2482 ἐγένετο
1079 2414 1180 2494 κρίσις,
1192 2398 1268 2490 ἦλθε
1280 2407 1356 2495 πρὸς

112 2498 231 2564 κοσίους
250 2491 365 2564 σίκλους
383 2495 471 2573 ἐντῷ
487 2494 578 2575 σίκλῳ
595 2495 714 2578 τῷβα-
751 2486 803 2554 τὸτ
815 2493 886 2594 βασι
920 2471 1016 2562 αείςκ
1036 2491 1157 2566 ίσιν,καέ
1169 2486 1270 2574 ἐβόησε
1279 2486 1356 2574 πρός

114 2576 227 2654 σιλικῷ.
253 2573 283 2614 ²⁷
296 2576 347 2636 καί
368 2575 530 2656 ἐτέχθησαν
551 2579 596 2656 τῷ
611 2572 713 2662 Ἀβεσ-
752 2571 846 2638 αὐτον
862 2569 1063 2658 Ἀβεσσαλαιμ,
1088 2575 1139 2637 καὶ
1151 2571 1250 2648 ἔλεγεν
1263 2570 1355 2638 αὐτῶ.

113 2655 220 2738 σαλώμ
238 2666 314 2740 τρεῖς
332 2657 407 2731 υἱοί,
431 2657 483 2718 καλ
499 2653 636 2760 θιχχάτηρ
649 2665 710 2739 μία.
751 2661 783 2720 ἐκ
793 2661 886 2731 ποίας
898 2650 1014 2729 πόλεως
1028 2652 1065 2719 σὺ
1079 2653 1120 2733 εἷς
1146 2656 1198 2720 καί
1214 2647 1302 2720 εἶπεν.
1324 2639 1356 2721 ἐκ

112 2743 164 2806 καί
176 2738 272 2820 όνομα
283 2736 361 2832 αὐτῇ
378 2732 491 2822 Θημάρ.
506 2764 583 2819 αντη
595 2763 631 2820 ην
641 2736 713 2822 γυνη
751 2744 818 2823 μιᾶς
843 2738 947 2820 φυλῶν
968 2734 1089 2824 Ἰσραὴλ
1115 2734 1133 2801 ὁ
1159 2736 1266 2815 δοῦλός
1291 2766 1354 2806 σου.

111 2821 188 2907 καλὴ
207 2818 334 2905 σφόδρα.
360 2823 411 2885 καί
428 2825 538 2900 γίνεται
553 2820 627 2904 γυνη
648 2817 714 2886 Ῥο·
752 2823 830 2887 2ιιαί
842 2822 902 2888 εἷπε
920 2820 996 2906 πρὸς
1017 2819 1109 2886 αάτὸν
1125 2816 1354 2909 δἏβεσσαλοίμ.

110 2907 189 2992 βοάμ
202 2909 258 2987 υίῷ
271 2903 443 2988 Σαλωμιόν,
469 2907 520 2968 καί
531 2909 618 2968 τίκτει
631 2901 716 2987 αὐτῷ
754 2905 819 2970 ἰδού
833 2909 865 2970 σί
875 2905 959 3007 λόχοι
973 2929 1027 2970 σου
1037 2902 1152 2982 ἀγαθοί
1163 2908 1214 2970 καλ
1227 2904 1355 2982 εύκολοι,

109 2989 163 3054 τὸν
179 2982 273 3075 Ἀβιά.
300 2990 330 3032 ²⁸
343 2991 395 3052 καὶ
412 2982 553 3054 ἐκάθισεν
570 2985 715 3092 Ἀβεσσα-
752 2989 803 3051 καὶ
815 2984 833 3053 ὃ
846 2987 964 3055 ἀκσυιον
981 2986 1036 3055 ούκ
1055 2990 1117 3055 ἐστι
1135 3013 1181 3056 σοι
1200 2985 1286 3078 παρά
1298 2992 1355 3058 τοῦ

110 3071 174 3154 λώμ
191 3075 223 3138 ἒν
235 3067 427 3156 Ἰερουσαλὴμ
447 3067 501 3137 δύο
519 3074 571 3155 ἐτη
590 3075 713 3156 ημερῶν,
750 3071 901 3156 βασιλέως.
939 3072 955 3115 ⁴
980 3076 1031 3138 καὶ
1055 3070 1131 3139 εἶπεν
1153 3071 1352 3162 Ἀβεσσαλόμ.

110 3158 160 3219 καί
172 3155 208 3220 τὸ
221 3153 591 3302 πώςωοντούβμσδέας
604 3152 660 3221 οὐκ
672 3153 714 3218 εἷ-
750 3152 795 3229 τίς
805 3179 841 3237 με
853 3151 1029 3237 καταστήσει
1041 3157 1142 3242 κριτὴν
1153 3161 1184 3224 ἐν
1196 3163 1240 3264 τῖχ
1246 3163 1294 3237 γ’,
1302 3161 1353 3226 καὶ

110 3240 147 3302 δε.
196 3240 227 3280 ²⁹
252 3242 302 3302 καί
327 3238 445 3304 ἀπίστει
478 3264 494 3302 ν
524 3235 713 3325 Ἀβισσαλιάμ
750 3236 826 3301 ἐπ’ἐ
850 3235 857 3257 ’
881 3232 1024 3303 ἐλεύσεται
1035 3244 1096 3312 πᾶς
1117 3236 1190 3325 ἀνὴρ
1214 3231 1239 3322 ’ῳ
1259 3187 1352 3324 low}

108 3319 185 3404 πρὸς
206 3318 299 3422 Ἰωάβ
322 3317 497 3384 ἀποστεῖλαι
521 3317 613 3386 αὐτόν
636 3321 713 3408 πρὸς
749 3261 906 3397 ἀπιλόγία
929 3323 980 3385 καὶ
1003 3326 1104 3405 κρίσις,
1129 3325 1180 3386 καὶ
1205 3314 1353 3389 δικαιαίσότ

109 3405 164 3467 τὸν
176 3402 311 3484 βασιλεα,
330 3403 380 3463 καλ
393 3399 447 3463 οὐκ
460 3399 603 3484 ἠθέλησεν
615 3403 712 3469 ἐλθεῖν
749 3399 841 3470 αὐτόν
843 3431 856 3484 ,·
869 3403 935 3467 ‘nah
946 3406 1059 3482 ἐγένετο
1071 3407 1104 3469 ἐν
1115 3407 1159 3487 τῷ
1172 3406 1288 3482 ἐγγίζειν
1301 3405 1354 3469 ἀν-

110 3481 187 3569 πρὸς
200 3476 299 3545 αὐτόν.
323 3483 374 3544 καὶ
386 3479 553 3545 ἀπέστειλεν
569 3488 601 3547 ἐκ
615 3485 713 3550 δευτέ-
748 3489 805 3572 δρα
818 3491 874 3552 τοῦ
891 3492 1086 3590 προςκυνῇσαι
1102 3485 1202 3569 αὐτῷ,
1228 3489 1280 3551 καὶ
1292 3489 1353 3564 ἐξέ·

110 3594 165 3656 ρου
178 3563 255 3645 πρὸς
268 3562 370 3638 αὐτὸν,
383 3565 435 3627 καί
446 3560 501 3628 οάιι
513 3561 641 3647 ἠθελησε
652 3594 713 3631 πα·
750 3596 820 3637 τεινε
832 3569 886 3655 τὴν
897 3581 979 3655 χεῖρα
991 3574 1096 3646 αυτοῦ,
1121 3573 1172 3636 καὶ
1186 3567 1354 3673 ἐπελαμβά·

111 3652 295 3736 ραγενέσθαι.
322 3649 353 3689 ³⁰
366 3648 417 3710 καὶ
435 3644 715 3732 εἷπενἈβεσσαλάμ
751 3676 814 3716 νετο
840 3652 934 3718 αὐτοῦ
959 3652 1011 3718 καί
1035 3653 1226 3760 κατεφίλησεν
1251 3650 1352 3720 αυτόν.

111 3734 187 3820 πρὸς
199 3729 271 3806 τούς
282 3731 393 3806 παῖδας
405 3728 508 3795 αὐτοῦ.
523 3729 593 3795 ἴδετε
606 3725 624 3813 ἢ
637 3734 716 3817 μερίς
752 3734 830 3797 οιιαλ
848 3739 985 3816 ἐποίησεν
1004 3733 1195 3822 Ἀβεσσαλιομ
1217 3736 1296 3805 κατά
1314 3733 1352 3804 Ιτό

112 3820 141 3881 ἐν
156 3815 242 3900 ἀγρῷ
261 3819 319 3879 τοῦ
332 3812 424 3901 Ἰιοάβ
440 3808 560 3898 ἐχόμενά
574 3840 642 3896 μου,
666 3816 716 3879 καί
751 3817 832 3900 ῥῆμα
844 3818 934 3879 τοῦτο
946 3821 1037 3880 παντὶ
1046 3817 1165 3903 Ἰσραὴλ
1176 3833 1239 3898 τοῖς
1251 3849 1353 3910 παρα·

112 3898 196 3983 αύτῷ
210 3903 271 3963 ἐκεῖ
284 3898 403 3983 κριθαὶ,
420 3892 585 3983 πορεύεσθε
598 3900 650 3963 καὶ
663 3902 715 3981 ἐμ·
750 3901 910 3981 γινομένοις
928 3901 967 3972 είς
991 3903 1086 3982 κρίσιν
1102 3896 1178 3986 πρὸς
1198 3902 1252 3972 τόν
1267 3910 1353 3993 βασι·

111 3977 244 4066 πρήσατε
257 3978 350 4065 αὐτην
367 3985 397 4046 ἐν
409 3986 489 4066 πυρί.
528 3983 580 4047 καί
592 3986 714 4067 ἐνέπρη-
750 3982 815 4056 λέα,
835 3983 886 4047 καί
905 3981 1077 4047 ἲδιοποιείτο
1092 3979 1281 4073 Ἀβεσσαλάμ
1299 3986 1352 4076 την

112 4089 168 4131 σαν
182 4069 213 4131 οἱ
225 4065 326 4139 παῖδες
333 4063 524 4150 Ἀβεσσαλώμ
536 4066 590 4148 τὴν
601 4068 712 4151 μερίδα.
750 4067 874 4150 καρδίαν
884 4061 998 4152 ἀνδρῶν
1007 4061 1134 4150 Ἰσραήλ.
1164 4071 1227 4136 7καὶ
1239 4075 1352 4151 ἐγένετο

112 4152 163 4213 καὶ
193 4154 409 4233 παραγίνονται
435 4151 466 4213 οἱ
497 4150 600 4214 δοῦλοι
622 4148 715 4235 Ἰωάβ
750 4149 812 4214 ἀπὸ
831 4149 933 4226 τέλους
951 4145 1170 4236 τεσσαράκοντα
1188 4157 1279 4231 ἐτῶν,
1302 4159 1353 4220 καί

111 4229 187 4316 πρὸς
200 4226 528 4317 αύτὸνδιεῤῥηχότεςτά
543 4229 644 4313 ίμάτια
658 4231 714 4296 αύ-
750 4232 827 4298 εἶπεν
846 4229 1037 4320 Ἀβεσσαλιδμ
1059 4233 1136 4320 πρὸς
1158 4236 1211 4304 τὸν
1233 4241 1352 4324 πατέρα

111 4320 180 4389 τῶν,
194 4317 245 4379 καὶ
257 4314 346 4378 εἶπον.
383 4314 557 4400 ἐνεπύρισαν
568 4321 598 4381 οί
611 4317 714 4381 δοῦλοι
751 4314 854 4382 αὐτοῦ.
879 4315 1061 4422 πορεύσρμαι
1074 4320 1125 4404 δὴ,
1150 4324 1201 4384 καί
1214 4319 1352 4386 ἀποτίσω

107 4396 292 4482 Ἀβεσσαλώμ
314 4398 367 4482 τὴν
382 4400 485 4503 μερίδα
498 4403 529 4463 ἐν
540 4404 618 4483 πυρί.
632 4400 716 4462 31καὶ
750 4397 803 4475 τάς
823 4399 907 4483 εόχάς
922 4429 980 4483 μου
993 4429 1028 4476 ας
1040 4399 1172 4483 ηύξάμην
1191 4406 1234 4482 τῷ
1258 4409 1341 4486 κυρί,

110 4477 329 4567 ἀνέστηἸιοάβ,
342 4486 393 4544 καὶ
405 4483 480 4566 ηλθε
492 4480 715 4569 πρὸςἈβεσσα-
751 4485 781 4545 ἐν
792 4481 935 4625 Χεβρώχξ
941 4480 1008 4546 θὸτι
1023 4483 1108 4564 εύχην
1122 4482 1235 4562 ηύξατο
1249 4480 1266 4544 ὁ
1280 4484 1352 4625 δοχ-

958 4585 976 4625 2
1329 4588 1368 4636 σε,
