2924 4972
446 247 662 310 ΙΟΥΔῙΘ
703 246 976 332 Κεψ.β’.γ’.9.3.
1270 253 1335 320 525

86 355 200 440 τρόπον
212 359 344 442 πολέμου
354 359 473 442 πλῆθος
486 352 689 424 συντάσσεται.
730 343 1335 451 uma-{W

86 442 176 506 12καί
188 443 279 529 ἐλαβε
292 437 452 526 καμήλους,
476 441 528 504 καί
541 438 629 515 ὅνους
641 443 692 504 καὶ
730 441 824 507 αὐτοῦ
835 445 885 508 ἐπί
895 444 963 521 τοῦς
970 445 1241 527 κατοικοῦνταςτήν
1252 474 1333 531 πσρ-

86 521 223 608 ήμιόνους
248 530 287 600 εἰς
311 522 365 607 τήν
399 521 553 607 ἀπαστίαν
579 522 690 599 αὐτῶν,
729 524 835 601 αλίαν,
860 523 931 603 τοῦς
941 528 1031 607 ὄντας
1043 535 1074 596 ἐν
1082 531 1191 596 Σιδῶνι
1203 535 1256 598 καὶ
1271 530 1332 597 Τά-

85 609 203 690 πλήθος
221 607 302 673 πολὺ
321 606 454 689 σηόδρα,
480 607 532 670 καί
549 604 690 692 πρόβατα
729 634 783 690 ρῳ,
796 608 848 672 καί
859 608 930 685 τοῦς
941 619 1153 688 κατοικοῦντας
1164 611 1259 698 Σοῦρ,
1281 616 1333 681 καί

84 693 134 755 καί
145 686 222 777 βόας
231 693 282 755 καί
294 688 380 768 αἶγας
391 694 429 764 είς
438 686 492 772 τήν
501 686 690 773 παρασκευήν
725 689 839 763 Ὀκινά,
853 693 904 755 καὶ
915 689 1029 770 πάντας
1038 694 1109 771 τοῦς
1121 699 1333 773 κατοικοῦντας

83 774 194 848 αὐτῶν,
208 765 250 838 ῶν
261 771 316 839 οῦκ
327 764 362 875 ήν
375 769 513 857 ἀριθμός,
525 773 554 814 ¹⁸
560 775 610 836 καί
622 775 688 837 ἐπι·
723 770 869 874 Ἱεμναάν.
895 776 946 838 καί
965 781 997 840 οί
1013 784 1219 858 κατοικοῦντες
1237 781 1269 844 ἐν
1280 776 1332 846 ’Λ-

84 855 216 941 σιτισμὸν
228 858 318 921 παντί
331 857 417 941 ανδρί
428 857 468 930 εἰς
479 855 613 957 πλήθος,
638 855 688 918 καί
728 859 813 938 ζωτῳ
827 856 877 920 καί
886 853 1051 924 Ἀσκάλωνι
1064 858 1261 948 ἐφοβήθησαν
1273 860 1332 928 οῦ·

100 947 201 1023 ρυσίον
221 941 271 1005 καί
291 935 435 1025 ἀργῦριον
452 940 483 1014 ἐξ
501 963 584 1002 σικου
601 940 687 1037 βασι·
728 937 782 1004 τόν
794 937 921 1024 οςόδρα.

82 966 156 1097 λείος
179 1020 259 1089 πολὺ
286 1021 412 1103 σφόδρα.
448 1022 476 1063 ¹⁹
489 1022 541 1083 καί
566 1019 688 1105 ἐξηλθεν
920 1027 953 1085 Κ
965 1029 995 1086 E
1007 1028 1045 1086 Φ.
1087 1022 1143 1089 Γ’.

83 1102 175 1178 αὐτὸς
192 1108 243 1170 καί
261 1109 345 1169 πάσα
369 1103 517 1184 ’δάναμις
534 1100 630 1166 αῦτσῦ
649 1106 688 1177 είς
727 1070 813 1169 Καὶ
834 1101 1013 1170 ἀπέστειλαν
1035 1104 1111 1192 πρὸς
1129 1102 1223 1172 αιἰτόν
1244 1105 1333 1187 ἀγγέ-

84 1193 207 1268 πορείαν
221 1192 277 1251 τοῦ
288 1133 447 1272 προελθεῖν
459 1184 604 1271 βασιλέως
615 1188 686 1252 Να-
726 1188 797 1260 λους
808 1181 908 1264 λόγοις
920 1191 1081 1271 εἰρηνικοῖς,
1092 1189 1233 1266 λέγοντες.
1246 1191 1332 1257 2ίδσῦ

82 1264 311 1368 βουησδουόσορ,
330 1271 382 1333 καί
407 1263 541 1352 καλῦψαι
568 1272 629 1333 πᾶν
652 1266 688 1333 τό
727 1265 806 1353 ήμεῒς
819 1273 848 1333 σί
861 1272 964 1345 παῖδες
984 1268 1259 1358 Ναβουχοδονόσσρ
1271 1277 1330 1358 βσ-

84 1375 248 1434 προςωπον
272 1355 324 1434 τής
347 1348 488 1437 γήςπρός
513 1351 634 1434 δυσμαῖς
659 1353 690 1414 ἐν
727 1354 832 1426 σιλέως
842 1347 971 1434 μεγάλου
983 1361 1193 1441 παρακείμεθα
1206 1350 1332 1421 ἐνῶπιόν

83 1432 197 1518 ἀρμασι
210 1436 259 1498 καί
274 1437 404 1509 ἱππεῦσι,
417 1436 468 1498 καί
480 1436 578 1510 πεζοῖς
591 1433 689 1498 ἐπιλέ·
727 1462 793 1509 σου,
805 1440 912 1521 χρῆσαι
930 1432 998 1520 ήμίν
1010 1437 1115 1514 καθώς
1132 1434 1259 1524 ἀρεστόν
1270 1443 1331 1505 ἐστι

80 1544 160 1593 κτοις
186 1516 294 1583 αὐτῶν.
321 1520 353 1560 ²⁰
365 1520 417 1583 καὶ
429 1514 523 1591 πολῦς
547 1513 565 1580 ὃ
592 1519 688 1599 ἐπίμι-
726 1523 770 1600 τῴ
782 1515 934 1603 προςῶπῳ
948 1544 1011 1585 σου.
1042 1519 1135 1587 2ἐδσῦ
1148 1519 1331 1599 αίέπσῦλεις

80 1626 149 1676 κτος
163 1597 204 1676 ῶς
217 1599 300 1685 ἀκρίς
313 1601 494 1683 συνεξῆλθον
506 1597 622 1674 αῦτοῒς,
635 1600 687 1666 καὶ
725 1599 816 1686 ήμῶν,
833 1602 885 1666 καί
896 1606 959 1667 πᾶν
970 1605 1074 1671 πεδίον
1085 1609 1197 1692 πυρῶν,
1224 1608 1276 1670 καί
1287 1604 1328 1671 τά

81 1681 152 1769 ὡςή
172 1683 269 1767 άμμσς
281 1689 333 1767 τῆς
348 1687 409 1766 γῆς.
425 1681 461 1748 οῦ
474 1679 534 1808 γάρ
548 1671 584 1766 ήν
594 1682 685 1765 άριθ-
724 1691 848 1767 ποίμνια
860 1687 910 1750 καί
928 1686 967 1751 τὰ
983 1683 1142 1774 βουκόλια,
1168 1690 1220 1754 καί
1231 1694 1329 1755 πᾶσαν

79 1766 134 1849 μῦς
147 1764 210 1832 ἀπὸ
223 1763 361 1850 πλήθους
374 1765 482 1833 αὐτῶν.
536 1766 610 1830 1καί
624 1763 686 1831 ἀπ·
724 1773 757 1834 αἱ
773 1766 902 1855 μάνδραι
921 1775 980 1834 τῶν
999 1775 1111 1855 σκηνῶν
1128 1770 1210 1856 ἡμῶν
1226 1770 1328 1858 παρά·

80 1852 176 1934 ἦλθον
191 1854 224 1915 ἐκ
240 1849 352 1934 Νινευή
374 1848 445 1916 ὁδῦν
464 1853 555 1935 τριῶν
571 1844 686 1934 ἡμερῶν
723 1878 831 1918 κεινται
853 1853 914 1940 πρὸ
940 1852 1101 1940 προςῶπου
1127 1882 1198 1930 σου,
1223 1861 1328 1940 χρῆσαι

80 1937 129 1998 ἐπὶ
142 1932 302 2019 πρόςωπον
311 1934 478 1999 τσῦπεδίου
487 1934 684 2012 Βαικτιλαίθ,
722 1934 792 2001 καθ’
807 1932 826 2001 ὃ
844 1934 880 2001 ἀν
899 1935 1010 2028 ἀρέσκη
1029 1965 1086 2004 σοι.
1114 1937 1212 2004 4ίδοῦ
1231 1945 1283 2005 καί
1294 1942 1328 2005 αἴ

79 2021 130 2081 καί
152 2019 451 2101 ἐπεστρατοπέδευσεν
471 2014 534 2081 ἀπὸ
557 2022 683 2082 Βαικτι-
721 2017 823 2095 πόλεις
846 2014 938 2103 μῶν,
964 2025 1014 2086 καί
1031 2027 1061 2087 οἶ
1077 2026 1282 2098 κατοικοῦντες
1297 2025 1328 2087 ἐν

80 2101 155 2165 λαίθ
166 2101 290 2183 πλησίον
307 2106 362 2167 τοῦ
376 2100 465 2188 ὅρους
482 2104 538 2165 τοῦ
556 2101 600 2164 ἐπ’
617 2102 683 2185 ἀρι-
724 2101 830 2179 αὐτοῖς
842 2048 946 2169 δοῦλοί
957 2131 1009 2170 σου
1022 2109 1101 2171 είσίν.
1115 2104 1216 2171 ἐλθών
1228 2103 1327 2171 ἀπάν-

80 2189 169 2268 στερᾷ
182 2188 234 2267 τῆς
247 2184 309 2249 ἀνω
322 2184 468 2258 Κιλικίας.
507 2186 537 2224 22
551 2184 685 2248 καίέλα-
723 2210 816 2271 τησσν
833 2183 938 2260 αῦταῖς
958 2183 999 2261 ῶς
1016 2190 1095 2254 ἐστιν
1107 2187 1228 2265 ἀγαθὸν
1246 2192 1277 2254 ἐν
1290 2186 1327 2254 ὄ-

78 2272 110 2353 βε
121 2273 224 2332 πᾶσαν
236 2268 291 2369 τήν
304 2263 425 2348 δύναμιν
438 2264 543 2340 αὐτοῦ,
549 2261 619 2340 τοῦς
631 2292 685 2330 πε-
724 2267 879 2350 φθσλμοῖς
896 2294 958 2332 σου.
984 2270 998 2311 ⁶
1012 2274 1063 2334 καὶ
1079 2276 1277 2350 παρεγένοντο
1295 2275 1327 2337 σί

79 2349 145 2428 ζοῦς
159 2353 209 2413 καὶ
222 2375 292 2424 τους
305 2354 417 2422 ἱππεῖς,
444 2348 495 2411 καί
512 2346 551 2410 τὰ
564 2342 685 2429 ἀρματα
724 2349 826 2434 ἀνδρες
837 2347 1112 2454 πρῦςὈλοφὲρνην,
1125 2357 1175 2416 καί
1188 2350 1328 2434 ἀπήγγει·

80 2431 192 2504 αὐτοῦ,
219 2434 270 2495 καί
288 2429 425 2512 ἀπῆλθεν
443 2433 555 2494 ἐκεῖθεν
573 2433 612 2502 είς
631 2427 685 2513 τήν
724 2433 781 2496 λαν
805 2429 889 2514 αὐτῷ
913 2429 990 2496 κατὰ
1017 2457 1056 2497 τα
1079 2430 1198 2516 ῥήματα
1219 2439 1327 2500 ταῦτα.

81 2510 200 2596 ὀρεινήν.
226 2515 255 2554 ²³
269 2516 320 2578 καί
341 2515 459 2594 διέκοψε
477 2509 512 2575 τό
535 2509 623 2575 (ίὶοῦδ
635 2514 685 2577 καὶ
724 2515 802 2578 6καί
812 2517 922 2599 κατέβη
941 2516 990 2578 ἐπὶ
1007 2511 1061 2598 τήν
1073 2516 1225 2599 παραλίαν
1237 2513 1328 2593 αῦτῦς

78 2593 183 2671 Λοῦδ,
201 2598 252 2659 καί
270 2592 489 2680 ἐπρονόμευσαν
507 2590 623 2669 πάντας
641 2600 685 2659 υί-
724 2592 806 2681 καίή
825 2592 946 2680 δῦυαμις
964 2594 1075 2670 αὐτοῦ,
1102 2601 1153 2662 καὶ
1165 2594 1328 2682 ἐφρούρησε

80 2680 133 2756 οῦς
154 2678 274 2754 Ῥασοὶς
299 2683 350 2744 καί
376 2676 587 2760 υίσῦςἿσμαήλ
614 2676 685 2754 τοῦς
724 2680 779 2755 τάς
791 2677 890 2754 πόλεις
901 2679 954 2754 τάς
969 2675 1094 2762 ῦψηλάς.
1120 2684 1171 2744 καί
1183 2682 1329 2768 ε’λαβενέξ

78 2762 157 2829 κατά
169 2760 330 2849 πρόςωπον
343 2766 395 2845 τῆς
410 2758 519 2845 ἐρήμου
532 2759 686 2845 πρὸςΝό-
725 2763 826 2829 αὐτῶν
850 2768 889 2837 είς
915 2768 1079 2848 συμμαχίαν
1091 2762 1202 2848 ἀνδρας
1227 2764 1324 2829 ἐπιλέ·

78 2873 132 2912 τον
156 2853 210 2949 τής
235 2846 400 2911 Χελλαίων.
429 2846 459 2887 24
473 2847 523 2909 καί
546 2846 685 2929 παρῆλθε
724 2873 821 2923 κτους,
860 2849 937 2912 7καὶ
956 2849 1092 2924 ἐδέξαντο
1116 2848 1211 2913 αὐτὸν
1227 2847 1326 2921 αῦτοί,

77 2931 133 2996 τὸν
147 2926 320 3015 Ευφράτην,
333 2934 383 2995 καί
396 2929 499 3013 διῆλθε
512 2928 565 3011 τήν
578 2935 686 2993 Μεσσ-
724 2932 776 2995 καί
797 2935 882 2996 πάσα
903 2927 920 3013 ἢ
942 2937 1107 3016 περίχωρος
1131 2929 1232 2997 αὐτῶν
1248 2932 1328 3034 μετά

77 3021 238 3096 ποταμίαν,
265 3017 315 3079 καί
341 3015 481 3094 διέσκαψε
505 3007 605 3088 πάσας
631 3009 685 3087 τάς
726 3010 875 3095 στεφάνων
897 3016 949 3080 καί
970 3019 1068 3100 χορῶν
1085 3018 1135 3080 καί
1157 3038 1327 3121 τυμπάνων.

77 3096 176 3174 πόλεις
189 3094 243 3172 τάς
267 3095 385 3180 ὖψηλάς
408 3093 461 3170 τὰς
483 3098 533 3160 ἐπὶ
554 3100 611 3161 τοῦ
627 3121 685 3180 χει·
725 3100 805 3163 θκαί
821 3101 993 3181 κατέσκαψε
1010 3092 1111 3164 πάντα
1128 3098 1167 3164 τά
1185 3098 1255 3185 όρια
1271 3096 1328 3163 αῦ-

77 3177 192 3265 μάρῥου
207 3180 344 3267 Ἀβρωνά
368 3186 422 3255 έως
443 3184 497 3243 τοῦ
521 3179 619 3244 ἐλθεῖν
635 3180 684 3244 ἐπί
725 3187 794 3257 τῶν,
808 3186 858 3247 καὶ
871 3178 909 3246 τά
923 3182 1001 3266 ἀλση
1014 3180 1113 3247 αὐτῶν
1127 3186 1257 3264 ἐξέκοψε.
1277 3183 1329 3248 καί

79 3263 245 3330 θάλασσαν.
273 3266 301 3307 ²⁵
311 3266 362 3329 καὶ
375 3259 550 3348 κατελάβετο
562 3262 601 3327 τά
616 3259 684 3349 ὅρια
725 3256 760 3347 ἦν
795 3267 967 3347 δεδογμένον
996 3263 1080 3346 αὐτῷ
1117 3268 1329 3350 ἐξολοθρεῦσαι

78 3353 131 3430 τῆς
154 3349 300 3421 Κιλικίας,
326 3350 377 3412 καί
398 3349 546 3428 κατέκοψε
569 3342 684 3432 πάντας
723 3344 841 3423 πάντας
853 3347 922 3422 τοῦς
934 3347 1025 3422 θεοὺς
1037 3353 1088 3428 τῆς
1100 3354 1164 3430 γῆς,
1177 3345 1260 3422 ὅπως
1273 3345 1329 3411 αῦ-

80 3431 152 3506 τσῦς
179 3426 372 3503 ἀντιστάντας
398 3428 490 3510 αὐτῷ.
518 3435 569 3492 καὶ
594 3429 684 3511 ἦλθεν
724 3436 768 3514 τῴ
777 3430 859 3512 μόνῳ
869 3436 912 3513 τῷ
923 3427 1197 3514 Ναβουχοδονόσορ
1209 3427 1329 3513 λατρεῦ·

81 3520 137 3589 ἕως
150 3509 240 3596 ὁρίων
248 3508 367 3591 Ἰάψεθ,
379 3507 419 3574 τά
430 3506 617 3593 πρὸςΝότον
629 3537 681 3574 κα·
725 3539 800 3577 σωσι
820 3509 920 3576 πάντα
942 3510 980 3576 τόι
1003 3514 1087 3593 ἔθνη,
1104 3514 1156 3574 καί
1176 3516 1274 3576 πᾶσαι
1297 3517 1330 3576 αἶ

80 3596 121 3661 τά
134 3590 294 3680 πρόςωπον
301 3593 507 3678 τήςἈραβίας.
522 3593 552 3633 ²⁶
559 3590 609 3654 καὶ
622 3590 685 3657 ἐκῦ·
724 3593 859 3671 γλῶσσαι
877 3596 929 3658 καὶ
944 3597 1041 3658 πᾶσαι
1067 3596 1100 3656 αἱ
1118 3593 1210 3674 φυλαί
1230 3591 1330 3659 αὐτῶν

81 3681 174 3745 κλωσε
186 3674 301 3752 πάντας
314 3673 386 3752 τοῦς
399 3673 481 3749 υίοῦς
494 3673 686 3750 Μαδιῦν,καὶ
726 3677 957 3742 ἐπικαλέσωνται
971 3673 1064 3741 αῦτὸν
1077 3680 1116 3751 εἰς
1128 3672 1210 3740 θεόν.
1248 3678 1330 3744 9καί

81 3768 220 3850 ἐνέπρησε
243 3760 282 3825 τά
306 3755 484 3843 σκηνώματα
501 3755 610 3832 αῦτῶν,
636 3761 685 3823 καὶ
727 3748 802 3843 ήλθε
815 3758 894 3824 κατὰ
904 3757 1241 3844 πρόςωπονἘοδρηλῶν
1252 3761 1330 3844 πλη-

82 3844 278 3932 ἐπρονόμευσε
316 3843 370 3918 τάς
408 3837 538 3927 μάνδρας
575 3839 684 3906 αὐτῶν.
727 3849 793 3908 σίον
807 3848 1027 3926 τήςΔιοταίας,
1053 3840 1169 3926 ήέοτιν
1186 3842 1330 3910 ἀπέναντι

81 3933 110 3973 22
124 3933 175 3994 καί
187 3934 295 4016 κατέβη
313 3933 351 4002 εἰς
367 3929 467 3991 πεδίον
481 3929 644 4007 Δαμασκοῦ
656 3930 686 3991 ἐν
726 3931 780 3991 τοῦ
793 3934 918 4008 πρίονος
932 3930 989 3993 τοῦ
1000 3923 1128 4009 μεγάλου
1141 3928 1330 4011 τήςἸσυδαί-

80 4010 200 4098 ήμέραις
212 4017 353 4098 θερισμοῦ
366 4014 477 4095 πυρῶν,
488 4013 538 4075 καὶ
550 4012 686 4094 ἐνέπρησε
726 4037 777 4087 ας,
803 4015 832 4055 ¹⁰
846 4013 897 4076 καὶ
919 4013 1237 4096 κατεστρατοπέδευσεν
1255 4010 1330 4077 ἀνα-

81 4094 198 4172 πάντας
220 4097 290 4171 τοὺς
313 4094 424 4181 ἀγροὺς
447 4092 557 4158 αὐτῶν.
584 4095 684 4158 καίτά
725 4098 814 4176 μέσον
839 4096 953 4181 Γαιβαί
978 4097 1030 4158 καὶ
1051 4101 1183 4160 Σκυθῶν
1204 4093 1330 4169 πόλεως,

81 4188 205 4264 ποίμνια
226 4182 276 4244 καὶ
297 4177 336 4244 τά
358 4173 503 4264 βουκόλια
521 4179 626 4242 ἔδωκεν
647 4183 685 4252 εἰς
726 4184 775 4244 καί
789 4167 825 4262 ήν
838 4183 898 4244 ἐκεῖ
907 4183 985 4263 μήνα
998 4173 1112 4264 ἡμερῶν
1124 4184 1163 4254 είς
1176 4177 1212 4243 τὸ
1227 4178 1330 4244 συλλέ-

83 4261 264 4346 ἀφανισμόν,
290 4266 341 4327 καί
358 4261 413 4337 τάς
429 4257 527 4335 πόλεις
541 4260 641 4326 αὐτῶν
654 4264 684 4324 ε’·
725 4264 772 4336 ξαι
784 4267 887 4329 πᾶσαν
900 4259 953 4346 τήν
962 4261 1112 4349 άπαρτίαν
1123 4268 1173 4347 τής
1185 4258 1330 4344 δυνάμεως

83 4346 231 4420 σκῦλευσε,
249 4350 299 4410 καὶ
312 4344 351 4410 τὰ
364 4344 450 4409 πεδία
463 4343 565 4409 αὐτῶν
578 4343 687 4420 ἐξελίκ·
727 4342 830 4409 αῦτσῦ.

81 4457 161 4516 μησε,
180 4432 230 4495 καί
243 4425 371 4505 ἐπάταξε
383 4423 497 4501 πάντας
509 4424 580 4501 τοῦς
593 4432 686 4490 νεανί·
914 4436 948 4493 Κ
961 4437 991 4493 E
1002 4435 1039 4492 Φ.
1083 4424 1134 4492 Δ’.

83 4541 173 4592 W?
198 4511 299 4578 αὐτῶν
321 4516 352 4577 ἓν
375 4506 500 4595 στόματι
526 4513 684 4596 ῥομφαίας.
726 4479 809 4576 Καὶ
823 4510 954 4592 ἥκουσαν
968 4517 998 4575 οἱ
1009 4513 1069 4576 υίσί
1079 4504 1201 4594 Ἰσραήλ
1214 4511 1245 4570 σί
1256 4530 1330 4603 κατ-

1224 4609 1350 4648 omm-
