2924 4972
442 207 692 268 ΨΛΑΜΟΙ
737 203 845 284 μνη-ν’.
865 203 986 272 48-50.
1230 211 1350 310 -595

107 324 158 387 καί
180 325 337 386 ἐκοπίασεν
360 325 398 395 εἰς
420 317 471 383 τὸν
489 323 595 393 αἰῶνα,
618 318 648 359 ¹⁰
661 318 712 381 καὶ
745 314 833 399 σῦνην
858 315 962 395 αῦτοῦ,
987 317 1123 394 ὅτιθεὸς
1145 322 1245 404 κριτής
1261 323 1350 387 ἐστιν.

107 402 225 487 ζήσεται
249 408 287 477 εἰς
314 404 406 476 τελος.
444 398 492 465 ὅτι
518 399 576 465 οῦκ
602 396 711 481 ὄψεται
744 394 913 480 διάφαλμο.
948 400 1104 468 1ἀιιουοοκ
1124 397 1199 481 λαός

108 484 322 571 καταφθοράν,
346 490 370 528 11
385 480 459 549 ὅταν
477 483 525 568 ἴδη
545 481 657 563 σοφοὺς
674 479 712 545 ἀ·
744 476 869 564 λαλήσω
882 508 938 559 σοι,
947 480 1069 569 Ἰσραήλ
1087 487 1139 550 καὶ
1150 487 1201 552 δια

109 566 347 652 ποθνήσκοντας,
371 566 532 631 ε’πιτοαυτὸ
546 564 649 649 ἀφρων
661 565 712 629 καί
743 570 799 647 μαί
810 589 867 638 σοι,
893 561 912 629 ὁ
929 565 1002 640 θεὸς
1019 566 1037 632 ὁ
1055 565 1128 644 θεός
1145 593 1198 635 σου
1216 569 1272 650 εἰμί
1296 562 1350 647 γά.

109 653 197 727 ἀνουςΙ
210 651 403 717 ἀπολοῦνται.
417 651 467 713 καί
480 648 713 731 καταλείψουσιν
745 643 829 710 8οῦκ
842 648 893 712 ἐπὶ
904 658 970 722 ταῖς
986 657 1103 727 θυσίαις
1119 677 1172 717 σου
1190 650 1296 728 ἐλέγξω
1309 676 1351 724 σε,

109 736 276 816 ἀλλοτρίοις
290 734 343 798 τὸν
354 732 486 797 πλοῦτον
500 730 611 806 αὐτῶν,
629 731 714 794 11καί
745 727 785 794 τά
798 727 830 793 δὲ
844 725 1082 813 ὁλοκαυτῶματά
1094 759 1150 799 σου
1163 729 1351 815 ἐνῶπιόνμου

110 824 141 884 οἰ
155 812 246 898 τάφοι
259 814 361 881 αὐτῶν
378 818 469 880 οἰκίαι
486 812 588 879 αὐτῶν
605 817 644 887 εἰς
660 812 714 877 τὸν
746 813 812 877 ἐστὶ
824 811 873 877 διά
886 808 1009 887 παντός.
1036 815 1052 856 ⁹
1066 813 1103 878 οῦ
1116 816 1235 901 δέξομαι
1248 818 1280 882 ἔκ
1294 818 1352 881 τοῦ

111 907 218 974 αἰῶνα,
245 894 423 982 σκηνώματα
441 897 541 962 αὐτῶν
560 900 598 970 εἰς
615 891 714 972 γενεάν
747 895 833 958 οἴκου
847 920 901 960 σου
913 889 1049 978 μόσχους,
1080 893 1150 961 οῦδὲ
1163 903 1194 963 ἐκ
1205 905 1267 965 τῶν
1281 923 1351 963 ποι·

111 987 164 1050 καί
175 982 283 1059 γενεάν,
296 978 512 1045 ἐπεκαλέσαντο
526 978 565 1043 τά
579 974 714 1060 ὀνόματα
746 981 839 1059 μνίων
858 1002 915 1043 σου
931 973 1081 1062 χιμάρους.
1107 981 1136 1022 ¹⁰
1149 975 1195 1043 δ’τι
1214 977 1269 1062 ἐμά
1288 984 1352 1046 ἐστι

112 1065 212 1130 αὐτῶν
231 1065 282 1128 ἐπὶ
299 1068 359 1127 τῶν
374 1066 468 1140 γαιῶν
484 1058 595 1125 αὐτῶν.
625 1061 716 1125 13καί
747 1055 850 1124 πάντα
868 1058 907 1124 τά
924 1066 1020 1145 θηρία
1037 1063 1096 1125 τοῦ
1115 1061 1238 1147 δρυμοῦ,
1263 1057 1353 1147 κτήνη

113 1146 275 1230 ἀνθρωπος
288 1148 399 1235 ἐντιμῇ
412 1141 455 1207 ῶν
468 1143 505 1208 οῦ
519 1147 631 1227 συνήκε,
654 1169 715 1207 πα·
748 1145 779 1206 ἐν
804 1152 867 1217 τοῖς
893 1141 981 1226 ὄρεσι,
1006 1145 1057 1208 καί
1081 1139 1157 1229 βόες.
1194 1146 1219 1184 11
1237 1147 1353 1220 ἔγνωκα

113 1223 321 1327 ρασυνεβλήθη
339 1238 402 1300 τοῖς
419 1221 529 1308 κτήνεσι
547 1236 608 1301 τοῖς
624 1220 717 1308 ἀνοή-
747 1218 848 1289 πάντα
866 1226 905 1289 τά
924 1224 1041 1291 πετεινά
1059 1230 1115 1291 τοῦ
1133 1222 1169 1290 οῦ
1189 1230 1279 1301 ανοῦ,
1304 1223 1355 1289 καί

113 1336 186 1385 τοις,
199 1311 249 1374 καί
259 1307 403 1410 ωμοιῶθη
416 1305 527 1382 αὐτοῖς.
563 1308 592 1350 ¹⁴
605 1303 683 1391 αῦτη
696 1303 715 1390 ἢ
749 1301 894 1392 ῶραιότης
906 1307 1001 1393 ἀγροῦ
1013 1306 1072 1392 μετ’
1087 1311 1159 1391 ἐμοῦ
1170 1251 1259 1373 ἐστιν.
1271 1304 1356 1372 12ἰάν

115 1392 187 1467 ὁδὸς
212 1388 312 1455 αὐτῶν
336 1388 502 1456 σκανδαλον
528 1387 640 1466 αὐτοῖς,
666 1392 716 1453 καί
749 1384 1036 1474 πεινάσω,οῦμήσοι
1048 1388 1192 1475 εἰπω,ἐμή
1205 1387 1262 1474 γάρ
1274 1392 1356 1455 ἐστιν

113 1473 187 1558 μετὰ
201 1477 298 1538 ταῦτα
310 1476 342 1538 ἰν
355 1478 398 1556 τῷ
418 1468 541 1555 στόματι
554 1469 656 1536 αὐτῶν
669 1470 717 1535 εῦ-
750 1467 937 1556 ήοίκουμένη
954 1477 1005 1537 καί
1025 1473 1062 1539 τὸ
1084 1469 1233 1559 πλήρωμα
1250 1469 1354 1555 αὐτῆς.

113 1554 298 1640 λογήσουοιν.
330 1550 497 1639 διάφαλμα.
528 1556 555 1598 11
579 1552 619 1629 ῶς
640 1549 716 1640 πρό-
749 1554 777 1595 ¹³
790 1552 830 1655 μή
851 1550 985 1637 φάγομαι
1001 1559 1074 1640 κρέα
1089 1551 1225 1642 ταιίρων,
1244 1554 1263 1638 ἢ
1281 1553 1355 1636 αίμοι

112 1646 194 1728 βατα
207 1641 236 1703 ἐν
248 1635 305 1721 δίδη
318 1641 436 1712 ἔθεντο,
458 1633 594 1712 θάνατος
605 1662 716 1718 ποιμα·
750 1660 870 1720 τραγων
895 1643 1018 1718 πίομαι,
1052 1637 1196 1702 11θῦσον
1220 1642 1264 1720 τῷ
1290 1640 1355 1721 θερῖ

113 1736 156 1790 νεῖ
168 1700 294 1796 αῦτοῦς.’
309 1723 359 1787 καί
372 1717 647 1805 κατακυριεῦσουσιν
659 1716 716 1782 αῦ-
749 1722 859 1782 θυσίαν
872 1723 1019 1796 αἰνέσεως,
1032 1721 1084 1784 καί
1096 1716 1210 1795 ἀπόδος
1222 1723 1266 1802 τῶ
1281 1714 1355 1802 ῦψί-

113 1812 173 1873 τῶν
186 1810 216 1871 οἰ
229 1804 324 1880 εῦθεΐς
340 1804 471 1890 τοπρωῒ,
496 1805 547 1866 καί
559 1801 576 1883 ή
588 1806 627 1888 βο
636 1797 716 1865 ’θεια
750 1824 812 1882 οτῳ
826 1798 879 1875 τάς
891 1797 978 1885 εάχάς
991 1827 1053 1867 σου.
1079 1803 1106 1845 11
1120 1805 1170 1867 καί
1182 1796 1356 1868 ἐπικάλεσαί

112 1887 213 1955 αὐτῶν
228 1883 474 1970 παλαιωθήσιται
496 1888 527 1949 ἒν
545 1889 589 1968 τῷ
606 1828 664 1986 ήδη
683 1887 715 1948 ἐκ
748 1906 782 1964 με
800 1886 831 1947 ἐν
849 1878 906 1965 ήμέ
923 1911 944 1987 ορ
961 1883 1112 1967 θλίψεως,
1132 1886 1182 1949 καί
1200 1883 1356 1966 ίξελοῦμαί

113 1977 166 2057 τής
178 1969 263 2055 δόξης
275 1968 383 2036 αὐτῶν.
409 1969 438 2010 ¹⁰
454 1968 533 2053 πλήν
546 1964 564 2031 ὁ
575 1977 648 2040 θεος
661 1965 714 2030 λυ-
749 1990 790 2039 σε,
804 1966 855 2028 καί
867 1909 998 2043 δοξασεις
1015 1992 1057 2049 με.
1084 1963 1249 2051 διόψαλμοι.
1274 1969 1354 2073 16τοξ

113 2051 260 2138 τρῶσεται
272 2050 324 2136 τήν
341 2048 437 2135 ψυχήν
454 2076 513 2134 μου
527 2054 559 2115 ἐκ
571 2046 664 2135 χειρὸς
677 2043 716 2131 ιζ’·
748 2046 779 2111 δέ
795 2043 966 2136 ἁμαρτωλῷ
982 2048 1059 2115 εἶπεν
1082 2048 1100 2116 ὁ
1118 2051 1201 2127 θεὸς,
1218 2057 1299 2119 ἰνατί
1316 2079 1354 2119 συ

115 2139 182 2211 δου,
208 2133 281 2201 ὅταν
308 2132 443 2235 λαμβάνῃ
466 2159 510 2217 με.
549 2132 714 2237 διάραλιια.
748 2130 796 2213 διη
820 2134 834 2146 ”
857 2129 896 2195 τά
917 2129 1101 2216 δικαιώματά
1121 2161 1188 2218 μου,
1210 2137 1260 2200 καί
1279 2133 1354 2201 ἀνα-

115 2223 141 2262 ¹⁷
152 2217 190 2302 μή
213 2223 310 2324 φοβοῦ
328 2217 402 2281 ὅταν
419 2211 575 2310 πλουτήση
593 2217 716 2299 ἀνθρω-
749 2212 809 2295 λαμ
830 2225 903 2292 ἀνεις
914 2214 968 2300 τήν
986 2211 1134 2318 διαθήκην
1150 2244 1206 2299 μου
1220 2217 1269 2283 διά
1284 2214 1353 2283 στό-

115 2328 186 2376 πος,
212 2328 261 2366 και
277 2295 350 2364 ὅταν
361 2297 556 2390 πληθυνθήή
574 2295 648 2374 δόξα
663 2300 716 2360 τοῦ
748 2295 843 2379 ματός
855 2324 910 2363 σου
916 2327 929 2377 ,·
955 2299 1030 2367 11σῦ
1044 2300 1076 2364 δε
1088 2304 1227 2383 ἐμίσησας
1239 2301 1354 2365 παιδεί-

115 2386 198 2448 οίκου
216 2382 320 2446 αὐτοῦ.
345 2376 435 2444 1ῧὸτι
457 2377 511 2443 οῦκ
528 2385 559 2445 ἐν
581 2385 624 2462 τῷ
641 2377 716 2444 ἀπο·
750 2403 797 2453 αν,
822 2382 873 2444 καί
890 2383 1021 2469 ἐξέβαλες
1037 2381 1110 2458 τοῦς
1127 2379 1234 2460 λόγους
1246 2409 1303 2464 μου
1315 2387 1354 2460 εἰς

114 2461 251 2546 θνήσκειν
276 2460 370 2526 αὐτὸν
388 2458 517 2545 λήψεται
541 2460 581 2526 τά
605 2458 716 2538 πάντα,
748 2458 789 2527 τά
812 2459 921 2529 ἀπίσω.
959 2467 988 2508 ¹⁸
1005 2470 1031 2531 εἰ
1054 2463 1189 2552 ἐθεῶρεις
1214 2466 1353 2550 κλέπτην,

116 2546 188 2611 οὐδὲ
218 2542 469 2631 συγκαταβήσεται
498 2543 583 2628 αὐτῷ
607 2541 623 2628 ή
643 2541 716 2620 δόξα
749 2549 911 2630 συνέτρεηες
924 2545 1019 2632 αῦτῷ,
1032 2549 1287 2654 καίμετάμοιηῶν
1300 2547 1354 2634 τήν

115 2629 222 2695 αὐτοῦ.
250 2622 339 2692 193τι
363 2624 381 2712 t}
406 2626 487 2729 ψιηή
511 2625 604 2693 αὐτοῦ
626 2630 656 2691 ἐν
678 2630 717 2722 τῇ
748 2628 853 2711 μερίδα
870 2655 926 2694 σου
942 2633 1057 2708 ἐτίθεις.
1085 2633 1113 2674 ¹⁰
1127 2631 1162 2697 τὸ
1183 2657 1279 2714 στομα
1298 2658 1353 2698 σου

113 2716 174 2804 ζωή
191 2708 286 2776 αῦτοῦ
303 2709 552 2794 εῦλογηθησεται,
575 2710 716 2794 ἐξομολο·
749 2706 906 2776 ἐπλεόνασε
918 2720 1039 2791 κακίαν,
1063 2713 1144 2798 καλή
1158 2711 1282 2792 γλῶσσά
1296 2739 1352 2779 σου

112 2792 235 2878 γήσεταί
260 2819 308 2860 σοι
338 2789 413 2859 ὅταν
442 2791 598 2888 ἀγαθῦνης
623 2790 715 2877 αῦτηῖ.
748 2794 914 2881 περιέπλεκε
938 2792 1105 2882 δολιότητα.
1141 2800 1173 2842 ²⁰
1186 2792 1353 2880 καθήμενος

113 2882 143 2922 ²⁰
169 2872 351 2952 εἰςελεῦσεται
376 2881 432 2952 ἕως
460 2881 555 2955 γενεάς
579 2880 716 2962 πατέρων
748 2874 826 2942 κατά
838 2884 894 2943 τοῦ
906 2877 1038 2962 ἀδελφοῦ
1050 2907 1104 2946 σου
1118 2879 1352 2957 κατελάλεις,καί

113 2960 218 3037 αὑτοῦ,
244 2967 299 3036 ἕως
318 2965 425 3037 αἰῶνος
442 2958 498 3025 οῦκ
517 2959 623 3044 ὄψεται
641 2965 713 3042 φῶς.
748 2960 826 3024 κατά
842 2967 895 3026 τοῦ
909 2968 979 3028 υἰοῦ
992 2968 1045 3047 τῆς
1055 2959 1165 3049 μητρός
1178 2990 1232 3030 σου
1245 2967 1352 3040 ἐτίθεις

111 3047 138 3087 ²¹
153 3044 315 3131 ἀνθρωπος
332 3047 363 3109 ἓν
384 3047 454 3135 τιμῇ
477 3041 521 3108 ῶν
543 3042 579 3109 οῦ
599 3048 714 3128 συνῆκε,
748 3038 921 3109 σκάνδαλον.
959 3049 987 3088 ²¹
1000 3053 1097 3112 ταῦτα
1120 3051 1276 3131 ἐποίησας,
1300 3050 1353 3113 καί

111 3122 357 3214 παρασυνεβλήθη
379 3137 444 3202 τοῖς
462 3122 578 3230 κτήνεσι
595 3138 657 3202 τοῖς
676 3125 714 3191 ἀ·
747 3129 881 3210 ἐσίγησα,
908 3127 1048 3216 ῦπελαβες
1061 3128 1196 3214 ἀνομίαν,
1222 3126 1270 3196 ὅτι
1282 3132 1351 3195 ἐσο-

110 3205 238 3294 νοήτοις,
251 3213 303 3276 καί
317 3209 463 3294 ὡμοιώθη
476 3223 587 3285 αυτοῖς.
745 3216 801 3290 μαί
811 3236 858 3276 σοι
871 3207 979 3295 ῦμοιος.
1009 3213 1116 3291 ἐλέγξω
1129 3240 1159 3279 σε
1163 3262 1173 3290 ,
1187 3215 1238 3278 καί
1249 3239 1351 3297 παρα-

362 3292 459 3358 ΜΘ’.
747 3290 847 3376 στήσω
860 3294 940 3360 κατά
952 3291 1114 3380 πρόςωπόν
1127 3323 1190 3363 σου.
1216 3293 1351 3361 22σῦνετε

260 3374 385 3457 Ψολμὸς
398 3380 443 3459 τῷ
457 3373 563 3455 Ἀσάφ.
707 3389 709 3392 ’
746 3375 782 3458 δή
797 3381 895 3441 ταῦτα
909 3381 941 3443 οἰ
953 3374 1216 3460 ἐπιλανθανόμενοι
1228 3382 1282 3440 τοῦ
1294 3387 1350 3442 θε-

112 3418 208 3531 Θεὸς
220 3463 299 3521 θεῶν
319 3455 416 3543 κῦριος
436 3455 569 3541 ἐλάλησε,
580 3461 632 3522 καί
644 3456 713 3520 ἐκά-
745 3462 792 3531 οῦ,
804 3454 918 3540 μήποτε
936 3455 1073 3549 ἀρπάση,
1098 3462 1149 3522 καί
1161 3458 1201 3541 μή
1219 3447 1263 3521 ³5
1277 3452 1351 3542 ῥυό-

108 3539 174 3603 λεσε
198 3540 252 3621 τήν
287 3544 342 3623 γήν
366 3538 427 3604 ἀπὸ
451 3539 605 3605 ἀνατολῶν
629 3537 713 3622 ήλίου
744 3562 837 3619 μενος.
864 3541 893 3581 ²³
906 3547 1003 3605 θυσία
1024 3542 1156 3613 αἰνέσεως
1175 3483 1290 3615 δοξάσει
1304 3564 1348 3620 με,

107 3625 192 3707 μέχρι
205 3621 331 3702 δυσμῶν,
357 3624 416 3686 1ἐκ
429 3622 510 3688 Σιῶν
524 3620 541 3707 ή
556 3623 713 3706 εῦπρίπεια
746 3623 796 3684 καί
809 3622 868 3683 ἐκεῖ
876 3618 945 3698 ὁδὸς
962 3614 983 3717 ᾗ
996 3623 1081 3700 δείξω
1097 3621 1182 3704 αῦτῴ
1201 3619 1236 3686 τὸ
1250 3617 1349 3706 σωτή-

108 3709 162 3788 τής
179 3701 365 3788 ῶραιότητος
377 3703 479 3770 αὐτοῦ.
504 3709 518 3748 ³
536 3702 638 3779 ὁθεὸς
662 3708 712 3786 ἒμ-
746 3727 810 3789 ριον
827 3708 910 3768 θεοῦ.

109 3792 211 3870 φανῶς
224 3782 292 3872 ήξει,
304 3784 321 3850 ὃ
331 3784 402 3861 θεὸς
412 3785 553 3870 ήμῶνμαί
561 3787 598 3854 οῦ
612 3812 714 3872 παρα·
1020 3793 1059 3853 Ν
1059 3783 1078 3851 ’.

110 3866 300 3954 σιωπήσεται.
314 3874 374 3954 πῦρ
387 3872 518 3936 ἐναντίον
531 3870 629 3936 αὐτοῦ
640 3897 713 3935 καυ-
746 3873 799 3944 Εἰς
812 3867 847 3933 τὸ
861 3871 946 3947 τέλος
965 3870 1085 3954 ψαλμὸς
1104 3877 1146 3935 τῶ
1161 3872 1266 3949 Δαυίδ,
1293 3875 1306 3913 ²
1319 3874 1349 3935 ἐν

108 3950 243 4037 θήσεται,
269 3955 319 4017 καί
341 3949 453 4100 κόκλκρέ
464 3950 558 4019 αῦτοῦ
579 3957 713 4032 καταιγίς
770 3957 816 4036 τῶ
827 3953 926 4018 ἐλθεῖν
941 3955 1018 4041 πρὸς
1034 3951 1127 4020 αῦτὸν
1140 3951 1257 4020 Νάθαν
1271 3955 1325 4019 τὸν

110 4036 238 4142 σφόδρα.
272 4038 416 4122 4προςκα
450 4060 529 4100 σεται
547 4036 600 4103 τὸν
617 4038 712 4123 οῦρα-
798 4033 971 4122 προφήτην,
992 4035 1076 4122 ήνίκα
1093 4038 1206 4122 εἰςήλθε
1219 4039 1296 4125 πρὸς

109 4118 161 4184 νόν
189 4120 253 4185 ἀνω
278 4123 330 4186 καί
348 4120 402 4204 τήν
419 4122 473 4203 γῆν
496 4119 639 4223 διακρῖναι
659 4119 712 4186 τὸν
800 4125 813 4152 ⁰
962 4123 1130 4225 Βηρσαβεέ.

62 4219 66 4228 “
108 4201 184 4268 λαὸν
196 4202 300 4268 αὐτοῦ.
327 4205 340 4247 ⁵
354 4198 526 4281 συναγάγετε
544 4207 629 4287 αυτῷ
642 4202 713 4278 τοῦς
745 4171 932 4288 3Ελέησόν
947 4229 981 4286 με
999 4231 1017 4270 ο
1035 4200 1108 4278 θεός
1125 4203 1204 4270 κατά
1221 4204 1258 4268 τὸ
1271 4206 1348 4287 μέγα

107 4283 210 4360 ὁσίους
223 4284 327 4361 αὐτοῦ,
346 4284 415 4361 τοῦς
426 4286 646 4367 διατιθεμένους
659 4283 712 4368 τήν
744 4283 824 4361 ἔλεός
842 4314 911 4364 σου,
930 4290 981 4352 καί
999 4287 1077 4352 κατὰ
1096 4284 1132 4352 τὸ
1150 4288 1267 4369 πλῆθος
1285 4290 1347 4349 τῶν

106 4366 255 4450 διαθήκην
277 4365 373 4433 αὐτοῦ
394 4371 445 4434 ἐπὶ
468 4375 600 4445 θυσίαις.
632 4370 712 4432 ὓκαί
745 4373 903 4455 οἰκτιρμῶν
921 4399 976 4435 σου
994 4368 1149 4449 ε’ξάλειιμον
1162 4367 1198 4431 τὸ
1211 4365 1348 4451 ἀνόμημά

105 4449 315 4526 ἀναγγελοῦσιν
336 4456 367 4516 οἰ
384 4450 507 4539 οὐρανοὶ
531 4448 582 4534 τήν
599 4451 710 4515 δικαιο-
742 4477 811 4534 μου.
836 4453 1019 4518 4ἐπιπλεῖον
1037 4452 1152 4517 πλῦνάν
1167 4475 1201 4533 με
1220 4448 1347 4549 ἀπὸὶτής

768 4534 828 4619 Pp
844 4556 862 4598 ο
1276 4553 1345 4591 avo-
