2924 4972
352 186 702 283 Λσνιυιιεου
739 212 1103 304 τεφ.ι’.μ’.γ’.1.ν.κ
1306 217 1350 284 99

107 362 155 412 τα,
172 337 223 399 καί
234 331 368 418 ἐπιθήσει
380 318 430 399 ἐπὶ
442 332 477 399 τὸ
490 328 709 418 θυσιαστήριον.
742 339 852 408 θυσίας
863 329 900 397 τδ
913 329 1095 439 μνημόσυνον
1108 331 1208 416 αάτής,
1223 336 1274 398 καί
1286 336 1351 397 ἕνα·

105 414 254 503 κάρπωμά
268 422 330 484 ἔστι
342 423 437 483 θυσία
451 415 525 500 ἀσμή
536 413 658 490 εὐωδίας
668 421 710 499 τῷ
742 414 828 524 θήσει
851 413 869 480 ὁ
895 419 986 501 ίερευς
1008 417 1058 481 ίπί
1076 413 1113 479 τδ
1129 419 1349 499 θυσιαστήριον.

106 507 206 587 κυρίῳ.
215 498 418 566 14ίάνδέάπδ
427 505 487 564 τῶν
495 503 632 564 πετεινῶν
639 495 712 584 κάρ-
742 525 892 588 καρπωμα
908 499 986 584 ὀσμή
1004 497 1129 574 εὐωδίας
1148 505 1247 584 κυρίῳ.
1272 501 1301 541 ¹⁰
1314 497 1350 562 τὸ

107 610 200 666 πωμα
218 588 373 670 πρσςφέρει
387 586 484 668 δῶρον
496 581 592 647 αὐτοῦ
604 585 648 663 τῷ
660 608 713 646 κυ-
744 584 775 648 oi
787 583 989 666 καταλειφθέν
1002 581 1065 648 ἀπὸ
1079 587 1132 665 τῆς
1143 587 1266 655 θυσίας,
1278 578 1348 645 ’Λα-

106 673 173 773 ρίῳ,
186 671 237 731 καί
248 672 392 752 προςοίσει
405 665 468 731 ἀπὸ
481 671 544 730 τῶν
554 659 712 748 τρυγόνων,
745 665 806 769 ρών
821 669 873 732 καί
891 678 955 742 τοῖς
972 669 1050 742 υίοῖς
1066 664 1181 740 αὐτοῦ,
1206 660 1279 740 ἀνισ
1291 667 1351 727 τῶν

110 776 129 832 η
144 749 207 814 ἀπὸ
222 755 282 814 τῶν
299 753 474 836 περιστερῶν
491 747 527 813 τὸ
542 749 639 852 δῶρον
656 745 714 812 ού·
747 754 841 826 αγίων
856 747 920 815 ἀπὸ
934 753 995 815 τῶν
1007 745 1220 836 καρπωμάτων
1233 751 1349 832 κυρίου.

106 838 170 897 τοῦ.
209 834 235 875 ¹⁵
249 835 300 897 καί
323 837 468 920 προςοίσει
491 829 566 896 αύτὸ
586 858 604 896 ο
624 829 714 916 ίερεύς
745 835 885 896 11πᾶσαν
903 838 1032 909 θυσίαν,
1062 830 1097 915 ἣν
1114 833 1153 897 ἀν
1164 833 1351 916 προςῳέρητε

106 915 184 1000 πρὸς
200 915 236 980 τὸ
248 913 477 1002 θυσιαστήριον,
502 917 553 980 καί
565 913 713 980 ἀποκνίσει
746 919 858 999 κυρίῳ,
877 912 914 978 ού
924 912 1063 998 ποιήσετε
1076 911 1221 998 ζυμωτάν.
1246 916 1352 977 πᾶσαν

107 1001 161 1099 τήν
173 999 311 1083 κεφαλήν,
323 1003 374 1064 καί
386 994 520 1083 ἐπιθήσει
533 996 551 1061 ὁ
565 997 653 1083 ίερεύς
664 998 714 1061 cal
746 997 805 1082 γὰρ
818 992 927 1101 ζύμην,
952 1000 1002 1060 καί
1016 1003 1079 1064 πᾶν
1097 997 1162 1081 μελι
1176 995 1213 1061 οίι
1224 1000 1351 1080 προςοί-

106 1107 145 1146 το
158 1078 374 1167 θυσιαστήριον,
392 1078 652 1164 καὶστρανμιεῖτδ
666 1080 713 1145 αί-
747 1106 813 1146 σετε
838 1078 883 1142 ἀπ
917 1077 1029 1153 αὐτοῦ,
1066 1084 1226 1165 καρπῶσαι
1247 1083 1350 1161 κυρίῳ.

106 1192 150 1247 μα
162 1163 237 1271 πρὸς
255 1165 309 1250 τήν
325 1161 410 1251 βάσιν
423 1168 477 1228 τοῦ
491 1167 714 1248 θυσιαστηρίου.
747 1164 887 1247 12δῶρον
916 1160 1051 1246 ἀπαρχης
1074 1167 1246 1246 προςοίσετε
1273 1157 1352 1224 αύτά

107 1251 136 1291 ¹⁶
150 1275 201 1311 και
226 1245 328 1325 ἀφελεῖ
343 1244 397 1311 τὸν
414 1242 566 1349 πρόλοβον
583 1245 636 1309 σὺν
653 1255 716 1317 τοῖς
749 1250 859 1332 κυρίῳ,
884 1247 933 1309 cui
958 1244 1044 1309 δὲτὸ
1061 1239 1280 1325 θυσιαστήριον
1298 1239 1353 1304 οίικ

107 1341 243 1413 πτεροῖς,
267 1332 318 1391 καί
344 1327 461 1412 ίκβαλεῖ
485 1327 560 1390 αυτδ
578 1326 662 1412 παρὰ
681 1325 716 1389 τδ
750 1324 1026 1414 ἀναβιβασθήσεται
1053 1329 1093 1400 είς
1118 1323 1215 1409 ὀσμήν
1232 1322 1355 1398 εὐωδίας

110 1406 325 1493 θυσιαστήριον
350 1407 412 1474 κατ’
441 1406 590 1484 ἀνατολὰς
608 1415 647 1484 είς
664 1407 717 1473 τὸν
748 1416 851 1494 κυρία.
864 1412 891 1453 ¹³
898 1413 949 1476 καί
960 1413 1023 1475 πᾶν
1035 1411 1081 1474 δῶ
1098 1434 1136 1473 ον
1147 1412 1259 1482 θυσίας
1273 1402 1354 1513 ύμῶν

112 1488 211 1557 τόπον
234 1497 287 1576 τής
311 1494 434 1559 σποδοῦ.
472 1493 562 1558 17καί
585 1488 714 1558 ἐκκλίσει
747 1478 1015 1577 ἁλίάλισθήσεται.
1029 1435 1354 1564 οάδιαπαύσατειίλας

113 1572 189 1639 αὐτὸ
203 1579 235 1640 έκ
247 1580 308 1640 τῶν
319 1570 485 1662 πτερύγων,
509 1579 560 1641 καί
572 1573 609 1641 ού
621 1575 714 1653 διελεῖ,
745 1573 859 1662 διαθήκ
880 1603 894 1652 ς
919 1583 1025 1664 κυρίου
1048 1573 1111 1641 ἀπὸ
1131 1570 1353 1657 θυσιασμάτων

110 1659 161 1723 καί
173 1654 305 1743 ἐπιθήσει
321 1658 398 1725 αύτὸ
411 1657 429 1724 ὁ
486 1657 533 1735 εύς
544 1661 594 1725 ίπί
606 1655 642 1724 τὸ
655 1669 715 1724 θυ-
747 1657 838 1744 ύμοάν.
860 1605 913 1725 ίπί
923 1658 1039 1734 παντὸς
1052 1656 1154 1745 δώρου
1167 1654 1250 1739 ὑμῶν
1258 1680 1354 1738 προς·

109 1739 277 1827 σιαστήριον
301 1745 352 1809 ἐπί
377 1742 416 1808 τά
435 1738 469 1818 ξύ
489 1767 510 1806 α
528 1740 566 1806 τά
590 1744 641 1808 ἐπὶ
658 1746 716 1807 τοῦ
747 1749 843 1810 οίσετε
874 1748 968 1829 κυρίῳ
999 1747 1044 1826 τῳ
1069 1745 1137 1825 θεῷ
1160 1735 1244 1823 ὑμῶν
1269 1739 1352 1814 ἀλας.

108 1822 209 1909 πυρός.
240 1822 388 1912 κάρπωμοί
412 1830 498 1891 1έστι
522 1830 615 1891 θυσία
635 1823 713 1911 ὀσμή
745 1825 841 1892 14ίάν
860 1827 894 1891 δέ
911 1829 1079 1917 προςφέρης
1095 1829 1210 1890 θυσίαν
1228 1847 1353 1910 πρωτο-

109 1909 232 1984 εὐωδίας
243 1914 288 1992 τῷ
300 1916 400 1996 κυρίῳ.
744 1906 934 1995 γεννημάτων
943 1914 988 1994 τῷ
999 1915 1104 1993 κυρίῳ,
1117 1911 1170 1972 νέα
1181 1907 1354 1993 πεσρυγμί-

138 1998 152 2025 ⁹
295 1999 370 2058 ΚΕ
382 1998 420 2057 Φ.
462 1987 519 2058 Β’.
747 2020 784 2060 να
800 1995 887 2081 χίδρα
899 1990 1000 2080 ίρικτά
1013 1996 1059 2076 τῷ
1071 1997 1174 2078 κυρίῳ.
1196 1994 1248 2057 καί
1259 2012 1353 2075 προς-

110 2043 202 2141 Είιν
227 2075 259 2141 δὲ
276 2075 355 2161 ψυχή
373 2080 524 2168 προςφέρη
542 2075 641 2162 δῶρον
657 2083 714 2138 θυ-
748 2083 837 2153 οίσεις
862 2073 916 2159 τήν
933 2081 1047 2142 θυσίαν
1065 2080 1126 2140 τῶν
1142 2098 1354 2175 πρωτογεννη-

110 2165 177 2224 σίαν
188 2163 234 2242 τῷ
245 2166 346 2245 κυρίῳ,
360 2159 504 2242 σεμίδαλις
516 2162 600 2224 ὲίνται
611 2157 717 2222 τὸδαί-
748 2157 869 2242 μάτων,
913 2160 1009 2224 16καί
1038 2164 1157 2245 ίπιχεεῖς
1187 2156 1231 2223 ἐπ’
1260 2154 1355 2234 σίντην

110 2240 277 2328 ροναύτυῦ,
287 2245 338 2307 καί
349 2239 504 2346 έπιχρεῖένί
519 2239 717 2315 αύτδέλαισν,
749 2242 871 2317 ἔλαιον,
897 2243 948 2306 καί
964 2239 1118 2327 ἐπιθήσεις
1134 2238 1178 2306 ἐπ’
1200 2237 1294 2323 αὐτήν
1307 2238 1354 2303 λί-

110 2329 162 2389 καί
174 2322 307 2409 ἐπιθήσει
320 2324 364 2389 ἐπ’
382 2323 459 2390 αυτὸ
470 2323 599 2409 λίβανον.
624 2326 718 2387 θυσία
749 2329 858 2412 βανον,
888 2329 984 2390 θυσία
1005 2328 1078 2390 ἐστί.
1120 2325 1218 2388 10καί
1241 2322 1354 2388 ἀνοίσει

112 2412 183 2471 ἐστί
208 2410 286 2471 2καί
298 2408 367 2472 οάνει
379 2406 457 2492 πρὸς
469 2408 538 2481 τοὺς
550 2404 632 2479 υίούς
647 2403 720 2468 Ἀα-
752 2403 771 2472 δ
795 2403 884 2493 ίερεύς
909 2405 945 2470 τὸ
970 2403 1162 2506 μνημόσυνον
1181 2405 1271 2487 σίντης
1289 2402 1353 2469 ἀπὸ

113 2514 177 2575 ρων
194 2489 262 2562 τοὺς
284 2493 375 2574 ίερεῖς.
402 2491 454 2552 καί
469 2484 644 2573 δραξάμενος
664 2483 715 2550 ἀπ’
753 2491 812 2552 τῶν
843 2489 933 2569 ίδρων
946 2512 1002 2553 συν
1013 2492 1057 2569 τῷ
1071 2487 1173 2566 ίλιιίῳ,
1192 2488 1242 2548 καί
1255 2484 1356 2551 πάντα

113 2569 206 2653 αὐτῆς
219 2567 316 2673 πλήρη
329 2570 382 2655 τήν
394 2565 489 2655 δράκα
503 2567 566 2633 ἀπὸ
579 2573 630 2651 τής
643 2593 721 2650 σεμι-
753 2569 806 2635 τὸν
823 2513 954 2660 Ιλίβανον
979 2565 1080 2654 αάτής.
1118 2564 1269 2655 κάρττωμά
1293 2569 1356 2632 ἔστι

112 2652 225 2728 δάλεως
242 2680 294 2719 συν
307 2660 350 2737 τῷ
363 2654 468 2738 ἐλαίῳ,
493 2654 546 2717 καὶ
556 2649 655 2717 πάντα
667 2647 720 2716 τδν
750 2657 853 2738 κυρίῳ.

110 2737 231 2823 λίβανον
248 2735 353 2822 αὐτῆς,
377 2739 430 2803 καί
444 2733 577 2821 ἐπιθήσει
594 2732 612 2800 ὁ
628 2734 717 2821 ίερεύς
779 2741 792 2770 ⁹
825 2721 832 2740 ⁸
930 2741 1006 2802 ΚΕ
1017 2740 1056 2802 Φ.
1098 2732 1153 2801 Γ’.

109 2822 146 2886 τὸ
171 2818 351 2905 μνημόσυνον
376 2820 469 2907 αύτής
485 2824 536 2886 ἐπί
552 2820 587 2885 τὸ
604 2829 715 2885 θυσια-
749 2787 800 2883 E
803 2816 841 2886 ἀν
867 2819 901 2886 δὲ
916 2825 1014 2887 θυσία
1031 2826 1184 2924 σωτηρίου
1201 2815 1239 2884 τδ
1256 2821 1353 2908 δῶρον

109 2900 236 2990 οτήριον.
261 2910 356 2971 θυσία
372 2903 450 3010 ὀσμή
468 2903 592 2979 εὐωδίας
607 2906 650 2986 τῷ
663 2930 715 2968 κυ-
748 2902 847 2970 αὗταί
859 2908 904 2989 τῷ
915 2908 1020 2987 κυρίῳ,
1033 2902 1085 2969 έάν
1097 2929 1151 2986 μεν
1161 2907 1193 2967 έκ
1205 2907 1265 2966 τῶν
1273 2907 1356 2989 βοῶν

110 2994 175 3072 ρίῳ.
201 2990 277 3066 ἔνιοί
289 2988 323 3053 τὸ
337 2989 441 3054 λοιπον
454 2985 518 3053 ἀπὸ
536 2994 588 3073 τῆς
605 2993 715 3062 θυσίας
747 2982 824 3054 αύτδ
837 2983 1032 3079 προςαγάνη,
1058 2984 1111 3053 έάν
1124 3012 1155 3051 τε
1168 2985 1275 3071 ἀρσεν,
1301 2982 1355 3050 έάν

106 3065 222 3155 ’Λαρδν
244 3076 294 3138 καί
315 3084 377 3147 τοῖς
401 3078 476 3147 υίοῖς
493 3070 603 3147 αὐτοῦ,
630 3067 715 3148 δίνεον
747 3098 778 3137 τε
789 3072 882 3154 θῆλυ,
893 3068 1169 3159 ἀμωμονπρσςάξει
1181 3066 1257 3135 αύτδ
1270 3071 1355 3133 ἔναν-

110 3158 170 3218 τῶν
191 3153 284 3234 ἁγίων
308 3154 370 3221 ἀπὸ
392 3161 453 3221 τῶν
470 3158 586 3220 θυσιῶν
604 3159 713 3238 κυρίου.
746 3181 775 3220 τι
788 3161 902 3261 κυρίου.
941 3157 1020 3219 2καί
1030 3152 1168 3238 ἐπιθήσει
1186 3150 1240 3229 τὰς
1257 3163 1355 3238 χεῖρας

109 3237 190 3302 4έάν
207 3237 238 3303 δέ
255 3244 405 3331 πρσςφέρη
420 3242 518 3324 δῶρον
536 3243 646 3302 θυσίαν
662 3263 715 3301 πε-
747 3241 798 3303 έπί
808 3264 861 3323 την
873 3236 1004 3320 κεφαλήν
1015 3243 1073 3303 τοῦ
1086 3236 1198 3319 δώρου,
1211 3239 1263 3301 καί
1273 3233 1355 3317 σφεί-

109 3324 254 3403 πεμμένην
273 3327 304 3385 έκ
322 3321 459 3407 κλιβάνου
472 3323 567 3405 δῶρον
579 3325 670 3406 κυρίῳ
684 3324 716 3385 έκ
748 3323 789 3397 ξει
814 3320 891 3386 αὐτὸ
917 3323 1051 3384 ἐναντίον
1073 3327 1179 3403 κυρίου
1196 3319 1281 3404 παρὰ
1300 3319 1356 3394 τὰς

114 3399 304 3486 σεμιδάλεως,
329 3401 436 3486 ἀρτους
447 3398 572 3483 ἀζύμους
584 3428 718 3487 πεφυρα-
749 3400 849 3488 θύρας
862 3405 914 3487 τῆς
926 3406 1033 3486 σκηνῆς
1046 3406 1102 3466 τοῦ
1111 3409 1286 3488 μαρτυρίου.
1304 3405 1356 3468 καί

112 3487 219 3567 μένους
242 3488 273 3548 έν
290 3482 396 3565 ἐλαίῳ,
421 3486 472 3548 καί
489 3483 604 3562 λίνανα
623 3485 718 3568 ἀζυμα
748 3489 941 3592 προςχεοῦσιν
964 3487 995 3549 οί
1012 3484 1073 3549 υίσί
1086 3481 1205 3569 Ἀαρὼν
1223 3488 1255 3549 οί
1272 3489 1355 3570 ἱερεῖς

112 3568 330 3652 διακεχρισμένα
343 3571 373 3631 έν
392 3567 490 3648 ἐλαίῳ.
516 3563 595 3633 ὅίάν
609 3567 641 3631 δὲ
659 3578 718 3632 θυ-
750 3596 786 3635 το
813 3570 887 3654 αίμα
913 3568 963 3632 ἐπί
986 3563 1024 3634 τὸ
1048 3563 1269 3655 θυσιαστήριον
1294 3572 1354 3635 τῶν

112 3659 166 3719 σία
179 3650 240 3716 ἀπὸ
255 3645 384 3734 τηγάνου
397 3649 432 3716 τὸ
444 3643 541 3732 δῶρύν
554 3675 618 3726 σου,
641 3655 719 3731 σεμί-
751 3646 1016 3757 ὁλοκαυτωμάτων
1028 3647 1139 3737 κύκλῳ.
1165 3651 1180 3694 ³
1192 3654 1244 3718 καί
1261 3676 1354 3741 προς-

111 3736 195 3811 δαλις
218 3736 405 3819 πεφυραμένη
429 3739 460 3800 έν
485 3732 590 3838 ἐλαίῳ,
625 3728 720 3814 ἀζυμά
752 3731 874 3809 ἀξουσιν
897 3734 961 3800 απὸ
983 3740 1035 3820 τῆς
1051 3742 1163 3812 θυσίας
1178 3741 1237 3801 τοῦ
1255 3764 1354 3820 σωτη-

113 3824 186 3884 ἓστι.
213 3819 291 3883 6καί
303 3814 479 3903 διαθρύψας
491 3814 571 3881 αύτα
585 3810 720 3898 κλάσμα-
752 3821 820 3902 ρίου
843 3814 993 3902 κάρπωμα
1017 3824 1126 3905 κυρίῳ,
1151 3815 1188 3885 τδ
1206 3824 1298 3908 στέαρ
1316 3819 1353 3885 τὸ

111 3928 161 3980 τα,
176 3903 227 3968 καί
241 3907 357 3986 έπεχεεῖς
370 3900 414 3968 ἐπ’
431 3900 510 3967 αὐτὰ
522 3901 633 3966 ἔλαιον.
659 3909 718 3965 θυ-
750 3896 985 3966 κατακαλύπτον
1001 3898 1056 3983 τήν
1067 3902 1198 3980 κοιλίαν,
1223 3907 1274 3971 καί
1291 3909 1354 3969 πᾶν

112 3991 163 4052 σία
182 3988 244 4051 έστί
265 3992 364 4070 κυρίῳ.
398 3986 477 4051 7ἒάν
493 3983 525 4050 δέ
541 3991 635 4050 θυσία
653 3981 716 4050 ἀπὸ
748 3983 786 4050 τὸ
812 3987 903 4073 στέαρ
921 3982 957 4051 τὸ
975 3986 1025 4051 ίπί
1042 3989 1094 4070 τῆς
1111 3986 1232 4066 κοιλίας.
1272 3988 1354 4053 4καί

111 4066 238 4154 ἐσχάρας
263 4069 299 4133 τὸ
318 4064 413 4156 δῶρόν
431 4097 498 4146 σου,
525 4069 669 4153 σεμίδαλις
687 4073 718 4134 έν
749 4066 821 4145 τούς
840 4065 895 4135 δύο
915 4068 1055 4175 νεφρούς,
1081 4071 1132 4136 καί
1148 4071 1185 4138 τὸ
1204 4076 1297 4158 στέαρ
1315 4072 1352 4138 τὸ

111 4153 203 4236 ἐλαίῳ
227 4148 432 4236 ποιηθήσεται.
468 4154 547 4216 θιιαί
571 4158 717 4240 προςοίσει
748 4152 792 4219 ἐπ’
809 4152 924 4232 αὐτῶν,
949 4181 987 4220 το
1005 4155 1056 4221 έπὶ
1072 4159 1133 4220 τῶν
1148 4161 1276 4241 μηρίων,
1302 4159 1355 4223 καί

110 4235 166 4318 τήν
180 4243 291 4301 θυσίαν
309 4233 343 4321 ήν
361 4234 399 4301 ἀν
423 4231 533 4320 ποιήση
552 4241 583 4303 ἐκ
600 4232 717 4301 τούτων
748 4233 802 4303 τὸν
825 4237 919 4326 λοβὸν
935 4235 989 4304 τὸν
1014 4241 1065 4305 ἐπὶ
1082 4243 1138 4304 τοῦ
1156 4238 1273 4322 ἥπατος
1299 4238 1354 4304 σύν

110 4324 155 4401 τῷ
167 4325 273 4405 κυρίῳ,
300 4323 350 4383 καί
362 4311 597 4405 προςοίσείπρὸς
614 4316 665 4385 τὸν
678 4323 718 4384 ίε-
748 4332 811 4396 τοῖς
830 4335 947 4408 νεφροῖς
959 4323 1093 4407 περιελεῖ.
1119 4323 1198 4384 ὅκαὶ
1211 4320 1354 4386 ἀνοίσου·
1420 4387 1423 4391 7

109 4404 173 4489 ρέα.
200 4405 252 4467 καί
268 4400 458 4487 προςεγγίσας
472 4401 547 4487 πρὸς
559 4403 594 4468 τὸ
607 4414 717 4468 θυσια-
749 4429 794 4469 σιν
811 4404 889 4470 αύτά
908 4410 938 4471 σί
957 4409 1018 4470 υίοὶ
1030 4401 1149 4484 Ἀαρών
1165 4408 1195 4466 σί
1209 4408 1292 4485 ἱερεῖς
1306 4404 1356 4463 έπί

110 4480 233 4571 στήριον
271 4484 402 4565 ὓάῳελεῖ
426 4482 443 4550 ὁ
469 4484 557 4572 ίερεύς
580 4483 643 4552 ἀπὸ
665 4491 718 4572 τῆς
748 4487 785 4552 τὸ
811 4486 1030 4632 θυσιαᾶτήριον
1052 4485 1102 4548 ent
1120 4483 1159 4546 τὰ
1178 4476 1352 4545 δλοκαυτοί,

655 4592 657 4594 ·
952 4590 969 4631 2
1276 4583 1355 4640 ματα
