2924 4972
152 213 220 289 οτι
341 211 717 278 ΜΑακΑαΑαια
740 209 951 271 mm
990 200 1177 284 mm.

152 332 286 399 καίείπε.
325 333 354 373 ²³
369 337 399 395 τί
412 335 502 395 τοῦτο
521 326 697 412 ἐποιήσαμεν
709 325 757 393 ὅτι
796 328 910 403 παντὸς
934 324 1117 412 πράγματος.
1149 330 1248 395 36καί
1270 358 1410 416 προγρα-

151 419 346 499 προέιμθακεν
365 412 439 496 ἡμᾶς
457 409 475 476 ὁ
492 412 683 495 Ἀλέξανδρος
700 416 759 478 τοῦ
797 408 943 495 ιμήτιοσαν
955 410 1180 476 τῶνἸουδαίισν
1192 419 1233 487 εἰς
1246 414 1307 489 τὰς
1321 415 1412 481 δυνα-

154 498 255 580 φιλίαν
268 501 465 563 καταθέσθαι
478 508 541 569 τοί-ς
551 494 708 570 Ἰουδαίοις
720 501 760 570 εἰς
797 520 856 577 μεις
870 498 925 559 τοῦ
935 494 1080 580 βασιλέως
1090 500 1129 569 εἰς
1139 493 1310 579 τριάκοντα
1319 500 1412 584 χιλιά-

154 578 301 666 στήριγμα
306 609 318 658 ς
358 583 389 622 ²⁴
411 576 522 661 γράψαι
548 576 650 651 αὐτοῖς
675 576 760 660 κρίγώ
799 578 852 652 δας
865 574 989 662 ἀνδρῶν,
1002 577 1054 640 καί
1066 574 1232 661 δοθήσεται
1246 579 1412 660 αὖτοῖςξέ·

153 660 259 743 λόγους
283 659 500 767 παρακλήσεως
518 663 569 725 καί
591 655 689 742 ύιμους
710 665 759 726 κατ’
799 684 845 726 νια
858 657 900 734 ὡς
917 656 1041 745 καθήκει
1056 660 1170 734 πιέσαις
1187 674 1258 738 ταῖς
1271 663 1413 749 δυνάμεσι

155 741 308 830 δαμέντων,
323 747 407 820 ὁπως
418 734 474 810 ιόσι
489 744 543 810 σὺν
555 745 622 824 έμοί
635 748 673 817 εἰς
685 741 760 831 βοή·
798 748 855 809 τοῦ
873 744 1026 830 βασιλέως.
1064 745 1093 787 ³²
1107 747 1159 809 καί
1175 749 1413 836 κατασταθήοε-

154 839 248 895 θειαν.
275 832 304 873 ²⁵
317 831 369 895 καὶ
380 826 549 894 ἀπέστειλεν
568 825 670 900 αὐτοῖς
682 827 759 891 κατὰ
799 831 890 902 ταιιῗξ
908 828 1009 892 αὐτῶν
1028 830 1059 891 έν
1076 838 1139 902 τοῖς
1157 826 1340 914 ὀχυρώμασι
1358 839 1413 899 τοῖν

155 913 225 986 τούς
246 910 356 991 λόγους
378 908 512 986 τούτους.
539 907 677 994 βασιλεύς
699 916 762 993 Δη-
797 910 943 994 βασιλέως
960 921 1024 984 τοῖς
1040 907 1194 992 μεγάλοις,
1222 916 1278 977 καί
1292 919 1329 987 ἐκ
1343 915 1412 983 τού·

154 992 280 1081 μήτριος
294 1002 336 1079 τῷ
354 999 436 1061 έθνει
449 998 510 1059 τῶν
526 992 682 1059 Ἰουδαίων
694 999 761 1077 χαί·
798 1016 859 1056 τοιν
879 990 1142 1077 καταοταθήσεται
1161 996 1214 1058 έπί
1233 1004 1347 1080 χρειῶν
1363 1006 1415 1085 τῆς

155 1105 224 1160 ρειν.
263 1081 294 1122 ²⁶
308 1081 373 1144 ἐπεὶ
390 1076 603 1161 ουνετηρήοατε
617 1073 671 1151 τὰς
683 1076 761 1161 πρὸς
797 1075 946 1160 βασιλείας
966 1080 1027 1142 τῶν
1044 1074 1146 1143 οὐσῶν
1166 1082 1207 1152 εἰς
1219 1086 1339 1146 πίστιν.
1365 1090 1415 1148 καί

155 1163 232 1247 ἡμᾶς
245 1161 412 1245 συνθήκας,
424 1162 475 1225 καί
487 1165 646 1241 ἐνεμείνατε
659 1163 697 1250 τῇ
708 1184 760 1240 ιρι·
799 1162 830 1223 oi
847 1156 891 1224 ἐπ’
912 1156 1014 1225 αύτῶν
1030 1163 1081 1225 καί
1099 1163 1130 1224 οἱ
1149 1159 1302 1244 ἄρχοντες
1324 1166 1414 1232 ἔσται·

155 1246 206 1327 λίς
222 1242 303 1328 ήμῶν
319 1247 371 1311 καί
384 1243 421 1309 ού
440 1239 685 1326 προςεχοιρήοατε
699 1255 761 1318 τοῖς
799 1264 856 1307 σαν
869 1243 900 1317 ἐξ
912 1241 1022 1317 αὐτῶν,
1035 1243 1086 1308 καὶ
1095 1248 1341 1327 πορευέσθωοαν
1353 1261 1414 1324 τοῖς

155 1334 275 1413 ἐχθροῖς·
289 1327 385 1411 ήμών,
412 1323 577 1411 ήκούσαμεν
590 1327 642 1391 καί
655 1324 760 1410 ἐχάρη·
799 1321 899 1407 νόμοις
911 1324 1024 1400 αὐτῶν,
1036 1323 1121 1392 καθὰ
1133 1328 1186 1391 καί
1198 1332 1413 1410 προςέταξενό

154 1436 214 1493 μιν.
241 1413 391 1477 22καίνῡν
404 1414 552 1491 ἰμμείνατε
566 1412 609 1474 έτι
622 1413 677 1474 τοῦ
690 1433 761 1473 συν-
798 1407 937 1493 βασιλεδς
962 1413 993 1473 έν
1016 1413 1054 1501 γη
1076 1406 1190 1474 Ἰούδα.
1218 1412 1251 1454 ³⁸
1264 1418 1321 1480 καί
1346 1415 1413 1491 τούς

156 1498 283 1577 τηρήσαι
295 1492 374 1579 πρὸς
386 1489 461 1578 ἡμᾶς
473 1498 584 1566 πίστιν,
603 1494 656 1558 καὶ
669 1491 762 1557 ἄντα-
799 1502 875 1577 τρείς
900 1488 1004 1573 νομούς
1029 1487 1098 1567 τούς
1121 1500 1354 1577 προςτεθέντας
1378 1501 1413 1593 τῇ

156 1570 335 1680 ποδούσομεν
350 1573 417 1659 ύμῖν
427 1572 544 1653 ὀγαθιί,
555 1572 623 1641 ἄνθ’
640 1566 683 1640 ὦν
697 1600 762 1640 ποι·
797 1572 930 1656 Ἰουδαίᾳ
955 1573 1018 1639 ἀπὸ
1040 1582 1093 1679 τής
1108 1571 1208 1661 χώρας
1227 1585 1411 1687 Σαμαρείας,

156 1669 212 1724 εἴτε
223 1669 284 1740 μεθ
305 1657 396 1742 ήμῶν.
422 1660 453 1701 ²⁸
466 1659 518 1723 καί
528 1655 683 1741 ἀφήσομεν
697 1652 764 1742 ὑμῖν
799 1653 994 1741 προςτεθήτα
1009 1662 1049 1753 τῇ
1071 1660 1201 1744 Ιουδαίη
1214 1663 1294 1745 πρὸς
1307 1692 1347 1730 το
1359 1666 1412 1731 λο-

157 1740 299 1821 ύοέματα
323 1741 437 1818 πολλὰ,
459 1743 511 1807 καί
536 1739 669 1825 δώσομεν
696 1739 763 1825 ὑμῖν
799 1746 943 1823 γιοθήναι
959 1747 1016 1807 τοῦ
1034 1746 1178 1819 γενέσθαι
1199 1743 1250 1825 ὑφ’
1265 1753 1337 1823 ἕνα,
1360 1753 1410 1814 τοῦ

156 1824 283 1907 δόματα.
309 1826 340 1867 22
353 1828 405 1891 καί
416 1829 467 1892 νῦν
480 1821 606 1890 ἀπολύοι
620 1822 765 1908 ὑμᾶς,καί
800 1821 840 1909 μή
854 1822 1024 1891 ὑπακούσαι
1041 1824 1133 1909 ὀλλης
1151 1830 1286 1904 ἐξουσίας
1305 1830 1409 1915 ἀλλ’ἢ

156 1910 266 1991 ιίφίημι
290 1903 406 1984 πύντας
430 1909 502 1982 τούς
511 1906 677 1983 Ἰουδαίους
701 1905 764 1973 ιίπὸ
801 1912 859 1972 τοῦ
884 1906 1048 1992 ἀρχιερέως.
1087 1911 1117 1952 ³⁹
1132 1910 1330 1991 Πτολεμαΐδα
1354 1917 1409 1977 καί

157 1996 220 2055 τῶν
237 1987 342 2072 φόρων
360 1993 410 2056 καί
434 1993 484 2072 τῆς
503 1997 585 2074 τιμής
604 1996 660 2056 τοῦ
679 1989 763 2066 ἁλὸς,
802 1990 856 2073 τήν
869 1996 1099 2079 προςκυρούσαν
1111 1991 1188 2083 αύτῇ
1197 1993 1314 2058 δεδοικα
1324 1989 1408 2078 δύμον

157 2074 209 2138 καί
226 2071 289 2137 ἀπὸ
309 2076 371 2137 τῶν
390 2068 560 2151 στεφάνων,
585 2075 616 2117 ³⁰
629 2074 680 2137 καί
698 2072 765 2139 ὀντί
800 2084 864 2148 τοῖς
877 2070 973 2151 ἁγίοις
986 2087 1049 2151 τοῖς
1059 2079 1090 2142 ἐν
1096 2073 1288 2161 Ἰερουσαλήμ
1299 2083 1341 2154 εἰς
1354 2079 1409 2163 τήν

158 2158 215 2222 τού
228 2159 330 2240 τρίτου
344 2160 395 2238 τῆς
409 2159 536 2237 σπορᾶς,
561 2157 612 2221 καὶ
628 2155 763 2223 ἆντίτοῡ
801 2153 1003 2240 προςήκουσαν
1035 2154 1170 2243 δαιιύνην
1202 2173 1266 2236 τοῖς
1300 2158 1408 2240 ἁγίοις.

159 2236 283 2323 ήμίσους
302 2244 357 2303 τοῦ
371 2243 491 2325 καρποῦ
512 2244 568 2304 τού
579 2241 698 2316 ξυλίνου
710 2246 765 2306 τοῦ
801 2238 930 2322 *θκιξγοί
953 2242 1056 2324 δίδωμι
1073 2241 1138 2309 κατ’
1160 2242 1298 2311 ἐνιαυτὸν
1322 2248 1407 2312 δικα-

159 2318 369 2408 έπιβύλλοντός
381 2348 432 2407 μοι
447 2323 558 2409 λαβεῖν,
581 2323 688 2407 ἀφίημι
700 2321 764 2389 ἀπὸ
801 2326 890 2389 πέντε
902 2321 1042 2428 χιλιάδας
1063 2325 1175 2393 οίκλονν
1186 2324 1333 2415 ἀργυρίου
1345 2327 1405 2396 &aa

158 2412 212 2489 τής
227 2401 355 2488 σήμερον
368 2408 421 2471 καί
437 2410 570 2472 ἐπέκεινα
588 2412 644 2472 τού
663 2408 765 2492 λαβεῖν
801 2410 862 2472 τῶν
874 2406 971 2485 λογων
983 2415 1038 2475 τοῦ
1047 2408 1193 2515 βασιλέως
1202 2411 1266 2477 ὀπό
1282 2418 1343 2479 τῶν
1357 2413 1407 2477 τό-

159 2487 222 2553 ὀπό
237 2493 286 2571 της
298 2493 351 2571 γης
361 2487 475 2563 Ἰούδα,
489 2492 540 2554 καί
552 2486 614 2554 ἀπὸ
628 2494 689 2554 τῶν
702 2516 765 2573 τρι·
801 2515 868 2554 πων
884 2495 946 2557 τῶν
963 2490 1146 2575 ὀνηκοντων.
1178 2497 1207 2538 ⁴¹
1219 2498 1271 2559 καί
1285 2502 1352 2561 πᾶν
1374 2495 1407 2560 τὸ

160 2578 201 2637 ὧν
221 2578 320 2654 νομῶν
344 2577 405 2637 τῶν
428 2575 664 2655 προστιθεμένων
685 2572 765 2666 αὐτῇ
801 2571 964 2651 πλεονάζον
982 2573 1001 2639 ὃ
1022 2577 1077 2641 οὐκ
1096 2578 1271 2643 ἀπεδίδοσαν
1290 2583 1323 2640 οἱ
1339 2578 1406 2642 υἰπό

159 2655 222 2722 ἀπὸ
236 2658 285 2740 τής
298 2658 515 2741 Σαμαρείτιδος
524 2659 574 2721 καὶ
586 2656 763 2732 Γαλιλαίας,
802 2663 863 2722 τῶν
873 2664 992 2742 χρειῶν,
1019 2659 1060 2736 ὡς
1073 2664 1106 2726 ἰν
1121 2672 1181 2737 τοῖς
1200 2655 1329 2746 πριύτοις
1343 2664 1405 2725 ἔτι·

159 2744 210 2805 καί
233 2737 294 2804 ἀπὸ
313 2746 365 2821 της
383 2739 508 2824 σήμερον
530 2737 640 2822 ἡμέρας
659 2744 709 2804 καὶ
726 2746 764 2816 εἰς
803 2768 857 2816 σιν,
868 2741 930 2806 ἀπὸ
944 2748 1001 2808 τοῦ
1015 2749 1065 2809 νῦν
1083 2742 1215 2810 διύσουσι
1230 2750 1268 2820 εἰς
1280 2742 1319 2811 τὰ
1334 2749 1408 2829 ἔργα

158 2824 211 2886 τὸν
225 2828 322 2888 αἰῶνα
334 2821 451 2907 χρόνον.
477 2823 503 2863 ³¹
509 2827 560 2886 καὶ
568 2821 764 2907 Ἰερουσαλήμ
802 2831 856 2889 τοῦ
870 2828 961 2891 οἴκου.
988 2826 1020 2867 ⁴²
1033 2830 1084 2891 καί
1097 2830 1148 2891 ἐπί
1167 2826 1286 2903 τούτοις
1298 2854 1408 2893 πεντα-

158 2904 221 2989 ήται
240 2903 312 2984 ἁγία
336 2908 385 2970 καὶ
409 2905 546 2990 ἀφειμένη
568 2909 619 2969 καί
636 2904 676 2971 τὰ
695 2903 764 2988 ὅρια
801 2909 953 2992 κιςχιλίους
968 2909 1303 2993 σίκλουςοίργυρίου,οδς
1317 2909 1410 2996 ἐλύμ-

157 2988 260 3074 αίιτής,
275 2993 307 3054 αἰ
319 2987 439 3055 δεκάται
453 2989 555 3054 καὶτὰ
570 2991 646 3072 τέλη.
660 2991 690 3030 ³²
703 2989 764 3070 οἰφ-
800 2997 893 3078 βανον
906 2990 970 3058 ἀπὸ
984 2998 1041 3057 τῶν
1051 2997 1153 3076 χρειῶν
1169 2998 1224 3055 τοῦ
1236 2991 1329 3066 ἁγίου
1342 2994 1411 3060 ὀπό

158 3078 218 3154 ίημι
244 3075 294 3136 καί
312 3079 365 3136 τίν
385 3075 521 3147 ἐξουσίαν
540 3079 591 3155 της
606 3073 700 3159 ἄκρας
713 3080 764 3155 τῆς
805 3081 856 3142 τοῦ
875 3074 967 3153 λόγου
985 3072 1045 3140 κατ’
1066 3069 1209 3148 ἐνιαυτὸν,
1234 3076 1411 3143 καὶταῦτα

158 3124 399 3236 ένἸερουοαλήμ,
425 3161 476 3220 καί
489 3157 594 3239 δίδωμι
608 3162 652 3240 τῴ
666 3155 764 3241 ὀρχιε-
801 3159 918 3238 δαίεται
931 3156 979 3223 διὰ
997 3156 1031 3223 τό
1051 3151 1163 3239 ἀνήκειν
1183 3152 1263 3220 αύτόι
1282 3171 1352 3235 τοῖς
1371 3166 1410 3226 ῖε·

156 3248 210 3317 ρεί,
223 3233 306 3311 ὅπως
324 3237 360 3302 δν
377 3236 550 3329 καταστήσῃ
570 3244 602 3305 ἐν
615 3239 693 3330 αὐτῇ
707 3241 763 3306 ἄν·
801 3248 879 3327 ρεῦσι
897 3254 958 3313 τοῖς
976 3242 1185 3321 λειτουργοδοι.
1219 3240 1252 3282 ⁴³
1266 3244 1322 3305 καί
1341 3241 1410 3309 ὅσοι

156 3324 230 3402 δρας
244 3316 298 3395 οὓς
310 3320 347 3386 liv
361 3321 514 3404 ἐκλέξηται
530 3321 622 3399 αὐτὸς
636 3330 693 3388 τοῦ
706 3350 764 3405 ου·
801 3326 850 3391 ἰὰν
864 3318 997 3402 φύγωσιν
1014 3328 1053 3396 ίῖἐ
1071 3323 1106 3385 τὸ
1128 3319 1205 3406 ῗέρὸν
1217 3320 1254 3389 τὸ
1268 3329 1302 3389 ἓν
1310 3322 1409 3412 Ἰερο-

157 3399 276 3469 λύσοειν
299 3401 400 3490 αύτήν.
427 3406 456 3447 ³³
470 3409 520 3471 καί
543 3411 647 3472 πᾶσαν
666 3408 765 3513 ψυχήν
801 3404 936 3488 σολύμοις
947 3406 998 3469 καί
1014 3407 1044 3469 ἐν
1060 3410 1139 3471 πᾶσι
1157 3419 1220 3481 τοῖς
1240 3405 1340 3491 ὁρίοις
1352 3409 1407 3475 αό-

154 3485 311 3552 Ἰουδαίων
326 3488 380 3572 τήν
398 3490 688 3573 αἰχμαλωτισθεῖσαν
701 3493 764 3558 απὸ
802 3497 875 3568 τοῦ,
912 3488 1080 3571 ὀφείλοντες
1104 3490 1244 3575 βασιλικὰ
1271 3497 1325 3557 καί
1348 3498 1407 3556 πᾶν

155 3576 210 3652 γῆς
220 3567 322 3634 Ἰούδα
345 3576 383 3645 εἰς
405 3579 508 3638 πᾶσαν
528 3573 682 3656 βασιλείαν
703 3602 761 3660 μου
799 3581 934 3658 πρᾶγμα,
947 3570 1217 3648 ἀπολελύσθωσαν,
1244 3571 1406 3641 καίπόντα

156 3651 266 3753 ἀφίημι
283 3653 445 3737 ἐλευθέραν
464 3652 589 3739 δωρεάν.
616 3658 666 3720 καὶ
686 3656 764 3723 πύν-
800 3655 857 3723 ὅσα
870 3660 952 3724 ἐστίν
971 3655 1074 3731 αὐτοῖς
1090 3658 1121 3721 ἰν
1134 3662 1171 3745 τη
1189 3657 1328 3743 βασιλείᾳ
1338 3684 1404 3740 μου.

155 3758 202 3806 τις
223 3737 394 3810 αηιέτωσαν
411 3736 484 3812 τούς
503 3735 614 3821 πόρους
629 3742 680 3805 καὶ
702 3746 763 3807 ταῖν
800 3741 833 3782 ⁴⁴
847 3744 899 3805 καὶ
912 3745 968 3806 τοῦ
988 3743 1219 3823 οἰκοδομηθῆναι
1239 3745 1292 3805 καὶ
1309 3745 1362 3805 τοῦ
1376 3744 1409 3806 έ-

155 3820 270 3895 κτηνυύν
285 3815 393 3882 αὐτῶν.
431 3820 462 3863 ³⁴
476 3822 528 3884 καί
539 3827 637 3886 πᾶσαι
650 3828 681 3887 αἱ
694 3828 762 3909 έορ-
800 3829 1030 3906 πικαινισθήναι
1050 3821 1090 3887 τὰ
1117 3829 1189 3906 ἔργα
1215 3829 1278 3888 τῶν
1304 3822 1409 3902 ἆγίιον,

153 3900 205 3962 ταὶ
219 3898 270 3960 καὶ
284 3897 321 3963 τὰ
335 3901 472 3986 σάββατα
482 3906 532 3968 καί
544 3911 761 3988 νουμηνίαι,καὶ
799 3911 850 3972 καί
867 3904 886 3990 ή
905 3903 1026 3990 δαπύνη
1045 3903 1208 3989 δοθήσεται
1227 3910 1259 3970 ἐκ
1279 3912 1338 3971 τοῦ
1356 3904 1410 3972 λύ-

154 3976 259 4063 ήμέραι
273 3980 523 4067 ἀποδεδειγμέναι,
538 3992 588 4052 καὶ
600 4002 676 4073 τρεῖς
691 3990 759 4074 ήμέ-
797 4017 854 4068 γου
871 3995 924 4054 τοῦ
935 3992 1091 4075 βασιλέως.
1118 3992 1206 4054 46καί
1216 3993 1272 4055 τού
1283 3991 1411 4056 οἰκοδο-

152 4089 203 4141 ραι
216 4059 277 4147 πρὸ
292 4066 395 4148 έορτης
412 4071 465 4133 καὶ
481 4083 556 4153 τρεῖς
568 4069 673 4154 ήμέραι
684 4075 758 4157 μετὰ
796 4079 929 4157 μηθήναι
956 4074 996 4138 τιί
1026 4080 1103 4156 τείχη
1125 4070 1324 4156 Ἰερουσαλήμ
1359 4076 1413 4139 καί

152 4145 274 4230 ἑορτήν,
291 4149 428 4213 ἔστωσαν
444 4157 541 4217 πᾶσαν
555 4160 587 4218 αἰ
604 4154 707 4241 ήμέραι
721 4157 758 4222 οἰ-
798 4157 953 4243 ὀχυρῶσαι
979 4157 1136 4230 κυκλόθεν,
1161 4157 1212 4220 καί
1240 4151 1257 4238 ή
1287 4154 1411 4240 δαπάνη

152 4230 262 4306 τελείας
279 4234 330 4295 καὶ
352 4231 484 4316 αἱρέσεως
505 4242 580 4300 πᾶσι
602 4252 664 4314 τοῖς
679 4239 758 4306 Ἰου-
796 4239 960 4324 δοθήσεται
970 4244 1001 4306 ἐκ
1014 4246 1067 4304 τοῦ
1078 4239 1171 4317 λόγου
1183 4244 1237 4303 τοῦ
1249 4239 1412 4324 βασιλέως,

150 4311 245 4387 (λαῖῡίς
260 4326 320 4390 τοῖς
341 4317 423 4380 οὖσαν
443 4321 472 4381 ἕν
491 4324 527 4407 τῇ
539 4321 675 4404 βασιλείᾳ
688 4351 756 4424 μου.
795 4328 914 4390 καὶτοῦ
928 4325 1168 4408 οἰκοδομηθῆναι
1181 4319 1308 4426 τιίτείχη
1323 4319 1363 4386 τὰ
1378 4328 1413 4389 ἐν

150 4393 412 4443 3⁵.'‘,·';³
493 4406 501 4424 ¹
576 4403 629 4425 ἰ
819 4409 853 4430 .›
952 4403 1191 4448 ,ηειιιΙ
1386 4403 1394 4426 ι

192 4423 380 4482 ’ίαίθυίίεθ
398 4403 643 4479 ἕξουσῑίθθϋδθς
656 4434 756 4492 αρασ-
795 4436 832 4502 τη
852 4409 987 4490 Ιουδαιη.
1034 4409 1287 4489 6ιοςδεηιουοεν
1310 4413 1415 4473 [ωνα-

148 4501 209 4541 2222
220 4482 273 4545 ⁸³³
285 4483 475 4568 παρθθχλέῖν
495 4507 557 4547 τινα
572 4484 755 4578 αὐτῶνπερὶ
797 4505 859 4559 θαν
872 4491 956 4558 καὶὸ
969 4488 1043 4566 λαός
1057 4487 1126 4566 τούς
1144 4487 1255 4568 λόγους
1269 4485 1415 4596 τούτους,

1355 4602 1415 4640 ovx
