2924 4972
159 215 225 286 888
450 211 751 272 ΙΕΖΕΚῙΗΛ
792 200 1099 286 Κεφ.ί.ια’.10.λλ

154 306 366 413 θῙοῘῦῖΙ-σραηλ
383 317 420 410 ἦν
432 325 476 392 ἀπ’
493 323 594 391 αῦτῶν
612 321 760 410 ὑπεράνω.
798 325 849 389 καί
858 329 962 389 πίπτω
975 323 1028 389 ἐπὶ
1035 320 1193 408 πράςωπάν
1200 348 1270 404 μου,
1280 324 1338 388 καί
1347 321 1414 387 ἀνε-

154 414 185 457 ²⁰
197 407 290 476 τοῦτο
302 407 339 475 τὸ
353 410 431 486 ζῶὸν
446 411 525 474 ἐστιν
537 404 557 473 ὃ
569 409 633 473 ἴδον
647 402 762 474 ὑποκά-
797 402 896 494 βάησα
909 409 997 500 φωνῇ
1007 402 1133 496 μεγάλη,
1158 407 1209 471 καί
1221 404 1303 471 είπα.
1333 407 1416 488 οἴμοι

153 520 199 560 τω
223 497 302 560 θεοῦ
323 489 447 577 Ἰσραὴλ
468 494 519 557 ἐπί
542 496 599 556 τοῦ
621 494 763 572 ποταμοῦ
798 492 877 572 οίμοι
895 485 992 576 κύριε,
1015 493 1055 564 εἰς
1072 488 1243 555 συντέλειαν
1259 501 1359 564 ποιεῖς
1377 487 1415 554 σῦ

154 581 212 644 τοῦ
224 573 352 664 Χοβάρ,
378 576 431 639 καί
440 576 534 652 έγνων
550 571 597 639 ὅτι
614 576 762 660 Χερουβίμ
798 570 869 649 τοῦς
881 573 1086 648 καταλοίπους
1098 576 1155 637 τοῦ
1164 568 1290 675 Ἰσραηλ
1296 601 1309 653 ,·
1322 573 1352 614 ¹⁴
1360 573 1417 638 καί

155 665 228 727 έστι.
247 661 275 701 ²¹
287 661 421 744 τέσσαρα
432 653 580 744 πράςωπα
591 661 636 740 τῷ
648 658 700 730 ἑνί,
713 659 764 721 καί
800 659 914 734 ἐγένετο
927 653 1016 734 λάγας
1028 660 1131 743 κυρίου
1144 683 1169 721 π
1188 654 1221 730 ὸς
1232 681 1283 739 με,
1302 656 1414 733 λέγων.

156 741 236 808 ὀκνῶ
256 745 395 827 πτέρυγες
412 745 457 825 τῷ
475 743 532 818 ένί,
557 742 609 806 καί
625 737 764 823 ὁμοίωμα
799 742 826 784 ¹⁵
840 737 884 804 υίὲ
897 734 1080 824 ἀνθρώπου,
1104 681 1275 820 οίάδελφσί
1288 764 1347 805 σου
1359 742 1416 806 καί

153 830 259 912 χειρῶν
281 821 456 929 ἀνθρώπων
479 821 679 890 ὑποκάτωθεν
702 827 765 888 τῶν
800 827 832 887 οἶ
858 821 960 908 ἀνδρες
983 826 1036 908 τῆς
1061 822 1263 927 αἰχμαλωσίας
1286 848 1345 888 σου
1362 827 1418 890 καί

155 905 310 995 πτερύγων
321 911 433 973 αυτῶν.
451 909 482 950 ²²
490 910 541 972 καί
553 902 691 989 ὁμοίωσις
702 909 765 972 τῶν
799 910 860 983 πᾶς
884 902 902 972 ὁ
922 905 1003 982 οἶκος
1019 910 1076 971 τοῦ
1107 904 1221 991 Ιοραέηλ
1239 908 1417 973 συντετελι»

155 987 326 1077 προςιύπων
336 988 447 1056 αὐτῶν.
460 994 558 1056 ταῦτα
567 987 608 1054 τά
616 984 764 1074 πράςωπά
801 1015 881 1065 σται,
894 989 939 1065 οίς
951 986 1039 1056 ελπαν
1048 987 1152 1064 αὐτοῖς
1161 994 1191 1054 οἱ
1200 994 1418 1066 κατοικοῦντες

156 1077 236 1141 ἐστιν
256 1070 278 1140 ά
295 1075 361 1140 ἴδον
376 1069 523 1139 ῦποκάτω
540 1076 593 1155 τῆς
605 1068 692 1155 δόξης
707 1075 765 1138 τοῦ
795 1069 1000 1176 Ἰερουσαλὴμ
1012 1069 1130 1157 μακράν
1143 1070 1265 1157 ἀπέχετε
1278 1068 1418 1140 ἀπὸτοῦ

155 1161 232 1223 θεοῦ
253 1154 379 1243 Ἰσραὴλ
404 1158 454 1222 eui
471 1160 529 1222 τοῦ
549 1160 691 1238 ποταμοῦ
708 1158 765 1220 τοῦ
802 1162 922 1242 κυρίου,
948 1167 1016 1238 ημῖν
1033 1157 1150 1222 δέδοται
1163 1152 1181 1239 ἢ
1194 1160 1233 1239 γη
1248 1161 1288 1230 είς
1300 1157 1358 1242 κλη
1380 1183 1418 1222 ο-

156 1237 277 1328 Χοβάρ,
290 1244 341 1306 καί
352 1238 432 1304 αύτά
442 1244 570 1306 ἕκαστον
580 1245 658 1304 κατὰ
672 1234 762 1327 πρός-
802 1244 919 1323 νομίαν.
945 1235 1250 1306 16διὸιτοῦτοείπάν.
1275 1184 1418 1306 τάδελλ-

156 1349 241 1391 ωπον
254 1323 354 1390 αὐτῶν
366 1320 556 1410 ἐπορεύοντο.
801 1347 845 1401 γει
862 1319 971 1409 κύριος.
998 1318 1045 1388 ὅτι
1062 1319 1225 1405 ἀπώσομαι
1243 1321 1362 1400 αύτούς
1378 1330 1417 1402 είς

337 1412 372 1472 K
383 1413 413 1471 E
424 1412 463 1472 Φ.
508 1407 586 1472 IA.
802 1403 841 1471 τά
854 1408 943 1491 έθνη,
968 1406 1020 1471 καί
1037 1407 1224 1491 διασκορπιῶ
1243 1404 1364 1484 αύτούς
1377 1413 1416 1483 είς

155 1458 239 1558 Καί
255 1487 383 1577 ἀνέλαβέ
390 1515 432 1591 με
449 1493 580 1573 πνεῦμα,
603 1488 656 1554 καί
673 1485 768 1574 ἤγαγέ
801 1493 904 1555 πᾶσαν
927 1492 996 1572 γῆν,
1033 1491 1087 1557 καὶ
1111 1492 1217 1573 ἔσομαι
1242 1485 1352 1596 αῦτοῖη
1378 1498 1416 1567 εἰς

154 1600 190 1660 με
214 1575 267 1639 έπί
287 1569 341 1658 την
357 1572 455 1654 πυλην
472 1578 528 1638 τοῦ
550 1573 637 1637 οἴκου
660 1577 764 1657 κυρίου
801 1568 936 1656 άγίασμα
948 1570 1051 1658 μικράν
1064 1575 1095 1639 ἓν
1108 1585 1172 1647 ταῖς
1183 1569 1297 1658 χώραις
1309 1600 1347 1639 ου
1362 1576 1414 1641 ἐὰν

154 1654 208 1742 την
229 1658 399 1734 κατέναντι,
424 1653 479 1741 την
498 1655 669 1743 βλέπουσαν
685 1654 764 1720 κατά
801 1656 971 1732 είςέλθωσιν
991 1660 1056 1721 ἐκεῖ.
1094 1654 1184 1721 17διά
1201 1659 1297 1720 τοῦτο
1321 1655 1414 1724 εἰπάν,

156 1738 315 1816 ἀνατολάς.
341 1741 394 1804 καί
406 1739 473 1806 ἰδοῦ
479 1787 489 1815 ,
507 1742 558 1806 έπί
569 1743 630 1803 τῶν
643 1734 765 1826 προθύ-
801 1735 872 1805 τάδε
890 1739 967 1818 λέγει
980 1736 1016 1804 κύ
1035 1765 1087 1814 ιος.
1113 1741 1165 1805 καὶ
1179 1740 1344 1823 είςδέξομαι
1356 1745 1413 1808 αδ-

156 1849 219 1908 ρων
230 1827 285 1908 τῆς
296 1817 392 1908 πύλης
404 1818 446 1899 ῶς
455 1823 544 1890 εἴκοσι
556 1825 607 1888 καί
615 1823 702 1888 πέντε
710 1820 766 1888 ἀν-
802 1822 873 1899 τούς
893 1826 925 1888 ἐκ
942 1827 1003 1888 τῶν
1016 1765 1132 1898 λθνῶν,
1158 1824 1210 1888 καί
1223 1822 1342 1902 συνάξω
1354 1823 1411 1890 αύ-

155 1909 237 1993 δρες,
253 1906 306 1972 καί
318 1906 382 1972 ἴδον
393 1909 517 1990 ἐνμέσῳ
529 1905 633 1973 αάτῶν
644 1905 701 1972 τάν
712 1904 766 1970 Ἰε-
801 1905 872 1982 τοῦς
889 1910 921 1972 ἐκ
937 1910 998 1971 τῶν
1012 1911 1117 1992 χωρῶν
1136 1899 1174 1972 οῦ
1192 1908 1342 1996 διέσπειρα
1354 1908 1411 1974 αύ-

154 1995 258 2076 χονίαν
265 1986 319 2053 τὸν
328 1993 385 2054 τοῦ
394 1987 487 2075 Ἴέζερ,
500 1991 551 2054 καί
562 1987 703 2054 Φαλτίαν
712 1987 765 2053 τὸν
801 1987 873 2066 τοὺς
887 1994 919 2056 ἰν
932 1988 1045 2066 αὐτοῖς.
1072 1992 1123 2055 καί
1135 1985 1226 2055 δῶοω
1240 1989 1346 2068 αὐτοῖς
1357 1991 1412 2077 τ’ίην

154 2076 214 2138 τοῦ
226 2077 375 2146 Βαναίου,
388 2069 459 2148 τοῦς
471 2070 696 2156 ἀφηγουμένους
708 2074 765 2137 τοῦ
801 2077 856 2156 γῆν
868 2077 925 2139 τοῦ
937 2071 1075 2158 Ἰσραὴλ,
1098 2074 1127 2117 ¹⁸
1139 2075 1192 2139 καί
1204 2073 1415 2150 είςελεύσονιαι

155 2156 244 2222 λαοῦ.
276 2155 355 2219 2καί
367 2152 430 2219 είπε
446 2151 548 2241 κύρως
559 2151 637 2242 πρὸς
648 2179 693 2237 με
721 2152 765 2218 υἱὲ
802 2159 876 2234 ἐκεῖ,
900 2158 952 2222 καί
971 2159 1111 2243 ἐξαροῦοι
1122 2153 1225 2223 πάντα
1237 2157 1278 2225 τά
1288 2158 1414 2240 βδελύγ-

156 2233 336 2326 ἀνθράπυυ,
351 2229 438 2303 οῦτοι
451 2242 482 2303 οἶ
494 2236 596 2342 ἀνδρες
607 2242 638 2303 οἱ
649 2233 766 2316 λογιζά-
801 2266 883 2323 ματα
905 2238 998 2325 αὐτῆς
1021 2241 1073 2306 καί
1092 2235 1195 2317 παίσας
1212 2238 1267 2318 τάς
1285 2241 1415 2326 ἀνομίας

156 2346 238 2408 μενοι
249 2318 364 2406 μάταια
375 2322 428 2387 καί
438 2321 643 2409 βσυλευομενσι
654 2320 766 2409 βουλὴν
802 2322 895 2407 αὐτῆς
914 2324 945 2400 ἐξ
962 2323 1065 2409 αὐτῆς.
1090 2326 1183 2390 19καί
1202 2324 1289 2392 δύσω
1310 2325 1415 2405 αὐτοῖς

157 2405 292 2492 πονηράν
308 2410 340 2471 ίν
356 2406 495 2500 τῇπόλει
507 2403 618 2498 ταύτη,
643 2406 704 2470 3οἱ
715 2402 767 2468 λέ·
802 2407 927 2492 καρδίαν
949 2409 1070 2492 ἑτέραν,
1096 2409 1148 2473 καί
1172 2413 1286 2488 πνεῦμα
1305 2411 1413 2477 καινὸν

157 2514 269 2569 γοντες,
288 2487 548 2575 ούχίπροςφάτως
561 2485 766 2574 ᾠκοδόμηνται
802 2488 890 2557 δῶσω
915 2493 946 2555 έν
970 2491 1089 2568 αὐτοῖς,
1114 2491 1166 2556 καί
1188 2488 1330 2556 δκσπάσω
1354 2493 1414 2576 τὴν

158 2578 191 2639 αἶ
204 2577 311 2651 οἰκίαις
337 2569 414 2657 αῦτη
433 2576 512 2639 ἐστίν
525 2571 542 2639 ὁ
555 2573 658 2674 λέβης1
685 2572 767 2657 ἡμεῖς
803 2576 928 2661 καρδίαν
952 2573 1007 2659 την
1033 2575 1148 2657 λιθίνην
1168 2575 1201 2637 ἐκ
1222 2577 1273 2657 τῆς
1292 2577 1413 2658 σαρκὸς

157 2656 192 2722 δὲ
203 2655 244 2721 τά
256 2660 338 2742 κρέα.
356 2656 373 2701 ⁴
386 2655 435 2721 διὰ
447 2662 541 2723 τοῦτο
554 2681 766 2761 προφητευσον
803 2656 916 2733 αὐτῶν,
929 2660 980 2723 καί
990 2655 1081 2724 δώσω
1089 2655 1188 2733 αὐτοῖς
1197 2656 1319 2740 καρδίαν
1329 2683 1411 2743 σαρ-

157 2738 202 2805 ἐπ’
218 2738 342 2819 αύτούς,
364 2737 573 2826 προφητεασον
586 2740 629 2805 υἷέ
642 2735 766 2825 ανθρῶ-
803 2748 901 2827 κίνην,
925 2744 957 2788 ²⁰
971 2739 1054 2820 ὅπως
1075 2746 1106 2808 έν
1122 2755 1183 2817 τοῖς
1200 2737 1416 2825 προςτάγμασί

155 2847 227 2888 που.
253 2823 268 2866 ⁵
281 2825 332 2886 καί
349 2825 447 2888 ἔπεσεν
461 2823 506 2888 ἐπ’
522 2823 574 2906 ἐμὲ
586 2828 700 2906 πνεῦμα
714 2850 766 2888 κυψ
801 2852 860 2906 μου
878 2822 1081 2911 πορεύωνται,
1106 2829 1158 2891 καί
1172 2824 1210 2891 τά
1222 2821 1414 2909 δικαιώματά

177 2909 239 2980 ίου,
263 2908 315 2972 καί
339 2903 400 2971 εἷπε
421 2902 498 2992 πρὸς
518 2912 564 2986 με’.
588 2904 663 2985 λέγε.
695 2903 766 2974 τάδε
802 2936 859 2991 μου
877 2905 1088 2990 φυλάσσωνται
1107 2914 1160 2974 καί
1176 2913 1303 2974 ποιῶσιν
1321 2906 1414 2985 αῦτά,

155 2932 231 3066 λέγει
248 2987 356 3076 κύριος.
383 2987 480 3064 οῦτως
497 2991 597 3056 εῦιτατε
609 2989 692 3065 ολκος
706 2987 765 3055 Ἰσ-
803 2996 854 3058 καί
865 2996 987 3059 έσονταί
995 3020 1047 3077 μοι
1060 2998 1099 3067 είς
1108 2989 1195 3070 λαὸν,
1208 2996 1259 3058 καί
1271 2989 1330 3070 ι’·γῶ
1344 2996 1414 3059 ε”οο-

156 3070 252 3158 ραὴλ,
276 3075 328 3137 καί
346 3071 385 3137 τά
398 3070 555 3160 διαβούλαα
566 3080 622 3139 τοῦ
634 3068 766 3155 πνεῦμα·
801 3103 854 3158 μαι
867 3074 972 3152 αὐτοῖς
981 3082 1020 3152 εἰς
1029 3073 1111 3142 θεάν.
1126 3079 1151 3122 ²¹
1159 3079 1210 3141 καί
1222 3081 1261 3151 είς
1273 3075 1330 3160 την
1338 3102 1413 3159 καρ-

154 3178 207 3228 τος
222 3149 304 3234 ἀμῶν
321 3155 380 3230 ἔγῶ
400 3159 578 3240 ἐπίσταμαι,
601 3153 764 3240 θέπληθύ-
803 3161 869 3225 δίαν
879 3165 940 3225 τῶν
948 3155 1158 3248 βδελυγμάτων
1170 3158 1273 3226 αὐτῶν
1285 3161 1339 3224 καί
1350 3164 1414 3226 τῶν

155 3259 223 3300 νατε
236 3234 356 3321 νεκρούς
372 3233 457 3320 ὑμῶν
470 3241 500 3302 ἐν
510 3245 549 3332 τῇ
561 3237 646 3304 πόλει
657 3237 764 3327 ταύτη,
803 3242 934 3326 ἀνομιῶν
952 3241 1063 3320 αὐτῶν,
1091 3238 1133 3314 ῶς
1149 3238 1168 3324 ἡ
1184 3241 1414 3327 καρδίααῦτῶν

155 3321 207 3384 καί
239 3315 416 3406 ένεπλύσατε
450 3318 505 3398 τάς
535 3321 625 3398 ὁδούς
660 3321 765 3389 αὐτῶν
803 3319 969 3408 ἐπορεύετο,
995 3323 1048 3397 τάς
1071 3321 1161 3398 ὁδούς
1178 3323 1282 3388 αὐτῶν
1301 3325 1414 3402 εἰςτὰς

155 3408 358 3488 τραυματιῶν.
394 3403 471 3470 7διά
487 3410 581 3473 τοῦτο
600 3400 669 3472 τάδε
688 3406 764 3484 λέγει
802 3406 930 3488 κεφαλάς
942 3405 1041 3472 αὐτῶν
1053 3405 1182 3480 δέδωκα,
1205 3405 1282 3485 λέγει
1297 3407 1412 3495 κύριος.

155 3485 266 3570 κύριος.
292 3484 364 3564 τοῦς
381 3486 501 3575 νεκρούς
519 3487 602 3574 ῦμῶν
622 3485 675 3565 οῦς
687 3493 763 3558 έπα-
802 3494 889 3557 22καί
902 3494 1008 3592 έξηραν
1020 3487 1058 3556 τά
1068 3490 1219 3577 Χερουβὶμ
1231 3489 1288 3567 τάς
1300 3497 1413 3579 πτέρυ-

155 3567 264 3645 τάξατε
282 3575 312 3634 ἐν
326 3574 410 3655 μέσῳ
425 3570 534 3656 αὐτῆς,
560 3565 647 3639 οῦτσί
660 3579 711 3639 εἶσι
723 3572 762 3638 τά
800 3602 857 3653 γας
869 3573 981 3651 αάτων,
993 3577 1044 3639 καί
1058 3579 1089 3639 σί
1100 3576 1205 3680 τροχοί
1214 3570 1345 3659 ἐχόμενοι
1355 3576 1414 3641 αύ-

155 3656 244 3732 κρέα,
267 3651 344 3736 αῦτη
358 3654 390 3717 δὲ
403 3651 421 3718 ὁ
434 3654 522 3741 λέβης
534 3660 607 3732 ἐστί,
623 3659 675 3721 καί
689 3655 763 3740 ῦμάς
801 3664 873 3732 τῶν,
887 3660 938 3723 καί
952 3655 970 3760 η
984 3655 1057 3734 δόξα
1072 3661 1148 3722 θεοῦ
1165 3657 1281 3742 Ῑσραὴλ
1293 3657 1339 3723 ἐπ’
1350 3657 1414 3722 αῦ-

154 3733 249 3808 ἕξᾶξω
276 3736 423 3816 ἐνεμέσσα
449 3738 551 3822 αὐτῆς.
583 3740 764 3826 θρομφαίαν
801 3740 841 3806 τά
868 3739 1006 3827 ῦπερανω
1024 3739 1135 3806 αὐτῶν.
1172 3743 1201 3784 ²³
1213 3743 1264 3806 καί
1281 3737 1413 3826 ἀνεβηη

154 3818 309 3913 ηοβεῖσθε,
334 3822 386 3884 καί
411 3823 563 3905 ῥομφαίαν
586 3821 690 3901 ἐπάξω
715 3820 760 3904 ἐφ’
801 3822 875 3903 δόξα
888 3832 993 3910 κυρίου
1007 3828 1040 3890 ἐκ
1051 3828 1142 3909 μέσης
1155 3819 1341 3909 τηςπάλεως,
1359 3829 1415 3889 καὶ

154 3921 242 3977 υμᾶς,
264 3899 339 3976 λέγει
352 3897 459 3986 κύρως.
486 3907 501 3948 ⁹
515 3909 567 3970 καί
578 3906 674 3983 ἐξάξω
689 3904 763 3989 ῦμάς
800 3912 872 3991 έστη
884 3913 935 3974 ἐπὶ
947 3914 1003 3974 τοῦ
1016 3906 1108 3993 ὄρους
1125 3905 1192 3992 δήν
1203 3907 1344 3974 ἀπέναντι
1356 3914 1413 3992 τῆς

153 3982 292 4062 έκμέσου
305 3982 409 4068 αὐτῆς,
428 3989 480 4051 καί
494 3986 671 4074 παραδῶσω
689 3986 763 4072 ὑμᾶς
799 3989 924 4067 πόλεως.
963 3993 996 4034 ²⁴
1009 3994 1061 4056 καί
1085 3987 1214 4076 ἀνέλαβέ
1229 4017 1264 4074 με
1284 3999 1413 4075 πνεῦμα,

98 4154 100 4160 ⁴
152 4067 193 4163 εβς
205 4074 301 4148 χεῖρας
318 4063 501 4152 ἀλλοτρίων,
526 4073 578 4136 καί
595 4072 713 4156 ποιησω
730 4075 763 4139 ἐν
799 4078 850 4141 καί
863 4074 959 4159 ἤγαγέ
968 4101 1003 4158 με
1013 4079 1116 4179 είςγην
1126 4075 1293 4140 Χαλδαίων
1305 4080 1344 4150 είς
1356 4074 1415 4159 τὴν

151 4151 370 4230 ννῒννρίματα·
387 4153 600 4239 1θένρομιμαίις
612 4167 762 4233 πεσεῖσθε,
799 4159 1005 4245 αἰχμαλωσίαν
1029 4161 1061 4222 ἐν
1085 4156 1186 4243 οράσει
1210 4161 1242 4223 έν
1265 4153 1413 4241 πνεύματι

151 4230 214 4329 ἐπὶ.
226 4235 288 4294 τῶν
312 4228 409 4315 ἀρέων
439 4239 496 4300 τοῦ
521 4235 647 4322 Ἰσραὴλ
671 4245 762 4323 κρινῶ
799 4248 883 4312 θεοῦ.
903 4245 955 4308 καί
967 4240 1076 4391 ἀνΔηΖην
1089 4241 1151 4308 ἀπὸ
1164 4246 1217 4346 της
1229 4237 1362 4344 ὁράσεως
1376 4234 1413 4325 ἧς

151 4309 511 4394 υθαέιῖαίὲπίῖῖῶσέσθέ
525 4317 641 4397 ὅῐιένοδ
652 4317 760 4407 κύριος.
799 4328 875 4404 ἴδον,
895 4329 925 4372 ²⁵
935 4327 1013 4392 καὶ’
1052 4325 1132 4409 λησα
1143 4351 1221 4411 προς
1233 4349 1288 4410 την
1300 4329 1413 4409 αἰχμα-

149 4396 178 4437 ¹³
190 4398 242 4463 *αἱ
258 4400 370 4475 ἕλὲῖέῐὸ
388 4402 419 4465 ἓν
439 4404 486 4482 τῷ
501 4398 699 4484 προφητεύειν
715 4433 760 4490 με,
798 4412 913 4477 λωσίαν
930 4406 1048 4484 πάντας
1066 4406 1137 4485 τούς
1154 4407 1265 4488 λόγους
1281 4414 1339 4475 τοῦ
1356 4436 1414 4475 κυ-

148 4481 202 4542 καί
211 4481 346 4559 Φαλτίας
360 4479 378 4549 ὁ
392 4487 449 4552 τοῦ
461 4489 599 4556 Βαναίου
612 4483 759 4569 ἀπέθανε,
796 4500 866 4582 ρίου
878 4489 931 4570 οὓς
943 4493 1035 4570 έδειξέ
1049 4518 1112 4577 μοι.
1330 4581 1413 4659 Κεφ.
