2924 4972
160 207 223 274 εον
450 210 901 274 εσσνπνοινοιυιοιυ
936 206 1111 290 πηνα,

159 314 238 400 ὑμεῖς
250 316 282 381 δὲ
295 319 466 403 διαβαίνετε,
479 321 530 381 καί
541 318 768 404 κληρονομήσετε
798 318 871 396 θεὸς
889 321 1028 396 είςελθιδν
1044 321 1143 408 λαβεῖν
1160 324 1257 405 ἑαυτοῦ
1270 325 1359 397 ε”θνος
1372 326 1404 388 ἐκ

157 400 213 484 τήν
225 404 281 481 γῆν
294 399 350 483 τήν
362 398 485 483 ἀγαθήν
498 395 617 485 ταύτην,
635 404 665 444 ²³
677 431 701 468 π
720 429 769 478 ος-
798 406 890 487 μέσου
902 407 1010 478 ε”θνους
1021 408 1053 469 ἐν
1065 408 1227 489 πειρασμῷ,
1243 406 1294 467 καί
1306 409 1337 468 ἐν
1349 432 1404 489 οη-

159 486 235 566 ίχετε
256 478 339 566 ὑμῖν,
364 482 403 566 μή
422 480 611 585 ἐπιλάθησθε
628 484 685 567 τήν
700 429 768 550 διον-
798 492 901 567 μείοις,
925 488 1016 552 καὶέν
1028 490 1144 572 τέρασι,
1162 487 1213 550 καί
1224 486 1401 570 δνπολίμῳ,

158 561 259 650 θήκην
272 570 377 650 κυρίου
388 569 443 630 τοῦ
454 570 530 632 θεοῦ
544 571 639 649 ημιῦν,
662 563 699 651 ἣν
711 569 768 632 διί-
798 570 849 632 καί
862 573 894 632 ἐν
909 569 980 653 χειρί
993 573 1138 654 κραταιή,
1162 568 1213 632 καί
1226 571 1258 632 ἕν
1269 572 1402 654 βραχίονι

159 659 232 715 θετο
249 647 326 733 πρὸς
339 644 429 729 ὑμᾶς,
454 650 506 713 καί
517 646 694 733 άνομήοητι,
713 651 770 715 ,καί
800 647 921 733 ὑψηλῷ,
934 652 985 714 καί
996 655 1027 715 ἐν
1039 646 1170 736 δράμασι
1180 647 1329 734 μεγάλοις,
1347 679 1402 735 κα-

159 728 302 831 ποιήσητε
311 727 380 815 ὑμῖν
389 733 505 805 ἑαυτοῖς
512 731 648 808 γλυπτδν
657 730 767 817 ὁμοίω·
797 732 836 797 τά
849 735 949 797 πάντα
966 728 1027 798 ὅσα
1042 737 1162 816 ἐποίησε
1179 729 1279 834 κῦριος
1299 729 1402 811 ὁθεδς

157 841 201 899 μα
218 837 342 880 παντων
361 805 405 878 (δν
418 815 558 890 συνέταξέ
569 841 616 880 σοι
633 812 766 900 κῦριοςδ
797 812 880 899 ήμῶν
897 820 928 881 δν
945 810 1095 896 Αίγῦπτῳ
1113 811 1242 880 ἐνώπιον
1259 840 1314 881 σου
1330 817 1401 921 pl&-

157 892 229 971 θεός
247 921 313 961 σου.
351 897 383 938 ²³
398 892 446 961 δτι
465 893 565 981 κῦριος
583 894 601 962 δ
620 892 692 972 θεάς
710 924 767 963 σου
796 923 917 973 ποντος.
940 894 1052 1001 36δίρτε
1064 888 1182 979 είδῆσαί
1190 922 1231 972 σε,
1243 894 1290 961 δτι
1303 924 1401 983 κυριος

157 984 219 1067 πῦρ
240 979 461 1045 καταναλίσκον
479 981 557 1055 ίστί,
582 980 654 1056 θεὸς
671 980 767 1064 ζηλω-
797 976 899 1056 δθεάς
912 1005 969 1045 σου
987 1005 1077 1055 ουτος
1094 976 1166 1057 θεός
1178 984 1256 1054 ἐστι,
1281 983 1332 1047 καί
1344 979 1401 1046 οῦκ

157 1058 218 1145 τῆς.
231 1057 317 1126 26ίδιν
331 1059 363 1125 δὲ
374 1058 514 1155 γεννήσης
526 1061 608 1137 υίοῦς
619 1065 670 1128 καί
682 1061 766 1141 υίοῦς
797 1065 877 1128 δ’στιν
893 1063 937 1128 ἔτι
951 1057 1030 1146 πλήν
1047 1059 1152 1127 αὐτοῦ.
1191 1063 1221 1104 ³⁶
1234 1066 1334 1128 ε’·κτοῦ
1349 1062 1403 1129 οῦ-

157 1150 219 1211 τῶν
236 1148 309 1222 υἱῶν
321 1170 391 1219 σου,
416 1145 468 1208 καί
479 1150 635 1229 χρονίσητε
652 1147 703 1210 ἐπὶ
713 1149 766 1228 τῆς
795 1148 891 1231 ρανοῦ
902 1140 1034 1228 άκουστή
1048 1147 1160 1223 ἐγένετο
1176 1140 1194 1228 ῆ
1208 1144 1291 1228 φωνή
1305 1145 1402 1212 αῦτοῦ

156 1233 224 1312 γῆς,
243 1228 294 1291 καί
306 1222 466 1311 ἀνομήσητε
478 1229 530 1294 καί
541 1224 681 1334 ποιήσητε
688 1228 764 1329 γλω
794 1229 951 1295 παιδεῦσαί
967 1252 1013 1303 σε,
1037 1231 1088 1296 καί
1104 1229 1156 1295 ἐπὶ
1172 1231 1224 1309 τῆς
1239 1233 1294 1312 γῆς
1315 1231 1406 1305 eane&

156 1310 236 1376 πτὸν
254 1311 391 1394 ὁμοίωμα
405 1308 533 1386 παντὸς,
559 1337 610 1375 και
623 1335 765 1395 ποιησητε
797 1336 844 1376 σοι
853 1308 889 1375 τὸ
902 1314 964 1395 πῦρ
976 1306 1074 1375 αὐτοῦ
1084 1309 1121 1375 τὸ
1133 1313 1220 1394 μέγα,
1233 1314 1284 1376 καί
1295 1310 1335 1375 τά
1348 1308 1402 1397 ρή-

156 1391 194 1460 τδ
212 1390 343 1478 πονηρὸν
360 1386 485 1457 ἐνώπιον
500 1399 603 1477 κυρίου
618 1398 676 1459 τοῦ
688 1397 765 1460 θεοῦ
794 1419 877 1478 ματα
886 1390 983 1458 αὐτοῦ
996 1390 1125 1476 ήκουσας
1136 1396 1169 1471 ἐκ
1177 1397 1270 1476 μέσου
1280 1399 1334 1462 τοῦ
1344 1423 1402 1459 πυ-

157 1474 240 1559 ῦμῶν
259 1481 441 1579 παροργίσαι
461 1472 569 1551 αὐτὸν,
595 1477 626 1520 ²³
637 1476 764 1580 διαμαρ-
795 1473 857 1562 ρός,
896 1477 925 1518 ³⁷
937 1474 987 1542 διά
1004 1475 1042 1540 τὸ
1056 1472 1206 1558 ἀγαπῆσαι
1219 1475 1313 1542 αὐτὸν
1332 1476 1402 1552 τοὺς

157 1555 287 1643 τείρομαι
306 1569 372 1642 υμῖν
390 1553 515 1642 σήμερον
526 1553 581 1623 τόν
591 1584 623 1623 τε
635 1556 765 1644 οῦρανον
794 1562 927 1644 πατέρας
937 1583 1002 1633 σου,
1014 1560 1067 1622 καὶ
1076 1558 1225 1635 ἐξελέξατο
1236 1558 1272 1629 τὸ
1284 1562 1401 1644 σπέρμα

158 1644 209 1722 καί
221 1641 275 1724 τήν
286 1645 357 1725 γῆν,
382 1636 430 1706 δτι
449 1639 585 1727 ἀπωλείᾳ
599 1640 764 1707 ἀπολεῖσθε
795 1638 897 1710 αῦτῦν
906 1638 965 1746 μετ’
982 1637 1090 1716 αὐτοὺς
1103 1637 1194 1724 ῦμᾶς,
1216 1644 1268 1711 καί
1280 1638 1402 1723 ἐξήγαγε

157 1722 220 1791 άπὸ
240 1729 292 1810 τῆς
307 1727 375 1807 γῆς,
400 1729 440 1799 είς
458 1720 494 1807 ῆν
513 1719 592 1809 ῦμείς
602 1725 765 1815 διαβαίνετε
795 1749 828 1791 σε
842 1723 934 1800 αὐτος
946 1726 978 1788 ἐν
989 1727 1029 1818 τῇ
1041 1719 1227 1850 labiniam&
1239 1749 1276 1826 τη
1289 1721 1401 1818 μεγάλη

157 1806 211 1874 τὸν
220 1801 372 1893 Ἰορδάνην
384 1809 445 1872 ἐκεῖ
453 1805 681 1893 κληρονομῆσαι,
699 1805 735 1872 οῦ
757 1808 764 1831 “
795 1803 1016 1884 εἝΑίγῦπτου,
1096 1806 1308 1892 ἔξολοθρευοαι
1326 1812 1400 1893 ἔθνη

156 1891 371 1978 πολυχρονιείτε
383 1886 493 1977 ῆμέρας
506 1890 550 1957 ἐπ’
566 1889 675 1976 αὐτῆς,
695 1833 765 1956 άλλζ
792 1884 909 1976 μεγάλα
920 1890 972 1956 καί
984 1886 1156 1976 ίαχνρότερά
1170 1915 1225 1956 σου
1236 1889 1297 1973 πρὸ
1310 1917 1402 1976 προς-

156 1974 310 2066 ῆίκτριβῆ
326 1974 544 2060 ἐκτριβήσισθε.
588 1976 680 2040 27καί
699 1976 766 2040 δια-
796 1971 883 2040 άπου
907 2000 977 2050 σου,
1000 1979 1160 2053 είςαγαγείν
1184 1999 1216 2038 σε
1232 1974 1337 2039 δοῦναί
1353 2000 1402 2041 σοι

158 2071 258 2145 σπερεῐ
275 2054 377 2143 κάριος
391 2055 509 2141 ῦμᾶςίν
521 2061 669 2133 πᾶσιτοῖς
680 2059 766 2124 ἔθνε-
794 2054 849 2141 τήν
872 2062 929 2140 γῆν
947 2055 1046 2122 αὐτῶν
1066 2056 1271 2143 κληρονομεῖν,
1297 2054 1402 2135 καθὼς

159 2164 197 2217 σι,
216 2144 268 2210 καὶ
279 2134 553 2223 καταλειφθήσεσθε
565 2138 664 2220 ὀλίγον
675 2140 766 2226 άριθ-
795 2143 866 2225 ἔχεις
883 2134 1016 2228 σήμερον.
1054 2140 1084 2182 ³⁹
1097 2141 1149 2205 καί
1165 2136 1265 2232 γνάση
1278 2135 1403 2226 σήμερον

156 2230 203 2307 μῷ
220 2229 252 2289 ἐν
268 2228 345 2289 πάσι
360 2233 426 2298 τοῖς
439 2226 568 2299 ἔθνεσιν,
594 2229 633 2299 είς
645 2220 698 2299 οῦς
710 2229 766 2300 είς-
795 2225 847 2289 καί
858 2217 1067 2316 ἒπιστραψήση
1079 2227 1118 2306 τῆ
1132 2224 1265 2306 διανοίᾳ,
1288 2221 1335 2288 ὅτι
1348 2219 1403 2289 κῦ-

157 2304 219 2383 άξει
237 2305 335 2413 κῦριος
348 2301 423 2410 ὑμᾶς
436 2309 502 2410 ἐκεῖ.
534 2306 565 2350 ²³
577 2309 629 2371 καί
641 2303 766 2393 λατρεῦ-
795 2332 859 2392 ριος
876 2302 893 2372 δ
906 2303 978 2382 θεάς
992 2331 1047 2371 σου
1065 2293 1155 2381 οῦτος
1165 2304 1237 2381 θεὸς
1249 2308 1280 2370 ἐν
1290 2311 1335 2390 τῷ
1347 2304 1402 2371 οῦ·-

158 2415 222 2455 σετε
235 2415 293 2455 εκει
306 2399 392 2464 θεοις
404 2412 529 2473 ετεροις,
554 2390 653 2474 ἔργοις
661 2395 766 2479 χειρῶν
795 2394 877 2474 ρανῷ
891 2387 955 2454 δίνω
967 2390 1018 2453 καί
1031 2388 1082 2454 ἐπί
1098 2393 1151 2472 τῆς
1163 2394 1217 2474 γῆς
1227 2386 1326 2466 κάτω,
1351 2391 1403 2454 καί
1422 2415 1425 2421 ·

156 2469 338 2560 δινθρολποιν,
352 2465 452 2549 ξῦλοις
465 2473 516 2537 καί
527 2472 641 2551 λίθοις,
664 2481 696 2538 οἳ
708 2471 764 2539 οῦκ
796 2470 852 2538 οῦκ
868 2475 946 2539 ἔστιν
958 2475 1003 2538 ἔτι
1013 2472 1093 2556 πλήν
1105 2470 1210 2537 αὐτοῦ.
1236 2472 1269 2516 ⁴⁰
1282 2473 1333 2539 καί
1346 2499 1403 2554 ψυ-

155 2555 298 2641 δψονται,
315 2554 385 2623 οῦτε
396 2556 436 2640 μή
450 2552 629 2635 άκοῦσωσιν,
643 2555 712 2623 οῦτε
723 2556 764 2665 μή
796 2552 929 2633 λάξασθε
947 2551 1002 2631 τάς
1019 2554 1142 2629 ἐντολάς
1160 2554 1270 2633 αὐτοῦ,
1295 2558 1346 2620 καί
1364 2555 1403 2620 τὰ

156 2637 301 2722 φάγωσιν,
314 2638 384 2706 οῦτε
394 2640 435 2724 μή
448 2639 655 2725 ὀσφρανθῶσι
672 2643 703 2685 ²⁰
714 2667 766 2706 και
795 2635 981 2725 δικαιώματα
994 2636 1105 2716 αὐτοῦ,
1123 2634 1183 2704 δσα
1195 2634 1254 2718 ἐγώ
1267 2639 1403 2705 ίντελλο-

156 2719 291 2809 ζητήσετε
308 2726 368 2788 ἐκεῖ
382 2718 484 2807 κῦριον
501 2722 555 2788 τὸν
572 2720 646 2788 θεδν
670 2719 764 2809 ῦμοῦν,
794 2731 848 2806 μαί
866 2749 916 2790 σοι
933 2717 1073 2807 σήμερον,
1099 2726 1149 2786 ἵνα
1169 2709 1201 2788 εδ
1218 2747 1268 2789 σοι
1283 2726 1404 2806 γένηται

155 2808 208 2870 καί
224 2801 357 2891 εῦρήσετε
379 2803 489 2881 αὐτὸν,
507 2801 582 2870 ὅταν
599 2803 765 2891 ίκζητήσετε
794 2808 846 2870 καί
857 2816 921 2881 τοῖς
933 2808 1009 2881 υίοῖς
1023 2831 1080 2872 σου
1090 2804 1165 2890 μετά
1178 2804 1227 2882 σὲ,
1249 2801 1333 2911 ὅπως
1344 2833 1405 2890 μα-

156 2886 249 2956 αῦτόν
261 2891 291 2966 ἐξ
303 2884 375 2973 δλης
386 2892 439 2972 τῆς
452 2887 575 2972 καρδίας
588 2913 659 2965 σου,
671 2891 724 2954 καί
735 2891 765 2967 ἐξ
795 2884 953 2975 κροήμεροι
965 2891 1093 2974 γένησθε
1107 2889 1157 2957 ἐπί
1168 2892 1219 2973 τῆς
1229 2889 1293 2972 γῆς,
1306 2914 1341 2971 ης
1350 2883 1404 2953 κῦ-

156 2970 228 3056 δλης
240 2976 293 3056 τῆς
306 2976 402 3056 ψυχῆς
420 2997 475 3036 σου
488 2975 519 3035 ἐν
529 2976 568 3062 τῇ
580 2972 685 3056 θλίψει
698 2999 762 3040 σου,
795 2998 857 3078 ριος
874 2970 975 3047 δθεάς
988 2999 1041 3038 σου
1059 2973 1163 3039 δίδωσί
1176 2997 1223 3037 σοι
1235 2967 1337 3047 πείσας
1349 2970 1403 3048 τάς

154 3059 187 3100 ³⁰
199 3057 251 3120 καί
276 3050 433 3137 εῦρήσουσί
452 3079 482 3118 σε
498 3049 605 3128 πάντες
631 3060 663 3119 oz
680 3052 764 3134 λόγον
795 3059 915 3142 ημέρας.
955 3054 985 3097 ⁴¹
1001 3051 1071 3120 τότε
1101 3050 1233 3139 ἀφώρισε
1263 3061 1403 3138 Μωυσῆς

156 3131 240 3204 οῦτοι
250 3134 293 3200 ἐπ’
306 3132 422 3220 ἐσχάτῳ
432 3139 495 3200 τοῦν
505 3132 629 3240 ήμερῶν,
639 3140 690 3203 καί
698 3142 764 3204 ἐπι-
794 3151 872 3225 τρεῖς
883 3135 983 3214 πόλεις
994 3142 1091 3223 πέραν
1101 3141 1158 3201 τοῦ
1168 3134 1325 3221 Ἰορδάνου
1336 3134 1401 3202 άπὸ

156 3213 315 3328 στραψήση
333 3214 409 3305 πρὸς
426 3214 528 3305 κῦριον
542 3245 596 3285 τον
612 3217 685 3286 θεάν
698 3247 763 3299 σου,
795 3220 952 3292 ἆνατολῶν
969 3220 1081 3327 ήλίου,
1108 3219 1141 3261 ³²
1153 3229 1254 3300 φυγεῖν
1273 3221 1334 3282 ἐκεῖ
1347 3218 1401 3283 τὸν

155 3330 207 3375 και
216 3299 369 3397 είςακοῦση
382 3308 435 3386 τῆς
447 3308 548 3408 φωνῆς
561 3301 665 3370 αὐτοῦ.
684 3300 764 3371 31δτι
795 3305 955 3390 φονευτήν,
971 3332 1006 3380 ος
1018 3297 1196 3407 άντφονεῦση
1208 3299 1262 3365 τὸν
1274 3301 1402 3385 πλησίον

155 3387 227 3465 θεὸς
240 3392 402 3474 οἰκτίρμων
410 3385 508 3472 κύριος
517 3414 534 3452 ο
544 3384 616 3463 θεάς
630 3415 694 3454 σου.
707 3387 763 3454 οὐκ
794 3387 849 3454 οὐκ
862 3388 954 3464 εἰδὼς,
972 3389 1025 3453 καί
1036 3410 1124 3462 ουτος
1141 3384 1179 3451 οῦ
1198 3387 1289 3469 μισοῦν
1306 3381 1402 3449 αὐτὸν

155 3473 362 3555 ἐγκαταλείψει
376 3496 421 3547 σε,
445 3468 515 3536 οὐδὲ
527 3469 565 3576 μή
579 3475 709 3557 ίκτρίψει
721 3497 762 3537 σε.
794 3472 855 3558 πρὸ
868 3477 921 3557 τῆς
929 3471 1000 3557 χθὲς
1012 3471 1065 3537 καί
1075 3473 1128 3553 τῆς
1145 3473 1261 3557 τρίτης,
1284 3468 1335 3534 καί
1347 3493 1402 3532 κα-

156 3554 211 3661 οήκ
224 3551 396 3659 ἐπιλήσετριι
408 3552 461 3658 τήν
473 3556 618 3657 διαθηκην
630 3560 690 3655 τοῦη
702 3581 764 3620 πα-
794 3553 1018 3663 ταψεῦξεηαηείς
1032 3556 1182 3678 μίαηᾏτοῆν
1197 3547 1316 3657 πόλεων
1331 3547 1401 3652 τοῦῑ

155 3648 763 3806 32⁶{313325'0212322“ssgffip’ff‘ssass
794 3637 1403 3807 Ξῖλίλζλήῗήῖῆπήίίςῗήδδοῆήλ

156 3805 310 3884 γενομένας
322 3806 470 3887 προτέρας
481 3830 537 3869 σου
550 3800 613 3870 άπὸ
626 3809 679 3889 τῆς
691 3802 763 3889 ῆμέ-
794 3749 847 3870 καλ
857 3788 912 3889 τῆν
921 3792 1049 3889 Ῥάμοῦθ
1061 3787 1092 3868 ίν
1108 3792 1237 3866 Γαλαὰδ
1259 3804 1305 3883 τῷ
1317 3801 1401 3865 Γαδ-

156 3912 228 3971 ρας,
247 3875 282 3970 ἧς
295 3887 406 3951 ίίιτισιν
423 3883 524 3962 ὁθεὸς
536 3886 701 3973 άνθρωπον
713 3889 764 3952 ἐπί
795 3890 838 3963 δί,
863 3891 914 3952 καί
939 3886 992 3974 τῆν
1017 3883 1149 3951 Γαυλών
1173 3888 1208 3986 δη
1224 3883 1334 3949 Βασάν
1357 3886 1402 3967 τῷ

155 3974 208 4052 τῆς
219 3973 287 4050 γῆς,
312 3972 363 4034 καί
380 3971 431 4034 ἐπὶ
443 3969 479 4034 τὸ
493 3969 587 4055 άκρον
599 3976 655 4037 τοῦ
669 3968 764 4056 οὐρα-
796 3976 959 4052 Μανασσῆ,
996 3962 1132 4049 ιδοῦπος
1145 3964 1163 4034 ὃ
1175 3991 1264 4051 νομος
1277 3962 1312 4032 δν
1323 3991 1402 4049 παρ-

156 4056 211 4118 νοῦ
232 4056 287 4128 ἕως
303 4057 361 4116 τοῦ
379 4051 473 4136 άκρου
490 4059 546 4118 τοῦ
563 4053 713 4138 οὐρανοῦ,
739 4058 765 4117 εί
795 4057 883 4119 ε’θετο
896 4042 1034 4138 Μωυσῆς
1046 4048 1175 4118 ἐνώπιον
1187 4054 1262 4115 υίιῦν
1271 4045 1402 4134 Ἰσραήλ

156 4139 256 4214 γέγονε
274 4131 352 4199 κατά
368 4134 406 4198 τὸ
425 4137 504 4219 ῥῆμα
521 4134 558 4203 τὸ
569 4140 647 4219 μέγα
659 4138 762 4215 τοῦτο,
795 4135 826 4180 ⁴⁶
835 4143 933 4203 ταῦτα
945 4136 985 4201 τά
996 4131 1155 4221 μαρτῦρια,
1168 4135 1219 4198 καί
1230 4132 1269 4196 τὰ
1283 4125 1402 4197 δικαιοί-

157 4223 183 4283 εί
207 4218 353 4303 ῆκουσται
377 4222 509 4286 τοιοῦτο,
548 4223 577 4263 ³³
590 4225 614 4284 εί
640 4213 764 4302 α’κήκοεν
793 4246 890 4305 ματα,
915 4223 966 4285 καί
990 4218 1030 4285 τά
1055 4224 1186 4303 κρίματα
1206 4211 1264 4281 δσα
1281 4210 1403 4298 ἐλάλησε

157 4302 247 4377 ἔθνος
266 4300 368 4385 φωνήν
386 4306 460 4365 θεοῦ
478 4305 584 4380 ζῶντος
602 4301 763 4378 λαλοῦντος
794 4308 933 4388 Μωυσῆς
945 4314 1011 4378 τοῖς
1023 4306 1099 4374 υίοῖς
1109 4298 1246 4384 Ἰσραήλ,
1265 4298 1404 4373 ἐξελθον-

157 4386 189 4449 δκ
201 4388 293 4467 μέσου
310 4389 366 4449 τοῦ
379 4383 486 4469 πυρὸς,
513 4383 547 4452 ὃν
561 4380 677 4471 τρόπον
689 4382 762 4468 άκή-
793 4410 855 4452 των
867 4384 968 4450 αὐτῶν
978 4391 1011 4451 ἐκ
1023 4389 1077 4466 γῆς
1088 4379 1259 4461 Αίγῦπτου.
1278 4381 1347 4444 4θίν
1358 4384 1403 4464 τῷ

156 4493 230 4545 κοας
243 4464 280 4534 σίν
297 4471 348 4532 καί
360 4470 475 4553 ἐζησας.
501 4469 533 4513 ³⁴
546 4474 572 4535 εί
582 4465 761 4555 ίπείρασενδ
793 4473 889 4554 πέραν
900 4473 957 4533 τοῦ
971 4462 1137 4555 Ἰορδάνου,
1154 4469 1187 4530 ἐν
1198 4461 1341 4547 φάραγγι,
1355 4465 1403 4566 ἐγ-

644 4568 648 4575 ’
1349 4570 1404 4621 7¹¹⁴
