2924 4972
154 206 216 276 148
450 210 486 272 Α
500 211 529 270 P
544 213 560 271 1
574 205 601 269 Θ
614 210 659 269 Μ
670 209 732 270 01
769 208 845 284 Κεφ.
861 199 907 280 ιγ’.
922 199 971 266 ιδ’.
987 200 1036 267 13.
1052 195 1101 266 14.

147 302 295 407 ’λέῆάνιῆ
304 324 320 365 3
328 327 377 405 τῆς
390 320 483 404 φυλῆς
494 317 643 403 Ἰσσάχαρ,
654 315 760 383 Ἷλαάλ
787 317 863 402 πρὸς
875 321 978 382 πᾶσαν
992 312 1168 400 συναγωγῆν
1180 320 1254 381 υῖιάν
1266 316 1396 401 Ἰσραῆλ,

151 407 215 481 υἱὸς
235 403 359 487 Ἰωσῆφ.
399 404 480 486 3τῆς
506 402 598 487 φυλῆς
610 401 759 484 ,Ἐφραὶμ
787 405 827 476 εἷς
852 396 907 483 τῆν
932 403 1041 483 ἔρημον
1067 396 1176 485 Φαράν
1194 393 1307 481 Κάδης.
1346 402 1397 463 καὶ

152 487 240 573 Αάσῆ
259 488 323 562 υἶάς
335 482 438 570 Ναυῆ.
463 489 492 527 ¹⁰
506 489 558 568 τῆς
575 485 668 569 φυλῆς
680 490 759 549 Βεν-
788 481 993 568 ἀπεκρίθησαν
1019 480 1122 557 αὐτοῖς
1146 485 1227 584 ῥῆμα
1243 485 1295 546 καὶ
1310 479 1396 572 πόση

150 575 240 654 ταμεν,
257 571 356 635 maha*
369 567 432 643 υἱός
444 564 570 647 Ῥαφοῦ.
596 571 620 609 ¹¹
636 573 689 650 τῆς
702 593 759 649 φυ-
788 570 958 660 συναγωγῇ,
971 566 1022 629 καὶ
1032 564 1144 639 ἔδειξαν
1153 589 1207 630 τον
1216 561 1333 650 καρπόν
1343 573 1396 648 τῆς

149 655 202 739 λῆς
219 653 403 740 Ζαβουλὼν,
426 656 457 714 Γ
456 650 557 734 ουδιῆλ
576 646 640 725 υἱός
656 652 757 716 Σουδί.
786 655 850 733 γῆς,
860 644 1133 732 33καὶδιηγῆσαντσ
1144 644 1229 731 αιἰτιῆ
1237 649 1289 712 καὶ
1299 645 1394 714 εἶπαν.

148 742 233 822 13τῆς
244 737 338 840 φυλῆς
347 733 460 818 Ἰιοσῆφ
469 739 531 800 τῶν
541 737 614 798 υἱών
624 740 758 799 Μανασ-
788 733 921 835 ῆλθαμεν
934 735 973 807 ελς
985 730 1039 813 τῆν
1049 734 1107 812 γῆν
1120 733 1159 804 εἰς
1172 725 1209 813 ῆν
1220 727 1396 807 ἀπέστειλας

149 825 205 901 σῆ,
222 825 255 884 Γ
252 819 334 893 αδδι,
352 817 416 892 υῖὸς
427 822 534 882 Σουσῖ.
559 817 586 858 ¹³
599 820 651 900 τῆς
664 816 758 900 φυλῆς
788 821 875 922 ημᾶς,
889 820 945 899 γῆν
955 817 1082 894 ῥέουσαν
1093 807 1175 891 γάλα
1187 812 1325 916 καὶμελι.
1343 817 1395 879 καὶ

150 901 231 977 Λάν,
248 899 570 986 ἈμιῆλυῖόςΓαμαλῖ.
596 898 626 940 ¹⁴
637 904 689 983 τῆς
700 909 756 979 φυ-
787 891 1035 1001 ουτυςόκαρπός
1049 893 1151 979 αὐτῆς.
1189 897 1221 938 ²⁹
1235 894 1299 960 αλλ’
1315 892 1335 980 5
1349 894 1394 962 ότι

149 987 202 1069 λῆς
226 984 334 1068 Ἀπ’ρ,
369 980 499 1066 Σαθοδρ
529 981 593 1056 υἱὸς
622 978 755 1066 Μιχαῆλ
787 980 890 1065 θρασὺ
903 977 939 1044 τό
953 982 1040 1053 ἔθνος
1054 975 1265 1043 τὸκατοικοῡν
1278 978 1321 1045 ἐπ’
1338 978 1395 1044 αὐ-

150 1013 336 1152 13τῆςφυλῆς
347 1067 606 1150 Νεφθαλὶ,Ναβι’.
621 1065 757 1140 υῖόςΣα-
787 1070 855 1148 τῆς,
880 1063 931 1127 καὶ
949 1057 1047 1137 πόλεις
1069 1058 1176 1146 ὀχυραὶ
1191 1067 1395 1167 τετειηισμέναι

148 1155 187 1236 βέ.
227 1154 254 1195 ¹³
268 1155 319 1234 τῆς
335 1150 430 1234 φυλῆ,Ι
442 1147 524 1224 Γὰδ,
549 1152 583 1211 Γ
579 1145 681 1232 συδιῆλ
695 1144 758 1223 υἱός
786 1144 911 1231 μεγάλαι
924 1141 1048 1229 σφόδρα.
1066 1147 1117 1209 καὶ
1129 1140 1182 1228 τῆν
1193 1171 1296 1223 γενεαν
1312 1145 1395 1232 Ενάχ

149 1241 265 1319 Μακχὶ.
283 1237 413 1298 17ταῦτα
425 1230 465 1299 τά
478 1228 615 1314 ὀνόματα
628 1237 688 1296 τῶν
702 1228 757 1296 ἀν-
787 1224 958 1316 ἑωράκαμεν
970 1233 1038 1293 ἐκεῖ.
1069 1229 1100 1269 ³⁰
1112 1231 1164 1292 καὶ
1174 1226 1307 1330 Ἀμαλῆκ
1320 1256 1392 1294 κατ-

148 1319 243 1402 δρών,
271 1312 324 1392 οὓς
341 1314 496 1382 ἀπέστειλε
510 1319 645 1398 Μωυσῆς
661 1338 757 1379 κειτα-
787 1325 862 1378 οικεῖ
875 1316 906 1377 ἐν
922 1316 960 1406 τῆ
977 1315 1016 1399 γῆ
1036 1307 1166 1395 τ’,πρός
1184 1337 1280 1376 νοτον.
1309 1310 1394 1378 καὶὸ

149 1403 325 1484 σκέψασθαι
342 1398 397 1482 τῆν
415 1403 479 1476 γῆν.
518 1399 569 1461 καὶ
585 1395 758 1482 ἐπωνόμασε
789 1403 949 1471 Χετταῖος,
962 1397 1014 1459 καὶ
1026 1390 1044 1458 ό
1054 1339 1178 1470 Χάαῖος,
1190 1397 1241 1459 καὶ
1254 1392 1271 1460 ὁ
1283 1392 1395 1543 Ἰεηλου-

149 1487 287 1563 Μωυσῆς
304 1478 357 1545 τόν
370 1477 463 1562 Αάσῆ
483 1475 549 1544 υῖὸν
567 1480 675 1564 Ναυῆ,
696 1478 758 1562 Ἰη-
789 1480 940 1554 σαῖος,καὶ
953 1473 970 1542 ό
985 1474 1162 1562 Ἅμορῤαῖῖις
1174 1491 1308 1544 κατοικεῖ
1333 1484 1394 1571 ντῆ

149 1568 228 1630 σσῡν.
253 1565 281 1606 ¹⁸
289 1565 340 1627 καὶ
352 1559 522 1627 ἀπέστειλεν
535 1559 645 1637 αάτοάς
657 1569 756 1628 Μωυ-
787 1560 894 1665 ἀρεινῆ.
908 1562 959 1626 καὶ
971 1557 989 1627 ὃ
1003 1567 1177 1635 Χαναναῖος
1191 1573 1324 1627 κατοικεῖ
1333 1589 1395 1626 πα-

149 1651 203 1732 σῆς
214 1650 471 1730 κατασκέψασθαι
481 1641 536 1730 τῆν
547 1651 604 1749 γῆν
615 1643 757 1723 Χαναὰν,
788 1671 827 1731 ρα
839 1644 1019 1720 θάλασσαν,
1046 1645 1097 1709 καὶ
1108 1640 1193 1727 παρὰ
1205 1643 1261 1708 τὸν
1274 1638 1394 1727 Ἰορδά-

147 1733 200 1795 καὶ
213 1730 275 1796 εἶπε
286 1730 363 1816 πρὸς
376 1724 493 1805 αὐτούς.
520 1728 650 1816 ἀναβητε
662 1724 757 1812 ταάτη
788 1753 840 1811 νην
852 1723 998 1812 ποταμόν.
1016 1729 1041 1769 ³¹
1048 1728 1099 1791 καὶ
1112 1720 1310 1810 κατεσιώπησε
1322 1725 1394 1792 Χά-

149 1818 187 1940 τῆ
200 1812 308 1897 ἐρῆμῳ,
322 1815 372 1877 καὶ
385 1810 568 1898 ἀναβῆσεσθε
581 1818 620 1888 εἰς
629 1812 666 1878 τὸ
677 1801 757 1898 δροξ,
787 1812 839 1917 λεῆῖ
850 1811 903 1876 τὸν
915 1808 990 1876 λαὸν
1001 1809 1077 1894 πρὸς
1088 1812 1237 1912 Μωυσῆν,
1250 1808 1300 1873 καὶ
1313 1808 1394 1875 εἶπεν

147 1900 168 1938 ¹‘
189 1899 240 1961 καὶ
265 1895 380 1978 ὄψεσθε
399 1895 453 1977 τῆν
470 1900 525 1979 γῆν
544 1901 588 1970 τῖς
606 1899 682 1972 έστι,
707 1897 757 1959 καὶ
788 1899 881 1978 αυτῷ.
908 1892 990 1980 οάχλ,
1012 1890 1092 1958 ἀλλά
1105 1890 1267 1979 ἀναβάντες
1280 1891 1394 1998 ἀναβη-

147 1978 201 2044 τὸν
214 1978 289 2042 λαὸν
307 1975 362 2042 τὸν
379 1975 580 2061 ἔγκαθῆμενον
592 1975 637 2043 ἐπ’
654 1976 756 2062 αὐτῆς,
787 1975 915 2062 σόμεθα,
927 1979 979 2042 καὶ
991 1971 1325 2060 κατακληρονομῆσομεν
1338 2003 1393 2041 αι·-

149 2066 174 2125 a
193 2055 306 2147 ἰσχυρός
325 2065 406 2126 ε’στιν
424 2056 600 2144 ῆάσθενῆς,
626 2059 755 2145 ῆόλέγοι
786 2059 856 2164 τῆν,
887 2058 933 2126 ὅτι
959 2062 1080 2125 δυνατοὶ
1104 2055 1293 2144 δυνησόμεθα
1317 2059 1394 2145 πρός

148 2147 219 2210 εἰσὶν
239 2145 256 2228 5
274 2143 392 2209 πολλοί.
416 2145 448 2186 ²⁰
460 2144 511 2208 καὶ
529 2150 573 2218 τίς
587 2142 604 2228 ῆ
617 2148 656 2228 γῆ
669 2149 708 2220 εἰς
721 2140 755 2227 ῆν
787 2144 907 2219 αυτοός.
934 2145 964 2187 ³²
977 2145 1027 2208 καὶ
1042 2146 1073 2208 οἱ
1090 2140 1153 2207 ἀνθ
1172 2167 1250 2208 ωπον
1276 2146 1308 2208 οῖ
1325 2169 1393 2209 συν-

147 2219 231 2294 οὗτοι
251 2224 437 2311 έγκάθηνται
453 2225 497 2291 ἐπ’
514 2224 621 2311 αιἰτῆς,
646 2223 754 2312 ῆκαλῆ
787 2223 948 2307 αναβάντες
959 2224 1017 2326 μετ’
1031 2223 1125 2290 αάτοῦ
1140 2168 1233 2291 ελπαν.
1252 2223 1394 2292 οὐκάνα-

147 2312 225 2376 έστιν
238 2309 256 2393 5
270 2307 396 2396 πονηρά.
414 2312 464 2374 καὶ
477 2315 551 2385 τίνες
564 2315 597 2374 οιῖ
609 2306 710 2387 πόλεις
720 2307 755 2387 ἀς
784 2315 933 2396 βαίνομεν,
947 2310 993 2373 ὅτι
1007 2306 1042 2373 οὗ
1055 2309 1095 2392 μῆ
1108 2304 1268 2392 δυνώμεθα
1280 2306 1393 2398 ἀναβῆ-

147 2385 231 2459 οὗτοι
244 2400 435 2459 κατοικοῦσιν
447 2396 478 2460 έν
491 2392 605 2470 αιἰταῖς,
619 2397 687 2460 εἶέν
698 2420 755 2460 τει-
786 2419 833 2458 ναι
857 2388 934 2476 πρός
953 2387 991 2456 τό
1009 2395 1113 2468 ἔθνος,
1138 2389 1185 2457 ὅτι
1203 2390 1392 2478 ἰσχυρότερον

145 2473 262 2562 χῆρεσιν
279 2477 297 2563 5
316 2481 348 2542 ἐν
366 2475 549 2562 ἀτειχίστοις.
575 2481 601 2522 ²¹
615 2479 666 2543 καὶ
678 2474 753 2562 τῖςῆ
786 2473 867 2561 ῆμῶν
885 2477 948 2541 ἐστι
964 2475 1087 2560 μᾶλλον.
1126 2477 1155 2519 33
1168 2477 1220 2540 καὶ
1236 2473 1393 2559 ε’ξῆνεγκαν

145 2567 200 2664 γῆ,
228 2562 245 2646 5
263 2567 341 2627 πίων
360 2558 377 2645 5
394 2566 562 2648 παρειμένη.
589 2568 614 2628 ελ
632 2566 710 2627 ε”στιν
723 2564 755 2626 έν
785 2563 924 2626 έκστασιν
933 2565 986 2644 τῆς
991 2564 1049 2663 γῆς
1059 2555 1095 2642 ῆν
1103 2561 1325 2706 κατεσκέψαντο
1336 2557 1392 2624 αά-

146 2649 223 2727 αυτῆ
240 2646 347 2729 δένδρα
365 2646 382 2728 5
401 2645 447 2708 οά.
473 2648 525 2709 καὶ
537 2640 754 2732 προςιαρτερῆ-
785 2642 839 2728 τῆν
852 2641 929 2729 πρὸς
945 2669 1017 2718 τους
1030 2641 1110 2718 υἱοὺς
1123 2637 1229 2727 Ἰσραῆ
1252 2693 1262 2721 ,
1287 2640 1392 2722 λέγον-

145 2718 247 2800 σανὲες
264 2723 399 2809 λῆψεσθε
416 2722 479 2790 ἀπό
491 2732 553 2792 τῶν
566 2732 690 2810 καρπῶν
702 2733 754 2812 τῆς
785 2751 838 2802 τες.
877 2723 932 2811 τῆν
956 2732 1012 2811 γῆν
1030 2721 1066 2810 ῆν
1082 2723 1279 2811 παρῆλθομεν
1297 2724 1392 2828 αιἰτῆν

145 2813 207 2891 γῆς.
243 2809 294 2872 καὶ
319 2812 352 2871 αῖ
379 2805 499 2891 ῆμέραι,
526 2804 630 2893 ῆμέραι
657 2812 753 2893 ἔαρος,
784 2813 1051 2893 κατασκέψασθαι,
1065 2813 1105 2892 γῆ
1118 2811 1310 2875 κατέσθουσα
1322 2835 1392 2886 τους

144 2887 312 2976 πρόδρομοι
330 2891 490 2975 σταφυλῆς.
515 2893 545 2931 ²³
557 2892 608 2954 καὶ
621 2888 754 2978 ἀναβάν·
784 2894 996 2967 κατοικοῦντας
1008 2888 1053 2955 ἐπ’
1069 2891 1164 2977 αὐτῆς
1176 2894 1246 2956 ἔστι.
1266 2893 1317 2956 καὶ
1329 2898 1391 2969 πάς

144 2998 191 3045 τες
220 2977 445 3056 κατεσκέψαντο
468 2969 522 3056 τῆν
539 2977 595 3056 γῆν
612 2971 674 3039 ἀπὸ
701 2980 753 3060 τῆς
784 2973 889 3050 ὁλαὸς
902 2972 937 3042 ὃν
950 2973 1122 3062 ἑωράκαμεν
1135 2980 1166 3041 ἐν
1179 2971 1271 3057 αάτῆ,
1289 2973 1391 3063 ἀνδρες

145 3059 320 3141 ἰρῆμουΣὶν
332 3050 492 3140 έὲυςῬοὸβ,
506 3059 752 3143 εῖςπορευομένων
785 3056 966 3144 ὑπερμῆκεις.
1010 3056 1041 3099 ³⁴
1061 3060 1112 3122 καὶ
1136 3061 1198 3125 ἐκεῖ
1219 3046 1391 3144 ἑωράκαμεν

122 3135 264 3219 Alfio,
303 3138 332 3178 ²³
348 3136 399 3200 καὶ
425 3135 569 3223 ἀνέβησαν
595 3138 673 3204 κατά
699 3137 752 3225 τῆν
782 3141 853 3215 τοὺς
865 3148 1022 3218 γίγαντας,
1046 3143 1097 3206 καὶ
1109 3131 1180 3226 ῆμεν
1192 3138 1320 3207 ἐνώπιον
1332 3141 1389 3207 αά-

144 3225 262 3305 ἔρημον,
273 3220 323 3283 καὶ
334 3217 478 3303 ἀπῆλθον
488 3227 544 3298 ἕως
553 3223 692 3329 Χεῆριάν,
701 3225 752 3288 καὶ
782 3228 844 3288 τῶν
870 3221 936 3297 ὡςεὶ
962 3220 1086 3307 ἀκρίδες.
1126 3224 1205 3291 ἀλλά
1225 3225 1277 3290 καὶ
1294 3221 1390 3300 οάτως

143 3309 204 3369 ἐκεῖ
213 3301 351 3407 Ἀηιμάν,
376 3306 427 3368 καὶ
438 3308 543 3381 Σεσσὶ,
560 3333 612 3371 και
629 3308 750 3392 Θελιιμὶ,
783 3296 854 3391 ῆμεν
873 3302 1003 3372 ἐνιάπιον
1016 3308 1126 3373 αὐτῶν.

143 3389 241 3465 γενεαὶ
257 3383 346 3472 Ενάχ.
363 3389 414 3453 καὶ
428 3389 646 3474 Χεβρώνέπτά
659 3394 752 3456 ἔτεσιν
823 3439 839 3457 r
966 3396 1040 3455 ΚΕ
1054 3396 1091 3454 (1).
1136 3387 1203 3458 1A'.

143 3467 325 3555 ᾠκοδομῆθη
337 3467 398 3558 πρό
412 3477 468 3537 τοῦ
482 3473 572 3537 Τανὶν
579 3470 749 3550 Αἰγύπτου.
782 3439 868 3539 Καὶ
884 3470 1076 3560 ἀναλαβοῦσα
1097 3479 1182 3541 πᾶσα
1200 3471 1219 3559 ῆ
1237 3469 1389 3559 συναγωγῆ

143 3553 228 3619 33καὶ
240 3550 606 3640 ῆλθοσανέωςφάραγγος
614 3552 749 3662 ηλότρυος,
782 3558 902 3622 ἐνέδωκε
927 3553 1033 3642 φωνῆν.
1072 3559 1124 3622 καὶ
1148 3559 1258 3622 έλιλαιεν
1279 3555 1297 3621 ὁ
1315 3555 1389 3633 λαός

142 3639 192 3700 καὶ
205 3640 429 3717 κατεσκέψαντο
442 3633 545 3721 αὐτῆν.
571 3663 622 3700 και
635 3641 749 3721 ἔκοψαν
782 3635 854 3724 ὅλην
870 3637 924 3724 τῆν
942 3635 1033 3704 νόκτα
1046 3643 1160 3722 ἐκείνην,
1185 3641 1263 3703 2καὶ
1275 3636 1388 3717 διεγόγ-

142 3720 256 3782 έκεῖθεν
280 3718 378 3819 κλῆμα
402 3720 454 3781 καὶ
469 3715 580 3825 (λό’τρυν
598 3721 749 3807 σταφυλῆς
780 3728 866 3800 γυζον
884 3725 934 3788 ἐπὶ
945 3726 1081 3804 Μωυσῆν
1093 3724 1143 3785 καί
1157 3717 1270 3806 Ἀαρών
1281 3715 1388 3798 πάντες

142 3804 195 3864 ένα
220 3796 264 3862 ἐπ’
294 3804 404 3875 αυτοῦ,
428 3826 477 3864 και
496 3803 573 3893 ῆραν
591 3801 685 3870 αιἰτὸν
702 3805 745 3870 ἐπ’
781 3810 812 3870 οἶ
825 3810 884 3871 υἱοὶ
893 3804 1022 3892 Ἰσραῆλ.
1033 3806 1084 3868 καὶ
1096 3803 1180 3868 εἶπαν
1191 3804 1267 3891 πρὸς
1278 3802 1388 3884 αιἰτοάς

141 3880 341 3966 ἀναφορεῦσι,
367 3884 418 3946 καὶ
431 3881 493 3948 ἀπό
506 3889 567 3950 τῶν
579 3889 674 3973 ῥοῶν,
698 3889 749 3952 καὶ
779 3893 864 3955 πάσα
881 3887 900 3975 ῆ
920 3884 1082 3971 συναγωγῆ.
1110 3885 1216 3971 ὄφελον
1234 3886 1388 3957 ἀπεθάνο-

141 3963 205 4030 ἀπὸ
220 3969 281 4029 τῶν
292 3970 397 4031 συκῶν.
412 3969 496 4032 23καὶ
506 3964 559 4034 τὸν
569 3967 664 4035 τόπον
674 3973 746 4035 ἐκεῖ·
779 3995 828 4052 μεν
851 3975 883 4036 έν
905 3978 945 4057 γῆ
961 3970 1126 4055 Αἰγύπτῳ,
1150 3970 1170 4097 5
1188 3975 1220 4037 έν
1236 3977 1273 4064 τῆ
1291 3969 1387 4058 ἕρῆμῳ

140 4045 404 4146 νονέπωνόμαραν
417 4050 537 4136 φάραγξ
548 4048 684 4139 βότρυος,
698 4053 746 4118 διά
780 4050 875 4139 ταότη
892 4061 917 4121 εἰ
926 4046 1127 4140 ’ἀπεθάνομεν
1181 4057 1232 4120 καὶ
1245 4060 1325 4122 ῖνατῖ
1334 4053 1387 4121 κά-

140 4130 193 4195 τόν
204 4128 326 4218 βότρυν,
345 4129 381 4195 όν
393 4135 507 4216 ἔκοψαν
520 4137 632 4200 ἐκεῖθεν
644 4139 675 4201 οἱ
688 4138 748 4202 υἱοὶ
779 4165 841 4223 ριος
857 4129 966 4218 ἐἶςάγει
988 4136 1064 4224 ῆμᾶς
1082 4145 1121 4215 εἰς
1137 4135 1191 4223 τῆν
1206 4144 1261 4223 γῆν
1278 4137 1388 4224 ταύτην

136 4209 269 4298 Ἰσραῆλ.
308 4215 338 4315 ξθ
351 4217 401 4280 καὶ
418 4215 612 4300 ἀπέστρεψαν
635 4222 747 4287 ἐκεῖθεν
777 4235 876 4288 πεσεῖν
897 4226 929 4287 ἐν
944 4223 1065 4307 πολέμῳ
1069 4252 1081 4302 ,·
1108 4228 1143 4287 αῖ
1157 4234 1289 4301 γυναῖκες
1306 4220 1387 4307 ῆμιόν

138 4315 397 4399 κατασκεψάμενοι
416 4300 472 4426 τῆν
488 4304 544 4384 γῆν
554 4295 630 4384 μετὰ
643 4327 747 4368 τεσσα-
778 4307 885 4370 καὶτὰ
901 4308 1008 4370 παιδία
1025 4308 1142 4371 ἔσονται
1161 4311 1199 4382 εῖς
1212 4302 1386 4392 διαρπαγῆν.

138 4404 273 4484 ρακοντα
286 4385 402 4485 ημέρας.
457 4383 532 4447 ’uae'
549 4388 746 4467 πορευθέντες
777 4394 828 4453 νῦν
852 4377 906 4453 οὖν
920 4384 1038 4474 βελτιόν
1055 4392 1131 4453 ἔστιν
1156 4387 1386 4476 ἀποστραφῆναι

138 4462 239 4552 ηλθον
257 4490 332 4552 προς
345 4466 553 4552 Μωυσῆνκαέ
564 4462 683 4553 Ἀαριδν
694 4471 745 4534 καὶ
777 4476 816 4547 εἷς
833 4471 1001 4549 Αἴγυπτον.
1026 4469 1107 4535 4καὶ
1125 4469 1211 4536 εἶπαν
1227 4476 1325 4578 ἕτερος
1341 4475 1388 4559 τῷ

757 4571 762 4579 “
1283 4557 1385 4638 ιτέριμ.
