2924 4972
162 227 226 294 518
537 227 724 286 σιισιν
761 227 838 300 τοο.
852 220 887 294 ς’.
901 214 937 295 ζ’.
952 220 982 285 6.
996 223 1025 285 7.
1201 266 1216 293 .

159 323 258 403 ταῦτα
277 338 323 401 δεῖ
339 342 481 401 καπνίσαι
499 330 623 399 ἐνώπιον
642 329 765 418 ἀνθρώ·
797 337 853 423 τῇ,
866 335 1006 416 ἐγέρθητι
1019 330 1194 436 ἀμφότεροι,
1213 335 1264 400 καί
1275 330 1410 420 βοήσατε

159 447 235 495 που,
261 418 444 504 ἢγυναικδς,
466 421 515 483 καί
527 420 626 501 μηκέτι
639 414 763 519 ὀχληθῐη.
798 413 876 498 πρὸς
900 413 953 479 τόν
977 417 1118 518 ἐλεημονα
1136 416 1224 492 θεὸν,
1249 420 1301 481 καί
1319 412 1409 482 σώσει

158 501 207 587 9ή
227 501 258 569 δὲ
282 501 357 587 χολή
377 506 507 588 ε”γχρισαι
526 500 707 583 ἀνθρωπον,
732 501 765 574 ὃς
799 493 888 579 ὑμᾶς,
913 498 1091 583 καίἔλεησει.
1100 498 1158 604 μή
1171 504 1277 587 φοβοῦ,
1295 496 1344 563 ὅτι
1358 500 1408 564 σοί

160 591 215 671 ἔχει
241 582 413 667 λευκώματα
438 588 470 648 ἐν
493 594 558 658 τοῖς
583 582 765 666 ὀφθαλμοῖς,
798 578 875 664 αῦτη
888 576 1083 668 ἡτοιμασμένη
1096 610 1132 668 ην
1145 581 1272 648 ἀπὸτοῦ
1284 586 1406 658 αἰῶνος,

158 674 209 734 καί
231 665 396 751 ἰαθήσεται.
422 670 450 710 ¹⁰
463 664 504 741 ὡς
520 665 552 731 δὲ
565 664 765 750 προςήγγισαν
797 666 849 728 καί
862 662 898 729 σὺ
912 663 1007 750 αὑτήν
1020 662 1136 741 σώσεις,
1163 668 1214 730 καί
1230 661 1407 750 πορεύσεται

158 758 196 836 tr]
210 749 318 832 Ῥάγη,
340 755 364 793 ¹¹
378 748 456 816 εἶπεν
469 746 486 813 ὁ
500 747 622 827 ἀγγελος
636 754 678 833 τῷ
693 776 762 814 παι-
796 745 869 831 μετὰ
896 752 966 826 σοῦ,
990 751 1043 813 καί
1067 744 1267 833 ὑπολαμβάνω
1285 744 1333 811 ότι
1354 749 1407 813 σσί

157 826 262 918 δἀρίῳ.
286 825 411 914 ’σἰδιλφὲ,
437 828 562 934 σήμερον
580 827 765 915 αῦλισθησό-
797 836 880 895 ἔσται
893 833 924 908 ἐξ
937 829 1028 914 αὐτῆς
1039 831 1152 896 παιδία.
1177 832 1229 893 καί
1240 827 1281 903 ώς
1292 827 1406 911 ἤκουσε

155 928 237 1004 μεθα
250 917 335 1003 παρὰ
343 915 505 999 Ῥαγουηλ,
528 918 580 980 καί
592 912 683 991 αύτδς
695 942 765 994 συγ·
801 917 919 1000 Τωβίας
931 918 1041 990 ταῦτα,
1066 913 1202 996 ἐφίλησεν
1215 909 1322 995 αὑτήν,
1348 915 1404 975 καί

156 997 241 1084 γενής
253 1027 307 1065 σου
320 1003 412 1077 ἐστίν,
437 1002 487 1064 καί
505 1001 583 1064 ἐστίν
604 996 688 1082 αὑτῷ
705 1010 765 1065 θυ-
796 995 868 1082 ήψυ
887 995 904 1075 ή
919 995 1012 1062 αὑτοῦ
1022 991 1171 1080 ἐκολλήθη
1181 991 1299 1080 σφόδρα
1311 991 1402 1086 αὑτῇ.

155 1082 251 1169 γάτηρ
266 1082 388 1166 ὀνόματι
400 1079 515 1169 Σάρρα.
531 1076 686 1164 12λαλήσω
697 1085 765 1167 περὶ
796 1082 847 1146 καί
858 1081 949 1167 ηλθεν
966 1084 1005 1155 εἰς
1016 1076 1190 1166 Ἐκβάτανα.

156 1166 264 1249 αὑτῆς,
281 1172 338 1232 τοῦ
351 1168 479 1250 δοθῆναί
493 1191 538 1231 σοι
552 1163 647 1248 αὑτήν
659 1170 698 1240 εἰς
710 1193 764 1244 γυ-
992 1167 1115 1228 xm.
1157 1157 1205 1226 Z'.

155 1264 255 1326 ναῖκα,
277 1253 328 1316 καὶ
340 1246 387 1316 ότι
401 1276 449 1316 σοι
462 1246 611 1336 ἐπιβάλλει
623 1246 642 1331 ή
654 1249 764 1335 κληρο-
795 1214 852 1311 K
849 1250 881 1313 αἰ
898 1250 1074 1329 παρεγίνετο
1092 1250 1130 1322 εἰς
1147 1244 1201 1329 τήν
1218 1248 1314 1309 οἰκίαν
1328 1238 1406 1308 Ῥα-

156 1342 245 1418 νομία
262 1332 370 1418 αὑτής,
396 1335 447 1398 καί
466 1332 503 1398 σύ
516 1327 605 1416 μόνος
624 1329 694 1397 εἰέκ
707 1337 763 1396 τοῦ
794 1325 898 1412 γουήλ.
912 1332 963 1395 καί
971 1325 1079 1416 Σάβρα
1088 1328 1120 1395 δὲ
1133 1325 1297 1411 ὑπήντησεν
1307 1324 1405 1409 αύτῷ,

154 1422 259 1497 γένους
273 1415 381 1518 αύτής,
405 1415 504 1481 καὶτὸ
517 1411 658 1500 κοράσιον
669 1413 763 1478 καλὸν
795 1414 846 1476 καί
858 1414 1030 1498 ἐχαιρέτισεν
1042 1410 1154 1486 αύτόν,
1177 1414 1228 1477 καί
1240 1408 1332 1485 αύτδς
1347 1411 1404 1476 αῦ-

154 1502 206 1565 καὶ
219 1496 362 1581 φρόνιμον
375 1503 463 1561 ἐστιν.
476 1499 561 1560 13καί
571 1501 622 1559 νῦν
634 1492 763 1559 ἀκουσόν
794 1489 873 1568 τούς.
892 1497 943 1557 καί
954 1491 1101 1577 εἰςήγαγεν
1115 1492 1228 1569 αύτούς
1239 1499 1277 1567 εἰς
1289 1493 1343 1575 τήν
1356 1499 1403 1559 οἰ-

153 1607 221 1665 μσυ,
235 1582 287 1643 καί
298 1574 423 1660 λαλήσω
436 1581 480 1659 τῷ
490 1578 584 1662 πατρί
597 1574 697 1658 αῦτής,
711 1577 764 1639 καί
793 1579 868 1640 κίαν.
906 1578 985 1638 2καί
1002 1575 1064 1639 εἰπε
1084 1575 1238 1662 Ῥαγουήλ
1253 1575 1345 1660 ’Ἑδνᾳ
1364 1580 1402 1660 τῆ

154 1660 229 1727 όταν
242 1657 469 1761 ὑποστρέφσμεν
481 1654 652 1735 ἕκῬαγοῦν,
670 1652 759 1739 ποιή-
792 1658 908 1733 γυναικί
920 1655 1024 1720 αὑτοῦ.
1052 1652 1092 1731 ιὺς
1106 1653 1208 1739 ὅμοιος
1224 1649 1403 1735 ὁνεανίσκός

154 1769 241 1826 σομεν
253 1738 305 1807 τὸν
315 1765 418 1845 γαμον.
432 1737 509 1806 διότι
519 1742 679 1823 ἐπίσταμαι
686 1737 761 1804 Ῥα-
797 1741 896 1825 Τωβίτ
908 1743 953 1822 τῷ
966 1737 1078 1824 ἀνεψιῷ
1087 1766 1150 1842 μου
1155 1771 1167 1820 ,·
1194 1745 1208 1784 ³
1221 1744 1273 1807 καί
1285 1739 1402 1844 ήρώτη-

153 1822 248 1909 γουήλ
266 1821 314 1890 ὅτι
332 1851 368 1890 ου
381 1823 421 1906 μή
433 1824 476 1906 δῷ
494 1820 587 1905 αὑτήν
599 1822 685 1910 ἀνδρί
697 1825 756 1888 ἑτέ·
793 1848 839 1889 σεν
849 1820 1122 1907 αῦτοῦςῬαγουηλ.
1135 1820 1304 1892 πόθενίστε
1314 1823 1403 1891 ἀδελ-

181 1975 187 1991 ,
211 1907 290 1972 κατά
302 1905 357 1972 τδν
369 1902 461 1990 νόμον
472 1909 609 1979 Μώῦσ”,
640 1904 760 1991 ἢδφει-
793 1911 864 1988 φοίς
889 1908 940 1971 καί
962 1905 1046 1972 εἶπον
1069 1904 1162 1990 αὑτῷ.
1188 1913 1222 1973 ἐκ
1246 1913 1307 1974 τῶν
1328 1913 1402 1974 υἱῶν

154 1936 236 2076 λήσει
253 1984 403 2066 θάνατον,
429 1985 475 2053 ότι
495 1986 548 2071 τήν
564 1934 761 2075 κληρονομίαν
792 1989 939 2072 Νεφθαλί
949 1994 1010 2055 τών
1023 1986 1219 2074 αἰχμαλώτων
1233 1995 1266 2056 ἐκ
1278 1988 1401 2078 Νινευή.

156 2100 205 2140 σοι
217 2067 341 2156 καθήκει
353 2071 466 2157 λαβεῖν,
490 2066 623 2156 ἢπάντα
637 2071 760 2159 ἀνθρω-
792 2073 871 2137 4καί
888 2071 967 2139 εἶπεν
985 2071 1095 2148 αὑτοῖς.
1125 2072 1280 2152 γινώσκετε
1301 2078 1401 2164 Τωβίτ

156 2182 223 2222 πον.
262 2156 291 2198 ¹⁴
303 2152 370 2220 τότε
392 2154 470 2220 εἶπεν
488 2151 524 2218 τό
540 2150 700 2239 παιδάριον
716 2160 759 2219 τῶ
792 2153 845 2221 τὸν
863 2152 989 2238 ἀδελφόν
1009 2154 1107 2240 ήμῶνς
1134 2161 1165 2222 οί
1182 2157 1215 2223 δὲ
1236 2157 1329 2225 εἷπον.
1354 2186 1401 2238 γι-

155 2238 280 2320 ἀγγελτρ.
301 2235 425 2320 Ἀζαρία
439 2235 555 2319 ἀδελφά,
573 2235 690 2321 ἀκήκοα
702 2222 760 2341 ἐγώ
792 2235 944 2342 νώσκομτν.
969 2241 1021 2304 καί
1035 2238 1112 2304 εἰπεν
1124 2238 1237 2317 αὑτοῖς.
1263 2240 1400 2322 ὑγιαίνεις

153 2320 190 2386 τὸ
209 2315 350 2402 κοράσιον
367 2319 512 2387 δεδόσθαι
529 2318 607 2386 ἑπτά
626 2319 759 2407 ἀνδρασι,
792 2322 849 2387 6σί
861 2323 893 2387 δε
907 2321 1001 2388 είπαν.
1019 2324 1070 2387 καί
1082 2325 1126 2425 ζῇ,
1139 2326 1191 2388 καί
1204 2323 1335 2402 ὑγιαίνει.
1349 2329 1401 2392 καί

154 2406 205 2468 καί
216 2402 331 2478 πάντας
348 2407 379 2468 ἔν
392 2407 438 2487 τοῦ
455 2409 586 2487 νυμφῶνι
600 2401 760 2470 ἀπολωλό-
792 2403 854 2470 εἰπε
875 2410 1002 2493 Τωβίας.
1027 2430 1091 2471 πατ
1111 2433 1128 2492 ρ
1145 2433 1204 2491 μου
1216 2411 1288 2474 ἐστί.
1321 2411 1401 2476 ὃκαί

153 2512 216 2560 τας.
234 2488 322 2550 15καί
336 2491 385 2552 νῦν
398 2484 457 2564 ἐγώ
469 2481 561 2571 μόνος
573 2492 629 2570 εἰμί
642 2493 686 2571 τῷ
698 2514 760 2552 πα-
792 2485 955 2573 ἀνεπήδησε
963 2434 1126 2572 Ῥαγουήλ,
1146 2495 1198 2555 καί
1209 2493 1400 2577 κατεφίλησεν

152 2571 215 2652 τρὶ,
240 2570 292 2633 καί
310 2575 460 2657 φοβοῦμαι
473 2568 512 2654 μή
532 2568 668 2645 εἰςελθών
680 2569 761 2635 ἀπο·
792 2569 901 2647 αὑτὸν,
928 2575 978 2638 καί
990 2571 1129 2648 ἔκλαυσε,
1157 2576 1235 2639 7καί
1248 2573 1401 2660 εὐλόγησεν

154 2647 242 2749 θάνω
255 2651 361 2728 καθώς
374 2656 424 2717 καί
436 2657 468 2716 οἶ
476 2650 628 2757 πρότεροι,
639 2650 686 2717 ὅτι
695 2655 760 2718 δαι-
792 2652 901 2730 αῦτόν,
926 2656 977 2721 καί
993 2654 1070 2720 εἶπεν
1084 2653 1177 2740 αύτῷ.
1205 2655 1223 2723 ὑ
1237 2664 1292 2724 τοῦ
1306 2660 1401 2725 καλοῦ

153 2758 252 2818 μονιον
268 2735 347 2812 φιλεῖ
362 2734 469 2818 αὐτήν,
497 2738 514 2800 ὁ
531 2734 584 2799 οῦκ
602 2735 697 2800 ἀδικεῖ
706 2734 759 2801 οῦ-
791 2741 842 2802 καὶ
854 2735 977 2815 ἀγαθοῦ
986 2733 1154 2822 ἀνθρώπου
1165 2737 1235 2816 υίός.
1248 2745 1298 2806 καί
1308 2739 1399 2809 ἀκού-

153 2818 223 2882 δένα
231 2817 311 2900 πλήν
322 2814 695 2914 τῶνπροςαγόντωναῦτή.
709 2821 760 2883 καὶ
791 2845 844 2894 σας
856 2816 901 2883 ὅτι
919 2825 1020 2906 Τωβίτ
1037 2820 1175 2888 ἀπώλεσε
1192 2823 1294 2900 τυύςό
1343 2825 1397 2890 αλ-

154 2904 205 2965 νῦν
223 2898 280 2977 ἐγώ
298 2904 448 2988 φοβοῦμαι
459 2897 500 2984 μή
514 2896 682 2977 ἀποθάνω,
708 2904 760 2966 καὶ
789 2901 862 2985 μοὺς
887 2905 1014 2979 ἑαυτοῦ,
1039 2902 1175 2989 ἐλυπήθη
1196 2909 1248 2972 καί
1265 2836 1399 2975 issam.

153 2978 273 3060 κατάξω
285 2981 339 3067 τήν
352 2981 429 3066 ζωήν
441 2989 500 3048 τοῦ
511 2979 627 3068 πατρός
639 3011 696 3065 μου
709 2987 759 3049 καί
791 2987 870 3049 8καί
880 2985 973 3052 “Eam
990 2983 1099 3092 ὑηγυνή
1117 2987 1212 3052 αὑτοῦ
1230 2994 1281 3057 καί
1292 2987 1400 3077 Σάβρα

152 3072 206 3152 τής
225 3068 336 3150 μητρός
352 3093 410 3151 μου
428 3065 486 3149 μετ’
507 3065 613 3150 ὀδύνης
630 3066 674 3133 ἐπ’
696 3071 759 3150 ἐμοὶ
796 3066 805 3087 ‘
822 3067 962 3175 θυγάτηρ
976 3075 1074 3136 αυτοῦ
1086 3070 1242 3148 ὲίιλαυσαν,
1261 3078 1314 3138 καί
1328 3073 1400 3141 ὑπε-

153 3156 192 3225 εἰς
205 3149 259 3214 τόν
271 3147 369 3231 τάφον
383 3149 499 3226 αὐτῶν,
522 3152 573 3214 καί
586 3151 649 3227 υἱός
662 3156 759 3237 ἕτερος
791 3097 911 3229 δέξαντο
924 3149 1035 3227 αυτούς
1046 3149 1218 3235 προθύμως.
1237 3154 1312 3217 οκαί
1324 3160 1401 3221 ἔθυ-

154 3232 208 3318 ούχ
229 3229 350 3319 ὑπάρχει
369 3232 471 3309 αῦτοῖς
483 3230 516 3310 ὃς
527 3230 624 3320 θάψει
640 3231 758 3311 αύτούς.
792 3260 846 3301 σαν
857 3237 940 3322 κριὸν
950 3230 1124 3321 προβάτων,
1150 3234 1201 3297 καί
1216 3239 1400 3319 παρέθηκαν

153 3316 256 3383 1ῧεῖττε
272 3320 303 3385 δὲ
318 3315 401 3402 αύτῷ
415 3316 432 3383 ὁ
446 3317 577 3396 ἀγγελος.
604 3317 640 3385 ού
652 3323 760 3402 μέμνη-
792 3318 858 3403 όψα
871 3321 1001 3386 πλείονα.
1015 3315 1077 3381 εἶπε
1090 3316 1121 3381 δὲ
1138 3319 1256 3402 Τωβίας
1268 3322 1312 3402 τῷ
1321 3316 1398 3384 Ῥα-

156 3429 205 3469 σαι
223 3408 284 3469 τῶν
301 3397 414 3482 λόγων,
440 3395 482 3467 ιῦν
500 3403 661 3470 ἐνετείλατό
675 3428 724 3468 σοι
741 3399 759 3467 ὁ
793 3400 883 3508 φαήλ.
903 3403 1024 3488 Ἀζαρία
1039 3397 1157 3483 ἀδιλφὲ,
1175 3395 1307 3482 λάλησον
1321 3400 1400 3490 ὑπὲρ

153 3482 255 3575 πατήρ
270 3513 338 3564 σου,
352 3485 426 3574 ὑπὲρ
439 3491 496 3552 τοῦ
508 3486 607 3574 λαβεῖν
617 3513 647 3552 σε
656 3497 761 3566 γυναϊ-
793 3511 834 3550 ων
845 3488 945 3565 ἔλεγες
959 3490 990 3551 ἐν
1000 3488 1037 3578 τῇ
1051 3491 1168 3570 πορείᾳ,
1193 3488 1245 3549 καί
1257 3485 1400 3570 τελεσθή-

155 3597 193 3635 κα
205 3575 237 3635 ἐκ
250 3576 305 3637 τοῦ
322 3576 424 3649 γένους
436 3597 490 3637 σου
494 3600 506 3649 ,·
531 3574 582 3636 καί
600 3575 652 3635 νῦν
669 3569 761 3636 ἀκου-
792 3597 835 3635 τω
849 3568 885 3634 τό
893 3575 1026 3651 πρᾶγμα.
1038 3570 1123 3636 10καί
1134 3569 1276 3653 μετέδωκε
1284 3567 1397 3634 τὸνλό-

155 3649 207 3716 σόν
231 3680 289 3734 μου
309 3653 433 3735 ἀδελφί,
458 3653 533 3720 διότι
554 3679 603 3719 σοι
620 3656 704 3720 ἔσται
721 3658 761 3729 εἰς
791 3677 844 3732 γον
861 3657 906 3734 τῴ
918 3647 1076 3736 Ῥαγουήλ,
1102 3655 1153 3718 καί
1169 3651 1231 3718 εἰπε
1246 3649 1397 3735 Ῥαγουήλ

154 3746 287 3811 γυναῖκα,
300 3740 416 3802 καὶτοῦ
428 3737 578 3818 δαιμονίου
587 3738 697 3820 μηδένα
706 3733 760 3800 λό-
792 3733 869 3821 πρὸς
886 3741 1014 3843 Τωβίαν.
1045 3730 1137 3817 φάγε,
1161 3742 1224 3813 πίε,
1245 3731 1400 3818 καίήδίως

155 3839 209 3892 γον
222 3819 281 3898 ἔχε,
307 3813 355 3881 ὅτι
371 3816 424 3901 τήν
436 3816 527 3883 νύκτα
544 3816 654 3902 ταύτην
666 3814 762 3921 δοθή-
792 3825 883 3898 γίνου,
893 3846 942 3885 σοι
954 3818 1012 3903 γάρ
1025 3820 1151 3883 καθ’κει
1164 3819 1200 3883 τδ
1212 3819 1331 3887 παιδίον
1341 3843 1399 3900 μου

156 3903 238 3961 σεταί
249 3922 295 3961 σοι
309 3895 385 3982 αῦτη
397 3906 437 3975 εἰς
447 3914 580 3979 γυναῖκα.
606 3903 633 3944 ¹⁷
646 3903 697 3965 καί
709 3904 761 3965 ίαν
792 3903 907 3987 λαβεῖν,
932 3900 1012 3985 πλήν
1031 3847 1179 3979 ὑποδείξω
1198 3927 1246 3967 σοι
1259 3901 1315 3985 τήν
1326 3896 1400 3984 ἀλή-

155 3980 285 4067 εἰςίλθῃς
303 3985 342 4055 εἰς
360 3981 413 4047 τδν
430 3989 585 4066 νυμφώνα,
610 3979 696 4076 λήιγη
712 3987 762 4048 τί·
792 3995 885 4050 θειαν.
911 3989 936 4027 ¹¹
950 3987 1049 4051 ἔδωκα
1065 3982 1102 4050 τό
1120 3985 1241 4050 παιδίον
1252 4011 1310 4066 μου
1323 3982 1401 4051 ἑπτά

155 4086 234 4143 φραν
246 4059 456 4144 θυμιαμάτων,
469 4068 520 4132 καί
532 4060 685 4147 ι’πιθήσεις
698 4063 760 4131 ἀπὸ
792 4066 931 4151 ἀνδράσι,
956 4070 1008 4133 καί
1020 4064 1111 4133 ὁπότε
1125 4066 1177 4132 ε’ἀν
1188 4064 1402 4152 εἰςεπορεύοντο

154 4150 208 4243 τής
225 4146 348 4230 καρδίας
365 4148 417 4210 καί
437 4152 494 4212 τοῦ
511 4143 626 4231 ἥπατος
642 4152 699 4212 τοῦ
718 4153 761 4234 ἰχ-
792 4151 868 4236 πρὸς
881 4149 991 4229 αὑτήν,
1005 4147 1197 4235 ἀπέθνησκον
1210 4146 1271 4216 ὑπὸ
1282 4147 1337 4234 τήν
1349 4146 1402 4215 νύ-

155 4236 245 4302 θαος,
271 4230 322 4293 καί
334 4235 496 4306 καπνίσεις,
520 4230 613 4292 18καί
628 4227 761 4316 ἀσφραν,
792 4258 856 4298 κτα.
884 4231 962 4299 ἀλλά
979 4233 1016 4299 τὸ
1030 4239 1080 4299 νῦν
1093 4237 1173 4320 ἔχον,
1200 4230 1294 4337 ήδίως
1305 4239 1400 4311 γίνου.

154 4306 283 4393 θήσεται
299 4308 337 4376 τὸ
354 4307 522 4389 δαιμόνιον,
547 4313 598 4376 καί
616 4308 760 4394 φεύξεται,
792 4319 843 4382 καί
861 4316 923 4382 εἶπε
944 4321 1070 4404 Τωβίας.
1101 4319 1139 4382 οῦ
1165 4342 1290 4400 γευομαι
1314 4314 1402 4381 οῦδὲν

153 4397 206 4460 καί
226 4392 282 4459 οῦκ
298 4389 521 4461 δπανελεύσεται
539 4399 578 4469 εἰς
594 4397 647 4461 τὸν
665 4401 761 4463 αἰώνα
792 4391 859 4477 ώδε,
870 4403 926 4475 ἕως
938 4398 976 4465 ἀν
985 4395 1111 4483 στήσητε
1120 4402 1172 4468 καί
1184 4404 1316 4483 σταθήτε
1323 4396 1401 4480 πρὸς

153 4480 210 4544 τοῦ
222 4481 339 4557 αἰῶνος.
366 4473 483 4546 ὑτανδὲ
498 4474 687 4574 προςπορεύη
704 4478 760 4549 αῦ-
790 4485 834 4566 μί.
855 4483 906 4549 καί
918 4478 1149 4565 εἰπεῬογουήλ
1171 4485 1295 4563 κομίζου
1308 4477 1401 4585 αῦτήη

1336 4590 1402 4628 απο
