2924 4972
140 216 202 283 ιυι
391 214 833 277 υπνππΡοΝοΜιοιν
874 202 1135 295 Κισ.ε’.ς’.5,ο,

137 331 257 415 λαλήσει
275 329 293 396 ὁ,
310 329 383 406 θεὸς
398 330 475 415 πρὸς
494 329 673 413 ἄνθρωπον,
698 331 749 393 καί
777 322 943 412 μερεόσητε.
961 328 1038 391 3καὶ
1050 306 1398 436 ἅκουσον’1σραή-λ,-ιιαλ

137 415 264 501 ζήσεται.
302 415 333 458 ²⁸
344 412 397 478 καὶ
415 417 468 477 νῦν
481 409 522 496 μή
536 407 749 494 ἀποθάνωμεν,
779 408 914 493 φύλαξον
925 422 1019 476 ποιεῖν
1033 405 1118 486 ὅπως
1129 401 1161 476 εὖ
1175 436 1224 477 σοι
1237 438 1267 504 η,
1281 415 1332 475 καὶ
1340 419 1392 478 ἰ’να

139 498 186 566 ὅτι
206 493 387 575 ἐξαναλῶσει
404 492 482 581 ἡμᾶς
498 492 535 559 τό
548 499 610 580 πῦρ
624 491 661 560 τό
673 497 750 578 μέγα
778 494 975 577 πληθυνθήτε
987 489 1114 580 σφόδρα,
1126 490 1234 559 καθάπ
1280 492 1390 583 ἐλάλη-

139 588 246 657 τοῦτο,
273 579 326 647 ὶόιν
341 575 548 666 προςθῶμεθα
563 574 643 661 ήμεῖς
655 577 750 641 ἀκοῦ-
780 603 812 643 σε
836 572 937 662 κόριος
959 572 978 641 ό
1001 576 1074 652 θεὸς
1095 581 1158 642 τῶν
1176 600 1241 642 παν
1255 601 1316 662 ρων
1333 605 1389 644 σου

140 694 191 733 σαι
204 666 257 751 τήν
270 663 375 747 φωνήν
393 668 496 747 κυρίου
510 666 566 726 τοῦ
578 666 654 726 θεοῦ
666 659 751 745 ήμῶν
779 661 882 725 δοῦναι
896 686 942 725 σοι
952 665 1008 745 μήν
1020 662 1146 741 ῥέουσαν
1155 655 1237 739 μάλα
1248 663 1299 724 καὶ
1316 665 1390 744 μελι,

140 755 199 826 ἔτι,
223 750 275 813 καὶ
293 741 546 827 ἀποθανούμεθα.
584 747 673 819 211τίς
690 739 750 829 γάρ
780 743 862 809 *καὶ
885 747 984 808 ταῦτα
1008 740 1048 808 τοὶ
1073 742 1260 827 δικαιώματα
1276 747 1329 809 καὶ
1351 745 1391 813 τά

140 831 178 900 σὶι
198 831 290 917 ξήτις
302 829 410 919 ήκουσε
426 827 528 912 φωνήν
540 831 617 893 θεοῦ
629 829 749 904 ζῶντος,
780 833 923 910 κρίματα,
949 823 1009 891 ὅσα
1030 826 1189 891 ἐνετείλατο
1207 822 1308 912 πόριος
1326 842 1391 904 τοῖς

139 918 179 981 λα
218 919 305 990 ῦντος
329 918 362 978 ἐκ
385 915 479 997 μέσου
501 916 559 976 τοῦ
575 911 682 996 πυρὸς,
708 907 750 985 ῶς
780 914 854 986 υὶοῖς
862 905 987 994 Ἰσραήλ
998 911 1031 974 ίν
1041 914 1079 1018 τη
1089 907 1197 995 ὶρήμοι,
1208 907 1390 986 ἐξελθόντων

139 999 235 1085 ἡμεῖς,
262 999 314 1063 καὶ
335 993 468 1080 ζήσεται,·
505 990 695 1079 27πρόςελθε
712 993 749 1058 σὶν
780 989 881 1058 αι’πῶν
897 996 930 1056 ἐν
947 996 1000 1076 γῆς
1015 989 1187 1070 Λιμόπτου.
1220 993 1310 1059 ἄκουε
1330 994 1391 1061 Ἰσ-

139 1086 191 1148 καὶ
204 1082 335 1147 ἄκουσον
347 1075 449 1145 πάντα
458 1074 517 1143 δ’σα
527 1078 564 1142 ἄν
572 1080 640 1175 εῖπη
650 1074 749 1162 κύριος
799 1075 872 1161 αήλ,
890 1070 1026 1160 κόριοςὸ
1045 1072 1117 1155 θεὸς
1136 1072 1221 1161 ἡμῶν
1240 1073 1340 1162 κύριος
1352 1080 1390 1156 είς

140 1163 158 1231 ὁ
183 1163 254 1241 θεός
277 1162 376 1249 ήμῶν,
401 1164 453 1233 καὶ
470 1158 505 1226 σὺ
524 1158 658 1246 λαλήσεις
674 1157 750 1245 πρός
779 1101 850 1229 ὶστι.
874 1160 955 1223 ὅιιαί
967 1156 1130 1243 ἀγαπήσεις
1141 1155 1243 1246 κόριον
1252 1161 1306 1227 τόν
1317 1160 1390 1228 θεόν

138 1246 217 1336 ήμᾶς
234 1246 336 1314 πάντα
354 1242 414 1312 ὅσα
426 1246 465 1310 ι’ὶν
477 1241 597 1328 λαλήσει
610 1240 711 1327 κύριος
731 1239 748 1311 δ
781 1267 836 1311 σου
855 1243 886 1320 ίξ
903 1238 974 1325 ὅλης
987 1247 1042 1327 τῆς
1054 1244 1186 1322 διανοίας
1198 1268 1269 1319 σου,
1296 1249 1391 1324 καίέξ

138 1330 209 1409 θεός
226 1330 311 1417 ήμῶν
327 1328 405 1418 πρὸς
418 1329 466 1406 σὲ,
490 1329 543 1393 καὶ
555 1322 750 1411 ἀκουσόμεθα
781 1321 852 1408 ὅλης
870 1329 923 1409 τῆς
935 1330 1031 1411 ψυχῆς
1043 1352 1114 1402 σου,
1139 1328 1192 1390 καὶ
1202 1329 1234 1403 ἐξ
1246 1326 1317 1412 ὅλης
1337 1335 1391 1414 τής

139 1419 191 1483 καὶ
207 1411 376 1500 ποιήσομεν.
411 1414 442 1457 ²⁸
456 1412 507 1476 καὶ
526 1410 633 1514 ήκουσε
650 1408 751 1497 κύριος
781 1404 928 1492 δυνάμεώς
938 1434 1003 1478 σου,
1028 1411 1109 1475 θκαὶ
1122 1411 1206 1474 ἔσται
1219 1408 1259 1476 τά
1272 1409 1392 1498 ῥήματα

139 1500 195 1584 τήν
214 1496 318 1581 φωνήν
334 1499 396 1560 τῶν
414 1489 513 1572 λόγων
530 1497 613 1578 υμῶν
626 1489 751 1558 λαλοδν-
781 1496 893 1569 ταῦτα,
911 1488 972 1556 ὅσα
985 1492 1044 1570 ε’μώ
1057 1490 1232 1571 ε’ντιλλομαί
1243 1521 1290 1561 σοι
1303 1493 1391 1581 σήμε-

140 1608 202 1648 των
213 1577 290 1666 πρὸς
302 1581 347 1683 με’.
366 1580 418 1643 καὶ
429 1577 491 1644 εἶπε
503 1575 604 1662 κύριος
615 1573 693 1662 πρὸς
702 1577 749 1665 μέ.
781 1599 847 1660 ρον,
861 1577 893 1640 ἐν
901 1579 938 1672 τῇ
950 1576 1060 1660 καρδίη
1074 1600 1139 1651 σου,
1152 1579 1204 1644 καὶ
1215 1580 1247 1642 ἕν
1259 1585 1296 1684 τη
1309 1585 1391 1687 φυηῆ

143 1664 256 1731 ’κουσα
280 1685 334 1753 την
358 1661 460 1747 φωνήν
487 1664 549 1726 τῶν
573 1655 672 1738 λόγων
696 1662 751 1724 τοῦ
782 1683 846 1724 σου.
885 1660 968 1722 7καὶ
1001 1657 1190 1808 προηλιβάσεις
1220 1652 1300 1731 αὔδα
1320 1653 1392 1740 νοός

139 1694 219 1815 λαοῦ
239 1743 349 1812 τούτου
367 1742 428 1811 ὅσα
447 1741 519 1810 ἑλάλ
538 1770 594 1809 σαν
612 1742 690 1831 πρὸς
708 1745 750 1808 σέ.
781 1737 864 1818 υίοιὶς
875 1768 938 1820 σου,
950 1744 1002 1809 καὶ
1014 1744 1053 1809 λα
1073 1743 1391 1828 ήσειςέναῦτοῖςκαθέ

140 1831 244 1920 ὀρθῶς
268 1831 370 1913 πάντα
394 1824 452 1893 ὅσα
469 1772 625 1912 ἐλάλησαν,
664 1829 695 1870 ²⁹
708 1832 752 1900 τίς
781 1824 884 1929 η’μενος
909 1830 940 1890 ἐν
965 1826 1054 1909 οἴκῳ,
1079 1829 1131 1892 καὶ
1147 1825 1342 1914 πορευόμενος
1359 1836 1391 1896 ὶν

141 1910 228 1982 δῶσει
246 1910 317 1977 εἶναι
335 1908 417 1977 οὕτω
435 1907 489 1996 τήν
507 1913 633 1997 καρδίαν
651 1907 752 1976 αὐτῶν
783 1911 856 1995 οδρῖ,
870 1912 921 1978 καὶ
933 1907 1153 1993 κοιταζόμενος,
1174 1914 1227 1976 καὶ
1239 1910 1387 1980 διανιστά-

141 2002 176 2064 δν
186 1995 306 2073 αὐτοῖς,
325 1989 397 2070 ῶςτε
410 1999 573 2081 φοβεῖσθαί
582 2020 618 2079 με
631 1994 682 2059 καὶ
694 2019 752 2076 φυ-
781 2017 872 2077 μενος.
890 1995 906 2035 ⁸
919 1994 971 2058 καὶ
984 1989 1116 2079 ἆφοὶιμεις
1128 1992 1209 2060 αὐτοὶ
1221 2000 1260 2072 είς
1273 2008 1391 2081 σημεῖον

141 2076 308 2147 λάοσεσθαι
320 2077 375 2184 τὰς
389 2074 509 2152 ἐντολάς
521 2082 579 2163 μου
588 2074 688 2153 πάσας
699 2076 753 2152 τοὶς
783 2077 833 2141 ἐπὶ
846 2080 899 2162 τῆς
909 2073 1003 2164 χειρός
1015 2103 1086 2155 σου,
1108 2079 1160 2144 καὶ
1172 2080 1254 2145 ἔσται
1266 2078 1388 2147 ἇσόλευ·

142 2160 264 2253 ἡμέρας,
276 2168 326 2228 ἵνα
339 2186 370 2226 ευ
384 2152 404 2256 η’
419 2159 531 2237 αὐτοῖς,
546 2161 668 2236 καὶτοῖς
678 2164 752 2234 υῖοῖς
782 2184 835 2225 τον
852 2158 913 2247 πρό
931 2160 1102 2245 ὀφθαλμῶν
1120 2187 1182 2226 σου.
1220 2165 1236 2205 ⁹
1249 2166 1300 2229 καὶ
1314 2160 1391 2253 γρό-

144 2247 246 2314 αὗτῶν
260 2246 293 2312 δι’
310 2247 433 2325 αίῶνοςς
462 2245 493 2287 ³⁰
505 2239 644 2332 βάδισον,
668 2243 752 2309 εἶπον
783 2262 853 2347 φιτε
870 2241 950 2310 αὐτοὶ
968 2244 1019 2310 ἐπὶ
1035 2241 1090 2320 τάς
1107 2243 1194 2326 φλιὶις
1212 2250 1274 2312 τῶν
1289 2252 1391 2313 οίκιῶν

144 2330 255 2406 αὐτοῖς.
282 2324 498 2416 ἇποστράφητε
523 2325 603 2412 ὑμεῖς
626 2332 664 2402 είς
681 2323 752 2401 τοὺς
783 2329 879 2434 υμῶν,
904 2330 956 2395 καὶ
972 2331 1033 2392 τῶν
1047 2327 1153 2392 πυλῶν
1171 2324 1259 2410 ὑμῶν.
1298 2334 1327 2374 ¹⁰
1339 2334 1391 2396 καὶ

144 2415 245 2490 οἴκους
270 2410 361 2517 ήμῶν.
400 2402 477 2477 81σὶι
495 2410 529 2476 δὲ
547 2408 645 2477 αὐτοῦ
661 2415 752 2496 στήθι
783 2413 867 2477 ἐσται
888 2405 964 2478 όταν
981 2407 1118 2515 είςαμάμη
1131 2438 1164 2478 σε
1178 2410 1278 2500 κδριος
1290 2410 1308 2479 ὁ
1321 2411 1390 2492 θεός

141 2496 200 2586 μετ’
217 2501 298 2587 ἕμου,
311 2499 362 2563 καὶ
373 2490 494 2580 λαλήσω
506 2495 583 2583 πρὸς
596 2494 627 2560 σὲ
639 2493 694 2571 τὰς
707 2498 752 2559 ἒν-
783 2520 838 2561 σου
858 2498 898 2570 εὶς
914 2494 968 2579 τήν
986 2497 1055 2580 γῆν,
1068 2496 1118 2582 ,ήν
1136 2493 1233 2578 ῶμοσε
1249 2509 1313 2575 τοῖς
1329 2526 1390 2567 πα-

141 2579 232 2664 τολάς
249 2584 301 2648 καὶ
317 2582 356 2647 τὰ
374 2575 557 2663 δικαιώματα
572 2575 675 2644 καὶτὰ
687 2583 752 2663 κρί-
783 2573 868 2663 τράσι
881 2603 933 2644 σου
945 2584 991 2664 τῷ
1002 2576 1057 2665 Ἀβ
1077 2577 1149 2664 αάμ,
1162 2582 1213 2644 καὶ
1224 2585 1270 2664 τῷ
1278 2581 1391 2661 Ἰσαάκ,

141 2691 235 2753 ματα,
249 2664 308 2732 ὅσα
322 2660 444 2740 διδάξεις
457 2661 576 2740 αὖτοὺς,
594 2663 646 2728 καὶ
657 2667 752 2727 ποιεί·
782 2665 891 2747 καὶτῷ
905 2660 1036 2811 ’Ῑακοὶρᾶ
1052 2602 1158 2728 δοῦναί
1169 2688 1219 2729 σοι
1230 2661 1330 2744 πόλεις
1341 2693 1389 2751 με

141 2771 244 2814 τασαν
256 2744 353 2821 οὕτως
365 2749 397 2812 ἒν
409 2750 448 2839 τῇ
463 2752 514 2826 μή,
526 2742 563 2831 ἣν
577 2742 635 2823 ἐμοὶ
648 2745 751 2830 δίδωμι
781 2740 876 2824 νάλας
888 2748 940 2811 καὶ
958 2774 996 2811 κα
1023 2744 1051 2823 ’ς
1068 2742 1105 2821 δὶς
1117 2744 1174 2811 οὐκ
1187 2744 1390 2835 ᾤκοδόμησας,

143 2829 248 2905 αὐτοῖς
273 2832 304 2895 ἒν
325 2825 433 2914 κλήρῳ.
471 2813 502 2872 3²
516 2829 567 2892 καὶ
584 2823 752 2911 φυλάξεσθε
780 2832 914 2905 11οὶκιάς
935 2824 1055 2917 πλήρεις
1072 2825 1195 2895 πάντων
1211 2829 1339 2914 ἀμαθῶν
1355 2832 1391 2910 δὶς

141 2925 238 2981 ποιεῖν
260 2908 296 2979 ὃν
314 2906 428 2998 τρόπον
446 2907 610 2977 ἐνετειλατό
629 2936 676 2975 σοι
696 2906 751 2975 κό-
781 2909 836 2977 οὐκ
850 2912 1029 2997 ἐνέπλησας,
1052 2908 1182 2988 λάκκους
1192 2912 1338 3007 λελατομη
1359 2922 1391 2981 έ-

142 3026 206 3083 ριος
218 2992 236 3062 ό
248 2992 319 3071 θεός
331 3021 394 3061 σου.
419 2993 475 3059 οὐκ
489 2994 640 3060 ἐκκλινεῖτε
653 2998 691 3070 εὶς
703 2995 749 3060 δε·
782 3021 858 3072 νους,
879 2992 931 3073 οδς
943 2994 999 3062 οὐκ
1011 2993 1239 3082 ἐξελατόμησας,
1251 2996 1330 3105 ἀμπε
1359 3006 1374 3019 ”

142 3081 192 3159 ξιὰ
206 3078 277 3144 οὐδὲ
291 3084 329 3154 εἰς
342 3076 483 3163 ἆριστερδι
515 3079 544 3119 ³³
557 3076 636 3147 κατὰ
648 3083 750 3144 πᾶσαν
781 3102 832 3154 νας
841 3081 893 3144 καὶ
901 3076 1111 3158 ἐλαιῶνας,οιὶς
1119 3078 1155 3144 οιὶ
1165 3106 1390 3163 κατεφυτευσας,

141 3163 198 3249 τήν
211 3160 300 3239 ὁδὸν,
327 3156 362 3244 ήν
380 3155 542 3225 ἐνετείλατό
555 3188 604 3226 σοι
622 3157 749 3247 κόριοςό
781 3164 833 3227 καὶ
850 3164 957 3246 φαμών
972 3165 1024 3229 καὶ
1036 3163 1229 3247 ἐμπλησθεὶς,
1255 3169 1284 3210 ¹²
1297 3164 1389 3252 πρός-

142 3242 215 3323 θεός
233 3271 287 3311 σου
304 3238 487 3330 πορεύεσθαι
504 3249 535 3311 ἐν
553 3242 644 3338 αὐτῇ,
667 3241 750 3323 ὅπως
781 3270 823 3310 εε
849 3253 966 3336 σεαυτῷ
990 3245 1031 3333 μή
1057 3240 1190 3329 ἒπιλάθη
1211 3254 1316 3335 κυρίου
1332 3255 1390 3315 τοῦ

141 3323 322 3423 καταπαόση
335 3352 382 3403 σε,
405 3330 456 3393 καὶ
468 3319 499 3393 εὖ
514 3354 560 3394 σοι
572 3317 601 3423 ᾗ.
628 3332 679 3394 καὶ
690 3357 750 3414 μα-
781 3273 859 3395 δεοδ
877 3335 1005 3397 σαυτοῦ
1021 3315 1216 3413 ἐξαμαμόνὶος
1239 3355 1270 3396 σε
1288 3333 1319 3395 ὶκ
1334 3338 1389 3420 γῆς

141 3408 369 3500 κροημερεόσητε
383 3413 434 3478 ἐπὶ
446 3417 498 3499 τῆς
509 3417 573 3503 γῆς,
592 3409 627 3500 ήν
640 3414 749 3500 κληρο-
781 3409 953 3494 Αίμόπτου,
966 3415 1090 3493 ίξοῖκου
1100 3411 1241 3495 δουλείας.
1253 3411 1389 3522 13ιιόρισν

140 3501 285 3585 νομήσετε.
782 3495 838 3562 τόν
861 3494 934 3565 θεόν
960 3524 1015 3565 σου
1034 3490 1211 3605 φοβηθήση,
1236 3502 1288 3565 καὶ
1304 3508 1388 3587 αυτῷ

339 3588 413 3646 ΚΕ
427 3586 464 3646 Φ.
509 3577 550 3657 ς’.
781 3576 862 3665 μόνῳ
876 3579 1048 3670 λατρεύσεις
1063 3583 1114 3646 καὶ
1125 3606 1202 3687 προς
1214 3579 1307 3648 αὐτόν
1317 3586 1386 3651 κολ-

142 3634 225 3732 Καὶ
236 3658 325 3732 αὗται
339 3670 373 3728 αῖ
385 3665 502 3735 ἐντολαὶ
513 3665 564 3729 καὶ
575 3658 615 3728 τόι
628 3659 749 3735 δικαιῶ-
783 3660 915 3760 ληθήση,
940 3668 992 3732 καὶ
1011 3667 1060 3730 ἐπὶ
1079 3670 1122 3749 τῷ
1149 3662 1271 3748 ονόματι
1290 3666 1388 3733 αὐτοῦ

139 3776 222 3835 ματα
235 3744 338 3813 καὶτὰ
356 3755 501 3833 κρίματα,
519 3744 576 3812 ὅσα
588 3749 749 3821 ἐνετείλατο
782 3746 850 3834 όμῖ
890 3748 974 3816 14οδ
1001 3744 1162 3836 πορεύεσθε
1186 3747 1285 3816 ὀπίσω
1310 3755 1389 3817 θεῶν

141 3829 242 3937 κήριος
251 3828 268 3895 δ
278 3826 349 3931 θεός
358 3827 440 3915 ήμῶν
450 3827 562 3935 διδάξαι
573 3826 647 3915 δμας
655 3844 749 3902 ποιεῖν
781 3775 889 3918 ἕτήων
906 3832 967 3899 ἀπὸ
981 3837 1041 3897 τῶν
1052 3837 1134 3897 θεῶν
1145 3836 1207 3897 τῶν
1219 3837 1315 3901 ε’θνῶν
1327 3840 1389 3902 τῶν

142 3941 240 3990 ουτως
252 3919 283 3980 ἔν
296 3939 333 4006 τη
346 3919 386 4007 νῇ
400 3919 439 3988 εὶς
451 3940 487 4015 ην
498 3926 577 4019 υμεῖς
587 3913 749 4041 εὶςπορεόε-
780 3913 948 4021 πηρικόμλῳ
962 3912 1056 4021 όμῶνη
1077 3917 1104 3959 ¹⁵
1118 3911 1166 3981 ότι
1179 3912 1197 3980 ὃ
1211 3917 1282 3995 θεὸς
1295 3920 1389 4003 ζηλω-

142 4008 198 4064 σθε
221 4001 280 4061 ὶκεῖ
305 3997 524 4100 κληρονομησαι
541 3997 644 4083 αυτήν.
698 4004 749 4065 ἰ’να
780 4023 834 4085 της
852 4024 951 4087 κυριος
968 4009 1072 4075 οθεος
1085 4023 1137 4065 σου
1156 4002 1187 4064 ἐν
1200 4007 1257 4066 σοί.
1282 4002 1389 4091 μήόρ-

141 4084 279 4168 φοβῆσθε
296 4075 397 4165 κόριον
410 4106 462 4146 τον
479 4081 555 4147 θεόν
571 4079 666 4187 ὑμῶν,
692 4107 748 4163 φυ-
779 4085 894 4160 νισθεὶς
910 4088 1000 4168 θυμῷ
1016 4079 1115 4170 κύριος
1133 4079 1150 4148 ό
1168 4079 1240 4161 θεός
1262 4112 1318 4152 σου
1340 4088 1389 4152 σοὶ

140 4159 289 4230 λάσσεσθε
314 4158 416 4230 πάντα
432 4164 473 4233 τὶν
489 4164 675 4247 δικαιωματα
691 4162 748 4229 αι’ν-
781 4163 980 4294 ἐξολοθρεόση
1005 4194 1036 4234 σε
1065 4164 1126 4233 άπὸ
1151 4163 1314 4254 προςῶπου
1336 4174 1388 4249 τῆς

141 4252 199 4313 τοῦ
205 4298 214 4322 ,
239 4249 291 4311 καὶ
308 4246 362 4321 τὰς
375 4246 495 4329 ἐντολάς
509 4246 617 4323 αὐτοῦ,
642 4243 748 4325 όὶςὶγῶ
778 4254 841 4334 μής,
879 4254 891 4291 ¹
922 4249 978 4316 οὐκ
1004 4244 1182 4336 ἐκπειράσεις
1207 4249 1311 4337 κόριον
1334 4253 1389 4319 τὸν

140 4331 314 4413 ἐντέλλομαί
325 4356 373 4397 σοι
387 4326 520 4432 σήμερον,
533 4327 570 4397 σὺ
583 4330 634 4395 καί
646 4333 677 4395 οὶ
689 4334 750 4396 υὶοί
780 4329 852 4399 θεόν
864 4360 933 4410 σου,
960 4329 995 4398 ὃν
1012 4329 1126 4419 τρόπον
1138 4331 1340 4421 ίξεπειροὶσατε
1358 4342 1390 4403 ἐν

140 4441 211 4491 σου,
238 4416 288 4479 καὶ
304 4418 335 4481 οὶ
349 4416 410 4480 υὶοὶ
420 4440 482 4480 τιον
495 4416 568 4480 υίῶν
581 4438 636 4502 σου
648 4408 747 4491 πάσας
778 4420 824 4500 τῷ
833 4419 995 4501 πειρασμῷ.
1006 4413 1199 4498 17φυλάσσων
1208 4415 1324 4514 φυλάξη
1333 4418 1388 4496 τός

139 4497 192 4578 τὰς
205 4494 315 4586 ήμέρας
329 4499 380 4581 τής
392 4499 467 4581 ζῶής
480 4521 544 4575 σου,
553 4500 603 4562 ἵνα
613 4523 746 4585 ιιακροη-
779 4496 899 4576 ἐντολάς
911 4504 1014 4587 κυρίου
1027 4504 1083 4564 τοῦ
1094 4504 1172 4567 θεοῦ
1183 4527 1248 4579 σου,
1260 4501 1300 4568 τά
1309 4530 1387 4606 μαρ-

1288 4612 1387 4670 τυρια,
