2924 4972
444 238 696 304 BAPOYX
736 233 1005 325 Κεφ.β’γ’...23
1156 326 1160 331 y
1282 235 1347 303 869

104 357 250 463 αβοιτον
234 385 296 423 οπο
311 351 511 422 ἐνοικούντων.
552 353 689 415 24και
655 378 711 416 ουκ
935 362 1058 418 ΚΕψ
1102 355 1155 420 Γ.

105 437 265 542 ήκούσαμεν
290 445 344 520 τής
371 441 471 519 φωνής
498 460 565 508 σου,
582 430 710 540 6776707-
744 403 857 518 Κύριε
870 440 1091 524 παντοκράτωρ
1105 437 1204 516 ὁθεδς
1213 439 1349 527 Ἰσραήλ,

104 537 177 590 σθαι
187 550 230 589 τω
214 518 573 664 βασιλειΒαβυλωνος
562 519 613 579 καί
624 520 710 624 ἔστη-
744 519 822 602 ιμυχή
838 524 869 583 ἰν
889 545 999 594 στενοις
1018 546 1068 584 και
1073 547 1201 623 πυευμα
1219 525 1350 632 77767777

106 635 159 683 σας
173 590 244 680 τούς
256 601 362 680 λόγους
376 628 441 675 σου,
456 595 509 672 ούς
522 594 697 683 λαλήσας
681 625 712 664 εν
744 605 903 685 κέκραγεπ
880 602 1013 708 πρὸς
971 607 1012 668 σε’.
1039 602 1194 670 λόίκουσον
1208 603 1286 690 κύριε
1299 609 1350 672 καί

106 694 186 790 χερσὶ
198 693 259 752 τῶν
269 687 389 751 παίδων
398 710 454 788 σου
464 687 525 747 τῶν
536 688 712 785 προφητῶν,
744 685 906 810 7777007,
893 711 941 750 οτι
955 681 1184 796 ημόρτομενμ
1136 691 1269 751 ἐναντίον
1282 716 1349 754 σου

105 799 162 838 του
147 765 404 876 ἐξενεχθῆναι
370 795 410 833 τα
424 765 501 832 ὀστα
488 763 759 870 βασιλέωνή-3
773 765 819 832 ότι
833 766 871 832 σύ
884 778 1063 870 καθήμενος
1061 794 1115 832 τον
1127 775 1239 844 αιῶνα
1252 769 1350 867 καλή-

107 861 171 921 ιιῶν
182 855 233 917 καί
244 853 284 917 τὰ
303 851 378 917 ὀστᾶ
395 855 457 915 τῶν
473 852 615 953 πατέρων
627 845 712 949 ήμῶν
743 861 804 934 μεῒς
816 847 1063 954 ἀπολλύμενοι
1032 877 1086 917 τον
1099 857 1203 917 αίῶνα.
1243 851 1307 894 ⁴
1261 879 1351 958 κυριε

108 942 141 1002 ἐκ
153 963 208 1002 του
225 934 324 1001 τόπου
344 934 457 1000 αὐτῶν.
489 932 517 974 ²⁵
531 957 582 994 και
575 929 712 995 6077-
744 931 964 1034 παντοκράτωρ
979 930 996 998 6
1010 936 1083 1010 θεὸς
1092 933 1277 1020 ’1οραήλ,”
1255 962 1350 1000 7707-

109 1047 173 1087 στιν
186 1021 368 1129 ἕξερριμμένα
380 1022 423 1098 τῷ
429 1009 566 1114 καύματι
578 1021 629 1114 τής
641 1011 713 1097 ήμέ-
744 1039 800 1080 σον
812 1016 898 1098 δή
860 1043 913 1099 της
922 1023 1082 1102 προςευχής
1092 1022 1152 1082 τῶν
1161 1015 1351 1119 τεθνηκότων

128 1131 178 1179 ας,
196 1108 247 1168 καί
264 1108 309 1184 τῶ
321 1102 442 1180 παγετῶ
459 1101 510 1181 τής
523 1097 635 1171 νυκτός.
661 1098 712 1161 καί
740 1097 880 1183 Ἰσραήλ,
893 1105 944 1167 καί
957 1105 1028 1164 υίῶν
1042 1126 1103 1165 των
1090 1126 1350 1202 αμαρτανοντων

109 1169 304 1251 απεθοίνοοαν
332 1186 364 1247 ἐν
379 1181 484 1254 πόνοις
502 1191 654 1286 πονηροῖς,
681 1183 712 1242 ἐν
744 1185 881 1247 ἐναντίον
894 1209 960 1258 σου,
970 1189 1002 1247 οἲ
1011 1181 1066 1248 οῦκ
1077 1183 1207 1267 ήκουσαν
1218 1188 1271 1267 τής
1285 1209 1350 1264 φω-

110 1270 196 1352 λιμῶ,
207 1269 259 1332 καί
270 1271 300 1331 7'7
312 1269 455 1367 ῥομφαία,
472 1289 522 1327 και
536 1265 567 1327 ἐν
580 1287 710 1326 αποστο·
743 1269 797 1373 ηής
816 1291 871 1330 σου
891 1271 968 1331 θεοῦ
991 1267 1101 1342 αὐτῶν,
1127 1294 1178 1331 και
1170 1267 1353 1370 ἐκολλήθη

109 1352 156 1432 λη
185 1354 214 1394 ²⁶
229 1377 278 1414 και
272 1353 404 1453 ὀθηηας
422 1346 476 1452 τόν
485 1336 632 1448 06777,
595 1371 632 1409 ου
646 1350 712 1410 ἒπε-
744 1344 810 1432 ἡμῖν
823 1373 862 1412 τοι
874 1375 961 1414 κακον
999 1348 1214 1454 ημνησθης
1226 1349 1350 1416 αδικιων

110 1380 256 1540 ηλήθητό
253 1427 364 1536 67076
381 1457 436 1496 σου
450 1426 494 1493 ἐπ’
516 1426 616 1510 αύτῷ,
640 1424 712 1529 ῶςή
744 1434 883 1516 πατερων
896 1456 1025 1535 ημων,
1060 1432 1080 1496 6
1094 1430 1246 1516 μνήσθητι
1256 1458 1351 1518 χειρος

110 1518 204 1620 ἡμέρα
219 1513 311 1599 αῦτη,
337 1513 546 1616 διόιπονηρίαν
559 1513 643 1576 οἴκου
653 1508 712 1574 ’-10
746 1539 801 1616 707
822 1518 874 1580 καὶ
896 1512 1063 1619 οηοματός
1064 1542 1120 1581 σου
1143 1519 1231 1619 ε’ντιρ
1255 1520 1352 1620 καιρῷ

110 1582 189 1686 ραήλ
204 1601 256 1664 καί
274 1602 356 1663 οἴκου
367 1593 477 1697 Ἰούδα.
503 1597 533 1637 ²⁷
547 1597 597 1658 καὶ
609 1597 714 1696 ε’ποίη-
744 1594 873 1708 ταύτην,
889 1596 935 1642 ⁶
917 1625 964 1663 οτι
978 1597 1014 1664 σύ
1029 1595 1128 1703 κύριος
1142 1626 1160 1664 ο
1146 1582 1271 1673 θεόςξ
1256 1603 1351 1683 ημῶν,

111 1712 165 1760 σας
178 1681 243 1758 ελς“
229 1688 305 1792 ημᾶς
322 1679 401 1783 κύριε
418 1678 435 1743 6
455 1675 528 1753 θεὸς
540 1677 623 1780 ἡμῶν
635 1675 713 1741 κατὰ
745 1682 797 1745 καί
808 1685 976 1784 αίνέσομέν
971 1707 1002 1747 σε
1015 1680 1103 1768 κύριε.
1118 1679 1187 1746 ⁷677
1197 1679 1247 1748 διὰ
1258 1685 1352 1749 τοῦτο

109 1775 211 1834 πᾶσαν
224 1761 375 1832 ἐπιείκειάν
388 1789 444 1866 ρου
461 1759 602 1825 καὶκατὰ
613 1756 715 1825 πάντα
746 1765 902 1840 ἐδωκας
871 1792 924 1831 τον
937 1763 1034 1852 φόβον
1048 1792 1100 1832 σου
1114 1769 1164 1830 ἐπι
1157 1763 1331 1870 77767'77‘
1315 1791 1351 1848 η·

112 1847 262 1953 οίκτιρμόν
287 1876 344 1914 σου
368 1847 423 1911 τὸν
446 1849 558 1947 μέγαν,
584 1845 617 1887 ²⁸
630 1840 715 1907 καθὰ
745 1853 819 1954 μῶν,
843 1876 895 1914 και
886 1849 1155 1915 επικαλεισθαι
1124 1874 1161 1913 το
1176 1844 1271 1950 67076
1284 1872 1350 1912 σου.

110 1933 285 2016 ε’λοίλησας
270 1959 301 1998 77
309 1957 381 2017 χειρι
374 1925 498 2004 παιδός
512 1954 568 1993 σου
573 1931 765 2035 Μωυσή
746 1934 798 1996 καὶ
811 1936 963 2037 7677'7077'7
977 1956 1007 1996 σε
1020 1936 1110 2038 ἔντη
1087 1929 1269 2014 677077607‘
1255 1935 1349 2035 ημῶν,

110 2023 142 2082 ἐν
155 2017 249 2121 ήμέρη
263 2016 465 2116 ἐντειλαμένου
478 2038 533 2078 σου
546 2037 629 2092 αυτιμ
642 2035 716 2113 γρα·
747 2011 794 2079 ότι
807 2015 1035 2101 ἀπεστρέψαμεν
1053 2016 1115 2081 6770
1104 1996 1252 2121 καρδίας
1268 2038 1353 2099 ημων

111 2120 171 2200 7777
183 2100 238 2164 767
250 2096 344 2182 νόμον
358 2124 414 2162 σου
428 2099 602 2198 ἐναντίον*
574 2098 645 2198 7767
655 2092 716 2157 Ισ-
745 2104 846 2165 πᾶσαν
868 2101 984 2165 ἀδικίαν
1008 2104 1150 2184 πατέρων
1172 2099 1264 2183 ἡμῶν,
1290 2102 1353 2161 τῶν

112 2181 198 2268 ραήλ,
211 2183 312 2258 λέγων.
344 2183 375 2223 ²⁹
389 2178 487 2244 ἐὰν
453 2206 493 2260 μη
507 2177 716 2278 ὀικούσητετής
748 2179 961 2289 ήμαρτηκότων
987 2186 1118 2245 ἐναντίον
1144 2207 1209 2246 σου.
1248 2179 1354 2244 ⁸707

112 2271 211 2366 φωνής
223 2290 295 2363 707,
302 2267 327 2325 76
338 2262 397 2365 7677
410 2289 431 2361 η
415 2256 607 2361 ‘667677777
593 2287 611 2341 η
625 2282 764 2364 μίγα-η
746 2274 824 2342 ημεῖς
833 2288 956 2362 οημερον
969 2267 1051 2327 ἕν
1013 2288 1051 2355 τη
1065 2261 1190 2343 ἀποικίᾳ
1205 2260 1299 2343 ήμῶν,
1312 2252 1350 2324 06

110 2346 181 2429 λη(
156 2374 185 2448 η
204 2342 353 2426 πολλή“
319 2339 396 2426 αύτη
415 2342 599 2444 ἀποστρέψει
616 2344 654 2413 εἰς
667 2366 713 2421 77-
746 2343 951 2450 διέσπειρας
929 2349 1013 2447 ημᾶς
1033 2332 1145 2407 7777’
1121 2369 1159 2419 εις
1178 2325 1351 2447 ὀνειδισμὸν,

110 2428 206 2530 κρόιν
210 2432 241 2492 ἐν
262 2438 325 2500 τοῖς
350 2428 478 2528 ἔθνεσιν,
503 2451 539 2489 ου
528 2415 715 2526 6777777776
746 2429 858 2501 καλεῖς
880 2424 966 2531 ρἰρόιν,
993 2428 1102 2501 καλεῖς
1124 2425 1353 2534 ὀφλησινκατόι

113 2507 226 2616 αύτηύς
241 2513 306 2574 ἐκεῖ.
342 2504 405 2552 ³⁰¹
386 2533 433 2572 οτι
446 2511 553 2584 ἔγνων,
568 2501 615 2569 677
627 2503 664 2568 οῦ
676 2502 715 2607 μή
745 2505 846 2584 πόσας
858 2508 912 2585 τὰς
925 2510 1039 2613 ἀδικίας
1058 2515 1196 2597 πατέρων
1207 2509 1326 2612 ημῶν,
1323 2515 1356 2574 οι

111 2590 266 2662 ὀκούσωσί
281 2618 351 2676 μου,
378 2589 424 2698 677
441 2590 514 2664 λαός
532 2585 764 2674 σκληροτροί-
746 2596 919 2718 7777'77777077
942 2592 1005 2658 ἀπό
1030 2599 1134 2695 κυρίου
1160 2597 1239 2658 θεοῦ
1260 2590 1351 2675 ἡμῶν.

110 2674 241 2764 χηλός’
226 2701 298 2740 εστι.
335 2677 387 2739 καὶ
412 2676 648 2776 ἐπιστρέφουσιν
667 2673 1288 2803 ἐπὶ9ὀίκουε1σραηλεντολαςζω1ης,
1250 2679 1353 2741 ἐνωτί-

111 2756 285 2846 καρδίαν’
249 2761 351 2824 αυτῶν
366 2763 397 2822 ἓν
410 2762 450 2850 γῇ
468 2755 648 2862 ὀποικισμοῦ
661 2753 714 2857 76-
747 2769 840 2824 σασθε
866 2764 974 2870 γνῶμαι
998 2756 1151 2861 φρόνησιν.
1178 2762 1288 2824 1’τί
1274 2782 1353 2824 εστιν

110 2849 181 2920 τῶν,
206 2845 233 2888 ³¹
246 2844 298 2906 καί
316 2842 499 2947 γνῶσονται,
524 2837 571 2904 ότι
590 2836 649 2915 ἐγώ
662 2834 716 2904 κύ·
744 2839 884 2927 Ἰσραήλς
902 2849 935 2908 τί
946 2839 994 2908 ότι
1007 2847 1087 2907 ἐν’
1049 2870 1086 2934 γη
1101 2848 1162 2908 τῶν
1175 2847 1295 2929 ἐχθρῶν
1310 2840 1352 2921 εἷς

111 2953 175 3014 ριος
188 2925 206 2991 ὁ
219 2925 292 3001 θεὸς
310 2924 422 2990 αὐτῶν.
434 2952 500 3029 καη
492 2920 648 2990 66707'
612 2949 716 2996 αυτοις
747 2924 970 3027 επαλαιωθης
954 2951 985 2992 εν
996 2954 1034 3037 γη
1023 2915 1212 3012 ἀλλοτρίᾳ,
1239 2950 1353 3006 συνεμι-

110 3012 233 3120 καρδίαν
258 3012 309 3074 καί
333 2999 399 3073 οῦτοι
423 3005 586 3081 ἀκούοντα,
622 3009 652 3050 ³²
665 3009 716 3071 καὶ
747 3005 843 3113 ανθης
855 3022 918 3087 τοις
930 2999 1058 3116 νεκροις,
1085 3010 1353 3112 11προςελογίσθης

110 3098 261 3160 αἰνέσουσί
272 3119 307 3194 77
320 3098 351 3158 77
358 3119 398 3187 γη
409 3090 592 3196 ὀποικισμοῦ
606 3089 716 3166 αὐτῶν,
746 3093 820 3174 μετὰ
832 3101 895 3197 τῶν
907 3100 945 3170 είς
958 3092 1354 3197 ῶδου,12ἒγκατέλιπεςτην

109 3206 161 3243 και
154 3166 397 3287 777766707767
417 3182 474 3242 τοῦ
477 3171 635 3280 ὀνόματός
646 3201 715 3280 μου,
746 3178 844 3263 πηγήν
856 3183 909 3282 τής
921 3185 1040 3260 σοφίας.
1052 3180 1123 3283 13τῇ
1135 3175 1197 3284 ὁδῶ
1207 3203 1262 3242 του
1251 3181 1354 3280 θεοῦ

109 3264 196 3327 33καί
208 3263 450 3347 αποστρέψουσιν
468 3258 531 3367 6776
546 3264 603 3327 τοῦ
617 3256 714 3325 νώτου
747 3286 773 3326 ει
762 3259 973 3364 ’ἐπορεύθης,
999 3261 1140 3367 κατῴκεις
1156 3260 1195 3326 67
1212 3264 1242 3324 ἐν
1255 3260 1353 3358 εἰρήνη

108 3343 210 3411 αῦτῶν
219 3371 275 3410 του
264 3344 426 3449 σκληροῦ,
440 3347 491 3409 καί
501 3343 564 3410 ἀπὸ
575 3347 715 3446 πονηρῶν
746 3342 800 3411 τόν
813 3349 918 3412 αἰῶνα.
954 3344 1074 3447 14μοίθε
1086 3371 1146 3409 που
1132 3347 1224 3406 ἐστι
1239 3338 1353 3442 φρόνη-

107 3426 345 3528 προςταγμοίτων
370 3428 480 3530 αὐτῶν,
507 3426 554 3492 ὅτι
569 3423 715 3530 μνησθή-
748 3453 801 3502 σις,
814 3455 876 3494 που
863 3434 968 3528 67777
982 3426 1073 3510 ἰσχύς,
1082 3451 1143 3490 που
1128 3428 1217 3488 ἔστι
1230 3419 1353 3496 σύνεσις,

110 3533 217 3575 σονται
227 3516 281 3610 τής
294 3507 370 3573 ὁδοῦ
387 3512 528 3593 πατέρων
541 3509 715 3573 αὐτῶντῶν
746 3514 804 3573 τοῦ
815 3513 926 3587 γνῶναι
943 3505 1007 3591 ἅμα
1024 3533 1084 3572 που
1073 3510 1166 3572 ἐστι
1182 3530 1278 3608 μακρο
1299 3509 1353 3568 77-

110 3590 327 3698 ἁμαρτόντων
322 3593 418 3691 7'707777
431 3596 543 3691 κυρίου.
568 3588 600 3634 ³⁴
613 3591 713 3693 7766
748 3615 793 3664 σις
805 3618 857 3656 και
849 3591 940 3693 ζωη,
952 3617 1015 3656 που
1029 3594 1092 3655 ἐστι
1105 3594 1169 3693 φῶς
1182 3586 1270 3670 ὀφθα
1310 3591 1353 3690 ῶν

108 3675 275 3757 ποστρέιμω
289 3669 399 3774 αύτούς
412 3699 449 3747 εις
461 3696 516 3775 την
527 3698 615 3774 γην,
624 3669 659 3756 ήν
672 3671 714 3735 0²6-
747 3674 798 3736 καί
770 3670 916 3783 ειρήνη.
945 3675 1018 3716 ¹⁵
985 3699 1031 3749 τις
1044 3665 1107 3760 εύρε
1120 3697 1173 3737 τον
1185 3696 1282 3736 τοπον
1294 3697 1352 3737 αυ

108 3783 188 3863 7077
201 3768 265 3831 τοῖς
277 3751 426 3860 πατράσιν
435 3753 598 3840 αῦτῶν,τῳ
582 3752 713 3859 Ἀβρα·
746 3759 807 3838 τῆς,
820 3784 872 3821 και
884 3764 928 3832 τίς
934 3757 1119 3884 76766677’
1093 3784 1133 3832 εις
1150 3752 1223 3866 τούς
1222 3765 1352 3860 θησαυ-

110 3843 162 3923 67,
176 3843 226 3943 καὶ
240 3845 285 3924 τῶ
297 3838 469 3917 Ἰσαίικ,καὶ
482 3844 527 3921 τῷ
537 3824 714 3945 ’16767777
748 3839 818 3924 ρούς
831 3838 940 3924 αῦτήςς
1017 3868 1079 3908 που
1091 3846 1163 3907 εἰσιν
1173 3845 1204 3905 06
1216 3838 1353 3925 ὀίρχοντες

108 3949 312 4028 κυριευσουσιν
319 3950 423 4027 αυτης
436 3949 488 3987 και
481 3922 695 4008 πληθυνω
658 3949 710 3988 αν·
747 3926 808 3988 τῶν
833 3927 941 3999 ἐθνων,
953 3950 1005 3988 και
1031 3929 1062 3990 06
1088 3925 1266 4011 κυριεύοντες
1291 3927 1354 3988 τῶν

109 4011 189 4085 τοὺς,
214 4005 314 4075 καλοῦ
327 4035 368 4092 μη
381 4013 592 4113 σμικρυνθῶσι.
631 4009 716 4072 ³⁵76
746 4013 865 4111 θηρίων
878 4013 937 4115 τῶν
949 4009 1051 4110 6776
1012 4033 1064 4094 της
1076 4014 1144 4093 γής,
1168 4010 1231 4072 ¹⁷06
1244 4011 1276 4072 ἐν
1289 4017 1353 4080 τοῖς

110 4094 211 4174 στήσω
226 4090 329 4167 αῦτοῒς
342 4089 536 4201 διαθήκην’
503 4089 636 4198 77767707,
659 4095 714 4157 τοῦ
748 4089 885 4195 ὀρνέοις
874 4095 929 4158 τοῦ
941 4088 1073 4177 οῦρανου
1059 4094 1289 4196 ’ἐμπαίζοντες
1302 4091 1353 4154 καί

112 4173 186 4241 εἶναί
196 4201 231 4283 77
243 4173 345 4251 αὐτοῖς
358 4180 397 4250 εἰς
408 4174 493 4249 θεὸν,
519 4178 571 4240 καί
584 4173 715 4241 0767066'-
748 4198 785 4239 το
811 4172 953 4285 αργύριον
977 4179 1211 4279 θησαυρίζοντες,
1238 4174 1290 4238 καί
1314 4172 1352 4237 τὸ

110 4265 213 4325 σονται
224 4284 274 4362 μοι
286 4265 324 4334 εις
336 4256 418 4325 λαον
437 4285 488 4323 και
500 4283 536 4323 ου
550 4257 659 4344 κινήσω
672 4259 716 4323 ἔτι
747 4265 903 4367 77777'07
888 4255 916 4324 ῶ
945 4263 1155 4326 ἐπεποίθεισαν
1181 4257 1352 4361 ἅνθρωποι,

109 4341 163 4406 τὸν
177 4339 252 4406 λαόν
258 4367 322 4445 μου
332 4339 486 4429 Ἰσραήλ
469 4339 531 4407 από
546 4347 597 4428 τής
607 4347 670 4427 γής,
681 4332 716 4427 ἧς
748 4346 799 4409 καὶ
817 4341 874 4407 ούκ
891 4347 955 4410 ἔστι
962 4344 1116 4450 τέλος
1042 4369 1130 4447 της
1148 4340 1277 4424 κτήσεων
1295 4337 1353 4402 αὖ·

111 4426 209 4490 ἔδωκα
230 4424 339 4499 αὐτοῖς.
747 4451 825 4504 των,
848 4424 973 4494 ¹⁸6t7‘o7
983 4453 1020 4492 το
1035 4425 1180 4530 ὀργυριον
1187 4426 1352 4486 τεκταίνον-

748 4534 792 4586 τες
804 4510 857 4574 καί
867 4515 1065 4597 μεριμνῶντες,
1083 4509 1133 4571 καί
1145 4503 1201 4570 οῦκ
1215 4506 1291 4607 ἔστιν
1303 4505 1351 4581 ἐξ-

1241 4584 1350 4671 εύρεσις
