<?xml version="1.0" encoding="UTF-8"?>
<!DOCTYPE html PUBLIC "-//W3C//DTD XHTML 1.0 Transitional//EN"
    "http://www.w3.org/TR/xhtml1/DTD/xhtml1-transitional.dtd">
<html xmlns="http://www.w3.org/1999/xhtml" xml:lang="en" lang="en">
 <head>
  <title>
</title>
<meta http-equiv="Content-Type" content="text/html;charset=utf-8" />
  <meta name='ocr-system' content='tesseract 3.04.00' />
  <meta name='ocr-capabilities' content='ocr_page ocr_carea ocr_par ocr_line ocrx_word'/>
</head>
<body>
  <div class='ocr_page' id='page_1' title='image "./vetustestamentu00essgoog_1119.png"; bbox 0 0 2924 4972; ppageno 0'>
   <div class='ocr_carea' id='block_1_1' title="bbox 104 153 1176 241">
    <p class='ocr_par' dir='ltr' id='par_1_1' title="bbox 104 153 1176 241">
     <span class='ocr_line' id='line_1_1' title="bbox 104 153 1176 241; baseline -0.011 -8"><span class='ocrx_word' id='word_1_1' title='bbox 104 162 191 233; x_wconf 75' lang='lat'>1014</span> <span class='ocrx_word' id='word_1_2' title='bbox 274 160 643 229; x_wconf 76' lang='grc' dir='ltr'><strong><em>ιιιΑιιιεΑσΑιιειν</em></strong></span> <span class='ocrx_word' id='word_1_3' title='bbox 675 162 864 222; x_wconf 69' lang='grc' dir='ltr'><strong><em>ποιουν</em></strong></span> <span class='ocrx_word' id='word_1_4' title='bbox 905 153 1127 241; x_wconf 62' lang='grc' dir='ltr'><strong><em>ισφμκγεε.</em></strong></span> <span class='ocrx_word' id='word_1_5' title='bbox 1142 158 1176 222; x_wconf 84' lang='grc'><strong><em>3.</em></strong></span> 
     </span>
    </p>
   </div>
   <div class='ocr_carea' id='block_1_2' title="bbox 101 271 1366 4611">
    <p class='ocr_par' dir='ltr' id='par_1_2' title="bbox 101 271 1366 4611">
     <span class='ocr_line' id='line_1_2' title="bbox 103 271 1298 381; baseline -0.007 -31"><span class='ocrx_word' id='word_1_6' title='bbox 103 289 191 367; x_wconf 87' lang='grc' dir='ltr'><strong><em>μένον</em></strong></span> <span class='ocrx_word' id='word_1_7' title='bbox 216 287 262 365; x_wconf 77' lang='grc' dir='ltr'><strong><em>τῷ</em></strong></span> <span class='ocrx_word' id='word_1_8' title='bbox 281 277 408 364; x_wconf 90' lang='grc' dir='ltr'><strong><em>ὀνόματι</em></strong></span> <span class='ocrx_word' id='word_1_9' title='bbox 425 284 476 381; x_wconf 68' lang='grc' dir='ltr'><strong><em>της</em></strong></span> <span class='ocrx_word' id='word_1_10' title='bbox 492 277 579 362; x_wconf 85' lang='grc' dir='ltr'><strong><em>δόξης</em></strong></span> <span class='ocrx_word' id='word_1_11' title='bbox 599 302 652 344; x_wconf 92' lang='grc' dir='ltr'><strong><em>σου</em></strong></span> <span class='ocrx_word' id='word_1_12' title='bbox 674 274 711 342; x_wconf 82' lang='grc' dir='ltr'><strong><em>ἀ·</em></strong></span> <span class='ocrx_word' id='word_1_13' title='bbox 743 282 854 342; x_wconf 73' lang='grc' dir='ltr'><strong><em>ἐκείνου</em></strong></span> <span class='ocrx_word' id='word_1_14' title='bbox 876 271 1001 360; x_wconf 86' lang='grc' dir='ltr'><strong><em>θελήσει.</em></strong></span> <span class='ocrx_word' id='word_1_15' title='bbox 1029 276 1058 316; x_wconf 80' lang='grc'><strong><em>22</em></strong></span> <span class='ocrx_word' id='word_1_16' title='bbox 1070 279 1233 358; x_wconf 81' lang='grc' dir='ltr'><strong><em>προέθετο</em></strong></span> <span class='ocrx_word' id='word_1_17' title='bbox 1261 278 1298 342; x_wconf 81' lang='grc' dir='ltr'><strong><em>δὲ</em></strong></span> 
     </span>
     <span class='ocr_line' id='line_1_3' title="bbox 103 357 1347 449; baseline -0.006 -17"><span class='ocrx_word' id='word_1_18' title='bbox 103 392 171 449; x_wconf 92' lang='grc' dir='ltr'><strong><em>γιον</em></strong></span> <span class='ocrx_word' id='word_1_19' title='bbox 190 361 297 432; x_wconf 91' lang='grc' dir='ltr'><strong><em>τόπον.</em></strong></span> <span class='ocrx_word' id='word_1_20' title='bbox 335 359 411 426; x_wconf 69' lang='grc' dir='ltr'><strong><em>15τὸ</em></strong></span> <span class='ocrx_word' id='word_1_21' title='bbox 429 387 482 445; x_wconf 89' lang='grc' dir='ltr'><strong><em>μεν</em></strong></span> <span class='ocrx_word' id='word_1_22' title='bbox 499 359 557 446; x_wconf 87' lang='grc' dir='ltr'><strong><em>γάρ</em></strong></span> <span class='ocrx_word' id='word_1_23' title='bbox 589 357 712 446; x_wconf 90' lang='grc' dir='ltr'><strong><em>οἰκητή-</em></strong></span> <span class='ocrx_word' id='word_1_24' title='bbox 743 366 832 442; x_wconf 80' lang='grc' dir='ltr'><strong><em>μοσίᾳ</em></strong></span> <span class='ocrx_word' id='word_1_25' title='bbox 846 358 925 424; x_wconf 84' lang='grc' dir='ltr'><strong><em>κατά</em></strong></span> <span class='ocrx_word' id='word_1_26' title='bbox 938 358 1347 446; x_wconf 76' lang='grc' dir='ltr'><strong><em>τούἐθνουςδιαδοῦναιηο</em></strong></span> 
     </span>
     <span class='ocr_line' id='line_1_4' title="bbox 105 437 1347 539; baseline -0.008 -23"><span class='ocrx_word' id='word_1_27' title='bbox 105 451 170 539; x_wconf 88' lang='grc' dir='ltr'><strong><em>ριόν</em></strong></span> <span class='ocrx_word' id='word_1_28' title='bbox 182 476 238 516; x_wconf 90' lang='grc' dir='ltr'><strong><em>σου</em></strong></span> <span class='ocrx_word' id='word_1_29' title='bbox 251 446 379 528; x_wconf 88' lang='grc' dir='ltr'><strong><em>οὐρανός</em></strong></span> <span class='ocrx_word' id='word_1_30' title='bbox 392 450 450 511; x_wconf 81' lang='grc' dir='ltr'><strong><em>τοῦ</em></strong></span> <span class='ocrx_word' id='word_1_31' title='bbox 463 442 598 530; x_wconf 83' lang='grc' dir='ltr'><strong><em>οὐρανοῦ</em></strong></span> <span class='ocrx_word' id='word_1_32' title='bbox 611 443 711 526; x_wconf 82' lang='grc' dir='ltr'><strong><em>ἀνέφι·</em></strong></span> <span class='ocrx_word' id='word_1_33' title='bbox 742 469 806 522; x_wconf 91' lang='grc' dir='ltr'><strong><em>γον.</em></strong></span> <span class='ocrx_word' id='word_1_34' title='bbox 820 446 869 507; x_wconf 85' lang='grc' dir='ltr'><strong><em>καί</em></strong></span> <span class='ocrx_word' id='word_1_35' title='bbox 883 444 934 506; x_wconf 83' lang='grc' dir='ltr'><strong><em>ε’πί</em></strong></span> <span class='ocrx_word' id='word_1_36' title='bbox 945 446 1001 508; x_wconf 87' lang='grc' dir='ltr'><strong><em>τού</em></strong></span> <span class='ocrx_word' id='word_1_37' title='bbox 1014 437 1093 505; x_wconf 85' lang='grc' dir='ltr'><strong><em>κατά</em></strong></span> <span class='ocrx_word' id='word_1_38' title='bbox 1103 439 1158 526; x_wconf 83' lang='grc' dir='ltr'><strong><em>τήν</em></strong></span> <span class='ocrx_word' id='word_1_39' title='bbox 1169 442 1276 528; x_wconf 72' lang='grc' dir='ltr'><strong><em>αὐλήν</em></strong></span> <span class='ocrx_word' id='word_1_40' title='bbox 1288 444 1347 532; x_wconf 72' lang='grc' dir='ltr'><strong><em>πάρ</em></strong></span> 
     </span>
     <span class='ocr_line' id='line_1_5' title="bbox 105 521 1349 615; baseline -0.007 -15"><span class='ocrx_word' id='word_1_41' title='bbox 105 561 177 609; x_wconf 91' lang='grc' dir='ltr'><strong><em>κτος</em></strong></span> <span class='ocrx_word' id='word_1_42' title='bbox 199 528 377 615; x_wconf 80' lang='grc' dir='ltr'><strong><em>ἀνθρώποις</em></strong></span> <span class='ocrx_word' id='word_1_43' title='bbox 400 532 489 593; x_wconf 87' lang='grc' dir='ltr'><strong><em>ἐστίν.</em></strong></span> <span class='ocrx_word' id='word_1_44' title='bbox 515 529 544 571; x_wconf 80' lang='lat'><strong><em>¹³</em></strong></span> <span class='ocrx_word' id='word_1_45' title='bbox 560 526 623 594; x_wconf 83' lang='grc' dir='ltr'><strong><em>ἀλλ’</em></strong></span> <span class='ocrx_word' id='word_1_46' title='bbox 649 528 711 592; x_wconf 84' lang='grc' dir='ltr'><strong><em>ἐπεί</em></strong></span> <span class='ocrx_word' id='word_1_47' title='bbox 743 554 798 605; x_wconf 92' lang='grc' dir='ltr'><strong><em>γσυ</em></strong></span> <span class='ocrx_word' id='word_1_48' title='bbox 825 525 934 609; x_wconf 89' lang='grc' dir='ltr'><strong><em>στήλην</em></strong></span> <span class='ocrx_word' id='word_1_49' title='bbox 973 521 1148 607; x_wconf 74' lang='grc' dir='ltr'><em>ἀναστήσας</em></span> <span class='ocrx_word' id='word_1_50' title='bbox 1196 528 1349 613; x_wconf 75' lang='grc' dir='ltr'><strong><em>ἐξεκόλιιηι</em></strong></span> 
     </span>
     <span class='ocr_line' id='line_1_6' title="bbox 107 607 1348 698; baseline -0.003 -17"><span class='ocrx_word' id='word_1_51' title='bbox 107 614 266 698; x_wconf 82' lang='grc' dir='ltr'><strong><em>εὐδόκησας</em></strong></span> <span class='ocrx_word' id='word_1_52' title='bbox 285 619 339 698; x_wconf 76' lang='grc' dir='ltr'><strong><em>τήν</em></strong></span> <span class='ocrx_word' id='word_1_53' title='bbox 357 608 448 688; x_wconf 86' lang='grc' dir='ltr'><strong><em>δόξαν</em></strong></span> <span class='ocrx_word' id='word_1_54' title='bbox 467 638 523 676; x_wconf 90' lang='grc' dir='ltr'><strong><em>σου</em></strong></span> <span class='ocrx_word' id='word_1_55' title='bbox 536 614 569 676; x_wconf 86' lang='grc' dir='ltr'><strong><em>ἐν</em></strong></span> <span class='ocrx_word' id='word_1_56' title='bbox 587 616 631 693; x_wconf 82' lang='grc' dir='ltr'><strong><em>τῷ</em></strong></span> <span class='ocrx_word' id='word_1_57' title='bbox 645 613 711 693; x_wconf 80' lang='grc' dir='ltr'><strong><em>λαῷ</em></strong></span> <span class='ocrx_word' id='word_1_58' title='bbox 743 608 876 694; x_wconf 83' lang='grc' dir='ltr'><strong><em>γραφήν,</em></strong></span> <span class='ocrx_word' id='word_1_59' title='bbox 902 611 933 651; x_wconf 87' lang='lat'><strong><em>²³</em></strong></span> <span class='ocrx_word' id='word_1_60' title='bbox 945 609 1056 693; x_wconf 78' lang='grc' dir='ltr'><em>μηδένα</em></span> <span class='ocrx_word' id='word_1_61' title='bbox 1075 612 1138 672; x_wconf 88' lang='grc' dir='ltr'><strong><em>τῶν</em></strong></span> <span class='ocrx_word' id='word_1_62' title='bbox 1158 607 1201 695; x_wconf 80' lang='grc' dir='ltr'><strong><em>μή</em></strong></span> <span class='ocrx_word' id='word_1_63' title='bbox 1221 615 1348 680; x_wconf 78' lang='grc' dir='ltr'><strong><em>θυόντων</em></strong></span> 
     </span>
     <span class='ocr_line' id='line_1_7' title="bbox 107 691 1348 782; baseline -0.006 -16"><span class='ocrx_word' id='word_1_64' title='bbox 107 727 163 767; x_wconf 92' lang='grc' dir='ltr'><strong><em>σου</em></strong></span> <span class='ocrx_word' id='word_1_65' title='bbox 172 695 303 782; x_wconf 85' lang='grc' dir='ltr'><strong><em>Ἰσραήλ,</em></strong></span> <span class='ocrx_word' id='word_1_66' title='bbox 328 694 453 779; x_wconf 83' lang='grc' dir='ltr'><strong><em>ήγίασας</em></strong></span> <span class='ocrx_word' id='word_1_67' title='bbox 466 695 520 759; x_wconf 88' lang='grc' dir='ltr'><strong><em>τόν</em></strong></span> <span class='ocrx_word' id='word_1_68' title='bbox 533 691 628 760; x_wconf 90' lang='grc' dir='ltr'><strong><em>τόπον</em></strong></span> <span class='ocrx_word' id='word_1_69' title='bbox 641 700 711 760; x_wconf 81' lang='grc' dir='ltr'><strong><em>τοῦ·</em></strong></span> <span class='ocrx_word' id='word_1_70' title='bbox 745 699 783 768; x_wconf 84' lang='grc' dir='ltr'><strong><em>εἰς</em></strong></span> <span class='ocrx_word' id='word_1_71' title='bbox 794 695 832 758; x_wconf 83' lang='grc' dir='ltr'><strong><em>τά</em></strong></span> <span class='ocrx_word' id='word_1_72' title='bbox 848 692 914 778; x_wconf 81' lang='grc' dir='ltr'><strong><em>ἰερά</em></strong></span> <span class='ocrx_word' id='word_1_73' title='bbox 928 693 1030 758; x_wconf 86' lang='grc' dir='ltr'><strong><em>αὐτῶν</em></strong></span> <span class='ocrx_word' id='word_1_74' title='bbox 1043 693 1168 767; x_wconf 84' lang='grc' dir='ltr'><strong><em>εἰςιέναι,</em></strong></span> <span class='ocrx_word' id='word_1_75' title='bbox 1195 692 1348 772; x_wconf 80' lang='grc' dir='ltr'><strong><em>πάνταςίί</em></strong></span> 
     </span>
     <span class='ocr_line' id='line_1_8' title="bbox 105 774 1350 883; baseline -0.002 -34"><span class='ocrx_word' id='word_1_76' title='bbox 105 808 169 849; x_wconf 88' lang='grc' dir='ltr'><strong><em>τον.</em></strong></span> <span class='ocrx_word' id='word_1_77' title='bbox 195 785 222 824; x_wconf 80' lang='grc'><strong><em>22</em></strong></span> <span class='ocrx_word' id='word_1_78' title='bbox 233 783 272 865; x_wconf 83' lang='grc' dir='ltr'><strong><em>μη</em></strong></span> <span class='ocrx_word' id='word_1_79' title='bbox 286 774 438 862; x_wconf 82' lang='grc' dir='ltr'><strong><em>ἰκδικήσης</em></strong></span> <span class='ocrx_word' id='word_1_80' title='bbox 454 775 530 883; x_wconf 78' lang='grc' dir='ltr'><strong><em>ήμάς</em></strong></span> <span class='ocrx_word' id='word_1_81' title='bbox 542 782 573 843; x_wconf 84' lang='grc' dir='ltr'><strong><em>ἐν</em></strong></span> <span class='ocrx_word' id='word_1_82' title='bbox 588 782 625 869; x_wconf 76' lang='grc' dir='ltr'><strong><em>τῇ</em></strong></span> <span class='ocrx_word' id='word_1_83' title='bbox 639 775 711 843; x_wconf 84' lang='grc' dir='ltr'><strong><em>τού·</em></strong></span> <span class='ocrx_word' id='word_1_84' title='bbox 744 777 814 852; x_wconf 88' lang='grc' dir='ltr'><strong><em>τούς</em></strong></span> <span class='ocrx_word' id='word_1_85' title='bbox 837 777 1001 850; x_wconf 81' lang='grc' dir='ltr'><strong><em>Ἰουδαίους</em></strong></span> <span class='ocrx_word' id='word_1_86' title='bbox 1026 781 1065 849; x_wconf 89' lang='grc' dir='ltr'><strong><em>εἰς</em></strong></span> <span class='ocrx_word' id='word_1_87' title='bbox 1082 776 1290 860; x_wconf 84' lang='grc' dir='ltr'><strong><em>λαογραφίαν</em></strong></span> <span class='ocrx_word' id='word_1_88' title='bbox 1315 783 1350 846; x_wconf 80' lang='grc' dir='ltr'><strong><em>κά</em></strong></span> 
     </span>
     <span class='ocr_line' id='line_1_9' title="bbox 106 853 1350 948; baseline -0.002 -16"><span class='ocrx_word' id='word_1_89' title='bbox 106 891 168 932; x_wconf 86' lang='grc' dir='ltr'><strong><em>των</em></strong></span> <span class='ocrx_word' id='word_1_90' title='bbox 181 863 375 948; x_wconf 75' lang='grc' dir='ltr'><strong><em>ἀκαθαρσίᾳ,</em></strong></span> <span class='ocrx_word' id='word_1_91' title='bbox 400 853 472 944; x_wconf 76' lang='grc' dir='ltr'><strong><em>μηδε</em></strong></span> <span class='ocrx_word' id='word_1_92' title='bbox 488 861 618 947; x_wconf 82' lang='grc' dir='ltr'><strong><em>εὐθύνης</em></strong></span> <span class='ocrx_word' id='word_1_93' title='bbox 636 859 712 944; x_wconf 81' lang='grc' dir='ltr'><strong><em>ήμάς</em></strong></span> <span class='ocrx_word' id='word_1_94' title='bbox 746 858 889 944; x_wconf 75' lang='grc' dir='ltr'><strong><em>οἰκετικὴν</em></strong></span> <span class='ocrx_word' id='word_1_95' title='bbox 913 858 1049 924; x_wconf 85' lang='grc' dir='ltr'><strong><em>διάθεσιν</em></strong></span> <span class='ocrx_word' id='word_1_96' title='bbox 1071 856 1217 941; x_wconf 77' lang='grc' dir='ltr'><strong><em>ἀχθῆναι,</em></strong></span> <span class='ocrx_word' id='word_1_97' title='bbox 1232 864 1310 938; x_wconf 89' lang='grc' dir='ltr'><strong><em>τούς</em></strong></span> <span class='ocrx_word' id='word_1_98' title='bbox 1330 865 1350 930; x_wconf 77' lang='grc' dir='ltr'><strong><em>δί</em></strong></span> 
     </span>
     <span class='ocr_line' id='line_1_10' title="bbox 108 937 1351 1051; baseline -0.004 -37"><span class='ocrx_word' id='word_1_99' title='bbox 108 954 140 1015; x_wconf 86' lang='grc' dir='ltr'><strong><em>ἐν</em></strong></span> <span class='ocrx_word' id='word_1_100' title='bbox 152 942 320 1051; x_wconf 83' lang='grc' dir='ltr'><strong><em>βεβηλιύσει,</em></strong></span> <span class='ocrx_word' id='word_1_101' title='bbox 347 951 397 1010; x_wconf 88' lang='grc' dir='ltr'><strong><em>’ίνα</em></strong></span> <span class='ocrx_word' id='word_1_102' title='bbox 408 945 449 1028; x_wconf 81' lang='grc' dir='ltr'><strong><em>μή</em></strong></span> <span class='ocrx_word' id='word_1_103' title='bbox 464 941 670 1028; x_wconf 72' lang='grc' dir='ltr'><strong><em>καυχήσωνται</em></strong></span> <span class='ocrx_word' id='word_1_104' title='bbox 683 950 713 1008; x_wconf 85' lang='grc' dir='ltr'><strong><em>οἰ</em></strong></span> <span class='ocrx_word' id='word_1_105' title='bbox 746 944 954 1020; x_wconf 82' lang='grc' dir='ltr'><strong><em>ἀντιλέγοντας</em></strong></span> <span class='ocrx_word' id='word_1_106' title='bbox 972 947 1024 1028; x_wconf 79' lang='grc' dir='ltr'><strong><em>βίᾳ</em></strong></span> <span class='ocrx_word' id='word_1_107' title='bbox 1042 937 1223 1026; x_wconf 72' lang='grc' dir='ltr'><strong><em>φερομένους</em></strong></span> <span class='ocrx_word' id='word_1_108' title='bbox 1236 953 1300 1009; x_wconf 79' lang='grc' dir='ltr'><strong><em>τοῦ</em></strong></span> <span class='ocrx_word' id='word_1_109' title='bbox 1311 950 1351 1042; x_wconf 71' lang='grc' dir='ltr'><strong><em>ζχι</em></strong></span> 
     </span>
     <span class='ocr_line' id='line_1_11' title="bbox 107 1022 1353 1115; baseline -0.001 -18"><span class='ocrx_word' id='word_1_110' title='bbox 107 1056 283 1114; x_wconf 83' lang='grc' dir='ltr'><strong><em>παράνομοι</em></strong></span> <span class='ocrx_word' id='word_1_111' title='bbox 302 1033 436 1111; x_wconf 78' lang='grc' dir='ltr'><strong><em>ἐνθυμῴ</em></strong></span> <span class='ocrx_word' id='word_1_112' title='bbox 448 1028 566 1102; x_wconf 82' lang='grc' dir='ltr'><strong><em>αὐτῶν,</em></strong></span> <span class='ocrx_word' id='word_1_113' title='bbox 590 1026 664 1110; x_wconf 83' lang='grc' dir='ltr'><strong><em>μηδὲ</em></strong></span> <span class='ocrx_word' id='word_1_114' title='bbox 676 1025 712 1091; x_wconf 91' lang='grc' dir='ltr'><strong><em>ἀ-</em></strong></span> <span class='ocrx_word' id='word_1_115' title='bbox 746 1032 934 1109; x_wconf 74' lang='grc' dir='ltr'><strong><em>μεταστῆσαι,</em></strong></span> <span class='ocrx_word' id='word_1_116' title='bbox 960 1028 990 1068; x_wconf 81' lang='lat'><strong><em>²⁹</em></strong></span> <span class='ocrx_word' id='word_1_117' title='bbox 1003 1022 1131 1099; x_wconf 82' lang='grc' dir='ltr'><strong><em>τούτους</em></strong></span> <span class='ocrx_word' id='word_1_118' title='bbox 1159 1052 1191 1090; x_wconf 90' lang='grc' dir='ltr'><strong><em>τε</em></strong></span> <span class='ocrx_word' id='word_1_119' title='bbox 1216 1025 1353 1115; x_wconf 84' lang='grc' dir='ltr'><strong><em>ἀπογρα·</em></strong></span> 
     </span>
     <span class='ocr_line' id='line_1_12' title="bbox 107 1104 1340 1198; baseline -0.002 -19"><span class='ocrx_word' id='word_1_120' title='bbox 107 1110 330 1193; x_wconf 91' lang='grc' dir='ltr'><strong><em>γαλλιάσωνται</em></strong></span> <span class='ocrx_word' id='word_1_121' title='bbox 353 1115 384 1176; x_wconf 82' lang='grc' dir='ltr'><strong><em>ἐν</em></strong></span> <span class='ocrx_word' id='word_1_122' title='bbox 406 1112 595 1195; x_wconf 77' lang='grc' dir='ltr'><strong><em>ὑπερηφανίᾳ</em></strong></span> <span class='ocrx_word' id='word_1_123' title='bbox 614 1108 713 1188; x_wconf 88' lang='grc' dir='ltr'><strong><em>γλῶσ-</em></strong></span> <span class='ocrx_word' id='word_1_124' title='bbox 747 1114 894 1194; x_wconf 85' lang='grc' dir='ltr'><strong><em>φομένους</em></strong></span> <span class='ocrx_word' id='word_1_125' title='bbox 905 1104 1112 1193; x_wconf 86' lang='grc' dir='ltr'><strong><em>χαράσσεσθαι</em></strong></span> <span class='ocrx_word' id='word_1_126' title='bbox 1131 1113 1186 1174; x_wconf 85' lang='grc' dir='ltr'><strong><em>καί</em></strong></span> <span class='ocrx_word' id='word_1_127' title='bbox 1199 1109 1249 1175; x_wconf 81' lang='grc' dir='ltr'><strong><em>διὰ</em></strong></span> <span class='ocrx_word' id='word_1_128' title='bbox 1263 1114 1340 1198; x_wconf 85' lang='grc' dir='ltr'><strong><em>πυρὸ</em></strong></span> 
     </span>
     <span class='ocr_line' id='line_1_13' title="bbox 108 1188 1353 1281; baseline 0 -18"><span class='ocrx_word' id='word_1_129' title='bbox 108 1225 161 1281; x_wconf 89' lang='grc' dir='ltr'><strong><em>σης</em></strong></span> <span class='ocrx_word' id='word_1_130' title='bbox 183 1196 294 1271; x_wconf 88' lang='grc' dir='ltr'><strong><em>αὐτῶν,</em></strong></span> <span class='ocrx_word' id='word_1_131' title='bbox 317 1196 462 1280; x_wconf 82' lang='grc' dir='ltr'><strong><em>λέγοντες,</em></strong></span> <span class='ocrx_word' id='word_1_132' title='bbox 488 1196 518 1237; x_wconf 86' lang='lat'><strong><em>¹³</em></strong></span> <span class='ocrx_word' id='word_1_133' title='bbox 532 1194 608 1280; x_wconf 78' lang='grc' dir='ltr'><strong><em>ήμεῐς</em></strong></span> <span class='ocrx_word' id='word_1_134' title='bbox 629 1218 713 1258; x_wconf 83' lang='grc' dir='ltr'><strong><em>κατε·</em></strong></span> <span class='ocrx_word' id='word_1_135' title='bbox 747 1199 785 1268; x_wconf 88' lang='grc' dir='ltr'><strong><em>εἰς</em></strong></span> <span class='ocrx_word' id='word_1_136' title='bbox 797 1193 834 1258; x_wconf 86' lang='grc' dir='ltr'><strong><em>τό</em></strong></span> <span class='ocrx_word' id='word_1_137' title='bbox 848 1203 931 1274; x_wconf 85' lang='grc' dir='ltr'><strong><em>σῶμα</em></strong></span> <span class='ocrx_word' id='word_1_138' title='bbox 944 1188 1113 1277; x_wconf 75' lang='grc' dir='ltr'><strong><em>παρασήμῳ</em></strong></span> <span class='ocrx_word' id='word_1_139' title='bbox 1127 1190 1285 1260; x_wconf 73' lang='grc' dir='ltr'><strong><em>Διονύσου</em></strong></span> <span class='ocrx_word' id='word_1_140' title='bbox 1297 1197 1353 1263; x_wconf 54' lang='grc' dir='ltr'><strong><em>ιιισὲ</em></strong></span> 
     </span>
     <span class='ocr_line' id='line_1_14' title="bbox 108 1273 1354 1366; baseline -0.001 -20"><span class='ocrx_word' id='word_1_141' title='bbox 108 1277 283 1365; x_wconf 86' lang='grc' dir='ltr'><strong><em>πατήσαμεν</em></strong></span> <span class='ocrx_word' id='word_1_142' title='bbox 302 1280 356 1344; x_wconf 87' lang='grc' dir='ltr'><strong><em>τὸν</em></strong></span> <span class='ocrx_word' id='word_1_143' title='bbox 375 1277 459 1344; x_wconf 77' lang='grc' dir='ltr'><strong><em>οἷκον</em></strong></span> <span class='ocrx_word' id='word_1_144' title='bbox 476 1282 532 1342; x_wconf 82' lang='grc' dir='ltr'><strong><em>τοῦ</em></strong></span> <span class='ocrx_word' id='word_1_145' title='bbox 553 1276 713 1360; x_wconf 83' lang='grc' dir='ltr'><strong><em>ἁγιασμοῦ,</em></strong></span> <span class='ocrx_word' id='word_1_146' title='bbox 747 1278 901 1359; x_wconf 87' lang='grc' dir='ltr'><strong><em>σοφύλλῳ,</em></strong></span> <span class='ocrx_word' id='word_1_147' title='bbox 909 1273 960 1350; x_wconf 75' lang='grc' dir='ltr'><strong><em>οὓς</em></strong></span> <span class='ocrx_word' id='word_1_148' title='bbox 974 1277 1024 1339; x_wconf 83' lang='grc' dir='ltr'><strong><em>καί</em></strong></span> <span class='ocrx_word' id='word_1_149' title='bbox 1036 1284 1247 1359; x_wconf 79' lang='grc' dir='ltr'><strong><em>καταχωρίσαι</em></strong></span> <span class='ocrx_word' id='word_1_150' title='bbox 1261 1284 1302 1354; x_wconf 86' lang='grc' dir='ltr'><strong><em>εἰς</em></strong></span> <span class='ocrx_word' id='word_1_151' title='bbox 1310 1280 1354 1366; x_wconf 82' lang='grc' dir='ltr'><strong><em>τήν</em></strong></span> 
     </span>
     <span class='ocr_line' id='line_1_15' title="bbox 109 1355 1354 1445; baseline 0.002 -18"><span class='ocrx_word' id='word_1_152' title='bbox 109 1361 150 1439; x_wconf 87' lang='grc' dir='ltr'><strong><em>ῶς</em></strong></span> <span class='ocrx_word' id='word_1_153' title='bbox 163 1367 407 1428; x_wconf 79' lang='grc' dir='ltr'><strong><em>καταπατούνται</em></strong></span> <span class='ocrx_word' id='word_1_154' title='bbox 421 1359 539 1426; x_wconf 81' lang='grc' dir='ltr'><strong><em>οἶοίκοι</em></strong></span> <span class='ocrx_word' id='word_1_155' title='bbox 548 1366 610 1426; x_wconf 85' lang='grc' dir='ltr'><strong><em>τῶν</em></strong></span> <span class='ocrx_word' id='word_1_156' title='bbox 619 1386 713 1444; x_wconf 83' lang='grc' dir='ltr'><strong><em>προς·</em></strong></span> <span class='ocrx_word' id='word_1_157' title='bbox 746 1359 1040 1445; x_wconf 87' lang='grc' dir='ltr'><strong><em>προσυνεσταλμένην</em></strong></span> <span class='ocrx_word' id='word_1_158' title='bbox 1053 1355 1234 1426; x_wconf 87' lang='grc' dir='ltr'><strong><em>αὐθεντίαν.</em></strong></span> <span class='ocrx_word' id='word_1_159' title='bbox 1270 1365 1303 1407; x_wconf 87' lang='lat'><strong><em>³⁰</em></strong></span> <span class='ocrx_word' id='word_1_160' title='bbox 1315 1370 1354 1429; x_wconf 84' lang='grc' dir='ltr'><strong><em>ἵνα</em></strong></span> 
     </span>
     <span class='ocr_line' id='line_1_16' title="bbox 109 1439 1353 1532; baseline 0 -21"><span class='ocrx_word' id='word_1_161' title='bbox 109 1443 309 1530; x_wconf 85' lang='grc' dir='ltr'><strong><em>οχθισμάτων.</em></strong></span> <span class='ocrx_word' id='word_1_162' title='bbox 335 1442 535 1525; x_wconf 73' lang='grc' dir='ltr'><strong><em>19ἀιτάλειιμον</em></strong></span> <span class='ocrx_word' id='word_1_163' title='bbox 548 1445 602 1520; x_wconf 86' lang='grc' dir='ltr'><strong><em>τὰς</em></strong></span> <span class='ocrx_word' id='word_1_164' title='bbox 616 1446 713 1528; x_wconf 86' lang='grc' dir='ltr'><strong><em>ἆμαρ·</em></strong></span> <span class='ocrx_word' id='word_1_165' title='bbox 747 1445 779 1510; x_wconf 85' lang='grc' dir='ltr'><strong><em>δὲ</em></strong></span> <span class='ocrx_word' id='word_1_166' title='bbox 790 1443 830 1527; x_wconf 82' lang='grc' dir='ltr'><strong><em>μή</em></strong></span> <span class='ocrx_word' id='word_1_167' title='bbox 845 1456 906 1518; x_wconf 82' lang='grc' dir='ltr'><strong><em>τοῖς</em></strong></span> <span class='ocrx_word' id='word_1_168' title='bbox 919 1447 1012 1507; x_wconf 83' lang='grc' dir='ltr'><strong><em>πᾶσιν</em></strong></span> <span class='ocrx_word' id='word_1_169' title='bbox 1031 1439 1237 1524; x_wconf 74' lang='grc' dir='ltr'><strong><em>ἀπεχθόμενος</em></strong></span> <span class='ocrx_word' id='word_1_170' title='bbox 1252 1455 1353 1532; x_wconf 81' lang='grc' dir='ltr'><strong><em>φαίνη</em></strong></span> 
     </span>
     <span class='ocr_line' id='line_1_17' title="bbox 107 1525 1366 1613; baseline 0 -19"><span class='ocrx_word' id='word_1_171' title='bbox 107 1539 173 1604; x_wconf 83' lang='grc' dir='ltr'><strong><em>σίας</em></strong></span> <span class='ocrx_word' id='word_1_172' title='bbox 186 1529 284 1613; x_wconf 83' lang='grc' dir='ltr'><strong><em>ήμῶν,</em></strong></span> <span class='ocrx_word' id='word_1_173' title='bbox 311 1529 362 1593; x_wconf 83' lang='grc' dir='ltr'><strong><em>καί</em></strong></span> <span class='ocrx_word' id='word_1_174' title='bbox 375 1529 572 1594; x_wconf 84' lang='grc' dir='ltr'><strong><em>διασκέδασον</em></strong></span> <span class='ocrx_word' id='word_1_175' title='bbox 589 1527 644 1603; x_wconf 86' lang='grc' dir='ltr'><strong><em>τάς</em></strong></span> <span class='ocrx_word' id='word_1_176' title='bbox 657 1527 714 1611; x_wconf 87' lang='grc' dir='ltr'><strong><em>ἀμ·</em></strong></span> <span class='ocrx_word' id='word_1_177' title='bbox 746 1554 806 1604; x_wconf 89' lang='grc' dir='ltr'><strong><em>ται,</em></strong></span> <span class='ocrx_word' id='word_1_178' title='bbox 820 1526 999 1610; x_wconf 78' lang='grc' dir='ltr'><strong><em>ὑπέγραψεν.</em></strong></span> <span class='ocrx_word' id='word_1_179' title='bbox 1012 1525 1063 1590; x_wconf 84' lang='grc' dir='ltr'><strong><em>έόιν</em></strong></span> <span class='ocrx_word' id='word_1_180' title='bbox 1076 1525 1110 1590; x_wconf 87' lang='grc' dir='ltr'><strong><em>δέ</em></strong></span> <span class='ocrx_word' id='word_1_181' title='bbox 1120 1551 1195 1602; x_wconf 88' lang='grc' dir='ltr'><strong><em>τινες</em></strong></span> <span class='ocrx_word' id='word_1_182' title='bbox 1209 1532 1243 1606; x_wconf 78' lang='grc' dir='ltr'><strong><em>ἐξ</em></strong></span> <span class='ocrx_word' id='word_1_183' title='bbox 1257 1531 1366 1596; x_wconf 86' lang='grc' dir='ltr'><strong><em>αὐτῶν·</em></strong></span> 
     </span>
     <span class='ocr_line' id='line_1_18' title="bbox 107 1608 1355 1697; baseline 0.002 -19"><span class='ocrx_word' id='word_1_184' title='bbox 107 1613 236 1686; x_wconf 88' lang='grc' dir='ltr'><strong><em>πλακίας</em></strong></span> <span class='ocrx_word' id='word_1_185' title='bbox 248 1610 339 1694; x_wconf 84' lang='grc' dir='ltr'><strong><em>ήμῶν,</em></strong></span> <span class='ocrx_word' id='word_1_186' title='bbox 353 1615 404 1677; x_wconf 90' lang='grc' dir='ltr'><strong><em>καί</em></strong></span> <span class='ocrx_word' id='word_1_187' title='bbox 417 1615 566 1692; x_wconf 84' lang='grc' dir='ltr'><strong><em>ἐπίφανον</em></strong></span> <span class='ocrx_word' id='word_1_188' title='bbox 577 1609 614 1676; x_wconf 90' lang='grc' dir='ltr'><strong><em>τὸ</em></strong></span> <span class='ocrx_word' id='word_1_189' title='bbox 629 1611 715 1686; x_wconf 77' lang='grc' dir='ltr'><strong><em>ἔλεός</em></strong></span> <span class='ocrx_word' id='word_1_190' title='bbox 746 1615 950 1697; x_wconf 81' lang='grc' dir='ltr'><strong><em>προαιρῶνται</em></strong></span> <span class='ocrx_word' id='word_1_191' title='bbox 963 1612 994 1674; x_wconf 81' lang='grc' dir='ltr'><strong><em>ἐν</em></strong></span> <span class='ocrx_word' id='word_1_192' title='bbox 1003 1621 1066 1684; x_wconf 78' lang='grc' dir='ltr'><strong><em>τοῖς</em></strong></span> <span class='ocrx_word' id='word_1_193' title='bbox 1077 1608 1155 1673; x_wconf 84' lang='grc' dir='ltr'><strong><em>κατά</em></strong></span> <span class='ocrx_word' id='word_1_194' title='bbox 1170 1609 1227 1687; x_wconf 82' lang='grc' dir='ltr'><strong><em>τάς</em></strong></span> <span class='ocrx_word' id='word_1_195' title='bbox 1242 1613 1355 1687; x_wconf 81' lang='grc' dir='ltr'><strong><em>τελετάς</em></strong></span> 
     </span>
     <span class='ocr_line' id='line_1_19' title="bbox 110 1690 1354 1780; baseline 0.002 -19"><span class='ocrx_word' id='word_1_196' title='bbox 110 1721 165 1762; x_wconf 92' lang='grc' dir='ltr'><strong><em>σου</em></strong></span> <span class='ocrx_word' id='word_1_197' title='bbox 182 1694 261 1760; x_wconf 86' lang='grc' dir='ltr'><strong><em>κατά</em></strong></span> <span class='ocrx_word' id='word_1_198' title='bbox 278 1695 333 1778; x_wconf 84' lang='grc' dir='ltr'><strong><em>τήν</em></strong></span> <span class='ocrx_word' id='word_1_199' title='bbox 350 1691 432 1780; x_wconf 81' lang='grc' dir='ltr'><strong><em>όίραν</em></strong></span> <span class='ocrx_word' id='word_1_200' title='bbox 448 1690 570 1776; x_wconf 80' lang='grc' dir='ltr'><strong><em>ταύτην.</em></strong></span> <span class='ocrx_word' id='word_1_201' title='bbox 596 1697 627 1738; x_wconf 82' lang='lat'><strong><em>²⁰</em></strong></span> <span class='ocrx_word' id='word_1_202' title='bbox 639 1693 715 1779; x_wconf 82' lang='grc' dir='ltr'><strong><em>ταχύ</em></strong></span> <span class='ocrx_word' id='word_1_203' title='bbox 746 1699 934 1780; x_wconf 88' lang='grc' dir='ltr'><strong><em>μεμνημένοις</em></strong></span> <span class='ocrx_word' id='word_1_204' title='bbox 948 1693 1203 1776; x_wconf 83' lang='grc' dir='ltr'><strong><em>ἀναστρέφεσθαι,</em></strong></span> <span class='ocrx_word' id='word_1_205' title='bbox 1230 1696 1354 1772; x_wconf 82' lang='grc' dir='ltr'><strong><em>τούτους</em></strong></span> 
     </span>
     <span class='ocr_line' id='line_1_20' title="bbox 107 1775 1355 1882; baseline 0.002 -38"><span class='ocrx_word' id='word_1_206' title='bbox 107 1779 423 1865; x_wconf 80' lang='grc' dir='ltr'><strong><em>προκαταλαβέτωσαν</em></strong></span> <span class='ocrx_word' id='word_1_207' title='bbox 436 1775 510 1861; x_wconf 75' lang='grc' dir='ltr'><strong><em>ἡμᾶς</em></strong></span> <span class='ocrx_word' id='word_1_208' title='bbox 524 1782 556 1841; x_wconf 83' lang='grc' dir='ltr'><strong><em>σί</em></strong></span> <span class='ocrx_word' id='word_1_209' title='bbox 568 1782 716 1863; x_wconf 89' lang='grc' dir='ltr'><strong><em>οἰκτιρμοί</em></strong></span> <span class='ocrx_word' id='word_1_210' title='bbox 749 1778 927 1882; x_wconf 60' lang='grc' dir='ltr'><strong><em>ἰσοπολίτης</em></strong></span> <span class='ocrx_word' id='word_1_211' title='bbox 937 1776 1171 1860; x_wconf 76' lang='grc' dir='ltr'><strong><em>Ἀλεξανδρεῦσιν</em></strong></span> <span class='ocrx_word' id='word_1_212' title='bbox 1183 1778 1273 1844; x_wconf 82' lang='grc' dir='ltr'><strong><em>εἶναι.</em></strong></span> <span class='ocrx_word' id='word_1_213' title='bbox 1289 1784 1355 1846; x_wconf 80' lang='grc' dir='ltr'><strong><em>31έ-</em></strong></span> 
     </span>
     <span class='ocr_line' id='line_1_21' title="bbox 109 1858 1356 1946; baseline 0.003 -20"><span class='ocrx_word' id='word_1_214' title='bbox 109 1888 175 1936; x_wconf 93' lang='grc' dir='ltr'><strong><em>σου,</em></strong></span> <span class='ocrx_word' id='word_1_215' title='bbox 188 1864 239 1927; x_wconf 85' lang='grc' dir='ltr'><strong><em>καὶ</em></strong></span> <span class='ocrx_word' id='word_1_216' title='bbox 251 1860 302 1937; x_wconf 86' lang='grc' dir='ltr'><strong><em>δός</em></strong></span> <span class='ocrx_word' id='word_1_217' title='bbox 321 1864 442 1938; x_wconf 86' lang='grc' dir='ltr'><strong><em>αἰνέσεις</em></strong></span> <span class='ocrx_word' id='word_1_218' title='bbox 454 1866 486 1926; x_wconf 77' lang='grc' dir='ltr'><strong><em>ἐν</em></strong></span> <span class='ocrx_word' id='word_1_219' title='bbox 509 1860 635 1944; x_wconf 90' lang='grc' dir='ltr'><strong><em>στόματι</em></strong></span> <span class='ocrx_word' id='word_1_220' title='bbox 652 1866 715 1927; x_wconf 90' lang='grc' dir='ltr'><strong><em>τῶν</em></strong></span> <span class='ocrx_word' id='word_1_221' title='bbox 748 1888 805 1928; x_wconf 90' lang='grc' dir='ltr'><strong><em>νισι</em></strong></span> <span class='ocrx_word' id='word_1_222' title='bbox 818 1862 871 1944; x_wconf 80' lang='grc' dir='ltr'><strong><em>μὲν</em></strong></span> <span class='ocrx_word' id='word_1_223' title='bbox 884 1886 937 1925; x_wconf 92' lang='grc' dir='ltr'><strong><em>ουν</em></strong></span> <span class='ocrx_word' id='word_1_224' title='bbox 951 1863 1000 1925; x_wconf 81' lang='grc' dir='ltr'><strong><em>ἒπί</em></strong></span> <span class='ocrx_word' id='word_1_225' title='bbox 1017 1858 1134 1934; x_wconf 87' lang='grc' dir='ltr'><strong><em>πόλεως</em></strong></span> <span class='ocrx_word' id='word_1_226' title='bbox 1151 1861 1206 1936; x_wconf 87' lang='grc' dir='ltr'><strong><em>τάς</em></strong></span> <span class='ocrx_word' id='word_1_227' title='bbox 1223 1869 1281 1946; x_wconf 82' lang='grc' dir='ltr'><strong><em>τῆς</em></strong></span> <span class='ocrx_word' id='word_1_228' title='bbox 1300 1864 1356 1930; x_wconf 87' lang='grc' dir='ltr'><strong><em>πό-</em></strong></span> 
     </span>
     <span class='ocr_line' id='line_1_22' title="bbox 108 1942 1357 2050; baseline 0.002 -43"><span class='ocrx_word' id='word_1_229' title='bbox 108 1942 391 2010; x_wconf 89' lang='grc' dir='ltr'><strong><em>καταπεπτωκότων</em></strong></span> <span class='ocrx_word' id='word_1_230' title='bbox 406 1947 457 2010; x_wconf 82' lang='grc' dir='ltr'><strong><em>καί</em></strong></span> <span class='ocrx_word' id='word_1_231' title='bbox 469 1949 716 2029; x_wconf 79' lang='grc' dir='ltr'><strong><em>συντετριμμένων</em></strong></span> <span class='ocrx_word' id='word_1_232' title='bbox 748 1948 820 2020; x_wconf 81' lang='grc' dir='ltr'><strong><em>λεως</em></strong></span> <span class='ocrx_word' id='word_1_233' title='bbox 834 1945 975 2050; x_wconf 88' lang='grc' dir='ltr'><strong><em>εὐσεβείας</em></strong></span> <span class='ocrx_word' id='word_1_234' title='bbox 988 1943 1154 2030; x_wconf 74' lang='grc' dir='ltr'><strong><em>ἐπιβάθρας</em></strong></span> <span class='ocrx_word' id='word_1_235' title='bbox 1177 1952 1357 2022; x_wconf 76' lang='grc' dir='ltr'><strong><em>στυγοῦντες</em></strong></span> 
     </span>
     <span class='ocr_line' id='line_1_23' title="bbox 107 2023 1355 2114; baseline 0.003 -24"><span class='ocrx_word' id='word_1_236' title='bbox 107 2027 163 2101; x_wconf 83' lang='grc' dir='ltr'><strong><em>τὰς</em></strong></span> <span class='ocrx_word' id='word_1_237' title='bbox 175 2028 284 2112; x_wconf 76' lang='grc' dir='ltr'><strong><em>ψυχάς,</em></strong></span> <span class='ocrx_word' id='word_1_238' title='bbox 293 2023 421 2110; x_wconf 87' lang='grc' dir='ltr'><strong><em>ποιήσας</em></strong></span> <span class='ocrx_word' id='word_1_239' title='bbox 431 2027 497 2110; x_wconf 83' lang='grc' dir='ltr'><strong><em>ήμῖν</em></strong></span> <span class='ocrx_word' id='word_1_240' title='bbox 507 2024 627 2111; x_wconf 83' lang='grc' dir='ltr'><strong><em>εἰρήνην.</em></strong></span> <span class='ocrx_word' id='word_1_241' title='bbox 641 2031 714 2091; x_wconf 57' lang='lat'><strong><em>²¹&amp;-</em></strong></span> <span class='ocrx_word' id='word_1_242' title='bbox 748 2028 869 2114; x_wconf 78' lang='grc' dir='ltr'><strong><em>εὐχερῶς</em></strong></span> <span class='ocrx_word' id='word_1_243' title='bbox 887 2024 1013 2102; x_wconf 87' lang='grc' dir='ltr'><strong><em>εαυτούς</em></strong></span> <span class='ocrx_word' id='word_1_244' title='bbox 1031 2028 1178 2099; x_wconf 77' lang='grc' dir='ltr'><strong><em>ἐδίδοσαν,</em></strong></span> <span class='ocrx_word' id='word_1_245' title='bbox 1205 2025 1249 2101; x_wconf 85' lang='grc' dir='ltr'><strong><em>ὡς</em></strong></span> <span class='ocrx_word' id='word_1_246' title='bbox 1262 2026 1355 2109; x_wconf 83' lang='grc' dir='ltr'><strong><em>μεγά·</em></strong></span> 
     </span>
     <span class='ocr_line' id='line_1_24' title="bbox 108 2106 1355 2195; baseline 0.006 -23"><span class='ocrx_word' id='word_1_247' title='bbox 108 2115 212 2173; x_wconf 83' lang='grc' dir='ltr'><strong><em>ταύθα</em></strong></span> <span class='ocrx_word' id='word_1_248' title='bbox 239 2107 394 2173; x_wconf 89' lang='grc' dir='ltr'><strong><em>όπάντων</em></strong></span> <span class='ocrx_word' id='word_1_249' title='bbox 416 2109 549 2191; x_wconf 78' lang='grc' dir='ltr'><strong><em>ἐπόπτης</em></strong></span> <span class='ocrx_word' id='word_1_250' title='bbox 567 2109 640 2183; x_wconf 86' lang='grc' dir='ltr'><strong><em>θεός</em></strong></span> <span class='ocrx_word' id='word_1_251' title='bbox 664 2112 716 2173; x_wconf 85' lang='grc' dir='ltr'><strong><em>καί</em></strong></span> <span class='ocrx_word' id='word_1_252' title='bbox 747 2112 799 2194; x_wconf 89' lang='grc' dir='ltr'><strong><em>λης</em></strong></span> <span class='ocrx_word' id='word_1_253' title='bbox 811 2108 890 2185; x_wconf 91' lang='grc' dir='ltr'><strong><em>τινός</em></strong></span> <span class='ocrx_word' id='word_1_254' title='bbox 902 2110 1125 2195; x_wconf 86' lang='grc' dir='ltr'><strong><em>κοινωνήσοντες</em></strong></span> <span class='ocrx_word' id='word_1_255' title='bbox 1143 2106 1281 2186; x_wconf 82' lang='grc' dir='ltr'><strong><em>εὐκλείας</em></strong></span> <span class='ocrx_word' id='word_1_256' title='bbox 1294 2112 1355 2178; x_wconf 83' lang='grc' dir='ltr'><strong><em>ἀπὸ</em></strong></span> 
     </span>
     <span class='ocr_line' id='line_1_25' title="bbox 108 2187 1354 2282; baseline 0.004 -25"><span class='ocrx_word' id='word_1_257' title='bbox 108 2190 171 2279; x_wconf 87' lang='grc' dir='ltr'><strong><em>πρὸ</em></strong></span> <span class='ocrx_word' id='word_1_258' title='bbox 184 2187 306 2257; x_wconf 87' lang='grc' dir='ltr'><strong><em>πάντων</em></strong></span> <span class='ocrx_word' id='word_1_259' title='bbox 318 2188 402 2268; x_wconf 74' lang='grc' dir='ltr'><strong><em>ἅγιος</em></strong></span> <span class='ocrx_word' id='word_1_260' title='bbox 417 2195 450 2257; x_wconf 81' lang='grc' dir='ltr'><strong><em>ἐν</em></strong></span> <span class='ocrx_word' id='word_1_261' title='bbox 463 2187 567 2269; x_wconf 80' lang='grc' dir='ltr'><strong><em>ἁγίοις,</em></strong></span> <span class='ocrx_word' id='word_1_262' title='bbox 582 2189 715 2268; x_wconf 85' lang='grc' dir='ltr'><strong><em>εἰςακού·</em></strong></span> <span class='ocrx_word' id='word_1_263' title='bbox 748 2200 800 2276; x_wconf 78' lang='grc' dir='ltr'><strong><em>τῆς</em></strong></span> <span class='ocrx_word' id='word_1_264' title='bbox 813 2198 953 2279; x_wconf 79' lang='grc' dir='ltr'><strong><em>ἐσομένης</em></strong></span> <span class='ocrx_word' id='word_1_265' title='bbox 967 2201 1011 2278; x_wconf 79' lang='grc' dir='ltr'><strong><em>τῷ</em></strong></span> <span class='ocrx_word' id='word_1_266' title='bbox 1029 2195 1144 2282; x_wconf 78' lang='grc' dir='ltr'><strong><em>βασιλεῖ</em></strong></span> <span class='ocrx_word' id='word_1_267' title='bbox 1156 2218 1354 2282; x_wconf 86' lang='grc' dir='ltr'><strong><em>συναναστρο-</em></strong></span> 
     </span>
     <span class='ocr_line' id='line_1_26' title="bbox 109 2272 1353 2373; baseline 0.002 -31"><span class='ocrx_word' id='word_1_268' title='bbox 109 2303 164 2352; x_wconf 90' lang='grc' dir='ltr'><strong><em>σας</em></strong></span> <span class='ocrx_word' id='word_1_269' title='bbox 175 2281 226 2361; x_wconf 79' lang='grc' dir='ltr'><strong><em>τῆς</em></strong></span> <span class='ocrx_word' id='word_1_270' title='bbox 239 2278 381 2357; x_wconf 83' lang='grc' dir='ltr'><strong><em>ἐνθέσμου</em></strong></span> <span class='ocrx_word' id='word_1_271' title='bbox 395 2275 556 2352; x_wconf 81' lang='grc' dir='ltr'><strong><em>λιτανείας,</em></strong></span> <span class='ocrx_word' id='word_1_272' title='bbox 569 2272 622 2341; x_wconf 88' lang='grc' dir='ltr'><strong><em>τὸν</em></strong></span> <span class='ocrx_word' id='word_1_273' title='bbox 637 2273 715 2362; x_wconf 77' lang='grc' dir='ltr'><strong><em>ὐβρει</em></strong></span> <span class='ocrx_word' id='word_1_274' title='bbox 749 2283 812 2362; x_wconf 81' lang='grc' dir='ltr'><strong><em>φής.</em></strong></span> <span class='ocrx_word' id='word_1_275' title='bbox 840 2280 870 2320; x_wconf 91' lang='lat'><strong><em>³²</em></strong></span> <span class='ocrx_word' id='word_1_276' title='bbox 883 2284 914 2343; x_wconf 77' lang='grc' dir='ltr'><strong><em>οἱ</em></strong></span> <span class='ocrx_word' id='word_1_277' title='bbox 926 2279 959 2343; x_wconf 81' lang='grc' dir='ltr'><strong><em>δὲ</em></strong></span> <span class='ocrx_word' id='word_1_278' title='bbox 973 2279 1108 2343; x_wconf 84' lang='grc' dir='ltr'><strong><em>πλεῖστοι</em></strong></span> <span class='ocrx_word' id='word_1_279' title='bbox 1128 2286 1249 2362; x_wconf 81' lang='grc' dir='ltr'><strong><em>γενναίᾳ</em></strong></span> <span class='ocrx_word' id='word_1_280' title='bbox 1278 2285 1353 2373; x_wconf 78' lang='grc' dir='ltr'><strong><em>ψυχή</em></strong></span> 
     </span>
     <span class='ocr_line' id='line_1_27' title="bbox 108 2354 1354 2452; baseline 0.005 -30"><span class='ocrx_word' id='word_1_281' title='bbox 108 2362 159 2423; x_wconf 81' lang='grc' dir='ltr'><strong><em>καὶ</em></strong></span> <span class='ocrx_word' id='word_1_282' title='bbox 180 2360 286 2444; x_wconf 87' lang='grc' dir='ltr'><strong><em>θράσει</em></strong></span> <span class='ocrx_word' id='word_1_283' title='bbox 308 2354 442 2440; x_wconf 77' lang='grc' dir='ltr'><strong><em>μεγάλως</em></strong></span> <span class='ocrx_word' id='word_1_284' title='bbox 460 2362 623 2452; x_wconf 84' lang='grc' dir='ltr'><strong><em>ἐπηρμένον</em></strong></span> <span class='ocrx_word' id='word_1_285' title='bbox 643 2359 715 2443; x_wconf 72' lang='grc' dir='ltr'><strong><em>ἐμά·</em></strong></span> <span class='ocrx_word' id='word_1_286' title='bbox 747 2365 912 2446; x_wconf 85' lang='grc' dir='ltr'><strong><em>ἐνίσχυσαν,</em></strong></span> <span class='ocrx_word' id='word_1_287' title='bbox 927 2364 977 2426; x_wconf 86' lang='grc' dir='ltr'><strong><em>καί</em></strong></span> <span class='ocrx_word' id='word_1_288' title='bbox 991 2360 1027 2427; x_wconf 90' lang='grc' dir='ltr'><strong><em>οὐ</em></strong></span> <span class='ocrx_word' id='word_1_289' title='bbox 1039 2363 1197 2444; x_wconf 85' lang='grc' dir='ltr'><strong><em>διέστησαν</em></strong></span> <span class='ocrx_word' id='word_1_290' title='bbox 1209 2368 1264 2447; x_wconf 75' lang='grc' dir='ltr'><strong><em>τῆς</em></strong></span> <span class='ocrx_word' id='word_1_291' title='bbox 1277 2364 1354 2430; x_wconf 75' lang='grc' dir='ltr'><strong><em>εὐσε·</em></strong></span> 
     </span>
     <span class='ocr_line' id='line_1_28' title="bbox 108 2440 1353 2531; baseline 0.005 -25"><span class='ocrx_word' id='word_1_292' title='bbox 108 2444 202 2518; x_wconf 80' lang='grc' dir='ltr'><strong><em>στιξεν</em></strong></span> <span class='ocrx_word' id='word_1_293' title='bbox 216 2440 320 2517; x_wconf 89' lang='grc' dir='ltr'><strong><em>αὐτὸν,</em></strong></span> <span class='ocrx_word' id='word_1_294' title='bbox 336 2445 368 2483; x_wconf 92' lang='grc'><strong><em>22</em></strong></span> <span class='ocrx_word' id='word_1_295' title='bbox 380 2446 466 2507; x_wconf 82' lang='grc' dir='ltr'><strong><em>ἔνθεν</em></strong></span> <span class='ocrx_word' id='word_1_296' title='bbox 478 2446 530 2507; x_wconf 84' lang='grc' dir='ltr'><strong><em>καὶ</em></strong></span> <span class='ocrx_word' id='word_1_297' title='bbox 542 2447 627 2508; x_wconf 81' lang='grc' dir='ltr'><strong><em>ἔνθεν</em></strong></span> <span class='ocrx_word' id='word_1_298' title='bbox 640 2470 715 2527; x_wconf 91' lang='grc' dir='ltr'><strong><em>κρα-</em></strong></span> <span class='ocrx_word' id='word_1_299' title='bbox 746 2449 834 2531; x_wconf 84' lang='grc' dir='ltr'><strong><em>βείας.</em></strong></span> <span class='ocrx_word' id='word_1_300' title='bbox 862 2443 947 2511; x_wconf 85' lang='grc' dir='ltr'><strong><em>τότε</em></strong></span> <span class='ocrx_word' id='word_1_301' title='bbox 970 2442 1109 2530; x_wconf 86' lang='grc' dir='ltr'><strong><em>χρήματα</em></strong></span> <span class='ocrx_word' id='word_1_302' title='bbox 1135 2448 1205 2528; x_wconf 78' lang='grc' dir='ltr'><strong><em>περὶ</em></strong></span> <span class='ocrx_word' id='word_1_303' title='bbox 1228 2453 1288 2512; x_wconf 79' lang='grc' dir='ltr'><strong><em>τοῦ</em></strong></span> <span class='ocrx_word' id='word_1_304' title='bbox 1309 2452 1353 2530; x_wconf 73' lang='grc' dir='ltr'><strong><em>ζῐμ</em></strong></span> 
     </span>
     <span class='ocr_line' id='line_1_29' title="bbox 107 2518 1352 2616; baseline 0.005 -26"><span class='ocrx_word' id='word_1_305' title='bbox 107 2523 198 2599; x_wconf 89' lang='grc' dir='ltr'><strong><em>δάνας</em></strong></span> <span class='ocrx_word' id='word_1_306' title='bbox 211 2523 305 2591; x_wconf 85' lang='grc' dir='ltr'><strong><em>αὐτόν</em></strong></span> <span class='ocrx_word' id='word_1_307' title='bbox 318 2521 358 2600; x_wconf 86' lang='grc' dir='ltr'><strong><em>ῶς</em></strong></span> <span class='ocrx_word' id='word_1_308' title='bbox 369 2524 504 2609; x_wconf 89' lang='grc' dir='ltr'><strong><em>κάλαμον</em></strong></span> <span class='ocrx_word' id='word_1_309' title='bbox 515 2524 575 2592; x_wconf 87' lang='grc' dir='ltr'><strong><em>ὐπό</em></strong></span> <span class='ocrx_word' id='word_1_310' title='bbox 589 2524 714 2608; x_wconf 78' lang='grc' dir='ltr'><strong><em>ἀνέμου,</em></strong></span> <span class='ocrx_word' id='word_1_311' title='bbox 748 2527 1087 2610; x_wconf 76' lang='grc' dir='ltr'><strong><em>ἀντικαταλλασσόμενοι</em></strong></span> <span class='ocrx_word' id='word_1_312' title='bbox 1104 2528 1201 2603; x_wconf 87' lang='grc' dir='ltr'><strong><em>ἀδεῶς</em></strong></span> <span class='ocrx_word' id='word_1_313' title='bbox 1215 2518 1352 2616; x_wconf 78' lang='grc' dir='ltr'><strong><em>ἐπειρῶν-</em></strong></span> 
     </span>
     <span class='ocr_line' id='line_1_30' title="bbox 108 2604 1353 2700; baseline 0.008 -28"><span class='ocrx_word' id='word_1_314' title='bbox 108 2605 180 2683; x_wconf 84' lang='grc' dir='ltr'><strong><em>ῶςτε</em></strong></span> <span class='ocrx_word' id='word_1_315' title='bbox 193 2604 255 2672; x_wconf 83' lang='grc' dir='ltr'><strong><em>κατ’</em></strong></span> <span class='ocrx_word' id='word_1_316' title='bbox 279 2605 409 2690; x_wconf 77' lang='grc' dir='ltr'><strong><em>ἐδάφους</em></strong></span> <span class='ocrx_word' id='word_1_317' title='bbox 422 2609 578 2693; x_wconf 75' lang='grc' dir='ltr'><strong><em>ἄπρακτον</em></strong></span> <span class='ocrx_word' id='word_1_318' title='bbox 591 2613 648 2688; x_wconf 80' lang='grc' dir='ltr'><strong><em>ἔτι,</em></strong></span> <span class='ocrx_word' id='word_1_319' title='bbox 662 2613 713 2675; x_wconf 83' lang='grc' dir='ltr'><strong><em>καὶ</em></strong></span> <span class='ocrx_word' id='word_1_320' title='bbox 748 2639 784 2677; x_wconf 92' lang='grc' dir='ltr'><strong><em>το</em></strong></span> <span class='ocrx_word' id='word_1_321' title='bbox 799 2613 924 2686; x_wconf 80' lang='grc' dir='ltr'><strong><em>ἑαυτοὺς</em></strong></span> <span class='ocrx_word' id='word_1_322' title='bbox 938 2611 1088 2697; x_wconf 81' lang='grc' dir='ltr'><strong><em>ῥύσασθαι</em></strong></span> <span class='ocrx_word' id='word_1_323' title='bbox 1102 2617 1203 2676; x_wconf 81' lang='grc' dir='ltr'><strong><em>ἐκτῶν</em></strong></span> <span class='ocrx_word' id='word_1_324' title='bbox 1217 2614 1353 2700; x_wconf 86' lang='grc' dir='ltr'><strong><em>ἀπογρα-</em></strong></span> 
     </span>
     <span class='ocr_line' id='line_1_31' title="bbox 107 2693 1353 2780; baseline 0.006 -24"><span class='ocrx_word' id='word_1_325' title='bbox 107 2704 171 2766; x_wconf 83' lang='grc' dir='ltr'><strong><em>τσῐς</em></strong></span> <span class='ocrx_word' id='word_1_326' title='bbox 182 2693 280 2775; x_wconf 87' lang='grc' dir='ltr'><strong><em>μέλεσι</em></strong></span> <span class='ocrx_word' id='word_1_327' title='bbox 293 2693 542 2777; x_wconf 78' lang='grc' dir='ltr'><strong><em>παραλελυμένον,</em></strong></span> <span class='ocrx_word' id='word_1_328' title='bbox 560 2694 631 2777; x_wconf 82' lang='grc' dir='ltr'><strong><em>μηδὲ</em></strong></span> <span class='ocrx_word' id='word_1_329' title='bbox 645 2721 711 2774; x_wconf 85' lang='grc' dir='ltr'><strong><em>φω-</em></strong></span> <span class='ocrx_word' id='word_1_330' title='bbox 748 2702 822 2776; x_wconf 86' lang='grc' dir='ltr'><strong><em>φῶν.</em></strong></span> <span class='ocrx_word' id='word_1_331' title='bbox 857 2697 888 2738; x_wconf 89' lang='lat'><strong><em>³³</em></strong></span> <span class='ocrx_word' id='word_1_332' title='bbox 901 2695 1046 2771; x_wconf 87' lang='grc' dir='ltr'><strong><em>εὐελπιδες</em></strong></span> <span class='ocrx_word' id='word_1_333' title='bbox 1059 2697 1091 2761; x_wconf 84' lang='grc' dir='ltr'><strong><em>δὲ</em></strong></span> <span class='ocrx_word' id='word_1_334' title='bbox 1104 2697 1353 2780; x_wconf 85' lang='grc' dir='ltr'><strong><em>καθειστήκεισαν</em></strong></span> 
     </span>
     <span class='ocr_line' id='line_1_32' title="bbox 109 2773 1354 2865; baseline 0.006 -25"><span class='ocrx_word' id='word_1_335' title='bbox 109 2781 197 2859; x_wconf 81' lang='grc' dir='ltr'><strong><em>νήσαι</em></strong></span> <span class='ocrx_word' id='word_1_336' title='bbox 211 2773 360 2841; x_wconf 88' lang='grc' dir='ltr'><strong><em>δύνασθαι</em></strong></span> <span class='ocrx_word' id='word_1_337' title='bbox 373 2777 474 2858; x_wconf 81' lang='grc' dir='ltr'><strong><em>δικαίᾳ</em></strong></span> <span class='ocrx_word' id='word_1_338' title='bbox 488 2777 715 2861; x_wconf 83' lang='grc' dir='ltr'><strong><em>περιπεπλεγμέ-</em></strong></span> <span class='ocrx_word' id='word_1_339' title='bbox 748 2775 931 2865; x_wconf 77' lang='grc' dir='ltr'><strong><em>ἀντιλήψεως</em></strong></span> <span class='ocrx_word' id='word_1_340' title='bbox 944 2777 1111 2856; x_wconf 84' lang='grc' dir='ltr'><strong><em>τεύξεσθαι,</em></strong></span> <span class='ocrx_word' id='word_1_341' title='bbox 1124 2783 1176 2845; x_wconf 87' lang='grc' dir='ltr'><strong><em>καὶ</em></strong></span> <span class='ocrx_word' id='word_1_342' title='bbox 1189 2780 1261 2856; x_wconf 87' lang='grc' dir='ltr'><strong><em>τούς</em></strong></span> <span class='ocrx_word' id='word_1_343' title='bbox 1275 2782 1354 2847; x_wconf 88' lang='grc' dir='ltr'><strong><em>ἀπο-</em></strong></span> 
     </span>
     <span class='ocr_line' id='line_1_33' title="bbox 110 2856 1352 2948; baseline 0.006 -26"><span class='ocrx_word' id='word_1_344' title='bbox 110 2883 162 2922; x_wconf 91' lang='grc' dir='ltr'><strong><em>νον</em></strong></span> <span class='ocrx_word' id='word_1_345' title='bbox 174 2866 274 2944; x_wconf 91' lang='grc' dir='ltr'><strong><em>κρίσει.</em></strong></span> <span class='ocrx_word' id='word_1_346' title='bbox 302 2861 331 2902; x_wconf 76' lang='grc'><strong><em>23</em></strong></span> <span class='ocrx_word' id='word_1_347' title='bbox 345 2856 418 2924; x_wconf 79' lang='grc' dir='ltr'><strong><em>ὅθεν</em></strong></span> <span class='ocrx_word' id='word_1_348' title='bbox 440 2865 473 2924; x_wconf 81' lang='grc' dir='ltr'><strong><em>σί</em></strong></span> <span class='ocrx_word' id='word_1_349' title='bbox 482 2886 513 2925; x_wconf 92' lang='grc' dir='ltr'><strong><em>τε</em></strong></span> <span class='ocrx_word' id='word_1_350' title='bbox 526 2859 609 2940; x_wconf 88' lang='grc' dir='ltr'><strong><em>φίλοι</em></strong></span> <span class='ocrx_word' id='word_1_351' title='bbox 622 2863 673 2927; x_wconf 88' lang='grc' dir='ltr'><strong><em>καί</em></strong></span> <span class='ocrx_word' id='word_1_352' title='bbox 685 2867 716 2927; x_wconf 83' lang='grc' dir='ltr'><strong><em>οἰ</em></strong></span> <span class='ocrx_word' id='word_1_353' title='bbox 747 2867 916 2948; x_wconf 82' lang='grc' dir='ltr'><strong><em>χωροῦντας</em></strong></span> <span class='ocrx_word' id='word_1_354' title='bbox 940 2868 970 2939; x_wconf 82' lang='grc' dir='ltr'><strong><em>ἐξ</em></strong></span> <span class='ocrx_word' id='word_1_355' title='bbox 996 2864 1097 2928; x_wconf 87' lang='grc' dir='ltr'><strong><em>αὐτῶν</em></strong></span> <span class='ocrx_word' id='word_1_356' title='bbox 1127 2861 1352 2948; x_wconf 81' lang='grc' dir='ltr'><strong><em>ἰβδελύσσοντο,</em></strong></span> 
     </span>
     <span class='ocr_line' id='line_1_34' title="bbox 110 2939 1355 3030; baseline 0.006 -23"><span class='ocrx_word' id='word_1_357' title='bbox 110 2939 361 3024; x_wconf 78' lang='grc' dir='ltr'><strong><em>σωματοφύλακες</em></strong></span> <span class='ocrx_word' id='word_1_358' title='bbox 391 2941 487 3008; x_wconf 84' lang='grc' dir='ltr'><strong><em>αὐτοῦ</em></strong></span> <span class='ocrx_word' id='word_1_359' title='bbox 512 2957 632 3028; x_wconf 81' lang='grc' dir='ltr'><strong><em>ταχείαν</em></strong></span> <span class='ocrx_word' id='word_1_360' title='bbox 665 2947 717 3011; x_wconf 86' lang='grc' dir='ltr'><strong><em>καὶ</em></strong></span> <span class='ocrx_word' id='word_1_361' title='bbox 747 2950 799 3011; x_wconf 82' lang='grc' dir='ltr'><strong><em>καὶ</em></strong></span> <span class='ocrx_word' id='word_1_362' title='bbox 811 2944 851 3021; x_wconf 84' lang='grc' dir='ltr'><strong><em>ῶς</em></strong></span> <span class='ocrx_word' id='word_1_363' title='bbox 863 2946 1020 3029; x_wconf 89' lang='grc' dir='ltr'><strong><em>πολεμίους</em></strong></span> <span class='ocrx_word' id='word_1_364' title='bbox 1037 2951 1092 3009; x_wconf 85' lang='grc' dir='ltr'><strong><em>τού</em></strong></span> <span class='ocrx_word' id='word_1_365' title='bbox 1105 2949 1214 3020; x_wconf 81' lang='grc' dir='ltr'><strong><em>ἔθνους</em></strong></span> <span class='ocrx_word' id='word_1_366' title='bbox 1226 2950 1355 3030; x_wconf 80' lang='grc' dir='ltr'><strong><em>ἒίιρινσν,</em></strong></span> 
     </span>
     <span class='ocr_line' id='line_1_35' title="bbox 109 3023 1357 3114; baseline 0.002 -25"><span class='ocrx_word' id='word_1_367' title='bbox 109 3026 206 3101; x_wconf 81' lang='grc' dir='ltr'><strong><em>ὀξεῖαν</em></strong></span> <span class='ocrx_word' id='word_1_368' title='bbox 219 3023 329 3101; x_wconf 83' lang='grc' dir='ltr'><strong><em>ἰδόντες</em></strong></span> <span class='ocrx_word' id='word_1_369' title='bbox 346 3024 401 3110; x_wconf 82' lang='grc' dir='ltr'><strong><em>τήν</em></strong></span> <span class='ocrx_word' id='word_1_370' title='bbox 417 3028 648 3114; x_wconf 79' lang='grc' dir='ltr'><strong><em>καταλαβοῦσαν</em></strong></span> <span class='ocrx_word' id='word_1_371' title='bbox 661 3028 715 3094; x_wconf 87' lang='grc' dir='ltr'><strong><em>αὐ·</em></strong></span> <span class='ocrx_word' id='word_1_372' title='bbox 747 3032 798 3094; x_wconf 88' lang='grc' dir='ltr'><strong><em>καὶ</em></strong></span> <span class='ocrx_word' id='word_1_373' title='bbox 811 3035 863 3114; x_wconf 79' lang='grc' dir='ltr'><strong><em>της</em></strong></span> <span class='ocrx_word' id='word_1_374' title='bbox 876 3035 974 3111; x_wconf 77' lang='grc' dir='ltr'><strong><em>κοινῆς</em></strong></span> <span class='ocrx_word' id='word_1_375' title='bbox 984 3033 1228 3110; x_wconf 80' lang='grc' dir='ltr'><strong><em>συναναστροφῆς</em></strong></span> <span class='ocrx_word' id='word_1_376' title='bbox 1239 3034 1293 3091; x_wconf 85' lang='grc' dir='ltr'><strong><em>καί</em></strong></span> <span class='ocrx_word' id='word_1_377' title='bbox 1307 3031 1357 3092; x_wconf 86' lang='grc' dir='ltr'><strong><em>εὐ-</em></strong></span> 
     </span>
     <span class='ocr_line' id='line_1_36' title="bbox 107 3105 1357 3199; baseline 0.005 -27"><span class='ocrx_word' id='word_1_378' title='bbox 107 3111 163 3174; x_wconf 88' lang='grc' dir='ltr'><strong><em>τὸν</em></strong></span> <span class='ocrx_word' id='word_1_379' title='bbox 175 3106 314 3184; x_wconf 86' lang='grc' dir='ltr'><strong><em>εὐθύναν,</em></strong></span> <span class='ocrx_word' id='word_1_380' title='bbox 340 3108 517 3198; x_wconf 85' lang='grc' dir='ltr'><strong><em>φοβούμενοι</em></strong></span> <span class='ocrx_word' id='word_1_381' title='bbox 541 3112 581 3195; x_wconf 82' lang='grc' dir='ltr'><strong><em>μή</em></strong></span> <span class='ocrx_word' id='word_1_382' title='bbox 604 3115 656 3178; x_wconf 84' lang='grc' dir='ltr'><strong><em>καί</em></strong></span> <span class='ocrx_word' id='word_1_383' title='bbox 675 3110 714 3176; x_wconf 84' lang='grc' dir='ltr'><strong><em>τό</em></strong></span> <span class='ocrx_word' id='word_1_384' title='bbox 746 3119 882 3197; x_wconf 89' lang='grc' dir='ltr'><strong><em>χρηστίας</em></strong></span> <span class='ocrx_word' id='word_1_385' title='bbox 896 3116 1041 3199; x_wconf 82' lang='grc' dir='ltr'><strong><em>ἔστέρουν.</em></strong></span> <span class='ocrx_word' id='word_1_386' title='bbox 1085 3105 1289 3173; x_wconf 74' lang='grc' dir='ltr'><strong><em>ΚΕΦ.Γ’.Ἅ</em></strong></span> <span class='ocrx_word' id='word_1_387' title='bbox 1302 3117 1357 3178; x_wconf 82' lang='grc' dir='ltr'><strong><em>καί</em></strong></span> 
     </span>
     <span class='ocr_line' id='line_1_37' title="bbox 108 3192 1356 3284; baseline 0.006 -31"><span class='ocrx_word' id='word_1_388' title='bbox 108 3195 160 3282; x_wconf 79' lang='grc' dir='ltr'><strong><em>ζῇν</em></strong></span> <span class='ocrx_word' id='word_1_389' title='bbox 173 3192 301 3284; x_wconf 76' lang='grc' dir='ltr'><strong><em>ἐκλείπῃ,</em></strong></span> <span class='ocrx_word' id='word_1_390' title='bbox 314 3199 427 3276; x_wconf 82' lang='grc' dir='ltr'><strong><em>ταχέως</em></strong></span> <span class='ocrx_word' id='word_1_391' title='bbox 440 3192 532 3258; x_wconf 89' lang='grc' dir='ltr'><strong><em>αὐτόν</em></strong></span> <span class='ocrx_word' id='word_1_392' title='bbox 545 3195 713 3270; x_wconf 81' lang='grc' dir='ltr'><strong><em>ἐξείλκυσαν</em></strong></span> <span class='ocrx_word' id='word_1_393' title='bbox 744 3194 976 3280; x_wconf 76' lang='grc' dir='ltr'><strong><em>μεταλαμβάνων</em></strong></span> <span class='ocrx_word' id='word_1_394' title='bbox 989 3193 1006 3260; x_wconf 87' lang='grc' dir='ltr'>ὁ</span> <span class='ocrx_word' id='word_1_395' title='bbox 1025 3193 1157 3278; x_wconf 85' lang='grc' dir='ltr'><strong><em>δυςσεβής</em></strong></span> <span class='ocrx_word' id='word_1_396' title='bbox 1175 3194 1226 3257; x_wconf 77' lang='grc' dir='ltr'><strong><em>ἐπὶ</em></strong></span> <span class='ocrx_word' id='word_1_397' title='bbox 1237 3202 1356 3260; x_wconf 78' lang='grc' dir='ltr'><strong><em>τοσοῦ-</em></strong></span> 
     </span>
     <span class='ocr_line' id='line_1_38' title="bbox 107 3271 1353 3361; baseline 0.006 -25"><span class='ocrx_word' id='word_1_398' title='bbox 107 3271 328 3360; x_wconf 84' lang='grc' dir='ltr'><strong><em>ὐπερβάλλοντι</em></strong></span> <span class='ocrx_word' id='word_1_399' title='bbox 348 3277 630 3361; x_wconf 83' lang='grc' dir='ltr'><strong><em>καταπεπληγμένοι</em></strong></span> <span class='ocrx_word' id='word_1_400' title='bbox 655 3275 712 3357; x_wconf 82' lang='grc' dir='ltr'><strong><em>φό-</em></strong></span> <span class='ocrx_word' id='word_1_401' title='bbox 745 3303 797 3341; x_wconf 90' lang='grc' dir='ltr'><strong><em>τον</em></strong></span> <span class='ocrx_word' id='word_1_402' title='bbox 809 3275 955 3358; x_wconf 84' lang='grc' dir='ltr'><strong><em>ἐχόλησεν,</em></strong></span> <span class='ocrx_word' id='word_1_403' title='bbox 970 3275 1042 3351; x_wconf 80' lang='grc' dir='ltr'><strong><em>ῶςτε</em></strong></span> <span class='ocrx_word' id='word_1_404' title='bbox 1055 3274 1091 3340; x_wconf 94' lang='grc' dir='ltr'><strong><em>οὐ</em></strong></span> <span class='ocrx_word' id='word_1_405' title='bbox 1102 3275 1194 3359; x_wconf 90' lang='grc' dir='ltr'><strong><em>μόνον</em></strong></span> <span class='ocrx_word' id='word_1_406' title='bbox 1206 3289 1273 3351; x_wconf 86' lang='grc' dir='ltr'><strong><em>τοῖς</em></strong></span> <span class='ocrx_word' id='word_1_407' title='bbox 1287 3278 1353 3344; x_wconf 79' lang='grc' dir='ltr'><strong><em>κατ’</em></strong></span> 
     </span>
     <span class='ocr_line' id='line_1_39' title="bbox 105 3356 1356 3463; baseline 0.004 -41"><span class='ocrx_word' id='word_1_408' title='bbox 105 3362 159 3440; x_wconf 88' lang='grc' dir='ltr'><strong><em>βῳ.</em></strong></span> <span class='ocrx_word' id='word_1_409' title='bbox 185 3359 217 3400; x_wconf 82' lang='lat'><strong><em>²⁴</em></strong></span> <span class='ocrx_word' id='word_1_410' title='bbox 230 3362 262 3423; x_wconf 91' lang='grc' dir='ltr'><strong><em>ἐν</em></strong></span> <span class='ocrx_word' id='word_1_411' title='bbox 272 3356 371 3463; x_wconf 90' lang='grc' dir='ltr'><strong><em>χρόνῳ</em></strong></span> <span class='ocrx_word' id='word_1_412' title='bbox 388 3359 421 3424; x_wconf 82' lang='grc' dir='ltr'><strong><em>δὲ</em></strong></span> <span class='ocrx_word' id='word_1_413' title='bbox 434 3358 557 3445; x_wconf 75' lang='grc' dir='ltr'><strong><em>ὕστερον</em></strong></span> <span class='ocrx_word' id='word_1_414' title='bbox 569 3357 712 3437; x_wconf 82' lang='grc' dir='ltr'><strong><em>ἀναλεξά-</em></strong></span> <span class='ocrx_word' id='word_1_415' title='bbox 739 3357 956 3442; x_wconf 81' lang='grc' dir='ltr'><strong><em>Ἀλεξάνδρειαν</em></strong></span> <span class='ocrx_word' id='word_1_416' title='bbox 969 3361 1179 3443; x_wconf 84' lang='grc' dir='ltr'><strong><em>δισργίζεσθαι,</em></strong></span> <span class='ocrx_word' id='word_1_417' title='bbox 1206 3359 1288 3424; x_wconf 84' lang='grc' dir='ltr'><strong><em>ἀλλά</em></strong></span> <span class='ocrx_word' id='word_1_418' title='bbox 1303 3365 1356 3427; x_wconf 85' lang='grc' dir='ltr'><strong><em>καί</em></strong></span> 
     </span>
     <span class='ocr_line' id='line_1_40' title="bbox 105 3437 1356 3544; baseline 0.002 -39"><span class='ocrx_word' id='word_1_419' title='bbox 105 3466 191 3544; x_wconf 71' lang='grc' dir='ltr'><strong><em>μενος</em></strong></span> <span class='ocrx_word' id='word_1_420' title='bbox 205 3445 313 3506; x_wconf 83' lang='grc' dir='ltr'><strong><em>ἑαυτον</em></strong></span> <span class='ocrx_word' id='word_1_421' title='bbox 343 3442 481 3525; x_wconf 79' lang='grc' dir='ltr'><strong><em>οὐδαμῶς</em></strong></span> <span class='ocrx_word' id='word_1_422' title='bbox 503 3450 540 3519; x_wconf 85' lang='grc' dir='ltr'><strong><em>εἰς</em></strong></span> <span class='ocrx_word' id='word_1_423' title='bbox 551 3444 714 3528; x_wconf 89' lang='grc' dir='ltr'><strong><em>μετάμελσν</em></strong></span> <span class='ocrx_word' id='word_1_424' title='bbox 746 3456 808 3518; x_wconf 88' lang='grc' dir='ltr'><strong><em>τοῖς</em></strong></span> <span class='ocrx_word' id='word_1_425' title='bbox 822 3445 854 3510; x_wconf 80' lang='grc' dir='ltr'><strong><em>ἐν</em></strong></span> <span class='ocrx_word' id='word_1_426' title='bbox 873 3447 908 3537; x_wconf 77' lang='grc' dir='ltr'><strong><em>τῇ</em></strong></span> <span class='ocrx_word' id='word_1_427' title='bbox 928 3437 1012 3529; x_wconf 84' lang='grc' dir='ltr'><strong><em>χῶρᾳ</em></strong></span> <span class='ocrx_word' id='word_1_428' title='bbox 1030 3447 1200 3530; x_wconf 88' lang='grc' dir='ltr'><strong><em>βαρυτέρως</em></strong></span> <span class='ocrx_word' id='word_1_429' title='bbox 1213 3448 1356 3510; x_wconf 82' lang='grc' dir='ltr'><strong><em>ἐναντιω-</em></strong></span> 
     </span>
     <span class='ocr_line' id='line_1_41' title="bbox 107 3523 1356 3612; baseline 0.006 -26"><span class='ocrx_word' id='word_1_430' title='bbox 107 3524 200 3605; x_wconf 87' lang='grc' dir='ltr'><strong><em>ηλθεν</em></strong></span> <span class='ocrx_word' id='word_1_431' title='bbox 212 3528 401 3609; x_wconf 83' lang='grc' dir='ltr'><strong><em>ἐπιτιμηθεὶς,</em></strong></span> <span class='ocrx_word' id='word_1_432' title='bbox 407 3526 467 3608; x_wconf 82' lang='grc' dir='ltr'><strong><em>μετ’</em></strong></span> <span class='ocrx_word' id='word_1_433' title='bbox 484 3527 605 3612; x_wconf 80' lang='grc' dir='ltr'><strong><em>ἀπειλῆς</em></strong></span> <span class='ocrx_word' id='word_1_434' title='bbox 618 3529 649 3592; x_wconf 83' lang='grc' dir='ltr'><strong><em>δὲ</em></strong></span> <span class='ocrx_word' id='word_1_435' title='bbox 663 3556 713 3593; x_wconf 84' lang='grc' dir='ltr'><strong><em>πι-</em></strong></span> <span class='ocrx_word' id='word_1_436' title='bbox 746 3532 861 3612; x_wconf 74' lang='grc' dir='ltr'><strong><em>θῆναι,</em></strong></span> <span class='ocrx_word' id='word_1_437' title='bbox 900 3531 952 3592; x_wconf 86' lang='grc' dir='ltr'><strong><em>καί</em></strong></span> <span class='ocrx_word' id='word_1_438' title='bbox 977 3523 1142 3612; x_wconf 85' lang='grc' dir='ltr'><strong><em>προςτάξαι</em></strong></span> <span class='ocrx_word' id='word_1_439' title='bbox 1169 3524 1356 3605; x_wconf 88' lang='grc' dir='ltr'><strong><em>σπεύσαντας</em></strong></span> 
     </span>
     <span class='ocr_line' id='line_1_42' title="bbox 107 3606 1355 3697; baseline 0.007 -28"><span class='ocrx_word' id='word_1_440' title='bbox 107 3613 182 3686; x_wconf 85' lang='grc' dir='ltr'><strong><em>κρᾶς</em></strong></span> <span class='ocrx_word' id='word_1_441' title='bbox 203 3606 334 3673; x_wconf 87' lang='grc' dir='ltr'><strong><em>ἀνέλυσε.</em></strong></span> <span class='ocrx_word' id='word_1_442' title='bbox 360 3611 389 3652; x_wconf 81' lang='lat'><strong><em>²⁵</em></strong></span> <span class='ocrx_word' id='word_1_443' title='bbox 403 3611 603 3691; x_wconf 83' lang='grc' dir='ltr'><strong><em>διακομισθεὶς</em></strong></span> <span class='ocrx_word' id='word_1_444' title='bbox 620 3609 652 3676; x_wconf 78' lang='grc' dir='ltr'><strong><em>δὲ</em></strong></span> <span class='ocrx_word' id='word_1_445' title='bbox 675 3617 714 3686; x_wconf 86' lang='grc' dir='ltr'><strong><em>εἰς</em></strong></span> <span class='ocrx_word' id='word_1_446' title='bbox 747 3623 919 3688; x_wconf 86' lang='grc' dir='ltr'><strong><em>συναγαγεῖν</em></strong></span> <span class='ocrx_word' id='word_1_447' title='bbox 928 3608 1044 3686; x_wconf 88' lang='grc' dir='ltr'><strong><em>πάντας</em></strong></span> <span class='ocrx_word' id='word_1_448' title='bbox 1053 3612 1224 3687; x_wconf 86' lang='grc' dir='ltr'><strong><em>έπιτοαυτὸ,</em></strong></span> <span class='ocrx_word' id='word_1_449' title='bbox 1238 3617 1291 3677; x_wconf 84' lang='grc' dir='ltr'><strong><em>καὶ</em></strong></span> <span class='ocrx_word' id='word_1_450' title='bbox 1299 3640 1355 3697; x_wconf 82' lang='grc' dir='ltr'><strong><em>χει·</em></strong></span> 
     </span>
     <span class='ocr_line' id='line_1_43' title="bbox 107 3690 1354 3804; baseline 0.007 -53"><span class='ocrx_word' id='word_1_451' title='bbox 107 3690 163 3770; x_wconf 80' lang='grc' dir='ltr'><strong><em>τήν</em></strong></span> <span class='ocrx_word' id='word_1_452' title='bbox 177 3691 347 3766; x_wconf 77' lang='grc' dir='ltr'><strong><em>Αἴγυπτον,</em></strong></span> <span class='ocrx_word' id='word_1_453' title='bbox 360 3695 412 3756; x_wconf 85' lang='grc' dir='ltr'><strong><em>καί</em></strong></span> <span class='ocrx_word' id='word_1_454' title='bbox 424 3694 463 3758; x_wconf 83' lang='grc' dir='ltr'><strong><em>τά</em></strong></span> <span class='ocrx_word' id='word_1_455' title='bbox 478 3701 529 3779; x_wconf 78' lang='grc' dir='ltr'><strong><em>τῆς</em></strong></span> <span class='ocrx_word' id='word_1_456' title='bbox 541 3702 645 3770; x_wconf 89' lang='grc' dir='ltr'><strong><em>κακίας</em></strong></span> <span class='ocrx_word' id='word_1_457' title='bbox 658 3697 714 3760; x_wconf 84' lang='grc' dir='ltr'><strong><em>ἐπ·</em></strong></span> <span class='ocrx_word' id='word_1_458' title='bbox 747 3701 838 3781; x_wconf 91' lang='grc' dir='ltr'><strong><em>ρίστῳ</em></strong></span> <span class='ocrx_word' id='word_1_459' title='bbox 849 3691 933 3778; x_wconf 89' lang='grc' dir='ltr'><strong><em>μόρῳ</em></strong></span> <span class='ocrx_word' id='word_1_460' title='bbox 944 3701 999 3760; x_wconf 78' lang='grc' dir='ltr'><strong><em>τοῦ</em></strong></span> <span class='ocrx_word' id='word_1_461' title='bbox 1011 3697 1059 3789; x_wconf 73' lang='grc' dir='ltr'><strong><em>ζῇν</em></strong></span> <span class='ocrx_word' id='word_1_462' title='bbox 1067 3705 1258 3804; x_wconf 79' lang='grc' dir='ltr'><strong><em>μεταστήσαι.</em></strong></span> <span class='ocrx_word' id='word_1_463' title='bbox 1273 3694 1354 3762; x_wconf 89' lang='grc' dir='ltr'><strong><em>2τού·</em></strong></span> 
     </span>
     <span class='ocr_line' id='line_1_44' title="bbox 107 3771 1354 3863; baseline 0.007 -28"><span class='ocrx_word' id='word_1_464' title='bbox 107 3774 214 3847; x_wconf 85' lang='grc' dir='ltr'><strong><em>αὐξων,</em></strong></span> <span class='ocrx_word' id='word_1_465' title='bbox 229 3771 277 3838; x_wconf 83' lang='grc' dir='ltr'><strong><em>διά</em></strong></span> <span class='ocrx_word' id='word_1_466' title='bbox 290 3774 323 3839; x_wconf 82' lang='grc' dir='ltr'><strong><em>δὲ</em></strong></span> <span class='ocrx_word' id='word_1_467' title='bbox 332 3781 392 3838; x_wconf 88' lang='grc' dir='ltr'><strong><em>τῶν</em></strong></span> <span class='ocrx_word' id='word_1_468' title='bbox 402 3779 714 3863; x_wconf 88' lang='grc' dir='ltr'><strong><em>προαποδεδειγμένων</em></strong></span> <span class='ocrx_word' id='word_1_469' title='bbox 746 3805 808 3844; x_wconf 87' lang='grc' dir='ltr'><strong><em>των</em></strong></span> <span class='ocrx_word' id='word_1_470' title='bbox 824 3779 857 3843; x_wconf 84' lang='grc' dir='ltr'><strong><em>δὲ</em></strong></span> <span class='ocrx_word' id='word_1_471' title='bbox 877 3782 1132 3860; x_wconf 88' lang='grc' dir='ltr'><strong><em>οἰκονομουμένων</em></strong></span> <span class='ocrx_word' id='word_1_472' title='bbox 1150 3805 1232 3862; x_wconf 83' lang='grc' dir='ltr'><strong><em>φημη</em></strong></span> <span class='ocrx_word' id='word_1_473' title='bbox 1253 3779 1354 3861; x_wconf 85' lang='grc' dir='ltr'><strong><em>δυςμε-</em></strong></span> 
     </span>
     <span class='ocr_line' id='line_1_45' title="bbox 107 3858 1356 3948; baseline 0.005 -28"><span class='ocrx_word' id='word_1_474' title='bbox 107 3865 266 3939; x_wconf 89' lang='grc' dir='ltr'><strong><em>συμποτῶν</em></strong></span> <span class='ocrx_word' id='word_1_475' title='bbox 292 3864 342 3925; x_wconf 83' lang='grc' dir='ltr'><strong><em>καὶ</em></strong></span> <span class='ocrx_word' id='word_1_476' title='bbox 368 3864 493 3947; x_wconf 81' lang='grc' dir='ltr'><strong><em>ἑταίρων</em></strong></span> <span class='ocrx_word' id='word_1_477' title='bbox 515 3869 573 3927; x_wconf 86' lang='grc' dir='ltr'><strong><em>τοῦ</em></strong></span> <span class='ocrx_word' id='word_1_478' title='bbox 598 3864 714 3937; x_wconf 86' lang='grc' dir='ltr'><strong><em>παντὸς</em></strong></span> <span class='ocrx_word' id='word_1_479' title='bbox 746 3862 794 3948; x_wconf 80' lang='grc' dir='ltr'><strong><em>νής</em></strong></span> <span class='ocrx_word' id='word_1_480' title='bbox 807 3867 935 3948; x_wconf 80' lang='grc' dir='ltr'><strong><em>ἐξηχεῖτο</em></strong></span> <span class='ocrx_word' id='word_1_481' title='bbox 949 3861 1027 3927; x_wconf 81' lang='grc' dir='ltr'><strong><em>κατὰ</em></strong></span> <span class='ocrx_word' id='word_1_482' title='bbox 1045 3868 1100 3927; x_wconf 84' lang='grc' dir='ltr'><strong><em>τοῦ</em></strong></span> <span class='ocrx_word' id='word_1_483' title='bbox 1113 3865 1216 3938; x_wconf 81' lang='grc' dir='ltr'><strong><em>γένους</em></strong></span> <span class='ocrx_word' id='word_1_484' title='bbox 1229 3858 1356 3943; x_wconf 80' lang='grc' dir='ltr'><strong><em>ἀνθρώ-</em></strong></span> 
     </span>
     <span class='ocr_line' id='line_1_46' title="bbox 106 3942 1356 4048; baseline 0.006 -46"><span class='ocrx_word' id='word_1_485' title='bbox 106 3942 222 4005; x_wconf 90' lang='grc' dir='ltr'><strong><em>δικαίου</em></strong></span> <span class='ocrx_word' id='word_1_486' title='bbox 249 3951 474 4048; x_wconf 88' lang='grc' dir='ltr'><strong><em>κεχωρισμένων,</em></strong></span> <span class='ocrx_word' id='word_1_487' title='bbox 513 3949 543 3989; x_wconf 68' lang='grc'><strong><em>26</em></strong></span> <span class='ocrx_word' id='word_1_488' title='bbox 558 3946 595 4011; x_wconf 91' lang='grc' dir='ltr'><strong><em>οὐ</em></strong></span> <span class='ocrx_word' id='word_1_489' title='bbox 621 3946 713 4029; x_wconf 92' lang='grc' dir='ltr'><strong><em>μόνον</em></strong></span> <span class='ocrx_word' id='word_1_490' title='bbox 746 3974 815 4021; x_wconf 93' lang='grc' dir='ltr'><strong><em>ποις</em></strong></span> <span class='ocrx_word' id='word_1_491' title='bbox 851 3952 1052 4028; x_wconf 83' lang='grc' dir='ltr'><strong><em>συμφρονσύσι</em></strong></span> <span class='ocrx_word' id='word_1_492' title='bbox 1077 3952 1114 4019; x_wconf 89' lang='grc' dir='ltr'><strong><em>εἰς</em></strong></span> <span class='ocrx_word' id='word_1_493' title='bbox 1148 3948 1356 4027; x_wconf 84' lang='grc' dir='ltr'><strong><em>κακοποίηιιιν,</em></strong></span> 
     </span>
     <span class='ocr_line' id='line_1_47' title="bbox 105 4022 1358 4134; baseline 0.006 -48"><span class='ocrx_word' id='word_1_494' title='bbox 105 4036 170 4099; x_wconf 84' lang='grc' dir='ltr'><strong><em>ταῖς</em></strong></span> <span class='ocrx_word' id='word_1_495' title='bbox 185 4025 400 4112; x_wconf 86' lang='grc' dir='ltr'><strong><em>ἀναριθμητοις</em></strong></span> <span class='ocrx_word' id='word_1_496' title='bbox 422 4028 583 4105; x_wconf 88' lang='grc' dir='ltr'><strong><em>ἀσελγείαις</em></strong></span> <span class='ocrx_word' id='word_1_497' title='bbox 596 4032 713 4134; x_wconf 86' lang='grc' dir='ltr'><strong><em>διηρκέ-</em></strong></span> <span class='ocrx_word' id='word_1_498' title='bbox 746 4029 883 4113; x_wconf 79' lang='grc' dir='ltr'><strong><em>ἀφορμῆς</em></strong></span> <span class='ocrx_word' id='word_1_499' title='bbox 906 4030 1057 4111; x_wconf 87' lang='grc' dir='ltr'><strong><em>διδομένης</em></strong></span> <span class='ocrx_word' id='word_1_500' title='bbox 1079 4034 1117 4101; x_wconf 89' lang='grc' dir='ltr'><strong><em>εἰς</em></strong></span> <span class='ocrx_word' id='word_1_501' title='bbox 1137 4022 1286 4098; x_wconf 82' lang='grc' dir='ltr'><strong><em>διάθεσιν,</em></strong></span> <span class='ocrx_word' id='word_1_502' title='bbox 1315 4029 1358 4103; x_wconf 84' lang='grc' dir='ltr'><strong><em>ὡς</em></strong></span> 
     </span>
     <span class='ocr_line' id='line_1_48' title="bbox 104 4105 1357 4197; baseline -0.006 -14"><span class='ocrx_word' id='word_1_503' title='bbox 104 4118 175 4190; x_wconf 73' lang='grc' dir='ltr'><strong><em>σθη,</em></strong></span> <span class='ocrx_word' id='word_1_504' title='bbox 200 4105 280 4172; x_wconf 88' lang='grc' dir='ltr'><strong><em>ἀλλά</em></strong></span> <span class='ocrx_word' id='word_1_505' title='bbox 294 4116 344 4174; x_wconf 81' lang='grc' dir='ltr'><strong><em>καὶ</em></strong></span> <span class='ocrx_word' id='word_1_506' title='bbox 356 4117 405 4179; x_wconf 83' lang='grc' dir='ltr'><strong><em>ἐπὶ</em></strong></span> <span class='ocrx_word' id='word_1_507' title='bbox 417 4117 563 4177; x_wconf 82' lang='grc' dir='ltr'><strong><em>τοσοῦτον</em></strong></span> <span class='ocrx_word' id='word_1_508' title='bbox 577 4127 713 4197; x_wconf 90' lang='grc' dir='ltr'><strong><em>θρασους</em></strong></span> <span class='ocrx_word' id='word_1_509' title='bbox 746 4113 785 4179; x_wconf 83' lang='grc' dir='ltr'><strong><em>ἀν</em></strong></span> <span class='ocrx_word' id='word_1_510' title='bbox 799 4111 862 4178; x_wconf 88' lang='grc' dir='ltr'><strong><em>ἀπὸ</em></strong></span> <span class='ocrx_word' id='word_1_511' title='bbox 875 4116 938 4177; x_wconf 90' lang='grc' dir='ltr'><strong><em>τῶν</em></strong></span> <span class='ocrx_word' id='word_1_512' title='bbox 951 4119 1081 4193; x_wconf 90' lang='grc' dir='ltr'><strong><em>νομίμων</em></strong></span> <span class='ocrx_word' id='word_1_513' title='bbox 1094 4108 1204 4181; x_wconf 84' lang='grc' dir='ltr'><strong><em>αὐτοὺς</em></strong></span> <span class='ocrx_word' id='word_1_514' title='bbox 1218 4108 1357 4176; x_wconf 90' lang='grc' dir='ltr'><strong><em>κωλυόν-</em></strong></span> 
     </span>
     <span class='ocr_line' id='line_1_49' title="bbox 102 4189 1357 4278; baseline 0.005 -26"><span class='ocrx_word' id='word_1_515' title='bbox 102 4193 270 4275; x_wconf 84' lang='grc' dir='ltr'><strong><em>προηλθεν,</em></strong></span> <span class='ocrx_word' id='word_1_516' title='bbox 284 4189 355 4265; x_wconf 82' lang='grc' dir='ltr'><strong><em>ῶςτε</em></strong></span> <span class='ocrx_word' id='word_1_517' title='bbox 368 4199 527 4278; x_wconf 88' lang='grc' dir='ltr'><strong><em>δυςφημίας</em></strong></span> <span class='ocrx_word' id='word_1_518' title='bbox 541 4202 572 4261; x_wconf 80' lang='grc' dir='ltr'><strong><em>ἐν</em></strong></span> <span class='ocrx_word' id='word_1_519' title='bbox 586 4209 649 4271; x_wconf 81' lang='grc' dir='ltr'><strong><em>τοῖς</em></strong></span> <span class='ocrx_word' id='word_1_520' title='bbox 661 4194 712 4262; x_wconf 80' lang='grc' dir='ltr'><strong><em>τό·</em></strong></span> <span class='ocrx_word' id='word_1_521' title='bbox 746 4223 814 4261; x_wconf 90' lang='grc' dir='ltr'><strong><em>των.</em></strong></span> <span class='ocrx_word' id='word_1_522' title='bbox 842 4198 856 4238; x_wconf 83' lang='lat'>³</span> <span class='ocrx_word' id='word_1_523' title='bbox 870 4201 902 4260; x_wconf 84' lang='grc' dir='ltr'><strong><em>οἰ</em></strong></span> <span class='ocrx_word' id='word_1_524' title='bbox 924 4195 957 4261; x_wconf 79' lang='grc' dir='ltr'><strong><em>δὲ</em></strong></span> <span class='ocrx_word' id='word_1_525' title='bbox 974 4195 1111 4260; x_wconf 81' lang='grc' dir='ltr'><strong><em>Ἰουδαῖοι</em></strong></span> <span class='ocrx_word' id='word_1_526' title='bbox 1135 4191 1190 4275; x_wconf 80' lang='grc' dir='ltr'><strong><em>τήν</em></strong></span> <span class='ocrx_word' id='word_1_527' title='bbox 1203 4192 1255 4273; x_wconf 76' lang='grc' dir='ltr'><strong><em>μὲν</em></strong></span> <span class='ocrx_word' id='word_1_528' title='bbox 1277 4194 1357 4276; x_wconf 86' lang='grc' dir='ltr'><strong><em>πρὸς</em></strong></span> 
     </span>
     <span class='ocr_line' id='line_1_50' title="bbox 101 4275 1356 4365; baseline 0.005 -30"><span class='ocrx_word' id='word_1_529' title='bbox 101 4301 170 4348; x_wconf 86' lang='grc' dir='ltr'><strong><em>ποις</em></strong></span> <span class='ocrx_word' id='word_1_530' title='bbox 196 4282 408 4353; x_wconf 89' lang='grc' dir='ltr'><strong><em>συνίστασθαι,</em></strong></span> <span class='ocrx_word' id='word_1_531' title='bbox 436 4282 486 4343; x_wconf 82' lang='grc' dir='ltr'><strong><em>καί</em></strong></span> <span class='ocrx_word' id='word_1_532' title='bbox 503 4278 634 4356; x_wconf 79' lang='grc' dir='ltr'><strong><em>πολλοὺς</em></strong></span> <span class='ocrx_word' id='word_1_533' title='bbox 652 4284 714 4344; x_wconf 90' lang='grc' dir='ltr'><strong><em>τῶν</em></strong></span> <span class='ocrx_word' id='word_1_534' title='bbox 745 4278 816 4353; x_wconf 86' lang='grc' dir='ltr'><strong><em>τούς</em></strong></span> <span class='ocrx_word' id='word_1_535' title='bbox 827 4280 954 4365; x_wconf 81' lang='grc' dir='ltr'><strong><em>βασιλεῖς</em></strong></span> <span class='ocrx_word' id='word_1_536' title='bbox 966 4278 1082 4345; x_wconf 74' lang='grc' dir='ltr'><strong><em>εὔνοιαν</em></strong></span> <span class='ocrx_word' id='word_1_537' title='bbox 1092 4278 1143 4341; x_wconf 79' lang='grc' dir='ltr'><strong><em>καὶ</em></strong></span> <span class='ocrx_word' id='word_1_538' title='bbox 1155 4283 1255 4341; x_wconf 89' lang='grc' dir='ltr'><strong><em>πίστιν</em></strong></span> <span class='ocrx_word' id='word_1_539' title='bbox 1269 4275 1356 4341; x_wconf 87' lang='grc' dir='ltr'><strong><em>ἀδιά-</em></strong></span> 
     </span>
     <span class='ocr_line' id='line_1_51' title="bbox 101 4356 1356 4450; baseline 0.006 -32"><span class='ocrx_word' id='word_1_540' title='bbox 101 4358 197 4431; x_wconf 88' lang='grc' dir='ltr'><strong><em>φίλων</em></strong></span> <span class='ocrx_word' id='word_1_541' title='bbox 220 4357 406 4435; x_wconf 57' lang='grc' dir='ltr'><strong><em>ἀτενίζοντας</em></strong></span> <span class='ocrx_word' id='word_1_542' title='bbox 425 4367 462 4435; x_wconf 83' lang='grc' dir='ltr'><strong><em>εἰς</em></strong></span> <span class='ocrx_word' id='word_1_543' title='bbox 480 4361 537 4444; x_wconf 83' lang='grc' dir='ltr'><strong><em>τήν</em></strong></span> <span class='ocrx_word' id='word_1_544' title='bbox 551 4369 609 4428; x_wconf 81' lang='grc' dir='ltr'><strong><em>τοῦ</em></strong></span> <span class='ocrx_word' id='word_1_545' title='bbox 626 4369 714 4450; x_wconf 83' lang='grc' dir='ltr'><strong><em>βασι·</em></strong></span> <span class='ocrx_word' id='word_1_546' title='bbox 747 4389 884 4447; x_wconf 89' lang='grc' dir='ltr'><strong><em>στροφον</em></strong></span> <span class='ocrx_word' id='word_1_547' title='bbox 898 4356 976 4443; x_wconf 72' lang='grc' dir='ltr'><strong><em>ἦσαν</em></strong></span> <span class='ocrx_word' id='word_1_548' title='bbox 990 4359 1253 4438; x_wconf 85' lang='grc' dir='ltr'><strong><em>διαφυλάσσοντες,</em></strong></span> <span class='ocrx_word' id='word_1_549' title='bbox 1280 4361 1356 4426; x_wconf 62' lang='grc' dir='ltr'><strong><em>*σε-</em></strong></span> 
     </span>
     <span class='ocr_line' id='line_1_52' title="bbox 102 4384 1356 4547; baseline 0.007 -46"><span class='ocrx_word' id='word_1_550' title='bbox 102 4442 174 4514; x_wconf 80' lang='grc' dir='ltr'><strong><em>λέως</em></strong></span> <span class='ocrx_word' id='word_1_551' title='bbox 186 4438 334 4526; x_wconf 87' lang='grc' dir='ltr'><strong><em>πρόθεσιν</em></strong></span> <span class='ocrx_word' id='word_1_552' title='bbox 348 4447 398 4509; x_wconf 88' lang='grc' dir='ltr'><strong><em>καί</em></strong></span> <span class='ocrx_word' id='word_1_553' title='bbox 409 4442 522 4517; x_wconf 85' lang='grc' dir='ltr'><strong><em>αὐτοὺς</em></strong></span> <span class='ocrx_word' id='word_1_554' title='bbox 533 4451 663 4512; x_wconf 77' lang='grc' dir='ltr'><strong><em>ἕπεσθαι</em></strong></span> <span class='ocrx_word' id='word_1_555' title='bbox 677 4451 715 4531; x_wconf 82' lang='grc' dir='ltr'><strong><em>τῇ</em></strong></span> <span class='ocrx_word' id='word_1_556' title='bbox 728 4384 732 4513; x_wconf 81' lang='grc' dir='ltr'><strong><em>λ</em></strong></span> <span class='ocrx_word' id='word_1_557' title='bbox 746 4445 863 4528; x_wconf 84' lang='grc' dir='ltr'><strong><em>βόμενοι</em></strong></span> <span class='ocrx_word' id='word_1_558' title='bbox 888 4446 920 4509; x_wconf 86' lang='grc' dir='ltr'><strong><em>δὲ</em></strong></span> <span class='ocrx_word' id='word_1_559' title='bbox 945 4446 998 4512; x_wconf 88' lang='grc' dir='ltr'><strong><em>τόν</em></strong></span> <span class='ocrx_word' id='word_1_560' title='bbox 1017 4448 1089 4512; x_wconf 87' lang='grc' dir='ltr'><strong><em>θεὸν</em></strong></span> <span class='ocrx_word' id='word_1_561' title='bbox 1107 4448 1158 4510; x_wconf 85' lang='grc' dir='ltr'><strong><em>καὶ</em></strong></span> <span class='ocrx_word' id='word_1_562' title='bbox 1175 4447 1220 4527; x_wconf 76' lang='grc' dir='ltr'><strong><em>τῷ</em></strong></span> <span class='ocrx_word' id='word_1_563' title='bbox 1243 4441 1356 4547; x_wconf 71' lang='grc' dir='ltr'><strong><em>τούτου</em></strong></span> 
     </span>
     <span class='ocr_line' id='line_1_53' title="bbox 1267 4553 1352 4611; baseline 0.024 -2"><span class='ocrx_word' id='word_1_564' title='bbox 1267 4553 1352 4611; x_wconf 55' lang='lat' dir='ltr'><strong><em>voum</em></strong></span> 
     </span>
    </p>
   </div>
   <div class='ocr_carea' id='block_1_3' title="bbox 0 0 1467 4972">
    <p class='ocr_par' dir='ltr' id='par_1_3' title="bbox 0 0 1467 4972">
     <span class='ocr_line' id='line_1_54' title="bbox 0 0 1467 4972; baseline 0 0"><span class='ocrx_word' id='word_1_565' title='bbox 0 0 1467 4972; x_wconf 95' lang='lat' dir='ltr'><strong><em> </em></strong></span> 
     </span>
    </p>
   </div>
  </div>
 </body>
</html>
