2924 4972
283 263 723 325 ΔσννσνσΝοΜιοΝ
760 265 837 341 166.
852 250 898 338 ιγ’.
911 249 961 324 6
977 257 1091 326 1614
1250 261 1312 330 193

63 390 247 490 μαχρίρας,
257 381 426 486 άναθέματι
451 382 672 492 ἆναθεματιεῖτε
705 388 734 428 ¹⁰
746 411 798 449 και
823 381 923 494 πάντα
948 384 1008 451 666
1032 387 1088 451 οῦκ
1107 392 1186 489 6666
1205 388 1310 464 αὐτοῖς

65 466 175 563 αῦτήν,
196 493 248 530 και
258 491 358 530 παντα
370 492 410 531 τα
425 471 455 530 εν
468 493 560 569 αντη
580 469 609 510 ¹⁶
621 493 672 532 και
705 462 849 570 πτερῦγια
872 471 924 571 καί
948 469 1075 545 λεπίδες,
1106 466 1142 533 οῦ
1167 471 1308 551 φόγεσθε.

64 575 166 653 66666
181 549 230 612 τά
256 548 412 614 σκῦλα’
376 554 468 655 66666
486 538 616 626 συνάξεις
633 555 672 625 είς
705 547 870 655 ἀκάθαρτα
888 548 955 656 ῦμῖν
972 554 1060 617 ἐστιν.
1099 555 1124 593 ¹¹
1136 579 1198 618 παν
1210 553 1311 658 ὄρνεον

65 632 119 707 τάς
132 627 296 707 διόδους’
259 636 387 739 αυτής,
388 633 439 695 καί
438 628 604 736 ἐμπρήσεις
616 631 672 716 τήν
705 635 843 732 καθαρὸν
859 644 1005 738 φαγεσθε.
1043 637 1071 677 ¹²
1082 637 1135 699 καί
1156 640 1256 739 ταῦτα
1272 634 1310 701 οῦ

65 711 152 817 πόλιν
176 718 208 778 ἕν
223 717 310 799 πυρί,
337 716 388 778 καί
403 710 504 779 πάντα
519 741 559 779 τα
547 715 672 780 σκῦλα
706 709 869 817 φάγεσθε’
852 715 904 782 66'
919 715 1034 823 αῦτοῦν,
1058 717 1113 783 τὸν
1129 715 1234 795 ἆετόν,
1258 719 1311 785 καί

65 796 156 882 αὐτῆς
180 798 333 904 πανδημεί
343 801 478 899 ἐναντίον
496 805 599 907 κυρίου
615 802 672 899 τοῦ
704 797 757 862 τὸν
769 795 887 899 76666,
905 801 956 907 606
967 798 1022 865 τόν
1034 797 1191 867 άλιαίετον.
1217 802 1310 868 1’καί

63 887 137 946 θεοῦ
152 907 217 946 σου.
244 882 295 945 καί
312 883 394 945 ε’·ίτται
414 879 552 982 ἀοίκητος
566 887 605 957 εἰς
618 878 671 946 τόν
703 879 758 945 τὸν
782 876 880 981 γῦπα,
904 884 955 946 καί
978 881 1032 948 τὸν
1054 884 1174 962 ἴκτινον,
1199 883 1310 952 καὶτὰ

63 970 178 1039 αἰῶνα,
207 962 262 1028 οῦκ
286 962 637 1066 ἆνσικοδρμηθήσεται”
616 989 669 1028 ετι.
705 958 796 1046 ὅμοια
821 959 914 1046 αὐτῷ.
951 964 1042 1030 17καί
1066 967 1230 1069 στρουθὸν,
1256 968 1309 1034 καί

62 1049 149 1111 77καί
159 1072 195 1111 06
184 1044 510 1194 ’προςκσλληθήσεται
511 1045 624 1113 οὐδέν’
607 1046 669 1112 απὸ
703 1047 836 1152 γλρῦκα,
861 1072 912 1110 και
904 1047 1031 1148 λᾶρσν,
1067 1050 1095 1091 ¹⁰
1107 1075 1158 1113 και
1149 1050 1308 1156 ἐρωθιὸν,

61 1156 118 1195 του
106 1127 348 1230 ἇναθέματοςέ
349 1156 365 1194 ν
376 1157 425 1232 τη
438 1137 510 1215 χειρί
527 1158 597 1207 606,
621 1135 672 1193 ’ίνα
705 1130 757 1192 καί
768 1153 891 1206 κυκνον,
911 1155 962 1192 και
955 1130 1048 1234 ἶβιν,
1072 1133 1099 1173 ¹⁷
1111 1134 1162 1195 καί
1174 1128 1309 1234 καταρά-

63 1212 248 1316 660666666
257 1208 355 1297 κῦριος
368 1212 431 1276 660
443 1218 542 1295 θυμοῦ
555 1217 607 1295 τῆς
617 1211 672 1317 ὀρ-
705 1235 793 1317 κτην,
804 1212 856 1275 καί
868 1215 984 1318 ίέρακρι,
998 1212 1049 1275 καί
1061 1210 1100 1313 τόν
1113 1210 1201 1294 ὅμοια
1213 1213 1309 1298 6666.

33 1309 38 1323 '
60 1301 115 1378 γῆς
133 1294 245 1370 αῦτοῦ,
270 1321 322 1358 και
313 1290 419 1396 6666
433 1320 480 1360 σοι
498 1296 597 1371 ἔλεος,
623 1295 674 1358 καὶ
706 1295 758 1357 καὶ
771 1296 887 1370 ἔποπα,
912 1320 964 1358 και
976 1318 1209 1401 νυκτικσρακα,
1220 1280 1312 1360 ¹⁸66

63 1376 168 1480 ε’λεήση
182 1403 223 1453 σε,
236 1403 288 1440 και
279 1364 439 1478 πληθῦνή
451 1402 503 1503 06,
509 1373 545 1441 ὃν
519 1372 672 1484 τρόπον
705 1375 857 1453 πελεκιῖνα,
876 1403 927 1442 και
919 1375 1107 1462 χαραδριὸν,
1116 1378 1168 1442 καί
1176 1373 1215 1442 66
1223 1374 1312 1460 ὅμοια

63 1485 165 1542 ωμοσε
177 1485 241 1533 τοις
253 1484 390 1569 6666666
400 1465 486 1524 σου.1
488 1461 566 1525 ιαν
578 1485 672 1524 ακου
705 1456 797 1542 αὐτῷ.
822 1485 874 1523 και
885 1485 1007 1565 πορρυρ
1008 1466 1097 1535 ωνα,
1114 1486 1167 1524 και
1160 1461 1311 1545 νυκτερί

63 1570 116 1636 σῃς
135 1547 188 1645 666
205 1546 305 1645 φωνής
322 1548 427 1644 κυρίου
439 1547 494 1608 τοῦ
509 1547 599 1608 θεοῦ
599 1569 668 1646 606,
702 1542 749 1606 66.
770 1525 799 1584 ¹⁹
809 1537 911 1607 πάντα
922 1567 962 1607 τα
971 1542 1095 1645 ίρπετά
1098 1548 1159 1607 τῶν
1169 1548 1310 1647 πετεινῶν

62 1621 222 1734 66666666
245 1624 299 1700 τὰς
324 1622 497 1728 610266’
462 1630 570 1701 αυτοῦ,
596 1621 668 1701 6666
702 1621 864 1727 ακαθαρτα
876 1622 981 1691 ἐστιν
966 1637 1043 1709 υμῖν
1061 1622 1097 1690 06
1111 1622 1305 1730 667660666'

62 1708 123 1786 ἐγώ
150 1708 325 1816 ἐντέλλριακί
290 1713 387 1774 αίσοι
407 1705 543 1813 σήμερον,
569 1720 668 1775 ποιεῖν
702 1705 810 1773 αῦτοῑν.
836 1710 867 1751 ²⁰
879 1733 942 1773 παν
953 1733 1085 1774 πετεινον
1097 1705 1309 1811 καθαρσνφα

60 1818 98 1856 το
87 1792 203 1857 Ικαλὸν
216 1793 268 1856 καί
280 1790 315 1856 τό
327 1789 452 1879 ἀρεστόν
464 1797 600 1860 ἐναντίον
613 1819 668 1857 κυ-
701 1801 799 1869 γεσθε,
816 1793 911 1856 27πῦιν
921 1803 1102 1876 θνησιμαῖον
1115 1789 1153 1856 06
1160 1789 1306 1896 φάγεσθε.

62 1902 127 1962 ριου
139 1901 193 1941 του
180 1878 280 1940 θεσυ
291 1902 353 1941 σου
701 1878 745 1957 τῷ
768 1900 906 1978 παρσικῳ
929 1901 974 1959 τῳ
958 1878 1023 1940 ἒν
1043 1886 1110 1951 ταῖς
1126 1872 1235 1941 πόίεσί
1249 1902 1307 1943 σου

241 1964 275 2022 Κ
286 1965 316 2022 Ε
328 1965 365 2023 Φ.
409 1965 477 2025 ΙΔ.
701 1952 882 2067 δοθήσεται
886 1960 938 2024 καί
948 1955 1102 2064 φάγεται,
1122 1956 1306 2052 ἢάποδιῦση

61 2007 118 2108 Y
106 2046 173 2106 ιοί
158 2067 223 2108 εστε
234 2048 339 2144 κυρίου
351 2068 407 2108 του
395 2046 494 2109 θεου
507 2040 597 2150 6666,
608 2040 665 2108 οῦκ
700 2067 743 2124 τῳ
728 2042 922 2141 αλλοτρίῳ,
936 2037 1102 2149 ότιλαὸς“
1080 2068 1164 2120 αγιος
1177 2041 1306 2145 είκυρίρο

61 2122 228 2227 ἕπιθήσετε
236 2121 337 2227 ηαλάκ
358 2152 425 2207 ωμα
442 2127 586 2231 66660'606
604 2132 666 2191 τῶν
701 2127 744 2206 τῷ
757 2129 820 2208 θεῷ
833 2150 897 2189 σου.
880 2123 1014 2229 066
982 2122 1099 2210 εψήσεις
1113 2124 1191 2227 άρνα
1204 2121 1285 2190 ἕν’
1247 2152 1307 2204 γα-

62 2204 257 2310 66666666‘
244 2213 324 2318 υμῶν
337 2151 387 2272 612
397 2216 496 2295 νεκρῷ.
509 2207 578 2274 ²666
591 2209 666 2283 λαὸς
701 2188 809 2270 λακτι
798 2206 907 2307 μητρὸς
920 2214 1024 2310 αυτοῦ.
1049 2211 1079 2250 22
1091 2204 1244 2308 ὅεκάτην’
1226 2234 1307 2273 απο-

61 2287 141 2368 ἅγιος
167 2291 195 2356 εί
216 2297 360 2397 κυρίῳ
325 2297 369 2355 τιῦ
387 2298 451 2374 θεῷ
472 2318 543 2369 σου,
567 2299 621 2356 καί
636 2315 666 2356 σε
701 2285 871 2393 δεκατάσεις
907 2288 1019 2395 παντός
1045 2288 1227 2394 γεννήματος
1250 2295 1306 2392 606

59 2374 212 2450 ἐξελέξατο
218 2399 328 2474 κυριος
346 2400 364 2438 0
376 2371 448 2449 θεος
461 2401 514 2478 666
521 2379 666 2480 γενέσθαι
702 2369 870 2452 σπέρματός
880 2398 946 2448 σου,
959 2373 997 2439 τό
1006 2377 1133 2475 γέννημα
1141 2380 1197 2438 τοῦ
1209 2372 1306 2480 άγροῦ

60 2481 91 2521 σε
105 2454 227 2519 λαὸν’
193 2461 276 2536 αυτῷ
274 2453 475 2560 περιρῦσιον
470 2455 534 2521 άπὸ
545 2454 667 2522 πάντων
702 2479 757 2517 606
770 2453 902 2554 ἐνιαυτὸν
912 2481 970 2519 κατ
966 2452 1131 2599 ’6660'6
1145 2458 1232 2519 2³26
1246 2481 1308 2535 φα-

59 2562 122 2601 των
135 2540 234 2601 εθνων
247 2562 307 2600 των
317 2535 582 2616 ἐπιπρσςωπσυτ
564 2543 666 2620 ηςγῆς.
702 2539 740 2637 76
755 2561 832 2599 αυτσ
820 2534 875 2598 ἐν
888 2562 931 2599 τω
945 2531 1031 2619 τόπῳ
1048 2529 1073 2618 ᾧ
1094 2534 1145 2599 ἐὰν
1157 2536 1309 2639 ἐκλέξηται

59 2618 122 2663 ³
88 2646 125 2685 06
139 2616 270 2722 φάγεσθε
285 2623 346 2682 πᾶν
357 2618 515 2727 6666766.
540 2567 668 2728 ¹66666
703 2616 805 2717 κῦριος
830 2613 847 2719 6
873 2600 945 2693 θεός
962 2643 1031 2693 606,
1056 2600 1302 2719 ἐπικληθῆναι
1271 2643 1308 2683 το

58 2699 150 2806 κτήνη
165 2702 185 2767 6
178 2696 338 2803 φάγεσθε,
350 2696 460 2786 μόσχον
471 2707 504 2767 ἐκ
512 2706 603 2788 βοῶν,
617 2705 667 2767 καὶ
703 2698 803 2810 ὄνομα
810 2699 903 2765 αῦτου
888 2703 1030 2766 ἐκεῖ.”
994 2727 1090 2809 ρισετε
1099 2727 1138 2805 66
1126 2698 1308 2767 ἒπιιίέκατα

59 2784 152 2868 ἀμνὸν
170 2791 202 2851 ἐκ
193 2781 396 2912 προβάτιον,
423 2787 474 2849 καί
490 2793 616 2887 χίμαρον
634 2788 665 2862 ἐξ
701 2788 756 2848 τοῦ
770 2789 854 2849 σίτου
868 2810 933 2861 σου,
949 2786 1001 2849 καί
1014 2791 1069 2851 τοῦ
1081 2786 1164 2849 οἴνου
1178 2811 1242 2862 σου,
1256 2787 1309 2850 καί

58 2874 160 2971 αἰγῶν
193 2871 353 2950 7ἔλαφον,
378 2895 429 2933 και
423 2868 588 2972 δορκαδα,
614 2873 664 2935 καί
700 2892 755 2931 του
740 2868 875 2934 ἐλαίου
892 2896 963 2946 606,
989 2867 1028 2934 τά
1043 2865 1228 2970 πρωτότοκα
1244 2874 1307 2933 τιῦν

57 2950 221 3038 πῦγαργον,
240 2951 344 3052 66676,
364 2980 414 3018 και
409 2949 664 3061 καμηλοπάρδα-
698 2954 801 3055 6066
805 2977 859 3016 σου
864 3001 875 3029 ,
898 2953 951 3017 καί
975 2957 1036 3017 τῶν
1058 2948 1220 3055 προβάτων
1239 2978 1306 3055 606,

57 3037 111 3137 λιν.
129 3037 214 3103 ⁶666
226 3040 330 3138 κτήνος
344 3037 482 3139 διχηλρῦν
495 3034 599 3121 ὁπλήν,
613 3039 663 3101 καί
698 3039 749 3098 ι’να
759 3029 862 3136 μάθῃς
880 3041 1038 3139 φοβεῖσθαι
1054 3059 1166 3184 κυριον
1167 3060 1222 3101 τον
1233 3033 1306 3100 θεόν

58 3117 248 3222 66666066666
261 3124 392 3222 ονυχίζον
404 3116 458 3185 66'0
472 3120 593 3225 χηλῶν,
612 3122 663 3185 καὶ
699 3141 754 3181 606
765 3145 865 3224 πασας
877 3120 931 3195 τὰς
921 3115 1087 3223 666666
1136 3123 1189 3184 ἐαν
1200 3118 1232 3183 δὲ
1242 3145 1305 3226 μα-

57 3227 166 3301 666706
190 3200 396 3328 6666666666
394 3208 426 3269 ἐν
451 3216 514 3279 τοῖς
537 3202 661 3307 κτήνεσι,
697 3199 770 3303 κράν
781 3205 902 3307 γένηται
916 3231 933 3286 η
921 3200 1046 3278 ‘0666'
1029 3200 1092 3305 απὸ
1107 3206 1175 3278 σοῦ,
1198 3200 1301 3304 καὶμὴ

56 3291 153 3387 ταῦτα
165 3282 339 3389 ηιῦγεσθε.7
345 3289 507 3387 καὶταῦτα
520 3285 556 3350 06
570 3284 662 3369 6676-
698 3279 799 3383 δῦνη’
783 3289 939 3386 αναφέρειν
952 3283 1039 3388 6666,
1056 3281 1230 3385 66666666
1242 3282 1305 3385 ἀπό

57 3379 114 3433 σθε
132 3365 195 3468 666
213 3372 273 3430 τιῦν
287 3364 459 3462 ἀναγόντων
469 3371 663 3473 6666266666,
699 3390 753 3429 606
768 3391 786 3429 0
799 3363 892 3440 τόπος
910 3363 944 3429 66
957 3365 994 3430 ἂν
1007 3362 1205 3467 ἐκλέξηται’
1170 3392 1285 3468 κυριος
1285 3392 1303 3430 0

55 3453 109 3516 καί
129 3448 191 3512 ἀπὸ
209 3453 268 3509 τῶν
285 3444 481 3548 ῦιχηλσῦντων
493 3476 546 3524 τας
559 3449 663 3552 66666,
698 3444 770 3522 θεός
783 3473 856 3523 σου,
880 3445 1121 3552 ἕπικληθήνρι
1090 3471 1125 3510 το
1139 3445 1237 3550 ὄνομα
1249 3446 1306 3511 αῦ-

55 3559 111 3597 και
103 3525 339 3636 ὀνυχιζόντων
325 3536 528 3636 σνυχιστήρας,
544 3529 597 3597 τόν
609 3531 663 3599 κά-
699 3535 754 3594 τοῦ
781 3530 893 3606 ἐκεῖ,
881 3555 929 3594 οτι
954 3524 1104 3632 ευλογήσει
1123 3553 1154 3592 σε
1170 3527 1269 3634 666106
1287 3525 1305 3592 6

54 3615 187 3716 μηλον,
179 3640 230 3676 και
222 3608 410 3688 δασυποδα,
429 3639 480 3675 και
472 3612 665 3721 χοιρογρυλ-
699 3609 769 3688 θεός
782 3639 847 3688 σου,
873 3616 903 3656 27
916 3639 968 3677 και
960 3607 1134 3717 6666666
1152 3636 1229 3676 αντα
1249 3637 1306 3722 66-
1348 3663 1353 3670 .

56 3700 127 3763 λιον
168 3691 215 3760 ότι
233 3691 374 3772 ἀνάγουσι
387 3720 590 3798 6666666666,
615 3699 666 3760 καί
700 3701 812 3839 γυρίρυ,
830 3723 881 3762 και
873 3692 1020 3803 λήψη
990 3721 1026 3759 το
1034 3692 1181 3798 ἇργῦρισν
1194 3699 1227 3760 ἐν
1238 3706 1305 3772 ταῖς

57 3779 157 3888 όπλήν
164 3806 200 3844 συ
188 3778 383 3863 ῦιχηλοῦσιν,
373 3774 558 3884 66666666
567 3782 665 3843 ταῦτα
700 3781 781 3882 6666
793 3802 864 3853 606,
888 3782 939 3842 καί
950 3773 1153 3884 πορεῦση
1095 3784 1134 3855 εἰς
1145 3777 1198 3844 τόν
1209 3775 1305 3883 τόπον

58 3861 126 3945 ῦμῖν
142 3868 212 3928 ἐστι.
252 3863 333 3926 ⁸666
349 3862 402 3927 τὸν
415 3887 465 3936 υν,
492 3887 539 3965 061
558 3862 667 3947 διχηλεῖ
701 3885 736 3924 06
749 3883 786 3922 αν
798 3858 992 3967 ἕκλίξητρι’
959 3888 1082 3965 κυριος
1068 3887 1086 3924 0
1100 3859 1170 3939 θεός
1182 3890 1237 3929 σου
1247 3862 1304 3928 αῦ-

58 3927 154 4046 ῦπλήν
171 3950 280 4019 τοῦτο,
307 3972 359 4009 και
350 3943 525 4030 ῦνυχιζει’
511 3951 664 4050 σνυχιστή-
700 3940 760 4010 τόν.
787 3945 817 3985 ²⁶
829 3970 880 4008 και
873 3941 1024 4018 διῦσεις’
999 3939 1149 4049 αργῦριον
1162 3949 1213 4012 ἐπὶ
1225 3970 1304 4012 παν-

58 4054 111 4111 ρας
123 4029 231 4111 οπλής,
257 4031 309 4092 καὶ
324 4034 417 4094 τοῦτο
434 4031 614 4132 6666616667
626 4028 662 4095 οῦ
700 4025 750 4103 τός
767 4016 805 4091 06
824 4025 861 4093 ἂν
850 4031 1011 4136 ἐπιθυμή
1028 4025 1141 4136 ηψυχή
1159 4057 1228 4106 σου,
1254 4030 1305 4095 ἐπι

56 4115 237 4213 μηρυκάται,
266 4109 443 4216 ἀκάθαρτον
469 4117 559 4216 τοῦτο
587 4109 661 4196 ῦμῖν.
699 4110 830 4220 βουσὶν
812 4140 829 4194 η
844 4115 1095 4219 ἕπίπροηλατσις,
1107 4111 1237 4217 666’''
1188 4110 1304 4216 οινῳῆ

59 4192 121 4256 666
146 4199 206 4258 666
233 4201 324 4280 κρεῶν
349 4195 450 4297 66667
467 4194 502 4297 οῦ
522 4195 661 4300 6676666,
699 4198 791 4260 66'
761 4220 874 4296 66666,
893 4224 918 4300 η
904 4194 988 4261 ἐπὶ
1001 4192 1115 4305 παντὸς
1127 4187 1163 4260 06
1183 4195 1219 4260 ἂν
1239 4199 1305 4258 ἐπι-

59 4279 121 4339 τῶν
146 4285 331 4381 θνησιμαίων
349 4277 448 4343 αῦτῶν
449 4276 519 4383 066
538 4277 661 4363 άψεσθε.
699 4280 779 4385 θυμῇ
792 4273 811 4361 6
824 4276 902 4388 6626
916 4306 980 4380 666,
993 4281 1045 4344 καί
1057 4305 1138 4370 φαγη
1124 4282 1210 4340 ἒκει
1222 4281 1305 4340 ἐναν-

59 4358 132 4421 9καί
144 4364 240 4425 ταῦτα
254 4359 326 4461 φάγ
317 4372 387 4425 εσθε
400 4359 461 4465 666
471 4388 593 4468 666666
603 4369 663 4463 666
700 4366 762 4460 τίρν
775 4369 877 4466 κυρίου
890 4388 944 4469 τρυ
931 4367 1027 4427 θεοῦ
1039 4386 1105 4430 σου,
1118 4360 1170 4420 καὶ
1178 4356 1304 4460 εῦφραν-.

57 4443 89 4504 ἐν
101 4465 145 4523 τῳ
129 4437 258 4545 6666,
282 4440 382 4508 πάντα
400 4439 458 4509 666
471 4447 550 4509 ἔστιν
563 4442 643 4509 ἐν
607 4472 663 4509 αυ-
699 4437 780 4534 θήση
807 4444 843 4508 σὺ
868 4448 920 4509 καὶ
944 4446 962 4506 6
984 4437 1065 4510 σίκός
1084 4462 1152 4508 σου,
1176 4441 1206 4480 27
1219 4441 1269 4499 καὶ
1286 4431 1305 4496 6

56 4534 121 4600 τοῖς
140 4522 282 4611 πτερύγια
299 4553 351 4590 και
343 4527 494 4603 λεπίδες,
520 4523 662 4608 φάγεσθε.
700 4513 879 4671 11666666‘6J
871 4531 902 4590 ἐν
914 4535 980 4597 ταῖς
992 4515 1099 4584 πόλεσί
1111 4539 1179 4592 σου,
1193 4512 1306 4658 &6666
