2924 4972
167 215 234 296 964
372 208 751 277 ΜΑΚΚΑΒΛΙΩΝ
772 206 985 270 ΠΡΩΤΟΣ
1024 203 1143 282 Κεφέ.
1158 205 1189 269 5.

163 330 218 394 τὸν
229 327 403 413 χειμάρρουν
413 329 468 388 τού
482 322 601 396 ύδατος,
615 322 668 388 ἐὰν
679 323 767 415 διαβῇ
804 321 908 404 διηλθε
934 318 982 384 διὰ
1008 324 1061 403 τῆς
1082 315 1199 395 πόλεως
1225 319 1340 386 ἐπάνω
1366 329 1423 387 τῶν

164 413 238 498 πρὸς
252 411 327 495 ἡμᾶς
339 405 499 491 πρότερος,
525 404 562 469 ού
580 403 769 488 δυνησόμεθα
804 401 1045 486 ἀπεκταμμένων.
1081 404 1111 445 ⁶²
1121 406 1174 467 καί
1196 404 1350 490 διέβησαν
1373 407 1424 470 τόν

166 491 333 577 ὑποστῆναι
349 488 505 566 αύτὸν,ότι
518 484 671 571 δυνάμενος
684 485 772 570 δυνη·
800 482 956 570 Ἰορδάνην
968 491 1008 561 είς
1019 484 1064 550 τὸ.
1077 487 1181 551 πεδίον
1193 482 1234 550 τὸ
1247 492 1332 571 μέγα
1347 487 1425 554 κατὰ

166 600 248 642 σεται
265 574 342 658 πρὸς
364 570 448 674 ημᾶς.
473 571 566 636 4ίέύιν
587 571 619 636 δέ
640 571 770 663 δειλωθῇ
802 569 964 655 πρόςωπον
987 566 1142 635 Βαιθσύν.
1170 570 1270 635 ”aab
1294 573 1332 656 ῆν
1345 570 1425 637 Ἰού·

166 660 218 722 καί
240 656 416 742 παρεμβαλη
432 658 531 740 πέραν
545 660 600 719 τοῦ
618 661 772 736 ποταμοῦ,
804 654 858 727 δας
883 649 1066 729 ἐπιοννύγων
1096 648 1168 726 τούς
1194 656 1425 737 ἐσχατίζοντας,

167 737 379 822 διαπερύοομεν
390 726 467 822 πρὸς
477 735 570 803 αὐτὸν
584 740 633 802 καί
646 735 772 820 δυνησό-
804 737 856 800 καί
865 735 1052 818 παρακαλῶν
1064 734 1118 799 τόν
1130 733 1207 801 λαὸν
1218 738 1307 802 κατὰ
1319 744 1423 804 πᾶσαν

164 833 246 901 μεθα
268 820 344 903 πρὸς
367 819 470 887 αύτόν.
496 819 528 862 ⁴²
541 818 581 894 ὡς
599 820 632 885 δὲ
654 820 772 903 ἤγγισεν
805 816 858 902 τὴν
871 815 962 893 ὁδὸν,
983 823 1039 892 ἕως
1053 813 1090 883 ού
1104 807 1203 902 ἦλθον
1216 825 1261 895 είς
1273 826 1334 907 γῆν
1344 819 1424 888 Ἰού·

167 901 282 979 Ἰούδας
296 906 346 969 ἐπί
363 903 417 968 τὸν
434 900 609 989 χειμάρρουν
626 909 683 967 τοῦ
697 900 773 968 ύδα-
805 903 852 967 δα.
883 899 1237 987 54καίοίνέβησανείςτὸ
1250 903 1330 1011 ὅρος
1343 904 1426 969 Σιύν

169 1013 232 1061 τος,
245 991 347 1069 ἐστησε
360 986 431 1062 τούς
441 996 619 1089 γραμματεῖς
627 991 684 1052 τοῦ
697 985 773 1051 λαοῦ
805 989 836 1049 ἐν
852 980 1021 1088 εὐφροσύνη
1039 988 1089 1050 καί
1105 989 1194 1070 χαρᾷ.
1229 1013 1288 1052 και
1307 989 1425 1072 προςη·
1453 984 1456 1071 Ι

170 1072 219 1135 ἐπὶ
232 1068 286 1134 τοῦ
301 1070 467 1154 χειμάρρου,
475 1095 526 1133 κατ
537 1069 701 1134 ἐνετείλατο
716 1067 774 1134 αύ-
805 1091 898 1145 γαγον
910 1064 1159 1151 ολοκαυτιύματα,
1181 1065 1231 1133 ὅτι
1246 1068 1307 1135 οὐκ
1320 1076 1424 1137 ε”πεσεν

169 1166 241 1227 τοῖς,
257 1152 358 1230 λέγων.
384 1154 425 1235 μη
436 1150 529 1235 ἀφῆτε
537 1150 638 1217 πάντα
652 1151 772 1236 ύνθρω-
808 1149 950 1226 ἐξαύτῶν
968 1149 1069 1226 οὐθείς
1084 1155 1140 1226 ἕως
1158 1156 1217 1216 τού
1236 1155 1424 1240 ἐπιστρέψαι

168 1258 227 1300 πον
252 1234 460 1321 παρεμβαλεῖν,
485 1232 551 1298 ἀλλ’
582 1238 775 1319 ἐρχεόθωσαν
807 1236 838 1298 ἐν
851 1229 957 1317 εἰρήνη.
984 1234 1013 1276 ⁵⁵
1027 1236 1077 1298 καί
1093 1237 1124 1299 ἐν
1143 1245 1211 1308 ταῖς
1226 1232 1363 1321 ἡμέραις
1379 1238 1424 1313 αλς

170 1315 277 1393 πάντες
289 1323 328 1393 είς
342 1317 394 1382 τὸν
405 1314 543 1401 πόλεμον.
570 1317 602 1361 ⁴³
613 1320 663 1382 καί
677 1319 774 1383 διεπέ-
808 1308 843 1400 ἦν
858 1314 978 1390 Ἰούδας
1000 1319 1051 1382 καί
1062 1314 1216 1382 Ἰαννοίθαν
1240 1321 1275 1385 ἐν
1300 1327 1341 1414 τῇ
1357 1327 1392 1386 Γ
1388 1350 1423 1387 α-

169 1424 259 1505 ρασεν
276 1402 321 1466 ἐπ’
343 1398 454 1475 αύτούς
471 1398 627 1487 πρότερος,
653 1403 704 1466 καὶ
715 1405 776 1474 πᾶς
809 1399 897 1475 λαόιδ,
920 1401 972 1464 καί
983 1407 1086 1484 Σίμων
1100 1398 1118 1463 ὁ
1132 1398 1263 1482 ἀδελφὸς
1278 1402 1382 1469 αὐτοῦ
1394 1409 1423 1470 ίν

170 1511 188 1548 ο
207 1483 281 1558 λαὸς
299 1483 427 1549 ὄπισθεν
440 1483 547 1549 αὐτοῦ.
574 1485 625 1548 καί
645 1490 775 1569 συνετρί-
809 1488 846 1575 τῇ
859 1488 893 1545 Γ
890 1483 1011 1564 αλιλαίᾳ
1024 1482 1103 1548 κατὰ
1120 1480 1286 1567 πρόςωπον
1300 1489 1423 1554 Πτολε-

168 1566 327 1653 βησανπρὸ
341 1563 609 1646 προφύπουαύτού
621 1564 724 1633 πάντα
740 1564 776 1633 τὰ
806 1567 923 1648 μαίδος,
949 1567 980 1609 ⁵⁶
993 1567 1116 1648 ἤκουσεν
1124 1567 1236 1651 Ἰωοίηφ
1250 1568 1269 1633 ὁ
1285 1576 1346 1637 τοῦ
1357 1578 1422 1636 Ζα-

170 1654 261 1732 έθνη,
284 1651 335 1712 καί
354 1652 484 1734 ε”ῥριψαν
501 1651 541 1713 τὰ
560 1648 642 1713 ὅπλα
660 1649 774 1724 αὐτῶν,
806 1653 913 1735 χαρίου
924 1650 977 1713 καί
988 1648 1125 1733 Ἀζαρίας
1143 1649 1288 1734 ἄρχοντες
1300 1659 1357 1736 τῆς
1368 1657 1421 1720 δυ-

171 1732 221 1797 καί
234 1737 343 1811 ε’ίρυγον
356 1736 395 1807 είς
407 1730 443 1796 τὸ
454 1735 571 1816 τέμενος
584 1736 615 1796 ἐν
625 1734 774 1818 Καρναίν.
808 1729 920 1813 νύμεως
949 1737 1011 1797 τῶν
1036 1731 1255 1817 ἇνδραγαθιοῑν
1286 1742 1341 1802 καί
1365 1743 1422 1804 τού

171 1816 204 1858 ⁴⁴
217 1817 269 1881 καὶ
280 1811 543 1901 προκατελάβοντο
554 1815 608 1900 τίην
619 1813 774 1891 πόλιν,καί
807 1815 941 1897 πολέμου
960 1815 1011 1880 οία
1029 1819 1194 1899 ἐποίησαν,
1219 1819 1250 1861 ⁵⁷
1264 1824 1317 1885 καί
1330 1821 1420 1885 εἶπεν.

170 1898 206 1963 τὸ
233 1903 352 1981 τέμενος
376 1898 550 1983 ἐνεπύρισαν
567 1902 599 1963 ἐν
622 1901 695 1984 πυρί
722 1895 775 1964 σὺν
808 1893 973 1980 ποιήσωμεν
990 1901 1040 1963 καί
1060 1898 1152 1964 αὐτοί
1169 1903 1293 1976 ἑαυτοῖς
1309 1902 1416 1983 ὄνομα,

169 1985 245 2044 πᾶσι
259 1991 323 2054 τοῖς
335 1984 366 2044 ἐν
379 1981 473 2063 αύτῷ.
512 1985 563 2045 καί
576 1978 773 2065 ἐτροπώθηῆ
807 1983 858 2045 καί
875 1986 1071 2066 πορευθῶμεν
1093 1983 1259 2067 πολεμῆσαι
1277 1984 1356 2069 πρὸς
1375 1986 1416 2050 τίν

169 2065 319 2144 Καρναίν,
346 2061 466 2127 καὶούκ
482 2064 624 2128 ἐδύναντο
638 2067 681 2128 ἔτι
695 2061 773 2128 ύπο-
808 2068 880 2146 ἐθνη
893 2062 1044 2129 τὰκύκλω
1063 2066 1155 2169 ημῶν.
1183 2067 1278 2131 ”ml
1292 2067 1418 2154 παρήγ-

169 2149 273 2228 στηναι
286 2144 401 2209 κατύπ
420 2141 537 2220 όςωπαν
547 2144 660 2212 Ἰούδα.
685 2147 773 2210 45καί
806 2147 905 2224 γειλαν
929 2159 993 2223 τοῖς
1017 2131 1080 2214 ύπο
1110 2155 1163 2233 τῆς
1190 2147 1340 2233 δυνάμεως
1365 2158 1418 2251 της

168 2223 327 2310 συνήγαγεν
336 2170 454 2303 Ἰούδας
464 2226 564 2294 πάντα
571 2228 692 2316 Ἰσραὴλ
704 2226 775 2304 τούς
806 2227 863 2313 μετ’
880 2231 991 2306 αὐτῶν,
1007 2235 1058 2297 καί
1070 2230 1281 2317 ἐπορεύθησαν
1292 2239 1341 2301 ἐπί
1351 2234 1415 2300 Ἰα-

168 2315 250 2413 ἐντηη
275 2311 475 2378 Γαλααδίτιδι
501 2312 563 2378 ἀπὸ
588 2318 694 2397 μικροῦ
719 2319 775 2387 ἕως
806 2338 916 2397 μνειαν.
942 2315 1418 2404 69καίἐξέγλθεΓοργίαςείιτῆς

168 2395 300 2493 μεγαλου
313 2395 429 2469 καὶτὰς
441 2409 582 2494 γυναῖκας
595 2396 709 2472 αὐτῶν,
724 2399 774 2461 καί
807 2397 931 2472 πόλεως,
944 2401 996 2463 καί
1009 2403 1041 2464 οῖ
1054 2399 1156 2484 ἄνδρες
1173 2402 1278 2465 αύτοῦ
1290 2407 1331 2476 είς
1344 2428 1415 2468 συν-

168 2503 208 2541 τα
226 2481 315 2543 τέκνα
334 2475 502 2564 αὐτῶνκαὶ
520 2504 575 2563 την
595 2479 773 2562 ἀποσκευὴν,
807 2477 931 2563 ύντηοιν
957 2480 1063 2557 αὐτοῖς
1087 2488 1125 2559 είς
1149 2479 1289 2561 πόλεμον.
1318 2481 1417 2549 60καὶ

169 2560 358 2648 παρεμβολὴν
374 2558 502 2644 μεγάλην
522 2560 651 2647 σφόδρα,
677 2565 774 2628 ἐλθεῖν
807 2561 970 2648 ἐτροπιόθη
982 2561 1342 2650 ἸώσηφοςκαίἈζαριας,
1357 2569 1415 2630 καί

170 2649 208 2719 είς
220 2650 274 2728 γῆν
284 2644 392 2709 Ἰούδα.
421 2645 453 2687 ⁴⁰
467 2649 518 2710 καί
536 2639 634 2729 ἦλθον
652 2652 707 2722 ἕως
724 2645 773 2709 '13—
806 2644 994 2731 ἐδιώχθησαν
1012 2655 1068 2725 ἕως
1086 2653 1142 2714 τῶν
1158 2641 1247 2730 ὁρίων
1265 2644 1408 2728 τῆςἸου-

168 2728 268 2812 φρών,
294 2733 344 2792 καί
364 2730 442 2810 αὕτη
461 2728 477 2810 η
496 2727 582 2803 πόλις
599 2731 710 2813 μεγάλη
724 2733 773 2793 ἐπὶ
807 2732 899 2804 δαίας.
926 2736 977 2797 καί
991 2735 1098 2799 ἐπεσον
1115 2736 1145 2797 ἐν
1157 2734 1193 2822 τῇ
1208 2727 1304 2813 ἡμέρᾳ
1318 2732 1414 2822 ἐκείνη

167 2817 219 2893 της
244 2807 353 2884 είςόδου
380 2809 472 2893 ὀχυρὰ
502 2810 628 2894 σφόδρα.
656 2812 710 2876 οὐκ
737 2802 773 2894 ἦν
807 2818 838 2876 ἐκ
851 2819 906 2877 τοῦ
919 2816 996 2879 λαοῦ
1009 2819 1062 2880 τού
1075 2813 1199 2898 Ἰσραὴλ
1211 2819 1250 2889 είς
1260 2813 1415 2896 διςηιλίους

165 2895 294 2958 ἐκκλῖναι
302 2891 352 2958 ἀπ’
366 2894 458 2977 αὐτῆς
468 2897 565 2970 δεξιὰν
577 2897 594 2979 ἦ
605 2896 772 2979 ἀριστερὰν,
807 2896 927 2982 ἄνδρας,
953 2899 980 2940 ⁰¹
993 2902 1044 2963 καί
1062 2897 1186 2979 ἐγενηθη
1202 2898 1303 2979 τροπὴ
1321 2897 1415 2977 μεγά-

166 2977 230 3042 ύιλλ
255 2976 273 3062 ἢ
291 2975 339 3041 διὰ
356 2981 451 3060 μέσου
471 2977 563 3064 αὐτῆς
580 2975 770 3061 πορεύεσθαι.
807 2979 842 3062 λη
855 2985 886 3045 ἐν
898 2987 943 3065 τῷ
954 2980 1019 3063 λαῷ
1035 2978 1164 3063 Ἰσραὴλ,
1183 2976 1231 3039 ότι
1245 2976 1304 3039 οὐκ
1319 2981 1417 3079 {nov-

165 3061 196 3102 ⁴⁷
210 3066 261 3124 καί
287 3061 461 3127 ἀπέκλεισαν
484 3061 594 3139 αὐτούς
616 3069 645 3127 οἱ
667 3067 698 3127 ἐκ
721 3066 772 3144 τῆς
807 3089 863 3127 σαν
880 3062 979 3129 Ἰούδα
998 3065 1047 3128 καί
1064 3067 1122 3124 τῶν
1139 3058 1277 3137 ἀδελφοῖν
1297 3069 1417 3132 αυτοῦ.

164 3139 288 3215 πόλεως,
302 3147 353 3206 καὶ
365 3146 529 3223 ἐνέφραξαν
549 3145 604 3220 τύις
616 3144 713 3218 πύλας
727 3144 771 3207 λί·
806 3143 931 3229 οἰόμενοι
950 3145 1180 3230 ύινδραγαθησαι.
1220 3141 1251 3182 ⁰²
1263 3140 1363 3209 αὐτοὶ
1382 3148 1417 3210 δέ

163 3234 241 3297 θοις.
271 3224 303 3265 ⁴⁸
317 3226 366 3287 καί
385 3223 538 3291 ἀπέστειλε
558 3228 634 3311 πρὸς
660 3227 770 3301 αύτούς
806 3231 860 3294 οὐκ
874 3232 948 3312 ἦσαν
963 3232 995 3290 ἐκ
1012 3230 1068 3291 τοῦ
1083 3227 1255 3306 σπέρματος
1272 3231 1339 3291 τών
1359 3226 1414 3293 ἆν-

160 3305 281 3381 Ἰούδας
293 3303 393 3385 λόγοις
405 3312 564 3391 εἰρηνικοῖς,
575 3312 678 3388 λέγων.
713 3312 769 3374 διε-
805 3315 881 3395 δρῶν
892 3316 1016 3385 ἐκείνων,
1035 3307 1077 3380 ολς
1091 3304 1186 3390 ἐδόθη
1201 3316 1340 3393 οωτηρία
1350 3309 1414 3375 Ἰο-

164 3387 333 3474 λευσόμεθα
347 3390 396 3456 διὰ
409 3398 461 3494 της
473 3391 525 3476 γῆς
539 3399 662 3459 σαυτοῦ
676 3392 770 3458 ἀπελ-
804 3394 878 3479 ραίηλ
890 3392 938 3458 διὰ
950 3388 1043 3477 χειρὸς
1057 3388 1165 3455 αύτιόν.
1191 3392 1222 3434 ⁰³
1237 3395 1290 3455 καὶ
1304 3388 1322 3456 ὁ
1336 3392 1412 3489 αἰνηρ

166 3487 232 3540 θεῖν
245 3480 283 3550 εἷς
296 3474 348 3560 την
361 3481 415 3559 γῆν
430 3482 520 3558 ημῶν,
540 3480 592 3543 καί
607 3478 700 3552 ούδείς
713 3505 768 3541 κα-
801 3479 916 3554 Ἰούδας
932 3478 983 3541 καὶ
999 3480 1029 3540 οἱ
1047 3474 1171 3554 ἀδελφοί
1190 3473 1286 3539 αὐτού
1304 3478 1410 3551 ἐδοξα-

164 3556 317 3640 κοποιησει
334 3556 421 3639 ὑμᾶς,
441 3556 517 3643 πλὴν
529 3574 591 3635 τοῖς
605 3564 677 3626 ποσί
689 3588 768 3642 παρ·
803 3573 921 3643 σθησαν
939 3557 1060 3645 σφόδρα
1073 3562 1206 3624 ἐναντίον
1223 3559 1340 3634 παντὸς
1348 3557 1409 3623 '10-

164 3641 355 3720 ελευσόμεθα.
370 3645 420 3705 καί
433 3642 487 3706 ούκ
504 3642 671 3729 ἠβούλοντο
686 3643 767 3709 ἆνοῖ·
801 3645 880 3744 ραηλ
896 3646 949 3709 καί
966 3648 1027 3707 τῶν
1041 3646 1138 3707 ἐθνῶν
1155 3637 1295 3715 πάντων,
1321 3634 1361 3706 ού
1372 3639 1410 3723 η-

163 3723 211 3794 ξαι
239 3723 332 3804 αύτῷ.
363 3725 459 3788 49καί
487 3727 627 3802 ἐπέταξεν
651 3724 768 3801 Ἰούδας
801 3753 906 3792 κουετο
924 3724 961 3791 τὸ
983 3725 1077 3806 ὄνομα
1095 3722 1206 3790 αὐτῶν.
1233 3724 1328 3788 64καί
1341 3726 1413 3787 ἐπι-

163 3798 283 3883 κηρύξαι
297 3809 329 3870 ἐν
344 3812 379 3890 τῆ
394 3808 566 3892 παρεμβολῇ
586 3815 640 3874 τού
653 3836 768 3891 παρεμ·
801 3811 965 3893 συνήγοντο
976 3809 1053 3891 πρὸς
1073 3804 1185 3881 αύτούς
1202 3803 1412 3888 εὐφημοῦντες.

161 3886 261 3970 βαλεῖν
275 3881 401 3953 έκαοτόν
414 3895 444 3955 ἐν
458 3886 484 3974 ᾧ
497 3881 556 3955 ἐστί
570 3889 664 3975 τόπῳ.
679 3895 766 3957 50καί
800 3897 830 3965 ⁰⁵,
844 3897 894 3958 καί
906 3893 1030 3977 ἐξηλθεν
1040 3888 1157 3964 Ἰούδας
1174 3892 1223 3954 καί
1241 3894 1272 3952 οἶ
1285 3888 1414 3968 ἀδελφοί

161 3970 361 4052 παρενέβαλον
380 3977 411 4036 οἱ
425 3975 526 4056 ἄνδρες
546 3980 595 4058 της
608 3972 765 4058 δυνάμεως,
799 3975 911 4050 αὐτοῦ,
937 3977 988 4038 καί
1001 3976 1165 4056 ἐπολέμουν
1176 3969 1246 4044 τοὺς
1259 3970 1344 4046 υἱούς
1353 3969 1414 4036 ‘H-

160 4052 210 4114 καί
229 4051 416 4133 ἐπολέμησαν
440 4059 492 4162 νην
510 4054 598 4121 πόλιν
622 4057 695 4142 ὅλην
712 4058 766 4142 την
799 4063 859 4125 σαύ
870 4062 902 4123 ἐν
917 4063 955 4147 τῇ
967 4065 1007 4137 γῆ
1020 4054 1217 4140 πρὸςΝότον,
1230 4055 1280 4117 καὶ
1293 4053 1415 4120 ἐπάτα-

160 4131 271 4217 ίημέραν
294 4138 401 4218 ἐκείνην
422 4166 472 4203 και
493 4140 566 4222 ὃλην
589 4143 641 4225 την
664 4139 763 4219 νύκτα,
798 4146 827 4219 ξε
853 4142 909 4226 τὴν
929 4140 1057 4224 Χειριίνν
1084 4143 1134 4203 καί
1158 4136 1211 4212 τὰς
1235 4142 1414 4221 θυγατέρας

158 4220 209 4281 καί
230 4215 388 4301 παρεδόθη
407 4219 425 4303 η
445 4222 531 4296 πόλις
549 4227 580 4285 ἐν
594 4227 693 4308 χερσίν
706 4225 764 4290 αύ·
798 4226 901 4311 αὐτῆς.
929 4230 978 4290 καί
997 4224 1116 4289 καθεῖλε
1134 4223 1169 4286 τό
1189 4216 1333 4306 ὀχύρωμα
1353 4221 1412 4284 αύ-

156 4303 220 4363 τού.
261 4307 285 4345 ⁵¹
300 4303 350 4365 καί
364 4300 499 4369 ἀπώλεσε
523 4311 587 4371 πᾶν
613 4303 764 4385 ύρσενικόν
797 4318 857 4397 της,
870 4311 922 4374 καὶ
935 4307 1006 4383 τοὺς
1016 4303 1150 4391 πύργους
1159 4304 1253 4388 αὐτῆς
1266 4306 1413 4386 ἐνέπρησε

154 4385 190 4479 ἐν)
200 4380 324 4467 στόματι
338 4389 503 4469 ῥομφαίας,
518 4390 568 4452 καί
581 4390 762 4473 ἐξεύριζωσεν
796 4392 956 4460 κυκλόθεν.
994 4395 1025 4436 ⁰⁶
1038 4393 1090 4454 καί
1108 4388 1207 4481 όπῇρε
1224 4391 1279 4452 τού
1296 4412 1414 4472 πορευ-

155 4466 259 4547 αυτίην,
274 4470 323 4531 καί
335 4472 426 4557 ε”λαβε
439 4469 478 4536 τόν
491 4472 588 4537 σκῦλα
601 4471 761 4556 normal
796 4484 889 4563 θῆναι
904 4482 943 4553 είς
955 4483 1011 4560 γῆν
1023 4470 1216 4554 ἀλλοφύλων,
1241 4472 1294 4536 καί
1307 4471 1413 4573 διεπο-

1308 4581 1411 4635 ρευετο
