2924 4972
117 232 179 301 438
243 223 770 315 ¹1121122111121110mmmN
790 224 924 284 Δανα.
967 219 1213 303 ποσαί-ιο.

116 348 214 422 δεξιῶν
233 339 371 417 καὶτοὺς
389 345 477 407 πέντε
494 334 524 416 ἐξ
548 337 722 427 ἀριστερῶν,
758 335 877 423 οτηριον
890 334 926 402 τύ
944 343 1089 424 χρυσοῦν,
1115 340 1165 402 καί
1184 336 1237 414 τάς
1250 341 1367 444 τραπέ-

115 433 171 494 τοῦ
183 421 299 492 πλύνειν
313 429 343 489 ἒν
356 423 458 498 αὐτοῖς
475 423 515 488 τά
528 426 675 505 ἐργατῶν
688 419 723 486 ὁ·
757 425 817 498 ζας,
829 422 883 485 καί
902 420 946 486 ἐπ’
965 419 1067 486 αὐτῶν
1078 420 1164 506 άρτοι
1177 433 1367 507 προθεσεως.

116 505 358 593 λοκαυτωμάτων
370 510 422 572 καί
434 504 608 582 άποκλύζειν
620 509 652 570 έν
666 503 723 570 αῦ-
756 508 787 551 ²⁰
800 505 918 580 καὶτὰς
930 505 1062 590 λυχνίας,
1088 507 1140 571 καί
1155 506 1227 582 τούς
1241 502 1367 591 λύχνους

115 604 188 670 τοῖς,
202 596 252 657 καὶ
267 592 284 676 η
298 587 443 657 θάλασσα
463 595 502 665 είς
514 589 551 654 τὸ
564 596 722 654 νίπτεσθαι
757 593 813 654 τοῦ
833 586 935 670 φωτὸς
952 589 1031 654 κατά
1051 585 1086 654 τὸ
1107 595 1197 674 κρίμα
1215 593 1267 655 καί
1284 589 1367 657 κατά

115 675 188 752 τούς
201 681 283 763 ίερεῖς
296 678 328 740 έν
340 672 428 756 αῦτη.
456 674 522 736 7καί
534 677 657 756 ἐποίησε
670 668 723 747 τάς
755 668 917 756 πρόςωπον
935 677 989 737 τοῦ
1008 672 1096 758 δαβίρ
1117 678 1241 775 χρυσίον
1261 684 1365 740 καθα-

115 761 231 844 λυχνίας
242 746 410 843 τάςχρυσάξ
420 754 619 822 δέκακατάτὸ
633 760 722 840 κρίμα
756 759 829 836 ροῦ,
855 757 883 797 22
895 757 948 820 καὶ
971 755 1090 842 λαβίδες
1114 760 1226 831 αντῶν,
1253 759 1306 823 καί
1332 763 1365 823 οἱ

115 843 282 920 αῦτῶν,καί
294 845 400 924 ἔθηκεν
412 844 443 905 έν
455 845 499 923 τῷ
512 841 677 923 ναῴ,πέντε
688 841 722 902 ἐν
755 832 853 921 λύχνοι
872 836 990 914 αὐτῶν,
1014 843 1064 904 καί
1082 839 1137 913 τάς
1161 836 1285 920 σιάλας,
1312 844 1364 906 καὶ

115 928 213 1003 δεξιῶν
230 927 281 990 καί
296 927 383 989 πέντε
401 925 432 1000 έξ
449 922 619 1008 ἀριστερῶν.
649 922 722 984 8καὶ
755 920 808 996 τάς
824 922 956 997 θυΐσκαις
978 926 1029 989 καί
1051 922 1091 986 τά
1113 935 1222 1007 πυρεῖα
1241 932 1363 1029 χρυσίου

115 1013 234 1092 ἐποίησε
245 1010 393 1094 τραπέζας
405 1008 490 1083 δέκα,
511 1011 563 1071 καί
575 1010 679 1087 ἔθηκεν
691 1008 722 1068 έν
755 1009 906 1112 καθαροῦ,
930 1008 960 1048 22
972 1008 1022 1070 καί
1040 1003 1057 1090 η
1075 1002 1161 1092 θύρα
1177 1012 1232 1072 τοῦ
1246 1007 1362 1093 οικουύη

114 1097 159 1175 τῷ
173 1096 246 1176 ναῷ,
270 1095 357 1156 πέντε
370 1096 401 1156 ἐκ
419 1091 518 1166 δεξιῶν
530 1093 582 1153 καὶ
592 1090 721 1163 πέντεέξ
755 1091 890 1192 έσωτερα
902 1094 942 1164 είς
958 1089 997 1155 τὰ
1015 1087 1087 1167 ἅγιαι
1103 1094 1164 1154 τῶν
1182 1086 1286 1168 ἆγίων,
1310 1094 1362 1158 καὶ

113 1173 278 1258 εῦωνύμων,
291 1177 343 1239 καὶ
355 1179 475 1256 ἐποίησε
488 1168 599 1254 φιάλας
609 1175 721 1275 χρυσᾶς
754 1168 809 1246 τάς
819 1181 918 1257 θυρας
930 1176 985 1237 τοῦ
995 1173 1079 1237 οἴκου
1089 1177 1146 1237 τοῦ
1157 1180 1230 1238 ναοῦ
1242 1181 1361 1260 χρυσᾶς.

113 1257 231 1335 ἑκατὸν,
256 1259 338 1322 9καὶ
350 1261 469 1362 ἐποίησε
487 1255 541 1339 τὴν
554 1253 649 1338 αῦλην
660 1258 721 1319 τῶν
756 1257 787 1316 Q
802 1259 831 1332 5,
849 1278 873 1317 ι.
886 1258 938 1320 καί
954 1256 1146 1340 συνετελέσθη
1168 1262 1256 1322 πᾶσα
1274 1255 1292 1342 ἡ
1312 1263 1362 1343 ἐρ-

114 1346 232 1429 ίερέων,
258 1343 310 1406 καί
325 1340 380 1424 την
397 1341 492 1422 αυλέην
511 1339 565 1422 τὴν
582 1333 720 1422 μεγάλην,
754 1344 845 1415 γασία
863 1334 900 1423 ἣν
921 1342 1041 1424 ἐποίησε
1059 1338 1218 1424 Σαλωμῶν
1240 1344 1270 1404 έν
1287 1343 1361 1426 οἴκῳ

114 1430 164 1493 καί
188 1419 286 1508 θύρας
307 1428 345 1505 τῆ
372 1421 460 1504 αῦλῆ,
474 1425 525 1485 καί
547 1417 719 1506 θυρώματα
755 1429 867 1506 κυρίου.

114 1507 215 1574 αὐτῶν
224 1494 507 1588 κατακέχαλκαέμένα
515 1504 626 1608 χαλκῶ.
639 1504 719 1565 2οκαί
942 1513 975 1571 1<
988 1512 1018 1570 Ε
1031 1512 1069 1570 ιιι,
1112 1501 1163 1570 13¹,

115 1584 339 1657 τίθάλασσαν
350 1590 457 1671 έθηκεν
467 1586 532 1652 ἀπο
541 1592 650 1665 γωνίας
662 1588 720 1648 τοῦ
755 1554 984 1673 Καίείςήνεγκε
995 1590 1152 1673 Σαλωμών
1163 1587 1201 1654 τά
1215 1583 1286 1667 ἀγια
1296 1596 1361 1656 Δα-

114 1697 202 1738 οικαυ
229 1674 260 1735 έκ
278 1672 378 1748 δεξιῶν
402 1666 443 1745 ὡς
465 1667 542 1756 πρὸς
568 1666 720 1742 ἀνατολάς
756 1672 804 1736 υίδ
815 1671 999 1758 τοῦπατρὸς
1017 1672 1125 1751 αὐτοῦ,
1152 1672 1188 1737 τὸ
1208 1669 1361 1760 ἀργύριον,

114 1759 277 1821 κατέναντι.
303 1757 329 1797 22
341 1754 392 1818 καὶ
408 1757 527 1838 ἐποίησε
543 1750 648 1839 Χιράμ
664 1750 720 1825 τάς
754 1758 805 1819 καί
817 1754 852 1820 τὸ
865 1764 993 1840 χρυσίον,
1003 1760 1054 1822 καί
1066 1758 1105 1823 τά
1116 1753 1211 1839 σκεύη,
1222 1760 1274 1822 καὶ
1285 1760 1362 1823 ε”δω-

112 1836 269 1925 κρεάγρας,
294 1840 344 1902 καί
357 1836 396 1901 τά
408 1847 530 1923 πυρεῖα,
558 1838 608 1900 καί
620 1833 676 1919 τὴν
689 1838 718 1898 ε’·
754 1863 802 1904 κεν
816 1844 855 1913 είς
867 1838 1026 1926 θησαυρὸν
1039 1843 1124 1906 οἴκου
1135 1847 1244 1925 κυρίου.
1272 1838 1359 1908 2τόιε

113 1918 226 2028 σχάραν
236 1925 294 1987 τοῦ
304 1926 531 2006 θυσιαστηρίου,
555 1920 607 1983 καί
619 1914 719 1984 πάντα
754 1921 955 2006 ἔξεκκλησίασε
977 1925 1134 2008 Σαλωμών
1153 1921 1267 1998 πάντας
1288 1924 1360 2000 τοὺς

111 2032 152 2072 τα
169 2001 256 2089 σκεύη
274 2001 378 2069 αὐτοῦ.
404 2007 456 2069 καί
471 2003 635 2069 συνετέλεσε
657 2007 719 2064 Χι·
754 2008 972 2093 πρεσβυτέρους
993 2004 1130 2095 Ἰσραὴλ,
1168 2010 1220 2073 καί
1243 2004 1360 2084 πάντας

132 2087 173 2172 ἀμ
189 2093 314 2173 ποιῆσαι
331 2092 436 2153 πᾶσαν
451 2086 507 2171 τὴν
524 2090 539 2151 έ
556 2093 665 2164 γασίαν
683 2081 720 2168 ἣν
753 2087 824 2163 τοῦς
837 2088 984 2175 ἄρχοντας
998 2096 1058 2157 τῶν
1071 2093 1173 2173 φυλῶν
1185 2089 1256 2167 τούς
1269 2089 1360 2176 ηγου-

112 2116 234 2256 έποίησε
247 2171 405 2256 Σαλεαμεδν
417 2175 534 2320 τῷβασ
575 2174 630 2235 ter
642 2169 717 2251 οἴκῳ
752 2176 858 2256 μένους
873 2179 1008 2260 πατριῶν
1026 2181 1097 2242 υῖῶν
1110 2171 1233 2264 Ἰσραὴλ
1250 2181 1290 2253 εἷς
1302 2175 1360 2242 Ἰε-

111 2259 167 2321 τοῦ
179 2260 264 2334 θεοῦ,
288 2258 316 2298 22
330 2251 454 2330 πάλους
487 2251 522 2320 ύο
536 2255 587 2320 καί
599 2250 645 2319 ἐπ’
661 2249 717 2317 αῦ-
753 2255 980 2342 ρουσαλὴμ,τοῦ
991 2258 1142 2339 ἀνενέγκαι
1155 2259 1282 2346 κιβωτὸν
1294 2262 1360 2325 δια-

111 2344 172 2405 τῶν
183 2339 295 2417 γωλάθ
312 2343 349 2433 τῇ
386 2338 516 2424 ωθαρὲθ
536 2339 587 2404 ἐπί
599 2341 659 2402 τῶν
670 2360 714 2401 κε-
752 2336 849 2425 θηκης
860 2347 964 2426 κυρίου
977 2347 1009 2407 ἐκ
1022 2343 1138 2419 πόλεως
1151 2345 1256 2420 Ααυὶδ,
1281 2340 1359 2430 αῦτη

111 2422 218 2505 φυλῶν
229 2427 289 2487 τῶν
308 2364 428 2489 στάλαν
444 2418 515 2504 δύο,
542 2422 593 2488 καὶ
610 2422 716 2488 δίκτυα
752 2420 844 2489 Σιών.
886 2425 966 2491 2καὶ
985 2423 1271 2513 ε’ξεκκλησιάσθησαν
1282 2427 1359 2515 πρὸς

110 2502 165 2572 δύο
174 2502 370 2591 ’συγκαλύψαι
381 2506 436 2582 τάς
445 2505 575 2590 κεφαλάς
586 2510 647 2570 τῶν
656 2531 716 2589 χω-
752 2504 940 2595 τὸνβασιλέα
953 2515 1014 2584 πᾶς
1023 2508 1147 2596 Ἰσραὴλ
1164 2516 1194 2577 ἐν
1208 2518 1246 2594 τῆ
1259 2515 1359 2597 ἕορτῆ,

109 2587 340 2675 θαρὲθάέστιν
357 2593 407 2655 ἐπὶ
424 2596 484 2655 τῶν
501 2589 638 2673 κεφαλῶν
655 2592 717 2651 τῶν
753 2584 841 2667 οὗτος
864 2590 882 2656 ὁ
903 2592 960 2677 μην
985 2595 1116 2680 ἕβδομος.
1156 2584 1237 2664 2καλ
1259 2588 1360 2682 ἦλθον

109 2673 236 2750 στυλεον,
260 2677 288 2717 ¹³
301 2677 351 2738 καί
369 2670 509 2748 κώδωνας
525 2677 652 2759 χρυσοῦς
669 2693 717 2734 τε·
751 2670 859 2750 πάντες
882 2682 913 2741 οἱ
935 2675 1127 2765 πρεσβύτεροι
1148 2679 1283 2768 Ἰσραηλ,
1307 2684 1360 2749 καί

108 2762 286 2840 τραικοσίους
299 2761 338 2831 είς
347 2755 386 2819 τά
400 2755 454 2820 δύο
467 2758 582 2832 δίκτυα,
595 2756 646 2818 καὶ
659 2749 715 2818 δύο
751 2758 865 2846 ἔλαβον
880 2755 988 2836 πάντες
1009 2767 1040 2826 οῖ
1051 2771 1178 2828 Λευῖται
1196 2765 1251 2850 τὴν
1268 2769 1358 2852 κιβω·

107 2841 177 2922 γένη
188 2841 316 2924 ῥοίσκων
329 2843 361 2902 έν
370 2843 416 2901 τῶ
427 2835 536 2921 δικτύῳ
550 2842 594 2922 τῷ
606 2839 649 2901 ἑνί
660 2840 716 2901 τοῦ
750 2842 811 2919 τὸν,
839 2845 853 2886 ⁶
866 2844 918 2907 καὶ
929 2842 983 2927 την
993 2847 1102 2949 σκηνην
1113 2852 1169 2912 τσῦ
1180 2855 1356 2934 μαρτυρίου,

109 2919 302 3029 ωγκαλύηιαι
315 2920 369 2996 τάς
387 2905 443 2987 δύο
460 2920 569 2999 γωλὰθ
584 2925 644 2985 τῶν
654 2946 715 3004 χω-
750 2928 801 2990 καί
814 2924 914 2992 πάντα
927 2929 967 2992 τά
983 2956 1068 3015 σκευη
1081 2927 1119 2996 τά
1139 2927 1211 3010 άγια
1222 2931 1262 2998 τά
1275 2936 1306 2996 έν
1320 2936 1357 3016 τῆ

106 3004 212 3091 θαρὲθ
234 3032 254 3069 α
279 3009 357 3071 ἐστιν
378 3001 479 3069 ἐπάνω
502 3010 564 3070 τῶν
587 3000 712 3069 στύλων.
750 3015 851 3093 σκηνῆ,
864 3013 916 3075 καὶ
935 3009 1098 3097 ἀνήνεγκαν
1117 3013 1211 3099 ταύτην
1229 3020 1260 3080 οἱ
1273 3006 1356 3098 ἱερεῖς

105 3089 136 3130 22
148 3089 200 3151 καί
224 3086 295 3162 τούς
318 3086 463 3171 μεχωνῶθ
492 3091 608 3174 ἐποίησε
632 3089 713 3164 δέκα,
749 3084 991 3162 καὶὸίΛευίται.
1019 3095 1356 3182 22καὶὁβασιλεύςΣα-

105 3173 156 3236 καὶ
169 3169 241 3245 ῐῡὺς
258 3172 406 3255 mvi&
423 3175 561 3276 ἷπθῖβσὲν
581 3174 631 3238 ἐπὶ
642 3169 713 3246 τοὺς
747 3177 871 3260 λαιμῶν,
895 3183 946 3246 καὶ
956 3183 1042 3246 πάσα
1054 3176 1208 3261 συναγωγὴ
1218 3176 1353 3261 Ἰσραὴλ,

104 3254 260 3339 μεχωνώθ,
283 3254 310 3298 22
322 3257 374 3320 καί
391 3252 445 3339 τὴν
457 3257 619 3323 θάλασσαν
631 3262 711 3338 μίαν,
747 3266 799 3326 καὶ
811 3269 841 3328 σί
853 3260 1039 3352 φοβούμενοι,
1052 3261 1104 3326 καὶ
1115 3265 1146 3325 σί
1159 3263 1351 3342 ἐπισυνηγμέ-

105 3341 156 3404 καί
167 3337 239 3413 τούς
252 3333 378 3422 μόσχους
388 3337 458 3414 τούς
468 3337 583 3406 δάδεκα
597 3335 712 3406 ύποκά
748 3370 790 3411 νοι
804 3346 906 3413 αὐτῶν
914 3351 1080 3434 ἔμπροσθεν
1089 3350 1140 3429 τῆς
1150 3349 1277 3434 κιβωτοῦ
1291 3339 1351 3407 θύ-

103 3448 147 3486 τω
173 3420 272 3504 αὐτῆς.
304 3425 397 3488 22καέ
420 3422 493 3500 τούς
516 3426 710 3510 ποδιστῆρας,
747 3456 829 3506 οντες
839 3428 969 3519 μόσχους
988 3433 1039 3497 καί
1050 3426 1192 3519 πρόβατα
1205 3438 1235 3495 οἳ
1247 3427 1300 3495 οῦκ
1315 3425 1351 3493 ἀ·

102 3509 154 3572 καὶ
166 3506 237 3583 τούς
252 3505 499 3592 ἀναλημπτῆρας,
517 3510 649 3584 καὶτοὺς
661 3509 710 3572 λε’·
746 3511 985 3600 ριθμηθησονται
998 3519 1049 3583 καί
1062 3525 1094 3582 οἳ
1103 3514 1140 3583 ού
1154 3510 1352 3598 λογισθησογ.

102 3596 194 3694 βητας
217 3593 269 3656 καί
290 3588 344 3665 τάς
366 3587 518 3675 κρεάγρας,
536 3596 587 3658 καί
607 3588 710 3658 πάντα
746 3622 795 3660 ται
808 3596 938 3664 ἀπὸτοῦ
955 3597 1104 3703 πληθους
1145 3603 1222 3664 7καί
1235 3595 1354 3680 είςηιεγ-

103 3700 142 3738 τα
154 3669 243 3757 σκεύη
257 3673 357 3738 αὐτῶν
368 3672 519 3759 ἀέποίησε
531 3674 645 3761 Χιράμ,
659 3677 710 3738 καὶ
745 3706 801 3745 και
826 3686 857 3747 οἶ
882 3686 966 3766 ἱερεῖς
987 3708 1040 3784 την
1055 3681 1181 3770 κιβωτὸν
1207 3677 1354 3759 διαθήκης

102 3755 237 3841 ἀνήνεγκε
256 3763 301 3843 τῷ
315 3759 437 3908 βασιλεῖ
446 3759 604 3841 Σαλωμῶν
620 3763 651 3825 έν
663 3758 708 3823 αι’-
744 3769 848 3846 κυρίαυ
860 3768 899 3836 εἷς
915 3761 967 3828 τὸν
979 3789 1075 3830 τοπον
1089 3763 1235 3844 αὐτῆςείς
1246 3758 1281 3822 τὸ
1296 3760 1352 3821 δα-

103 3868 147 3926 κῳ
161 3849 264 3949 κυρίου
275 3870 314 3929 χα
334 3848 387 3908 κοῦ
401 3847 551 3928 καθαροῦ.
582 3846 609 3887 22
622 3844 710 3921 ἐντῷ
743 3847 793 3928 βίρ
806 3848 863 3906 τοῦ
877 3845 963 3906 οἴκου
984 3849 1023 3919 είς
1035 3847 1074 3909 τά
1088 3842 1160 3920 άγιαι
1172 3846 1233 3906 τῶν
1247 3838 1351 3922 ἁγίων,

102 3953 256 4032 περιχωρῳ
288 3931 344 3991 τοῦ
371 3921 525 4012 Ἰορδάνου
557 3920 709 4011 έχῶνευσεν
745 3919 891 3987 ὑποκάτω
908 3929 970 3988 τῶν
986 3923 1140 4007 πτερύγων
1156 3927 1216 3987 τῶν
1230 3932 1352 4011 Χερου-

103 4009 181 4075 αὐτα
195 4009 213 4076 ὁ
226 4009 364 4096 βασιλεύς
381 4013 412 4073 έν
429 4012 474 4089 τῷ
485 4005 573 4090 πάχει
591 4006 708 4088 τῆςνῆς
742 4008 802 4091 βίμ.
827 4005 907 4070 8καὶ
924 3996 960 4090 ἦν
977 4004 1016 4071 τά
1037 4011 1191 4093 Χερουβὶμ
1210 4009 1352 4076 διαπεπε-

102 4097 132 4158 ἐν
144 4097 216 4173 οἴκῳ
229 4089 362 4172 Σσκχῶθ
379 4094 430 4154 καὶ
442 4090 588 4171 ἀναμέσον
604 4093 707 4166 Σαρη-
745 4083 861 4153 τακότα
874 4088 928 4165 τάς
947 4093 1099 4176 πτέρυγας
1117 4090 1218 4155 αὐτῶν
1234 4096 1285 4158 ἐπὶ
1297 4096 1351 4160 τὸν

100 4173 193 4241 δηθά.
220 4174 248 4213 ¹⁸
261 4173 312 4233 καί
323 4173 445 4253 ἐποίησε
457 4166 616 4250 Σαλωμῶν
629 4166 707 4232 πάν·
743 4168 838 4238 τόπον
851 4176 902 4257 τῆς
914 4178 1057 4260 κιβωτοῦ,
1085 4178 1135 4240 καὶ
1153 4175 1350 4244 συνεκάλυπτε

101 4280 141 4320 τα
153 4252 192 4319 τά
213 4251 301 4335 σκεύη
318 4254 418 4315 ταῦτα
436 4258 474 4327 είς
491 4250 611 4334 πλῆθος
629 4248 704 4334 σηό-
744 4257 783 4324 τά
797 4261 949 4345 Χερουβὶμ
963 4262 1013 4324 ἐπὶ
1024 4261 1079 4346 την
1088 4260 1224 4347 κιβωτὸν,
1238 4266 1287 4327 καὶ
1300 4265 1350 4328 έπί

99 4339 168 4422 δρα,
181 4333 228 4403 δ’τι
245 4330 301 4400 σῦκ
318 4333 448 4410 ίξελιπεν
465 4331 538 4417 ὁλκὴ
556 4340 614 4401 τοῦ
630 4338 704 4444 χαλ·
743 4338 812 4418 τούς
824 4339 983 4426 ἀνασορεῖς
996 4343 1088 4429 αύτῦης
1101 4340 1268 4423 ε’πάνωθεν,
1282 4349 1349 4412 9καί

100 4426 164 4489 κοῦ.
191 4422 220 4464 ¹⁹
233 4421 283 4486 καὶ
299 4421 422 4504 έποίησε
434 4417 593 4501 Σαλωμῶν
604 4448 704 4490 πάντα
743 4424 892 4512 ύπερεῖχσν
904 4431 935 4492 σί
944 4425 1175 4518 ἀνασορεῖςχκαὶ
1188 4432 1348 4518 ἐβλέποντο

99 4505 139 4574 τά
152 4501 237 4594 σκεύη
250 4506 333 4573 οἶκον
345 4512 457 4594 κυρίου,
479 4504 578 4573 καὶτὸ
591 4518 701 4576 θυσια·
743 4517 775 4579 αἱ
788 4510 914 4593 κεφαλαὶ
927 4517 988 4579 τῶν
1004 4514 1181 4601 ἀνασορέων
1194 4519 1226 4580 ἐκ
1239 4519 1298 4581 τῶν
1295 4509 1347 4659 ίρ’)

1275 4621 1294 4673 7'
1332 4617 1346 4652 ἵ
