2924 4972
140 245 203 311 458
314 241 810 307 ΠΑΡΛΛΕΙΠΟΜΕΝΩΝ
833 241 967 303 ΔΕΤΤ.
1011 241 1088 318 Κεφ.
1102 241 1151 300 κε’.
1164 240 1214 303 95.

140 365 305 424 θανοῦνται
315 354 444 463 πατε’ρες
454 356 531 458 6666
546 352 671 431 τέκνοιν,
696 357 748 456 κῳί
779 358 885 458 Σηείρ,
910 357 961 419 καί
978 357 1096 437 ἔστησεν
1114 352 1226 428 αὐτούς
1244 350 1331 438 αύτῷ
1350 361 1390 431 είς

140 445 200 507 υίοί
224 440 280 507 οῦκ
306 441 538 506 ἀποθανοῦνται
559 435 634 523 ῦπέρ
651 433 748 503 πατί-
778 435 881 546 θερῦς,
891 460 943 502 και
935 434 1138 502 ἐναντίον’
1103 441 1203 501 αυτῶν
1215 433 1391 521 προςεκύιει,

139 551 234 633 ρῳν,
228 523 325 590 ἀλλ’
308 553 325 610 η
340 530 464 598 ἕκαστος
478 527 515 610 τῇ
528 524 637 586 ἑαυτοῦ
649 517 745 624 ἀμαρ-
779 522 831 586 καί
844 520 937 596 αύτὸς
951 519 1054 595 αὐτοῖς
1067 523 1144 584 ἔθυε.
1170 521 1197 564 ¹⁵
1212 524 1261 585 καί
1274 525 1390 600 ἐγίνετο

138 615 190 704 τίῳ
216 606 455 709 ἀποθῳνοῦνται.
494 607 573 670 6καί
589 600 747 711 οῳνηγαγεν
780 604 836 690 ὀργ
873 610 977 688 κυρίου
995 605 1047 668 ἐπί
1060 602 1227 712 Ἀμασίαν,
1246 605 1296 668 καί
1311 603 1390 671 ἀπί-

138 673 315 794 Ἀμασίας
285 716 337 756 τον
349 689 433 756 οἷκον
442 686 555 767 Ἰούδα,
564 691 615 753 καί
624 684 746 791 ἀνέστη·
780 601 937 753 στειλεν
900 686 984 771 αύτῷ
998 684 1166 791 προφήτην,
1177 712 1228 752 και
1220 686 1367 752 εἶπεν
1331 717 1390 754 αν-

139 799 185 840 οεν
204 773 315 882 αύτούς
336 771 399 838 κατ’
422 773 527 880 οίιιοῳς
536 776 672 873 πατριῶν
690 770 746 835 αῦ-
779 776 833 855 τῷ.
847 777 879 836 τί
890 755 1032 855 ἐζήτησας
1043 770 1116 875 τοῦς
1128 770 1220 845 θεοὺς
1232 796 1287 836 του
1272 772 1389 920 λαοῦ,

138 862 199 923 τῶν
212 862 250 933 εἰς
265 854 431 966 χιλιάρχους
448 858 499 920 καί
512 850 747 956 ἑκατοντάρχους
779 862 811 920 66
827 852 883 919 οὐκ
895 852 1089 932 ἐξείλοντο
1058 878 1112 919 τον
1128 850 1236 919 λαὸνε
1221 859 1389 920 εαυτῶνέιι

138 943 274 1007 ἐνπαντί
290 938 400 1044 Ἰούδα
406 965 458 1004 και
450 934 673 1048 Ἰερουσαλήμ.
695 943 747 1003 καὶ
795 963 963 1040 ειροςσρυς
983 939 1011 980 ¹⁶
1025 939 1076 1001 καί
1095 941 1209 1016 ἐγένετο
1228 941 1260 1003 ἐν
1274 963 1317 1021 τῳ
1302 939 1388 1042 λῳ-

138 1022 299 1124 ἠρίθμησεν
309 1022 422 1132 αὐτούς
431 1021 494 1126 666
505 1026 687 1096 είκοοαετοῦς
696 1025 746 1087 καὶ
739 937 916 1122 6666a²
879 1026 963 1127 ῳυτῷ
975 1017 1052 1104 πρὸς
1064 1018 1167 1097 αὐτὸν,
1180 1047 1231 1085 και
1223 1005 1367 1087 είπεν’
1332 1049 1389 1085 αυ-

138 1104 254 1184 ἐπάνω,
282 1110 332 1173 καί
350 1099 431 1193 εῦρεν
450 1105 746 1215 αῦτούςτριακοσίας
778 1131 832 1189 τῳ.
850 1133 900 1209 μη
886 1088 1088 1212 σύμβουλον
1104 1130 1161 1170 του
1150 1105 1324 1208 βασιλέως
1338 1107 1387 1170 δέ-

136 1188 271 1295 χιλιάδας
296 1192 470 1292 ἐξελθεῖν’
446 1216 485 1265 εις
503 1188 631 1296 πόλεμον
655 1189 745 1255 δυνα-
777 1173 919 1267 δάιιάσες
933 1185 1051 1292 πρύςεχε
1068 1192 1117 1253 ’ίνα
1130 1185 1169 1292 μη
1181 1194 1386 1297 μαστιχοιθῆς.

137 1273 222 1350 τοὺς,
247 1279 430 1379 κρατρῦντας
435 1270 527 1377 δόρυ
551 1276 603 1338 καί
627 1269 744 1377 θυρεόν.
778 1299 830 1338 και
842 1297 1215 1376 εσιωπησενοπροφητης,
1235 1299 1286 1336 και
1280 1260 1386 1337 εἶπεν.

137 1360 209 1422 6ιιαί
221 1355 444 1460 ἐμισθώσατο’
427 1382 490 1422 απο
486 1356 652 1463 „6⁰9“6²²
637 1355 745 1422 εκατόν
777 1352 824 1421 ὅτι
837 1352 982 1435 γινιύοκοι,
996 1351 1043 1419 ὅτι
1057 1353 1195 1464 ἐβούλετο
1207 1357 1256 1419 ἐπί
1270 1359 1319 1422 σοὶ
1331 1361 1387 1421 τοῦ

136 1437 440 1565 χιλιάδαςδυνατοῦς’
431 1437 521 1545 ισχύϊ
518 1435 743 1505 εκατονταλάν-
776 1445 990 1543 καταφθεῖραί
992 1463 1035 1515 σε,
1060 1464 1106 1503 οτι
1124 1443 1266 1523 ἐποίησας
1282 1444 1386 1516 τοῦτο,

136 1550 197 1589 των
216 1523 367 1628 ἀογυρίου.
406 1525 484 1625 ⁷666
507 1521 671 1624 ἅνθρωπος
688 1527 743 1587 τοῦ
777 1526 827 1589 καί
851 1522 907 1589 οῦκ
934 1521 1110 1625 ἐπηκουσας
1128 1527 1180 1607 τῆς
1204 1523 1386 1626 συμβουλίας

136 1611 212 1671 θεον
224 1582 300 1709 ηλθε
312 1631 389 1708 προς
402 1602 511 1681 αὐτὸν,
526 1601 632 1710 λε’γῳν.
651 1609 743 1707 βασι·
777 1632 843 1671 ιιου.
884 1610 911 1649 ¹⁷
923 1633 974 1670 και
968 1601 1186 1713 ἐβουλεύσατο
1203 1603 1380 1711 Ἀμασίας“
1367 1634 1385 1671 6

137 1688 260 1763 λεῦ,’
227 1717 264 1755 ου
277 1686 453 1794 πορεύσεται
465 1688 539 1790 μετὰ
553 1714 610 1753 σου
596 1690 745 1793 δυνῳμις
796 1689 912 1766 ασιλεῦς
926 1687 1045 1791 Ἰούδα,
1071 1716 1122 1754 και
1114 1688 1291 1755 ἀπέστειλε
1308 1688 1385 1772 πρὸς

133 1769 308 1876 ’166666,‘'
289 1798 337 1837 οτι
350 1770 404 1837 οῦκ
418 1774 478 1837 ἐστι
479 1768 589 1880 κύριος
601 1771 674 1855 μετὰ
682 1770 742 1838 ’-Ισ
783 1772 861 1848 Ιοιάς
875 1773 938 1838 υίὸν
946 1768 1116 1858 Ἰοιιάχαζε
1087 1778 1154 1838 υιοῦ
1165 1771 1248 1881 '1666
1247 1775 1385 1876 βασιλέα

136 1857 220 1960 ραηλ
228 1880 351 1921 παντων
363 1880 423 1920 των
437 1859 509 1919 υίεῦν
517 1857 668 1958 Ἐφραίμ
670 1852 742 1920 8ὅτι
773 1857 911 1963 Ἰσραηλ,
938 1857 1040 1935 λέγων.
1066 1859 1164 1963 δεῦρο,
1177 1883 1229 1921 και
1241 1855 1384 1961 οφθωμεν

136 1937 190 2006 ἐάν
179 1935 359 2047 ῦπολάβης
375 1933 560 2050 κατισχῦσαι
568 1943 599 2003 ἐν
616 1935 743 2049 τούτοις,
775 1967 953 2045 προςωποις
991 1941 1082 2004 1⁸26
1105 1940 1275 2005 ἀπέστειλεν
1297 1939 1385 2018 Ἰωάς

136 2025 188 2089 καὶ
198 2029 388 2127 τροπῳηεταί
396 2048 426 2088 σε
437 2028 536 2127 κύριος
545 2026 675 2088 ἐναντίον
685 2028 744 2088 τῶν
737 2023 908 2174 βχιοιλεῦς
917 2021 1040 2109 Ἰσραὴλ
1052 2022 1128 2127 πρὸς
1143 2022 1285 2128 Ἀμαρίαν
1297 2029 1384 2132 βασι-

137 2101 314 2217 ἐχθρῶν,“
295 2131 342 2170 οτι
367 2109 429 2172 ἐστὶ
454 2105 539 2189 παρὰ
564 2111 668 2192 κυρίου
693 2109 744 2171 καί
839 2104 952 2183 Ιούδα,
976 2106 1119 2185 λέγων.
1106 2105 1384 2214 οάκχοῦχῦέντῷ

134 2187 253 2294 ἰσχύσαι
266 2216 316 2255 και
309 2185 569 2294 τροπωοασθαι
574 2191 654 2255 2και
666 2189 744 2255 εἶπεν
774 2189 899 2294 Λιβάνῳ
926 2189 1078 2257 ἀπέστειλε
1103 2220 1127 2256 π
1147 2218 1180 2267 ος
1203 2216 1240 2276 τη
1243 2218 1258 2258 ν
1280 2176 1385 2297 κέδρρν

134 2271 333 2377 Ἀμασίαςτῳ
334 2270 510 2380 ανθρῳπῳ
514 2277 666 2375 τουθεῳῦ.
692 2276 744 2338 καὶ
775 2273 829 2359 την
854 2279 886 2340 ἐν
902 2299 946 2358 τῳ
934 2272 1124 2374 Λιβάνῳ,
1127 2190 1240 2353 666²
1261 2274 1361 2351 δὸς’
1329 2300 1384 2360 την

135 2363 167 2422 τί
157 2353 294 2461 ποιηηω
306 2355 347 2422 τά
357 2354 465 2421 ἑκατὸν
474 2349 635 2464 1666616²
616 2380 636 2416 α
646 2357 743 2461 ὲδῳκα
775 2339 936 2466 θυγατέρα
945 2384 1000 2423 σου
1009 2384 1054 2443 τῳ
1069 2362 1124 2442 υίῳ
1133 2385 1192 2443 μου
1201 2364 1239 2434 εἰς
1248 2373 1382 2437 γυναῖκα,

135 2465 173 2533 τη
157 2437 310 2525 δυνάμει
324 2435 465 2547 Ἰσραήλ,Ι
491 2467 542 2504 και
534 2436 703 2505 “’ἐίπεν
656 2466 674 2504 ο
689 2439 743 2504 άν-
775 2469 826 2506 και
818 2440 901 2507 ιδου
912 2426 1101 2507 λευσεται
1068 2467 1107 2507 τα
1117 2448 1211 2555 θηοια
1220 2468 1275 2508 του
1287 2442 1383 2547 ἀγροῦ

134 2535 262 2610 θρωπος
273 2550 330 2589 του
315 2527 451 2590 θεου
439 2550 501 2590 εστι
513 2550 557 2588 τω
570 2549 662 2606 κυριω
671 2525 743 2587 δου
774 2524 813 2589 τά
827 2528 915 2609 ἐντῳ
900 2522 1065 2633 Λιβάνῳ.
1092 2554 1142 2591 και
1134 2506 1304 2630 ’ἦλθον
1272 2552 1310 2591 τα
1322 2539 1382 2630 θη

135 2613 186 2673 ναί
197 2634 245 2673 σοι
257 2609 383 2673 πλειστα
395 2632 520 2673 τουτων
539 2609 568 2650 ¹⁰
579 2632 630 2671 και
623 2601 743 2691 διεχῳ
775 2615 841 2690 ρία,
873 2611 924 2674 καί
949 2609 1179 2713 κῳτεπάτησαν
1183 2608 1237 2676 τὸν
1263 2608 1382 2696 ἀκχούχ.

135 2716 211 2796 ρισεν
225 2690 397 2794 Ἀμασίας
379 2716 416 2782 τη
403 2689 544 2793 δυνάμει
558 2717 618 2792 τη
580 2691 743 2781 ἐλθούση
774 2692 913 2803 12εἶπας,
922 2692 988 2758 ἰδοῦ
1001 2693 1179 2769 ἐπάταξα
1149 2718 1202 2776 την
1211 2691 1384 2794 Ἰδουμαίαν

134 2774 217 2876 πρὸς
232 2797 324 2837 αυτον
341 2775 403 2836 απὸ
426 2772 571 2877 Ἐφραίμ,
601 2760 742 2837 ἀπελθεῖν
775 2803 827 2841 και
839 2783 953 2859 επαιρει
971 2802 1003 2841 σε
1017 2804 1034 2860 η
1021 2773 1157 2881 ‘6666'oe
1170 2802 1224 2841 666
1238 2805 1255 2860 η
1243 2773 1382 2883 εβαρεῖα,

135 2861 174 2931 εἰς
187 2854 240 2919 τὸν
252 2879 349 2920 τοπον
359 2879 465 2918 αυτιον
479 2881 528 2919 και
523 2852 743 2959 ἐθυμωθησαν
775 2864 825 2924 νῦν
847 2860 976 2924 κάθισον
1000 2861 1082 2921 6*
1048 2884 1120 2941 οικῳ
1139 2883 1209 2966 666,
1235 2862 1286 2923 καί
1304 2866 1383 2965 6616

136 2936 286 3042 666666'
271 2964 322 3040 εητι
314 2935 468 3013 Ἰούδαν,
493 2943 544 3004 καὶ
546 2936 743 3042 ἐπέστρεψαν
771 2938 967 3046 σνμβάλλεις
966 2944 996 3004 ἐν
1009 2947 1108 3022 κακίᾳ,
1127 2942 1178 3003 καί
1171 2948 1278 3048 πεσῇ
1280 2943 1318 3007 66
1331 2949 1383 3009 καὶ

135 3023 221 3096 εές
191 3047 244 3086 τον
263 3017 357 3085 τόπον
375 3019 474 3085 αῦτιῦν
493 3020 555 3086 ἐν’
540 3048 614 3129 οργη
602 3027 740 3107 θυμοῦ.
771 3024 888 3098 Ἰουδας
899 3022 973 3124 μετὰ
987 3026 1062 3098 666,·
1085 3011 1116 3064 22
1126 3026 1178 3086 καί
1189 3022 1244 3086 οῦκ
1257 3023 1382 3106 ἤκουσεν

135 3102 368 3205 ¹²““6²‘¹!¹⁰{⁰‘'“⁹
370 3111 532 3205 κατίσχυσε
545 3132 596 3170 και
589 3096 741 3216 “’πῳρελα-
769 3100 953 3203 Ἀμασίας,“
934 3129 980 3167 οτι
993 3129 1079 3207 παρα
1067 3101 1190 3211 κυρίου
1200 3107 1312 3180 ἐγένετο
1323 3113 1381 3171 τοῦ

133 3184 211 3291 βε
180 3211 233 3251 τον
249 3184 378 3252 666r²
342 3192 452 3262 αυτοῦ,
477 3213 528 3253 και
522 3186 727 3297 ἐπορεύβη’
703 3217 742 3265 εις
772 3183 1007 3294 πμραδοῦνῳ’
972 3184 1065 3252 αυτὸν
1078 3190 1117 3261 είς
1128 3196 1234 3289 χεῖρας,
1257 3183 1303 3249 ὅτι
1317 3189 1378 3262 ἐξε-

134 3272 188 3355 την
201 3266 326 3336 κοιλάδα
341 3296 403 3336 των
415 3269 509 3350 αλινν
533 3301 584 3337 και
576 3273 741 3350 ἐπάταξεν
774 3269 877 3381 ξητησε
901 3269 972 3346 τοὺς
986 3269 1086 3376 θεοὺς
1110 3273 1170 3333 ufir
1192 3267 1377 3373 Ἰδῳυμαίῳν.

135 3365 196 3420 εκει
206 3380 276 3431 τους
289 3381 371 3431 υιους
382 3356 487 3460 Σηειο
510 3352 583 3421 δίκα
601 3358 741 3466 χιλιάδας
773 3362 801 3401 ²¹
814 3385 865 3424 και
857 3353 971 3442 ἀνέβη
986 3352 1075 3428 Ἰῳάς
1093 3351 1233 3456 βασιλεὺς
1246 3349 1379 3462 Ἰσρριηλ,

135 3441 218 3504 12καί
231 3435 303 3504 δίκα
314 3435 446 3549 χιλιάδας
460 3435 667 3545 66766666‘
637 3467 667 3505 οι
683 3442 743 3504 6666
775 3469 825 3506 και
818 3438 987 3550 ῳίφθησαν
1005 3433 1196 3540 άλληλοις’
1161 3434 1254 3511 αυτὸς
1267 3462 1318 3501 και
1309 3436 1381 3501 ‘A-

132 3519 249 3626 Ἰούδα,
285 3526 336 3589 καί
365 3527 469 3624 ἐφερον
497 3522 606 3629 ῳύτούς
631 3522 737 3586 ἐπὶ
706 3549 742 3587 το
774 3531 885 3629 μασιας
893 3521 1030 3627 βασιλευς
1038 3516 1166 3586 Ἰοῦδαέ
1152 3519 1383 3623 ἐνΒαιθσαμῦς,

136 3603 228 3708 ἀκρον
240 3611 295 3708 τοῦ
310 3612 450 3710 κρημνοῦ,
463 3634 514 3671 και
506 3602 795 3689 κατειιοημνιζον
772 3637 794 3711 η
808 3633 868 3672 εστι
888 3611 943 3671 τοῦ
957 3601 1070 3709 Ἰούδην.
1110 3607 1139 3646 22
1152 3605 1204 3669 καὶ
1221 3600 1383 3712 ἐτροπάθη

136 3686 248 3760 αύτούς
264 3686 327 3753 ἀπὸ
345 3694 400 3753 τοῦ
419 3688 511 3773 ἀκρου
527 3695 584 3755 τοῦ
602 3693 742 3798 κρημνοῦ,
772 3686 889 3797 Ἰούδας
902 3688 982 3753 κατά
996 3685 1158 3796 πρόςωπον
1172 3685 1315 3791 Ἰσραὴλ,
1334 3690 1385 3752 καί

136 3771 188 3869 καί
204 3765 312 3843 πάντες
328 3751 537 3875 66666776710.
575 3774 667 3837 13καὶ
685 3775 743 3838 6666
776 3777 880 3853 ἐφυγεν
894 3777 1017 3846 ἕκαστος
1029 3776 1068 3846 είς
1079 3768 1115 3835 τὸ
1126 3766 1282 3874 σκήνωμα
1278 3769 1383 3836 αῦτοῦ

137 3854 190 3936 τῆς
206 3845 354 3955 δυνάμεῳς
370 3879 422 3929 ους
447 3852 633 3958 ἀπίοτρεφῳ
651 3853 742 3957 Ἀμα-
777 3852 904 3921 23καί“
873 3880 926 3920 τον
923 3854 1213 3964 Ἀμασίανβαῳιλεα
1219 3850 1385 3919 Ἰούδατὸν

139 3941 206 4008 σίας
229 3937 287 3997 τοῦ
301 3932 343 4019 μη
362 3942 549 4043 πορευθῆναι
589 3937 625 4002 ετ’
649 3936 744 4038 αὐτοῦ
777 3943 832 4003 τοῦ
861 3935 950 4014 Ἰωάς
979 3942 1047 4003 υἱοῦ
1076 3933 1202 4043 Ἰῳάχαζ
1226 3938 1386 4042 κατέλαβεν

138 4042 151 4080 ε
152 4011 377 4122 ίςπόλεμον,
340 4044 391 4083 και
384 4020 545 4083 ἐπέθεντο
558 3966 653 4083 6²6
620 4019 674 4095 τάς
687 4015 746 4083 πά-
775 4019 862 4128 Ἰῳάς
865 4021 1008 4130 βῳσιλεῦς
1017 4017 1167 4131 Ἰσραηλ’
1152 4045 1183 4086 ιν
1180 4019 1386 4124 Βαιθσαμβς,

139 4099 196 4176 λεις
204 4097 336 4164 ”Ιουδα
318 4098 746 4205 απὸΣαμαρείαςίλοςΒαιθ-
778 4105 830 4169 καί
851 4100 996 4210 είςηχαγεν
1012 4100 1104 4167 αὐτὸν
1121 4109 1160 4179 εἷς
1173 4100 1386 4214 Ἰερρυσαλίημ,

139 4177 235 4248 ωοούν.
265 4208 317 4246 και
309 4179 486 4258 ἐπάταξαν
503 4182 587 4248 ἐν’
551 4197 653 4259 αυτοῖς
669 4195 745 4269 τρεῖς
778 4189 829 4252 καί
846 4192 1031 4289 κατέσπασεν
1049 4181 1113 4251 ἀπὸ
1130 4192 1188 4252 τοῦ
1204 4193 1317 4295 τείχους
1329 4185 1388 4250 Ἰε-

138 4246 306 4414 666²²²²²²²²²
304 4290 355 4331 και
347 4262 548 4370 ἐσκύλευσαν
560 4267 658 4370 ῳκῦλα
669 4268 745 4334 πολ
778 4269 962 4418 ρουοαλλημ’
944 4266 1131 4353 απὸπύλης’
1129 4272 1283 4369 1666666'
1264 4264 1388 4346 εωςπῦ-

215 4348 243 4392 ¹⁴
256 4375 307 4416 και
299 4350 434 4427 ἐγένετο
446 4346 521 4453 μετά
534 4374 571 4414 το
560 4347 684 4415 ἐλθεῖν
695 4349 746 4417 'A-
798 4379 830 4454 ης
841 4378 950 4433 γωνιας
957 4360 1169 4459 τετρακοσίους
1178 4380 1284 4457 πηχεις.
1298 4353 1330 4397 ²⁴
1336 4379 1388 4418 και

138 4437 249 4541 μαρίαε
272 4430 465 4511 πατάξαντος
488 4429 543 4540 την
565 4430 745 4544 Ἰδοῳμαίμν,
777 4442 839 4503 πᾶν
854 4435 892 4501 τὸ
918 4443 1080 4543 χρυσίῳν
1054 4437 1106 4499 καὶ
1120 4436 1157 4502 τὸ
1176 4436 1197 4503 ἀ
1215 4433 1320 4523 γύριον
1336 4437 1389 4502 καί

139 4543 297 4607 καιηνεγιιε
306 4544 384 4607 προς
393 4541 484 4583 αυτον
494 4543 565 4596 τους
573 4515 705 4596 θεους
675 4542 747 4586 υιοιν
778 4544 881 4587 ποντα
892 4544 933 4585 τοι
945 4543 1033 4604 οκενη
1045 4513 1086 4583 τά
1100 4518 1188 4607 εῦρεθ
1238 4521 1388 4602 αένοῖκῳ

1283 4585 1389 4684 κυρίου
