2924 4972
461 253 664 318 mon?
703 246 920 332 κεφοῖιῖυ.
936 256 983 320 10.
1275 253 1341 322 549

100 351 303 434 ἀπ-ολῶλότων
320 371 350 432 ἐν
361 362 496 442 Σούσοις.
522 368 549 407 ¹²
563 364 624 431 εἷπε
642 362 705 430 δὲό
733 362 826 447 Ἀμάν
838 363 1015 469 Ἀραδάθου
1034 362 1217 433 ύΜακεδῶν
1234 369 1343 433 ἐπολέ-

97 449 232 559 βασιλεύς
250 447 326 534 πρὸς
345 444 470 535 Ἐσθήρ.
497 445 656 514 ἀπώλεσαν
675 451 707 515 οί
737 473 782 531 μει
795 445 1028 527 αύτους,καθῶς
1040 452 1129 515 ἔθετο
1141 446 1282 535 ψήφισμα
1291 453 1345 517 καί

104 536 237 600 Ιουδαῖοι
256 529 427 606 ἐνΣούσοις
445 538 483 624 τῇ
496 528 581 597 πόλει
598 530 707 616 ἀνδρας
738 532 848 678 κλήρου
870 529 1013 613 ἀφανίσαι
1035 531 1161 609 αύτούς,
1191 535 1284 599 22καί
1301 530 1343 612 ῶς

98 624 319 693 πεντακοσίους,
341 619 372 680 ἐν
383 613 463 719 δὲρῆ
476 611 629 700 περιχώρῳ
641 618 707 691 πῶς
738 618 796 697 εἲςῗχ
815 623 853 678 θε
867 611 944 700 πρός
959 613 1151 703 τὸνβασιλέα
1164 616 1259 694 λέγων
1274 642 1344 703 κρε-

100 703 154 766 οίει
167 696 328 788 ἐχρήσαντο
332 729 345 778 ,·
369 703 401 764 τί
412 723 466 763 ουν
479 696 571 774 ἀξιοῖς
584 702 638 773 ἔτι,
655 699 707 762 καί
736 695 830 779 μα’σαι
848 695 903 762 τὸν
915 698 1119 784 Μαρδοχαῖον.
1145 695 1205 765 ὅσα
1222 696 1254 763 δέ
1272 701 1341 766 ἐττε-

100 789 183 850 ἐ’σται
198 810 244 849 σοι
246 813 260 863 ,·
278 785 305 826 ¹³
316 784 367 848 καί
379 779 579 865 εἷπενἘσθήρ
593 785 637 864 τῷ
648 783 705 867 βα·
736 786 867 866 χείρησεν
892 775 998 856 ἐντάξαι
1019 784 1069 847 ἐπί
1085 781 1157 860 τούς
1177 780 1343 859 Ἰουδαίους

101 867 184 932 σιλεῖ.
198 862 321 949 δοθήτιυ
334 862 563 941 τοῖςἸουδαίοις
574 868 706 949 χρῆσθαι
737 864 829 937 κακά,
855 860 900 928 ἐπ’
921 861 1174 942 αύτόνέγένοκτο,
1199 869 1343 953 καίὲκρε-

101 947 242 1027 ὡςαύτως
258 950 312 1034 τήν
325 948 443 1032 αύριον,
469 944 539 1023 ῶςτε
552 947 622 1021 τούς
634 947 707 1010 δέκα
736 941 840 1029 μάσθη
864 942 972 1022 αὐτὸς,
997 948 1048 1011 καί
1072 946 1112 1011 τά
1133 952 1220 1014 τέκνα
1237 948 1341 1017 αὐτοῦ.

102 1032 184 1109 υίούς
196 1031 291 1116 Ἀμάν
302 1027 453 1116 κρεμάσαι.
480 1031 708 1114 1*καὶέπέτρε-
738 1032 768 1074 ²⁰
780 1026 829 1093 διά
853 1034 944 1096 τοῦτο
963 1024 1169 1131 ίιτεκλήθησαν
1185 1030 1254 1116 αίή

103 1136 159 1196 ψεν
172 1112 269 1190 ούτως
280 1117 430 1193 γενέσθαι,
447 1115 498 1178 καί
512 1116 632 1196 ἐξέθηκε
642 1121 708 1186 τοῖς
738 1103 828 1177 αύται
844 1114 983 1198 Φρουραί
993 1109 1044 1177 διά
1054 1136 1127 1185 τους
1138 1108 1273 1198 κλήρους,
1315 1140 1345 1180 τι

100 1195 257 1272 Ἰουδαίοις
268 1201 320 1279 τής
332 1196 448 1272 πόλεως
459 1193 499 1259 τά
510 1191 635 1279 στόματα
648 1199 708 1259 τῶν
737 1199 776 1289 τῇ
794 1194 939 1277 διαλέκτῳ
952 1192 1054 1260 αύτῶν
1066 1193 1228 1261 καλοῦνται
1243 1200 1344 1280 Φρου-

104 1282 176 1344 υίῶν
186 1277 279 1347 Ἀυάν
291 1274 440 1360 κρεμάσαι.
456 1278 484 1320 ¹⁵
495 1279 546 1342 καί
559 1274 708 1363 συνήχθη·
739 1280 804 1364 ραί,
830 1274 880 1344 διά
897 1275 968 1353 τούς
984 1273 1094 1355 λόγους
1111 1281 1164 1360 τῆς
1185 1277 1344 1363 ἐπιστολῆς

104 1355 546 1445 σανοῐῚουδαῖοιίνΣούσοιςτῇ
558 1386 707 1445 τεσσαρες·
738 1357 864 1446 ταύτης,
889 1363 941 1426 καί
953 1356 1013 1426 ὅσα
1024 1355 1195 1425 πεπόνθασι
1208 1355 1258 1426 δνά
1270 1364 1345 1427 ταῦ-

103 1445 260 1536 καιδεκάτη
273 1449 327 1510 τοῦ
335 1442 444 1529 Ἀδάρ,
469 1445 522 1507 καί
534 1443 709 1509 ἀπέκτειναν
739 1469 793 1520 τα,
817 1445 869 1508 καί
893 1441 953 1510 ὅσα
977 1441 1080 1518 αὐτοῖς
1098 1446 1227 1521 ἐγένετο,
1252 1444 1346 1510 ”mi

104 1528 213 1612 ἀνδρας
231 1534 431 1610 τριακοσίους,
455 1528 506 1591 καί
522 1525 609 1593 οὐδὲν
626 1525 707 1613 διήρ-
740 1531 868 1612 ἔστησεν.
882 1527 933 1593 καί
942 1527 1151 1613 προςεδίχοντο
1162 1531 1193 1591 οῖ
1202 1524 1346 1593 Ἰουδαῖοι

103 1635 214 1675 πασαν.
237 1613 266 1654 ¹⁶
280 1615 310 1674 οί
322 1608 353 1675 δὲ
366 1609 467 1676 λοιποί
478 1613 539 1676 τῶν
553 1609 710 1676 Ἰουδαίων
740 1607 783 1692 ἐφ’
800 1612 919 1686 ἑαυτοῖς
937 1614 987 1676 καί
1004 1612 1054 1675 ἐπί
1071 1614 1116 1694 τῷ
1128 1613 1274 1695 σπέρματι
1287 1608 1345 1677 αύ-

105 1699 135 1758 οῖ
161 1697 193 1758 ἐν
217 1698 256 1778 τῇ
280 1693 414 1780 βασιλείᾳ
432 1687 635 1776 συνήχθησαν,
658 1696 709 1758 καί
739 1697 800 1757 τῶν
815 1694 867 1758 καί
884 1694 1010 1768 ἐπίτοῖς
1026 1696 1279 1777 προςτεθεεμίνοις
1296 1691 1342 1759 ἐπ’

104 1780 221 1852 ἑαυτοῖς
247 1772 407 1862 ἐβοήθουν,
432 1779 484 1841 καί
505 1771 708 1841 ἀνεπαύσαντο
739 1773 854 1854 αύτῶν,
865 1774 935 1842 οάδύ
945 1773 1002 1860 μήν
1014 1773 1111 1851 ἀλλως
1122 1773 1287 1862 χρήσονται.
1311 1781 1346 1843 αί

103 1858 167 1923 ἀπὸ
180 1865 240 1924 τῶν
252 1860 406 1942 πολεμίων.
420 1856 577 1926 ἀπώλεσαν
583 1856 642 1944 γάρ
653 1859 709 1924 αύ-
738 1858 772 1924 δὲ
784 1855 888 1945 ήμίραι
901 1850 991 1925 αύται
996 1855 1182 1962 μνημόσυνον
1191 1857 1344 1926 ἐπιτελού-

103 1947 164 2006 τῶν
178 1949 302 2027 μυρίους
319 1945 567 2028 πεντακιςχιλίους
581 1948 619 2037 τῇ
630 1968 708 2028 τρις-
737 1967 823 2025 μενον
837 1942 915 2008 κατὰ
927 1967 1025 2021 γενεακ
1037 1944 1088 2007 καί
1099 1943 1208 2021 γενεάν,
1222 1945 1274 2010 καί
1284 1940 1344 2008 πό-

104 2026 262 2107 καιδεκάτη
274 2031 330 2091 τοῦ
342 2023 445 2112 Ἀδάρ,
462 2029 513 2092 καὶ
527 2025 613 2092 οὐδὲν
625 2026 707 2111 διήρ-
739 2026 793 2103 λιν,
808 2028 859 2090 καί
870 2025 1011 2112 πατριὰν,
1024 2027 1076 2089 καί
1087 2022 1196 2112 χῶραν.
1221 2029 1253 2071 22
1267 2030 1299 2092 αἶ
1311 2025 1345 2091 δύ

104 2132 211 2173 πασαν.
229 2100 255 2152 ¹¹
269 2111 320 2174 καὶ
333 2105 538 2174 ἀνεπαύσαντο
551 2114 589 2200 τῇ
602 2134 708 2174 τεσσα-
738 2106 844 2193 ήμέραι
857 2101 947 2174 αύται
963 2114 1024 2173 τῶν
1037 2112 1175 2195 Φρουραί
1192 2106 1344 2216 ἀχθήοον-

105 2187 307 2273 ρεςκαιδεκάτη
331 2196 386 2257 τοῦ
408 2190 504 2256 αὐτοῦ
525 2191 633 2275 μηνὸς,
658 2195 710 2255 καί
739 2216 788 2255 ται
800 2197 839 2267 είς
848 2191 900 2255 τόν
909 2188 1029 2256 ἀπαντα
1040 2188 1155 2275 χρόνον,
1168 2219 1220 2257 και
1228 2192 1264 2258 τὸ
1271 2216 1344 2276 μνη-

106 2276 179 2361 ἦγον
190 2262 414 2358 αύτήν’ήμε’ραν
430 2271 625 2348 ἀναπαύσεως
631 2271 709 2376 μετά
739 2270 869 2355 μόσυνον
888 2271 988 2337 αὐτῶν
1005 2271 1041 2336 ού
1057 2274 1098 2356 μή
1116 2274 1219 2366 ἐκλίπῃ
1237 2279 1268 2339 ἐκ
1285 2280 1345 2339 τῶν

123 2362 197 2439 αρᾶς
215 2360 266 2420 καί
285 2352 472 2438 εὐφροσύνης.
496 2353 615 2419 18οἶδὲ
639 2362 706 2419 Ιου-
740 2359 851 2432 γενεῶν.
877 2357 908 2397 22
920 2356 972 2419 καί
989 2353 1244 2462 ἐγραψενἘσθήρ
1256 2352 1275 2440 ή
1287 2361 1342 2441 βα·

105 2385 184 2504 δαῖοι
193 2440 223 2500 ἐν
232 2435 363 2511 Σούσοις
375 2442 411 2501 τί
424 2434 509 2502 πόλει
524 2431 711 2540 συνήχθησαν
742 2433 985 2518 σίλισσαθυγάτη
1013 2435 1345 2521 Ἀμιναδάβ,καιΜαρ-

106 2524 157 2586 καὶ
166 2523 203 2603 τῆ
212 2467 512 2613 τεσσαρεςκαιδεκάτη,
521 2521 571 2583 καὶ
580 2514 708 2583 ανεπαύ-
741 2520 861 2622 δοχαῖος
887 2515 905 2583 ὁ
925 2462 1084 2593 Ἰουδαῖος,
1109 2515 1166 2585 ὅσα
1189 2522 1344 2602 ἐποίησαν,

108 2591 207 2667 σαντό.
234 2591 307 2685 ήγον
318 2601 350 2667 δὲ
363 2605 414 2666 καί
426 2601 480 2684 τήν
493 2596 710 2667 πεντεκαιδεκά-
741 2629 794 2677 το,
820 2626 851 2665 τε
873 2605 1024 2684 στερέωμα
1041 2603 1093 2684 τής
1111 2601 1267 2685 ἐπιπολῆς
1284 2607 1345 2667 τῶν

106 2711 160 2768 την
171 2684 245 2767 μετὰ
257 2690 350 2770 χαρᾶς
363 2688 414 2750 καί
425 2681 614 2772 εὐφροσύνης.
627 2684 710 2750 12διά
741 2690 887 2770 Φρουραί.
911 2686 942 2727 ³⁰
954 2687 1005 2748 καὶ
1018 2685 1217 2769 Μαρδοχαῖος
1229 2687 1280 2748 καί
1292 2683 1345 2749 ’E-

105 2772 196 2834 τοῡτο
211 2757 264 2832 ούν
281 2772 312 2833 οἱ
327 2767 470 2834 Ἰουδαῖοι
489 2774 520 2834 οί
533 2769 711 2853 διεσπαρμέ-
741 2764 822 2852 σθήρ
847 2764 866 2852 ή
890 2766 1048 2855 βασιλισοα
1077 2770 1201 2851 ἔστησαν
1226 2770 1345 2844 ἑαυτοῖς

106 2879 151 2917 νοι
165 2855 195 2916 ἐν
207 2848 291 2944 πόση
307 2849 391 2936 χώρᾳ
405 2855 444 2935 τή
463 2855 523 2930 ἔξω
539 2851 646 2929 ἀγουσι
658 2847 711 2934 τήν
741 2851 810 2916 καθ’
819 2853 942 2926 ἑαυτῶν,
955 2852 1005 2914 καί
1015 2845 1083 2914 τότε
1097 2848 1255 2935 στήσαντες
1267 2852 1345 2917 κατά

104 2931 411 3019 τεσσαρεςκαιδεκάτην
423 2924 480 2999 ’τοῦ
492 2933 583 3042 Ἀδάρ
600 2932 711 3021 ήμέραν
740 2937 792 3015 τής
805 2931 914 3014 ὑγιείας
924 2936 1038 2998 ἑαυτῶν
1048 2935 1099 2998 καὶ
1107 2933 1161 3017 τήν
1168 2935 1279 3021 βουλήν
1288 2933 1345 3001 αύ-

105 3016 226 3103 ἀγαθήν
249 3017 307 3102 μετ’
333 3014 527 3103 εὐφροσύνης,
561 3017 709 3084 αποστελ-
740 3021 806 3083 τῶν.
839 3019 865 3060 ³¹
879 3014 1058 3124 καίἘσθήρ
1076 3013 1158 3102 λόγῳ
1172 3022 1293 3102 ε”στησεν
1306 3022 1346 3094 είς

106 3102 203 3177 λοντες
226 3103 346 3188 μερίδας
371 3106 494 3179 ἕκαστος
511 3107 556 3188 τῷ
574 3103 708 3186 πλησίον.
740 3098 792 3166 τόν
805 3105 909 3178 αἰῶνα,
920 3101 971 3167 καί
980 3104 1095 3189 ἐγραφη
1107 3106 1146 3178 είς
1152 3098 1343 3188 μνημόσυνον.

106 3274 304 3374 τουτουςεῖςβι
325 3270 399 3345 λίον,
404 3271 455 3333 καί
460 3269 641 3345 ε’ξαπεστειλε
646 3279 710 3344 τοῖς
925 3267 939 3330 ὲ
951 3264 968 3331 ό
981 3267 1117 3353 βασιλεύς
1129 3271 1180 3337 ἐπὶ
1192 3267 1246 3353 τήν
1252 3273 1345 3372 βασι-

102 3349 270 3428 Ἰουδαίοις,
277 3348 341 3416 όσοι
351 3341 426 3434 ἦσαν
435 3355 466 3416 ἐν
475 3350 709 3437 τήἈρταξίρξου
741 3351 820 3419 λείαν
845 3355 898 3435 τῆς
922 3374 953 3414 τε
970 3355 1023 3433 γής
1039 3354 1091 3415 καί
1107 3354 1161 3434 τῆς
1176 3352 1343 3433 θαλασσης,

104 3436 239 3519 βασιλείᾳ
257 3446 319 3509 τοῖς
336 3431 420 3512 ἐγγύς
437 3423 569 3509 καίτοῖς
584 3431 709 3536 μακράν,
741 3435 819 3505 2καί
839 3433 894 3498 τ’ν
913 3431 995 3533 ἰσχύν
1012 3432 1110 3501 αύτού
1127 3435 1178 3496 καί
1195 3431 1344 3512 ἀνδραγα-

104 3520 132 3557 22
146 3521 252 3600 στήσαι
269 3514 323 3590 τάς
337 3513 445 3600 ἡμέρας
456 3513 568 3593 ταύτας
579 3512 709 3597 αγαθάς,
741 3521 823 3589 θίαν,
840 3461 974 3578 πλοῦτον
985 3539 1016 3578 τε
1028 3516 1080 3578 καί
1091 3510 1181 3590 δόξαν
1194 3519 1246 3597 τής
1256 3519 1344 3599 βασι-

30 3604 34 3610 ’
105 3597 186 3677 ἀγειν
211 3623 243 3663 τε
265 3596 319 3681 τήν
335 3595 644 3682 τεσσαρεςκαιδεκάτην
660 3602 711 3667 καί
742 3597 819 3671 λείας
828 3594 935 3660 αύτού.
950 3593 1015 3661 ἰδού
1024 3600 1190 3681 γέγραπται
1201 3597 1343 3683 ε’νβιβλίῳ

103 3681 159 3786 τήν
170 3677 424 3764 πεντεκαιδεκάτην
440 3685 495 3746 τοῦ
509 3678 610 3767 Ἀδάρ.
636 3682 666 3722 22
679 3683 710 3745 ἐν
741 3679 888 3765 βασιλέων
909 3683 1049 3762 Περσῶν,
1074 3681 1125 3746 καί
1148 3675 1280 3759 Μήδων,
1305 3685 1344 3757 είς

103 3791 163 3872 γαρ
172 3763 295 3842 ταύταις
303 3776 368 3840 ταῖς
377 3759 710 3849 ήμέραιςάνεπαύσαπο
740 3758 930 3846 μνημόσυνον.
945 3759 985 3826 ³5
998 3761 1032 3831 δὲ
1041 3770 1101 3828 Μα
1121 3762 1240 3847 δοχαίος
1252 3765 1344 3830 διεδέ-

104 3853 135 3913 οί
161 3852 292 3916 Ιουδαῖοι
309 3847 372 3914 ἀπὸ
390 3852 451 3912 τῶν
467 3851 585 3932 ἐχθρῶν
602 3845 708 3916 αύτῶν.
739 3870 805 3930 χετο
817 3843 870 3910 τόν
880 3846 1006 3932 βασιλέα
1015 3789 1172 3930 Ἀρταλίρξ
1191 3872 1216 3920 ν,
1229 3849 1280 3912 καί
1291 3849 1343 3930 με’-

104 3934 156 3996 καί
170 3932 224 3999 τόν
235 3938 327 4016 μήνα,
353 3934 384 3997 ἐν
400 3924 425 4016 ᾧ
445 3932 580 4016 ἐστράφη
597 3928 709 4008 αὐτοῖς,
738 3955 794 4007 γας
807 3919 843 4014 ήν
856 3933 887 3993 ἐν
899 3934 936 4022 τῇ
948 3929 1097 4038 βασιλείᾳ,
1110 3934 1161 3995 καὶ
1172 3873 1344 4032 δεδοξασμέ.

104 4011 139 4091 ὃς
151 4005 188 4101 ἦν
200 4015 307 4099 Ἀδάρ,
333 4013 395 4081 ἀπό
408 4018 540 4090 πένθους
552 4019 590 4090 εἰς
603 4013 708 4101 χαράν,
740 4038 787 4090 νος
800 4010 860 4078 ἀπὸ
873 4018 934 4078 τῶν
958 4014 1114 4082 Ιουδαίων.
1142 4016 1193 4078 καί
1206 4015 1343 4100 φιλουμε-

104 4101 154 4163 καί
181 4099 255 4166 ἀπὸ,
269 4095 377 4184 ὀδύνης
393 4103 432 4174 είς
448 4096 569 4182 ἀγαθήν
587 4095 708 4184 ήμέραν,
740 4124 803 4174 νος,
828 4098 953 4200 διηγεῖτο
978 4092 1033 4176 τήν
1049 4092 1170 4181 ἀγωγήν
1188 4098 1280 4163 παντί
1298 4102 1343 4180 τῷ

104 4181 186 4260 ἀγειν
200 4180 270 4249 όλον
285 4179 406 4263 ἀγαθός
420 4181 529 4266 ἡμέρας
540 4179 644 4264 γάμων
657 4185 708 4246 καί
739 4185 816 4247 ἔθνει
842 4186 945 4248 αυτοῦ.
983 4181 1034 4245 καί
1058 4178 1119 4244 εἷπε
1136 4182 1342 4264 Μαρδοχαῖος.

104 4263 298 4352 εὐφροσύνης,
318 4265 578 4343 ἐξαποστείλαντες
589 4267 708 4391 μερίδας
737 4264 822 4347 παρά
841 4268 897 4329 τοῦ
913 4267 989 4330 θεοῦ
1001 4265 1113 4342 ἐγένετο
1127 4269 1230 4328 ταῦτα.
1257 4260 1343 4347 ἐμνή-

105 4359 167 4424 τοῖς
193 4351 289 4429 φίλοις
307 4354 357 4415 καί
374 4360 436 4424 τοῖς
451 4361 589 4434 πτωχοῖς.
700 4350 706 4372 “
862 4345 868 4365 ⁸

105 3186 252 3287 2οἐβραιγε
265 3185 296 3251 δὲ
310 3187 510 3271 Μαρδοχαῖος
523 3184 592 3262 τούς
604 3181 709 3263 λόγους
741 3191 795 3332 ᾗ
907 3189 973 3333 &K
984 3189 1014 3248 E
1027 3190 1065 3250 Φ.
1110 3182 1152 3254 l'.

795 3289 894 3353 γραερε

657 4374 707 4412 και
738 4358 817 4432 σθην
834 4375 892 4432 γαρ
909 4350 1044 4433 περὶτοῦ
1061 4350 1199 4412 ἐνυπνίου
1216 4339 1253 4410 ού
1266 4344 1344 4413 εἶδον

103 4432 314 4512 προςεδέξαντο
347 4437 377 4530 οἱ
408 4430 564 4506 Ἰουδαῖοι,
602 4428 707 4530 καθῶς
737 4433 887 4530 περίητῶν
912 4428 1012 4532 λόγων
1032 4426 1157 4529 τούτων.
1197 4428 1267 4531 ούδὲ
1284 4425 1342 4536 γάρ

105 4516 233 4605 ἔγραψεν
243 4515 346 4591 αὐτοῖς
358 4541 375 4580 ο
385 4514 591 4602 Μαρδοχαῖος.
606 4514 707 4590 24πως
737 4513 892 4600 παρηλθεν
909 4539 953 4577 απ
976 4537 1076 4578 αυτων
1093 4511 1190 4587 λσγος.
1217 4539 1235 4596 η
1252 4537 1347 4606 μιυρυχ

1274 4616 1366 4667 ’ΜΠ
