2924 4972
140 224 204 291 362
343 219 635 284 ΒΑΣΙΛΕΙΩΝ
663 222 747 280 TPI
752 221 820 280 ΤΗ
860 222 935 294 Κεφ.
949 210 986 279 ιε’.
1005 209 1114 281 ιὲ.15.
1130 210 1181 276 16.

139 323 308 427 Μδερ
327 342 392 406 υίὸν
414 340 566 426 Ταβεριμά
583 345 650 405 υἱοῦ
671 339 748 417 Ἀζίν
784 341 836 402 καί
860 335 1047 424 ἐβασίλευσεν
1071 333 1132 400 ἄντ’
1155 332 1261 400 αῦτοῦ.
1299 340 1397 405 29καί

138 425 283 514 βασιλέως
295 430 410 506 Συρίας
422 428 479 488 τοῦ
490 427 704 496 κατοικοῦντος
717 425 748 486 ἐν
784 423 897 499 ἐγένετο
909 417 950 496 ὡς
962 418 1160 506 ἐβασίλευσεν,
1185 421 1236 484 καί
1248 416 1397 498 ἐπάταξεν

141 512 297 592 Δαμασκῷ
304 556 313 581 ,
340 507 445 584 λέγων.
471 507 499 548 ¹⁹
513 501 624 570 διάθου
638 501 748 589 διαθη-
785 503 856 570 ὅλον
868 500 921 569 τόν
932 501 1016 568 οίκον
1025 499 1179 589 Ἰερυβοόιμ
1189 505 1240 567 καί
1253 501 1309 587 οῦχ
1324 500 1396 570 ῦπε-

140 616 194 677 κην
207 590 357 675 ἆναμίσον
375 592 447 671 ἐμοῦ
463 591 515 653 καί
531 585 681 671 ἆναμέσον
695 593 748 653 σοῦ
785 587 903 653 λείπετο
927 590 1029 651 πᾶσαν
1047 582 1142 671 πνοην
1159 588 1215 651 τοῦ
1235 583 1395 672 Ἶεροβοάμ

139 678 190 740 καί
205 670 352 756 ἀναμέσον
364 676 418 737 τοῦ
430 670 547 756 πατρός
558 698 616 753 μου
628 672 680 736 καί
692 675 748 736 τοῦ
786 676 841 745 ἕως
858 675 913 738 τοῦ
930 669 1141 752 ἐξολοθρεῦοαι
1161 666 1254 733 αῦτὸν
1265 668 1346 736 κατά
1357 670 1395 737 τό

139 755 254 843 πατρός
280 782 344 821 σου.
381 753 444 819 ἰδοῦ
471 750 678 830 ἕξαπέοταλκά
701 779 749 818 σοι
792 756 865 838 “ῆμα
882 759 985 838 κυρίου
1004 748 1024 815 δ
1035 748 1176 835 ἐλάλησεν
1187 755 1220 816 εἶν
1238 750 1395 838 χιιρίδού-

140 842 225 924 δοῦρα
234 835 376 922 ἀργύριον
383 841 435 904 καί
445 845 573 923 χρυσίον.
584 838 671 922 δεῦρο
682 838 749 902 δια-
784 777 840 901 λου
853 834 952 901 αῦτοῦ
958 833 1042 919 Ἀχιά
1053 841 1108 900 τοῦ
1118 834 1295 918 Σηλωνίτου
1308 837 1393 901 3οπε·

140 923 285 988 σκέδασον
303 921 357 1005 την
373 918 520 1005 διαθηκην
533 947 586 988 σου
605 919 659 1003 την
673 915 749 1004 πρὸς
785 914 1257 1006 ρίτωνάμαρτιώνἹεροβοάμός
1267 915 1393 1006 ἐξημαρ.

142 1002 258 1072 Βαασδι
269 1001 395 1092 βασιλέα
410 1002 547 1089 Ἰσραὴλ,
570 1005 621 1069 καί
634 998 747 1090 άναβή-
785 1027 816 1088 τε
827 1000 881 1067 τὸν
890 999 1025 1088 Ἰσραὴλ,
1038 1007 1089 1068 καί
1101 1005 1133 1066 ἒν
1144 1007 1189 1087 τῷ
1198 1009 1392 1089 παροργισμῷ

140 1115 221 1155 σεται
240 1087 291 1152 ἀπ’
314 1092 395 1170 ἐμοῦ.
435 1091 466 1133 ²⁰
478 1089 530 1151 καί
546 1085 667 1172 ἤκουσεν
685 1088 750 1161 υίδς
785 1083 879 1150 αῦτοῦ
897 1077 923 1169 ᾧ
940 1082 1109 1171 παρῶργιοε
1124 1083 1178 1151 τὸν
1193 1081 1297 1188 κύριον
1316 1085 1393 1153 θεὸν

136 1170 200 1237 Ἄδε
243 1176 298 1236 τοῦ
315 1165 461 1255 βασιλέως
480 1169 575 1246 limi,
600 1172 652 1235 καὶ
669 1166 749 1234 άπέ-
784 1173 841 1233 τοῦ
850 1165 981 1254 Ἰσραήλ.
1007 1169 1033 1210 ⁸¹
1047 1172 1098 1233 καί
1111 1166 1151 1234 τά
1162 1168 1251 1234 λοιπα
1264 1172 1326 1233 τῶν
1339 1167 1391 1234 λά·

141 1198 233 1322 στειλε
258 1253 329 1330 τοῦς
353 1254 501 1338 ἄρχοντας
518 1258 580 1318 τῶν
597 1248 748 1337 δυνάμεων
783 1276 845 1330 γων
868 1249 983 1355 Ναβὰτ
1009 1254 1060 1316 καί
1082 1249 1185 1317 πάντα
1206 1247 1391 1335 άέποίησεν,

140 1337 236 1403 αὐτοῦ
256 1348 322 1412 ταῖς
338 1335 442 1402 πόλεσι
465 1341 521 1402 τοῦ
537 1334 674 1422 Ἰσραὴλ,
698 1338 749 1400 καί
785 1332 839 1399 οῦκ
865 1335 932 1401 ίδου
951 1340 1048 1400 ταῦτα
1066 1339 1250 1422 γεγραμμένα
1266 1337 1346 1400 ἐστίν
1364 1339 1394 1400 ἒν

139 1417 293 1496 ἐπάταξαν
303 1421 358 1502 την
369 1420 447 1493 Ἀῒν,
463 1419 519 1504 την
533 1419 614 1494 Δάν,
634 1423 685 1484 καί
697 1415 750 1501 τὴν
783 1419 887 1504 βιβλίῳ
905 1414 1005 1495 λόγων
1020 1422 1082 1483 τῶν
1098 1415 1214 1504 ἡμεροῦν
1230 1428 1292 1492 τοῖς
1304 1422 1391 1505 βασι-

137 1501 221 1588 Ἀβὲλ
240 1503 329 1565 οἴκου
346 1498 482 1584 Μααχδι,
509 1505 561 1565 καί
575 1507 677 1566 πᾶσαν
694 1502 748 1584 την
784 1503 881 1566 λεῦσιν
895 1497 1034 1585 Ἰσραηλ,·
1060 1504 1090 1544 ³³
1102 1505 1153 1566 καί
1169 1507 1200 1566 ἐν
1211 1506 1256 1584 τῷ
1277 1506 1334 1566 ε”τει
1347 1506 1393 1586 τῳ

142 1582 303 1670 Χεννερὲθ,
316 1588 371 1658 ἕως
381 1578 479 1685 πάσης
492 1589 543 1685 της
554 1586 608 1666 γῆς
617 1589 748 1664 Νεφθα-
784 1590 875 1668 τρίτῳ
889 1589 944 1649 τοῦ
952 1582 1026 1650 Ἀσά
1037 1586 1183 1689 βασιλέως
1192 1581 1295 1649 Ἰούδα
1306 1590 1390 1671 βασι·

140 1669 178 1732 λί.
204 1671 232 1709 ²¹
244 1668 296 1731 καί
313 1670 427 1744 ἐγένετο
445 1692 485 1741 ως
503 1667 609 1748 ἢκουσε
623 1664 749 1743 Βαασά,
785 1663 859 1732 λεύει
869 1665 987 1733 Βαασά
1000 1671 1063 1742 υίος
1070 1665 1154 1753 Ἀχιδι
1168 1670 1218 1732 ἐπί
1226 1665 1351 1753 Ἰσραὴλ
1361 1672 1391 1733 ίν

140 1753 191 1816 καί
203 1745 314 1816 διέλιπε
325 1753 381 1814 τοῦ
394 1749 557 1830 οἰκοδομεῖν
569 1746 624 1833 τὴν
639 1747 748 1832 Ῥαμά,
789 1753 887 1837 Θεροᾷ
901 1751 992 1817 εἴκοσι
1004 1751 1056 1816 καί
1068 1755 1199 1836 τέσσαρα
1211 1752 1270 1834 ἔτη.
1297 1752 1329 1792 ³⁴
1341 1756 1392 1815 καί

140 1837 191 1898 καί
214 1827 307 1898 άνέστ
325 1850 394 1915 εψεν
411 1836 450 1907 εἰς
474 1827 580 1918 Θερσά.
619 1829 748 1897 22καίδ
784 1839 902 1917 ἐποίησε
927 1831 963 1898 τό
982 1832 1116 1919 πονηρόν
1132 1829 1260 1899 ἐνώπιον
1276 1839 1389 1917 κυρίου,

139 1858 355 2002 βασιλεύςῦῦοδι
366 1910 540 2001 παρήγγειλε
548 1913 748 1982 πανιίἸούδα
784 1919 836 1982 καί
853 1912 1005 2004 ἐπορεύθη
1021 1920 1052 1981 ἐν
1068 1913 1132 1999 ὁδῷ
1143 1911 1300 2001 Ἶεροβοάμ
1320 1917 1390 1979 υίοῦ

140 2005 180 2075 είς
195 1997 315 2081 Ἐνακίμ
322 2047 332 2075 ,
358 2000 409 2063 καί
429 2001 547 2079 αἴρουσι
559 1996 632 2073 τοῦς
644 2000 749 2074 λίθους
784 1998 913 2088 Ναβάτ,
939 2003 991 2066 καί
1004 2002 1034 2063 έν
1045 2011 1111 2074 ταίς
1124 1997 1281 2086 ἁμαρτίαις
1293 1995 1392 2065 αῦτοῦ

139 2078 308 2185 τηςῬαμά,
324 2083 376 2146 καί
388 2079 427 2149 τά
439 2080 516 2157 ξύλα
529 2080 623 2166 αὐτῆς
635 2079 656 2147 δ
669 2079 746 2165 ᾠκο·
783 2079 824 2160 ὡς
836 2078 979 2172 ἐξήμαρτε
992 2083 1046 2148 τὸν
1060 2077 1190 2169 Ἰσραήλ.

140 2168 248 2249 δομηοε
258 2165 382 2241 Βααοά,
396 2169 446 2231 καὶ
458 2161 642 2251 ᾠκοδόμησεν
652 2168 682 2230 ἐν
692 2163 748 2230 αῦ-
974 2173 1008 2232 K
1019 2174 1049 2230 E
1063 2172 1101 2230 Φ.
1146 2162 1203 2242 Ις’.

140 2260 203 2324 τοῖς
215 2244 232 2312 ό
245 2248 380 2335 βασιλεῦς
388 2245 658 2375 Ἀσάιπᾶηβουνόν
669 2255 747 2314 Βεν-
782 2217 867 2316 Καί
876 2244 991 2328 ἐγένετο
1000 2246 1090 2329 λόγος
1098 2256 1198 2336 κυρίου
1207 2252 1237 2314 ἐν
1244 2237 1388 2351 χειρίζίοῦ

324 2328 330 2351 ί
611 2336 618 2359 η
658 2329 665 2352 l
868 2331 877 2353 >
1177 2328 1185 2353 Ι

139 2333 221 2436 ιαμίν
235 2334 287 2396 καί
297 2356 351 2417 την
365 2356 502 2398 σκοπιαν.
568 2359 619 2399 και
632 2358 670 2398 τα
684 2332 747 2396 λοι·
783 2337 853 2398 υίοῦ
867 2337 967 2399 Ανανί
983 2333 1062 2421 πρὸς
1073 2341 1194 2400 Βαασιι.
1232 2331 1324 2396 2οἰνθ
1346 2325 1390 2397 ὧν

138 2441 185 2481 πα
198 2419 258 2479 τιῦν
268 2412 368 2494 λόγων
378 2413 451 2482 Ἀοδι
463 2419 514 2482 καί
525 2420 612 2482 πᾶσα
626 2412 643 2502 η
657 2416 748 2481 δυνα-
783 2412 895 2498 ῦψωσά
908 2441 940 2482 σε
953 2415 1015 2481 άπό
1028 2422 1079 2523 της
1091 2422 1158 2502 γης,
1183 2416 1235 2480 καί
1248 2411 1345 2480 ἔδωκά
1359 2441 1391 2480 σε

140 2503 208 2565 στία
221 2496 315 2563 αῦτοῦ
329 2495 363 2582 ἢν
375 2502 506 2605 ἐποίησε,
518 2503 570 2565 καί
582 2498 636 2576 τὰς
649 2497 747 2574 πόλεις
783 2496 941 2583 ἡγούμενον
961 2503 1011 2566 ἐπί
1028 2524 1082 2565 τον
1097 2494 1174 2564 λαόν
1185 2525 1242 2581 μου
1256 2496 1390 2584 Ἰσραὴλ,

140 2579 176 2657 ῦς
196 2577 403 2666 ᾠκοδόμησεν,
429 2609 484 2648 ουκ
502 2583 567 2648 ἰδοῦ
583 2588 682 2648 ταῦτα
699 2607 748 2660 γε-
783 2585 833 2647 καί
858 2578 1026 2670 ίποριύθης
1043 2586 1074 2647 ἐν
1092 2587 1129 2677 τῇ
1145 2580 1207 2666 ὁδῳ
1223 2581 1391 2670 Ἱεροβοάμ,

139 2661 292 2748 γραμμένα
306 2668 385 2731 ἐστίν
397 2669 448 2729 ἐπὶ
458 2665 564 2766 βιβλίῳ
577 2662 677 2744 λόγων
688 2670 749 2729 τῶν
782 2667 832 2730 καί
849 2664 1008 2751 ἐξήμαρτες
1023 2665 1078 2730 τόν
1094 2663 1171 2729 λαόν
1185 2692 1244 2748 μου
1261 2663 1315 2732 τόν
1330 2665 1392 2731 Ἰσ-

146 2745 257 2830 “μεριῦν
276 2757 339 2821 τοῖς
353 2747 516 2832 βασιλεῦσιν
526 2745 628 2812 Ἰούδα
631 2777 643 2824 ,·
668 2746 749 2832 πλην
782 2747 861 2835 ραηλ
867 2798 877 2825 ,
902 2752 960 2812 τοῦ
970 2753 1152 2833 παροργίυαι
1165 2773 1200 2831 με
1213 2753 1245 2812 ἐν
1256 2761 1321 2824 τοῖς
1333 2776 1392 2833 μα-

140 2775 171 2891 έν
184 2829 226 2910 τῷ
240 2834 334 2912 καιρῷ
347 2833 402 2893 τοῦ
414 2825 512 2915 γηρως
525 2827 620 2894 αὐτοῦ
630 2827 749 2895 ἐπόνεσε
782 2838 877 2906 ταίοις
900 2828 1015 2905 αῦταῖν,
1052 2831 1067 2872 ³
1083 2830 1148 2895 ίδοῦ
1175 2828 1234 2908 ἐγώ
1261 2835 1391 2916 ἐξεγείρω

140 2907 212 3009 ρούς
233 2906 331 2986 πόδας
348 2909 451 2977 αῦτοῦ.
490 2912 523 2956 ²⁴
533 2913 585 2977 καί
602 2910 747 2998 ἐκοιμήθη
782 2911 880 2979 ὀπίσω
892 2908 1007 2980 Βααοά
1024 2914 1076 2978 καί
1095 2912 1221 2980 όπισθεν
1233 2919 1291 2978 τοῦ
1303 2914 1390 2978 οἴκου

141 2992 209 3057 Αυά
233 2993 308 3076 μετὰ
326 2999 387 3058 τῶν
403 2990 544 3081 πατέρων
561 2993 672 3071 αῦτοῦ,
697 3001 748 3061 καί
781 2996 877 3062 αῦτοῦ
884 3046 894 3073 ,
920 2999 971 3063 καί
988 2992 1078 3063 δεύσω
1101 2995 1155 3063 τόν
1174 2991 1259 3063 οἶκόν
1274 3021 1330 3063 σου
1348 2990 1390 3069 ὥς

140 3071 292 3139 θάπτεται
303 3074 376 3157 μετά
387 3083 448 3140 τῶν
459 3073 598 3162 πατέρων
608 3078 707 3145 αῦτοῦ
716 3085 748 3145 ἐν
781 3077 1091 3167 τόνοίκονἹεροβοάμ
1101 3085 1170 3145 υίοῦ
1178 3073 1299 3163 Ναβάτ.
1314 3075 1390 3140 4τὸν

140 3153 225 3221 πόλει
244 3159 342 3223 Δαυίδ
358 3157 473 3244 πατρὸς
494 3157 600 3224 αῦτοῦ.
626 3165 676 3227 καί
691 3166 748 3249 βα-
782 3159 949 3248 τεθνηκότα
975 3169 1032 3228 τοῦ
1050 3160 1163 3229 Βαασά
1189 3165 1221 3225 ἐν
1244 3163 1281 3242 τῆ
1302 3155 1390 3224 πόλει

140 3235 246 3303 σιλεύει
262 3236 417 3321 Ἰωσαφάτ
431 3239 495 3318 υίὸς
508 3240 602 3308 αῦτοῦ
615 3243 675 3310 ἄντ’
691 3243 748 3310 αῦ-
782 3243 1007 3329 καταφάγονται
1021 3244 1114 3322 αὐτόν
1126 3247 1158 3309 οἱ
1169 3232 1327 3318 κύνες,’καί
1336 3240 1391 3310 τόν

139 3326 204 3386 τοῦ.
223 3324 253 3366 ²⁶
262 3325 314 3388 καί
326 3323 440 3411 Ναβάτ
451 3323 514 3400 υίὸς
522 3323 679 3414 Ἶεροβοάμ
691 3333 746 3415 βα-
780 3326 947 3412 τεθνηκότα
966 3329 1063 3394 αῦτοῦ
1081 3332 1111 3394 ἐν
1123 3331 1168 3413 τῷ
1183 3327 1275 3410 πεδίῳ
1295 3352 1390 3391 κατα-

141 3401 242 3496 ριίεύιι
252 3409 303 3472 ἐπὶ
311 3405 435 3495 Ἰσραὴλ
445 3413 476 3474 ἐν
486 3413 541 3475 ἔτει
550 3406 677 3496 δευτέρῳ
690 3415 749 3476 τοῦ
781 3408 928 3494 φάγονται
940 3409 1034 3476 αῦτόν
1047 3411 1086 3476 τά
1098 3409 1214 3478 πετεινά
1227 3414 1285 3474 τοῦ
1296 3407 1390 3491 ούρα-

141 3487 211 3554 Ασὰ
223 3487 369 3578 βασιλέως
376 3489 491 3568 Ἰούδα,
503 3495 555 3557 καί
566 3494 748 3580 ἐβασίλευσεν
782 3500 842 3558 νοῦ.
857 3495 928 3560 5καί
938 3493 979 3559 τά
991 3491 1084 3559 λοιπά
1096 3499 1157 3559 τῶν
1168 3491 1265 3571 λόγων
1274 3489 1390 3557 Βαασδι

140 3573 171 3635 ίν
179 3571 304 3660 Ἰσραὴλ
318 3578 370 3657 ἔτη
383 3571 446 3640 δύο.
472 3579 504 3620 ²⁰
517 3577 568 3641 καί
581 3581 699 3658 ἐποίησε
711 3572 748 3640 τό
782 3579 833 3643 καί
844 3574 946 3643 πάντα
954 3572 976 3642 δι’
985 3579 1111 3661 ἐποίησε,
1121 3579 1172 3642 καί
1181 3579 1215 3642 αί
1224 3576 1387 3639 δυναστεῖαι

140 3656 272 3738 πονηρὸν
287 3652 411 3722 ἐντόπιον
424 3665 539 3743 κυρίου,
551 3661 609 3731 Ικαί
621 3654 749 3745 ίπορεύ-
782 3658 888 3736 αῦτοῦ,
903 3658 958 3725 οῦκ
972 3660 1037 3725 ἰδοῦ
1051 3665 1150 3725 ταῦτα
1160 3649 1344 3740 γεγραμμένα
1357 3655 1388 3718 ἒν

140 3746 185 3817 θη
202 3739 233 3799 ἐν
245 3734 308 3819 ὁδῷ
320 3743 376 3802 τοῦ
388 3741 503 3826 πατρὸς
517 3738 626 3817 αῦτοῦ,
651 3744 704 3808 καί
716 3745 749 3808 ἕν
780 3743 885 3891 βηβλίω
904 3739 1002 3821 λόγων
1017 3747 1078 3807 τῶν
1094 3737 1205 3825 ἡμεροῦν
1222 3740 1282 3800 τῶν
1300 3739 1387 3821 βασι-

141 3828 208 3892 ταῖς
233 3816 389 3902 ἁμαρτίαις
413 3822 512 3887 αὐτοῦ
536 3823 582 3898 αίς
606 3821 748 3912 ἐξήμαρτε
817 3850 859 3889 ων
867 3810 1008 3911 λΙοραηλς
1023 3826 1102 3887 6καί
1113 3815 1257 3904 ἐκοιμήθη
1271 3817 1389 3884 Βαασά

141 3897 196 3964 τόν
206 3898 338 3985 Ἰσραήλ.
363 3905 393 3946 ²⁷
406 3909 457 3970 καί
473 3902 675 3991 περιεκάθισεν
692 3906 748 3972 αῦ-
780 3905 853 3990 μετά
867 3913 928 3972 τεῦν
939 3903 1078 3990 πατέρων
1090 3900 1196 3977 αῦτοῦ,
1208 3904 1259 3967 καί
1271 3899 1389 3967 θάπτε·

141 3979 195 4046 τόν
211 3981 328 4048 Βαασά
345 3985 408 4060 υίὸς
427 3984 511 4071 Ἀχιά
527 3990 578 4053 ἐπί
595 3990 650 4054 τόν
666 3988 749 4054 οἷκον
782 4016 830 4055 ναι
844 3993 875 4053 ἐν
890 3988 1002 4076 Θερσά,
1016 3989 1066 4052 καί
1078 3981 1221 4073 βασιλεύει
1231 3983 1313 4051 Ἠλά
1326 3987 1391 4060 υίὸς

141 4063 345 4130 Βελαάνυίοῦ
359 4065 456 4152 Ἀχιά,
478 4073 532 4135 καί
575 4066 747 4152 άραξεναῦ-
782 4071 876 4139 αῦτοῦ
894 4071 954 4139 ἀντ’
971 4069 1074 4136 αὐτοῦ.
1101 4072 1222 4135 7καὶέν
1237 4071 1309 4155 χειρί
1324 4066 1390 4134 Ἰού

141 4144 194 4211 τόν
212 4150 245 4211 ἒν
257 4149 415 4232 Γαβαθών
428 4157 466 4245 τῇ
477 4157 537 4217 τιῦν
555 4150 746 4235 αλλοφύλων.
782 4160 849 4221 υίοῦ
857 4155 957 4223 Ἀνανί
970 4154 1090 4240 ἒλάλησε
1102 4151 1203 4241 κύριος
1216 4156 1267 4219 ἐπί
1275 4149 1391 4218 Βαασῦ

141 4232 194 4328 καί
218 4231 333 4317 Ναβάτ
357 4235 408 4294 καί
431 4240 492 4312 πῦς
513 4235 633 4323 Ἰσραὴλ
651 4261 747 4322 περιε-
782 4243 833 4304 καί
849 4241 900 4304 ἐπί
917 4237 970 4306 τόν
989 4239 1072 4305 οἶκον
1089 4237 1199 4315 αῦτοῦ,
1223 4233 1391 4319 πᾶσαντην

140 4321 262 4396 καθητο
275 4314 502 4400 ἐπίΓαβαθιόν.
525 4321 557 4362 ²⁸
570 4321 621 4383 καί
633 4318 745 4385 ίθανά·
781 4327 887 4387 κακίαν
911 4318 948 4404 ἣν
972 4326 1112 4407 ἐποίησεν
1137 4316 1263 4387 ε’νιύπιον
1289 4324 1390 4402 κυρίου

140 4420 234 4460 τωσεν
260 4394 352 4461 αῦτὸν
377 4401 490 4466 Βαασά
516 4402 548 4467 ἔν
572 4404 629 4466 ἔτει
655 4409 746 4489 τρίτῳ
781 4409 837 4470 τοῦ
853 4410 1040 4488 παροργίυαι
1058 4402 1152 4469 αὐτὸν
1171 4406 1278 4476 ἐντοῖς
1295 4403 1391 4484 ἔργοις

140 4483 196 4545 τοῦ
212 4477 286 4546 Ἀσά
305 4483 372 4544 υίοῦ
384 4478 459 4547 Ἀσά
476 4483 620 4570 βασιλέως
636 4481 746 4564 Ἰούδα,
781 4491 843 4552 τεόν
854 4489 956 4571 χειρῶν
970 4484 1074 4563 αῦτοῦ,
1093 4491 1149 4552 τοῦ
1163 4484 1233 4552 εἶναι
1247 4480 1392 4630 κατδιῖτόν

1191 4584 1196 4591 “
1309 4589 1391 4632 οκον
