2924 4972
171 271 215 336 98
510 273 864 335 ΛΕΤΙΤῙΚΟΝ
902 266 1074 348 Κες.α’.λ.

170 380 306 466 κάλυμμα
329 388 384 450 τοῦ
409 380 691 466 καταπετάσματος,
724 386 775 449 καί
810 388 863 483 τῆς
880 387 992 467 σκηνῆς.
1022 383 1116 447 33καί
1136 384 1234 464 ἔστησε
1251 379 1304 463 τήν
1321 378 1414 463 αὐλήν

170 469 315 533 ἐσκέπασε
331 464 384 553 τήν
397 463 523 554 κιβωτόν
535 470 591 532 τοῦ
602 471 774 552 μαρτυρίου,
810 466 909 551 κυκλῳ
921 471 975 549 τῆς
990 468 1095 548 σκηνῆς
1111 465 1163 528 καί
1180 468 1234 529 τοῦ
1250 473 1414 546 θυσιαστη-

170 547 205 613 &v
222 546 335 635 τρόπον
350 552 484 626 συνέταξε
501 545 601 635 κύριος
618 554 663 631 τῷ
675 556 775 614 Μωυ-
810 556 887 635 ρίου.
911 551 963 615 καί
986 548 1144 614 συνετέλεσε
1163 550 1297 630 Μωυσῆς
1312 541 1414 610 πάντα

173 639 217 724 σῆ.
243 635 336 699 22καί
360 635 485 716 ἐπέθηκε
501 631 553 714 τῆν
574 629 720 735 τράπεζαν
736 636 775 735 είς
811 629 850 737 τά
874 636 963 736 ἔργα.ἱ
989 631 1084 696 34καί
1107 627 1251 712 ἐκάλυψεν
1274 624 1413 712 ήνεῳέλη

170 719 224 798 τήν
240 714 346 800 σκηνήν
368 740 423 781 του
444 720 621 800 μαρτυρίου,
646 741 682 779 το
698 740 774 800 προς
811 739 864 799 την
880 738 986 800 σκηνήν
999 718 1054 779 τοῦ
1070 717 1240 799 μαρτυρίου.
1265 712 1317 775 καί
1328 706 1413 792 δόξης

169 802 280 884 βορρᾶν
304 801 418 875 ε”ξωθεν
438 803 493 864 τοῦ
508 792 776 880 καταπετάσματος
811 803 911 884 κυρίου
936 791 1072 880 ἐπλήσθη
1090 791 1107 879 ῆ
1126 790 1223 877 σκηνή.
1248 795 1278 836 ³⁵
1291 796 1342 857 καὶ
1358 792 1414 890 οήκ

170 887 222 967 τῆς
235 885 349 965 σκηνῆς.
367 883 646 966 23καίπροςέθηνεεν
658 879 702 947 ἐπ’
718 878 775 945 αύ·
812 876 963 965 ῆδυνάσθη
981 883 1118 962 Μωυσῆς
1142 877 1276 976 εῖςελθεῖν
1299 880 1338 951 είς
1360 900 1413 958 την

169 970 222 1050 τῆς
239 963 347 1050 άρτους
363 969 417 1049 τῆς
433 967 604 1050 προθέσεως
615 967 710 1030 ε”ναντι
722 990 775 1030 κυ·
812 960 917 1049 σκηνήν
929 969 984 1030 τοῦ
996 966 1167 1047 μαρτυρίου,
1191 959 1237 1025 ὃτι
1251 961 1412 1033 ἐπεσκίαζεν

170 1055 250 1129 ρίου,
276 1044 312 1112 δν
334 1043 446 1133 τρόπον
462 1049 597 1124 συνέταξε
614 1042 713 1135 κύρως
730 1050 775 1129 τῷ
812 1045 856 1114 ἐπ’
873 1042 996 1132 αύτῆνῆ
1012 1046 1129 1128 νεῳελη,
1153 1045 1205 1109 καί
1216 1037 1302 1124 δόξης
1314 1046 1414 1123 κυρίου

170 1133 301 1224 Μωυσῆ.
329 1131 360 1172 ²⁴
373 1134 424 1196 καί
440 1134 528 1216 ἔθηκε
543 1128 598 1215 τῆν
608 1132 724 1216 λυχνίαν
736 1133 775 1205 είς
812 1127 978 1215 ἐνεπλήσθη
1003 1126 1017 1193 ί
1047 1124 1144 1211 σκηνή.
1181 1127 1212 1169 ³⁶
1225 1121 1312 1210 ῆυίκα
1328 1123 1365 1225 δ’)
1378 1122 1415 1187 ἄν

169 1211 223 1298 τήν
235 1212 341 1297 σκηνήν
353 1220 407 1281 τοῦ
418 1219 594 1303 μαρτυρίου,
611 1219 651 1291 είς
662 1213 698 1280 τὸ
711 1212 775 1279 κλί-
813 1213 901 1302 ἀνέβη
914 1211 932 1298 ῆ
945 1239 992 1294 νες
1059 1209 1122 1277 άπὸ
1140 1213 1192 1293 τῆς
1204 1212 1323 1291 σκηνῆς,
1347 1231 1416 1270 ανε-

170 1323 221 1372 τος
232 1302 285 1382 τῆς
298 1304 402 1384 σκηνῆς
414 1298 450 1364 τὸ
463 1299 540 1385 πρὸς
550 1293 645 1363 νότον.
682 1299 711 1342 ²⁵
725 1299 777 1363 καὶ
812 1296 967 1377 ζεύγνυσαν
983 1299 1014 1365 ot
1031 1297 1091 1361 υίοί
1103 1290 1224 1398 Ἰσραήλ
1237 1290 1289 1356 σύν
1306 1293 1342 1382 τῆ
1354 1286 1416 1354 άπ-

169 1383 296 1462 ἐπέθηκε
307 1378 376 1455 τοὺς
389 1378 508 1463 λύχνους
518 1378 610 1460 αὐτῆς
619 1383 714 1443 έναυτι
723 1406 776 1443 κυ·
813 1388 904 1465 αρτίρ
915 1378 1023 1447 αύτοῖν.
1048 1380 1077 1421 ³²
1091 1382 1116 1441 ελ
1130 1378 1162 1441 δε
1177 1374 1217 1458 μή
1229 1373 1318 1477 ἀνέβη
1336 1368 1354 1455 ῆ
1373 1396 1417 1435 νε-

170 1469 250 1542 ρίου,
275 1458 310 1526 δν
334 1459 448 1545 τρόπον
466 1463 601 1534 συνέταξε
617 1456 714 1543 κύριος
730 1464 776 1541 τῷ
813 1465 902 1564 ῳιλη,
929 1461 983 1526 ούκ
1006 1455 1209 1537 ἀνεζεύγνυσαν
1227 1463 1282 1531 ἕως
1299 1459 1416 1540 ημέρας,

170 1544 299 1636 Μωυσῆ.
318 1543 405 1608 26καί
417 1546 504 1624 ἔθηκε
516 1537 551 1605 τό
565 1538 777 1624 θυσιαστήριον
813 1568 847 1686 ῆς
864 1545 953 1626 ανέβη
968 1538 985 1622 ῆ
1001 1542 1111 1622 νεφελη.
1136 1544 1168 1586 ³⁸
1179 1541 1282 1621 νεφέλη
1304 1539 1362 1641 γήιρ
1382 1529 1417 1622 ῆν

165 1623 205 1690 τὸ
217 1628 344 1712 χρυσοῦν
356 1629 387 1690 έν
399 1629 436 1718 τῆ
449 1628 537 1714 σκηνῇ
550 1627 603 1687 τοῦ
614 1628 776 1709 μαρτυρίου
827 1625 863 1687 πί
876 1626 926 1705 τῆς
938 1625 1043 1704 σκηνῆς
1055 1618 1173 1706 ῆμέρας,
1186 1623 1309 1705 καὶπῦρ
1322 1645 1358 1703 ην
1369 1618 1414 1686 ἐπ’

170 1708 311 1774 ἀπέναντι
322 1713 377 1775 τοῦ
387 1700 663 1787 καταπετάσματος,
684 1707 714 1749 ²²
725 1706 777 1770 καί
814 1703 906 1789 αύτῆς
915 1704 1018 1778 νυκτός
1028 1706 1158 1769 ἐναντίον
1167 1702 1279 1776 παντὸς
1287 1701 1417 1788 Ἰσραήλ,

170 1794 325 1874 ἒθυμίασεν
335 1789 379 1856 ἐπ’
392 1788 486 1855 αύτοῦ
499 1794 634 1871 θυμίαμα
647 1794 697 1872 τῆς
709 1812 775 1854 συν-
813 1790 845 1854 έν
857 1782 967 1864 πάσαις
979 1798 1045 1862 ταῖς
1057 1785 1213 1864 άναζυμαῖς
1226 1782 1335 1850 αὐτῶν.

170 1874 300 1948 θέσεως,
322 1867 460 1959 καθάπερ
474 1875 607 1948 συνέταξε
621 1869 720 1957 κύρως
731 1875 775 1953 τῷ

172 1959 303 2048 Μωυσῆ.
330 1957 360 1999 ²⁰
373 1958 424 2022 καί
443 1955 477 2021 τὸ
490 1950 703 2041 θυσιαστήριον
715 1958 776 2020 τῶν
977 1953 1068 2029 Τελος
1080 1957 1133 2038 τῆς
1145 1949 1255 2031 ἐξόδου.

172 2034 381 2122 καρπωμάτων
402 2042 490 2123 ἔθηκε
506 2036 591 2125 παρὰ
608 2037 662 2114 τάς
678 2036 776 2124 θύρας

458 2348 1134 2457 ΛΕΥΙΤΙΚΟΝ.

362 2539 396 2605 K
407 2546 437 2606 E
449 2546 487 2604 Φ.
530 2534 586 2607 A‘.
815 2537 1047 2642 λυέπίτὸπῦρ.
1075 2538 1154 2601 8καί
1167 2532 1418 2623 έπιστοιβάσουσιν

175 2589 258 2687 Καὶ
270 2618 419 2688 ἇνεκάλεσε
429 2628 574 2706 Μωυσῆν,
587 2624 638 2688 καί
645 2617 782 2706 ἐλάλησεν
815 2626 845 2686 οῖ
865 2625 925 2687 υῖοί
937 2620 1055 2704 Ἀαρων
1073 2624 1104 2685 οῖ
1117 2623 1199 2702 ῖερεῖς
1211 2617 1251 2684 τά
1264 2617 1418 2723 διχοτομή-

176 2703 275 2787 κύριος
295 2702 380 2786 αὐτῷ
395 2709 428 2769 ἐκ
446 2708 497 2785 τῆς
514 2709 617 2787 σκηνῆς
633 2708 689 2768 τοῦ
704 2731 781 2786 μαρ·
814 2728 909 2784 ματα,
928 2705 979 2768 καὶ
991 2703 1043 2788 τῆν
1055 2702 1198 2785 κεφαλήν,
1214 2705 1313 2769 καίεο
1327 2707 1418 2789 στέαρ

176 2791 291 2870 τυρίου,
316 2785 418 2861 λέγων.
457 2781 612 2866 2λοίλησον
626 2796 689 2857 τοῖς
706 2790 781 2859 υῖοῖς
815 2786 865 2848 έπί
878 2782 916 2848 τά
928 2781 1003 2860 ξύλα
1012 2784 1052 2850 τά
1061 2787 1112 2849 ἐπί
1124 2790 1179 2851 τοῦ
1191 2785 1284 2870 πυρός
1294 2785 1333 2851 τά
1343 2784 1419 2852 ὄντα

174 2866 312 2951 Ἰσραήλ,
335 2867 387 2931 καί
404 2869 476 2952 έρεῖς
493 2864 571 2952 πρός
583 2861 701 2940 αύτούς.
727 2865 780 2931 άν-
815 2867 865 2931 ἐπί
877 2871 933 2931 τοῦ
948 2877 1079 2933 θυσιαστ
1098 2873 1172 2954 ρίου.
1199 2866 1265 2934 9τόν
1278 2868 1310 2934 δέ
1323 2872 1419 2946 ἐγκοί-

175 2963 302 3034 θρωπος
315 2952 345 3027 ἐξ
356 2946 437 3052 ύμῶν
450 2946 503 3015 ἐάν
514 2943 687 3042 προςαγάνη
697 2949 780 3035 δῶρα
816 2948 865 3013 λια
882 2947 1019 3026 καὶτοὺς
1036 2947 1077 3016 π’
1097 2977 1132 3026 ας
1147 2951 1307 3017 πλυνούσιν
1323 2950 1417 3018 δ’δατι.

175 3040 219 3116 τῷ
238 3038 345 3117 κυρίῳ,
369 3028 433 3096 απὸ
449 3035 511 3094 τοῖν
527 3036 639 3112 κτηνῶν
654 3033 706 3097 καί
717 3029 780 3098 άπὸ
815 3035 866 3096 καί
890 3028 1084 3118 ἐπιθήσουσιν
1107 3038 1138 3100 οῖ
1163 3038 1245 3120 ίερεῖς
1262 3033 1302 3101 τά
1318 3030 1419 3102 πάντα

175 3121 236 3180 τῶν
264 3118 344 3200 βοῶν
372 3113 425 3179 καὶ
449 3109 513 3177 ἀπό
538 3117 598 3177 τῶν
620 3110 780 3200 ποβάτων
815 3117 866 3180 ἐπί
885 3113 921 3181 τό
938 3113 1160 3201 θυσιαστήριον.
1190 3114 1338 3203 κάρπωμά
1356 3122 1419 3185 ε’στι

175 3203 341 3283 προςοίσετε
351 3196 391 3262 τά
403 3197 486 3282 δῶρα
500 3193 591 3279 ὑμῶν.
616 3197 631 3240 ³
644 3140 696 3262 ίάν
708 3193 780 3264 ὁλο-
814 3203 907 3264 θυσία
920 3199 996 3284 όσμῆ
1009 3198 1132 3277 εύωδίας
1143 3205 1189 3283 τῷ
1199 3206 1299 3287 κυρίῳ.
1325 3205 1353 3246 ¹⁰
1366 3203 1418 3268 ἐὰν

174 3275 317 3361 καύτωμα
341 3275 377 3345 τό
401 3280 499 3364 δῶρον
524 3277 635 3356 αὐτοῦ,
661 3283 694 3347 ἐκ
717 3285 779 3347 τῶν
814 3279 847 3345 δὲ
864 3279 927 3347 άπὸ
941 3288 1001 3347 τῶν
1018 3281 1179 3372 προβάτων
1197 3282 1230 3348 τό
1246 3285 1344 3368 δῶρον
1361 3284 1418 3350 αύ-

173 3368 252 3449 βοῶν
278 3362 364 3450 άρσεν
394 3362 516 3447 άμσνμον
543 3361 680 3449 προςάξει
703 3360 779 3450 πρός
815 3368 869 3428 τοῦ
882 3369 926 3448 τῷ
937 3372 1038 3453 κυρίῳ,
1050 3364 1114 3434 ἀπό
1127 3392 1158 3432 τε
1170 3371 1230 3432 τῶν
1241 3365 1350 3452 ἀρνῶν,
1367 3371 1419 3433 καί

172 3446 226 3532 τήν
242 3445 342 3535 θύραν
356 3452 407 3532 τῆς
419 3451 522 3530 σκηνῆς
539 3451 595 3512 τοῦ
605 3455 777 3534 μαρτυρίου,
814 3451 874 3513 τῶν
886 3450 997 3536 ε’ρίφων
1009 3457 1049 3527 είς
1060 3447 1296 3535 ὁλοκαυτώματα
1307 3504 1317 3529 ,
1330 3451 1418 3536 άρσεν

172 3538 321 3618 προςοίσει
345 3530 420 3596 αὐτὸ
447 3526 548 3595 δεκτόν
572 3533 702 3595 ἐναντίον
725 3558 778 3595 κυ-
814 3528 936 3616 άμωμον
951 3531 1087 3622 προςάξει
1105 3530 1190 3601 αὐτό.
1215 3538 1267 3602 καί
1284 3531 1417 3620 ἐπιθήσει

172 3621 245 3699 ρίου,
264 3615 344 3679 4καί
357 3609 493 3696 ἐπιθήσει
505 3610 559 3694 τήν
568 3623 651 3758 χείρία
663 3614 713 3676 ἐπὶ
725 3611 777 3717 τήν
813 3612 867 3701 τήν
895 3628 977 3705 χεῖρα
1007 3621 1059 3686 ἐπί
1082 3616 1136 3720 τήν
1160 3617 1290 3702 κεφαλήν
1314 3615 1417 3681 αὐτοῦ.

172 3696 300 3775 mpod-'v
317 3699 372 3760 τοῦ
391 3689 590 3778 καθπῶμαῐθς
638 3693 708 3759 κτὸν
721 3724 777 3762 αυ-
813 3702 898 3767 11καὶ
910 3700 1070 3784 σφάξουσιν
1083 3695 1157 3764 αυτό
1170 3702 1203 3763 έκ
1215 3698 1351 3775 πλαγίων
1362 3706 1417 3764 τού

172 3783 231 3858 τῷ,
255 3723 450 3852 (ἱλάσασθαι
474 3777 541 3860 περί
557 3773 661 3843 αὐτοῦ.
699 3780 777 3849 ὅκαί
812 3791 1025 3870 θυσιαστηρίου
1040 3777 1116 3866 πρός
1132 3783 1244 3867 βορρᾶν
1255 3784 1351 3845 ἔναντι
1365 3805 1417 3843 κυ-

173 3856 316 3937 σφάξουσι
340 3854 394 3923 τὸν
417 3854 527 3942 μόσχον
551 3861 647 3926 έναντι
664 3869 776 3948 κυρίου,
813 3871 887 3951 ρίου.
913 3869 964 3932 καί
975 3868 1163 3950 προςχεούσιν
1180 3867 1212 3929 οῖ
1226 3865 1287 3928 υίοί
1299 3860 1418 3946 Ἀαρών

172 3944 223 4007 καί
234 3952 440 4045 προςοίσουσιν
451 3944 483 4007 οί
493 3942 553 4007 υίολ
563 3941 681 4032 Ἀαράνν
692 3952 723 4011 οῖ
736 3951 777 4013 ἱε-
812 3951 844 4012 οί
862 3952 945 4032 ἱερεῖς
956 3946 992 4012 τό
1006 3947 1079 4029 αίμα
1091 3942 1187 4012 αὐτοῦ
1198 3947 1249 4012 ἐπὶ
1260 3945 1296 4011 τὸ
1309 3955 1417 4010 θυσια-

172 4036 230 4109 ρεῖς
243 4049 279 4089 το
293 4025 381 4107 αίμα,
408 4026 458 4126 καί
470 4033 641 4111 προςχεοῦοι
653 4025 690 4094 τό
703 4027 777 4112 αίμα
813 4025 933 4134 στήριον
947 4028 1053 4112 κύκλῳ.
1079 4031 1107 4070 ¹²
1118 4030 1169 4092 καί
1185 4029 1327 4095 διδοῦσιν
1339 4026 1416 4094 αὐτὸ

172 4109 222 4172 ἐπί
235 4107 270 4172 τὸ
282 4117 494 4192 θυσιαστήριον
502 4105 601 4194 κύκλῳ
611 4112 647 4177 τό
655 4115 707 4178 ἐπὶ
716 4117 776 4178 τοῖν
812 4137 890 4177 κατα
901 4112 987 4195 μελη,
1012 4113 1063 4176 καί
1079 4109 1131 4194 τήν
1148 4108 1293 4196 κεφαλήν,
1316 4110 1416 4177 καὶτὸ

171 4194 276 4273 θυρῶν
285 4194 337 4274 τῆς
348 4195 452 4294 σκηνῆς
463 4196 517 4255 τοῦ
519 4201 694 4295 Ῐμαρτυρίου.
706 4196 776 4260 6καί
813 4197 911 4279 στέαρ.
936 4196 986 4258 καί
1010 4190 1260 4281 ίπιστοιβάσουσιν
1282 4199 1313 4260 οῖ
1335 4200 1417 4280 ἱερεῖς

173 4275 349 4355 ἐκδείραντες
364 4271 400 4338 τὸ
418 4274 614 4360 ολοκαυτωμα
631 4278 777 4360 μελιοδσιν
813 4274 892 4341 αύτά
910 4278 961 4342 έπί
979 4277 1018 4343 τὰ
1035 4273 1109 4355 ξύλα
1127 4277 1166 4343 τά
1183 4280 1232 4342 ίπί
1249 4283 1305 4345 τοῦ
1323 4278 1417 4365 πυρὸς

173 4354 250 4421 αὐτὸ
275 4351 354 4422 κατά
369 4354 455 4440 μέλη,
481 4360 559 4424 νκαί
580 4359 776 4443 ἐπιθήσουσιν
812 4357 851 4424 τά
872 4362 923 4425 έπί
945 4365 1001 4426 τού
1015 4367 1235 4447 θυσιαστηρίου.
1270 4364 1361 4428 13καί
1378 4362 1416 4426 τά

171 4442 203 4512 σί
227 4443 288 4509 υίοί
307 4436 424 4521 Ἀαρὼν
447 4444 478 4506 oz
497 4445 579 4527 ἱερεῖς
593 4446 655 4529 πῦρ
672 4443 722 4506 ἐπὶ
738 4441 774 4507 τό
812 4442 957 4548 {pollam
981 4446 1033 4510 καί
1054 4444 1123 4520 τοὺς
1147 4442 1243 4521 πόδας
1260 4446 1417 4513 πλυνοῦσιν

171 4518 391 4608 θυσιαστήριον.
412 4521 711 4612 καίίπιστοιβάσουσι
723 4521 775 4602 ξύ-
813 4527 906 4598 υδατι.
932 4529 984 4596 καί
999 4535 1143 4617 προςοίσει
1156 4525 1174 4596 ὁ
1188 4526 1277 4619 ἱερεὺς
1289 4525 1418 4596 τάπάν-

1367 4638 1418 4687 τα,
