2924 4972
486 242 514 300 A
530 239 561 302 A
577 240 610 300 N
619 244 639 299 l
648 242 726 299 HA
766 243 843 313 Κεφ.
857 236 908 322 ιβ’.
924 238 973 300 19.
1285 233 1351 300 953

115 355 191 435 Βὴλ,
217 357 267 418 καὶ
287 351 342 416 οὐκ
366 354 428 415 ἐστι
450 351 535 434 παρὰ
560 352 608 414 σοὶ
626 348 712 424 δόλος
749 374 850 427 γουσιν
876 349 969 415 αὐτὸν
993 346 1119 434 σφόδρα.
1146 351 1196 414 καί
1221 347 1351 426 ἀναγκα-

111 435 180 502 οὐδὲ
192 436 238 510 είς.
278 437 306 476 ¹⁹
319 437 370 498 καὶ
382 429 499 509 ἐγέλασε
513 428 635 516 Δανιὴλ,
661 434 713 497 καὶ
752 431 875 506 σθείςό
921 430 1037 505 ασιλεδς
1056 433 1225 514 παρέδωκεν
1249 430 1352 504 αὐτοῖς

112 519 254 605 ἐκράτησε
271 513 325 580 τόν
340 512 482 602 βασιλέα,
507 520 564 580 τοῦ
575 518 614 599 μὴ
628 519 712 589 είςελ-
751 514 804 581 τόν
817 515 936 599 Δανιηλ.
963 516 989 557 ³¹
1002 519 1032 578 οἶ
1045 512 1076 578 δὲ
1090 514 1195 600 ἔβαλον
1209 513 1303 580 αὐτὸν
1314 519 1352 589 είς

111 614 179 666 θεᾶν
193 596 286 664 αὐτόν
299 602 372 673 ἔσω,
398 600 448 662 καί
460 597 545 663 εἶπεν.
572 599 612 662 ίδε
626 596 662 681 δὴ
675 597 710 661 τό
751 598 803 664 τὸν
816 594 926 665 λάκκον
938 602 1000 662 τῶν
1018 593 1158 671 λεόντων,
1184 599 1235 660 καὶ
1249 590 1282 658 ’ν
1295 600 1355 661 ἐκεῖ

112 686 233 764 ἔδαφος,
247 683 297 744 καὶ
309 685 405 757 γνῶθι
422 686 501 754 τίνος
510 680 548 745 τά
562 681 624 765 ἴχνη
637 685 712 745 ταῦ-
751 681 859 766 ὴμέρας
877 687 919 758 ἕξ.
950 682 980 721 ³²
999 673 1075 765 ἦσαν
1092 678 1124 744 δὲ
1142 683 1173 743 ἐν
1190 683 1234 759 τῷ
1247 624 1352 761 λάκκῳ

111 792 160 830 κα.
187 768 218 808 ²⁰
231 759 557 850 καίελπενόβασιλεύς.
598 760 660 870 ὁρῶ
673 759 712 827 τά
752 762 829 829 ἑπτά
843 765 966 838 λέοντες,
993 765 1043 827 καὶ
1055 763 1169 828 ἐδίδοτο
1182 759 1287 835 αὐτοῖς
1300 757 1353 842 τὴν

112 851 125 912 ἴ
139 873 172 932 νη
186 844 314 927 ἀνδρῶν,
340 850 556 924 καὶγυναικῶν,
579 873 630 911 και
641 871 712 910 παι-
751 845 859 933 ὴμέραν
871 845 926 912 δύο
937 842 1063 928 σώματα
1072 841 1186 910 καὶδύο
1200 839 1351 928 πρόβατα.

111 875 189 996 δίων.
216 932 267 994 καὶ
285 930 432 1013 ὀργισθεὶς
445 927 462 993 5
479 925 614 1017 βασιλεὺς
625 925 711 992 22τό-
749 926 818 995 τότε
831 928 863 995 δὲ
876 928 932 994 οὐκ
946 928 1041 1012 ἐδόθη
1056 927 1171 1003 αὐτοῖς,
1195 931 1246 992 ’ίνα
1257 950 1353 990 κατα-

113 1040 143 1079 τε
154 1008 293 1099 συνέλαβε
304 1011 372 1087 τοὺς
382 1018 473 1098 ἱερεῖς,
487 1012 538 1076 καί
547 1011 600 1087 τὰς
608 1023 711 1089 γυναῐ-
750 1008 869 1095 φάγωσι
882 1010 936 1078 τόν
950 1008 1072 1095 Δανιὴλ.
1098 1011 1182 1075 ”nal
1194 999 1232 1095 ἦν
1240 1007 1352 1096 Ἀμβο-

111 1124 174 1173 κας,
188 1094 289 1160 καὶτὰ
302 1090 392 1160 τίκνα
405 1093 517 1169 αὐτῶν,
541 1097 593 1159 καί
605 1095 713 1170 ἔδειξαν
749 1098 826 1178 κσδμ
839 1094 856 1162 5
867 1090 1025 1180 προφήτης
1036 1098 1067 1159 ἐν
1079 1097 1116 1190 τῇ
1125 1091 1277 1175 Ἰουδαίᾳ,
1302 1093 1354 1157 καί

112 1179 198 1262 αὐτῷ
210 1174 263 1251 τάς
274 1177 406 1263 κρυπτὰς
418 1174 525 1281 θύρας,
539 1176 572 1241 δι’
590 1172 634 1242 ὦν
647 1181 710 1252 εἶςε·
750 1176 843 1253 αὐτὸς
856 1175 971 1262 ἥψησεν
988 1184 1098 1263 ἕφεμα,
1122 1179 1174 1241 καί
1185 1178 1353 1261 ίνίθρυφεν

110 1257 290 1347 πορεύοντο,
313 1263 363 1325 καί
374 1262 535 1326 ἐδαπανων
547 1259 587 1324 τά
599 1261 650 1325 ἐπὶ
661 1265 712 1341 τῆς
750 1260 858 1364 ἀρτους
871 1265 909 1337 είς
923 1257 1055 1344 σκάφην,
1080 1260 1132 1325 καί
1145 1254 1301 1344 ἐπορεύετο
1314 1263 1354 1332 είς

111 1342 268 1429 τραπέζης.
295 1346 325 1384 22
334 1345 385 1408 καὶ
408 1338 577 1408 ἀπέκτεινεν
602 1341 712 1417 αὐτούς
750 1370 788 1410 το
804 1345 907 1411 πεδίον
930 1343 1089 1422 ἀπενέγκαι
1111 1353 1174 1418 τοῖς
1190 1351 1351 1427 θερισταῖς.

112 1426 129 1493 5
142 1425 291 1513 βασιλεὺς,
313 1429 364 1491 καί
375 1427 466 1491 ἔδωκε
478 1424 532 1490 τὸν
543 1424 614 1510 Βὴλ
628 1426 712 1490 5¹50-
750 1428 781 1469 ³⁴
794 1429 846 1492 καί
858 1425 934 1493 εἶπεν
948 1423 965 1492 5
979 1425 1104 1506 ἀγγελος
1115 1431 1218 1512 κυρίου
1229 1430 1273 1506 τῷ
1281 1423 1354 1509 Ἀμ-

112 1535 163 1575 τον
174 1513 219 1592 τῷ
231 1505 359 1591 Δανιὴλ,
372 1509 424 1573 καί
436 1513 630 1595 κατέστρεφεν
655 1507 712 1574 αι’)-
749 1506 873 1597 βακοόμ.
913 1509 1053 1590 ἀπένεγκε
1065 1510 1101 1575 τό
1116 1508 1239 1595 ἀριστον
1252 1504 1271 1572 ὃ
1284 1510 1354 1592 ἔχεις

111 1591 164 1659 τὸν
177 1589 274 1657 καὶτὸ
289 1591 367 1677 ἱερὸν
380 1591 484 1657 αὐτοῦ.
497 1593 578 1656 22καὶ
591 1582 627 1676 ἦν
638 1592 713 1677 δρά-
751 1598 789 1668 είς
801 1594 972 1681 Βαβυλῶνα
984 1599 1027 1678 τῷ
1037 1590 1151 1678 Δανιὴλ
1164 1598 1201 1667 είς
1213 1591 1267 1657 τὸν
1279 1590 1354 1655 λάκ-

111 1703 171 1742 κων
183 1678 284 1779 μέγας,
294 1678 346 1740 καὶ
355 1678 489 1759 ἐσέβοντο
499 1671 595 1740 αιίτὸν
605 1679 712 1740 οἴΒα-
751 1684 878 1743 κοντῶν
890 1673 1029 1744 λεόντων.
1057 1679 1086 1721 ³⁵
1094 1679 1146 1741 καί
1158 1673 1355 1760 ελπενἈμβα-

109 1760 258 1845 βυλωνιοι.
297 1758 385 1823 22καὶ
398 1756 476 1822 εἶπεν
491 1755 656 1843 ὁβασιλεύς
669 1761 713 1840 τῷ
750 1755 834 1842 κούμ.
860 1758 895 1825 κύ
916 1787 939 1825 ιε
957 1761 1132 1847 Βαβυλῶνα
1151 1759 1204 1842 οάχ
1223 1755 1352 1841 ἑώρακα,

109 1837 233 1925 Δανιὴλ.
245 1840 285 1926 μὴ
298 1842 348 1904 καὶ
367 1845 475 1906 τοῦτον
485 1843 568 1922 ἐρεῖς,
581 1837 628 1906 ότι
639 1840 713 1926 χαλ
750 1844 801 1907 καί
822 1841 875 1908 τὸν
897 1788 1008 1909 λάκκον
1031 1841 1067 1908 ού
1084 1838 1229 1921 γινιόσκω.
1258 1841 1288 1883 ³⁶
1302 1840 1356 1905 καί

110 1927 177 2000 νοῦς
190 1929 286 2002 ἕστενς
314 1923 379 1989 ἰδοὺ
402 1926 446 2001 ζῆ,
460 1926 512 1988 καί
534 1927 637 1999 ἐσθίει,
664 1926 713 1989 καλ
751 1922 909 2015 ἐπελάβετο
931 1924 1086 2004 ὃάγγελος
1108 1931 1212 2010 κυρίου
1231 1926 1283 2008 τῆς
1300 1948 1355 1992 κο,-

109 2013 192 2074 πίνει.
220 2006 256 2072 οά
266 2003 391 2072 δύνασαι
402 1997 556 2083 είπεῖν,ὁ’τι
569 2005 624 2073 οὐκ
636 2009 714 2073 ἔστιν
751 2014 846 2094 ρυφὴς
859 2010 965 2089 αὐτοῦ,
976 2012 1027 2074 καὶ
1035 2003 1189 2097 βαστάσας
1201 2012 1252 2110 τὴς
1265 2001 1355 2089 κόμης

111 2083 201 2163 οὗτος
214 2089 285 2165 θεὸς
298 2092 364 2168 ζων,
377 2095 427 2156 καὶ
438 2089 646 2176 προςκάνησον
658 2089 725 2159 αὖε
751 2098 804 2176 τὴς
821 2094 951 2179 κεφαλῆς
968 2092 1064 2159 αὐτοῦ
1083 2095 1187 2176 ἔθηκεν
1204 2088 1299 2156 αυτόν
1316 2092 1356 2164 είς

110 2177 163 2254 τῷ.
187 2173 273 2234 25καὶ
283 2172 344 2236 εἶπε
357 2169 477 2256 Δανιὴλ
491 2180 582 2255 κυρίῳ
594 2179 637 2256 τῷ
650 2178 714 2255 θεῷ
750 2177 924 2260 Βαβυλῶνα
940 2175 1043 2241 ἐπάνω
1056 2180 1111 2241 τοῦ
1123 2172 1247 2249 λάκκου,
1264 2177 1297 2237 ἐν
1310 2174 1354 2254 τῷ

132 2282 167 2319 ου
180 2278 291 2376 προςκυ
320 2249 382 2329 ’σω,
406 2251 453 2317 ὅτι
465 2247 555 2328 οὗτός
570 2259 632 2319 ε’·στι
644 2255 715 2328 θεός
750 2260 839 2362 ροίζῳ
863 2263 918 2322 τοῦ
938 2254 1103 2340 πνεύματος
1126 2255 1230 2321 αὐτοῦ.
1261 2255 1355 2318 ὅϊκαί

109 2284 175 2414 555,
222 2333 286 2399 6σὺ
323 2335 477 2421 ε’βασιλεῡ
494 2334 544 2411 δός
559 2361 610 2417 μοι
630 2339 712 2412 ἰξου-
751 2335 869 2425 εβόησεν
889 2338 1075 2445 Ἀμβακσὺμ,
1109 2339 1211 2416 λέγων.
1239 2333 1354 2402 Δανι“λ

110 2426 195 2494 σίαν,
218 2421 270 2483 καί
280 2416 436 2483 ἀποκτενῶ
448 2417 502 2483 τὸν
514 2417 663 2504 δράκοντα
675 2418 713 2484 ά·
751 2421 877 2505 Δανιὴλ,
889 2422 961 2509 λαβε
973 2419 1010 2487 τὸ
1028 2445 1152 2508 αριστον
1169 2363 1355 2487 ὃάπίστειλά

109 2528 157 2567 νευ
168 2507 315 2608 μαηαίρας
327 2502 378 2566 καλ
391 2501 512 2588 ῥάβδου,
538 2503 588 2566 καί
602 2501 680 2568 εἶπεν
693 2500 711 2566 5
751 2530 799 2569 σοι
811 2502 828 2569 5
840 2501 921 2580 θεός.
948 2506 979 2548 ⁸⁸
992 2507 1043 2571 καὶ
1055 2505 1117 2570 εἷπε
1129 2503 1250 2588 Δανιὴλ.
1265 2497 1354 2586 ἐμνὴ-

107 2587 250 2672 βασιλευς.
278 2585 381 2667 δίδωμί
406 2611 461 2650 σοι.
488 2586 518 2626 22
530 2587 582 2650 καὶ
606 2585 714 2673 ἔλαβεν
750 2598 828 2672 σθης
840 2587 899 2674 γάρ
911 2615 969 2673 μου
987 2586 1004 2655 5
1017 2586 1100 2663 θεὸς,
1113 2592 1164 2652 καὶ
1177 2586 1233 2653 οάκ
1246 2591 1354 2663 ἐγκατ-

110 2668 252 2753 όΔανιὴλ
260 2675 370 2734 πίσσαν
380 2670 431 2732 καί
441 2670 532 2753 στέαρ
543 2668 593 2733 καὶ
602 2675 712 2754 τρίχας,
751 2671 846 2746 ἔλιπες
880 2671 952 2746 τοὺς
980 2667 1159 2750 ἀγαπῶντάς
1181 2696 1221 2735 σε.
1261 2669 1355 2733 22καλ

108 2755 159 2816 καὶ
183 2751 297 2836 ἥψησεν
321 2746 494 2815 ἐπιτοαυτό.
521 2753 572 2816 καὶ
590 2756 712 2837 ἐποίησε
750 2752 880 2830 ἀναστάς
892 2754 1006 2838 Δανιὴλ
1022 2757 1140 2837 ἔφαγεν.
1155 2753 1172 2820 5
1185 2752 1216 2819 δὲ
1231 2751 1353 2829 ἄγγελος

107 2831 210 2918 μάζας.
235 2835 286 2900 καί
306 2835 413 2899 ἔδωκεν
432 2839 470 2909 είς
488 2834 525 2899 τὸ
544 2832 639 2916 στόμα
656 2840 712 2900 τοῦ
749 2841 805 2902 τοῦ
814 2842 889 2903 θεοῦ
898 2835 1113 2922 ἀπεκατέστησε
1122 2835 1176 2904 τὸν
1184 2832 1354 2923 Ἀμβακοάμ

108 2915 338 3001 δράκοντος,καὶ
347 2914 452 3000 φαγὼν
461 2915 597 3003 διεῤῥάγη
609 2916 627 2983 5
638 2917 711 3002 δρά-
748 2926 931 3006 παραχρῆμα
944 2927 982 2996 είς
994 2919 1048 2987 τόν
1060 2917 1157 2986 τόπον
1170 2919 1273 2987 αὐτοῦ.
1296 2913 1353 2983 ⁴⁰5

107 3027 177 3066 κων.
203 3003 254 3066 καί
271 2999 357 3066 εἶπεν.
396 3002 468 3066 ἴδετε
485 3002 525 3065 τά
539 2999 712 3087 σεβάσματα
749 3003 781 3068 δὲ
792 3003 928 3091 βασιλεὺς
940 2992 1016 3090 ἦλθε
1032 3010 1071 3110 τὴ
1088 3002 1183 3090 ἀμέρᾳ
1196 3005 1233 3096 τῇ
1245 2997 1354 3110 ἑβδόμη

109 3083 198 3165 ὑμῶν.
225 3086 257 3128 ²⁸
268 3089 320 3150 καὶ
332 3087 458 3163 ἐγένετο,
484 3081 524 3159 ὧς
537 3083 668 3169 ἤκουσαν
681 3090 712 3151 oz
748 3091 900 3172 πενθῆσαι
912 3085 966 3153 τὸν
976 3077 1108 3174 Δανίηλ,
1120 3089 1171 3153 καί
1183 3077 1278 3170 ἦλθεν
1304 3087 1354 3149 ἐπι

108 3164 312 3254 Βαβυλώνιοι,
338 3165 544 3252 ἠγανάκτησαν
569 3168 636 3235 λίαν
660 3170 712 3234 καὶ
748 3170 801 3236 τὸν
818 3165 948 3249 λάκκον,
974 3167 1182 3298 καίένίβλιψε.
1208 3171 1260 3236 καὶ
1273 3164 1352 3246 ίδοά,

107 3248 348 3336 συνεστράφησαν
367 3252 419 3314 ἐπί
430 3251 485 3317 τὸν
502 3251 634 3338 βασιλέα,
660 3254 711 3317 καὶ
749 3253 862 3339 Δανιὴλ
874 3251 1050 3340 καθὴμενος.
1099 3259 1173 3320 2καί
1185 3249 1354 3339 ἀναβοήσας

107 3335 204 3400 ελπαν.
228 3335 374 3409 Ἰουδαῖος
392 3338 508 3412 γέγονεν
526 3336 543 3400 5
561 3335 710 3483 βασιλεὺς,
748 3344 837 3421 φωνῆ
863 3335 975 3421 μεγάλη
1006 3338 1075 3403 εἷπε.
1100 3335 1193 3419 με’γας
1206 3331 1278 3400 είκά
1298 3334 1353 3398 ιεὸ

105 3415 160 3482 τόν
172 3418 242 3503 Βὴλ
256 3422 422 3483 κατέσπασε
435 3420 548 3482 καὶτὸν
579 3417 712 3503 ράκοντα
747 3409 822 3494 θεὸς
832 3425 888 3484 τοῦ
900 3410 1021 3504 Δαύιὴλ,
1040 3419 1091 3483 καὶ
1102 3417 1156 3482 οάκ
1169 3421 1250 3482 ἔστιν
1262 3360 1352 3490 ἀλλος

107 3498 272 3574 ἀπέκτεινε,
290 3497 424 3572 καὶτοὺς
437 3504 519 3584 ἱερεῖς
533 3503 711 3581 κατέσφαξε,
746 3500 825 3585 πλὴν
838 3506 902 3566 σοῦ.
927 3501 960 3544 ⁴²
971 3502 1023 3565 καί
1035 3503 1161 3565 ἔσπασεν
1173 3497 1274 3572 αὐτὸν,
1282 3497 1352 3572 τούς

106 3582 137 3623 ²⁹
150 3584 200 3645 καί
212 3581 298 3645 εἶπαν
315 3576 454 3653 ἐλθόντες
471 3580 548 3663 πρὸς
561 3582 614 3646 τὸν
625 3586 711 3669 βασι·
745 3583 778 3648 δὲ
790 3587 902 3657 αλτίους
914 3587 966 3667 τῆς
977 3581 1127 3657 ἀπωλείας
1139 3580 1236 3647 αὐτοῦ
1249 3576 1352 3668 ἰνίβα-

106 3663 169 3726 λέα.
194 3660 331 3746 παράδος
343 3658 410 3746 ὴμῒν
422 3662 476 3727 τὸν
490 3663 615 3748 Δανιὴλ,
641 3669 666 3728 εί
678 3663 709 3728 δὲ
745 3665 795 3731 λεν
807 3670 846 3741 ελς
855 3663 910 3730 τὸν
920 3666 1042 3743 λάκκον,
1053 3668 1104 3730 καὶ
1115 3660 1352 3754 κατεβρώθησαν

105 3743 163 3830 μὴ,
189 3745 410 3826 ἀποκτενοῦμεν
423 3771 470 3821 σε,
496 3750 547 3811 καί
559 3747 613 3812 τὸν
625 3745 710 3811 οἶκόν
744 3752 928 3835 παραχρῆμα
940 3744 1070 3815 ἐντόπιον
1082 3745 1189 3815 αὐτοῦ.

107 3856 171 3896 σου.
198 3831 280 3896 2οκαί
291 3826 364 3896 εἶδεν
378 3827 396 3892 5
408 3826 555 3913 βασιλεύς,
570 3827 616 3896 ὅτι
630 3835 709 3896 ἐπεί·
