2924 4972
302 241 670 308 ΜΑεεεΛΒΑιτιΝ
696 246 956 308 Δπυττνοτ
987 241 1160 325 τάμνε.
1291 245 1353 312 991

111 364 231 449 πλῆθος
256 369 318 429 τῶν
340 359 492 444 διαφόρων
517 358 717 446 ἐναρίθμητον
750 358 899 443 στόματος,
908 361 942 426 δι’
959 355 1001 425 οἷν
1009 358 1160 446 πρόδηλον
1172 367 1284 442 ἐγένετο
1294 375 1357 439 τοῖς

111 445 192 523 εἷναι,
205 449 257 512 καί
268 444 308 527 μή
321 440 474 526 προςήκειν
486 444 566 508 αῦτά
579 441 717 527 πρόςτὸν
749 448 901 530 θεωροῦσι
923 443 960 508 τὸ
987 445 1065 508 κατδι
1089 448 1215 528 καρδίαν
1242 445 1357 522 ε’νεστδς

111 535 172 595 τιῦν
184 533 302 596 θυσιῶν
320 527 431 605 λόγον,
456 525 528 592 εἶναι
541 526 574 593 δὲ
592 524 717 593 δυνατόν
750 527 850 605 άλγος.
877 528 906 571 ¹⁸
917 531 948 592 οἶ
960 528 993 592 δὲ
1011 530 1115 591 ἐκτῶν
1134 533 1234 594 οὶκωῦν
1248 529 1355 614 ἀγελη-

111 610 173 678 ῦπό
186 611 241 696 τήν
254 614 311 675 τοῦ
319 611 465 696 βασιλέως
474 611 610 684 ἐξουσίαν
618 621 718 674 πεσεῖν
750 611 804 677 δὸν
816 606 963 695 ἐξεπήδων
982 611 1034 676 ἐπὶ
1052 607 1208 694 πάνδημον
1222 616 1356 693 ἱκετείαν,

112 692 235 760 ἅπαντα
257 698 366 758 ταῦτα.
393 695 406 736 ⁷
420 695 561 775 συμμίξας
579 691 612 758 δέ
630 690 647 756 ό
664 693 717 757 Ἀ·
751 692 800 760 διά
812 694 848 757 τό
861 695 977 776 μέλλειν
991 699 1029 769 είς
1041 690 1263 778 καταφρόνησιν
1275 697 1355 780 ἔρχε-

110 772 280 851 πολλώνιος
293 782 337 859 τῷ
346 775 717 879 βασιλεῒ,περίτώνμηνυ-
752 788 828 843 σθαι
852 777 905 841 τὸν
929 773 1032 842 τόπον.
1057 779 1085 820 22
1101 773 1297 859 ὑπεζωσμέναι
1324 775 1357 841 δὲ

110 864 229 926 θέντων
254 858 337 943 αὐτῷ
356 858 516 962 χρημάτων
542 863 717 939 ἐνεφάνισεν.
752 859 813 926 ῦπὸ
832 859 903 934 τοῦς
920 860 1056 944 μαστοὺς
1074 864 1108 925 αῖ
1126 872 1262 937 γυναῖκες
1281 859 1355 924 σάκ-

113 942 131 1011 ό
145 944 177 1011 δὲ
189 969 447 1028 προχειρισαμενος
460 937 658 1026 Ἡλιόδωρον,
666 941 718 1008 τὸν
750 969 820 1018 κους
831 943 909 1006 κατὰ
922 946 975 1019 τάς
989 940 1080 1018 όδοῦς
1092 940 1255 1025 ἐπλήθυον.
1277 946 1311 1006 αἱ
1323 943 1357 1009 δέ

113 1030 236 1094 ἐπὶτῶν
254 1024 454 1112 πραγμάτων,
481 1025 633 1092 ἀπέστειλε
645 1025 717 1100 δοὺς
751 1021 954 1092 κατάκλειστοι
972 1029 1033 1092 τιῦν
1053 1031 1230 1109 παρθένων,
1255 1031 1287 1093 αί
1303 1024 1355 1108 μὲν

113 1112 251 1188 ἐντολάς,
278 1109 330 1195 τήν
342 1115 403 1174 τών
418 1111 635 1194 προειρημένων
639 1135 718 1238 χρη-
751 1113 922 1195 συνέτρεχον
939 1114 991 1177 ἐπί
1010 1109 1082 1185 τοῦς
1098 1110 1250 1184 πυλῶνας,
1276 1113 1310 1176 αἶ
1322 1109 1356 1175 δὲ

111 1192 215 1278 μάτων
236 1193 390 1296 ἐκκομιδὴν
410 1188 612 1276 ποιήσασθαι.
668 1217 717 1257 ευ-
750 1198 800 1260 ἐπί
811 1193 850 1257 τά
869 1199 963 1278 τείχη,
988 1192 1062 1267 τινές
1080 1192 1113 1259 δέ
1125 1192 1174 1260 διά
1190 1197 1251 1258 τῶν
1264 1198 1355 1279 θυρί-

112 1283 193 1352 θέως
215 1276 247 1342 δὲ
262 1273 286 1350 ,ό
314 1272 490 1361 Ηλιόδωρος
512 1278 639 1341 ἐποιεῖτο
661 1273 718 1359 τήν
750 1278 809 1342 δων
822 1277 1017 1352 διεξέκυπτον.
1043 1279 1176 1343 22πᾶσαι
1189 1277 1222 1340 δὲ
1233 1280 1354 1362 προτεί-

112 1365 245 1442 πορείαν,
259 1365 296 1452 τῇ
308 1361 361 1442 μὲν
380 1357 503 1444 ἐμφάσει
518 1355 621 1433 ὦςτάς
638 1358 717 1425 κατὰ
749 1385 854 1424 νουσαι
880 1359 934 1435 τάς
956 1372 1052 1444 χεῖρας
1074 1363 1114 1435 είς
1136 1358 1191 1425 τόν
1212 1357 1354 1443 οῦρανὸν,

113 1445 215 1526 κοίλην
238 1449 353 1526 Συρίαν
377 1445 428 1507 καί
452 1448 593 1525 Φοινίκην
616 1440 718 1517 πόλεις
749 1448 907 1509 ἐποιοῦντο
924 1443 981 1527 τήν
998 1444 1154 1508 λιτανείαν.
1181 1444 1208 1484 22
1221 1443 1309 1507 ἐλεεῖν
1322 1443 1351 1507 δ’

114 1521 298 1607 ἐφοδεῦσων,
323 1531 367 1609 τῷ
379 1522 533 1612 πράγματι
551 1526 584 1590 δὲ
596 1526 650 1611 τήν
663 1530 718 1592 τοῦ
750 1517 785 1611 ήν
807 1526 861 1610 τήν
883 1530 939 1591 τοῦ
959 1525 1098 1610 πλήθους
1117 1529 1254 1610 παμμιγῆ
1276 1523 1355 1609 πρό·

77 1673 80 1680 .
113 1611 255 1696 βασιλέως
267 1609 412 1694 πρόθεσιν
425 1608 610 1676 ἐπιτελέσων.
633 1611 717 1675 2πα-
748 1635 873 1685 πτωσιν,
886 1605 940 1694 τήν
951 1635 982 1676 τε
994 1614 1052 1676 τοῦ
1069 1606 1202 1692 μεγάλως
1214 1611 1354 1687 διαγωνι·

114 1697 284 1776 ραγενηθεὶς
296 1693 328 1759 δὲ
341 1687 591 1777 εἰςἾεροσόλυμα,
603 1694 656 1758 καί
668 1718 718 1773 φι·
749 1698 843 1768 ῶντος
867 1692 1023 1779 ἀρχιερέως
1046 1694 1235 1777 προςδοκίαν.
1276 1695 1305 1734 22
1326 1696 1355 1757 ολ

114 1775 270 1863 λοφρόνως
282 1774 344 1841 ῦπό
360 1782 415 1841 τοῦ
429 1775 584 1861 ἀρχιερέως
596 1780 648 1860 τῆς
659 1771 717 1840 πό-
746 1776 798 1858 μὲν
816 1767 871 1841 οῦν
889 1776 1092 1842 ἐπεκαλοῦντο
1112 1776 1166 1841 τὸν
1179 1770 1354 1858 παντοκρά-

113 1861 186 1936 λεως
211 1859 395 1944 ἀποδεχθεὶς,
421 1859 546 1925 ἀνέθετο
569 1862 639 1945 περί
663 1865 718 1925 τοῦ
747 1885 824 1945 τορα
837 1856 912 1924 θεόν
931 1859 970 1924 τά
987 1862 1202 1941 πεπιστευμένα
1219 1869 1282 1933 τοῖς
1300 1882 1354 1922 πε-

113 1942 272 2022 γεγονὸτος
287 1947 479 2028 ἐμφανισμοῦ,
504 1942 556 2006 καί
568 1948 646 2017 τίνος
659 1946 717 2007 ένι-
746 1943 914 2008 πωτευκόσι
947 1948 1013 2008 σεῦα
1038 1939 1252 2022 διαφυλάσσειν
1280 1938 1354 2021 μετά

114 2052 161 2092 κεν
177 2025 303 2112 πάρεστι
321 2023 502 2111 διεσάφησεν.
528 2022 718 2091 ἐπυνθάνετο
748 2021 847 2111 πάσης
859 2025 1033 2107 ἀσφαλείας.
1059 2023 1112 2091 22ό
1125 2024 1158 2092 δέ
1166 2021 1355 2107 Ἡλιόδωρος

114 2112 157 2183 δὲ,
185 2115 210 2173 εί
235 2121 300 2183 ταῖς
326 2109 480 2193 ἀληθείαις
498 2113 597 2175 ταῦτα
622 2104 719 2184 οῦτως
749 2108 785 2175 τό
805 2111 1012 2193 διεγνωσμένον
1029 2107 1165 2174 ἐπετέλει.
1190 2108 1222 2151 ²⁴
1243 2104 1355 2173 αὐτόθι

114 2197 218 2276 ἔχοντα
230 2187 371 2274 τυγχάνει.
409 2195 438 2236 22
451 2197 507 2255 τοῦ
520 2190 553 2254 δὲ
565 2191 719 2275 ἀρχιερέως
749 2191 782 2256 δὲ
801 2191 897 2256 αῦτοῦ
921 2190 974 2257 σῦν
995 2205 1059 2266 τοῖς
1083 2187 1258 2276 δορυφόροις
1275 2188 1354 2254 κατά

115 2274 320 2349 ἀποδείξαντος
339 2268 522 2359 παραθήκας
535 2271 608 2337 εἶναι
619 2277 718 2376 χηριῦν
749 2272 785 2336 τό
796 2271 1015 2352 γαζοφυλάκων
1025 2273 1081 2356 ἤδη
1092 2269 1253 2354 παρόντος,
1267 2269 1354 2336 ῦτῶν

111 2385 145 2424 τε
163 2359 215 2422 καὶ
233 2354 389 2440 ὀρφανῶν,
413 2359 439 2397 ¹¹
452 2350 519 2419 τινά
531 2354 564 2419 δέ
582 2356 633 2419 καί
659 2359 719 2437 Τρ-
747 2352 888 2439 πατέρων
906 2351 1004 2439 κῦριος
1025 2358 1076 2419 καὶ
1098 2354 1198 2439 πάσης
1219 2356 1353 2430 ἐξουσίας

112 2445 208 2506 κανοῦ
227 2444 282 2504 τοῦ
296 2443 415 2526 Τωβίου
434 2434 550 2542 σφόδρα
568 2434 675 2522 ἀνδρὸς
687 2441 718 2503 ἐν
748 2433 893 2521 δυνάστης
914 2435 1085 2517 ἐπιφάνειαν
1100 2434 1227 2522 μεγάλην
1249 2441 1353 2521 ἐποίη-

113 2521 243 2607 ῦπεροχῆ
255 2525 403 2603 κειμένου,
428 2519 483 2606 οῦχ
496 2546 592 2604 ωςπερ
606 2510 640 2603 ήν
653 2521 718 2584 δια·
749 2544 808 2598 σεν,
820 2517 893 2596 ιῦςτε
904 2518 1019 2597 πάντας
1031 2517 1353 2606 τοῦςκατατολμήσαν-

111 2595 407 2695 βάλλωῦόδυςσεβής
421 2603 627 2689 Σίμων,τάδέ
638 2599 718 2669 πάν·
749 2629 803 2678 τας
827 2605 992 2679 συνελθεῖν,
1028 2603 1275 2682 καταπλαγέντας
1298 2601 1353 2687 τήν

112 2718 151 2757 τα
163 2689 305 2774 ἀργυρίου
316 2683 490 2775 τετρακόσια
498 2683 642 2763 τάλαντα,
646 2713 718 2773 χρυ-
749 2691 805 2752 τοῦ
818 2691 896 2753 θεοῦ
908 2685 1041 2770 δῦναμιν,
1054 2692 1093 2763 εές
1105 2688 1219 2753 ἔκλυσιν
1231 2690 1282 2751 καί
1294 2687 1353 2752 δει-

113 2781 180 2839 σίου
207 2771 239 2838 δὲ
265 2769 412 2839 διακόσια.
442 2770 660 2874 22ἀδικηθήναι
684 2769 717 2836 δέ
748 2770 815 2834 λίαν
832 2777 990 2856 τραπῆναι.
1016 2773 1046 2814 22
1059 2769 1153 2854 ὤφθη
1170 2766 1228 2855 γάρ
1240 2794 1284 2844 τις
1296 2774 1352 2834 ἰ’π·

111 2852 182 2930 τοῦς
196 2851 427 2930 πεπιστευκότας
441 2860 481 2938 τῆ
498 2856 553 2920 τοῦ
568 2879 668 2920 τοπου
680 2850 716 2920 ἀ·
747 2879 805 2930 πος
818 2852 923 2930 αῦτοῖς
941 2853 1071 2942 φοβερὸν
1086 2857 1160 2940 έχων
1179 2852 1234 2920 τόν
1245 2849 1353 2940 ἐπιβά-

111 2938 243 3031 γιωσῦνη
256 2943 308 3004 καί
319 2944 356 3031 τῇ
368 2940 423 3004 τοῦ
440 2940 626 3022 τετιμημένου
637 2934 717 3002 κατά
747 2961 812 3020 την,
832 2938 884 3003 καί
901 2939 1043 3024 καλλίστη
1063 2942 1141 3029 σαγῇ
1160 2940 1353 3020 διακεκοσμη-

111 3021 164 3087 τὸν
178 3021 337 3105 σύμπαντα
349 3021 462 3104 κόσμον
473 3026 552 3107 ἱεροῦ
563 3017 716 3104 σεμνότητι
743 3024 843 3127 μένος,
856 3020 1013 3107 φερόμενος
1025 3020 1057 3086 δέ
1069 3018 1160 3107 ῥύδην
1172 3023 1296 3086 ἐνέσεισε
1308 3024 1352 3103 τῷ

112 3107 163 3171 καί
176 3103 296 3189 ἀσυλίᾳ,
308 3106 462 3180 παντελοῦς
474 3101 622 3191 ἀμήχανον
633 3103 717 3171 εἶναι.
754 3102 922 3191 Ηλιοδιόρῳ
948 3102 1003 3182 τάς
1020 3108 1220 3191 ἐμπροσθίους
1246 3100 1352 3178 όπλάς.

112 3185 215 3254 22ὁδέ
227 3187 426 3272 Ἡλιόδωρος,
440 3188 473 3254 δι’
490 3186 526 3265 ἀς
537 3188 590 3274 εἶχε
600 3188 717 3276 βασιλι-
748 3187 766 3257 ὁ
790 3188 823 3254 δὲ
848 3185 1063 3274 ἐπικαθήμενος
1088 3193 1224 3271 ἐφαίνετο
1264 3191 1336 3291 ρυσή

112 3273 166 3346 κάς
179 3273 311 3349 ἐντολάς,
321 3270 441 3348 πάντως
454 3273 552 3353 ἐλεγεν
563 3278 601 3349 είς
609 3270 649 3354 ,τὸ
661 3276 718 3360 βα·
747 3273 918 3340 πανοπλίαν
942 3276 1025 3358 έχων.
1067 3275 1097 3317 22
1123 3278 1215 3356 έτεροι
1240 3213 1271 3336 δὲ
1298 3272 1352 3335 δυο

111 3356 223 3422 σιλικδν
237 3354 413 3441 ἀναληπτέα
421 3362 518 3423 ταῦτα
532 3356 614 3423 εἶναι.
628 3357 718 3421 22τα-
748 3353 963 3440 προεφάνησαν
975 3355 1060 3420 αῦτιῦ
1079 3361 1191 3420 νεανίαι
1205 3357 1244 3444 τῇ
1273 3353 1352 3438 ’ώμη

111 3438 233 3520 ξάμενος
246 3438 396 3523 δέήμέραν
407 3437 490 3520 είςήει
500 3442 554 3521 τήν
566 3440 632 3521 περί
644 3435 717 3503 τοῦ-
746 3440 799 3522 μὲν
812 3443 973 3522 ἐκπρεπεῖς,
1006 3421 1159 3501 κάλλιστοι
1172 3435 1204 3499 δὲ
1216 3439 1254 3527 τῇ
1265 3378 1350 3517 δόξῃ,

110 3545 171 3585 των
196 3524 351 3601 ἐπίσκεψιν
376 3511 586 3602 οίκοῦομήσων.
626 3510 662 3600 ήν
684 3519 716 3584 δὲ
747 3523 915 3605 διαπρεπεῖς
931 3519 964 3584 δὲ
984 3518 1038 3624 τήν
1055 3512 1223 3604 περιβολήν.
1258 3524 1290 3582 οἳ
1300 3521 1351 3583 καὶ

111 3601 147 3668 οῦ
159 3602 248 3685 μικρά
261 3600 331 3668 καθ’
346 3599 420 3706 ὅλην
429 3601 485 3685 τήν
494 3598 583 3666 πόλιν
592 3600 714 3680 ἀγωνία.
745 3601 951 3688 παραστάντες
961 3603 992 3678 ἐξ
1002 3605 1145 3684 εκατέρου
1153 3603 1269 3687 μέρους,
1282 3602 1350 3681 ε’μα·

110 3687 136 3730 ¹⁵
151 3689 181 3751 οἶ
198 3686 230 3750 δὲ
246 3692 328 3770 ίερεῖς
344 3711 405 3770 προ
423 3689 477 3749 τοῦ
495 3690 714 3768 θυσιαστηρίου
747 3692 869 3764 στίγουν
887 3683 982 3750 αῦτδν
1000 3683 1208 3758 ἀδιαλείπτως,
1234 3681 1350 3759 πολλάς

110 3776 141 3836 ἐν
164 3781 230 3844 ταῖς
253 3774 412 3852 ῖερατικαῖς
432 3768 553 3843 στολαῖς
574 3771 715 3852 ῥίψαντες
746 3772 985 3855 ἐπιῤῥιπτσῦντες
994 3767 1080 3850 αὐτῷ
1088 3763 1213 3851 πληγάς.
1223 3768 1253 3810 22
1262 3765 1350 3846 ἀφνω

110 3850 242 3929 ἑαυτοῦς,
255 3852 454 3918 ἐπεκαλοῦντο
473 3855 512 3926 εἷς
524 3849 714 3936 οῦρανδντδν
746 3851 778 3917 δὲ
797 3848 928 3918 πεσόντα
946 3851 1025 3936 πρὸς
1042 3851 1094 3934 τήν
1110 3856 1165 3934 γήν
1180 3855 1231 3916 καί
1242 3850 1349 3934 πολλῷ

109 3940 177 4022 περί
194 3932 375 4023 παραθήκης
391 3932 634 4018 νομοθετήσαντα
651 3946 715 4011 τοῖς
746 3933 845 4001 σκότει
870 3938 1081 4020 περιχυθέντα,
1108 3929 1351 4015 συναρπάσαντες

109 4022 408 4103 παρακαταθεμένοις
416 4023 514 4084 ταῦτα
528 4025 594 4085 σῶα
606 4019 714 4121 διαφυ-
744 4021 795 4084 καί
807 4025 845 4096 εἷς
858 4030 979 4101 φορεῖον
991 4021 1132 4095 ἐνθέντες,
1169 4018 1201 4061 ²⁸
1213 4017 1268 4084 τόν
1281 4017 1351 4102 ἀρτι

108 4102 205 4177 λάξαι.
231 4108 259 4150 22
271 4094 307 4189 ἦν
324 4103 356 4169 δὲ
374 4099 492 4189 δρῶντα
509 4101 565 4185 τήν
577 4107 634 4168 τοῦ
656 4127 713 4185 αρ-
743 4100 819 4186 μετά
835 4102 951 4186 πολλής
969 4102 1165 4188 παραδρομῆς
1181 4103 1234 4166 καὶ
1248 4097 1350 4183 πάσης

106 4188 223 4270 χιερέως
236 4189 328 4264 ἰδέαν,
352 4184 567 4274 τιτρώσκεσθαι
580 4184 634 4267 τήν
646 4182 712 4250 διά-
743 4187 926 4272 δορυφορίας
949 4190 987 4261 ελς
1006 4184 1043 4250 τό
1061 4189 1271 4272 προειρημένον
1294 4187 1350 4256 είς·

107 4291 198 4333 νοιαν.
227 4264 246 4352 ή
263 4270 322 4355 γάρ
342 4270 414 4355 δφις
431 4272 482 4334 καί
498 4267 535 4333 τὸ
551 4273 605 4349 τῆς
622 4263 713 4353 χρόας
743 4266 875 4336 ελθόντα
887 4265 1121 4351 γαζοφυλάκιον,
1133 4273 1238 4353 έφερον
1249 4261 1348 4351 ἀβοή-

106 4350 354 4436 παρηλλαγμένον
383 4357 513 4435 ἐνέφαινε
548 4349 602 4436 τήν
635 4349 712 4418 κατά
741 4362 838 4437 θητον
864 4355 962 4436 ἐαυτῷ
992 4358 1188 4426 καθεστῶτα,
1213 4352 1349 4432 φανεραῖς

107 4433 204 4520 ιμνχήν
228 4431 366 4512 ἀγωνίαν.
406 4440 434 4481 22
446 4439 629 4521 περιεκέχυτο
651 4433 710 4519 γάρ
743 4436 797 4520 τήν
817 4443 874 4502 τοῦ
891 4442 968 4502 θεοῦ
987 4437 1162 4503 δυναστείαν
1181 4429 1347 4510 ἐπεγνωκό·

107 4523 174 4603 περὶ
185 4515 237 4585 τὸν
250 4516 346 4606 ἀνδρα
362 4519 430 4596 δέος
443 4545 472 4586 τι
485 4524 535 4586 καί
548 4519 711 4606 φρικασμὸς
744 4545 795 4597 τες.
823 4523 854 4565 22
867 4523 918 4586 καί
932 4517 949 4585 ὁ
966 4520 1018 4603 μὲν
1035 4516 1083 4584 διά
1102 4516 1157 4604 τήν
1169 4523 1256 4583 θείαν
1267 4517 1347 4613 ἐνέρ-

1267 4623 1341 4674 γειαν
