2924 4972
147 189 214 261 σου
293 182 678 250 ΜΑΚΚΑΒΑΙΩΝ
703 183 912 247 mm
950 177 1268 261 περιεξαίνετο.

144 282 347 385 πολεμήσωσιν
368 297 479 374 αὐτούς
501 301 553 363 καὶ
573 295 629 374 τάς
650 295 754 374 πόλεις
788 322 848 362 οια.
875 296 1006 381 είδὲμη,
1025 298 1261 382 παραγενόμενοι
1274 299 1401 364 ἐκπολε-

145 382 248 449 αὐτῶν
259 385 310 449 καί
322 381 377 466 τὴν
388 379 488 466 χάραν
501 379 614 457 αὐτῶν,
639 383 691 446 καί
702 386 755 448 ἵνα
786 376 915 467 μήσσμεν
933 377 1020 464 ὑμᾶς.
1047 382 1078 423 33
1090 382 1142 445 καί
1160 371 1252 465 ἦλθεν
1266 379 1396 466 Ἀθηνό-

145 467 186 552 μίη
199 492 315 552 ουμμαχ
324 465 406 531 ’σωσι
419 477 484 541 τοῖς
502 466 682 549 πολεμοῦσιν
694 463 753 530 αύ-
785 467 850 612 βως
863 463 948 545 φίλος
961 468 1018 529 τοῦ
1032 463 1181 551 βασιλέως
1195 470 1233 541 είς
1242 464 1400 550 Ἰερουσα-

313 494 333 613 ό
808 544 862 694 ηρ,
887 545 1074 649 καὶεῖδεὶτην
1090 544 1182 626 δόξαν
1194 555 1330 631 Σίμωνος
1344 552 1399 653 ηαί

146 550 228 627 τούς.
253 552 313 614 3θέ
333 552 380 625 οξε
397 547 430 614 δὲ
446 545 515 632 ἡμῖν
533 550 681 625 δέξασθαι
699 549 756 654 την

147 634 265 699 ἀσπίδα
286 629 357 717 παρ’
373 628 484 698 αὐτῶν.
522 634 550 674 ²¹
563 635 591 697 εί
604 656 679 709 τινες
701 658 756 699 ουν
786 656 822 695 κυ
851 641 930 694 κείαν
950 655 1024 714 μετα
1040 633 1247 716 χρυσωμάτων
1266 635 1320 696 καὶ
1338 659 1398 716 αρ-

147 718 249 801 λοιμοί
269 710 499 795 διαπεφεύγασιν
524 718 558 781 ίιι
582 719 634 801 τῆς
655 715 756 802 χώρας
785 709 986 822 γυρωμάτων,
1011 717 1063 778 καί
1074 711 1268 796 παράστασιν
1281 715 1397 800 ἱκανὴν,

147 798 341 885 αύιῶνπρός
360 795 450 882 ἀμάς,
475 795 630 884 παράδοτε
643 798 756 874 αύτούς
786 822 838 861 και
863 800 1015 874 ἐξίστατο,
1040 798 1092 861 καί
1113 795 1289 874 ἀπ’γγειλεν
1309 798 1397 884 αύτῷ

146 890 262 966 Σίμωνι
274 885 320 966 τῷ
332 879 467 987 ἀρχιερεῖ,
479 877 565 959 ὅπως
578 878 713 968 ἔκδικηση
725 887 755 948 ἐν
786 877 857 955 τούς
882 876 992 958 λόγους
1015 884 1070 946 τοῦ
1093 825 1249 966 βασιλέως.
1289 883 1319 925 33
1343 887 1397 948 καί

147 965 252 1042 αὐτοῖς
263 963 342 1031 κατά
354 989 408 1030 τον
419 961 512 1049 νόμον
525 965 635 1033 αότιόν.
661 956 755 1031 33’καί
786 960 963 1041 ἀποκριθεὶς
979 969 1082 1048 Σίμων
1099 962 1176 1030 είπεν
1189 961 1282 1047 αὐτῷ.
1322 966 1397 1032 οὔτε

143 1047 187 1115 ’τό
200 1047 280 1116 αότά
299 1053 414 1136 ἔγραψε
430 1055 592 1136 Δημητρίῳ
611 1054 657 1135 τῷ
668 1055 755 1160 βασι·
785 1051 841 1130 γῆν
853 1046 1018 1132 ἀλλοτρίαν
1034 1043 1202 1132 εἰλήφαμεν,
1217 1046 1284 1113 ούτε
1297 1046 1395 1114 ἀλλο-

147 1132 202 1209 λεῖ,
216 1128 423 1218 καίἈτιάλῳ,
430 1133 611 1238 Ἀριαράθη,
624 1161 676 1200 και
684 1132 754 1220 ’Λρ-
786 1137 878 1217 τρίων
896 1128 1132 1216 κεκρατήκαμεν,
1158 1129 1238 1195 ἀλλά
1255 1134 1306 1215 της
1320 1132 1395 1217 κλη-

146 1213 243 1301 σάκη,
267 1218 298 1259 33
311 1221 362 1282 καί
384 1222 424 1292 είς
444 1213 546 1294 πάσας
568 1243 623 1294 τας
644 1213 754 1303 χάρας,
785 1214 1264 1299 ρονομίαςτάνπατέρωνῆμῶν,
1288 1212 1349 1281 ύπό
1363 1219 1398 1282 δὲ

147 1290 260 1365 κάλ’Σα
283 1298 381 1384 φάμη,
398 1303 449 1366 καὶ
460 1298 678 1386 Σπαρτιάταις,
703 1303 756 1367 καί
787 1302 906 1383 ἐχθρῶν
923 1293 1005 1382 ἡμῶν
1025 1301 1055 1362 ἔν
1074 1323 1130 1363 τινι
1150 1304 1247 1384 καιρῷ
1265 1297 1397 1386 ἀκρίτως

147 1387 186 1457 είς
211 1328 323 1468 Δῆλον,
350 1377 402 1450 καί
417 1389 456 1460 εἰς
474 1385 619 1460 Μύνδον,
646 1387 697 1450 καὶ
716 1390 756 1460 είς
787 1378 1005 1484 κατεκρατηθη.
1018 1380 1180 1466 33ίημεῒςδὲ
1195 1381 1299 1467 καιρόν
1312 1387 1395 1469 ἔχον-

147 1472 297 1541 Σιιιυῶνα,
310 1469 363 1532 καί
375 1472 414 1543 είς
426 1466 482 1552 τὴν
493 1475 628 1555 Καρίαν,
653 1471 705 1534 καὶ
717 1474 755 1543 είς
787 1489 833 1539 τες
849 1462 1033 1570 ἀντεχρμεθα
1051 1470 1105 1550 τῆς
1120 1465 1315 1568 κληρονομίας
1335 1472 1397 1534 τῶν

79 1593 81 1598 ·
146 1546 261 1631 Σάμον,
285 1551 338 1614 καί
353 1555 393 1625 εἰς
411 1550 466 1635 την
483 1553 681 1633 Παμφυλίαν,
703 1554 755 1618 καί
786 1551 925 1631 πατέρων
938 1554 1026 1633 ημῶν.
1046 1551 1148 1632 33περί
1161 1551 1192 1614 δε
1203 1548 1332 1635 Ἰόππης
1344 1554 1396 1617 καί

147 1635 187 1708 είς
198 1631 252 1717 την
263 1637 391 1709 Λυκίαν,
401 1636 453 1698 καί
465 1639 504 1710 εἰς
510 1633 754 1719 Ἀλικαρνασσὸν,
786 1633 936 1717 Γαζάρων
947 1622 992 1696 τόν
1004 1637 1103 1709 αἰτεῖς,
1121 1624 1213 1697 αύται
1227 1637 1351 1701 ἐποίουν
1364 1639 1396 1701 ἐν

147 1710 376 1792 καλείςῬόδον,
389 1720 490 1793 καὶείς
507 1718 678 1802 Φασηλίδα,
703 1720 756 1785 καί
786 1718 830 1797 τῷ
853 1716 919 1779 λαῶ
941 1714 1059 1800 πληγὴν
1080 1712 1212 1800 μεγάλην
1237 1717 1315 1782 κατά
1341 1716 1396 1802 τὴν

147 1804 186 1874 είς
199 1803 267 1874 Καὶ,
280 1801 332 1863 καλ
344 1804 382 1876 είς
394 1800 497 1884 Σίδην,
505 1803 556 1867 καί
568 1807 606 1877 εἰς
614 1799 753 1886 Ἄραδον,
784 1793 886 1884 χάραν
898 1780 994 1882 ληρῶν,
1008 1796 1126 1866 τούτων
1138 1796 1270 1882 δώσομεν
1281 1798 1392 1866 τάλαν-

146 1885 198 1948 ιιαί
223 1886 262 1958 είς
286 1878 335 1947 Γύ
355 1907 452 1958 τυναν,
477 1886 528 1949 καὶ
551 1886 677 1958 Κνίδον,
702 1886 754 1950 καί
785 1905 825 1945 τα
842 1878 957 1945 ἑκατόν.
994 1884 1046 1946 καὶ
1063 1881 1117 1950 οόκ
1137 1882 1286 1968 ἀπεκρίθη
1305 1888 1390 1964 αὐτῷ

148 1961 284 2049 Κύπρον,
298 1964 507 2052 καιΚυρηνην.
531 1966 609 2032 33τὸ
622 1965 753 2033 δὲάντί-
782 1960 960 2050 Ἀθηνόβισς
983 1963 1083 2041 λόγον.
1123 1964 1335 2071 33ἀπέστρεφε
1357 1965 1391 2031 δὲ

146 2070 264 2132 γραφον
285 2048 386 2112 αὐτῶν
409 2053 550 2134 ἔγραψαν
570 2055 686 2133 Σίμωνι
708 2053 753 2131 τῷ
782 2044 856 2128 μετά
876 2051 982 2131 θυμοῦ
1002 2048 1081 2134 πρὸς
1094 2049 1149 2116 τόν
1169 2048 1316 2134 βασιλεα,
1342 2051 1392 2114 καί

147 2130 280 2216 ἀρχιερεῖ.
306 2132 335 2174 33
353 2129 503 2216 Ἀντίοχος
521 2130 554 2196 δὲ
573 2128 593 2197 ὁ
614 2129 752 2218 βασιλεύς
784 2124 959 2214 ἀπήγγειλεν
971 2129 1057 2216 αὐτῷ
1067 2132 1137 2208 τούς
1147 2130 1256 2212 λόγους
1269 2129 1394 2208 τούτους

145 2212 345 2300 παρενέβαλεν
357 2216 409 2279 ἐπί
421 2219 515 2302 Λωρά
527 2218 558 2280 ἐν
569 2219 607 2298 τῆ
620 2218 753 2303 δευτέρη,
783 2215 835 2278 καί
859 2212 915 2296 τὴν
941 2211 1031 2291 δόξαν
1053 2222 1192 2299 Σίμωνος
1215 2219 1268 2282 καί
1290 2213 1393 2282 πάντα

146 2293 307 2384 προςάγων
319 2295 481 2374 διαπαντός
498 2297 578 2392 αὐτῇ
589 2286 644 2374 ’τάς
655 2311 754 2384 χείρος
784 2293 845 2361 ὅσα
858 2295 925 2375 είδε,
939 2301 991 2363 καί
1003 2297 1142 2385 ὠργίσθη
1155 2298 1172 2364 ὁ
1185 2301 1325 2387 βασιλεὺς
1338 2300 1392 2386 όρ-

146 2384 198 2446 nal
209 2381 341 2465 μηχανάς
351 2377 536 2465 ποιούμενος,
546 2387 598 2448 καὶ
607 2383 754 2449 συνέκλει-
782 2378 838 2458 γ“ν
848 2379 988 2466 μεγάλην.
1017 2383 1046 2426 33
1063 2380 1195 2464 Τρύφων
1207 2382 1240 2446 δὲ
1252 2383 1343 2470 ἐμβάς
1354 2388 1394 2460 είς

148 2490 181 2530 σε
192 2464 246 2531 τόν
259 2460 409 2548 Τρύφωνα
419 2470 474 2531 τοῦ
484 2465 523 2549 μὴ
534 2466 753 2553 είςπορεύεσθαι
784 2409 893 2529 πλοῖον
906 2467 1014 2545 ἔφυγεν
1024 2469 1064 2540 είς
1074 2463 1276 2549 Ὀρθωσιάδα.
1304 2469 1394 2532 33ιιαί

146 2551 199 2614 καὶ
220 2544 442 2632 ἐκπορεύεσθαι.
468 2552 499 2593 ²³
511 2553 562 2615 καί
585 2550 753 2617 ἀπέστειλεν
785 2549 963 2631 κατέστησεν
976 2546 1134 2650 ὁβασιλεύς
1147 2548 1199 2614 τὸν
1211 2550 1393 2635 Κενδεβαῖον

147 2630 234 2715 αύτῷ
250 2637 353 2716 Σίμων
372 2631 526 2716 διςχιλίους
543 2632 656 2718 ἀνδρας
673 2635 754 2700 ίκλε-
786 2630 955 2716 στρατηγόν
971 2657 1025 2716 της
1043 2633 1209 2719 παραλίας,
1235 2638 1286 2697 καὶ
1298 2631 1391 2697 δυνά-

146 2714 236 2791 κτσύς
249 2720 436 2800 συμμαχῆσαι
451 2714 535 2799 αύτῷ
548 2720 598 2781 καί
611 2714 754 2803 ἀργύριον
784 2740 843 2797 μεις
860 2714 978 2790 πεζικὰς
997 2717 1048 2780 καὶ
1067 2713 1189 2791 ίππικάς
1209 2717 1316 2782 ἔδωκεν
1335 2716 1392 2781 αά-

146 2801 198 2863 καὶ
213 2803 333 2884 χρυσίον
352 2801 403 2863 καὶ
421 2795 506 2884 σκεύη
526 2797 621 2864 ἱκανά.
660 2803 689 2844 33
703 2806 753 2867 καί
786 2803 838 2881 τῷ.
868 2799 899 2840 ³³
912 2801 964 2863 καί
985 2801 1148 2866 ἐνετείλατο
1171 2799 1257 2882 αύτῷ
1278 2826 1394 2884 παρεμ-

146 2881 200 2948 ούκ
226 2879 369 2968 ἠβούλετο
396 2882 475 2947 αὐτά
501 2884 657 2960 δέξασθαι,
685 2882 749 2949 ἀλλ’
784 2881 885 2967 βαλεῖν
896 2884 976 2947 ιιατά
988 2881 1154 2968 πρόςωπον
1170 2889 1224 2966 τῆς
1233 2883 1392 2960 Ἰουδαίας.

146 2963 277 3068 ἢθίτηοε
300 2961 401 3031 πάντα
420 2962 480 3031 όσα
502 2971 644 3034 συνέθετο
667 2966 751 3051 αὐτῷ
785 2966 836 3028 καὶ
847 2966 1008 3033 ἐνετείλατο
1027 2965 1110 3048 αὐτῷ
1128 2969 1321 3050 οἱκοδομ”σαι
1336 2968 1394 3050 την

144 3074 345 3135 τοπροτερον,
363 3052 415 3114 καὶ
427 3049 643 3137 ἧλλοτριοῡντο
657 3048 751 3136 αύτῷ.
784 3048 910 3134 Κεδρών
922 3054 972 3115 καὶ
984 3047 1132 3135 ὀχυρῶσαι
1145 3047 1199 3125 τάς
1211 2995 1318 3123 πύλας,
1340 3054 1394 3117 καί

145 3132 176 3174 33
190 3135 241 3195 καὶ
254 3131 408 3197 ἀπέστειλε
425 3134 503 3217 πρὸς
521 3133 753 3218 αύτὸνἈθηνό-
784 3129 867 3207 ὅπως
878 3130 1032 3216 πολεμηση
1045 3130 1099 3197 τόν
1115 3129 1200 3201 λαόν.
1227 3132 1244 3198 ὁ
1258 3133 1290 3197 δὲ
1302 3137 1393 3219 βασι·

143 3218 210 3302 βιον
223 3217 274 3278 ἕνα
286 3215 455 3296 τῶνφίλων
472 3214 566 3280 αὐτοῦ
578 3218 751 3301 κοινολογη·
784 3213 848 3290 λεύς
873 3216 974 3280 ἐδίωκε
999 3205 1053 3281 τ’ὸν
1086 3215 1245 3299 Τρύφωνα.
1283 3216 1317 3260 ⁴⁰
1342 3222 1395 3283 καὶ

145 3294 274 3380 σάμενον
295 3295 390 3382 αύτῷ,
423 3298 527 3376 λέγων.
555 3297 635 3385 ὑμεῖς
655 3326 751 3368 κατα·
784 3292 971 3382 παρεγενήθη
984 3299 1165 3386 Κενδεβαῖος
1180 3304 1220 3375 είς
1230 3298 1392 3381 Ἰάμνειαν,

145 3392 278 3465 κρατεῖτε
302 3387 355 3465 τῆς
376 3378 502 3487 Ἰόππης
526 3386 577 3449 καί
600 3381 752 3470 Γαζάρων
783 3384 836 3447 καὶ
847 3379 957 3466 ἤρξατο
971 3387 1025 3447 τοῦ
1040 3386 1178 3487 ἐρεθίζειν
1191 3382 1244 3447 τόν
1257 3382 1333 3447 λαὸν
1342 3388 1394 3450 καί

144 3467 259 3550 καὶτῆς
272 3465 365 3549 άκρας
378 3471 429 3551 τῆς
440 3470 471 3531 ἐν
488 3467 752 3572 Ιερουσαλημπό-
784 3462 949 3552 ἐμβατεύειν
958 3472 996 3542 είς
1004 3466 1058 3551 τὴν
1073 3468 1214 3532 Ιουδαίαν
1224 3470 1276 3533 καὶ
1285 3472 1393 3551 αἰχμα-

144 3548 202 3622 λεις
226 3555 278 3634 της
302 3548 450 3635 βασιλείας
475 3576 544 3634 μου.
566 3553 597 3595 33
617 3579 657 3616 τα
682 3551 751 3639 όρια
783 3550 914 3626 λωτίζειν
927 3550 980 3617 τὸν
993 3551 1132 3616 λαόνκαί
1143 3546 1283 3632 φονεύειν,
1302 3550 1394 3616 31καί

146 3631 249 3695 αὐτῶν
283 3628 480 3736 ἠρημιύσατε,
515 3638 565 3700 καί
596 3633 752 3720 ἐποιήσατε
783 3632 954 3718 ᾠκοδόμησε
977 3635 1030 3719 την
1053 3632 1186 3719 Κεδράν.
1219 3637 1272 3699 καὶ
1293 3636 1395 3710 ἔταξεν

144 3712 260 3797 πληγὴν
269 3715 398 3799 μεγάλην
410 3719 462 3782 ἐπί
473 3722 525 3801 της
536 3723 601 3801 γῆς,
621 3723 672 3784 καί
684 3725 752 3785 ἐκυ-
785 3720 845 3781 ἐκεῖ
858 3721 958 3793 ίππεῖς
976 3720 1027 3784 καί
1039 3715 1180 3801 δυνάμεις,
1200 3713 1285 3793 όπως
1303 3719 1395 3783 ἐκπο-

164 3793 281 3862 ιεύσατε
301 3795 405 3863 τόπων
419 3801 541 3867 πολλῶν
563 3805 593 3865 ἐν
609 3808 647 3885 τῆ
667 3808 750 3891 βασι·
784 3798 852 3885 ρευό
875 3828 934 3867 ενοι
959 3798 1117 3878 ἐξοδεύωσι
1142 3800 1197 3875 τὰς
1224 3801 1316 3875 ὁδούς
1341 3806 1395 3885 τῆς

143 3821 209 3979 λείᾳ
230 3905 296 3960 μου.
322 3884 353 3926 ³⁰
367 3887 421 3948 νῦν
444 3870 499 3949 σύν
521 3875 676 3971 παράδοτε
698 3887 753 3961 τάς
781 3832 929 3960 Ἰσυόάίας
942 3886 1027 3952 καθά
1037 3887 1191 3960 συνέταξεν
1202 3883 1287 3967 αὐτῷ
1302 3884 1320 3948 ὁ
1333 3890 1395 3971 βα-

142 3962 243 4038 πολεις
256 3959 291 4039 ἀς
303 3963 523 4054 κατελάβεσθε,
545 3973 597 4034 καί
609 3970 681 4045 τοὺς
692 3967 752 4052 φό·
785 3965 888 4044 σιλεύς.

143 4071 216 4127 ρους
233 4050 296 4112 τάν
317 4045 422 4115 τόπων
445 4044 489 4116 σόν
510 4049 752 4136 κατεκυριεύσατε
970 4059 1005 4117 K
1016 4060 1047 4117 E
1058 4059 1097 4116 Φ.
1141 4048 1202 4127 ]ς’.

142 4127 228 4206 ἐκτός
245 4135 305 4196 τῶν
322 4129 415 4217 ὁρίων
433 4139 486 4218 τῆς
500 4134 656 4211 Ἰουδαίας.
683 4139 711 4180 ³¹
727 4143 752 4203 εί
784 4102 872 4202 Καί
897 4135 988 4223 ἀνέβη
1010 4132 1149 4218 Ἰωάννης
1175 4138 1207 4199 ἐκ
1232 4128 1395 4218 Γαζάρων,

144 4212 181 4314 δύ
197 4211 249 4299 μη,
273 4212 341 4282 δότε
363 4215 426 4282 ἀντ’
451 4216 553 4284 αὐτῶν
573 4214 751 4286 πεντακόσια
786 4223 839 4285 καί
855 4218 1014 4305 ἀπήγγειλε
1030 4228 1144 4305 Σίμωνι
1162 4222 1208 4303 τῷ
1224 4219 1319 4304 πατρί
1335 4217 1395 4283 αύ-

143 4297 278 4364 ταλαντα
290 4299 444 4382 ἀργυρίου,
457 4304 574 4384 καὶτῆς
587 4313 748 4381 καταφθο-
784 4309 839 4369 τοῦ
865 4301 887 4369 ἀ
914 4307 1055 4371 συνετέλει
1081 4304 1265 4391 Κενδεβαῖος.
1303 4303 1397 4367 3ιιαί

142 4384 197 4463 ρᾶς
211 4373 245 4466 ἧς
257 4380 495 4467 κατεφθᾶρκαῐέ,
509 4386 560 4446 καί
572 4388 633 4446 τῶν
646 4381 751 4472 φόρων
784 4385 899 4455 ἐκάλεσε
912 4396 1017 4468 Σίμων
1034 4387 1106 4462 τοὺς
1121 4384 1176 4452 δύο
1195 4388 1279 4461 υἱούς
1292 4382 1396 4451 αὐτοῦ

142 4469 204 4528 τῶν
217 4463 336 4532 πόλεων
353 4466 433 4536 ἀλλα
449 4464 588 4532 τάλαντα
599 4467 749 4536 πεντακό-
782 4471 854 4548 τούς
866 4474 1082 4558 πρεσβυτέρους
1092 4470 1211 4536 Ἰούδαν
1224 4473 1274 4534 καί
1284 4466 1395 4534 Ἰωάν-

1331 4578 1394 4636 νην,
