2924 4972
160 239 225 307 506
494 239 775 304 ΝΕΕΜΙΑΣ
814 231 1078 320 meam.
1235 330 1411 344 ,—-

164 360 211 417 Τα
230 350 311 429 αῶθ,
327 348 767 434 47υίοί1(ιρόις,υίοίἈσουΐα,
799 346 981 416 κατάλοιποι
1012 353 1068 413 τοῦ
1093 348 1173 412 λαοῦ
1203 352 1328 431 χρυσίου
1353 347 1410 412 δάο

160 440 221 501 υίοι
244 433 372 509 Φαδῶν,
409 432 443 474 ⁴⁸
456 434 515 497 υἱοὶ
535 430 683 518 Λαβανά,
709 436 768 498 υἱοί
798 428 949 518 μυριάδας,
962 432 1014 495 καὶ
1026 428 1169 516 ἀργυρίου
1180 435 1253 510 μνᾶς
1266 429 1412 514 δυςχιλίας

155 510 285 604 Ἅγαβά,
312 519 373 581 υίοί
395 515 514 600 Σελμεῒ,
540 515 573 558 ⁴⁹
587 517 647 580 υίοί
666 513 767 592 Ἀνάν,
799 516 966 590 διακοσίας,
989 512 1212 598 καὶχωθωνῶθ
1226 518 1286 578 τῶν
1299 517 1410 600 ἱερέων,

159 600 346 684 υίοὶΓαδὴλ,
359 596 528 683 υίοίΓαάρ,
540 595 766 675 777υίοίῬααία,
799 593 1025 683 έξηκονταεπτά.
1053 599 1081 639 77
1093 599 1145 662 καί
1162 594 1305 661 ἐκάθισαν
1324 601 1355 662 οῖ
1368 602 1411 662 ἱε-

159 688 221 749 υίοί
239 682 391 759 Ῥασσῶν,
418 685 479 747 υίοί
494 678 639 759 Νεκωδά,
665 682 692 726 ⁶¹
705 685 767 747 υἱοί
800 695 867 768 ρεῖς,
880 685 1076 757 καὶΛευίται,
1089 682 1183 745 καλοί
1196 680 1344 766 πυλωροὶ,
1358 684 1410 747 καί

158 767 279 851 Γηζάμ,
303 766 449 843 υίοὶὌζλ,
468 766 528 830 υίοὶ
542 762 639 849 cmm),
664 768 695 808 ⁵²
707 767 767 830 υίοί
800 769 832 830 οί
844 765 980 848 ᾄδοντες,
997 766 1049 828 καὶ
1062 768 1092 829 οί
1104 759 1168 828 ἀπὸ
1181 767 1236 828 τοῦ
1249 761 1338 837 λαοῦ,
1357 768 1410 831 καί

158 853 257 933 Βησὶ,
277 852 336 914 υίοί
348 850 486 925 Μεϊνῶν,
513 853 573 915 υίοί
586 851 765 929 Νεφωσασί,
799 852 831 913 oz
843 851 999 931 Ναθινὶμ,
1025 848 1076 913 καί
1087 852 1148 923 πᾶς
1162 843 1284 932 Ἰσραὴλ
1301 850 1332 912 ἐν
1349 845 1408 912 πό-

158 936 187 978 ⁵³
202 937 262 999 υἱοὶ
286 932 448 1020 Βακβοάκ,
474 934 534 998 υἱοὶ
557 930 680 1016 Ἀχιφά,
705 934 766 997 υίολ
799 932 875 998 λεσιν
888 930 996 998 αὐτῶν.

152 1014 276 1100 Ἀροάρ,
295 1013 765 1092 74υίοὶΒαοαλάθ,υίοίίλίιδά,
986 1019 1020 1078 K
1033 1021 1063 1078 E
1076 1018 1115 1078 Φ.
1159 1009 1215 1077 Η’.

157 1102 216 1165 υίοί
235 1098 375 1174 Ἀδασάν,
402 1103 431 1143 ⁶³
445 1102 505 1165 υίολ
524 1097 679 1181 Βαρκουέ,
704 1101 765 1164 υἱοί
798 1063 884 1166 Καὶ
900 1102 1034 1179 ἔφθασεν
1052 1095 1138 1180 ὁμην
1156 1092 1174 1162 ό
1193 1097 1333 1184 ἕβδομος,
1356 1101 1408 1163 καί

155 1181 317 1270 Σισαράθ,
343 1185 406 1248 υίοί
434 1181 536 1265 Θημά,
572 1185 603 1226 ⁵⁰
617 1184 679 1247 υίοί
701 1186 764 1247 Νι·
797 1186 828 1247 σί
841 1184 902 1249 υἱοὶ
910 1179 1034 1268 Ἰσραηλ
1048 1185 1079 1246 ἐν
1088 1177 1207 1246 πόλεσιν
1217 1178 1408 1257 αάτῶν,7καί

157 1263 222 1343 σιά,
239 1269 300 1332 υίολ
312 1265 435 1346 Ἀτιφά,
458 1269 488 1310 77
500 1267 560 1331 υίοὶ
571 1265 688 1331 δοάλων
698 1272 764 1331 Σα-
797 1261 984 1349 συνήχθησαν
993 1261 1080 1340 πᾶςὸ
1090 1263 1164 1338 λαὸς
1177 1260 1217 1338 ῶς
1230 1260 1307 1348 ἀνὴρ
1321 1264 1359 1341 είς
1368 1269 1406 1340 εἷς

156 1347 279 1433 λωμῶν,
301 1351 363 1415 υίολ
379 1349 502 1424 Σουτεῒ,
529 1352 588 1414 υίοὶ
601 1345 763 1434 Σαφαράτ,
797 1347 832 1413 τὸ
856 1344 971 1424 πλάτος
996 1347 1037 1414 τό·
1053 1351 1219 1432 ἔμπροσθεν
1235 1344 1331 1432 πάλης
1348 1353 1405 1412 τοῦ

156 1435 218 1497 vani
249 1432 375 1517 Φεριδά,
412 1434 444 1476 ⁵⁸
463 1433 524 1497 υίοί
558 1430 666 1517 Ἰεληλ,
704 1433 765 1496 υίοὶ
798 1429 915 1507 όδατος.
927 1433 979 1496 καὶ
987 1430 1073 1498 εἶπαν
1082 1437 1127 1512 τῷ
1136 1430 1246 1514 ’Ἑσδρᾳ
1257 1436 1302 1515 τῶ
1309 1457 1406 1515 γραμ-

156 1513 295 1599 Δορκάν,
320 1517 381 1579 υίοί
405 1513 546 1598 Γαδαηλ,
582 1517 612 1559 ⁵⁹
626 1517 685 1578 υίοί
698 1522 760 1578 Σα-
795 1526 884 1596 ματεῖ
898 1518 1012 1593 ἐνέγκαι
1026 1515 1061 1581 τό
1073 1515 1187 1601 βιβλίον
1198 1513 1290 1596 νόμου
1303 1521 1405 1579 Μωυ-

156 1604 269 1679 φατία,
295 1598 356 1661 υἱοί
370 1595 493 1681 Ἐττηλ,
518 1599 578 1661 υίοί
598 1596 763 1682 Φακαράθ,
796 1602 833 1682 ση
852 1594 887 1662 ὃν
903 1598 1068 1662 ἐνετείλατο
1086 1593 1187 1681 κάριος
1205 1602 1250 1680 τῷ
1272 1594 1402 1682 Ἰσραήλ

156 1683 217 1745 υἱοί
229 1680 362 1766 Σαβαῒμ,
375 1683 436 1745 υίοί
445 1680 546 1781 Ἠμίμ,
570 1681 602 1724 ⁶⁰
614 1673 764 1756 πάντεςοῖ
796 1685 810 1722 ²
825 1682 876 1744 καὶ
889 1680 1139 1766 ηὐεγκενἚσδρας
1151 1676 1169 1744 ὁ
1183 1679 1271 1763 ίερεὺς
1284 1679 1338 1745 τόν
1351 1677 1403 1745 νό-

156 1766 309 1845 Ναθινὶμ,
329 1765 381 1828 καί
393 1768 452 1829 υίοί
464 1762 582 1829 δουλων
594 1760 763 1847 Σαλωμῶν,
794 1788 852 1846 μον
860 1760 986 1829 ἐνώπιον
996 1769 1046 1848 της
1058 1764 1214 1846 ἐκκλησίας
1223 1762 1284 1829 ἀπὸ
1295 1760 1404 1846 ἀνδρὸς

155 1845 322 1933 τριακόσιοι
339 1842 573 1931 ἐνενηκονταδύο.
600 1847 628 1890 ⁶¹
640 1849 692 1911 καὶ
709 1840 761 1913 οὗ·
796 1852 851 1920 ἔως
859 1846 1064 1925 γυναικός,καὶ
1073 1853 1133 1921 πῶς
1144 1845 1162 1911 ὁ
1173 1844 1276 1911 συνιῶν
1284 1845 1402 1914 ἀκούειν

154 1955 204 1995 τοι
216 1928 362 2015 ἀνέβησαν
375 1929 437 1994 ἀπὸ
456 1926 614 2034 Θελμελὲθ,
629 1930 762 2035 Θελοιρη-
796 1934 828 1995 ἐν
844 1927 937 2033 ἡμέρας
951 1936 1006 2016 μιᾷ
1018 1935 1073 1996 τοῦ
1086 1929 1175 2015 μηνός
1194 1935 1250 1995 τοῦ
1263 1926 1402 2016 ἑβδόμου.

156 2013 206 2088 σά,
220 2011 362 2099 Χαροὺβ,
378 2011 497 2098 Ἠρῶν,
520 2008 616 2097 Ιεμηρ.
643 2017 695 2079 καί
707 2039 762 2079 ουκ
795 2014 875 2078 7καὶ
893 2018 1006 2092 ανέγνω
1024 2018 1055 2080 ἐν
1068 2013 1151 2095 αὐτῷ
1170 2013 1233 2078 ἀπὸ
1252 2019 1304 2097 τῆς
1322 2011 1404 2100 ῶρας

155 2093 366 2202 ἐδυνάσθησαν
386 2093 565 2175 ἀπαγγεῖλαι
582 2098 683 2172 οἴκους
699 2124 762 2163 πα-
795 2101 849 2161 τοῦ
863 2097 1042 2178 διαφωτίσαι
1055 2093 1110 2162 τόν
1124 2096 1205 2182 ἥλιον
1216 2102 1270 2172 ἔως
1281 2095 1404 2180 ημίσους

154 2183 245 2264 τριῶν
270 2184 371 2244 αυτῶν
391 2183 443 2245 καὶ
459 2183 577 2263 σπέρμα
594 2179 710 2258 αὐτῶν,
738 2186 763 2245 εί
795 2183 847 2264 τῆς
861 2177 979 2264 ἡμέρας,
993 2179 1136 2245 ἀπέναντι
1150 2185 1209 2246 τῶν
1223 2179 1339 2265 ἀνδρῶν
1352 2185 1404 2248 καί

155 2261 219 2329 ἀπὸ
228 2260 350 2350 Ἰσραήλ
363 2266 440 2327 είσιν.
453 2264 483 2306 ⁶²
491 2265 550 2328 υίοί
559 2262 690 2340 Δαλαία,
700 2266 763 2329 υίολ
795 2268 854 2346 τῶν
865 2268 1021 2341 γυναικοῖν,
1032 2265 1082 2329 καί
1092 2265 1182 2329 αὐτοί
1192 2268 1339 2340 συνιέντες.
1353 2269 1405 2331 καί

159 2352 277 2435 Τωβία,
302 2349 362 2412 υίοί
373 2345 518 2422 Νεκωδά,
536 2343 683 2422 ἑξακόσια
694 2371 761 2413 τεσ-
794 2349 860 2412 ῶτα
876 2346 992 2423 παντὸς
1008 2352 1066 2412 τοῦ
1083 2347 1159 2412 λαοῦ
1181 2352 1220 2422 είς
1236 2348 1272 2413 τὸ
1290 2349 1404 2436 βιβλίον

155 2426 386 2516 σαρακονταδάο.
407 2431 437 2474 ⁶³
449 2432 500 2495 καί
512 2428 576 2495 ἀπὸ
589 2435 649 2495 τῶν
662 2435 762 2515 ἱερέων
794 2435 850 2495 τοῦ
863 2428 962 2513 νόμου.
976 2433 1050 2495 4καί
1058 2434 1129 2515 ἔστη
1137 2431 1265 2517 Ἔσδρας
1278 2432 1403 2518 δγραμ-

153 2518 215 2580 υἱοὶ
224 2513 320 2601 Ἐβία,
341 2516 403 2579 υίολ
415 2511 517 2590 Ἀκώς,
537 2516 599 2578 υίοὶ
611 2514 759 2599 Βερζελλί,
792 2514 900 2594 ματεὺς
913 2516 964 2580 ἐπὶ
974 2511 1106 2600 βήματος
1116 2515 1244 2592 ξυλίνου,
1255 2519 1306 2582 καί
1315 2520 1403 2601 ἔστη-

154 2594 201 2662 ότι
221 2597 336 2747 ἔλαβον
350 2596 412 2662 ἀπὸ
430 2599 609 2682 θυγατέρων
622 2598 761 2682 ,Βερζελλὶ
794 2623 848 2662 σαν
865 2592 986 2681 ἐχόμενα
1004 2597 1101 2663 αὐτοῦ
1114 2606 1326 2676 Ματθαθίας,
1352 2602 1403 2666 καί

154 2688 209 2745 τοῦ
223 2686 274 2746 Γα
293 2682 421 2746 ααδίτου
433 2693 587 2758 γυναῖκας,
608 2684 659 2745 καί
672 2677 760 2765 ἐκλη-
793 2684 946 2764 Σαμαίας,
972 2684 1024 2747 καὶ
1036 2679 1187 2760 Ἀνανίας,
1212 2684 1264 2747 καί
1279 2681 1402 2766 Οὐρίας,

153 2774 254 2846 θησαν
271 2762 316 2830 ἐπ’
339 2759 463 2845 ὀνόματι
481 2763 593 2828 αὐτῶν.
627 2755 760 2828 7717οὗτοι
793 2768 844 2829 καί
864 2766 996 2840 Χελκία,
1022 2769 1073 2830 καί
1089 2772 1224 2832 Μαασία
1249 2769 1282 2831 ἐκ
1300 2768 1403 2844 δεξιῶν

153 2843 296 2930 έζητηοαν
313 2843 431 2929 γραφὴν
445 2843 547 2911 αὐτῶν
559 2849 612 2928 τῆς
624 2848 761 2923 συνοδίας
793 2846 899 2924 αὐτοῦ,
908 2852 960 2914 καί
972 2851 1002 2924 ἐξ
1016 2847 1179 2936 ἀριστερῶν
1190 2851 1338 2927 Φαδαίας,
1351 2851 1404 2914 καί

152 2932 205 2994 καί
230 2927 285 3013 οὐχ
303 2924 425 3013 εὑρέθη,
451 2931 502 2993 καὶ
526 2925 761 3013 ἢγχιστεάθησαν
794 2930 929 3015 Μισαίηλ,
943 2934 995 2998 καί
1008 2933 1153 3019 Μελχίας,
1165 2930 1334 3014 καίἈσῶμ,
1348 2935 1403 2996 καὶ

153 3010 216 3077 ἀπὸ
230 3017 282 3096 τῆς
296 3016 447 3095 ίερατείας.
465 3013 496 3055 ⁶⁵
506 3014 558 3076 καί
570 3010 760 3099 εἶπενἈθερ-
789 3013 972 3101 Ἀσαβαδμά,
985 3021 1035 3082 καί
1044 3021 1202 3120 Ζαηαρίας,
1214 3017 1265 3078 καί
1271 3014 1400 3078 Μεσαλ-

154 3092 323 3174 σασθά,ίνα
331 3092 371 3179 μὴ
385 3090 521 3176 φάγωσιν
531 3093 593 3161 ἀπὸ
604 3101 660 3161 τοῦ
672 3093 760 3176 ἁγίου
794 3096 860 3180 λάμ.
887 3101 966 3165 5κυνί
980 3098 1089 3184 ἤνοιξεν
1108 3097 1222 3178 Εσδρας
1237 3091 1271 3158 τό
1282 3093 1400 3181 βιβλίον

152 3182 214 3242 τῶν
226 3176 337 3256 ἁγίων,
360 3183 416 3253 ἕως
435 3175 550 3270 ἀναστῇ
563 3179 651 3283 ἱερεὺς
665 3189 761 3260 φωτί·
793 3179 918 3247 ἕνῶπιον
934 3180 1044 3257 παντὸς
1056 3186 1111 3245 τοῦ
1127 3180 1216 3253 λαοῦ,
1245 3173 1292 3242 ότι
1306 3176 1400 3254 αὐτὸς

152 3288 221 3328 σων.
248 3264 280 3306 ⁶⁶
293 3264 344 3328 καὶ
356 3264 471 3341 ἐγένετο
489 3269 576 3338 πᾶσα
589 3292 607 3347 η
621 3265 761 3347 ἐκκλησία
794 3255 830 3347 ἦν
843 3265 944 3330 ἐπάνω
957 3271 1011 3332 τοῦ
1024 3264 1110 3330 λαοῦ.
1123 3265 1174 3328 καὶ
1185 3263 1298 3339 ἐγένετο
1313 3258 1403 3347 ἡνίκα

152 3341 217 3421 ῶςεί
232 3349 373 3434 τέσσαρες
383 3343 519 3430 μυριάδες
531 3347 660 3433 διςχίλιοι
674 3374 760 3434 τρια-
794 3347 905 3432 ἤνοιξεν
918 3347 1010 3424 αὐτὸ,
1028 3352 1099 3432 ἔστη
1111 3352 1171 3422 πῶς
1183 3341 1201 3410 ὁ
1215 3339 1295 3421 λαός.
1321 3347 1404 3411 77καί

152 3426 248 3497 κόσιοι
262 3430 415 3517 ἑξήκοντα,
430 3433 460 3475 ⁶⁷
472 3427 565 3517 πάρεξ
578 3428 696 3498 δούλων
704 3431 760 3498 αά-
793 3429 956 3516 ηὐλόγησεν
974 3431 1102 3517 Ἔσδρας
1127 3426 1226 3516 κόριον
1251 3429 1305 3494 τόν
1329 3427 1404 3495 θεὸν

152 3519 215 3581 τῶν
224 3519 276 3582 καί
283 3518 448 3584 παιδισκῶν
457 3513 567 3582 αάτῶν.
578 3506 759 3581 οὖτοιέπτα·
793 3515 847 3581 τὸν
863 3519 964 3597 μέγαν.
991 3518 1043 3580 καί
1060 3513 1210 3601 ἀπεκρίθη
1226 3510 1317 3595 πῶςδ
1330 3511 1403 3588 λαός

152 3600 283 3681 κιςχίλιοι
318 3596 483 3686 τριακόσιοι
514 3596 759 3683 τριακονταεπτά.
794 3602 845 3665 καί
857 3598 951 3674 εἶπαν,
964 3596 1051 3682 ἀμην,
1067 3596 1228 3684 ἐπάραντες
1239 3594 1294 3672 τάς
1300 3606 1401 3704 ηείρος

154 3684 205 3744 καί
231 3682 351 3763 ᾄδοντες
374 3685 425 3748 καί
451 3681 578 3764 ᾄδουσαι
584 3733 593 3761 ,
618 3680 760 3749 διακόσιοι
794 3681 904 3749 αὐτῶν.
927 3684 979 3747 καί
991 3686 1108 3766 ἔκυψαν
1121 3685 1208 3748 καίπ
1228 3703 1401 3762 οςεκυνησαν

154 3769 469 3848 τεσσαρακονταπέντε.
503 3768 534 3809 ⁶⁹
548 3765 614 3831 όνοι
631 3767 760 3871 διςηίλιοι
793 3771 838 3850 τῷ
854 3772 947 3852 κυρίῳ
965 3767 1016 3831 ἐπὶ
1032 3761 1193 3850 πρόςωπον
1249 3763 1326 3847 ίτην
1337 3767 1404 3849 γην.

155 3843 336 3911 ἑπτακόσιοι.
363 3851 393 3891 ⁷⁰
406 3849 457 3913 καί
475 3845 537 3912 ἀπὸ
549 3853 657 3933 μέρους
669 3876 761 3935 αρχη-
794 3853 865 3915 7καί
874 3849 1001 3934 Ἰησοῦς,
1013 3852 1065 3913 καὶ
1074 3850 1225 3922 Βαναίας,
1237 3848 1289 3911 καί
1298 3855 1405 3932 Σαρα-

153 3931 215 4004 γῶν
227 3933 288 3993 τῶν
300 3935 436 4014 πατριῶν
448 3931 562 3995 ἔδωκαν
576 3937 615 4006 εἷς
627 3930 663 3996 τό
675 3936 761 4016 ἔργον
793 3937 860 4020 βίας
886 3934 962 4017 ἦσαν
988 3937 1182 4008 συνετίζοντες
1198 3928 1251 3995 τόν
1271 3929 1348 3994 λαόν
1366 3934 1405 4005 είς

154 4015 200 4093 τῶ
211 4015 328 4094 Νεεμίρι
345 4018 384 4086 είς
402 4013 560 4098 θησαυρόν
575 4018 702 4100 χρυσοῦς
717 4042 761 4100 χι·
794 4013 848 4082 τόν
873 4015 979 4100 νόμον,
1005 4019 1056 4081 καὶ
1074 4014 1092 4081 ὁ
1109 4011 1182 4090 λαὸς
1200 4016 1231 4078 έν
1247 4019 1284 4104 τῇ
1306 4012 1405 4087 στάσει

154 4093 249 4169 λίους,
279 4095 387 4175 φιάλας
404 4092 604 4180 πεντήκοντα,
631 4098 683 4160 καί
701 4125 761 4183 χω-
795 4099 899 4165 αάτοῦ.
918 4102 994 4164 77καί
1007 4097 1178 4178 ἀνέγνωσαν
1192 4102 1223 4162 έν
1234 4097 1339 4184 βιβλίῳ
1353 4091 1406 4162 τό·

154 4176 273 4243 θωνῶθ
285 4181 346 4242 τῶν
358 4182 459 4263 ἱερέων
471 4175 646 4263 τριάκοντα,
673 4183 699 4224 77
711 4186 761 4248 καί
793 4209 853 4266 μου
866 4189 921 4249 τοῦ
933 4187 1024 4262 θεοῦ,
1049 4185 1101 4248 καί
1114 4183 1260 4248 ἐδίδασκεν
1268 4180 1406 4266 Ἔσδρας,

155 4257 219 4324 ἀπὸ
232 4259 368 4346 ἀρχηγῶν
379 4267 440 4326 τῶν
448 4267 584 4346 πατριῶν
596 4264 709 4330 ἔδωκαν
722 4271 761 4341 εἷς
795 4269 846 4332 καί
871 4266 1030 4333 διέστελλεν
1056 4271 1088 4333 ἐν
1118 4261 1265 4357 ἐπιστήμη
1287 4271 1405 4350 κυρίου,

154 4341 392 4431 θησαυροὺςτοῶ
401 4346 491 4428 ἔργου
500 4349 610 4429 χρυσοῦ
619 4353 759 4433 νομίσμα-
793 4353 845 4416 καί
863 4356 985 4436 συνῆκεν
1002 4349 1020 4415 ὁ
1037 4349 1110 4425 λαός
1127 4353 1158 4416 ἐν
1176 4353 1214 4432 τῆ
1231 4344 1404 4426 ἀναγνώσει.

153 4453 204 4504 τος
217 4425 272 4495 δάο
288 4423 445 4516 μυριάδας,
469 4431 520 4494 καί
532 4425 609 4514 ἀργυ
630 4435 676 4496 ίου
687 4438 761 4514 μνῶς
793 4436 864 4500 9καὶ
877 4434 938 4498 εἶπε
948 4438 1075 4516 Νεεμίας
1085 4436 1137 4499 καί
1147 4423 1275 4518 Ἕόδρας
1285 4430 1303 4498 ὁ
1315 4431 1405 4519 ίερείνς

152 4512 289 4602 διςχιλίας
311 4518 500 4602 τριακοσίας,
526 4515 578 4580 καί
594 4456 709 4584 ἔδωκαν
729 4523 761 4586 σί
793 4520 844 4584 καί
862 4518 1065 4606 γραμματεὺς,
1091 4520 1143 4583 καί
1160 4521 1194 4582 σί
1209 4524 1337 4583 Λευῖται
1354 4518 1408 4626 καί

1375 4626 1408 4666 οι
