<?xml version="1.0" encoding="UTF-8"?>
<!DOCTYPE html PUBLIC "-//W3C//DTD XHTML 1.0 Transitional//EN"
    "http://www.w3.org/TR/xhtml1/DTD/xhtml1-transitional.dtd">
<html xmlns="http://www.w3.org/1999/xhtml" xml:lang="en" lang="en">
 <head>
  <title>
</title>
<meta http-equiv="Content-Type" content="text/html;charset=utf-8" />
  <meta name='ocr-system' content='tesseract 3.04.00' />
  <meta name='ocr-capabilities' content='ocr_page ocr_carea ocr_par ocr_line ocrx_word'/>
</head>
<body>
  <div class='ocr_page' id='page_1' title='image "./lta-11000/vetustestamentu00essgoog/vetustestamentu00essgoog_0409.png"; bbox 0 0 2924 4972; ppageno 0'>
   <div class='ocr_carea' id='block_1_1' title="bbox 104 205 1423 4661">
    <p class='ocr_par' dir='ltr' id='par_1_1' title="bbox 104 205 1423 4661">
     <span class='ocr_line' id='line_1_1' title="bbox 169 205 1209 296; baseline -0.009 -7"><span class='ocrx_word' id='word_1_1' title='bbox 169 224 234 289; x_wconf 82' lang='lat'><strong><em>354</em></strong></span> <span class='ocrx_word' id='word_1_2' title='bbox 380 221 671 287; x_wconf 72' lang='grc' dir='ltr'><em>ΒΑΣΙΛΕΙΩΝ</em></span> <span class='ocrx_word' id='word_1_3' title='bbox 701 222 856 283; x_wconf 65' lang='lat' dir='ltr'><strong><em>rma</em></strong></span> <span class='ocrx_word' id='word_1_4' title='bbox 898 205 1079 296; x_wconf 47' lang='grc' dir='ltr'><strong><em>Κιανοί.</em></strong></span> <span class='ocrx_word' id='word_1_5' title='bbox 1096 216 1209 282; x_wconf 82' lang='lat'><strong>10.11.</strong></span> 
     </span>
     <span class='ocr_line' id='line_1_2' title="bbox 168 334 1423 435; baseline -0.006 -21"><span class='ocrx_word' id='word_1_6' title='bbox 168 350 207 435; x_wconf 82' lang='grc' dir='ltr'><strong><em>μή</em></strong></span> <span class='ocrx_word' id='word_1_7' title='bbox 222 353 254 413; x_wconf 87' lang='grc' dir='ltr'><strong><em>ἐκ</em></strong></span> <span class='ocrx_word' id='word_1_8' title='bbox 269 354 326 414; x_wconf 81' lang='grc' dir='ltr'><strong><em>τῶν</em></strong></span> <span class='ocrx_word' id='word_1_9' title='bbox 340 351 412 411; x_wconf 82' lang='grc' dir='ltr'><strong><em>υίών</em></strong></span> <span class='ocrx_word' id='word_1_10' title='bbox 422 345 466 410; x_wconf 74' lang='lat' dir='ltr'><strong><em>’lo</em></strong></span> <span class='ocrx_word' id='word_1_11' title='bbox 487 343 544 429; x_wconf 83' lang='grc' dir='ltr'><strong><em>αήλ</em></strong></span> <span class='ocrx_word' id='word_1_12' title='bbox 558 344 662 418; x_wconf 81' lang='grc' dir='ltr'><strong><em>ὄντων,</em></strong></span> <span class='ocrx_word' id='word_1_13' title='bbox 678 343 717 407; x_wconf 85' lang='grc' dir='ltr'><strong><em>τά</em></strong></span> <span class='ocrx_word' id='word_1_14' title='bbox 729 339 780 408; x_wconf 78' lang='grc' dir='ltr'><strong><em>τί·</em></strong></span> <span class='ocrx_word' id='word_1_15' title='bbox 810 346 914 428; x_wconf 81' lang='grc' dir='ltr'><strong><em>ῥαίας,</em></strong></span> <span class='ocrx_word' id='word_1_16' title='bbox 939 345 955 383; x_wconf 90' lang='grc'><strong>2</strong></span> <span class='ocrx_word' id='word_1_17' title='bbox 967 345 999 406; x_wconf 86' lang='grc' dir='ltr'><strong><em>ἐκ</em></strong></span> <span class='ocrx_word' id='word_1_18' title='bbox 1011 347 1072 406; x_wconf 78' lang='grc' dir='ltr'><strong><em>τῶν</em></strong></span> <span class='ocrx_word' id='word_1_19' title='bbox 1083 345 1180 408; x_wconf 73' lang='grc' dir='ltr'><strong><em>ἐθνοῖν</em></strong></span> <span class='ocrx_word' id='word_1_20' title='bbox 1192 334 1235 404; x_wconf 85' lang='grc' dir='ltr'><strong><em>ιύν</em></strong></span> <span class='ocrx_word' id='word_1_21' title='bbox 1247 338 1355 407; x_wconf 84' lang='grc' dir='ltr'><strong><em>άπεΐπε</em></strong></span> <span class='ocrx_word' id='word_1_22' title='bbox 1368 342 1423 407; x_wconf 72' lang='grc' dir='ltr'><strong><em>κύ·</em></strong></span> 
     </span>
     <span class='ocr_line' id='line_1_3' title="bbox 170 422 1422 511; baseline -0.007 -13"><span class='ocrx_word' id='word_1_23' title='bbox 170 459 225 499; x_wconf 90' lang='grc' dir='ltr'><strong><em>κνα</em></strong></span> <span class='ocrx_word' id='word_1_24' title='bbox 243 430 342 496; x_wconf 80' lang='grc' dir='ltr'><strong><em>αὐτῶν</em></strong></span> <span class='ocrx_word' id='word_1_25' title='bbox 355 427 393 509; x_wconf 81' lang='grc' dir='ltr'><strong><em>τά</em></strong></span> <span class='ocrx_word' id='word_1_26' title='bbox 410 425 471 494; x_wconf 84' lang='grc' dir='ltr'><strong><em>ύπο</em></strong></span> <span class='ocrx_word' id='word_1_27' title='bbox 504 429 640 509; x_wconf 84' lang='grc' dir='ltr'><strong><em>λειμιιένα</em></strong></span> <span class='ocrx_word' id='word_1_28' title='bbox 649 425 708 508; x_wconf 82' lang='grc' dir='ltr'><strong><em>μετ’</em></strong></span> <span class='ocrx_word' id='word_1_29' title='bbox 724 424 779 491; x_wconf 88' lang='grc' dir='ltr'><strong><em>αύ-</em></strong></span> <span class='ocrx_word' id='word_1_30' title='bbox 811 450 876 511; x_wconf 92' lang='grc' dir='ltr'><strong><em>ριος</em></strong></span> <span class='ocrx_word' id='word_1_31' title='bbox 893 436 957 500; x_wconf 80' lang='grc' dir='ltr'><strong><em>τοῖς</em></strong></span> <span class='ocrx_word' id='word_1_32' title='bbox 970 429 1047 500; x_wconf 86' lang='grc' dir='ltr'><strong><em>υίοῖς</em></strong></span> <span class='ocrx_word' id='word_1_33' title='bbox 1062 423 1201 510; x_wconf 80' lang='grc' dir='ltr'><strong><em>Ἰσραήλ,</em></strong></span> <span class='ocrx_word' id='word_1_34' title='bbox 1229 422 1284 488; x_wconf 88' lang='grc' dir='ltr'><strong><em>ούκ</em></strong></span> <span class='ocrx_word' id='word_1_35' title='bbox 1301 422 1422 500; x_wconf 83' lang='grc' dir='ltr'><strong><em>εἰςιλεύ-</em></strong></span> 
     </span>
     <span class='ocr_line' id='line_1_4' title="bbox 170 505 1423 596; baseline -0.007 -16"><span class='ocrx_word' id='word_1_36' title='bbox 170 521 225 580; x_wconf 84' lang='grc' dir='ltr'><strong><em>τοῦ</em></strong></span> <span class='ocrx_word' id='word_1_37' title='bbox 239 520 269 580; x_wconf 86' lang='grc' dir='ltr'><strong><em>ἐν</em></strong></span> <span class='ocrx_word' id='word_1_38' title='bbox 283 519 320 596; x_wconf 85' lang='grc' dir='ltr'><strong><em>τῆ</em></strong></span> <span class='ocrx_word' id='word_1_39' title='bbox 330 518 380 592; x_wconf 69' lang='grc' dir='ltr'><strong><em>γί,</em></strong></span> <span class='ocrx_word' id='word_1_40' title='bbox 394 508 446 586; x_wconf 79' lang='grc' dir='ltr'><strong><em>οὓς</em></strong></span> <span class='ocrx_word' id='word_1_41' title='bbox 459 509 514 576; x_wconf 86' lang='grc' dir='ltr'><strong><em>ούκ</em></strong></span> <span class='ocrx_word' id='word_1_42' title='bbox 528 508 667 575; x_wconf 73' lang='grc' dir='ltr'><strong><em>ἐδύναντο</em></strong></span> <span class='ocrx_word' id='word_1_43' title='bbox 680 513 711 575; x_wconf 83' lang='grc' dir='ltr'><strong><em>οἰ</em></strong></span> <span class='ocrx_word' id='word_1_44' title='bbox 721 510 780 574; x_wconf 87' lang='grc' dir='ltr'><strong><em>υίοί</em></strong></span> <span class='ocrx_word' id='word_1_45' title='bbox 812 517 899 574; x_wconf 89' lang='grc' dir='ltr'><strong><em>σεσθε</em></strong></span> <span class='ocrx_word' id='word_1_46' title='bbox 917 513 956 584; x_wconf 85' lang='grc' dir='ltr'><strong><em>εἰς</em></strong></span> <span class='ocrx_word' id='word_1_47' title='bbox 973 507 1100 585; x_wconf 78' lang='grc' dir='ltr'><strong><em>αύτούς,</em></strong></span> <span class='ocrx_word' id='word_1_48' title='bbox 1124 511 1176 575; x_wconf 83' lang='grc' dir='ltr'><strong><em>καὶ</em></strong></span> <span class='ocrx_word' id='word_1_49' title='bbox 1193 505 1282 572; x_wconf 86' lang='grc' dir='ltr'><strong><em>ιιύτοί</em></strong></span> <span class='ocrx_word' id='word_1_50' title='bbox 1296 508 1351 574; x_wconf 91' lang='grc' dir='ltr'><strong><em>ούκ</em></strong></span> <span class='ocrx_word' id='word_1_51' title='bbox 1365 514 1423 586; x_wconf 88' lang='grc' dir='ltr'><strong><em>εἰς-</em></strong></span> 
     </span>
     <span class='ocr_line' id='line_1_5' title="bbox 170 560 1422 696; baseline -0.006 -33"><span class='ocrx_word' id='word_1_52' title='bbox 170 597 293 685; x_wconf 83' lang='grc' dir='ltr'><strong><em>Ἰσραήλ</em></strong></span> <span class='ocrx_word' id='word_1_53' title='bbox 301 560 518 677; x_wconf 73' lang='grc' dir='ltr'><strong><em>’ἐξολοθρεύσαι</em></strong></span> <span class='ocrx_word' id='word_1_54' title='bbox 531 593 650 667; x_wconf 82' lang='grc' dir='ltr'><strong><em>αύτούς,</em></strong></span> <span class='ocrx_word' id='word_1_55' title='bbox 664 594 716 656; x_wconf 85' lang='grc' dir='ltr'><strong><em>καί</em></strong></span> <span class='ocrx_word' id='word_1_56' title='bbox 729 590 781 656; x_wconf 78' lang='grc' dir='ltr'><strong><em>ἂν·</em></strong></span> <span class='ocrx_word' id='word_1_57' title='bbox 812 587 976 657; x_wconf 87' lang='grc' dir='ltr'><strong><em>ελεύσονται</em></strong></span> <span class='ocrx_word' id='word_1_58' title='bbox 988 597 1027 666; x_wconf 93' lang='grc' dir='ltr'><strong><em>εἰς</em></strong></span> <span class='ocrx_word' id='word_1_59' title='bbox 1040 589 1130 696; x_wconf 80' lang='grc' dir='ltr'><strong><em>ὑμᾶς,</em></strong></span> <span class='ocrx_word' id='word_1_60' title='bbox 1143 589 1183 676; x_wconf 88' lang='grc' dir='ltr'><strong><em>μή</em></strong></span> <span class='ocrx_word' id='word_1_61' title='bbox 1197 590 1351 657; x_wconf 89' lang='grc' dir='ltr'><strong><em>ἐκκλίνωσι</em></strong></span> <span class='ocrx_word' id='word_1_62' title='bbox 1366 592 1422 667; x_wconf 87' lang='grc' dir='ltr'><strong><em>τάς</em></strong></span> 
     </span>
     <span class='ocr_line' id='line_1_6' title="bbox 172 670 1420 767; baseline -0.006 -21"><span class='ocrx_word' id='word_1_63' title='bbox 172 676 279 767; x_wconf 86' lang='grc' dir='ltr'><strong><em>ήγαγεν</em></strong></span> <span class='ocrx_word' id='word_1_64' title='bbox 305 677 416 752; x_wconf 85' lang='grc' dir='ltr'><strong><em>αύτούς</em></strong></span> <span class='ocrx_word' id='word_1_65' title='bbox 438 672 596 759; x_wconf 83' lang='grc' dir='ltr'><strong><em>Σαλωμών</em></strong></span> <span class='ocrx_word' id='word_1_66' title='bbox 620 681 660 750; x_wconf 86' lang='grc' dir='ltr'><strong><em>είς</em></strong></span> <span class='ocrx_word' id='word_1_67' title='bbox 684 671 781 758; x_wconf 76' lang='grc' dir='ltr'><strong><em>σάρον</em></strong></span> <span class='ocrx_word' id='word_1_68' title='bbox 812 676 934 760; x_wconf 80' lang='grc' dir='ltr'><strong><em>καρδίας</em></strong></span> <span class='ocrx_word' id='word_1_69' title='bbox 955 670 1038 759; x_wconf 73' lang='grc' dir='ltr'><strong><em>ύμοῖν</em></strong></span> <span class='ocrx_word' id='word_1_70' title='bbox 1056 682 1153 740; x_wconf 91' lang='grc' dir='ltr'><strong><em>οπίσω</em></strong></span> <span class='ocrx_word' id='word_1_71' title='bbox 1167 673 1294 740; x_wconf 86' lang='grc' dir='ltr'><strong><em>εἰδώλων</em></strong></span> <span class='ocrx_word' id='word_1_72' title='bbox 1306 675 1420 749; x_wconf 75' lang='grc' dir='ltr'><strong><em>αὐτῶν,</em></strong></span> 
     </span>
     <span class='ocr_line' id='line_1_7' title="bbox 172 755 1421 847; baseline -0.004 -19"><span class='ocrx_word' id='word_1_73' title='bbox 172 771 227 838; x_wconf 79' lang='grc' dir='ltr'><strong><em>ἕως</em></strong></span> <span class='ocrx_word' id='word_1_74' title='bbox 253 766 306 847; x_wconf 74' lang='grc' dir='ltr'><strong><em>τῆς</em></strong></span> <span class='ocrx_word' id='word_1_75' title='bbox 325 757 434 845; x_wconf 75' lang='grc' dir='ltr'><strong><em>ήμέρας</em></strong></span> <span class='ocrx_word' id='word_1_76' title='bbox 453 756 571 842; x_wconf 89' lang='grc' dir='ltr'><strong><em>ταύτης.</em></strong></span> <span class='ocrx_word' id='word_1_77' title='bbox 599 762 650 823; x_wconf 85' lang='grc' dir='ltr'><strong><em>καί</em></strong></span> <span class='ocrx_word' id='word_1_78' title='bbox 670 761 781 822; x_wconf 82' lang='grc' dir='ltr'><strong><em>ἐκτῶν</em></strong></span> <span class='ocrx_word' id='word_1_79' title='bbox 810 762 850 833; x_wconf 84' lang='grc' dir='ltr'><strong><em>εἰς</em></strong></span> <span class='ocrx_word' id='word_1_80' title='bbox 873 757 984 832; x_wconf 83' lang='grc' dir='ltr'><strong><em>αύτούς</em></strong></span> <span class='ocrx_word' id='word_1_81' title='bbox 1001 755 1150 842; x_wconf 82' lang='grc' dir='ltr'><strong><em>ἐκολλήθη</em></strong></span> <span class='ocrx_word' id='word_1_82' title='bbox 1168 758 1338 841; x_wconf 76' lang='grc' dir='ltr'><strong><em>Σαλωμών,</em></strong></span> <span class='ocrx_word' id='word_1_83' title='bbox 1364 763 1421 823; x_wconf 88' lang='grc' dir='ltr'><strong><em>τού</em></strong></span> 
     </span>
     <span class='ocr_line' id='line_1_8' title="bbox 172 837 1419 928; baseline -0.005 -17"><span class='ocrx_word' id='word_1_84' title='bbox 172 851 244 911; x_wconf 83' lang='grc' dir='ltr'><strong><em>υίῶν</em></strong></span> <span class='ocrx_word' id='word_1_85' title='bbox 270 842 396 928; x_wconf 81' lang='grc' dir='ltr'><strong><em>Ἰσραήλ</em></strong></span> <span class='ocrx_word' id='word_1_86' title='bbox 425 843 498 925; x_wconf 53' lang='grc' dir='ltr'><strong><em>οὐκ,</em></strong></span> <span class='ocrx_word' id='word_1_87' title='bbox 508 843 596 907; x_wconf 85' lang='grc' dir='ltr'><strong><em>ἐδωκε</em></strong></span> <span class='ocrx_word' id='word_1_88' title='bbox 620 839 780 922; x_wconf 85' lang='grc' dir='ltr'><strong><em>Σαλωμών</em></strong></span> <span class='ocrx_word' id='word_1_89' title='bbox 811 838 973 923; x_wconf 71' lang='grc' dir='ltr'><strong><em>ἀγαπῆσαι.</em></strong></span> <span class='ocrx_word' id='word_1_90' title='bbox 990 840 1064 905; x_wconf 74' lang='grc' dir='ltr'><strong><em>2καί</em></strong></span> <span class='ocrx_word' id='word_1_91' title='bbox 1077 837 1202 925; x_wconf 91' lang='grc' dir='ltr'><strong><em>ἐγενήθη</em></strong></span> <span class='ocrx_word' id='word_1_92' title='bbox 1215 846 1248 925; x_wconf 76' lang='grc' dir='ltr'><strong><em>ἐν</em></strong></span> <span class='ocrx_word' id='word_1_93' title='bbox 1257 846 1354 926; x_wconf 76' lang='grc' dir='ltr'><strong><em>καιρῷ</em></strong></span> <span class='ocrx_word' id='word_1_94' title='bbox 1364 837 1419 924; x_wconf 84' lang='grc' dir='ltr'><strong><em>γή-</em></strong></span> 
     </span>
     <span class='ocr_line' id='line_1_9' title="bbox 170 921 1421 1013; baseline -0.003 -20"><span class='ocrx_word' id='word_1_95' title='bbox 170 934 306 1013; x_wconf 84' lang='grc' dir='ltr'><strong><em>πρᾶγμα,</em></strong></span> <span class='ocrx_word' id='word_1_96' title='bbox 320 923 367 993; x_wconf 77' lang='grc' dir='ltr'><strong><em>δτι</em></strong></span> <span class='ocrx_word' id='word_1_97' title='bbox 379 923 469 991; x_wconf 88' lang='grc' dir='ltr'><strong><em>αύτοὶ</em></strong></span> <span class='ocrx_word' id='word_1_98' title='bbox 481 926 554 1008; x_wconf 86' lang='grc' dir='ltr'><strong><em>ήσαν</em></strong></span> <span class='ocrx_word' id='word_1_99' title='bbox 567 923 666 1007; x_wconf 74' lang='grc' dir='ltr'><strong><em>ἄνδρες</em></strong></span> <span class='ocrx_word' id='word_1_100' title='bbox 679 928 710 988; x_wconf 87' lang='grc' dir='ltr'><strong><em>οί</em></strong></span> <span class='ocrx_word' id='word_1_101' title='bbox 719 948 780 988; x_wconf 91' lang='grc' dir='ltr'><strong><em>πο-</em></strong></span> <span class='ocrx_word' id='word_1_102' title='bbox 811 947 881 1008; x_wconf 92' lang='grc' dir='ltr'><strong><em>ρους</em></strong></span> <span class='ocrx_word' id='word_1_103' title='bbox 893 922 1068 1005; x_wconf 78' lang='grc' dir='ltr'><strong><em>Σαλωμών,</em></strong></span> <span class='ocrx_word' id='word_1_104' title='bbox 1095 925 1147 988; x_wconf 83' lang='grc' dir='ltr'><strong><em>καί</em></strong></span> <span class='ocrx_word' id='word_1_105' title='bbox 1161 923 1216 988; x_wconf 83' lang='grc' dir='ltr'><strong><em>οὐκ</em></strong></span> <span class='ocrx_word' id='word_1_106' title='bbox 1230 925 1265 1007; x_wconf 82' lang='grc' dir='ltr'><strong><em>ήν</em></strong></span> <span class='ocrx_word' id='word_1_107' title='bbox 1279 921 1296 1007; x_wconf 86' lang='grc' dir='ltr'><strong><em>ή</em></strong></span> <span class='ocrx_word' id='word_1_108' title='bbox 1310 926 1421 1009; x_wconf 78' lang='grc' dir='ltr'><strong><em>καρδία</em></strong></span> 
     </span>
     <span class='ocr_line' id='line_1_10' title="bbox 170 1002 1420 1094; baseline -0.005 -18"><span class='ocrx_word' id='word_1_109' title='bbox 170 1012 318 1094; x_wconf 85' lang='grc' dir='ltr'><strong><em>λεμισταί,</em></strong></span> <span class='ocrx_word' id='word_1_110' title='bbox 343 1010 393 1074; x_wconf 86' lang='grc' dir='ltr'><strong><em>καί</em></strong></span> <span class='ocrx_word' id='word_1_111' title='bbox 418 1009 520 1083; x_wconf 85' lang='grc' dir='ltr'><strong><em>παῖδες</em></strong></span> <span class='ocrx_word' id='word_1_112' title='bbox 540 1006 635 1072; x_wconf 81' lang='grc' dir='ltr'><strong><em>αὐτοῦ</em></strong></span> <span class='ocrx_word' id='word_1_113' title='bbox 653 1008 706 1072; x_wconf 83' lang='grc' dir='ltr'><strong><em>καὶ</em></strong></span> <span class='ocrx_word' id='word_1_114' title='bbox 723 1005 780 1091; x_wconf 84' lang='grc' dir='ltr'><strong><em>άρ-</em></strong></span> <span class='ocrx_word' id='word_1_115' title='bbox 810 1005 906 1071; x_wconf 87' lang='grc' dir='ltr'><strong><em>αύτού</em></strong></span> <span class='ocrx_word' id='word_1_116' title='bbox 917 1005 1012 1071; x_wconf 83' lang='grc' dir='ltr'><strong><em>τελεία</em></strong></span> <span class='ocrx_word' id='word_1_117' title='bbox 1024 1002 1097 1087; x_wconf 89' lang='grc' dir='ltr'><strong><em>μετά</em></strong></span> <span class='ocrx_word' id='word_1_118' title='bbox 1110 1010 1213 1090; x_wconf 87' lang='grc' dir='ltr'><strong><em>κυρίου</em></strong></span> <span class='ocrx_word' id='word_1_119' title='bbox 1223 1012 1300 1071; x_wconf 77' lang='grc' dir='ltr'><strong><em>θεοῦ</em></strong></span> <span class='ocrx_word' id='word_1_120' title='bbox 1311 1007 1420 1082; x_wconf 80' lang='grc' dir='ltr'><strong><em>αὐτοῦ,</em></strong></span> 
     </span>
     <span class='ocr_line' id='line_1_11' title="bbox 169 1085 1420 1194; baseline -0.006 -34"><span class='ocrx_word' id='word_1_121' title='bbox 169 1119 267 1180; x_wconf 84' lang='grc' dir='ltr'><strong><em>χοντες</em></strong></span> <span class='ocrx_word' id='word_1_122' title='bbox 279 1096 330 1158; x_wconf 90' lang='grc' dir='ltr'><strong><em>καὶ</em></strong></span> <span class='ocrx_word' id='word_1_123' title='bbox 343 1093 456 1178; x_wconf 88' lang='grc' dir='ltr'><strong><em>τρισσοί</em></strong></span> <span class='ocrx_word' id='word_1_124' title='bbox 468 1088 582 1166; x_wconf 80' lang='grc' dir='ltr'><strong><em>αύτού,</em></strong></span> <span class='ocrx_word' id='word_1_125' title='bbox 607 1093 658 1155; x_wconf 85' lang='grc' dir='ltr'><strong><em>καὶ</em></strong></span> <span class='ocrx_word' id='word_1_126' title='bbox 670 1088 778 1177; x_wconf 80' lang='grc' dir='ltr'><strong><em>ι’ίρχον-</em></strong></span> <span class='ocrx_word' id='word_1_127' title='bbox 810 1087 915 1165; x_wconf 83' lang='grc' dir='ltr'><strong><em>καθώς</em></strong></span> <span class='ocrx_word' id='word_1_128' title='bbox 941 1086 959 1173; x_wconf 75' lang='grc' dir='ltr'><em>ἦ</em></span> <span class='ocrx_word' id='word_1_129' title='bbox 986 1090 1094 1172; x_wconf 78' lang='grc' dir='ltr'><strong><em>καρδία</em></strong></span> <span class='ocrx_word' id='word_1_130' title='bbox 1111 1085 1208 1153; x_wconf 84' lang='grc' dir='ltr'><strong><em>Δαυίδ</em></strong></span> <span class='ocrx_word' id='word_1_131' title='bbox 1230 1089 1420 1194; x_wconf 85' lang='grc' dir='ltr'><strong><em>τοῦπατρὸς</em></strong></span> 
     </span>
     <span class='ocr_line' id='line_1_12' title="bbox 169 1167 1420 1260; baseline -0.006 -18"><span class='ocrx_word' id='word_1_132' title='bbox 169 1203 216 1253; x_wconf 98' lang='grc' dir='ltr'><strong><em>τες</em></strong></span> <span class='ocrx_word' id='word_1_133' title='bbox 239 1180 299 1241; x_wconf 77' lang='grc' dir='ltr'><strong><em>τῶν</em></strong></span> <span class='ocrx_word' id='word_1_134' title='bbox 317 1167 459 1260; x_wconf 79' lang='grc' dir='ltr'><strong><em>ἁρμάτων</em></strong></span> <span class='ocrx_word' id='word_1_135' title='bbox 476 1170 587 1250; x_wconf 77' lang='grc' dir='ltr'><strong><em>αὐτοῦ,</em></strong></span> <span class='ocrx_word' id='word_1_136' title='bbox 612 1175 663 1238; x_wconf 87' lang='grc' dir='ltr'><strong><em>καί</em></strong></span> <span class='ocrx_word' id='word_1_137' title='bbox 681 1177 779 1247; x_wconf 83' lang='grc' dir='ltr'><strong><em>ίππεῖς</em></strong></span> <span class='ocrx_word' id='word_1_138' title='bbox 811 1171 917 1237; x_wconf 84' lang='grc' dir='ltr'><strong><em>αύτού.</em></strong></span> <span class='ocrx_word' id='word_1_139' title='bbox 929 1173 1000 1236; x_wconf 72' lang='grc' dir='ltr'><strong><em>2καέ</em></strong></span> <span class='ocrx_word' id='word_1_140' title='bbox 1012 1172 1158 1248; x_wconf 80' lang='grc' dir='ltr'><strong><em>ἐξέκλιναν</em></strong></span> <span class='ocrx_word' id='word_1_141' title='bbox 1169 1183 1301 1249; x_wconf 87' lang='grc' dir='ltr'><strong><em>γυναῖκες</em></strong></span> <span class='ocrx_word' id='word_1_142' title='bbox 1314 1176 1348 1233; x_wconf 82' lang='grc' dir='ltr'><strong><em>αἱ</em></strong></span> <span class='ocrx_word' id='word_1_143' title='bbox 1360 1174 1420 1235; x_wconf 85' lang='grc' dir='ltr'><strong><em>αλ-</em></strong></span> 
     </span>
     <span class='ocr_line' id='line_1_13' title="bbox 171 1251 1420 1341; baseline -0.003 -18"><span class='ocrx_word' id='word_1_144' title='bbox 171 1258 276 1325; x_wconf 86' lang='grc' dir='ltr'><strong><em>αύτού.</em></strong></span> <span class='ocrx_word' id='word_1_145' title='bbox 307 1260 336 1301; x_wconf 69' lang='grc'><strong><em>22</em></strong></span> <span class='ocrx_word' id='word_1_146' title='bbox 349 1259 399 1323; x_wconf 87' lang='grc' dir='ltr'><strong><em>καί</em></strong></span> <span class='ocrx_word' id='word_1_147' title='bbox 420 1251 605 1341; x_wconf 85' lang='grc' dir='ltr'><strong><em>ἐμεγαλύνθη</em></strong></span> <span class='ocrx_word' id='word_1_148' title='bbox 621 1255 779 1338; x_wconf 87' lang='grc' dir='ltr'><strong><em>Σαλωμών</em></strong></span> <span class='ocrx_word' id='word_1_149' title='bbox 810 1253 928 1341; x_wconf 87' lang='grc' dir='ltr'><strong><em>λύτριαι</em></strong></span> <span class='ocrx_word' id='word_1_150' title='bbox 958 1251 1011 1339; x_wconf 87' lang='grc' dir='ltr'><strong><em>τήν</em></strong></span> <span class='ocrx_word' id='word_1_151' title='bbox 1035 1256 1160 1340; x_wconf 82' lang='grc' dir='ltr'><strong><em>καρδίαν</em></strong></span> <span class='ocrx_word' id='word_1_152' title='bbox 1190 1251 1284 1318; x_wconf 79' lang='grc' dir='ltr'><strong><em>αὐτοῦ</em></strong></span> <span class='ocrx_word' id='word_1_153' title='bbox 1318 1251 1420 1319; x_wconf 83' lang='grc' dir='ltr'><strong><em>ὀπίσω</em></strong></span> 
     </span>
     <span class='ocr_line' id='line_1_14' title="bbox 170 1334 1419 1426; baseline -0.005 -18"><span class='ocrx_word' id='word_1_154' title='bbox 170 1339 246 1424; x_wconf 79' lang='grc' dir='ltr'><strong><em>ύπέρ</em></strong></span> <span class='ocrx_word' id='word_1_155' title='bbox 270 1335 387 1416; x_wconf 88' lang='grc' dir='ltr'><strong><em>πάντας</em></strong></span> <span class='ocrx_word' id='word_1_156' title='bbox 411 1337 481 1413; x_wconf 87' lang='grc' dir='ltr'><strong><em>τούς</em></strong></span> <span class='ocrx_word' id='word_1_157' title='bbox 504 1340 631 1426; x_wconf 73' lang='grc' dir='ltr'><strong><em>βασιλεῖς</em></strong></span> <span class='ocrx_word' id='word_1_158' title='bbox 655 1344 706 1423; x_wconf 81' lang='grc' dir='ltr'><strong><em>της</em></strong></span> <span class='ocrx_word' id='word_1_159' title='bbox 724 1342 779 1422; x_wconf 76' lang='grc' dir='ltr'><strong><em>γῆς</em></strong></span> <span class='ocrx_word' id='word_1_160' title='bbox 809 1344 892 1403; x_wconf 82' lang='grc' dir='ltr'><strong><em>θεῶν</em></strong></span> <span class='ocrx_word' id='word_1_161' title='bbox 910 1335 1021 1404; x_wconf 82' lang='grc' dir='ltr'><strong><em>αύτών.</em></strong></span> <span class='ocrx_word' id='word_1_162' title='bbox 1054 1335 1148 1402; x_wconf 78' lang='grc' dir='ltr'><strong><em>2τότε</em></strong></span> <span class='ocrx_word' id='word_1_163' title='bbox 1165 1334 1335 1421; x_wconf 77' lang='grc' dir='ltr'><strong><em>ᾠκοδόμησε</em></strong></span> <span class='ocrx_word' id='word_1_164' title='bbox 1352 1345 1419 1402; x_wconf 89' lang='grc' dir='ltr'><strong><em>Σα-</em></strong></span> 
     </span>
     <span class='ocr_line' id='line_1_15' title="bbox 169 1416 1418 1506; baseline -0.005 -17"><span class='ocrx_word' id='word_1_165' title='bbox 169 1421 294 1506; x_wconf 87' lang='grc' dir='ltr'><strong><em>πλούτῳ</em></strong></span> <span class='ocrx_word' id='word_1_166' title='bbox 311 1427 361 1488; x_wconf 84' lang='grc' dir='ltr'><strong><em>καί</em></strong></span> <span class='ocrx_word' id='word_1_167' title='bbox 376 1419 524 1504; x_wconf 78' lang='grc' dir='ltr'><strong><em>ᾳρονήσει.</em></strong></span> <span class='ocrx_word' id='word_1_168' title='bbox 564 1423 595 1464; x_wconf 76' lang='grc'><strong><em>22</em></strong></span> <span class='ocrx_word' id='word_1_169' title='bbox 609 1416 779 1494; x_wconf 84' lang='grc' dir='ltr'><strong><em>καίπάντες</em></strong></span> <span class='ocrx_word' id='word_1_170' title='bbox 810 1417 918 1506; x_wconf 85' lang='grc' dir='ltr'><strong><em>λωμών</em></strong></span> <span class='ocrx_word' id='word_1_171' title='bbox 943 1419 1059 1505; x_wconf 80' lang='grc' dir='ltr'><strong><em>ὑψηλὸν</em></strong></span> <span class='ocrx_word' id='word_1_172' title='bbox 1083 1426 1129 1505; x_wconf 78' lang='grc' dir='ltr'><strong><em>τῷ</em></strong></span> <span class='ocrx_word' id='word_1_173' title='bbox 1149 1419 1279 1504; x_wconf 77' lang='grc' dir='ltr'><strong><em>Χαμώς,</em></strong></span> <span class='ocrx_word' id='word_1_174' title='bbox 1304 1416 1418 1504; x_wconf 78' lang='grc' dir='ltr'><strong><em>εἰδώλῳ</em></strong></span> 
     </span>
     <span class='ocr_line' id='line_1_16' title="bbox 169 1499 1417 1609; baseline -0.002 -38"><span class='ocrx_word' id='word_1_175' title='bbox 169 1506 298 1594; x_wconf 84' lang='grc' dir='ltr'><strong><em>βασιλεῖς</em></strong></span> <span class='ocrx_word' id='word_1_176' title='bbox 309 1509 360 1589; x_wconf 74' lang='grc' dir='ltr'><strong><em>τῆς</em></strong></span> <span class='ocrx_word' id='word_1_177' title='bbox 367 1508 421 1588; x_wconf 83' lang='grc' dir='ltr'><strong><em>γής</em></strong></span> <span class='ocrx_word' id='word_1_178' title='bbox 432 1500 556 1586; x_wconf 87' lang='grc' dir='ltr'><strong><em>ἐζήτουν</em></strong></span> <span class='ocrx_word' id='word_1_179' title='bbox 567 1503 603 1569; x_wconf 91' lang='grc' dir='ltr'><strong><em>τὸ</em></strong></span> <span class='ocrx_word' id='word_1_180' title='bbox 616 1499 779 1589; x_wconf 75' lang='grc' dir='ltr'><strong><em>πρόςωπον</em></strong></span> <span class='ocrx_word' id='word_1_181' title='bbox 810 1504 926 1609; x_wconf 86' lang='grc' dir='ltr'><strong><em>Μωάβ,</em></strong></span> <span class='ocrx_word' id='word_1_182' title='bbox 949 1507 1000 1571; x_wconf 86' lang='grc' dir='ltr'><strong><em>καὶ</em></strong></span> <span class='ocrx_word' id='word_1_183' title='bbox 1013 1509 1057 1588; x_wconf 76' lang='grc' dir='ltr'><strong><em>τῷ</em></strong></span> <span class='ocrx_word' id='word_1_184' title='bbox 1068 1504 1184 1591; x_wconf 86' lang='grc' dir='ltr'><strong><em>βασιλεῖ</em></strong></span> <span class='ocrx_word' id='word_1_185' title='bbox 1195 1503 1294 1569; x_wconf 81' lang='grc' dir='ltr'><strong><em>αὐτῶν</em></strong></span> <span class='ocrx_word' id='word_1_186' title='bbox 1306 1499 1417 1587; x_wconf 87' lang='grc' dir='ltr'><strong><em>εἰδώλῳ</em></strong></span> 
     </span>
     <span class='ocr_line' id='line_1_17' title="bbox 170 1580 1415 1680; baseline -0.002 -28"><span class='ocrx_word' id='word_1_187' title='bbox 170 1586 343 1669; x_wconf 80' lang='grc' dir='ltr'><strong><em>Σαλωμών,</em></strong></span> <span class='ocrx_word' id='word_1_188' title='bbox 368 1590 424 1652; x_wconf 85' lang='grc' dir='ltr'><strong><em>τού</em></strong></span> <span class='ocrx_word' id='word_1_189' title='bbox 448 1584 575 1651; x_wconf 80' lang='grc' dir='ltr'><strong><em>ἀκούσαι</em></strong></span> <span class='ocrx_word' id='word_1_190' title='bbox 597 1589 648 1670; x_wconf 79' lang='grc' dir='ltr'><strong><em>της</em></strong></span> <span class='ocrx_word' id='word_1_191' title='bbox 666 1580 780 1670; x_wconf 80' lang='grc' dir='ltr'><strong><em>φρονή-</em></strong></span> <span class='ocrx_word' id='word_1_192' title='bbox 810 1585 1025 1669; x_wconf 83' lang='grc' dir='ltr'><strong><em>υίῶνΑμμών,</em></strong></span> <span class='ocrx_word' id='word_1_193' title='bbox 1048 1589 1126 1653; x_wconf 75' lang='grc' dir='ltr'><strong><em>5καί</em></strong></span> <span class='ocrx_word' id='word_1_194' title='bbox 1139 1591 1176 1680; x_wconf 75' lang='grc' dir='ltr'><strong><em>τῇ</em></strong></span> <span class='ocrx_word' id='word_1_195' title='bbox 1188 1581 1339 1672; x_wconf 86' lang='grc' dir='ltr'><strong><em>Ἆστάρτη</em></strong></span> <span class='ocrx_word' id='word_1_196' title='bbox 1351 1588 1415 1673; x_wconf 85' lang='grc' dir='ltr'><strong><em>βδε-</em></strong></span> 
     </span>
     <span class='ocr_line' id='line_1_18' title="bbox 171 1655 1417 1760; baseline -0.003 -23"><span class='ocrx_word' id='word_1_197' title='bbox 171 1697 243 1748; x_wconf 90' lang='grc' dir='ltr'><strong><em>σεως</em></strong></span> <span class='ocrx_word' id='word_1_198' title='bbox 255 1670 351 1736; x_wconf 85' lang='grc' dir='ltr'><strong><em>αύτού</em></strong></span> <span class='ocrx_word' id='word_1_199' title='bbox 364 1662 397 1754; x_wconf 83' lang='grc' dir='ltr'><strong><em>ής</em></strong></span> <span class='ocrx_word' id='word_1_200' title='bbox 410 1668 500 1734; x_wconf 83' lang='grc' dir='ltr'><strong><em>ἐδωκε</em></strong></span> <span class='ocrx_word' id='word_1_201' title='bbox 512 1663 614 1753; x_wconf 89' lang='grc' dir='ltr'><strong><em>κύριος</em></strong></span> <span class='ocrx_word' id='word_1_202' title='bbox 623 1673 659 1760; x_wconf 73' lang='grc' dir='ltr'><strong><em>τῇ</em></strong></span> <span class='ocrx_word' id='word_1_203' title='bbox 669 1668 779 1754; x_wconf 79' lang='grc' dir='ltr'><strong><em>καρδίη</em></strong></span> <span class='ocrx_word' id='word_1_204' title='bbox 810 1666 936 1754; x_wconf 84' lang='grc' dir='ltr'><strong><em>λύγματι</em></strong></span> <span class='ocrx_word' id='word_1_205' title='bbox 945 1671 1107 1735; x_wconf 86' lang='grc' dir='ltr'><strong><em>Σιδωνίων.</em></strong></span> <span class='ocrx_word' id='word_1_206' title='bbox 1122 1672 1193 1734; x_wconf 76' lang='grc' dir='ltr'><strong><em>2καί</em></strong></span> <span class='ocrx_word' id='word_1_207' title='bbox 1207 1666 1303 1744; x_wconf 74' lang='grc' dir='ltr'><strong><em>οὕτως</em></strong></span> <span class='ocrx_word' id='word_1_208' title='bbox 1315 1655 1417 1751; x_wconf 82' lang='grc' dir='ltr'><strong><em>ἐποίη-</em></strong></span> 
     </span>
     <span class='ocr_line' id='line_1_19' title="bbox 171 1749 1418 1837; baseline -0.003 -17"><span class='ocrx_word' id='word_1_209' title='bbox 171 1752 277 1820; x_wconf 85' lang='grc' dir='ltr'><strong><em>αύτοῠ.</em></strong></span> <span class='ocrx_word' id='word_1_210' title='bbox 316 1754 345 1796; x_wconf 72' lang='grc'><strong>25</strong></span> <span class='ocrx_word' id='word_1_211' title='bbox 359 1754 410 1817; x_wconf 86' lang='grc' dir='ltr'><strong><em>καί</em></strong></span> <span class='ocrx_word' id='word_1_212' title='bbox 425 1749 516 1817; x_wconf 80' lang='grc' dir='ltr'><strong><em>αὐτοί</em></strong></span> <span class='ocrx_word' id='word_1_213' title='bbox 534 1753 641 1837; x_wconf 73' lang='grc' dir='ltr'><strong><em>ἐίηερον</em></strong></span> <span class='ocrx_word' id='word_1_214' title='bbox 658 1757 779 1826; x_wconf 77' lang='grc' dir='ltr'><strong><em>ἕκαστος</em></strong></span> <span class='ocrx_word' id='word_1_215' title='bbox 810 1779 840 1818; x_wconf 93' lang='grc' dir='ltr'><strong><em>σε</em></strong></span> <span class='ocrx_word' id='word_1_216' title='bbox 857 1750 967 1830; x_wconf 88' lang='grc' dir='ltr'><strong><em>πάσαις</em></strong></span> <span class='ocrx_word' id='word_1_217' title='bbox 991 1764 1057 1828; x_wconf 81' lang='grc' dir='ltr'><strong><em>ταῖς</em></strong></span> <span class='ocrx_word' id='word_1_218' title='bbox 1081 1755 1212 1832; x_wconf 86' lang='grc' dir='ltr'><strong><em>γυναιξίν</em></strong></span> <span class='ocrx_word' id='word_1_219' title='bbox 1236 1750 1332 1818; x_wconf 77' lang='grc' dir='ltr'><strong><em>αὐτοῦ</em></strong></span> <span class='ocrx_word' id='word_1_220' title='bbox 1352 1766 1418 1826; x_wconf 89' lang='grc' dir='ltr'><strong><em>ταῖς</em></strong></span> 
     </span>
     <span class='ocr_line' id='line_1_20' title="bbox 170 1831 1417 1922; baseline -0.002 -20"><span class='ocrx_word' id='word_1_221' title='bbox 170 1836 210 1902; x_wconf 86' lang='grc' dir='ltr'><strong><em>τά</em></strong></span> <span class='ocrx_word' id='word_1_222' title='bbox 231 1837 316 1920; x_wconf 84' lang='grc' dir='ltr'><strong><em>δῶρα</em></strong></span> <span class='ocrx_word' id='word_1_223' title='bbox 330 1831 416 1918; x_wconf 88' lang='grc' dir='ltr'><strong><em>σκεύη</em></strong></span> <span class='ocrx_word' id='word_1_224' title='bbox 433 1840 526 1919; x_wconf 76' lang='grc' dir='ltr'><strong><em>χρυσᾶ</em></strong></span> <span class='ocrx_word' id='word_1_225' title='bbox 545 1839 596 1900; x_wconf 89' lang='grc' dir='ltr'><strong><em>καί</em></strong></span> <span class='ocrx_word' id='word_1_226' title='bbox 614 1833 779 1917; x_wconf 85' lang='grc' dir='ltr'><strong><em>ἰματισμὸν,</em></strong></span> <span class='ocrx_word' id='word_1_227' title='bbox 810 1835 991 1922; x_wconf 80' lang='grc' dir='ltr'><strong><em>ἀλλοτρίοις,</em></strong></span> <span class='ocrx_word' id='word_1_228' title='bbox 1004 1844 1039 1901; x_wconf 80' lang='grc' dir='ltr'><strong><em>αἳ</em></strong></span> <span class='ocrx_word' id='word_1_229' title='bbox 1048 1841 1179 1919; x_wconf 90' lang='grc' dir='ltr'><strong><em>ἐθυμίων</em></strong></span> <span class='ocrx_word' id='word_1_230' title='bbox 1191 1838 1241 1901; x_wconf 87' lang='grc' dir='ltr'><strong><em>καὶ</em></strong></span> <span class='ocrx_word' id='word_1_231' title='bbox 1253 1839 1343 1899; x_wconf 79' lang='grc' dir='ltr'><strong><em>ἔθυον</em></strong></span> <span class='ocrx_word' id='word_1_232' title='bbox 1354 1848 1417 1910; x_wconf 82' lang='grc' dir='ltr'><strong><em>τοῖς</em></strong></span> 
     </span>
     <span class='ocr_line' id='line_1_21' title="bbox 171 1914 1415 2003; baseline -0.004 -17"><span class='ocrx_word' id='word_1_233' title='bbox 171 1916 301 2003; x_wconf 85' lang='grc' dir='ltr'><strong><em>στακτήν</em></strong></span> <span class='ocrx_word' id='word_1_234' title='bbox 312 1920 363 1982; x_wconf 89' lang='grc' dir='ltr'><strong><em>καί</em></strong></span> <span class='ocrx_word' id='word_1_235' title='bbox 377 1914 531 2001; x_wconf 84' lang='grc' dir='ltr'><strong><em>ήδύσματα</em></strong></span> <span class='ocrx_word' id='word_1_236' title='bbox 541 1920 592 1983; x_wconf 84' lang='grc' dir='ltr'><strong><em>καί</em></strong></span> <span class='ocrx_word' id='word_1_237' title='bbox 603 1922 715 1991; x_wconf 86' lang='grc' dir='ltr'><strong><em>’ίππους</em></strong></span> <span class='ocrx_word' id='word_1_238' title='bbox 728 1918 779 1981; x_wconf 87' lang='grc' dir='ltr'><strong><em>καί</em></strong></span> <span class='ocrx_word' id='word_1_239' title='bbox 810 1917 939 1996; x_wconf 80' lang='grc' dir='ltr'><strong><em>εἰδώλοις</em></strong></span> <span class='ocrx_word' id='word_1_240' title='bbox 951 1919 1059 1985; x_wconf 77' lang='grc' dir='ltr'><strong><em>αὐτῶν.</em></strong></span> <span class='ocrx_word' id='word_1_241' title='bbox 1083 1923 1098 1964; x_wconf 78' lang='lat'><strong>¹</strong></span> <span class='ocrx_word' id='word_1_242' title='bbox 1112 1923 1163 1985; x_wconf 86' lang='grc' dir='ltr'><strong><em>καί</em></strong></span> <span class='ocrx_word' id='word_1_243' title='bbox 1175 1923 1295 2001; x_wconf 86' lang='grc' dir='ltr'><strong><em>ἐποίησε</em></strong></span> <span class='ocrx_word' id='word_1_244' title='bbox 1306 1918 1415 1982; x_wconf 86' lang='grc' dir='ltr'><strong><em>Σαλω-</em></strong></span> 
     </span>
     <span class='ocr_line' id='line_1_22' title="bbox 158 1997 1417 2129; baseline -0.001 -64"><span class='ocrx_word' id='word_1_245' title='bbox 158 1997 310 2129; x_wconf 69' lang='grc' dir='ltr'><strong><em>’ήριύνους</em></strong></span> <span class='ocrx_word' id='word_1_246' title='bbox 335 1997 372 2065; x_wconf 86' lang='grc' dir='ltr'><strong><em>τὸ</em></strong></span> <span class='ocrx_word' id='word_1_247' title='bbox 398 1999 464 2065; x_wconf 86' lang='grc' dir='ltr'><strong><em>κατ’</em></strong></span> <span class='ocrx_word' id='word_1_248' title='bbox 493 1998 624 2066; x_wconf 83' lang='grc' dir='ltr'><strong><em>ἐνιαυτὸν</em></strong></span> <span class='ocrx_word' id='word_1_249' title='bbox 646 2003 779 2082; x_wconf 77' lang='grc' dir='ltr'><strong><em>ἐνιαυτῷ.</em></strong></span> <span class='ocrx_word' id='word_1_250' title='bbox 809 2002 874 2086; x_wconf 83' lang='grc' dir='ltr'><strong><em>μών</em></strong></span> <span class='ocrx_word' id='word_1_251' title='bbox 886 2003 922 2067; x_wconf 88' lang='grc' dir='ltr'><strong><em>τὸ</em></strong></span> <span class='ocrx_word' id='word_1_252' title='bbox 935 2000 1067 2090; x_wconf 84' lang='grc' dir='ltr'><strong><em>πονηρὸν</em></strong></span> <span class='ocrx_word' id='word_1_253' title='bbox 1079 1999 1207 2069; x_wconf 82' lang='grc' dir='ltr'><strong><em>ἐνώπιον</em></strong></span> <span class='ocrx_word' id='word_1_254' title='bbox 1224 2007 1335 2087; x_wconf 89' lang='grc' dir='ltr'><strong><em>κυρίου.</em></strong></span> <span class='ocrx_word' id='word_1_255' title='bbox 1361 1998 1417 2066; x_wconf 80' lang='grc' dir='ltr'><strong><em>οὐκ</em></strong></span> 
     </span>
     <span class='ocr_line' id='line_1_23' title="bbox 171 2079 1414 2172; baseline 0.001 -24"><span class='ocrx_word' id='word_1_256' title='bbox 171 2088 185 2126; x_wconf 86' lang='grc'><strong>2</strong></span> <span class='ocrx_word' id='word_1_257' title='bbox 209 2085 261 2149; x_wconf 87' lang='grc' dir='ltr'><strong><em>καὶ</em></strong></span> <span class='ocrx_word' id='word_1_258' title='bbox 274 2086 350 2167; x_wconf 83' lang='grc' dir='ltr'><strong><em>ήσαν</em></strong></span> <span class='ocrx_word' id='word_1_259' title='bbox 365 2087 408 2167; x_wconf 80' lang='grc' dir='ltr'><strong><em>τῴ</em></strong></span> <span class='ocrx_word' id='word_1_260' title='bbox 418 2081 577 2168; x_wconf 85' lang='grc' dir='ltr'><strong><em>Σαλωμών</em></strong></span> <span class='ocrx_word' id='word_1_261' title='bbox 588 2079 726 2170; x_wconf 80' lang='grc' dir='ltr'><strong><em>τίσσαρες</em></strong></span> <span class='ocrx_word' id='word_1_262' title='bbox 735 2108 780 2167; x_wconf 82' lang='grc' dir='ltr'><strong><em>χι·</em></strong></span> <span class='ocrx_word' id='word_1_263' title='bbox 810 2084 960 2170; x_wconf 77' lang='grc' dir='ltr'><strong><em>ἐπορεύθη</em></strong></span> <span class='ocrx_word' id='word_1_264' title='bbox 985 2084 1087 2152; x_wconf 87' lang='grc' dir='ltr'><strong><em>ὀπίσω</em></strong></span> <span class='ocrx_word' id='word_1_265' title='bbox 1105 2094 1210 2172; x_wconf 90' lang='grc' dir='ltr'><strong><em>κυρίου</em></strong></span> <span class='ocrx_word' id='word_1_266' title='bbox 1227 2082 1268 2160; x_wconf 79' lang='grc' dir='ltr'><strong><em>ὡς</em></strong></span> <span class='ocrx_word' id='word_1_267' title='bbox 1285 2086 1382 2150; x_wconf 84' lang='grc' dir='ltr'><strong><em>Δαυὶδ</em></strong></span> <span class='ocrx_word' id='word_1_268' title='bbox 1397 2080 1414 2148; x_wconf 84' lang='grc' dir='ltr'>ὁ</span> 
     </span>
     <span class='ocr_line' id='line_1_24' title="bbox 170 2161 1417 2255; baseline -0.001 -24"><span class='ocrx_word' id='word_1_269' title='bbox 170 2162 267 2243; x_wconf 85' lang='grc' dir='ltr'><strong><em>λιάδες</em></strong></span> <span class='ocrx_word' id='word_1_270' title='bbox 285 2161 404 2251; x_wconf 80' lang='grc' dir='ltr'><strong><em>θήλειαι</em></strong></span> <span class='ocrx_word' id='word_1_271' title='bbox 421 2171 510 2232; x_wconf 84' lang='grc' dir='ltr'><strong><em>’ίπποι</em></strong></span> <span class='ocrx_word' id='word_1_272' title='bbox 523 2171 562 2244; x_wconf 87' lang='grc' dir='ltr'><strong><em>εἰς</em></strong></span> <span class='ocrx_word' id='word_1_273' title='bbox 575 2163 706 2254; x_wconf 79' lang='grc' dir='ltr'><strong><em>άρματα,</em></strong></span> <span class='ocrx_word' id='word_1_274' title='bbox 730 2169 779 2230; x_wconf 82' lang='grc' dir='ltr'><strong><em>καί</em></strong></span> <span class='ocrx_word' id='word_1_275' title='bbox 809 2169 911 2254; x_wconf 88' lang='grc' dir='ltr'><strong><em>πατήρ</em></strong></span> <span class='ocrx_word' id='word_1_276' title='bbox 925 2173 1031 2236; x_wconf 82' lang='grc' dir='ltr'><strong><em>αὐτοῦ.</em></strong></span> <span class='ocrx_word' id='word_1_277' title='bbox 1070 2171 1149 2235; x_wconf 74' lang='grc' dir='ltr'><strong><em>2καί</em></strong></span> <span class='ocrx_word' id='word_1_278' title='bbox 1168 2167 1305 2255; x_wconf 76' lang='grc' dir='ltr'><strong><em>ὠργίσθη</em></strong></span> <span class='ocrx_word' id='word_1_279' title='bbox 1318 2163 1417 2250; x_wconf 85' lang='grc' dir='ltr'><strong><em>κύριος</em></strong></span> 
     </span>
     <span class='ocr_line' id='line_1_25' title="bbox 170 2246 1417 2359; baseline -0.002 -44"><span class='ocrx_word' id='word_1_280' title='bbox 170 2247 283 2315; x_wconf 86' lang='grc' dir='ltr'><strong><em>δώδεκα</em></strong></span> <span class='ocrx_word' id='word_1_281' title='bbox 311 2249 435 2335; x_wconf 76' lang='grc' dir='ltr'><strong><em>χιλιάδες</em></strong></span> <span class='ocrx_word' id='word_1_282' title='bbox 462 2246 585 2326; x_wconf 79' lang='grc' dir='ltr'><strong><em>ίππέων.</em></strong></span> <span class='ocrx_word' id='word_1_283' title='bbox 614 2254 665 2316; x_wconf 87' lang='grc' dir='ltr'><strong><em>καί</em></strong></span> <span class='ocrx_word' id='word_1_284' title='bbox 690 2256 779 2316; x_wconf 83' lang='grc' dir='ltr'><strong><em>ε”θετο</em></strong></span> <span class='ocrx_word' id='word_1_285' title='bbox 810 2255 860 2317; x_wconf 88' lang='grc' dir='ltr'><strong><em>ἐπὶ</em></strong></span> <span class='ocrx_word' id='word_1_286' title='bbox 875 2253 1048 2359; x_wconf 84' lang='grc' dir='ltr'><strong><em>Σαλωμών,</em></strong></span> <span class='ocrx_word' id='word_1_287' title='bbox 1074 2249 1121 2316; x_wconf 79' lang='grc' dir='ltr'><strong><em>ὅτι</em></strong></span> <span class='ocrx_word' id='word_1_288' title='bbox 1147 2253 1268 2328; x_wconf 75' lang='grc' dir='ltr'><strong><em>ἐξέκλινε</em></strong></span> <span class='ocrx_word' id='word_1_289' title='bbox 1293 2252 1417 2336; x_wconf 88' lang='grc' dir='ltr'><strong><em>καρδίαν</em></strong></span> 
     </span>
     <span class='ocr_line' id='line_1_26' title="bbox 170 2329 1417 2422; baseline -0.002 -24"><span class='ocrx_word' id='word_1_290' title='bbox 170 2331 266 2408; x_wconf 87' lang='grc' dir='ltr'><strong><em>αύτάς</em></strong></span> <span class='ocrx_word' id='word_1_291' title='bbox 279 2335 309 2397; x_wconf 92' lang='grc' dir='ltr'><strong><em>ἐν</em></strong></span> <span class='ocrx_word' id='word_1_292' title='bbox 321 2342 386 2409; x_wconf 83' lang='grc' dir='ltr'><strong><em>ταῖς</em></strong></span> <span class='ocrx_word' id='word_1_293' title='bbox 394 2329 497 2399; x_wconf 81' lang='grc' dir='ltr'><strong><em>πόλεσι</em></strong></span> <span class='ocrx_word' id='word_1_294' title='bbox 508 2338 568 2399; x_wconf 81' lang='grc' dir='ltr'><strong><em>τών</em></strong></span> <span class='ocrx_word' id='word_1_295' title='bbox 577 2330 719 2420; x_wconf 81' lang='grc' dir='ltr'><strong><em>ἁρμάτων</em></strong></span> <span class='ocrx_word' id='word_1_296' title='bbox 730 2335 780 2397; x_wconf 88' lang='grc' dir='ltr'><strong><em>καὶ</em></strong></span> <span class='ocrx_word' id='word_1_297' title='bbox 809 2335 906 2400; x_wconf 80' lang='grc' dir='ltr'><strong><em>αὐτοῦ</em></strong></span> <span class='ocrx_word' id='word_1_298' title='bbox 919 2335 982 2402; x_wconf 86' lang='grc' dir='ltr'><strong><em>άπο</em></strong></span> <span class='ocrx_word' id='word_1_299' title='bbox 994 2342 1099 2422; x_wconf 88' lang='grc' dir='ltr'><strong><em>κυρίου</em></strong></span> <span class='ocrx_word' id='word_1_300' title='bbox 1110 2340 1185 2401; x_wconf 87' lang='grc' dir='ltr'><strong><em>θεοῦ</em></strong></span> <span class='ocrx_word' id='word_1_301' title='bbox 1198 2332 1333 2418; x_wconf 84' lang='grc' dir='ltr'><strong><em>Ἰσραήλ,</em></strong></span> <span class='ocrx_word' id='word_1_302' title='bbox 1359 2338 1417 2397; x_wconf 85' lang='grc' dir='ltr'><strong><em>τοῦ</em></strong></span> 
     </span>
     <span class='ocr_line' id='line_1_27' title="bbox 168 2412 1417 2506; baseline -0.006 -26"><span class='ocrx_word' id='word_1_303' title='bbox 168 2412 322 2501; x_wconf 58' lang='grc' dir='ltr'><strong><em>μετάπού</em></strong></span> <span class='ocrx_word' id='word_1_304' title='bbox 347 2412 496 2503; x_wconf 72' lang='grc' dir='ltr'><strong><em>βασιλέως</em></strong></span> <span class='ocrx_word' id='word_1_305' title='bbox 520 2420 552 2483; x_wconf 78' lang='grc' dir='ltr'><strong><em>ἐν</em></strong></span> <span class='ocrx_word' id='word_1_306' title='bbox 571 2414 778 2506; x_wconf 76' lang='grc' dir='ltr'><strong><em>Ἰερουσαλήμ.</em></strong></span> <span class='ocrx_word' id='word_1_307' title='bbox 810 2418 959 2499; x_wconf 74' lang='grc' dir='ltr'><strong><em>δοθέντος</em></strong></span> <span class='ocrx_word' id='word_1_308' title='bbox 973 2417 1058 2502; x_wconf 83' lang='grc' dir='ltr'><strong><em>αύτῷ</em></strong></span> <span class='ocrx_word' id='word_1_309' title='bbox 1071 2421 1129 2497; x_wconf 81' lang='grc' dir='ltr'><strong><em>δίς,</em></strong></span> <span class='ocrx_word' id='word_1_310' title='bbox 1149 2421 1178 2463; x_wconf 85' lang='lat'><strong><em>¹⁰</em></strong></span> <span class='ocrx_word' id='word_1_311' title='bbox 1190 2419 1241 2483; x_wconf 86' lang='grc' dir='ltr'><strong><em>καί</em></strong></span> <span class='ocrx_word' id='word_1_312' title='bbox 1253 2416 1417 2500; x_wconf 81' lang='grc' dir='ltr'><strong><em>ἐντειλαμέ-</em></strong></span> 
     </span>
     <span class='ocr_line' id='line_1_28' title="bbox 169 2495 1415 2588; baseline -0.002 -23"><span class='ocrx_word' id='word_1_313' title='bbox 169 2502 221 2565; x_wconf 85' lang='grc' dir='ltr'><strong><em>καί</em></strong></span> <span class='ocrx_word' id='word_1_314' title='bbox 246 2499 282 2584; x_wconf 87' lang='grc' dir='ltr'><strong><em>ήν</em></strong></span> <span class='ocrx_word' id='word_1_315' title='bbox 301 2495 459 2584; x_wconf 86' lang='grc' dir='ltr'><strong><em>ήγούμενος</em></strong></span> <span class='ocrx_word' id='word_1_316' title='bbox 475 2496 598 2567; x_wconf 86' lang='grc' dir='ltr'><strong><em>πάντων</em></strong></span> <span class='ocrx_word' id='word_1_317' title='bbox 614 2505 675 2565; x_wconf 81' lang='grc' dir='ltr'><strong><em>τῶν</em></strong></span> <span class='ocrx_word' id='word_1_318' title='bbox 692 2505 779 2588; x_wconf 87' lang='grc' dir='ltr'><strong><em>βασι·</em></strong></span> <span class='ocrx_word' id='word_1_319' title='bbox 811 2528 861 2568; x_wconf 94' lang='grc' dir='ltr'><strong><em>νου</em></strong></span> <span class='ocrx_word' id='word_1_320' title='bbox 880 2501 967 2587; x_wconf 74' lang='grc' dir='ltr'><strong><em>αύτῷ</em></strong></span> <span class='ocrx_word' id='word_1_321' title='bbox 986 2502 1061 2588; x_wconf 76' lang='grc' dir='ltr'><strong><em>ὑπὲρ</em></strong></span> <span class='ocrx_word' id='word_1_322' title='bbox 1074 2508 1131 2568; x_wconf 83' lang='grc' dir='ltr'><strong><em>τοῦ</em></strong></span> <span class='ocrx_word' id='word_1_323' title='bbox 1149 2498 1242 2580; x_wconf 88' lang='grc' dir='ltr'><strong><em>λόγου</em></strong></span> <span class='ocrx_word' id='word_1_324' title='bbox 1257 2496 1367 2566; x_wconf 84' lang='grc' dir='ltr'><strong><em>τούτου</em></strong></span> <span class='ocrx_word' id='word_1_325' title='bbox 1380 2497 1415 2564; x_wconf 87' lang='grc' dir='ltr'><strong><em>τὸ</em></strong></span> 
     </span>
     <span class='ocr_line' id='line_1_29' title="bbox 170 2579 1417 2673; baseline 0 -27"><span class='ocrx_word' id='word_1_326' title='bbox 170 2579 249 2648; x_wconf 86' lang='grc' dir='ltr'><strong><em>λε’ων</em></strong></span> <span class='ocrx_word' id='word_1_327' title='bbox 273 2579 336 2649; x_wconf 80' lang='grc' dir='ltr'><strong><em>άπὸ</em></strong></span> <span class='ocrx_word' id='word_1_328' title='bbox 353 2587 410 2649; x_wconf 87' lang='grc' dir='ltr'><strong><em>τού</em></strong></span> <span class='ocrx_word' id='word_1_329' title='bbox 426 2589 565 2665; x_wconf 83' lang='grc' dir='ltr'><strong><em>ποταμοῦ</em></strong></span> <span class='ocrx_word' id='word_1_330' title='bbox 583 2586 634 2649; x_wconf 86' lang='grc' dir='ltr'><strong><em>καί</em></strong></span> <span class='ocrx_word' id='word_1_331' title='bbox 652 2589 708 2659; x_wconf 81' lang='grc' dir='ltr'><strong><em>ἕως</em></strong></span> <span class='ocrx_word' id='word_1_332' title='bbox 726 2589 779 2669; x_wconf 80' lang='grc' dir='ltr'><strong><em>γής</em></strong></span> <span class='ocrx_word' id='word_1_333' title='bbox 809 2582 955 2672; x_wconf 88' lang='grc' dir='ltr'><strong><em>παράπαν</em></strong></span> <span class='ocrx_word' id='word_1_334' title='bbox 971 2586 1011 2673; x_wconf 90' lang='grc' dir='ltr'><strong><em>μή</em></strong></span> <span class='ocrx_word' id='word_1_335' title='bbox 1029 2591 1213 2669; x_wconf 78' lang='grc' dir='ltr'><strong><em>πορευθῆναι</em></strong></span> <span class='ocrx_word' id='word_1_336' title='bbox 1227 2584 1326 2650; x_wconf 87' lang='grc' dir='ltr'><strong><em>ὀπίσω</em></strong></span> <span class='ocrx_word' id='word_1_337' title='bbox 1338 2588 1417 2648; x_wconf 85' lang='grc' dir='ltr'><strong><em>θεῶν</em></strong></span> 
     </span>
     <span class='ocr_line' id='line_1_30' title="bbox 104 2661 1417 2757; baseline 0.002 -29"><span class='ocrx_word' id='word_1_338' title='bbox 104 2682 105 2686; x_wconf 77' lang='grc'>’</span> <span class='ocrx_word' id='word_1_339' title='bbox 170 2661 354 2748; x_wconf 76' lang='grc' dir='ltr'><strong><em>ἀλλοφύλων</em></strong></span> <span class='ocrx_word' id='word_1_340' title='bbox 369 2666 421 2731; x_wconf 84' lang='grc' dir='ltr'><strong><em>καί</em></strong></span> <span class='ocrx_word' id='word_1_341' title='bbox 433 2665 519 2740; x_wconf 83' lang='grc' dir='ltr'><strong><em>ἕωςύ</em></strong></span> <span class='ocrx_word' id='word_1_342' title='bbox 540 2672 594 2731; x_wconf 90' lang='grc' dir='ltr'><strong><em>ίων</em></strong></span> <span class='ocrx_word' id='word_1_343' title='bbox 606 2662 778 2744; x_wconf 81' lang='grc' dir='ltr'><strong><em>Αἰγύπτου.</em></strong></span> <span class='ocrx_word' id='word_1_344' title='bbox 810 2671 935 2757; x_wconf 79' lang='grc' dir='ltr'><strong><em>ἑτέρων,</em></strong></span> <span class='ocrx_word' id='word_1_345' title='bbox 961 2674 1013 2736; x_wconf 86' lang='grc' dir='ltr'><strong><em>καί</em></strong></span> <span class='ocrx_word' id='word_1_346' title='bbox 1037 2665 1230 2751; x_wconf 83' lang='grc' dir='ltr'><strong><em>φυλάξασθαι</em></strong></span> <span class='ocrx_word' id='word_1_347' title='bbox 1255 2662 1417 2750; x_wconf 77' lang='grc' dir='ltr'><strong><em>ποιῆσαιά</em></strong></span> 
     </span>
     <span class='ocr_line' id='line_1_31' title="bbox 171 2693 1413 2835; baseline 0.002 -23"><span class='ocrx_word' id='word_1_348' title='bbox 171 2750 199 2790; x_wconf 83' lang='grc'><strong><em>22</em></strong></span> <span class='ocrx_word' id='word_1_349' title='bbox 213 2750 264 2812; x_wconf 86' lang='grc' dir='ltr'><strong><em>καί</em></strong></span> <span class='ocrx_word' id='word_1_350' title='bbox 287 2748 392 2811; x_wconf 85' lang='grc' dir='ltr'><strong><em>ἐδιοκεν</em></strong></span> <span class='ocrx_word' id='word_1_351' title='bbox 417 2745 435 2810; x_wconf 85' lang='grc' dir='ltr'><strong>ὁ</strong></span> <span class='ocrx_word' id='word_1_352' title='bbox 454 2693 587 2833; x_wconf 63' lang='grc' dir='ltr'><strong><em>βασιλιύς</em></strong></span> <span class='ocrx_word' id='word_1_353' title='bbox 604 2751 642 2814; x_wconf 86' lang='grc' dir='ltr'><strong><em>τὸ</em></strong></span> <span class='ocrx_word' id='word_1_354' title='bbox 659 2756 778 2834; x_wconf 85' lang='grc' dir='ltr'><strong><em>χρυσίον</em></strong></span> <span class='ocrx_word' id='word_1_355' title='bbox 810 2753 975 2819; x_wconf 86' lang='grc' dir='ltr'><strong><em>ἐνετείλατο</em></strong></span> <span class='ocrx_word' id='word_1_356' title='bbox 993 2750 1079 2833; x_wconf 73' lang='grc' dir='ltr'><strong><em>αύτῷ</em></strong></span> <span class='ocrx_word' id='word_1_357' title='bbox 1097 2749 1196 2835; x_wconf 89' lang='grc' dir='ltr'><strong><em>κύριος</em></strong></span> <span class='ocrx_word' id='word_1_358' title='bbox 1209 2750 1227 2814; x_wconf 86' lang='grc' dir='ltr'>ὁ</span> <span class='ocrx_word' id='word_1_359' title='bbox 1239 2746 1319 2825; x_wconf 84' lang='grc' dir='ltr'><strong><em>θεάς.</em></strong></span> <span class='ocrx_word' id='word_1_360' title='bbox 1346 2749 1413 2815; x_wconf 79' lang='grc' dir='ltr'><strong><em>οὐδ’</em></strong></span> 
     </span>
     <span class='ocr_line' id='line_1_32' title="bbox 169 2823 1418 2920; baseline 0.002 -26"><span class='ocrx_word' id='word_1_361' title='bbox 169 2832 220 2894; x_wconf 88' lang='grc' dir='ltr'><strong><em>καί</em></strong></span> <span class='ocrx_word' id='word_1_362' title='bbox 234 2827 269 2894; x_wconf 87' lang='grc' dir='ltr'><strong><em>τὸ</em></strong></span> <span class='ocrx_word' id='word_1_363' title='bbox 280 2826 424 2915; x_wconf 78' lang='grc' dir='ltr'><strong><em>ἀργύριον</em></strong></span> <span class='ocrx_word' id='word_1_364' title='bbox 436 2832 465 2892; x_wconf 91' lang='grc' dir='ltr'><strong><em>ἐν</em></strong></span> <span class='ocrx_word' id='word_1_365' title='bbox 472 2828 668 2916; x_wconf 74' lang='grc' dir='ltr'><strong><em>Ἰερουσαλήμ</em></strong></span> <span class='ocrx_word' id='word_1_366' title='bbox 679 2827 720 2907; x_wconf 85' lang='grc' dir='ltr'><strong><em>ὡς</em></strong></span> <span class='ocrx_word' id='word_1_367' title='bbox 732 2831 779 2895; x_wconf 90' lang='grc' dir='ltr'><strong><em>λί-</em></strong></span> <span class='ocrx_word' id='word_1_368' title='bbox 810 2823 846 2920; x_wconf 82' lang='grc' dir='ltr'><strong><em>ήν</em></strong></span> <span class='ocrx_word' id='word_1_369' title='bbox 860 2833 878 2920; x_wconf 83' lang='grc' dir='ltr'><strong><em>ή</em></strong></span> <span class='ocrx_word' id='word_1_370' title='bbox 892 2838 1001 2920; x_wconf 87' lang='grc' dir='ltr'><strong><em>καρδία</em></strong></span> <span class='ocrx_word' id='word_1_371' title='bbox 1013 2832 1108 2898; x_wconf 84' lang='grc' dir='ltr'><strong><em>αύτού</em></strong></span> <span class='ocrx_word' id='word_1_372' title='bbox 1121 2834 1216 2896; x_wconf 89' lang='grc' dir='ltr'><strong><em>τελεία</em></strong></span> <span class='ocrx_word' id='word_1_373' title='bbox 1228 2831 1300 2914; x_wconf 86' lang='grc' dir='ltr'><strong><em>μετά</em></strong></span> <span class='ocrx_word' id='word_1_374' title='bbox 1313 2841 1418 2915; x_wconf 88' lang='grc' dir='ltr'><strong><em>κυρίου</em></strong></span> 
     </span>
     <span class='ocr_line' id='line_1_33' title="bbox 169 2909 1417 3002; baseline 0 -23"><span class='ocrx_word' id='word_1_375' title='bbox 169 2923 259 2989; x_wconf 87' lang='grc' dir='ltr'><strong><em>θους,</em></strong></span> <span class='ocrx_word' id='word_1_376' title='bbox 284 2914 335 2977; x_wconf 86' lang='grc' dir='ltr'><strong><em>καί</em></strong></span> <span class='ocrx_word' id='word_1_377' title='bbox 351 2909 404 2987; x_wconf 84' lang='grc' dir='ltr'><strong><em>τάς</em></strong></span> <span class='ocrx_word' id='word_1_378' title='bbox 421 2909 541 2999; x_wconf 85' lang='grc' dir='ltr'><strong><em>κε’δρους</em></strong></span> <span class='ocrx_word' id='word_1_379' title='bbox 554 2915 659 2980; x_wconf 75' lang='grc' dir='ltr'><strong><em>ἔδωκεν</em></strong></span> <span class='ocrx_word' id='word_1_380' title='bbox 672 2911 713 2990; x_wconf 79' lang='grc' dir='ltr'><strong><em>ὡς</em></strong></span> <span class='ocrx_word' id='word_1_381' title='bbox 726 2941 778 2981; x_wconf 66' lang='grc' dir='ltr'><strong><em>συ·</em></strong></span> <span class='ocrx_word' id='word_1_382' title='bbox 809 2915 887 2984; x_wconf 82' lang='grc' dir='ltr'><strong><em>κατά</em></strong></span> <span class='ocrx_word' id='word_1_383' title='bbox 906 2920 961 3001; x_wconf 86' lang='grc' dir='ltr'><strong><em>τήν</em></strong></span> <span class='ocrx_word' id='word_1_384' title='bbox 975 2917 1101 3002; x_wconf 86' lang='grc' dir='ltr'><strong><em>καρδίαν</em></strong></span> <span class='ocrx_word' id='word_1_385' title='bbox 1114 2916 1213 2981; x_wconf 87' lang='grc' dir='ltr'><strong><em>Δαυὶδ</em></strong></span> <span class='ocrx_word' id='word_1_386' title='bbox 1229 2917 1284 2979; x_wconf 86' lang='grc' dir='ltr'><strong><em>τού</em></strong></span> <span class='ocrx_word' id='word_1_387' title='bbox 1300 2913 1417 2997; x_wconf 87' lang='grc' dir='ltr'><strong><em>πατρὸς</em></strong></span> 
     </span>
     <span class='ocr_line' id='line_1_34' title="bbox 168 2992 1417 3093; baseline 0.003 -34"><span class='ocrx_word' id='word_1_388' title='bbox 168 3004 307 3077; x_wconf 86' lang='grc' dir='ltr'><strong><em>καμίνους</em></strong></span> <span class='ocrx_word' id='word_1_389' title='bbox 319 2992 373 3070; x_wconf 86' lang='grc' dir='ltr'><strong><em>τάς</em></strong></span> <span class='ocrx_word' id='word_1_390' title='bbox 385 2997 417 3061; x_wconf 92' lang='grc' dir='ltr'><strong><em>ἐν</em></strong></span> <span class='ocrx_word' id='word_1_391' title='bbox 429 3000 466 3080; x_wconf 81' lang='grc' dir='ltr'><strong><em>τῆ</em></strong></span> <span class='ocrx_word' id='word_1_392' title='bbox 481 2999 583 3093; x_wconf 76' lang='grc' dir='ltr'><strong><em>πεδινῇ</em></strong></span> <span class='ocrx_word' id='word_1_393' title='bbox 597 3003 636 3074; x_wconf 84' lang='grc' dir='ltr'><strong><em>εἰς</em></strong></span> <span class='ocrx_word' id='word_1_394' title='bbox 648 2999 776 3086; x_wconf 74' lang='grc' dir='ltr'><strong><em>πλῆθος.</em></strong></span> <span class='ocrx_word' id='word_1_395' title='bbox 810 2999 914 3068; x_wconf 84' lang='grc' dir='ltr'><strong><em>αύτού.</em></strong></span> <span class='ocrx_word' id='word_1_396' title='bbox 931 3005 957 3044; x_wconf 90' lang='lat'><strong><em>¹¹</em></strong></span> <span class='ocrx_word' id='word_1_397' title='bbox 966 3003 1017 3064; x_wconf 87' lang='grc' dir='ltr'><strong><em>καί</em></strong></span> <span class='ocrx_word' id='word_1_398' title='bbox 1030 2999 1092 3065; x_wconf 86' lang='grc' dir='ltr'><strong><em>είπε</em></strong></span> <span class='ocrx_word' id='word_1_399' title='bbox 1104 2996 1202 3087; x_wconf 89' lang='grc' dir='ltr'><strong><em>κύριος</em></strong></span> <span class='ocrx_word' id='word_1_400' title='bbox 1215 2996 1292 3085; x_wconf 89' lang='grc' dir='ltr'><strong><em>πρὸς</em></strong></span> <span class='ocrx_word' id='word_1_401' title='bbox 1304 2998 1417 3063; x_wconf 84' lang='grc' dir='ltr'><strong><em>Σαλω-</em></strong></span> 
     </span>
     <span class='ocr_line' id='line_1_35' title="bbox 169 3070 1416 3180; baseline 0.003 -39"><span class='ocrx_word' id='word_1_402' title='bbox 169 3078 257 3142; x_wconf 79' lang='grc' dir='ltr'><strong><em>28καί</em></strong></span> <span class='ocrx_word' id='word_1_403' title='bbox 271 3075 288 3161; x_wconf 85' lang='grc' dir='ltr'><strong><em>ή</em></strong></span> <span class='ocrx_word' id='word_1_404' title='bbox 304 3078 406 3153; x_wconf 75' lang='grc' dir='ltr'><strong><em>ἔξοδος</em></strong></span> <span class='ocrx_word' id='word_1_405' title='bbox 417 3070 575 3164; x_wconf 70' lang='grc' dir='ltr'><strong><em>Σαλωμών</em></strong></span> <span class='ocrx_word' id='word_1_406' title='bbox 587 3086 648 3148; x_wconf 80' lang='grc' dir='ltr'><strong><em>τῶν</em></strong></span> <span class='ocrx_word' id='word_1_407' title='bbox 662 3079 778 3150; x_wconf 75' lang='grc' dir='ltr'><strong><em>ἱππίων</em></strong></span> <span class='ocrx_word' id='word_1_408' title='bbox 807 3079 880 3168; x_wconf 80' lang='grc' dir='ltr'><strong><em>μών.</em></strong></span> <span class='ocrx_word' id='word_1_409' title='bbox 894 3080 962 3147; x_wconf 81' lang='grc' dir='ltr'><strong><em>ἄνθ’</em></strong></span> <span class='ocrx_word' id='word_1_410' title='bbox 976 3075 1020 3147; x_wconf 79' lang='grc' dir='ltr'><strong><em>ὧν</em></strong></span> <span class='ocrx_word' id='word_1_411' title='bbox 1032 3087 1145 3159; x_wconf 83' lang='grc' dir='ltr'><strong><em>ἐγένετο</em></strong></span> <span class='ocrx_word' id='word_1_412' title='bbox 1157 3086 1255 3146; x_wconf 83' lang='grc' dir='ltr'><strong><em>ταῦτα</em></strong></span> <span class='ocrx_word' id='word_1_413' title='bbox 1265 3082 1340 3180; x_wconf 82' lang='grc' dir='ltr'><strong><em>μετὰ</em></strong></span> <span class='ocrx_word' id='word_1_414' title='bbox 1351 3087 1416 3156; x_wconf 84' lang='grc' dir='ltr'><strong><em>σού,</em></strong></span> 
     </span>
     <span class='ocr_line' id='line_1_36' title="bbox 169 3157 1418 3251; baseline 0.004 -27"><span class='ocrx_word' id='word_1_415' title='bbox 169 3163 220 3225; x_wconf 84' lang='grc' dir='ltr'><strong><em>καί</em></strong></span> <span class='ocrx_word' id='word_1_416' title='bbox 234 3163 264 3238; x_wconf 87' lang='grc' dir='ltr'><strong><em>ἐξ</em></strong></span> <span class='ocrx_word' id='word_1_417' title='bbox 276 3157 438 3237; x_wconf 76' lang='grc' dir='ltr'><strong><em>Αἰγύπτου</em></strong></span> <span class='ocrx_word' id='word_1_418' title='bbox 451 3165 501 3227; x_wconf 87' lang='grc' dir='ltr'><strong><em>καί</em></strong></span> <span class='ocrx_word' id='word_1_419' title='bbox 513 3168 545 3229; x_wconf 83' lang='grc' dir='ltr'><strong><em>ἐκ</em></strong></span> <span class='ocrx_word' id='word_1_420' title='bbox 563 3165 672 3232; x_wconf 81' lang='grc' dir='ltr'><strong><em>Θεκουὲ</em></strong></span> <span class='ocrx_word' id='word_1_421' title='bbox 685 3171 775 3251; x_wconf 75' lang='grc' dir='ltr'><strong><em>ἐίιπο-</em></strong></span> <span class='ocrx_word' id='word_1_422' title='bbox 808 3167 860 3233; x_wconf 87' lang='grc' dir='ltr'><strong><em>καί</em></strong></span> <span class='ocrx_word' id='word_1_423' title='bbox 873 3162 928 3231; x_wconf 82' lang='grc' dir='ltr'><strong><em>ούκ</em></strong></span> <span class='ocrx_word' id='word_1_424' title='bbox 938 3166 1086 3245; x_wconf 82' lang='grc' dir='ltr'><strong><em>ἐφύλαξας</em></strong></span> <span class='ocrx_word' id='word_1_425' title='bbox 1099 3162 1152 3240; x_wconf 85' lang='grc' dir='ltr'><strong><em>τάς</em></strong></span> <span class='ocrx_word' id='word_1_426' title='bbox 1164 3165 1289 3237; x_wconf 85' lang='grc' dir='ltr'><strong><em>ἐντολας</em></strong></span> <span class='ocrx_word' id='word_1_427' title='bbox 1297 3191 1356 3246; x_wconf 92' lang='grc' dir='ltr'><strong><em>μου</em></strong></span> <span class='ocrx_word' id='word_1_428' title='bbox 1366 3168 1418 3229; x_wconf 85' lang='grc' dir='ltr'><strong><em>καί</em></strong></span> 
     </span>
     <span class='ocr_line' id='line_1_37' title="bbox 168 3240 1416 3359; baseline 0.002 -51"><span class='ocrx_word' id='word_1_429' title='bbox 168 3269 217 3328; x_wconf 91' lang='grc' dir='ltr'><strong><em>ροι</em></strong></span> <span class='ocrx_word' id='word_1_430' title='bbox 235 3249 293 3309; x_wconf 84' lang='grc' dir='ltr'><strong><em>τοῦ</em></strong></span> <span class='ocrx_word' id='word_1_431' title='bbox 308 3240 465 3331; x_wconf 77' lang='grc' dir='ltr'><strong><em>βασιλέως.</em></strong></span> <span class='ocrx_word' id='word_1_432' title='bbox 490 3250 541 3313; x_wconf 86' lang='grc' dir='ltr'><strong><em>καί</em></strong></span> <span class='ocrx_word' id='word_1_433' title='bbox 563 3245 728 3359; x_wconf 82' lang='grc' dir='ltr'><strong><em>ἐλάμβανον</em></strong></span> <span class='ocrx_word' id='word_1_434' title='bbox 744 3255 776 3316; x_wconf 82' lang='grc' dir='ltr'><strong><em>ἐκ</em></strong></span> <span class='ocrx_word' id='word_1_435' title='bbox 810 3248 848 3315; x_wconf 85' lang='grc' dir='ltr'><strong><em>τά</em></strong></span> <span class='ocrx_word' id='word_1_436' title='bbox 873 3276 897 3314; x_wconf 95' lang='grc' dir='ltr'><strong><em>π</em></strong></span> <span class='ocrx_word' id='word_1_437' title='bbox 934 3246 1088 3332; x_wconf 85' lang='grc' dir='ltr'><strong><em>ςτάγματά</em></strong></span> <span class='ocrx_word' id='word_1_438' title='bbox 1112 3272 1172 3333; x_wconf 93' lang='grc' dir='ltr'><strong><em>μου</em></strong></span> <span class='ocrx_word' id='word_1_439' title='bbox 1196 3242 1416 3331; x_wconf 82' lang='grc' dir='ltr'><strong><em>δίένετειλοίμην</em></strong></span> 
     </span>
     <span class='ocr_line' id='line_1_38' title="bbox 173 3325 1417 3422; baseline 0.002 -30"><span class='ocrx_word' id='word_1_440' title='bbox 173 3328 282 3394; x_wconf 83' lang='grc' dir='ltr'><strong><em>Θεκουὲ</em></strong></span> <span class='ocrx_word' id='word_1_441' title='bbox 295 3331 325 3392; x_wconf 81' lang='grc' dir='ltr'><strong><em>ἐν</em></strong></span> <span class='ocrx_word' id='word_1_442' title='bbox 339 3325 524 3414; x_wconf 78' lang='grc' dir='ltr'><strong><em>άλλάγματι,</em></strong></span> <span class='ocrx_word' id='word_1_443' title='bbox 548 3335 580 3376; x_wconf 78' lang='grc'><strong><em>22</em></strong></span> <span class='ocrx_word' id='word_1_444' title='bbox 592 3360 643 3398; x_wconf 87' lang='grc' dir='ltr'><strong><em>και</em></strong></span> <span class='ocrx_word' id='word_1_445' title='bbox 655 3331 775 3422; x_wconf 80' lang='grc' dir='ltr'><strong><em>ὀνίβαι-</em></strong></span> <span class='ocrx_word' id='word_1_446' title='bbox 811 3360 872 3411; x_wconf 84' lang='grc' dir='ltr'><strong><em>σοι,</em></strong></span> <span class='ocrx_word' id='word_1_447' title='bbox 916 3329 1084 3421; x_wconf 80' lang='grc' dir='ltr'><strong><em>ιαρῥήσσων</em></strong></span> <span class='ocrx_word' id='word_1_448' title='bbox 1102 3328 1248 3419; x_wconf 79' lang='grc' dir='ltr'><strong><em>διαρρήξω</em></strong></span> <span class='ocrx_word' id='word_1_449' title='bbox 1260 3325 1315 3412; x_wconf 86' lang='grc' dir='ltr'><strong><em>τήν</em></strong></span> <span class='ocrx_word' id='word_1_450' title='bbox 1330 3336 1417 3418; x_wconf 85' lang='grc' dir='ltr'><strong><em>βασι-</em></strong></span> 
     </span>
     <span class='ocr_line' id='line_1_39' title="bbox 168 3408 1418 3503; baseline 0.003 -27"><span class='ocrx_word' id='word_1_451' title='bbox 168 3436 212 3476; x_wconf 85' lang='grc' dir='ltr'><strong><em>νεν</em></strong></span> <span class='ocrx_word' id='word_1_452' title='bbox 230 3408 248 3498; x_wconf 81' lang='grc' dir='ltr'><strong><em>ή</em></strong></span> <span class='ocrx_word' id='word_1_453' title='bbox 267 3413 371 3492; x_wconf 83' lang='grc' dir='ltr'><strong><em>ὲξοδσς</em></strong></span> <span class='ocrx_word' id='word_1_454' title='bbox 387 3415 418 3491; x_wconf 85' lang='grc' dir='ltr'><strong><em>ἐξ</em></strong></span> <span class='ocrx_word' id='word_1_455' title='bbox 430 3413 592 3494; x_wconf 85' lang='grc' dir='ltr'><strong><em>Αἰγύπτου</em></strong></span> <span class='ocrx_word' id='word_1_456' title='bbox 611 3414 693 3503; x_wconf 80' lang='grc' dir='ltr'><strong><em>ίίρμα</em></strong></span> <span class='ocrx_word' id='word_1_457' title='bbox 708 3417 777 3483; x_wconf 78' lang='grc' dir='ltr'><strong><em>ἀντὶ</em></strong></span> <span class='ocrx_word' id='word_1_458' title='bbox 809 3418 891 3484; x_wconf 90' lang='grc' dir='ltr'><strong><em>λείαν</em></strong></span> <span class='ocrx_word' id='word_1_459' title='bbox 903 3443 959 3483; x_wconf 89' lang='grc' dir='ltr'><strong><em>σου</em></strong></span> <span class='ocrx_word' id='word_1_460' title='bbox 972 3422 1003 3483; x_wconf 85' lang='grc' dir='ltr'><strong><em>ἐκ</em></strong></span> <span class='ocrx_word' id='word_1_461' title='bbox 1015 3412 1106 3503; x_wconf 78' lang='grc' dir='ltr'><strong><em>χειρός</em></strong></span> <span class='ocrx_word' id='word_1_462' title='bbox 1119 3442 1186 3492; x_wconf 89' lang='grc' dir='ltr'><strong><em>σου,</em></strong></span> <span class='ocrx_word' id='word_1_463' title='bbox 1199 3413 1251 3477; x_wconf 82' lang='grc' dir='ltr'><strong><em>καὶ</em></strong></span> <span class='ocrx_word' id='word_1_464' title='bbox 1261 3410 1351 3480; x_wconf 85' lang='grc' dir='ltr'><strong><em>δώσω</em></strong></span> <span class='ocrx_word' id='word_1_465' title='bbox 1362 3413 1418 3480; x_wconf 82' lang='grc' dir='ltr'><strong><em>αύ-</em></strong></span> 
     </span>
     <span class='ocr_line' id='line_1_40' title="bbox 170 3495 1418 3585; baseline 0.001 -24"><span class='ocrx_word' id='word_1_466' title='bbox 170 3496 277 3563; x_wconf 78' lang='grc' dir='ltr'><strong><em>ἔκατὸν</em></strong></span> <span class='ocrx_word' id='word_1_467' title='bbox 310 3495 471 3584; x_wconf 79' lang='grc' dir='ltr'><strong><em>ἀργυρίου,</em></strong></span> <span class='ocrx_word' id='word_1_468' title='bbox 503 3502 556 3564; x_wconf 86' lang='grc' dir='ltr'><strong><em>καί</em></strong></span> <span class='ocrx_word' id='word_1_469' title='bbox 585 3505 679 3576; x_wconf 87' lang='grc' dir='ltr'><strong><em>’ίππος</em></strong></span> <span class='ocrx_word' id='word_1_470' title='bbox 709 3500 776 3564; x_wconf 86' lang='grc' dir='ltr'><strong><em>ὀντὶ</em></strong></span> <span class='ocrx_word' id='word_1_471' title='bbox 810 3500 866 3585; x_wconf 84' lang='grc' dir='ltr'><strong><em>τήν</em></strong></span> <span class='ocrx_word' id='word_1_472' title='bbox 885 3506 928 3584; x_wconf 80' lang='grc' dir='ltr'><strong><em>τῷ</em></strong></span> <span class='ocrx_word' id='word_1_473' title='bbox 946 3499 1047 3585; x_wconf 87' lang='grc' dir='ltr'><strong><em>δούλῳ</em></strong></span> <span class='ocrx_word' id='word_1_474' title='bbox 1066 3526 1128 3566; x_wconf 92' lang='grc' dir='ltr'><strong><em>σου.</em></strong></span> <span class='ocrx_word' id='word_1_475' title='bbox 1163 3495 1282 3580; x_wconf 81' lang='grc' dir='ltr'><strong><em>12πλήν</em></strong></span> <span class='ocrx_word' id='word_1_476' title='bbox 1303 3501 1418 3573; x_wconf 83' lang='grc' dir='ltr'><strong><em>ἐντοῖς</em></strong></span> 
     </span>
     <span class='ocr_line' id='line_1_41' title="bbox 168 3576 1417 3672; baseline -0.001 -27"><span class='ocrx_word' id='word_1_477' title='bbox 168 3576 351 3664; x_wconf 86' lang='grc' dir='ltr'><strong><em>πεντήκοντα</em></strong></span> <span class='ocrx_word' id='word_1_478' title='bbox 367 3579 518 3668; x_wconf 85' lang='grc' dir='ltr'><strong><em>άργυρίου.</em></strong></span> <span class='ocrx_word' id='word_1_479' title='bbox 536 3585 588 3647; x_wconf 91' lang='grc' dir='ltr'><strong><em>καί</em></strong></span> <span class='ocrx_word' id='word_1_480' title='bbox 601 3579 700 3659; x_wconf 82' lang='grc' dir='ltr'><strong><em>ούτως</em></strong></span> <span class='ocrx_word' id='word_1_481' title='bbox 714 3587 777 3647; x_wconf 85' lang='grc' dir='ltr'><strong><em>πᾶ-</em></strong></span> <span class='ocrx_word' id='word_1_482' title='bbox 810 3581 929 3672; x_wconf 82' lang='grc' dir='ltr'><strong><em>ήμὲραις</em></strong></span> <span class='ocrx_word' id='word_1_483' title='bbox 942 3612 996 3652; x_wconf 93' lang='grc' dir='ltr'><strong><em>σου</em></strong></span> <span class='ocrx_word' id='word_1_484' title='bbox 1011 3585 1048 3649; x_wconf 87' lang='grc' dir='ltr'><strong><em>ού</em></strong></span> <span class='ocrx_word' id='word_1_485' title='bbox 1061 3579 1182 3669; x_wconf 89' lang='grc' dir='ltr'><strong><em>ποιήσω</em></strong></span> <span class='ocrx_word' id='word_1_486' title='bbox 1198 3579 1278 3647; x_wconf 84' lang='grc' dir='ltr'><strong><em>αύτά</em></strong></span> <span class='ocrx_word' id='word_1_487' title='bbox 1291 3579 1341 3647; x_wconf 85' lang='grc' dir='ltr'><strong><em>διά</em></strong></span> <span class='ocrx_word' id='word_1_488' title='bbox 1351 3587 1417 3645; x_wconf 83' lang='grc' dir='ltr'><strong><em>Δα-</em></strong></span> 
     </span>
     <span class='ocr_line' id='line_1_42' title="bbox 170 3661 1417 3769; baseline 0.001 -43"><span class='ocrx_word' id='word_1_489' title='bbox 170 3689 199 3726; x_wconf 88' lang='grc' dir='ltr'><strong><em>σι</em></strong></span> <span class='ocrx_word' id='word_1_490' title='bbox 217 3675 280 3736; x_wconf 81' lang='grc' dir='ltr'><strong><em>τοῖς</em></strong></span> <span class='ocrx_word' id='word_1_491' title='bbox 296 3663 448 3748; x_wconf 84' lang='grc' dir='ltr'><strong><em>βασιλεῦσι</em></strong></span> <span class='ocrx_word' id='word_1_492' title='bbox 462 3665 599 3739; x_wconf 78' lang='grc' dir='ltr'><strong><em>Χεττιίν,</em></strong></span> <span class='ocrx_word' id='word_1_493' title='bbox 625 3667 677 3730; x_wconf 87' lang='grc' dir='ltr'><strong><em>καί</em></strong></span> <span class='ocrx_word' id='word_1_494' title='bbox 710 3692 776 3731; x_wconf 91' lang='grc' dir='ltr'><strong><em>ασι-</em></strong></span> <span class='ocrx_word' id='word_1_495' title='bbox 810 3668 858 3732; x_wconf 86' lang='grc' dir='ltr'><strong><em>υίδ</em></strong></span> <span class='ocrx_word' id='word_1_496' title='bbox 869 3666 922 3734; x_wconf 85' lang='grc' dir='ltr'><strong><em>τὸν</em></strong></span> <span class='ocrx_word' id='word_1_497' title='bbox 934 3671 1051 3754; x_wconf 84' lang='grc' dir='ltr'><strong><em>πατέρα</em></strong></span> <span class='ocrx_word' id='word_1_498' title='bbox 1061 3693 1122 3732; x_wconf 92' lang='grc' dir='ltr'><strong><em>σου.</em></strong></span> <span class='ocrx_word' id='word_1_499' title='bbox 1136 3670 1168 3730; x_wconf 90' lang='grc' dir='ltr'><strong><em>ἐκ</em></strong></span> <span class='ocrx_word' id='word_1_500' title='bbox 1179 3661 1272 3769; x_wconf 78' lang='grc' dir='ltr'><strong><em>χειρὸς</em></strong></span> <span class='ocrx_word' id='word_1_501' title='bbox 1285 3669 1349 3728; x_wconf 86' lang='grc' dir='ltr'><strong><em>υίού</em></strong></span> <span class='ocrx_word' id='word_1_502' title='bbox 1360 3689 1417 3728; x_wconf 93' lang='grc' dir='ltr'><strong><em>σου</em></strong></span> 
     </span>
     <span class='ocr_line' id='line_1_43' title="bbox 169 3743 1418 3895; baseline 0.003 -89"><span class='ocrx_word' id='word_1_503' title='bbox 169 3744 247 3844; x_wconf 69' lang='grc' dir='ltr'><strong><em>λεήσι</em></strong></span> <span class='ocrx_word' id='word_1_504' title='bbox 265 3750 377 3831; x_wconf 83' lang='grc' dir='ltr'><strong><em>Συρίας</em></strong></span> <span class='ocrx_word' id='word_1_505' title='bbox 398 3745 476 3812; x_wconf 84' lang='grc' dir='ltr'><strong><em>κατά</em></strong></span> <span class='ocrx_word' id='word_1_506' title='bbox 494 3743 654 3815; x_wconf 86' lang='grc' dir='ltr'><strong><em>θάλασσαν</em></strong></span> <span class='ocrx_word' id='word_1_507' title='bbox 704 3775 776 3815; x_wconf 88' lang='grc' dir='ltr'><strong><em>επο-</em></strong></span> <span class='ocrx_word' id='word_1_508' title='bbox 810 3746 945 3834; x_wconf 79' lang='grc' dir='ltr'><strong><em>λήψομαι</em></strong></span> <span class='ocrx_word' id='word_1_509' title='bbox 958 3747 1060 3836; x_wconf 85' lang='grc' dir='ltr'><strong><em>αύτήν.</em></strong></span> <span class='ocrx_word' id='word_1_510' title='bbox 1079 3754 1106 3795; x_wconf 82' lang='lat'><strong><em>¹³</em></strong></span> <span class='ocrx_word' id='word_1_511' title='bbox 1119 3749 1199 3835; x_wconf 86' lang='grc' dir='ltr'><strong><em>πλήν</em></strong></span> <span class='ocrx_word' id='word_1_512' title='bbox 1211 3748 1282 3831; x_wconf 83' lang='grc' dir='ltr'><strong><em>ὃλην</em></strong></span> <span class='ocrx_word' id='word_1_513' title='bbox 1293 3744 1349 3830; x_wconf 83' lang='grc' dir='ltr'><strong><em>τήν</em></strong></span> <span class='ocrx_word' id='word_1_514' title='bbox 1357 3751 1418 3895; x_wconf 76' lang='grc' dir='ltr'><strong><em>βα-</em></strong></span> 
     </span>
     <span class='ocr_line' id='line_1_44' title="bbox 169 3827 1419 3983; baseline 0 -84"><span class='ocrx_word' id='word_1_515' title='bbox 169 3849 301 3912; x_wconf 63' lang='lat' dir='ltr'><strong><em>oweno·</em></strong></span> <span class='ocrx_word' id='word_1_516' title='bbox 811 3834 920 3899; x_wconf 63' lang='lat' dir='ltr'><strong><em>«samar</em></strong></span> <span class='ocrx_word' id='word_1_517' title='bbox 933 3833 970 3901; x_wconf 80' lang='grc' dir='ltr'><strong><em>οὐ</em></strong></span> <span class='ocrx_word' id='word_1_518' title='bbox 982 3833 1021 3918; x_wconf 73' lang='grc' dir='ltr'><strong><em>μὴ</em></strong></span> <span class='ocrx_word' id='word_1_519' title='bbox 1034 3832 1127 3983; x_wconf 69' lang='grc' dir='ltr'><strong><em>λάβω.</em></strong></span> <span class='ocrx_word' id='word_1_520' title='bbox 1153 3836 1302 3918; x_wconf 75' lang='grc' dir='ltr'><strong><em>σκῆπτρον</em></strong></span> <span class='ocrx_word' id='word_1_521' title='bbox 1314 3836 1345 3894; x_wconf 78' lang='grc' dir='ltr'><strong><em>ἓν</em></strong></span> <span class='ocrx_word' id='word_1_522' title='bbox 1376 3827 1419 3894; x_wconf 79' lang='grc' dir='ltr'><strong><em>ώ-</em></strong></span> 
     </span>
     <span class='ocr_line' id='line_1_45' title="bbox 352 3908 1418 4001; baseline 0.002 -27"><span class='ocrx_word' id='word_1_523' title='bbox 352 3916 478 3976; x_wconf 84' lang='grc' dir='ltr'><strong><em>ΚΕΦ.</em></strong></span> <span class='ocrx_word' id='word_1_524' title='bbox 522 3909 598 3979; x_wconf 78' lang='lat' dir='ltr'><strong><em>JA&#39;.</em></strong></span> <span class='ocrx_word' id='word_1_525' title='bbox 639 3985 652 3998; x_wconf 56' lang='lat'>‚</span> <span class='ocrx_word' id='word_1_526' title='bbox 811 3941 854 3980; x_wconf 80' lang='grc' dir='ltr'><strong><em>σοι</em></strong></span> <span class='ocrx_word' id='word_1_527' title='bbox 867 3922 912 4001; x_wconf 77' lang='grc' dir='ltr'><strong><em>τῷ</em></strong></span> <span class='ocrx_word' id='word_1_528' title='bbox 924 3922 980 4001; x_wconf 76' lang='grc' dir='ltr'><strong><em>υίῴ</em></strong></span> <span class='ocrx_word' id='word_1_529' title='bbox 994 3944 1051 3983; x_wconf 93' lang='grc' dir='ltr'><strong><em>σου</em></strong></span> <span class='ocrx_word' id='word_1_530' title='bbox 1083 3919 1114 3983; x_wconf 88' lang='grc' dir='ltr'><strong><em>ιά</em></strong></span> <span class='ocrx_word' id='word_1_531' title='bbox 1129 3917 1228 3982; x_wconf 84' lang='grc' dir='ltr'><strong><em>Δαυίδ</em></strong></span> <span class='ocrx_word' id='word_1_532' title='bbox 1242 3914 1293 3978; x_wconf 86' lang='grc' dir='ltr'><strong><em>τὸν</em></strong></span> <span class='ocrx_word' id='word_1_533' title='bbox 1309 3908 1418 3978; x_wconf 81' lang='grc' dir='ltr'><strong><em>δοῦλόν</em></strong></span> 
     </span>
     <span class='ocr_line' id='line_1_46' title="bbox 169 3955 1418 4090; baseline 0.003 -35"><span class='ocrx_word' id='word_1_534' title='bbox 169 3955 256 4090; x_wconf 65' lang='grc' dir='ltr'><strong><em>Καὶ</em></strong></span> <span class='ocrx_word' id='word_1_535' title='bbox 274 3986 291 4055; x_wconf 84' lang='grc' dir='ltr'><em>ὃ</em></span> <span class='ocrx_word' id='word_1_536' title='bbox 307 3993 445 4078; x_wconf 85' lang='grc' dir='ltr'><strong><em>βασιλεύς</em></strong></span> <span class='ocrx_word' id='word_1_537' title='bbox 458 3995 616 4079; x_wconf 84' lang='grc' dir='ltr'><strong><em>Σαλωμών</em></strong></span> <span class='ocrx_word' id='word_1_538' title='bbox 633 3999 670 4079; x_wconf 77' lang='grc' dir='ltr'><strong><em>ἠν</em></strong></span> <span class='ocrx_word' id='word_1_539' title='bbox 689 3995 777 4077; x_wconf 75' lang='grc' dir='ltr'><strong><em>σιλο-</em></strong></span> <span class='ocrx_word' id='word_1_540' title='bbox 809 4023 868 4081; x_wconf 91' lang='grc' dir='ltr'><strong><em>μου</em></strong></span> <span class='ocrx_word' id='word_1_541' title='bbox 883 4001 935 4063; x_wconf 82' lang='grc' dir='ltr'><strong><em>καὶ</em></strong></span> <span class='ocrx_word' id='word_1_542' title='bbox 946 3998 997 4065; x_wconf 83' lang='grc' dir='ltr'><strong><em>διά</em></strong></span> <span class='ocrx_word' id='word_1_543' title='bbox 1009 3998 1204 4089; x_wconf 69' lang='grc' dir='ltr'><strong><em>Ἰερουσαλήμ</em></strong></span> <span class='ocrx_word' id='word_1_544' title='bbox 1215 3993 1268 4081; x_wconf 87' lang='grc' dir='ltr'><strong><em>τήν</em></strong></span> <span class='ocrx_word' id='word_1_545' title='bbox 1279 3991 1367 4060; x_wconf 86' lang='grc' dir='ltr'><strong><em>πόλιν</em></strong></span> <span class='ocrx_word' id='word_1_546' title='bbox 1380 3993 1418 4079; x_wconf 76' lang='grc' dir='ltr'><strong><em>ἢν</em></strong></span> 
     </span>
     <span class='ocr_line' id='line_1_47' title="bbox 170 4065 1418 4184; baseline 0.004 -47"><span class='ocrx_word' id='word_1_547' title='bbox 170 4099 265 4155; x_wconf 91' lang='grc' dir='ltr'><strong><em>γυνης.</em></strong></span> <span class='ocrx_word' id='word_1_548' title='bbox 291 4074 370 4139; x_wconf 75' lang='grc' dir='ltr'><strong><em>3καί</em></strong></span> <span class='ocrx_word' id='word_1_549' title='bbox 386 4065 463 4159; x_wconf 78' lang='grc' dir='ltr'><strong><em>ἦσαν</em></strong></span> <span class='ocrx_word' id='word_1_550' title='bbox 480 4075 565 4162; x_wconf 79' lang='grc' dir='ltr'><strong><em>αύτῷ</em></strong></span> <span class='ocrx_word' id='word_1_551' title='bbox 577 4088 707 4154; x_wconf 80' lang='grc' dir='ltr'><strong><em>γυναῖκες</em></strong></span> <span class='ocrx_word' id='word_1_552' title='bbox 719 4077 776 4166; x_wconf 83' lang='grc' dir='ltr'><strong><em>άρ-</em></strong></span> <span class='ocrx_word' id='word_1_553' title='bbox 811 4078 988 4165; x_wconf 73' lang='grc' dir='ltr'><strong><em>ἐξελεξάμην.</em></strong></span> <span class='ocrx_word' id='word_1_554' title='bbox 1014 4086 1107 4150; x_wconf 76' lang='grc' dir='ltr'><strong><em>12καί</em></strong></span> <span class='ocrx_word' id='word_1_555' title='bbox 1126 4085 1217 4167; x_wconf 75' lang='grc' dir='ltr'><strong><em>ἤγειρε</em></strong></span> <span class='ocrx_word' id='word_1_556' title='bbox 1235 4074 1337 4184; x_wconf 87' lang='grc' dir='ltr'><strong><em>κύριος</em></strong></span> <span class='ocrx_word' id='word_1_557' title='bbox 1350 4087 1418 4142; x_wconf 90' lang='grc' dir='ltr'><strong><em>Σα-</em></strong></span> 
     </span>
     <span class='ocr_line' id='line_1_48' title="bbox 169 4154 1419 4269; baseline 0.006 -49"><span class='ocrx_word' id='word_1_558' title='bbox 169 4181 273 4243; x_wconf 80' lang='grc' dir='ltr'><strong><em>χουσαι</em></strong></span> <span class='ocrx_word' id='word_1_559' title='bbox 306 4154 499 4234; x_wconf 77' lang='grc' dir='ltr'><strong><em>ἑπτακόσιαι,</em></strong></span> <span class='ocrx_word' id='word_1_560' title='bbox 541 4162 592 4225; x_wconf 86' lang='grc' dir='ltr'><strong><em>καί</em></strong></span> <span class='ocrx_word' id='word_1_561' title='bbox 621 4160 776 4228; x_wconf 81' lang='grc' dir='ltr'><strong><em>παλλακαὶ</em></strong></span> <span class='ocrx_word' id='word_1_562' title='bbox 814 4164 866 4228; x_wconf 87' lang='grc' dir='ltr'><strong><em>τύιν</em></strong></span> <span class='ocrx_word' id='word_1_563' title='bbox 879 4170 923 4249; x_wconf 78' lang='grc' dir='ltr'><strong><em>τῷ</em></strong></span> <span class='ocrx_word' id='word_1_564' title='bbox 932 4165 1026 4232; x_wconf 84' lang='grc' dir='ltr'><strong><em>Σαλιο</em></strong></span> <span class='ocrx_word' id='word_1_565' title='bbox 1047 4170 1088 4233; x_wconf 79' lang='grc' dir='ltr'><strong><em>ὠν</em></strong></span> <span class='ocrx_word' id='word_1_566' title='bbox 1101 4168 1245 4269; x_wconf 77' lang='grc' dir='ltr'><strong><em>τὸνἌδερ</em></strong></span> <span class='ocrx_word' id='word_1_567' title='bbox 1258 4186 1311 4228; x_wconf 89' lang='grc' dir='ltr'><strong><em>τον</em></strong></span> <span class='ocrx_word' id='word_1_568' title='bbox 1319 4161 1419 4227; x_wconf 81' lang='grc' dir='ltr'><strong><em>Ἰδου-</em></strong></span> 
     </span>
     <span class='ocr_line' id='line_1_49' title="bbox 170 4235 1419 4336; baseline 0.005 -33"><span class='ocrx_word' id='word_1_569' title='bbox 170 4235 348 4326; x_wconf 87' lang='grc' dir='ltr'><strong><em>τριακόσιαι.</em></strong></span> <span class='ocrx_word' id='word_1_570' title='bbox 374 4243 386 4280; x_wconf 93' lang='lat'><strong>¹</strong></span> <span class='ocrx_word' id='word_1_571' title='bbox 400 4245 451 4306; x_wconf 87' lang='grc' dir='ltr'><strong><em>καὶ</em></strong></span> <span class='ocrx_word' id='word_1_572' title='bbox 464 4241 554 4327; x_wconf 73' lang='grc' dir='ltr'><strong><em>ἔλαβε</em></strong></span> <span class='ocrx_word' id='word_1_573' title='bbox 566 4254 708 4321; x_wconf 80' lang='grc' dir='ltr'><strong><em>γυναῖκας</em></strong></span> <span class='ocrx_word' id='word_1_574' title='bbox 721 4245 777 4311; x_wconf 76' lang='grc' dir='ltr'><strong><em>ἀλ</em></strong></span> <span class='ocrx_word' id='word_1_575' title='bbox 809 4259 912 4332; x_wconf 83' lang='grc' dir='ltr'><strong><em>μαῖον,</em></strong></span> <span class='ocrx_word' id='word_1_576' title='bbox 938 4253 989 4315; x_wconf 88' lang='grc' dir='ltr'><strong><em>καί</em></strong></span> <span class='ocrx_word' id='word_1_577' title='bbox 1002 4277 1053 4315; x_wconf 93' lang='grc' dir='ltr'><strong><em>τον</em></strong></span> <span class='ocrx_word' id='word_1_578' title='bbox 1068 4250 1188 4336; x_wconf 83' lang='grc' dir='ltr'><strong><em>Ἐσρώμ</em></strong></span> <span class='ocrx_word' id='word_1_579' title='bbox 1202 4254 1267 4314; x_wconf 84' lang='grc' dir='ltr'><strong><em>υἰον</em></strong></span> <span class='ocrx_word' id='word_1_580' title='bbox 1280 4243 1419 4312; x_wconf 81' lang='grc' dir='ltr'><strong><em>Ἐλιαδαέ</em></strong></span> 
     </span>
     <span class='ocr_line' id='line_1_50' title="bbox 171 4321 1419 4432; baseline -0.005 -31"><span class='ocrx_word' id='word_1_581' title='bbox 171 4326 307 4410; x_wconf 68' lang='grc' dir='ltr'><strong><em>λυσίας,</em></strong></span> <span class='ocrx_word' id='word_1_582' title='bbox 332 4324 384 4388; x_wconf 74' lang='grc' dir='ltr'><strong><em>καὶ</em></strong></span> <span class='ocrx_word' id='word_1_583' title='bbox 400 4321 453 4409; x_wconf 75' lang='grc' dir='ltr'><strong><em>τήν</em></strong></span> <span class='ocrx_word' id='word_1_584' title='bbox 471 4323 627 4413; x_wconf 77' lang='grc' dir='ltr'><strong><em>θυγατέρα</em></strong></span> <span class='ocrx_word' id='word_1_585' title='bbox 651 4329 776 4432; x_wconf 74' lang='grc' dir='ltr'><strong><em>Φαραώ,</em></strong></span> <span class='ocrx_word' id='word_1_586' title='bbox 809 4329 862 4398; x_wconf 74' lang='grc' dir='ltr'><strong><em>τὸν</em></strong></span> <span class='ocrx_word' id='word_1_587' title='bbox 876 4335 906 4396; x_wconf 76' lang='grc' dir='ltr'><strong><em>ἐν</em></strong></span> <span class='ocrx_word' id='word_1_588' title='bbox 914 4328 1026 4417; x_wconf 69' lang='grc' dir='ltr'><strong><em>Ῥαμὰ</em></strong></span> <span class='ocrx_word' id='word_1_589' title='bbox 1034 4333 1187 4420; x_wconf 70' lang='grc' dir='ltr'><strong><em>Ἀδαοεῖιρ</em></strong></span> <span class='ocrx_word' id='word_1_590' title='bbox 1199 4333 1327 4420; x_wconf 70' lang='grc' dir='ltr'><strong><em>βασιλέα</em></strong></span> <span class='ocrx_word' id='word_1_591' title='bbox 1339 4338 1419 4396; x_wconf 79' lang='grc' dir='ltr'><strong><em>Σου-</em></strong></span> 
     </span>
     <span class='ocr_line' id='line_1_51' title="bbox 171 4407 1422 4504; baseline 0.004 -28"><span class='ocrx_word' id='word_1_592' title='bbox 171 4409 388 4496; x_wconf 79' lang='grc' dir='ltr'><strong><em>Μωαβίτιδας,</em></strong></span> <span class='ocrx_word' id='word_1_593' title='bbox 413 4407 638 4495; x_wconf 83' lang='grc' dir='ltr'><strong><em>Ἀμμανίτιδας,</em></strong></span> <span class='ocrx_word' id='word_1_594' title='bbox 664 4420 776 4502; x_wconf 81' lang='grc' dir='ltr'><strong><em>Συρας,</em></strong></span> <span class='ocrx_word' id='word_1_595' title='bbox 808 4415 849 4504; x_wconf 84' lang='grc' dir='ltr'>βά</span> <span class='ocrx_word' id='word_1_596' title='bbox 870 4412 973 4502; x_wconf 86' lang='grc' dir='ltr'><strong><em>κύριον</em></strong></span> <span class='ocrx_word' id='word_1_597' title='bbox 990 4415 1096 4482; x_wconf 79' lang='grc' dir='ltr'><strong><em>αὐτοῦ.</em></strong></span> <span class='ocrx_word' id='word_1_598' title='bbox 1123 4420 1176 4481; x_wconf 82' lang='grc' dir='ltr'><strong><em>καί</em></strong></span> <span class='ocrx_word' id='word_1_599' title='bbox 1192 4422 1422 4503; x_wconf 84' lang='grc' dir='ltr'><strong><em>συνηθροίσθη·</em></strong></span> 
     </span>
     <span class='ocr_line' id='line_1_52' title="bbox 171 4487 1422 4600; baseline 0 -40"><span class='ocrx_word' id='word_1_600' title='bbox 171 4491 410 4580; x_wconf 72' lang='grc' dir='ltr'><strong><em>καλἸδουμαίας,</em></strong></span> <span class='ocrx_word' id='word_1_601' title='bbox 431 4500 590 4576; x_wconf 79' lang='grc' dir='ltr'><strong><em>Χετταίας,</em></strong></span> <span class='ocrx_word' id='word_1_602' title='bbox 610 4495 777 4585; x_wconf 79' lang='grc' dir='ltr'><strong><em>καίἉμοῤ-</em></strong></span> <span class='ocrx_word' id='word_1_603' title='bbox 810 4524 867 4566; x_wconf 87' lang='grc' dir='ltr'><strong><em>σαν</em></strong></span> <span class='ocrx_word' id='word_1_604' title='bbox 886 4499 931 4567; x_wconf 78' lang='grc' dir='ltr'><strong><em>ἐπ’</em></strong></span> <span class='ocrx_word' id='word_1_605' title='bbox 947 4496 1042 4567; x_wconf 87' lang='grc' dir='ltr'><strong><em>αύτόν</em></strong></span> <span class='ocrx_word' id='word_1_606' title='bbox 1058 4499 1177 4588; x_wconf 78' lang='grc' dir='ltr'><strong><em>ἄνδρες,</em></strong></span> <span class='ocrx_word' id='word_1_607' title='bbox 1203 4498 1256 4563; x_wconf 86' lang='grc' dir='ltr'><strong><em>καί</em></strong></span> <span class='ocrx_word' id='word_1_608' title='bbox 1272 4487 1309 4580; x_wconf 84' lang='grc' dir='ltr'><strong><em>ήν</em></strong></span> <span class='ocrx_word' id='word_1_609' title='bbox 1321 4497 1422 4600; x_wconf 73' lang='grc' dir='ltr'><strong><em>ἅρχων</em></strong></span> 
     </span>
     <span class='ocr_line' id='line_1_53' title="bbox 1275 4603 1421 4661; baseline 0 -17"><span class='ocrx_word' id='word_1_610' title='bbox 1275 4603 1421 4661; x_wconf 86' lang='grc' dir='ltr'><strong><em>συστρεμ-</em></strong></span> 
     </span>
    </p>
   </div>
   <div class='ocr_carea' id='block_1_2' title="bbox 0 0 1466 4972">
    <p class='ocr_par' dir='ltr' id='par_1_2' title="bbox 0 0 1466 4972">
     <span class='ocr_line' id='line_1_54' title="bbox 0 0 1466 4972; baseline 0 0"><span class='ocrx_word' id='word_1_611' title='bbox 0 0 1466 4972; x_wconf 95' lang='lat' dir='ltr'><strong><em> </em></strong></span> 
     </span>
    </p>
   </div>
  </div>
 </body>
</html>
