2924 4972
442 227 586 293 ΕΞΟΔ
601 232 670 291 ΟΣ
709 232 784 305 Κεῳ.
798 221 845 303 ιγ’.
859 226 908 292 ιδ’.
925 229 973 294 13.
990 223 1031 295 λλ
1315 232 1360 295 69

113 320 146 400 δι’
164 334 205 420 μῆ
222 335 366 432 ἀλλάξης,
392 336 528 432 λυτρωση
547 335 631 404 αότό.
659 344 724 406 πᾶν
756 338 866 416 αάτοίνς
884 336 1030 426 ῆέρημσς.
1057 344 1145 419 *ἐγω
1161 341 1193 409 δι’
1209 341 1363 427 σκληρισῶ

115 416 310 504 πρωτότοκον
328 415 494 503 ἀνθροίπου
505 425 567 485 τῶν
578 425 652 486 υίοίν
667 447 723 488 σου
754 420 807 506 τῆν
818 424 943 508 καρδίαν
955 424 1082 509 Φαραὼ,
1091 427 1142 489 καί
1150 427 1361 503 καταδιῶξεται

113 499 259 607 λυτροίση.
285 503 315 547 ¹⁴
328 503 380 568 ίάν
394 502 426 568 δί
438 501 573 598 ἐρωτῆση
583 530 614 569 σε
629 501 722 581 όυίός
753 504 851 572 ὀπίσω
864 504 971 572 αάταῐν.
997 509 1049 573 καί
1068 506 1316 591 ίνδοξσσθῆσομαι
1329 511 1360 573 ίν

112 612 168 651 σου
179 611 252 669 μετα
265 592 373 663 ταῦτα,
386 586 487 665 λέγων.
510 594 542 652 τί
552 593 643 651 τοῦτο
647 616 659 667 ,·
670 590 722 653 καί
756 593 888 675 Φαραῴ,
913 592 964 655 καί
975 595 1006 655 ἐν
1016 586 1100 685 πόση
1111 596 1149 690 τῆ
1164 596 1290 677 στρατιῆ
1304 588 1360 656 αίι-

112 672 188 754 ίρετς
202 667 295 755 αάτῷ.
320 668 367 735 ὅτι
384 672 415 734 ίν
430 671 503 755 χειρί
514 675 645 773 κραταιῆ
656 670 721 755 ίξῆ·
752 677 815 737 τοι).
839 675 892 738 καί
909 670 1070 751 γνώσονται
1087 699 1194 750 παντες
1212 678 1244 739 σί
1260 669 1358 750 Alyb-

110 777 201 831 γαγεν
219 749 318 839 κόριος
336 749 413 837 ῆμάς
428 758 462 818 ἐκ
478 758 531 837 γῆς
549 756 721 831 Λίγυπτσυ,
752 779 842 831 πτιοι,
855 752 904 820 ότι
921 752 980 834 ίγιό
990 763 1046 840 είμι
1060 752 1165 842 κόριος.
1192 758 1244 822 καί
1256 760 1360 839 ἐποίη-

111 839 144 913 l}
161 837 245 902 οίκου
261 834 401 910 δουλείας.
429 840 455 881 ¹⁵
468 833 554 920 ῆνίκα
571 838 603 902 δὲ
617 832 721 920 ίακλῆ-
753 860 808 901 σαν
819 834 922 914 οὕτως.
943 841 1023 905 2καί
1035 838 1178 924 ἀνηγγτλη
1189 844 1234 925 τῷ
1245 838 1360 943 (mhi

111 943 178 1003 ρυνε
192 916 308 1003 Φαραώ
322 921 524 996 ἐξαποστεῖλαι
538 916 623 1005 ῆμάς,
643 918 721 987 ἀπί-
753 923 814 983 τῶν
824 921 1015 998 Αἰγυπτίων,
1033 920 1080 986 ότι
1092 926 1232 1003 πέφευγεν
1244 949 1263 987 ο
1274 918 1357 999 λαός.

110 1026 201 1067 κτεινε
207 1009 270 1067 πᾶν
277 999 472 1086 πρωτότοκον
481 1006 559 1096 ίνγῆ
569 1001 721 1088 Αἰγύπτῳ
752 1003 805 1066 καί
815 999 995 1087 μετεστρόαη
1008 1001 1145 1089 ῆκαρδίο
1158 1006 1289 1091 Φαραὼ,
1305 1006 1359 1071 καί

110 1083 176 1150 ἀπὸ
184 1085 385 1170 πρωτοτόκων
393 1083 565 1172 ἀνθρώπων
573 1093 628 1163 ἕως
634 1113 720 1170 πρω-
752 1089 814 1149 τῶν
829 1080 1024 1169 θεραπόντων
1040 1085 1133 1151 αίιτσῡ
1147 1090 1200 1154 ίπί
1210 1085 1263 1153 τόν
1274 1085 1358 1163 λαὸν,

111 1165 245 1233 τοτόκων
259 1173 380 1254 κτηνῶν.
405 1168 455 1232 διό
474 1174 565 1234 τοῦτο
581 1169 639 1246 ίγιδ
651 1165 720 1234 θόω
752 1169 804 1231 καί
818 1165 914 1231 εἶπαν.
939 1173 970 1231 τί
984 1172 1076 1233 τοῦτο
1092 1166 1278 1251 ἐποιῆσαμεν,
1303 1175 1358 1234 τοῦ

108 1257 174 1316 πᾶν
196 1252 346 1329 διανοῖγον
370 1247 500 1333 μῆτραν,
525 1251 565 1314 τά
584 1250 721 1335 ἀρσενικά
754 1247 959 1325 ἐξαποστεῖλαι
971 1248 1041 1323 τοὺς
1053 1246 1134 1325 υίυός
1144 1250 1281 1333 Ἰσραῆλ,
1304 1256 1358 1315 τοῦ

110 1339 155 1415 τῷ
174 1340 282 1418 κυρίῳ,
307 1335 364 1428 καί,
379 1336 441 1394 πᾶν
455 1328 648 1413 πρωτότοκον
663 1337 723 1398 τῶν
753 1358 793 1431 μη
805 1326 947 1397 δουλεόειν
956 1327 1041 1435 ῆμῑνς
1053 1333 1167 1408 6ἔζευξε
1179 1322 1232 1396 οάν
1243 1330 1359 1430 Φαρσρλ

110 1420 187 1481 σίων
198 1440 254 1495 μου
267 1415 462 1498 λυτρωσομαι.
484 1415 512 1457 ¹⁰
524 1415 576 1478 καί
588 1417 671 1480 ἔσται
683 1419 722 1491 είς
752 1439 792 1479 τα
804 1413 925 1497 δέρματα
937 1418 1042 1492 αυτοιί,
1053 1417 1105 1480 καί
1116 1410 1216 1482 πόντα
1225 1414 1360 1481 τόνλοον

113 1508 234 1580 σημεῖον
250 1497 301 1560 ίπί
318 1500 370 1581 τῆς
398 1492 552 1579 ειρόςσου,
576 1499 628 1562 καί
639 1493 718 1565 ἀσό-
752 1496 846 1564 αίιτσιί
858 1493 1044 1582 συναπῆγαγε
1055 1496 1120 1581 μεθ’
1134 1501 1253 1564 ἑαυτοῦ.
1282 1499 1359 1563 2καί

113 1578 284 1665 λευτονπρό
293 1576 360 1658 όςθ
418 1578 718 1667 ὠνσου.ίνγάρχειρί
750 1581 850 1668 λοβόν
862 1576 1003 1657 ἑξακόσια
1015 1577 1136 1665 δέρματα
1149 1577 1279 1657 ἐκλεκτόν,
1304 1578 1357 1645 καί

109 1666 242 1748 κραταιῆ
265 1658 391 1747 ίξῆγαγέ
410 1687 441 1729 σε
455 1659 554 1748 κόριος
569 1667 600 1741 ἐξ
618 1665 717 1743 Λίγό-
748 1671 852 1732 πᾶσαν
864 1664 918 1748 τῆν
928 1670 1022 1730 ’ίππον
1033 1669 1094 1729 τοῖν
1106 1668 1293 1761 Αίγυπτίωνη
1305 1660 1356 1727 καί

108 1770 196 1811 πτου.
233 1743 314 1822 Πῶς
337 1745 370 1811 δί
394 1747 574 1824 ἐξαπέστειλε
598 1748 717 1834 (θαραιό
749 1742 1357 1850 τριστόταςίπίπόντων,2καίίσκληρυνε

109 1827 162 1893 τόν
173 1824 255 1906 λαόν,
268 1827 304 1894 σί
335 1825 605 1914 ὦδῆγησεναίτούς
618 1826 717 1908 ὁθεὸς
748 1857 847 1914 κυρισς
865 1830 919 1914 τῆν
936 1831 1061 1915 καρδίαν
1075 1828 1193 1915 Φαραὼ
1211 1828 1356 1915 βασιλέως

108 1909 181 1977 όδὸν
191 1917 244 1997 γῆς
256 1854 432 1996 Φυλιοτιείμ,
445 1910 492 1978 ὅτι
504 1913 590 1992 ίγγύς
598 1904 642 2013 ῆν.
655 1914 716 1981 είπε
749 1910 922 1994 Λίγόπτου,
947 1916 998 1979 καί
1011 1917 1070 1979 τῶν
1086 1908 1280 1999 θεραπόντων
1299 1909 1356 1977 αιἰ-

108 1993 167 2080 γάρ
191 1993 210 2059 ό
233 1991 312 2072 θεός.
336 1993 450 2098 μῆποτε
473 1997 654 2101 μεταμεληση
671 2004 715 2082 τῷ
749 2003 817 2075 τοῦ,
841 1998 893 2063 καί
913 1998 1083 2073 κατεδίωξεν
1099 1994 1199 2062 ὀπίσω
1211 2001 1271 2062 τῶν
1284 1999 1357 2060 υίιάν

109 2078 176 2163 λαῷ
197 2073 286 2144 ἰδόντι
303 2080 445 2161 πολεμον,
470 2083 521 2145 καί
537 2072 717 2176 αποστρίῳη
745 2076 1236 2166 ἸσραῆλολδὲυίοίἾαραῆλίξεπ
1288 2074 1355 2143 όον-

108 2167 148 2235 είς
159 2163 324 2248 Αίγυπτον.
339 2165 369 2207 ¹⁸
378 2164 428 2228 καί
441 2160 717 2241 ίκόκλωαενόθεὸς
748 2190 783 2230 το
795 2168 826 2227 ἐν
838 2167 909 2249 χειρί
921 2159 1030 2255 όψῆλῆ.
1048 2164 1236 2228 2καίκατεδ’
1324 2163 1356 2225 σί

108 2242 162 2308 τόν
173 2242 329 2311 λαόνόδδν
339 2245 394 2330 τῆν
410 2251 450 2321 είς
467 2247 522 2330 τῆν
532 2251 653 2332 ἔρημον,
678 2254 717 2324 είς
749 2244 911 2324 Αίγόπτιοι
922 2243 1020 2312 όπίσω
1032 2243 1146 2322 αὐτῶν,
1168 2247 1220 2310 καί
1232 2242 1356 2328 είίροοαν

108 2326 162 2409 τῆν
186 2327 317 2433 ίρυθράν
340 2325 508 2394 θάλασσαν.
538 2333 660 2413 πέμπτη
685 2331 716 2396 δι’
749 2327 859 2405 αάτοός
885 2323 1159 2414 παρεμβεβληκότας
1190 2326 1275 2413 παρὰ
1300 2324 1355 2411 τῆν

107 2414 189 2491 γενεᾷ
203 2415 349 2496 ανίβησαν
365 2416 397 2475 οἳ
413 2414 473 2475 vioe
486 2411 607 2496 Ἰσραῆλ
619 2403 652 2476 ἐκ
664 2418 717 2496 γῆς
748 2407 918 2477 θόλασσαν.
942 2415 993 2474 καί
1004 2414 1090 2475 πᾶσα
1104 2407 1121 2493 ῆ
1134 2416 1237 2486 ίππος,
1249 2410 1300 2474 καί
1315 2405 1353 2473 τό

108 2487 279 2567 Αίγόπτου.
304 2496 333 2536 ¹⁰
346 2494 398 2555 καί
417 2493 507 2578 ἔλαβε
525 2500 661 2577 Μωυσῆς
677 2495 717 2558 τό
749 2493 869 2576 ἅρματα
883 2491 1015 2573 Φαραὼ,
1033 2493 1084 2553 καί
1096 2495 1127 2553 σί
1141 2496 1248 2566 ἱππεῖς,
1272 2486 1354 2574 καίῆ

108 2575 189 2639 ὀστᾶ
207 2571 319 2658 Ἰωσῆφ
337 2571 400 2656 μεθ’
422 2575 538 2637 ἑαυτοῦ.
563 2571 643 2659 όρκῳ
660 2576 718 2660 γάρ
750 2574 875 2656 στρατιὰ
885 2571 979 2636 αὐτοῦ
989 2571 1128 2634 ἀπέναντι
1137 2577 1188 2652 τῆς
1197 2568 1355 2645 ἐπαύλεως,

109 2653 235 2740 ὥρκισεν
256 2655 329 2731 τοὺς
350 2654 432 2731 υίοίις
451 2653 585 2742 Ἰσραῆλ,
615 2658 716 2735 λέγων.
750 2661 910 2735 ἐξεναντίας
921 2653 1123 2734 Βεελσεπαῶν.
1143 2655 1227 2719 22καί
1240 2651 1356 2758 Φαραιό

108 2743 257 2823 ἕπισκοπῆ
287 2740 475 2822 ἐπισκεύιεται
506 2737 580 2822 ὑμᾶς
609 2737 716 2823 κόριος,
749 2746 881 2824 προςῆγε.
894 2740 945 2804 καί
958 2735 1015 2804 ἀνα
1034 2737 1286 2818 λε’ψαντεςοίυίοί
1303 2743 1355 2802 Ια-

106 2825 160 2888 καί
177 2813 361 2889 συνάνοίσετέ
373 2849 431 2903 μου
442 2823 483 2887 τά
495 2821 571 2889 ὀστᾶ
584 2826 716 2890 ἐντεῦθεν
747 2824 826 2909 ραῆλ
845 2834 908 2898 τοῖς
925 2820 1012 2902 ὀᾳθα
1069 2833 1108 2897 ”·,
1128 2818 1230 2906 ὁριόσι.
1256 2823 1308 2886 καί
1322 2823 1354 2886 σί

105 2905 170 2990 μεθ’
185 2904 272 2989 ὑμῶν.
291 2902 527 2992 22ίξόραντεςδὶ
540 2911 571 2971 οί
585 2906 714 2974 υίοίἸσ-
747 2902 908 2985 Αίγόπτιοι
951 2907 1220 2987 ἐστρατοπέδευσαν
1256 2902 1353 2970 όπίσω

107 2990 186 3075 ραῆλ
203 2993 235 3054 ἐκ
250 2989 383 3074 Σοκχώθ
399 2992 667 3075 ίατρατοπεδευσαν
684 2995 715 3056 ἐν
747 2991 855 3058 αὐτῶν.
879 2991 930 3054 καί
943 2985 1134 3074 ίασβῆθησαν
1146 2983 1271 3070 σφόδρα.
1286 2986 1351 3052 ἀνε·

104 3073 213 3156 Ὀθιόμ
224 3072 309 3158 παρά
321 3072 377 3175 τῆν
389 3076 502 3158 ἔρημον.
528 3077 555 3116 22
569 3070 587 3138 ό
600 3073 631 3139 δι’
644 3073 714 3150 θεὸς
746 3072 900 3160 βόησανδὲ
914 3075 945 3138 σί
959 3073 1019 3138 υἱοί
1030 3070 1149 3155 Ἰσραῆλ
1158 3070 1234 3156 πρός
1243 3065 1352 3174 κόριον,

107 3154 205 3241 ῆγεῖτο
217 3154 326 3232 αάτιόν,
338 3160 447 3240 ηιιέρας
459 3156 510 3238 μὲν
519 3160 550 3221 ἐν
562 3155 659 3240 στόλῳ
670 3183 714 3222 νε-
747 3163 769 3200 ¹¹
782 3159 833 3222 καί
850 3156 936 3225 εἶπαν
950 3156 1028 3239 πρὸς
1040 3159 1183 3239 Μωυσῆν.
1210 3179 1296 3239 παρα
1314 3151 1351 3217 τό

107 3240 213 3324 φελης,
229 3242 318 3316 δείξαι
332 3220 434 3314 αότοίς
447 3240 500 3327 τῆν
512 3236 589 3306 ὁδόν.
616 3242 670 3324 τῆν
681 3241 712 3307 δέ
745 3238 783 3324 μῆ
797 3236 937 3324 ὑπάρχειν
952 3234 1087 3320 μνῆματα
1105 3241 1136 3302 ἐν
1150 3232 1352 3330 γῇΛίγόπτῳ

107 3319 199 3388 νόκτα
218 3327 249 3388 ἐν
266 3319 366 3407 στόλῳ
383 3319 484 3407 πυρός.
509 3326 539 3365 22
552 3322 606 3388 οίνκ
623 3324 713 3400 ε’ξίλι-
746 3320 882 3406 ἐξήγαγες
897 3319 973 3403 ἡμᾶς
990 3324 1166 3384 θανατῶσαι
1182 3323 1213 3383 ἐν
1229 3325 1266 3412 τῆ
1283 3316 1352 3419 ἐρῆ-

106 3430 161 3472 πεν
179 3406 210 3470 δὲ
228 3403 246 3470 ὁ
269 3401 373 3482 στόλος
390 3411 441 3487 τῆς
457 3406 575 3488 νεφελης
596 3403 714 3491 ἡμέρας,
745 3432 800 3487 μῳ.
816 3411 848 3468 τί
859 3408 948 3467 τοῦτο
961 3403 1101 3484 ἐποίησας
1114 3398 1189 3484 ῆμῖν,
1202 3404 1352 3479 ἐξαγαγων

107 3490 161 3554 καί
175 3485 194 3552 ό
212 3483 316 3563 στόλος
331 3493 386 3553 τοῦ
404 3488 498 3574 πυρός
514 3488 616 3564 νυκτός
630 3492 715 3556 ίναν-
747 3481 965 3564 ἐξΑίγόπτους
990 3486 1017 3528 ¹²
1030 3482 1066 3547 οὐ
1084 3487 1176 3581 τοῦτο
1194 3472 1229 3564 ῆν
1245 3482 1280 3581 τό
1298 3486 1352 3567 ῥῆ-

106 3578 174 3638 τίον
185 3575 241 3637 τοῦ
253 3571 329 3636 λαοῦ
344 3569 464 3648 παντός.
745 3597 796 3654 μα,
809 3567 828 3635 ὃ
840 3562 1019 3652 ίλαλῆσαμεν
1031 3565 1106 3649 πρὸς
1115 3589 1147 3629 σε
1156 3567 1352 3664 ἐνΑίγοητῳ,

293 3661 368 3720 ΚΕ
381 3661 419 3719 Φ.
464 3652 531 3720 1A'.
747 3654 884 3731 λέγοντες.
897 3646 988 3735 πάρες
999 3645 1083 3735 ῆμᾶς,
1097 3644 1180 3722 ὅπως
1189 3646 1352 3713 δουλευσω-

106 3707 192 3805 Καί
210 3736 331 3823 ἐλόλησε
352 3736 451 3824 κόριος
474 3735 551 3820 πρὸς
569 3741 715 3820 Μωυσῆν,
746 3761 796 3818 μεν
823 3748 886 3811 τοῖς
910 3737 1095 3812 Αἰγυπτίοις.
1132 3744 1265 3819 κρεῖσσον
1292 3730 1352 3818 γὰρ

107 3825 212 3902 λέγων.
235 3821 393 3905 2λοίλησον
409 3834 472 3896 τοῖς
490 3825 565 3896 υἱοῖς
579 3818 715 3903 Ἵσραῆλ,
748 3814 1041 3903 ῆμᾶςδουλεόειντοῖς
1047 3814 1263 3900 Αίγυπτίοις,ῆ
1272 3812 1348 3880 ἀπσ-

106 3909 159 3972 καί
189 3904 434 3989 ἀποστρέψαντες
465 3898 715 3988 στρατοπεδευσά-
747 3913 849 3968 θανεῖν
864 3904 896 3964 ἐν
910 3905 948 3993 τῆ
964 3895 1060 3984 ίρῆμῳ
1078 3895 1181 3994 ταότη.
1206 3901 1233 3942 ¹³
1247 3897 1352 3966 εἷπεδί

106 4016 208 4057 τασαν
233 3986 374 4053 ἀπέναντι
398 3993 451 4073 τῆς
468 3985 631 4062 ἐπαύλεως,
656 3986 714 4053 ἀνὰ
747 3989 881 4067 Μωυσῆς
904 3981 979 4070 πρὸς
1007 3982 1061 4046 τὸν
1085 3979 1166 4050 λαόν.
1204 3994 1351 4068 θαρσεῖτε,

105 4078 195 4158 μέσον
213 4068 390 4150 Μαγδώλου
414 4073 465 4136 καί
487 4069 544 4135 ἀνὰ
560 4073 648 4152 μέσον
663 4076 715 4156 τῆς
747 4075 832 4152 στῆτε
844 4071 895 4133 καί
907 4064 997 4150 δρᾶτε
1008 4066 1061 4149 τῆν
1071 4073 1217 4152 σωτηρίαν
1226 4067 1279 4150 τῆν
1289 4092 1351 4165 ηια-

106 4153 279 4241 θαλόσσης,
317 4158 477 4231 ἐξεναντίας
509 4155 712 4235 Βεελσεπῳοῖν.
746 4150 853 4240 ρότσῦ
872 4158 987 4237 κυρίου,
1012 4145 1173 4237 ῆνποιῆσει
1189 4147 1254 4236 ῆμῖν
1267 4175 1351 4233 σημε-

106 4237 234 4306 ίνοόπισν
259 4236 359 4303 αὐτῶν
387 4234 639 4321 στρατοπεδεύσεις
665 4239 715 4302 ἐπί
746 4262 806 4323 ρον.
833 4232 869 4301 όν
891 4231 1004 4322 τρόπον
1025 4231 1082 4321 γάρ
1108 4233 1257 4322 ἓωράκατε
1281 4231 1351 4308 τοὺς

106 4330 159 4407 τῆς
177 4318 341 4407 θαλόσσης.
366 4324 444 4387 2καί
463 4324 523 4406 ἐρεῖ
541 4320 657 4403 Φαραὼ
670 4325 714 4402 τῷ
746 4324 929 4398 Αἰγυπτίους
942 4315 1078 4404 σῆμερον,
1098 4317 1134 4383 οὗ
1147 4312 1351 4400 προςθῆσεοθι

105 4409 174 4490 λαῷ
186 4404 289 4472 αίιτοῦ.
314 4409 346 4470 οί
363 4407 423 4470 υίοί
438 4402 560 4489 Ἰσραῆλ
577 4405 713 4469 πλανῶν·
746 4406 787 4468 ε”τι
803 4405 870 4467 ίδεῖν
882 4401 990 4478 αὐτοὺς
1008 4408 1046 4475 είς
1063 4399 1115 4466 τόν
1128 4405 1223 4464 αίώνα
1238 4393 1350 4481 χρόνον.

107 4517 157 4557 ται
180 4483 263 4556 οὗτοι
287 4493 317 4554 ίν
334 4493 371 4586 τῆ
387 4494 433 4576 γῆ.
461 4487 638 4566 συγκε’κλεικε
654 4486 712 4574 γὰρ
747 4487 774 4529 ¹⁴
787 4483 885 4572 κε’·ριος
909 4481 1061 4566 πολεμῆσει
1085 4483 1152 4566 περί
1179 4476 1288 4575 hydr„
1302 4478 1351 4582 “f‘'

1276 4580 1352 4636 ιμεις
