2924 4972
107 211 172 274 332
273 210 574 274 ΒΛΣΙΛΕΙΩΝ
596 207 827 271 AEYTEPA
868 198 1198 281 Κεφ.κ’.κα’.90.21.

111 325 224 389 ίίὶελεθὶ
250 328 302 388 καί
326 322 433 397 πάντες
450 327 480 386 οἱ
499 326 637 396 δυνατοί,
667 326 718 386 καί
750 320 827 387 είαεν
840 319 941 407 Ἰωάβ.
969 318 1072 385 ἀκούω
1090 317 1147 397 ἐγιύ
1165 326 1229 401 είμι.
1266 326 1296 367 1⁸
1309 327 1361 390 καί

108 407 237 491 ἐξῆλθον
251 410 281 484 ἐξ
296 403 490 493 Ἰερουσαλήμ
503 405 605 480 διῶξαι
618 401 719 469 ὀπίσω
750 401 811 469 εἶπε
819 405 957 482 λέγουσα.
971 402 1063 482 λόγον
1073 398 1222 486 ἐλάλησαν
1232 408 1263 468 ἐν
1272 403 1361 490 πριό-

109 489 206 579 Σαβεὲ
221 495 291 557 υἱοῦ
304 493 427 573 Βοχορί.
462 487 543 550 8καί
555 484 645 550 αύτοὶ
656 513 719 551 πα·
750 513 828 564 τοις,
846 488 990 564 λέγοντες.
1016 484 1203 572 ήρωτημένος
1214 484 1361 598 ἠρωτήθη

109 574 150 658 ρά
176 580 221 660 τῷ
242 575 322 655 λίθῳ
340 575 385 653 τῷ
400 565 518 651 μεγάλῳ
536 573 580 651 τῷ
600 571 632 634 ἐν
650 575 719 636 Γα-
750 573 782 636 ἐν
799 574 838 663 τῇ
849 568 937 656 Ἀβὲλ
953 571 1005 634 καί
1019 568 1127 634 ένΔάν
1145 573 1171 633 εί
1187 572 1363 646 ἐξέλιπονοί

109 655 200 745 βαών.
226 659 277 722 καί
296 653 441 735 Ἀμεσσαῒ
458 652 588 735 είςήλθεν
605 654 717 739 έμπρο-
751 656 856 719 ἔθεντο
874 658 905 719 οἱ
920 654 1025 717 πιστοί
1041 656 1099 717 τοῦ
1115 649 1245 739 Ἰσραήλ.
1282 658 1360 740 ἐρω-

110 752 184 806 σθεν
196 738 304 805 αὐτῶν.
330 732 486 822 καίἸωάβ
497 738 718 824 περιεζωσμένος
750 741 857 812 τιῦντες
877 731 1113 821 ἐπερωτήσουσιν
1129 740 1160 800 έν
1179 733 1281 823 Ἀβίλ,
1307 744 1359 804 καί

107 817 240 905 μανδύαν
252 817 287 882 τὸ
298 818 409 900 ἔνδυμα
422 816 529 895 αῦτοῦ,
542 825 593 885 καὶ
602 818 648 885 ἐπ’
662 818 718 885 αά-
750 815 846 894 ούτως
859 825 884 885 εί
897 819 1039 896 ἐξέλιπον.
1057 815 1151 896 19ίγιό
1163 823 1216 901 εἶμι
1228 821 1358 905 εἰρηνικά

108 909 153 986 τῷ
163 903 326 984 ἐζωσμένος
335 897 484 989 μάχαιραν
494 905 658 988 ἔξευγμένην
668 905 719 968 ἐπὶ
750 907 811 968 τῶν
829 898 1038 989 στηριγμάτων
1054 898 1189 987 Ἰσραήλ,
1212 901 1248 967 σύ
1262 904 1323 981 δὲζ
1341 947 1358 958 -

108 992 161 1070 τῆς
182 980 299 1067 ὀσφύος
324 982 420 1051 αὐτοῦ
447 989 478 1051 ἐν
503 987 598 1070 κολεῷ
616 986 716 1061 αύτ”ς.
750 997 808 1061 τείς
820 990 1002 1051 θανατῶσαι
1014 979 1101 1049 πόλιν
1113 987 1165 1050 καί
1176 983 1359 1070 μητρόπολιν

107 1071 160 1135 καί
172 1065 191 1153 ἢ
205 1065 337 1155 μάχαιρα
347 1069 462 1154 ἐξῆλθε.
479 1073 530 1135 καὶ
542 1068 619 1154 αύτή
632 1015 717 1155 ἐξήλ
750 1071 782 1134 ἐν
797 1065 930 1153 Ἰσραήλ.
955 1073 1035 1133 ἱνατί
1050 1071 1271 1145 καταποντίζεις
1287 1071 1359 1155 κλη·

107 1165 146 1218 θε
165 1156 217 1218 καί
233 1155 326 1219 ἔπεσε.
365 1154 445 1218 9καί
464 1152 542 1219 εἱιτεν
564 1151 657 1240 Ἰωὰβ
673 1156 718 1235 τῷ
750 1158 892 1236 ρονομίαν
920 1157 1038 1234 κυρίους
1077 1152 1109 1195 ²⁰
1131 1153 1182 1217 καί
1207 1151 1358 1238 ἀπεκρίθη

103 1235 252 1319 Ἀμεοσαί.
279 1241 305 1301 εί
322 1233 453 1314 ὑγιαίνεις
466 1234 504 1301 σύ
517 1234 628 1318 ἀδελφέ
631 1265 643 1314 ,·
666 1236 718 1300 καί
746 1234 854 1321 Ἰωάβ,
877 1237 929 1300 καί
941 1234 1029 1300 εἱπεν.
1054 1230 1358 1319 ἱλεοίςμοιὶλεάςμοι

109 1315 269 1424 ἐκράτησεν
294 1316 313 1404 ἢ
337 1321 398 1405 χείρ
418 1317 436 1404 ή
456 1318 535 1396 δεξιὰ
550 1317 644 1406 Ἰωάβ
660 1322 717 1382 τοῦ
750 1323 775 1382 εί
793 1322 989 1384 καταποντωὶ
1005 1318 1057 1380 καί
1072 1321 1098 1380 εί
1115 1322 1228 1402 φθερῶ.
1264 1319 1358 1405 21οιίχ

107 1427 253 1481 πωγωνος
272 1399 417 1484 Ἀμεσσαῒ
437 1407 492 1467 τοῦ
514 1403 717 1486 καταφιλῆσαι
750 1396 846 1476 ούτως
857 1397 875 1466 ὁ
888 1398 991 1480 λόγος,
1009 1397 1056 1464 ότι
1069 1398 1144 1484 ἀνὴρ
1158 1404 1189 1478 ἐξ
1204 1399 1295 1487 όρους
1306 1401 1357 1467 'E-

108 1481 210 1552 αῦτόν.
224 1488 251 1531 ¹⁰
257 1486 309 1550 καί
321 1484 468 1569 Ἀμεοσαῒ
477 1484 533 1550 ούκ
546 1483 716 1566 ἐφυλάξατο
750 1486 858 1571 φραίμ,
873 1484 969 1631 Σαβεί
984 1480 1049 1558 υίὸς
1060 1486 1179 1569 Βοχορὶ
1193 1482 1290 1568 ὄνομα
1302 1484 1357 1550 αῦ-

107 1568 161 1654 τήν
183 1564 331 1655 μάχαιραν
349 1565 403 1650 τήν
421 1571 453 1633 ἐν
469 1572 508 1650 τῆ
523 1569 596 1652 χειρί
616 1562 715 1652 Ἰωάβ.
748 1571 823 1642 τοῦ,
848 1569 899 1632 καί
931 1572 1007 1650 πῆρε
1025 1561 1078 1629 τ“ν
1093 1577 1176 1649 χεῖρα
1192 1564 1291 1633 αῦτοῦ
1307 1572 1357 1633 ἐπὶ

108 1655 160 1719 καί
178 1657 299 1718 έπαισεν
317 1648 411 1716 αῦτδν
428 1653 458 1714 ἐν
476 1639 553 1734 ἀύτῆ
568 1645 662 1754 Ἰωάβ
679 1654 717 1724 είς
748 1648 803 1714 τὸν
820 1650 947 1736 βασιλέα
956 1592 1068 1715 ’Δαυίό
1107 1646 1176 1714 δότε
1195 1644 1289 1716 αὐτόν
1305 1677 1357 1734 μοι

108 1734 161 1821 τήν
173 1734 265 1818 φόαν,
277 1736 328 1799 καί
340 1728 464 1839 ἐξεχύθη
476 1731 494 1817 η
507 1724 605 1799 κόιλία
619 1737 716 1798 αυτοῦ
748 1728 847 1815 μόνον,
860 1736 911 1799 καί
923 1730 1122 1816 ἀπελεύσομαι
1132 1728 1296 1799 ἀπάνωθεν
1306 1739 1357 1817 τής

108 1825 147 1896 είς
157 1820 209 1922 τήν
220 1823 288 1903 γῆν,
297 1819 348 1882 καί
358 1842 413 1881 ουκ
423 1818 609 1902 ίδευτέρωσεν
620 1814 715 1898 αὐτῷ,
748 1811 872 1891 πόλεως.
897 1818 949 1881 καί
963 1816 1041 1881 εἶπεν
1053 1813 1071 1897 ή
1084 1813 1157 1900 γυνή
1170 1816 1246 1901 πρὸς
1255 1813 1355 1924 Ἰωάβ.

108 1905 159 1967 καί
171 1905 315 1966 απέθανε.
341 1902 394 1964 καὶ
408 1897 501 1986 Ἰωᾶβ
516 1902 566 1966 καί
579 1898 720 1986 Ἀβεσσαῒ
750 1897 814 1964 ἰδού
831 1896 850 2002 ή
867 1897 980 1984 κεφαλή
996 1896 1092 1963 αῦτοῦ
1110 1894 1261 2006 ῥιφήσεται
1278 1926 1358 1987 προς

108 1983 272 2065 ὁάδελφὸς
289 1980 386 2047 αῦτοῦ
404 1984 519 2060 ἐδίωξεν
537 1981 637 2048 ὀπίσω
648 1988 716 2046 Σα-
749 1981 781 2048 σέ
798 1983 849 2047 δια
866 1986 923 2047 τοῦ
941 1988 1059 2067 τείχους.
1085 1985 1116 2025 ²²
1129 2008 1179 2046 και
1191 1977 1355 2068 είςήλθενή

107 2069 154 2156 βεί
166 2072 235 2133 υἱοῦ
246 2071 374 2151 Βοχορί.
399 2068 424 2109 ¹¹
433 2069 486 2131 καί
498 2063 573 2152 ἀνήρ
586 2068 654 2148 ἔστη
669 2061 713 2128 ἐπ’
748 2063 820 2150 γυνή
833 2062 910 2152 πρὸς
920 2061 1023 2131 πάντα
1040 2063 1092 2129 τὸν
1104 2063 1193 2142 λαὸν,
1218 2069 1270 2130 καί
1286 2061 1357 2130 ἐλά-

110 2149 204 2217 αῦτὸν
216 2153 276 2215 τιῦν
288 2151 457 2233 παιδαρίων
466 2146 568 2237 Ἰωάβ,
580 2151 632 2215 καί
643 2147 714 2213 εἶπε.
748 2147 816 2233 λησε
828 2148 906 2233 πρὸς
917 2153 1020 2214 πᾶσαν
1036 2146 1090 2231 τήν
1101 2143 1190 2213 πόλιν
1207 2152 1238 2214 έν
1250 2153 1290 2242 τῇ
1302 2176 1357 2215 σο-

107 2238 152 2310 τίς
169 2231 188 2299 ὁ
205 2229 380 2321 βουλόμενος
397 2231 503 2320 Ἰωάβ,
530 2235 580 2298 καί
598 2238 643 2308 τίς
660 2236 716 2296 τοῦ
749 2239 805 2316 φίηι
829 2234 932 2316 αὐτῆς.
964 2234 1016 2298 καί
1034 2229 1135 2312 ἀφεῖλε
1153 2229 1207 2316 τήν
1225 2231 1356 2315 κεφαλήν

108 2318 214 2393 Δαυίδ,
234 2315 332 2382 ὀπίσω
340 2311 449 2404 Ἰωάβ,·
474 2319 502 2359 ¹²
515 2319 566 2381 καί
576 2314 720 2399 Ἀμεσοαῒ
748 2315 847 2403 Σαβεὲ
864 2320 930 2382 υἱοῦ
948 2321 1074 2400 Βοχορί.
1113 2317 1164 2380 καί
1187 2312 1287 2395 ἀφεῖλε
1305 2319 1356 2379 καί

106 2402 288 2487 πεφυρμένος
305 2403 336 2465 ἐν
351 2406 395 2485 τῷ
408 2406 511 2481 αἵματι
524 2402 648 2484 ἐνμέσῳ
663 2403 716 2483 τῆς
748 2400 835 2487 ἔβαλε
858 2396 935 2486 πρὸς
953 2395 1055 2484 Ἰωάβ.
1082 2400 1135 2462 καί
1151 2397 1309 2465 ἐσάλπισεν
1325 2402 1356 2463 ἐν

108 2489 220 2573 τρίβου.
257 2485 308 2548 καί
326 2483 396 2550 ιίδεν
412 2482 503 2569 ἀνήρ,
529 2479 576 2549 ότι
593 2477 715 2587 εἱστήκει
747 2489 899 2588 κερατίνη,
925 2483 976 2548 καί
1002 2480 1202 2565 διεσπάρησαν
1224 2480 1287 2548 ἀπὸ
1304 2487 1356 2586 της

105 2571 166 2645 ποῦς
194 2564 312 2642 ἀλαός.
339 2570 391 2633 καί
409 2565 578 2651 ἀπέστρεψε
596 2564 714 2632 τόνΑ-
747 2568 865 2642 πολεως
878 2564 927 2630 ἀπ’
942 2563 1038 2630 αὐτοῦ
1051 2563 1126 2647 ἀνήρ
1140 2570 1179 2640 είς
1189 2562 1227 2630 τά
1240 2591 1313 2649 σκην
1339 2606 1356 2617 -

106 2651 215 2737 μεσσαῒ
230 2653 263 2714 ἐκ
284 2655 334 2754 τής
353 2654 459 2736 τρίβου
477 2655 516 2724 εἱς
534 2647 636 2736 ἀγρόν.
663 2650 716 2712 καί
747 2677 829 2730 ματα
842 2648 947 2714 αῦτοῦ.
962 2644 1114 2733 καίἸωάβ
1126 2646 1356 2735 ἀπέοτρειυενείς

105 2737 263 2818 ἐπέρριψεν
276 2737 314 2798 ἐπ
332 2731 425 2796 αῦτόν
438 2727 565 2835 ἱμάτιον,
580 2730 650 2797 καθ’
667 2727 714 2796 ὅτι
743 2731 939 2834 Ἰερουσαλήμ
951 2730 1028 2816 πρὸς
1040 2729 1234 2876 τὸνβασιλέα.
1262 2735 1291 2775 ²³
1304 2735 1356 2797 καί

105 2815 178 2880 εἶδεν
196 2810 297 2878 πάντα
314 2810 367 2878 τὸν
384 2818 536 2900 ἐρχομενον
554 2812 599 2879 ἐπ’
621 2809 714 2879 αῦτὸν
747 2814 864 2902 ὁἸωάβ
871 2841 948 2900 προς
957 2811 1041 2901 πάση
1051 2819 1087 2903 τῇ
1114 2809 1354 2896 υνάμειἸσραήλ.

105 2892 260 2981 ἑστηκότα.
283 2897 311 2939 ¹³
330 2894 411 2963 ‘vina
424 2896 457 2963 δὲ
470 2900 603 2977 ἔφθασεν
615 2899 647 2960 ἐκ
662 2901 714 2979 τῆς
747 2901 798 2964 καί
810 2904 949 2973 Βαναίας
963 2898 1026 2972 υἱὸς
1041 2893 1145 2961 Ἰωδαὲ
1158 2896 1210 2960 ἐπί
1222 2901 1278 2961 τοῦ
1289 2904 1354 2960 Χε-

105 2987 223 3067 τρίβου,
246 2923 387 3063 παρῆλθε
410 2985 471 3054 πᾶς
494 2977 568 3064 ἀνήρ
590 2978 714 3064 Ἰσραήλ
747 2984 823 3068 ρεθί,
836 2983 887 3046 καί
900 2985 952 3047 ε’·πί
964 2986 1018 3046 τοῦ
1033 2980 1151 3044 Φελεθί.
1164 2977 1354 3045 2ἱκαίἈδω-

106 3062 206 3128 ὀπίσω
215 3060 307 3147 Ἰωάβ
319 3068 375 3127 τοῦ
387 3063 490 3139 διῶξαι
504 3062 603 3128 ὀπίσω
617 3063 714 3149 Σαβεέ
747 3064 834 3148 νιράμ
852 3066 903 3129 ἐπὶ
919 3070 976 3130 τοῦ
994 3059 1101 3150 φόρου.
1128 3064 1180 3128 καί
1191 3063 1355 3145 Ἰωσαφάθ

106 3150 173 3210 υἱοῦ
187 3150 314 3229 Βοχορί.
327 3146 414 3211 14καί
427 3145 547 3229 διῆλθεν
559 3151 589 3211 ε’ν
600 3141 713 3222 πάσαις
748 3148 812 3222 υἱός
826 3145 970 3231 Ἀχιλούθ
988 3143 1222 3231 ἀναμιμνήσκων.
1261 3151 1290 3192 ²⁵
1304 3151 1355 3212 καί

105 3228 213 3308 φυλαῖς
227 3225 350 3313 Ἰσραήλ
363 3234 402 3305 είς
415 3227 502 3316 Ἀβέλ
513 3231 564 3296 καί
577 3234 616 3305 είς
627 3235 713 3296 Βεθ-
746 3230 852 3296 Σουσά
869 3228 1065 3317 γραμματεύς.
1092 3234 1142 3296 καί
1164 3227 1278 3298 Σαδωκ
1304 3235 1355 3295 καί

103 3309 192 3398 μαχά.
219 3313 270 3376 καί
286 3310 396 3389 πάντες
411 3316 442 3377 ἐν
453 3315 557 3400 Χαῤῥί
570 3316 622 3379 καί
634 3317 712 3391 ἐξεκ-
741 3311 889 3402 Ἀβιάθαρ
904 3317 995 3400 ἱερεῖς.
1022 3316 1053 3358 ²⁶
1066 3319 1118 3379 καί
1128 3340 1160 3392 γε
1170 3312 1251 3402 Ἰράς
1263 3311 1281 3380 ὃ
1291 3311 1354 3379 Ἰα-

103 3391 339 3480 κλησιάσθησαν,
356 3399 408 3462 καί
421 3387 519 3482 ἦλθον
532 3397 714 3464 κατόπισθεν
745 3401 792 3485 ρίν
810 3399 845 3482 ήν
859 3395 947 3484 ἱερεύς
962 3403 1006 3480 τῷ
1019 3398 1125 3462 Δαυίδ.

104 3479 210 3547 αὐτοῦ.
224 3481 250 3524 ¹¹
258 3482 309 3546 καί
320 3476 566 3567 παρεγενήθησαν
578 3484 630 3545 καί
639 3486 713 3546 ἐπο-
924 3485 1049 3546 ΚΕΦ.
1093 3478 1182 3546 ΚΑ’.

104 3560 242 3649 λιόρκουν
259 3563 303 3629 ἐπ’
320 3562 413 3632 αῦτὸν
425 3568 456 3629 ἐν
467 3562 554 3650 Ἀβὲλ
567 3565 618 3629 καί
634 3569 712 3667 Φερ·
744 3530 831 3629 Καί
857 3567 971 3643 ἐγένετο
995 3562 1077 3648 λιμός
1094 3568 1126 3629 ἐν
1143 3575 1210 3639 ταῖς
1234 3561 1355 3647 ήμέραις

103 3674 145 3729 μα
163 3651 192 3712 ἀ.
206 3649 259 3712 καί
272 3650 386 3732 ἐξέχεαν
397 3644 561 3733 πρόςχωμα
572 3646 649 3733 πρὸς
660 3670 714 3730 την
744 3648 843 3714 Δαυίδ
858 3655 928 3734 τρία
945 3652 1011 3733 έτη,
1036 3643 1203 3721 ένιαυτόςὸ
1223 3643 1354 3746 ἐχόμενος

103 3674 210 3803 πολιν,
233 3732 284 3793 καί
298 3734 368 3834 έίττη
381 3734 411 3795 ἐν
423 3735 468 3813 τῷ
480 3737 711 3815 προτειχίσματι.
746 3736 892 3797 ἐνιαυτοῦ.
913 3736 965 3798 καὶ
976 3727 1092 3816 ἐζήτησε
1104 3728 1202 3828 Λαυὶδ
1214 3751 1248 3790 το
1260 3721 1353 3810 πρός-

105 3815 156 3876 καί
168 3811 457 3896 πάςολαὸςομετά
467 3810 560 3901 Ἰωάβ
568 3818 713 3881 ε’νοοῦοαν
746 3840 831 3881 ωπον
857 3822 968 3902 κυρίου.
998 3816 1049 3878 καί
1074 3811 1136 3877 είπε
1161 3833 1267 3893 κυριος.
1303 3808 1354 3871 ἐπί

105 3894 283 3980 καταβαλεῖν
301 3893 337 3961 τὸ
359 3908 461 3981 τεῖχος.
500 3899 529 3939 ¹⁶
542 3900 594 3962 καί
610 3895 714 3984 ἐβόησε
745 3899 853 3965 Σαούλ
865 3901 917 3964 καί
928 3900 977 3962 ἐπί
988 3895 1043 3961 τὸν
1054 3890 1241 3960 οἷνοναῦτοῦ
1252 3887 1354 3954 ἀδικία

103 3974 174 4061 γυνή
195 3977 274 4062 σοφή
295 3982 327 4043 ἐκ
341 3985 397 4045 τοῦ
415 3985 539 4062 τείχους,
563 3983 615 4044 καί
626 3980 711 4045 εἶπεν.
746 3985 777 4047 ἐν
789 3979 917 4066 θανάτῳ
933 3976 1070 4064 αἱμάτων
1089 3973 1201 4047 αὐτοῦ,
1227 3977 1296 4058 περί
1314 3966 1351 4038 οῦ

105 4057 255 4127 ἀκούσατε
274 4058 438 4138 ἀκούσατε,
463 4062 564 4125 εἴπατε
582 4061 713 4146 δήπρὸς
746 4062 919 4132 ἐθανάτωσε
935 4062 1007 4137 τοὺς
1028 4062 1236 4145 Γαβαωνίτας.
1275 4060 1355 4122 2καί

101 4141 209 4231 Ἰωάβ,
223 4146 341 4221 έγγισον
360 4150 415 4220 έως
428 4135 499 4220 ὦδε,
525 4146 577 4208 καί
589 4142 711 4229 λαλήσω
745 4146 879 4214 ἐκάλεσεν
898 4141 916 4209 ὅ
934 4141 1072 4231 βασιλεὺς
1088 4140 1186 4206 Δαυίδ
1203 4136 1274 4216 τούς
1285 4145 1351 4205 Γα-

104 4225 180 4333 πρός
198 4223 300 4293 αῦτόν.
338 4228 429 4292 17καί
445 4223 619 4311 προςήγγιοε
636 4231 713 4312 πρὸς
743 4235 907 4318 βαωνίτας,
927 4227 979 4291 καί
991 4223 1054 4290 εἶπε
1064 4223 1142 4308 πρὸς
1155 4220 1276 4300 αύτούς.
1303 4226 1355 4289 καί

105 4307 206 4394 αυτήν.
222 4313 273 4376 καί
281 4308 358 4375 είπεν
367 4307 387 4394 ή
397 4305 479 4394 γυνή.
491 4314 516 4373 εἱ
524 4308 561 4376 σίι
571 4312 597 4378 εἱ
606 4312 712 4401 Ἰωάβ,·
745 4316 778 4379 οἱ
789 4315 823 4376 Γ
819 4312 983 4395 αβαωνίται
1002 4306 1058 4392 οὐχ
1072 4308 1133 4372 υἱοί
1147 4305 1270 4394 Ἰσραήλ
1284 4314 1354 4374 εἰσιν

105 4391 123 4471 ὁ
137 4393 170 4461 δὲ
184 4394 270 4460 εἶπεν.
294 4391 362 4473 ε’·γοὶ.
383 4393 446 4461 εἶπε
460 4393 492 4459 δὲ
505 4392 596 4480 αύτῷ.
622 4397 713 4464 ἀκου-
744 4390 793 4460 ότι
806 4390 869 4458 ἀλλ’
885 4389 905 4473 ή
918 4394 951 4455 ἐκ
964 4396 1020 4456 τοῦ
1035 4391 1224 4475 ἐλλείμματος
1236 4398 1291 4457 τοῦ
1305 4391 1352 4456 'A-

104 4504 158 4545 σον
174 4478 246 4556 τοὺς
258 4476 365 4559 λόγους
387 4483 439 4564 τῆς
450 4474 557 4564 δούλης
570 4506 635 4546 σου.
661 4481 713 4544 καί
742 4477 903 4565 μοβραίου,
919 4475 971 4556 καί
984 4481 1014 4542 οἱ
1026 4478 1086 4543 υἱοί
1099 4474 1220 4564 Ἰσραήλ
1233 4476 1354 4579 ω’,ιιοσαν

1241 4583 1352 4634 αυτοις,
