2924 4972
106 227 175 299 982
293 208 660 278 MAKKABAmN
687 206 899 268 αΡαΤοΣ
938 203 1015 280 Κεφ.
1029 195 1080 277 η’.
1095 201 1148 266 13.

104 343 262 429 παιδάρια,
275 342 326 403 καί
344 333 494 402 ἀπώλετο.
530 335 559 376 ¹⁹
571 335 622 397 καί
635 333 712 398 ἀπί-
742 330 912 404 Ἰουδαίας,
945 328 996 392 καί
1022 333 1217 475 περιετείχιρε
1246 329 1373 415 πύργοις

107 425 199 495 στειλε
213 425 252 489 τὰ
265 416 412 504 παιδάρια
424 419 476 483 καί
488 415 528 482 τά
540 417 649 481 ἑκατὸν
660 413 711 480 τά·
747 412 876 497 ὑψηλοῖς
887 413 940 478 καί
955 416 1058 496 τείχεσι
1075 437 1152 494 μεγα
1206 436 1224 486 ς
1247 414 1305 478 καί
1318 408 1373 477 πύ-
1399 414 1401 467 ί

108 511 214 583 λαντα,
227 507 278 570 καί
290 498 471 586 διεψεύσατο
488 501 540 565 καί
551 498 605 564 ούκ
618 501 715 607 ἀφηκε
747 497 812 573 λαις
824 496 876 561 καί
886 494 1021 596 μοχλοῖς,
1044 497 1096 559 καί
1108 498 1206 559 ἔθετο
1220 492 1373 582 βρώματα

108 592 163 659 τὸν
172 585 331 655 Ἰωνάθαν.
356 587 387 627 ²⁰
400 586 451 649 καί
461 581 535 666 μετά
548 587 648 648 ταῦτα
660 582 715 667 ηλ-
748 584 852 656 ἐντοῖς
863 578 1043 665 ὀχυρωμασε.
1065 576 1097 620 22
1108 580 1163 643 καί
1176 580 1307 657 ίπελεξε
1319 586 1373 644 Σί-

109 688 147 742 θε
171 669 302 756 Τρύφων
323 672 379 733 τού
406 670 583 753 ἐμβατεῦσαι
604 670 643 740 είς
663 665 716 768 τίην
747 688 813 749 μων
825 663 950 749 ἀνδρας,
975 662 1027 726 καί
1039 659 1196 726 ἀπέστειλε
1209 664 1301 750 πρὸς
1312 669 1374 749 Δη-

108 755 221 846 χοίραν,
241 755 293 817 καί
304 754 445 834 ίκτρίφαι
457 749 561 834 υύτίην,
586 751 638 814 καί
650 751 717 815 ίκυ-
748 744 874 833 μάτριον
886 743 1071 830 τὸνβασιλέα
1080 747 1137 809 τοῦ
1146 750 1288 830 ποιῆσαι
1301 748 1373 827 ἀφε-

110 833 426 918 κλωσενὸδόντίχνείς
444 832 573 916 Ἄδωρα.
598 833 650 896 καί
662 837 719 897 Σί-
751 856 798 897 σιν
819 834 856 925 τῇ
877 824 976 933 χόρχς,
999 825 1049 892 ὅτι
1068 832 1168 892 πᾶσαν
1190 833 1233 893 αῖ
1253 827 1373 916 πράξεις

110 948 173 1008 μων
186 922 237 986 καί
256 917 273 1002 ἡ
286 916 458 1004 παρεμβολὴ
468 913 563 982 αάτοῡ
573 913 684 981 ἀντιπα
755 910 916 997 Τρύφωνος
928 936 1006 995 ησαν
1017 907 1166 995 ἁρπαγαί.
1191 912 1287 978 222ιιαί
1299 912 1374 980 ἀπί-

111 1014 183 1092 ηγεν
205 1002 291 1085 αύτῷ
314 1005 354 1076 είς
380 996 484 1066 πάντα
506 997 602 1064 τόπον
621 941 719 1063 ούάν
752 997 862 1062 στειλεν
882 993 968 1078 αύτῷ
991 990 1160 1080 Δημήτριος
1184 991 1205 1060 ὃ
1232 996 1373 1082 βασιλεύς

112 1083 280 1174 ἐπορεύετο.
304 1087 330 1127 ²¹
337 1087 368 1148 σί
380 1083 413 1148 δὲ
425 1086 457 1146 ίκ
471 1086 521 1166 τῆς
534 1081 630 1168 άιιρας
641 1080 719 1148 ἀπέ-
752 1079 831 1146 κατά
844 1077 917 1153 τούς
935 1074 1043 1156 λόγους
1060 1075 1200 1155 τούτους.
1230 1083 1289 1146 καί
1300 1079 1372 1147 ἀπε·

113 1171 236 1240 στελλον
257 1164 335 1252 πρὸς
367 1162 519 1267 Τρύφωνα
540 1163 720 1252 πρεσβευτὰς
751 1168 842 1267 κρίθη
855 1159 957 1244 αύτῷ,
982 1161 1034 1227 καί
1052 1164 1186 1246 ἔγραψεν
1199 1163 1296 1248 αύτῷ
1309 1169 1372 1231 ἔπι-

114 1251 377 1324 κατασπεύδοντας
406 1247 501 1312 αυτὸν
530 1253 587 1312 τοῦ
621 1250 719 1314 ἐλθεῖν
751 1244 860 1331 στολην
873 1241 1027 1328 τοιαύτην.
1060 1244 1253 1330 22βασιλεύς
1267 1242 1371 1332 Δημη-

112 1337 189 1423 πρὸς
199 1332 310 1409 αὐτούς
319 1332 369 1398 διὰ
381 1336 431 1416 τῆς
440 1327 564 1416 ἐρήμου,
572 1334 624 1397 καί
637 1329 720 1397 ἀπο·
752 1354 833 1415 τριος
845 1334 957 1410 Σίμωνι
969 1326 1097 1412 ἀρχιερεῖ
1113 1329 1168 1392 καί
1181 1330 1271 1414 φίλῳ
1283 1335 1371 1418 βασι-

114 1419 225 1485 στεῖλαι
249 1414 355 1491 αὐτοῖς
376 1413 500 1500 τροφάς.
527 1417 557 1457 ²²
569 1415 621 1480 καί
639 1414 720 1502 ἡτοί-
753 1411 830 1477 λίων
841 1413 893 1477 καί
903 1413 1111 1497 πρεσβυτέροις
1127 1412 1182 1477 καί
1194 1415 1283 1480 ἔθνει
1293 1413 1372 1479 Ἰου-

112 1527 186 1584 μαοε
207 1495 338 1584 Τρύφων
355 1503 457 1562 πᾶσαν
480 1495 534 1580 τὴν
551 1502 647 1563 ’ίππον
664 1495 721 1562 αὖ·
753 1494 847 1561 δαίων
867 1500 986 1581 χαίρειν.
1017 1495 1045 1538 22
1059 1490 1112 1558 τόν
1134 1498 1297 1575 στέφανον
1319 1497 1371 1564 τόν

113 1590 170 1650 τοῦ
182 1583 282 1647 ἐλθεῖν
295 1584 326 1646 ἐν
337 1586 375 1672 τῇ
388 1582 470 1644 νυκτί
482 1583 585 1672 ἐκείνη.
622 1583 674 1646 καί
686 1572 721 1665 ἦν
771 1583 897 1663 ρυσοῦν,
923 1580 973 1643 καί
984 1576 1041 1664 τίην
1054 1579 1160 1663 βαίνην
1178 1576 1218 1663 ἢν
1231 1579 1370 1647 ἀπεστεί·

113 1667 185 1752 χιών
197 1661 297 1748 πολλὴ
311 1663 439 1768 σφόδρα,
453 1663 571 1728 καὶοάκ
588 1655 721 1730 τλθεδιά
753 1605 826 1726 λοτε
843 1666 1054 1745 νενομίσμεθα,
1081 1663 1134 1726 καί
1150 1667 1202 1728 ἕτο
1239 1672 1275 1729 οί
1287 1669 1370 1749 ἔσμεν

114 1749 169 1855 την
187 1745 279 1835 χιόνα.
317 1748 371 1814 καί
387 1751 484 1831 απῇρε
502 1751 553 1813 καί
572 1693 666 1854 ᾗλθεν
684 1753 722 1822 είς
754 1749 813 1842 τού
825 1756 919 1811 ποιεῖν
932 1741 998 1827 ύμῖν
1009 1743 1125 1851 ρίρηνην
1135 1691 1291 1848 μεγάλην,
1318 1750 1370 1815 καί

114 1858 170 1918 την
190 1830 386 1899 Γαλααδίτιν.
412 1833 441 1874 ²³
459 1826 500 1905 ὡς
518 1830 550 1895 δὲ
569 1857 668 1914 ηγγισε
684 1835 723 1925 τῇ
754 1852 878 1934 χραφχιν
889 1839 953 1933 τοῖς
965 1831 1017 1932 ’ἐπι
1027 1852 1089 1892 των
1094 1834 1205 1956 χροιάν
1216 1855 1280 1895 του
1291 1831 1367 1910 ἀφι-

115 1920 283 1998 Βασκαμᾷ,
309 1911 458 1979 ἀπέκτεινε
483 1914 538 1979 τὸν
559 1912 721 1994 Ἰωνάθαν,
756 1938 819 1977 ενοι
833 1924 899 1996 υμῖν
911 1937 1062 1995 αφεματα.
1136 1939 1187 1976 και
1199 1908 1363 1994 άσαὲστά-

114 2002 165 2063 καί
175 1995 272 2097 ἐτάφη
281 2000 349 2061 ἐκεῖ.
363 1997 395 2038 22
401 1998 453 2061 καί
463 2000 628 2082 ἐπέστρεφε
642 1995 722 2082 Τρύ-
755 2020 846 2101 καμεν
857 1994 936 2080 πρὸς
950 1993 1024 2077 ὑμᾶς
1037 2001 1145 2078 ἔστηκε,
1166 1997 1219 2057 καί
1232 1993 1274 2057 τά
1287 1992 1364 2079 ὀχυ-

115 2104 180 2162 φων
192 2082 242 2143 καί
255 2079 393 2161 απῆλθεν
413 2083 452 2153 είς
469 2078 523 2162 τὴν
539 2084 596 2163 γῆν
614 2080 721 2145 αὐτοῦ.
756 2104 881 2164 ρωματα
894 2075 915 2144 ἀ
927 2074 1133 2162 ᾠκοδομηκατε
1150 2072 1317 2163 ύπαρχέτω
1330 2077 1363 2142 ύ-

115 2164 145 2207 22
158 2163 210 2227 καί
222 2161 374 2226 ἀπέστειλε
386 2167 499 2242 Σίμων,
516 2164 568 2226 καί
579 2163 670 2268 ίλαβε
682 2160 721 2228 τά
755 2173 813 2244 μῖν.
851 2163 882 2206 22
896 2161 1017 2246 ἀφίεμεν
1026 2162 1059 2228 δὲ
1071 2156 1246 2246 ἀγνοηματο
1259 2165 1312 2226 καί
1325 2161 1363 2226 τά

116 2245 194 2313 ὀστᾶ
211 2241 363 2310 Ἰωνάθαν
382 2250 438 2310 τού
459 2245 593 2327 ἀδελφοῖν
612 2251 721 2326 αυτοῦ,
755 2241 1027 2332 ἀμαρτηματα,ἕως
1039 2249 1091 2329 τῆς
1103 2239 1231 2331 σάμερον
1243 2243 1362 2330 ἡμερας,

115 2331 166 2394 καί
191 2332 308 2410 δ’θσψεν
332 2325 412 2392 αύτά
437 2331 469 2394 ίν
487 2329 613 2394 Μωδεῒν
636 2325 722 2396 πόλει
754 2331 805 2394 καί
816 2328 872 2395 τὸν
885 2331 1032 2412 στέφανον
1045 2326 1251 2411 ἀνωφεᾱετε,
1278 2331 1328 2394 καί
1339 2331 1370 2393 εί

115 2415 328 2497 ταῖνπατίρων
343 2411 447 2476 αὐτοῦ.
481 2414 512 2455 22
524 2416 575 2478 καί
587 2408 721 2498 ίκάφαν-
753 2438 782 2477 τι
807 2412 884 2478 ἀλλο
904 2413 1072 2479 ίτελωνεῖτο
1098 2416 1130 2478 ἐν
1152 2408 1362 2498 Ἰερουσαλὴμ,

115 2520 152 2561 το
167 2492 333 2568 αὑτὸνπᾶς
348 2493 469 2599 Ἰσραὴλ
481 2496 608 2562 κοπετὸν
619 2501 721 2580 μέγαν,
753 2501 855 2578 μηκέτι
867 2495 1061 2563 τελωνείσθω.
1095 2496 1130 2540 ⁴⁰
1141 2498 1193 2561 καί
1203 2498 1235 2560 εἴ
1241 2522 1318 2571 τινες
1332 2502 1360 2562 ἒ-

115 2581 166 2642 καί
178 2582 350 2662 ἐπένθησαν
369 2579 462 2642 αυτὸν
475 2577 584 2665 ἡμέρας
596 2581 720 2657 πολλάς.
754 2580 897 2663 πιτηδειοι
909 2577 992 2662 ὑμῶν
1008 2585 1157 2666 γραφῆναι
1169 2584 1206 2655 είς
1217 2578 1292 2654 τούς
1303 2605 1356 2642 πε·

116 2664 145 2705 22
158 2664 210 2727 καί
228 2659 400 2745 ᾠκοδόμησε
416 2669 518 2744 Σίμων
536 2666 588 2728 ίπί
601 2661 652 2730 τὸν
665 2663 722 2730 τά·
754 2665 785 2768 ρί
799 2663 1152 2749 ημᾶςίγγραφέσθωσαν,
1165 2665 1214 2728 καί
1226 2666 1359 2740 γινέσθω

116 2771 175 2824 φον
187 2746 371 2831 τοῦπατρὸς
384 2743 481 2811 αὐτοῦ
498 2748 548 2810 καί
561 2752 622 2812 τῶν
635 2748 722 2813 ἀδελ·
755 2752 903 2830 αναμέσον
916 2746 997 2832 ἡμῶν
1008 2745 1115 2833 είρὴνη.
1140 2748 1262 2823 22ἔτους
1276 2747 1362 2832 ἐβδο-

115 2833 182 2911 φῶν
195 2826 306 2903 αὐτοῦ,
333 2830 385 2893 καί
396 2827 517 2912 ἀψωσεν
529 2830 623 2895 αὐτὸν
635 2836 672 2924 τῇ
686 2828 723 2896 ὁ·
754 2835 906 2913 μηκοστοῦ
918 2833 970 2895 καί
990 2834 1157 2897 ἑκατοστοῦ
1176 2829 1294 2922 ᾔρθηὸ
1312 2834 1363 2907 ζυ-

113 2907 198 2995 ράσει
211 2910 291 2994 λίθῳ
304 2913 397 2995 ξεστῷ
410 2916 442 2976 ἐκ
461 2917 521 2976 τῶν
535 2910 659 2979 ὄπισθεν
671 2915 723 2979 καί
754 2913 807 2991 γὸς
832 2918 893 2978 τῶν
921 2916 1018 2979 ἐθνῶν
1049 2910 1112 2978 ἀπό
1143 2919 1201 2976 τού
1225 2909 1364 2999 Ἰσραήλ

114 2997 146 3058 ἐκ
158 2999 219 3059 τῶν
232 2997 409 3080 ἔμπροσθεν.
435 2997 466 3040 22
479 2997 530 3061 καί
542 2998 661 3081 ἔστησεν
674 2996 719 3062 ἐπ’
754 2999 786 3041 22
799 3000 849 3062 καί
861 2996 971 3083 ἤρξατο
984 2995 1002 3061 ὁ
1015 2993 1086 3069 λαός
1096 2992 1218 3076 Ἰσραὴλ
1228 2994 1365 3074 γράφειν

114 3076 193 3142 αιἰτά
207 3077 284 3142 ἑπτὰ
301 3080 481 3161 πυραμίδας,
495 3085 568 3161 μίαν
582 3084 724 3146 κατέναν-
753 3082 784 3144 ἒν
795 3092 862 3156 ταῖς
879 3090 1058 3166 συγγραφαῖς
1076 3077 1124 3139 καί
1136 3070 1367 3160 συναλλάγμα·

112 3185 142 3224 τι
155 3160 205 3241 τῆς
215 3164 283 3238 μιᾶς
296 3165 339 3240 τῷ
351 3163 446 3242 πατρί
458 3165 509 3226 καί
522 3168 559 3241 τῆ
571 3167 660 3249 μητρί
671 3166 722 3233 καί
753 3187 798 3228 σιν
813 3165 892 3238 ἔτους
904 3159 1028 3248 πράσου
1045 3161 1093 3224 ἐπί
1104 3162 1245 3238 Σίμωνος
1258 3156 1364 3245 ἀρχιε-

112 3251 178 3314 τοῖς
191 3244 350 3325 τέσσαρσιν
363 3241 510 3322 ἀδελφοῖς.
552 3247 567 3285 ⁹
581 3249 633 3310 καί
645 3247 722 3311 τού·
752 3251 825 3328 ρέως
839 3243 970 3328 μεγάλου
987 3243 1038 3308 καί
1060 3246 1234 3325 στρατηγοῦ
1253 3246 1309 3308 καί
1328 3241 1362 3329 ἦ-

112 3348 178 3399 ταις
212 3326 333 3408 ἐποίησε
361 3321 555 3410 μηχανήματα
590 3333 720 3415 περιθείς
750 3330 890 3410 γοομένου
905 3324 1070 3391 Ἰουδαίων.
1102 3323 1135 3371 ⁴³
1148 3327 1180 3390 ίν
1197 3336 1270 3402 ταῖς
1288 3324 1360 3411 ἦμέ-

113 3405 236 3484 στύλους
257 3403 412 3490 μεγάλους,
431 3412 481 3476 καί
506 3414 644 3496 ἐποίησεν
670 3416 721 3478 ἐπί
751 3438 813 3499 ραις
834 3413 950 3484 ἐκείναις
972 3433 1018 3473 πα
1039 3407 1155 3495 ενίβαλε
1177 3414 1285 3490 Σίμων
1310 3413 1361 3476 ίπί

112 3502 176 3565 τοῖς
189 3487 309 3567 στύλοις
321 3492 491 3568 πανοπλίας
509 3500 549 3571 είς
562 3495 656 3579 όνομα
669 3502 719 3561 al·
750 3492 870 3575 Γάζαν,
896 3494 948 3559 καί
959 3433 1121 3558 ἐκύκλωοεν
1134 3488 1229 3576 αὐτὴν
1242 3518 1359 3579 παρεμ-

113 3570 220 3652 ιάνιον,
260 3576 312 3638 καί
335 3575 420 3659 παρὰ
445 3589 511 3652 ταῖς
536 3581 718 3654 πανοπλίαις
747 3579 871 3666 βολαῖς,
895 3580 946 3643 καί
971 3579 1109 3658 ἐποίησεν
1134 3571 1281 3651 ἑλεπόλεις
1308 3578 1359 3640 καί

111 3655 207 3718 πλοῖα
229 3657 458 3740 ίπιγεγλυμμένα
480 3666 519 3736 είς
535 3661 572 3726 τὸ
593 3674 717 3749 θεωρεῖ·
747 3661 914 3748 προςηγαγε
924 3665 962 3754 τῇ
971 3657 1066 3734 πόλει,
1076 3660 1127 3724 καί
1137 3655 1268 3735 ἐπάταξε
1277 3655 1359 3741 πάρ·

113 3745 185 3799 σθαι
200 3736 260 3800 ὑπὸ
273 3736 397 3806 πάντων
416 3747 477 3806 τοῖν
495 3741 647 3810 πλεόντων
659 3745 716 3829 τίην
747 3770 803 3823 γον
815 3751 869 3810 ἕνα
881 3747 932 3808 καί
944 3741 1131 3828 κατελάβετο.
1158 3741 1192 3784 22
1205 3745 1260 3808 καί
1271 3740 1360 3826 ἐξηλ-

110 3813 281 3884 θάλασσαν.
304 3821 429 3899 2οούτος
442 3821 459 3889 ὁ
474 3823 570 3908 τάφος
584 3825 618 3893 ὃν
631 3832 715 3894 ίποί-
748 3829 838 3902 λοντσ
851 3833 882 3892 σῖ
895 3832 926 3892 ἐν
938 3831 977 3914 τῇ
995 3821 1125 3890 ἑλεπόλει
1138 3829 1177 3899 είς
1189 3825 1245 3909 τὴν
1257 3823 1359 3903 πόλιν,

110 3923 175 3981 ησεν
187 3905 218 3964 ἐν
230 3905 366 3983 Μωδεῒν,
388 3912 443 3983 ἕως
455 3915 506 3992 τῆς
519 3909 630 3995 ἡμέρας
641 3907 715 3976 ταό-
747 3914 800 3975 καί
813 3914 928 3988 ἐγένετο
949 3915 1054 3991 κίνημα
1071 3911 1148 3991 μέγα
1160 3910 1192 3972 ἐν
1205 3913 1246 3988 τῆ
1258 3905 1360 3975 πόλει.

108 4006 175 4084 της·ι
190 3983 252 4084 ‚³¹5
268 3985 300 4086 δὲ
315 3985 445 4074 Τρύφων
463 3993 620 4078 ἐπορεύετο
634 3991 715 4078 δόλῳ
746 3993 778 4037 22
791 3995 844 4058 καί
863 3991 1013 4077 ἀνεβησαν
1036 4002 1066 4056 οῖ
1083 3994 1115 4056 ίν
1143 3994 1182 4082 τῇ
1192 3991 1281 4055 πολεε
1303 3994 1361 4058 σύν

107 4089 181 4145 μετα
188 4067 342 4152 Αντιοχου
354 4076 409 4136 τοῦ
416 4076 563 4160 βασιλέως
575 4083 631 4142 τοῦ
644 4102 714 4143 νεω-
746 4089 813 4152 ταῖς
830 4078 943 4155 γυναιξί
965 4077 1017 4139 καί
1039 4086 1102 4150 τοῖς
1118 4077 1228 4147 τέκνοις
1250 4077 1307 4139 ἐπὶ
1324 4074 1360 4141 τὸ

107 4152 207 4233 τέρου,
226 4154 278 4216 καί
295 4151 463 4222 ἀπέκτεινεν
483 4157 587 4234 αὐτὸν,
613 4163 643 4203 ³²
663 4163 715 4225 καί
745 4171 838 4271 τεῖχος
854 4155 1037 4244 διεῤῥηχότες
1055 4156 1094 4222 τά
1118 4150 1223 4239 ίμάτνα
1242 4155 1362 4236 αὐτῶν,

107 4232 291 4336 ἕβασίίηυσεν
303 4234 364 4301 ἀντ’
381 4236 490 4316 αὐτοῦ,
515 4246 566 4306 καί
576 4249 713 4329 περιέθε,
746 4271 797 4309 και
819 4239 947 4330 ἐβόησαν
969 4247 1054 4332 φωνῇ
1075 4237 1186 4333 μεγάλη
1209 4238 1362 4319 ἀξιοῦντες

105 4336 143 4377 το
168 4316 298 4417 διἀδημα
317 4324 368 4403 τῆς
382 4318 498 4399 Ἀσίας,
524 4328 576 4389 καί
591 4327 712 4409 ίποίησε
744 4333 869 4413 Σίμωνα
888 4326 983 4401 δεξιάς
995 4324 1099 4400 αύτοῖς
1111 4324 1231 4400 δοῦναι,
1258 4324 1295 4367 ⁴⁶
1309 4325 1363 4392 καί

105 4395 222 4497 2ξ2ῖῖ>χῖ
238 4398 367 4483 μεγάλην
383 4404 432 4465 ἰπὶ
450 4409 577 4488 τῆςνῆς·
616 4410 646 4451 ³³
659 4414 711 4475 καί
745 4410 839 4476 είπον.
873 4411 915 4494 μὴ
931 4409 998 4492 ἡμῖν
1013 4403 1107 4492 χράση
1124 4407 1204 4472 κατὰ
1226 4407 1283 4483 τάς
1297 4437 1362 4476 πο·

101 4479 276 4566 ῳκοδομησε
289 4488 393 4567 Σίμων
409 4483 449 4549 τά
463 4484 643 4573 ὀχυρώματα
655 4498 709 4579 τῆς
744 4500 848 4580 νηρίας
859 4493 950 4578 ἡμῶν,
961 4490 1042 4557 ἀλλά
1052 4481 1131 4556 κάτά
1145 4488 1183 4557 τό
1191 4487 1361 4621 ἐ2λεός4χτουζ

1309 4607 1361 4645 και
