2924 4972
219 39 460 141 1³5³.-
534 48 541 65 .

143 225 211 297 960
309 170 679 286 ΜΛέἰΚΑΒΑΙΩΝ
701 215 909 278 ΠΡΩΤΟΣ
948 208 1227 289 Κεφ.γ’.δ’.3.4.

145 351 216 418 τῶν,
229 344 281 408 καί
293 342 447 425 διέρρηξαν
462 339 501 402 τά
523 333 628 422 ίμάτια
641 336 752 402 αὐτῶν.
784 339 861 400 5καί
872 325 947 418 ῆλθε
960 339 1096 421 Γοργίας
1112 339 1152 410 είς
1168 332 1227 419 τῆν
1244 341 1402 445 παρψβο-

144 429 240 492 55καί
252 427 431 503 ίξωτέταοαν
452 422 489 487 τὸ
501 421 617 509 βιβλίον
629 426 687 485 τοῦ
700 417 754 485 νό·
783 417 837 503 λῆν
856 414 959 484 Ἰούδα
977 415 1100 494 νυκτὸς,
1138 421 1189 482 καί
1201 417 1319 484 ούδένα
1334 446 1404 528 ιυρε.

145 538 203 594 μου
215 511 284 594 περί
296 500 339 571 ὧν
352 501 511 589 ἐξηρεύνων
524 503 563 569 τά
576 508 652 588 ε”θνη
665 502 704 568 τά
718 500 754 568 δ-
783 504 835 568 καί
847 496 937 585 ἐζήτει
957 500 1071 577 αύτούς
1092 506 1123 567 ἐν
1139 514 1203 576 τοῖς
1216 500 1333 587 ὄρεσιν,
1360 530 1405 570 οτι

145 593 306 679 μοιωματα
320 594 382 654 τοῖν
395 584 525 653 εἰδώλων
538 587 649 653 αὐτῶν.
663 588 754 651 49καί
784 585 855 660 είπε,
869 582 1029 668 φεύγουσιν
1042 577 1129 650 ούτοι
1141 583 1193 666 ἀφ’
1210 582 1309 669 ήμῶν.
1331 591 1405 655 5καί
1440 598 1441 625 ¹

145 672 325 762 ῆνεγκαντά
340 669 443 756 ίμάτια
457 677 508 756 τῆς
521 668 690 757 ίερωσύνης,
704 671 754 734 καί
785 666 848 754 άμα
861 674 898 759 τῆ
919 668 1015 756 ῆμέρᾳ
1044 667 1137 754 σ’ίηθη
1157 667 1280 745 Ἰούδας
1305 674 1340 738 ἐν
1361 676 1405 755 τῷ

146 760 187 826 τά
201 752 607 843 πρωτογεννήματακαίτάς
620 750 754 827 δεκάτας.
784 755 878 836 πεδίῳ
901 756 933 819 ἐν
962 753 1129 839 τριςχιλίοις
1153 747 1295 837 ἀνδράσι.
1328 756 1407 840 πλήν

146 845 199 909 καί
208 841 326 927 ῆγειραν
335 840 406 914 τοὺς
422 841 617 921 Ναζιραίους,
627 837 755 919 οἳέπλῆ·
785 833 966 941 καλύμματα
992 841 1044 901 καί
1068 843 1217 922 μαχαίρας
1240 835 1301 901 οὐκ
1330 839 1407 925 είχον

146 948 249 1013 ρωσαν
274 923 329 998 τάς
352 919 475 1007 ῆμέρας,
506 925 538 966 55
551 926 601 986 καί
625 921 756 1006 ἐβόησαν
786 931 891 996 καθως
904 916 1083 1005 ἠβούλοντο.
1111 918 1274 985 7καίεέδον
1286 950 1407 1008 παρεμ-

147 1012 234 1110 φωχῆ
259 1012 297 1081 είς
322 1005 377 1072 τὸν
401 1004 544 1091 ούρανὸν,
558 1006 699 1082 λέγοντες.
726 1011 757 1067 τί
785 1004 881 1089 βολήν
891 1009 991 1069 ἐθνῶν
1000 1000 1405 1112 ῖσχυράντεθωρακιομὲνιχν,

146 1114 316 1177 ποιησωμεν
335 1085 471 1165 τούτοις,
496 1092 547 1155 καί
564 1091 627 1152 πού
645 1084 757 1162 αὐτούς
787 1090 838 1151 καί
849 1093 946 1152 ἵππον
963 1087 1129 1151 κυκλοῦσαν
1142 1085 1253 1214 αύτῆν,
1280 1093 1338 1155 καί
1351 1116 1405 1158 ου-

148 1170 368 1255 άπαγάγωμενς
407 1175 432 1216 55
460 1175 512 1237 καί
537 1171 577 1236 τά
601 1166 672 1248 δίγιά
697 1194 755 1236 σου
789 1195 836 1234 τοι
863 1171 997 1236 διδακτοί
1021 1170 1163 1253 πολέμου.
1246 1174 1302 1237 καί
1329 1173 1407 1239 εἶπεν

147 1256 416 1341 καταπεπάτηται,
442 1258 494 1320 καί
504 1250 680 1343 βεβήλωται.
706 1257 758 1318 καί
784 1251 900 1329 Ἰούδας
912 1265 974 1329 τοῖς
987 1250 1115 1336 ἀνδράσι
1133 1265 1196 1328 τοῖς
1213 1253 1275 1339 μετ’
1293 1255 1405 1324 αὐτοῦ.

147 1346 179 1407 οί
193 1346 277 1426 ίερεῖς
290 1365 344 1406 σου
355 1345 386 1405 ἐν
395 1344 502 1406 πένθει
511 1340 562 1404 καί
571 1334 756 1403 ταπεινώσει.
786 1337 826 1422 μή
853 1343 995 1424 φοβεῖσθε
1021 1336 1057 1400 τὸ
1080 1337 1201 1421 πλῆθος
1221 1337 1342 1416 αύτῶν,
1357 1344 1407 1406 καί

148 1427 178 1470 55
192 1427 244 1489 καί
262 1424 326 1488 ίδού
347 1424 386 1488 τά
407 1427 480 1507 ἔθνη
500 1426 642 1507 συνῆκται
661 1419 705 1523 ἐρ’
723 1418 757 1506 ή-
788 1421 825 1487 τὸ
836 1421 952 1505 ὅρμημα
963 1419 1064 1485 αὐτῶν
1073 1418 1112 1503 μή
1122 1421 1298 1505 δειλωθῆτε.
1313 1423 1407 1510 55μνή·

148 1511 276 1592 μᾶςτοῦ
288 1510 390 1591 ἐξᾶραι
406 1504 489 1589 ήμάς.
517 1505 553 1570 σύ
574 1504 657 1579 σίδας
670 1504 691 1569 ά
704 1503 757 1568 λο-
789 1515 884 1591 οθητε
892 1509 958 1580 πῶς
969 1499 1125 1588 ίσάθησαν
1134 1508 1166 1568 σί
1176 1511 1309 1590 πατέρες
1320 1506 1408 1592 ῆμων

148 1595 283 1669 γιξονται
297 1590 341 1668 ἐφ’
360 1587 443 1672 ῆμᾶς.
474 1591 503 1633 55
516 1593 583 1662 πῶς
596 1583 757 1670 δυνησόμε·
788 1594 819 1654 ἐν
830 1586 973 1682 θαλάσση
986 1592 1103 1673 ἐρυθρᾷ
1108 1637 1119 1664 ,
1145 1586 1197 1652 ὅτε
1209 1591 1338 1666 ἐδίωξεν
1350 1590 1408 1657 αύ-

148 1684 195 1738 θα
206 1671 373 1756 ὑποστῆναι
384 1673 462 1737 κατά
472 1669 634 1754 πρόςωπον
645 1669 759 1747 αὐτῶν,
789 1671 859 1748 τούς
886 1670 1002 1756 Φαραώ
1026 1673 1057 1735 ἐν
1077 1669 1203 1753 δυνάμει.
1230 1675 1261 1716 ¹⁰
1275 1677 1331 1740 καί
1356 1681 1408 1741 νύν

149 1756 202 1823 ἐάν
220 1756 259 1841 μῆ
273 1754 311 1821 ού
326 1752 481 1842 βοηθήσης
502 1753 585 1839 ῆμῖν,Ι
612 1754 644 1798 55
658 1757 710 1819 καί
729 1759 759 1819 ἐ·
789 1752 940 1844 βοήσωμεν
953 1760 992 1830 είς
1002 1753 1057 1820 τὸν
1067 1753 1240 1837 ούρανὸν,εί
1243 1784 1314 1833 πως
1324 1756 1406 1843 ἐλεή-

149 1836 300 1906 σάλπισαν
312 1852 378 1916 ταῖς
391 1828 540 1917 σάλπιγξι,
567 1840 619 1903 καί
631 1834 761 1925 ἐβόησαν
791 1865 833 1905 σει
852 1836 943 1923 ῆμάς,
968 1842 1020 1903 καί
1034 1834 1234 1924 μνησθήσεται
1253 1840 1406 1929 διαθήκης

149 1927 236 2006 φωνῆ
248 1919 369 2014 μεγάλη.
384 1925 413 1966 55
428 1926 479 1987 καί
491 1921 564 2004 μετά
578 1926 673 1986 τοῦτο
687 1947 759 1985 κατ·
789 1926 930 2005 πατέρων
955 1919 1058 2004 ήμῶν,
1084 1926 1135 1987 καί
1160 1930 1319 2008 συντρίψει
1347 1926 1402 2012 τήν

150 1995 271 2087 εὀτήσεν
294 2004 419 2080 Ἰούδας
439 2004 690 2087 ῆγουμένουςτού
704 2005 759 2069 λα·
789 2005 978 2092 παρεμβολήν
1001 2002 1114 2090 ταύτην
1133 2005 1210 2071 κατά
1233 2006 1405 2091 πρόςωπον

149 2093 187 2154 ού
198 2086 366 2172 χιλιάρχους
384 2090 435 2152 καί
456 2084 696 2170 ἑκατοντάρχους
709 2090 760 2151 καί
791 2088 873 2173 ήμῶν
890 2085 1026 2175 σήμερον.
1061 2094 1087 2132 55
1098 2090 1149 2156 καί
1160 2086 1309 2168 γνώσεται
1322 2090 1403 2160 πάν-

148 2167 423 2257 πεντηκοντάρχους
432 2173 484 2235 καί
496 2165 663 2254 δεκάρχους.
677 2172 761 2236 55καί
791 2199 829 2238 τα
841 2172 881 2237 τὰ
894 2176 984 2259 ἔθνη,
1010 2170 1058 2238 ότι
1072 2176 1150 2239 ἐστίν
1170 2172 1188 2238 ὁ
1203 2175 1402 2261 λυτρούμενος

151 2253 235 2321 εἶπον
259 2264 324 2330 τοῖς
349 2255 562 2337 οίκοδομούσιν
587 2258 684 2330 οίκίας
709 2258 761 2320 καί
790 2257 841 2322 καί
867 2252 969 2333 σώζων
991 2253 1045 2321 τὸν
1054 2253 1184 2342 Ἰσραήλ.
1209 2262 1300 2324 52καί
1319 2249 1400 2353 ήραν

150 2341 388 2422 μνηστευομένοις
398 2351 540 2416 γυναῖκας
550 2338 601 2401 καί
614 2335 760 2419 φυτεύου-
791 2344 821 2405 οί
833 2336 999 2421 ἀλλόφυλοι
1012 2341 1084 2417 τούς
1093 2342 1275 2425 ὀφθαλμούς
1288 2341 1400 2418 αὐτῶν,

151 2448 195 2487 σιν
209 2419 396 2505 ἀμπελῶνας,
411 2425 461 2486 καί
474 2421 594 2497 δειλοῖς,
608 2418 758 2506 ἆποστρὲ-
789 2425 841 2488 καί
851 2425 913 2487 ίδον
923 2422 1036 2500 αὐτούς
1045 2429 1218 2511 ἐρχομένους
1225 2429 1396 2501 ἐξεναντίας,

99 2566 108 2587 ,
151 2530 214 2586 φειν
226 2509 352 2570 ἕκαστον
362 2511 401 2580 είς
414 2504 468 2570 τὸν
478 2504 563 2570 οἷκον
574 2503 669 2569 αὑτοῦ
680 2503 758 2569 κατά
791 2509 817 2550 ¹³
830 2508 881 2570 καί
892 2506 1019 2592 ἐξῆλθον
1037 2513 1069 2573 ἐκ
1087 2520 1138 2593 τῆς
1153 2511 1346 2610 παρεμβολῆς
1359 2514 1401 2583 είς

150 2589 205 2654 τὸν
219 2585 318 2670 νόμον.
346 2591 375 2631 55
388 2591 440 2653 καί
453 2587 565 2681 ἀπῆρεν
578 2585 595 2670 ή
609 2594 759 2692 παρεμβο-
789 2588 933 2672 πόλεμον,
948 2595 998 2656 καί
1011 2589 1172 2657 ἐσάλπισαν
1189 2593 1219 2654 οί
1230 2587 1303 2672 μετά
1321 2591 1397 2653 Ιοό·

151 2671 198 2757 λῆ,
212 2677 262 2737 καί
280 2673 462 2757 παρενέβαλε
481 2672 560 2737 κατά
573 2669 679 2737 Νότον
696 2680 758 2754 Εμ-
789 2676 838 2740 δα.
864 2674 893 2714 ¹⁴
906 2676 957 2738 καί
979 2681 1131 2760 συνῆψαν,
1152 2676 1203 2740 καί
1223 2677 1398 2759 συνετρίβη-

150 2753 258 2838 μασύμ.
286 2757 316 2799 55
331 2757 383 2819 καί
395 2755 474 2820 εἶπεν
484 2752 611 2829 Ἰούδας.
634 2754 758 2841 περιζοί-
791 2784 847 2822 σαν
859 2757 898 2821 τά
912 2761 996 2842 ἔθνη,
1007 2761 1060 2823 καί
1071 2764 1180 2839 ἔφυγον
1190 2763 1228 2834 είς
1240 2757 1276 2823 τὸ
1286 2758 1397 2823 πεδίον.

152 2850 257 2911 σασθε,
271 2839 322 2902 καί
334 2845 452 2915 γίνεσθε
462 2845 500 2915 είς
510 2835 593 2912 υίούς
605 2839 758 2914 δυνατούς,
789 2844 816 2884 55
831 2845 860 2905 σί
871 2841 903 2905 δέ
914 2846 1036 2926 ἔσχατοι
1046 2838 1154 2918 πάντες
1163 2845 1269 2908 ἔπεσον
1281 2846 1314 2907 ἐν
1328 2845 1401 2925 ῥομ-

150 2925 202 2988 καί
223 2928 341 3001 γίνεσθε
365 2927 480 3005 ἕτοιμοι
504 2927 543 2996 εἰς
560 2923 683 3008 τοπρωῒ
701 2927 758 2987 τοῦ
789 2929 876 3007 (γαίη,
891 2930 942 2990 καί
955 2927 1077 3003 ἐδίωξαν
1093 2924 1204 2998 αύτούς
1223 2928 1281 2998 ἕως
1293 2929 1403 3008 Γαξη·

149 3007 316 3090 πολεμῆσαι
330 3009 363 3071 ἐν
375 3010 547 3081 τοῖςέθνεσι
560 3004 682 3082 τούτοις
694 3017 758 3081 τοῖς
789 3008 850 3093 ρων
867 3011 920 3074 καί
942 3014 997 3084 ἕως
1018 3010 1078 3073 τοῖν
1095 3007 1203 3070 πεδίων
1223 3010 1278 3087 τῆς
1297 3003 1402 3070 Ἰδου-

150 3092 386 3170 ἒπισυνηγμένοις
405 3090 449 3171 ἐφ’
469 3089 547 3173 ῆμάς
567 3091 669 3174 ἐξᾶραι
682 3088 758 3176 ῆμᾶς
788 3097 879 3174 μαίας
902 3094 953 3157 καί
965 3088 1093 3168 Ἀζώτου
1111 3089 1163 3152 καί
1172 3085 1315 3169 Ἰαμνίας,
1343 3094 1403 3156 καί

149 3170 252 3235 καίτίι
265 3169 338 3249 δίγια
351 3169 446 3253 ήμῶν.
472 3176 503 3216 59
517 3170 564 3236 ότι
577 3186 713 3256 κρεῖσσον
725 3171 756 3256 ῆ
789 3180 893 3239 ἔπεσον
914 3176 945 3248 ἐξ
966 3173 1069 3237 αὐτῶν
1086 3175 1124 3245 είς
1149 3167 1264 3254 ἄνδρας
1287 3197 1402 3258 τριςχι-

147 3259 206 3336 μᾶς
219 3252 387 3318 ἀποθανεῖν
400 3256 430 3317 ἐν
442 3259 489 3337 τῷ
501 3255 635 3338 πολέμῳ,
660 3255 758 3341 ῆέπι-
790 3259 879 3333 λίους.
904 3257 933 3299 55
943 3258 993 3319 καί
1012 3258 1189 3337 ἐπέστρεψεν
1204 3250 1329 3330 Ἰούδας
1349 3259 1402 3322 καί

149 3337 209 3401 δεῖν
220 3339 269 3402 ἐπί
283 3335 322 3401 τά
336 3336 416 3402 κακά
425 3343 481 3404 τού
491 3343 600 3423 ἔθνους
614 3337 696 3424 ῆμοίν
706 3342 758 3405 καί
790 3340 807 3426 ῆ
829 3339 946 3422 δύναμις
965 3336 1027 3401 άπὸ
1050 3342 1105 3401 τοῦ
1129 3333 1244 3400 διώκειν
1265 3335 1402 3406 ὄπισθεν

148 3425 211 3485 τῶν
223 3419 325 3499 άγίων.
352 3422 385 3464 50
399 3420 440 3497 ὡς
458 3421 486 3487 δ’
507 3420 545 3489 άν
560 3423 579 3515 β
593 3425 713 3509 θέλημα
727 3429 758 3490 ἐν
789 3425 899 3502 αὐτῶν,
926 3423 952 3464 55
967 3421 1019 3486 καί
1040 3417 1101 3484 εἶπε
1125 3420 1205 3507 πρὸς
1231 3417 1288 3487 τὸν
1313 3422 1396 3488 λαόν.

149 3502 280 3590 οὐρανῷ,
299 3501 380 3571 ούτω
392 3502 514 3588 ποιήσει.
787 3508 827 3592 μῆ
842 3506 1044 3591 ἐπιθυμήσητε
1056 3509 1118 3570 τῶν
1132 3503 1261 3581 σκύλων,
1275 3503 1324 3571 ότι
1337 3509 1396 3572 πό-

338 3594 370 3650 Κ
383 3596 413 3650 Ε
427 3596 464 3652 (ί).
508 3587 558 3655 A'.
788 3593 872 3672 λεμος
894 3592 1057 3667 ἐξεναντίας
1079 3587 1170 3674 ήμῶν,
1195 3591 1225 3633 55
1236 3592 1291 3653 καί
1310 3595 1396 3671 Γορ-

147 3638 232 3733 Kal
252 3670 403 3756 παρέλαβε
420 3678 555 3752 Γοργίας
574 3701 756 3758 πεντακιςχι-
787 3679 853 3751 γίας
871 3678 922 3738 καί
941 3673 960 3756 ῆ
979 3669 1101 3755 δύναμις
1119 3675 1149 3735 ἐν
1166 3676 1212 3755 τῷ
1231 3671 1293 3758 ίίρει
1313 3676 1401 3751 ἐγγύς

148 3752 231 3825 λίους
249 3750 357 3837 ἄνδρας
375 3758 426 3819 καί
442 3757 540 3839 χιλίαν
558 3764 654 3824 ’ίππον
672 3759 747 3823 ἐκλε·
788 3756 881 3839 ήμῶν.
908 3757 988 3821 άλλά
1008 3761 1094 3841 στῆτε
1114 3759 1168 3820 νῦν
1186 3759 1319 3821 ἐναντίον
1337 3761 1399 3820 τῶν

147 3834 228 3935 κτήνη
242 3840 293 3899 καὶ
305 3835 447 3923 ἅπῆρενή
458 3842 628 3926 παρεμβολή
639 3842 754 3916 νυκτὸς,
788 3844 907 3924 ἐχθροῖν
916 3838 1012 3922 ῆμῶν,
1024 3841 1074 3903 καί
1082 3833 1266 3922 πολεμήσατε
1276 3837 1400 3916 αύτούς,

146 3912 247 3988 2ω’ςτε
260 3907 413 4004 ἐπιβαλεῖν
431 3924 482 3987 ἐπί
499 3924 554 4007 τήν
566 3925 755 4028 παρεμβολήν
787 3925 839 3987 καί
851 3923 926 4004 μετά
940 3927 1040 3987 ταῦτα
1058 3918 1167 4005 λήψετε
1184 3922 1224 3985 τά
1238 3922 1337 3986 σκῦλα
1349 3948 1401 4004 με-

145 4000 207 4060 τοῖν
221 3996 389 4078 Ἰουδαίων,
413 4008 464 4069 καί
485 4005 619 4083 πατάξαι
643 4007 755 4083 αύτούς
787 4003 826 4071 τά
838 4007 1017 4089 παβρησίας.
1047 4007 1076 4048 ¹⁹
1089 4009 1132 4069 ἔτι
1145 4004 1308 4079 λαλοῦντος
1319 4003 1400 4072 Ἰού-

145 4077 242 4158 άφνω,
256 4084 306 4144 καί
320 4088 350 4147 οἱ
365 4089 425 4150 υίοί
437 4093 490 4170 τῆς
499 4089 594 4174 άκρας
607 4082 684 4173 ῆσαν
697 4090 752 4155 αύ-
786 4091 825 4155 δα
842 4092 958 4163 ταῦτα,
984 4087 1079 4172 α’ίφθη
1097 4091 1186 4174 μέρος
1202 4111 1229 4150 τι
1249 4083 1402 4154 ἐκκύπτσν

144 4166 191 4245 τῷ
203 4161 314 4246 ὁδηγοί.
342 4168 420 4232 5καί
432 4169 554 4251 ῆκουσεν
564 4170 690 4248 Ἰούδας,
701 4177 753 4238 καί
785 4179 817 4238 ἐκ
827 4176 884 4237 τού
897 4169 995 4258 όρους.
1021 4175 1052 4215 ²⁰
1066 4174 1117 4236 καί
1133 4171 1205 4236 εἶδεν
1225 4164 1274 4234 ότι
1293 4169 1400 4256 τετρό-

143 4243 258 4395 άπῆρεν
272 4246 364 4323 αὐτὸς
376 4253 428 4314 καί
442 4257 472 4315 οί
485 4255 606 4320 δυνατοί
617 4254 751 4332 πατάξαι
785 4281 917 4333 πωνται,
944 4258 996 4321 καί
1008 4259 1196 4339 ἐμπυρίζοοσι
1213 4251 1268 4340 τῆν
1280 4280 1398 4337 παρεμ-

141 4352 196 4410 την
229 4328 331 4414 ύναμιν
344 4337 401 4398 τοῦ
411 4335 559 4419 βασιλέως
571 4338 625 4420 τῆν
638 4343 670 4402 ἐν
680 4338 749 4420 Ἐμ-
782 4339 892 4426 βολήν,
917 4336 935 4405 ὁ
960 4340 1020 4425 γάρ
1047 4339 1164 4413 καπνὸς
1188 4333 1399 4419 θεωρούμενος

139 4415 253 4497 μαούμ,
279 4416 365 4493 4ἕως
382 4421 425 4482 ἔτι
443 4423 477 4482 αἱ
496 4418 628 4499 δυνάμεις
646 4424 749 4506 ἐσκορ-
783 4420 929 4503 ἐνεφάνιζε
947 4422 984 4488 τὸ
1002 4419 1132 4501 γεγονός.
1157 4424 1184 4464 ²¹
1198 4427 1229 4487 οί
1247 4421 1280 4486 δὲ
1296 4426 1401 4488 ταῦτα

138 4501 280 4579 πισμίναι
298 4488 376 4586 ῆσαν
393 4500 456 4569 ἀπὸ
479 4507 533 4588 τῆς
550 4507 746 4595 παρεμβολῆς.
783 4502 946 4584 συνιδόντες
955 4501 1160 4590 ἐδειλάθησαν
1169 4500 1316 4654 σφόδρα.δ
1315 4531 1401 4611 εχυνι-

1316 4614 1401 4670 οντες
