2924 4972
393 255 620 316 ΙΗΣΟΥΣ
658 256 736 332 Κεφ.
751 245 808 316 ια’.
821 246 1010 338 κβ’.21.29.
1261 250 1324 317 237

78 361 273 445 φονεύσαντος
295 368 348 431 καί
370 364 425 448 τήν
443 364 574 469 Ῥαμὰθ
594 370 624 431 ἐν
645 370 685 461 τῇ
717 364 829 444 ταύτας
846 367 901 443 τὰς
920 363 1028 453 ἡμέρας
1046 366 1172 442 πλείους.
1198 372 1253 443 ἕως
1271 371 1324 451 τῆς

77 448 215 525 Γαλαὰδ,
240 451 292 514 καί
316 447 356 513 τὰ
377 474 558 553 περισπσρια
582 447 683 531 αὐτῆς.
717 446 840 554 σήμερον
858 446 968 537 ἡμέρας
985 447 1153 531 ἐφυλάξατε
1169 448 1223 534 τήν
1240 452 1324 516 έντσ-

77 529 130 614 τήν
142 536 256 614 Καμίυ,
273 533 325 598 καί
337 531 376 596 τὰ
388 557 569 619 περισπορια
583 532 682 617 αὐτῆς
715 533 769 617 λην
787 542 891 622 κυρίου
908 538 964 601 τοῦ
983 538 1060 600 θεοῦ
1076 530 1169 616 ὑμῶν.
1197 532 1213 574 ⁴
1228 537 1279 598 νῦν
1290 532 1324 597 δὰ

79 617 107 656 ³⁰
121 618 171 679 καί
182 615 236 700 τήν
246 613 372 700 Ἐσβῶν,
385 616 437 681 καὶ
451 614 490 681 τὰ
502 614 684 703 περισπάρια
716 622 882 683 κατέπαυσε
900 614 1004 704 κύριος
1025 614 1043 683 ὁ
1061 616 1133 691 θεὰς
1153 612 1236 699 ήμῶν
1253 615 1323 693 τοὺς

79 697 179 782 αὐτῆς.
218 701 270 763 καί
281 696 336 782 τήν
346 695 460 785 Ἰαζήρ,
485 698 588 766 καὶτὰ
601 726 685 786 περι·
717 696 971 783 ὰδιλφοὰςήμῶν,
996 697 1032 765 ὃν
1047 696 1163 785 τρόπον
1175 696 1254 764 εἶπεν
1266 695 1324 764 αύ-

78 777 187 866 σπάρτα
199 781 300 866 αύτής,
313 787 407 848 πᾶσαι
421 788 455 848 αἱ
466 781 566 860 πόλεις
577 788 684 851 τέσσα-
717 793 788 858 τοῖς.
814 788 864 849 νῦν
883 772 935 849 σὰν
953 782 1193 891 άποστραφέντες
1226 780 1323 848 ὰπελ·

76 891 130 949 ρες.
170 865 310 931 40παῖσαι
335 871 369 930 αἱ
393 863 493 942 πόλεις
519 880 582 942 τοῖς
608 872 683 943 υίσῖς
715 871 845 940 θατεεῖς
859 865 929 944 τοὰς
942 868 1040 940 οἴκους
1053 872 1142 970 υμῶν,
1155 862 1322 948 καίείςτήν

77 951 200 1034 Μεραρί
217 946 295 1014 κατὰ
312 948 422 1033 δήμους
439 948 540 1016 αὐτῶν
553 956 614 1017 τῶν
627 978 682 1016 κα-
714 953 771 1032 μήν
784 954 838 1030 τής
850 953 1050 1033 καταοχίσεως
1063 954 1147 1033 υμῶν
1159 946 1196 1033 ἢν
1215 952 1321 1015 ἔδωκεν

76 1031 304 1114 ταλελειμμένων
335 1032 399 1097 ὰπὸ
427 1039 479 1117 τής
510 1034 603 1118 φυλής
630 1039 683 1117 τῆς
717 1030 782 1114 ὑμῖν
795 1035 932 1133 Μωυσής
949 1036 979 1094 έν
996 1036 1040 1114 τῷ
1057 1035 1153 1115 πέραν
1171 1038 1226 1099 του”
1241 1032 1321 1119 Ἰσρ-

76 1120 160 1179 Λευί.
188 1118 239 1180 καί
257 1113 383 1199 ἐγενήθη
399 1117 438 1183 τὰ
456 1116 525 1201 ὅρια
538 1122 572 1181 αῖ
583 1114 684 1191 πόλεις
716 1116 817 1181 δάνον.
855 1115 870 1157 ⁵
897 1112 977 1178 αλλὰ
1002 1110 1176 1194 φυλάξασθε
1202 1112 1322 1219 σφόδρα

75 1196 209 1264 δεκαδύο.
235 1200 377 1264 41πᾶσαν
395 1195 496 1274 πόλεις
514 1204 575 1264 τῶν
592 1205 685 1263 Λευι-
715 1210 813 1263 ποιεῖν
826 1192 881 1271 τὰς
894 1190 1017 1269 ἐντολὰς
1038 1200 1089 1261 καί
1102 1194 1154 1261 τὸν
1167 1193 1264 1279 νόμον,
1289 1222 1323 1263 σν

76 1286 137 1344 τῶν
150 1285 269 1364 ἐνμέσῳ
283 1284 485 1364 κατασχέσεως
505 1286 578 1345 υίῶν
586 1279 686 1365 Ἰσρα-
717 1280 880 1347 ἐνετείλατο
894 1276 962 1362 ἡμῖν
971 1290 1065 1343 ποιεῖν
1073 1282 1209 1361 Μωυσῆς
1222 1277 1240 1345 ὁ
1252 1291 1324 1355 παῖς

76 1361 125 1445 ήλ,
138 1364 441 1447 τεσσαρακονταοκτῶ
454 1362 564 1440 πόλεις,
583 1368 634 1429 καί
646 1362 685 1429 τὰ
716 1361 964 1450 κυρίου,άναπᾷν
973 1358 1074 1446 κύριον
1083 1359 1139 1427 τὸν
1149 1359 1221 1426 θεὰν
1234 1357 1324 1464 ήμῶν,

77 1441 257 1531 περισπὸρια
270 1443 372 1514 αὐτῶν
387 1442 486 1530 κύκλῳ
499 1452 559 1512 τῶν
570 1443 685 1513 πόλεων
715 1474 741 1512 π
777 1443 896 1513 εύεσθαι
913 1440 1024 1522 πάσαις
1042 1456 1109 1521 ταῖς
1121 1442 1203 1520 ὁδοῖς
1215 1448 1322 1523 αυτοῦ,

77 1523 208 1602 τούτων,
242 1528 275 1570 ⁴²
286 1523 373 1603 πόλις
385 1532 436 1594 καί
448 1527 486 1595 τὰ
499 1528 629 1614 περισπό
649 1558 681 1596 ια
714 1473 910 1611 φύλάξασθαι
930 1527 984 1606 τὰς
1001 1529 1125 1604 ἐντολὰς
1141 1526 1245 1604 αὐτοῦ,
1270 1530 1322 1595 καί

77 1609 179 1694 κύκλῳ
193 1614 243 1695 τής
255 1607 369 1687 πόλεως
387 1607 498 1689 πάσαις
514 1625 580 1689 ταῖς
591 1558 681 1681 πόλε-
712 1624 906 1699 πρσςκεῖσθαι
919 1610 1013 1695 αὐτῶ,
1037 1613 1090 1679 καί
1102 1608 1251 1697 λατρεύειν
1264 1609 1319 1677 αιἰ-

79 1721 108 1758 σι
132 1693 262 1771 ταύταις.
298 1698 349 1760 καί
370 1698 549 1763 συνετελεσεν
567 1696 680 1781 Ἰησοῦς
712 1694 947 1780 τῶίξὸληςτής
960 1697 1093 1772 διανοίας
1107 1691 1198 1778 ὑμῶν,
1223 1696 1319 1773 καίίξ

75 1779 244 1863 διαμερίσας
256 1775 310 1863 τήν
325 1784 380 1862 χήν
393 1783 425 1845 ἐν
441 1793 504 1856 τοῖς
517 1777 609 1866 ὁρίοις
622 1779 679 1847 αύ-
713 1764 784 1866 ὁλης
796 1786 849 1864 τῆς
860 1784 956 1865 ψυχῆς
977 1776 1065 1862 ὰμῶν.
1104 1780 1120 1821 ⁶
1133 1782 1184 1844 καί
1195 1775 1322 1864 εύλὸγη.

74 1866 142 1925 τῶν.
166 1864 217 1926 καί
233 1863 348 1928 ι’δωκαν
364 1866 395 1929 οἱ
412 1866 474 1929 υἱοὶ
490 1863 611 1952 Ἰσραήλ
626 1891 679 1948 με-
712 1891 760 1931 σεν
773 1863 887 1940 αύτούς
897 1862 1026 1947 Ἰησοῦς,
1053 1863 1106 1928 καί
1119 1862 1320 1941 ἐξαπέστειλεν

74 1946 143 2029 ρίδα
157 1950 200 2029 τῳ
211 1943 306 2029 Ἰησοῖ
316 1942 366 2010 διὰ
376 1942 551 2032 πρόςταγμα
564 1955 677 2034 κυρίου.
711 1943 831 2024 αὐτούς.
851 1951 903 2013 καί
915 1946 1125 2031 ἐπορεύθησαν
1138 1952 1176 2022 εἷς
1189 1944 1260 2021 τούς
1271 1948 1318 2012 σί-

74 2030 189 2093 ὲδωκαν
202 2028 288 2114 αύτῷ
302 2029 356 2113 τήν
373 2029 474 2108 πόλιν,
487 2029 523 2116 ἣν
534 2027 677 2124 η’τήσατσ.
711 2058 781 2107 κους
798 2030 907 2096 αὐτῶν.
947 2032 1024 2096 7καί
1043 2036 1089 2114 τῷ
1106 2027 1200 2113 ἡμίσει
1225 2031 1318 2114 φυλῆς

74 2109 129 2195 τήν
147 2113 348 2198 Θαμνασαχὰρ
365 2115 479 2179 ίδωκαν
492 2113 577 2200 αιἰτῶ
589 2118 620 2180 έν
633 2120 678 2198 τῷ
711 2120 870 2197 Μανασσῆ
889 2115 978 2179 έδωκε
996 2119 1135 2197 Μωυσῆς
1152 2117 1183 2179 έν
1196 2117 1234 2204 τῇ
1247 2119 1318 2179 Βα-

73 2195 132 2274 ύρει
143 2193 281 2279 Ἐφραίμ.
302 2199 353 2260 καί
364 2181 679 2280 ᾠκοδόμησενλέησοῦς
712 2198 844 2268 σανίτιδι,
857 2201 908 2261 καί
921 2199 965 2278 τῷ
980 2194 1074 2281 ἡμίσει
1086 2199 1192 2261 ἔδωκεν
1201 2195 1319 2277 Ἰησοῦς

73 2278 127 2362 τήν
146 2278 246 2356 πόλιν,
271 2281 324 2344 καί
341 2279 452 2363 ῶκησεν
471 2284 502 2345 ἐν
514 2280 601 2381 αὰτηή.
629 2288 678 2346 καί
711 2274 784 2362 μετὰ
797 2284 858 2342 τῶν
870 2278 1004 2361 ἀδελφῶν
1017 2277 1113 2344 αὐτοῦ
1125 2282 1156 2345 έν
1168 2283 1212 2362 τῷ
1224 2276 1319 2364 πέραν

73 2364 177 2447 ἐλαβεν
192 2360 306 2446 Ἰησοῦς
323 2346 378 2437 τὰς
395 2370 542 2449 μαχαίρας
559 2390 614 2438 τας
625 2388 679 2427 πε-
712 2365 767 2426 τσύ
782 2359 936 2444 Ἰορδάνου
959 2360 1045 2446 παρὰ
1071 2359 1241 2428 θάλασσαν.
1267 2363 1318 2426 καί

73 2452 185 2526 τρίνας,
211 2447 242 2509 ἐν
267 2446 314 2518 αίς
330 2450 478 2528 περιέτεμε
503 2446 572 2520 τοὺς
597 2445 680 2518 υίσὰς
716 2441 799 2526 ήνίκα
813 2444 1011 2519 ἐξαπέστειλεν
1026 2442 1136 2516 αύτούς
1152 2443 1267 2524 Ἰησοῦς
1280 2449 1319 2518 είς

69 2522 196 2626 Ἰσραήλ
209 2523 279 2600 τούς
297 2531 466 2605 γενομένους
479 2531 510 2591 ἓν
523 2531 560 2616 τῇ
574 2523 637 2608 ὁδῶ
651 2531 681 2591 ἐν
714 2524 784 2599 τοὺς
797 2528 897 2598 οἴκους
911 2523 1012 2588 αὐτῶν
1032 2526 1084 2587 καί
1097 2521 1249 2607 εὐλόγησεν
1263 2523 1318 2589 αὰ-

72 2614 112 2700 τῇ
122 2614 239 2690 ἐρημω,
264 2610 318 2672 καὶ
335 2611 440 2691 έθηκεν
458 2607 553 2683 αὐτὰς
570 2610 600 2673 ἐν
617 2610 680 2674 Θα-
714 2607 793 2682 τοὺς,
807 2609 822 2649 ⁸
835 2608 887 2672 καί
900 2610 930 2671 ἐν
942 2602 1070 2691 χρήμασι
1083 2606 1207 2680 πολλοῖς
1220 2604 1318 2687 ἀπήλ-

70 2675 239 2795 μνασαχάρ.
274 2691 306 2732 ⁴³
319 2694 371 2755 καί
394 2693 484 2757 ἔδωκε
509 2687 610 2778 κύριος
635 2697 679 2776 τῷ
712 2703 813 2757 θοσαν
838 2695 878 2766 είς
901 2693 973 2766 τούς
996 2691 1096 2765 οἴκους
1121 2686 1228 2753 αὐτῶν.
1268 2690 1318 2755 καί

77 2772 191 2859 Ισραήλ
202 2780 302 2839 πᾶσαν
314 2774 368 2858 τήν
377 2781 434 2860 χήν
447 2772 482 2859 ἣν
495 2774 593 2858 σίμοσε
605 2777 678 2841 δοῠ-
712 2770 803 2861 κτήνη
821 2771 921 2840 πολλὰ
940 2769 1073 2860 σφόδρα,
1100 2774 1151 2838 καί
1169 2771 1318 2860 ἀργύριον,

72 2883 118 2921 ναι
137 2870 199 2933 τοῖς
216 2855 365 2943 πατράσιν
382 2859 499 2935 αὐτῶν,
523 2861 575 2925 καί
591 2886 677 2924 κατε·
710 2863 761 2923 καί
773 2864 910 2945 χρυσίον,
924 2861 975 2923 καί
990 2859 1124 2943 σίδηρον,
1145 2861 1197 2922 καὶ
1216 2862 1316 2942 ἱματι-

72 2938 411 3029 κληρονόμησαναὰτήν,
437 2945 488 3007 καί
500 2939 677 3027 κατῴκησαν
711 2942 783 3026 σμὸν
804 2940 900 3008 πολύν
913 2941 1059 3008 διείλοντο
1081 2941 1136 3023 τήν
1162 2939 1316 3044 προνομήν

72 3029 102 3088 ἐν
125 3024 212 3117 αὐτῇ.
239 3026 272 3067 ⁴⁴
287 3027 339 3090 καί
360 3031 541 3093 κατέπαυσεν
563 3024 676 3103 αύτούς
709 3030 771 3091 τῶν
788 3030 907 3113 ἐχθρῶν
924 3024 1000 3109 μετὰ
1024 3028 1086 3088 τῶν
1106 3022 1242 3103 ἀδελφῶν
1260 3051 1317 3088 αυ-

71 3104 169 3191 κύρισς
186 3105 342 3185 κυκλόθεν,
368 3106 480 3175 καθότι
499 3110 595 3195 ῶμοσε
613 3124 675 3186 τοῖς
709 3116 778 3176 τῶν.
805 3112 879 3175 9καί
891 3105 1100 3194 ἐπορεύθησαν
1113 3111 1144 3173 οἱ
1158 3110 1219 3172 υἱοὶ
1227 3106 1315 3174 Ῥου-

70 3189 217 3275 πατράσιν
230 3191 337 3258 αὐτῶν.
363 3193 418 3259 ούκ
432 3192 558 3277 ἀντέστη
573 3193 675 3270 οὐθεὶς
707 3195 773 3280 βήν,
799 3195 851 3258 καί
870 3198 901 3258 οδ
917 3197 977 3259 υίοί
994 3194 1078 3266 Γὰδ,
1104 3194 1154 3257 καὶ
1173 3190 1207 3256 τὸ
1227 3188 1314 3275 ήμισυ

70 3272 253 3341 κατενώπιον
272 3274 373 3342 αὐτῶν
390 3275 453 3340 ἀπὸ
472 3271 595 3342 πάντων
612 3283 674 3344 τῶν
709 3279 803 3359 φυλῆς
817 3281 973 3360 Μανασσή
986 3275 1049 3339 ὰπὸ
1059 3279 1119 3338 τῶν
1133 3279 1204 3338 υἱῶν
1213 3272 1315 3356 Ἰσρα-

69 3363 186 3440 ἐχθρῶν
200 3356 310 3421 αὐτῶν.
338 3354 453 3432 πάντας
463 3359 535 3433 τούς
547 3360 675 3443 ἐχθρούς
709 3360 746 3440 ήλ
760 3358 892 3439 ε’νΣηλώ
911 3363 943 3422 ἒν
962 3363 999 3448 γῇ
1021 3352 1152 3420 Χαναὰν
1173 3355 1316 3422 άπελθεῖν

70 3439 174 3502 αὐτῶν
192 3442 363 3520 παρέδωκεν
380 3436 481 3523 κύριος
500 3447 539 3515 εἰς
552 3439 605 3515 τὰς
617 3454 675 3525 χεῖ·
709 3447 747 3515 εἷς
766 3441 820 3522 τήν
839 3439 969 3504 Γαλαὰδ
986 3443 1024 3512 είς
1040 3444 1095 3521 μήν
1113 3441 1315 3522 κατασχέσεως

69 3547 125 3603 ρας
143 3517 252 3585 αὐτῶν.
278 3520 309 3562 ⁴⁵
321 3518 357 3584 οὐ
374 3523 501 3586 διέπεσεν
518 3520 580 3588 άπὸ
598 3520 676 3587 πάν-
710 3522 821 3597 αύτῶν,
847 3517 883 3603 ἣν
901 3518 1137 3606 ε’κληρονόμησαν
1160 3517 1255 3603 αὐτήν
1268 3519 1316 3586 διὰ

68 3629 129 3668 των
142 3609 203 3668 τῶν
215 3597 354 3689 ῥημάτων
364 3608 422 3667 τῶν
432 3605 540 3678 καλῶν,
552 3597 595 3668 ῶν
607 3602 677 3669 ἐλά·
709 3606 935 3691 προςτάγματσς
954 3610 1059 3688 κυρίου
1077 3607 1109 3667 ἐν
1125 3605 1196 3704 χειρί
1216 3611 1316 3669 Μωυ-

69 3690 138 3771 λησε
151 3684 252 3774 κύριος
265 3698 328 3761 τοῖς
341 3690 417 3762 υἱοῖς
424 3684 547 3769 Ἰσραήλ
550 3735 560 3762 ,
578 3684 677 3750 πάντα
712 3695 757 3769 σή.
771 3691 856 3752 10καί
868 3677 964 3770 ήλθον
977 3693 1016 3761 εἰς
1029 3686 1161 3752 Γαλαὰδ
1173 3691 1226 3751 τοῦ
1237 3683 1315 3773 Ἰορ-

68 3774 255 3856 παρενένετο.
712 3767 813 3844 δάνου,
839 3767 859 3852 ἥ
886 3774 963 3836 ε’στιν
987 3775 1018 3836 ἐν
1039 3775 1078 3861 γῇ
1100 3765 1237 3835 Χαναὰν.
1264 3775 1314 3838 καί

248 3860 283 3919 K
294 3862 323 3918 Ε
335 3859 373 3918 Φ.
416 3849 500 3920 KB'.
712 3848 948 3936 ᾠκοδόμησανοῖ
961 3850 1150 3938 υίοίῬουβήν
1163 3857 1254 3921 καὶοί
1267 3860 1313 3921 υί-

78 3905 171 4003 Τότε
186 3934 372 4003 συνεκάλεσεν
383 3937 498 4022 Ἰησοῦς
510 3936 580 4013 τούς
593 3936 676 4014 υἱούς
711 3941 741 4003 οὶ
753 3934 824 4002 Γὰδ
834 3936 885 3999 καί
898 3935 934 4001 τὸ
948 3933 1036 4019 ήμισυ
1055 3937 1147 4019 φυλής
1160 3947 1314 4024 Μανασσῆ

65 4018 210 4108 Ῥουβήν,
229 4019 363 4095 καὶτοὺς
377 4023 458 4096 υἱούς
471 4019 556 4097 Γὰδ,
576 4025 626 4085 καί
639 4021 675 4087 τὰ
710 4026 769 4087 ἐκεῖ
784 4019 885 4107 βωμὸν
904 4021 953 4084 ἐπί
972 4025 1026 4085 τοῦ
1041 4016 1195 4103 Ἰορδάνου
1214 4021 1314 4110 βωμὸν

71 4103 158 4187 ίήμισυ
175 4104 269 4186 φυλής
292 4109 464 4188 Μανασσή,
493 4108 508 4147 ²
526 4107 577 4170 καί
597 4103 675 4171 εἶπεν
707 4109 799 4187 μέγαν
813 4109 867 4169 τοῦ
880 4105 956 4168 ἰδεῖν.
983 4108 1007 4146 ¹¹
1018 4107 1069 4170 καί
1083 4104 1212 4186 ήκουσαν
1224 4113 1255 4171 σί
1268 4111 1313 4170 υί-

71 4186 182 4261 αὰτοῖς.
211 4185 290 4270 ύμεῖς
315 4184 462 4269 άκηκὸατε
486 4183 588 4253 πάντα
615 4184 674 4254 ὁσα
708 4190 739 4253 οὶ
748 4187 871 4274 Ἰσραήλ
884 4182 1037 4266 λεγόντων.
1080 4187 1145 4255 ἰδού
1160 4186 1312 4273 ᾠκοδομή-

71 4270 229 4335 ἐνετείλατο
244 4267 309 4351 ύμῖν
322 4275 459 4354 Μωυσής
476 4268 493 4335 ὁ
507 4281 579 4345 παῖς
594 4278 675 4355 κυρί-
709 4297 792 4336 κασιν
805 4277 836 4336 σί
849 4275 908 4337 υἱοί
922 4269 1049 4358 Ῥουβὴν
1065 4276 1116 4338 καί
1129 4280 1159 4337 οἶ
1174 4275 1233 4336 υἱοί
1245 4273 1314 4336 Γὰδ

73 4375 125 4426 ου,
149 4356 199 4417 καί
217 4349 406 4432 ὑπηκούσατε
431 4357 484 4436 τής
502 4359 602 4435 φωνής
618 4381 675 4435 μου
710 4358 761 4418 καί
779 4355 815 4419 τὰ
833 4352 921 4438 ἥμισυ
939 4358 1032 4439 φυλής
1051 4357 1204 4433 Μανασσῆ
1215 4350 1313 4437 βωμὸν

69 4434 147 4499 κατὰ
156 4431 257 4500 πάντα
269 4432 328 4500 ὅσα
339 4437 499 4501 ἐνετείλατο
513 4432 587 4516 ὑμῖν.
602 4437 676 4500 3σδκ
710 4435 754 4517 ἐφ’
775 4433 866 4522 ὁρίων
883 4444 936 4519 γῆς
957 4434 1089 4500 Χαναὰν
1109 4436 1159 4496 ε’πὶ
1176 4440 1229 4496 τοῦ
1247 4439 1313 4495 Γα-

67 4519 336 4594 ἰνκαταλελοίπατε
349 4518 420 4594 τοὺς
434 4517 580 4598 ἀδελφοὺς
595 4516 677 4585 ὑμῶν
710 4518 789 4586 λαὰδ
800 4524 856 4585 τοῦ
865 4514 1020 4603 Ἰορδάνου
1033 4519 1064 4578 έν
1076 4518 1120 4595 τῷ
1132 4516 1313 4653 πέραμῐυίῶν

1242 4615 1315 4671 ορα-
