2924 4972
297 204 376 265 ΠΛ
390 205 419 264 P
433 204 457 265 0
472 205 493 263 l
501 205 542 265 M
556 198 623 263 lA
634 204 655 262 1
692 203 769 278 Κεφ.
785 195 836 283 ιβ’.
851 195 898 277 ιγ’.
914 196 963 264 ιδ’.
981 199 1029 266 12.
1046 201 1094 268 13.
1112 197 1160 269 14.
1291 198 1355 272 647

108 416 211 476 αὐτῶν
229 411 350 484 δίκαιος.
378 406 531 492 ὁβλέπων
548 406 613 470 λεῖα
632 403 712 488 ἕλκη·
747 425 814 476 τος,
839 402 959 484 πτωχὸς
975 402 1007 466 δὲ
1020 401 1074 487 οὐχ
1093 408 1256 484 υφίσταται
1269 403 1356 469 ἀπει·

107 489 246 574 θήσεται,
261 491 278 556 ὁ
292 492 322 556 δι’
337 494 489 556 συναντῶν
501 492 532 553 ἕν
542 484 651 561 πύλαις
664 489 713 550 ἐκ·
748 483 813 587 λήν.
840 485 933 564 2φῶς
948 486 1071 562 δικαίοις
1089 484 1265 563 διαπαντός,
1292 492 1356 567 φῶς

109 576 212 660 θλίφει
225 573 331 658 ψυχάς.
347 570 444 638 22ἀπὸ
458 575 584 657 καρπῶν
597 566 713 651 στόμα·
749 567 782 631 δε
808 565 924 652 ἀσεβῶν
950 571 1109 653 σβέννυται.
1148 572 1240 652 ψυχαί
1257 567 1355 635 δόλιαι

107 684 157 733 τος
183 657 264 743 ψυχή
289 655 395 738 ἀνδρὸς
412 650 618 738 πλησθ’σεται
636 651 713 729 ἀγα·
749 648 924 714 πλανῶνται
948 652 978 713 έν
999 649 1171 735 ἁμαρτίαις,
1196 653 1305 717 δίκαιοι
1324 654 1356 719 δά

107 746 189 815 θῶν,
215 735 411 821 ἀνταπόδομα
429 739 462 803 δὲ
481 683 599 822 χειλέων
617 733 713 800 αὐτοῦ
749 736 926 816 οἱκτείρουσι
938 733 989 796 καὶ
1001 733 1124 801 ἐλεοῦσι.
1147 739 1176 779 ¹⁰
1188 733 1351 817 κακὸςμεθ’

107 822 269 906 δοθήσεται
282 821 375 905 αὐτῷ.
392 817 494 887 15ὁδοί
506 815 646 904 ἀφρόνων
659 815 713 902 ὀρ-
749 810 860 899 ὕβρεως
876 811 1004 899 πράσσει
1021 815 1114 894 κακά,
1140 823 1172 906 οῖ
1192 817 1224 884 δὲ
1241 820 1356 883 ἑαυτῶν

106 910 164 970 θαί
176 902 302 970 ἐνώπιον
315 904 425 978 αὐτῶν,
443 902 581 979 εἲςακούει
594 900 714 979 δύσιιμ-
750 895 944 978 ἐπιγνώμονες
968 905 1067 978 σοφοί.
1106 903 1131 942 ¹¹
1144 896 1268 987 ὐπαρξις
1289 905 1354 969 ἐπι.

106 987 227 1073 βουλίας
246 984 347 1068 σοφός.
374 987 521 1072 18δίφρων
542 981 714 1068 αὐθημερὸν
750 980 974 1064 σπουδαζομένη
985 980 1060 1065 μετὰ
1076 978 1200 1086 ἀνομίας
1218 980 1355 1050 ἐλάσσων

107 1068 385 1174 ἐξαγγέλλειηόργήν
404 1068 516 1170 αὐτού,
540 1065 661 1167 κρύπτει
682 1064 712 1129 δὲ
750 1070 874 1141 γίνεται,
898 1060 963 1129 ὅδὲ
977 1059 1110 1163 συνάγων
1122 1069 1222 1147 εαυτῶ
1232 1063 1290 1146 μετ’
1306 1064 1356 1131 εὐ-

108 1155 714 1315 ινῑνῑιωνίλνννγιθν;
751 1146 1357 1315 ,τείνλιθίναιθίνςε

109 1313 228 1388 καιος,ό
239 1315 272 1380 δὲ
283 1311 395 1400 μάρτυς
407 1321 470 1381 τῶν
483 1314 592 1381 ἀδίκων
605 1311 712 1389 δόλιος.
750 1335 835 1394 μενος
857 1314 982 1397 βοηθῶν
1001 1313 1110 1395 καρδίη
1135 1317 1191 1376 τοῦ
1211 1312 1357 1390 ίπαγγελ·

108 1400 137 1441 ¹³
151 1399 220 1462 ελσὶν
237 1404 270 1461 οἳ
285 1399 416 1475 λέγοντες
439 1395 638 1484 τιτρώσκουσι
653 1393 713 1480 μά-
751 1393 874 1475 λομένου
892 1397 996 1469 καλεῖς
1014 1393 1267 1472 ἕλπίδαάγοντος.
1293 1398 1357 1462 δέν.

108 1506 222 1565 χαιραι,
249 1482 383 1557 γλῶσσαι
414 1479 447 1546 δὲ
474 1485 577 1562 σοφῶν
602 1484 712 1545 ἰῶνται.
751 1477 824 1562 δρον
836 1475 894 1562 γάρ
907 1482 983 1559 ζωής
997 1482 1140 1542 ἐπιθυιιία
1154 1476 1266 1563 ἀγαθή.
1285 1480 1312 1521 ¹³
1323 1475 1357 1554 ὃς

107 1566 136 1606 ¹⁰
146 1563 223 1646 χειλη
236 1561 365 1645 ἀληθινά
377 1573 531 1650 κατορθοῖ
538 1571 713 1647 μαρτυρίαν,
752 1573 934 1645 καταφρονεῖ
950 1557 1140 1646 πράγματος,
1165 1586 1356 1647 καταφρονη-

108 1647 221 1729 μάρτυς
233 1644 265 1709 δὲ
277 1644 368 1730 ταχύς
380 1647 518 1724 γλῶσσαν
529 1650 585 1730 ἔχει
599 1645 712 1710 ἀδικον.
751 1638 873 1726 θήσεται
892 1641 939 1709 ὐπ’
960 1641 1065 1709 αὐτοῦ.
1092 1639 1110 1708 ό
1129 1640 1161 1708 δὲ
1179 1642 1356 1732 φοβούμενος

108 1733 139 1773 ²⁰
153 1725 242 1802 δόλος
253 1733 284 1793 ἐν
296 1730 404 1812 καρδίᾳ
417 1732 645 1812 τεκταινομένου
657 1753 712 1792 κα·
751 1725 881 1811 ἐντολήν,
891 1717 980 1800 αὐτος
989 1723 1117 1805 ὐγιαίνει.
1130 1730 1186 1810 υίῶ
1197 1728 1288 1812 δολίῳ
1301 1725 1357 1794 οὐ·

108 1809 161 1887 κά,
187 1816 217 1875 σί
228 1809 260 1876 δὲ
276 1811 447 1915 βουλόμενοι
461 1809 574 1897 εἰρήνην
585 1807 711 1894 εὐφραν-
751 1807 800 1873 δὲν
823 1812 906 1874 ἔσται
925 1807 1060 1886 ἀγαθόν,
1083 1815 1184 1905 οἰκέτῃ
1208 1809 1241 1877 δὲ
1266 1815 1356 1894 σοφῷ

108 1889 263 1977 θήσονται.
302 1897 329 1936 ²¹
343 1919 398 1959 ουκ
423 1893 520 1978 ἀρίσει
542 1899 588 1977 τῶ
606 1895 711 1976 δικαίῳ
751 1889 845 1956 εὐοδοι
860 1896 979 1958 ἔσονται
991 1889 1118 1977 πράξεις,
1131 1898 1356 1960 καίνιατευθυν-

109 1977 196 2042 οὐδὲν
214 1976 329 2052 ἀδικον,
355 1983 385 2043 οί
403 1978 434 2043 δὲ
448 1978 556 2064 ἀσεβεῖς
568 1975 711 2060 πλησθή-
750 1970 876 2058 θήσεται
890 1973 908 2060 η
922 1971 990 2051 ὁδὸς
1002 1976 1104 2042 αὐτοῦ.
1118 1975 1242 2060 24νόμος
1254 1982 1354 2058 σοφοῦ

111 2084 211 2124 σονται
224 2065 332 2124 κακῶν.
352 2062 535 2146 22βδελυγμα
548 2065 640 2144 κυρίῳ
653 2066 712 2144 χεί-
750 2055 829 2141 πηγή
847 2061 936 2142 ζωής,
962 2055 981 2124 ὁ
1000 2060 1032 2125 δὲ
1050 2059 1138 2134 ἀνους
1155 2058 1216 2127 ὐπὸ
1227 2061 1356 2138 παγίδος

109 2140 146 2223 λη
163 2144 271 2226 ψευδῆ,
297 2141 315 2206 ὃ
332 2142 364 2208 δὲ
375 2150 472 2208 ποιῶν
489 2150 600 2215 πίστεις
612 2141 713 2214 δεκτὸς
750 2149 896 2205 θανεῖται.
915 2143 942 2184 ¹⁵
950 2138 1056 2218 σύνεσις
1069 2142 1174 2227 ἀγαθή
1184 2144 1287 2209 δίδωσι
1300 2137 1356 2228 χά-

108 2224 177 2309 παρ’
195 2223 286 2306 αὐτῷ.
323 2227 354 2267 22
367 2224 442 2308 ἀνήρ
463 2223 584 2298 συνετὸς
599 2220 712 2308 θρόνος
751 2247 806 2327 ριν,
819 2222 854 2286 τὸ
868 2223 900 2288 δὲ
911 2229 1019 2299 γνῶναι
1032 2221 1121 2306 νόμον
1131 2226 1264 2301 διανοίας
1276 2227 1357 2290 ἐστὶν

109 2308 285 2390 αἰσθήσεως,
296 2307 403 2388 καρδία
416 2306 448 2369 δὲ
457 2301 596 2388 ἀφρόνων
607 2328 712 2369 συναν·
751 2309 885 2387 ἀγαθῆς,
911 2302 979 2369 ὁδοί
995 2305 1028 2371 δὲ
1043 2306 1312 2390 καταφρονούντων
1324 2310 1356 2370 ἐν

109 2383 227 2488 τήσεται
240 2389 336 2470 ἀραῖς.
367 2386 399 2428 22
411 2390 471 2472 χείρ
484 2388 627 2451 ἐκλεκτῶν
638 2410 710 2469 κρα-
750 2384 893 2468 ἀπωλείᾳ.
928 2386 1029 2463 16πῶς
1046 2393 1215 2468 πανοῦργος
1231 2386 1355 2469 πράσσει

109 2494 189 2552 τησει
215 2468 351 2552 εὐχερῶς,
375 2463 472 2534 δόλιοι
496 2469 528 2532 δὲ
546 2473 665 2534 ἔσονται
682 2471 713 2532 έν
750 2466 823 2551 μετά
836 2464 980 2545 γνώσεως,
993 2468 1011 2535 ὁ
1024 2471 1056 2535 δὲ
1069 2468 1174 2552 ἀφρων
1184 2472 1356 2546 ἐξεπέτασεν

109 2555 255 2634 προνομῇ.
291 2552 320 2594 ²⁵
334 2552 462 2638 φοβερὸς
479 2548 568 2629 λόγος
585 2550 712 2634 καρδίαν
751 2553 861 2614 ἑαυτοῦ
874 2555 985 2615 κακίαν.
999 2550 1163 2638 12βασιλεὺς
1175 2552 1290 2637 θρασὺς
1302 2557 1355 2637 ἐμ-

109 2622 250 2715 ταράσόει
268 2631 375 2716 ἀνδρὸς
388 2636 518 2708 δικαίου,
544 2631 667 2711 ἀγγελία
680 2632 711 2698 δὲ
750 2645 879 2697 πεσεῖται
895 2638 934 2708 είς
952 2633 1046 2709 κακά,
1073 2632 1193 2712 ἀγγελος
1212 2635 1244 2700 δὲ
1259 2636 1354 2718 σοφός

109 2713 214 2798 ἀγαθή
227 2714 372 2800 εὐφραίνει
386 2713 484 2782 αὐτόν.
504 2711 711 2798 26ἒπιγνῶμων
750 2712 869 2819 ρ’ὐσεται
889 2714 989 2782 αὐτόν.
1014 2720 1043 2761 ¹⁸
1055 2724 1156 2782 πενίαν
1174 2721 1223 2783 καί
1237 2718 1354 2801 ἀτιμίαν

107 2801 219 2874 δίκαιος
231 2801 340 2864 ἑαυτοῦ
352 2800 439 2881 φίλος
452 2804 546 2873 ἔσται,
573 2794 709 2902 ἀμαρτά-
750 2810 919 2883 αφαιρεῖται
943 2804 1075 2874 παιδεία,
1102 2797 1170 2866 ὁδὶ·
1190 2798 1353 2884 φυλάσσων

108 2906 214 2955 νοντας
238 2881 269 2947 δὲ
288 2878 499 2958 καταδιιόξεται
521 2879 615 2956 κακά,
640 2882 710 2966 ηδὲ
749 2881 882 2966 ἐλέγχους
899 2882 1125 2969 δοξασθήσεται.
1155 2887 1183 2927 ¹⁹
1197 2887 1353 2969 ἐπιθυμίαι

108 2961 179 3038 ὁδὸς
204 2969 265 3030 τῶν
287 2962 401 3052 ἀσεβῶν
426 2962 567 3050 πλανήσει
590 2962 708 3040 αὐτούς.
749 2963 872 3050 εὐσεβῶν
884 2962 1022 3050 ἡδύνουσι
1035 2964 1141 3071 ψυχήν,
1154 2971 1226 3053 ἔργα
1239 2969 1272 3035 δὲ
1284 2968 1352 3035 ἀσι-

108 3048 136 3089 22
150 3044 206 3112 οὐκ
218 3045 395 3124 ἐπιτεύξεται
407 3047 508 3122 δόλιος
519 3046 625 3131 θήρας,
639 3053 707 3134 κτή-
746 3051 809 3134 βῶν
820 3047 936 3134 μακράν
949 3049 1013 3116 ἀπὸ
1025 3076 1166 3130 γνωσεως.
1189 3053 1221 3095 ²⁰
1234 3078 1350 3135 συμπο-

106 3155 149 3210 μα
160 3129 193 3194 δὲ
203 3136 297 3213 τίμιον
307 3129 379 3216 ἀνήρ
394 3129 538 3215 καθαρός.
553 3134 619 3195 2θέν
629 3127 710 3207 ὁδοῖς
748 3129 900 3216 ρευόμενος
914 3145 1017 3216 σοφοῖς
1029 3132 1124 3217 σοφός
1135 3136 1197 3217 έση,
1209 3132 1227 3199 ὁ
1239 3134 1271 3200 δὲ
1279 3162 1350 3218 συμ-

107 3211 385 3298 δικαιοούνηςζωή,
399 3213 466 3279 ὁδοί
479 3213 510 3280 δὲ
522 3210 709 3298 μνησικάκων
746 3211 941 3319 πορευόμενος
983 3218 1094 3300 ἀφροσι
1134 3206 1349 3303 γνωσθήσεται.

107 3299 145 3369 εἰς
163 3292 306 3361 θάνατον.
747 3301 773 3340 ²¹
787 3296 1010 3383 αμαρτάνοντας
1033 3296 1243 3377 καταδιῶξεται
1262 3304 1349 3376 κακά,

285 3386 320 3444 K
330 3387 360 3444 E
371 3385 410 3443 Φ.
452 3377 522 3443 1Γ’.
747 3382 816 3456 τούς
828 3383 860 3445 δὲ
873 3385 1003 3456 δικαίους
1015 3380 1219 3466 καταλήψεται
1232 3379 1348 3459 ἀγαθά.

108 3425 193 3534 Κίος
204 3467 376 3543 πανοῦργος
390 3458 634 3545 ὐπήκοοςπατρί,
646 3464 709 3537 υίὸς
745 3466 775 3506 22
788 3462 907 3539 ἀγαθὸς
931 3461 1005 3546 ἀνήρ
1030 3461 1243 3546 κληρονομήσει
1266 3463 1350 3539 υίούς

105 3540 138 3607 δὲ
151 3537 280 3624 ἀνήκοος
292 3546 323 3608 ἐν
336 3541 480 3622 ἀπωλείᾳ.
493 3542 574 3607 2ἀπά
586 3550 709 3628 καρπῶν
746 3549 830 3617 υίῶν,
856 3549 1063 3628 θησαυρίζεται
1075 3545 1108 3609 δὲ
1120 3546 1242 3620 δικαίοις
1253 3545 1349 3610 πλού-

105 3620 292 3726 δικαιοσύνης
310 3621 435 3703 φάγεται
455 3622 589 3700 ἀγαθὸς,
615 3629 709 3708 ψυχαί
747 3649 797 3698 τος
816 3625 939 3712 ἀσεβῶν.
964 3628 993 3682 23
1006 3627 1115 3691 δίκαιοι
1132 3622 1305 3711 ποιήσουσιν
1317 3631 1348 3694 ἰν

106 3706 139 3772 δὲ
155 3731 340 3790 παρανομων
357 3703 500 3771 όλούνται
519 3705 623 3788 ἀωροι.
649 3703 709 3782 2ὃς
746 3704 869 3790 πλούτῳ
896 3712 947 3791 ἔτη
962 3707 1079 3785 πολλόν,
1105 3708 1201 3774 ἀδικοι
1220 3709 1251 3776 δὲ
1269 3709 1349 3777 ἀπο-

106 3787 249 3869 φυλάσσει
268 3788 304 3855 τό
320 3792 431 3855 ἑαυτοῦ
448 3784 544 3870 στόμα
560 3798 643 3871 τηρεῖ
658 3788 709 3875 τήν
746 3789 866 3855 λοῦνται
885 3788 1042 3874 συντόμως.
1066 3793 1098 3836 22
1110 3789 1143 3868 ὃς
1156 3795 1283 3874 φείδεται
1295 3801 1348 3879 τῆς

107 3872 216 3938 ἑαυτοῦ
229 3870 334 3957 ψυχήν,
354 3867 416 3936 ὅδὲ
428 3871 578 3956 προπετής
589 3873 709 3956 χείλεσιν
744 3875 915 3958 βακτηρίας,
928 3887 1006 3956 μισεῖ
1016 3875 1069 3940 τόν
1080 3875 1143 3941 υίὸν
1155 3875 1259 3944 αὐτοῦ.
1284 3874 1302 3942 ὁ
1315 3878 1348 3944 δὲ

106 3951 230 4039 πτοήσει
246 3950 363 4020 ἑαυτόν.
389 3954 405 3996 ⁴
419 3958 449 4018 ἐν
467 3960 634 4036 ἐπιθυμίαις
646 3960 709 4022 ἐστὶ
746 3953 881 4033 ἀγαπῶν,
894 3957 1034 4038 ἐπιμελῶς
1045 3955 1183 4025 παιδεύει.
1200 3962 1347 4036 22δίκαιος

106 4043 167 4111 πᾶς
179 4037 292 4126 ἀεργὸς,
304 4050 393 4123 χεῖρες
405 4037 437 4103 δὲ
450 4037 592 4121 ἀνδρείων
602 4042 634 4104 ἐν
644 4043 709 4104 δπι-
746 4042 847 4105 ἔσθων
873 4039 1005 4124 ἐμπιπληῖ
1035 4038 1089 4126 τήν
1115 4039 1212 4127 ψυχήν
1238 4042 1347 4120 αὐτοῦ,

107 4120 210 4202 ιιελείη.
237 4125 250 4166 ⁵
264 4119 355 4200 λόγον
371 4119 474 4186 άδικον
489 4135 565 4204 μισεῖ
585 4122 708 4197 δίκαιος,
747 4125 839 4207 ψυχαὶ
852 4120 882 4187 δὲ
895 4120 1006 4208 ἀσεβῶν
1019 4128 1127 4199 ἐνδεεῖς.

107 4201 148 4268 ἀσ
182 4205 213 4286 ής
236 4205 267 4270 δὲ
291 4200 470 4288 αἰσχύνεται,
496 4207 546 4268 καί
571 4205 625 4288 οὐχ
650 4207 708 4283 ἑζει
927 4212 960 4272 Κ
972 4213 1001 4269 E
1013 4212 1050 4272 Φ.
1093 4205 1161 4274 IA‘.

106 4313 130 4352 π
169 4291 280 4370 ῥηαίαν.
295 4286 709 4363 2ελιιὶνοίπλουτίζοντεςὲαυ-
746 4250 871 4392 Σοφαί
885 4301 1017 4366 γυναῖκες
1030 4287 1225 4374 ᾠκοδόμησαν
1236 4293 1345 4365 οἴκους,

107 4370 177 4441 τούς
188 4371 278 4453 μηδὲν
288 4372 409 4452 ἔχοντες,
421 4372 472 4434 καί
483 4373 553 4434 είοὶν
564 4375 594 4434 σί
606 4394 708 4433 ταπει-
746 4367 805 4452 ήδὲ
814 4369 1098 4475 άφρωνκατέσκωφε
1106 4386 1173 4449 ταῖς
1183 4377 1278 4458 χερσίν
1291 4370 1345 4437 αὐ-

107 4458 222 4526 νούντες
245 4453 369 4526 ἑαυτούς
393 4455 425 4515 ἐν
448 4451 553 4536 πολλῷ
574 4448 706 4536 πλούτῳ.
744 4457 805 4536 τῆς.
831 4451 1083 4541 2οπορευόμενσς
1096 4453 1198 4538 ὀρθῶς
1210 4460 1345 4556 φοβεῖται

167 4559 169 4562 ’
1292 4562 1346 4600 τον
