2924 4972
119 231 187 299 358
468 215 773 279 ΙΕΡΕΜΙΑΣ
812 208 1023 294 Κεφ.μγ’.43.

118 336 235 423 βασιλεῖ
246 335 476 414 Ἰωακείμέντῴ
485 333 606 413 μηνλτῶ
616 326 724 412 ἐνάτῳ,
759 334 819 415 βεῖν
837 327 874 394 τὸ
909 332 1019 413 αρτίον.
1045 329 1097 392 καὶ
1113 329 1220 415 ἔλαβεν
1240 309 1370 406 αῦτῦῖξ

120 418 339 500 ἐξεκκληαίασαν
368 418 503 495 νηστείαν
527 395 606 478 κατά
631 410 725 499 πρός-
760 409 860 477 αἴκου’
907 406 1008 493 ισαμά.
1022 411 1074 474 καλ
1083 408 1199 489 ἀνέγνω
1208 410 1319 477 Ἰαυδὶν
1330 417 1372 487 εἷς

120 527 205 568 ωπον
216 503 320 582 κυρίου
333 501 394 570 πάς
407 492 425 559 ὃ
438 494 511 571 λαός
528 499 560 560 ἐν
571 492 724 581 Ἱερουσα-
759 491 799 560 τά
812 483 878 559 ὦτα
890 498 948 559 τοῦ
959 493 1113 580 βασιλέως,
1133 497 1184 559 καὶ
1197 500 1235 570 εἷς
1247 493 1288 559 τά
1300 484 1369 560 οῦτα

120 585 196 668 λημ,
223 583 273 644 καὶ
287 579 367 654 οἶκος
382 574 492 644 Ἰούδα.
519 575 722 656 10καλοίνεγί-
759 573 882 643 πάντων
898 581 961 642 τῶν
974 572 1140 662 ἀρχόντων,
1165 584 1227 643 τῶν
1241 577 1370 662 ἑστηκό-

119 690 213 733 νωσκε
226 662 352 747 Βαρούχ
368 665 399 727 ἐν
411 666 455 744 τῷ
470 661 574 748 βιβλίῳ
587 660 658 736 τοὺς
668 657 724 724 λα’·
760 686 821 727 των
836 661 904 746 περὶ
915 659 1116 746 τὸνβασιλέα.
1142 662 1174 703 22
1186 663 1238 727 καὶ
1250 658 1268 727 ό
1279 665 1369 748 βασι-

118 775 189 827 γους
198 746 336 831 Ἱερεμίου
349 747 380 810 ἓν
393 745 465 828 οἴκῳ
477 750 588 831 κυρίου,
607 746 637 808 έν
649 744 723 828 οἴκῳ
761 743 825 820 λεύς
844 740 979 825 ἐκάθητο
990 746 1023 807 έν
1041 743 1116 825 οἴκῳ
1132 749 1293 845 χειμερινῷ,
1316 750 1371 810 καί

119 836 292 914 Γαμαρίαυ,
315 828 384 893 υἱοῦ
395 825 506 908 Σαφάν
518 832 574 892 τοῦ
586 853 724 912 γραμμα-
760 821 872 912 ἐσχάρα
888 825 983 910 πυρὸς
994 826 1073 891 κατὰ
1085 852 1248 912 πραςωπαν
1260 826 1369 894 αὐτοῦ.

119 918 201 990 τέως,
215 916 246 976 έν
258 915 295 995 τῆ
309 909 387 993 αῦλῆ
400 915 440 1004 τῇ
449 909 550 976 ἐπάνω
561 912 593 975 έν
603 907 722 995 πραθύ·
761 910 846 975 22καλ
858 905 982 993 ἐγενηθη
996 907 1249 986 ἀναγινώσκοντος
1257 908 1371 977 'lovain

119 1023 183 1083 ραις
194 982 289 1078 πύλης
305 998 361 1058 τοῦ
369 981 459 1058 ὀἴκου
477 999 580 1076 κυρίου
592 997 644 1076 τῆς
657 1017 723 1057 και·
761 1002 838 1097 τρεῖς
850 993 964 1067 σελίόας
974 994 1026 1056 καὶ
1038 995 1200 1078 τέσσαρας,
1225 992 1372 1076 ἀπέτεμεν

118 1086 166 1165 νῆς
178 1082 230 1144 καὶ
241 1081 274 1142 έν
287 1075 343 1142 ὠσὶ
354 1072 467 1151 παντὸς
479 1081 534 1141 τοῦ
543 1075 629 1141 λαοῦ.
644 1077 724 1141 21καὶ
762 1075 854 1151 αυτάς
866 1080 910 1159 τῷ
923 1078 1004 1160 ξυροῦ
1016 1079 1071 1139 τοῦ
1083 1079 1294 1160 γραμματέως,
1317 1080 1372 1142 καί

118 1163 223 1249 ἤκουσε
239 1165 374 1244 Μιχαίας
392 1158 455 1234 υίὸς
474 1164 633 1243 Γαμαρίαυ
655 1162 724 1224 υἶαῦ
761 1160 893 1243 ἔρριπτεν
910 1163 949 1232 εἰς
966 1141 1004 1223 τῦ
1020 1162 1081 1242 πῦρ
1099 1157 1136 1224 τό
1150 1161 1202 1224 ἐπὶ
1213 1164 1267 1243 τῆς
1279 1158 1371 1246 ἐσχά-

118 1242 230 1325 Σαφάν
248 1240 386 1316 ἅπαντας
405 1240 477 1317 τούς
494 1242 602 1320 λόγους
617 1247 723 1326 κυρίου
761 1267 831 1328 ρας,
858 1247 913 1316 ἕως
924 1240 1035 1318 §tame
1047 1238 1138 1317 πᾶςό
1155 1239 1266 1327 χάρτης
1279 1247 1320 1318 είς
1332 1243 1370 1308 τὸ

118 1334 151 1394 ἐκ
164 1332 221 1392 τοῦ
235 1325 357 1411 βιβλίου.
395 1326 485 1391 12καί
502 1327 595 1410 κατέβ
624 1327 664 1399 είς
677 1328 724 1389 ολ-
760 1328 820 1409 πῦρ
839 1321 877 1390 τὸ
893 1326 944 1390 ἐπὶ
960 1328 1012 1409 τῆς
1030 1320 1164 1409 ἐσχάρας.
1201 1325 1300 1391 “uui
1313 1325 1371 1391 οῦκ

73 1413 75 1417 ’
118 1416 186 1475 κίαν
199 1413 254 1473 τοῦ
265 1406 425 1494 βασιλέως,
452 1404 557 1483 ελςτὸν
570 1351 723 1472 ολλιοντοῦ
761 1402 914 1490 έζίητηααν,
933 1410 984 1471 καί
996 1404 1033 1471 ού
1043 1407 1197 1515 διέρρηξαν
1209 1406 1249 1474 τά
1264 1404 1371 1492 ίμάτια

120 1494 326 1576 γραμματέως,
350 1492 402 1568 καί
418 1489 484 1555 ίόαύ
502 1493 562 1554 ἐκεῖ
573 1485 680 1564 πάντες
693 1491 724 1553 ολ
761 1487 862 1555 αὐτῶν
874 1488 892 1554 ὁ
904 1487 1041 1576 βασιλεῦς
1048 1516 1098 1556 και
1113 1495 1144 1555 οἳ
1156 1491 1260 1567 παῖδες
1270 1490 1370 1558 αῦταῦ

117 1574 255 1659 ἀρχαντες
268 1571 430 1656 ἐκάθηντο,
439 1571 586 1655 Ἐλισαμά
600 1569 723 1656 όγραμ-
761 1576 792 1636 οί
804 1569 963 1649 ἀκούοντες
973 1571 1088 1648 πάντας
1099 1571 1170 1649 τοῦς
1178 1570 1288 1651 λόγους
1296 1571 1371 1640 ταύ-

116 1655 237 1740 ματεὺς,
262 1655 315 1718 καὶ
332 1653 467 1730 Δαλαίας
488 1656 552 1730 υίὸς
569 1655 722 1735 Σελεμίου,
759 1680 838 1729 τους.
863 1656 893 1698 22
906 1659 958 1721 καί
974 1653 1128 1722 Ἐλνάθαν
1144 1658 1197 1723 καλ
1214 1657 1371 1734 Γαδαλίας

117 1743 168 1806 καί
182 1733 331 1804 Ἰωνάθου
344 1735 406 1812 υίὸς
418 1735 550 1825 Ἀκχαβώ
569 1785 579 1812 ‚
592 1739 643 1803 καί
655 1742 723 1803 Γα-
760 1736 908 1804 ὑπέθεντο
922 1743 967 1822 τῷ
978 1739 1108 1825 βασιλκῒ,
1132 1739 1209 1826 πρὸς
1220 1738 1259 1808 τὸ
1269 1767 1370 1807 κατα-

158 1828 223 1907 ρίας
236 1817 301 1896 υίὸς
312 1817 434 1925 Σαράν,
446 1824 498 1886 καὶ
509 1827 541 1885 Σ
568 1818 723 1896 εκίαςύἶός
759 1825 867 1887 καῦσαι
879 1817 916 1887 τὸ
932 1827 1060 1907 χαρτίον.
1091 1824 1123 1866 ²⁶
1135 1827 1187 1889 καὶ
1199 1823 1368 1890 ἐνετείλατο

111 1908 260 1980 Ανανίαυ,
270 1905 321 1968 καί
329 1928 437 1980 παντες
446 1909 476 1968 αἱ
484 1902 629 1988 ἀρχαντες,
639 1905 723 1968 12καί
759 1903 925 2051 ὀβοσιλεῦς
943 1908 989 1987 τῷ
1001 1902 1142 1989 Ἰιρεμεὴλ
1161 1912 1217 1991 υἱῲ
1233 1911 1289 1972 τοῦ
1306 1910 1367 1991 βα.

116 1983 282 2069 ἀνήγγειλεν
311 1983 414 2060 αὐτοῖς
439 1992 575 2070 Μιχαίας
603 1983 722 2062 πάντας
760 2013 779 2052 σ
808 1990 878 2061 ἕως,
903 1987 1012 2071 καὶτῷ
1023 1994 1146 2073 Σαραία
1160 1994 1217 2074 υἱῷ
1232 1988 1368 2074 Ἐσριηλ,

116 2070 187 2144 τούς
212 2063 319 2145 λόγους
344 2064 396 2143 οῦς
427 2066 549 2151 ἤκουσεν
575 2065 721 2146 ἀναγινώ-
760 2070 913 2155 συλλαβεῖν
924 2067 977 2134 τόν
988 2069 1129 2156 Βαραύχ,
1153 2069 1370 2160 καλτὸνἹερε-

116 2175 239 2226 σκοντος
252 2148 378 2235 Βαρσύχ
391 2155 429 2227 τίς
440 2148 479 2216 τά
492 2140 557 2218 ὦτα
569 2157 624 2217 τοῦ
635 2153 720 2217 λαοῦ.
758 2158 842 2237 μίαν,
867 2155 918 2217 καί
935 2153 1165 2241 κατεκρύβησαν.
1191 2158 1220 2199 ²⁷
1232 2159 1285 2222 καί
1302 2161 1369 2235 ἐγέ-

115 2234 208 2301 1*καί
226 2233 404 2303 ἀπέστειλαν
419 2229 525 2311 πάντες
541 2239 574 2301 αί
586 2233 723 2341 άρχοντες
759 2260 824 2301 νττο
835 2232 923 2314 λόγος
931 2243 1035 2321 κυρίου
1044 2239 1121 2324 πρὸς
1129 2236 1281 2324 Ἱερεμίαν,
1290 2240 1367 2322 μετά

115 2317 193 2401 πρὸς
205 2316 333 2403 Βαρούχ
345 2315 537 2403 υίόνΝηρίου
549 2316 605 2384 τὸν
622 2320 723 2384 Ιαυάίν
759 2315 796 2384 τὸ
812 2324 998 2386 κατακαῦσαι
1015 2317 1069 2386 τὸν
1086 2321 1213 2407 βασιλέα
1230 2322 1268 2389 τὸ
1290 2349 1368 2409 χαρ-

115 2404 180 2468 υῖὸν
192 2405 367 2475 Ναθανίαυ,
393 2405 460 2466 υἱοῦ
473 2400 628 2484 Σελεμίαυ,
653 2406 722 2467 υίοῦ
760 2407 823 2467 τίαν
834 2399 950 2478 πάντας
961 2401 1031 2478 τούς
1043 2403 1169 2483 λόγους,
1188 2402 1240 2481 οῦς
1252 2410 1368 2491 ἔγραψε

118 2487 228 2560 Χουσὶ,
243 2483 382 2561 λέγοντες.
401 2483 445 2549 ’τὸ
463 2491 586 2570 χαρτίον
598 2476 669 2568 ένῷ
684 2480 721 2550 οῦ
759 2485 888 2570 Βαραῦχ
900 2483 965 2551 ἀπὸ
980 2486 1128 2569 στόματος
1136 2485 1294 2573 Ἰερεμίου,
1314 2490 1368 2554 λε’-

117 2565 720 2671 ἀναγινώσκειςέναῦτῷίνώσὶτοῦλαρῦ,
757 2592 829 2645 γων.
855 2570 886 2611 ²⁸
898 2566 991 2634 πόλιν
1008 2569 1080 2658 λάβε
1099 2571 1136 2637 σύ
1159 2576 1281 2673 χαρτίον
1299 2577 1367 2635 frt-

116 2647 187 2736 λάβε
199 2649 277 2716 αὐτὸ
292 2655 330 2724 εἷς
343 2650 398 2734 τὴν
410 2648 490 2735 χεῖρά
504 2677 573 2724 σου,
596 2653 647 2716 καὶ
660 2677 718 2736 ηκε.
758 2676 825 2736 ρον,
839 2654 889 2717 καί
901 2649 1026 2739 γράψον
1038 2650 1152 2729 πάντας
1163 2679 1232 2729 τους
1244 2650 1364 2730 λόγους,

115 2737 167 2799 καί
191 2734 280 2819 ἔλαβε
299 2733 425 2817 Βαρούχ
448 2732 484 2799 τὸ
508 2740 643 2818 χαρτίον,
668 2735 720 2798 καὶ
758 2734 827 2810 τοῦς
840 2733 1060 2813 όνταςέπλτοῦ
1071 2744 1203 2824 χαρτίου,
1224 2731 1275 2811 οῦς
1288 2763 1365 2801 κατ-

114 2820 223 2902 κατέβη
237 2814 312 2900 πρὸς
325 2816 440 2891 αὐτούς.
462 2814 719 2897 15καιᾊεῖποναῦ-
757 2820 879 2884 ἔκαυσεν
904 2817 923 2885 ό
940 2820 1075 2906 βασιλεύς
1093 2821 1243 2902 Ἰωακεὶμ,
1269 2821 1299 2862 ²⁹
1314 2824 1368 2885 καὶ

113 2924 165 2982 τῳ.
179 2896 271 2963 πάλιν
284 2894 439 2976 ἀνάγνωθι
452 2904 491 2974 εἷς
500 2899 539 2964 τά
550 2899 615 2965 ὦτα
624 2898 717 2982 ἡμῶν.
757 2904 839 2986 ἐρεῖς,
853 2899 951 2978 οῦτως
962 2903 1024 2968 είπε
1036 2901 1145 2986 κύριος.
1166 2904 1203 2967 σύ
1217 2905 1366 2968 κατέκαυ-

113 2984 164 3046 καὶ
185 2980 295 3061 ἀνέγνω
313 2979 449 3066 Βαρούχ.
483 2983 575 3046 16καὶ
593 2978 717 3068 ἐγενήθη
757 3011 812 3059 σας
824 2982 861 3048 τὸ
878 2992 1002 3072 χαρτίον
1013 2991 1123 3058 τοῦτο,
1149 2985 1257 3061 λέγων,
1283 2987 1368 3050 όιατί

112 3063 153 3139 ὡς
167 3064 298 3146 ἥκουσαν
310 3064 425 3141 πάντας
437 3065 508 3139 τοὺς
518 3061 634 3143 λόγους,
648 3090 718 3131 συν-
757 3071 893 3153 έγραψας
905 3066 949 3133 ἐπ’
965 3066 1059 3149 αῦτῷ,
1072 3067 1175 3143 λέγων,
1190 3067 1366 3147 εἷςπορευό-

113 3143 321 3233 εβουλεύσαντο
338 3154 465 3224 ἕκαστος
481 3145 556 3231 πρὸς
572 3150 627 3213 τὸν
639 3150 717 3233 πλη·
755 3175 837 3231 μενος
861 3147 1072 3230 είςπαρεύσεται
1095 3148 1230 3234 βασιλεὺς
1250 3154 1366 3236 Βαβυ-

112 3236 178 3294 σίαν
193 3228 289 3294 αὐτοῦ
306 3233 355 3295 καλ
369 3229 458 3295 εἶπον.
490 3229 717 3310 ἀναγγέλλοντες
756 3234 857 3309 λυῦνας,
870 3235 921 3297 καί
933 3228 1137 3315 έξαλαθρεύσει
1149 3235 1205 3315 τὴν
1218 3236 1274 3316 γῆν
1285 3231 1365 3298 ταύ-

111 3311 325 3396 ἀναγγείλωμεν
333 3319 376 3397 τῷ
382 3315 498 3402 βασιλεῖ
504 3310 639 3390 άπαντας
644 3317 716 3392 τοὺς
754 3341 817 3400 την,
828 3318 879 3379 καί
890 3314 1014 3394 ἐκλείψει
1028 3313 1073 3379 ἐπ’
1087 3313 1181 3398 αὐτῆς
1195 3314 1364 3400 ἅνθρωπος

113 3394 218 3476 λόγους
242 3394 376 3474 τούτους.
411 3400 439 3442 ¹⁷
451 3400 502 3464 καί
518 3394 570 3463 τὸν
587 3398 716 3486 Βαρούχ
754 3401 805 3465 καὶ
828 3393 932 3479 κτάνης
958 3398 989 3441 ³⁰
1002 3395 1052 3462 διὰ
1073 3403 1166 3463 τοῦτο
1183 3394 1283 3474 ούτως
1301 3400 1363 3466 εἷπε

110 3478 716 3568 ἢρώτησανλέγοντες.παῦὲγραψαςπάν·
755 3480 856 3568 κύριος
880 3483 930 3546 έπλ
946 3479 1083 3565 Ἰωακελμ
1106 3483 1232 3568 βασιλέα
1250 3479 1362 3559 Ἰούδα,

110 3589 164 3638 τας
177 3562 248 3639 τούς
260 3561 369 3642 λόγους
380 3564 524 3643 τούτουςς
549 3567 579 3609 ¹⁸
592 3569 643 3631 καί
655 3565 716 3631 εἶπε
755 3565 813 3631 οῦκ
832 3569 916 3632 ἔσται
933 3563 1016 3650 αύτῷ
1034 3567 1200 3649 καθήμενος
1215 3567 1267 3630 ἰπὶ
1283 3562 1361 3651 θρό-

112 3642 244 3730 Βαρούχ.
267 3646 330 3712 ἀπὸ
349 3645 497 3732 στόματος
510 3647 604 3713 αὐτοῦ
618 3645 714 3733 ἀνηγ-
753 3673 806 3714 νου
817 3649 928 3725 Ααυίδ,
954 3653 1005 3714 καὶ
1022 3649 1059 3714 τό
1076 3660 1251 3734 θνησιμαῒον
1263 3648 1361 3712 αὐτοῦ

109 3728 188 3806 γειλέ
193 3754 243 3808 μοι
251 3728 390 3836 Ἱερεμίας
401 3729 519 3806 πάντας
527 3730 598 3807 τοὺς
607 3730 714 3808 λόγους
754 3736 839 3798 ἔσται
855 3734 1026 3817 ἐρριμμένον
1046 3737 1077 3797 έν
1095 3738 1141 3817 τῷ
1159 3729 1285 3813 καύματι
1304 3735 1361 3812 τῆς

109 3805 243 3887 τούτους,
255 3839 306 3876 και
319 3817 451 3895 ἔγραφον
465 3815 616 3901 ἒνβιβλίῳ.
629 3817 715 3879 19καὶ
752 3812 873 3900 ἡμέρας,
886 3819 937 3880 καὶ
949 3819 981 3880 ἐν
993 3819 1037 3898 τῷ
1047 3821 1169 3898 παγετῴ
1180 3820 1231 3897 τῆς
1242 3810 1359 3889 νυκτός.

110 3890 247 3976 εἶποντῷ
258 3895 395 3999 Βαραῦχ.
408 3894 540 3982 βάδισαν.
556 3901 713 3962 καλκατα-
752 3899 844 3962 31καί
857 3897 1112 3981 έπισκέψομαιέυέ
1130 3896 1361 3974 αῦτὸν,καὶέπλ

109 3972 236 4080 κρῦβηθι
254 3973 291 4042 σύ
303 3980 353 4041 καὶ
378 3987 522 4064 Ιερεμίας,
548 3980 713 4065 ἅνθρωπος
751 3982 887 4058 τὸγένος
901 3980 1012 4060 αὐτοῦ,
1038 3988 1089 4051 καί
1105 3988 1155 4051 ἐπὶ
1167 3986 1239 4060 τούς
1250 3985 1363 4060 παῖδας

107 4086 146 4142 μη
159 4054 263 4135 γνώτω
280 4065 344 4122 ποῦ
361 4060 446 4145 ὑμεῖς.
472 4066 503 4105 ²⁰
516 4062 713 4150 καλείςῖχλθον
751 4062 864 4141 αὐτοῦ,
883 4069 934 4130 καὶ
947 4066 1050 4143 ἐπάξω
1063 4067 1108 4133 ἐπ’
1125 4067 1229 4144 αῦτὸν,
1246 4071 1361 4134 καλέπί

107 4142 183 4225 πρὸς
198 4141 251 4208 τὸν
267 4141 393 4229 βασιλέα
410 4151 449 4220 εἷς
461 4143 515 4228 τὴν
528 4145 637 4233 αῦλέχν,
662 4151 713 4212 καί
750 4146 819 4223 τοῦς
841 4156 1053 4226 κατοικοῦντας
1071 4149 1282 4236 Ἰερουσαλὴμ,
1309 4154 1361 4216 καὶ

107 4225 144 4289 τὸ
157 4232 278 4311 χαρτίον
291 4225 404 4289 ἔδωκαν
421 4226 579 4309 φυλάσσειν
593 4235 625 4294 ἒν
637 4231 711 4314 οἴκῳ
751 4235 801 4298 ἐπὶ
812 4237 868 4318 γῆν
877 4229 982 4298 Ἰούδα
994 4231 1096 4300 πάντα
1105 4233 1144 4299 τά
1153 4234 1245 4308 κακά,
1257 4231 1360 4300 ἀέλά-

104 4305 255 4392 Ἐλισαμά.
281 4308 332 4373 καὶ
351 4304 523 4392 ἀνηγγειλαν
538 4318 582 4394 τῷ
597 4314 713 4399 βασιλεῖ
749 4316 828 4398 λησα
844 4314 920 4399 πρὸς
933 4314 1057 4393 αύτούς,
1083 4320 1134 4382 καὶ
1148 4317 1203 4383 οῦκ
1216 4317 1359 4401 ἤκουσαν.

104 4388 221 4469 πάντας
238 4391 308 4468 τοῦς
325 4386 430 4469 λόγους
447 4389 580 4469 τούτους.
619 4398 646 4436 22
659 4400 711 4461 καί
749 4400 778 4440 ³²
791 4404 842 4464 καὶ
858 4399 950 4484 ὲλαβε
962 4400 1091 4486 Βαραῦχ
1106 4407 1231 4486 χαρτίον
1248 4407 1358 4488 ἕτερον,

100 4474 269 4547 ἀπέστειλαν
282 4476 299 4544 ὁ
311 4474 449 4566 βασιλεὺς
459 4474 512 4543 τὸν
522 4474 639 4559 Ἰουλία
653 4479 706 4545 λα-
747 4484 798 4549 καί
817 4485 952 4566 ἔγραψεν
968 4483 1013 4548 ἐπ’
1029 4483 1112 4567 αὐτῷ
1130 4483 1194 4549 ἀπὸ
1209 4482 1359 4589 στόματος
