2924 4972
178 222 242 289 318
338 224 636 287 ΒΑΣΙΛΕΙΩΝ
656 223 887 286 AEYTEPA
928 220 1132 304 Κεῳ.ια’.ιβ’.
1148 221 1198 284 11.
1214 222 1301 324 12.-

178 338 288 403 στειλεν
304 341 335 401 ἐν
370 339 423 423 ειρλ
438 335 557 420 Οὐρίου.
584 340 676 402 15καί
694 342 785 423 ἔγρα-
818 343 875 401 τοῦ
899 336 1057 423 βασιλέως,
1081 339 1134 398 καί
1151 358 1184 410 γε
1201 331 1219 397 5
1239 316 1417 410 δοῦλός-σου
1432 315 1460 335 ’-

177 443 235 502 ψεν
258 422 290 483 ίν
309 422 360 505 βιβ
389 446 430 502 ῳ,
454 420 557 498 λέγων.
584 415 716 497 είςόγαγε
731 417 785 484 τὸν
820 417 932 504 Οὐρίας
948 416 967 483 5
984 426 1132 491 Χετταῖος
1150 411 1293 481 ἀπέθανε.
1330 417 1419 482 25καὶ
1445 443 1460 480 ι

180 502 293 588 Οὐρίαν
318 504 482 578 ἐξεναντίας
507 506 563 566 τοῦ
579 503 713 586 πολέμου
729 506 785 566 τοῦ
817 502 880 567 εἷπε
896 502 994 567 Λαυίδ
1012 497 1089 585 πρὸς
1110 496 1163 564 τὸν
1180 497 1312 576 ἄγγελον.
1349 496 1420 566 τάδε
1444 554 1448 574 ,

176 588 338 669 κραταιοῦ,
362 584 414 648 καί
431 581 704 669 ἆποστραφήσεσθε
721 583 784 649 ἀπὸ
817 587 890 670 ἐρεῖς
900 582 977 669 πρὸς
986 579 1084 669 Ἰαυίβ.
1101 580 1141 666 μή
1152 579 1286 668 πονηρὸν
1299 585 1376 647 ε”στον
1389 587 1420 648 ἓν

177 667 303 732 ὄπισθεν
328 664 438 742 αὐτοῦ,
464 669 515 732 καί
538 663 718 751 πληγήσεται
734 668 785 731 καί
817 666 990 750 ι’νῳθαλμοῖς
1015 691 1069 730 σου
1086 663 1122 729 τὸ
1141 668 1222 750 ῥῆμα
1239 669 1346 739 τοῦτο,
1372 660 1437 731 ότιΙ

175 748 386 814 ἀποθανεῖται.
423 751 516 814 1ίῐκαί
540 745 667 833 ἐγενήθη
691 752 783 831 ἐντῷ
816 745 1062 832 ποτὲμὲνοῗίτως
1073 749 1125 812 καί
1135 747 1209 812 ποτὲ
1222 743 1316 821 οὕτως
1329 742 1418 827 φάγε-

175 829 335 915 ῳυλόσοιιν
357 829 452 917 Ἰονδιβ
467 834 518 898 ἐπί
533 831 587 916 τήν
604 828 708 908 πόλιν,
732 832 785 896 καί
815 827 1049 917 ταιήμόχαιρα.
1064 835 1252 917 κραταίωσον
1264 828 1317 894 τὸν
1328 826 1419 893 πόλε-
1448 835 1451 845 “

175 919 281 1000 ἔθηκεν
305 911 358 978 τὸν
377 912 490 998 Οὐρίαν
507 919 546 989 είς
563 912 617 979 τὸν
633 910 728 979 τόπον
745 904 783 978 οὐ
815 909 869 997 μόν
881 939 934 980 σου
954 919 993 988 εἰς
1005 911 1060 997 τήν
1071 910 1172 988 πόλιν,
1197 914 1249 976 καί
1260 908 1417 977 κατόσπα-
1445 940 1460 977 τι

174 997 236 1080 ἤδει
249 992 296 1061 ὅτι
309 994 412 1082 ἄνδρες
429 993 578 1080 δυνάμεως
590 999 656 1061 ἐκεῖ.
693 996 784 1060 17καί
817 1021 871 1062 σον
896 994 1005 1081 αὐτήν,
1030 998 1082 1060 καί
1105 1002 1295 1081 κραταίωσον
1318 992 1417 1078 αὐτήν.
1437 998 1460 1075 gs

175 1068 303 1164 λξηλθον
326 1083 358 1144 ολ
382 1079 483 1164 ἄνδρες
506 1084 560 1162 τῆς
576 1077 707 1155 πόλεως,
732 1079 784 1144 καὶ
817 1080 904 1145 26καί
915 1076 1152 1163 ἤκουσενήγυνή
1166 1076 1276 1162 Οὐρίου
1286 1073 1333 1141 ὅτι
1345 1074 1419 1142 ὐπέ-
1447 1085 1451 1099 ’

175 1163 341 1244 ἐπολέμουν
352 1161 428 1246 μετὰ
436 1158 539 1265 Ἰοιοίβ.
563 1163 616 1227 καί
630 1165 741 1228 ἔπεσαν
751 1163 783 1224 ἐκ
816 1172 907 1227 θανεν
922 1159 1031 1247 Οὐρίας
1043 1159 1061 1225 5
1075 1159 1147 1246 ἀνήρ
1162 1158 1267 1242 αὐτῆς,
1290 1162 1340 1223 καὶ
1354 1157 1418 1224 ἐκό-

173 1252 232 1312 τοῦ
245 1245 320 1310 λαοῦ
338 1248 370 1309 ίκ
387 1250 448 1310 τῶν
465 1244 581 1310 δουλων
596 1245 708 1320 Δαυίδ,
733 1246 785 1308 καὶ
816 1265 900 1328 ψατο
914 1245 967 1310 τὸν
979 1243 1075 1330 ἄνδρα
1089 1243 1188 1327 αὐτῆς.
1214 1246 1242 1285 ²⁷
1255 1247 1306 1306 καὶ
1317 1243 1418 1328 διήλθε
1445 1274 1460 1309 t

174 1328 310 1394 ἀπέθανε
334 1334 387 1392 καί
402 1354 435 1405 γε
457 1326 567 1433 Οὐρίας
588 1325 605 1391 5
625 1334 782 1401 Χετταῖος.
816 1327 853 1391 τὸ
866 1332 992 1405 πένθος,
1009 1331 1061 1392 καί
1073 1322 1227 1392 ἀπέστειλε
1241 1326 1351 1401 Δαυὶδ,
1368 1329 1417 1391 καί
1446 1334 1460 1370 ¹

173 1414 203 1455 ¹⁸
210 1413 262 1476 καί
273 1409 441 1476 ἀπέστειλεν
449 1408 550 1497 Ἰονιιβ,
563 1411 615 1475 καί
626 1407 783 1495 ἀπήγγειλε
817 1408 978 1495 συνήγαγεν
995 1407 1089 1512 αὐτήν
1105 1415 1143 1484 εἰς
1155 1407 1209 1473 τὸν
1222 1409 1304 1473 οἷκον
1316 1407 1416 1482 αὐτοῦ,
1447 1415 1460 1473 ί

174 1499 219 1577 τῷ
242 1494 342 1558 Δαυὶδ
365 1490 482 1568 πάντας
505 1489 575 1568 τούς
598 1489 703 1570 λόγους
727 1496 782 1557 τοῦ
817 1497 868 1558 καί
890 1491 1016 1577 ἐγενήθη
1039 1497 1124 1575 αυτῷ
1149 1497 1188 1566 είς
1208 1502 1346 1569 γυναῖκα,
1370 1493 1418 1555 καί
1448 1494 1460 1557 ἱι

173 1576 309 1660 πολέμου
335 1574 465 1659 λαλῆσαι
481 1573 559 1661 πρὸς
575 1575 629 1641 τὸν
646 1575 781 1662 βασιλέα.
817 1577 910 1640 ἔτεκεν
921 1574 1005 1658 αὐτῷ
1020 1571 1093 1639 υἱόν.
1119 1578 1171 1639 καί
1182 1574 1316 1659 πονηρὸν
1326 1570 1417 1656 ἐφάνη
1451 1605 1460 1649 η

174 1661 203 1703 ¹⁹
216 1662 268 1724 καί
280 1657 440 1723 ἐνετείλατο
458 1662 503 1741 τῳ”
523 1657 654 1741 ἇγγελῳ,
679 1658 780 1736 λέγων.
815 1656 852 1722 τὸ
870 1661 949 1744 ῥῆμα
968 1655 987 1722 5
1005 1661 1124 1741 ἐποίησε
1138 1658 1236 1723 Λαυὶδ
1253 1663 1284 1723 ἐν
1299 1656 1417 1739 ὀφθαλ-
1452 1687 1460 1722 ι

174 1745 263 1825 ἐντῷ
281 1741 446 1808 συντελέσαι
465 1740 581 1817 πάντας
593 1740 663 1816 τούς
676 1738 782 1818 λόγους
815 1752 882 1822 μοῖς
894 1747 1007 1828 κυρίου.
1445 1771 1460 1817 μ

174 1831 228 1890 τοῦ
241 1825 376 1908 πολέμου
393 1824 520 1908 λαλῆσαι
537 1822 614 1908 πρὸς
631 1823 685 1889 τὸν
696 1828 782 1911 βασι-
999 1829 1074 1888 ΚΕ
1085 1829 1124 1888 Φ.
1169 1818 1241 1888 ΙΒ’.

175 1909 244 1985 λέα,
270 1908 371 1971 2θκοιί
392 1911 476 1973 ἔσται
496 1908 550 1972 ἐὰν
566 1906 662 2001 ἀναβῇ
679 1905 696 1970 5
722 1915 779 1970 θυ-
815 1872 901 1971 Ka&
924 1903 1078 1972 ἀπέστειλε
1101 1901 1202 1992 κύριος
1226 1904 1280 1970 τὸν
1303 1900 1415 1970 Νόθαν
1457 1938 1460 1983 1

173 1991 226 2074 μὸς
238 1994 294 2056 τού
305 1989 458 2076 βασιλέως,
471 1991 523 2055 καί
535 1990 603 2082 είπη
616 2016 675 2065 σοι,
690 1995 722 2053 τί
733 1984 780 2053 ὅτι
816 1987 870 2054 τόν
878 1986 1037 2075 προφήτην
1044 1986 1122 2075 πρὸς
1134 1990 1238 2064 Δαυὶδ,
1249 1992 1298 2053 καὶ
1306 1989 1417 2091 εῖςήλθι
1450 1999 1460 2056 ’.ἰ

173 2072 313 2157 ήγγίσατε
330 2068 407 2154 πρὸς
423 2072 477 2136 τ“ν
495 2070 583 2137 πόλιν
600 2073 763 2156 πολεμῆσαι
767 2101 780 2152 ,·
815 2073 891 2158 πρὸς
903 2071 1007 2148 αὐτὸν,
1020 2071 1158 2138 καὶεῖπεν
1170 2071 1263 2154 αὐτῷ.
1277 2068 1331 2136 δύο
1343 2094 1417 2153 ησαν
1451 2086 1460 2137 ἰ

175 2155 230 2221 οὐκ
248 2155 341 2249 ᾔδειτε
353 2153 400 2219 ότι
412 2100 602 2231 τοίεύσουσιν
618 2152 781 2222 ἆπόνονθεν
816 2154 917 2240 ἄνδρες
929 2158 961 2220 ίν
973 2154 1058 2221 πόλει
1068 2160 1136 2239 μιᾷ,
1153 2155 1190 2231 είς
1201 2150 1350 2230 πλούσιος,
1368 2156 1417 2219 καί
1452 2184 1460 2196 ν

173 2243 231 2303 τοῦ
243 2244 353 2322 τείχους
357 2265 369 2315 ,·
394 2239 421 2278 ²¹
434 2244 479 2312 τίς
491 2234 621 2315 ἐπάταξε
632 2237 686 2302 τὸν
698 2237 778 2325 Ἀβι-
816 2239 855 2313 είς
866 2235 966 2321 πένης.
992 2242 1071 2303 2καί
1088 2244 1132 2321 τῷ
1149 2239 1283 2322 πλουσίῳ
1300 2226 1336 2322 ἦν
1348 2242 1416 2301 ποί·

172 2317 334 2405 ιιελεχυῖὸν
347 2315 584 2404 Ἶεροβοίοιλυῖοῦ
598 2317 687 2425 Νήρς
714 2320 780 2425 οὐηί
816 2345 885 2402 μνια
915 2325 967 2386 καί
992 2318 1136 2408 βουκόλια
1168 2320 1268 2387 πολλὰ
1293 2318 1413 2404 σφόδρα.

171 2402 243 2488 γυνή
263 2405 366 2490 ὲββιῳε
382 2400 500 2485 κλάσμα
515 2399 610 2488 μύλου
625 2408 664 2468 ἒπ
686 2400 780 2469 αὐτον
816 2405 895 2471 3καί
916 2408 962 2487 τῷ
978 2401 1083 2488 πένητι
1103 2402 1188 2470 οὐδέν
1207 2402 1269 2470 ἀλλ’
1291 2399 1415 2486 ἢύμνέις

172 2486 236 2555 ἀπὸ
249 2485 366 2552 ὐίνεοθεν
377 2491 433 2551 τοῦ
443 2491 569 2571 τείχους,
595 2489 647 2551 καὶ
659 2484 778 2552 ἆπέθα-
815 2493 869 2569 μία
893 2484 998 2571 μαρὰ,
1023 2485 1057 2571 ήν
1082 2484 1228 2572 ἐκτήσατο
1252 2491 1302 2552 καί
1324 2510 1414 2571 περιε-

170 2597 217 2638 νεν
241 2572 272 2635 ἐν
301 2571 437 2652 Οαμασί,·
476 2573 555 2636 ῐυατί
583 2567 780 2655 προςηγόγετε
816 2565 968 2672 ποιήσατο
999 2576 1052 2637 καὶ
1075 2567 1230 2656 ἐξέθρεψεν
1253 2567 1415 2675 αὐτήνκαὶ

170 2654 248 2739 πρὸς
266 2651 302 2718 τὸ
324 2665 431 2737 τεῖχοςς
461 2654 512 2716 καί
531 2655 610 2734 ἐρεῖς.
641 2661 695 2717 καί
709 2649 779 2729 γεὸ
817 2648 950 2736 ήδρυνθη
975 2653 1033 2735 μετ’
1063 2654 1157 2719 αὐτοῦ
1188 2658 1239 2720 καί
1261 2679 1334 2736 μετα
1357 2656 1415 2716 τῶν

170 2731 278 2810 δοῦλός
296 2760 349 2800 σου
370 2732 479 2820 Οὐρίας
497 2730 515 2797 5
534 2740 685 2809 Χετταῖος
702 2734 779 2798 εἰπέ-
816 2738 889 2798 υίοίν
901 2734 999 2800 αὐτοῦ
1013 2738 1063 2801 ἐπὶ
1075 2737 1112 2802 τὸ
1122 2736 1248 2815 αὐτὸ,ε’κ
1260 2740 1314 2802 τού
1323 2734 1414 2821 ἄρτου

169 2829 253 2883 θανε.
266 2819 352 2881 22καί
363 2821 418 2882 ίπο
438 2813 510 2899 εὐθη
522 2813 540 2879 5
554 2814 677 2892 ἅγγελος
686 2813 780 2900 Ἰωδβ
816 2813 913 2880 αὐτοῦ
925 2815 1020 2899 ἤσθιε,
1034 2824 1084 2887 καί
1097 2824 1128 2885 ἐκ
1140 2827 1197 2887 τοῦ
1206 2826 1352 2906 ποτηρίου
1359 2815 1414 2883 αὐ-

169 2898 246 2987 πρὸς
257 2897 312 2965 τόν
322 2904 384 2988 βασ
427 2895 709 2985 αελςἹερουσαλήμ,
727 2900 779 2962 καί
816 2901 871 2962 τοῦ
895 2901 986 2980 ἔπινε,
1012 2905 1064 2968 καί
1089 2909 1182 2971 ἐντῶ
1201 2900 1305 2987 κόλπῳ
1324 2900 1413 2967 αὐτοῦ

169 2986 347 3064 παρεγένετο
373 2983 425 3048 καί
443 2976 600 3064 ἀπήγγειλε
616 2986 661 3065 τῷ
679 2982 780 3046 Δαυίδ
815 2978 971 3062 ἐκάθευδε,
996 2989 1048 3052 καὶ
1066 2978 1103 3092 ήν
1121 2972 1204 3055 αὐτοί
1220 2984 1261 3064 ὡς
1272 2981 1413 3070 θυγάτηρ.

168 3061 269 3130 πάντα
295 3063 355 3129 ὅσα
379 3061 550 3148 ἀπήγγειλεν
574 3061 660 3148 αὐτῷ
685 3063 779 3150 Ἰοοᾶβ
815 3065 900 3130 4καί
929 3057 1004 3152 ἦλθε
1032 3075 1170 3158 παροδος
1186 3053 1240 3137 ιτοί
1266 3069 1349 3155 ἀνδρὶ
1371 3071 1413 3151 τῷ

168 3148 270 3213 πάντα
286 3145 326 3211 τό
346 3145 466 3231 ῥήματα
482 3150 541 3211 τοῦ
555 3147 698 3229 πολέμου.
727 3150 778 3212 καί
814 3147 968 3237 πλουσίῳ,
992 3159 1043 3221 καί
1055 3160 1193 3239 ἐφείσατο
1204 3138 1302 3240 λαβεῖν
1314 3156 1345 3217 ἐκ
1356 3155 1414 3216 τῶν

168 3227 317 3316 ἐθυμώθη
331 3230 429 3297 Δαυὶδ
438 3227 514 3316 πρὸς
524 3227 630 3316 Ἰονάβ,
653 3231 706 3296 καὶ
717 3229 777 3296 εἶπε
813 3242 959 3316 ποιμνίων
972 3237 1068 3305 αὐτοῦ
1081 3242 1133 3306 καί
1144 3242 1177 3304 ἐκ
1185 3236 1415 3324 τῶνβουκολίοιν

168 3313 244 3401 πρὸς
263 3313 316 3381 τὸν
328 3313 461 3410 όγγελρν.
488 3319 569 3380 ίυατί
579 3311 776 3399 προςηγόγετε
815 3315 910 3384 αὐτοῦ
921 3328 981 3388 τοῦ
992 3328 1118 3407 ποιήσαι
1130 3327 1176 3387 τοί
1183 3318 1256 3406 ξένῳ
1265 3316 1414 3402 ὁδοιπόρῳ

167 3426 192 3466 π
210 3399 244 3477 ὸς
261 3396 314 3505 τήν
330 3398 420 3491 πάλην
438 3401 493 3464 τοῦ
510 3400 694 3503 πολεμήσαις
720 3397 776 3465 οὐκ
813 3407 857 3484 τῷ
883 3402 1005 3474 ἐλθόντι
1029 3406 1106 3492 πρὸς
1131 3388 1236 3481 αὐτὸν,
1261 3405 1311 3469 καὶ
1326 3402 1413 3485 ὲλαβε

166 3426 259 3579 ᾕύειτε
284 3479 331 3548 ότι
358 3477 544 3570 οιτγήσεσθε
560 3481 626 3548 ὐπο
642 3487 700 3574 τού
716 3489 776 3549 τεί-
813 3486 869 3590 τήν
882 3487 1000 3573 οἰμνοίδα
1009 3497 1065 3557 τοῦ
1076 3488 1210 3574 πένητος,
1220 3489 1271 3552 καί
1280 3490 1414 3566 ἐποίησεν

165 3594 251 3652 χουςς
273 3573 319 3642 τίς
336 3568 465 3644 hem&
480 3564 534 3631 τὸν
545 3564 694 3653 Ἀβιμελεη
712 3566 776 3633 υῖὸν
814 3569 907 3659 αυτήν
924 3580 969 3660 τῳ
981 3575 1067 3661 ἀνδρὶ
1083 3578 1128 3658 τῷ
1140 3568 1259 3638 ἐλθόντι
1270 3565 1344 3670 πρὸς
1356 3563 1412 3628 αὖ·

164 3649 336 3739 Ἱεροβόαλς
362 3650 428 3736 οὐχί
444 3647 515 3734 γυνή
529 3651 647 3737 ἔρριψεν
658 3649 703 3717 ἐπ’
719 3650 775 3716 αὐ·
813 3653 876 3723 τόν.
897 3658 973 3725 6καί
984 3654 1132 3742 ἐθυμώθη
1144 3654 1219 3736 ὀργῆ
1230 3648 1324 3717 aava«)
1335 3644 1413 3728 σφό-

165 3732 221 3800 τὸν
245 3731 364 3819 κλοίσμα
387 3733 481 3816 μύλου
507 3730 644 3801 ἀπὸτοῦ
662 3743 774 3821 τείχους
813 3740 871 3828 δρα
895 3749 939 3826 τῷ
959 3741 1054 3829 ἀνδρί.
1080 3744 1131 3805 καί
1148 3724 1209 3804 εἶπέ
1227 3732 1320 3799 Δαυύδ
1335 3729 1412 3812 πρὸς

166 3820 217 3883 καί
230 3816 378 3884 ἀπέθανεν
391 3823 422 3884 ἐν
439 3821 576 3901 Θαμασίς
591 3823 671 3885 ίνατί
682 3848 774 3904 στρος-
812 3821 938 3891 Νόθαν.
966 3829 1000 3909 ζῆ
1012 3821 1120 3907 κύριος,
1141 3817 1188 3887 ὅτι
1200 3815 1264 3891 υίὸς
1274 3811 1410 3880 θανάτου

165 3897 290 3980 ηγέγετε
307 3900 384 3989 πρὸς
401 3899 437 3967 τὸ
454 3914 562 4050 τεῖηοςς
589 3906 618 3946 ²³
631 3906 683 3970 καί
695 3905 775 3972 εἶπεν
813 3906 831 3974 5
849 3905 925 3994 ἀνήρ
944 3907 962 3976 5
978 3897 1104 3991 ποιήσας
1122 3909 1229 3976 τοῦτο,
1260 3894 1410 3995 6καίῖτήο

166 3982 318 4064 ὅᾶνίέλῡς
330 3985 406 4070 πρὸς
420 3992 523 4050 Δαυ’.
548 3983 595 4052 ὅτι
609 3991 775 4075 ἐκραταίιο-
812 3991 833 4059 ἆ
855 3990 930 4059 νόδα
950 3990 1085 4057 ἆποτίσει
1100 3985 1324 4053 ἑπταπλασίονα
1340 3979 1408 4046 συθ

166 4094 223 4134 σαν
240 4067 283 4150 ἐφ’
303 4065 378 4152 ήμᾶς
405 4073 437 4134 οί
459 4067 559 4155 ἄνδρες
576 4075 628 4138 καί
646 4074 775 4158 ἐξῆλθον
811 4100 854 4141 ων
877 4072 925 4141 ότι
940 4074 1060 4158 ἐποίησε
1076 4069 1112 4137 τὸ
1130 4073 1208 4155 ρήμα
1230 4070 1337 4139 τοῦτο,
1362 4065 1413 4128 καί

164 4149 208 4234 ἐφ’
224 4149 300 4258 ήμᾶς
312 4157 351 4226 είς
364 4149 416 4216 τὸν
433 4150 540 4238 ἀγρὸν,
564 4158 616 4221 καί
632 4157 739 4245 ἐγενήθ
809 4149 925 4243 περλού
936 4157 992 4224 οὐκ
1004 4160 1153 4239 ἐφείσατο.
1178 4153 1255 4216 7καὶ
1267 4148 1328 4214 εἶπε
1340 4144 1412 4249 Naff-

164 4260 216 4319 W
228 4233 272 4302 Οὐ
287 4232 398 4310 αὖῐθὺς
411 4239 465 4337 ἕως
475 4240 529 4321 τῆς
543 4236 638 4322 θύρας
649 4249 702 4328 τής
713 4271 773 4311 πυ·
809 4253 874 4310 θαν
885 4240 960 4332 πρὸς
969 4242 1073 4308 Δαυίδ.
1087 4237 1125 4306 σύ
1139 4233 1194 4303 εἶὸ
1207 4233 1281 4318 ἀνήρ
1295 4233 1411 4333 ὁ(ποιη-

164 4319 225 4405 λης·
262 4320 294 4362 ²⁴
306 4320 358 4385 καί
383 4320 536 4395 ἕτοξευσαν
560 4327 591 4388 οῖ
610 4325 774 4407 τοξεύοντες
811 4354 864 4404 σας
880 4332 980 4395 τοῦτο.
1006 4324 1076 4392 τάδε
1095 4319 1169 4400 λέγει
1188 4317 1286 4406 κύριος
1305 4342 1322 4380 ο
1341 4324 1412 4385 θεος

163 4403 241 4488 πρὸς
260 4401 330 4480 τοὺς
348 4400 460 4479 παῖδάς
473 4429 527 4469 σου
540 4404 703 4479 ὐποίνωθεν
716 4420 773 4481 τοῦ
807 4409 934 4501 Ἰσραήλ.
961 4407 1020 4492 ἐγώ
1036 4415 1091 4495 είμι
1110 4404 1128 4473 5
1147 4412 1248 4492 χρίσας
1263 4427 1294 4466 σε
1306 4404 1345 4473 εἰς
1376 4422 1411 4459 α·

162 4495 290 4576 τείχους,
319 4490 371 4554 καί
392 4485 551 4559 ἀπέθανον
574 4499 635 4563 τοῖν
654 4499 773 4566 παίδων
811 4498 893 4568 πιλία
905 4493 1100 4586 ίπὶἸσραήλ,
1122 4493 1173 4559 καί
1190 4483 1249 4569 ε’γοί
1262 4490 1316 4568 εἰμι
1351 4481 1411 4583 ’ῥυ-

1320 4586 1412 4644 σαυηι
