2924 4972
111 227 178 294 810
434 211 659 274 ΗΣΑΙΑΣ
697 205 827 290 Κεφ·ξ’·
841 209 902 284 ξαί
914 207 966 274 60.
980 208 1031 274 61.

109 337 186 423 αῦτη
212 336 315 412 αὐτοῖς
340 336 360 419 ή
376 335 446 417 παρ’
476 338 551 417 ἐμοῦ
572 330 715 437 διαθήκη,
752 357 812 409 ται,
827 333 879 397 καί
895 329 934 396 τὰ
947 335 1025 415 ἔθνη
1044 334 1149 416 ἐρημία
1166 329 1363 420 ἐρημωθήσει

109 423 171 489 εἶπε
184 417 291 505 κύριος.
316 419 352 483 τὸ
369 422 483 499 πνεῦμα
502 415 540 482 τὸ
559 413 640 499 ἐμόν,
654 414 672 483 ό
685 420 716 480 ἒ-
752 440 811 481 ται.
838 415 866 458 ¹³
878 416 931 480 καὶ
943 411 961 498 ή
974 415 1048 492 δόξα
1066 419 1121 480 τοῦ
1134 416 1275 519 Λιβάνου
1285 419 1366 503 πρὸς

111 530 176 572 στιν
188 505 239 569 ἐπὶ
251 505 311 577 σοὶ,
330 502 383 566 καὶ
399 498 438 565 τά
451 501 571 587 ῥήματα
583 496 605 565 δι’
617 501 716 566 ἔδωκα
751 498 783 567 σὲ
796 495 871 583 ήξει,
896 502 928 565 ἐν
943 503 1120 603 κυπαρίσσιρ
1138 524 1190 563 και
1201 495 1297 582 πεύκη
1309 505 1366 568 καί

111 594 151 662 είς
163 587 199 651 τὸ
212 580 309 667 στόμα
322 581 430 659 σου,ού
441 582 482 668 μή
498 584 602 679 ἐκλίπη
614 586 647 648 ἐκ
659 587 717 648 τοῦ
751 584 847 669 κέδρῳ
860 577 923 666 άμα
934 577 1061 658 δοξάσαι
1079 607 1134 647 τον
1146 579 1245 648 τόπον
1256 570 1313 650 τόν
1326 583 1365 652 ά·

113 663 263 753 στόματός
283 693 355 743 σου,
378 668 430 732 καί
446 671 479 732 ἐκ
492 672 549 733 τοῦ
566 661 717 750 στόματος
751 665 818 747 γιόν
829 693 896 750 μου.
923 666 953 709 ¹⁴
965 669 1015 732 καὶ
1024 660 1223 749 πορεύσονται
1236 667 1316 753 πρὸς
1330 668 1364 735 σὲ

111 757 168 819 τοῦ
182 748 353 836 σπέρματός
370 777 446 828 σου,
472 750 534 816 είπε
545 750 604 835 γὰρ
613 748 716 841 κύριος
752 747 914 824 δεδοικότες
926 752 986 815 υίοί
997 744 1245 815 ταπεινωσάντων
1257 776 1300 827 σε,
1311 755 1366 818 καί

112 834 176 902 ἀπὸ
189 841 244 901 τοῦ
257 839 308 899 νῦν
319 837 372 899 καί
388 839 427 908 είς
439 833 493 900 τὸν
506 839 610 900 αίῶνα.
752 829 982 940 παροξυνάντων
995 858 1036 907 σε,
1059 834 1112 896 καί
1123 831 1262 937 κληθήση
1273 831 1365 913 πόλις

312 923 386 982 ΚΕ
400 923 438 982 Φ.
481 913 528 986 ἵ.
753 926 838 984 Σιων
856 915 944 995 ἆγίου
960 911 1092 1000 Ἰσραήλ.
1118 914 1207 981 22διὰ
1225 943 1263 982 το
1281 945 1365 999 γεγε-

116 974 273 1080 Φατίζου
290 1004 421 1083 φωτίζον
434 1001 638 1088 Ἰερουσαλήμ,
656 997 716 1086 ήκει
753 1007 867 1088 νήσθαί
878 1027 911 1068 σε
917 999 1208 1105 ἐγκαταλελειμμίνην
1218 1004 1270 1066 καί
1279 1029 1366 1086 μεμι-

111 1083 170 1172 γάρ
189 1111 243 1152 σου
262 1085 298 1151 τό
322 1089 400 1164 φῶς,
418 1087 469 1150 καί
485 1083 503 1169 ή
522 1083 595 1163 δόξα
612 1092 716 1191 κυρίου
753 1089 890 1191 σηηιίνην,
912 1085 965 1150 καί
982 1083 1038 1150 οὐκ
1055 1085 1092 1168 ήν
1111 1109 1129 1149 ο
1146 1088 1282 1170 βοηθῶν.
1311 1090 1365 1152 καί

112 1175 163 1236 ε’πί
188 1169 220 1235 οδ
242 1167 447 1235 δνατέταλκεν.
484 1169 583 1234 2ῖδού
609 1193 717 1245 σκοτος
753 1181 843 1236 θσω
861 1193 892 1233 σε
910 1167 1084 1251 άγαλλίαμα
1102 1166 1239 1245 αἰῶνισν,
1252 1168 1361 1256 εύφρο-

112 1249 239 1335 καλύψει
251 1257 316 1356 γήν,
329 1254 381 1316 καί
389 1246 501 1331 γνόφος
513 1251 557 1318 ἐπ’
572 1255 656 1337 ἔθνη,
668 1255 719 1319 ἐπὶ
755 1278 843 1338 συνην
856 1257 961 1330 γενεῶν
972 1263 1088 1330 γενεαῖς.
1114 1253 1143 1295 ¹⁰
1157 1254 1209 1316 καί
1220 1250 1364 1338 θηλάσεις

112 1336 145 1402 δὲ
163 1335 196 1402 σὲ
212 1359 371 1421 φανησεται
395 1332 513 1422 κύριος,
537 1339 589 1402 καί
606 1332 623 1421 ή
643 1333 718 1412 δόξα
755 1334 836 1416 γιίλα
855 1340 964 1413 ἐθνῶν,
993 1336 1044 1400 καί
1061 1334 1194 1399 πλοῦτον
1210 1336 1364 1422 βασιλέων

113 1419 207 1485 αύτοῦ
220 1421 271 1484 ἐπὶ
284 1418 317 1485 σὲ
329 1416 507 1504 ὀφθήσεται.
532 1420 600 1485 2καλ
611 1416 719 1502 πορεύ·
756 1417 894 1524 φάγεσαι,
915 1421 965 1484 καί
981 1414 1092 1510 γνῶση.
1117 1413 1164 1483 ότι
1183 1417 1244 1496 ἐγώ
1262 1417 1362 1502 κύριος

113 1528 215 1569 σσνται
225 1503 355 1588 βασιλεῖς
363 1508 408 1586 τῶ
418 1509 499 1584 φωτί
506 1529 572 1578 σου,
580 1505 632 1568 καί
643 1506 717 1587 ἔθνη
757 1530 775 1568 ο
789 1499 891 1580 σώζων
903 1529 944 1579 σε,
958 1505 1010 1567 καὶ
1026 1500 1231 1588 ἐξαιρούμενός
1244 1529 1279 1569 σε
1290 1503 1361 1580 θεὸς

112 1590 151 1678 τῇ
176 1581 367 1670 λαμπρότητί
389 1611 453 1650 σου.
490 1577 595 1671 2ι’ίρον
619 1582 718 1670 κύκλῳ
754 1583 884 1673 Ἰσραήλ
909 1589 936 1630 ¹⁷
949 1584 1079 1651 καὶᾶντί
1094 1585 1209 1671 χαλκοῦ
1223 1587 1302 1654 οἴσω
1316 1614 1361 1654 σοι

113 1666 183 1742 τούς
201 1665 382 1773 ὀφθαλμούς
401 1694 465 1743 σου,
483 1672 534 1735 καὶ
552 1672 593 1735 ἴδε
612 1693 719 1756 συνηγ-
755 1677 887 1756 χρυσίον,
901 1667 969 1735 ἀντὶ
981 1667 1013 1734 δὲ
1025 1664 1144 1755 σιδήρου
1156 1671 1234 1735 οἴσω
1247 1697 1294 1736 σοι
1307 1672 1360 1756 ἆρ-

113 1754 185 1836 μίνα
201 1776 241 1816 τα
258 1754 349 1817 τέκνα
368 1778 433 1818 σου.
455 1748 544 1836 ήκασι
559 1749 669 1829 πάντες
687 1757 719 1818 οί
755 1750 867 1841 γύριον,
881 1751 949 1819 σἰντὶ
966 1752 998 1818 δὲ
1014 1748 1124 1830 ξύλων,
1138 1755 1212 1819 οἴσω
1225 1779 1274 1820 σοι
1285 1757 1361 1839 χαλ·

114 1839 177 1900 υίοί
188 1862 243 1902 σου
253 1831 423 1942 μακρόθεν,
447 1839 498 1901 καί
511 1841 545 1901 αῖ
555 1841 718 1942 θυγατέρες
756 1835 820 1913 κόν,
834 1835 944 1904 σἰντίδὲ
957 1835 1054 1901 λίθοιν
1071 1840 1200 1922 σίδηρον.
1233 1839 1283 1902 καί
1297 1834 1360 1903 δοί-

114 1944 171 1984 σσυ
184 1917 229 1984 ἐπ’
241 1943 330 2001 αμονν
342 1916 538 2006 ἆρθήσονται.
552 1919 717 2013 2τοτεόφη,
757 1948 802 1987 σεο
815 1919 886 1996 τούς
904 1915 1050 2006 ἄρχοντάς
1064 1947 1121 1986 σου
1133 1924 1165 1985 ἐν
1176 1917 1281 2012 ελρήνη,
1307 1924 1362 1987 καί

114 2004 163 2065 καί
182 1998 356 2087 φοβηθήση,
376 2005 427 2066 καί
443 2000 571 2096 ἑκστήση
588 2008 626 2096 τῇ
643 2029 718 2089 καρ-
756 2001 827 2079 τούς
851 2003 1031 2080 ἐπισκόπους
1053 2030 1108 2070 σου
1130 2007 1160 2070 ἔν
1178 2000 1360 2096 δικαιοσύνη.

114 2085 175 2168 δίη,
186 2080 234 2149 ότι
245 2072 406 2173 μεταβαλεῖ
415 2089 454 2160 είς
464 2085 498 2151 σε’
509 2085 642 2162 πλοῦτος
654 2097 718 2152 θα-
755 2089 784 2134 ¹⁸
796 2089 848 2153 καί
860 2086 916 2154 ούκ
928 2084 1151 2192 ἀκουσθήσεται
1164 2089 1208 2153 ἔτι
1221 2086 1322 2154 άδικία
1332 2096 1363 2156 ἐν

114 2163 232 2251 λάσσης,
249 2169 300 2233 καί
318 2173 418 2236 ἐθνῶν
433 2172 485 2236 καί
501 2169 594 2247 λαῶν,
618 2172 669 2234 καὶ
682 2169 717 2257 ή-
756 2176 793 2266 νή
809 2174 849 2260 γή
865 2197 935 2249 σου,
948 2169 1019 2237 οῦδὲ
1032 2196 1208 2258 συντριμμα,
1222 2171 1294 2237 οῦδὲ
1306 2198 1362 2239 τα-

113 2253 196 2327 ξουσί
207 2277 254 2318 σοι
280 2251 414 2332 2ἆγελαι
426 2249 582 2337 καμήλων,
595 2255 646 2319 καί
662 2280 718 2319 κα-
756 2255 907 2341 λαιπυιρία
929 2259 960 2320 ἐν
980 2266 1044 2328 τοῖς
1070 2251 1164 2342 ὁρίοις
1184 2281 1257 2332 σου,
1280 2253 1362 2322 άλλά

114 2331 248 2420 λύψουσί
256 2361 294 2413 σε,
304 2336 429 2421 κάμηλοι
439 2334 571 2420 Μαδιάμ
578 2339 630 2403 καί
643 2342 716 2403 Γαι·
755 2335 935 2440 κληθήσεται
946 2335 1091 2438 σωτήριον
1099 2338 1138 2404 τὰ
1148 2345 1224 2445 τείχη
1239 2365 1306 2418 σου,
1311 2343 1362 2405 καί

114 2415 166 2500 φοί.
193 2415 302 2495 πάντες
313 2425 346 2486 ἐκ
359 2419 448 2508 Σαβὰ
465 2418 569 2505 ήξουσι
579 2423 718 2507 φέροντες
756 2427 789 2487 αῖ
801 2422 894 2487 πυλαι
904 2449 961 2488 σου
970 2421 1097 2506 γλυμμα.
1111 2423 1195 2486 12και
1207 2420 1263 2487 οῦκ
1276 2426 1362 2489 ἐσται

113 2509 243 2587 χρυσίον,
257 2506 308 2568 καί
321 2505 443 2593 λίβανον
458 2507 589 2582 οἴσουσι,
615 2508 667 2570 καί
679 2503 716 2569 τό
757 2531 803 2572 σοι
817 2509 859 2570 ἔτι
878 2503 896 2571 ὁ
915 2505 995 2589 ήλιος
1010 2510 1049 2580 είς
1064 2507 1128 2586 φῶς
1146 2500 1269 2587 ἡμέρας,
1290 2505 1362 2572 οῦδὲ

115 2583 263 2673 σωτήριον
275 2595 380 2674 κυρίου
392 2587 637 2666 εύαγγελιοῦνται.
653 2589 719 2653 2καλ
756 2587 889 2672 σἰνατολή
907 2586 1023 2674 σελήνης
1040 2596 1144 2669 φατιιῖ
1159 2611 1213 2651 σου
1231 2586 1287 2667 τήν
1304 2587 1362 2652 νύ-

114 2669 216 2735 πάντα
229 2672 269 2736 τόν
285 2669 427 2758 πρόβατα
440 2680 473 2736 Κ
474 2672 547 2758 ηδὰρ
568 2668 718 2757 συναχθή-
756 2699 823 2750 κτα,
841 2671 905 2738 ἀλλ’
925 2678 1007 2739 ἔσται
1023 2696 1070 2737 σοι
1087 2664 1184 2756 κύριος
1197 2673 1262 2749 φῶς
1279 2669 1360 2736 αἰῶ·

114 2778 228 2828 σονται,
253 2757 305 2818 καὶ
327 2759 405 2839 κριοί
426 2761 482 2819 Nu
503 2754 586 2821 αιῶθ
607 2753 718 2840 ήξουσι,
757 2783 829 2834 νιον,
843 2759 895 2823 καί
913 2755 930 2821 ὁ
947 2755 1018 2833 θεὸς
1035 2750 1107 2831 δόξα
1125 2779 1186 2818 σου.
1211 2751 1287 2816 2οοῦ
1299 2752 1361 2841 γὰρ

113 2839 165 2898 καί
177 2833 396 2921 ἀνενεχθήσεται
407 2840 494 2904 δεκτα
506 2842 556 2904 ἐπὶ
566 2839 600 2906 τὸ
610 2850 718 2906 θυσια·
756 2838 904 2906 δύσεταιὸ
919 2837 1001 2924 ήλιός
1019 2865 1078 2914 σοι,
1097 2839 1148 2903 καί
1162 2833 1181 2913 ή
1196 2833 1300 2940 σελήνη
1314 2864 1361 2903 σοι

114 2914 233 3003 στήριόν
245 2946 311 3003 μου,
330 2924 379 2985 καί
397 2918 510 2997 ῦοίκος
528 2928 580 3004 της
597 2949 719 3006 προςευ-
757 2923 812 2989 οὐκ
834 2924 967 3008 ἐκλείψει.
1001 2926 1085 2987 ἔσται
1107 2918 1167 3004 γάρ
1188 2946 1233 2986 σοι
1258 2945 1359 3006 κυριος

114 3006 164 3104 χής
181 3028 240 3086 μου
257 3001 486 3088 δοξασθήσεται.
517 3008 533 3050 ⁸
551 3013 626 3082 τίνες
644 3009 715 3082 οἵδε,
755 3013 819 3089 φῶς
832 3004 961 3082 αῖῶνισν,
978 3008 1030 3069 καί
1048 3000 1358 3090 άναπληρωθήσονται

113 3112 153 3158 ως
170 3087 286 3166 νεφέλαι
304 3091 462 3166 πέτανται,
486 3090 537 3154 καὶ
555 3088 620 3165 ῶςελ
635 3116 714 3177 περι·
755 3096 789 3157 αῖ
803 3089 908 3192 ήμέραι
927 3093 981 3154 τοῦ
999 3093 1131 3163 πένθους
1151 3114 1214 3153 σου.
1241 3091 1268 3131 ²¹
1281 3085 1360 3153 καὶὸ

114 3172 214 3252 στεραί
233 3168 288 3235 σύν
304 3184 421 3246 νοσσοῖς
432 3171 475 3236 ἐπ’
493 3175 560 3255 ίμές
585 3173 664 3257 2ε’μεῖ
682 3179 717 3240 αί
755 3174 830 3249 λαος
842 3199 896 3239 σου
908 3179 970 3249 πῶς
982 3175 1104 3247 δίκαιος,
1118 3169 1151 3237 δι’
1168 3175 1277 3247 αἰῶνος
1289 3170 1361 3255 κλη-

112 3257 195 3335 νήσσι
210 3249 376 3335 ὑπέμειναν,
389 3257 440 3320 καί
453 3255 547 3321 πλοῖα
564 3258 718 3341 Θαρσίςίν
755 3253 951 3343 ρονομήσουσι
969 3256 1025 3340 τήν
1040 3259 1111 3337 γήν,
1143 3253 1307 3336 φυλάσσων
1325 3252 1359 3321 τὸ

112 3333 254 3422 πρώτοις,
282 3335 404 3418 άγαγεῒν
422 3337 460 3405 τά
479 3342 566 3404 τέκνα
583 3368 639 3407 σου
656 3369 716 3424 μα-
755 3340 885 3423 φύτευμα
898 3337 972 3424 ἔργα
984 3343 1088 3423 χειρῶν
1102 3336 1200 3403 αῦτοῦ
1212 3343 1251 3414 εἷς
1262 3333 1358 3416 δόξαν.

112 3417 232 3502 κρόθεν,
245 3422 364 3489 καὶτὸν
377 3421 507 3530 ἄργυρον
518 3427 569 3489 καὶ
582 3423 634 3489 τὸν
646 3450 714 3527 χρυ·
755 3427 784 3466 22
798 3419 815 3488 ὁ
828 3420 984 3502 ὀλιγοστὸς
996 3420 1081 3485 ’ἔσται
1094 3424 1134 3496 είς
1145 3418 1293 3506 χιλιάδας,
1311 3423 1360 3485 καί

113 3505 167 3570 σδν
180 3506 281 3572 αύτῶν
296 3507 355 3590 μετ’
378 3515 493 3585 αυτῶν,
506 3511 558 3575 καί
569 3508 619 3574 διά
631 3534 667 3572 το
681 3507 713 3573 ό·
759 3505 768 3528 ‘
786 3503 939 3593 ἐλάχιστος
958 3510 996 3581 εῖς
1010 3503 1103 3580 ἔθνος
1119 3509 1205 3588 μέγα.
1234 3503 1293 3584 ἕγῶ
1308 3500 1359 3569 κύ·

113 3612 190 3673 νομα
203 3597 306 3674 κυρίου
317 3589 353 3655 τό
373 3588 474 3668 άγιον,
486 3592 599 3659 καῖδιόι
613 3591 649 3656 τό
662 3591 716 3656 τὸν
755 3618 819 3678 ριος
829 3589 908 3658 κατά
921 3588 1025 3675 καιρὸν
1038 3585 1153 3666 συνάξω
1167 3586 1288 3666 αύτούς.

112 3666 199 3746 άγιον
212 3677 267 3736 τοῦ
277 3670 398 3760 Ἰσραήλ
410 3678 528 3752 ε”νδοξον
540 3675 621 3741 εἶναι.
634 3678 718 3741 2οκαὶ
940 3680 974 3738 Κ
985 3681 1015 3738 E
1029 3678 1067 3736 (ί).
1111 3667 1192 3740 ΞΑ’.

112 3753 356 3838 σλκοδομήσσυσιν
386 3758 548 3838 ἆλλογενεῖς
574 3760 614 3825 τύ
639 3761 716 3843 τείχη
755 3725 906 3843 Πνεῦμα
923 3763 1025 3843 κυρίου
1044 3753 1090 3820 ἐπ’
1109 3755 1171 3838 ἐμὲ,
1202 3748 1240 3819 οῦ
1258 3760 1362 3821 εἵνεκεν

112 3861 177 3910 σου,
190 3842 241 3903 καί
253 3842 283 3902 οί
299 3842 429 3926 βασιλεῖς
448 3842 549 3909 αὐτῶν
560 3842 717 3946 παραστή·
757 3841 856 3929 ίχρισέ
877 3869 928 3924 με,
954 3839 1203 3919 εὐαγγελίσασθαι
1228 3851 1362 3923 πτωχοῖς

111 3927 215 3984 σονταί
232 3947 288 3985 σοι.
315 3921 364 3988 διὰ
382 3924 439 4008 γάρ
459 3924 552 4031 ὀργήν
564 3953 625 4029 μου
643 3930 716 3991 ἐπα·
755 3925 931 3992 δπὲσταλκέ
944 3951 989 4009 με,
1010 3920 1160 3989 ἶάσασθαι
1178 3920 1248 3997 τούς
1261 3947 1363 3987 συντε-

113 3997 190 4078 ταξά
209 4029 256 4076 σε,
274 4007 326 4068 καὶ
343 4005 393 4072 διὰ
410 4010 496 4076 ἔλεον
515 4009 658 4094 ηγαπησά
675 4035 716 4073 σε.
755 4035 802 4095 τρι
823 4013 927 4093 μένους
941 4007 994 4094 τήν
1007 4010 1141 4094 καρδίαν,
1155 4001 1276 4091 κηρύξαι
1294 4010 1362 4090 αἰχ-

113 4087 199 4150 11καί
222 4085 452 4172 ἀνοιχθήσουται
482 4099 515 4158 αἱ
541 4088 634 4159 πύλαι
663 4119 718 4157 σου
755 4038 906 4177 μαλίύτοις
929 4093 1049 4173 ἄφεσιν,
1075 4092 1126 4155 καί
1142 4089 1267 4172 τυφλοῖς
1286 4086 1364 4155 δινά-

111 4168 400 4255 δῑαπαῖῖόῖ»ἧμε’ρας
413 4174 582 4252 καίνυκτός
595 4174 718 4241 οδκλει-
754 4179 873 4265 βλεψιν,
912 4181 928 4219 2
950 4176 1072 4243 καλέσαι
1098 4172 1232 4242 ἐνιαυτὸν
1257 4180 1364 4260 κυρίου

112 4250 295 4338 σθήσονται,
318 4258 479 4335 εῖςαγαγεῖν
492 4257 568 4338 πρὸς
582 4257 614 4322 σὲ
628 4256 718 4324 δύνα-
755 4261 873 4338 δεκτόν,
908 4263 959 4327 καί
985 4258 1096 4345 ἡμέραν
1121 4252 1364 4334 ἀνταποδόσεως,

107 4365 157 4419 μιν
172 4342 278 4414 ἐθνῶν,
289 4339 339 4402 καί
351 4342 480 4425 βασιλεῖς
494 4343 594 4406 αὐτῶν
608 4341 718 4425 σἰγομὲ-
755 4346 967 4431 παρακαλέσαι
989 4341 1106 4418 πάντας
1124 4340 1194 4418 τούς
1211 4347 1366 4408 πενθοῦν·

107 4448 186 4499 νους.
211 4426 238 4465 ¹²
254 4417 291 4487 τά
304 4420 362 4510 γὰρ
377 4427 451 4510 ἔθνη
472 4426 523 4491 καί
537 4427 717 4531 οίβασιλαῖς,
756 4456 818 4506 τας,
845 4431 1005 4511 2δοθήναι
1028 4438 1090 4503 τοῖς
1111 4430 1259 4492 πενθοῦσι
1284 4423 1368 4493 Σιῶν

100 4511 207 4590 οἵτινες
223 4505 262 4576 ού
275 4505 470 4579 δυυλεύσουσί
482 4535 537 4589 σοι,
563 4509 716 4577 απολοῦν-
756 4511 859 4590 αόιοῖς
884 4509 974 4589 δόξαν
999 4512 1067 4577 ἀντὶ
1092 4510 1219 4588 σποδοῦ,
1238 4508 1369 4619 άλειμρα

1315 4623 1366 4660 ευ-
