2924 4972
361 260 643 323 momoz
680 253 1019 340 τιφιιιςευουο.
1255 261 1314 326 17⁵

66 384 109 446 πέ
177 383 232 443 τοῦ
255 377 426 462 Ἰορδάνου,
455 378 507 440 καί
524 376 579 450 τάς
597 388 673 461 τρεῖς
705 376 743 441 τὸ
758 373 897 459 αίματάν
914 375 1117 481 φονεύσαντα,
1143 377 1198 443 ούκ
1216 375 1315 465 ἔνοχός

65 405 166 536 πόλέές
184 460 291 527 δοίσετε
308 465 340 524 έν
357 464 398 551 γῆ
413 454 550 523 Χαναάν.
577 484 672 540 φυνα-
705 463 776 524 ἔστι.
803 461 836 503 ²⁰
848 464 879 525 ἰν
889 486 949 547 γαρ
963 464 1002 565 τῆ
1014 455 1100 524 πόλει
1113 465 1166 544 τῆς
1177 487 1314 541 καταφυ-

67 548 144 611 δεῖον
156 549 240 610 ἔσται
264 544 292 586 ¹⁸
306 554 367 618 τοῖς
381 547 456 616 υίοῖς
467 541 605 625 Ἰσραὴλ,
624 544 675 606 καὶ
703 547 757 625 γῆς
769 549 944 608 κατοικείτω
961 551 1018 618 ἑως
1031 543 1070 607 ἀν
1080 539 1227 630 ἀποθάνη
1240 540 1258 609 ὅ
1272 547 1315 609 ίε-

69 634 112 711 τῷ
129 623 304 712 προςηλύτῳ
317 628 368 689 καί
379 629 423 707 τῷ
435 630 573 708 παοοίκῳ
586 628 630 706 τῷ
643 626 674 688 έν
705 625 770 708 ρεύς
782 621 800 689 ὁ
812 628 919 708 μένας,
944 629 997 690 καί
1010 626 1083 708 μετά
1096 621 1134 690 τὸ
1147 624 1315 693 ἀποθανεῖν

68 708 145 793 ὑμῖν.
171 713 291 775 ἔσονται
307 712 341 772 αῖ
353 705 452 781 πόλεις
465 688 554 772 αύται
567 712 606 782 είς
618 731 676 787 φυ-
708 706 760 770 τὸν
774 711 852 792 ίιρέα
865 708 919 773 τὸν
929 712 1030 791 μέγαν,
1048 704 1314 794 έπαναστραφῆσε-

68 788 271 879 ναδευτῆριον,
289 803 388 894 φυγεῖν
400 795 460 856 ἐκεῖ
469 792 562 855 παντί
573 784 674 854 πατά-
707 811 757 850 ται
770 784 788 850 ὅ
802 786 947 868 φονεύσας
965 796 1004 866 είς
1015 790 1071 874 τῆν
1082 797 1139 876 νῆν
1153 797 1206 876 τῆς
1219 816 1315 857 κατα-

69 882 151 954 ξαντι
172 873 272 960 ψυχῆν
289 880 444 949 ακουσίας.
482 870 577 936 16έάν
594 873 628 937 δέ
643 874 676 936 έν
708 873 832 953 σχέσεως
857 871 961 937 αύτού.
998 874 1030 916 ²⁹
1043 877 1094 937 καί
1110 880 1195 939 ἔσται
1215 879 1314 940 ταῦτα

70 956 161 1024 σκεύει
174 955 296 1041 σιδῆρυυ
307 957 427 1041 πατάξη
441 954 547 1032 αύτόν,
563 959 615 1020 καί
628 979 674 1019 τε-
708 949 775 1034 ύμίν
787 957 826 1026 εἰς
839 954 984 1036 δικαίωμα
996 960 1135 1039 κρίματος
1146 963 1186 1032 εἰς
1198 958 1254 1032 τὰς
1265 984 1314 1036 νε-

68 1039 210 1133 λευτῆση,
224 1037 364 1125 φονευτῆς
377 1033 453 1115 ἐστι,
471 1033 600 1122 θανάτῳ
612 1047 676 1102 θα·
708 1032 773 1108 νεάς
795 1032 877 1118 ὑμῶν
899 1038 929 1099 lv
945 1031 1056 1111 πάσαις
1071 1050 1137 1112 ταῖς
1153 1047 1315 1114 κατοικίαις

69 1120 259 1191 νατούσθωὸ
272 1119 423 1206 φονευτῆς.
441 1121 532 1184 11έάν
544 1120 576 1184 δὲ
588 1123 618 1183 έν
629 1120 676 1184 λί-
710 1114 802 1201 ὑμῶν.
842 1118 874 1160 ³⁰
887 1120 947 1190 πάς
969 1115 1106 1193 πατάξας
1121 1121 1239 1204 φνχῆν,
1264 1123 1314 1188 διὰ

67 1219 118 1292 θῳ
131 1213 163 1272 ἐκ
176 1205 272 1291 χειρὸς
285 1210 316 1270 ἐν
329 1197 354 1288 ᾧ
368 1203 568 1267 ἀποθανεῖται
580 1207 610 1265 ἐν
623 1198 679 1264 αύ-
709 1194 871 1301 μαρτύρεον
887 1195 1032 1279 φονεύσεις
1051 1201 1105 1263 τὸν
1122 1198 1316 1279 φονεύσαντα,

68 1295 113 1372 τῷ
151 1285 246 1377 ατάξη
261 1284 365 1359 αὐτὸν,
385 1287 435 1348 καί
448 1279 606 1368 ἀποθάνη,
623 1308 680 1361 φο-
711 1285 887 1366 καλμαρτυς
902 1281 941 1356 είς
958 1280 995 1345 ού
1007 1278 1186 1367 μαρτυρῆσει
1199 1285 1248 1345 ίπί
1291 1296 1294 1301 “

70 1366 171 1452 νευτῆς
187 1374 268 1439 ἐστι,
293 1362 421 1447 θανάτῳ
438 1362 646 1430 θανατούσθω
663 1359 681 1428 ὁ
711 1363 765 1448 φῆν
776 1363 950 1428 ἀποθανεῖν.
969 1365 996 1406 ³¹
1006 1365 1057 1429 καί
1068 1360 1106 1428 ού
1116 1303 1319 1448 λῆφεσθελΐ-

72 1445 225 1533 φονευτῆς.
257 1448 353 1513 ιι’έύιν
374 1448 405 1511 δὲ
422 1451 453 1512 έν
470 1443 559 1512 σκεύει
575 1447 679 1530 ξυλίνῳ
711 1471 770 1532 τρα
781 1449 849 1531 περί
864 1451 962 1552 φυηῆς
979 1443 1065 1532 παρά
1082 1450 1140 1511 τοῦ
1155 1443 1317 1529 φονεύσαν·

73 1539 106 1597 ἐκ
118 1531 213 1617 χειρὸς
228 1533 258 1607 ἐξ
276 1522 312 1594 σύ
330 1528 528 1595 ἀποθανεῖται
545 1533 577 1594 έν
593 1527 678 1614 αὐτῷ
708 1554 761 1604 τος
785 1535 843 1596 τοῦ
871 1534 974 1615 ίνοχου
997 1530 1086 1606 ὄντος
1110 1528 1316 1618 ἀναιρεθῆναι,

74 1610 195 1707 πατάξη
208 1610 314 1689 αὐτὸν,
341 1616 391 1678 καί
409 1609 534 1678 ἀποθάν
553 1636 678 1694 ,φονευ-
707 1608 835 1698 θανάτῳ
859 1613 919 1699 νάρ
936 1609 1196 1697 θανατωθῆσεται.
1234 1616 1265 1658 ³²
1277 1615 1316 1681 σύ

76 1693 129 1782 τῆς
141 1701 215 1774 ἐστι,
230 1692 356 1780 θανάτῳ
368 1641 574 1762 θανατσύσάω
588 1692 606 1760 ὁ
619 1721 677 1778 φο-
707 1692 842 1782 λῆφεσθε
866 1698 962 1781 λύτρα
980 1701 1037 1761 τού
1053 1707 1154 1775 φυγεῖν
1171 1702 1210 1772 εῖς
1227 1697 1316 1764 πάλιν

73 1778 181 1863 νευτῆς.
206 1775 264 1842 ¹⁹5
278 1774 456 1864 ἀγχιστεύων
469 1778 504 1844 τὸ
518 1780 603 1861 αίμα,
622 1769 677 1843 σύ·
707 1783 768 1843 των
784 1780 1037 1864 φυγαδευτηρίιον,
1063 1784 1119 1844 τού
1134 1776 1225 1846 πάλιν
1240 1807 1316 1846 κατ-

71 1890 122 1938 τος
142 1862 298 1928 ἀποκτενεῖ
307 1859 361 1927 τὸν
381 1858 576 1945 φονεύσαντα.
601 1858 676 1926 ὅταν
706 1872 796 1927 οικιῖν
809 1865 859 1927 ἐπὶ
870 1868 922 1947 τῆς
933 1867 997 1946 γῆς,
1021 1867 1077 1938 ἕως
1089 1859 1313 1960 ἀνάποθάνηύ

73 1944 216 2029 συναντῆσ
248 1944 331 2029 αὐτῷ
343 1937 442 2021 ούτος,
455 1944 612 2011 ἀποκτενεῖ
619 1942 676 2010 αὖ·
708 1945 797 2048 ἱερεύς
809 1942 827 2009 ὅ
839 1950 940 2030 μένας,
957 1946 986 1988 ³³
998 1949 1050 2010 καί
1061 1946 1097 2012 ού
1109 1946 1150 2031 μῆ
1163 1973 1314 2029 φονοκτο-

72 2026 134 2094 τόν.
160 2031 190 2072 ²⁰
203 1974 256 2095 Ιέιν
274 2027 306 2092 δέ
324 2027 358 2093 δι’
375 2032 486 2114 ἔχθραν
497 2027 560 2111 ὤση
571 2024 675 2100 αὐτὸν,
707 2051 813 2131 νησητε
823 2028 878 2113 τῆν
888 2034 944 2113 γῆν
957 2033 995 2103 είς
1009 2025 1044 2114 ῆν
1057 2026 1132 2112 ύμεῖς
1144 2044 1313 2108 κατοικεῖτε,

72 2113 248 2197 καίέπιῤῥίφ
291 2109 335 2175 ἐπ’
352 2109 445 2176 αὐτὸν
456 2117 518 2177 πάν
530 2104 677 2186 σ’κεύοςέξ
708 2135 744 2174 το
767 2111 825 2197 γὰρ
851 2113 926 2193 αίμα
948 2116 1038 2175 τοῦτο
1064 2127 1239 2214 φονοκτονεῖ
1259 2111 1314 2199 τῆν

72 2196 200 2279 ἐνέδραν,
213 2222 265 2259 και
277 2190 437 2285 ἀποθάνη,
459 2197 487 2236 ²¹
500 2192 519 2276 ἢ
532 2193 582 2258 διὰ
593 2197 678 2276 μῆνιν
708 2198 775 2275 γῆν,
801 2196 851 2256 καί
862 2194 917 2258 ούκ
930 2193 1154 2278 έξιλασθησεται
1167 2193 1185 2279 ῆ
1197 2200 1237 2296 νῆ
1249 2194 1313 2260 ἀπὸ

72 2273 214 2353 ἐπάταξεν
226 2275 320 2354 αὐτὸν
332 2280 370 2369 τῇ
382 2279 466 2362 χειρί,
491 2279 542 2339 καί
554 2268 678 2340 ἀποθά-
710 2277 766 2339 τού
783 2279 819 2337 αί
860 2300 909 2349 τος
926 2279 982 2339 τοῦ
999 2279 1175 2360 ἐκχυθέντος
1191 2282 1231 2343 ἐπ
1257 2276 1314 2342 αύ-

72 2385 122 2443 νη,
140 2355 268 2442 θανάτῳ
280 2352 678 2431 θανατούσθωὸπατάξας,
710 2354 808 2439 τῆς,ἀ
842 2354 980 2421 ’ίπίτοῦ
993 2362 1120 2439 αἵματος
1133 2362 1315 2443 τοῦέκχέον-

72 2431 216 2522 φ’«ονευτῆς
228 2445 306 2513 ἐστι,
330 2437 459 2522 θανάτῳ
471 2433 679 2505 θανατούσθω
711 2462 772 2509 τος.
796 2438 827 2479 ³⁴
837 2441 888 2500 καί
898 2435 935 2501 ού
948 2450 1073 2518 μιανεῖτε
1086 2441 1205 2542 τῆνμῆτ
1219 2440 1263 2519 ἐφ’
1279 2427 1316 2524 ῆς

72 2526 92 2590 ὁ
120 2516 258 2603 φονεύων.
296 2517 314 2583 ὁ
343 2516 521 2622 ἀνηιστεύων
545 2519 581 2582 τὸ
608 2518 679 2598 αίμα
711 2516 927 2582 κατοικεῖτεέτέ
944 2516 1049 2600 αὐτῆς,
1078 2523 1114 2598 ἒφ
1138 2547 1171 2620 ης
1189 2520 1247 2596 ἐγὼ
1260 2548 1316 2585 κα.

71 2605 233 2670 ἀποκτενεῖ
247 2601 301 2666 τὸν
313 2626 499 2683 φονευσαντυ
512 2605 543 2664 έν
555 2604 600 2681 τῷ
613 2623 681 2662 συν-
711 2603 848 2682 τασκηνῶ
874 2602 905 2662 έν
922 2594 999 2679 ύμῖν.
1039 2598 1098 2676 ἐγώ
1113 2628 1172 2687 γαρ
1190 2606 1245 2683 είμι
1262 2599 1315 2666 κύ-

72 2692 202 2772 αντῆσαι
215 2683 309 2768 αύτῷ.
347 2687 378 2726 ²²
390 2683 441 2749 ἒάν
458 2681 490 2748 δὲ
506 2677 628 2759 ἐξάπινα
642 2678 679 2746 ού
711 2706 775 2768 ριος
800 2685 993 2764 κατασκηνοῖν
1016 2684 1047 2746 έν
1061 2687 1145 2770 μέσῳ
1164 2689 1224 2750 τῶν
1241 2688 1314 2751 υῖιῦν

70 2771 105 2837 δι’
122 2767 312 2876 ι”ηθρανάση
326 2765 429 2842 αὐτὸν,
444 2764 463 2850 ῆ
476 2768 617 2858 ἰπιρῥίφη
630 2762 675 2830 ἐπ’
707 2761 839 2852 Ἰσραῆλ.
1110 2846 1118 2870 Ι

72 2849 419 2956 αύτονπᾶνσκεῦοηούιι
433 2852 602 2936 ε’ξένέδρσυ,
621 2847 677 2933 23ῆ
707 2899 794 2997 Kal
815 2958 876 3017 προ
891 2855 1013 2914 xm».
1057 2859 1128 2927 Λς.

69 2941 161 3003 παντί
173 2938 263 3018 λίθῳ,
280 2940 311 2999 ἐν
323 2963 348 3018 ῳ
363 2933 563 2998 ἀποθανεῖται
575 2935 607 2997 έν
619 2930 676 2996 αύ-

70 3026 115 3104 τῷ
131 3019 186 3084 ούκ
200 3019 297 3094 είόὠς,
310 3020 361 3081 καί
373 3020 498 3101 έπεπέση
510 3015 554 3082 ἐπ’
571 3013 675 3088 αύτὸν,
709 3021 781 3080 υἶεῦν
798 3015 929 3080 Γαλααδ
947 3020 1013 3080 υίού
1030 3025 1137 3103 Μαχιρ
1156 3022 1224 3082 υίοῦ
1235 3026 1311 3084 Μα-

69 3105 123 3168 καί
147 3096 307 3193 ἀπρθάνη,
332 3098 421 3176 αύτός
444 3090 551 3165 δέόύκ
569 3093 675 3184 ἐχθρὸς
707 3102 801 3184 νυσσῆ
813 3103 845 3163 έκ
857 3104 909 3184 τῆς
922 3100 1014 3186 φυλῆς
1027 3106 1100 3166 υῖιῦν
1114 3099 1234 3185 Ἰωσῆφ,
1259 3099 1310 3168 καί

70 3185 165 3251 αὐτοῦ
191 3185 240 3270 ἦν,
266 3182 333 3248 οὐδὲ
356 3188 449 3267 ζητῶν
475 3186 674 3264 κακοποιῆσαι
707 3179 852 3265 ἐλάλησαν
870 3186 967 3248 ἔναντι
985 3190 1122 3270 Μωυσῆ,
1147 3189 1197 3250 καὶ
1214 3189 1310 3250 ἔναντι

69 3265 171 3334 αὐτόν.
193 3268 224 3308 ²⁴
235 3268 286 3330 καί
298 3263 415 3350 κρινεῖῆ
430 3262 584 3350 συνανωνῆ
598 3265 673 3329 ἀνα·
704 3262 845 3350 Ἐλεάζαρ
863 3271 919 3330 τοῦ
939 3271 1047 3351 ίιρέως,
1073 3271 1124 3331 καί
1141 3272 1238 3332 ἔναντι
1250 3273 1310 3332 τῶν

68 3355 161 3434 μέσον
184 3353 239 3413 τού
255 3346 445 3423 πατάξαντος
461 3351 512 3412 καί
526 3347 674 3430 ἀναμέσον
707 3345 857 3431 ἀρχόντων
881 3349 971 3410 οἴκων
994 3354 1129 3433 πατριῶν
1154 3354 1214 3412 τῶν
1238 3353 1310 3414 υῖῶν

67 3439 128 3499 τοῦ
145 3424 363 3513 ἀγχιστεύοντος
381 3429 417 3490 τὸ
431 3429 518 3508 αίμα,
544 3429 623 3493 κατὰ
634 3424 674 3491 τά
703 3427 836 3514 Ἴσραῆλ,
860 3431 939 3498 2καί
951 3429 1044 3493 εἶπαν.
1069 3434 1115 3512 τῳ
1127 3437 1218 3514 κυρίῳ
1229 3429 1310 3514 ἡμῶν

67 3521 200 3599 κρίματα
213 3513 319 3574 ταῦτα.
333 3511 362 3550 ²⁵
368 3511 418 3571 καί
431 3510 563 3584 έξελεῖται
577 3506 675 3592 ῆσυν-
707 3511 867 3576 ἐνετείλατο
887 3507 985 3595 κύριος
1002 3509 1169 3576 ἀποδοῦναι
1186 3509 1240 3596 τῆν
1255 3518 1309 3597 γῆν

68 3596 175 3679 αγωγῆ
188 3590 241 3659 τὸν
254 3585 442 3671 φονεύσαντα
454 3588 516 3653 ἀπὸ
527 3597 583 3654 τοῦ
593 3590 676 3674 ἀγχι-
706 3599 758 3677 τῆς
780 3593 973 3680 κληρονομίας
990 3599 1021 3658 έν
1039 3590 1139 3680 κλῆρῳ
1155 3606 1219 3670 τοῖς
1237 3600 1310 3672 υίοῖς

69 3675 229 3752 στεύοντος
240 3674 279 3739 ,τὸ
294 3672 382 3757 αίμα,
395 3674 446 3736 καί
460 3669 675 3772 ἀποκαταστῆ-
704 3673 832 3760 Ἰσραήλ.
863 3679 914 3740 καί
930 3681 976 3760 τῷ
993 3683 1085 3762 κυρίῳ
1105 3681 1238 3755 συνέταξε
1255 3675 1309 3744 κύ-

71 3789 174 3829 σσυσιν
193 3757 286 3825 αὐτὸν
300 3754 318 3842 ῆ
333 3752 488 3838 συναγωγὴ
500 3759 539 3829 είς
551 3751 604 3860 τῆν
615 3779 675 3817 πο-
707 3782 770 3842 ριος
782 3759 884 3821 δοῦναι
895 3757 948 3842 τῆν
958 3759 1150 3847 κληρονομίαν
1156 3763 1310 3828 Συλπαάδ

69 3849 117 3911 λιν
129 3849 184 3910 τού
196 3842 427 3926 φυγαδευτηρίου
438 3838 544 3914 αὐτοῦ,
555 3863 592 3902 ου
603 3862 676 3901 κατ-
707 3842 761 3903 τοῦ
784 3837 912 3917 ἀδελφοῦ
936 3839 1017 3924 ῆμῶν
1038 3855 1104 3917 ταῖς
1123 3843 1308 3933 θυγατράσιν

69 3933 170 4010 έφυνε,
208 3925 260 3991 καί
283 3918 450 4006 κατοικήσει
475 3926 535 3987 ἐκεῖ
557 3926 613 3996 ἕως
638 3919 676 3985 ἀν
707 3920 812 3988 αὐτοῦ.
843 3922 920 3985 3καί
938 3927 1054 3989 ἔσονται
1072 3928 1114 3990 ένί
1130 3933 1190 3992 τῶν
1206 3933 1307 4014 φυλῶν

69 4007 215 4092 ἀποθάνη
233 4005 250 4073 ὁ
270 4007 357 4090 ίερεύς
369 4003 386 4070 ὃ
399 4010 498 4088 μίνας,
512 4002 546 4069 ὃν
558 4009 674 4110 ἔχρισαν
705 4011 778 4072 υίιύν
787 4003 911 4088 ’Ῑσραῆλ
922 4019 1060 4083 γυναῖκες.
1077 4012 1129 4074 καί
1140 4009 1305 4101 ἀφαιρεθῆ-

69 4093 165 4161 αύτὸν
183 4085 228 4175 τήἷ
241 4090 331 4173 ἐλαίῳ
344 4094 388 4174 τῳ
407 4086 491 4174 ἀνίῳ.
528 4088 672 4155 26έανεῖὲ
705 4086 937 4174 σεταιὸκλῆρος
949 4090 1050 4157 αύτιύν
1060 4096 1093 4158 ἐκ
1104 4099 1153 4178 τῆς
1161 4100 1304 4181 κατασχέ·

69 4174 161 4260 ἐξόδῳ
181 4176 287 4281 ε’ξέλθη
301 4172 318 4237 ὁ
333 4171 473 4255 φονεύσας
486 4173 525 4237 τά
538 4167 607 4257 ὅρια
618 4176 672 4255 τῆς
705 4200 777 4249 σεως
789 4178 850 4236 τῶν
860 4177 998 4261 πατέρων
1009 4173 1100 4262 ῆμῶν,
1122 4183 1173 4243 καί
1184 4204 1299 4263 προςτε·

67 4258 185 4333 πόλεως
202 4265 240 4332 εἰς
257 4280 292 4341 ην
306 4259 467 4336 κατέφυγεν
479 4259 554 4329 ἐκεῖ,
578 4258 608 4299 ²⁷
621 4257 672 4319 καί
704 4253 830 4339 θῆσεται
854 4262 893 4332 είς
912 4258 1108 4346 κληρονομίαν
1129 4268 1182 4343 τῆς
1203 4263 1305 4344 φυλῆς,

67 4341 139 4428 εύρη
166 4340 259 4405 αὐτὸν
290 4337 306 4402 ὁ
332 4333 509 4422 ἀνηιστεύων
534 4336 571 4401 τὸ
598 4338 671 4418 αίμα
703 4339 747 4413 οίς
763 4337 800 4403 ἀν
816 4343 957 4415 γένωνται
974 4357 1112 4421 γυναῖκες,
1137 4344 1188 4404 καί
1206 4346 1306 4408 ἓκτσύ

66 4416 132 4501 ἕξιύ
150 4428 211 4487 τῶν
228 4419 317 4506 ὁρίων
334 4428 385 4504 τῆς
402 4417 518 4494 πόλεως
534 4445 671 4499 καταφυ·
703 4421 813 4506 κλῆρον
826 4427 878 4506 τῆς
887 4424 1081 4509 κληρονομίας
1091 4420 1173 4502 ῆμῶν
1184 4421 1304 4508 ἀφαιρε-

64 4514 120 4592 γῆς
133 4504 246 4579 αὐτοῦ,
266 4505 316 4566 καί
328 4500 482 4596 φονεύσηὸ
496 4500 671 4587 ἀγχιστεύων
703 4502 835 4589 θῆσεται.
872 4504 955 4569 4έάν
980 4505 1012 4570 δὲ
1034 4506 1153 4584 γένηται
1170 4501 1189 4585 ῆ
1206 4504 1310 4644 άφεομη

1246 4605 1289 4646 τω

877 2934 986 3036 ςῆλθον
1005 2938 1037 2999 οῖ
1062 2933 1198 3041 ἀρηοντες
1219 2936 1312 3020 φυλῆς
