<?xml version="1.0" encoding="UTF-8"?>
<!DOCTYPE html PUBLIC "-//W3C//DTD XHTML 1.0 Transitional//EN"
    "http://www.w3.org/TR/xhtml1/DTD/xhtml1-transitional.dtd">
<html xmlns="http://www.w3.org/1999/xhtml" xml:lang="en" lang="en">
 <head>
  <title>
</title>
<meta http-equiv="Content-Type" content="text/html;charset=utf-8" />
  <meta name='ocr-system' content='tesseract 3.04.00' />
  <meta name='ocr-capabilities' content='ocr_page ocr_carea ocr_par ocr_line ocrx_word'/>
</head>
<body>
  <div class='ocr_page' id='page_1' title='image "./vetustestamentu00essgoog_1010.png"; bbox 0 0 2924 4972; ppageno 0'>
   <div class='ocr_carea' id='block_1_1' title="bbox 454 232 1349 316">
    <p class='ocr_par' dir='ltr' id='par_1_1' title="bbox 454 232 1349 316">
     <span class='ocr_line' id='line_1_1' title="bbox 454 232 1349 316; baseline 0.008 -20"><span class='ocrx_word' id='word_1_1' title='bbox 454 238 757 297; x_wconf 77' lang='lat' dir='ltr'><em>IEZEKIHA</em></span> <span class='ocrx_word' id='word_1_2' title='bbox 796 232 992 316; x_wconf 62' lang='grc' dir='ltr'><strong><em>κιμμίεο.</em></strong></span> <span class='ocrx_word' id='word_1_3' title='bbox 1285 237 1349 304; x_wconf 83' lang='lat'><strong><em>921</em></strong></span> 
     </span>
    </p>
   </div>
   <div class='ocr_carea' id='block_1_2' title="bbox 105 335 1454 4424">
    <p class='ocr_par' dir='ltr' id='par_1_2' title="bbox 105 335 1454 4424">
     <span class='ocr_line' id='line_1_2' title="bbox 108 335 1454 437; baseline -0.004 -21"><span class='ocrx_word' id='word_1_4' title='bbox 108 335 285 437; x_wconf 71' lang='grc' dir='ltr'><strong><em>τοῖςτριοίν.</em></strong></span> <span class='ocrx_word' id='word_1_5' title='bbox 310 354 418 437; x_wconf 88' lang='grc' dir='ltr'><strong><em>μέτρον</em></strong></span> <span class='ocrx_word' id='word_1_6' title='bbox 430 354 463 412; x_wconf 80' lang='grc' dir='ltr'><strong><em>ἓν</em></strong></span> <span class='ocrx_word' id='word_1_7' title='bbox 477 362 542 424; x_wconf 88' lang='grc' dir='ltr'><strong><em>τοῖς</em></strong></span> <span class='ocrx_word' id='word_1_8' title='bbox 555 350 647 430; x_wconf 86' lang='grc' dir='ltr'><strong><em>αίλὰμ</em></strong></span> <span class='ocrx_word' id='word_1_9' title='bbox 665 352 712 413; x_wconf 86' lang='grc' dir='ltr'><strong><em>έν-</em></strong></span> <span class='ocrx_word' id='word_1_10' title='bbox 745 346 1001 435; x_wconf 77' lang='grc' dir='ltr'><strong><em>βλεπούσηςκατόι</em></strong></span> <span class='ocrx_word' id='word_1_11' title='bbox 1013 348 1172 426; x_wconf 75' lang='grc' dir='ltr'><strong><em>ἀνατολάς.</em></strong></span> <span class='ocrx_word' id='word_1_12' title='bbox 1194 352 1352 436; x_wconf 77' lang='grc' dir='ltr'><strong><em>καὶδιεμέ·</em></strong></span> <span class='ocrx_word' id='word_1_13' title='bbox 1449 404 1454 411; x_wconf 90' lang='grc'><strong><em>.</em></strong></span> 
     </span>
     <span class='ocr_line' id='line_1_3' title="bbox 108 430 1352 533; baseline -0.001 -33"><span class='ocrx_word' id='word_1_14' title='bbox 108 446 164 500; x_wconf 90' lang='grc' dir='ltr'><strong><em>θεν</em></strong></span> <span class='ocrx_word' id='word_1_15' title='bbox 180 436 233 499; x_wconf 83' lang='grc' dir='ltr'><strong><em>καί</em></strong></span> <span class='ocrx_word' id='word_1_16' title='bbox 249 439 344 498; x_wconf 78' lang='grc' dir='ltr'><strong><em>ἔνθεν.</em></strong></span> <span class='ocrx_word' id='word_1_17' title='bbox 383 433 471 494; x_wconf 75' lang='grc' dir='ltr'><strong><em>11καί</em></strong></span> <span class='ocrx_word' id='word_1_18' title='bbox 494 433 658 516; x_wconf 78' lang='grc' dir='ltr'><em>διεμέτρησε</em></span> <span class='ocrx_word' id='word_1_19' title='bbox 675 431 713 496; x_wconf 86' lang='grc' dir='ltr'><strong><em>τὸ</em></strong></span> <span class='ocrx_word' id='word_1_20' title='bbox 745 456 832 515; x_wconf 89' lang='grc' dir='ltr'><strong><em>τρηοε</em></strong></span> <span class='ocrx_word' id='word_1_21' title='bbox 848 432 903 533; x_wconf 77' lang='grc' dir='ltr'><strong><em>την</em></strong></span> <span class='ocrx_word' id='word_1_22' title='bbox 919 430 1013 515; x_wconf 80' lang='grc' dir='ltr'><strong><em>αύλην</em></strong></span> <span class='ocrx_word' id='word_1_23' title='bbox 1032 430 1096 497; x_wconf 77' lang='grc' dir='ltr'><strong><em>ἀπὸ</em></strong></span> <span class='ocrx_word' id='word_1_24' title='bbox 1115 432 1212 517; x_wconf 98' lang='grc' dir='ltr'><strong><em>πύλης</em></strong></span> <span class='ocrx_word' id='word_1_25' title='bbox 1230 437 1280 500; x_wconf 80' lang='grc' dir='ltr'><strong><em>έπί</em></strong></span> <span class='ocrx_word' id='word_1_26' title='bbox 1291 430 1352 502; x_wconf 87' lang='grc' dir='ltr'><strong><em>πύ-</em></strong></span> 
     </span>
     <span class='ocr_line' id='line_1_4' title="bbox 108 510 1352 601; baseline 0 -17"><span class='ocrx_word' id='word_1_27' title='bbox 108 515 225 586; x_wconf 82' lang='grc' dir='ltr'><strong><em>πλότος</em></strong></span> <span class='ocrx_word' id='word_1_28' title='bbox 237 521 288 600; x_wconf 78' lang='grc' dir='ltr'><strong><em>της</em></strong></span> <span class='ocrx_word' id='word_1_29' title='bbox 299 510 400 599; x_wconf 95' lang='grc' dir='ltr'><strong><em>θύρας</em></strong></span> <span class='ocrx_word' id='word_1_30' title='bbox 411 517 466 596; x_wconf 76' lang='grc' dir='ltr'><strong><em>τοῦ</em></strong></span> <span class='ocrx_word' id='word_1_31' title='bbox 478 515 629 589; x_wconf 75' lang='grc' dir='ltr'><strong><em>πυλῶνος,</em></strong></span> <span class='ocrx_word' id='word_1_32' title='bbox 654 541 713 597; x_wconf 91' lang='grc' dir='ltr'><strong><em>πη-</em></strong></span> <span class='ocrx_word' id='word_1_33' title='bbox 746 514 815 596; x_wconf 89' lang='grc' dir='ltr'><strong><em>λην,</em></strong></span> <span class='ocrx_word' id='word_1_34' title='bbox 841 540 940 598; x_wconf 81' lang='grc' dir='ltr'><strong><em>πηχεις</em></strong></span> <span class='ocrx_word' id='word_1_35' title='bbox 958 511 1072 579; x_wconf 80' lang='grc' dir='ltr'><strong><em>ἑκατόν.</em></strong></span> <span class='ocrx_word' id='word_1_36' title='bbox 1098 515 1129 556; x_wconf 75' lang='lat'><strong><em>²⁴</em></strong></span> <span class='ocrx_word' id='word_1_37' title='bbox 1143 521 1195 581; x_wconf 79' lang='grc' dir='ltr'><strong><em>καί</em></strong></span> <span class='ocrx_word' id='word_1_38' title='bbox 1218 518 1308 596; x_wconf 81' lang='grc' dir='ltr'><strong><em>”γαγέ</em></strong></span> <span class='ocrx_word' id='word_1_39' title='bbox 1317 543 1352 601; x_wconf 82' lang='grc' dir='ltr'><strong><em>με</em></strong></span> 
     </span>
     <span class='ocr_line' id='line_1_5' title="bbox 107 546 1351 688; baseline 0.001 -22"><span class='ocrx_word' id='word_1_40' title='bbox 107 606 168 688; x_wconf 81' lang='grc' dir='ltr'><strong><em>χῶν</em></strong></span> <span class='ocrx_word' id='word_1_41' title='bbox 180 601 267 672; x_wconf 89' lang='grc' dir='ltr'><strong><em>δέκα,</em></strong></span> <span class='ocrx_word' id='word_1_42' title='bbox 292 599 344 660; x_wconf 84' lang='grc' dir='ltr'><strong><em>καί</em></strong></span> <span class='ocrx_word' id='word_1_43' title='bbox 360 596 397 660; x_wconf 86' lang='grc' dir='ltr'><strong><em>τό</em></strong></span> <span class='ocrx_word' id='word_1_44' title='bbox 412 597 496 681; x_wconf 80' lang='grc' dir='ltr'><strong><em>εύρος</em></strong></span> <span class='ocrx_word' id='word_1_45' title='bbox 507 602 564 661; x_wconf 85' lang='grc' dir='ltr'><strong><em>τοῦ</em></strong></span> <span class='ocrx_word' id='word_1_46' title='bbox 575 597 713 673; x_wconf 76' lang='grc' dir='ltr'><strong><em>πυλῶνος</em></strong></span> <span class='ocrx_word' id='word_1_47' title='bbox 745 597 823 663; x_wconf 83' lang='grc' dir='ltr'><strong><em>κατὰ</em></strong></span> <span class='ocrx_word' id='word_1_48' title='bbox 832 595 951 674; x_wconf 89' lang='grc' dir='ltr'><strong><em>Νότον,</em></strong></span> <span class='ocrx_word' id='word_1_49' title='bbox 964 601 1014 662; x_wconf 87' lang='grc' dir='ltr'><strong><em>καί</em></strong></span> <span class='ocrx_word' id='word_1_50' title='bbox 1028 597 1092 661; x_wconf 78' lang='grc' dir='ltr'><strong><em>ἰδού</em></strong></span> <span class='ocrx_word' id='word_1_51' title='bbox 1107 593 1186 680; x_wconf 91' lang='grc' dir='ltr'><strong><em>πύλη</em></strong></span> <span class='ocrx_word' id='word_1_52' title='bbox 1197 546 1351 684; x_wconf 74' lang='grc' dir='ltr'><strong><em>βλέπουσα</em></strong></span> 
     </span>
     <span class='ocr_line' id='line_1_6' title="bbox 108 677 1349 766; baseline -0.002 -18"><span class='ocrx_word' id='word_1_53' title='bbox 108 687 210 765; x_wconf 88' lang='grc' dir='ltr'><strong><em>πηχῶν</em></strong></span> <span class='ocrx_word' id='word_1_54' title='bbox 231 681 399 762; x_wconf 89' lang='grc' dir='ltr'><strong><em>δεκατριῶν.</em></strong></span> <span class='ocrx_word' id='word_1_55' title='bbox 428 683 520 745; x_wconf 80' lang='grc' dir='ltr'><strong><em>12καὶ</em></strong></span> <span class='ocrx_word' id='word_1_56' title='bbox 535 684 630 763; x_wconf 75' lang='grc' dir='ltr'><strong><em>πῆχυς</em></strong></span> <span class='ocrx_word' id='word_1_57' title='bbox 648 683 712 743; x_wconf 81' lang='grc' dir='ltr'><strong><em>έπι-</em></strong></span> <span class='ocrx_word' id='word_1_58' title='bbox 745 678 822 764; x_wconf 84' lang='grc' dir='ltr'><strong><em>πρὸς</em></strong></span> <span class='ocrx_word' id='word_1_59' title='bbox 835 677 958 754; x_wconf 89' lang='grc' dir='ltr'><strong><em>Νότον,</em></strong></span> <span class='ocrx_word' id='word_1_60' title='bbox 983 683 1035 746; x_wconf 84' lang='grc' dir='ltr'><strong><em>καί</em></strong></span> <span class='ocrx_word' id='word_1_61' title='bbox 1052 681 1234 766; x_wconf 71' lang='grc' dir='ltr'><strong><em>διεμέτρησεν</em></strong></span> <span class='ocrx_word' id='word_1_62' title='bbox 1247 684 1349 766; x_wconf 74' lang='grc' dir='ltr'><strong><em>αὐτὴν,</em></strong></span> 
     </span>
     <span class='ocr_line' id='line_1_7' title="bbox 108 758 1351 847; baseline 0 -18"><span class='ocrx_word' id='word_1_63' title='bbox 108 758 300 843; x_wconf 70' lang='grc' dir='ltr'><strong><em>συναγόμενος</em></strong></span> <span class='ocrx_word' id='word_1_64' title='bbox 312 765 364 826; x_wconf 73' lang='grc' dir='ltr'><strong><em>ἐπὶ</em></strong></span> <span class='ocrx_word' id='word_1_65' title='bbox 375 762 538 847; x_wconf 79' lang='grc' dir='ltr'><strong><em>πρόςωπον</em></strong></span> <span class='ocrx_word' id='word_1_66' title='bbox 557 767 619 827; x_wconf 88' lang='grc' dir='ltr'><strong><em>τῶν</em></strong></span> <span class='ocrx_word' id='word_1_67' title='bbox 630 765 713 844; x_wconf 87' lang='grc' dir='ltr'><strong><em>θεείμ</em></strong></span> <span class='ocrx_word' id='word_1_68' title='bbox 745 765 796 828; x_wconf 85' lang='grc' dir='ltr'><strong><em>καί</em></strong></span> <span class='ocrx_word' id='word_1_69' title='bbox 808 762 848 826; x_wconf 85' lang='grc' dir='ltr'><strong><em>τδι</em></strong></span> <span class='ocrx_word' id='word_1_70' title='bbox 859 762 927 837; x_wconf 78' lang='grc' dir='ltr'><strong><em>θεὲ,</em></strong></span> <span class='ocrx_word' id='word_1_71' title='bbox 952 765 1003 827; x_wconf 80' lang='grc' dir='ltr'><strong><em>καὶ</em></strong></span> <span class='ocrx_word' id='word_1_72' title='bbox 1014 761 1054 827; x_wconf 87' lang='grc' dir='ltr'><strong><em>τδι</em></strong></span> <span class='ocrx_word' id='word_1_73' title='bbox 1067 763 1160 839; x_wconf 81' lang='grc' dir='ltr'><strong><em>αῖλεῡ,</em></strong></span> <span class='ocrx_word' id='word_1_74' title='bbox 1185 764 1287 829; x_wconf 83' lang='grc' dir='ltr'><strong><em>καὶτὰ</em></strong></span> <span class='ocrx_word' id='word_1_75' title='bbox 1302 771 1351 829; x_wconf 82' lang='grc' dir='ltr'><strong><em>αῖ-</em></strong></span> 
     </span>
     <span class='ocr_line' id='line_1_8' title="bbox 108 841 1351 929; baseline 0.002 -19"><span class='ocrx_word' id='word_1_76' title='bbox 108 849 191 910; x_wconf 77' lang='grc' dir='ltr'><strong><em>ένθεν</em></strong></span> <span class='ocrx_word' id='word_1_77' title='bbox 203 848 255 911; x_wconf 87' lang='grc' dir='ltr'><strong><em>καί</em></strong></span> <span class='ocrx_word' id='word_1_78' title='bbox 267 848 365 919; x_wconf 83' lang='grc' dir='ltr'><strong><em>ένθεν,</em></strong></span> <span class='ocrx_word' id='word_1_79' title='bbox 388 849 439 910; x_wconf 81' lang='grc' dir='ltr'><strong><em>καί</em></strong></span> <span class='ocrx_word' id='word_1_80' title='bbox 450 845 487 910; x_wconf 84' lang='grc' dir='ltr'><strong><em>τό</em></strong></span> <span class='ocrx_word' id='word_1_81' title='bbox 501 844 553 909; x_wconf 82' lang='grc' dir='ltr'><strong><em>θεὲ</em></strong></span> <span class='ocrx_word' id='word_1_82' title='bbox 565 850 668 929; x_wconf 81' lang='grc' dir='ltr'><strong><em>πηχῶν</em></strong></span> <span class='ocrx_word' id='word_1_83' title='bbox 680 847 713 921; x_wconf 79' lang='grc' dir='ltr'><strong><em>ἕξ</em></strong></span> <span class='ocrx_word' id='word_1_84' title='bbox 745 843 879 928; x_wconf 84' lang='grc' dir='ltr'><strong><em>λαμμῶν,</em></strong></span> <span class='ocrx_word' id='word_1_85' title='bbox 892 844 971 911; x_wconf 80' lang='grc' dir='ltr'><strong><em>κατὰ</em></strong></span> <span class='ocrx_word' id='word_1_86' title='bbox 983 841 1023 910; x_wconf 79' lang='grc' dir='ltr'><strong><em>τίν</em></strong></span> <span class='ocrx_word' id='word_1_87' title='bbox 1034 850 1128 929; x_wconf 80' lang='grc' dir='ltr'><strong><em>μέτρα</em></strong></span> <span class='ocrx_word' id='word_1_88' title='bbox 1140 852 1245 911; x_wconf 81' lang='grc' dir='ltr'><strong><em>ταῦτα.</em></strong></span> <span class='ocrx_word' id='word_1_89' title='bbox 1263 848 1351 913; x_wconf 74' lang='grc' dir='ltr'><strong><em>23καί</em></strong></span> 
     </span>
     <span class='ocr_line' id='line_1_9' title="bbox 108 926 1350 1031; baseline 0.002 -38"><span class='ocrx_word' id='word_1_90' title='bbox 108 931 208 1004; x_wconf 79' lang='grc' dir='ltr'><strong><em>ένθεν,</em></strong></span> <span class='ocrx_word' id='word_1_91' title='bbox 233 930 285 993; x_wconf 82' lang='grc' dir='ltr'><strong><em>καὶ</em></strong></span> <span class='ocrx_word' id='word_1_92' title='bbox 309 933 412 1012; x_wconf 84' lang='grc' dir='ltr'><strong><em>πηχῶν</em></strong></span> <span class='ocrx_word' id='word_1_93' title='bbox 435 931 469 1005; x_wconf 82' lang='grc' dir='ltr'><strong><em>ἓξ</em></strong></span> <span class='ocrx_word' id='word_1_94' title='bbox 491 931 583 992; x_wconf 75' lang='grc' dir='ltr'><strong><em>ἔνθεν.</em></strong></span> <span class='ocrx_word' id='word_1_95' title='bbox 621 930 648 970; x_wconf 86' lang='lat'><strong><em>¹³</em></strong></span> <span class='ocrx_word' id='word_1_96' title='bbox 662 931 713 992; x_wconf 84' lang='grc' dir='ltr'><strong><em>καὶ</em></strong></span> <span class='ocrx_word' id='word_1_97' title='bbox 745 935 778 994; x_wconf 77' lang='grc' dir='ltr'><strong><em>αἱ</em></strong></span> <span class='ocrx_word' id='word_1_98' title='bbox 802 931 921 1011; x_wconf 89' lang='grc' dir='ltr'><strong><em>θυρίδες</em></strong></span> <span class='ocrx_word' id='word_1_99' title='bbox 937 926 1044 1031; x_wconf 78' lang='grc' dir='ltr'><strong><em>αύτῖχς,</em></strong></span> <span class='ocrx_word' id='word_1_100' title='bbox 1070 931 1122 994; x_wconf 80' lang='grc' dir='ltr'><strong><em>καί</em></strong></span> <span class='ocrx_word' id='word_1_101' title='bbox 1139 928 1178 995; x_wconf 79' lang='grc' dir='ltr'><strong><em>τό</em></strong></span> <span class='ocrx_word' id='word_1_102' title='bbox 1199 928 1350 1013; x_wconf 81' lang='grc' dir='ltr'><strong><em>αίλαμμῶν·</em></strong></span> 
     </span>
     <span class='ocr_line' id='line_1_10' title="bbox 109 1006 1351 1097; baseline 0.002 -20"><span class='ocrx_word' id='word_1_103' title='bbox 109 1013 272 1095; x_wconf 78' lang='grc' dir='ltr'><strong><em>διεμέτρησε</em></strong></span> <span class='ocrx_word' id='word_1_104' title='bbox 285 1010 339 1094; x_wconf 81' lang='grc' dir='ltr'><strong><em>τὴν</em></strong></span> <span class='ocrx_word' id='word_1_105' title='bbox 351 1006 449 1094; x_wconf 90' lang='grc' dir='ltr'><strong><em>πύλην</em></strong></span> <span class='ocrx_word' id='word_1_106' title='bbox 467 1009 531 1075; x_wconf 80' lang='grc' dir='ltr'><strong><em>ἀπὸ</em></strong></span> <span class='ocrx_word' id='word_1_107' title='bbox 544 1014 601 1075; x_wconf 84' lang='grc' dir='ltr'><strong><em>τοῦ</em></strong></span> <span class='ocrx_word' id='word_1_108' title='bbox 612 1016 712 1094; x_wconf 79' lang='grc' dir='ltr'><strong><em>τοίχου</em></strong></span> <span class='ocrx_word' id='word_1_109' title='bbox 744 1007 906 1086; x_wconf 78' lang='grc' dir='ltr'><strong><em>κυκλόθεν,</em></strong></span> <span class='ocrx_word' id='word_1_110' title='bbox 930 1023 1035 1086; x_wconf 89' lang='grc' dir='ltr'><strong><em>καθιος</em></strong></span> <span class='ocrx_word' id='word_1_111' title='bbox 1048 1015 1082 1075; x_wconf 84' lang='grc' dir='ltr'><strong><em>αῖ</em></strong></span> <span class='ocrx_word' id='word_1_112' title='bbox 1099 1014 1216 1097; x_wconf 87' lang='grc' dir='ltr'><strong><em>θυρίδες</em></strong></span> <span class='ocrx_word' id='word_1_113' title='bbox 1229 1017 1284 1077; x_wconf 84' lang='grc' dir='ltr'><strong><em>τοῦ</em></strong></span> <span class='ocrx_word' id='word_1_114' title='bbox 1301 1018 1351 1079; x_wconf 80' lang='grc' dir='ltr'><strong><em>αῖ-</em></strong></span> 
     </span>
     <span class='ocr_line' id='line_1_11' title="bbox 109 1090 1350 1198; baseline 0.002 -39"><span class='ocrx_word' id='word_1_115' title='bbox 109 1100 162 1159; x_wconf 80' lang='grc' dir='ltr'><strong><em>τοῖι</em></strong></span> <span class='ocrx_word' id='word_1_116' title='bbox 175 1096 229 1158; x_wconf 81' lang='grc' dir='ltr'><strong><em>θεὲ</em></strong></span> <span class='ocrx_word' id='word_1_117' title='bbox 242 1097 291 1159; x_wconf 82' lang='grc' dir='ltr'><strong><em>ε’πί</em></strong></span> <span class='ocrx_word' id='word_1_118' title='bbox 303 1092 359 1159; x_wconf 88' lang='grc' dir='ltr'><strong><em>τόν</em></strong></span> <span class='ocrx_word' id='word_1_119' title='bbox 371 1106 473 1178; x_wconf 83' lang='grc' dir='ltr'><strong><em>τοῖχον</em></strong></span> <span class='ocrx_word' id='word_1_120' title='bbox 485 1098 542 1158; x_wconf 79' lang='grc' dir='ltr'><strong><em>τοῦ</em></strong></span> <span class='ocrx_word' id='word_1_121' title='bbox 554 1091 618 1191; x_wconf 69' lang='grc' dir='ltr'><strong><em>θεξ,</em></strong></span> <span class='ocrx_word' id='word_1_122' title='bbox 633 1090 713 1158; x_wconf 86' lang='grc' dir='ltr'><strong><em>πλύ-</em></strong></span> <span class='ocrx_word' id='word_1_123' title='bbox 744 1094 814 1177; x_wconf 78' lang='grc' dir='ltr'><strong><em>λὰμ,</em></strong></span> <span class='ocrx_word' id='word_1_124' title='bbox 831 1100 935 1178; x_wconf 87' lang='grc' dir='ltr'><strong><em>πηχῶν</em></strong></span> <span class='ocrx_word' id='word_1_125' title='bbox 945 1092 1128 1178; x_wconf 71' lang='grc' dir='ltr'><strong><em>πεντήκοντα</em></strong></span> <span class='ocrx_word' id='word_1_126' title='bbox 1141 1095 1177 1159; x_wconf 84' lang='grc' dir='ltr'><strong><em>τὸ</em></strong></span> <span class='ocrx_word' id='word_1_127' title='bbox 1189 1097 1350 1198; x_wconf 42' lang='grc' dir='ltr'><strong><em>μηκυςταό-</em></strong></span> 
     </span>
     <span class='ocr_line' id='line_1_12' title="bbox 110 1172 1350 1280; baseline 0.002 -39"><span class='ocrx_word' id='word_1_128' title='bbox 110 1203 158 1251; x_wconf 90' lang='grc' dir='ltr'><strong><em>τος</em></strong></span> <span class='ocrx_word' id='word_1_129' title='bbox 170 1173 270 1261; x_wconf 70' lang='grc' dir='ltr'><strong><em>πήχεις</em></strong></span> <span class='ocrx_word' id='word_1_130' title='bbox 282 1178 369 1241; x_wconf 80' lang='grc' dir='ltr'><strong><em>εἴκοσι</em></strong></span> <span class='ocrx_word' id='word_1_131' title='bbox 382 1180 433 1241; x_wconf 87' lang='grc' dir='ltr'><strong><em>καί</em></strong></span> <span class='ocrx_word' id='word_1_132' title='bbox 445 1179 540 1240; x_wconf 81' lang='grc' dir='ltr'><strong><em>πέντε.</em></strong></span> <span class='ocrx_word' id='word_1_133' title='bbox 564 1175 641 1259; x_wconf 77' lang='grc' dir='ltr'><strong><em>αὕτη</em></strong></span> <span class='ocrx_word' id='word_1_134' title='bbox 654 1172 714 1242; x_wconf 89' lang='grc' dir='ltr'><strong><em>πύ-</em></strong></span> <span class='ocrx_word' id='word_1_135' title='bbox 744 1181 811 1280; x_wconf 69' lang='grc' dir='ltr'><strong><em>της,</em></strong></span> <span class='ocrx_word' id='word_1_136' title='bbox 836 1181 888 1241; x_wconf 84' lang='grc' dir='ltr'><strong><em>καί</em></strong></span> <span class='ocrx_word' id='word_1_137' title='bbox 903 1183 1008 1260; x_wconf 87' lang='grc' dir='ltr'><strong><em>πηχῶν</em></strong></span> <span class='ocrx_word' id='word_1_138' title='bbox 1026 1182 1203 1243; x_wconf 78' lang='grc' dir='ltr'><strong><em>εἰκοσιπέντε</em></strong></span> <span class='ocrx_word' id='word_1_139' title='bbox 1215 1178 1251 1244; x_wconf 88' lang='grc' dir='ltr'><strong><em>τὸ</em></strong></span> <span class='ocrx_word' id='word_1_140' title='bbox 1264 1203 1350 1263; x_wconf 86' lang='grc' dir='ltr'><strong><em>ενρος</em></strong></span> 
     </span>
     <span class='ocr_line' id='line_1_13' title="bbox 110 1253 1349 1351; baseline -0.002 -25"><span class='ocrx_word' id='word_1_141' title='bbox 110 1259 144 1341; x_wconf 87' lang='grc' dir='ltr'><strong><em>λη</em></strong></span> <span class='ocrx_word' id='word_1_142' title='bbox 159 1263 209 1325; x_wconf 74' lang='grc' dir='ltr'><strong><em>ἐπί</em></strong></span> <span class='ocrx_word' id='word_1_143' title='bbox 226 1253 331 1342; x_wconf 89' lang='grc' dir='ltr'><strong><em>πύλην.</em></strong></span> <span class='ocrx_word' id='word_1_144' title='bbox 364 1259 393 1301; x_wconf 82' lang='lat'><strong><em>¹⁴</em></strong></span> <span class='ocrx_word' id='word_1_145' title='bbox 407 1261 458 1324; x_wconf 81' lang='grc' dir='ltr'><strong><em>καὶ</em></strong></span> <span class='ocrx_word' id='word_1_146' title='bbox 469 1260 507 1323; x_wconf 89' lang='grc' dir='ltr'><strong><em>τό</em></strong></span> <span class='ocrx_word' id='word_1_147' title='bbox 522 1261 644 1342; x_wconf 77' lang='grc' dir='ltr'><strong><em>αἴθριον</em></strong></span> <span class='ocrx_word' id='word_1_148' title='bbox 655 1263 713 1324; x_wconf 85' lang='grc' dir='ltr'><strong><em>τοῦ</em></strong></span> <span class='ocrx_word' id='word_1_149' title='bbox 745 1264 847 1344; x_wconf 76' lang='grc' dir='ltr'><strong><em>αυτης,</em></strong></span> <span class='ocrx_word' id='word_1_150' title='bbox 868 1259 1048 1327; x_wconf 56' lang='lat' dir='ltr'><strong><em>maulim&amp;</em></strong></span> <span class='ocrx_word' id='word_1_151' title='bbox 1060 1262 1249 1346; x_wconf 76' lang='grc' dir='ltr'><strong><em>κλιμακτηρες</em></strong></span> <span class='ocrx_word' id='word_1_152' title='bbox 1262 1258 1349 1351; x_wconf 68' lang='grc' dir='ltr'><strong><em>αὐτῇ,</em></strong></span> 
     </span>
     <span class='ocr_line' id='line_1_14' title="bbox 109 1339 1350 1426; baseline 0 -19"><span class='ocrx_word' id='word_1_153' title='bbox 109 1339 201 1423; x_wconf 85' lang='grc' dir='ltr'><strong><em>αίλδιμ</em></strong></span> <span class='ocrx_word' id='word_1_154' title='bbox 211 1347 263 1424; x_wconf 79' lang='grc' dir='ltr'><strong><em>τῆς</em></strong></span> <span class='ocrx_word' id='word_1_155' title='bbox 272 1339 366 1425; x_wconf 90' lang='grc' dir='ltr'><strong><em>πύλης</em></strong></span> <span class='ocrx_word' id='word_1_156' title='bbox 378 1343 505 1416; x_wconf 68' lang='grc' dir='ltr'><strong><em>ἔξωθεν,</em></strong></span> <span class='ocrx_word' id='word_1_157' title='bbox 514 1339 612 1425; x_wconf 75' lang='grc' dir='ltr'><strong><em>πηχεις</em></strong></span> <span class='ocrx_word' id='word_1_158' title='bbox 621 1343 713 1407; x_wconf 82' lang='grc' dir='ltr'><strong><em>εἴκοσι</em></strong></span> <span class='ocrx_word' id='word_1_159' title='bbox 744 1345 795 1407; x_wconf 82' lang='grc' dir='ltr'><strong><em>καί</em></strong></span> <span class='ocrx_word' id='word_1_160' title='bbox 819 1341 977 1426; x_wconf 78' lang='grc' dir='ltr'><strong><em>αἰλαμμῶν</em></strong></span> <span class='ocrx_word' id='word_1_161' title='bbox 999 1346 1130 1416; x_wconf 76' lang='grc' dir='ltr'><strong><em>ἔσωθεν,</em></strong></span> <span class='ocrx_word' id='word_1_162' title='bbox 1156 1346 1208 1408; x_wconf 86' lang='grc' dir='ltr'><strong><em>καί</em></strong></span> <span class='ocrx_word' id='word_1_163' title='bbox 1225 1351 1350 1425; x_wconf 81' lang='grc' dir='ltr'><strong><em>φοίνικες</em></strong></span> 
     </span>
     <span class='ocr_line' id='line_1_15' title="bbox 110 1420 1350 1516; baseline 0.001 -27"><span class='ocrx_word' id='word_1_164' title='bbox 110 1427 190 1503; x_wconf 85' lang='grc' dir='ltr'><strong><em>θεείμ</em></strong></span> <span class='ocrx_word' id='word_1_165' title='bbox 202 1430 255 1508; x_wconf 80' lang='grc' dir='ltr'><strong><em>τῆς</em></strong></span> <span class='ocrx_word' id='word_1_166' title='bbox 268 1420 364 1506; x_wconf 89' lang='grc' dir='ltr'><strong><em>πύλης</em></strong></span> <span class='ocrx_word' id='word_1_167' title='bbox 377 1421 485 1507; x_wconf 90' lang='grc' dir='ltr'><strong><em>κύκλῳ.</em></strong></span> <span class='ocrx_word' id='word_1_168' title='bbox 511 1426 538 1467; x_wconf 82' lang='lat'><strong><em>¹⁵</em></strong></span> <span class='ocrx_word' id='word_1_169' title='bbox 551 1426 603 1488; x_wconf 84' lang='grc' dir='ltr'><strong><em>καί</em></strong></span> <span class='ocrx_word' id='word_1_170' title='bbox 615 1422 652 1489; x_wconf 85' lang='grc' dir='ltr'><strong><em>τὸ</em></strong></span> <span class='ocrx_word' id='word_1_171' title='bbox 664 1426 713 1488; x_wconf 73' lang='grc' dir='ltr'><strong><em>αι’·</em></strong></span> <span class='ocrx_word' id='word_1_172' title='bbox 745 1423 838 1516; x_wconf 77' lang='grc' dir='ltr'><strong><em>αὐτῇ,</em></strong></span> <span class='ocrx_word' id='word_1_173' title='bbox 864 1424 903 1501; x_wconf 84' lang='grc' dir='ltr'><strong><em>είς</em></strong></span> <span class='ocrx_word' id='word_1_174' title='bbox 919 1429 1004 1491; x_wconf 79' lang='grc' dir='ltr'><strong><em>ἔνθεν</em></strong></span> <span class='ocrx_word' id='word_1_175' title='bbox 1021 1428 1073 1491; x_wconf 82' lang='grc' dir='ltr'><strong><em>καί</em></strong></span> <span class='ocrx_word' id='word_1_176' title='bbox 1091 1427 1129 1500; x_wconf 84' lang='grc' dir='ltr'><strong><em>είς</em></strong></span> <span class='ocrx_word' id='word_1_177' title='bbox 1145 1429 1231 1492; x_wconf 77' lang='grc' dir='ltr'><strong><em>ἔνθεν</em></strong></span> <span class='ocrx_word' id='word_1_178' title='bbox 1247 1428 1298 1493; x_wconf 78' lang='grc' dir='ltr'><strong><em>ἐπὶ</em></strong></span> <span class='ocrx_word' id='word_1_179' title='bbox 1309 1424 1350 1491; x_wconf 79' lang='grc' dir='ltr'><strong><em>τίκ</em></strong></span> 
     </span>
     <span class='ocr_line' id='line_1_16' title="bbox 108 1502 1350 1593; baseline 0.002 -21"><span class='ocrx_word' id='word_1_180' title='bbox 108 1519 198 1592; x_wconf 91' lang='grc' dir='ltr'><strong><em>θριον</em></strong></span> <span class='ocrx_word' id='word_1_181' title='bbox 214 1513 267 1591; x_wconf 75' lang='grc' dir='ltr'><strong><em>τῆς</em></strong></span> <span class='ocrx_word' id='word_1_182' title='bbox 284 1502 380 1590; x_wconf 85' lang='grc' dir='ltr'><strong><em>πύλης</em></strong></span> <span class='ocrx_word' id='word_1_183' title='bbox 396 1509 525 1582; x_wconf 60' lang='grc' dir='ltr'><strong><em>ὲξοθεν,</em></strong></span> <span class='ocrx_word' id='word_1_184' title='bbox 551 1511 590 1582; x_wconf 77' lang='grc' dir='ltr'><strong><em>εἷς</em></strong></span> <span class='ocrx_word' id='word_1_185' title='bbox 607 1507 643 1571; x_wconf 86' lang='grc' dir='ltr'><strong><em>τὸ</em></strong></span> <span class='ocrx_word' id='word_1_186' title='bbox 663 1508 713 1571; x_wconf 75' lang='grc' dir='ltr'><strong><em>υί-</em></strong></span> <span class='ocrx_word' id='word_1_187' title='bbox 745 1509 837 1573; x_wconf 75' lang='grc' dir='ltr'><strong><em>αλλεῦ.</em></strong></span> <span class='ocrx_word' id='word_1_188' title='bbox 859 1510 890 1551; x_wconf 80' lang='grc'><strong><em>33</em></strong></span> <span class='ocrx_word' id='word_1_189' title='bbox 902 1510 955 1573; x_wconf 81' lang='grc' dir='ltr'><strong><em>καί</em></strong></span> <span class='ocrx_word' id='word_1_190' title='bbox 966 1504 1046 1591; x_wconf 90' lang='grc' dir='ltr'><strong><em>πύλη</em></strong></span> <span class='ocrx_word' id='word_1_191' title='bbox 1059 1513 1214 1581; x_wconf 73' lang='grc' dir='ltr'><strong><em>κατέναντι</em></strong></span> <span class='ocrx_word' id='word_1_192' title='bbox 1227 1504 1350 1593; x_wconf 77' lang='grc' dir='ltr'><strong><em>τηςπύ-</em></strong></span> 
     </span>
     <span class='ocr_line' id='line_1_17' title="bbox 108 1585 1350 1677; baseline 0.002 -23"><span class='ocrx_word' id='word_1_193' title='bbox 108 1601 197 1676; x_wconf 92' lang='grc' dir='ltr'><strong><em>θριον</em></strong></span> <span class='ocrx_word' id='word_1_194' title='bbox 208 1587 301 1671; x_wconf 83' lang='grc' dir='ltr'><strong><em>αἰλόιμ</em></strong></span> <span class='ocrx_word' id='word_1_195' title='bbox 312 1595 365 1671; x_wconf 74' lang='grc' dir='ltr'><strong><em>τῆς</em></strong></span> <span class='ocrx_word' id='word_1_196' title='bbox 375 1585 470 1673; x_wconf 83' lang='grc' dir='ltr'><strong><em>πύλης</em></strong></span> <span class='ocrx_word' id='word_1_197' title='bbox 483 1593 597 1657; x_wconf 75' lang='grc' dir='ltr'><strong><em>ἔσωθεν</em></strong></span> <span class='ocrx_word' id='word_1_198' title='bbox 608 1594 712 1673; x_wconf 84' lang='grc' dir='ltr'><strong><em>πηχῶν</em></strong></span> <span class='ocrx_word' id='word_1_199' title='bbox 744 1591 797 1674; x_wconf 90' lang='grc' dir='ltr'><strong><em>λης</em></strong></span> <span class='ocrx_word' id='word_1_200' title='bbox 809 1596 862 1675; x_wconf 77' lang='grc' dir='ltr'><strong><em>τῆς</em></strong></span> <span class='ocrx_word' id='word_1_201' title='bbox 875 1590 968 1675; x_wconf 77' lang='grc' dir='ltr'><strong><em>πύλης</em></strong></span> <span class='ocrx_word' id='word_1_202' title='bbox 980 1597 1032 1673; x_wconf 74' lang='grc' dir='ltr'><strong><em>τῆς</em></strong></span> <span class='ocrx_word' id='word_1_203' title='bbox 1041 1595 1188 1677; x_wconf 83' lang='grc' dir='ltr'><strong><em>ἐσωτέρας</em></strong></span> <span class='ocrx_word' id='word_1_204' title='bbox 1196 1587 1350 1676; x_wconf 87' lang='grc' dir='ltr'><strong><em>πρόςΝό-</em></strong></span> 
     </span>
     <span class='ocr_line' id='line_1_18' title="bbox 109 1671 1349 1760; baseline 0.002 -23"><span class='ocrx_word' id='word_1_205' title='bbox 109 1671 300 1757; x_wconf 70' lang='grc' dir='ltr'><strong><em>πεντήκοντα.</em></strong></span> <span class='ocrx_word' id='word_1_206' title='bbox 338 1675 431 1738; x_wconf 73' lang='grc' dir='ltr'><strong><em>16καί</em></strong></span> <span class='ocrx_word' id='word_1_207' title='bbox 448 1673 567 1756; x_wconf 84' lang='grc' dir='ltr'><strong><em>θυρίδες</em></strong></span> <span class='ocrx_word' id='word_1_208' title='bbox 582 1673 713 1758; x_wconf 72' lang='grc' dir='ltr'><strong><em>κρυπταὶ</em></strong></span> <span class='ocrx_word' id='word_1_209' title='bbox 745 1698 805 1740; x_wconf 90' lang='grc' dir='ltr'><strong><em>τον.</em></strong></span> <span class='ocrx_word' id='word_1_210' title='bbox 831 1677 884 1738; x_wconf 80' lang='grc' dir='ltr'><strong><em>καί</em></strong></span> <span class='ocrx_word' id='word_1_211' title='bbox 906 1674 1074 1758; x_wconf 80' lang='grc' dir='ltr'><strong><em>διεμέτρησε</em></strong></span> <span class='ocrx_word' id='word_1_212' title='bbox 1097 1674 1152 1760; x_wconf 79' lang='grc' dir='ltr'><strong><em>την</em></strong></span> <span class='ocrx_word' id='word_1_213' title='bbox 1170 1674 1265 1760; x_wconf 78' lang='grc' dir='ltr'><strong><em>αύλην</em></strong></span> <span class='ocrx_word' id='word_1_214' title='bbox 1286 1672 1349 1741; x_wconf 83' lang='grc' dir='ltr'><strong><em>σἰπὸ</em></strong></span> 
     </span>
     <span class='ocr_line' id='line_1_19' title="bbox 107 1753 1348 1842; baseline 0 -21"><span class='ocrx_word' id='word_1_215' title='bbox 107 1757 158 1821; x_wconf 77' lang='grc' dir='ltr'><strong><em>ἐπὶ</em></strong></span> <span class='ocrx_word' id='word_1_216' title='bbox 176 1754 212 1821; x_wconf 86' lang='grc' dir='ltr'><strong><em>τό</em></strong></span> <span class='ocrx_word' id='word_1_217' title='bbox 224 1761 322 1837; x_wconf 89' lang='grc' dir='ltr'><strong><em>θεεὶμ,</em></strong></span> <span class='ocrx_word' id='word_1_218' title='bbox 345 1758 396 1821; x_wconf 82' lang='grc' dir='ltr'><strong><em>καί</em></strong></span> <span class='ocrx_word' id='word_1_219' title='bbox 412 1757 463 1821; x_wconf 74' lang='grc' dir='ltr'><strong><em>ἐπὶ</em></strong></span> <span class='ocrx_word' id='word_1_220' title='bbox 476 1755 516 1820; x_wconf 83' lang='grc' dir='ltr'><strong><em>τὰ</em></strong></span> <span class='ocrx_word' id='word_1_221' title='bbox 530 1754 622 1838; x_wconf 84' lang='grc' dir='ltr'><strong><em>αίλόιμ</em></strong></span> <span class='ocrx_word' id='word_1_222' title='bbox 635 1759 710 1820; x_wconf 75' lang='grc' dir='ltr'><strong><em>ἐλεῶ-</em></strong></span> <span class='ocrx_word' id='word_1_223' title='bbox 744 1753 841 1840; x_wconf 86' lang='grc' dir='ltr'><strong><em>πύλης</em></strong></span> <span class='ocrx_word' id='word_1_224' title='bbox 862 1757 914 1821; x_wconf 76' lang='grc' dir='ltr'><strong><em>ἰπλ</em></strong></span> <span class='ocrx_word' id='word_1_225' title='bbox 930 1757 1043 1840; x_wconf 85' lang='grc' dir='ltr'><strong><em>πύλην,</em></strong></span> <span class='ocrx_word' id='word_1_226' title='bbox 1068 1754 1166 1842; x_wconf 69' lang='grc' dir='ltr'><strong><em>πήχεις</em></strong></span> <span class='ocrx_word' id='word_1_227' title='bbox 1184 1758 1293 1825; x_wconf 77' lang='grc' dir='ltr'><strong><em>ἑκατόν</em></strong></span> <span class='ocrx_word' id='word_1_228' title='bbox 1311 1756 1348 1821; x_wconf 86' lang='grc' dir='ltr'><strong><em>τό</em></strong></span> 
     </span>
     <span class='ocr_line' id='line_1_20' title="bbox 107 1830 1350 1925; baseline 0.001 -23"><span class='ocrx_word' id='word_1_229' title='bbox 107 1849 161 1902; x_wconf 91' lang='grc' dir='ltr'><strong><em>θεν</em></strong></span> <span class='ocrx_word' id='word_1_230' title='bbox 185 1844 239 1922; x_wconf 75' lang='grc' dir='ltr'><strong><em>της</em></strong></span> <span class='ocrx_word' id='word_1_231' title='bbox 255 1837 349 1922; x_wconf 82' lang='grc' dir='ltr'><strong><em>πύλης</em></strong></span> <span class='ocrx_word' id='word_1_232' title='bbox 373 1843 425 1920; x_wconf 77' lang='grc' dir='ltr'><strong><em>τῆς</em></strong></span> <span class='ocrx_word' id='word_1_233' title='bbox 446 1836 539 1920; x_wconf 77' lang='grc' dir='ltr'><strong><em>αύλης</em></strong></span> <span class='ocrx_word' id='word_1_234' title='bbox 558 1833 711 1904; x_wconf 86' lang='grc' dir='ltr'><strong><em>κυκλόθεν.</em></strong></span> <span class='ocrx_word' id='word_1_235' title='bbox 745 1830 830 1925; x_wconf 82' lang='grc' dir='ltr'><strong><em>εύρος</em></strong></span> <span class='ocrx_word' id='word_1_236' title='bbox 842 1837 921 1923; x_wconf 87' lang='grc' dir='ltr'><strong><em>πρὸς</em></strong></span> <span class='ocrx_word' id='word_1_237' title='bbox 933 1834 1051 1905; x_wconf 83' lang='grc' dir='ltr'><strong><em>Νότον.</em></strong></span> <span class='ocrx_word' id='word_1_238' title='bbox 1073 1842 1162 1905; x_wconf 74' lang='grc' dir='ltr'><strong><em>33καί</em></strong></span> <span class='ocrx_word' id='word_1_239' title='bbox 1173 1838 1306 1925; x_wconf 72' lang='grc' dir='ltr'><strong><em>είςήγαχέ</em></strong></span> <span class='ocrx_word' id='word_1_240' title='bbox 1315 1866 1350 1920; x_wconf 84' lang='grc' dir='ltr'><strong><em>με</em></strong></span> 
     </span>
     <span class='ocr_line' id='line_1_21' title="bbox 107 1916 1350 2024; baseline 0.001 -38"><span class='ocrx_word' id='word_1_241' title='bbox 107 1923 159 1986; x_wconf 86' lang='grc' dir='ltr'><strong><em>καί</em></strong></span> <span class='ocrx_word' id='word_1_242' title='bbox 177 1918 317 1997; x_wconf 85' lang='grc' dir='ltr'><strong><em>ῶςαύτως</em></strong></span> <span class='ocrx_word' id='word_1_243' title='bbox 334 1933 398 1996; x_wconf 89' lang='grc' dir='ltr'><strong><em>τοῖς</em></strong></span> <span class='ocrx_word' id='word_1_244' title='bbox 415 1921 508 2024; x_wconf 77' lang='grc' dir='ltr'><strong><em>αλλᾶρι</em></strong></span> <span class='ocrx_word' id='word_1_245' title='bbox 521 1923 647 2000; x_wconf 85' lang='grc' dir='ltr'><strong><em>θυρίδας</em></strong></span> <span class='ocrx_word' id='word_1_246' title='bbox 660 1916 713 1985; x_wconf 86' lang='grc' dir='ltr'><strong><em>κύ-</em></strong></span> <span class='ocrx_word' id='word_1_247' title='bbox 745 1928 783 1997; x_wconf 81' lang='grc' dir='ltr'><strong><em>είς</em></strong></span> <span class='ocrx_word' id='word_1_248' title='bbox 795 1919 849 2006; x_wconf 78' lang='grc' dir='ltr'><strong><em>την</em></strong></span> <span class='ocrx_word' id='word_1_249' title='bbox 861 1919 957 2004; x_wconf 76' lang='grc' dir='ltr'><strong><em>αύλίην</em></strong></span> <span class='ocrx_word' id='word_1_250' title='bbox 968 1922 1024 2005; x_wconf 69' lang='grc' dir='ltr'><strong><em>τὴν</em></strong></span> <span class='ocrx_word' id='word_1_251' title='bbox 1037 1925 1184 2006; x_wconf 71' lang='grc' dir='ltr'><strong><em>ἐσωτέραν</em></strong></span> <span class='ocrx_word' id='word_1_252' title='bbox 1193 1929 1244 2005; x_wconf 74' lang='grc' dir='ltr'><strong><em>τῆς</em></strong></span> <span class='ocrx_word' id='word_1_253' title='bbox 1254 1923 1350 2024; x_wconf 87' lang='grc' dir='ltr'><strong><em>πύλης</em></strong></span> 
     </span>
     <span class='ocr_line' id='line_1_22' title="bbox 107 2000 1351 2092; baseline 0.002 -25"><span class='ocrx_word' id='word_1_254' title='bbox 107 2005 169 2087; x_wconf 89' lang='grc' dir='ltr'><strong><em>κλῳ</em></strong></span> <span class='ocrx_word' id='word_1_255' title='bbox 183 2009 314 2082; x_wconf 74' lang='grc' dir='ltr'><strong><em>ἔσωθεν,</em></strong></span> <span class='ocrx_word' id='word_1_256' title='bbox 338 2006 389 2070; x_wconf 82' lang='grc' dir='ltr'><strong><em>καί</em></strong></span> <span class='ocrx_word' id='word_1_257' title='bbox 401 2008 451 2071; x_wconf 78' lang='grc' dir='ltr'><strong><em>ἐπὶ</em></strong></span> <span class='ocrx_word' id='word_1_258' title='bbox 462 2030 500 2069; x_wconf 94' lang='grc' dir='ltr'><strong><em>το</em></strong></span> <span class='ocrx_word' id='word_1_259' title='bbox 513 2004 605 2084; x_wconf 78' lang='grc' dir='ltr'><strong><em>αίλόμ</em></strong></span> <span class='ocrx_word' id='word_1_260' title='bbox 617 2009 711 2085; x_wconf 80' lang='grc' dir='ltr'><strong><em>φοίνι-</em></strong></span> <span class='ocrx_word' id='word_1_261' title='bbox 745 2011 796 2090; x_wconf 77' lang='grc' dir='ltr'><strong><em>της</em></strong></span> <span class='ocrx_word' id='word_1_262' title='bbox 813 2002 889 2090; x_wconf 85' lang='grc' dir='ltr'><strong><em>πρὸς</em></strong></span> <span class='ocrx_word' id='word_1_263' title='bbox 902 2000 1024 2081; x_wconf 90' lang='grc' dir='ltr'><strong><em>Νότον,</em></strong></span> <span class='ocrx_word' id='word_1_264' title='bbox 1049 2010 1101 2072; x_wconf 79' lang='grc' dir='ltr'><strong><em>καὶ</em></strong></span> <span class='ocrx_word' id='word_1_265' title='bbox 1116 2008 1281 2092; x_wconf 84' lang='grc' dir='ltr'><strong><em>διεμέτρησε</em></strong></span> <span class='ocrx_word' id='word_1_266' title='bbox 1297 2032 1351 2088; x_wconf 88' lang='grc' dir='ltr'><strong><em>την</em></strong></span> 
     </span>
     <span class='ocr_line' id='line_1_23' title="bbox 107 2084 1351 2172; baseline 0.006 -22"><span class='ocrx_word' id='word_1_267' title='bbox 107 2112 152 2160; x_wconf 86' lang='grc' dir='ltr'><strong><em>κες</em></strong></span> <span class='ocrx_word' id='word_1_268' title='bbox 165 2090 252 2152; x_wconf 81' lang='grc' dir='ltr'><strong><em>ἔνθεν</em></strong></span> <span class='ocrx_word' id='word_1_269' title='bbox 265 2091 317 2152; x_wconf 81' lang='grc' dir='ltr'><strong><em>καί</em></strong></span> <span class='ocrx_word' id='word_1_270' title='bbox 329 2091 422 2153; x_wconf 81' lang='grc' dir='ltr'><strong><em>ένθεν.</em></strong></span> <span class='ocrx_word' id='word_1_271' title='bbox 441 2089 525 2153; x_wconf 82' lang='grc' dir='ltr'><strong><em>13καί</em></strong></span> <span class='ocrx_word' id='word_1_272' title='bbox 537 2084 668 2171; x_wconf 76' lang='grc' dir='ltr'><strong><em>είςηγαγέ</em></strong></span> <span class='ocrx_word' id='word_1_273' title='bbox 679 2110 712 2169; x_wconf 87' lang='grc' dir='ltr'><strong><em>με</em></strong></span> <span class='ocrx_word' id='word_1_274' title='bbox 744 2086 840 2172; x_wconf 88' lang='grc' dir='ltr'><strong><em>πύλην</em></strong></span> <span class='ocrx_word' id='word_1_275' title='bbox 856 2087 936 2154; x_wconf 84' lang='grc' dir='ltr'><strong><em>κατὰ</em></strong></span> <span class='ocrx_word' id='word_1_276' title='bbox 954 2087 994 2152; x_wconf 81' lang='grc' dir='ltr'><strong><em>τὰ</em></strong></span> <span class='ocrx_word' id='word_1_277' title='bbox 1012 2092 1106 2171; x_wconf 88' lang='grc' dir='ltr'><strong><em>μέτρα</em></strong></span> <span class='ocrx_word' id='word_1_278' title='bbox 1118 2095 1231 2167; x_wconf 83' lang='grc' dir='ltr'><strong><em>ταῦτα,</em></strong></span> <span class='ocrx_word' id='word_1_279' title='bbox 1256 2091 1287 2132; x_wconf 78' lang='grc'><strong><em>33</em></strong></span> <span class='ocrx_word' id='word_1_280' title='bbox 1300 2092 1351 2157; x_wconf 80' lang='grc' dir='ltr'><strong><em>καλ</em></strong></span> 
     </span>
     <span class='ocr_line' id='line_1_24' title="bbox 108 2167 1351 2254; baseline 0.002 -22"><span class='ocrx_word' id='word_1_281' title='bbox 108 2172 147 2242; x_wconf 83' lang='grc' dir='ltr'><strong><em>είς</em></strong></span> <span class='ocrx_word' id='word_1_282' title='bbox 159 2168 213 2253; x_wconf 79' lang='grc' dir='ltr'><strong><em>την</em></strong></span> <span class='ocrx_word' id='word_1_283' title='bbox 226 2167 320 2253; x_wconf 79' lang='grc' dir='ltr'><strong><em>αύλίην</em></strong></span> <span class='ocrx_word' id='word_1_284' title='bbox 330 2170 386 2252; x_wconf 79' lang='grc' dir='ltr'><strong><em>την</em></strong></span> <span class='ocrx_word' id='word_1_285' title='bbox 399 2173 563 2254; x_wconf 73' lang='grc' dir='ltr'><strong><em>ἐσωτέραν,</em></strong></span> <span class='ocrx_word' id='word_1_286' title='bbox 580 2173 631 2235; x_wconf 81' lang='grc' dir='ltr'><strong><em>καὶ</em></strong></span> <span class='ocrx_word' id='word_1_287' title='bbox 645 2168 710 2235; x_wconf 83' lang='grc' dir='ltr'><strong><em>ἰδού</em></strong></span> <span class='ocrx_word' id='word_1_288' title='bbox 745 2172 783 2236; x_wconf 78' lang='grc' dir='ltr'><strong><em>τὰ</em></strong></span> <span class='ocrx_word' id='word_1_289' title='bbox 795 2169 864 2243; x_wconf 78' lang='grc' dir='ltr'><strong><em>θεὲ,</em></strong></span> <span class='ocrx_word' id='word_1_290' title='bbox 891 2175 943 2236; x_wconf 83' lang='grc' dir='ltr'><strong><em>καί</em></strong></span> <span class='ocrx_word' id='word_1_291' title='bbox 958 2171 997 2235; x_wconf 79' lang='grc' dir='ltr'><strong><em>τὰ</em></strong></span> <span class='ocrx_word' id='word_1_292' title='bbox 1012 2172 1109 2246; x_wconf 78' lang='grc' dir='ltr'><strong><em>αίλεῦ,</em></strong></span> <span class='ocrx_word' id='word_1_293' title='bbox 1127 2175 1180 2237; x_wconf 79' lang='grc' dir='ltr'><strong><em>καί</em></strong></span> <span class='ocrx_word' id='word_1_294' title='bbox 1191 2175 1230 2236; x_wconf 87' lang='grc' dir='ltr'><strong><em>τὰ</em></strong></span> <span class='ocrx_word' id='word_1_295' title='bbox 1243 2172 1351 2252; x_wconf 81' lang='grc' dir='ltr'><strong><em>αίλαμ-</em></strong></span> 
     </span>
     <span class='ocr_line' id='line_1_25' title="bbox 107 2246 1348 2337; baseline 0 -21"><span class='ocrx_word' id='word_1_296' title='bbox 107 2249 315 2334; x_wconf 79' lang='grc' dir='ltr'><strong><em>παστοφόρια,</em></strong></span> <span class='ocrx_word' id='word_1_297' title='bbox 343 2252 395 2315; x_wconf 83' lang='grc' dir='ltr'><strong><em>καί</em></strong></span> <span class='ocrx_word' id='word_1_298' title='bbox 418 2251 582 2333; x_wconf 85' lang='grc' dir='ltr'><strong><em>περίστυλα</em></strong></span> <span class='ocrx_word' id='word_1_299' title='bbox 612 2246 712 2333; x_wconf 84' lang='grc' dir='ltr'><strong><em>κύκλῳ</em></strong></span> <span class='ocrx_word' id='word_1_300' title='bbox 743 2251 808 2335; x_wconf 84' lang='grc' dir='ltr'><strong><em>μῶν</em></strong></span> <span class='ocrx_word' id='word_1_301' title='bbox 818 2251 897 2316; x_wconf 83' lang='grc' dir='ltr'><strong><em>κατὰ</em></strong></span> <span class='ocrx_word' id='word_1_302' title='bbox 910 2251 950 2316; x_wconf 77' lang='grc' dir='ltr'><strong><em>τὰ</em></strong></span> <span class='ocrx_word' id='word_1_303' title='bbox 960 2255 1055 2333; x_wconf 88' lang='grc' dir='ltr'><strong><em>μέτρα</em></strong></span> <span class='ocrx_word' id='word_1_304' title='bbox 1067 2258 1178 2327; x_wconf 83' lang='grc' dir='ltr'><strong><em>ταῦτα,</em></strong></span> <span class='ocrx_word' id='word_1_305' title='bbox 1196 2254 1248 2317; x_wconf 80' lang='grc' dir='ltr'><strong><em>καί</em></strong></span> <span class='ocrx_word' id='word_1_306' title='bbox 1260 2259 1348 2337; x_wconf 85' lang='grc' dir='ltr'><strong><em>θυρί-</em></strong></span> 
     </span>
     <span class='ocr_line' id='line_1_26' title="bbox 106 2327 1349 2424; baseline 0.003 -28"><span class='ocrx_word' id='word_1_307' title='bbox 106 2338 161 2416; x_wconf 78' lang='grc' dir='ltr'><strong><em>τῆς</em></strong></span> <span class='ocrx_word' id='word_1_308' title='bbox 172 2331 279 2415; x_wconf 76' lang='grc' dir='ltr'><strong><em>αύλης,</em></strong></span> <span class='ocrx_word' id='word_1_309' title='bbox 301 2327 464 2417; x_wconf 88' lang='grc' dir='ltr'><strong><em>τριύκοντα</em></strong></span> <span class='ocrx_word' id='word_1_310' title='bbox 476 2328 669 2416; x_wconf 84' lang='grc' dir='ltr'><strong><em>παστοφόρια</em></strong></span> <span class='ocrx_word' id='word_1_311' title='bbox 682 2336 713 2396; x_wconf 80' lang='grc' dir='ltr'><strong><em>έν</em></strong></span> <span class='ocrx_word' id='word_1_312' title='bbox 744 2336 789 2407; x_wconf 90' lang='grc' dir='ltr'><strong><em>δες</em></strong></span> <span class='ocrx_word' id='word_1_313' title='bbox 801 2332 889 2424; x_wconf 78' lang='grc' dir='ltr'><strong><em>αὐτῇ,</em></strong></span> <span class='ocrx_word' id='word_1_314' title='bbox 903 2335 954 2397; x_wconf 83' lang='grc' dir='ltr'><strong><em>καί</em></strong></span> <span class='ocrx_word' id='word_1_315' title='bbox 962 2336 1006 2415; x_wconf 80' lang='grc' dir='ltr'><strong><em>τῷ</em></strong></span> <span class='ocrx_word' id='word_1_316' title='bbox 1016 2332 1169 2416; x_wconf 83' lang='grc' dir='ltr'><strong><em>αίλαμμῶν</em></strong></span> <span class='ocrx_word' id='word_1_317' title='bbox 1178 2331 1282 2418; x_wconf 85' lang='grc' dir='ltr'><strong><em>κύκλῳ</em></strong></span> <span class='ocrx_word' id='word_1_318' title='bbox 1289 2331 1349 2420; x_wconf 78' lang='grc' dir='ltr'><strong><em>πη-</em></strong></span> 
     </span>
     <span class='ocr_line' id='line_1_27' title="bbox 107 2412 1350 2502; baseline 0.003 -23"><span class='ocrx_word' id='word_1_319' title='bbox 107 2427 170 2490; x_wconf 90' lang='grc' dir='ltr'><strong><em>τοῖς</em></strong></span> <span class='ocrx_word' id='word_1_320' title='bbox 182 2412 385 2499; x_wconf 88' lang='grc' dir='ltr'><strong><em>περιστύλοις,</em></strong></span> <span class='ocrx_word' id='word_1_321' title='bbox 406 2415 435 2456; x_wconf 81' lang='lat'><strong><em>¹⁸</em></strong></span> <span class='ocrx_word' id='word_1_322' title='bbox 448 2416 499 2480; x_wconf 83' lang='grc' dir='ltr'><strong><em>καί</em></strong></span> <span class='ocrx_word' id='word_1_323' title='bbox 511 2418 546 2480; x_wconf 82' lang='grc' dir='ltr'><strong><em>αῖ</em></strong></span> <span class='ocrx_word' id='word_1_324' title='bbox 558 2418 645 2481; x_wconf 82' lang='grc' dir='ltr'><strong><em>στοαί</em></strong></span> <span class='ocrx_word' id='word_1_325' title='bbox 657 2441 713 2479; x_wconf 89' lang='grc' dir='ltr'><strong><em>κα-</em></strong></span> <span class='ocrx_word' id='word_1_326' title='bbox 742 2442 800 2501; x_wconf 85' lang='grc' dir='ltr'><strong><em>χεις</em></strong></span> <span class='ocrx_word' id='word_1_327' title='bbox 812 2413 992 2501; x_wconf 68' lang='grc' dir='ltr'><strong><em>πεντήκοντα</em></strong></span> <span class='ocrx_word' id='word_1_328' title='bbox 1009 2414 1045 2480; x_wconf 85' lang='grc' dir='ltr'><strong><em>τδ</em></strong></span> <span class='ocrx_word' id='word_1_329' title='bbox 1056 2421 1156 2500; x_wconf 76' lang='grc' dir='ltr'><strong><em>μῆκος</em></strong></span> <span class='ocrx_word' id='word_1_330' title='bbox 1168 2414 1272 2502; x_wconf 78' lang='grc' dir='ltr'><strong><em>αύτης,</em></strong></span> <span class='ocrx_word' id='word_1_331' title='bbox 1298 2421 1350 2483; x_wconf 81' lang='grc' dir='ltr'><strong><em>καί</em></strong></span> 
     </span>
     <span class='ocr_line' id='line_1_28' title="bbox 106 2493 1348 2582; baseline 0.002 -19"><span class='ocrx_word' id='word_1_332' title='bbox 106 2498 146 2563; x_wconf 86' lang='grc' dir='ltr'><strong><em>τίι</em></strong></span> <span class='ocrx_word' id='word_1_333' title='bbox 159 2494 258 2563; x_wconf 84' lang='grc' dir='ltr'><strong><em>νῶτον</em></strong></span> <span class='ocrx_word' id='word_1_334' title='bbox 270 2502 332 2563; x_wconf 85' lang='grc' dir='ltr'><strong><em>τῶν</em></strong></span> <span class='ocrx_word' id='word_1_335' title='bbox 344 2495 461 2572; x_wconf 85' lang='grc' dir='ltr'><strong><em>πυλῶν,</em></strong></span> <span class='ocrx_word' id='word_1_336' title='bbox 481 2496 560 2562; x_wconf 80' lang='grc' dir='ltr'><strong><em>κατὰ</em></strong></span> <span class='ocrx_word' id='word_1_337' title='bbox 572 2493 610 2563; x_wconf 83' lang='grc' dir='ltr'><strong><em>τὸ</em></strong></span> <span class='ocrx_word' id='word_1_338' title='bbox 622 2503 713 2581; x_wconf 78' lang='grc' dir='ltr'><strong><em>μῆκος</em></strong></span> <span class='ocrx_word' id='word_1_339' title='bbox 743 2501 781 2564; x_wconf 87' lang='grc' dir='ltr'><strong><em>τὸ</em></strong></span> <span class='ocrx_word' id='word_1_340' title='bbox 793 2497 880 2580; x_wconf 82' lang='grc' dir='ltr'><strong><em>εὖρος</em></strong></span> <span class='ocrx_word' id='word_1_341' title='bbox 891 2493 989 2582; x_wconf 75' lang='grc' dir='ltr'><strong><em>πηχεις</em></strong></span> <span class='ocrx_word' id='word_1_342' title='bbox 1000 2502 1177 2565; x_wconf 80' lang='grc' dir='ltr'><strong><em>εἰκοσιπέντε</em></strong></span> <span class='ocrx_word' id='word_1_343' title='bbox 1194 2502 1221 2543; x_wconf 84' lang='lat'><strong><em>³¹</em></strong></span> <span class='ocrx_word' id='word_1_344' title='bbox 1231 2505 1288 2565; x_wconf 82' lang='grc' dir='ltr'><strong><em>τοῦ</em></strong></span> <span class='ocrx_word' id='word_1_345' title='bbox 1299 2505 1348 2565; x_wconf 79' lang='grc' dir='ltr'><strong><em>αλ-</em></strong></span> 
     </span>
     <span class='ocr_line' id='line_1_29' title="bbox 107 2576 1350 2669; baseline 0.002 -23"><span class='ocrx_word' id='word_1_346' title='bbox 107 2582 285 2647; x_wconf 86' lang='grc' dir='ltr'><strong><em>τῶνπυλῶν</em></strong></span> <span class='ocrx_word' id='word_1_347' title='bbox 300 2580 337 2648; x_wconf 92' lang='grc' dir='ltr'><strong><em>τὸ</em></strong></span> <span class='ocrx_word' id='word_1_348' title='bbox 348 2580 528 2665; x_wconf 85' lang='grc' dir='ltr'><strong><em>περίστυλον</em></strong></span> <span class='ocrx_word' id='word_1_349' title='bbox 545 2580 583 2645; x_wconf 83' lang='grc' dir='ltr'><strong><em>τὸ</em></strong></span> <span class='ocrx_word' id='word_1_350' title='bbox 597 2576 713 2647; x_wconf 81' lang='grc' dir='ltr'><strong><em>ύποκύ-</em></strong></span> <span class='ocrx_word' id='word_1_351' title='bbox 743 2583 804 2663; x_wconf 85' lang='grc' dir='ltr'><strong><em>λὰμ</em></strong></span> <span class='ocrx_word' id='word_1_352' title='bbox 817 2586 857 2657; x_wconf 81' lang='grc' dir='ltr'><strong><em>είς</em></strong></span> <span class='ocrx_word' id='word_1_353' title='bbox 868 2578 921 2666; x_wconf 75' lang='grc' dir='ltr'><strong><em>την</em></strong></span> <span class='ocrx_word' id='word_1_354' title='bbox 933 2579 1030 2669; x_wconf 77' lang='grc' dir='ltr'><strong><em>αύλην</em></strong></span> <span class='ocrx_word' id='word_1_355' title='bbox 1046 2581 1101 2664; x_wconf 77' lang='grc' dir='ltr'><strong><em>την</em></strong></span> <span class='ocrx_word' id='word_1_356' title='bbox 1113 2582 1273 2662; x_wconf 79' lang='grc' dir='ltr'><strong><em>ίξῳτέραν,</em></strong></span> <span class='ocrx_word' id='word_1_357' title='bbox 1297 2585 1350 2655; x_wconf 82' lang='grc' dir='ltr'><strong><em>καί</em></strong></span> 
     </span>
     <span class='ocr_line' id='line_1_30' title="bbox 107 2658 1349 2749; baseline 0.004 -19"><span class='ocrx_word' id='word_1_358' title='bbox 107 2691 160 2730; x_wconf 89' lang='grc' dir='ltr'><strong><em>τιο.</em></strong></span> <span class='ocrx_word' id='word_1_359' title='bbox 186 2666 280 2729; x_wconf 72' lang='grc' dir='ltr'><strong><em>13καλ</em></strong></span> <span class='ocrx_word' id='word_1_360' title='bbox 294 2667 459 2749; x_wconf 84' lang='grc' dir='ltr'><strong><em>διεμέτρησε</em></strong></span> <span class='ocrx_word' id='word_1_361' title='bbox 475 2663 511 2729; x_wconf 86' lang='grc' dir='ltr'><strong><em>τό</em></strong></span> <span class='ocrx_word' id='word_1_362' title='bbox 529 2658 644 2738; x_wconf 82' lang='grc' dir='ltr'><strong><em>πλότος</em></strong></span> <span class='ocrx_word' id='word_1_363' title='bbox 661 2668 713 2748; x_wconf 77' lang='grc' dir='ltr'><strong><em>της</em></strong></span> <span class='ocrx_word' id='word_1_364' title='bbox 744 2673 870 2746; x_wconf 84' lang='grc' dir='ltr'><strong><em>φοίνικες</em></strong></span> <span class='ocrx_word' id='word_1_365' title='bbox 888 2669 933 2747; x_wconf 84' lang='grc' dir='ltr'><strong><em>τῷ</em></strong></span> <span class='ocrx_word' id='word_1_366' title='bbox 949 2664 1048 2738; x_wconf 83' lang='grc' dir='ltr'><strong><em>αίλεύ,</em></strong></span> <span class='ocrx_word' id='word_1_367' title='bbox 1073 2669 1125 2730; x_wconf 85' lang='grc' dir='ltr'><strong><em>καί</em></strong></span> <span class='ocrx_word' id='word_1_368' title='bbox 1143 2664 1224 2733; x_wconf 80' lang='grc' dir='ltr'><strong><em>ὀκτώ</em></strong></span> <span class='ocrx_word' id='word_1_369' title='bbox 1243 2665 1349 2748; x_wconf 59' lang='lat' dir='ltr'><strong><em>ultra*</em></strong></span> 
     </span>
     <span class='ocr_line' id='line_1_31' title="bbox 107 2741 1349 2833; baseline 0.004 -23"><span class='ocrx_word' id='word_1_370' title='bbox 107 2746 215 2829; x_wconf 75' lang='grc' dir='ltr'><strong><em>αὐλῆς,</em></strong></span> <span class='ocrx_word' id='word_1_371' title='bbox 240 2745 304 2812; x_wconf 82' lang='grc' dir='ltr'><strong><em>ἆπδ</em></strong></span> <span class='ocrx_word' id='word_1_372' title='bbox 328 2751 383 2812; x_wconf 82' lang='grc' dir='ltr'><strong><em>τοῦ</em></strong></span> <span class='ocrx_word' id='word_1_373' title='bbox 407 2750 532 2831; x_wconf 81' lang='grc' dir='ltr'><strong><em>αἰθρίου</em></strong></span> <span class='ocrx_word' id='word_1_374' title='bbox 548 2751 602 2830; x_wconf 72' lang='grc' dir='ltr'><strong><em>της</em></strong></span> <span class='ocrx_word' id='word_1_375' title='bbox 617 2741 712 2829; x_wconf 87' lang='grc' dir='ltr'><strong><em>πύλης</em></strong></span> <span class='ocrx_word' id='word_1_376' title='bbox 744 2752 855 2833; x_wconf 82' lang='grc' dir='ltr'><strong><em>κτηρες.</em></strong></span> <span class='ocrx_word' id='word_1_377' title='bbox 876 2749 906 2790; x_wconf 78' lang='grc'><strong><em>33</em></strong></span> <span class='ocrx_word' id='word_1_378' title='bbox 920 2749 971 2813; x_wconf 79' lang='grc' dir='ltr'><strong><em>καί</em></strong></span> <span class='ocrx_word' id='word_1_379' title='bbox 982 2746 1114 2833; x_wconf 76' lang='grc' dir='ltr'><strong><em>είςηγυμέ</em></strong></span> <span class='ocrx_word' id='word_1_380' title='bbox 1124 2774 1159 2832; x_wconf 92' lang='grc' dir='ltr'><strong><em>με</em></strong></span> <span class='ocrx_word' id='word_1_381' title='bbox 1172 2755 1210 2824; x_wconf 75' lang='grc' dir='ltr'><strong><em>εἰς</em></strong></span> <span class='ocrx_word' id='word_1_382' title='bbox 1222 2751 1277 2832; x_wconf 74' lang='grc' dir='ltr'><strong><em>την</em></strong></span> <span class='ocrx_word' id='word_1_383' title='bbox 1288 2745 1349 2815; x_wconf 90' lang='grc' dir='ltr'><strong><em>πύ-</em></strong></span> 
     </span>
     <span class='ocr_line' id='line_1_32' title="bbox 105 2827 1348 2916; baseline 0.002 -22"><span class='ocrx_word' id='word_1_384' title='bbox 105 2834 159 2912; x_wconf 76' lang='grc' dir='ltr'><strong><em>της</em></strong></span> <span class='ocrx_word' id='word_1_385' title='bbox 177 2832 323 2914; x_wconf 77' lang='grc' dir='ltr'><strong><em>ἐξῳτέρας</em></strong></span> <span class='ocrx_word' id='word_1_386' title='bbox 341 2833 453 2895; x_wconf 78' lang='grc' dir='ltr'><strong><em>έσονθεν</em></strong></span> <span class='ocrx_word' id='word_1_387' title='bbox 470 2828 572 2895; x_wconf 60' lang='lat' dir='ltr'><strong><em>cuis&amp;</em></strong></span> <span class='ocrx_word' id='word_1_388' title='bbox 588 2831 712 2909; x_wconf 80' lang='grc' dir='ltr'><strong><em>αἴθριον</em></strong></span> <span class='ocrx_word' id='word_1_389' title='bbox 743 2830 798 2915; x_wconf 90' lang='grc' dir='ltr'><strong><em>λην</em></strong></span> <span class='ocrx_word' id='word_1_390' title='bbox 821 2827 874 2915; x_wconf 72' lang='grc' dir='ltr'><strong><em>τίην</em></strong></span> <span class='ocrx_word' id='word_1_391' title='bbox 897 2829 1069 2916; x_wconf 76' lang='grc' dir='ltr'><strong><em>βλέπουσαν</em></strong></span> <span class='ocrx_word' id='word_1_392' title='bbox 1093 2827 1172 2896; x_wconf 72' lang='grc' dir='ltr'><strong><em>κατὰ</em></strong></span> <span class='ocrx_word' id='word_1_393' title='bbox 1189 2829 1348 2908; x_wconf 80' lang='grc' dir='ltr'><strong><em>ἀνατολύς,</em></strong></span> 
     </span>
     <span class='ocr_line' id='line_1_33' title="bbox 106 2908 1349 2999; baseline 0 -21"><span class='ocrx_word' id='word_1_394' title='bbox 106 2918 157 2996; x_wconf 81' lang='grc' dir='ltr'><strong><em>της</em></strong></span> <span class='ocrx_word' id='word_1_395' title='bbox 175 2910 271 2997; x_wconf 88' lang='grc' dir='ltr'><strong><em>πύλης</em></strong></span> <span class='ocrx_word' id='word_1_396' title='bbox 288 2919 340 2995; x_wconf 81' lang='grc' dir='ltr'><strong><em>τῆς</em></strong></span> <span class='ocrx_word' id='word_1_397' title='bbox 352 2908 600 2999; x_wconf 67' lang='grc' dir='ltr'><strong><em>βλεπούοηςέξω,</em></strong></span> <span class='ocrx_word' id='word_1_398' title='bbox 613 2911 713 2996; x_wconf 80' lang='grc' dir='ltr'><strong><em>πηχεις</em></strong></span> <span class='ocrx_word' id='word_1_399' title='bbox 744 2915 986 2998; x_wconf 83' lang='grc' dir='ltr'><strong><em>καίδιεμέτρησεν</em></strong></span> <span class='ocrx_word' id='word_1_400' title='bbox 1004 2912 1099 2997; x_wconf 73' lang='grc' dir='ltr'><strong><em>αὐτὴν</em></strong></span> <span class='ocrx_word' id='word_1_401' title='bbox 1110 2912 1189 2983; x_wconf 75' lang='grc' dir='ltr'><strong><em>κατὰ</em></strong></span> <span class='ocrx_word' id='word_1_402' title='bbox 1202 2913 1240 2981; x_wconf 74' lang='grc' dir='ltr'><strong><em>τἰί</em></strong></span> <span class='ocrx_word' id='word_1_403' title='bbox 1253 2917 1349 2999; x_wconf 86' lang='grc' dir='ltr'><strong><em>μέτρα</em></strong></span> 
     </span>
     <span class='ocr_line' id='line_1_34' title="bbox 106 2992 1347 3084; baseline 0.002 -23"><span class='ocrx_word' id='word_1_404' title='bbox 106 2995 215 3062; x_wconf 86' lang='grc' dir='ltr'><strong><em>έκατὸν</em></strong></span> <span class='ocrx_word' id='word_1_405' title='bbox 224 3002 277 3078; x_wconf 72' lang='grc' dir='ltr'><strong><em>τῆς</em></strong></span> <span class='ocrx_word' id='word_1_406' title='bbox 285 2992 542 3084; x_wconf 79' lang='grc' dir='ltr'><strong><em>βλυτούοηςκατόι</em></strong></span> <span class='ocrx_word' id='word_1_407' title='bbox 553 2993 711 3071; x_wconf 75' lang='grc' dir='ltr'><strong><em>ἀνατολάς.</em></strong></span> <span class='ocrx_word' id='word_1_408' title='bbox 743 3003 858 3072; x_wconf 81' lang='grc' dir='ltr'><strong><em>ταῦτα,</em></strong></span> <span class='ocrx_word' id='word_1_409' title='bbox 884 2998 913 3040; x_wconf 87' lang='grc'><strong><em>33</em></strong></span> <span class='ocrx_word' id='word_1_410' title='bbox 926 3000 977 3061; x_wconf 86' lang='grc' dir='ltr'><strong><em>καὶ</em></strong></span> <span class='ocrx_word' id='word_1_411' title='bbox 993 2997 1033 3063; x_wconf 82' lang='grc' dir='ltr'><strong><em>τὰ</em></strong></span> <span class='ocrx_word' id='word_1_412' title='bbox 1046 2998 1113 3072; x_wconf 79' lang='grc' dir='ltr'><strong><em>θεὲ,</em></strong></span> <span class='ocrx_word' id='word_1_413' title='bbox 1139 2996 1240 3063; x_wconf 76' lang='grc' dir='ltr'><strong><em>καὶτὰ</em></strong></span> <span class='ocrx_word' id='word_1_414' title='bbox 1254 2995 1347 3074; x_wconf 76' lang='grc' dir='ltr'><strong><em>αίλεῡ,</em></strong></span> 
     </span>
     <span class='ocr_line' id='line_1_35' title="bbox 106 3077 1346 3164; baseline 0.003 -21"><span class='ocrx_word' id='word_1_415' title='bbox 106 3082 158 3144; x_wconf 86' lang='grc' dir='ltr'><strong><em>καὶ</em></strong></span> <span class='ocrx_word' id='word_1_416' title='bbox 171 3078 264 3163; x_wconf 70' lang='grc' dir='ltr'><strong><em>ἤγαγέ</em></strong></span> <span class='ocrx_word' id='word_1_417' title='bbox 274 3105 308 3162; x_wconf 88' lang='grc' dir='ltr'><strong><em>με</em></strong></span> <span class='ocrx_word' id='word_1_418' title='bbox 322 3082 373 3145; x_wconf 77' lang='grc' dir='ltr'><strong><em>ἐπὶ</em></strong></span> <span class='ocrx_word' id='word_1_419' title='bbox 384 3082 523 3164; x_wconf 73' lang='grc' dir='ltr'><strong><em>Βορρᾶν,</em></strong></span> <span class='ocrx_word' id='word_1_420' title='bbox 539 3082 570 3123; x_wconf 90' lang='lat'><strong><em>²⁰</em></strong></span> <span class='ocrx_word' id='word_1_421' title='bbox 583 3081 634 3145; x_wconf 81' lang='grc' dir='ltr'><strong><em>καί</em></strong></span> <span class='ocrx_word' id='word_1_422' title='bbox 646 3080 712 3145; x_wconf 83' lang='grc' dir='ltr'><strong><em>ίδοό</em></strong></span> <span class='ocrx_word' id='word_1_423' title='bbox 744 3082 794 3147; x_wconf 82' lang='grc' dir='ltr'><strong><em>καί</em></strong></span> <span class='ocrx_word' id='word_1_424' title='bbox 806 3079 845 3146; x_wconf 81' lang='grc' dir='ltr'><strong><em>τὰ</em></strong></span> <span class='ocrx_word' id='word_1_425' title='bbox 859 3077 1015 3164; x_wconf 83' lang='grc' dir='ltr'><strong><em>αῖλαμμῶν</em></strong></span> <span class='ocrx_word' id='word_1_426' title='bbox 1026 3079 1105 3147; x_wconf 88' lang='grc' dir='ltr'><strong><em>κατόε</em></strong></span> <span class='ocrx_word' id='word_1_427' title='bbox 1117 3080 1156 3147; x_wconf 81' lang='grc' dir='ltr'><strong><em>τὰ</em></strong></span> <span class='ocrx_word' id='word_1_428' title='bbox 1167 3085 1261 3162; x_wconf 88' lang='grc' dir='ltr'><strong><em>μέτρα</em></strong></span> <span class='ocrx_word' id='word_1_429' title='bbox 1273 3085 1346 3147; x_wconf 79' lang='grc' dir='ltr'><strong><em>ταῦ·</em></strong></span> 
     </span>
     <span class='ocr_line' id='line_1_36' title="bbox 105 3159 1349 3249; baseline 0.002 -23"><span class='ocrx_word' id='word_1_430' title='bbox 105 3159 186 3245; x_wconf 92' lang='grc' dir='ltr'><strong><em>πύλη</em></strong></span> <span class='ocrx_word' id='word_1_431' title='bbox 195 3165 349 3248; x_wconf 81' lang='grc' dir='ltr'><strong><em>βλέπουσα</em></strong></span> <span class='ocrx_word' id='word_1_432' title='bbox 358 3162 435 3247; x_wconf 88' lang='grc' dir='ltr'><strong><em>πρὸς</em></strong></span> <span class='ocrx_word' id='word_1_433' title='bbox 444 3166 571 3249; x_wconf 74' lang='grc' dir='ltr'><strong><em>Βορρᾶν</em></strong></span> <span class='ocrx_word' id='word_1_434' title='bbox 580 3167 618 3246; x_wconf 81' lang='grc' dir='ltr'><strong><em>τῆ</em></strong></span> <span class='ocrx_word' id='word_1_435' title='bbox 632 3161 712 3246; x_wconf 77' lang='grc' dir='ltr'><strong><em>αύλῆ</em></strong></span> <span class='ocrx_word' id='word_1_436' title='bbox 744 3190 797 3240; x_wconf 90' lang='grc' dir='ltr'><strong><em>τα,</em></strong></span> <span class='ocrx_word' id='word_1_437' title='bbox 823 3166 874 3229; x_wconf 83' lang='grc' dir='ltr'><strong><em>καί</em></strong></span> <span class='ocrx_word' id='word_1_438' title='bbox 889 3165 1007 3248; x_wconf 84' lang='grc' dir='ltr'><strong><em>θυρίδες</em></strong></span> <span class='ocrx_word' id='word_1_439' title='bbox 1025 3162 1103 3248; x_wconf 78' lang='grc' dir='ltr'><strong><em>αὕτη</em></strong></span> <span class='ocrx_word' id='word_1_440' title='bbox 1124 3167 1176 3231; x_wconf 84' lang='grc' dir='ltr'><strong><em>καί</em></strong></span> <span class='ocrx_word' id='word_1_441' title='bbox 1194 3161 1349 3248; x_wconf 81' lang='grc' dir='ltr'><strong><em>αῑλαμμῶν</em></strong></span> 
     </span>
     <span class='ocr_line' id='line_1_37' title="bbox 105 3235 1347 3347; baseline 0.002 -37"><span class='ocrx_word' id='word_1_442' title='bbox 105 3250 145 3347; x_wconf 70' lang='grc' dir='ltr'><strong><em>τη</em></strong></span> <span class='ocrx_word' id='word_1_443' title='bbox 169 3248 318 3332; x_wconf 76' lang='grc' dir='ltr'><strong><em>ἐξῳτέρῳ,</em></strong></span> <span class='ocrx_word' id='word_1_444' title='bbox 342 3250 392 3312; x_wconf 83' lang='grc' dir='ltr'><strong><em>καί</em></strong></span> <span class='ocrx_word' id='word_1_445' title='bbox 410 3246 589 3333; x_wconf 88' lang='grc' dir='ltr'><strong><em>διεμέτρησεν</em></strong></span> <span class='ocrx_word' id='word_1_446' title='bbox 600 3235 712 3331; x_wconf 68' lang='grc' dir='ltr'><strong><em>αὑτηί,</em></strong></span> <span class='ocrx_word' id='word_1_447' title='bbox 743 3242 844 3332; x_wconf 87' lang='grc' dir='ltr'><strong><em>κύκλῳ</em></strong></span> <span class='ocrx_word' id='word_1_448' title='bbox 860 3242 959 3331; x_wconf 69' lang='grc' dir='ltr'><strong><em>πήχεις</em></strong></span> <span class='ocrx_word' id='word_1_449' title='bbox 975 3238 1159 3331; x_wconf 71' lang='grc' dir='ltr'><strong><em>πεντήκοντα</em></strong></span> <span class='ocrx_word' id='word_1_450' title='bbox 1181 3253 1272 3331; x_wconf 76' lang='grc' dir='ltr'><strong><em>μῆκος</em></strong></span> <span class='ocrx_word' id='word_1_451' title='bbox 1291 3247 1347 3313; x_wconf 83' lang='grc' dir='ltr'><strong><em>αύ-</em></strong></span> 
     </span>
     <span class='ocr_line' id='line_1_38' title="bbox 106 3321 1347 3414; baseline -0.002 -20"><span class='ocrx_word' id='word_1_452' title='bbox 106 3353 185 3405; x_wconf 89' lang='grc' dir='ltr'><strong><em>το,τε</em></strong></span> <span class='ocrx_word' id='word_1_453' title='bbox 215 3333 306 3412; x_wconf 80' lang='grc' dir='ltr'><strong><em>μῆκος</em></strong></span> <span class='ocrx_word' id='word_1_454' title='bbox 329 3328 424 3414; x_wconf 68' lang='grc' dir='ltr'><strong><em>αὐτῆς</em></strong></span> <span class='ocrx_word' id='word_1_455' title='bbox 448 3333 499 3396; x_wconf 86' lang='grc' dir='ltr'><strong><em>καί</em></strong></span> <span class='ocrx_word' id='word_1_456' title='bbox 517 3327 560 3395; x_wconf 66' lang='grc' dir='ltr'><strong><em>«τό</em></strong></span> <span class='ocrx_word' id='word_1_457' title='bbox 585 3324 713 3406; x_wconf 83' lang='grc' dir='ltr'><strong><em>πλότος,</em></strong></span> <span class='ocrx_word' id='word_1_458' title='bbox 743 3335 811 3411; x_wconf 72' lang='grc' dir='ltr'><strong><em>τῆς,</em></strong></span> <span class='ocrx_word' id='word_1_459' title='bbox 836 3333 886 3395; x_wconf 82' lang='grc' dir='ltr'><strong><em>καί</em></strong></span> <span class='ocrx_word' id='word_1_460' title='bbox 910 3321 995 3414; x_wconf 81' lang='grc' dir='ltr'><strong><em>εύρος</em></strong></span> <span class='ocrx_word' id='word_1_461' title='bbox 1017 3329 1110 3411; x_wconf 74' lang='grc' dir='ltr'><strong><em>αὐτῆς</em></strong></span> <span class='ocrx_word' id='word_1_462' title='bbox 1124 3326 1347 3412; x_wconf 74' lang='grc' dir='ltr'><strong><em>πηχειςείκοσι-</em></strong></span> 
     </span>
     <span class='ocr_line' id='line_1_39' title="bbox 105 3408 1348 3496; baseline -0.002 -20"><span class='ocrx_word' id='word_1_463' title='bbox 105 3415 133 3455; x_wconf 82' lang='lat'><strong><em>²¹</em></strong></span> <span class='ocrx_word' id='word_1_464' title='bbox 146 3414 199 3477; x_wconf 80' lang='grc' dir='ltr'><strong><em>καὶ</em></strong></span> <span class='ocrx_word' id='word_1_465' title='bbox 213 3414 251 3476; x_wconf 89' lang='grc' dir='ltr'><strong><em>τὸ</em></strong></span> <span class='ocrx_word' id='word_1_466' title='bbox 264 3413 318 3477; x_wconf 82' lang='grc' dir='ltr'><strong><em>θεὲ</em></strong></span> <span class='ocrx_word' id='word_1_467' title='bbox 330 3426 406 3496; x_wconf 83' lang='grc' dir='ltr'><strong><em>τρεῖς</em></strong></span> <span class='ocrx_word' id='word_1_468' title='bbox 417 3416 502 3478; x_wconf 68' lang='grc' dir='ltr'><strong><em>λύθεν</em></strong></span> <span class='ocrx_word' id='word_1_469' title='bbox 513 3414 567 3476; x_wconf 78' lang='grc' dir='ltr'><strong><em>καί</em></strong></span> <span class='ocrx_word' id='word_1_470' title='bbox 577 3424 654 3496; x_wconf 85' lang='grc' dir='ltr'><strong><em>τρεῖς</em></strong></span> <span class='ocrx_word' id='word_1_471' title='bbox 665 3416 712 3476; x_wconf 78' lang='grc' dir='ltr'><strong><em>ε”ν-</em></strong></span> <span class='ocrx_word' id='word_1_472' title='bbox 743 3414 838 3477; x_wconf 85' lang='grc' dir='ltr'><strong><em>πέντε.</em></strong></span> <span class='ocrx_word' id='word_1_473' title='bbox 862 3410 894 3453; x_wconf 82' lang='lat'><strong><em>³⁴</em></strong></span> <span class='ocrx_word' id='word_1_474' title='bbox 906 3415 958 3475; x_wconf 82' lang='grc' dir='ltr'><strong><em>καί</em></strong></span> <span class='ocrx_word' id='word_1_475' title='bbox 969 3409 1123 3492; x_wconf 82' lang='grc' dir='ltr'><strong><em>αῑλαμμιύε</em></strong></span> <span class='ocrx_word' id='word_1_476' title='bbox 1135 3415 1173 3484; x_wconf 82' lang='grc' dir='ltr'><strong><em>εἰς</em></strong></span> <span class='ocrx_word' id='word_1_477' title='bbox 1185 3409 1239 3494; x_wconf 73' lang='grc' dir='ltr'><strong><em>τὴν</em></strong></span> <span class='ocrx_word' id='word_1_478' title='bbox 1252 3408 1348 3493; x_wconf 80' lang='grc' dir='ltr'><strong><em>αύλίην</em></strong></span> 
     </span>
     <span class='ocr_line' id='line_1_40' title="bbox 105 3491 1348 3578; baseline 0 -21"><span class='ocrx_word' id='word_1_479' title='bbox 105 3504 175 3566; x_wconf 90' lang='grc' dir='ltr'><strong><em>θεν,</em></strong></span> <span class='ocrx_word' id='word_1_480' title='bbox 196 3494 248 3556; x_wconf 78' lang='grc' dir='ltr'><strong><em>καί</em></strong></span> <span class='ocrx_word' id='word_1_481' title='bbox 260 3491 297 3556; x_wconf 91' lang='grc' dir='ltr'><strong><em>τὸ</em></strong></span> <span class='ocrx_word' id='word_1_482' title='bbox 309 3495 410 3567; x_wconf 80' lang='grc' dir='ltr'><strong><em>αλλεῦ,</em></strong></span> <span class='ocrx_word' id='word_1_483' title='bbox 432 3491 534 3558; x_wconf 80' lang='grc' dir='ltr'><strong><em>καὶτὰ</em></strong></span> <span class='ocrx_word' id='word_1_484' title='bbox 547 3491 711 3574; x_wconf 78' lang='grc' dir='ltr'><strong><em>αἲλαμμῶν,</em></strong></span> <span class='ocrx_word' id='word_1_485' title='bbox 743 3492 797 3574; x_wconf 75' lang='grc' dir='ltr'><strong><em>την</em></strong></span> <span class='ocrx_word' id='word_1_486' title='bbox 822 3495 984 3578; x_wconf 79' lang='grc' dir='ltr'><strong><em>ἐσωτέραν,</em></strong></span> <span class='ocrx_word' id='word_1_487' title='bbox 1010 3495 1061 3555; x_wconf 84' lang='grc' dir='ltr'><strong><em>καί</em></strong></span> <span class='ocrx_word' id='word_1_488' title='bbox 1082 3497 1208 3570; x_wconf 86' lang='grc' dir='ltr'><strong><em>φοίνικες</em></strong></span> <span class='ocrx_word' id='word_1_489' title='bbox 1226 3494 1276 3556; x_wconf 83' lang='grc' dir='ltr'><strong><em>έπὶ</em></strong></span> <span class='ocrx_word' id='word_1_490' title='bbox 1292 3496 1348 3557; x_wconf 81' lang='grc' dir='ltr'><strong><em>τοῦ</em></strong></span> 
     </span>
     <span class='ocr_line' id='line_1_41' title="bbox 105 3571 1348 3654; baseline 0.002 -18"><span class='ocrx_word' id='word_1_491' title='bbox 105 3573 242 3647; x_wconf 70' lang='grc' dir='ltr'><strong><em>καὶτοὺς</em></strong></span> <span class='ocrx_word' id='word_1_492' title='bbox 261 3579 396 3654; x_wconf 85' lang='grc' dir='ltr'><strong><em>φοίνικας</em></strong></span> <span class='ocrx_word' id='word_1_493' title='bbox 410 3573 510 3654; x_wconf 76' lang='grc' dir='ltr'><strong><em>αὐτῆς.</em></strong></span> <span class='ocrx_word' id='word_1_494' title='bbox 535 3576 586 3636; x_wconf 81' lang='grc' dir='ltr'><strong><em>καί</em></strong></span> <span class='ocrx_word' id='word_1_495' title='bbox 598 3577 712 3650; x_wconf 71' lang='grc' dir='ltr'><strong><em>ἐγένετο</em></strong></span> <span class='ocrx_word' id='word_1_496' title='bbox 743 3575 825 3639; x_wconf 82' lang='grc' dir='ltr'><strong><em>αλλεύ</em></strong></span> <span class='ocrx_word' id='word_1_497' title='bbox 839 3578 924 3640; x_wconf 79' lang='grc' dir='ltr'><strong><em>ἔνθεν</em></strong></span> <span class='ocrx_word' id='word_1_498' title='bbox 937 3576 988 3639; x_wconf 85' lang='grc' dir='ltr'><strong><em>καί</em></strong></span> <span class='ocrx_word' id='word_1_499' title='bbox 999 3576 1102 3648; x_wconf 72' lang='grc' dir='ltr'><strong><em>ἔνθεν,</em></strong></span> <span class='ocrx_word' id='word_1_500' title='bbox 1125 3574 1178 3638; x_wconf 83' lang='grc' dir='ltr'><strong><em>καί</em></strong></span> <span class='ocrx_word' id='word_1_501' title='bbox 1189 3571 1271 3637; x_wconf 83' lang='grc' dir='ltr'><strong><em>ὀκτῶ</em></strong></span> <span class='ocrx_word' id='word_1_502' title='bbox 1284 3574 1348 3639; x_wconf 77' lang='grc' dir='ltr'><strong><em>κλι-</em></strong></span> 
     </span>
     <span class='ocr_line' id='line_1_42' title="bbox 105 3651 1348 3748; baseline 0.001 -27"><span class='ocrx_word' id='word_1_503' title='bbox 105 3654 185 3722; x_wconf 79' lang='grc' dir='ltr'><strong><em>κατᾶ</em></strong></span> <span class='ocrx_word' id='word_1_504' title='bbox 198 3654 237 3721; x_wconf 79' lang='grc' dir='ltr'><strong><em>τὰ</em></strong></span> <span class='ocrx_word' id='word_1_505' title='bbox 250 3659 345 3740; x_wconf 91' lang='grc' dir='ltr'><strong><em>μέτρα</em></strong></span> <span class='ocrx_word' id='word_1_506' title='bbox 355 3660 408 3740; x_wconf 73' lang='grc' dir='ltr'><strong><em>τῆς</em></strong></span> <span class='ocrx_word' id='word_1_507' title='bbox 416 3651 512 3738; x_wconf 90' lang='grc' dir='ltr'><strong><em>πύλης</em></strong></span> <span class='ocrx_word' id='word_1_508' title='bbox 524 3661 575 3739; x_wconf 74' lang='grc' dir='ltr'><strong><em>τῆς</em></strong></span> <span class='ocrx_word' id='word_1_509' title='bbox 586 3653 710 3740; x_wconf 82' lang='grc' dir='ltr'><strong><em>βλεπού·</em></strong></span> <span class='ocrx_word' id='word_1_510' title='bbox 743 3661 887 3739; x_wconf 74' lang='grc' dir='ltr'><strong><em>μυκτῆρες</em></strong></span> <span class='ocrx_word' id='word_1_511' title='bbox 900 3655 987 3748; x_wconf 76' lang='grc' dir='ltr'><strong><em>αὐτῇ.</em></strong></span> <span class='ocrx_word' id='word_1_512' title='bbox 1013 3658 1042 3700; x_wconf 85' lang='grc'><strong><em>33</em></strong></span> <span class='ocrx_word' id='word_1_513' title='bbox 1055 3658 1107 3722; x_wconf 75' lang='grc' dir='ltr'><strong><em>καὶ</em></strong></span> <span class='ocrx_word' id='word_1_514' title='bbox 1118 3651 1252 3741; x_wconf 76' lang='grc' dir='ltr'><strong><em>είςηγαμέ</em></strong></span> <span class='ocrx_word' id='word_1_515' title='bbox 1262 3682 1296 3739; x_wconf 90' lang='grc' dir='ltr'><strong><em>με</em></strong></span> <span class='ocrx_word' id='word_1_516' title='bbox 1309 3662 1348 3733; x_wconf 77' lang='grc' dir='ltr'><strong><em>είς</em></strong></span> 
     </span>
     <span class='ocr_line' id='line_1_43' title="bbox 107 3732 1347 3842; baseline 0 -35"><span class='ocrx_word' id='word_1_517' title='bbox 107 3767 159 3824; x_wconf 88' lang='grc' dir='ltr'><strong><em>οης</em></strong></span> <span class='ocrx_word' id='word_1_518' title='bbox 172 3737 252 3804; x_wconf 75' lang='grc' dir='ltr'><strong><em>κατὰ</em></strong></span> <span class='ocrx_word' id='word_1_519' title='bbox 264 3735 425 3813; x_wconf 78' lang='grc' dir='ltr'><strong><em>ἀνατολᾶς,</em></strong></span> <span class='ocrx_word' id='word_1_520' title='bbox 436 3742 539 3824; x_wconf 82' lang='grc' dir='ltr'><strong><em>πηχῶν</em></strong></span> <span class='ocrx_word' id='word_1_521' title='bbox 551 3732 711 3822; x_wconf 77' lang='grc' dir='ltr'><strong><em>πεντηκον-</em></strong></span> <span class='ocrx_word' id='word_1_522' title='bbox 743 3739 797 3822; x_wconf 80' lang='grc' dir='ltr'><strong><em>την</em></strong></span> <span class='ocrx_word' id='word_1_523' title='bbox 808 3738 905 3823; x_wconf 86' lang='grc' dir='ltr'><strong><em>πύλην</em></strong></span> <span class='ocrx_word' id='word_1_524' title='bbox 918 3737 972 3842; x_wconf 78' lang='grc' dir='ltr'><strong><em>την</em></strong></span> <span class='ocrx_word' id='word_1_525' title='bbox 984 3735 1061 3824; x_wconf 88' lang='grc' dir='ltr'><strong><em>πρός</em></strong></span> <span class='ocrx_word' id='word_1_526' title='bbox 1073 3742 1210 3824; x_wconf 73' lang='grc' dir='ltr'><strong><em>Βορρᾶν,</em></strong></span> <span class='ocrx_word' id='word_1_527' title='bbox 1222 3744 1274 3807; x_wconf 87' lang='grc' dir='ltr'><strong><em>καί</em></strong></span> <span class='ocrx_word' id='word_1_528' title='bbox 1287 3741 1347 3807; x_wconf 89' lang='grc' dir='ltr'><strong><em>διε-</em></strong></span> 
     </span>
     <span class='ocr_line' id='line_1_44' title="bbox 106 3819 1348 3927; baseline 0 -38"><span class='ocrx_word' id='word_1_529' title='bbox 106 3850 146 3890; x_wconf 91' lang='grc' dir='ltr'><strong><em>τα</em></strong></span> <span class='ocrx_word' id='word_1_530' title='bbox 157 3821 193 3889; x_wconf 86' lang='grc' dir='ltr'><strong><em>τὸ</em></strong></span> <span class='ocrx_word' id='word_1_531' title='bbox 206 3827 297 3907; x_wconf 76' lang='grc' dir='ltr'><strong><em>μῆκος</em></strong></span> <span class='ocrx_word' id='word_1_532' title='bbox 310 3821 411 3927; x_wconf 73' lang='grc' dir='ltr'><strong><em>αύτης.</em></strong></span> <span class='ocrx_word' id='word_1_533' title='bbox 429 3823 480 3887; x_wconf 81' lang='grc' dir='ltr'><strong><em>καί</em></strong></span> <span class='ocrx_word' id='word_1_534' title='bbox 491 3827 593 3905; x_wconf 88' lang='grc' dir='ltr'><strong><em>πηχῶν</em></strong></span> <span class='ocrx_word' id='word_1_535' title='bbox 605 3826 712 3887; x_wconf 78' lang='grc' dir='ltr'><strong><em>εἴκοσι·</em></strong></span> <span class='ocrx_word' id='word_1_536' title='bbox 742 3824 868 3905; x_wconf 85' lang='grc' dir='ltr'><strong><em>μέτρησε</em></strong></span> <span class='ocrx_word' id='word_1_537' title='bbox 881 3846 958 3887; x_wconf 91' lang='grc' dir='ltr'><strong><em>κατα</em></strong></span> <span class='ocrx_word' id='word_1_538' title='bbox 970 3819 1009 3886; x_wconf 82' lang='grc' dir='ltr'><strong><em>τό</em></strong></span> <span class='ocrx_word' id='word_1_539' title='bbox 1021 3824 1114 3906; x_wconf 84' lang='grc' dir='ltr'><strong><em>μέτρα</em></strong></span> <span class='ocrx_word' id='word_1_540' title='bbox 1126 3826 1235 3911; x_wconf 77' lang='grc' dir='ltr'><strong><em>ταῦτα,</em></strong></span> <span class='ocrx_word' id='word_1_541' title='bbox 1253 3825 1284 3869; x_wconf 80' lang='grc'><strong><em>33</em></strong></span> <span class='ocrx_word' id='word_1_542' title='bbox 1295 3825 1348 3889; x_wconf 80' lang='grc' dir='ltr'><strong><em>καί</em></strong></span> 
     </span>
     <span class='ocr_line' id='line_1_45' title="bbox 106 3897 1347 3993; baseline 0 -20"><span class='ocrx_word' id='word_1_543' title='bbox 106 3909 192 3973; x_wconf 88' lang='grc' dir='ltr'><strong><em>πέντε</em></strong></span> <span class='ocrx_word' id='word_1_544' title='bbox 205 3906 241 3972; x_wconf 86' lang='grc' dir='ltr'><strong><em>τὸ</em></strong></span> <span class='ocrx_word' id='word_1_545' title='bbox 254 3897 338 3993; x_wconf 80' lang='grc' dir='ltr'><strong><em>εύρος</em></strong></span> <span class='ocrx_word' id='word_1_546' title='bbox 351 3909 450 3988; x_wconf 79' lang='grc' dir='ltr'><strong><em>αυτης.</em></strong></span> <span class='ocrx_word' id='word_1_547' title='bbox 470 3905 500 3947; x_wconf 83' lang='lat'><strong><em>²²</em></strong></span> <span class='ocrx_word' id='word_1_548' title='bbox 510 3907 562 3969; x_wconf 84' lang='grc' dir='ltr'><strong><em>καί</em></strong></span> <span class='ocrx_word' id='word_1_549' title='bbox 575 3908 609 3972; x_wconf 76' lang='grc' dir='ltr'><strong><em>αἱ</em></strong></span> <span class='ocrx_word' id='word_1_550' title='bbox 621 3911 712 3990; x_wconf 87' lang='grc' dir='ltr'><strong><em>θυρί-</em></strong></span> <span class='ocrx_word' id='word_1_551' title='bbox 742 3905 781 3971; x_wconf 81' lang='grc' dir='ltr'><strong><em>τίι</em></strong></span> <span class='ocrx_word' id='word_1_552' title='bbox 794 3905 862 3983; x_wconf 82' lang='grc' dir='ltr'><strong><em>θεὲ,</em></strong></span> <span class='ocrx_word' id='word_1_553' title='bbox 887 3904 989 3970; x_wconf 78' lang='grc' dir='ltr'><strong><em>καὶτὰ</em></strong></span> <span class='ocrx_word' id='word_1_554' title='bbox 1003 3904 1100 3983; x_wconf 76' lang='grc' dir='ltr'><strong><em>αὶλεύ,</em></strong></span> <span class='ocrx_word' id='word_1_555' title='bbox 1122 3906 1175 3971; x_wconf 77' lang='grc' dir='ltr'><strong><em>καί</em></strong></span> <span class='ocrx_word' id='word_1_556' title='bbox 1186 3907 1224 3971; x_wconf 72' lang='grc' dir='ltr'><strong><em>τὰ</em></strong></span> <span class='ocrx_word' id='word_1_557' title='bbox 1238 3906 1347 3989; x_wconf 80' lang='grc' dir='ltr'><strong><em>αἰλαμ·</em></strong></span> 
     </span>
     <span class='ocr_line' id='line_1_46' title="bbox 107 3984 1346 4092; baseline 0 -37"><span class='ocrx_word' id='word_1_558' title='bbox 107 3992 152 4066; x_wconf 90' lang='grc' dir='ltr'><strong><em>δες</em></strong></span> <span class='ocrx_word' id='word_1_559' title='bbox 164 3989 283 4074; x_wconf 74' lang='grc' dir='ltr'><strong><em>αὐτῆς,</em></strong></span> <span class='ocrx_word' id='word_1_560' title='bbox 296 3992 346 4055; x_wconf 80' lang='grc' dir='ltr'><strong><em>καί</em></strong></span> <span class='ocrx_word' id='word_1_561' title='bbox 363 3987 404 4055; x_wconf 82' lang='grc' dir='ltr'><strong><em>τὰ</em></strong></span> <span class='ocrx_word' id='word_1_562' title='bbox 424 3987 592 4092; x_wconf 77' lang='grc' dir='ltr'><strong><em>αίλαμμών,</em></strong></span> <span class='ocrx_word' id='word_1_563' title='bbox 618 3991 713 4054; x_wconf 76' lang='grc' dir='ltr'><strong><em>καλοῖ</em></strong></span> <span class='ocrx_word' id='word_1_564' title='bbox 741 3988 816 4071; x_wconf 83' lang='grc' dir='ltr'><strong><em>μῶν,</em></strong></span> <span class='ocrx_word' id='word_1_565' title='bbox 829 3991 883 4053; x_wconf 85' lang='grc' dir='ltr'><strong><em>καί</em></strong></span> <span class='ocrx_word' id='word_1_566' title='bbox 892 3990 1012 4073; x_wconf 88' lang='grc' dir='ltr'><strong><em>θυρίδες</em></strong></span> <span class='ocrx_word' id='word_1_567' title='bbox 1024 3987 1103 4082; x_wconf 80' lang='grc' dir='ltr'><strong><em>αὐτῇ</em></strong></span> <span class='ocrx_word' id='word_1_568' title='bbox 1114 3984 1223 4074; x_wconf 84' lang='grc' dir='ltr'><strong><em>κύκλῳ.</em></strong></span> <span class='ocrx_word' id='word_1_569' title='bbox 1247 3991 1298 4055; x_wconf 85' lang='grc' dir='ltr'><strong><em>καί</em></strong></span> <span class='ocrx_word' id='word_1_570' title='bbox 1310 3986 1346 4055; x_wconf 87' lang='grc' dir='ltr'><strong><em>τό</em></strong></span> 
     </span>
     <span class='ocr_line' id='line_1_47' title="bbox 107 4067 1348 4176; baseline 0 -39"><span class='ocrx_word' id='word_1_571' title='bbox 107 4080 235 4154; x_wconf 84' lang='grc' dir='ltr'><strong><em>φοίνικες</em></strong></span> <span class='ocrx_word' id='word_1_572' title='bbox 253 4071 347 4158; x_wconf 78' lang='grc' dir='ltr'><strong><em>αὐτῆς</em></strong></span> <span class='ocrx_word' id='word_1_573' title='bbox 364 4071 469 4148; x_wconf 78' lang='grc' dir='ltr'><strong><em>καθὼς</em></strong></span> <span class='ocrx_word' id='word_1_574' title='bbox 488 4067 598 4156; x_wconf 89' lang='grc' dir='ltr'><strong><em>ηπύλη</em></strong></span> <span class='ocrx_word' id='word_1_575' title='bbox 611 4067 631 4154; x_wconf 77' lang='grc' dir='ltr'><strong><em>ἦ</em></strong></span> <span class='ocrx_word' id='word_1_576' title='bbox 639 4071 711 4176; x_wconf 70' lang='grc' dir='ltr'><strong><em>ηλλέ-</em></strong></span> <span class='ocrx_word' id='word_1_577' title='bbox 744 4069 897 4155; x_wconf 81' lang='grc' dir='ltr'><strong><em>αἰλαμμῶν</em></strong></span> <span class='ocrx_word' id='word_1_578' title='bbox 922 4069 1015 4156; x_wconf 76' lang='grc' dir='ltr'><strong><em>αὐτῆς</em></strong></span> <span class='ocrx_word' id='word_1_579' title='bbox 1038 4067 1138 4175; x_wconf 67' lang='grc' dir='ltr'><strong><em>πήχεις</em></strong></span> <span class='ocrx_word' id='word_1_580' title='bbox 1161 4068 1348 4156; x_wconf 74' lang='grc' dir='ltr'><strong><em>πεντήκοντα</em></strong></span> 
     </span>
     <span class='ocr_line' id='line_1_48' title="bbox 105 4150 1345 4241; baseline -0.002 -20"><span class='ocrx_word' id='word_1_581' title='bbox 105 4181 207 4221; x_wconf 89' lang='grc' dir='ltr'><strong><em>πουσα</em></strong></span> <span class='ocrx_word' id='word_1_582' title='bbox 230 4157 308 4223; x_wconf 82' lang='grc' dir='ltr'><strong><em>κατὰ</em></strong></span> <span class='ocrx_word' id='word_1_583' title='bbox 325 4153 484 4231; x_wconf 73' lang='grc' dir='ltr'><strong><em>ἀνατολάς.</em></strong></span> <span class='ocrx_word' id='word_1_584' title='bbox 515 4156 568 4219; x_wconf 79' lang='grc' dir='ltr'><strong><em>καί</em></strong></span> <span class='ocrx_word' id='word_1_585' title='bbox 585 4159 615 4219; x_wconf 82' lang='grc' dir='ltr'><strong><em>έν</em></strong></span> <span class='ocrx_word' id='word_1_586' title='bbox 633 4154 712 4221; x_wconf 84' lang='grc' dir='ltr'><strong><em>επτδι</em></strong></span> <span class='ocrx_word' id='word_1_587' title='bbox 741 4158 835 4240; x_wconf 82' lang='grc' dir='ltr'><strong><em>μῆκος</em></strong></span> <span class='ocrx_word' id='word_1_588' title='bbox 847 4153 950 4238; x_wconf 74' lang='grc' dir='ltr'><strong><em>αὐτῆς,</em></strong></span> <span class='ocrx_word' id='word_1_589' title='bbox 967 4156 1018 4220; x_wconf 79' lang='grc' dir='ltr'><strong><em>καί</em></strong></span> <span class='ocrx_word' id='word_1_590' title='bbox 1030 4180 1115 4241; x_wconf 89' lang='grc' dir='ltr'><strong><em>ευρος</em></strong></span> <span class='ocrx_word' id='word_1_591' title='bbox 1127 4150 1225 4240; x_wconf 70' lang='grc' dir='ltr'><strong><em>πήχεις</em></strong></span> <span class='ocrx_word' id='word_1_592' title='bbox 1237 4160 1345 4219; x_wconf 80' lang='grc' dir='ltr'><strong><em>εἰκοσι-</em></strong></span> 
     </span>
     <span class='ocr_line' id='line_1_49' title="bbox 106 4234 1345 4342; baseline -0.002 -37"><span class='ocrx_word' id='word_1_593' title='bbox 106 4239 316 4323; x_wconf 77' lang='grc' dir='ltr'><strong><em>κλιμακτῆρσιν</em></strong></span> <span class='ocrx_word' id='word_1_594' title='bbox 329 4235 537 4327; x_wconf 65' lang='grc' dir='ltr'><strong><em>ἂνείθαινονέιέ</em></strong></span> <span class='ocrx_word' id='word_1_595' title='bbox 547 4234 651 4312; x_wconf 79' lang='grc' dir='ltr'><strong><em>αὐτὸν,</em></strong></span> <span class='ocrx_word' id='word_1_596' title='bbox 659 4240 712 4305; x_wconf 82' lang='grc' dir='ltr'><strong><em>καί</em></strong></span> <span class='ocrx_word' id='word_1_597' title='bbox 742 4242 839 4342; x_wconf 62' lang='grc' dir='ltr'><strong><em>πέυτει</em></strong></span> <span class='ocrx_word' id='word_1_598' title='bbox 857 4241 886 4282; x_wconf 79' lang='grc'><strong><em>33</em></strong></span> <span class='ocrx_word' id='word_1_599' title='bbox 894 4239 946 4303; x_wconf 78' lang='grc' dir='ltr'><strong><em>καί</em></strong></span> <span class='ocrx_word' id='word_1_600' title='bbox 958 4238 997 4303; x_wconf 80' lang='grc' dir='ltr'><strong><em>τὰ</em></strong></span> <span class='ocrx_word' id='word_1_601' title='bbox 1009 4238 1161 4321; x_wconf 82' lang='grc' dir='ltr'><strong><em>αλλαμμῶν</em></strong></span> <span class='ocrx_word' id='word_1_602' title='bbox 1173 4237 1277 4320; x_wconf 51' lang='lat' dir='ltr'><strong><em>ete-rip</em></strong></span> <span class='ocrx_word' id='word_1_603' title='bbox 1288 4236 1345 4303; x_wconf 78' lang='grc' dir='ltr'><strong><em>αύ-</em></strong></span> 
     </span>
     <span class='ocr_line' id='line_1_50' title="bbox 106 4314 1344 4424; baseline -0.003 -36"><span class='ocrx_word' id='word_1_604' title='bbox 106 4320 146 4388; x_wconf 80' lang='grc' dir='ltr'>τᾶ</span> <span class='ocrx_word' id='word_1_605' title='bbox 161 4320 317 4404; x_wconf 83' lang='grc' dir='ltr'><strong><em>αλλαμμῶν</em></strong></span> <span class='ocrx_word' id='word_1_606' title='bbox 329 4325 453 4389; x_wconf 76' lang='grc' dir='ltr'><strong><em>έίτιυθεν.</em></strong></span> <span class='ocrx_word' id='word_1_607' title='bbox 474 4322 504 4365; x_wconf 83' lang='grc'><strong><em>33</em></strong></span> <span class='ocrx_word' id='word_1_608' title='bbox 517 4325 568 4385; x_wconf 85' lang='grc' dir='ltr'><strong><em>καί</em></strong></span> <span class='ocrx_word' id='word_1_609' title='bbox 579 4314 661 4424; x_wconf 88' lang='grc' dir='ltr'><strong><em>πύλη</em></strong></span> <span class='ocrx_word' id='word_1_610' title='bbox 673 4326 711 4404; x_wconf 79' lang='grc' dir='ltr'><strong><em>τῆ</em></strong></span> <span class='ocrx_word' id='word_1_611' title='bbox 743 4320 798 4404; x_wconf 77' lang='grc' dir='ltr'><strong><em>λην</em></strong></span> <span class='ocrx_word' id='word_1_612' title='bbox 809 4347 862 4407; x_wconf 92' lang='grc' dir='ltr'><strong><em>την</em></strong></span> <span class='ocrx_word' id='word_1_613' title='bbox 874 4324 1028 4407; x_wconf 80' lang='grc' dir='ltr'><strong><em>λξῶτέραν,</em></strong></span> <span class='ocrx_word' id='word_1_614' title='bbox 1041 4326 1093 4389; x_wconf 81' lang='grc' dir='ltr'><strong><em>καὶ</em></strong></span> <span class='ocrx_word' id='word_1_615' title='bbox 1104 4327 1230 4402; x_wconf 81' lang='grc' dir='ltr'><strong><em>φοίνικες</em></strong></span> <span class='ocrx_word' id='word_1_616' title='bbox 1242 4323 1286 4402; x_wconf 79' lang='grc' dir='ltr'><strong><em>τῷ</em></strong></span> <span class='ocrx_word' id='word_1_617' title='bbox 1296 4323 1344 4384; x_wconf 78' lang='grc' dir='ltr'><strong><em>αλ·</em></strong></span> 
     </span>
    </p>
   </div>
   <div class='ocr_carea' id='block_1_3' title="bbox 105 4393 1345 4653">
    <p class='ocr_par' dir='ltr' id='par_1_3' title="bbox 105 4393 1345 4653">
     <span class='ocr_line' id='line_1_51' title="bbox 105 4393 1345 4496; baseline -0.004 -26"><span class='ocrx_word' id='word_1_618' title='bbox 105 4403 185 4496; x_wconf 67' lang='grc' dir='ltr'><strong><em>οὔλη</em></strong></span> <span class='ocrx_word' id='word_1_619' title='bbox 195 4409 233 4494; x_wconf 78' lang='grc' dir='ltr'><strong><em>τῇ</em></strong></span> <span class='ocrx_word' id='word_1_620' title='bbox 247 4407 381 4489; x_wconf 78' lang='grc' dir='ltr'><strong><em>έσιοτέρη</em></strong></span> <span class='ocrx_word' id='word_1_621' title='bbox 392 4405 547 4491; x_wconf 77' lang='grc' dir='ltr'><strong><em>βλέπουσα</em></strong></span> <span class='ocrx_word' id='word_1_622' title='bbox 556 4406 605 4469; x_wconf 70' lang='grc' dir='ltr'><strong><em>ἐπὶ</em></strong></span> <span class='ocrx_word' id='word_1_623' title='bbox 613 4393 711 4486; x_wconf 73' lang='grc' dir='ltr'><strong><em>πυλην</em></strong></span> <span class='ocrx_word' id='word_1_624' title='bbox 743 4402 793 4471; x_wconf 79' lang='grc' dir='ltr'><strong><em>λεύ</em></strong></span> <span class='ocrx_word' id='word_1_625' title='bbox 805 4407 893 4471; x_wconf 81' lang='grc' dir='ltr'><strong><em>ένθεν</em></strong></span> <span class='ocrx_word' id='word_1_626' title='bbox 904 4406 956 4471; x_wconf 79' lang='grc' dir='ltr'><strong><em>καί</em></strong></span> <span class='ocrx_word' id='word_1_627' title='bbox 967 4406 1068 4480; x_wconf 78' lang='grc' dir='ltr'><strong><em>ἔνθεν,</em></strong></span> <span class='ocrx_word' id='word_1_628' title='bbox 1086 4407 1138 4468; x_wconf 85' lang='grc' dir='ltr'><strong><em>καί</em></strong></span> <span class='ocrx_word' id='word_1_629' title='bbox 1149 4396 1228 4468; x_wconf 80' lang='grc' dir='ltr'><strong><em>ὀκτὼ</em></strong></span> <span class='ocrx_word' id='word_1_630' title='bbox 1241 4402 1345 4485; x_wconf 50' lang='grc' dir='ltr'><strong><em>κλιμαε,</em></strong></span> 
     </span>
     <span class='ocr_line' id='line_1_52' title="bbox 106 4481 1344 4584; baseline -0.002 -32"><span class='ocrx_word' id='word_1_631' title='bbox 106 4490 162 4581; x_wconf 82' lang='grc' dir='ltr'><strong><em>τού</em></strong></span> <span class='ocrx_word' id='word_1_632' title='bbox 173 4489 295 4574; x_wconf 74' lang='grc' dir='ltr'><strong><em>Βορρᾶ,</em></strong></span> <span class='ocrx_word' id='word_1_633' title='bbox 315 4483 352 4551; x_wconf 80' lang='grc' dir='ltr'><strong><em>ὃν</em></strong></span> <span class='ocrx_word' id='word_1_634' title='bbox 363 4485 476 4573; x_wconf 87' lang='grc' dir='ltr'><strong><em>τρόπον</em></strong></span> <span class='ocrx_word' id='word_1_635' title='bbox 487 4491 541 4573; x_wconf 78' lang='grc' dir='ltr'><strong><em>τῆς</em></strong></span> <span class='ocrx_word' id='word_1_636' title='bbox 552 4481 646 4572; x_wconf 87' lang='grc' dir='ltr'><strong><em>πύλης</em></strong></span> <span class='ocrx_word' id='word_1_637' title='bbox 659 4492 711 4575; x_wconf 74' lang='grc' dir='ltr'><strong><em>τῆς</em></strong></span> <span class='ocrx_word' id='word_1_638' title='bbox 742 4492 845 4574; x_wconf 75' lang='grc' dir='ltr'><strong><em>κτῆρες</em></strong></span> <span class='ocrx_word' id='word_1_639' title='bbox 863 4487 948 4582; x_wconf 70' lang='grc' dir='ltr'><strong><em>αὐτῇ.</em></strong></span> <span class='ocrx_word' id='word_1_640' title='bbox 979 4487 1010 4531; x_wconf 83' lang='grc'><strong><em>33</em></strong></span> <span class='ocrx_word' id='word_1_641' title='bbox 1023 4485 1063 4573; x_wconf 80' lang='grc' dir='ltr'><strong><em>τόν</em></strong></span> <span class='ocrx_word' id='word_1_642' title='bbox 1078 4486 1271 4571; x_wconf 75' lang='grc' dir='ltr'><strong><em>παστοφόρια</em></strong></span> <span class='ocrx_word' id='word_1_643' title='bbox 1288 4482 1344 4584; x_wconf 66' lang='grc' dir='ltr'><strong><em>αύ-</em></strong></span> 
     </span>
     <span class='ocr_line' id='line_1_53' title="bbox 1283 4594 1344 4653; baseline -0.066 0"><span class='ocrx_word' id='word_1_644' title='bbox 1283 4594 1344 4653; x_wconf 64' lang='grc' dir='ltr'><strong><em>Ῐλῖι</em></strong></span> 
     </span>
    </p>
   </div>
   <div class='ocr_carea' id='block_1_4' title="bbox 0 0 1466 4972">
    <p class='ocr_par' dir='ltr' id='par_1_4' title="bbox 0 0 1466 4972">
     <span class='ocr_line' id='line_1_54' title="bbox 0 0 1466 4972; baseline 0 0"><span class='ocrx_word' id='word_1_645' title='bbox 0 0 1466 4972; x_wconf 95' lang='lat' dir='ltr'><strong><em> </em></strong></span> 
     </span>
    </p>
   </div>
  </div>
 </body>
</html>
