2924 4972
449 231 752 294 ΙΕΖΕΚΙΗΛ
791 224 998 312 Κεφ.ιβ’.1λ.
1278 235 1345 304 889

108 329 232 345 ..-.--
285 355 318 412 Κ
331 355 360 410 E
373 352 410 410 Φ.
454 342 528 410 ΙΒ’.
726 341 828 467 ήτήσει.
853 343 882 385 ¹⁴
895 344 947 407 καί
965 339 1079 417 πάντας
1096 341 1279 429 τούςκόκλῳ
1293 345 1349 412 αὖ·

105 400 189 498 Καὶ
206 434 319 510 ἐγένετο
338 425 427 506 λόγος
444 435 548 512 κυρίου
568 426 648 514 πρὸς
664 427 711 511 μὲ,
726 484 729 494 .
743 431 800 492 τοῦ
810 423 882 500 τοὺς
893 425 1027 510 βοηθοὺς
1040 423 1154 504 αὐτοῦ,
1171 429 1223 493 καί
1233 427 1351 504 πάντας

106 516 209 595 λέγων.
233 513 305 578 1υίὲ
318 508 497 596 ἀνθρώπου,
515 513 640 594 ἐνμέσῳ
652 515 712 575 τῶν
726 504 729 538 ’
743 507 813 585 τοὺς
834 507 1141 612 ἀντιλαμβανομένους
1163 509 1259 577 αὐτοῦ
1284 512 1351 578 δια-

106 599 227 666 ἀδικιῶν
239 593 342 661 αὐτῶν
355 593 391 659 σὺ
405 606 559 670 κατοικεῖς,
584 600 617 658 οἳ
625 596 712 678 ἔχου·
744 596 846 679 σπερῶ
857 597 896 668 είς
904 617 1004 658 παντα
1012 591 1130 697 ἀνιμον,
1141 596 1191 658 καί
1200 596 1351 679 ῥομφαίαν

106 708 153 749 σιν
172 676 356 781 ὀφθαλμοὺςς
370 683 427 744 τοῦ
444 677 579 764 βλέπειν,
604 679 656 742 καί
672 674 710 742 οὗ
744 671 893 742 έκκενσίσῳ
913 673 1013 741 ὀπίσω
1033 681 1143 742 αυτών.
1170 673 1351 755 11καίγνιό-

105 765 262 853 βλέπουσι,
269 763 321 826 καί
331 784 396 826 ωτα
405 765 505 846 έχουσι
515 765 571 826 τοῦ
581 753 711 835 ἀκοόειν,
745 784 864 834 σονται,
887 753 964 823 διότι
977 757 1037 838 έγά
1050 755 1165 845 κόριος,
1184 761 1214 823 έν
1226 764 1270 842 τῷ
1285 760 1348 825 δια-

105 849 156 912 καί
175 843 230 910 οάκ
244 843 401 920 ἀκούουσι,
426 840 503 910 διότι
516 842 598 918 οἶκος
610 868 712 930 παρα·
745 847 901 929 σκορπίσαι
924 867 958 925 με
983 841 1092 919 αὐτοὺς
1111 847 1143 908 έν
1161 855 1224 918 τοῖς
1243 846 1351 919 ἔθνεσι,

105 933 268 1015 πικραίνων
286 929 359 993 ἐστί.
384 929 461 992 3καί
478 926 513 991 σὺ
533 927 576 991 υἱὲ
588 924 651 991 ἀνθ
670 920 712 990 τό·
744 928 795 991 καί
812 928 965 1010 διασπερῶ
983 923 1094 1002 αὗτοάς
1106 930 1137 990 ἐν
1149 939 1215 1000 ταῖς
1231 923 1350 1012 χώραις.

105 1039 166 1078 που
179 1017 307 1094 ποίησον
327 1015 441 1092 σεαυτῷ
460 1005 546 1093 σκεόή
560 953 709 1094 αἰχμαλω-
745 1011 837 1074 1θκαί
855 1006 1056 1092 ὑπολείψομαι
1074 1011 1104 1087 ίξ
1123 1008 1223 1074 αὐτῶν
1242 1009 1352 1096 ἀνδρας

106 1102 173 1170 σίας
184 1091 293 1179 ἡμέρας
307 1088 433 1158 ένοίπιου
447 1089 545 1156 αάτῶν
551 1142 561 1169 ,
583 1095 635 1157 καὶ
646 1097 713 1177 αίχ-
745 1090 865 1178 ἀριθμῷ
878 1095 909 1157 ἐκ
922 1095 1081 1178 ῥομφαίας,
1093 1094 1144 1157 καί
1156 1096 1188 1158 ίκ
1200 1093 1289 1176 λιμοῦ
1301 1097 1352 1158 καί

105 1172 326 1264 μαλοτευθήσῃ
348 1178 380 1240 ἐκ
404 1178 463 1240 τοῦ
481 1171 580 1241 τόπου
600 1201 656 1243 σου
674 1181 713 1251 εἰς
746 1178 778 1240 ἐκ
797 1168 951 1253 θανάτου,
978 1173 1061 1251 ὅπως
1086 1177 1274 1260 έκδιήγῶνται
1289 1176 1351 1242 πά·

106 1266 207 1345 ἕτερον
227 1253 326 1322 τόπον
343 1253 469 1324 ἐνώπιον
488 1257 604 1334 αὐτῶν,
630 1254 713 1333 ὅπως
746 1285 801 1334 σας
812 1256 868 1334 τάς
879 1254 1002 1341 ἀνομίας
1011 1258 1114 1324 αὐτῶν
1123 1262 1155 1324 έν
1164 1270 1228 1334 τοῖς
1238 1263 1352 1327 ἔθνεσιν

106 1344 207 1416 ἴδωσι,
246 1337 320 1406 διότι
351 1340 433 1416 οἶκος
462 1346 713 1429 παραπικραίνων
746 1333 785 1407 οὗ
796 1337 971 1424 είςήλθοσαν
983 1350 1049 1422 ἐκεῖ,
1063 1343 1114 1406 καί
1124 1339 1289 1421 γνώσονται
1304 1338 1350 1410 ότι

105 1430 177 1490 ἐστί.
195 1425 269 1489 1ιιαί
281 1426 401 1501 ἐξοίσεις
413 1423 453 1489 τά
466 1420 550 1529 σκεόή
563 1450 615 1491 σου
628 1420 713 1508 σκεύη
746 1424 804 1502 ἐγὼ
822 1421 930 1512 κόριος.
955 1427 983 1468 ¹⁷
995 1428 1046 1491 καί
1064 1428 1175 1504 ἐγένετο
1193 1425 1282 1505 λόγος
1300 1454 1351 1492 κυ-

105 1509 307 1614 αίμμαλασίας
326 1506 435 1611 ήμέρας
453 1505 516 1573 κατ’
533 1508 713 1592 οφθαλμοδς
746 1514 813 1594 ρίου
829 1507 906 1593 πρὸς
916 1507 969 1613 μὲ,
993 1508 1095 1586 λέγων.
1121 1507 1207 1572 11υῖέ
1226 1508 1351 1596 ἀνθρώ-

106 1598 222 1667 αυτῶν,
246 1593 298 1656 καί
311 1618 347 1657 συ
361 1585 494 1682 έξελεόσή
509 1593 644 1677 ἑσπέρας,
673 1587 714 1666 ὣς
746 1616 825 1667 που,
844 1590 899 1657 τὸν
911 1591 1004 1678 οίρτον
1017 1618 1074 1657 σου
1086 1589 1159 1674 μετὰ
1173 1588 1279 1680 ὀδύνης
1292 1619 1351 1676 φα-

106 1670 296 1762 έκπορεόεται
326 1670 515 1760 αἲχμάλατος
552 1670 713 1740 1ἐνσόπιον
745 1701 843 1753 γεσαι,
861 1675 961 1741 καὶτὸ
976 1672 1057 1760 ὕδωρ
1068 1672 1288 1764 μετάβασάνου
1301 1679 1353 1742 καί

107 1759 217 1825 αὐτῶν.
243 1753 379 1843 διόρυξον
393 1762 509 1840 σεαυτῷ
528 1763 568 1833 εἰς
579 1756 635 1824 τὸν
647 1768 714 1823 τοί·
745 1758 880 1841 θλίψεως
891 1764 999 1826 πίεσαι.
1021 1760 1049 1801 ¹⁹
1062 1762 1114 1825 καὶ
1125 1762 1196 1844 έρεῖς
1208 1760 1284 1846 πρὸς
1297 1758 1352 1825 τόν

105 1868 174 1929 χον,
206 1846 258 1908 καί
274 1838 431 1926 διεξελεόση
442 1838 475 1905 δι’
491 1839 588 1907 αὐτοῦ
614 1835 714 1906 1ίνοί-
746 1840 821 1908 λαὸν
838 1845 890 1924 τῆς
905 1846 966 1925 γής.
992 1835 1062 1906 τόδε
1078 1841 1154 1920 λέγει
1173 1838 1271 1927 κύριος
1287 1855 1353 1918 τοῖς

105 1952 177 1992 πιον
190 1923 299 1992 αὐτῶν.
325 1925 370 1990 ἐπ’
386 1913 477 2008 ιάμιον
500 1918 713 2028 ἀναληφθήοῃ,
747 1929 939 1991 κατοικοῦσιν
951 1921 1144 2031 Ἰερουσαλήμ
1162 1927 1212 1989 ini
1228 1929 1281 2010 τῆς
1298 1930 1353 2009 γῆς

105 2012 157 2075 καί
169 2008 361 2095 κεκρυμμένος
375 2002 521 2101 ἰξελεάσῃ,
543 2007 580 2073 τό
593 2034 714 2113 προςισ-
748 2012 804 2073 τοῦ
816 2004 946 2112 Ἰσραήλ.
960 2035 1031 2084 τους
1043 2006 1155 2095 ἀρτους
1168 2005 1269 2073 αὐτῶν
1276 2009 1353 2112 μετά

106 2089 167 2159 πόν
180 2118 237 2158 σου
251 2087 464 2175 συγκαλύψας,
485 2093 537 2156 καί
547 2089 585 2157 οά
596 2119 637 2174 μη
652 2091 714 2176 ἴδῃς
747 2093 856 2166 ἐνδείας
868 2115 1025 2173 φαγονται,
1043 2090 1144 2157 καὶτὸ
1159 2086 1237 2177 ὕδωρ
1249 2097 1353 2159 αντῶν

106 2174 160 2260 τήν
171 2179 235 2259 γῆν,
247 2170 324 2238 διότι
337 2177 425 2258 τέρας
437 2171 554 2239 δέδωκά
568 2200 600 2239 σε
611 2180 655 2259 τῳ
669 2177 713 2239 οἴ-
746 2173 821 2257 μετά
835 2172 1004 2277 ἀφανισμοῦ
1016 2179 1148 2250 πίονται,
1174 2170 1257 2251 ὅπως
1270 2174 1352 2256 ἀφα-

106 2286 150 2341 κῳ
161 2252 292 2342 Ἰσραήλ.
306 2257 377 2319 1καί
390 2260 518 2338 ἐποίησα
528 2251 625 2331 οίίτως
635 2252 714 2321 κατά
748 2261 838 2322 νισθῖ
853 2261 923 2342 ήγή
935 2257 989 2323 σὺν
1001 2253 1180 2341 πληρώματι
1193 2256 1296 2340 αὐτῆς,
1319 2260 1352 2322 ίν

106 2338 207 2405 πάντα
225 2335 285 2404 ὅσα
298 2333 460 2403 ἐνετείλατό
477 2364 535 2419 μοι.
562 2340 613 2401 καί
626 2334 713 2445 σκεόή
748 2284 866 2426 duest&
889 2337 950 2465 γὰρ
971 2333 1080 2412 πάντες
1099 2343 1130 2402 οἱ
1147 2343 1352 2413 κατοικοῦντες

107 2417 245 2506 έξήνεγκα
275 2419 476 2524 αἰχμαλωσίας
507 2417 632 2504 ἡμέρας,
664 2447 714 2486 και
747 2426 778 2486 ἐν
791 2418 877 2516 αάτῇ.
917 2423 931 2463 ²
961 2423 1013 2487 καὶ
1029 2424 1062 2486 αἱ
1077 2420 1179 2497 πόλεις
1200 2418 1302 2488 αὐτῶν
1317 2425 1352 2487 αἶ

107 2508 235 2590 ἑσπέρας
251 2505 382 2588 διωρυξα
402 2505 521 2587 έμαυτῳ
533 2503 586 2569 τὸν
600 2515 714 2610 τοῖχον,
748 2498 974 2589 κατοικούμεναι
986 2500 1279 2590 έξερημαθήσονται,
1301 2506 1353 2570 καί

107 2590 159 2655 καί
177 2592 370 2673 κεκρυμμένος
391 2587 533 2670 ἐξῆλθον,
559 2585 605 2654 ἐπ’
626 2613 715 2670 ωμισν
748 2585 822 2672 ήγή
847 2593 887 2664 εἰς
903 2585 1073 2669 ἀφανισμὸν
1092 2590 1192 2663 ἔσται,
1217 2591 1268 2652 καὶ
1286 2593 1351 2654 έπι-

107 2666 194 2755 ἀνελή
218 2683 280 2756 θήν
292 2665 418 2736 ένιόπιον
431 2667 539 2736 αὐτῶν.
558 2671 574 2714 ⁸
587 2672 639 2737 καὶ
650 2674 713 2750 ἒγέ-
745 2668 897 2749 γνώσεσθε
909 2666 985 2737 διότι
998 2668 1057 2749 ἐγὼ
1070 2668 1179 2756 κύριος.
1193 2673 1218 2712 11
1224 2673 1274 2736 καί
1288 2675 1352 2749 ἐγέ-

106 2780 173 2819 νετο
196 2698 290 2833 λόγος
311 2757 414 2836 κυρίου
438 2753 652 2841 τοπρωῒπρὸς
668 2753 713 2837 μέ,
748 2779 813 2821 νετο
839 2749 928 2832 λόγος
952 2762 1055 2839 κυρίου
1078 2754 1154 2839 πρὸς
1171 2752 1221 2837 μὲ,
1247 2754 1350 2833 λέγων.

106 2838 213 2916 λέγων.
250 2835 324 2902 11υίέ
342 2832 524 2922 ἀνθρώπου,
552 2834 608 2903 οὐκ
627 2836 714 2903 εἶπαν
746 2837 828 2902 11υῖέ
840 2831 1016 2919 ἀνθρώπιον,
1028 2837 1272 2941 τίςήπαραβολή
1283 2834 1352 2921 ὑμῖν

106 2919 184 3007 πρὸς
197 2919 231 2986 σὲ
244 2916 262 2984 ὁ
281 2920 363 2996 οἶκος
374 2923 432 2986 τοῦ
441 2917 573 3004 Ἰσραήλ,
599 2918 711 2995 οίκοςό
747 2923 798 2986 ἐπὶ
809 2927 861 3008 τής
871 2925 989 3023 γήςτοῦ
998 2919 1131 3025 Ἰσραήλ,
1140 2919 1286 2998 λέγοντες,
1296 2948 1353 3005 μα

106 3011 371 3090 παραπικραίνων,
395 3009 428 3071 τί
439 3001 476 3069 σίν
493 3015 587 3079 ποιεῖς
592 3033 605 3083 ,·
631 3007 660 3049 ¹⁰
673 3009 713 3070 εί-
746 3007 815 3089 κραί
843 3009 876 3069 αἱ
898 3007 1019 3091 ημέραι,
1046 3001 1206 3070 ἀπόλωλεν
1229 3001 1352 3091 ἀρασις;

106 3087 168 3155 πὸν
188 3086 265 3177 πρὸς
284 3081 402 3162 αὐτούς.
429 3083 500 3153 τόδε
520 3087 596 3165 λέγει
613 3083 713 3174 κύριος
746 3089 775 3131 ²³
789 3085 838 3154 διά
851 3093 943 3153 τοῦτο
956 3085 1040 3153 εἶπόν
1052 3085 1128 3175 πρὸς
1140 3082 1258 3163 αὐτούς.
1282 3082 1352 3155 τάδε

106 3170 220 3257 κύριος,
247 3169 264 3237 ὁ
285 3169 383 3276 ἀρμιον
404 3172 455 3236 καὶ
472 3167 490 3235 ό
509 3166 714 3254 ἀφηγούμενος
745 3171 821 3250 λέγει
834 3165 945 3259 κύριος.
962 3173 1012 3236 καί
1025 3168 1213 3258 ἀποστρέψαι
1226 3168 1279 3255 τήν
1290 3198 1353 3237 πα-

106 3260 138 3321 ἐν
160 3254 355 3342 Ἰερουσαλήμ
377 3254 429 3319 καί
442 3255 537 3320 παντί
553 3255 627 3340 οἴκῳ
651 3252 713 3320 Ἰσ-
747 3252 878 3343 ραβολήν
890 3254 1014 3339 ταύτην,
1027 3257 1078 3320 καί
1091 3252 1191 3320 σάκέτι
1199 3251 1240 3339 μή
1250 3257 1352 3320 είπωσι

106 3335 201 3426 ραήλ,
226 3343 258 3403 ολ
269 3342 341 3405 εἰσιν
358 3342 389 3403 ἰν
400 3340 480 3421 μέσῳ
493 3334 609 3415 αὐτῶν,
634 3340 659 3381 ¹¹
672 3343 713 3403 εί-
746 3336 800 3423 τήν
812 3337 988 3483 παραβιήὲήν
999 3333 1112 3421 ταύτην
1125 3334 1206 3409 οἶκος
1219 3341 1273 3401 τοῦ
1289 3333 1350 3401 Ἰσ·

107 3419 179 3495 στὸν,
193 3416 241 3486 ὅτι
254 3419 312 3499 ἐγὼ
325 3423 438 3504 τέρατα
451 3424 540 3497 ποιῶ,
555 3417 590 3486 ἀν
598 3417 713 3504 τρόπον
746 3419 836 3505 ραήλ,
860 3445 907 3485 στι
979 3412 1054 3525 ήσιις
1065 3415 1273 3502 πρὸςαάτοίις,
1297 3416 1352 3500 ἦγ-

107 3509 269 3586 πεποίήιια,
283 3498 380 3574 οίίτως
392 3503 477 3565 ἔσται
490 3499 584 3585 αὐτῷ.
603 3506 635 3566 έν
646 3526 712 3583 μετ·
745 3509 862 3580 γίκασιν
883 3505 916 3565 αἱ
932 3498 1052 3624 ήμεραι,
1081 3503 1133 3564 καί
1149 3494 1238 3576 λόγος
1251 3496 1351 3585 πάσής

109 3581 526 3666 οικεσίῳκαίέναίχμαλιοσίῳ
545 3579 713 3667 πορείσον-
747 3580 887 3669 όράσειος.
919 3585 934 3625 1
965 3579 1011 3647 ότι
1030 3578 1084 3647 οὐκ
1102 3584 1186 3646 έίτται
1204 3584 1247 3646 ἔτι
1263 3586 1351 3649 πᾶσα

108 3693 175 3744 ται,
200 3668 228 3707 11
239 3666 290 3730 καί
308 3661 325 3729 ὁ
344 3661 445 3749 ἀρχιον
463 3667 593 3747 ἐνμέσῳ
612 3662 713 3731 αὐτῶν
746 3664 848 3752 ὅρασις
864 3663 989 3750 ψευδής,
1015 3665 1065 3729 καί
1081 3659 1291 3749 μαντευόμενος
1311 3665 1352 3732 τά

108 3748 153 3816 ἐπ’
170 3747 258 3830 σόμιον
270 3743 445 3848 ἀρθήσεται,
458 3747 509 3811 καί
522 3750 713 3833 κεκρυμμένος
746 3748 823 3833 πρὸς
828 3746 920 3851 χάριν
932 3753 962 3814 έν
973 3751 1055 3832 μέσῳ
1067 3752 1129 3812 τῶν
1139 3751 1211 3813 υίιδν
1221 3746 1349 3835 Ἰσραήλ.

110 3830 289 3911 ἐξελεύσεται
309 3831 359 3899 δια
370 3833 428 3895 τοῦ
443 3833 561 3933 τοίρου,
586 3833 638 3895 καί
650 3830 713 3896 διο-
746 3831 865 3897 11διοτι
884 3830 942 3909 ἐγὼ
953 3833 1055 3917 κύριος
1070 3825 1191 3916 λαλήσω
1210 3831 1282 3907 τοὺς
1295 3829 1351 3899 λό-

109 3914 186 4003 ρόξιι
211 3919 267 3981 τοῦ
293 3914 421 3992 ἐξελθεῖν
438 3908 533 3978 αάτον
550 3909 585 3978 δι’
607 3911 713 3991 αάτοῦ,
745 3941 816 3994 γους
826 3941 895 3999 μου,
907 3909 1031 3999 λαλήσω
1043 3915 1094 3979 καί
1104 3911 1235 3999 ποιήσω,
1249 3918 1300 3981 καί
1312 3917 1350 3984 οὗ

109 3998 145 4065 τό
155 3997 314 4086 πρόςωπον
323 3996 419 4062 αὐτοῦ
427 3992 618 4082 ουγκαλίψει,
632 3993 714 4075 ὅπως
745 3998 785 4084 μή
809 3994 926 4083 μήκόνιο
949 4000 1000 4063 έτι.
1031 3994 1079 4062 ὅτι
1101 4000 1131 4062 έν
1148 4009 1214 4074 ταῖς
1230 3995 1350 4086 ἡμέραις

108 4082 147 4166 μή
167 4082 269 4176 ὁραθή
287 4079 453 4164 ὀφθαλμῷ,
478 4081 529 4144 καί
554 4079 644 4156 αὐτὸς
660 4078 714 4166 τήν
746 4079 828 4167 ὑμῶν
841 4081 921 4156 οἶκος
939 4080 1228 4168 όπαραπικραίνιον.
1254 4081 1350 4168 λαλή-

108 4171 165 4249 γήν
183 4165 235 4230 οάκ
255 4165 374 4250 ὄψεται.
400 4164 427 4206 ¹³
439 4167 491 4230 καί
503 4159 656 4230 έκπετάσῳ
675 4165 712 4229 τὸ
747 4191 791 4230 σοι
808 4162 898 4243 λόγον
918 4168 969 4230 καί
987 4159 1122 4248 ποιήσοι,
1147 4164 1222 4243 λέγει
1239 4161 1348 4250 κόριος.

110 4246 228 4315 δίκτυόν
237 4274 293 4329 μου
303 4245 346 4313 ἐπ’
361 4244 465 4324 αὐτόν,
477 4242 713 4350 καίσυλληφθή-
746 4248 777 4290 ²⁶
788 4250 839 4314 καί
855 4250 966 4326 ἐγένετο
982 4245 1070 4326 λόγος
1087 4255 1188 4334 κυρίου
1210 4248 1286 4328 πρός
1324 4247 1348 4324 ἐ,

110 4358 191 4397 σεται
205 4335 237 4396 ἐν
248 4335 286 4422 τῇ
298 4333 421 4423 περιοχή
431 4356 498 4411 μου,
515 4331 566 4393 καί
578 4326 642 4405 ἀξια
656 4354 713 4394 αν·
745 4330 847 4410 λέγων.
870 4334 899 4374 11
913 4330 955 4395 υἷέ
968 4329 1144 4417 ἀνθρώπου,
1159 4330 1223 4396 ἰδοὺ
1236 4329 1254 4396 ό
1268 4357 1286 4396 ο
1299 4357 1350 4407 κος

109 4415 163 4481 τὸν
180 4420 219 4490 εἷς
231 4411 405 4499 Βαβυλῶνα
417 4418 456 4488 εἰς
468 4416 523 4496 γῆν
535 4411 712 4488 Χαλδαίων,
743 4410 862 4499 Ἰσραήλ
887 4411 905 4480 ὁ
926 4421 1191 4500 παραπικραίνων,
1217 4412 1349 4492 λέγοντες

109 4499 160 4564 καὶ
173 4495 265 4582 αάτήν
277 4491 332 4564 οάκ
345 4491 463 4580 όψεται,
483 4497 534 4562 καί
547 4495 605 4561 έκεῖ
614 4492 712 4561 τελευ-
745 4494 896 4576 λέγουσιν,
921 4495 940 4581 ἢ
954 4494 1055 4584 ὅρασις
1068 4494 1103 4580 ἢν
1115 4486 1205 4571 οὗτος
1218 4493 1295 4603 ὁρᾷ,
1309 4500 1350 4573 εἷς

1238 4605 1349 4664 τινας
