2924 4972
361 194 717 258 AwmoN
754 182 1099 273 Κιρ.ιγ’.ισ’.93.νί.
1291 190 1352 257 ¹25

105 324 153 402 τῷ
166 321 277 422 πτωχηῑ
289 316 342 380 καί
352 320 397 399 τῷ
410 313 587 401 προςηλάτῳ
600 314 718 383 ὖπολιί
746 315 817 384 δάν
828 316 903 381 δῶτε
915 321 958 400 τῷ
971 322 1073 399 κυρίῳ.
1092 317 1123 358 ³⁹
1131 318 1183 382 καί
1193 319 1225 381 ίν
1236 320 1273 408 τῇ
1282 339 1345 381 πεν-

106 423 173 484 ιρεις
190 397 277 465 αάτα.
304 395 362 476 ἰγά
381 396 482 486 κύριος
499 395 518 464 ὃ
535 400 608 476 θεὸς
627 396 716 483 ὑμῶν.
745 395 934 492 τεκαιδενάτη
968 394 1062 483 ήμέρρ
1093 403 1148 465 τοῦ
1234 396 1268 474 ὸς
1295 402 1351 463 τοῦ

109 486 139 527 ²³
152 484 204 547 καί
220 478 344 566 ίλάλησε
361 477 462 567 κάρισς
478 480 555 569 πρὸς
567 488 717 586 Μωυσήν,
746 478 872 569 ἑβδόμου
885 476 1013 560 τούτου,
1027 478 1104 547 ὅταν
1117 506 1189 547 συντ
1252 478 1353 564 ητετά

108 569 212 643 λέγων.
239 564 270 607 ²⁴
284 560 414 649 λάλησσν
426 575 488 640 τοῖς
499 570 575 642 υίοῖς
584 564 718 652 Ἰσραηλ,
746 561 910 650 γεννήματα
922 569 976 649 τής
987 570 1051 649 γής,
1068 559 1230 650 ἑορτάσωσι
1243 568 1287 647 τῷ
1299 589 1352 627 κυ-

108 652 214 728 λέγιυν.
229 652 284 714 τοῦ
297 645 388 751 μηνὸς
398 653 452 714 τοῦ
463 645 589 736 ἑβδόμου
597 653 652 734 μιᾷ
662 653 718 713 τοῦ
747 654 804 752 ρίῳ
816 647 893 713 ἑπτά
906 644 1023 733 ήμίρας
1040 653 1077 750 τῇ
1090 646 1186 751 ήμίρῳ
1199 651 1237 741 τῇ
1246 641 1353 739 πράτη

108 730 203 817 μηνὸς
214 734 299 797 ἔσται
313 742 382 815 υμῖν
400 727 582 807 ἀνάπαυσις,
605 727 715 816 μνημό-
748 726 927 808 ανάπαυσις,
952 733 1005 795 καί
1026 756 1064 821 τη
1090 733 1185 817 ημίρᾳ
1200 735 1241 822 τῇ
1258 723 1353 821 ὀγδόη

110 839 201 881 συνον
225 813 406 893 σαλπίγγων.
433 813 525 898 κλητή
543 811 616 893 ἁγία
633 817 718 880 ἔσται
748 809 921 886 ἀνάπαυσις
946 811 980 859 ⁴⁰
993 814 1044 877 καί
1060 808 1352 924 λἠιωθιτήήμέρρ

111 896 188 983 ὑμῖν.
201 896 463 982 28πάνὲργονλατ
482 893 717 982 ευτὸνσδποιή-
747 901 785 978 τῆ
798 889 906 987 πράτη
917 894 1033 979 καρπὸν
1046 892 1080 972 ξύ
1119 923 1137 960 υ
1161 892 1170 916 ‘
1194 922 1278 971 αιον,
1301 896 1353 960 καί

111 1006 183 1046 σετε.
209 981 260 1044 καί
273 1007 297 1044 π
359 975 427 1057 ’ξετε
445 923 645 1066 ὁλαιιοάτωμα
662 1006 718 1044 κυ-
747 969 926 1060 κάλλονδρα
938 983 1089 1056 φοινίκων,
1101 922 1291 1054 καίωνλάδους
1301 975 1353 1054 ξά-

111 1072 177 1148 ρίῳ.
191 1064 277 1127 26καί
330 1061 409 1147 ’λησε
421 1059 521 1148 κύριος
531 1061 608 1148 πρὸς
616 1070 717 1128 Μωυ-
748 1061 803 1126 λου
814 1061 924 1134 δασιῖς,
936 1059 989 1122 καί
1002 1063 1089 1134 ίτίας,
1111 1062 1163 1124 καί
1175 1059 1266 1137 άγνου
1279 1057 1353 1125 κλά-

111 1153 176 1231 σήν,
191 1146 293 1223 λέγων.
319 1149 348 1188 27
361 1148 462 1236 καλιῇ
476 1143 583 1238 δεκάτη
594 1151 649 1209 τοῦ
661 1172 719 1229 μη-
748 1145 817 1217 δους
827 1144 859 1206 ίκ
870 1137 1036 1227 χειμάρρου,
1046 1138 1249 1225 εὐφρανθῆναι
1259 1145 1355 1207 ίιαντι

111 1229 161 1304 νὸς
183 1233 239 1294 τοῦ
262 1223 390 1313 ἑβδόμου
412 1223 522 1291 τούτου
547 1225 643 1311 ἡμέρα
662 1230 720 1302 ἐξι-
750 1231 854 1311 κυρίου
878 1228 935 1289 τοῦ
959 1228 1034 1288 θεοῦ
1053 1219 1133 1326 ὑμῶν
1151 1220 1229 1288 ἑπτά
1247 1219 1356 1307 ἡμέρας

111 1313 245 1394 λασμσῦ,
272 1305 365 1410 κλητή
384 1304 457 1385 άγία
473 1312 556 1374 ἔσται
570 1307 645 1390 ὑμῖν.
670 1309 720 1373 καί
750 1308 847 1372 41τοῦ
870 1309 1021 1383 ἐνιαυτοῦ,
1046 1330 1168 1389 νομιμον
1184 1299 1304 1370 αίάνισν
1319 1309 1357 1381 είς

110 1389 309 1460 ταπεινώσετε
331 1416 385 1466 τας
415 1389 514 1474 ψυχάς
540 1387 633 1475 ὑμῶν,
669 1393 721 1456 καί
749 1388 908 1468 τάςγινιάς
922 1385 1011 1474 ὑμῶν.
1033 1391 1065 1455 ίν
1078 1395 1123 1474 τῷ
1175 1385 1356 1476 νίτῷὲβδό-

112 1469 272 1559 πρσςάξιτε
309 1467 508 1576 δλοκαῦτιημα
544 1479 588 1558 τῷ
616 1481 717 1576 κυρίῳ..
747 1502 794 1558 μῳ
820 1469 973 1580 ἑορτάσετε
997 1469 1108 1579 αὐξήν,
1133 1415 1215 1539 Ἦίν
1235 1484 1355 1575 σκηναβς
1446 1530 1454 1547 .

114 1559 147 1602 ²⁸
159 1561 221 1622 πᾶν
238 1554 374 1642 ἔργοισί
391 1582 526 1640 ποιησετε
544 1562 576 1623 ἐν
588 1562 666 1650 αυτή
678 1583 716 1652 τη
747 1582 931 1642 κατοικησεττ
947 1582 1026 1621 επτα
1040 1581 1158 1642 ημερας.
1182 1560 1242 1631 πᾶς
1260 1580 1279 1621 ο
1297 1582 1352 1621 αα

114 1637 210 1726 ήμίρᾳ
229 1636 333 1733 ταάτη.
359 1642 421 1705 ἔστι
437 1638 496 1725 γάρ
514 1637 608 1727 ήμέρα
621 1641 717 1718 ἐξιλα-
748 1636 867 1725 τόηθων
879 1645 910 1707 ίν
923 1638 1048 1726 Ἰσραήλ
1060 1634 1228 1720 κατοικήσει
1240 1640 1273 1702 ίν
1283 1664 1354 1722 σκη-

113 1728 192 1807 σμοῦ
217 1718 293 1807 κδ’τη
320 1719 401 1805 ὑμῖν,
430 1720 626 1801 ἐξιλάσασθαι
650 1726 718 1810 περί
747 1735 825 1801 ναῖς,
849 1724 881 1768 ⁴³
895 1719 978 1799 ὅπως
995 1723 1095 1787 ἴδωσιν
1113 1716 1354 1804 αὲγινεαίῧμῶν,

113 1804 195 1889 ὑμῶν
219 1809 317 1872 ἔναντι
334 1813 438 1912 κυρίου
461 1813 516 1873 τοῦ
533 1813 609 1874 θεοῦ
628 1803 716 1890 ὑμῶν.
748 1803 797 1872 δτι
821 1810 854 1872 ίν
878 1818 998 1892 σκηναῖς
1013 1801 1168 1890 κατῴκισα
1184 1802 1254 1880 τοὺς
1272 1802 1354 1880 υὲοίις

113 1892 143 1933 ²⁹
156 1892 241 1955 πάσα
255 1888 347 1976 ψυχή,
372 1888 435 1993 η’τις
445 1889 485 1976 μή
497 1888 718 1976 ταπεινωθήσε-
745 1888 877 1977 Ἰσραήλ,
890 1894 922 1956 ίν
933 1894 977 1972 τῷ
990 1891 1141 1967 ἐξαγαγεῖν
1151 1913 1185 1970 με
1197 1886 1309 1964 αὐτοὺς
1321 1891 1353 1952 ίκ

114 1976 207 2038 ‘²³'
223 1969 301 2072 δι’
318 1977 355 2064 ν
373 1970 719 2142 κυνίαισι
747 1967 1354 2200 mm

611 2108 619 2123 ι
830 2106 838 2120 ο
964 2087 976 2120 δ
1344 2080 1354 2098 ⁸

112 2062 401 2140 θρευθησεταιὲκτο

112 2143 198 2204 πάσα
213 2137 305 2245 ηιυηή,
317 2135 380 2224 ήτις
391 2136 507 2242 ποιήσει
519 2143 606 2223 ἔργον
618 2143 649 2206 ἐν
662 2139 720 2206 αιἰ-
749 2137 853 2224 εορτάς
865 2145 972 2225 κυρίου
985 2149 1047 2214 τοῖς
1059 2142 1134 2212 υίσῖς
1143 2134 1248 2223 Ἰσραή
1269 2185 1277 2199 .

112 2227 151 2304 τῆ
166 2226 202 2316 τή
215 2217 719 2314 ημερῳταάτη,αττολιῖταιήψυχή
927 2227 1000 2284 ΚΕ
1011 2226 1050 2284 (ί).
1093 2216 1175 2285 ΚΔ’.

111 2294 204 2388 ίάείνη
218 2307 250 2367 ίκ
260 2309 314 2369 τοῦ
325 2303 402 2369 λαοῦ
416 2303 517 2387 αὐτῆς.
529 2307 624 2370 31πᾶν
635 2308 722 2389 ἔργον
754 2270 835 2368 Καί
852 2299 976 2385 ίλάλησε
998 2298 1098 2386 κύριος
1115 2301 1193 2387 πρὸς
1205 2307 1354 2385 Μωυσῆν,

111 2385 149 2452 σά
159 2382 304 2468 ποιήσετε.
314 2381 566 2468 νόμιμοναίάνισν
576 2384 723 2462 είςτάςγε·
753 2385 857 2460 λε’γων.
882 2383 1034 2448 2ἔντειλαι
1051 2396 1114 2457 τοῖς
1131 2388 1206 2457 υἶοῖς
1219 2384 1353 2468 Ἰσραήλ,

111 2466 181 2541 νεάς
197 2462 275 2547 ὑμῶν
288 2471 319 2532 ἑν
333 2464 446 2541 πάσαις
459 2473 621 2540 κατοικίαις
634 2463 722 2548 ὗμῶν.
755 2468 805 2529 καί
816 2460 992 2550 λαβέτωσαν
1005 2489 1052 2527 σοι
1062 2466 1162 2527 ἔλαιον
1172 2459 1287 2527 ἐλάϊνον
1299 2491 1355 2528 κα-

111 2555 144 2594 ³2
154 2547 294 2633 σάββατα
308 2543 468 2634 σαββάτων
479 2550 564 2611 ἔσται
578 2543 654 2629 ὑμῖν.
675 2551 725 2612 καί
755 2544 856 2629 δαρὸν
880 2547 1054 2627 κεκομμένον
1084 2551 1123 2620 εἰς
1147 2548 1221 2625 φώς,
1247 2551 1356 2611 καῦσαι

110 2629 308 2698 ταπεινώσετε
328 2629 383 2705 τάς
408 2626 507 2732 ψυηάς
533 2625 621 2712 ὑμῶν.
659 2628 723 2696 άπὸ
756 2625 862 2714 λύχνον
878 2627 1050 2704 διαπαντὸς,
1076 2629 1213 2705 3ἔξωθεν
1233 2633 1287 2693 τοῦ
1300 2656 1356 2694 κα-

111 2710 220 2799 ἒνάτης
235 2720 290 2779 τοῦ
306 2712 413 2799 μηνὸς,
438 2711 501 2778 απὸ
521 2715 648 2798 ἑσπέριος
666 2719 722 2789 ἕως
754 2709 981 2796 ταπετάσματος
998 2715 1029 2777 ίν
1047 2716 1085 2799 τῇ
1096 2717 1188 2818 σκηνή
1204 2717 1261 2777 τοῦ
1277 2739 1355 2817 μαρ-

110 2801 239 2884 ἑσπὲρας
260 2802 443 2884 σαββατιεῖτε
464 2793 505 2861 τά
520 2791 661 2882 σάββατα
686 2794 720 2863 δ-
752 2803 863 2906 τυρίου.
895 2798 947 2861 καί
964 2791 1125 2862 καάσσυσιν
1144 2796 1221 2860 αυτδ
1235 2794 1354 2880 Ἀαρων

110 2887 184 2964 μῶν.
195 2883 279 2946 33καί
288 2879 411 2965 ἐλάλησε
421 2876 520 2963 κάριος
530 2878 608 2964 πρὸς
618 2888 720 2946 Μωυ-
751 2907 803 2944 και
821 2884 852 2945 οἶ
870 2881 932 2944 υίοί
950 2876 1045 2944 αὐτοῦ
1070 2877 1133 2944 άπὸ
1154 2881 1281 2963 ἑσπέρας
1299 2885 1354 2955 ἕως

111 2971 179 3048 σήν,
192 2965 293 3041 λέγων.
313 2964 345 3006 ³⁴
354 2961 485 3047 λάλησον
497 2973 561 3037 τοῖς
574 2967 648 3039 υὲοῖς
657 2961 718 3029 Ἰσ-
750 2963 837 3049 πρωῒ
845 2959 972 3028 ίνιάπιον
984 2966 1086 3066 κυρίου
1099 2963 1258 3045 ἐνδιλεχῶς,
1272 2958 1353 3045 νόμι-

111 3046 206 3132 ραήλ,
228 3047 329 3124 λέγων.
355 3052 394 3138 τῇ
407 3043 650 3130 πεντεκαιδεκάτη
663 3052 718 3112 τοῦ
750 3072 806 3129 μον
819 3042 940 3112 αἰώνιον
950 3050 989 3122 είς
1000 3072 1054 3122 τας
1065 3045 1165 3124 γενεάς
1175 3043 1266 3126 ὑμῶν.
1280 3045 1352 3111 4ἐπί

110 3128 201 3216 μηνὸς
213 3137 267 3196 τοῦ
280 3125 406 3217 ἑβδόμου
416 3126 527 3195 τούτου
542 3121 638 3215 ἑορτή
647 3156 719 3213 σκη-
752 3135 803 3230 τής
812 3131 929 3214 λυχνίας
940 3134 992 3213 τῆς
1004 3134 1142 3213 καθαρᾶς
1150 3124 1271 3193 καίσετε
1284 3129 1354 3206 τοὺς

111 3219 172 3279 νῶν
189 3210 266 3280 ἑπτά
279 3211 389 3299 ἡμέρας
402 3217 445 3295 τῷ
463 3219 566 3298 κυρίῳ.
590 3215 620 3256 ³⁵
634 3209 717 3296 καίή
751 3214 873 3296 λυχνους
889 3217 1024 3277 ἐναντίω
1045 3218 1147 3295 κυρίου
1171 3217 1226 3286 ἕως
1244 3217 1284 3287 είς
1300 3237 1353 3276 τσ-

110 3293 207 3382 ήμίρα
221 3292 358 3380 ἡπρώτη
377 3293 471 3379 κλητή
483 3292 558 3373 ἁγία
562 3344 573 3371 ,
597 3300 658 3360 πάν
670 3298 719 3379 ἔρ-
751 3296 842 3378 πρωΐ.
880 3295 894 3336 ⁶
908 3295 959 3356 καί
970 3289 1104 3375 λήψεσθε
1117 3294 1278 3374 σεμίδαλιν,
1301 3295 1353 3358 καί

109 3404 166 3460 γον
193 3375 353 3460 λατρευτὸν
370 3375 407 3440 οὗ
425 3374 568 3459 ποιήσετε.
599 3379 630 3420 ³⁶
642 3375 720 3442 ἑπτά
751 3371 887 3478 ποιήσετε
906 3370 1000 3458 αὐτήν
1017 3370 1129 3438 δώδεκα
1148 3373 1266 3456 άρτους.
1298 3372 1353 3440 δύο

111 3460 226 3546 ἡμέρας
246 3455 400 3543 προςάξετι
417 3454 657 3541 ὁλοκαυτώματα
674 3465 719 3524 τῶ
752 3460 882 3524 δεκατων
895 3459 979 3521 ἔσται
993 3452 1010 3519 ὁ
1025 3455 1116 3539 άρτος
1128 3453 1146 3520 ὁ
1160 3457 1207 3530 είς.
1232 3457 1312 3520 6καί
1323 3461 1353 3521 ἐ-

110 3549 222 3627 κυρίῳ,
248 3543 300 3606 καί
326 3536 345 3623 ἢ
365 3536 495 3625 ἢμέραή
515 3537 607 3624 ὀγδόη
626 3543 662 3606 κλ
683 3526 719 3626 τή
750 3537 892 3627 πιθήσετε
906 3537 1018 3614 αὐτοὺς
1038 3534 1093 3604 δύο
1113 3543 1239 3621 θέματα,
1253 3542 1286 3616 ἑξ
1298 3537 1354 3644 άρ-

111 3625 185 3706 άγία
202 3629 285 3691 ἔσται
304 3620 379 3706 ὑμῖν.
409 3622 462 3687 καί
477 3619 630 3706 προςάξετε
647 3571 720 3689 ὁλο-
751 3650 819 3699 τους
832 3624 867 3688 τὸ
881 3625 1006 3706 ἔναιμα
1018 3624 1068 3688 ἐπὶ
1077 3621 1131 3707 τήν
1142 3617 1288 3749 τράπεζαν
1299 3648 1354 3705 την

111 3704 217 3776 καυτώ
239 3734 299 3773 ατα
311 3713 420 3793 κυρίῳ,
441 3701 555 3783 ίξὸδιόν
568 3709 639 3771 ἐστι.
660 3711 721 3772 πᾶν
751 3706 892 3791 καθαρὰν
904 3710 1002 3772 ἔναντι
1020 3711 1129 3792 κυρίου.

119 3797 127 3815 1

1182 3708 1233 3771 καί
1244 3705 1353 3793 ἐπιθή-

128 3798 200 3877 ’ργον
255 3790 375 3876 τρευτὸν
387 3787 424 3854 σίν
436 3785 580 3874 ποιήσετε.
595 3780 720 3855 37αὗται
751 3815 813 3857 σετε
826 3791 876 3854 ἐπὶ
885 3789 921 3852 τὸ
931 3793 1012 3870 δέμα
1023 3790 1143 3875 λίβανον
1154 3790 1293 3877 καθαρὸν
1302 3794 1353 3856 καὶ

114 3876 218 3960 ἑορταί
241 3881 348 3959 κυρίῳ,
385 3869 421 3948 ἃς
450 3873 586 3939 καλέσετε
611 3871 720 3958 κλητάς
751 3871 828 3950 άλα,
854 3873 906 3936 καί
917 3875 1035 3936 ἔσονται
1048 3876 1088 3946 εἰς
1104 3869 1213 3957 άρτσυς
1225 3879 1264 3950 τίς
1275 3871 1345 3940 άνά-

114 3955 217 4035 άγίας,
242 3953 314 4032 dicu
330 3958 515 4058 προςενεβκαι
532 3953 720 4041 καρπώματα
749 3981 852 4040 μνησιν
864 3961 1038 4040 προκείμενα
1055 3958 1101 4038 τῷ
1111 3961 1212 4043 κυρίῳ.
1238 3961 1304 4042 Ι’τῇ
1317 3956 1353 4042 ή-
1408 3956 1411 3960 Δ

112 4046 157 4106 τῶ
170 4045 275 4126 κυρίῳ,
294 4037 533 4122 ὁλοκαυτωματα
546 4043 596 4103 καί
607 4046 719 4115 θυσίας
749 4043 827 4125 μέρᾳ
858 4045 920 4104 τοῖν
955 4035 1114 4126 σαββάτων
1151 4032 1352 4126 πρσςθήάεται

112 4108 231 4198 αδτῶν,
256 4125 307 4188 καὶ
326 4120 452 4196 σπονδάς
470 4120 572 4187 αὐτῶν
590 4121 628 4186 τὸ
645 4121 715 4187 καθ’
751 4127 848 4189 ἔναντι
860 4128 961 4209 κυρίου
973 4123 1136 4198 διαπαντὸς
1153 4127 1278 4189 ίνώπιον
1291 4128 1353 4188 τῶν

112 4203 228 4291 ἡμέραν
239 4210 277 4280 ιίς
291 4202 415 4289 ήμτραν,
436 4206 468 4247 ³⁸
481 4203 559 4288 πλήν
572 4209 632 4269 τῶν
645 4209 721 4292 σαβ·
753 4210 825 4271 υἱοῖν
833 4202 965 4310 Ἰσραήλ,
979 4205 1125 4291 διαθήκην
1137 4205 1266 4271 αἰώνιον.
1280 4208 1353 4270 9καί

109 4287 214 4376 βάτων
226 4295 338 4372 κυρίου,
352 4292 403 4353 καί
414 4284 494 4371 πλήν
507 4292 568 4352 τῶν
581 4286 720 4371 δομάτων
751 4287 959 4375 ἑσταιἈαρων
969 4292 1091 4363 καὶτοῖς
1101 4293 1175 4362 υἱοῖς
1184 4286 1289 4352 αὐτοῦ.
1302 4291 1353 4352 καί

112 4370 210 4455 ὑμῶν,
237 4372 288 4434 καί
312 4371 390 4453 πλήν
415 4375 521 4436 πασῶν
545 4377 606 4434 τῶν
628 4369 720 4454 εὐχῶν
752 4368 899 4452 φάγονται
918 4371 998 4437 αὐτά
1018 4377 1050 4436 ίν
1072 4365 1159 4450 τόπῳ
1178 4365 1263 4449 άγίῳ.
1290 4373 1352 4433 ἐστι

111 4451 209 4540 ὑμῶν,
235 4454 287 4518 καὶ
303 4452 381 4538 πλήν
397 4458 457 4520 τῶν
470 4455 616 4519 ἑκουσίων
630 4449 719 4535 ὑμῶν,
750 4454 809 4541 γάρ
822 4451 894 4532 άγια
903 4460 963 4519 τῶν
974 4451 1067 4530 δγίων
1079 4453 1168 4514 τοῦτο
1178 4473 1279 4514 αυτιον
1288 4473 1350 4548 απο

1295 4552 1354 4593 των
