2924 4972
119 219 181 287 ιω
228 217 724 283 mmmmm
744 216 956 279 πνονου
996 211 1127 294 καθ’.
1139 208 1208 278 να.
1221 215 1274 280 10.

122 339 244 422 βορῥᾶν,
262 331 360 401 νότον.
385 336 415 379 ²⁶
428 338 480 400 καί
491 332 616 416 ἀδελφοί
628 331 731 399 αὐτῶν
762 330 815 396 τὸν
824 327 921 396 Ἰαδά.
936 334 988 396 καί
998 329 1081 395 Ἰαδά
1094 334 1226 414 ἐγέννησε
1237 329 1291 395 τόν
1303 336 1374 397 Γα-

120 422 228 493 ἐνταῒς
249 415 354 494 αὐλαῖς
373 415 475 483 αὐτῶν
493 421 552 482 τοῦ
571 413 731 502 είςπορεόε-
761 412 862 498 λεμίθ,
873 415 924 479 καί
934 414 988 480 τὸν
998 413 1146 497 Γαζμῶθ,
1158 416 1209 478 καί
1221 413 1274 479 τὸν
1284 420 1373 498 Ζαμ·

122 512 198 568 σθαι
216 499 296 565 κατὰ
313 499 392 566 ἔπτὰ
410 497 519 586 ἡμέρας
539 497 603 564 ἀπὸ
624 504 730 584 καιροῦ
759 502 818 584 βρί.
835 499 887 563 καί
899 499 1018 584 Ζαμρρί
1029 500 1159 580 ἐγέννησε
1171 495 1225 561 τὸν
1238 497 1372 574 Μαοσά,

121 590 162 660 είς
174 583 278 670 καιρὸν
290 583 365 669 μετά
377 588 503 649 τούτων.
529 585 560 626 ²⁶
574 580 623 648 ὅτι
635 587 666 646 ἐν
678 589 731 647 πί-
759 583 791 624 ⁴³
804 583 857 645 καί
876 582 998 646 Μασσά
1023 584 1155 663 ἐγέννησε
1172 582 1226 644 τὸν
1245 580 1372 659 Βαανόι,

120 694 180 734 στει
193 671 248 732 είσί
258 670 398 771 τέσσαρεη
410 668 534 731 δυνατοί
545 670 607 730 τῶν
617 664 727 730 πυλῶν.
759 666 810 729 καί
822 661 958 746 Ῥαφαΐα
972 661 1034 739 υίὸς
1047 661 1154 739 αὐτοῦ,
1176 660 1292 728 Ἐλασά
1305 665 1372 740 υίὸς

118 755 169 815 καί
187 754 218 815 οί
234 757 361 815 Λευῖται
378 774 454 833 ησαν
470 750 522 813 ἐπί
539 753 600 814 τῶν
611 773 728 814 παστο-
759 746 872 824 αὐτοῦ,
893 742 986 830 Ἐσηλ
1000 745 1064 820 υίὸς
1083 745 1185 811 αὐτοῦ.
1211 747 1245 789 ⁴⁴
1258 749 1311 812 καί
1322 753 1371 832 τῴ

117 839 248 919 φορέων,
266 835 318 898 καί
331 835 381 897 ἐπὶ
393 837 454 897 τῶν
465 836 631 916 θησαυρῶν
643 833 727 897 οἴκου
756 828 847 913 Ἐσηλ
861 832 897 906 ἐξ
909 832 977 894 υἱοί.
1002 832 1054 894 καί
1070 833 1168 895 ταῦτα
1180 826 1220 895 τά
1233 827 1371 913 ὀνόματα

117 921 173 982 τοῦ
186 922 262 982 θεοῦ
275 942 321 981 πα
339 912 550 1021 εμηίάλλουσιντ,
573 917 603 959 ²⁷
617 911 665 980 ότι
677 913 722 980 ἐπ’
758 910 872 990 αὐτῶν,
895 912 1035 998 Ἐζρικάμ
1052 910 1247 998 πρωτότοκος
1259 914 1368 991 αὐτοῦ,

118 998 229 1075 αὐτοὺς
248 941 408 1084 ἡφυλακρ.
435 1002 486 1064 καί
506 1023 590 1064 ουτοι
604 1000 727 1064 ἐπὶτῶν
758 997 810 1061 καί
821 994 957 1079 Ἰσμαηλ,
976 1000 1027 1060 καί
1037 999 1171 1082 Σαραία,
1189 999 1240 1061 καί
1252 995 1368 1082 Ἀβδία,

114 1082 237 1147 κλειδῶν
246 1082 461 1168 τοπρωῒπρωῒ
469 1080 595 1160 ἀνοίγειν
603 1078 657 1156 τάς
665 1076 726 1145 θιί-
757 1082 810 1144 καί
820 1078 919 1156 Ἀνάν,
932 1081 983 1143 καί
993 1075 1078 1144 Ἇσά.
1093 1071 1181 1144 οὗτοι
1194 1082 1255 1144 υῖοί
1264 1076 1368 1166 Ἐσὴλ.

116 1192 171 1254 ρας
184 1169 278 1231 τοῖιίε
297 1171 344 1244 οῦ,
361 1167 456 1229 28καί
467 1167 498 1241 ἐξ
512 1165 613 1231 αὐτῶν
625 1166 675 1229 ἐπί
686 1164 725 1228 τὰ
953 1168 1028 1226 ΚΕ
1042 1168 1080 1226 Φ.
1125 1159 1166 1226 I'.

116 1243 203 1332 σκεόη
215 1254 269 1333 τῆς
278 1190 481 1336 λειτουργίας,
501 1245 549 1314 ότι
562 1253 592 1313 ἐν
605 1246 725 1333 ἀριθμῷ
756 1211 839 1311 Καὶ
851 1241 1017 1325 ἀλλόφυλοι
1030 1245 1216 1329 ἐπολέμησαν
1227 1242 1303 1331 πρὸς
1314 1244 1367 1310 τόν

114 1338 283 1409 είςοίσουσι,
307 1335 359 1397 καί
383 1337 414 1397 ἐν
434 1329 555 1417 ἀριθμῶ
572 1333 723 1407 ἐξοίσουσι.
753 1327 797 1394 ’Io
816 1328 891 1414 αίγλ,
916 1330 968 1393 καί
992 1331 1101 1409 ἔφυγον
1122 1328 1185 1395 ἀπὸ
1202 1325 1366 1414 πρσςῴπαυ

115 1418 145 1459 ²⁹
159 1417 210 1478 καί
227 1417 258 1489 ἐξ
275 1413 377 1480 αὐτῶν
390 1417 606 1497 καθεσταμένον
621 1416 673 1478 ἐπί
685 1412 724 1477 τά
756 1355 945 1493 ἀλλοφύλων,
963 1416 1014 1477 καί
1026 1415 1129 1478 ἔπεσον
1141 1419 1321 1498 τραυματίαι
1335 1415 1366 1476 ἐν

114 1494 216 1579 σκεύη,
242 1499 293 1560 καί
310 1499 360 1560 ἐπί
378 1492 478 1560 πάντα
490 1493 577 1580 σκειίη
590 1493 627 1560 τό
642 1494 724 1574 ἀγια,
756 1495 818 1596 όρει
830 1496 970 1581 Γελβουέ.
988 1497 1060 1561 2καί
1072 1497 1250 1571 κατεδίωξαν
1264 1501 1295 1560 σί
1307 1493 1365 1561 ἀλ-

114 1583 165 1645 καί
178 1579 228 1643 ἐπί
239 1583 292 1662 τῆς
305 1573 488 1661 σεμιδάλεως,
501 1583 556 1644 τοῦ
567 1580 656 1654 οἴνου,
667 1584 723 1665 τοῖς
754 1577 881 1659 λοφυλοι
893 1577 991 1643 ὀπίσω
1003 1576 1109 1643 Σαοὺλ
1129 1580 1180 1643 καί
1192 1576 1290 1643 ὀπίσω
1303 1583 1364 1643 τῶν

114 1663 227 1739 ἐλαίου,
239 1668 294 1726 τοῦ
356 1667 485 1738 ανωτοῦ,
503 1664 555 1727 καί
568 1667 629 1727 τῶν
642 1659 723 1747 ἀρω-
754 1665 827 1726 υἱῶν
839 1659 944 1727 αὐτοῦ.
962 1663 1013 1725 καί
1025 1658 1181 1738 ἐπάταξαν
1194 1657 1364 1742 ἀλλόφυλοι

113 1743 224 1828 μάτων.
249 1747 280 1790 ³⁰
294 1771 345 1810 και
358 1744 422 1809 ἀπὸ
439 1749 499 1809 τῶν
519 1748 593 1808 υίῶν
606 1749 668 1810 τῶν
682 1748 722 1808 ἴε-
753 1742 805 1809 τόν
820 1741 971 1809 Ἰωνάθαν
989 1746 1108 1810 καὶτὸν
1127 1743 1291 1831 Ἀμιναδάβ
1310 1747 1363 1808 καί

113 1832 192 1914 ρέων
203 1814 278 1912 ἦσαν
288 1831 418 1914 μυρεψοὶ
430 1832 486 1893 τοῦ
497 1823 601 1913 μόρου,
620 1829 671 1892 καί
683 1833 722 1903 είς
752 1826 805 1894 τὸν
829 1826 997 1913 Μελχισουέ
1022 1829 1107 1904 υἱοὺς
1129 1825 1244 1894 Σαούλ.
1282 1829 1363 1892 3καί

112 1909 152 1978 τά
171 1907 326 1996 ἀρώματα.
364 1913 392 1953 ³¹
404 1913 455 1976 καί
472 1917 669 1986 Ματθαθίας
689 1915 720 1975 ἐκ
751 1911 905 2018 ἐραριίνθη
923 1907 940 1976 ὁ
958 1906 1087 1995 πόλεμος
1102 1908 1282 1978 ἕπίΣαοάλ
1310 1913 1363 1976 καί

112 1998 172 2059 τῶν
183 1998 326 2070 Λευιτῶν,
341 1984 430 2069 οὗτος
443 1991 460 2059 ὁ
472 1991 665 2081 πρωτότοκος
675 1999 721 2059 τῶ
750 2019 839 2101 ευρον
856 1993 949 2060 αὐτὸν
965 1999 996 2058 οἱ
1013 1991 1134 2072 τοξόται
1151 1999 1182 2060 ἐν
1198 1993 1296 2072 τόξοις
1309 1996 1362 2059 καί

111 2075 228 2161 Σαλῶμ
240 2082 285 2161 τῴ
294 2083 410 2170 Κορίτη
423 2082 454 2142 ἐν
466 2084 503 2172 τῇ
512 2085 609 2146 πίοτει
623 2079 673 2145 ἐπί
681 2062 719 2143 τά
750 2104 869 2153 πονοις,
886 2080 937 2144 καί
948 2074 1093 2144 ἐπόνεσαν
1105 2077 1168 2144 ἀπό
1180 2083 1242 2143 τῶν
1253 2073 1360 2154 τόξων.

111 2164 186 2246 ἔργα
204 2164 255 2244 τῆς
267 2168 375 2236 θυσίας
388 2166 444 2226 τοῦ
458 2158 587 2245 τηγάνου
599 2167 657 2228 τοῦ
669 2188 720 2245 με·
750 2162 826 2227 4καί
837 2159 899 2226 είπε
912 2160 1022 2226 Σαοὺλ
1034 2167 1080 2246 τῴ
1093 2163 1208 2250 αίροντι
1221 2159 1261 2227 τά
1274 2156 1361 2269 σκείη

110 2240 207 2322 γάλου
220 2247 328 2330 ἱερέως.
343 2247 373 2287 ³²
379 2246 429 2310 καί
442 2247 583 2321 Βαναίας
596 2242 614 2311 ὁ
627 2251 718 2311 Καα-
750 2243 855 2310 αὐτοῦ.
869 2242 982 2310 σπάσαι
994 2243 1052 2329 τὴν
1064 2249 1216 2331 ῥομφαίαν
1227 2271 1295 2323 σου,
1308 2271 1362 2308 και

111 2332 199 2410 θέτης
211 2329 243 2391 ἐκ
257 2332 317 2394 τῶν
329 2325 466 2409 ἀδελφῶν
482 2326 583 2394 αὐτῶν
597 2333 719 2395 ἐπὶτῶν
750 2323 925 2411 ἐκκέντησόν
936 2353 969 2410 με
983 2330 1014 2392 ἐν
1025 2326 1114 2422 αὐτῇ,
1127 2328 1168 2414 μη
1182 2330 1315 2394 ἔλθωσιν
1327 2331 1361 2392 οἱ

111 2408 276 2496 ἀρτωντῆς
287 2414 476 2496 προθέσεως,
493 2417 551 2479 τοῦ
563 2408 718 2496 ἑτοιμάσαι
749 2409 944 2497 ἀπερίτμητοι
958 2403 1042 2476 οὗτοι
1055 2417 1107 2478 καί
1120 2415 1287 2495 ἐμπαίξωσί
1297 2437 1358 2494 μοι.

110 2492 262 2580 σάηλβατον
275 2492 354 2560 κατά
368 2492 528 2583 σάββατον.
554 2498 584 2539 ³³
597 2497 648 2561 καί
664 2486 717 2559 οὗ·
749 2496 799 2559 καί
824 2493 879 2559 οὐκ
905 2491 1043 2581 ἐβούλετο
1066 2493 1082 2559 ὁ
1101 2498 1197 2582 αἴρων
1214 2496 1253 2559 τά
1273 2490 1359 2579 σκειίη

108 2603 158 2642 τοι
176 2578 334 2662 ιμαλτῳδοί
351 2576 491 2666 ἀρχοντες
508 2583 569 2643 τῶν
581 2582 718 2663 πατριῶν
749 2576 855 2654 αὐτοῦ,
867 2573 914 2643 ότι
923 2581 1059 2664 ἐφοβεῖτο
1071 2576 1194 2666 σφόδρα.
1207 2581 1259 2644 καί
1269 2579 1360 2663 ἔλαβε

107 2666 314 2726 τῶνΛευιτῶν
324 2663 544 2768 διατεταγμέναι
554 2665 717 2748 ἐφημερίαι,
749 2659 858 2727 Σαοὺλ
877 2657 932 2744 την
955 2666 1121 2747 ῥομφαίαν,
1148 2665 1199 2727 καί
1223 2665 1360 2727 ἐπέπεσεν

107 2741 155 2806 ὅτι
175 2740 269 2825 ἡμέρα
283 2746 336 2808 καί
353 2743 404 2821 νὺξ
423 2749 463 2810 ἐπ
486 2743 590 2820 αὐτοῖς
608 2749 639 2808 ἐν
656 2757 719 2819 τοῖς
749 2743 792 2808 ἐπ’
817 2742 920 2828 αὐτην.
960 2746 1041 2810 ὅκαί
1065 2746 1136 2811 είδεν
1161 2743 1179 2811 ὁ
1205 2748 1302 2831 αἴρων
1317 2744 1358 2810 τά

108 2829 212 2910 ἔργοις.
224 2826 256 2867 ³⁴
266 2817 350 2893 οὗτοι
361 2826 499 2913 ἀρχοντες
512 2832 573 2893 τῶν
583 2832 719 2914 πατριῶν
749 2824 836 2909 σκειίη
850 2827 955 2902 αὐτοῦ,
969 2824 1016 2894 ότι
1029 2829 1165 2896 ἀπέθανε
1176 2827 1294 2904 Σαοὺλ,
1307 2831 1360 2893 καί

106 2915 168 2973 τῶν
178 2914 311 2974 Λευιτῶν
320 2913 398 2976 κατὰ
407 2914 530 2989 γενέσεις
539 2908 651 2988 αὐτῶν,
662 2909 718 2997 ἀρ-
748 2913 833 2977 έπεσε
846 2913 898 2976 καί
908 2909 1003 2986 αὐτὸς
1015 2915 1065 2979 ἐπί
1077 2912 1131 2997 την
1141 2916 1291 2998 ῥομφαίαν
1300 2910 1359 2977 αά-

125 3017 204 3066 οντες
222 2985 307 3059 οὗτοι
325 2990 502 3080 κατῴκησαν
518 2998 549 3061 έν
561 2993 717 3081 Ἰερουσα-
749 2999 814 3060 τοῦ.
841 2995 919 3059 θκαί
932 2992 1067 3061 ἀπέθανε
1079 2995 1195 3069 Σαοὺλ,
1217 2997 1270 3060 καί
1281 3005 1358 3081 τρεῖς

105 3019 174 3157 λάμ.
195 3076 224 3119 ³⁵
235 3078 287 3140 καί
299 3082 330 3144 ἐν
341 3076 476 3225 Γαηίαῶν
489 3072 643 3162 κατῴκησε
654 3104 714 3144 πα-
749 3079 812 3142 υίοί
837 3076 934 3143 αὐτοῦ
952 3081 983 3144 ἐν
1001 3083 1040 3171 τῇ
1056 3076 1152 3162 ἡμέρᾳ
1169 3081 1273 3164 ἐκείνη.
1303 3082 1357 3141 καί

106 3157 162 3244 τηρ
175 3161 310 3243 Γαβαὼν
327 3157 383 3245 Ἰεη
404 3210 411 3225 .
438 3163 490 3226 καί
502 3161 597 3243 ὄνομα
613 3185 716 3238 γυναι·
747 3166 807 3237 πάς
825 3159 842 3226 ὁ
860 3161 941 3238 οἶκος
958 3158 1055 3226 αὐτοῦ
1070 3162 1122 3223 ἐπί
1136 3158 1172 3222 τὸ
1186 3155 1262 3220 αὐτὸ
1276 3157 1356 3220 ἀπέ-

105 3242 158 3317 κὸς
171 3239 267 3307 αὐτοῦ
280 3241 412 3328 Μοωχά.
433 3245 464 3286 ³⁶
477 3246 528 3309 καί
542 3243 606 3320 υίὸς
618 3243 716 3310 αὐτοῦ
746 3254 828 3309 θανε.
849 3247 924 3311 Ὶκαί
935 3244 990 3309 εἶδε
1001 3245 1060 3316 πῶς
1072 3236 1253 3345 ἀνὴρἸσραί
1259 3241 1277 3304 λ
1290 3235 1307 3303 ὅ
1322 3241 1354 3303 ἐν

105 3321 330 3412 ὁπρωτότοκος
344 3324 469 3415 Ἀβδῶν,
487 3331 538 3394 καί
549 3327 644 3410 Σοάρ,
664 3329 716 3393 καί
747 3333 792 3411 τῴ
818 3327 929 3395 αὖλῶνι
947 3323 994 3392 ότι
1012 3328 1118 3406 ἔφυγεν
1145 3269 1277 3410 Ισραίηλ,
1302 3323 1354 3386 καί

105 3413 172 3486 Κίς,
184 3412 236 3474 καί
245 3409 350 3486 Βαὰλ,
363 3413 415 3476 καί
427 3411 511 3497 Νίγρ,
526 3413 578 3477 καί
590 3409 714 3498 Ναδάβ,
747 3407 794 3476 ὅτι
807 3409 942 3478 ἀπέθανε
950 3408 1056 3477 Σαοὺλ
1068 3409 1121 3476 καί
1132 3413 1163 3474 οἱ
1175 3409 1234 3474 υἱοί
1246 3404 1354 3483 αὐτοῦ,

105 3493 134 3536 ⁸⁷
146 3496 198 3558 καὶ
209 3493 325 3578 Γεδοὺρ
337 3497 389 3559 καί
402 3492 543 3575 ἀδελφὸς,
568 3496 620 3561 καί
631 3500 715 3560 Ζακ-
747 3497 799 3561 καί
815 3497 977 3562 κατέλιπον
991 3493 1047 3571 τὰς
1064 3488 1166 3570 πόλεις
1186 3489 1287 3559 αὐτῶν
1304 3492 1356 3556 καί

103 3573 177 3662 χοίιρ
192 3579 243 3642 καὶ
256 3575 426 3643 Μακελῶθ.
448 3580 479 3623 ³⁸
492 3582 544 3643 καί
555 3577 715 3643 Μακελώθ
746 3583 864 3662 ἔφυγον.
890 3583 943 3645 καί
954 3568 1055 3662 ἦλθον
1066 3583 1097 3645 οἶ
1109 3573 1286 3660 ἀλλόφυλοι,
1303 3575 1353 3638 καί

103 3663 237 3743 ἐγέννησε
250 3659 435 3744 τὸνΣαμαά.
458 3653 606 3727 καὶοῦτοι
620 3664 714 3744 ἐνμέ-
746 3660 924 3748 κατῴκησαν
944 3668 975 3729 ἐν
993 3662 1110 3740 αὐταῖς.
1149 3664 1230 3728 Βκαί
1243 3662 1353 3738 ἐγένετο

105 3766 150 3823 σῴ
176 3746 236 3805 τῶν
262 3740 399 3826 ἀδελφῶν
416 3741 518 3810 αὐτῶν
535 3742 715 3831 κατῴκησαν
747 3751 786 3829 τῆ
797 3751 930 3853 ἐχομένη,
947 3749 999 3812 καί
1012 3739 1111 3831 ἦλθον
1123 3744 1290 3826 ἀλλόφυλοι
1302 3744 1355 3807 τοῦ

105 3826 136 3888 ἐν
151 3819 345 3910 Ἰερουσαλὴμ
363 3830 485 3911 ἐνμέσῳ
506 3834 567 3893 τῶν
579 3827 715 3909 ἀδελφῶν
748 3818 895 3896 σ’κυλευειν
906 3826 977 3904 τοὺς
989 3836 1191 3917 τραυματίας,
1208 3829 1259 3890 καί
1271 3819 1357 3910 εὗρον

105 3904 216 3970 αὐτῶν.
242 3908 273 3950 ³⁹
284 3912 335 3973 καί
348 3909 420 4014 Νηρ
435 3913 567 3994 ἐγέννησε
579 3911 633 3976 τόν
647 3916 714 3989 Κίς,
747 3911 800 3980 τὸν
811 3913 916 3980 Σαοὺλ
935 3915 987 3979 καί
1003 3911 1075 3986 τοὺς
1091 3910 1174 3982 υἱοὺς
1192 3908 1288 3971 αὐτοῦ
1301 3933 1358 3970 πε-

104 3990 715 4070 'mmmm‘⁰⁶101'200522w22005st
747 3994 905 4073 πτωκότας
923 3999 955 4061 ἐν
971 4000 1015 4078 τῷ
1032 3993 1052 4059 ὅ
1070 3991 1245 4084 ειΓελβουέ.
1276 3987 1357 4051 9καί

105 4073 238 4175 ἐγέννησε
251 4074 304 4138 τὸν
327 4071 479 4151 Ιωνάθαν,
497 4080 549 4142 καί
561 4076 615 4142 τόν
627 4078 715 4143 Μελ·
747 4081 887 4156 ἐξέδυσαν
900 4075 1002 4150 αὐτὸν,
1014 4102 1067 4140 και
1079 4073 1190 4155 ἔλαβον
1198 4093 1251 4149 την
1263 4092 1356 4149 κεφα-

103 4180 213 4241 χισουε,
226 4158 278 4220 καί
291 4155 522 4244 τόνἈμιναδάβ,
535 4162 587 4225 καί
599 4159 714 4227 τὸνἈ-
746 4164 802 4248 λίην
820 4165 916 4228 αὐτοῦ
934 4162 986 4224 καί
1002 4155 1042 4220 τὰ
1061 4148 1144 4235 σκειίη
1165 4147 1262 4215 αὐτοῦ
1267 4199 1277 4224 ,
1304 4157 1356 4218 καί

176 4235 183 4258 Ι

104 4239 211 4323 σαβαλ.
249 4240 283 4282 ⁴⁰
295 4242 347 4303 καί
365 4242 430 4317 υίὸς
445 4238 598 4308 Ἰωνάθαν
616 4254 715 4332 Μερι-
746 4242 921 4312 ἀπέστειλαν
937 4245 977 4314 ⁸¹4
994 4230 1353 4320 yrjrmoqohzoevnfixch

102 4318 192 4422 βηάλ.
206 4323 257 4387 καί
266 4322 429 4431 Μεριβαάλ
441 4327 571 4408 ἐγέννησε
584 4329 638 4395 τὸν
647 4336 714 4394 Μι-
745 4330 800 4394 τοῦ
813 4321 1064 4401 εάαγγελίσασθαι
1080 4329 1143 4395 τοῖς
1155 4315 1284 4393 εἰδώλοις
1299 4317 1355 4384 αά-

120 4432 149 4469 α.
169 4406 260 4472 41καί
270 4411 332 4472 υἱοι
343 4406 432 4493 Μιχά
445 4411 561 4487 (λαθών,
575 4415 625 4478 καί
635 4416 714 4478 Μα-
745 4413 821 4482 τῶν,
846 4407 897 4471 καί
914 4409 958 4489 τῷ
973 4405 1049 4488 λαῴ.
1074 4406 1103 4449 ¹⁰
1116 4406 1167 4469 καί
1186 4407 1299 4486 ἔθηκαν
1315 4399 1354 4467 τά

96 4431 168 4575 {bh
182 4493 235 4558 καί
251 4488 365 4580 Θαράχ.
380 4495 468 4561 42καί
481 4493 571 4581 Ἀχάζ
581 4497 713 4577 ἐγέννησε
744 4485 831 4576 ωιείη
843 4486 945 4557 αὐτῶν
958 4491 989 4557 ἐν
1000 4492 1074 4579 οίκιρ
1086 4492 1164 4555 θεοῦ
1177 4485 1286 4555 αὐτῶν.
1305 4487 1356 4588 καί

1302 4592 1355 4650 τυ
