2924 4972
427 233 653 295 ιιινουε
691 226 1023 309 &spernar-134⁴.
1296 236 1360 301 ως

111 357 182 433 Ebc,
207 359 258 424 καὶ
275 352 391 420 τόνῬο
418 353 461 431 “κ,
486 358 537 419 καὶ
556 352 715 440 τάνΣούρ,
751 355 891 440 άρχσντες
913 359 1050 440 πατριῶν
1077 354 1178 433 φυλῶν
1202 359 1263 418 τῶν
1286 358 1358 419 υἱῶν

109 443 158 505 καί
177 439 227 504 τὸν
242 437 319 523 Οῦρ,
343 466 395 502 και
413 436 466 502 τὸν
479 434 566 524 Ῥοβὲ
584 436 716 522 άρχοντα
747 434 879 523 Ἰσραήλ.
906 437 1012 502 2κατὰ
1024 435 1150 522 κλήρους
1162 432 1360 521 ἐκληρονόμη-

106 524 216 607 Ἕναρα
229 521 326 597 Σιὼν,
351 523 403 586 καὶ
417 518 488 596 τούς
505 527 717 596 κατοικοῦντας
751 546 823 595 σαν,
847 517 883 586 δν
901 516 1016 604 τρόπον
1033 521 1197 586 ίνετειλατο
1214 515 1315 605 κύριος
1327 524 1360 585 ίν

110 602 194 670 Σιῶν.
233 606 328 668 22καὶ
350 603 404 668 τὸν
423 603 559 685 Βαλαὰμ
583 600 637 667 τὸν
661 607 716 667 τοῦ
751 606 821 706 ηειρὶ
831 601 934 687 Ἰησοῦ
945 616 1012 678 ταῖς
1022 606 1108 669 ίννεά
1121 603 1238 685 φυλαῖς,
1251 604 1302 666 καί
1315 606 1362 685 τῷ

108 687 217 774 Βαιῶρ
243 686 297 753 τὸν
318 683 422 769 μάντιν
440 685 614 751 ἀπέκτειναν
631 688 663 750 ἐν
680 690 716 778 τῆ
753 691 842 767 ημίσει
867 684 960 767 ηυλῆς
996 687 1087 751 3ὰπὸ
1113 691 1169 751 τοῦ
1188 689 1284 750 πεόαν
1304 689 1359 749 τοῦ

108 776 196 863 ῥοπῇ.
234 773 264 812 ²³
277 773 391 846 ἐγένετο
404 768 435 833 δὲ
449 769 488 837 τὰ
500 765 717 854 άριαῬουβῆν,
749 764 909 851 Ἰορδάνου.
922 771 973 833 καὶ
982 780 1047 844 τοῖς
1055 776 1197 844 Λευίταις
1205 745 1261 833 σύκ
1271 768 1361 833 ἔδωκε

105 849 257 939 Ἰορδάνης
282 850 371 938 ὅρων.
399 848 476 957 αῦτη
496 850 515 937 ή
534 853 717 936 κληρονομία
753 850 863 934 κλῆρον
874 853 905 914 ἐν
918 848 1032 925 αύτοῖς.
1070 850 1148 917 4ἱίτι
1163 842 1241 936 ἦσαν
1255 855 1287 916 οἱ
1300 853 1360 917 οἱοὶ

108 944 180 1003 υἱῶν
192 934 319 1023 Ῥουβήν
339 935 417 1002 κατὰ
435 936 544 1019 δημους
561 935 663 1001 αὐτῶν
683 937 716 997 αἱ
749 929 864 1016 Ἰωσήφ
882 928 937 996 δύο
956 933 1048 1014 (μυλαὶ
1067 939 1220 1019 Μανασσῆ
1236 937 1287 1000 καί
1307 933 1359 999 'E-

107 1017 208 1093 πόλεις
226 1017 326 1083 αὐτῶν
343 1020 394 1085 καί
413 1022 447 1083 αἱ
459 1016 593 1094 ἐπαύλεις
605 1017 714 1083 αὐτῶν.
753 1021 859 1098 ηραίμ.
886 1017 938 1079 καὶ
956 1013 1010 1078 οιίκ
1029 1012 1120 1099 ἐδόθη
1129 1020 1210 1119 μερὶς
1227 1022 1258 1081 ἔν
1269 1023 1307 1109 τῆ
1318 1022 1360 1109 γῆ

109 1104 140 1146 ²⁴
155 1104 242 1168 ἔδωκε
265 1102 298 1167 δὲ
315 1106 453 1186 Μωυσῆς
473 1113 536 1176 τοῖς
553 1105 630 1175 υἱοῖς
647 1099 718 1163 Γὰδ
754 1110 817 1173 τοῖς
825 1104 975 1171 Λευίταις,
988 1096 1050 1161 ἀλλ’
1067 1097 1196 1181 ῆπολεις
1204 1111 1359 1177 κατοικεῖν,

108 1186 187 1252 κατὰ
212 1181 321 1270 δήμους
340 1182 450 1250 αὐτῶν.
489 1186 518 1227 ²⁶
532 1185 584 1248 καὶ
601 1186 714 1259 ἐγένετο
754 1181 856 1244 καὶτὰ
869 1178 1063 1264 ὰσωρισμένα
1076 1178 1359 1264 αύτῶντοῖςκτήνι-

109 1269 147 1333 τὰ
166 1266 234 1354 ὅρια
247 1267 348 1350 αὐτῶν
362 1264 472 1350 Ἰαζήρ.
498 1269 597 1330 πᾶσαι
615 1260 717 1337 πόλεις
756 1287 802 1327 σιν
814 1265 866 1326 καί
878 1262 916 1326 τὰ
930 1261 1021 1346 κτήνη
1035 1261 1146 1327 αὐτῶν.
1173 1264 1187 1306 ⁶
1201 1258 1235 1327 ὃν
1246 1263 1361 1346 τρόπον

110 1349 240 1415 Γαλαὰδ
258 1351 311 1413 καί
327 1348 364 1412 τὸ
382 1343 471 1430 ῆμισυ
489 1352 542 1425 γῆς
562 1351 636 1410 υἱῶν
647 1344 718 1449 Ἀμ-
756 1345 915 1409 ἐνετείλατο
931 1340 1030 1429 κύριος
1045 1349 1092 1427 τῶ
1103 1349 1242 1438 Μωυσῆ,
1268 1342 1364 1420 σύτοτς

110 1438 175 1515 μῶν
193 1438 248 1505 ἕως
259 1429 389 1515 Ἄραβα,
415 1426 434 1511 ῆ
452 1433 515 1494 ἐστι
532 1425 610 1493 κατὰ
625 1454 716 1514 προς·
755 1431 898 1512 ἐποίησαν
916 1432 947 1492 οἱ
966 1431 1026 1492 υίοὶ
1040 1426 1178 1511 Ἰσραήλ,
1204 1430 1255 1493 καὶ
1268 1431 1363 1513 ίμίρι-

112 1538 198 1580 ωπον
209 1509 310 1598 Ἀράδ.
342 1509 509 1575 2θκαὶὰπό
525 1509 648 1598 Ἐσεβὰν
662 1517 716 1586 ἕως
754 1535 810 1577 σαν
831 1510 885 1595 τήν
900 1515 963 1593 γῆν.
1004 1512 1083 1575 οκαὶ
1099 1505 1311 1595 προςήλθσσαν
1330 1513 1363 1576 οἱ

105 1592 251 1683 Ἀραβιύθ
274 1592 351 1660 κατὰ
376 1595 430 1679 τήν
453 1590 622 1678 Μασσηιμά.
664 1596 715 1658 καί
753 1595 813 1659 υἱοί
828 1590 931 1659 Ἰούδα
947 1590 1024 1679 πρὸς
1038 1590 1159 1679 Ἰησοῦν
1175 1596 1206 1658 ίν
1223 1590 1359 1673 Γαλγάλ.

111 1681 266 1763 Βοτανὶμ,
292 1680 342 1742 καί
355 1677 452 1742 Μαὰν
470 1683 525 1751 ἕως
543 1684 604 1742 τῶν
622 1674 714 1764 ὁρίων
751 1680 803 1742 καὶ
815 1677 877 1743 εἶπε
887 1677 966 1761 πρὸς
978 1674 1073 1742 αὐτὸν
1088 1673 1196 1761 Χάλεβ
1208 1673 1226 1739 δ
1239 1682 1296 1742 τοῦ
1305 1676 1359 1741 Ἰε-

109 1761 232 1849 Δαημώ,
250 1765 279 1805 27
290 1762 340 1826 καί
351 1759 486 1844 Ἐναδῶμ
499 1764 550 1826 καὶ
561 1760 718 1844 Ὀθαργαῒ
752 1760 822 1865 yar*
841 1757 1035 1837 ῦΚινεζαῖος.
1062 1759 1098 1825 σὰ
1110 1762 1219 1850 ίπίστη
1230 1757 1268 1826 τὰ
1281 1763 1361 1846 ῥῆμα

106 1850 156 1910 καί
179 1844 400 1930 Βαινθαναβρὰ
420 1846 471 1908 καὶ
488 1841 643 1930 Σοκχωθὰ
662 1846 713 1908 καί
751 1840 771 1909 δ
797 1848 813 1909 ἐ
841 1841 919 1927 ’λησε
935 1839 1035 1928 κύριος
1052 1842 1129 1929 πρὸς
1147 1848 1287 1929 ,Μωυσῆν
1305 1844 1361 1909 άν-

105 1929 215 2010 Σαφάν
224 1932 274 1993 καί
284 1928 337 2011 τήν
348 1927 454 2011 λοιπήν
460 1928 612 2014 βασιλείαν
620 1924 712 2009 Σηῶν
750 1938 879 2014 θρωπσν
896 1932 951 1992 τοῦ
967 1930 1044 1992 θεοῦ
1061 1929 1129 2012 περὶ
1147 1929 1218 2008 ἐμοῦ
1235 1929 1287 1993 καὶ
1303 1931 1360 1993 σοῦ

106 2013 248 2099 βασιλέως
270 2007 407 2098 Ἐσεβῶν.
445 2013 496 2074 καί
520 2008 538 2077 ὁ
559 2006 712 2097 Ἰορδάνης
751 2014 782 2076 ἐν
795 2006 899 2095 Κάδης
912 2015 1029 2095 Βαρνῆ,
1044 2012 1153 2074 7τίσσα
1172 2005 1287 2076 άκοντα
1298 2012 1358 2097 γὰρ

107 2094 182 2180 ὁριεῖ
194 2102 249 2171 ἕως
263 2097 368 2181 μέρους
381 2099 434 2178 τῆς
446 2089 606 2177 θαλάσσης
622 2100 712 2158 Χενε-
752 2097 827 2158 ἐτῶν
846 2094 923 2179 ῆμην
939 2090 990 2159 ὅτε
1009 2036 1171 2158 ὰπὲστυλί
1171 2119 1211 2196 με
1223 2098 1360 2177 Μωυσῆς

125 2181 164 2245 ὲθ
180 2183 274 2263 πέραν
292 2182 348 2242 τοῦ
359 2172 513 2262 Ἰορδάνου
532 2175 583 2240 ἀπ’
601 2175 713 2241 ὰνατσ-
751 2172 767 2240 ὁ
794 2188 866 2251 παῖς
890 2180 947 2240 τοῦ
970 2181 1047 2241 θεοῦ
1073 2178 1105 2240 ίκ
1128 2178 1233 2259 Καδης
1250 2181 1360 2260 Βαρνῆ

106 2207 173 2328 λῶν.
199 2264 230 2304 ²⁸
244 2256 320 2343 αῦτη
333 2258 351 2343 ῆ
366 2261 545 2345 κληρονομία
559 2264 631 2323 υἱῶν
644 2258 715 2323 Γὰδ
752 2261 993 2324 κατασκοπεῦσαι
1010 2258 1063 2341 τήν
1078 2263 1143 2344 γῆν.
1169 2260 1221 2324 καὶ
1238 2256 1361 2345 ἀπεκρί-

106 2343 184 2410 κατὰ
202 2339 312 2427 δήμους
330 2341 431 2407 αὐτῶν
449 2343 501 2406 καί
518 2339 596 2407 κατὰ
615 2337 715 2415 πόλεις
752 2351 813 2424 θην
838 2338 924 2424 αύτῷ
941 2337 1032 2418 λόγον
1050 2340 1129 2406 κατὰ
1146 2340 1200 2406 τὸν
1217 2346 1289 2406 νοῦν
1304 2339 1361 2407 αῦ-

108 2428 216 2492 αῦτῶν.
255 2424 335 2489 κατὰ
359 2421 466 2507 δήμους
487 2422 589 2488 αὐτῶν
608 2423 715 2508 αύηίνα
751 2429 815 2488 τοῦ.
853 2424 914 2487 ⁸02
936 2421 1061 2502 ἀδελφοί
1077 2449 1133 2504 μου
1152 2429 1182 2487 οἱ
1199 2420 1361 2508 ἀναβάντες

109 2510 339 2591 ἐπιστρέφουσιν
367 2510 497 2569 ἐναντίον
521 2510 581 2567 τῶν
599 2510 716 2590 ἐχθρῶν
753 2504 810 2589 μετ’
826 2509 896 2587 ἐμοῦ
909 2508 1089 2587 μετέστησαν
1102 2501 1154 2585 τήν
1168 2506 1293 2587 καρδίαν
1306 2509 1361 2568 τοῦ

109 2590 222 2663 αὐτῶν,
249 2584 296 2653 ὅτι
310 2583 435 2669 ἐγενήθη
448 2584 526 2650 κατὰ
539 2583 646 2668 δήμους
659 2586 716 2650 αύ-
755 2588 835 2652 λαοῦ
839 2637 849 2662 ,
875 2586 932 2663 ἐγὼ
951 2586 983 2651 δὲ
1001 2588 1183 2670 προςετίθητ
1196 2587 1362 2651 ἐπακολου-

109 2680 170 2739 τῶν
183 2677 216 2737 αἱ
227 2667 326 2744 πόλεις
339 2667 453 2745 αὐτῶν,
472 2669 523 2732 καὶ
536 2672 570 2733 αἱ
582 2666 716 2744 ἐπαύλεις
755 2675 850 2755 θῆσαι
864 2675 956 2753 κυρίῳ
970 2674 1013 2751 τῷ
1027 2674 1090 2754 θεῷ
1102 2694 1170 2752 μου.
1191 2670 1267 2733 2καὶ
1281 2669 1362 2752 ιάμο-

109 2756 218 2821 αύτῶν.
238 2756 267 2796 29
280 2756 331 2818 καὶ
343 2754 432 2818 ἑδωκε
444 2757 581 2837 Μωυσῆς
594 2757 639 2836 τῷ
649 2749 713 2836 ῆμί-
755 2779 786 2819 σε
795 2759 932 2836 Μωυσῆς
944 2756 976 2819 ἐν
985 2757 1077 2839 ίκείνη
1090 2756 1129 2839 τῆ
1141 2749 1245 2839 ήμίρηι,
1257 2753 1361 2831 λέγων.

109 2866 151 2905 σει
164 2839 256 2921 φυλῆς
270 2842 429 2922 Μανασσῆ
444 2834 523 2901 κατὰ
534 2833 644 2920 δήμους
657 2835 713 2903 αῦ-
754 2835 833 2922 ῆγῆ,
846 2834 890 2919 ἐφ’
908 2834 946 2922 ῆν
954 2840 1070 2922 ἐπέβης,
1090 2837 1139 2902 σοὶ
1151 2841 1233 2902 ἔσται
1247 2840 1278 2901 ἐν
1290 2832 1362 2920 κλή-

107 2929 174 2989 τῶν.
210 2925 240 2965 ³⁰
253 2922 304 2986 καί
330 2923 444 2998 ἐγένετο
466 2917 506 2985 τὰ
526 2915 595 3008 ὅρια
612 2918 713 2984 αύτῶν
753 2947 797 3005 ρῳ
810 2923 862 2986 καὶ
873 2933 937 2996 τοῖς
949 2923 1064 2995 τέκνοις
1076 2946 1129 2986 σου
1140 2925 1179 2996 εἰς
1191 2921 1244 2984 τὸν
1254 2926 1361 2997 αἰῶνα,

107 3003 170 3072 ὰπὸ
184 3005 296 3080 Μαὰν,
323 3006 373 3068 καὶ
390 3010 477 3070 πᾶσα
492 3005 626 3110 βασιλεία
642 3011 712 3069 Βα-
753 3002 800 3069 δτι
812 3007 992 3090 πρσςετέθης
1002 3002 1249 3084 ἐπακολουθῆσαι
1261 3001 1361 3068 ὀπίσω

107 3085 174 3163 σὰν,
191 3089 241 3151 καὶ
253 3093 337 3153 πάσα
348 3089 483 3173 βασιλεία
506 3091 554 3164 Ωμ
565 3088 712 3177 βασιλέως
751 3094 853 3175 κυρίου
866 3093 922 3152 τοῦ
933 3092 1009 3152 θεοῦ
1023 3085 1110 3191 ήμῶν.
1134 3089 1163 3130 ¹⁰
1175 3090 1226 3151 καί
1240 3092 1292 3152 νῦν
1302 3088 1361 3153 διέ·

105 3177 158 3255 τῆς
180 3171 303 3247 Βασὰν,
331 3173 383 3235 καὶ
407 3170 507 3247 πάσας
532 3171 587 3246 τὰς
611 3168 712 3253 κώμας
750 3173 851 3258 θρεψέ
858 3198 892 3256 με
905 3168 1004 3257 κύριος
1016 3171 1052 3237 ὃν
1062 3167 1177 3257 τρόπον
1185 3169 1255 3236 εἷπε.
1268 3176 1360 3236 τοῦτο

104 3254 189 3341 Ἰαῒρ,
209 3260 245 3318 αἵ
253 3261 322 3321 εἰσιν
334 3258 364 3319 ἐν
376 3260 413 3346 τῆ
426 3257 619 3331 Βασανίτιδι,
642 3251 710 3340 ἱξή-
750 3252 989 3359 τεσσαρακοστὸν
1001 3258 1052 3320 καὶ
1064 3258 1202 3336 πέμπτον
1215 3256 1291 3330 ἔτος,
1305 3253 1356 3334 ἀφ’

105 3363 197 3402 κοντα
208 3333 316 3410 πόλεις.
337 3339 419 3399 31καί
433 3338 467 3401 τὸ
482 3333 567 3420 ῆμισυ
580 3343 631 3421 τῆς
644 3343 677 3400 Γ
674 3364 711 3402 α-
751 3330 786 3402 οῦ
801 3338 925 3419 ίλαλησε
934 3332 1034 3421 κύριος
1046 3335 1082 3400 τὸ
1092 3341 1171 3421 ῥῆμα
1181 3342 1273 3401 τοῦτο
1284 3337 1360 3423 πρὸς

105 3418 194 3485 λαάδ.
207 3423 258 3482 καὶ
271 3423 302 3482 ἐν
310 3416 481 3501 Ἀσταρῶθ,
492 3423 542 3482 καί
552 3423 582 3482 ίν
590 3417 712 3504 Ἑδραῒν
752 3424 903 3503 Μωυσῆν.
919 3420 970 3481 καί
983 3416 1133 3503 ἐπορεύθη
1141 3417 1266 3499 Ἰσραήλ
1279 3423 1310 3483 ίν
1323 3423 1361 3500 τῆ

105 3499 209 3574 πόλεις
220 3500 369 3586 βασιλείας
378 3497 440 3576 Ὢμ
453 3504 484 3563 ἐν
496 3506 532 3590 τῆ·
545 3505 711 3566 Βασανίτι-
746 3498 866 3587 ἐ’ρήαῳ,
889 3502 939 3564 καὶ
952 3505 1003 3563 νῦν
1016 3498 1081 3565 ἰδού
1095 3495 1154 3577 ἐμά
1167 3495 1295 3583 σήμερον
1308 3490 1361 3579 ὀμ-

105 3588 150 3660 δι,
174 3595 239 3657 τοῖς
252 3587 326 3656 υἱοῖς
339 3583 446 3666 Μαχὶρ
459 3586 532 3656 υἱοῖς
545 3589 711 3667 Μανασσῆ.
751 3568 900 3669 δοῆκσντα
917 3584 969 3649 καὶ
985 3585 1072 3648 πέντε
1086 3586 1170 3648 ἐτῶν.
1211 3585 1236 3624 ¹¹
1249 3585 1291 3646 ι”τι
1305 3586 1363 3665 είμὶ

105 3669 157 3735 καὶ
182 3677 247 3742 τοῖς
272 3662 400 3749 ῆμίσεσιν
423 3668 495 3738 υἱοῖς
513 3667 619 3749 Μαχίρ
640 3670 714 3740 υἱοῖς
754 3665 879 3752 σήμερον
898 3662 1008 3772 ίσηύων
1020 3662 1087 3742 ῶςεὶ
1099 3661 1148 3729 δ’τε
1161 3662 1320 3731 ἀπέστειλέ
1326 3693 1361 3750 με

105 3754 263 3833 Μανασσῆ
275 3748 353 3813 κατὰ
367 3745 475 3831 δήμους
489 3744 596 3811 αὐτῶν.
620 3749 650 3789 ³²
660 3739 714 3810 ού·
755 3754 899 3833 Μωυσῆς,
913 3744 1052 3824 ωςαύτως
1066 3745 1157 3835 ἱσχύω
1170 3752 1221 3814 νῦν
1233 3751 1360 3829 ἐξελθεῖν

106 3861 153 3900 τοι
166 3831 218 3909 οὓς
228 3829 501 3917 κατεκληρονόμησε
511 3835 649 3914 Μωυσῆς
658 3833 715 3894 σε’·
754 3833 805 3895 καὶ
824 3831 957 3906 ιῖςελθεῖν
973 3837 1012 3907 εἱς
1026 3831 1081 3897 τὸν
1092 3828 1232 3916 πόλεμον.
1268 3838 1296 3878 ¹²
1308 3838 1360 3901 καὶ

107 3942 162 4004 ραν
173 3922 228 3982 τοῦ
238 3911 392 4001 Ἰορδάνου
405 3919 437 3979 ἐν
450 3914 596 4000 Ἀραβῶθ
608 3910 715 3999 Μωὰβ
754 3919 807 3979 νῦν
818 3918 963 3994 αἰτοῦμαί
978 3941 1010 3979 σε
1028 3913 1065 3979 τὸ
1078 3913 1150 4000 ὅρος
1167 3921 1260 3983 τοῦτο
1272 3920 1359 3986 καθὰ

107 4006 137 4066 ίν
156 4006 201 4087 τῷ
217 4004 313 4083 πέραν
325 4003 382 4064 τοῦ
395 3997 547 4084 Ἰορδάνου
565 4003 620 4062 τοῦ
632 3997 711 4063 κατὰ
751 3998 813 4064 εἶπε
837 3993 935 4084 κύριος
952 4001 992 4089 τῇ
1009 3993 1103 4085 ῆμέρᾳ
1122 4002 1230 4095 ἐκείνη,
1255 4000 1301 4069 ὅτι
1320 4002 1357 4071 σύ

104 4080 214 4169 Ἰεριχῶ
227 4081 278 4148 ἄπ’
293 4081 457 4147 ἀνατολῶν.
751 4079 883 4167 ὰκήκοας
900 4081 936 4146 τὸ
955 4086 1034 4166 ῥῆμα
1051 4088 1143 4149 τοῦτο
1161 4087 1192 4148 ἐν
1208 4091 1247 4169 τῆ
1264 4084 1357 4172 ῆμέρη

289 4172 323 4229 K
335 4172 364 4228 Ε
377 4171 415 4228 (1).
459 4171 526 4230 M.
751 4171 852 4272 ἐκείνη.
878 4169 932 4232 νῦν
942 4166 974 4232 δὲ
988 4164 1148 4253 οἱἚνακὶμ
1161 4160 1284 4235 ε’κεῖεῖσι
1297 4168 1357 4235 πό-

109 4216 192 4314 Καί
216 4241 301 4314 οῦτοι
319 4253 350 4313 οἱ
366 4248 710 4333 κατακληρονομησαντες
750 4251 807 4326 λεις
826 4252 932 4337 οχυραὶ
948 4248 1140 4334 καὶμεμάλαι.
1168 4250 1220 4316 ἐὰν
1237 4243 1292 4317 σύν
1305 4250 1357 4324 κύ,-

111 4336 181 4397 υἱῶν
194 4330 316 4418 Ἰσραήλ
334 4336 364 4396 ἐν
381 4337 417 4424 τῆ
435 4338 474 4424 μῆ
494 4333 641 4406 Χαναὰν,
667 4334 711 4407 οἷς
751 4358 812 4413 ριος
824 4334 880 4417 μετ’
898 4337 973 4417 ἐμοῦ
985 4324 1015 4417 ἦ,
1028 4329 1233 4416 ἒξολοθρεύσισ
1246 4333 1358 4409 αύτούς

106 4412 397 4501 κατεκληρονόμησαν
415 4413 518 4490 αύτσῖς
533 4411 709 4520 Ἐλεάζαρὸ
751 4413 785 4479 δν
797 4413 912 4500 τρόπον
924 4406 1048 4496 εἶπὲμοι
1061 4413 1168 4496 κύριος.
1206 4415 1233 4455 ¹³
1246 4419 1296 4479 καί
1309 4416 1356 4479 εύ-

103 4494 194 4581 ἱερεύς
205 4501 257 4566 καὶ
265 4496 380 4580 Ἰησοῦς
393 4494 410 4561 ὁ
424 4503 479 4563 τοῦ
491 4502 600 4580 Ναυῆ,
618 4525 667 4563 και
681 4504 710 4562 οἱ
751 4495 874 4584 λύγησεν
886 4497 979 4564 αὐτὸν
989 4497 1120 4578 Ἰησοῦς,
1133 4494 1183 4555 καὶ
1197 4494 1358 4652 ὲδωκεβΧρ.

444 4625 446 4629 .
1303 4599 1362 4655 ρων
