2924 4972
145 197 209 266 304
326 198 619 263 ΒΑΣΙΛΕΙΩΝ
642 198 820 258 ΠΡΩΤΗ
860 195 1208 276 Κεφ.ιιη’.κθ’.98.29.

143 323 249 390 Δαυίδ.
288 323 317 364 ¹⁸
331 317 407 386 διότι
429 317 485 385 σῦκ
503 316 636 403 ῆκουσας
655 321 756 400 φωνῆς
787 315 841 402 ούχ
867 314 976 402 εῦρηκα
1000 318 1032 380 ἐν
1057 312 1141 397 αύτῷ
1170 313 1263 380 οῦθίν
1287 315 1338 398 ἀφ’
1360 344 1394 402 ης

144 410 262 491 κυρίου,
288 406 341 470 καί
358 401 414 468 οῦκ
434 405 577 484 ἐποίησας
589 397 687 482 θυμὸν
701 397 755 484 ὀρ-
788 397 897 502 ῆμίρας
916 401 1029 463 ἐνέπεσε
1045 393 1124 484 πρὸς
1140 395 1176 479 μδ
1193 400 1245 462 καί
1262 404 1318 474 ἕως
1341 409 1395 487 τῆς

143 494 196 573 γῆς
209 485 307 553 αὐτοῦ
319 489 350 553 ἐν
362 484 511 570 Ἀμαλῆκ)
537 480 587 548 διά
605 487 699 547 τοῦτο
718 479 754 545 τὸ
788 485 896 568 ημίρας
908 478 1026 564 ταύτης.
1045 480 1062 522 ⁴
1074 481 1126 545 καὶ
1137 475 1333 564 ἐλυπήθησαν
1346 482 1390 550 ἐπ’

145 577 226 660 ῥῆμα
245 573 365 654 ἐποίησε
383 564 484 654 κύριός
501 592 546 633 σοι
561 570 592 630 ἐν
605 569 643 657 τῆ
661 562 755 649 ῆμέρρ
787 564 869 630 αάτῶ
896 569 927 629 σί
943 565 1107 650 στρατηγοί
1121 566 1183 629 τῶν
1199 561 1394 646 ἀλλοφύλων,

145 651 251 735 ταύτη.
289 654 318 696 ¹⁹
331 653 383 718 καί
400 646 575 736 παραδιύσει
588 643 689 751 κύριος
701 645 755 711 τὸν
786 649 837 712 καί
853 630 987 726 λέγουσιν
1005 644 1098 728 αύτῷ.
1125 641 1324 731 ἀπόστρεφον
1341 647 1394 713 τὸν

142 728 266 824 Ἰσράῆλ
281 733 356 817 μετὰ
374 739 431 799 σοῦ
450 738 487 809 είς
506 744 603 817 χεῖρας
621 725 755 812 αλλοφύ-
787 729 897 816 ἀνδρα,
922 733 974 795 καὶ
990 725 1214 813 ἀποστραφῆτω
1227 734 1266 804 εἰς
1278 728 1332 796 τὸν
1342 728 1394 798 τό·

145 821 226 894 λων,
247 820 298 883 καί
322 815 426 903 αῦριον
450 813 487 880 σύ
500 815 553 879 καὶ
570 817 601 878 οἱ
620 818 682 879 υἱοί
698 839 755 878 σου
785 838 846 879 πσν
857 810 965 887 αὐτοῦ,
977 804 1014 877 ού
1029 816 1211 894 κατέστησας
1224 811 1315 878 αὐτὸν
1325 819 1394 892 ἐκεῖ,

144 899 219 987 μετά
238 903 294 967 σοῦ
313 904 487 975 πεσοῦνται,
512 899 564 962 καὶ
575 893 629 980 τῆν
641 921 755 981 παρεμ-
786 898 838 960 καί
848 892 887 978 μῆ
899 897 1035 980 ἐρχέσθω
1046 892 1112 976 μεθ’
1125 889 1208 979 ῆμιῦν
1220 899 1260 970 είς
1271 898 1324 963 τὸν
1333 896 1394 964 πύ-

144 981 237 1073 βολῆν
250 981 372 1070 Ἰσραῆλ
387 978 474 1048 δύσει
491 975 591 1065 κύριος
603 984 643 1054 είς
658 990 755 1082 ῆείρας
786 978 890 1062 λεμον,
911 979 964 1042 καί
974 973 1015 1060 μῆ
1027 979 1157 1054 γινέσθω
1170 979 1329 1127 ἐπῆλρρλος
1341 986 1394 1064 τῆς

147 1061 335 1148 ἀλλοφύλων.
354 1067 443 1130 20καί
455 1067 576 1129 ἔσπευσε
587 1062 692 1127 Σαουλ
704 1062 755 1126 καί
786 1062 981 1147 παρεμβολῆς.
996 1062 1048 1124 καί
1059 1063 1090 1125 ἐν
1102 1066 1157 1125 τίνι
1167 1061 1216 1126 δια
1273 1060 1393 1148 γῆσεται

147 1155 248 1217 ἔπεσεν
260 1145 388 1232 ἑστηκώς
401 1149 451 1212 ἐπὶ
462 1140 516 1232 τῆν
527 1151 583 1231 γῆν
588 1195 598 1223 ,
617 1145 669 1211 καί
682 1148 756 1226 ἐφο-
789 1135 879 1220 οῦτος
896 1147 941 1226 τῷ
961 1150 1053 1229 κυρίῳ
1069 1142 1181 1222 αάτοῦς
1203 1144 1269 1229 οὐχί
1285 1150 1316 1211 ἐν
1328 1158 1395 1222 ταῖς

146 1231 228 1318 βῆθη
254 1227 371 1318 σφόδρα
396 1227 459 1295 ἀπὸ
486 1234 549 1295 τῶν
573 1226 670 1306 λόγων
689 1234 757 1292 Σα-
788 1227 929 1306 κεφαλαῖς
945 1231 1006 1291 τῶν
1024 1225 1141 1311 ἀνδρῶν
1153 1228 1285 1306 ἐκείνου,-
1311 1227 1395 1314 6οὐχ

146 1312 257 1399 μουῆλ,
284 1317 336 1381 καί
349 1316 381 1378 ἐν
394 1311 481 1397 αύτῷ
493 1311 548 1377 οῦκ
560 1300 596 1396 ῆν
610 1307 690 1414 λοηύς
703 1313 756 1387 ἔτι,
788 1301 876 1386 οῦτος
895 1311 1004 1387 Δαυίδ,
1030 1300 1056 1395 ᾧ
1081 1313 1204 1396 ἐξῆρχον
1228 1314 1260 1375 ἐν
1282 1323 1395 1398 χοροῖς,

148 1396 202 1466 οῦκ
214 1397 274 1483 γὰρ
293 1401 402 1478 ἔφαγεν
418 1394 511 1482 ἀρτον
527 1391 600 1479 ὅλην
615 1418 669 1477 την
685 1389 757 1479 ῆμέ-
788 1393 933 1471 λέγοντες,
959 1388 1086 1469 ε’πυίτοξε
1098 1393 1206 1459 Σαούλ
1223 1397 1254 1458 ἕν
1271 1391 1395 1479 χιλιάσιν

148 1505 204 1569 ραν
216 1485 267 1545 καί
279 1475 351 1564 ἀλην
363 1475 418 1563 τῆν
430 1477 523 1544 νύκτα
536 1482 654 1561 ἐκείνην.
670 1479 697 1518 ²¹
706 1478 758 1542 καί
789 1474 893 1552 αῦτοῦ,
916 1477 968 1542 καλ
980 1478 1077 1542 Δαυὶδ
1087 1479 1119 1540 ἐν
1129 1472 1266 1562 μυριάσιν
1283 1477 1394 1557 αὐτοῦς

147 1566 279 1650 είςῆλθεν
292 1559 310 1647 ῆ
322 1559 394 1646 γυνῆ
406 1588 430 1626 π
450 1561 484 1637 ὸς
496 1561 610 1636 Σαούλ,
624 1561 675 1624 καί
686 1558 757 1625 είδεν
788 1559 804 1600 ⁶
816 1561 867 1624 καί
878 1555 1013 1625 ἐκάλεσεν
1024 1557 1147 1645 Ἀγχοῦς
1159 1559 1212 1626 τὸν
1224 1562 1331 1636 Δαυίδ,
1344 1564 1395 1626 καί

149 1645 196 1716 ἀτι
222 1649 343 1713 ἔσπευσε
368 1639 503 1731 σφ’,ρα,
529 1645 581 1709 καί
602 1641 664 1708 είπε
679 1640 757 1727 πρὸς
788 1640 866 1708 εἶπεν
878 1639 974 1707 αὐτοῦ.
1004 1644 1038 1736 ζῆ
1057 1649 1175 1729 κύριος,
1193 1639 1240 1708 ὅτι
1253 1642 1345 1720 εὐθύς
1357 1643 1394 1709 σύ

148 1727 249 1800 αάτόν.
275 1726 340 1795 ἰδοῦ
358 1726 395 1812 δίη
414 1727 538 1812 ῆκουσεν
554 1723 573 1813 ῆ
590 1722 684 1809 δούλη
699 1752 755 1792 σου
787 1727 839 1791 καί
851 1706 969 1804 ἀγαθάς
987 1728 1018 1791 ἐν
1031 1723 1203 1808 ὀφθαλμοῖς
1214 1754 1286 1810 μου,
1311 1723 1393 1810 καίῆ

147 1821 201 1900 τῆς
214 1817 314 1896 φωνῆς
327 1837 391 1889 σου,
403 1814 455 1878 καί
466 1813 577 1894 ἐθέμην
590 1809 642 1893 τῆν
655 1805 755 1894 φυχῆν
787 1806 892 1884 ἐξοδός
904 1835 961 1875 σου
973 1810 1025 1873 καί
1036 1805 1054 1891 ῆ
1064 1804 1173 1884 εἴςοδὸς
1185 1835 1241 1875 σου
1250 1808 1308 1893 μετ’
1321 1813 1393 1891 ἐμοῦ

146 1924 206 1984 μου
219 1901 251 1962 ἐν
262 1901 299 1988 τῆ
313 1920 354 1981 χει
375 1900 387 1960 ί
399 1920 474 1975 μου,
493 1895 545 1959 καί
556 1890 672 1975 ῆκουσα
685 1899 755 1967 τοὺς
786 1893 816 1956 ἐν
827 1897 866 1997 τῆ
878 1891 1067 1984 παρεμβολῇ,
1092 1893 1144 1957 καί
1159 1889 1204 1964 ὅτι
1217 1892 1271 1977 οὐχ
1283 1893 1394 1997 εύρηκα

147 1976 255 2060 λόγους
270 1974 322 2054 οῦς
384 1971 484 2062 ἠσάς
500 2003 560 2060 μοι.
598 1977 691 2040 22καί
703 1979 756 2042 νῦν
786 2000 865 2040 κατα
882 1980 939 2041 σοῦ
955 1981 1063 2040 κακίαν
1080 1973 1131 2057 ἀφ’
1146 1967 1180 2059 ῆς
1197 1972 1394 2081 ῆμέραςῆκεις

147 2063 280 2129 ἀκουσσν
305 2059 342 2145 δῆ
367 2064 467 2144 φωνῆς
489 2063 541 2143 τῆς
566 2053 672 2143 δούλης
690 2085 756 2135 σου,
785 2057 863 2144 πρὸς
874 2057 911 2142 μὲ
923 2063 979 2133 ἕως
991 2063 1043 2142 τῆς
1055 2053 1183 2144 σῆμερον
1196 2062 1324 2145 ημίρας,
1341 2062 1394 2124 καί

147 2149 200 2212 καί
223 2139 399 2231 παραθῆσσο
422 2137 550 2209 ε’νιύπιόν
573 2168 628 2208 σου
644 2139 755 2226 ψωμὸν
786 2139 996 2225 ἐνάφθαλμοῖς
1006 2144 1067 2207 τῶν
1076 2147 1241 2227 σατραπῶν
1253 2141 1308 2209 οῦκ
1316 2141 1395 2221 ἀγα-

148 2227 243 2315 ἀρτου
261 2230 313 2293 καί
331 2223 423 2309 φύγε,
446 2227 499 2291 καί
511 2228 595 2292 ἔσται
609 2228 660 2292 σοὶ
673 2223 754 2310 ἰσχῦς
785 2221 845 2301 θός
858 2220 906 2290 σύ.
933 2226 1011 2290 7καί
1030 2228 1081 2290 νῦν
1098 2221 1259 2312 ἀνάστρεφε
1271 2228 1323 2291 καί
1333 2253 1394 2291 πσ-

148 2308 196 2375 ἀτι
212 2306 324 2404 πορεύη
343 2312 373 2373 ἐν
388 2307 459 2394 ὁδῷ.
484 2310 514 2351 ²³
527 2311 579 2375 καί
595 2306 651 2374 σῦκ
668 2313 755 2394 ἐβου-
786 2302 873 2394 ρεύου
886 2312 925 2384 είς
938 2302 1067 2412 ελρῆνην,
1093 2310 1145 2373 καί
1160 2306 1198 2373 ού
1213 2307 1253 2393 μῆ
1265 2305 1392 2400 ποιῆσης

148 2389 228 2478 λῆθη
242 2403 354 2475 φαγεῖν.
374 2395 426 2458 καί
436 2389 649 2498 παρεβιάζοντο
662 2389 755 2456 αὐτὸν
785 2396 891 2456 κακίαν
915 2393 946 2456 ἐν
962 2391 1135 2475 σφθαλμοῖς
1151 2397 1213 2459 τῶν
1231 2417 1287 2458 σατ
1306 2399 1394 2457 απῶν

148 2482 178 2544 οἶ
189 2477 292 2553 παῖδες
304 2475 406 2543 αῦτοῦ
415 2476 467 2543 καί
479 2505 498 2561 η
509 2475 592 2561 γυνῆ,
604 2476 657 2542 καί
668 2473 755 2559 ῆκου·
786 2478 846 2540 τῶν
856 2464 1044 2556 ἀλλοφύλων.
1056 2475 1130 2541 8καί
1138 2473 1199 2540 είπε
1208 2417 1306 2541 Δαυλά
1315 2475 1394 2582 πρὸς

149 2588 180 2627 σε
192 2566 245 2646 τῆς
259 2565 358 2646 φωνῆς
371 2558 486 2636 αὐτῶν,
502 2562 555 2625 καί
566 2560 677 2643 ἀνίστη
690 2557 753 2625 ἀπὸ
779 2555 910 2643 Ἀγχοῦς.
934 2563 966 2623 τί
976 2553 1125 2642 πεποίηκύ
1138 2585 1187 2625 σοι
1199 2563 1250 2626 καί
1267 2565 1299 2625 τί
1314 2585 1392 2646 ευρες

147 2650 200 2728 τῆς
210 2649 279 2729 γῆς,
297 2646 349 2710 καὶ
361 2639 500 2708 ε’κάθισεν
512 2646 562 2709 ἐπὶ
574 2640 626 2708 τάν
638 2644 753 2728 δίφρον.
785 2645 817 2706 ἐν
836 2645 880 2724 τῷ
896 2636 996 2725 δούλῳ
1009 2667 1063 2708 σου
1083 2638 1133 2721 ἀφ’
1150 2632 1185 2726 ἧς
1197 2640 1305 2747 ῆμέρας
1318 2641 1395 2749 ῆμηυ

147 2727 178 2769 ²⁴
192 2730 243 2792 καί
255 2729 293 2819 τῆ
304 2728 421 2804 γυναικί
433 2713 470 2808 ῆν
483 2721 606 2806 δάμαλις
617 2725 710 2807 νομάς
722 2728 754 2789 ἐν
786 2719 912 2789 ίνάνιτιόν
924 2751 981 2791 σου
998 2726 1049 2790 καί
1063 2729 1117 2800 ἕως
1129 2729 1182 2809 τῆς
1194 2730 1304 2811 ημίρας
1317 2750 1392 2793 ταυ-

145 2814 184 2901 τῆ
197 2813 294 2890 σῖκίφ,
319 2808 371 2871 καί
381 2810 500 2872 ἔσπευσε
512 2810 563 2872 καί
580 2811 686 2873 ἔθυσεν
697 2804 754 2871 αῦ-
784 2831 851 2890 της,
876 2801 923 2872 ὅτι
935 2805 971 2872 σύ
986 2805 1027 2892 μῆ
1041 2806 1128 2873 ἐλιθιο
1140 2806 1311 2892 πσλεμῆσας
1322 2810 1394 2886 τούς

145 2892 208 2976 τῆν.
234 2892 286 2955 καί
303 2890 410 2976 ἔλαβεν
426 2888 536 2975 ἄλευρα
553 2892 603 2954 καί
615 2886 755 2976 ἐφύρασε,
785 2887 910 2976 ἐχθρούς
920 2894 976 2956 τοῦ
986 2897 1090 2977 κυρίου
1099 2915 1157 2973 μου
1165 2896 1221 2956 τοῦ
1229 2891 1375 2978 βασιλέως
1379 2922 1393 2970 ;

145 2978 197 3040 καί
208 2976 318 3058 ίπεψεν
333 2971 445 3056 ἀζυμα,
468 2975 497 3016 ²⁵
508 2973 560 3037 καί
571 2968 753 3059 προςῆγαγεν
785 2974 865 3039 9καί
887 2971 1038 3060 ἀπεκρίθη
1058 2971 1177 3059 Ἀγχοῦς
1193 2975 1268 3062 πρὸς
1286 2977 1391 3041 Δαυίδ.

145 3053 272 3122 ἒνιύπιον
282 3055 397 3131 Σαούλ,
407 3055 460 3121 καί
470 3051 597 3121 ἐνώπιον
608 3060 669 3122 τῶν
680 3063 753 3123 παί-
786 3047 854 3122 σίδα
868 3052 915 3142 ὅτι
927 3056 1046 3134 ἀγαθὸς
1055 3055 1091 3123 σύ
1103 3061 1133 3122 ἐν
1143 3056 1314 3144 ὀφθαλμοῖς
1323 3086 1392 3142 μου,

144 3141 206 3204 δων
219 3135 325 3202 αὐτοῦ.
339 3139 391 3204 καί
402 3141 515 3219 ἔφαγον
525 3139 576 3204 καί
586 3136 753 3227 ἀνέστησαν
785 3137 850 3206 ἀλλ’
865 3143 897 3205 ολ
909 3136 1064 3246 σατράπαι
1075 3147 1135 3206 τῶν
1145 3139 1326 3223 ἀλλοφύλων
1340 3144 1391 3208 λε’-

144 3223 196 3287 καί
208 3219 351 3305 ἀπῆλθον
363 3219 418 3304 τῆν
430 3217 522 3287 νύκτα
535 3225 654 3310 ἐκείνην.
783 3246 892 3302 γουσιν,
905 3221 959 3309 οῦχ
969 3223 1026 3307 η’ξει
1035 3223 1100 3308 μεθ’
1113 3221 1194 3309 ῆμων
1202 3230 1242 3299 είς
1250 3222 1390 3307 πόλεμον.

323 3311 399 3371 ΚΕ
411 3310 448 3369 Φ.
492 3304 580 3371 Ko'.
782 3308 813 3350 ¹⁰
824 3308 875 3372 καί
887 3311 940 3373 νῦν
952 3307 1101 3396 ἀρθρισον
1113 3308 1236 3394 τοπρωῒ
1247 3306 1284 3375 σύ
1297 3309 1349 3373 καί
1360 3314 1392 3374 σί

143 3355 203 3455 K
198 3389 231 3456 αλ
243 3392 489 3476 συναθροίζουσιν
506 3386 674 3474 ἀλλόφυλοι
691 3387 752 3458 πά-
783 3392 887 3467 παῖδες
898 3396 953 3456 τοῦ
964 3399 1067 3477 κυρίου
1081 3418 1136 3458 σου
1147 3397 1177 3457 σί
1187 3388 1305 3477 ἥκοντες
1317 3391 1390 3476 μετὰ

145 3500 201 3550 σας
214 3470 269 3550 τάς
280 3471 473 3561 παρεμβολὰς
485 3472 587 3540 αύτιῦν
599 3480 639 3551 είς
648 3474 751 3557 Ἀφὲκ)
784 3479 856 3554 σοῦ,
882 3477 933 3541 καί
950 3472 1116 3560 πορεύεσθε
1128 3480 1168 3551 είς
1179 3476 1232 3541 τὸν
1244 3474 1340 3543 τύπον
1352 3469 1389 3542 οῦ

143 3561 195 3624 καί
217 3555 341 3644 Ἰσραῆλ
364 3557 558 3644 παρενέβαλεν
578 3561 610 3624 δν
624 3554 752 3645 Ἅενδιύρ
783 3561 951 3642 κατέστησα
970 3555 1045 3642 ῦμῦς
1062 3562 1134 3636 ἐκεῖ,
1159 3561 1210 3624 καί
1223 3555 1315 3638 λόγον
1326 3560 1404 3622 λσι-·

143 3640 199 3706 τ“ν
211 3645 243 3706 ίν
252 3640 386 3725 Ἰιζραίλ
400 3643 472 3705 2καί
484 3644 517 3705 ολ
528 3636 682 3727 σατράπαι
691 3645 753 3706 τῶν
781 3636 837 3723 μύν
848 3639 888 3746 μῆ
898 3646 958 3745 θῆς
970 3645 1002 3707 ἓν
1013 3641 1123 3728 καρδίᾳ
1136 3666 1200 3715 σου,
1211 3637 1258 3706 ὅτι
1271 3637 1389 3718 ἀγαθὸς

143 3670 323 3802 ἀλλοφύλων
347 3749 393 3788 πα
413 3721 591 3808 επορεύοντσ
616 3727 656 3800 ελς
680 3726 751 3789 ἑκα-
783 3722 958 3791 σύένωπιον
969 3751 1027 3808 μου
1033 3768 1044 3799 ,
1067 3724 1119 3787 καί
1131 3720 1387 3810 ὀρθρίσατείντῇ

143 3799 291 3878 τοντάδας
303 3807 355 3869 καί
369 3748 513 3890 χιλιάδας,
526 3808 578 3872 καὶ
589 3807 689 3873 Δαυίδ
699 3809 751 3874 καί
782 3803 845 3890 ὁδῷ
858 3809 909 3872 καί
920 3803 1082 3889 φωτισάτισ
1096 3802 1163 3887 ύμῖν
1174 3807 1226 3871 καί
1234 3797 1386 3888 πορεύθη-

144 3891 175 3952 οί
199 3883 301 3971 ἀνδρες
324 3886 420 3955 αάτοῦ
441 3885 685 3976 παρεπορεύοντο
703 3887 747 3955 ἐπ’
781 3912 822 3951 τε.
839 3891 926 3954 11καὶ
937 3886 1069 3971 ὤρθρισε
1082 3889 1181 3952 Δαυίδ
1192 3883 1283 3960 αὐτὸς
1295 3885 1384 3951 καλοί

143 3964 276 4053 ἐσχάτων
286 3968 409 4052 μετάἈ
442 3977 504 4047 οῦς.
530 3973 609 4037 3καί
623 3968 751 4036 είπονολ
781 3967 884 4055 ἀνδρες
902 3967 998 4034 αῦτοῦ
1014 3967 1155 4035 ἀπελθεῖν
1167 3971 1218 4033 καί
1231 3963 1389 4049 φυλάσσου

143 4046 301 4137 σατράπαι
324 4056 386 4118 τῶν
411 4080 433 4119 α
490 4049 599 4135 φύλων.
624 4058 699 4126 τίνες
719 4055 751 4115 σί
780 4048 835 4133 τῆν
845 4057 901 4136 γῆν
912 4056 974 4116 τῶν
985 4047 1175 4132 ἀλλοφύλων,
1187 4052 1239 4115 καί
1253 4056 1284 4115 οἱ
1296 4048 1388 4118 ἀλλό-

142 4128 384 4222 διαπορευόμενοι
400 4128 503 4214 οὔσαις
529 4130 749 4212 καλείπενἍγ-
780 4133 869 4216 φυλοι
880 4132 1027 4222 ἀνέβησαν
1038 4135 1174 4218 πολεμεῖν
1186 4136 1237 4200 ἐπί
1247 4132 1386 4221 Ἰεζραῆλ.

159 4221 213 4293 οῦς
232 4212 309 4302 πρὸς
325 4214 397 4294 τοῦς
416 4215 600 4304 στρατηγούς
615 4220 677 4282 τιῦν
694 4215 746 4283 ἀλ
971 4225 1006 4282 Κ
1016 4224 1096 4283 ΕΦ.
1139 4214 1195 4283 A'.

140 4244 290 4383 λοφύλων.
316 4296 370 4384 σύγ
388 4292 480 4375 οὗτος
493 4301 590 4366 Δαυίδ
607 4295 624 4365 ὁ
643 4301 748 4378 δοῦλος
778 4268 862 4370 Καὶ
878 4299 1004 4388 ἐγενῆθη
1021 4299 1204 4379 είςελθόντος
1222 4304 1320 4369 Δαυίδ
1336 4307 1387 4369 καί

139 4380 245 4450 Σαούλ
255 4377 545 4486 βασιλίυςἸσραῆλς
564 4387 669 4464 γέγονε
678 4383 743 4468 μεθ’
779 4391 840 4452 τῶν
863 4384 980 4473 ἀνδρῶν
1004 4383 1102 4453 αῦτοῦ
1127 4384 1181 4470 τῆν
1199 4387 1329 4452 Σεκιλάκ
1348 4393 1387 4478 τῆ

139 4466 222 4555 ῆμῶν
236 4466 343 4558 ἡμέρας
355 4474 447 4567 τοῦτο
460 4468 595 4553 δευτερον
607 4470 683 4548 ἔτος,
696 4471 748 4536 καί
779 4468 874 4562 ῆμίρρ
886 4476 924 4565 τῆ
938 4476 1034 4562 τρίτη,
1052 4473 1103 4540 καί
1113 4467 1247 4559 Ἀμαλῆκ
1260 4474 1387 4578 ίπεθρνρ

1339 4579 1387 4619 επι
