2924 4972
447 240 579 305 του
626 244 698 319 ι’...
712 238 769 304 ιι.
783 231 842 326 ιγ’.
854 239 906 305 31.
919 239 962 305 ον
1230 241 1338 345 ...⁵4⁶2

89 355 195 439 ἀνδρὸς
205 366 339 433 γυναῖκα.
353 357 447 438 22πῦρ
460 352 518 439 γάρ
532 358 595 419 ἐστι
607 349 693 418 καιό-
727 353 875 430 ἀκουσίως
896 358 1015 439 ἔκρυψα
1032 352 1086 436 τήν
1101 350 1250 438 ἁμαρτίαν
1267 379 1336 437 μου,

87 464 170 520 μενον
181 441 232 502 ἐπὶ
243 435 366 503 πάντων
374 443 435 501 τῶν
445 444 550 522 μερῶν,
565 431 602 503 οῦ
614 435 642 501 δ’
656 436 694 501 ἀν
728 439 759 479 ³⁴
772 436 808 502 οῦ
821 438 880 522 γὰρ
893 438 1049 520 διετράπην
1060 436 1244 521 πολυοχλίαν
1256 436 1336 521 πλη-

90 522 203 614 ίπελθη
215 525 247 586 ἐκ
258 525 345 607 ῥιζῶν
357 516 518 586 ἀπώλεσεν.
533 517 631 585 0οἐίδὲ
644 523 696 585 καί
727 530 819 596 θους,
844 526 900 586 τοῦ
924 519 965 604 μή
990 523 1182 605 ἐξαγορεῦσαι
1208 516 1336 584 ἐνῶπιον

90 603 233 686 ἐφαάλισα
246 613 336 689 κρίμα
349 599 536 710 θχράποχτός
543 631 600 686 μου
609 601 632 705 ή
642 613 696 708 θε-
728 602 839 668 αάτῶν.
848 608 883 704 ἐί
892 604 924 668 δὲ
937 605 987 668 καί
999 605 1082 703 εἴασα
1096 599 1245 703 ἀδύνατον
1250 605 1337 729 8ἐξελ-

87 711 695 855 ίὶλῗῖήῗ.ἷῗήίλμίλῗίεῖλῦήλρῗίηῗ
727 685 1338 854 3⁹32fflnfflo'iffssfflffffssvpsw‘l‘z

88 879 136 917 ται
145 850 163 919 ὁ
173 853 289 938 κύριος,
303 854 399 920 ἐὰνδὲ
411 855 463 918 καί
475 849 693 936 ίπισκοπήντι-
726 835 766 936 μή
781 853 946 929 ἐδεδοίκειν,
971 852 1148 936 συγγραφήν
1161 853 1192 917 δὲ
1211 848 1246 935 ἣν
1258 851 1336 936 εἶχον

88 961 133 1010 να,
152 933 309 1022 ἀπόκρισιν
319 934 485 1021 ποιήσομαι
491 967 503 1014 ,·
528 939 555 979 ¹⁵
568 931 696 1020 πότερον
728 931 807 1001 κατά
817 961 905 1014 τινος,
923 937 955 978 00
966 933 1011 1000 ἐπ’
1027 936 1117 1016 ῶμοις
1129 934 1167 1000 ἀν
1178 939 1337 1019 περιθέμε-

88 1017 142 1104 οῦχ
151 1017 192 1094 ῶς
201 1023 252 1084 καὶ
261 1020 319 1097 ἐγώ
328 1016 463 1104 ἐγενόμην
473 1024 505 1085 ἐν
514 1020 634 1103 γαστρί,
644 1021 695 1082 καί
728 1043 776 1093 νος
787 1022 933 1100 στέφανον
945 1016 1152 1095 ἀνεγίνωσκον,
1166 1020 1252 1083 32καί
1261 1023 1286 1081 εί
1294 1019 1336 1100 μή

89 1105 189 1166 ἐκείνοι
207 1099 360 1180 γεγάνασι,·
386 1099 543 1185 γεγόναμεν
558 1103 592 1167 δὲ
609 1105 694 1207 ἐντχ)
728 1099 819 1188 ῥήξας
836 1100 932 1185 αὐτήν
944 1100 1103 1175 ἀπέδωκα,
1130 1099 1224 1167 οῦθὲν
1236 1101 1339 1186 λαβὼν

90 1182 166 1274 αὐτῇ
181 1186 286 1267 κοιλίᾳ.
311 1187 339 1229 20
351 1181 494 1250 ἀδύνατοι
504 1185 537 1250 δὲ
547 1189 646 1270 χρείαν
658 1209 694 1287 ην
728 1184 815 1269 παρά
826 1184 1046 1270 χρεωςειλέτου.
1059 1186 1121 1248 0οεί
1130 1182 1175 1249 ἐπ’
1188 1189 1255 1265 ἐμοί
1261 1209 1337 1250 ποτε

89 1290 164 1330 ποτε
177 1265 253 1350 εἶχον
262 1265 318 1331 οῦκ
331 1265 487 1352 ἀπέτυχον,
488 1264 630 1395 7χήραςδὲ
640 1292 694 1333 τον
729 1265 801 1352 ήγῆ
817 1271 983 1345 ἐστέναξεν,
1009 1274 1034 1332 εί
1051 1266 1148 1333 δὲκαὶ
1166 1271 1198 1331 οί
1210 1267 1337 1342 αῦλακες

89 1347 253 1430 ὀφθαλμὸν
266 1348 320 1415 σῦκ
330 1353 460 1434 ἐξίτηξα.
474 1355 486 1393 ¹
505 1357 531 1417 εί
541 1351 574 1417 δὲ
582 1353 632 1416 καί
641 1350 695 1416 τὸν
728 1350 822 1434 αὐτῆς
834 1351 981 1417 ὲίιλαυσαν
993 1347 1196 1433 ὁμοθυμαδόν.
1223 1351 1253 1392 ³⁹
1267 1355 1292 1413 εί
1302 1351 1338 1415 δὲ

88 1429 197 1514 ψωμόν
220 1458 280 1516 μου
302 1436 413 1514 ἔφαγον
428 1429 533 1516 μόνος,
558 1436 611 1500 καί
628 1432 694 1537 οὐχί
728 1436 781 1499 καί
804 1433 859 1518 τήν
883 1433 965 1519 ίσχῦν
990 1434 1082 1516 αὐτῆς
1110 1437 1224 1513 ἔψαγσν
1248 1427 1338 1516 μόνος

88 1515 213 1600 ὀρφανῷ
225 1518 384 1598 μετέδωκα.
410 1517 439 1562 00
450 1515 498 1583 ὅτι
511 1521 544 1583 ἐκ
556 1513 695 1600 νεότητος
728 1517 796 1583 ἀνευ
807 1522 900 1601 τιμῆς,
913 1522 938 1582 εί
949 1518 982 1582 δι’
994 1521 1044 1583 καί
1059 1518 1158 1600 ψυχήν
1170 1524 1272 1601 κυρίου
1284 1520 1337 1600 τῆς

86 1626 145 1681 μου
159 1602 314 1684 ἕξέτρειγσν
331 1598 500 1686 ῶςπατήρ,
525 1605 576 1667 καί
589 1603 623 1664 ἐν
635 1627 692 1678 γα·
727 1606 781 1684 γῆς
883 1596 1084 1683 ῶνέλάπησα.
1110 1600 1142 1642 ⁴⁰
1157 1597 1225 1664 ἀντί
1238 1603 1337 1683 πυροῦ

87 1685 175 1765 ατρὸς
190 1680 299 1766 μητρός
316 1709 375 1767 μου
393 1681 542 1768 ῶδήγησα.
581 1683 693 1750 22είδὶ
728 1683 840 1786 ἀραέξ
875 1695 929 1748 θοι
947 1710 998 1766 μοι
1016 1688 1112 1767 κνίδη,
1138 1681 1206 1748 ἀντί
1222 1682 1253 1747 δὲ
1272 1708 1336 1767 κρι-

86 1769 137 1829 καὶ
161 1765 312 1867 ὑπερεῖδον
342 1769 455 1870 γυμχὸχ
479 1761 693 1869 ἀπολλύμενον,
727 1771 898 1853 θήςβατος

86 1851 136 1913 καί
154 1874 209 1913 ουκ
226 1848 362 1932 ήμψίασα
378 1875 479 1916 αυτον.
505 1852 537 1895 20
549 1848 693 1916 ἀδυνατοι
905 1856 940 1914 Κ
951 1857 981 1914 Ε
994 1855 1032 1914 Φ.
1076 1848 1168 1915 ΛΒ’.

86 1933 119 1996 δὲ
133 1937 157 1996 εἰ
168 1930 206 2016 μή
220 1929 384 2017 εῦλόγησάν
394 1959 442 2017 με,
461 1932 524 1998 ἀπὸ
537 1934 574 2038 δὲ
582 1939 693 2040 κουράς
727 1901 812 1999 Καὶ
836 1929 991 2033 ἐπαίσατο
1014 1932 1085 2019 Ἰῶβ
1100 1928 1234 2082 ῥήμασιχ.
1261 1932 1336 2040 {1⁰33-

87 2014 186 2096 ἀμνῶν
197 2043 253 2097 μου
266 2019 494 2100 ἐθερμάνθησαν
506 2021 538 2082 οἱ
548 2044 626 2099 ωμοι
635 2043 692 2081 αυ-
726 2017 867 2122 χασανδε
885 2020 935 2080 καὶ
949 2021 980 2080 οί
993 2028 1109 2120 τρεῐςψ
1141 2044 1170 2082 οι
1184 2022 1279 2082 αυτοῦ
1293 2042 1336 2082 ετι

85 2103 156 2162 τῶν.
182 2103 210 2142 ²¹
221 2104 246 2163 εί
258 2101 316 2192 ἐπῇ
336 2127 357 2165 α
375 2099 500 2184 ὀρφανῷ
516 2110 613 2185 χεῖρα,
637 2125 691 2165 ττι-
727 2112 870 2166 αντειπείν
887 2099 973 2186 Ἰὼβ,
1000 2126 1036 2183 ην
1052 2100 1111 2182 γάρ
1134 2099 1206 2248 Ἰὼβ
1223 2102 1336 2176 δίκαιος

86 2184 205 2256 πσιθῶς
222 2178 268 2247 ὅτι
279 2127 376 2266 πολλή
375 2210 439 2287 you
457 2177 585 2271 βοήθεια
596 2189 693 2288 περίε-
727 2187 858 2250 ἐναντίον
869 2181 978 2247 αὐτῶν.
998 2181 1162 2269 2ὠργίσθη
1192 2182 1336 2260 ὲἜλισίις

87 2287 156 2326 στιν.
170 2264 356 2348 22ἀποσταίη
368 2291 429 2349 αρα
443 2265 462 2331 ὁ
475 2254 692 2347 ῶμὸςμουαπό
727 2265 746 2331 ὁ
769 2273 827 2332 τοῦ
844 2266 1006 2350 Βαραχιήλ
1030 2264 1048 2330 ὁ
1066 2271 1214 2349 Βουζίτης
1232 2270 1264 2329 ἐκ
1282 2272 1336 2370 τής

87 2351 138 2427 τῆς
150 2347 269 2422 κλειδὸς,
282 2343 300 2410 ὁ
311 2348 343 2411 δὲ
354 2352 484 2432 βραχίων
493 2375 553 2451 μου
564 2347 627 2413 ἀπὸ
637 2353 693 2414 τοῦ
727 2356 891 2429 συγγενείας
904 2351 995 2431 Ῥάμ,
1020 2355 1073 2430 της
1090 2348 1254 2423 Λῦσίτιδος
1275 2374 1336 2431 χω-

88 2427 220 2504 ἀγκῶνος
232 2433 404 2515 συντριβείη.
421 2431 554 2516 2οψοβος
566 2433 625 2516 γάρ
638 2458 692 2497 κυ-
727 2460 789 2537 ρας.
800 2431 938 2519 ὠργίσθη
947 2434 1033 2516 δὲτηῦ
1040 2429 1113 2517 Ἰῶβ
1121 2432 1249 2516 σφόδρα,
1256 2428 1335 2496 διότι

87 2516 154 2592 ρίου
181 2515 296 2595 συνέσχε
314 2537 363 2593 με,
389 2511 452 2577 ἀπὸ
471 2519 527 2577 τοῦ
543 2510 692 2597 λήμματος
727 2520 874 2600 ἀπέφηνεν
895 2515 1003 2581 ἑαυτὸν
1015 2518 1127 2579 δίκαιον
1139 2517 1270 2578 ἐναντίον
1283 2541 1335 2578 κυ-

87 2592 187 2658 αῦτοῦ
204 2592 257 2679 οὐχ
276 2594 401 2661 ῦποίσω.
428 2595 460 2638 ²⁴
473 2601 499 2660 εἰ
515 2599 606 2674 ἔταξα
622 2623 692 2683 χρυ·
728 2608 802 2686 ρίου.
828 2602 906 2665 οκαί
918 2600 997 2664 κατὰ
1013 2604 1074 2663 τῶν
1092 2602 1181 2682 τριῶν
1194 2596 1226 2661 δὲ
1239 2596 1336 2677 φίλων

87 2682 155 2742 σίον
167 2683 206 2754 είς
216 2683 287 2762 χοῦν
297 2704 369 2759 μου,
395 2684 421 2744 εί
432 2680 465 2744 δὲ
477 2681 529 2744 καί
539 2679 621 2764 λίθῳ
632 2707 690 2746 πο-
727 2684 864 2768 ῶργίσθη
878 2680 1010 2767 σφόδρα,
1029 2677 1104 2745 διότι
1118 2679 1174 2745 οῦκ
1186 2676 1336 2764 ἠδυνήθη-

86 2761 199 2826 λυτελεῖ
213 2766 413 2847 ἐπεποίθησα,
449 2763 560 2828 2οεἰδὲ
575 2767 627 2829 καί
642 2763 689 2830 εῦ-
728 2792 784 2832 σαν
797 2763 997 2851 ἀποκριθῆναι
1011 2763 1156 2829 ἀντίθετα
1173 2764 1260 2850 Ἰὼβ,
1285 2766 1337 2828 καί

85 2840 227 2930 ψράνθην
238 2844 354 2911 πολλοῦ
366 2841 503 2913 πλοῦτον
511 2874 562 2928 μοι
571 2851 690 2933 γενομέ-
727 2855 832 2916 ἔθεντο
847 2849 942 2913 αὐτὸν
954 2849 1025 2914 εἶναι
1037 2847 1136 2935 ἀσεβῆ.
1151 2847 1292 2923 ’2Ἐλιοίις
1304 2849 1336 2911 δὲ

85 2953 153 3006 νου,
179 2934 204 2993 εί
215 2929 247 2994 δὲ
259 2930 310 2993 καί
328 2927 373 2993 ἐπ’
388 2927 602 3016 ἀναριθμήτοις
620 2935 689 2997 ἐθέ-
729 2931 858 3016 ὑπέμεινε
879 2933 983 2997 δοῦναι
1000 2928 1157 3018 ἀπόκρισιν
1177 2931 1262 3017 Ἰὼβ,
1289 2929 1337 2996 ῦτι

84 3038 141 3094 μην
152 3009 233 3099 χεῖρά
243 3037 313 3096 μου.
336 3015 366 3056 20
380 3012 398 3097 ή
411 3013 466 3099 οὐχ
479 3013 592 3099 ὁρῶμεν
606 3013 690 3098 ήλιον
727 3012 916 3102 πρεσβύτεροι
932 3015 1030 3080 αὐτοῦ
1043 3021 1114 3081 εἰσιν
1124 3013 1252 3099 ημέραις.
1267 3018 1337 3078 οκαί

85 3095 139 3161 τὸν
152 3094 373 3178 ἐπιψαῦοκοντα
391 3099 579 3172 ἐκλείποντα,
605 3097 692 3180 σελή-
727 3099 798 3164 εἶδεν
809 3099 939 3174 Ἐλιοὺς,
959 3096 1005 3163 ὅτι
1020 3097 1076 3163 οῦκ
1088 3103 1167 3165 ἔστιν
1180 3095 1337 3182 ἀπόκρισις

85 3203 137 3263 νην
148 3180 181 3243 δὲ
193 3187 375 3259 φθίνουσανγ
402 3178 510 3264 οὐγὰρ
525 3181 569 3247 ἐπ’
586 3179 691 3256 αὐτοῖς
727 3186 758 3247 ἐν
783 3177 908 3263 στόματι
934 3185 995 3246 τῶν
1018 3187 1108 3265 τριῶν
1126 3181 1259 3267 ἀνδρῶν,
1285 3185 1337 3246 καί

86 3264 156 3327 ἔστι.
174 3265 203 3306 ²⁷
212 3266 264 3328 καί
275 3268 300 3327 εί
312 3259 457 3348 ήπατήθη
471 3263 576 3349 λάθρα
589 3260 690 3350 ήκαρ-
728 3263 873 3368 ἐθυμώθη
886 3263 960 3349 ὀργή
974 3263 1075 3329 αὐτοῦ.
1101 3267 1117 3308 0
1131 3263 1292 3348 ὑπολαβὼν
1304 3264 1337 3328 δὲ

85 3346 136 3410 δία
153 3373 225 3428 μου,
251 3347 321 3411 εἰδὲ
337 3341 419 3431 χεῖρά
435 3373 494 3428 μου
512 3351 624 3422 ἐπιθείς
641 3350 691 3412 ἐπί
725 3346 841 3425 Ἕλιοῦς
857 3374 874 3411 ο
889 3339 948 3412 τοῦ
968 3346 1129 3430 Βαραχιήλ
1151 3345 1169 3411 ὁ
1187 3349 1337 3427 Βουζίτης

85 3424 213 3510 στόματί
236 3455 294 3510 μου
321 3429 456 3512 ἐφίλησα.
483 3432 515 3473 20
529 3433 580 3494 καί
598 3425 691 3495 τοῦτό
728 3432 815 3498 εἶπεν.
843 3427 1007 3513 2νεῶτερος
1024 3432 1077 3511 μέν
1093 3434 1148 3510 εἰμι
1164 3433 1211 3510 τῷ
1227 3423 1336 3529 χρόνῳ,

84 3537 135 3593 μοι
154 3509 215 3594 ἀρα
231 3509 339 3592 ἀνομία
356 3509 374 3596 ή
390 3519 509 3597 μεγίστη
527 3513 691 3594 λογισθείη,
730 3513 807 3596 ὑμεῖς
820 3515 853 3578 δέ
865 3518 930 3579 ἐστε
942 3508 1148 3616 πρεσβύτεροι,
1166 3510 1213 3575 διὸ
1225 3503 1337 3593 ησάχα-

85 3592 134 3659 ὅτι
160 3589 326 3677 ἐψευσάμην
351 3599 483 3661 ἐναντίον
508 3602 611 3680 κυρίου
636 3599 692 3659 τοῦ
731 3623 772 3662 σα
784 3600 925 3681 φοβηθείς
941 3602 998 3662 τοῦ
1015 3609 1081 3676 υμῖν
1093 3593 1264 3671 ἀναγγεῖλαι
1282 3590 1339 3698 τήν

86 3676 225 3760 ὑψίστου.
251 3679 282 3720 ²⁹
294 3683 320 3743 εί
336 3679 431 3744 δὲκαὶ
444 3673 690 3763 ίπιχαρήςὲγενὸ-
729 3683 857 3761 ἐμαυτοῦ
870 3676 994 3764 ἒπιστήιι
1017 3706 1039 3743 ν.
1058 3677 1152 3744 οεἷπα
1164 3677 1206 3753 δὲ,
1220 3673 1268 3742 ὅτι
1282 3703 1338 3761 ουχ

85 3784 143 3845 μην
165 3756 302 3843 πτώματι
320 3765 437 3871 ἐχθρῶν
453 3788 520 3844 μου.
545 3763 596 3824 καὶ
615 3759 693 3824 εἶπεν
730 3757 866 3845 ὁχρόνος
879 3765 959 3828 ἐστὶν
971 3709 1111 3837 δλαλῶν,
1139 3761 1292 3836 νπολλοίς
1305 3761 1335 3826 δ’

87 3842 105 3928 ή
120 3845 228 3928 καρδία
239 3870 297 3927 μου
309 3870 381 3924 ευγε.
397 3841 566 3910 0οἀκσάσαι
582 3843 643 3927 ἀρα
656 3841 692 3907 τὸ
729 3850 822 3912 ἔτεσιν
838 3847 936 3909 οἴδασι
953 3853 1071 3926 σοφίαν.
1098 3843 1205 3910 οἀλλά
1223 3840 1336 3927 πνεῦμά

87 3918 139 4000 οῦς
156 3953 215 4008 μου
232 3928 288 4011 τήν
305 3924 442 4009 κατάραν
458 3955 534 4011 μου,
560 3927 693 4012 θρυλλη-
729 3935 808 3995 ε’στιν
820 3931 850 3992 ἐν
861 3932 992 4015 βροτοῖς.
1019 3926 1099 4012 πνοή
1118 3927 1150 3993 δὲ
1163 3925 1338 4012 παντοκρά-

87 4016 173 4093 θείην
190 4010 223 4075 δὲ
235 4010 297 4095 ἀρα
311 4009 370 4077 ῦπὸ
383 4012 460 4077 λαοῦ
472 4037 530 4092 μου
548 4007 692 4094 κακοῦμε-
728 4012 818 4094 τορός
841 4015 922 4076 ἐστιν
939 4007 957 4094 ή
975 4007 1163 4077 διδάσκουσα.
1193 4013 1222 4054 ¹⁰
1235 4008 1289 4093 οὐχ
1308 4014 1338 4075 οἱ

88 4119 146 4167 νος.
161 4095 187 4136 ³¹
195 4099 220 4158 εἰ
231 4095 263 4158 δὲ
275 4099 326 4160 καὶ
337 4091 484 4168 πολλάκις
496 4093 581 4159 εἶπον
593 4099 625 4158 αί
639 4106 694 4159 θε-
729 4091 920 4181 πολυχρόνιοί
936 4098 1008 4158 είσιν
1026 4096 1132 4173 σοφοὶ,
1160 4091 1226 4158 οὐδ’
1243 4097 1273 4157 οί
1286 4096 1336 4170 γε’-

88 4172 234 4260 ράπαιναί
254 4205 329 4282 μου,
354 4184 400 4253 τίς
417 4177 453 4243 ἀν
470 4175 532 4262 δῴη
550 4176 617 4260 ήμῖν
634 4182 694 4243 τῶν
729 4205 829 4261 ροντες
841 4180 939 4244 οἴδασι
954 4183 1052 4261 κρίμα.
1066 4176 1141 4242 11διὸ
1154 4176 1234 4251 εἶπα,
1245 4171 1337 4240 ἀκοῦ-

89 4265 210 4344 σαρκῶν
227 4267 322 4327 αυτοῦ
339 4261 511 4345 πλησθῆναι
517 4291 529 4340 ,·
557 4262 624 4326 λίαν
637 4285 695 4341 μου
730 4266 804 4328 σατέ
814 4288 885 4344 μου,
911 4265 961 4326 καί
978 4261 1133 4338 ἀναγγελῶ
1148 4257 1214 4340 ὑμῖν
1226 4255 1247 4322 ἃ
1259 4257 1336 4323 οἶδα.

87 4348 218 4426 χρηστοῦ
228 4343 322 4421 ὄντος.
340 4345 371 4387 ³²
379 4347 441 4422 ἔξω
453 4345 484 4411 δι’
498 4343 555 4410 οὐκ
566 4342 694 4425 ηὐλίζετο
731 4347 908 4423 ἐνωτίζεσθέ
922 4371 979 4428 μου
999 4343 1038 4408 τά
1051 4340 1177 4429 ῥήματα.
1205 4344 1265 4425 ἐρῶ
1277 4340 1336 4422 γὰρ

89 4429 184 4502 ξένος,
211 4428 229 4512 ή
245 4427 278 4493 δὲ
299 4425 383 4512 θῦρα
397 4455 454 4511 μου
476 4431 568 4494 παντὶ
585 4420 695 4491 ἐλθόν·
732 4426 812 4511 ὑμῶν
824 4424 994 4493 ἀκουόντων
1007 4425 1089 4509 ἀχρις
1101 4415 1138 4487 οὗ
1152 4419 1274 4504 ἒτάοητε
1285 4418 1337 4485 λό-

90 4535 119 4574 τι
143 4506 286 4595 ἀνέῳκτο.
324 4514 354 4556 ³³
368 4517 393 4576 εἰ
418 4513 449 4577 δὲ
474 4512 524 4576 καί
551 4505 694 4593 ἆμαρτῶν
731 4537 817 4591 γους,
843 4514 869 4552 ¹²
883 4513 1026 4592 καὶμέχρι
1042 4500 1342 4642 ῦμιῦνσυνήσω,ριχτὶ

1317 4605 1356 4642 ου

210 4756 232 4801 ,Ἀ
