2924 4972
171 256 237 323 690
445 258 477 316 Σ
484 251 605 315 o‹1›1A
638 250 835 312 ΣΕΙΡΑΧ
879 251 956 326 Κεφ.
970 246 1005 321 ς’.
1020 245 1057 322 ζ’.
1070 245 1103 310 6.
1116 247 1146 311 7.

174 373 270 457 ἀνσμα
279 371 338 456 γάρ
349 367 481 454 πονηρὸν
490 363 632 451 αἰσχύνην
643 367 695 430 καί
706 364 779 430 ἀνει-
813 360 936 448 φανερά.
971 361 1148 429 22ἀκσυσον
1160 366 1265 428 τέκνον
1278 369 1330 430 καί
1342 366 1421 442 δέξαι

173 458 225 531 δος
239 447 462 538 κληρονομήσει,
488 447 585 523 οὕτως
604 446 778 534 ὁάμαρτοο-
812 443 932 530 γνώμην
952 470 1020 529 μου,
1047 446 1101 510 καί
1117 444 1158 529 μή
1176 445 1350 512 ἀπαναίνου
1372 446 1423 531 τήν

174 539 228 612 λδς
241 535 259 601 ὁ
272 535 445 612 δίγλωσσος.
484 530 550 615 2μή
563 528 677 620 ε’πάρης
692 555 780 597 σεαυ-
814 528 994 616 συμβουλίαν
1029 553 1096 611 μου.
1134 528 1166 571 22
1179 530 1231 593 καί
1264 534 1423 608 είςένεγκον

173 620 230 687 ’τὸν
241 622 274 684 ἐν
285 617 380 700 βουλή
393 618 490 701 ψυχῆς
504 640 573 689 σου,
586 618 635 678 ἰ’να
645 613 685 698 μή
696 615 781 699 διαρ-
814 610 885 687 τοὺς
898 610 997 686 πόδας
1013 635 1068 676 σου
1086 615 1125 684 είς
1144 610 1199 685 τὰς
1211 612 1306 687 πέδας
1319 613 1423 696 αύτής,

173 728 220 769 πα
245 706 261 720 ”
282 701 324 775 ὡς
344 688 456 785 τάῦρσς
480 695 498 781 ή
519 695 599 782 ψυχή
622 721 685 762 σου.
711 695 779 760 2τά
813 697 864 760 καί
881 697 921 768 είς
938 693 992 758 τὸν
1007 692 1110 758 κλοιὸν
1128 692 1222 797 αιίτής
1238 693 1293 760 τὸν
1310 690 1423 780 τρύχη-

175 783 237 869 φύλ
287 808 342 850 σου
352 776 556 860 καταφάγεσαι
566 782 617 844 καί
627 776 698 855 τοὺς
707 803 781 865 καρ-
813 777 868 841 λόν
891 801 957 841 σου.
992 776 1022 820 22
1036 770 1151 850 ἀπόθες
1169 801 1225 841 τον
1248 767 1332 880 ἀριάν
1353 803 1423 854 σου,

174 866 254 944 νιούς
273 891 329 932 σου
348 863 515 939 ἀπολίσεις,
528 866 579 928 καί
596 860 719 945 ἀφήσεις
735 886 782 927 σι-
815 860 868 923 καί
887 854 1036 944 βάσταξον
1053 855 1156 941 αὐτήν,
1181 860 1233 923 καὶ
1247 885 1288 985 μή
1310 886 1423 947 προςα-

177 951 272 1017 αυτὸν
283 946 325 1023 ὡς
338 943 429 1023 ξύλον
441 943 538 1032 ξηρόν.
564 941 671 1047 2ιμυρή
686 968 781 1028 πονη·
813 947 997 1035 χθίσηςτοῖς
1009 941 1125 1041 δεσμοῖς
1138 939 1239 1025 αὐτῆς.
1286 940 1424 1009 2ἀνπά-

176 1033 216 1120 ρὰ
231 1031 341 1097 ἀπολεῖ
350 1025 403 1094 τὸν
414 1025 597 1113 κτησάμενον
610 1026 718 1110 αυτήν,
731 1029 783 1091 καί
871 1028 954 1115 ψυχῇ
973 1049 1029 1089 σου
1046 1024 1193 1109 προςελθε
1211 1023 1301 1118 αὐτῇ,
1328 1029 1381 1091 καί
1393 1030 1424 1091 ίν

176 1120 325 1201 δπίχαρμα
334 1115 451 1217 ἐηθρῶν
460 1111 576 1194 ποιήσει
585 1107 686 1174 αάτόν.
705 1105 782 1174 2λιί-
814 1050 873 1200 ἀλη
882 1102 1002 1187 δυνάμει
1011 1131 1065 1172 σου
1075 1103 1258 1199 ουντήρησον
1268 1106 1324 1184 τάς
1333 1105 1424 1184 ὁδούς

177 1202 249 1286 ρυγξ
265 1196 375 1274 γλυκυς
391 1193 542 1277 πληθυνεῖ
556 1192 663 1274 φίλους
675 1190 780 1268 αὐτοῦ,
815 1189 916 1270 αὐτῆς.
942 1191 972 1232 22
985 1192 1146 1274 ἰξίχνευσον
1158 1192 1209 1254 καί
1220 1186 1359 1276 ζήτησον,
1372 1194 1423 1257 καί

176 1284 229 1347 καί
237 1279 359 1357 γλῶσσα
368 1274 492 1351 εύλαλσς
506 1274 781 1381 πληθυνεῖείιπρος-
815 1268 1021 1357 γνωσθήσεταί
1032 1297 1093 1348 σοι,
1119 1275 1171 1338 καί
1182 1270 1328 1358 ἐγκρατής
1339 1273 1422 1353 γενό-

175 1363 233 1450 ήγσ
276 1409 283 1424 .
308 1361 371 1425 2οί
382 1355 575 1445 ιλρηνεύοντες
588 1383 637 1424 σοι
649 1360 782 1422 ἔστωσαν
814 1378 899 1437 μενος
910 1351 952 1456 μή
965 1353 1046 1447 ἀφῇς
1058 1351 1161 1437 αὐτήν.
1187 1357 1219 1399 22
1230 1355 1275 1421 ἐπ’
1287 1354 1423 1441 ἐσχάτων

177 1471 220 1512 ιιο
256 1447 300 1520 οὶ,
326 1445 358 1507 ot
370 1440 402 1506 δὲ
419 1439 581 1528 σύμβουλοί
596 1466 653 1506 σου
666 1440 706 1515 τίς
718 1437 782 1505 ἀπὸ
815 1435 873 1522 γάρ
894 1435 1022 1523 εορήσεις
1043 1437 1097 1521 τήν
1119 1435 1293 1504 ἀνάπαυσιν
1315 1439 1421 1523 αὐτῆς,

177 1528 287 1614 ηιλίοον.
326 1525 339 1567 2
353 1528 500 1588 είκτάσαι
512 1524 613 1603 φίλον,
639 1526 783 1608 ἐνπειρα-
816 1523 868 1585 καί
884 1519 1087 1604 στραφήσεταί
1103 1547 1152 1587 σοι
1169 1527 1208 1597 είς
1226 1520 1421 1607 εὐφροσύνην.

177 1613 244 1692 ομῷ
256 1610 362 1690 κτῆσαι
375 1605 479 1680 αὐτὸν,
493 1606 545 1670 καί
554 1606 594 1706 μή
608 1603 683 1689 ταχὺ
696 1607 783 1686 ἐμπι-
816 1605 846 1647 22
860 1604 912 1668 καί
924 1607 1043 1668 ἑίισνταί
1056 1629 1104 1669 σοι
1116 1609 1150 1670 αί
1160 1607 1247 1669 πέδαι
1259 1611 1299 1680 είς
1312 1611 1421 1690 σκέπην

179 1686 301 1790 στεύσης
325 1686 419 1770 αὐτῷ.
446 1689 537 1752 2ἔστι
559 1712 617 1772 γαρ
643 1687 729 1768 φίλος
752 1692 784 1752 ἐν
817 1681 925 1786 λσηύος,
939 1686 992 1749 καὶ
1003 1689 1034 1749 οἱ
1042 1687 1140 1751 κλοιοὶ
1151 1686 1244 1772 αὐτῆς
1257 1693 1297 1763 εἰς
1311 1689 1422 1774 στολήν

176 1794 274 1857 καιριρ
286 1769 394 1845 αὐτοῦ,
407 1771 458 1834 καί
471 1768 508 1835 σύ
521 1768 561 1855 μή
574 1776 740 1862 παραμείνη
754 1773 784 1834 ἐν
817 1768 911 1850 δσξης.
936 1769 968 1812 ³⁰
980 1766 1092 1852 κόσμος
1113 1767 1172 1856 γάρ
1194 1766 1317 1855 χρύσεός
1342 1775 1422 1837 ἐστιν

176 1853 277 1940 ήμὲρη
290 1848 426 1934 θλίψειίς
437 1877 500 1918 σου.
528 1855 544 1897 2
558 1853 609 1918 καὶ
621 1858 683 1917 ἔστι
697 1855 784 1934 φίλος
816 1849 859 1916 ἐπ’
876 1851 986 1936 αιἰτής,
1012 1854 1063 1916 καὶ
1076 1856 1106 1917 οῖ
1118 1854 1218 1937 δεσμοί
1230 1855 1325 1937 αὐτῆς
1340 1855 1423 1919 2203-

178 1938 406 2022 μετατιθέμενος
419 1940 458 2010 είς
471 1939 602 2020 ἔχθραν,
627 1937 679 1998 καὶ
688 1935 784 2019 μάχην
817 1959 835 1998 ο
890 1929 1071 2000 ὑακίνθινον.
1111 1936 1138 1978 ³¹
1152 1935 1261 2022 στολήν
1273 1937 1361 2020 δόξης
1373 1941 1423 2003 ἐν·

180 2017 349 2099 δνειδισμοῡ
376 2042 431 2082 σου
455 2014 658 2100 ἀποκαλύψει.
691 2020 720 2061 ¹⁰
733 2017 784 2081 καί
815 1959 890 2108 δάδη
904 2012 1013 2098 αὐτήν,
1039 2019 1090 2081 καὶ
1107 2021 1256 2099 στέφανον
1274 2016 1423 2098 ἀγαλλιά-

180 2105 243 2168 ἔστι
255 2101 339 2183 φίλος
351 2097 490 2175 κοινωνὸς
503 2101 664 2184 τραπεζῶν,
681 2099 734 2164 καί
746 2096 783 2164 οά
814 2122 907 2180 ματος
919 2095 1089 2184 περιθήσεις
1101 2108 1225 2186 σεαυτῷ.
1252 2103 1282 2144 ³²
1295 2099 1348 2168 ίάν
1361 2106 1422 2167 θέ-

179 2183 218 2268 νίγ
229 2188 395 2273 παραμείνῃ
410 2184 441 2246 δν
458 2180 555 2267 ἡμέρη
569 2179 707 2265 θλίφεώς
719 2207 784 2247 σου.
815 2181 835 2245 λ
854 2183 995 2257 ςτέκνον,
1018 2180 1215 2275 παιδευθήση,
1234 2187 1286 2250 καὶ
1297 2182 1351 2250 ἐὰν
1361 2186 1423 2260 δῶς

178 2270 204 2310 ¹¹
216 2268 267 2333 καί
285 2269 316 2330 ἐν
332 2277 396 2339 τοῖς
421 2263 550 2342 ἀγαθοῖς
569 2290 624 2331 σου
642 2269 725 2330 ἔσται
744 2261 785 2339 ὡς
815 2208 870 2349 τήν
883 2260 981 2351 ψυχήν
993 2290 1058 2342 σου,
1070 2270 1237 2352 πανοῦργος
1250 2272 1312 2351 δ’ση.
1332 2253 1422 2333 22ἐάν

175 2347 236 2424 νδ,
263 2349 315 2413 καί
328 2351 379 2413 ἐπί
389 2346 461 2422 τοὺς
472 2351 590 2423 οἰκέτας
602 2373 656 2413 σου
668 2350 785 2432 παῤῥη-
816 2345 976 2451 ἀγαπήσηρς
1000 2345 1128 2426 ἀκούειν,
1153 2353 1265 2433 ίκδίξη,
1286 2341 1346 2416 ’καί
1368 2350 1423 2416 ε’ἀν

178 2427 321 2498 σιάσεται.
359 2429 674 2535 12ἐίινταπεινοιθής
700 2434 784 2496 ἔσται
816 2431 915 2523 κλίνης
927 2454 964 2494 το
977 2419 1030 2507 σάς
1042 2458 1109 2508 σου,
1134 2434 1230 2515 σοφὸς
1238 2427 1305 2517 ἐ”ση
1344 2432 1376 2476 ³⁴
1389 2437 1422 2499 ἐν

179 2512 258 2579 κατά
270 2517 336 2589 σοῦ,
349 2514 401 2577 καί
411 2511 476 2578 ἀπὸ
490 2519 546 2578 τοῦ
554 2539 717 2597 προςιυπου
730 2538 784 2578 σου
815 2511 925 2598 πλήθει
949 2518 1157 2601 πρεσβυτέρων
1176 2507 1284 2602 στήθε,’
1300 2517 1353 2581 καί
1375 2523 1423 2592 τίς

178 2593 364 2684 κρυβήσεται.
402 2598 430 2639 ¹³
444 2595 507 2661 ἀπὸ
521 2601 581 2661 τῶν
594 2601 712 2680 ἐχθρῶν
725 2621 781 2662 σου
817 2596 922 2678 σοφὸς,
935 2597 1020 2680 αὐτῷ
1035 2597 1285 2683 προςκολλήθητι.
1323 2599 1422 2664 ³⁶21&-

179 2680 403 2784 διαηιορίσθητι,
417 2681 467 2743 καί
476 2678 539 2744 ἀπὸ
551 2680 717 2761 τῶνφίλων
729 2705 784 2745 σου
817 2704 872 2745 σαν
884 2677 1016 2765 διήγησιν
1027 2688 1114 2746 θείαν
1126 2684 1196 2747 θιλε
1208 2680 1342 2758 ἀκούειν,
1368 2685 1423 2747 καί

179 2787 307 2863 προςεηε.
343 2760 371 2801 ¹⁴
385 2762 472 2839 φίλος
483 2760 588 2837 πιστὸς
602 2765 696 2846 σκέπη
709 2788 784 2848 κρα-
815 2770 971 2848 παροιμίαι
987 2768 1127 2838 συνίσεοος
1138 2764 1180 2848 μή
1197 2764 1424 2846 ε’κφευγίτισσάν

180 2843 262 2918 ταιά,
275 2868 292 2906 ο
306 2841 338 2907 δὲ
352 2838 446 2926 εὑρὼν
464 2843 558 2907 αὐτὸν
570 2835 651 2929 εύρεν
663 2856 782 2929 θησαυ-
816 2870 856 2910 σε.
881 2844 971 2911 22ίάν
992 2847 1055 2937 ἴδης
1067 2848 1194 2922 συνετὸν,
1209 2849 1328 2932 ἀρθριζε
1340 2846 1423 2927 πρὸς

178 2921 242 3010 ρόν.
267 2925 294 2969 ¹⁶
308 2924 397 3005 φίλου
416 2931 524 2990 πιστοῦ
542 2925 597 2990 οὐκ
617 2930 698 2993 ἐστιν
711 2926 782 2994 ἀντ·
815 2925 918 3002 αάτδν,
931 2928 982 2990 καί
992 2928 1131 3012 βαθμοὺς
1142 2935 1246 3011 θυρῶν
1259 2928 1356 2994 αὐτοῦ
1367 2933 1421 2992 ἐκ·

179 3007 338 3088 ἀλλαγμα,
363 3009 415 3071 καί
432 3006 488 3072 οὐκ
507 3012 570 3074 ἔστι
584 3010 719 3114 σταθμὸς
730 3012 783 3093 τῆς
814 3010 942 3095 τριβίτον
963 3005 983 3073 ὁ
1005 3007 1083 3082 πούς
1105 3033 1170 3072 σου.
1197 3012 1228 3054 ³¹
1240 3013 1361 3075 διανοοῦ
1383 3013 1421 3074 ἐν

179 3090 325 3174 καλλονής
334 3088 438 3155 αὐτοῦ.
462 3092 577 3172 1θφίλος
586 3119 693 3170 πιστος
703 3088 783 3197 φάρ-
814 3103 877 3166 τοῖς
888 3086 1091 3176 προςτάγμασι
1104 3096 1217 3172 κυρίου,
1240 3093 1292 3157 καὶ
1303 3093 1335 3155 ἐν
1348 3103 1421 3168 ταῖς

178 3175 368 3256 μακσνζωής,
385 3174 478 3237 καλοῖ
490 3171 667 3261 φοβούμενοι
679 3200 782 3261 κυριον
813 3172 947 3248 ἐντολαῖς
975 3173 1070 3238 αὐτοῦ
1103 3173 1210 3256 μελέτα
1243 3170 1421 3251 διαπαντός.

179 3252 334 3340 εὑρήσουσι
348 3251 448 3320 αὐτόν.
471 3257 523 3322 2Ὶὸ
536 3255 716 3345 φοβούμενος
728 3257 782 3324 κύ-
814 3253 905 3330 αάτὸς
917 3267 1029 3341 στηριεῖ
1039 3253 1091 3338 τήν
1103 3259 1230 3342 καρδίαν
1243 3285 1308 3334 σου,
1337 3261 1389 3323 καὶ
1402 3257 1422 3344 ή

177 3361 245 3424 ριον
261 3334 378 3404 εὐθύνει
394 3339 496 3420 φιλίαν
512 3340 624 3417 αὐτοῦ,
650 3339 697 3407 ὅτι
715 3337 777 3407 κατ’
813 3341 957 3421 ἐπιθυμία
978 3344 1030 3424 τῆς
1049 3345 1158 3419 σοφίας
1175 3367 1233 3407 σου
1256 3337 1422 3427 δοθήσεταί

179 3422 274 3488 αὐτὸν
296 3419 393 3498 ούτως
415 3428 466 3488 καί
489 3421 508 3488 ὁ
527 3424 656 3509 πλησίον
678 3423 781 3491 αάτσά.
813 3446 870 3487 σοι.

178 3507 206 3550 ¹⁸
220 3509 321 3571 τίκνσν
348 3509 380 3570 ἐκ
406 3502 541 3590 νεότητός
566 3534 621 3573 σου
651 3509 782 3583 ἐπίλεξαι
894 3538 897 3545 ·
1008 3512 1082 3571 ΚΕ
1095 3511 1135 3571 Φ.
1179 3502 1228 3570 Z'·

178 3589 324 3663 παιδείαν,
337 3592 388 3654 καί
400 3595 455 3665 ἕως
462 3590 577 3656 πολιῶν
590 3587 716 3674 εὑρήσεις
728 3616 783 3656 σο-
815 3551 896 3674 Μή
908 3595 989 3656 ποίει
1002 3589 1096 3666 κακά,
1111 3593 1162 3655 καί
1175 3589 1212 3656 οά
1225 3587 1265 3674 μή
1278 3614 1310 3656 σε
1322 3613 1416 3653 κατα-

178 3676 259 3748 φίαν.
298 3669 382 3745 12ο3ς
400 3669 417 3736 ὁ
432 3671 580 3758 ἀροτριῶν
597 3675 648 3736 καὶ
665 3669 682 3736 ὃ
698 3679 781 3739 σπεί-
814 3669 892 3767 λάβη
905 3669 1006 3739 κακόν.
1032 3676 1047 3715 2
1061 3670 1215 3758 ἀπόστηθι
1228 3672 1289 3738 ἀπὸ
1301 3670 1418 3747 ἀδίκου,

176 3776 239 3833 ρων
251 3750 398 3834 πρόςελθε
410 3755 496 3837 αὐτῆ,
510 3757 562 3820 καί
574 3751 698 3839 ἀνάμενε
709 3754 782 3831 τοὺς
815 3760 865 3821 καί
878 3756 1004 3823 ίκκλινεῖ
1014 3754 1076 3821 ἀπὸ
1090 3761 1153 3821 σοῦ.
1192 3758 1207 3798 ³
1220 3755 1264 3821 υἱὲ
1280 3753 1320 3838 μή
1332 3766 1419 3820 amv-

178 3833 316 3911 ἀγαθοὺς
332 3827 474 3922 καρποὺςΙ
487 3837 589 3922 αὐτῆς.
628 3836 729 3924 ἕνγάρ
743 3844 782 3926 τῇ
814 3864 846 3923 ρε
871 3838 915 3903 ἐπ’
947 3839 1082 3914 αάλακας
1107 3837 1231 3914 ἀδικίας,
1256 3834 1355 3904 καὶού
1377 3837 1419 3939 μή

177 3920 303 4002 ἐργασίᾳ
318 3917 411 4002 αὐτῆς
423 3920 526 3998 ὀλίγον
544 3918 705 3997 κοπιάσεις,
731 3926 781 3986 καί
814 3928 935 4013 θερίσης
965 3922 1060 3997 αάτάς
1091 3924 1310 3996 ἑπταπλασίοσς.
1348 3919 1420 4027 2μη

176 3998 253 4083 ταχὺ
291 3998 418 4082 φάγεσαι
454 3999 640 4087 γεννηιιάτων
678 4001 779 4087 αὐτῆς.
814 4000 892 4086 ζήτει
917 4005 1002 4089 παρὰ
1026 4010 1129 4090 κυρίου
1155 4003 1323 4088 ἡγεμονίαν,
1348 4005 1420 4086 μηδι

177 4085 207 4128 ²⁰
221 4079 262 4158 ὡς
275 4083 394 4169 τραχεῖά
404 4090 465 4151 ἐστι
480 4066 600 4169 σφύδρα
613 4098 676 4160 τοῖς
689 4085 779 4150 ἀπαι-
812 4084 899 4170 παρὰ
911 4087 1057 4173 βασιλέως
1070 4090 1221 4174 καθέδραν
1237 4086 1334 4172 δόξης.
1362 4083 1419 4171 2μή

174 4163 356 4242 δεύτοις,καὶ
366 4165 421 4231 οὐκ
431 4171 581 4250 ἐμμενεῖέν
591 4167 671 4259 αὐτῇ
683 4166 778 4256 ἀκάρ-
813 4171 930 4235 δικαιοῡ
944 4174 1039 4236 ἔναντι
1056 4177 1177 4254 κυρίου,
1203 4173 1254 4235 καί
1265 4165 1352 4255 παρά
1364 4173 1420 4255 (λα-

174 4248 246 4322 διος.
282 4253 310 4292 22
323 4248 364 4323 ὡς
377 4250 464 4324 λίθος
476 4252 650 4333 δοκιμασίας
663 4256 779 4356 ίσηυρὸς
814 4251 936 4338 σιλεῖμή
950 4259 1083 4336 σοφίζου.
1112 4252 1178 4338 2μή
1191 4251 1267 4335 ζήτει
1279 4258 1419 4330 γενέσθαι

174 4331 254 4393 ἔσται
268 4331 311 4395 ἐπ’
328 4331 429 4416 αὐτῷ,
447 4336 497 4396 καί
510 4334 548 4398 οὐ
561 4347 670 4416 χρονιεῖ
682 4340 778 4422 απυδ
813 4337 921 4422 κριτής,
934 4338 975 4420 μή
995 4336 1051 4402 ούκ
1064 4337 1219 4420 ἐξισχύσεις
1237 4341 1341 4420 ἐξᾶραι
1354 4333 1418 4401 ἀδι·

173 4414 262 4517 ήίφαι
279 4411 380 4498 αὐτήν.
419 4417 449 4456 22
462 4423 555 4495 σοφία
572 4414 631 4499 γάρ
649 4418 728 4483 κατὰ
742 4419 777 4485 τὸ
812 4427 886 4495 κίας.
911 4418 1027 4501 μήποτε
1040 4418 1210 4526 εὐλαβηθῇς
1224 4419 1288 4486 ἀπὸ
1300 4413 1418 4501 προςού·

173 4494 267 4576 σ’νομα
280 4494 370 4584 αὐτῆς
380 4501 453 4573 ἐστι,
466 4500 517 4563 καί
529 4497 565 4564 σύ
577 4501 703 4579 πολλοῖς
716 4507 775 4569 ἐστι
792 4562 796 4575 ,
811 4529 872 4570 που
886 4499 1036 4569 δυνάστσυ
1042 4551 1053 4581 ,
1068 4530 1119 4569 και
1131 4500 1233 4587 θήσεις
1254 4501 1421 4609 σκάνδαλρν

1388 4608 1419 4650 ιν
