2924 4972
158 193 241 261 1000
347 190 719 258 ΜΑΚΚΑΒΑΙΩΝ
752 192 1025 253 ΔΕΥΤΕΡΟΣ
1064 186 1212 273 Κεφιδ.
1230 191 1287 256 12.

153 343 208 385 κνα
225 319 277 382 καί
294 317 351 400 την
370 315 467 398 ἀλλην
485 310 658 460 ἀποοκευχν
674 316 713 385 είς
725 310 762 376 τό
776 322 780 375 ί
794 309 875 395 πρὸς
887 306 923 375 τό
936 312 1021 387 γένος
1041 305 1166 388 εὐμενεῖς
1183 306 1278 385 εἶναι,
1291 319 1421 398 παρεχέ-

153 397 309 502 λεγόμενον
322 404 469 483 Καρνίον.
485 420 532 499 ἠν
546 395 606 479 γὰρ
621 479 627 497 ⁸
642 394 763 470 υςπολι-
795 419 884 460 νοντο
903 398 942 468 είς
957 390 1156 493 Ἰφοσρλυμρ
1176 397 1241 495 της,
1256 398 1325 459 τῶν
1339 400 1421 485 ἑβδο-
1447 462 1450 472 ,

153 506 283 571 ορκητον
304 484 356 548 καί
380 482 572 563 δυςπροςιτον
595 504 632 543 το
655 484 764 563 χωρίον
794 474 899 560 μάδων
911 479 1016 562 ἑορτῆς
1029 499 1122 558 ουοης
1135 500 1297 552 υπογυου.
1312 479 1419 565 32μπύ

153 567 204 633 διά
216 562 272 647 τὴν
284 569 345 630 τῶν
362 562 486 630 πάντων
502 568 565 628 τῶν
578 559 683 627 τόπων
696 587 764 628 στε-
796 560 829 626 δὲ
854 559 909 643 τὴν
928 560 1086 642 λεγομένην
1115 561 1346 647 Πεντηκοστην
1363 564 1419 651 ῶρ-

154 647 279 734 νότητα.
305 651 531 731 22ίπιφανείσης
549 644 582 709 δὲ
599 651 652 729 της
662 642 764 710 Ἰούδα
796 670 895 729 μηοαν
908 639 1419 731 ίπίΓοργίιιντὸντηςἸδουμαίας
1449 720 1453 741 Ι

154 739 277 816 σπείρας
288 728 431 816 πρώτης,
447 733 499 795 καί
514 732 667 810 γενομένου
679 727 765 802 δέους
797 725 976 813 στρατηγόν.
1001 726 1031 768 ³³
1045 725 1170 806 ἐξῆλθεν
1182 727 1218 791 δέ
1232 728 1318 809 μετὰ
1327 738 1417 809 πεζῶν

155 818 206 882 eni
219 815 293 890 τούς
304 813 485 896 πολεμίους,
509 809 609 900 φόβου
621 836 654 876 τε
669 815 701 876 ἐκ
713 816 765 895 της
797 812 971 896 τριςχιλίων,
994 811 1113 873 ίππέων
1138 807 1173 874 δὲ
1198 824 1417 897 τετρακοσίων,
1449 810 1453 831 “

155 903 214 964 τού
225 894 328 962 πάντα
345 900 516 982 ἐφορῶντος
534 898 706 975 ἐπιφανείας
717 919 765 973 γε-
797 895 829 937 ³⁴
843 895 896 959 καὶ
919 893 1182 975 παραταξαμένων
1194 899 1314 983 συνέβη
1323 913 1416 965 πεσεῖν

155 984 281 1064 νομένου
297 979 342 1045 ἐπ’
359 978 482 1055 αὐτούς,
501 983 540 1054 είς
557 978 652 1074 ρυγην
665 976 766 1062 ῶρμη-
797 975 919 1055 ὀλίγους
938 982 999 1041 τῶν
1020 975 1184 1041 Ἰουδαίων.
1212 978 1245 1023 ³⁸
1259 986 1416 1059 Δωσίθεος

156 1089 212 1132 σαν
237 1062 330 1138 ἀλλος
355 1060 470 1146 ἀλλαχῆ
496 1086 667 1147 φερομενος,
694 1059 766 1136 ῶςτε
800 1061 835 1126 δέ
856 1086 902 1135 τις
922 1064 983 1124 τῶν
1003 1063 1058 1124 τοῦ
1071 1056 1262 1146 Βακηνορος
1284 1067 1416 1144 ἔφιππος

154 1142 300 1221 πολλάκις
313 1143 373 1211 ὐπὸ
387 1150 449 1210 τῶν
464 1145 548 1210 ίδίων
563 1141 766 1231 βλάπτεσθαι,
798 1143 876 1228 ἀνὴρ
888 1146 938 1207 καί
955 1140 1098 1226 καρτερὸς
1114 1143 1206 1226 εἴχετο
1225 1149 1286 1213 τοῶ
1299 1153 1415 1229 Γοργί-

156 1233 208 1295 καί
220 1240 287 1306 ταῖς
299 1233 362 1294 τῶν
375 1232 470 1307 ξιφῶν
488 1229 597 1329 ἀκμαῖς
609 1225 764 1313 ἀναπείρε-
798 1252 844 1302 ου,
858 1228 911 1292 καί
922 1224 1084 1311 λαβόμενος
1108 1230 1161 1308 της
1173 1226 1236 1310 χλα
1260 1227 1334 1306 ύδος
1353 1232 1415 1315 ἦγεν

158 1323 244 1378 σθαι.
279 1313 310 1354 ²³
316 1316 444 1378 ίποιείτο
457 1310 490 1375 δὲ
503 1334 558 1375 τον
571 1309 704 1395 διωγμόν
717 1309 765 1375 εὐ·
799 1309 893 1375 αὐτὸν
906 1307 1078 1394 εὐρώστως,
1103 1311 1156 1373 καὶ
1168 1257 1356 1395 βουλόμενος
1367 1316 1415 1383 τὸν

156 1390 630 1478 τονώτερονἸούδας,ουγκεντῶν
645 1393 715 1471 τούς
727 1393 764 1459 ἀ·
799 1389 969 1479 κατάρατον
986 1391 1087 1476 λαβεῖν
1106 1395 1255 1476 ζωγρίαν,
1281 1402 1348 1464 τῶν
1367 1405 1414 1465 ἶπ-

157 1477 317 1561 λιτηρίους,
342 1478 493 1581 διέφθειρέ
509 1501 541 1541 τε
563 1483 602 1553 είς
621 1477 765 1561 μυριάδας
798 1479 880 1541 πίων
896 1478 1023 1562 Θρᾳκῶν
1035 1473 1115 1551 τινὸς
1128 1478 1345 1561 ἐπενεχθέντος
1358 1481 1413 1548 αὐ-

156 1570 234 1642 τρεῖς
246 1558 375 1643 ἀνδρῶν.
396 1561 526 1634 2*αυτὸς
538 1559 569 1625 δὲ
583 1558 601 1624 ὁ
619 1556 766 1643 Τιμόθεος
792 1563 843 1642 τῶ
856 1561 909 1623 καί
920 1558 975 1623 τὸν
988 1546 1072 1638 ῶμον
1084 1556 1288 1637 καθελόντος,
1309 1564 1414 1646 διέφυ·

156 1643 291 1725 ἐμπεσών
304 1654 368 1716 τοῖς
384 1643 453 1726 περὶ
469 1641 523 1707 τὸν
536 1648 696 1708 Δοσίθεον
715 1647 766 1708 καί
797 1665 846 1719 γεν
859 1637 876 1705 ό
889 1646 1024 1727 Γοργίας
1037 1645 1076 1716 είς
1088 1640 1231 1727 Μαριοά.
1258 1647 1291 1687 ³⁶
1303 1652 1369 1712 τῶν
1382 1647 1412 1715 δι’

157 1730 364 1808 Σωσίπατρον
387 1723 469 1810 νἠξίου
481 1723 554 1809 μετὰ
567 1726 680 1812 πολλης
691 1752 766 1812 γοη-
799 1728 867 1809 περὶ
890 1722 943 1790 τὸν
961 1723 1082 1809 Ἔοδριν
1103 1725 1257 1791 έπιπλεῖον
1277 1735 1411 1813 μαχομέ-

158 1813 237 1883 τείας
259 1809 407 1889 ἐξαφεῖναι
430 1815 510 1874 σῶον
532 1806 635 1876 αὐτόν.
662 1809 712 1876 διά
729 1806 765 1876 τό
800 1830 857 1872 νων
883 1809 934 1873 καί
945 1805 1129 1875 κατακόπων
1140 1808 1250 1885 όντων,
1270 1813 1407 1876 ἐπικαλε-

159 1887 302 1956 πλειόνων
316 1890 369 1967 μέν
385 1905 480 1967 γονεῖς
506 1885 549 1957 ῶν
566 1891 599 1958 δὲ
618 1891 766 1974 ἀδελφούς
800 1886 925 1975 σάμενος
939 1888 957 1956 ὁ
969 1887 1089 1967 Ἰούδας
1104 1891 1159 1957 τόν
1169 1887 1272 1975 κύριον
1284 1890 1402 1973 σύμμα-

158 1977 239 2055 έχειν,
265 1975 317 2036 καί
333 1973 461 2047 τούτους
479 1973 670 2058 ἀλογηθηναι
689 2002 765 2058 ουμ-
797 1998 851 2057 χον
874 1979 1010 2056 φανῆναι
1025 1977 1077 2040 καί
1087 1971 1252 2057 προοδηγόν
1263 1979 1319 2037 τοῦ
1339 1999 1408 2039 πο-

156 2051 293 2140 βήσεται,
308 2059 333 2118 εί
345 2053 509 2119 ἀποθάνοι.
548 2060 578 2100 22
591 2055 766 2123 πιοτῶοαν-
798 2057 899 2139 λέμου,
937 2059 967 2100 ³⁷
980 2057 1191 2143 καταρξάμενος
1215 2059 1254 2148 τῇ
1280 2065 1408 2143 πατρίῳ

157 2161 211 2213 τος
229 2136 262 2201 δὲ
279 2135 375 2201 αὐτοῦ
396 2137 446 2203 διὰ
465 2136 610 2205 πλειόνων
628 2139 684 2207 τὸν
701 2138 766 2226 δρι-
799 2144 885 2233 φωνῇ
897 2140 952 2224 την
963 2139 1028 2223 μεθ’
1046 2142 1144 2224 ὐμνων
1159 2137 1308 2244 κραυγὴν,
1334 2140 1408 2208 ἀνα-

159 2216 233 2302 σμόν
258 2217 519 2307 ἀποκαταστήσειν
537 2219 661 2300 τούτους
686 2224 765 2308 ἀπη-
798 2218 922 2307 βοήσας,
948 2226 1000 2288 καί
1024 2227 1156 2300 ἐνσείσας
1178 2223 1409 2329 οπροςδοκητως

157 2299 298 2388 μάντους,
325 2303 481 2371 ἀπέλυσαν
498 2304 596 2372 αὐτὸν
619 2312 703 2372 ἕνεκα
715 2313 767 2391 της
798 2311 941 2391 τοῖςπερὶ
953 2306 1009 2373 τὸν
1020 2311 1166 2409 Γοργίαν,
1179 2307 1298 2409 τροπὴν
1312 2313 1408 2374 αὐτῶν

157 2392 220 2452 τῶν
245 2387 381 2468 ἀδελφῶν
412 2386 561 2475 σωτηρίας.
592 2390 767 2466 22ίξελθῶν
799 2386 1407 2479 ἐποιησατο.32’1ονδαςδίαναλοβώντδ

158 2471 192 2535 δὲ
205 2473 255 2535 έπύ
268 2469 304 2535 τὸ
322 2478 451 2556 ίίαρνίον
464 2474 516 2536 καί
529 2469 766 2557 τόἈταργατεῖ-
800 2471 969 2556 στράτευμα
1000 2463 1122 2556 ἦγενείς
1143 2472 1297 2557 Ὀδολλὰμ
1312 2473 1407 2541 πόλιν.

158 2576 193 2621 σν
211 2558 376 2635 κατέσφαξε
394 2551 539 2638 μυριάδας
552 2553 697 2637 σωμάτων
710 2554 765 2622 δύο
799 2560 852 2635 της
864 2557 897 2621 δὲ
910 2554 1073 2643 ἑβδομάδος
1085 2554 1317 2643 ἐπιβαλλούσης,
1331 2558 1408 2624 κατὰ

158 2641 209 2703 καί
221 2639 475 2722 πεντακιςχιλίους.
517 2641 546 2680 27
560 2640 611 2703 καί
622 2640 695 2720 μετὰ
710 2638 763 2724 τὴν
799 2638 853 2703 τὸν
874 2640 998 2724 ἐθισμόν
1016 2637 1211 2728 ἱἀγνιοθέντες
1234 2638 1353 2706 αὐτόθι
1374 2641 1409 2706 τὸ

155 2717 272 2787 τούτων
298 2722 413 2805 τροπὴν
438 2723 489 2786 καί
516 2719 668 2787 ἀπώλειαν
694 2726 762 2788 ε’πε-
799 2719 953 2809 σάββατον
963 2722 1116 2808 διήγαγον.
1144 2724 1174 2766 ³³
1188 2728 1225 2786 τ’
1239 2724 1272 2788 δὲ
1286 2728 1409 2808 ἐχομένη

156 2800 335 2885 στράτευσιν
356 2803 476 2879 Ἰούδας
502 2806 552 2870 καί
570 2807 621 2869 ἐπὶ
642 2803 762 2889 Ἐφρῶν
798 2799 895 2889 ἦλθον
918 2811 949 2871 οῖ
969 2808 1037 2890 περὶ
1057 2810 1113 2872 τὸν
1132 2749 1251 2873 Ἰούῶαν
1274 2808 1350 2872 καθ’
1376 2800 1410 2874 όν

155 2884 246 2952 πόλιν
270 2886 389 2972 ὀχυράν,
402 2893 433 2953 ἐν
457 2881 479 2971 ἦ
502 2888 626 2971 κατῴκει
645 2896 762 2963 Λυσίας
798 2885 912 2969 τρόπον
923 2886 959 2955 τό
972 2897 1024 2972 τῆς
1034 2896 1132 2973 ’χρείας
1145 2886 1280 2966 ἐγεγόνει,
1293 2890 1336 2955 τὰ
1349 2898 1412 2956 τῶν

156 2969 369 3052 καὶπάμφυλα
381 2959 495 3055 πληύη.
533 2979 643 3037 νεανίαι
657 2972 689 3037 δὲ
702 2972 764 3056 πρό
797 2971 1058 3055 προσπεπτωκότων
1076 2969 1201 3053 σώματα
1213 2970 1413 3052 ἀνακομίσα-

155 3059 217 3117 τῶν
230 3060 331 3137 τειχῶν
339 3061 519 3130 κατεστεῶτες
530 3057 678 3155 ῥωμαλέοι
692 3054 765 3121 ἀπε-
798 3064 881 3131 σθαι,
893 3057 945 3119 καὶ
954 3053 1027 3138 μετὰ
1043 3060 1103 3119 τῶν
1120 3055 1264 3130 συγγενῶν
1276 3051 1411 3121 ἀποκα-

155 3137 289 3238 μάχοντο
308 3134 481 3218 εὐρώστως,
508 3140 614 3203 ένθαδε
628 3136 766 3224 ὀργάνων
797 3142 943 3218 ταστῆοαι
963 3145 1001 3212 είς
1018 3137 1089 3212 τούς
1100 3131 1258 3219 πατρῴους
1276 3132 1410 3217 τάφους.

153 3243 205 3280 και
221 3215 318 3302 βελῶν
335 3217 450 3283 πολλαί
467 3224 652 3302 παραθέσεις
668 3221 764 3305 ύπηρ-
797 3222 829 3264 ⁴⁰
842 3213 926 3301 εὗρον
937 3220 971 3283 δὲ
988 3217 1118 3284 ἑκάστου
1135 3224 1196 3283 τῶν
1208 3217 1410 3303 τεθνηκότων

154 3324 218 3384 χον.
244 3303 276 3344 ²⁸
289 3299 529 3385 ἐπικαλεσάμενοι
549 3303 582 3367 δὲ
599 3304 653 3368 τόν
672 3305 765 3369 δυνά-
796 3298 855 3367 ύπό
868 3298 939 3375 τούς
950 3307 1073 3385 χιτῶνας
1090 3297 1243 3406 ίερώματα
1262 3302 1409 3371 τῶνάπὸ

155 3406 239 3467 στην,
252 3380 305 3448 τὸν
325 3385 399 3465 μετὰ
421 3382 548 3471 κράτους
571 3393 765 3475 συντρίβοντα
793 3384 937 3468 Ἰαμνείας
962 3382 1105 3459 εἰδώλων,
1120 3384 1165 3465 ἀφ
1201 3376 1245 3448 ῶν
1271 3384 1289 3450 ὁ
1316 3384 1409 3469 νόμος

154 3462 210 3538 τάς
223 3471 283 3530 τῶν
295 3468 448 3550 πολεμίων
461 3466 566 3544 ἀλκάς,
585 3471 698 3556 ἔλαβον
710 3469 764 3556 την
796 3467 929 3552 ἀπείργει
941 3468 1013 3545 τούς
1022 3467 1196 3544 Ἰουδαίους.
1222 3481 1286 3543 τοῖς
1298 3468 1332 3535 δὲ
1342 3477 1407 3536 πά-

154 3544 244 3610 πόλιν
267 3546 446 3634 ὑποχείριον.
479 3554 528 3615 καί
550 3557 763 3637 κατέστρωοαν
796 3578 825 3616 σι
839 3551 932 3633 σαφὲς
941 3555 1055 3629 ἐγένετο
1068 3549 1119 3616 διό
1136 3549 1222 3635 τάνδε
1234 3551 1289 3633 τὴν
1303 3557 1406 3639 αἰτίαν

153 3633 216 3692 τῶν
235 3631 319 3694 ἔνδον
336 3636 375 3707 είς
391 3631 536 3716 μυριάδας
553 3634 607 3700 δύο
628 3643 677 3701 καί
692 3663 763 3702 πεν-
795 3630 899 3710 τούςδε
924 3638 1120 3701 πεπτωκέναι.
1172 3635 1202 3678 ⁴¹
1215 3632 1326 3712 πάντες
1348 3639 1405 3702 οὐν

153 3711 355 3794 τακιςχιλίους.
385 3718 415 3758 22
426 3714 630 3793 ἀναζεύξαντες
643 3721 674 3783 δὲ
688 3724 762 3785 ἐκεῖ·
794 3714 1007 3822 εύλογηοαντες
1015 3723 1068 3783 τοῦ
1075 3719 1273 3802 δικαιοκρίτου
1286 3725 1402 3803 κυρίου,

153 3799 207 3854 θεν
247 3791 389 3878 ῶρμησαν
421 3801 472 3862 έπί
496 3805 627 3864 Σκυθῶν
655 3799 762 3877 πόλιν,
794 3805 850 3865 τοῦ
863 3826 903 3865 τα
916 3799 1219 3886 κεκρυμμέναφανερά
1231 3806 1400 3877 ποιοῦντος,

154 3870 328 3957 ἀπέχουσαν
346 3878 409 3945 ἀπὸ
423 3878 642 3966 Ἰεροσολύμων
659 3887 762 3950 σταδί-
794 3885 826 3925 ⁴²
839 3888 877 3958 είς
890 3890 1013 3950 ἱκετείαν
1030 3881 1204 3967 ἐτράπησαν
1223 3879 1402 3958 ἀξιώσαντες

154 3981 206 4056 ⁰2²4·
219 3958 762 4050 ἑξακοσιους.22ἀπομαρτυρησάντων
793 3967 831 4031 τὸ
844 3969 965 4043 γεγονὸς
983 3966 1145 4053 ἁμάρτημα
1160 3968 1274 4038 τελείως
1291 3967 1403 4044 ἐξαλει-

153 4038 186 4136 δρ
198 4043 260 4103 τῶν
280 4045 344 4104 ἐκεῖ
355 4044 581 4113 κατοικούντων
596 4048 760 4128 Ἰουδαίων,
793 4054 916 4134 φθηναι.
943 4048 1008 4116 όδὲ
1026 4063 1159 4129 γενναῖος
1172 4046 1290 4124 Ἰούδας
1310 4075 1401 4135 παρε-

154 4126 240 4222 ηνὶοί
256 4129 490 4193 Σκυθοπολίται
508 4134 593 4216 ἔσχον
609 4132 686 4215 πρὸς
703 4134 761 4199 αὐ-
793 4134 897 4200 κάλεσε
914 4133 950 4199 τὸ
970 4135 1091 4214 πλῆθος
1109 4144 1257 4236 συντηρεῖν
1276 4132 1401 4208 ἑαυτοὺς

150 4226 224 4278 τους
238 4205 365 4284 εὔνοιαν,
389 4213 441 4274 καί
453 4215 485 4276 έν
497 4228 561 4289 τοῖς
573 4221 624 4299 τῆς
637 4218 762 4300 ἀτυχίας
793 4213 1019 4303 ἀναμαρτητους
1033 4217 1118 4292 εἶναι,
1153 4212 1194 4281 ὐπ
1217 4214 1293 4300 ὅφιν
1306 4220 1402 4301 ἑωρα-

150 4300 265 4389 καιροῖς
280 4287 387 4392 ἥμερον
411 4289 579 4379 ἀπάντησιν
591 4303 759 4375 ἐποιοῦντο,
792 4298 884 4375 κότας
896 4298 936 4366 τά
954 4299 1100 4378 γεγονότα
1117 4298 1167 4365 διὰ
1184 4297 1240 4383 τὴν
1251 4304 1312 4364 τῶν
1323 4324 1403 4385 προ-

150 4365 452 4471 31ευχαριιτχτησαντες
474 4376 576 4454 αὐτοῖς
597 4381 650 4443 καὶ
667 4409 760 4466 προς·
791 4383 996 4449 πεπτωκότων
1007 4384 1167 4468 ἁμαρτίαν.
1194 4379 1403 4468 23ποιησάμε-

147 4453 430 4534 παρακαλεοαντες,
457 4462 508 4524 καὶ
533 4466 572 4538 είς
599 4462 639 4528 τό
664 4463 760 4534 λοιπά
792 4463 843 4543 νός
861 4493 893 4533 τε
910 4465 975 4533 κατ’
995 4465 1197 4552 ἀνδραλογίσιν
1213 4464 1400 4533 κατασκευά-

1299 4575 1400 4619 σιιατα
