2924 4972
473 227 705 289 ιιεΣονΣ
742 219 919 302 moto.
1253 226 1318 291 m

76 357 157 426 σοῦς,
172 354 221 414 καί
233 350 413 413 καθειλοσαν
432 346 468 410 τό
483 352 571 430 σῶμα
585 346 682 411 αὐτοῦ
713 343 816 412 πάντα
829 345 887 412 ὅσα
904 352 1024 454 ἐποίησε
1042 342 1140 431 κῦριος
1157 346 1315 451 τῆἹεριηιέ

76 432 140 497 ἀπὸ
154 438 207 498 τοῦ
220 429 322 508 ξόλου,
342 432 394 494 καὶ
413 432 540 514 δ’ρίρίψαν
554 426 630 493 αὐτὸ
644 433 683 504 είς
712 431 764 494 καί
775 435 814 522 τῆ
824 435 858 494 Γ
855 436 895 495 αί.
917 429 990 494 4και
1001 434 1144 512 ἐποίησαν
1154 436 1206 493 καί
1216 455 1247 506 γε
1259 456 1316 495 αυ-

77 520 131 581 τὸν
158 511 284 602 βόθρον.
324 515 377 576 καί
404 515 570 594 ἐπέστησαν
599 509 682 594 αῦτῷ
714 514 762 577 τοί
784 511 856 596 μετὰ
880 519 1073 620 πανουργίας.
1106 514 1158 576 καὶ
1182 509 1316 588 ἐλθόντες

79 598 178 684 σωρὸν
198 599 310 672 λίθων,
337 600 393 669 ἕως
408 598 458 678 τῆς
478 590 588 682 ἡμέρας
609 590 682 658 ταῦ·
715 598 918 661 ἐπεσιτίσαντο
940 622 992 660 και
1017 591 1227 678 ἡτοιμάσαντο.
1265 597 1318 660 καί

78 708 139 765 της.
716 672 855 762 λαβόντες
872 674 1000 754 σάκκους
1022 677 1171 752 παλαιοὺς
1189 679 1317 743 ἐπὶτῶν

108 770 121 797 ²
268 768 302 827 K
313 769 343 826 E
358 766 395 824 Φ.
443 754 488 826 Θί.
716 757 805 840 ὤμων
821 758 938 836 αῦτιῦν,
962 763 1013 825 καί
1029 760 1137 836 ἇσκοῦς
1153 763 1238 826 οίνου
1255 787 1318 825 πα·

81 815 152 922 Ως
169 845 201 911 δὲ
219 844 351 930 ἤκουσαν
368 847 399 907 οί
416 842 544 928 βασιλεῖς
560 846 621 906 τῶν
631 840 685 906 Ἀ-
715 838 817 915 λαιοῦς
832 845 884 906 καί
900 841 1122 988 κατεβρργότας
1139 842 1318 941 ἇποδεδεμί·

80 932 230 1014 μοβραίων
242 932 273 992 οί
285 933 316 1030 ίη
328 931 372 1010 τῷ
380 929 484 1026 πέραν
496 931 553 990 τοῦ
563 922 681 1009 Ἰορδοί-
715 948 791 998 νους.
815 924 886 987 6καί
898 922 937 989 τὰ
946 950 982 989 κο
1044 923 1316 1010 τῶκῦποδηματων

80 1039 148 1085 νου,
166 1015 197 1075 οῖ
208 1014 238 1074 ἐν
251 1014 286 1098 τῆ
300 1034 412 1094 ορεινν,
432 1007 483 1073 καί
495 1010 525 1073 οί
537 1012 569 1073 ἐν
580 1013 619 1100 τῆ
630 1032 684 1073 πε-
716 1005 834 1082 αῦτιδν,
860 1008 911 1071 καί
927 1004 966 1070 τῦ
985 1004 1129 1071 σανδάλια
1146 1007 1244 1074 αὐτῶν
1255 1035 1317 1075 πα-

80 1097 154 1175 δινῆ,
167 1095 218 1157 καί
230 1097 261 1157 οί
278 1095 307 1156 ἐν
323 1087 408 1182 πόση
427 1096 466 1183 τῆ
482 1091 617 1176 παραλία
630 1093 685 1192 τῆς
717 1085 788 1154 λαιδι
799 1091 850 1152 καί
867 1088 1194 1170 καταπεπελμστωμίνα
1212 1096 1243 1155 ἐν
1255 1104 1319 1166 τοῖς

82 1165 206 1241 θαλόσσ
224 1203 239 1250 ς
258 1180 310 1258 τῆς
332 1173 470 1257 μεγιίλης,
495 1176 546 1236 καὶ
563 1176 594 1235 οί
608 1196 685 1257 προς
716 1172 809 1235 ποσίν
828 1169 940 1234 αὐτῶν.
964 1171 1017 1234 καί
1038 1168 1077 1234 τὰ
1096 1167 1199 1252 ίμοίτια
1220 1170 1319 1237 αιίτῶν

82 1258 211 1340 τῴἈντι
241 1253 334 1343 βόνῳ,
347 1257 441 1319 καίοί
455 1262 610 1328 Χετταῖοι,
635 1256 686 1317 καί
718 1252 948 1336 πεπαλαιωμένα
971 1247 1072 1316 ίποίνω
1093 1249 1203 1315 αὐτῶν.
1229 1250 1319 1318 καλό

84 1345 114 1403 οἱ
129 1348 306 1411 Χαναναῖοι,
315 1339 367 1401 καί
378 1340 410 1401 οῖ
424 1340 584 1421 (θερεζαῖοι,
593 1338 643 1400 καὶ
655 1339 686 1400 οῖ
719 1334 811 1420 ῦρτος
834 1332 935 1399 αὐτῶν
958 1339 1013 1399 τοῦ
1032 1338 1217 1414 ἐπισιτισμοῦ
1235 1331 1323 1418 ξηρός

85 1421 202 1496 Εῦαῖοι,
215 1422 266 1484 καὶ
278 1418 495 1503 οίἈμοβραῖοι,
505 1419 556 1482 καί
568 1421 598 1482 οί
609 1423 651 1482 Γε
718 1419 770 1484 καὶ
790 1416 939 1503 εῦρωτιῶν
958 1419 1009 1483 καί
1019 1420 1208 1505 βεβρωμένος.
1244 1418 1322 1481 οκαί

650 1443 686 1565 λι-
718 1500 856 1585 ῆλθοσαν
868 1498 943 1585 πρός
956 1497 1075 1583 Ἰησοῦν
1088 1505 1127 1574 είς
1140 1497 1195 1583 τῆν
1206 1525 1322 1647 παρεμ-

84 1512 215 1582 γεσαῖοι,
237 1505 289 1565 καὶ
300 1506 330 1565 οῖ
342 1500 526 1604 Ἰεβουσαῖοι,
551 1503 568 1542 ²
579 1497 649 1585 συνῆ

83 1598 185 1651 θοσαν
201 1587 251 1650 ἐπί
267 1581 303 1647 τό
320 1580 396 1649 αῦτο
415 1584 608 1667 ἐκπολεμῆσαι
623 1581 683 1667 Ἰη-
716 1580 807 1670 βολῆν
816 1580 937 1668 Ἰσραῆλ
949 1588 987 1657 είς
999 1580 1158 1659 Γάλγαλα,
1171 1585 1222 1647 καὶ
1234 1609 1247 1647 ε
1258 1607 1321 1649 παν

83 1674 157 1734 σοῦν
169 1666 347 1751 καίἸσραῆλ
356 1662 418 1746 ἅμα
427 1661 542 1742 πάντες.
556 1668 681 1729 C.8.30.
716 1664 793 1751 πρὸς
803 1663 921 1748 Ἰησοῦν
933 1662 1126 1751 καίἸσραῆλ.
1153 1669 1185 1728 ίκ
1197 1670 1251 1748 γῆς
1258 1692 1321 1768 μα-

81 1749 149 1816 τότε
173 1746 359 1834 ᾠκοδόμησεν
379 1747 496 1831 Ἰησοῦς
520 1744 684 1832 θυσιαοτῆ-
716 1745 825 1833 κρόθιν
837 1744 952 1831 ἥκαμεν.
970 1752 1021 1813 καί
1033 1753 1084 1813 νῦν
1097 1741 1240 1812 διόθεσθε
1252 1760 1322 1832 ημῖν

81 1858 145 1919 ριον
166 1837 260 1918 κυρίῳ
281 1835 327 1914 τῷ
348 1835 410 1913 θεῷ
429 1828 553 1915 Ἰσραῆλ
573 1836 605 1895 ἐν
622 1829 683 1915 ὄρει
716 1828 869 1916 διαθῆκην.
901 1833 978 1896 7καί
989 1830 1075 1896 είπαν
1087 1835 1118 1894 οῖ
1130 1831 1190 1894 υίοὶ
1201 1829 1321 1915 Ἰσραὴλ

81 1913 208 2002 Γαιβιίλ.
229 1910 372 1978 31καθότι
385 1915 684 1990 ἒνετείλατοΜωυσ”ς
715 1911 791 1999 πρὸς
808 1914 862 1978 τόν
878 1916 1042 1998 Χορῥαῖον.
1073 1909 1092 1977 δ’
1111 1939 1132 1977 α
1148 1910 1187 1996 μῆ
1206 1918 1236 1978 ἐν
1255 1916 1319 1994 ίμοί

83 1996 100 2064 ό
112 1995 254 2080 θεράπων
270 2004 370 2082 κυρίου
389 2007 452 2071 τοῖς
470 2001 546 2071 υἱοῖς
554 1942 684 2082 Ἰσραῆλ,
717 2010 866 2072 κατοικεῖς.
888 2000 940 2062 καί
951 2003 1017 2073 πῶς
1030 2022 1077 2062 σοι
1089 1939 1242 2079 διαθῦμαι
1255 1997 1319 2061 δια-

83 2086 166 2146 καθᾶ
177 2084 342 2165 γέγραπται
355 2082 385 2142 ἓν
397 2084 440 2161 τῷ
454 2074 533 2160 νόμω
548 2083 684 2162 Μωυσῆ,
717 2076 831 2163 θῆκηνς
853 2080 932 2143 ὅκαί
944 2078 1030 2144 εἶπαν
1040 2079 1117 2165 πρὸς
1126 2076 1252 2162 Ἰησοῦν.
1272 2084 1320 2143 οί·

83 2161 297 2248 θυσιαστήριον
322 2162 417 2225 λίθων
440 2157 512 2225 ὁλοκ
540 2155 620 2245 ρων,
637 2159 681 2240 ἐφ’
718 2165 802 2225 κίται
824 2187 878 2226 σου
900 2164 992 2243 ἐσμέν.
1019 2161 1144 2227 καίείπε
1164 2162 1241 2245 πρὸς
1263 2159 1321 2226 αῦ-

85 2243 137 2321 οῦς
149 2244 205 2311 οῦκ
218 2241 368 2390 ἐπεβλήθη
380 2245 506 2328 σίδηρος.
528 2245 579 2306 καὶ
591 2241 687 2328 ιἰνεβί-
719 2240 791 2315 τοὺς
800 2240 924 2324 Ἰησοῦς.
962 2241 1060 2308 πόθεν
1073 2242 1149 2318 ἐστὲ,
1161 2245 1213 2306 καὶ
1224 2239 1321 2308 πόθεν

84 2334 169 2416 βασεν
181 2324 269 2392 ίκεῖὸ
289 2321 491 2408 οκαυτοόματα
503 2331 611 2409 κυρίῳ,
637 2326 689 2388 καί
720 2321 958 2422 παραγεγόνατε,Ι
971 2326 1039 2389 9καί
1047 2324 1142 2390 είπαν.
1153 2331 1185 2390 ἐκ
1197 2331 1250 2408 γῆς
1261 2353 1319 2409 μα-

84 2417 196 2475 θυσίαν
208 2415 362 2492 σωτηρίου.
388 2409 417 2449 ³²
426 2409 477 2470 καί
489 2409 619 2491 ἔγραψεν
626 2405 688 2488 Ἰη-
720 2415 831 2489 κροθεν
848 2402 966 2489 σφόδρα
984 2403 1090 2488 ῆκασιν
1106 2411 1138 2471 οί
1148 2410 1254 2482 παῖδίς
1267 2434 1321 2472 σου

87 2497 159 2564 σοῦς
170 2495 220 2555 ἐπὶ
231 2494 293 2553 τιῦν
306 2491 401 2552 λίθων
413 2485 450 2551 τό
461 2484 690 2569 δευτερονόμιον,
723 2493 753 2551 ἐν
767 2483 889 2567 ὀνόματι
901 2493 1005 2568 κυρίου
1016 2493 1071 2549 τοῦ
1083 2492 1158 2550 θεοῦ
1172 2512 1234 2550 σου.
1248 2487 1324 2571 ἄκη-

87 2569 178 2655 ιόμον
190 2575 322 2652 Μωυσῆ,
335 2567 461 2633 ίνιόπιον
473 2573 533 2630 τῶν
546 2567 690 2633 υἶιῦνἸσ-
723 2566 829 2649 κόαμεν
841 2564 899 2652 γεἰρ
913 2566 949 2630 τὸ
962 2566 1058 2650 ὄνομα
1071 2566 1176 2640 αὐτοῦ,
1201 2572 1252 2631 καί
1264 2566 1323 2635 ὅσα

87 2652 175 2757 ραῆλ.
197 2654 283 2715 33καί
293 2657 353 2726 πᾶς
363 2647 495 2735 Ἰσραὴλ,
517 2651 568 2714 καὶ
578 2654 608 2714 οῖ
619 2675 691 2737 πρε-
721 2655 857 2733 ἐποίησεν
873 2653 904 2712 ἐν
920 2645 1081 2733 Αίγόπτῳ,
1107 2653 1135 2694 ¹⁰
1148 2652 1199 2714 καί
1217 2648 1276 2716 ὅσα
1292 2657 1323 2715 ί·

86 2744 218 2823 σβυτεροι
232 2734 348 2810 αὐτῶν,
362 2736 415 2798 καί
427 2738 458 2798 οἱ
470 2735 614 2809 δικασταί,
639 2735 690 2799 καί
719 2741 823 2817 ποίησε
832 2744 894 2809 τοῖς
901 2733 1050 2822 βασιλεῦσι
1062 2739 1121 2798 τῶν
1129 2731 1322 2821 Ἀμορραίων,

87 2823 118 2886 οἱ
134 2828 312 2906 γραμματεῖς
328 2816 427 2883 αὐτῶν
448 2812 688 2903 παρεπορεύοντο
719 2825 750 2883 οἳ
762 2805 839 2902 ῆσαν
851 2821 948 2904 πέραν
960 2823 1016 2882 τοῦ
1026 2814 1188 2902 Ἰορδάνου.
1203 2824 1246 2902 τῷ
1259 2827 1321 2903 Ση-

86 2909 168 2969 ε”νθεν
180 2905 230 2967 καὶ
249 2907 333 2967 ἔνθεν
351 2906 402 2985 τῆς
419 2905 547 2988 κιβωτοῦ
559 2901 686 2990 ἀπέχω·
720 2901 762 2965 ὠν
779 2901 896 2987 βασιλεῖ
911 2906 973 2966 τῶν
985 2899 1184 2987 Ἀμορραίων,
1208 2905 1259 2966 καί
1277 2908 1322 2985 τῷ

87 3014 121 3051 τι.
147 2988 197 3050 καί
209 2992 239 3051 οἱ
255 2990 335 3071 ἱερεῖς
351 2986 402 3048 καί
418 2989 450 3049 σί
466 2990 592 3049 Λευῖται
611 2989 687 3078 ῆραν
713 2984 774 3062 ’Ὢγ
784 2985 898 3071 βασιλεῖ
907 2990 960 3067 τῆς
972 2983 1093 3061 Βασίιν,
1107 2981 1139 3059 ὃς
1152 2981 1279 3069 κατῴκει
1292 2990 1322 3049 ἐν

86 3067 140 3153 τῆν
153 3067 277 3155 κιβωτόν
290 3074 342 3152 τῆς
355 3064 498 3170 διαθῆκης
510 3074 621 3155 κυρίου.
635 3071 686 3133 καί
714 3067 876 3154 Ἀσταρώθ
893 3070 943 3133 καί
966 3071 998 3132 ἐν
1011 3066 1140 3155 Ἐδραίν.
1178 3071 1202 3110 ¹¹
1216 3069 1267 3132 καὶ
1284 3065 1322 3134 ῦ-

86 3149 294 3237 ὁπροςῆλυτος
312 3154 363 3216 καὶ
379 3149 397 3215 ὁ
411 3150 579 3236 αυτόχθων,
605 3140 686 3236 02¹1}-
719 3146 877 3228 κοῦσαντες
904 3150 991 3217 είπαν
1007 3152 1084 3238 πρός
1107 3149 1183 3236 ἡμᾶς
1201 3157 1232 3217 οῖ
1249 3177 1322 3237 πρε-

85 3261 141 3300 σαν
154 3233 237 3319 ῆμισυ
247 3237 374 3317 πλησίον
387 3233 474 3319 ὅρους
487 3237 620 3320 Γαριζὶν,
633 3237 685 3298 καὶ
719 3232 851 3322 οβῦτεροι
874 3231 956 3317 ῆμιῦν
978 3238 1029 3298 καὶ
1040 3233 1147 3310 πάντες
1168 3240 1198 3299 οῖ
1220 3260 1321 3299 κατοιν

84 3321 117 3384 οἳ
127 3309 201 3401 ῆσαν
216 3314 302 3400 ἥμισυ
314 3318 437 3398 πλησίον
450 3317 538 3402 ὅρους
552 3317 684 3402 Γαιβδλ,
719 3323 837 3391 κοῦντες
850 3317 975 3399 τῆν-γῆν
992 3313 1081 3397 ἡμῶν,
1099 3319 1239 3393 λέγοντες.
1266 3314 1322 3381 λό-

84 3396 196 3465 καθότι
219 3399 378 3462 ἐνετείλατο
400 3404 536 3479 Μωυσῆς
555 3397 573 3461 ὁ
594 3397 688 3485 θερά-
719 3405 781 3486 βετε
794 3401 910 3472 ἑαυτοῖς
928 3398 1111 3478 ἐπισιτισμὸν
1124 3404 1163 3472 εἷς
1174 3396 1229 3480 τῆν
1241 3395 1321 3475 ὁδὸν,

84 3506 153 3546 πων
178 3485 279 3563 κυρίου
304 3478 460 3560 εῦλογῆσαι
484 3480 538 3543 τὸν
560 3477 633 3544 λαόν
658 3485 689 3545 ἐν
720 3485 770 3545 καί
782 3477 950 3564 πορεῦθητε
967 3484 1006 3552 είς
1025 3476 1198 3562 συνάντησιν
1210 3478 1321 3556 αὐτῶν,

84 3558 224 3648 πρώτοις.
258 3561 288 3602 ³⁴
302 3562 353 3624 καὶ
377 3559 448 3641 μετὰ
472 3567 568 3624 ταῦτα
594 3559 689 3637 οῦτως
720 3567 770 3629 καί
785 3568 875 3652 ἐρεῖτε
890 3560 966 3648 πρός
985 3558 1102 3636 αῦτοῦς.
1139 3565 1251 3625 οἰκέται
1268 3587 1321 3628 σου

85 3648 201 3723 ἀνέγνω
212 3643 326 3727 Ἰησοῦς
339 3641 439 3707 πάντα
452 3642 490 3707 τὰ
502 3640 621 3728 ῥῆματα
633 3650 689 3709 τοῦ
721 3647 813 3728 ἐσμὲν,
826 3649 877 3712 καὶ
889 3651 940 3711 νῦν
957 3641 1101 3710 διόθεσθε
1113 3641 1180 3730 ῆμῖν
1192 3643 1246 3728 τῆν
1256 3645 1321 3711 δια-

86 3727 180 3813 νόμου
205 3724 314 3792 τοῦτου
324 3726 377 3802 τὰς
403 3725 536 3803 εὐλογίας
561 3728 611 3790 καὶ
636 3723 690 3800 τὰς
721 3727 825 3830 θίκην.
837 3722 956 3794 12οὗτοι
971 3733 1002 3793 οἱ
1016 3727 1112 3814 ι’ίρτοι,
1124 3728 1253 3816 θερμοὺς
1266 3734 1319 3814 ἕρ-

88 3810 219 3895 κατῦρας
237 3808 315 3875 κατὰ
332 3808 432 3874 πάντα
451 3810 489 3873 τὰ
506 3811 690 3894 γεγραμμένα
722 3772 909 3892 ωδιασθημεν
931 3810 1041 3887 αὐτοῦς
1063 3817 1093 3877 ἐν
1121 3819 1158 3901 τῆ
1186 3807 1319 3919 ῆμέρᾳῆ

88 3900 118 3959 ίν
134 3900 179 3979 τῷ
196 3893 276 3978 νόμῳ
286 3896 417 3978 Μωυσῆ.
440 3893 469 3936 ³⁵
481 3892 537 3957 οῦκ
562 3895 599 3977 ῆν
611 3898 689 3979 ῥῆμα
721 3890 880 3978 ἕξῆλθομεν
901 3898 1121 3978 παραγενέσθαι
1143 3925 1218 3984 προς
1238 3889 1317 3981 ὑμᾶς.

87 3977 151 4042 ἀπὸ
167 3975 288 4042 πάντων
311 3969 352 4039 ὧν
370 3976 533 4042 ἐνετείλατο
551 3983 690 4061 Μωυσῆς
720 3983 771 4043 νῦν
782 3977 814 4043 δὲ
827 3973 1044 4066 ἔξηρόνθησαν,
1062 3982 1113 4044 καί
1124 3977 1258 4060 γεγόνασι
1271 3988 1318 4070 βε-

87 4065 131 4166 τρῑ
144 4059 253 4145 Ἰησοῖ,
280 4057 298 4124 ὃ
318 4058 374 4124 οῦκ
392 4057 503 4137 ῦνίγνω
517 4059 632 4144 Ἰησοῦς
650 4068 689 4136 είς
719 4065 870 4149 βρωμίνοι.
903 4064 930 4104 ¹³
942 4065 992 4127 καὶ
1009 4053 1093 4129 οῦτοι
1111 4069 1143 4130 οί
1159 4064 1247 4133 ἀσκοὶ
1264 4073 1319 4132 τοῦ

86 4168 125 4208 τα
138 4132 203 4208 ὦτα
216 4139 311 4225 πόσης
324 4145 477 4226 ἐκκλησίας
490 4148 560 4208 υἱῶν
570 4142 688 4230 Ἰσραὴλ
720 4149 803 4211 οἴνου
816 4142 867 4221 οῦς
880 4142 1046 4231 ι’πλῆσαμεν
1056 4147 1187 4228 καινοῦς,
1200 4151 1250 4214 καί
1264 4142 1319 4214 οῦ-

88 4238 151 4300 τοίς
163 4223 287 4311 ἀνδράσι
300 4229 429 4301 καὶτοῖς
440 4230 615 4302 γυναιξὶκαὶ
627 4240 688 4301 τοῖς
720 4255 765 4294 τοι
785 4227 938 4314 ἐρρώγασι.
966 4233 1017 4297 καί
1038 4231 1077 4297 τὰ
1101 4230 1206 4317 ἶμοίτια
1227 4231 1319 4314 ἡμῶν,

87 4312 213 4384 παιδίοις
239 4311 289 4372 καὶ
314 4320 379 4383 τοῖς
409 4306 602 4391 προςηλῦτοις
626 4323 689 4385 τοῖς
720 4314 771 4376 καί
787 4313 826 4376 τὰ
850 4309 1026 4397 ῦποδῆματα
1044 4311 1127 4398 ἡμῶν
1143 4315 1318 4380 πεπαλαίω·

85 4394 365 4478 προςπορευομὲνοις
377 4390 560 4475 τῴἸοραῆλ.
574 4418 599 4454 ο.
617 4417 646 4475 9.
659 4398 687 4456 3.
719 4420 769 4458 ται
795 4393 857 4460 ἇπό
882 4403 934 4479 τῆς
958 4399 1072 4479 πολλῆς
1091 4395 1165 4460 ὁδοῦ
1189 4391 1317 4478 σφόδρα.

84 4476 134 4540 καί
147 4480 177 4541 οῖ
194 4478 394 4551 κατοικοῦντες
407 4474 542 4562 Γαβαών
562 4475 688 4560 ῆκουσαν
721 4477 814 4544 14καὶ
829 4479 941 4565 ἔλαβον
957 4484 988 4543 οῖ
1005 4478 1141 4561 ἄρχοντες
1159 4481 1213 4539 τοῦ
1227 4480 1317 4572 imm:

1212 4578 1317 4632 τιομου
