2924 4972
320 219 687 286 MAKKABAmN
714 220 923 280 πΡαΤοΣ
961 211 1139 303 mm.
1283 224 1347 296 957

106 350 235 431 ἀνδράσι
247 351 303 429 τοῦ
314 345 460 432 βασιλέως
478 348 529 409 καὶ
542 356 607 418 ταῖς
620 343 711 408 δυνά·
745 345 818 428 δρας
829 342 958 426 ἀνόμους
970 345 1002 408 ἐν
1019 349 1110 428 θυμῷ
1121 344 1231 414 αὑτῶν.
1257 352 1309 413 καὶ
1319 352 1351 413 οί

106 457 188 515 μεσιν
211 439 245 494 αἳ
262 432 335 513 ήσαν
356 432 387 491 ἓν
409 426 607 512 Ἰερουσαλήμ
628 425 713 492 πόλει
745 429 846 492 λοιποί
863 429 973 507 ἔφυγον
990 430 1029 500 εἶς
1053 427 1092 490 τά
1111 431 1186 513 ἔθνη
1205 434 1351 514 σωθῆναι,

108 516 213 588 Λαυὶδ,
236 508 284 576 δτι
296 514 461 596 κατέβησαν
474 509 585 594 ἀνδρες,
610 515 715 584 οίτινες
745 512 777 554 ⁴⁵
790 513 841 576 καὶ
863 505 1011 574 ἐκύκλωσε
1033 515 1225 587 Ματταθίας
1247 516 1352 580 καλοί

109 598 296 663 διεσκέδασαν
308 591 363 675 τήν
373 594 494 678 ἐντολήν
505 598 560 657 τοῦ
571 593 715 679 βασιλέως
746 593 829 674 φίλοι
848 590 961 668 αὑτοῦ,
979 595 1030 657 καὶ
1048 594 1189 658 καθεῖλον
1207 594 1277 672 τοὺς
1287 601 1352 682 βω-

109 685 149 753 εἰς
161 675 229 752 τούς
242 674 373 760 κρύφους
387 680 419 741 ἐν
431 681 468 770 τῇ
482 676 589 762 ε’ρήμω.
621 678 650 718 ³²
663 677 715 741 καί
746 674 828 760 μοός.
855 676 888 717 ⁴⁶
902 678 953 739 καί
967 678 1136 760 περιέτεμον
1152 673 1192 740 τά
1204 679 1353 761 παιδάρια

110 764 236 846 ἔδραμον
264 760 364 826 ὀπίσω
394 757 495 825 αὑτοῖν
516 745 637 824 πολλοί.
664 761 716 825 καί
746 761 785 825 τὰ
807 757 994 844 ἀπερίτμητα
1016 754 1076 823 ὅσα
1098 749 1185 844 εὑρον
1207 763 1238 824 ἐν
1261 758 1353 845 ὁρίοις

110 839 328 931 καταλαβόντες
364 841 478 918 αύτούς
511 843 716 930 παρενέβαλον
744 841 868 926 Ἰσραήλ
880 845 912 906 ἐν
926 838 1008 927 ἰσχύϊ.
1033 843 1064 885 ⁴⁷
1083 844 1134 907 καί
1146 843 1269 919 ἐδίωξαν
1279 842 1353 918 τσὺς

111 927 154 992 ἐπ’
171 925 303 1003 αὐτοὺς,
327 929 379 992 καί
401 925 617 1009 συνεστήσαντο
638 925 715 1011 πρὸς
747 925 828 1000 υίούς
839 929 891 1007 τής
902 924 1109 1010 ὑπερηφανίας,
1122 928 1173 990 καί
1185 926 1354 992 κατευοδυό-

112 1008 222 1086 αὑτοὺς
231 1007 361 1092 πόλεμον
370 1013 400 1072 ἐν
411 1015 449 1093 τή
459 1008 552 1096 ἡμέρᾳ
566 1014 628 1075 τῶν
639 1013 715 1095 σαβ-
747 1021 789 1096 θη
808 1009 844 1074 τὸ
863 1013 950 1093 ἔργον
967 1012 998 1074 ἐν
1014 1011 1086 1094 χειρί
1103 1008 1213 1073 αὐτῶν.
1252 1011 1287 1053 ⁴⁸
1300 1012 1353 1075 καί

111 1090 224 1182 βάτων,
245 1095 331 1157 33καί
343 1082 436 1158 elmi
441 1092 518 1178 πρὸς
531 1090 570 1158 αὑ
575 1092 656 1168 τούς,
661 1098 715 1167 ἕως
747 1089 948 1179 ἀντελάβοπο
960 1098 1017 1157 τοῦ
1035 1091 1128 1173 νόμου
1140 1096 1172 1156 εἰι
1183 1093 1278 1179 χειρὸς
1290 1098 1351 1158 τῶν

112 1182 169 1242 τοὺ
188 1181 241 1243 νῦν
258 1171 370 1257 ίιιανόν.
402 1175 537 1253 ἐξέλθετε
556 1177 608 1241 καὶ
624 1174 716 1260 ποιή-
747 1181 846 1241 ἐθνῶν
867 1177 918 1239 καί
942 1177 976 1239 ἐκ
997 1175 1089 1262 χειρὸς
1112 1180 1174 1240 τῶν
1194 1176 1351 1263 βασιλέων,

113 1285 185 1326 σατε
206 1258 284 1324 κατά
305 1257 359 1323 τὸν
379 1259 472 1337 λόγον
497 1263 554 1325 τοῦ
570 1258 716 1345 βασιλέως
747 1261 798 1324 καὶ
811 1258 867 1324 οὐκ
880 1260 994 1324 ἔδωκαν
1007 1263 1096 1344 κέρας
1114 1264 1157 1342 τῷ
1172 1257 1349 1345 ἁμαρτωλῷ.

112 1343 164 1409 καί
188 1338 318 1426 ζήσεσθε.
344 1341 432 1408 34καί
456 1341 548 1408 εἶπον.
575 1340 632 1407 οὑκ
655 1343 717 1418 ἒξε-
746 1343 779 1385 ⁴⁹
792 1340 1022 1426 καίήγγισαναί
1035 1344 1204 1426 ήμέραιτοὺ
1216 1351 1347 1408 Ματτα-

76 1493 79 1498 A
113 1424 290 1506 λευσόμεθα,
304 1425 372 1491 οὑδὲ
384 1422 545 1510 ποιήσομεν
559 1425 612 1490 τὸν
625 1421 716 1502 λόγον
747 1431 821 1490 θίου
839 1424 1020 1502 ἀποθανεῖν,
1046 1426 1098 1490 καί
1119 1423 1180 1490 εἶπε
1195 1438 1259 1500 τοῖς
1277 1430 1352 1500 υἱοῖς

114 1514 167 1575 τοῦ
178 1510 321 1596 βασιλέως
333 1514 388 1574 τοῦ
399 1511 568 1597 βεβηλαῑσαι
580 1509 634 1594 τήν
646 1506 717 1593 ήμέ-
748 1506 850 1573 αὑτοῦ.
899 1514 950 1573 νῦν
975 1508 1137 1594 ἓστηρίχθη
1163 1507 1351 1593 ὑπερηφανία

114 1617 168 1674 ραν
180 1597 241 1656 τῶν
259 1592 426 1680 σαββάτων.
458 1595 487 1637 ³⁵
502 1595 552 1658 καί
574 1592 718 1677 ἐτάχυναν
747 1595 798 1657 καί
816 1591 934 1676 ίλεγμὸς
950 1597 1003 1659 καί
1019 1591 1122 1678 καιρὸς
1143 1596 1353 1678 καταστροφῆς

114 1675 159 1740 ἐπ’
176 1671 288 1749 αὐτούς
299 1676 440 1760 πόλεμον.
468 1677 499 1718 ³⁶
511 1679 562 1741 καί
574 1676 629 1742 ούκ
643 1675 716 1740 ἀπε-
747 1678 798 1740 καὶ
811 1675 885 1760 ἀργή
899 1681 1011 1759 θυμοῦ.
1038 1677 1125 1741 60καὶ
1134 1681 1186 1742 νῦν
1198 1679 1288 1742 τέκνα
1301 1677 1350 1758 ζη-

115 1764 262 1844 ιιρίθηοαν
275 1758 393 1835 αὐτοῖς,
407 1757 477 1824 οὑδὲ
489 1759 577 1824 λίθον
590 1763 718 1824 ἐνετίνα-
748 1756 861 1825 λιόσατε
874 1765 919 1841 τῷ
930 1757 1023 1842 νόμῳ,
1040 1762 1091 1823 καί
1103 1755 1172 1824 δότε
1183 1760 1239 1833 τὰς
1251 1760 1351 1860 φυχάς

113 1847 167 1918 ξαν
179 1840 293 1916 αὐτοῖς,
303 1843 372 1908 οὐδὲ
385 1844 550 1927 ἐνέφραξαν
562 1842 633 1917 τοὺς
644 1839 714 1926 κρό-
749 1841 830 1925 ὑμῶν
843 1841 917 1927 ὑπὲρ
935 1839 1078 1926 διαθήκης
1098 1846 1239 1927 πατέρων
1257 1846 1349 1924 ημαῑν.

112 1951 198 2004 φους,
224 1926 401 2003 37λέγοντες.
428 1921 631 2008 ἀποθάνωμεν
640 1923 717 1990 πόν-
749 1927 775 1970 ⁵¹
792 1924 942 2010 μνήσθητε
964 1930 1026 1990 τῶν
1048 1928 1186 2009 πατέρων
1206 1922 1290 2009 ήμῶν
1310 1921 1352 1989 τά

112 2035 158 2082 τες
181 2014 212 2074 ἐν
232 2014 271 2102 τῇ
288 2006 436 2095 ἁπλότητι
458 2008 552 2093 ήμῶν.
576 2021 720 2094 μαρτυρεῖ
749 2012 822 2093 ἔργα
841 2007 862 2076 ἀ
882 2012 1025 2091 ἐποίησαν
1041 2012 1073 2074 ἐν
1092 2021 1157 2083 ταῖς
1173 2019 1282 2086 γενεαῖς
1294 2004 1352 2072 αὑ-

111 2090 154 2168 ἑφ’
178 2092 252 2174 ήμᾶς
270 2090 288 2156 ὁ
307 2091 432 2176 οὐρανὸς
450 2095 501 2158 καί
520 2089 538 2174 ή
555 2098 603 2175 γή,
618 2093 664 2158 ὅτι
678 2091 714 2156 ἀ·
749 2097 827 2167 τῶν,
878 2095 930 2158 καὶ
954 2094 1082 2168 δέξασθε
1110 2088 1201 2169 δόξαν
1225 2087 1351 2174 μεγάλην

112 2179 219 2257 κρίτως
241 2170 394 2238 ἀπόλλυτε
415 2173 500 2258 ἡμᾶς.
528 2177 560 2218 ³⁸
573 2179 624 2239 καί
645 2174 716 2240 ἀνὲ-
749 2178 800 2238 καί
812 2173 910 2259 ὄνομα
925 2174 1058 2240 αἰώνιον.
1099 2174 1271 2261 52Ἀβραὰμ
1284 2173 1351 2257 οδχί

113 2281 225 2338 στησαν
236 2252 280 2319 ἐπ’
298 2253 409 2330 αὐτούς
421 2259 452 2319 ἐν
463 2261 508 2338 τῴ
520 2257 641 2340 πολέμῳ
653 2269 717 2331 τοῖς
750 2261 780 2322 ἐν
792 2263 947 2342 πειρασμῷ
959 2255 1067 2340 εὑρέθη
1080 2256 1194 2330 πιστὸς,
1217 2258 1268 2320 καί
1280 2254 1348 2319 ἔλο-

112 2335 254 2423 σάββασι,
279 2340 331 2402 καί
344 2336 502 2404 ἀπέθανον
520 2338 672 2403 αὐτοίκαὶ
684 2343 717 2404 αὑ
747 2346 838 2422 γίσθη
852 2339 937 2421 αὐτῷ
954 2344 993 2414 εἰς
1011 2333 1216 2421 δικαιοσύνηνς
1242 2339 1271 2381 ⁵⁸
1282 2335 1349 2400 Ἰω-

111 2431 242 2499 γυναῖιιες
254 2416 364 2497 αὑτῶν,
386 2424 439 2487 καὶ
450 2418 489 2485 τά
502 2423 592 2486 τέκνα
605 2419 715 2499 αὐτῶν,
749 2422 808 2504 σήφ
821 2427 851 2487 ἐν
863 2449 911 2486 και
931 2419 1265 2505 ᾤστενσχωρίαςαύτοῦ
1277 2415 1349 2500 ἐφύ-

112 2505 163 2568 καί
179 2502 218 2568 τά
235 2499 324 2607 κτήνη
342 2502 445 2569 αὑτῶν
463 2510 518 2579 ἕως
533 2506 635 2589 χιλίων
654 2524 715 2586 ψυ-
747 2506 835 2581 λαξεν
847 2447 1039 2587 ἕντολήν,καί
1051 2507 1164 2580 ἐγένετο
1177 2501 1275 2606 κύριος
1286 2506 1349 2567 Αί-

111 2587 362 2672 χώνάνθρωπων.
390 2589 477 2652 39καί
490 2592 566 2666 ἔγνω
579 2595 714 2652 Ματτα-
746 2583 871 2666 γύπτον.
903 2589 934 2631 ⁶⁴
947 2588 1046 2661 Φινεὲς
1063 2585 1081 2651 ὑ
1099 2584 1200 2672 πατήρ
1217 2591 1299 2670 ημῶν
1316 2590 1349 2651 ἐν

111 2677 183 2744 θίας
194 2673 245 2735 καί
257 2676 289 2734 οἱ
302 2672 384 2751 φίλοι
399 2669 504 2748 αὑτοῦ,
518 2673 569 2736 καί
583 2675 710 2755 ἐπένθη-
746 2675 789 2753 τῴ
815 2672 942 2752 ζηλῶσαι
965 2671 1063 2754 ζῆλον,
1086 2669 1177 2756 ἔλαβε
1201 2665 1348 2754 διαθήκην

111 2780 166 2819 σαν
184 2753 228 2817 ἐπ’
251 2752 364 2828 αὑτούς
381 2759 437 2828 ἕως
457 2751 583 2838 σφόδρα.
609 2752 643 2797 ⁴⁰
661 2756 714 2820 καὶ
746 2750 903 2838 ἱερωσύνης
919 2758 1050 2828 αῖωνίας.
1076 2754 1105 2797 ⁶³
1115 2751 1231 2837 Ἰησοῦς
1250 2755 1281 2817 ἐν
1302 2755 1347 2835 τῷ

110 2836 186 2900 εἶπεν
208 2834 283 2920 ἀνήρ
305 2841 349 2920 τῷ
371 2836 500 2922 πλησίον
523 2834 629 2902 αὑτοῦ.
658 2836 713 2902 ίάν
744 2836 901 2923 πληρῶσαι
926 2832 1029 2914 λόγον,
1055 2838 1167 2915 ἐγένετο
1193 2834 1291 2922 κριτής
1317 2838 1349 2900 ἐν

110 2916 217 2993 πάντες
239 2915 408 3003 ποιήσωμεν
430 2918 471 2996 ὡς
489 2925 521 2986 οί
538 2919 660 3000 ἀδελφοὶ
676 2916 712 3004 ἢ·
742 2916 871 3005 Ἰσραήλ.
905 2922 936 2964 ⁵⁶
949 2917 1054 3004 Χάλεβ
1071 2923 1102 2983 ἐν
1118 2925 1162 3003 τῷ
1184 2912 1347 3002 ἐπιμαρτύ-

107 3007 170 3085 μών
193 3006 355 3085 ἐποίησαν,
374 3005 424 3068 καί
443 3003 482 3088 μή
504 3000 712 3090 πολεμήσωμεν
744 3014 858 3089 ρασθαι
884 3007 916 3069 ἒν
939 3007 978 3096 τῇ
1001 3004 1152 3085 ἐκκλησία,
1179 3002 1269 3087 ἔλαβε
1293 3006 1347 3084 γῆς

107 3087 184 3171 πρὸς
197 3084 236 3150 τά
250 3089 325 3168 ἔθνη
344 3084 418 3171 ὑπὲρ
437 3092 497 3153 τῶν
511 3092 615 3172 ψυχῶν
627 3084 711 3172 ήμῶν
744 3089 951 3172 κληρονομίαν.
987 3086 1126 3152 67Δαυίδ
1149 3090 1180 3151 ἐν
1205 3090 1250 3167 τῷ
1272 3085 1346 3166 ἐλέῳ

107 3171 231 3233 καὶτῶν
244 3166 451 3251 δικαιωμάτων
469 3169 566 3254 ήμῶν,
592 3176 644 3237 νῦν
654 3169 711 3236 τά-
744 3169 848 3245 αὑτοῦ,
863 3165 1077 3254 ἐκληρονόμησε
1088 3171 1204 3251 θρόνον
1217 3167 1346 3255 βασιλεί-

106 3278 169 3337 χιον
189 3249 265 3335 ήμάς
286 3252 552 3338 ἐξολοθρεύσουοιν
575 3252 637 3320 ἀπὸ
660 3260 711 3341 τῆς
744 3281 779 3329 ας
791 3259 829 3329 είς
842 3258 938 3319 αἰῶνα
956 3258 1070 3328 αἰῶνος.
1096 3249 1247 3326 68Ἦλίας
1260 3255 1290 3314 ἒν
1302 3254 1347 3333 τῷ

106 3339 166 3418 γής.
204 3337 234 3378 ⁴1
247 3338 298 3402 καί
323 3335 533 3423 ἐβουλεύσαντο
558 3339 594 3430 τῇ
616 3339 710 3422 ἡμέρας
744 3339 873 3420 ζηλῶσαι
886 3337 973 3418 ζῆλον
992 3334 1099 3414 νόμου,
1123 3333 1277 3436 ἀνελήφθη
1290 3338 1346 3405 ἕως

107 3422 210 3506 ἐκείνῃ,
236 3419 376 3496 λέγοντες.
411 3426 471 3494 πᾶς
493 3420 657 3499 ἄνθρωπος
678 3417 711 3494 ὃς
743 3419 848 3494 εἰςτδν
858 3415 994 3503 οὐρανόν.
1007 3415 1344 3496 ὄθἈνανίαςΑζαρίας,

107 3500 160 3566 ἐάν
180 3501 261 3587 ἔλθη
280 3498 356 3583 πρὸς
374 3497 450 3581 ἡμᾶς
469 3506 508 3575 είς
524 3501 656 3582 πόλεμον
673 3506 710 3593 τῇ
744 3499 881 3583 Μισαήλ,
904 3496 1108 3570 πιστεύσαντες
1127 3491 1289 3578 ἐσώθησαν
1311 3497 1345 3559 ἐκ

107 3582 203 3664 ήμὲρᾳ
230 3585 290 3645 τῶν
309 3577 477 3666 σαββάτων,
503 3581 711 3666 πολεμήσωμεν
743 3579 866 3664 φλογός.
903 3583 934 3626 ⁶⁰
948 3580 1060 3664 Δανιήλ
1083 3583 1114 3644 ἐν
1135 3582 1174 3670 τῇ
1195 3574 1345 3662 ἁπλότητι

107 3668 262 3728 κατέναντι
279 3661 390 3737 αὑτοῦ,
415 3666 467 3728 καί
479 3663 514 3727 οὑ
531 3661 710 3746 μήάποθά-
743 3663 840 3730 αὑτοῦ
853 3660 986 3748 ἐρ’ρύσθη
1003 3666 1034 3726 ἐκ
1047 3657 1196 3745 στόματος
1207 3656 1342 3727 λεόντων.

107 3773 199 3829 νωμεν
213 3743 324 3819 πάντες
340 3742 444 3821 καθώς
459 3745 614 3811 ἀπέθανον
626 3752 657 3812 oz
672 3747 710 3812 ἀ·
743 3749 834 3813 61καί
851 3745 946 3821 οὑτως
968 3741 1126 3828 ἐννοήθητι
1147 3741 1225 3808 κατά
1242 3744 1344 3823 γενεάν

107 3831 211 3911 δελφοὶ
223 3827 304 3913 ήμῶν
317 3833 347 3893 ἕν
364 3840 428 3904 τοῖς
441 3827 572 3932 κρύφοις.
597 3832 630 3872 ⁴²
641 3825 710 3896 τότε
743 3831 793 3896 καί
805 3829 921 3908 γενεὰν,
948 3824 996 3895 ὅτι
1013 3822 1120 3901 πάντες
1138 3830 1169 3891 οῖ
1181 3827 1343 3904 ἐλπιζοντες

108 3911 296 3998 συνήχθησαν
316 3912 393 3998 πρὸς
420 3911 531 3987 αὐτους
553 3913 707 4000 συναγωγή
742 3911 786 3978 ἐπ’
803 3908 896 3977 αὑτὸν
908 3910 962 3976 οὑκ
973 3906 1178 3995 ἀσθενήσουσι.
1206 3908 1343 3976 62καίά-

104 3993 263 4062 Ἰουδαίων
269 3997 381 4080 ἰσχυροί
389 3993 506 4078 δυνάμει
513 3993 708 4082 ἀπὸἸσραήλ,
741 3997 785 4062 πὸ
799 3991 896 4073 λόγων
913 3992 1019 4075 ἀνδρὸς
1038 3990 1218 4078 ἀμαρτωλσὺ
1230 3993 1270 4077 μή
1283 4019 1342 4074 φο-

105 4084 166 4152 πᾶς
178 4077 196 4143 ὑ
211 4075 504 4163 ἓκουσιαζόμενοςτῷ
517 4077 608 4183 νόμῳ.
621 4081 709 4146 43καί
740 4083 864 4164 βηθήτε,
877 4073 922 4141 ότι
937 4075 955 4161 ή
969 4073 1041 4152 δόξα
1054 4076 1150 4141 αὑτοῦ
1163 4081 1202 4152 εἰς
1214 4083 1343 4162 κοπρίαν

105 4157 215 4235 πάντες
228 4167 259 4226 οί
280 4161 490 4243 φυγαδεύοντες
503 4160 565 4227 ἀπο
578 4170 707 4228 τῶνκα-
741 4165 842 4236 καίείς
861 4156 1023 4243 σκώληκας.
1062 4160 1091 4202 ⁶³
1105 4154 1230 4263 σήμερον
1248 4164 1343 4240 ε’παρ-

106 4248 166 4310 κων
178 4249 400 4328 προςετέθησαν
410 4245 580 4320 αὐτοῖςκαὶ
592 4249 707 4321 ἐγένον-
740 4244 866 4327 θήσεται
877 4246 928 4308 καὶ
940 4242 1045 4328 αύριον
1057 4240 1093 4308 οὐ
1106 4270 1145 4325 μη
1159 4243 1276 4333 εὑρεθῇ,
1295 4237 1343 4304 ότι

105 4352 141 4391 το
155 4324 259 4399 αὑτοῖς
272 4331 310 4399 εἰς
323 4325 476 4415 στήριγμα.
514 4328 548 4369 ⁴⁴
561 4329 611 4391 καί
624 4353 706 4393 συνε·
740 4331 881 4413 ἔστρεφεν
901 4331 938 4402 εἰς
955 4327 1011 4392 τὸν
1029 4330 1101 4411 χοῦν
1123 4322 1219 4389 αὑτοῦ
1225 4370 1235 4396 ,
1259 4319 1341 4388 καίὺ

106 4406 253 4493 στήσαντο
268 4403 408 4490 δύναμιν,
433 4413 485 4477 καί
501 4408 654 4485 ἐπάταξαν
667 4407 705 4476 ἀ·
740 4408 931 4493 διαλογισμὸς
952 4408 1049 4475 αὑτοῦ
1061 4403 1207 4473 ἀπώλετο.
1247 4405 1278 4447 ⁰⁴
1291 4408 1341 4470 καί

106 4490 282 4574 μαρτωλοὺς
301 4494 332 4554 ἐν
354 4490 429 4582 ὀργῇ
448 4493 562 4569 αὐτόν,
587 4496 637 4559 καί
650 4492 705 4560 ἀν·
742 4490 821 4574 ὑμεῖς
838 4497 926 4559 τίιινα
942 4489 1077 4576 ἰσχύσατε
1099 4490 1150 4552 καί
1171 4486 1342 4573 ἀνδρίζεσθε

1307 4573 1339 4634 ἐν
