2924 4972
155 205 222 272 996
354 197 722 266 ΜΑΚΚΛΒΑΙΩΝ
746 197 1007 260 ΔΕΥΤΕΡΟΣ
1046 198 1123 274 Κεφ.
1138 191 1223 270 ς’.6.

156 324 170 362 ²
182 319 309 402 μολῦναι
323 317 354 382 δὲ
367 316 485 380 καὶτὸν
505 318 536 378 ἐν
545 308 766 398 Ἱεροσολύμοις
800 336 853 394 της
865 307 948 396 μέχρι
967 317 1022 377 τοῦ
1043 307 1290 394 καταντήσαντος
1304 314 1415 392 αὐτοὺς

156 405 237 478 νεών,
251 405 302 466 καί
321 393 551 482 προςονομάσαι
571 395 644 470 Διὸς
655 394 765 497 Ὀλυμ·
800 394 877 475 πρὸς
889 389 1077 476 ἐκπλήρωσιν
1096 392 1251 481 ἁμαρτιῶν
1270 396 1414 476 κολάσαι,

157 491 238 560 πίου,
252 482 368 549 καὶτὸν
381 485 411 545 ἐν
421 481 555 565 Γαριζίν,
563 477 668 554 καθώς
681 483 768 554 ἒτυγ-
801 475 883 541 οὐτω
896 479 974 542 καίέ
995 476 1099 561 ’ἡμῶν
1112 483 1219 564 ἔκρινεν
1231 479 1316 555 εἶναι,
1334 486 1415 549 1·”ἰ’να

158 592 249 654 χανον
267 571 299 631 οί
316 566 369 629 τὸν
388 561 486 630 τόπον
505 568 669 636 οἰκοῦντες,
694 558 767 635 Διός
799 559 838 644 μή
852 558 931 644 πρὸς
943 585 976 624 τε
1015 588 1030 635 ς
1049 559 1240 646 ἀφικομένων
1256 565 1341 646 ἡμῶν
1354 572 1415 632 τῶν

160 656 267 734 ξενίου.
293 647 432 732 3χαλεπή
457 645 489 712 δέ
507 648 559 711 καί
580 657 644 720 τοῖς
666 644 768 728 όχλοις
800 640 954 728 ἁμαρτιῶν
971 639 1094 729 ὕστερον
1105 643 1181 731 ἡμᾶς
1194 647 1306 731 ἐκδικᾷ.
1321 647 1414 715 16διό-

159 735 197 820 ἠν
214 734 266 797 καί
283 729 417 816 δυςχερής
435 725 454 813 ἢ
474 734 629 803 ἐπίστασις
648 734 701 810 τής
713 753 768 792 κα·
801 750 856 829 περ
882 726 1027 792 οὐδέποτε
1048 727 1101 812 μέν
1123 728 1178 793 τόν
1200 730 1291 796 ἔλεον
1315 731 1414 798 αὐτοῦ

160 823 212 883 κία
228 864 235 877 .
261 814 278 857 ⁴
292 813 327 879 τὸ
340 813 391 896 μέν
403 812 462 898 γάρ
476 813 556 899 ἱερὸν
573 811 706 885 ἀσωτίας
717 811 769 874 καὶ
801 807 845 889 ἀφ
869 804 954 890 ἡμῶν
968 807 1116 917 ἀφίστησι.
1147 810 1302 879 παιδεύων
1316 817 1353 880 δὲ
1364 843 1415 898 με-

159 897 268 980 κῶμων
287 898 483 980 ἐπεπλήρωτο
511 893 572 960 ὑπὸ
591 893 650 959 τῶν
669 897 769 959 ἐθνῶν
801 890 840 955 τά
863 898 1019 978 συμφορᾶς
1044 920 1098 960 ουκ
1127 895 1335 972 ἐγκαταλείπει
1360 899 1417 965 τόν

161 976 378 1069 βαθυμούντων
403 977 468 1061 μεθ’
498 981 640 1062 ἑταιρῶν,
661 979 713 1041 καί
738 978 769 1041 ἐν
802 976 915 1040 ἑαυτοῦ
927 972 1010 1042 λαόν.
1025 977 1135 1062 17πλήν
1147 983 1202 1052 ἕως
1216 975 1417 1064 ὑπομνήσεως

161 1078 224 1139 τοῖς
238 1068 326 1148 ίεροῖς
335 1062 502 1147 περιβόλοις
513 1060 769 1142 γυναιξίπλησια-
802 1055 891 1122 ταῦθ’
908 1055 975 1143 ήμῖν
988 1057 1129 1164 είρήσθφ.
1161 1062 1190 1126 δι
1212 1060 1323 1139 ολιγων
1336 1064 1364 1127 δ’
1383 1071 1415 1130 ἐ.

161 1145 283 1226 ζόντων,
297 1150 341 1211 ε”τι
354 1147 386 1211 δὲ
395 1145 434 1209 τά
443 1142 483 1229 μή
495 1139 672 1227 καθήκοντα
686 1143 769 1207 ένδον
802 1139 942 1206 λευοτέον
954 1145 1005 1207 ἐπί
1016 1169 1073 1229 την
1090 1145 1229 1228 διήγησιν.
1268 1144 1412 1212 18Ἐλεά-

162 1228 322 1335 φερόντων.
350 1230 414 1293 ὅτὸ
430 1227 462 1293 δὲ
478 1223 694 1310 θυσιαστήριον
706 1236 769 1299 τοῖς
802 1219 892 1308 ζαρός
905 1250 948 1299 τις
962 1231 1025 1291 τῶν
1037 1227 1256 1313 πρωτευόντων
1273 1254 1416 1315 γραμμα-

163 1312 444 1394 αποδιεσταλμένοις
462 1308 526 1375 ἀπὸ
544 1315 605 1375 τῶν
623 1306 721 1391 νόμων
732 1305 768 1372 ἀ-
803 1310 888 1381 τέων,
907 1306 982 1392 ἀνήρ
995 1308 1052 1393 ήδη
1064 1311 1255 1398 προβεβηκώς
1273 1314 1328 1398 τήν
1348 1315 1415 1396 ήλι-

162 1403 296 1480 θεμίτοις
316 1393 518 1499 ἐπεπλήρωτο.
553 1381 627 1475 6ἦν
649 1392 676 1457 δ’
701 1389 769 1456 οὐτε
803 1395 880 1465 κίαν,
892 1393 943 1455 καί
955 1392 1009 1476 τήν
1020 1391 1171 1478 πρόςοφιν
1181 1399 1238 1458 τοῦ
1249 1395 1416 1476 πρσςῶπου

164 1482 357 1565 σαββατίζειν,
381 1478 451 1542 οὐτε
475 1472 638 1559 πατρῴους
664 1471 770 1556 ἕορτάς
803 1469 961 1550 κάλλιστος
973 1474 1308 1562 τυγχάνων,ἀναχανών
1322 1478 1416 1565 ι’χναγ-

163 1558 387 1643 διαφυλάττειν,
414 1557 484 1625 οὐτε
503 1555 607 1633 ἁπλῶς
622 1556 770 1622 Ἰουδαῖον
804 1552 908 1632 κύζετο
935 1572 1037 1639 φαγεῖν
1064 1559 1142 1626 ὐειον
1163 1564 1260 1646 κρέας.
1300 1561 1415 1630 1θὸδέ

164 1644 320 1729 ὁμολογεῖν
333 1643 417 1709 εἶναι.
444 1641 573 1726 7ήγοντο
587 1641 619 1707 δὲ
631 1638 705 1726 μετὰ
716 1667 769 1706 πι-
803 1637 856 1703 τὸν
875 1638 933 1719 μετ’
958 1640 1088 1719 εὐκλείας
1105 1641 1245 1711 θάνατον
1262 1646 1415 1730 μᾶλλονῆ

164 1730 238 1812 κράς
250 1722 379 1809 ἀνάγιίης
398 1731 437 1802 είς
454 1723 508 1829 τήν
526 1723 605 1791 κατά
624 1731 701 1810 μήνα
713 1727 770 1789 τοῦ
804 1721 859 1787 τὸν
875 1723 949 1807 μετά
970 1722 1085 1807 μύσους
1104 1732 1174 1814 βίον
1190 1727 1412 1811 ἀναδεξόμενος,

163 1811 311 1897 βασιλέως
319 1811 591 1895 γενέθλιονιμέραν
599 1811 649 1874 ἐπί
659 1807 770 1884 σπλαγ·
804 1804 993 1892 αὐθαιρέτως
1010 1811 1060 1874 ἐπί
1072 1809 1109 1876 τὸ
1127 1806 1281 1892 τύμπανον
1297 1819 1411 1896 προςή-

164 1890 292 1979 χνισμόν.
317 1897 471 1976 γενομένης
483 1839 515 1956 δὲ
527 1897 690 1957 Διονυσίων
703 1893 771 1971 έορ-
804 1913 845 1966 γε.
872 1887 1051 1975 προπτύαας
1075 1894 1109 1959 δὲ
1143 1897 1175 1938 ²⁰
1198 1893 1268 1957 καθ’
1292 1891 1328 1956 όν
1348 1896 1408 1957 ἔδει

164 1981 216 2060 τῆς
247 1972 453 2060 ἠναγκάζοντο
479 1979 510 2039 οῑ
533 1973 680 2039 Ἰουδαῖοι
704 1998 770 2037 κισ·
804 1967 920 2057 τρόπον
932 1979 1146 2062 προςέρχεσθαι
1154 1973 1223 2049 τούς
1234 1973 1409 2057 ὑπομένον-

165 2058 239 2133 σούς
254 2062 367 2141 ἔχοντες
384 2054 542 2138 πομπεύειν
559 2062 604 2140 τῶ
623 2056 769 2138 Διονύσῳ.
805 2080 859 2130 τας
872 2051 1050 2137 ἀμύνεσθαι,
1073 2051 1114 2124 ῶν
1135 2055 1170 2124 οὐ
1192 2062 1278 2140 θέμις
1298 2055 1410 2135 γεύσα·

165 2138 333 2226 8ψήφισμα
350 2137 382 2205 δὲ
401 2142 532 2217 ἐξέπεσεν
550 2143 589 2214 είς
607 2138 660 2213 τάς
676 2136 771 2204 ἀστυ-
806 2147 880 2202 σθαι
893 2136 943 2203 διά
961 2139 1016 2224 τήν
1033 2141 1111 2227 πρός
1126 2141 1163 2206 τό
1182 2143 1235 2233 ζῇν
1247 2141 1412 2224 φιλοπαρ-

164 2229 298 2301 γείτονας
321 2219 422 2298 πόλεις
437 2220 624 2307 Ἑλληνίδας,
651 2221 773 2287 Πτολε-
804 2226 880 2298 γίαν.
918 2224 946 2264 ²¹
959 2227 990 2288 οί
1014 2224 1046 2288 δέ
1072 2226 1148 2312 πρὸς
1173 2230 1217 2307 τῷ
1241 2227 1413 2311 παρανόμῳ

164 2305 264 2390 μαίων
278 2309 501 2388 ὑποτιθεμένων
513 2306 568 2390 τήν
581 2303 677 2389 αὐτήν
690 2303 771 2383 ἀγω·
806 2303 1015 2391 σπλαγχνισμῷ
1034 2312 1222 2390 τεταγμένοι,
1246 2309 1298 2375 διόι
1312 2306 1370 2388 τήν
1381 2313 1414 2372 ἐκ

164 2388 223 2473 γήν
248 2388 325 2454 κατά
351 2395 413 2456 τῶν
435 2387 603 2466 Ἰουδαίων,
618 2387 698 2466 ἀγειν
722 2391 773 2452 καί
804 2392 866 2452 τῶν
878 2389 1017 2455 παλαιῶν
1027 2388 1142 2475 χρόνων
1160 2391 1238 2475 πρὸς
1249 2390 1303 2457 τόν
1315 2390 1415 2475 ἀνδρα

165 2473 373 2556 οπλαγχνίζειν.
400 2472 494 2548 9τούς
507 2473 539 2537 δὲ
551 2471 591 2554 μή
605 2495 772 2555 προαιρου-
804 2475 929 2547 γνῶσιν,
955 2470 1157 2559 ἀπολαβόντες
1170 2474 1264 2540 αὐτὸν
1276 2476 1415 2539 κατιδίαν

164 2559 270 2637 μένους
287 2560 470 2642 μεταβαίνειν
487 2559 537 2621 ἐπὶ
559 2553 598 2620 τά
613 2550 771 2651 Ἑλληνικά
805 2551 1003 2638 παρεκάλουν,
1011 2562 1171 2635 ἐνέγκαντα
1180 2562 1253 2644 κρέα
1263 2558 1304 2633 οίς
1314 2562 1415 2639 καθή-

165 2639 371 2716 κατασφάξειν.
411 2644 513 2724 παρῆν
539 2629 591 2704 οὐν
620 2634 696 2722 ὁρᾷν
718 2661 772 2718 την
806 2661 860 2701 κον
873 2642 958 2720 αὐτῷ
969 2637 1140 2724 χρήσασθαι
1153 2639 1186 2705 δι’
1204 2640 1413 2724 αὐτοῦπαρα-

166 2727 331 2789 ἐνεστῶσαν
344 2722 563 2807 ταλαιπωρίαν.
602 2725 631 2764 ¹⁰
644 2717 698 2785 δύο
712 2717 771 2801 γὰρ
807 2719 1028 2799 σκευασθέντα,
1053 2720 1259 2807 ὐποκριθήναι
1278 2723 1311 2789 δὲ
1328 2721 1370 2799 ὡς
1383 2728 1413 2788 ἐ-

166 2819 300 2881 γυναῖκες
323 2803 524 2889 ἀνηνέχθησαν
536 2815 771 2888 περιτετμηκυῖαι
806 2809 933 2869 οθίσντα
951 2805 989 2871 τά
1008 2804 1137 2871 ἀπὸτοῦ
1154 2802 1301 2892 βασιλέως
1322 2833 1416 2889 προς·

164 2886 311 2953 τὰτέκνα
329 2890 440 2953 αὐτῶν.
476 2884 593 2955 τούτων
610 2886 642 2950 δὲ
661 2889 692 2951 ἐκ
712 2889 772 2949 τῶν
806 2883 967 2968 τεταγμένα
993 2893 1055 2954 τῶν
1074 2887 1137 2954 ἀπό
1152 2894 1204 2971 τῆς
1220 2895 1335 2962 θυσίας
1347 2916 1418 2972 κρε-

164 2977 287 3052 μαστῶν
309 2967 507 3056 κρεμάσαντες
531 2970 571 3035 τά
590 2973 696 3073 βρέφη,
721 2970 772 3031 καὶ
807 2974 869 3045 ῶν,
896 2973 926 3012 ²²
939 2976 990 3037 ἵνα
1011 2976 1102 3036 τοῦτο
1124 2970 1239 3053 πράξας
1261 2967 1418 3054 ἀπολυθῇ

165 3055 295 3156 δημοσίᾳ
331 3050 558 3140 περιαγαγόντες
589 3053 684 3129 αυτάς
717 3051 772 3135 τήν
806 3057 861 3118 τού
885 3050 1035 3132 θανάτου,
1048 3055 1098 3117 καὶ
1121 3053 1170 3117 διὰ
1196 3049 1249 3133 τήν
1275 3044 1417 3135 ἀρχαίαν

163 3137 255 3200 πολιν
272 3134 352 3200 κατά
375 3142 431 3200 τοῦ
453 3143 564 3219 τείχους
588 3133 770 3236 ἐκρήμνισαν.
804 3134 881 3218 πρὸς
897 3135 1005 3211 αὐτούς
1023 3135 1122 3217 φιλίαν
1139 3131 1214 3219 τύχη
1231 3133 1416 3220 φιλανθρω-

166 3221 189 3258 ¹¹
204 3223 297 3302 ἕτεροι
316 3217 349 3282 δὲ
367 3217 494 3296 πλησίον
510 3220 721 3300 συνδραμοντες
733 3221 772 3292 εἷς
804 3225 884 3291 πίας.
911 3219 940 3258 ²³
953 3215 970 3282 ὁ
984 3218 1016 3282 δὲ
1033 3216 1174 3300 λογισμὸν
1192 3203 1313 3283 ἀστεῖον
1334 3217 1415 3283 ἀνα-

163 3298 203 3364 τά
217 3299 364 3384 σπήλαια,
379 3298 552 3384 λεληθότως
565 3301 645 3378 ἀγειν
656 3298 710 3384 τήν
723 3302 769 3385 έβ-
805 3298 903 3385 λαβιόν
914 3302 965 3362 καί
981 3299 1067 3375 ἀξιον
1084 3306 1138 3384 της
1157 3301 1271 3384 ἡλικίας
1291 3304 1345 3367 καί
1357 3307 1413 3402 της

163 3381 290 3467 δομάδα,
303 3379 482 3469 μηνυθέντες
489 3390 534 3466 τῷ
545 3385 688 3467 Φιλίππῳ
703 3409 771 3448 συν·
805 3388 858 3447 τοῦ
869 3377 966 3489 γήρως
979 3380 1138 3469 ὑπεροχῆς,
1165 3387 1217 3448 καί
1229 3384 1279 3467 τῆς
1293 3387 1414 3468 ἐπικτη-

164 3468 397 3551 εφλογίσθησαν,
429 3466 479 3532 διὰ
497 3469 532 3532 τὸ
550 3466 682 3616 εὐλαβῶς
699 3471 771 3551 ἔχειν
805 3492 859 3531 του
873 3492 924 3530 και
937 3470 1098 3546 ἐπιφανοῦς
1110 3469 1236 3542 πολιᾶς,
1250 3472 1300 3532 καὶ
1314 3472 1368 3541 τ”ς
1380 3471 1412 3530 ἐκ

162 3554 314 3634 βοηθῆσαι
327 3553 443 3625 ἑαυτοῖς
460 3550 538 3615 κατά
551 3549 605 3633 τήν
645 3548 708 3626 ’ξαν
721 3555 772 3657 τής
804 3548 912 3622 παιδὸς
925 3551 1082 3633 καλλίστης
1095 3550 1282 3634 ἀνατροφῆς,
1295 3495 1411 3634 μᾶλλον

163 3634 344 3714 σεμνοτάτης
358 3628 475 3716 ἡμέρας.
502 3635 704 3718 12παρακαλῶ
717 3656 772 3697 ουν
804 3632 838 3697 δὲ
850 3637 901 3717 τῆς
919 3630 1006 3710 ἀγίας
1024 3638 1075 3699 καί
1087 3641 1264 3698 θεοκτίστου
1283 3644 1411 3714 νομοθε-

162 3711 234 3788 τούς
252 3718 320 3778 ἐντυ
357 3713 483 3789 τίνοντας
504 3717 573 3796 τῆδε
599 3720 637 3799 τῆ
665 3717 771 3802 βίβλῳ,
804 3721 882 3790 σίας,
895 3714 1076 3790 ἀκολούθως
1093 3714 1283 3808 ἀπεφήνατο,
1297 3713 1412 3799 ταχέως

161 3794 201 3877 μή
226 3740 437 3862 συσιέέέεσθαι
460 3795 510 3862 διά
523 3784 582 3872 ’τὰς
605 3788 770 3883 σύμφοράς,
804 3798 898 3875 λέγων
909 3798 1096 3883 προπέμπειν
1108 3805 1146 3873 είς
1159 3786 1213 3864 τὀν
1226 3796 1312 3880 ᾅδην.
1336 3796 1410 3862 24οὐ

162 3876 334 3955 λογίζεσθαι
352 3879 383 3943 δέ
401 3878 457 3954 τάς
474 3887 618 3963 τιμωρίας
634 3881 674 3964 μή
692 3881 771 3967 πρός
802 3881 862 3965 γὰρ
876 3886 929 3964 τῆς
947 3877 1090 3965 ήμετέρας
1109 3882 1223 3966 ήλικίας
1236 3878 1322 3957 ἀξιόν
1334 3885 1413 3946 ἐστιν

162 3958 302 4043 ὄλεθρον,
319 3961 399 4026 ἀλλά
412 3962 490 4047 πρὸς
505 3965 641 4030 παιδείαν
651 3970 706 4029 τοῦ
718 3963 770 4043 γέ·
805 3963 1021 4048 ὑποκριθήναι,
1044 3971 1093 4031 ἵνα
1116 3965 1225 4031 πολλοί
1248 3968 1312 4027 τῶν
1336 3959 1414 4029 νέων

160 4066 229 4118 νους
242 4042 326 4125 ήμῶν
342 4042 423 4108 εἶναι.
461 4049 488 4088 ¹³
502 4048 553 4110 καί
566 4045 601 4111 τό
619 4046 659 4130 μή
673 4047 770 4114 πολύν
804 4043 1248 4134 ὐπολαβόντεςἜλεάζαροντόν
1262 4048 1414 4130 ἐνενηκον-

157 4123 265 4227 χρόνον
296 4126 408 4189 ἐᾶσθαι
438 4126 510 4203 τούς
540 4130 769 4217 δυσσεβούντας,
802 4135 893 4216 ταετή
923 4130 1150 4218 μεταβεβηκέναι
1180 4134 1219 4203 εἷς
1244 4128 1413 4211 ἀλλοφυλι-

159 4208 224 4273 αλλ
252 4203 367 4281 εὐθέως
396 4218 580 4289 περιπίπτειν
604 4218 768 4295 ἐπιτιμίοις,
802 4217 887 4298 σμόν,
915 4216 1002 4281 26καί
1016 4213 1107 4281 αὐτοὶ
1118 4211 1168 4279 διά
1179 4212 1234 4296 τήν
1246 4211 1318 4297 ἐμήν
1332 4209 1412 4278 ὑπό-

156 4288 285 4375 μεγοίλης
295 4291 459 4375 εὐεργεσίας
469 4296 585 4374 σημεῖόν
599 4299 685 4360 ἐστιν.
700 4297 768 4363 ¹⁴01)
801 4325 912 4381 κρισιν,
940 4301 992 4363 καί
1004 4298 1054 4362 διά
1069 4300 1105 4362 τὸ
1120 4295 1225 4383 μικρὸν
1239 4301 1289 4362 καί
1304 4295 1413 4380 ἀκαρι-

156 4373 216 4455 γάρ
239 4373 381 4456 καθάπερ
401 4377 451 4439 καί
468 4379 591 4440 ἐπὶτῶν
610 4377 714 4444 ἀλλων
737 4386 767 4446 ἐ-
801 4394 870 4447 αῖον
882 4384 933 4460 ζῆν
945 4382 1125 4462 πλανηθῶσι
1135 4382 1169 4446 δι’
1183 4379 1241 4464 ἐμὲ,
1255 4381 1307 4444 καί
1318 4384 1414 4460 μύσος

157 4462 240 4520 θνῶν
253 4455 388 4540 ἀναμένει
401 4465 608 4546 μακροθυμῶν
622 4461 640 4526 ὁ
655 4461 765 4530 δεσπό-
800 4470 851 4531 καί
863 4451 969 4550 κηλίδα
983 4468 1040 4529 τοῦ
1056 4462 1157 4554 γήρως
1174 4459 1411 4611 κατακτήσοχιέτιῖ.

1384 4573 1398 4612 ε
