2924 4972
288 240 583 310 σΑυιΛσιιιιν
607 247 765 311 mm
802 240 1004 352 κεφαλή.
1022 248 1133 351 ¹⁷¹⁸?
1265 249 1331 316 σοι

87 351 274 440 ἦρ’ῥάστησεν
292 354 310 421 ό
329 357 393 432 υἱός
412 355 618 462 τήςςγυναικός
640 363 693 442 τῆς
726 364 786 424 τῶν
811 363 932 461 σκηνοῐν.
968 362 1047 428 6καί
1066 364 1197 445 ίμέρισαν
1214 362 1332 437 ιὀιυτοίς

86 444 189 524 κυρίας
200 444 257 505 τοῦ
269 439 363 505 οἴκου.
390 442 442 505 καί
455 466 491 524 ην
507 439 525 524 ἢ
539 439 693 544 ἀρρωστία
725 441 779 527 τήν
790 440 862 509 όδον
879 446 934 509 τοῦ
950 444 1076 510 διελθεῖν
1086 440 1188 527 αὐτήν.
1218 441 1254 508 Ἀ
1270 442 1333 532 αιἰβ

86 519 181 586 αὐτοῦ
190 522 320 607 κραταιάν
330 519 445 608 σφόδρα
455 526 510 599 ἕως
519 522 555 589 ού
584 525 692 589 υπελεί·
725 523 992 611 ίπορεύθηίνὸδῶ
1021 471 1333 612 ιᾷ,καίἈβδιοι“ιλπο·

87 604 294 690 φθηὲναύτῴ
307 611 428 688 πνεῦμα.
442 550 603 672 18καίείπε
616 606 693 693 πρός
725 606 818 692 ρεόθη
842 612 873 673 ἐν
893 594 993 692 όδαᾷίν
1030 606 1162 704 ημόνος.
1202 611 1280 674 7καί
1295 596 1333 695 ήν

83 683 201 752 Ἠλιού.
228 695 261 753 τί
276 691 340 770 ι’·μοί
356 691 408 753 καὶ
420 691 469 756 σοι’
480 689 623 776 άνθρωπε
637 694 692 754 τοῦ
719 690 838 776 Ἀβδιυδ
856 694 889 756 ἐν
906 696 945 785 τῇ
963 690 1025 776 ὁδῷ
1041 690 1142 778 μόνος.
1173 695 1225 759 καί
1240 681 1332 777 ἦλθεν

84 775 176 848 θεοῦς
190 772 320 855 είςήλθες
329 768 513 857 πρόςμὲτοῦ
525 772 691 857 ἀναμνῆσαι
721 771 830 839 Ἡλιού
855 778 895 849 εἰς
917 771 1087 860 συνάντησιν
1112 775 1208 843 αὑτοῦ
1231 772 1329 858 μόνος.

84 853 201 928 ἀδικίας
213 880 286 937 μου,
308 858 360 921 καί
371 862 550 924 θανατῶσαι
562 857 615 922 τόν
628 851 692 922 υίόν
724 860 775 922 καὶ
794 854 913 941 Ἀβδιού
936 859 1055 924 δ’σπευσε
1080 863 1132 925 καί
1154 863 1255 927 ἔπεσεν
1278 861 1331 925 έπί

82 962 139 1017 μου
144 964 158 1014 ;
177 938 265 1002 19καὶ
277 937 472 1005 εἴπενἨλιού
484 940 560 1026 πρὸς
572 939 627 1025 τήν
637 966 690 1017 γυ-
722 936 882 1021 πρόςωπον
897 936 1006 1017 αὐτοῦ,
1031 945 1082 1006 καί
1098 941 1182 1007 είπεν.
1207 948 1233 1008 εί
1248 939 1286 1008 σύ
1304 940 1334 1008 εί

84 1031 182 1084 ναῖκα.
197 1015 248 1096 δός
259 1047 311 1104 μοι
323 1020 377 1086 τὸν
389 1017 455 1089 υίόν
467 1050 533 1089 σου.
551 1026 603 1088 καί
616 1023 689 1089 ἐλα-
723 1022 814 1096 αὐτὸς
833 1017 919 1106 κύριί
932 1047 991 1103 μου
1007 1020 1132 1102 Ἡλιούς
1158 1025 1173 1068 ⁸
1186 1030 1237 1091 καί
1251 1024 1330 1091 εἶπεν

81 1107 131 1189 βεν
148 1099 241 1168 αὐτόν
260 1109 293 1169 ἐκ
308 1109 365 1169 τοῦ
381 1102 497 1172 κόλπου
509 1105 615 1188 αὐτῆς,
639 1106 690 1169 καί
719 1102 827 1169 Ἠλιού
840 1102 934 1187 αὐτῷ.
959 1099 1028 1181 ἐγώ.
1052 1100 1190 1189 πορεύου,
1204 1106 1270 1185 λέγε
1281 1110 1328 1191 τῷ

83 1182 234 1269 ἀνήνεγκεν
251 1185 346 1252 αὐτὸν
365 1192 404 1262 εἰς
419 1187 460 1252 τό
474 1184 610 1273 ὑπερῷον
622 1178 689 1268 ἐνῷ
723 1194 815 1271 κυρίῳ
835 1212 904 1264 σου,
931 1182 996 1252 ίδού
1009 1184 1130 1252 Ἠλιού.
1155 1188 1234 1253 ”nal
1250 1188 1330 1255 είπεν

84 1265 175 1341 αὐτὸς
189 1267 323 1351 ἐκάθητο
335 1271 401 1345 ἐκεῖ,
414 1272 465 1334 καί
478 1272 622 1350 ἐκοίμισεν
634 1267 691 1334 αιἰ-
719 1264 846 1356 Ἀβδιού.
872 1275 905 1335 τί
919 1266 1092 1355 ἡμάρτηκα,
1117 1263 1165 1333 ότι
1179 1270 1265 1344 δίδως
1277 1271 1331 1334 τὸν

83 1346 138 1412 τὸν
151 1352 266 1432 δπὶτής
283 1349 389 1433 κλίνης.
426 1353 523 1417 20καί
535 1348 691 1455 ἀνεβόησεν
723 1348 834 1418 δοῦλόν
852 1378 908 1419 σου
922 1358 962 1427 είς
977 1365 1060 1438 χεῖρα
1072 1348 1188 1437 Ἀχοάβ
1200 1356 1256 1416 τοῦ
1268 1361 1331 1417 θα-

83 1427 202 1506 Ἠλισύ,
215 1433 268 1495 καὶ
278 1430 364 1497 εἶπεν.
379 1435 414 1499 οἴ
418 1460 470 1518 μοι
482 1432 571 1539 κύριε,
583 1461 601 1499 ο
612 1433 689 1521 μάρ-
723 1441 856 1502 νατιδσαί
866 1461 917 1519 με,·
942 1437 972 1479 ¹⁰
984 1440 1020 1526 ζῇ
1035 1431 1138 1518 κύριος
1150 1431 1168 1499 ό
1180 1429 1252 1510 θεός
1264 1460 1329 1510 σου,

82 1538 135 1588 τυς
160 1518 213 1618 τής
236 1508 328 1601 χήρας
346 1515 410 1598 μεθ’
430 1509 465 1602 ής
481 1521 540 1595 ίγιυ
558 1521 690 1584 κατοικῶ
721 1524 746 1583 ελ
758 1521 839 1584 ἔστιν
851 1522 940 1593 ἔθνος
951 1517 1125 1604 ήβασιλεία,
1138 1510 1176 1583 σύ
1187 1514 1242 1583 ούκ
1253 1515 1329 1585 άπά-

83 1592 143 1676 μεά
158 1601 268 1699 αυτής,
293 1595 329 1665 σύ
341 1594 507 1675 κεκάκωκας
518 1606 575 1666 τοῦ
586 1614 687 1667 θανα-
721 1602 827 1668 στειίεν
840 1599 858 1666 ὁ
872 1596 971 1686 κύριός
987 1628 1046 1683 μου
1062 1604 1214 1684 ζητεῖνσε,
1240 1601 1293 1667 καὶ
1302 1602 1331 1667 εί

83 1683 179 1744 σῶσαι
196 1703 250 1744 τον
268 1680 333 1748 υἱὸν
349 1679 450 1767 αὐτῆς.
475 1685 503 1725 ²¹
517 1687 568 1750 καί
587 1679 687 1766 ἰνεφύ-
720 1683 812 1761 εἶπον,
827 1682 882 1750 ούκ
896 1686 968 1749 ἔστι.
990 1686 1041 1750 καί
1053 1687 1192 1769 ἐνέπρησε
1204 1680 1258 1785 τήν
1269 1688 1327 1770 βα-

83 1787 153 1846 σησε
166 1767 210 1846 τρῖ
221 1765 373 1851 παιδαρίῳ
386 1769 462 1851 τρίς,
481 1768 533 1832 καὶ
544 1767 686 1833 ίπεκαλέ-
719 1768 828 1834 σιλείαν
839 1770 891 1832 καί
902 1765 955 1845 τάς
969 1765 1068 1853 χώρας
1080 1765 1187 1851 αὐτῆς,
1212 1764 1259 1832 ὁτι
1272 1764 1327 1851 οὐχ

81 1869 156 1911 σατο
181 1845 237 1910 τόν
252 1844 374 1934 κύριον,
400 1851 451 1914 καί
468 1848 538 1916 εἶπε.
571 1845 650 1937 κύριε
668 1846 687 1913 ό
719 1848 823 1935 εύρηκέ
832 1876 872 1917 σε.
885 1853 967 1916 11καί
978 1856 1029 1917 νῦν
1038 1850 1076 1916 σύ
1086 1852 1186 1928 λέγεις,
1197 1844 1326 1932 πορεύου

81 1923 151 2003 θεός
174 1955 247 2011 μου,
274 1927 484 2017 ἐπιστραφήτω
508 1931 544 2020 δή
566 1931 585 2018 ή
603 1932 685 2019 ψυχή
719 1931 914 2017 άνάγγελετηῖ
926 1939 1019 2019 κυρίῳ
1032 1959 1104 2009 σου,
1132 1927 1324 1999 ἲδοδἨλιού.

80 2016 135 2076 τοῦ
145 2014 307 2096 παιδαρίου
316 2018 425 2081 τούτου
434 2022 473 2092 είς
482 2013 584 2082 αὐτόν.
598 2017 687 2081 22καί
718 2020 800 2083 12καὶ
812 2021 897 2083 ἔσται
910 2017 962 2083 ίάν
971 2015 1030 2096 ίγιό
1043 2015 1174 2082 άπελθω
1184 2013 1247 2080 άπὸ
1257 2019 1324 2092 σοῦ,

80 2095 193 2170 ἐγένετο
219 2094 323 2174 οὕτως.
362 2100 415 2164 καί
436 2094 578 2185 ἀνεβόησε
601 2100 632 2141 ²³
648 2096 685 2164 τό
717 2103 767 2165 καί
778 2105 894 2183 πνεῦμα
911 2106 1015 2185 κυρίου
1028 2098 1095 2183 ἀρεῖ
1105 2125 1136 2164 σε
1154 2104 1193 2174 είς
1204 2098 1258 2201 τήν
1268 2102 1324 2182 γήν

79 2175 246 2264 παιδάριον.
272 2183 325 2244 καί
341 2180 504 2264 κατήγαγεν
527 2178 603 2246 αύτδ
621 2178 685 2246 άπό
718 2180 754 2265 ἢν
771 2180 826 2246 ούκ
844 2182 926 2257 οίδα,
951 2185 1003 2247 καί
1018 2178 1208 2265 εἰςελεύσομαι
1224 2205 1324 2258 απογ-

78 2266 133 2324 τοῡ
146 2257 281 2345 ὑπερῴου
293 2268 332 2337 εἰς
345 2263 398 2327 τὸν
411 2263 502 2338 οἷκον,
516 2266 567 2328 καὶ
579 2264 686 2328 ἔδωκεν
717 2262 813 2341 restat
826 2267 871 2344 τῷ
883 2261 1017 2348 Ἀγαόιβ,Ι
1029 2265 1080 2328 καὶ
1092 2262 1146 2348 οὐχ
1158 2260 1189 2328 εὖ
1209 2258 1269 2344 ήσει
1280 2287 1324 2340 σε,

78 2339 684 2429 αιἰτότῆμητρίαύτοῦ.καὶείπενἨλωύ.
718 2348 769 2410 καί
785 2342 937 2409 ἀποκτενεῖ
951 2371 994 2426 με.
1033 2349 1084 2410 καί
1104 2343 1122 2409 ὁ
1140 2289 1245 2421 δοῦλός
1268 2371 1324 2410 σου

78 2416 189 2509 βλέπε,’
207 2428 242 2514 ζῇ
259 2424 276 2488 δ
295 2425 360 2500 υἱός
373 2452 436 2491 σου.
462 2427 494 2470 ²⁴
516 2429 566 2491 καί
579 2423 685 2508 ελπινή
718 2429 784 2492 ἐστὶ
802 2421 982 2528 φοβούμενος
1000 2423 1053 2492 τόν
1065 2423 1168 2509 κύριον
1180 2429 1211 2489 ἐκ
1224 2423 1324 2508 νεότη-

80 2506 151 2586 γυνή
170 2505 247 2588 πρὸς
262 2504 380 2571 Ἡλιού.
421 2507 485 2571 ίδού
504 2512 619 2583 ἔγνωκα
640 2505 686 2571 ότι
718 2533 771 2582 τος
784 2512 887 2571 αυτοῦ.
912 2510 939 2549 ¹³
953 2506 972 2591 ἢ
986 2505 1041 2571 σιἰκ
1055 2506 1205 2589 ἀπηγγέλη
1219 2532 1267 2573 σοι
1279 2509 1324 2590 τῷ

81 2583 117 2651 σύ
130 2585 297 2670 ἅνθρωπος
308 2594 398 2662 θεοῦ,
423 2591 475 2651 καί
486 2592 568 2690 ῥῆμα
583 2594 686 2675 κυρίου
720 2596 813 2675 κυρίῳ
824 2616 898 2671 μου,
915 2590 965 2654 σία
977 2595 1128 2672 πεποίηκα
1142 2592 1173 2654 ἐν
1185 2593 1230 2670 τῷ
1243 2587 1324 2653 ἁπο-

80 2673 111 2734 ἔν
123 2674 168 2753 τῷ
181 2666 311 2754 στόματί
321 2697 377 2736 σου
396 2668 551 2754 άληθινον.
719 2679 836 2736 κτείνειν
855 2671 911 2754 τήν
931 2666 1056 2757 Ἰεζάβελ
1074 2669 1146 2747 τούς
1165 2667 1324 2756 προφήτας

264 2759 299 2817 K
309 2759 387 2818 ΕΦ.
433 2751 506 2819 IH'.
718 2762 838 2841 κυρίου,
863 2756 914 2819 καὶ
926 2758 1043 2842 ἔκρυψα
1056 2752 1117 2818 άπὸ
1133 2758 1324 2838 τῶνπροφη-

76 2803 163 2901 Καὶ
175 2839 288 2914 ε’γένετο
300 2835 364 2921 μεθ’
380 2834 488 2926 ἡμέρας
499 2835 624 2915 πολλάς,
634 2841 686 2904 καὶ
718 2844 779 2905 τῶν
791 2845 893 2925 κυρίου
906 2838 1014 2903 ε’κατὸν
1026 2835 1149 2922 ἄνδρας,
1175 2835 1235 2903 άνά
1254 2861 1324 2902 πεν-

77 2924 155 3005 ῥῆμα
177 2925 278 3007 κυρίου
301 2925 413 2999 ἐγίνετο
431 2918 507 3007 πρός
526 2920 634 2988 Ἠλιού
653 2926 684 2989 ἐν
718 2919 848 3006 τήκοντα
873 2926 904 2988 έν
929 2921 1065 3005 σπηλαίῳ
1089 2926 1140 2986 καί
1156 2924 1275 3003 ἔθρεψα
1292 2923 1323 2983 ἐν

76 3008 120 3086 τῷ
135 3007 257 3087 ἐνιαυτῷ
271 3009 315 3089 τῴ
327 3015 430 3093 τρίτῳ,
443 3006 547 3084 λέγων.
573 3005 684 3092 πορεύ-
717 3006 818 3093 άρτσις
829 3007 881 3071 καί
893 3000 996 3084 ύδατις
1017 3004 1047 3046 ¹⁴
1059 3004 1112 3069 καί
1124 3007 1174 3069 νῦν
1186 3000 1222 3068 σύ
1234 3003 1323 3092 λέγεις

75 3096 162 3169 θητι,
180 3089 231 3152 καί
244 3085 355 3172 όφθητι
368 3095 411 3173 τῷ
424 3086 547 3176 Ἀχαόιβ,
560 3093 612 3156 καὶ
623 3085 683 3157 δού-
712 3117 776 3196 μοι,
789 3087 931 3174 πορεύου,
944 3090 1009 3167 λε’γε
1018 3092 1062 3171 τῷ
1072 3094 1163 3174 κυρίῳ
1174 3112 1242 3162 σου,
1256 3084 1322 3151 ἰδοὺ

76 3196 120 3233 σω
135 3167 221 3234 ὑετόν
233 3173 283 3236 ἐπὶ
294 3170 454 3256 πρόςωπον
467 3178 519 3256 της
530 3179 592 3257 γῆς.
612 3175 683 3239 2καί
720 3171 839 3250 Ηλιού,
864 3173 917 3238 καί
934 3170 1091 3239 ἀποκτενεῖ
1100 3197 1135 3256 με
1138 3200 1151 3251 ,·
1176 3171 1203 3214 ¹⁵
1217 3172 1268 3235 καί
1280 3167 1322 3233 εί-

75 3250 228 3337 ἒιτορεύθη
240 3252 346 3321 Ἠλιοὺ
360 3260 416 3321 τοῦ
428 3254 562 3357 ὀφθήναι
574 3262 618 3341 τῷ
630 3256 683 3322 'A-
714 3280 768 3322 πεν
781 3252 901 3321 Ἠλιού.
927 3259 960 3346 ζῇ
979 3252 1079 3339 κύριος
1096 3259 1158 3319 τῶν
1173 3250 1322 3335 δυνάμεων

74 3334 168 3420 καᾶβ,
193 3337 244 3399 καί
257 3332 275 3417 ἦ
296 3337 377 3420 λιμὸς
389 3363 518 3420 κραταια
531 3342 562 3404 ἐν
573 3347 680 3420 Σαμα-
716 3331 742 3402 ὦ
753 3342 904 3422 παρέστην
916 3333 1041 3400 ἐνώπιον
1053 3334 1158 3408 αὐτοῦ,
1173 3332 1220 3398 ότι
1234 3335 1321 3417 σήμε-

75 3422 150 3502 ρείᾳ.
161 3418 232 3479 3καί
242 3413 374 3483 ἐκάλεσεν
383 3418 495 3503 Ἀχαάβ
504 3419 682 3507 τὸνἈβδιοὺ
716 3444 768 3504 ρον
781 3415 956 3502 ὀφθήσομαι
969 3415 1061 3498 αιἰτοβ.
1087 3419 1180 3480 16καὶ
1195 3411 1321 3499 ἐπορεύ-

75 3497 131 3560 τόν
145 3493 307 3579 οἰκονόμον.
328 3503 379 3564 καί
390 3500 508 3584 Ἀβδιοὺ
520 3489 557 3623 ήν
569 3499 683 3589 φοβού-
715 3513 758 3586 θη
777 3499 896 3587 Ἀβδιοὺ
916 3504 954 3574 εἰς
972 3496 1118 3579 συναντήν
1135 3501 1179 3579 τῷ
1198 3494 1321 3582 Ἀχαάβ,

74 3605 160 3664 μενος
177 3578 230 3644 τόν
248 3576 348 3664 κύριον
367 3579 493 3665 σφόδρα.
552 3587 604 3648 καὶ
619 3587 683 3662 ἐγέ-
715 3587 767 3650 καὶ
783 3580 958 3669 ἀπήγγειλεν
975 3578 1069 3663 αύτῷ.
1100 3581 1152 3644 καί
1169 3579 1322 3663 ἶξέδραμεν

75 3688 141 3729 νετο
160 3666 190 3737 ἐν
209 3668 254 3747 τῷ
273 3661 392 3730 τύπτειν
409 3661 462 3749 τήν
478 3660 602 3750 Ἰεζάβελ
615 3662 684 3739 τούς
711 3666 837 3752 Ἀχαάβ,
862 3667 914 3731 καί
930 3659 1084 3748 ἐπορεύθη
1100 3666 1139 3738 εἰς
1152 3656 1322 3746 συνάντησιν

75 3744 234 3832 προφήτας
246 3754 361 3834 κυρίου,
383 3750 435 3813 καί
447 3747 554 3834 ἔλαβεν
565 3744 683 3834 Ἀβδιού
713 3747 832 3813 Ἠλιοό.
848 3750 932 3813 17καί
945 3751 1059 3824 ἐγένετο
1072 3742 1113 3822 ὦς
1125 3743 1197 3811 εἶδεν
1207 3744 1322 3833 Ἀχαάβ

77 3829 183 3895 ἑκατόν
196 3829 306 3919 ἄνδρας
314 3827 472 3917 προφήτας
481 3831 533 3896 καὶ
541 3834 684 3917 κατέκρυ-
716 3827 899 3905 τὸνἨλιού,
910 3830 959 3894 καί
969 3826 1168 3916 εἶπενἈχαόιβ
1175 3825 1252 3915 πρός
1262 3826 1320 3894 'H-

76 3934 133 3994 ιμεν
145 3913 256 3990 αύτούς
268 3915 347 3980 κατὰ
364 3911 545 4000 πεντήκοντα
562 3918 595 3979 ἐν
607 3941 683 3998 σπη-
715 3907 792 3978 λιού.
806 3913 832 3978 εί
843 3910 881 3978 σύ
895 3911 923 3976 εἶ
933 3909 1025 3987 αιἰτός
1037 3907 1055 3977 ὁ
1069 3914 1254 3997 διαστρέφων
1267 3909 1320 3979 τόν

76 3995 167 4080 λαίῳ,
192 4000 244 4062 καὶ
261 3999 405 4084 διέτρεφεν
422 3995 533 4072 αὐτούς
550 4001 580 4062 ἐν
597 3997 681 4086 άρτῳ
711 3992 833 4084 Ἰσραήλ
837 4024 850 4075 ,·
876 3995 968 4059 18καί
981 3989 1184 4061 είπενἨλιού.
1204 3994 1240 4061 οὐ
1253 3997 1319 4061 δια-

76 4082 128 4144 καί
151 4076 243 4145 ἶν’δατι.
283 4084 361 4147 5καὶ
378 4080 454 4146 εἶπεν
474 4080 568 4166 Ἀχαά
603 4081 682 4167 πρός
714 4084 835 4168 στρέφω
847 4076 901 4147 τόν
910 4076 1043 4164 Ἰσραήλ,
1057 4075 1104 4143 ότι
1113 4075 1257 4163 ἀλλ’ήσύ
1267 4080 1319 4144 καί

73 4159 197 4248 Ἀβδιού.
212 4165 311 4249 δεῦρο,
325 4166 375 4229 καί
388 4165 551 4248 διέλθωμεν
563 4169 614 4230 επὶ
624 4164 680 4249 τήν
714 4162 797 4241 οἶκος
809 4167 867 4230 τοῦ
878 4158 995 4249 πατρός
1008 4188 1063 4229 σου
1076 4164 1106 4226 ἐν
1118 4169 1162 4246 τῷ
1174 4163 1319 4244 καταλιμ-

74 4250 130 4329 γήν
143 4249 193 4310 καὶ
205 4248 255 4312 ἐπί
267 4245 365 4330 πηγάς
375 4251 435 4312 τῶν
445 4244 561 4312 ὑδάτων
569 4250 621 4312 καί
631 4250 681 4312 ἐπὶ
712 4243 814 4314 πάνειν
840 4243 914 4329 ὑμᾶς
937 4243 990 4312 τόν
1013 4243 1115 4333 κύριον
1137 4244 1211 4310 θεὸν
1230 4242 1318 4326 ὑμῶν,

73 4325 252 4415 χειμάρρους,
266 4326 316 4394 ἐάν
328 4357 393 4405 πως
405 4326 531 4415 εὕρωμεν
539 4326 679 4413 βοτάνην,
711 4331 763 4393 καί
787 4327 954 4415 έπορεύθης
979 4328 1079 4396 ὀπίσω
1105 4333 1166 4393 τῶν
1184 4328 1318 4408 Βααλίμ.

74 4408 680 4498 καίπεριποιησάμεθα’ίππουςκαὶήμιό-
711 4414 739 4454 ¹⁹
753 4417 803 4479 καί
828 4416 879 4478 νῦν
901 4408 1094 4484 ἀπόστειλον,
1120 4404 1320 4508 συνάθροισορ

73 4519 149 4572 νους,
164 4498 214 4559 καὶ
226 4494 281 4560 οὐκ
294 4495 602 4582 ίξολοθρευθήσονται
615 4491 679 4561 άπὸ
711 4495 788 4582 πρὸς
812 4495 849 4579 μὲ
872 4491 975 4560 πάντα
995 4488 1119 4576 Ἰσραήλ
1138 4493 1176 4562 ⁶¹5·
1197 4487 1270 4630 ὄρνιξ
1283 4513 1320 4552 ῐθ
