2924 4972
165 231 232 305 930
432 227 456 282 Ι
464 221 532 281 ΕΖ
543 219 647 279 w
656 213 728 274 HA
777 214 853 289 Κεφ.
867 206 913 292 μί’
916 203 990 291 .μη’-
1003 205 1056 274 47.
1068 206 1120 274 48.

160 335 641 432 βοάσιμονούμηπαλαιωθηίπ
663 355 771 406 αυτου,
807 324 928 411 ηλύτσις
942 340 1005 402 τοῖς
1016 324 1075 409 μετ’
1097 325 1210 391 αὐτῶν.
1241 330 1312 392 ἐκεῖ
1324 326 1425 393 δάσεα

163 405 287 527 οδδὲμὴ
307 421 426 503 έκλείπη
445 412 704 502 ὁκαρπὸςαύτού
719 417 771 497 τῆς
808 412 1007 498 κληρονομίαν
1016 407 1212 487 αύτοίς,λέγει
1223 404 1337 513 κύριος
1347 412 1425 487 θεός

163 529 339 588 καινοτητος
352 493 446 567 ahion]
459 494 698 587 πρωτοβολὴσει,
723 494 772 562 ὅτι
985 499 1059 558 KE
1072 499 1110 557 Φ.
1153 499 1253 558 ΜΗ.

164 588 204 657 τά
219 585 315 654 ύδατα
331 585 433 652 αὐτῶν
446 587 479 649 ἐκ
492 588 554 650 τῶν
567 582 662 661 ἁγίων
673 584 771 645 ταῦτα
808 544 865 643 Κ
862 579 896 645 αἱ
906 581 1006 644 ταῦτα
1023 575 1062 642 τά
1080 573 1219 660 ὀνόματα
1237 581 1308 643 τῶν
1325 579 1427 660 φυλοίν

166 671 366 755 ἐκπορεύεται,
392 669 444 733 καί
457 670 543 732 ἔσται
557 663 574 731 ὁ
588 663 703 751 καρπός
716 661 773 729 αύ-
809 660 872 729 ἀπὸ
885 667 938 746 τῆς
951 658 1043 746 άρχῆς
1055 665 1107 745 τῆς
1119 660 1197 744 πρὸς
1209 663 1359 746 Βορρᾶν,
1371 689 1426 728 κα·

165 760 226 820 των
239 758 277 828 είς
293 756 419 840 βρῶσιν,
444 752 496 815 καί
514 748 659 837 ἀνάβασις
671 746 772 813 αὐτῶν
810 742 849 810 τά
861 743 898 809 τὸ
911 748 999 830 μέρος
1017 748 1069 828 τῆς
1085 740 1285 830 καταβάσεως
1303 750 1363 811 τοῦ
1376 771 1428 811 πε-

167 843 206 914 dg
217 835 340 914 {mm
366 834 393 876 ιε
406 829 476 899 τάδε
491 829 679 917 λέγει’νύριος
691 826 772 905 θεός.
810 831 987 976 ρισχίζοντος
998 830 1049 892 ἐπί
1059 826 1114 910 τὴν
1127 827 1240 902 είςσδον
1252 826 1428 914 τῆςἪμὸθ

166 926 265 988 ταῦτα
294 917 334 983 τὰ
363 912 433 1001 ὁρια
462 909 773 999 κατακληρονομησετε
811 911 851 977 αύ
872 917 904 994 ης
929 916 987 977 τοῦ
1005 908 1120 994 Αίλὰμ,
1144 907 1230 1014 ὁρκον
1251 917 1425 996 Δαμασκσν

166 1009 219 1088 τῆς
229 1007 293 1087 γῆς,
306 1011 373 1076 ταίς
384 995 499 1064 δώδεκα
508 999 617 1080 φυλαῖς
629 1001 690 1063 τῶν
702 1000 774 1061 υἶεὸν
810 995 887 1077 πρὸς
899 997 1026 1080 Βορρᾶν
1042 991 1120 1058 κατά
1137 1019 1227 1079 μερος
1240 992 1359 1080 Ἠμάθ
1371 995 1426 1063 αύ-

165 1083 288 1171 Ἰσραὴλ
295 1080 455 1169 πρόςθεσις
465 1086 680 1167 σχοινίσματος.
695 1079 774 1144 24καί
812 1079 871 1163 λῆς.
897 1081 949 1143 καί
965 1081 1051 1143 ε”σται
1068 1076 1172 1151 αὐτοῖς
1188 1076 1230 1141 τὰ
1248 1080 1333 1163 πρὸς
1350 1080 1427 1146 ιἰνα-

165 1161 473 1271 κατακληρονσμῆσετε
484 1162 577 1250 αύτίχν
589 1169 710 1238 ίίιαστος
722 1189 772 1228 κα·
811 1160 903 1238 τολάς
915 1166 972 1236 ἕως
989 1159 1065 1245 πρὸς
1077 1155 1241 1226 θάλασσαν
1254 1163 1337 1236 Δάν,
1361 1171 1426 1247 μία.

166 1251 234 1326 θιὸς
247 1247 264 1315 ὁ
278 1246 406 1330 αδελφὸς
418 1247 523 1324 αύτού,
545 1252 585 1322 είς
597 1248 633 1333 ἣν
646 1239 707 1342 ᾖρα
721 1243 774 1331 τὴν
811 1248 826 1289 2
839 1246 890 1310 καί
902 1243 965 1311 οἰπό
976 1249 1038 1310 τῶν
1049 1243 1141 1330 ὁρίων
1149 1248 1207 1309 τού
1216 1243 1290 1312 Δάν
1299 1243 1341 1310 τά
1350 1246 1426 1333 πρὸς

167 1331 338 1420 χείράμου,
362 1337 417 1397 τοῦ
430 1333 533 1397 δοῦναι
545 1343 609 1406 τοῖς
622 1324 774 1416 πατράσιν
812 1326 978 1405 ἀνατολάς,
992 1332 1047 1403 έως
1071 1330 1133 1391 τῶν
1156 1325 1234 1413 πρὸς
1258 1329 1426 1396 θάλασσαν

169 1415 285 1494 αύτών,
309 1417 361 1481 καί
372 1428 503 1480 πεσεῖται
522 1409 541 1499 ἡ
557 1419 598 1498 γῆ
615 1409 693 1496 αύτη
708 1411 774 1496 ὑμῖν
807 1409 931 1516 Ἀσσηρ,
955 1418 1017 1496 μία.
1044 1412 1123 1475 2καί
1147 1408 1211 1476 άπὸ
1240 1418 1307 1477 τῶν
1332 1410 1424 1500 ὁρίων

168 1503 199 1566 ίν
212 1500 401 1584 κληρονομίᾳ.
435 1499 462 1541 ¹⁵
476 1499 527 1562 καί
539 1503 639 1562 ταῦτα
651 1495 690 1562 τά
703 1493 774 1582 ὁρια
808 1493 919 1580 Ἀσσηρ
932 1493 995 1560 ιἰπὸ
1008 1498 1070 1558 τῶν
1081 1492 1159 1580 πρὸς
1171 1492 1347 1574 ἀνατολάς,
1372 1503 1423 1572 ἕως

168 1587 218 1667 τῆς
235 1587 288 1664 γῆς
305 1584 358 1664 τῆς
381 1579 458 1664 πρὸς
476 1581 603 1663 Βορρᾶν
627 1577 691 1645 άπὸ
709 1589 773 1644 θα·
812 1583 873 1643 τῶν
884 1577 963 1685 πρὸς
974 1575 1139 1644 θάλασσαν
1157 1581 1350 1664 Νεφθαλὶμ,
1362 1588 1420 1665 μία

167 1662 280 1748 λύσσης
293 1669 345 1748 τίγς
360 1659 487 1746 μεγάλης
504 1667 557 1746 τῆς
570 1659 774 1747 καταβαινσύ·
812 1660 891 1725 2καί
904 1658 969 1727 απὸ
981 1664 1043 1727 τῶν
1062 1660 1154 1748 ὁρίων
1169 1664 1348 1749 Νεφθαλὶμ
1361 1662 1421 1730 ἆπδ

167 1773 232 1831 σης,
257 1747 308 1813 καί
331 1742 553 1830 περισχιζούσης
584 1751 634 1829 τῆς
660 1742 773 1821 είςύδου
812 1742 981 1822 ἀνατολῶν,
994 1749 1049 1820 ίως
1073 1749 1135 1810 τῶν
1159 1743 1237 1829 πρὸς
1261 1744 1422 1814 θάλασσαν

164 1827 355 1911 Ἤμασελδδιμ
375 1831 404 1873 ¹⁸
415 1828 774 1916 ΜααβθηράςἙβραμη-
812 1832 980 1912 Μανασσῆ,
998 1833 1059 1932 μία.
1085 1829 1164 1894 2καί
1176 1829 1242 1895 σἰπὸ
1256 1837 1320 1898 τῶν
1332 1828 1421 1916 ὁρίων

166 1914 238 1978 λιδιι
257 1912 406 1993 άναμέσον
421 1909 513 1996 ὁρίων
535 1917 704 1996 Δαμασκοῦ
722 1914 774 1977 καί
811 1917 968 1994 Μανασσῆ
992 1907 1055 1976 απὸ
1080 1917 1142 1977 τῶν
1166 1911 1246 1996 πρὸς
1272 1912 1420 1988 ἀνατολάς

166 1995 316 2076 άναμέσον
335 1991 427 2101 ὁρίων
440 1995 590 2077 Ἢμαθεί,
616 1993 774 2095 αὐλητοῦ
810 2000 873 2059 τῶν
897 1995 975 2098 πρὸς
998 1991 1166 2063 θάλασσαν
1188 1998 1335 2083 Ἐφραίμ,
1358 2004 1420 2082 μία.

165 2075 300 2152 Σαυνάν,
326 2082 359 2142 αλ
378 2082 450 2142 είσιν
470 2074 573 2144 έπάνω
595 2083 656 2144 τῶν
681 2084 774 2163 ορίων
810 2080 826 2121 ⁶
848 2079 900 2143 καί
920 2077 985 2143 απὸ
1006 2083 1070 2143 τῶν
1092 2078 1184 2166 ὁρίων
1202 2078 1337 2167 Ἐφραίμ
1358 2080 1422 2146 άπὸ

160 2160 370 2248 Λύρανίτιδος.
397 2161 535 2226 1’ταίίτα
557 2157 597 2226 τά
617 2159 634 2226 ὁ
654 2187 686 2233 ια
709 2156 772 2226 άπὸ
811 2165 871 2226 τῶν
896 2159 973 2245 πρὸς
997 2158 1163 2241 ἀνατολὰς,
1176 2169 1233 2241 ἕως
1255 2170 1320 2229 τῶν
1344 2161 1422 2249 πρὸς

166 2249 219 2326 τῆς
243 2242 411 2329 θαλάσσης.
437 2240 502 2309 άπὸ
520 2248 575 2343 της
600 2187 693 2330 αὐλῆς
719 2251 774 2310 τοῦ
811 2241 972 2311 θάλασσαν
993 2242 1138 2331 Ῥουβὴν,
1162 2257 1227 2330 μία.
1252 2249 1330 2312 2καί
1352 2246 1420 2312 άπὸ

166 2326 284 2402 Λίνὸν,
304 2323 374 2411 ὅρια
387 2331 569 2410 Δαμασκου,
582 2330 634 2393 καί
645 2329 684 2393 τά
698 2325 773 2413 πρὸς
811 2331 872 2391 τιὸν
885 2325 978 2431 ὁρίων
984 2323 1123 2416 Ῥουβὴν,
1140 2330 1204 2397 άπὸ
1217 2336 1279 2397 τῶν
1291 2327 1370 2417 πρὸς
1383 2329 1421 2394 ά-

167 2413 293 2496 Βοβράν
330 2410 359 2452 ²⁸
371 2412 422 2475 καί
450 2410 491 2475 τὰ
516 2411 596 2494 πρὸς
621 2410 774 2485 ἀνατολάς
810 2409 957 2487 νατολας,
989 2417 1046 2488 έως
1070 2418 1131 2480 τῶν
1152 2413 1231 2498 πρὸς
1254 2415 1422 2480 θάλασσαν

166 2493 377 2576 ἆναμέσοντῆς
388 2495 607 2578 Λωρανίτιδος,
632 2497 685 2558 καὶ
698 2493 773 2559 άνα-
807 2491 919 2569 Ἰούδα,
943 2501 1008 2599 μία.
1041 2497 1120 2560 θκαί
1143 2494 1207 2559 άπὸ
1234 2501 1299 2558 τοῖν
1324 2495 1421 2580 ὁρίων

165 2581 254 2661 μέσον
280 2582 459 2659 Δαμασκοῦ,
472 2578 523 2641 καί
547 2577 698 2660 άναμέσον
721 2581 773 2661 τῆς
807 2574 920 2653 Ἰούδα,
933 2577 997 2644 απὸ
1007 2583 1066 2644 ταῖν
1075 2575 1148 2662 πρός
1156 2576 1316 2650 ἀνατολάς,
1328 2582 1421 2643 ἔσται

166 2660 402 2735 Γαλααδίτιδος,
430 2662 481 2724 καί
494 2657 643 2744 άναμέσον
659 2666 711 2744 τῆς
721 2669 773 2744 γῆς
809 2658 963 2747 ἣάπαρχ“
990 2667 1045 2728 τοῦ
1064 2658 1231 2766 άμορισμού
1252 2661 1344 2724 πέντε
1363 2665 1422 2726 καί

167 2741 367 2850 τοῦἸσραηλ,
391 2740 411 2806 ὁ
419 2739 572 2829 Ἰορδάνης
589 2744 705 2829 διορίζει
722 2746 773 2810 ἐπὶ
810 2745 902 2810 εἴκοσι
921 2690 1045 2830 χιλιάδες
1063 2768 1163 2829 ευρος,
1187 2744 1239 2808 καὶ
1251 2746 1348 2827 μῆκος
1362 2772 1419 2810 κα-

163 2826 218 2911 τίχν
243 2828 411 2901 θαλασσαν,
438 2832 493 2912 τὴν
517 2825 595 2911 πρὸς
621 2826 771 2902 ἀνατολάς
808 2825 875 2903 θεὸς
894 2837 948 2910 μία
965 2835 1026 2896 τῶν
1043 2830 1164 2914 μερίδων
1176 2824 1240 2893 άπὸ
1257 2831 1323 2892 τῶν
1342 2827 1419 2916 πρὸς

165 2915 355 2984 (δοινικεύνος.
380 2914 477 2973 ταῦτα
499 2908 538 2973 τά
556 2909 632 2995 πρὸς
659 2909 772 2976 άνατο-
808 2909 1108 2989 άνατολάς,καίέως
1133 2909 1418 2998 τῶνπρὸςθάλασ-

164 2989 227 3069 λάς.
254 2993 282 3036 ¹⁹
295 2995 346 3057 καί
359 2992 397 3057 τά
411 2992 488 3076 πρὸς
500 2990 609 3059 Νότον
624 2997 675 3059 καί
686 2999 771 3081 Λίβα
808 3019 872 3059 σαν.
898 2996 949 3060 καί
964 2999 1048 3061 ε”στυι
1065 2995 1101 3061 τὸ
1115 2992 1201 3088 ίίχιον
1219 2997 1347 3078 ἐνμέσῳ
1361 2995 1417 3060 αύ-

163 3075 227 3140 άπὸ
245 3077 426 3158 Θαιμὸνκαί
444 3082 641 3154 ψοινικοίνος,
668 3083 723 3153 ἕως
737 3072 772 3141 {1¹-
807 3083 880 3145 τοῖν.
912 3075 1092 3164 9οἰνιαρχην,
1120 3073 1156 3164 ἦν
1181 3076 1348 3163 ἀφοριοῦσι
1374 3084 1417 3162 τῷ

161 3159 252 3232 δατος
269 3160 414 3241 μαριμώθ
427 3159 554 3242 Καδημ,
580 3173 771 3245 παρεκτείνον
807 3167 918 3247 κυρίῳ,
943 3166 1037 3267 μηκας
1050 3166 1138 3228 πέντε
1151 3163 1203 3227 καί
1216 3163 1311 3227 εἴκοσι
1323 3160 1417 3247 χιλιά-

161 3242 210 3304 έπὶ
220 3241 276 3323 την
284 3238 443 3306 θάλασσαν
453 3239 652 3326 τὴνμεγάλην.
667 3248 767 3309 2οτού-
807 3245 861 3321 δες,
880 3246 932 3309 καί
952 3268 1036 3324 ευρος
1054 3247 1148 3309 εἴκοσι
1170 3250 1260 3309 πέντε
1281 3242 1417 3329 χιλιάδες.

159 3349 197 3387 το
211 3323 248 3389 τὸ
265 3327 353 3409 μέρος
368 3319 474 3399 Νότος
492 3328 543 3389 καί
561 3333 650 3410 Λίψ,
675 3334 768 3393 τούτο
806 3331 835 3371 ¹⁰
846 3325 961 3391 τούτων
973 3328 1057 3389 ἔσται
1072 3323 1229 3409 ἧάπαρχη
1240 3334 1310 3394 των
1323 3327 1417 3408 ἁγίων

160 3406 196 3473 τὸ
218 3412 306 3496 μέρος
327 3413 379 3493 της
397 3405 554 3493 θαλάσσης
575 3417 626 3495 τῆς
642 3408 768 3494 μεγάλης
805 3421 865 3487 τοῖς
883 3413 987 3496 ἱερεῦσι
1008 3407 1086 3495 πρὸς
1102 3411 1232 3493 Βοῤῥάν
1256 3414 1353 3479 πέντε
1369 3415 1417 3477 ’καί

161 3489 263 3574 ὁρίζει,
282 3497 337 3567 ἕως
351 3495 507 3558 κατέναντι
520 3498 572 3578 τῆς
585 3491 695 3570 είςόδου
711 3493 767 3558 'H-
804 3495 895 3559 εἴκοσι
931 3488 1053 3569 ιλιάδες,
1079 3491 1222 3577 καὶπρὸς
1240 3491 1417 3569 θάλασσαν,

158 3575 243 3656 μάθ,
260 3580 314 3649 ἕως
327 3571 439 3647 είςόδου
457 3573 563 3641 αὐτοῦ.
592 3576 690 3644 ταῦτά
703 3581 766 3643 ἐστι
803 3579 876 3656 δέκα
883 3520 1018 3662 χιλιάδες,
1030 3579 1082 3641 καὶ
1094 3575 1171 3660 πρός
1183 3571 1314 3654 Νότον,
1324 3581 1417 3644 εἴκοσι

159 3655 198 3719 τά
223 3658 300 3740 πρὸς
324 3654 486 3724 θάλασσαν
508 3656 628 3744 Ἠμάθ.
666 3665 696 3704 ²¹
716 3664 766 3725 καὶ
804 3662 856 3725 καί
873 3664 961 3726 πέντε
979 3657 1114 3747 χιλιάδες.
1141 3661 1193 3723 καὶ
1209 3657 1247 3724 τὸ
1268 3659 1340 3745 ὅρος
1353 3666 1414 3725 τῶν

157 3738 334 3824 διαμερίσετε
360 3742 413 3826 τὴν
438 3747 494 3825 γῆν
512 3739 626 3826 ταύτην
652 3742 765 3821 αὐτοῖς,
803 3737 898 3820 δηίων
919 3747 1001 3810 ε”σται
1025 3746 1159 3826 ἐνμέσῳ
1185 3743 1284 3807 αὐτοῦ
1308 3747 1333 3786 ²¹
1348 3756 1417 3818 τοῖς

157 3832 223 3894 ταῖς
250 3823 358 3901 φυλαῖς
380 3829 437 3889 τού
460 3824 585 3910 Ἰσραὴλ
610 3829 638 3868 22
650 3829 765 3914 βαλεῖτε
803 3831 923 3908 ἱερεῦσι,
951 3838 1013 3903 τοῖς
1031 3823 1219 3912 ἡγιασμένοις
1239 3829 1416 3901 υἶοῒςΣαδ-

158 3899 252 3986 αὐτὴν
266 3910 297 3968 ἐν
311 3905 424 3991 κλήρῳ,
438 3905 504 3990 ύμῖν
516 3913 567 3974 καί
578 3923 642 3985 τοῖς
654 3937 763 3995 προςη-
801 3908 893 3986 δσδκ,
919 3924 984 3986 τοῖς
1003 3910 1187 3992 φυλάσσουσι
1205 3909 1262 3983 τάς
1274 3910 1415 3989 φυλακάς

156 3978 259 4060 λύτοις
278 3999 342 4061 τοῖς
363 3995 562 4074 παροικοῦσιν
581 3997 611 4057 έν
629 3996 710 4077 μέσῳ
731 3995 765 4058 ὁ·
800 3996 971 4070 τσῦοίκου,
1004 3991 1414 4097 οἵτινεςούκέπλανχθησαν

155 4070 228 4149 μῶν,
256 4073 360 4144 οἵτινες
373 4077 533 4154 ἐγέννησαν
546 4076 629 4151 υίοίις
641 4081 764 4181 ἐνμέσῳ
801 4080 832 4140 ἒν
844 4080 882 4159 τῆ
895 4074 1039 4161 πλανύσει
1054 4082 1128 4143 σίων
1139 4072 1272 4159 Ἰσραὴλ,
1287 4101 1326 4142 ον
1339 4072 1411 4163 τρό-

156 4147 247 4231 ὁμῶν,
260 4154 312 4215 καί
325 4156 444 4219 ἔσονται
463 4155 543 4236 ὑμῶν
556 4157 763 4244 ιὸςαύτοχθσ·
799 4149 1095 4245 πούέπλανῆθησαν
1111 4164 1141 4225 οί
1155 4166 1292 4223 Λευῖται.
1320 4162 1414 4224 22καί

155 4259 200 4309 νες
213 4238 244 4299 έν
257 4245 321 4310 τοῖς
335 4240 411 4310 υίοῖς
426 4244 479 4302 τοῦ
490 4237 621 4325 Ἰσραήλ.
646 4242 711 4324 μεθ’
730 4242 764 4308 ὁ·
800 4247 884 4308 ε”σται
907 4242 1011 4319 αὐτοῖς
1034 4246 1052 4330 ἦ
1077 4242 1197 4328 ἀπαρχὴ
1215 4242 1354 4326 δεδομένη
1378 4246 1412 4305 έκ

153 4322 218 4400 μῶν
231 4315 380 4396 φάγονται
403 4323 434 4382 ἓν
447 4321 627 4406 κληρονομίᾳ
639 4327 670 4388 έν
681 4331 762 4411 μέσῳ
799 4334 861 4392 τῶν
880 4326 1025 4412 ἀπαρχῶν
1044 4334 1096 4413 τῆς
1112 4331 1181 4411 γῆς,
1208 4322 1293 4404 άγιον
1311 4321 1412 4402 ὁγίων

153 4404 214 4464 τῶν
226 4401 328 4481 φυλῶν
339 4399 538 4486 τούἸσραέχλ,
565 4407 595 4447 ²³
611 4409 662 4470 καί
676 4414 762 4474 ε”σον-
799 4410 863 4476 σἰπὸ
881 4416 942 4476 τῶν
961 4412 1054 4497 ὁρίων
1070 4415 1130 4478 τῶν
1141 4413 1286 4474 Λευιτῶν.
1312 4409 1412 4483 13τοῖς

154 4505 201 4546 ναι
215 4487 245 4548 ίν
258 4487 336 4582 φυλῇ
347 4480 655 4574 προςηλύτωνέντοῖς
668 4520 760 4581 προς·
797 4495 830 4561 δὲ
851 4500 995 4570 Λευίταις
1017 4494 1057 4560 τά
1084 4492 1208 4582 ἐχόμενα
1229 4497 1295 4560 τῶν
1316 4487 1373 4579 ὁρί

1380 4582 1396 4596 Π

1351 4603 1409 4642 w!
