2924 4972
165 216 802 321 4QQEIHOMEN52N
824 213 1032 278 ΠΡΩΤΟΝ
1069 221 1146 294 Κεφ.
1159 211 1206 289 ις’.
1221 215 1270 280 16.

165 330 241 394 λαόν
261 332 291 392 ἰν
307 326 432 410 ὀνόματι
450 333 563 410 κυρίου.
589 327 663 390 3καί
681 328 773 407 διεμέ·
805 336 907 410 φησθε
919 331 980 391 τῶν
997 334 1124 413 χριστῶν
1140 352 1212 410 μου,
1238 329 1290 391 καὶ
1302 332 1334 392 ἐν
1348 343 1415 408 τοῖς

166 438 225 498 ρισε
236 414 329 487 παντί
342 410 428 518 ἀνδρί
442 407 563 495 Ἰσραήλ
582 406 647 472 άπὸ
667 406 773 493 ἀνδρὸς
803 403 972 494 προφήταις
982 435 1039 491 μου
1050 407 1089 493 μή
1102 407 1309 514 πονηρεῦεσθε.
1329 413 1360 454 2³
1373 412 1415 496 ξ.

166 501 215 561 καί
229 502 284 571 ἕως
295 519 443 573 γυναικος,
462 498 506 576 τῷ
520 492 605 577 άνδρί
617 489 708 577 άρτον
722 498 773 558 ἕνα
804 516 876 557 σατε
893 495 938 574 τῷ
951 499 1043 577 κυρίῳ
1056 497 1144 560 πάσα
1162 521 1181 576 η
1193 497 1248 576 γῆ,
1273 492 1416 573 ἀναγγεί-

168 577 384 665 ἆρτοκοπικόν,
405 580 457 642 καί
470 575 622 660 ἆμορίτην.
649 575 730 640 4καὶ
743 578 773 638 ἔ·
804 576 875 639 λατε
894 577 923 651 ἐξ
942 574 1050 660 ἡμέρας
1074 582 1113 651 εἰς
1131 575 1244 662 ἡμέραν
1261 584 1414 664 σωτηρίαν

167 667 234 740 ταξε
246 661 324 728 κατὰ
334 656 497 746 πρόςωπον
505 665 557 741 τῆς
566 662 695 743 κιβωτοῦ
707 659 774 723 δια·
805 657 910 724 αὐτοῦ.
928 661 959 701 ²⁴
969 663 1117 742 ἐξηγεῖσθε
1130 665 1158 724 ἐν
1170 671 1233 735 τοῖς
1247 662 1345 726 ἔθνεσι
1358 660 1415 747 τήν

167 743 261 830 θήκης
273 751 374 809 κυοίου
386 747 418 807 ἐκ
431 745 492 806 τῶν
500 745 634 806 Λευιτῶν
644 741 774 825 λειτουρ-
805 738 895 818 δόξαν
908 740 1014 817 αὐτοῦ,
1037 747 1068 806 ἐν
1086 749 1160 808 πᾶσι
1182 756 1246 819 τοῖς
1267 744 1356 820 λαοῖς
1374 745 1414 811 τά

169 835 297 908 γοῦντας
309 806 552 908 άναφωνοῦντας,
566 825 616 888 καὶ
628 824 774 904 ίξομολο-
805 819 961 907 θαυμάσια
976 824 1079 890 αὐτοῦ.
1105 829 1134 870 ²⁵
1148 822 1194 891 ότι
1207 829 1298 907 μέγας
1309 825 1414 914 κύριος

166 923 284 991 γεῖοθαι
297 913 348 976 καί
361 915 447 974 αἰνεῖν
456 903 557 994 κύριον
569 905 622 973 τόν
631 907 703 972 θεὸν
712 906 773 972 Ἰσ-
805 910 855 972 καί
867 909 980 984 αἰνετός
992 905 1119 994 σφόδρα,
1136 909 1263 1036 φοβερός
1273 914 1352 977 ἐστιν
1362 914 1414 976 ἐπί

167 991 252 1082 ραήλ.
278 990 401 1075 ‘Madv
418 989 436 1057 ὁ
456 987 623 1075 ήγοάμενος,
639 994 690 1056 καί
709 993 774 1057 δευ·
804 987 919 1066 πάντας
935 990 1004 1066 τοὺς
1020 989 1116 1065 θεοὺς.
1153 997 1168 1036 2
1198 995 1245 1058 δτι
1259 992 1413 1069 πάντεςοί

167 1084 291 1164 τερειίων
304 1077 388 1158 αὐτῷ
402 1081 563 1161 Ζαχαρίας,
573 1073 672 1158 Ἰεϊήλ,
685 1083 773 1157 Σεμι-
804 1077 871 1140 θεοί
893 1080 954 1140 τῶν
976 1079 1071 1140 ἐθνῶν
1084 1077 1206 1152 εἴδωλα,
1232 1081 1283 1142 καί
1304 1074 1321 1142 ὃ
1341 1076 1413 1152 θεὸς

169 1162 290 1265 ραμῶθ,
304 1159 462 1243 καίἸεϊήλ,
481 1165 681 1233 Ματταθίας,
692 1156 773 1222 Ἐλι-
806 1156 887 1242 ήμῶν
904 1157 1050 1243 οὐρανοὺς
1066 1162 1194 1242 ἐποίησε.
1232 1164 1261 1203 22
1275 1158 1350 1237 δόξα
1362 1166 1414 1226 καί

169 1251 222 1333 αβ,
247 1249 297 1311 καὶ
309 1246 464 1318 Βαναίας,
482 1244 534 1306 καί
548 1237 696 1327 Ἀβδεδόμ.
723 1244 774 1306 καί
805 1246 926 1316 ἔπαινος
939 1239 1017 1306 κατά
1029 1238 1189 1328 πρόςωπον
1202 1242 1308 1319 αὐτοῦ,
1335 1244 1413 1348 ίοηύς

164 1327 253 1414 Ἰεϊήλ
268 1332 299 1395 ἐν
312 1324 458 1414 ὀργάνοις,
481 1324 611 1472 νάβλαις,
634 1321 772 1410 κινάραις,
805 1328 856 1389 καί
869 1322 1005 1409 καύχημα
1021 1327 1052 1391 ἐν
1069 1321 1155 1409 τόπῳ
1168 1326 1274 1391 αὐτοῦ.
1301 1328 1332 1370 ²⁸
1345 1328 1413 1393 δοτε

168 1418 219 1479 καί
238 1410 337 1492 Ἀσάφ
362 1413 392 1474 ἐν
417 1437 453 1473 κυ
492 1405 573 1481 άοις
598 1407 771 1488 άναφωνῶν.
805 1414 848 1490 τῷ
862 1415 954 1494 κυρίῳ
969 1412 1003 1473 αί
1014 1414 1140 1493 πατριαὶ
1151 1415 1211 1474 τῶν
1225 1414 1333 1484 ἐθνῶν,
1347 1408 1413 1475 δότε

169 1500 184 1540 ⁰
198 1498 248 1559 καί
257 1499 411 1566 Βαναίας,
430 1518 479 1554 και
488 1488 589 1573 Ὀζιήλ
602 1493 633 1553 οί
647 1493 730 1573 ἱερεῖς
744 1495 773 1554 ἐν
804 1496 848 1574 τῷ
862 1497 954 1576 κυρίῳ
967 1488 1056 1568 δόξαν
1068 1495 1118 1556 καὶ
1131 1491 1219 1579 ἰσχὺν,
1244 1497 1274 1536 ²⁹
1288 1491 1356 1558 δότε
1368 1499 1412 1578 τῷ

168 1590 234 1651 ταῖς
248 1573 382 1652 σάλπιγξι
401 1571 562 1647 διαπαντὸς
574 1574 707 1637 ἐναντίον
720 1578 772 1657 τῆς
805 1578 896 1658 κυρίῳ
921 1571 1010 1650 δόξαν
1034 1573 1157 1659 ὀνόματι
1179 1575 1282 1642 αὐτοῦ.
1310 1574 1413 1664 λάβετε

169 1665 302 1748 κιβωτοῦ
319 1663 371 1741 τῆς
383 1651 527 1741 διαθήκης
539 1660 594 1719 τοῦ
607 1659 690 1719 θεοῦ.
717 1658 730 1698 ⁷
744 1660 773 1719 ἐν
805 1658 888 1738 δῶρα
896 1659 948 1721 καί
957 1661 1088 1735 ἐνέγκατε
1098 1660 1175 1724 κατά
1185 1657 1346 1746 πρόςωπον
1357 1660 1413 1726 αι’·-

168 1750 207 1826 τῆ
223 1741 316 1827 ήμέρᾳ
330 1745 421 1826 ε’κείνη
447 1737 516 1804 τότε
539 1741 622 1814 ἔταξε
635 1739 731 1803 Δαυίδ
742 1744 773 1803 ἐν
805 1744 875 1813 τοῦ,
901 1745 952 1804 καί
968 1739 1190 1827 προςκυνήσατε
1202 1751 1294 1827 κυρίῳ
1308 1747 1340 1809 ἒν
1354 1742 1412 1809 αὐ-

169 1816 247 1911 άρχ”
268 1829 325 1889 τοῦ
347 1828 437 1889 αἰνεῖν
458 1821 513 1887 τὸν
531 1818 630 1907 κύριον
652 1826 683 1886 ἐν
703 1827 773 1906 χειρί
804 1822 870 1896 λαῖς
883 1818 982 1900 ἁγίαις
995 1823 1100 1889 αὐτοῦ.
1124 1829 1155 1870 ³⁰
1169 1823 1333 1913 φοβηθήτω
1345 1827 1411 1892 ὐπὸ

162 1908 261 1989 ’Λσαφ
300 1908 351 1972 καί
389 1911 449 1971 τῶν
491 1905 628 1986 ἀδελφῶν
665 1903 770 1970 αὐτοῦ.
803 1902 965 1991 προςοίπου
978 1905 1073 1972 αὐτοῦ
1086 1913 1173 1974 πᾶσα
1186 1909 1203 2012 ή
1217 1916 1271 1995 γη,
1298 1936 1412 1996 κατορ-

168 1985 317 2056 vm.
331 1988 557 2071 ἐξομολογεῖσθε
569 1994 613 2071 τῷ
626 1994 729 2075 κυρίῳ,
743 1992 773 2052 ε’·-
803 1985 945 2073 θωθήτω
969 1987 988 2073 ἡ
1012 1996 1066 2075 γη,
1092 1995 1142 2056 καὶ
1165 2021 1205 2077 μη
1225 1990 1411 2079 σαλευθήτω.

168 2075 343 2141 πικαλεῖσθε
360 2069 453 2139 αὐτὸν
476 2075 506 2136 ἰν
524 2069 648 2154 ὀνόματι
669 2071 772 2136 αὐτοῦ.
803 2073 831 2114 22
844 2069 1045 2158 εὐφρανθήτω
1066 2073 1084 2139 ὁ
1104 2074 1231 2159 οὐρανὸς
1247 2080 1299 2144 καί
1317 2075 1413 2155 ἀγαλ-

166 2165 327 2244 γνωρίσατε
346 2161 377 2222 ἰν
393 2156 480 2230 λαοῖς
502 2152 541 2221 τά
558 2151 774 2260 ἐπιτηδεύματα
803 2151 926 2221 λιάσθω
943 2153 962 2241 ή
980 2163 1034 2243 μή,
1059 2162 1110 2223 καί
1122 2157 1293 2226 εἰπάτωσαν
1306 2163 1337 2226 ἐν
1348 2174 1411 2236 τοῖς

168 2242 280 2319 αὐτοῦ,
304 2240 428 2326 9υζίσατε
450 2237 534 2322 αὐτῷ
558 2244 609 2305 καί
631 2236 773 2323 υμνήσατε
803 2242 914 2314 ἔθνεσι,
932 2237 1033 2327 κῦριος
1044 2240 1213 2329 βασιλεῦων.
1228 2246 1258 2286 ³²
1269 2242 1412 2331 βομβήσει

169 2324 263 2409 αὐτῷ,
281 2320 465 2409 διηγήσασθε
476 2328 550 2388 πᾶσι
562 2321 601 2388 τά
614 2322 773 2406 θαυμάσια
803 2320 822 2406 ἦ
844 2320 991 2388 θάλασσα
1010 2325 1064 2390 σὺν
1081 2332 1124 2410 τῷ
1144 2323 1335 2413 πληρώματι,
1360 2333 1411 2393 καί

169 2408 275 2484 αὐτοῦ,
289 2405 311 2473 ά
323 2411 445 2489 ἐποίησε
457 2402 565 2491 κῦριος.
591 2409 774 2469 1θιιῑιιειεέν
802 2402 889 2480 ξύλον
912 2406 1008 2510 ἀγροῦ
1024 2414 1075 2472 καὶ
1091 2406 1191 2473 πάντα
1210 2410 1250 2474 τά
1268 2415 1300 2476 ἐν
1318 2411 1410 2496 αὐτῶ.

168 2490 293 2576 ὀνόματι
306 2487 382 2572 ἆγίῳ
401 2488 511 2566 αὐτοῦ,
536 2486 773 2574 εὐφρανθήσεται
803 2489 833 2530 ³³
846 2483 914 2552 τότε
940 2488 1176 2575 ευφρανθήσεται
1203 2494 1242 2558 τὰ
1263 2494 1338 2570 ξύλα
1355 2500 1412 2560 τοῦ

167 2577 276 2658 καρδία
293 2578 421 2658 ζητοῦσα
438 2572 493 2676 τήν
517 2570 651 2637 εὐδοκίαν
668 2571 771 2636 αὐτοῦ.
803 2572 912 2654 δρυμοῦ
924 2569 986 2636 ὐπὸ
1000 2571 1162 2659 προςῶπου
1170 2583 1284 2661 κυρίου,
1299 2575 1345 2642 ὅτι
1356 2571 1410 2665 ήλ-

167 2665 192 2702 22
207 2655 349 2764 ζητήσατε
367 2656 421 2719 τὸν
438 2679 541 2739 κυριον
558 2655 610 2719 καί
628 2651 772 2801 ίῳῦσατε,
801 2665 840 2719 θε
857 2659 951 2738 κρίναι
968 2655 1021 2740 τήν
1039 2664 1101 2741 γῆυ
1140 2658 1171 2701 ³⁴
1185 2661 1410 2741 ἐξομολογεῖσθε

167 2745 311 2827 ζητησατε
322 2738 359 2801 τὸ
372 2733 532 2820 πρόςωπον
542 2737 634 2801 αὐτοῦ
663 2764 772 2801 ιαπαν-
801 2742 845 2820 τῷ
859 2744 951 2822 κυρίῳ
962 2736 1010 2803 ὅτι
1023 2740 1153 2818 ἀγαθὸν,
1168 2739 1214 2807 ότι
1225 2749 1264 2818 εἰς
1273 2744 1325 2808 τόν
1334 2752 1409 2811 αἰῶ-

166 2821 226 2897 τός.
252 2826 280 2865 22
292 2816 483 2904 μνημονεύετε
494 2820 533 2882 τά
546 2816 703 2899 θαυμάσια
716 2818 772 2884 αὐ·
802 2843 837 2882 να
851 2819 887 2883 τὸ
901 2820 986 2896 ἔλεος
999 2823 1101 2889 αὐτοῦ.
1122 2827 1151 2869 ³⁶
1158 2830 1210 2890 καί
1223 2829 1333 2901 εἴπατε,
1347 2834 1410 2895 σῶ-

166 2911 237 2983 τοῦ,
263 2901 285 2970 ά
298 2908 431 2986 ἐποίησε,
456 2904 568 2986 τέρατα
580 2905 632 2966 καὶ
644 2909 772 2987 κρίματα
802 2929 854 2968 σον
867 2900 958 3008 ημᾶς,
976 2903 994 2970 ὁ
1007 2908 1078 2983 θεὸς
1091 2912 1144 2992 τῆς
1156 2917 1303 2994 σωτηρίας
1315 2911 1409 2995 ήμῶν,

164 2995 223 3056 ,τοῦ
244 2984 393 3071 πόματος
410 2983 515 3049 αὐτοῦ.
539 2987 566 3027 ¹³
578 2990 694 3070 σπέρμα
709 2985 771 3051 Ἰσ·
800 2988 852 3050 καί
868 2998 1017 3073 αθροισον
1035 2990 1124 3074 ἡμᾶς,
1151 2995 1200 3055 καί
1218 2995 1316 3069 ἐξελοῦ
1332 2996 1410 3079 ἡμᾶς

167 3072 246 3158 ραήλ
258 3070 360 3143 παῖδες
372 3067 478 3142 αὐτοῦ,
497 3067 678 3156 υἰοίἸακῶβ
691 3070 771 3135 ἐκλε-
801 3075 833 3136 ἐκ
847 3075 907 3136 τῶν
919 3077 1028 3151 ἐθνῶν,
1046 3079 1100 3138 τοῦ
1112 3079 1201 3137 αἰνεῖν
1213 3076 1248 3138 τὸ
1262 3076 1357 3157 ὄνομα
1370 3079 1407 3141 τὸ

167 3158 234 3219 κτοί
255 3152 358 3218 αὐτοῦ.
385 3151 414 3194 22
428 3149 518 3225 αὐτὸς
538 3149 639 3235 κῦριος
661 3151 679 3216 ὁ
700 3153 772 3229 θεὸς
801 3150 886 3233 άγιόν
898 3182 969 3231 σου,
988 3159 1038 3219 καί
1050 3158 1219 3237 καυχᾶσθαι
1233 3160 1264 3218 ἐν
1278 3170 1343 3230 ταῖς
1355 3165 1406 3219 αἰ-

168 3234 262 3322 ήμῶν,
275 3240 307 3301 ἓν
319 3230 402 3328 πάση
414 3239 452 3321 τῇ
472 3239 510 3328 γῇ
522 3233 561 3300 τά
574 3242 702 3322 κρίματα
715 3237 772 3301 αὐ·
801 3242 894 3305 νε’σευί
913 3266 974 3304 σου.
1014 3240 1045 3280 ³⁶
1057 3235 1247 3318 εὐλογημένος
1270 3234 1369 3320 κύριος
1385 3237 1403 3301 ὁ

166 3326 231 3387 τοῦ.
256 3322 283 3364 ¹⁵
292 3314 511 3405 μνημονεῦωμεν
532 3323 570 3394 εἰς
589 3325 684 3385 αἰῶνα
705 3323 770 3387 δια·
800 3322 871 3398 θεὸς
886 3321 1009 3409 Ἰσραήλ
1021 3317 1082 3386 ἀπὸ
1095 3324 1151 3385 τοῦ
1165 3323 1273 3396 αἰῶνος
1284 3326 1334 3386 καί
1347 3327 1404 3396 ἕως

166 3402 262 3490 θήκης
273 3404 379 3470 αὐτοῦ.
409 3399 500 3482 λόγον
513 3401 610 3469 αὐτοῦ
623 3401 657 3469 δν
670 3408 770 3471 ε’νετεί-
799 3413 854 3473 τοῦ
867 3409 1045 3484 αἰῶνος,,καὶ
1058 3408 1117 3492 ε’ρεί
1126 3409 1185 3479 πᾶς
1195 3400 1212 3468 ό
1223 3405 1305 3480 λαὸς,
1317 3401 1404 3488 ἀμήν.

166 3489 243 3555 λατο
261 3495 299 3565 εἰς
316 3488 410 3574 χιλίας
423 3489 535 3566 γενεάς,
559 3490 588 3531 22
601 3485 635 3552 ὃν
652 3490 769 3554 διέθετο
799 3494 849 3554 καί
861 3489 967 3571 ήνεσαν
979 3497 1022 3578 τῷ
1036 3497 1135 3578 κυρίῳ.
1150 3491 1178 3533 ³⁷
1184 3494 1235 3554 καὶ
1247 3490 1406 3554 κατέλιπον

165 3580 210 3658 τῷ
219 3572 363 3661 Ἁβραάμ,
377 3575 429 3639 καί
446 3568 499 3636 τὸν
512 3569 602 3655 ὅρκον
615 3571 712 3636 αὐτοῦ
725 3576 769 3653 τῷ
800 3564 868 3639 ἐκεῖΙ
874 3577 972 3638 ἔναντι
988 3583 1040 3658 τῆς
1051 3579 1182 3665 κιβωτοῦ
1196 3571 1340 3658 διαθήκης
1352 3598 1404 3636 κυ-

163 3656 279 3722 Ἰσαάκ
311 3660 338 3701 22
352 3660 470 3738 ἔστησεν
491 3651 585 3718 αὐτόν
601 3659 644 3737 τῷ
660 3654 771 3743 Ἰακῶβ
800 3663 867 3742 ρίου
879 3656 1040 3739 τὸνἈσάφ
1052 3663 1103 3724 καὶ
1115 3659 1185 3732 τοὺς
1194 3656 1339 3739 ἀδελφοὺς
1351 3653 1405 3719 αὐ-

164 3745 202 3814 είς
215 3738 402 3824 πρόςταγμα,
422 3741 468 3820 τῷ
482 3734 606 3820 Ἰσραήλ
623 3739 770 3822 διαθήκην
800 3744 872 3814 τοῦ,
897 3745 954 3802 τοῦ
968 3741 1141 3825 λειτουργεῖν
1153 3746 1285 3806 ἐναντίον
1298 3747 1349 3824 τής
1362 3766 1406 3803 κι-

165 3820 295 3895 αἰῶνιον,
320 3823 349 3862 ¹⁸
362 3820 463 3896 λέγων.
488 3824 538 3883 σοὶ
549 3821 638 3885 δώσω
650 3819 704 3902 τήν
714 3826 769 3901 γῆν
798 3823 902 3904 βωτοῦ
926 3821 1088 3896 διαπαντὸς
1113 3822 1149 3885 τὸ
1174 3829 1224 3903 τῆς
1242 3821 1350 3904 ἡμέρας
1368 3828 1408 3898 εἰς

166 3902 296 3968 Χαναὰν
306 3907 459 3985 σχοίνισμα
470 3900 664 3985 κληρονομίας
677 3898 767 3981 ὑμῶν.
799 3898 920 3982 ἡμέραν.
947 3902 978 3941 ³⁸
990 3905 1041 3964 καί
1057 3902 1193 3985 Ἀβδεδὸμ
1210 3908 1260 3965 καί
1273 3909 1304 3964 οἰ
1317 3904 1408 3967 ἀδελ-

163 3987 192 4026 22
206 3987 236 4045 ἰν
248 3990 291 4065 τῷ
310 3986 447 4060 γενέσθαι
465 3982 577 4057 αὐτοῦς
594 3977 769 4056 ὀλιγοστούς
798 3981 854 4056 φοὶ
875 3977 983 4054 αὐτοῦ,
1009 3979 1154 4062 ἑξήκοντα
1170 3986 1220 4044 καὶ
1239 3979 1327 4043 ὀκτώ.
1355 3993 1408 4053 καί

164 4065 283 4147 ἀριθμῷ
296 4056 768 4151 ὡςέσμικράνθησαν,καίπαρρί-
792 4057 933 4145 Ἀβδιδὸμ
951 4060 1014 4136 υίὸς
1028 4060 1175 4136 Ἰδιθοῦν,
1204 4063 1254 4124 καί
1267 4060 1346 4128 Ὁσά
1366 4075 1407 4146 εἷς

164 4172 259 4229 κηοαν
279 4151 310 4211 ἓν
328 4144 414 4237 αὐτῇ.
448 4149 479 4189 ²⁰
493 4149 543 4208 καὶ
560 4138 767 4225 ἐπορεύθησαν
797 4141 869 4219 τούς
881 4141 1047 4230 πυλωρούς.
1061 4147 1092 4189 ³⁹
1098 4148 1149 4209 καί
1161 4143 1214 4209 τὸν
1227 4146 1339 4213 Σαδῶκ
1351 4152 1406 4216 τὸν

164 4228 226 4296 άπὸ
240 4232 346 4303 ἔθνους
363 4233 402 4301 εἰς
420 4230 516 4300 ἔθνος,
531 4227 584 4289 ’καί
601 4222 665 4289 ὐπὸ
678 4229 766 4312 βασι·
797 4231 874 4313 ἱερέα
898 4230 949 4292 καὶ
973 4228 1044 4303 τοὺς
1060 4226 1204 4310 άδελφοῦς
1222 4228 1316 4295 αὐτοῦ
1333 4230 1404 4310 τούς

161 4315 240 4386 λείας
258 4317 296 4388 εἰς
313 4307 389 4376 λαόν
405 4313 510 4392 ἕτερον.
549 4306 767 4395 22οὐκύφῆκεν
796 4316 877 4397 ίερεῖς
902 4315 1033 4377 ἐναντίον
1057 4318 1110 4397 τῆς
1133 4317 1234 4397 σκηνῆς
1252 4323 1354 4399 κυρίου
1371 4320 1403 4380 ἒν

161 4396 256 4481 ἄνδρα
272 4400 329 4461 τοῦ
347 4395 543 4460 δυναστεῦσαι
568 4388 689 4467 αὐτούς.
714 4399 766 4461 καί
795 4394 890 4477 Βαμά
907 4403 945 4488 τῇ
958 4401 989 4461 ἐν
1000 4394 1149 4483 Γαβαῶν,
1176 4398 1208 4440 ⁴⁰
1222 4403 1276 4461 τοῦ
1288 4400 1402 4480 ἀναφέ-

159 4480 259 4566 ήίεγξε
270 4481 339 4568 περί
354 4477 455 4546 αὐτῶν
471 4474 608 4564 βασιλεῖς.
635 4479 664 4520 ²²
675 4474 714 4563 μή
728 4475 765 4546 ά·
794 4505 853 4566 ρειν
870 4477 1109 4563 ὁλοκαυτώματα
1121 4486 1166 4564 τῶ
1180 4487 1270 4566 κυρίῳ
1284 4484 1334 4546 ἰπί
1344 4485 1402 4545 τοῦ
