2924 4972
414 174 683 236 ΓΕΝΕΣΙΣ
722 169 919 255 Κερ.μ’.μα’.
932 169 983 242 40.
997 172 1049 243 41.
1310 184 1354 247 43

108 288 184 376 χόου
201 316 253 355 και
268 315 321 372 της
338 316 429 375 αρχης
446 316 501 354 του
520 295 672 357 σιτοποιαῦ
689 294 719 356 ἰν
748 287 852 366 καθώς
864 296 1022 378 συνέκρινεν
1033 290 1110 379 ἡμῖν,
1127 291 1208 360 οῦτοι
1221 299 1271 362 καί
1284 323 1351 362 συν·

107 375 189 456 μέσῳ
201 378 262 436 τῶν
272 373 389 438 παίδων
402 369 504 437 αῦτσῦ.
536 376 564 415 22
576 376 626 438 καί
640 371 718 438 άπο-
748 378 814 478 εβη,
833 378 885 458 ἐμέ
893 401 924 441 τε
935 375 1225 462 ἀποκατασταθῆναι
1238 382 1289 445 ἐπὶ
1300 376 1352 466 τήν

109 457 274 538 κατέστησε
299 455 352 519 τὸν
378 450 577 541 ἀρχιοινοχόον
598 458 648 522 ἐπὶ
667 452 719 539 τήν
748 452 839 561 αρχήν
861 484 932 541 μου,
957 462 1063 524 ἐκεῖνον
1087 459 1119 524 δὲ
1145 467 1350 546 κρεμασθῆναι.

109 534 204 623 ἀρχήν
222 538 327 604 αὐτοῦ.
354 541 404 603 καί
421 539 509 602 ἔδωκε
527 534 564 603 τό
576 534 719 642 ποτήριον
748 543 776 582 22
789 541 969 618 αποστείλας
984 541 1016 606 δὲ
1032 538 1149 628 Φαραόν
1167 538 1283 611 ἐκάλεσε
1300 543 1351 609 τόν

108 626 150 696 εἰς
167 617 222 704 τήν
236 634 319 726 χεῖρα
335 615 459 707 Φαραώ.
485 624 515 663 22
528 618 581 686 τόν
592 620 623 687 δὲ
636 648 719 706 αρχι-
744 618 864 727 Ἰωσήφ.
890 626 943 689 καί
958 619 1100 709 ἐξήγαγον
1115 622 1210 691 αὐτόν
1222 622 1285 692 άπὸ
1297 632 1351 691 τοῦ

109 728 264 770 σιτοποιον
276 706 441 788 ἐκρέμασεν,
463 701 547 769 καθά
561 708 719 790 συνέκρινεν
749 702 767 768 ό
785 732 946 790 υριοματος,
967 710 1019 772 καί
1031 704 1174 794 ε’ξύρησαν
1187 706 1353 813 αῦτόνχκαί

109 783 344 871 αῦτοῖςἸοισήιρ.
371 788 399 828 22
412 788 464 852 καὶ
481 785 536 852 οῦκ
554 782 717 871 ίμνήοθηὸ
748 731 876 870 ήλλαξαν
890 787 943 875 τήν
962 788 1071 938 στολήν
1087 788 1189 857 αὐτοῦ.
1214 794 1265 856 κατ’
1278 793 1352 877 ηλθι

109 865 509 956 ἇρχιοινοχόοςτοῦἾοισήφ,
531 867 593 935 ἀλλ’
609 864 717 937 ίπελά-
747 867 823 955 πρός
839 877 868 934 Φ
907 868 962 937 αιό.
985 874 1012 916 22
1025 898 1086 938 επε
1101 873 1134 938 δὲ
1149 871 1265 960 Φαραὼ
1276 871 1352 959 πρὸς

107 962 182 1017 θετο
198 952 301 1019 αὐτοῦ.
744 948 867 1036 Ἰωσήφ.
907 950 1168 1041 νύπνιονέῶρακα,
1185 953 1266 1022 καλό
1280 985 1351 1036 συγ-

140 1041 153 1066 '
279 1043 352 1101 ΚΕ
366 1041 403 1101 Φ.
447 1035 543 1102 ΜΑ’.
747 1032 1103 1120 κρίνωνοῦκέίττιναῦτό.
1120 1039 1179 1116 ἐγὼ
1192 1039 1223 1105 δὲ
1236 1037 1351 1142 αἰκήκοα

108 1084 161 1180 Ε
165 1122 262 1196 γένετο
283 1118 315 1183 δὲ
339 1116 413 1201 μετὰ
438 1114 492 1184 δύο
518 1122 569 1204 ἔτη
593 1115 716 1223 ήμερῶν,
747 1119 816 1222 περὶ
840 1122 895 1182 σοῦ
926 1115 1087 1197 λεγόντοιν,
1125 1117 1293 1188 ἀκούσαντα
1320 1149 1351 1189 σε

111 1198 230 1285 Φαραώ
248 1201 319 1266 εἶδεν
337 1197 479 1265 ἐνύπνιον.
506 1200 580 1282 ᾠέτο
597 1197 717 1266 εατάναι
749 1203 870 1264 ἔνυπνια
889 1214 1039 1287 συγκρῖναι
1064 1199 1150 1266 αῦτά.
1186 1202 1353 1288 22ἇποκρι-

105 1286 162 1348 ἐπὶ
170 1288 226 1349 τοῦ
238 1288 387 1365 ποταμοῦ.
413 1285 488 1346 2καὶ
502 1280 565 1347 ἰδού
578 1278 673 1366 ιῖίςπερ
686 1286 719 1346 lx
749 1285 813 1358 θείς
824 1282 855 1347 δὲ
866 1281 979 1386 Ἰωσήφ
992 1287 1036 1365 τῷ
1052 1280 1168 1369 Φαραὼ
1180 1283 1263 1350 εἶπεν.
1287 1286 1353 1351 ἄνευ

106 1370 167 1430 τοῦ
180 1369 320 1446 ποταμοῦ
330 1363 483 1471 άνέβαινον
495 1361 571 1429 ἑπτά
579 1359 654 1451 βόες,
663 1391 718 1429 κα-
748 1371 804 1430 τοῦ
824 1371 899 1431 θεοῦ
917 1391 973 1430 ουκ
991 1362 1071 1431 άποκ
1090 1362 1223 1451 ιθήσεται
1241 1364 1276 1432 τό
1294 1394 1353 1434 σωκ

107 1448 165 1516 λαί
176 1451 220 1529 τῷ
233 1448 313 1524 εἴδει,
338 1473 388 1511 και
400 1446 532 1512 ἐκλεκταί
544 1460 609 1522 ταῖς
622 1450 715 1535 σαρξί,
746 1444 846 1534 τήριον
860 1444 985 1535 Φαραοί.
1012 1451 1039 1492 ¹⁷
1051 1393 1175 1534 ι’λόλησε
1187 1448 1219 1516 δέ
1236 1448 1353 1537 Φαραώ

105 1532 162 1596 καί
174 1524 333 1616 ε’βόσιιοντο
345 1533 432 1615 ἐντῷ
443 1529 526 1615 Ἄχει.
553 1530 668 1596 2άλλαι
682 1531 714 1597 δὲ
745 1538 788 1615 τῷ
804 1528 931 1635 Ἰωσήρ,
957 1532 1057 1610 λέγων.
1083 1536 1114 1597 ε’ν
1131 1537 1175 1597 τοῦ
1195 1529 1278 1617 ῦπνῳ
1294 1561 1350 1618 μου

104 1610 188 1678 ἑπτά
208 1608 275 1700 βόες
293 1611 444 1700 άνεβαινον
460 1610 532 1696 μετὰ
550 1609 662 1691 ταύτας
681 1618 714 1679 ἐκ
744 1613 957 1700 ᾤμηνέοταναι
970 1612 1055 1701 παρά
1067 1613 1104 1681 τὸ
1116 1598 1210 1701 χεῖλος
1227 1622 1280 1682 τοῦ
1293 1644 1350 1683 πο-

107 1701 163 1762 τοῦ
180 1702 335 1780 ποταμοῦ,
359 1700 481 1782 αἰσχραί
496 1701 540 1780 τῷ
559 1698 623 1762 εἴδει
629 1747 640 1776 ,
663 1701 715 1762 καί
745 1701 850 1780 ταμοῦ.
876 1700 905 1740 ¹⁸
917 1698 968 1762 καί
985 1693 1079 1785 ιῦςπερ
1097 1701 1129 1762 lu
1147 1702 1203 1762 τοῦ
1214 1704 1350 1783 ποταμοῦ

108 1781 213 1849 λεπταὶ
226 1792 291 1856 ταῖς
304 1783 405 1866 σαρξὶ,
422 1783 473 1845 καὶ
485 1783 618 1862 ἐνέμοντο
629 1776 714 1866 παρά
745 1778 897 1866 ἀνέβαινον
908 1777 986 1845 ἑπτά
997 1776 1160 1867 βόεςκαλαί
1171 1785 1217 1864 τῷ
1228 1782 1291 1846 εἴδει
1301 1782 1351 1846 καί

107 1858 162 1937 τάς
178 1857 252 1969 βόας
270 1865 320 1928 ἐπὶ
337 1861 374 1927 τὸ
390 1863 484 1948 χεῖλος
496 1867 552 1928 τοῦ
566 1869 713 1946 ποταμοῦ.
745 1863 877 1928 ἐκλεκτοί
895 1874 961 1939 ταῖς
978 1866 1076 1948 σαρξί,
1101 1866 1153 1930 καί
1170 1866 1302 1966 ἒνήιοντο
1321 1868 1354 1930 ἐν

108 1945 189 2009 *nm
208 1950 377 2026 κατέφαγον
395 1950 429 2011 αί
446 1943 523 2012 ἑπτὰ
541 1941 606 2031 βόες
619 1950 653 2010 αί
666 1950 716 2012 αἰ-
744 1950 788 2029 τῷ
802 1945 886 2030 Ἄχει.
911 1947 940 1989 ¹⁹
949 1947 1001 2010 καί
1011 1943 1076 2012 ἰδού
1089 1944 1167 2012 ἑπτά
1177 1954 1243 2035 βοες
1256 1953 1351 2034 ἕτεραι

106 2030 196 2132 σχραὶ
213 2031 264 2094 καί
276 2030 382 2094 λεπταί
394 2040 460 2104 ταῖς
473 2032 558 2114 σαρξί
571 2025 625 2104 τάς
638 2025 715 2094 ἑπτά
745 2026 897 2116 ἀνέβαινον
913 2025 1012 2094 όπίσα
1030 2027 1131 2094 αὐτῶν
1142 2034 1175 2095 ἐκ
1188 2035 1242 2095 τοῦ
1254 2055 1350 2096 ποτα-

107 2117 183 2199 βοας
197 2108 251 2188 τάς
268 2109 363 2187 καλάς
376 2116 419 2194 τῷ
431 2113 495 2177 εἴδει
508 2115 560 2176 καί
570 2107 624 2187 τάς
637 2111 717 2176 ἐκλε-
743 2117 812 2194 μοῦ,
824 2112 952 2197 πονηραί
962 2113 1013 2177 καί
1027 2115 1144 2199 αἰσχραὶ
1155 2118 1199 2197 τῷ
1211 2114 1290 2190 είιλει,
1302 2115 1353 2176 καί

109 2191 184 2270 κτάς
203 2207 268 2271 ταῖς
288 2198 381 2280 σαρξί.
409 2193 522 2280 ἠγέρθη
540 2192 573 2259 δὲ
590 2190 715 2280 Φαραὼ,
746 2195 851 2259 λεπταί
876 2205 942 2269 ταῖς
967 2197 1086 2281 σαρξὶν,
1110 2202 1176 2272 οίας
1201 2194 1255 2260 οῦκ
1277 2193 1353 2260 εἶδον

109 2279 181 2342 2καὶ
193 2272 374 2360 ἐνυπνιάσθη
387 2275 424 2341 τὸ
436 2273 577 2363 δεύτερον.
591 2279 641 2341 καί
653 2271 716 2341 wo&
747 2273 887 2353 τοιαύτας
900 2279 931 2341 ἐν
946 2273 1001 2370 ὅλη
1013 2283 1052 2370 γή
1061 2274 1222 2356 Αἰγύπτου
1232 2284 1351 2363 αἰσχρο-

107 2356 189 2426 έπτά
203 2355 321 2444 στάχυες
334 2358 484 2443 ἀνέβαινον
497 2363 527 2423 ἐν
536 2364 580 2442 τῷ
592 2361 718 2441 πυθμένι
748 2361 841 2444 τίρας.
867 2363 898 2401 ²⁰
911 2358 1274 2438 καίκατέφαγοναῖέπτά
1307 2357 1352 2436 όες

109 2444 156 2507 ἑνί
167 2442 295 2505 ἐκλεκτοί
307 2443 359 2504 καί
370 2440 464 2504 καλοί.
476 2443 492 2483 ⁶
502 2443 553 2505 καί
566 2437 630 2503 ίδού
643 2435 720 2503 ἑπτά
750 2445 784 2502 αί
796 2441 918 2522 αίαχραλ
933 2443 984 2503 καὶ
1003 2441 1108 2503 λεπταί
1126 2438 1179 2514 τὰς
1193 2439 1269 2504 ἑπτά
1299 2439 1353 2517 όας

111 2517 235 2605 στάχυες
253 2523 356 2584 λεπτοί
373 2522 423 2583 καί
439 2517 640 2602 ἇνεμόφθορσι
658 2517 722 2582 ἇνε-
752 2517 806 2592 τάς
824 2515 946 2602 πρώτας
958 2518 1010 2592 τὰς
1028 2517 1119 2593 καλάς
1135 2523 1186 2583 καὶ
1203 2517 1257 2594 τάς
1290 2522 1354 2590 κλε-

110 2600 228 2688 φύοντο
240 2600 297 2685 μετ’
313 2595 430 2676 αὐτούς.
457 2604 531 2665 2καί
542 2603 681 2665 κατέπιον
693 2605 723 2665 οἱ
753 2595 832 2675 κτάς.
872 2603 897 2642 22
910 2601 960 2664 καί
979 2599 1112 2684 εἷςήλθον
1128 2605 1167 2677 είς
1179 2598 1233 2677 τάς
1244 2602 1354 2680 κοιλίας

109 2683 192 2753 ἑπτά
205 2681 324 2792 στάχυες
335 2690 367 2751 οί
377 2685 481 2750 λεπτοί
493 2686 544 2748 καί
553 2678 721 2766 άνεμόσιθο-
751 2681 858 2748 αῦτῶν.
884 2685 934 2746 καί
947 2681 983 2748 ού
995 2679 1125 2767 διάδηλοι
1139 2688 1284 2764 ίγένόντο,
1307 2685 1352 2753 ότι

108 2797 158 2859 ροι
171 2767 241 2844 τούς
252 2767 331 2834 επτά
346 2763 475 2854 στάχυας
487 2764 558 2843 τούς
570 2765 719 2841 ἐκλεκτούς
748 2766 882 2852 εἷςήλθον
892 2771 931 2841 εἷς
942 2764 995 2843 τάς
1007 2767 1118 2844 κοιλίας
1130 2767 1237 2834 αὐτῶν.
1255 2771 1307 2836 καὶ
1319 2776 1353 2836 αἱ

109 2857 161 2920 καὶ
179 2851 248 2928 τούς
266 2848 392 2938 πλήρεις.
419 2849 531 2936 ήγέρθη
543 2849 575 2915 δὲ
591 2846 716 2936 Φαραώ,
748 2849 831 2932 όψεις
855 2847 954 2914 αὐτῶν
972 2853 1106 2936 αἰσχραὶ,
1131 2849 1215 2918 καθά
1232 2855 1283 2918 καί
1300 2852 1352 2938 τήν

108 2939 161 3003 καί
173 2926 208 3020 ἦν
220 2931 360 3001 ἐνύπνιον.
375 2938 507 3012 2ἔγίνετο
520 2933 551 2999 δὲ
567 2935 656 3019 πρωῒ,
667 2935 717 2998 καί
747 2929 846 3018 ἀρχήν.
866 2936 1021 3019 ἐξεγερθεὶς
1033 2934 1065 3000 δὲ
1078 2931 1242 3018 ἐκοιμήθην.
1266 2940 1295 2978 22
1302 2942 1352 3003 καί

107 3014 244 3105 ἐταράχθ
275 3015 385 3104 ήψυχή
399 3016 502 3087 αὐτοῦ.
516 3015 716 3083 καὶᾶποστεί-
746 3016 821 3082 είόον
832 3012 921 3081 πάλιν
933 3019 963 3081 ἕν
975 3023 1019 3099 τῷ
1031 3014 1112 3101 ῦπνῳ
1120 3045 1186 3100 μου,
1195 3020 1247 3083 καὶ
1257 3013 1351 3105 ιῦςπερ

108 3102 164 3178 λας
194 3101 246 3167 ε’κά
298 3127 310 3166 ε
341 3097 457 3176 πάντας
484 3097 554 3175 τούς
576 3096 716 3184 ἐξηγητάς
746 3096 822 3164 ἑπτά
836 3095 955 3185 στάχυες
967 3098 1116 3187 ἀνέβαινον
1128 3106 1159 3166 ἐν
1171 3105 1297 3184 πυθμένι
1309 3105 1351 3167 ἑνὶ

108 3181 283 3263 Αἰγύπτου,
310 3185 361 3253 καί
382 3180 496 3259 πάντας
514 3181 584 3258 τούς
604 3179 715 3264 σοφούς
744 3179 860 3282 πλήρεις
878 3184 929 3247 καί
946 3184 1041 3249 καλοί.
1080 3186 1109 3225 ²³
1122 3184 1207 3248 ἄλλοι
1224 3184 1255 3249 δὲ
1273 3182 1351 3250 ἑπτά

109 3266 210 3351 αῦτής.
236 3271 287 3340 καί
303 3263 466 3349 διηγήσατο
480 3264 583 3340 αὐτοῖς
599 3261 715 3351 Φαραὼ
747 3289 866 3348 σταχυες
884 3265 987 3329 λεπτοὶ
1005 3267 1057 3330 καί
1073 3263 1272 3352 άνεμόφθοροι
1285 3266 1349 3332 ἆνε-

106 3348 146 3418 τό
160 3347 292 3414 ἐνύπνιον
305 3349 410 3427 αῦτοῦ,
420 3339 605 3432 καίοῦκήνό
616 3346 716 3424 ἇπαγ-
747 3342 858 3426 φύοντο
876 3343 1002 3430 ἐχόμενοι
1021 3347 1128 3411 αὐτῶν.
1166 3349 1198 3391 22
1210 3352 1261 3412 καὶ
1278 3377 1348 3415 κατ-

106 3432 222 3514 γελλονν
235 3429 311 3500 αῦτό
324 3438 366 3515 τῷ
383 3428 507 3517 Φαραώ.
525 3433 598 3512 2καί
610 3426 717 3511 ἐλάλη-
748 3430 831 3493 ἔπιον
848 3430 878 3491 οῖ
896 3427 973 3492 ἑπτά
997 3425 1116 3534 στάχυες
1133 3433 1164 3492 οί
1181 3429 1283 3494 λεπτοί
1300 3435 1351 3497 καί

112 3510 194 3582 σενό
210 3511 406 3601 ἀρχιοινοχόος
423 3512 499 3600 πρὸς
514 3507 644 3598 Φαραὼ,
668 3511 717 3576 λέ-
747 3506 947 3619 άνεμόφθοροι
965 3506 1035 3585 τοὺς
1054 3507 1131 3575 επτά
1144 3505 1270 3614 στάχυας
1282 3513 1351 3590 τοὺς

106 3623 177 3678 γιον,
203 3597 257 3685 τήν
273 3595 421 3683 ἁμαρτίαν
434 3624 493 3700 μου
512 3591 716 3678 ἀναμιμνήσκω
746 3590 854 3670 καλοὺς
866 3620 918 3658 και
929 3589 997 3667 τοὺς
1009 3588 1133 3697 πλήρηις.
1147 3592 1216 3658 είπα
1229 3619 1281 3658 ουν
1290 3608 1352 3673 τοῖς

109 3677 241 3767 σήμερον,
255 3685 284 3731 ¹⁰
292 3678 409 3766 Φαραὼ
422 3684 559 3764 ιοργίσθη
573 3688 635 3752 τοῖς
646 3702 717 3740 παι-
748 3679 911 3760 ἐξηγηταῖς,
936 3678 988 3741 καί
1007 3674 1061 3741 οῦκ
1078 3703 1114 3761 ην
1125 3673 1143 3743 ό
1156 3674 1351 3758 άπαγγελλων

110 3768 159 3833 σίν
172 3763 282 3842 αὐτοῦ,
297 3767 350 3829 καί
361 3767 447 3829 ἔθετο
460 3759 536 3847 ἡμᾶς
548 3765 579 3824 ἐν
592 3759 717 3851 φυλακή,
746 3785 796 3842 μοι
809 3756 891 3824 αῦτό.
913 3761 941 3802 22
951 3762 1002 3824 καὶ
1014 3759 1090 3824 εἶπεν
1099 3760 1211 3845 Ἰωσήφ
1224 3768 1267 3844 τῷ
1284 3769 1351 3828 Φα-

109 3852 198 3932 ij
218 3849 291 3930 οἴκῳ
307 3851 361 3912 τοῦ
374 3845 595 3932 άρχιμαγείρου,
621 3845 673 3924 ἐμέ
687 3866 717 3905 τε
747 3837 820 3924 ραιό.
847 3839 882 3905 τό
907 3837 1039 3907 ἐνύπνιον
1066 3842 1181 3926 Φαραὼ
1207 3849 1237 3908 ἕν
1262 3848 1348 3910 ἐστιν.

108 3927 226 3999 καίτόν
244 3927 472 4035 άρχισιτοποιόν.
508 3931 532 3969 ¹¹
545 3928 596 3991 καί
610 3926 718 4009 εἴδομεν
747 3923 803 3992 ὅσα
822 3920 840 3990 ὃ
857 3920 928 4000 θεός
944 3935 1036 4002 ποιεῖ,
1062 3926 1144 4002 aaa&
1163 3930 1207 4009 τῷ
1224 3933 1348 4013 Φαραῷ.

109 4010 243 4081 ἐνύπνιον
268 4009 428 4098 αμφότεραι
447 4017 478 4076 ἐν
497 4012 577 4075 νυκτὶ
592 4013 645 4112 μιᾷ
658 4005 717 4086 ἐγώ
747 4011 777 4052 ²⁶
791 4013 824 4074 αί
842 4007 919 4073 ἑπτὰ
940 4002 1006 4094 βόες
1028 4011 1062 4072 αἶ
1085 4009 1175 4074 καλαί
1199 4009 1276 4076 ἑπτά
1298 4015 1350 4094 ἔτη

109 4101 162 4163 καί
187 4093 294 4173 αὐτὸς,
320 4101 444 4172 ἕκαστος
465 4089 544 4158 κατά
567 4116 603 4158 το
622 4087 716 4157 αὑτοῦ
748 4093 818 4157 ἐστί.
856 4092 908 4155 καί
929 4095 960 4155 oz
978 4090 1055 4157 ἑπτά
1072 4087 1190 4178 στάχυες
1210 4097 1241 4157 οί
1264 4093 1350 4158 καλοί

110 4176 244 4247 ἐνύπνιον
269 4180 384 4261 εἰδομεν.
422 4181 450 4220 22
462 4164 498 4262 ήν
522 4174 553 4239 δὲ
577 4178 637 4240 ἐκεῖ
650 4171 713 4257 μεθ’
746 4171 824 4241 ἑπτά
836 4177 888 4258 έτη
900 4176 972 4240 ἐστί.
997 4171 1033 4239 τό
1047 4170 1179 4241 ἐνύπνιον
1192 4173 1307 4261 Φαραὼ
1320 4181 1350 4240 ἕν

110 4260 192 4348 ἦμιῦν
204 4269 350 4337 νεανίσκος
362 4271 434 4335 παῐς
443 4258 581 4346 Ἐβραῖος
592 4261 648 4323 τοῦ
661 4254 716 4341 ἄρ
747 4261 816 4322 ἐστι.
836 4259 926 4323 22καί.
934 4261 968 4321 αἱ
980 4254 1057 4323 ἑπτά
1069 4255 1135 4345 βόες
1147 4261 1180 4322 αί
1190 4257 1303 4333 λεπταί,
1317 4262 1350 4321 αἱ

110 4354 289 4432 χιμαγείρου,
321 4347 372 4410 καὶ
395 4336 596 4427 διηγησάμεθα
623 4338 715 4422 αὐτῷ,
747 4336 957 4425 ἀναβαίνουσαι
970 4338 1070 4406 ὀπίσω
1082 4339 1196 4415 αὐτῶν,
1210 4336 1286 4403 ἑπτά
1299 4345 1350 4440 ε”τη

110 4430 162 4494 καί
188 4434 344 4518 συνέκρινεν
375 4422 447 4510 ἡμῖν.
484 4426 511 4467 ¹³
529 4419 652 4512 ἐγενήθη
673 4422 715 4502 δὲ,
747 4425 816 4491 ἔστί.
840 4424 892 4490 καί
917 4425 948 4488 οί
969 4417 1045 4490 ἑπτά
1064 4417 1183 4507 στάχυες
1201 4426 1232 4484 οί
1249 4421 1352 4516 λεπτορ

1301 4519 1350 4559 και
