2924 4972
356 255 639 319 AP16M01
675 251 1014 337 κατακείαται.
1249 259 1308 324 175

61 379 158 458 πέραν
173 378 228 438 τοῦ
251 372 421 457 Ἰορδάνου,
450 375 502 436 καί
519 372 574 447 τὰς
592 384 668 458 τρεῖς
700 374 738 438 τὸ
753 374 826 456 αίμα
838 370 892 440 τὸν
909 372 1111 478 φονεύσαντα,
1137 375 1193 441 ούκ
1210 373 1309 462 ἔνοχός

60 454 162 531 πόλεις
179 456 286 522 δώσετε
303 460 335 519 ἐν
352 460 393 546 γῆ
408 450 545 518 Χαναάν.
572 480 667 535 φυγα-
700 459 771 522 ἔστι.
798 458 831 500 ²⁰
842 461 875 523 ίν
885 482 944 543 γαρ
959 462 997 562 τῆ
1009 455 1094 522 πόλει
1107 463 1160 542 τῆς
1171 484 1309 539 καταφυ-

62 542 139 605 δεῖον
152 544 235 604 ἔσται
259 539 362 612 18τοῖς
377 542 451 612 υίσῖς
462 536 600 622 Ἰσραήλ,
619 541 669 602 καί
698 542 752 621 γῆς
765 545 939 604 κατοικείτοο
957 547 1013 614 έως
1026 540 1064 604 ἀν
1074 538 1221 628 ἀποθάνη
1234 538 1252 607 5
1267 545 1310 607 λε-

63 628 108 706 τῷ
125 618 299 707 προςηλύτῳ
312 623 363 685 καί
375 625 418 702 τῷ
430 626 567 726 παροίκῳ
582 624 625 701 τῷ
638 623 669 683 ἐν
700 621 765 703 ρεύς
778 617 795 685 5
807 625 914 704 μέγας,
940 625 992 687 καί
1005 623 1077 705 μετὰ
1090 619 1128 688 τὸ
1141 622 1309 691 ἀποθανεῖν

63 703 141 788 ὑμῖν.
167 708 286 770 ἔσονται
303 707 336 768 αῖ
348 700 447 777 πόλεις
460 728 549 767 αυται
562 708 601 777 είς
613 726 670 783 φυ-
702 702 755 766 τὸν
769 707 847 788 ῖερέα
860 704 913 769 τὸν
924 709 1025 787 με’γαν,
1043 702 1308 792 ίπαναστραφήοε-

63 783 267 870 γαύευτήριον,
285 798 384 866 φυγεῖν
396 791 455 851 ἐκεῖ
464 787 556 850 παντί
568 780 669 849 πατά-
702 807 752 847 ται
765 781 783 847 5
797 783 942 864 φονεύσας
960 792 999 862 είς
1011 788 1066 871 τήν
1077 795 1134 873 γῆν
1147 795 1200 874 τῆς
1213 814 1309 856 κατα-

64 877 147 949 ξαντι
167 868 267 955 ψυχήν
284 867 439 944 ἀκουσίως.
477 866 572 932 1ὅέἀν
589 868 621 932 δὲ
638 870 670 931 ἐν
703 869 826 949 σχέσεως
851 867 956 933 αὐτοῦ.
993 871 1024 913 ²⁹
1037 875 1088 934 καί
1104 878 1189 938 ἔσται
1208 878 1308 938 ταῦτα

65 950 157 1019 σκεύει
170 950 291 1037 σιδήρου
303 952 423 1044 πατάξη
436 949 542 1026 αύτὸν,
559 953 611 1015 καί
623 975 669 1014 τε-
702 945 770 1030 ύμῖν
782 954 820 1022 είς
833 949 979 1032 δικαίωμα
991 957 1129 1036 κρίματος
1142 961 1180 1030 είς
1192 956 1247 1031 τάς
1259 983 1309 1034 γε-

63 1033 189 1128 λευτήοη
196 1082 206 1109 ,
219 1032 359 1121 φονευτής
372 1040 448 1109 ἐστι,
467 1029 595 1117 θανάτῳ
607 1044 671 1097 θα·
702 1028 767 1105 νεάς
789 1028 871 1114 ὑμῶν
893 1034 923 1095 ίν
940 1028 1050 1108 πάσαις
1066 1047 1132 1109 ταῖς
1147 1045 1309 1112 κατοικίαις

63 1114 417 1201 νατούσθωὸφονευτής.
437 1120 464 1160 ¹⁷
474 1117 526 1180 ἐὰν
538 1116 571 1180 δὲ
583 1119 612 1179 ίν
623 1115 670 1180 u-
704 1110 796 1195 ύμοῖν.
836 1115 941 1187 30ποῖς
963 1112 1100 1190 πατάξας
1115 1118 1232 1202 ψυχήν,
1258 1122 1308 1186 διὰ

62 1213 114 1285 θῳ
126 1207 159 1266 ἐκ
171 1199 267 1286 χειρὸς
280 1205 311 1265 ἐν
324 1192 350 1283 ᾧ
363 1198 561 1263 ἀποθανεῖται
575 1203 604 1261 ἐν
617 1195 673 1261 αύ-
703 1190 864 1298 μαρτύρων
881 1191 1027 1276 φονεύσεις
1045 1197 1098 1261 τὸν
1116 1197 1309 1277 φονεύσαντα,

64 1289 109 1365 τῷ
122 1279 241 1372 πατάξη
256 1279 360 1354 αύτὸν,
379 1275 599 1364 καίάποθάνη,
617 1304 674 1357 φο-
704 1281 757 1341 καί
768 1302 880 1363 μαρτυς
895 1277 935 1353 εἷς
952 1276 989 1341 ού
1000 1276 1178 1363 μαρτυρήσει
1191 1283 1241 1343 ίπί
1283 1296 1287 1301 ’

65 1361 165 1447 νευτής
183 1369 262 1435 ίστι,
288 1357 415 1442 θανάτῳ
432 1358 639 1425 θανατούσθοι
657 1356 675 1424 5
705 1359 759 1444 γῆν
771 1360 944 1425 ἀποθανεῖν.
963 1362 990 1403 ³¹
1000 1363 1051 1426 καί
1062 1357 1099 1425 ού
1110 1301 1312 1445 λήφεοθελῖ

67 1441 219 1528 φονευτής.
252 1445 280 1486 ¹⁸
293 1443 346 1508 ε’ἀν
367 1443 399 1507 δὲ
416 1446 447 1507 ἰν
464 1438 553 1507 σκεύει
569 1444 673 1526 ξυλίνῳ
705 1467 764 1528 τρα
774 1446 843 1527 περί
858 1447 956 1549 φυηῆς
973 1440 1059 1530 παρά
1076 1447 1134 1509 τοῦ
1149 1441 1311 1527 φονεύσαν·

68 1533 100 1592 ἐκ
113 1526 252 1612 χειρὸςίξ
269 1516 306 1590 ού
324 1525 523 1591 ἀποθανεῖται
539 1529 571 1591 ἐν
587 1523 672 1610 αύτῷ
703 1551 756 1600 τος
779 1530 838 1592 τοῦ
865 1531 969 1612 ίνοχου
992 1527 1080 1602 ὄντος
1105 1525 1310 1616 ἀναιρεθῆναι,

68 1604 189 1693 πατάξη
202 1605 309 1685 αὐτὸν,
335 1612 386 1674 καί
403 1604 511 1674 ἀποθ’
547 1633 672 1689 ,φονευ-
702 1604 830 1693 θανάτῳ
854 1609 913 1697 γὰρ
931 1606 1190 1694 θανατωθήσεται.
1229 1613 1310 1678 ³²⁰5

71 1689 123 1777 τῆς
136 1684 210 1768 ἐστι,
224 1688 351 1776 θανάτῳ
363 1634 569 1757 θανατσύΐύω
583 1689 601 1756 5
614 1717 671 1774 φο-
702 1688 837 1778 λήφεσθε
860 1693 957 1778 λύτρα
974 1699 1032 1758 τοῦ
1048 1704 1148 1772 φυγεῖν
1165 1699 1204 1769 είς
1221 1695 1310 1762 πόλιν

67 1773 176 1858 νευτής.
202 1770 259 1838 ¹⁹5
273 1770 452 1859 ἀγχιστεύιον
463 1774 499 1840 τὸ
513 1776 599 1857 αίμα,
617 1765 672 1839 ού·
703 1779 763 1839 τῶν
779 1776 1031 1861 φυγαδευτηρίων,
1057 1781 1113 1842 τοῦ
1128 1773 1219 1843 πάλιν
1235 1804 1310 1844 κατ-

66 1885 117 1932 τος
138 1858 293 1923 ἀποκτενεῖ
302 1854 356 1922 τὸν
376 1853 570 1940 φονεύσαντα.
596 1854 671 1922 ὅταν
701 1869 791 1924 οικεῖν
803 1861 854 1923 ίπί
866 1865 917 1944 τῆς
928 1864 992 1942 γῆς,
1016 1863 1071 1935 ἕως
1084 1858 1122 1925 ἀν
1132 1857 1307 1956 ἀποθάνηὸ

68 1939 212 2025 συναντήσ
243 1939 326 2024 αύτῷ
339 1932 437 2016 οὗτος,
451 1939 607 2007 ἀποκτενεῖ
614 1939 671 2006 αὖ·
703 1940 792 2043 ἱερεύς
804 1938 822 2005 5
834 1946 934 2025 μέγας,
951 1942 981 1984 ³³
994 1945 1045 2006 καὶ
1055 1943 1091 2008 ού
1103 1943 1144 2028 μή
1158 1970 1309 2026 φονοκτο-

67 2022 130 2088 τόν.
155 2027 186 2066 ²⁰
198 1969 251 2089 ίίιν
269 2024 302 2087 δὲ
319 2022 353 2088 δι’
370 2027 481 2110 ἔχθραν
492 2023 555 2117 ὤση
566 2019 670 2096 αάτόν,
702 2048 807 2127 νησητε
819 2025 873 2109 τήν
883 2030 939 2110 γῆν
951 2030 990 2100 είς
1004 2022 1039 2109 ῆν
1051 2023 1127 2109 ὑμεῖς
1138 2041 1307 2106 κατοικεῖτε,

67 2108 118 2170 καί
129 2109 269 2215 ἔπιῤῥίφη
286 2104 330 2170 ἐπ’
347 2105 440 2171 αὐτὸν
451 2113 513 2171 πᾶν
525 2107 672 2182 σκεύοςίξ
702 2132 738 2171 το
761 2107 820 2193 γάρ
847 2109 920 2190 αίμα
943 2113 1033 2172 τοῦτο
1058 2124 1233 2211 φονοκτονεῖ
1254 2109 1308 2196 τήν

67 2191 196 2273 ἐνέύρου,
209 2216 260 2254 και
272 2186 432 2280 ἀποθάνη,
454 2192 481 2232 ²¹
495 2188 514 2272 ἢ
527 2190 576 2254 διὰ
588 2194 673 2272 μῆνιν
703 2195 769 2272 γῆν,
795 2192 846 2254 καί
857 2189 911 2254 ούκ
924 2191 1148 2275 ἔξιλασθησεται
1160 2191 1179 2277 ῆ
1191 2199 1231 2294 γῆ
1243 2192 1307 2258 ἀπὸ

67 2269 210 2348 ἐπάταξεν
221 2270 315 2348 αύτὸν
327 2276 365 2362 τῆ
377 2274 461 2357 χειρί,
486 2264 673 2336 καίάποθά-
704 2275 760 2335 τοῦ
777 2277 813 2334 αί
853 2297 904 2347 τος
920 2276 976 2336 τού
993 2277 1168 2356 ἐκχυθέντος
1185 2280 1225 2340 ίπ
1251 2274 1308 2341 αύ-

67 2380 117 2438 νη,
136 2351 263 2437 θανάτῳ
275 2350 483 2420 θανατούσθισ
497 2350 514 2419 5
527 2348 672 2428 πατάξας,
704 2352 802 2435 τῆς,ἀ
836 2351 906 2417 ’ίπί
919 2357 974 2418 τοῦ
987 2360 1114 2437 α’ίματος
1127 2361 1309 2442 τοῡίκχίον-

68 2427 211 2518 φὀνευτής
223 2441 301 2509 ἐστι,
325 2432 453 2518 θανάτῳ
465 2431 673 2501 θανατούσθω
704 2459 765 2507 τος.
789 2436 821 2477 ³⁴
830 2436 881 2497 καί
892 2433 929 2498 ού
941 2448 1067 2516 μιανεῖτε
1079 2438 1133 2539 τήν
1137 2445 1199 2540 1γῆν
1213 2439 1257 2518 ἐφ’
1273 2426 1309 2523 ἧς

68 2521 87 2584 ὁ
114 2511 252 2598 φονεύων.
290 2513 308 2579 5
337 2512 515 2618 ἀγηιστεύων
539 2516 575 2579 τὸ
601 2515 673 2595 αἷμα
705 2528 865 2578 κατοικεῖτε
877 2513 921 2577 ίπ’
937 2514 1042 2599 αὐτῆς,
1071 2522 1107 2596 ἒφ
1131 2546 1164 2619 ης
1182 2519 1309 2594 ἐγώκα-

68 2600 228 2665 ἀποκτενεῖ
241 2596 294 2662 τὸν
307 2623 493 2679 φονευσαντα
506 2602 536 2661 ἐν
549 2602 593 2679 τῷ
606 2620 674 2659 συν-
704 2600 841 2680 τασκηνῶ
867 2599 898 2660 ἐν
915 2592 991 2678 ὑμῖν.
1032 2597 1090 2674 ἐγώ
1106 2626 1165 2686 γαρ
1183 2605 1238 2682 είμι
1255 2599 1309 2666 κύ-

67 2687 196 2765 αντῆσαι
210 2679 303 2763 αύτῷ.
341 2683 371 2722 ²²
383 2679 435 2745 ἒάν
451 2678 483 2745 δὲ
500 2675 622 2756 ἐξάπινα
635 2675 673 2743 ού
704 2704 768 2763 ριος
793 2683 986 2762 κατασκηνῶν
1010 2682 1040 2744 ίν
1054 2685 1138 2768 μέσῳ
1157 2688 1218 2749 τῶν
1234 2687 1309 2750 υῖιάν

66 2766 100 2832 δι’
116 2772 229 2871 ε”ηθραν
242 2763 306 2847 ὤση
320 2761 423 2839 αάτὸν,
438 2760 457 2846 ή
470 2765 611 2854 ίπιόρίφη
624 2760 669 2827 ἀπ’
701 2758 833 2849 Ἰσραήλ.

67 2848 160 2915 αὐτον
171 2853 234 2912 πᾶν
246 2836 346 2952 σκίύοη
359 2824 597 2932 ούκέξὲνέάρου,
616 2844 671 2928 23ῆ
885 2852 1007 2911 xm.
1051 2845 1122 2925 Aq'.

64 2935 156 2998 παντί
168 2934 257 3013 λίθῳ,
274 2936 305 2994 ἐν
318 2958 343 3013 ῳ
358 2929 557 2994 ἀποθανεῖται
570 2931 602 2993 ίν
613 2927 671 2992 αά-
701 2896 758 2994 K
755 2931 788 2992 αῖ
808 2931 980 3033 προςῆλθσν
1000 2937 1031 2995 οῖ
1055 2931 1192 3039 άρηοντες
1213 2934 1306 3018 φυλῆς

64 3021 110 3099 τῳ
125 3014 180 3080 οὐκ
194 3013 291 3089 εἰδὼς,
304 3016 355 3076 καί
367 3016 493 3096 ἐπιπέοη
505 3011 549 3078 ἐπ’
565 3009 669 3084 αύτόν,
703 3016 775 3077 υίών
791 3013 924 3078 Γαλααδ
941 3018 1008 3078 υῖοῦ
1024 3023 1131 3101 Μαχιρ
1150 3020 1217 3080 uzo&
1228 3024 1305 3081 Μα-

64 3101 116 3162 καί
141 3091 301 3188 ἀποθάνη,
326 3093 416 3171 αὐτὸς
439 3086 545 3160 δὲ’σύκ
564 3090 669 3180 ἐχθρὸς
702 3099 794 3179 νασσῆ
807 3099 839 3160 ίκ
852 3101 904 3181 τῆς
916 3098 1009 3182 φυλῆς
1022 3104 1094 3163 υίῶν
1107 3098 1228 3184 Ἰωσήφ,
1253 3098 1304 3165 καί

65 3181 160 3246 αὐτοῦ
185 3169 235 3264 ῆν,
260 3178 328 3244 οὐδὲ
351 3183 444 3262 ζητῶν
469 3182 668 3260 κακοποιῆσαι
701 3175 846 3280 ἐλάλησαν
865 3182 961 3245 ἔναντι
979 3188 1116 3266 Μωυσῆ,
1141 3186 1192 3247 καί
1209 3187 1304 3249 ἔναντι

64 3261 165 3329 αὐτόν.
188 3263 219 3304 ²⁴
230 3263 280 3326 καί
292 3258 410 3346 κρινεῖῆ
425 3258 579 3345 συναγωγή
593 3260 667 3325 ἀνα·
698 3261 839 3347 Ἐλεαζαρ
858 3268 914 3327 τοῦ
933 3268 1041 3349 ἱερέως,
1067 3269 1117 3329 καί
1134 3270 1232 3330 ἔναντι
1244 3272 1304 3331 τῶν

62 3350 155 3429 μέσον
178 3349 233 3408 τοῦ
249 3341 439 3418 πατάξαντος
455 3347 506 3408 καί
521 3343 668 3426 ἀναμίσον
700 3341 851 3429 ἀρχόντων
876 3346 965 3408 σίκονν
988 3352 1123 3430 πατριῶν
1147 3353 1208 3410 ταῖν
1232 3354 1304 3412 υῖῶν

62 3434 121 3493 τοῦ
138 3419 356 3507 ἀγχιστεύοντος
375 3424 411 3487 τὸ
426 3425 512 3504 αίμα,
538 3425 617 3490 κατά
628 3420 668 3488 τά
696 3424 829 3510 Ἰσραλ,
854 3428 932 3489 2καὶ
944 3425 1037 3491 εἶπαν.
1064 3433 1109 3510 τῳ
1121 3436 1212 3512 κυρίῳ
1223 3428 1304 3512 ἡμῶν

61 3516 193 3596 κρίματα
207 3508 313 3569 ταῦτα.
327 3507 355 3546 ²⁵
362 3508 412 3568 καί
425 3506 558 3581 ἐξελεῖται
571 3503 589 3589 ἦ
600 3530 669 3571 συν-
700 3453 861 3573 ἐνετείλατο
880 3504 979 3592 κύριος
995 3507 1162 3574 ἀποδοῦναι
1180 3508 1233 3595 τήν
1248 3517 1302 3595 γῆν

62 3590 168 3674 αγιογή
181 3585 235 3655 τὸν
247 3581 435 3668 φονεύσαντα
448 3585 510 3649 ἀπὸ
520 3593 577 3651 τοῦ
587 3586 669 3670 ἀγχι-
700 3597 751 3675 τῆς
774 3591 967 3677 κληρονομίας
984 3597 1015 3656 ἐν
1032 3589 1132 3679 κλήρῳ
1148 3605 1212 3668 τοῖς
1231 3598 1304 3672 υίοῖς

63 3672 222 3747 στεύοντος
234 3670 273 3735 τὸ
287 3669 376 3753 αίμα,
389 3671 440 3733 καί
453 3666 669 3769 ἀποκαταστή-
697 3670 826 3756 Ἰσραήλ
856 3677 969 3758 καὶτῷ
987 3682 1078 3762 κυρίῳ
1098 3680 1231 3754 συνέταξε
1249 3674 1303 3742 κύ-

64 3785 167 3824 σουσιν
187 3753 280 3821 αὐτὸν
295 3750 312 3836 ή
327 3749 482 3834 συναγωγή
494 3755 533 3825 είς
544 3748 598 3856 τήν
609 3775 668 3813 πο-
701 3779 763 3837 ριος
775 3756 878 3818 δοῦναι
889 3755 942 3840 τήν
951 3759 1143 3845 κληρονομίαν
1149 3762 1304 3827 Σαλπαάδ

63 3844 110 3907 λιν
123 3845 177 3906 τού
190 3834 669 3921 φυγαδευτηρίουαύτοῦ,ουκατ-
700 3839 755 3899 τοῦ
777 3833 905 3914 ἀδελφοῦ
929 3837 1011 3921 ῆμῶν
1032 3854 1097 3916 ταῖς
1117 3842 1302 3932 θυγατράσιν

63 3929 165 4006 ε’φυγε,
202 3922 254 3986 καί
277 3915 444 4001 κατοικήσει
469 3922 529 3982 ἐκεῖ
551 3922 606 3992 ἑίυς
631 3915 669 3980 ἀν
700 3917 805 3984 αύτσῦ.
836 3919 914 3981 ὃκαί
932 3924 1047 3987 ἔσονται
1065 3927 1107 3988 ἑνί
1124 3931 1184 3991 τῶν
1200 3932 1301 4012 φυλῶν

63 4003 209 4087 ἀποθάνη
226 4001 244 4067 5
264 4002 351 4085 ῖερεὺς
363 3998 380 4065 5
393 4005 492 4084 μέγας,
506 3998 540 4065 ὃν
552 4004 667 4105 ἔχρισαν
699 4007 772 4067 υῖῶν
781 3999 905 4086 Ἰσραήλ
916 4016 1054 4080 γυναῖκες.
1071 4009 1123 4071 καί
1134 4007 1298 4097 ἀφαιρεθή-

63 4089 158 4155 αύτὸν
177 4080 222 4171 τίῆ
234 4087 325 4168 ἐλαίῳ
338 4089 382 4169 τῷ
401 4082 485 4169 ἀγίῳ.
522 4086 554 4127 ²⁶
566 4088 617 4148 ίαν
634 4085 666 4150 δὲ
699 4111 780 4153 σεται
794 4082 812 4150 5
824 4084 931 4170 κλῆρος
944 4087 1044 4153 αὐτῶν
1055 4093 1087 4154 ἐκ
1098 4096 1147 4175 τῆς
1155 4099 1298 4179 κατασχί·

62 4169 156 4255 ἐξόδῳ
175 4172 281 4276 ίξελθη
294 4168 312 4232 5
326 4166 467 4249 φονεύσας
480 4168 520 4232 τίι
532 4162 601 4253 ὅρια
613 4173 666 4251 τῆς
698 4195 771 4245 σεως
783 4174 843 4233 τῶν
854 4173 992 4257 πατέρων
1004 4169 1094 4257 ήμῶν,
1116 4180 1167 4242 καί
1178 4203 1293 4263 προςτε·

60 4253 179 4328 πόλεως
196 4260 233 4326 εἰς
251 4275 286 4337 ην
299 4255 461 4331 κατέφυγεν
474 4254 548 4325 ἐκεῖ,
572 4253 602 4294 ²⁷
615 4253 666 4314 καί
698 4249 823 4335 θήσεται
848 4258 887 4328 είς
907 4255 1102 4343 κληρονομίαν
1123 4267 1176 4344 τῆς
1197 4260 1298 4343 φυλῆς,

60 4335 133 4422 εύρη
160 4335 252 4400 αὐτὸν
283 4332 300 4396 5
325 4329 503 4417 ἀγχιστεύων
528 4333 565 4397 τὸ
592 4334 665 4414 αίμα
697 4335 740 4408 οίς
757 4333 794 4398 ἀν
810 4339 951 4411 γίνωνται
968 4354 1106 4417 γυναῖκες,
1131 4344 1182 4403 καί
1200 4345 1300 4407 ἐκτού

60 4410 126 4496 ἐξά)
144 4423 204 4481 τοῖν
222 4414 311 4501 ὁρίων
327 4423 379 4499 τῆς
396 4413 511 4490 πόλεως
527 4440 665 4493 καταφυ-
696 4416 807 4502 κλήρου
820 4425 872 4502 τῆς
881 4421 1075 4506 κληρονομίας
1085 4419 1167 4501 ήμῶν
1177 4421 1298 4506 ἀφαιρε-

57 4509 114 4586 γῆς
127 4499 238 4575 αὐτοῦ,
259 4501 310 4562 καί
322 4499 447 4592 φονεύση
458 4496 476 4561 5
489 4496 664 4582 ἀγχιστεύοον
695 4497 829 4585 θήσεται.
866 4501 949 4566 4ἐίεν
974 4502 1006 4566 δὲ
1028 4504 1146 4581 γίνηται
1163 4499 1182 4584 ῆ
1200 4502 1304 4644 άφεῳη

1239 4605 1257 4644 τ
